{
  "id": "gen9championsvgc2026regma-2580661541",
  "format": "[Gen 9 Champions] VGC 2026 Reg M-A",
  "players": [
    "rohitking",
    "carp1"
  ],
  "log": "|j|\u2606rohitking\n|j|\u2606carp1\n|t:|1775922235\n|gametype|doubles\n|player|p1|rohitking|hilbert-wonderlauncher|1077\n|player|p2|carp1|hilbert|1079\n|gen|9\n|tier|[Gen 9 Champions] VGC 2026 Reg M-A\n|rated|\n|rule|Species Clause: Limit one of each Pok\u00e9mon\n|rule|Item Clause: Limit 1 of each item\n|clearpoke\n|poke|p1|Incineroar, L50, M|\n|poke|p1|Whimsicott, L50, F|\n|poke|p1|Dragonite, L50, M|\n|poke|p1|Blastoise, L50, F|\n|poke|p1|Froslass, L50, F|\n|poke|p1|Pelipper, L50, M|\n|poke|p2|Froslass, L50, F|\n|poke|p2|Glaceon, L50, F|\n|poke|p2|Arcanine, L50, M|\n|poke|p2|Garchomp, L50, F|\n|poke|p2|Whimsicott, L50, M|\n|poke|p2|Rotom-Wash, L50|\n|teampreview|4\n|inactive|Battle timer is ON: inactive players will automatically lose when time's up. (requested by rohitking)\n|\n|t:|1775922261\n|teamsize|p1|4\n|teamsize|p2|4\n|start\n|switch|p1a: Blastoise|Blastoise, L50, F|100/100\n|switch|p1b: Incineroar|Incineroar, L50, M|100/100\n|switch|p2a: Rotom|Rotom-Wash, L50|100/100\n|switch|p2b: Froslass|Froslass, L50, F|100/100\n|-ability|p1b: Incineroar|Intimidate|boost\n|-unboost|p2a: Rotom|atk|1\n|-unboost|p2b: Froslass|atk|1\n|turn|1\n|\n|t:|1775922283\n|detailschange|p2b: Froslass|Froslass-Mega, L50, F\n|-mega|p2b: Froslass|Froslass|Froslassite\n|-weather|Snowscape|[from] ability: Snow Warning|[of] p2b: Froslass\n|move|p1a: Blastoise|Protect|p1a: Blastoise\n|-singleturn|p1a: Blastoise|Protect\n|move|p1b: Incineroar|Fake Out|p2a: Rotom\n|-damage|p2a: Rotom|90/100\n|move|p2b: Froslass|Aurora Veil|p2b: Froslass\n|-sidestart|p2: carp1|move: Aurora Veil\n|cant|p2a: Rotom|flinch\n|\n|-weather|Snowscape|[upkeep]\n|upkeep\n|turn|2\n|\n|t:|1775922299\n|switch|p1b: Pelipper|Pelipper, L50, M|100/100\n|-weather|RainDance|[from] ability: Drizzle|[of] p1b: Pelipper\n|detailschange|p1a: Blastoise|Blastoise-Mega, L50, F\n|-mega|p1a: Blastoise|Blastoise|Blastoisinite\n|move|p2b: Froslass|Blizzard|p1b: Pelipper|[spread] p1b\n|-miss|p2b: Froslass|p1a: Blastoise\n|-crit|p1b: Pelipper\n|-damage|p1b: Pelipper|18/100\n|move|p2a: Rotom|Hydro Pump|p1b: Pelipper\n|-resisted|p1b: Pelipper|1\n|-crit|p1b: Pelipper\n|-damage|p1b: Pelipper|0 fnt\n|faint|p1b: Pelipper\n|move|p1a: Blastoise|Water Spout|p2b: Froslass|[spread] p2a,p2b\n|-resisted|p2a: Rotom|1\n|-damage|p2a: Rotom|53/100\n|-damage|p2b: Froslass|18/100\n|\n|-weather|RainDance|[upkeep]\n|upkeep\n|\n|t:|1775922318\n|switch|p1b: Whimsicott|Whimsicott, L50, F|100/100\n|turn|3\n|\n|t:|1775922327\n|move|p2b: Froslass|Protect|p2b: Froslass\n|-singleturn|p2b: Froslass|Protect\n|move|p1b: Whimsicott|Tailwind|p1b: Whimsicott\n|-sidestart|p1: rohitking|move: Tailwind\n|move|p1a: Blastoise|Water Spout|p2b: Froslass|[spread] p2a\n|-activate|p2b: Froslass|move: Protect\n|-resisted|p2a: Rotom|1\n|-damage|p2a: Rotom|21/100\n|-enditem|p2a: Rotom|Sitrus Berry|[eat]\n|-heal|p2a: Rotom|46/100|[from] item: Sitrus Berry\n|move|p2a: Rotom|Volt Switch|p1a: Blastoise\n|-supereffective|p1a: Blastoise|1\n|-damage|p1a: Blastoise|38/100\n|\n|t:|1775922342\n|switch|p2a: Glaceon|Glaceon, L50, F|100/100|[from] Volt Switch\n|\n|-weather|RainDance|[upkeep]\n|upkeep\n|turn|4\n|inactive|carp1 has 30 seconds left.\n|\n|t:|1775922375\n|switch|p2b: Rotom|Rotom-Wash, L50|46/100\n|move|p1b: Whimsicott|Encore||[still]\n|-fail|p1b: Whimsicott\n|move|p1a: Blastoise|Dragon Pulse|p2b: Rotom\n|-damage|p2b: Rotom|11/100\n|move|p2a: Glaceon|Weather Ball|p1b: Whimsicott\n|-resisted|p1b: Whimsicott|1\n|-damage|p1b: Whimsicott|53/100\n|\n|-weather|RainDance|[upkeep]\n|upkeep\n|turn|5\n|\n|t:|1775922397\n|switch|p2b: Froslass|Froslass-Mega, L50, F|18/100\n|-weather|Snowscape|[from] ability: Snow Warning|[of] p2b: Froslass\n|move|p1b: Whimsicott|Dazzling Gleam|p2a: Glaceon|[spread] p2a,p2b\n|-crit|p2a: Glaceon\n|-damage|p2a: Glaceon|63/100\n|-damage|p2b: Froslass|0 fnt\n|faint|p2b: Froslass\n|move|p1a: Blastoise|Dragon Pulse|p2a: Glaceon\n|-damage|p2a: Glaceon|27/100\n|move|p2a: Glaceon|Blizzard|p1b: Whimsicott|[spread] p1a,p1b\n|-resisted|p1a: Blastoise|1\n|-supereffective|p1b: Whimsicott|1\n|-damage|p1a: Blastoise|12/100\n|-damage|p1b: Whimsicott|0 fnt\n|faint|p1b: Whimsicott\n|\n|-weather|Snowscape|[upkeep]\n|-sideend|p2: carp1|move: Aurora Veil\n|upkeep\n|\n|t:|1775922411\n|switch|p2b: Rotom|Rotom-Wash, L50|11/100\n|switch|p1b: Incineroar|Incineroar, L50, M|100/100\n|-ability|p1b: Incineroar|Intimidate|boost\n|-unboost|p2a: Glaceon|atk|1\n|-unboost|p2b: Rotom|atk|1\n|turn|6\n|\n|t:|1775922422\n|move|p2b: Rotom|Protect|p2b: Rotom\n|-singleturn|p2b: Rotom|Protect\n|move|p2a: Glaceon|Detect|p2a: Glaceon\n|-singleturn|p2a: Glaceon|Protect\n|move|p1b: Incineroar|Fake Out|p2a: Glaceon\n|-activate|p2a: Glaceon|move: Protect\n|move|p1a: Blastoise|Dragon Pulse|p2b: Rotom\n|-activate|p2b: Rotom|move: Protect\n|\n|-weather|Snowscape|[upkeep]\n|-sideend|p1: rohitking|move: Tailwind\n|upkeep\n|turn|7\n|\n|t:|1775922438\n|move|p2b: Rotom|Hydro Pump|p1b: Incineroar|[miss]\n|-miss|p2b: Rotom|p1b: Incineroar\n|move|p1a: Blastoise|Dragon Pulse|p2a: Glaceon\n|-damage|p2a: Glaceon|0 fnt\n|faint|p2a: Glaceon\n|move|p1b: Incineroar|Darkest Lariat|p2b: Rotom\n|-damage|p2b: Rotom|0 fnt\n|faint|p2b: Rotom\n|\n|-weather|Snowscape|[upkeep]\n|upkeep\n|\n|t:|1775922444\n|switch|p2b: Garchomp|Garchomp, L50, F|100/100\n|turn|8\n|\n|t:|1775922458\n|move|p2b: Garchomp|Earthquake|p1a: Blastoise|[spread] p1a,p1b\n|-supereffective|p1b: Incineroar|1\n|-enditem|p1b: Incineroar|Shuca Berry|[eat]\n|-enditem|p1b: Incineroar|Shuca Berry|[weaken]\n|-damage|p1a: Blastoise|0 fnt\n|-damage|p1b: Incineroar|62/100\n|faint|p1a: Blastoise\n|move|p1b: Incineroar|Darkest Lariat|p2b: Garchomp\n|-damage|p2b: Garchomp|69/100\n|-damage|p1b: Incineroar|49/100|[from] ability: Rough Skin|[of] p2b: Garchomp\n|\n|-weather|Snowscape|[upkeep]\n|upkeep\n|turn|9\n|inactive|carp1 has 30 seconds left.\n|\n|t:|1775922488\n|move|p2b: Garchomp|Earthquake|p1b: Incineroar\n|-supereffective|p1b: Incineroar|1\n|-damage|p1b: Incineroar|0 fnt\n|faint|p1b: Incineroar\n|\n|win|carp1\n|raw|rohitking's rating: 1077 &rarr; <strong>1056</strong><br />(-21 for losing)\n|raw|carp1's rating: 1079 &rarr; <strong>1107</strong><br />(+28 for winning)\n|l|\u2606rohitking\n|player|p1|\n",
  "uploadtime": 1775922493,
  "views": 10,
  "formatid": "gen9championsvgc2026regma",
  "rating": 1056,
  "private": 0,
  "password": null
}