{
  "id": "gen9championsvgc2026regma-2586203334",
  "format": "[Gen 9 Champions] VGC 2026 Reg M-A",
  "players": [
    "Tamejo",
    "Virone"
  ],
  "log": "|j|\u2606Tamejo\n|j|\u2606Virone\n|t:|1776411963\n|gametype|doubles\n|player|p1|Tamejo|caitlin|1184\n|player|p2|Virone|veteranf|1179\n|gen|9\n|tier|[Gen 9 Champions] VGC 2026 Reg M-A\n|rated|\n|rule|Species Clause: Limit one of each Pok\u00e9mon\n|rule|Item Clause: Limit 1 of each item\n|clearpoke\n|poke|p1|Dragapult, L50, M|\n|poke|p1|Corviknight, L50, M|\n|poke|p1|Sylveon, L50, F|\n|poke|p1|Whimsicott, L50, F|\n|poke|p1|Glimmora, L50, M|\n|poke|p1|Incineroar, L50, M|\n|poke|p2|Scovillain, L50, M|\n|poke|p2|Dragapult, L50, F|\n|poke|p2|Runerigus, L50, M|\n|poke|p2|Garganacl, L50, M|\n|poke|p2|Bellibolt, L50, F|\n|poke|p2|Kommo-o, L50, M|\n|teampreview|4\n|\n|t:|1776412022\n|teamsize|p1|4\n|teamsize|p2|4\n|start\n|switch|p1a: Whimsicott|Whimsicott, L50, F|100/100\n|switch|p1b: Sylveon|Sylveon, L50, F|100/100\n|switch|p2a: Scovillain|Scovillain, L50, M|100/100\n|switch|p2b: Bellibolt|Bellibolt, L50, F|100/100\n|turn|1\n|\n|t:|1776412037\n|detailschange|p2a: Scovillain|Scovillain-Mega, L50, M\n|-mega|p2a: Scovillain|Scovillain|Scovillainite\n|move|p1a: Whimsicott|Tailwind|p1a: Whimsicott\n|-sidestart|p1: Tamejo|move: Tailwind\n|move|p1b: Sylveon|Calm Mind|p1b: Sylveon\n|-boost|p1b: Sylveon|spa|1\n|-boost|p1b: Sylveon|spd|1\n|move|p2a: Scovillain|Flamethrower|p1a: Whimsicott\n|-supereffective|p1a: Whimsicott|1\n|-enditem|p1a: Whimsicott|Focus Sash\n|-damage|p1a: Whimsicott|1/100\n|-status|p1a: Whimsicott|brn\n|move|p2b: Bellibolt|Soak|p1b: Sylveon\n|-start|p1b: Sylveon|typechange|Water\n|\n|-damage|p1a: Whimsicott|0 fnt|[from] brn\n|faint|p1a: Whimsicott\n|upkeep\n|\n|t:|1776412048\n|switch|p1a: Glimmora|Glimmora, L50, M|100/100\n|turn|2\n|\n|t:|1776412061\n|detailschange|p1a: Glimmora|Glimmora-Mega, L50, M\n|-mega|p1a: Glimmora|Glimmora|Glimmoranite\n|move|p1a: Glimmora|Sludge Bomb|p2a: Scovillain\n|-supereffective|p2a: Scovillain|1\n|-damage|p2a: Scovillain|0 fnt\n|-status|p1a: Glimmora|brn|[from] ability: Spicy Spray|[of] p2a: Scovillain\n|faint|p2a: Scovillain\n|move|p1b: Sylveon|Hyper Voice|p2b: Bellibolt\n|-damage|p2b: Bellibolt|60/100\n|-start|p2b: Bellibolt|Charge|Hyper Voice|[from] ability: Electromorphosis\n|move|p2b: Bellibolt|Parabolic Charge|p1b: Sylveon|[spread] p1a,p1b\n|-supereffective|p1b: Sylveon|1\n|-damage|p1a: Glimmora|60/100 brn\n|-heal|p2b: Bellibolt|75/100|[from] drain|[of] p1a: Glimmora\n|-damage|p1b: Sylveon|66/100\n|-heal|p2b: Bellibolt|90/100|[from] drain|[of] p1b: Sylveon\n|-end|p2b: Bellibolt|Charge|[silent]\n|\n|-heal|p1b: Sylveon|72/100|[from] item: Leftovers\n|-damage|p1a: Glimmora|54/100 brn|[from] brn\n|upkeep\n|\n|t:|1776412072\n|switch|p2a: Garganacl|Garganacl, L50, M|100/100\n|turn|3\n|\n|t:|1776412084\n|move|p2a: Garganacl|Wide Guard|p2a: Garganacl\n|-singleturn|p2a: Garganacl|Wide Guard\n|move|p1a: Glimmora|Earth Power|p2b: Bellibolt\n|-supereffective|p2b: Bellibolt|1\n|-enditem|p2b: Bellibolt|Shuca Berry|[eat]\n|-enditem|p2b: Bellibolt|Shuca Berry|[weaken]\n|-damage|p2b: Bellibolt|62/100\n|-start|p2b: Bellibolt|Charge|Earth Power|[from] ability: Electromorphosis\n|move|p1b: Sylveon|Hyper Voice|p2a: Garganacl|[spread] \n|-activate|p2a: Garganacl|move: Wide Guard\n|-activate|p2b: Bellibolt|move: Wide Guard\n|move|p2b: Bellibolt|Parabolic Charge|p1a: Glimmora|[spread] p1a,p1b\n|-activate|p2a: Garganacl|move: Wide Guard\n|-supereffective|p1b: Sylveon|1\n|-damage|p1a: Glimmora|12/100 brn\n|-heal|p2b: Bellibolt|77/100|[from] drain|[of] p1a: Glimmora\n|-damage|p1b: Sylveon|38/100\n|-heal|p2b: Bellibolt|93/100|[from] drain|[of] p1b: Sylveon\n|-end|p2b: Bellibolt|Charge|[silent]\n|\n|-heal|p1b: Sylveon|44/100|[from] item: Leftovers\n|-damage|p1a: Glimmora|6/100 brn|[from] brn\n|upkeep\n|turn|4\n|\n|t:|1776412102\n|move|p2b: Bellibolt|Protect|p2b: Bellibolt\n|-singleturn|p2b: Bellibolt|Protect\n|move|p1a: Glimmora|Earth Power|p2a: Garganacl\n|-supereffective|p2a: Garganacl|1\n|-damage|p2a: Garganacl|48/100\n|-enditem|p2a: Garganacl|Sitrus Berry|[eat]\n|-heal|p2a: Garganacl|73/100|[from] item: Sitrus Berry\n|move|p1b: Sylveon|Calm Mind|p1b: Sylveon\n|-boost|p1b: Sylveon|spa|1\n|-boost|p1b: Sylveon|spd|1\n|move|p2a: Garganacl|Salt Cure|p1b: Sylveon\n|-damage|p1b: Sylveon|29/100\n|-start|p1b: Sylveon|Salt Cure\n|\n|-heal|p1b: Sylveon|35/100|[from] item: Leftovers\n|-damage|p1a: Glimmora|0 fnt|[from] brn\n|faint|p1a: Glimmora\n|-damage|p1b: Sylveon|23/100|[from] Salt Cure\n|-sideend|p1: Tamejo|move: Tailwind\n|upkeep\n|\n|t:|1776412107\n|switch|p1a: Dragapult|Dragapult, L50, M|100/100\n|turn|5\n|\n|t:|1776412127\n|move|p2a: Garganacl|Wide Guard|p2a: Garganacl\n|-singleturn|p2a: Garganacl|Wide Guard\n|move|p1a: Dragapult|Dragon Darts|p2a: Garganacl\n|-damage|p2a: Garganacl|57/100\n|-anim|p1a: Dragapult|Dragon Darts|p2b: Bellibolt\n|-damage|p2b: Bellibolt|73/100\n|-start|p2b: Bellibolt|Charge|Dragon Darts|[from] ability: Electromorphosis\n|move|p1b: Sylveon|Mystical Fire|p2b: Bellibolt\n|-damage|p2b: Bellibolt|39/100\n|-unboost|p2b: Bellibolt|spa|1\n|-start|p2b: Bellibolt|Charge|Mystical Fire|[from] ability: Electromorphosis\n|move|p2b: Bellibolt|Thunderbolt|p1b: Sylveon\n|-supereffective|p1b: Sylveon|1\n|-damage|p1b: Sylveon|0 fnt\n|faint|p1b: Sylveon\n|-end|p2b: Bellibolt|Charge|[silent]\n|\n|upkeep\n|turn|6\n|\n|t:|1776412140\n|move|p1a: Dragapult|Dragon Darts|p2b: Bellibolt\n|-damage|p2b: Bellibolt|19/100\n|-start|p2b: Bellibolt|Charge|Dragon Darts|[from] ability: Electromorphosis\n|-anim|p1a: Dragapult|Dragon Darts|p2a: Garganacl\n|-damage|p2a: Garganacl|39/100\n|move|p2b: Bellibolt|Soak|p1a: Dragapult\n|-start|p1a: Dragapult|typechange|Water\n|move|p2a: Garganacl|Salt Cure|p1a: Dragapult\n|-crit|p1a: Dragapult\n|-damage|p1a: Dragapult|69/100\n|-start|p1a: Dragapult|Salt Cure\n|\n|-damage|p1a: Dragapult|56/100|[from] Salt Cure\n|upkeep\n|turn|7\n|\n|t:|1776412179\n|move|p1a: Dragapult|Dragon Darts|p2b: Bellibolt\n|-damage|p2b: Bellibolt|7/100\n|-start|p2b: Bellibolt|Charge|Dragon Darts|[from] ability: Electromorphosis\n|-anim|p1a: Dragapult|Dragon Darts|p2a: Garganacl\n|-damage|p2a: Garganacl|29/100\n|move|p2b: Bellibolt|Thunderbolt|p1a: Dragapult\n|-supereffective|p1a: Dragapult|1\n|-damage|p1a: Dragapult|0 fnt\n|faint|p1a: Dragapult\n|-end|p2b: Bellibolt|Charge|[silent]\n|\n|win|Virone\n|raw|Tamejo's rating: 1213 &rarr; <strong>1186</strong><br />(-27 for losing)\n|raw|Virone's rating: 1179 &rarr; <strong>1206</strong><br />(+27 for winning)\n|l|\u2606Tamejo\n|player|p1|\n",
  "uploadtime": 1776412186,
  "views": 17,
  "formatid": "gen9championsvgc2026regma",
  "rating": 1186,
  "private": 0,
  "password": null
}