{
  "id": "gen9championsvgc2026regma-2581481764",
  "format": "[Gen 9 Champions] VGC 2026 Reg M-A",
  "players": [
    "ArKaneVGC",
    "TheGovernmentSquid"
  ],
  "log": "|j|\u2606ArKaneVGC\n|j|\u2606TheGovernmentSquid\n|t:|1776004533\n|gametype|doubles\n|player|p1|ArKaneVGC|#smogonxnpa2025draftee|\n|player|p2|TheGovernmentSquid|rosa|\n|gen|9\n|tier|[Gen 9 Champions] VGC 2026 Reg M-A\n|rated|Tournament battle\n|rule|Species Clause: Limit one of each Pok\u00e9mon\n|rule|Item Clause: Limit 1 of each item\n|clearpoke\n|poke|p1|Palafin, L50, F|\n|poke|p1|Incineroar, L50, F|\n|poke|p1|Gengar, L50, M|\n|poke|p1|Sinistcha, L50|\n|poke|p1|Ninetales-Alola, L50, M|\n|poke|p1|Kommo-o, L50, M|\n|poke|p2|Froslass, L50, F|\n|poke|p2|Ninetales-Alola, L50, F|\n|poke|p2|Rotom-Frost, L50|\n|poke|p2|Greninja-*, L50, F|\n|poke|p2|Incineroar, L50, F|\n|poke|p2|Sneasler, L50, M|\n|teampreview|4\n|inactive|Battle timer is ON: inactive players will automatically lose when time's up. (requested by ArKaneVGC)\n|j| shadow of the tag\n|inactive|TheGovernmentSquid has 60 seconds left.\n|\n|t:|1776004572\n|teamsize|p1|4\n|teamsize|p2|4\n|start\n|switch|p1a: Gengar|Gengar, L50, M|100/100\n|switch|p1b: Palafin|Palafin, L50, F|100/100\n|switch|p2a: Greninja|Greninja, L50, F|100/100\n|switch|p2b: Incineroar|Incineroar, L50, F|100/100\n|-ability|p2b: Incineroar|Intimidate|boost\n|-unboost|p1a: Gengar|atk|1\n|-unboost|p1b: Palafin|atk|1\n|turn|1\n|l| shadow of the tag\n|inactive|TheGovernmentSquid has 30 seconds left.\n|\n|t:|1776004604\n|detailschange|p1b: Palafin|Palafin-Hero, L50, F\n|switch|p1b: Incineroar|Incineroar, L50, F|100/100\n|-ability|p1b: Incineroar|Intimidate|boost\n|-unboost|p2a: Greninja|atk|1\n|-unboost|p2b: Incineroar|atk|1\n|detailschange|p2a: Greninja|Greninja-Mega, L50, F\n|-mega|p2a: Greninja|Greninja|Greninjite\n|detailschange|p1a: Gengar|Gengar-Mega, L50, M\n|-mega|p1a: Gengar|Gengar|Gengarite\n|move|p1a: Gengar|Protect|p1a: Gengar\n|-singleturn|p1a: Gengar|Protect\n|move|p2b: Incineroar|Fake Out|p1b: Incineroar\n|-damage|p1b: Incineroar|95/100\n|move|p2a: Greninja|Dark Pulse|p1a: Gengar\n|-start|p2a: Greninja|typechange|Dark|[from] ability: Protean\n|-activate|p1a: Gengar|move: Protect\n|\n|upkeep\n|turn|2\n|\n|t:|1776004625\n|move|p2a: Greninja|Protect|p2a: Greninja\n|-singleturn|p2a: Greninja|Protect\n|move|p1b: Incineroar|Fake Out|p2a: Greninja\n|-activate|p2a: Greninja|move: Protect\n|move|p1a: Gengar|Perish Song|p1a: Gengar\n|-start|p1a: Gengar|perish3|[silent]\n|-start|p1b: Incineroar|perish3|[silent]\n|-start|p2a: Greninja|perish3|[silent]\n|-start|p2b: Incineroar|perish3|[silent]\n|-fieldactivate|move: Perish Song\n|move|p2b: Incineroar|Parting Shot|p1b: Incineroar\n|-unboost|p1b: Incineroar|atk|1\n|-unboost|p1b: Incineroar|spa|1\n|\n|t:|1776004637\n|switch|p2b: Rotom|Rotom-Frost, L50|100/100|[from] Parting Shot\n|\n|-start|p2a: Greninja|perish3\n|-start|p1a: Gengar|perish3\n|-start|p1b: Incineroar|perish3\n|upkeep\n|turn|3\n|\n|t:|1776004651\n|move|p1a: Gengar|Protect|p1a: Gengar\n|-singleturn|p1a: Gengar|Protect\n|move|p1b: Incineroar|Protect|p1b: Incineroar\n|-singleturn|p1b: Incineroar|Protect\n|move|p2b: Rotom|Trick|p1b: Incineroar\n|-activate|p1b: Incineroar|move: Protect\n|move|p2a: Greninja|Dark Pulse|p1a: Gengar\n|-activate|p1a: Gengar|move: Protect\n|\n|-start|p2a: Greninja|perish2\n|-start|p1a: Gengar|perish2\n|-start|p1b: Incineroar|perish2\n|upkeep\n|turn|4\n|\n|t:|1776004664\n|switch|p1a: Palafin|Palafin-Hero, L50, F|100/100\n|-activate|p1a: Palafin|ability: Zero to Hero\n|move|p2b: Rotom|Trick|p1b: Incineroar\n|-activate|p2b: Rotom|move: Trick|[of] p1b: Incineroar\n|-item|p1b: Incineroar|Choice Scarf|[from] move: Trick\n|-item|p2b: Rotom|Sitrus Berry|[from] move: Trick\n|move|p2a: Greninja|Dark Pulse|p1a: Palafin\n|-damage|p1a: Palafin|62/100\n|move|p1b: Incineroar|Parting Shot|p2b: Rotom\n|-unboost|p2b: Rotom|atk|1\n|-unboost|p2b: Rotom|spa|1\n|j| LamXYZ\n|j| felipesol2\n|\n|t:|1776004676\n|switch|p1b: Gengar|Gengar-Mega, L50, M|100/100|[from] Parting Shot\n|\n|-start|p2a: Greninja|perish1\n|upkeep\n|turn|5\n|l| felipesol2\n|\n|t:|1776004687\n|move|p1b: Gengar|Protect|p1b: Gengar\n|-singleturn|p1b: Gengar|Protect\n|move|p1a: Palafin|Protect|p1a: Palafin\n|-singleturn|p1a: Palafin|Protect\n|move|p2a: Greninja|Dark Pulse|p1a: Palafin\n|-activate|p1a: Palafin|move: Protect\n|move|p2b: Rotom|Volt Switch|p1a: Palafin\n|-activate|p1a: Palafin|move: Protect\n|\n|-start|p2a: Greninja|perish0\n|faint|p2a: Greninja\n|upkeep\n|\n|t:|1776004693\n|switch|p2a: Ninetales|Ninetales-Alola, L50, F|100/100\n|-weather|Snowscape|[from] ability: Snow Warning|[of] p2a: Ninetales\n|turn|6\n|j| coolguy58213\n|\n|t:|1776004712\n|switch|p1a: Incineroar|Incineroar, L50, F|95/100\n|-ability|p1a: Incineroar|Intimidate|boost\n|-unboost|p2a: Ninetales|atk|1\n|-unboost|p2b: Rotom|atk|1\n|move|p1b: Gengar|Perish Song|p1b: Gengar\n|-start|p1a: Incineroar|perish3|[silent]\n|-start|p1b: Gengar|perish3|[silent]\n|-start|p2a: Ninetales|perish3|[silent]\n|-start|p2b: Rotom|perish3|[silent]\n|-fieldactivate|move: Perish Song\n|move|p2a: Ninetales|Freeze-Dry|p1a: Incineroar\n|-resisted|p1a: Incineroar|1\n|-damage|p1a: Incineroar|83/100\n|move|p2b: Rotom|Volt Switch|p1b: Gengar\n|-damage|p1b: Gengar|75/100\n|\n|t:|1776004723\n|switch|p2b: Incineroar|Incineroar, L50, F|100/100|[from] Volt Switch\n|-ability|p2b: Incineroar|Intimidate|boost\n|-unboost|p1a: Incineroar|atk|1\n|-unboost|p1b: Gengar|atk|1\n|\n|-weather|Snowscape|[upkeep]\n|-start|p1b: Gengar|perish3\n|-start|p2a: Ninetales|perish3\n|-start|p1a: Incineroar|perish3\n|upkeep\n|turn|7\n|\n|t:|1776004731\n|move|p1b: Gengar|Protect|p1b: Gengar\n|-singleturn|p1b: Gengar|Protect\n|move|p2b: Incineroar|Fake Out|p1a: Incineroar\n|-damage|p1a: Incineroar|76/100\n|move|p2a: Ninetales|Aurora Veil|p2a: Ninetales\n|-sidestart|p2: TheGovernmentSquid|move: Aurora Veil\n|cant|p1a: Incineroar|flinch\n|\n|-weather|Snowscape|[upkeep]\n|-start|p1b: Gengar|perish2\n|-start|p2a: Ninetales|perish2\n|-start|p1a: Incineroar|perish2\n|upkeep\n|turn|8\n|\n|t:|1776004740\n|switch|p1b: Sinistcha|Sinistcha, L50|100/100\n|-heal|p1a: Incineroar|100/100|[from] ability: Hospitality|[of] p1b: Sinistcha\n|move|p2a: Ninetales|Blizzard|p1b: Sinistcha|[spread] p1a,p1b\n|-resisted|p1a: Incineroar|1\n|-crit|p1a: Incineroar\n|-supereffective|p1b: Sinistcha|1\n|-damage|p1a: Incineroar|81/100\n|-damage|p1b: Sinistcha|48/100\n|move|p1a: Incineroar|Parting Shot|p2b: Incineroar\n|-unboost|p2b: Incineroar|atk|1\n|-unboost|p2b: Incineroar|spa|1\n|\n|t:|1776004749\n|switch|p1a: Gengar|Gengar-Mega, L50, M|75/100|[from] Parting Shot\n|move|p2b: Incineroar|Flare Blitz|p1b: Sinistcha\n|-supereffective|p1b: Sinistcha|1\n|-damage|p1b: Sinistcha|0 fnt\n|faint|p1b: Sinistcha\n|-damage|p2b: Incineroar|86/100|[from] Recoil\n|\n|-weather|Snowscape|[upkeep]\n|-start|p2a: Ninetales|perish1\n|upkeep\n|\n|t:|1776004767\n|switch|p1b: Palafin|Palafin-Hero, L50, F|62/100\n|turn|9\n|\n|t:|1776004775\n|move|p1a: Gengar|Protect|p1a: Gengar\n|-singleturn|p1a: Gengar|Protect\n|move|p1b: Palafin|Protect|p1b: Palafin\n|-singleturn|p1b: Palafin|Protect\n|move|p2a: Ninetales|Aurora Veil||[still]\n|-fail|p2a: Ninetales\n|move|p2b: Incineroar|Parting Shot|p1b: Palafin\n|-activate|p1b: Palafin|move: Protect\n|\n|-weather|Snowscape|[upkeep]\n|-start|p2a: Ninetales|perish0\n|faint|p2a: Ninetales\n|upkeep\n|\n|t:|1776004780\n|switch|p2a: Rotom|Rotom-Frost, L50|100/100\n|turn|10\n|\n|t:|1776004792\n|switch|p1b: Incineroar|Incineroar, L50, F|81/100\n|-ability|p1b: Incineroar|Intimidate|boost\n|-unboost|p2a: Rotom|atk|1\n|-unboost|p2b: Incineroar|atk|1\n|move|p1a: Gengar|Perish Song|p1a: Gengar\n|-start|p1a: Gengar|perish3|[silent]\n|-start|p1b: Incineroar|perish3|[silent]\n|-start|p2a: Rotom|perish3|[silent]\n|-start|p2b: Incineroar|perish3|[silent]\n|-fieldactivate|move: Perish Song\n|move|p2a: Rotom|Thunderbolt|p1b: Incineroar\n|-damage|p1b: Incineroar|47/100\n|move|p2b: Incineroar|Flare Blitz|p1a: Gengar\n|-damage|p1a: Gengar|46/100\n|-damage|p2b: Incineroar|79/100|[from] Recoil\n|\n|-weather|none\n|-start|p1a: Gengar|perish3\n|-start|p2a: Rotom|perish3\n|-start|p1b: Incineroar|perish3\n|-start|p2b: Incineroar|perish3\n|upkeep\n|turn|11\n|\n|t:|1776004806\n|move|p1a: Gengar|Protect|p1a: Gengar\n|-singleturn|p1a: Gengar|Protect\n|move|p1b: Incineroar|Protect|p1b: Incineroar\n|-singleturn|p1b: Incineroar|Protect\n|move|p2a: Rotom|Thunderbolt|p1b: Incineroar\n|-activate|p1b: Incineroar|move: Protect\n|move|p2b: Incineroar|Flare Blitz|p1a: Gengar\n|-activate|p1a: Gengar|move: Protect\n|\n|-start|p1a: Gengar|perish2\n|-start|p2a: Rotom|perish2\n|-start|p1b: Incineroar|perish2\n|-start|p2b: Incineroar|perish2\n|-sideend|p2: TheGovernmentSquid|move: Aurora Veil\n|upkeep\n|turn|12\n|\n|t:|1776004811\n|move|p1a: Gengar|Protect||[still]\n|-fail|p1a: Gengar\n|move|p1b: Incineroar|Protect|p1b: Incineroar\n|-singleturn|p1b: Incineroar|Protect\n|move|p2a: Rotom|Thunderbolt|p1a: Gengar\n|-crit|p1a: Gengar\n|-damage|p1a: Gengar|0 fnt\n|faint|p1a: Gengar\n|move|p2b: Incineroar|Flare Blitz|p1b: Incineroar\n|-activate|p1b: Incineroar|move: Protect\n|\n|-start|p2a: Rotom|perish1\n|-start|p1b: Incineroar|perish1\n|-start|p2b: Incineroar|perish1\n|upkeep\n|\n|t:|1776004812\n|switch|p1a: Palafin|Palafin-Hero, L50, F|62/100\n|turn|13\n|\n|t:|1776004819\n|move|p1a: Palafin|Protect|p1a: Palafin\n|-singleturn|p1a: Palafin|Protect\n|move|p1b: Incineroar|Protect||[still]\n|-fail|p1b: Incineroar\n|move|p2a: Rotom|Thunderbolt|p1a: Palafin\n|-activate|p1a: Palafin|move: Protect\n|move|p2b: Incineroar|Flare Blitz|p1b: Incineroar\n|-resisted|p1b: Incineroar|1\n|-damage|p1b: Incineroar|37/100\n|-damage|p2b: Incineroar|76/100|[from] Recoil\n|\n|-start|p2a: Rotom|perish0\n|-start|p1b: Incineroar|perish0\n|-start|p2b: Incineroar|perish0\n|faint|p2a: Rotom\n|faint|p1b: Incineroar\n|faint|p2b: Incineroar\n|\n|win|ArKaneVGC\n|n|\u2606ArKaneVGC|arkanevgc\n|n|\u2606TheGovernmentSquid|thegovernmentsquid\n|n| LamXYZ|lamxyz\n|n| coolguy58213|coolguy58213\n",
  "uploadtime": 1776004819,
  "views": 15,
  "formatid": "gen9championsvgc2026regma",
  "rating": null,
  "private": 0,
  "password": null
}