{
  "id": "gen9championsvgc2026regma-2586696662",
  "format": "[Gen 9 Champions] VGC 2026 Reg M-A",
  "players": [
    "bluefih",
    "blog2"
  ],
  "log": "|j|\u2606bluefih\n|j|\u2606blog2\n|t:|1776452921\n|gametype|doubles\n|player|p1|bluefih|baker|1104\n|player|p2|blog2|265|1075\n|gen|9\n|tier|[Gen 9 Champions] VGC 2026 Reg M-A\n|rated|\n|rule|Species Clause: Limit one of each Pok\u00e9mon\n|rule|Item Clause: Limit 1 of each item\n|clearpoke\n|poke|p1|Sharpedo, L50, M|\n|poke|p1|Toxicroak, L50, F|\n|poke|p1|Pelipper, L50, M|\n|poke|p1|Klefki, L50, F|\n|poke|p1|Manectric, L50, M|\n|poke|p1|Runerigus, L50, M|\n|poke|p2|Dragonite, L50, F|\n|poke|p2|Sinistcha, L50|\n|poke|p2|Greninja-*, L50, M|\n|poke|p2|Whimsicott, L50, F|\n|poke|p2|Incineroar, L50, F|\n|poke|p2|Aegislash, L50, F|\n|teampreview|4\n|\n|t:|1776452954\n|teamsize|p1|4\n|teamsize|p2|4\n|start\n|switch|p1a: Toxicroak|Toxicroak, L50, F|100/100\n|switch|p1b: Pelipper|Pelipper, L50, M|100/100\n|switch|p2a: Dragonite|Dragonite, L50, F|100/100\n|switch|p2b: Whimsicott|Whimsicott, L50, F|100/100\n|-weather|RainDance|[from] ability: Drizzle|[of] p1b: Pelipper\n|turn|1\n|inactive|Battle timer is ON: inactive players will automatically lose when time's up. (requested by blog2)\n|-activate|p1a: Toxicroak|item: Quick Claw\n|\n|t:|1776452989\n|detailschange|p2a: Dragonite|Dragonite-Mega, L50, F\n|-mega|p2a: Dragonite|Dragonite|Dragoninite\n|move|p1a: Toxicroak|Fake Out|p2b: Whimsicott\n|-damage|p2b: Whimsicott|86/100\n|-status|p2b: Whimsicott|psn|[from] ability: Poison Touch|[of] p1a: Toxicroak\n|cant|p2b: Whimsicott|flinch\n|move|p2a: Dragonite|Thunderbolt|p1b: Pelipper\n|-supereffective|p1b: Pelipper|2\n|-enditem|p1b: Pelipper|Wacan Berry|[eat]\n|-enditem|p1b: Pelipper|Wacan Berry|[weaken]\n|-damage|p1b: Pelipper|0 fnt\n|faint|p1b: Pelipper\n|\n|-weather|RainDance|[upkeep]\n|-damage|p2b: Whimsicott|74/100 psn|[from] psn\n|upkeep\n|l|\u2606blog2\n|inactive|blog2 disconnected and has a minute to reconnect!\n|player|p2|\n|\n|t:|1776453006\n|switch|p1b: Manectric|Manectric, L50, M|100/100\n|turn|2\n|j|\u2606blog2\n|inactive|blog2 reconnected and has 50 seconds left.\n|player|p2|blog2|265|\n|inactive|blog2 has 30 seconds left.\n|\n|t:|1776453036\n|switch|p1a: Sharpedo|Sharpedo, L50, M|100/100\n|switch|p2b: Sinistcha|Sinistcha, L50|100/100\n|move|p1b: Manectric|Flamethrower|p2b: Sinistcha\n|-supereffective|p2b: Sinistcha|1\n|-crit|p2b: Sinistcha\n|-damage|p2b: Sinistcha|59/100\n|move|p2a: Dragonite|Dragon Pulse|p1b: Manectric\n|-damage|p1b: Manectric|0 fnt\n|faint|p1b: Manectric\n|\n|-weather|RainDance|[upkeep]\n|upkeep\n|\n|t:|1776453047\n|switch|p1b: Toxicroak|Toxicroak, L50, F|100/100\n|turn|3\n|\n|t:|1776453059\n|move|p1a: Sharpedo|Protect|p1a: Sharpedo\n|-singleturn|p1a: Sharpedo|Protect\n|move|p1b: Toxicroak|Fake Out|p2a: Dragonite\n|-damage|p2a: Dragonite|95/100\n|cant|p2a: Dragonite|flinch\n|move|p2b: Sinistcha|Matcha Gotcha|p1b: Toxicroak|[spread] p1b\n|-activate|p1a: Sharpedo|move: Protect\n|-resisted|p1b: Toxicroak|1\n|-damage|p1b: Toxicroak|80/100\n|-heal|p2b: Sinistcha|68/100|[from] drain|[of] p1b: Toxicroak\n|-status|p1b: Toxicroak|brn\n|\n|-weather|RainDance|[upkeep]\n|-damage|p1b: Toxicroak|74/100 brn|[from] brn\n|-ability|p1a: Sharpedo|Speed Boost|boost\n|-boost|p1a: Sharpedo|spe|1\n|upkeep\n|turn|4\n|inactive|bluefih has 30 seconds left.\n|inactive|blog2 has 30 seconds left.\n|\n|t:|1776453088\n|detailschange|p1a: Sharpedo|Sharpedo-Mega, L50, M\n|-mega|p1a: Sharpedo|Sharpedo|Sharpedonite\n|move|p2a: Dragonite|Protect|p2a: Dragonite\n|-singleturn|p2a: Dragonite|Protect\n|move|p1a: Sharpedo|Crunch|p2b: Sinistcha\n|-supereffective|p2b: Sinistcha|1\n|-damage|p2b: Sinistcha|0 fnt\n|faint|p2b: Sinistcha\n|move|p1b: Toxicroak|Shadow Claw|p2a: Dragonite\n|-activate|p2a: Dragonite|move: Protect\n|\n|-weather|RainDance|[upkeep]\n|-damage|p1b: Toxicroak|68/100 brn|[from] brn\n|upkeep\n|\n|t:|1776453098\n|switch|p2b: Whimsicott|Whimsicott, L50, F|74/100 psn\n|turn|5\n|-activate|p1b: Toxicroak|item: Quick Claw\n|\n|t:|1776453108\n|move|p2b: Whimsicott|Tailwind|p2b: Whimsicott\n|-sidestart|p2: blog2|move: Tailwind\n|move|p1b: Toxicroak|Shadow Claw|p2b: Whimsicott\n|-damage|p2b: Whimsicott|60/100 psn\n|move|p2a: Dragonite|Thunderbolt|p1a: Sharpedo\n|-supereffective|p1a: Sharpedo|1\n|-damage|p1a: Sharpedo|0 fnt\n|faint|p1a: Sharpedo\n|\n|-weather|none\n|-damage|p2b: Whimsicott|48/100 psn|[from] psn\n|-damage|p1b: Toxicroak|63/100 brn|[from] brn\n|upkeep\n|turn|6\n|-activate|p1b: Toxicroak|item: Quick Claw\n|\n|t:|1776453128\n|move|p2b: Whimsicott|Encore|p1b: Toxicroak\n|-start|p1b: Toxicroak|Encore\n|move|p2a: Dragonite|Dragon Pulse|p1b: Toxicroak\n|-damage|p1b: Toxicroak|0 fnt\n|faint|p1b: Toxicroak\n|\n|win|blog2\n|raw|bluefih's rating: 1104 &rarr; <strong>1077</strong><br />(-27 for losing)\n|raw|blog2's rating: 1075 &rarr; <strong>1106</strong><br />(+31 for winning)\n|l|\u2606bluefih\n|player|p1|\n",
  "uploadtime": 1776453134,
  "views": 28,
  "formatid": "gen9championsvgc2026regma",
  "rating": 1077,
  "private": 0,
  "password": null
}