{
  "id": "gen9championsvgc2026regma-2585909064",
  "format": "[Gen 9 Champions] VGC 2026 Reg M-A",
  "players": [
    "pitiman",
    "BroDontFuckWithMe"
  ],
  "log": "|j|\u2606pitiman\n|j|\u2606BroDontFuckWithMe\n|t:|1776380509\n|gametype|doubles\n|player|p1|pitiman|steven|1300\n|player|p2|BroDontFuckWithMe|169|1262\n|gen|9\n|tier|[Gen 9 Champions] VGC 2026 Reg M-A\n|rated|\n|rule|Species Clause: Limit one of each Pok\u00e9mon\n|rule|Item Clause: Limit 1 of each item\n|clearpoke\n|poke|p1|Farigiraf, L50, M|\n|poke|p1|Sinistcha, L50|\n|poke|p1|Aggron, L50, F|\n|poke|p1|Pelipper, L50, M|\n|poke|p1|Bellibolt, L50, M|\n|poke|p1|Passimian, L50, F|\n|poke|p2|Starmie, L50|\n|poke|p2|Rotom-Heat, L50|\n|poke|p2|Excadrill, L50, M|\n|poke|p2|Sinistcha, L50|\n|poke|p2|Tyranitar, L50, M|\n|poke|p2|Gardevoir, L50, M|\n|teampreview|4\n|\n|t:|1776380547\n|teamsize|p1|4\n|teamsize|p2|4\n|start\n|switch|p1a: Farigiraf|Farigiraf, L50, M|100/100\n|switch|p1b: Aggron|Aggron, L50, F|100/100\n|switch|p2a: Tyranitar|Tyranitar, L50, M|100/100\n|switch|p2b: Rotom|Rotom-Heat, L50|100/100\n|-weather|Sandstorm|[from] ability: Sand Stream|[of] p2a: Tyranitar\n|turn|1\n|\n|t:|1776380558\n|detailschange|p2a: Tyranitar|Tyranitar-Mega, L50, M\n|-mega|p2a: Tyranitar|Tyranitar|Tyranitarite\n|detailschange|p1b: Aggron|Aggron-Mega, L50, F\n|-mega|p1b: Aggron|Aggron|Aggronite\n|move|p1b: Aggron|Protect|p1b: Aggron\n|-singleturn|p1b: Aggron|Protect\n|move|p2b: Rotom|Volt Switch|p1a: Farigiraf\n|-damage|p1a: Farigiraf|75/100\n|\n|t:|1776380567\n|switch|p2b: Excadrill|Excadrill, L50, M|100/100|[from] Volt Switch\n|move|p2a: Tyranitar|Assurance|p1a: Farigiraf\n|-supereffective|p1a: Farigiraf|1\n|-damage|p1a: Farigiraf|0 fnt\n|faint|p1a: Farigiraf\n|\n|-weather|Sandstorm|[upkeep]\n|upkeep\n|\n|t:|1776380573\n|switch|p1a: Pelipper|Pelipper, L50, M|100/100\n|-weather|RainDance|[from] ability: Drizzle|[of] p1a: Pelipper\n|turn|2\n|\n|t:|1776380585\n|switch|p2a: Sinistcha|Sinistcha, L50|100/100\n|move|p2b: Excadrill|Protect|p2b: Excadrill\n|-singleturn|p2b: Excadrill|Protect\n|move|p1a: Pelipper|Weather Ball|p2b: Excadrill\n|-activate|p2b: Excadrill|move: Protect\n|move|p1b: Aggron|Body Press|p2a: Sinistcha\n|-immune|p2a: Sinistcha\n|\n|-weather|RainDance|[upkeep]\n|upkeep\n|turn|3\n|\n|t:|1776380603\n|switch|p2a: Tyranitar|Tyranitar-Mega, L50, M|100/100\n|-weather|Sandstorm|[from] ability: Sand Stream|[of] p2a: Tyranitar\n|move|p2b: Excadrill|High Horsepower|p1b: Aggron\n|-supereffective|p1b: Aggron|1\n|-damage|p1b: Aggron|55/100\n|move|p1a: Pelipper|Hurricane|p2a: Tyranitar\n|-resisted|p2a: Tyranitar|1\n|-damage|p2a: Tyranitar|85/100\n|move|p1b: Aggron|Iron Defense|p1b: Aggron\n|-boost|p1b: Aggron|def|2\n|\n|-weather|Sandstorm|[upkeep]\n|-damage|p1a: Pelipper|95/100|[from] Sandstorm\n|upkeep\n|turn|4\n|\n|t:|1776380620\n|switch|p1a: Sinistcha|Sinistcha, L50|100/100\n|-heal|p1b: Aggron|80/100|[from] ability: Hospitality|[of] p1a: Sinistcha\n|move|p2b: Excadrill|Iron Head|p1a: Sinistcha\n|-damage|p1a: Sinistcha|68/100\n|move|p2a: Tyranitar|Assurance|p1a: Sinistcha\n|-supereffective|p1a: Sinistcha|1\n|-damage|p1a: Sinistcha|0 fnt\n|faint|p1a: Sinistcha\n|move|p1b: Aggron|Body Press|p2b: Excadrill\n|-supereffective|p2b: Excadrill|1\n|-enditem|p2b: Excadrill|Focus Sash\n|-damage|p2b: Excadrill|1/100\n|\n|-weather|Sandstorm|[upkeep]\n|upkeep\n|\n|t:|1776380629\n|switch|p1a: Pelipper|Pelipper, L50, M|95/100\n|-weather|RainDance|[from] ability: Drizzle|[of] p1a: Pelipper\n|turn|5\n|\n|t:|1776380636\n|switch|p2a: Sinistcha|Sinistcha, L50|100/100\n|-heal|p2b: Excadrill|26/100|[from] ability: Hospitality|[of] p2a: Sinistcha\n|move|p2b: Excadrill|Protect|p2b: Excadrill\n|-singleturn|p2b: Excadrill|Protect\n|move|p1a: Pelipper|Weather Ball|p2a: Sinistcha\n|-resisted|p2a: Sinistcha|1\n|-damage|p2a: Sinistcha|72/100\n|move|p1b: Aggron|Iron Defense|p1b: Aggron\n|-boost|p1b: Aggron|def|2\n|\n|-weather|RainDance|[upkeep]\n|-heal|p2a: Sinistcha|78/100|[from] item: Leftovers\n|upkeep\n|turn|6\n|inactive|Battle timer is ON: inactive players will automatically lose when time's up. (requested by BroDontFuckWithMe)\n|\n|t:|1776380672\n|switch|p2a: Tyranitar|Tyranitar-Mega, L50, M|85/100\n|-weather|Sandstorm|[from] ability: Sand Stream|[of] p2a: Tyranitar\n|move|p2b: Excadrill|High Horsepower|p1b: Aggron\n|-supereffective|p1b: Aggron|1\n|-damage|p1b: Aggron|66/100\n|move|p1a: Pelipper|Weather Ball|p2b: Excadrill\n|-resisted|p2b: Excadrill|2\n|-damage|p2b: Excadrill|15/100\n|move|p1b: Aggron|Heavy Slam|p2a: Tyranitar\n|-supereffective|p2a: Tyranitar|1\n|-damage|p2a: Tyranitar|59/100\n|\n|-weather|Sandstorm|[upkeep]\n|-damage|p1a: Pelipper|89/100|[from] Sandstorm\n|upkeep\n|turn|7\n|\n|t:|1776380691\n|move|p2b: Excadrill|Iron Head|p1a: Pelipper\n|-resisted|p1a: Pelipper|1\n|-damage|p1a: Pelipper|62/100\n|move|p2a: Tyranitar|Rock Slide|p1a: Pelipper|[spread] p1b\n|-miss|p2a: Tyranitar|p1a: Pelipper\n|-resisted|p1b: Aggron|1\n|-damage|p1b: Aggron|63/100\n|move|p1a: Pelipper|Weather Ball|p2b: Excadrill\n|-resisted|p2b: Excadrill|2\n|-damage|p2b: Excadrill|6/100\n|move|p1b: Aggron|Body Press|p2a: Tyranitar\n|-supereffective|p2a: Tyranitar|2\n|-damage|p2a: Tyranitar|0 fnt\n|faint|p2a: Tyranitar\n|\n|-weather|Sandstorm|[upkeep]\n|-damage|p1a: Pelipper|56/100|[from] Sandstorm\n|upkeep\n|\n|t:|1776380698\n|switch|p2a: Rotom|Rotom-Heat, L50|100/100\n|turn|8\n|\n|t:|1776380708\n|move|p2b: Excadrill|High Horsepower|p1b: Aggron|[miss]\n|-miss|p2b: Excadrill|p1b: Aggron\n|move|p2a: Rotom|Volt Switch|p1a: Pelipper\n|-supereffective|p1a: Pelipper|2\n|-damage|p1a: Pelipper|0 fnt\n|faint|p1a: Pelipper\n|\n|t:|1776380710\n|switch|p2a: Sinistcha|Sinistcha, L50|78/100|[from] Volt Switch\n|-heal|p2b: Excadrill|30/100|[from] ability: Hospitality|[of] p2a: Sinistcha\n|move|p1b: Aggron|Body Press|p2a: Sinistcha\n|-immune|p2a: Sinistcha\n|\n|-weather|Sandstorm|[upkeep]\n|-damage|p2a: Sinistcha|72/100|[from] Sandstorm\n|-heal|p2a: Sinistcha|78/100|[from] item: Leftovers\n|upkeep\n|turn|9\n|-message|pitiman forfeited.\n|\n|win|BroDontFuckWithMe\n|raw|pitiman's rating: 1300 &rarr; <strong>1272</strong><br />(-28 for losing)\n|raw|BroDontFuckWithMe's rating: 1262 &rarr; <strong>1290</strong><br />(+28 for winning)\n",
  "uploadtime": 1776380718,
  "views": 22,
  "formatid": "gen9championsvgc2026regma",
  "rating": 1272,
  "private": 0,
  "password": null
}