{
  "id": "gen9championsvgc2026regma-2585090993",
  "format": "[Gen 9 Champions] VGC 2026 Reg M-A",
  "players": [
    "askeru",
    "UltraGamer12369420"
  ],
  "log": "|j|\u2606askeru\n|j|\u2606UltraGamer12369420\n|t:|1776310773\n|gametype|doubles\n|player|p1|askeru|aromalady|1139\n|player|p2|UltraGamer12369420|170|1147\n|gen|9\n|tier|[Gen 9 Champions] VGC 2026 Reg M-A\n|rated|\n|rule|Species Clause: Limit one of each Pok\u00e9mon\n|rule|Item Clause: Limit 1 of each item\n|clearpoke\n|poke|p1|Gardevoir, L50, M|\n|poke|p1|Umbreon, L50, F|\n|poke|p1|Ninetales, L50, F|\n|poke|p1|Clefable, L50, M|\n|poke|p1|Sneasler, L50, M|\n|poke|p1|Corviknight, L50, M|\n|poke|p2|Tyranitar, L50, M|\n|poke|p2|Garchomp, L50, F|\n|poke|p2|Corviknight, L50, F|\n|poke|p2|Sneasler, L50, F|\n|poke|p2|Rotom-Wash, L50|\n|poke|p2|Sinistcha, L50|\n|teampreview|4\naskeru rejected open team sheets.\n|\n|t:|1776310819\n|teamsize|p1|4\n|teamsize|p2|4\n|start\n|switch|p1a: Gardevoir|Gardevoir, L50, M|100/100\n|switch|p1b: Ninetales|Ninetales, L50, F|100/100\n|switch|p2a: Tyranitar|Tyranitar, L50, M|100/100\n|switch|p2b: Garchomp|Garchomp, L50, F|100/100\n|-weather|SunnyDay|[from] ability: Drought|[of] p1b: Ninetales\n|-weather|Sandstorm|[from] ability: Sand Stream|[of] p2a: Tyranitar\n|-ability|p1a: Gardevoir|Sand Stream|Trace|[from] ability: Trace|[of] p2a: Tyranitar\n|turn|1\n|\n|t:|1776310856\n|detailschange|p1a: Gardevoir|Gardevoir-Mega, L50, M\n|-mega|p1a: Gardevoir|Gardevoir|Gardevoirite\n|move|p2b: Garchomp|Rock Slide|p1a: Gardevoir|[spread] p1a,p1b\n|-supereffective|p1b: Ninetales|1\n|-damage|p1a: Gardevoir|78/100\n|-damage|p1b: Ninetales|46/100\n|move|p1b: Ninetales|Nasty Plot|p1b: Ninetales\n|-boost|p1b: Ninetales|spa|2\n|move|p2a: Tyranitar|Dragon Dance|p2a: Tyranitar\n|-boost|p2a: Tyranitar|atk|1\n|-boost|p2a: Tyranitar|spe|1\n|move|p1a: Gardevoir|Trick Room|p1a: Gardevoir\n|-fieldstart|move: Trick Room|[of] p1a: Gardevoir\n|\n|-weather|Sandstorm|[upkeep]\n|-damage|p1a: Gardevoir|72/100|[from] Sandstorm\n|-damage|p1b: Ninetales|40/100|[from] Sandstorm\n|upkeep\n|turn|2\n|\n|t:|1776310880\n|detailschange|p2a: Tyranitar|Tyranitar-Mega, L50, M\n|-mega|p2a: Tyranitar|Tyranitar|Tyranitarite\n|move|p1a: Gardevoir|Hyper Voice|p2a: Tyranitar|[spread] p2a,p2b\n|-supereffective|p2a: Tyranitar|1\n|-supereffective|p2b: Garchomp|1\n|-damage|p2a: Tyranitar|49/100\n|-damage|p2b: Garchomp|4/100\n|move|p1b: Ninetales|Baton Pass|p1b: Ninetales\n|\n|t:|1776310896\n|switch|p1b: Umbreon|Umbreon, L50, F|100/100|[from] Baton Pass\n|move|p2a: Tyranitar|Rock Slide|p1b: Umbreon|[spread] p1a,p1b\n|-damage|p1a: Gardevoir|19/100\n|-damage|p1b: Umbreon|58/100\n|move|p2b: Garchomp|Rock Slide|p1b: Umbreon|[spread] p1a\n|-miss|p2b: Garchomp|p1b: Umbreon\n|-crit|p1a: Gardevoir\n|-damage|p1a: Gardevoir|0 fnt\n|faint|p1a: Gardevoir\n|\n|-weather|Sandstorm|[upkeep]\n|-damage|p1b: Umbreon|52/100|[from] Sandstorm\n|-heal|p1b: Umbreon|58/100|[from] item: Leftovers\n|upkeep\n|\n|t:|1776310912\n|switch|p1a: Ninetales|Ninetales, L50, F|40/100\n|-weather|SunnyDay|[from] ability: Drought|[of] p1a: Ninetales\n|turn|3\n|\n|t:|1776310941\n|move|p2a: Tyranitar|Protect|p2a: Tyranitar\n|-singleturn|p2a: Tyranitar|Protect\n|move|p1b: Umbreon|Snarl|p2b: Garchomp|[spread] p2b\n|-activate|p2a: Tyranitar|move: Protect\n|-damage|p2b: Garchomp|0 fnt\n|faint|p2b: Garchomp\n|move|p1a: Ninetales|Mystical Fire|p2a: Tyranitar\n|-activate|p2a: Tyranitar|move: Protect\n|\n|-weather|SunnyDay|[upkeep]\n|-heal|p1b: Umbreon|64/100|[from] item: Leftovers\n|upkeep\n|\n|t:|1776310960\n|switch|p2b: Corviknight|Corviknight, L50, F|100/100\n|turn|4\n|\n|t:|1776311002\n|move|p1b: Umbreon|Moonlight|p1b: Umbreon\n|-heal|p1b: Umbreon|100/100\n|move|p2b: Corviknight|Roost||[still]\n|-fail|p2b: Corviknight|heal\n|move|p1a: Ninetales|Mystical Fire|p2b: Corviknight\n|-supereffective|p2b: Corviknight|1\n|-enditem|p2b: Corviknight|Occa Berry|[eat]\n|-enditem|p2b: Corviknight|Occa Berry|[weaken]\n|-damage|p2b: Corviknight|59/100\n|-ability|p2b: Corviknight|Mirror Armor\n|-unboost|p1a: Ninetales|spa|1\n|move|p2a: Tyranitar|Rock Slide|p1a: Ninetales|[spread] p1a\n|-miss|p2a: Tyranitar|p1b: Umbreon\n|-supereffective|p1a: Ninetales|1\n|-damage|p1a: Ninetales|0 fnt\n|faint|p1a: Ninetales\n|\n|-weather|SunnyDay|[upkeep]\n|upkeep\n|\n|t:|1776311021\n|switch|p1a: Corviknight|Corviknight, L50, M|100/100\n|turn|5\n|\n|t:|1776311039\n|move|p2a: Tyranitar|Protect|p2a: Tyranitar\n|-singleturn|p2a: Tyranitar|Protect\n|move|p1b: Umbreon|Yawn|p2b: Corviknight\n|-start|p2b: Corviknight|move: Yawn|[of] p1b: Umbreon\n|move|p1a: Corviknight|Body Press|p2a: Tyranitar\n|-activate|p2a: Tyranitar|move: Protect\n|move|p2b: Corviknight|Roost|p2b: Corviknight\n|-heal|p2b: Corviknight|100/100\n|-singleturn|p2b: Corviknight|move: Roost\n|\n|-weather|SunnyDay|[upkeep]\n|-fieldend|move: Trick Room\n|upkeep\n|turn|6\n|\n|t:|1776311076\n|switch|p2b: Sneasler|Sneasler, L50, F|100/100\n|move|p2a: Tyranitar|Knock Off|p1a: Corviknight\n|-damage|p1a: Corviknight|47/100\n|-enditem|p1a: Corviknight|Occa Berry|[from] move: Knock Off|[of] p2a: Tyranitar\n|move|p1a: Corviknight|Body Press|p2a: Tyranitar\n|-supereffective|p2a: Tyranitar|2\n|-damage|p2a: Tyranitar|0 fnt\n|faint|p2a: Tyranitar\n|move|p1b: Umbreon|Yawn|p2b: Sneasler\n|-start|p2b: Sneasler|move: Yawn|[of] p1b: Umbreon\n|\n|-weather|SunnyDay|[upkeep]\n|upkeep\n|\n|t:|1776311083\n|switch|p2a: Corviknight|Corviknight, L50, F|100/100\n|turn|7\n|\n|t:|1776311132\n|move|p2b: Sneasler|Close Combat|p1a: Corviknight\n|-damage|p1a: Corviknight|8/100\n|-unboost|p2b: Sneasler|def|1\n|-unboost|p2b: Sneasler|spd|1\n|-enditem|p2b: Sneasler|White Herb\n|-clearnegativeboost|p2b: Sneasler|[silent]\n|move|p2a: Corviknight|Iron Head|p1b: Umbreon\n|-damage|p1b: Umbreon|75/100\n|move|p1a: Corviknight|Brave Bird|p2b: Sneasler\n|-supereffective|p2b: Sneasler|1\n|-damage|p2b: Sneasler|14/100\n|-damage|p1a: Corviknight|0 fnt|[from] Recoil\n|faint|p1a: Corviknight\n|move|p1b: Umbreon|Yawn|p2a: Corviknight\n|-start|p2a: Corviknight|move: Yawn|[of] p1b: Umbreon\n|\n|-weather|none\n|-heal|p1b: Umbreon|81/100|[from] item: Leftovers\n|-end|p2b: Sneasler|move: Yawn|[silent]\n|-status|p2b: Sneasler|slp\n|upkeep\n|turn|8\n|\n|t:|1776311161\n|cant|p2b: Sneasler|slp\n|move|p2a: Corviknight|Iron Head|p1b: Umbreon\n|-damage|p1b: Umbreon|55/100\n|move|p1b: Umbreon|Snarl|p2a: Corviknight|[spread] p2a,p2b\n|-resisted|p2b: Sneasler|1\n|-damage|p2a: Corviknight|73/100\n|-damage|p2b: Sneasler|0 fnt\n|-ability|p2a: Corviknight|Mirror Armor\n|-unboost|p1b: Umbreon|spa|1\n|faint|p2b: Sneasler\n|\n|-heal|p1b: Umbreon|61/100|[from] item: Leftovers\n|-end|p2a: Corviknight|move: Yawn|[silent]\n|-status|p2a: Corviknight|slp\n|upkeep\n|turn|9\n|\n|t:|1776311181\n|cant|p2a: Corviknight|slp\n|move|p1b: Umbreon|Foul Play|p2a: Corviknight\n|-damage|p2a: Corviknight|42/100 slp\n|\n|-heal|p1b: Umbreon|67/100|[from] item: Leftovers\n|upkeep\n|turn|10\n|\n|t:|1776311196\n|cant|p2a: Corviknight|slp\n|move|p1b: Umbreon|Snarl|p2a: Corviknight\n|-damage|p2a: Corviknight|18/100 slp\n|-ability|p2a: Corviknight|Mirror Armor\n|-unboost|p1b: Umbreon|spa|1\n|\n|-heal|p1b: Umbreon|73/100|[from] item: Leftovers\n|upkeep\n|turn|11\n|\n|t:|1776311205\n|-curestatus|p2a: Corviknight|slp|[msg]\n|move|p2a: Corviknight|Roost|p2a: Corviknight\n|-heal|p2a: Corviknight|68/100\n|-singleturn|p2a: Corviknight|move: Roost\n|move|p1b: Umbreon|Snarl|p2a: Corviknight\n|-damage|p2a: Corviknight|50/100\n|-ability|p2a: Corviknight|Mirror Armor\n|-unboost|p1b: Umbreon|spa|1\n|\n|-heal|p1b: Umbreon|79/100|[from] item: Leftovers\n|upkeep\n|turn|12\n|\n|t:|1776311218\n|move|p2a: Corviknight|Roost|p2a: Corviknight\n|-heal|p2a: Corviknight|99/100\n|-singleturn|p2a: Corviknight|move: Roost\n|move|p1b: Umbreon|Yawn|p2a: Corviknight\n|-start|p2a: Corviknight|move: Yawn|[of] p1b: Umbreon\n|\n|-heal|p1b: Umbreon|85/100|[from] item: Leftovers\n|upkeep\n|turn|13\n|\n|t:|1776311226\n|move|p2a: Corviknight|Brave Bird|p1b: Umbreon\n|-damage|p1b: Umbreon|47/100\n|-damage|p2a: Corviknight|87/100|[from] Recoil\n|move|p1b: Umbreon|Moonlight|p1b: Umbreon\n|-heal|p1b: Umbreon|97/100\n|\n|-heal|p1b: Umbreon|100/100|[from] item: Leftovers\n|-end|p2a: Corviknight|move: Yawn|[silent]\n|-status|p2a: Corviknight|slp\n|upkeep\n|turn|14\n|\n|t:|1776311242\n|cant|p2a: Corviknight|slp\n|move|p1b: Umbreon|Foul Play|p2a: Corviknight\n|-damage|p2a: Corviknight|55/100 slp\n|\n|upkeep\n|turn|15\n|\n|t:|1776311249\n|-curestatus|p2a: Corviknight|slp|[msg]\n|move|p2a: Corviknight|Roost|p2a: Corviknight\n|-heal|p2a: Corviknight|100/100\n|-singleturn|p2a: Corviknight|move: Roost\n|move|p1b: Umbreon|Foul Play|p2a: Corviknight\n|-damage|p2a: Corviknight|68/100\n|\n|upkeep\n|turn|16\n|\n|t:|1776311258\n|move|p2a: Corviknight|Iron Head|p1b: Umbreon\n|-damage|p1b: Umbreon|75/100\n|move|p1b: Umbreon|Yawn|p2a: Corviknight\n|-start|p2a: Corviknight|move: Yawn|[of] p1b: Umbreon\n|\n|-heal|p1b: Umbreon|81/100|[from] item: Leftovers\n|upkeep\n|turn|17\n|\n|t:|1776311268\n|move|p2a: Corviknight|Iron Head|p1b: Umbreon\n|-damage|p1b: Umbreon|54/100\n|move|p1b: Umbreon|Foul Play|p2a: Corviknight\n|-damage|p2a: Corviknight|35/100\n|\n|-heal|p1b: Umbreon|60/100|[from] item: Leftovers\n|-end|p2a: Corviknight|move: Yawn|[silent]\n|-status|p2a: Corviknight|slp\n|upkeep\n|turn|18\n|\n|t:|1776311277\n|cant|p2a: Corviknight|slp\n|move|p1b: Umbreon|Moonlight|p1b: Umbreon\n|-heal|p1b: Umbreon|100/100\n|\n|upkeep\n|turn|19\n|\n|t:|1776311283\n|cant|p2a: Corviknight|slp\n|move|p1b: Umbreon|Foul Play|p2a: Corviknight\n|-damage|p2a: Corviknight|1/100 slp\n|\n|upkeep\n|turn|20\n|c|\u2606askeru|this is peak\n|\n|t:|1776311294\n|-curestatus|p2a: Corviknight|slp|[msg]\n|move|p2a: Corviknight|Roost|p2a: Corviknight\n|-heal|p2a: Corviknight|51/100\n|-singleturn|p2a: Corviknight|move: Roost\n|move|p1b: Umbreon|Foul Play|p2a: Corviknight\n|-crit|p2a: Corviknight\n|-damage|p2a: Corviknight|1/100\n|\n|upkeep\n|turn|21\n|c|\u2606UltraGamer12369420|bro\n|\n|t:|1776311307\n|move|p2a: Corviknight|Roost|p2a: Corviknight\n|-heal|p2a: Corviknight|51/100\n|-singleturn|p2a: Corviknight|move: Roost\n|move|p1b: Umbreon|Foul Play|p2a: Corviknight\n|-damage|p2a: Corviknight|17/100\n|\n|upkeep\n|turn|22\n|\n|t:|1776311316\n|move|p2a: Corviknight|Roost|p2a: Corviknight\n|-heal|p2a: Corviknight|68/100\n|-singleturn|p2a: Corviknight|move: Roost\n|move|p1b: Umbreon|Foul Play|p2a: Corviknight\n|-damage|p2a: Corviknight|30/100\n|\n|upkeep\n|turn|23\n|\n|t:|1776311325\n|move|p2a: Corviknight|Iron Head|p1b: Umbreon\n|-damage|p1b: Umbreon|72/100\n|move|p1b: Umbreon|Foul Play|p2a: Corviknight\n|-damage|p2a: Corviknight|0 fnt\n|faint|p2a: Corviknight\n|\n|win|askeru\n|raw|askeru's rating: 1139 &rarr; <strong>1165</strong><br />(+26 for winning)\n|raw|UltraGamer12369420's rating: 1147 &rarr; <strong>1121</strong><br />(-26 for losing)\n|l|\u2606UltraGamer12369420\n|player|p2|\n|c|\u2606askeru|ggs\n",
  "uploadtime": 1776311337,
  "views": 26,
  "formatid": "gen9championsvgc2026regma",
  "rating": 1121,
  "private": 0,
  "password": null
}