{
  "id": "gen9championsvgc2026regma-2588365342",
  "format": "[Gen 9 Champions] VGC 2026 Reg M-A",
  "players": [
    "DavidTIS",
    "Kaktrum"
  ],
  "log": "|j|\u2606DavidTIS\n|j|\u2606Kaktrum\n|t:|1776627471\n|gametype|doubles\n|player|p1|DavidTIS|1|1247\n|player|p2|Kaktrum|170|1253\n|gen|9\n|tier|[Gen 9 Champions] VGC 2026 Reg M-A\n|rated|\n|rule|Species Clause: Limit one of each Pok\u00e9mon\n|rule|Item Clause: Limit 1 of each item\n|clearpoke\n|poke|p1|Starmie, L50|\n|poke|p1|Lucario, L50, M|\n|poke|p1|Lycanroc-Dusk, L50, M|\n|poke|p1|Hydreigon, L50, M|\n|poke|p1|Gengar, L50, F|\n|poke|p1|Tauros-Paldea-Aqua, L50, M|\n|poke|p2|Farigiraf, L50, M|\n|poke|p2|Sneasler, L50, M|\n|poke|p2|Crabominable, L50, F|\n|poke|p2|Incineroar, L50, F|\n|poke|p2|Kingambit, L50, M|\n|poke|p2|Basculegion, L50, M|\n|teampreview|4\n|inactive|Battle timer is ON: inactive players will automatically lose when time's up. (requested by DavidTIS)\n|inactive|DavidTIS has 60 seconds left.\n|inactive|DavidTIS has 30 seconds left.\n|\n|t:|1776627537\n|teamsize|p1|4\n|teamsize|p2|4\n|start\n|switch|p1a: Starmie|Starmie, L50|100/100\n|switch|p1b: Hydreigon|Hydreigon, L50, M|100/100\n|switch|p2a: Farigiraf|Farigiraf, L50, M|100/100\n|switch|p2b: Incineroar|Incineroar, L50, F|100/100\n|-ability|p2b: Incineroar|Intimidate|boost\n|-unboost|p1a: Starmie|atk|1\n|-unboost|p1b: Hydreigon|atk|1\n|-enditem|p1b: Hydreigon|White Herb\n|-clearnegativeboost|p1b: Hydreigon|[silent]\n|turn|1\n|inactive|DavidTIS has 30 seconds left.\n|inactive|Kaktrum has 30 seconds left.\n|inactive|Kaktrum has 20 seconds left.\n|\n|t:|1776627576\n|switch|p1a: Gengar|Gengar, L50, F|100/100\n|move|p2b: Incineroar|Fake Out|p1a: Gengar\n|-immune|p1a: Gengar\n|move|p1b: Hydreigon|Dark Pulse|p2a: Farigiraf\n|-supereffective|p2a: Farigiraf|1\n|-enditem|p2a: Farigiraf|Colbur Berry|[eat]\n|-enditem|p2a: Farigiraf|Colbur Berry|[weaken]\n|-damage|p2a: Farigiraf|61/100\n|move|p2a: Farigiraf|Trick Room|p2a: Farigiraf\n|-fieldstart|move: Trick Room|[of] p2a: Farigiraf\n|\n|upkeep\n|turn|2\n|\n|t:|1776627593\n|switch|p2a: Kingambit|Kingambit, L50, M|100/100\n|move|p1a: Gengar|Protect|p1a: Gengar\n|-singleturn|p1a: Gengar|Protect\n|move|p2b: Incineroar|Darkest Lariat|p1a: Gengar\n|-activate|p1a: Gengar|move: Protect\n|move|p1b: Hydreigon|Dark Pulse|p2a: Kingambit\n|-resisted|p2a: Kingambit|1\n|-damage|p2a: Kingambit|79/100\n|\n|upkeep\n|turn|3\n|\n|t:|1776627614\n|switch|p1a: Tauros|Tauros-Paldea-Aqua, L50, M|100/100\n|-ability|p1a: Tauros|Intimidate|boost\n|-unboost|p2a: Kingambit|atk|1\n|-ability|p2a: Kingambit|Defiant|boost\n|-boost|p2a: Kingambit|atk|2\n|-unboost|p2b: Incineroar|atk|1\n|move|p2a: Kingambit|Protect|p2a: Kingambit\n|-singleturn|p2a: Kingambit|Protect\n|move|p1b: Hydreigon|Protect|p1b: Hydreigon\n|-singleturn|p1b: Hydreigon|Protect\n|move|p2b: Incineroar|Darkest Lariat|p1a: Tauros\n|-resisted|p1a: Tauros|1\n|-damage|p1a: Tauros|85/100\n|\n|upkeep\n|turn|4\n|inactive|DavidTIS has 30 seconds left.\n|inactive|Kaktrum has 30 seconds left.\n|\n|t:|1776627648\n|move|p2a: Kingambit|Kowtow Cleave|p1a: Tauros\n|-resisted|p1a: Tauros|1\n|-damage|p1a: Tauros|35/100\n|-enditem|p1a: Tauros|Sitrus Berry|[eat]\n|-heal|p1a: Tauros|60/100|[from] item: Sitrus Berry\n|move|p2b: Incineroar|Flare Blitz|p1a: Tauros\n|-resisted|p1a: Tauros|1\n|-crit|p1a: Tauros\n|-damage|p1a: Tauros|4/100\n|-damage|p2b: Incineroar|87/100|[from] Recoil\n|move|p1b: Hydreigon|Draco Meteor|p2b: Incineroar|[miss]\n|-miss|p1b: Hydreigon|p2b: Incineroar\n|move|p1a: Tauros|Close Combat|p2a: Kingambit\n|-supereffective|p2a: Kingambit|2\n|-damage|p2a: Kingambit|0 fnt\n|-unboost|p1a: Tauros|def|1\n|-unboost|p1a: Tauros|spd|1\n|faint|p2a: Kingambit\n|\n|upkeep\n|\n|t:|1776627668\n|switch|p2a: Crabominable|Crabominable, L50, F|100/100\n|turn|5\n|\n|t:|1776627684\n|detailschange|p2a: Crabominable|Crabominable-Mega, L50, F\n|-mega|p2a: Crabominable|Crabominable|Crabominite\n|move|p1b: Hydreigon|Protect|p1b: Hydreigon\n|-singleturn|p1b: Hydreigon|Protect\n|move|p1a: Tauros|Protect|p1a: Tauros\n|-singleturn|p1a: Tauros|Protect\n|move|p2a: Crabominable|Ice Hammer|p1b: Hydreigon\n|-activate|p1b: Hydreigon|move: Protect\n|move|p2b: Incineroar|Darkest Lariat|p1a: Tauros\n|-activate|p1a: Tauros|move: Protect\n|\n|-fieldend|move: Trick Room\n|upkeep\n|turn|6\n|inactive|DavidTIS has 30 seconds left.\n|inactive|Kaktrum has 30 seconds left.\n|\n|t:|1776627710\n|move|p2a: Crabominable|Protect|p2a: Crabominable\n|-singleturn|p2a: Crabominable|Protect\n|move|p1a: Tauros|Close Combat|p2a: Crabominable\n|-activate|p2a: Crabominable|move: Protect\n|move|p1b: Hydreigon|Draco Meteor|p2b: Incineroar|[miss]\n|-miss|p1b: Hydreigon|p2b: Incineroar\n|move|p2b: Incineroar|Darkest Lariat|p1a: Tauros\n|-resisted|p1a: Tauros|1\n|-damage|p1a: Tauros|0 fnt\n|faint|p1a: Tauros\n|\n|upkeep\n|\n|t:|1776627722\n|switch|p1a: Starmie|Starmie, L50|100/100\n|turn|7\n|\n|t:|1776627732\n|detailschange|p1a: Starmie|Starmie-Mega, L50\n|-mega|p1a: Starmie|Starmie|Starminite\n|move|p1a: Starmie|Psycho Cut|p2a: Crabominable\n|-supereffective|p2a: Crabominable|1\n|-damage|p2a: Crabominable|14/100\n|move|p1b: Hydreigon|Draco Meteor|p2b: Incineroar\n|-damage|p2b: Incineroar|22/100\n|-unboost|p1b: Hydreigon|spa|2\n|-enditem|p2b: Incineroar|Sitrus Berry|[eat]\n|-heal|p2b: Incineroar|47/100|[from] item: Sitrus Berry\n|move|p2b: Incineroar|Darkest Lariat|p1a: Starmie\n|-supereffective|p1a: Starmie|1\n|-damage|p1a: Starmie|19/100\n|move|p2a: Crabominable|Thunder Punch|p1a: Starmie\n|-supereffective|p1a: Starmie|1\n|-crit|p1a: Starmie\n|-damage|p1a: Starmie|0 fnt\n|faint|p1a: Starmie\n|\n|upkeep\n|\n|t:|1776627748\n|switch|p1a: Gengar|Gengar, L50, F|100/100\n|turn|8\n|\n|t:|1776627758\n|move|p1b: Hydreigon|Protect|p1b: Hydreigon\n|-singleturn|p1b: Hydreigon|Protect\n|move|p1a: Gengar|Sludge Wave|p2b: Incineroar|[spread] p2a,p2b\n|-activate|p1b: Hydreigon|move: Protect\n|-damage|p2a: Crabominable|0 fnt\n|-damage|p2b: Incineroar|9/100\n|faint|p2a: Crabominable\n|move|p2b: Incineroar|Darkest Lariat|p1a: Gengar\n|-supereffective|p1a: Gengar|1\n|-damage|p1a: Gengar|0 fnt\n|-start|p2b: Incineroar|Disable|Darkest Lariat|[from] ability: Cursed Body|[of] p1a: Gengar\n|faint|p1a: Gengar\n|\n|upkeep\n|\n|t:|1776627770\n|switch|p2a: Farigiraf|Farigiraf, L50, M|61/100\n|turn|9\n|\n|t:|1776627786\n|move|p1b: Hydreigon|Dark Pulse|p2a: Farigiraf\n|-supereffective|p2a: Farigiraf|1\n|-damage|p2a: Farigiraf|23/100\n|move|p2b: Incineroar|Flare Blitz|p1b: Hydreigon\n|-resisted|p1b: Hydreigon|1\n|-crit|p1b: Hydreigon\n|-damage|p1b: Hydreigon|48/100\n|-damage|p2b: Incineroar|0 fnt|[from] Recoil\n|faint|p2b: Incineroar\n|move|p2a: Farigiraf|Trick Room|p2a: Farigiraf\n|-fieldstart|move: Trick Room|[of] p2a: Farigiraf\n|\n|upkeep\n|turn|10\n|\n|t:|1776627798\n|move|p2a: Farigiraf|Hyper Voice|p1b: Hydreigon\n|-damage|p1b: Hydreigon|6/100\n|move|p1b: Hydreigon|Dark Pulse|p2a: Farigiraf\n|-supereffective|p2a: Farigiraf|1\n|-damage|p2a: Farigiraf|0 fnt\n|faint|p2a: Farigiraf\n|\n|win|DavidTIS\n|raw|DavidTIS's rating: 1247 &rarr; <strong>1272</strong><br />(+25 for winning)\n|raw|Kaktrum's rating: 1253 &rarr; <strong>1228</strong><br />(-25 for losing)\n",
  "uploadtime": 1776627805,
  "views": 15,
  "formatid": "gen9championsvgc2026regma",
  "rating": 1228,
  "private": 0,
  "password": null
}