{
  "id": "gen9championsvgc2026regma-2581722155",
  "format": "[Gen 9 Champions] VGC 2026 Reg M-A",
  "players": [
    "TheKingofGlers",
    "RealJCubed"
  ],
  "log": "|j|\u2606TheKingofGlers\n|j|\u2606RealJCubed\n|t:|1776023398\n|gametype|doubles\n|player|p1|TheKingofGlers|clair|1044\n|player|p2|RealJCubed|gentleman|1070\n|gen|9\n|tier|[Gen 9 Champions] VGC 2026 Reg M-A\n|rated|\n|rule|Species Clause: Limit one of each Pok\u00e9mon\n|rule|Item Clause: Limit 1 of each item\n|clearpoke\n|poke|p1|Maushold-Four, L50|\n|poke|p1|Lucario, L50, F|\n|poke|p1|Sinistcha, L50|\n|poke|p1|Incineroar, L50, M|\n|poke|p1|Banette, L50, F|\n|poke|p1|Kommo-o, L50, F|\n|poke|p2|Klefki, L50, F|\n|poke|p2|Chimecho, L50, M|\n|poke|p2|Clefable, L50, M|\n|poke|p2|Talonflame, L50, M|\n|poke|p2|Zoroark-Hisui, L50, F|\n|poke|p2|Palafin, L50, F|\n|teampreview|4\n|\n|t:|1776023430\n|teamsize|p1|4\n|teamsize|p2|4\n|start\n|switch|p1a: Maushold|Maushold-Four, L50|100/100\n|switch|p1b: Kommo-o|Kommo-o, L50, F|100/100\n|switch|p2a: Clefable|Clefable, L50, M|100/100\n|switch|p2b: Chimecho|Chimecho, L50, M|100/100\n|turn|1\n|inactive|Battle timer is ON: inactive players will automatically lose when time's up. (requested by TheKingofGlers)\n|\n|t:|1776023505\n|switch|p1b: Lucario|Lucario, L50, F|100/100\n|detailschange|p2b: Chimecho|Chimecho-Mega, L50, M\n|-mega|p2b: Chimecho|Chimecho|Chimechite\n|move|p2a: Clefable|Follow Me|p2a: Clefable\n|-singleturn|p2a: Clefable|move: Follow Me\n|move|p1a: Maushold|Beat Up|p2a: Clefable\n|-resisted|p2a: Clefable|1\n|-damage|p2a: Clefable|99/100\n|-resisted|p2a: Clefable|1\n|-damage|p2a: Clefable|98/100\n|-resisted|p2a: Clefable|1\n|-damage|p2a: Clefable|97/100\n|-resisted|p2a: Clefable|1\n|-crit|p2a: Clefable\n|-damage|p2a: Clefable|95/100\n|-hitcount|p2a: Clefable|4\n|move|p2b: Chimecho|Cosmic Power|p2b: Chimecho\n|-boost|p2b: Chimecho|def|1\n|-boost|p2b: Chimecho|spd|1\n|\n|-heal|p2a: Clefable|100/100|[from] item: Leftovers\n|upkeep\n|turn|2\n|\n|t:|1776023526\n|detailschange|p1b: Lucario|Lucario-Mega, L50, F\n|-mega|p1b: Lucario|Lucario|Lucarionite\n|move|p1a: Maushold|Helping Hand|p1b: Lucario\n|-singleturn|p1b: Lucario|Helping Hand|[of] p1a: Maushold\n|move|p1b: Lucario|Bullet Punch|p2a: Clefable\n|-supereffective|p2a: Clefable|1\n|-damage|p2a: Clefable|15/100\n|move|p2b: Chimecho|Cosmic Power|p2b: Chimecho\n|-boost|p2b: Chimecho|def|1\n|-boost|p2b: Chimecho|spd|1\n|move|p2a: Clefable|Mystical Fire|p1b: Lucario\n|-supereffective|p1b: Lucario|1\n|-damage|p1b: Lucario|70/100\n|-unboost|p1b: Lucario|spa|1\n|\n|-heal|p2a: Clefable|21/100|[from] item: Leftovers\n|upkeep\n|turn|3\n|\n|t:|1776023541\n|move|p2a: Clefable|Follow Me|p2a: Clefable\n|-singleturn|p2a: Clefable|move: Follow Me\n|move|p1a: Maushold|Beat Up|p2a: Clefable\n|-resisted|p2a: Clefable|1\n|-damage|p2a: Clefable|20/100\n|-resisted|p2a: Clefable|1\n|-damage|p2a: Clefable|19/100\n|-resisted|p2a: Clefable|1\n|-damage|p2a: Clefable|18/100\n|-resisted|p2a: Clefable|1\n|-damage|p2a: Clefable|16/100\n|-hitcount|p2a: Clefable|4\n|move|p1b: Lucario|Crunch|p2a: Clefable\n|-resisted|p2a: Clefable|1\n|-damage|p2a: Clefable|2/100\n|move|p2b: Chimecho|Cosmic Power|p2b: Chimecho\n|-boost|p2b: Chimecho|def|1\n|-boost|p2b: Chimecho|spd|1\n|\n|-heal|p2a: Clefable|8/100|[from] item: Leftovers\n|upkeep\n|turn|4\n|\n|t:|1776023565\n|move|p1a: Maushold|Beat Up|p1b: Lucario\n|-resisted|p1b: Lucario|1\n|-damage|p1b: Lucario|70/100\n|-resisted|p1b: Lucario|1\n|-damage|p1b: Lucario|68/100\n|-resisted|p1b: Lucario|1\n|-damage|p1b: Lucario|68/100\n|-resisted|p1b: Lucario|1\n|-damage|p1b: Lucario|67/100\n|-hitcount|p1b: Lucario|4\n|move|p1b: Lucario|Crunch|p2b: Chimecho\n|-supereffective|p2b: Chimecho|1\n|-damage|p2b: Chimecho|79/100\n|-unboost|p2b: Chimecho|def|1\n|move|p2b: Chimecho|Cosmic Power|p2b: Chimecho\n|-boost|p2b: Chimecho|def|1\n|-boost|p2b: Chimecho|spd|1\n|move|p2a: Clefable|Moonlight|p2a: Clefable\n|-heal|p2a: Clefable|58/100\n|\n|-heal|p2a: Clefable|64/100|[from] item: Leftovers\n|upkeep\n|turn|5\n|-message|TheKingofGlers forfeited.\n|\n|win|RealJCubed\n|raw|TheKingofGlers's rating: 1044 &rarr; <strong>1029</strong><br />(-15 for losing)\n|raw|RealJCubed's rating: 1070 &rarr; <strong>1097</strong><br />(+27 for winning)\n|l|\u2606TheKingofGlers\n|player|p1|\n|c|\u2606RealJCubed|he doesnt have justified after you mega evolve, genius\n|c|\u2606RealJCubed|fucking idiot\n",
  "uploadtime": 1776023585,
  "views": 14,
  "formatid": "gen9championsvgc2026regma",
  "rating": 1029,
  "private": 0,
  "password": null
}