{
  "id": "gen9championsvgc2026regma-2588417273",
  "format": "[Gen 9 Champions] VGC 2026 Reg M-A",
  "players": [
    "AppleWalrus1",
    "Arthuro145"
  ],
  "log": "|j|\u2606AppleWalrus1\n|j|\u2606Arthuro145\n|t:|1776631754\n|gametype|doubles\n|player|p1|AppleWalrus1|caitlin|1411\n|player|p2|Arthuro145|266|1374\n|gen|9\n|tier|[Gen 9 Champions] VGC 2026 Reg M-A\n|rated|\n|rule|Species Clause: Limit one of each Pok\u00e9mon\n|rule|Item Clause: Limit 1 of each item\n|clearpoke\n|poke|p1|Pelipper, L50, M|\n|poke|p1|Gardevoir, L50, F|\n|poke|p1|Farigiraf, L50, F|\n|poke|p1|Basculegion, L50, M|\n|poke|p1|Maushold, L50|\n|poke|p1|Archaludon, L50, F|\n|poke|p2|Delphox, L50, F|\n|poke|p2|Garchomp, L50, M|\n|poke|p2|Milotic, L50, F|\n|poke|p2|Rotom-Mow, L50|\n|poke|p2|Tyranitar, L50, M|\n|poke|p2|Corviknight, L50, M|\n|teampreview|4\n|inactive|Battle timer is ON: inactive players will automatically lose when time's up. (requested by AppleWalrus1)\n|inactive|AppleWalrus1 has 60 seconds left.\n|inactive|Arthuro145 has 60 seconds left.\n|\n|t:|1776631810\n|teamsize|p1|4\n|teamsize|p2|4\n|start\n|switch|p1a: Farigiraf|Farigiraf, L50, F|100/100\n|switch|p1b: Pelipper|Pelipper, L50, M|100/100\n|switch|p2a: Garchomp|Garchomp, L50, M|100/100\n|switch|p2b: Rotom|Rotom-Mow, L50|100/100\n|-weather|RainDance|[from] ability: Drizzle|[of] p1b: Pelipper\n|turn|1\n|\n|t:|1776631838\n|switch|p1b: Gardevoir|Gardevoir, L50, F|100/100\n|-ability|p1b: Gardevoir|Levitate|Trace|[from] ability: Trace|[of] p2b: Rotom\n|move|p2b: Rotom|Leaf Storm|p1a: Farigiraf|[miss]\n|-miss|p2b: Rotom|p1a: Farigiraf\n|move|p2a: Garchomp|Dragon Claw|p1a: Farigiraf\n|-damage|p1a: Farigiraf|70/100\n|move|p1a: Farigiraf|Trick Room|p1a: Farigiraf\n|-fieldstart|move: Trick Room|[of] p1a: Farigiraf\n|\n|-weather|RainDance|[upkeep]\n|upkeep\n|turn|2\n|\n|t:|1776631853\n|switch|p2a: Milotic|Milotic, L50, F|100/100\n|detailschange|p1b: Gardevoir|Gardevoir-Mega, L50, F\n|-mega|p1b: Gardevoir|Gardevoir|Gardevoirite\n|move|p1a: Farigiraf|Helping Hand|p1b: Gardevoir\n|-singleturn|p1b: Gardevoir|Helping Hand|[of] p1a: Farigiraf\n|move|p1b: Gardevoir|Hyper Voice|p2a: Milotic|[spread] p2a,p2b\n|-damage|p2a: Milotic|44/100\n|-damage|p2b: Rotom|0 fnt\n|-enditem|p2a: Milotic|Sitrus Berry|[eat]\n|-heal|p2a: Milotic|69/100|[from] item: Sitrus Berry\n|faint|p2b: Rotom\n|\n|-weather|RainDance|[upkeep]\n|upkeep\n|c|\u2606Arthuro145|Stupid fucking rotom\n|\n|t:|1776631872\n|switch|p2b: Tyranitar|Tyranitar, L50, M|100/100\n|-weather|Sandstorm|[from] ability: Sand Stream|[of] p2b: Tyranitar\n|turn|3\n|c|\u2606AppleWalrus1|thats rotom for you\n|c|\u2606AppleWalrus1|have fun with will o wisp and hydro pump\n|inactive|AppleWalrus1 has 30 seconds left.\n|inactive|AppleWalrus1 has 20 seconds left.\n|\n|t:|1776631908\n|switch|p1a: Pelipper|Pelipper, L50, M|100/100\n|-weather|RainDance|[from] ability: Drizzle|[of] p1a: Pelipper\n|detailschange|p2b: Tyranitar|Tyranitar-Mega, L50, M\n|-mega|p2b: Tyranitar|Tyranitar|Tyranitarite\n|-weather|Sandstorm|[from] ability: Sand Stream|[of] p2b: Tyranitar\n|move|p1b: Gardevoir|Protect|p1b: Gardevoir\n|-singleturn|p1b: Gardevoir|Protect\n|move|p2b: Tyranitar|Rock Slide|p1a: Pelipper|[spread] p1a\n|-activate|p1b: Gardevoir|move: Protect\n|-supereffective|p1a: Pelipper|1\n|-enditem|p1a: Pelipper|Charti Berry|[eat]\n|-enditem|p1a: Pelipper|Charti Berry|[weaken]\n|-damage|p1a: Pelipper|61/100\n|move|p2a: Milotic|Scald|p1a: Pelipper\n|-resisted|p1a: Pelipper|1\n|-damage|p1a: Pelipper|39/100\n|\n|-weather|Sandstorm|[upkeep]\n|-damage|p1a: Pelipper|33/100|[from] Sandstorm\n|-damage|p2a: Milotic|63/100|[from] Sandstorm\n|-damage|p1b: Gardevoir|95/100|[from] Sandstorm\n|upkeep\n|turn|4\n|\n|t:|1776631931\n|switch|p1a: Archaludon|Archaludon, L50, F|100/100\n|move|p2b: Tyranitar|Crunch|p1b: Gardevoir\n|-damage|p1b: Gardevoir|27/100\n|move|p2a: Milotic|Scald|p1b: Gardevoir\n|-damage|p1b: Gardevoir|3/100\n|move|p1b: Gardevoir|Hyper Voice|p2b: Tyranitar|[spread] p2a,p2b\n|-supereffective|p2b: Tyranitar|1\n|-damage|p2a: Milotic|25/100\n|-damage|p2b: Tyranitar|52/100\n|\n|-weather|Sandstorm|[upkeep]\n|-damage|p2a: Milotic|19/100|[from] Sandstorm\n|-damage|p1b: Gardevoir|0 fnt|[from] Sandstorm\n|faint|p1b: Gardevoir\n|upkeep\n|\n|t:|1776631940\n|switch|p1b: Pelipper|Pelipper, L50, M|33/100\n|-weather|RainDance|[from] ability: Drizzle|[of] p1b: Pelipper\n|turn|5\n|c|\u2606Arthuro145|Zamn\n|inactive|AppleWalrus1 has 30 seconds left.\n|inactive|Arthuro145 has 30 seconds left.\n|inactive|AppleWalrus1 has 20 seconds left.\n|\n|t:|1776631980\n|switch|p2a: Garchomp|Garchomp, L50, M|100/100\n|move|p1a: Archaludon|Protect|p1a: Archaludon\n|-singleturn|p1a: Archaludon|Protect\n|move|p1b: Pelipper|Tailwind|p1b: Pelipper\n|-sidestart|p1: AppleWalrus1|move: Tailwind\n|move|p2b: Tyranitar|Superpower|p1a: Archaludon\n|-activate|p1a: Archaludon|move: Protect\n|\n|-weather|RainDance|[upkeep]\n|-fieldend|move: Trick Room\n|upkeep\n|turn|6\n|\n|t:|1776632003\n|move|p2b: Tyranitar|Protect|p2b: Tyranitar\n|-singleturn|p2b: Tyranitar|Protect\n|move|p1a: Archaludon|Draco Meteor|p2a: Garchomp\n|-supereffective|p2a: Garchomp|1\n|-damage|p2a: Garchomp|0 fnt\n|-unboost|p1a: Archaludon|spa|2\n|faint|p2a: Garchomp\n|move|p1b: Pelipper|Weather Ball|p2b: Tyranitar\n|-activate|p2b: Tyranitar|move: Protect\n|\n|-weather|RainDance|[upkeep]\n|upkeep\n|-message|Arthuro145 forfeited.\n|\n|win|AppleWalrus1\n",
  "uploadtime": 1776631869,
  "views": 7,
  "formatid": "gen9championsvgc2026regma",
  "rating": null,
  "private": 0,
  "password": null
}