{
  "id": "gen9championsvgc2026regma-2589446181",
  "format": "[Gen 9 Champions] VGC 2026 Reg M-A",
  "players": [
    "Warehouse User",
    "Darksterdam"
  ],
  "log": "|j|\u2606Warehouse User\n|j|\u2606Darksterdam\n|t:|1776723651\n|gametype|doubles\n|player|p1|Warehouse User|265|1046\n|player|p2|Darksterdam|hilbert|1093\n|gen|9\n|tier|[Gen 9 Champions] VGC 2026 Reg M-A\n|rated|\n|rule|Species Clause: Limit one of each Pok\u00e9mon\n|rule|Item Clause: Limit 1 of each item\n|clearpoke\n|poke|p1|Aegislash, L50, F|\n|poke|p1|Maushold-Four, L50|\n|poke|p1|Azumarill, L50, M|\n|poke|p1|Whimsicott, L50, M|\n|poke|p1|Glimmora, L50, F|\n|poke|p1|Infernape, L50, M|\n|poke|p2|Beedrill, L50, M|\n|poke|p2|Sneasler, L50, F|\n|poke|p2|Milotic, L50, M|\n|poke|p2|Floette-Eternal, L50, F|\n|poke|p2|Sinistcha-Masterpiece, L50|\n|poke|p2|Typhlosion-Hisui, L50, F|\n|teampreview|4\n|inactive|Battle timer is ON: inactive players will automatically lose when time's up. (requested by Darksterdam)\n|inactive|Warehouse User has 60 seconds left.\n|\n|t:|1776723697\n|teamsize|p1|4\n|teamsize|p2|4\n|start\n|switch|p1a: Aegislash|Aegislash, L50, F|100/100\n|switch|p1b: Maushold|Maushold-Four, L50|100/100\n|switch|p2a: BEEDRILL BLAST|Beedrill, L50, M|100/100\n|switch|p2b: Joe|Sneasler, L50, F|100/100\n|turn|1\n|\n|t:|1776723712\n|detailschange|p2a: BEEDRILL BLAST|Beedrill-Mega, L50, M\n|-mega|p2a: BEEDRILL BLAST|Beedrill|Beedrillite\n|move|p1b: Maushold|Protect|p1b: Maushold\n|-singleturn|p1b: Maushold|Protect\n|move|p2b: Joe|Close Combat|p1b: Maushold\n|-activate|p1b: Maushold|move: Protect\n|move|p2a: BEEDRILL BLAST|Fell Stinger|p1b: Maushold\n|-activate|p1b: Maushold|move: Protect\n|move|p1a: Aegislash|Swords Dance|p1a: Aegislash\n|-boost|p1a: Aegislash|atk|2\n|\n|upkeep\n|turn|2\n|inactive|Warehouse User has 30 seconds left.\n|inactive|Darksterdam has 30 seconds left.\n|inactive|Warehouse User has 20 seconds left.\n|\n|t:|1776723751\n|switch|p1b: Infernape|Infernape, L50, M|100/100\n|switch|p2a: Why not ice/water?|Milotic, L50, M|100/100\n|move|p2b: Joe|Close Combat|p1b: Infernape\n|-damage|p1b: Infernape|24/100\n|-unboost|p2b: Joe|def|1\n|-unboost|p2b: Joe|spd|1\n|-enditem|p2b: Joe|White Herb\n|-clearnegativeboost|p2b: Joe|[silent]\n|move|p1a: Aegislash|Swords Dance|p1a: Aegislash\n|-boost|p1a: Aegislash|atk|2\n|\n|upkeep\n|turn|3\n|\n|t:|1776723773\n|move|p1b: Infernape|Fake Out|p2a: Why not ice/water?\n|-crit|p2a: Why not ice/water?\n|-damage|p2a: Why not ice/water?|79/100\n|-formechange|p1a: Aegislash|Aegislash-Blade|\n|move|p1a: Aegislash|Shadow Sneak|p2b: Joe\n|-damage|p2b: Joe|0 fnt\n|faint|p2b: Joe\n|cant|p2a: Why not ice/water?|flinch\n|\n|upkeep\n|\n|t:|1776723789\n|switch|p2b: Hot leaf juice|Sinistcha-Masterpiece, L50|100/100\n|-heal|p2a: Why not ice/water?|100/100|[from] ability: Hospitality|[of] p2b: Hot leaf juice\n|turn|4\n|\n|t:|1776723807\n|move|p2b: Hot leaf juice|Rage Powder|p2b: Hot leaf juice\n|-singleturn|p2b: Hot leaf juice|move: Rage Powder\n|move|p1a: Aegislash|Shadow Sneak|p2b: Hot leaf juice\n|-supereffective|p2b: Hot leaf juice|1\n|-damage|p2b: Hot leaf juice|0 fnt\n|faint|p2b: Hot leaf juice\n|move|p2a: Why not ice/water?|Scald|p1a: Aegislash\n|-damage|p1a: Aegislash|17/100\n|move|p1b: Infernape|Counter||[still]\n|-fail|p1b: Infernape\n|\n|upkeep\n|\n|t:|1776723817\n|switch|p2b: BEEDRILL BLAST|Beedrill-Mega, L50, M|100/100\n|turn|5\n|\n|t:|1776723826\n|move|p2b: BEEDRILL BLAST|Protect|p2b: BEEDRILL BLAST\n|-singleturn|p2b: BEEDRILL BLAST|Protect\n|move|p1a: Aegislash|Shadow Sneak|p2a: Why not ice/water?\n|-damage|p2a: Why not ice/water?|0 fnt\n|faint|p2a: Why not ice/water?\n|move|p1b: Infernape|Flare Blitz|p2b: BEEDRILL BLAST\n|-activate|p2b: BEEDRILL BLAST|move: Protect\n|\n|upkeep\n|turn|6\n|-message|Darksterdam forfeited.\n|\n|win|Warehouse User\n|raw|Warehouse User's rating: 1046 &rarr; <strong>1084</strong><br />(+38 for winning)\n|raw|Darksterdam's rating: 1093 &rarr; <strong>1066</strong><br />(-27 for losing)\n|l|\u2606Darksterdam\n|player|p2|\n",
  "uploadtime": 1776723841,
  "views": 3,
  "formatid": "gen9championsvgc2026regma",
  "rating": 1066,
  "private": 0,
  "password": null
}