{
  "id": "gen9championsvgc2026regma-2583529487",
  "format": "[Gen 9 Champions] VGC 2026 Reg M-A",
  "players": [
    "mofriu4334",
    "felipe_officiale"
  ],
  "log": "|j|\u2606mofriu4334\n|j|\u2606felipe_officiale\n|t:|1776181413\n|gametype|doubles\n|player|p1|mofriu4334|bianca|\n|player|p2|felipe_officiale|101|\n|gen|9\n|tier|[Gen 9 Champions] VGC 2026 Reg M-A\n|rule|Species Clause: Limit one of each Pok\u00e9mon\n|rule|Item Clause: Limit 1 of each item\n|clearpoke\n|poke|p1|Scizor, L50, M|\n|poke|p1|Rotom-Wash, L50|\n|poke|p1|Sylveon, L50, M|\n|poke|p1|Incineroar, L50, M|\n|poke|p1|Garchomp, L50, M|\n|poke|p1|Dragonite, L50, M|\n|poke|p2|Hippowdon, L50, M|\n|poke|p2|Corviknight, L50, M|\n|poke|p2|Excadrill, L50, M|\n|poke|p2|Tyranitar, L50, M|\n|poke|p2|Arcanine, L50, F|\n|poke|p2|Milotic, L50, M|\n|teampreview|4\n|j| Jeanmixed\n|\n|t:|1776181448\n|teamsize|p1|4\n|teamsize|p2|4\n|start\n|switch|p1a: Garchomp|Garchomp, L50, M|100/100\n|switch|p1b: Rotom|Rotom-Wash, L50|100/100\n|switch|p2a: Hippowdon|Hippowdon, L50, M|100/100\n|switch|p2b: Tyranitar|Tyranitar, L50, M|100/100\n|-ability|p2b: Tyranitar|Unnerve\n|-weather|Sandstorm|[from] ability: Sand Stream|[of] p2a: Hippowdon\n|turn|1\n|\n|t:|1776181489\n|detailschange|p2b: Tyranitar|Tyranitar-Mega, L50, M\n|-mega|p2b: Tyranitar|Tyranitar|Tyranitarite\n|move|p1a: Garchomp|Earthquake|p2b: Tyranitar|[spread] p2a,p2b\n|-immune|p1b: Rotom|[from] ability: Levitate\n|-supereffective|p2b: Tyranitar|1\n|-damage|p2a: Hippowdon|79/100\n|-damage|p2b: Tyranitar|54/100\n|move|p1b: Rotom|Hydro Pump|p2b: Tyranitar\n|-supereffective|p2b: Tyranitar|1\n|-damage|p2b: Tyranitar|13/100\n|move|p2b: Tyranitar|Ice Punch|p1a: Garchomp\n|-supereffective|p1a: Garchomp|2\n|-enditem|p1a: Garchomp|Yache Berry|[eat]\n|-enditem|p1a: Garchomp|Yache Berry|[weaken]\n|-damage|p1a: Garchomp|37/100\n|-damage|p2b: Tyranitar|0 fnt|[from] ability: Rough Skin|[of] p1a: Garchomp\n|faint|p2b: Tyranitar\n|move|p2a: Hippowdon|Yawn|p1b: Rotom\n|-start|p1b: Rotom|move: Yawn|[of] p2a: Hippowdon\n|\n|-weather|Sandstorm|[upkeep]\n|-damage|p1b: Rotom|95/100|[from] Sandstorm\n|upkeep\n|\n|t:|1776181508\n|switch|p2b: Corviknight|Corviknight, L50, M, shiny|100/100\n|turn|2\n|\n|t:|1776181536\n|switch|p2a: Arcanine|Arcanine, L50, F|100/100\n|-ability|p2a: Arcanine|Intimidate|boost\n|-unboost|p1a: Garchomp|atk|1\n|-unboost|p1b: Rotom|atk|1\n|move|p1a: Garchomp|Rock Slide|p2a: Arcanine|[spread] p2a,p2b\n|-supereffective|p2a: Arcanine|1\n|-damage|p2a: Arcanine|67/100\n|-damage|p2b: Corviknight|92/100\n|move|p1b: Rotom|Thunderbolt|p2b: Corviknight\n|-supereffective|p2b: Corviknight|1\n|-damage|p2b: Corviknight|24/100\n|-enditem|p2b: Corviknight|Sitrus Berry|[eat]\n|-heal|p2b: Corviknight|49/100|[from] item: Sitrus Berry\n|move|p2b: Corviknight|Brave Bird|p1a: Garchomp\n|-damage|p1a: Garchomp|0 fnt\n|-damage|p2b: Corviknight|37/100|[from] ability: Rough Skin|[of] p1a: Garchomp\n|faint|p1a: Garchomp\n|-damage|p2b: Corviknight|26/100|[from] Recoil\n|\n|-weather|Sandstorm|[upkeep]\n|-damage|p1b: Rotom|89/100|[from] Sandstorm\n|-damage|p2a: Arcanine|60/100|[from] Sandstorm\n|-end|p1b: Rotom|move: Yawn|[silent]\n|-status|p1b: Rotom|slp\n|upkeep\n|\n|t:|1776181549\n|switch|p1a: Dragonite|Dragonite, L50, M, shiny|100/100\n|turn|3\n|\n|t:|1776181585\n|switch|p2b: Hippowdon|Hippowdon, L50, M|79/100\n|detailschange|p1a: Dragonite|Dragonite-Mega, L50, M, shiny\n|-mega|p1a: Dragonite|Dragonite|Dragoninite\n|move|p2a: Arcanine|Extreme Speed|p1b: Rotom\n|-damage|p1b: Rotom|71/100 slp\n|move|p1a: Dragonite|Dragon Dance|p1a: Dragonite\n|-boost|p1a: Dragonite|atk|1\n|-boost|p1a: Dragonite|spe|1\n|cant|p1b: Rotom|slp\n|\n|-weather|Sandstorm|[upkeep]\n|-damage|p1a: Dragonite|95/100|[from] Sandstorm\n|-damage|p1b: Rotom|65/100 slp|[from] Sandstorm\n|-damage|p2a: Arcanine|54/100|[from] Sandstorm\n|upkeep\n|turn|4\n|\n|t:|1776181609\n|cant|p1b: Rotom|slp\n|move|p1a: Dragonite|Dragon Claw|p2a: Arcanine\n|-damage|p2a: Arcanine|0 fnt\n|faint|p2a: Arcanine\n|move|p2b: Hippowdon|Rock Tomb|p1a: Dragonite|[miss]\n|-miss|p2b: Hippowdon|p1a: Dragonite\n|\n|-weather|Sandstorm|[upkeep]\n|-damage|p1a: Dragonite|89/100|[from] Sandstorm\n|-damage|p1b: Rotom|60/100 slp|[from] Sandstorm\n|upkeep\n|\n|t:|1776181621\n|switch|p2a: Corviknight|Corviknight, L50, M, shiny|26/100\n|turn|5\n|\n|t:|1776181631\n|move|p1a: Dragonite|Extreme Speed|p2a: Corviknight\n|-resisted|p2a: Corviknight|1\n|-damage|p2a: Corviknight|13/100\n|-curestatus|p1b: Rotom|slp|[msg]\n|move|p1b: Rotom|Hydro Pump|p2b: Hippowdon\n|-supereffective|p2b: Hippowdon|1\n|-crit|p2b: Hippowdon\n|-enditem|p2b: Hippowdon|Passho Berry|[eat]\n|-enditem|p2b: Hippowdon|Passho Berry|[weaken]\n|-damage|p2b: Hippowdon|20/100\n|move|p2a: Corviknight|Body Press|p1b: Rotom\n|-damage|p1b: Rotom|38/100\n|-enditem|p1b: Rotom|Sitrus Berry|[eat]\n|-heal|p1b: Rotom|63/100|[from] item: Sitrus Berry\n|move|p2b: Hippowdon|Rock Tomb|p1a: Dragonite|[miss]\n|-miss|p2b: Hippowdon|p1a: Dragonite\n|\n|-weather|none\n|upkeep\n|turn|6\n|\n|t:|1776181662\n|move|p1a: Dragonite|Dragon Claw|p2b: Hippowdon\n|-damage|p2b: Hippowdon|0 fnt\n|faint|p2b: Hippowdon\n|move|p1b: Rotom|Thunderbolt|p2a: Corviknight\n|-supereffective|p2a: Corviknight|1\n|-damage|p2a: Corviknight|0 fnt\n|faint|p2a: Corviknight\n|\n|win|mofriu4334\n",
  "uploadtime": 1776181672,
  "views": 15,
  "formatid": "gen9championsvgc2026regma",
  "rating": null,
  "private": 0,
  "password": null
}