{
  "id": "gen9championsvgc2026regma-2581346477",
  "format": "[Gen 9 Champions] VGC 2026 Reg M-A",
  "players": [
    "ShadowS3raph",
    "2o82o82o9"
  ],
  "log": "|j|\u2606ShadowS3raph\n|j|\u26062o82o82o9\n|t:|1775989760\n|gametype|doubles\n|player|p1|ShadowS3raph|101|1084\n|player|p2|2o82o82o9|102|1151\n|gen|9\n|tier|[Gen 9 Champions] VGC 2026 Reg M-A\n|rated|\n|rule|Species Clause: Limit one of each Pok\u00e9mon\n|rule|Item Clause: Limit 1 of each item\n|clearpoke\n|poke|p1|Lopunny, L50, F|\n|poke|p1|Gengar, L50, M|\n|poke|p1|Incineroar, L50, M|\n|poke|p1|Sinistcha, L50|\n|poke|p1|Glimmora, L50, F|\n|poke|p1|Dragonite, L50, M|\n|poke|p2|Charizard, L50, F|\n|poke|p2|Garchomp, L50, M|\n|poke|p2|Sneasler, L50, F|\n|poke|p2|Venusaur, L50, M|\n|poke|p2|Rotom-Wash, L50|\n|poke|p2|Incineroar, L50, F|\n|teampreview|4\n2o82o82o9 rejected open team sheets.\n|inactive|Battle timer is ON: inactive players will automatically lose when time's up. (requested by 2o82o82o9)\n|inactive|ShadowS3raph has 60 seconds left.\n|\n|t:|1775989799\n|teamsize|p1|4\n|teamsize|p2|4\n|start\n|switch|p1a: Incineroar|Incineroar, L50, M|100/100\n|switch|p1b: Dragonite|Dragonite, L50, M|100/100\n|switch|p2a: Charizard|Charizard, L50, F|100/100\n|switch|p2b: Venusaur|Venusaur, L50, M|100/100\n|-ability|p1a: Incineroar|Intimidate|boost\n|-unboost|p2a: Charizard|atk|1\n|-unboost|p2b: Venusaur|atk|1\n|turn|1\n|\n|t:|1775989814\n|move|p2a: Charizard|Protect|p2a: Charizard\n|-singleturn|p2a: Charizard|Protect\n|move|p2b: Venusaur|Sleep Powder|p1b: Dragonite|[miss]\n|-miss|p2b: Venusaur|p1b: Dragonite\n|move|p1b: Dragonite|Dragon Dance|p1b: Dragonite\n|-boost|p1b: Dragonite|atk|1\n|-boost|p1b: Dragonite|spe|1\n|move|p1a: Incineroar|Flare Blitz|p2b: Venusaur\n|-supereffective|p2b: Venusaur|1\n|-enditem|p2b: Venusaur|Focus Sash\n|-damage|p2b: Venusaur|1/100\n|-damage|p1a: Incineroar|75/100|[from] Recoil\n|\n|upkeep\n|turn|2\n|\n|t:|1775989829\n|detailschange|p2a: Charizard|Charizard-Mega-Y, L50, F\n|-mega|p2a: Charizard|Charizard|Charizardite Y\n|-weather|SunnyDay|[from] ability: Drought|[of] p2a: Charizard\n|move|p1b: Dragonite|Extreme Speed|p2b: Venusaur\n|-damage|p2b: Venusaur|0 fnt\n|faint|p2b: Venusaur\n|move|p2a: Charizard|Heat Wave|p1a: Incineroar|[spread] p1a,p1b\n|-resisted|p1a: Incineroar|1\n|-crit|p1a: Incineroar\n|-resisted|p1b: Dragonite|1\n|-damage|p1a: Incineroar|31/100\n|-damage|p1b: Dragonite|73/100\n|-enditem|p1a: Incineroar|Sitrus Berry|[eat]\n|-heal|p1a: Incineroar|56/100|[from] item: Sitrus Berry\n|move|p1a: Incineroar|Parting Shot|p2a: Charizard\n|-unboost|p2a: Charizard|atk|1\n|-unboost|p2a: Charizard|spa|1\n|\n|t:|1775989846\n|switch|p1a: Lopunny|Lopunny, L50, F|100/100|[from] Parting Shot\n|\n|-weather|SunnyDay|[upkeep]\n|-heal|p1b: Dragonite|79/100|[from] item: Leftovers\n|upkeep\n|\n|t:|1775989852\n|switch|p2b: Sneasler|Sneasler, L50, F|100/100\n|turn|3\n|\n|t:|1775989861\n|detailschange|p1a: Lopunny|Lopunny-Mega, L50, F\n|-mega|p1a: Lopunny|Lopunny|Lopunnite\n|move|p1a: Lopunny|Fake Out|p2b: Sneasler\n|-damage|p2b: Sneasler|64/100\n|cant|p2b: Sneasler|flinch\n|move|p1b: Dragonite|Dragon Claw|p2a: Charizard\n|-damage|p2a: Charizard|3/100\n|move|p2a: Charizard|Heat Wave|p1a: Lopunny|[spread] p1a,p1b\n|-resisted|p1b: Dragonite|1\n|-damage|p1a: Lopunny|40/100\n|-damage|p1b: Dragonite|59/100\n|\n|-weather|SunnyDay|[upkeep]\n|-heal|p1b: Dragonite|65/100|[from] item: Leftovers\n|upkeep\n|turn|4\n|\n|t:|1775989878\n|move|p1a: Lopunny|Protect|p1a: Lopunny\n|-singleturn|p1a: Lopunny|Protect\n|move|p1b: Dragonite|Extreme Speed|p2a: Charizard\n|-damage|p2a: Charizard|0 fnt\n|faint|p2a: Charizard\n|move|p2b: Sneasler|Close Combat|p1a: Lopunny\n|-activate|p1a: Lopunny|move: Protect\n|\n|-weather|SunnyDay|[upkeep]\n|-heal|p1b: Dragonite|71/100|[from] item: Leftovers\n|upkeep\n|\n|t:|1775989879\n|switch|p2a: Garchomp|Garchomp, L50, M|100/100\n|turn|5\n|\n|t:|1775989893\n|move|p2a: Garchomp|Dragon Claw|p1b: Dragonite\n|-supereffective|p1b: Dragonite|1\n|-damage|p1b: Dragonite|0 fnt\n|faint|p1b: Dragonite\n|move|p1a: Lopunny|U-turn|p2b: Sneasler\n|-resisted|p2b: Sneasler|2\n|-damage|p2b: Sneasler|54/100\n|\n|t:|1775989900\n|switch|p1a: Incineroar|Incineroar, L50, M|56/100|[from] U-turn\n|-ability|p1a: Incineroar|Intimidate|boost\n|-unboost|p2a: Garchomp|atk|1\n|-unboost|p2b: Sneasler|atk|1\n|-enditem|p2b: Sneasler|White Herb\n|-clearnegativeboost|p2b: Sneasler|[silent]\n|move|p2b: Sneasler|Close Combat|p1a: Incineroar\n|-supereffective|p1a: Incineroar|1\n|-damage|p1a: Incineroar|0 fnt\n|-unboost|p2b: Sneasler|def|1\n|-unboost|p2b: Sneasler|spd|1\n|faint|p1a: Incineroar\n|\n|-weather|SunnyDay|[upkeep]\n|upkeep\n|\n|t:|1775989910\n|switch|p1b: Sinistcha|Sinistcha, L50|100/100\n|switch|p1a: Lopunny|Lopunny-Mega, L50, F|40/100\n|-heal|p1a: Lopunny|65/100|[from] ability: Hospitality|[of] p1b: Sinistcha\n|turn|6\n|\n|t:|1775989930\n|move|p1a: Lopunny|Protect|p1a: Lopunny\n|-singleturn|p1a: Lopunny|Protect\n|move|p1b: Sinistcha|Protect|p1b: Sinistcha\n|-singleturn|p1b: Sinistcha|Protect\n|move|p2b: Sneasler|Close Combat|p1a: Lopunny\n|-activate|p1a: Lopunny|move: Protect\n|move|p2a: Garchomp|Dragon Claw|p1b: Sinistcha\n|-activate|p1b: Sinistcha|move: Protect\n|\n|-weather|none\n|upkeep\n|turn|7\n|\n|t:|1775989948\n|move|p1b: Sinistcha|Rage Powder|p1b: Sinistcha\n|-singleturn|p1b: Sinistcha|move: Rage Powder\n|move|p2b: Sneasler|Close Combat|p1b: Sinistcha\n|-immune|p1b: Sinistcha\n|move|p2a: Garchomp|Dragon Claw|p1b: Sinistcha\n|-damage|p1b: Sinistcha|73/100\n|move|p1a: Lopunny|Close Combat|p2b: Sneasler\n|-resisted|p2b: Sneasler|1\n|-damage|p2b: Sneasler|0 fnt\n|-unboost|p1a: Lopunny|def|1\n|-unboost|p1a: Lopunny|spd|1\n|faint|p2b: Sneasler\n|\n|upkeep\n|turn|8\n|-message|2o82o82o9 forfeited.\n|\n|win|ShadowS3raph\n|raw|ShadowS3raph's rating: 1084 &rarr; <strong>1117</strong><br />(+33 for winning)\n|raw|2o82o82o9's rating: 1151 &rarr; <strong>1121</strong><br />(-30 for losing)\n|l|\u26062o82o82o9\n|player|p2|\n",
  "uploadtime": 1775989971,
  "views": 24,
  "formatid": "gen9championsvgc2026regma",
  "rating": 1117,
  "private": 0,
  "password": null
}