{
  "id": "gen9championsvgc2026regma-2580698086",
  "format": "[Gen 9 Champions] VGC 2026 Reg M-A",
  "players": [
    "magic 561",
    "shigeshigetokugawa"
  ],
  "log": "|j|\u2606magic 561\n|j|\u2606shigeshigetokugawa\n|t:|1775925176\n|gametype|doubles\n|player|p1|magic 561|colress|1343\n|player|p2|shigeshigetokugawa|ghetsis-gen5bw|1274\n|gen|9\n|tier|[Gen 9 Champions] VGC 2026 Reg M-A\n|rated|\n|rule|Species Clause: Limit one of each Pok\u00e9mon\n|rule|Item Clause: Limit 1 of each item\n|clearpoke\n|poke|p1|Glimmora, L50, M|\n|poke|p1|Basculegion, L50, M|\n|poke|p1|Talonflame, L50, F|\n|poke|p1|Aegislash, L50, M|\n|poke|p1|Clefable, L50, F|\n|poke|p1|Hydreigon, L50, M|\n|poke|p2|Floette-Eternal, L50, F|\n|poke|p2|Garchomp, L50, F|\n|poke|p2|Rotom-Wash, L50|\n|poke|p2|Talonflame, L50, M|\n|poke|p2|Aegislash, L50, M|\n|poke|p2|Maushold-Four, L50|\n|teampreview|4\n|inactive|Battle timer is ON: inactive players will automatically lose when time's up. (requested by magic 561)\n|j| gE1xjZRtuhW2DdT0AK\n|inactive|shigeshigetokugawa has 60 seconds left.\n|\n|t:|1775925217\n|teamsize|p1|4\n|teamsize|p2|4\n|start\n|switch|p1a: Talonflame|Talonflame, L50, F|100/100\n|switch|p1b: Basculegion|Basculegion, L50, M|100/100\n|switch|p2a: Garchomp|Garchomp, L50, F|100/100\n|switch|p2b: Rotom|Rotom-Wash, L50|100/100\n|turn|1\n|\n|t:|1775925237\n|move|p1a: Talonflame|Tailwind|p1a: Talonflame\n|-sidestart|p1: magic 561|move: Tailwind\n|move|p1b: Basculegion|Wave Crash|p2a: Garchomp\n|-damage|p2a: Garchomp|0 fnt\n|-damage|p1b: Basculegion|88/100|[from] ability: Rough Skin|[of] p2a: Garchomp\n|faint|p2a: Garchomp\n|-damage|p1b: Basculegion|57/100|[from] Recoil\n|move|p2b: Rotom|Volt Switch|p1b: Basculegion\n|-supereffective|p1b: Basculegion|1\n|-damage|p1b: Basculegion|0 fnt\n|faint|p1b: Basculegion\n|\n|t:|1775925243\n|switch|p2b: Talonflame|Talonflame, L50, M|100/100|[from] Volt Switch\n|\n|upkeep\n|\n|t:|1775925260\n|switch|p2a: Rotom|Rotom-Wash, L50|100/100\n|switch|p1b: Glimmora|Glimmora, L50, M|100/100\n|turn|2\n|inactive|shigeshigetokugawa has 30 seconds left.\n|inactive|shigeshigetokugawa has 20 seconds left.\n|\n|t:|1775925300\n|detailschange|p1b: Glimmora|Glimmora-Mega, L50, M\n|-mega|p1b: Glimmora|Glimmora|Glimmoranite\n|move|p1a: Talonflame|Acrobatics|p2b: Talonflame\n|-damage|p2b: Talonflame|35/100\n|move|p1b: Glimmora|Power Gem|p2b: Talonflame\n|-supereffective|p2b: Talonflame|2\n|-damage|p2b: Talonflame|0 fnt\n|faint|p2b: Talonflame\n|move|p2a: Rotom|Volt Switch|p1a: Talonflame\n|-supereffective|p1a: Talonflame|1\n|-damage|p1a: Talonflame|0 fnt\n|faint|p1a: Talonflame\n|\n|t:|1775925312\n|switch|p2a: Aegislash|Aegislash, L50, M|100/100|[from] Volt Switch\n|\n|upkeep\n|\n|t:|1775925315\n|switch|p2b: Rotom|Rotom-Wash, L50|100/100\n|switch|p1a: Aegislash|Aegislash, L50, M|100/100\n|turn|3\n|\n|t:|1775925336\n|move|p2a: Aegislash|King's Shield|p2a: Aegislash\n|-singleturn|p2a: Aegislash|Protect\n|move|p1b: Glimmora|Sludge Bomb|p2b: Rotom\n|-damage|p2b: Rotom|13/100\n|-enditem|p2b: Rotom|Sitrus Berry|[eat]\n|-heal|p2b: Rotom|37/100|[from] item: Sitrus Berry\n|-formechange|p1a: Aegislash|Aegislash-Blade|\n|move|p1a: Aegislash|Poltergeist||[still]\n|-fail|p1a: Aegislash\n|move|p2b: Rotom|Hydro Pump|p1b: Glimmora\n|-supereffective|p1b: Glimmora|1\n|-damage|p1b: Glimmora|0 fnt\n|faint|p1b: Glimmora\n|\n|upkeep\n|turn|4\n|\n|t:|1775925353\n|-formechange|p1a: Aegislash|Aegislash|\n|move|p1a: Aegislash|King's Shield|p1a: Aegislash\n|-singleturn|p1a: Aegislash|Protect\n|move|p2b: Rotom|Thunderbolt|p1a: Aegislash\n|-activate|p1a: Aegislash|move: Protect\n|-formechange|p2a: Aegislash|Aegislash-Blade|\n|move|p2a: Aegislash|Poltergeist|p1a: Aegislash\n|-activate|p1a: Aegislash|move: Protect\n|\n|-sideend|p1: magic 561|move: Tailwind\n|upkeep\n|turn|5\n|\n|t:|1775925366\n|move|p2b: Rotom|Thunderbolt|p1a: Aegislash\n|-crit|p1a: Aegislash\n|-damage|p1a: Aegislash|50/100\n|move|p2a: Aegislash|Poltergeist|p1a: Aegislash\n|-activate|p1a: Aegislash|move: Poltergeist|Spell Tag\n|-supereffective|p1a: Aegislash|1\n|-damage|p1a: Aegislash|0 fnt\n|faint|p1a: Aegislash\n|\n|win|shigeshigetokugawa\n|raw|magic 561's rating: 1343 &rarr; <strong>1319</strong><br />(-24 for losing)\n|raw|shigeshigetokugawa's rating: 1274 &rarr; <strong>1304</strong><br />(+30 for winning)\n|l|\u2606magic 561\n|player|p1|\n",
  "uploadtime": 1775925376,
  "views": 75,
  "formatid": "gen9championsvgc2026regma",
  "rating": 1304,
  "private": 0,
  "password": null
}