{
  "id": "gen9championsvgc2026regma-2587585059",
  "format": "[Gen 9 Champions] VGC 2026 Reg M-A",
  "players": [
    "xNimxZ",
    "Pizzamemes123"
  ],
  "log": "|j|\u2606xNimxZ\n|j|\u2606Pizzamemes123\n|t:|1776544488\n|gametype|doubles\n|player|p1|xNimxZ|170|1324\n|player|p2|Pizzamemes123|1|1237\n|gen|9\n|tier|[Gen 9 Champions] VGC 2026 Reg M-A\n|rated|\n|rule|Species Clause: Limit one of each Pok\u00e9mon\n|rule|Item Clause: Limit 1 of each item\n|clearpoke\n|poke|p1|Blastoise, L50, F|\n|poke|p1|Aerodactyl, L50, F|\n|poke|p1|Kingambit, L50, M|\n|poke|p1|Kangaskhan, L50, F|\n|poke|p1|Sinistcha, L50|\n|poke|p1|Farigiraf, L50, M|\n|poke|p2|Tyranitar, L50, F|\n|poke|p2|Excadrill, L50, F|\n|poke|p2|Incineroar, L50, F|\n|poke|p2|Sinistcha, L50|\n|poke|p2|Milotic, L50, F|\n|poke|p2|Aerodactyl, L50, M|\n|teampreview|4\n|\n|t:|1776544558\n|teamsize|p1|4\n|teamsize|p2|4\n|start\n|switch|p1a: Farigiraf|Farigiraf, L50, M|100/100\n|switch|p1b: Blastoise|Blastoise, L50, F|100/100\n|switch|p2a: Excadrill|Excadrill, L50, F|100/100\n|switch|p2b: Sinistcha|Sinistcha, L50|100/100\n|turn|1\n|\n|t:|1776544575\n|detailschange|p1b: Blastoise|Blastoise-Mega, L50, F\n|-mega|p1b: Blastoise|Blastoise|Blastoisinite\n|move|p1b: Blastoise|Fake Out|p2a: Excadrill\n|-resisted|p2a: Excadrill|1\n|-damage|p2a: Excadrill|94/100\n|cant|p2a: Excadrill|flinch\n|move|p2b: Sinistcha|Trick Room|p2b: Sinistcha\n|-fieldstart|move: Trick Room|[of] p2b: Sinistcha\n|move|p1a: Farigiraf|Trick Room|p1a: Farigiraf\n|-fieldend|move: Trick Room\n|\n|upkeep\n|turn|2\n|\n|t:|1776544608\n|move|p1a: Farigiraf|Helping Hand|p1b: Blastoise\n|-singleturn|p1b: Blastoise|Helping Hand|[of] p1a: Farigiraf\n|move|p2a: Excadrill|Earthquake|p1a: Farigiraf|[spread] p2b,p1a,p1b\n|-resisted|p2b: Sinistcha|1\n|-damage|p2b: Sinistcha|80/100\n|-damage|p1a: Farigiraf|70/100\n|-damage|p1b: Blastoise|61/100\n|move|p1b: Blastoise|Dark Pulse|p2b: Sinistcha\n|-supereffective|p2b: Sinistcha|1\n|-damage|p2b: Sinistcha|0 fnt\n|faint|p2b: Sinistcha\n|\n|upkeep\n|\n|t:|1776544620\n|switch|p2b: Milotic|Milotic, L50, F|100/100\n|turn|3\n|\n|t:|1776544628\n|switch|p1b: Sinistcha|Sinistcha, L50|100/100\n|-heal|p1a: Farigiraf|95/100|[from] ability: Hospitality|[of] p1b: Sinistcha\n|move|p2a: Excadrill|High Horsepower|p1b: Sinistcha\n|-resisted|p1b: Sinistcha|1\n|-damage|p1b: Sinistcha|78/100\n|move|p2b: Milotic|Scald|p1a: Farigiraf\n|-damage|p1a: Farigiraf|52/100\n|-status|p1a: Farigiraf|brn\n|move|p1a: Farigiraf|Trick Room|p1a: Farigiraf\n|-fieldstart|move: Trick Room|[of] p1a: Farigiraf\n|\n|-damage|p1a: Farigiraf|46/100 brn|[from] brn\n|upkeep\n|-enditem|p1a: Farigiraf|Sitrus Berry|[eat]\n|-heal|p1a: Farigiraf|71/100 brn|[from] item: Sitrus Berry\n|turn|4\n|\n|t:|1776544651\n|move|p1a: Farigiraf|Helping Hand|p1b: Sinistcha\n|-singleturn|p1b: Sinistcha|Helping Hand|[of] p1a: Farigiraf\n|move|p1b: Sinistcha|Matcha Gotcha|p2a: Excadrill|[spread] p2a,p2b\n|-supereffective|p2b: Milotic|1\n|-damage|p2a: Excadrill|42/100\n|-heal|p1b: Sinistcha|100/100|[from] drain|[of] p2a: Excadrill\n|-damage|p2b: Milotic|44/100\n|-status|p2a: Excadrill|brn\n|move|p2b: Milotic|Ice Beam|p1b: Sinistcha\n|-supereffective|p1b: Sinistcha|1\n|-damage|p1b: Sinistcha|42/100\n|move|p2a: Excadrill|Iron Head|p1b: Sinistcha\n|-damage|p1b: Sinistcha|23/100\n|\n|-damage|p1a: Farigiraf|65/100 brn|[from] brn\n|-damage|p2a: Excadrill|36/100 brn|[from] brn\n|upkeep\n|turn|5\n|\n|t:|1776544682\n|switch|p2a: Tyranitar|Tyranitar, L50, F|100/100\n|-weather|Sandstorm|[from] ability: Sand Stream|[of] p2a: Tyranitar\n|move|p1a: Farigiraf|Helping Hand|p1b: Sinistcha\n|-singleturn|p1b: Sinistcha|Helping Hand|[of] p1a: Farigiraf\n|move|p2b: Milotic|Protect|p2b: Milotic\n|-singleturn|p2b: Milotic|Protect\n|move|p1b: Sinistcha|Matcha Gotcha|p2a: Tyranitar|[spread] p2a\n|-activate|p2b: Milotic|move: Protect\n|-supereffective|p2a: Tyranitar|1\n|-damage|p2a: Tyranitar|61/100\n|-heal|p1b: Sinistcha|44/100|[from] drain|[of] p2a: Tyranitar\n|\n|-weather|Sandstorm|[upkeep]\n|-damage|p1a: Farigiraf|59/100 brn|[from] Sandstorm\n|-damage|p1b: Sinistcha|38/100|[from] Sandstorm\n|-damage|p2b: Milotic|38/100|[from] Sandstorm\n|-damage|p1a: Farigiraf|53/100 brn|[from] brn\n|upkeep\n|turn|6\n|\n|t:|1776544699\n|switch|p2b: Excadrill|Excadrill, L50, F|36/100 brn\n|move|p1a: Farigiraf|Helping Hand|p1b: Sinistcha\n|-singleturn|p1b: Sinistcha|Helping Hand|[of] p1a: Farigiraf\n|move|p2a: Tyranitar|Knock Off|p1b: Sinistcha\n|-supereffective|p1b: Sinistcha|1\n|-enditem|p1b: Sinistcha|Colbur Berry|[eat]\n|-enditem|p1b: Sinistcha|Colbur Berry|[weaken]\n|-damage|p1b: Sinistcha|0 fnt\n|faint|p1b: Sinistcha\n|\n|-weather|Sandstorm|[upkeep]\n|-damage|p1a: Farigiraf|47/100 brn|[from] Sandstorm\n|-damage|p1a: Farigiraf|41/100 brn|[from] brn\n|-damage|p2b: Excadrill|30/100 brn|[from] brn\n|upkeep\n|\n|t:|1776544713\n|switch|p1b: Kingambit|Kingambit, L50, M|100/100\n|turn|7\n|\n|t:|1776544724\n|move|p2a: Tyranitar|Protect|p2a: Tyranitar\n|-singleturn|p2a: Tyranitar|Protect\n|move|p1b: Kingambit|Low Kick|p2a: Tyranitar\n|-activate|p2a: Tyranitar|move: Protect\n|move|p1a: Farigiraf|Rain Dance|p1a: Farigiraf\n|-weather|RainDance\n|move|p2b: Excadrill|Earthquake|p1a: Farigiraf|[spread] p1a,p1b\n|-activate|p2a: Tyranitar|move: Protect\n|-supereffective|p1b: Kingambit|1\n|-damage|p1a: Farigiraf|26/100 brn\n|-damage|p1b: Kingambit|69/100\n|\n|-weather|RainDance|[upkeep]\n|-damage|p1a: Farigiraf|20/100 brn|[from] brn\n|-damage|p2b: Excadrill|25/100 brn|[from] brn\n|-fieldend|move: Trick Room\n|upkeep\n|turn|8\n|\n|t:|1776544739\n|detailschange|p2a: Tyranitar|Tyranitar-Mega, L50, F\n|-mega|p2a: Tyranitar|Tyranitar|Tyranitarite\n|-weather|Sandstorm|[from] ability: Sand Stream|[of] p2a: Tyranitar\n|move|p2b: Excadrill|Iron Head|p1a: Farigiraf\n|-damage|p1a: Farigiraf|4/100 brn\n|move|p2a: Tyranitar|Low Kick|p1b: Kingambit\n|-supereffective|p1b: Kingambit|2\n|-damage|p1b: Kingambit|0 fnt\n|faint|p1b: Kingambit\n|cant|p1a: Farigiraf|flinch\n|\n|-weather|Sandstorm|[upkeep]\n|-damage|p1a: Farigiraf|0 fnt|[from] Sandstorm\n|faint|p1a: Farigiraf\n|-damage|p2b: Excadrill|19/100 brn|[from] brn\n|upkeep\n|\n|t:|1776544755\n|switch|p1b: Blastoise|Blastoise-Mega, L50, F|61/100\n|turn|9\n|\n|t:|1776544761\n|move|p2a: Tyranitar|Protect|p2a: Tyranitar\n|-singleturn|p2a: Tyranitar|Protect\n|move|p2b: Excadrill|Earthquake|p1b: Blastoise|[spread] p1b\n|-activate|p2a: Tyranitar|move: Protect\n|-damage|p1b: Blastoise|44/100\n|move|p1b: Blastoise|Water Pulse|p2a: Tyranitar\n|-activate|p2a: Tyranitar|move: Protect\n|\n|-weather|Sandstorm|[upkeep]\n|-damage|p1b: Blastoise|38/100|[from] Sandstorm\n|-damage|p2b: Excadrill|13/100 brn|[from] brn\n|upkeep\n|turn|10\n|\n|t:|1776544769\n|move|p2b: Excadrill|High Horsepower|p1b: Blastoise\n|-damage|p1b: Blastoise|16/100\n|move|p2a: Tyranitar|Knock Off|p1b: Blastoise\n|-damage|p1b: Blastoise|0 fnt\n|faint|p1b: Blastoise\n|\n|win|Pizzamemes123\n|raw|xNimxZ's rating: 1324 &rarr; <strong>1299</strong><br />(-25 for losing)\n|raw|Pizzamemes123's rating: 1237 &rarr; <strong>1268</strong><br />(+31 for winning)\n",
  "uploadtime": 1776544782,
  "views": 29,
  "formatid": "gen9championsvgc2026regma",
  "rating": 1268,
  "private": 0,
  "password": null
}