{
  "id": "gen9championsvgc2026regma-2585626517",
  "format": "[Gen 9 Champions] VGC 2026 Reg M-A",
  "players": [
    "FlashitoVgc",
    "shinja yug"
  ],
  "log": "|j|\u2606FlashitoVgc\n|j|\u2606shinja yug\n|t:|1776359759\n|gametype|doubles\n|player|p1|FlashitoVgc|ltsurge|1355\n|player|p2|shinja yug|li|1421\n|gen|9\n|tier|[Gen 9 Champions] VGC 2026 Reg M-A\n|rated|\n|rule|Species Clause: Limit one of each Pok\u00e9mon\n|rule|Item Clause: Limit 1 of each item\n|clearpoke\n|poke|p1|Pelipper, L50, F|\n|poke|p1|Feraligatr, L50, M|\n|poke|p1|Archaludon, L50, M|\n|poke|p1|Sinistcha, L50|\n|poke|p1|Sneasler, L50, M|\n|poke|p1|Incineroar, L50, M|\n|poke|p2|Basculegion, L50, M|\n|poke|p2|Dragapult, L50, M|\n|poke|p2|Kingambit, L50, M|\n|poke|p2|Scovillain, L50, M|\n|poke|p2|Aerodactyl, L50, M|\n|poke|p2|Sneasler, L50, F|\n|teampreview|4\n|\n|t:|1776359794\n|teamsize|p1|4\n|teamsize|p2|4\n|start\n|switch|p1a: Pelipper|Pelipper, L50, F|100/100\n|switch|p1b: Archaludon|Archaludon, L50, M|100/100\n|switch|p2a: Sneasler|Sneasler, L50, F|100/100\n|switch|p2b: Aerodactyl|Aerodactyl, L50, M|100/100\n|-ability|p2b: Aerodactyl|Unnerve\n|-weather|RainDance|[from] ability: Drizzle|[of] p1a: Pelipper\n|turn|1\n|\n|t:|1776359811\n|move|p1b: Archaludon|Protect|p1b: Archaludon\n|-singleturn|p1b: Archaludon|Protect\n|move|p2b: Aerodactyl|Stone Edge|p1a: Pelipper\n|-supereffective|p1a: Pelipper|1\n|-enditem|p1a: Pelipper|Focus Sash\n|-damage|p1a: Pelipper|1/100\n|move|p2a: Sneasler|Close Combat|p1b: Archaludon\n|-activate|p1b: Archaludon|move: Protect\n|move|p1a: Pelipper|Hurricane|p2a: Sneasler\n|-supereffective|p2a: Sneasler|1\n|-damage|p2a: Sneasler|0 fnt\n|faint|p2a: Sneasler\n|\n|-weather|RainDance|[upkeep]\n|upkeep\n|\n|t:|1776359824\n|switch|p2a: charti boy|Scovillain, L50, M|100/100\n|turn|2\n|\n|t:|1776359842\n|switch|p1a: Feraligatr|Feraligatr, L50, M|100/100\n|move|p2a: charti boy|Protect|p2a: charti boy\n|-singleturn|p2a: charti boy|Protect\n|move|p2b: Aerodactyl|Dual Wingbeat|p1a: Feraligatr\n|-damage|p1a: Feraligatr|79/100\n|-damage|p1a: Feraligatr|57/100\n|-hitcount|p1a: Feraligatr|2\n|move|p1b: Archaludon|Electro Shot||[still]\n|-prepare|p1b: Archaludon|Electro Shot\n|-boost|p1b: Archaludon|spa|1\n|-anim|p1b: Archaludon|Electro Shot|p2b: Aerodactyl\n|-supereffective|p2b: Aerodactyl|1\n|-enditem|p2b: Aerodactyl|Focus Sash\n|-damage|p2b: Aerodactyl|1/100\n|\n|-weather|RainDance|[upkeep]\n|-ability|p2a: charti boy|Moody|boost\n|-boost|p2a: charti boy|def|2\n|-unboost|p2a: charti boy|spa|1\n|upkeep\n|turn|3\n|\n|t:|1776359864\n|detailschange|p1a: Feraligatr|Feraligatr-Mega, L50, M\n|-mega|p1a: Feraligatr|Feraligatr|Feraligite\n|detailschange|p2a: charti boy|Scovillain-Mega, L50, M\n|-mega|p2a: charti boy|Scovillain|Scovillainite\n|move|p2a: charti boy|Rage Powder|p2a: charti boy\n|-singleturn|p2a: charti boy|move: Rage Powder\n|move|p1a: Feraligatr|Aqua Jet|p2a: charti boy\n|-damage|p2a: charti boy|81/100\n|-status|p1a: Feraligatr|brn|[from] ability: Spicy Spray|[of] p2a: charti boy\n|move|p2b: Aerodactyl|Tailwind|p2b: Aerodactyl\n|-sidestart|p2: shinja yug|move: Tailwind\n|move|p1b: Archaludon|Draco Meteor|p2a: charti boy\n|-damage|p2a: charti boy|0 fnt\n|-unboost|p1b: Archaludon|spa|2\n|-status|p1b: Archaludon|brn|[from] ability: Spicy Spray|[of] p2a: charti boy\n|faint|p2a: charti boy\n|\n|-weather|RainDance|[upkeep]\n|-damage|p1a: Feraligatr|50/100 brn|[from] brn\n|-damage|p1b: Archaludon|94/100 brn|[from] brn\n|upkeep\n|\n|t:|1776359876\n|switch|p2a: Dragapult|Dragapult, L50, M|100/100\n|turn|4\n|\n|t:|1776359912\n|move|p1a: Feraligatr|Aqua Jet|p2b: Aerodactyl\n|-supereffective|p2b: Aerodactyl|1\n|-damage|p2b: Aerodactyl|0 fnt\n|faint|p2b: Aerodactyl\n|move|p2a: Dragapult|Dragon Darts|p1a: Feraligatr\n|-supereffective|p1a: Feraligatr|1\n|-damage|p1a: Feraligatr|4/100 brn\n|-anim|p2a: Dragapult|Dragon Darts|p1b: Archaludon\n|-damage|p1b: Archaludon|73/100 brn\n|-ability|p1b: Archaludon|Stamina|boost\n|-boost|p1b: Archaludon|def|1\n|move|p1b: Archaludon|Draco Meteor|p2a: Dragapult\n|-supereffective|p2a: Dragapult|1\n|-damage|p2a: Dragapult|11/100\n|-unboost|p1b: Archaludon|spa|2\n|\n|-weather|RainDance|[upkeep]\n|-heal|p1b: Archaludon|79/100 brn|[from] item: Leftovers\n|-damage|p1a: Feraligatr|0 fnt|[from] brn\n|faint|p1a: Feraligatr\n|-damage|p1b: Archaludon|73/100 brn|[from] brn\n|upkeep\n|\n|t:|1776359927\n|switch|p1a: Incineroar|Incineroar, L50, M|100/100\n|-ability|p1a: Incineroar|Intimidate|boost\n|-fail|p2a: Dragapult|unboost|[from] ability: Clear Body|[of] p2a: Dragapult\n|turn|5\n|\n|t:|1776359937\n|move|p2a: Dragapult|Phantom Force||[still]\n|-prepare|p2a: Dragapult|Phantom Force\n|move|p1b: Archaludon|Draco Meteor|p2a: Dragapult|[miss]\n|-miss|p1b: Archaludon|p2a: Dragapult\n|move|p1a: Incineroar|Darkest Lariat|p2a: Dragapult|[miss]\n|-miss|p1a: Incineroar|p2a: Dragapult\n|\n|-weather|none\n|-heal|p1b: Archaludon|79/100 brn|[from] item: Leftovers\n|-damage|p1b: Archaludon|73/100 brn|[from] brn\n|upkeep\n|turn|6\n|\n|t:|1776359945\n|move|p2a: Dragapult|Phantom Force|p1b: Archaludon|[from] lockedmove\n|-damage|p1b: Archaludon|46/100 brn\n|-ability|p1b: Archaludon|Stamina|boost\n|-boost|p1b: Archaludon|def|1\n|move|p1b: Archaludon|Draco Meteor|p2a: Dragapult\n|-supereffective|p2a: Dragapult|1\n|-damage|p2a: Dragapult|0 fnt\n|-unboost|p1b: Archaludon|spa|2\n|faint|p2a: Dragapult\n|\n|win|FlashitoVgc\n|raw|FlashitoVgc's rating: 1355 &rarr; <strong>1379</strong><br />(+24 for winning)\n|raw|shinja yug's rating: 1421 &rarr; <strong>1397</strong><br />(-24 for losing)\n",
  "uploadtime": 1776359949,
  "views": 33,
  "formatid": "gen9championsvgc2026regma",
  "rating": 1379,
  "private": 0,
  "password": null
}