{
  "id": "gen9championsvgc2026regma-2586216827",
  "format": "[Gen 9 Champions] VGC 2026 Reg M-A",
  "players": [
    "gltch_grl",
    "mitzo"
  ],
  "log": "|j|\u2606gltch_grl\n|j|\u2606mitzo\n|t:|1776413563\n|gametype|doubles\n|player|p1|gltch_grl|2|1096\n|player|p2|mitzo|unknown|1090\n|gen|9\n|tier|[Gen 9 Champions] VGC 2026 Reg M-A\n|rated|\n|rule|Species Clause: Limit one of each Pok\u00e9mon\n|rule|Item Clause: Limit 1 of each item\n|clearpoke\n|poke|p1|Sinistcha, L50|\n|poke|p1|Aerodactyl, L50, M|\n|poke|p1|Archaludon, L50, F|\n|poke|p1|Gyarados, L50, F|\n|poke|p1|Meowscarada, L50, F|\n|poke|p1|Farigiraf, L50, F|\n|poke|p2|Espathra, L50, F|\n|poke|p2|Kangaskhan, L50, F|\n|poke|p2|Tauros-Paldea-Blaze, L50, M|\n|poke|p2|Vaporeon, L50, F|\n|poke|p2|Meganium, L50, M|\n|poke|p2|Beedrill, L50, F|\n|teampreview|4\n|\n|t:|1776413637\n|teamsize|p1|4\n|teamsize|p2|4\n|start\n|switch|p1a: Aerodactyl|Aerodactyl, L50, M|100/100\n|switch|p1b: Gyarados|Gyarados, L50, F|100/100\n|switch|p2a: Kangaskhan|Kangaskhan, L50, F|100/100\n|switch|p2b: Vaporeon|Vaporeon, L50, F, shiny|100/100\n|-ability|p1a: Aerodactyl|Unnerve\n|-ability|p1b: Gyarados|Intimidate|boost\n|-fail|p2a: Kangaskhan|unboost|Attack|[from] ability: Scrappy|[of] p2a: Kangaskhan\n|-unboost|p2b: Vaporeon|atk|1\n|turn|1\n|\n|t:|1776413672\n|detailschange|p2a: Kangaskhan|Kangaskhan-Mega, L50, F\n|-mega|p2a: Kangaskhan|Kangaskhan|Kangaskhanite\n|detailschange|p1b: Gyarados|Gyarados-Mega, L50, F\n|-mega|p1b: Gyarados|Gyarados|Gyaradosite\n|-ability|p1b: Gyarados|Mold Breaker\n|move|p2a: Kangaskhan|Fake Out|p1b: Gyarados\n|-damage|p1b: Gyarados|82/100\n|-damage|p1b: Gyarados|78/100\n|-hitcount|p1b: Gyarados|2\n|move|p1a: Aerodactyl|Tailwind|p1a: Aerodactyl\n|-sidestart|p1: gltch_grl|move: Tailwind\n|cant|p1b: Gyarados|flinch\n|move|p2b: Vaporeon|Muddy Water|p1b: Gyarados|[spread] \n|-miss|p2b: Vaporeon|p1a: Aerodactyl\n|-miss|p2b: Vaporeon|p1b: Gyarados\n|\n|upkeep\n|turn|2\n|\n|t:|1776413699\n|move|p1a: Aerodactyl|Rock Slide|p2a: Kangaskhan|[spread] p2a,p2b\n|-damage|p2a: Kangaskhan|81/100\n|-damage|p2b: Vaporeon|76/100\n|move|p1b: Gyarados|Earthquake|p2b: Vaporeon|[spread] p2a,p2b\n|-immune|p1a: Aerodactyl\n|-damage|p2a: Kangaskhan|54/100\n|-damage|p2b: Vaporeon|43/100\n|cant|p2a: Kangaskhan|flinch\n|cant|p2b: Vaporeon|flinch\n|\n|upkeep\n|turn|3\n|\n|t:|1776413718\n|switch|p2a: Tauros|Tauros-Paldea-Blaze, L50, M, shiny|100/100\n|-ability|p2a: Tauros|Intimidate|boost\n|-unboost|p1a: Aerodactyl|atk|1\n|-unboost|p1b: Gyarados|atk|1\n|move|p1a: Aerodactyl|Rock Slide|p2a: Tauros|[spread] p2a,p2b\n|-damage|p2a: Tauros|84/100\n|-damage|p2b: Vaporeon|27/100\n|move|p1b: Gyarados|Earthquake|p2b: Vaporeon|[spread] p2a,p2b\n|-immune|p1a: Aerodactyl\n|-supereffective|p2a: Tauros|1\n|-damage|p2a: Tauros|37/100\n|-damage|p2b: Vaporeon|6/100\n|move|p2b: Vaporeon|Muddy Water|p1b: Gyarados|[spread] p1a,p1b\n|-supereffective|p1a: Aerodactyl|1\n|-resisted|p1b: Gyarados|1\n|-damage|p1a: Aerodactyl|15/100\n|-damage|p1b: Gyarados|65/100\n|\n|upkeep\n|turn|4\n|\n|t:|1776413739\n|move|p1a: Aerodactyl|Protect|p1a: Aerodactyl\n|-singleturn|p1a: Aerodactyl|Protect\n|move|p1b: Gyarados|Earthquake|p2a: Tauros|[spread] p2a,p2b\n|-activate|p1a: Aerodactyl|move: Protect\n|-supereffective|p2a: Tauros|1\n|-damage|p2a: Tauros|0 fnt\n|-damage|p2b: Vaporeon|0 fnt\n|faint|p2a: Tauros\n|faint|p2b: Vaporeon\n|\n|-sideend|p1: gltch_grl|move: Tailwind\n|upkeep\n|\n|t:|1776413743\n|switch|p2a: Kangaskhan|Kangaskhan-Mega, L50, F|54/100\n|switch|p2b: Espathra|Espathra, L50, F, shiny|100/100\n|turn|5\n|\n|t:|1776413756\n|move|p2b: Espathra|Protect|p2b: Espathra\n|-singleturn|p2b: Espathra|Protect\n|move|p2a: Kangaskhan|Fake Out|p1a: Aerodactyl\n|-resisted|p1a: Aerodactyl|1\n|-damage|p1a: Aerodactyl|2/100\n|-resisted|p1a: Aerodactyl|1\n|-damage|p1a: Aerodactyl|0 fnt\n|faint|p1a: Aerodactyl\n|-hitcount|p1: Aerodactyl|2\n|move|p1b: Gyarados|Crunch|p2b: Espathra\n|-activate|p2b: Espathra|move: Protect\n|\n|-ability|p2b: Espathra|Speed Boost|boost\n|-boost|p2b: Espathra|spe|1\n|upkeep\n|\n|t:|1776413773\n|switch|p1a: Meowscarada|Meowscarada, L50, F|100/100\n|turn|6\n|\n|t:|1776413783\n|switch|p1b: Archaludon|Archaludon, L50, F|100/100\n|move|p1a: Meowscarada|Shadow Claw|p2b: Espathra\n|-start|p1a: Meowscarada|typechange|Ghost|[from] ability: Protean\n|-supereffective|p2b: Espathra|1\n|-damage|p2b: Espathra|5/100\n|move|p2b: Espathra|Dazzling Gleam|p1b: Archaludon|[spread] p1a,p1b\n|-damage|p1a: Meowscarada|70/100\n|-damage|p1b: Archaludon|74/100\n|-ability|p1b: Archaludon|Stamina|boost\n|-boost|p1b: Archaludon|def|1\n|move|p2a: Kangaskhan|Ice Punch|p1a: Meowscarada\n|-damage|p1a: Meowscarada|33/100\n|-crit|p1a: Meowscarada\n|-damage|p1a: Meowscarada|19/100\n|-hitcount|p1a: Meowscarada|2\n|\n|-heal|p2b: Espathra|11/100|[from] item: Leftovers\n|-heal|p1b: Archaludon|80/100|[from] item: Leftovers\n|-ability|p2b: Espathra|Speed Boost|boost\n|-boost|p2b: Espathra|spe|1\n|upkeep\n|turn|7\n|\n|t:|1776413815\n|move|p2b: Espathra|Protect|p2b: Espathra\n|-singleturn|p2b: Espathra|Protect\n|move|p1b: Archaludon|Protect|p1b: Archaludon\n|-singleturn|p1b: Archaludon|Protect\n|move|p1a: Meowscarada|Shadow Claw|p2b: Espathra\n|-activate|p2b: Espathra|move: Protect\n|move|p2a: Kangaskhan|Fire Punch|p1a: Meowscarada\n|-damage|p1a: Meowscarada|0 fnt\n|faint|p1a: Meowscarada\n|-hitcount|p1: Meowscarada|1\n|\n|-heal|p2b: Espathra|17/100|[from] item: Leftovers\n|-heal|p1b: Archaludon|86/100|[from] item: Leftovers\n|-ability|p2b: Espathra|Speed Boost|boost\n|-boost|p2b: Espathra|spe|1\n|upkeep\n|\n|t:|1776413829\n|switch|p1a: Gyarados|Gyarados-Mega, L50, F|65/100\n|-ability|p1a: Gyarados|Mold Breaker\n|turn|8\n|\n|t:|1776413847\n|move|p2b: Espathra|Dazzling Gleam|p1a: Gyarados|[spread] p1a,p1b\n|-supereffective|p1a: Gyarados|1\n|-damage|p1a: Gyarados|35/100\n|-damage|p1b: Archaludon|62/100\n|-ability|p1b: Archaludon|Stamina|boost\n|-boost|p1b: Archaludon|def|1\n|move|p2a: Kangaskhan|Thunder Punch|p1a: Gyarados\n|-supereffective|p1a: Gyarados|1\n|-damage|p1a: Gyarados|0 fnt\n|faint|p1a: Gyarados\n|-hitcount|p1: Gyarados|1\n|move|p1b: Archaludon|Dragon Pulse|p2b: Espathra\n|-damage|p2b: Espathra|0 fnt\n|faint|p2b: Espathra\n|\n|-heal|p1b: Archaludon|68/100|[from] item: Leftovers\n|upkeep\n|turn|9\n|\n|t:|1776413871\n|move|p1b: Archaludon|Protect|p1b: Archaludon\n|-singleturn|p1b: Archaludon|Protect\n|move|p2a: Kangaskhan|Ice Punch|p1b: Archaludon\n|-activate|p1b: Archaludon|move: Protect\n|\n|-heal|p1b: Archaludon|74/100|[from] item: Leftovers\n|upkeep\n|turn|10\n|\n|t:|1776413878\n|move|p2a: Kangaskhan|Ice Punch|p1b: Archaludon\n|-damage|p1b: Archaludon|66/100\n|-status|p1b: Archaludon|frz\n|-ability|p1b: Archaludon|Stamina|boost\n|-boost|p1b: Archaludon|def|1\n|-damage|p1b: Archaludon|65/100 frz\n|-ability|p1b: Archaludon|Stamina|boost\n|-boost|p1b: Archaludon|def|1\n|-hitcount|p1b: Archaludon|2\n|cant|p1b: Archaludon|frz\n|\n|-heal|p1b: Archaludon|71/100 frz|[from] item: Leftovers\n|upkeep\n|turn|11\n|\n|t:|1776413889\n|-curestatus|p1b: Archaludon|frz|[msg]\n|move|p1b: Archaludon|Protect|p1b: Archaludon\n|-singleturn|p1b: Archaludon|Protect\n|move|p2a: Kangaskhan|Ice Punch|p1b: Archaludon\n|-activate|p1b: Archaludon|move: Protect\n|\n|-heal|p1b: Archaludon|77/100|[from] item: Leftovers\n|upkeep\n|turn|12\n|\n|t:|1776413899\n|move|p2a: Kangaskhan|Ice Punch|p1b: Archaludon\n|-damage|p1b: Archaludon|71/100\n|-ability|p1b: Archaludon|Stamina|boost\n|-boost|p1b: Archaludon|def|1\n|-damage|p1b: Archaludon|70/100\n|-ability|p1b: Archaludon|Stamina|boost\n|-boost|p1b: Archaludon|def|1\n|-hitcount|p1b: Archaludon|2\n|move|p1b: Archaludon|Dragon Pulse|p2a: Kangaskhan\n|-damage|p2a: Kangaskhan|15/100\n|\n|-heal|p1b: Archaludon|76/100|[from] item: Leftovers\n|upkeep\n|turn|13\n|\n|t:|1776413911\n|move|p2a: Kangaskhan|Ice Punch|p1b: Archaludon\n|-damage|p1b: Archaludon|72/100\n|-damage|p1b: Archaludon|71/100\n|-hitcount|p1b: Archaludon|2\n|move|p1b: Archaludon|Dragon Pulse|p2a: Kangaskhan\n|-damage|p2a: Kangaskhan|0 fnt\n|faint|p2a: Kangaskhan\n|\n|win|gltch_grl\n|raw|gltch_grl's rating: 1096 &rarr; <strong>1121</strong><br />(+25 for winning)\n|raw|mitzo's rating: 1090 &rarr; <strong>1067</strong><br />(-23 for losing)\n|l|\u2606mitzo\n|player|p2|\n",
  "uploadtime": 1776413927,
  "views": 24,
  "formatid": "gen9championsvgc2026regma",
  "rating": 1067,
  "private": 0,
  "password": null
}