{
  "id": "gen9championsvgc2026regma-2586806969",
  "format": "[Gen 9 Champions] VGC 2026 Reg M-A",
  "players": [
    "radlup",
    "St Nothing"
  ],
  "log": "|j|\u2606radlup\n|j|\u2606St Nothing\n|t:|1776461478\n|gametype|doubles\n|player|p1|radlup|169|1000\n|player|p2|St Nothing|marley|1000\n|gen|9\n|tier|[Gen 9 Champions] VGC 2026 Reg M-A\n|rated|\n|rule|Species Clause: Limit one of each Pok\u00e9mon\n|rule|Item Clause: Limit 1 of each item\n|clearpoke\n|poke|p1|Scovillain, L50, M|\n|poke|p1|Dragapult, L50, M|\n|poke|p1|Incineroar, L50, M|\n|poke|p1|Sneasler, L50, F|\n|poke|p1|Basculegion, L50, M|\n|poke|p1|Kingambit, L50, F|\n|poke|p2|Sableye, L50, M|\n|poke|p2|Araquanid, L50, M|\n|poke|p2|Furfrou, L50, M|\n|poke|p2|Leafeon, L50, F|\n|poke|p2|Banette, L50, M|\n|poke|p2|Altaria, L50, M|\n|teampreview|4\n|\n|t:|1776461524\n|teamsize|p1|4\n|teamsize|p2|4\n|start\n|switch|p1a: Scovillain|Scovillain, L50, M|100/100\n|switch|p1b: Incineroar|Incineroar, L50, M|100/100\n|switch|p2a: Topaz|Sableye, L50, M, shiny|100/100\n|switch|p2b: Sora|Altaria, L50, M|100/100\n|-ability|p2b: Sora|Cloud Nine\n|-ability|p1b: Incineroar|Intimidate|boost\n|-unboost|p2a: Topaz|atk|1\n|-unboost|p2b: Sora|atk|1\n|turn|1\n|l|\u2606radlup\n|player|p1|\n|j|\u2606radlup\n|player|p1|radlup|169|\n|inactive|Battle timer is ON: inactive players will automatically lose when time's up. (requested by radlup)\n|\n|t:|1776461563\n|detailschange|p1a: Scovillain|Scovillain-Mega, L50, M\n|-mega|p1a: Scovillain|Scovillain|Scovillainite\n|move|p2a: Topaz|Fake Out|p1b: Incineroar\n|-damage|p1b: Incineroar|96/100\n|cant|p1b: Incineroar|flinch\n|move|p2b: Sora|Tailwind|p2b: Sora\n|-sidestart|p2: St Nothing|move: Tailwind\n|move|p1a: Scovillain|Flare Blitz|p2a: Topaz\n|-damage|p2a: Topaz|24/100\n|-damage|p1a: Scovillain|77/100|[from] Recoil\n|\n|upkeep\n|turn|2\n|inactive|St Nothing has 30 seconds left.\n|\n|t:|1776461592\n|move|p2b: Sora|Protect|p2b: Sora\n|-singleturn|p2b: Sora|Protect\n|move|p2a: Topaz|Foul Play|p1a: Scovillain\n|-damage|p1a: Scovillain|19/100\n|-status|p2a: Topaz|brn|[from] ability: Spicy Spray|[of] p1a: Scovillain\n|move|p1b: Incineroar|Parting Shot|p2b: Sora\n|-activate|p2b: Sora|move: Protect\n|move|p1a: Scovillain|Spicy Extract|p1b: Incineroar\n|-boost|p1b: Incineroar|atk|2\n|-unboost|p1b: Incineroar|def|2\n|\n|-damage|p2a: Topaz|18/100 brn|[from] brn\n|upkeep\n|turn|3\n|inactive|St Nothing has 30 seconds left.\n|\n|t:|1776461618\n|move|p1a: Scovillain|Rage Powder|p1a: Scovillain\n|-singleturn|p1a: Scovillain|move: Rage Powder\n|move|p2b: Sora|Draco Meteor|p1a: Scovillain\n|-damage|p1a: Scovillain|0 fnt\n|-unboost|p2b: Sora|spa|2\n|-status|p2b: Sora|brn|[from] ability: Spicy Spray|[of] p1a: Scovillain\n|faint|p1a: Scovillain\n|move|p2a: Topaz|Foul Play|p1b: Incineroar\n|-resisted|p1b: Incineroar|1\n|-damage|p1b: Incineroar|56/100\n|move|p1b: Incineroar|Flare Blitz|p2b: Sora\n|-resisted|p2b: Sora|1\n|-damage|p2b: Sora|50/100 brn\n|-damage|p1b: Incineroar|42/100|[from] Recoil\n|-enditem|p1b: Incineroar|Sitrus Berry|[eat]\n|-heal|p1b: Incineroar|66/100|[from] item: Sitrus Berry\n|\n|-damage|p2b: Sora|44/100 brn|[from] brn\n|-damage|p2a: Topaz|13/100 brn|[from] brn\n|upkeep\n|\n|t:|1776461638\n|switch|p1a: Sneasler|Sneasler, L50, F|100/100\n|turn|4\n|\n|t:|1776461659\n|move|p2b: Sora|Protect|p2b: Sora\n|-singleturn|p2b: Sora|Protect\n|move|p1a: Sneasler|Fake Out|p2b: Sora\n|-activate|p2b: Sora|move: Protect\n|move|p2a: Topaz|Will-O-Wisp|p1a: Sneasler\n|-status|p1a: Sneasler|brn\n|move|p1b: Incineroar|Flare Blitz|p2a: Topaz\n|-damage|p2a: Topaz|0 fnt\n|faint|p2a: Topaz\n|-damage|p1b: Incineroar|63/100|[from] Recoil\n|\n|-damage|p2b: Sora|38/100 brn|[from] brn\n|-damage|p1a: Sneasler|95/100 brn|[from] brn\n|-sideend|p2: St Nothing|move: Tailwind\n|upkeep\n|\n|t:|1776461671\n|switch|p2a: Glad\u00e9|Leafeon, L50, F, shiny|100/100\n|turn|5\n|\n|t:|1776461682\n|move|p1a: Sneasler|Dire Claw|p2b: Sora\n|-damage|p2b: Sora|15/100 brn\n|move|p2b: Sora|Tailwind|p2b: Sora\n|-sidestart|p2: St Nothing|move: Tailwind\n|move|p2a: Glad\u00e9|Trailblaze|p1a: Sneasler\n|-resisted|p1a: Sneasler|1\n|-damage|p1a: Sneasler|79/100 brn\n|-boost|p2a: Glad\u00e9|spe|1\n|move|p1b: Incineroar|Flare Blitz|p2a: Glad\u00e9\n|-supereffective|p2a: Glad\u00e9|1\n|-enditem|p2a: Glad\u00e9|Occa Berry|[eat]\n|-enditem|p2a: Glad\u00e9|Occa Berry|[weaken]\n|-damage|p2a: Glad\u00e9|21/100\n|-damage|p1b: Incineroar|41/100|[from] Recoil\n|\n|-damage|p2b: Sora|9/100 brn|[from] brn\n|-damage|p1a: Sneasler|73/100 brn|[from] brn\n|upkeep\n|turn|6\n|inactive|St Nothing has 30 seconds left.\n|\n|t:|1776461712\n|switch|p1b: Basculegion|Basculegion, L50, M|100/100\n|move|p2a: Glad\u00e9|Baton Pass|p2a: Glad\u00e9\n|\n|t:|1776461716\n|switch|p2a: Styx|Banette, L50, M, shiny|100/100|[from] Baton Pass\n|move|p2b: Sora|Body Slam|p1b: Basculegion\n|-immune|p1b: Basculegion\n|move|p1a: Sneasler|Dire Claw|p2a: Styx\n|-resisted|p2a: Styx|1\n|-crit|p2a: Styx\n|-damage|p2a: Styx|70/100\n|\n|-damage|p2b: Sora|3/100 brn|[from] brn\n|-damage|p1a: Sneasler|67/100 brn|[from] brn\n|upkeep\n|turn|7\n|\n|t:|1776461739\n|switch|p1b: Incineroar|Incineroar, L50, M|41/100\n|-ability|p1b: Incineroar|Intimidate|boost\n|-unboost|p2a: Styx|atk|1\n|-unboost|p2b: Sora|atk|1\n|detailschange|p2a: Styx|Banette-Mega, L50, M, shiny\n|-mega|p2a: Styx|Banette|Banettite\n|move|p2b: Sora|Protect|p2b: Sora\n|-singleturn|p2b: Sora|Protect\n|move|p2a: Styx|Shadow Sneak|p1b: Incineroar\n|-resisted|p1b: Incineroar|1\n|-damage|p1b: Incineroar|33/100\n|move|p1a: Sneasler|Dire Claw|p2a: Styx\n|-resisted|p2a: Styx|1\n|-damage|p2a: Styx|52/100\n|\n|-damage|p2b: Sora|0 fnt|[from] brn\n|faint|p2b: Sora\n|-damage|p1a: Sneasler|62/100 brn|[from] brn\n|upkeep\n|\n|t:|1776461751\n|switch|p2b: Glad\u00e9|Leafeon, L50, F, shiny|21/100\n|turn|8\n|\n|t:|1776461775\n|move|p1b: Incineroar|Fake Out|p2b: Glad\u00e9\n|-damage|p2b: Glad\u00e9|12/100\n|move|p2a: Styx|Phantom Force||[still]\n|-prepare|p2a: Styx|Phantom Force\n|cant|p2b: Glad\u00e9|flinch\n|move|p1a: Sneasler|Dire Claw|p2a: Styx|[miss]\n|-miss|p1a: Sneasler|p2a: Styx\n|\n|-damage|p1a: Sneasler|56/100 brn|[from] brn\n|-sideend|p2: St Nothing|move: Tailwind\n|upkeep\n|turn|9\n|\n|t:|1776461786\n|move|p2a: Styx|Phantom Force|p1a: Sneasler|[from] lockedmove\n|-damage|p1a: Sneasler|0 fnt\n|faint|p1a: Sneasler\n|move|p2b: Glad\u00e9|Trailblaze|p1b: Incineroar\n|-resisted|p1b: Incineroar|1\n|-damage|p1b: Incineroar|24/100\n|-boost|p2b: Glad\u00e9|spe|1\n|move|p1b: Incineroar|Darkest Lariat|p2a: Styx\n|-supereffective|p2a: Styx|1\n|-damage|p2a: Styx|0 fnt\n|faint|p2a: Styx\n|\n|upkeep\n|\n|t:|1776461797\n|switch|p1a: Basculegion|Basculegion, L50, M|100/100\n|turn|10\n|\n|t:|1776461802\n|move|p1a: Basculegion|Last Respects|p2b: Glad\u00e9\n|-damage|p2b: Glad\u00e9|0 fnt\n|faint|p2b: Glad\u00e9\n|\n|win|radlup\n|raw|radlup's rating: 1000 &rarr; <strong>1040</strong><br />(+40 for winning)\n|raw|St Nothing's rating: 1000 &rarr; <strong>1000</strong><br />(+0 for losing)\n|c|\u2606St Nothing|gg\n|l|\u2606St Nothing\n|player|p2|\n",
  "uploadtime": 1776461807,
  "views": 41,
  "formatid": "gen9championsvgc2026regma",
  "rating": 1000,
  "private": 0,
  "password": null
}