{
  "id": "gen9championsvgc2026regma-2586587846",
  "format": "[Gen 9 Champions] VGC 2026 Reg M-A",
  "players": [
    "Izzywooperstan",
    "KennarDH"
  ],
  "log": "|j|\u2606Izzywooperstan\n|j|\u2606KennarDH\n|t:|1776445091\n|gametype|doubles\n|player|p1|Izzywooperstan|lady|\n|player|p2|KennarDH|rocketgruntf|\n|gen|9\n|tier|[Gen 9 Champions] VGC 2026 Reg M-A\n|rated|Tournament battle\n|rule|Species Clause: Limit one of each Pok\u00e9mon\n|rule|Item Clause: Limit 1 of each item\n|raw|<div class=\"infobox\"><details class=\"readmore\" open><summary><strong>1 custom rule:</strong></summary> Force Open Team Sheets</details></div>\n|clearpoke\n|poke|p1|Delphox, L50, F|\n|poke|p1|Garchomp, L50, F|\n|poke|p1|Primarina, L50, F|\n|poke|p1|Sneasler, L50, F|\n|poke|p1|Kingambit, L50, F|\n|poke|p1|Aerodactyl, L50, F|\n|poke|p2|Farigiraf, L50, M|\n|poke|p2|Blastoise, L50, M|\n|poke|p2|Torkoal, L50, M|\n|poke|p2|Crabominable, L50, F|\n|poke|p2|Alakazam, L50, F|\n|poke|p2|Sinistcha, L50|\n|teampreview|4\n|showteam|p1|Delphox||Delphoxite|Blaze|HeatWave,Psyshock,Substitute,Protect|||F|||50|]Garchomp||ChoiceScarf|RoughSkin|Earthquake,StompingTantrum,DragonClaw,RockTomb|||F|||50|]Primarina||SitrusBerry|LiquidVoice|Moonblast,HyperVoice,AquaJet,Protect|||F|||50|]Sneasler||WhiteHerb|Unburden|CloseCombat,DireClaw,FakeOut,Protect|||F|||50|]Kingambit||ChopleBerry|Defiant|KowtowCleave,SuckerPunch,IronHead,Protect|||F|||50|]Aerodactyl||FocusSash|Unnerve|RockSlide,DualWingbeat,Tailwind,Protect|||F|||50|\n|showteam|p2|Farigiraf||MentalHerb|ArmorTail|TwinBeam,HelpingHand,HyperVoice,TrickRoom|||M|||50|]Blastoise||Blastoisinite|RainDish|FakeOut,DarkPulse,WaterSpout,AuraSphere|||M|||50|]Torkoal||Charcoal|Drought|Eruption,WeatherBall,EarthPower,Protect|||M|||50|]Crabominable||SitrusBerry|HyperCutter|WideGuard,IceHammer,CloseCombat,KnockOff|||F|||50|]Alakazam||FocusSash|InnerFocus|SpeedSwap,FocusBlast,Psychic,Protect|||F|||50|]Sinistcha||ColburBerry|Hospitality|TrickRoom,RagePowder,MatchaGotcha,ShadowBall||||||50|\n|j| lSuis\n|j| Mishsire\n|j| ghostistheman\n|j| ogkillian\n|l| ogkillian\n|\n|t:|1776445132\n|teamsize|p1|4\n|teamsize|p2|4\n|start\n|switch|p1a: Kingambit|Kingambit, L50, F|100/100\n|switch|p1b: Delphox|Delphox, L50, F|100/100\n|switch|p2a: Farigiraf|Farigiraf, L50, M|100/100\n|switch|p2b: Blastoise|Blastoise, L50, M|100/100\n|turn|1\n|j| Techno Active\n|j| La voz favorita\n|\n|t:|1776445162\n|detailschange|p1b: Delphox|Delphox-Mega, L50, F\n|-mega|p1b: Delphox|Delphox|Delphoxite\n|detailschange|p2b: Blastoise|Blastoise-Mega, L50, M\n|-mega|p2b: Blastoise|Blastoise|Blastoisinite\n|move|p2b: Blastoise|Fake Out|p1a: Kingambit\n|-resisted|p1a: Kingambit|1\n|-damage|p1a: Kingambit|97/100\n|move|p1b: Delphox|Substitute|p1b: Delphox\n|-start|p1b: Delphox|Substitute\n|-damage|p1b: Delphox|75/100\n|cant|p1a: Kingambit|flinch\n|move|p2a: Farigiraf|Trick Room|p2a: Farigiraf\n|-fieldstart|move: Trick Room|[of] p2a: Farigiraf\n|\n|upkeep\n|turn|2\n|j| hiyopon\n|\n|t:|1776445186\n|move|p1a: Kingambit|Kowtow Cleave|p2b: Blastoise\n|-damage|p2b: Blastoise|61/100\n|move|p2a: Farigiraf|Hyper Voice|p1a: Kingambit|[spread] p1a,p1b\n|-resisted|p1a: Kingambit|1\n|-damage|p1a: Kingambit|83/100\n|-damage|p1b: Delphox|46/100\n|move|p2b: Blastoise|Aura Sphere|p1a: Kingambit\n|-supereffective|p1a: Kingambit|2\n|-enditem|p1a: Kingambit|Chople Berry|[eat]\n|-enditem|p1a: Kingambit|Chople Berry|[weaken]\n|-damage|p1a: Kingambit|0 fnt\n|faint|p1a: Kingambit\n|move|p1b: Delphox|Heat Wave|p2b: Blastoise|[spread] p2a,p2b\n|-resisted|p2b: Blastoise|1\n|-damage|p2a: Farigiraf|66/100\n|-damage|p2b: Blastoise|44/100\n|\n|upkeep\n|l| Techno Active\n|\n|t:|1776445202\n|switch|p1a: Primarina|Primarina, L50, F|100/100\n|turn|3\n|j|@Radio Free C-Side\n|j| supersands43\n|\n|t:|1776445222\n|move|p1a: Primarina|Protect|p1a: Primarina\n|-singleturn|p1a: Primarina|Protect\n|move|p1b: Delphox|Protect|p1b: Delphox\n|-singleturn|p1b: Delphox|Protect\n|move|p2a: Farigiraf|Twin Beam|p1a: Primarina\n|-activate|p1a: Primarina|move: Protect\n|move|p2b: Blastoise|Dark Pulse|p1b: Delphox\n|-activate|p1b: Delphox|move: Protect\n|\n|upkeep\n|turn|4\n|l| supersands43\n|j|+holdingb\n|\n|t:|1776445248\n|move|p2a: Farigiraf|Twin Beam|p1a: Primarina\n|-damage|p1a: Primarina|86/100\n|-damage|p1a: Primarina|71/100\n|-hitcount|p1a: Primarina|2\n|move|p1a: Primarina|Moonblast|p2b: Blastoise\n|-damage|p2b: Blastoise|2/100\n|move|p2b: Blastoise|Dark Pulse|p1b: Delphox\n|-supereffective|p1b: Delphox|1\n|-end|p1b: Delphox|Substitute\n|move|p1b: Delphox|Heat Wave|p2b: Blastoise|[spread] p2b\n|-miss|p1b: Delphox|p2a: Farigiraf\n|-resisted|p2b: Blastoise|1\n|-damage|p2b: Blastoise|0 fnt\n|faint|p2b: Blastoise\n|\n|upkeep\n|j| Lolitcher\n|l| La voz favorita\n|\n|t:|1776445268\n|switch|p2b: Sinistcha|Sinistcha, L50|100/100\n|-heal|p2a: Farigiraf|91/100|[from] ability: Hospitality|[of] p2b: Sinistcha\n|turn|5\n|\n|t:|1776445283\n|move|p1a: Primarina|Hyper Voice|p2a: Farigiraf|[spread] p2a,p2b\n|-resisted|p2b: Sinistcha|1\n|-damage|p2a: Farigiraf|60/100\n|-damage|p2b: Sinistcha|85/100\n|move|p1b: Delphox|Heat Wave|p2b: Sinistcha|[spread] p2a,p2b\n|-supereffective|p2b: Sinistcha|1\n|-damage|p2a: Farigiraf|25/100\n|-damage|p2b: Sinistcha|9/100\n|move|p2a: Farigiraf|Trick Room|p2a: Farigiraf\n|-fieldend|move: Trick Room\n|move|p2b: Sinistcha|Trick Room|p2b: Sinistcha\n|-fieldstart|move: Trick Room|[of] p2b: Sinistcha\n|\n|upkeep\n|turn|6\n|l| Lolitcher\n|\n|t:|1776445303\n|switch|p2a: Crabominable|Crabominable, L50, F|100/100\n|move|p1b: Delphox|Protect|p1b: Delphox\n|-singleturn|p1b: Delphox|Protect\n|move|p2b: Sinistcha|Matcha Gotcha|p1a: Primarina|[spread] p1a\n|-activate|p1b: Delphox|move: Protect\n|-supereffective|p1a: Primarina|1\n|-damage|p1a: Primarina|26/100\n|-heal|p2b: Sinistcha|33/100|[from] drain|[of] p1a: Primarina\n|-enditem|p1a: Primarina|Sitrus Berry|[eat]\n|-heal|p1a: Primarina|51/100|[from] item: Sitrus Berry\n|move|p1a: Primarina|Hyper Voice|p2b: Sinistcha|[spread] p2a,p2b\n|-resisted|p2b: Sinistcha|1\n|-damage|p2a: Crabominable|61/100\n|-damage|p2b: Sinistcha|18/100\n|\n|upkeep\n|turn|7\n|\n|t:|1776445332\n|move|p2a: Crabominable|Close Combat|p1a: Primarina\n|-resisted|p1a: Primarina|1\n|-damage|p1a: Primarina|17/100\n|-unboost|p2a: Crabominable|def|1\n|-unboost|p2a: Crabominable|spd|1\n|move|p2b: Sinistcha|Shadow Ball|p1b: Delphox\n|-supereffective|p1b: Delphox|1\n|-damage|p1b: Delphox|0 fnt\n|faint|p1b: Delphox\n|move|p1a: Primarina|Moonblast|p2a: Crabominable\n|-supereffective|p2a: Crabominable|1\n|-damage|p2a: Crabominable|0 fnt\n|faint|p2a: Crabominable\n|\n|upkeep\n|\n|t:|1776445345\n|switch|p2a: Farigiraf|Farigiraf, L50, M|25/100\n|switch|p1b: Garchomp|Garchomp, L50, F|100/100\n|turn|8\n|\n|t:|1776445352\n|move|p1a: Primarina|Protect|p1a: Primarina\n|-singleturn|p1a: Primarina|Protect\n|move|p2a: Farigiraf|Hyper Voice|p1a: Primarina|[spread] p1b\n|-activate|p1a: Primarina|move: Protect\n|-damage|p1b: Garchomp|72/100\n|move|p2b: Sinistcha|Matcha Gotcha|p1a: Primarina|[spread] p1b\n|-activate|p1a: Primarina|move: Protect\n|-damage|p1b: Garchomp|44/100\n|-heal|p2b: Sinistcha|33/100|[from] drain|[of] p1b: Garchomp\n|move|p1b: Garchomp|Earthquake|p2a: Farigiraf|[spread] p2a,p2b\n|-activate|p1a: Primarina|move: Protect\n|-resisted|p2b: Sinistcha|1\n|-damage|p2a: Farigiraf|0 fnt\n|-damage|p2b: Sinistcha|15/100\n|faint|p2a: Farigiraf\n|\n|upkeep\n|turn|9\n|\n|t:|1776445370\n|move|p2b: Sinistcha|Matcha Gotcha|p1b: Garchomp|[spread] p1a,p1b\n|-supereffective|p1a: Primarina|1\n|-damage|p1a: Primarina|0 fnt\n|-heal|p2b: Sinistcha|23/100|[from] drain|[of] p1a: Primarina\n|-damage|p1b: Garchomp|17/100\n|-heal|p2b: Sinistcha|38/100|[from] drain|[of] p1b: Garchomp\n|-status|p1b: Garchomp|brn\n|faint|p1a: Primarina\n|move|p1b: Garchomp|Earthquake|p2b: Sinistcha\n|-resisted|p2b: Sinistcha|1\n|-damage|p2b: Sinistcha|26/100\n|\n|-damage|p1b: Garchomp|11/100 brn|[from] brn\n|-fieldend|move: Trick Room\n|upkeep\n|turn|10\n|j| daviduv\n|-message|KennarDH forfeited.\n|\n|win|Izzywooperstan\n|n|\u2606Izzywooperstan|izzywooperstan\n|n|\u2606KennarDH|kennardh\n|n| lSuis|lsuis\n|n| Mishsire|mishsire\n|n| ghostistheman|ghostistheman\n|n| hiyopon|hiyopon\n|n|+Radio Free C-Side|radiofreecside\n|n| holdingb|holdingb\n|n| daviduv|daviduv\n",
  "uploadtime": 1776445394,
  "views": 23,
  "formatid": "gen9championsvgc2026regma",
  "rating": null,
  "private": 0,
  "password": null
}