{
  "id": "gen9championsvgc2026regma-2587919192",
  "format": "[Gen 9 Champions] VGC 2026 Reg M-A",
  "players": [
    "michaelgscott",
    "nachos069"
  ],
  "log": "|j|\u2606michaelgscott\n|j|\u2606nachos069\n|t:|1776579041\n|gametype|doubles\n|player|p1|michaelgscott|veteran|1164\n|player|p2|nachos069|linebacker|1160\n|gen|9\n|tier|[Gen 9 Champions] VGC 2026 Reg M-A\n|rated|\n|rule|Species Clause: Limit one of each Pok\u00e9mon\n|rule|Item Clause: Limit 1 of each item\n|clearpoke\n|poke|p1|Dragapult, L50, F|\n|poke|p1|Kingambit, L50, M|\n|poke|p1|Basculegion, L50, M|\n|poke|p1|Sneasler, L50, M|\n|poke|p1|Meganium, L50, F|\n|poke|p1|Zoroark-Hisui, L50, F|\n|poke|p2|Meganium, L50, F|\n|poke|p2|Kangaskhan, L50, F|\n|poke|p2|Talonflame, L50, M|\n|poke|p2|Incineroar, L50, F|\n|poke|p2|Rotom-Wash, L50|\n|poke|p2|Aegislash, L50, M|\n|teampreview|4\n|inactive|Battle timer is ON: inactive players will automatically lose when time's up. (requested by nachos069)\n|\n|t:|1776579053\n|teamsize|p1|4\n|teamsize|p2|4\n|start\n|switch|p1a: Dragapult|Dragapult, L50, F|100/100\n|switch|p1b: Sneasler|Sneasler, L50, M|100/100\n|switch|p2a: Rotom|Rotom-Wash, L50|100/100\n|switch|p2b: Talonflame|Talonflame, L50, M|100/100\n|turn|1\n|\n|t:|1776579072\n|move|p2b: Talonflame|Protect|p2b: Talonflame\n|-singleturn|p2b: Talonflame|Protect\n|move|p1a: Dragapult|Phantom Force||[still]\n|-prepare|p1a: Dragapult|Phantom Force\n|move|p1b: Sneasler|Hyper Voice|p2a: Rotom|[spread] p2a\n|-activate|p2b: Talonflame|move: Protect\n|-damage|p2a: Rotom|64/100\n|move|p2a: Rotom|Electroweb|p1b: Sneasler|[spread] p1b\n|-miss|p2a: Rotom|p1a: Dragapult\n|-damage|p1b: Sneasler|57/100\n|-unboost|p1b: Sneasler|spe|1\n|replace|p1b: Zoroark|Zoroark-Hisui, L50, F\n|-end|p1b: Zoroark|Illusion\n|\n|upkeep\n|turn|2\n|\n|t:|1776579095\n|switch|p2a: Kangaskhan|Kangaskhan, L50, F|100/100\n|switch|p1b: Meganium|Meganium, L50, F|100/100\n|move|p2b: Talonflame|Tailwind|p2b: Talonflame\n|-sidestart|p2: nachos069|move: Tailwind\n|move|p1a: Dragapult|Phantom Force|p2a: Kangaskhan|[from] lockedmove\n|-immune|p2a: Kangaskhan\n|\n|upkeep\n|turn|3\n|inactive|michaelgscott has 30 seconds left.\n|inactive|nachos069 has 30 seconds left.\n|\n|t:|1776579128\n|switch|p2b: Meganium|Meganium, L50, F|100/100\n|detailschange|p1b: Meganium|Meganium-Mega, L50, F\n|-mega|p1b: Meganium|Meganium|Meganiumite\n|move|p1b: Meganium|Protect|p1b: Meganium\n|-singleturn|p1b: Meganium|Protect\n|move|p2a: Kangaskhan|Fake Out|p1b: Meganium\n|-activate|p1b: Meganium|move: Protect\n|move|p1a: Dragapult|Phantom Force||[still]\n|-prepare|p1a: Dragapult|Phantom Force\n|\n|upkeep\n|turn|4\n|\n|t:|1776579151\n|switch|p2b: Rotom|Rotom-Wash, L50|64/100\n|move|p2a: Kangaskhan|Double-Edge|p1b: Meganium\n|-damage|p1b: Meganium|56/100\n|-damage|p2a: Kangaskhan|87/100|[from] Recoil\n|move|p1a: Dragapult|Phantom Force|p2b: Rotom|[from] lockedmove\n|-damage|p2b: Rotom|1/100\n|move|p1b: Meganium|Weather Ball|p2b: Rotom\n|-resisted|p2b: Rotom|1\n|-damage|p2b: Rotom|0 fnt\n|faint|p2b: Rotom\n|\n|upkeep\n|\n|t:|1776579159\n|switch|p2b: Talonflame|Talonflame, L50, M|100/100\n|turn|5\n|\n|t:|1776579171\n|switch|p2a: Meganium|Meganium, L50, F|100/100\n|move|p1b: Meganium|Protect|p1b: Meganium\n|-singleturn|p1b: Meganium|Protect\n|move|p2b: Talonflame|Brave Bird|p1b: Meganium\n|-activate|p1b: Meganium|move: Protect\n|move|p1a: Dragapult|Phantom Force||[still]\n|-prepare|p1a: Dragapult|Phantom Force\n|\n|-sideend|p2: nachos069|move: Tailwind\n|upkeep\n|turn|6\n|\n|t:|1776579185\n|detailschange|p2a: Meganium|Meganium-Mega, L50, F\n|-mega|p2a: Meganium|Meganium|Meganiumite\n|move|p2b: Talonflame|Tailwind|p2b: Talonflame\n|-sidestart|p2: nachos069|move: Tailwind\n|move|p1a: Dragapult|Phantom Force|p2b: Talonflame|[from] lockedmove\n|-damage|p2b: Talonflame|15/100\n|move|p2a: Meganium|Weather Ball|p1b: Meganium\n|-supereffective|p1b: Meganium|1\n|-damage|p1b: Meganium|0 fnt\n|faint|p1b: Meganium\n|\n|upkeep\n|\n|t:|1776579198\n|switch|p1b: Sneasler|Sneasler, L50, M|57/100\n|turn|7\n|\n|t:|1776579211\n|move|p2b: Talonflame|Protect|p2b: Talonflame\n|-singleturn|p2b: Talonflame|Protect\n|move|p2a: Meganium|Protect|p2a: Meganium\n|-singleturn|p2a: Meganium|Protect\n|move|p1a: Dragapult|Psychic Fangs|p2a: Meganium\n|-activate|p2a: Meganium|move: Protect\n|move|p1b: Sneasler|Hyper Voice|p2b: Talonflame|[spread] \n|-activate|p2a: Meganium|move: Protect\n|-activate|p2b: Talonflame|move: Protect\n|\n|upkeep\n|turn|8\n|\n|t:|1776579225\n|move|p2b: Talonflame|Brave Bird|p1b: Sneasler\n|-damage|p1b: Sneasler|0 fnt\n|replace|p1b: Zoroark|Zoroark-Hisui, L50, F\n|-end|p1b: Zoroark|Illusion\n|faint|p1b: Zoroark\n|-damage|p2b: Talonflame|0 fnt|[from] Recoil\n|faint|p2b: Talonflame\n|move|p1a: Dragapult|Psychic Fangs|p2a: Meganium\n|-damage|p2a: Meganium|78/100\n|move|p2a: Meganium|Dazzling Gleam|p1a: Dragapult\n|-supereffective|p1a: Dragapult|1\n|-damage|p1a: Dragapult|0 fnt\n|faint|p1a: Dragapult\n|\n|upkeep\n|\n|t:|1776579242\n|switch|p2b: Kangaskhan|Kangaskhan, L50, F|87/100\n|switch|p1b: Sneasler|Sneasler, L50, M|100/100\n|turn|9\n|\n|t:|1776579262\n|move|p2a: Meganium|Protect|p2a: Meganium\n|-singleturn|p2a: Meganium|Protect\n|move|p1b: Sneasler|Protect|p1b: Sneasler\n|-singleturn|p1b: Sneasler|Protect\n|move|p2b: Kangaskhan|Double-Edge|p1b: Sneasler\n|-activate|p1b: Sneasler|move: Protect\n|\n|-sideend|p2: nachos069|move: Tailwind\n|upkeep\n|turn|10\n|\n|t:|1776579272\n|move|p1b: Sneasler|Close Combat|p2b: Kangaskhan\n|-supereffective|p2b: Kangaskhan|1\n|-crit|p2b: Kangaskhan\n|-damage|p2b: Kangaskhan|0 fnt\n|-unboost|p1b: Sneasler|def|1\n|-unboost|p1b: Sneasler|spd|1\n|faint|p2b: Kangaskhan\n|move|p2a: Meganium|Dazzling Gleam|p1b: Sneasler\n|-damage|p1b: Sneasler|1/100\n|\n|upkeep\n|turn|11\n|\n|t:|1776579282\n|move|p1b: Sneasler|Dire Claw|p2a: Meganium\n|-supereffective|p2a: Meganium|2\n|-damage|p2a: Meganium|0 fnt\n|faint|p2a: Meganium\n|\n|win|michaelgscott\n|raw|michaelgscott's rating: 1164 &rarr; <strong>1189</strong><br />(+25 for winning)\n|raw|nachos069's rating: 1160 &rarr; <strong>1135</strong><br />(-25 for losing)\n|l|\u2606nachos069\n|player|p2|\n",
  "uploadtime": 1776579288,
  "views": 23,
  "formatid": "gen9championsvgc2026regma",
  "rating": 1135,
  "private": 0,
  "password": null
}