{
  "id": "gen9championsvgc2026regma-2582334728",
  "format": "[Gen 9 Champions] VGC 2026 Reg M-A",
  "players": [
    "TTT x",
    "CodedCrash"
  ],
  "log": "|j|\u2606TTT x\n|j|\u2606CodedCrash\n|html|<table width=\"100%\"><tr><td align=\"left\">TTT x</td><td align=\"right\">CodedCrash</tr><tr><td align=\"left\"><i class=\"fa fa-circle-o\"></i> <i class=\"fa fa-circle-o\"></i> </td><td align=\"right\"><i class=\"fa fa-circle-o\"></i> <i class=\"fa fa-circle-o\"></i> </tr></table>\n|uhtml|bestof|<h2><strong>Game 1</strong> of <a href=\"/game-bestof3-gen9championsvgc2026regma-2582334727\">a best-of-3</a></h2>\n|t:|1776084284\n|gametype|doubles\n|player|p1|TTT x|#smogonxnpa2025draftee|\n|player|p2|CodedCrash|allister-masters|\n|gen|9\n|tier|[Gen 9 Champions] VGC 2026 Reg M-A\n|rated|Tournament battle\n|rule|Species Clause: Limit one of each Pok\u00e9mon\n|rule|Item Clause: Limit 1 of each item\n|raw|<div class=\"infobox\"><details class=\"readmore\" open><summary><strong>2 custom rules:</strong></summary> Force Open Team Sheets, Best of = 3</details></div>\n|clearpoke\n|poke|p1|Manectric, L50, M|\n|poke|p1|Archaludon, L50, M|\n|poke|p1|Basculegion, L50, M|\n|poke|p1|Sinistcha, L50|\n|poke|p1|Politoed, L50, F|\n|poke|p1|Scizor, L50, F|\n|poke|p2|Dragonite, L50, F|\n|poke|p2|Archaludon, L50, F|\n|poke|p2|Basculegion, L50, M|\n|poke|p2|Pelipper, L50, F|\n|poke|p2|Incineroar, L50, F|\n|poke|p2|Sinistcha, L50|\n|teampreview|4\n|showteam|p1|Manectric||Manectite|LightningRod|VoltSwitch,Snarl,LightScreen,Protect|||M|||50|]Archaludon||Leftovers|Stamina|ElectroShot,DragonPulse,FlashCannon,Protect|||M|||50|]Basculegion||ChoiceScarf|Adaptability|WaveCrash,LastRespects,AquaJet,FlipTurn|||M|||50|]Sinistcha||KasibBerry|Hospitality|MatchaGotcha,ShadowBall,RagePowder,Protect||||||50|]Politoed||SitrusBerry|Drizzle|WeatherBall,IceBeam,Encore,Protect|||F|||50|]Scizor||Scizorite|Technician|BulletPunch,BugBite,SwordsDance,Protect|||F|||50|\n|showteam|p2|Dragonite||Dragoninite|InnerFocus|Protect,DracoMeteor,Hurricane,Tailwind|||F|||50|]Archaludon||Leftovers|Stamina|Protect,ElectroShot,DragonPulse,FlashCannon|||F|||50|]Basculegion||ChoiceScarf|Adaptability|WaveCrash,LastRespects,AquaJet,FlipTurn|||M|||50|]Pelipper||FocusSash|Drizzle|Protect,Hurricane,WeatherBall,Tailwind|||F|||50|]Incineroar||LumBerry|Intimidate|FakeOut,ThroatChop,Taunt,PartingShot|||F|||50|]Sinistcha||SitrusBerry|Hospitality|Protect,MatchaGotcha,LifeDew,RagePowder||||||50|\n|j| sk_pk123\n|inactive|Battle timer is ON: inactive players will automatically lose when time's up. (requested by CodedCrash)\n|j| Mega Abom Gaming\n|c|\u2606CodedCrash|glhf\n|c|\u2606TTT x|u2\n|l| sk_pk123\n|j| Lolitcher\n|\n|t:|1776084312\n|teamsize|p1|4\n|teamsize|p2|4\n|start\n|switch|p1a: Manectric|Manectric, L50, M|100/100\n|switch|p1b: Archaludon|Archaludon, L50, M|100/100\n|switch|p2a: Dragonite|Dragonite, L50, F|100/100\n|switch|p2b: Pelipper|Pelipper, L50, F|100/100\n|-weather|RainDance|[from] ability: Drizzle|[of] p2b: Pelipper\n|turn|1\n|inactive|CodedCrash has 30 seconds left.\n|j| Addox Barklay\n|\n|t:|1776084340\n|detailschange|p1a: Manectric|Manectric-Mega, L50, M\n|-mega|p1a: Manectric|Manectric|Manectite\n|-ability|p1a: Manectric|Intimidate|boost\n|-fail|p2a: Dragonite|unboost|Attack|[from] ability: Inner Focus|[of] p2a: Dragonite\n|-unboost|p2b: Pelipper|atk|1\n|detailschange|p2a: Dragonite|Dragonite-Mega, L50, F\n|-mega|p2a: Dragonite|Dragonite|Dragoninite\n|move|p1a: Manectric|Light Screen|p1a: Manectric\n|-sidestart|p1: TTT x|move: Light Screen\n|move|p2a: Dragonite|Draco Meteor|p1b: Archaludon\n|-damage|p1b: Archaludon|54/100\n|-unboost|p2a: Dragonite|spa|2\n|-ability|p1b: Archaludon|Stamina|boost\n|-boost|p1b: Archaludon|def|1\n|move|p1b: Archaludon|Electro Shot||[still]\n|-prepare|p1b: Archaludon|Electro Shot\n|-boost|p1b: Archaludon|spa|1\n|-anim|p1b: Archaludon|Electro Shot|p2b: Pelipper\n|-supereffective|p2b: Pelipper|2\n|-enditem|p2b: Pelipper|Focus Sash\n|-damage|p2b: Pelipper|1/100\n|move|p2b: Pelipper|Tailwind|p2b: Pelipper\n|-sidestart|p2: CodedCrash|move: Tailwind\n|\n|-weather|RainDance|[upkeep]\n|-heal|p1b: Archaludon|60/100|[from] item: Leftovers\n|upkeep\n|turn|2\n|j| ShirtlessRayRizzo\n|l| Mega Abom Gaming\n|inactive|CodedCrash has 30 seconds left.\n|inactive|CodedCrash has 20 seconds left.\n|inactive|CodedCrash has 15 seconds left.\n|inactive|CodedCrash has 10 seconds left.\n|\n|t:|1776084387\n|switch|p2a: Sinistcha|Sinistcha, L50|100/100\n|-heal|p2b: Pelipper|26/100|[from] ability: Hospitality|[of] p2a: Sinistcha\n|move|p2b: Pelipper|Weather Ball|p1b: Archaludon\n|-resisted|p1b: Archaludon|1\n|-damage|p1b: Archaludon|39/100\n|-ability|p1b: Archaludon|Stamina|boost\n|-boost|p1b: Archaludon|def|1\n|move|p1a: Manectric|Snarl|p2b: Pelipper|[spread] p2a,p2b\n|-supereffective|p2a: Sinistcha|1\n|-damage|p2a: Sinistcha|77/100\n|-damage|p2b: Pelipper|5/100\n|-unboost|p2a: Sinistcha|spa|1\n|-unboost|p2b: Pelipper|spa|1\n|move|p1b: Archaludon|Electro Shot||[still]\n|-prepare|p1b: Archaludon|Electro Shot\n|-boost|p1b: Archaludon|spa|1\n|-anim|p1b: Archaludon|Electro Shot|p2a: Sinistcha\n|-resisted|p2a: Sinistcha|1\n|-damage|p2a: Sinistcha|42/100\n|-enditem|p2a: Sinistcha|Sitrus Berry|[eat]\n|-heal|p2a: Sinistcha|67/100|[from] item: Sitrus Berry\n|\n|-weather|RainDance|[upkeep]\n|-heal|p1b: Archaludon|45/100|[from] item: Leftovers\n|upkeep\n|turn|3\n|j| diamsword\n|j| Cdogp\n|inactive|CodedCrash has 30 seconds left.\n|inactive|CodedCrash has 20 seconds left.\n|inactive|CodedCrash has 15 seconds left.\n|inactive|CodedCrash has 10 seconds left.\n|\n|t:|1776084434\n|move|p2b: Pelipper|Weather Ball|p1a: Manectric\n|-damage|p1a: Manectric|63/100\n|move|p1a: Manectric|Snarl|p2a: Sinistcha|[spread] p2a\n|-miss|p1a: Manectric|p2b: Pelipper\n|-supereffective|p2a: Sinistcha|1\n|-crit|p2a: Sinistcha\n|-damage|p2a: Sinistcha|32/100\n|-unboost|p2a: Sinistcha|spa|1\n|move|p2a: Sinistcha|Matcha Gotcha|p1b: Archaludon|[spread] p1b\n|-miss|p2a: Sinistcha|p1a: Manectric\n|-resisted|p1b: Archaludon|2\n|-damage|p1b: Archaludon|44/100\n|-heal|p2a: Sinistcha|33/100|[from] drain|[of] p1b: Archaludon\n|-ability|p1b: Archaludon|Stamina|boost\n|-boost|p1b: Archaludon|def|1\n|move|p1b: Archaludon|Electro Shot||[still]\n|-prepare|p1b: Archaludon|Electro Shot\n|-boost|p1b: Archaludon|spa|1\n|-anim|p1b: Archaludon|Electro Shot|p2a: Sinistcha\n|-resisted|p2a: Sinistcha|1\n|-damage|p2a: Sinistcha|0 fnt\n|faint|p2a: Sinistcha\n|\n|-weather|RainDance|[upkeep]\n|-heal|p1b: Archaludon|50/100|[from] item: Leftovers\n|upkeep\n|l| Cdogp\n|\n|t:|1776084443\n|switch|p2a: Dragonite|Dragonite-Mega, L50, F|100/100\n|turn|4\n|j| Idiot2000\n|\n|t:|1776084459\n|switch|p2b: Archaludon|Archaludon, L50, F|100/100\n|move|p1a: Manectric|Protect|p1a: Manectric\n|-singleturn|p1a: Manectric|Protect\n|move|p1b: Archaludon|Protect|p1b: Archaludon\n|-singleturn|p1b: Archaludon|Protect\n|move|p2a: Dragonite|Draco Meteor|p1a: Manectric\n|-activate|p1a: Manectric|move: Protect\n|\n|-weather|RainDance|[upkeep]\n|-heal|p1b: Archaludon|56/100|[from] item: Leftovers\n|-sideend|p2: CodedCrash|move: Tailwind\n|upkeep\n|turn|5\n|inactive|CodedCrash has 30 seconds left.\n|inactive|CodedCrash has 20 seconds left.\n|inactive|CodedCrash has 15 seconds left.\n|j| Cdogp\n|\n|t:|1776084500\n|move|p1a: Manectric|Snarl|p2b: Archaludon|[spread] p2a,p2b\n|-damage|p2a: Dragonite|96/100\n|-damage|p2b: Archaludon|87/100\n|-unboost|p2a: Dragonite|spa|1\n|-unboost|p2b: Archaludon|spa|1\n|-ability|p2b: Archaludon|Stamina|boost\n|-boost|p2b: Archaludon|def|1\n|move|p2a: Dragonite|Draco Meteor|p1b: Archaludon|[miss]\n|-miss|p2a: Dragonite|p1b: Archaludon\n|move|p2b: Archaludon|Electro Shot||[still]\n|-prepare|p2b: Archaludon|Electro Shot\n|-boost|p2b: Archaludon|spa|1\n|-anim|p2b: Archaludon|Electro Shot|p1b: Archaludon\n|-resisted|p1b: Archaludon|1\n|-damage|p1b: Archaludon|44/100\n|-ability|p1b: Archaludon|Stamina|boost\n|-boost|p1b: Archaludon|def|1\n|move|p1b: Archaludon|Dragon Pulse|p2b: Archaludon\n|-damage|p2b: Archaludon|0 fnt\n|faint|p2b: Archaludon\n|\n|-weather|none\n|-heal|p1b: Archaludon|50/100|[from] item: Leftovers\n|-sideend|p1: TTT x|move: Light Screen\n|upkeep\n|j| alone0007\n|l| Cdogp\n|-message|CodedCrash forfeited.\n|\n|win|TTT x\n|l|\u2606CodedCrash\n|player|p2|\n||CodedCrash is ready for game 2.\n|l|\u2606TTT x\n|player|p1|\n||TTT x is ready for game 2.\n|uhtml|next|Next: <a href=\"/battle-gen9championsvgc2026regma-2582337561\"><strong>Game 2 of 3</strong></a>\n|l| ShirtlessRayRizzo\n|l| Idiot2000\n|j| biei\u2014test\n",
  "uploadtime": 1776084659,
  "views": 94,
  "formatid": "gen9championsvgc2026regma",
  "rating": null,
  "private": 0,
  "password": null
}