{
  "id": "gen9championsvgc2026regma-2585465349",
  "format": "[Gen 9 Champions] VGC 2026 Reg M-A",
  "players": [
    "Eveoson",
    "1#MiraidonHater"
  ],
  "log": "|j|\u2606Eveoson\n|j|\u26061#MiraidonHater\n|t:|1776349110\n|gametype|doubles\n|player|p1|Eveoson|2|1240\n|player|p2|1#MiraidonHater|266|1287\n|gen|9\n|tier|[Gen 9 Champions] VGC 2026 Reg M-A\n|rated|\n|rule|Species Clause: Limit one of each Pok\u00e9mon\n|rule|Item Clause: Limit 1 of each item\n|clearpoke\n|poke|p1|Incineroar, L50, M|\n|poke|p1|Sneasler, L50, F|\n|poke|p1|Basculegion, L50, M|\n|poke|p1|Kingambit, L50, M|\n|poke|p1|Charizard, L50, M|\n|poke|p1|Venusaur, L50, M|\n|poke|p2|Houndoom, L50, F|\n|poke|p2|Gengar, L50, M|\n|poke|p2|Torkoal, L50, M|\n|poke|p2|Sinistcha-Masterpiece, L50|\n|poke|p2|Gyarados, L50, F|\n|poke|p2|Farigiraf, L50, M|\n|teampreview|4\n|\n|t:|1776349144\n|teamsize|p1|4\n|teamsize|p2|4\n|start\n|switch|p1a: Basculegion|Basculegion, L50, M, shiny|100/100\n|switch|p1b: Sneasler|Sneasler, L50, F, shiny|100/100\n|switch|p2a: Gyarados|Gyarados, L50, F|100/100\n|switch|p2b: Farigiraf|Farigiraf, L50, M|100/100\n|-ability|p2a: Gyarados|Intimidate|boost\n|-unboost|p1a: Basculegion|atk|1\n|-unboost|p1b: Sneasler|atk|1\n|-enditem|p1b: Sneasler|White Herb\n|-clearnegativeboost|p1b: Sneasler|[silent]\n|turn|1\n|\n|t:|1776349175\n|move|p1b: Sneasler|Dire Claw|p2b: Farigiraf\n|-damage|p2b: Farigiraf|52/100\n|-status|p2b: Farigiraf|psn\n|move|p1a: Basculegion|Wave Crash|p2b: Farigiraf\n|-damage|p2b: Farigiraf|0 fnt\n|faint|p2b: Farigiraf\n|-damage|p1a: Basculegion|81/100|[from] Recoil\n|move|p2a: Gyarados|Thunder Wave|p1a: Basculegion\n|-status|p1a: Basculegion|par\n|\n|upkeep\n|\n|t:|1776349184\n|switch|p2b: Gengar|Gengar, L50, M|100/100\n|turn|2\n|\n|t:|1776349192\n|switch|p2a: Houndoom|Houndoom, L50, F|100/100\n|-ability|p2a: Houndoom|Unnerve\n|switch|p1a: Incineroar|Incineroar, L50, M, shiny|100/100\n|-ability|p1a: Incineroar|Intimidate|boost\n|-unboost|p2a: Houndoom|atk|1\n|-unboost|p2b: Gengar|atk|1\n|move|p1b: Sneasler|Rock Slide|p2a: Houndoom|[spread] p2a,p2b\n|-supereffective|p2a: Houndoom|1\n|-damage|p2a: Houndoom|14/100\n|-damage|p2b: Gengar|57/100\n|move|p2b: Gengar|Psychic|p1b: Sneasler\n|-supereffective|p1b: Sneasler|2\n|-damage|p1b: Sneasler|0 fnt\n|faint|p1b: Sneasler\n|\n|upkeep\n|\n|t:|1776349208\n|switch|p1b: Charizard|Charizard, L50, M, shiny|100/100\n|turn|3\n|\n|t:|1776349219\n|switch|p2b: Gyarados|Gyarados, L50, F|100/100\n|-ability|p2b: Gyarados|Intimidate|boost\n|-unboost|p1a: Incineroar|atk|1\n|-unboost|p1b: Charizard|atk|1\n|detailschange|p1b: Charizard|Charizard-Mega-Y, L50, M, shiny\n|-mega|p1b: Charizard|Charizard|Charizardite Y\n|-weather|SunnyDay|[from] ability: Drought|[of] p1b: Charizard\n|move|p2a: Houndoom|Protect|p2a: Houndoom\n|-singleturn|p2a: Houndoom|Protect\n|move|p1a: Incineroar|Fake Out|p2a: Houndoom\n|-activate|p2a: Houndoom|move: Protect\n|move|p1b: Charizard|Scorching Sands|p2b: Gyarados\n|-immune|p2b: Gyarados\n|\n|-weather|SunnyDay|[upkeep]\n|upkeep\n|turn|4\n|\n|t:|1776349238\n|detailschange|p2a: Houndoom|Houndoom-Mega, L50, F\n|-mega|p2a: Houndoom|Houndoom|Houndoominite\n|move|p2b: Gyarados|Helping Hand|p2a: Houndoom\n|-singleturn|p2a: Houndoom|Helping Hand|[of] p2b: Gyarados\n|move|p2a: Houndoom|Heat Wave|p1a: Incineroar|[spread] p1a,p1b\n|-resisted|p1a: Incineroar|1\n|-resisted|p1b: Charizard|1\n|-damage|p1a: Incineroar|52/100\n|-damage|p1b: Charizard|28/100\n|move|p1b: Charizard|Heat Wave|p2b: Gyarados|[spread] p2a,p2b\n|-resisted|p2a: Houndoom|1\n|-resisted|p2b: Gyarados|1\n|-damage|p2a: Houndoom|0 fnt\n|-damage|p2b: Gyarados|68/100\n|faint|p2a: Houndoom\n|move|p1a: Incineroar|Throat Chop|p2b: Gyarados\n|-damage|p2b: Gyarados|44/100\n|-start|p2b: Gyarados|Throat Chop|[silent]\n|\n|-weather|SunnyDay|[upkeep]\n|upkeep\n|\n|t:|1776349249\n|switch|p2a: Gengar|Gengar, L50, M|57/100\n|turn|5\n|\n|t:|1776349263\n|move|p1b: Charizard|Protect|p1b: Charizard\n|-singleturn|p1b: Charizard|Protect\n|move|p2a: Gengar|Sludge Bomb|p1b: Charizard\n|-activate|p1b: Charizard|move: Protect\n|move|p2b: Gyarados|Waterfall|p1a: Incineroar\n|-supereffective|p1a: Incineroar|1\n|-damage|p1a: Incineroar|17/100\n|-enditem|p1a: Incineroar|Sitrus Berry|[eat]\n|-heal|p1a: Incineroar|42/100|[from] item: Sitrus Berry\n|move|p1a: Incineroar|Flare Blitz|p2a: Gengar\n|-damage|p2a: Gengar|0 fnt\n|-start|p1a: Incineroar|Disable|Flare Blitz|[from] ability: Cursed Body|[of] p2a: Gengar\n|faint|p2a: Gengar\n|-damage|p1a: Incineroar|28/100|[from] Recoil\n|\n|-weather|SunnyDay|[upkeep]\n|-end|p2b: Gyarados|Throat Chop|[silent]\n|upkeep\n|turn|6\n|-message|1#MiraidonHater forfeited.\n|\n|win|Eveoson\n",
  "uploadtime": 1776349114,
  "views": 35,
  "formatid": "gen9championsvgc2026regma",
  "rating": null,
  "private": 0,
  "password": null
}