{
  "id": "gen9championsvgc2026regma-2588890009",
  "format": "[Gen 9 Champions] VGC 2026 Reg M-A",
  "players": [
    "ee852",
    "RikyuSR"
  ],
  "log": "|j|\u203dee852\n|j|\u2606RikyuSR\n|t:|1776682864\n|gametype|doubles\n|player|p1|ee852|mom-hoenn|1254\n|player|p2|RikyuSR|102|1199\n|gen|9\n|tier|[Gen 9 Champions] VGC 2026 Reg M-A\n|rated|\n|rule|Species Clause: Limit one of each Pok\u00e9mon\n|rule|Item Clause: Limit 1 of each item\n|clearpoke\n|poke|p1|Charizard, L50, M|\n|poke|p1|Incineroar, L50, M|\n|poke|p1|Whimsicott, L50, F|\n|poke|p1|Rotom-Wash, L50|\n|poke|p1|Sneasler, L50, F|\n|poke|p1|Garchomp, L50, M|\n|poke|p2|Meowscarada, L50, M|\n|poke|p2|Garchomp, L50, F|\n|poke|p2|Delphox, L50, M|\n|poke|p2|Rotom-Wash, L50|\n|poke|p2|Tyranitar, L50, M|\n|poke|p2|Talonflame, L50, M|\n|teampreview|4\n|inactive|Battle timer is ON: inactive players will automatically lose when time's up. (requested by RikyuSR)\n|inactive|ee852 has 60 seconds left.\n|\n|t:|1776682905\n|teamsize|p1|4\n|teamsize|p2|4\n|start\n|switch|p1a: Charizard|Charizard, L50, M|100/100\n|switch|p1b: Garchomp|Garchomp, L50, M|100/100\n|switch|p2a: Talonflame|Talonflame, L50, M|100/100\n|switch|p2b: Meowscarada|Meowscarada, L50, M|100/100\n|turn|1\n|\n|t:|1776682920\n|switch|p1b: Incineroar|Incineroar, L50, M|100/100\n|-ability|p1b: Incineroar|Intimidate|boost\n|-unboost|p2a: Talonflame|atk|1\n|-unboost|p2b: Meowscarada|atk|1\n|detailschange|p1a: Charizard|Charizard-Mega-Y, L50, M\n|-mega|p1a: Charizard|Charizard|Charizardite Y\n|-weather|SunnyDay|[from] ability: Drought|[of] p1a: Charizard\n|move|p2a: Talonflame|Tailwind|p2a: Talonflame\n|-sidestart|p2: RikyuSR|move: Tailwind\n|move|p2b: Meowscarada|Triple Axel|p1b: Incineroar\n|-resisted|p1b: Incineroar|1\n|-damage|p1b: Incineroar|99/100\n|-resisted|p1b: Incineroar|1\n|-damage|p1b: Incineroar|96/100\n|-resisted|p1b: Incineroar|1\n|-damage|p1b: Incineroar|91/100\n|-hitcount|p1b: Incineroar|3\n|move|p1a: Charizard|Heat Wave|p2b: Meowscarada|[spread] p2a,p2b\n|-resisted|p2a: Talonflame|1\n|-supereffective|p2b: Meowscarada|1\n|-damage|p2a: Talonflame|56/100\n|-enditem|p2b: Meowscarada|Focus Sash\n|-damage|p2b: Meowscarada|1/100\n|\n|-weather|SunnyDay|[upkeep]\n|upkeep\n|turn|2\n|\n|t:|1776682935\n|switch|p2b: Garchomp|Garchomp, L50, F|100/100\n|switch|p2a: Tyranitar|Tyranitar, L50, M|100/100\n|-weather|Sandstorm|[from] ability: Sand Stream|[of] p2a: Tyranitar\n|move|p1a: Charizard|Heat Wave|p2b: Garchomp|[spread] p2a,p2b\n|-resisted|p2a: Tyranitar|1\n|-resisted|p2b: Garchomp|1\n|-damage|p2a: Tyranitar|89/100\n|-damage|p2b: Garchomp|82/100\n|move|p1b: Incineroar|Parting Shot|p2b: Garchomp\n|-unboost|p2b: Garchomp|atk|1\n|-unboost|p2b: Garchomp|spa|1\n|\n|t:|1776682943\n|switch|p1b: Garchomp|Garchomp, L50, M|100/100|[from] Parting Shot\n|\n|-weather|Sandstorm|[upkeep]\n|-damage|p1a: Charizard|95/100|[from] Sandstorm\n|upkeep\n|turn|3\n|\n|t:|1776682955\n|switch|p1b: Incineroar|Incineroar, L50, M|91/100\n|-ability|p1b: Incineroar|Intimidate|boost\n|-unboost|p2a: Tyranitar|atk|1\n|-unboost|p2b: Garchomp|atk|1\n|move|p1a: Charizard|Protect|p1a: Charizard\n|-singleturn|p1a: Charizard|Protect\n|move|p2b: Garchomp|Dragon Claw|p1b: Incineroar\n|-damage|p1b: Incineroar|73/100\n|move|p2a: Tyranitar|Rock Slide|p1a: Charizard|[spread] p1b\n|-activate|p1a: Charizard|move: Protect\n|-supereffective|p1b: Incineroar|1\n|-damage|p1b: Incineroar|40/100\n|-enditem|p1b: Incineroar|Sitrus Berry|[eat]\n|-heal|p1b: Incineroar|65/100|[from] item: Sitrus Berry\n|\n|-weather|Sandstorm|[upkeep]\n|-damage|p1a: Charizard|89/100|[from] Sandstorm\n|-damage|p1b: Incineroar|59/100|[from] Sandstorm\n|upkeep\n|turn|4\n|\n|t:|1776682975\n|switch|p1a: Whimsicott|Whimsicott, L50, F|100/100\n|switch|p1b: Garchomp|Garchomp, L50, M|100/100\n|move|p2b: Garchomp|Rock Slide|p1b: Garchomp|[spread] p1a\n|-miss|p2b: Garchomp|p1b: Garchomp\n|-damage|p1a: Whimsicott|84/100\n|move|p2a: Tyranitar|Rock Slide|p1b: Garchomp|[spread] p1a,p1b\n|-resisted|p1b: Garchomp|1\n|-damage|p1a: Whimsicott|50/100\n|-damage|p1b: Garchomp|88/100\n|\n|-weather|Sandstorm|[upkeep]\n|-damage|p1a: Whimsicott|44/100|[from] Sandstorm\n|-sideend|p2: RikyuSR|move: Tailwind\n|upkeep\n|turn|5\n|inactive|ee852 has 30 seconds left.\n|\n|t:|1776683002\n|move|p1a: Whimsicott|Tailwind|p1a: Whimsicott\n|-sidestart|p1: ee852|move: Tailwind\n|move|p1b: Garchomp|Dragon Claw|p2b: Garchomp\n|-supereffective|p2b: Garchomp|1\n|-damage|p2b: Garchomp|0 fnt\n|faint|p2b: Garchomp\n|move|p2a: Tyranitar|Rock Slide|p1a: Whimsicott|[spread] p1a,p1b\n|-resisted|p1b: Garchomp|1\n|-damage|p1a: Whimsicott|13/100\n|-damage|p1b: Garchomp|76/100\n|\n|-weather|Sandstorm|[upkeep]\n|-damage|p1a: Whimsicott|7/100|[from] Sandstorm\n|upkeep\n|\n|t:|1776683009\n|switch|p2b: Talonflame|Talonflame, L50, M|56/100\n|turn|6\n|\n|t:|1776683025\n|switch|p1a: Incineroar|Incineroar, L50, M|59/100\n|-ability|p1a: Incineroar|Intimidate|boost\n|-unboost|p2a: Tyranitar|atk|1\n|-unboost|p2b: Talonflame|atk|1\n|move|p2a: Tyranitar|Protect|p2a: Tyranitar\n|-singleturn|p2a: Tyranitar|Protect\n|move|p1b: Garchomp|Dragon Claw|p2b: Talonflame\n|-damage|p2b: Talonflame|0 fnt\n|faint|p2b: Talonflame\n|\n|-weather|none\n|upkeep\n|\n|t:|1776683034\n|switch|p2b: Meowscarada|Meowscarada, L50, M|1/100\n|turn|7\n|\n|t:|1776683053\n|move|p1b: Garchomp|Dragon Claw|p2b: Meowscarada\n|-damage|p2b: Meowscarada|0 fnt\n|faint|p2b: Meowscarada\n|move|p1a: Incineroar|Parting Shot|p2a: Tyranitar\n|-unboost|p2a: Tyranitar|atk|1\n|-unboost|p2a: Tyranitar|spa|1\n|\n|t:|1776683059\n|switch|p1a: Whimsicott|Whimsicott, L50, F|7/100|[from] Parting Shot\n|move|p2a: Tyranitar|Rock Slide|p1a: Whimsicott|[spread] p1a,p1b\n|-resisted|p1b: Garchomp|1\n|-damage|p1a: Whimsicott|0 fnt\n|-damage|p1b: Garchomp|69/100\n|faint|p1a: Whimsicott\n|\n|upkeep\n|\n|t:|1776683061\n|switch|p1a: Incineroar|Incineroar, L50, M|59/100\n|-ability|p1a: Incineroar|Intimidate|boost\n|-unboost|p2a: Tyranitar|atk|1\n|turn|8\n|\n|t:|1776683065\n|switch|p1b: Charizard|Charizard-Mega-Y, L50, M|89/100\n|-weather|SunnyDay|[from] ability: Drought|[of] p1b: Charizard\n|detailschange|p2a: Tyranitar|Tyranitar-Mega, L50, M\n|-mega|p2a: Tyranitar|Tyranitar|Tyranitarite\n|-weather|Sandstorm|[from] ability: Sand Stream|[of] p2a: Tyranitar\n|move|p1a: Incineroar|Fake Out|p2a: Tyranitar\n|-resisted|p2a: Tyranitar|1\n|-damage|p2a: Tyranitar|86/100\n|cant|p2a: Tyranitar|flinch\n|\n|-weather|Sandstorm|[upkeep]\n|-damage|p1b: Charizard|83/100|[from] Sandstorm\n|-damage|p1a: Incineroar|53/100|[from] Sandstorm\n|-sideend|p1: ee852|move: Tailwind\n|upkeep\n|turn|9\n|\n|t:|1776683075\n|switch|p1b: Garchomp|Garchomp, L50, M|69/100\n|move|p2a: Tyranitar|Rock Slide|p1a: Incineroar|[spread] p1a,p1b\n|-supereffective|p1a: Incineroar|1\n|-resisted|p1b: Garchomp|1\n|-damage|p1a: Incineroar|35/100\n|-damage|p1b: Garchomp|63/100\n|move|p1a: Incineroar|Parting Shot|p2a: Tyranitar\n|-unboost|p2a: Tyranitar|atk|1\n|-unboost|p2a: Tyranitar|spa|1\n|\n|t:|1776683079\n|switch|p1a: Charizard|Charizard-Mega-Y, L50, M|83/100|[from] Parting Shot\n|-weather|SunnyDay|[from] ability: Drought|[of] p1a: Charizard\n|\n|-weather|SunnyDay|[upkeep]\n|upkeep\n|turn|10\n|\n|t:|1776683087\n|move|p1b: Garchomp|Stomping Tantrum|p2a: Tyranitar\n|-supereffective|p2a: Tyranitar|1\n|-damage|p2a: Tyranitar|35/100\n|move|p1a: Charizard|Solar Beam||[still]\n|-prepare|p1a: Charizard|Solar Beam\n|-anim|p1a: Charizard|Solar Beam|p2a: Tyranitar\n|-supereffective|p2a: Tyranitar|1\n|-damage|p2a: Tyranitar|0 fnt\n|faint|p2a: Tyranitar\n|\n|win|ee852\n|raw|ee852's rating: 1254 &rarr; <strong>1275</strong><br />(+21 for winning)\n|raw|RikyuSR's rating: 1199 &rarr; <strong>1178</strong><br />(-21 for losing)\n",
  "uploadtime": 1776683093,
  "views": 12,
  "formatid": "gen9championsvgc2026regma",
  "rating": 1178,
  "private": 0,
  "password": null
}