{
  "id": "gen9championsvgc2026regma-2584980785",
  "format": "[Gen 9 Champions] VGC 2026 Reg M-A",
  "players": [
    "BeanSauce",
    "Winston6969"
  ],
  "log": "|j|\u2606BeanSauce\n|j|\u2606Winston6969\n|t:|1776300276\n|gametype|doubles\n|player|p1|BeanSauce|clerkf|1121\n|player|p2|Winston6969|hilbert-wonderlauncher|1079\n|gen|9\n|tier|[Gen 9 Champions] VGC 2026 Reg M-A\n|rated|\n|rule|Species Clause: Limit one of each Pok\u00e9mon\n|rule|Item Clause: Limit 1 of each item\n|clearpoke\n|poke|p1|Infernape, L50, M|\n|poke|p1|Charizard, L50, F|\n|poke|p1|Venusaur, L50, F|\n|poke|p1|Milotic, L50, M|\n|poke|p1|Aerodactyl, L50, F|\n|poke|p1|Garchomp, L50, M|\n|poke|p2|Pinsir, L50, M|\n|poke|p2|Whimsicott, L50, M|\n|poke|p2|Incineroar, L50, M|\n|poke|p2|Garchomp, L50, F|\n|poke|p2|Milotic, L50, M|\n|poke|p2|Heliolisk, L50, F|\n|teampreview|4\n|\n|t:|1776300316\n|teamsize|p1|4\n|teamsize|p2|4\n|start\n|switch|p1a: Aerodactyl|Aerodactyl, L50, F, shiny|100/100\n|switch|p1b: Infernape|Infernape, L50, M|100/100\n|switch|p2a: Whimsicott|Whimsicott, L50, M|100/100\n|switch|p2b: Heliolisk|Heliolisk, L50, F|100/100\n|-ability|p1a: Aerodactyl|Unnerve\n|turn|1\n|inactive|Battle timer is ON: inactive players will automatically lose when time's up. (requested by BeanSauce)\n|\n|t:|1776300388\n|move|p2a: Whimsicott|Tailwind|p2a: Whimsicott\n|-sidestart|p2: Winston6969|move: Tailwind\n|move|p2b: Heliolisk|Thunderbolt|p1b: Infernape\n|-damage|p1b: Infernape|46/100\n|move|p1a: Aerodactyl|Rock Slide|p2b: Heliolisk|[spread] p2a\n|-miss|p1a: Aerodactyl|p2b: Heliolisk\n|-damage|p2a: Whimsicott|70/100\n|move|p1b: Infernape|Heat Wave|p2a: Whimsicott|[spread] p2a,p2b\n|-supereffective|p2a: Whimsicott|1\n|-damage|p2a: Whimsicott|0 fnt\n|-damage|p2b: Heliolisk|57/100\n|faint|p2a: Whimsicott\n|\n|upkeep\n|\n|t:|1776300406\n|switch|p2a: Pinsir|Pinsir, L50, M|100/100\n|turn|2\n|\n|t:|1776300417\n|detailschange|p2a: Pinsir|Pinsir-Mega, L50, M\n|-mega|p2a: Pinsir|Pinsir|Pinsirite\n|move|p2a: Pinsir|Quick Attack|p1b: Infernape\n|-supereffective|p1b: Infernape|1\n|-damage|p1b: Infernape|0 fnt\n|faint|p1b: Infernape\n|move|p2b: Heliolisk|Thunderbolt|p1a: Aerodactyl\n|-supereffective|p1a: Aerodactyl|1\n|-enditem|p1a: Aerodactyl|Focus Sash\n|-damage|p1a: Aerodactyl|1/100\n|move|p1a: Aerodactyl|Tailwind|p1a: Aerodactyl\n|-sidestart|p1: BeanSauce|move: Tailwind\n|\n|upkeep\n|\n|t:|1776300427\n|switch|p1b: Charizard|Charizard, L50, F|100/100\n|turn|3\n|inactive|Winston6969 has 30 seconds left.\n|\n|t:|1776300459\n|detailschange|p1b: Charizard|Charizard-Mega-Y, L50, F\n|-mega|p1b: Charizard|Charizard|Charizardite Y\n|-weather|SunnyDay|[from] ability: Drought|[of] p1b: Charizard\n|move|p2a: Pinsir|Quick Attack|p1a: Aerodactyl\n|-resisted|p1a: Aerodactyl|1\n|-damage|p1a: Aerodactyl|0 fnt\n|faint|p1a: Aerodactyl\n|move|p1b: Charizard|Heat Wave|p2a: Pinsir|[spread] p2a,p2b\n|-supereffective|p2a: Pinsir|1\n|-damage|p2a: Pinsir|0 fnt\n|-damage|p2b: Heliolisk|0 fnt\n|faint|p2a: Pinsir\n|faint|p2b: Heliolisk\n|\n|-weather|SunnyDay|[upkeep]\n|upkeep\n|inactive|Winston6969 has 30 seconds left.\n|inactive|Winston6969 has 20 seconds left.\n|inactive|Winston6969 has 15 seconds left.\n|inactive|Winston6969 has 10 seconds left.\n|inactive|Winston6969 has 5 seconds left.\n|\n|t:|1776300512\n|switch|p1a: Venusaur|Venusaur, L50, F|100/100\n|switch|p2b: Incineroar|Incineroar, L50, M|100/100\n|-ability|p2b: Incineroar|Intimidate|boost\n|-unboost|p1a: Venusaur|atk|1\n|-unboost|p1b: Charizard|atk|1\n|turn|4\n|\n|t:|1776300526\n|move|p2b: Incineroar|Fake Out|p1a: Venusaur\n|-damage|p1a: Venusaur|88/100\n|cant|p1a: Venusaur|flinch\n|move|p1b: Charizard|Weather Ball|p2b: Incineroar\n|-resisted|p2b: Incineroar|1\n|-damage|p2b: Incineroar|64/100\n|\n|-weather|SunnyDay|[upkeep]\n|-sideend|p2: Winston6969|move: Tailwind\n|upkeep\n|turn|5\n|\n|t:|1776300543\n|move|p1a: Venusaur|Acid Spray|p2b: Incineroar\n|-damage|p2b: Incineroar|51/100\n|-unboost|p2b: Incineroar|spd|2\n|move|p1b: Charizard|Weather Ball|p2b: Incineroar\n|-resisted|p2b: Incineroar|1\n|-crit|p2b: Incineroar\n|-damage|p2b: Incineroar|0 fnt\n|faint|p2b: Incineroar\n|\n|win|BeanSauce\n|raw|BeanSauce's rating: 1121 &rarr; <strong>1143</strong><br />(+22 for winning)\n|raw|Winston6969's rating: 1079 &rarr; <strong>1060</strong><br />(-19 for losing)\n|l|\u2606BeanSauce\n|player|p1|\n",
  "uploadtime": 1776300562,
  "views": 17,
  "formatid": "gen9championsvgc2026regma",
  "rating": 1060,
  "private": 0,
  "password": null
}