{
  "id": "gen9championsvgc2026regma-2584766342",
  "format": "[Gen 9 Champions] VGC 2026 Reg M-A",
  "players": [
    "tonybravais",
    "NearuRJ"
  ],
  "log": "|j|\u2606tonybravais\n|j|\u2606NearuRJ\n|t:|1776282152\n|gametype|doubles\n|player|p1|tonybravais|170|1105\n|player|p2|NearuRJ|jacinthe|1205\n|gen|9\n|tier|[Gen 9 Champions] VGC 2026 Reg M-A\n|rated|\n|rule|Species Clause: Limit one of each Pok\u00e9mon\n|rule|Item Clause: Limit 1 of each item\n|clearpoke\n|poke|p1|Trevenant, L50, M|\n|poke|p1|Oranguru, L50, F|\n|poke|p1|Golurk, L50|\n|poke|p1|Torkoal, L50, M|\n|poke|p1|Empoleon, L50, M|\n|poke|p1|Drampa, L50, F|\n|poke|p2|Sneasler, L50, F|\n|poke|p2|Kingambit, L50, M|\n|poke|p2|Clefable, L50, F|\n|poke|p2|Delphox, L50, F|\n|poke|p2|Dragonite, L50, M|\n|poke|p2|Basculegion, L50, M|\n|teampreview|4\nNearuRJ has agreed to open team sheets.\n|\n|t:|1776282236\n|teamsize|p1|4\n|teamsize|p2|4\n|start\n|switch|p1a: Torkoal|Torkoal, L50, M|100/100\n|switch|p1b: Golurk|Golurk, L50|100/100\n|switch|p2a: Kingambit|Kingambit, L50, M|100/100\n|switch|p2b: Clefable|Clefable, L50, F, shiny|100/100\n|-weather|SunnyDay|[from] ability: Drought|[of] p1a: Torkoal\n|turn|1\n|\n|t:|1776282256\n|detailschange|p1b: Golurk|Golurk-Mega, L50\n|-mega|p1b: Golurk|Golurk|Golurkite\n|move|p1b: Golurk|Protect|p1b: Golurk\n|-singleturn|p1b: Golurk|Protect\n|move|p2b: Clefable|Follow Me|p2b: Clefable\n|-singleturn|p2b: Clefable|move: Follow Me\n|move|p2a: Kingambit|Kowtow Cleave|p1b: Golurk\n|-activate|p1b: Golurk|move: Protect\n|move|p1a: Torkoal|Eruption|p2a: Kingambit|[spread] p2a,p2b\n|-supereffective|p2a: Kingambit|1\n|-crit|p2b: Clefable\n|-damage|p2a: Kingambit|0 fnt\n|-damage|p2b: Clefable|8/100\n|-enditem|p2b: Clefable|Sitrus Berry|[eat]\n|-heal|p2b: Clefable|33/100|[from] item: Sitrus Berry\n|faint|p2a: Kingambit\n|\n|-weather|SunnyDay|[upkeep]\n|upkeep\n|\n|t:|1776282272\n|switch|p2a: Dragonite|Dragonite, L50, M|100/100\n|turn|2\n|\n|t:|1776282283\n|switch|p1b: Trevenant|Trevenant, L50, M, shiny|100/100\n|move|p2a: Dragonite|Extreme Speed|p1a: Torkoal\n|-damage|p1a: Torkoal|78/100\n|move|p2b: Clefable|Moonblast|p1a: Torkoal\n|-resisted|p1a: Torkoal|1\n|-crit|p1a: Torkoal\n|-damage|p1a: Torkoal|44/100\n|move|p1a: Torkoal|Will-O-Wisp|p2a: Dragonite\n|-status|p2a: Dragonite|brn\n|-enditem|p2a: Dragonite|Lum Berry|[eat]\n|-curestatus|p2a: Dragonite|brn|[msg]\n|\n|-weather|SunnyDay|[upkeep]\n|upkeep\n|turn|3\n|\n|t:|1776282299\n|move|p2b: Clefable|Helping Hand|p2a: Dragonite\n|-singleturn|p2a: Dragonite|Helping Hand|[of] p2b: Clefable\n|move|p1a: Torkoal|Protect|p1a: Torkoal\n|-singleturn|p1a: Torkoal|Protect\n|move|p2a: Dragonite|Extreme Speed|p1a: Torkoal\n|-activate|p1a: Torkoal|move: Protect\n|move|p1b: Trevenant|Trick Room|p1b: Trevenant\n|-fieldstart|move: Trick Room|[of] p1b: Trevenant\n|\n|-weather|SunnyDay|[upkeep]\n|upkeep\n|turn|4\n|\n|t:|1776282329\n|switch|p1a: Empoleon|Empoleon, L50, M|100/100\n|move|p2b: Clefable|Helping Hand|p2a: Dragonite\n|-singleturn|p2a: Dragonite|Helping Hand|[of] p2b: Clefable\n|move|p2a: Dragonite|Extreme Speed|p1a: Empoleon\n|-resisted|p1a: Empoleon|1\n|-damage|p1a: Empoleon|75/100\n|move|p1b: Trevenant|Poltergeist||[still]\n|-fail|p1b: Trevenant\n|\n|-weather|SunnyDay|[upkeep]\n|upkeep\n|turn|5\n|\n|t:|1776282351\n|move|p2b: Clefable|Helping Hand|p2a: Dragonite\n|-singleturn|p2a: Dragonite|Helping Hand|[of] p2b: Clefable\n|move|p1b: Trevenant|Forest's Curse|p2a: Dragonite\n|-start|p2a: Dragonite|typeadd|Grass|[from] move: Forest's Curse\n|move|p1a: Empoleon|Ice Beam|p2a: Dragonite\n|-supereffective|p2a: Dragonite|2\n|-damage|p2a: Dragonite|0 fnt\n|faint|p2a: Dragonite\n|-heal|p1a: Empoleon|86/100|[from] item: Shell Bell|[of] p2: Dragonite\n|\n|-weather|none\n|upkeep\n|\n|t:|1776282361\n|switch|p2a: Delphox|Delphox, L50, F, shiny|100/100\n|turn|6\n|\n|t:|1776282383\n|move|p2a: Delphox|Protect|p2a: Delphox\n|-singleturn|p2a: Delphox|Protect\n|move|p1b: Trevenant|Poltergeist|p2a: Delphox\n|-activate|p2a: Delphox|move: Protect\n|move|p1a: Empoleon|Hydro Pump|p2a: Delphox\n|-activate|p2a: Delphox|move: Protect\n|move|p2b: Clefable|Moonblast|p1b: Trevenant\n|-damage|p1b: Trevenant|68/100\n|\n|upkeep\n|turn|7\n|\n|t:|1776282408\n|detailschange|p2a: Delphox|Delphox-Mega, L50, F, shiny\n|-mega|p2a: Delphox|Delphox|Delphoxite\n|move|p2b: Clefable|Follow Me|p2b: Clefable\n|-singleturn|p2b: Clefable|move: Follow Me\n|move|p1b: Trevenant|Poltergeist||[still]\n|-fail|p1b: Trevenant\n|move|p1a: Empoleon|Hydro Pump|p2b: Clefable\n|-damage|p2b: Clefable|0 fnt\n|faint|p2b: Clefable\n|-heal|p1a: Empoleon|91/100|[from] item: Shell Bell|[of] p2: Clefable\n|move|p2a: Delphox|Substitute|p2a: Delphox\n|-start|p2a: Delphox|Substitute\n|-damage|p2a: Delphox|75/100\n|\n|-fieldend|move: Trick Room\n|upkeep\n|turn|8\n|\n|t:|1776282430\n|move|p2a: Delphox|Heat Wave|p1b: Trevenant|[spread] p1a,p1b\n|-supereffective|p1b: Trevenant|1\n|-damage|p1a: Empoleon|53/100\n|-damage|p1b: Trevenant|0 fnt\n|faint|p1b: Trevenant\n|move|p1a: Empoleon|Hydro Pump|p2a: Delphox|[miss]\n|-miss|p1a: Empoleon|p2a: Delphox\n|\n|upkeep\n|\n|t:|1776282438\n|switch|p1b: Torkoal|Torkoal, L50, M|44/100\n|-weather|SunnyDay|[from] ability: Drought|[of] p1b: Torkoal\n|turn|9\n|\n|t:|1776282450\n|move|p2a: Delphox|Heat Wave|p1a: Empoleon|[spread] p1a,p1b\n|-resisted|p1b: Torkoal|1\n|-damage|p1a: Empoleon|0 fnt\n|-damage|p1b: Torkoal|0 fnt\n|faint|p1a: Empoleon\n|faint|p1b: Torkoal\n|\n|-weather|SunnyDay|[upkeep]\n|upkeep\n|c|\u2606tonybravais|my bad\n|c|\u2606tonybravais|bad choice activating sun again\n|c|\u2606tonybravais|gg\n|\n|t:|1776282474\n|switch|p1b: Golurk|Golurk-Mega, L50|100/100\n|turn|10\n|\n|t:|1776282482\n|move|p2a: Delphox|Psychic|p1b: Golurk\n|-damage|p1b: Golurk|49/100\n|move|p1b: Golurk|Poltergeist|p2a: Delphox\n|-activate|p2a: Delphox|move: Poltergeist|Delphoxite\n|-supereffective|p2a: Delphox|1\n|-crit|p2a: Delphox\n|-end|p2a: Delphox|Substitute\n|\n|-weather|SunnyDay|[upkeep]\n|upkeep\n|turn|11\n|\n|t:|1776282493\n|move|p1b: Golurk|Protect|p1b: Golurk\n|-singleturn|p1b: Golurk|Protect\n|move|p2a: Delphox|Psychic|p1b: Golurk\n|-activate|p1b: Golurk|move: Protect\n|\n|-weather|SunnyDay|[upkeep]\n|upkeep\n|turn|12\n|c|\u2606NearuRJ|im afraid that heat wave will miss\n|\n|t:|1776282510\n|move|p2a: Delphox|Heat Wave|p1b: Golurk\n|-damage|p1b: Golurk|0 fnt\n|faint|p1b: Golurk\n|\n|win|NearuRJ\n|raw|tonybravais's rating: 1105 &rarr; <strong>1087</strong><br />(-18 for losing)\n|raw|NearuRJ's rating: 1205 &rarr; <strong>1223</strong><br />(+18 for winning)\n",
  "uploadtime": 1776282516,
  "views": 23,
  "formatid": "gen9championsvgc2026regma",
  "rating": 1087,
  "private": 0,
  "password": null
}