{
  "id": "gen9championsvgc2026regma-2582074521",
  "format": "[Gen 9 Champions] VGC 2026 Reg M-A",
  "players": [
    "thewhalesaysfail",
    "rng go brrr"
  ],
  "log": "|j|\u2606thewhalesaysfail\n|j|\u2606rng go brrr\n|t:|1776054698\n|gametype|doubles\n|player|p1|thewhalesaysfail|unknown|1089\n|player|p2|rng go brrr|lucian|1110\n|gen|9\n|tier|[Gen 9 Champions] VGC 2026 Reg M-A\n|rated|\n|rule|Species Clause: Limit one of each Pok\u00e9mon\n|rule|Item Clause: Limit 1 of each item\n|clearpoke\n|poke|p1|Rotom-Heat, L50|\n|poke|p1|Tyranitar, L50, F|\n|poke|p1|Aerodactyl, L50, F|\n|poke|p1|Aegislash, L50, F|\n|poke|p1|Starmie, L50|\n|poke|p1|Archaludon, L50, F|\n|poke|p2|Gallade, L50, M|\n|poke|p2|Torkoal, L50, F|\n|poke|p2|Hydrapple, L50, M|\n|poke|p2|Farigiraf, L50, F|\n|poke|p2|Incineroar, L50, M|\n|poke|p2|Camerupt, L50, F|\n|teampreview|4\n|inactive|Battle timer is ON: inactive players will automatically lose when time's up. (requested by thewhalesaysfail)\nthewhalesaysfail rejected open team sheets.\n|\n|t:|1776054739\n|teamsize|p1|4\n|teamsize|p2|4\n|start\n|switch|p1a: Starmie|Starmie, L50|100/100\n|switch|p1b: Tyranitar|Tyranitar, L50, F|100/100\n|switch|p2a: Incineroar|Incineroar, L50, M|100/100\n|switch|p2b: Gallade|Gallade, L50, M|100/100\n|-weather|Sandstorm|[from] ability: Sand Stream|[of] p1b: Tyranitar\n|-ability|p2a: Incineroar|Intimidate|boost\n|-unboost|p1a: Starmie|atk|1\n|-unboost|p1b: Tyranitar|atk|1\n|turn|1\n|inactive|thewhalesaysfail has 30 seconds left.\n|inactive|thewhalesaysfail has 20 seconds left.\n|\n|t:|1776054776\n|detailschange|p1a: Starmie|Starmie-Mega, L50\n|-mega|p1a: Starmie|Starmie|Starminite\n|move|p1a: Starmie|Protect|p1a: Starmie\n|-singleturn|p1a: Starmie|Protect\n|move|p2a: Incineroar|Fake Out|p1a: Starmie\n|-activate|p1a: Starmie|move: Protect\n|move|p1b: Tyranitar|Earthquake|p2b: Gallade|[spread] p2a,p2b\n|-activate|p1a: Starmie|move: Protect\n|-supereffective|p2a: Incineroar|1\n|-damage|p2a: Incineroar|65/100\n|-damage|p2b: Gallade|74/100\n|move|p2b: Gallade|Sacred Sword|p1b: Tyranitar\n|-supereffective|p1b: Tyranitar|2\n|-damage|p1b: Tyranitar|0 fnt\n|faint|p1b: Tyranitar\n|\n|-weather|Sandstorm|[upkeep]\n|-damage|p1a: Starmie|95/100|[from] Sandstorm\n|-damage|p2b: Gallade|68/100|[from] Sandstorm\n|-damage|p2a: Incineroar|59/100|[from] Sandstorm\n|upkeep\n|\n|t:|1776054795\n|switch|p1b: Aerodactyl|Aerodactyl, L50, F|100/100\n|-ability|p1b: Aerodactyl|Unnerve\n|turn|2\n|\n|t:|1776054809\n|move|p1b: Aerodactyl|Dual Wingbeat|p2b: Gallade\n|-supereffective|p2b: Gallade|1\n|-damage|p2b: Gallade|16/100\n|-supereffective|p2b: Gallade|1\n|-damage|p2b: Gallade|0 fnt\n|faint|p2b: Gallade\n|-hitcount|p2: Gallade|2\n|move|p1a: Starmie|Skill Swap|p1b: Aerodactyl\n|-activate|p1a: Starmie|Skill Swap|||[of] p1b: Aerodactyl\n|-ability|p1a: Starmie|Unnerve\n|move|p2a: Incineroar|Parting Shot|p1a: Starmie\n|-unboost|p1a: Starmie|atk|1\n|-unboost|p1a: Starmie|spa|1\n|c|\u2606rng go brrr|shoot\n|\n|t:|1776054825\n|switch|p2a: Camerupt|Camerupt, L50, F|100/100|[from] Parting Shot\n|\n|-weather|Sandstorm|[upkeep]\n|-damage|p1a: Starmie|89/100|[from] Sandstorm\n|upkeep\n|\n|t:|1776054827\n|switch|p2b: Incineroar|Incineroar, L50, M|59/100\n|-ability|p2b: Incineroar|Intimidate|boost\n|-unboost|p1a: Starmie|atk|1\n|-unboost|p1b: Aerodactyl|atk|1\n|turn|3\n|\n|t:|1776054848\n|switch|p1a: Aegislash|Aegislash, L50, F|100/100\n|move|p2b: Incineroar|Fake Out|p1b: Aerodactyl\n|-resisted|p1b: Aerodactyl|1\n|-damage|p1b: Aerodactyl|89/100\n|cant|p1b: Aerodactyl|flinch\n|move|p2a: Camerupt|Will-O-Wisp|p1b: Aerodactyl\n|-status|p1b: Aerodactyl|brn\n|\n|-weather|Sandstorm|[upkeep]\n|-damage|p2b: Incineroar|53/100|[from] Sandstorm\n|-damage|p1b: Aerodactyl|83/100 brn|[from] brn\n|upkeep\n|turn|4\n|\n|t:|1776054871\n|switch|p2b: Torkoal|Torkoal, L50, F|100/100\n|-weather|SunnyDay|[from] ability: Drought|[of] p2b: Torkoal\n|detailschange|p2a: Camerupt|Camerupt-Mega, L50, F\n|-mega|p2a: Camerupt|Camerupt|Cameruptite\n|move|p1a: Aegislash|King's Shield|p1a: Aegislash\n|-singleturn|p1a: Aegislash|Protect\n|move|p1b: Aerodactyl|Tailwind|p1b: Aerodactyl\n|-sidestart|p1: thewhalesaysfail|move: Tailwind\n|move|p2a: Camerupt|Eruption|p1b: Aerodactyl|[spread] p1b\n|-activate|p1a: Aegislash|move: Protect\n|-resisted|p1b: Aerodactyl|1\n|-damage|p1b: Aerodactyl|13/100 brn\n|\n|-weather|SunnyDay|[upkeep]\n|-damage|p1b: Aerodactyl|8/100 brn|[from] brn\n|upkeep\n|turn|5\n|\n|t:|1776054893\n|move|p1a: Aegislash|Wide Guard|p1a: Aegislash\n|-singleturn|p1a: Aegislash|Wide Guard\n|move|p1b: Aerodactyl|Rock Slide|p2b: Torkoal|[spread] p2a,p2b\n|-supereffective|p2b: Torkoal|1\n|-damage|p2a: Camerupt|84/100\n|-damage|p2b: Torkoal|72/100\n|move|p2a: Camerupt|Eruption|p1b: Aerodactyl|[spread] \n|-activate|p1a: Aegislash|move: Wide Guard\n|-activate|p1b: Aerodactyl|move: Wide Guard\n|move|p2b: Torkoal|Eruption|p1a: Aegislash|[spread] \n|-activate|p1a: Aegislash|move: Wide Guard\n|-activate|p1b: Aerodactyl|move: Wide Guard\n|\n|-weather|SunnyDay|[upkeep]\n|-damage|p1b: Aerodactyl|2/100 brn|[from] brn\n|upkeep\n|turn|6\n|\n|t:|1776054911\n|switch|p2b: Incineroar|Incineroar, L50, M|53/100\n|-ability|p2b: Incineroar|Intimidate|boost\n|-unboost|p1a: Aegislash|atk|1\n|-unboost|p1b: Aerodactyl|atk|1\n|move|p1a: Aegislash|Wide Guard|p1a: Aegislash\n|-singleturn|p1a: Aegislash|Wide Guard\n|move|p1b: Aerodactyl|Rock Slide|p2a: Camerupt|[spread] p2b\n|-miss|p1b: Aerodactyl|p2a: Camerupt\n|-supereffective|p2b: Incineroar|1\n|-damage|p2b: Incineroar|29/100\n|move|p2a: Camerupt|Overheat|p1a: Aegislash\n|-supereffective|p1a: Aegislash|1\n|-damage|p1a: Aegislash|0 fnt\n|-unboost|p2a: Camerupt|spa|2\n|faint|p1a: Aegislash\n|\n|-weather|SunnyDay|[upkeep]\n|-damage|p1b: Aerodactyl|0 fnt|[from] brn\n|faint|p1b: Aerodactyl\n|upkeep\n|\n|t:|1776054929\n|switch|p1b: Starmie|Starmie-Mega, L50|89/100\n|turn|7\n|\n|t:|1776054938\n|switch|p2a: Torkoal|Torkoal, L50, F|72/100\n|move|p1b: Starmie|Protect|p1b: Starmie\n|-singleturn|p1b: Starmie|Protect\n|move|p2b: Incineroar|Fake Out|p1b: Starmie\n|-activate|p1b: Starmie|move: Protect\n|\n|-weather|SunnyDay|[upkeep]\n|-sideend|p1: thewhalesaysfail|move: Tailwind\n|upkeep\n|turn|8\n|\n|t:|1776054948\n|move|p1b: Starmie|Liquidation|p2a: Torkoal\n|-supereffective|p2a: Torkoal|1\n|-crit|p2a: Torkoal\n|-damage|p2a: Torkoal|0 fnt\n|faint|p2a: Torkoal\n|move|p2b: Incineroar|Darkest Lariat|p1b: Starmie\n|-supereffective|p1b: Starmie|1\n|-damage|p1b: Starmie|0 fnt\n|faint|p1b: Starmie\n|\n|win|rng go brrr\n|raw|thewhalesaysfail's rating: 1089 &rarr; <strong>1067</strong><br />(-22 for losing)\n|raw|rng go brrr's rating: 1110 &rarr; <strong>1133</strong><br />(+23 for winning)\n|c|\u2606thewhalesaysfail|gg\n|c|\u2606rng go brrr|gg\n|l|\u2606thewhalesaysfail\n|player|p1|\n",
  "uploadtime": 1776054960,
  "views": 13,
  "formatid": "gen9championsvgc2026regma",
  "rating": 1067,
  "private": 0,
  "password": null
}