{
  "id": "gen9championsvgc2026regma-2586606475",
  "format": "[Gen 9 Champions] VGC 2026 Reg M-A",
  "players": [
    "Zacaroni12",
    "BroDontFuckWithMe"
  ],
  "log": "|j|\u2606Zacaroni12\n|j|\u2606BroDontFuckWithMe\n|t:|1776446352\n|gametype|doubles\n|player|p1|Zacaroni12|266|1284\n|player|p2|BroDontFuckWithMe|170|1329\n|gen|9\n|tier|[Gen 9 Champions] VGC 2026 Reg M-A\n|rated|\n|rule|Species Clause: Limit one of each Pok\u00e9mon\n|rule|Item Clause: Limit 1 of each item\n|clearpoke\n|poke|p1|Farigiraf, L50, F|\n|poke|p1|Camerupt, L50, F|\n|poke|p1|Maushold-Four, L50|\n|poke|p1|Hatterene, L50, F|\n|poke|p1|Kingambit, L50, F|\n|poke|p1|Crabominable, L50, F|\n|poke|p2|Starmie, L50|\n|poke|p2|Rotom-Heat, L50|\n|poke|p2|Excadrill, L50, M|\n|poke|p2|Sinistcha, L50|\n|poke|p2|Tyranitar, L50, F|\n|poke|p2|Gardevoir, L50, M|\n|teampreview|4\n|inactive|Battle timer is ON: inactive players will automatically lose when time's up. (requested by Zacaroni12)\n|\n|t:|1776446381\n|teamsize|p1|4\n|teamsize|p2|4\n|start\n|switch|p1a: Farigiraf|Farigiraf, L50, F|100/100\n|switch|p1b: Maushold|Maushold-Four, L50|100/100\n|switch|p2a: Gardevoir|Gardevoir, L50, M|100/100\n|switch|p2b: Starmie|Starmie, L50|100/100\n|turn|1\n|\n|t:|1776446401\n|move|p1b: Maushold|Follow Me|p1b: Maushold\n|-singleturn|p1b: Maushold|move: Follow Me\n|move|p2a: Gardevoir|Dazzling Gleam|p1b: Maushold|[spread] p1a,p1b\n|-damage|p1a: Farigiraf|79/100\n|-damage|p1b: Maushold|65/100\n|move|p2b: Starmie|Liquidation|p1b: Maushold\n|-damage|p1b: Maushold|23/100\n|move|p1a: Farigiraf|Trick Room|p1a: Farigiraf\n|-fieldstart|move: Trick Room|[of] p1a: Farigiraf\n|\n|upkeep\n|turn|2\n|\n|t:|1776446418\n|switch|p2a: Rotom|Rotom-Heat, L50|100/100\n|move|p2b: Starmie|Protect|p2b: Starmie\n|-singleturn|p2b: Starmie|Protect\n|move|p1a: Farigiraf|Hyper Voice|p2b: Starmie|[spread] p2a\n|-activate|p2b: Starmie|move: Protect\n|-damage|p2a: Rotom|67/100\n|move|p1b: Maushold|U-turn|p2b: Starmie\n|-activate|p2b: Starmie|move: Protect\n|\n|upkeep\n|turn|3\n|\n|t:|1776446435\n|switch|p2b: Sinistcha|Sinistcha, L50|100/100\n|-heal|p2a: Rotom|92/100|[from] ability: Hospitality|[of] p2b: Sinistcha\n|move|p1a: Farigiraf|Hyper Voice|p2b: Sinistcha|[spread] p2a\n|-immune|p2b: Sinistcha\n|-damage|p2a: Rotom|56/100\n|move|p2a: Rotom|Volt Switch|p1a: Farigiraf\n|-damage|p1a: Farigiraf|58/100\n|\n|t:|1776446445\n|switch|p2a: Starmie|Starmie, L50|100/100|[from] Volt Switch\n|move|p1b: Maushold|U-turn|p2b: Sinistcha\n|-damage|p2b: Sinistcha|88/100\n|\n|t:|1776446456\n|switch|p1b: Kingambit|Kingambit, L50, F|100/100|[from] U-turn\n|\n|-heal|p2b: Sinistcha|94/100|[from] item: Leftovers\n|upkeep\n|turn|4\n|\n|t:|1776446467\n|detailschange|p2a: Starmie|Starmie-Mega, L50\n|-mega|p2a: Starmie|Starmie|Starminite\n|move|p2b: Sinistcha|Rage Powder|p2b: Sinistcha\n|-singleturn|p2b: Sinistcha|move: Rage Powder\n|move|p1b: Kingambit|Kowtow Cleave|p2b: Sinistcha\n|-supereffective|p2b: Sinistcha|1\n|-damage|p2b: Sinistcha|12/100\n|move|p1a: Farigiraf|Psychic|p2b: Sinistcha\n|-damage|p2b: Sinistcha|0 fnt\n|faint|p2b: Sinistcha\n|move|p2a: Starmie|Liquidation|p1a: Farigiraf\n|-damage|p1a: Farigiraf|0 fnt\n|faint|p1a: Farigiraf\n|\n|upkeep\n|\n|t:|1776446484\n|switch|p1a: Camerupt|Camerupt, L50, F|100/100\n|switch|p2b: Rotom|Rotom-Heat, L50|56/100\n|turn|5\n|\n|t:|1776446509\n|detailschange|p1a: Camerupt|Camerupt-Mega, L50, F\n|-mega|p1a: Camerupt|Camerupt|Cameruptite\n|move|p2b: Rotom|Protect|p2b: Rotom\n|-singleturn|p2b: Rotom|Protect\n|move|p2a: Starmie|Protect|p2a: Starmie\n|-singleturn|p2a: Starmie|Protect\n|move|p1a: Camerupt|Eruption|p2a: Starmie|[spread] \n|-activate|p2a: Starmie|move: Protect\n|-activate|p2b: Rotom|move: Protect\n|move|p1b: Kingambit|Kowtow Cleave|p2b: Rotom\n|-activate|p2b: Rotom|move: Protect\n|\n|-fieldend|move: Trick Room\n|upkeep\n|turn|6\n|\n|t:|1776446530\n|switch|p1a: Maushold|Maushold-Four, L50|23/100\n|move|p2a: Starmie|Aqua Jet|p1a: Maushold\n|-damage|p1a: Maushold|0 fnt\n|faint|p1a: Maushold\n|move|p2b: Rotom|Overheat|p1b: Kingambit\n|-supereffective|p1b: Kingambit|1\n|-damage|p1b: Kingambit|0 fnt\n|-unboost|p2b: Rotom|spa|2\n|faint|p1b: Kingambit\n|\n|upkeep\n|-message|Zacaroni12 forfeited.\n|\n|win|BroDontFuckWithMe\n|raw|Zacaroni12's rating: 1284 &rarr; <strong>1262</strong><br />(-22 for losing)\n|raw|BroDontFuckWithMe's rating: 1329 &rarr; <strong>1346</strong><br />(+17 for winning)\n",
  "uploadtime": 1776446544,
  "views": 35,
  "formatid": "gen9championsvgc2026regma",
  "rating": 1262,
  "private": 0,
  "password": null
}