{
  "id": "gen9championsvgc2026regma-2587205794",
  "format": "[Gen 9 Champions] VGC 2026 Reg M-A",
  "players": [
    "Mavelus",
    "Kelnesdiz"
  ],
  "log": "|j|\u2606Mavelus\n|j|\u2606Kelnesdiz\n|t:|1776508763\n|gametype|doubles\n|player|p1|Mavelus|firebreather|1214\n|player|p2|Kelnesdiz|burglar|1129\n|gen|9\n|tier|[Gen 9 Champions] VGC 2026 Reg M-A\n|rated|\n|rule|Species Clause: Limit one of each Pok\u00e9mon\n|rule|Item Clause: Limit 1 of each item\n|clearpoke\n|poke|p1|Skarmory, L50, M|\n|poke|p1|Basculegion, L50, M|\n|poke|p1|Sneasler, L50, M|\n|poke|p1|Sableye, L50, M|\n|poke|p1|Rotom-Wash, L50|\n|poke|p1|Scizor, L50, M|\n|poke|p2|Typhlosion-Hisui, L50, M|\n|poke|p2|Whimsicott, L50, M|\n|poke|p2|Charizard, L50, M|\n|poke|p2|Rotom-Wash, L50|\n|poke|p2|Incineroar, L50, F|\n|poke|p2|Garchomp, L50, F|\n|teampreview|4\nKelnesdiz rejected open team sheets.\n|inactive|Battle timer is ON: inactive players will automatically lose when time's up. (requested by Kelnesdiz)\n|inactive|Kelnesdiz has 60 seconds left.\n|inactive|Kelnesdiz has 30 seconds left.\n|\n|t:|1776508837\n|teamsize|p1|4\n|teamsize|p2|4\n|start\n|switch|p1a: Rotom|Rotom-Wash, L50|100/100\n|switch|p1b: Sableye|Sableye, L50, M|100/100\n|switch|p2a: Rotom|Rotom-Wash, L50|100/100\n|switch|p2b: Charizard|Charizard, L50, M|100/100\n|turn|1\n|inactive|Mavelus has 30 seconds left.\n|\n|t:|1776508864\n|detailschange|p2b: Charizard|Charizard-Mega-Y, L50, M\n|-mega|p2b: Charizard|Charizard|Charizardite Y\n|-weather|SunnyDay|[from] ability: Drought|[of] p2b: Charizard\n|move|p1b: Sableye|Fake Out|p2b: Charizard\n|-damage|p2b: Charizard|92/100\n|move|p1a: Rotom|Electroweb|p2a: Rotom|[spread] p2a\n|-miss|p1a: Rotom|p2b: Charizard\n|-damage|p2a: Rotom|78/100\n|-unboost|p2a: Rotom|spe|1\n|cant|p2b: Charizard|flinch\n|move|p2a: Rotom|Volt Switch|p1a: Rotom\n|-damage|p1a: Rotom|65/100\n|\n|t:|1776508879\n|switch|p2a: Typhlosion|Typhlosion-Hisui, L50, M|100/100|[from] Volt Switch\n|-item|p1a: Rotom|Choice Scarf|[from] ability: Frisk|[of] p2a: Typhlosion\n|-item|p1b: Sableye|Sitrus Berry|[from] ability: Frisk|[of] p2a: Typhlosion\n|\n|-weather|SunnyDay|[upkeep]\n|upkeep\n|turn|2\n|\n|t:|1776508892\n|move|p2b: Charizard|Protect|p2b: Charizard\n|-singleturn|p2b: Charizard|Protect\n|move|p1b: Sableye|Rain Dance|p1b: Sableye\n|-weather|RainDance\n|move|p2a: Typhlosion|Solar Beam||[still]\n|-prepare|p2a: Typhlosion|Solar Beam\n|move|p1a: Rotom|Electroweb|p2b: Charizard|[spread] p2a\n|-activate|p2b: Charizard|move: Protect\n|-damage|p2a: Typhlosion|72/100\n|-unboost|p2a: Typhlosion|spe|1\n|\n|-weather|RainDance|[upkeep]\n|upkeep\n|turn|3\n|\n|t:|1776508912\n|switch|p1a: Skarmory|Skarmory, L50, M|100/100\n|switch|p2b: Incineroar|Incineroar, L50, F|100/100\n|-ability|p2b: Incineroar|Intimidate|boost\n|-unboost|p1a: Skarmory|atk|1\n|-unboost|p1b: Sableye|atk|1\n|move|p1b: Sableye|Disable|p2b: Incineroar\n|-hint|Since gen 7, Dark is immune to Prankster moves.\n|-immune|p2b: Incineroar\n|move|p2a: Typhlosion|Solar Beam|p1a: Skarmory|[from] lockedmove\n|-resisted|p1a: Skarmory|2\n|-damage|p1a: Skarmory|91/100\n|\n|-weather|RainDance|[upkeep]\n|upkeep\n|turn|4\n|inactive|Mavelus has 30 seconds left.\n|inactive|Mavelus has 20 seconds left.\n|\n|t:|1776508949\n|switch|p2a: Charizard|Charizard-Mega-Y, L50, M|92/100\n|-weather|SunnyDay|[from] ability: Drought|[of] p2a: Charizard\n|switch|p1a: Rotom|Rotom-Wash, L50|65/100\n|switch|p1b: Basculegion|Basculegion, L50, M|100/100\n|move|p2b: Incineroar|Fake Out|p1a: Rotom\n|-damage|p1a: Rotom|51/100\n|\n|-weather|SunnyDay|[upkeep]\n|upkeep\n|turn|5\n|inactive|Kelnesdiz has 30 seconds left.\n|\n|t:|1776508983\n|move|p1b: Basculegion|Protect|p1b: Basculegion\n|-singleturn|p1b: Basculegion|Protect\n|move|p1a: Rotom|Volt Switch|p2b: Incineroar\n|-damage|p2b: Incineroar|72/100\n|\n|t:|1776509008\n|switch|p1a: Sableye|Sableye, L50, M|100/100|[from] Volt Switch\n|move|p2a: Charizard|Solar Beam||[still]\n|-prepare|p2a: Charizard|Solar Beam\n|-anim|p2a: Charizard|Solar Beam|p1b: Basculegion\n|-activate|p1b: Basculegion|move: Protect\n|move|p2b: Incineroar|Throat Chop|p1b: Basculegion\n|-activate|p1b: Basculegion|move: Protect\n|\n|-weather|SunnyDay|[upkeep]\n|-heal|p2b: Incineroar|78/100|[from] item: Leftovers\n|upkeep\n|turn|6\n|\n|t:|1776509029\n|switch|p2a: Rotom|Rotom-Wash, L50|78/100\n|move|p1a: Sableye|Rain Dance|p1a: Sableye\n|-weather|RainDance\n|move|p1b: Basculegion|Wave Crash|p2b: Incineroar\n|-supereffective|p2b: Incineroar|1\n|-damage|p2b: Incineroar|0 fnt\n|faint|p2b: Incineroar\n|-damage|p1b: Basculegion|74/100|[from] Recoil\n|\n|-weather|RainDance|[upkeep]\n|upkeep\n|\n|t:|1776509039\n|switch|p2b: Charizard|Charizard-Mega-Y, L50, M|92/100\n|-weather|SunnyDay|[from] ability: Drought|[of] p2b: Charizard\n|turn|7\n|\n|t:|1776509067\n|switch|p1b: Rotom|Rotom-Wash, L50|51/100\n|move|p2b: Charizard|Protect|p2b: Charizard\n|-singleturn|p2b: Charizard|Protect\n|move|p1a: Sableye|Rain Dance|p1a: Sableye\n|-weather|RainDance\n|move|p2a: Rotom|Volt Switch|p1b: Rotom\n|-damage|p1b: Rotom|16/100\n|\n|t:|1776509076\n|switch|p2a: Typhlosion|Typhlosion-Hisui, L50, M|72/100|[from] Volt Switch\n|-item|p1a: Sableye|Sitrus Berry|[from] ability: Frisk|[of] p2a: Typhlosion\n|-item|p1b: Rotom|Choice Scarf|[from] ability: Frisk|[of] p2a: Typhlosion\n|\n|-weather|RainDance|[upkeep]\n|upkeep\n|turn|8\n|\n|t:|1776509099\n|switch|p2b: Rotom|Rotom-Wash, L50|78/100\n|switch|p1a: Basculegion|Basculegion, L50, M|74/100\n|move|p2a: Typhlosion|Shadow Ball|p1b: Rotom\n|-damage|p1b: Rotom|0 fnt\n|faint|p1b: Rotom\n|\n|-weather|RainDance|[upkeep]\n|upkeep\n|\n|t:|1776509109\n|switch|p1b: Sableye|Sableye, L50, M|100/100\n|turn|9\n|inactive|Mavelus has 30 seconds left.\n|\n|t:|1776509134\n|switch|p2a: Charizard|Charizard-Mega-Y, L50, M|92/100\n|-weather|SunnyDay|[from] ability: Drought|[of] p2a: Charizard\n|move|p1a: Basculegion|Protect|p1a: Basculegion\n|-singleturn|p1a: Basculegion|Protect\n|move|p1b: Sableye|Fake Out|p2b: Rotom\n|-damage|p2b: Rotom|71/100\n|cant|p2b: Rotom|flinch\n|\n|-weather|SunnyDay|[upkeep]\n|upkeep\n|turn|10\n|inactive|Kelnesdiz has 30 seconds left.\n|inactive|Kelnesdiz has 20 seconds left.\n|inactive|Kelnesdiz has 15 seconds left.\n|inactive|Kelnesdiz has 10 seconds left.\n|\n|t:|1776509182\n|switch|p2a: Typhlosion|Typhlosion-Hisui, L50, M|72/100\n|-item|p1a: Basculegion|Bright Powder|[from] ability: Frisk|[of] p2a: Typhlosion\n|-item|p1b: Sableye|Sitrus Berry|[from] ability: Frisk|[of] p2a: Typhlosion\n|move|p1a: Basculegion|Aqua Jet|p2a: Typhlosion\n|-supereffective|p2a: Typhlosion|1\n|-damage|p2a: Typhlosion|32/100\n|move|p1b: Sableye|Rain Dance|p1b: Sableye\n|-weather|RainDance\n|move|p2b: Rotom|Volt Switch|p1a: Basculegion\n|-supereffective|p1a: Basculegion|1\n|-damage|p1a: Basculegion|15/100\n|\n|t:|1776509194\n|switch|p2b: Charizard|Charizard-Mega-Y, L50, M|92/100|[from] Volt Switch\n|-weather|SunnyDay|[from] ability: Drought|[of] p2b: Charizard\n|\n|-weather|SunnyDay|[upkeep]\n|upkeep\n|turn|11\n|inactive|Kelnesdiz has 30 seconds left.\n|\n|t:|1776509222\n|move|p1a: Basculegion|Protect|p1a: Basculegion\n|-singleturn|p1a: Basculegion|Protect\n|move|p1b: Sableye|Rain Dance|p1b: Sableye\n|-weather|RainDance\n|move|p2a: Typhlosion|Shadow Ball|p1a: Basculegion\n|-activate|p1a: Basculegion|move: Protect\n|move|p2b: Charizard|Heat Wave|p1b: Sableye|[spread] p1b\n|-activate|p1a: Basculegion|move: Protect\n|-damage|p1b: Sableye|66/100\n|-status|p1b: Sableye|brn\n|\n|-weather|RainDance|[upkeep]\n|-damage|p1b: Sableye|60/100 brn|[from] brn\n|upkeep\n|turn|12\n|\n|t:|1776509242\n|switch|p2a: Rotom|Rotom-Wash, L50|71/100\n|move|p2b: Charizard|Protect|p2b: Charizard\n|-singleturn|p2b: Charizard|Protect\n|move|p1a: Basculegion|Aqua Jet|p2a: Rotom\n|-resisted|p2a: Rotom|1\n|-damage|p2a: Rotom|53/100\n|move|p1b: Sableye|Disable|p2b: Charizard\n|-activate|p2b: Charizard|move: Protect\n|\n|-weather|RainDance|[upkeep]\n|-damage|p1b: Sableye|55/100 brn|[from] brn\n|upkeep\n|turn|13\n|inactive|Mavelus has 30 seconds left.\n|inactive|Kelnesdiz has 30 seconds left.\n|\n|t:|1776509277\n|switch|p2b: Typhlosion|Typhlosion-Hisui, L50, M|32/100\n|-item|p1a: Basculegion|Bright Powder|[from] ability: Frisk|[of] p2b: Typhlosion\n|-item|p1b: Sableye|Sitrus Berry|[from] ability: Frisk|[of] p2b: Typhlosion\n|switch|p1b: Skarmory|Skarmory, L50, M|91/100\n|move|p1a: Basculegion|Aqua Jet|p2b: Typhlosion\n|-supereffective|p2b: Typhlosion|1\n|-damage|p2b: Typhlosion|0 fnt\n|faint|p2b: Typhlosion\n|move|p2a: Rotom|Volt Switch|p1a: Basculegion\n|-supereffective|p1a: Basculegion|1\n|-crit|p1a: Basculegion\n|-damage|p1a: Basculegion|0 fnt\n|faint|p1a: Basculegion\n|\n|t:|1776509292\n|switch|p2a: Charizard|Charizard-Mega-Y, L50, M|92/100|[from] Volt Switch\n|-weather|SunnyDay|[from] ability: Drought|[of] p2a: Charizard\n|\n|-weather|SunnyDay|[upkeep]\n|upkeep\n|\n|t:|1776509297\n|switch|p2b: Rotom|Rotom-Wash, L50|53/100\n|switch|p1a: Sableye|Sableye, L50, M|55/100 brn\n|turn|14\n|\n|t:|1776509321\n|detailschange|p1b: Skarmory|Skarmory-Mega, L50, M\n|-mega|p1b: Skarmory|Skarmory|Skarmorite\n|move|p2b: Rotom|Helping Hand|p2a: Charizard\n|-singleturn|p2a: Charizard|Helping Hand|[of] p2b: Rotom\n|move|p1a: Sableye|Fake Out|p2b: Rotom\n|-damage|p2b: Rotom|50/100\n|-enditem|p2b: Rotom|Sitrus Berry|[eat]\n|-heal|p2b: Rotom|75/100|[from] item: Sitrus Berry\n|move|p1b: Skarmory|Rock Slide|p2b: Rotom|[spread] p2a,p2b\n|-supereffective|p2a: Charizard|2\n|-damage|p2a: Charizard|0 fnt\n|-damage|p2b: Rotom|58/100\n|faint|p2a: Charizard\n|\n|-weather|SunnyDay|[upkeep]\n|-damage|p1a: Sableye|49/100 brn|[from] brn\n|upkeep\n|-enditem|p1a: Sableye|Sitrus Berry|[eat]\n|-heal|p1a: Sableye|74/100 brn|[from] item: Sitrus Berry\n|turn|15\n|-message|Kelnesdiz forfeited.\n|\n|win|Mavelus\n|raw|Mavelus's rating: 1214 &rarr; <strong>1233</strong><br />(+19 for winning)\n|raw|Kelnesdiz's rating: 1129 &rarr; <strong>1110</strong><br />(-19 for losing)\n|l|\u2606Kelnesdiz\n|player|p2|\n",
  "uploadtime": 1776509339,
  "views": 18,
  "formatid": "gen9championsvgc2026regma",
  "rating": 1110,
  "private": 0,
  "password": null
}