{
  "id": "gen9championsvgc2026regma-2581834890",
  "format": "[Gen 9 Champions] VGC 2026 Reg M-A",
  "players": [
    "aboo6787",
    "P0keJr"
  ],
  "log": "|j|\u2606aboo6787\n|j|\u2606P0keJr\n|t:|1776032285\n|gametype|doubles\n|player|p1|aboo6787|steven|1187\n|player|p2|P0keJr|266|1124\n|gen|9\n|tier|[Gen 9 Champions] VGC 2026 Reg M-A\n|rated|\n|rule|Species Clause: Limit one of each Pok\u00e9mon\n|rule|Item Clause: Limit 1 of each item\n|clearpoke\n|poke|p1|Floette-Eternal, L50, F|\n|poke|p1|Gengar, L50, M|\n|poke|p1|Farigiraf, L50, F|\n|poke|p1|Whimsicott, L50, F|\n|poke|p1|Incineroar, L50, M|\n|poke|p1|Garchomp, L50, F|\n|poke|p2|Incineroar, L50, M|\n|poke|p2|Basculegion, L50, M|\n|poke|p2|Sneasler, L50, M|\n|poke|p2|Venusaur, L50, M|\n|poke|p2|Dragonite, L50, M|\n|poke|p2|Aegislash, L50, F|\n|teampreview|4\n|\n|t:|1776032333\n|teamsize|p1|4\n|teamsize|p2|4\n|start\n|switch|p1a: Farigiraf|Farigiraf, L50, F|100/100\n|switch|p1b: Whimsicott|Whimsicott, L50, F|100/100\n|switch|p2a: Dragonite|Dragonite, L50, M, shiny|100/100\n|switch|p2b: Basculegion|Basculegion, L50, M, shiny|100/100\n|turn|1\n|inactive|Battle timer is ON: inactive players will automatically lose when time's up. (requested by P0keJr)\n|inactive|P0keJr has 60 seconds left.\n|\n|t:|1776032367\n|switch|p2b: Aegislash|Aegislash, L50, F|100/100\n|detailschange|p2a: Dragonite|Dragonite-Mega, L50, M, shiny\n|-mega|p2a: Dragonite|Dragonite|Dragoninite\n|move|p1b: Whimsicott|Tailwind|p1b: Whimsicott\n|-sidestart|p1: aboo6787|move: Tailwind\n|move|p1a: Farigiraf|Foul Play|p2b: Aegislash\n|-supereffective|p2b: Aegislash|1\n|-damage|p2b: Aegislash|78/100\n|move|p2a: Dragonite|Icy Wind|p1b: Whimsicott|[spread] p1a,p1b\n|-supereffective|p1b: Whimsicott|1\n|-damage|p1a: Farigiraf|89/100\n|-damage|p1b: Whimsicott|46/100\n|-unboost|p1a: Farigiraf|spe|1\n|-unboost|p1b: Whimsicott|spe|1\n|\n|-heal|p2b: Aegislash|85/100|[from] item: Leftovers\n|upkeep\n|turn|2\n|inactive|P0keJr has 30 seconds left.\n|\n|t:|1776032401\n|move|p1b: Whimsicott|Fake Tears|p2a: Dragonite\n|-unboost|p2a: Dragonite|spd|2\n|move|p2a: Dragonite|Icy Wind|p1a: Farigiraf|[spread] p1a,p1b\n|-supereffective|p1b: Whimsicott|1\n|-damage|p1a: Farigiraf|77/100\n|-damage|p1b: Whimsicott|0 fnt\n|-unboost|p1a: Farigiraf|spe|1\n|faint|p1b: Whimsicott\n|-formechange|p2b: Aegislash|Aegislash-Blade|\n|move|p2b: Aegislash|Flash Cannon|p1a: Farigiraf\n|-damage|p1a: Farigiraf|44/100\n|-enditem|p1a: Farigiraf|Sitrus Berry|[eat]\n|-heal|p1a: Farigiraf|68/100|[from] item: Sitrus Berry\n|move|p1a: Farigiraf|Twin Beam|p2a: Dragonite\n|-damage|p2a: Dragonite|89/100\n|-crit|p2a: Dragonite\n|-damage|p2a: Dragonite|50/100\n|-hitcount|p2a: Dragonite|2\n|\n|-heal|p2b: Aegislash|91/100|[from] item: Leftovers\n|upkeep\n|\n|t:|1776032420\n|switch|p1b: Garchomp|Garchomp, L50, F|100/100\n|turn|3\n|inactive|P0keJr has 30 seconds left.\n|\n|t:|1776032454\n|switch|p2b: Sneasler|Sneasler, L50, M, shiny|100/100\n|move|p2a: Dragonite|Protect|p2a: Dragonite\n|-singleturn|p2a: Dragonite|Protect\n|move|p1b: Garchomp|Breaking Swipe|p2b: Sneasler|[spread] p2b\n|-activate|p2a: Dragonite|move: Protect\n|-damage|p2b: Sneasler|58/100\n|-unboost|p2b: Sneasler|atk|1\n|move|p1a: Farigiraf|Foul Play|p2b: Sneasler\n|-resisted|p2b: Sneasler|1\n|-crit|p2b: Sneasler\n|-damage|p2b: Sneasler|13/100\n|\n|upkeep\n|turn|4\n|inactive|P0keJr has 30 seconds left.\n|inactive|P0keJr has 20 seconds left.\n|\n|t:|1776032491\n|move|p2b: Sneasler|Protect|p2b: Sneasler\n|-singleturn|p2b: Sneasler|Protect\n|move|p1b: Garchomp|Breaking Swipe|p2b: Sneasler|[spread] p2a\n|-activate|p2b: Sneasler|move: Protect\n|-supereffective|p2a: Dragonite|1\n|-damage|p2a: Dragonite|11/100\n|-unboost|p2a: Dragonite|atk|1\n|move|p2a: Dragonite|Roost|p2a: Dragonite\n|-heal|p2a: Dragonite|61/100\n|-singleturn|p2a: Dragonite|move: Roost\n|move|p1a: Farigiraf|Foul Play|p2a: Dragonite\n|-damage|p2a: Dragonite|48/100\n|\n|-sideend|p1: aboo6787|move: Tailwind\n|upkeep\n|turn|5\n|inactive|P0keJr has 30 seconds left.\n|inactive|P0keJr has 20 seconds left.\n|\n|t:|1776032531\n|move|p1b: Garchomp|Breaking Swipe|p2a: Dragonite|[spread] p2a,p2b\n|-supereffective|p2a: Dragonite|1\n|-damage|p2a: Dragonite|8/100\n|-damage|p2b: Sneasler|0 fnt\n|-unboost|p2a: Dragonite|atk|1\n|faint|p2b: Sneasler\n|move|p2a: Dragonite|Icy Wind|p1a: Farigiraf|[spread] p1a,p1b\n|-supereffective|p1b: Garchomp|2\n|-damage|p1a: Farigiraf|57/100\n|-damage|p1b: Garchomp|28/100\n|-unboost|p1a: Farigiraf|spe|1\n|-unboost|p1b: Garchomp|spe|1\n|move|p1a: Farigiraf|Twin Beam|p2a: Dragonite\n|-damage|p2a: Dragonite|0 fnt\n|faint|p2a: Dragonite\n|-hitcount|p2: Dragonite|1\n|\n|upkeep\n|\n|t:|1776032548\n|switch|p2b: Basculegion|Basculegion, L50, M, shiny|100/100\n|switch|p2a: Aegislash|Aegislash, L50, F|91/100\n|turn|6\n|inactive|P0keJr has 30 seconds left.\n|\n|t:|1776032573\n|move|p2b: Basculegion|Wave Crash|p1a: Farigiraf\n|-damage|p1a: Farigiraf|0 fnt\n|faint|p1a: Farigiraf\n|-damage|p2b: Basculegion|78/100|[from] Recoil\n|move|p1b: Garchomp|Breaking Swipe|p2b: Basculegion|[spread] p2a,p2b\n|-resisted|p2a: Aegislash|1\n|-damage|p2a: Aegislash|80/100\n|-damage|p2b: Basculegion|44/100\n|-unboost|p2a: Aegislash|atk|1\n|-unboost|p2b: Basculegion|atk|1\n|-formechange|p2a: Aegislash|Aegislash-Blade|\n|move|p2a: Aegislash|Shadow Ball|p1b: Garchomp\n|-damage|p1b: Garchomp|0 fnt\n|faint|p1b: Garchomp\n|\n|-heal|p2a: Aegislash|86/100|[from] item: Leftovers\n|upkeep\n|\n|t:|1776032586\n|switch|p1b: Gengar|Gengar, L50, M|100/100\n|turn|7\n|\n|t:|1776032600\n|detailschange|p1b: Gengar|Gengar-Mega, L50, M\n|-mega|p1b: Gengar|Gengar|Gengarite\n|move|p2b: Basculegion|Wave Crash|p1b: Gengar\n|-damage|p1b: Gengar|20/100\n|-damage|p2b: Basculegion|26/100|[from] Recoil\n|move|p1b: Gengar|Shadow Ball|p2b: Basculegion\n|-supereffective|p2b: Basculegion|1\n|-damage|p2b: Basculegion|0 fnt\n|faint|p2b: Basculegion\n|move|p2a: Aegislash|Shadow Ball|p1b: Gengar\n|-supereffective|p1b: Gengar|1\n|-damage|p1b: Gengar|0 fnt\n|faint|p1b: Gengar\n|\n|win|P0keJr\n|raw|aboo6787's rating: 1187 &rarr; <strong>1158</strong><br />(-29 for losing)\n|raw|P0keJr's rating: 1124 &rarr; <strong>1153</strong><br />(+29 for winning)\n|l|\u2606aboo6787\n|player|p1|\n",
  "uploadtime": 1776032617,
  "views": 15,
  "formatid": "gen9championsvgc2026regma",
  "rating": 1153,
  "private": 0,
  "password": null
}