{
  "id": "gen9championsvgc2026regma-2586864689",
  "format": "[Gen 9 Champions] VGC 2026 Reg M-A",
  "players": [
    "Cekongzi",
    "fallen_whimmy"
  ],
  "log": "|j|\u2606Cekongzi\n|j|\u2606fallen_whimmy\n|t:|1776466518\n|gametype|doubles\n|player|p1|Cekongzi|youngster-gen4dp|1048\n|player|p2|fallen_whimmy|101|1069\n|gen|9\n|tier|[Gen 9 Champions] VGC 2026 Reg M-A\n|rated|\n|rule|Species Clause: Limit one of each Pok\u00e9mon\n|rule|Item Clause: Limit 1 of each item\n|clearpoke\n|poke|p1|Sneasler, L50, M|\n|poke|p1|Dragonite, L50, F|\n|poke|p1|Excadrill, L50, F|\n|poke|p1|Delphox, L50, F|\n|poke|p1|Zoroark-Hisui, L50, F|\n|poke|p1|Hatterene, L50, F|\n|poke|p2|Chimecho, L50, M|\n|poke|p2|Farigiraf, L50, M|\n|poke|p2|Armarouge, L50, F|\n|poke|p2|Garchomp, L50, F|\n|poke|p2|Rotom-Wash, L50|\n|poke|p2|Clefable, L50, F|\n|teampreview|4\n|inactive|Battle timer is ON: inactive players will automatically lose when time's up. (requested by Cekongzi)\n|inactive|fallen_whimmy has 60 seconds left.\n|\n|t:|1776466557\n|teamsize|p1|4\n|teamsize|p2|4\n|start\n|switch|p1a: Sneasler|Sneasler, L50, M, shiny|100/100\n|switch|p1b: Excadrill|Excadrill, L50, F|100/100\n|switch|p2a: Garchomp|Garchomp, L50, F|100/100\n|switch|p2b: Rotom|Rotom-Wash, L50|100/100\n|turn|1\n|\n|t:|1776466571\n|move|p1b: Excadrill|Protect|p1b: Excadrill\n|-singleturn|p1b: Excadrill|Protect\n|move|p2a: Garchomp|Protect|p2a: Garchomp\n|-singleturn|p2a: Garchomp|Protect\n|move|p1a: Sneasler|Fake Out|p2a: Garchomp\n|-activate|p2a: Garchomp|move: Protect\n|move|p2b: Rotom|Will-O-Wisp|p1b: Excadrill\n|-activate|p1b: Excadrill|move: Protect\n|\n|upkeep\n|turn|2\n|\n|t:|1776466595\n|move|p1a: Sneasler|Close Combat|p2b: Rotom\n|-damage|p2b: Rotom|39/100\n|-unboost|p1a: Sneasler|def|1\n|-unboost|p1a: Sneasler|spd|1\n|-enditem|p2b: Rotom|Sitrus Berry|[eat]\n|-heal|p2b: Rotom|64/100|[from] item: Sitrus Berry\n|move|p1b: Excadrill|Hyper Voice|p2a: Garchomp|[spread] p2a,p2b\n|-damage|p2a: Garchomp|66/100\n|-damage|p2b: Rotom|31/100\n|move|p2a: Garchomp|Earthquake|p1a: Sneasler|[spread] p1a,p1b\n|-immune|p2b: Rotom|[from] ability: Levitate\n|-supereffective|p1a: Sneasler|1\n|-damage|p1a: Sneasler|0 fnt\n|-damage|p1b: Excadrill|18/100\n|replace|p1b: Zoroark|Zoroark-Hisui, L50, F, shiny\n|-end|p1b: Zoroark|Illusion\n|faint|p1a: Sneasler\n|move|p2b: Rotom|Volt Switch|p1b: Zoroark\n|-damage|p1b: Zoroark|0 fnt\n|faint|p1b: Zoroark\n|\n|t:|1776466617\n|switch|p2b: Clefable|Clefable, L50, F|100/100|[from] Volt Switch\n|\n|upkeep\n|\n|t:|1776466639\n|switch|p1a: Dragonite|Dragonite, L50, F, shiny|100/100\n|switch|p1b: Excadrill|Excadrill, L50, F|100/100\n|turn|3\n|\n|t:|1776466651\n|move|p1b: Excadrill|Protect|p1b: Excadrill\n|-singleturn|p1b: Excadrill|Protect\n|move|p2b: Clefable|Follow Me|p2b: Clefable\n|-singleturn|p2b: Clefable|move: Follow Me\n|move|p1a: Dragonite|Tailwind|p1a: Dragonite\n|-sidestart|p1: Cekongzi|move: Tailwind\n|move|p2a: Garchomp|Earthquake|p1a: Dragonite|[spread] p2b\n|-activate|p1b: Excadrill|move: Protect\n|-immune|p1a: Dragonite\n|-damage|p2b: Clefable|57/100\n|\n|upkeep\n|turn|4\n|\n|t:|1776466668\n|detailschange|p1b: Excadrill|Excadrill-Mega, L50, F\n|-mega|p1b: Excadrill|Excadrill|Excadrite\n|move|p2b: Clefable|Follow Me|p2b: Clefable\n|-singleturn|p2b: Clefable|move: Follow Me\n|move|p1b: Excadrill|Iron Head|p2b: Clefable\n|-supereffective|p2b: Clefable|1\n|-enditem|p2b: Clefable|Babiri Berry|[eat]\n|-enditem|p2b: Clefable|Babiri Berry|[weaken]\n|-damage|p2b: Clefable|2/100\n|move|p1a: Dragonite|Dragon Claw|p2b: Clefable\n|-immune|p2b: Clefable\n|move|p2a: Garchomp|Rock Slide|p1a: Dragonite|[spread] p1a,p1b\n|-supereffective|p1a: Dragonite|1\n|-resisted|p1b: Excadrill|2\n|-damage|p1a: Dragonite|74/100\n|-damage|p1b: Excadrill|96/100\n|\n|upkeep\n|turn|5\n|\n|t:|1776466693\n|move|p2a: Garchomp|Protect|p2a: Garchomp\n|-singleturn|p2a: Garchomp|Protect\n|move|p1b: Excadrill|Earthquake|p2b: Clefable|[spread] p2b\n|-activate|p2a: Garchomp|move: Protect\n|-immune|p1a: Dragonite\n|-damage|p2b: Clefable|0 fnt\n|faint|p2b: Clefable\n|move|p1a: Dragonite|Dragon Claw|p2a: Garchomp\n|-activate|p2a: Garchomp|move: Protect\n|\n|upkeep\n|\n|t:|1776466700\n|switch|p2b: Farigiraf|Farigiraf, L50, M|100/100\n|turn|6\n|\n|t:|1776466706\n|switch|p2a: Rotom|Rotom-Wash, L50|31/100\n|move|p1b: Excadrill|Earthquake|p2b: Farigiraf|[spread] p2b\n|-immune|p1a: Dragonite\n|-immune|p2a: Rotom|[from] ability: Levitate\n|-damage|p2b: Farigiraf|62/100\n|move|p1a: Dragonite|Dragon Claw|p2a: Rotom\n|-damage|p2a: Rotom|0 fnt\n|faint|p2a: Rotom\n|move|p2b: Farigiraf|Trick Room|p2b: Farigiraf\n|-fieldstart|move: Trick Room|[of] p2b: Farigiraf\n|\n|-heal|p2b: Farigiraf|68/100|[from] item: Leftovers\n|-sideend|p1: Cekongzi|move: Tailwind\n|upkeep\n|\n|t:|1776466709\n|switch|p2a: Garchomp|Garchomp, L50, F|66/100\n|turn|7\n|\n|t:|1776466721\n|move|p2a: Garchomp|Protect|p2a: Garchomp\n|-singleturn|p2a: Garchomp|Protect\n|move|p1b: Excadrill|Protect|p1b: Excadrill\n|-singleturn|p1b: Excadrill|Protect\n|move|p2b: Farigiraf|Psychic Terrain|p2b: Farigiraf\n|-fieldstart|move: Psychic Terrain\n|move|p1a: Dragonite|Dragon Claw|p2a: Garchomp\n|-activate|p2a: Garchomp|move: Protect\n|\n|-heal|p2b: Farigiraf|74/100|[from] item: Leftovers\n|upkeep\n|turn|8\n|\n|t:|1776466732\n|move|p2b: Farigiraf|Expanding Force|p1b: Excadrill|[spread] p1a,p1b\n|-resisted|p1b: Excadrill|1\n|-damage|p1a: Dragonite|26/100\n|-damage|p1b: Excadrill|66/100\n|move|p2a: Garchomp|Earthquake|p1b: Excadrill|[spread] p2b,p1b\n|-immune|p1a: Dragonite\n|-crit|p2b: Farigiraf\n|-supereffective|p1b: Excadrill|1\n|-damage|p2b: Farigiraf|15/100\n|-damage|p1b: Excadrill|0 fnt\n|faint|p1b: Excadrill\n|move|p1a: Dragonite|Dragon Claw|p2a: Garchomp\n|-supereffective|p2a: Garchomp|1\n|-damage|p2a: Garchomp|0 fnt\n|-damage|p1a: Dragonite|14/100|[from] ability: Rough Skin|[of] p2a: Garchomp\n|faint|p2a: Garchomp\n|\n|-heal|p2b: Farigiraf|22/100|[from] item: Leftovers\n|upkeep\n|turn|9\n|\n|t:|1776466745\n|move|p2b: Farigiraf|Expanding Force|p1a: Dragonite\n|-damage|p1a: Dragonite|0 fnt\n|faint|p1a: Dragonite\n|\n|win|fallen_whimmy\n|raw|Cekongzi's rating: 1048 &rarr; <strong>1032</strong><br />(-16 for losing)\n|raw|fallen_whimmy's rating: 1069 &rarr; <strong>1097</strong><br />(+28 for winning)\n|l|\u2606Cekongzi\n|player|p1|\n",
  "uploadtime": 1776466747,
  "views": 23,
  "formatid": "gen9championsvgc2026regma",
  "rating": 1032,
  "private": 0,
  "password": null
}