{
  "id": "gen9championsvgc2026regma-2581518520",
  "format": "[Gen 9 Champions] VGC 2026 Reg M-A",
  "players": [
    "bobus maximus",
    "ventusoli"
  ],
  "log": "|j|\u2606bobus maximus\n|j|\u2606ventusoli\n|t:|1776007640\n|gametype|doubles\n|player|p1|bobus maximus|ninjaboy|1000\n|player|p2|ventusoli|nate|1040\n|gen|9\n|tier|[Gen 9 Champions] VGC 2026 Reg M-A\n|rated|\n|rule|Species Clause: Limit one of each Pok\u00e9mon\n|rule|Item Clause: Limit 1 of each item\n|clearpoke\n|poke|p1|Maushold, L50|\n|poke|p1|Meowstic, L50, M|\n|poke|p1|Alakazam, L50, M|\n|poke|p1|Tauros-Paldea-Aqua, L50, M|\n|poke|p1|Froslass, L50, F|\n|poke|p1|Avalugg, L50, F|\n|poke|p2|Sneasler, L50, M|\n|poke|p2|Basculegion, L50, M|\n|poke|p2|Kingambit, L50, M|\n|poke|p2|Garchomp, L50, M|\n|poke|p2|Talonflame, L50, M|\n|poke|p2|Glimmora, L50, M|\n|teampreview|4\n|inactive|Battle timer is ON: inactive players will automatically lose when time's up. (requested by bobus maximus)\n|inactive|ventusoli has 60 seconds left.\n|\n|t:|1776007681\n|teamsize|p1|4\n|teamsize|p2|4\n|start\n|switch|p1a: Maushold|Maushold, L50|100/100\n|switch|p1b: Meowstic|Meowstic, L50, M|100/100\n|switch|p2a: Talonflame|Talonflame, L50, M|100/100\n|switch|p2b: Sneasler|Sneasler, L50, M|100/100\n|turn|1\n|inactive|ventusoli has 30 seconds left.\n|\n|t:|1776007707\n|move|p2b: Sneasler|Fake Out|p1a: Maushold\n|-damage|p1a: Maushold|85/100\n|cant|p1a: Maushold|flinch\n|move|p2a: Talonflame|Acrobatics|p1b: Meowstic\n|-damage|p1b: Meowstic|57/100\n|move|p1b: Meowstic|Nasty Plot|p1b: Meowstic\n|-boost|p1b: Meowstic|spa|2\n|\n|upkeep\n|turn|2\n|\n|t:|1776007729\n|move|p1a: Maushold|Follow Me|p1a: Maushold\n|-singleturn|p1a: Maushold|move: Follow Me\n|move|p2a: Talonflame|Acrobatics|p1a: Maushold\n|-damage|p1a: Maushold|35/100\n|-enditem|p1a: Maushold|Sitrus Berry|[eat]\n|-heal|p1a: Maushold|60/100|[from] item: Sitrus Berry\n|move|p1b: Meowstic|Psychic Terrain|p1b: Meowstic\n|-fieldstart|move: Psychic Terrain\n|move|p2b: Sneasler|Close Combat|p1a: Maushold\n|-supereffective|p1a: Maushold|1\n|-damage|p1a: Maushold|0 fnt\n|-unboost|p2b: Sneasler|def|1\n|-unboost|p2b: Sneasler|spd|1\n|faint|p1a: Maushold\n|-enditem|p2b: Sneasler|White Herb\n|-clearnegativeboost|p2b: Sneasler|[silent]\n|\n|upkeep\n|\n|t:|1776007747\n|switch|p1a: Froslass|Froslass, L50, F|100/100\n|turn|3\n|inactive|ventusoli has 30 seconds left.\n|\n|t:|1776007774\n|switch|p2b: Kingambit|Kingambit, L50, M|100/100\n|move|p1a: Froslass|Protect|p1a: Froslass\n|-singleturn|p1a: Froslass|Protect\n|move|p1b: Meowstic|Baton Pass|p1b: Meowstic\n|\n|t:|1776007779\n|switch|p1b: Alakazam|Alakazam, L50, M|100/100|[from] Baton Pass\n|move|p2a: Talonflame|Flare Blitz|p1a: Froslass\n|-activate|p1a: Froslass|move: Protect\n|\n|upkeep\n|turn|4\n|inactive|bobus maximus has 30 seconds left.\n|inactive|bobus maximus has 20 seconds left.\n|inactive|bobus maximus has 15 seconds left.\n|\n|t:|1776007824\n|detailschange|p1b: Alakazam|Alakazam-Mega, L50, M\n|-mega|p1b: Alakazam|Alakazam|Alakazite\n|-ability|p1b: Alakazam|Gale Wings|Trace|[from] ability: Trace|[of] p2a: Talonflame\n|move|p2a: Talonflame|Tailwind|p2a: Talonflame\n|-sidestart|p2: ventusoli|move: Tailwind\n|move|p2b: Kingambit|Sucker Punch|p1b: Alakazam\n|-activate|p1b: Alakazam|move: Psychic Terrain\n|move|p1b: Alakazam|Expanding Force|p2a: Talonflame|[spread] p2a\n|-immune|p2b: Kingambit\n|-damage|p2a: Talonflame|0 fnt\n|faint|p2a: Talonflame\n|move|p1a: Froslass|Thunderbolt|p2b: Kingambit\n|-damage|p2b: Kingambit|76/100\n|\n|upkeep\n|\n|t:|1776007838\n|switch|p2a: Glimmora|Glimmora, L50, M|100/100\n|turn|5\n|\n|t:|1776007853\n|detailschange|p2a: Glimmora|Glimmora-Mega, L50, M\n|-mega|p2a: Glimmora|Glimmora|Glimmoranite\n|move|p2a: Glimmora|Protect|p2a: Glimmora\n|-singleturn|p2a: Glimmora|Protect\n|move|p1b: Alakazam|Expanding Force|p2a: Glimmora|[spread] \n|-activate|p2a: Glimmora|move: Protect\n|-immune|p2b: Kingambit\n|move|p1a: Froslass|Blizzard|p2b: Kingambit|[spread] p2b\n|-activate|p2a: Glimmora|move: Protect\n|-resisted|p2b: Kingambit|1\n|-damage|p2b: Kingambit|58/100\n|move|p2b: Kingambit|Kowtow Cleave|p1b: Alakazam\n|-supereffective|p1b: Alakazam|1\n|-damage|p1b: Alakazam|0 fnt\n|faint|p1b: Alakazam\n|\n|upkeep\n|\n|t:|1776007868\n|switch|p1b: Meowstic|Meowstic, L50, M|57/100\n|turn|6\n|\n|t:|1776007884\n|move|p1b: Meowstic|Nasty Plot|p1b: Meowstic\n|-boost|p1b: Meowstic|spa|2\n|move|p2a: Glimmora|Power Gem|p1b: Meowstic\n|-damage|p1b: Meowstic|0 fnt\n|faint|p1b: Meowstic\n|move|p1a: Froslass|Blizzard|p2a: Glimmora|[spread] p2b\n|-miss|p1a: Froslass|p2a: Glimmora\n|-resisted|p2b: Kingambit|1\n|-damage|p2b: Kingambit|41/100\n|move|p2b: Kingambit|Kowtow Cleave|p1a: Froslass\n|-supereffective|p1a: Froslass|1\n|-damage|p1a: Froslass|0 fnt\n|faint|p1a: Froslass\n|\n|win|ventusoli\n|raw|bobus maximus's rating: 1000 &rarr; <strong>1000</strong><br />(+0 for losing)\n|raw|ventusoli's rating: 1040 &rarr; <strong>1070</strong><br />(+30 for winning)\n|l|\u2606bobus maximus\n|player|p1|\n",
  "uploadtime": 1776007898,
  "views": 15,
  "formatid": "gen9championsvgc2026regma",
  "rating": 1000,
  "private": 0,
  "password": null
}