{
  "id": "gen9championsvgc2026regma-2584693134",
  "format": "[Gen 9 Champions] VGC 2026 Reg M-A",
  "players": [
    "Dinnersaurusrex",
    "DummyIsHere"
  ],
  "log": "|j|\u2606Dinnersaurusrex\n|j|\u2606DummyIsHere\n|t:|1776277193\n|gametype|doubles\n|player|p1|Dinnersaurusrex|caitlin-masters|1159\n|player|p2|DummyIsHere|elesa|1174\n|gen|9\n|tier|[Gen 9 Champions] VGC 2026 Reg M-A\n|rated|\n|rule|Species Clause: Limit one of each Pok\u00e9mon\n|rule|Item Clause: Limit 1 of each item\n|clearpoke\n|poke|p1|Camerupt, L50, M|\n|poke|p1|Farigiraf, L50, F|\n|poke|p1|Kingambit, L50, M|\n|poke|p1|Sinistcha, L50|\n|poke|p1|Crabominable, L50, M|\n|poke|p1|Incineroar, L50, M|\n|poke|p2|Incineroar, L50, M|\n|poke|p2|Froslass, L50, F|\n|poke|p2|Kingambit, L50, M|\n|poke|p2|Sinistcha, L50|\n|poke|p2|Rotom-Frost, L50|\n|poke|p2|Garchomp, L50, M|\n|teampreview|4\n|inactive|Battle timer is ON: inactive players will automatically lose when time's up. (requested by Dinnersaurusrex)\n|\n|t:|1776277240\n|teamsize|p1|4\n|teamsize|p2|4\n|start\n|switch|p1a: Nort|Farigiraf, L50, F|100/100\n|switch|p1b: Crabominable|Crabominable, L50, M|100/100\n|switch|p2a: Froslass|Froslass, L50, F|100/100\n|switch|p2b: Rotom|Rotom-Frost, L50|100/100\n|turn|1\n|inactive|DummyIsHere has 30 seconds left.\n|\n|t:|1776277268\n|detailschange|p2a: Froslass|Froslass-Mega, L50, F\n|-mega|p2a: Froslass|Froslass|Froslassite\n|-weather|Snowscape|[from] ability: Snow Warning|[of] p2a: Froslass\n|detailschange|p1b: Crabominable|Crabominable-Mega, L50, M\n|-mega|p1b: Crabominable|Crabominable|Crabominite\n|move|p1b: Crabominable|Protect|p1b: Crabominable\n|-singleturn|p1b: Crabominable|Protect\n|move|p2b: Rotom|Blizzard|p1b: Crabominable|[spread] p1a\n|-activate|p1b: Crabominable|move: Protect\n|-damage|p1a: Nort|63/100\n|-status|p1a: Nort|frz\n|move|p2a: Froslass|Blizzard|p1b: Crabominable|[spread] p1a\n|-activate|p1b: Crabominable|move: Protect\n|-damage|p1a: Nort|15/100 frz\n|cant|p1a: Nort|frz\n|\n|-weather|Snowscape|[upkeep]\n|upkeep\n|turn|2\n|inactive|DummyIsHere has 30 seconds left.\n|\n|t:|1776277297\n|move|p2b: Rotom|Blizzard|p1b: Crabominable|[spread] p1a,p1b\n|-resisted|p1b: Crabominable|1\n|-damage|p1a: Nort|0 fnt\n|-damage|p1b: Crabominable|83/100\n|faint|p1a: Nort\n|move|p2a: Froslass|Blizzard|p1b: Crabominable\n|-resisted|p1b: Crabominable|1\n|-damage|p1b: Crabominable|57/100\n|move|p1b: Crabominable|Drain Punch|p2b: Rotom\n|-supereffective|p2b: Rotom|1\n|-crit|p2b: Rotom\n|-damage|p2b: Rotom|0 fnt\n|-heal|p1b: Crabominable|88/100|[from] drain|[of] p2b: Rotom\n|faint|p2b: Rotom\n|\n|-weather|Snowscape|[upkeep]\n|upkeep\n|\n|t:|1776277311\n|switch|p2b: Garchomp|Garchomp, L50, M|100/100\n|switch|p1a: Grand Saber|Kingambit, L50, M, shiny|100/100\n|turn|3\n|\n|t:|1776277331\n|move|p1a: Grand Saber|Protect|p1a: Grand Saber\n|-singleturn|p1a: Grand Saber|Protect\n|move|p2a: Froslass|Aurora Veil|p2a: Froslass\n|-sidestart|p2: DummyIsHere|move: Aurora Veil\n|move|p2b: Garchomp|Earthquake|p1a: Grand Saber|[spread] p2a,p1b\n|-activate|p1a: Grand Saber|move: Protect\n|-damage|p2a: Froslass|69/100\n|-damage|p1b: Crabominable|67/100\n|move|p1b: Crabominable|Ice Hammer|p2b: Garchomp\n|-supereffective|p2b: Garchomp|2\n|-damage|p2b: Garchomp|0 fnt\n|-unboost|p1b: Crabominable|spe|1\n|-damage|p1b: Crabominable|55/100|[from] ability: Rough Skin|[of] p2b: Garchomp\n|faint|p2b: Garchomp\n|\n|-weather|Snowscape|[upkeep]\n|upkeep\n|\n|t:|1776277341\n|switch|p2b: Incineroar|Incineroar, L50, M|100/100\n|-ability|p2b: Incineroar|Intimidate|boost\n|-unboost|p1a: Grand Saber|atk|1\n|-ability|p1a: Grand Saber|Defiant|boost\n|-boost|p1a: Grand Saber|atk|2\n|-unboost|p1b: Crabominable|atk|1\n|turn|4\n|\n|t:|1776277360\n|move|p2b: Incineroar|Fake Out|p1a: Grand Saber\n|-resisted|p1a: Grand Saber|1\n|-damage|p1a: Grand Saber|96/100\n|cant|p1a: Grand Saber|flinch\n|move|p2a: Froslass|Shadow Ball|p1b: Crabominable\n|-damage|p1b: Crabominable|15/100\n|move|p1b: Crabominable|Drain Punch|p2b: Incineroar\n|-supereffective|p2b: Incineroar|1\n|-damage|p2b: Incineroar|46/100\n|-heal|p1b: Crabominable|37/100|[from] drain|[of] p2b: Incineroar\n|-enditem|p2b: Incineroar|Sitrus Berry|[eat]\n|-heal|p2b: Incineroar|71/100|[from] item: Sitrus Berry\n|\n|-weather|Snowscape|[upkeep]\n|upkeep\n|turn|5\n|inactive|Dinnersaurusrex has 30 seconds left.\n|inactive|DummyIsHere has 30 seconds left.\n|\n|t:|1776277394\n|switch|p1b: Sinistcha|Sinistcha, L50|100/100\n|-heal|p1a: Grand Saber|100/100|[from] ability: Hospitality|[of] p1b: Sinistcha\n|move|p2a: Froslass|Protect|p2a: Froslass\n|-singleturn|p2a: Froslass|Protect\n|move|p1a: Grand Saber|Sucker Punch||[still]\n|-fail|p1a: Grand Saber\n|move|p2b: Incineroar|Flare Blitz|p1a: Grand Saber\n|-supereffective|p1a: Grand Saber|1\n|-damage|p1a: Grand Saber|11/100\n|-damage|p2b: Incineroar|35/100|[from] Recoil\n|\n|-weather|none\n|upkeep\n|turn|6\n|inactive|DummyIsHere has 30 seconds left.\n|inactive|DummyIsHere has 20 seconds left.\n|inactive|DummyIsHere has 15 seconds left.\n|inactive|DummyIsHere has 10 seconds left.\n|inactive|DummyIsHere has 5 seconds left.\n|\n|t:|1776277445\n|move|p2a: Froslass|Protect||[still]\n|-fail|p2a: Froslass\n|move|p1b: Sinistcha|Rage Powder|p1b: Sinistcha\n|-singleturn|p1b: Sinistcha|move: Rage Powder\n|move|p1a: Grand Saber|Sucker Punch||[still]\n|-fail|p1a: Grand Saber\n|move|p2b: Incineroar|Flare Blitz|p1b: Sinistcha\n|-supereffective|p1b: Sinistcha|1\n|-damage|p1b: Sinistcha|3/100\n|-damage|p2b: Incineroar|2/100|[from] Recoil\n|\n|-heal|p1b: Sinistcha|9/100|[from] item: Leftovers\n|upkeep\n|turn|7\n|inactive|Dinnersaurusrex has 30 seconds left.\n|inactive|DummyIsHere has 30 seconds left.\n|inactive|Dinnersaurusrex has 20 seconds left.\n|inactive|Dinnersaurusrex has 15 seconds left.\n|\n|t:|1776277487\n|switch|p1b: Crabominable|Crabominable-Mega, L50, M|37/100\n|move|p1a: Grand Saber|Protect|p1a: Grand Saber\n|-singleturn|p1a: Grand Saber|Protect\n|move|p2a: Froslass|Blizzard|p1b: Crabominable|[spread] p1b\n|-activate|p1a: Grand Saber|move: Protect\n|-resisted|p1b: Crabominable|1\n|-damage|p1b: Crabominable|19/100\n|move|p2b: Incineroar|Darkest Lariat|p1a: Grand Saber\n|-activate|p1a: Grand Saber|move: Protect\n|\n|-sideend|p2: DummyIsHere|move: Aurora Veil\n|upkeep\n|turn|8\n|inactive|DummyIsHere has 30 seconds left.\n|inactive|DummyIsHere has 20 seconds left.\n|inactive|DummyIsHere has 15 seconds left.\n|\n|t:|1776277532\n|move|p2a: Froslass|Protect|p2a: Froslass\n|-singleturn|p2a: Froslass|Protect\n|move|p1a: Grand Saber|Sucker Punch||[still]\n|-fail|p1a: Grand Saber\n|move|p1b: Crabominable|Mach Punch|p2b: Incineroar\n|-supereffective|p2b: Incineroar|1\n|-damage|p2b: Incineroar|0 fnt\n|faint|p2b: Incineroar\n|\n|upkeep\n|turn|9\n|\n|t:|1776277539\n|move|p1a: Grand Saber|Sucker Punch|p2a: Froslass\n|-supereffective|p2a: Froslass|1\n|-damage|p2a: Froslass|0 fnt\n|faint|p2a: Froslass\n|\n|win|Dinnersaurusrex\n|raw|Dinnersaurusrex's rating: 1159 &rarr; <strong>1185</strong><br />(+26 for winning)\n|raw|DummyIsHere's rating: 1174 &rarr; <strong>1148</strong><br />(-26 for losing)\n|l|\u2606DummyIsHere\n|player|p2|\n|c|\u2606Dinnersaurusrex|gg\n",
  "uploadtime": 1776277545,
  "views": 24,
  "formatid": "gen9championsvgc2026regma",
  "rating": 1148,
  "private": 0,
  "password": null
}