{
  "id": "gen9championsvgc2026regma-2588382536",
  "format": "[Gen 9 Champions] VGC 2026 Reg M-A",
  "players": [
    "Kaliser 257",
    "Liber Dragon"
  ],
  "log": "|j|\u2606Kaliser 257\n|j|\u2606Liber Dragon\n|t:|1776628873\n|gametype|doubles\n|player|p1|Kaliser 257|acetrainer|\n|player|p2|Liber Dragon|veteran|\n|gen|9\n|tier|[Gen 9 Champions] VGC 2026 Reg M-A\n|rule|Species Clause: Limit one of each Pok\u00e9mon\n|rule|Item Clause: Limit 1 of each item\n|clearpoke\n|poke|p1|Tyranitar, L50, M|\n|poke|p1|Excadrill, L50, F|\n|poke|p1|Incineroar, L50, F|\n|poke|p1|Milotic, L50, F|\n|poke|p1|Sinistcha, L50|\n|poke|p1|Drampa, L50, M|\n|poke|p2|Lucario, L50, M|\n|poke|p2|Pelipper, L50, F|\n|poke|p2|Farigiraf, L50, F|\n|poke|p2|Basculegion, L50, M|\n|poke|p2|Archaludon, L50, F|\n|poke|p2|Garchomp, L50, F|\n|teampreview|4\n|inactive|Battle timer is ON: inactive players will automatically lose when time's up. (requested by Liber Dragon)\n|inactiveoff|Battle timer is now OFF.\nLiber Dragon has agreed to open team sheets.\nKaliser 257 rejected open team sheets.\n|\n|t:|1776628976\n|teamsize|p1|4\n|teamsize|p2|4\n|start\n|switch|p1a: Drampa|Drampa, L50, M|100/100\n|switch|p1b: Sinistcha|Sinistcha, L50|100/100\n|switch|p2a: Garchomp|Garchomp, L50, F|100/100\n|switch|p2b: Pelipper|Pelipper, L50, F|100/100\n|-weather|RainDance|[from] ability: Drizzle|[of] p2b: Pelipper\n|turn|1\n|\n|t:|1776629007\n|detailschange|p1a: Drampa|Drampa-Mega, L50, M\n|-mega|p1a: Drampa|Drampa|Drampanite\n|move|p1a: Drampa|Protect|p1a: Drampa\n|-singleturn|p1a: Drampa|Protect\n|move|p2a: Garchomp|Earthquake|p1a: Drampa|[spread] p1b\n|-activate|p1a: Drampa|move: Protect\n|-immune|p2b: Pelipper\n|-resisted|p1b: Sinistcha|1\n|-damage|p1b: Sinistcha|82/100\n|move|p2b: Pelipper|Tailwind|p2b: Pelipper\n|-sidestart|p2: Liber Dragon|move: Tailwind\n|move|p1b: Sinistcha|Trick Room|p1b: Sinistcha\n|-fieldstart|move: Trick Room|[of] p1b: Sinistcha\n|\n|-weather|RainDance|[upkeep]\n|upkeep\n|turn|2\n|\n|t:|1776629041\n|move|p2b: Pelipper|Protect|p2b: Pelipper\n|-singleturn|p2b: Pelipper|Protect\n|move|p1a: Drampa|Dragon Pulse|p2a: Garchomp\n|-supereffective|p2a: Garchomp|1\n|-damage|p2a: Garchomp|0 fnt\n|faint|p2a: Garchomp\n|move|p1b: Sinistcha|Matcha Gotcha|p2b: Pelipper\n|-activate|p2b: Pelipper|move: Protect\n|\n|-weather|RainDance|[upkeep]\n|upkeep\n|\n|t:|1776629053\n|switch|p2a: Lucario|Lucario, L50, M|100/100\n|turn|3\n|\n|t:|1776629093\n|detailschange|p2a: Lucario|Lucario-Mega, L50, M\n|-mega|p2a: Lucario|Lucario|Lucarionite\n|move|p2a: Lucario|Detect|p2a: Lucario\n|-singleturn|p2a: Lucario|Protect\n|move|p1b: Sinistcha|Rage Powder|p1b: Sinistcha\n|-singleturn|p1b: Sinistcha|move: Rage Powder\n|move|p1a: Drampa|Thunderbolt|p2a: Lucario\n|-activate|p2a: Lucario|move: Protect\n|move|p2b: Pelipper|Hurricane|p1b: Sinistcha\n|-supereffective|p1b: Sinistcha|1\n|-damage|p1b: Sinistcha|16/100\n|\n|-weather|RainDance|[upkeep]\n|upkeep\n|turn|4\n|\n|t:|1776629147\n|move|p2a: Lucario|Detect|p2a: Lucario\n|-singleturn|p2a: Lucario|Protect\n|move|p1a: Drampa|Thunderbolt|p2a: Lucario\n|-activate|p2a: Lucario|move: Protect\n|move|p1b: Sinistcha|Life Dew||[still]|[spread] p1a,p1b\n|-fail|p1a: Drampa|heal\n|-heal|p1b: Sinistcha|41/100\n|move|p2b: Pelipper|Hurricane|p1b: Sinistcha\n|-supereffective|p1b: Sinistcha|1\n|-damage|p1b: Sinistcha|0 fnt\n|faint|p1b: Sinistcha\n|\n|-weather|RainDance|[upkeep]\n|-sideend|p2: Liber Dragon|move: Tailwind\n|upkeep\n|\n|t:|1776629166\n|switch|p1b: Goodzilla|Tyranitar, L50, M|100/100\n|-weather|Sandstorm|[from] ability: Sand Stream|[of] p1b: Goodzilla\n|turn|5\n|\n|t:|1776629191\n|switch|p2a: Basculegion|Basculegion, L50, M|100/100\n|move|p2b: Pelipper|Wide Guard|p2b: Pelipper\n|-singleturn|p2b: Pelipper|Wide Guard\n|move|p1a: Drampa|Thunderbolt|p2b: Pelipper\n|-supereffective|p2b: Pelipper|2\n|-damage|p2b: Pelipper|0 fnt\n|faint|p2b: Pelipper\n|move|p1b: Goodzilla|Low Kick|p2a: Basculegion\n|-immune|p2a: Basculegion\n|\n|-weather|Sandstorm|[upkeep]\n|-damage|p1a: Drampa|95/100|[from] Sandstorm\n|-damage|p2a: Basculegion|94/100|[from] Sandstorm\n|-fieldend|move: Trick Room\n|upkeep\n|\n|t:|1776629204\n|switch|p2b: Lucario|Lucario-Mega, L50, M|100/100\n|turn|6\n|\n|t:|1776629228\n|move|p2b: Lucario|Close Combat|p1a: Drampa\n|-supereffective|p1a: Drampa|1\n|-damage|p1a: Drampa|0 fnt\n|-unboost|p2b: Lucario|def|1\n|-unboost|p2b: Lucario|spd|1\n|faint|p1a: Drampa\n|move|p2a: Basculegion|Liquidation|p1b: Goodzilla\n|-supereffective|p1b: Goodzilla|1\n|-damage|p1b: Goodzilla|31/100\n|move|p1b: Goodzilla|Low Kick|p2b: Lucario\n|-supereffective|p2b: Lucario|1\n|-damage|p2b: Lucario|0 fnt\n|faint|p2b: Lucario\n|\n|-weather|Sandstorm|[upkeep]\n|-damage|p2a: Basculegion|88/100|[from] Sandstorm\n|upkeep\n|\n|t:|1776629240\n|switch|p1a: Oscar|Excadrill, L50, F|100/100\n|turn|7\n|\n|t:|1776629249\n|move|p2a: Basculegion|Aqua Jet|p1b: Goodzilla\n|-supereffective|p1b: Goodzilla|1\n|-damage|p1b: Goodzilla|0 fnt\n|faint|p1b: Goodzilla\n|move|p1a: Oscar|High Horsepower|p2a: Basculegion\n|-damage|p2a: Basculegion|19/100\n|\n|-weather|Sandstorm|[upkeep]\n|-damage|p2a: Basculegion|13/100|[from] Sandstorm\n|upkeep\n|turn|8\n|\n|t:|1776629261\n|move|p2a: Basculegion|Aqua Jet|p1a: Oscar\n|-supereffective|p1a: Oscar|1\n|-damage|p1a: Oscar|39/100\n|move|p1a: Oscar|High Horsepower|p2a: Basculegion\n|-damage|p2a: Basculegion|0 fnt\n|faint|p2a: Basculegion\n|\n|win|Kaliser 257\n",
  "uploadtime": 1776629270,
  "views": 9,
  "formatid": "gen9championsvgc2026regma",
  "rating": null,
  "private": 0,
  "password": null
}