{
  "id": "gen9championsvgc2026regma-2581751819",
  "format": "[Gen 9 Champions] VGC 2026 Reg M-A",
  "players": [
    "adam skye 2",
    "lobbychatlagsmypc"
  ],
  "log": "|j|\u2606adam skye 2\n|j|\u2606lobbychatlagsmypc\n|t:|1776025638\n|gametype|doubles\n|player|p1|adam skye 2|caitlin|1299\n|player|p2|lobbychatlagsmypc|266|1323\n|gen|9\n|tier|[Gen 9 Champions] VGC 2026 Reg M-A\n|rated|\n|rule|Species Clause: Limit one of each Pok\u00e9mon\n|rule|Item Clause: Limit 1 of each item\n|clearpoke\n|poke|p1|Glimmora, L50, F|\n|poke|p1|Incineroar, L50, M|\n|poke|p1|Whimsicott, L50, M|\n|poke|p1|Pelipper, L50, F|\n|poke|p1|Basculegion, L50, M|\n|poke|p1|Archaludon, L50, M|\n|poke|p2|Mudsdale, L50, F|\n|poke|p2|Chimecho, L50, M|\n|poke|p2|Volcarona, L50, F|\n|poke|p2|Blastoise, L50, M|\n|poke|p2|Whimsicott, L50, F|\n|poke|p2|Tyranitar, L50, M|\n|teampreview|4\n|inactive|Battle timer is ON: inactive players will automatically lose when time's up. (requested by lobbychatlagsmypc)\n|\n|t:|1776025674\n|teamsize|p1|4\n|teamsize|p2|4\n|start\n|switch|p1a: Whimsicott|Whimsicott, L50, M|100/100\n|switch|p1b: Basculegion|Basculegion, L50, M|100/100\n|switch|p2a: Whimsicott|Whimsicott, L50, F|100/100\n|switch|p2b: Mudsdale|Mudsdale, L50, F|100/100\n|turn|1\n|inactive|adam skye 2 has 30 seconds left.\n|inactive|lobbychatlagsmypc has 30 seconds left.\n|inactive|adam skye 2 has 20 seconds left.\n|inactive|lobbychatlagsmypc has 20 seconds left.\n|inactive|lobbychatlagsmypc has 15 seconds left.\n|inactive|lobbychatlagsmypc has 10 seconds left.\n|\n|t:|1776025723\n|switch|p1b: Pelipper|Pelipper, L50, F|100/100\n|-weather|RainDance|[from] ability: Drizzle|[of] p1b: Pelipper\n|move|p2b: Mudsdale|Protect|p2b: Mudsdale\n|-singleturn|p2b: Mudsdale|Protect\n|move|p1a: Whimsicott|Tailwind|p1a: Whimsicott\n|-sidestart|p1: adam skye 2|move: Tailwind\n|move|p2a: Whimsicott|Grass Knot|p1b: Pelipper\n|-damage|p1b: Pelipper|60/100\n|\n|-weather|RainDance|[upkeep]\n|upkeep\n|turn|2\n|\n|t:|1776025744\n|switch|p2b: Blastoise|Blastoise, L50, M|100/100\n|move|p1b: Pelipper|Hurricane|p2a: Whimsicott\n|-supereffective|p2a: Whimsicott|1\n|-enditem|p2a: Whimsicott|Focus Sash\n|-damage|p2a: Whimsicott|1/100\n|-start|p2a: Whimsicott|confusion\n|move|p1a: Whimsicott|Moonblast|p2b: Blastoise\n|-damage|p2b: Blastoise|73/100\n|-activate|p2a: Whimsicott|confusion\n|move|p2a: Whimsicott|Moonblast|p1b: Pelipper\n|-damage|p1b: Pelipper|0 fnt\n|faint|p1b: Pelipper\n|\n|-weather|RainDance|[upkeep]\n|upkeep\n|\n|t:|1776025757\n|switch|p1b: Archaludon|Archaludon, L50, M|100/100\n|turn|3\n|\n|t:|1776025777\n|detailschange|p2b: Blastoise|Blastoise-Mega, L50, M\n|-mega|p2b: Blastoise|Blastoise|Blastoisinite\n|-end|p2a: Whimsicott|confusion\n|move|p2a: Whimsicott|Tailwind|p2a: Whimsicott\n|-sidestart|p2: lobbychatlagsmypc|move: Tailwind\n|move|p1a: Whimsicott|Moonblast|p2a: Whimsicott\n|-damage|p2a: Whimsicott|0 fnt\n|faint|p2a: Whimsicott\n|move|p1b: Archaludon|Electro Shot||[still]\n|-prepare|p1b: Archaludon|Electro Shot\n|-boost|p1b: Archaludon|spa|1\n|-anim|p1b: Archaludon|Electro Shot|p2b: Blastoise\n|-supereffective|p2b: Blastoise|1\n|-damage|p2b: Blastoise|0 fnt\n|faint|p2b: Blastoise\n|\n|-weather|RainDance|[upkeep]\n|upkeep\n|\n|t:|1776025782\n|switch|p2a: Tyranitar|Tyranitar, L50, M|100/100\n|switch|p2b: Mudsdale|Mudsdale, L50, F|100/100\n|-weather|Sandstorm|[from] ability: Sand Stream|[of] p2a: Tyranitar\n|turn|4\n|\n|t:|1776025806\n|move|p2a: Tyranitar|Protect|p2a: Tyranitar\n|-singleturn|p2a: Tyranitar|Protect\n|move|p1a: Whimsicott|Fake Tears|p2b: Mudsdale\n|-unboost|p2b: Mudsdale|spd|2\n|move|p1b: Archaludon|Flash Cannon|p2b: Mudsdale\n|-damage|p2b: Mudsdale|0 fnt\n|faint|p2b: Mudsdale\n|\n|-weather|Sandstorm|[upkeep]\n|-damage|p1a: Whimsicott|95/100|[from] Sandstorm\n|-sideend|p1: adam skye 2|move: Tailwind\n|upkeep\n|turn|5\n|-message|lobbychatlagsmypc forfeited.\n|\n|win|adam skye 2\n|raw|adam skye 2's rating: 1299 &rarr; <strong>1326</strong><br />(+27 for winning)\n|raw|lobbychatlagsmypc's rating: 1323 &rarr; <strong>1302</strong><br />(-21 for losing)\n",
  "uploadtime": 1776025812,
  "views": 43,
  "formatid": "gen9championsvgc2026regma",
  "rating": 1302,
  "private": 0,
  "password": null
}