{
  "id": "gen9championsvgc2026regma-2585298155",
  "format": "[Gen 9 Champions] VGC 2026 Reg M-A",
  "players": [
    "PawmotNo1",
    "nonight"
  ],
  "log": "|j|\u2606PawmotNo1\n|j|\u2606nonight\n|t:|1776335175\n|gametype|doubles\n|player|p1|PawmotNo1|ethan|1379\n|player|p2|nonight|roxie|1396\n|gen|9\n|tier|[Gen 9 Champions] VGC 2026 Reg M-A\n|rated|\n|rule|Species Clause: Limit one of each Pok\u00e9mon\n|rule|Item Clause: Limit 1 of each item\n|clearpoke\n|poke|p1|Sneasler, L50, F|\n|poke|p1|Basculegion, L50, M|\n|poke|p1|Kingambit, L50, M|\n|poke|p1|Floette-Eternal, L50, F|\n|poke|p1|Incineroar, L50, M|\n|poke|p1|Gengar, L50, F|\n|poke|p2|Aggron, L50, M|\n|poke|p2|Gengar, L50, F|\n|poke|p2|Incineroar, L50, F|\n|poke|p2|Politoed, L50, F|\n|poke|p2|Sinistcha-Masterpiece, L50|\n|poke|p2|Palafin, L50, M|\n|teampreview|4\n|inactive|Battle timer is ON: inactive players will automatically lose when time's up. (requested by PawmotNo1)\nPawmotNo1 has agreed to open team sheets.\n|inactive|PawmotNo1 has 60 seconds left.\n|inactive|nonight has 60 seconds left.\n|\n|t:|1776335231\n|teamsize|p1|4\n|teamsize|p2|4\n|start\n|switch|p1a: Floette|Floette-Eternal, L50, F|100/100\n|switch|p1b: Basculegion|Basculegion, L50, M, shiny|100/100\n|switch|p2a: Aggron|Aggron, L50, M|100/100\n|switch|p2b: Palafin|Palafin, L50, M|100/100\n|turn|1\n|inactive|nonight has 30 seconds left.\n|\n|t:|1776335257\n|detailschange|p1a: Floette|Floette-Mega, L50, F\n|-mega|p1a: Floette|Floette|Floettite\n|-ability|p1a: Floette|Fairy Aura\n|detailschange|p2a: Aggron|Aggron-Mega, L50, M\n|-mega|p2a: Aggron|Aggron|Aggronite\n|move|p1b: Basculegion|Flip Turn|p2b: Palafin\n|-resisted|p2b: Palafin|1\n|-damage|p2b: Palafin|78/100\n|\n|t:|1776335266\n|switch|p1b: Kingambit|Kingambit, L50, M, shiny|100/100|[from] Flip Turn\n|move|p1a: Floette|Moonblast|p2b: Palafin\n|-damage|p2b: Palafin|0 fnt\n|faint|p2b: Palafin\n|move|p2a: Aggron|Iron Defense|p2a: Aggron\n|-boost|p2a: Aggron|def|2\n|\n|upkeep\n|\n|t:|1776335279\n|switch|p2b: Incineroar|Incineroar, L50, F|100/100\n|-ability|p2b: Incineroar|Intimidate|boost\n|-unboost|p1a: Floette|atk|1\n|-unboost|p1b: Kingambit|atk|1\n|-ability|p1b: Kingambit|Defiant|boost\n|-boost|p1b: Kingambit|atk|2\n|turn|2\n|\n|t:|1776335291\n|move|p1a: Floette|Protect|p1a: Floette\n|-singleturn|p1a: Floette|Protect\n|move|p1b: Kingambit|Protect|p1b: Kingambit\n|-singleturn|p1b: Kingambit|Protect\n|move|p2b: Incineroar|Fake Out|p1b: Kingambit\n|-activate|p1b: Kingambit|move: Protect\n|move|p2a: Aggron|Heavy Slam|p1a: Floette\n|-activate|p1a: Floette|move: Protect\n|\n|upkeep\n|turn|3\n|\n|t:|1776335309\n|move|p1a: Floette|Light of Ruin|p2b: Incineroar\n|-damage|p2b: Incineroar|17/100\n|-enditem|p2b: Incineroar|Sitrus Berry|[eat]\n|-heal|p2b: Incineroar|42/100|[from] item: Sitrus Berry\n|-damage|p1a: Floette|44/100|[from] Recoil\n|move|p2b: Incineroar|Parting Shot|p1a: Floette\n|-unboost|p1a: Floette|atk|1\n|-unboost|p1a: Floette|spa|1\n|\n|t:|1776335320\n|switch|p2b: Sinistcha|Sinistcha-Masterpiece, L50|100/100|[from] Parting Shot\n|move|p2a: Aggron|Body Press|p1b: Kingambit\n|-supereffective|p1b: Kingambit|2\n|-enditem|p1b: Kingambit|Chople Berry|[eat]\n|-enditem|p1b: Kingambit|Chople Berry|[weaken]\n|-damage|p1b: Kingambit|0 fnt\n|faint|p1b: Kingambit\n|\n|upkeep\n|\n|t:|1776335333\n|switch|p1b: Basculegion|Basculegion, L50, M, shiny|100/100\n|turn|4\n|inactive|nonight has 30 seconds left.\n|\n|t:|1776335364\n|switch|p2b: Incineroar|Incineroar, L50, F|42/100\n|-ability|p2b: Incineroar|Intimidate|boost\n|-unboost|p1a: Floette|atk|1\n|-unboost|p1b: Basculegion|atk|1\n|move|p1b: Basculegion|Last Respects|p2b: Incineroar\n|-resisted|p2b: Incineroar|1\n|-damage|p2b: Incineroar|24/100\n|move|p1a: Floette|Light of Ruin|p2b: Incineroar\n|-damage|p2b: Incineroar|0 fnt\n|faint|p2b: Incineroar\n|-damage|p1a: Floette|28/100|[from] Recoil\n|move|p2a: Aggron|Heavy Slam|p1b: Basculegion\n|-resisted|p1b: Basculegion|1\n|-crit|p1b: Basculegion\n|-damage|p1b: Basculegion|64/100\n|\n|upkeep\n|\n|t:|1776335374\n|switch|p2b: Sinistcha|Sinistcha-Masterpiece, L50|100/100\n|turn|5\n|\n|t:|1776335391\n|switch|p1b: Gengar|Gengar, L50, F, shiny|100/100\n|move|p1a: Floette|Protect|p1a: Floette\n|-singleturn|p1a: Floette|Protect\n|move|p2b: Sinistcha|Matcha Gotcha|p1b: Gengar|[spread] p1b\n|-activate|p1a: Floette|move: Protect\n|-resisted|p1b: Gengar|1\n|-damage|p1b: Gengar|84/100\n|-status|p1b: Gengar|brn\n|move|p2a: Aggron|Body Press|p1a: Floette\n|-activate|p1a: Floette|move: Protect\n|\n|-damage|p1b: Gengar|78/100 brn|[from] brn\n|upkeep\n|turn|6\n|inactive|nonight has 30 seconds left.\n|\n|t:|1776335417\n|switch|p1a: Basculegion|Basculegion, L50, M, shiny|64/100\n|move|p1b: Gengar|Perish Song|p1b: Gengar\n|-start|p1a: Basculegion|perish3|[silent]\n|-start|p1b: Gengar|perish3|[silent]\n|-start|p2a: Aggron|perish3|[silent]\n|-start|p2b: Sinistcha|perish3|[silent]\n|-fieldactivate|move: Perish Song\n|move|p2a: Aggron|Heavy Slam|p1b: Gengar\n|-damage|p1b: Gengar|0 fnt\n|faint|p1b: Gengar\n|move|p2b: Sinistcha|Trick Room|p2b: Sinistcha\n|-fieldstart|move: Trick Room|[of] p2b: Sinistcha\n|\n|-start|p2a: Aggron|perish3\n|-start|p2b: Sinistcha|perish3\n|-start|p1a: Basculegion|perish3\n|upkeep\n|\n|t:|1776335431\n|switch|p1b: Floette|Floette-Mega, L50, F|28/100\n|-ability|p1b: Floette|Fairy Aura\n|turn|7\n|\n|t:|1776335447\n|move|p2a: Aggron|Heavy Slam|p1a: Basculegion\n|-resisted|p1a: Basculegion|1\n|-damage|p1a: Basculegion|42/100\n|move|p2b: Sinistcha|Matcha Gotcha|p1b: Floette|[spread] p1a\n|-miss|p2b: Sinistcha|p1b: Floette\n|-supereffective|p1a: Basculegion|1\n|-damage|p1a: Basculegion|0 fnt\n|faint|p1a: Basculegion\n|move|p1b: Floette|Moonblast|p2b: Sinistcha\n|-damage|p2b: Sinistcha|30/100\n|\n|-start|p2a: Aggron|perish2\n|-start|p2b: Sinistcha|perish2\n|upkeep\n|turn|8\n|\n|t:|1776335460\n|move|p1b: Floette|Protect|p1b: Floette\n|-singleturn|p1b: Floette|Protect\n|move|p2a: Aggron|Heavy Slam|p1b: Floette\n|-activate|p1b: Floette|move: Protect\n|move|p2b: Sinistcha|Matcha Gotcha|p1b: Floette\n|-activate|p1b: Floette|move: Protect\n|\n|-start|p2a: Aggron|perish1\n|-start|p2b: Sinistcha|perish1\n|upkeep\n|turn|9\n|\n|t:|1776335467\n|move|p1b: Floette|Protect|p1b: Floette\n|-singleturn|p1b: Floette|Protect\n|move|p2a: Aggron|Heavy Slam|p1b: Floette\n|-activate|p1b: Floette|move: Protect\n|move|p2b: Sinistcha|Matcha Gotcha|p1b: Floette\n|-activate|p1b: Floette|move: Protect\n|\n|-start|p2a: Aggron|perish0\n|-start|p2b: Sinistcha|perish0\n|faint|p2a: Aggron\n|faint|p2b: Sinistcha\n|\n|win|PawmotNo1\n|raw|PawmotNo1's rating: 1379 &rarr; <strong>1400</strong><br />(+21 for winning)\n|raw|nonight's rating: 1396 &rarr; <strong>1375</strong><br />(-21 for losing)\n",
  "uploadtime": 1776335484,
  "views": 41,
  "formatid": "gen9championsvgc2026regma",
  "rating": 1375,
  "private": 0,
  "password": null
}