{
  "id": "gen9championsvgc2026regma-2584956293",
  "format": "[Gen 9 Champions] VGC 2026 Reg M-A",
  "players": [
    "jsajsajs",
    "Ateunosigilo"
  ],
  "log": "|j|\u2606jsajsajs\n|j|\u2606Ateunosigilo\n|t:|1776297963\n|gametype|doubles\n|player|p1|jsajsajs|blue|1084\n|player|p2|Ateunosigilo|alder|1081\n|gen|9\n|tier|[Gen 9 Champions] VGC 2026 Reg M-A\n|rated|\n|rule|Species Clause: Limit one of each Pok\u00e9mon\n|rule|Item Clause: Limit 1 of each item\n|clearpoke\n|poke|p1|Feraligatr, L50, M|\n|poke|p1|Farigiraf, L50, M|\n|poke|p1|Politoed, L50, F|\n|poke|p1|Whimsicott, L50, M|\n|poke|p1|Sneasler, L50, M|\n|poke|p1|Kingambit, L50, M|\n|poke|p2|Talonflame, L50, F|\n|poke|p2|Meowscarada, L50, F|\n|poke|p2|Milotic, L50, F|\n|poke|p2|Lucario, L50, F|\n|poke|p2|Garchomp, L50, F|\n|poke|p2|Gardevoir, L50, F|\n|teampreview|4\n|inactive|Battle timer is ON: inactive players will automatically lose when time's up. (requested by jsajsajs)\n|\n|t:|1776297988\n|teamsize|p1|4\n|teamsize|p2|4\n|start\n|switch|p1a: Feraligatr|Feraligatr, L50, M, shiny|100/100\n|switch|p1b: Farigiraf|Farigiraf, L50, M, shiny|100/100\n|switch|p2a: Gardevoir|Gardevoir, L50, F, shiny|100/100\n|switch|p2b: Milotic|Milotic, L50, F, shiny|100/100\n|turn|1\n|\n|t:|1776298002\n|detailschange|p2a: Gardevoir|Gardevoir-Mega, L50, F, shiny\n|-mega|p2a: Gardevoir|Gardevoir|Gardevoirite\n|move|p2b: Milotic|Helping Hand|p2a: Gardevoir\n|-singleturn|p2a: Gardevoir|Helping Hand|[of] p2b: Milotic\n|move|p2a: Gardevoir|Hyper Voice|p1a: Feraligatr|[spread] p1a,p1b\n|-damage|p1a: Feraligatr|15/100\n|-damage|p1b: Farigiraf|16/100\n|move|p1a: Feraligatr|Swords Dance|p1a: Feraligatr\n|-boost|p1a: Feraligatr|atk|2\n|move|p1b: Farigiraf|Trick Room|p1b: Farigiraf\n|-fieldstart|move: Trick Room|[of] p1b: Farigiraf\n|\n|upkeep\n|turn|2\n|\n|t:|1776298022\n|switch|p1b: Politoed|Politoed, L50, F, shiny|100/100\n|-weather|RainDance|[from] ability: Drizzle|[of] p1b: Politoed\n|detailschange|p1a: Feraligatr|Feraligatr-Mega, L50, M, shiny\n|-mega|p1a: Feraligatr|Feraligatr|Feraligite\n|move|p1a: Feraligatr|Aqua Jet|p2a: Gardevoir\n|-damage|p2a: Gardevoir|7/100\n|move|p2b: Milotic|Scald|p1b: Politoed\n|-resisted|p1b: Politoed|1\n|-damage|p1b: Politoed|81/100\n|move|p2a: Gardevoir|Trick Room|p2a: Gardevoir\n|-fieldend|move: Trick Room\n|\n|-weather|RainDance|[upkeep]\n|upkeep\n|turn|3\n|\n|t:|1776298044\n|switch|p1b: Whimsicott|Whimsicott, L50, M, shiny|100/100\n|move|p2a: Gardevoir|Protect|p2a: Gardevoir\n|-singleturn|p2a: Gardevoir|Protect\n|move|p1a: Feraligatr|Protect|p1a: Feraligatr\n|-singleturn|p1a: Feraligatr|Protect\n|move|p2b: Milotic|Scald|p1a: Feraligatr\n|-activate|p1a: Feraligatr|move: Protect\n|\n|-weather|RainDance|[upkeep]\n|upkeep\n|turn|4\n|\n|t:|1776298067\n|switch|p2a: Garchomp|Garchomp, L50, F, shiny|100/100\n|move|p1b: Whimsicott|Tailwind|p1b: Whimsicott\n|-sidestart|p1: jsajsajs|move: Tailwind\n|move|p1a: Feraligatr|Body Slam|p2b: Milotic\n|-damage|p2b: Milotic|0 fnt\n|faint|p2b: Milotic\n|\n|-weather|RainDance|[upkeep]\n|upkeep\n|\n|t:|1776298083\n|switch|p2b: Meowscarada|Meowscarada, L50, F, shiny|100/100\n|turn|5\n|\n|t:|1776298106\n|move|p1a: Feraligatr|Protect|p1a: Feraligatr\n|-singleturn|p1a: Feraligatr|Protect\n|move|p2b: Meowscarada|Sucker Punch||[still]\n|-fail|p2b: Meowscarada\n|move|p1b: Whimsicott|Moonblast|p2b: Meowscarada\n|-supereffective|p2b: Meowscarada|1\n|-enditem|p2b: Meowscarada|Focus Sash\n|-damage|p2b: Meowscarada|1/100\n|move|p2a: Garchomp|Rock Slide|p1a: Feraligatr|[spread] p1b\n|-activate|p1a: Feraligatr|move: Protect\n|-damage|p1b: Whimsicott|73/100\n|\n|-weather|RainDance|[upkeep]\n|upkeep\n|turn|6\n|\n|t:|1776298124\n|switch|p1b: Farigiraf|Farigiraf, L50, M, shiny|16/100\n|move|p2b: Meowscarada|Protect|p2b: Meowscarada\n|-start|p2b: Meowscarada|typechange|Normal|[from] ability: Protean\n|-singleturn|p2b: Meowscarada|Protect\n|move|p2a: Garchomp|Protect|p2a: Garchomp\n|-singleturn|p2a: Garchomp|Protect\n|move|p1a: Feraligatr|Body Slam|p2a: Garchomp\n|-activate|p2a: Garchomp|move: Protect\n|\n|-weather|none\n|upkeep\n|turn|7\n|inactive|jsajsajs has 30 seconds left.\n|inactive|Ateunosigilo has 30 seconds left.\n|\n|t:|1776298159\n|move|p1a: Feraligatr|Aqua Jet|p2b: Meowscarada\n|-damage|p2b: Meowscarada|0 fnt\n|faint|p2b: Meowscarada\n|move|p2a: Garchomp|Rock Slide|p1b: Farigiraf|[spread] p1a,p1b\n|-damage|p1a: Feraligatr|0 fnt\n|-damage|p1b: Farigiraf|0 fnt\n|faint|p1a: Feraligatr\n|faint|p1b: Farigiraf\n|\n|-sideend|p1: jsajsajs|move: Tailwind\n|upkeep\n|\n|t:|1776298168\n|switch|p2b: Gardevoir|Gardevoir-Mega, L50, F, shiny|7/100\n|switch|p1a: Whimsicott|Whimsicott, L50, M, shiny|73/100\n|switch|p1b: Politoed|Politoed, L50, F, shiny|81/100\n|-weather|RainDance|[from] ability: Drizzle|[of] p1b: Politoed\n|turn|8\n|\n|t:|1776298179\n|move|p1a: Whimsicott|Tailwind|p1a: Whimsicott\n|-sidestart|p1: jsajsajs|move: Tailwind\n|move|p1b: Politoed|Muddy Water|p2a: Garchomp|[spread] p2a,p2b\n|-damage|p2a: Garchomp|40/100\n|-damage|p2b: Gardevoir|0 fnt\n|faint|p2b: Gardevoir\n|move|p2a: Garchomp|Rock Slide|p1a: Whimsicott|[spread] p1a,p1b\n|-damage|p1a: Whimsicott|46/100\n|-damage|p1b: Politoed|60/100\n|\n|-weather|RainDance|[upkeep]\n|upkeep\n|turn|9\n|\n|t:|1776298190\n|move|p1a: Whimsicott|Moonblast|p2a: Garchomp\n|-supereffective|p2a: Garchomp|1\n|-damage|p2a: Garchomp|0 fnt\n|faint|p2a: Garchomp\n|\n|win|jsajsajs\n|raw|jsajsajs's rating: 1084 &rarr; <strong>1111</strong><br />(+27 for winning)\n|raw|Ateunosigilo's rating: 1081 &rarr; <strong>1059</strong><br />(-22 for losing)\n|l|\u2606Ateunosigilo\n|player|p2|\n",
  "uploadtime": 1776298202,
  "views": 31,
  "formatid": "gen9championsvgc2026regma",
  "rating": 1059,
  "private": 0,
  "password": null
}