{
  "id": "gen9championsvgc2026regma-2582781401",
  "format": "[Gen 9 Champions] VGC 2026 Reg M-A",
  "players": [
    "yuriimon",
    "Zino735"
  ],
  "log": "|j|\u2606yuriimon\n|j|\u2606Zino735\n|t:|1776113674\n|gametype|doubles\n|player|p1|yuriimon|waitress-gen4|1075\n|player|p2|Zino735|2|1136\n|gen|9\n|tier|[Gen 9 Champions] VGC 2026 Reg M-A\n|rated|\n|rule|Species Clause: Limit one of each Pok\u00e9mon\n|rule|Item Clause: Limit 1 of each item\n|clearpoke\n|poke|p1|Floette-Eternal, L50, F|\n|poke|p1|Maushold-Four, L50|\n|poke|p1|Glimmora, L50, F|\n|poke|p1|Talonflame, L50, M|\n|poke|p1|Garchomp, L50, F|\n|poke|p1|Farigiraf, L50, F|\n|poke|p2|Tyranitar, L50, F|\n|poke|p2|Garchomp, L50, F|\n|poke|p2|Excadrill, L50, M|\n|poke|p2|Sinistcha, L50|\n|poke|p2|Incineroar, L50, F|\n|poke|p2|Rotom-Wash, L50|\n|teampreview|4\n|inactive|Battle timer is ON: inactive players will automatically lose when time's up. (requested by yuriimon)\n|\n|t:|1776113697\n|teamsize|p1|4\n|teamsize|p2|4\n|start\n|switch|p1a: Floette|Floette-Eternal, L50, F|100/100\n|switch|p1b: Talonflame|Talonflame, L50, M|100/100\n|switch|p2a: Tyranitar|Tyranitar, L50, F|100/100\n|switch|p2b: Excadrill|Excadrill, L50, M|100/100\n|-weather|Sandstorm|[from] ability: Sand Stream|[of] p2a: Tyranitar\n|turn|1\n|\n|t:|1776113717\n|detailschange|p1a: Floette|Floette-Mega, L50, F\n|-mega|p1a: Floette|Floette|Floettite\n|-ability|p1a: Floette|Fairy Aura\n|detailschange|p2a: Tyranitar|Tyranitar-Mega, L50, F\n|-mega|p2a: Tyranitar|Tyranitar|Tyranitarite\n|move|p1a: Floette|Protect|p1a: Floette\n|-singleturn|p1a: Floette|Protect\n|move|p1b: Talonflame|Tailwind|p1b: Talonflame\n|-sidestart|p1: yuriimon|move: Tailwind\n|move|p2b: Excadrill|Iron Head|p1a: Floette\n|-activate|p1a: Floette|move: Protect\n|move|p2a: Tyranitar|Rock Slide|p1b: Talonflame|[spread] p1b\n|-activate|p1a: Floette|move: Protect\n|-supereffective|p1b: Talonflame|2\n|-damage|p1b: Talonflame|0 fnt\n|faint|p1b: Talonflame\n|\n|-weather|Sandstorm|[upkeep]\n|-damage|p1a: Floette|94/100|[from] Sandstorm\n|upkeep\n|\n|t:|1776113733\n|switch|p1b: Garchomp|Garchomp, L50, F|100/100\n|turn|2\n|\n|t:|1776113754\n|switch|p2b: Sinistcha|Sinistcha, L50|100/100\n|move|p2a: Tyranitar|Protect|p2a: Tyranitar\n|-singleturn|p2a: Tyranitar|Protect\n|move|p1b: Garchomp|Earthquake|p2b: Sinistcha|[spread] p1a,p2b\n|-activate|p2a: Tyranitar|move: Protect\n|-resisted|p2b: Sinistcha|1\n|-damage|p1a: Floette|49/100\n|-damage|p2b: Sinistcha|84/100\n|move|p1a: Floette|Dazzling Gleam|p2b: Sinistcha|[spread] p2b\n|-activate|p2a: Tyranitar|move: Protect\n|-damage|p2b: Sinistcha|36/100\n|-enditem|p2b: Sinistcha|Sitrus Berry|[eat]\n|-heal|p2b: Sinistcha|61/100|[from] item: Sitrus Berry\n|\n|-weather|Sandstorm|[upkeep]\n|-damage|p1a: Floette|43/100|[from] Sandstorm\n|-damage|p2b: Sinistcha|55/100|[from] Sandstorm\n|upkeep\n|turn|3\n|inactive|yuriimon has 30 seconds left.\n|inactive|Zino735 has 30 seconds left.\n|\n|t:|1776113785\n|switch|p2b: Incineroar|Incineroar, L50, F|100/100\n|-ability|p2b: Incineroar|Intimidate|boost\n|-unboost|p1a: Floette|atk|1\n|-unboost|p1b: Garchomp|atk|1\n|-enditem|p1b: Garchomp|White Herb\n|-clearnegativeboost|p1b: Garchomp|[silent]\n|move|p1b: Garchomp|Rock Slide|p2a: Tyranitar|[spread] p2a,p2b\n|-supereffective|p2b: Incineroar|1\n|-damage|p2a: Tyranitar|88/100\n|-damage|p2b: Incineroar|64/100\n|move|p1a: Floette|Dazzling Gleam|p2b: Incineroar|[spread] p2a,p2b\n|-supereffective|p2a: Tyranitar|1\n|-damage|p2a: Tyranitar|38/100\n|-damage|p2b: Incineroar|14/100\n|cant|p2a: Tyranitar|flinch\n|\n|-weather|Sandstorm|[upkeep]\n|-damage|p1a: Floette|37/100|[from] Sandstorm\n|-damage|p2b: Incineroar|8/100|[from] Sandstorm\n|upkeep\n|turn|4\n|\n|t:|1776113807\n|switch|p2b: Sinistcha|Sinistcha, L50|55/100\n|-heal|p2a: Tyranitar|62/100|[from] ability: Hospitality|[of] p2b: Sinistcha\n|move|p1a: Floette|Protect|p1a: Floette\n|-singleturn|p1a: Floette|Protect\n|move|p2a: Tyranitar|Protect|p2a: Tyranitar\n|-singleturn|p2a: Tyranitar|Protect\n|move|p1b: Garchomp|Earthquake|p2a: Tyranitar|[spread] p2b\n|-activate|p1a: Floette|move: Protect\n|-activate|p2a: Tyranitar|move: Protect\n|-resisted|p2b: Sinistcha|1\n|-damage|p2b: Sinistcha|36/100\n|\n|-weather|Sandstorm|[upkeep]\n|-damage|p1a: Floette|31/100|[from] Sandstorm\n|-damage|p2b: Sinistcha|30/100|[from] Sandstorm\n|-sideend|p1: yuriimon|move: Tailwind\n|upkeep\n|turn|5\n|inactive|yuriimon has 30 seconds left.\n|\n|t:|1776113838\n|move|p1b: Garchomp|Rock Slide|p2a: Tyranitar|[spread] p2a,p2b\n|-damage|p2a: Tyranitar|51/100\n|-damage|p2b: Sinistcha|10/100\n|move|p1a: Floette|Dazzling Gleam|p2b: Sinistcha|[spread] p2a,p2b\n|-supereffective|p2a: Tyranitar|1\n|-damage|p2a: Tyranitar|0 fnt\n|-damage|p2b: Sinistcha|0 fnt\n|faint|p2a: Tyranitar\n|faint|p2b: Sinistcha\n|\n|-weather|none\n|upkeep\n|\n|t:|1776113850\n|switch|p2a: Excadrill|Excadrill, L50, M|100/100\n|switch|p2b: Incineroar|Incineroar, L50, F|8/100\n|-ability|p2b: Incineroar|Intimidate|boost\n|-unboost|p1a: Floette|atk|1\n|-unboost|p1b: Garchomp|atk|1\n|turn|6\n|\n|t:|1776113862\n|switch|p1a: Farigiraf|Farigiraf, L50, F|100/100\n|move|p2b: Incineroar|Protect|p2b: Incineroar\n|-singleturn|p2b: Incineroar|Protect\n|move|p1b: Garchomp|Earthquake|p2a: Excadrill|[spread] p1a,p2a\n|-activate|p2b: Incineroar|move: Protect\n|-supereffective|p2a: Excadrill|1\n|-damage|p1a: Farigiraf|73/100\n|-damage|p2a: Excadrill|29/100\n|move|p2a: Excadrill|Earthquake|p1a: Farigiraf|[spread] p1a,p1b\n|-activate|p2b: Incineroar|move: Protect\n|-damage|p1a: Farigiraf|30/100\n|-damage|p1b: Garchomp|53/100\n|\n|upkeep\n|turn|7\n|\n|t:|1776113882\n|move|p1a: Farigiraf|Helping Hand|p1b: Garchomp\n|-singleturn|p1b: Garchomp|Helping Hand|[of] p1a: Farigiraf\n|move|p2a: Excadrill|Protect|p2a: Excadrill\n|-singleturn|p2a: Excadrill|Protect\n|move|p1b: Garchomp|Earthquake|p2a: Excadrill|[spread] p1a,p2b\n|-activate|p2a: Excadrill|move: Protect\n|-supereffective|p2b: Incineroar|1\n|-damage|p1a: Farigiraf|0 fnt\n|-damage|p2b: Incineroar|0 fnt\n|faint|p1a: Farigiraf\n|faint|p2b: Incineroar\n|\n|upkeep\n|\n|t:|1776113892\n|switch|p1a: Floette|Floette-Mega, L50, F|31/100\n|-ability|p1a: Floette|Fairy Aura\n|turn|8\n|-message|Zino735 forfeited.\n|\n|win|yuriimon\n|raw|yuriimon's rating: 1075 &rarr; <strong>1109</strong><br />(+34 for winning)\n|raw|Zino735's rating: 1136 &rarr; <strong>1107</strong><br />(-29 for losing)\n|l|\u2606Zino735\n|player|p2|\n",
  "uploadtime": 1776113900,
  "views": 21,
  "formatid": "gen9championsvgc2026regma",
  "rating": 1107,
  "private": 0,
  "password": null
}