{
  "id": "gen9championsvgc2026regma-2584716762",
  "format": "[Gen 9 Champions] VGC 2026 Reg M-A",
  "players": [
    "rafa1000",
    "etrdyfyiu"
  ],
  "log": "|j|\u2606rafa1000\n|j|\u2606etrdyfyiu\n|t:|1776278727\n|gametype|doubles\n|player|p1|rafa1000|102|1387\n|player|p2|etrdyfyiu|266|1296\n|gen|9\n|tier|[Gen 9 Champions] VGC 2026 Reg M-A\n|rated|\n|rule|Species Clause: Limit one of each Pok\u00e9mon\n|rule|Item Clause: Limit 1 of each item\n|clearpoke\n|poke|p1|Tyranitar, L50, M|\n|poke|p1|Gyarados, L50, M|\n|poke|p1|Excadrill, L50, M|\n|poke|p1|Sinistcha, L50|\n|poke|p1|Rotom-Heat, L50|\n|poke|p1|Garchomp, L50, F|\n|poke|p2|Palafin, L50, F|\n|poke|p2|Arcanine, L50, M|\n|poke|p2|Scizor, L50, F|\n|poke|p2|Tyranitar, L50, M|\n|poke|p2|Sneasler, L50, F|\n|poke|p2|Sinistcha, L50|\n|teampreview|4\n|inactive|Battle timer is ON: inactive players will automatically lose when time's up. (requested by rafa1000)\n|\n|t:|1776278752\n|teamsize|p1|4\n|teamsize|p2|4\n|start\n|switch|p1a: Gyarados|Gyarados, L50, M|100/100\n|switch|p1b: Garchomp|Garchomp, L50, F|100/100\n|switch|p2a: Palafin|Palafin, L50, F|100/100\n|switch|p2b: Sneasler|Sneasler, L50, F, shiny|100/100\n|-ability|p1a: Gyarados|Intimidate|boost\n|-unboost|p2a: Palafin|atk|1\n|-unboost|p2b: Sneasler|atk|1\n|-enditem|p2b: Sneasler|White Herb\n|-clearnegativeboost|p2b: Sneasler|[silent]\n|turn|1\n|j| thebeast4895\n|\n|t:|1776278776\n|move|p2b: Sneasler|Fake Out|p1a: Gyarados\n|-damage|p1a: Gyarados|88/100\n|move|p2a: Palafin|Flip Turn|p1b: Garchomp\n|-damage|p1b: Garchomp|82/100\n|c| thebeast4895|you fake out the wierdest things man\n|\n|t:|1776278788\n|detailschange|p2a: Palafin|Palafin-Hero, L50, F\n|switch|p2a: Tyranitar|Tyranitar, L50, M, shiny|100/100|[from] Flip Turn\n|-weather|Sandstorm|[from] ability: Sand Stream|[of] p2a: Tyranitar\n|move|p1b: Garchomp|Dragon Claw|p2a: Tyranitar\n|-damage|p2a: Tyranitar|70/100\n|cant|p1a: Gyarados|flinch\n|\n|-weather|Sandstorm|[upkeep]\n|-damage|p2b: Sneasler|95/100|[from] Sandstorm\n|-damage|p1a: Gyarados|82/100|[from] Sandstorm\n|-heal|p1a: Gyarados|88/100|[from] item: Leftovers\n|upkeep\n|turn|2\n|c|\u2606etrdyfyiu|wdym\n|c| thebeast4895|okay thats insane\n|c| thebeast4895|....\n|c|\u2606etrdyfyiu|hehehehaw\n|c| thebeast4895|what if they earthquaked..\n|c|\u2606etrdyfyiu|all part of my masta plan\n|c|\u2606etrdyfyiu|shhhh\n|inactive|etrdyfyiu has 30 seconds left.\n|c|\u2606etrdyfyiu|we dont talk about that\n|inactive|etrdyfyiu has 20 seconds left.\n|inactive|etrdyfyiu has 15 seconds left.\n|\n|t:|1776278830\n|switch|p2b: Sinistcha|Sinistcha, L50|100/100\n|-heal|p2a: Tyranitar|94/100|[from] ability: Hospitality|[of] p2b: Sinistcha\n|detailschange|p2a: Tyranitar|Tyranitar-Mega, L50, M, shiny\n|-mega|p2a: Tyranitar|Tyranitar|Tyranitarite\n|move|p1b: Garchomp|Stomping Tantrum|p2b: Sinistcha\n|-resisted|p2b: Sinistcha|1\n|-damage|p2b: Sinistcha|82/100\n|move|p1a: Gyarados|Waterfall|p2a: Tyranitar\n|-supereffective|p2a: Tyranitar|1\n|-damage|p2a: Tyranitar|51/100\n|move|p2a: Tyranitar|Rock Slide|p1b: Garchomp|[spread] p1a,p1b\n|-supereffective|p1a: Gyarados|1\n|-resisted|p1b: Garchomp|1\n|-damage|p1a: Gyarados|16/100\n|-damage|p1b: Garchomp|62/100\n|\n|-weather|Sandstorm|[upkeep]\n|-damage|p1a: Gyarados|10/100|[from] Sandstorm\n|-damage|p2b: Sinistcha|76/100|[from] Sandstorm\n|-heal|p1a: Gyarados|16/100|[from] item: Leftovers\n|upkeep\n|turn|3\n|c| thebeast4895|youd be smoked\n|c|\u2606etrdyfyiu|shhhhhh\n|\n|t:|1776278855\n|move|p2a: Tyranitar|Protect|p2a: Tyranitar\n|-singleturn|p2a: Tyranitar|Protect\n|move|p1b: Garchomp|Stomping Tantrum|p2a: Tyranitar\n|-activate|p2a: Tyranitar|move: Protect\n|move|p1a: Gyarados|Taunt|p2b: Sinistcha\n|-start|p2b: Sinistcha|move: Taunt\n|move|p2b: Sinistcha|Matcha Gotcha|p1b: Garchomp|[spread] p1a,p1b\n|-damage|p1a: Gyarados|0 fnt\n|-heal|p2b: Sinistcha|85/100|[from] drain|[of] p1a: Gyarados\n|-damage|p1b: Garchomp|34/100\n|-heal|p2b: Sinistcha|99/100|[from] drain|[of] p1b: Garchomp\n|-status|p1b: Garchomp|brn\n|faint|p1a: Gyarados\n|\n|-weather|Sandstorm|[upkeep]\n|-damage|p2b: Sinistcha|93/100|[from] Sandstorm\n|-damage|p1b: Garchomp|28/100 brn|[from] brn\n|upkeep\n|c| thebeast4895|thats what makes garchomp so terrifying is earthquake\n|c|\u2606etrdyfyiu|im aware\n|c| thebeast4895|see some people run no attack sin\n|c| thebeast4895|thats insane to me\n|\n|t:|1776278876\n|switch|p1a: Rotom|Rotom-Heat, L50|100/100\n|turn|4\n|c| thebeast4895|some attack not much is needed to make it insanely good\n|c|\u2606etrdyfyiu|wolfe runs no attack sin\n|\n|t:|1776278897\n|switch|p2b: Palafin|Palafin-Hero, L50, F|100/100\n|-activate|p2b: Palafin|ability: Zero to Hero\n|move|p1a: Rotom|Overheat|p2b: Palafin\n|-resisted|p2b: Palafin|1\n|-damage|p2b: Palafin|74/100\n|-unboost|p1a: Rotom|spa|2\n|move|p1b: Garchomp|Stomping Tantrum|p2a: Tyranitar\n|-supereffective|p2a: Tyranitar|1\n|-damage|p2a: Tyranitar|29/100\n|move|p2a: Tyranitar|Rock Slide|p1a: Rotom|[spread] p1a,p1b\n|-supereffective|p1a: Rotom|1\n|-resisted|p1b: Garchomp|1\n|-damage|p1a: Rotom|0 fnt\n|-damage|p1b: Garchomp|8/100 brn\n|faint|p1a: Rotom\n|\n|-weather|Sandstorm|[upkeep]\n|-damage|p2b: Palafin|68/100|[from] Sandstorm\n|-damage|p1b: Garchomp|2/100 brn|[from] brn\n|upkeep\n|\n|t:|1776278912\n|switch|p1a: Tyranitar|Tyranitar, L50, M|100/100\n|turn|5\n|c|\u2606etrdyfyiu|sure then ig\n|inactive|rafa1000 has 30 seconds left.\n|c|\u2606etrdyfyiu|rockslide ftw\n|\n|t:|1776278942\n|detailschange|p1a: Tyranitar|Tyranitar-Mega, L50, M\n|-mega|p1a: Tyranitar|Tyranitar|Tyranitarite\n|move|p2b: Palafin|Wave Crash|p1a: Tyranitar\n|-supereffective|p1a: Tyranitar|1\n|-damage|p1a: Tyranitar|0 fnt\n|faint|p1a: Tyranitar\n|-damage|p2b: Palafin|39/100|[from] Recoil\n|move|p1b: Garchomp|Dragon Claw|p2a: Tyranitar\n|-damage|p2a: Tyranitar|16/100\n|move|p2a: Tyranitar|Rock Slide|p1b: Garchomp|[miss]\n|-miss|p2a: Tyranitar|p1b: Garchomp\n|\n|-weather|none\n|-damage|p1b: Garchomp|0 fnt|[from] brn\n|faint|p1b: Garchomp\n|\n|win|etrdyfyiu\n|raw|rafa1000's rating: 1387 &rarr; <strong>1362</strong><br />(-25 for losing)\n|raw|etrdyfyiu's rating: 1296 &rarr; <strong>1327</strong><br />(+31 for winning)\n|l|\u2606rafa1000\n|player|p1|\n|c| thebeast4895|yeah but\n|c|\u2606etrdyfyiu|1300 elo lessgooo\n|c| thebeast4895|like see the damage that did\n|c| thebeast4895|yeah i almost hit 1400 a few time\n|c|\u2606etrdyfyiu|That rotom had like 0 def\n|l|\u2606etrdyfyiu\n|player|p2|\n|j|\u2606etrdyfyiu\n|player|p2|etrdyfyiu|266|\n",
  "uploadtime": 1776279018,
  "views": 30,
  "formatid": "gen9championsvgc2026regma",
  "rating": 1327,
  "private": 0,
  "password": null
}