{
  "id": "gen9championsvgc2026regma-2585986364",
  "format": "[Gen 9 Champions] VGC 2026 Reg M-A",
  "players": [
    "capacete5",
    "DAVID867"
  ],
  "log": "|j|\u2606capacete5\n|j|\u2606DAVID867\n|t:|1776387728\n|gametype|doubles\n|player|p1|capacete5|byron|\n|player|p2|DAVID867|1|\n|gen|9\n|tier|[Gen 9 Champions] VGC 2026 Reg M-A\n|rule|Species Clause: Limit one of each Pok\u00e9mon\n|rule|Item Clause: Limit 1 of each item\n|clearpoke\n|poke|p1|Pelipper, L50, M|\n|poke|p1|Archaludon, L50, M|\n|poke|p1|Sneasler, L50, M|\n|poke|p1|Floette-Eternal, L50, F|\n|poke|p1|Sinistcha, L50|\n|poke|p1|Basculegion, L50, M|\n|poke|p2|Charizard, L50, F|\n|poke|p2|Venusaur, L50, F|\n|poke|p2|Milotic, L50, F|\n|poke|p2|Garchomp, L50, F|\n|poke|p2|Kingambit, L50, M|\n|poke|p2|Whimsicott, L50, M|\n|teampreview|4\n|inactive|Battle timer is ON: inactive players will automatically lose when time's up. (requested by capacete5)\n|inactive|capacete5 has 60 seconds left.\n|inactive|DAVID867 has 60 seconds left.\ncapacete5 has agreed to open team sheets.\n|\n|t:|1776387772\n|teamsize|p1|4\n|teamsize|p2|4\n|start\n|switch|p1a: Pelipper|Pelipper, L50, M|100/100\n|switch|p1b: Basculegion|Basculegion, L50, M|100/100\n|switch|p2a: Whimsicott|Whimsicott, L50, M|100/100\n|switch|p2b: Milotic|Milotic, L50, F|100/100\n|-weather|RainDance|[from] ability: Drizzle|[of] p1a: Pelipper\n|turn|1\n|inactive|capacete5 has 30 seconds left.\n|inactive|DAVID867 has 30 seconds left.\n|-activate|p1a: Pelipper|item: Quick Claw\n|\n|t:|1776387801\n|move|p2a: Whimsicott|Tailwind|p2a: Whimsicott\n|-sidestart|p2: DAVID867|move: Tailwind\n|move|p1a: Pelipper|Tailwind|p1a: Pelipper\n|-sidestart|p1: capacete5|move: Tailwind\n|move|p1b: Basculegion|Wave Crash|p2a: Whimsicott\n|-resisted|p2a: Whimsicott|1\n|-damage|p2a: Whimsicott|47/100\n|-damage|p1b: Basculegion|85/100|[from] Recoil\n|move|p2b: Milotic|Icy Wind|p1a: Pelipper|[spread] p1a,p1b\n|-resisted|p1b: Basculegion|1\n|-damage|p1a: Pelipper|87/100\n|-damage|p1b: Basculegion|80/100\n|-unboost|p1a: Pelipper|spe|1\n|-unboost|p1b: Basculegion|spe|1\n|\n|-weather|RainDance|[upkeep]\n|upkeep\n|turn|2\n|inactive|capacete5 has 30 seconds left.\n|inactive|capacete5 has 20 seconds left.\n|\n|t:|1776387837\n|move|p2a: Whimsicott|Encore|p1a: Pelipper\n|-start|p1a: Pelipper|Encore\n|move|p1b: Basculegion|Wave Crash|p2a: Whimsicott\n|-resisted|p2a: Whimsicott|1\n|-damage|p2a: Whimsicott|0 fnt\n|faint|p2a: Whimsicott\n|-damage|p1b: Basculegion|67/100|[from] Recoil\n|move|p2b: Milotic|Icy Wind|p1b: Basculegion|[spread] p1a,p1b\n|-resisted|p1b: Basculegion|1\n|-damage|p1a: Pelipper|75/100\n|-damage|p1b: Basculegion|62/100\n|-unboost|p1a: Pelipper|spe|1\n|-unboost|p1b: Basculegion|spe|1\n|move|p1a: Pelipper|Tailwind||[still]\n|-fail|p1a: Pelipper\n|\n|-weather|RainDance|[upkeep]\n|upkeep\n|\n|t:|1776387854\n|switch|p2a: Garchomp|Garchomp, L50, F|100/100\n|turn|3\n|\n|t:|1776387870\n|switch|p1a: Floette|Floette-Eternal, L50, F|100/100\n|move|p1b: Basculegion|Protect|p1b: Basculegion\n|-singleturn|p1b: Basculegion|Protect\n|move|p2a: Garchomp|Rock Slide|p1a: Floette|[spread] p1a\n|-activate|p1b: Basculegion|move: Protect\n|-damage|p1a: Floette|73/100\n|move|p2b: Milotic|Icy Wind|p1a: Floette|[spread] p1a\n|-activate|p1b: Basculegion|move: Protect\n|-damage|p1a: Floette|64/100\n|-unboost|p1a: Floette|spe|1\n|\n|-weather|RainDance|[upkeep]\n|upkeep\n|turn|4\n|\n|t:|1776387892\n|switch|p1b: Sneasler|Sneasler, L50, M|100/100\n|detailschange|p1a: Floette|Floette-Mega, L50, F\n|-mega|p1a: Floette|Floette|Floettite\n|-ability|p1a: Floette|Fairy Aura\n|move|p2a: Garchomp|Rock Slide|p1b: Sneasler|[spread] p1a,p1b\n|-resisted|p1b: Sneasler|1\n|-damage|p1a: Floette|42/100\n|-damage|p1b: Sneasler|82/100\n|move|p2b: Milotic|Icy Wind|p1a: Floette|[spread] p1a,p1b\n|-damage|p1a: Floette|35/100\n|-damage|p1b: Sneasler|68/100\n|-unboost|p1a: Floette|spe|1\n|-unboost|p1b: Sneasler|spe|1\n|move|p1a: Floette|Light of Ruin|p2a: Garchomp\n|-supereffective|p2a: Garchomp|1\n|-crit|p2a: Garchomp\n|-damage|p2a: Garchomp|0 fnt\n|faint|p2a: Garchomp\n|-damage|p1a: Floette|0 fnt|[from] Recoil\n|faint|p1a: Floette\n|\n|-weather|RainDance|[upkeep]\n|-sideend|p2: DAVID867|move: Tailwind\n|-sideend|p1: capacete5|move: Tailwind\n|upkeep\n|\n|t:|1776387914\n|switch|p2a: Charizard|Charizard, L50, F|100/100\n|switch|p1a: Basculegion|Basculegion, L50, M|62/100\n|turn|5\n|inactive|DAVID867 has 30 seconds left.\n|\n|t:|1776387940\n|detailschange|p2a: Charizard|Charizard-Mega-X, L50, F\n|-mega|p2a: Charizard|Charizard|Charizardite X\n|move|p1b: Sneasler|Fake Out|p2b: Milotic\n|-damage|p2b: Milotic|90/100\n|move|p1a: Basculegion|Last Respects|p2a: Charizard\n|-damage|p2a: Charizard|46/100\n|move|p2a: Charizard|Earthquake|p1b: Sneasler|[spread] p2b,p1a,p1b\n|-supereffective|p1b: Sneasler|1\n|-damage|p2b: Milotic|68/100\n|-damage|p1a: Basculegion|24/100\n|-damage|p1b: Sneasler|0 fnt\n|faint|p1b: Sneasler\n|cant|p2b: Milotic|flinch\n|\n|-weather|none\n|-heal|p2b: Milotic|74/100|[from] item: Leftovers\n|upkeep\n|\n|t:|1776387955\n|switch|p1b: Pelipper|Pelipper, L50, M|75/100\n|-weather|RainDance|[from] ability: Drizzle|[of] p1b: Pelipper\n|turn|6\n|-activate|p1b: Pelipper|item: Quick Claw\n|\n|t:|1776387974\n|move|p1b: Pelipper|Hurricane|p2b: Milotic\n|-damage|p2b: Milotic|40/100\n|move|p1a: Basculegion|Last Respects|p2a: Charizard\n|-damage|p2a: Charizard|0 fnt\n|faint|p2a: Charizard\n|move|p2b: Milotic|Icy Wind|p1a: Basculegion|[spread] p1a,p1b\n|-resisted|p1a: Basculegion|1\n|-damage|p1a: Basculegion|18/100\n|-damage|p1b: Pelipper|63/100\n|-unboost|p1a: Basculegion|spe|1\n|-unboost|p1b: Pelipper|spe|1\n|\n|-weather|RainDance|[upkeep]\n|-heal|p2b: Milotic|46/100|[from] item: Leftovers\n|upkeep\n|turn|7\n|\n|t:|1776387991\n|move|p1a: Basculegion|Last Respects|p2b: Milotic\n|-damage|p2b: Milotic|0 fnt\n|faint|p2b: Milotic\n|\n|win|capacete5\n",
  "uploadtime": 1776387991,
  "views": 19,
  "formatid": "gen9championsvgc2026regma",
  "rating": null,
  "private": 0,
  "password": null
}