{
  "id": "gen9championsvgc2026regma-2586182837",
  "format": "[Gen 9 Champions] VGC 2026 Reg M-A",
  "players": [
    "dune's kitchen",
    "Vaaanquiish"
  ],
  "log": "|j|\u2606dune's kitchen\n|j|\u2606Vaaanquiish\n|t:|1776409498\n|gametype|doubles\n|player|p1|dune's kitchen|baker|1220\n|player|p2|Vaaanquiish|1|1243\n|gen|9\n|tier|[Gen 9 Champions] VGC 2026 Reg M-A\n|rated|\n|rule|Species Clause: Limit one of each Pok\u00e9mon\n|rule|Item Clause: Limit 1 of each item\n|clearpoke\n|poke|p1|Passimian, L50, F|\n|poke|p1|Scovillain, L50, F|\n|poke|p1|Torkoal, L50, F|\n|poke|p1|Hatterene, L50, F|\n|poke|p1|Maushold, L50|\n|poke|p1|Goodra-Hisui, L50, F|\n|poke|p2|Charizard, L50, F|\n|poke|p2|Basculegion, L50, M|\n|poke|p2|Incineroar, L50, M|\n|poke|p2|Sneasler, L50, M|\n|poke|p2|Garchomp, L50, M|\n|poke|p2|Venusaur, L50, M|\n|teampreview|4\n|\n|t:|1776409554\n|teamsize|p1|4\n|teamsize|p2|4\n|start\n|switch|p1a: Passimian|Passimian, L50, F|100/100\n|switch|p1b: Scovillain|Scovillain, L50, F|100/100\n|switch|p2a: Charizard|Charizard, L50, F|100/100\n|switch|p2b: Garchomp|Garchomp, L50, M|100/100\n|turn|1\n|\n|t:|1776409585\n|switch|p2b: Incineroar|Incineroar, L50, M|100/100\n|-ability|p2b: Incineroar|Intimidate|boost\n|-unboost|p1a: Passimian|atk|1\n|-unboost|p1b: Scovillain|atk|1\n|-enditem|p1a: Passimian|White Herb\n|-clearnegativeboost|p1a: Passimian|[silent]\n|detailschange|p2a: Charizard|Charizard-Mega-Y, L50, F\n|-mega|p2a: Charizard|Charizard|Charizardite Y\n|-weather|SunnyDay|[from] ability: Drought|[of] p2a: Charizard\n|detailschange|p1b: Scovillain|Scovillain-Mega, L50, F\n|-mega|p1b: Scovillain|Scovillain|Scovillainite\n|move|p1b: Scovillain|Helping Hand|p1a: Passimian\n|-singleturn|p1a: Passimian|Helping Hand|[of] p1b: Scovillain\n|move|p2a: Charizard|Air Slash|p1b: Scovillain\n|-supereffective|p1b: Scovillain|1\n|-damage|p1b: Scovillain|0 fnt\n|-immune|p2a: Charizard\n|faint|p1b: Scovillain\n|-ability|p1a: Passimian|Spicy Spray|Receiver|[from] ability: Receiver|[of] p1b: Scovillain\n|move|p1a: Passimian|Rock Slide|p2b: Incineroar|[spread] p2a,p2b\n|-supereffective|p2a: Charizard|2\n|-supereffective|p2b: Incineroar|1\n|-damage|p2a: Charizard|0 fnt\n|-damage|p2b: Incineroar|51/100\n|faint|p2a: Charizard\n|\n|-weather|SunnyDay|[upkeep]\n|upkeep\n|\n|t:|1776409641\n|switch|p2a: Sneasler|Sneasler, L50, M|100/100\n|switch|p1b: Hatterene|Hatterene, L50, F|100/100\n|turn|2\n|\n|t:|1776409656\n|switch|p1b: Torkoal|Torkoal, L50, F|100/100\n|move|p2b: Incineroar|Fake Out|p1a: Passimian\n|-damage|p1a: Passimian|86/100\n|-immune|p2b: Incineroar\n|move|p2a: Sneasler|Dire Claw|p1b: Torkoal\n|-damage|p1b: Torkoal|66/100\n|cant|p1a: Passimian|flinch\n|\n|-weather|SunnyDay|[upkeep]\n|upkeep\n|turn|3\n|\n|t:|1776409719\n|move|p2a: Sneasler|Close Combat|p1a: Passimian\n|-damage|p1a: Passimian|15/100\n|-unboost|p2a: Sneasler|def|1\n|-unboost|p2a: Sneasler|spd|1\n|-status|p2a: Sneasler|brn|[from] ability: Spicy Spray|[of] p1a: Passimian\n|-enditem|p2a: Sneasler|White Herb\n|-clearnegativeboost|p2a: Sneasler|[silent]\n|move|p1a: Passimian|Bulk Up|p1a: Passimian\n|-boost|p1a: Passimian|atk|1\n|-boost|p1a: Passimian|def|1\n|move|p2b: Incineroar|Parting Shot|p1b: Torkoal\n|-unboost|p1b: Torkoal|atk|1\n|-unboost|p1b: Torkoal|spa|1\n|\n|t:|1776409735\n|switch|p2b: Garchomp|Garchomp, L50, M|100/100|[from] Parting Shot\n|move|p1b: Torkoal|Heat Wave|p2b: Garchomp|[spread] p2a,p2b\n|-resisted|p2b: Garchomp|1\n|-damage|p2a: Sneasler|46/100 brn\n|-damage|p2b: Garchomp|84/100\n|\n|-weather|SunnyDay|[upkeep]\n|-damage|p2a: Sneasler|40/100 brn|[from] brn\n|upkeep\n|turn|4\n|\n|t:|1776409773\n|move|p1a: Passimian|Protect|p1a: Passimian\n|-singleturn|p1a: Passimian|Protect\n|move|p2a: Sneasler|Close Combat|p1a: Passimian\n|-activate|p1a: Passimian|move: Protect\n|move|p2b: Garchomp|Rock Slide|p1a: Passimian|[spread] p1b\n|-activate|p1a: Passimian|move: Protect\n|-supereffective|p1b: Torkoal|1\n|-crit|p1b: Torkoal\n|-damage|p1b: Torkoal|20/100\n|move|p1b: Torkoal|Heat Wave|p2b: Garchomp|[spread] p2a\n|-miss|p1b: Torkoal|p2b: Garchomp\n|-damage|p2a: Sneasler|0 fnt\n|faint|p2a: Sneasler\n|\n|-weather|SunnyDay|[upkeep]\n|upkeep\n|\n|t:|1776409787\n|switch|p2a: Incineroar|Incineroar, L50, M|51/100\n|-ability|p2a: Incineroar|Intimidate|boost\n|-unboost|p1a: Passimian|atk|1\n|-unboost|p1b: Torkoal|atk|1\n|turn|5\n|\n|t:|1776409841\n|move|p1b: Torkoal|Protect|p1b: Torkoal\n|-singleturn|p1b: Torkoal|Protect\n|move|p2a: Incineroar|Fake Out|p1a: Passimian\n|-damage|p1a: Passimian|6/100\n|-immune|p2a: Incineroar\n|move|p2b: Garchomp|Rock Slide|p1a: Passimian|[spread] p1a\n|-activate|p1b: Torkoal|move: Protect\n|-resisted|p1a: Passimian|1\n|-damage|p1a: Passimian|0 fnt\n|-status|p2b: Garchomp|brn|[from] ability: Spicy Spray|[of] p1a: Passimian\n|faint|p1a: Passimian\n|\n|-weather|none\n|-damage|p2b: Garchomp|78/100 brn|[from] brn\n|upkeep\n|\n|t:|1776409845\n|switch|p1a: Hatterene|Hatterene, L50, F|100/100\n|turn|6\n|\n|t:|1776409871\n|move|p1b: Torkoal|Protect||[still]\n|-fail|p1b: Torkoal\n|move|p2b: Garchomp|Rock Slide|p1b: Torkoal|[spread] p1a,p1b\n|-supereffective|p1b: Torkoal|1\n|-damage|p1a: Hatterene|90/100\n|-damage|p1b: Torkoal|3/100\n|move|p2a: Incineroar|Flare Blitz|p1a: Hatterene\n|-damage|p1a: Hatterene|35/100\n|-enditem|p1a: Hatterene|Sitrus Berry|[eat]\n|-heal|p1a: Hatterene|60/100|[from] item: Sitrus Berry\n|-damage|p2a: Incineroar|36/100|[from] Recoil\n|-enditem|p2a: Incineroar|Sitrus Berry|[eat]\n|-heal|p2a: Incineroar|61/100|[from] item: Sitrus Berry\n|move|p1a: Hatterene|Trick Room|p1a: Hatterene\n|-fieldstart|move: Trick Room|[of] p1a: Hatterene\n|\n|-damage|p2b: Garchomp|72/100 brn|[from] brn\n|upkeep\n|turn|7\n|\n|t:|1776409894\n|move|p1b: Torkoal|Earth Power|p2a: Incineroar\n|-supereffective|p2a: Incineroar|1\n|-damage|p2a: Incineroar|31/100\n|move|p1a: Hatterene|Draining Kiss|p2b: Garchomp\n|-supereffective|p2b: Garchomp|1\n|-damage|p2b: Garchomp|15/100 brn\n|-heal|p1a: Hatterene|100/100|[from] drain|[of] p2b: Garchomp\n|-damage|p1a: Hatterene|88/100|[from] ability: Rough Skin|[of] p2b: Garchomp\n|move|p2a: Incineroar|Flare Blitz|p1a: Hatterene\n|-damage|p1a: Hatterene|26/100\n|-damage|p2a: Incineroar|14/100|[from] Recoil\n|move|p2b: Garchomp|Rock Slide|p1a: Hatterene|[spread] p1b\n|-miss|p2b: Garchomp|p1a: Hatterene\n|-supereffective|p1b: Torkoal|1\n|-damage|p1b: Torkoal|0 fnt\n|faint|p1b: Torkoal\n|\n|-damage|p2b: Garchomp|9/100 brn|[from] brn\n|upkeep\n|turn|8\n|\n|t:|1776409912\n|move|p1a: Hatterene|Draining Kiss|p2a: Incineroar\n|-crit|p2a: Incineroar\n|-damage|p2a: Incineroar|0 fnt\n|-heal|p1a: Hatterene|39/100|[from] drain|[of] p2a: Incineroar\n|faint|p2a: Incineroar\n|move|p2b: Garchomp|Rock Slide|p1a: Hatterene\n|-crit|p1a: Hatterene\n|-damage|p1a: Hatterene|15/100\n|\n|-damage|p2b: Garchomp|3/100 brn|[from] brn\n|upkeep\n|turn|9\n|\n|t:|1776409923\n|move|p2b: Garchomp|Protect|p2b: Garchomp\n|-singleturn|p2b: Garchomp|Protect\n|move|p1a: Hatterene|Mystical Fire|p2b: Garchomp\n|-activate|p2b: Garchomp|move: Protect\n|\n|-damage|p2b: Garchomp|0 fnt|[from] brn\n|faint|p2b: Garchomp\n|\n|win|dune's kitchen\n|raw|dune&apos;s kitchen's rating: 1220 &rarr; <strong>1247</strong><br />(+27 for winning)\n|raw|Vaaanquiish's rating: 1243 &rarr; <strong>1216</strong><br />(-27 for losing)\n",
  "uploadtime": 1776409927,
  "views": 47,
  "formatid": "gen9championsvgc2026regma",
  "rating": 1216,
  "private": 0,
  "password": null
}