{
  "id": "gen9championsvgc2026regma-2584383631",
  "format": "[Gen 9 Champions] VGC 2026 Reg M-A",
  "players": [
    "Aurelio321",
    "JadenJubel"
  ],
  "log": "|j|\u2606Aurelio321\n|j|\u2606JadenJubel\n|t:|1776256770\n|gametype|doubles\n|player|p1|Aurelio321|steven|1012\n|player|p2|JadenJubel|emmet|1051\n|gen|9\n|tier|[Gen 9 Champions] VGC 2026 Reg M-A\n|rated|\n|rule|Species Clause: Limit one of each Pok\u00e9mon\n|rule|Item Clause: Limit 1 of each item\n|clearpoke\n|poke|p1|Scizor, L50, F|\n|poke|p1|Pelipper, L50, F|\n|poke|p1|Sableye, L50, M|\n|poke|p1|Garchomp, L50, M|\n|poke|p1|Aerodactyl, L50, M|\n|poke|p1|Meowscarada, L50, M|\n|poke|p2|Glimmora, L50, F|\n|poke|p2|Toxapex, L50, F|\n|poke|p2|Sinistcha, L50|\n|poke|p2|Incineroar, L50, F|\n|poke|p2|Garchomp, L50, F|\n|poke|p2|Rotom-Wash, L50|\n|teampreview|4\n|\n|t:|1776256792\n|teamsize|p1|4\n|teamsize|p2|4\n|start\n|switch|p1a: Sableye|Sableye, L50, M|100/100\n|switch|p1b: Scizor|Scizor, L50, F|100/100\n|switch|p2a: Glimmora|Glimmora, L50, F, shiny|100/100\n|switch|p2b: Toxapex|Toxapex, L50, F, shiny|100/100\n|turn|1\n|\n|t:|1776256813\n|detailschange|p1b: Scizor|Scizor-Mega, L50, F\n|-mega|p1b: Scizor|Scizor|Scizorite\n|detailschange|p2a: Glimmora|Glimmora-Mega, L50, F, shiny\n|-mega|p2a: Glimmora|Glimmora|Glimmoranite\n|move|p2a: Glimmora|Spiky Shield|p2a: Glimmora\n|-singleturn|p2a: Glimmora|move: Protect\n|move|p2b: Toxapex|Baneful Bunker|p2b: Toxapex\n|-singleturn|p2b: Toxapex|move: Protect\n|move|p1a: Sableye|Fake Out|p2a: Glimmora\n|-activate|p2a: Glimmora|move: Protect\n|-damage|p1a: Sableye|89/100|[from] Spiky Shield|[of] p2a: Glimmora\n|move|p1b: Scizor|Swords Dance|p1b: Scizor\n|-boost|p1b: Scizor|atk|2\n|\n|upkeep\n|turn|2\n|\n|t:|1776256838\n|move|p1a: Sableye|Encore|p2b: Toxapex\n|-start|p2b: Toxapex|Encore\n|move|p2b: Toxapex|Baneful Bunker|p2b: Toxapex\n|-singleturn|p2b: Toxapex|move: Protect\n|move|p1b: Scizor|Close Combat|p2a: Glimmora\n|-damage|p2a: Glimmora|7/100\n|-unboost|p1b: Scizor|def|1\n|-unboost|p1b: Scizor|spd|1\n|move|p2a: Glimmora|Power Gem|p1a: Sableye\n|-damage|p1a: Sableye|0 fnt\n|faint|p1a: Sableye\n|\n|upkeep\n|\n|t:|1776256854\n|switch|p1a: Meowscarada|Meowscarada, L50, M|100/100\n|turn|3\n|\n|t:|1776256866\n|switch|p2b: Sinistcha|Sinistcha, L50, shiny|100/100\n|-heal|p2a: Glimmora|32/100|[from] ability: Hospitality|[of] p2b: Sinistcha\n|move|p2a: Glimmora|Spiky Shield|p2a: Glimmora\n|-singleturn|p2a: Glimmora|move: Protect\n|move|p1b: Scizor|Bullet Punch|p2a: Glimmora\n|-activate|p2a: Glimmora|move: Protect\n|-damage|p1b: Scizor|88/100|[from] Spiky Shield|[of] p2a: Glimmora\n|move|p1a: Meowscarada|Flower Trick|p2b: Sinistcha\n|-start|p1a: Meowscarada|typechange|Grass|[from] ability: Protean\n|-resisted|p2b: Sinistcha|1\n|-crit|p2b: Sinistcha\n|-damage|p2b: Sinistcha|78/100\n|\n|upkeep\n|turn|4\n|\n|t:|1776256899\n|switch|p2a: Toxapex|Toxapex, L50, F, shiny|100/100\n|move|p1b: Scizor|Bullet Punch|p2a: Toxapex\n|-resisted|p2a: Toxapex|1\n|-damage|p2a: Toxapex|75/100\n|move|p1a: Meowscarada|Knock Off|p2b: Sinistcha\n|-supereffective|p2b: Sinistcha|1\n|-damage|p2b: Sinistcha|18/100\n|-enditem|p2b: Sinistcha|Sitrus Berry|[from] move: Knock Off|[of] p1a: Meowscarada\n|move|p2b: Sinistcha|Matcha Gotcha|p1b: Scizor|[spread] p1a,p1b\n|-resisted|p1a: Meowscarada|1\n|-resisted|p1b: Scizor|2\n|-damage|p1a: Meowscarada|79/100\n|-heal|p2b: Sinistcha|29/100|[from] drain|[of] p1a: Meowscarada\n|-damage|p1b: Scizor|75/100\n|-heal|p2b: Sinistcha|36/100|[from] drain|[of] p1b: Scizor\n|-status|p1a: Meowscarada|brn\n|\n|-heal|p2a: Toxapex|81/100|[from] item: Leftovers\n|-damage|p1a: Meowscarada|73/100 brn|[from] brn\n|upkeep\n|turn|5\n|\n|t:|1776256936\n|switch|p1a: Pelipper|Pelipper, L50, F|100/100\n|-weather|RainDance|[from] ability: Drizzle|[of] p1a: Pelipper\n|move|p1b: Scizor|Swords Dance|p1b: Scizor\n|-boost|p1b: Scizor|atk|2\n|move|p2b: Sinistcha|Shadow Ball|p1b: Scizor\n|-damage|p1b: Scizor|4/100\n|move|p2a: Toxapex|Haze|p2a: Toxapex\n|-clearallboost\n|\n|-weather|RainDance|[upkeep]\n|-heal|p2a: Toxapex|86/100|[from] item: Leftovers\n|upkeep\n|turn|6\n|\n|t:|1776256963\n|switch|p2b: Rotom|Rotom-Wash, L50|100/100\n|move|p1b: Scizor|Protect|p1b: Scizor\n|-singleturn|p1b: Scizor|Protect\n|move|p1a: Pelipper|Tailwind|p1a: Pelipper\n|-sidestart|p1: Aurelio321|move: Tailwind\n|move|p2a: Toxapex|Poison Jab|p1a: Pelipper\n|-damage|p1a: Pelipper|76/100\n|-status|p1a: Pelipper|psn\n|\n|-weather|RainDance|[upkeep]\n|-heal|p2a: Toxapex|92/100|[from] item: Leftovers\n|-damage|p1a: Pelipper|64/100 psn|[from] psn\n|upkeep\n|turn|7\n|\n|t:|1776256994\n|move|p1a: Pelipper|Protect|p1a: Pelipper\n|-singleturn|p1a: Pelipper|Protect\n|move|p2a: Toxapex|Baneful Bunker|p2a: Toxapex\n|-singleturn|p2a: Toxapex|move: Protect\n|move|p1b: Scizor|Close Combat|p2b: Rotom\n|-damage|p2b: Rotom|36/100\n|-unboost|p1b: Scizor|def|1\n|-unboost|p1b: Scizor|spd|1\n|move|p2b: Rotom|Discharge|p1b: Scizor|[spread] p1b\n|-activate|p2a: Toxapex|move: Protect\n|-activate|p1a: Pelipper|move: Protect\n|-damage|p1b: Scizor|0 fnt\n|faint|p1b: Scizor\n|\n|-weather|RainDance|[upkeep]\n|-heal|p2a: Toxapex|98/100|[from] item: Leftovers\n|-damage|p1a: Pelipper|52/100 psn|[from] psn\n|upkeep\n|\n|t:|1776257014\n|switch|p1b: Meowscarada|Meowscarada, L50, M|73/100 brn\n|turn|8\n|\n|t:|1776257052\n|switch|p2b: Glimmora|Glimmora-Mega, L50, F, shiny|32/100\n|move|p1b: Meowscarada|Flower Trick|p2b: Glimmora\n|-start|p1b: Meowscarada|typechange|Grass|[from] ability: Protean\n|-crit|p2b: Glimmora\n|-damage|p2b: Glimmora|9/100\n|move|p1a: Pelipper|Hurricane|p2a: Toxapex\n|-damage|p2a: Toxapex|60/100\n|move|p2a: Toxapex|Poison Jab|p1b: Meowscarada\n|-supereffective|p1b: Meowscarada|1\n|-damage|p1b: Meowscarada|5/100 brn\n|-enditem|p1b: Meowscarada|Sitrus Berry|[eat]\n|-heal|p1b: Meowscarada|30/100 brn|[from] item: Sitrus Berry\n|\n|-weather|RainDance|[upkeep]\n|-heal|p2a: Toxapex|65/100|[from] item: Leftovers\n|-damage|p1a: Pelipper|39/100 psn|[from] psn\n|-damage|p1b: Meowscarada|24/100 brn|[from] brn\n|upkeep\n|turn|9\n|\n|t:|1776257092\n|move|p2b: Glimmora|Spiky Shield|p2b: Glimmora\n|-singleturn|p2b: Glimmora|move: Protect\n|move|p1b: Meowscarada|Flower Trick|p2b: Glimmora\n|-activate|p2b: Glimmora|move: Protect\n|move|p1a: Pelipper|Weather Ball|p2b: Glimmora\n|-activate|p2b: Glimmora|move: Protect\n|move|p2a: Toxapex|Poison Jab|p1b: Meowscarada\n|-supereffective|p1b: Meowscarada|1\n|-damage|p1b: Meowscarada|0 fnt\n|faint|p1b: Meowscarada\n|\n|-weather|none\n|-heal|p2a: Toxapex|71/100|[from] item: Leftovers\n|-damage|p1a: Pelipper|27/100 psn|[from] psn\n|-sideend|p1: Aurelio321|move: Tailwind\n|upkeep\n|turn|10\n|-message|Aurelio321 forfeited.\n|\n|win|JadenJubel\n|raw|Aurelio321's rating: 1012 &rarr; <strong>1002</strong><br />(-10 for losing)\n|raw|JadenJubel's rating: 1051 &rarr; <strong>1080</strong><br />(+29 for winning)\n|l|\u2606Aurelio321\n|player|p1|\n",
  "uploadtime": 1776257115,
  "views": 24,
  "formatid": "gen9championsvgc2026regma",
  "rating": 1002,
  "private": 0,
  "password": null
}