{
  "id": "gen9championsvgc2026regma-2587811970",
  "format": "[Gen 9 Champions] VGC 2026 Reg M-A",
  "players": [
    "FlyinZamby",
    "MessiahHezekiah"
  ],
  "log": "|j|\u2606FlyinZamby\n|j|\u2606MessiahHezekiah\n|t:|1776566479\n|gametype|doubles\n|player|p1|FlyinZamby|sailor|1266\n|player|p2|MessiahHezekiah|roughneck|1271\n|gen|9\n|tier|[Gen 9 Champions] VGC 2026 Reg M-A\n|rated|\n|rule|Species Clause: Limit one of each Pok\u00e9mon\n|rule|Item Clause: Limit 1 of each item\n|clearpoke\n|poke|p1|Gallade, L50, M|\n|poke|p1|Lopunny, L50, F|\n|poke|p1|Zoroark-Hisui, L50, F|\n|poke|p1|Clefable, L50, F|\n|poke|p1|Hydreigon, L50, F|\n|poke|p1|Kleavor, L50, F|\n|poke|p2|Aerodactyl, L50, M|\n|poke|p2|Sneasler, L50, F|\n|poke|p2|Kingambit, L50, M|\n|poke|p2|Farigiraf, L50, F|\n|poke|p2|Blastoise, L50, M|\n|poke|p2|Sinistcha, L50|\n|teampreview|4\nMessiahHezekiah rejected open team sheets.\n|inactive|Battle timer is ON: inactive players will automatically lose when time's up. (requested by FlyinZamby)\n|inactive|MessiahHezekiah has 60 seconds left.\n|\n|t:|1776566540\n|teamsize|p1|4\n|teamsize|p2|4\n|start\n|switch|p1a: Kleavor|Kleavor, L50, F|100/100\n|switch|p1b: Gallade|Gallade, L50, M|100/100\n|switch|p2a: Aerodactyl|Aerodactyl, L50, M|100/100\n|switch|p2b: Sneasler|Sneasler, L50, F|100/100\n|-ability|p2a: Aerodactyl|Unnerve\n|turn|1\n|inactive|FlyinZamby has 30 seconds left.\n|inactive|FlyinZamby has 20 seconds left.\n|inactive|FlyinZamby has 15 seconds left.\n|\n|t:|1776566580\n|move|p1a: Kleavor|Rock Tomb|p2a: Aerodactyl\n|-supereffective|p2a: Aerodactyl|1\n|-enditem|p2a: Aerodactyl|Focus Sash\n|-damage|p2a: Aerodactyl|1/100\n|-unboost|p2a: Aerodactyl|spe|1\n|move|p2b: Sneasler|Dire Claw|p1b: Gallade\n|-damage|p1b: Gallade|21/100\n|move|p1b: Gallade|Psycho Cut|p2b: Sneasler\n|-supereffective|p2b: Sneasler|2\n|-damage|p2b: Sneasler|0 fnt\n|faint|p2b: Sneasler\n|move|p2a: Aerodactyl|Dual Wingbeat|p1b: Gallade\n|-supereffective|p1b: Gallade|1\n|-damage|p1b: Gallade|0 fnt\n|faint|p1b: Gallade\n|-hitcount|p1: Gallade|1\n|\n|upkeep\n|\n|t:|1776566602\n|switch|p2b: Farigiraf|Farigiraf, L50, F|100/100\n|switch|p1b: Hydreigon|Hydreigon, L50, F|100/100\n|turn|2\n|\n|t:|1776566617\n|move|p1a: Kleavor|Rock Tomb|p2a: Aerodactyl\n|-supereffective|p2a: Aerodactyl|1\n|-damage|p2a: Aerodactyl|0 fnt\n|faint|p2a: Aerodactyl\n|move|p1b: Hydreigon|Dark Pulse|p2b: Farigiraf\n|-supereffective|p2b: Farigiraf|1\n|-damage|p2b: Farigiraf|25/100\n|move|p2b: Farigiraf|Trick Room|p2b: Farigiraf\n|-fieldstart|move: Trick Room|[of] p2b: Farigiraf\n|\n|upkeep\n|\n|t:|1776566625\n|switch|p2a: Blastoise|Blastoise, L50, M|100/100\n|turn|3\n|\n|t:|1776566636\n|move|p2a: Blastoise|Fake Out|p1b: Hydreigon\n|-damage|p1b: Hydreigon|92/100\n|move|p2b: Farigiraf|Rain Dance|p2b: Farigiraf\n|-weather|RainDance\n|cant|p1b: Hydreigon|flinch\n|move|p1a: Kleavor|Rock Tomb|p2b: Farigiraf\n|-damage|p2b: Farigiraf|1/100\n|-unboost|p2b: Farigiraf|spe|1\n|\n|-weather|RainDance|[upkeep]\n|upkeep\n|turn|4\n|\n|t:|1776566659\n|detailschange|p2a: Blastoise|Blastoise-Mega, L50, M\n|-mega|p2a: Blastoise|Blastoise|Blastoisinite\n|move|p2b: Farigiraf|Helping Hand|p2a: Blastoise\n|-singleturn|p2a: Blastoise|Helping Hand|[of] p2b: Farigiraf\n|move|p2a: Blastoise|Water Spout|p1b: Hydreigon|[spread] p1a,p1b\n|-supereffective|p1a: Kleavor|1\n|-resisted|p1b: Hydreigon|1\n|-damage|p1a: Kleavor|0 fnt\n|-damage|p1b: Hydreigon|8/100\n|faint|p1a: Kleavor\n|move|p1b: Hydreigon|Dark Pulse|p2a: Blastoise\n|-damage|p2a: Blastoise|68/100\n|\n|-weather|RainDance|[upkeep]\n|upkeep\n|\n|t:|1776566667\n|switch|p1a: Lopunny|Lopunny, L50, F|100/100\n|turn|5\n|\n|t:|1776566676\n|move|p1b: Hydreigon|Protect|p1b: Hydreigon\n|-singleturn|p1b: Hydreigon|Protect\n|move|p1a: Lopunny|Protect|p1a: Lopunny\n|-singleturn|p1a: Lopunny|Protect\n|move|p2b: Farigiraf|Psychic|p1a: Lopunny\n|-activate|p1a: Lopunny|move: Protect\n|move|p2a: Blastoise|Water Spout|p1b: Hydreigon|[spread] \n|-activate|p1a: Lopunny|move: Protect\n|-activate|p1b: Hydreigon|move: Protect\n|\n|-weather|RainDance|[upkeep]\n|upkeep\n|turn|6\n|\n|t:|1776566689\n|move|p1b: Hydreigon|Protect||[still]\n|-fail|p1b: Hydreigon\n|move|p1a: Lopunny|Protect||[still]\n|-fail|p1a: Lopunny\n|move|p2b: Farigiraf|Psychic|p1a: Lopunny\n|-damage|p1a: Lopunny|55/100\n|move|p2a: Blastoise|Water Spout|p1b: Hydreigon|[spread] p1a,p1b\n|-resisted|p1b: Hydreigon|1\n|-damage|p1a: Lopunny|0 fnt\n|-damage|p1b: Hydreigon|0 fnt\n|faint|p1a: Lopunny\n|faint|p1b: Hydreigon\n|\n|win|MessiahHezekiah\n|raw|FlyinZamby's rating: 1266 &rarr; <strong>1241</strong><br />(-25 for losing)\n|raw|MessiahHezekiah's rating: 1271 &rarr; <strong>1296</strong><br />(+25 for winning)\n|l|\u2606FlyinZamby\n|player|p1|\n",
  "uploadtime": 1776566702,
  "views": 17,
  "formatid": "gen9championsvgc2026regma",
  "rating": 1241,
  "private": 0,
  "password": null
}