{
  "id": "gen9championsvgc2026regma-2582770032",
  "format": "[Gen 9 Champions] VGC 2026 Reg M-A",
  "players": [
    "IVANBKCHO",
    "Syke11"
  ],
  "log": "|j|\u2606IVANBKCHO\n|j|\u2606Syke11\n|t:|1776112868\n|gametype|doubles\n|player|p1|IVANBKCHO|wattson|1113\n|player|p2|Syke11|jacinthe|1144\n|gen|9\n|tier|[Gen 9 Champions] VGC 2026 Reg M-A\n|rated|\n|rule|Species Clause: Limit one of each Pok\u00e9mon\n|rule|Item Clause: Limit 1 of each item\n|clearpoke\n|poke|p1|Kangaskhan, L50, F|\n|poke|p1|Sneasler, L50, M|\n|poke|p1|Sinistcha, L50|\n|poke|p1|Milotic, L50, F|\n|poke|p1|Krookodile, L50, M|\n|poke|p2|Drampa, L50, F|\n|poke|p2|Oranguru, L50, M|\n|poke|p2|Crabominable, L50, F|\n|poke|p2|Klefki, L50, M|\n|poke|p2|Sinistcha, L50|\n|poke|p2|Araquanid, L50, F|\n|teampreview|4\n|\n|t:|1776112900\n|teamsize|p1|4\n|teamsize|p2|4\n|start\n|switch|p1a: Kangaskhan|Kangaskhan, L50, F|100/100\n|switch|p1b: Sneasler|Sneasler, L50, M|100/100\n|switch|p2a: Drampa|Drampa, L50, F|100/100\n|switch|p2b: Oranguru|Oranguru, L50, M|100/100\n|-ability|p2a: Drampa|Cloud Nine\n|turn|1\n|\n|t:|1776112918\n|detailschange|p1a: Kangaskhan|Kangaskhan-Mega, L50, F\n|-mega|p1a: Kangaskhan|Kangaskhan|Kangaskhanite\n|move|p2a: Drampa|Protect|p2a: Drampa\n|-singleturn|p2a: Drampa|Protect\n|move|p1b: Sneasler|Fake Out|p2a: Drampa\n|-activate|p2a: Drampa|move: Protect\n|move|p1a: Kangaskhan|Fake Out|p2b: Oranguru\n|-crit|p2b: Oranguru\n|-damage|p2b: Oranguru|79/100\n|-damage|p2b: Oranguru|75/100\n|-hitcount|p2b: Oranguru|2\n|move|p2b: Oranguru|Trick Room|p2b: Oranguru\n|-fieldstart|move: Trick Room|[of] p2b: Oranguru\n|\n|upkeep\n|turn|2\n|\n|t:|1776112942\n|detailschange|p2a: Drampa|Drampa-Mega, L50, F\n|-mega|p2a: Drampa|Drampa|Drampanite\n|move|p1b: Sneasler|Protect|p1b: Sneasler\n|-singleturn|p1b: Sneasler|Protect\n|move|p2a: Drampa|Hyper Voice|p1b: Sneasler|[spread] p1a\n|-activate|p1b: Sneasler|move: Protect\n|-damage|p1a: Kangaskhan|55/100\n|move|p2b: Oranguru|Instruct|p2a: Drampa\n|-singleturn|p2a: Drampa|move: Instruct|[of] p2b: Oranguru\n|move|p2a: Drampa|Hyper Voice|p1b: Sneasler|[spread] p1a\n|-activate|p1b: Sneasler|move: Protect\n|-damage|p1a: Kangaskhan|9/100\n|move|p1a: Kangaskhan|Double-Edge|p2b: Oranguru\n|-damage|p2b: Oranguru|29/100\n|-damage|p2b: Oranguru|17/100\n|-hitcount|p2b: Oranguru|2\n|-damage|p1a: Kangaskhan|0 fnt|[from] Recoil\n|faint|p1a: Kangaskhan\n|\n|upkeep\n|\n|t:|1776112959\n|switch|p1a: Krookodile|Krookodile, L50, M|100/100\n|-ability|p1a: Krookodile|Intimidate|boost\n|-unboost|p2a: Drampa|atk|1\n|-fail|p2b: Oranguru|unboost|Attack|[from] ability: Inner Focus|[of] p2b: Oranguru\n|turn|3\n|\n|t:|1776112981\n|move|p1a: Krookodile|Protect|p1a: Krookodile\n|-singleturn|p1a: Krookodile|Protect\n|move|p2a: Drampa|Hyper Voice|p1a: Krookodile|[spread] p1b\n|-activate|p1a: Krookodile|move: Protect\n|-damage|p1b: Sneasler|43/100\n|move|p2b: Oranguru|Instruct|p2a: Drampa\n|-singleturn|p2a: Drampa|move: Instruct|[of] p2b: Oranguru\n|move|p2a: Drampa|Hyper Voice|p1a: Krookodile|[spread] p1b\n|-activate|p1a: Krookodile|move: Protect\n|-damage|p1b: Sneasler|0 fnt\n|faint|p1b: Sneasler\n|\n|upkeep\n|\n|t:|1776112992\n|switch|p1b: Sinistcha|Sinistcha, L50|100/100\n|turn|4\n|\n|t:|1776112998\n|move|p1b: Sinistcha|Protect|p1b: Sinistcha\n|-singleturn|p1b: Sinistcha|Protect\n|move|p2a: Drampa|Hyper Voice|p1b: Sinistcha|[spread] p1a\n|-activate|p1b: Sinistcha|move: Protect\n|-damage|p1a: Krookodile|35/100\n|move|p2b: Oranguru|Instruct|p2a: Drampa\n|-singleturn|p2a: Drampa|move: Instruct|[of] p2b: Oranguru\n|move|p2a: Drampa|Hyper Voice|p1b: Sinistcha|[spread] p1a\n|-activate|p1b: Sinistcha|move: Protect\n|-damage|p1a: Krookodile|0 fnt\n|faint|p1a: Krookodile\n|\n|upkeep\n|turn|5\n|-message|IVANBKCHO forfeited.\n|\n|win|Syke11\n|raw|IVANBKCHO's rating: 1113 &rarr; <strong>1090</strong><br />(-23 for losing)\n|raw|Syke11's rating: 1144 &rarr; <strong>1167</strong><br />(+23 for winning)\n|l|\u2606IVANBKCHO\n|player|p1|\n",
  "uploadtime": 1776113017,
  "views": 16,
  "formatid": "gen9championsvgc2026regma",
  "rating": 1090,
  "private": 0,
  "password": null
}