{
  "id": "gen9championsvgc2026regma-2586256633",
  "format": "[Gen 9 Champions] VGC 2026 Reg M-A",
  "players": [
    "ZZZITALOZZZ",
    "red50555060"
  ],
  "log": "|j|\u2606ZZZITALOZZZ\n|j|\u2606red50555060\n|t:|1776418098\n|gametype|doubles\n|player|p1|ZZZITALOZZZ|266|1018\n|player|p2|red50555060|170|1000\n|gen|9\n|tier|[Gen 9 Champions] VGC 2026 Reg M-A\n|rated|\n|rule|Species Clause: Limit one of each Pok\u00e9mon\n|rule|Item Clause: Limit 1 of each item\n|clearpoke\n|poke|p1|Whimsicott, L50, F|\n|poke|p1|Zoroark-Hisui, L50, F|\n|poke|p1|Incineroar, L50, M|\n|poke|p1|Clefable, L50, F|\n|poke|p1|Sneasler, L50, M|\n|poke|p1|Tyranitar, L50, M|\n|poke|p2|Charizard, L50, F|\n|poke|p2|Whimsicott, L50, M|\n|poke|p2|Incineroar, L50, M|\n|poke|p2|Venusaur, L50, F|\n|poke|p2|Froslass, L50, F|\n|poke|p2|Rotom-Frost, L50|\n|teampreview|4\n|inactive|Battle timer is ON: inactive players will automatically lose when time's up. (requested by red50555060)\n|inactive|red50555060 has 60 seconds left.\n|inactive|ZZZITALOZZZ has 60 seconds left.\n|inactive|red50555060 has 30 seconds left.\n|inactive|red50555060 has 20 seconds left.\n|inactive|red50555060 has 15 seconds left.\n|inactive|red50555060 has 10 seconds left.\n|inactive|red50555060 has 5 seconds left.\n|\n|t:|1776418184\n|teamsize|p1|4\n|teamsize|p2|4\n|start\n|switch|p1a: Whimsicott|Whimsicott, L50, F|100/100\n|switch|p1b: Tyranitar|Tyranitar, L50, M|100/100\n|switch|p2a: Froslass|Froslass, L50, F|100/100\n|switch|p2b: Incineroar|Incineroar, L50, M|100/100\n|-ability|p2b: Incineroar|Intimidate|boost\n|-unboost|p1a: Whimsicott|atk|1\n|-unboost|p1b: Tyranitar|atk|1\n|-weather|Sandstorm|[from] ability: Sand Stream|[of] p1b: Tyranitar\n|turn|1\n|inactive|ZZZITALOZZZ has 30 seconds left.\n|inactive|red50555060 has 30 seconds left.\n|\n|t:|1776418213\n|switch|p1b: Sneasler|Sneasler, L50, M|100/100\n|detailschange|p2a: Froslass|Froslass-Mega, L50, F\n|-mega|p2a: Froslass|Froslass|Froslassite\n|-weather|Snowscape|[from] ability: Snow Warning|[of] p2a: Froslass\n|move|p1a: Whimsicott|Protect|p1a: Whimsicott\n|-singleturn|p1a: Whimsicott|Protect\n|move|p2b: Incineroar|Fake Out|p1b: Sneasler\n|-damage|p1b: Sneasler|80/100\n|move|p2a: Froslass|Aurora Veil|p2a: Froslass\n|-sidestart|p2: red50555060|move: Aurora Veil\n|\n|-weather|Snowscape|[upkeep]\n|upkeep\n|turn|2\n|\n|t:|1776418234\n|move|p1a: Whimsicott|Tailwind|p1a: Whimsicott\n|-sidestart|p1: ZZZITALOZZZ|move: Tailwind\n|move|p1b: Sneasler|U-turn|p2b: Incineroar\n|-damage|p2b: Incineroar|87/100\n|\n|t:|1776418237\n|switch|p1b: Tyranitar|Tyranitar, L50, M|100/100|[from] U-turn\n|-weather|Sandstorm|[from] ability: Sand Stream|[of] p1b: Tyranitar\n|move|p2a: Froslass|Blizzard|p1b: Tyranitar|[spread] p1a,p1b\n|-supereffective|p1a: Whimsicott|1\n|-enditem|p1a: Whimsicott|Focus Sash\n|-damage|p1a: Whimsicott|1/100\n|-damage|p1b: Tyranitar|76/100\n|-status|p1a: Whimsicott|frz\n|move|p2b: Incineroar|Parting Shot|p1b: Tyranitar\n|-unboost|p1b: Tyranitar|atk|1\n|-unboost|p1b: Tyranitar|spa|1\n|\n|t:|1776418250\n|switch|p2b: Whimsicott|Whimsicott, L50, M|100/100|[from] Parting Shot\n|\n|-weather|Sandstorm|[upkeep]\n|-damage|p1a: Whimsicott|0 fnt|[from] Sandstorm\n|-damage|p2b: Whimsicott|95/100|[from] Sandstorm\n|-damage|p2a: Froslass|94/100|[from] Sandstorm\n|faint|p1a: Whimsicott\n|upkeep\n|\n|t:|1776418257\n|switch|p1a: Sneasler|Sneasler, L50, M|80/100\n|turn|3\n|\n|t:|1776418266\n|switch|p2a: Incineroar|Incineroar, L50, M|87/100\n|-ability|p2a: Incineroar|Intimidate|boost\n|-unboost|p1a: Sneasler|atk|1\n|-unboost|p1b: Tyranitar|atk|1\n|move|p2b: Whimsicott|Protect|p2b: Whimsicott\n|-singleturn|p2b: Whimsicott|Protect\n|move|p1a: Sneasler|Dire Claw|p2b: Whimsicott\n|-activate|p2b: Whimsicott|move: Protect\n|move|p1b: Tyranitar|Rock Slide|p2b: Whimsicott|[spread] p2a\n|-activate|p2b: Whimsicott|move: Protect\n|-supereffective|p2a: Incineroar|1\n|-damage|p2a: Incineroar|70/100\n|\n|-weather|Sandstorm|[upkeep]\n|-damage|p1a: Sneasler|74/100|[from] Sandstorm\n|-damage|p2b: Whimsicott|89/100|[from] Sandstorm\n|-damage|p2a: Incineroar|65/100|[from] Sandstorm\n|upkeep\n|turn|4\n|\n|t:|1776418284\n|move|p2a: Incineroar|Fake Out|p1a: Sneasler\n|-damage|p1a: Sneasler|54/100\n|move|p2b: Whimsicott|Tailwind|p2b: Whimsicott\n|-sidestart|p2: red50555060|move: Tailwind\n|cant|p1a: Sneasler|flinch\n|move|p1b: Tyranitar|Rock Slide|p2b: Whimsicott|[spread] p2b\n|-miss|p1b: Tyranitar|p2a: Incineroar\n|-damage|p2b: Whimsicott|77/100\n|\n|-weather|Sandstorm|[upkeep]\n|-damage|p1a: Sneasler|48/100|[from] Sandstorm\n|-damage|p2b: Whimsicott|71/100|[from] Sandstorm\n|-damage|p2a: Incineroar|59/100|[from] Sandstorm\n|upkeep\n|turn|5\n|\n|t:|1776418308\n|switch|p2a: Froslass|Froslass-Mega, L50, F|94/100\n|-weather|Snowscape|[from] ability: Snow Warning|[of] p2a: Froslass\n|switch|p1b: Tyranitar|Tyranitar, L50, M|100/100\n|move|p1a: Sneasler|U-turn|p2b: Whimsicott\n|-damage|p2b: Whimsicott|58/100\n|-status|p2b: Whimsicott|psn|[from] ability: Poison Touch|[of] p1a: Sneasler\n|\n|t:|1776418318\n|switch|p1a: Tyranitar|Tyranitar, L50, M|76/100|[from] U-turn\n|-weather|Sandstorm|[from] ability: Sand Stream|[of] p1a: Tyranitar\n|move|p2b: Whimsicott|Moonblast|p1a: Tyranitar\n|-supereffective|p1a: Tyranitar|1\n|-damage|p1a: Tyranitar|47/100\n|\n|-weather|Sandstorm|[upkeep]\n|-damage|p1b: Tyranitar|94/100|[from] Sandstorm\n|-damage|p2b: Whimsicott|52/100 psn|[from] Sandstorm\n|-damage|p2a: Froslass|88/100|[from] Sandstorm\n|-damage|p2b: Whimsicott|40/100 psn|[from] psn\n|-sideend|p1: ZZZITALOZZZ|move: Tailwind\n|-sideend|p2: red50555060|move: Aurora Veil\n|upkeep\n|turn|6\n|c|\u2606red50555060|thats ngl\n|c|\u2606red50555060|funny\n|inactive|red50555060 has 30 seconds left.\n|inactive|red50555060 has 20 seconds left.\n|inactive|red50555060 has 15 seconds left.\n|\n|t:|1776418362\n|switch|p2a: Incineroar|Incineroar, L50, M|59/100\n|-ability|p2a: Incineroar|Intimidate|boost\n|-unboost|p1a: Tyranitar|atk|1\n|-unboost|p1b: Tyranitar|atk|1\n|detailschange|p1a: Tyranitar|Tyranitar-Mega, L50, M\n|-mega|p1a: Tyranitar|Tyranitar|Tyranitarite\n|move|p2b: Whimsicott|Protect|p2b: Whimsicott\n|-singleturn|p2b: Whimsicott|Protect\n|move|p1b: Tyranitar|Protect|p1b: Tyranitar\n|-singleturn|p1b: Tyranitar|Protect\n|move|p1a: Tyranitar|Rock Slide|p2b: Whimsicott|[spread] p2a\n|-activate|p2b: Whimsicott|move: Protect\n|-supereffective|p2a: Incineroar|1\n|-damage|p2a: Incineroar|22/100\n|-enditem|p2a: Incineroar|Sitrus Berry|[eat]\n|-heal|p2a: Incineroar|47/100|[from] item: Sitrus Berry\n|\n|-weather|Sandstorm|[upkeep]\n|-damage|p2b: Whimsicott|34/100 psn|[from] Sandstorm\n|-damage|p2a: Incineroar|41/100|[from] Sandstorm\n|-damage|p1b: Tyranitar|88/100|[from] Sandstorm\n|-damage|p2b: Whimsicott|22/100 psn|[from] psn\n|upkeep\n|turn|7\n|inactive|red50555060 has 30 seconds left.\n|\n|t:|1776418393\n|move|p2a: Incineroar|Fake Out|p1a: Tyranitar\n|-resisted|p1a: Tyranitar|1\n|-damage|p1a: Tyranitar|43/100\n|move|p2b: Whimsicott|Moonblast|p1a: Tyranitar\n|-supereffective|p1a: Tyranitar|1\n|-damage|p1a: Tyranitar|19/100\n|move|p1b: Tyranitar|Hyper Voice|p2a: Incineroar|[spread] p2a,p2b\n|-damage|p2a: Incineroar|2/100\n|-damage|p2b: Whimsicott|0 fnt\n|faint|p2b: Whimsicott\n|cant|p1a: Tyranitar|flinch\n|\n|-weather|Sandstorm|[upkeep]\n|-damage|p2a: Incineroar|0 fnt|[from] Sandstorm\n|-damage|p1b: Tyranitar|82/100|[from] Sandstorm\n|faint|p2a: Incineroar\n|-sideend|p2: red50555060|move: Tailwind\n|upkeep\n|\n|t:|1776418407\n|switch|p2b: Rotom|Rotom-Frost, L50|100/100\n|switch|p2a: Froslass|Froslass-Mega, L50, F|88/100\n|-weather|Snowscape|[from] ability: Snow Warning|[of] p2a: Froslass\n|turn|8\n|\n|t:|1776418425\n|switch|p1a: Sneasler|Sneasler, L50, M|48/100\n|move|p1b: Tyranitar|Bitter Malice|p2a: Froslass\n|-supereffective|p2a: Froslass|1\n|-damage|p2a: Froslass|0 fnt\n|faint|p2a: Froslass\n|move|p2b: Rotom|Nasty Plot|p2b: Rotom\n|-boost|p2b: Rotom|spa|2\n|\n|-weather|Snowscape|[upkeep]\n|upkeep\n|turn|9\n|\n|t:|1776418439\n|move|p1a: Sneasler|Close Combat|p2b: Rotom\n|-supereffective|p2b: Rotom|1\n|-damage|p2b: Rotom|0 fnt\n|-unboost|p1a: Sneasler|def|1\n|-unboost|p1a: Sneasler|spd|1\n|faint|p2b: Rotom\n|\n|win|ZZZITALOZZZ\n|raw|ZZZITALOZZZ's rating: 1018 &rarr; <strong>1053</strong><br />(+35 for winning)\n|raw|red50555060's rating: 1000 &rarr; <strong>1000</strong><br />(+0 for losing)\n|c|\u2606ZZZITALOZZZ|Gg\n|c|\u2606red50555060|gg\n|l|\u2606red50555060\n|player|p2|\n",
  "uploadtime": 1776418459,
  "views": 29,
  "formatid": "gen9championsvgc2026regma",
  "rating": 1000,
  "private": 0,
  "password": null
}