{
  "id": "gen9championsvgc2026regma-2580653611",
  "format": "[Gen 9 Champions] VGC 2026 Reg M-A",
  "players": [
    "y1meng",
    "bored_bones00"
  ],
  "log": "|j|\u2606y1meng\n|j|\u2606bored_bones00\n|t:|1775921590\n|gametype|doubles\n|player|p1|y1meng|clerk|1110\n|player|p2|bored_bones00|rosa|1045\n|gen|9\n|tier|[Gen 9 Champions] VGC 2026 Reg M-A\n|rated|\n|rule|Species Clause: Limit one of each Pok\u00e9mon\n|rule|Item Clause: Limit 1 of each item\n|clearpoke\n|poke|p1|Dragonite, L50, F|\n|poke|p1|Starmie, L50|\n|poke|p1|Kingambit, L50, M|\n|poke|p1|Sneasler, L50, F|\n|poke|p1|Rotom-Heat, L50|\n|poke|p1|Maushold-Four, L50|\n|poke|p2|Froslass, L50, F|\n|poke|p2|Garchomp, L50, F|\n|poke|p2|Sneasler, L50, M|\n|poke|p2|Crabominable, L50, F|\n|poke|p2|Farigiraf, L50, F|\n|poke|p2|Incineroar, L50, M|\n|teampreview|4\n|\n|t:|1775921622\n|teamsize|p1|4\n|teamsize|p2|4\n|start\n|switch|p1a: Rotom|Rotom-Heat, L50|100/100\n|switch|p1b: Kingambit|Kingambit, L50, M|100/100\n|switch|p2a: Froslass|Froslass, L50, F|100/100\n|switch|p2b: Sneasler|Sneasler, L50, M|100/100\n|turn|1\n|\n|t:|1775921665\n|switch|p1b: Starmie|Starmie, L50|100/100\n|detailschange|p2a: Froslass|Froslass-Mega, L50, F\n|-mega|p2a: Froslass|Froslass|Froslassite\n|-weather|Snowscape|[from] ability: Snow Warning|[of] p2a: Froslass\n|move|p2b: Sneasler|Fake Out|p1a: Rotom\n|-damage|p1a: Rotom|85/100\n|cant|p1a: Rotom|flinch\n|move|p2a: Froslass|Will-O-Wisp|p1b: Starmie\n|-status|p1b: Starmie|brn\n|\n|-weather|Snowscape|[upkeep]\n|-damage|p1b: Starmie|95/100 brn|[from] brn\n|upkeep\n|turn|2\n|\n|t:|1775921684\n|switch|p2b: Garchomp|Garchomp, L50, F|100/100\n|move|p1b: Starmie|Protect|p1b: Starmie\n|-singleturn|p1b: Starmie|Protect\n|move|p1a: Rotom|Electroweb|p2b: Garchomp|[spread] p2a\n|-immune|p2b: Garchomp\n|-damage|p2a: Froslass|85/100\n|-unboost|p2a: Froslass|spe|1\n|move|p2a: Froslass|Aurora Veil|p2a: Froslass\n|-sidestart|p2: bored_bones00|move: Aurora Veil\n|\n|-weather|Snowscape|[upkeep]\n|-damage|p1b: Starmie|89/100 brn|[from] brn\n|upkeep\n|turn|3\n|\n|t:|1775921712\n|-curestatus|p1b: Starmie|brn|[from] ability: Natural Cure\n|switch|p1b: Kingambit|Kingambit, L50, M|100/100\n|switch|p2a: Incineroar|Incineroar, L50, M|100/100\n|-ability|p2a: Incineroar|Intimidate|boost\n|-unboost|p1a: Rotom|atk|1\n|-unboost|p1b: Kingambit|atk|1\n|-ability|p1b: Kingambit|Defiant|boost\n|-boost|p1b: Kingambit|atk|2\n|move|p2b: Garchomp|Rock Slide|p1a: Rotom|[spread] p1a,p1b\n|-supereffective|p1a: Rotom|1\n|-resisted|p1b: Kingambit|1\n|-damage|p1a: Rotom|44/100\n|-damage|p1b: Kingambit|94/100\n|move|p1a: Rotom|Electroweb|p2b: Garchomp|[spread] p2a\n|-immune|p2b: Garchomp\n|-damage|p2a: Incineroar|92/100\n|-unboost|p2a: Incineroar|spe|1\n|\n|-weather|Snowscape|[upkeep]\n|upkeep\n|turn|4\n|\n|t:|1775921735\n|switch|p1a: Maushold|Maushold-Four, L50|100/100\n|move|p1b: Kingambit|Protect|p1b: Kingambit\n|-singleturn|p1b: Kingambit|Protect\n|move|p2a: Incineroar|Fake Out|p1b: Kingambit\n|-activate|p1b: Kingambit|move: Protect\n|move|p2b: Garchomp|Rock Slide|p1b: Kingambit|[spread] p1a\n|-activate|p1b: Kingambit|move: Protect\n|-damage|p1a: Maushold|74/100\n|\n|-weather|Snowscape|[upkeep]\n|upkeep\n|turn|5\n|\n|t:|1775921752\n|move|p2b: Garchomp|Rock Slide|p1b: Kingambit|[spread] p1a,p1b\n|-resisted|p1b: Kingambit|1\n|-damage|p1a: Maushold|47/100\n|-damage|p1b: Kingambit|88/100\n|move|p1a: Maushold|Rain Dance|p1a: Maushold\n|-weather|RainDance\n|move|p1b: Kingambit|Kowtow Cleave|p2b: Garchomp\n|-damage|p2b: Garchomp|51/100\n|-damage|p1b: Kingambit|76/100|[from] ability: Rough Skin|[of] p2b: Garchomp\n|move|p2a: Incineroar|Flare Blitz|p1b: Kingambit\n|-supereffective|p1b: Kingambit|1\n|-damage|p1b: Kingambit|48/100\n|-damage|p2a: Incineroar|82/100|[from] Recoil\n|\n|-weather|RainDance|[upkeep]\n|upkeep\n|turn|6\n|\n|t:|1775921782\n|move|p2b: Garchomp|Rock Slide|p1b: Kingambit|[spread] p1a\n|-miss|p2b: Garchomp|p1b: Kingambit\n|-damage|p1a: Maushold|21/100\n|move|p1a: Maushold|Population Bomb|p2b: Garchomp\n|-damage|p2b: Garchomp|47/100\n|-damage|p1a: Maushold|9/100|[from] ability: Rough Skin|[of] p2b: Garchomp\n|-hitcount|p2b: Garchomp|1\n|move|p1b: Kingambit|Kowtow Cleave|p2b: Garchomp\n|-damage|p2b: Garchomp|0 fnt\n|-damage|p1b: Kingambit|36/100|[from] ability: Rough Skin|[of] p2b: Garchomp\n|faint|p2b: Garchomp\n|move|p2a: Incineroar|Flare Blitz|p1b: Kingambit\n|-supereffective|p1b: Kingambit|1\n|-damage|p1b: Kingambit|10/100\n|-damage|p2a: Incineroar|73/100|[from] Recoil\n|\n|-weather|RainDance|[upkeep]\n|-sideend|p2: bored_bones00|move: Aurora Veil\n|upkeep\n|\n|t:|1775921807\n|switch|p2b: Sneasler|Sneasler, L50, M|100/100\n|turn|7\n|\n|t:|1775921825\n|move|p2b: Sneasler|Fake Out|p1a: Maushold\n|-damage|p1a: Maushold|0 fnt\n|faint|p1a: Maushold\n|move|p1b: Kingambit|Iron Head|p2b: Sneasler\n|-crit|p2b: Sneasler\n|-enditem|p2b: Sneasler|Focus Sash\n|-damage|p2b: Sneasler|1/100\n|move|p2a: Incineroar|Flare Blitz|p1b: Kingambit\n|-supereffective|p1b: Kingambit|1\n|-damage|p1b: Kingambit|0 fnt\n|faint|p1b: Kingambit\n|-damage|p2a: Incineroar|70/100|[from] Recoil\n|\n|-weather|RainDance|[upkeep]\n|upkeep\n|\n|t:|1775921835\n|switch|p1a: Rotom|Rotom-Heat, L50|44/100\n|switch|p1b: Starmie|Starmie, L50|89/100\n|turn|8\n|\n|t:|1775921872\n|switch|p2a: Froslass|Froslass-Mega, L50, F|85/100\n|-weather|Snowscape|[from] ability: Snow Warning|[of] p2a: Froslass\n|detailschange|p1b: Starmie|Starmie-Mega, L50\n|-mega|p1b: Starmie|Starmie|Starminite\n|move|p2b: Sneasler|Close Combat|p1a: Rotom\n|-damage|p1a: Rotom|0 fnt\n|-unboost|p2b: Sneasler|def|1\n|-unboost|p2b: Sneasler|spd|1\n|faint|p1a: Rotom\n|move|p1b: Starmie|Liquidation|p2a: Froslass\n|-damage|p2a: Froslass|21/100\n|\n|-weather|Snowscape|[upkeep]\n|upkeep\n|turn|9\n|\n|t:|1775921897\n|switch|p2b: Incineroar|Incineroar, L50, M|70/100\n|-ability|p2b: Incineroar|Intimidate|boost\n|-unboost|p1b: Starmie|atk|1\n|move|p1b: Starmie|Liquidation|p2a: Froslass\n|-damage|p2a: Froslass|0 fnt\n|faint|p2a: Froslass\n|\n|-weather|Snowscape|[upkeep]\n|upkeep\n|\n|t:|1775921903\n|switch|p2a: Sneasler|Sneasler, L50, M|1/100\n|turn|10\n|\n|t:|1775921928\n|move|p1b: Starmie|Protect|p1b: Starmie\n|-singleturn|p1b: Starmie|Protect\n|move|p2a: Sneasler|Fake Out|p1b: Starmie\n|-activate|p1b: Starmie|move: Protect\n|move|p2b: Incineroar|Throat Chop|p1b: Starmie\n|-activate|p1b: Starmie|move: Protect\n|\n|-weather|Snowscape|[upkeep]\n|upkeep\n|turn|11\n|\n|t:|1775921939\n|move|p1b: Starmie|Liquidation|p2b: Incineroar\n|-supereffective|p2b: Incineroar|1\n|-damage|p2b: Incineroar|0 fnt\n|faint|p2b: Incineroar\n|move|p2a: Sneasler|Coaching|p2: Incineroar|[notarget]\n|-fail|p2a: Sneasler\n|\n|-weather|Snowscape|[upkeep]\n|upkeep\n|turn|12\n|\n|t:|1775921957\n|move|p1b: Starmie|Psychic|p2a: Sneasler\n|-supereffective|p2a: Sneasler|2\n|-damage|p2a: Sneasler|0 fnt\n|faint|p2a: Sneasler\n|\n|win|y1meng\n|raw|y1meng's rating: 1110 &rarr; <strong>1130</strong><br />(+20 for winning)\n|raw|bored_bones00's rating: 1045 &rarr; <strong>1031</strong><br />(-14 for losing)\n|l|\u2606y1meng\n|player|p1|\n",
  "uploadtime": 1775921974,
  "views": 11,
  "formatid": "gen9championsvgc2026regma",
  "rating": 1031,
  "private": 0,
  "password": null
}