{
  "id": "gen9championsvgc2026regma-2581665402",
  "format": "[Gen 9 Champions] VGC 2026 Reg M-A",
  "players": [
    "lau334",
    "Bruthathechosen"
  ],
  "log": "|j|\u2606lau334\n|j|\u2606Bruthathechosen\n|t:|1776019094\n|gametype|doubles\n|player|p1|lau334|2|1176\n|player|p2|Bruthathechosen|roxie|1174\n|gen|9\n|tier|[Gen 9 Champions] VGC 2026 Reg M-A\n|rated|\n|rule|Species Clause: Limit one of each Pok\u00e9mon\n|rule|Item Clause: Limit 1 of each item\n|clearpoke\n|poke|p1|Froslass, L50, F|\n|poke|p1|Rotom-Frost, L50|\n|poke|p1|Orthworm, L50, M|\n|poke|p1|Dragapult, L50, M|\n|poke|p1|Garchomp, L50, F|\n|poke|p1|Milotic, L50, M|\n|poke|p2|Kingambit, L50, M|\n|poke|p2|Farigiraf, L50, M|\n|poke|p2|Sneasler, L50, M|\n|poke|p2|Incineroar, L50, F|\n|poke|p2|Froslass, L50, F|\n|poke|p2|Aerodactyl, L50, F|\n|teampreview|4\nlau334 has agreed to open team sheets.\nBruthathechosen has agreed to open team sheets.\n|showteam|p1|Froslass||Froslassite|SnowCloak|Blizzard,ShadowBall,NastyPlot,Protect|||F|||50|]Rotom-Frost||NeverMeltIce|Levitate|Blizzard,VoltSwitch,Thunderbolt,Protect||||||50|]Orthworm||SitrusBerry|EarthEater|BodyPress,IronDefense,ShedTail,Protect|||M|||50|]Dragapult||ChoiceScarf|Infiltrator|DragonDarts,PhantomForce,Uturn,SuckerPunch|||M|||50|]Garchomp||FocusSash|RoughSkin|Earthquake,DragonClaw,RockSlide,Protect|||F|||50|]Milotic||Leftovers|Competitive|Scald,Haze,Recover,Protect|||M|||50|\n|showteam|p2|Kingambit||BlackGlasses|Defiant|SuckerPunch,KowtowCleave,SwordsDance,Protect|||M|||50|]Farigiraf||ColburBerry|ArmorTail|Psychic,HelpingHand,TrickRoom,Protect|||M|||50|]Sneasler||WhiteHerb|Unburden|FakeOut,DireClaw,CloseCombat,Protect|||M|||50|]Incineroar||ChopleBerry|Intimidate|FakeOut,DarkestLariat,FlareBlitz,CloseCombat|||F|||50|]Froslass||Froslassite|SnowCloak|ShadowBall,Blizzard,AuroraVeil,Protect|||F|||50|]Aerodactyl||FocusSash|Unnerve|RockSlide,DualWingbeat,Tailwind,Protect|||F|||50|\n|\n|t:|1776019148\n|teamsize|p1|4\n|teamsize|p2|4\n|start\n|switch|p1a: Orthworm|Orthworm, L50, M|100/100\n|switch|p1b: GOATchomp|Garchomp, L50, F|100/100\n|switch|p2a: Aerodactyl|Aerodactyl, L50, F|100/100\n|switch|p2b: Kingambit|Kingambit, L50, M|100/100\n|-ability|p2a: Aerodactyl|Unnerve\n|turn|1\n|\n|t:|1776019181\n|move|p2a: Aerodactyl|Rock Slide|p1b: GOATchomp|[spread] p1a,p1b\n|-resisted|p1a: Orthworm|1\n|-resisted|p1b: GOATchomp|1\n|-damage|p1a: Orthworm|92/100\n|-damage|p1b: GOATchomp|87/100\n|cant|p1b: GOATchomp|flinch\n|move|p1a: Orthworm|Iron Defense|p1a: Orthworm\n|-boost|p1a: Orthworm|def|2\n|move|p2b: Kingambit|Swords Dance|p2b: Kingambit\n|-boost|p2b: Kingambit|atk|2\n|\n|upkeep\n|turn|2\n|\n|t:|1776019203\n|move|p2b: Kingambit|Protect|p2b: Kingambit\n|-singleturn|p2b: Kingambit|Protect\n|move|p2a: Aerodactyl|Tailwind|p2a: Aerodactyl\n|-sidestart|p2: Bruthathechosen|move: Tailwind\n|move|p1b: GOATchomp|Rock Slide|p2a: Aerodactyl|[spread] p2a\n|-activate|p2b: Kingambit|move: Protect\n|-supereffective|p2a: Aerodactyl|1\n|-damage|p2a: Aerodactyl|42/100\n|move|p1a: Orthworm|Body Press|p2b: Kingambit\n|-activate|p2b: Kingambit|move: Protect\n|\n|upkeep\n|turn|3\n|\n|t:|1776019230\n|switch|p2b: Sneasler|Sneasler, L50, M|100/100\n|move|p1b: GOATchomp|Protect|p1b: GOATchomp\n|-singleturn|p1b: GOATchomp|Protect\n|move|p2a: Aerodactyl|Rock Slide|p1a: Orthworm|[spread] p1a\n|-activate|p1b: GOATchomp|move: Protect\n|-resisted|p1a: Orthworm|1\n|-damage|p1a: Orthworm|88/100\n|cant|p1a: Orthworm|flinch\n|\n|upkeep\n|turn|4\n|\n|t:|1776019253\n|move|p2b: Sneasler|Fake Out|p1a: Orthworm\n|-resisted|p1a: Orthworm|1\n|-damage|p1a: Orthworm|86/100\n|move|p2a: Aerodactyl|Dual Wingbeat|p1b: GOATchomp\n|-damage|p1b: GOATchomp|68/100\n|-damage|p2a: Aerodactyl|30/100|[from] ability: Rough Skin|[of] p1b: GOATchomp\n|-damage|p1b: GOATchomp|49/100\n|-damage|p2a: Aerodactyl|18/100|[from] ability: Rough Skin|[of] p1b: GOATchomp\n|-hitcount|p1b: GOATchomp|2\n|move|p1b: GOATchomp|Earthquake|p2a: Aerodactyl|[spread] p2b\n|-heal|p1a: Orthworm|100/100|[from] ability: Earth Eater|[of] p1b: GOATchomp\n|-immune|p2a: Aerodactyl\n|-supereffective|p2b: Sneasler|1\n|-crit|p2b: Sneasler\n|-damage|p2b: Sneasler|0 fnt\n|faint|p2b: Sneasler\n|cant|p1a: Orthworm|flinch\n|\n|upkeep\n|\n|t:|1776019268\n|switch|p2b: Froslass|Froslass, L50, F|100/100\n|turn|5\n|\n|t:|1776019286\n|detailschange|p2b: Froslass|Froslass-Mega, L50, F\n|-mega|p2b: Froslass|Froslass|Froslassite\n|-weather|Snowscape|[from] ability: Snow Warning|[of] p2b: Froslass\n|move|p2a: Aerodactyl|Rock Slide|p1a: Orthworm|[spread] p1b\n|-miss|p2a: Aerodactyl|p1a: Orthworm\n|-resisted|p1b: GOATchomp|1\n|-damage|p1b: GOATchomp|37/100\n|move|p2b: Froslass|Blizzard|p1b: GOATchomp|[spread] p1a,p1b\n|-resisted|p1a: Orthworm|1\n|-supereffective|p1b: GOATchomp|2\n|-damage|p1a: Orthworm|70/100\n|-damage|p1b: GOATchomp|0 fnt\n|faint|p1b: GOATchomp\n|move|p1a: Orthworm|Shed Tail|p1a: Orthworm\n|-start|p1a: Orthworm|Substitute|[from] move: Shed Tail\n|-damage|p1a: Orthworm|20/100\n|\n|t:|1776019302\n|switch|p1a: Froslass|Froslass, L50, F|100/100|[from] Shed Tail\n|\n|-weather|Snowscape|[upkeep]\n|-sideend|p2: Bruthathechosen|move: Tailwind\n|upkeep\n|\n|t:|1776019310\n|switch|p1b: Milotic|Milotic, L50, M|100/100\n|turn|6\n|\n|t:|1776019319\n|move|p2a: Aerodactyl|Rock Slide|p1a: Froslass|[spread] p1b\n|-miss|p2a: Aerodactyl|p1a: Froslass\n|-damage|p1b: Milotic|81/100\n|move|p2b: Froslass|Aurora Veil|p2b: Froslass\n|-sidestart|p2: Bruthathechosen|move: Aurora Veil\n|move|p1a: Froslass|Nasty Plot|p1a: Froslass\n|-boost|p1a: Froslass|spa|2\n|cant|p1b: Milotic|flinch\n|\n|-weather|Snowscape|[upkeep]\n|-heal|p1b: Milotic|87/100|[from] item: Leftovers\n|upkeep\n|turn|7\n|\n|t:|1776019341\n|detailschange|p1a: Froslass|Froslass-Mega, L50, F\n|-mega|p1a: Froslass|Froslass|Froslassite\n|move|p2a: Aerodactyl|Rock Slide|p1a: Froslass|[spread] p1a,p1b\n|-supereffective|p1a: Froslass|1\n|-end|p1a: Froslass|Substitute\n|-damage|p1b: Milotic|66/100\n|move|p1a: Froslass|Shadow Ball|p2b: Froslass\n|-supereffective|p2b: Froslass|1\n|-damage|p2b: Froslass|0 fnt\n|faint|p2b: Froslass\n|move|p1b: Milotic|Scald|p2a: Aerodactyl\n|-supereffective|p2a: Aerodactyl|1\n|-damage|p2a: Aerodactyl|0 fnt\n|faint|p2a: Aerodactyl\n|\n|-weather|Snowscape|[upkeep]\n|-heal|p1b: Milotic|71/100|[from] item: Leftovers\n|upkeep\n|\n|t:|1776019352\n|switch|p2b: Kingambit|Kingambit, L50, M|100/100\n|turn|8\n|\n|t:|1776019370\n|move|p1a: Froslass|Blizzard|p2b: Kingambit\n|-resisted|p2b: Kingambit|1\n|-damage|p2b: Kingambit|60/100\n|-status|p2b: Kingambit|frz\n|move|p1b: Milotic|Scald|p2b: Kingambit\n|-damage|p2b: Kingambit|43/100 frz\n|-curestatus|p2b: Kingambit|frz|[msg]\n|move|p2b: Kingambit|Kowtow Cleave|p1b: Milotic\n|-damage|p1b: Milotic|20/100\n|\n|-weather|Snowscape|[upkeep]\n|-heal|p1b: Milotic|26/100|[from] item: Leftovers\n|upkeep\n|turn|9\n|\n|t:|1776019386\n|move|p1a: Froslass|Protect|p1a: Froslass\n|-singleturn|p1a: Froslass|Protect\n|move|p2b: Kingambit|Sucker Punch||[still]\n|-fail|p2b: Kingambit\n|move|p1b: Milotic|Recover|p1b: Milotic\n|-heal|p1b: Milotic|76/100\n|\n|-weather|none\n|-heal|p1b: Milotic|82/100|[from] item: Leftovers\n|upkeep\n|turn|10\n|-message|Bruthathechosen forfeited.\n|\n|win|lau334\n|raw|lau334's rating: 1176 &rarr; <strong>1201</strong><br />(+25 for winning)\n|raw|Bruthathechosen's rating: 1174 &rarr; <strong>1149</strong><br />(-25 for losing)\n|l|\u2606Bruthathechosen\n|player|p2|\n",
  "uploadtime": 1776019466,
  "views": 17,
  "formatid": "gen9championsvgc2026regma",
  "rating": 1149,
  "private": 0,
  "password": null
}