{
  "id": "gen9championsvgc2026regma-2589538854",
  "format": "[Gen 9 Champions] VGC 2026 Reg M-A",
  "players": [
    "Missing Focus",
    "Mikt"
  ],
  "log": "|j|\u2606Missing Focus\n|j|\u2606Mikt\n|t:|1776732186\n|gametype|doubles\n|player|p1|Missing Focus|skyla|1041\n|player|p2|Mikt|ltsurge|1133\n|gen|9\n|tier|[Gen 9 Champions] VGC 2026 Reg M-A\n|rated|\n|rule|Species Clause: Limit one of each Pok\u00e9mon\n|rule|Item Clause: Limit 1 of each item\n|clearpoke\n|poke|p1|Mr. Rime, L50, M|\n|poke|p1|Raichu-Alola, L50, M|\n|poke|p1|Tauros-Paldea-Combat, L50, M|\n|poke|p1|Ninetales-Alola, L50, M|\n|poke|p1|Aerodactyl, L50, F|\n|poke|p1|Alakazam, L50, F|\n|poke|p2|Starmie, L50|\n|poke|p2|Pelipper, L50, M|\n|poke|p2|Archaludon, L50, M|\n|poke|p2|Glimmora, L50, M|\n|poke|p2|Blastoise, L50, F|\n|poke|p2|Sinistcha, L50|\n|teampreview|4\nMissing Focus has agreed to open team sheets.\n|inactive|Battle timer is ON: inactive players will automatically lose when time's up. (requested by Missing Focus)\n|inactive|Mikt has 60 seconds left.\n|\n|t:|1776732240\n|teamsize|p1|4\n|teamsize|p2|4\n|start\n|switch|p1a: Ninetales|Ninetales-Alola, L50, M|100/100\n|switch|p1b: Raichu|Raichu-Alola, L50, M|100/100\n|switch|p2a: Glimmora|Glimmora, L50, M|100/100\n|switch|p2b: Blastoise|Blastoise, L50, F|100/100\n|-weather|Snowscape|[from] ability: Snow Warning|[of] p1a: Ninetales\n|turn|1\n|inactive|Mikt has 30 seconds left.\n|\n|t:|1776732268\n|move|p1b: Raichu|Psychic Terrain|p1b: Raichu\n|-fieldstart|move: Psychic Terrain\n|move|p1a: Ninetales|Icy Wind|p2b: Blastoise|[spread] p2a,p2b\n|-resisted|p2b: Blastoise|1\n|-damage|p2a: Glimmora|82/100\n|-damage|p2b: Blastoise|93/100\n|-unboost|p2a: Glimmora|spe|1\n|-unboost|p2b: Blastoise|spe|1\n|-enditem|p2b: Blastoise|White Herb\n|-clearnegativeboost|p2b: Blastoise|[silent]\n|move|p2b: Blastoise|Shell Smash|p2b: Blastoise\n|-unboost|p2b: Blastoise|def|1\n|-unboost|p2b: Blastoise|spd|1\n|-boost|p2b: Blastoise|atk|2\n|-boost|p2b: Blastoise|spa|2\n|-boost|p2b: Blastoise|spe|2\n|move|p2a: Glimmora|Earth Power|p1b: Raichu\n|-supereffective|p1b: Raichu|1\n|-damage|p1b: Raichu|13/100\n|\n|-weather|Snowscape|[upkeep]\n|upkeep\n|turn|2\n|\n|t:|1776732291\n|move|p2b: Blastoise|Muddy Water|p1a: Ninetales|[spread] p1a,p1b\n|-damage|p1a: Ninetales|31/100\n|-damage|p1b: Raichu|0 fnt\n|faint|p1b: Raichu\n|move|p1a: Ninetales|Icy Wind|p2b: Blastoise|[spread] p2a,p2b\n|-resisted|p2b: Blastoise|1\n|-damage|p2a: Glimmora|61/100\n|-damage|p2b: Blastoise|81/100\n|-unboost|p2a: Glimmora|spe|1\n|-unboost|p2b: Blastoise|spe|1\n|move|p2a: Glimmora|Power Gem|p1a: Ninetales\n|-supereffective|p1a: Ninetales|1\n|-damage|p1a: Ninetales|0 fnt\n|faint|p1a: Ninetales\n|\n|-weather|Snowscape|[upkeep]\n|upkeep\n|\n|t:|1776732305\n|switch|p1b: Alakazam|Alakazam, L50, F|100/100\n|switch|p1a: Mr. Rime|Mr. Rime, L50, M|100/100\n|turn|3\n|\n|t:|1776732317\n|detailschange|p1b: Alakazam|Alakazam-Mega, L50, F\n|-mega|p1b: Alakazam|Alakazam|Alakazite\n|-ability|p1b: Alakazam|Toxic Debris|Trace|[from] ability: Trace|[of] p2a: Glimmora\n|move|p1b: Alakazam|Expanding Force|p2b: Blastoise|[spread] p2a,p2b\n|-supereffective|p2a: Glimmora|1\n|-damage|p2a: Glimmora|0 fnt\n|-damage|p2b: Blastoise|0 fnt\n|faint|p2a: Glimmora\n|faint|p2b: Blastoise\n|move|p1a: Mr. Rime|Expanding Force|p2: Glimmora|[notarget]\n|-fail|p1a: Mr. Rime\n|\n|-weather|Snowscape|[upkeep]\n|upkeep\n|\n|t:|1776732326\n|switch|p2a: Pelipper|Pelipper, L50, M|100/100\n|switch|p2b: Starmie|Starmie, L50|100/100\n|-weather|RainDance|[from] ability: Drizzle|[of] p2a: Pelipper\n|turn|4\n|\n|t:|1776732340\n|detailschange|p2b: Starmie|Starmie-Mega, L50\n|-mega|p2b: Starmie|Starmie|Starminite\n|move|p2a: Pelipper|Wide Guard|p2a: Pelipper\n|-singleturn|p2a: Pelipper|Wide Guard\n|move|p1b: Alakazam|Shadow Ball|p2b: Starmie\n|-supereffective|p2b: Starmie|1\n|-damage|p2b: Starmie|23/100\n|move|p2b: Starmie|Ice Spinner|p1b: Alakazam\n|-damage|p1b: Alakazam|14/100\n|-activate|p1b: Alakazam|ability: Toxic Debris\n|-sidestart|p2: Mikt|move: Toxic Spikes\n|-fieldend|move: Psychic Terrain\n|move|p1a: Mr. Rime|Expanding Force|p2a: Pelipper\n|-damage|p2a: Pelipper|43/100\n|\n|-weather|RainDance|[upkeep]\n|upkeep\n|turn|5\n|inactive|Missing Focus has 30 seconds left.\n|inactive|Mikt has 30 seconds left.\n|inactive|Missing Focus has 20 seconds left.\n|inactive|Missing Focus has 15 seconds left.\n|inactive|Missing Focus has 10 seconds left.\n|\n|t:|1776732387\n|move|p2b: Starmie|Aqua Jet|p1b: Alakazam\n|-damage|p1b: Alakazam|0 fnt\n|-activate|p1b: Alakazam|ability: Toxic Debris\n|-sidestart|p2: Mikt|move: Toxic Spikes\n|faint|p1b: Alakazam\n|move|p1a: Mr. Rime|Dazzling Gleam|p2a: Pelipper|[spread] p2a,p2b\n|-damage|p2a: Pelipper|15/100\n|-damage|p2b: Starmie|2/100\n|move|p2a: Pelipper|Hurricane|p1a: Mr. Rime\n|-damage|p1a: Mr. Rime|46/100\n|\n|-weather|RainDance|[upkeep]\n|upkeep\n|turn|6\n|c|\u2606Missing Focus|oh come on\n|c|\u2606Missing Focus|ice spinner\n|\n|t:|1776732407\n|move|p2a: Pelipper|Wide Guard|p2a: Pelipper\n|-singleturn|p2a: Pelipper|Wide Guard\n|move|p2b: Starmie|Liquidation|p1a: Mr. Rime\n|-damage|p1a: Mr. Rime|0 fnt\n|faint|p1a: Mr. Rime\n|\n|win|Mikt\n|raw|Missing Focus's rating: 1041 &rarr; <strong>1029</strong><br />(-12 for losing)\n|raw|Mikt's rating: 1133 &rarr; <strong>1152</strong><br />(+19 for winning)\n|l|\u2606Missing Focus\n|player|p1|\n",
  "uploadtime": 1776732415,
  "views": 2,
  "formatid": "gen9championsvgc2026regma",
  "rating": 1029,
  "private": 0,
  "password": null
}