{
  "id": "gen9championsvgc2026regma-2580728546",
  "format": "[Gen 9 Champions] VGC 2026 Reg M-A",
  "players": [
    "chiumma",
    "lolgz"
  ],
  "log": "|j|\u2606chiumma\n|j|\u2606lolgz\n|t:|1775927659\n|gametype|doubles\n|player|p1|chiumma|266|1121\n|player|p2|lolgz|265|1214\n|gen|9\n|tier|[Gen 9 Champions] VGC 2026 Reg M-A\n|rated|\n|rule|Species Clause: Limit one of each Pok\u00e9mon\n|rule|Item Clause: Limit 1 of each item\n|clearpoke\n|poke|p1|Dragonite, L50, M|\n|poke|p1|Orthworm, L50, F|\n|poke|p1|Pelipper, L50, F|\n|poke|p1|Garchomp, L50, F|\n|poke|p1|Basculegion, L50, M|\n|poke|p1|Sneasler, L50, M|\n|poke|p2|Charizard, L50, M|\n|poke|p2|Whimsicott, L50, F|\n|poke|p2|Dragonite, L50, F|\n|poke|p2|Farigiraf, L50, F|\n|poke|p2|Sneasler, L50, F|\n|poke|p2|Floette-Eternal, L50, F|\n|teampreview|4\n|\n|t:|1775927676\n|teamsize|p1|4\n|teamsize|p2|4\n|start\n|switch|p1a: Garchomp|Garchomp, L50, F|100/100\n|switch|p1b: Sneasler|Sneasler, L50, M|100/100\n|switch|p2a: Whimsicott|Whimsicott, L50, F|100/100\n|switch|p2b: Dragonite|Dragonite, L50, F|100/100\n|turn|1\n|\n|t:|1775927696\n|move|p2a: Whimsicott|Tailwind|p2a: Whimsicott\n|-sidestart|p2: lolgz|move: Tailwind\n|move|p2b: Dragonite|Outrage|p1b: Sneasler\n|-damage|p1b: Sneasler|0 fnt\n|faint|p1b: Sneasler\n|move|p1a: Garchomp|Rock Slide|p2b: Dragonite|[spread] p2a,p2b\n|-supereffective|p2b: Dragonite|1\n|-damage|p2a: Whimsicott|73/100\n|-damage|p2b: Dragonite|55/100\n|\n|upkeep\n|inactive|Battle timer is ON: inactive players will automatically lose when time's up. (requested by chiumma)\n|\n|t:|1775927711\n|switch|p1b: Pelipper|Pelipper, L50, F|100/100\n|-weather|RainDance|[from] ability: Drizzle|[of] p1b: Pelipper\n|turn|2\n|\n|t:|1775927716\n|move|p2a: Whimsicott|Sunny Day|p2a: Whimsicott\n|-weather|SunnyDay\n|move|p2b: Dragonite|Outrage|p1b: Pelipper|[from] lockedmove\n|-damage|p1b: Pelipper|44/100\n|-start|p2b: Dragonite|confusion|[fatigue]\n|move|p1a: Garchomp|Rock Slide|p2a: Whimsicott|[spread] p2a,p2b\n|-supereffective|p2b: Dragonite|1\n|-damage|p2a: Whimsicott|44/100\n|-damage|p2b: Dragonite|13/100\n|move|p1b: Pelipper|Tailwind|p1b: Pelipper\n|-sidestart|p1: chiumma|move: Tailwind\n|\n|-weather|SunnyDay|[upkeep]\n|upkeep\n|turn|3\n|\n|t:|1775927730\n|move|p1a: Garchomp|Rock Slide|p2a: Whimsicott|[spread] p2a,p2b\n|-supereffective|p2b: Dragonite|1\n|-damage|p2a: Whimsicott|12/100\n|-damage|p2b: Dragonite|0 fnt\n|faint|p2b: Dragonite\n|move|p2a: Whimsicott|Moonblast|p1a: Garchomp\n|-supereffective|p1a: Garchomp|1\n|-damage|p1a: Garchomp|22/100\n|move|p1b: Pelipper|Hurricane|p2a: Whimsicott|[miss]\n|-miss|p1b: Pelipper|p2a: Whimsicott\n|\n|-weather|SunnyDay|[upkeep]\n|upkeep\n|\n|t:|1775927737\n|switch|p2b: Sneasler|Sneasler, L50, F|100/100\n|turn|4\n|\n|t:|1775927753\n|move|p2b: Sneasler|Fake Out|p1a: Garchomp\n|-damage|p1a: Garchomp|4/100\n|-damage|p2b: Sneasler|88/100|[from] ability: Rough Skin|[of] p1a: Garchomp\n|cant|p1a: Garchomp|flinch\n|move|p2a: Whimsicott|Moonblast|p1b: Pelipper\n|-damage|p1b: Pelipper|0 fnt\n|faint|p1b: Pelipper\n|\n|-weather|SunnyDay|[upkeep]\n|-sideend|p2: lolgz|move: Tailwind\n|upkeep\n|\n|t:|1775927761\n|switch|p1b: Dragonite|Dragonite, L50, M|100/100\n|turn|5\n|\n|t:|1775927775\n|detailschange|p1b: Dragonite|Dragonite-Mega, L50, M\n|-mega|p1b: Dragonite|Dragonite|Dragoninite\n|move|p2a: Whimsicott|Tailwind|p2a: Whimsicott\n|-sidestart|p2: lolgz|move: Tailwind\n|move|p1a: Garchomp|Rock Slide|p2b: Sneasler|[spread] p2a,p2b\n|-resisted|p2b: Sneasler|1\n|-damage|p2a: Whimsicott|0 fnt\n|-damage|p2b: Sneasler|71/100\n|faint|p2a: Whimsicott\n|move|p2b: Sneasler|Dire Claw|p1b: Dragonite\n|-damage|p1b: Dragonite|78/100\n|move|p1b: Dragonite|Draco Meteor|p2b: Sneasler\n|-damage|p2b: Sneasler|0 fnt\n|-unboost|p1b: Dragonite|spa|2\n|faint|p2b: Sneasler\n|\n|-weather|SunnyDay|[upkeep]\n|-sideend|p1: chiumma|move: Tailwind\n|upkeep\n|\n|t:|1775927781\n|switch|p2b: Charizard|Charizard, L50, M|100/100\n|turn|6\n|\n|t:|1775927792\n|detailschange|p2b: Charizard|Charizard-Mega-Y, L50, M\n|-mega|p2b: Charizard|Charizard|Charizardite Y\n|move|p2b: Charizard|Heat Wave|p1a: Garchomp|[spread] p1a,p1b\n|-resisted|p1a: Garchomp|1\n|-resisted|p1b: Dragonite|1\n|-damage|p1a: Garchomp|0 fnt\n|-damage|p1b: Dragonite|48/100\n|faint|p1a: Garchomp\n|move|p1b: Dragonite|Thunder|p2b: Charizard|[miss]\n|-miss|p1b: Dragonite|p2b: Charizard\n|\n|-weather|none\n|upkeep\n|turn|7\n|\n|t:|1775927801\n|move|p2b: Charizard|Heat Wave|p1b: Dragonite\n|-resisted|p1b: Dragonite|1\n|-damage|p1b: Dragonite|21/100\n|move|p1b: Dragonite|Thunder|p2b: Charizard\n|-supereffective|p2b: Charizard|1\n|-damage|p2b: Charizard|58/100\n|\n|upkeep\n|turn|8\n|\n|t:|1775927807\n|move|p2b: Charizard|Heat Wave|p1b: Dragonite\n|-resisted|p1b: Dragonite|1\n|-damage|p1b: Dragonite|0 fnt\n|faint|p1b: Dragonite\n|\n|win|lolgz\n|raw|chiumma's rating: 1121 &rarr; <strong>1103</strong><br />(-18 for losing)\n|raw|lolgz's rating: 1214 &rarr; <strong>1232</strong><br />(+18 for winning)\n",
  "uploadtime": 1775927807,
  "views": 12,
  "formatid": "gen9championsvgc2026regma",
  "rating": 1103,
  "private": 0,
  "password": null
}