{
  "id": "gen9championsvgc2026regma-2581386374",
  "format": "[Gen 9 Champions] VGC 2026 Reg M-A",
  "players": [
    "zan81",
    "Lord Lorcrux"
  ],
  "log": "|j|\u2606zan81\n|j|\u2606Lord Lorcrux\n|t:|1775994812\n|gametype|doubles\n|player|p1|zan81|101|1198\n|player|p2|Lord Lorcrux|roughneck|1287\n|gen|9\n|tier|[Gen 9 Champions] VGC 2026 Reg M-A\n|rated|\n|rule|Species Clause: Limit one of each Pok\u00e9mon\n|rule|Item Clause: Limit 1 of each item\n|clearpoke\n|poke|p1|Kingambit, L50, F|\n|poke|p1|Sneasler, L50, M|\n|poke|p1|Basculegion, L50, M|\n|poke|p1|Froslass, L50, F|\n|poke|p1|Delphox, L50, F|\n|poke|p1|Whimsicott, L50, M|\n|poke|p2|Talonflame, L50, M|\n|poke|p2|Garchomp, L50, F|\n|poke|p2|Incineroar, L50, F|\n|poke|p2|Tyranitar, L50, F|\n|poke|p2|Sinistcha, L50|\n|poke|p2|Rotom-Wash, L50|\n|teampreview|4\n|inactive|Battle timer is ON: inactive players will automatically lose when time's up. (requested by zan81)\n|inactive|zan81 has 60 seconds left.\n|inactive|zan81 has 30 seconds left.\n|\n|t:|1775994874\n|teamsize|p1|4\n|teamsize|p2|4\n|start\n|switch|p1a: Whimsicott|Whimsicott, L50, M|100/100\n|switch|p1b: Froslass|Froslass, L50, F|100/100\n|switch|p2a: Talonflame|Talonflame, L50, M|100/100\n|switch|p2b: Garchomp|Garchomp, L50, F|100/100\n|turn|1\n|inactive|Lord Lorcrux has 30 seconds left.\n|inactive|Lord Lorcrux has 20 seconds left.\n|\n|t:|1775994910\n|switch|p2a: Rotom|Rotom-Wash, L50|100/100\n|detailschange|p1b: Froslass|Froslass-Mega, L50, F\n|-mega|p1b: Froslass|Froslass|Froslassite\n|-weather|Snowscape|[from] ability: Snow Warning|[of] p1b: Froslass\n|move|p1a: Whimsicott|Tailwind|p1a: Whimsicott\n|-sidestart|p1: zan81|move: Tailwind\n|move|p1b: Froslass|Blizzard|p2b: Garchomp|[spread] p2a,p2b\n|-resisted|p2a: Rotom|1\n|-supereffective|p2b: Garchomp|2\n|-damage|p2a: Rotom|78/100\n|-damage|p2b: Garchomp|0 fnt\n|faint|p2b: Garchomp\n|\n|-weather|Snowscape|[upkeep]\n|upkeep\n|\n|t:|1775994923\n|switch|p2b: Tyranitar|Tyranitar, L50, F|100/100\n|-weather|Sandstorm|[from] ability: Sand Stream|[of] p2b: Tyranitar\n|turn|2\n|\n|t:|1775994938\n|move|p1b: Froslass|Protect|p1b: Froslass\n|-singleturn|p1b: Froslass|Protect\n|move|p2b: Tyranitar|Protect|p2b: Tyranitar\n|-singleturn|p2b: Tyranitar|Protect\n|move|p1a: Whimsicott|Moonblast|p2b: Tyranitar\n|-activate|p2b: Tyranitar|move: Protect\n|move|p2a: Rotom|Electroweb|p1a: Whimsicott|[spread] p1a\n|-activate|p1b: Froslass|move: Protect\n|-resisted|p1a: Whimsicott|1\n|-damage|p1a: Whimsicott|92/100\n|-unboost|p1a: Whimsicott|spe|1\n|\n|-weather|Sandstorm|[upkeep]\n|-damage|p1b: Froslass|94/100|[from] Sandstorm\n|-damage|p1a: Whimsicott|86/100|[from] Sandstorm\n|-damage|p2a: Rotom|72/100|[from] Sandstorm\n|upkeep\n|turn|3\n|inactive|zan81 has 30 seconds left.\n|inactive|Lord Lorcrux has 30 seconds left.\n|inactive|zan81 has 20 seconds left.\n|inactive|Lord Lorcrux has 20 seconds left.\n|inactive|zan81 has 15 seconds left.\n|inactive|zan81 has 10 seconds left.\n|\n|t:|1775994983\n|switch|p1b: Sneasler|Sneasler, L50, M|100/100\n|switch|p2b: Talonflame|Talonflame, L50, M|100/100\n|move|p1a: Whimsicott|Moonblast|p2b: Talonflame\n|-resisted|p2b: Talonflame|1\n|-damage|p2b: Talonflame|79/100\n|move|p2a: Rotom|Electroweb|p1b: Sneasler|[spread] p1a,p1b\n|-resisted|p1a: Whimsicott|1\n|-damage|p1a: Whimsicott|77/100\n|-damage|p1b: Sneasler|81/100\n|-unboost|p1a: Whimsicott|spe|1\n|-unboost|p1b: Sneasler|spe|1\n|-enditem|p1b: Sneasler|White Herb\n|-clearnegativeboost|p1b: Sneasler|[silent]\n|\n|-weather|Sandstorm|[upkeep]\n|-damage|p1b: Sneasler|76/100|[from] Sandstorm\n|-damage|p2b: Talonflame|73/100|[from] Sandstorm\n|-damage|p1a: Whimsicott|71/100|[from] Sandstorm\n|-damage|p2a: Rotom|66/100|[from] Sandstorm\n|upkeep\n|turn|4\n|inactive|zan81 has 30 seconds left.\n|inactive|Lord Lorcrux has 30 seconds left.\n|\n|t:|1775995017\n|move|p2b: Talonflame|Protect|p2b: Talonflame\n|-singleturn|p2b: Talonflame|Protect\n|move|p1b: Sneasler|Dire Claw|p2b: Talonflame\n|-activate|p2b: Talonflame|move: Protect\n|move|p1a: Whimsicott|Moonblast|p2b: Talonflame\n|-activate|p2b: Talonflame|move: Protect\n|move|p2a: Rotom|Thunderbolt|p1b: Sneasler\n|-damage|p1b: Sneasler|35/100\n|\n|-weather|Sandstorm|[upkeep]\n|-damage|p1b: Sneasler|29/100|[from] Sandstorm\n|-damage|p2b: Talonflame|67/100|[from] Sandstorm\n|-damage|p1a: Whimsicott|65/100|[from] Sandstorm\n|-damage|p2a: Rotom|60/100|[from] Sandstorm\n|-sideend|p1: zan81|move: Tailwind\n|upkeep\n|turn|5\n|inactive|Lord Lorcrux has 30 seconds left.\n|\n|t:|1775995046\n|move|p1a: Whimsicott|Tailwind|p1a: Whimsicott\n|-sidestart|p1: zan81|move: Tailwind\n|move|p1b: Sneasler|Dire Claw|p2b: Talonflame\n|-damage|p2b: Talonflame|0 fnt\n|faint|p2b: Talonflame\n|move|p2a: Rotom|Electroweb|p1a: Whimsicott|[spread] p1a,p1b\n|-resisted|p1a: Whimsicott|1\n|-damage|p1a: Whimsicott|56/100\n|-damage|p1b: Sneasler|9/100\n|-unboost|p1a: Whimsicott|spe|1\n|-unboost|p1b: Sneasler|spe|1\n|\n|-weather|Sandstorm|[upkeep]\n|-damage|p1b: Sneasler|4/100|[from] Sandstorm\n|-damage|p1a: Whimsicott|50/100|[from] Sandstorm\n|-damage|p2a: Rotom|55/100|[from] Sandstorm\n|upkeep\n|\n|t:|1775995058\n|switch|p2b: Tyranitar|Tyranitar, L50, F|100/100\n|turn|6\n|\n|t:|1775995068\n|move|p2b: Tyranitar|Protect|p2b: Tyranitar\n|-singleturn|p2b: Tyranitar|Protect\n|move|p1b: Sneasler|Close Combat|p2a: Rotom\n|-damage|p2a: Rotom|0 fnt\n|-unboost|p1b: Sneasler|def|1\n|-unboost|p1b: Sneasler|spd|1\n|faint|p2a: Rotom\n|move|p1a: Whimsicott|Moonblast|p2b: Tyranitar\n|-activate|p2b: Tyranitar|move: Protect\n|\n|-weather|none\n|upkeep\n|turn|7\n|-message|Lord Lorcrux forfeited.\n|\n|win|zan81\n|raw|zan81's rating: 1198 &rarr; <strong>1229</strong><br />(+31 for winning)\n|raw|Lord Lorcrux's rating: 1287 &rarr; <strong>1256</strong><br />(-31 for losing)\n|l|\u2606Lord Lorcrux\n|player|p2|\n",
  "uploadtime": 1775995082,
  "views": 53,
  "formatid": "gen9championsvgc2026regma",
  "rating": 1229,
  "private": 0,
  "password": null
}