{
  "id": "gen9championsvgc2026regma-2584947442",
  "format": "[Gen 9 Champions] VGC 2026 Reg M-A",
  "players": [
    "Boneyard00",
    "Zapod123"
  ],
  "log": "|j|\u2606Boneyard00\n|j|\u2606Zapod123\n|t:|1776297134\n|gametype|doubles\n|player|p1|Boneyard00|acetrainer-gen4dp|1100\n|player|p2|Zapod123|101|1000\n|gen|9\n|tier|[Gen 9 Champions] VGC 2026 Reg M-A\n|rated|\n|rule|Species Clause: Limit one of each Pok\u00e9mon\n|rule|Item Clause: Limit 1 of each item\n|clearpoke\n|poke|p1|Froslass, L50, F|\n|poke|p1|Vanilluxe, L50, F|\n|poke|p1|Talonflame, L50, M|\n|poke|p1|Basculegion, L50, M|\n|poke|p1|Avalugg, L50, F|\n|poke|p1|Emboar, L50, M|\n|poke|p2|Dragapult, L50, F|\n|poke|p2|Whimsicott, L50, F|\n|poke|p2|Incineroar, L50, M|\n|poke|p2|Scizor, L50, M|\n|poke|p2|Rotom-Wash, L50|\n|poke|p2|Gengar, L50, F|\n|teampreview|4\n|inactive|Battle timer is ON: inactive players will automatically lose when time's up. (requested by Zapod123)\n|inactive|Zapod123 has 60 seconds left.\n|\n|t:|1776297177\n|teamsize|p1|4\n|teamsize|p2|4\n|start\n|switch|p1a: Froslass|Froslass, L50, F|100/100\n|switch|p1b: Winnebago|Basculegion, L50, M|100/100\n|switch|p2a: Whimsicott|Whimsicott, L50, F|100/100\n|switch|p2b: Rotom|Rotom-Wash, L50|100/100\n|turn|1\n|\n|t:|1776297192\n|detailschange|p1a: Froslass|Froslass-Mega, L50, F\n|-mega|p1a: Froslass|Froslass|Froslassite\n|-weather|Snowscape|[from] ability: Snow Warning|[of] p1a: Froslass\n|move|p2a: Whimsicott|Protect|p2a: Whimsicott\n|-singleturn|p2a: Whimsicott|Protect\n|move|p2b: Rotom|Protect|p2b: Rotom\n|-singleturn|p2b: Rotom|Protect\n|move|p1b: Winnebago|Flip Turn|p2a: Whimsicott\n|-activate|p2a: Whimsicott|move: Protect\n|move|p1a: Froslass|Aurora Veil|p1a: Froslass\n|-sidestart|p1: Boneyard00|move: Aurora Veil\n|\n|-weather|Snowscape|[upkeep]\n|upkeep\n|turn|2\n|\n|t:|1776297214\n|switch|p2b: Incineroar|Incineroar, L50, M|100/100\n|-ability|p2b: Incineroar|Intimidate|boost\n|-unboost|p1a: Froslass|atk|1\n|-unboost|p1b: Winnebago|atk|1\n|move|p2a: Whimsicott|Sunny Day|p2a: Whimsicott\n|-weather|SunnyDay\n|move|p1b: Winnebago|Flip Turn|p2b: Incineroar\n|-supereffective|p2b: Incineroar|1\n|-damage|p2b: Incineroar|75/100\n|\n|t:|1776297222\n|switch|p1b: Caribbean|Talonflame, L50, M|100/100|[from] Flip Turn\n|move|p1a: Froslass|Blizzard|p2b: Incineroar|[spread] p2b\n|-miss|p1a: Froslass|p2a: Whimsicott\n|-resisted|p2b: Incineroar|1\n|-damage|p2b: Incineroar|61/100\n|\n|-weather|SunnyDay|[upkeep]\n|upkeep\n|turn|3\n|\n|t:|1776297238\n|switch|p1a: Winnebago|Basculegion, L50, M|100/100\n|move|p2b: Incineroar|Fake Out|p1a: Winnebago\n|-immune|p1a: Winnebago\n|move|p2a: Whimsicott|Tailwind|p2a: Whimsicott\n|-sidestart|p2: Zapod123|move: Tailwind\n|move|p1b: Caribbean|Taunt|p2a: Whimsicott\n|-start|p2a: Whimsicott|move: Taunt\n|-enditem|p2a: Whimsicott|Mental Herb\n|-end|p2a: Whimsicott|move: Taunt\n|\n|-weather|SunnyDay|[upkeep]\n|upkeep\n|turn|4\n|inactive|Zapod123 has 30 seconds left.\n|\n|t:|1776297263\n|move|p2a: Whimsicott|Moonblast|p1a: Winnebago\n|-damage|p1a: Winnebago|80/100\n|move|p1a: Winnebago|Flip Turn|p2b: Incineroar\n|-supereffective|p2b: Incineroar|1\n|-damage|p2b: Incineroar|21/100\n|-enditem|p2b: Incineroar|Sitrus Berry|[eat]\n|-heal|p2b: Incineroar|46/100|[from] item: Sitrus Berry\n|\n|t:|1776297267\n|switch|p1a: Froslass|Froslass-Mega, L50, F|100/100|[from] Flip Turn\n|-weather|Snowscape|[from] ability: Snow Warning|[of] p1a: Froslass\n|move|p1b: Caribbean|Taunt|p2a: Whimsicott\n|-start|p2a: Whimsicott|move: Taunt\n|move|p2b: Incineroar|Parting Shot|p1b: Caribbean\n|-unboost|p1b: Caribbean|atk|1\n|-unboost|p1b: Caribbean|spa|1\n|\n|t:|1776297282\n|switch|p2b: Rotom|Rotom-Wash, L50|100/100|[from] Parting Shot\n|\n|-weather|Snowscape|[upkeep]\n|upkeep\n|turn|5\n|\n|t:|1776297304\n|move|p2a: Whimsicott|Moonblast|p1a: Froslass\n|-damage|p1a: Froslass|84/100\n|move|p2b: Rotom|Thunderbolt|p1b: Caribbean\n|-supereffective|p1b: Caribbean|1\n|-damage|p1b: Caribbean|46/100\n|move|p1b: Caribbean|U-turn|p2a: Whimsicott\n|-damage|p2a: Whimsicott|89/100\n|\n|t:|1776297312\n|switch|p1b: LUGGNUT|Avalugg, L50, F|100/100|[from] U-turn\n|move|p1a: Froslass|Blizzard|p2b: Rotom|[spread] p2a,p2b\n|-supereffective|p2a: Whimsicott|1\n|-resisted|p2b: Rotom|1\n|-damage|p2a: Whimsicott|0 fnt\n|-damage|p2b: Rotom|85/100\n|faint|p2a: Whimsicott\n|\n|-weather|Snowscape|[upkeep]\n|-heal|p2b: Rotom|91/100|[from] item: Leftovers\n|-sideend|p1: Boneyard00|move: Aurora Veil\n|upkeep\n|\n|t:|1776297327\n|switch|p2a: Incineroar|Incineroar, L50, M|46/100\n|-ability|p2a: Incineroar|Intimidate|boost\n|-unboost|p1a: Froslass|atk|1\n|-unboost|p1b: LUGGNUT|atk|1\n|turn|6\n|\n|t:|1776297338\n|switch|p1b: Winnebago|Basculegion, L50, M|80/100\n|move|p2b: Rotom|Will-O-Wisp|p1b: Winnebago\n|-status|p1b: Winnebago|brn\n|move|p1a: Froslass|Shadow Ball|p2b: Rotom\n|-damage|p2b: Rotom|62/100\n|move|p2a: Incineroar|Flare Blitz|p1a: Froslass\n|-supereffective|p1a: Froslass|1\n|-damage|p1a: Froslass|2/100\n|-damage|p2a: Incineroar|22/100|[from] Recoil\n|\n|-weather|Snowscape|[upkeep]\n|-heal|p2b: Rotom|68/100|[from] item: Leftovers\n|-damage|p1b: Winnebago|74/100 brn|[from] brn\n|-sideend|p2: Zapod123|move: Tailwind\n|upkeep\n|turn|7\n|inactive|Zapod123 has 30 seconds left.\n|inactive|Zapod123 has 20 seconds left.\n|inactive|Zapod123 has 15 seconds left.\n|\n|t:|1776297382\n|switch|p1a: Caribbean|Talonflame, L50, M|46/100\n|switch|p2a: Scizor|Scizor, L50, M|100/100\n|move|p1b: Winnebago|Aqua Jet|p2a: Scizor\n|-damage|p2a: Scizor|88/100\n|move|p2b: Rotom|Thunderbolt|p1b: Winnebago\n|-supereffective|p1b: Winnebago|1\n|-damage|p1b: Winnebago|0 fnt\n|faint|p1b: Winnebago\n|\n|-weather|Snowscape|[upkeep]\n|-heal|p2b: Rotom|74/100|[from] item: Leftovers\n|upkeep\n|\n|t:|1776297390\n|switch|p1b: LUGGNUT|Avalugg, L50, F|100/100\n|turn|8\n|inactive|Zapod123 has 30 seconds left.\n|inactive|Zapod123 has 20 seconds left.\n|\n|t:|1776297427\n|detailschange|p2a: Scizor|Scizor-Mega, L50, M\n|-mega|p2a: Scizor|Scizor|Scizorite\n|move|p1a: Caribbean|Flare Blitz|p2a: Scizor\n|-supereffective|p2a: Scizor|2\n|-damage|p2a: Scizor|0 fnt\n|faint|p2a: Scizor\n|-damage|p1a: Caribbean|19/100|[from] Recoil\n|move|p2b: Rotom|Thunderbolt|p1a: Caribbean\n|-supereffective|p1a: Caribbean|1\n|-damage|p1a: Caribbean|0 fnt\n|faint|p1a: Caribbean\n|move|p1b: LUGGNUT|Body Press|p2b: Rotom\n|-crit|p2b: Rotom\n|-damage|p2b: Rotom|23/100\n|\n|-weather|none\n|-heal|p2b: Rotom|29/100|[from] item: Leftovers\n|upkeep\n|\n|t:|1776297450\n|switch|p1a: Froslass|Froslass-Mega, L50, F|2/100\n|switch|p2a: Incineroar|Incineroar, L50, M|22/100\n|-weather|Snowscape|[from] ability: Snow Warning|[of] p1a: Froslass\n|-ability|p2a: Incineroar|Intimidate|boost\n|-unboost|p1a: Froslass|atk|1\n|-unboost|p1b: LUGGNUT|atk|1\n|turn|9\n|\n|t:|1776297463\n|move|p2a: Incineroar|Fake Out|p1a: Froslass\n|-immune|p1a: Froslass\n|move|p1b: LUGGNUT|Wide Guard|p1b: LUGGNUT\n|-singleturn|p1b: LUGGNUT|Wide Guard\n|move|p1a: Froslass|Destiny Bond|p1a: Froslass\n|-singlemove|p1a: Froslass|Destiny Bond\n|move|p2b: Rotom|Will-O-Wisp|p1b: LUGGNUT\n|-status|p1b: LUGGNUT|brn\n|\n|-weather|Snowscape|[upkeep]\n|-heal|p2b: Rotom|34/100|[from] item: Leftovers\n|-damage|p1b: LUGGNUT|95/100 brn|[from] brn\n|upkeep\n|turn|10\n|inactive|Zapod123 has 30 seconds left.\n|\n|t:|1776297490\n|move|p1a: Froslass|Blizzard|p2a: Incineroar|[spread] p2a,p2b\n|-resisted|p2a: Incineroar|1\n|-resisted|p2b: Rotom|1\n|-damage|p2a: Incineroar|9/100\n|-damage|p2b: Rotom|19/100\n|move|p2b: Rotom|Thunderbolt|p1a: Froslass\n|-damage|p1a: Froslass|0 fnt\n|faint|p1a: Froslass\n|move|p2a: Incineroar|Flare Blitz|p1b: LUGGNUT\n|-supereffective|p1b: LUGGNUT|1\n|-damage|p1b: LUGGNUT|56/100 brn\n|-damage|p2a: Incineroar|0 fnt|[from] Recoil\n|faint|p2a: Incineroar\n|move|p1b: LUGGNUT|Body Press|p2b: Rotom\n|-damage|p2b: Rotom|2/100\n|\n|-weather|Snowscape|[upkeep]\n|-heal|p1b: LUGGNUT|62/100 brn|[from] ability: Ice Body\n|-heal|p2b: Rotom|8/100|[from] item: Leftovers\n|-heal|p1b: LUGGNUT|68/100 brn|[from] item: Leftovers\n|-damage|p1b: LUGGNUT|62/100 brn|[from] brn\n|upkeep\n|turn|11\n|\n|t:|1776297511\n|move|p2b: Rotom|Hydro Pump|p1b: LUGGNUT\n|-damage|p1b: LUGGNUT|20/100 brn\n|move|p1b: LUGGNUT|Body Press|p2b: Rotom\n|-damage|p2b: Rotom|0 fnt\n|faint|p2b: Rotom\n|\n|win|Boneyard00\n|raw|Boneyard00's rating: 1100 &rarr; <strong>1118</strong><br />(+18 for winning)\n|raw|Zapod123's rating: 1000 &rarr; <strong>1000</strong><br />(+0 for losing)\n|c|\u2606Boneyard00|Gg\n|c|\u2606Boneyard00|The LUGGG\n",
  "uploadtime": 1776297526,
  "views": 29,
  "formatid": "gen9championsvgc2026regma",
  "rating": 1000,
  "private": 0,
  "password": null
}