{
  "id": "gen9championsvgc2026regma-2581052017",
  "format": "[Gen 9 Champions] VGC 2026 Reg M-A",
  "players": [
    "Catquach",
    "aussi3vgc"
  ],
  "log": "|j|\u2606Catquach\n|j|\u2606aussi3vgc\n|t:|1775955331\n|gametype|doubles\n|player|p1|Catquach|102|1083\n|player|p2|aussi3vgc|2|1022\n|gen|9\n|tier|[Gen 9 Champions] VGC 2026 Reg M-A\n|rated|\n|rule|Species Clause: Limit one of each Pok\u00e9mon\n|rule|Item Clause: Limit 1 of each item\n|clearpoke\n|poke|p1|Golurk, L50|\n|poke|p1|Oranguru, L50, F|\n|poke|p1|Hatterene, L50, F|\n|poke|p1|Bastiodon, L50, M|\n|poke|p1|Toxapex, L50, M|\n|poke|p1|Appletun, L50, F|\n|poke|p2|Charizard, L50, F|\n|poke|p2|Venusaur, L50, M|\n|poke|p2|Whimsicott, L50, F|\n|poke|p2|Milotic, L50, F|\n|poke|p2|Sneasler, L50, M|\n|poke|p2|Aerodactyl, L50, M|\n|teampreview|4\n|inactive|Battle timer is ON: inactive players will automatically lose when time's up. (requested by Catquach)\n|\n|t:|1775955360\n|teamsize|p1|4\n|teamsize|p2|4\n|start\n|switch|p1a: Hatterene|Hatterene, L50, F|100/100\n|switch|p1b: Oranguru|Oranguru, L50, F|100/100\n|switch|p2a: Sneasler|Sneasler, L50, M|100/100\n|switch|p2b: Milotic|Milotic, L50, F|100/100\n|turn|1\n|\n|t:|1775955374\n|move|p2a: Sneasler|Dire Claw|p1a: Hatterene\n|-supereffective|p1a: Hatterene|1\n|-damage|p1a: Hatterene|0 fnt\n|faint|p1a: Hatterene\n|move|p2b: Milotic|Scald|p1b: Oranguru\n|-damage|p1b: Oranguru|84/100\n|-status|p1b: Oranguru|brn\n|move|p1b: Oranguru|Psychic Terrain|p1b: Oranguru\n|-fieldstart|move: Psychic Terrain\n|\n|-damage|p1b: Oranguru|78/100 brn|[from] brn\n|upkeep\n|\n|t:|1775955380\n|switch|p1a: Golurk|Golurk, L50, shiny|100/100\n|turn|2\n|\n|t:|1775955392\n|move|p2a: Sneasler|Protect|p2a: Sneasler\n|-singleturn|p2a: Sneasler|Protect\n|move|p1a: Golurk|Protect|p1a: Golurk\n|-singleturn|p1a: Golurk|Protect\n|move|p2b: Milotic|Scald|p1a: Golurk\n|-activate|p1a: Golurk|move: Protect\n|move|p1b: Oranguru|Trick Room|p1b: Oranguru\n|-fieldstart|move: Trick Room|[of] p1b: Oranguru\n|\n|-damage|p1b: Oranguru|72/100 brn|[from] brn\n|upkeep\n|turn|3\n|\n|t:|1775955413\n|switch|p2a: Venusaur|Venusaur, L50, M|100/100\n|detailschange|p1a: Golurk|Golurk-Mega, L50, shiny\n|-mega|p1a: Golurk|Golurk|Golurkite\n|move|p1a: Golurk|Earthquake|p2b: Milotic|[spread] p2a,p2b\n|-activate|p1b: Oranguru|ability: Telepathy\n|-damage|p2a: Venusaur|35/100\n|-damage|p2b: Milotic|51/100\n|move|p1b: Oranguru|Instruct|p1a: Golurk\n|-singleturn|p1a: Golurk|move: Instruct|[of] p1b: Oranguru\n|move|p1a: Golurk|Earthquake|p2a: Venusaur|[spread] p2a,p2b\n|-activate|p1b: Oranguru|ability: Telepathy\n|-damage|p2a: Venusaur|0 fnt\n|-damage|p2b: Milotic|0 fnt\n|faint|p2a: Venusaur\n|faint|p2b: Milotic\n|\n|-damage|p1b: Oranguru|65/100 brn|[from] brn\n|upkeep\n|\n|t:|1775955425\n|switch|p2b: Charizard|Charizard, L50, F|100/100\n|switch|p2a: Sneasler|Sneasler, L50, M|100/100\n|turn|4\n|\n|t:|1775955440\n|move|p1a: Golurk|Protect|p1a: Golurk\n|-singleturn|p1a: Golurk|Protect\n|move|p1b: Oranguru|Expanding Force|p2a: Sneasler|[spread] p2a,p2b\n|-supereffective|p2a: Sneasler|2\n|-damage|p2a: Sneasler|0 fnt\n|-damage|p2b: Charizard|60/100\n|faint|p2a: Sneasler\n|move|p2b: Charizard|Dragon Dance|p2b: Charizard\n|-boost|p2b: Charizard|atk|1\n|-boost|p2b: Charizard|spe|1\n|\n|-damage|p1b: Oranguru|59/100 brn|[from] brn\n|upkeep\n|turn|5\n|\n|t:|1775955453\n|move|p2b: Charizard|Protect|p2b: Charizard\n|-singleturn|p2b: Charizard|Protect\n|move|p1a: Golurk|Shadow Punch|p2b: Charizard\n|-damage|p2b: Charizard|48/100\n|move|p1b: Oranguru|Instruct|p1a: Golurk\n|-singleturn|p1a: Golurk|move: Instruct|[of] p1b: Oranguru\n|move|p1a: Golurk|Shadow Punch|p2b: Charizard\n|-damage|p2b: Charizard|36/100\n|\n|-damage|p1b: Oranguru|53/100 brn|[from] brn\n|-fieldend|move: Psychic Terrain\n|upkeep\n|turn|6\n|\n|t:|1775955462\n|move|p2b: Charizard|Protect||[still]\n|-fail|p2b: Charizard\n|move|p1a: Golurk|Shadow Punch|p2b: Charizard\n|-damage|p2b: Charizard|0 fnt\n|faint|p2b: Charizard\n|\n|win|Catquach\n|raw|Catquach's rating: 1083 &rarr; <strong>1106</strong><br />(+23 for winning)\n|raw|aussi3vgc's rating: 1022 &rarr; <strong>1011</strong><br />(-11 for losing)\n|l|\u2606aussi3vgc\n|player|p2|\n",
  "uploadtime": 1775955489,
  "views": 30,
  "formatid": "gen9championsvgc2026regma",
  "rating": 1011,
  "private": 0,
  "password": null
}