{
  "id": "gen9championsvgc2026regma-2583379387",
  "format": "[Gen 9 Champions] VGC 2026 Reg M-A",
  "players": [
    "Zapdos79",
    "zadivv"
  ],
  "log": "|j|\u2606Zapdos79\n|j|\u2606zadivv\n|t:|1776171537\n|gametype|doubles\n|player|p1|Zapdos79|flannery|1137\n|player|p2|zadivv|1|1059\n|gen|9\n|tier|[Gen 9 Champions] VGC 2026 Reg M-A\n|rated|\n|rule|Species Clause: Limit one of each Pok\u00e9mon\n|rule|Item Clause: Limit 1 of each item\n|clearpoke\n|poke|p1|Tyranitar, L50, M|\n|poke|p1|Basculegion, L50, M|\n|poke|p1|Excadrill, L50, F|\n|poke|p1|Meganium, L50, M|\n|poke|p1|Farigiraf, L50, M|\n|poke|p1|Incineroar, L50, F|\n|poke|p2|Charizard, L50, M|\n|poke|p2|Venusaur, L50, F|\n|poke|p2|Gardevoir, L50, F|\n|poke|p2|Garchomp, L50, M|\n|poke|p2|Incineroar, L50, F|\n|poke|p2|Milotic, L50, F|\n|teampreview|4\n|inactive|Battle timer is ON: inactive players will automatically lose when time's up. (requested by zadivv)\n|inactive|Zapdos79 has 60 seconds left.\n|inactive|Zapdos79 has 30 seconds left.\n|inactive|Zapdos79 has 20 seconds left.\n|inactive|Zapdos79 has 15 seconds left.\n|\n|t:|1776171638\n|teamsize|p1|4\n|teamsize|p2|4\n|start\n|switch|p1a: Basculegion|Basculegion, L50, M|100/100\n|switch|p1b: Farigiraf|Farigiraf, L50, M|100/100\n|switch|p2a: Incineroar|Incineroar, L50, F|100/100\n|switch|p2b: Charizard|Charizard, L50, M|100/100\n|-ability|p2a: Incineroar|Intimidate|boost\n|-unboost|p1a: Basculegion|atk|1\n|-unboost|p1b: Farigiraf|atk|1\n|turn|1\n|inactive|zadivv has 30 seconds left.\n|inactive|zadivv has 20 seconds left.\n|inactive|zadivv has 15 seconds left.\n|\n|t:|1776171678\n|detailschange|p2b: Charizard|Charizard-Mega-Y, L50, M\n|-mega|p2b: Charizard|Charizard|Charizardite Y\n|-weather|SunnyDay|[from] ability: Drought|[of] p2b: Charizard\n|move|p1a: Basculegion|Flip Turn|p2a: Incineroar\n|-supereffective|p2a: Incineroar|1\n|-damage|p2a: Incineroar|79/100\n|\n|t:|1776171685\n|switch|p1a: Tyranitar|Tyranitar, L50, M|100/100|[from] Flip Turn\n|-weather|Sandstorm|[from] ability: Sand Stream|[of] p1a: Tyranitar\n|move|p2b: Charizard|Weather Ball|p1b: Farigiraf\n|-damage|p1b: Farigiraf|76/100\n|move|p2a: Incineroar|Throat Chop|p1b: Farigiraf\n|-supereffective|p1b: Farigiraf|1\n|-damage|p1b: Farigiraf|12/100\n|-start|p1b: Farigiraf|Throat Chop|[silent]\n|move|p1b: Farigiraf|Thunder Wave|p2b: Charizard\n|-status|p2b: Charizard|par\n|\n|-weather|Sandstorm|[upkeep]\n|-damage|p2a: Incineroar|73/100|[from] Sandstorm\n|-damage|p1b: Farigiraf|5/100|[from] Sandstorm\n|-damage|p2b: Charizard|95/100 par|[from] Sandstorm\n|upkeep\n|turn|2\n|inactive|zadivv has 30 seconds left.\n|inactive|Zapdos79 has 30 seconds left.\n|inactive|zadivv has 20 seconds left.\n|inactive|zadivv has 15 seconds left.\n|inactive|zadivv has 10 seconds left.\n|\n|t:|1776171731\n|switch|p1b: Basculegion|Basculegion, L50, M|100/100\n|switch|p2b: Milotic|Milotic, L50, F|100/100\n|move|p1a: Tyranitar|Rock Slide|p2a: Incineroar|[spread] p2a,p2b\n|-supereffective|p2a: Incineroar|1\n|-damage|p2a: Incineroar|19/100\n|-damage|p2b: Milotic|72/100\n|-enditem|p2a: Incineroar|Sitrus Berry|[eat]\n|-heal|p2a: Incineroar|44/100|[from] item: Sitrus Berry\n|move|p2a: Incineroar|Throat Chop|p1b: Basculegion\n|-supereffective|p1b: Basculegion|1\n|-damage|p1b: Basculegion|24/100\n|-start|p1b: Basculegion|Throat Chop|[silent]\n|\n|-weather|Sandstorm|[upkeep]\n|-damage|p1b: Basculegion|18/100|[from] Sandstorm\n|-damage|p2b: Milotic|66/100|[from] Sandstorm\n|-damage|p2a: Incineroar|38/100|[from] Sandstorm\n|-heal|p2b: Milotic|72/100|[from] item: Leftovers\n|upkeep\n|turn|3\n|\n|t:|1776171748\n|switch|p1a: Farigiraf|Farigiraf, L50, M|5/100\n|move|p2a: Incineroar|Helping Hand|p2b: Milotic\n|-singleturn|p2b: Milotic|Helping Hand|[of] p2a: Incineroar\n|move|p1b: Basculegion|Flip Turn|p2a: Incineroar\n|-supereffective|p2a: Incineroar|1\n|-damage|p2a: Incineroar|0 fnt\n|faint|p2a: Incineroar\n|\n|t:|1776171764\n|switch|p1b: Excadrill|Excadrill, L50, F|100/100|[from] Flip Turn\n|move|p2b: Milotic|Scald|p1a: Farigiraf\n|-damage|p1a: Farigiraf|0 fnt\n|faint|p1a: Farigiraf\n|\n|-weather|Sandstorm|[upkeep]\n|-damage|p2b: Milotic|66/100|[from] Sandstorm\n|-heal|p2b: Milotic|72/100|[from] item: Leftovers\n|upkeep\n|\n|t:|1776171787\n|switch|p2a: Gardevoir|Gardevoir, L50, F|100/100\n|switch|p1a: Basculegion|Basculegion, L50, M|18/100\n|turn|4\n|inactive|zadivv has 30 seconds left.\n|\n|t:|1776171822\n|move|p1b: Excadrill|Iron Head|p2a: Gardevoir\n|-supereffective|p2a: Gardevoir|1\n|-damage|p2a: Gardevoir|0 fnt\n|faint|p2a: Gardevoir\n|move|p1a: Basculegion|Last Respects|p2b: Milotic\n|-damage|p2b: Milotic|15/100\n|move|p2b: Milotic|Life Dew|p2b: Milotic\n|-heal|p2b: Milotic|40/100\n|\n|-weather|Sandstorm|[upkeep]\n|-damage|p1a: Basculegion|12/100|[from] Sandstorm\n|-damage|p2b: Milotic|34/100|[from] Sandstorm\n|-heal|p2b: Milotic|40/100|[from] item: Leftovers\n|upkeep\n|\n|t:|1776171828\n|switch|p2a: Charizard|Charizard-Mega-Y, L50, M|95/100 par\n|-weather|SunnyDay|[from] ability: Drought|[of] p2a: Charizard\n|turn|5\n|\n|t:|1776171844\n|move|p1a: Basculegion|Last Respects|p2b: Milotic\n|-damage|p2b: Milotic|0 fnt\n|faint|p2b: Milotic\n|move|p1b: Excadrill|Rock Slide|p2a: Charizard\n|-supereffective|p2a: Charizard|2\n|-damage|p2a: Charizard|0 fnt\n|faint|p2a: Charizard\n|\n|win|Zapdos79\n|raw|Zapdos79's rating: 1137 &rarr; <strong>1156</strong><br />(+19 for winning)\n|raw|zadivv's rating: 1059 &rarr; <strong>1044</strong><br />(-15 for losing)\n",
  "uploadtime": 1776171854,
  "views": 23,
  "formatid": "gen9championsvgc2026regma",
  "rating": 1044,
  "private": 0,
  "password": null
}