{
  "id": "gen9championsvgc2026regma-2580983453",
  "format": "[Gen 9 Champions] VGC 2026 Reg M-A",
  "players": [
    "Gghjjkkk",
    "cartaguito21"
  ],
  "log": "|j|\u2606Gghjjkkk\n|j|\u2606cartaguito21\n|t:|1775948946\n|gametype|doubles\n|player|p1|Gghjjkkk|2|1031\n|player|p2|cartaguito21|101|1110\n|gen|9\n|tier|[Gen 9 Champions] VGC 2026 Reg M-A\n|rated|\n|rule|Species Clause: Limit one of each Pok\u00e9mon\n|rule|Item Clause: Limit 1 of each item\n|clearpoke\n|poke|p1|Delphox, L50, F|\n|poke|p1|Ninetales-Alola, L50, F|\n|poke|p1|Rotom-Wash, L50|\n|poke|p1|Garchomp, L50, M|\n|poke|p1|Sneasler, L50, F|\n|poke|p1|Venusaur, L50, M|\n|poke|p2|Glimmora, L50, F|\n|poke|p2|Incineroar, L50, F|\n|poke|p2|Garchomp, L50, F|\n|poke|p2|Gyarados, L50, F|\n|poke|p2|Froslass, L50, F|\n|poke|p2|Whimsicott, L50, M|\n|teampreview|4\n|inactive|Battle timer is ON: inactive players will automatically lose when time's up. (requested by Gghjjkkk)\n|\n|t:|1775948994\n|teamsize|p1|4\n|teamsize|p2|4\n|start\n|switch|p1a: Delphox|Delphox, L50, F, shiny|100/100\n|switch|p1b: Rotom|Rotom-Wash, L50, shiny|100/100\n|switch|p2a: Glimmora|Glimmora, L50, F|100/100\n|switch|p2b: Gyarados|Gyarados, L50, F|100/100\n|-ability|p2b: Gyarados|Intimidate|boost\n|-unboost|p1a: Delphox|atk|1\n|-unboost|p1b: Rotom|atk|1\n|turn|1\n|inactive|Gghjjkkk has 30 seconds left.\n|inactive|Gghjjkkk has 20 seconds left.\n|inactive|Gghjjkkk has 15 seconds left.\n|inactive|Gghjjkkk has 10 seconds left.\n|inactive|Gghjjkkk has 5 seconds left.\n|\n|t:|1775949045\n|switch|p2b: Garchomp|Garchomp, L50, F|100/100\n|detailschange|p1a: Delphox|Delphox-Mega, L50, F, shiny\n|-mega|p1a: Delphox|Delphox|Delphoxite\n|detailschange|p2a: Glimmora|Glimmora-Mega, L50, F\n|-mega|p2a: Glimmora|Glimmora|Glimmoranite\n|move|p1a: Delphox|Protect|p1a: Delphox\n|-singleturn|p1a: Delphox|Protect\n|move|p1b: Rotom|Electroweb|p2a: Glimmora|[spread] p2a\n|-immune|p2b: Garchomp\n|-damage|p2a: Glimmora|78/100\n|-unboost|p2a: Glimmora|spe|1\n|move|p2a: Glimmora|Sludge Bomb|p1b: Rotom\n|-damage|p1b: Rotom|3/100\n|\n|upkeep\n|turn|2\n|inactive|Gghjjkkk has 30 seconds left.\n|inactive|cartaguito21 has 30 seconds left.\n|\n|t:|1775949074\n|switch|p1b: Sneasler|Sneasler, L50, F|100/100\n|move|p1a: Delphox|Nasty Plot|p1a: Delphox\n|-boost|p1a: Delphox|spa|2\n|move|p2b: Garchomp|Dragon Claw|p1b: Sneasler\n|-damage|p1b: Sneasler|27/100\n|move|p2a: Glimmora|Power Gem|p1a: Delphox\n|-supereffective|p1a: Delphox|1\n|-damage|p1a: Delphox|0 fnt\n|faint|p1a: Delphox\n|\n|upkeep\n|\n|t:|1775949096\n|switch|p1a: Ninetales|Ninetales-Alola, L50, F, shiny|100/100\n|-weather|Snowscape|[from] ability: Snow Warning|[of] p1a: Ninetales\n|turn|3\n|\n|t:|1775949105\n|switch|p2b: Gyarados|Gyarados, L50, F|100/100\n|-ability|p2b: Gyarados|Intimidate|boost\n|-unboost|p1a: Ninetales|atk|1\n|-unboost|p1b: Sneasler|atk|1\n|move|p1b: Sneasler|Fake Out|p2b: Gyarados\n|-damage|p2b: Gyarados|91/100\n|move|p1a: Ninetales|Blizzard|p2b: Gyarados|[spread] p2a,p2b\n|-crit|p2a: Glimmora\n|-crit|p2b: Gyarados\n|-damage|p2a: Glimmora|29/100\n|-damage|p2b: Gyarados|57/100\n|move|p2a: Glimmora|Sludge Bomb|p1a: Ninetales\n|-supereffective|p1a: Ninetales|1\n|-damage|p1a: Ninetales|0 fnt\n|faint|p1a: Ninetales\n|\n|-weather|Snowscape|[upkeep]\n|upkeep\n|\n|t:|1775949121\n|switch|p1a: Rotom|Rotom-Wash, L50, shiny|3/100\n|turn|4\n|\n|t:|1775949141\n|switch|p2a: Incineroar|Incineroar, L50, F|100/100\n|-ability|p2a: Incineroar|Intimidate|boost\n|-unboost|p1a: Rotom|atk|1\n|-unboost|p1b: Sneasler|atk|1\n|move|p1a: Rotom|Electroweb|p2b: Gyarados|[spread] p2a,p2b\n|-supereffective|p2b: Gyarados|2\n|-damage|p2a: Incineroar|83/100\n|-damage|p2b: Gyarados|0 fnt\n|-unboost|p2a: Incineroar|spe|1\n|faint|p2b: Gyarados\n|move|p1b: Sneasler|Dire Claw|p2a: Incineroar\n|-damage|p2a: Incineroar|63/100\n|-status|p2a: Incineroar|psn|[from] ability: Poison Touch|[of] p1b: Sneasler\n|\n|-weather|Snowscape|[upkeep]\n|-damage|p2a: Incineroar|51/100 psn|[from] psn\n|upkeep\n|\n|t:|1775949153\n|switch|p2b: Glimmora|Glimmora-Mega, L50, F|29/100\n|turn|5\n|\n|t:|1775949165\n|move|p1b: Sneasler|Protect|p1b: Sneasler\n|-singleturn|p1b: Sneasler|Protect\n|move|p2a: Incineroar|Fake Out|p1a: Rotom\n|-damage|p1a: Rotom|0 fnt\n|faint|p1a: Rotom\n|move|p2b: Glimmora|Earth Power|p1b: Sneasler\n|-activate|p1b: Sneasler|move: Protect\n|\n|-weather|Snowscape|[upkeep]\n|-damage|p2a: Incineroar|39/100 psn|[from] psn\n|upkeep\n|-enditem|p2a: Incineroar|Sitrus Berry|[eat]\n|-heal|p2a: Incineroar|63/100 psn|[from] item: Sitrus Berry\n|turn|6\n|\n|t:|1775949180\n|move|p1b: Sneasler|Close Combat|p2b: Glimmora\n|-damage|p2b: Glimmora|0 fnt\n|-unboost|p1b: Sneasler|def|1\n|-unboost|p1b: Sneasler|spd|1\n|faint|p2b: Glimmora\n|move|p2a: Incineroar|Flare Blitz|p1b: Sneasler\n|-damage|p1b: Sneasler|0 fnt\n|faint|p1b: Sneasler\n|-damage|p2a: Incineroar|56/100 psn|[from] Recoil\n|\n|win|cartaguito21\n|raw|Gghjjkkk's rating: 1031 &rarr; <strong>1020</strong><br />(-11 for losing)\n|raw|cartaguito21's rating: 1110 &rarr; <strong>1129</strong><br />(+19 for winning)\n|l|\u2606Gghjjkkk\n|player|p1|\n",
  "uploadtime": 1775949193,
  "views": 15,
  "formatid": "gen9championsvgc2026regma",
  "rating": 1020,
  "private": 0,
  "password": null
}