{
  "id": "gen9championsvgc2026regma-2586576681",
  "format": "[Gen 9 Champions] VGC 2026 Reg M-A",
  "players": [
    "tealpens2",
    "asen95"
  ],
  "log": "|j|\u2606tealpens2\n|j|\u2606asen95\n|t:|1776444304\n|gametype|doubles\n|player|p1|tealpens2|265|1104\n|player|p2|asen95|giovanni|1064\n|gen|9\n|tier|[Gen 9 Champions] VGC 2026 Reg M-A\n|rated|\n|rule|Species Clause: Limit one of each Pok\u00e9mon\n|rule|Item Clause: Limit 1 of each item\n|clearpoke\n|poke|p1|Tyranitar, L50, M|\n|poke|p1|Garchomp, L50, F|\n|poke|p1|Corviknight, L50, M|\n|poke|p1|Sneasler, L50, F|\n|poke|p1|Rotom-Wash, L50|\n|poke|p1|Sinistcha, L50|\n|poke|p2|Politoed, L50, M|\n|poke|p2|Meganium, L50, M|\n|poke|p2|Goodra-Hisui, L50, F|\n|poke|p2|Aerodactyl, L50, M|\n|poke|p2|Incineroar, L50, F|\n|poke|p2|Sneasler, L50, M|\n|teampreview|4\n|inactive|Battle timer is ON: inactive players will automatically lose when time's up. (requested by asen95)\n|inactive|tealpens2 has 60 seconds left.\n|inactive|asen95 has 60 seconds left.\n|inactive|tealpens2 has 30 seconds left.\n|\n|t:|1776444370\n|teamsize|p1|4\n|teamsize|p2|4\n|start\n|switch|p1a: Corviknight|Corviknight, L50, M|100/100\n|switch|p1b: Tyranitar|Tyranitar, L50, M|100/100\n|switch|p2a: Incineroar|Incineroar, L50, F|100/100\n|switch|p2b: Aerodactyl|Aerodactyl, L50, M, shiny|100/100\n|-ability|p2b: Aerodactyl|Pressure\n|-weather|Sandstorm|[from] ability: Sand Stream|[of] p1b: Tyranitar\n|-ability|p2a: Incineroar|Intimidate|boost\n|-ability|p1a: Corviknight|Mirror Armor\n|-unboost|p2a: Incineroar|atk|1\n|-unboost|p1b: Tyranitar|atk|1\n|turn|1\n|inactive|asen95 has 30 seconds left.\n|\n|t:|1776444398\n|move|p2a: Incineroar|Fake Out|p1b: Tyranitar\n|-resisted|p1b: Tyranitar|1\n|-damage|p1b: Tyranitar|97/100\n|move|p2b: Aerodactyl|Tailwind|p2b: Aerodactyl\n|-sidestart|p2: asen95|move: Tailwind\n|cant|p1b: Tyranitar|flinch\n|move|p1a: Corviknight|Iron Head|p2b: Aerodactyl\n|-supereffective|p2b: Aerodactyl|1\n|-enditem|p2b: Aerodactyl|Focus Sash\n|-damage|p2b: Aerodactyl|1/100\n|\n|-weather|Sandstorm|[upkeep]\n|-damage|p2a: Incineroar|95/100|[from] Sandstorm\n|upkeep\n|turn|2\n|\n|t:|1776444422\n|switch|p2b: Politoed|Politoed, L50, M|100/100\n|-weather|RainDance|[from] ability: Drizzle|[of] p2b: Politoed\n|move|p2a: Incineroar|Flare Blitz|p1a: Corviknight\n|-supereffective|p1a: Corviknight|1\n|-enditem|p1a: Corviknight|Occa Berry|[eat]\n|-enditem|p1a: Corviknight|Occa Berry|[weaken]\n|-damage|p1a: Corviknight|83/100\n|-damage|p2a: Incineroar|89/100|[from] Recoil\n|move|p1b: Tyranitar|Dragon Dance|p1b: Tyranitar\n|-boost|p1b: Tyranitar|atk|1\n|-boost|p1b: Tyranitar|spe|1\n|move|p1a: Corviknight|Tailwind|p1a: Corviknight\n|-sidestart|p1: tealpens2|move: Tailwind\n|\n|-weather|RainDance|[upkeep]\n|upkeep\n|turn|3\n|inactive|tealpens2 has 30 seconds left.\n|inactive|tealpens2 has 20 seconds left.\n|\n|t:|1776444460\n|detailschange|p1b: Tyranitar|Tyranitar-Mega, L50, M\n|-mega|p1b: Tyranitar|Tyranitar|Tyranitarite\n|-weather|Sandstorm|[from] ability: Sand Stream|[of] p1b: Tyranitar\n|move|p1b: Tyranitar|Rock Slide|p2b: Politoed|[spread] p2a,p2b\n|-supereffective|p2a: Incineroar|1\n|-damage|p2a: Incineroar|22/100\n|-damage|p2b: Politoed|66/100\n|-enditem|p2a: Incineroar|Sitrus Berry|[eat]\n|-heal|p2a: Incineroar|47/100|[from] item: Sitrus Berry\n|move|p1a: Corviknight|Brave Bird|p2a: Incineroar\n|-damage|p2a: Incineroar|0 fnt\n|faint|p2a: Incineroar\n|-damage|p1a: Corviknight|68/100|[from] Recoil\n|move|p2b: Politoed|Weather Ball|p1b: Tyranitar\n|-damage|p1b: Tyranitar|86/100\n|\n|-weather|Sandstorm|[upkeep]\n|-damage|p2b: Politoed|60/100|[from] Sandstorm\n|-heal|p2b: Politoed|66/100|[from] item: Leftovers\n|upkeep\n|\n|t:|1776444475\n|switch|p2a: Aerodactyl|Aerodactyl, L50, M, shiny|1/100\n|-ability|p2a: Aerodactyl|Pressure\n|turn|4\n|\n|t:|1776444488\n|switch|p2a: Meganium|Meganium, L50, M, shiny|100/100\n|move|p2b: Politoed|Protect|p2b: Politoed\n|-singleturn|p2b: Politoed|Protect\n|move|p1b: Tyranitar|Rock Slide|p2a: Meganium|[spread] p2a\n|-activate|p2b: Politoed|move: Protect\n|-damage|p2a: Meganium|69/100\n|move|p1a: Corviknight|Brave Bird|p2b: Politoed\n|-activate|p2b: Politoed|move: Protect\n|\n|-weather|Sandstorm|[upkeep]\n|-damage|p2a: Meganium|63/100|[from] Sandstorm\n|-damage|p2b: Politoed|60/100|[from] Sandstorm\n|-heal|p2b: Politoed|66/100|[from] item: Leftovers\n|-sideend|p2: asen95|move: Tailwind\n|upkeep\n|turn|5\n|inactive|tealpens2 has 30 seconds left.\n|inactive|asen95 has 30 seconds left.\n|\n|t:|1776444517\n|switch|p2b: Aerodactyl|Aerodactyl, L50, M, shiny|1/100\n|-ability|p2b: Aerodactyl|Pressure\n|move|p1b: Tyranitar|Dragon Dance|p1b: Tyranitar\n|-boost|p1b: Tyranitar|atk|1\n|-boost|p1b: Tyranitar|spe|1\n|move|p1a: Corviknight|Brave Bird|p2a: Meganium\n|-supereffective|p2a: Meganium|1\n|-damage|p2a: Meganium|0 fnt\n|faint|p2a: Meganium\n|-damage|p1a: Corviknight|48/100|[from] Recoil\n|\n|-weather|Sandstorm|[upkeep]\n|-sideend|p1: tealpens2|move: Tailwind\n|upkeep\n|\n|t:|1776444525\n|switch|p2a: Politoed|Politoed, L50, M|66/100\n|-weather|RainDance|[from] ability: Drizzle|[of] p2a: Politoed\n|turn|6\n|\n|t:|1776444532\n|move|p1b: Tyranitar|Rock Slide|p2a: Politoed|[spread] p2a,p2b\n|-supereffective|p2b: Aerodactyl|1\n|-damage|p2a: Politoed|16/100\n|-damage|p2b: Aerodactyl|0 fnt\n|faint|p2b: Aerodactyl\n|move|p1a: Corviknight|Tailwind|p1a: Corviknight\n|-sidestart|p1: tealpens2|move: Tailwind\n|move|p2a: Politoed|Encore|p1b: Tyranitar\n|-start|p1b: Tyranitar|Encore\n|\n|-weather|RainDance|[upkeep]\n|-heal|p2a: Politoed|22/100|[from] item: Leftovers\n|upkeep\n|turn|7\n|c|\u2606tealpens2|gg\n|c|\u2606asen95|gg\n|c|\u2606tealpens2|tyranitar has won!\n|\n|t:|1776444545\n|move|p1b: Tyranitar|Rock Slide|p2a: Politoed\n|-damage|p2a: Politoed|0 fnt\n|faint|p2a: Politoed\n|\n|win|tealpens2\n|raw|tealpens2's rating: 1104 &rarr; <strong>1126</strong><br />(+22 for winning)\n|raw|asen95's rating: 1064 &rarr; <strong>1047</strong><br />(-17 for losing)\n|c|\u2606tealpens2|2 pokemon\n|c|\u2606tealpens2|dang\n|c|\u2606asen95|*thats a gopod combo against my team\n|c|\u2606tealpens2|yeah!\n|c|\u2606tealpens2|how you gonna stop it?!\n|c|\u2606tealpens2|you cant let ddance go crazy like that haha\n|c|\u2606asen95|yeah i misclicked, was tryna get r\n",
  "uploadtime": 1776444594,
  "views": 43,
  "formatid": "gen9championsvgc2026regma",
  "rating": 1047,
  "private": 0,
  "password": null
}