{
  "id": "gen9championsvgc2026regma-2583434057",
  "format": "[Gen 9 Champions] VGC 2026 Reg M-A",
  "players": [
    "campeondelfitness",
    "pigzillla"
  ],
  "log": "|j|\u2606campeondelfitness\n|j|\u2606pigzillla\n|t:|1776175388\n|gametype|doubles\n|player|p1|campeondelfitness|swimmer|1205\n|player|p2|pigzillla|brycenman|1152\n|gen|9\n|tier|[Gen 9 Champions] VGC 2026 Reg M-A\n|rated|\n|rule|Species Clause: Limit one of each Pok\u00e9mon\n|rule|Item Clause: Limit 1 of each item\n|clearpoke\n|poke|p1|Greninja-*, L50, M|\n|poke|p1|Aerodactyl, L50, F|\n|poke|p1|Tyranitar, L50, F|\n|poke|p1|Sneasler, L50, M|\n|poke|p1|Excadrill, L50, F|\n|poke|p1|Rotom-Mow, L50|\n|poke|p2|Abomasnow, L50, M|\n|poke|p2|Aurorus, L50, M|\n|poke|p2|Sinistcha, L50|\n|poke|p2|Incineroar, L50, M|\n|poke|p2|Farigiraf, L50, M|\n|poke|p2|Ceruledge, L50, F|\n|teampreview|4\n|inactive|Battle timer is ON: inactive players will automatically lose when time's up. (requested by pigzillla)\n|inactive|campeondelfitness also wants the timer to be on.\n|inactive|campeondelfitness has 60 seconds left.\n|\n|t:|1776175443\n|teamsize|p1|4\n|teamsize|p2|4\n|start\n|switch|p1a: Rotom|Rotom-Mow, L50|100/100\n|switch|p1b: Excadrill|Excadrill, L50, F|100/100\n|switch|p2a: Ceruledge|Ceruledge, L50, F|100/100\n|switch|p2b: Abomasnow|Abomasnow, L50, M|100/100\n|-weather|Snowscape|[from] ability: Snow Warning|[of] p2b: Abomasnow\n|turn|1\n|inactive|pigzillla has 30 seconds left.\n|\n|t:|1776175472\n|detailschange|p2b: Abomasnow|Abomasnow-Mega, L50, M\n|-mega|p2b: Abomasnow|Abomasnow|Abomasite\n|move|p1a: Rotom|Volt Switch|p2b: Abomasnow\n|-resisted|p2b: Abomasnow|1\n|-damage|p2b: Abomasnow|87/100\n|\n|t:|1776175478\n|switch|p1a: Tyranitar|Tyranitar, L50, F|100/100|[from] Volt Switch\n|-weather|Sandstorm|[from] ability: Sand Stream|[of] p1a: Tyranitar\n|move|p1b: Excadrill|Iron Head|p2b: Abomasnow\n|-supereffective|p2b: Abomasnow|1\n|-damage|p2b: Abomasnow|12/100\n|move|p2a: Ceruledge|Bitter Blade|p1b: Excadrill\n|-supereffective|p1b: Excadrill|1\n|-enditem|p1b: Excadrill|Occa Berry|[eat]\n|-enditem|p1b: Excadrill|Occa Berry|[weaken]\n|-damage|p1b: Excadrill|29/100\n|move|p2b: Abomasnow|Blizzard|p1a: Tyranitar|[spread] p1b\n|-miss|p2b: Abomasnow|p1a: Tyranitar\n|-damage|p1b: Excadrill|0 fnt\n|faint|p1b: Excadrill\n|\n|-weather|Sandstorm|[upkeep]\n|-damage|p2a: Ceruledge|94/100|[from] Sandstorm\n|-damage|p2b: Abomasnow|6/100|[from] Sandstorm\n|upkeep\n|\n|t:|1776175499\n|switch|p1b: Aerodactyl|Aerodactyl, L50, F|100/100\n|turn|2\n|\n|t:|1776175512\n|switch|p2b: Incineroar|Incineroar, L50, M|100/100\n|-ability|p2b: Incineroar|Intimidate|boost\n|-unboost|p1a: Tyranitar|atk|1\n|-unboost|p1b: Aerodactyl|atk|1\n|detailschange|p1b: Aerodactyl|Aerodactyl-Mega, L50, F\n|-mega|p1b: Aerodactyl|Aerodactyl|Aerodactylite\n|move|p1a: Tyranitar|Helping Hand|p1b: Aerodactyl\n|-singleturn|p1b: Aerodactyl|Helping Hand|[of] p1a: Tyranitar\n|move|p2a: Ceruledge|Protect|p2a: Ceruledge\n|-singleturn|p2a: Ceruledge|Protect\n|move|p1b: Aerodactyl|Rock Slide|p2b: Incineroar|[spread] p2b\n|-activate|p2a: Ceruledge|move: Protect\n|-supereffective|p2b: Incineroar|1\n|-damage|p2b: Incineroar|53/100\n|\n|-weather|Sandstorm|[upkeep]\n|-damage|p2a: Ceruledge|88/100|[from] Sandstorm\n|-damage|p2b: Incineroar|47/100|[from] Sandstorm\n|upkeep\n|turn|3\n|\n|t:|1776175533\n|move|p1a: Tyranitar|Helping Hand|p1b: Aerodactyl\n|-singleturn|p1b: Aerodactyl|Helping Hand|[of] p1a: Tyranitar\n|move|p2b: Incineroar|Fake Out|p1b: Aerodactyl\n|-resisted|p1b: Aerodactyl|1\n|-damage|p1b: Aerodactyl|94/100\n|cant|p1b: Aerodactyl|flinch\n|move|p2a: Ceruledge|Close Combat|p1a: Tyranitar\n|-supereffective|p1a: Tyranitar|2\n|-enditem|p1a: Tyranitar|Focus Sash\n|-damage|p1a: Tyranitar|1/100\n|-unboost|p2a: Ceruledge|def|1\n|-unboost|p2a: Ceruledge|spd|1\n|-enditem|p2a: Ceruledge|White Herb\n|-clearnegativeboost|p2a: Ceruledge|[silent]\n|\n|-weather|Sandstorm|[upkeep]\n|-damage|p2a: Ceruledge|82/100|[from] Sandstorm\n|-damage|p2b: Incineroar|41/100|[from] Sandstorm\n|upkeep\n|turn|4\n|\n|t:|1776175555\n|move|p1a: Tyranitar|Helping Hand|p1b: Aerodactyl\n|-singleturn|p1b: Aerodactyl|Helping Hand|[of] p1a: Tyranitar\n|move|p2a: Ceruledge|Protect|p2a: Ceruledge\n|-singleturn|p2a: Ceruledge|Protect\n|move|p1b: Aerodactyl|Rock Slide|p2a: Ceruledge|[spread] p2b\n|-activate|p2a: Ceruledge|move: Protect\n|-supereffective|p2b: Incineroar|1\n|-damage|p2b: Incineroar|0 fnt\n|faint|p2b: Incineroar\n|\n|-weather|Sandstorm|[upkeep]\n|-damage|p2a: Ceruledge|76/100|[from] Sandstorm\n|upkeep\n|\n|t:|1776175563\n|switch|p2b: Farigiraf|Farigiraf, L50, M|100/100\n|turn|5\n|\n|t:|1776175579\n|move|p1a: Tyranitar|Helping Hand|p1b: Aerodactyl\n|-singleturn|p1b: Aerodactyl|Helping Hand|[of] p1a: Tyranitar\n|move|p1b: Aerodactyl|Rock Slide|p2a: Ceruledge|[spread] p2a,p2b\n|-supereffective|p2a: Ceruledge|1\n|-damage|p2a: Ceruledge|15/100\n|-damage|p2b: Farigiraf|83/100\n|cant|p2a: Ceruledge|flinch\n|move|p2b: Farigiraf|Trick Room|p2b: Farigiraf\n|-fieldstart|move: Trick Room|[of] p2b: Farigiraf\n|\n|-weather|none\n|upkeep\n|turn|6\n|inactive|campeondelfitness has 30 seconds left.\n|inactive|campeondelfitness has 20 seconds left.\n|\n|t:|1776175619\n|switch|p1b: Rotom|Rotom-Mow, L50|100/100\n|move|p1a: Tyranitar|Protect|p1a: Tyranitar\n|-singleturn|p1a: Tyranitar|Protect\n|move|p2b: Farigiraf|Hyper Voice|p1a: Tyranitar|[spread] p1b\n|-activate|p1a: Tyranitar|move: Protect\n|-damage|p1b: Rotom|69/100\n|move|p2a: Ceruledge|Bitter Blade|p1b: Rotom\n|-supereffective|p1b: Rotom|1\n|-damage|p1b: Rotom|0 fnt\n|-heal|p2a: Ceruledge|41/100|[from] drain|[of] p1b: Rotom\n|faint|p1b: Rotom\n|\n|upkeep\n|\n|t:|1776175631\n|switch|p1b: Aerodactyl|Aerodactyl-Mega, L50, F|94/100\n|turn|7\n|\n|t:|1776175649\n|move|p2b: Farigiraf|Hyper Voice|p1a: Tyranitar|[spread] p1a,p1b\n|-resisted|p1a: Tyranitar|1\n|-resisted|p1b: Aerodactyl|1\n|-damage|p1a: Tyranitar|0 fnt\n|-damage|p1b: Aerodactyl|79/100\n|faint|p1a: Tyranitar\n|move|p2a: Ceruledge|Close Combat|p1b: Aerodactyl\n|-damage|p1b: Aerodactyl|41/100\n|-unboost|p2a: Ceruledge|def|1\n|-unboost|p2a: Ceruledge|spd|1\n|move|p1b: Aerodactyl|Rock Slide|p2a: Ceruledge|[spread] p2a,p2b\n|-supereffective|p2a: Ceruledge|1\n|-damage|p2a: Ceruledge|0 fnt\n|-damage|p2b: Farigiraf|65/100\n|faint|p2a: Ceruledge\n|\n|upkeep\n|\n|t:|1776175657\n|switch|p2a: Abomasnow|Abomasnow-Mega, L50, M|6/100\n|-weather|Snowscape|[from] ability: Snow Warning|[of] p2a: Abomasnow\n|turn|8\n|\n|t:|1776175669\n|move|p1b: Aerodactyl|Protect|p1b: Aerodactyl\n|-singleturn|p1b: Aerodactyl|Protect\n|move|p2a: Abomasnow|Blizzard|p1b: Aerodactyl\n|-activate|p1b: Aerodactyl|move: Protect\n|move|p2b: Farigiraf|Hyper Voice|p1b: Aerodactyl\n|-activate|p1b: Aerodactyl|move: Protect\n|\n|-weather|Snowscape|[upkeep]\n|upkeep\n|turn|9\n|\n|t:|1776175678\n|move|p2a: Abomasnow|Blizzard|p1b: Aerodactyl\n|-supereffective|p1b: Aerodactyl|1\n|-damage|p1b: Aerodactyl|0 fnt\n|faint|p1b: Aerodactyl\n|\n|win|pigzillla\n|raw|campeondelfitness's rating: 1205 &rarr; <strong>1176</strong><br />(-29 for losing)\n|raw|pigzillla's rating: 1152 &rarr; <strong>1181</strong><br />(+29 for winning)\n",
  "uploadtime": 1776175686,
  "views": 27,
  "formatid": "gen9championsvgc2026regma",
  "rating": 1176,
  "private": 0,
  "password": null
}