{
  "id": "gen9championsvgc2026regma-2583902225",
  "format": "[Gen 9 Champions] VGC 2026 Reg M-A",
  "players": [
    "danny3693",
    "ravioliez"
  ],
  "log": "|j|\u2606danny3693\n|j|\u2606ravioliez\n|t:|1776206833\n|gametype|doubles\n|player|p1|danny3693|dawn|1134\n|player|p2|ravioliez|pokemonranger-gen6|1117\n|gen|9\n|tier|[Gen 9 Champions] VGC 2026 Reg M-A\n|rated|\n|rule|Species Clause: Limit one of each Pok\u00e9mon\n|rule|Item Clause: Limit 1 of each item\n|clearpoke\n|poke|p1|Milotic, L50, F|\n|poke|p1|Tyranitar, L50, F|\n|poke|p1|Garchomp, L50, F|\n|poke|p1|Sinistcha, L50|\n|poke|p1|Rotom-Heat, L50|\n|poke|p1|Skarmory, L50, M|\n|poke|p2|Charizard, L50, M|\n|poke|p2|Sneasler, L50, F|\n|poke|p2|Whimsicott, L50, M|\n|poke|p2|Kingambit, L50, F|\n|poke|p2|Incineroar, L50, M|\n|poke|p2|Aerodactyl, L50, M|\n|teampreview|4\n|inactive|Battle timer is ON: inactive players will automatically lose when time's up. (requested by ravioliez)\n|\n|t:|1776206887\n|teamsize|p1|4\n|teamsize|p2|4\n|start\n|switch|p1a: Tyranitar|Tyranitar, L50, F|100/100\n|switch|p1b: Milotic|Milotic, L50, F|100/100\n|switch|p2a: Nitro|Charizard, L50, M|100/100\n|switch|p2b: Bisturi|Sneasler, L50, F|100/100\n|-weather|Sandstorm|[from] ability: Sand Stream|[of] p1a: Tyranitar\n|turn|1\n|inactive|danny3693 has 30 seconds left.\n|inactive|ravioliez has 30 seconds left.\n|\n|t:|1776206922\n|detailschange|p2a: Nitro|Charizard-Mega-X, L50, M\n|-mega|p2a: Nitro|Charizard|Charizardite X\n|move|p1a: Tyranitar|Protect|p1a: Tyranitar\n|-singleturn|p1a: Tyranitar|Protect\n|move|p2b: Bisturi|Coaching|p2a: Nitro\n|-boost|p2a: Nitro|atk|1\n|-boost|p2a: Nitro|def|1\n|move|p2a: Nitro|Dragon Claw|p1a: Tyranitar\n|-activate|p1a: Tyranitar|move: Protect\n|move|p1b: Milotic|Scald|p2a: Nitro\n|-damage|p2a: Nitro|59/100\n|\n|-weather|Sandstorm|[upkeep]\n|-damage|p2b: Bisturi|95/100|[from] Sandstorm\n|-damage|p2a: Nitro|53/100|[from] Sandstorm\n|-damage|p1b: Milotic|95/100|[from] Sandstorm\n|-heal|p1b: Milotic|100/100|[from] item: Leftovers\n|upkeep\n|turn|2\n|inactive|danny3693 has 30 seconds left.\n|inactive|ravioliez has 30 seconds left.\n|\n|t:|1776206955\n|switch|p2b: Tramontina|Kingambit, L50, F|100/100\n|switch|p1a: Sinistcha|Sinistcha, L50|100/100\n|move|p2a: Nitro|Dragon Claw|p1a: Sinistcha\n|-damage|p1a: Sinistcha|35/100\n|-enditem|p1a: Sinistcha|Sitrus Berry|[eat]\n|-heal|p1a: Sinistcha|59/100|[from] item: Sitrus Berry\n|move|p1b: Milotic|Icy Wind|p2a: Nitro|[spread] p2a\n|-miss|p1b: Milotic|p2b: Tramontina\n|-damage|p2a: Nitro|39/100\n|-unboost|p2a: Nitro|spe|1\n|\n|-weather|Sandstorm|[upkeep]\n|-damage|p2a: Nitro|33/100|[from] Sandstorm\n|-damage|p1b: Milotic|95/100|[from] Sandstorm\n|-damage|p1a: Sinistcha|53/100|[from] Sandstorm\n|-heal|p1b: Milotic|100/100|[from] item: Leftovers\n|upkeep\n|turn|3\n|inactive|danny3693 has 30 seconds left.\n|inactive|ravioliez has 30 seconds left.\n|\n|t:|1776206985\n|move|p2a: Nitro|Protect|p2a: Nitro\n|-singleturn|p2a: Nitro|Protect\n|move|p1a: Sinistcha|Protect|p1a: Sinistcha\n|-singleturn|p1a: Sinistcha|Protect\n|move|p1b: Milotic|Scald|p2a: Nitro\n|-activate|p2a: Nitro|move: Protect\n|move|p2b: Tramontina|Kowtow Cleave|p1a: Sinistcha\n|-activate|p1a: Sinistcha|move: Protect\n|\n|-weather|Sandstorm|[upkeep]\n|-damage|p1b: Milotic|95/100|[from] Sandstorm\n|-damage|p2a: Nitro|27/100|[from] Sandstorm\n|-damage|p1a: Sinistcha|47/100|[from] Sandstorm\n|-heal|p1b: Milotic|100/100|[from] item: Leftovers\n|upkeep\n|turn|4\n|inactive|danny3693 has 30 seconds left.\n|inactive|ravioliez has 30 seconds left.\n|\n|t:|1776207012\n|switch|p2a: Bisturi|Sneasler, L50, F|95/100\n|switch|p1a: Tyranitar|Tyranitar, L50, F|100/100\n|move|p1b: Milotic|Scald|p2a: Bisturi\n|-damage|p2a: Bisturi|48/100\n|move|p2b: Tramontina|Kowtow Cleave|p1a: Tyranitar\n|-resisted|p1a: Tyranitar|1\n|-damage|p1a: Tyranitar|85/100\n|\n|-weather|Sandstorm|[upkeep]\n|-damage|p2a: Bisturi|43/100|[from] Sandstorm\n|-damage|p1b: Milotic|95/100|[from] Sandstorm\n|-heal|p1b: Milotic|100/100|[from] item: Leftovers\n|upkeep\n|turn|5\n|inactive|danny3693 has 30 seconds left.\n|inactive|ravioliez has 30 seconds left.\n|\n|t:|1776207043\n|detailschange|p1a: Tyranitar|Tyranitar-Mega, L50, F\n|-mega|p1a: Tyranitar|Tyranitar|Tyranitarite\n|move|p1a: Tyranitar|Protect|p1a: Tyranitar\n|-singleturn|p1a: Tyranitar|Protect\n|move|p2a: Bisturi|Close Combat|p1b: Milotic\n|-damage|p1b: Milotic|47/100\n|-unboost|p2a: Bisturi|def|1\n|-unboost|p2a: Bisturi|spd|1\n|-enditem|p2a: Bisturi|White Herb\n|-clearnegativeboost|p2a: Bisturi|[silent]\n|move|p1b: Milotic|Scald|p2a: Bisturi\n|-damage|p2a: Bisturi|0 fnt\n|faint|p2a: Bisturi\n|move|p2b: Tramontina|Kowtow Cleave|p1b: Milotic\n|-damage|p1b: Milotic|5/100\n|\n|-weather|none\n|-heal|p1b: Milotic|11/100|[from] item: Leftovers\n|upkeep\n|\n|t:|1776207064\n|switch|p2a: Mugron|Aerodactyl, L50, M|100/100\n|-ability|p2a: Mugron|Unnerve\n|turn|6\n|\n|t:|1776207080\n|switch|p1a: Sinistcha|Sinistcha, L50|47/100\n|-heal|p1b: Milotic|36/100|[from] ability: Hospitality|[of] p1a: Sinistcha\n|move|p2a: Mugron|Tailwind|p2a: Mugron\n|-sidestart|p2: ravioliez|move: Tailwind\n|move|p2b: Tramontina|Low Kick|p1a: Sinistcha\n|-immune|p1a: Sinistcha\n|move|p1b: Milotic|Recover|p1b: Milotic\n|-heal|p1b: Milotic|86/100\n|\n|-heal|p1b: Milotic|92/100|[from] item: Leftovers\n|upkeep\n|turn|7\n|\n|t:|1776207104\n|move|p2a: Mugron|Dual Wingbeat|p1a: Sinistcha\n|-supereffective|p1a: Sinistcha|1\n|-damage|p1a: Sinistcha|22/100\n|-supereffective|p1a: Sinistcha|1\n|-damage|p1a: Sinistcha|0 fnt\n|faint|p1a: Sinistcha\n|-hitcount|p1: Sinistcha|2\n|move|p2b: Tramontina|Low Kick|p1b: Milotic\n|-damage|p1b: Milotic|57/100\n|move|p1b: Milotic|Scald|p2a: Mugron\n|-supereffective|p2a: Mugron|1\n|-damage|p2a: Mugron|11/100\n|\n|-heal|p1b: Milotic|63/100|[from] item: Leftovers\n|upkeep\n|\n|t:|1776207124\n|switch|p1a: Tyranitar|Tyranitar-Mega, L50, F|85/100\n|-weather|Sandstorm|[from] ability: Sand Stream|[of] p1a: Tyranitar\n|turn|8\n|\n|t:|1776207141\n|move|p1b: Milotic|Protect|p1b: Milotic\n|-singleturn|p1b: Milotic|Protect\n|move|p1a: Tyranitar|Protect|p1a: Tyranitar\n|-singleturn|p1a: Tyranitar|Protect\n|move|p2a: Mugron|Rock Slide|p1b: Milotic|[spread] \n|-activate|p1a: Tyranitar|move: Protect\n|-activate|p1b: Milotic|move: Protect\n|move|p2b: Tramontina|Kowtow Cleave|p1b: Milotic\n|-activate|p1b: Milotic|move: Protect\n|\n|-weather|Sandstorm|[upkeep]\n|-damage|p1b: Milotic|57/100|[from] Sandstorm\n|-heal|p1b: Milotic|63/100|[from] item: Leftovers\n|upkeep\n|turn|9\n|inactive|danny3693 has 30 seconds left.\n|\n|t:|1776207169\n|move|p2a: Mugron|Protect|p2a: Mugron\n|-singleturn|p2a: Mugron|Protect\n|move|p2b: Tramontina|Low Kick|p1a: Tyranitar\n|-supereffective|p1a: Tyranitar|2\n|-damage|p1a: Tyranitar|0 fnt\n|faint|p1a: Tyranitar\n|move|p1b: Milotic|Recover|p1b: Milotic\n|-heal|p1b: Milotic|100/100\n|\n|-weather|Sandstorm|[upkeep]\n|-damage|p1b: Milotic|95/100|[from] Sandstorm\n|-heal|p1b: Milotic|100/100|[from] item: Leftovers\n|-sideend|p2: ravioliez|move: Tailwind\n|upkeep\n|\n|t:|1776207180\n|switch|p1a: Garchomp|Garchomp, L50, F|100/100\n|turn|10\n|inactive|ravioliez has 30 seconds left.\n|inactive|ravioliez has 20 seconds left.\n|\n|t:|1776207215\n|move|p2b: Tramontina|Protect|p2b: Tramontina\n|-singleturn|p2b: Tramontina|Protect\n|move|p2a: Mugron|Tailwind|p2a: Mugron\n|-sidestart|p2: ravioliez|move: Tailwind\n|move|p1a: Garchomp|Rock Slide|p2a: Mugron|[spread] p2a\n|-activate|p2b: Tramontina|move: Protect\n|-supereffective|p2a: Mugron|1\n|-damage|p2a: Mugron|0 fnt\n|faint|p2a: Mugron\n|move|p1b: Milotic|Scald|p2b: Tramontina\n|-activate|p2b: Tramontina|move: Protect\n|\n|-weather|Sandstorm|[upkeep]\n|-damage|p1b: Milotic|95/100|[from] Sandstorm\n|-heal|p1b: Milotic|100/100|[from] item: Leftovers\n|upkeep\n|\n|t:|1776207232\n|switch|p2a: Nitro|Charizard-Mega-X, L50, M|27/100\n|turn|11\n|\n|t:|1776207250\n|move|p2a: Nitro|Protect|p2a: Nitro\n|-singleturn|p2a: Nitro|Protect\n|move|p1a: Garchomp|Protect|p1a: Garchomp\n|-singleturn|p1a: Garchomp|Protect\n|move|p2b: Tramontina|Sucker Punch||[still]\n|-fail|p2b: Tramontina\n|move|p1b: Milotic|Icy Wind|p2b: Tramontina|[spread] p2b\n|-activate|p2a: Nitro|move: Protect\n|-resisted|p2b: Tramontina|1\n|-damage|p2b: Tramontina|95/100\n|-unboost|p2b: Tramontina|spe|1\n|-ability|p2b: Tramontina|Defiant|boost\n|-boost|p2b: Tramontina|atk|2\n|\n|-weather|Sandstorm|[upkeep]\n|-damage|p2a: Nitro|21/100|[from] Sandstorm\n|-damage|p1b: Milotic|95/100|[from] Sandstorm\n|-heal|p1b: Milotic|100/100|[from] item: Leftovers\n|upkeep\n|turn|12\n|inactive|danny3693 has 30 seconds left.\n|\n|t:|1776207276\n|move|p2b: Tramontina|Sucker Punch|p1a: Garchomp\n|-damage|p1a: Garchomp|20/100\n|move|p2a: Nitro|Dragon Claw|p1a: Garchomp\n|-supereffective|p1a: Garchomp|1\n|-damage|p1a: Garchomp|0 fnt\n|faint|p1a: Garchomp\n|move|p1b: Milotic|Icy Wind|p2b: Tramontina|[spread] p2a,p2b\n|-resisted|p2b: Tramontina|1\n|-damage|p2a: Nitro|6/100\n|-damage|p2b: Tramontina|89/100\n|-unboost|p2a: Nitro|spe|1\n|-unboost|p2b: Tramontina|spe|1\n|-ability|p2b: Tramontina|Defiant|boost\n|-boost|p2b: Tramontina|atk|2\n|\n|-weather|none\n|upkeep\n|turn|13\n|\n|t:|1776207293\n|move|p2b: Tramontina|Sucker Punch|p1b: Milotic\n|-damage|p1b: Milotic|0 fnt\n|faint|p1b: Milotic\n|\n|win|ravioliez\n|raw|danny3693's rating: 1134 &rarr; <strong>1108</strong><br />(-26 for losing)\n|raw|ravioliez's rating: 1117 &rarr; <strong>1143</strong><br />(+26 for winning)\n|l|\u2606danny3693\n|player|p1|\n",
  "uploadtime": 1776207300,
  "views": 20,
  "formatid": "gen9championsvgc2026regma",
  "rating": 1108,
  "private": 0,
  "password": null
}