{
  "id": "gen9championsvgc2026regma-2587038990",
  "format": "[Gen 9 Champions] VGC 2026 Reg M-A",
  "players": [
    "Vanis25",
    "gooseyj"
  ],
  "log": "|j|\u2606Vanis25\n|j|\u2606gooseyj\n|t:|1776484046\n|gametype|doubles\n|player|p1|Vanis25|aaron|1236\n|player|p2|gooseyj|iris-gen5bw2|1296\n|gen|9\n|tier|[Gen 9 Champions] VGC 2026 Reg M-A\n|rated|\n|rule|Species Clause: Limit one of each Pok\u00e9mon\n|rule|Item Clause: Limit 1 of each item\n|clearpoke\n|poke|p1|Glimmora, L50, M|\n|poke|p1|Corviknight, L50, M|\n|poke|p1|Incineroar, L50, M|\n|poke|p1|Garchomp, L50, F|\n|poke|p1|Ninetales-Alola, L50, M|\n|poke|p1|Gyarados, L50, M|\n|poke|p2|Delphox, L50, M|\n|poke|p2|Garchomp, L50, M|\n|poke|p2|Milotic, L50, M|\n|poke|p2|Kingambit, L50, F|\n|poke|p2|Skarmory, L50, F|\n|poke|p2|Rotom-Wash, L50|\n|teampreview|4\n|inactive|Battle timer is ON: inactive players will automatically lose when time's up. (requested by gooseyj)\n|j| Stagea R\n|inactive|gooseyj has 60 seconds left.\n|\n|t:|1776484101\n|teamsize|p1|4\n|teamsize|p2|4\n|start\n|switch|p1a: Corviknight|Corviknight, L50, M|100/100\n|switch|p1b: Garchomp|Garchomp, L50, F|100/100\n|switch|p2a: Milotic|Milotic, L50, M|100/100\n|switch|p2b: Rotom|Rotom-Wash, L50, shiny|100/100\n|turn|1\n|inactive|Vanis25 has 30 seconds left.\n|inactive|Vanis25 has 20 seconds left.\n|inactive|Vanis25 has 15 seconds left.\n|\n|t:|1776484143\n|switch|p1b: Ninetales|Ninetales-Alola, L50, M|100/100\n|-weather|Snowscape|[from] ability: Snow Warning|[of] p1b: Ninetales\n|move|p2a: Milotic|Icy Wind|p1a: Corviknight|[spread] p1a,p1b\n|-resisted|p1b: Ninetales|1\n|-damage|p1a: Corviknight|93/100\n|-damage|p1b: Ninetales|95/100\n|-ability|p1a: Corviknight|Mirror Armor\n|-unboost|p2a: Milotic|spe|1\n|-ability|p2a: Milotic|Competitive|boost\n|-boost|p2a: Milotic|spa|2\n|-unboost|p1b: Ninetales|spe|1\n|move|p2b: Rotom|Electroweb|p1a: Corviknight|[spread] p1a,p1b\n|-supereffective|p1a: Corviknight|1\n|-damage|p1a: Corviknight|63/100\n|-damage|p1b: Ninetales|74/100\n|-ability|p1a: Corviknight|Mirror Armor\n|-unboost|p2b: Rotom|spe|1\n|-unboost|p1b: Ninetales|spe|1\n|move|p1a: Corviknight|Bulk Up|p1a: Corviknight\n|-boost|p1a: Corviknight|atk|1\n|-boost|p1a: Corviknight|def|1\n|\n|-weather|Snowscape|[upkeep]\n|-heal|p1a: Corviknight|69/100|[from] item: Leftovers\n|upkeep\n|turn|2\n|inactive|Vanis25 has 30 seconds left.\n|inactive|gooseyj has 30 seconds left.\n|inactive|Vanis25 has 20 seconds left.\n|inactive|gooseyj has 20 seconds left.\n|\n|t:|1776484182\n|switch|p2b: Skarmory|Skarmory, L50, F|100/100\n|move|p1b: Ninetales|Aurora Veil|p1b: Ninetales\n|-sidestart|p1: Vanis25|move: Aurora Veil\n|move|p1a: Corviknight|Brave Bird|p2a: Milotic\n|-crit|p2a: Milotic\n|-damage|p2a: Milotic|39/100\n|-damage|p1a: Corviknight|50/100|[from] Recoil\n|move|p2a: Milotic|Muddy Water|p1a: Corviknight|[spread] p1a,p1b\n|-damage|p1a: Corviknight|25/100\n|-damage|p1b: Ninetales|38/100\n|-ability|p1a: Corviknight|Mirror Armor\n|-unboost|p2a: Milotic|accuracy|1\n|-ability|p2a: Milotic|Competitive|boost\n|-boost|p2a: Milotic|spa|2\n|\n|-weather|Snowscape|[upkeep]\n|-heal|p1a: Corviknight|31/100|[from] item: Leftovers\n|-heal|p2a: Milotic|45/100|[from] item: Leftovers\n|upkeep\n|turn|3\n|inactive|gooseyj has 30 seconds left.\n|\n|t:|1776484211\n|detailschange|p2b: Skarmory|Skarmory-Mega, L50, F\n|-mega|p2b: Skarmory|Skarmory|Skarmorite\n|move|p1b: Ninetales|Protect|p1b: Ninetales\n|-singleturn|p1b: Ninetales|Protect\n|move|p2a: Milotic|Protect|p2a: Milotic\n|-singleturn|p2a: Milotic|Protect\n|move|p2b: Skarmory|Tailwind|p2b: Skarmory\n|-sidestart|p2: gooseyj|move: Tailwind\n|move|p1a: Corviknight|Roost|p1a: Corviknight\n|-heal|p1a: Corviknight|81/100\n|-singleturn|p1a: Corviknight|move: Roost\n|\n|-weather|Snowscape|[upkeep]\n|-heal|p2a: Milotic|52/100|[from] item: Leftovers\n|-heal|p1a: Corviknight|87/100|[from] item: Leftovers\n|upkeep\n|turn|4\n|inactive|Vanis25 has 30 seconds left.\n|inactive|gooseyj has 30 seconds left.\n|inactive|Vanis25 has 20 seconds left.\n|inactive|Vanis25 has 15 seconds left.\n|inactive|Vanis25 has 10 seconds left.\n|inactive|Vanis25 has 5 seconds left.\n|\n|t:|1776484263\n|move|p2b: Skarmory|Iron Head|p1b: Ninetales\n|-supereffective|p1b: Ninetales|2\n|-damage|p1b: Ninetales|0 fnt\n|faint|p1b: Ninetales\n|move|p2a: Milotic|Icy Wind|p1a: Corviknight|[miss]\n|-miss|p2a: Milotic|p1a: Corviknight\n|move|p1a: Corviknight|Brave Bird|p2a: Milotic\n|-crit|p2a: Milotic\n|-damage|p2a: Milotic|0 fnt\n|faint|p2a: Milotic\n|-damage|p1a: Corviknight|72/100|[from] Recoil\n|\n|-weather|Snowscape|[upkeep]\n|-heal|p1a: Corviknight|77/100|[from] item: Leftovers\n|upkeep\n|inactive|gooseyj has 30 seconds left.\n|inactive|gooseyj has 20 seconds left.\n|inactive|gooseyj has 15 seconds left.\n|j| Avi 2007\n|inactive|gooseyj has 10 seconds left.\n|\n|t:|1776484308\n|switch|p1b: Glimmora|Glimmora, L50, M|100/100\n|switch|p2a: Rotom|Rotom-Wash, L50, shiny|100/100\n|turn|5\n|l| Avi 2007\n|j| NotTheRightTime\n|l| NotTheRightTime\n|inactive|Vanis25 has 30 seconds left.\n|inactive|Vanis25 has 20 seconds left.\n|\n|t:|1776484345\n|detailschange|p1b: Glimmora|Glimmora-Mega, L50, M\n|-mega|p1b: Glimmora|Glimmora|Glimmoranite\n|move|p2b: Skarmory|Iron Head|p1b: Glimmora\n|-supereffective|p1b: Glimmora|1\n|-damage|p1b: Glimmora|33/100\n|move|p2a: Rotom|Electroweb|p1a: Corviknight|[spread] p1a,p1b\n|-supereffective|p1a: Corviknight|1\n|-damage|p1a: Corviknight|57/100\n|-damage|p1b: Glimmora|19/100\n|-ability|p1a: Corviknight|Mirror Armor\n|-unboost|p2a: Rotom|spe|1\n|-unboost|p1b: Glimmora|spe|1\n|move|p1b: Glimmora|Sludge Bomb|p2a: Rotom\n|-damage|p2a: Rotom|36/100\n|-status|p2a: Rotom|psn\n|-enditem|p2a: Rotom|Sitrus Berry|[eat]\n|-heal|p2a: Rotom|60/100 psn|[from] item: Sitrus Berry\n|move|p1a: Corviknight|Body Press|p2a: Rotom\n|-damage|p2a: Rotom|22/100 psn\n|\n|-weather|none\n|-heal|p1a: Corviknight|63/100|[from] item: Leftovers\n|-damage|p2a: Rotom|9/100 psn|[from] psn\n|upkeep\n|turn|6\n|raw|<div class=\"broadcast-red\"><b>The server is restarting soon.</b><br />Please finish your battles quickly. No new battles can be started until the server resets in a few minutes.</div>\n|inactive|staff also wants the timer to be on.\n|raw|<div class=\"broadcast-red\"><b>Moderated chat was set to +!</b><br />Only users of rank + and higher can talk.</div>\n|c|\u2606gooseyj|bro are you cheating\n|inactive|gooseyj has 30 seconds left.\n|\n|t:|1776484379\n|move|p1b: Glimmora|Spiky Shield|p1b: Glimmora\n|-singleturn|p1b: Glimmora|move: Protect\n|move|p2b: Skarmory|Iron Head|p1b: Glimmora\n|-activate|p1b: Glimmora|move: Protect\n|-damage|p2b: Skarmory|88/100|[from] Spiky Shield|[of] p1b: Glimmora\n|move|p2a: Rotom|Will-O-Wisp|p1a: Corviknight\n|-status|p1a: Corviknight|brn\n|move|p1a: Corviknight|Bulk Up|p1a: Corviknight\n|-boost|p1a: Corviknight|atk|1\n|-boost|p1a: Corviknight|def|1\n|\n|-heal|p1a: Corviknight|69/100 brn|[from] item: Leftovers\n|-damage|p2a: Rotom|0 fnt|[from] psn\n|faint|p2a: Rotom\n|-damage|p1a: Corviknight|63/100 brn|[from] brn\n|-sideend|p2: gooseyj|move: Tailwind\n|-sideend|p1: Vanis25|move: Aurora Veil\n|upkeep\n|\n|t:|1776484397\n|switch|p2a: Kingambit|Kingambit, L50, F|100/100\n|turn|7\n|\n|t:|1776484405\n|switch|p1b: Garchomp|Garchomp, L50, F|100/100\n|move|p2a: Kingambit|Protect|p2a: Kingambit\n|-singleturn|p2a: Kingambit|Protect\n|move|p2b: Skarmory|Iron Head|p1b: Garchomp\n|-damage|p1b: Garchomp|56/100\n|-damage|p2b: Skarmory|76/100|[from] ability: Rough Skin|[of] p1b: Garchomp\n|move|p1a: Corviknight|Roost|p1a: Corviknight\n|-heal|p1a: Corviknight|100/100 brn\n|-singleturn|p1a: Corviknight|move: Roost\n|\n|-damage|p1a: Corviknight|95/100 brn|[from] brn\n|upkeep\n|turn|8\n|inactive|gooseyj has 30 seconds left.\n|\n|t:|1776484436\n|move|p2a: Kingambit|Sucker Punch|p1a: Corviknight\n|-damage|p1a: Corviknight|79/100 brn\n|move|p1b: Garchomp|Earthquake|p2b: Skarmory|[spread] p2a\n|-immune|p1a: Corviknight\n|-immune|p2b: Skarmory\n|-supereffective|p2a: Kingambit|1\n|-crit|p2a: Kingambit\n|-damage|p2a: Kingambit|1/100\n|move|p2b: Skarmory|Iron Head|p1b: Garchomp\n|-damage|p1b: Garchomp|14/100\n|-damage|p2b: Skarmory|64/100|[from] ability: Rough Skin|[of] p1b: Garchomp\n|move|p1a: Corviknight|Body Press|p2a: Kingambit\n|-supereffective|p2a: Kingambit|2\n|-damage|p2a: Kingambit|0 fnt\n|faint|p2a: Kingambit\n|\n|-heal|p1a: Corviknight|85/100 brn|[from] item: Leftovers\n|-damage|p1a: Corviknight|79/100 brn|[from] brn\n|upkeep\n|turn|9\n|\n|t:|1776484454\n|move|p1b: Garchomp|Earthquake|p2b: Skarmory|[spread] \n|-immune|p1a: Corviknight\n|-immune|p2b: Skarmory\n|move|p2b: Skarmory|Iron Head|p1b: Garchomp\n|-damage|p1b: Garchomp|0 fnt\n|-damage|p2b: Skarmory|52/100|[from] ability: Rough Skin|[of] p1b: Garchomp\n|faint|p1b: Garchomp\n|move|p1a: Corviknight|Bulk Up|p1a: Corviknight\n|-boost|p1a: Corviknight|atk|1\n|-boost|p1a: Corviknight|def|1\n|\n|-heal|p1a: Corviknight|85/100 brn|[from] item: Leftovers\n|-damage|p1a: Corviknight|79/100 brn|[from] brn\n|upkeep\n|\n|t:|1776484460\n|switch|p1b: Glimmora|Glimmora-Mega, L50, M|19/100\n|turn|10\n|\n|t:|1776484473\n|move|p2b: Skarmory|Iron Head|p1a: Corviknight\n|-resisted|p1a: Corviknight|1\n|-damage|p1a: Corviknight|72/100 brn\n|move|p1b: Glimmora|Power Gem|p2b: Skarmory\n|-damage|p2b: Skarmory|0 fnt\n|faint|p2b: Skarmory\n|\n|win|Vanis25\n|raw|Vanis25's rating: 1236 &rarr; <strong>1265</strong><br />(+29 for winning)\n|raw|gooseyj's rating: 1296 &rarr; <strong>1267</strong><br />(-29 for losing)\n|l|\u2606gooseyj\n|player|p2|\n",
  "uploadtime": 1776484488,
  "views": 44,
  "formatid": "gen9championsvgc2026regma",
  "rating": 1265,
  "private": 0,
  "password": null
}