{
  "id": "gen9championsvgc2026regma-2580953787",
  "format": "[Gen 9 Champions] VGC 2026 Reg M-A",
  "players": [
    "velho din",
    "Pablox99"
  ],
  "log": "|j|\u2606velho din\n|j|\u2606Pablox99\n|t:|1775946300\n|gametype|doubles\n|player|p1|velho din|102|1127\n|player|p2|Pablox99|2|1184\n|gen|9\n|tier|[Gen 9 Champions] VGC 2026 Reg M-A\n|rated|\n|rule|Species Clause: Limit one of each Pok\u00e9mon\n|rule|Item Clause: Limit 1 of each item\n|clearpoke\n|poke|p1|Pelipper, L50, M|\n|poke|p1|Sneasler, L50, M|\n|poke|p1|Sableye, L50, M|\n|poke|p1|Dragonite, L50, F|\n|poke|p1|Basculegion, L50, M|\n|poke|p1|Archaludon, L50, M|\n|poke|p2|Glimmora, L50, M|\n|poke|p2|Corviknight, L50, M|\n|poke|p2|Ninetales-Alola, L50, F|\n|poke|p2|Kommo-o, L50, F|\n|poke|p2|Rotom-Wash, L50|\n|poke|p2|Incineroar, L50, M|\n|teampreview|4\n|inactive|Battle timer is ON: inactive players will automatically lose when time's up. (requested by velho din)\n|\n|t:|1775946337\n|teamsize|p1|4\n|teamsize|p2|4\n|start\n|switch|p1a: Sableye|Sableye, L50, M|100/100\n|switch|p1b: Basculegion|Basculegion, L50, M|100/100\n|switch|p2a: Glimmora|Glimmora, L50, M, shiny|100/100\n|switch|p2b: Rotom|Rotom-Wash, L50|100/100\n|turn|1\n|inactive|velho din has 30 seconds left.\n|\n|t:|1775946365\n|detailschange|p2a: Glimmora|Glimmora-Mega, L50, M, shiny\n|-mega|p2a: Glimmora|Glimmora|Glimmoranite\n|move|p1a: Sableye|Rain Dance|p1a: Sableye\n|-weather|RainDance\n|move|p1b: Basculegion|Flip Turn|p2a: Glimmora\n|-supereffective|p2a: Glimmora|1\n|-damage|p2a: Glimmora|0 fnt\n|faint|p2a: Glimmora\n|\n|t:|1775946375\n|switch|p1b: Archaludon|Archaludon, L50, M|100/100|[from] Flip Turn\n|move|p2b: Rotom|Electroweb|p1a: Sableye|[spread] p1a,p1b\n|-resisted|p1b: Archaludon|1\n|-damage|p1a: Sableye|75/100\n|-damage|p1b: Archaludon|91/100\n|-unboost|p1a: Sableye|spe|1\n|-unboost|p1b: Archaludon|spe|1\n|-ability|p1b: Archaludon|Stamina|boost\n|-boost|p1b: Archaludon|def|1\n|-enditem|p1b: Archaludon|White Herb\n|-clearnegativeboost|p1b: Archaludon|[silent]\n|\n|-weather|RainDance|[upkeep]\n|-heal|p1a: Sableye|80/100|[from] item: Leftovers\n|upkeep\n|c|\u2606Pablox99|vaya peruano\n|\n|t:|1775946389\n|switch|p2a: Kommo-o|Kommo-o, L50, F|100/100\n|turn|2\n|\n|t:|1775946408\n|move|p2b: Rotom|Electroweb|p1b: Archaludon|[spread] p1a,p1b\n|-resisted|p1b: Archaludon|1\n|-damage|p1a: Sableye|54/100\n|-damage|p1b: Archaludon|82/100\n|-unboost|p1a: Sableye|spe|1\n|-unboost|p1b: Archaludon|spe|1\n|-ability|p1b: Archaludon|Stamina|boost\n|-boost|p1b: Archaludon|def|1\n|move|p2a: Kommo-o|Clangorous Soul|p2a: Kommo-o\n|-boost|p2a: Kommo-o|atk|1\n|-boost|p2a: Kommo-o|def|1\n|-boost|p2a: Kommo-o|spa|1\n|-boost|p2a: Kommo-o|spd|1\n|-boost|p2a: Kommo-o|spe|1\n|-damage|p2a: Kommo-o|68/100\n|move|p1b: Archaludon|Electro Shot||[still]\n|-prepare|p1b: Archaludon|Electro Shot\n|-boost|p1b: Archaludon|spa|1\n|-anim|p1b: Archaludon|Electro Shot|p2b: Rotom\n|-damage|p2b: Rotom|22/100\n|move|p1a: Sableye|Foul Play|p2a: Kommo-o\n|-resisted|p2a: Kommo-o|1\n|-damage|p2a: Kommo-o|53/100\n|\n|-weather|RainDance|[upkeep]\n|-heal|p2a: Kommo-o|59/100|[from] item: Leftovers\n|-heal|p1a: Sableye|60/100|[from] item: Leftovers\n|upkeep\n|turn|3\n|inactive|velho din has 30 seconds left.\n|inactive|velho din has 20 seconds left.\n|\n|t:|1775946447\n|switch|p2b: Ninetales|Ninetales-Alola, L50, F|100/100\n|-weather|Snowscape|[from] ability: Snow Warning|[of] p2b: Ninetales\n|move|p2a: Kommo-o|Clanging Scales|p1a: Sableye|[spread] p1a,p1b\n|-damage|p1a: Sableye|0 fnt\n|-damage|p1b: Archaludon|26/100\n|-ability|p1b: Archaludon|Stamina|boost\n|-boost|p1b: Archaludon|def|1\n|faint|p1a: Sableye\n|-unboost|p2a: Kommo-o|def|1\n|move|p1b: Archaludon|Draco Meteor|p2a: Kommo-o\n|-supereffective|p2a: Kommo-o|1\n|-damage|p2a: Kommo-o|0 fnt\n|-unboost|p1b: Archaludon|spa|2\n|faint|p2a: Kommo-o\n|\n|-weather|Snowscape|[upkeep]\n|upkeep\n|\n|t:|1775946472\n|switch|p2a: Rotom|Rotom-Wash, L50|22/100\n|switch|p1a: Dragonite|Dragonite, L50, F|100/100\n|turn|4\n|inactive|velho din has 30 seconds left.\n|\n|t:|1775946501\n|detailschange|p1a: Dragonite|Dragonite-Mega, L50, F\n|-mega|p1a: Dragonite|Dragonite|Dragoninite\n|move|p2a: Rotom|Volt Switch|p1a: Dragonite\n|-damage|p1a: Dragonite|87/100\n|move|p2b: Ninetales|Blizzard|p1b: Archaludon|[spread] p1a,p1b\n|-supereffective|p1a: Dragonite|2\n|-damage|p1a: Dragonite|0 fnt\n|-damage|p1b: Archaludon|0 fnt\n|faint|p1a: Dragonite\n|faint|p1b: Archaludon\n|\n|-weather|Snowscape|[upkeep]\n|upkeep\n|\n|t:|1775946515\n|switch|p1a: Basculegion|Basculegion, L50, M|100/100\n|turn|5\n|c|\u2606Pablox99|JODETE PERUNO\n|\n|t:|1775946523\n|move|p2a: Rotom|Volt Switch|p1a: Basculegion\n|-supereffective|p1a: Basculegion|1\n|-damage|p1a: Basculegion|39/100\n|move|p2b: Ninetales|Freeze-Dry|p1a: Basculegion\n|-supereffective|p1a: Basculegion|1\n|-damage|p1a: Basculegion|0 fnt\n|faint|p1a: Basculegion\n|\n|win|Pablox99\n",
  "uploadtime": 1775946519,
  "views": 9,
  "formatid": "gen9championsvgc2026regma",
  "rating": null,
  "private": 0,
  "password": null
}