{
  "id": "gen9championsvgc2026regma-2588651151",
  "format": "[Gen 9 Champions] VGC 2026 Reg M-A",
  "players": [
    "EXfactr",
    "aroswing"
  ],
  "log": "|j|\u2606EXfactr\n|j|\u2606aroswing\n|t:|1776653903\n|gametype|doubles\n|player|p1|EXfactr|266|1263\n|player|p2|aroswing|marnie|1271\n|gen|9\n|tier|[Gen 9 Champions] VGC 2026 Reg M-A\n|rated|\n|rule|Species Clause: Limit one of each Pok\u00e9mon\n|rule|Item Clause: Limit 1 of each item\n|clearpoke\n|poke|p1|Pelipper, L50, M|\n|poke|p1|Basculegion, L50, M|\n|poke|p1|Archaludon, L50, M|\n|poke|p1|Ampharos, L50, M|\n|poke|p1|Meganium, L50, F|\n|poke|p1|Zoroark-Hisui, L50, M|\n|poke|p2|Toxicroak, L50, M|\n|poke|p2|Pelipper, L50, M|\n|poke|p2|Blastoise, L50, M|\n|poke|p2|Sinistcha, L50|\n|poke|p2|Archaludon, L50, M|\n|poke|p2|Dragonite, L50, F|\n|teampreview|4\n|inactive|Battle timer is ON: inactive players will automatically lose when time's up. (requested by aroswing)\n|inactive|EXfactr has 60 seconds left.\n|inactive|aroswing has 60 seconds left.\n|\n|t:|1776653944\n|teamsize|p1|4\n|teamsize|p2|4\n|start\n|switch|p1a: Basculegion|Basculegion, L50, M|100/100\n|switch|p1b: Ampharos|Ampharos, L50, M|100/100\n|switch|p2a: Pelipper|Pelipper, L50, M|100/100\n|switch|p2b: Toxicroak|Toxicroak, L50, M|100/100\n|-weather|RainDance|[from] ability: Drizzle|[of] p2a: Pelipper\n|turn|1\n|\n|t:|1776653968\n|switch|p1b: Archaludon|Archaludon, L50, M|100/100\n|move|p2b: Toxicroak|Fake Out|p1b: Archaludon\n|-resisted|p1b: Archaludon|1\n|-damage|p1b: Archaludon|96/100\n|-ability|p1b: Archaludon|Stamina|boost\n|-boost|p1b: Archaludon|def|1\n|move|p1a: Basculegion|Wave Crash|p2b: Toxicroak\n|-immune|p2b: Toxicroak|[from] ability: Dry Skin\n|move|p2a: Pelipper|Tailwind|p2a: Pelipper\n|-sidestart|p2: aroswing|move: Tailwind\n|\n|-weather|RainDance|[upkeep]\n|-heal|p1b: Archaludon|100/100|[from] item: Leftovers\n|upkeep\n|turn|2\n|inactive|aroswing has 30 seconds left.\n|\n|t:|1776653998\n|move|p2a: Pelipper|Weather Ball|p1a: Basculegion\n|-resisted|p1a: Basculegion|1\n|-damage|p1a: Basculegion|62/100\n|move|p1a: Basculegion|Wave Crash|p2a: Pelipper\n|-resisted|p2a: Pelipper|1\n|-damage|p2a: Pelipper|22/100\n|-damage|p1a: Basculegion|44/100|[from] Recoil\n|move|p2b: Toxicroak|Close Combat|p1b: Archaludon\n|-supereffective|p1b: Archaludon|1\n|-damage|p1b: Archaludon|46/100\n|-unboost|p2b: Toxicroak|def|1\n|-unboost|p2b: Toxicroak|spd|1\n|-ability|p1b: Archaludon|Stamina|boost\n|-boost|p1b: Archaludon|def|1\n|-enditem|p2b: Toxicroak|White Herb\n|-clearnegativeboost|p2b: Toxicroak|[silent]\n|move|p1b: Archaludon|Electro Shot||[still]\n|-prepare|p1b: Archaludon|Electro Shot\n|-boost|p1b: Archaludon|spa|1\n|-anim|p1b: Archaludon|Electro Shot|p2b: Toxicroak\n|-damage|p2b: Toxicroak|17/100\n|\n|-weather|RainDance|[upkeep]\n|-heal|p2b: Toxicroak|29/100|[from] ability: Dry Skin\n|-heal|p1b: Archaludon|52/100|[from] item: Leftovers\n|upkeep\n|turn|3\n|inactive|aroswing has 30 seconds left.\n|\n|t:|1776654032\n|move|p1b: Archaludon|Protect|p1b: Archaludon\n|-singleturn|p1b: Archaludon|Protect\n|move|p2a: Pelipper|Hurricane|p1a: Basculegion\n|-damage|p1a: Basculegion|0 fnt\n|faint|p1a: Basculegion\n|move|p2b: Toxicroak|Close Combat|p1b: Archaludon\n|-activate|p1b: Archaludon|move: Protect\n|\n|-weather|RainDance|[upkeep]\n|-heal|p2b: Toxicroak|41/100|[from] ability: Dry Skin\n|-heal|p1b: Archaludon|58/100|[from] item: Leftovers\n|upkeep\n|\n|t:|1776654041\n|switch|p1a: Ampharos|Ampharos, L50, M|100/100\n|turn|4\n|\n|t:|1776654059\n|switch|p1b: Pelipper|Pelipper, L50, M|100/100\n|detailschange|p1a: Ampharos|Ampharos-Mega, L50, M\n|-mega|p1a: Ampharos|Ampharos|Ampharosite\n|-ability|p1a: Ampharos|Mold Breaker\n|move|p2a: Pelipper|Hurricane|p1b: Pelipper\n|-damage|p1b: Pelipper|43/100\n|move|p2b: Toxicroak|Close Combat|p1b: Pelipper\n|-resisted|p1b: Pelipper|1\n|-damage|p1b: Pelipper|14/100\n|-unboost|p2b: Toxicroak|def|1\n|-unboost|p2b: Toxicroak|spd|1\n|move|p1a: Ampharos|Thunder|p2b: Toxicroak\n|-damage|p2b: Toxicroak|0 fnt\n|faint|p2b: Toxicroak\n|\n|-weather|RainDance|[upkeep]\n|-sideend|p2: aroswing|move: Tailwind\n|upkeep\n|\n|t:|1776654076\n|switch|p2b: Archaludon|Archaludon, L50, M|100/100\n|turn|5\n|\n|t:|1776654099\n|move|p1a: Ampharos|Protect|p1a: Ampharos\n|-singleturn|p1a: Ampharos|Protect\n|move|p2b: Archaludon|Electro Shot||[still]\n|-prepare|p2b: Archaludon|Electro Shot\n|-boost|p2b: Archaludon|spa|1\n|-anim|p2b: Archaludon|Electro Shot|p1b: Pelipper\n|-supereffective|p1b: Pelipper|2\n|-damage|p1b: Pelipper|0 fnt\n|faint|p1b: Pelipper\n|move|p2a: Pelipper|Tailwind|p2a: Pelipper\n|-sidestart|p2: aroswing|move: Tailwind\n|\n|-weather|none\n|upkeep\n|\n|t:|1776654105\n|switch|p1b: Archaludon|Archaludon, L50, M|58/100\n|turn|6\n|\n|t:|1776654115\n|switch|p2a: Blastoise|Blastoise, L50, M|100/100\n|move|p2b: Archaludon|Draco Meteor|p1a: Ampharos\n|-supereffective|p1a: Ampharos|1\n|-damage|p1a: Ampharos|0 fnt\n|-unboost|p2b: Archaludon|spa|2\n|faint|p1a: Ampharos\n|move|p1b: Archaludon|Dragon Pulse|p2b: Archaludon\n|-damage|p2b: Archaludon|41/100\n|-enditem|p2b: Archaludon|Sitrus Berry|[eat]\n|-heal|p2b: Archaludon|66/100|[from] item: Sitrus Berry\n|\n|-heal|p1b: Archaludon|64/100|[from] item: Leftovers\n|upkeep\n|turn|7\n|-message|EXfactr forfeited.\n|\n|win|aroswing\n|raw|EXfactr's rating: 1263 &rarr; <strong>1239</strong><br />(-24 for losing)\n|raw|aroswing's rating: 1271 &rarr; <strong>1295</strong><br />(+24 for winning)\n|l|\u2606EXfactr\n|player|p1|\n",
  "uploadtime": 1776654129,
  "views": 8,
  "formatid": "gen9championsvgc2026regma",
  "rating": 1239,
  "private": 0,
  "password": null
}