{
  "id": "gen9championsvgc2026regma-2586778013",
  "format": "[Gen 9 Champions] VGC 2026 Reg M-A",
  "players": [
    "luckymoon1220",
    "helo hru"
  ],
  "log": "|j|\u2606luckymoon1220\n|j|\u2606helo hru\n|t:|1776459146\n|gametype|doubles\n|player|p1|luckymoon1220|richboy-gen4|1000\n|player|p2|helo hru|unknownf|1024\n|gen|9\n|tier|[Gen 9 Champions] VGC 2026 Reg M-A\n|rated|\n|rule|Species Clause: Limit one of each Pok\u00e9mon\n|rule|Item Clause: Limit 1 of each item\n|clearpoke\n|poke|p1|Sneasler, L50, F|\n|poke|p1|Corviknight, L50, M|\n|poke|p1|Milotic, L50, F|\n|poke|p1|Whimsicott, L50, F|\n|poke|p1|Chandelure, L50, M|\n|poke|p1|Absol, L50, M|\n|poke|p2|Slowbro, L50, F|\n|poke|p2|Kangaskhan, L50, F|\n|poke|p2|Meowstic, L50, M|\n|poke|p2|Greninja-*, L50, M|\n|poke|p2|Aerodactyl, L50, M|\n|poke|p2|Abomasnow, L50, F|\n|teampreview|4\n|\n|t:|1776459182\n|teamsize|p1|4\n|teamsize|p2|4\n|start\n|switch|p1a: Whimsicott|Whimsicott, L50, F|100/100\n|switch|p1b: Chandelure|Chandelure, L50, M|100/100\n|switch|p2a: Snoded DIRB|Aerodactyl, L50, M|100/100\n|switch|p2b: Abomasnow|Abomasnow, L50, F|100/100\n|-ability|p2a: Snoded DIRB|Unnerve\n|-weather|Snowscape|[from] ability: Snow Warning|[of] p2b: Abomasnow\n|turn|1\n|\n|t:|1776459198\n|detailschange|p1b: Chandelure|Chandelure-Mega, L50, M\n|-mega|p1b: Chandelure|Chandelure|Chandelurite\n|move|p2b: Abomasnow|Protect|p2b: Abomasnow\n|-singleturn|p2b: Abomasnow|Protect\n|move|p1a: Whimsicott|Tailwind|p1a: Whimsicott\n|-sidestart|p1: luckymoon1220|move: Tailwind\n|move|p1b: Chandelure|Heat Wave|p2b: Abomasnow|[spread] p2a\n|-activate|p2b: Abomasnow|move: Protect\n|-resisted|p2a: Snoded DIRB|1\n|-damage|p2a: Snoded DIRB|61/100\n|move|p2a: Snoded DIRB|Rock Slide|p1b: Chandelure|[spread] p1a,p1b\n|-supereffective|p1b: Chandelure|1\n|-damage|p1a: Whimsicott|65/100\n|-damage|p1b: Chandelure|50/100\n|\n|-weather|Snowscape|[upkeep]\n|upkeep\n|turn|2\n|\n|t:|1776459232\n|move|p2a: Snoded DIRB|Protect|p2a: Snoded DIRB\n|-singleturn|p2a: Snoded DIRB|Protect\n|move|p1a: Whimsicott|Moonblast|p2a: Snoded DIRB\n|-activate|p2a: Snoded DIRB|move: Protect\n|move|p1b: Chandelure|Heat Wave|p2b: Abomasnow|[spread] \n|-activate|p2a: Snoded DIRB|move: Protect\n|-miss|p1b: Chandelure|p2b: Abomasnow\n|move|p2b: Abomasnow|Aurora Veil|p2b: Abomasnow\n|-sidestart|p2: helo hru|move: Aurora Veil\n|\n|-weather|Snowscape|[upkeep]\n|upkeep\n|turn|3\n|\n|t:|1776459257\n|detailschange|p2a: Snoded DIRB|Aerodactyl-Mega, L50, M\n|-mega|p2a: Snoded DIRB|Aerodactyl|Aerodactylite\n|move|p1a: Whimsicott|Moonblast|p2a: Snoded DIRB\n|-crit|p2a: Snoded DIRB\n|-damage|p2a: Snoded DIRB|0 fnt\n|faint|p2a: Snoded DIRB\n|move|p1b: Chandelure|Heat Wave|p2b: Abomasnow\n|-supereffective|p2b: Abomasnow|2\n|-damage|p2b: Abomasnow|0 fnt\n|faint|p2b: Abomasnow\n|\n|-weather|Snowscape|[upkeep]\n|upkeep\n|\n|t:|1776459266\n|switch|p2a: Greninja|Greninja, L50, M|100/100\n|switch|p2b: Meowstic|Meowstic, L50, M|100/100\n|turn|4\n|\n|t:|1776459284\n|move|p2b: Meowstic|Psychic Terrain|p2b: Meowstic\n|-fieldstart|move: Psychic Terrain\n|move|p1a: Whimsicott|Moonblast|p2a: Greninja\n|-supereffective|p2a: Greninja|1\n|-damage|p2a: Greninja|30/100\n|move|p1b: Chandelure|Shadow Ball|p2b: Meowstic\n|-supereffective|p2b: Meowstic|1\n|-damage|p2b: Meowstic|0 fnt\n|faint|p2b: Meowstic\n|move|p2a: Greninja|Dark Pulse|p1b: Chandelure\n|-start|p2a: Greninja|typechange|Dark|[from] ability: Protean\n|-supereffective|p1b: Chandelure|1\n|-damage|p1b: Chandelure|0 fnt\n|faint|p1b: Chandelure\n|\n|-weather|Snowscape|[upkeep]\n|-sideend|p1: luckymoon1220|move: Tailwind\n|upkeep\n|\n|t:|1776459304\n|switch|p1b: Sneasler|Sneasler, L50, F|100/100\n|turn|5\n|\n|t:|1776459310\n|move|p1b: Sneasler|Fake Out|p2a: Greninja\n|-activate|p2a: Greninja|move: Psychic Terrain\n|move|p2a: Greninja|Water Shuriken|p1b: Sneasler\n|-activate|p1b: Sneasler|move: Psychic Terrain\n|move|p1a: Whimsicott|Moonblast|p2a: Greninja\n|-supereffective|p2a: Greninja|1\n|-damage|p2a: Greninja|0 fnt\n|faint|p2a: Greninja\n|\n|win|luckymoon1220\n|raw|luckymoon1220's rating: 1000 &rarr; <strong>1043</strong><br />(+43 for winning)\n|raw|helo hru's rating: 1024 &rarr; <strong>1009</strong><br />(-15 for losing)\n|l|\u2606luckymoon1220\n|player|p1|\n",
  "uploadtime": 1776459323,
  "views": 34,
  "formatid": "gen9championsvgc2026regma",
  "rating": 1009,
  "private": 0,
  "password": null
}