{
  "id": "gen9championsvgc2026regma-2588493365",
  "format": "[Gen 9 Champions] VGC 2026 Reg M-A",
  "players": [
    "WalkEmDownM0rt",
    "Krisuerte"
  ],
  "log": "|j|\u2606WalkEmDownM0rt\n|j|\u2606Krisuerte\n|t:|1776638527\n|gametype|doubles\n|player|p1|WalkEmDownM0rt|boarder|1476\n|player|p2|Krisuerte|170|1492\n|gen|9\n|tier|[Gen 9 Champions] VGC 2026 Reg M-A\n|rated|\n|rule|Species Clause: Limit one of each Pok\u00e9mon\n|rule|Item Clause: Limit 1 of each item\n|clearpoke\n|poke|p1|Froslass, L50, F|\n|poke|p1|Delphox, L50, F|\n|poke|p1|Basculegion, L50, M|\n|poke|p1|Kingambit, L50, M|\n|poke|p1|Garchomp, L50, M|\n|poke|p1|Sneasler, L50, F|\n|poke|p2|Archaludon, L50, F|\n|poke|p2|Feraligatr, L50, F|\n|poke|p2|Pelipper, L50, F|\n|poke|p2|Scizor, L50, F|\n|poke|p2|Sneasler, L50, F|\n|poke|p2|Sinistcha-Masterpiece, L50|\n|teampreview|4\n|\n|t:|1776638550\n|teamsize|p1|4\n|teamsize|p2|4\n|start\n|switch|p1a: Froslass|Froslass, L50, F|100/100\n|switch|p1b: Sneasler|Sneasler, L50, F|100/100\n|switch|p2a: Pelipper|Pelipper, L50, F|100/100\n|switch|p2b: Archaludon|Archaludon, L50, F|100/100\n|-weather|RainDance|[from] ability: Drizzle|[of] p2a: Pelipper\n|turn|1\n|\n|t:|1776638564\n|detailschange|p1a: Froslass|Froslass-Mega, L50, F\n|-mega|p1a: Froslass|Froslass|Froslassite\n|-weather|Snowscape|[from] ability: Snow Warning|[of] p1a: Froslass\n|move|p1b: Sneasler|Close Combat|p2a: Pelipper\n|-resisted|p2a: Pelipper|1\n|-damage|p2a: Pelipper|52/100\n|-unboost|p1b: Sneasler|def|1\n|-unboost|p1b: Sneasler|spd|1\n|move|p1a: Froslass|Blizzard|p2a: Pelipper|[spread] p2a,p2b\n|-damage|p2a: Pelipper|0 fnt\n|-damage|p2b: Archaludon|56/100\n|-ability|p2b: Archaludon|Stamina|boost\n|-boost|p2b: Archaludon|def|1\n|faint|p2a: Pelipper\n|move|p2b: Archaludon|Flash Cannon|p1a: Froslass\n|-supereffective|p1a: Froslass|1\n|-damage|p1a: Froslass|25/100\n|\n|-weather|Snowscape|[upkeep]\n|-heal|p2b: Archaludon|62/100|[from] item: Leftovers\n|upkeep\n|\n|t:|1776638584\n|switch|p2a: Scizor|Scizor, L50, F|100/100\n|turn|2\n|\n|t:|1776638589\n|move|p1a: Froslass|Protect|p1a: Froslass\n|-singleturn|p1a: Froslass|Protect\n|move|p2b: Archaludon|Protect|p2b: Archaludon\n|-singleturn|p2b: Archaludon|Protect\n|move|p1b: Sneasler|Close Combat|p2b: Archaludon\n|-activate|p2b: Archaludon|move: Protect\n|move|p2a: Scizor|Swords Dance|p2a: Scizor\n|-boost|p2a: Scizor|atk|2\n|\n|-weather|Snowscape|[upkeep]\n|-heal|p2b: Archaludon|69/100|[from] item: Leftovers\n|upkeep\n|turn|3\n|\n|t:|1776638614\n|switch|p1a: Kingambit|Kingambit, L50, M|100/100\n|move|p2a: Scizor|Bullet Punch|p1b: Sneasler\n|-enditem|p1b: Sneasler|Focus Sash\n|-damage|p1b: Sneasler|1/100\n|move|p1b: Sneasler|Close Combat|p2b: Archaludon\n|-supereffective|p2b: Archaludon|1\n|-damage|p2b: Archaludon|4/100\n|-unboost|p1b: Sneasler|def|1\n|-unboost|p1b: Sneasler|spd|1\n|-ability|p2b: Archaludon|Stamina|boost\n|-boost|p2b: Archaludon|def|1\n|move|p2b: Archaludon|Flash Cannon|p1a: Kingambit\n|-resisted|p1a: Kingambit|1\n|-damage|p1a: Kingambit|83/100\n|\n|-weather|Snowscape|[upkeep]\n|-heal|p2b: Archaludon|10/100|[from] item: Leftovers\n|upkeep\n|turn|4\n|\n|t:|1776638667\n|move|p2a: Scizor|Bullet Punch|p1b: Sneasler\n|-damage|p1b: Sneasler|0 fnt\n|faint|p1b: Sneasler\n|move|p2b: Archaludon|Flash Cannon|p1a: Kingambit\n|-resisted|p1a: Kingambit|1\n|-damage|p1a: Kingambit|64/100\n|move|p1a: Kingambit|Low Kick|p2a: Scizor\n|-damage|p2a: Scizor|64/100\n|\n|-weather|Snowscape|[upkeep]\n|-heal|p2b: Archaludon|16/100|[from] item: Leftovers\n|upkeep\n|\n|t:|1776638675\n|switch|p1b: Basculegion|Basculegion, L50, M|100/100\n|turn|5\n|\n|t:|1776638692\n|move|p2a: Scizor|Protect|p2a: Scizor\n|-singleturn|p2a: Scizor|Protect\n|move|p2b: Archaludon|Draco Meteor|p1b: Basculegion\n|-damage|p1b: Basculegion|42/100\n|-unboost|p2b: Archaludon|spa|2\n|-enditem|p1b: Basculegion|Sitrus Berry|[eat]\n|-heal|p1b: Basculegion|67/100|[from] item: Sitrus Berry\n|move|p1b: Basculegion|Last Respects|p2a: Scizor\n|-activate|p2a: Scizor|move: Protect\n|move|p1a: Kingambit|Low Kick|p2a: Scizor\n|-activate|p2a: Scizor|move: Protect\n|\n|-weather|none\n|-heal|p2b: Archaludon|22/100|[from] item: Leftovers\n|upkeep\n|turn|6\n|j| GentleH\n|\n|t:|1776638729\n|move|p2b: Archaludon|Draco Meteor|p1b: Basculegion\n|-damage|p1b: Basculegion|34/100\n|-unboost|p2b: Archaludon|spa|2\n|move|p1b: Basculegion|Last Respects|p2a: Scizor\n|-damage|p2a: Scizor|0 fnt\n|faint|p2a: Scizor\n|move|p1a: Kingambit|Low Kick|p2b: Archaludon\n|-supereffective|p2b: Archaludon|1\n|-damage|p2b: Archaludon|2/100\n|-ability|p2b: Archaludon|Stamina|boost\n|-boost|p2b: Archaludon|def|1\n|\n|-heal|p2b: Archaludon|8/100|[from] item: Leftovers\n|upkeep\n|\n|t:|1776638745\n|switch|p2a: Feraligatr|Feraligatr, L50, F|100/100\n|turn|7\n|\n|t:|1776638774\n|detailschange|p2a: Feraligatr|Feraligatr-Mega, L50, F\n|-mega|p2a: Feraligatr|Feraligatr|Feraligite\n|move|p1b: Basculegion|Protect|p1b: Basculegion\n|-singleturn|p1b: Basculegion|Protect\n|move|p1a: Kingambit|Sucker Punch|p2b: Archaludon\n|-damage|p2b: Archaludon|0 fnt\n|faint|p2b: Archaludon\n|move|p2a: Feraligatr|Waterfall|p1a: Kingambit\n|-damage|p1a: Kingambit|26/100\n|\n|upkeep\n|turn|8\n|l| GentleH\n|\n|t:|1776638791\n|move|p1b: Basculegion|Last Respects|p2a: Feraligatr\n|-damage|p2a: Feraligatr|44/100\n|move|p2a: Feraligatr|Double-Edge|p1b: Basculegion\n|-damage|p1b: Basculegion|0 fnt\n|faint|p1b: Basculegion\n|-damage|p2a: Feraligatr|32/100|[from] Recoil\n|move|p1a: Kingambit|Kowtow Cleave|p2a: Feraligatr\n|-damage|p2a: Feraligatr|0 fnt\n|faint|p2a: Feraligatr\n|\n|win|WalkEmDownM0rt\n|raw|WalkEmDownM0rt's rating: 1476 &rarr; <strong>1497</strong><br />(+21 for winning)\n|raw|Krisuerte's rating: 1492 &rarr; <strong>1471</strong><br />(-21 for losing)\n|l|\u2606WalkEmDownM0rt\n|player|p1|\n|l|\u2606Krisuerte\n|player|p2|\n",
  "uploadtime": 1776640287,
  "views": 12,
  "formatid": "gen9championsvgc2026regma",
  "rating": 1471,
  "private": 0,
  "password": null
}