{
  "id": "gen9championsvgc2026regma-2587602870",
  "format": "[Gen 9 Champions] VGC 2026 Reg M-A",
  "players": [
    "CanaryKill",
    "HawaiiCookieCo"
  ],
  "log": "|j|\u2606CanaryKill\n|j|\u2606HawaiiCookieCo\n|t:|1776546074\n|gametype|doubles\n|player|p1|CanaryKill|101|1203\n|player|p2|HawaiiCookieCo|swimmer-gen4dp|1213\n|gen|9\n|tier|[Gen 9 Champions] VGC 2026 Reg M-A\n|rated|\n|rule|Species Clause: Limit one of each Pok\u00e9mon\n|rule|Item Clause: Limit 1 of each item\n|clearpoke\n|poke|p1|Volcarona, L50, F|\n|poke|p1|Floette-Eternal, L50, F|\n|poke|p1|Whimsicott, L50, F|\n|poke|p1|Sneasler, L50, M|\n|poke|p1|Sinistcha, L50|\n|poke|p1|Tyranitar, L50, F|\n|poke|p2|Delphox, L50, M|\n|poke|p2|Maushold, L50|\n|poke|p2|Tsareena, L50, F|\n|poke|p2|Basculegion, L50, M|\n|poke|p2|Dragonite, L50, M|\n|poke|p2|Mimikyu, L50, F|\n|teampreview|4\n|inactive|Battle timer is ON: inactive players will automatically lose when time's up. (requested by HawaiiCookieCo)\n|inactive|CanaryKill also wants the timer to be on.\n|\n|t:|1776546099\n|teamsize|p1|4\n|teamsize|p2|4\n|start\n|switch|p1a: Tyranitar|Tyranitar, L50, F|100/100\n|switch|p1b: Floette|Floette-Eternal, L50, F|100/100\n|switch|p2a: Delphox|Delphox, L50, M|100/100\n|switch|p2b: Maushold|Maushold, L50|100/100\n|-weather|Sandstorm|[from] ability: Sand Stream|[of] p1a: Tyranitar\n|turn|1\n|\n|t:|1776546115\n|detailschange|p1b: Floette|Floette-Mega, L50, F\n|-mega|p1b: Floette|Floette|Floettite\n|-ability|p1b: Floette|Fairy Aura\n|move|p2a: Delphox|Protect|p2a: Delphox\n|-singleturn|p2a: Delphox|Protect\n|move|p1b: Floette|Calm Mind|p1b: Floette\n|-boost|p1b: Floette|spa|1\n|-boost|p1b: Floette|spd|1\n|move|p2b: Maushold|Super Fang|p1b: Floette\n|-damage|p1b: Floette|51/100\n|move|p1a: Tyranitar|Stone Edge|p2a: Delphox\n|-activate|p2a: Delphox|move: Protect\n|\n|-weather|Sandstorm|[upkeep]\n|-damage|p2a: Delphox|95/100|[from] Sandstorm\n|-damage|p1b: Floette|45/100|[from] Sandstorm\n|-damage|p2b: Maushold|94/100|[from] Sandstorm\n|upkeep\n|turn|2\n|inactive|CanaryKill has 30 seconds left.\n|\n|t:|1776546144\n|detailschange|p2a: Delphox|Delphox-Mega, L50, M\n|-mega|p2a: Delphox|Delphox|Delphoxite\n|move|p2b: Maushold|Follow Me|p2b: Maushold\n|-singleturn|p2b: Maushold|move: Follow Me\n|move|p2a: Delphox|Encore|p1b: Floette\n|-start|p1b: Floette|Encore\n|move|p1b: Floette|Calm Mind|p1b: Floette\n|-boost|p1b: Floette|spa|1\n|-boost|p1b: Floette|spd|1\n|move|p1a: Tyranitar|Stone Edge|p2b: Maushold\n|-damage|p2b: Maushold|41/100\n|\n|-weather|Sandstorm|[upkeep]\n|-damage|p2a: Delphox|89/100|[from] Sandstorm\n|-damage|p1b: Floette|39/100|[from] Sandstorm\n|-damage|p2b: Maushold|35/100|[from] Sandstorm\n|upkeep\n|turn|3\n|\n|t:|1776546161\n|switch|p2a: Basculegion|Basculegion, L50, M|100/100\n|move|p1b: Floette|Calm Mind|p1b: Floette\n|-boost|p1b: Floette|spa|1\n|-boost|p1b: Floette|spd|1\n|move|p2b: Maushold|Super Fang|p1a: Tyranitar\n|-damage|p1a: Tyranitar|51/100\n|move|p1a: Tyranitar|Stone Edge|p2a: Basculegion\n|-damage|p2a: Basculegion|40/100\n|\n|-weather|Sandstorm|[upkeep]\n|-damage|p2a: Basculegion|34/100|[from] Sandstorm\n|-damage|p1b: Floette|33/100|[from] Sandstorm\n|-damage|p2b: Maushold|29/100|[from] Sandstorm\n|upkeep\n|turn|4\n|\n|t:|1776546182\n|switch|p1a: Sinistcha|Sinistcha, L50|100/100\n|-heal|p1b: Floette|58/100|[from] ability: Hospitality|[of] p1a: Sinistcha\n|move|p2b: Maushold|Protect|p2b: Maushold\n|-singleturn|p2b: Maushold|Protect\n|move|p2a: Basculegion|Wave Crash|p1b: Floette\n|-damage|p1b: Floette|0 fnt\n|faint|p1b: Floette\n|-damage|p2a: Basculegion|20/100|[from] Recoil\n|\n|-weather|Sandstorm|[upkeep]\n|-damage|p2a: Basculegion|14/100|[from] Sandstorm\n|-damage|p2b: Maushold|23/100|[from] Sandstorm\n|-damage|p1a: Sinistcha|94/100|[from] Sandstorm\n|upkeep\n|\n|t:|1776546194\n|switch|p1b: Tyranitar|Tyranitar, L50, F|51/100\n|turn|5\n|\n|t:|1776546216\n|switch|p2a: Dragonite|Dragonite, L50, M|100/100\n|switch|p1b: Whimsicott|Whimsicott, L50, F|100/100\n|move|p2b: Maushold|Protect||[still]\n|-fail|p2b: Maushold\n|move|p1a: Sinistcha|Matcha Gotcha|p2b: Maushold|[spread] p2a,p2b\n|-resisted|p2a: Dragonite|2\n|-damage|p2a: Dragonite|96/100\n|-heal|p1a: Sinistcha|97/100|[from] drain|[of] p2a: Dragonite\n|-damage|p2b: Maushold|0 fnt\n|-heal|p1a: Sinistcha|100/100|[from] drain|[of] p2b: Maushold\n|faint|p2b: Maushold\n|\n|-weather|none\n|upkeep\n|\n|t:|1776546231\n|switch|p2b: Delphox|Delphox-Mega, L50, M|89/100\n|turn|6\n|\n|t:|1776546242\n|move|p2a: Dragonite|Extreme Speed|p1b: Whimsicott\n|-damage|p1b: Whimsicott|55/100\n|move|p1b: Whimsicott|Tailwind|p1b: Whimsicott\n|-sidestart|p1: CanaryKill|move: Tailwind\n|move|p2b: Delphox|Heat Wave|p1b: Whimsicott|[spread] p1a,p1b\n|-supereffective|p1a: Sinistcha|1\n|-supereffective|p1b: Whimsicott|1\n|-damage|p1a: Sinistcha|0 fnt\n|-damage|p1b: Whimsicott|0 fnt\n|faint|p1a: Sinistcha\n|faint|p1b: Whimsicott\n|\n|upkeep\n|\n|t:|1776546252\n|switch|p1b: Tyranitar|Tyranitar, L50, F|51/100\n|-weather|Sandstorm|[from] ability: Sand Stream|[of] p1b: Tyranitar\n|turn|7\n|\n|t:|1776546260\n|move|p2b: Delphox|Protect|p2b: Delphox\n|-singleturn|p2b: Delphox|Protect\n|move|p2a: Dragonite|Protect|p2a: Dragonite\n|-singleturn|p2a: Dragonite|Protect\n|move|p1b: Tyranitar|Stone Edge|p2b: Delphox\n|-activate|p2b: Delphox|move: Protect\n|\n|-weather|Sandstorm|[upkeep]\n|-damage|p2b: Delphox|83/100|[from] Sandstorm\n|-damage|p2a: Dragonite|91/100|[from] Sandstorm\n|upkeep\n|turn|8\n|\n|t:|1776546281\n|move|p1b: Tyranitar|Stone Edge|p2b: Delphox|[miss]\n|-miss|p1b: Tyranitar|p2b: Delphox\n|move|p2b: Delphox|Heat Wave|p1b: Tyranitar\n|-resisted|p1b: Tyranitar|1\n|-damage|p1b: Tyranitar|32/100\n|move|p2a: Dragonite|Superpower|p1b: Tyranitar\n|-supereffective|p1b: Tyranitar|2\n|-damage|p1b: Tyranitar|0 fnt\n|-unboost|p2a: Dragonite|atk|1\n|-unboost|p2a: Dragonite|def|1\n|faint|p1b: Tyranitar\n|\n|win|HawaiiCookieCo\n|raw|CanaryKill's rating: 1203 &rarr; <strong>1179</strong><br />(-24 for losing)\n|raw|HawaiiCookieCo's rating: 1213 &rarr; <strong>1237</strong><br />(+24 for winning)\n|l|\u2606CanaryKill\n|player|p1|\n",
  "uploadtime": 1776546296,
  "views": 22,
  "formatid": "gen9championsvgc2026regma",
  "rating": 1179,
  "private": 0,
  "password": null
}