{
  "id": "gen9championsvgc2026regma-2581272174",
  "format": "[Gen 9 Champions] VGC 2026 Reg M-A",
  "players": [
    "1thousandwings",
    "yamede\u86c7\u5982"
  ],
  "log": "|j|\u26061thousandwings\n|j|\u2606yamede\u86c7\u5982\n|t:|1775979464\n|gametype|doubles\n|player|p1|1thousandwings|youngcouple-gen4dp|1314\n|player|p2|yamede\u86c7\u5982|265|1404\n|gen|9\n|tier|[Gen 9 Champions] VGC 2026 Reg M-A\n|rated|\n|rule|Species Clause: Limit one of each Pok\u00e9mon\n|rule|Item Clause: Limit 1 of each item\n|clearpoke\n|poke|p1|Delphox, L50, F|\n|poke|p1|Garchomp, L50, M|\n|poke|p1|Whimsicott, L50, M|\n|poke|p1|Rotom-Wash, L50|\n|poke|p1|Incineroar, L50, M|\n|poke|p1|Kingambit, L50, F|\n|poke|p2|Tyranitar, L50, M|\n|poke|p2|Milotic, L50, F|\n|poke|p2|Excadrill, L50, M|\n|poke|p2|Gardevoir, L50, F|\n|poke|p2|Incineroar, L50, M|\n|poke|p2|Sinistcha, L50|\n|teampreview|4\n|inactive|Battle timer is ON: inactive players will automatically lose when time's up. (requested by yamede\u86c7\u5982)\n|j| gE1xjZRtuhW2DdT0AK\n|inactive|yamede\u86c7\u5982 has 60 seconds left.\n|\n|t:|1775979513\n|teamsize|p1|4\n|teamsize|p2|4\n|start\n|switch|p1a: Garchomp|Garchomp, L50, M|100/100\n|switch|p1b: Whimsicott|Whimsicott, L50, M|100/100\n|switch|p2a: Milotic|Milotic, L50, F, shiny|100/100\n|switch|p2b: Gardevoir|Gardevoir, L50, F|100/100\n|-ability|p2b: Gardevoir|Rough Skin|Trace|[from] ability: Trace|[of] p1a: Garchomp\n|turn|1\n|inactive|1thousandwings has 30 seconds left.\n|\n|t:|1775979543\n|switch|p2b: Incineroar|Incineroar, L50, M|100/100\n|-ability|p2b: Incineroar|Intimidate|boost\n|-unboost|p1a: Garchomp|atk|1\n|-unboost|p1b: Whimsicott|atk|1\n|move|p1a: Garchomp|Protect|p1a: Garchomp\n|-singleturn|p1a: Garchomp|Protect\n|move|p1b: Whimsicott|Tailwind|p1b: Whimsicott\n|-sidestart|p1: 1thousandwings|move: Tailwind\n|move|p2a: Milotic|Coil|p2a: Milotic\n|-boost|p2a: Milotic|atk|1\n|-boost|p2a: Milotic|def|1\n|-boost|p2a: Milotic|accuracy|1\n|\n|upkeep\n|turn|2\n|inactive|yamede\u86c7\u5982 has 30 seconds left.\n|\n|t:|1775979575\n|switch|p1b: Rotom|Rotom-Wash, L50|100/100\n|detailschange|p1a: Garchomp|Garchomp-Mega, L50, M\n|-mega|p1a: Garchomp|Garchomp|Garchompite\n|move|p2b: Incineroar|Fake Out|p1b: Rotom\n|-damage|p1b: Rotom|86/100\n|move|p1a: Garchomp|Earthquake|p2a: Milotic|[spread] p2a,p2b\n|-immune|p1b: Rotom|[from] ability: Levitate\n|-supereffective|p2b: Incineroar|1\n|-damage|p2a: Milotic|81/100\n|-damage|p2b: Incineroar|52/100\n|move|p2a: Milotic|Hypnosis|p1a: Garchomp\n|-status|p1a: Garchomp|slp|[from] move: Hypnosis\n|\n|-heal|p2a: Milotic|87/100|[from] item: Leftovers\n|upkeep\n|turn|3\n|\n|t:|1775979598\n|move|p1b: Rotom|Discharge|p2b: Incineroar|[spread] p2a,p2b\n|-immune|p1a: Garchomp\n|-supereffective|p2a: Milotic|1\n|-damage|p2a: Milotic|53/100\n|-damage|p2b: Incineroar|25/100\n|-status|p2a: Milotic|par\n|cant|p1a: Garchomp|slp\n|move|p2b: Incineroar|Parting Shot|p1b: Rotom\n|-unboost|p1b: Rotom|atk|1\n|-unboost|p1b: Rotom|spa|1\n|\n|t:|1775979610\n|switch|p2b: Sinistcha|Sinistcha, L50|100/100|[from] Parting Shot\n|-heal|p2a: Milotic|78/100 par|[from] ability: Hospitality|[of] p2b: Sinistcha\n|cant|p2a: Milotic|par\n|\n|-heal|p2a: Milotic|84/100 par|[from] item: Leftovers\n|upkeep\n|turn|4\n|\n|t:|1775979618\n|switch|p1b: Incineroar|Incineroar, L50, M|100/100\n|-ability|p1b: Incineroar|Intimidate|boost\n|-unboost|p2a: Milotic|atk|1\n|-ability|p2a: Milotic|Competitive|boost\n|-boost|p2a: Milotic|spa|2\n|-unboost|p2b: Sinistcha|atk|1\n|cant|p1a: Garchomp|slp\n|move|p2b: Sinistcha|Matcha Gotcha|p1b: Incineroar|[spread] p1a,p1b\n|-resisted|p1b: Incineroar|1\n|-damage|p1a: Garchomp|78/100 slp\n|-damage|p1b: Incineroar|89/100\n|move|p2a: Milotic|Hypnosis|p1b: Incineroar|[miss]\n|-miss|p2a: Milotic|p1b: Incineroar\n|\n|-heal|p2a: Milotic|90/100 par|[from] item: Leftovers\n|-sideend|p1: 1thousandwings|move: Tailwind\n|upkeep\n|turn|5\n|inactive|yamede\u86c7\u5982 has 30 seconds left.\n|\n|t:|1775979649\n|switch|p2b: Incineroar|Incineroar, L50, M|25/100\n|-ability|p2b: Incineroar|Intimidate|boost\n|-unboost|p1a: Garchomp|atk|1\n|-unboost|p1b: Incineroar|atk|1\n|move|p1b: Incineroar|Fake Out|p2a: Milotic\n|-damage|p2a: Milotic|84/100 par\n|-curestatus|p1a: Garchomp|slp|[msg]\n|move|p1a: Garchomp|Dragon Claw|p2a: Milotic\n|-damage|p2a: Milotic|67/100 par\n|cant|p2a: Milotic|flinch\n|\n|-heal|p2a: Milotic|73/100 par|[from] item: Leftovers\n|upkeep\n|turn|6\n|inactive|1thousandwings has 30 seconds left.\n|inactive|yamede\u86c7\u5982 has 30 seconds left.\n|inactive|yamede\u86c7\u5982 has 20 seconds left.\n|inactive|yamede\u86c7\u5982 has 15 seconds left.\n|inactive|yamede\u86c7\u5982 has 10 seconds left.\n|inactive|yamede\u86c7\u5982 has 5 seconds left.\n|\n|t:|1775979699\n|switch|p2b: Sinistcha|Sinistcha, L50|100/100\n|-heal|p2a: Milotic|98/100 par|[from] ability: Hospitality|[of] p2b: Sinistcha\n|switch|p1b: Rotom|Rotom-Wash, L50|86/100\n|move|p1a: Garchomp|Rock Slide|p2b: Sinistcha|[spread] p2a,p2b\n|-damage|p2a: Milotic|91/100 par\n|-damage|p2b: Sinistcha|90/100\n|cant|p2a: Milotic|flinch\n|\n|-heal|p2a: Milotic|97/100 par|[from] item: Leftovers\n|upkeep\n|turn|7\n|\n|t:|1775979718\n|switch|p1a: Whimsicott|Whimsicott, L50, M|100/100\n|move|p1b: Rotom|Thunderbolt|p2a: Milotic\n|-supereffective|p2a: Milotic|1\n|-damage|p2a: Milotic|40/100 par\n|move|p2b: Sinistcha|Life Dew|p2b: Sinistcha|[spread] p2a,p2b\n|-heal|p2a: Milotic|65/100 par\n|-heal|p2b: Sinistcha|100/100\n|move|p2a: Milotic|Coil|p2a: Milotic\n|-boost|p2a: Milotic|atk|1\n|-boost|p2a: Milotic|def|1\n|-boost|p2a: Milotic|accuracy|1\n|\n|-heal|p2a: Milotic|71/100 par|[from] item: Leftovers\n|upkeep\n|turn|8\n|\n|t:|1775979740\n|move|p2b: Sinistcha|Rage Powder|p2b: Sinistcha\n|-singleturn|p2b: Sinistcha|move: Rage Powder\n|move|p1b: Rotom|Thunderbolt|p2b: Sinistcha\n|-resisted|p2b: Sinistcha|1\n|-damage|p2b: Sinistcha|82/100\n|-status|p2b: Sinistcha|par\n|move|p1a: Whimsicott|Moonblast|p2a: Milotic\n|-damage|p2a: Milotic|51/100 par\n|move|p2a: Milotic|Hypnosis|p1b: Rotom\n|-status|p1b: Rotom|slp|[from] move: Hypnosis\n|\n|-heal|p2a: Milotic|57/100 par|[from] item: Leftovers\n|upkeep\n|turn|9\n|inactive|yamede\u86c7\u5982 has 30 seconds left.\n|\n|t:|1775979766\n|cant|p1b: Rotom|slp\n|move|p1a: Whimsicott|Moonblast|p2a: Milotic\n|-damage|p2a: Milotic|34/100 par\n|-unboost|p2a: Milotic|spa|1\n|-ability|p2a: Milotic|Competitive|boost\n|-boost|p2a: Milotic|spa|2\n|move|p2a: Milotic|Hypnosis|p1a: Whimsicott\n|-status|p1a: Whimsicott|slp|[from] move: Hypnosis\n|move|p2b: Sinistcha|Matcha Gotcha|p1b: Rotom|[spread] p1a,p1b\n|-resisted|p1a: Whimsicott|1\n|-supereffective|p1b: Rotom|1\n|-damage|p1a: Whimsicott|79/100 slp\n|-heal|p2b: Sinistcha|90/100 par|[from] drain|[of] p1a: Whimsicott\n|-damage|p1b: Rotom|25/100 slp\n|-heal|p2b: Sinistcha|100/100 par|[from] drain|[of] p1b: Rotom\n|\n|-heal|p2a: Milotic|40/100 par|[from] item: Leftovers\n|upkeep\n|turn|10\n|inactive|yamede\u86c7\u5982 has 30 seconds left.\n|\n|t:|1775979793\n|cant|p2b: Sinistcha|par\n|cant|p1b: Rotom|slp\n|cant|p1a: Whimsicott|slp\n|move|p2a: Milotic|Recover|p2a: Milotic\n|-heal|p2a: Milotic|90/100 par\n|\n|-heal|p2a: Milotic|96/100 par|[from] item: Leftovers\n|upkeep\n|turn|11\n|\n|t:|1775979802\n|move|p2b: Sinistcha|Rage Powder|p2b: Sinistcha\n|-singleturn|p2b: Sinistcha|move: Rage Powder\n|-curestatus|p1b: Rotom|slp|[msg]\n|move|p1b: Rotom|Thunderbolt|p2b: Sinistcha\n|-resisted|p2b: Sinistcha|1\n|-damage|p2b: Sinistcha|80/100 par\n|-curestatus|p1a: Whimsicott|slp|[msg]\n|move|p1a: Whimsicott|Moonblast|p2a: Milotic\n|-damage|p2a: Milotic|75/100 par\n|-unboost|p2a: Milotic|spa|1\n|-ability|p2a: Milotic|Competitive|boost\n|-boost|p2a: Milotic|spa|2\n|move|p2a: Milotic|Muddy Water|p1a: Whimsicott|[spread] p1a,p1b\n|-resisted|p1a: Whimsicott|1\n|-resisted|p1b: Rotom|1\n|-damage|p1a: Whimsicott|26/100\n|-damage|p1b: Rotom|0 fnt\n|faint|p1b: Rotom\n|\n|-heal|p2a: Milotic|81/100 par|[from] item: Leftovers\n|upkeep\n|\n|t:|1775979809\n|switch|p1b: Garchomp|Garchomp-Mega, L50, M|78/100\n|turn|12\n|\n|t:|1775979822\n|switch|p2b: Incineroar|Incineroar, L50, M|25/100\n|-ability|p2b: Incineroar|Intimidate|boost\n|-unboost|p1a: Whimsicott|atk|1\n|-unboost|p1b: Garchomp|atk|1\n|move|p1a: Whimsicott|Moonblast|p2a: Milotic\n|-damage|p2a: Milotic|59/100 par\n|move|p1b: Garchomp|Dragon Claw|p2a: Milotic\n|-damage|p2a: Milotic|43/100 par\n|move|p2a: Milotic|Muddy Water|p1a: Whimsicott|[spread] p1a,p1b\n|-resisted|p1a: Whimsicott|1\n|-damage|p1a: Whimsicott|0 fnt\n|-damage|p1b: Garchomp|9/100\n|faint|p1a: Whimsicott\n|\n|-heal|p2a: Milotic|49/100 par|[from] item: Leftovers\n|upkeep\n|\n|t:|1775979826\n|switch|p1a: Incineroar|Incineroar, L50, M|89/100\n|-ability|p1a: Incineroar|Intimidate|boost\n|-unboost|p2a: Milotic|atk|1\n|-ability|p2a: Milotic|Competitive|boost\n|-boost|p2a: Milotic|spa|2\n|-unboost|p2b: Incineroar|atk|1\n|turn|13\n|inactive|yamede\u86c7\u5982 has 30 seconds left.\n|\n|t:|1775979855\n|move|p1b: Garchomp|Protect|p1b: Garchomp\n|-singleturn|p1b: Garchomp|Protect\n|move|p1a: Incineroar|Fake Out|p2a: Milotic\n|-damage|p2a: Milotic|43/100 par\n|move|p2b: Incineroar|Fake Out|p1b: Garchomp\n|-activate|p1b: Garchomp|move: Protect\n|cant|p2a: Milotic|flinch\n|\n|-heal|p2a: Milotic|49/100 par|[from] item: Leftovers\n|upkeep\n|turn|14\n|\n|t:|1775979873\n|move|p1b: Garchomp|Rock Slide|p2b: Incineroar|[spread] p2a\n|-miss|p1b: Garchomp|p2b: Incineroar\n|-damage|p2a: Milotic|41/100 par\n|move|p1a: Incineroar|Darkest Lariat|p2a: Milotic\n|-damage|p2a: Milotic|6/100 par\n|move|p2b: Incineroar|Parting Shot|p1b: Garchomp\n|-unboost|p1b: Garchomp|atk|1\n|-unboost|p1b: Garchomp|spa|1\n|\n|t:|1775979882\n|switch|p2b: Sinistcha|Sinistcha, L50|80/100 par|[from] Parting Shot\n|-heal|p2a: Milotic|31/100 par|[from] ability: Hospitality|[of] p2b: Sinistcha\n|move|p2a: Milotic|Muddy Water|p1a: Incineroar|[spread] p1a,p1b\n|-supereffective|p1a: Incineroar|1\n|-damage|p1a: Incineroar|0 fnt\n|-damage|p1b: Garchomp|0 fnt\n|faint|p1a: Incineroar\n|faint|p1b: Garchomp\n|\n|win|yamede\u86c7\u5982\n|raw|1thousandwings's rating: 1314 &rarr; <strong>1299</strong><br />(-15 for losing)\n|raw|yamede\u86c7\u5982's rating: 1404 &rarr; <strong>1419</strong><br />(+15 for winning)\n|l|\u2606yamede\u86c7\u5982\n|player|p2|\n|l|\u26061thousandwings\n|player|p1|\n",
  "uploadtime": 1775979901,
  "views": 42,
  "formatid": "gen9championsvgc2026regma",
  "rating": 1299,
  "private": 0,
  "password": null
}