{
  "id": "gen9championsvgc2026regma-2586071826",
  "format": "[Gen 9 Champions] VGC 2026 Reg M-A",
  "players": [
    "25th_mang",
    "compulsic"
  ],
  "log": "|j|\u260625th_mang\n|j|\u2606compulsic\n|t:|1776395965\n|gametype|doubles\n|player|p1|25th_mang|ballguy|1315\n|player|p2|compulsic|170|1310\n|gen|9\n|tier|[Gen 9 Champions] VGC 2026 Reg M-A\n|rated|\n|rule|Species Clause: Limit one of each Pok\u00e9mon\n|rule|Item Clause: Limit 1 of each item\n|clearpoke\n|poke|p1|Crabominable, L50, M|\n|poke|p1|Farigiraf, L50, F|\n|poke|p1|Incineroar, L50, M|\n|poke|p1|Archaludon, L50, M|\n|poke|p1|Pelipper, L50, M|\n|poke|p1|Sinistcha, L50|\n|poke|p2|Basculegion, L50, M|\n|poke|p2|Sneasler, L50, M|\n|poke|p2|Meganium, L50, F|\n|poke|p2|Pelipper, L50, M|\n|poke|p2|Archaludon, L50, F|\n|poke|p2|Garchomp, L50, M|\n|teampreview|4\n|inactive|Battle timer is ON: inactive players will automatically lose when time's up. (requested by compulsic)\n|inactive|25th_mang also wants the timer to be on.\n|inactive|compulsic has 60 seconds left.\n|\n|t:|1776396004\n|teamsize|p1|4\n|teamsize|p2|4\n|start\n|switch|p1a: Flip|Farigiraf, L50, F|100/100\n|switch|p1b: Roar|Incineroar, L50, M|100/100\n|switch|p2a: Archaludon|Archaludon, L50, F, shiny|100/100\n|switch|p2b: Basculegion|Basculegion, L50, M, shiny|100/100\n|-ability|p1b: Roar|Intimidate|boost\n|-unboost|p2a: Archaludon|atk|1\n|-unboost|p2b: Basculegion|atk|1\n|turn|1\n|inactive|25th_mang has 30 seconds left.\n|inactive|compulsic has 30 seconds left.\n|inactive|compulsic has 20 seconds left.\n|\n|t:|1776396039\n|switch|p2a: Pelipper|Pelipper, L50, M|100/100\n|-weather|RainDance|[from] ability: Drizzle|[of] p2a: Pelipper\n|move|p1b: Roar|Fake Out|p2a: Pelipper\n|-damage|p2a: Pelipper|84/100\n|move|p2b: Basculegion|Flip Turn|p1b: Roar\n|-supereffective|p1b: Roar|1\n|-damage|p1b: Roar|23/100\n|\n|t:|1776396060\n|switch|p2b: Garchomp|Garchomp, L50, M|100/100|[from] Flip Turn\n|move|p1a: Flip|Trick Room|p1a: Flip\n|-fieldstart|move: Trick Room|[of] p1a: Flip\n|\n|-weather|RainDance|[upkeep]\n|upkeep\n|turn|2\n|inactive|compulsic has 30 seconds left.\n|\n|t:|1776396090\n|move|p1a: Flip|Hyper Voice|p2b: Garchomp|[spread] p2a,p2b\n|-damage|p2a: Pelipper|42/100\n|-damage|p2b: Garchomp|71/100\n|move|p1b: Roar|Assurance|p2b: Garchomp\n|-damage|p2b: Garchomp|0 fnt\n|-damage|p1b: Roar|10/100|[from] ability: Rough Skin|[of] p2b: Garchomp\n|faint|p2b: Garchomp\n|move|p2a: Pelipper|Hurricane|p1b: Roar\n|-damage|p1b: Roar|0 fnt\n|faint|p1b: Roar\n|\n|-weather|RainDance|[upkeep]\n|upkeep\n|\n|t:|1776396108\n|switch|p1b: Hockey Reference|Crabominable, L50, M|100/100\n|switch|p2b: Archaludon|Archaludon, L50, F, shiny|100/100\n|turn|3\n|\n|t:|1776396127\n|detailschange|p1b: Hockey Reference|Crabominable-Mega, L50, M\n|-mega|p1b: Hockey Reference|Crabominable|Crabominite\n|move|p2a: Pelipper|Wide Guard|p2a: Pelipper\n|-singleturn|p2a: Pelipper|Wide Guard\n|move|p1b: Hockey Reference|Drain Punch|p2b: Archaludon\n|-supereffective|p2b: Archaludon|1\n|-enditem|p2b: Archaludon|Chople Berry|[eat]\n|-enditem|p2b: Archaludon|Chople Berry|[weaken]\n|-damage|p2b: Archaludon|55/100\n|-ability|p2b: Archaludon|Stamina|boost\n|-boost|p2b: Archaludon|def|1\n|move|p1a: Flip|Hyper Voice|p2b: Archaludon|[spread] \n|-activate|p2a: Pelipper|move: Wide Guard\n|-activate|p2b: Archaludon|move: Wide Guard\n|move|p2b: Archaludon|Flash Cannon|p1b: Hockey Reference\n|-supereffective|p1b: Hockey Reference|1\n|-damage|p1b: Hockey Reference|34/100\n|\n|-weather|RainDance|[upkeep]\n|upkeep\n|turn|4\n|inactive|compulsic has 30 seconds left.\n|\n|t:|1776396155\n|move|p2b: Archaludon|Protect|p2b: Archaludon\n|-singleturn|p2b: Archaludon|Protect\n|move|p2a: Pelipper|Wide Guard|p2a: Pelipper\n|-singleturn|p2a: Pelipper|Wide Guard\n|move|p1b: Hockey Reference|Drain Punch|p2b: Archaludon\n|-activate|p2b: Archaludon|move: Protect\n|move|p1a: Flip|Psychic|p2b: Archaludon\n|-activate|p2b: Archaludon|move: Protect\n|\n|-weather|RainDance|[upkeep]\n|upkeep\n|turn|5\n|inactive|25th_mang has 30 seconds left.\n|\n|t:|1776396187\n|switch|p1a: My Direction|Sinistcha, L50|100/100\n|-heal|p1b: Hockey Reference|59/100|[from] ability: Hospitality|[of] p1a: My Direction\n|switch|p2b: Basculegion|Basculegion, L50, M, shiny|100/100\n|move|p1b: Hockey Reference|Drain Punch|p2b: Basculegion\n|-immune|p2b: Basculegion\n|move|p2a: Pelipper|Weather Ball|p1b: Hockey Reference\n|-damage|p1b: Hockey Reference|8/100\n|\n|-weather|none\n|-fieldend|move: Trick Room\n|upkeep\n|turn|6\n|inactive|25th_mang has 30 seconds left.\n|inactive|compulsic has 30 seconds left.\n|inactive|compulsic has 20 seconds left.\n|\n|t:|1776396222\n|move|p1b: Hockey Reference|Protect|p1b: Hockey Reference\n|-singleturn|p1b: Hockey Reference|Protect\n|move|p2b: Basculegion|Flip Turn|p1b: Hockey Reference\n|-activate|p1b: Hockey Reference|move: Protect\n|move|p2a: Pelipper|Hurricane|p1a: My Direction\n|-supereffective|p1a: My Direction|1\n|-damage|p1a: My Direction|2/100\n|-enditem|p1a: My Direction|Sitrus Berry|[eat]\n|-heal|p1a: My Direction|26/100|[from] item: Sitrus Berry\n|move|p1a: My Direction|Trick Room|p1a: My Direction\n|-fieldstart|move: Trick Room|[of] p1a: My Direction\n|\n|upkeep\n|turn|7\n|inactive|25th_mang has 30 seconds left.\n|inactive|compulsic has 30 seconds left.\n|\n|t:|1776396256\n|move|p1b: Hockey Reference|Thunder Punch|p2a: Pelipper\n|-supereffective|p2a: Pelipper|2\n|-damage|p2a: Pelipper|0 fnt\n|faint|p2a: Pelipper\n|move|p1a: My Direction|Matcha Gotcha|p2b: Basculegion\n|-supereffective|p2b: Basculegion|1\n|-damage|p2b: Basculegion|18/100\n|-heal|p1a: My Direction|72/100|[from] drain|[of] p2b: Basculegion\n|move|p2b: Basculegion|Flip Turn|p1b: Hockey Reference\n|-damage|p1b: Hockey Reference|0 fnt\n|faint|p1b: Hockey Reference\n|\n|t:|1776396270\n|switch|p2b: Archaludon|Archaludon, L50, F, shiny|55/100|[from] Flip Turn\n|\n|upkeep\n|\n|t:|1776396282\n|switch|p1b: Flip|Farigiraf, L50, F|100/100\n|switch|p2a: Basculegion|Basculegion, L50, M, shiny|18/100\n|turn|8\n|\n|t:|1776396298\n|move|p1b: Flip|Psychic|p2b: Archaludon\n|-resisted|p2b: Archaludon|1\n|-damage|p2b: Archaludon|33/100\n|-ability|p2b: Archaludon|Stamina|boost\n|-boost|p2b: Archaludon|def|1\n|move|p1a: My Direction|Matcha Gotcha|p2a: Basculegion|[spread] p2a,p2b\n|-supereffective|p2a: Basculegion|1\n|-resisted|p2b: Archaludon|2\n|-damage|p2a: Basculegion|0 fnt\n|-heal|p1a: My Direction|82/100|[from] drain|[of] p2a: Basculegion\n|-damage|p2b: Archaludon|25/100\n|-heal|p1a: My Direction|86/100|[from] drain|[of] p2b: Archaludon\n|-ability|p2b: Archaludon|Stamina|boost\n|-boost|p2b: Archaludon|def|1\n|faint|p2a: Basculegion\n|move|p2b: Archaludon|Flash Cannon|p1b: Flip\n|-damage|p1b: Flip|58/100\n|\n|upkeep\n|turn|9\n|-message|compulsic forfeited.\n|\n|win|25th_mang\n|raw|25th_mang's rating: 1315 &rarr; <strong>1335</strong><br />(+20 for winning)\n|raw|compulsic's rating: 1310 &rarr; <strong>1290</strong><br />(-20 for losing)\n",
  "uploadtime": 1776396322,
  "views": 55,
  "formatid": "gen9championsvgc2026regma",
  "rating": 1290,
  "private": 0,
  "password": null
}