{
  "id": "gen9championsvgc2026regma-2588451996",
  "format": "[Gen 9 Champions] VGC 2026 Reg M-A",
  "players": [
    "perucetus",
    "pacoloco1394"
  ],
  "log": "|j|\u2606perucetus\n|j|\u2606pacoloco1394\n|t:|1776634748\n|gametype|doubles\n|player|p1|perucetus|pokemaniac|1338\n|player|p2|pacoloco1394|pokemonranger-gen4|1302\n|gen|9\n|tier|[Gen 9 Champions] VGC 2026 Reg M-A\n|rated|\n|rule|Species Clause: Limit one of each Pok\u00e9mon\n|rule|Item Clause: Limit 1 of each item\n|clearpoke\n|poke|p1|Crabominable, L50, M, shiny|\n|poke|p1|Slowking-Galar, L50, F|\n|poke|p1|Kingambit, L50, F|\n|poke|p1|Incineroar, L50, F|\n|poke|p1|Primarina, L50, M|\n|poke|p1|Sinistcha-Masterpiece, L50|\n|poke|p2|Blastoise, L50, F|\n|poke|p2|Sinistcha, L50|\n|poke|p2|Aerodactyl, L50, M|\n|poke|p2|Whimsicott, L50, F|\n|poke|p2|Basculegion, L50, M|\n|poke|p2|Sneasler, L50, F|\n|teampreview|4\nperucetus rejected open team sheets.\n|\n|t:|1776634804\n|teamsize|p1|4\n|teamsize|p2|4\n|start\n|switch|p1a: Incineroar|Incineroar, L50, F|100/100\n|switch|p1b: Slowking|Slowking-Galar, L50, F|100/100\n|switch|p2a: Sneasler|Sneasler, L50, F|100/100\n|switch|p2b: Basculegion|Basculegion, L50, M|100/100\n|-ability|p1a: Incineroar|Intimidate|boost\n|-unboost|p2a: Sneasler|atk|1\n|-unboost|p2b: Basculegion|atk|1\n|-enditem|p2a: Sneasler|White Herb\n|-clearnegativeboost|p2a: Sneasler|[silent]\n|turn|1\n|\n|t:|1776634829\n|move|p2a: Sneasler|Fake Out|p1b: Slowking\n|-damage|p1b: Slowking|88/100\n|move|p1a: Incineroar|Fake Out|p2a: Sneasler\n|-damage|p2a: Sneasler|81/100\n|move|p2b: Basculegion|Flip Turn|p1a: Incineroar\n|-supereffective|p1a: Incineroar|1\n|-damage|p1a: Incineroar|53/100\n|\n|t:|1776634839\n|switch|p2b: Sinistcha|Sinistcha, L50|100/100|[from] Flip Turn\n|-heal|p2a: Sneasler|100/100|[from] ability: Hospitality|[of] p2b: Sinistcha\n|cant|p1b: Slowking|flinch\n|\n|upkeep\n|turn|2\n|\n|t:|1776634849\n|move|p2a: Sneasler|Close Combat|p1a: Incineroar\n|-supereffective|p1a: Incineroar|1\n|-damage|p1a: Incineroar|0 fnt\n|-unboost|p2a: Sneasler|def|1\n|-unboost|p2a: Sneasler|spd|1\n|faint|p1a: Incineroar\n|move|p2b: Sinistcha|Shadow Ball|p1b: Slowking\n|-supereffective|p1b: Slowking|1\n|-damage|p1b: Slowking|44/100\n|-unboost|p1b: Slowking|spd|1\n|move|p1b: Slowking|Trick Room|p1b: Slowking\n|-fieldstart|move: Trick Room|[of] p1b: Slowking\n|\n|upkeep\n|\n|t:|1776634863\n|switch|p1a: Crabominable|Crabominable, L50, M, shiny|100/100\n|turn|3\n|\n|t:|1776634881\n|detailschange|p1a: Crabominable|Crabominable-Mega, L50, M, shiny\n|-mega|p1a: Crabominable|Crabominable|Crabominite\n|move|p2a: Sneasler|Protect|p2a: Sneasler\n|-singleturn|p2a: Sneasler|Protect\n|move|p1b: Slowking|Psychic Noise|p2a: Sneasler\n|-activate|p2a: Sneasler|move: Protect\n|move|p1a: Crabominable|Ice Hammer|p2b: Sinistcha\n|-supereffective|p2b: Sinistcha|1\n|-damage|p2b: Sinistcha|0 fnt\n|-unboost|p1a: Crabominable|spe|1\n|faint|p2b: Sinistcha\n|\n|upkeep\n|\n|t:|1776634894\n|switch|p2b: Blastoise|Blastoise, L50, F|100/100\n|turn|4\n|\n|t:|1776634915\n|switch|p2a: Basculegion|Basculegion, L50, M|100/100\n|detailschange|p2b: Blastoise|Blastoise-Mega, L50, F\n|-mega|p2b: Blastoise|Blastoise|Blastoisinite\n|move|p1a: Crabominable|Drain Punch|p2b: Blastoise\n|-damage|p2b: Blastoise|55/100\n|-prepare|p1b: Slowking|Chilly Reception|[premajor]\n|move|p1b: Slowking|Chilly Reception|p1b: Slowking\n|-weather|Snowscape\n|\n|t:|1776634924\n|switch|p1b: Sinistcha|Sinistcha-Masterpiece, L50|100/100|[from] Chilly Reception\n|move|p2b: Blastoise|Aura Sphere|p1a: Crabominable\n|-supereffective|p1a: Crabominable|1\n|-damage|p1a: Crabominable|31/100\n|\n|-weather|Snowscape|[upkeep]\n|upkeep\n|turn|5\n|\n|t:|1776634946\n|move|p2b: Blastoise|Protect|p2b: Blastoise\n|-singleturn|p2b: Blastoise|Protect\n|move|p1a: Crabominable|Drain Punch|p2b: Blastoise\n|-activate|p2b: Blastoise|move: Protect\n|move|p1b: Sinistcha|Matcha Gotcha|p2a: Basculegion|[spread] p2a\n|-activate|p2b: Blastoise|move: Protect\n|-supereffective|p2a: Basculegion|1\n|-damage|p2a: Basculegion|47/100\n|move|p2a: Basculegion|Last Respects|p1b: Sinistcha\n|-supereffective|p1b: Sinistcha|1\n|-damage|p1b: Sinistcha|0 fnt\n|faint|p1b: Sinistcha\n|\n|-weather|Snowscape|[upkeep]\n|upkeep\n|\n|t:|1776634958\n|switch|p1b: Slowking|Slowking-Galar, L50, F|77/100\n|turn|6\n|\n|t:|1776634970\n|switch|p2a: Sneasler|Sneasler, L50, F|100/100\n|move|p1a: Crabominable|Drain Punch|p2b: Blastoise\n|-damage|p2b: Blastoise|3/100\n|-heal|p1a: Crabominable|59/100|[from] drain|[of] p2b: Blastoise\n|move|p1b: Slowking|Psychic Noise|p2a: Sneasler\n|-supereffective|p2a: Sneasler|2\n|-damage|p2a: Sneasler|0 fnt\n|faint|p2a: Sneasler\n|move|p2b: Blastoise|Aura Sphere|p1a: Crabominable\n|-supereffective|p1a: Crabominable|1\n|-damage|p1a: Crabominable|0 fnt\n|faint|p1a: Crabominable\n|\n|-weather|Snowscape|[upkeep]\n|-fieldend|move: Trick Room\n|upkeep\n|\n|t:|1776634978\n|switch|p2a: Basculegion|Basculegion, L50, M|47/100\n|turn|7\n|\n|t:|1776634989\n|move|p2a: Basculegion|Last Respects|p1b: Slowking\n|-supereffective|p1b: Slowking|1\n|-damage|p1b: Slowking|0 fnt\n|faint|p1b: Slowking\n|\n|win|pacoloco1394\n|raw|perucetus's rating: 1338 &rarr; <strong>1316</strong><br />(-22 for losing)\n|raw|pacoloco1394's rating: 1302 &rarr; <strong>1324</strong><br />(+22 for winning)\n|l|\u2606perucetus\n|player|p1|\n",
  "uploadtime": 1776634997,
  "views": 12,
  "formatid": "gen9championsvgc2026regma",
  "rating": 1316,
  "private": 0,
  "password": null
}