{
  "id": "gen9championsvgc2026regma-2583013820",
  "format": "[Gen 9 Champions] VGC 2026 Reg M-A",
  "players": [
    "corek",
    "Boorsie"
  ],
  "log": "|j|\u2606corek\n|j|\u2606Boorsie\n|t:|1776133381\n|gametype|doubles\n|player|p1|corek|lucas|1201\n|player|p2|Boorsie|1|1217\n|gen|9\n|tier|[Gen 9 Champions] VGC 2026 Reg M-A\n|rated|\n|rule|Species Clause: Limit one of each Pok\u00e9mon\n|rule|Item Clause: Limit 1 of each item\n|clearpoke\n|poke|p1|Scizor, L50, M|\n|poke|p1|Lucario, L50, F|\n|poke|p1|Meowscarada, L50, F|\n|poke|p1|Infernape, L50, M|\n|poke|p1|Alakazam, L50, M|\n|poke|p1|Kleavor, L50, M|\n|poke|p2|Maushold, L50|\n|poke|p2|Incineroar, L50, F|\n|poke|p2|Primarina, L50, F|\n|poke|p2|Chandelure, L50, M|\n|poke|p2|Kingambit, L50, F|\n|poke|p2|Whimsicott, L50, F|\n|teampreview|4\n|inactive|Battle timer is ON: inactive players will automatically lose when time's up. (requested by corek)\n|\n|t:|1776133405\n|teamsize|p1|4\n|teamsize|p2|4\n|start\n|switch|p1a: Infernape|Infernape, L50, M|100/100\n|switch|p1b: Kleavor|Kleavor, L50, M|100/100\n|switch|p2a: Incineroar|Incineroar, L50, F|100/100\n|switch|p2b: Maushold|Maushold, L50|100/100\n|-ability|p2a: Incineroar|Intimidate|boost\n|-unboost|p1a: Infernape|atk|1\n|-unboost|p1b: Kleavor|atk|1\n|-enditem|p1a: Infernape|White Herb\n|-clearnegativeboost|p1a: Infernape|[silent]\n|turn|1\n|\n|t:|1776133428\n|move|p1a: Infernape|Upper Hand|p2a: Incineroar\n|-supereffective|p2a: Incineroar|1\n|-damage|p2a: Incineroar|64/100\n|cant|p2a: Incineroar|flinch\n|move|p2b: Maushold|Thunder Wave|p1b: Kleavor\n|-status|p1b: Kleavor|par\n|move|p1b: Kleavor|Tailwind|p1b: Kleavor\n|-sidestart|p1: corek|move: Tailwind\n|\n|upkeep\n|turn|2\n|\n|t:|1776133445\n|switch|p2a: Chandelure|Chandelure, L50, M|100/100\n|move|p1a: Infernape|Close Combat|p2a: Chandelure\n|-immune|p2a: Chandelure\n|move|p2b: Maushold|Thunder Wave|p1a: Infernape\n|-status|p1a: Infernape|par\n|move|p1b: Kleavor|Stone Axe|p2a: Chandelure\n|-supereffective|p2a: Chandelure|1\n|-damage|p2a: Chandelure|15/100\n|-sidestart|p2: Boorsie|move: Stealth Rock\n|\n|upkeep\n|turn|3\n|\n|t:|1776133466\n|detailschange|p2a: Chandelure|Chandelure-Mega, L50, M\n|-mega|p2a: Chandelure|Chandelure|Chandelurite\n|move|p2b: Maushold|Super Fang|p1a: Infernape\n|-damage|p1a: Infernape|51/100 par\n|cant|p1a: Infernape|par\n|move|p1b: Kleavor|Night Slash|p2a: Chandelure\n|-supereffective|p2a: Chandelure|1\n|-damage|p2a: Chandelure|0 fnt\n|faint|p2a: Chandelure\n|\n|upkeep\n|\n|t:|1776133478\n|switch|p2a: Primarina|Primarina, L50, F|100/100\n|-damage|p2a: Primarina|88/100|[from] Stealth Rock\n|turn|4\n|\n|t:|1776133493\n|move|p2a: Primarina|Protect|p2a: Primarina\n|-singleturn|p2a: Primarina|Protect\n|move|p2b: Maushold|Super Fang|p1b: Kleavor\n|-damage|p1b: Kleavor|51/100 par\n|move|p1a: Infernape|Close Combat|p2b: Maushold\n|-supereffective|p2b: Maushold|1\n|-enditem|p2b: Maushold|Focus Sash\n|-damage|p2b: Maushold|1/100\n|-unboost|p1a: Infernape|def|1\n|-unboost|p1a: Infernape|spd|1\n|cant|p1b: Kleavor|par\n|\n|-sideend|p1: corek|move: Tailwind\n|upkeep\n|turn|5\n|\n|t:|1776133517\n|switch|p2b: Incineroar|Incineroar, L50, F|64/100\n|-damage|p2b: Incineroar|40/100|[from] Stealth Rock\n|-ability|p2b: Incineroar|Intimidate|boost\n|-unboost|p1a: Infernape|atk|1\n|-unboost|p1b: Kleavor|atk|1\n|-enditem|p2b: Incineroar|Sitrus Berry|[eat]\n|-heal|p2b: Incineroar|64/100|[from] item: Sitrus Berry\n|move|p2a: Primarina|Hyper Voice|p1a: Infernape|[spread] p1a,p1b\n|-supereffective|p1a: Infernape|1\n|-supereffective|p1b: Kleavor|1\n|-crit|p1b: Kleavor\n|-damage|p1a: Infernape|0 fnt\n|-damage|p1b: Kleavor|0 fnt\n|faint|p1a: Infernape\n|faint|p1b: Kleavor\n|\n|upkeep\n|\n|t:|1776133531\n|switch|p1a: Meowscarada|Meowscarada, L50, F|100/100\n|switch|p1b: Lucario|Lucario, L50, F|100/100\n|turn|6\n|\n|t:|1776133552\n|move|p1b: Lucario|Quick Guard|p1b: Lucario\n|-singleturn|p1b: Lucario|Quick Guard\n|move|p2b: Incineroar|Fake Out|p1a: Meowscarada\n|-activate|p1a: Meowscarada|move: Quick Guard\n|move|p1a: Meowscarada|Thunder Punch|p2a: Primarina\n|-start|p1a: Meowscarada|typechange|Electric|[from] ability: Protean\n|-supereffective|p2a: Primarina|1\n|-damage|p2a: Primarina|0 fnt\n|faint|p2a: Primarina\n|\n|upkeep\n|\n|t:|1776133563\n|switch|p2a: Maushold|Maushold, L50|1/100\n|-damage|p2a: Maushold|0 fnt|[from] Stealth Rock\n|faint|p2a: Maushold\n|turn|7\n|c|\u2606Boorsie|damn double fake out protection lol\n|\n|t:|1776133576\n|move|p1a: Meowscarada|Thunder Punch|p2b: Incineroar\n|-damage|p2b: Incineroar|36/100\n|move|p1b: Lucario|Close Combat|p2b: Incineroar\n|-supereffective|p2b: Incineroar|1\n|-damage|p2b: Incineroar|0 fnt\n|-unboost|p1b: Lucario|def|1\n|-unboost|p1b: Lucario|spd|1\n|faint|p2b: Incineroar\n|\n|win|corek\n|raw|corek's rating: 1201 &rarr; <strong>1227</strong><br />(+26 for winning)\n|raw|Boorsie's rating: 1217 &rarr; <strong>1191</strong><br />(-26 for losing)\n|c|\u2606corek|:D\n|l|\u2606Boorsie\n|player|p2|\n",
  "uploadtime": 1776133637,
  "views": 38,
  "formatid": "gen9championsvgc2026regma",
  "rating": 1191,
  "private": 0,
  "password": null
}