{
  "id": "gen9championsvgc2026regma-2586490233",
  "format": "[Gen 9 Champions] VGC 2026 Reg M-A",
  "players": [
    "Yurson1",
    "illuminaterats"
  ],
  "log": "|j|\u2606Yurson1\n|j|\u2606illuminaterats\n|t:|1776438286\n|gametype|doubles\n|player|p1|Yurson1|266|1022\n|player|p2|illuminaterats|266|1000\n|gen|9\n|tier|[Gen 9 Champions] VGC 2026 Reg M-A\n|rated|\n|rule|Species Clause: Limit one of each Pok\u00e9mon\n|rule|Item Clause: Limit 1 of each item\n|clearpoke\n|poke|p1|Starmie, L50|\n|poke|p1|Pelipper, L50, M|\n|poke|p1|Basculegion, L50, M|\n|poke|p1|Aegislash, L50, F|\n|poke|p1|Toxapex, L50, M|\n|poke|p1|Absol, L50, M|\n|poke|p2|Meowscarada, L50, M|\n|poke|p2|Primarina, L50, F|\n|poke|p2|Aggron, L50, F|\n|poke|p2|Sinistcha, L50|\n|poke|p2|Clawitzer, L50, F|\n|poke|p2|Pikachu, L50, F|\n|teampreview|4\n|inactive|Battle timer is ON: inactive players will automatically lose when time's up. (requested by Yurson1)\n|\n|t:|1776438309\n|teamsize|p1|4\n|teamsize|p2|4\n|start\n|switch|p1a: Pelipper|Pelipper, L50, M|100/100\n|switch|p1b: Basculegion|Basculegion, L50, M, shiny|100/100\n|switch|p2a: Pikachu|Pikachu, L50, F|100/100\n|switch|p2b: Meowscarada|Meowscarada, L50, M|100/100\n|-weather|RainDance|[from] ability: Drizzle|[of] p1a: Pelipper\n|turn|1\n|inactive|Yurson1 has 30 seconds left.\n|inactive|Yurson1 has 20 seconds left.\n|\n|t:|1776438344\n|move|p1b: Basculegion|Flip Turn|p2a: Pikachu\n|-damage|p2a: Pikachu|0 fnt\n|faint|p2a: Pikachu\n|\n|t:|1776438353\n|switch|p1b: Toxapex|Toxapex, L50, M|100/100|[from] Flip Turn\n|move|p2b: Meowscarada|Thunder Punch|p1a: Pelipper\n|-start|p2b: Meowscarada|typechange|Electric|[from] ability: Protean\n|-supereffective|p1a: Pelipper|2\n|-enditem|p1a: Pelipper|Focus Sash\n|-damage|p1a: Pelipper|1/100\n|-status|p1a: Pelipper|par\n|move|p1a: Pelipper|Tailwind|p1a: Pelipper\n|-sidestart|p1: Yurson1|move: Tailwind\n|\n|-weather|RainDance|[upkeep]\n|upkeep\n|\n|t:|1776438363\n|switch|p2a: Aggron|Aggron, L50, F|100/100\n|turn|2\n|\n|t:|1776438376\n|detailschange|p2a: Aggron|Aggron-Mega, L50, F\n|-mega|p2a: Aggron|Aggron|Aggronite\n|move|p2b: Meowscarada|Thunder Punch|p1b: Toxapex\n|-supereffective|p1b: Toxapex|1\n|-damage|p1b: Toxapex|55/100\n|move|p1b: Toxapex|Toxic|p2b: Meowscarada\n|-status|p2b: Meowscarada|tox\n|move|p1a: Pelipper|U-turn|p2b: Meowscarada\n|-damage|p2b: Meowscarada|87/100 tox\n|\n|t:|1776438386\n|switch|p1a: Starmie|Starmie, L50|100/100|[from] U-turn\n|move|p2a: Aggron|Iron Defense|p2a: Aggron\n|-boost|p2a: Aggron|def|2\n|\n|-weather|RainDance|[upkeep]\n|-heal|p1b: Toxapex|60/100|[from] item: Leftovers\n|-damage|p2b: Meowscarada|81/100 tox|[from] psn\n|upkeep\n|turn|3\n|\n|t:|1776438404\n|switch|p2b: Clawitzer|Clawitzer, L50, F, shiny|100/100\n|detailschange|p1a: Starmie|Starmie-Mega, L50\n|-mega|p1a: Starmie|Starmie|Starminite\n|move|p2a: Aggron|Protect|p2a: Aggron\n|-singleturn|p2a: Aggron|Protect\n|move|p1a: Starmie|Flip Turn|p2a: Aggron\n|-activate|p2a: Aggron|move: Protect\n|move|p1b: Toxapex|Haze|p1b: Toxapex\n|-clearallboost\n|\n|-weather|RainDance|[upkeep]\n|-heal|p1b: Toxapex|66/100|[from] item: Leftovers\n|upkeep\n|turn|4\n|inactive|illuminaterats has 30 seconds left.\n|\n|t:|1776438434\n|move|p1a: Starmie|Flip Turn|p2a: Aggron\n|-damage|p2a: Aggron|68/100\n|\n|t:|1776438438\n|switch|p1a: Basculegion|Basculegion, L50, M, shiny|100/100|[from] Flip Turn\n|move|p2b: Clawitzer|Dragon Pulse|p1a: Basculegion\n|-damage|p1a: Basculegion|59/100\n|move|p1b: Toxapex|Toxic|p2b: Clawitzer\n|-status|p2b: Clawitzer|tox\n|move|p2a: Aggron|High Horsepower|p1b: Toxapex\n|-supereffective|p1b: Toxapex|1\n|-damage|p1b: Toxapex|34/100\n|\n|-weather|RainDance|[upkeep]\n|-heal|p1b: Toxapex|40/100|[from] item: Leftovers\n|-damage|p2b: Clawitzer|94/100 tox|[from] psn\n|-sideend|p1: Yurson1|move: Tailwind\n|upkeep\n|turn|5\n|inactive|Yurson1 has 30 seconds left.\n|-activate|p2b: Clawitzer|item: Quick Claw\n|\n|t:|1776438473\n|move|p2a: Aggron|Protect|p2a: Aggron\n|-singleturn|p2a: Aggron|Protect\n|move|p1b: Toxapex|Baneful Bunker|p1b: Toxapex\n|-singleturn|p1b: Toxapex|move: Protect\n|move|p2b: Clawitzer|Dragon Pulse|p1a: Basculegion\n|-damage|p1a: Basculegion|15/100\n|move|p1a: Basculegion|Flip Turn|p2a: Aggron\n|-activate|p2a: Aggron|move: Protect\n|\n|-weather|none\n|-heal|p1b: Toxapex|46/100|[from] item: Leftovers\n|-damage|p2b: Clawitzer|82/100 tox|[from] psn\n|upkeep\n|turn|6\n|inactive|illuminaterats has 30 seconds left.\n|-activate|p2b: Clawitzer|item: Quick Claw\n|\n|t:|1776438499\n|switch|p1b: Starmie|Starmie-Mega, L50|100/100\n|move|p2b: Clawitzer|Dragon Pulse|p1a: Basculegion\n|-damage|p1a: Basculegion|0 fnt\n|faint|p1a: Basculegion\n|move|p2a: Aggron|High Horsepower|p1b: Starmie\n|-damage|p1b: Starmie|72/100\n|\n|-damage|p2b: Clawitzer|64/100 tox|[from] psn\n|upkeep\n|\n|t:|1776438509\n|switch|p1a: Pelipper|Pelipper, L50, M|1/100 par\n|-weather|RainDance|[from] ability: Drizzle|[of] p1a: Pelipper\n|turn|7\n|inactive|illuminaterats has 30 seconds left.\n|inactive|illuminaterats has 20 seconds left.\n|inactive|illuminaterats has 15 seconds left.\n|\n|t:|1776438550\n|switch|p2a: Meowscarada|Meowscarada, L50, M|81/100 tox\n|move|p1b: Starmie|Bulk Up|p1b: Starmie\n|-boost|p1b: Starmie|atk|1\n|-boost|p1b: Starmie|def|1\n|move|p2b: Clawitzer|Dragon Pulse|p1a: Pelipper\n|-damage|p1a: Pelipper|0 fnt\n|faint|p1a: Pelipper\n|\n|-weather|RainDance|[upkeep]\n|-damage|p2a: Meowscarada|75/100 tox|[from] psn\n|-damage|p2b: Clawitzer|40/100 tox|[from] psn\n|upkeep\n|\n|t:|1776438560\n|switch|p1a: Toxapex|Toxapex, L50, M|79/100\n|turn|8\n|\n|t:|1776438581\n|move|p1b: Starmie|Protect|p1b: Starmie\n|-singleturn|p1b: Starmie|Protect\n|move|p2a: Meowscarada|Trick|p1a: Toxapex\n|-start|p2a: Meowscarada|typechange|Psychic|[from] ability: Protean\n|-activate|p2a: Meowscarada|move: Trick|[of] p1a: Toxapex\n|-item|p1a: Toxapex|Choice Scarf|[from] move: Trick\n|-item|p2a: Meowscarada|Leftovers|[from] move: Trick\n|move|p2b: Clawitzer|Heal Pulse|p2a: Meowscarada\n|-heal|p2a: Meowscarada|100/100 tox\n|move|p1a: Toxapex|Ice Beam|p2a: Meowscarada\n|-damage|p2a: Meowscarada|80/100 tox\n|\n|-weather|RainDance|[upkeep]\n|-heal|p2a: Meowscarada|86/100 tox|[from] item: Leftovers\n|-damage|p2a: Meowscarada|74/100 tox|[from] psn\n|-damage|p2b: Clawitzer|9/100 tox|[from] psn\n|upkeep\n|turn|9\n|inactive|Yurson1 has 30 seconds left.\n|\n|t:|1776438608\n|move|p1b: Starmie|Flip Turn|p2a: Meowscarada\n|-damage|p2a: Meowscarada|0 fnt\n|faint|p2a: Meowscarada\n|move|p2b: Clawitzer|Dragon Pulse|p1b: Starmie\n|-damage|p1b: Starmie|31/100\n|move|p1a: Toxapex|Ice Beam|p2b: Clawitzer\n|-resisted|p2b: Clawitzer|1\n|-damage|p2b: Clawitzer|1/100 tox\n|\n|-weather|RainDance|[upkeep]\n|-damage|p2b: Clawitzer|0 fnt|[from] psn\n|faint|p2b: Clawitzer\n|upkeep\n|\n|t:|1776438612\n|switch|p2b: Aggron|Aggron-Mega, L50, F|68/100\n|turn|10\n|\n|t:|1776438626\n|move|p1b: Starmie|Flip Turn|p2b: Aggron\n|-damage|p2b: Aggron|18/100\n|move|p1a: Toxapex|Ice Beam|p2b: Aggron\n|-resisted|p2b: Aggron|1\n|-damage|p2b: Aggron|11/100\n|move|p2b: Aggron|High Horsepower|p1b: Starmie\n|-damage|p1b: Starmie|12/100\n|\n|-weather|RainDance|[upkeep]\n|upkeep\n|turn|11\n|\n|t:|1776438639\n|move|p2b: Aggron|Protect|p2b: Aggron\n|-singleturn|p2b: Aggron|Protect\n|move|p1b: Starmie|Flip Turn|p2b: Aggron\n|-activate|p2b: Aggron|move: Protect\n|move|p1a: Toxapex|Ice Beam|p2b: Aggron\n|-activate|p2b: Aggron|move: Protect\n|\n|-weather|none\n|upkeep\n|turn|12\n|\n|t:|1776438650\n|move|p1b: Starmie|Flip Turn|p2b: Aggron\n|-damage|p2b: Aggron|0 fnt\n|faint|p2b: Aggron\n|\n|win|Yurson1\n|raw|Yurson1's rating: 1022 &rarr; <strong>1056</strong><br />(+34 for winning)\n|raw|illuminaterats's rating: 1000 &rarr; <strong>1000</strong><br />(+0 for losing)\n",
  "uploadtime": 1776438653,
  "views": 20,
  "formatid": "gen9championsvgc2026regma",
  "rating": 1000,
  "private": 0,
  "password": null
}