{
  "id": "gen9championsvgc2026regma-2589390069",
  "format": "[Gen 9 Champions] VGC 2026 Reg M-A",
  "players": [
    "niconicokneez",
    "Snowykyte"
  ],
  "log": "|j|\u2606niconicokneez\n|j|\u2606Snowykyte\n|t:|1776719103\n|gametype|doubles\n|player|p1|niconicokneez|169|1473\n|player|p2|Snowykyte|youngster-gen4dp|1420\n|gen|9\n|tier|[Gen 9 Champions] VGC 2026 Reg M-A\n|rated|\n|rule|Species Clause: Limit one of each Pok\u00e9mon\n|rule|Item Clause: Limit 1 of each item\n|clearpoke\n|poke|p1|Gardevoir, L50, M|\n|poke|p1|Rotom-Wash, L50|\n|poke|p1|Garchomp, L50, F|\n|poke|p1|Maushold, L50|\n|poke|p1|Kingambit, L50, F|\n|poke|p1|Talonflame, L50, F|\n|poke|p2|Meowscarada, L50, F|\n|poke|p2|Dragapult, L50, M, shiny|\n|poke|p2|Arcanine-Hisui, L50, F|\n|poke|p2|Primarina, L50, F|\n|poke|p2|Corviknight, L50, M|\n|poke|p2|Tyranitar, L50, F|\n|teampreview|4\n|j| oherrodersir\n|inactive|Battle timer is ON: inactive players will automatically lose when time's up. (requested by Snowykyte)\n|\n|t:|1776719154\n|teamsize|p1|4\n|teamsize|p2|4\n|start\n|switch|p1a: Gardevoir|Gardevoir, L50, M|100/100\n|switch|p1b: Maushold|Maushold, L50|100/100\n|switch|p2a: Meowscarada|Meowscarada, L50, F|100/100\n|switch|p2b: Dragapult|Dragapult, L50, M, shiny|100/100\n|-ability|p1a: Gardevoir|Clear Body|Trace|[from] ability: Trace|[of] p2b: Dragapult\n|turn|1\n|inactive|niconicokneez has 30 seconds left.\n|\n|t:|1776719187\n|switch|p2a: Corviknight|Corviknight, L50, M|100/100\n|detailschange|p1a: Gardevoir|Gardevoir-Mega, L50, M\n|-mega|p1a: Gardevoir|Gardevoir|Gardevoirite\n|move|p1b: Maushold|Follow Me|p1b: Maushold\n|-singleturn|p1b: Maushold|move: Follow Me\n|move|p2b: Dragapult|Light Screen|p2b: Dragapult\n|-sidestart|p2: Snowykyte|move: Light Screen\n|move|p1a: Gardevoir|Trick Room|p1a: Gardevoir\n|-fieldstart|move: Trick Room|[of] p1a: Gardevoir\n|\n|upkeep\n|turn|2\n|\n|t:|1776719204\n|switch|p1b: Rotom|Rotom-Wash, L50|100/100\n|move|p2a: Corviknight|Body Press|p1b: Rotom\n|-damage|p1b: Rotom|76/100\n|move|p1a: Gardevoir|Hyper Voice|p2a: Corviknight|[spread] p2a,p2b\n|-resisted|p2a: Corviknight|1\n|-supereffective|p2b: Dragapult|1\n|-damage|p2a: Corviknight|83/100\n|-damage|p2b: Dragapult|30/100\n|-enditem|p2b: Dragapult|Sitrus Berry|[eat]\n|-heal|p2b: Dragapult|55/100|[from] item: Sitrus Berry\n|move|p2b: Dragapult|Dragon Darts|p1b: Rotom\n|-damage|p1b: Rotom|55/100\n|-anim|p2b: Dragapult|Dragon Darts|p1b: Rotom\n|-damage|p1b: Rotom|35/100\n|-enditem|p1b: Rotom|Sitrus Berry|[eat]\n|-heal|p1b: Rotom|60/100|[from] item: Sitrus Berry\n|\n|-heal|p2a: Corviknight|89/100|[from] item: Leftovers\n|upkeep\n|turn|3\n|inactive|niconicokneez has 30 seconds left.\n|inactive|Snowykyte has 30 seconds left.\n|\n|t:|1776719234\n|move|p2a: Corviknight|Iron Head|p1a: Gardevoir\n|-supereffective|p1a: Gardevoir|1\n|-damage|p1a: Gardevoir|42/100\n|move|p1b: Rotom|Will-O-Wisp|p2a: Corviknight\n|-status|p2a: Corviknight|brn\n|move|p1a: Gardevoir|Hyper Voice|p2b: Dragapult|[spread] p2a,p2b\n|-resisted|p2a: Corviknight|1\n|-supereffective|p2b: Dragapult|1\n|-damage|p2a: Corviknight|73/100 brn\n|-damage|p2b: Dragapult|0 fnt\n|faint|p2b: Dragapult\n|\n|-heal|p2a: Corviknight|79/100 brn|[from] item: Leftovers\n|-damage|p2a: Corviknight|73/100 brn|[from] brn\n|upkeep\n|\n|t:|1776719244\n|switch|p2b: Tyranitar|Tyranitar, L50, F|100/100\n|-weather|Sandstorm|[from] ability: Sand Stream|[of] p2b: Tyranitar\n|turn|4\n|\n|t:|1776719263\n|switch|p1a: Kingambit|Kingambit, L50, F|100/100\n|move|p2b: Tyranitar|Protect|p2b: Tyranitar\n|-singleturn|p2b: Tyranitar|Protect\n|move|p2a: Corviknight|Iron Head|p1a: Kingambit\n|-resisted|p1a: Kingambit|1\n|-damage|p1a: Kingambit|96/100\n|move|p1b: Rotom|Thunderbolt|p2a: Corviknight\n|-supereffective|p2a: Corviknight|1\n|-damage|p2a: Corviknight|22/100 brn\n|\n|-weather|Sandstorm|[upkeep]\n|-damage|p1b: Rotom|54/100|[from] Sandstorm\n|-heal|p2a: Corviknight|28/100 brn|[from] item: Leftovers\n|-damage|p2a: Corviknight|22/100 brn|[from] brn\n|upkeep\n|turn|5\n|\n|t:|1776719286\n|switch|p2a: Meowscarada|Meowscarada, L50, F|100/100\n|detailschange|p2b: Tyranitar|Tyranitar-Mega, L50, F\n|-mega|p2b: Tyranitar|Tyranitar|Tyranitarite\n|move|p1a: Kingambit|Sucker Punch||[still]\n|-fail|p1a: Kingambit\n|move|p2b: Tyranitar|Thunder Punch|p1b: Rotom\n|-damage|p1b: Rotom|27/100\n|move|p1b: Rotom|Will-O-Wisp|p2b: Tyranitar\n|-status|p2b: Tyranitar|brn\n|\n|-weather|Sandstorm|[upkeep]\n|-damage|p1b: Rotom|21/100|[from] Sandstorm\n|-damage|p2a: Meowscarada|95/100|[from] Sandstorm\n|-damage|p2b: Tyranitar|95/100 brn|[from] brn\n|-sideend|p2: Snowykyte|move: Light Screen\n|-fieldend|move: Trick Room\n|upkeep\n|turn|6\n|inactive|niconicokneez has 30 seconds left.\n|\n|t:|1776719321\n|move|p2a: Meowscarada|Low Kick|p1a: Kingambit\n|-start|p2a: Meowscarada|typechange|Fighting|[from] ability: Protean\n|-supereffective|p1a: Kingambit|2\n|-damage|p1a: Kingambit|0 fnt\n|faint|p1a: Kingambit\n|move|p1b: Rotom|Will-O-Wisp|p2a: Meowscarada\n|-status|p2a: Meowscarada|brn\n|move|p2b: Tyranitar|Rock Slide|p1b: Rotom|[miss]\n|-miss|p2b: Tyranitar|p1b: Rotom\n|\n|-weather|Sandstorm|[upkeep]\n|-damage|p2a: Meowscarada|89/100 brn|[from] Sandstorm\n|-damage|p1b: Rotom|15/100|[from] Sandstorm\n|-damage|p2a: Meowscarada|83/100 brn|[from] brn\n|-damage|p2b: Tyranitar|89/100 brn|[from] brn\n|upkeep\n|inactive|niconicokneez has 30 seconds left.\n|\n|t:|1776719347\n|switch|p1a: Gardevoir|Gardevoir-Mega, L50, M|42/100\n|turn|7\n|\n|t:|1776719354\n|move|p1a: Gardevoir|Protect|p1a: Gardevoir\n|-singleturn|p1a: Gardevoir|Protect\n|move|p2a: Meowscarada|Low Kick|p1b: Rotom\n|-damage|p1b: Rotom|10/100\n|move|p1b: Rotom|Hydro Pump|p2b: Tyranitar\n|-supereffective|p2b: Tyranitar|1\n|-damage|p2b: Tyranitar|44/100 brn\n|move|p2b: Tyranitar|Rock Slide|p1a: Gardevoir|[spread] p1b\n|-activate|p1a: Gardevoir|move: Protect\n|-damage|p1b: Rotom|0 fnt\n|faint|p1b: Rotom\n|\n|-weather|Sandstorm|[upkeep]\n|-damage|p2a: Meowscarada|77/100 brn|[from] Sandstorm\n|-damage|p1a: Gardevoir|36/100|[from] Sandstorm\n|-damage|p2a: Meowscarada|71/100 brn|[from] brn\n|-damage|p2b: Tyranitar|39/100 brn|[from] brn\n|upkeep\n|\n|t:|1776719366\n|switch|p1b: Maushold|Maushold, L50|100/100\n|turn|8\n|\n|t:|1776719374\n|move|p1b: Maushold|Follow Me|p1b: Maushold\n|-singleturn|p1b: Maushold|move: Follow Me\n|move|p2a: Meowscarada|Low Kick|p1b: Maushold\n|-supereffective|p1b: Maushold|1\n|-damage|p1b: Maushold|86/100\n|move|p1a: Gardevoir|Hyper Voice|p2a: Meowscarada|[spread] p2a,p2b\n|-supereffective|p2a: Meowscarada|1\n|-supereffective|p2b: Tyranitar|1\n|-damage|p2a: Meowscarada|0 fnt\n|-damage|p2b: Tyranitar|0 fnt\n|faint|p2a: Meowscarada\n|faint|p2b: Tyranitar\n|\n|-weather|none\n|upkeep\n|\n|t:|1776719382\n|switch|p2b: Corviknight|Corviknight, L50, M|22/100 brn\n|turn|9\n|\n|t:|1776719389\n|move|p1b: Maushold|Helping Hand|p1a: Gardevoir\n|-singleturn|p1a: Gardevoir|Helping Hand|[of] p1b: Maushold\n|move|p1a: Gardevoir|Hyper Voice|p2b: Corviknight\n|-resisted|p2b: Corviknight|1\n|-damage|p2b: Corviknight|0 fnt\n|faint|p2b: Corviknight\n|\n|win|niconicokneez\n|raw|niconicokneez's rating: 1473 &rarr; <strong>1490</strong><br />(+17 for winning)\n|raw|Snowykyte's rating: 1420 &rarr; <strong>1403</strong><br />(-17 for losing)\n|l|\u2606Snowykyte\n|player|p2|\n",
  "uploadtime": 1776719412,
  "views": 13,
  "formatid": "gen9championsvgc2026regma",
  "rating": 1403,
  "private": 0,
  "password": null
}