{
  "id": "gen9championsvgc2026regma-2587555779",
  "format": "[Gen 9 Champions] VGC 2026 Reg M-A",
  "players": [
    "juancruz2143",
    "HawaiiCookieCo"
  ],
  "log": "|j|\u2606juancruz2143\n|j|\u2606HawaiiCookieCo\n|t:|1776541940\n|gametype|doubles\n|player|p1|juancruz2143|red|1006\n|player|p2|HawaiiCookieCo|swimmer-gen4dp|1086\n|gen|9\n|tier|[Gen 9 Champions] VGC 2026 Reg M-A\n|rated|\n|rule|Species Clause: Limit one of each Pok\u00e9mon\n|rule|Item Clause: Limit 1 of each item\n|clearpoke\n|poke|p1|Drampa, L50, M|\n|poke|p1|Alakazam, L50, F, shiny|\n|poke|p1|Basculegion, L50, M|\n|poke|p1|Sinistcha, L50|\n|poke|p1|Pelipper, L50, M|\n|poke|p1|Aggron, L50, M, shiny|\n|poke|p2|Delphox, L50, F|\n|poke|p2|Maushold, L50|\n|poke|p2|Tsareena, L50, F|\n|poke|p2|Basculegion, L50, M|\n|poke|p2|Dragonite, L50, F|\n|poke|p2|Tinkaton, L50, F|\n|teampreview|4\n|inactive|Battle timer is ON: inactive players will automatically lose when time's up. (requested by HawaiiCookieCo)\n|inactive|HawaiiCookieCo has 60 seconds left.\n|l|\u2606juancruz2143\n|inactive|juancruz2143 disconnected and has a minute to reconnect!\n|player|p1|\n|j|\u2606juancruz2143\n|inactive|juancruz2143 reconnected.\n|player|p1|juancruz2143|red|\n|inactive|HawaiiCookieCo has 30 seconds left.\n|\n|t:|1776542008\n|teamsize|p1|4\n|teamsize|p2|4\n|start\n|switch|p1a: Basculegion|Basculegion, L50, M|100/100\n|switch|p1b: Pelipper|Pelipper, L50, M|100/100\n|switch|p2a: Delphox|Delphox, L50, F|100/100\n|switch|p2b: Maushold|Maushold, L50|100/100\n|-weather|RainDance|[from] ability: Drizzle|[of] p1b: Pelipper\n|turn|1\n|inactive|HawaiiCookieCo has 30 seconds left.\n|\n|t:|1776542038\n|move|p2a: Delphox|Protect|p2a: Delphox\n|-singleturn|p2a: Delphox|Protect\n|move|p2b: Maushold|Feint|p1b: Pelipper\n|-damage|p1b: Pelipper|91/100\n|move|p1a: Basculegion|Flip Turn|p2a: Delphox\n|-activate|p2a: Delphox|move: Protect\n|move|p1b: Pelipper|Tailwind|p1b: Pelipper\n|-sidestart|p1: juancruz2143|move: Tailwind\n|\n|-weather|RainDance|[upkeep]\n|upkeep\n|turn|2\n|\n|t:|1776542053\n|detailschange|p2a: Delphox|Delphox-Mega, L50, F\n|-mega|p2a: Delphox|Delphox|Delphoxite\n|move|p2b: Maushold|Follow Me|p2b: Maushold\n|-singleturn|p2b: Maushold|move: Follow Me\n|move|p1a: Basculegion|Flip Turn|p2b: Maushold\n|-damage|p2b: Maushold|47/100\n|\n|t:|1776542063\n|switch|p1a: Sinistcha|Sinistcha, L50|100/100|[from] Flip Turn\n|-heal|p1b: Pelipper|100/100|[from] ability: Hospitality|[of] p1a: Sinistcha\n|move|p2a: Delphox|Psychic|p1b: Pelipper\n|-damage|p1b: Pelipper|27/100\n|move|p1b: Pelipper|Weather Ball|p2b: Maushold\n|-damage|p2b: Maushold|0 fnt\n|faint|p2b: Maushold\n|\n|-weather|RainDance|[upkeep]\n|upkeep\n|\n|t:|1776542076\n|switch|p2b: Dragonite|Dragonite, L50, F|100/100\n|turn|3\n|\n|t:|1776542087\n|move|p2b: Dragonite|Extreme Speed|p1b: Pelipper\n|-damage|p1b: Pelipper|0 fnt\n|faint|p1b: Pelipper\n|move|p2a: Delphox|Psychic|p1a: Sinistcha\n|-damage|p1a: Sinistcha|36/100\n|-enditem|p1a: Sinistcha|Sitrus Berry|[eat]\n|-heal|p1a: Sinistcha|61/100|[from] item: Sitrus Berry\n|move|p1a: Sinistcha|Trick Room|p1a: Sinistcha\n|-fieldstart|move: Trick Room|[of] p1a: Sinistcha\n|\n|-weather|RainDance|[upkeep]\n|upkeep\n|c|\u2606juancruz2143|DOMAIN EXPANSION\n|\n|t:|1776542105\n|switch|p1b: Drampa|Drampa, L50, M|100/100\n|-ability|p1b: Drampa|Cloud Nine\n|turn|4\n|\n|t:|1776542128\n|detailschange|p1b: Drampa|Drampa-Mega, L50, M\n|-mega|p1b: Drampa|Drampa|Drampanite\n|move|p1b: Drampa|Hyper Voice|p2a: Delphox|[spread] p2a,p2b\n|-damage|p2a: Delphox|54/100\n|-damage|p2b: Dragonite|55/100\n|move|p2b: Dragonite|Superpower|p1b: Drampa\n|-supereffective|p1b: Drampa|1\n|-damage|p1b: Drampa|14/100\n|-unboost|p2b: Dragonite|atk|1\n|-unboost|p2b: Dragonite|def|1\n|-ability|p1b: Drampa|Berserk|boost\n|-boost|p1b: Drampa|spa|1\n|move|p1a: Sinistcha|Matcha Gotcha|p2b: Dragonite|[spread] p2a,p2b\n|-resisted|p2a: Delphox|1\n|-resisted|p2b: Dragonite|2\n|-damage|p2a: Delphox|41/100\n|-heal|p1a: Sinistcha|67/100|[from] drain|[of] p2a: Delphox\n|-damage|p2b: Dragonite|48/100\n|-heal|p1a: Sinistcha|71/100|[from] drain|[of] p2b: Dragonite\n|move|p2a: Delphox|Heat Wave|p1a: Sinistcha|[spread] p1a,p1b\n|-supereffective|p1a: Sinistcha|1\n|-resisted|p1b: Drampa|1\n|-damage|p1a: Sinistcha|24/100\n|-damage|p1b: Drampa|5/100\n|\n|-weather|RainDance|[upkeep]\n|-sideend|p1: juancruz2143|move: Tailwind\n|upkeep\n|turn|5\n|inactive|juancruz2143 has 30 seconds left.\n|inactive|HawaiiCookieCo has 30 seconds left.\n|inactive|juancruz2143 has 20 seconds left.\n|inactive|juancruz2143 has 15 seconds left.\n|\n|t:|1776542170\n|switch|p1b: Basculegion|Basculegion, L50, M|100/100\n|switch|p2a: Tsareena|Tsareena, L50, F|100/100\n|move|p2b: Dragonite|Extreme Speed|p1b: Basculegion\n|-immune|p1b: Basculegion\n|move|p1a: Sinistcha|Life Dew||[still]|[spread] p1a,p1b\n|-heal|p1a: Sinistcha|49/100\n|-fail|p1b: Basculegion|heal\n|\n|-weather|none\n|upkeep\n|turn|6\n|inactive|juancruz2143 has 30 seconds left.\n|inactive|juancruz2143 has 20 seconds left.\n|\n|t:|1776542205\n|move|p1a: Sinistcha|Matcha Gotcha|p2b: Dragonite|[spread] p2a,p2b\n|-resisted|p2a: Tsareena|1\n|-resisted|p2b: Dragonite|2\n|-damage|p2a: Tsareena|83/100\n|-heal|p1a: Sinistcha|56/100|[from] drain|[of] p2a: Tsareena\n|-damage|p2b: Dragonite|41/100\n|-heal|p1a: Sinistcha|59/100|[from] drain|[of] p2b: Dragonite\n|move|p2a: Tsareena|Trop Kick|p1b: Basculegion\n|-supereffective|p1b: Basculegion|1\n|-damage|p1b: Basculegion|0 fnt\n|faint|p1b: Basculegion\n|move|p2b: Dragonite|Ice Punch|p1a: Sinistcha\n|-supereffective|p1a: Sinistcha|1\n|-damage|p1a: Sinistcha|24/100\n|\n|upkeep\n|\n|t:|1776542218\n|switch|p1b: Drampa|Drampa-Mega, L50, M|5/100\n|turn|7\n|\n|t:|1776542228\n|move|p2a: Tsareena|Protect|p2a: Tsareena\n|-singleturn|p2a: Tsareena|Protect\n|move|p1a: Sinistcha|Rage Powder|p1a: Sinistcha\n|-singleturn|p1a: Sinistcha|move: Rage Powder\n|move|p2b: Dragonite|Extreme Speed|p1a: Sinistcha\n|-immune|p1a: Sinistcha\n|move|p1b: Drampa|Hyper Voice|p2b: Dragonite|[spread] p2b\n|-activate|p2a: Tsareena|move: Protect\n|-damage|p2b: Dragonite|0 fnt\n|faint|p2b: Dragonite\n|\n|-fieldend|move: Trick Room\n|upkeep\n|\n|t:|1776542239\n|switch|p2b: Delphox|Delphox-Mega, L50, F|41/100\n|turn|8\n|inactive|juancruz2143 has 30 seconds left.\n|inactive|juancruz2143 has 20 seconds left.\n|inactive|juancruz2143 has 15 seconds left.\n|\n|t:|1776542284\n|move|p2b: Delphox|Psychic|p1b: Drampa\n|-damage|p1b: Drampa|0 fnt\n|faint|p1b: Drampa\n|move|p2a: Tsareena|Knock Off|p1a: Sinistcha\n|-supereffective|p1a: Sinistcha|1\n|-damage|p1a: Sinistcha|0 fnt\n|faint|p1a: Sinistcha\n|\n|win|HawaiiCookieCo\n|raw|juancruz2143's rating: 1006 &rarr; <strong>1000</strong><br />(-6 for losing)\n|raw|HawaiiCookieCo's rating: 1086 &rarr; <strong>1107</strong><br />(+21 for winning)\n|c|\u2606juancruz2143|T_T\n|l|\u2606juancruz2143\n|player|p1|\n",
  "uploadtime": 1776542303,
  "views": 18,
  "formatid": "gen9championsvgc2026regma",
  "rating": 1000,
  "private": 0,
  "password": null
}