{
  "id": "gen9championsvgc2026regma-2582814316",
  "format": "[Gen 9 Champions] VGC 2026 Reg M-A",
  "players": [
    "mianze",
    "GoldenFreddy00"
  ],
  "log": "|j|\u2606mianze\n|j|\u2606GoldenFreddy00\n|t:|1776116133\n|gametype|doubles\n|player|p1|mianze|101|1063\n|player|p2|GoldenFreddy00|cynthia-gen4|1000\n|gen|9\n|tier|[Gen 9 Champions] VGC 2026 Reg M-A\n|rated|\n|rule|Species Clause: Limit one of each Pok\u00e9mon\n|rule|Item Clause: Limit 1 of each item\n|clearpoke\n|poke|p1|Drampa, L50, F|\n|poke|p1|Sinistcha, L50|\n|poke|p1|Politoed, L50, M|\n|poke|p1|Archaludon, L50, F|\n|poke|p1|Sneasler, L50, F|\n|poke|p1|Meganium, L50, F|\n|poke|p2|Oranguru, L50, M|\n|poke|p2|Espathra, L50, M|\n|poke|p2|Whimsicott, L50, F|\n|poke|p2|Venusaur, L50, F|\n|poke|p2|Torkoal, L50, M|\n|poke|p2|Hawlucha, L50, F|\n|teampreview|4\n|\n|t:|1776116171\n|teamsize|p1|4\n|teamsize|p2|4\n|start\n|switch|p1a: Sneasler|Sneasler, L50, F|100/100\n|switch|p1b: Sinistcha|Sinistcha, L50|100/100\n|switch|p2a: Torkoal|Torkoal, L50, M|100/100\n|switch|p2b: Hawlucha|Hawlucha, L50, F|100/100\n|-weather|SunnyDay|[from] ability: Drought|[of] p2a: Torkoal\n|turn|1\n|inactive|Battle timer is ON: inactive players will automatically lose when time's up. (requested by mianze)\n|\n|t:|1776116219\n|detailschange|p2b: Hawlucha|Hawlucha-Mega, L50, F\n|-mega|p2b: Hawlucha|Hawlucha|Hawluchanite\n|move|p1a: Sneasler|Fake Out|p2b: Hawlucha\n|-damage|p2b: Hawlucha|83/100\n|cant|p2b: Hawlucha|flinch\n|move|p2a: Torkoal|Iron Defense|p2a: Torkoal\n|-boost|p2a: Torkoal|def|2\n|move|p1b: Sinistcha|Trick Room|p1b: Sinistcha\n|-fieldstart|move: Trick Room|[of] p1b: Sinistcha\n|\n|-weather|SunnyDay|[upkeep]\n|upkeep\n|turn|2\n|\n|t:|1776116239\n|switch|p1b: Drampa|Drampa, L50, F, shiny|100/100\n|switch|p1a: Politoed|Politoed, L50, M|100/100\n|-weather|RainDance|[from] ability: Drizzle|[of] p1a: Politoed\n|move|p2a: Torkoal|Iron Defense|p2a: Torkoal\n|-boost|p2a: Torkoal|def|2\n|move|p2b: Hawlucha|Entrainment|p2a: Torkoal\n|-ability|p2a: Torkoal|No Guard|Drought|[from] move: Entrainment|[of] p2b: Hawlucha\n|\n|-weather|RainDance|[upkeep]\n|upkeep\n|turn|3\n|inactive|GoldenFreddy00 has 30 seconds left.\n|\n|t:|1776116271\n|switch|p2b: Oranguru|Oranguru, L50, M|100/100\n|detailschange|p1b: Drampa|Drampa-Mega, L50, F, shiny\n|-mega|p1b: Drampa|Drampa|Drampanite\n|move|p1a: Politoed|Protect|p1a: Politoed\n|-singleturn|p1a: Politoed|Protect\n|move|p2a: Torkoal|Fissure|p1a: Politoed\n|-activate|p1a: Politoed|move: Protect\n|move|p1b: Drampa|Hurricane|p2b: Oranguru\n|-damage|p2b: Oranguru|64/100\n|\n|-weather|RainDance|[upkeep]\n|upkeep\n|turn|4\n|\n|t:|1776116293\n|move|p1b: Drampa|Protect|p1b: Drampa\n|-singleturn|p1b: Drampa|Protect\n|move|p2a: Torkoal|Fissure|p1a: Politoed\n|-damage|p1a: Politoed|0 fnt\n|faint|p1a: Politoed\n|-ohko\n|move|p2b: Oranguru|Instruct|p2a: Torkoal\n|-singleturn|p2a: Torkoal|move: Instruct|[of] p2b: Oranguru\n|move|p2a: Torkoal|Fissure|p1b: Drampa\n|-activate|p1b: Drampa|move: Protect\n|\n|-weather|RainDance|[upkeep]\n|upkeep\n|\n|t:|1776116311\n|switch|p1a: Sinistcha|Sinistcha, L50|100/100\n|turn|5\n|\n|t:|1776116327\n|move|p1a: Sinistcha|Rage Powder|p1a: Sinistcha\n|-singleturn|p1a: Sinistcha|move: Rage Powder\n|move|p2a: Torkoal|Fissure|p1a: Sinistcha\n|-damage|p1a: Sinistcha|0 fnt\n|faint|p1a: Sinistcha\n|-ohko\n|move|p1b: Drampa|Draco Meteor|p2a: Torkoal\n|-damage|p2a: Torkoal|7/100\n|-unboost|p1b: Drampa|spa|2\n|move|p2b: Oranguru|Instruct|p2a: Torkoal\n|-singleturn|p2a: Torkoal|move: Instruct|[of] p2b: Oranguru\n|move|p2a: Torkoal|Fissure|p1b: Drampa\n|-damage|p1b: Drampa|0 fnt\n|faint|p1b: Drampa\n|-ohko\n|\n|-weather|RainDance|[upkeep]\n|-fieldend|move: Trick Room\n|upkeep\n|\n|t:|1776116344\n|switch|p1b: Sneasler|Sneasler, L50, F|100/100\n|turn|6\n|\n|t:|1776116367\n|switch|p2a: Hawlucha|Hawlucha-Mega, L50, F|83/100\n|move|p1b: Sneasler|Dire Claw|p2a: Hawlucha\n|-damage|p2a: Hawlucha|40/100\n|move|p2b: Oranguru|Trick Room|p2b: Oranguru\n|-fieldstart|move: Trick Room|[of] p2b: Oranguru\n|\n|-weather|none\n|upkeep\n|turn|7\n|inactive|GoldenFreddy00 has 30 seconds left.\n|inactive|mianze has 30 seconds left.\n|\n|t:|1776116400\n|switch|p2b: Venusaur|Venusaur, L50, F|100/100\n|move|p2a: Hawlucha|Body Press|p1b: Sneasler\n|-resisted|p1b: Sneasler|1\n|-damage|p1b: Sneasler|71/100\n|move|p1b: Sneasler|Dire Claw|p2a: Hawlucha\n|-damage|p2a: Hawlucha|0 fnt\n|faint|p2a: Hawlucha\n|\n|upkeep\n|\n|t:|1776116412\n|switch|p2a: Torkoal|Torkoal, L50, M|7/100\n|-weather|SunnyDay|[from] ability: Drought|[of] p2a: Torkoal\n|turn|8\n|inactive|GoldenFreddy00 has 30 seconds left.\n|inactive|GoldenFreddy00 has 20 seconds left.\n|\n|t:|1776116450\n|switch|p2b: Oranguru|Oranguru, L50, M|64/100\n|move|p2a: Torkoal|Earthquake|p1b: Sneasler|[spread] p2b,p1b\n|-supereffective|p1b: Sneasler|1\n|-damage|p2b: Oranguru|49/100\n|-damage|p1b: Sneasler|21/100\n|move|p1b: Sneasler|Dire Claw|p2b: Oranguru\n|-damage|p2b: Oranguru|4/100\n|\n|-weather|SunnyDay|[upkeep]\n|upkeep\n|turn|9\n|\n|t:|1776116466\n|move|p2a: Torkoal|Earthquake|p1b: Sneasler|[spread] p2b,p1b\n|-supereffective|p1b: Sneasler|1\n|-damage|p2b: Oranguru|0 fnt\n|-damage|p1b: Sneasler|0 fnt\n|faint|p2b: Oranguru\n|faint|p1b: Sneasler\n|\n|win|GoldenFreddy00\n|raw|mianze's rating: 1063 &rarr; <strong>1040</strong><br />(-23 for losing)\n|raw|GoldenFreddy00's rating: 1000 &rarr; <strong>1047</strong><br />(+47 for winning)\n|l|\u2606mianze\n|player|p1|\n",
  "uploadtime": 1776116479,
  "views": 15,
  "formatid": "gen9championsvgc2026regma",
  "rating": 1040,
  "private": 0,
  "password": null
}