{
  "id": "gen9championsvgc2026regma-2582642195",
  "format": "[Gen 9 Champions] VGC 2026 Reg M-A",
  "players": [
    "SxHards",
    "yamzinyobooty"
  ],
  "log": "|j|\u2606SxHards\n|j|\u2606yamzinyobooty\n|t:|1776104454\n|gametype|doubles\n|player|p1|SxHards|fisherman-gen4|1124\n|player|p2|yamzinyobooty|170|1117\n|gen|9\n|tier|[Gen 9 Champions] VGC 2026 Reg M-A\n|rated|\n|rule|Species Clause: Limit one of each Pok\u00e9mon\n|rule|Item Clause: Limit 1 of each item\n|clearpoke\n|poke|p1|Gardevoir, L50, M|\n|poke|p1|Garchomp, L50, M|\n|poke|p1|Corviknight, L50, M|\n|poke|p1|Zoroark-Hisui, L50, M|\n|poke|p1|Meowscarada, L50, M|\n|poke|p1|Rotom-Wash, L50|\n|poke|p2|Delphox, L50, F|\n|poke|p2|Basculegion, L50, M|\n|poke|p2|Clefable, L50, M|\n|poke|p2|Kingambit, L50, F|\n|poke|p2|Sneasler, L50, M|\n|poke|p2|Dragonite, L50, F|\n|teampreview|4\n|inactive|Battle timer is ON: inactive players will automatically lose when time's up. (requested by SxHards)\n|inactive|SxHards has 60 seconds left.\n|inactive|yamzinyobooty has 60 seconds left.\n|\n|t:|1776104519\n|teamsize|p1|4\n|teamsize|p2|4\n|start\n|switch|p1a: Meowscarada|Meowscarada, L50, M|100/100\n|switch|p1b: Gardevoir|Gardevoir, L50, M|100/100\n|switch|p2a: Basculegion|Basculegion, L50, M|100/100\n|switch|p2b: Sneasler|Sneasler, L50, M, shiny|100/100\n|turn|1\n|\n|t:|1776104540\n|move|p2b: Sneasler|Fake Out|p1a: Meowscarada\n|-damage|p1a: Meowscarada|80/100\n|cant|p1a: Meowscarada|flinch\n|move|p2a: Basculegion|Wave Crash|p1b: Gardevoir\n|-enditem|p1b: Gardevoir|Focus Sash\n|-damage|p1b: Gardevoir|1/100\n|replace|p1b: Zoroark|Zoroark-Hisui, L50, M\n|-end|p1b: Zoroark|Illusion\n|-damage|p2a: Basculegion|80/100|[from] Recoil\n|move|p1b: Zoroark|Hyper Voice|p2a: Basculegion|[spread] p2b\n|-immune|p2a: Basculegion\n|-damage|p2b: Sneasler|54/100\n|\n|upkeep\n|turn|2\n|inactive|yamzinyobooty has 30 seconds left.\n|\n|t:|1776104568\n|move|p2b: Sneasler|Protect|p2b: Sneasler\n|-singleturn|p2b: Sneasler|Protect\n|move|p1b: Zoroark|Shadow Sneak|p2b: Sneasler\n|-activate|p2b: Sneasler|move: Protect\n|move|p1a: Meowscarada|Flower Trick|p2a: Basculegion\n|-start|p1a: Meowscarada|typechange|Grass|[from] ability: Protean\n|-supereffective|p2a: Basculegion|1\n|-crit|p2a: Basculegion\n|-damage|p2a: Basculegion|0 fnt\n|faint|p2a: Basculegion\n|\n|upkeep\n|\n|t:|1776104580\n|switch|p2a: Dragonite|Dragonite, L50, F, shiny|100/100\n|turn|3\n|\n|t:|1776104587\n|move|p2a: Dragonite|Protect|p2a: Dragonite\n|-singleturn|p2a: Dragonite|Protect\n|move|p1b: Zoroark|Shadow Sneak|p2a: Dragonite\n|-activate|p2a: Dragonite|move: Protect\n|move|p1a: Meowscarada|Flower Trick|p2b: Sneasler\n|-resisted|p2b: Sneasler|1\n|-crit|p2b: Sneasler\n|-damage|p2b: Sneasler|11/100\n|move|p2b: Sneasler|Dire Claw|p1a: Meowscarada\n|-supereffective|p1a: Meowscarada|1\n|-damage|p1a: Meowscarada|0 fnt\n|faint|p1a: Meowscarada\n|\n|upkeep\n|\n|t:|1776104599\n|switch|p1a: Gardevoir|Gardevoir, L50, M|100/100\n|-ability|p1a: Gardevoir|Unburden|Trace|[from] ability: Trace|[of] p2b: Sneasler\n|turn|4\n|inactive|yamzinyobooty has 30 seconds left.\n|\n|t:|1776104632\n|detailschange|p1a: Gardevoir|Gardevoir-Mega, L50, M\n|-mega|p1a: Gardevoir|Gardevoir|Gardevoirite\n|move|p2a: Dragonite|Protect||[still]\n|-fail|p2a: Dragonite\n|move|p1b: Zoroark|Shadow Sneak|p2a: Dragonite\n|-damage|p2a: Dragonite|95/100\n|move|p2b: Sneasler|Dire Claw|p1a: Gardevoir\n|-supereffective|p1a: Gardevoir|1\n|-damage|p1a: Gardevoir|3/100\n|move|p1a: Gardevoir|Dazzling Gleam|p2b: Sneasler|[spread] p2a,p2b\n|-supereffective|p2a: Dragonite|1\n|-crit|p2b: Sneasler\n|-damage|p2a: Dragonite|31/100\n|-damage|p2b: Sneasler|0 fnt\n|faint|p2b: Sneasler\n|\n|upkeep\n|\n|t:|1776104643\n|switch|p2b: Delphox|Delphox, L50, F, shiny|100/100\n|turn|5\n|\n|t:|1776104656\n|detailschange|p2b: Delphox|Delphox-Mega, L50, F, shiny\n|-mega|p2b: Delphox|Delphox|Delphoxite\n|move|p1a: Gardevoir|Protect|p1a: Gardevoir\n|-singleturn|p1a: Gardevoir|Protect\n|move|p2a: Dragonite|Extreme Speed|p1a: Gardevoir\n|-activate|p1a: Gardevoir|move: Protect\n|move|p1b: Zoroark|Shadow Sneak|p2a: Dragonite\n|-damage|p2a: Dragonite|17/100\n|move|p2b: Delphox|Heat Wave|p1b: Zoroark|[spread] p1b\n|-activate|p1a: Gardevoir|move: Protect\n|-damage|p1b: Zoroark|0 fnt\n|faint|p1b: Zoroark\n|\n|upkeep\n|\n|t:|1776104669\n|switch|p1b: Rotom|Rotom-Wash, L50|100/100\n|turn|6\n|\n|t:|1776104689\n|move|p2a: Dragonite|Extreme Speed|p1a: Gardevoir\n|-damage|p1a: Gardevoir|0 fnt\n|faint|p1a: Gardevoir\n|move|p2b: Delphox|Substitute|p2b: Delphox\n|-start|p2b: Delphox|Substitute\n|-damage|p2b: Delphox|76/100\n|move|p1b: Rotom|Hydro Pump|p2b: Delphox\n|-supereffective|p2b: Delphox|1\n|-crit|p2b: Delphox\n|-end|p2b: Delphox|Substitute\n|\n|upkeep\n|turn|7\n|\n|t:|1776104702\n|move|p2b: Delphox|Protect|p2b: Delphox\n|-singleturn|p2b: Delphox|Protect\n|move|p2a: Dragonite|Extreme Speed|p1b: Rotom\n|-damage|p1b: Rotom|66/100\n|move|p1b: Rotom|Thunderbolt|p2a: Dragonite\n|-damage|p2a: Dragonite|0 fnt\n|faint|p2a: Dragonite\n|\n|upkeep\n|turn|8\n|\n|t:|1776104712\n|move|p2b: Delphox|Psychic|p1b: Rotom\n|-damage|p1b: Rotom|17/100\n|-enditem|p1b: Rotom|Sitrus Berry|[eat]\n|-heal|p1b: Rotom|42/100|[from] item: Sitrus Berry\n|move|p1b: Rotom|Hydro Pump|p2b: Delphox\n|-supereffective|p2b: Delphox|1\n|-damage|p2b: Delphox|0 fnt\n|faint|p2b: Delphox\n|\n|win|SxHards\n|raw|SxHards's rating: 1124 &rarr; <strong>1148</strong><br />(+24 for winning)\n|raw|yamzinyobooty's rating: 1117 &rarr; <strong>1093</strong><br />(-24 for losing)\n",
  "uploadtime": 1776104713,
  "views": 10,
  "formatid": "gen9championsvgc2026regma",
  "rating": 1093,
  "private": 0,
  "password": null
}