{
  "id": "gen9championsvgc2026regma-2582159559",
  "format": "[Gen 9 Champions] VGC 2026 Reg M-A",
  "players": [
    "gshh10",
    "Mat002"
  ],
  "log": "|j|\u2606gshh10\n|j|\u2606Mat002\n|t:|1776065620\n|gametype|doubles\n|player|p1|gshh10|102|1090\n|player|p2|Mat002|steven|1173\n|gen|9\n|tier|[Gen 9 Champions] VGC 2026 Reg M-A\n|rated|\n|rule|Species Clause: Limit one of each Pok\u00e9mon\n|rule|Item Clause: Limit 1 of each item\n|clearpoke\n|poke|p1|Gengar, L50, F|\n|poke|p1|Garchomp, L50, F|\n|poke|p1|Basculegion, L50, M|\n|poke|p1|Politoed, L50, F|\n|poke|p1|Dragapult, L50, F|\n|poke|p1|Gyarados, L50, F|\n|poke|p2|Rotom-Wash, L50|\n|poke|p2|Sneasler, L50, F|\n|poke|p2|Incineroar, L50, F|\n|poke|p2|Delphox, L50, M|\n|poke|p2|Garchomp, L50, F|\n|poke|p2|Whimsicott, L50, F|\n|teampreview|4\n|\n|t:|1776065658\n|teamsize|p1|4\n|teamsize|p2|4\n|start\n|switch|p1a: Garchomp|Garchomp, L50, F|100/100\n|switch|p1b: Gengar|Gengar, L50, F, shiny|100/100\n|switch|p2a: Sneasler|Sneasler, L50, F|100/100\n|switch|p2b: Incineroar|Incineroar, L50, F|100/100\n|-ability|p2b: Incineroar|Intimidate|boost\n|-unboost|p1a: Garchomp|atk|1\n|-unboost|p1b: Gengar|atk|1\n|turn|1\n|\n|t:|1776065681\n|switch|p1b: Basculegion|Basculegion, L50, M|100/100\n|move|p2a: Sneasler|Fake Out|p1a: Garchomp\n|-damage|p1a: Garchomp|85/100\n|-damage|p2a: Sneasler|88/100|[from] ability: Rough Skin|[of] p1a: Garchomp\n|cant|p1a: Garchomp|flinch\n|move|p2b: Incineroar|Darkest Lariat|p1b: Basculegion\n|-supereffective|p1b: Basculegion|1\n|-damage|p1b: Basculegion|20/100\n|\n|upkeep\n|turn|2\n|\n|t:|1776065702\n|switch|p2b: Rotom|Rotom-Wash, L50|100/100\n|move|p1b: Basculegion|Protect|p1b: Basculegion\n|-singleturn|p1b: Basculegion|Protect\n|move|p2a: Sneasler|U-turn|p1b: Basculegion\n|-activate|p1b: Basculegion|move: Protect\n|move|p1a: Garchomp|Stomping Tantrum|p2a: Sneasler\n|-supereffective|p2a: Sneasler|1\n|-damage|p2a: Sneasler|0 fnt\n|faint|p2a: Sneasler\n|\n|upkeep\n|\n|t:|1776065717\n|switch|p2a: Delphox|Delphox, L50, M|100/100\n|turn|3\n|\n|t:|1776065735\n|switch|p1a: Politoed|Politoed, L50, F|100/100\n|-weather|RainDance|[from] ability: Drizzle|[of] p1a: Politoed\n|detailschange|p2a: Delphox|Delphox-Mega, L50, M\n|-mega|p2a: Delphox|Delphox|Delphoxite\n|move|p2a: Delphox|Psychic|p1b: Basculegion\n|-damage|p1b: Basculegion|0 fnt\n|faint|p1b: Basculegion\n|move|p2b: Rotom|Will-O-Wisp|p1a: Politoed\n|-status|p1a: Politoed|brn\n|\n|-weather|RainDance|[upkeep]\n|-damage|p1a: Politoed|94/100 brn|[from] brn\n|upkeep\n|\n|t:|1776065758\n|switch|p1b: Garchomp|Garchomp, L50, F|85/100\n|turn|4\n|\n|t:|1776065768\n|move|p2a: Delphox|Protect|p2a: Delphox\n|-singleturn|p2a: Delphox|Protect\n|move|p1b: Garchomp|Stomping Tantrum|p2a: Delphox\n|-activate|p2a: Delphox|move: Protect\n|move|p2b: Rotom|Will-O-Wisp|p1b: Garchomp\n|-status|p1b: Garchomp|brn\n|move|p1a: Politoed|Encore|p2b: Rotom\n|-start|p2b: Rotom|Encore\n|\n|-weather|RainDance|[upkeep]\n|-heal|p1a: Politoed|100/100 brn|[from] item: Leftovers\n|-damage|p1b: Garchomp|79/100 brn|[from] brn\n|-damage|p1a: Politoed|94/100 brn|[from] brn\n|upkeep\n|turn|5\n|\n|t:|1776065784\n|switch|p2b: Incineroar|Incineroar, L50, F|100/100\n|-ability|p2b: Incineroar|Intimidate|boost\n|-unboost|p1a: Politoed|atk|1\n|-unboost|p1b: Garchomp|atk|1\n|move|p2a: Delphox|Psychic|p1a: Politoed\n|-damage|p1a: Politoed|53/100 brn\n|move|p1b: Garchomp|Stomping Tantrum|p2a: Delphox\n|-immune|p2a: Delphox|[from] ability: Levitate\n|move|p1a: Politoed|Weather Ball|p2a: Delphox\n|-supereffective|p2a: Delphox|1\n|-damage|p2a: Delphox|0 fnt\n|faint|p2a: Delphox\n|\n|-weather|RainDance|[upkeep]\n|-heal|p1a: Politoed|59/100 brn|[from] item: Leftovers\n|-damage|p1b: Garchomp|73/100 brn|[from] brn\n|-damage|p1a: Politoed|53/100 brn|[from] brn\n|upkeep\n|\n|t:|1776065800\n|switch|p2a: Rotom|Rotom-Wash, L50|100/100\n|turn|6\n|\n|t:|1776065810\n|move|p1a: Politoed|Protect|p1a: Politoed\n|-singleturn|p1a: Politoed|Protect\n|move|p1b: Garchomp|Rock Slide|p2b: Incineroar|[spread] p2a,p2b\n|-supereffective|p2b: Incineroar|1\n|-damage|p2a: Rotom|93/100\n|-damage|p2b: Incineroar|88/100\n|cant|p2a: Rotom|flinch\n|cant|p2b: Incineroar|flinch\n|\n|-weather|RainDance|[upkeep]\n|-heal|p1a: Politoed|59/100 brn|[from] item: Leftovers\n|-damage|p1b: Garchomp|68/100 brn|[from] brn\n|-damage|p1a: Politoed|53/100 brn|[from] brn\n|upkeep\n|turn|7\n|\n|t:|1776065826\n|move|p1b: Garchomp|Rock Slide|p2b: Incineroar|[spread] p2a,p2b\n|-supereffective|p2b: Incineroar|1\n|-damage|p2a: Rotom|85/100\n|-damage|p2b: Incineroar|76/100\n|cant|p2a: Rotom|flinch\n|move|p1a: Politoed|Perish Song|p1a: Politoed\n|-start|p1a: Politoed|perish3|[silent]\n|-start|p1b: Garchomp|perish3|[silent]\n|-start|p2a: Rotom|perish3|[silent]\n|-start|p2b: Incineroar|perish3|[silent]\n|-fieldactivate|move: Perish Song\n|cant|p2b: Incineroar|flinch\n|\n|-weather|none\n|-heal|p1a: Politoed|59/100 brn|[from] item: Leftovers\n|-damage|p1b: Garchomp|62/100 brn|[from] brn\n|-damage|p1a: Politoed|53/100 brn|[from] brn\n|-start|p1b: Garchomp|perish3\n|-start|p2a: Rotom|perish3\n|-start|p1a: Politoed|perish3\n|-start|p2b: Incineroar|perish3\n|upkeep\n|turn|8\n|\n|t:|1776065850\n|move|p1a: Politoed|Protect|p1a: Politoed\n|-singleturn|p1a: Politoed|Protect\n|move|p1b: Garchomp|Rock Slide|p2a: Rotom|[spread] p2a,p2b\n|-supereffective|p2b: Incineroar|1\n|-damage|p2a: Rotom|77/100\n|-damage|p2b: Incineroar|62/100\n|cant|p2a: Rotom|flinch\n|cant|p2b: Incineroar|flinch\n|\n|-heal|p1a: Politoed|59/100 brn|[from] item: Leftovers\n|-damage|p1b: Garchomp|56/100 brn|[from] brn\n|-damage|p1a: Politoed|53/100 brn|[from] brn\n|-start|p1b: Garchomp|perish2\n|-start|p2a: Rotom|perish2\n|-start|p1a: Politoed|perish2\n|-start|p2b: Incineroar|perish2\n|upkeep\n|turn|9\n|-message|Mat002 forfeited.\n|\n|win|gshh10\n|raw|gshh10's rating: 1090 &rarr; <strong>1123</strong><br />(+33 for winning)\n|raw|Mat002's rating: 1173 &rarr; <strong>1142</strong><br />(-31 for losing)\n|l|\u2606Mat002\n|player|p2|\n|c|\u2606gshh10|\uff1f\n",
  "uploadtime": 1776065868,
  "views": 20,
  "formatid": "gen9championsvgc2026regma",
  "rating": 1123,
  "private": 0,
  "password": null
}