{
  "id": "gen9championsvgc2026regma-2587907080",
  "format": "[Gen 9 Champions] VGC 2026 Reg M-A",
  "players": [
    "Krupp99",
    "Flakenz"
  ],
  "log": "|j|\u2606Krupp99\n|j|\u2606Flakenz\n|t:|1776577379\n|gametype|doubles\n|player|p1|Krupp99|roark|1374\n|player|p2|Flakenz|boarder|1472\n|gen|9\n|tier|[Gen 9 Champions] VGC 2026 Reg M-A\n|rated|\n|rule|Species Clause: Limit one of each Pok\u00e9mon\n|rule|Item Clause: Limit 1 of each item\n|clearpoke\n|poke|p1|Delphox, L50, F|\n|poke|p1|Garchomp, L50, F|\n|poke|p1|Sneasler, L50, F|\n|poke|p1|Floette-Eternal, L50, F|\n|poke|p1|Basculegion, L50, M|\n|poke|p1|Whimsicott, L50, F|\n|poke|p2|Gengar, L50, F|\n|poke|p2|Kingambit, L50, F|\n|poke|p2|Talonflame, L50, M, shiny|\n|poke|p2|Blastoise, L50, M|\n|poke|p2|Sinistcha, L50|\n|poke|p2|Arcanine-Hisui, L50, F|\n|teampreview|4\n|inactive|Battle timer is ON: inactive players will automatically lose when time's up. (requested by Krupp99)\n|\n|t:|1776577405\n|teamsize|p1|4\n|teamsize|p2|4\n|start\n|switch|p1a: Floette|Floette-Eternal, L50, F|100/100\n|switch|p1b: Whimsicott|Whimsicott, L50, F|100/100\n|switch|p2a: Gengar|Gengar, L50, F|100/100\n|switch|p2b: Kingambit|Kingambit, L50, F|100/100\n|turn|1\n|\n|t:|1776577423\n|detailschange|p1a: Floette|Floette-Mega, L50, F\n|-mega|p1a: Floette|Floette|Floettite\n|-ability|p1a: Floette|Fairy Aura\n|move|p2a: Gengar|Icy Wind|p1b: Whimsicott|[spread] p1a,p1b\n|-supereffective|p1b: Whimsicott|1\n|-crit|p1b: Whimsicott\n|-damage|p1a: Floette|88/100\n|-damage|p1b: Whimsicott|38/100\n|-unboost|p1a: Floette|spe|1\n|-unboost|p1b: Whimsicott|spe|1\n|move|p1a: Floette|Moonblast|p2b: Kingambit\n|-damage|p2b: Kingambit|21/100\n|move|p1b: Whimsicott|Moonblast|p2b: Kingambit\n|-damage|p2b: Kingambit|0 fnt\n|faint|p2b: Kingambit\n|\n|upkeep\n|\n|t:|1776577437\n|switch|p2b: Arcanine|Arcanine-Hisui, L50, F|100/100\n|-ability|p2b: Arcanine|Intimidate|boost\n|-unboost|p1a: Floette|atk|1\n|-unboost|p1b: Whimsicott|atk|1\n|turn|2\n|\n|t:|1776577445\n|switch|p1a: Garchomp|Garchomp, L50, F|100/100\n|switch|p1b: Sneasler|Sneasler, L50, F|100/100\n|move|p2a: Gengar|Icy Wind|p1a: Garchomp|[spread] p1a,p1b\n|-supereffective|p1a: Garchomp|2\n|-crit|p1a: Garchomp\n|-damage|p1a: Garchomp|1/100\n|-damage|p1b: Sneasler|78/100\n|-unboost|p1a: Garchomp|spe|1\n|-unboost|p1b: Sneasler|spe|1\n|-enditem|p1b: Sneasler|White Herb\n|-clearnegativeboost|p1b: Sneasler|[silent]\n|move|p2b: Arcanine|Flare Blitz|p1a: Garchomp\n|-resisted|p1a: Garchomp|1\n|-damage|p1a: Garchomp|0 fnt\n|-damage|p2b: Arcanine|88/100|[from] ability: Rough Skin|[of] p1a: Garchomp\n|faint|p1a: Garchomp\n|-damage|p2b: Arcanine|88/100|[from] Recoil\n|\n|upkeep\n|\n|t:|1776577449\n|switch|p1a: Whimsicott|Whimsicott, L50, F|38/100\n|turn|3\n|\n|t:|1776577471\n|switch|p2b: Blastoise|Blastoise, L50, M|100/100\n|move|p1a: Whimsicott|Tailwind|p1a: Whimsicott\n|-sidestart|p1: Krupp99|move: Tailwind\n|move|p1b: Sneasler|Close Combat|p2b: Blastoise\n|-damage|p2b: Blastoise|34/100\n|-unboost|p1b: Sneasler|def|1\n|-unboost|p1b: Sneasler|spd|1\n|move|p2a: Gengar|Icy Wind|p1b: Sneasler|[spread] p1a,p1b\n|-supereffective|p1a: Whimsicott|1\n|-damage|p1a: Whimsicott|0 fnt\n|-damage|p1b: Sneasler|43/100\n|-unboost|p1b: Sneasler|spe|1\n|faint|p1a: Whimsicott\n|\n|upkeep\n|\n|t:|1776577483\n|switch|p1a: Floette|Floette-Mega, L50, F|88/100\n|-ability|p1a: Floette|Fairy Aura\n|turn|4\n|\n|t:|1776577505\n|detailschange|p2b: Blastoise|Blastoise-Mega, L50, M\n|-mega|p2b: Blastoise|Blastoise|Blastoisinite\n|move|p2b: Blastoise|Protect|p2b: Blastoise\n|-singleturn|p2b: Blastoise|Protect\n|move|p1b: Sneasler|Dire Claw|p2a: Gengar\n|-resisted|p2a: Gengar|2\n|-damage|p2a: Gengar|77/100\n|-start|p1b: Sneasler|Disable|Dire Claw|[from] ability: Cursed Body|[of] p2a: Gengar\n|move|p1a: Floette|Dazzling Gleam|p2a: Gengar|[spread] p2a\n|-activate|p2b: Blastoise|move: Protect\n|-resisted|p2a: Gengar|1\n|-damage|p2a: Gengar|36/100\n|move|p2a: Gengar|Icy Wind|p1b: Sneasler|[spread] p1a,p1b\n|-damage|p1a: Floette|75/100\n|-damage|p1b: Sneasler|13/100\n|-unboost|p1a: Floette|spe|1\n|-unboost|p1b: Sneasler|spe|1\n|\n|upkeep\n|turn|5\n|\n|t:|1776577527\n|move|p1b: Sneasler|Swords Dance|p1b: Sneasler\n|-boost|p1b: Sneasler|atk|2\n|move|p2a: Gengar|Icy Wind|p1a: Floette|[spread] p1a,p1b\n|-damage|p1a: Floette|61/100\n|-damage|p1b: Sneasler|0 fnt\n|-unboost|p1a: Floette|spe|1\n|faint|p1b: Sneasler\n|move|p1a: Floette|Dazzling Gleam|p2b: Blastoise|[spread] p2a,p2b\n|-resisted|p2a: Gengar|1\n|-damage|p2a: Gengar|0 fnt\n|-damage|p2b: Blastoise|0 fnt\n|-start|p1a: Floette|Disable|Dazzling Gleam|[from] ability: Cursed Body|[of] p2a: Gengar\n|faint|p2a: Gengar\n|faint|p2b: Blastoise\n|\n|upkeep\n|\n|t:|1776577542\n|switch|p2a: Arcanine|Arcanine-Hisui, L50, F|88/100\n|-ability|p2a: Arcanine|Intimidate|boost\n|-unboost|p1a: Floette|atk|1\n|turn|6\n|\n|t:|1776577548\n|move|p1a: Floette|Moonblast|p2a: Arcanine\n|-resisted|p2a: Arcanine|1\n|-damage|p2a: Arcanine|45/100\n|move|p2a: Arcanine|Flare Blitz|p1a: Floette\n|-damage|p1a: Floette|0 fnt\n|faint|p1a: Floette\n|-damage|p2a: Arcanine|28/100|[from] Recoil\n|\n|win|Flakenz\n|raw|Krupp99's rating: 1374 &rarr; <strong>1359</strong><br />(-15 for losing)\n|raw|Flakenz's rating: 1472 &rarr; <strong>1487</strong><br />(+15 for winning)\n",
  "uploadtime": 1776577548,
  "views": 35,
  "formatid": "gen9championsvgc2026regma",
  "rating": 1359,
  "private": 0,
  "password": null
}