{
  "id": "gen9championsvgc2026regma-2584023898",
  "format": "[Gen 9 Champions] VGC 2026 Reg M-A",
  "players": [
    "pogchew",
    "Bananaramic"
  ],
  "log": "|j|\u2606pogchew\n|j|\u2606Bananaramic\n|t:|1776217736\n|gametype|doubles\n|player|p1|pogchew|102|\n|player|p2|Bananaramic|169|\n|gen|9\n|tier|[Gen 9 Champions] VGC 2026 Reg M-A\n|rule|Species Clause: Limit one of each Pok\u00e9mon\n|rule|Item Clause: Limit 1 of each item\n|clearpoke\n|poke|p1|Gardevoir, L50, F|\n|poke|p1|Milotic, L50, F|\n|poke|p1|Conkeldurr, L50, M|\n|poke|p1|Skarmory, L50, F|\n|poke|p1|Incineroar, L50, M|\n|poke|p1|Rotom-Mow, L50|\n|poke|p2|Froslass, L50, F|\n|poke|p2|Slowking, L50, M|\n|poke|p2|Noivern, L50, F|\n|poke|p2|Trevenant, L50, M|\n|poke|p2|Primarina, L50, F|\n|poke|p2|Arcanine, L50, M|\n|teampreview|4\nBananaramic rejected open team sheets.\n|j| DannyMelon\n|j| RyanMelon\n|\n|t:|1776217868\n|teamsize|p1|4\n|teamsize|p2|4\n|start\n|switch|p1a: :(|Skarmory, L50, F|100/100\n|switch|p1b: Cat|Incineroar, L50, M, shiny|100/100\n|switch|p2a: Noivern|Noivern, L50, F|100/100\n|switch|p2b: Slowking|Slowking, L50, M|100/100\n|-item|p1a: :(|Choice Scarf|[from] ability: Frisk|[of] p2a: Noivern\n|-item|p1b: Cat|Leftovers|[from] ability: Frisk|[of] p2a: Noivern\n|-ability|p1b: Cat|Intimidate|boost\n|-unboost|p2a: Noivern|atk|1\n|-unboost|p2b: Slowking|atk|1\n|turn|1\n|inactive|Battle timer is ON: inactive players will automatically lose when time's up. (requested by pogchew)\n|c|\u2606pogchew|LETS GO PAL\n|c|\u2606Bananaramic|BRO\n|c|\u2606Bananaramic|TOO MANY OPTIONS\n|inactive|Bananaramic has 60 seconds left.\n|\n|t:|1776217975\n|move|p1a: :(|Brave Bird|p2b: Slowking\n|-damage|p2b: Slowking|62/100\n|-damage|p1a: :(|83/100|[from] Recoil\n|move|p2a: Noivern|Tailwind|p2a: Noivern\n|-sidestart|p2: Bananaramic|move: Tailwind\n|move|p2b: Slowking|Scald|p1b: Cat\n|-supereffective|p1b: Cat|1\n|-damage|p1b: Cat|47/100\n|move|p1b: Cat|Darkest Lariat|p2b: Slowking\n|-supereffective|p2b: Slowking|1\n|-damage|p2b: Slowking|0 fnt\n|faint|p2b: Slowking\n|\n|-heal|p1b: Cat|53/100|[from] item: Leftovers\n|upkeep\n|\n|t:|1776217994\n|switch|p2b: Froslass|Froslass, L50, F|100/100\n|turn|2\n|\n|t:|1776218015\n|switch|p1b: Rainbow Dash|Milotic, L50, F, shiny|100/100\n|detailschange|p2b: Froslass|Froslass-Mega, L50, F\n|-mega|p2b: Froslass|Froslass|Froslassite\n|-weather|Snowscape|[from] ability: Snow Warning|[of] p2b: Froslass\n|move|p2a: Noivern|Super Fang|p1b: Rainbow Dash\n|-damage|p1b: Rainbow Dash|50/100\n|-enditem|p1b: Rainbow Dash|Sitrus Berry|[eat]\n|-heal|p1b: Rainbow Dash|75/100|[from] item: Sitrus Berry\n|move|p2b: Froslass|Blizzard|p1a: :(|[spread] p1a,p1b\n|-resisted|p1b: Rainbow Dash|1\n|-damage|p1a: :(|23/100\n|-damage|p1b: Rainbow Dash|61/100\n|-status|p1a: :(|frz\n|-curestatus|p1a: :(|frz|[msg]\n|move|p1a: :(|Brave Bird|p2a: Noivern\n|-damage|p2a: Noivern|46/100\n|-damage|p1a: :(|0 fnt|[from] Recoil\n|faint|p1a: :(\n|\n|-weather|Snowscape|[upkeep]\n|upkeep\n|c|\u2606Bananaramic|is freeze bugged or what\n|\n|t:|1776218035\n|switch|p1a: Cat|Incineroar, L50, M, shiny|53/100\n|-ability|p1a: Cat|Intimidate|boost\n|-unboost|p2a: Noivern|atk|1\n|-unboost|p2b: Froslass|atk|1\n|turn|3\n|c|\u2606Bananaramic|guaranteed + guaranteed to melt out\n|inactive|Bananaramic has 30 seconds left.\n|\n|t:|1776218067\n|move|p1a: Cat|Fake Out|p2a: Noivern\n|-damage|p2a: Noivern|29/100\n|cant|p2a: Noivern|flinch\n|move|p2b: Froslass|Aurora Veil|p2b: Froslass\n|-sidestart|p2: Bananaramic|move: Aurora Veil\n|move|p1b: Rainbow Dash|Life Dew|p1b: Rainbow Dash|[spread] p1a,p1b\n|-heal|p1a: Cat|78/100\n|-heal|p1b: Rainbow Dash|87/100\n|\n|-weather|Snowscape|[upkeep]\n|-heal|p1a: Cat|84/100|[from] item: Leftovers\n|upkeep\n|turn|4\n|inactive|pogchew has 30 seconds left.\n|inactive|Bananaramic has 30 seconds left.\n|inactive|pogchew has 20 seconds left.\n|inactive|pogchew has 15 seconds left.\n|\n|t:|1776218108\n|move|p2a: Noivern|U-turn|p1a: Cat\n|-damage|p1a: Cat|79/100\n|\n|t:|1776218111\n|switch|p2a: Trevenant|Trevenant, L50, M|100/100|[from] U-turn\n|move|p2b: Froslass|Blizzard|p1a: Cat|[spread] p1a,p1b\n|-resisted|p1a: Cat|1\n|-resisted|p1b: Rainbow Dash|1\n|-damage|p1a: Cat|62/100\n|-damage|p1b: Rainbow Dash|73/100\n|move|p1b: Rainbow Dash|Icy Wind|p2b: Froslass|[spread] p2b\n|-miss|p1b: Rainbow Dash|p2a: Trevenant\n|-resisted|p2b: Froslass|1\n|-damage|p2b: Froslass|98/100\n|-unboost|p2b: Froslass|spe|1\n|move|p1a: Cat|Flare Blitz|p2b: Froslass\n|-supereffective|p2b: Froslass|1\n|-damage|p2b: Froslass|37/100\n|-damage|p1a: Cat|44/100|[from] Recoil\n|\n|-weather|Snowscape|[upkeep]\n|-heal|p1a: Cat|50/100|[from] item: Leftovers\n|-sideend|p2: Bananaramic|move: Tailwind\n|upkeep\n|turn|5\n|inactive|pogchew has 30 seconds left.\n|inactive|Bananaramic has 30 seconds left.\n|inactive|pogchew has 20 seconds left.\n|inactive|Bananaramic has 20 seconds left.\n|inactive|pogchew has 15 seconds left.\n|inactive|pogchew has 10 seconds left.\n|\n|t:|1776218156\n|move|p1b: Rainbow Dash|Weather Ball|p2a: Trevenant\n|-supereffective|p2a: Trevenant|1\n|-damage|p2a: Trevenant|64/100\n|move|p2b: Froslass|Blizzard|p1b: Rainbow Dash|[spread] p1a,p1b\n|-resisted|p1a: Cat|1\n|-resisted|p1b: Rainbow Dash|1\n|-damage|p1a: Cat|33/100\n|-damage|p1b: Rainbow Dash|60/100\n|move|p1a: Cat|Flare Blitz|p2a: Trevenant\n|-supereffective|p2a: Trevenant|1\n|-damage|p2a: Trevenant|0 fnt\n|faint|p2a: Trevenant\n|-damage|p1a: Cat|13/100|[from] Recoil\n|\n|-weather|Snowscape|[upkeep]\n|-heal|p1a: Cat|19/100|[from] item: Leftovers\n|upkeep\n|\n|t:|1776218170\n|switch|p2a: Noivern|Noivern, L50, F|29/100\n|-item|p1a: Cat|Leftovers|[from] ability: Frisk|[of] p2a: Noivern\n|turn|6\n|inactive|Bananaramic has 30 seconds left.\n|inactive|Bananaramic has 20 seconds left.\n|inactive|Bananaramic has 15 seconds left.\n|\n|t:|1776218210\n|move|p2a: Noivern|Draco Meteor|p1b: Rainbow Dash\n|-damage|p1b: Rainbow Dash|14/100\n|-unboost|p2a: Noivern|spa|2\n|move|p1b: Rainbow Dash|Icy Wind|p2b: Froslass|[spread] p2a,p2b\n|-supereffective|p2a: Noivern|2\n|-crit|p2a: Noivern\n|-resisted|p2b: Froslass|1\n|-damage|p2a: Noivern|0 fnt\n|-damage|p2b: Froslass|34/100\n|-unboost|p2b: Froslass|spe|1\n|faint|p2a: Noivern\n|move|p1a: Cat|Flare Blitz|p2b: Froslass\n|-supereffective|p2b: Froslass|1\n|-damage|p2b: Froslass|0 fnt\n|faint|p2b: Froslass\n|-damage|p1a: Cat|10/100|[from] Recoil\n|\n|win|pogchew\n|c|\u2606pogchew|ggs\n|c|\u2606Bananaramic|gg\n|c| RyanMelon|ggs\n|l| DannyMelon\n|c|\u2606pogchew|I didn't get to use\n|c|\u2606pogchew|my tech\n|c|\u2606pogchew|so sad\n",
  "uploadtime": 1776218229,
  "views": 46,
  "formatid": "gen9championsvgc2026regma",
  "rating": null,
  "private": 0,
  "password": null
}