{
  "id": "gen9championsvgc2026regma-2583154758",
  "format": "[Gen 9 Champions] VGC 2026 Reg M-A",
  "players": [
    "NomadSM",
    "NoxxinVGC"
  ],
  "log": "|j|\u2606NomadSM\n|j|\u2606NoxxinVGC\n|t:|1776148684\n|gametype|doubles\n|player|p1|NomadSM|265|1055\n|player|p2|NoxxinVGC|giovanni|1107\n|gen|9\n|tier|[Gen 9 Champions] VGC 2026 Reg M-A\n|rated|\n|rule|Species Clause: Limit one of each Pok\u00e9mon\n|rule|Item Clause: Limit 1 of each item\n|clearpoke\n|poke|p1|Meganium, L50, F|\n|poke|p1|Pelipper, L50, F|\n|poke|p1|Basculegion, L50, M|\n|poke|p1|Dragonite, L50, F|\n|poke|p1|Sneasler, L50, F|\n|poke|p1|Archaludon, L50, F|\n|poke|p2|Delphox, L50, F|\n|poke|p2|Basculegion, L50, M|\n|poke|p2|Clefable, L50, F|\n|poke|p2|Kingambit, L50, F|\n|poke|p2|Dragonite, L50, M|\n|poke|p2|Sneasler, L50, M|\n|teampreview|4\n|inactive|Battle timer is ON: inactive players will automatically lose when time's up. (requested by NoxxinVGC)\nNoxxinVGC rejected open team sheets.\n|inactive|NomadSM has 60 seconds left.\n|\n|t:|1776148717\n|teamsize|p1|4\n|teamsize|p2|4\n|start\n|switch|p1a: Pelipper|Pelipper, L50, F|100/100\n|switch|p1b: Sneasler|Sneasler, L50, F|100/100\n|switch|p2a: Delphox|Delphox, L50, F, shiny|100/100\n|switch|p2b: Kingambit|Kingambit, L50, F|100/100\n|-weather|RainDance|[from] ability: Drizzle|[of] p1a: Pelipper\n|turn|1\n|\n|t:|1776148733\n|switch|p2b: Basculegion|Basculegion, L50, M|100/100\n|move|p2a: Delphox|Protect|p2a: Delphox\n|-singleturn|p2a: Delphox|Protect\n|move|p1b: Sneasler|Fake Out|p2b: Basculegion\n|-immune|p2b: Basculegion\n|move|p1a: Pelipper|Tailwind|p1a: Pelipper\n|-sidestart|p1: NomadSM|move: Tailwind\n|\n|-weather|RainDance|[upkeep]\n|upkeep\n|turn|2\n|inactive|NomadSM has 30 seconds left.\n|inactive|NoxxinVGC has 30 seconds left.\n|\n|t:|1776148764\n|switch|p1a: Meganium|Meganium, L50, F|100/100\n|detailschange|p2a: Delphox|Delphox-Mega, L50, F, shiny\n|-mega|p2a: Delphox|Delphox|Delphoxite\n|move|p1b: Sneasler|Protect|p1b: Sneasler\n|-singleturn|p1b: Sneasler|Protect\n|move|p2b: Basculegion|Aqua Jet|p1a: Meganium\n|-resisted|p1a: Meganium|1\n|-damage|p1a: Meganium|76/100\n|move|p2a: Delphox|Psychic|p1b: Sneasler\n|-activate|p1b: Sneasler|move: Protect\n|\n|-weather|RainDance|[upkeep]\n|upkeep\n|turn|3\n|\n|t:|1776148789\n|detailschange|p1a: Meganium|Meganium-Mega, L50, F\n|-mega|p1a: Meganium|Meganium|Meganiumite\n|move|p2b: Basculegion|Aqua Jet|p1b: Sneasler\n|-damage|p1b: Sneasler|32/100\n|move|p1b: Sneasler|Dire Claw|p2a: Delphox\n|-damage|p2a: Delphox|28/100\n|move|p1a: Meganium|Solar Beam||[still]\n|-prepare|p1a: Meganium|Solar Beam\n|-activate|p1a: Meganium|ability: Mega Sol\n|-anim|p1a: Meganium|Solar Beam|p2b: Basculegion\n|-supereffective|p2b: Basculegion|1\n|-damage|p2b: Basculegion|0 fnt\n|faint|p2b: Basculegion\n|move|p2a: Delphox|Heat Wave|p1b: Sneasler|[spread] p1a,p1b\n|-supereffective|p1a: Meganium|1\n|-damage|p1a: Meganium|33/100\n|-damage|p1b: Sneasler|2/100\n|\n|-weather|RainDance|[upkeep]\n|upkeep\n|\n|t:|1776148807\n|switch|p2b: Sneasler|Sneasler, L50, M|100/100\n|turn|4\n|\n|t:|1776148828\n|switch|p1a: Archaludon|Archaludon, L50, F|100/100\n|move|p1b: Sneasler|Protect|p1b: Sneasler\n|-singleturn|p1b: Sneasler|Protect\n|move|p2a: Delphox|Protect|p2a: Delphox\n|-singleturn|p2a: Delphox|Protect\n|move|p2b: Sneasler|Fake Out|p1b: Sneasler\n|-activate|p1b: Sneasler|move: Protect\n|\n|-weather|RainDance|[upkeep]\n|-sideend|p1: NomadSM|move: Tailwind\n|upkeep\n|turn|5\n|\n|t:|1776148846\n|switch|p2a: Kingambit|Kingambit, L50, F|100/100\n|move|p2b: Sneasler|Close Combat|p1a: Archaludon\n|-supereffective|p1a: Archaludon|1\n|-damage|p1a: Archaludon|0 fnt\n|-unboost|p2b: Sneasler|def|1\n|-unboost|p2b: Sneasler|spd|1\n|faint|p1a: Archaludon\n|move|p1b: Sneasler|Dire Claw|p2a: Kingambit\n|-immune|p2a: Kingambit\n|\n|-weather|none\n|upkeep\n|\n|t:|1776148860\n|switch|p1a: Meganium|Meganium-Mega, L50, F|33/100\n|turn|6\n|\n|t:|1776148877\n|move|p1b: Sneasler|Protect|p1b: Sneasler\n|-singleturn|p1b: Sneasler|Protect\n|move|p2a: Kingambit|Sucker Punch||[still]\n|-fail|p2a: Kingambit\n|move|p2b: Sneasler|Dire Claw|p1a: Meganium\n|-supereffective|p1a: Meganium|2\n|-damage|p1a: Meganium|0 fnt\n|faint|p1a: Meganium\n|\n|upkeep\n|-message|NomadSM forfeited.\n|\n|win|NoxxinVGC\n|raw|NomadSM's rating: 1055 &rarr; <strong>1039</strong><br />(-16 for losing)\n|raw|NoxxinVGC's rating: 1107 &rarr; <strong>1128</strong><br />(+21 for winning)\n",
  "uploadtime": 1776148886,
  "views": 15,
  "formatid": "gen9championsvgc2026regma",
  "rating": 1039,
  "private": 0,
  "password": null
}