{
  "id": "gen9championsvgc2026regma-2587874488",
  "format": "[Gen 9 Champions] VGC 2026 Reg M-A",
  "players": [
    "EnderHerve",
    "tessie123"
  ],
  "log": "|j|\u2606EnderHerve\n|j|\u2606tessie123\n|t:|1776573268\n|gametype|doubles\n|player|p1|EnderHerve|allister|1148\n|player|p2|tessie123|265|1114\n|gen|9\n|tier|[Gen 9 Champions] VGC 2026 Reg M-A\n|rated|\n|rule|Species Clause: Limit one of each Pok\u00e9mon\n|rule|Item Clause: Limit 1 of each item\n|clearpoke\n|poke|p1|Aerodactyl, L50, F|\n|poke|p1|Farigiraf, L50, F|\n|poke|p1|Froslass, L50, F|\n|poke|p1|Rotom-Heat, L50|\n|poke|p1|Sneasler, L50, M|\n|poke|p1|Empoleon, L50, M|\n|poke|p2|Scovillain, L50, F|\n|poke|p2|Kingambit, L50, M|\n|poke|p2|Farigiraf, L50, M|\n|poke|p2|Primarina, L50, F|\n|poke|p2|Dragapult, L50, F|\n|poke|p2|Pelipper, L50, F|\n|teampreview|4\n|inactive|Battle timer is ON: inactive players will automatically lose when time's up. (requested by tessie123)\n|inactive|EnderHerve has 60 seconds left.\nEnderHerve rejected open team sheets.\n|\n|t:|1776573327\n|teamsize|p1|4\n|teamsize|p2|4\n|start\n|switch|p1a: Sneasler|Sneasler, L50, M|100/100\n|switch|p1b: Froslass|Froslass, L50, F|100/100\n|switch|p2a: Scovillain|Scovillain, L50, F|100/100\n|switch|p2b: Farigiraf|Farigiraf, L50, M|100/100\n|turn|1\n|inactive|tessie123 has 30 seconds left.\n|\n|t:|1776573352\n|detailschange|p2a: Scovillain|Scovillain-Mega, L50, F\n|-mega|p2a: Scovillain|Scovillain|Scovillainite\n|move|p1b: Froslass|Protect|p1b: Froslass\n|-singleturn|p1b: Froslass|Protect\n|move|p1a: Sneasler|U-turn|p2b: Farigiraf\n|-supereffective|p2b: Farigiraf|1\n|-damage|p2b: Farigiraf|48/100\n|\n|t:|1776573358\n|switch|p1a: Rotom|Rotom-Heat, L50|100/100|[from] U-turn\n|move|p2a: Scovillain|Overheat|p1b: Froslass\n|-activate|p1b: Froslass|move: Protect\n|move|p2b: Farigiraf|Trick Room|p2b: Farigiraf\n|-fieldstart|move: Trick Room|[of] p2b: Farigiraf\n|\n|upkeep\n|turn|2\n|\n|t:|1776573377\n|switch|p1b: Farigiraf|Farigiraf, L50, F|100/100\n|move|p2a: Scovillain|Rage Powder|p2a: Scovillain\n|-singleturn|p2a: Scovillain|move: Rage Powder\n|move|p2b: Farigiraf|Nasty Plot|p2b: Farigiraf\n|-boost|p2b: Farigiraf|spa|2\n|move|p1a: Rotom|Overheat|p2a: Scovillain\n|-damage|p2a: Scovillain|59/100\n|-unboost|p1a: Rotom|spa|2\n|-immune|p1a: Rotom\n|\n|upkeep\n|turn|3\n|\n|t:|1776573400\n|move|p1b: Farigiraf|Protect|p1b: Farigiraf\n|-singleturn|p1b: Farigiraf|Protect\n|move|p1a: Rotom|Protect|p1a: Rotom\n|-singleturn|p1a: Rotom|Protect\n|move|p2b: Farigiraf|Baton Pass|p2b: Farigiraf\n|\n|t:|1776573406\n|switch|p2b: Dragapult|Dragapult, L50, F|100/100|[from] Baton Pass\n|move|p2a: Scovillain|Giga Drain|p1b: Farigiraf\n|-activate|p1b: Farigiraf|move: Protect\n|\n|upkeep\n|turn|4\n|\n|t:|1776573425\n|move|p2a: Scovillain|Rage Powder|p2a: Scovillain\n|-singleturn|p2a: Scovillain|move: Rage Powder\n|move|p1b: Farigiraf|Psychic|p2a: Scovillain\n|-damage|p2a: Scovillain|32/100\n|-unboost|p2a: Scovillain|spd|1\n|-status|p1b: Farigiraf|brn|[from] ability: Spicy Spray|[of] p2a: Scovillain\n|move|p1a: Rotom|Will-O-Wisp|p2a: Scovillain|[miss]\n|-miss|p1a: Rotom|p2a: Scovillain\n|move|p2b: Dragapult|Draco Meteor|p1a: Rotom\n|-damage|p1a: Rotom|28/100\n|-unboost|p2b: Dragapult|spa|2\n|\n|-heal|p1a: Rotom|34/100|[from] item: Leftovers\n|-damage|p1b: Farigiraf|94/100 brn|[from] brn\n|upkeep\n|turn|5\n|\n|t:|1776573442\n|move|p1a: Rotom|Protect|p1a: Rotom\n|-singleturn|p1a: Rotom|Protect\n|move|p2a: Scovillain|Rage Powder|p2a: Scovillain\n|-singleturn|p2a: Scovillain|move: Rage Powder\n|move|p1b: Farigiraf|Psychic|p2a: Scovillain\n|-damage|p2a: Scovillain|0 fnt\n|faint|p2a: Scovillain\n|move|p2b: Dragapult|Dragon Darts|p1b: Farigiraf\n|-damage|p1b: Farigiraf|65/100 brn\n|-anim|p2b: Dragapult|Dragon Darts|p1b: Farigiraf\n|-damage|p1b: Farigiraf|40/100 brn\n|-enditem|p1b: Farigiraf|Sitrus Berry|[eat]\n|-heal|p1b: Farigiraf|64/100 brn|[from] item: Sitrus Berry\n|\n|-heal|p1a: Rotom|39/100|[from] item: Leftovers\n|-damage|p1b: Farigiraf|58/100 brn|[from] brn\n|-fieldend|move: Trick Room\n|upkeep\n|\n|t:|1776573456\n|switch|p2a: Pelipper|Pelipper, L50, F|100/100\n|-weather|RainDance|[from] ability: Drizzle|[of] p2a: Pelipper\n|turn|6\n|\n|t:|1776573471\n|move|p2b: Dragapult|Dragon Darts|p1a: Rotom\n|-damage|p1a: Rotom|7/100\n|-anim|p2b: Dragapult|Dragon Darts|p1b: Farigiraf\n|-damage|p1b: Farigiraf|33/100 brn\n|move|p1a: Rotom|Volt Switch|p2a: Pelipper\n|-supereffective|p2a: Pelipper|2\n|-damage|p2a: Pelipper|29/100\n|\n|t:|1776573481\n|switch|p1a: Froslass|Froslass, L50, F|100/100|[from] Volt Switch\n|move|p2a: Pelipper|Weather Ball|p1b: Farigiraf\n|-damage|p1b: Farigiraf|0 fnt\n|faint|p1b: Farigiraf\n|\n|-weather|RainDance|[upkeep]\n|upkeep\n|\n|t:|1776573497\n|switch|p1b: Sneasler|Sneasler, L50, M|100/100\n|turn|7\n|\n|t:|1776573511\n|switch|p2b: Farigiraf|Farigiraf, L50, M|48/100\n|detailschange|p1a: Froslass|Froslass-Mega, L50, F\n|-mega|p1a: Froslass|Froslass|Froslassite\n|-weather|Snowscape|[from] ability: Snow Warning|[of] p1a: Froslass\n|move|p1b: Sneasler|Fake Out||[still]\n|cant|p2b: Farigiraf|ability: Armor Tail|Fake Out|[of] p1b: Sneasler\n|move|p1a: Froslass|Blizzard|p2b: Farigiraf|[spread] p2a,p2b\n|-damage|p2a: Pelipper|0 fnt\n|-damage|p2b: Farigiraf|12/100\n|faint|p2a: Pelipper\n|\n|-weather|Snowscape|[upkeep]\n|upkeep\n|\n|t:|1776573522\n|switch|p2a: Dragapult|Dragapult, L50, F|100/100\n|turn|8\n|\n|t:|1776573532\n|move|p2a: Dragapult|Dragon Darts|p1a: Froslass\n|-damage|p1a: Froslass|70/100\n|-anim|p2a: Dragapult|Dragon Darts|p1b: Sneasler\n|-damage|p1b: Sneasler|55/100\n|move|p1a: Froslass|Blizzard|p2b: Farigiraf|[spread] p2a,p2b\n|-supereffective|p2a: Dragapult|1\n|-damage|p2a: Dragapult|0 fnt\n|-damage|p2b: Farigiraf|0 fnt\n|faint|p2a: Dragapult\n|faint|p2b: Farigiraf\n|\n|win|EnderHerve\n|raw|EnderHerve's rating: 1148 &rarr; <strong>1171</strong><br />(+23 for winning)\n|raw|tessie123's rating: 1114 &rarr; <strong>1091</strong><br />(-23 for losing)\n|l|\u2606tessie123\n|player|p2|\n",
  "uploadtime": 1776573570,
  "views": 21,
  "formatid": "gen9championsvgc2026regma",
  "rating": 1091,
  "private": 0,
  "password": null
}