{
  "id": "gen9championsvgc2026regma-2580637038",
  "format": "[Gen 9 Champions] VGC 2026 Reg M-A",
  "players": [
    "kommomaxxing",
    "YaVulTahl"
  ],
  "log": "|j|\u203dkommomaxxing\n|j|\u2606YaVulTahl\n|t:|1775920211\n|gametype|doubles\n|player|p1|kommomaxxing|clown|1030\n|player|p2|YaVulTahl|1|1045\n|gen|9\n|tier|[Gen 9 Champions] VGC 2026 Reg M-A\n|rated|\n|rule|Species Clause: Limit one of each Pok\u00e9mon\n|rule|Item Clause: Limit 1 of each item\n|clearpoke\n|poke|p1|Excadrill, L50, F|\n|poke|p1|Tyranitar, L50, M|\n|poke|p1|Aegislash, L50, M|\n|poke|p1|Aerodactyl, L50, F|\n|poke|p1|Kingambit, L50, F|\n|poke|p1|Archaludon, L50, F|\n|poke|p2|Froslass, L50, F|\n|poke|p2|Ninetales-Alola, L50, M|\n|poke|p2|Orthworm, L50, M|\n|poke|p2|Garchomp, L50, F|\n|poke|p2|Incineroar, L50, M|\n|poke|p2|Sneasler, L50, M|\n|teampreview|4\n|\n|t:|1775920254\n|teamsize|p1|4\n|teamsize|p2|4\n|start\n|switch|p1a: Aerodactyl|Aerodactyl, L50, F|100/100\n|switch|p1b: Kingambit|Kingambit, L50, F|100/100\n|switch|p2a: Sneasler|Sneasler, L50, M|100/100\n|switch|p2b: Orthworm|Orthworm, L50, M|100/100\n|-ability|p1a: Aerodactyl|Unnerve\n|-ability|p2a: Sneasler|Pressure\n|turn|1\n|inactive|Battle timer is ON: inactive players will automatically lose when time's up. (requested by YaVulTahl)\n|\n|t:|1775920283\n|move|p2b: Orthworm|Protect|p2b: Orthworm\n|-singleturn|p2b: Orthworm|Protect\n|move|p1b: Kingambit|Protect|p1b: Kingambit\n|-singleturn|p1b: Kingambit|Protect\n|move|p2a: Sneasler|Close Combat|p1b: Kingambit\n|-activate|p1b: Kingambit|move: Protect\n|move|p1a: Aerodactyl|Rock Slide|p2a: Sneasler|[spread] \n|-activate|p2b: Orthworm|move: Protect\n|-miss|p1a: Aerodactyl|p2a: Sneasler\n|\n|upkeep\n|turn|2\n|inactive|kommomaxxing has 30 seconds left.\n|\n|t:|1775920314\n|move|p1b: Kingambit|Sucker Punch|p2a: Sneasler\n|-resisted|p2a: Sneasler|1\n|-damage|p2a: Sneasler|60/100\n|move|p2a: Sneasler|Close Combat|p1b: Kingambit\n|-supereffective|p1b: Kingambit|2\n|-damage|p1b: Kingambit|0 fnt\n|-unboost|p2a: Sneasler|def|1\n|-unboost|p2a: Sneasler|spd|1\n|faint|p1b: Kingambit\n|move|p1a: Aerodactyl|Rock Slide|p2b: Orthworm|[spread] p2a,p2b\n|-resisted|p2a: Sneasler|1\n|-resisted|p2b: Orthworm|1\n|-damage|p2a: Sneasler|36/100\n|-damage|p2b: Orthworm|95/100\n|cant|p2b: Orthworm|flinch\n|\n|upkeep\n|\n|t:|1775920333\n|switch|p1b: Excadrill|Excadrill, L50, F, shiny|100/100\n|turn|3\n|\n|t:|1775920351\n|move|p1b: Excadrill|Protect|p1b: Excadrill\n|-singleturn|p1b: Excadrill|Protect\n|move|p2a: Sneasler|Close Combat|p1b: Excadrill\n|-activate|p1b: Excadrill|move: Protect\n|move|p1a: Aerodactyl|Tailwind|p1a: Aerodactyl\n|-sidestart|p1: kommomaxxing|move: Tailwind\n|move|p2b: Orthworm|Shed Tail|p2b: Orthworm\n|-start|p2b: Orthworm|Substitute|[from] move: Shed Tail\n|-damage|p2b: Orthworm|45/100\n|\n|t:|1775920370\n|switch|p2b: Froslass|Froslass, L50, F|100/100|[from] Shed Tail\n|\n|upkeep\n|turn|4\n|\n|t:|1775920389\n|detailschange|p1b: Excadrill|Excadrill-Mega, L50, F, shiny\n|-mega|p1b: Excadrill|Excadrill|Excadrite\n|detailschange|p2b: Froslass|Froslass-Mega, L50, F\n|-mega|p2b: Froslass|Froslass|Froslassite\n|-weather|Snowscape|[from] ability: Snow Warning|[of] p2b: Froslass\n|move|p2b: Froslass|Protect|p2b: Froslass\n|-singleturn|p2b: Froslass|Protect\n|move|p1a: Aerodactyl|Rock Slide|p2a: Sneasler|[spread] p2a\n|-activate|p2b: Froslass|move: Protect\n|-resisted|p2a: Sneasler|1\n|-damage|p2a: Sneasler|11/100\n|move|p1b: Excadrill|Iron Head|p2a: Sneasler\n|-damage|p2a: Sneasler|0 fnt\n|faint|p2a: Sneasler\n|\n|-weather|Snowscape|[upkeep]\n|upkeep\n|\n|t:|1775920404\n|switch|p2a: Incineroar|Incineroar, L50, M|100/100\n|-ability|p2a: Incineroar|Intimidate|boost\n|-unboost|p1a: Aerodactyl|atk|1\n|-unboost|p1b: Excadrill|atk|1\n|turn|5\n|\n|t:|1775920422\n|switch|p1a: Tyranitar|Tyranitar, L50, M|100/100\n|-weather|Sandstorm|[from] ability: Sand Stream|[of] p1a: Tyranitar\n|move|p2a: Incineroar|Fake Out|p1b: Excadrill\n|-resisted|p1b: Excadrill|1\n|-damage|p1b: Excadrill|94/100\n|cant|p1b: Excadrill|flinch\n|move|p2b: Froslass|Blizzard|p1b: Excadrill|[spread] p1a,p1b\n|-damage|p1a: Tyranitar|68/100\n|-damage|p1b: Excadrill|33/100\n|\n|-weather|Sandstorm|[upkeep]\n|-damage|p2b: Froslass|94/100|[from] Sandstorm\n|-damage|p2a: Incineroar|95/100|[from] Sandstorm\n|upkeep\n|turn|6\n|inactive|YaVulTahl has 30 seconds left.\n|inactive|YaVulTahl has 20 seconds left.\n|\n|t:|1775920459\n|switch|p2b: Orthworm|Orthworm, L50, M|45/100\n|-enditem|p2b: Orthworm|Sitrus Berry|[eat]\n|-heal|p2b: Orthworm|69/100|[from] item: Sitrus Berry\n|move|p1b: Excadrill|High Horsepower|p2a: Incineroar\n|-supereffective|p2a: Incineroar|1\n|-damage|p2a: Incineroar|12/100\n|move|p1a: Tyranitar|Knock Off|p2b: Orthworm\n|-damage|p2b: Orthworm|46/100\n|move|p2a: Incineroar|Flare Blitz|p1b: Excadrill\n|-supereffective|p1b: Excadrill|1\n|-damage|p1b: Excadrill|0 fnt\n|faint|p1b: Excadrill\n|-damage|p2a: Incineroar|0 fnt|[from] Recoil\n|faint|p2a: Incineroar\n|\n|-weather|Sandstorm|[upkeep]\n|-sideend|p1: kommomaxxing|move: Tailwind\n|upkeep\n|\n|t:|1775920475\n|switch|p1b: Aerodactyl|Aerodactyl, L50, F|100/100\n|switch|p2a: Froslass|Froslass-Mega, L50, F|94/100\n|-ability|p1b: Aerodactyl|Unnerve\n|-weather|Snowscape|[from] ability: Snow Warning|[of] p2a: Froslass\n|turn|7\n|\n|t:|1775920491\n|move|p2a: Froslass|Protect|p2a: Froslass\n|-singleturn|p2a: Froslass|Protect\n|move|p1b: Aerodactyl|Wide Guard|p1b: Aerodactyl\n|-singleturn|p1b: Aerodactyl|Wide Guard\n|move|p1a: Tyranitar|Rock Slide|p2a: Froslass|[spread] \n|-activate|p2a: Froslass|move: Protect\n|-miss|p1a: Tyranitar|p2b: Orthworm\n|move|p2b: Orthworm|Body Press|p1a: Tyranitar\n|-supereffective|p1a: Tyranitar|2\n|-damage|p1a: Tyranitar|0 fnt\n|faint|p1a: Tyranitar\n|\n|-weather|Snowscape|[upkeep]\n|upkeep\n|turn|8\n|\n|t:|1775920509\n|move|p1b: Aerodactyl|Rock Slide|p2b: Orthworm|[spread] p2a,p2b\n|-supereffective|p2a: Froslass|1\n|-resisted|p2b: Orthworm|1\n|-damage|p2a: Froslass|52/100\n|-damage|p2b: Orthworm|41/100\n|cant|p2a: Froslass|flinch\n|move|p2b: Orthworm|Rock Slide|p1b: Aerodactyl\n|-supereffective|p1b: Aerodactyl|1\n|-damage|p1b: Aerodactyl|57/100\n|\n|-weather|Snowscape|[upkeep]\n|upkeep\n|turn|9\n|\n|t:|1775920527\n|move|p1b: Aerodactyl|Rock Slide|p2a: Froslass|[spread] p2b\n|-miss|p1b: Aerodactyl|p2a: Froslass\n|-resisted|p2b: Orthworm|1\n|-damage|p2b: Orthworm|34/100\n|move|p2a: Froslass|Blizzard|p1b: Aerodactyl\n|-supereffective|p1b: Aerodactyl|1\n|-damage|p1b: Aerodactyl|0 fnt\n|faint|p1b: Aerodactyl\n|\n|win|YaVulTahl\n|raw|kommomaxxing's rating: 1030 &rarr; <strong>1016</strong><br />(-14 for losing)\n|raw|YaVulTahl's rating: 1045 &rarr; <strong>1077</strong><br />(+32 for winning)\n|l|\u203dkommomaxxing\n|player|p1|\n",
  "uploadtime": 1775920536,
  "views": 12,
  "formatid": "gen9championsvgc2026regma",
  "rating": 1016,
  "private": 0,
  "password": null
}