{
  "id": "gen9championsvgc2026regma-2586010459",
  "format": "[Gen 9 Champions] VGC 2026 Reg M-A",
  "players": [
    "opkil",
    "Thegaybowserking"
  ],
  "log": "|j|\u2606opkil\n|j|\u2606Thegaybowserking\n|t:|1776389985\n|gametype|doubles\n|player|p1|opkil|101|1340\n|player|p2|Thegaybowserking|clerk|1431\n|gen|9\n|tier|[Gen 9 Champions] VGC 2026 Reg M-A\n|rated|\n|rule|Species Clause: Limit one of each Pok\u00e9mon\n|rule|Item Clause: Limit 1 of each item\n|clearpoke\n|poke|p1|Floette-Eternal, L50, F|\n|poke|p1|Garchomp, L50, M|\n|poke|p1|Aerodactyl, L50, M|\n|poke|p1|Sneasler, L50, M|\n|poke|p1|Incineroar, L50, F|\n|poke|p1|Sinistcha, L50|\n|poke|p2|Farigiraf, L50, M|\n|poke|p2|Blastoise, L50, M|\n|poke|p2|Kingambit, L50, M|\n|poke|p2|Pelipper, L50, M|\n|poke|p2|Sinistcha, L50|\n|poke|p2|Archaludon, L50, M|\n|teampreview|4\n|inactive|Battle timer is ON: inactive players will automatically lose when time's up. (requested by opkil)\n|inactive|Thegaybowserking also wants the timer to be on.\n|\n|t:|1776390005\n|teamsize|p1|4\n|teamsize|p2|4\n|start\n|switch|p1a: Sneasler|Sneasler, L50, M|100/100\n|switch|p1b: Sinistcha|Sinistcha, L50|100/100\n|switch|p2a: Farigiraf|Farigiraf, L50, M, shiny|100/100\n|switch|p2b: Blastoise|Blastoise, L50, M|100/100\n|turn|1\n|\n|t:|1776390018\n|detailschange|p2b: Blastoise|Blastoise-Mega, L50, M\n|-mega|p2b: Blastoise|Blastoise|Blastoisinite\n|move|p1a: Sneasler|Fake Out||[still]\n|cant|p2a: Farigiraf|ability: Armor Tail|Fake Out|[of] p1a: Sneasler\n|move|p1b: Sinistcha|Imprison|p1b: Sinistcha\n|-start|p1b: Sinistcha|move: Imprison\n|move|p2b: Blastoise|Dark Pulse|p1b: Sinistcha\n|-supereffective|p1b: Sinistcha|1\n|-damage|p1b: Sinistcha|8/100\n|-enditem|p1b: Sinistcha|Sitrus Berry|[eat]\n|-heal|p1b: Sinistcha|33/100|[from] item: Sitrus Berry\n|cant|p2a: Farigiraf|move: Imprison|Trick Room\n|\n|upkeep\n|turn|2\n|\n|t:|1776390043\n|move|p1a: Sneasler|Dire Claw|p2b: Blastoise\n|-damage|p2b: Blastoise|64/100\n|move|p1b: Sinistcha|Matcha Gotcha|p2a: Farigiraf|[spread] p2a,p2b\n|-supereffective|p2b: Blastoise|1\n|-damage|p2a: Farigiraf|74/100\n|-heal|p1b: Sinistcha|50/100|[from] drain|[of] p2a: Farigiraf\n|-damage|p2b: Blastoise|20/100\n|-heal|p1b: Sinistcha|72/100|[from] drain|[of] p2b: Blastoise\n|-status|p2b: Blastoise|brn\n|move|p2b: Blastoise|Water Pulse|p1b: Sinistcha\n|-resisted|p1b: Sinistcha|1\n|-damage|p1b: Sinistcha|48/100\n|move|p2a: Farigiraf|Twin Beam|p1a: Sneasler\n|-supereffective|p1a: Sneasler|2\n|-damage|p1a: Sneasler|0 fnt\n|faint|p1a: Sneasler\n|-hitcount|p1: Sneasler|1\n|\n|-damage|p2b: Blastoise|14/100 brn|[from] brn\n|upkeep\n|\n|t:|1776390057\n|switch|p1a: Floette|Floette-Eternal, L50, F|100/100\n|turn|3\n|\n|t:|1776390075\n|switch|p2b: Pelipper|Pelipper, L50, M|100/100\n|-weather|RainDance|[from] ability: Drizzle|[of] p2b: Pelipper\n|switch|p2a: Kingambit|Kingambit, L50, M|100/100\n|detailschange|p1a: Floette|Floette-Mega, L50, F\n|-mega|p1a: Floette|Floette|Floettite\n|-ability|p1a: Floette|Fairy Aura\n|move|p1a: Floette|Calm Mind|p1a: Floette\n|-boost|p1a: Floette|spa|1\n|-boost|p1a: Floette|spd|1\n|move|p1b: Sinistcha|Matcha Gotcha|p2b: Pelipper|[spread] p2a\n|-miss|p1b: Sinistcha|p2b: Pelipper\n|-resisted|p2a: Kingambit|1\n|-damage|p2a: Kingambit|89/100\n|-heal|p1b: Sinistcha|55/100|[from] drain|[of] p2a: Kingambit\n|-status|p2a: Kingambit|brn\n|\n|-weather|RainDance|[upkeep]\n|-damage|p2a: Kingambit|84/100 brn|[from] brn\n|upkeep\n|turn|4\n|\n|t:|1776390088\n|move|p1b: Sinistcha|Rage Powder|p1b: Sinistcha\n|-singleturn|p1b: Sinistcha|move: Rage Powder\n|move|p1a: Floette|Moonblast|p2a: Kingambit\n|-damage|p2a: Kingambit|0 fnt\n|faint|p2a: Kingambit\n|move|p2b: Pelipper|Hurricane|p1b: Sinistcha\n|-supereffective|p1b: Sinistcha|1\n|-damage|p1b: Sinistcha|0 fnt\n|faint|p1b: Sinistcha\n|\n|-weather|RainDance|[upkeep]\n|upkeep\n|\n|t:|1776390102\n|switch|p1b: Aerodactyl|Aerodactyl, L50, M|100/100\n|switch|p2a: Blastoise|Blastoise-Mega, L50, M|14/100 brn\n|-ability|p1b: Aerodactyl|Unnerve\n|turn|5\n|\n|t:|1776390113\n|move|p2a: Blastoise|Fake Out|p1b: Aerodactyl\n|-resisted|p1b: Aerodactyl|1\n|-damage|p1b: Aerodactyl|97/100\n|cant|p1b: Aerodactyl|flinch\n|move|p1a: Floette|Moonblast|p2b: Pelipper\n|-enditem|p2b: Pelipper|Focus Sash\n|-damage|p2b: Pelipper|1/100\n|move|p2b: Pelipper|Muddy Water|p1a: Floette|[spread] p1a,p1b\n|-crit|p1a: Floette\n|-supereffective|p1b: Aerodactyl|1\n|-damage|p1a: Floette|52/100\n|-damage|p1b: Aerodactyl|0 fnt\n|-unboost|p1a: Floette|accuracy|1\n|faint|p1b: Aerodactyl\n|\n|-weather|RainDance|[upkeep]\n|-damage|p2a: Blastoise|8/100 brn|[from] brn\n|upkeep\n|turn|6\n|\n|t:|1776390135\n|switch|p2a: Farigiraf|Farigiraf, L50, M, shiny|74/100\n|move|p1a: Floette|Dazzling Gleam|p2a: Farigiraf|[spread] p2b\n|-miss|p1a: Floette|p2a: Farigiraf\n|-damage|p2b: Pelipper|0 fnt\n|faint|p2b: Pelipper\n|\n|-weather|RainDance|[upkeep]\n|upkeep\n|\n|t:|1776390142\n|switch|p2b: Blastoise|Blastoise-Mega, L50, M|8/100 brn\n|turn|7\n|\n|t:|1776390149\n|move|p1a: Floette|Protect|p1a: Floette\n|-singleturn|p1a: Floette|Protect\n|move|p2b: Blastoise|Fake Out|p1a: Floette\n|-activate|p1a: Floette|move: Protect\n|move|p2a: Farigiraf|Trick Room|p2a: Farigiraf\n|-fieldstart|move: Trick Room|[of] p2a: Farigiraf\n|\n|-weather|none\n|-damage|p2b: Blastoise|3/100 brn|[from] brn\n|upkeep\n|turn|8\n|\n|t:|1776390161\n|move|p2a: Farigiraf|Twin Beam|p1a: Floette\n|-damage|p1a: Floette|41/100\n|-damage|p1a: Floette|30/100\n|-hitcount|p1a: Floette|2\n|move|p2b: Blastoise|Water Pulse|p1a: Floette\n|-damage|p1a: Floette|5/100\n|move|p1a: Floette|Moonblast|p2a: Farigiraf\n|-damage|p2a: Farigiraf|0 fnt\n|faint|p2a: Farigiraf\n|\n|-damage|p2b: Blastoise|0 fnt|[from] brn\n|faint|p2b: Blastoise\n|\n|win|opkil\n|raw|opkil's rating: 1340 &rarr; <strong>1365</strong><br />(+25 for winning)\n|raw|Thegaybowserking's rating: 1431 &rarr; <strong>1406</strong><br />(-25 for losing)\n",
  "uploadtime": 1776390171,
  "views": 28,
  "formatid": "gen9championsvgc2026regma",
  "rating": 1365,
  "private": 0,
  "password": null
}