{
  "id": "gen9championsvgc2026regma-2586335756",
  "format": "[Gen 9 Champions] VGC 2026 Reg M-A",
  "players": [
    "25528989d",
    "Jaymie1001"
  ],
  "log": "|j|\u260625528989d\n|j|\u2606Jaymie1001\n|t:|1776426448\n|gametype|doubles\n|player|p1|25528989d|roxie-masters|1170\n|player|p2|Jaymie1001|170|1105\n|gen|9\n|tier|[Gen 9 Champions] VGC 2026 Reg M-A\n|rated|\n|rule|Species Clause: Limit one of each Pok\u00e9mon\n|rule|Item Clause: Limit 1 of each item\n|clearpoke\n|poke|p1|Charizard, L50, F|\n|poke|p1|Tyranitar, L50, F|\n|poke|p1|Gyarados, L50, F|\n|poke|p1|Garchomp, L50, M|\n|poke|p1|Rotom-Mow, L50|\n|poke|p1|Lucario, L50, M|\n|poke|p2|Sinistcha, L50|\n|poke|p2|Floette-Eternal, L50, F|\n|poke|p2|Sneasler, L50, M|\n|poke|p2|Whimsicott, L50, F|\n|poke|p2|Charizard, L50, F|\n|poke|p2|Basculegion, L50, M|\n|teampreview|4\n|inactive|Battle timer is ON: inactive players will automatically lose when time's up. (requested by Jaymie1001)\n|inactive|25528989d has 60 seconds left.\n|inactive|Jaymie1001 has 60 seconds left.\n|\n|t:|1776426487\n|teamsize|p1|4\n|teamsize|p2|4\n|start\n|switch|p1a: Rotom|Rotom-Mow, L50|100/100\n|switch|p1b: Gyarados|Gyarados, L50, F|100/100\n|switch|p2a: Whimsicott|Whimsicott, L50, F|100/100\n|switch|p2b: Floette|Floette-Eternal, L50, F|100/100\n|-ability|p1b: Gyarados|Intimidate|boost\n|-block|p2a: Whimsicott|ability: Flower Veil|[of] p2b: Floette\n|-unboost|p2b: Floette|atk|1\n|turn|1\n|\n|t:|1776426505\n|switch|p1a: Charizard|Charizard, L50, F|100/100\n|detailschange|p2b: Floette|Floette-Mega, L50, F\n|-mega|p2b: Floette|Floette|Floettite\n|-ability|p2b: Floette|Fairy Aura\n|move|p2a: Whimsicott|Tailwind|p2a: Whimsicott\n|-sidestart|p2: Jaymie1001|move: Tailwind\n|move|p2b: Floette|Moonblast|p1a: Charizard\n|-resisted|p1a: Charizard|1\n|-damage|p1a: Charizard|57/100\n|move|p1b: Gyarados|Icy Wind|p2b: Floette|[spread] p2a,p2b\n|-supereffective|p2a: Whimsicott|1\n|-damage|p2a: Whimsicott|80/100\n|-damage|p2b: Floette|96/100\n|-unboost|p2a: Whimsicott|spe|1\n|-unboost|p2b: Floette|spe|1\n|\n|upkeep\n|turn|2\n|\n|t:|1776426525\n|switch|p2b: Sinistcha|Sinistcha, L50|100/100\n|-heal|p2a: Whimsicott|100/100|[from] ability: Hospitality|[of] p2b: Sinistcha\n|detailschange|p1a: Charizard|Charizard-Mega-Y, L50, F\n|-mega|p1a: Charizard|Charizard|Charizardite Y\n|-weather|SunnyDay|[from] ability: Drought|[of] p1a: Charizard\n|move|p1b: Gyarados|Helping Hand|p1a: Charizard\n|-singleturn|p1a: Charizard|Helping Hand|[of] p1b: Gyarados\n|move|p2a: Whimsicott|Moonblast|p1b: Gyarados\n|-damage|p1b: Gyarados|70/100\n|move|p1a: Charizard|Heat Wave|p2b: Sinistcha|[spread] p2a,p2b\n|-supereffective|p2a: Whimsicott|1\n|-supereffective|p2b: Sinistcha|1\n|-enditem|p2a: Whimsicott|Focus Sash\n|-damage|p2a: Whimsicott|1/100\n|-damage|p2b: Sinistcha|0 fnt\n|faint|p2b: Sinistcha\n|\n|-weather|SunnyDay|[upkeep]\n|upkeep\n|\n|t:|1776426545\n|switch|p2b: Basculegion|Basculegion, L50, M|100/100\n|turn|3\n|inactive|Jaymie1001 has 30 seconds left.\n|\n|t:|1776426573\n|switch|p1a: Lucario|Lucario, L50, M|100/100\n|move|p2b: Basculegion|Flip Turn|p1b: Gyarados\n|-resisted|p1b: Gyarados|1\n|-damage|p1b: Gyarados|62/100\n|\n|t:|1776426578\n|switch|p2b: Floette|Floette-Mega, L50, F|96/100|[from] Flip Turn\n|-ability|p2b: Floette|Fairy Aura\n|move|p2a: Whimsicott|Endeavor|p1a: Lucario\n|-damage|p1a: Lucario|1/100\n|move|p1b: Gyarados|Icy Wind|p2b: Floette|[spread] p2a,p2b\n|-supereffective|p2a: Whimsicott|1\n|-damage|p2a: Whimsicott|0 fnt\n|-damage|p2b: Floette|91/100\n|-unboost|p2b: Floette|spe|1\n|faint|p2a: Whimsicott\n|\n|-weather|SunnyDay|[upkeep]\n|upkeep\n|\n|t:|1776426588\n|switch|p2a: Basculegion|Basculegion, L50, M|100/100\n|turn|4\n|\n|t:|1776426606\n|move|p1a: Lucario|Protect|p1a: Lucario\n|-singleturn|p1a: Lucario|Protect\n|move|p1b: Gyarados|Protect|p1b: Gyarados\n|-singleturn|p1b: Gyarados|Protect\n|move|p2a: Basculegion|Last Respects|p1b: Gyarados\n|-activate|p1b: Gyarados|move: Protect\n|move|p2b: Floette|Dazzling Gleam|p1b: Gyarados|[spread] \n|-activate|p1a: Lucario|move: Protect\n|-activate|p1b: Gyarados|move: Protect\n|\n|-weather|SunnyDay|[upkeep]\n|-sideend|p2: Jaymie1001|move: Tailwind\n|upkeep\n|turn|5\n|\n|t:|1776426626\n|move|p1b: Gyarados|Helping Hand|p1a: Lucario\n|-singleturn|p1a: Lucario|Helping Hand|[of] p1b: Gyarados\n|move|p1a: Lucario|Bullet Punch|p2b: Floette\n|-supereffective|p2b: Floette|1\n|-damage|p2b: Floette|35/100\n|move|p2a: Basculegion|Last Respects|p1b: Gyarados\n|-damage|p1b: Gyarados|0 fnt\n|faint|p1b: Gyarados\n|move|p2b: Floette|Dazzling Gleam|p1a: Lucario\n|-damage|p1a: Lucario|0 fnt\n|faint|p1a: Lucario\n|\n|-weather|SunnyDay|[upkeep]\n|upkeep\n|\n|t:|1776426635\n|switch|p1a: Charizard|Charizard-Mega-Y, L50, F|57/100\n|switch|p1b: Rotom|Rotom-Mow, L50|100/100\n|turn|6\n|\n|t:|1776426642\n|move|p2b: Floette|Protect|p2b: Floette\n|-singleturn|p2b: Floette|Protect\n|move|p2a: Basculegion|Last Respects|p1a: Charizard\n|-damage|p1a: Charizard|0 fnt\n|faint|p1a: Charizard\n|move|p1b: Rotom|Leaf Storm|p2a: Basculegion\n|-supereffective|p2a: Basculegion|1\n|-damage|p2a: Basculegion|0 fnt\n|-unboost|p1b: Rotom|spa|2\n|faint|p2a: Basculegion\n|\n|-weather|none\n|upkeep\n|turn|7\n|\n|t:|1776426655\n|move|p1b: Rotom|Leaf Storm|p2b: Floette\n|-damage|p2b: Floette|15/100\n|-unboost|p1b: Rotom|spa|2\n|move|p2b: Floette|Moonblast|p1b: Rotom\n|-damage|p1b: Rotom|15/100\n|-enditem|p1b: Rotom|Sitrus Berry|[eat]\n|-heal|p1b: Rotom|39/100|[from] item: Sitrus Berry\n|\n|upkeep\n|turn|8\n|\n|t:|1776426674\n|move|p1b: Rotom|Leaf Storm|p2b: Floette\n|-damage|p2b: Floette|1/100\n|-unboost|p1b: Rotom|spa|2\n|move|p2b: Floette|Moonblast|p1b: Rotom\n|-damage|p1b: Rotom|0 fnt\n|faint|p1b: Rotom\n|\n|win|Jaymie1001\n|raw|25528989d's rating: 1170 &rarr; <strong>1140</strong><br />(-30 for losing)\n|raw|Jaymie1001's rating: 1105 &rarr; <strong>1135</strong><br />(+30 for winning)\n",
  "uploadtime": 1776426675,
  "views": 26,
  "formatid": "gen9championsvgc2026regma",
  "rating": 1135,
  "private": 0,
  "password": null
}