{
  "id": "gen9championsvgc2026regma-2585003740",
  "format": "[Gen 9 Champions] VGC 2026 Reg M-A",
  "players": [
    "KarinaMomatova",
    "syshj"
  ],
  "log": "|j|\u2606KarinaMomatova\n|j|\u2606syshj\n|t:|1776302433\n|gametype|doubles\n|player|p1|KarinaMomatova|miku-ice|1367\n|player|p2|syshj|dawn|1447\n|gen|9\n|tier|[Gen 9 Champions] VGC 2026 Reg M-A\n|rated|\n|rule|Species Clause: Limit one of each Pok\u00e9mon\n|rule|Item Clause: Limit 1 of each item\n|clearpoke\n|poke|p1|Torkoal, L50, F|\n|poke|p1|Venusaur, L50, M|\n|poke|p1|Incineroar, L50, F|\n|poke|p1|Farigiraf, L50, F|\n|poke|p1|Rhyperior, L50, F|\n|poke|p1|Crabominable, L50, F|\n|poke|p2|Basculegion, L50, M|\n|poke|p2|Pelipper, L50, M|\n|poke|p2|Floette-Eternal, L50, F|\n|poke|p2|Incineroar, L50, M|\n|poke|p2|Sinistcha-Masterpiece, L50|\n|poke|p2|Kingambit, L50, F|\n|teampreview|4\n|inactive|Battle timer is ON: inactive players will automatically lose when time's up. (requested by KarinaMomatova)\n|\n|t:|1776302462\n|teamsize|p1|4\n|teamsize|p2|4\n|start\n|switch|p1a: Farigiraf|Farigiraf, L50, F, shiny|100/100\n|switch|p1b: Venusaur|Venusaur, L50, M|100/100\n|switch|p2a: Kingambit|Kingambit, L50, F|100/100\n|switch|p2b: Basculegion|Basculegion, L50, M|100/100\n|turn|1\n|\n|t:|1776302480\n|move|p2b: Basculegion|Flip Turn|p1a: Farigiraf\n|-damage|p1a: Farigiraf|72/100\n|\n|t:|1776302483\n|switch|p2b: Pelipper|Pelipper, L50, M|100/100|[from] Flip Turn\n|-weather|RainDance|[from] ability: Drizzle|[of] p2b: Pelipper\n|move|p1b: Venusaur|Sleep Powder|p2a: Kingambit\n|-status|p2a: Kingambit|slp|[from] move: Sleep Powder\n|cant|p2a: Kingambit|slp\n|move|p1a: Farigiraf|Trick Room|p1a: Farigiraf\n|-fieldstart|move: Trick Room|[of] p1a: Farigiraf\n|\n|-weather|RainDance|[upkeep]\n|upkeep\n|turn|2\n|\n|t:|1776302503\n|switch|p1a: Crabominable|Crabominable, L50, F, shiny|100/100\n|switch|p1b: Torkoal|Torkoal, L50, F|100/100\n|-weather|SunnyDay|[from] ability: Drought|[of] p1b: Torkoal\n|cant|p2a: Kingambit|slp\n|move|p2b: Pelipper|Hurricane|p1b: Torkoal\n|-damage|p1b: Torkoal|36/100\n|-start|p1b: Torkoal|confusion\n|\n|-weather|SunnyDay|[upkeep]\n|upkeep\n|turn|3\n|\n|t:|1776302526\n|detailschange|p1a: Crabominable|Crabominable-Mega, L50, F, shiny\n|-mega|p1a: Crabominable|Crabominable|Crabominite\n|-curestatus|p2a: Kingambit|slp|[msg]\n|move|p2a: Kingambit|Sucker Punch|p1b: Torkoal\n|-damage|p1b: Torkoal|3/100\n|-activate|p1b: Torkoal|confusion\n|-damage|p1b: Torkoal|0 fnt|[from] confusion\n|faint|p1b: Torkoal\n|move|p1a: Crabominable|Drain Punch|p2a: Kingambit\n|-supereffective|p2a: Kingambit|2\n|-enditem|p2a: Kingambit|Chople Berry|[eat]\n|-enditem|p2a: Kingambit|Chople Berry|[weaken]\n|-damage|p2a: Kingambit|11/100\n|move|p2b: Pelipper|Weather Ball|p1a: Crabominable\n|-supereffective|p1a: Crabominable|1\n|-damage|p1a: Crabominable|18/100\n|\n|-weather|SunnyDay|[upkeep]\n|upkeep\n|\n|t:|1776302541\n|switch|p1b: Farigiraf|Farigiraf, L50, F, shiny|72/100\n|turn|4\n|inactive|syshj has 30 seconds left.\n|\n|t:|1776302574\n|switch|p2a: Basculegion|Basculegion, L50, M|100/100\n|move|p2b: Pelipper|Protect|p2b: Pelipper\n|-singleturn|p2b: Pelipper|Protect\n|move|p1a: Crabominable|Thunder Punch|p2b: Pelipper\n|-activate|p2b: Pelipper|move: Protect\n|move|p1b: Farigiraf|Hyper Voice|p2a: Basculegion|[spread] \n|-activate|p2b: Pelipper|move: Protect\n|-immune|p2a: Basculegion\n|\n|-weather|SunnyDay|[upkeep]\n|upkeep\n|turn|5\n|\n|t:|1776302594\n|switch|p2a: Kingambit|Kingambit, L50, F|11/100\n|move|p1a: Crabominable|Thunder Punch|p2b: Pelipper\n|-supereffective|p2b: Pelipper|2\n|-enditem|p2b: Pelipper|Focus Sash\n|-damage|p2b: Pelipper|1/100\n|move|p1b: Farigiraf|Psychic Noise|p2a: Kingambit\n|-immune|p2a: Kingambit\n|move|p2b: Pelipper|Weather Ball|p1a: Crabominable\n|-supereffective|p1a: Crabominable|1\n|-damage|p1a: Crabominable|0 fnt\n|faint|p1a: Crabominable\n|\n|-weather|SunnyDay|[upkeep]\n|-fieldend|move: Trick Room\n|upkeep\n|\n|t:|1776302613\n|switch|p1a: Venusaur|Venusaur, L50, M|100/100\n|turn|6\n|\n|t:|1776302625\n|move|p1a: Venusaur|Sludge Bomb|p2b: Pelipper\n|-damage|p2b: Pelipper|0 fnt\n|faint|p2b: Pelipper\n|move|p2a: Kingambit|Kowtow Cleave|p1b: Farigiraf\n|-supereffective|p1b: Farigiraf|1\n|-damage|p1b: Farigiraf|0 fnt\n|faint|p1b: Farigiraf\n|\n|-weather|none\n|upkeep\n|\n|t:|1776302634\n|switch|p2b: Basculegion|Basculegion, L50, M|100/100\n|turn|7\n|-message|KarinaMomatova forfeited.\n|\n|win|syshj\n|raw|KarinaMomatova's rating: 1367 &rarr; <strong>1352</strong><br />(-15 for losing)\n|raw|syshj's rating: 1447 &rarr; <strong>1462</strong><br />(+15 for winning)\n|l|\u2606KarinaMomatova\n|player|p1|\n",
  "uploadtime": 1776302645,
  "views": 47,
  "formatid": "gen9championsvgc2026regma",
  "rating": 1352,
  "private": 0,
  "password": null
}