{
  "id": "gen9championsvgc2026regma-2588106878",
  "format": "[Gen 9 Champions] VGC 2026 Reg M-A",
  "players": [
    "SparkelzVGC",
    "cherrryy"
  ],
  "log": "|j|\u2606SparkelzVGC\n|j|\u2606cherrryy\n|t:|1776605007\n|gametype|doubles\n|player|p1|SparkelzVGC|riley|1415\n|player|p2|cherrryy|miku-water|1445\n|gen|9\n|tier|[Gen 9 Champions] VGC 2026 Reg M-A\n|rated|\n|rule|Species Clause: Limit one of each Pok\u00e9mon\n|rule|Item Clause: Limit 1 of each item\n|clearpoke\n|poke|p1|Aggron, L50, M, shiny|\n|poke|p1|Sinistcha, L50|\n|poke|p1|Farigiraf, L50, F|\n|poke|p1|Milotic, L50, F|\n|poke|p1|Tyranitar, L50, M|\n|poke|p1|Sneasler, L50, F|\n|poke|p2|Gardevoir, L50, M|\n|poke|p2|Incineroar, L50, M, shiny|\n|poke|p2|Palafin, L50, M|\n|poke|p2|Pelipper, L50, F|\n|poke|p2|Kingambit, L50, M|\n|poke|p2|Sneasler, L50, M|\n|teampreview|4\n|inactive|Battle timer is ON: inactive players will automatically lose when time's up. (requested by SparkelzVGC)\n|l|\u2606SparkelzVGC\n|inactive|SparkelzVGC disconnected and has a minute to reconnect!\n|player|p1|\n|inactive|SparkelzVGC has 30 seconds to reconnect!\n|j|\u2606SparkelzVGC\n|inactive|SparkelzVGC reconnected and has 50 seconds left.\n|player|p1|SparkelzVGC|riley|\n|\n|t:|1776605058\n|teamsize|p1|4\n|teamsize|p2|4\n|start\n|switch|p1a: Aggron|Aggron, L50, M, shiny|100/100\n|switch|p1b: Milotic|Milotic, L50, F|100/100\n|switch|p2a: Gardevoir|Gardevoir, L50, M|100/100\n|switch|p2b: Pelipper|Pelipper, L50, F|100/100\n|-weather|RainDance|[from] ability: Drizzle|[of] p2b: Pelipper\n|-ability|p2a: Gardevoir|Sturdy|Trace|[from] ability: Trace|[of] p1a: Aggron\n|turn|1\n|\n|t:|1776605073\n|detailschange|p2a: Gardevoir|Gardevoir-Mega, L50, M\n|-mega|p2a: Gardevoir|Gardevoir|Gardevoirite\n|detailschange|p1a: Aggron|Aggron-Mega, L50, M, shiny\n|-mega|p1a: Aggron|Aggron|Aggronite\n|move|p2a: Gardevoir|Hyper Voice|p1b: Milotic|[spread] p1a,p1b\n|-resisted|p1a: Aggron|1\n|-damage|p1a: Aggron|82/100\n|-damage|p1b: Milotic|67/100\n|move|p2b: Pelipper|Muddy Water|p1b: Milotic|[spread] p1a,p1b\n|-resisted|p1b: Milotic|1\n|-damage|p1a: Aggron|42/100\n|-damage|p1b: Milotic|51/100\n|move|p1b: Milotic|Muddy Water|p2a: Gardevoir|[spread] p2b\n|-miss|p1b: Milotic|p2a: Gardevoir\n|-resisted|p2b: Pelipper|1\n|-damage|p2b: Pelipper|61/100\n|-unboost|p2b: Pelipper|accuracy|1\n|move|p1a: Aggron|Heavy Slam|p2a: Gardevoir\n|-supereffective|p2a: Gardevoir|1\n|-damage|p2a: Gardevoir|0 fnt\n|faint|p2a: Gardevoir\n|\n|-weather|RainDance|[upkeep]\n|upkeep\n|\n|t:|1776605082\n|switch|p2a: Sneasler|Sneasler, L50, M|100/100\n|turn|2\n|\n|t:|1776605092\n|switch|p1b: Sinistcha|Sinistcha, L50|100/100\n|-heal|p1a: Aggron|67/100|[from] ability: Hospitality|[of] p1b: Sinistcha\n|move|p1a: Aggron|Protect|p1a: Aggron\n|-singleturn|p1a: Aggron|Protect\n|move|p2a: Sneasler|Dire Claw|p1b: Sinistcha\n|-damage|p1b: Sinistcha|60/100\n|move|p2b: Pelipper|Muddy Water|p1b: Sinistcha|[spread] \n|-activate|p1a: Aggron|move: Protect\n|-miss|p2b: Pelipper|p1b: Sinistcha\n|\n|-weather|RainDance|[upkeep]\n|-heal|p1b: Sinistcha|66/100|[from] item: Leftovers\n|upkeep\n|turn|3\n|inactive|SparkelzVGC has 30 seconds left.\n|\n|t:|1776605119\n|move|p2a: Sneasler|Throat Chop|p1b: Sinistcha\n|-supereffective|p1b: Sinistcha|1\n|-damage|p1b: Sinistcha|7/100\n|-start|p1b: Sinistcha|Throat Chop|[silent]\n|move|p2b: Pelipper|Muddy Water|p1a: Aggron|[spread] \n|-miss|p2b: Pelipper|p1a: Aggron\n|-miss|p2b: Pelipper|p1b: Sinistcha\n|move|p1b: Sinistcha|Matcha Gotcha|p2b: Pelipper|[spread] p2a,p2b\n|-resisted|p2a: Sneasler|1\n|-damage|p2a: Sneasler|84/100\n|-heal|p1b: Sinistcha|15/100|[from] drain|[of] p2a: Sneasler\n|-damage|p2b: Pelipper|15/100\n|-heal|p1b: Sinistcha|33/100|[from] drain|[of] p2b: Pelipper\n|move|p1a: Aggron|Heavy Slam|p2a: Sneasler\n|-damage|p2a: Sneasler|0 fnt\n|faint|p2a: Sneasler\n|\n|-weather|RainDance|[upkeep]\n|-heal|p1b: Sinistcha|39/100|[from] item: Leftovers\n|upkeep\n|\n|t:|1776605129\n|switch|p2a: Kingambit|Kingambit, L50, M|100/100\n|turn|4\n|inactive|cherrryy has 30 seconds left.\n|\n|t:|1776605156\n|move|p2b: Pelipper|Hurricane|p1b: Sinistcha\n|-supereffective|p1b: Sinistcha|1\n|-damage|p1b: Sinistcha|0 fnt\n|faint|p1b: Sinistcha\n|move|p2a: Kingambit|Low Kick|p1a: Aggron\n|-supereffective|p1a: Aggron|1\n|-damage|p1a: Aggron|34/100\n|move|p1a: Aggron|Body Press|p2a: Kingambit\n|-supereffective|p2a: Kingambit|2\n|-enditem|p2a: Kingambit|Chople Berry|[eat]\n|-enditem|p2a: Kingambit|Chople Berry|[weaken]\n|-damage|p2a: Kingambit|48/100\n|\n|-weather|RainDance|[upkeep]\n|upkeep\n|\n|t:|1776605171\n|switch|p1b: Tyranitar|Tyranitar, L50, M|100/100\n|-weather|Sandstorm|[from] ability: Sand Stream|[of] p1b: Tyranitar\n|turn|5\n|\n|t:|1776605187\n|move|p2b: Pelipper|Muddy Water|p1a: Aggron|[spread] p1a\n|-miss|p2b: Pelipper|p1b: Tyranitar\n|-damage|p1a: Aggron|7/100\n|move|p1b: Tyranitar|Rock Slide|p2b: Pelipper|[spread] p2a,p2b\n|-resisted|p2a: Kingambit|1\n|-supereffective|p2b: Pelipper|1\n|-damage|p2a: Kingambit|38/100\n|-damage|p2b: Pelipper|0 fnt\n|faint|p2b: Pelipper\n|move|p2a: Kingambit|Low Kick|p1b: Tyranitar\n|-supereffective|p1b: Tyranitar|2\n|-enditem|p1b: Tyranitar|Chople Berry|[eat]\n|-enditem|p1b: Tyranitar|Chople Berry|[weaken]\n|-damage|p1b: Tyranitar|34/100\n|move|p1a: Aggron|Body Press|p2a: Kingambit\n|-supereffective|p2a: Kingambit|2\n|-damage|p2a: Kingambit|0 fnt\n|faint|p2a: Kingambit\n|\n|win|SparkelzVGC\n|raw|SparkelzVGC's rating: 1415 &rarr; <strong>1438</strong><br />(+23 for winning)\n|raw|cherrryy's rating: 1461 &rarr; <strong>1438</strong><br />(-23 for losing)\n",
  "uploadtime": 1776605192,
  "views": 11,
  "formatid": "gen9championsvgc2026regma",
  "rating": 1438,
  "private": 0,
  "password": null
}