{
  "id": "gen9championsvgc2026regma-2580770268",
  "format": "[Gen 9 Champions] VGC 2026 Reg M-A",
  "players": [
    "Jeystar",
    "Coati0"
  ],
  "log": "|j|\u2606Jeystar\n|j|\u2606Coati0\n|t:|1775931073\n|gametype|doubles\n|player|p1|Jeystar|shadowtriad|1117\n|player|p2|Coati0|jasmine|1045\n|gen|9\n|tier|[Gen 9 Champions] VGC 2026 Reg M-A\n|rated|\n|rule|Species Clause: Limit one of each Pok\u00e9mon\n|rule|Item Clause: Limit 1 of each item\n|clearpoke\n|poke|p1|Tyranitar, L50, F|\n|poke|p1|Corviknight, L50, F|\n|poke|p1|Primarina, L50, M|\n|poke|p1|Incineroar, L50, F|\n|poke|p1|Excadrill, L50, F|\n|poke|p1|Sinistcha, L50|\n|poke|p2|Venusaur, L50, F|\n|poke|p2|Zoroark-Hisui, L50, F|\n|poke|p2|Ninetales-Alola, L50, F|\n|poke|p2|Aerodactyl, L50, F|\n|poke|p2|Goodra-Hisui, L50, F|\n|poke|p2|Maushold, L50|\n|teampreview|4\n|\n|t:|1775931090\n|teamsize|p1|4\n|teamsize|p2|4\n|start\n|switch|p1a: RAWR XD|Tyranitar, L50, F, shiny|100/100\n|switch|p1b: HOME DEPOT WORKER|Excadrill, L50, F, shiny|100/100\n|switch|p2a: Maushold|Maushold, L50|100/100\n|switch|p2b: Goodra|Goodra-Hisui, L50, F|100/100\n|-weather|Sandstorm|[from] ability: Sand Stream|[of] p1a: RAWR XD\n|turn|1\n|\n|t:|1775931106\n|switch|p2b: Ninetales|Ninetales-Alola, L50, F|100/100\n|-weather|Snowscape|[from] ability: Snow Warning|[of] p2b: Ninetales\n|move|p2a: Maushold|Super Fang|p1b: HOME DEPOT WORKER|[miss]\n|-miss|p2a: Maushold|p1b: HOME DEPOT WORKER\n|move|p1b: HOME DEPOT WORKER|High Horsepower|p2b: Ninetales\n|-damage|p2b: Ninetales|64/100\n|move|p1a: RAWR XD|Rock Slide|p2a: Maushold|[spread] p2a,p2b\n|-supereffective|p2b: Ninetales|1\n|-damage|p2a: Maushold|62/100\n|-damage|p2b: Ninetales|24/100\n|\n|-weather|Snowscape|[upkeep]\n|upkeep\n|turn|2\n|\n|t:|1775931137\n|switch|p1b: TEA TYME|Sinistcha, L50|100/100\n|detailschange|p1a: RAWR XD|Tyranitar-Mega, L50, F, shiny\n|-mega|p1a: RAWR XD|Tyranitar|Tyranitarite\n|-weather|Sandstorm|[from] ability: Sand Stream|[of] p1a: RAWR XD\n|move|p2a: Maushold|Super Fang|p1b: TEA TYME\n|-immune|p1b: TEA TYME\n|move|p2b: Ninetales|Aurora Veil||[still]\n|-fail|p2b: Ninetales\n|move|p1a: RAWR XD|Rock Slide|p2b: Ninetales|[spread] p2a,p2b\n|-supereffective|p2b: Ninetales|1\n|-damage|p2a: Maushold|17/100\n|-damage|p2b: Ninetales|0 fnt\n|faint|p2b: Ninetales\n|\n|-weather|Sandstorm|[upkeep]\n|-damage|p2a: Maushold|11/100|[from] Sandstorm\n|-damage|p1b: TEA TYME|94/100|[from] Sandstorm\n|upkeep\n|\n|t:|1775931142\n|switch|p2b: Goodra|Goodra-Hisui, L50, F|100/100\n|turn|3\n|\n|t:|1775931155\n|move|p2a: Maushold|Protect|p2a: Maushold\n|-singleturn|p2a: Maushold|Protect\n|move|p1b: TEA TYME|Rage Powder|p1b: TEA TYME\n|-singleturn|p1b: TEA TYME|move: Rage Powder\n|move|p1a: RAWR XD|Low Kick|p2b: Goodra\n|-supereffective|p2b: Goodra|1\n|-damage|p2b: Goodra|41/100\n|move|p2b: Goodra|Shelter|p2b: Goodra\n|-boost|p2b: Goodra|def|2\n|\n|-weather|Sandstorm|[upkeep]\n|-damage|p2a: Maushold|5/100|[from] Sandstorm\n|-damage|p1b: TEA TYME|88/100|[from] Sandstorm\n|-heal|p2b: Goodra|46/100|[from] item: Leftovers\n|upkeep\n|turn|4\n|\n|t:|1775931173\n|move|p2a: Maushold|Follow Me|p2a: Maushold\n|-singleturn|p2a: Maushold|move: Follow Me\n|move|p1b: TEA TYME|Rage Powder|p1b: TEA TYME\n|-singleturn|p1b: TEA TYME|move: Rage Powder\n|move|p1a: RAWR XD|Low Kick|p2a: Maushold\n|-supereffective|p2a: Maushold|1\n|-enditem|p2a: Maushold|Chople Berry|[eat]\n|-enditem|p2a: Maushold|Chople Berry|[weaken]\n|-damage|p2a: Maushold|0 fnt\n|faint|p2a: Maushold\n|move|p2b: Goodra|Shelter|p2b: Goodra\n|-boost|p2b: Goodra|def|2\n|\n|-weather|Sandstorm|[upkeep]\n|-damage|p1b: TEA TYME|82/100|[from] Sandstorm\n|-heal|p2b: Goodra|52/100|[from] item: Leftovers\n|upkeep\n|\n|t:|1775931177\n|switch|p2a: Venusaur|Venusaur, L50, F|100/100\n|turn|5\n|\n|t:|1775931210\n|switch|p1b: EL TIGRE|Incineroar, L50, F, shiny|100/100\n|-ability|p1b: EL TIGRE|Intimidate|boost\n|-unboost|p2a: Venusaur|atk|1\n|-unboost|p2b: Goodra|atk|1\n|detailschange|p2a: Venusaur|Venusaur-Mega, L50, F\n|-mega|p2a: Venusaur|Venusaur|Venusaurite\n|move|p2b: Goodra|Protect|p2b: Goodra\n|-singleturn|p2b: Goodra|Protect\n|move|p1a: RAWR XD|Low Kick|p2b: Goodra\n|-activate|p2b: Goodra|move: Protect\n|move|p2a: Venusaur|Giga Drain|p1a: RAWR XD\n|-supereffective|p1a: RAWR XD|1\n|-damage|p1a: RAWR XD|60/100\n|\n|-weather|Sandstorm|[upkeep]\n|-damage|p1b: EL TIGRE|95/100|[from] Sandstorm\n|-damage|p2a: Venusaur|95/100|[from] Sandstorm\n|-heal|p2b: Goodra|58/100|[from] item: Leftovers\n|upkeep\n|turn|6\n|\n|t:|1775931229\n|move|p1b: EL TIGRE|Fake Out|p2a: Venusaur\n|-damage|p2a: Venusaur|84/100\n|move|p1a: RAWR XD|Low Kick|p2b: Goodra\n|-supereffective|p2b: Goodra|1\n|-damage|p2b: Goodra|32/100\n|cant|p2a: Venusaur|flinch\n|move|p2b: Goodra|Body Press|p1a: RAWR XD\n|-supereffective|p1a: RAWR XD|2\n|-damage|p1a: RAWR XD|0 fnt\n|faint|p1a: RAWR XD\n|\n|-weather|none\n|-heal|p2b: Goodra|37/100|[from] item: Leftovers\n|upkeep\n|inactive|Battle timer is ON: inactive players will automatically lose when time's up. (requested by Jeystar)\n|\n|t:|1775931243\n|switch|p1a: TEA TYME|Sinistcha, L50|82/100\n|-heal|p1b: EL TIGRE|100/100|[from] ability: Hospitality|[of] p1a: TEA TYME\n|turn|7\n|\n|t:|1775931264\n|move|p2a: Venusaur|Protect|p2a: Venusaur\n|-singleturn|p2a: Venusaur|Protect\n|move|p2b: Goodra|Protect|p2b: Goodra\n|-singleturn|p2b: Goodra|Protect\n|move|p1b: EL TIGRE|Parting Shot|p2b: Goodra\n|-activate|p2b: Goodra|move: Protect\n|move|p1a: TEA TYME|Trick Room|p1a: TEA TYME\n|-fieldstart|move: Trick Room|[of] p1a: TEA TYME\n|\n|-heal|p2b: Goodra|43/100|[from] item: Leftovers\n|upkeep\n|turn|8\n|\n|t:|1775931288\n|move|p2b: Goodra|Heavy Slam|p1a: TEA TYME\n|-damage|p1a: TEA TYME|61/100\n|move|p1a: TEA TYME|Matcha Gotcha|p2a: Venusaur|[spread] p2a\n|-ability|p2b: Goodra|Sap Sipper|boost\n|-boost|p2b: Goodra|atk|1\n|-resisted|p2a: Venusaur|2\n|-damage|p2a: Venusaur|79/100\n|-heal|p1a: TEA TYME|64/100|[from] drain|[of] p2a: Venusaur\n|move|p2a: Venusaur|Sludge Bomb|p1a: TEA TYME\n|-damage|p1a: TEA TYME|6/100\n|-status|p1a: TEA TYME|psn\n|-enditem|p1a: TEA TYME|Sitrus Berry|[eat]\n|-heal|p1a: TEA TYME|31/100 psn|[from] item: Sitrus Berry\n|move|p1b: EL TIGRE|Flare Blitz|p2a: Venusaur\n|-supereffective|p2a: Venusaur|1\n|-damage|p2a: Venusaur|30/100\n|-damage|p1b: EL TIGRE|86/100|[from] Recoil\n|\n|-heal|p2b: Goodra|49/100|[from] item: Leftovers\n|-damage|p1a: TEA TYME|18/100 psn|[from] psn\n|upkeep\n|turn|9\n|\n|t:|1775931306\n|switch|p1b: HOME DEPOT WORKER|Excadrill, L50, F, shiny|100/100\n|move|p1a: TEA TYME|Rage Powder|p1a: TEA TYME\n|-singleturn|p1a: TEA TYME|move: Rage Powder\n|move|p2b: Goodra|Body Press|p1a: TEA TYME\n|-immune|p1a: TEA TYME\n|move|p2a: Venusaur|Earth Power|p1b: HOME DEPOT WORKER\n|-supereffective|p1b: HOME DEPOT WORKER|1\n|-damage|p1b: HOME DEPOT WORKER|17/100\n|\n|-heal|p2b: Goodra|55/100|[from] item: Leftovers\n|-damage|p1a: TEA TYME|6/100 psn|[from] psn\n|upkeep\n|turn|10\n|\n|t:|1775931325\n|move|p2b: Goodra|Protect|p2b: Goodra\n|-singleturn|p2b: Goodra|Protect\n|move|p2a: Venusaur|Protect|p2a: Venusaur\n|-singleturn|p2a: Venusaur|Protect\n|move|p1a: TEA TYME|Rage Powder|p1a: TEA TYME\n|-singleturn|p1a: TEA TYME|move: Rage Powder\n|move|p1b: HOME DEPOT WORKER|Earthquake|p2b: Goodra|[spread] p1a\n|-activate|p2a: Venusaur|move: Protect\n|-activate|p2b: Goodra|move: Protect\n|-resisted|p1a: TEA TYME|1\n|-damage|p1a: TEA TYME|0 fnt\n|faint|p1a: TEA TYME\n|\n|-heal|p2b: Goodra|61/100|[from] item: Leftovers\n|upkeep\n|\n|t:|1775931330\n|switch|p1a: EL TIGRE|Incineroar, L50, F, shiny|86/100\n|-ability|p1a: EL TIGRE|Intimidate|boost\n|-unboost|p2a: Venusaur|atk|1\n|-unboost|p2b: Goodra|atk|1\n|turn|11\n|\n|t:|1775931341\n|move|p2b: Goodra|Body Press|p1b: HOME DEPOT WORKER\n|-supereffective|p1b: HOME DEPOT WORKER|1\n|-damage|p1b: HOME DEPOT WORKER|0 fnt\n|faint|p1b: HOME DEPOT WORKER\n|move|p2a: Venusaur|Giga Drain|p1a: EL TIGRE\n|-resisted|p1a: EL TIGRE|1\n|-damage|p1a: EL TIGRE|66/100\n|-heal|p2a: Venusaur|40/100|[from] drain|[of] p1a: EL TIGRE\n|move|p1a: EL TIGRE|Flare Blitz|p2b: Goodra\n|-damage|p2b: Goodra|46/100\n|-status|p2b: Goodra|brn\n|-damage|p1a: EL TIGRE|61/100|[from] Recoil\n|\n|-heal|p2b: Goodra|52/100 brn|[from] item: Leftovers\n|-damage|p2b: Goodra|46/100 brn|[from] brn\n|-fieldend|move: Trick Room\n|upkeep\n|turn|12\n|\n|t:|1775931357\n|move|p1a: EL TIGRE|Parting Shot|p2b: Goodra\n|-unboost|p2b: Goodra|atk|1\n|-unboost|p2b: Goodra|spa|1\n|move|p2a: Venusaur|Earth Power|p1a: EL TIGRE\n|-supereffective|p1a: EL TIGRE|1\n|-enditem|p1a: EL TIGRE|Shuca Berry|[eat]\n|-enditem|p1a: EL TIGRE|Shuca Berry|[weaken]\n|-damage|p1a: EL TIGRE|30/100\n|move|p2b: Goodra|Body Press|p1a: EL TIGRE\n|-supereffective|p1a: EL TIGRE|1\n|-damage|p1a: EL TIGRE|0 fnt\n|faint|p1a: EL TIGRE\n|\n|win|Coati0\n|raw|Jeystar's rating: 1117 &rarr; <strong>1087</strong><br />(-30 for losing)\n|raw|Coati0's rating: 1045 &rarr; <strong>1085</strong><br />(+40 for winning)\n",
  "uploadtime": 1775931362,
  "views": 11,
  "formatid": "gen9championsvgc2026regma",
  "rating": 1085,
  "private": 0,
  "password": null
}