{
  "id": "gen9championsvgc2026regma-2581028576",
  "format": "[Gen 9 Champions] VGC 2026 Reg M-A",
  "players": [
    "taco consumer",
    "SleepyPumpk1n"
  ],
  "log": "|j|\u2606taco consumer\n|j|\u2606SleepyPumpk1n\n|t:|1775953153\n|gametype|doubles\n|player|p1|taco consumer|whitney|1078\n|player|p2|SleepyPumpk1n|red-masters3|1137\n|gen|9\n|tier|[Gen 9 Champions] VGC 2026 Reg M-A\n|rated|\n|rule|Species Clause: Limit one of each Pok\u00e9mon\n|rule|Item Clause: Limit 1 of each item\n|clearpoke\n|poke|p1|Delphox, L50, M|\n|poke|p1|Garchomp, L50, F|\n|poke|p1|Rotom-Wash, L50|\n|poke|p1|Incineroar, L50, M|\n|poke|p1|Sinistcha, L50|\n|poke|p1|Sneasler, L50, F|\n|poke|p2|Meowstic, L50, M|\n|poke|p2|Alakazam, L50, M|\n|poke|p2|Farigiraf, L50, F|\n|poke|p2|Hatterene, L50, F|\n|poke|p2|Slowking, L50, F|\n|poke|p2|Gallade, L50, M|\n|teampreview|4\n|inactive|Battle timer is ON: inactive players will automatically lose when time's up. (requested by SleepyPumpk1n)\ntaco consumer has agreed to open team sheets.\n|inactive|taco consumer has 60 seconds left.\n|inactive|SleepyPumpk1n has 60 seconds left.\n|\n|t:|1775953185\n|teamsize|p1|4\n|teamsize|p2|4\n|start\n|switch|p1a: Sinistcha|Sinistcha, L50|100/100\n|switch|p1b: Delphox|Delphox, L50, M|100/100\n|switch|p2a: Meowstic|Meowstic, L50, M|100/100\n|switch|p2b: Alakazam|Alakazam, L50, M|100/100\n|turn|1\n|inactive|SleepyPumpk1n has 30 seconds left.\n|\n|t:|1775953215\n|detailschange|p1b: Delphox|Delphox-Mega, L50, M\n|-mega|p1b: Delphox|Delphox|Delphoxite\n|move|p2b: Alakazam|Protect|p2b: Alakazam\n|-singleturn|p2b: Alakazam|Protect\n|move|p2a: Meowstic|Psychic Terrain|p2a: Meowstic\n|-fieldstart|move: Psychic Terrain\n|move|p1b: Delphox|Heat Wave|p2a: Meowstic|[spread] \n|-activate|p2b: Alakazam|move: Protect\n|-miss|p1b: Delphox|p2a: Meowstic\n|move|p1a: Sinistcha|Matcha Gotcha|p2a: Meowstic|[spread] p2a\n|-activate|p2b: Alakazam|move: Protect\n|-damage|p2a: Meowstic|73/100\n|-status|p2a: Meowstic|brn\n|\n|-damage|p2a: Meowstic|67/100 brn|[from] brn\n|upkeep\n|turn|2\n|inactive|taco consumer has 30 seconds left.\n|inactive|SleepyPumpk1n has 30 seconds left.\n|inactive|taco consumer has 20 seconds left.\n|inactive|taco consumer has 15 seconds left.\n|inactive|taco consumer has 10 seconds left.\n|\n|t:|1775953260\n|detailschange|p2b: Alakazam|Alakazam-Mega, L50, M\n|-mega|p2b: Alakazam|Alakazam|Alakazite\n|-ability|p2b: Alakazam|Hospitality|Trace|[from] ability: Trace|[of] p1a: Sinistcha\n|-heal|p2a: Meowstic|92/100 brn|[from] ability: Hospitality|[of] p2b: Alakazam\n|move|p2a: Meowstic|Rain Dance|p2a: Meowstic\n|-weather|RainDance\n|move|p2b: Alakazam|Expanding Force|p1b: Delphox|[spread] p1a,p1b\n|-resisted|p1b: Delphox|1\n|-damage|p1a: Sinistcha|30/100\n|-damage|p1b: Delphox|63/100\n|move|p1b: Delphox|Heat Wave|p2a: Meowstic|[spread] p2a,p2b\n|-damage|p2a: Meowstic|69/100 brn\n|-damage|p2b: Alakazam|72/100\n|move|p1a: Sinistcha|Matcha Gotcha|p2b: Alakazam|[spread] p2a,p2b\n|-damage|p2a: Meowstic|41/100 brn\n|-heal|p1a: Sinistcha|44/100|[from] drain|[of] p2a: Meowstic\n|-damage|p2b: Alakazam|42/100\n|-heal|p1a: Sinistcha|56/100|[from] drain|[of] p2b: Alakazam\n|\n|-weather|RainDance|[upkeep]\n|-damage|p2a: Meowstic|35/100 brn|[from] brn\n|upkeep\n|turn|3\n|\n|t:|1775953282\n|switch|p1a: Incineroar|Incineroar, L50, M|100/100\n|-ability|p1a: Incineroar|Intimidate|boost\n|-unboost|p2a: Meowstic|atk|1\n|-unboost|p2b: Alakazam|atk|1\n|move|p2b: Alakazam|Expanding Force|p1b: Delphox|[spread] p1b\n|-immune|p1a: Incineroar\n|-resisted|p1b: Delphox|1\n|-damage|p1b: Delphox|29/100\n|move|p1b: Delphox|Psychic|p2b: Alakazam\n|-resisted|p2b: Alakazam|1\n|-damage|p2b: Alakazam|7/100\n|move|p2a: Meowstic|Expanding Force|p1a: Incineroar|[spread] p1b\n|-immune|p1a: Incineroar\n|-resisted|p1b: Delphox|1\n|-damage|p1b: Delphox|8/100\n|\n|-weather|RainDance|[upkeep]\n|-damage|p2a: Meowstic|29/100 brn|[from] brn\n|upkeep\n|turn|4\n|inactive|taco consumer has 30 seconds left.\n|inactive|taco consumer has 20 seconds left.\n|\n|t:|1775953320\n|switch|p2a: Farigiraf|Farigiraf, L50, F|100/100\n|move|p2b: Alakazam|Dazzling Gleam|p1a: Incineroar|[spread] p1a,p1b\n|-resisted|p1b: Delphox|1\n|-damage|p1a: Incineroar|78/100\n|-damage|p1b: Delphox|0 fnt\n|faint|p1b: Delphox\n|move|p1a: Incineroar|Throat Chop|p2b: Alakazam\n|-supereffective|p2b: Alakazam|1\n|-damage|p2b: Alakazam|0 fnt\n|faint|p2b: Alakazam\n|\n|-weather|RainDance|[upkeep]\n|upkeep\n|\n|t:|1775953330\n|switch|p2b: Gallade|Gallade, L50, M, shiny|100/100\n|switch|p1b: Rotom|Rotom-Wash, L50|100/100\n|turn|5\n|inactive|SleepyPumpk1n has 30 seconds left.\n|\n|t:|1775953360\n|switch|p1a: Sinistcha|Sinistcha, L50|56/100\n|move|p2b: Gallade|Sacred Sword|p1a: Sinistcha\n|-immune|p1a: Sinistcha\n|move|p1b: Rotom|Hydro Pump|p2b: Gallade\n|-damage|p2b: Gallade|13/100\n|move|p2a: Farigiraf|Twin Beam|p1b: Rotom\n|-damage|p1b: Rotom|75/100\n|-damage|p1b: Rotom|46/100\n|-enditem|p1b: Rotom|Sitrus Berry|[eat]\n|-heal|p1b: Rotom|71/100|[from] item: Sitrus Berry\n|-hitcount|p1b: Rotom|2\n|\n|-weather|RainDance|[upkeep]\n|-fieldend|move: Psychic Terrain\n|upkeep\n|turn|6\n|\n|t:|1775953382\n|move|p1b: Rotom|Helping Hand|p1a: Sinistcha\n|-singleturn|p1a: Sinistcha|Helping Hand|[of] p1b: Rotom\n|move|p2b: Gallade|Destiny Bond|p2b: Gallade\n|-singlemove|p2b: Gallade|Destiny Bond\n|move|p1a: Sinistcha|Matcha Gotcha|p2a: Farigiraf|[spread] p2a,p2b\n|-damage|p2a: Farigiraf|65/100\n|-heal|p1a: Sinistcha|79/100|[from] drain|[of] p2a: Farigiraf\n|-damage|p2b: Gallade|0 fnt\n|-heal|p1a: Sinistcha|84/100|[from] drain|[of] p2b: Gallade\n|faint|p2b: Gallade\n|-activate|p2b: Gallade|move: Destiny Bond\n|faint|p1a: Sinistcha\n|move|p2a: Farigiraf|Hyper Beam|p1b: Rotom\n|-damage|p1b: Rotom|0 fnt\n|-mustrecharge|p2a: Farigiraf\n|faint|p1b: Rotom\n|\n|-weather|none\n|upkeep\n|\n|t:|1775953397\n|switch|p2b: Meowstic|Meowstic, L50, M|29/100 brn\n|switch|p1b: Incineroar|Incineroar, L50, M|78/100\n|-ability|p1b: Incineroar|Intimidate|boost\n|-unboost|p2a: Farigiraf|atk|1\n|-unboost|p2b: Meowstic|atk|1\n|turn|7\n|\n|t:|1775953411\n|move|p2b: Meowstic|Fake Out|p1b: Incineroar\n|-damage|p1b: Incineroar|77/100\n|cant|p1b: Incineroar|flinch\n|cant|p2a: Farigiraf|recharge\n|\n|-damage|p2b: Meowstic|23/100 brn|[from] brn\n|upkeep\n|turn|8\n|\n|t:|1775953426\n|move|p2b: Meowstic|Rain Dance|p2b: Meowstic\n|-weather|RainDance\n|move|p2a: Farigiraf|Hyper Beam|p1b: Incineroar\n|-damage|p1b: Incineroar|16/100\n|-mustrecharge|p2a: Farigiraf\n|move|p1b: Incineroar|Throat Chop|p2a: Farigiraf\n|-supereffective|p2a: Farigiraf|1\n|-damage|p2a: Farigiraf|0 fnt\n|faint|p2a: Farigiraf\n|\n|-weather|RainDance|[upkeep]\n|-damage|p2b: Meowstic|17/100 brn|[from] brn\n|upkeep\n|turn|9\n|\n|t:|1775953433\n|move|p2b: Meowstic|Expanding Force|p1b: Incineroar\n|-immune|p1b: Incineroar\n|move|p1b: Incineroar|Throat Chop|p2b: Meowstic\n|-supereffective|p2b: Meowstic|1\n|-damage|p2b: Meowstic|0 fnt\n|faint|p2b: Meowstic\n|\n|win|taco consumer\n|raw|taco consumer's rating: 1078 &rarr; <strong>1111</strong><br />(+33 for winning)\n|raw|SleepyPumpk1n's rating: 1137 &rarr; <strong>1108</strong><br />(-29 for losing)\n|l|\u2606taco consumer\n|player|p1|\n",
  "uploadtime": 1775953442,
  "views": 12,
  "formatid": "gen9championsvgc2026regma",
  "rating": 1108,
  "private": 0,
  "password": null
}