{
  "id": "gen9championsvgc2026regma-2583465687",
  "format": "[Gen 9 Champions] VGC 2026 Reg M-A",
  "players": [
    "meursault1941",
    "thine pingles lord"
  ],
  "log": "|j|\u2606meursault1941\n|j|\u2606thine pingles lord\n|t:|1776177423\n|gametype|doubles\n|player|p1|meursault1941|169|1040\n|player|p2|thine pingles lord|swimmer-gen4|1071\n|gen|9\n|tier|[Gen 9 Champions] VGC 2026 Reg M-A\n|rated|\n|rule|Species Clause: Limit one of each Pok\u00e9mon\n|rule|Item Clause: Limit 1 of each item\n|clearpoke\n|poke|p1|Meganium, L50, M|\n|poke|p1|Whimsicott, L50, F|\n|poke|p1|Sinistcha, L50|\n|poke|p1|Incineroar, L50, M|\n|poke|p1|Rotom-Wash, L50|\n|poke|p1|Lucario, L50, M|\n|poke|p2|Froslass, L50, F|\n|poke|p2|Incineroar, L50, M|\n|poke|p2|Orthworm, L50, M|\n|poke|p2|Garchomp, L50, M|\n|poke|p2|Basculegion, L50, M|\n|poke|p2|Rotom-Frost, L50|\n|teampreview|4\n|inactive|Battle timer is ON: inactive players will automatically lose when time's up. (requested by meursault1941)\n|\n|t:|1776177438\n|teamsize|p1|4\n|teamsize|p2|4\n|start\n|switch|p1a: Meganium|Meganium, L50, M|100/100\n|switch|p1b: Sinistcha|Sinistcha, L50|100/100\n|switch|p2a: the strongest|Incineroar, L50, M, shiny|100/100\n|switch|p2b: wormy|Orthworm, L50, M, shiny|100/100\n|-ability|p2a: the strongest|Intimidate|boost\n|-unboost|p1a: Meganium|atk|1\n|-unboost|p1b: Sinistcha|atk|1\n|turn|1\n|\n|t:|1776177459\n|switch|p1b: Incineroar|Incineroar, L50, M|100/100\n|-ability|p1b: Incineroar|Intimidate|boost\n|-unboost|p2a: the strongest|atk|1\n|-unboost|p2b: wormy|atk|1\n|move|p1a: Meganium|Protect|p1a: Meganium\n|-singleturn|p1a: Meganium|Protect\n|move|p2b: wormy|Shed Tail|p2b: wormy\n|-start|p2b: wormy|Substitute|[from] move: Shed Tail\n|-damage|p2b: wormy|50/100\n|-enditem|p2b: wormy|Sitrus Berry|[eat]\n|-heal|p2b: wormy|75/100|[from] item: Sitrus Berry\n|\n|t:|1776177462\n|switch|p2b: chomp|Garchomp, L50, M|100/100|[from] Shed Tail\n|move|p2a: the strongest|Darkest Lariat|p1b: Incineroar\n|-resisted|p1b: Incineroar|1\n|-damage|p1b: Incineroar|91/100\n|\n|upkeep\n|turn|2\n|\n|t:|1776177480\n|detailschange|p1a: Meganium|Meganium-Mega, L50, M\n|-mega|p1a: Meganium|Meganium|Meganiumite\n|move|p1b: Incineroar|Fake Out|p2a: the strongest\n|-damage|p2a: the strongest|90/100\n|move|p2b: chomp|Rock Slide|p1b: Incineroar|[spread] p1a,p1b\n|-supereffective|p1b: Incineroar|1\n|-damage|p1a: Meganium|83/100\n|-damage|p1b: Incineroar|54/100\n|cant|p1a: Meganium|flinch\n|cant|p2a: the strongest|flinch\n|\n|upkeep\n|turn|3\n|c|\u2606thine pingles lord|that is insane\n|\n|t:|1776177500\n|switch|p2a: wormy|Orthworm, L50, M, shiny|75/100\n|switch|p1b: Rotom|Rotom-Wash, L50|100/100\n|move|p1a: Meganium|Protect|p1a: Meganium\n|-singleturn|p1a: Meganium|Protect\n|move|p2b: chomp|Earthquake|p1a: Meganium|[spread] \n|-activate|p1a: Meganium|move: Protect\n|-heal|p2a: wormy|99/100|[from] ability: Earth Eater|[of] p2b: chomp\n|-immune|p1b: Rotom|[from] ability: Levitate\n|\n|upkeep\n|turn|4\n|inactive|thine pingles lord has 30 seconds left.\n|\n|t:|1776177535\n|move|p2b: chomp|Protect|p2b: chomp\n|-singleturn|p2b: chomp|Protect\n|move|p1b: Rotom|Hydro Pump|p2b: chomp\n|-activate|p2b: chomp|move: Protect\n|move|p1a: Meganium|Weather Ball|p2a: wormy\n|-supereffective|p2a: wormy|1\n|-damage|p2a: wormy|0 fnt\n|faint|p2a: wormy\n|\n|upkeep\n|\n|t:|1776177545\n|switch|p2a: the strongest|Incineroar, L50, M, shiny|90/100\n|-ability|p2a: the strongest|Intimidate|boost\n|-unboost|p1a: Meganium|atk|1\n|-unboost|p1b: Rotom|atk|1\n|turn|5\n|\n|t:|1776177558\n|switch|p1b: Incineroar|Incineroar, L50, M|54/100\n|-ability|p1b: Incineroar|Intimidate|boost\n|-unboost|p2a: the strongest|atk|1\n|-immune|p2b: chomp\n|move|p1a: Meganium|Protect|p1a: Meganium\n|-singleturn|p1a: Meganium|Protect\n|move|p2a: the strongest|Fake Out|p1a: Meganium\n|-activate|p1a: Meganium|move: Protect\n|move|p2b: chomp|Rock Slide|p1b: Incineroar|[spread] p1b\n|-activate|p1a: Meganium|move: Protect\n|-supereffective|p1b: Incineroar|1\n|-damage|p1b: Incineroar|16/100\n|\n|upkeep\n|turn|6\n|\n|t:|1776177574\n|move|p1b: Incineroar|Fake Out|p2a: the strongest\n|-damage|p2a: the strongest|81/100\n|move|p2b: chomp|Rock Slide|p1a: Meganium|[spread] p1a,p1b\n|-supereffective|p1b: Incineroar|1\n|-damage|p1a: Meganium|66/100\n|-damage|p1b: Incineroar|0 fnt\n|faint|p1b: Incineroar\n|move|p1a: Meganium|Solar Beam||[still]\n|-prepare|p1a: Meganium|Solar Beam\n|-activate|p1a: Meganium|ability: Mega Sol\n|-anim|p1a: Meganium|Solar Beam|p2a: the strongest\n|-resisted|p2a: the strongest|1\n|-damage|p2a: the strongest|50/100\n|cant|p2a: the strongest|flinch\n|\n|upkeep\n|\n|t:|1776177587\n|switch|p1b: Rotom|Rotom-Wash, L50|100/100\n|turn|7\n|\n|t:|1776177597\n|move|p1a: Meganium|Protect|p1a: Meganium\n|-singleturn|p1a: Meganium|Protect\n|move|p2b: chomp|Rock Slide|p1b: Rotom|[spread] \n|-activate|p1a: Meganium|move: Protect\n|-miss|p2b: chomp|p1b: Rotom\n|move|p1b: Rotom|Hydro Pump|p2a: the strongest\n|-supereffective|p2a: the strongest|1\n|-damage|p2a: the strongest|0 fnt\n|faint|p2a: the strongest\n|\n|upkeep\n|\n|t:|1776177601\n|switch|p2a: chilly|Froslass, L50, F|100/100\n|turn|8\n|inactive|meursault1941 has 30 seconds left.\n|inactive|meursault1941 has 20 seconds left.\n|inactive|meursault1941 has 15 seconds left.\n|inactive|meursault1941 has 10 seconds left.\n|inactive|meursault1941 has 5 seconds left.\n|\n|t:|1776177656\n|detailschange|p2a: chilly|Froslass-Mega, L50, F\n|-mega|p2a: chilly|Froslass|Froslassite\n|-weather|Snowscape|[from] ability: Snow Warning|[of] p2a: chilly\n|move|p2a: chilly|Blizzard|p1b: Rotom|[spread] p1a,p1b\n|-supereffective|p1a: Meganium|1\n|-resisted|p1b: Rotom|1\n|-damage|p1a: Meganium|0 fnt\n|-damage|p1b: Rotom|78/100\n|faint|p1a: Meganium\n|move|p2b: chomp|Rock Slide|p1b: Rotom\n|-damage|p1b: Rotom|48/100\n|move|p1b: Rotom|Hydro Pump|p2a: chilly\n|-crit|p2a: chilly\n|-damage|p2a: chilly|0 fnt\n|faint|p2a: chilly\n|\n|-weather|Snowscape|[upkeep]\n|-heal|p1b: Rotom|54/100|[from] item: Leftovers\n|upkeep\n|\n|t:|1776177680\n|switch|p1a: Sinistcha|Sinistcha, L50|100/100\n|-heal|p1b: Rotom|79/100|[from] ability: Hospitality|[of] p1a: Sinistcha\n|turn|9\n|\n|t:|1776177688\n|move|p2b: chomp|Dragon Claw|p1b: Rotom\n|-damage|p1b: Rotom|27/100\n|move|p1b: Rotom|Hydro Pump|p2b: chomp\n|-end|p2b: chomp|Substitute\n|move|p1a: Sinistcha|Trick Room|p1a: Sinistcha\n|-fieldstart|move: Trick Room|[of] p1a: Sinistcha\n|\n|-weather|Snowscape|[upkeep]\n|-heal|p1b: Rotom|33/100|[from] item: Leftovers\n|upkeep\n|turn|10\n|\n|t:|1776177698\n|move|p1a: Sinistcha|Rage Powder|p1a: Sinistcha\n|-singleturn|p1a: Sinistcha|move: Rage Powder\n|move|p1b: Rotom|Hydro Pump|p2b: chomp\n|-damage|p2b: chomp|40/100\n|move|p2b: chomp|Dragon Claw|p1a: Sinistcha\n|-damage|p1a: Sinistcha|59/100\n|\n|-weather|Snowscape|[upkeep]\n|-heal|p1b: Rotom|39/100|[from] item: Leftovers\n|upkeep\n|turn|11\n|\n|t:|1776177708\n|move|p2b: chomp|Protect|p2b: chomp\n|-singleturn|p2b: chomp|Protect\n|move|p1a: Sinistcha|Rage Powder|p1a: Sinistcha\n|-singleturn|p1a: Sinistcha|move: Rage Powder\n|move|p1b: Rotom|Hydro Pump|p2b: chomp\n|-activate|p2b: chomp|move: Protect\n|\n|-weather|Snowscape|[upkeep]\n|-heal|p1b: Rotom|44/100|[from] item: Leftovers\n|upkeep\n|turn|12\n|c|\u2606meursault1941|Js move\n|inactive|thine pingles lord has 30 seconds left.\n|\n|t:|1776177734\n|move|p1a: Sinistcha|Rage Powder|p1a: Sinistcha\n|-singleturn|p1a: Sinistcha|move: Rage Powder\n|move|p1b: Rotom|Hydro Pump|p2b: chomp\n|-damage|p2b: chomp|0 fnt\n|faint|p2b: chomp\n|\n|win|meursault1941\n|raw|meursault1941's rating: 1040 &rarr; <strong>1077</strong><br />(+37 for winning)\n|raw|thine pingles lord's rating: 1071 &rarr; <strong>1049</strong><br />(-22 for losing)\n|l|\u2606thine pingles lord\n|player|p2|\n|l|\u2606meursault1941\n|player|p1|\n|j|\u2606meursault1941\n|player|p1|meursault1941|169|\n",
  "uploadtime": 1776177740,
  "views": 20,
  "formatid": "gen9championsvgc2026regma",
  "rating": 1049,
  "private": 0,
  "password": null
}