{
  "id": "gen9championsvgc2026regma-2587825966",
  "format": "[Gen 9 Champions] VGC 2026 Reg M-A",
  "players": [
    "EXSA",
    "Cr13l"
  ],
  "log": "|j|\u2606EXSA\n|j|\u2606Cr13l\n|t:|1776567930\n|gametype|doubles\n|player|p1|EXSA|169|1177\n|player|p2|Cr13l|hugh|1253\n|gen|9\n|tier|[Gen 9 Champions] VGC 2026 Reg M-A\n|rated|\n|rule|Species Clause: Limit one of each Pok\u00e9mon\n|rule|Item Clause: Limit 1 of each item\n|clearpoke\n|poke|p1|Oranguru, L50, M|\n|poke|p1|Incineroar, L50, M|\n|poke|p1|Chesnaught, L50, M|\n|poke|p1|Maushold-Four, L50|\n|poke|p1|Torkoal, L50, F|\n|poke|p1|Gengar, L50, M|\n|poke|p2|Chandelure, L50, F|\n|poke|p2|Aerodactyl, L50, F|\n|poke|p2|Krookodile, L50, F|\n|poke|p2|Gallade, L50, M|\n|poke|p2|Blastoise, L50, M|\n|poke|p2|Archaludon, L50, M|\n|teampreview|4\n|\n|t:|1776567994\n|teamsize|p1|4\n|teamsize|p2|4\n|start\n|switch|p1a: Incineroar|Incineroar, L50, M|100/100\n|switch|p1b: Oranguru|Oranguru, L50, M|100/100\n|switch|p2a: Aerodactyl|Aerodactyl, L50, F|100/100\n|switch|p2b: Blastoise|Blastoise, L50, M|100/100\n|-ability|p2a: Aerodactyl|Unnerve\n|-ability|p1a: Incineroar|Intimidate|boost\n|-unboost|p2a: Aerodactyl|atk|1\n|-unboost|p2b: Blastoise|atk|1\n|turn|1\n|\n|t:|1776568024\n|move|p2b: Blastoise|Fake Out|p1b: Oranguru\n|-damage|p1b: Oranguru|96/100\n|move|p2a: Aerodactyl|Rock Slide|p1b: Oranguru|[spread] p1a,p1b\n|-supereffective|p1a: Incineroar|1\n|-damage|p1a: Incineroar|66/100\n|-damage|p1b: Oranguru|82/100\n|move|p1a: Incineroar|Parting Shot|p2a: Aerodactyl\n|-unboost|p2a: Aerodactyl|atk|1\n|-unboost|p2a: Aerodactyl|spa|1\n|\n|t:|1776568033\n|switch|p1a: Chesnaught|Chesnaught, L50, M|100/100|[from] Parting Shot\n|move|p1b: Oranguru|Trick Room|p1b: Oranguru\n|-fieldstart|move: Trick Room|[of] p1b: Oranguru\n|\n|upkeep\n|turn|2\n|\n|t:|1776568046\n|detailschange|p1a: Chesnaught|Chesnaught-Mega, L50, M\n|-mega|p1a: Chesnaught|Chesnaught|Chesnaughtite\n|move|p2b: Blastoise|Protect|p2b: Blastoise\n|-singleturn|p2b: Blastoise|Protect\n|move|p1a: Chesnaught|Body Press|p2a: Aerodactyl\n|-damage|p2a: Aerodactyl|3/100\n|move|p1b: Oranguru|Encore|p2b: Blastoise\n|-activate|p2b: Blastoise|move: Protect\n|move|p2a: Aerodactyl|Dual Wingbeat|p1a: Chesnaught\n|-supereffective|p1a: Chesnaught|2\n|-damage|p1a: Chesnaught|82/100\n|-supereffective|p1a: Chesnaught|2\n|-damage|p1a: Chesnaught|63/100\n|-hitcount|p1a: Chesnaught|2\n|\n|upkeep\n|turn|3\n|\n|t:|1776568062\n|switch|p2b: Chandelure|Chandelure, L50, F|100/100\n|move|p2a: Aerodactyl|Protect|p2a: Aerodactyl\n|-singleturn|p2a: Aerodactyl|Protect\n|move|p1a: Chesnaught|Wood Hammer|p2a: Aerodactyl\n|-activate|p2a: Aerodactyl|move: Protect\n|move|p1b: Oranguru|Instruct|p1a: Chesnaught\n|-singleturn|p1a: Chesnaught|move: Instruct|[of] p1b: Oranguru\n|move|p1a: Chesnaught|Wood Hammer|p2a: Aerodactyl\n|-activate|p2a: Aerodactyl|move: Protect\n|\n|upkeep\n|turn|4\n|\n|t:|1776568089\n|switch|p1a: Incineroar|Incineroar, L50, M|66/100\n|-ability|p1a: Incineroar|Intimidate|boost\n|-unboost|p2a: Aerodactyl|atk|1\n|-unboost|p2b: Chandelure|atk|1\n|switch|p2a: Archaludon|Archaludon, L50, M|100/100\n|detailschange|p2b: Chandelure|Chandelure-Mega, L50, F\n|-mega|p2b: Chandelure|Chandelure|Chandelurite\n|move|p2b: Chandelure|Protect|p2b: Chandelure\n|-singleturn|p2b: Chandelure|Protect\n|move|p1b: Oranguru|Psychic|p2a: Archaludon\n|-resisted|p2a: Archaludon|1\n|-damage|p2a: Archaludon|82/100\n|\n|upkeep\n|turn|5\n|\n|t:|1776568109\n|switch|p2b: Blastoise|Blastoise, L50, M|100/100\n|move|p2a: Archaludon|Protect|p2a: Archaludon\n|-singleturn|p2a: Archaludon|Protect\n|move|p1a: Incineroar|Parting Shot|p2a: Archaludon\n|-activate|p2a: Archaludon|move: Protect\n|move|p1b: Oranguru|Encore||[still]\n|-fail|p1b: Oranguru\n|\n|-fieldend|move: Trick Room\n|upkeep\n|turn|6\n|\n|t:|1776568126\n|move|p2a: Archaludon|Draco Meteor|p1b: Oranguru\n|-damage|p1b: Oranguru|17/100\n|-unboost|p2a: Archaludon|spa|2\n|move|p2b: Blastoise|Hydro Pump|p1b: Oranguru\n|-damage|p1b: Oranguru|0 fnt\n|faint|p1b: Oranguru\n|move|p1a: Incineroar|Throat Chop|p2a: Archaludon\n|-damage|p2a: Archaludon|48/100\n|-start|p2a: Archaludon|Throat Chop|[silent]\n|\n|upkeep\n|\n|t:|1776568134\n|switch|p1b: Chesnaught|Chesnaught-Mega, L50, M|63/100\n|turn|7\n|\n|t:|1776568159\n|switch|p1a: Torkoal|Torkoal, L50, F|100/100\n|-weather|SunnyDay|[from] ability: Drought|[of] p1a: Torkoal\n|move|p2b: Blastoise|Fake Out||[still]\n|-hint|Fake Out only works on your first turn out.\n|-fail|p2b: Blastoise\n|move|p2a: Archaludon|Draco Meteor|p1b: Chesnaught|[miss]\n|-miss|p2a: Archaludon|p1b: Chesnaught\n|move|p1b: Chesnaught|Leech Seed|p2b: Blastoise\n|-start|p2b: Blastoise|move: Leech Seed\n|\n|-weather|SunnyDay|[upkeep]\n|-damage|p2b: Blastoise|88/100|[from] Leech Seed|[of] p1b: Chesnaught\n|-heal|p1b: Chesnaught|75/100|[silent]\n|-end|p2a: Archaludon|Throat Chop|[silent]\n|upkeep\n|turn|8\n|\n|t:|1776568189\n|move|p1b: Chesnaught|Spiky Shield|p1b: Chesnaught\n|-singleturn|p1b: Chesnaught|move: Protect\n|move|p2a: Archaludon|Draco Meteor|p1a: Torkoal\n|-damage|p1a: Torkoal|40/100\n|-unboost|p2a: Archaludon|spa|2\n|move|p2b: Blastoise|Hydro Pump|p1a: Torkoal\n|-supereffective|p1a: Torkoal|1\n|-damage|p1a: Torkoal|0 fnt\n|faint|p1a: Torkoal\n|\n|-weather|SunnyDay|[upkeep]\n|-heal|p2b: Blastoise|94/100|[from] item: Leftovers\n|-damage|p2b: Blastoise|82/100|[from] Leech Seed|[of] p1b: Chesnaught\n|-heal|p1b: Chesnaught|87/100|[silent]\n|upkeep\n|\n|t:|1776568198\n|switch|p1a: Incineroar|Incineroar, L50, M|66/100\n|-ability|p1a: Incineroar|Intimidate|boost\n|-unboost|p2a: Archaludon|atk|1\n|-unboost|p2b: Blastoise|atk|1\n|turn|9\n|\n|t:|1776568211\n|move|p2b: Blastoise|Protect|p2b: Blastoise\n|-singleturn|p2b: Blastoise|Protect\n|move|p2a: Archaludon|Draco Meteor|p1a: Incineroar\n|-damage|p1a: Incineroar|41/100\n|-unboost|p2a: Archaludon|spa|2\n|-enditem|p1a: Incineroar|Sitrus Berry|[eat]\n|-heal|p1a: Incineroar|65/100|[from] item: Sitrus Berry\n|move|p1a: Incineroar|Flare Blitz|p2a: Archaludon\n|-damage|p2a: Archaludon|0 fnt\n|faint|p2a: Archaludon\n|-damage|p1a: Incineroar|50/100|[from] Recoil\n|move|p1b: Chesnaught|Wood Hammer|p2b: Blastoise\n|-activate|p2b: Blastoise|move: Protect\n|\n|-weather|SunnyDay|[upkeep]\n|-heal|p2b: Blastoise|88/100|[from] item: Leftovers\n|-damage|p2b: Blastoise|75/100|[from] Leech Seed|[of] p1b: Chesnaught\n|-heal|p1b: Chesnaught|99/100|[silent]\n|upkeep\n|\n|t:|1776568230\n|switch|p2a: Aerodactyl|Aerodactyl, L50, F|3/100\n|-ability|p2a: Aerodactyl|Unnerve\n|turn|10\n|\n|t:|1776568241\n|move|p2a: Aerodactyl|Tailwind|p2a: Aerodactyl\n|-sidestart|p2: Cr13l|move: Tailwind\n|move|p2b: Blastoise|Ice Beam|p1b: Chesnaught\n|-supereffective|p1b: Chesnaught|1\n|-crit|p1b: Chesnaught\n|-damage|p1b: Chesnaught|42/100\n|move|p1a: Incineroar|Throat Chop|p2a: Aerodactyl\n|-crit|p2a: Aerodactyl\n|-damage|p2a: Aerodactyl|0 fnt\n|faint|p2a: Aerodactyl\n|move|p1b: Chesnaught|Wood Hammer|p2b: Blastoise\n|-supereffective|p2b: Blastoise|1\n|-damage|p2b: Blastoise|0 fnt\n|faint|p2b: Blastoise\n|-damage|p1b: Chesnaught|18/100|[from] Recoil\n|\n|-weather|SunnyDay|[upkeep]\n|upkeep\n|\n|t:|1776568255\n|switch|p2a: Chandelure|Chandelure-Mega, L50, F|100/100\n|turn|11\n|\n|t:|1776568260\n|move|p2a: Chandelure|Heat Wave|p1b: Chesnaught|[spread] p1a,p1b\n|-resisted|p1a: Incineroar|1\n|-supereffective|p1b: Chesnaught|1\n|-damage|p1a: Incineroar|15/100\n|-damage|p1b: Chesnaught|0 fnt\n|faint|p1b: Chesnaught\n|move|p1a: Incineroar|Throat Chop|p2a: Chandelure\n|-supereffective|p2a: Chandelure|1\n|-damage|p2a: Chandelure|25/100\n|-start|p2a: Chandelure|Throat Chop|[silent]\n|\n|-weather|none\n|upkeep\n|turn|12\n|\n|t:|1776568275\n|move|p2a: Chandelure|Shadow Ball|p1a: Incineroar\n|-resisted|p1a: Incineroar|1\n|-crit|p1a: Incineroar\n|-damage|p1a: Incineroar|0 fnt\n|faint|p1a: Incineroar\n|\n|win|Cr13l\n|raw|EXSA's rating: 1177 &rarr; <strong>1157</strong><br />(-20 for losing)\n|raw|Cr13l's rating: 1253 &rarr; <strong>1273</strong><br />(+20 for winning)\n",
  "uploadtime": 1776568279,
  "views": 9,
  "formatid": "gen9championsvgc2026regma",
  "rating": 1157,
  "private": 0,
  "password": null
}