{
  "id": "gen9championsvgc2026regma-2583307623",
  "format": "[Gen 9 Champions] VGC 2026 Reg M-A",
  "players": [
    "Sicilia369",
    "yeahitschips444"
  ],
  "log": "|j|\u2606Sicilia369\n|j|\u2606yeahitschips444\n|t:|1776165404\n|gametype|doubles\n|player|p1|Sicilia369|caitlin|1000\n|player|p2|yeahitschips444|101|1033\n|gen|9\n|tier|[Gen 9 Champions] VGC 2026 Reg M-A\n|rated|\n|rule|Species Clause: Limit one of each Pok\u00e9mon\n|rule|Item Clause: Limit 1 of each item\n|clearpoke\n|poke|p1|Serperior, L50, F|\n|poke|p1|Banette, L50, F|\n|poke|p1|Raichu, L50, F|\n|poke|p1|Glimmora, L50, M|\n|poke|p1|Corviknight, L50, M|\n|poke|p1|Basculegion, L50, M|\n|poke|p2|Incineroar, L50, M|\n|poke|p2|Sneasler, L50, F|\n|poke|p2|Whimsicott, L50, M|\n|poke|p2|Garchomp, L50, F|\n|poke|p2|Maushold, L50|\n|poke|p2|Charizard, L50, F|\n|teampreview|4\n|\n|t:|1776165478\n|teamsize|p1|4\n|teamsize|p2|4\n|start\n|switch|p1a: Raichu|Raichu, L50, F|100/100\n|switch|p1b: Glimmora|Glimmora, L50, M|100/100\n|switch|p2a: Whimsicott|Whimsicott, L50, M|100/100\n|switch|p2b: Charizard|Charizard, L50, F|100/100\n|turn|1\n|\n|t:|1776165497\n|detailschange|p2b: Charizard|Charizard-Mega-Y, L50, F\n|-mega|p2b: Charizard|Charizard|Charizardite Y\n|-weather|SunnyDay|[from] ability: Drought|[of] p2b: Charizard\n|detailschange|p1b: Glimmora|Glimmora-Mega, L50, M\n|-mega|p1b: Glimmora|Glimmora|Glimmoranite\n|move|p1a: Raichu|Fake Out|p2a: Whimsicott\n|-damage|p2a: Whimsicott|90/100\n|cant|p2a: Whimsicott|flinch\n|move|p1b: Glimmora|Power Gem|p2b: Charizard\n|-supereffective|p2b: Charizard|2\n|-damage|p2b: Charizard|0 fnt\n|faint|p2b: Charizard\n|\n|-weather|SunnyDay|[upkeep]\n|upkeep\n|\n|t:|1776165509\n|switch|p2b: Incineroar|Incineroar, L50, M|100/100\n|-ability|p2b: Incineroar|Intimidate|boost\n|-unboost|p1a: Raichu|atk|1\n|-unboost|p1b: Glimmora|atk|1\n|turn|2\n|\n|t:|1776165541\n|move|p1b: Glimmora|Spiky Shield|p1b: Glimmora\n|-singleturn|p1b: Glimmora|move: Protect\n|move|p2b: Incineroar|Fake Out|p1b: Glimmora\n|-activate|p1b: Glimmora|move: Protect\n|-damage|p2b: Incineroar|88/100|[from] Spiky Shield|[of] p1b: Glimmora\n|move|p2a: Whimsicott|Tailwind|p2a: Whimsicott\n|-sidestart|p2: yeahitschips444|move: Tailwind\n|move|p1a: Raichu|Encore|p2a: Whimsicott\n|-start|p2a: Whimsicott|Encore\n|\n|-weather|SunnyDay|[upkeep]\n|upkeep\n|turn|3\n|\n|t:|1776165562\n|move|p2a: Whimsicott|Tailwind||[still]\n|-fail|p2a: Whimsicott\n|move|p1a: Raichu|Volt Switch|p2b: Incineroar\n|-damage|p2b: Incineroar|58/100\n|\n|t:|1776165569\n|switch|p1a: Corviknight|Corviknight, L50, M|100/100|[from] Volt Switch\n|move|p1b: Glimmora|Power Gem|p2b: Incineroar\n|-supereffective|p2b: Incineroar|1\n|-damage|p2b: Incineroar|0 fnt\n|faint|p2b: Incineroar\n|\n|-weather|SunnyDay|[upkeep]\n|upkeep\n|\n|t:|1776165574\n|switch|p2b: Garchomp|Garchomp, L50, F|100/100\n|turn|4\n|\n|t:|1776165582\n|move|p2a: Whimsicott|Tailwind||[still]\n|-fail|p2a: Whimsicott\n|move|p2b: Garchomp|Earthquake|p1a: Corviknight|[spread] p2a,p1b\n|-immune|p1a: Corviknight\n|-resisted|p2a: Whimsicott|1\n|-supereffective|p1b: Glimmora|2\n|-damage|p2a: Whimsicott|71/100\n|-damage|p1b: Glimmora|0 fnt\n|faint|p1b: Glimmora\n|move|p1a: Corviknight|Tailwind|p1a: Corviknight\n|-sidestart|p1: Sicilia369|move: Tailwind\n|\n|-weather|SunnyDay|[upkeep]\n|upkeep\n|\n|t:|1776165618\n|switch|p1b: Raichu|Raichu, L50, F|100/100\n|turn|5\n|\n|t:|1776165629\n|move|p1b: Raichu|Fake Out|p2b: Garchomp\n|-damage|p2b: Garchomp|94/100\n|-damage|p1b: Raichu|89/100|[from] ability: Rough Skin|[of] p2b: Garchomp\n|move|p2a: Whimsicott|Tailwind||[still]\n|-fail|p2a: Whimsicott\n|cant|p2b: Garchomp|flinch\n|move|p1a: Corviknight|Brave Bird|p2b: Garchomp\n|-damage|p2b: Garchomp|64/100\n|-damage|p1a: Corviknight|88/100|[from] ability: Rough Skin|[of] p2b: Garchomp\n|-damage|p1a: Corviknight|80/100|[from] Recoil\n|\n|-weather|none\n|-heal|p1a: Corviknight|85/100|[from] item: Leftovers\n|-end|p2a: Whimsicott|Encore\n|-sideend|p2: yeahitschips444|move: Tailwind\n|upkeep\n|turn|6\n|\n|t:|1776165664\n|move|p1b: Raichu|Eerie Impulse|p2a: Whimsicott\n|-unboost|p2a: Whimsicott|spa|2\n|move|p1a: Corviknight|Iron Defense|p1a: Corviknight\n|-boost|p1a: Corviknight|def|2\n|move|p2b: Garchomp|Earthquake|p1a: Corviknight|[spread] p2a,p1b\n|-immune|p1a: Corviknight\n|-resisted|p2a: Whimsicott|1\n|-supereffective|p1b: Raichu|1\n|-damage|p2a: Whimsicott|52/100\n|-damage|p1b: Raichu|0 fnt\n|faint|p1b: Raichu\n|move|p2a: Whimsicott|Moonblast|p1a: Corviknight\n|-resisted|p1a: Corviknight|1\n|-damage|p1a: Corviknight|80/100\n|-ability|p1a: Corviknight|Mirror Armor\n|-unboost|p2a: Whimsicott|spa|1\n|\n|-heal|p1a: Corviknight|86/100|[from] item: Leftovers\n|upkeep\n|\n|t:|1776165676\n|switch|p1b: Basculegion|Basculegion, L50, M|100/100\n|turn|7\n|\n|t:|1776165685\n|move|p1b: Basculegion|Last Respects|p2b: Garchomp\n|-damage|p2b: Garchomp|0 fnt\n|faint|p2b: Garchomp\n|move|p1a: Corviknight|Brave Bird|p2a: Whimsicott\n|-supereffective|p2a: Whimsicott|1\n|-damage|p2a: Whimsicott|0 fnt\n|faint|p2a: Whimsicott\n|-damage|p1a: Corviknight|75/100|[from] Recoil\n|\n|win|Sicilia369\n|raw|Sicilia369's rating: 1000 &rarr; <strong>1044</strong><br />(+44 for winning)\n|raw|yeahitschips444's rating: 1033 &rarr; <strong>1017</strong><br />(-16 for losing)\n|l|\u2606yeahitschips444\n|player|p2|\n",
  "uploadtime": 1776165697,
  "views": 15,
  "formatid": "gen9championsvgc2026regma",
  "rating": 1017,
  "private": 0,
  "password": null
}