{
  "id": "gen9championsvgc2026regma-2586842534",
  "format": "[Gen 9 Champions] VGC 2026 Reg M-A",
  "players": [
    "Jack Dullahan",
    "JeorgeReds"
  ],
  "log": "|j|\u2606Jack Dullahan\n|j|\u2606JeorgeReds\n|t:|1776464524\n|gametype|doubles\n|player|p1|Jack Dullahan|101|1107\n|player|p2|JeorgeReds|gambler|1046\n|gen|9\n|tier|[Gen 9 Champions] VGC 2026 Reg M-A\n|rated|\n|rule|Species Clause: Limit one of each Pok\u00e9mon\n|rule|Item Clause: Limit 1 of each item\n|clearpoke\n|poke|p1|Garchomp, L50, F|\n|poke|p1|Aerodactyl, L50, F|\n|poke|p1|Dragonite, L50, M|\n|poke|p1|Basculegion, L50, M|\n|poke|p1|Pelipper, L50, F|\n|poke|p1|Kingambit, L50, F|\n|poke|p2|Hawlucha, L50, F|\n|poke|p2|Rotom-Wash, L50|\n|poke|p2|Sinistcha, L50|\n|poke|p2|Garchomp, L50, F|\n|poke|p2|Tinkaton, L50, F|\n|poke|p2|Incineroar, L50, M|\n|teampreview|4\n|inactive|Battle timer is ON: inactive players will automatically lose when time's up. (requested by Jack Dullahan)\n|\n|t:|1776464541\n|teamsize|p1|4\n|teamsize|p2|4\n|start\n|switch|p1a: Aerodactyl|Aerodactyl, L50, F|100/100\n|switch|p1b: Garchomp|Garchomp, L50, F|100/100\n|switch|p2a: El Colorado|Hawlucha, L50, F|100/100\n|switch|p2b: Doomfanger|Incineroar, L50, M|100/100\n|-ability|p1a: Aerodactyl|Unnerve\n|-ability|p2b: Doomfanger|Intimidate|boost\n|-unboost|p1a: Aerodactyl|atk|1\n|-unboost|p1b: Garchomp|atk|1\n|turn|1\n|inactive|JeorgeReds has 30 seconds left.\n|\n|t:|1776464567\n|switch|p1b: Pelipper|Pelipper, L50, F|100/100\n|-weather|RainDance|[from] ability: Drizzle|[of] p1b: Pelipper\n|detailschange|p2a: El Colorado|Hawlucha-Mega, L50, F\n|-mega|p2a: El Colorado|Hawlucha|Hawluchanite\n|move|p2b: Doomfanger|Fake Out|p1a: Aerodactyl\n|-resisted|p1a: Aerodactyl|1\n|-damage|p1a: Aerodactyl|93/100\n|move|p2a: El Colorado|Cross Chop|p1a: Aerodactyl\n|-damage|p1a: Aerodactyl|15/100\n|cant|p1a: Aerodactyl|flinch\n|\n|-weather|RainDance|[upkeep]\n|-heal|p1a: Aerodactyl|20/100|[from] item: Leftovers\n|upkeep\n|turn|2\n|inactive|Jack Dullahan has 30 seconds left.\n|inactive|JeorgeReds has 30 seconds left.\n|inactive|Jack Dullahan has 20 seconds left.\n|\n|t:|1776464603\n|move|p2a: El Colorado|Detect|p2a: El Colorado\n|-singleturn|p2a: El Colorado|Protect\n|move|p1a: Aerodactyl|Tailwind|p1a: Aerodactyl\n|-sidestart|p1: Jack Dullahan|move: Tailwind\n|move|p1b: Pelipper|Hurricane|p2a: El Colorado\n|-activate|p2a: El Colorado|move: Protect\n|move|p2b: Doomfanger|Parting Shot|p1a: Aerodactyl\n|-unboost|p1a: Aerodactyl|atk|1\n|-unboost|p1a: Aerodactyl|spa|1\n|\n|t:|1776464622\n|switch|p2b: Mocha|Sinistcha, L50|100/100|[from] Parting Shot\n|\n|-weather|RainDance|[upkeep]\n|-heal|p1a: Aerodactyl|26/100|[from] item: Leftovers\n|upkeep\n|turn|3\n|\n|t:|1776464638\n|switch|p1a: Basculegion|Basculegion, L50, M|100/100\n|move|p2b: Mocha|Rage Powder|p2b: Mocha\n|-singleturn|p2b: Mocha|move: Rage Powder\n|move|p1b: Pelipper|Hurricane|p2b: Mocha\n|-supereffective|p2b: Mocha|1\n|-damage|p2b: Mocha|32/100\n|move|p2a: El Colorado|Cross Chop|p1a: Basculegion\n|-immune|p1a: Basculegion\n|\n|-weather|RainDance|[upkeep]\n|upkeep\n|turn|4\n|\n|t:|1776464656\n|switch|p2a: Doomfanger|Incineroar, L50, M|100/100\n|-ability|p2a: Doomfanger|Intimidate|boost\n|-unboost|p1a: Basculegion|atk|1\n|-unboost|p1b: Pelipper|atk|1\n|move|p1a: Basculegion|Last Respects|p2b: Mocha\n|-supereffective|p2b: Mocha|1\n|-enditem|p2b: Mocha|Kasib Berry|[eat]\n|-enditem|p2b: Mocha|Kasib Berry|[weaken]\n|-damage|p2b: Mocha|18/100\n|move|p1b: Pelipper|Hurricane|p2a: Doomfanger\n|-damage|p2a: Doomfanger|69/100\n|move|p2b: Mocha|Trick Room|p2b: Mocha\n|-fieldstart|move: Trick Room|[of] p2b: Mocha\n|\n|-weather|RainDance|[upkeep]\n|upkeep\n|turn|5\n|\n|t:|1776464675\n|move|p1a: Basculegion|Aqua Jet|p2a: Doomfanger\n|-supereffective|p2a: Doomfanger|1\n|-damage|p2a: Doomfanger|32/100\n|move|p2a: Doomfanger|Throat Chop|p1a: Basculegion\n|-supereffective|p1a: Basculegion|1\n|-damage|p1a: Basculegion|36/100\n|-start|p1a: Basculegion|Throat Chop|[silent]\n|move|p2b: Mocha|Matcha Gotcha|p1a: Basculegion|[spread] p1a,p1b\n|-supereffective|p1a: Basculegion|1\n|-damage|p1a: Basculegion|0 fnt\n|-heal|p2b: Mocha|38/100|[from] drain|[of] p1a: Basculegion\n|-damage|p1b: Pelipper|65/100\n|-heal|p2b: Mocha|52/100|[from] drain|[of] p1b: Pelipper\n|faint|p1a: Basculegion\n|move|p1b: Pelipper|Hurricane|p2b: Mocha\n|-supereffective|p2b: Mocha|1\n|-damage|p2b: Mocha|0 fnt\n|faint|p2b: Mocha\n|\n|-weather|none\n|-sideend|p1: Jack Dullahan|move: Tailwind\n|upkeep\n|\n|t:|1776464696\n|switch|p2b: Washed|Rotom-Wash, L50|100/100\n|switch|p1a: Garchomp|Garchomp, L50, F|100/100\n|turn|6\n|\n|t:|1776464710\n|move|p1b: Pelipper|Quick Attack|p2b: Washed\n|-damage|p2b: Washed|97/100\n|move|p2a: Doomfanger|Parting Shot|p1a: Garchomp\n|-unboost|p1a: Garchomp|atk|1\n|-unboost|p1a: Garchomp|spa|1\n|\n|t:|1776464716\n|switch|p2a: El Colorado|Hawlucha-Mega, L50, F|100/100|[from] Parting Shot\n|move|p2b: Washed|Thunderbolt|p1b: Pelipper\n|-supereffective|p1b: Pelipper|2\n|-damage|p1b: Pelipper|0 fnt\n|faint|p1b: Pelipper\n|move|p1a: Garchomp|Earthquake|p2b: Washed|[spread] \n|-immune|p2a: El Colorado\n|-immune|p2b: Washed|[from] ability: Levitate\n|\n|upkeep\n|\n|t:|1776464726\n|switch|p1b: Aerodactyl|Aerodactyl, L50, F|26/100\n|-ability|p1b: Aerodactyl|Unnerve\n|turn|7\n|\n|t:|1776464740\n|move|p2b: Washed|Will-O-Wisp|p1a: Garchomp|[miss]\n|-miss|p2b: Washed|p1a: Garchomp\n|move|p1a: Garchomp|Rock Slide|p2b: Washed|[spread] p2a,p2b\n|-damage|p2a: El Colorado|86/100\n|-damage|p2b: Washed|84/100\n|move|p1b: Aerodactyl|Rock Slide|p2a: El Colorado|[spread] p2a,p2b\n|-damage|p2a: El Colorado|54/100\n|-damage|p2b: Washed|57/100\n|move|p2a: El Colorado|Cross Chop|p1b: Aerodactyl\n|-damage|p1b: Aerodactyl|0 fnt\n|faint|p1b: Aerodactyl\n|\n|upkeep\n|turn|8\n|\n|t:|1776464757\n|move|p2b: Washed|Will-O-Wisp|p1a: Garchomp\n|-status|p1a: Garchomp|brn\n|-enditem|p1a: Garchomp|Lum Berry|[eat]\n|-curestatus|p1a: Garchomp|brn|[msg]\n|move|p1a: Garchomp|Rock Slide|p2a: El Colorado|[spread] p2a,p2b\n|-damage|p2a: El Colorado|40/100\n|-damage|p2b: Washed|45/100\n|-enditem|p2b: Washed|Sitrus Berry|[eat]\n|-heal|p2b: Washed|70/100|[from] item: Sitrus Berry\n|move|p2a: El Colorado|Swords Dance|p2a: El Colorado\n|-boost|p2a: El Colorado|atk|2\n|\n|-fieldend|move: Trick Room\n|upkeep\n|turn|9\n|\n|t:|1776464782\n|move|p2a: El Colorado|Cross Chop|p1a: Garchomp\n|-damage|p1a: Garchomp|0 fnt\n|-damage|p2a: El Colorado|28/100|[from] ability: Rough Skin|[of] p1a: Garchomp\n|faint|p1a: Garchomp\n|\n|win|JeorgeReds\n|raw|Jack Dullahan's rating: 1107 &rarr; <strong>1078</strong><br />(-29 for losing)\n|raw|JeorgeReds's rating: 1046 &rarr; <strong>1085</strong><br />(+39 for winning)\n|l|\u2606Jack Dullahan\n|player|p1|\n",
  "uploadtime": 1776464789,
  "views": 25,
  "formatid": "gen9championsvgc2026regma",
  "rating": 1078,
  "private": 0,
  "password": null
}