{
  "id": "gen9championsvgc2026regma-2588084037",
  "format": "[Gen 9 Champions] VGC 2026 Reg M-A",
  "players": [
    "Gulptubus",
    "Mango404"
  ],
  "log": "|j|\u2606Gulptubus\n|j|\u2606Mango404\n|t:|1776602414\n|gametype|doubles\n|player|p1|Gulptubus|pokemonranger-gen4|1081\n|player|p2|Mango404|harlequin|1105\n|gen|9\n|tier|[Gen 9 Champions] VGC 2026 Reg M-A\n|rated|\n|rule|Species Clause: Limit one of each Pok\u00e9mon\n|rule|Item Clause: Limit 1 of each item\n|clearpoke\n|poke|p1|Tyranitar, L50, M|\n|poke|p1|Aerodactyl, L50, M|\n|poke|p1|Garchomp, L50, F|\n|poke|p1|Incineroar, L50, M|\n|poke|p1|Sinistcha, L50|\n|poke|p1|Milotic, L50, M, shiny|\n|poke|p2|Gardevoir, L50, F|\n|poke|p2|Incineroar, L50, M|\n|poke|p2|Maushold, L50|\n|poke|p2|Slowking, L50, M|\n|poke|p2|Chandelure, L50, F|\n|poke|p2|Sinistcha, L50|\n|teampreview|4\n|\n|t:|1776602465\n|teamsize|p1|4\n|teamsize|p2|4\n|start\n|switch|p1a: Aerodactyl|Aerodactyl, L50, M|100/100\n|switch|p1b: Milotic|Milotic, L50, M, shiny|100/100\n|switch|p2a: Maushold|Maushold, L50|100/100\n|switch|p2b: Sinistcha|Sinistcha, L50|100/100\n|-ability|p1a: Aerodactyl|Unnerve\n|turn|1\n|\n|t:|1776602508\n|switch|p1b: Incineroar|Incineroar, L50, M|100/100\n|-ability|p1b: Incineroar|Intimidate|boost\n|-unboost|p2a: Maushold|atk|1\n|-unboost|p2b: Sinistcha|atk|1\n|move|p2a: Maushold|Follow Me|p2a: Maushold\n|-singleturn|p2a: Maushold|move: Follow Me\n|move|p1a: Aerodactyl|Tailwind|p1a: Aerodactyl\n|-sidestart|p1: Gulptubus|move: Tailwind\n|move|p2b: Sinistcha|Trick Room|p2b: Sinistcha\n|-fieldstart|move: Trick Room|[of] p2b: Sinistcha\n|\n|upkeep\n|turn|2\n|\n|t:|1776602523\n|move|p2a: Maushold|Helping Hand|p2b: Sinistcha\n|-singleturn|p2b: Sinistcha|Helping Hand|[of] p2a: Maushold\n|move|p1a: Aerodactyl|Protect|p1a: Aerodactyl\n|-singleturn|p1a: Aerodactyl|Protect\n|move|p1b: Incineroar|Fake Out|p2a: Maushold\n|-damage|p2a: Maushold|87/100\n|move|p2b: Sinistcha|Matcha Gotcha|p1b: Incineroar|[spread] p1b\n|-activate|p1a: Aerodactyl|move: Protect\n|-resisted|p1b: Incineroar|1\n|-damage|p1b: Incineroar|84/100\n|\n|upkeep\n|turn|3\n|\n|t:|1776602561\n|switch|p2a: Slowking|Slowking, L50, M|100/100\n|switch|p1a: Tyranitar|Tyranitar, L50, M|100/100\n|-weather|Sandstorm|[from] ability: Sand Stream|[of] p1a: Tyranitar\n|move|p2b: Sinistcha|Matcha Gotcha|p1a: Tyranitar|[spread] p1a,p1b\n|-supereffective|p1a: Tyranitar|1\n|-resisted|p1b: Incineroar|1\n|-damage|p1a: Tyranitar|66/100\n|-damage|p1b: Incineroar|74/100\n|move|p1b: Incineroar|Flare Blitz|p2b: Sinistcha\n|-supereffective|p2b: Sinistcha|1\n|-damage|p2b: Sinistcha|12/100\n|-damage|p1b: Incineroar|48/100|[from] Recoil\n|\n|-weather|Sandstorm|[upkeep]\n|-damage|p2a: Slowking|95/100|[from] Sandstorm\n|-damage|p2b: Sinistcha|6/100|[from] Sandstorm\n|-damage|p1b: Incineroar|42/100|[from] Sandstorm\n|-heal|p2b: Sinistcha|12/100|[from] item: Leftovers\n|upkeep\n|turn|4\n|\n|t:|1776602587\n|move|p1a: Tyranitar|Protect|p1a: Tyranitar\n|-singleturn|p1a: Tyranitar|Protect\n|move|p2a: Slowking|Psychic Terrain|p2a: Slowking\n|-fieldstart|move: Psychic Terrain\n|move|p2b: Sinistcha|Strength Sap|p1a: Tyranitar\n|-activate|p1a: Tyranitar|move: Protect\n|move|p1b: Incineroar|Parting Shot|p2a: Slowking\n|-unboost|p2a: Slowking|atk|1\n|-unboost|p2a: Slowking|spa|1\n|\n|t:|1776602602\n|switch|p1b: Aerodactyl|Aerodactyl, L50, M|100/100|[from] Parting Shot\n|-ability|p1b: Aerodactyl|Unnerve\n|\n|-weather|Sandstorm|[upkeep]\n|-damage|p2a: Slowking|89/100|[from] Sandstorm\n|-damage|p2b: Sinistcha|6/100|[from] Sandstorm\n|-heal|p2b: Sinistcha|12/100|[from] item: Leftovers\n|-sideend|p1: Gulptubus|move: Tailwind\n|upkeep\n|turn|5\n|\n|t:|1776602614\n|switch|p2b: Maushold|Maushold, L50|87/100\n|detailschange|p1a: Tyranitar|Tyranitar-Mega, L50, M\n|-mega|p1a: Tyranitar|Tyranitar|Tyranitarite\n|-prepare|p2a: Slowking|Chilly Reception|[premajor]\n|move|p2a: Slowking|Chilly Reception|p2a: Slowking\n|-weather|Snowscape\n|\n|t:|1776602629\n|switch|p2a: Gardevoir|Gardevoir, L50, F|100/100|[from] Chilly Reception\n|-ability|p2a: Gardevoir|Sand Stream|Trace|[from] ability: Trace|[of] p1a: Tyranitar\n|-weather|Sandstorm|[from] ability: Sand Stream|[of] p2a: Gardevoir\n|move|p1a: Tyranitar|Knock Off|p2a: Gardevoir\n|-damage|p2a: Gardevoir|57/100\n|move|p1b: Aerodactyl|Dual Wingbeat|p2b: Maushold\n|-damage|p2b: Maushold|64/100\n|-damage|p2b: Maushold|39/100\n|-hitcount|p2b: Maushold|2\n|\n|-weather|Sandstorm|[upkeep]\n|-damage|p2a: Gardevoir|50/100|[from] Sandstorm\n|-damage|p2b: Maushold|33/100|[from] Sandstorm\n|-fieldend|move: Trick Room\n|upkeep\n|turn|6\n|\n|t:|1776602646\n|detailschange|p2a: Gardevoir|Gardevoir-Mega, L50, F\n|-mega|p2a: Gardevoir|Gardevoir|Gardevoirite\n|move|p1a: Tyranitar|Protect|p1a: Tyranitar\n|-singleturn|p1a: Tyranitar|Protect\n|move|p2b: Maushold|Follow Me|p2b: Maushold\n|-singleturn|p2b: Maushold|move: Follow Me\n|move|p1b: Aerodactyl|Tailwind|p1b: Aerodactyl\n|-sidestart|p1: Gulptubus|move: Tailwind\n|move|p2a: Gardevoir|Hyper Voice|p1b: Aerodactyl|[spread] p1b\n|-activate|p1a: Tyranitar|move: Protect\n|-damage|p1b: Aerodactyl|50/100\n|\n|-weather|Sandstorm|[upkeep]\n|-damage|p2b: Maushold|27/100|[from] Sandstorm\n|-damage|p2a: Gardevoir|44/100|[from] Sandstorm\n|upkeep\n|turn|7\n|\n|t:|1776602660\n|move|p2b: Maushold|Follow Me|p2b: Maushold\n|-singleturn|p2b: Maushold|move: Follow Me\n|move|p1b: Aerodactyl|Rock Slide|p2a: Gardevoir|[spread] p2a,p2b\n|-crit|p2b: Maushold\n|-damage|p2a: Gardevoir|20/100\n|-damage|p2b: Maushold|0 fnt\n|faint|p2b: Maushold\n|move|p1a: Tyranitar|Rock Slide|p2a: Gardevoir\n|-damage|p2a: Gardevoir|0 fnt\n|faint|p2a: Gardevoir\n|\n|-weather|Sandstorm|[upkeep]\n|upkeep\n|\n|t:|1776602667\n|switch|p2b: Slowking|Slowking, L50, M|89/100\n|switch|p2a: Sinistcha|Sinistcha, L50|12/100\n|-heal|p2b: Slowking|100/100|[from] ability: Hospitality|[of] p2a: Sinistcha\n|turn|8\n|-message|Mango404 forfeited.\n|\n|win|Gulptubus\n|raw|Gulptubus's rating: 1081 &rarr; <strong>1111</strong><br />(+30 for winning)\n|raw|Mango404's rating: 1105 &rarr; <strong>1078</strong><br />(-27 for losing)\n|l|\u2606Mango404\n|player|p2|\n",
  "uploadtime": 1776602675,
  "views": 10,
  "formatid": "gen9championsvgc2026regma",
  "rating": 1078,
  "private": 0,
  "password": null
}