{
  "id": "gen9championsvgc2026regma-2588001961",
  "format": "[Gen 9 Champions] VGC 2026 Reg M-A",
  "players": [
    "propertyofcynthia",
    "MefShowdown0"
  ],
  "log": "|j|\u203dpropertyofcynthia\n|j|\u2606MefShowdown0\n|t:|1776591295\n|gametype|doubles\n|player|p1|propertyofcynthia|cynthia|1255\n|player|p2|MefShowdown0|selene-masters2|1348\n|gen|9\n|tier|[Gen 9 Champions] VGC 2026 Reg M-A\n|rated|\n|rule|Species Clause: Limit one of each Pok\u00e9mon\n|rule|Item Clause: Limit 1 of each item\n|clearpoke\n|poke|p1|Meowstic, L50, M|\n|poke|p1|Sneasler, L50, F|\n|poke|p1|Alakazam, L50, F|\n|poke|p1|Archaludon, L50, F|\n|poke|p1|Basculegion, L50, M|\n|poke|p1|Clefable, L50, F|\n|poke|p2|Floette-Eternal, L50, F|\n|poke|p2|Aerodactyl, L50, F|\n|poke|p2|Sneasler, L50, F|\n|poke|p2|Incineroar, L50, F|\n|poke|p2|Sinistcha, L50|\n|poke|p2|Milotic, L50, M|\n|teampreview|4\n|inactive|Battle timer is ON: inactive players will automatically lose when time's up. (requested by propertyofcynthia)\n|inactive|MefShowdown0 has 60 seconds left.\n|inactive|MefShowdown0 has 30 seconds left.\n|inactive|MefShowdown0 has 20 seconds left.\n|inactive|MefShowdown0 has 15 seconds left.\n|inactive|MefShowdown0 has 10 seconds left.\n|\n|t:|1776591379\n|teamsize|p1|4\n|teamsize|p2|4\n|start\n|switch|p1a: Meowstic|Meowstic, L50, M|100/100\n|switch|p1b: Sneasler|Sneasler, L50, F|100/100\n|switch|p2a: Floette|Floette-Eternal, L50, F|100/100\n|switch|p2b: Aerodactyl|Aerodactyl, L50, F|100/100\n|-ability|p2b: Aerodactyl|Unnerve\n|turn|1\n|inactive|propertyofcynthia has 30 seconds left.\n|\n|t:|1776591414\n|detailschange|p2a: Floette|Floette-Mega, L50, F\n|-mega|p2a: Floette|Floette|Floettite\n|-ability|p2a: Floette|Fairy Aura\n|move|p1b: Sneasler|Fake Out|p2b: Aerodactyl\n|-resisted|p2b: Aerodactyl|1\n|-damage|p2b: Aerodactyl|90/100\n|move|p1a: Meowstic|Psychic Terrain|p1a: Meowstic\n|-fieldstart|move: Psychic Terrain\n|cant|p2b: Aerodactyl|flinch\n|move|p2a: Floette|Calm Mind|p2a: Floette\n|-boost|p2a: Floette|spa|1\n|-boost|p2a: Floette|spd|1\n|\n|upkeep\n|turn|2\n|inactive|MefShowdown0 has 30 seconds left.\n|\n|t:|1776591439\n|move|p2b: Aerodactyl|Dual Wingbeat|p1b: Sneasler\n|-supereffective|p1b: Sneasler|1\n|-damage|p1b: Sneasler|41/100\n|-supereffective|p1b: Sneasler|1\n|-damage|p1b: Sneasler|0 fnt\n|faint|p1b: Sneasler\n|-hitcount|p1: Sneasler|2\n|move|p1a: Meowstic|Expanding Force|p2b: Aerodactyl|[spread] p2a,p2b\n|-damage|p2a: Floette|77/100\n|-damage|p2b: Aerodactyl|9/100\n|move|p2a: Floette|Dazzling Gleam|p1a: Meowstic\n|-damage|p1a: Meowstic|0 fnt\n|faint|p1a: Meowstic\n|\n|upkeep\n|\n|t:|1776591446\n|switch|p1b: Basculegion|Basculegion, L50, M|100/100\n|switch|p1a: Alakazam|Alakazam, L50, F|100/100\n|turn|3\n|inactive|MefShowdown0 has 30 seconds left.\n|\n|t:|1776591471\n|switch|p2b: Sinistcha|Sinistcha, L50|100/100\n|-heal|p2a: Floette|100/100|[from] ability: Hospitality|[of] p2b: Sinistcha\n|detailschange|p1a: Alakazam|Alakazam-Mega, L50, F\n|-mega|p1a: Alakazam|Alakazam|Alakazite\n|-ability|p1a: Alakazam|Hospitality|Trace|[from] ability: Trace|[of] p2b: Sinistcha\n|move|p2a: Floette|Protect|p2a: Floette\n|-singleturn|p2a: Floette|Protect\n|move|p1b: Basculegion|Last Respects|p2a: Floette\n|-activate|p2a: Floette|move: Protect\n|move|p1a: Alakazam|Expanding Force|p2b: Sinistcha|[spread] p2b\n|-activate|p2a: Floette|move: Protect\n|-damage|p2b: Sinistcha|30/100\n|\n|upkeep\n|turn|4\n|\n|t:|1776591493\n|move|p2b: Sinistcha|Rage Powder|p2b: Sinistcha\n|-singleturn|p2b: Sinistcha|move: Rage Powder\n|move|p1b: Basculegion|Last Respects|p2b: Sinistcha\n|-supereffective|p2b: Sinistcha|1\n|-damage|p2b: Sinistcha|0 fnt\n|faint|p2b: Sinistcha\n|move|p1a: Alakazam|Expanding Force|p2a: Floette\n|-damage|p2a: Floette|52/100\n|move|p2a: Floette|Dazzling Gleam|p1a: Alakazam|[spread] p1a,p1b\n|-crit|p1a: Alakazam\n|-damage|p1a: Alakazam|0 fnt\n|-damage|p1b: Basculegion|15/100\n|faint|p1a: Alakazam\n|\n|upkeep\n|\n|t:|1776591504\n|switch|p2b: Milotic|Milotic, L50, M|100/100\n|turn|5\n|inactive|MefShowdown0 has 30 seconds left.\n|\n|t:|1776591533\n|move|p1b: Basculegion|Last Respects|p2a: Floette\n|-damage|p2a: Floette|0 fnt\n|faint|p2a: Floette\n|move|p2b: Milotic|Scald|p1b: Basculegion\n|-resisted|p1b: Basculegion|1\n|-damage|p1b: Basculegion|0 fnt\n|faint|p1b: Basculegion\n|\n|win|MefShowdown0\n|raw|propertyofcynthia's rating: 1255 &rarr; <strong>1237</strong><br />(-18 for losing)\n|raw|MefShowdown0's rating: 1348 &rarr; <strong>1363</strong><br />(+15 for winning)\n",
  "uploadtime": 1776591533,
  "views": 16,
  "formatid": "gen9championsvgc2026regma",
  "rating": 1237,
  "private": 0,
  "password": null
}