{
  "id": "gen9championsvgc2026regma-2584817128",
  "format": "[Gen 9 Champions] VGC 2026 Reg M-A",
  "players": [
    "Sic-beatz",
    "jyotsha"
  ],
  "log": "|j|\u2606Sic-beatz\n|j|\u2606jyotsha\n|t:|1776285872\n|gametype|doubles\n|player|p1|Sic-beatz|101|1231\n|player|p2|jyotsha|101|1279\n|gen|9\n|tier|[Gen 9 Champions] VGC 2026 Reg M-A\n|rated|\n|rule|Species Clause: Limit one of each Pok\u00e9mon\n|rule|Item Clause: Limit 1 of each item\n|clearpoke\n|poke|p1|Aerodactyl, L50, F|\n|poke|p1|Aggron, L50, F|\n|poke|p1|Sneasler, L50, M|\n|poke|p1|Tyranitar, L50, M|\n|poke|p1|Milotic, L50, F|\n|poke|p1|Sinistcha, L50|\n|poke|p2|Primarina, L50, F|\n|poke|p2|Sinistcha, L50|\n|poke|p2|Sableye, L50, F|\n|poke|p2|Basculegion, L50, M|\n|poke|p2|Charizard, L50, M|\n|poke|p2|Incineroar, L50, M|\n|teampreview|4\n|inactive|Battle timer is ON: inactive players will automatically lose when time's up. (requested by jyotsha)\n|\n|t:|1776285903\n|teamsize|p1|4\n|teamsize|p2|4\n|start\n|switch|p1a: Aggron|Aggron, L50, F, shiny|100/100\n|switch|p1b: Sneasler|Sneasler, L50, M, shiny|100/100\n|switch|p2a: Sableye|Sableye, L50, F|100/100\n|switch|p2b: Basculegion|Basculegion, L50, M|100/100\n|turn|1\n|\n|t:|1776285922\n|move|p1a: Aggron|Protect|p1a: Aggron\n|-singleturn|p1a: Aggron|Protect\n|move|p2a: Sableye|Will-O-Wisp|p1b: Sneasler\n|-status|p1b: Sneasler|brn\n|move|p2b: Basculegion|Flip Turn|p1b: Sneasler\n|-damage|p1b: Sneasler|40/100 brn\n|\n|t:|1776285933\n|switch|p2b: Sinistcha|Sinistcha, L50|100/100|[from] Flip Turn\n|move|p1b: Sneasler|Coaching|p1a: Aggron\n|-boost|p1a: Aggron|atk|1\n|-boost|p1a: Aggron|def|1\n|\n|-damage|p1b: Sneasler|34/100 brn|[from] brn\n|upkeep\n|turn|2\n|\n|t:|1776285952\n|switch|p2b: Basculegion|Basculegion, L50, M|100/100\n|detailschange|p1a: Aggron|Aggron-Mega, L50, F, shiny\n|-mega|p1a: Aggron|Aggron|Aggronite\n|move|p2a: Sableye|Encore|p1a: Aggron\n|-start|p1a: Aggron|Encore\n|move|p1a: Aggron|Protect|p1a: Aggron\n|-singleturn|p1a: Aggron|Protect\n|move|p1b: Sneasler|Coaching|p1a: Aggron\n|-boost|p1a: Aggron|atk|1\n|-boost|p1a: Aggron|def|1\n|\n|-damage|p1b: Sneasler|28/100 brn|[from] brn\n|upkeep\n|turn|3\n|\n|t:|1776285972\n|switch|p1b: Sinistcha|Sinistcha, L50, shiny|100/100\n|move|p1a: Aggron|Protect||[still]\n|-fail|p1a: Aggron\n|move|p2a: Sableye|Encore||[still]\n|-fail|p2a: Sableye\n|move|p2b: Basculegion|Flip Turn|p1a: Aggron\n|-damage|p1a: Aggron|93/100\n|\n|t:|1776285982\n|switch|p2b: Primarina|Primarina, L50, F|100/100|[from] Flip Turn\n|\n|upkeep\n|turn|4\n|\n|t:|1776285988\n|move|p1a: Aggron|Protect|p1a: Aggron\n|-singleturn|p1a: Aggron|Protect\n|move|p2a: Sableye|Light Screen|p2a: Sableye\n|-sidestart|p2: jyotsha|move: Light Screen\n|move|p1b: Sinistcha|Matcha Gotcha|p2b: Primarina|[spread] p2a,p2b\n|-supereffective|p2b: Primarina|1\n|-damage|p2a: Sableye|81/100\n|-damage|p2b: Primarina|73/100\n|move|p2b: Primarina|Calm Mind|p2b: Primarina\n|-boost|p2b: Primarina|spa|1\n|-boost|p2b: Primarina|spd|1\n|\n|-heal|p2b: Primarina|79/100|[from] item: Leftovers\n|-end|p1a: Aggron|Encore\n|upkeep\n|turn|5\n|inactive|jyotsha has 30 seconds left.\n|inactive|jyotsha has 20 seconds left.\n|\n|t:|1776286024\n|move|p1b: Sinistcha|Rage Powder|p1b: Sinistcha\n|-singleturn|p1b: Sinistcha|move: Rage Powder\n|move|p2a: Sableye|Will-O-Wisp|p1b: Sinistcha\n|-status|p1b: Sinistcha|brn\n|move|p2b: Primarina|Calm Mind|p2b: Primarina\n|-boost|p2b: Primarina|spa|1\n|-boost|p2b: Primarina|spd|1\n|move|p1a: Aggron|Heavy Slam|p2a: Sableye\n|-damage|p2a: Sableye|0 fnt\n|faint|p2a: Sableye\n|\n|-heal|p2b: Primarina|84/100|[from] item: Leftovers\n|-damage|p1b: Sinistcha|94/100 brn|[from] brn\n|upkeep\n|\n|t:|1776286033\n|switch|p2a: Sinistcha|Sinistcha, L50|100/100\n|-heal|p2b: Primarina|100/100|[from] ability: Hospitality|[of] p2a: Sinistcha\n|turn|6\n|\n|t:|1776286043\n|move|p1a: Aggron|Protect|p1a: Aggron\n|-singleturn|p1a: Aggron|Protect\n|move|p2a: Sinistcha|Rage Powder|p2a: Sinistcha\n|-singleturn|p2a: Sinistcha|move: Rage Powder\n|move|p2b: Primarina|Hyper Voice|p1a: Aggron|[spread] p1b\n|-activate|p1a: Aggron|move: Protect\n|-resisted|p1b: Sinistcha|1\n|-damage|p1b: Sinistcha|59/100 brn\n|move|p1b: Sinistcha|Trick Room|p1b: Sinistcha\n|-fieldstart|move: Trick Room|[of] p1b: Sinistcha\n|\n|-damage|p1b: Sinistcha|53/100 brn|[from] brn\n|upkeep\n|turn|7\n|\n|t:|1776286063\n|switch|p1b: Sneasler|Sneasler, L50, M, shiny|28/100 brn\n|move|p2b: Primarina|Protect|p2b: Primarina\n|-singleturn|p2b: Primarina|Protect\n|move|p1a: Aggron|Heavy Slam|p2a: Sinistcha\n|-damage|p2a: Sinistcha|0 fnt\n|faint|p2a: Sinistcha\n|\n|-damage|p1b: Sneasler|22/100 brn|[from] brn\n|upkeep\n|\n|t:|1776286070\n|switch|p2a: Basculegion|Basculegion, L50, M|100/100\n|turn|8\n|\n|t:|1776286080\n|move|p1b: Sneasler|Fake Out|p2b: Primarina\n|-damage|p2b: Primarina|94/100\n|move|p2a: Basculegion|Aqua Jet|p1b: Sneasler\n|-damage|p1b: Sneasler|0 fnt\n|faint|p1b: Sneasler\n|move|p1a: Aggron|Heavy Slam|p2b: Primarina\n|-damage|p2b: Primarina|9/100\n|cant|p2b: Primarina|flinch\n|\n|-heal|p2b: Primarina|15/100|[from] item: Leftovers\n|-sideend|p2: jyotsha|move: Light Screen\n|upkeep\n|\n|t:|1776286094\n|switch|p1b: Sinistcha|Sinistcha, L50, shiny|53/100 brn\n|-heal|p1a: Aggron|100/100|[from] ability: Hospitality|[of] p1b: Sinistcha\n|turn|9\n|\n|t:|1776286101\n|move|p2b: Primarina|Protect|p2b: Primarina\n|-singleturn|p2b: Primarina|Protect\n|move|p2a: Basculegion|Aqua Jet|p1a: Aggron\n|-crit|p1a: Aggron\n|-damage|p1a: Aggron|82/100\n|move|p1a: Aggron|Iron Defense|p1a: Aggron\n|-boost|p1a: Aggron|def|2\n|move|p1b: Sinistcha|Matcha Gotcha|p2a: Basculegion|[spread] p2a\n|-activate|p2b: Primarina|move: Protect\n|-supereffective|p2a: Basculegion|1\n|-damage|p2a: Basculegion|50/100\n|-heal|p1b: Sinistcha|83/100 brn|[from] drain|[of] p2a: Basculegion\n|\n|-heal|p2b: Primarina|21/100|[from] item: Leftovers\n|-damage|p1b: Sinistcha|77/100 brn|[from] brn\n|upkeep\n|turn|10\n|\n|t:|1776286121\n|move|p2b: Primarina|Protect||[still]\n|-fail|p2b: Primarina\n|move|p2a: Basculegion|Aqua Jet|p1a: Aggron\n|-damage|p1a: Aggron|78/100\n|move|p1a: Aggron|Heavy Slam|p2b: Primarina\n|-damage|p2b: Primarina|0 fnt\n|faint|p2b: Primarina\n|move|p1b: Sinistcha|Matcha Gotcha|p2a: Basculegion\n|-supereffective|p2a: Basculegion|1\n|-damage|p2a: Basculegion|0 fnt\n|-heal|p1b: Sinistcha|100/100 brn|[from] drain|[of] p2a: Basculegion\n|faint|p2a: Basculegion\n|\n|win|Sic-beatz\n|raw|Sic-beatz's rating: 1231 &rarr; <strong>1259</strong><br />(+28 for winning)\n|raw|jyotsha's rating: 1279 &rarr; <strong>1251</strong><br />(-28 for losing)\n",
  "uploadtime": 1776286121,
  "views": 45,
  "formatid": "gen9championsvgc2026regma",
  "rating": 1251,
  "private": 0,
  "password": null
}