{
  "id": "gen9championsvgc2026regma-2588583217",
  "format": "[Gen 9 Champions] VGC 2026 Reg M-A",
  "players": [
    "dtownbrown447",
    "hugaario"
  ],
  "log": "|j|\u2606dtownbrown447\n|j|\u2606hugaario\n|t:|1776647263\n|gametype|doubles\n|player|p1|dtownbrown447|101|1466\n|player|p2|hugaario|lucas-gen4pt|1525\n|gen|9\n|tier|[Gen 9 Champions] VGC 2026 Reg M-A\n|rated|\n|rule|Species Clause: Limit one of each Pok\u00e9mon\n|rule|Item Clause: Limit 1 of each item\n|clearpoke\n|poke|p1|Blastoise, L50, F|\n|poke|p1|Tsareena, L50, F|\n|poke|p1|Incineroar, L50, M|\n|poke|p1|Aerodactyl, L50, F|\n|poke|p1|Scizor, L50, M|\n|poke|p1|Rotom-Wash, L50|\n|poke|p2|Whimsicott, L50, M|\n|poke|p2|Arcanine, L50, F|\n|poke|p2|Mudsdale, L50, F|\n|poke|p2|Maushold, L50|\n|poke|p2|Farigiraf, L50, M|\n|poke|p2|Floette-Eternal, L50, F|\n|teampreview|4\n|inactive|Battle timer is ON: inactive players will automatically lose when time's up. (requested by hugaario)\n|\n|t:|1776647292\n|teamsize|p1|4\n|teamsize|p2|4\n|start\n|switch|p1a: Blastoise|Blastoise, L50, F|100/100\n|switch|p1b: Aerodactyl|Aerodactyl, L50, F|100/100\n|switch|p2a: Whimsicott|Whimsicott, L50, M|100/100\n|switch|p2b: Floette|Floette-Eternal, L50, F|100/100\n|-ability|p1b: Aerodactyl|Unnerve\n|turn|1\n|\n|t:|1776647311\n|switch|p2a: Farigiraf|Farigiraf, L50, M|100/100\n|detailschange|p1a: Blastoise|Blastoise-Mega, L50, F\n|-mega|p1a: Blastoise|Blastoise|Blastoisinite\n|detailschange|p2b: Floette|Floette-Mega, L50, F\n|-mega|p2b: Floette|Floette|Floettite\n|-ability|p2b: Floette|Fairy Aura\n|move|p1b: Aerodactyl|Tailwind|p1b: Aerodactyl\n|-sidestart|p1: dtownbrown447|move: Tailwind\n|move|p1a: Blastoise|Water Spout|p2b: Floette|[spread] p2a,p2b\n|-damage|p2a: Farigiraf|49/100\n|-damage|p2b: Floette|52/100\n|move|p2b: Floette|Dazzling Gleam|p1a: Blastoise|[spread] p1a,p1b\n|-damage|p1a: Blastoise|46/100\n|-damage|p1b: Aerodactyl|30/100\n|\n|upkeep\n|turn|2\n|inactive|dtownbrown447 has 30 seconds left.\n|\n|t:|1776647336\n|move|p2b: Floette|Protect|p2b: Floette\n|-singleturn|p2b: Floette|Protect\n|move|p1b: Aerodactyl|Rock Slide|p2a: Farigiraf|[spread] p2a\n|-activate|p2b: Floette|move: Protect\n|-damage|p2a: Farigiraf|25/100\n|move|p1a: Blastoise|Dark Pulse|p2a: Farigiraf\n|-supereffective|p2a: Farigiraf|1\n|-damage|p2a: Farigiraf|0 fnt\n|faint|p2a: Farigiraf\n|\n|upkeep\n|\n|t:|1776647345\n|switch|p2a: Whimsicott|Whimsicott, L50, M|100/100\n|turn|3\n|\n|t:|1776647351\n|move|p2a: Whimsicott|Tailwind|p2a: Whimsicott\n|-sidestart|p2: hugaario|move: Tailwind\n|move|p1b: Aerodactyl|Dual Wingbeat|p2a: Whimsicott\n|-supereffective|p2a: Whimsicott|1\n|-damage|p2a: Whimsicott|44/100\n|-supereffective|p2a: Whimsicott|1\n|-damage|p2a: Whimsicott|0 fnt\n|faint|p2a: Whimsicott\n|-hitcount|p2: Whimsicott|2\n|move|p1a: Blastoise|Water Spout|p2b: Floette\n|-damage|p2b: Floette|22/100\n|move|p2b: Floette|Dazzling Gleam|p1a: Blastoise|[spread] p1a,p1b\n|-damage|p1a: Blastoise|0 fnt\n|-damage|p1b: Aerodactyl|0 fnt\n|faint|p1a: Blastoise\n|faint|p1b: Aerodactyl\n|\n|upkeep\n|\n|t:|1776647359\n|switch|p1b: Rotom|Rotom-Wash, L50|100/100\n|switch|p2a: Arcanine|Arcanine, L50, F|100/100\n|switch|p1a: Incineroar|Incineroar, L50, M|100/100\n|-ability|p1a: Incineroar|Intimidate|boost\n|-unboost|p2a: Arcanine|atk|1\n|-unboost|p2b: Floette|atk|1\n|turn|4\n|\n|t:|1776647382\n|move|p2a: Arcanine|Protect|p2a: Arcanine\n|-singleturn|p2a: Arcanine|Protect\n|move|p2b: Floette|Protect|p2b: Floette\n|-singleturn|p2b: Floette|Protect\n|move|p1a: Incineroar|Fake Out|p2b: Floette\n|-activate|p2b: Floette|move: Protect\n|move|p1b: Rotom|Hydro Pump|p2a: Arcanine\n|-activate|p2a: Arcanine|move: Protect\n|\n|-sideend|p1: dtownbrown447|move: Tailwind\n|upkeep\n|turn|5\n|\n|t:|1776647407\n|move|p2a: Arcanine|Extreme Speed|p1b: Rotom\n|-crit|p1b: Rotom\n|-damage|p1b: Rotom|62/100\n|move|p2b: Floette|Light of Ruin|p1a: Incineroar|[miss]\n|-miss|p2b: Floette|p1a: Incineroar\n|move|p1b: Rotom|Hydro Pump|p2a: Arcanine\n|-supereffective|p2a: Arcanine|1\n|-enditem|p2a: Arcanine|Passho Berry|[eat]\n|-enditem|p2a: Arcanine|Passho Berry|[weaken]\n|-damage|p2a: Arcanine|50/100\n|move|p1a: Incineroar|Flare Blitz|p2b: Floette\n|-damage|p2b: Floette|0 fnt\n|faint|p2b: Floette\n|-damage|p1a: Incineroar|94/100|[from] Recoil\n|\n|upkeep\n|turn|6\n|-message|hugaario forfeited.\n|\n|win|dtownbrown447\n|raw|dtownbrown447's rating: 1466 &rarr; <strong>1489</strong><br />(+23 for winning)\n|raw|hugaario's rating: 1525 &rarr; <strong>1502</strong><br />(-23 for losing)\n|l|\u2606hugaario\n|player|p2|\n",
  "uploadtime": 1776647429,
  "views": 12,
  "formatid": "gen9championsvgc2026regma",
  "rating": 1489,
  "private": 0,
  "password": null
}