{
  "id": "gen9championsvgc2026regma-2582658503",
  "format": "[Gen 9 Champions] VGC 2026 Reg M-A",
  "players": [
    "L_Yami_H",
    "luksm94"
  ],
  "log": "|j|\u2606L_Yami_H\n|j|\u2606luksm94\n|t:|1776105473\n|gametype|doubles\n|player|p1|L_Yami_H|ghetsis|1061\n|player|p2|luksm94|102|1042\n|gen|9\n|tier|[Gen 9 Champions] VGC 2026 Reg M-A\n|rated|\n|rule|Species Clause: Limit one of each Pok\u00e9mon\n|rule|Item Clause: Limit 1 of each item\n|clearpoke\n|poke|p1|Sableye, L50, M|\n|poke|p1|Victreebel, L50, F|\n|poke|p1|Farigiraf, L50, M|\n|poke|p1|Araquanid, L50, F|\n|poke|p1|Arcanine, L50, M|\n|poke|p1|Raichu, L50, M|\n|poke|p2|Sableye, L50, M|\n|poke|p2|Espathra, L50, F|\n|poke|p2|Milotic, L50, M|\n|poke|p2|Alakazam, L50, F|\n|poke|p2|Dragapult, L50, M|\n|poke|p2|Clefable, L50, M|\n|teampreview|4\n|j| juniZK\n|l| juniZK\n|\n|t:|1776105518\n|teamsize|p1|4\n|teamsize|p2|4\n|start\n|switch|p1a: Pippins|Raichu, L50, M|100/100\n|switch|p1b: Baret|Victreebel, L50, F, shiny|100/100\n|switch|p2a: Sableye|Sableye, L50, M|100/100\n|switch|p2b: Milotic|Milotic, L50, M|100/100\n|turn|1\n|inactive|Battle timer is ON: inactive players will automatically lose when time's up. (requested by L_Yami_H)\n|inactive|luksm94 has 60 seconds left.\n|\n|t:|1776105558\n|switch|p2b: Clefable|Clefable, L50, M|100/100\n|detailschange|p1b: Baret|Victreebel-Mega, L50, F, shiny\n|-mega|p1b: Baret|Victreebel|Victreebelite\n|move|p1a: Pippins|Fake Out|p2b: Clefable\n|-damage|p2b: Clefable|92/100\n|move|p2a: Sableye|Swagger|p1b: Baret\n|-boost|p1b: Baret|atk|2\n|-start|p1b: Baret|confusion\n|-activate|p1b: Baret|confusion\n|move|p1b: Baret|Giga Drain|p2b: Clefable\n|-damage|p2b: Clefable|61/100\n|\n|upkeep\n|turn|2\n|inactive|L_Yami_H has 30 seconds left.\n|inactive|L_Yami_H has 20 seconds left.\n|inactive|L_Yami_H has 15 seconds left.\n|inactive|L_Yami_H has 10 seconds left.\n|inactive|L_Yami_H has 5 seconds left.\n|\n|t:|1776105613\n|move|p2b: Clefable|Protect|p2b: Clefable\n|-singleturn|p2b: Clefable|Protect\n|move|p1a: Pippins|Volt Switch|p2b: Clefable\n|-activate|p2b: Clefable|move: Protect\n|-activate|p1b: Baret|confusion\n|-damage|p1b: Baret|77/100|[from] confusion\n|move|p2a: Sableye|Foul Play|p1b: Baret\n|-damage|p1b: Baret|0 fnt\n|-damage|p2a: Sableye|18/100|[from] ability: Innards Out|[of] p1b: Baret\n|faint|p1b: Baret\n|\n|upkeep\n|\n|t:|1776105635\n|switch|p1b: Weeber|Araquanid, L50, F|100/100\n|turn|3\n|\n|t:|1776105660\n|move|p2a: Sableye|Gravity|p2a: Sableye\n|-fieldstart|move: Gravity\n|move|p1a: Pippins|Volt Switch|p2b: Clefable\n|-damage|p2b: Clefable|45/100\n|-enditem|p2b: Clefable|Sitrus Berry|[eat]\n|-heal|p2b: Clefable|70/100|[from] item: Sitrus Berry\n|\n|t:|1776105664\n|switch|p1a: J.H|Farigiraf, L50, M|100/100|[from] Volt Switch\n|move|p2b: Clefable|Moonblast|p1a: J.H\n|-damage|p1a: J.H|62/100\n|move|p1b: Weeber|Liquidation|p2b: Clefable\n|-damage|p2b: Clefable|0 fnt\n|faint|p2b: Clefable\n|\n|upkeep\n|\n|t:|1776105672\n|switch|p2b: Milotic|Milotic, L50, M|100/100\n|turn|4\n|\n|t:|1776105681\n|move|p1b: Weeber|Protect|p1b: Weeber\n|-singleturn|p1b: Weeber|Protect\n|move|p2b: Milotic|Hypnosis|p1a: J.H\n|-status|p1a: J.H|slp|[from] move: Hypnosis\n|cant|p1a: J.H|slp\n|move|p2a: Sableye|Foul Play|p1b: Weeber\n|-activate|p1b: Weeber|move: Protect\n|\n|upkeep\n|turn|5\n|\n|t:|1776105696\n|move|p2a: Sableye|Swagger||[still]\n|cant|p1a: J.H|ability: Armor Tail|Swagger|[of] p2a: Sableye\n|move|p2b: Milotic|Scald|p1a: J.H\n|-damage|p1a: J.H|24/100 slp\n|cant|p1a: J.H|slp\n|move|p1b: Weeber|Leech Life|p2a: Sableye\n|-damage|p2a: Sableye|0 fnt\n|faint|p2a: Sableye\n|\n|upkeep\n|\n|t:|1776105700\n|switch|p2a: Alakazam|Alakazam, L50, F|100/100\n|turn|6\n|\n|t:|1776105713\n|move|p2a: Alakazam|Protect|p2a: Alakazam\n|-singleturn|p2a: Alakazam|Protect\n|move|p2b: Milotic|Scald|p1a: J.H\n|-damage|p1a: J.H|0 fnt\n|faint|p1a: J.H\n|move|p1b: Weeber|Liquidation|p2a: Alakazam\n|-activate|p2a: Alakazam|move: Protect\n|\n|upkeep\n|\n|t:|1776105718\n|switch|p1a: Pippins|Raichu, L50, M|100/100\n|turn|7\n|\n|t:|1776105734\n|detailschange|p2a: Alakazam|Alakazam-Mega, L50, F\n|-mega|p2a: Alakazam|Alakazam|Alakazite\n|-ability|p2a: Alakazam|Water Bubble|Trace|[from] ability: Trace|[of] p1b: Weeber\n|move|p1a: Pippins|Fake Out|p2a: Alakazam\n|-damage|p2a: Alakazam|85/100\n|cant|p2a: Alakazam|flinch\n|move|p2b: Milotic|Hypnosis|p1b: Weeber\n|-status|p1b: Weeber|slp|[from] move: Hypnosis\n|cant|p1b: Weeber|slp\n|\n|-fieldend|move: Gravity\n|upkeep\n|turn|8\n|\n|t:|1776105753\n|move|p2a: Alakazam|Expanding Force|p1a: Pippins\n|-crit|p1a: Pippins\n|-enditem|p1a: Pippins|Focus Sash\n|-damage|p1a: Pippins|1/100\n|move|p1a: Pippins|Nuzzle|p2a: Alakazam\n|-damage|p2a: Alakazam|72/100\n|-status|p2a: Alakazam|par\n|move|p2b: Milotic|Icy Wind|p1b: Weeber|[spread] p1a,p1b\n|-resisted|p1b: Weeber|1\n|-damage|p1a: Pippins|0 fnt\n|-damage|p1b: Weeber|96/100 slp\n|-unboost|p1b: Weeber|spe|1\n|faint|p1a: Pippins\n|cant|p1b: Weeber|slp\n|\n|-heal|p1b: Weeber|100/100 slp|[from] item: Leftovers\n|upkeep\n|turn|9\n|\n|t:|1776105769\n|-curestatus|p1b: Weeber|slp|[msg]\n|move|p1b: Weeber|Protect|p1b: Weeber\n|-singleturn|p1b: Weeber|Protect\n|move|p2b: Milotic|Scald|p1b: Weeber\n|-activate|p1b: Weeber|move: Protect\n|move|p2a: Alakazam|Expanding Force|p1b: Weeber\n|-activate|p1b: Weeber|move: Protect\n|\n|upkeep\n|turn|10\n|\n|t:|1776105778\n|move|p2b: Milotic|Scald|p1b: Weeber\n|-resisted|p1b: Weeber|1\n|-damage|p1b: Weeber|88/100\n|move|p2a: Alakazam|Expanding Force|p1b: Weeber\n|-damage|p1b: Weeber|42/100\n|move|p1b: Weeber|Leech Life|p2b: Milotic\n|-damage|p2b: Milotic|71/100\n|-heal|p1b: Weeber|59/100|[from] drain|[of] p2b: Milotic\n|\n|-heal|p2b: Milotic|77/100|[from] item: Leftovers\n|-heal|p1b: Weeber|64/100|[from] item: Leftovers\n|upkeep\n|turn|11\n|\n|t:|1776105792\n|move|p1b: Weeber|Protect|p1b: Weeber\n|-singleturn|p1b: Weeber|Protect\n|move|p2b: Milotic|Scald|p1b: Weeber\n|-activate|p1b: Weeber|move: Protect\n|move|p2a: Alakazam|Expanding Force|p1b: Weeber\n|-activate|p1b: Weeber|move: Protect\n|\n|-heal|p2b: Milotic|83/100|[from] item: Leftovers\n|-heal|p1b: Weeber|70/100|[from] item: Leftovers\n|upkeep\n|turn|12\n|\n|t:|1776105797\n|move|p2b: Milotic|Scald|p1b: Weeber\n|-resisted|p1b: Weeber|1\n|-damage|p1b: Weeber|58/100\n|move|p2a: Alakazam|Expanding Force|p1b: Weeber\n|-damage|p1b: Weeber|13/100\n|move|p1b: Weeber|Leech Life|p2a: Alakazam\n|-supereffective|p2a: Alakazam|1\n|-crit|p2a: Alakazam\n|-damage|p2a: Alakazam|0 fnt\n|-heal|p1b: Weeber|40/100|[from] drain|[of] p2a: Alakazam\n|faint|p2a: Alakazam\n|\n|-heal|p2b: Milotic|89/100|[from] item: Leftovers\n|-heal|p1b: Weeber|46/100|[from] item: Leftovers\n|upkeep\n|turn|13\n|\n|t:|1776105807\n|move|p1b: Weeber|Protect|p1b: Weeber\n|-singleturn|p1b: Weeber|Protect\n|move|p2b: Milotic|Icy Wind|p1b: Weeber\n|-activate|p1b: Weeber|move: Protect\n|\n|-heal|p2b: Milotic|95/100|[from] item: Leftovers\n|-heal|p1b: Weeber|52/100|[from] item: Leftovers\n|upkeep\n|turn|14\n|\n|t:|1776105814\n|move|p2b: Milotic|Hypnosis|p1b: Weeber|[miss]\n|-miss|p2b: Milotic|p1b: Weeber\n|move|p1b: Weeber|Leech Life|p2b: Milotic\n|-damage|p2b: Milotic|65/100\n|-heal|p1b: Weeber|69/100|[from] drain|[of] p2b: Milotic\n|\n|-heal|p2b: Milotic|71/100|[from] item: Leftovers\n|-heal|p1b: Weeber|75/100|[from] item: Leftovers\n|upkeep\n|turn|15\n|\n|t:|1776105820\n|move|p2b: Milotic|Recover|p2b: Milotic\n|-heal|p2b: Milotic|100/100\n|move|p1b: Weeber|Leech Life|p2b: Milotic\n|-damage|p2b: Milotic|72/100\n|-heal|p1b: Weeber|91/100|[from] drain|[of] p2b: Milotic\n|\n|-heal|p2b: Milotic|78/100|[from] item: Leftovers\n|-heal|p1b: Weeber|97/100|[from] item: Leftovers\n|upkeep\n|turn|16\n|\n|t:|1776105824\n|move|p2b: Milotic|Hypnosis|p1b: Weeber|[miss]\n|-miss|p2b: Milotic|p1b: Weeber\n|move|p1b: Weeber|Leech Life|p2b: Milotic\n|-damage|p2b: Milotic|48/100\n|-heal|p1b: Weeber|100/100|[from] drain|[of] p2b: Milotic\n|\n|-heal|p2b: Milotic|54/100|[from] item: Leftovers\n|upkeep\n|turn|17\n|\n|t:|1776105830\n|move|p2b: Milotic|Hypnosis|p1b: Weeber|[miss]\n|-miss|p2b: Milotic|p1b: Weeber\n|move|p1b: Weeber|Liquidation|p2b: Milotic\n|-resisted|p2b: Milotic|1\n|-damage|p2b: Milotic|24/100\n|\n|-heal|p2b: Milotic|30/100|[from] item: Leftovers\n|upkeep\n|turn|18\n|\n|t:|1776105837\n|move|p2b: Milotic|Recover|p2b: Milotic\n|-heal|p2b: Milotic|80/100\n|move|p1b: Weeber|Liquidation|p2b: Milotic\n|-resisted|p2b: Milotic|1\n|-damage|p2b: Milotic|48/100\n|\n|-heal|p2b: Milotic|53/100|[from] item: Leftovers\n|upkeep\n|turn|19\n|\n|t:|1776105844\n|move|p2b: Milotic|Hypnosis|p1b: Weeber|[miss]\n|-miss|p2b: Milotic|p1b: Weeber\n|move|p1b: Weeber|Liquidation|p2b: Milotic\n|-resisted|p2b: Milotic|1\n|-damage|p2b: Milotic|20/100\n|-unboost|p2b: Milotic|def|1\n|-ability|p2b: Milotic|Competitive|boost\n|-boost|p2b: Milotic|spa|2\n|\n|-heal|p2b: Milotic|26/100|[from] item: Leftovers\n|upkeep\n|turn|20\n|\n|t:|1776105850\n|move|p2b: Milotic|Hypnosis|p1b: Weeber|[miss]\n|-miss|p2b: Milotic|p1b: Weeber\n|move|p1b: Weeber|Liquidation|p2b: Milotic\n|-resisted|p2b: Milotic|1\n|-damage|p2b: Milotic|0 fnt\n|faint|p2b: Milotic\n|\n|win|L_Yami_H\n|raw|L_Yami_H's rating: 1061 &rarr; <strong>1090</strong><br />(+29 for winning)\n|raw|luksm94's rating: 1042 &rarr; <strong>1027</strong><br />(-15 for losing)\n",
  "uploadtime": 1776105853,
  "views": 10,
  "formatid": "gen9championsvgc2026regma",
  "rating": 1027,
  "private": 0,
  "password": null
}