{
  "id": "gen9championsvgc2026regma-2585885283",
  "format": "[Gen 9 Champions] VGC 2026 Reg M-A",
  "players": [
    "podso",
    "bigboom1234"
  ],
  "log": "|j|\u2606podso\n|j|\u2606bigboom1234\n|t:|1776378368\n|gametype|doubles\n|player|p1|podso|hilda-wonderlauncher|1026\n|player|p2|bigboom1234|265|1000\n|gen|9\n|tier|[Gen 9 Champions] VGC 2026 Reg M-A\n|rated|\n|rule|Species Clause: Limit one of each Pok\u00e9mon\n|rule|Item Clause: Limit 1 of each item\n|clearpoke\n|poke|p1|Charizard, L50, M|\n|poke|p1|Venusaur, L50, M|\n|poke|p1|Talonflame, L50, F|\n|poke|p1|Garchomp, L50, F|\n|poke|p1|Milotic, L50, F|\n|poke|p1|Incineroar, L50, M|\n|poke|p2|Floette-Eternal, L50, F|\n|poke|p2|Incineroar, L50, M|\n|poke|p2|Sinistcha, L50|\n|poke|p2|Aerodactyl, L50, M|\n|poke|p2|Alakazam, L50, M|\n|poke|p2|Meowstic, L50, M|\n|teampreview|4\n|inactive|Battle timer is ON: inactive players will automatically lose when time's up. (requested by bigboom1234)\n|\n|t:|1776378384\n|teamsize|p1|4\n|teamsize|p2|4\n|start\n|switch|p1a: Garchomp|Garchomp, L50, F|100/100\n|switch|p1b: Talonflame|Talonflame, L50, F|100/100\n|switch|p2a: Floette|Floette-Eternal, L50, F|100/100\n|switch|p2b: Incineroar|Incineroar, L50, M|100/100\n|-ability|p2b: Incineroar|Intimidate|boost\n|-unboost|p1a: Garchomp|atk|1\n|-unboost|p1b: Talonflame|atk|1\n|turn|1\n|\n|t:|1776378404\n|move|p2b: Incineroar|Fake Out|p1a: Garchomp\n|-damage|p1a: Garchomp|91/100\n|-damage|p2b: Incineroar|88/100|[from] ability: Rough Skin|[of] p1a: Garchomp\n|cant|p1a: Garchomp|flinch\n|move|p1b: Talonflame|Taunt|p2b: Incineroar\n|-start|p2b: Incineroar|move: Taunt\n|move|p2a: Floette|Calm Mind|p2a: Floette\n|-boost|p2a: Floette|spa|1\n|-boost|p2a: Floette|spd|1\n|\n|upkeep\n|turn|2\n|inactive|bigboom1234 has 30 seconds left.\n|\n|t:|1776378437\n|switch|p2b: Sinistcha|Sinistcha, L50|100/100\n|detailschange|p2a: Floette|Floette-Mega, L50, F\n|-mega|p2a: Floette|Floette|Floettite\n|-ability|p2a: Floette|Fairy Aura\n|move|p1b: Talonflame|Tailwind|p1b: Talonflame\n|-sidestart|p1: podso|move: Tailwind\n|move|p1a: Garchomp|Rock Slide|p2b: Sinistcha|[spread] p2a,p2b\n|-damage|p2a: Floette|87/100\n|-damage|p2b: Sinistcha|89/100\n|cant|p2a: Floette|flinch\n|\n|upkeep\n|turn|3\n|\n|t:|1776378456\n|switch|p1a: Charizard|Charizard, L50, M|100/100\n|switch|p2b: Incineroar|Incineroar, L50, M|88/100\n|-ability|p2b: Incineroar|Intimidate|boost\n|-unboost|p1a: Charizard|atk|1\n|-unboost|p1b: Talonflame|atk|1\n|move|p1b: Talonflame|Flare Blitz|p2a: Floette\n|-damage|p2a: Floette|66/100\n|-damage|p1b: Talonflame|92/100|[from] Recoil\n|move|p2a: Floette|Dazzling Gleam|p1a: Charizard|[spread] p1a,p1b\n|-resisted|p1a: Charizard|1\n|-resisted|p1b: Talonflame|1\n|-damage|p1a: Charizard|56/100\n|-damage|p1b: Talonflame|44/100\n|\n|upkeep\n|turn|4\n|\n|t:|1776378475\n|detailschange|p1a: Charizard|Charizard-Mega-Y, L50, M\n|-mega|p1a: Charizard|Charizard|Charizardite Y\n|-weather|SunnyDay|[from] ability: Drought|[of] p1a: Charizard\n|move|p2a: Floette|Protect|p2a: Floette\n|-singleturn|p2a: Floette|Protect\n|move|p1b: Talonflame|Taunt|p2b: Incineroar\n|-start|p2b: Incineroar|move: Taunt\n|move|p1a: Charizard|Heat Wave|p2b: Incineroar|[spread] p2b\n|-activate|p2a: Floette|move: Protect\n|-resisted|p2b: Incineroar|1\n|-damage|p2b: Incineroar|66/100\n|cant|p2b: Incineroar|move: Taunt|Parting Shot\n|\n|-weather|SunnyDay|[upkeep]\n|upkeep\n|turn|5\n|inactive|podso has 30 seconds left.\n|\n|t:|1776378504\n|switch|p2b: Sinistcha|Sinistcha, L50|89/100\n|-heal|p2a: Floette|91/100|[from] ability: Hospitality|[of] p2b: Sinistcha\n|move|p1b: Talonflame|Brave Bird|p2a: Floette\n|-damage|p2a: Floette|64/100\n|-damage|p1b: Talonflame|33/100|[from] Recoil\n|move|p1a: Charizard|Air Slash|p2a: Floette\n|-damage|p2a: Floette|44/100\n|move|p2a: Floette|Dazzling Gleam|p1a: Charizard|[spread] p1a,p1b\n|-resisted|p1a: Charizard|1\n|-resisted|p1b: Talonflame|1\n|-damage|p1a: Charizard|25/100\n|-damage|p1b: Talonflame|0 fnt\n|faint|p1b: Talonflame\n|\n|-weather|SunnyDay|[upkeep]\n|-sideend|p1: podso|move: Tailwind\n|upkeep\n|\n|t:|1776378518\n|switch|p1b: Venusaur|Venusaur, L50, M|100/100\n|turn|6\n|inactive|bigboom1234 has 30 seconds left.\n|\n|t:|1776378548\n|switch|p2b: Incineroar|Incineroar, L50, M|66/100\n|-ability|p2b: Incineroar|Intimidate|boost\n|-unboost|p1a: Charizard|atk|1\n|-unboost|p1b: Venusaur|atk|1\n|move|p2a: Floette|Protect|p2a: Floette\n|-singleturn|p2a: Floette|Protect\n|move|p1a: Charizard|Heat Wave|p2b: Incineroar|[spread] p2b\n|-activate|p2a: Floette|move: Protect\n|-resisted|p2b: Incineroar|1\n|-damage|p2b: Incineroar|44/100\n|-enditem|p2b: Incineroar|Sitrus Berry|[eat]\n|-heal|p2b: Incineroar|68/100|[from] item: Sitrus Berry\n|move|p1b: Venusaur|Sleep Powder|p2b: Incineroar|[miss]\n|-miss|p1b: Venusaur|p2b: Incineroar\n|\n|-weather|SunnyDay|[upkeep]\n|upkeep\n|turn|7\n|inactive|podso has 30 seconds left.\n|\n|t:|1776378575\n|move|p2b: Incineroar|Fake Out|p1b: Venusaur\n|-damage|p1b: Venusaur|89/100\n|move|p1a: Charizard|Air Slash|p2b: Incineroar\n|-damage|p2b: Incineroar|40/100\n|move|p2a: Floette|Calm Mind|p2a: Floette\n|-boost|p2a: Floette|spa|1\n|-boost|p2a: Floette|spd|1\n|cant|p1b: Venusaur|flinch\n|\n|-weather|SunnyDay|[upkeep]\n|upkeep\n|turn|8\n|\n|t:|1776378590\n|switch|p2b: Sinistcha|Sinistcha, L50|89/100\n|-heal|p2a: Floette|69/100|[from] ability: Hospitality|[of] p2b: Sinistcha\n|move|p2a: Floette|Protect|p2a: Floette\n|-singleturn|p2a: Floette|Protect\n|move|p1a: Charizard|Heat Wave|p2a: Floette|[spread] p2b\n|-activate|p2a: Floette|move: Protect\n|-supereffective|p2b: Sinistcha|1\n|-enditem|p2b: Sinistcha|Occa Berry|[eat]\n|-enditem|p2b: Sinistcha|Occa Berry|[weaken]\n|-damage|p2b: Sinistcha|32/100\n|-status|p2b: Sinistcha|brn\n|move|p1b: Venusaur|Sludge Bomb|p2a: Floette\n|-activate|p2a: Floette|move: Protect\n|\n|-weather|none\n|-damage|p2b: Sinistcha|26/100 brn|[from] brn\n|upkeep\n|turn|9\n|inactive|podso has 30 seconds left.\n|\n|t:|1776378617\n|switch|p2b: Aerodactyl|Aerodactyl, L50, M|100/100\n|-ability|p2b: Aerodactyl|Unnerve\n|move|p1a: Charizard|Heat Wave|p2b: Aerodactyl|[spread] p2a,p2b\n|-resisted|p2b: Aerodactyl|1\n|-damage|p2a: Floette|52/100\n|-damage|p2b: Aerodactyl|72/100\n|move|p2a: Floette|Dazzling Gleam|p1b: Venusaur|[spread] p1a,p1b\n|-resisted|p1a: Charizard|1\n|-resisted|p1b: Venusaur|1\n|-damage|p1a: Charizard|0 fnt\n|-damage|p1b: Venusaur|50/100\n|faint|p1a: Charizard\n|move|p1b: Venusaur|Knock Off|p2b: Aerodactyl\n|-damage|p2b: Aerodactyl|55/100\n|-enditem|p2b: Aerodactyl|Focus Sash|[from] move: Knock Off|[of] p1b: Venusaur\n|\n|upkeep\n|\n|t:|1776378632\n|switch|p1a: Garchomp|Garchomp, L50, F|91/100\n|turn|10\n|\n|t:|1776378642\n|move|p1a: Garchomp|Rock Slide|p2b: Aerodactyl|[spread] p2a,p2b\n|-supereffective|p2b: Aerodactyl|1\n|-damage|p2a: Floette|31/100\n|-damage|p2b: Aerodactyl|0 fnt\n|faint|p2b: Aerodactyl\n|move|p2a: Floette|Dazzling Gleam|p1b: Venusaur|[spread] p1a,p1b\n|-supereffective|p1a: Garchomp|1\n|-resisted|p1b: Venusaur|1\n|-damage|p1a: Garchomp|0 fnt\n|-damage|p1b: Venusaur|14/100\n|faint|p1a: Garchomp\n|move|p1b: Venusaur|Sludge Bomb|p2a: Floette\n|-supereffective|p2a: Floette|1\n|-damage|p2a: Floette|2/100\n|\n|upkeep\n|\n|t:|1776378650\n|switch|p2b: Sinistcha|Sinistcha, L50|26/100 brn\n|-heal|p2a: Floette|26/100|[from] ability: Hospitality|[of] p2b: Sinistcha\n|turn|11\n|\n|t:|1776378659\n|move|p2a: Floette|Moonblast|p1b: Venusaur\n|-resisted|p1b: Venusaur|1\n|-damage|p1b: Venusaur|0 fnt\n|faint|p1b: Venusaur\n|\n|win|bigboom1234\n|raw|podso's rating: 1026 &rarr; <strong>1011</strong><br />(-15 for losing)\n|raw|bigboom1234's rating: 1000 &rarr; <strong>1043</strong><br />(+43 for winning)\n|l|\u2606bigboom1234\n|player|p2|\n",
  "uploadtime": 1776378670,
  "views": 19,
  "formatid": "gen9championsvgc2026regma",
  "rating": 1011,
  "private": 0,
  "password": null
}