{
  "id": "gen9championsvgc2026regma-2589494473",
  "format": "[Gen 9 Champions] VGC 2026 Reg M-A",
  "players": [
    "AgitoClover",
    "Devta"
  ],
  "log": "|j|\u2606AgitoClover\n|j|\u2606Devta\n|t:|1776728076\n|gametype|doubles\n|player|p1|AgitoClover|blue|1180\n|player|p2|Devta|hexmaniac-gen6|1224\n|gen|9\n|tier|[Gen 9 Champions] VGC 2026 Reg M-A\n|rated|\n|rule|Species Clause: Limit one of each Pok\u00e9mon\n|rule|Item Clause: Limit 1 of each item\n|clearpoke\n|poke|p1|Charizard, L50, F|\n|poke|p1|Venusaur, L50, M|\n|poke|p1|Garchomp, L50, M|\n|poke|p1|Rotom-Wash, L50|\n|poke|p1|Incineroar, L50, M|\n|poke|p1|Sneasler, L50, F|\n|poke|p2|Floette-Eternal, L50, F|\n|poke|p2|Corviknight, L50, M|\n|poke|p2|Milotic, L50, M, shiny|\n|poke|p2|Kommo-o, L50, F|\n|poke|p2|Sinistcha-Masterpiece, L50, shiny|\n|poke|p2|Tyranitar, L50, F|\n|teampreview|4\n|inactive|Battle timer is ON: inactive players will automatically lose when time's up. (requested by Devta)\n|inactive|AgitoClover also wants the timer to be on.\n|inactive|Devta has 60 seconds left.\n|inactive|Devta has 30 seconds left.\n|\n|t:|1776728146\n|teamsize|p1|4\n|teamsize|p2|4\n|start\n|switch|p1a: Garchomp|Garchomp, L50, M|100/100\n|switch|p1b: Rotom|Rotom-Wash, L50|100/100\n|switch|p2a: Kommo-o|Kommo-o, L50, F|100/100\n|switch|p2b: Milotic|Milotic, L50, M, shiny|100/100\n|turn|1\n|inactive|AgitoClover has 30 seconds left.\n|inactive|Devta has 30 seconds left.\n|inactive|AgitoClover has 20 seconds left.\n|inactive|AgitoClover has 15 seconds left.\n|inactive|Devta has 20 seconds left.\n|\n|t:|1776728190\n|switch|p2b: Tyranitar|Tyranitar, L50, F|100/100\n|-weather|Sandstorm|[from] ability: Sand Stream|[of] p2b: Tyranitar\n|move|p1a: Garchomp|Dragon Claw|p2a: Kommo-o\n|-supereffective|p2a: Kommo-o|1\n|-damage|p2a: Kommo-o|31/100\n|move|p2a: Kommo-o|Clanging Scales|p1a: Garchomp|[spread] p1a,p1b\n|-supereffective|p1a: Garchomp|1\n|-damage|p1a: Garchomp|0 fnt\n|-damage|p1b: Rotom|53/100\n|faint|p1a: Garchomp\n|-unboost|p2a: Kommo-o|def|1\n|move|p1b: Rotom|Volt Switch|p2b: Tyranitar\n|-damage|p2b: Tyranitar|84/100\n|inactive|AgitoClover has 30 seconds left.\n|\n|t:|1776728215\n|switch|p1b: Charizard|Charizard, L50, F|100/100|[from] Volt Switch\n|\n|-weather|Sandstorm|[upkeep]\n|-damage|p1b: Charizard|95/100|[from] Sandstorm\n|upkeep\n|\n|t:|1776728220\n|switch|p1a: Venusaur|Venusaur, L50, M|100/100\n|turn|2\n|\n|t:|1776728240\n|detailschange|p1b: Charizard|Charizard-Mega-Y, L50, F\n|-mega|p1b: Charizard|Charizard|Charizardite Y\n|-weather|SunnyDay|[from] ability: Drought|[of] p1b: Charizard\n|move|p2b: Tyranitar|Protect|p2b: Tyranitar\n|-singleturn|p2b: Tyranitar|Protect\n|move|p1a: Venusaur|Giga Drain|p2b: Tyranitar\n|-activate|p2b: Tyranitar|move: Protect\n|move|p1b: Charizard|Heat Wave|p2a: Kommo-o|[spread] p2a\n|-activate|p2b: Tyranitar|move: Protect\n|-resisted|p2a: Kommo-o|1\n|-damage|p2a: Kommo-o|0 fnt\n|faint|p2a: Kommo-o\n|\n|-weather|SunnyDay|[upkeep]\n|upkeep\n|\n|t:|1776728251\n|switch|p2a: Corviknight|Corviknight, L50, M|100/100\n|turn|3\n|inactive|AgitoClover has 30 seconds left.\n|inactive|AgitoClover has 20 seconds left.\n|\n|t:|1776728290\n|detailschange|p2b: Tyranitar|Tyranitar-Mega, L50, F\n|-mega|p2b: Tyranitar|Tyranitar|Tyranitarite\n|-weather|Sandstorm|[from] ability: Sand Stream|[of] p2b: Tyranitar\n|move|p2a: Corviknight|Protect|p2a: Corviknight\n|-singleturn|p2a: Corviknight|Protect\n|move|p1b: Charizard|Heat Wave|p2b: Tyranitar|[spread] p2b\n|-activate|p2a: Corviknight|move: Protect\n|-resisted|p2b: Tyranitar|1\n|-damage|p2b: Tyranitar|74/100\n|move|p1a: Venusaur|Giga Drain|p2b: Tyranitar\n|-supereffective|p2b: Tyranitar|1\n|-damage|p2b: Tyranitar|36/100\n|move|p2b: Tyranitar|Rock Slide|p1b: Charizard|[spread] p1b\n|-miss|p2b: Tyranitar|p1a: Venusaur\n|-supereffective|p1b: Charizard|2\n|-damage|p1b: Charizard|0 fnt\n|faint|p1b: Charizard\n|\n|-weather|Sandstorm|[upkeep]\n|-damage|p1a: Venusaur|95/100|[from] Sandstorm\n|upkeep\n|\n|t:|1776728298\n|switch|p1b: Rotom|Rotom-Wash, L50|53/100\n|turn|4\n|\n|t:|1776728313\n|move|p2b: Tyranitar|Protect|p2b: Tyranitar\n|-singleturn|p2b: Tyranitar|Protect\n|move|p1a: Venusaur|Earth Power|p2b: Tyranitar\n|-activate|p2b: Tyranitar|move: Protect\n|move|p1b: Rotom|Will-O-Wisp|p2a: Corviknight\n|-status|p2a: Corviknight|brn\n|move|p2a: Corviknight|Brave Bird|p1a: Venusaur\n|-supereffective|p1a: Venusaur|1\n|-damage|p1a: Venusaur|47/100\n|-damage|p2a: Corviknight|88/100 brn|[from] Recoil\n|\n|-weather|Sandstorm|[upkeep]\n|-damage|p1a: Venusaur|41/100|[from] Sandstorm\n|-damage|p1b: Rotom|47/100|[from] Sandstorm\n|-enditem|p1b: Rotom|Sitrus Berry|[eat]\n|-heal|p1b: Rotom|72/100|[from] item: Sitrus Berry\n|-damage|p2a: Corviknight|82/100 brn|[from] brn\n|upkeep\n|turn|5\n|\n|t:|1776728337\n|move|p1a: Venusaur|Earth Power|p2b: Tyranitar\n|-supereffective|p2b: Tyranitar|1\n|-damage|p2b: Tyranitar|9/100\n|move|p1b: Rotom|Volt Switch|p2a: Corviknight\n|-supereffective|p2a: Corviknight|1\n|-damage|p2a: Corviknight|40/100 brn\n|move|p2a: Corviknight|Brave Bird|p1a: Venusaur\n|-supereffective|p1a: Venusaur|1\n|-damage|p1a: Venusaur|0 fnt\n|faint|p1a: Venusaur\n|-damage|p2a: Corviknight|30/100 brn|[from] Recoil\n|move|p2b: Tyranitar|Rock Slide|p1b: Rotom|[miss]\n|-miss|p2b: Tyranitar|p1b: Rotom\n|\n|-weather|Sandstorm|[upkeep]\n|-damage|p1b: Rotom|66/100|[from] Sandstorm\n|-damage|p2a: Corviknight|24/100 brn|[from] brn\n|upkeep\n|turn|6\n|\n|t:|1776728357\n|move|p1b: Rotom|Protect|p1b: Rotom\n|-singleturn|p1b: Rotom|Protect\n|move|p2a: Corviknight|Tailwind|p2a: Corviknight\n|-sidestart|p2: Devta|move: Tailwind\n|move|p2b: Tyranitar|Crunch|p1b: Rotom\n|-activate|p1b: Rotom|move: Protect\n|\n|-weather|Sandstorm|[upkeep]\n|-damage|p1b: Rotom|60/100|[from] Sandstorm\n|-damage|p2a: Corviknight|19/100 brn|[from] brn\n|upkeep\n|turn|7\n|\n|t:|1776728373\n|move|p2a: Corviknight|Iron Head|p1b: Rotom\n|-resisted|p1b: Rotom|2\n|-damage|p1b: Rotom|57/100\n|move|p2b: Tyranitar|Crunch|p1b: Rotom\n|-damage|p1b: Rotom|11/100\n|move|p1b: Rotom|Volt Switch|p2a: Corviknight\n|-supereffective|p2a: Corviknight|1\n|-damage|p2a: Corviknight|0 fnt\n|faint|p2a: Corviknight\n|\n|-weather|none\n|upkeep\n|\n|t:|1776728380\n|switch|p2a: Milotic|Milotic, L50, M, shiny|100/100\n|turn|8\n|\n|t:|1776728387\n|move|p2a: Milotic|Scald|p1b: Rotom\n|-resisted|p1b: Rotom|1\n|-damage|p1b: Rotom|0 fnt\n|faint|p1b: Rotom\n|\n|win|Devta\n|raw|AgitoClover's rating: 1180 &rarr; <strong>1158</strong><br />(-22 for losing)\n|raw|Devta's rating: 1224 &rarr; <strong>1246</strong><br />(+22 for winning)\n",
  "uploadtime": 1776728388,
  "views": 2,
  "formatid": "gen9championsvgc2026regma",
  "rating": 1158,
  "private": 0,
  "password": null
}