{
  "id": "gen9championsvgc2026regma-2586820377",
  "format": "[Gen 9 Champions] VGC 2026 Reg M-A",
  "players": [
    "Shwammy2",
    "BigPurplePops"
  ],
  "log": "|j|\u2606Shwammy2\n|j|\u2606BigPurplePops\n|t:|1776462609\n|gametype|doubles\n|player|p1|Shwammy2|acetrainer-gen4dp|1160\n|player|p2|BigPurplePops|marshal|1140\n|gen|9\n|tier|[Gen 9 Champions] VGC 2026 Reg M-A\n|rated|\n|rule|Species Clause: Limit one of each Pok\u00e9mon\n|rule|Item Clause: Limit 1 of each item\n|clearpoke\n|poke|p1|Golurk, L50|\n|poke|p1|Gallade, L50, M|\n|poke|p1|Dragapult, L50, F|\n|poke|p1|Tyranitar, L50, M|\n|poke|p1|Whimsicott, L50, F|\n|poke|p1|Rotom-Wash, L50|\n|poke|p2|Crabominable, L50, F|\n|poke|p2|Chandelure, L50, M|\n|poke|p2|Slowking, L50, M|\n|poke|p2|Alakazam, L50, M|\n|poke|p2|Maushold, L50|\n|poke|p2|Incineroar, L50, F|\n|teampreview|4\n|inactive|Battle timer is ON: inactive players will automatically lose when time's up. (requested by Shwammy2)\n|c|\u2606BigPurplePops|Glhf\n|c|\u2606Shwammy2|glhf\nShwammy2 has agreed to open team sheets.\n|inactive|Shwammy2 has 60 seconds left.\n|inactive|BigPurplePops has 60 seconds left.\n|\n|t:|1776462657\n|teamsize|p1|4\n|teamsize|p2|4\n|start\n|switch|p1a: Tyranitar|Tyranitar, L50, M|100/100\n|switch|p1b: Whimsicott|Whimsicott, L50, F|100/100\n|switch|p2a: Chandelure|Chandelure, L50, M|100/100\n|switch|p2b: Slowking|Slowking, L50, M|100/100\n|-weather|Sandstorm|[from] ability: Sand Stream|[of] p1a: Tyranitar\n|turn|1\n|\n|t:|1776462673\n|move|p1b: Whimsicott|Helping Hand|p1a: Tyranitar\n|-singleturn|p1a: Tyranitar|Helping Hand|[of] p1b: Whimsicott\n|move|p1a: Tyranitar|Rock Slide|p2a: Chandelure|[spread] p2a,p2b\n|-supereffective|p2a: Chandelure|1\n|-damage|p2a: Chandelure|29/100\n|-damage|p2b: Slowking|57/100\n|-prepare|p2b: Slowking|Chilly Reception|[premajor]\n|cant|p2b: Slowking|flinch\n|move|p2a: Chandelure|Trick Room|p2a: Chandelure\n|-fieldstart|move: Trick Room|[of] p2a: Chandelure\n|\n|-weather|Sandstorm|[upkeep]\n|-damage|p2b: Slowking|51/100|[from] Sandstorm\n|-damage|p2a: Chandelure|23/100|[from] Sandstorm\n|-damage|p1b: Whimsicott|95/100|[from] Sandstorm\n|upkeep\n|turn|2\n|\n|t:|1776462692\n|-prepare|p2b: Slowking|Chilly Reception|[premajor]\n|move|p2b: Slowking|Chilly Reception|p2b: Slowking\n|-weather|Snowscape\n|\n|t:|1776462696\n|switch|p2b: Incineroar|Incineroar, L50, F|100/100|[from] Chilly Reception\n|-ability|p2b: Incineroar|Intimidate|boost\n|-unboost|p1a: Tyranitar|atk|1\n|-unboost|p1b: Whimsicott|atk|1\n|move|p1a: Tyranitar|Rock Slide|p2b: Incineroar|[spread] p2a,p2b\n|-supereffective|p2a: Chandelure|1\n|-supereffective|p2b: Incineroar|1\n|-damage|p2a: Chandelure|0 fnt\n|-damage|p2b: Incineroar|70/100\n|faint|p2a: Chandelure\n|move|p1b: Whimsicott|Moonblast|p2b: Incineroar\n|-damage|p2b: Incineroar|34/100\n|-enditem|p2b: Incineroar|Sitrus Berry|[eat]\n|-heal|p2b: Incineroar|58/100|[from] item: Sitrus Berry\n|\n|-weather|Snowscape|[upkeep]\n|upkeep\n|\n|t:|1776462699\n|switch|p2a: Crabominable|Crabominable, L50, F|100/100\n|turn|3\n|\n|t:|1776462715\n|detailschange|p2a: Crabominable|Crabominable-Mega, L50, F\n|-mega|p2a: Crabominable|Crabominable|Crabominite\n|move|p2b: Incineroar|Fake Out|p1a: Tyranitar\n|-resisted|p1a: Tyranitar|1\n|-damage|p1a: Tyranitar|95/100\n|move|p1b: Whimsicott|Sunny Day|p1b: Whimsicott\n|-weather|SunnyDay\n|move|p2a: Crabominable|Ice Hammer|p1b: Whimsicott\n|-supereffective|p1b: Whimsicott|1\n|-damage|p1b: Whimsicott|0 fnt\n|-unboost|p2a: Crabominable|spe|1\n|faint|p1b: Whimsicott\n|cant|p1a: Tyranitar|flinch\n|\n|-weather|SunnyDay|[upkeep]\n|upkeep\n|\n|t:|1776462719\n|switch|p1b: Rotom|Rotom-Wash, L50|100/100\n|turn|4\n|\n|t:|1776462733\n|move|p2a: Crabominable|Drain Punch|p1a: Tyranitar\n|-supereffective|p1a: Tyranitar|2\n|-damage|p1a: Tyranitar|0 fnt\n|faint|p1a: Tyranitar\n|move|p2b: Incineroar|Parting Shot|p1b: Rotom\n|-unboost|p1b: Rotom|atk|1\n|-unboost|p1b: Rotom|spa|1\n|\n|t:|1776462737\n|switch|p2b: Slowking|Slowking, L50, M|85/100|[from] Parting Shot\n|move|p1b: Rotom|Will-O-Wisp|p2a: Crabominable\n|-status|p2a: Crabominable|brn\n|\n|-weather|SunnyDay|[upkeep]\n|-damage|p2a: Crabominable|95/100 brn|[from] brn\n|upkeep\n|\n|t:|1776462744\n|switch|p1a: Golurk|Golurk, L50|100/100\n|turn|5\n|\n|t:|1776462752\n|move|p1a: Golurk|Protect|p1a: Golurk\n|-singleturn|p1a: Golurk|Protect\n|move|p2a: Crabominable|Ice Hammer|p1a: Golurk\n|-activate|p1a: Golurk|move: Protect\n|-prepare|p2b: Slowking|Chilly Reception|[premajor]\n|move|p2b: Slowking|Chilly Reception|p2b: Slowking\n|-weather|Snowscape\n|\n|t:|1776462756\n|switch|p2b: Incineroar|Incineroar, L50, F|58/100|[from] Chilly Reception\n|-ability|p2b: Incineroar|Intimidate|boost\n|-unboost|p1a: Golurk|atk|1\n|-unboost|p1b: Rotom|atk|1\n|move|p1b: Rotom|Electroweb|p2b: Incineroar|[spread] p2a,p2b\n|-damage|p2a: Crabominable|85/100 brn\n|-damage|p2b: Incineroar|48/100\n|-unboost|p2a: Crabominable|spe|1\n|-unboost|p2b: Incineroar|spe|1\n|\n|-weather|Snowscape|[upkeep]\n|-damage|p2a: Crabominable|79/100 brn|[from] brn\n|-fieldend|move: Trick Room\n|upkeep\n|turn|6\n|\n|t:|1776462771\n|detailschange|p1a: Golurk|Golurk-Mega, L50\n|-mega|p1a: Golurk|Golurk|Golurkite\n|move|p1b: Rotom|Hydro Pump|p2b: Incineroar\n|-supereffective|p2b: Incineroar|1\n|-damage|p2b: Incineroar|0 fnt\n|faint|p2b: Incineroar\n|move|p1a: Golurk|Headlong Rush|p2a: Crabominable\n|-damage|p2a: Crabominable|51/100 brn\n|-unboost|p1a: Golurk|def|1\n|-unboost|p1a: Golurk|spd|1\n|move|p2a: Crabominable|Ice Hammer|p1a: Golurk\n|-supereffective|p1a: Golurk|1\n|-damage|p1a: Golurk|0 fnt\n|-unboost|p2a: Crabominable|spe|1\n|faint|p1a: Golurk\n|\n|-weather|Snowscape|[upkeep]\n|-damage|p2a: Crabominable|45/100 brn|[from] brn\n|upkeep\n|\n|t:|1776462775\n|switch|p2b: Slowking|Slowking, L50, M|100/100\n|turn|7\n|\n|t:|1776462783\n|move|p1b: Rotom|Electroweb|p2a: Crabominable|[spread] p2a,p2b\n|-supereffective|p2b: Slowking|1\n|-damage|p2a: Crabominable|36/100 brn\n|-damage|p2b: Slowking|88/100\n|-unboost|p2a: Crabominable|spe|1\n|-unboost|p2b: Slowking|spe|1\n|move|p2a: Crabominable|Drain Punch|p1b: Rotom\n|-damage|p1b: Rotom|74/100\n|-heal|p2a: Crabominable|47/100 brn|[from] drain|[of] p1b: Rotom\n|move|p2b: Slowking|Trick Room|p2b: Slowking\n|-fieldstart|move: Trick Room|[of] p2b: Slowking\n|\n|-weather|Snowscape|[upkeep]\n|-heal|p1b: Rotom|80/100|[from] item: Leftovers\n|-damage|p2a: Crabominable|41/100 brn|[from] brn\n|upkeep\n|turn|8\n|\n|t:|1776462792\n|move|p2a: Crabominable|Drain Punch|p1b: Rotom\n|-damage|p1b: Rotom|56/100\n|-heal|p2a: Crabominable|50/100 brn|[from] drain|[of] p1b: Rotom\n|move|p2b: Slowking|Scald|p1b: Rotom\n|-resisted|p1b: Rotom|1\n|-damage|p1b: Rotom|42/100\n|move|p1b: Rotom|Will-O-Wisp|p2b: Slowking\n|-status|p2b: Slowking|brn\n|\n|-weather|Snowscape|[upkeep]\n|-heal|p1b: Rotom|48/100|[from] item: Leftovers\n|-damage|p2a: Crabominable|44/100 brn|[from] brn\n|-damage|p2b: Slowking|82/100 brn|[from] brn\n|upkeep\n|turn|9\n|\n|t:|1776462799\n|move|p1b: Rotom|Protect|p1b: Rotom\n|-singleturn|p1b: Rotom|Protect\n|move|p2a: Crabominable|Drain Punch|p1b: Rotom\n|-activate|p1b: Rotom|move: Protect\n|move|p2b: Slowking|Scald|p1b: Rotom\n|-activate|p1b: Rotom|move: Protect\n|\n|-weather|none\n|-heal|p1b: Rotom|53/100|[from] item: Leftovers\n|-damage|p2a: Crabominable|38/100 brn|[from] brn\n|-damage|p2b: Slowking|76/100 brn|[from] brn\n|upkeep\n|turn|10\n|\n|t:|1776462807\n|move|p2a: Crabominable|Drain Punch|p1b: Rotom\n|-damage|p1b: Rotom|27/100\n|-heal|p2a: Crabominable|49/100 brn|[from] drain|[of] p1b: Rotom\n|move|p2b: Slowking|Scald|p1b: Rotom\n|-resisted|p1b: Rotom|1\n|-damage|p1b: Rotom|14/100\n|-status|p1b: Rotom|brn\n|move|p1b: Rotom|Electroweb|p2a: Crabominable|[spread] p2a,p2b\n|-supereffective|p2b: Slowking|1\n|-damage|p2a: Crabominable|41/100 brn\n|-damage|p2b: Slowking|64/100 brn\n|-unboost|p2a: Crabominable|spe|1\n|-unboost|p2b: Slowking|spe|1\n|\n|-heal|p1b: Rotom|20/100 brn|[from] item: Leftovers\n|-damage|p2a: Crabominable|35/100 brn|[from] brn\n|-damage|p2b: Slowking|58/100 brn|[from] brn\n|-damage|p1b: Rotom|14/100 brn|[from] brn\n|upkeep\n|turn|11\n|c|\u2606BigPurplePops|Gg\n|c|\u2606Shwammy2|gg\n|\n|t:|1776462820\n|move|p2a: Crabominable|Drain Punch|p1b: Rotom\n|-crit|p1b: Rotom\n|-damage|p1b: Rotom|0 fnt\n|-heal|p2a: Crabominable|40/100 brn|[from] drain|[of] p1b: Rotom\n|faint|p1b: Rotom\n|\n|win|BigPurplePops\n|raw|Shwammy2's rating: 1160 &rarr; <strong>1134</strong><br />(-26 for losing)\n|raw|BigPurplePops's rating: 1140 &rarr; <strong>1166</strong><br />(+26 for winning)\n|l|\u2606Shwammy2\n|player|p1|\n",
  "uploadtime": 1776462827,
  "views": 24,
  "formatid": "gen9championsvgc2026regma",
  "rating": 1134,
  "private": 0,
  "password": null
}