{
  "id": "gen9championsvgc2026regma-2586914743",
  "format": "[Gen 9 Champions] VGC 2026 Reg M-A",
  "players": [
    "mrguy888",
    "eli__monkey"
  ],
  "log": "|j|\u2606mrguy888\n|j|\u2606eli__monkey\n|t:|1776471355\n|gametype|doubles\n|player|p1|mrguy888|noland-gen3|1245\n|player|p2|eli__monkey|unknown|1153\n|gen|9\n|tier|[Gen 9 Champions] VGC 2026 Reg M-A\n|rated|\n|rule|Species Clause: Limit one of each Pok\u00e9mon\n|rule|Item Clause: Limit 1 of each item\n|clearpoke\n|poke|p1|Floette-Eternal, L50, F|\n|poke|p1|Aerodactyl, L50, M|\n|poke|p1|Tauros-Paldea-Aqua, L50, M|\n|poke|p1|Kangaskhan, L50, F|\n|poke|p1|Rotom-Heat, L50|\n|poke|p1|Aegislash, L50, F|\n|poke|p2|Dragonite, L50, M|\n|poke|p2|Pelipper, L50, M|\n|poke|p2|Basculegion, L50, M|\n|poke|p2|Archaludon, L50, F|\n|poke|p2|Sinistcha, L50|\n|poke|p2|Sneasler, L50, F|\n|teampreview|4\n|inactive|Battle timer is ON: inactive players will automatically lose when time's up. (requested by mrguy888)\n|inactive|eli__monkey has 60 seconds left.\n|\n|t:|1776471393\n|teamsize|p1|4\n|teamsize|p2|4\n|start\n|switch|p1a: Aerodactyl|Aerodactyl, L50, M|100/100\n|switch|p1b: Floette|Floette-Eternal, L50, F|100/100\n|switch|p2a: Pelipper|Pelipper, L50, M|100/100\n|switch|p2b: Dragonite|Dragonite, L50, M, shiny|100/100\n|-ability|p1a: Aerodactyl|Unnerve\n|-weather|RainDance|[from] ability: Drizzle|[of] p2a: Pelipper\n|turn|1\n|inactive|eli__monkey has 30 seconds left.\n|inactive|eli__monkey has 20 seconds left.\n|inactive|eli__monkey has 15 seconds left.\n|inactive|eli__monkey has 10 seconds left.\n|inactive|eli__monkey has 5 seconds left.\n|\n|t:|1776471448\n|detailschange|p1b: Floette|Floette-Mega, L50, F\n|-mega|p1b: Floette|Floette|Floettite\n|-ability|p1b: Floette|Fairy Aura\n|move|p1a: Aerodactyl|Tailwind|p1a: Aerodactyl\n|-sidestart|p1: mrguy888|move: Tailwind\n|move|p1b: Floette|Calm Mind|p1b: Floette\n|-boost|p1b: Floette|spa|1\n|-boost|p1b: Floette|spd|1\n|move|p2a: Pelipper|Muddy Water|p1a: Aerodactyl|[spread] p1a,p1b\n|-supereffective|p1a: Aerodactyl|1\n|-enditem|p1a: Aerodactyl|Focus Sash\n|-damage|p1a: Aerodactyl|1/100\n|-damage|p1b: Floette|81/100\n|move|p2b: Dragonite|Hurricane|p1b: Floette\n|-damage|p1b: Floette|54/100\n|\n|-weather|RainDance|[upkeep]\n|upkeep\n|turn|2\n|inactive|eli__monkey has 30 seconds left.\n|inactive|eli__monkey has 20 seconds left.\n|inactive|mrguy888 has 30 seconds left.\n|\n|t:|1776471498\n|switch|p2b: Sneasler|Sneasler, L50, F|100/100\n|move|p1a: Aerodactyl|Rock Slide|p2a: Pelipper|[spread] p2a,p2b\n|-supereffective|p2a: Pelipper|1\n|-resisted|p2b: Sneasler|1\n|-damage|p2a: Pelipper|38/100\n|-damage|p2b: Sneasler|81/100\n|move|p1b: Floette|Moonblast|p2a: Pelipper\n|-damage|p2a: Pelipper|0 fnt\n|faint|p2a: Pelipper\n|\n|-weather|RainDance|[upkeep]\n|upkeep\n|\n|t:|1776471512\n|switch|p2a: Basculegion|Basculegion, L50, M|100/100\n|turn|3\n|\n|t:|1776471525\n|switch|p1a: Aegislash|Aegislash, L50, F|100/100\n|move|p1b: Floette|Protect|p1b: Floette\n|-singleturn|p1b: Floette|Protect\n|move|p2b: Sneasler|Fake Out|p1b: Floette\n|-activate|p1b: Floette|move: Protect\n|move|p2a: Basculegion|Last Respects|p1b: Floette\n|-activate|p1b: Floette|move: Protect\n|\n|-weather|RainDance|[upkeep]\n|upkeep\n|turn|4\n|inactive|mrguy888 has 30 seconds left.\n|inactive|eli__monkey has 30 seconds left.\n|\n|t:|1776471558\n|move|p1b: Floette|Dazzling Gleam|p2a: Basculegion|[spread] p2a,p2b\n|-damage|p2a: Basculegion|17/100\n|-damage|p2b: Sneasler|0 fnt\n|faint|p2b: Sneasler\n|move|p2a: Basculegion|Last Respects|p1b: Floette\n|-damage|p1b: Floette|0 fnt\n|faint|p1b: Floette\n|-formechange|p1a: Aegislash|Aegislash-Blade|\n|move|p1a: Aegislash|Poltergeist|p2a: Basculegion\n|-activate|p2a: Basculegion|move: Poltergeist|Choice Scarf\n|-supereffective|p2a: Basculegion|1\n|-damage|p2a: Basculegion|0 fnt\n|faint|p2a: Basculegion\n|\n|-weather|RainDance|[upkeep]\n|-sideend|p1: mrguy888|move: Tailwind\n|upkeep\n|\n|t:|1776471582\n|switch|p2b: Dragonite|Dragonite, L50, M, shiny|100/100\n|switch|p1b: Aerodactyl|Aerodactyl, L50, M|1/100\n|-ability|p1b: Aerodactyl|Unnerve\n|turn|5\n|inactive|eli__monkey has 30 seconds left.\n|\n|t:|1776471613\n|detailschange|p2b: Dragonite|Dragonite-Mega, L50, M, shiny\n|-mega|p2b: Dragonite|Dragonite|Dragoninite\n|move|p1b: Aerodactyl|Protect|p1b: Aerodactyl\n|-singleturn|p1b: Aerodactyl|Protect\n|-formechange|p1a: Aegislash|Aegislash|\n|move|p1a: Aegislash|King's Shield|p1a: Aegislash\n|-singleturn|p1a: Aegislash|Protect\n|move|p2b: Dragonite|Hurricane|p1b: Aerodactyl\n|-activate|p1b: Aerodactyl|move: Protect\n|\n|-weather|none\n|upkeep\n|turn|6\n|\n|t:|1776471625\n|move|p1b: Aerodactyl|Rock Slide|p2b: Dragonite\n|-supereffective|p2b: Dragonite|1\n|-damage|p2b: Dragonite|71/100\n|move|p2b: Dragonite|Dragon Pulse|p1b: Aerodactyl\n|-damage|p1b: Aerodactyl|0 fnt\n|faint|p1b: Aerodactyl\n|-formechange|p1a: Aegislash|Aegislash-Blade|\n|move|p1a: Aegislash|Poltergeist|p2b: Dragonite|[miss]\n|-miss|p1a: Aegislash|p2b: Dragonite\n|\n|upkeep\n|\n|t:|1776471634\n|switch|p1b: Rotom|Rotom-Heat, L50|100/100\n|turn|7\n|\n|t:|1776471641\n|move|p2b: Dragonite|Protect|p2b: Dragonite\n|-singleturn|p2b: Dragonite|Protect\n|-formechange|p1a: Aegislash|Aegislash|\n|move|p1a: Aegislash|King's Shield|p1a: Aegislash\n|-singleturn|p1a: Aegislash|Protect\n|move|p1b: Rotom|Volt Switch|p2b: Dragonite\n|-activate|p2b: Dragonite|move: Protect\n|\n|upkeep\n|turn|8\n|\n|t:|1776471645\n|move|p1b: Rotom|Volt Switch|p2b: Dragonite\n|-damage|p2b: Dragonite|50/100\n|move|p2b: Dragonite|Dragon Pulse|p1a: Aegislash\n|-resisted|p1a: Aegislash|1\n|-damage|p1a: Aegislash|80/100\n|-formechange|p1a: Aegislash|Aegislash-Blade|\n|move|p1a: Aegislash|Poltergeist|p2b: Dragonite\n|-activate|p2b: Dragonite|move: Poltergeist|Dragoninite\n|-damage|p2b: Dragonite|0 fnt\n|faint|p2b: Dragonite\n|\n|win|mrguy888\n|raw|mrguy888's rating: 1245 &rarr; <strong>1264</strong><br />(+19 for winning)\n|raw|eli__monkey's rating: 1153 &rarr; <strong>1134</strong><br />(-19 for losing)\n",
  "uploadtime": 1776471648,
  "views": 23,
  "formatid": "gen9championsvgc2026regma",
  "rating": 1134,
  "private": 0,
  "password": null
}