{
  "id": "gen9championsvgc2026regma-2585950491",
  "format": "[Gen 9 Champions] VGC 2026 Reg M-A",
  "players": [
    "Makilero",
    "marcopa"
  ],
  "log": "|j|\u2606Makilero\n|j|\u2606marcopa\n|t:|1776384364\n|gametype|doubles\n|player|p1|Makilero|biker-gen4|1000\n|player|p2|marcopa|swimmer-gen4|1000\n|gen|9\n|tier|[Gen 9 Champions] VGC 2026 Reg M-A\n|rated|\n|rule|Species Clause: Limit one of each Pok\u00e9mon\n|rule|Item Clause: Limit 1 of each item\n|clearpoke\n|poke|p1|Tyranitar, L50, F|\n|poke|p1|Excadrill, L50, F|\n|poke|p1|Incineroar, L50, M|\n|poke|p1|Sneasler, L50, F|\n|poke|p1|Rotom-Wash, L50|\n|poke|p1|Corviknight, L50, F|\n|poke|p2|Crabominable, L50, M|\n|poke|p2|Farigiraf, L50, F|\n|poke|p2|Sableye, L50, M|\n|poke|p2|Whimsicott, L50, F|\n|poke|p2|Ninetales-Alola, L50, F|\n|poke|p2|Starmie, L50|\n|teampreview|4\n|inactive|Battle timer is ON: inactive players will automatically lose when time's up. (requested by marcopa)\n|\n|t:|1776384380\n|teamsize|p1|4\n|teamsize|p2|4\n|start\n|switch|p1a: Excadrill|Excadrill, L50, F|100/100\n|switch|p1b: Rotom|Rotom-Wash, L50|100/100\n|switch|p2a: Farigiraf|Farigiraf, L50, F|100/100\n|switch|p2b: Crabominable|Crabominable, L50, M|100/100\n|turn|1\n|\n|t:|1776384399\n|move|p2b: Crabominable|Protect|p2b: Crabominable\n|-singleturn|p2b: Crabominable|Protect\n|move|p1a: Excadrill|Iron Head|p2b: Crabominable\n|-activate|p2b: Crabominable|move: Protect\n|move|p1b: Rotom|Will-O-Wisp|p2a: Farigiraf|[miss]\n|-miss|p1b: Rotom|p2a: Farigiraf\n|move|p2a: Farigiraf|Trick Room|p2a: Farigiraf\n|-fieldstart|move: Trick Room|[of] p2a: Farigiraf\n|\n|upkeep\n|turn|2\n|\n|t:|1776384418\n|switch|p1a: Incineroar|Incineroar, L50, M|100/100\n|-ability|p1a: Incineroar|Intimidate|boost\n|-unboost|p2a: Farigiraf|atk|1\n|-unboost|p2b: Crabominable|atk|1\n|detailschange|p2b: Crabominable|Crabominable-Mega, L50, M\n|-mega|p2b: Crabominable|Crabominable|Crabominite\n|move|p2a: Farigiraf|Ally Switch|p2a: Farigiraf\n|swap|p2a: Farigiraf|1|[from] move: Ally Switch\n|move|p2a: Crabominable|Mach Punch|p1a: Incineroar\n|-supereffective|p1a: Incineroar|1\n|-crit|p1a: Incineroar\n|-damage|p1a: Incineroar|20/100\n|move|p1b: Rotom|Will-O-Wisp|p2b: Farigiraf\n|-status|p2b: Farigiraf|brn\n|\n|-damage|p2b: Farigiraf|94/100 brn|[from] brn\n|upkeep\n|turn|3\n|\n|t:|1776384442\n|switch|p2a: Sableye|Sableye, L50, M|100/100\n|move|p1a: Incineroar|Fake Out||[still]\n|cant|p2b: Farigiraf|ability: Armor Tail|Fake Out|[of] p1a: Incineroar\n|move|p2b: Farigiraf|Hyper Voice|p1b: Rotom|[spread] p1a,p1b\n|-damage|p1a: Incineroar|0 fnt\n|-damage|p1b: Rotom|72/100\n|faint|p1a: Incineroar\n|move|p1b: Rotom|Hydro Pump|p2b: Farigiraf|[miss]\n|-miss|p1b: Rotom|p2b: Farigiraf\n|\n|-damage|p2b: Farigiraf|88/100 brn|[from] brn\n|upkeep\n|\n|t:|1776384453\n|switch|p1a: Corviknight|Corviknight, L50, F|100/100\n|turn|4\n|\n|t:|1776384467\n|switch|p2b: Crabominable|Crabominable-Mega, L50, M|100/100\n|move|p2a: Sableye|Will-O-Wisp|p1a: Corviknight\n|-status|p1a: Corviknight|brn\n|move|p1a: Corviknight|Iron Defense|p1a: Corviknight\n|-boost|p1a: Corviknight|def|2\n|move|p1b: Rotom|Thunderbolt|p2a: Sableye\n|-damage|p2a: Sableye|43/100\n|\n|-damage|p1a: Corviknight|95/100 brn|[from] brn\n|upkeep\n|turn|5\n|\n|t:|1776384488\n|move|p2a: Sableye|Disable|p1a: Corviknight\n|-start|p1a: Corviknight|Disable|Iron Defense\n|move|p2b: Crabominable|Thunder Punch|p1a: Corviknight\n|-supereffective|p1a: Corviknight|1\n|-damage|p1a: Corviknight|60/100 brn\n|cant|p1a: Corviknight|Disable|Iron Defense\n|move|p1b: Rotom|Thunderbolt|p2a: Sableye\n|-damage|p2a: Sableye|0 fnt\n|faint|p2a: Sableye\n|\n|-heal|p1a: Corviknight|66/100 brn|[from] item: Leftovers\n|-damage|p1a: Corviknight|60/100 brn|[from] brn\n|-fieldend|move: Trick Room\n|upkeep\n|\n|t:|1776384495\n|switch|p2a: Farigiraf|Farigiraf, L50, F|88/100 brn\n|turn|6\n|inactive|Makilero has 30 seconds left.\n|\n|t:|1776384525\n|move|p2a: Farigiraf|Ally Switch|p2a: Farigiraf\n|swap|p2a: Farigiraf|1|[from] move: Ally Switch\n|move|p1b: Rotom|Thunderbolt|p2b: Farigiraf\n|-damage|p2b: Farigiraf|57/100 brn\n|move|p1a: Corviknight|Body Press|p2b: Farigiraf\n|-damage|p2b: Farigiraf|40/100 brn\n|-enditem|p2b: Farigiraf|Sitrus Berry|[eat]\n|-heal|p2b: Farigiraf|65/100 brn|[from] item: Sitrus Berry\n|move|p2a: Crabominable|Thunder Punch|p1a: Corviknight\n|-supereffective|p1a: Corviknight|1\n|-damage|p1a: Corviknight|27/100 brn\n|\n|-heal|p1a: Corviknight|33/100 brn|[from] item: Leftovers\n|-damage|p1a: Corviknight|27/100 brn|[from] brn\n|-damage|p2b: Farigiraf|59/100 brn|[from] brn\n|upkeep\n|turn|7\n|\n|t:|1776384544\n|move|p1b: Rotom|Thunderbolt|p2a: Crabominable\n|-damage|p2a: Crabominable|64/100\n|move|p1a: Corviknight|Brave Bird|p2b: Farigiraf\n|-damage|p2b: Farigiraf|39/100 brn\n|-damage|p1a: Corviknight|21/100 brn|[from] Recoil\n|move|p2a: Crabominable|Thunder Punch|p1a: Corviknight\n|-supereffective|p1a: Corviknight|1\n|-damage|p1a: Corviknight|0 fnt\n|faint|p1a: Corviknight\n|move|p2b: Farigiraf|Trick Room|p2b: Farigiraf\n|-fieldstart|move: Trick Room|[of] p2b: Farigiraf\n|\n|-damage|p2b: Farigiraf|33/100 brn|[from] brn\n|upkeep\n|\n|t:|1776384553\n|switch|p1a: Excadrill|Excadrill, L50, F|100/100\n|turn|8\n|\n|t:|1776384567\n|move|p2a: Crabominable|Mach Punch|p1a: Excadrill\n|-supereffective|p1a: Excadrill|1\n|-damage|p1a: Excadrill|7/100\n|move|p2b: Farigiraf|Hyper Voice|p1a: Excadrill|[spread] p1a,p1b\n|-resisted|p1a: Excadrill|1\n|-crit|p1a: Excadrill\n|-crit|p1b: Rotom\n|-damage|p1a: Excadrill|0 fnt\n|-damage|p1b: Rotom|30/100\n|-enditem|p1b: Rotom|Sitrus Berry|[eat]\n|-heal|p1b: Rotom|55/100|[from] item: Sitrus Berry\n|faint|p1a: Excadrill\n|move|p1b: Rotom|Hydro Pump|p2a: Crabominable|[miss]\n|-miss|p1b: Rotom|p2a: Crabominable\n|\n|-damage|p2b: Farigiraf|27/100 brn|[from] brn\n|upkeep\n|turn|9\n|-message|Makilero forfeited.\n|\n|win|marcopa\n|raw|Makilero's rating: 1000 &rarr; <strong>1000</strong><br />(+0 for losing)\n|raw|marcopa's rating: 1000 &rarr; <strong>1040</strong><br />(+40 for winning)\n|l|\u2606Makilero\n|player|p1|\n",
  "uploadtime": 1776384712,
  "views": 21,
  "formatid": "gen9championsvgc2026regma",
  "rating": 1000,
  "private": 0,
  "password": null
}