{
  "id": "gen9championsvgc2026regma-2583231173",
  "format": "[Gen 9 Champions] VGC 2026 Reg M-A",
  "players": [
    "PowerDickJones",
    "Dragonyte_99"
  ],
  "log": "|j|\u2606PowerDickJones\n|j|\u2606Dragonyte_99\n|t:|1776157420\n|gametype|doubles\n|player|p1|PowerDickJones|burglar|1071\n|player|p2|Dragonyte_99|266|1063\n|gen|9\n|tier|[Gen 9 Champions] VGC 2026 Reg M-A\n|rated|\n|rule|Species Clause: Limit one of each Pok\u00e9mon\n|rule|Item Clause: Limit 1 of each item\n|clearpoke\n|poke|p1|Meowstic, L50, M|\n|poke|p1|Alakazam, L50, F|\n|poke|p1|Hawlucha, L50, F|\n|poke|p1|Maushold, L50|\n|poke|p1|Armarouge, L50, M|\n|poke|p1|Dragapult, L50, M|\n|poke|p2|Kingambit, L50, M|\n|poke|p2|Dragapult, L50, M|\n|poke|p2|Charizard, L50, M|\n|poke|p2|Maushold-Four, L50|\n|poke|p2|Sneasler, L50, F|\n|poke|p2|Garchomp, L50, M|\n|teampreview|4\nPowerDickJones has agreed to open team sheets.\n|c|\u2606PowerDickJones|glhf\n|\n|t:|1776157470\n|teamsize|p1|4\n|teamsize|p2|4\n|start\n|switch|p1a: Meowstic|Meowstic, L50, M, shiny|100/100\n|switch|p1b: Armarouge|Armarouge, L50, M, shiny|100/100\n|switch|p2a: Garchomp|Garchomp, L50, M|100/100\n|switch|p2b: Sneasler|Sneasler, L50, F|100/100\n|turn|1\n|\n|t:|1776157498\n|move|p1a: Meowstic|Fake Out|p2a: Garchomp\n|-damage|p2a: Garchomp|95/100\n|-damage|p1a: Meowstic|88/100|[from] ability: Rough Skin|[of] p2a: Garchomp\n|move|p2b: Sneasler|Feint|p1b: Armarouge\n|-damage|p1b: Armarouge|89/100\n|cant|p2a: Garchomp|flinch\n|move|p1b: Armarouge|Expanding Force|p2a: Garchomp\n|-damage|p2a: Garchomp|49/100\n|\n|upkeep\n|turn|2\n|\n|t:|1776157515\n|move|p1a: Meowstic|Psychic Terrain|p1a: Meowstic\n|-fieldstart|move: Psychic Terrain\n|move|p2a: Garchomp|Rock Slide|p1a: Meowstic|[spread] p1a,p1b\n|-supereffective|p1b: Armarouge|1\n|-damage|p1a: Meowstic|72/100\n|-damage|p1b: Armarouge|40/100\n|move|p1b: Armarouge|Expanding Force|p2b: Sneasler|[spread] p2a,p2b\n|-supereffective|p2b: Sneasler|2\n|-damage|p2a: Garchomp|0 fnt\n|-enditem|p2b: Sneasler|Focus Sash\n|-damage|p2b: Sneasler|1/100\n|faint|p2a: Garchomp\n|move|p2b: Sneasler|Dire Claw|p1a: Meowstic\n|-damage|p1a: Meowstic|37/100\n|\n|upkeep\n|\n|t:|1776157537\n|switch|p2a: Maushold|Maushold-Four, L50|100/100\n|turn|3\n|\n|t:|1776157548\n|move|p1a: Meowstic|Helping Hand|p1b: Armarouge\n|-singleturn|p1b: Armarouge|Helping Hand|[of] p1a: Meowstic\n|move|p2a: Maushold|Protect|p2a: Maushold\n|-singleturn|p2a: Maushold|Protect\n|move|p2b: Sneasler|Dire Claw|p1a: Meowstic\n|-damage|p1a: Meowstic|0 fnt\n|faint|p1a: Meowstic\n|move|p1b: Armarouge|Expanding Force|p2a: Maushold|[spread] p2b\n|-activate|p2a: Maushold|move: Protect\n|-supereffective|p2b: Sneasler|2\n|-damage|p2b: Sneasler|0 fnt\n|faint|p2b: Sneasler\n|\n|upkeep\n|\n|t:|1776157558\n|switch|p2b: Charizard|Charizard, L50, M|100/100\n|switch|p1a: Alakazam|Alakazam, L50, F, shiny|100/100\n|turn|4\n|\n|t:|1776157567\n|detailschange|p1a: Alakazam|Alakazam-Mega, L50, F, shiny\n|-mega|p1a: Alakazam|Alakazam|Alakazite\n|-ability|p1a: Alakazam|Blaze|Trace|[from] ability: Trace|[of] p2b: Charizard\n|detailschange|p2b: Charizard|Charizard-Mega-Y, L50, M\n|-mega|p2b: Charizard|Charizard|Charizardite Y\n|-weather|SunnyDay|[from] ability: Drought|[of] p2b: Charizard\n|move|p2a: Maushold|Follow Me|p2a: Maushold\n|-singleturn|p2a: Maushold|move: Follow Me\n|move|p1a: Alakazam|Expanding Force|p2b: Charizard|[spread] p2a,p2b\n|-damage|p2a: Maushold|9/100\n|-damage|p2b: Charizard|52/100\n|move|p1b: Armarouge|Expanding Force|p2b: Charizard|[spread] p2a,p2b\n|-damage|p2a: Maushold|0 fnt\n|-damage|p2b: Charizard|15/100\n|faint|p2a: Maushold\n|move|p2b: Charizard|Heat Wave|p1b: Armarouge|[spread] p1a\n|-start|p1b: Armarouge|ability: Flash Fire\n|-damage|p1a: Alakazam|21/100\n|\n|-weather|SunnyDay|[upkeep]\n|upkeep\n|turn|5\n|c|\u2606PowerDickJones|ggg\n|-message|Dragonyte_99 forfeited.\n|\n|win|PowerDickJones\n|raw|PowerDickJones's rating: 1071 &rarr; <strong>1100</strong><br />(+29 for winning)\n|raw|Dragonyte_99's rating: 1063 &rarr; <strong>1044</strong><br />(-19 for losing)\n|l|\u2606Dragonyte_99\n|player|p2|\n",
  "uploadtime": 1776157607,
  "views": 13,
  "formatid": "gen9championsvgc2026regma",
  "rating": 1044,
  "private": 0,
  "password": null
}