{
  "id": "gen9championsvgc2026regma-2588491361",
  "format": "[Gen 9 Champions] VGC 2026 Reg M-A",
  "players": [
    "lpelpe",
    "Metroshock"
  ],
  "log": "|j|\u2606lpelpe\n|j|\u2606Metroshock\n|t:|1776638335\n|gametype|doubles\n|player|p1|lpelpe|170|1474\n|player|p2|Metroshock|miku-fire|1531\n|gen|9\n|tier|[Gen 9 Champions] VGC 2026 Reg M-A\n|rated|\n|rule|Species Clause: Limit one of each Pok\u00e9mon\n|rule|Item Clause: Limit 1 of each item\n|clearpoke\n|poke|p1|Kangaskhan, L50, F|\n|poke|p1|Farigiraf, L50, M|\n|poke|p1|Meganium, L50, M|\n|poke|p1|Kingambit, L50, M|\n|poke|p1|Camerupt, L50, F|\n|poke|p1|Hatterene, L50, F|\n|poke|p2|Crabominable, L50, F|\n|poke|p2|Basculegion, L50, M|\n|poke|p2|Sinistcha, L50|\n|poke|p2|Archaludon, L50, M|\n|poke|p2|Pelipper, L50, M|\n|poke|p2|Incineroar, L50, F|\n|teampreview|4\n|inactive|Battle timer is ON: inactive players will automatically lose when time's up. (requested by Metroshock)\n|inactive|Metroshock has 60 seconds left.\n|\n|t:|1776638365\n|teamsize|p1|4\n|teamsize|p2|4\n|start\n|switch|p1a: Kangaskhan|Kangaskhan, L50, F|100/100\n|switch|p1b: Farigiraf|Farigiraf, L50, M|100/100\n|switch|p2a: BIG ROG|Crabominable, L50, F|100/100\n|switch|p2b: Tee time|Sinistcha, L50|100/100\n|turn|1\n|\n|t:|1776638386\n|move|p2a: BIG ROG|Protect|p2a: BIG ROG\n|-singleturn|p2a: BIG ROG|Protect\n|move|p1a: Kangaskhan|Fake Out|p2b: Tee time\n|-damage|p2b: Tee time|83/100\n|move|p1b: Farigiraf|Psychic|p2a: BIG ROG\n|-activate|p2a: BIG ROG|move: Protect\n|cant|p2b: Tee time|flinch\n|\n|upkeep\n|turn|2\n|\n|t:|1776638398\n|detailschange|p2a: BIG ROG|Crabominable-Mega, L50, F\n|-mega|p2a: BIG ROG|Crabominable|Crabominite\n|move|p1a: Kangaskhan|Double-Edge|p2a: BIG ROG\n|-damage|p2a: BIG ROG|52/100\n|-damage|p1a: Kangaskhan|85/100|[from] Recoil\n|move|p1b: Farigiraf|Psychic|p2a: BIG ROG\n|-supereffective|p2a: BIG ROG|1\n|-damage|p2a: BIG ROG|0 fnt\n|faint|p2a: BIG ROG\n|move|p2b: Tee time|Trick Room|p2b: Tee time\n|-fieldstart|move: Trick Room|[of] p2b: Tee time\n|\n|upkeep\n|\n|t:|1776638407\n|switch|p2a: Super Fly|Archaludon, L50, M|100/100\n|turn|3\n|\n|t:|1776638414\n|switch|p2b: The fish eater|Pelipper, L50, M|100/100\n|-weather|RainDance|[from] ability: Drizzle|[of] p2b: The fish eater\n|move|p1b: Farigiraf|Psychic|p2b: The fish eater\n|-damage|p2b: The fish eater|21/100\n|move|p1a: Kangaskhan|Low Kick|p2a: Super Fly\n|-supereffective|p2a: Super Fly|1\n|-damage|p2a: Super Fly|64/100\n|-ability|p2a: Super Fly|Stamina|boost\n|-boost|p2a: Super Fly|def|1\n|move|p2a: Super Fly|Electro Shot||[still]\n|-prepare|p2a: Super Fly|Electro Shot\n|-boost|p2a: Super Fly|spa|1\n|-anim|p2a: Super Fly|Electro Shot|p1a: Kangaskhan\n|-damage|p1a: Kangaskhan|21/100\n|\n|-weather|RainDance|[upkeep]\n|-heal|p2a: Super Fly|70/100|[from] item: Leftovers\n|upkeep\n|turn|4\n|\n|t:|1776638437\n|move|p1b: Farigiraf|Psychic|p2a: Super Fly\n|-resisted|p2a: Super Fly|1\n|-damage|p2a: Super Fly|51/100\n|-ability|p2a: Super Fly|Stamina|boost\n|-boost|p2a: Super Fly|def|1\n|move|p1a: Kangaskhan|Last Resort|p2b: The fish eater\n|-crit|p2b: The fish eater\n|-damage|p2b: The fish eater|0 fnt\n|faint|p2b: The fish eater\n|move|p2a: Super Fly|Electro Shot||[still]\n|-prepare|p2a: Super Fly|Electro Shot\n|-boost|p2a: Super Fly|spa|1\n|-anim|p2a: Super Fly|Electro Shot|p1b: Farigiraf\n|-damage|p1b: Farigiraf|6/100\n|-enditem|p1b: Farigiraf|Sitrus Berry|[eat]\n|-heal|p1b: Farigiraf|31/100|[from] item: Sitrus Berry\n|\n|-weather|RainDance|[upkeep]\n|-heal|p2a: Super Fly|57/100|[from] item: Leftovers\n|upkeep\n|\n|t:|1776638444\n|switch|p2b: Tee time|Sinistcha, L50|83/100\n|-heal|p2a: Super Fly|82/100|[from] ability: Hospitality|[of] p2b: Tee time\n|turn|5\n|\n|t:|1776638455\n|move|p2a: Super Fly|Protect|p2a: Super Fly\n|-singleturn|p2a: Super Fly|Protect\n|move|p1b: Farigiraf|Psychic|p2b: Tee time\n|-damage|p2b: Tee time|44/100\n|move|p2b: Tee time|Matcha Gotcha|p1b: Farigiraf|[spread] p1a,p1b\n|-damage|p1a: Kangaskhan|0 fnt\n|-heal|p2b: Tee time|56/100|[from] drain|[of] p1a: Kangaskhan\n|-damage|p1b: Farigiraf|3/100\n|-heal|p2b: Tee time|73/100|[from] drain|[of] p1b: Farigiraf\n|faint|p1a: Kangaskhan\n|\n|-weather|RainDance|[upkeep]\n|-heal|p2a: Super Fly|89/100|[from] item: Leftovers\n|upkeep\n|\n|t:|1776638467\n|switch|p1a: Hatterene|Hatterene, L50, F|100/100\n|turn|6\n|\n|t:|1776638476\n|move|p1a: Hatterene|Psyshock|p2b: Tee time\n|-damage|p2b: Tee time|37/100\n|move|p1b: Farigiraf|Psychic|p2b: Tee time\n|-damage|p2b: Tee time|0 fnt\n|faint|p2b: Tee time\n|move|p2a: Super Fly|Flash Cannon|p1a: Hatterene\n|-supereffective|p1a: Hatterene|1\n|-enditem|p1a: Hatterene|Focus Sash\n|-damage|p1a: Hatterene|1/100\n|\n|-weather|RainDance|[upkeep]\n|-heal|p2a: Super Fly|95/100|[from] item: Leftovers\n|-fieldend|move: Trick Room\n|upkeep\n|turn|7\n|\n|t:|1776638497\n|move|p1b: Farigiraf|Protect|p1b: Farigiraf\n|-singleturn|p1b: Farigiraf|Protect\n|move|p1a: Hatterene|Protect|p1a: Hatterene\n|-singleturn|p1a: Hatterene|Protect\n|move|p2a: Super Fly|Electro Shot||[still]\n|-prepare|p2a: Super Fly|Electro Shot\n|-boost|p2a: Super Fly|spa|1\n|-anim|p2a: Super Fly|Electro Shot|p1a: Hatterene\n|-activate|p1a: Hatterene|move: Protect\n|\n|-weather|none\n|-heal|p2a: Super Fly|100/100|[from] item: Leftovers\n|upkeep\n|turn|8\n|\n|t:|1776638516\n|move|p2a: Super Fly|Flash Cannon|p1a: Hatterene\n|-supereffective|p1a: Hatterene|1\n|-crit|p1a: Hatterene\n|-damage|p1a: Hatterene|0 fnt\n|faint|p1a: Hatterene\n|move|p1b: Farigiraf|Trick Room|p1b: Farigiraf\n|-fieldstart|move: Trick Room|[of] p1b: Farigiraf\n|\n|upkeep\n|\n|t:|1776638518\n|switch|p1a: Meganium|Meganium, L50, M|100/100\n|turn|9\n|\n|t:|1776638526\n|detailschange|p1a: Meganium|Meganium-Mega, L50, M\n|-mega|p1a: Meganium|Meganium|Meganiumite\n|move|p1a: Meganium|Protect|p1a: Meganium\n|-singleturn|p1a: Meganium|Protect\n|move|p1b: Farigiraf|Psychic|p2a: Super Fly\n|-resisted|p2a: Super Fly|1\n|-damage|p2a: Super Fly|80/100\n|-ability|p2a: Super Fly|Stamina|boost\n|-boost|p2a: Super Fly|def|1\n|move|p2a: Super Fly|Flash Cannon|p1a: Meganium\n|-activate|p1a: Meganium|move: Protect\n|\n|-heal|p2a: Super Fly|86/100|[from] item: Leftovers\n|upkeep\n|turn|10\n|\n|t:|1776638538\n|move|p2a: Super Fly|Protect|p2a: Super Fly\n|-singleturn|p2a: Super Fly|Protect\n|move|p1b: Farigiraf|Psychic|p2a: Super Fly\n|-activate|p2a: Super Fly|move: Protect\n|move|p1a: Meganium|Weather Ball|p2a: Super Fly\n|-activate|p2a: Super Fly|move: Protect\n|\n|-heal|p2a: Super Fly|92/100|[from] item: Leftovers\n|upkeep\n|turn|11\n|\n|t:|1776638546\n|move|p1b: Farigiraf|Psychic|p2a: Super Fly\n|-resisted|p2a: Super Fly|1\n|-damage|p2a: Super Fly|72/100\n|-ability|p2a: Super Fly|Stamina|boost\n|-boost|p2a: Super Fly|def|1\n|move|p1a: Meganium|Dazzling Gleam|p2a: Super Fly\n|-crit|p2a: Super Fly\n|-damage|p2a: Super Fly|5/100\n|-ability|p2a: Super Fly|Stamina|boost\n|-boost|p2a: Super Fly|def|1\n|move|p2a: Super Fly|Flash Cannon|p1a: Meganium\n|-supereffective|p1a: Meganium|1\n|-damage|p1a: Meganium|0 fnt\n|faint|p1a: Meganium\n|\n|-heal|p2a: Super Fly|11/100|[from] item: Leftovers\n|upkeep\n|turn|12\n|\n|t:|1776638552\n|move|p2a: Super Fly|Protect|p2a: Super Fly\n|-singleturn|p2a: Super Fly|Protect\n|move|p1b: Farigiraf|Psychic|p2a: Super Fly\n|-activate|p2a: Super Fly|move: Protect\n|\n|-heal|p2a: Super Fly|17/100|[from] item: Leftovers\n|-fieldend|move: Trick Room\n|upkeep\n|turn|13\n|-message|lpelpe forfeited.\n|\n|win|Metroshock\n|raw|lpelpe's rating: 1474 &rarr; <strong>1457</strong><br />(-17 for losing)\n|raw|Metroshock's rating: 1531 &rarr; <strong>1548</strong><br />(+17 for winning)\n|l|\u2606lpelpe\n|player|p1|\n|l|\u2606Metroshock\n|player|p2|\n",
  "uploadtime": 1776638579,
  "views": 16,
  "formatid": "gen9championsvgc2026regma",
  "rating": 1457,
  "private": 0,
  "password": null
}