{
  "id": "gen9championsvgc2026regma-2586702611",
  "format": "[Gen 9 Champions] VGC 2026 Reg M-A",
  "players": [
    "strami",
    "EninX"
  ],
  "log": "|j|\u2606strami\n|j|\u2606EninX\n|t:|1776453369\n|gametype|doubles\n|player|p1|strami|hoopster|1393\n|player|p2|EninX|1|1311\n|gen|9\n|tier|[Gen 9 Champions] VGC 2026 Reg M-A\n|rated|\n|rule|Species Clause: Limit one of each Pok\u00e9mon\n|rule|Item Clause: Limit 1 of each item\n|clearpoke\n|poke|p1|Golurk, L50|\n|poke|p1|Incineroar, L50, M|\n|poke|p1|Sneasler, L50, F|\n|poke|p1|Farigiraf, L50, F|\n|poke|p1|Venusaur, L50, F|\n|poke|p1|Torkoal, L50, F|\n|poke|p2|Kingambit, L50, F|\n|poke|p2|Dragapult, L50, M|\n|poke|p2|Charizard, L50, M|\n|poke|p2|Maushold-Four, L50|\n|poke|p2|Garchomp, L50, F|\n|poke|p2|Sneasler, L50, M|\n|teampreview|4\n|inactive|Battle timer is ON: inactive players will automatically lose when time's up. (requested by strami)\n|\n|t:|1776453397\n|teamsize|p1|4\n|teamsize|p2|4\n|start\n|switch|p1a: Torkoal|Torkoal, L50, F|100/100\n|switch|p1b: Farigiraf|Farigiraf, L50, F, shiny|100/100\n|switch|p2a: Kingambit|Kingambit, L50, F, shiny|100/100\n|switch|p2b: Maushold|Maushold-Four, L50|100/100\n|-weather|SunnyDay|[from] ability: Drought|[of] p1a: Torkoal\n|turn|1\n|inactive|EninX has 30 seconds left.\n|inactive|strami has 30 seconds left.\n|inactive|EninX has 20 seconds left.\n|inactive|strami has 20 seconds left.\n|inactive|EninX has 15 seconds left.\n|inactive|strami has 15 seconds left.\n|\n|t:|1776453442\n|switch|p1b: Incineroar|Incineroar, L50, M|100/100\n|-ability|p1b: Incineroar|Intimidate|boost\n|-unboost|p2a: Kingambit|atk|1\n|-ability|p2a: Kingambit|Defiant|boost\n|-boost|p2a: Kingambit|atk|2\n|-unboost|p2b: Maushold|atk|1\n|move|p2b: Maushold|Super Fang|p1b: Incineroar\n|-damage|p1b: Incineroar|50/100\n|-enditem|p1b: Incineroar|Sitrus Berry|[eat]\n|-heal|p1b: Incineroar|75/100|[from] item: Sitrus Berry\n|move|p2a: Kingambit|Kowtow Cleave|p1b: Incineroar\n|-resisted|p1b: Incineroar|1\n|-damage|p1b: Incineroar|43/100\n|move|p1a: Torkoal|Heat Wave|p2b: Maushold|[spread] p2a,p2b\n|-supereffective|p2a: Kingambit|1\n|-damage|p2a: Kingambit|17/100\n|-damage|p2b: Maushold|23/100\n|\n|-weather|SunnyDay|[upkeep]\n|upkeep\n|turn|2\n|\n|t:|1776453467\n|move|p2b: Maushold|Protect|p2b: Maushold\n|-singleturn|p2b: Maushold|Protect\n|move|p2a: Kingambit|Protect|p2a: Kingambit\n|-singleturn|p2a: Kingambit|Protect\n|move|p1b: Incineroar|Fake Out|p2a: Kingambit\n|-activate|p2a: Kingambit|move: Protect\n|move|p1a: Torkoal|Heat Wave|p2b: Maushold|[spread] \n|-activate|p2a: Kingambit|move: Protect\n|-activate|p2b: Maushold|move: Protect\n|\n|-weather|SunnyDay|[upkeep]\n|upkeep\n|turn|3\n|\n|t:|1776453483\n|switch|p2a: Garchomp|Garchomp, L50, F|100/100\n|move|p2b: Maushold|Encore|p1b: Incineroar\n|-start|p1b: Incineroar|Encore\n|move|p1b: Incineroar|Fake Out||[still]\n|-hint|Fake Out only works on your first turn out.\n|-fail|p1b: Incineroar\n|move|p1a: Torkoal|Weather Ball|p2b: Maushold\n|-damage|p2b: Maushold|0 fnt\n|faint|p2b: Maushold\n|\n|-weather|SunnyDay|[upkeep]\n|upkeep\n|\n|t:|1776453499\n|switch|p2b: Kingambit|Kingambit, L50, F, shiny|17/100\n|turn|4\n|\n|t:|1776453507\n|switch|p2b: Sneasler|Sneasler, L50, M|100/100\n|move|p1a: Torkoal|Protect|p1a: Torkoal\n|-singleturn|p1a: Torkoal|Protect\n|move|p2a: Garchomp|Rock Slide|p1b: Incineroar|[spread] p1b\n|-activate|p1a: Torkoal|move: Protect\n|-supereffective|p1b: Incineroar|1\n|-damage|p1b: Incineroar|7/100\n|-activate|p1b: Incineroar|move: Struggle\n|move|p1b: Incineroar|Struggle|p2b: Sneasler\n|-damage|p2b: Sneasler|78/100\n|-damage|p1b: Incineroar|0 fnt|[from] recoil\n|faint|p1b: Incineroar\n|\n|-weather|SunnyDay|[upkeep]\n|upkeep\n|\n|t:|1776453520\n|switch|p1b: Farigiraf|Farigiraf, L50, F, shiny|100/100\n|turn|5\n|\n|t:|1776453532\n|move|p2a: Garchomp|Rock Slide|p1b: Farigiraf|[spread] p1a,p1b\n|-supereffective|p1a: Torkoal|1\n|-damage|p1a: Torkoal|67/100\n|-damage|p1b: Farigiraf|81/100\n|move|p2b: Sneasler|Close Combat|p1a: Torkoal\n|-damage|p1a: Torkoal|16/100\n|-unboost|p2b: Sneasler|def|1\n|-unboost|p2b: Sneasler|spd|1\n|move|p1a: Torkoal|Heat Wave|p2b: Sneasler|[spread] p2b\n|-miss|p1a: Torkoal|p2a: Garchomp\n|-damage|p2b: Sneasler|0 fnt\n|faint|p2b: Sneasler\n|move|p1b: Farigiraf|Trick Room|p1b: Farigiraf\n|-fieldstart|move: Trick Room|[of] p1b: Farigiraf\n|\n|-weather|none\n|upkeep\n|\n|t:|1776453545\n|switch|p2b: Kingambit|Kingambit, L50, F, shiny|17/100\n|turn|6\n|\n|t:|1776453553\n|move|p2b: Kingambit|Sucker Punch||[still]\n|cant|p1b: Farigiraf|ability: Armor Tail|Sucker Punch|[of] p2b: Kingambit\n|move|p1a: Torkoal|Heat Wave|p2a: Garchomp|[spread] p2a,p2b\n|-resisted|p2a: Garchomp|1\n|-supereffective|p2b: Kingambit|1\n|-damage|p2a: Garchomp|81/100\n|-damage|p2b: Kingambit|0 fnt\n|faint|p2b: Kingambit\n|move|p1b: Farigiraf|Hyper Voice|p2a: Garchomp\n|-damage|p2a: Garchomp|31/100\n|move|p2a: Garchomp|Rock Slide|p1b: Farigiraf|[spread] p1a,p1b\n|-supereffective|p1a: Torkoal|1\n|-damage|p1a: Torkoal|0 fnt\n|-damage|p1b: Farigiraf|62/100\n|faint|p1a: Torkoal\n|\n|upkeep\n|\n|t:|1776453562\n|switch|p1a: Golurk|Golurk, L50, shiny|100/100\n|turn|7\n|-message|EninX forfeited.\n|\n|win|strami\n|raw|strami's rating: 1393 &rarr; <strong>1408</strong><br />(+15 for winning)\n|raw|EninX's rating: 1311 &rarr; <strong>1296</strong><br />(-15 for losing)\n|l|\u2606EninX\n|player|p2|\n",
  "uploadtime": 1776453673,
  "views": 57,
  "formatid": "gen9championsvgc2026regma",
  "rating": 1296,
  "private": 0,
  "password": null
}