{
  "id": "gen9championsvgc2026regma-2583981392",
  "format": "[Gen 9 Champions] VGC 2026 Reg M-A",
  "players": [
    "LudwigVonHohenheim",
    "Autin Mago"
  ],
  "log": "|j|\u2606LudwigVonHohenheim\n|j|\u2606Autin Mago\n|t:|1776213902\n|gametype|doubles\n|player|p1|LudwigVonHohenheim|grimsley|1255\n|player|p2|Autin Mago|flannery|1289\n|gen|9\n|tier|[Gen 9 Champions] VGC 2026 Reg M-A\n|rated|\n|rule|Species Clause: Limit one of each Pok\u00e9mon\n|rule|Item Clause: Limit 1 of each item\n|clearpoke\n|poke|p1|Vivillon, L50, F|\n|poke|p1|Incineroar, L50, M|\n|poke|p1|Garchomp, L50, F|\n|poke|p1|Lucario, L50, M|\n|poke|p1|Primarina, L50, M|\n|poke|p1|Farigiraf, L50, F|\n|poke|p2|Delphox, L50, M|\n|poke|p2|Whimsicott, L50, M|\n|poke|p2|Sneasler, L50, M|\n|poke|p2|Garchomp, L50, M|\n|poke|p2|Kingambit, L50, F|\n|poke|p2|Gyarados, L50, F|\n|teampreview|4\nAutin Mago has agreed to open team sheets.\n|c|\u2606Autin Mago|Glhf!\n|\n|t:|1776213945\n|teamsize|p1|4\n|teamsize|p2|4\n|start\n|switch|p1a: Vivillon|Vivillon, L50, F|100/100\n|switch|p1b: Garchomp|Garchomp, L50, F|100/100\n|switch|p2a: Delphox|Delphox, L50, M|100/100\n|switch|p2b: Kingambit|Kingambit, L50, F|100/100\n|turn|1\n|\n|t:|1776213973\n|switch|p2b: Gyarados|Gyarados, L50, F|100/100\n|-ability|p2b: Gyarados|Intimidate|boost\n|-unboost|p1a: Vivillon|atk|1\n|-unboost|p1b: Garchomp|atk|1\n|detailschange|p2a: Delphox|Delphox-Mega, L50, M\n|-mega|p2a: Delphox|Delphox|Delphoxite\n|move|p1b: Garchomp|Protect|p1b: Garchomp\n|-singleturn|p1b: Garchomp|Protect\n|move|p2a: Delphox|Heat Wave|p1a: Vivillon|[spread] p1a\n|-activate|p1b: Garchomp|move: Protect\n|-supereffective|p1a: Vivillon|1\n|-enditem|p1a: Vivillon|Focus Sash\n|-damage|p1a: Vivillon|1/100\n|move|p1a: Vivillon|Tailwind|p1a: Vivillon\n|-sidestart|p1: LudwigVonHohenheim|move: Tailwind\n|\n|upkeep\n|turn|2\n|\n|t:|1776214004\n|switch|p1b: Incineroar|Incineroar, L50, M|100/100\n|-ability|p1b: Incineroar|Intimidate|boost\n|-unboost|p2a: Delphox|atk|1\n|-unboost|p2b: Gyarados|atk|1\n|move|p2a: Delphox|Protect|p2a: Delphox\n|-singleturn|p2a: Delphox|Protect\n|move|p1a: Vivillon|Sleep Powder|p2a: Delphox\n|-activate|p2a: Delphox|move: Protect\n|move|p2b: Gyarados|Dragon Dance|p2b: Gyarados\n|-boost|p2b: Gyarados|atk|1\n|-boost|p2b: Gyarados|spe|1\n|\n|upkeep\n|turn|3\n|\n|t:|1776214050\n|switch|p2a: Kingambit|Kingambit, L50, F|100/100\n|move|p1a: Vivillon|Sleep Powder|p2b: Gyarados\n|-status|p2b: Gyarados|slp|[from] move: Sleep Powder\n|move|p1b: Incineroar|Darkest Lariat|p2a: Kingambit\n|-resisted|p2a: Kingambit|1\n|-damage|p2a: Kingambit|87/100\n|cant|p2b: Gyarados|slp\n|\n|upkeep\n|turn|4\n|\n|t:|1776214070\n|move|p2a: Kingambit|Protect|p2a: Kingambit\n|-singleturn|p2a: Kingambit|Protect\n|move|p1a: Vivillon|Sleep Powder|p2a: Kingambit\n|-activate|p2a: Kingambit|move: Protect\n|move|p1b: Incineroar|Darkest Lariat|p2b: Gyarados\n|-damage|p2b: Gyarados|67/100 slp\n|-curestatus|p2b: Gyarados|slp|[msg]\n|move|p2b: Gyarados|Waterfall|p1a: Vivillon\n|-damage|p1a: Vivillon|0 fnt\n|faint|p1a: Vivillon\n|\n|-sideend|p1: LudwigVonHohenheim|move: Tailwind\n|upkeep\n|\n|t:|1776214087\n|switch|p1a: Garchomp|Garchomp, L50, F|100/100\n|turn|5\n|\n|t:|1776214111\n|move|p2a: Kingambit|Sucker Punch|p1a: Garchomp\n|-damage|p1a: Garchomp|59/100\n|-damage|p2a: Kingambit|75/100|[from] ability: Rough Skin|[of] p1a: Garchomp\n|move|p2b: Gyarados|Dragon Dance|p2b: Gyarados\n|-boost|p2b: Gyarados|atk|1\n|-boost|p2b: Gyarados|spe|1\n|move|p1a: Garchomp|Rock Slide|p2a: Kingambit|[spread] p2a,p2b\n|-resisted|p2a: Kingambit|1\n|-supereffective|p2b: Gyarados|1\n|-damage|p2a: Kingambit|67/100\n|-damage|p2b: Gyarados|30/100\n|move|p1b: Incineroar|Flare Blitz|p2a: Kingambit\n|-supereffective|p2a: Kingambit|1\n|-damage|p2a: Kingambit|0 fnt\n|faint|p2a: Kingambit\n|-damage|p1b: Incineroar|78/100|[from] Recoil\n|\n|upkeep\n|\n|t:|1776214146\n|switch|p2a: Delphox|Delphox-Mega, L50, M|100/100\n|turn|6\n|\n|t:|1776214171\n|move|p2a: Delphox|Protect|p2a: Delphox\n|-singleturn|p2a: Delphox|Protect\n|move|p1a: Garchomp|Protect|p1a: Garchomp\n|-singleturn|p1a: Garchomp|Protect\n|move|p2b: Gyarados|Waterfall|p1b: Incineroar\n|-supereffective|p1b: Incineroar|1\n|-damage|p1b: Incineroar|0 fnt\n|faint|p1b: Incineroar\n|\n|upkeep\n|\n|t:|1776214182\n|switch|p1b: Farigiraf|Farigiraf, L50, F|100/100\n|turn|7\n|\n|t:|1776214188\n|move|p1a: Garchomp|Protect|p1a: Garchomp\n|-singleturn|p1a: Garchomp|Protect\n|move|p2a: Delphox|Heat Wave|p1a: Garchomp|[spread] \n|-activate|p1a: Garchomp|move: Protect\n|-miss|p2a: Delphox|p1b: Farigiraf\n|move|p2b: Gyarados|Waterfall|p1a: Garchomp\n|-activate|p1a: Garchomp|move: Protect\n|move|p1b: Farigiraf|Trick Room|p1b: Farigiraf\n|-fieldstart|move: Trick Room|[of] p1b: Farigiraf\n|\n|upkeep\n|turn|8\n|\n|t:|1776214214\n|switch|p2b: Sneasler|Sneasler, L50, M|100/100\n|move|p2a: Delphox|Protect|p2a: Delphox\n|-singleturn|p2a: Delphox|Protect\n|move|p1b: Farigiraf|Hyper Voice|p2a: Delphox|[spread] p2b\n|-activate|p2a: Delphox|move: Protect\n|-crit|p2b: Sneasler\n|-damage|p2b: Sneasler|43/100\n|move|p1a: Garchomp|Rock Slide|p2b: Sneasler|[spread] p2b\n|-activate|p2a: Delphox|move: Protect\n|-resisted|p2b: Sneasler|1\n|-damage|p2b: Sneasler|24/100\n|\n|upkeep\n|turn|9\n|\n|t:|1776214233\n|switch|p2a: Gyarados|Gyarados, L50, F|30/100\n|-ability|p2a: Gyarados|Intimidate|boost\n|-unboost|p1a: Garchomp|atk|1\n|-unboost|p1b: Farigiraf|atk|1\n|move|p2b: Sneasler|Protect|p2b: Sneasler\n|-singleturn|p2b: Sneasler|Protect\n|move|p1b: Farigiraf|Hyper Voice|p2a: Gyarados|[spread] p2a\n|-activate|p2b: Sneasler|move: Protect\n|-damage|p2a: Gyarados|12/100\n|move|p1a: Garchomp|Rock Slide|p2b: Sneasler|[spread] p2a\n|-activate|p2b: Sneasler|move: Protect\n|-supereffective|p2a: Gyarados|1\n|-damage|p2a: Gyarados|0 fnt\n|faint|p2a: Gyarados\n|\n|upkeep\n|\n|t:|1776214245\n|switch|p2a: Delphox|Delphox-Mega, L50, M|100/100\n|turn|10\n|\n|t:|1776214257\n|move|p2b: Sneasler|Protect||[still]\n|-fail|p2b: Sneasler\n|move|p1b: Farigiraf|Hyper Voice|p2a: Delphox|[spread] p2a,p2b\n|-damage|p2a: Delphox|73/100\n|-damage|p2b: Sneasler|0 fnt\n|faint|p2b: Sneasler\n|move|p1a: Garchomp|Rock Slide|p2a: Delphox\n|-supereffective|p2a: Delphox|1\n|-damage|p2a: Delphox|11/100\n|move|p2a: Delphox|Psychic|p1a: Garchomp\n|-damage|p1a: Garchomp|7/100\n|\n|upkeep\n|turn|11\n|c|\u2606Autin Mago|Gg wp\n|-message|Autin Mago forfeited.\n|\n|win|LudwigVonHohenheim\n|raw|LudwigVonHohenheim's rating: 1255 &rarr; <strong>1282</strong><br />(+27 for winning)\n|raw|Autin Mago's rating: 1289 &rarr; <strong>1262</strong><br />(-27 for losing)\n",
  "uploadtime": 1776214272,
  "views": 42,
  "formatid": "gen9championsvgc2026regma",
  "rating": 1262,
  "private": 0,
  "password": null
}