{
  "id": "gen9championsvgc2026regma-2580419860",
  "format": "[Gen 9 Champions] VGC 2026 Reg M-A",
  "players": [
    "yauchz33",
    "Xrmy"
  ],
  "log": "|j|\u2606yauchz33\n|j|\u2606Xrmy\n|t:|1775893752\n|gametype|doubles\n|player|p1|yauchz33|pilot|1063\n|player|p2|Xrmy|101|1028\n|gen|9\n|tier|[Gen 9 Champions] VGC 2026 Reg M-A\n|rated|\n|rule|Species Clause: Limit one of each Pok\u00e9mon\n|rule|Item Clause: Limit 1 of each item\n|clearpoke\n|poke|p1|Charizard, L50, M|\n|poke|p1|Venusaur, L50, F|\n|poke|p1|Garchomp, L50, M|\n|poke|p1|Rotom-Wash, L50|\n|poke|p1|Sneasler, L50, M|\n|poke|p1|Incineroar, L50, M|\n|poke|p2|Farigiraf, L50, M|\n|poke|p2|Camerupt, L50, M|\n|poke|p2|Whimsicott, L50, F|\n|poke|p2|Araquanid, L50, F|\n|poke|p2|Kingambit, L50, M|\n|poke|p2|Incineroar, L50, M|\n|teampreview|4\n|\n|t:|1775893785\n|teamsize|p1|4\n|teamsize|p2|4\n|start\n|switch|p1a: Charizard|Charizard, L50, M|100/100\n|switch|p1b: Venusaur|Venusaur, L50, F, shiny|100/100\n|switch|p2a: Farigiraf|Farigiraf, L50, M, shiny|100/100\n|switch|p2b: Incineroar|Incineroar, L50, M, shiny|100/100\n|-ability|p2b: Incineroar|Intimidate|boost\n|-unboost|p1a: Charizard|atk|1\n|-unboost|p1b: Venusaur|atk|1\n|turn|1\n|\n|t:|1775893820\n|detailschange|p1a: Charizard|Charizard-Mega-Y, L50, M\n|-mega|p1a: Charizard|Charizard|Charizardite Y\n|-weather|SunnyDay|[from] ability: Drought|[of] p1a: Charizard\n|move|p1b: Venusaur|Protect|p1b: Venusaur\n|-singleturn|p1b: Venusaur|Protect\n|move|p2b: Incineroar|Fake Out|p1b: Venusaur\n|-activate|p1b: Venusaur|move: Protect\n|move|p1a: Charizard|Weather Ball|p2a: Farigiraf\n|-damage|p2a: Farigiraf|32/100\n|-enditem|p2a: Farigiraf|Sitrus Berry|[eat]\n|-heal|p2a: Farigiraf|56/100|[from] item: Sitrus Berry\n|move|p2a: Farigiraf|Trick Room|p2a: Farigiraf\n|-fieldstart|move: Trick Room|[of] p2a: Farigiraf\n|\n|-weather|SunnyDay|[upkeep]\n|upkeep\n|turn|2\n|\n|t:|1775893859\n|switch|p1b: Garchomp|Garchomp, L50, M|100/100\n|move|p2b: Incineroar|Parting Shot|p1a: Charizard\n|-unboost|p1a: Charizard|atk|1\n|-unboost|p1a: Charizard|spa|1\n|\n|t:|1775893867\n|switch|p2b: Araquanid|Araquanid, L50, F, shiny|100/100|[from] Parting Shot\n|move|p2a: Farigiraf|Psychic|p1b: Garchomp\n|-damage|p1b: Garchomp|64/100\n|move|p1a: Charizard|Heat Wave|p2b: Araquanid|[spread] p2b\n|-miss|p1a: Charizard|p2a: Farigiraf\n|-damage|p2b: Araquanid|81/100\n|\n|-weather|SunnyDay|[upkeep]\n|-heal|p2b: Araquanid|87/100|[from] item: Leftovers\n|upkeep\n|turn|3\n|\n|t:|1775893897\n|switch|p2a: Incineroar|Incineroar, L50, M, shiny|100/100\n|-ability|p2a: Incineroar|Intimidate|boost\n|-unboost|p1a: Charizard|atk|1\n|-unboost|p1b: Garchomp|atk|1\n|move|p1a: Charizard|Protect|p1a: Charizard\n|-singleturn|p1a: Charizard|Protect\n|move|p2b: Araquanid|Wide Guard|p2b: Araquanid\n|-singleturn|p2b: Araquanid|Wide Guard\n|move|p1b: Garchomp|Rock Slide|p2a: Incineroar|[spread] \n|-activate|p2a: Incineroar|move: Wide Guard\n|-activate|p2b: Araquanid|move: Wide Guard\n|\n|-weather|SunnyDay|[upkeep]\n|-heal|p2b: Araquanid|92/100|[from] item: Leftovers\n|upkeep\n|turn|4\n|\n|t:|1775893921\n|switch|p1a: Sneasler|Sneasler, L50, M|100/100\n|move|p2a: Incineroar|Fake Out|p1a: Sneasler\n|-damage|p1a: Sneasler|82/100\n|move|p2b: Araquanid|Liquidation|p1a: Sneasler\n|-damage|p1a: Sneasler|37/100\n|move|p1b: Garchomp|Rock Slide|p2a: Incineroar|[spread] p2b\n|-miss|p1b: Garchomp|p2a: Incineroar\n|-supereffective|p2b: Araquanid|1\n|-damage|p2b: Araquanid|65/100\n|\n|-weather|SunnyDay|[upkeep]\n|-heal|p2b: Araquanid|71/100|[from] item: Leftovers\n|upkeep\n|turn|5\n|\n|t:|1775893957\n|move|p1a: Sneasler|Fake Out|p2a: Incineroar\n|-damage|p2a: Incineroar|90/100\n|move|p2b: Araquanid|Liquidation|p1a: Sneasler\n|-damage|p1a: Sneasler|0 fnt\n|faint|p1a: Sneasler\n|cant|p2a: Incineroar|flinch\n|move|p1b: Garchomp|Rock Slide|p2a: Incineroar|[spread] p2a,p2b\n|-supereffective|p2a: Incineroar|1\n|-supereffective|p2b: Araquanid|1\n|-damage|p2a: Incineroar|69/100\n|-damage|p2b: Araquanid|47/100\n|\n|-weather|none\n|-heal|p2b: Araquanid|52/100|[from] item: Leftovers\n|-fieldend|move: Trick Room\n|upkeep\n|\n|t:|1775893979\n|switch|p1a: Charizard|Charizard-Mega-Y, L50, M|100/100\n|-weather|SunnyDay|[from] ability: Drought|[of] p1a: Charizard\n|turn|6\n|\n|t:|1775894001\n|switch|p1b: Venusaur|Venusaur, L50, F, shiny|100/100\n|move|p2b: Araquanid|Wide Guard|p2b: Araquanid\n|-singleturn|p2b: Araquanid|Wide Guard\n|move|p1a: Charizard|Solar Beam||[still]\n|-prepare|p1a: Charizard|Solar Beam\n|-anim|p1a: Charizard|Solar Beam|p2b: Araquanid\n|-damage|p2b: Araquanid|11/100\n|move|p2a: Incineroar|Parting Shot|p1b: Venusaur\n|-unboost|p1b: Venusaur|atk|1\n|-unboost|p1b: Venusaur|spa|1\n|\n|t:|1775894013\n|switch|p2a: Farigiraf|Farigiraf, L50, M, shiny|56/100|[from] Parting Shot\n|\n|-weather|SunnyDay|[upkeep]\n|-heal|p2b: Araquanid|17/100|[from] item: Leftovers\n|upkeep\n|turn|7\n|\n|t:|1775894044\n|move|p1b: Venusaur|Protect|p1b: Venusaur\n|-singleturn|p1b: Venusaur|Protect\n|move|p1a: Charizard|Solar Beam||[still]\n|-prepare|p1a: Charizard|Solar Beam\n|-anim|p1a: Charizard|Solar Beam|p2b: Araquanid\n|-damage|p2b: Araquanid|0 fnt\n|faint|p2b: Araquanid\n|move|p2a: Farigiraf|Trick Room|p2a: Farigiraf\n|-fieldstart|move: Trick Room|[of] p2a: Farigiraf\n|\n|-weather|SunnyDay|[upkeep]\n|upkeep\n|\n|t:|1775894051\n|switch|p2b: Camerupt|Camerupt, L50, M, shiny|100/100\n|turn|8\n|\n|t:|1775894068\n|detailschange|p2b: Camerupt|Camerupt-Mega, L50, M, shiny\n|-mega|p2b: Camerupt|Camerupt|Cameruptite\n|move|p2b: Camerupt|Ancient Power|p1a: Charizard\n|-supereffective|p1a: Charizard|2\n|-damage|p1a: Charizard|0 fnt\n|faint|p1a: Charizard\n|move|p2a: Farigiraf|Psychic|p1b: Venusaur\n|-supereffective|p1b: Venusaur|1\n|-damage|p1b: Venusaur|15/100\n|move|p1b: Venusaur|Sleep Powder|p2b: Camerupt\n|-status|p2b: Camerupt|slp|[from] move: Sleep Powder\n|\n|-weather|SunnyDay|[upkeep]\n|upkeep\n|\n|t:|1775894079\n|switch|p1a: Garchomp|Garchomp, L50, M|64/100\n|turn|9\n|\n|t:|1775894092\n|switch|p2b: Incineroar|Incineroar, L50, M, shiny|69/100\n|-ability|p2b: Incineroar|Intimidate|boost\n|-unboost|p1a: Garchomp|atk|1\n|-unboost|p1b: Venusaur|atk|1\n|move|p1b: Venusaur|Protect|p1b: Venusaur\n|-singleturn|p1b: Venusaur|Protect\n|move|p2a: Farigiraf|Hyper Voice|p1a: Garchomp|[spread] p1a\n|-activate|p1b: Venusaur|move: Protect\n|-damage|p1a: Garchomp|35/100\n|move|p1a: Garchomp|Earthquake|p2a: Farigiraf|[spread] p2a,p2b\n|-activate|p1b: Venusaur|move: Protect\n|-supereffective|p2b: Incineroar|1\n|-damage|p2a: Farigiraf|33/100\n|-damage|p2b: Incineroar|28/100\n|\n|-weather|SunnyDay|[upkeep]\n|upkeep\n|turn|10\n|\n|t:|1775894111\n|move|p1b: Venusaur|Protect|p1b: Venusaur\n|-singleturn|p1b: Venusaur|Protect\n|move|p2b: Incineroar|Fake Out|p1a: Garchomp\n|-damage|p1a: Garchomp|23/100\n|-damage|p2b: Incineroar|15/100|[from] ability: Rough Skin|[of] p1a: Garchomp\n|move|p2a: Farigiraf|Hyper Voice|p1b: Venusaur|[spread] p1a\n|-activate|p1b: Venusaur|move: Protect\n|-damage|p1a: Garchomp|0 fnt\n|faint|p1a: Garchomp\n|\n|-weather|none\n|upkeep\n|turn|11\n|\n|t:|1775894132\n|move|p2a: Farigiraf|Psychic|p1b: Venusaur\n|-supereffective|p1b: Venusaur|1\n|-damage|p1b: Venusaur|0 fnt\n|faint|p1b: Venusaur\n|\n|win|Xrmy\n|raw|yauchz33's rating: 1063 &rarr; <strong>1042</strong><br />(-21 for losing)\n|raw|Xrmy's rating: 1028 &rarr; <strong>1067</strong><br />(+39 for winning)\n|l|\u2606yauchz33\n|player|p1|\n",
  "uploadtime": 1775894137,
  "views": 16,
  "formatid": "gen9championsvgc2026regma",
  "rating": 1042,
  "private": 0,
  "password": null
}