{
  "id": "gen9championsvgc2026regma-2580707612",
  "format": "[Gen 9 Champions] VGC 2026 Reg M-A",
  "players": [
    "boolberryjam",
    "iiApreachless"
  ],
  "log": "|j|\u2606boolberryjam\n|j|\u2606iiApreachless\n|t:|1775925956\n|gametype|doubles\n|player|p1|boolberryjam|rocketgrunt|1128\n|player|p2|iiApreachless|170|1221\n|gen|9\n|tier|[Gen 9 Champions] VGC 2026 Reg M-A\n|rated|\n|rule|Species Clause: Limit one of each Pok\u00e9mon\n|rule|Item Clause: Limit 1 of each item\n|clearpoke\n|poke|p1|Whimsicott, L50, F|\n|poke|p1|Typhlosion-Hisui, L50, F|\n|poke|p1|Kommo-o, L50, F|\n|poke|p1|Sinistcha, L50|\n|poke|p1|Excadrill, L50, F|\n|poke|p1|Gyarados, L50, F|\n|poke|p2|Incineroar, L50, F|\n|poke|p2|Sneasler, L50, M|\n|poke|p2|Charizard, L50, F|\n|poke|p2|Whimsicott, L50, F|\n|poke|p2|Garchomp, L50, F|\n|poke|p2|Delphox, L50, F|\n|teampreview|4\n|inactive|Battle timer is ON: inactive players will automatically lose when time's up. (requested by boolberryjam)\n|inactive|boolberryjam has 60 seconds left.\n|inactive|iiApreachless has 60 seconds left.\n|\n|t:|1775925992\n|teamsize|p1|4\n|teamsize|p2|4\n|start\n|switch|p1a: Whimsicott|Whimsicott, L50, F|100/100\n|switch|p1b: Kommo-o|Kommo-o, L50, F|100/100\n|switch|p2a: Charizard|Charizard, L50, F, shiny|100/100\n|switch|p2b: Garchomp|Garchomp, L50, F|100/100\n|turn|1\n|\n|t:|1775926009\n|detailschange|p2a: Charizard|Charizard-Mega-Y, L50, F, shiny\n|-mega|p2a: Charizard|Charizard|Charizardite Y\n|-weather|SunnyDay|[from] ability: Drought|[of] p2a: Charizard\n|move|p1a: Whimsicott|Tailwind|p1a: Whimsicott\n|-sidestart|p1: boolberryjam|move: Tailwind\n|move|p1b: Kommo-o|Clanging Scales|p2b: Garchomp|[spread] p2a,p2b\n|-supereffective|p2b: Garchomp|1\n|-damage|p2a: Charizard|62/100\n|-damage|p2b: Garchomp|18/100\n|-unboost|p1b: Kommo-o|def|1\n|move|p2b: Garchomp|Dragon Claw|p1b: Kommo-o\n|-supereffective|p1b: Kommo-o|1\n|-enditem|p1b: Kommo-o|Haban Berry|[eat]\n|-enditem|p1b: Kommo-o|Haban Berry|[weaken]\n|-damage|p1b: Kommo-o|47/100\n|move|p2a: Charizard|Heat Wave|p1a: Whimsicott|[spread] p1a,p1b\n|-supereffective|p1a: Whimsicott|1\n|-resisted|p1b: Kommo-o|1\n|-enditem|p1a: Whimsicott|Focus Sash\n|-damage|p1a: Whimsicott|1/100\n|-damage|p1b: Kommo-o|15/100\n|\n|-weather|SunnyDay|[upkeep]\n|upkeep\n|turn|2\n|\n|t:|1775926034\n|switch|p2b: Whimsicott|Whimsicott, L50, F|100/100\n|move|p1a: Whimsicott|Protect|p1a: Whimsicott\n|-singleturn|p1a: Whimsicott|Protect\n|move|p2a: Charizard|Protect|p2a: Charizard\n|-singleturn|p2a: Charizard|Protect\n|move|p1b: Kommo-o|Clanging Scales|p2b: Whimsicott|[spread] \n|-activate|p2a: Charizard|move: Protect\n|-immune|p2b: Whimsicott\n|\n|-weather|SunnyDay|[upkeep]\n|upkeep\n|turn|3\n|\n|t:|1775926054\n|move|p2b: Whimsicott|Tailwind|p2b: Whimsicott\n|-sidestart|p2: iiApreachless|move: Tailwind\n|move|p1a: Whimsicott|Moonblast|p2a: Charizard\n|-resisted|p2a: Charizard|1\n|-damage|p2a: Charizard|44/100\n|move|p2a: Charizard|Heat Wave|p1a: Whimsicott|[spread] p1a\n|-miss|p2a: Charizard|p1b: Kommo-o\n|-supereffective|p1a: Whimsicott|1\n|-damage|p1a: Whimsicott|0 fnt\n|faint|p1a: Whimsicott\n|move|p1b: Kommo-o|Clanging Scales|p2a: Charizard|[spread] p2a\n|-immune|p2b: Whimsicott\n|-damage|p2a: Charizard|6/100\n|-unboost|p1b: Kommo-o|def|1\n|\n|-weather|SunnyDay|[upkeep]\n|upkeep\n|\n|t:|1775926055\n|switch|p1a: Excadrill|Excadrill, L50, F|100/100\n|turn|4\n|inactive|iiApreachless has 30 seconds left.\n|\n|t:|1775926087\n|detailschange|p1a: Excadrill|Excadrill-Mega, L50, F\n|-mega|p1a: Excadrill|Excadrill|Excadrite\n|move|p2a: Charizard|Protect|p2a: Charizard\n|-singleturn|p2a: Charizard|Protect\n|move|p1a: Excadrill|Iron Head|p2a: Charizard\n|-resisted|p2a: Charizard|1\n|-damage|p2a: Charizard|0 fnt\n|faint|p2a: Charizard\n|move|p2b: Whimsicott|Moonblast|p1a: Excadrill\n|-resisted|p1a: Excadrill|1\n|-damage|p1a: Excadrill|82/100\n|move|p1b: Kommo-o|Aura Sphere|p2b: Whimsicott\n|-resisted|p2b: Whimsicott|1\n|-damage|p2b: Whimsicott|75/100\n|\n|-weather|SunnyDay|[upkeep]\n|-sideend|p1: boolberryjam|move: Tailwind\n|upkeep\n|\n|t:|1775926104\n|switch|p2a: Incineroar|Incineroar, L50, F|100/100\n|-ability|p2a: Incineroar|Intimidate|boost\n|-unboost|p1a: Excadrill|atk|1\n|-unboost|p1b: Kommo-o|atk|1\n|turn|5\n|\n|t:|1775926110\n|switch|p1a: Typhlosion|Typhlosion-Hisui, L50, F|100/100\n|-item|p2a: Incineroar|Sitrus Berry|[from] ability: Frisk|[of] p1a: Typhlosion\n|-item|p2b: Whimsicott|Bright Powder|[from] ability: Frisk|[of] p1a: Typhlosion\n|move|p2b: Whimsicott|Moonblast|p1b: Kommo-o\n|-supereffective|p1b: Kommo-o|2\n|-damage|p1b: Kommo-o|0 fnt\n|faint|p1b: Kommo-o\n|move|p2a: Incineroar|Flare Blitz|p1a: Typhlosion\n|-resisted|p1a: Typhlosion|1\n|-damage|p1a: Typhlosion|44/100\n|-damage|p2a: Incineroar|86/100|[from] Recoil\n|\n|-weather|none\n|upkeep\n|\n|t:|1775926112\n|switch|p1b: Excadrill|Excadrill-Mega, L50, F|82/100\n|turn|6\n|\n|t:|1775926133\n|move|p2b: Whimsicott|Sunny Day|p2b: Whimsicott\n|-weather|SunnyDay\n|move|p1a: Typhlosion|Overheat|p2b: Whimsicott\n|-supereffective|p2b: Whimsicott|1\n|-damage|p2b: Whimsicott|0 fnt\n|-unboost|p1a: Typhlosion|spa|2\n|faint|p2b: Whimsicott\n|move|p2a: Incineroar|Flare Blitz|p1a: Typhlosion\n|-resisted|p1a: Typhlosion|1\n|-damage|p1a: Typhlosion|0 fnt\n|faint|p1a: Typhlosion\n|-damage|p2a: Incineroar|74/100|[from] Recoil\n|move|p1b: Excadrill|Earthquake|p2a: Incineroar\n|-supereffective|p2a: Incineroar|1\n|-damage|p2a: Incineroar|0 fnt\n|faint|p2a: Incineroar\n|\n|-weather|SunnyDay|[upkeep]\n|-sideend|p2: iiApreachless|move: Tailwind\n|upkeep\n|\n|t:|1775926150\n|switch|p2b: Garchomp|Garchomp, L50, F|18/100\n|turn|7\n|\n|t:|1775926158\n|move|p1b: Excadrill|Earthquake|p2b: Garchomp\n|-damage|p2b: Garchomp|0 fnt\n|faint|p2b: Garchomp\n|\n|win|boolberryjam\n|raw|boolberryjam's rating: 1128 &rarr; <strong>1160</strong><br />(+32 for winning)\n|raw|iiApreachless's rating: 1221 &rarr; <strong>1189</strong><br />(-32 for losing)\n|l|\u2606iiApreachless\n|player|p2|\n",
  "uploadtime": 1775926169,
  "views": 11,
  "formatid": "gen9championsvgc2026regma",
  "rating": 1160,
  "private": 0,
  "password": null
}