{
  "id": "gen9championsvgc2026regma-2583048326",
  "format": "[Gen 9 Champions] VGC 2026 Reg M-A",
  "players": [
    "alt3rs0ul",
    "crowteeeeeeeeeeef"
  ],
  "log": "|j|\u2606alt3rs0ul\n|j|\u2606crowteeeeeeeeeeef\n|t:|1776136538\n|gametype|doubles\n|player|p1|alt3rs0ul|gambler|1019\n|player|p2|crowteeeeeeeeeeef|170|1000\n|gen|9\n|tier|[Gen 9 Champions] VGC 2026 Reg M-A\n|rated|\n|rule|Species Clause: Limit one of each Pok\u00e9mon\n|rule|Item Clause: Limit 1 of each item\n|clearpoke\n|poke|p1|Chesnaught, L50, M|\n|poke|p1|Golurk, L50|\n|poke|p1|Sinistcha, L50|\n|poke|p1|Farigiraf, L50, F|\n|poke|p1|Ninetales-Alola, L50, F|\n|poke|p1|Maushold-Four, L50|\n|poke|p2|Pelipper, L50, M|\n|poke|p2|Meganium, L50, F|\n|poke|p2|Whimsicott, L50, M|\n|poke|p2|Aegislash, L50, M|\n|poke|p2|Primarina, L50, M|\n|poke|p2|Sneasler, L50, F|\n|teampreview|4\nalt3rs0ul has agreed to open team sheets.\n|\n|t:|1776136590\n|teamsize|p1|4\n|teamsize|p2|4\n|start\n|switch|p1a: Maushold|Maushold-Four, L50|100/100\n|switch|p1b: Farigiraf|Farigiraf, L50, F|100/100\n|switch|p2a: Meganium|Meganium, L50, F|100/100\n|switch|p2b: Whimsicott|Whimsicott, L50, M|100/100\n|turn|1\n|\n|t:|1776136611\n|detailschange|p2a: Meganium|Meganium-Mega, L50, F\n|-mega|p2a: Meganium|Meganium|Meganiumite\n|move|p1a: Maushold|Follow Me|p1a: Maushold\n|-singleturn|p1a: Maushold|move: Follow Me\n|move|p2b: Whimsicott|Tailwind|p2b: Whimsicott\n|-sidestart|p2: crowteeeeeeeeeeef|move: Tailwind\n|move|p2a: Meganium|Solar Beam||[still]\n|-prepare|p2a: Meganium|Solar Beam\n|-activate|p2a: Meganium|ability: Mega Sol\n|-anim|p2a: Meganium|Solar Beam|p1a: Maushold\n|-damage|p1a: Maushold|33/100\n|move|p1b: Farigiraf|Trick Room|p1b: Farigiraf\n|-fieldstart|move: Trick Room|[of] p1b: Farigiraf\n|\n|upkeep\n|turn|2\n|\n|t:|1776136656\n|move|p1b: Farigiraf|Hyper Voice|p2a: Meganium|[spread] p2a,p2b\n|-damage|p2a: Meganium|74/100\n|-damage|p2b: Whimsicott|52/100\n|move|p1a: Maushold|Encore|p2b: Whimsicott\n|-start|p2b: Whimsicott|Encore\n|move|p2b: Whimsicott|Tailwind||[still]\n|-fail|p2b: Whimsicott\n|move|p2a: Meganium|Dazzling Gleam|p1b: Farigiraf|[spread] p1a,p1b\n|-damage|p1a: Maushold|0 fnt\n|-damage|p1b: Farigiraf|80/100\n|faint|p1a: Maushold\n|\n|upkeep\n|\n|t:|1776136667\n|switch|p1a: Chesnaught|Chesnaught, L50, M, shiny|100/100\n|turn|3\n|\n|t:|1776136686\n|switch|p2b: Pelipper|Pelipper, L50, M|100/100\n|-weather|RainDance|[from] ability: Drizzle|[of] p2b: Pelipper\n|detailschange|p1a: Chesnaught|Chesnaught-Mega, L50, M, shiny\n|-mega|p1a: Chesnaught|Chesnaught|Chesnaughtite\n|move|p1a: Chesnaught|Spiky Shield|p1a: Chesnaught\n|-singleturn|p1a: Chesnaught|move: Protect\n|move|p1b: Farigiraf|Hyper Voice|p2b: Pelipper|[spread] p2a,p2b\n|-damage|p2a: Meganium|48/100\n|-damage|p2b: Pelipper|57/100\n|move|p2a: Meganium|Weather Ball|p1a: Chesnaught\n|-activate|p1a: Chesnaught|move: Protect\n|\n|-weather|RainDance|[upkeep]\n|upkeep\n|turn|4\n|\n|t:|1776136717\n|move|p1b: Farigiraf|Helping Hand|p1a: Chesnaught\n|-singleturn|p1a: Chesnaught|Helping Hand|[of] p1b: Farigiraf\n|move|p2b: Pelipper|Protect|p2b: Pelipper\n|-singleturn|p2b: Pelipper|Protect\n|move|p1a: Chesnaught|Body Press|p2a: Meganium\n|-resisted|p2a: Meganium|1\n|-damage|p2a: Meganium|19/100\n|move|p2a: Meganium|Weather Ball|p1a: Chesnaught\n|-immune|p1a: Chesnaught|[from] ability: Bulletproof\n|\n|-weather|RainDance|[upkeep]\n|-sideend|p2: crowteeeeeeeeeeef|move: Tailwind\n|upkeep\n|turn|5\n|\n|t:|1776136741\n|switch|p2a: Primarina|Primarina, L50, M|100/100\n|move|p1a: Chesnaught|Spiky Shield|p1a: Chesnaught\n|-singleturn|p1a: Chesnaught|move: Protect\n|move|p2b: Pelipper|Protect||[still]\n|-fail|p2b: Pelipper\n|move|p1b: Farigiraf|Hyper Voice|p2b: Pelipper|[spread] p2a,p2b\n|-damage|p2a: Primarina|75/100\n|-damage|p2b: Pelipper|17/100\n|\n|-weather|RainDance|[upkeep]\n|-heal|p2a: Primarina|81/100|[from] item: Leftovers\n|-fieldend|move: Trick Room\n|upkeep\n|turn|6\n|\n|t:|1776136765\n|switch|p1a: Sinistcha|Sinistcha, L50|100/100\n|-heal|p1b: Farigiraf|100/100|[from] ability: Hospitality|[of] p1a: Sinistcha\n|move|p2b: Pelipper|U-turn|p1b: Farigiraf\n|-supereffective|p1b: Farigiraf|1\n|-damage|p1b: Farigiraf|82/100\n|\n|t:|1776136774\n|switch|p2b: Whimsicott|Whimsicott, L50, M|52/100|[from] U-turn\n|move|p2a: Primarina|Ice Beam|p1a: Sinistcha\n|-supereffective|p1a: Sinistcha|1\n|-damage|p1a: Sinistcha|42/100\n|-enditem|p1a: Sinistcha|Sitrus Berry|[eat]\n|-heal|p1a: Sinistcha|67/100|[from] item: Sitrus Berry\n|move|p1b: Farigiraf|Trick Room|p1b: Farigiraf\n|-fieldstart|move: Trick Room|[of] p1b: Farigiraf\n|\n|-weather|RainDance|[upkeep]\n|-heal|p2a: Primarina|87/100|[from] item: Leftovers\n|upkeep\n|turn|7\n|\n|t:|1776136813\n|move|p1b: Farigiraf|Hyper Voice|p2b: Whimsicott|[spread] p2a,p2b\n|-damage|p2a: Primarina|62/100\n|-damage|p2b: Whimsicott|6/100\n|-enditem|p2b: Whimsicott|Sitrus Berry|[eat]\n|-heal|p2b: Whimsicott|31/100|[from] item: Sitrus Berry\n|move|p2a: Primarina|Ice Beam|p1a: Sinistcha\n|-supereffective|p1a: Sinistcha|1\n|-damage|p1a: Sinistcha|4/100\n|move|p1a: Sinistcha|Matcha Gotcha|p2b: Whimsicott|[spread] p2a,p2b\n|-supereffective|p2a: Primarina|1\n|-resisted|p2b: Whimsicott|1\n|-damage|p2a: Primarina|20/100\n|-heal|p1a: Sinistcha|26/100|[from] drain|[of] p2a: Primarina\n|-damage|p2b: Whimsicott|14/100\n|-heal|p1a: Sinistcha|34/100|[from] drain|[of] p2b: Whimsicott\n|-status|p2a: Primarina|brn\n|move|p2b: Whimsicott|U-turn|p1a: Sinistcha\n|-damage|p1a: Sinistcha|25/100\n|\n|t:|1776136836\n|switch|p2b: Meganium|Meganium-Mega, L50, F|19/100|[from] U-turn\n|\n|-weather|none\n|-heal|p2a: Primarina|26/100 brn|[from] item: Leftovers\n|-damage|p2a: Primarina|20/100 brn|[from] brn\n|upkeep\n|turn|8\n|\n|t:|1776136857\n|switch|p2a: Pelipper|Pelipper, L50, M|17/100\n|-weather|RainDance|[from] ability: Drizzle|[of] p2a: Pelipper\n|move|p1a: Sinistcha|Protect|p1a: Sinistcha\n|-singleturn|p1a: Sinistcha|Protect\n|move|p1b: Farigiraf|Hyper Voice|p2a: Pelipper|[spread] p2a,p2b\n|-damage|p2a: Pelipper|0 fnt\n|-damage|p2b: Meganium|0 fnt\n|faint|p2a: Pelipper\n|faint|p2b: Meganium\n|\n|-weather|RainDance|[upkeep]\n|upkeep\n|-message|crowteeeeeeeeeeef forfeited.\n|\n|win|alt3rs0ul\n|raw|alt3rs0ul's rating: 1019 &rarr; <strong>1054</strong><br />(+35 for winning)\n|raw|crowteeeeeeeeeeef's rating: 1000 &rarr; <strong>1000</strong><br />(+0 for losing)\n|l|\u2606crowteeeeeeeeeeef\n|player|p2|\n",
  "uploadtime": 1776136874,
  "views": 20,
  "formatid": "gen9championsvgc2026regma",
  "rating": 1000,
  "private": 0,
  "password": null
}