{
  "id": "gen9championsvgc2026regma-2586685982",
  "format": "[Gen 9 Champions] VGC 2026 Reg M-A",
  "players": [
    "skellyosis",
    "Kalaphant"
  ],
  "log": "|j|\u2606skellyosis\n|j|\u2606Kalaphant\n|t:|1776452117\n|gametype|doubles\n|player|p1|skellyosis|169|1158\n|player|p2|Kalaphant|1|1113\n|gen|9\n|tier|[Gen 9 Champions] VGC 2026 Reg M-A\n|rated|\n|rule|Species Clause: Limit one of each Pok\u00e9mon\n|rule|Item Clause: Limit 1 of each item\n|clearpoke\n|poke|p1|Greninja-*, L50, F|\n|poke|p1|Whimsicott, L50, M|\n|poke|p1|Kommo-o, L50, M|\n|poke|p1|Chesnaught, L50, F|\n|poke|p1|Ninetales-Alola, L50, F|\n|poke|p1|Corviknight, L50, M|\n|poke|p2|Crabominable, L50, F|\n|poke|p2|Farigiraf, L50, M|\n|poke|p2|Incineroar, L50, F|\n|poke|p2|Charizard, L50, F|\n|poke|p2|Sneasler, L50, F|\n|poke|p2|Sinistcha, L50|\n|teampreview|4\n|inactive|Battle timer is ON: inactive players will automatically lose when time's up. (requested by Kalaphant)\n|inactive|skellyosis also wants the timer to be on.\n|c|\u2606Kalaphant|glhf\nKalaphant has agreed to open team sheets.\n|c|\u2606skellyosis|u2\nskellyosis rejected open team sheets.\n|inactive|skellyosis has 60 seconds left.\n|\n|t:|1776452149\n|teamsize|p1|4\n|teamsize|p2|4\n|start\n|switch|p1a: Ninetales|Ninetales-Alola, L50, F|100/100\n|switch|p1b: Greninja|Greninja, L50, F|100/100\n|switch|p2a: Crabominable|Crabominable, L50, F|100/100\n|switch|p2b: Farigiraf|Farigiraf, L50, M|100/100\n|-weather|Snowscape|[from] ability: Snow Warning|[of] p1a: Ninetales\n|turn|1\n|inactive|skellyosis has 30 seconds left.\n|inactive|Kalaphant has 30 seconds left.\n|\n|t:|1776452184\n|detailschange|p1b: Greninja|Greninja-Mega, L50, F\n|-mega|p1b: Greninja|Greninja|Greninjite\n|detailschange|p2a: Crabominable|Crabominable-Mega, L50, F\n|-mega|p2a: Crabominable|Crabominable|Crabominite\n|move|p1b: Greninja|Extrasensory|p2b: Farigiraf\n|-start|p1b: Greninja|typechange|Psychic|[from] ability: Protean\n|-resisted|p2b: Farigiraf|1\n|-damage|p2b: Farigiraf|79/100\n|move|p1a: Ninetales|Blizzard|p2b: Farigiraf|[spread] p2a,p2b\n|-resisted|p2a: Crabominable|1\n|-crit|p2b: Farigiraf\n|-damage|p2a: Crabominable|87/100\n|-damage|p2b: Farigiraf|29/100\n|-enditem|p2b: Farigiraf|Sitrus Berry|[eat]\n|-heal|p2b: Farigiraf|54/100|[from] item: Sitrus Berry\n|move|p2a: Crabominable|Drain Punch|p1b: Greninja\n|-resisted|p1b: Greninja|1\n|-damage|p1b: Greninja|58/100\n|-heal|p2a: Crabominable|100/100|[from] drain|[of] p1b: Greninja\n|move|p2b: Farigiraf|Trick Room|p2b: Farigiraf\n|-fieldstart|move: Trick Room|[of] p2b: Farigiraf\n|\n|-weather|Snowscape|[upkeep]\n|upkeep\n|turn|2\n|inactive|Kalaphant has 30 seconds left.\n|inactive|Kalaphant has 20 seconds left.\n|inactive|Kalaphant has 15 seconds left.\n|\n|t:|1776452226\n|move|p2b: Farigiraf|Helping Hand|p2a: Crabominable\n|-singleturn|p2a: Crabominable|Helping Hand|[of] p2b: Farigiraf\n|move|p1b: Greninja|Protect|p1b: Greninja\n|-singleturn|p1b: Greninja|Protect\n|move|p2a: Crabominable|Ice Punch|p1b: Greninja\n|-activate|p1b: Greninja|move: Protect\n|move|p1a: Ninetales|Aurora Veil|p1a: Ninetales\n|-sidestart|p1: skellyosis|move: Aurora Veil\n|\n|-weather|Snowscape|[upkeep]\n|upkeep\n|turn|3\n|\n|t:|1776452243\n|move|p2b: Farigiraf|Helping Hand|p2a: Crabominable\n|-singleturn|p2a: Crabominable|Helping Hand|[of] p2b: Farigiraf\n|move|p2a: Crabominable|Ice Punch|p1b: Greninja\n|-crit|p1b: Greninja\n|-damage|p1b: Greninja|0 fnt\n|faint|p1b: Greninja\n|move|p1a: Ninetales|Moonblast|p2a: Crabominable\n|-supereffective|p2a: Crabominable|1\n|-damage|p2a: Crabominable|38/100\n|\n|-weather|Snowscape|[upkeep]\n|upkeep\n|\n|t:|1776452256\n|switch|p1b: Corviknight|Corviknight, L50, M|100/100\n|turn|4\n|\n|t:|1776452274\n|move|p2b: Farigiraf|Helping Hand|p2a: Crabominable\n|-singleturn|p2a: Crabominable|Helping Hand|[of] p2b: Farigiraf\n|move|p2a: Crabominable|Close Combat|p1b: Corviknight\n|-damage|p1b: Corviknight|45/100\n|-unboost|p2a: Crabominable|def|1\n|-unboost|p2a: Crabominable|spd|1\n|move|p1b: Corviknight|Iron Defense|p1b: Corviknight\n|-boost|p1b: Corviknight|def|2\n|move|p1a: Ninetales|Blizzard|p2a: Crabominable|[spread] p2a,p2b\n|-resisted|p2a: Crabominable|1\n|-damage|p2a: Crabominable|20/100\n|-damage|p2b: Farigiraf|22/100\n|\n|-weather|Snowscape|[upkeep]\n|-heal|p1b: Corviknight|51/100|[from] item: Leftovers\n|upkeep\n|turn|5\n|inactive|Kalaphant has 30 seconds left.\n|\n|t:|1776452307\n|move|p2b: Farigiraf|Helping Hand|p2a: Crabominable\n|-singleturn|p2a: Crabominable|Helping Hand|[of] p2b: Farigiraf\n|move|p1b: Corviknight|Protect|p1b: Corviknight\n|-singleturn|p1b: Corviknight|Protect\n|move|p2a: Crabominable|Drain Punch|p1a: Ninetales\n|-damage|p1a: Ninetales|42/100\n|-heal|p2a: Crabominable|41/100|[from] drain|[of] p1a: Ninetales\n|move|p1a: Ninetales|Blizzard|p2a: Crabominable|[spread] p2a,p2b\n|-resisted|p2a: Crabominable|1\n|-damage|p2a: Crabominable|21/100\n|-damage|p2b: Farigiraf|0 fnt\n|faint|p2b: Farigiraf\n|\n|-weather|none\n|-heal|p1b: Corviknight|57/100|[from] item: Leftovers\n|-fieldend|move: Trick Room\n|upkeep\n|\n|t:|1776452320\n|switch|p2b: Sinistcha|Sinistcha, L50|100/100\n|-heal|p2a: Crabominable|46/100|[from] ability: Hospitality|[of] p2b: Sinistcha\n|turn|6\n|\n|t:|1776452330\n|switch|p2a: Incineroar|Incineroar, L50, F|100/100\n|-ability|p2a: Incineroar|Intimidate|boost\n|-unboost|p1a: Ninetales|atk|1\n|-ability|p1b: Corviknight|Mirror Armor\n|-unboost|p2a: Incineroar|atk|1\n|move|p1a: Ninetales|Moonblast|p2a: Incineroar\n|-damage|p2a: Incineroar|73/100\n|move|p1b: Corviknight|Brave Bird|p2b: Sinistcha\n|-supereffective|p2b: Sinistcha|1\n|-damage|p2b: Sinistcha|26/100\n|-damage|p1b: Corviknight|36/100|[from] Recoil\n|move|p2b: Sinistcha|Matcha Gotcha|p1a: Ninetales|[spread] p1a,p1b\n|-resisted|p1b: Corviknight|2\n|-damage|p1a: Ninetales|22/100\n|-heal|p2b: Sinistcha|35/100|[from] drain|[of] p1a: Ninetales\n|-damage|p1b: Corviknight|32/100\n|-heal|p2b: Sinistcha|38/100|[from] drain|[of] p1b: Corviknight\n|\n|-heal|p1b: Corviknight|38/100|[from] item: Leftovers\n|-heal|p2b: Sinistcha|44/100|[from] item: Leftovers\n|-sideend|p1: skellyosis|move: Aurora Veil\n|upkeep\n|turn|7\n|inactive|Kalaphant has 30 seconds left.\n|inactive|Kalaphant has 20 seconds left.\n|inactive|Kalaphant has 15 seconds left.\n|\n|t:|1776452371\n|move|p2b: Sinistcha|Protect|p2b: Sinistcha\n|-singleturn|p2b: Sinistcha|Protect\n|move|p2a: Incineroar|Fake Out|p1a: Ninetales\n|-damage|p1a: Ninetales|10/100\n|cant|p1a: Ninetales|flinch\n|move|p1b: Corviknight|Brave Bird|p2b: Sinistcha\n|-activate|p2b: Sinistcha|move: Protect\n|\n|-heal|p1b: Corviknight|43/100|[from] item: Leftovers\n|-heal|p2b: Sinistcha|50/100|[from] item: Leftovers\n|upkeep\n|turn|8\n|\n|t:|1776452387\n|move|p1a: Ninetales|Blizzard|p2b: Sinistcha|[spread] p2a,p2b\n|-resisted|p2a: Incineroar|1\n|-supereffective|p2b: Sinistcha|1\n|-damage|p2a: Incineroar|60/100\n|-damage|p2b: Sinistcha|0 fnt\n|faint|p2b: Sinistcha\n|move|p1b: Corviknight|Body Press|p2a: Incineroar\n|-supereffective|p2a: Incineroar|1\n|-enditem|p2a: Incineroar|Chople Berry|[eat]\n|-enditem|p2a: Incineroar|Chople Berry|[weaken]\n|-damage|p2a: Incineroar|23/100\n|move|p2a: Incineroar|Flare Blitz|p1b: Corviknight\n|-supereffective|p1b: Corviknight|1\n|-damage|p1b: Corviknight|23/100\n|-damage|p2a: Incineroar|16/100|[from] Recoil\n|\n|-heal|p1b: Corviknight|29/100|[from] item: Leftovers\n|upkeep\n|\n|t:|1776452399\n|switch|p2b: Crabominable|Crabominable-Mega, L50, F|46/100\n|turn|9\n|\n|t:|1776452408\n|move|p1a: Ninetales|Moonblast|p2b: Crabominable\n|-supereffective|p2b: Crabominable|1\n|-damage|p2b: Crabominable|0 fnt\n|faint|p2b: Crabominable\n|move|p1b: Corviknight|Body Press|p2a: Incineroar\n|-supereffective|p2a: Incineroar|1\n|-damage|p2a: Incineroar|0 fnt\n|faint|p2a: Incineroar\n|\n|win|skellyosis\n|raw|skellyosis's rating: 1158 &rarr; <strong>1180</strong><br />(+22 for winning)\n|raw|Kalaphant's rating: 1113 &rarr; <strong>1091</strong><br />(-22 for losing)\n",
  "uploadtime": 1776452409,
  "views": 27,
  "formatid": "gen9championsvgc2026regma",
  "rating": 1091,
  "private": 0,
  "password": null
}