{
  "id": "gen9championsvgc2026regma-2585096776",
  "format": "[Gen 9 Champions] VGC 2026 Reg M-A",
  "players": [
    "coucoucoucouuu",
    "Chill Talis"
  ],
  "log": "|j|\u2606coucoucoucouuu\n|j|\u2606Chill Talis\n|t:|1776311401\n|gametype|doubles\n|player|p1|coucoucoucouuu|102|1137\n|player|p2|Chill Talis|dawn-gen4pt|1134\n|gen|9\n|tier|[Gen 9 Champions] VGC 2026 Reg M-A\n|rated|\n|rule|Species Clause: Limit one of each Pok\u00e9mon\n|rule|Item Clause: Limit 1 of each item\n|clearpoke\n|poke|p1|Charizard, L50, F|\n|poke|p1|Milotic, L50, F|\n|poke|p1|Whimsicott, L50, F|\n|poke|p1|Tauros-Paldea-Aqua, L50, M|\n|poke|p1|Sableye, L50, F|\n|poke|p1|Archaludon, L50, F|\n|poke|p2|Incineroar, L50, M|\n|poke|p2|Torkoal, L50, M|\n|poke|p2|Farigiraf, L50, M|\n|poke|p2|Sneasler, L50, F|\n|poke|p2|Hatterene, L50, F|\n|poke|p2|Crabominable, L50, F|\n|teampreview|4\n|inactive|Battle timer is ON: inactive players will automatically lose when time's up. (requested by coucoucoucouuu)\n|inactive|Chill Talis also wants the timer to be on.\n|\n|t:|1776311421\n|teamsize|p1|4\n|teamsize|p2|4\n|start\n|switch|p1a: Sableye|Sableye, L50, F|100/100\n|switch|p1b: Milotic|Milotic, L50, F|100/100\n|switch|p2a: Sneasler|Sneasler, L50, F|100/100\n|switch|p2b: Farigiraf|Farigiraf, L50, M|100/100\n|turn|1\n|\n|t:|1776311439\n|move|p1b: Milotic|Protect|p1b: Milotic\n|-singleturn|p1b: Milotic|Protect\n|move|p2a: Sneasler|Fake Out|p1b: Milotic\n|-activate|p1b: Milotic|move: Protect\n|move|p1a: Sableye|Foul Play|p2b: Farigiraf\n|-supereffective|p2b: Farigiraf|1\n|-damage|p2b: Farigiraf|39/100\n|move|p2b: Farigiraf|Trick Room|p2b: Farigiraf\n|-fieldstart|move: Trick Room|[of] p2b: Farigiraf\n|\n|upkeep\n|turn|2\n|inactive|Chill Talis has 30 seconds left.\n|\n|t:|1776311464\n|switch|p2b: Crabominable|Crabominable, L50, F|100/100\n|move|p1a: Sableye|Foul Play|p2b: Crabominable\n|-resisted|p2b: Crabominable|1\n|-damage|p2b: Crabominable|70/100\n|move|p1b: Milotic|Scald|p2a: Sneasler\n|-damage|p2a: Sneasler|45/100\n|move|p2a: Sneasler|Dire Claw|p1b: Milotic\n|-damage|p1b: Milotic|50/100\n|-status|p1b: Milotic|psn\n|\n|-heal|p1b: Milotic|55/100 psn|[from] item: Leftovers\n|-damage|p1b: Milotic|43/100 psn|[from] psn\n|upkeep\n|turn|3\n|inactive|coucoucoucouuu has 30 seconds left.\n|inactive|coucoucoucouuu has 20 seconds left.\n|\n|t:|1776311502\n|switch|p2a: Farigiraf|Farigiraf, L50, M|39/100\n|detailschange|p2b: Crabominable|Crabominable-Mega, L50, F\n|-mega|p2b: Crabominable|Crabominable|Crabominite\n|move|p1b: Milotic|Protect|p1b: Milotic\n|-singleturn|p1b: Milotic|Protect\n|move|p1a: Sableye|Disable||[still]\n|cant|p2a: Farigiraf|ability: Armor Tail|Disable|[of] p1a: Sableye\n|move|p2b: Crabominable|Ice Hammer|p1a: Sableye\n|-damage|p1a: Sableye|13/100\n|-unboost|p2b: Crabominable|spe|1\n|\n|-heal|p1b: Milotic|49/100 psn|[from] item: Leftovers\n|-damage|p1b: Milotic|37/100 psn|[from] psn\n|upkeep\n|turn|4\n|\n|t:|1776311522\n|move|p2b: Crabominable|Ice Hammer|p1a: Sableye\n|-damage|p1a: Sableye|0 fnt\n|-unboost|p2b: Crabominable|spe|1\n|faint|p1a: Sableye\n|move|p2a: Farigiraf|Psychic Terrain|p2a: Farigiraf\n|-fieldstart|move: Psychic Terrain\n|move|p1b: Milotic|Scald|p2b: Crabominable\n|-damage|p2b: Crabominable|36/100\n|\n|-heal|p1b: Milotic|43/100 psn|[from] item: Leftovers\n|-damage|p1b: Milotic|30/100 psn|[from] psn\n|upkeep\n|\n|t:|1776311540\n|switch|p1a: Tauros|Tauros-Paldea-Aqua, L50, M|100/100\n|-ability|p1a: Tauros|Intimidate|boost\n|-unboost|p2a: Farigiraf|atk|1\n|-unboost|p2b: Crabominable|atk|1\n|turn|5\n|\n|t:|1776311548\n|switch|p2b: Hatterene|Hatterene, L50, F|100/100\n|move|p1b: Milotic|Protect|p1b: Milotic\n|-singleturn|p1b: Milotic|Protect\n|move|p1a: Tauros|Protect|p1a: Tauros\n|-singleturn|p1a: Tauros|Protect\n|move|p2a: Farigiraf|Expanding Force|p1b: Milotic|[spread] \n|-activate|p1a: Tauros|move: Protect\n|-activate|p1b: Milotic|move: Protect\n|\n|-heal|p1b: Milotic|36/100 psn|[from] item: Leftovers\n|-damage|p1b: Milotic|24/100 psn|[from] psn\n|-fieldend|move: Trick Room\n|upkeep\n|turn|6\n|\n|t:|1776311572\n|move|p1a: Tauros|Wave Crash|p2b: Hatterene\n|-damage|p2b: Hatterene|42/100\n|-damage|p1a: Tauros|79/100|[from] Recoil\n|move|p1b: Milotic|Scald|p2a: Farigiraf\n|-damage|p2a: Farigiraf|0 fnt\n|faint|p2a: Farigiraf\n|move|p2b: Hatterene|Trick Room|p2b: Hatterene\n|-fieldstart|move: Trick Room|[of] p2b: Hatterene\n|\n|-heal|p1b: Milotic|30/100 psn|[from] item: Leftovers\n|-damage|p1b: Milotic|17/100 psn|[from] psn\n|upkeep\n|\n|t:|1776311579\n|switch|p2a: Crabominable|Crabominable-Mega, L50, F|36/100\n|turn|7\n|\n|t:|1776311593\n|move|p1b: Milotic|Protect|p1b: Milotic\n|-singleturn|p1b: Milotic|Protect\n|move|p1a: Tauros|Protect|p1a: Tauros\n|-singleturn|p1a: Tauros|Protect\n|move|p2a: Crabominable|Thunder Punch|p1a: Tauros\n|-activate|p1a: Tauros|move: Protect\n|move|p2b: Hatterene|Expanding Force|p1b: Milotic|[spread] \n|-activate|p1a: Tauros|move: Protect\n|-activate|p1b: Milotic|move: Protect\n|\n|-heal|p1b: Milotic|23/100 psn|[from] item: Leftovers\n|-damage|p1b: Milotic|11/100 psn|[from] psn\n|upkeep\n|turn|8\n|inactive|coucoucoucouuu has 30 seconds left.\n|inactive|coucoucoucouuu has 20 seconds left.\n|inactive|coucoucoucouuu has 15 seconds left.\n|\n|t:|1776311634\n|move|p1b: Milotic|Protect||[still]\n|-fail|p1b: Milotic\n|move|p1a: Tauros|Protect||[still]\n|-fail|p1a: Tauros\n|move|p2a: Crabominable|Thunder Punch|p1a: Tauros\n|-supereffective|p1a: Tauros|1\n|-damage|p1a: Tauros|0 fnt\n|faint|p1a: Tauros\n|move|p2b: Hatterene|Expanding Force|p1b: Milotic\n|-damage|p1b: Milotic|0 fnt\n|faint|p1b: Milotic\n|\n|-fieldend|move: Psychic Terrain\n|upkeep\n|\n|t:|1776311649\n|switch|p1a: Charizard|Charizard, L50, F|100/100\n|turn|9\n|\n|t:|1776311657\n|move|p1a: Charizard|Protect|p1a: Charizard\n|-singleturn|p1a: Charizard|Protect\n|move|p2a: Crabominable|Ice Hammer|p1a: Charizard\n|-activate|p1a: Charizard|move: Protect\n|move|p2b: Hatterene|Expanding Force|p1a: Charizard\n|-activate|p1a: Charizard|move: Protect\n|\n|upkeep\n|turn|10\n|\n|t:|1776311666\n|move|p1a: Charizard|Protect||[still]\n|-fail|p1a: Charizard\n|move|p2a: Crabominable|Ice Hammer|p1a: Charizard\n|-damage|p1a: Charizard|0 fnt\n|-unboost|p2a: Crabominable|spe|1\n|faint|p1a: Charizard\n|\n|win|Chill Talis\n|raw|coucoucoucouuu's rating: 1137 &rarr; <strong>1112</strong><br />(-25 for losing)\n|raw|Chill Talis's rating: 1134 &rarr; <strong>1159</strong><br />(+25 for winning)\n|l|\u2606coucoucoucouuu\n|player|p1|\n",
  "uploadtime": 1776311672,
  "views": 19,
  "formatid": "gen9championsvgc2026regma",
  "rating": 1112,
  "private": 0,
  "password": null
}