{
  "id": "gen9championsvgc2026regma-2584145594",
  "format": "[Gen 9 Champions] VGC 2026 Reg M-A",
  "players": [
    "Melolow",
    "colfox"
  ],
  "log": "|j|\u2606Melolow\n|j|\u203dcolfox\n|t:|1776230456\n|gametype|doubles\n|player|p1|Melolow|clair|1120\n|player|p2|colfox|169|1180\n|gen|9\n|tier|[Gen 9 Champions] VGC 2026 Reg M-A\n|rated|\n|rule|Species Clause: Limit one of each Pok\u00e9mon\n|rule|Item Clause: Limit 1 of each item\n|clearpoke\n|poke|p1|Incineroar, L50, M|\n|poke|p1|Gengar, L50, M|\n|poke|p1|Sinistcha, L50|\n|poke|p1|Kingambit, L50, F|\n|poke|p1|Tyranitar, L50, F|\n|poke|p1|Kommo-o, L50, M|\n|poke|p2|Sylveon, L50, F|\n|poke|p2|Garchomp, L50, M|\n|poke|p2|Milotic, L50, F|\n|poke|p2|Ninetales, L50, F|\n|poke|p2|Raichu, L50, F|\n|poke|p2|Scizor, L50, F|\n|teampreview|4\n|inactive|Battle timer is ON: inactive players will automatically lose when time's up. (requested by Melolow)\nMelolow rejected open team sheets.\n|l|\u2606Melolow\n|inactive|Melolow disconnected and has a minute to reconnect!\n|player|p1|\n|\n|t:|1776230497\n|teamsize|p1|4\n|teamsize|p2|4\n|start\n|switch|p1a: Gengar|Gengar, L50, M|100/100\n|switch|p1b: Incineroar|Incineroar, L50, M|100/100\n|switch|p2a: Milotic|Milotic, L50, F|100/100\n|switch|p2b: Sylveon|Sylveon, L50, F|100/100\n|-ability|p1b: Incineroar|Intimidate|boost\n|-unboost|p2a: Milotic|atk|1\n|-ability|p2a: Milotic|Competitive|boost\n|-boost|p2a: Milotic|spa|2\n|-unboost|p2b: Sylveon|atk|1\n|turn|1\n|j|\u2606Melolow\n|inactive|Melolow reconnected and has 35 seconds left.\n|player|p1|Melolow|clair|\n|inactive|Melolow has 30 seconds left.\n|\n|t:|1776230525\n|detailschange|p1a: Gengar|Gengar-Mega, L50, M\n|-mega|p1a: Gengar|Gengar|Gengarite\n|move|p1b: Incineroar|Fake Out|p2a: Milotic\n|-damage|p2a: Milotic|89/100\n|move|p1a: Gengar|Perish Song|p1a: Gengar\n|-start|p1a: Gengar|perish3|[silent]\n|-start|p1b: Incineroar|perish3|[silent]\n|-start|p2a: Milotic|perish3|[silent]\n|-start|p2b: Sylveon|perish3|[silent]\n|-fieldactivate|move: Perish Song\n|cant|p2a: Milotic|flinch\n|move|p2b: Sylveon|Hyper Voice|p1a: Gengar|[spread] p1a,p1b\n|-resisted|p1a: Gengar|1\n|-damage|p1a: Gengar|75/100\n|-damage|p1b: Incineroar|64/100\n|\n|-start|p1a: Gengar|perish3\n|-start|p2a: Milotic|perish3\n|-start|p1b: Incineroar|perish3\n|-start|p2b: Sylveon|perish3\n|upkeep\n|turn|2\n|inactive|colfox has 30 seconds left.\n|\n|t:|1776230552\n|move|p1a: Gengar|Protect|p1a: Gengar\n|-singleturn|p1a: Gengar|Protect\n|move|p1b: Incineroar|Protect|p1b: Incineroar\n|-singleturn|p1b: Incineroar|Protect\n|move|p2a: Milotic|Scald|p1b: Incineroar\n|-activate|p1b: Incineroar|move: Protect\n|move|p2b: Sylveon|Hyper Voice|p1a: Gengar|[spread] \n|-activate|p1a: Gengar|move: Protect\n|-activate|p1b: Incineroar|move: Protect\n|\n|-start|p1a: Gengar|perish2\n|-start|p2a: Milotic|perish2\n|-start|p1b: Incineroar|perish2\n|-start|p2b: Sylveon|perish2\n|upkeep\n|turn|3\n|\n|t:|1776230575\n|move|p1a: Gengar|Disable|p2a: Milotic\n|-start|p2a: Milotic|Disable|Scald\n|cant|p2a: Milotic|Disable|Scald\n|move|p1b: Incineroar|Parting Shot|p2b: Sylveon\n|-unboost|p2b: Sylveon|atk|1\n|-unboost|p2b: Sylveon|spa|1\n|\n|t:|1776230582\n|switch|p1b: Sinistcha|Sinistcha, L50|100/100|[from] Parting Shot\n|-heal|p1a: Gengar|99/100|[from] ability: Hospitality|[of] p1b: Sinistcha\n|move|p2b: Sylveon|Mystical Fire|p1a: Gengar\n|-damage|p1a: Gengar|79/100\n|-unboost|p1a: Gengar|spa|1\n|\n|-start|p1a: Gengar|perish1\n|-start|p2a: Milotic|perish1\n|-start|p2b: Sylveon|perish1\n|upkeep\n|turn|4\n|\n|t:|1776230600\n|switch|p1a: Incineroar|Incineroar, L50, M|64/100\n|-ability|p1a: Incineroar|Intimidate|boost\n|-unboost|p2a: Milotic|atk|1\n|-ability|p2a: Milotic|Competitive|boost\n|-boost|p2a: Milotic|spa|2\n|-unboost|p2b: Sylveon|atk|1\n|move|p2a: Milotic|Icy Wind|p1b: Sinistcha|[spread] p1a,p1b\n|-resisted|p1a: Incineroar|1\n|-supereffective|p1b: Sinistcha|1\n|-crit|p1b: Sinistcha\n|-damage|p1a: Incineroar|51/100\n|-damage|p1b: Sinistcha|0 fnt\n|-unboost|p1a: Incineroar|spe|1\n|faint|p1b: Sinistcha\n|move|p2b: Sylveon|Mystical Fire|p1a: Incineroar\n|-resisted|p1a: Incineroar|1\n|-damage|p1a: Incineroar|45/100\n|-unboost|p1a: Incineroar|spa|1\n|\n|-start|p2a: Milotic|perish0\n|-start|p2b: Sylveon|perish0\n|upkeep\n|faint|p2a: Milotic\n|faint|p2b: Sylveon\n|\n|t:|1776230620\n|switch|p2a: Garchomp|Garchomp, L50, M|100/100\n|switch|p1b: Gengar|Gengar-Mega, L50, M|79/100\n|switch|p2b: Ninetales|Ninetales, L50, F|100/100\n|-weather|SunnyDay|[from] ability: Drought|[of] p2b: Ninetales\n|turn|5\n|c|\u2606Melolow|That\u2019s alot of damage \ud83d\ude2d\n|\n|t:|1776230639\n|move|p2b: Ninetales|Protect|p2b: Ninetales\n|-singleturn|p2b: Ninetales|Protect\n|move|p1a: Incineroar|Fake Out|p2a: Garchomp\n|-damage|p2a: Garchomp|91/100\n|-damage|p1a: Incineroar|32/100|[from] ability: Rough Skin|[of] p2a: Garchomp\n|move|p1b: Gengar|Perish Song|p1b: Gengar\n|-start|p1a: Incineroar|perish3|[silent]\n|-start|p1b: Gengar|perish3|[silent]\n|-start|p2a: Garchomp|perish3|[silent]\n|-start|p2b: Ninetales|perish3|[silent]\n|-fieldactivate|move: Perish Song\n|cant|p2a: Garchomp|flinch\n|\n|-weather|SunnyDay|[upkeep]\n|-start|p1b: Gengar|perish3\n|-start|p2a: Garchomp|perish3\n|-start|p2b: Ninetales|perish3\n|-start|p1a: Incineroar|perish3\n|upkeep\n|turn|6\n|\n|t:|1776230662\n|switch|p1a: Tyranitar|Tyranitar, L50, F|100/100\n|-weather|Sandstorm|[from] ability: Sand Stream|[of] p1a: Tyranitar\n|move|p2b: Ninetales|Helping Hand|p2a: Garchomp\n|-singleturn|p2a: Garchomp|Helping Hand|[of] p2b: Ninetales\n|move|p1b: Gengar|Protect|p1b: Gengar\n|-singleturn|p1b: Gengar|Protect\n|move|p2a: Garchomp|Rock Slide|p1a: Tyranitar|[spread] p1a\n|-activate|p1b: Gengar|move: Protect\n|-damage|p1a: Tyranitar|75/100\n|\n|-weather|Sandstorm|[upkeep]\n|-damage|p1b: Gengar|73/100|[from] Sandstorm\n|-damage|p2b: Ninetales|94/100|[from] Sandstorm\n|-start|p1b: Gengar|perish2\n|-start|p2a: Garchomp|perish2\n|-start|p2b: Ninetales|perish2\n|upkeep\n|turn|7\n|\n|t:|1776230685\n|move|p2b: Ninetales|Helping Hand|p2a: Garchomp\n|-singleturn|p2a: Garchomp|Helping Hand|[of] p2b: Ninetales\n|move|p1b: Gengar|Disable|p2a: Garchomp\n|-start|p2a: Garchomp|Disable|Rock Slide\n|move|p1a: Tyranitar|Rock Slide|p2b: Ninetales|[spread] p2b\n|-miss|p1a: Tyranitar|p2a: Garchomp\n|-supereffective|p2b: Ninetales|1\n|-damage|p2b: Ninetales|23/100\n|move|p2a: Garchomp|Earthquake|p1a: Tyranitar|[spread] p2b,p1a,p1b\n|-supereffective|p2b: Ninetales|1\n|-supereffective|p1a: Tyranitar|1\n|-supereffective|p1b: Gengar|1\n|-damage|p2b: Ninetales|0 fnt\n|-damage|p1a: Tyranitar|0 fnt\n|-damage|p1b: Gengar|0 fnt\n|faint|p2b: Ninetales\n|faint|p1a: Tyranitar\n|faint|p1b: Gengar\n|\n|-weather|Sandstorm|[upkeep]\n|-start|p2a: Garchomp|perish1\n|upkeep\n|\n|t:|1776230698\n|switch|p1b: Incineroar|Incineroar, L50, M|32/100\n|-ability|p1b: Incineroar|Intimidate|boost\n|-unboost|p2a: Garchomp|atk|1\n|turn|8\n|\n|t:|1776230709\n|move|p1b: Incineroar|Fake Out|p2a: Garchomp\n|-damage|p2a: Garchomp|79/100\n|-damage|p1b: Incineroar|20/100|[from] ability: Rough Skin|[of] p2a: Garchomp\n|cant|p2a: Garchomp|flinch\n|\n|-weather|Sandstorm|[upkeep]\n|-damage|p1b: Incineroar|14/100|[from] Sandstorm\n|-start|p2a: Garchomp|perish0\n|upkeep\n|faint|p2a: Garchomp\n|\n|win|Melolow\n|raw|Melolow's rating: 1120 &rarr; <strong>1149</strong><br />(+29 for winning)\n|raw|colfox's rating: 1180 &rarr; <strong>1151</strong><br />(-29 for losing)\n|l|\u2606Melolow\n|player|p1|\n",
  "uploadtime": 1776230725,
  "views": 44,
  "formatid": "gen9championsvgc2026regma",
  "rating": 1149,
  "private": 0,
  "password": null
}