{
  "id": "gen9championsvgc2026regma-2581437206",
  "format": "[Gen 9 Champions] VGC 2026 Reg M-A",
  "players": [
    "Jeremykhoo",
    "smeggyjooks54"
  ],
  "log": "|j|\u2606Jeremykhoo\n|j|\u2606smeggyjooks54\n|t:|1776000320\n|gametype|doubles\n|player|p1|Jeremykhoo|266|1084\n|player|p2|smeggyjooks54|boarder|1000\n|gen|9\n|tier|[Gen 9 Champions] VGC 2026 Reg M-A\n|rated|\n|rule|Species Clause: Limit one of each Pok\u00e9mon\n|rule|Item Clause: Limit 1 of each item\n|clearpoke\n|poke|p1|Tyranitar, L50, M|\n|poke|p1|Whimsicott, L50, F|\n|poke|p1|Aggron, L50, M|\n|poke|p1|Drampa, L50, F|\n|poke|p1|Sylveon, L50, F|\n|poke|p1|Arcanine, L50, F|\n|poke|p2|Incineroar, L50, M|\n|poke|p2|Politoed, L50, M|\n|poke|p2|Beedrill, L50, M|\n|poke|p2|Archaludon, L50, F|\n|poke|p2|Toucannon, L50, F|\n|poke|p2|Sylveon, L50, M|\n|teampreview|4\n|\n|t:|1776000379\n|teamsize|p1|4\n|teamsize|p2|4\n|start\n|switch|p1a: Whimsicott|Whimsicott, L50, F|100/100\n|switch|p1b: Aggron|Aggron, L50, M|100/100\n|switch|p2a: Archaludon|Archaludon, L50, F|100/100\n|switch|p2b: Politoed|Politoed, L50, M|100/100\n|-weather|RainDance|[from] ability: Drizzle|[of] p2b: Politoed\n|turn|1\n|\n|t:|1776000421\n|switch|p1b: Drampa|Drampa, L50, F|100/100\n|-ability|p1b: Drampa|Cloud Nine\n|move|p1a: Whimsicott|Tailwind|p1a: Whimsicott\n|-sidestart|p1: Jeremykhoo|move: Tailwind\n|move|p2a: Archaludon|Aura Sphere|p1b: Drampa\n|-supereffective|p1b: Drampa|1\n|-crit|p1b: Drampa\n|-damage|p1b: Drampa|9/100\n|move|p2b: Politoed|Earth Power|p1b: Drampa\n|-damage|p1b: Drampa|0 fnt\n|faint|p1b: Drampa\n|\n|-weather|RainDance|[upkeep]\n|upkeep\n|\n|t:|1776000435\n|switch|p1b: Aggron|Aggron, L50, M|100/100\n|turn|2\n|\n|t:|1776000446\n|move|p1b: Aggron|Protect|p1b: Aggron\n|-singleturn|p1b: Aggron|Protect\n|move|p1a: Whimsicott|Moonblast|p2b: Politoed\n|-damage|p2b: Politoed|79/100\n|move|p2a: Archaludon|Aura Sphere|p1b: Aggron\n|-activate|p1b: Aggron|move: Protect\n|move|p2b: Politoed|Earth Power|p1b: Aggron\n|-activate|p1b: Aggron|move: Protect\n|\n|-weather|RainDance|[upkeep]\n|upkeep\n|turn|3\n|\n|t:|1776000464\n|switch|p1b: Arcanine|Arcanine, L50, F|100/100\n|-ability|p1b: Arcanine|Intimidate|boost\n|-unboost|p2a: Archaludon|atk|1\n|-unboost|p2b: Politoed|atk|1\n|move|p1a: Whimsicott|Moonblast|p2b: Politoed\n|-damage|p2b: Politoed|54/100\n|move|p2a: Archaludon|Aura Sphere|p1b: Arcanine\n|-damage|p1b: Arcanine|73/100\n|move|p2b: Politoed|Earth Power|p1b: Arcanine\n|-supereffective|p1b: Arcanine|1\n|-enditem|p1b: Arcanine|Shuca Berry|[eat]\n|-enditem|p1b: Arcanine|Shuca Berry|[weaken]\n|-damage|p1b: Arcanine|43/100\n|\n|-weather|RainDance|[upkeep]\n|upkeep\n|turn|4\n|c|\u2606smeggyjooks54|let me kill your agron\n|c|\u2606smeggyjooks54|its all i want to do\n|c|\u2606smeggyjooks54|let me\n|inactive|Battle timer is ON: inactive players will automatically lose when time's up. (requested by smeggyjooks54)\n|\n|t:|1776000505\n|move|p1b: Arcanine|Extreme Speed|p2b: Politoed\n|-damage|p2b: Politoed|30/100\n|-enditem|p2b: Politoed|Sitrus Berry|[eat]\n|-heal|p2b: Politoed|55/100|[from] item: Sitrus Berry\n|move|p1a: Whimsicott|Moonblast|p2b: Politoed\n|-damage|p2b: Politoed|33/100\n|move|p2a: Archaludon|Flash Cannon|p1a: Whimsicott\n|-supereffective|p1a: Whimsicott|1\n|-damage|p1a: Whimsicott|9/100\n|move|p2b: Politoed|Weather Ball|p1b: Arcanine\n|-supereffective|p1b: Arcanine|1\n|-damage|p1b: Arcanine|0 fnt\n|faint|p1b: Arcanine\n|\n|-weather|RainDance|[upkeep]\n|-sideend|p1: Jeremykhoo|move: Tailwind\n|upkeep\n|\n|t:|1776000520\n|switch|p1b: Aggron|Aggron, L50, M|100/100\n|turn|5\n|inactive|Jeremykhoo has 30 seconds left.\n|-message|Jeremykhoo forfeited.\n|\n|win|smeggyjooks54\n|raw|Jeremykhoo's rating: 1084 &rarr; <strong>1056</strong><br />(-28 for losing)\n|raw|smeggyjooks54's rating: 1000 &rarr; <strong>1049</strong><br />(+49 for winning)\n",
  "uploadtime": 1776000553,
  "views": 16,
  "formatid": "gen9championsvgc2026regma",
  "rating": 1049,
  "private": 0,
  "password": null
}