{
  "id": "gen9championsvgc2026regma-2583859651",
  "format": "[Gen 9 Champions] VGC 2026 Reg M-A",
  "players": [
    "316x",
    "CHUDCHAMPS"
  ],
  "log": "|j|\u2606316x\n|j|\u2606CHUDCHAMPS\n|t:|1776203328\n|gametype|doubles\n|player|p1|316x|2|1128\n|player|p2|CHUDCHAMPS|170|1046\n|gen|9\n|tier|[Gen 9 Champions] VGC 2026 Reg M-A\n|rated|\n|rule|Species Clause: Limit one of each Pok\u00e9mon\n|rule|Item Clause: Limit 1 of each item\n|clearpoke\n|poke|p1|Beedrill, L50, F|\n|poke|p1|Whimsicott, L50, M|\n|poke|p1|Aegislash, L50, M|\n|poke|p1|Sneasler, L50, F|\n|poke|p1|Ditto, L50|\n|poke|p1|Incineroar, L50, M|\n|poke|p2|Froslass, L50, F|\n|poke|p2|Beartic, L50, F|\n|poke|p2|Ninetales-Alola, L50, F|\n|poke|p2|Aurorus, L50, M|\n|poke|p2|Mr. Rime, L50, F|\n|poke|p2|Crabominable, L50, F|\n|teampreview|4\n|inactive|Battle timer is ON: inactive players will automatically lose when time's up. (requested by CHUDCHAMPS)\nCHUDCHAMPS rejected open team sheets.\n|\n|t:|1776203367\n|teamsize|p1|4\n|teamsize|p2|4\n|start\n|switch|p1a: Aegislash|Aegislash, L50, M|100/100\n|switch|p1b: Sneasler|Sneasler, L50, F|100/100\n|switch|p2a: Mr. Rime|Mr. Rime, L50, F, shiny|100/100\n|switch|p2b: Crabominable|Crabominable, L50, F|100/100\n|turn|1\n|\n|t:|1776203386\n|move|p2a: Mr. Rime|Protect|p2a: Mr. Rime\n|-singleturn|p2a: Mr. Rime|Protect\n|move|p2b: Crabominable|Protect|p2b: Crabominable\n|-singleturn|p2b: Crabominable|Protect\n|move|p1b: Sneasler|Fake Out|p2a: Mr. Rime\n|-activate|p2a: Mr. Rime|move: Protect\n|-formechange|p1a: Aegislash|Aegislash-Blade|\n|move|p1a: Aegislash|Sacred Sword|p2b: Crabominable\n|-activate|p2b: Crabominable|move: Protect\n|\n|upkeep\n|turn|2\n|inactive|CHUDCHAMPS has 30 seconds left.\n|\n|t:|1776203418\n|switch|p2b: Froslass|Froslass, L50, F|100/100\n|move|p1b: Sneasler|Close Combat|p2b: Froslass\n|-immune|p2b: Froslass\n|move|p1a: Aegislash|Sacred Sword|p2b: Froslass\n|-immune|p2b: Froslass\n|move|p2a: Mr. Rime|Trick Room|p2a: Mr. Rime\n|-fieldstart|move: Trick Room|[of] p2a: Mr. Rime\n|\n|upkeep\n|turn|3\n|inactive|316x has 30 seconds left.\n|inactive|CHUDCHAMPS has 30 seconds left.\n|inactive|316x has 20 seconds left.\n|inactive|CHUDCHAMPS has 20 seconds left.\n|inactive|316x has 15 seconds left.\n|inactive|CHUDCHAMPS has 15 seconds left.\n|inactive|316x has 10 seconds left.\n|inactive|316x has 5 seconds left.\n|\n|t:|1776203473\n|switch|p2b: Crabominable|Crabominable, L50, F|100/100\n|move|p2a: Mr. Rime|Protect|p2a: Mr. Rime\n|-singleturn|p2a: Mr. Rime|Protect\n|move|p1a: Aegislash|Wide Guard|p1a: Aegislash\n|-singleturn|p1a: Aegislash|Wide Guard\n|move|p1b: Sneasler|Coaching|p1a: Aegislash\n|-boost|p1a: Aegislash|atk|1\n|-boost|p1a: Aegislash|def|1\n|\n|upkeep\n|turn|4\n|inactive|316x has 30 seconds left.\n|inactive|316x has 20 seconds left.\n|inactive|316x has 15 seconds left.\n|inactive|316x has 10 seconds left.\n|inactive|316x has 5 seconds left.\n|\n|t:|1776203528\n|move|p1a: Aegislash|Wide Guard|p1a: Aegislash\n|-singleturn|p1a: Aegislash|Wide Guard\n|move|p2b: Crabominable|Ice Hammer|p1b: Sneasler\n|-enditem|p1b: Sneasler|Focus Sash\n|-damage|p1b: Sneasler|1/100\n|-unboost|p2b: Crabominable|spe|1\n|move|p2a: Mr. Rime|Frost Breath|p2b: Crabominable\n|-resisted|p2b: Crabominable|1\n|-crit|p2b: Crabominable\n|-damage|p2b: Crabominable|80/100\n|-setboost|p2b: Crabominable|atk|6|[from] ability: Anger Point\n|move|p1b: Sneasler|Coaching|p1a: Aegislash\n|-boost|p1a: Aegislash|atk|1\n|-boost|p1a: Aegislash|def|1\n|\n|upkeep\n|turn|5\n|inactive|316x has 30 seconds left.\n|inactive|316x has 20 seconds left.\n|inactive|316x has 15 seconds left.\n|inactive|316x has 10 seconds left.\n|inactive|316x has 5 seconds left.\n|\n|t:|1776203583\n|detailschange|p2b: Crabominable|Crabominable-Mega, L50, F\n|-mega|p2b: Crabominable|Crabominable|Crabominite\n|move|p1a: Aegislash|Wide Guard|p1a: Aegislash\n|-singleturn|p1a: Aegislash|Wide Guard\n|move|p2b: Crabominable|Ice Hammer|p1a: Aegislash\n|-resisted|p1a: Aegislash|1\n|-damage|p1a: Aegislash|0 fnt\n|-unboost|p2b: Crabominable|spe|1\n|faint|p1a: Aegislash\n|move|p2a: Mr. Rime|Frost Breath|p1b: Sneasler\n|-crit|p1b: Sneasler\n|-damage|p1b: Sneasler|0 fnt\n|faint|p1b: Sneasler\n|\n|upkeep\n|inactive|316x has 30 seconds left.\n|inactive|316x has 20 seconds left.\n|inactive|316x has 15 seconds left.\n|inactive|316x has 10 seconds left.\n|inactive|316x has 5 seconds left.\n|\n|t:|1776203638\n|switch|p1a: Ditto|Ditto, L50|100/100\n|switch|p1b: Beedrill|Beedrill, L50, F|100/100\n|-transform|p1a: Ditto|p2b: Crabominable|[from] ability: Imposter\n|turn|6\n|inactive|316x has 30 seconds left.\n|inactive|316x has 20 seconds left.\n|inactive|316x has 15 seconds left.\n|inactive|316x has 10 seconds left.\n|inactive|316x has 5 seconds left.\n|\n|t:|1776203693\n|move|p1a: Ditto|Protect|p1a: Ditto\n|-singleturn|p1a: Ditto|Protect\n|move|p2b: Crabominable|Rock Slide|p1a: Ditto|[spread] p1b\n|-activate|p1a: Ditto|move: Protect\n|-supereffective|p1b: Beedrill|1\n|-damage|p1b: Beedrill|0 fnt\n|faint|p1b: Beedrill\n|move|p2a: Mr. Rime|Frost Breath|p1a: Ditto\n|-activate|p1a: Ditto|move: Protect\n|\n|-fieldend|move: Trick Room\n|upkeep\n|turn|7\n|inactive|316x has 30 seconds left.\n|inactive|316x has 20 seconds left.\n|inactive|316x has 15 seconds left.\n|inactive|316x has 10 seconds left.\n|inactive|316x has 5 seconds left.\n|\n|t:|1776203749\n|move|p1a: Ditto|Protect||[still]\n|-fail|p1a: Ditto\n|move|p2a: Mr. Rime|Encore|p1a: Ditto\n|-start|p1a: Ditto|Encore\n|move|p2b: Crabominable|Drain Punch|p1a: Ditto\n|-supereffective|p1a: Ditto|1\n|-crit|p1a: Ditto\n|-damage|p1a: Ditto|0 fnt\n|-heal|p2b: Crabominable|100/100|[from] drain|[of] p1a: Ditto\n|faint|p1a: Ditto\n|\n|win|CHUDCHAMPS\n|raw|316x's rating: 1160 &rarr; <strong>1127</strong><br />(-33 for losing)\n|raw|CHUDCHAMPS's rating: 1046 &rarr; <strong>1090</strong><br />(+44 for winning)\n",
  "uploadtime": 1776203759,
  "views": 19,
  "formatid": "gen9championsvgc2026regma",
  "rating": 1090,
  "private": 0,
  "password": null
}