{
  "id": "gen9championsvgc2026regma-2586282623",
  "format": "[Gen 9 Champions] VGC 2026 Reg M-A",
  "players": [
    "fukuyama daki",
    "nanamixd"
  ],
  "log": "|j|\u2606fukuyama daki\n|j|\u2606nanamixd\n|t:|1776421001\n|gametype|doubles\n|player|p1|fukuyama daki|silver|1086\n|player|p2|nanamixd|102|1177\n|gen|9\n|tier|[Gen 9 Champions] VGC 2026 Reg M-A\n|rated|\n|rule|Species Clause: Limit one of each Pok\u00e9mon\n|rule|Item Clause: Limit 1 of each item\n|clearpoke\n|poke|p1|Sableye, L50, F|\n|poke|p1|Araquanid, L50, M|\n|poke|p1|Kingambit, L50, F|\n|poke|p1|Starmie, L50|\n|poke|p1|Sneasler, L50, M|\n|poke|p1|Archaludon, L50, F|\n|poke|p2|Gardevoir, L50, M|\n|poke|p2|Froslass, L50, F|\n|poke|p2|Garchomp, L50, F|\n|poke|p2|Sneasler, L50, F|\n|poke|p2|Kingambit, L50, M|\n|poke|p2|Basculegion, L50, M|\n|teampreview|4\n|inactive|Battle timer is ON: inactive players will automatically lose when time's up. (requested by fukuyama daki)\n|inactive|fukuyama daki has 60 seconds left.\n|inactive|nanamixd has 60 seconds left.\n|\n|t:|1776421056\n|teamsize|p1|4\n|teamsize|p2|4\n|start\n|switch|p1a: Sableye|Sableye, L50, F|100/100\n|switch|p1b: Araquanid|Araquanid, L50, M|100/100\n|switch|p2a: Gardevoir|Gardevoir, L50, M, shiny|100/100\n|switch|p2b: Sneasler|Sneasler, L50, F|100/100\n|turn|1\n|\n|t:|1776421071\n|detailschange|p2a: Gardevoir|Gardevoir-Mega, L50, M, shiny\n|-mega|p2a: Gardevoir|Gardevoir|Gardevoirite\n|move|p1b: Araquanid|Protect|p1b: Araquanid\n|-singleturn|p1b: Araquanid|Protect\n|move|p2b: Sneasler|Fake Out|p1b: Araquanid\n|-activate|p1b: Araquanid|move: Protect\n|move|p1a: Sableye|Thunder Wave|p2b: Sneasler\n|-status|p2b: Sneasler|par\n|move|p2a: Gardevoir|Calm Mind|p2a: Gardevoir\n|-boost|p2a: Gardevoir|spa|1\n|-boost|p2a: Gardevoir|spd|1\n|\n|upkeep\n|turn|2\n|inactive|nanamixd has 30 seconds left.\n|\n|t:|1776421099\n|move|p1a: Sableye|Light Screen|p1a: Sableye\n|-sidestart|p1: fukuyama daki|move: Light Screen\n|move|p2a: Gardevoir|Hyper Voice|p1a: Sableye|[spread] p1a,p1b\n|-supereffective|p1a: Sableye|1\n|-damage|p1a: Sableye|0 fnt\n|-damage|p1b: Araquanid|64/100\n|faint|p1a: Sableye\n|move|p2b: Sneasler|Close Combat|p1b: Araquanid\n|-resisted|p1b: Araquanid|1\n|-crit|p1b: Araquanid\n|-damage|p1b: Araquanid|14/100\n|-unboost|p2b: Sneasler|def|1\n|-unboost|p2b: Sneasler|spd|1\n|-enditem|p2b: Sneasler|White Herb\n|-clearnegativeboost|p2b: Sneasler|[silent]\n|move|p1b: Araquanid|Liquidation|p2a: Gardevoir\n|-damage|p2a: Gardevoir|5/100\n|-unboost|p2a: Gardevoir|def|1\n|\n|upkeep\n|\n|t:|1776421113\n|switch|p1a: Starmie|Starmie, L50|100/100\n|turn|3\n|inactive|nanamixd has 30 seconds left.\n|inactive|nanamixd has 20 seconds left.\n|\n|t:|1776421148\n|detailschange|p1a: Starmie|Starmie-Mega, L50\n|-mega|p1a: Starmie|Starmie|Starminite\n|move|p1b: Araquanid|Wide Guard|p1b: Araquanid\n|-singleturn|p1b: Araquanid|Wide Guard\n|move|p1a: Starmie|Psycho Cut|p2b: Sneasler\n|-supereffective|p2b: Sneasler|2\n|-damage|p2b: Sneasler|0 fnt\n|faint|p2b: Sneasler\n|move|p2a: Gardevoir|Hyper Voice|p1a: Starmie|[spread] \n|-activate|p1a: Starmie|move: Wide Guard\n|-activate|p1b: Araquanid|move: Wide Guard\n|\n|upkeep\n|\n|t:|1776421157\n|switch|p2b: Basculegion|Basculegion, L50, M|100/100\n|turn|4\n|\n|t:|1776421166\n|move|p1a: Starmie|Protect|p1a: Starmie\n|-singleturn|p1a: Starmie|Protect\n|move|p2b: Basculegion|Last Respects|p1a: Starmie\n|-activate|p1a: Starmie|move: Protect\n|move|p2a: Gardevoir|Hyper Voice|p1a: Starmie|[spread] p1b\n|-activate|p1a: Starmie|move: Protect\n|-damage|p1b: Araquanid|0 fnt\n|faint|p1b: Araquanid\n|\n|upkeep\n|\n|t:|1776421168\n|switch|p1b: Kingambit|Kingambit, L50, F|100/100\n|turn|5\n|\n|t:|1776421182\n|switch|p2b: Garchomp|Garchomp, L50, F|100/100\n|move|p2a: Gardevoir|Protect|p2a: Gardevoir\n|-singleturn|p2a: Gardevoir|Protect\n|move|p1b: Kingambit|Sucker Punch||[still]\n|-fail|p1b: Kingambit\n|move|p1a: Starmie|Waterfall|p2a: Gardevoir\n|-activate|p2a: Gardevoir|move: Protect\n|\n|upkeep\n|turn|6\n|inactive|nanamixd has 30 seconds left.\n|\n|t:|1776421212\n|move|p1b: Kingambit|Sucker Punch|p2a: Gardevoir\n|-damage|p2a: Gardevoir|0 fnt\n|faint|p2a: Gardevoir\n|move|p1a: Starmie|Ice Spinner|p2b: Garchomp\n|-supereffective|p2b: Garchomp|2\n|-damage|p2b: Garchomp|0 fnt\n|-damage|p1a: Starmie|89/100|[from] ability: Rough Skin|[of] p2b: Garchomp\n|faint|p2b: Garchomp\n|\n|-sideend|p1: fukuyama daki|move: Light Screen\n|upkeep\n|\n|t:|1776421220\n|switch|p2b: Basculegion|Basculegion, L50, M|100/100\n|turn|7\n|\n|t:|1776421226\n|move|p1b: Kingambit|Sucker Punch|p2b: Basculegion\n|-supereffective|p2b: Basculegion|1\n|-damage|p2b: Basculegion|0 fnt\n|faint|p2b: Basculegion\n|\n|win|fukuyama daki\n|raw|fukuyama daki's rating: 1086 &rarr; <strong>1120</strong><br />(+34 for winning)\n|raw|nanamixd's rating: 1177 &rarr; <strong>1146</strong><br />(-31 for losing)\n",
  "uploadtime": 1776421227,
  "views": 25,
  "formatid": "gen9championsvgc2026regma",
  "rating": 1120,
  "private": 0,
  "password": null
}