{
  "id": "gen9championsvgc2026regma-2583890698",
  "format": "[Gen 9 Champions] VGC 2026 Reg M-A",
  "players": [
    "slothgameplay",
    "Disasterios"
  ],
  "log": "|j|\u2606slothgameplay\n|j|\u2606Disasterios\n|t:|1776205865\n|gametype|doubles\n|player|p1|slothgameplay|2|1080\n|player|p2|Disasterios|169|1000\n|gen|9\n|tier|[Gen 9 Champions] VGC 2026 Reg M-A\n|rated|\n|rule|Species Clause: Limit one of each Pok\u00e9mon\n|rule|Item Clause: Limit 1 of each item\n|clearpoke\n|poke|p1|Gengar, L50, M|\n|poke|p1|Incineroar, L50, F|\n|poke|p1|Sinistcha-Masterpiece, L50|\n|poke|p1|Kingambit, L50, M|\n|poke|p1|Tyranitar, L50, F|\n|poke|p1|Kommo-o, L50, M|\n|poke|p2|Tyranitar, L50, M|\n|poke|p2|Hippowdon, L50, F|\n|poke|p2|Excadrill, L50, F|\n|poke|p2|Garchomp, L50, M|\n|poke|p2|Rotom-Wash, L50|\n|poke|p2|Corviknight, L50, F|\n|teampreview|4\nDisasterios rejected open team sheets.\n|inactive|Battle timer is ON: inactive players will automatically lose when time's up. (requested by Disasterios)\n|inactive|Disasterios has 60 seconds left.\n|\n|t:|1776205917\n|teamsize|p1|4\n|teamsize|p2|4\n|start\n|switch|p1a: Jigokudo|Gengar, L50, M, shiny|100/100\n|switch|p1b: Incineroar|Incineroar, L50, F|100/100\n|switch|p2a: Hippowdon|Hippowdon, L50, F|100/100\n|switch|p2b: Rotom|Rotom-Wash, L50|100/100\n|-ability|p1b: Incineroar|Intimidate|boost\n|-unboost|p2a: Hippowdon|atk|1\n|-unboost|p2b: Rotom|atk|1\n|-weather|Sandstorm|[from] ability: Sand Stream|[of] p2a: Hippowdon\n|turn|1\n|\n|t:|1776205941\n|detailschange|p1a: Jigokudo|Gengar-Mega, L50, M, shiny\n|-mega|p1a: Jigokudo|Gengar|Gengarite\n|move|p1b: Incineroar|Fake Out|p2b: Rotom\n|-damage|p2b: Rotom|89/100\n|move|p1a: Jigokudo|Perish Song|p1a: Jigokudo\n|-start|p1a: Jigokudo|perish3|[silent]\n|-start|p1b: Incineroar|perish3|[silent]\n|-start|p2a: Hippowdon|perish3|[silent]\n|-start|p2b: Rotom|perish3|[silent]\n|-fieldactivate|move: Perish Song\n|cant|p2b: Rotom|flinch\n|move|p2a: Hippowdon|Stealth Rock|p1b: Incineroar\n|-sidestart|p1: slothgameplay|move: Stealth Rock\n|\n|-weather|Sandstorm|[upkeep]\n|-damage|p1a: Jigokudo|95/100|[from] Sandstorm\n|-damage|p2b: Rotom|83/100|[from] Sandstorm\n|-damage|p1b: Incineroar|95/100|[from] Sandstorm\n|-start|p1a: Jigokudo|perish3\n|-start|p2b: Rotom|perish3\n|-start|p1b: Incineroar|perish3\n|-start|p2a: Hippowdon|perish3\n|upkeep\n|turn|2\n|inactive|slothgameplay has 30 seconds left.\n|\n|t:|1776205974\n|switch|p1a: Sinistcha|Sinistcha-Masterpiece, L50|100/100\n|-damage|p1a: Sinistcha|88/100|[from] Stealth Rock\n|-heal|p1b: Incineroar|100/100|[from] ability: Hospitality|[of] p1a: Sinistcha\n|move|p2b: Rotom|Volt Switch|p1b: Incineroar\n|-crit|p1b: Incineroar\n|-damage|p1b: Incineroar|74/100\n|\n|t:|1776205983\n|switch|p2b: Excadrill|Excadrill, L50, F|100/100|[from] Volt Switch\n|move|p1b: Incineroar|Parting Shot|p2b: Excadrill\n|-unboost|p2b: Excadrill|atk|1\n|-unboost|p2b: Excadrill|spa|1\n|\n|t:|1776205998\n|switch|p1b: Jigokudo|Gengar-Mega, L50, M, shiny|95/100|[from] Parting Shot\n|-damage|p1b: Jigokudo|83/100|[from] Stealth Rock\n|move|p2a: Hippowdon|Whirlwind|p1a: Sinistcha\n|drag|p1a: Kingambit|Kingambit, L50, M|100/100\n|-damage|p1a: Kingambit|95/100|[from] Stealth Rock\n|\n|-weather|Sandstorm|[upkeep]\n|-damage|p1b: Jigokudo|77/100|[from] Sandstorm\n|-start|p2a: Hippowdon|perish2\n|upkeep\n|turn|3\n|\n|t:|1776206015\n|switch|p1a: Incineroar|Incineroar, L50, F|74/100\n|-damage|p1a: Incineroar|49/100|[from] Stealth Rock\n|-ability|p1a: Incineroar|Intimidate|boost\n|-unboost|p2a: Hippowdon|atk|1\n|-unboost|p2b: Excadrill|atk|1\n|move|p1b: Jigokudo|Protect|p1b: Jigokudo\n|-singleturn|p1b: Jigokudo|Protect\n|move|p2b: Excadrill|Throat Chop|p1b: Jigokudo\n|-activate|p1b: Jigokudo|move: Protect\n|move|p2a: Hippowdon|Rock Slide|p1a: Incineroar|[spread] p1a\n|-activate|p1b: Jigokudo|move: Protect\n|-supereffective|p1a: Incineroar|1\n|-damage|p1a: Incineroar|33/100\n|\n|-weather|Sandstorm|[upkeep]\n|-damage|p1b: Jigokudo|71/100|[from] Sandstorm\n|-damage|p1a: Incineroar|27/100|[from] Sandstorm\n|-start|p2a: Hippowdon|perish1\n|upkeep\n|turn|4\n|inactive|slothgameplay has 30 seconds left.\n|\n|t:|1776206042\n|move|p1a: Incineroar|Fake Out|p2b: Excadrill\n|-resisted|p2b: Excadrill|1\n|-damage|p2b: Excadrill|93/100\n|cant|p2b: Excadrill|flinch\n|move|p1b: Jigokudo|Shadow Ball|p2b: Excadrill\n|-damage|p2b: Excadrill|32/100\n|-unboost|p2b: Excadrill|spd|1\n|move|p2a: Hippowdon|Rock Slide|p1a: Incineroar|[spread] p1a,p1b\n|-supereffective|p1a: Incineroar|1\n|-crit|p1b: Jigokudo\n|-damage|p1a: Incineroar|9/100\n|-damage|p1b: Jigokudo|35/100\n|\n|-weather|Sandstorm|[upkeep]\n|-damage|p1b: Jigokudo|29/100|[from] Sandstorm\n|-damage|p1a: Incineroar|3/100|[from] Sandstorm\n|-start|p2a: Hippowdon|perish0\n|upkeep\n|faint|p2a: Hippowdon\n|\n|t:|1776206062\n|switch|p2a: Corviknight|Corviknight, L50, F|100/100\n|turn|5\n|\n|t:|1776206085\n|move|p1b: Jigokudo|Protect|p1b: Jigokudo\n|-singleturn|p1b: Jigokudo|Protect\n|move|p2b: Excadrill|Throat Chop|p1b: Jigokudo\n|-activate|p1b: Jigokudo|move: Protect\n|move|p2a: Corviknight|Tailwind|p2a: Corviknight\n|-sidestart|p2: Disasterios|move: Tailwind\n|move|p1a: Incineroar|Throat Chop|p2b: Excadrill\n|-damage|p2b: Excadrill|0 fnt\n|faint|p2b: Excadrill\n|\n|-weather|none\n|upkeep\n|\n|t:|1776206089\n|switch|p2b: Rotom|Rotom-Wash, L50|83/100\n|turn|6\n|-activate|p2b: Rotom|item: Quick Claw\n|\n|t:|1776206107\n|switch|p1a: Sinistcha|Sinistcha-Masterpiece, L50|88/100\n|-damage|p1a: Sinistcha|76/100|[from] Stealth Rock\n|-heal|p1b: Jigokudo|53/100|[from] ability: Hospitality|[of] p1a: Sinistcha\n|move|p2b: Rotom|Volt Switch|p1b: Jigokudo\n|-damage|p1b: Jigokudo|26/100\n|move|p1b: Jigokudo|Perish Song|p1b: Jigokudo\n|-start|p1a: Sinistcha|perish3|[silent]\n|-start|p1b: Jigokudo|perish3|[silent]\n|-start|p2a: Corviknight|perish3|[silent]\n|-start|p2b: Rotom|perish3|[silent]\n|-fieldactivate|move: Perish Song\n|move|p2a: Corviknight|Body Press|p1a: Sinistcha\n|-immune|p1a: Sinistcha\n|\n|-start|p2b: Rotom|perish3\n|-start|p1b: Jigokudo|perish3\n|-start|p2a: Corviknight|perish3\n|-start|p1a: Sinistcha|perish3\n|upkeep\n|turn|7\n|-message|Disasterios forfeited.\n|\n|win|slothgameplay\n|raw|slothgameplay's rating: 1080 &rarr; <strong>1102</strong><br />(+22 for winning)\n|raw|Disasterios's rating: 1000 &rarr; <strong>1000</strong><br />(+0 for losing)\n",
  "uploadtime": 1776206123,
  "views": 17,
  "formatid": "gen9championsvgc2026regma",
  "rating": 1000,
  "private": 0,
  "password": null
}