{
  "id": "gen9championsvgc2026regma-2583228528",
  "format": "[Gen 9 Champions] VGC 2026 Reg M-A",
  "players": [
    "3r34t45",
    "It'sJustKen VGC"
  ],
  "log": "|j|\u26063r34t45\n|j|\u2606It'sJustKen VGC\n|t:|1776157121\n|gametype|doubles\n|player|p1|3r34t45|1|1268\n|player|p2|It'sJustKen VGC|266|1310\n|gen|9\n|tier|[Gen 9 Champions] VGC 2026 Reg M-A\n|rated|\n|rule|Species Clause: Limit one of each Pok\u00e9mon\n|rule|Item Clause: Limit 1 of each item\n|clearpoke\n|poke|p1|Rotom-Heat, L50|\n|poke|p1|Garchomp, L50, M|\n|poke|p1|Camerupt, L50, M|\n|poke|p1|Mimikyu, L50, F|\n|poke|p1|Machamp, L50, M|\n|poke|p1|Incineroar, L50, F|\n|poke|p2|Floette-Eternal, L50, F|\n|poke|p2|Espathra, L50, M|\n|poke|p2|Incineroar, L50, M|\n|poke|p2|Sneasler, L50, F|\n|poke|p2|Basculegion, L50, M|\n|poke|p2|Kingambit, L50, F|\n|teampreview|4\n|inactive|Battle timer is ON: inactive players will automatically lose when time's up. (requested by 3r34t45)\n|inactive|It'sJustKen VGC also wants the timer to be on.\n|\n|t:|1776157138\n|teamsize|p1|4\n|teamsize|p2|4\n|start\n|switch|p1a: Mimikyu|Mimikyu, L50, F|100/100\n|switch|p1b: Camerupt|Camerupt, L50, M|100/100\n|switch|p2a: Just Dance|Floette-Eternal, L50, F|100/100\n|switch|p2b: Bad Romance|Espathra, L50, M|100/100\n|turn|1\n|\n|t:|1776157147\n|detailschange|p2a: Just Dance|Floette-Mega, L50, F\n|-mega|p2a: Just Dance|Floette|Floettite\n|-ability|p2a: Just Dance|Fairy Aura\n|detailschange|p1b: Camerupt|Camerupt-Mega, L50, M\n|-mega|p1b: Camerupt|Camerupt|Cameruptite\n|move|p1b: Camerupt|Protect|p1b: Camerupt\n|-singleturn|p1b: Camerupt|Protect\n|move|p2b: Bad Romance|Lumina Crash|p1a: Mimikyu\n|-activate|p1a: Mimikyu|ability: Disguise\n|-damage|p1a: Mimikyu|100/100\n|-unboost|p1a: Mimikyu|spd|2\n|detailschange|p1a: Mimikyu|Mimikyu-Busted, L50, F\n|-damage|p1a: Mimikyu|88/100|[from] pokemon: Mimikyu-Busted\n|move|p2a: Just Dance|Moonblast|p1a: Mimikyu\n|-damage|p1a: Mimikyu|0 fnt\n|faint|p1a: Mimikyu\n|\n|-ability|p2b: Bad Romance|Speed Boost|boost\n|-boost|p2b: Bad Romance|spe|1\n|upkeep\n|\n|t:|1776157165\n|switch|p1a: Incineroar|Incineroar, L50, F|100/100\n|-ability|p1a: Incineroar|Intimidate|boost\n|-unboost|p2a: Just Dance|atk|1\n|-unboost|p2b: Bad Romance|atk|1\n|turn|2\n|\n|t:|1776157170\n|move|p2b: Bad Romance|Lumina Crash|p1b: Camerupt\n|-damage|p1b: Camerupt|67/100\n|-unboost|p1b: Camerupt|spd|2\n|move|p2a: Just Dance|Substitute|p2a: Just Dance\n|-start|p2a: Just Dance|Substitute\n|-damage|p2a: Just Dance|76/100\n|move|p1a: Incineroar|Flare Blitz|p2a: Just Dance\n|-end|p2a: Just Dance|Substitute\n|-damage|p1a: Incineroar|94/100|[from] Recoil|[of] p2a: Just Dance\n|move|p1b: Camerupt|Heat Wave|p2b: Bad Romance|[spread] p2a\n|-miss|p1b: Camerupt|p2b: Bad Romance\n|-damage|p2a: Just Dance|30/100\n|\n|-ability|p2b: Bad Romance|Speed Boost|boost\n|-boost|p2b: Bad Romance|spe|1\n|upkeep\n|turn|3\n|\n|t:|1776157184\n|move|p2b: Bad Romance|Helping Hand|p2a: Just Dance\n|-singleturn|p2a: Just Dance|Helping Hand|[of] p2b: Bad Romance\n|move|p2a: Just Dance|Dazzling Gleam|p1b: Camerupt|[spread] p1a,p1b\n|-resisted|p1b: Camerupt|1\n|-damage|p1a: Incineroar|39/100\n|-damage|p1b: Camerupt|4/100\n|move|p1a: Incineroar|Flare Blitz|p2a: Just Dance\n|-damage|p2a: Just Dance|0 fnt\n|faint|p2a: Just Dance\n|-damage|p1a: Incineroar|30/100|[from] Recoil\n|move|p1b: Camerupt|Heat Wave|p2b: Bad Romance\n|-enditem|p2b: Bad Romance|Focus Sash\n|-damage|p2b: Bad Romance|1/100\n|\n|-ability|p2b: Bad Romance|Speed Boost|boost\n|-boost|p2b: Bad Romance|spe|1\n|upkeep\n|\n|t:|1776157192\n|switch|p2a: Shallow|Basculegion, L50, M|100/100\n|turn|4\n|\n|t:|1776157208\n|move|p1a: Incineroar|Protect|p1a: Incineroar\n|-singleturn|p1a: Incineroar|Protect\n|move|p2b: Bad Romance|Lumina Crash|p1b: Camerupt\n|-damage|p1b: Camerupt|0 fnt\n|faint|p1b: Camerupt\n|move|p2a: Shallow|Wave Crash|p1a: Incineroar\n|-activate|p1a: Incineroar|move: Protect\n|\n|-ability|p2b: Bad Romance|Speed Boost|boost\n|-boost|p2b: Bad Romance|spe|1\n|upkeep\n|\n|t:|1776157213\n|switch|p1b: Machamp|Machamp, L50, M|100/100\n|turn|5\n|\n|t:|1776157219\n|move|p1b: Machamp|Bullet Punch|p2b: Bad Romance\n|-damage|p2b: Bad Romance|0 fnt\n|faint|p2b: Bad Romance\n|move|p2a: Shallow|Wave Crash|p1a: Incineroar\n|-supereffective|p1a: Incineroar|1\n|-damage|p1a: Incineroar|0 fnt\n|faint|p1a: Incineroar\n|-damage|p2a: Shallow|90/100|[from] Recoil\n|\n|upkeep\n|\n|t:|1776157221\n|switch|p2b: Poker Face|Sneasler, L50, F|100/100\n|turn|6\n|-message|3r34t45 forfeited.\n|\n|win|It'sJustKen VGC\n|raw|3r34t45's rating: 1268 &rarr; <strong>1246</strong><br />(-22 for losing)\n|raw|It&apos;sJustKen VGC's rating: 1310 &rarr; <strong>1328</strong><br />(+18 for winning)\n|l|\u26063r34t45\n|player|p1|\n",
  "uploadtime": 1776157228,
  "views": 24,
  "formatid": "gen9championsvgc2026regma",
  "rating": 1246,
  "private": 0,
  "password": null
}