{
  "id": "gen9championsvgc2026regma-2582078874",
  "format": "[Gen 9 Champions] VGC 2026 Reg M-A",
  "players": [
    "lupin811",
    "KangarooToodleloo"
  ],
  "log": "|j|\u2606lupin811\n|j|\u2606KangarooToodleloo\n|t:|1776055213\n|gametype|doubles\n|player|p1|lupin811|dawn-gen4pt|1346\n|player|p2|KangarooToodleloo|blue-masters|1302\n|gen|9\n|tier|[Gen 9 Champions] VGC 2026 Reg M-A\n|rated|\n|rule|Species Clause: Limit one of each Pok\u00e9mon\n|rule|Item Clause: Limit 1 of each item\n|clearpoke\n|poke|p1|Delphox, L50, M|\n|poke|p1|Garchomp, L50, M|\n|poke|p1|Incineroar, L50, M|\n|poke|p1|Sneasler, L50, F|\n|poke|p1|Sinistcha, L50|\n|poke|p1|Floette-Eternal, L50, F|\n|poke|p2|Gyarados, L50, M|\n|poke|p2|Incineroar, L50, M|\n|poke|p2|Gengar, L50, F|\n|poke|p2|Kommo-o, L50, M|\n|poke|p2|Sinistcha-Masterpiece, L50|\n|poke|p2|Kangaskhan, L50, F|\n|teampreview|4\n|\n|t:|1776055273\n|teamsize|p1|4\n|teamsize|p2|4\n|start\n|switch|p1a: Delphox|Delphox, L50, M|100/100\n|switch|p1b: Incineroar|Incineroar, L50, M|100/100\n|switch|p2a: Gengar|Gengar, L50, F|100/100\n|switch|p2b: Gyarados|Gyarados, L50, M|100/100\n|-ability|p2b: Gyarados|Intimidate|boost\n|-unboost|p1a: Delphox|atk|1\n|-unboost|p1b: Incineroar|atk|1\n|-ability|p1b: Incineroar|Intimidate|boost\n|-unboost|p2a: Gengar|atk|1\n|-unboost|p2b: Gyarados|atk|1\n|turn|1\n|\n|t:|1776055291\n|switch|p2b: Incineroar|Incineroar, L50, M|100/100\n|-ability|p2b: Incineroar|Intimidate|boost\n|-unboost|p1a: Delphox|atk|1\n|-unboost|p1b: Incineroar|atk|1\n|detailschange|p2a: Gengar|Gengar-Mega, L50, F\n|-mega|p2a: Gengar|Gengar|Gengarite\n|detailschange|p1a: Delphox|Delphox-Mega, L50, M\n|-mega|p1a: Delphox|Delphox|Delphoxite\n|move|p2a: Gengar|Protect|p2a: Gengar\n|-singleturn|p2a: Gengar|Protect\n|move|p1b: Incineroar|Fake Out|p2b: Incineroar\n|-damage|p2b: Incineroar|96/100\n|move|p1a: Delphox|Psychic|p2a: Gengar\n|-activate|p2a: Gengar|move: Protect\n|\n|upkeep\n|turn|2\n|\n|t:|1776055333\n|switch|p2a: Gyarados|Gyarados, L50, M|100/100\n|-ability|p2a: Gyarados|Intimidate|boost\n|-unboost|p1a: Delphox|atk|1\n|-unboost|p1b: Incineroar|atk|1\n|move|p1a: Delphox|Protect|p1a: Delphox\n|-singleturn|p1a: Delphox|Protect\n|move|p1b: Incineroar|Parting Shot|p2a: Gyarados\n|-unboost|p2a: Gyarados|atk|1\n|-unboost|p2a: Gyarados|spa|1\n|\n|t:|1776055347\n|switch|p1b: Garchomp|Garchomp, L50, M|100/100|[from] Parting Shot\n|move|p2b: Incineroar|Parting Shot|p1b: Garchomp\n|-unboost|p1b: Garchomp|atk|1\n|-unboost|p1b: Garchomp|spa|1\n|\n|t:|1776055350\n|switch|p2b: Gengar|Gengar-Mega, L50, F|100/100|[from] Parting Shot\n|\n|upkeep\n|turn|3\n|\n|t:|1776055366\n|switch|p2a: Incineroar|Incineroar, L50, M|96/100\n|-ability|p2a: Incineroar|Intimidate|boost\n|-unboost|p1a: Delphox|atk|1\n|-unboost|p1b: Garchomp|atk|1\n|move|p2b: Gengar|Protect|p2b: Gengar\n|-singleturn|p2b: Gengar|Protect\n|move|p1a: Delphox|Psychic|p2a: Incineroar\n|-immune|p2a: Incineroar\n|move|p1b: Garchomp|Rock Slide|p2b: Gengar|[spread] p2a\n|-activate|p2b: Gengar|move: Protect\n|-supereffective|p2a: Incineroar|1\n|-damage|p2a: Incineroar|78/100\n|\n|upkeep\n|turn|4\n|\n|t:|1776055392\n|switch|p2b: Gyarados|Gyarados, L50, M|100/100\n|-ability|p2b: Gyarados|Intimidate|boost\n|-unboost|p1a: Delphox|atk|1\n|-unboost|p1b: Garchomp|atk|1\n|move|p1a: Delphox|Psychic|p2b: Gyarados\n|-damage|p2b: Gyarados|63/100\n|move|p1b: Garchomp|Earthquake|p2a: Incineroar|[spread] p2a\n|-immune|p1a: Delphox|[from] ability: Levitate\n|-immune|p2b: Gyarados\n|-supereffective|p2a: Incineroar|1\n|-damage|p2a: Incineroar|48/100\n|-enditem|p2a: Incineroar|Sitrus Berry|[eat]\n|-heal|p2a: Incineroar|73/100|[from] item: Sitrus Berry\n|move|p2a: Incineroar|Parting Shot|p1a: Delphox\n|-unboost|p1a: Delphox|atk|1\n|-unboost|p1a: Delphox|spa|1\n|\n|t:|1776055403\n|switch|p2a: Gengar|Gengar-Mega, L50, F|100/100|[from] Parting Shot\n|\n|upkeep\n|turn|5\n|\n|t:|1776055419\n|move|p2a: Gengar|Protect|p2a: Gengar\n|-singleturn|p2a: Gengar|Protect\n|move|p1a: Delphox|Psychic|p2a: Gengar\n|-activate|p2a: Gengar|move: Protect\n|move|p1b: Garchomp|Rock Slide|p2b: Gyarados|[spread] p2b\n|-activate|p2a: Gengar|move: Protect\n|-supereffective|p2b: Gyarados|1\n|-crit|p2b: Gyarados\n|-damage|p2b: Gyarados|1/100\n|move|p2b: Gyarados|Waterfall|p1a: Delphox\n|-supereffective|p1a: Delphox|1\n|-damage|p1a: Delphox|12/100\n|\n|upkeep\n|turn|6\n|\n|t:|1776055440\n|move|p2b: Gyarados|Helping Hand|p2a: Gengar\n|-singleturn|p2a: Gengar|Helping Hand|[of] p2b: Gyarados\n|move|p1a: Delphox|Encore|p2a: Gengar\n|-start|p2a: Gengar|Encore\n|move|p2a: Gengar|Protect||[still]\n|-fail|p2a: Gengar\n|move|p1b: Garchomp|Rock Slide|p2b: Gyarados|[spread] p2b\n|-miss|p1b: Garchomp|p2a: Gengar\n|-supereffective|p2b: Gyarados|1\n|-damage|p2b: Gyarados|0 fnt\n|faint|p2b: Gyarados\n|\n|upkeep\n|\n|t:|1776055446\n|switch|p2b: Incineroar|Incineroar, L50, M|73/100\n|-ability|p2b: Incineroar|Intimidate|boost\n|-unboost|p1a: Delphox|atk|0\n|-unboost|p1b: Garchomp|atk|1\n|turn|7\n|\n|t:|1776055467\n|switch|p2a: Kangaskhan|Kangaskhan, L50, F|100/100\n|move|p1a: Delphox|Protect|p1a: Delphox\n|-singleturn|p1a: Delphox|Protect\n|move|p1b: Garchomp|Earthquake|p2a: Kangaskhan|[spread] p2a,p2b\n|-activate|p1a: Delphox|move: Protect\n|-supereffective|p2b: Incineroar|1\n|-damage|p2a: Kangaskhan|89/100\n|-damage|p2b: Incineroar|49/100\n|move|p2b: Incineroar|Parting Shot|p1b: Garchomp\n|-unboost|p1b: Garchomp|atk|1\n|-unboost|p1b: Garchomp|spa|1\n|\n|t:|1776055474\n|switch|p2b: Gengar|Gengar-Mega, L50, F|100/100|[from] Parting Shot\n|\n|upkeep\n|turn|8\n|\n|t:|1776055488\n|move|p2a: Kangaskhan|Fake Out|p1a: Delphox\n|-damage|p1a: Delphox|0 fnt\n|faint|p1a: Delphox\n|move|p2b: Gengar|Shadow Ball|p1b: Garchomp\n|-damage|p1b: Garchomp|50/100\n|-enditem|p1b: Garchomp|Sitrus Berry|[eat]\n|-heal|p1b: Garchomp|74/100|[from] item: Sitrus Berry\n|move|p1b: Garchomp|Earthquake|p2b: Gengar|[spread] p2a,p2b\n|-supereffective|p2b: Gengar|1\n|-damage|p2a: Kangaskhan|77/100\n|-damage|p2b: Gengar|65/100\n|\n|upkeep\n|\n|t:|1776055503\n|switch|p1a: Incineroar|Incineroar, L50, M|100/100\n|-ability|p1a: Incineroar|Intimidate|boost\n|-fail|p2a: Kangaskhan|unboost|Attack|[from] ability: Scrappy|[of] p2a: Kangaskhan\n|-unboost|p2b: Gengar|atk|1\n|turn|9\n|\n|t:|1776055526\n|switch|p2a: Incineroar|Incineroar, L50, M|49/100\n|-ability|p2a: Incineroar|Intimidate|boost\n|-unboost|p1a: Incineroar|atk|1\n|-unboost|p1b: Garchomp|atk|1\n|move|p2b: Gengar|Protect|p2b: Gengar\n|-singleturn|p2b: Gengar|Protect\n|move|p1b: Garchomp|Dragon Claw|p2a: Incineroar\n|-damage|p2a: Incineroar|38/100\n|move|p1a: Incineroar|Flare Blitz|p2a: Incineroar\n|-resisted|p2a: Incineroar|1\n|-crit|p2a: Incineroar\n|-damage|p2a: Incineroar|5/100\n|-damage|p1a: Incineroar|90/100|[from] Recoil\n|\n|-heal|p1a: Incineroar|96/100|[from] item: Leftovers\n|upkeep\n|turn|10\n|\n|t:|1776055545\n|move|p2a: Incineroar|Fake Out|p1a: Incineroar\n|-damage|p1a: Incineroar|85/100\n|move|p2b: Gengar|Shadow Ball|p1b: Garchomp\n|-damage|p1b: Garchomp|28/100\n|move|p1b: Garchomp|Earthquake|p2a: Incineroar|[spread] p1a,p2a,p2b\n|-supereffective|p1a: Incineroar|1\n|-supereffective|p2a: Incineroar|1\n|-supereffective|p2b: Gengar|1\n|-damage|p1a: Incineroar|72/100\n|-damage|p2a: Incineroar|0 fnt\n|-damage|p2b: Gengar|35/100\n|faint|p2a: Incineroar\n|cant|p1a: Incineroar|flinch\n|\n|-heal|p1a: Incineroar|78/100|[from] item: Leftovers\n|upkeep\n|\n|t:|1776055550\n|switch|p2a: Kangaskhan|Kangaskhan, L50, F|77/100\n|turn|11\n|\n|t:|1776055576\n|move|p2a: Kangaskhan|Fake Out|p1a: Incineroar\n|-damage|p1a: Incineroar|65/100\n|move|p2b: Gengar|Sludge Bomb|p1a: Incineroar\n|-damage|p1a: Incineroar|12/100\n|move|p1b: Garchomp|Rock Slide|p2a: Kangaskhan|[spread] p2a,p2b\n|-damage|p2a: Kangaskhan|73/100\n|-damage|p2b: Gengar|26/100\n|cant|p1a: Incineroar|flinch\n|\n|-heal|p1a: Incineroar|18/100|[from] item: Leftovers\n|upkeep\n|turn|12\n|\n|t:|1776055594\n|move|p2b: Gengar|Shadow Ball|p1b: Garchomp\n|-damage|p1b: Garchomp|0 fnt\n|faint|p1b: Garchomp\n|move|p2a: Kangaskhan|Low Kick|p1a: Incineroar\n|-supereffective|p1a: Incineroar|1\n|-damage|p1a: Incineroar|0 fnt\n|faint|p1a: Incineroar\n|\n|upkeep\n|-message|lupin811 forfeited.\n|\n|win|KangarooToodleloo\n|raw|lupin811's rating: 1346 &rarr; <strong>1323</strong><br />(-23 for losing)\n|raw|KangarooToodleloo's rating: 1302 &rarr; <strong>1325</strong><br />(+23 for winning)\n|l|\u2606lupin811\n|player|p1|\n",
  "uploadtime": 1776055607,
  "views": 25,
  "formatid": "gen9championsvgc2026regma",
  "rating": 1323,
  "private": 0,
  "password": null
}