{
  "id": "gen9championsvgc2026regma-2581744384",
  "format": "[Gen 9 Champions] VGC 2026 Reg M-A",
  "players": [
    "balkontruco",
    "ambik"
  ],
  "log": "|j|\u2606balkontruco\n|j|\u2606ambik\n|t:|1776025076\n|gametype|doubles\n|player|p1|balkontruco|harlequin|1000\n|player|p2|ambik|bellelba|1061\n|gen|9\n|tier|[Gen 9 Champions] VGC 2026 Reg M-A\n|rated|\n|rule|Species Clause: Limit one of each Pok\u00e9mon\n|rule|Item Clause: Limit 1 of each item\n|clearpoke\n|poke|p1|Meganium, L50, F|\n|poke|p1|Incineroar, L50, F|\n|poke|p1|Sneasler, L50, F|\n|poke|p1|Sinistcha, L50|\n|poke|p1|Garchomp, L50, M|\n|poke|p1|Kingambit, L50, F|\n|poke|p2|Pelipper, L50, F|\n|poke|p2|Archaludon, L50, F|\n|poke|p2|Sinistcha, L50|\n|poke|p2|Sneasler, L50, M|\n|poke|p2|Dragonite, L50, F|\n|poke|p2|Basculegion, L50, M|\n|teampreview|4\n|\n|t:|1776025109\n|teamsize|p1|4\n|teamsize|p2|4\n|start\n|switch|p1a: Cheeto|Incineroar, L50, F, shiny|100/100\n|switch|p1b: Sneasler|Sneasler, L50, F|100/100\n|switch|p2a: Dragonite|Dragonite, L50, F|100/100\n|switch|p2b: Sneasler|Sneasler, L50, M|100/100\n|-ability|p1a: Cheeto|Intimidate|boost\n|-unboost|p2a: Dragonite|atk|1\n|-unboost|p2b: Sneasler|atk|1\n|-enditem|p2b: Sneasler|White Herb\n|-clearnegativeboost|p2b: Sneasler|[silent]\n|turn|1\n|\n|t:|1776025149\n|detailschange|p2a: Dragonite|Dragonite-Mega, L50, F\n|-mega|p2a: Dragonite|Dragonite|Dragoninite\n|move|p1b: Sneasler|Fake Out|p2a: Dragonite\n|-damage|p2a: Dragonite|93/100\n|move|p1a: Cheeto|Fake Out|p2b: Sneasler\n|-damage|p2b: Sneasler|84/100\n|cant|p2b: Sneasler|flinch\n|cant|p2a: Dragonite|flinch\n|\n|upkeep\n|turn|2\n|\n|t:|1776025171\n|move|p1b: Sneasler|Protect|p1b: Sneasler\n|-singleturn|p1b: Sneasler|Protect\n|move|p2b: Sneasler|Close Combat|p1a: Cheeto\n|-supereffective|p1a: Cheeto|1\n|-damage|p1a: Cheeto|11/100\n|-unboost|p2b: Sneasler|def|1\n|-unboost|p2b: Sneasler|spd|1\n|-enditem|p1a: Cheeto|Sitrus Berry|[eat]\n|-heal|p1a: Cheeto|36/100|[from] item: Sitrus Berry\n|move|p2a: Dragonite|Hurricane|p1b: Sneasler\n|-activate|p1b: Sneasler|move: Protect\n|move|p1a: Cheeto|Parting Shot|p2a: Dragonite\n|-unboost|p2a: Dragonite|atk|1\n|-unboost|p2a: Dragonite|spa|1\n|\n|t:|1776025186\n|switch|p1a: Lil Choppa|Garchomp, L50, M, shiny|100/100|[from] Parting Shot\n|\n|upkeep\n|turn|3\n|\n|t:|1776025207\n|switch|p2b: Pelipper|Pelipper, L50, F|100/100\n|-weather|RainDance|[from] ability: Drizzle|[of] p2b: Pelipper\n|switch|p1b: Cheeto|Incineroar, L50, F, shiny|36/100\n|-ability|p1b: Cheeto|Intimidate|boost\n|-unboost|p2a: Dragonite|atk|1\n|-unboost|p2b: Pelipper|atk|1\n|move|p2a: Dragonite|Protect|p2a: Dragonite\n|-singleturn|p2a: Dragonite|Protect\n|move|p1a: Lil Choppa|Rock Slide|p2a: Dragonite|[spread] p2b\n|-activate|p2a: Dragonite|move: Protect\n|-supereffective|p2b: Pelipper|1\n|-damage|p2b: Pelipper|44/100\n|\n|-weather|RainDance|[upkeep]\n|upkeep\n|turn|4\n|\n|t:|1776025225\n|move|p2b: Pelipper|Wide Guard|p2b: Pelipper\n|-singleturn|p2b: Pelipper|Wide Guard\n|move|p1b: Cheeto|Fake Out|p2b: Pelipper\n|-damage|p2b: Pelipper|31/100\n|move|p1a: Lil Choppa|Rock Slide|p2a: Dragonite|[spread] \n|-activate|p2a: Dragonite|move: Wide Guard\n|-activate|p2b: Pelipper|move: Wide Guard\n|move|p2a: Dragonite|Tailwind|p2a: Dragonite\n|-sidestart|p2: ambik|move: Tailwind\n|\n|-weather|RainDance|[upkeep]\n|upkeep\n|turn|5\n|\n|t:|1776025277\n|switch|p2a: Basculegion|Basculegion, L50, M|100/100\n|move|p2b: Pelipper|Protect|p2b: Pelipper\n|-singleturn|p2b: Pelipper|Protect\n|move|p1a: Lil Choppa|Rock Slide|p2a: Basculegion|[spread] p2a\n|-activate|p2b: Pelipper|move: Protect\n|-damage|p2a: Basculegion|79/100\n|move|p1b: Cheeto|Parting Shot|p2a: Basculegion\n|-unboost|p2a: Basculegion|atk|1\n|-unboost|p2a: Basculegion|spa|1\n|\n|t:|1776025291\n|switch|p1b: Kingambit|Kingambit, L50, F|100/100|[from] Parting Shot\n|\n|-weather|RainDance|[upkeep]\n|upkeep\n|turn|6\n|\n|t:|1776025306\n|move|p1b: Kingambit|Sucker Punch|p2a: Basculegion\n|-supereffective|p2a: Basculegion|1\n|-damage|p2a: Basculegion|0 fnt\n|faint|p2a: Basculegion\n|move|p2b: Pelipper|Weather Ball|p1b: Kingambit\n|-damage|p1b: Kingambit|32/100\n|move|p1a: Lil Choppa|Rock Slide|p2b: Pelipper\n|-supereffective|p2b: Pelipper|1\n|-damage|p2b: Pelipper|0 fnt\n|faint|p2b: Pelipper\n|\n|-weather|RainDance|[upkeep]\n|upkeep\n|\n|t:|1776025317\n|switch|p2a: Sneasler|Sneasler, L50, M|84/100\n|switch|p2b: Dragonite|Dragonite-Mega, L50, F|93/100\n|turn|7\n|\n|t:|1776025331\n|switch|p1b: Cheeto|Incineroar, L50, F, shiny|36/100\n|-ability|p1b: Cheeto|Intimidate|boost\n|-unboost|p2a: Sneasler|atk|1\n|-unboost|p2b: Dragonite|atk|1\n|move|p1a: Lil Choppa|Protect|p1a: Lil Choppa\n|-singleturn|p1a: Lil Choppa|Protect\n|move|p2a: Sneasler|Close Combat|p1b: Cheeto\n|-supereffective|p1b: Cheeto|1\n|-damage|p1b: Cheeto|0 fnt\n|-unboost|p2a: Sneasler|def|1\n|-unboost|p2a: Sneasler|spd|1\n|faint|p1b: Cheeto\n|move|p2b: Dragonite|Dragon Pulse|p1a: Lil Choppa\n|-activate|p1a: Lil Choppa|move: Protect\n|\n|-weather|none\n|-sideend|p2: ambik|move: Tailwind\n|upkeep\n|\n|t:|1776025346\n|switch|p1b: Sneasler|Sneasler, L50, F|100/100\n|turn|8\n|\n|t:|1776025359\n|move|p2a: Sneasler|Protect|p2a: Sneasler\n|-singleturn|p2a: Sneasler|Protect\n|move|p1b: Sneasler|Fake Out|p2b: Dragonite\n|-damage|p2b: Dragonite|79/100\n|move|p1a: Lil Choppa|Rock Slide|p2a: Sneasler|[spread] \n|-activate|p2a: Sneasler|move: Protect\n|-miss|p1a: Lil Choppa|p2b: Dragonite\n|cant|p2b: Dragonite|flinch\n|\n|upkeep\n|turn|9\n|\n|t:|1776025377\n|move|p1b: Sneasler|Dire Claw|p2b: Dragonite\n|-damage|p2b: Dragonite|39/100\n|move|p1a: Lil Choppa|Rock Slide|p2a: Sneasler|[spread] p2b\n|-miss|p1a: Lil Choppa|p2a: Sneasler\n|-supereffective|p2b: Dragonite|1\n|-damage|p2b: Dragonite|2/100\n|move|p2a: Sneasler|Close Combat|p1a: Lil Choppa\n|-damage|p1a: Lil Choppa|50/100\n|-unboost|p2a: Sneasler|def|1\n|-unboost|p2a: Sneasler|spd|1\n|-damage|p2a: Sneasler|72/100|[from] ability: Rough Skin|[of] p1a: Lil Choppa\n|move|p2b: Dragonite|Tailwind|p2b: Dragonite\n|-sidestart|p2: ambik|move: Tailwind\n|\n|upkeep\n|turn|10\n|\n|t:|1776025401\n|move|p1b: Sneasler|Protect|p1b: Sneasler\n|-singleturn|p1b: Sneasler|Protect\n|move|p2a: Sneasler|Close Combat|p1a: Lil Choppa\n|-damage|p1a: Lil Choppa|0 fnt\n|-unboost|p2a: Sneasler|def|1\n|-unboost|p2a: Sneasler|spd|1\n|-damage|p2a: Sneasler|60/100|[from] ability: Rough Skin|[of] p1a: Lil Choppa\n|faint|p1a: Lil Choppa\n|move|p2b: Dragonite|Hurricane|p1b: Sneasler\n|-activate|p1b: Sneasler|move: Protect\n|\n|upkeep\n|\n|t:|1776025412\n|switch|p1a: Kingambit|Kingambit, L50, F|32/100\n|turn|11\n|\n|t:|1776025424\n|move|p2b: Dragonite|Protect|p2b: Dragonite\n|-singleturn|p2b: Dragonite|Protect\n|move|p1a: Kingambit|Sucker Punch|p2a: Sneasler\n|-resisted|p2a: Sneasler|1\n|-damage|p2a: Sneasler|0 fnt\n|faint|p2a: Sneasler\n|move|p1b: Sneasler|Dire Claw|p2b: Dragonite\n|-activate|p2b: Dragonite|move: Protect\n|\n|upkeep\n|turn|12\n|-message|ambik forfeited.\n|\n|win|balkontruco\n|raw|balkontruco's rating: 1000 &rarr; <strong>1047</strong><br />(+47 for winning)\n|raw|ambik's rating: 1061 &rarr; <strong>1039</strong><br />(-22 for losing)\n|l|\u2606ambik\n|player|p2|\n",
  "uploadtime": 1776026122,
  "views": 12,
  "formatid": "gen9championsvgc2026regma",
  "rating": 1039,
  "private": 0,
  "password": null
}