{
  "id": "gen9championsvgc2026regma-2580817159",
  "format": "[Gen 9 Champions] VGC 2026 Reg M-A",
  "players": [
    "Glenn the Janitor",
    "Lioxim"
  ],
  "log": "|j|\u2606Glenn the Janitor\n|j|\u2606Lioxim\n|t:|1775934876\n|gametype|doubles\n|player|p1|Glenn the Janitor|170|1042\n|player|p2|Lioxim|266|1001\n|gen|9\n|tier|[Gen 9 Champions] VGC 2026 Reg M-A\n|rated|\n|rule|Species Clause: Limit one of each Pok\u00e9mon\n|rule|Item Clause: Limit 1 of each item\n|clearpoke\n|poke|p1|Charizard, L50, M|\n|poke|p1|Venusaur, L50, M|\n|poke|p1|Typhlosion-Hisui, L50, F|\n|poke|p1|Heliolisk, L50, F|\n|poke|p1|Garchomp, L50, F|\n|poke|p1|Aerodactyl, L50, M|\n|poke|p2|Froslass, L50, F|\n|poke|p2|Garchomp, L50, M|\n|poke|p2|Rotom-Frost, L50|\n|poke|p2|Empoleon, L50, F|\n|poke|p2|Incineroar, L50, M|\n|poke|p2|Kingambit, L50, M|\n|teampreview|4\n|inactive|Battle timer is ON: inactive players will automatically lose when time's up. (requested by Glenn the Janitor)\nGlenn the Janitor rejected open team sheets.\n|\n|t:|1775934922\n|teamsize|p1|4\n|teamsize|p2|4\n|start\n|switch|p1a: Charizard|Charizard, L50, M|100/100\n|switch|p1b: Typhlosion|Typhlosion-Hisui, L50, F|100/100\n|switch|p2a: Garchomp|Garchomp, L50, M|100/100\n|switch|p2b: Incineroar|Incineroar, L50, M|100/100\n|-item|p2a: Garchomp|White Herb|[from] ability: Frisk|[of] p1b: Typhlosion\n|-item|p2b: Incineroar|Sitrus Berry|[from] ability: Frisk|[of] p1b: Typhlosion\n|-ability|p2b: Incineroar|Intimidate|boost\n|-unboost|p1a: Charizard|atk|1\n|-unboost|p1b: Typhlosion|atk|1\n|turn|1\n|\n|t:|1775934936\n|detailschange|p1a: Charizard|Charizard-Mega-Y, L50, M\n|-mega|p1a: Charizard|Charizard|Charizardite Y\n|-weather|SunnyDay|[from] ability: Drought|[of] p1a: Charizard\n|move|p1a: Charizard|Helping Hand|p1b: Typhlosion\n|-singleturn|p1b: Typhlosion|Helping Hand|[of] p1a: Charizard\n|move|p2b: Incineroar|Fake Out|p1a: Charizard\n|-damage|p1a: Charizard|81/100\n|move|p1b: Typhlosion|Eruption|p2a: Garchomp|[spread] p2a,p2b\n|-resisted|p2a: Garchomp|1\n|-resisted|p2b: Incineroar|1\n|-damage|p2a: Garchomp|30/100\n|-damage|p2b: Incineroar|50/100\n|-enditem|p2b: Incineroar|Sitrus Berry|[eat]\n|-heal|p2b: Incineroar|74/100|[from] item: Sitrus Berry\n|move|p2a: Garchomp|Rock Slide|p1b: Typhlosion|[spread] p1a,p1b\n|-supereffective|p1a: Charizard|2\n|-supereffective|p1b: Typhlosion|1\n|-damage|p1a: Charizard|0 fnt\n|-damage|p1b: Typhlosion|44/100\n|faint|p1a: Charizard\n|\n|-weather|SunnyDay|[upkeep]\n|upkeep\n|inactive|Glenn the Janitor has 30 seconds left.\n|\n|t:|1775934963\n|switch|p1a: Garchomp|Garchomp, L50, F|100/100\n|turn|2\n|\n|t:|1775934973\n|switch|p1b: Aerodactyl|Aerodactyl, L50, M|100/100\n|-ability|p1b: Aerodactyl|Unnerve\n|switch|p2b: Rotom|Rotom-Frost, L50|100/100\n|move|p2a: Garchomp|Protect|p2a: Garchomp\n|-singleturn|p2a: Garchomp|Protect\n|move|p1a: Garchomp|Earthquake|p2b: Rotom|[spread] \n|-activate|p2a: Garchomp|move: Protect\n|-immune|p1b: Aerodactyl\n|-immune|p2b: Rotom|[from] ability: Levitate\n|\n|-weather|SunnyDay|[upkeep]\n|upkeep\n|turn|3\n|\n|t:|1775934997\n|switch|p2a: Incineroar|Incineroar, L50, M|74/100\n|-ability|p2a: Incineroar|Intimidate|boost\n|-unboost|p1a: Garchomp|atk|1\n|-unboost|p1b: Aerodactyl|atk|1\n|move|p2b: Rotom|Volt Switch|p1b: Aerodactyl\n|-supereffective|p1b: Aerodactyl|1\n|-damage|p1b: Aerodactyl|14/100\n|\n|t:|1775935011\n|switch|p2b: Garchomp|Garchomp, L50, M|30/100|[from] Volt Switch\n|move|p1b: Aerodactyl|Rock Slide|p2b: Garchomp|[spread] p2a,p2b\n|-supereffective|p2a: Incineroar|1\n|-resisted|p2b: Garchomp|1\n|-damage|p2a: Incineroar|42/100\n|-damage|p2b: Garchomp|22/100\n|move|p1a: Garchomp|Rock Slide|p2b: Garchomp|[spread] p2a,p2b\n|-supereffective|p2a: Incineroar|1\n|-resisted|p2b: Garchomp|1\n|-damage|p2a: Incineroar|18/100\n|-damage|p2b: Garchomp|15/100\n|\n|-weather|SunnyDay|[upkeep]\n|upkeep\n|turn|4\n|\n|t:|1775935033\n|move|p1b: Aerodactyl|Protect|p1b: Aerodactyl\n|-singleturn|p1b: Aerodactyl|Protect\n|move|p1a: Garchomp|Protect|p1a: Garchomp\n|-singleturn|p1a: Garchomp|Protect\n|move|p2a: Incineroar|Fake Out|p1b: Aerodactyl\n|-activate|p1b: Aerodactyl|move: Protect\n|move|p2b: Garchomp|Dragon Claw|p1a: Garchomp\n|-activate|p1a: Garchomp|move: Protect\n|\n|-weather|SunnyDay|[upkeep]\n|upkeep\n|turn|5\n|\n|t:|1775935051\n|switch|p2a: Froslass|Froslass, L50, F|100/100\n|move|p1b: Aerodactyl|Tailwind|p1b: Aerodactyl\n|-sidestart|p1: Glenn the Janitor|move: Tailwind\n|move|p1a: Garchomp|Earthquake|p2b: Garchomp|[spread] p2a,p2b\n|-immune|p1b: Aerodactyl\n|-damage|p2a: Froslass|58/100\n|-damage|p2b: Garchomp|0 fnt\n|faint|p2b: Garchomp\n|\n|-weather|none\n|upkeep\n|\n|t:|1775935064\n|switch|p2b: Incineroar|Incineroar, L50, M|18/100\n|-ability|p2b: Incineroar|Intimidate|boost\n|-unboost|p1a: Garchomp|atk|1\n|-unboost|p1b: Aerodactyl|atk|1\n|turn|6\n|inactive|Glenn the Janitor has 30 seconds left.\n|inactive|Glenn the Janitor has 20 seconds left.\n|inactive|Glenn the Janitor has 15 seconds left.\n|\n|t:|1775935107\n|detailschange|p2a: Froslass|Froslass-Mega, L50, F\n|-mega|p2a: Froslass|Froslass|Froslassite\n|-weather|Snowscape|[from] ability: Snow Warning|[of] p2a: Froslass\n|move|p1b: Aerodactyl|Protect|p1b: Aerodactyl\n|-singleturn|p1b: Aerodactyl|Protect\n|move|p2a: Froslass|Protect|p2a: Froslass\n|-singleturn|p2a: Froslass|Protect\n|move|p1a: Garchomp|Earthquake|p2a: Froslass|[spread] p2b\n|-activate|p1b: Aerodactyl|move: Protect\n|-activate|p2a: Froslass|move: Protect\n|-supereffective|p2b: Incineroar|1\n|-damage|p2b: Incineroar|0 fnt\n|faint|p2b: Incineroar\n|\n|-weather|Snowscape|[upkeep]\n|upkeep\n|\n|t:|1775935118\n|switch|p2b: Rotom|Rotom-Frost, L50|100/100\n|turn|7\n|inactive|Glenn the Janitor has 30 seconds left.\n|inactive|Glenn the Janitor has 20 seconds left.\n|\n|t:|1775935156\n|switch|p1b: Typhlosion|Typhlosion-Hisui, L50, F|44/100\n|-item|p2a: Froslass|Froslassite|[from] ability: Frisk|[of] p1b: Typhlosion\n|-item|p2b: Rotom|Choice Scarf|[from] ability: Frisk|[of] p1b: Typhlosion\n|move|p1a: Garchomp|Rock Slide|p2b: Rotom|[spread] p2a,p2b\n|-supereffective|p2a: Froslass|1\n|-supereffective|p2b: Rotom|1\n|-damage|p2a: Froslass|35/100\n|-damage|p2b: Rotom|83/100\n|move|p2b: Rotom|Blizzard|p1a: Garchomp|[spread] p1a,p1b\n|-supereffective|p1a: Garchomp|2\n|-resisted|p1b: Typhlosion|1\n|-damage|p1a: Garchomp|0 fnt\n|-damage|p1b: Typhlosion|19/100\n|faint|p1a: Garchomp\n|cant|p2a: Froslass|flinch\n|\n|-weather|Snowscape|[upkeep]\n|upkeep\n|\n|t:|1775935173\n|switch|p1a: Aerodactyl|Aerodactyl, L50, M|14/100\n|-ability|p1a: Aerodactyl|Unnerve\n|turn|8\n|\n|t:|1775935188\n|move|p2a: Froslass|Protect|p2a: Froslass\n|-singleturn|p2a: Froslass|Protect\n|move|p1b: Typhlosion|Heat Wave|p2a: Froslass|[spread] p2b\n|-activate|p2a: Froslass|move: Protect\n|-supereffective|p2b: Rotom|1\n|-damage|p2b: Rotom|0 fnt\n|faint|p2b: Rotom\n|move|p1a: Aerodactyl|Rock Slide|p2a: Froslass\n|-activate|p2a: Froslass|move: Protect\n|\n|-weather|Snowscape|[upkeep]\n|-sideend|p1: Glenn the Janitor|move: Tailwind\n|upkeep\n|turn|9\n|\n|t:|1775935212\n|move|p1b: Typhlosion|Heat Wave|p2a: Froslass\n|-supereffective|p2a: Froslass|1\n|-damage|p2a: Froslass|0 fnt\n|faint|p2a: Froslass\n|\n|win|Glenn the Janitor\n|raw|Glenn the Janitor's rating: 1042 &rarr; <strong>1072</strong><br />(+30 for winning)\n|raw|Lioxim's rating: 1001 &rarr; <strong>1000</strong><br />(-1 for losing)\n",
  "uploadtime": 1775935215,
  "views": 13,
  "formatid": "gen9championsvgc2026regma",
  "rating": 1000,
  "private": 0,
  "password": null
}