{
  "id": "gen9championsvgc2026regma-2582272539",
  "format": "[Gen 9 Champions] VGC 2026 Reg M-A",
  "players": [
    "jukasinjakudo",
    "esperanzasaltas"
  ],
  "log": "|j|\u2606jukasinjakudo\n|j|\u2606esperanzasaltas\n|t:|1776078511\n|gametype|doubles\n|player|p1|jukasinjakudo|n|1093\n|player|p2|esperanzasaltas|wattson|1156\n|gen|9\n|tier|[Gen 9 Champions] VGC 2026 Reg M-A\n|rated|\n|rule|Species Clause: Limit one of each Pok\u00e9mon\n|rule|Item Clause: Limit 1 of each item\n|clearpoke\n|poke|p1|Archaludon, L50, M|\n|poke|p1|Aegislash, L50, M|\n|poke|p1|Ninetales-Alola, L50, M|\n|poke|p1|Blastoise, L50, M|\n|poke|p1|Sinistcha, L50|\n|poke|p1|Sableye, L50, M|\n|poke|p2|Aerodactyl, L50, M|\n|poke|p2|Sneasler, L50, M|\n|poke|p2|Garchomp, L50, M|\n|poke|p2|Kingambit, L50, M|\n|poke|p2|Rotom-Wash, L50|\n|poke|p2|Meganium, L50, F|\n|teampreview|4\n|\n|t:|1776078563\n|teamsize|p1|4\n|teamsize|p2|4\n|start\n|switch|p1a: Qu\u1ea5y R\u1ed1i|Sableye, L50, M|100/100\n|switch|p1b: B\u01b0ng N\u01b0\u1edbc|Sinistcha, L50|100/100\n|switch|p2a: Meganium|Meganium, L50, F|100/100\n|switch|p2b: Rotom|Rotom-Wash, L50|100/100\n|turn|1\n|\n|t:|1776078621\n|switch|p1a: \u0110\u1ee9c Non|Aegislash, L50, M|100/100\n|detailschange|p2a: Meganium|Meganium-Mega, L50, F\n|-mega|p2a: Meganium|Meganium|Meganiumite\n|move|p2b: Rotom|Volt Switch|p1a: \u0110\u1ee9c Non\n|-damage|p1a: \u0110\u1ee9c Non|74/100\n|\n|t:|1776078632\n|switch|p2b: Garchomp|Garchomp, L50, M|100/100|[from] Volt Switch\n|move|p2a: Meganium|Dazzling Gleam|p1b: B\u01b0ng N\u01b0\u1edbc|[spread] p1a,p1b\n|-resisted|p1a: \u0110\u1ee9c Non|1\n|-damage|p1a: \u0110\u1ee9c Non|59/100\n|-damage|p1b: B\u01b0ng N\u01b0\u1edbc|71/100\n|move|p1b: B\u01b0ng N\u01b0\u1edbc|Trick Room|p1b: B\u01b0ng N\u01b0\u1edbc\n|-fieldstart|move: Trick Room|[of] p1b: B\u01b0ng N\u01b0\u1edbc\n|\n|upkeep\n|turn|2\n|\n|t:|1776078659\n|move|p2a: Meganium|Protect|p2a: Meganium\n|-singleturn|p2a: Meganium|Protect\n|-formechange|p1a: \u0110\u1ee9c Non|Aegislash-Blade|\n|move|p1a: \u0110\u1ee9c Non|Poltergeist|p2b: Garchomp\n|-activate|p2b: Garchomp|move: Poltergeist|Choice Scarf\n|-damage|p2b: Garchomp|42/100\n|move|p1b: B\u01b0ng N\u01b0\u1edbc|Life Dew|p1b: B\u01b0ng N\u01b0\u1edbc|[spread] p1a,p1b\n|-heal|p1a: \u0110\u1ee9c Non|84/100\n|-heal|p1b: B\u01b0ng N\u01b0\u1edbc|97/100\n|move|p2b: Garchomp|Earthquake|p1b: B\u01b0ng N\u01b0\u1edbc|[spread] p1a,p1b\n|-activate|p2a: Meganium|move: Protect\n|-supereffective|p1a: \u0110\u1ee9c Non|1\n|-resisted|p1b: B\u01b0ng N\u01b0\u1edbc|1\n|-damage|p1a: \u0110\u1ee9c Non|0 fnt\n|-damage|p1b: B\u01b0ng N\u01b0\u1edbc|76/100\n|faint|p1a: \u0110\u1ee9c Non\n|\n|upkeep\n|\n|t:|1776078671\n|switch|p1a: H\u1ea3i T\u00fa|Archaludon, L50, M|100/100\n|turn|3\n|\n|t:|1776078688\n|switch|p2b: Rotom|Rotom-Wash, L50|100/100\n|move|p1b: B\u01b0ng N\u01b0\u1edbc|Matcha Gotcha|p2b: Rotom|[spread] p2a,p2b\n|-resisted|p2a: Meganium|1\n|-supereffective|p2b: Rotom|1\n|-damage|p2a: Meganium|91/100\n|-heal|p1b: B\u01b0ng N\u01b0\u1edbc|81/100|[from] drain|[of] p2a: Meganium\n|-damage|p2b: Rotom|45/100\n|-heal|p1b: B\u01b0ng N\u01b0\u1edbc|100/100|[from] drain|[of] p2b: Rotom\n|-status|p2b: Rotom|brn\n|move|p2a: Meganium|Weather Ball|p1b: B\u01b0ng N\u01b0\u1edbc\n|-supereffective|p1b: B\u01b0ng N\u01b0\u1edbc|1\n|-damage|p1b: B\u01b0ng N\u01b0\u1edbc|2/100\n|-enditem|p1b: B\u01b0ng N\u01b0\u1edbc|Sitrus Berry|[eat]\n|-heal|p1b: B\u01b0ng N\u01b0\u1edbc|26/100|[from] item: Sitrus Berry\n|move|p1a: H\u1ea3i T\u00fa|Flash Cannon|p2a: Meganium\n|-supereffective|p2a: Meganium|1\n|-damage|p2a: Meganium|17/100\n|\n|-heal|p2b: Rotom|51/100 brn|[from] item: Leftovers\n|-damage|p2b: Rotom|45/100 brn|[from] brn\n|upkeep\n|turn|4\n|\n|t:|1776078738\n|move|p1b: B\u01b0ng N\u01b0\u1edbc|Life Dew||[still]|[spread] p1a,p1b\n|-fail|p1a: H\u1ea3i T\u00fa|heal\n|-heal|p1b: B\u01b0ng N\u01b0\u1edbc|52/100\n|move|p2a: Meganium|Solar Beam||[still]\n|-prepare|p2a: Meganium|Solar Beam\n|-activate|p2a: Meganium|ability: Mega Sol\n|-anim|p2a: Meganium|Solar Beam|p1b: B\u01b0ng N\u01b0\u1edbc\n|-resisted|p1b: B\u01b0ng N\u01b0\u1edbc|1\n|-damage|p1b: B\u01b0ng N\u01b0\u1edbc|18/100\n|move|p1a: H\u1ea3i T\u00fa|Aura Sphere|p2b: Rotom\n|-damage|p2b: Rotom|13/100 brn\n|move|p2b: Rotom|Will-O-Wisp|p1a: H\u1ea3i T\u00fa\n|-status|p1a: H\u1ea3i T\u00fa|brn\n|\n|-heal|p2b: Rotom|18/100 brn|[from] item: Leftovers\n|-damage|p1a: H\u1ea3i T\u00fa|94/100 brn|[from] brn\n|-damage|p2b: Rotom|13/100 brn|[from] brn\n|upkeep\n|turn|5\n|\n|t:|1776078763\n|move|p2a: Meganium|Protect|p2a: Meganium\n|-singleturn|p2a: Meganium|Protect\n|move|p1b: B\u01b0ng N\u01b0\u1edbc|Matcha Gotcha|p2a: Meganium|[spread] p2b\n|-activate|p2a: Meganium|move: Protect\n|-supereffective|p2b: Rotom|1\n|-crit|p2b: Rotom\n|-damage|p2b: Rotom|0 fnt\n|-heal|p1b: B\u01b0ng N\u01b0\u1edbc|24/100|[from] drain|[of] p2b: Rotom\n|faint|p2b: Rotom\n|move|p1a: H\u1ea3i T\u00fa|Flash Cannon|p2a: Meganium\n|-activate|p2a: Meganium|move: Protect\n|\n|-heal|p1a: H\u1ea3i T\u00fa|100/100 brn|[from] item: Leftovers\n|-damage|p1a: H\u1ea3i T\u00fa|94/100 brn|[from] brn\n|-fieldend|move: Trick Room\n|upkeep\n|\n|t:|1776078774\n|switch|p2b: Sneasler|Sneasler, L50, M|100/100\n|turn|6\n|\n|t:|1776078785\n|switch|p1b: Qu\u1ea5y R\u1ed1i|Sableye, L50, M|100/100\n|move|p2b: Sneasler|Close Combat|p1a: H\u1ea3i T\u00fa\n|-supereffective|p1a: H\u1ea3i T\u00fa|1\n|-damage|p1a: H\u1ea3i T\u00fa|3/100 brn\n|-unboost|p2b: Sneasler|def|1\n|-unboost|p2b: Sneasler|spd|1\n|-ability|p1a: H\u1ea3i T\u00fa|Stamina|boost\n|-boost|p1a: H\u1ea3i T\u00fa|def|1\n|-enditem|p2b: Sneasler|White Herb\n|-clearnegativeboost|p2b: Sneasler|[silent]\n|move|p1a: H\u1ea3i T\u00fa|Flash Cannon|p2a: Meganium\n|-supereffective|p2a: Meganium|1\n|-damage|p2a: Meganium|0 fnt\n|faint|p2a: Meganium\n|\n|-heal|p1a: H\u1ea3i T\u00fa|9/100 brn|[from] item: Leftovers\n|-damage|p1a: H\u1ea3i T\u00fa|3/100 brn|[from] brn\n|upkeep\n|\n|t:|1776078804\n|switch|p2a: Garchomp|Garchomp, L50, M|42/100\n|turn|7\n|\n|t:|1776078834\n|switch|p1b: B\u01b0ng N\u01b0\u1edbc|Sinistcha, L50|24/100\n|-heal|p1a: H\u1ea3i T\u00fa|28/100 brn|[from] ability: Hospitality|[of] p1b: B\u01b0ng N\u01b0\u1edbc\n|move|p1a: H\u1ea3i T\u00fa|Protect|p1a: H\u1ea3i T\u00fa\n|-singleturn|p1a: H\u1ea3i T\u00fa|Protect\n|move|p2b: Sneasler|Dire Claw|p1b: B\u01b0ng N\u01b0\u1edbc\n|-damage|p1b: B\u01b0ng N\u01b0\u1edbc|0 fnt\n|faint|p1b: B\u01b0ng N\u01b0\u1edbc\n|move|p2a: Garchomp|Dragon Claw|p1a: H\u1ea3i T\u00fa\n|-activate|p1a: H\u1ea3i T\u00fa|move: Protect\n|\n|-heal|p1a: H\u1ea3i T\u00fa|34/100 brn|[from] item: Leftovers\n|-damage|p1a: H\u1ea3i T\u00fa|28/100 brn|[from] brn\n|upkeep\n|\n|t:|1776078846\n|switch|p1b: Qu\u1ea5y R\u1ed1i|Sableye, L50, M|100/100\n|turn|8\n|\n|t:|1776078855\n|move|p1a: H\u1ea3i T\u00fa|Protect||[still]\n|-fail|p1a: H\u1ea3i T\u00fa\n|move|p1b: Qu\u1ea5y R\u1ed1i|Encore|p2b: Sneasler\n|-start|p2b: Sneasler|Encore\n|move|p2b: Sneasler|Dire Claw|p1b: Qu\u1ea5y R\u1ed1i\n|-resisted|p1b: Qu\u1ea5y R\u1ed1i|1\n|-damage|p1b: Qu\u1ea5y R\u1ed1i|81/100\n|move|p2a: Garchomp|Dragon Claw|p1b: Qu\u1ea5y R\u1ed1i\n|-damage|p1b: Qu\u1ea5y R\u1ed1i|35/100\n|\n|-heal|p1a: H\u1ea3i T\u00fa|34/100 brn|[from] item: Leftovers\n|-damage|p1a: H\u1ea3i T\u00fa|28/100 brn|[from] brn\n|upkeep\n|turn|9\n|\n|t:|1776078877\n|move|p1b: Qu\u1ea5y R\u1ed1i|Disable|p2a: Garchomp\n|-start|p2a: Garchomp|Disable|Dragon Claw\n|move|p2b: Sneasler|Dire Claw|p1b: Qu\u1ea5y R\u1ed1i\n|-resisted|p1b: Qu\u1ea5y R\u1ed1i|1\n|-damage|p1b: Qu\u1ea5y R\u1ed1i|12/100\n|cant|p2a: Garchomp|Disable|Dragon Claw\n|move|p1a: H\u1ea3i T\u00fa|Flash Cannon|p2a: Garchomp\n|-damage|p2a: Garchomp|0 fnt\n|faint|p2a: Garchomp\n|\n|-heal|p1a: H\u1ea3i T\u00fa|34/100 brn|[from] item: Leftovers\n|-damage|p1a: H\u1ea3i T\u00fa|28/100 brn|[from] brn\n|upkeep\n|turn|10\n|-message|esperanzasaltas forfeited.\n|\n|win|jukasinjakudo\n|raw|jukasinjakudo's rating: 1093 &rarr; <strong>1124</strong><br />(+31 for winning)\n|raw|esperanzasaltas's rating: 1156 &rarr; <strong>1127</strong><br />(-29 for losing)\n|l|\u2606esperanzasaltas\n|player|p2|\n",
  "uploadtime": 1776078891,
  "views": 17,
  "formatid": "gen9championsvgc2026regma",
  "rating": 1124,
  "private": 0,
  "password": null
}