{
  "id": "gen9championsvgc2026regma-2582564689",
  "format": "[Gen 9 Champions] VGC 2026 Reg M-A",
  "players": [
    "LunarRose12",
    "zaneami"
  ],
  "log": "|j|\u2606LunarRose12\n|j|\u2606zaneami\n|t:|1776099676\n|gametype|doubles\n|player|p1|LunarRose12|aromalady|1139\n|player|p2|zaneami|102|1046\n|gen|9\n|tier|[Gen 9 Champions] VGC 2026 Reg M-A\n|rated|\n|rule|Species Clause: Limit one of each Pok\u00e9mon\n|rule|Item Clause: Limit 1 of each item\n|clearpoke\n|poke|p1|Delphox, L50, F|\n|poke|p1|Incineroar, L50, M|\n|poke|p1|Orthworm, L50, M|\n|poke|p1|Whimsicott, L50, F|\n|poke|p1|Archaludon, L50, M|\n|poke|p1|Rotom-Frost, L50|\n|poke|p2|Garchomp, L50, F|\n|poke|p2|Gardevoir, L50, F|\n|poke|p2|Rotom-Wash, L50|\n|poke|p2|Aegislash, L50, M|\n|poke|p2|Arcanine, L50, M|\n|poke|p2|Kangaskhan, L50, F|\n|teampreview|4\n|inactive|Battle timer is ON: inactive players will automatically lose when time's up. (requested by zaneami)\n|\n|t:|1776099743\n|teamsize|p1|4\n|teamsize|p2|4\n|start\n|switch|p1a: Orthworm|Orthworm, L50, M|100/100\n|switch|p1b: Whimsicott|Whimsicott, L50, F|100/100\n|switch|p2a: Garchomp|Garchomp, L50, F|100/100\n|switch|p2b: Gardevoir|Gardevoir, L50, F|100/100\n|turn|1\n|inactive|zaneami has 30 seconds left.\n|inactive|zaneami has 20 seconds left.\n|inactive|zaneami has 15 seconds left.\n|inactive|zaneami has 10 seconds left.\n|inactive|zaneami has 5 seconds left.\n|\n|t:|1776099794\n|move|p1b: Whimsicott|Tailwind|p1b: Whimsicott\n|-sidestart|p1: LunarRose12|move: Tailwind\n|move|p2a: Garchomp|Earthquake|p1b: Whimsicott|[spread] p1b\n|-activate|p2b: Gardevoir|ability: Telepathy\n|-immune|p1a: Orthworm|[from] ability: Earth Eater\n|-resisted|p1b: Whimsicott|1\n|-damage|p1b: Whimsicott|82/100\n|move|p1a: Orthworm|Shed Tail|p1a: Orthworm\n|-start|p1a: Orthworm|Substitute|[from] move: Shed Tail\n|-damage|p1a: Orthworm|50/100\n|-enditem|p1a: Orthworm|Sitrus Berry|[eat]\n|-heal|p1a: Orthworm|75/100|[from] item: Sitrus Berry\n|\n|t:|1776099806\n|switch|p1a: Delphox|Delphox, L50, F|100/100|[from] Shed Tail\n|move|p2b: Gardevoir|Psyshock|p1b: Whimsicott\n|-damage|p1b: Whimsicott|46/100\n|\n|-heal|p1b: Whimsicott|51/100|[from] item: Leftovers\n|upkeep\n|turn|2\n|inactive|zaneami has 30 seconds left.\n|inactive|LunarRose12 has 30 seconds left.\n|\n|t:|1776099837\n|detailschange|p1a: Delphox|Delphox-Mega, L50, F\n|-mega|p1a: Delphox|Delphox|Delphoxite\n|move|p1b: Whimsicott|Fake Tears|p2b: Gardevoir\n|-unboost|p2b: Gardevoir|spd|2\n|move|p1a: Delphox|Flamethrower|p2b: Gardevoir\n|-enditem|p2b: Gardevoir|Focus Sash\n|-damage|p2b: Gardevoir|1/100\n|move|p2a: Garchomp|Earthquake|p1b: Whimsicott|[spread] p1b\n|-activate|p2b: Gardevoir|ability: Telepathy\n|-immune|p1a: Delphox|[from] ability: Levitate\n|-resisted|p1b: Whimsicott|1\n|-damage|p1b: Whimsicott|34/100\n|move|p2b: Gardevoir|Psyshock|p1a: Delphox\n|-resisted|p1a: Delphox|1\n|-end|p1a: Delphox|Substitute\n|\n|-heal|p1b: Whimsicott|40/100|[from] item: Leftovers\n|upkeep\n|turn|3\n|inactive|LunarRose12 has 30 seconds left.\n|inactive|LunarRose12 has 20 seconds left.\n|\n|t:|1776099875\n|move|p2b: Gardevoir|Protect|p2b: Gardevoir\n|-singleturn|p2b: Gardevoir|Protect\n|move|p1a: Delphox|Dazzling Gleam|p2a: Garchomp|[spread] p2a\n|-activate|p2b: Gardevoir|move: Protect\n|-supereffective|p2a: Garchomp|1\n|-damage|p2a: Garchomp|49/100\n|move|p1b: Whimsicott|Moonblast|p2a: Garchomp\n|-supereffective|p2a: Garchomp|1\n|-damage|p2a: Garchomp|0 fnt\n|faint|p2a: Garchomp\n|\n|-heal|p1b: Whimsicott|46/100|[from] item: Leftovers\n|upkeep\n|\n|t:|1776099893\n|switch|p2a: Rotom|Rotom-Wash, L50|100/100\n|turn|4\n|\n|t:|1776099906\n|move|p1b: Whimsicott|Fake Tears|p2a: Rotom\n|-unboost|p2a: Rotom|spd|2\n|move|p1a: Delphox|Psychic|p2a: Rotom\n|-damage|p2a: Rotom|0 fnt\n|faint|p2a: Rotom\n|move|p2b: Gardevoir|Psyshock|p1b: Whimsicott\n|-damage|p1b: Whimsicott|8/100\n|\n|-heal|p1b: Whimsicott|14/100|[from] item: Leftovers\n|-sideend|p1: LunarRose12|move: Tailwind\n|upkeep\n|inactive|zaneami has 30 seconds left.\n|inactive|zaneami has 20 seconds left.\n|inactive|zaneami has 15 seconds left.\n|inactive|zaneami has 10 seconds left.\n|\n|t:|1776099951\n|switch|p2a: Kangaskhan|Kangaskhan, L50, F|100/100\n|turn|5\n|inactive|LunarRose12 has 30 seconds left.\n|inactive|LunarRose12 has 20 seconds left.\n|\n|t:|1776099989\n|switch|p1a: Archaludon|Archaludon, L50, M|100/100\n|switch|p1b: Orthworm|Orthworm, L50, M|75/100\n|detailschange|p2a: Kangaskhan|Kangaskhan-Mega, L50, F\n|-mega|p2a: Kangaskhan|Kangaskhan|Kangaskhanite\n|move|p2b: Gardevoir|Protect|p2b: Gardevoir\n|-singleturn|p2b: Gardevoir|Protect\n|move|p2a: Kangaskhan|Fake Out|p1b: Orthworm\n|-resisted|p1b: Orthworm|1\n|-damage|p1b: Orthworm|68/100\n|-resisted|p1b: Orthworm|1\n|-damage|p1b: Orthworm|66/100\n|-hitcount|p1b: Orthworm|2\n|\n|upkeep\n|turn|6\n|inactive|LunarRose12 has 30 seconds left.\n|\n|t:|1776100016\n|move|p1a: Archaludon|Earthquake|p2a: Kangaskhan|[spread] p2a,p2b\n|-heal|p1b: Orthworm|91/100|[from] ability: Earth Eater|[of] p1a: Archaludon\n|-crit|p2b: Gardevoir\n|-damage|p2a: Kangaskhan|80/100\n|-damage|p2b: Gardevoir|0 fnt\n|faint|p2b: Gardevoir\n|move|p2a: Kangaskhan|Drain Punch|p1b: Orthworm\n|-supereffective|p1b: Orthworm|1\n|-damage|p1b: Orthworm|50/100\n|-heal|p2a: Kangaskhan|97/100|[from] drain|[of] p1b: Orthworm\n|-supereffective|p1b: Orthworm|1\n|-damage|p1b: Orthworm|41/100\n|-heal|p2a: Kangaskhan|100/100|[from] drain|[of] p1b: Orthworm\n|-hitcount|p1b: Orthworm|2\n|move|p1b: Orthworm|Body Press|p2a: Kangaskhan\n|-supereffective|p2a: Kangaskhan|1\n|-damage|p2a: Kangaskhan|35/100\n|\n|upkeep\n|turn|7\n|\n|t:|1776100038\n|move|p1a: Archaludon|Brick Break|p2a: Kangaskhan\n|-supereffective|p2a: Kangaskhan|1\n|-damage|p2a: Kangaskhan|0 fnt\n|faint|p2a: Kangaskhan\n|\n|win|LunarRose12\n|raw|LunarRose12's rating: 1139 &rarr; <strong>1157</strong><br />(+18 for winning)\n|raw|zaneami's rating: 1046 &rarr; <strong>1034</strong><br />(-12 for losing)\n|c|\u2606LunarRose12|gg\n|l|\u2606LunarRose12\n|player|p1|\n",
  "uploadtime": 1776100067,
  "views": 16,
  "formatid": "gen9championsvgc2026regma",
  "rating": 1034,
  "private": 0,
  "password": null
}