{
  "id": "gen9championsvgc2026regma-2583909666",
  "format": "[Gen 9 Champions] VGC 2026 Reg M-A",
  "players": [
    "Duelyst II",
    "Mishsire"
  ],
  "log": "|j|\u2606Duelyst II\n|j|\u2606Mishsire\n|t:|1776207452\n|gametype|doubles\n|player|p1|Duelyst II|rose|\n|player|p2|Mishsire|chili|\n|gen|9\n|tier|[Gen 9 Champions] VGC 2026 Reg M-A\n|rated|Tournament battle\n|rule|Species Clause: Limit one of each Pok\u00e9mon\n|rule|Item Clause: Limit 1 of each item\n|raw|<div class=\"infobox\"><details class=\"readmore\" open><summary><strong>1 custom rule:</strong></summary> Force Open Team Sheets</details></div>\n|clearpoke\n|poke|p1|Decidueye-Hisui, L50, M|\n|poke|p1|Oranguru, L50, F|\n|poke|p1|Tyranitar, L50, F|\n|poke|p1|Skarmory, L50, M|\n|poke|p1|Rotom-Wash, L50|\n|poke|p1|Alcremie, L50, F|\n|poke|p2|Abomasnow, L50, M|\n|poke|p2|Slowking-Galar, L50, M|\n|poke|p2|Emboar, L50, F|\n|poke|p2|Primarina, L50, M|\n|poke|p2|Farigiraf, L50, F|\n|poke|p2|Incineroar, L50, M|\n|teampreview|4\n|showteam|p1|Decidueye-Hisui||ScopeLens|Scrappy|TripleArrows,LeafBlade,Protect,SuckerPunch|||M|||50|]Oranguru||LumBerry|InnerFocus|Instruct,TrickRoom,Psychic,Protect|||F|||50|]Tyranitar||Tyranitarite|SandStream|RockSlide,KnockOff,Protect,Curse|||F|||50|]Skarmory||Skarmorite|WeakArmor|BraveBird,IronHead,Tailwind,Protect|||M|||50|]Rotom-Wash||Leftovers|Levitate|VoltSwitch,Thunderbolt,Protect,HydroPump||||||50|]Alcremie||ChoiceScarf|SweetVeil|Decorate,DazzlingGleam,Encore,LightScreen|||F|||50|\n|showteam|p2|Abomasnow||Abomasite|SnowWarning|Blizzard,EnergyBall,IceShard,Protect|||M|||50|]Slowking-Galar||ColburBerry|Regenerator|AcidSpray,Psyshock,TrickRoom,Protect|||M|||50|]Emboar||BlackBelt|Reckless|FlareBlitz,WildCharge,CloseCombat,Protect|||F|||50|]Primarina||MysticWater|LiquidVoice|HyperVoice,Moonblast,Substitute,Protect|||M|||50|]Farigiraf||SitrusBerry|ArmorTail|Psychic,FoulPlay,TrickRoom,HelpingHand|||F|||50|]Incineroar||Leftovers|Intimidate|FlareBlitz,ThroatChop,FakeOut,PartingShot|||M|||50|\n|c|\u2606Mishsire|glhf\n|c|\u2606Duelyst II|glhf\n|j|@Radio Free C-Side\n|j| WishMkrLucy\n|j| Ducktile@!\n|\n|t:|1776207497\n|teamsize|p1|4\n|teamsize|p2|4\n|start\n|switch|p1a: Oranguru|Oranguru, L50, F|100/100\n|switch|p1b: Skarmory|Skarmory, L50, M|100/100\n|switch|p2a: Farigiraf|Farigiraf, L50, F|100/100\n|switch|p2b: Emboar|Emboar, L50, F|100/100\n|turn|1\n|j| ShatteredTemp3st\n|\n|t:|1776207539\n|detailschange|p1b: Skarmory|Skarmory-Mega, L50, M\n|-mega|p1b: Skarmory|Skarmory|Skarmorite\n|move|p2b: Emboar|Protect|p2b: Emboar\n|-singleturn|p2b: Emboar|Protect\n|move|p1b: Skarmory|Iron Head|p2a: Farigiraf\n|-crit|p2a: Farigiraf\n|-damage|p2a: Farigiraf|49/100\n|-enditem|p2a: Farigiraf|Sitrus Berry|[eat]\n|-heal|p2a: Farigiraf|74/100|[from] item: Sitrus Berry\n|move|p1a: Oranguru|Instruct|p1b: Skarmory\n|-singleturn|p1b: Skarmory|move: Instruct|[of] p1a: Oranguru\n|move|p1b: Skarmory|Iron Head|p2a: Farigiraf\n|-damage|p2a: Farigiraf|44/100\n|move|p2a: Farigiraf|Trick Room|p2a: Farigiraf\n|-fieldstart|move: Trick Room|[of] p2a: Farigiraf\n|\n|upkeep\n|turn|2\n|\n|t:|1776207564\n|move|p2a: Farigiraf|Helping Hand|p2b: Emboar\n|-singleturn|p2b: Emboar|Helping Hand|[of] p2a: Farigiraf\n|move|p1b: Skarmory|Protect|p1b: Skarmory\n|-singleturn|p1b: Skarmory|Protect\n|move|p2b: Emboar|Flare Blitz|p1a: Oranguru\n|-damage|p1a: Oranguru|10/100\n|-damage|p2b: Emboar|73/100|[from] Recoil\n|move|p1a: Oranguru|Trick Room|p1a: Oranguru\n|-fieldend|move: Trick Room\n|\n|upkeep\n|turn|3\n|\n|t:|1776207589\n|move|p2b: Emboar|Protect|p2b: Emboar\n|-singleturn|p2b: Emboar|Protect\n|move|p1b: Skarmory|Brave Bird|p2a: Farigiraf\n|-damage|p2a: Farigiraf|0 fnt\n|faint|p2a: Farigiraf\n|-damage|p1b: Skarmory|77/100|[from] Recoil\n|move|p1a: Oranguru|Psychic|p2b: Emboar\n|-activate|p2b: Emboar|move: Protect\n|\n|upkeep\n|\n|t:|1776207600\n|switch|p2a: Primarina|Primarina, L50, M|100/100\n|turn|4\n|j| Thogi_\n|\n|t:|1776207620\n|switch|p1b: Rotom|Rotom-Wash, L50|100/100\n|move|p1a: Oranguru|Protect|p1a: Oranguru\n|-singleturn|p1a: Oranguru|Protect\n|move|p2b: Emboar|Flare Blitz|p1b: Rotom\n|-resisted|p1b: Rotom|1\n|-damage|p1b: Rotom|69/100\n|-damage|p2b: Emboar|65/100|[from] Recoil\n|move|p2a: Primarina|Hyper Voice|p1b: Rotom|[spread] p1b\n|-activate|p1a: Oranguru|move: Protect\n|-resisted|p1b: Rotom|1\n|-damage|p1b: Rotom|43/100\n|\n|-heal|p1b: Rotom|48/100|[from] item: Leftovers\n|upkeep\n|turn|5\n|\n|t:|1776207657\n|switch|p2a: Abomasnow|Abomasnow, L50, M|100/100\n|-weather|Snowscape|[from] ability: Snow Warning|[of] p2a: Abomasnow\n|move|p1b: Rotom|Thunderbolt|p2a: Abomasnow\n|-resisted|p2a: Abomasnow|1\n|-damage|p2a: Abomasnow|80/100\n|move|p1a: Oranguru|Psychic|p2b: Emboar\n|-supereffective|p2b: Emboar|1\n|-damage|p2b: Emboar|4/100\n|move|p2b: Emboar|Wild Charge|p1b: Rotom\n|-damage|p1b: Rotom|15/100\n|-damage|p2b: Emboar|0 fnt|[from] Recoil\n|faint|p2b: Emboar\n|\n|-weather|Snowscape|[upkeep]\n|-heal|p1b: Rotom|20/100|[from] item: Leftovers\n|upkeep\n|\n|t:|1776207672\n|switch|p2b: Primarina|Primarina, L50, M|100/100\n|turn|6\n|\n|t:|1776207708\n|detailschange|p2a: Abomasnow|Abomasnow-Mega, L50, M\n|-mega|p2a: Abomasnow|Abomasnow|Abomasite\n|move|p2b: Primarina|Protect|p2b: Primarina\n|-singleturn|p2b: Primarina|Protect\n|move|p1b: Rotom|Thunderbolt|p2b: Primarina\n|-activate|p2b: Primarina|move: Protect\n|move|p1a: Oranguru|Instruct|p1b: Rotom\n|-singleturn|p1b: Rotom|move: Instruct|[of] p1a: Oranguru\n|move|p1b: Rotom|Thunderbolt|p2b: Primarina\n|-activate|p2b: Primarina|move: Protect\n|move|p2a: Abomasnow|Blizzard|p1b: Rotom|[spread] p1a,p1b\n|-resisted|p1b: Rotom|1\n|-damage|p1a: Oranguru|0 fnt\n|-damage|p1b: Rotom|0 fnt\n|faint|p1a: Oranguru\n|faint|p1b: Rotom\n|\n|-weather|Snowscape|[upkeep]\n|upkeep\n|\n|t:|1776207725\n|switch|p1b: Skarmory|Skarmory-Mega, L50, M|77/100\n|switch|p1a: Decidueye|Decidueye-Hisui, L50, M|100/100\n|turn|7\n|j| FBISurveillanceMan\n|\n|t:|1776207749\n|move|p2a: Abomasnow|Protect|p2a: Abomasnow\n|-singleturn|p2a: Abomasnow|Protect\n|move|p1b: Skarmory|Tailwind|p1b: Skarmory\n|-sidestart|p1: Duelyst II|move: Tailwind\n|move|p1a: Decidueye|Leaf Blade|p2b: Primarina\n|-supereffective|p2b: Primarina|1\n|-damage|p2b: Primarina|0 fnt\n|faint|p2b: Primarina\n|\n|-weather|Snowscape|[upkeep]\n|upkeep\n|turn|8\n|c|\u2606Mishsire|gg\n|c|\u2606Duelyst II|gg\n|\n|t:|1776207765\n|move|p1b: Skarmory|Brave Bird|p2a: Abomasnow\n|-supereffective|p2a: Abomasnow|1\n|-damage|p2a: Abomasnow|0 fnt\n|faint|p2a: Abomasnow\n|-damage|p1b: Skarmory|45/100|[from] Recoil\n|\n|win|Duelyst II\n|n|\u2606Duelyst II|duelystii\n|n|\u2606Mishsire|mishsire\n|n|+Radio Free C-Side|radiofreecside\n|n| WishMkrLucy|wishmkrlucy\n|n| Ducktile@!|ducktile\n|n| ShatteredTemp3st|shatteredtemp3st\n|n| Thogi_|thogi\n|n| FBISurveillanceMan|fbisurveillanceman\n|l|\u2606Mishsire\n|player|p2|\n|l|+Radio Free C-Side\n|l| Thogi_\n",
  "uploadtime": 1776207774,
  "views": 17,
  "formatid": "gen9championsvgc2026regma",
  "rating": null,
  "private": 0,
  "password": null
}