{
  "id": "gen9championsvgc2026regma-2585486820",
  "format": "[Gen 9 Champions] VGC 2026 Reg M-A",
  "players": [
    "stunky37",
    "1#MiraidonHater"
  ],
  "log": "|j|\u2606stunky37\n|j|\u26061#MiraidonHater\n|t:|1776350805\n|gametype|doubles\n|player|p1|stunky37|102|1181\n|player|p2|1#MiraidonHater|266|1269\n|gen|9\n|tier|[Gen 9 Champions] VGC 2026 Reg M-A\n|rated|\n|rule|Species Clause: Limit one of each Pok\u00e9mon\n|rule|Item Clause: Limit 1 of each item\n|clearpoke\n|poke|p1|Floette-Eternal, L50, F|\n|poke|p1|Espathra, L50, F|\n|poke|p1|Charizard, L50, M|\n|poke|p1|Rotom-Wash, L50|\n|poke|p1|Sneasler, L50, F|\n|poke|p1|Kingambit, L50, F|\n|poke|p2|Houndoom, L50, F|\n|poke|p2|Gengar, L50, M|\n|poke|p2|Torkoal, L50, M|\n|poke|p2|Sinistcha-Masterpiece, L50|\n|poke|p2|Gyarados, L50, M|\n|poke|p2|Farigiraf, L50, M|\n|teampreview|4\n|inactive|Battle timer is ON: inactive players will automatically lose when time's up. (requested by stunky37)\n|\n|t:|1776350830\n|teamsize|p1|4\n|teamsize|p2|4\n|start\n|switch|p1a: Espathra|Espathra, L50, F|100/100\n|switch|p1b: Kingambit|Kingambit, L50, F|100/100\n|switch|p2a: Gengar|Gengar, L50, M|100/100\n|switch|p2b: Houndoom|Houndoom, L50, F|100/100\n|-ability|p2b: Houndoom|Unnerve\n|turn|1\n|\n|t:|1776350851\n|switch|p2a: Farigiraf|Farigiraf, L50, M|100/100\n|detailschange|p2b: Houndoom|Houndoom-Mega, L50, F\n|-mega|p2b: Houndoom|Houndoom|Houndoominite\n|move|p1a: Espathra|Protect|p1a: Espathra\n|-singleturn|p1a: Espathra|Protect\n|move|p1b: Kingambit|Protect|p1b: Kingambit\n|-singleturn|p1b: Kingambit|Protect\n|move|p2b: Houndoom|Heat Wave|p1b: Kingambit|[spread] \n|-activate|p1a: Espathra|move: Protect\n|-activate|p1b: Kingambit|move: Protect\n|\n|-ability|p1a: Espathra|Speed Boost|boost\n|-boost|p1a: Espathra|spe|1\n|upkeep\n|turn|2\n|\n|t:|1776350875\n|switch|p2a: Torkoal|Torkoal, L50, M|100/100\n|-weather|SunnyDay|[from] ability: Drought|[of] p2a: Torkoal\n|move|p1a: Espathra|Calm Mind|p1a: Espathra\n|-boost|p1a: Espathra|spa|1\n|-boost|p1a: Espathra|spd|1\n|move|p2b: Houndoom|Heat Wave|p1a: Espathra|[spread] p1a,p1b\n|-supereffective|p1b: Kingambit|1\n|-damage|p1a: Espathra|29/100\n|-damage|p1b: Kingambit|0 fnt\n|-status|p1a: Espathra|brn\n|faint|p1b: Kingambit\n|\n|-weather|SunnyDay|[upkeep]\n|-damage|p2b: Houndoom|88/100|[from] ability: Solar Power|[of] p2b: Houndoom\n|-heal|p1a: Espathra|35/100 brn|[from] item: Leftovers\n|-damage|p1a: Espathra|29/100 brn|[from] brn\n|-ability|p1a: Espathra|Speed Boost|boost\n|-boost|p1a: Espathra|spe|1\n|upkeep\n|\n|t:|1776350900\n|switch|p1b: Rotom|Rotom-Wash, L50|100/100\n|turn|3\n|\n|t:|1776350908\n|move|p2a: Torkoal|Helping Hand|p2b: Houndoom\n|-singleturn|p2b: Houndoom|Helping Hand|[of] p2a: Torkoal\n|move|p1a: Espathra|Protect|p1a: Espathra\n|-singleturn|p1a: Espathra|Protect\n|move|p1b: Rotom|Electroweb|p2a: Torkoal|[spread] p2a,p2b\n|-damage|p2a: Torkoal|78/100\n|-damage|p2b: Houndoom|66/100\n|-unboost|p2a: Torkoal|spe|1\n|-unboost|p2b: Houndoom|spe|1\n|move|p2b: Houndoom|Heat Wave|p1a: Espathra|[spread] p1b\n|-activate|p1a: Espathra|move: Protect\n|-resisted|p1b: Rotom|1\n|-damage|p1b: Rotom|26/100\n|-status|p1b: Rotom|brn\n|\n|-weather|SunnyDay|[upkeep]\n|-damage|p2b: Houndoom|54/100|[from] ability: Solar Power|[of] p2b: Houndoom\n|-heal|p1a: Espathra|35/100 brn|[from] item: Leftovers\n|-damage|p1a: Espathra|29/100 brn|[from] brn\n|-damage|p1b: Rotom|20/100 brn|[from] brn\n|-ability|p1a: Espathra|Speed Boost|boost\n|-boost|p1a: Espathra|spe|1\n|upkeep\n|turn|4\n|inactive|stunky37 has 30 seconds left.\n|inactive|1#MiraidonHater has 30 seconds left.\n|\n|t:|1776350943\n|move|p1a: Espathra|Baton Pass|p1a: Espathra\n|\n|t:|1776350958\n|switch|p1a: Floette|Floette-Eternal, L50, F|100/100|[from] Baton Pass\n|move|p1b: Rotom|Electroweb|p2b: Houndoom|[spread] p2a,p2b\n|-crit|p2a: Torkoal\n|-damage|p2a: Torkoal|45/100\n|-damage|p2b: Houndoom|34/100\n|-unboost|p2a: Torkoal|spe|1\n|-unboost|p2b: Houndoom|spe|1\n|move|p2b: Houndoom|Heat Wave|p1a: Floette|[spread] p1a,p1b\n|-resisted|p1b: Rotom|1\n|-damage|p1a: Floette|50/100\n|-damage|p1b: Rotom|0 fnt\n|faint|p1b: Rotom\n|move|p2a: Torkoal|Heat Wave|p1a: Floette\n|-damage|p1a: Floette|10/100\n|\n|-weather|SunnyDay|[upkeep]\n|-damage|p2b: Houndoom|22/100|[from] ability: Solar Power|[of] p2b: Houndoom\n|upkeep\n|\n|t:|1776350973\n|switch|p1b: Espathra|Espathra, L50, F|29/100 brn\n|turn|5\n|\n|t:|1776350986\n|detailschange|p1a: Floette|Floette-Mega, L50, F\n|-mega|p1a: Floette|Floette|Floettite\n|-ability|p1a: Floette|Fairy Aura\n|move|p1a: Floette|Dazzling Gleam|p2b: Houndoom|[spread] p2a,p2b\n|-resisted|p2a: Torkoal|1\n|-damage|p2a: Torkoal|0 fnt\n|-damage|p2b: Houndoom|0 fnt\n|faint|p2a: Torkoal\n|faint|p2b: Houndoom\n|move|p1b: Espathra|Lumina Crash|p2: Torkoal|[notarget]\n|-fail|p1b: Espathra\n|\n|-weather|SunnyDay|[upkeep]\n|-heal|p1b: Espathra|35/100 brn|[from] item: Leftovers\n|-damage|p1b: Espathra|29/100 brn|[from] brn\n|-ability|p1b: Espathra|Speed Boost|boost\n|-boost|p1b: Espathra|spe|1\n|upkeep\n|\n|t:|1776350992\n|switch|p2b: Gengar|Gengar, L50, M|100/100\n|switch|p2a: Farigiraf|Farigiraf, L50, M|100/100\n|turn|6\n|\n|t:|1776351008\n|move|p1a: Floette|Dazzling Gleam|p2b: Gengar|[spread] p2a,p2b\n|-resisted|p2b: Gengar|1\n|-damage|p2a: Farigiraf|34/100\n|-damage|p2b: Gengar|47/100\n|-start|p1a: Floette|Disable|Dazzling Gleam|[from] ability: Cursed Body|[of] p2b: Gengar\n|-enditem|p2a: Farigiraf|Sitrus Berry|[eat]\n|-heal|p2a: Farigiraf|59/100|[from] item: Sitrus Berry\n|move|p2b: Gengar|Icy Wind|p1b: Espathra|[spread] p1a,p1b\n|-damage|p1a: Floette|3/100\n|-damage|p1b: Espathra|9/100 brn\n|-unboost|p1a: Floette|spe|1\n|-unboost|p1b: Espathra|spe|1\n|move|p1b: Espathra|Lumina Crash|p2b: Gengar\n|-supereffective|p2b: Gengar|1\n|-damage|p2b: Gengar|0 fnt\n|faint|p2b: Gengar\n|move|p2a: Farigiraf|Dazzling Gleam|p1a: Floette|[spread] p1a,p1b\n|-damage|p1a: Floette|0 fnt\n|-damage|p1b: Espathra|0 fnt\n|faint|p1a: Floette\n|faint|p1b: Espathra\n|\n|win|1#MiraidonHater\n",
  "uploadtime": 1776350809,
  "views": 46,
  "formatid": "gen9championsvgc2026regma",
  "rating": null,
  "private": 0,
  "password": null
}