{
  "id": "gen9championsvgc2026regma-2588828540",
  "format": "[Gen 9 Champions] VGC 2026 Reg M-A",
  "players": [
    "ColeTroll",
    "volacrona"
  ],
  "log": "|j|\u2606ColeTroll\n|j|\u2606volacrona\n|t:|1776675859\n|gametype|doubles\n|player|p1|ColeTroll|266|1086\n|player|p2|volacrona|2|1064\n|gen|9\n|tier|[Gen 9 Champions] VGC 2026 Reg M-A\n|rated|\n|rule|Species Clause: Limit one of each Pok\u00e9mon\n|rule|Item Clause: Limit 1 of each item\n|clearpoke\n|poke|p1|Charizard, L50, M|\n|poke|p1|Venusaur, L50, F|\n|poke|p1|Garchomp, L50, F|\n|poke|p1|Aerodactyl, L50, M|\n|poke|p1|Archaludon, L50, M|\n|poke|p1|Typhlosion-Hisui, L50, M|\n|poke|p2|Glimmora, L50, F|\n|poke|p2|Tinkaton, L50, F|\n|poke|p2|Garchomp, L50, F|\n|poke|p2|Corviknight, L50, M|\n|poke|p2|Basculegion, L50, M|\n|poke|p2|Volcarona, L50, M|\n|teampreview|4\n|\n|t:|1776675892\n|teamsize|p1|4\n|teamsize|p2|4\n|start\n|switch|p1a: Charizard|Charizard, L50, M|100/100\n|switch|p1b: Venusaur|Venusaur, L50, F|100/100\n|switch|p2a: Glimmora|Glimmora, L50, F|100/100\n|switch|p2b: Tinkaton|Tinkaton, L50, F|100/100\n|-ability|p2b: Tinkaton|Mold Breaker\n|turn|1\n|\n|t:|1776675922\n|detailschange|p1a: Charizard|Charizard-Mega-Y, L50, M\n|-mega|p1a: Charizard|Charizard|Charizardite Y\n|-weather|SunnyDay|[from] ability: Drought|[of] p1a: Charizard\n|detailschange|p2a: Glimmora|Glimmora-Mega, L50, F\n|-mega|p2a: Glimmora|Glimmora|Glimmoranite\n|move|p2b: Tinkaton|Fake Out|p1b: Venusaur\n|-damage|p1b: Venusaur|91/100\n|cant|p1b: Venusaur|flinch\n|move|p1a: Charizard|Weather Ball|p2b: Tinkaton\n|-supereffective|p2b: Tinkaton|1\n|-damage|p2b: Tinkaton|0 fnt\n|faint|p2b: Tinkaton\n|move|p2a: Glimmora|Power Gem|p1a: Charizard\n|-supereffective|p1a: Charizard|2\n|-damage|p1a: Charizard|0 fnt\n|faint|p1a: Charizard\n|\n|-weather|SunnyDay|[upkeep]\n|upkeep\n|\n|t:|1776675945\n|switch|p1a: Garchomp|Garchomp, L50, F|100/100\n|switch|p2b: Volcarona|Volcarona, L50, M|100/100\n|turn|2\n|\n|t:|1776675963\n|move|p1b: Venusaur|Sleep Powder|p2b: Volcarona\n|-status|p2b: Volcarona|slp|[from] move: Sleep Powder\n|cant|p2b: Volcarona|slp\n|move|p1a: Garchomp|Earthquake|p2b: Volcarona|[spread] p1b,p2a,p2b\n|-supereffective|p2a: Glimmora|2\n|-damage|p1b: Venusaur|36/100\n|-damage|p2a: Glimmora|0 fnt\n|-damage|p2b: Volcarona|31/100 slp\n|faint|p2a: Glimmora\n|\n|-weather|SunnyDay|[upkeep]\n|upkeep\n|\n|t:|1776675972\n|switch|p2a: Garchomp|Garchomp, L50, F|100/100\n|turn|3\n|\n|t:|1776675986\n|move|p1b: Venusaur|Sleep Powder|p2a: Garchomp\n|-status|p2a: Garchomp|slp|[from] move: Sleep Powder\n|cant|p2a: Garchomp|slp\n|cant|p2b: Volcarona|slp\n|move|p1a: Garchomp|Rock Slide|p2b: Volcarona|[spread] p2a\n|-miss|p1a: Garchomp|p2b: Volcarona\n|-resisted|p2a: Garchomp|1\n|-damage|p2a: Garchomp|90/100 slp\n|\n|-weather|SunnyDay|[upkeep]\n|upkeep\n|turn|4\n|\n|t:|1776676016\n|move|p1b: Venusaur|Protect|p1b: Venusaur\n|-singleturn|p1b: Venusaur|Protect\n|cant|p2a: Garchomp|slp\n|-curestatus|p2b: Volcarona|slp|[msg]\n|move|p2b: Volcarona|Bug Buzz|p1b: Venusaur\n|-activate|p1b: Venusaur|move: Protect\n|move|p1a: Garchomp|Earthquake|p2a: Garchomp|[spread] p2a,p2b\n|-activate|p1b: Venusaur|move: Protect\n|-damage|p2a: Garchomp|48/100 slp\n|-damage|p2b: Volcarona|0 fnt\n|faint|p2b: Volcarona\n|\n|-weather|SunnyDay|[upkeep]\n|upkeep\n|turn|5\n|\n|t:|1776676037\n|move|p1b: Venusaur|Leaf Storm|p2a: Garchomp\n|-damage|p2a: Garchomp|0 fnt\n|-unboost|p1b: Venusaur|spa|2\n|faint|p2a: Garchomp\n|\n|win|ColeTroll\n|raw|ColeTroll's rating: 1086 &rarr; <strong>1111</strong><br />(+25 for winning)\n|raw|volacrona's rating: 1064 &rarr; <strong>1046</strong><br />(-18 for losing)\n|l|\u2606ColeTroll\n|player|p1|\n|c|\u2606volacrona|gg\n",
  "uploadtime": 1776676043,
  "views": 10,
  "formatid": "gen9championsvgc2026regma",
  "rating": 1046,
  "private": 0,
  "password": null
}