{
  "id": "gen9championsvgc2026regma-2583423267",
  "format": "[Gen 9 Champions] VGC 2026 Reg M-A",
  "players": [
    "baggedchikin",
    "Clebathy"
  ],
  "log": "|j|\u2606baggedchikin\n|j|\u2606Clebathy\n|t:|1776174667\n|gametype|doubles\n|player|p1|baggedchikin|gentleman-gen4|1048\n|player|p2|Clebathy|102|1000\n|gen|9\n|tier|[Gen 9 Champions] VGC 2026 Reg M-A\n|rated|\n|rule|Species Clause: Limit one of each Pok\u00e9mon\n|rule|Item Clause: Limit 1 of each item\n|clearpoke\n|poke|p1|Lycanroc, L50, M|\n|poke|p1|Tyranitar, L50, F|\n|poke|p1|Basculegion, L50, M|\n|poke|p1|Sinistcha, L50|\n|poke|p1|Orthworm, L50, M|\n|poke|p1|Camerupt, L50, F|\n|poke|p2|Gengar, L50, F|\n|poke|p2|Primarina, L50, M|\n|poke|p2|Incineroar, L50, F|\n|poke|p2|Sinistcha, L50|\n|poke|p2|Sneasler, L50, M|\n|poke|p2|Aegislash, L50, M|\n|teampreview|4\nbaggedchikin has agreed to open team sheets.\nClebathy has agreed to open team sheets.\n|showteam|p1|Lycanroc||FocusSash|SandRush|Protect,RockSlide,CloseCombat,Howl|||M|||50|]Tyranitar||Tyranitarite|SandStream|Protect,RockSlide,Crunch,LowKick|||F|||50|]Basculegion||ChoiceScarf|Adaptability|WaveCrash,LastRespects,FlipTurn,IcyWind|||M|||50|]Sinistcha||OccaBerry|Hospitality|Protect,MatchaGotcha,RagePowder,TrickRoom||||||50|]Orthworm||SitrusBerry|EarthEater|ShedTail,BodyPress,HeavySlam,HelpingHand|||M|||50|]Camerupt||Cameruptite|SolidRock|Protect,HeatWave,EarthPower,FlashCannon|||F|||50|\n|showteam|p2|Gengar||Gengarite|CursedBody|PerishSong,Protect,ShadowBall,WillOWisp|||F|||50|]Primarina||Leftovers|LiquidVoice|PerishSong,Protect,HyperVoice,LifeDew|||M|||50|]Incineroar||SitrusBerry|Intimidate|PartingShot,Protect,FakeOut,FlareBlitz|||F|||50|]Sinistcha||MentalHerb|Hospitality|MatchaGotcha,ShadowBall,RagePowder,Protect||||||50|]Sneasler||FocusSash|Unburden|FakeOut,Acrobatics,DireClaw,CloseCombat|||M|||50|]Aegislash||SpellTag|StanceChange|IronHead,ShadowSneak,KingsShield,ShadowBall|||M|||50|\n|inactive|Battle timer is ON: inactive players will automatically lose when time's up. (requested by Clebathy)\n|\n|t:|1776174749\n|teamsize|p1|4\n|teamsize|p2|4\n|start\n|switch|p1a: Basculegion|Basculegion, L50, M|100/100\n|switch|p1b: Sinistcha|Sinistcha, L50|100/100\n|switch|p2a: Gengar|Gengar, L50, F|100/100\n|switch|p2b: Incineroar|Incineroar, L50, F|100/100\n|-ability|p2b: Incineroar|Intimidate|boost\n|-unboost|p1a: Basculegion|atk|1\n|-unboost|p1b: Sinistcha|atk|1\n|turn|1\n|\n|t:|1776174772\n|detailschange|p2a: Gengar|Gengar-Mega, L50, F\n|-mega|p2a: Gengar|Gengar|Gengarite\n|move|p2a: Gengar|Protect|p2a: Gengar\n|-singleturn|p2a: Gengar|Protect\n|move|p2b: Incineroar|Protect|p2b: Incineroar\n|-singleturn|p2b: Incineroar|Protect\n|move|p1a: Basculegion|Wave Crash|p2a: Gengar\n|-activate|p2a: Gengar|move: Protect\n|move|p1b: Sinistcha|Trick Room|p1b: Sinistcha\n|-fieldstart|move: Trick Room|[of] p1b: Sinistcha\n|\n|upkeep\n|turn|2\n|inactive|baggedchikin has 30 seconds left.\n|inactive|Clebathy has 30 seconds left.\n|\n|t:|1776174803\n|switch|p1b: Camerupt|Camerupt, L50, F|100/100\n|switch|p2a: Primarina|Primarina, L50, M|100/100\n|move|p2b: Incineroar|Parting Shot|p1a: Basculegion\n|-unboost|p1a: Basculegion|atk|1\n|-unboost|p1a: Basculegion|spa|1\n|\n|t:|1776174817\n|switch|p2b: Aegislash|Aegislash, L50, M|100/100|[from] Parting Shot\n|move|p1a: Basculegion|Wave Crash|p2a: Primarina\n|-resisted|p2a: Primarina|1\n|-damage|p2a: Primarina|83/100\n|-damage|p1a: Basculegion|95/100|[from] Recoil\n|\n|-heal|p2a: Primarina|89/100|[from] item: Leftovers\n|upkeep\n|turn|3\n|inactive|baggedchikin has 30 seconds left.\n|inactive|baggedchikin has 20 seconds left.\n|inactive|baggedchikin has 15 seconds left.\n|\n|t:|1776174860\n|move|p1b: Camerupt|Protect|p1b: Camerupt\n|-singleturn|p1b: Camerupt|Protect\n|-formechange|p2b: Aegislash|Aegislash-Blade|\n|move|p2b: Aegislash|Shadow Ball|p1a: Basculegion\n|-supereffective|p1a: Basculegion|1\n|-damage|p1a: Basculegion|0 fnt\n|faint|p1a: Basculegion\n|move|p2a: Primarina|Hyper Voice|p1b: Camerupt\n|-activate|p1b: Camerupt|move: Protect\n|\n|-heal|p2a: Primarina|95/100|[from] item: Leftovers\n|upkeep\n|\n|t:|1776174866\n|switch|p1a: Sinistcha|Sinistcha, L50|100/100\n|turn|4\n|\n|t:|1776174887\n|detailschange|p1b: Camerupt|Camerupt-Mega, L50, F\n|-mega|p1b: Camerupt|Camerupt|Cameruptite\n|move|p2a: Primarina|Protect|p2a: Primarina\n|-singleturn|p2a: Primarina|Protect\n|move|p1b: Camerupt|Flash Cannon|p2a: Primarina\n|-activate|p2a: Primarina|move: Protect\n|move|p2b: Aegislash|Shadow Ball|p1a: Sinistcha\n|-supereffective|p1a: Sinistcha|1\n|-damage|p1a: Sinistcha|32/100\n|move|p1a: Sinistcha|Matcha Gotcha|p2b: Aegislash|[spread] \n|-activate|p2a: Primarina|move: Protect\n|-miss|p1a: Sinistcha|p2b: Aegislash\n|\n|-heal|p2a: Primarina|100/100|[from] item: Leftovers\n|upkeep\n|turn|5\n|inactive|baggedchikin has 30 seconds left.\n|inactive|Clebathy has 30 seconds left.\n|\n|t:|1776174921\n|switch|p2a: Incineroar|Incineroar, L50, F|100/100\n|-ability|p2a: Incineroar|Intimidate|boost\n|-unboost|p1a: Sinistcha|atk|1\n|-unboost|p1b: Camerupt|atk|1\n|move|p2b: Aegislash|Shadow Sneak|p1a: Sinistcha\n|-supereffective|p1a: Sinistcha|1\n|-damage|p1a: Sinistcha|0 fnt\n|faint|p1a: Sinistcha\n|move|p1b: Camerupt|Earth Power|p2b: Aegislash\n|-supereffective|p2b: Aegislash|1\n|-damage|p2b: Aegislash|0 fnt\n|faint|p2b: Aegislash\n|\n|-fieldend|move: Trick Room\n|upkeep\n|\n|t:|1776174932\n|switch|p1a: Tyranitar|Tyranitar, L50, F|100/100\n|switch|p2b: Gengar|Gengar-Mega, L50, F|100/100\n|-weather|Sandstorm|[from] ability: Sand Stream|[of] p1a: Tyranitar\n|turn|6\n|\n|t:|1776174946\n|move|p2a: Incineroar|Fake Out|p1a: Tyranitar\n|-resisted|p1a: Tyranitar|1\n|-damage|p1a: Tyranitar|95/100\n|move|p2b: Gengar|Perish Song|p2b: Gengar\n|-start|p1a: Tyranitar|perish3|[silent]\n|-start|p1b: Camerupt|perish3|[silent]\n|-start|p2a: Incineroar|perish3|[silent]\n|-start|p2b: Gengar|perish3|[silent]\n|-fieldactivate|move: Perish Song\n|cant|p1a: Tyranitar|flinch\n|move|p1b: Camerupt|Earth Power|p2a: Incineroar\n|-supereffective|p2a: Incineroar|1\n|-damage|p2a: Incineroar|0 fnt\n|faint|p2a: Incineroar\n|\n|-weather|Sandstorm|[upkeep]\n|-damage|p2b: Gengar|95/100|[from] Sandstorm\n|-start|p2b: Gengar|perish3\n|-start|p1a: Tyranitar|perish3\n|-start|p1b: Camerupt|perish3\n|upkeep\n|\n|t:|1776174956\n|switch|p2a: Primarina|Primarina, L50, M|100/100\n|turn|7\n|\n|t:|1776174973\n|move|p2b: Gengar|Protect|p2b: Gengar\n|-singleturn|p2b: Gengar|Protect\n|move|p1a: Tyranitar|Rock Slide|p2a: Primarina|[spread] p2a\n|-activate|p2b: Gengar|move: Protect\n|-damage|p2a: Primarina|72/100\n|move|p2a: Primarina|Hyper Voice|p1b: Camerupt|[spread] p1a,p1b\n|-supereffective|p1a: Tyranitar|1\n|-supereffective|p1b: Camerupt|2\n|-damage|p1a: Tyranitar|64/100\n|-damage|p1b: Camerupt|0 fnt\n|faint|p1b: Camerupt\n|\n|-weather|Sandstorm|[upkeep]\n|-damage|p2b: Gengar|89/100|[from] Sandstorm\n|-damage|p2a: Primarina|66/100|[from] Sandstorm\n|-heal|p2a: Primarina|72/100|[from] item: Leftovers\n|-start|p2b: Gengar|perish2\n|-start|p1a: Tyranitar|perish2\n|upkeep\n|turn|8\n|\n|t:|1776174991\n|move|p2b: Gengar|Will-O-Wisp|p1a: Tyranitar\n|-status|p1a: Tyranitar|brn\n|move|p1a: Tyranitar|Rock Slide|p2b: Gengar|[spread] p2a,p2b\n|-damage|p2a: Primarina|57/100\n|-damage|p2b: Gengar|73/100\n|move|p2a: Primarina|Hyper Voice|p1a: Tyranitar\n|-supereffective|p1a: Tyranitar|1\n|-damage|p1a: Tyranitar|22/100 brn\n|\n|-weather|Sandstorm|[upkeep]\n|-damage|p2b: Gengar|67/100|[from] Sandstorm\n|-damage|p2a: Primarina|51/100|[from] Sandstorm\n|-heal|p2a: Primarina|57/100|[from] item: Leftovers\n|-damage|p1a: Tyranitar|16/100 brn|[from] brn\n|-start|p2b: Gengar|perish1\n|-start|p1a: Tyranitar|perish1\n|upkeep\n|turn|9\n|-message|baggedchikin forfeited.\n|\n|win|Clebathy\n|raw|baggedchikin's rating: 1048 &rarr; <strong>1028</strong><br />(-20 for losing)\n|raw|Clebathy's rating: 1000 &rarr; <strong>1045</strong><br />(+45 for winning)\n|l|\u2606baggedchikin\n|player|p1|\n|c|\u2606Clebathy|gg\n",
  "uploadtime": 1776175002,
  "views": 14,
  "formatid": "gen9championsvgc2026regma",
  "rating": 1028,
  "private": 0,
  "password": null
}