{
  "id": "gen9championsvgc2026regma-2587001168",
  "format": "[Gen 9 Champions] VGC 2026 Reg M-A",
  "players": [
    "jingming",
    "EpicDvD"
  ],
  "log": "|j|\u2606jingming\n|j|\u2606EpicDvD\n|t:|1776479968\n|gametype|doubles\n|player|p1|jingming|nate|1235\n|player|p2|EpicDvD|preschooler|1161\n|gen|9\n|tier|[Gen 9 Champions] VGC 2026 Reg M-A\n|rated|\n|rule|Species Clause: Limit one of each Pok\u00e9mon\n|rule|Item Clause: Limit 1 of each item\n|clearpoke\n|poke|p1|Aerodactyl, L50, M|\n|poke|p1|Tyranitar, L50, F|\n|poke|p1|Aegislash, L50, M|\n|poke|p1|Excadrill, L50, F|\n|poke|p1|Corviknight, L50, M|\n|poke|p1|Sinistcha, L50|\n|poke|p2|Maushold-Four, L50|\n|poke|p2|Incineroar, L50, M|\n|poke|p2|Kingambit, L50, F|\n|poke|p2|Araquanid, L50, F|\n|poke|p2|Gengar, L50, F|\n|poke|p2|Zoroark-Hisui, L50, M|\n|teampreview|4\n|inactive|Battle timer is ON: inactive players will automatically lose when time's up. (requested by jingming)\n|inactive|EpicDvD has 60 seconds left.\n|\n|t:|1776480032\n|teamsize|p1|4\n|teamsize|p2|4\n|start\n|switch|p1a: Tyranitar|Tyranitar, L50, F|100/100\n|switch|p1b: Corviknight|Corviknight, L50, M|100/100\n|switch|p2a: Araquanid|Araquanid, L50, F, shiny|100/100\n|switch|p2b: Incineroar|Incineroar, L50, M|100/100\n|-weather|Sandstorm|[from] ability: Sand Stream|[of] p1a: Tyranitar\n|-ability|p2b: Incineroar|Intimidate|boost\n|-unboost|p1a: Tyranitar|atk|1\n|-ability|p1b: Corviknight|Mirror Armor\n|-unboost|p2b: Incineroar|atk|1\n|turn|1\n|\n|t:|1776480057\n|switch|p1b: Excadrill|Excadrill, L50, F|100/100\n|move|p2b: Incineroar|Fake Out|p1a: Tyranitar\n|-resisted|p1a: Tyranitar|1\n|-damage|p1a: Tyranitar|97/100\n|cant|p1a: Tyranitar|flinch\n|move|p2a: Araquanid|Sticky Web|p1a: Tyranitar\n|-sidestart|p1: jingming|move: Sticky Web\n|\n|-weather|Sandstorm|[upkeep]\n|-damage|p2b: Incineroar|95/100|[from] Sandstorm\n|-damage|p2a: Araquanid|95/100|[from] Sandstorm\n|upkeep\n|turn|2\n|inactive|EpicDvD has 30 seconds left.\n|\n|t:|1776480090\n|detailschange|p1a: Tyranitar|Tyranitar-Mega, L50, F\n|-mega|p1a: Tyranitar|Tyranitar|Tyranitarite\n|move|p1b: Excadrill|Throat Chop|p2b: Incineroar\n|-resisted|p2b: Incineroar|1\n|-damage|p2b: Incineroar|81/100\n|-start|p2b: Incineroar|Throat Chop|[silent]\n|move|p1a: Tyranitar|Dragon Dance|p1a: Tyranitar\n|-boost|p1a: Tyranitar|atk|1\n|-boost|p1a: Tyranitar|spe|1\n|cant|p2b: Incineroar|move: Throat Chop\n|move|p2a: Araquanid|Icy Wind|p1a: Tyranitar|[spread] p1a,p1b\n|-damage|p1a: Tyranitar|94/100\n|-damage|p1b: Excadrill|94/100\n|-unboost|p1a: Tyranitar|spe|1\n|-unboost|p1b: Excadrill|spe|1\n|\n|-weather|Sandstorm|[upkeep]\n|-damage|p2b: Incineroar|75/100|[from] Sandstorm\n|-damage|p2a: Araquanid|89/100|[from] Sandstorm\n|upkeep\n|turn|3\n|inactive|EpicDvD has 30 seconds left.\n|\n|t:|1776480119\n|switch|p1b: Corviknight|Corviknight, L50, M|100/100\n|move|p2b: Incineroar|Protect|p2b: Incineroar\n|-singleturn|p2b: Incineroar|Protect\n|move|p1a: Tyranitar|Dragon Dance|p1a: Tyranitar\n|-boost|p1a: Tyranitar|atk|1\n|-boost|p1a: Tyranitar|spe|1\n|move|p2a: Araquanid|Icy Wind|p1a: Tyranitar|[spread] p1a,p1b\n|-damage|p1a: Tyranitar|90/100\n|-damage|p1b: Corviknight|97/100\n|-unboost|p1a: Tyranitar|spe|1\n|-ability|p1b: Corviknight|Mirror Armor\n|-unboost|p2a: Araquanid|spe|1\n|\n|-weather|Sandstorm|[upkeep]\n|-damage|p2b: Incineroar|69/100|[from] Sandstorm\n|-damage|p2a: Araquanid|83/100|[from] Sandstorm\n|-heal|p1b: Corviknight|100/100|[from] item: Leftovers\n|-end|p2b: Incineroar|Throat Chop|[silent]\n|upkeep\n|turn|4\n|\n|t:|1776480138\n|move|p1a: Tyranitar|Rock Slide|p2b: Incineroar|[spread] p2a,p2b\n|-supereffective|p2a: Araquanid|1\n|-supereffective|p2b: Incineroar|1\n|-damage|p2a: Araquanid|0 fnt\n|-damage|p2b: Incineroar|0 fnt\n|faint|p2a: Araquanid\n|faint|p2b: Incineroar\n|move|p1b: Corviknight|Brave Bird|p2: Araquanid|[notarget]\n|-fail|p1b: Corviknight\n|\n|-weather|Sandstorm|[upkeep]\n|upkeep\n|\n|t:|1776480142\n|switch|p2b: Kingambit|Kingambit, L50, F, shiny|100/100\n|switch|p2a: Gengar|Gengar, L50, F, shiny|100/100\n|-activate|p2b: Kingambit|ability: Supreme Overlord\n|-start|p2b: Kingambit|fallen2|[silent]\n|turn|5\n|\n|t:|1776480161\n|detailschange|p2a: Gengar|Gengar-Mega, L50, F, shiny\n|-mega|p2a: Gengar|Gengar|Gengarite\n|move|p2a: Gengar|Focus Blast|p1a: Tyranitar|[miss]\n|-miss|p2a: Gengar|p1a: Tyranitar\n|move|p1a: Tyranitar|Knock Off|p2a: Gengar\n|-supereffective|p2a: Gengar|1\n|-damage|p2a: Gengar|0 fnt\n|faint|p2a: Gengar\n|move|p2b: Kingambit|Swords Dance|p2b: Kingambit\n|-boost|p2b: Kingambit|atk|2\n|move|p1b: Corviknight|Body Press|p2b: Kingambit\n|-supereffective|p2b: Kingambit|2\n|-damage|p2b: Kingambit|30/100\n|\n|-weather|none\n|upkeep\n|turn|6\n|\n|t:|1776480182\n|move|p1a: Tyranitar|Rock Slide|p2b: Kingambit\n|-resisted|p2b: Kingambit|1\n|-damage|p2b: Kingambit|0 fnt\n|faint|p2b: Kingambit\n|-end|p2b: Kingambit|fallen2|[silent]\n|\n|win|jingming\n|raw|jingming's rating: 1235 &rarr; <strong>1255</strong><br />(+20 for winning)\n|raw|EpicDvD's rating: 1161 &rarr; <strong>1141</strong><br />(-20 for losing)\n|l|\u2606EpicDvD\n|player|p2|\n",
  "uploadtime": 1776480189,
  "views": 23,
  "formatid": "gen9championsvgc2026regma",
  "rating": 1141,
  "private": 0,
  "password": null
}