{
  "id": "gen9championsvgc2026regma-2588717780",
  "format": "[Gen 9 Champions] VGC 2026 Reg M-A",
  "players": [
    "carrooooooooooot",
    "Draxgamer707"
  ],
  "log": "|j|\u2606carrooooooooooot\n|j|\u2606Draxgamer707\n|t:|1776661478\n|gametype|doubles\n|player|p1|carrooooooooooot|bea|1174\n|player|p2|Draxgamer707|pokemonranger-gen4|1124\n|gen|9\n|tier|[Gen 9 Champions] VGC 2026 Reg M-A\n|rated|\n|rule|Species Clause: Limit one of each Pok\u00e9mon\n|rule|Item Clause: Limit 1 of each item\n|clearpoke\n|poke|p1|Espathra, L50, F|\n|poke|p1|Clefable, L50, M|\n|poke|p1|Sableye, L50, M|\n|poke|p1|Primarina, L50, F|\n|poke|p1|Incineroar, L50, F|\n|poke|p1|Aegislash, L50, F|\n|poke|p2|Lopunny, L50, F, shiny|\n|poke|p2|Aegislash, L50, M, shiny|\n|poke|p2|Volcarona, L50, M|\n|poke|p2|Aerodactyl, L50, F|\n|poke|p2|Sinistcha, L50|\n|poke|p2|Primarina, L50, M|\n|teampreview|4\n|inactive|Battle timer is ON: inactive players will automatically lose when time's up. (requested by Draxgamer707)\n|\n|t:|1776661500\n|teamsize|p1|4\n|teamsize|p2|4\n|start\n|switch|p1a: Espathra|Espathra, L50, F|100/100\n|switch|p1b: Clefable|Clefable, L50, M|100/100\n|switch|p2a: Lopunny|Lopunny, L50, F, shiny|100/100\n|switch|p2b: Primarina|Primarina, L50, M|100/100\n|turn|1\n|\n|t:|1776661522\n|switch|p2b: Volcarona|Volcarona, L50, M|100/100\n|detailschange|p2a: Lopunny|Lopunny-Mega, L50, F, shiny\n|-mega|p2a: Lopunny|Lopunny|Lopunnite\n|detailschange|p1b: Clefable|Clefable-Mega, L50, M\n|-mega|p1b: Clefable|Clefable|Clefablite\n|move|p2a: Lopunny|Fake Out|p1b: Clefable\n|-damage|p1b: Clefable|83/100\n|cant|p1b: Clefable|flinch\n|move|p1a: Espathra|Calm Mind|p1a: Espathra\n|-boost|p1a: Espathra|spa|1\n|-boost|p1a: Espathra|spd|1\n|\n|-ability|p1a: Espathra|Speed Boost|boost\n|-boost|p1a: Espathra|spe|1\n|upkeep\n|turn|2\n|\n|t:|1776661538\n|switch|p2a: Aegislash|Aegislash, L50, M, shiny|100/100\n|move|p1b: Clefable|Follow Me|p1b: Clefable\n|-singleturn|p1b: Clefable|move: Follow Me\n|move|p1a: Espathra|Calm Mind|p1a: Espathra\n|-boost|p1a: Espathra|spa|1\n|-boost|p1a: Espathra|spd|1\n|move|p2b: Volcarona|Quiver Dance|p2b: Volcarona\n|-boost|p2b: Volcarona|spa|1\n|-boost|p2b: Volcarona|spd|1\n|-boost|p2b: Volcarona|spe|1\n|\n|-ability|p1a: Espathra|Speed Boost|boost\n|-boost|p1a: Espathra|spe|1\n|upkeep\n|turn|3\n|\n|t:|1776661551\n|move|p1b: Clefable|Follow Me|p1b: Clefable\n|-singleturn|p1b: Clefable|move: Follow Me\n|move|p1a: Espathra|Stored Power|p2b: Volcarona\n|-damage|p2b: Volcarona|11/100\n|move|p2b: Volcarona|Quiver Dance|p2b: Volcarona\n|-boost|p2b: Volcarona|spa|1\n|-boost|p2b: Volcarona|spd|1\n|-boost|p2b: Volcarona|spe|1\n|-formechange|p2a: Aegislash|Aegislash-Blade|\n|move|p2a: Aegislash|Poltergeist|p1b: Clefable\n|-activate|p1b: Clefable|move: Poltergeist|Clefablite\n|-damage|p1b: Clefable|27/100\n|\n|-ability|p1a: Espathra|Speed Boost|boost\n|-boost|p1a: Espathra|spe|1\n|upkeep\n|turn|4\n|\n|t:|1776661568\n|move|p2b: Volcarona|Protect|p2b: Volcarona\n|-singleturn|p2b: Volcarona|Protect\n|move|p1b: Clefable|Follow Me|p1b: Clefable\n|-singleturn|p1b: Clefable|move: Follow Me\n|move|p1a: Espathra|Stored Power|p2b: Volcarona\n|-activate|p2b: Volcarona|move: Protect\n|move|p2a: Aegislash|Poltergeist|p1b: Clefable\n|-activate|p1b: Clefable|move: Poltergeist|Clefablite\n|-damage|p1b: Clefable|0 fnt\n|faint|p1b: Clefable\n|\n|-ability|p1a: Espathra|Speed Boost|boost\n|-boost|p1a: Espathra|spe|1\n|upkeep\n|\n|t:|1776661574\n|switch|p1b: Sableye|Sableye, L50, M|100/100\n|turn|5\n|\n|t:|1776661597\n|switch|p2b: Lopunny|Lopunny-Mega, L50, F, shiny|100/100\n|-formechange|p2a: Aegislash|Aegislash|\n|move|p2a: Aegislash|King's Shield|p2a: Aegislash\n|-singleturn|p2a: Aegislash|Protect\n|move|p1b: Sableye|Fake Out|p2b: Lopunny\n|-damage|p2b: Lopunny|90/100\n|move|p1a: Espathra|Stored Power|p2a: Aegislash\n|-activate|p2a: Aegislash|move: Protect\n|\n|-ability|p1a: Espathra|Speed Boost|boost\n|-boost|p1a: Espathra|spe|1\n|upkeep\n|turn|6\n|\n|t:|1776661615\n|move|p1a: Espathra|Protect|p1a: Espathra\n|-singleturn|p1a: Espathra|Protect\n|move|p2b: Lopunny|Fake Out|p1b: Sableye\n|-damage|p1b: Sableye|68/100\n|cant|p1b: Sableye|flinch\n|-formechange|p2a: Aegislash|Aegislash-Blade|\n|move|p2a: Aegislash|Poltergeist|p1a: Espathra\n|-activate|p1a: Espathra|move: Protect\n|\n|-ability|p1a: Espathra|Speed Boost|boost\n|-boost|p1a: Espathra|spe|1\n|upkeep\n|turn|7\n|\n|t:|1776661631\n|move|p1b: Sableye|Reflect|p1b: Sableye\n|-sidestart|p1: carrooooooooooot|Reflect\n|move|p1a: Espathra|Stored Power|p2b: Lopunny\n|-supereffective|p2b: Lopunny|1\n|-damage|p2b: Lopunny|0 fnt\n|faint|p2b: Lopunny\n|move|p2a: Aegislash|Poltergeist|p1a: Espathra\n|-activate|p1a: Espathra|move: Poltergeist|Focus Sash\n|-supereffective|p1a: Espathra|1\n|-enditem|p1a: Espathra|Focus Sash\n|-damage|p1a: Espathra|1/100\n|\n|upkeep\n|\n|t:|1776661638\n|switch|p2b: Primarina|Primarina, L50, M|100/100\n|turn|8\n|\n|t:|1776661648\n|move|p1a: Espathra|Protect|p1a: Espathra\n|-singleturn|p1a: Espathra|Protect\n|-formechange|p2a: Aegislash|Aegislash|\n|move|p2a: Aegislash|King's Shield|p2a: Aegislash\n|-singleturn|p2a: Aegislash|Protect\n|move|p1b: Sableye|Encore|p2a: Aegislash\n|-start|p2a: Aegislash|Encore\n|move|p2b: Primarina|Hyper Voice|p1a: Espathra|[spread] p1b\n|-activate|p1a: Espathra|move: Protect\n|-damage|p1b: Sableye|33/100\n|\n|upkeep\n|turn|9\n|c|\u2606carrooooooooooot|Ah\n|c|\u2606carrooooooooooot|Encorr into polter would be cool\n|c|\u2606carrooooooooooot|Cause espathra has no item\n|inactive|carrooooooooooot has 30 seconds left.\n|inactive|carrooooooooooot has 20 seconds left.\n|\n|t:|1776661684\n|switch|p2a: Volcarona|Volcarona, L50, M|11/100\n|switch|p1b: Primarina|Primarina, L50, F|100/100\n|move|p1a: Espathra|Stored Power|p2b: Primarina\n|-damage|p2b: Primarina|0 fnt\n|faint|p2b: Primarina\n|\n|upkeep\n|\n|t:|1776661692\n|switch|p2b: Aegislash|Aegislash, L50, M, shiny|100/100\n|turn|10\n|\n|t:|1776661700\n|move|p1a: Espathra|Protect|p1a: Espathra\n|-singleturn|p1a: Espathra|Protect\n|move|p2a: Volcarona|Giga Drain|p1b: Primarina\n|-supereffective|p1b: Primarina|1\n|-damage|p1b: Primarina|52/100\n|-heal|p2a: Volcarona|37/100|[from] drain|[of] p1b: Primarina\n|move|p1b: Primarina|Psych Up|p1a: Espathra\n|-copyboost|p1b: Primarina|p1a: Espathra|[from] move: Psych Up\n|-formechange|p2b: Aegislash|Aegislash-Blade|\n|move|p2b: Aegislash|Sacred Sword|p1a: Espathra\n|-activate|p1a: Espathra|move: Protect\n|\n|-heal|p1b: Primarina|58/100|[from] item: Leftovers\n|upkeep\n|turn|11\n|-message|Draxgamer707 forfeited.\n|\n|win|carrooooooooooot\n|raw|carrooooooooooot's rating: 1174 &rarr; <strong>1195</strong><br />(+21 for winning)\n|raw|Draxgamer707's rating: 1124 &rarr; <strong>1103</strong><br />(-21 for losing)\n|l|\u2606Draxgamer707\n|player|p2|\n",
  "uploadtime": 1776661740,
  "views": 7,
  "formatid": "gen9championsvgc2026regma",
  "rating": 1103,
  "private": 0,
  "password": null
}