{
  "id": "gen9championsvgc2026regma-2584881626",
  "format": "[Gen 9 Champions] VGC 2026 Reg M-A",
  "players": [
    "shadowraider169",
    "MichDropTenFold"
  ],
  "log": "|j|\u2606shadowraider169\n|j|\u2606MichDropTenFold\n|t:|1776291177\n|gametype|doubles\n|player|p1|shadowraider169|riley|1039\n|player|p2|MichDropTenFold|silver|1040\n|gen|9\n|tier|[Gen 9 Champions] VGC 2026 Reg M-A\n|rated|\n|rule|Species Clause: Limit one of each Pok\u00e9mon\n|rule|Item Clause: Limit 1 of each item\n|clearpoke\n|poke|p1|Aerodactyl, L50, M|\n|poke|p1|Meganium, L50, M|\n|poke|p1|Kangaskhan, L50, F|\n|poke|p1|Typhlosion-Hisui, L50, M|\n|poke|p1|Tauros-Paldea-Aqua, L50, M|\n|poke|p1|Archaludon, L50, M|\n|poke|p2|Aggron, L50, F|\n|poke|p2|Incineroar, L50, M|\n|poke|p2|Aerodactyl, L50, M|\n|poke|p2|Arcanine-Hisui, L50, F|\n|poke|p2|Appletun, L50, F|\n|poke|p2|Alakazam, L50, F|\n|teampreview|4\n|inactive|Battle timer is ON: inactive players will automatically lose when time's up. (requested by MichDropTenFold)\n|inactive|MichDropTenFold has 60 seconds left.\nshadowraider169 has agreed to open team sheets.\nMichDropTenFold rejected open team sheets.\n|\n|t:|1776291219\n|teamsize|p1|4\n|teamsize|p2|4\n|start\n|switch|p1a: Tauros|Tauros-Paldea-Aqua, L50, M|100/100\n|switch|p1b: Aerodactyl|Aerodactyl, L50, M, shiny|100/100\n|switch|p2a: Incineroar|Incineroar, L50, M, shiny|100/100\n|switch|p2b: Aggron|Aggron, L50, F|100/100\n|-ability|p1b: Aerodactyl|Unnerve\n|-ability|p1a: Tauros|Intimidate|boost\n|-unboost|p2a: Incineroar|atk|1\n|-unboost|p2b: Aggron|atk|1\n|-ability|p2a: Incineroar|Intimidate|boost\n|-unboost|p1a: Tauros|atk|1\n|-unboost|p1b: Aerodactyl|atk|1\n|-enditem|p1a: Tauros|White Herb\n|-clearnegativeboost|p1a: Tauros|[silent]\n|turn|1\n|\n|t:|1776291243\n|move|p2b: Aggron|Protect|p2b: Aggron\n|-singleturn|p2b: Aggron|Protect\n|move|p2a: Incineroar|Fake Out|p1b: Aerodactyl\n|-resisted|p1b: Aerodactyl|1\n|-damage|p1b: Aerodactyl|93/100\n|cant|p1b: Aerodactyl|flinch\n|move|p1a: Tauros|Wave Crash|p2b: Aggron\n|-activate|p2b: Aggron|move: Protect\n|\n|upkeep\n|turn|2\n|\n|t:|1776291260\n|move|p1b: Aerodactyl|Tailwind|p1b: Aerodactyl\n|-sidestart|p1: shadowraider169|move: Tailwind\n|move|p1a: Tauros|Close Combat|p2b: Aggron\n|-supereffective|p2b: Aggron|2\n|-enditem|p2b: Aggron|Focus Sash\n|-damage|p2b: Aggron|1/100\n|-unboost|p1a: Tauros|def|1\n|-unboost|p1a: Tauros|spd|1\n|move|p2a: Incineroar|Bite|p1a: Tauros\n|-resisted|p1a: Tauros|1\n|-crit|p1a: Tauros\n|-damage|p1a: Tauros|62/100\n|move|p2b: Aggron|Heavy Slam|p1b: Aerodactyl\n|-supereffective|p1b: Aerodactyl|1\n|-damage|p1b: Aerodactyl|0 fnt\n|faint|p1b: Aerodactyl\n|\n|upkeep\n|\n|t:|1776291275\n|switch|p1b: Meganium|Meganium, L50, M|100/100\n|turn|3\n|\n|t:|1776291286\n|detailschange|p1b: Meganium|Meganium-Mega, L50, M\n|-mega|p1b: Meganium|Meganium|Meganiumite\n|move|p1b: Meganium|Protect|p1b: Meganium\n|-singleturn|p1b: Meganium|Protect\n|move|p2b: Aggron|Protect|p2b: Aggron\n|-singleturn|p2b: Aggron|Protect\n|move|p1a: Tauros|Aqua Jet|p2b: Aggron\n|-activate|p2b: Aggron|move: Protect\n|move|p2a: Incineroar|Flare Blitz|p1b: Meganium\n|-activate|p1b: Meganium|move: Protect\n|\n|upkeep\n|turn|4\n|\n|t:|1776291305\n|move|p1a: Tauros|Wave Crash|p2a: Incineroar\n|-supereffective|p2a: Incineroar|1\n|-damage|p2a: Incineroar|0 fnt\n|faint|p2a: Incineroar\n|-damage|p1a: Tauros|18/100|[from] Recoil\n|move|p1b: Meganium|Weather Ball|p2b: Aggron\n|-damage|p2b: Aggron|0 fnt\n|faint|p2b: Aggron\n|\n|upkeep\n|\n|t:|1776291315\n|switch|p2a: Aerodactyl|Aerodactyl, L50, M|100/100\n|switch|p2b: Arcanine|Arcanine-Hisui, L50, F|100/100\n|turn|5\n|\n|t:|1776291328\n|detailschange|p2a: Aerodactyl|Aerodactyl-Mega, L50, M\n|-mega|p2a: Aerodactyl|Aerodactyl|Aerodactylite\n|move|p2b: Arcanine|Protect|p2b: Arcanine\n|-singleturn|p2b: Arcanine|Protect\n|move|p1a: Tauros|Aqua Jet|p2b: Arcanine\n|-activate|p2b: Arcanine|move: Protect\n|move|p1b: Meganium|Solar Beam||[still]\n|-prepare|p1b: Meganium|Solar Beam\n|-activate|p1b: Meganium|ability: Mega Sol\n|-anim|p1b: Meganium|Solar Beam|p2a: Aerodactyl\n|-damage|p2a: Aerodactyl|28/100\n|move|p2a: Aerodactyl|Rock Slide|p1a: Tauros|[spread] p1a,p1b\n|-resisted|p1a: Tauros|1\n|-damage|p1a: Tauros|0 fnt\n|-damage|p1b: Meganium|72/100\n|faint|p1a: Tauros\n|\n|-sideend|p1: shadowraider169|move: Tailwind\n|upkeep\n|\n|t:|1776291351\n|switch|p1a: Typhlosion|Typhlosion-Hisui, L50, M|100/100\n|-item|p2a: Aerodactyl|Aerodactylite|[from] ability: Frisk|[of] p1a: Typhlosion\n|-item|p2b: Arcanine|Mental Herb|[from] ability: Frisk|[of] p1a: Typhlosion\n|turn|6\n|\n|t:|1776291372\n|move|p1a: Typhlosion|Shadow Ball|p2b: Arcanine\n|-damage|p2b: Arcanine|52/100\n|move|p2a: Aerodactyl|Rock Slide|p1b: Meganium|[spread] p1a,p1b\n|-supereffective|p1a: Typhlosion|1\n|-damage|p1a: Typhlosion|0 fnt\n|-damage|p1b: Meganium|45/100\n|faint|p1a: Typhlosion\n|move|p2b: Arcanine|Double-Edge|p1b: Meganium\n|-damage|p1b: Meganium|10/100\n|cant|p1b: Meganium|flinch\n|\n|upkeep\n|turn|7\n|c|\u2606MichDropTenFold|lol\n|-message|shadowraider169 forfeited.\n|\n|win|MichDropTenFold\n|raw|shadowraider169's rating: 1039 &rarr; <strong>1023</strong><br />(-16 for losing)\n|raw|MichDropTenFold's rating: 1040 &rarr; <strong>1074</strong><br />(+34 for winning)\n|l|\u2606shadowraider169\n|player|p1|\n|c|\u2606MichDropTenFold|LOLOL\n",
  "uploadtime": 1776291447,
  "views": 22,
  "formatid": "gen9championsvgc2026regma",
  "rating": 1023,
  "private": 0,
  "password": null
}