{
  "id": "gen9championsvgc2026regma-2587463688",
  "format": "[Gen 9 Champions] VGC 2026 Reg M-A",
  "players": [
    "lipeater444",
    "Digga D2.0"
  ],
  "log": "|j|\u2606lipeater444\n|j|\u2606Digga D2.0\n|html|<table width=\"100%\"><tr><td align=\"left\">lipeater444</td><td align=\"right\">Digga D2.0</tr><tr><td align=\"left\"><i class=\"fa fa-circle-o\"></i> <i class=\"fa fa-circle-o\"></i> </td><td align=\"right\"><i class=\"fa fa-circle-o\"></i> <i class=\"fa fa-circle\"></i> </tr></table>\n|uhtml|bestof|<h2><strong>Game 2</strong> of <a href=\"/game-bestof3-gen9championsvgc2026regma-2587456391\">a best-of-3</a></h2>\n|t:|1776533969\n|gametype|doubles\n|player|p1|lipeater444|drayden|\n|player|p2|Digga D2.0|gardenia|\n|gen|9\n|tier|[Gen 9 Champions] VGC 2026 Reg M-A\n|rule|Species Clause: Limit one of each Pok\u00e9mon\n|rule|Item Clause: Limit 1 of each item\n|raw|<div class=\"infobox\"><details class=\"readmore\" open><summary><strong>1 custom rule:</strong></summary> Best of = 3</details></div>\n|clearpoke\n|poke|p1|Gallade, L50, M|\n|poke|p1|Froslass, L50, F, shiny|\n|poke|p1|Whimsicott, L50, F|\n|poke|p1|Glaceon, L50, F, shiny|\n|poke|p1|Arcanine-Hisui, L50, F|\n|poke|p1|Dragapult, L50, F|\n|poke|p2|Pelipper, L50, M|\n|poke|p2|Archaludon, L50, F, shiny|\n|poke|p2|Dragonite, L50, F, shiny|\n|poke|p2|Sneasler, L50, F|\n|poke|p2|Basculegion, L50, M, shiny|\n|poke|p2|Meganium, L50, F, shiny|\n|teampreview|4\nDigga D2.0 has agreed to open team sheets.\n|\n|t:|1776534017\n|teamsize|p1|4\n|teamsize|p2|4\n|start\n|switch|p1a: Fluffy|Arcanine-Hisui, L50, F|100/100\n|switch|p1b: Toucher|Dragapult, L50, F|100/100\n|switch|p2a: Poppin|Pelipper, L50, M|100/100\n|switch|p2b: OnThaLine|Dragonite, L50, F, shiny|100/100\n|-ability|p1a: Fluffy|Intimidate|boost\n|-unboost|p2a: Poppin|atk|1\n|-fail|p2b: OnThaLine|unboost|Attack|[from] ability: Inner Focus|[of] p2b: OnThaLine\n|-weather|RainDance|[from] ability: Drizzle|[of] p2a: Poppin\n|turn|1\n|\n|t:|1776534088\n|detailschange|p2b: OnThaLine|Dragonite-Mega, L50, F, shiny\n|-mega|p2b: OnThaLine|Dragonite|Dragoninite\n|move|p2b: OnThaLine|Protect|p2b: OnThaLine\n|-singleturn|p2b: OnThaLine|Protect\n|move|p1b: Toucher|Thunderbolt|p2a: Poppin\n|-supereffective|p2a: Poppin|2\n|-enditem|p2a: Poppin|Focus Sash\n|-damage|p2a: Poppin|1/100\n|-status|p2a: Poppin|par\n|move|p1a: Fluffy|Rock Slide|p2a: Poppin|[spread] \n|-activate|p2b: OnThaLine|move: Protect\n|-miss|p1a: Fluffy|p2a: Poppin\n|move|p2a: Poppin|Weather Ball|p1a: Fluffy\n|-supereffective|p1a: Fluffy|2\n|-damage|p1a: Fluffy|0 fnt\n|faint|p1a: Fluffy\n|\n|-weather|RainDance|[upkeep]\n|upkeep\n|c|\u2606Digga D2.0|Yooooo\n|\n|t:|1776534108\n|switch|p1a: Frosty|Froslass, L50, F, shiny|100/100\n|turn|2\n|c|\u2606Digga D2.0|w luck\n|\n|t:|1776534164\n|switch|p2a: Bak2Bed|Archaludon, L50, F, shiny|100/100\n|detailschange|p1a: Frosty|Froslass-Mega, L50, F, shiny\n|-mega|p1a: Frosty|Froslass|Froslassite\n|-weather|Snowscape|[from] ability: Snow Warning|[of] p1a: Frosty\n|move|p1b: Toucher|Dragon Darts|p2b: OnThaLine\n|-supereffective|p2b: OnThaLine|1\n|-damage|p2b: OnThaLine|79/100\n|-anim|p1b: Toucher|Dragon Darts|p2a: Bak2Bed\n|-damage|p2a: Bak2Bed|85/100\n|-ability|p2a: Bak2Bed|Stamina|boost\n|-boost|p2a: Bak2Bed|def|1\n|move|p1a: Frosty|Blizzard|p2b: OnThaLine|[spread] p2a,p2b\n|-supereffective|p2b: OnThaLine|2\n|-damage|p2a: Bak2Bed|32/100\n|-damage|p2b: OnThaLine|0 fnt\n|-ability|p2a: Bak2Bed|Stamina|boost\n|-boost|p2a: Bak2Bed|def|1\n|faint|p2b: OnThaLine\n|\n|-weather|Snowscape|[upkeep]\n|-heal|p2a: Bak2Bed|38/100|[from] item: Leftovers\n|upkeep\n|\n|t:|1776534185\n|switch|p2b: Poppin|Pelipper, L50, M|1/100 par\n|-weather|RainDance|[from] ability: Drizzle|[of] p2b: Poppin\n|turn|3\n|\n|t:|1776534204\n|move|p1b: Toucher|Dragon Darts|p2a: Bak2Bed\n|-damage|p2a: Bak2Bed|30/100\n|-ability|p2a: Bak2Bed|Stamina|boost\n|-boost|p2a: Bak2Bed|def|1\n|-anim|p1b: Toucher|Dragon Darts|p2b: Poppin\n|-damage|p2b: Poppin|0 fnt\n|faint|p2b: Poppin\n|move|p1a: Frosty|Shadow Ball|p2a: Bak2Bed\n|-damage|p2a: Bak2Bed|0 fnt\n|faint|p2a: Bak2Bed\n|\n|-weather|RainDance|[upkeep]\n|upkeep\n|\n|t:|1776534218\n|switch|p2a: Real six|Basculegion, L50, M, shiny|100/100\n|turn|4\n|\n|t:|1776534235\n|move|p2a: Real six|Last Respects|p1a: Frosty\n|-supereffective|p1a: Frosty|1\n|-damage|p1a: Frosty|0 fnt\n|faint|p1a: Frosty\n|move|p1b: Toucher|Shadow Ball|p2a: Real six\n|-supereffective|p2a: Real six|1\n|-damage|p2a: Real six|26/100\n|\n|-weather|RainDance|[upkeep]\n|upkeep\n|\n|t:|1776534238\n|switch|p1a: Colorado|Glaceon, L50, F, shiny|100/100\n|turn|5\n|\n|t:|1776534255\n|move|p2a: Real six|Last Respects|p1b: Toucher\n|-supereffective|p1b: Toucher|1\n|-enditem|p1b: Toucher|Focus Sash\n|-damage|p1b: Toucher|1/100\n|move|p1b: Toucher|Shadow Ball|p2a: Real six\n|-supereffective|p2a: Real six|1\n|-damage|p2a: Real six|0 fnt\n|faint|p2a: Real six\n|\n|win|lipeater444\n||lipeater444 is ready for game 3.\n|inactive|Digga D2.0 has 30 seconds to confirm battle start!\n||Digga D2.0 is ready for game 3.\n|uhtml|next|Next: <a href=\"/battle-gen9championsvgc2026regma-2587467174\"><strong>Game 3 of 3</strong></a>\n|l|\u2606lipeater444\n|player|p1|\n|l|\u2606Digga D2.0\n|player|p2|\n|j|\u2606lipeater444\n|player|p1|lipeater444|drayden|\n",
  "uploadtime": 1776534806,
  "views": 13,
  "formatid": "gen9championsvgc2026regma",
  "rating": null,
  "private": 0,
  "password": null
}