{
  "id": "gen9championsvgc2026regma-2583159229",
  "format": "[Gen 9 Champions] VGC 2026 Reg M-A",
  "players": [
    "nixstar22",
    "idkwhattodo23"
  ],
  "log": "|j|\u2606nixstar22\n|j|\u2606idkwhattodo23\n|t:|1776149221\n|gametype|doubles\n|player|p1|nixstar22|1|1045\n|player|p2|idkwhattodo23|red|1080\n|gen|9\n|tier|[Gen 9 Champions] VGC 2026 Reg M-A\n|rated|\n|rule|Species Clause: Limit one of each Pok\u00e9mon\n|rule|Item Clause: Limit 1 of each item\n|clearpoke\n|poke|p1|Dragonite, L50, F|\n|poke|p1|Corviknight, L50, M|\n|poke|p1|Basculegion, L50, M|\n|poke|p1|Pelipper, L50, M|\n|poke|p1|Incineroar, L50, M|\n|poke|p1|Meganium, L50, F|\n|poke|p2|Maushold, L50|\n|poke|p2|Garchomp, L50, M|\n|poke|p2|Talonflame, L50, M|\n|poke|p2|Rotom-Wash, L50|\n|poke|p2|Aegislash, L50, M|\n|poke|p2|Floette-Eternal, L50, F|\n|teampreview|4\n|inactive|Battle timer is ON: inactive players will automatically lose when time's up. (requested by idkwhattodo23)\n|\n|t:|1776149264\n|teamsize|p1|4\n|teamsize|p2|4\n|start\n|switch|p1a: Incineroar|Incineroar, L50, M|100/100\n|switch|p1b: Corviknight|Corviknight, L50, M|100/100\n|switch|p2a: Floette|Floette-Eternal, L50, F|100/100\n|switch|p2b: Maushold|Maushold, L50|100/100\n|-ability|p1a: Incineroar|Intimidate|boost\n|-unboost|p2a: Floette|atk|1\n|-unboost|p2b: Maushold|atk|1\n|turn|1\n|\n|t:|1776149281\n|detailschange|p2a: Floette|Floette-Mega, L50, F\n|-mega|p2a: Floette|Floette|Floettite\n|-ability|p2a: Floette|Fairy Aura\n|move|p1a: Incineroar|Fake Out|p2a: Floette\n|-damage|p2a: Floette|90/100\n|move|p2b: Maushold|Follow Me|p2b: Maushold\n|-singleturn|p2b: Maushold|move: Follow Me\n|cant|p2a: Floette|flinch\n|move|p1b: Corviknight|Tailwind|p1b: Corviknight\n|-sidestart|p1: nixstar22|move: Tailwind\n|\n|upkeep\n|turn|2\n|\n|t:|1776149302\n|move|p1b: Corviknight|Body Press|p2b: Maushold\n|-supereffective|p2b: Maushold|1\n|-crit|p2b: Maushold\n|-damage|p2b: Maushold|5/100\n|move|p1a: Incineroar|Parting Shot|p2a: Floette\n|-unboost|p2a: Floette|atk|1\n|-unboost|p2a: Floette|spa|1\n|\n|t:|1776149310\n|switch|p1a: Basculegion|Basculegion, L50, M, shiny|100/100|[from] Parting Shot\n|move|p2b: Maushold|Super Fang|p1a: Basculegion\n|-immune|p1a: Basculegion\n|move|p2a: Floette|Dazzling Gleam|p1a: Basculegion|[spread] p1a,p1b\n|-resisted|p1b: Corviknight|1\n|-damage|p1a: Basculegion|68/100\n|-damage|p1b: Corviknight|85/100\n|\n|-heal|p1b: Corviknight|91/100|[from] item: Leftovers\n|upkeep\n|turn|3\n|\n|t:|1776149330\n|move|p2b: Maushold|Protect|p2b: Maushold\n|-singleturn|p2b: Maushold|Protect\n|move|p2a: Floette|Protect|p2a: Floette\n|-singleturn|p2a: Floette|Protect\n|move|p1a: Basculegion|Aqua Jet|p2b: Maushold\n|-activate|p2b: Maushold|move: Protect\n|move|p1b: Corviknight|Iron Head|p2a: Floette\n|-activate|p2a: Floette|move: Protect\n|\n|-heal|p1b: Corviknight|97/100|[from] item: Leftovers\n|upkeep\n|turn|4\n|\n|t:|1776149345\n|move|p2b: Maushold|Follow Me|p2b: Maushold\n|-singleturn|p2b: Maushold|move: Follow Me\n|move|p1a: Basculegion|Aqua Jet|p2b: Maushold\n|-damage|p2b: Maushold|0 fnt\n|faint|p2b: Maushold\n|move|p1b: Corviknight|Iron Head|p2a: Floette\n|-supereffective|p2a: Floette|1\n|-damage|p2a: Floette|23/100\n|cant|p2a: Floette|flinch\n|\n|-heal|p1b: Corviknight|100/100|[from] item: Leftovers\n|-sideend|p1: nixstar22|move: Tailwind\n|upkeep\n|\n|t:|1776149353\n|switch|p2b: Garchomp|Garchomp, L50, M|100/100\n|turn|5\n|\n|t:|1776149363\n|switch|p1a: Incineroar|Incineroar, L50, M|100/100\n|-ability|p1a: Incineroar|Intimidate|boost\n|-unboost|p2a: Floette|atk|1\n|-unboost|p2b: Garchomp|atk|1\n|move|p2a: Floette|Protect|p2a: Floette\n|-singleturn|p2a: Floette|Protect\n|move|p2b: Garchomp|Stone Edge|p1b: Corviknight\n|-damage|p1b: Corviknight|84/100\n|move|p1b: Corviknight|Iron Head|p2a: Floette\n|-activate|p2a: Floette|move: Protect\n|\n|-heal|p1b: Corviknight|90/100|[from] item: Leftovers\n|upkeep\n|turn|6\n|\n|t:|1776149381\n|move|p1a: Incineroar|Fake Out|p2b: Garchomp\n|-damage|p2b: Garchomp|86/100\n|-damage|p1a: Incineroar|88/100|[from] ability: Rough Skin|[of] p2b: Garchomp\n|cant|p2b: Garchomp|flinch\n|move|p2a: Floette|Moonblast|p1a: Incineroar\n|-damage|p1a: Incineroar|37/100\n|-enditem|p1a: Incineroar|Sitrus Berry|[eat]\n|-heal|p1a: Incineroar|62/100|[from] item: Sitrus Berry\n|move|p1b: Corviknight|Iron Head|p2a: Floette\n|-supereffective|p2a: Floette|1\n|-damage|p2a: Floette|0 fnt\n|faint|p2a: Floette\n|\n|-heal|p1b: Corviknight|96/100|[from] item: Leftovers\n|upkeep\n|\n|t:|1776149385\n|switch|p2a: Talonflame|Talonflame, L50, M|100/100\n|turn|7\n|\n|t:|1776149408\n|move|p2a: Talonflame|Flare Blitz|p1b: Corviknight\n|-supereffective|p1b: Corviknight|1\n|-damage|p1b: Corviknight|27/100\n|-damage|p2a: Talonflame|72/100|[from] Recoil\n|move|p2b: Garchomp|Stomping Tantrum|p1a: Incineroar\n|-supereffective|p1a: Incineroar|1\n|-damage|p1a: Incineroar|0 fnt\n|faint|p1a: Incineroar\n|move|p1b: Corviknight|Tailwind|p1b: Corviknight\n|-sidestart|p1: nixstar22|move: Tailwind\n|\n|-heal|p1b: Corviknight|33/100|[from] item: Leftovers\n|upkeep\n|\n|t:|1776149420\n|switch|p1a: Basculegion|Basculegion, L50, M, shiny|68/100\n|turn|8\n|\n|t:|1776149434\n|move|p2a: Talonflame|Protect|p2a: Talonflame\n|-singleturn|p2a: Talonflame|Protect\n|move|p2b: Garchomp|Protect|p2b: Garchomp\n|-singleturn|p2b: Garchomp|Protect\n|move|p1a: Basculegion|Wave Crash|p2a: Talonflame\n|-activate|p2a: Talonflame|move: Protect\n|move|p1b: Corviknight|Body Press|p2b: Garchomp\n|-activate|p2b: Garchomp|move: Protect\n|\n|-heal|p1b: Corviknight|39/100|[from] item: Leftovers\n|upkeep\n|turn|9\n|\n|t:|1776149454\n|move|p1a: Basculegion|Wave Crash|p2a: Talonflame\n|-supereffective|p2a: Talonflame|1\n|-damage|p2a: Talonflame|0 fnt\n|faint|p2a: Talonflame\n|-damage|p1a: Basculegion|50/100|[from] Recoil\n|move|p1b: Corviknight|Body Press|p2b: Garchomp\n|-damage|p2b: Garchomp|63/100\n|-damage|p1b: Corviknight|27/100|[from] ability: Rough Skin|[of] p2b: Garchomp\n|move|p2b: Garchomp|Stone Edge|p1a: Basculegion\n|-damage|p1a: Basculegion|23/100\n|\n|-heal|p1b: Corviknight|33/100|[from] item: Leftovers\n|upkeep\n|turn|10\n|\n|t:|1776149476\n|move|p2b: Garchomp|Protect|p2b: Garchomp\n|-singleturn|p2b: Garchomp|Protect\n|move|p1a: Basculegion|Wave Crash|p2b: Garchomp\n|-activate|p2b: Garchomp|move: Protect\n|move|p1b: Corviknight|Iron Head|p2b: Garchomp\n|-activate|p2b: Garchomp|move: Protect\n|\n|-heal|p1b: Corviknight|39/100|[from] item: Leftovers\n|-sideend|p1: nixstar22|move: Tailwind\n|upkeep\n|turn|11\n|\n|t:|1776149499\n|move|p1a: Basculegion|Wave Crash|p2b: Garchomp\n|-damage|p2b: Garchomp|0 fnt\n|-damage|p1a: Basculegion|11/100|[from] ability: Rough Skin|[of] p2b: Garchomp\n|faint|p2b: Garchomp\n|-damage|p1a: Basculegion|0 fnt|[from] Recoil\n|faint|p1a: Basculegion\n|\n|win|nixstar22\n|raw|nixstar22's rating: 1045 &rarr; <strong>1082</strong><br />(+37 for winning)\n|raw|idkwhattodo23's rating: 1080 &rarr; <strong>1056</strong><br />(-24 for losing)\n|l|\u2606idkwhattodo23\n|player|p2|\n",
  "uploadtime": 1776149510,
  "views": 34,
  "formatid": "gen9championsvgc2026regma",
  "rating": 1056,
  "private": 0,
  "password": null
}