{
  "id": "gen9championsvgc2026regma-2581936202",
  "format": "[Gen 9 Champions] VGC 2026 Reg M-A",
  "players": [
    "caramelpainn",
    "677767776a"
  ],
  "log": "|j|\u2606caramelpainn\n|j|\u2606677767776a\n|t:|1776041270\n|gametype|doubles\n|player|p1|caramelpainn|cynthia-masters|1113\n|player|p2|677767776a|steven|1058\n|gen|9\n|tier|[Gen 9 Champions] VGC 2026 Reg M-A\n|rated|\n|rule|Species Clause: Limit one of each Pok\u00e9mon\n|rule|Item Clause: Limit 1 of each item\n|clearpoke\n|poke|p1|Aerodactyl, L50, F|\n|poke|p1|Incineroar, L50, M|\n|poke|p1|Primarina, L50, M|\n|poke|p1|Volcarona, L50, M|\n|poke|p1|Scovillain, L50, M|\n|poke|p1|Kingambit, L50, F|\n|poke|p2|Drampa, L50, M|\n|poke|p2|Milotic, L50, M|\n|poke|p2|Incineroar, L50, M|\n|poke|p2|Clefable, L50, F|\n|poke|p2|Aegislash, L50, F|\n|poke|p2|Maushold, L50|\n|teampreview|4\n|inactive|Battle timer is ON: inactive players will automatically lose when time's up. (requested by 677767776a)\n|\n|t:|1776041300\n|teamsize|p1|4\n|teamsize|p2|4\n|start\n|switch|p1a: Primarina|Primarina, L50, M|100/100\n|switch|p1b: Scovillain|Scovillain, L50, M|100/100\n|switch|p2a: Milotic|Milotic, L50, M, shiny|100/100\n|switch|p2b: Incineroar|Incineroar, L50, M|100/100\n|-ability|p2b: Incineroar|Intimidate|boost\n|-unboost|p1a: Primarina|atk|1\n|-unboost|p1b: Scovillain|atk|1\n|turn|1\n|inactive|677767776a has 30 seconds left.\n|inactive|677767776a has 20 seconds left.\n|inactive|677767776a has 15 seconds left.\n|\n|t:|1776041340\n|detailschange|p1b: Scovillain|Scovillain-Mega, L50, M\n|-mega|p1b: Scovillain|Scovillain|Scovillainite\n|move|p2b: Incineroar|Fake Out|p1a: Primarina\n|-damage|p1a: Primarina|86/100\n|move|p1b: Scovillain|Rage Powder|p1b: Scovillain\n|-singleturn|p1b: Scovillain|move: Rage Powder\n|move|p2a: Milotic|Scald|p1b: Scovillain\n|-damage|p1b: Scovillain|67/100\n|-status|p2a: Milotic|brn|[from] ability: Spicy Spray|[of] p1b: Scovillain\n|cant|p1a: Primarina|flinch\n|\n|-heal|p1a: Primarina|92/100|[from] item: Leftovers\n|-damage|p2a: Milotic|95/100 brn|[from] brn\n|upkeep\n|turn|2\n|\n|t:|1776041362\n|switch|p2b: Clefable|Clefable, L50, F|100/100\n|move|p2a: Milotic|Scald|p1b: Scovillain\n|-damage|p1b: Scovillain|30/100\n|move|p1b: Scovillain|Leech Seed|p2a: Milotic\n|-start|p2a: Milotic|move: Leech Seed\n|move|p1a: Primarina|Calm Mind|p1a: Primarina\n|-boost|p1a: Primarina|spa|1\n|-boost|p1a: Primarina|spd|1\n|\n|-heal|p1a: Primarina|98/100|[from] item: Leftovers\n|-damage|p2a: Milotic|82/100 brn|[from] Leech Seed|[of] p1b: Scovillain\n|-heal|p1b: Scovillain|45/100|[silent]\n|-damage|p2a: Milotic|76/100 brn|[from] brn\n|upkeep\n|turn|3\n|\n|t:|1776041384\n|move|p1a: Primarina|Protect|p1a: Primarina\n|-singleturn|p1a: Primarina|Protect\n|move|p2a: Milotic|Alluring Voice|p1a: Primarina\n|-activate|p1a: Primarina|move: Protect\n|move|p1b: Scovillain|Leech Seed|p2b: Clefable|[miss]\n|-miss|p1b: Scovillain|p2b: Clefable\n|move|p2b: Clefable|Thunderbolt|p1a: Primarina\n|-activate|p1a: Primarina|move: Protect\n|\n|-heal|p1a: Primarina|100/100|[from] item: Leftovers\n|-damage|p2a: Milotic|64/100 brn|[from] Leech Seed|[of] p1b: Scovillain\n|-heal|p1b: Scovillain|59/100|[silent]\n|-damage|p2a: Milotic|58/100 brn|[from] brn\n|upkeep\n|turn|4\n|\n|t:|1776041407\n|move|p1b: Scovillain|Rage Powder|p1b: Scovillain\n|-singleturn|p1b: Scovillain|move: Rage Powder\n|move|p2a: Milotic|Scald|p1b: Scovillain\n|-damage|p1b: Scovillain|21/100\n|move|p2b: Clefable|Thunderbolt|p1b: Scovillain\n|-resisted|p1b: Scovillain|1\n|-damage|p1b: Scovillain|13/100\n|-status|p2b: Clefable|brn|[from] ability: Spicy Spray|[of] p1b: Scovillain\n|move|p1a: Primarina|Moonblast|p2a: Milotic\n|-damage|p2a: Milotic|16/100 brn\n|\n|-damage|p2a: Milotic|3/100 brn|[from] Leech Seed|[of] p1b: Scovillain\n|-heal|p1b: Scovillain|27/100|[silent]\n|-damage|p2a: Milotic|0 fnt|[from] brn\n|faint|p2a: Milotic\n|-damage|p2b: Clefable|95/100 brn|[from] brn\n|upkeep\n|\n|t:|1776041413\n|switch|p2a: Drampa|Drampa, L50, M|100/100\n|turn|5\n|\n|t:|1776041429\n|detailschange|p2a: Drampa|Drampa-Mega, L50, M\n|-mega|p2a: Drampa|Drampa|Drampanite\n|move|p2b: Clefable|Follow Me|p2b: Clefable\n|-singleturn|p2b: Clefable|move: Follow Me\n|move|p1b: Scovillain|Leech Seed|p2b: Clefable\n|-start|p2b: Clefable|move: Leech Seed\n|move|p1a: Primarina|Calm Mind|p1a: Primarina\n|-boost|p1a: Primarina|spa|1\n|-boost|p1a: Primarina|spd|1\n|move|p2a: Drampa|Thunderbolt|p1a: Primarina\n|-supereffective|p1a: Primarina|1\n|-damage|p1a: Primarina|68/100\n|\n|-heal|p1a: Primarina|74/100|[from] item: Leftovers\n|-damage|p2b: Clefable|82/100 brn|[from] Leech Seed|[of] p1b: Scovillain\n|-heal|p1b: Scovillain|42/100|[silent]\n|-damage|p2b: Clefable|76/100 brn|[from] brn\n|upkeep\n|turn|6\n|inactive|677767776a has 30 seconds left.\n|\n|t:|1776041458\n|move|p1b: Scovillain|Protect|p1b: Scovillain\n|-singleturn|p1b: Scovillain|Protect\n|move|p2b: Clefable|Thunderbolt|p1a: Primarina\n|-supereffective|p1a: Primarina|1\n|-damage|p1a: Primarina|40/100\n|move|p1a: Primarina|Moonblast|p2a: Drampa\n|-supereffective|p2a: Drampa|1\n|-damage|p2a: Drampa|0 fnt\n|faint|p2a: Drampa\n|\n|-heal|p1a: Primarina|46/100|[from] item: Leftovers\n|-damage|p2b: Clefable|64/100 brn|[from] Leech Seed|[of] p1b: Scovillain\n|-heal|p1b: Scovillain|56/100|[silent]\n|-damage|p2b: Clefable|58/100 brn|[from] brn\n|upkeep\n|\n|t:|1776041466\n|switch|p2a: Incineroar|Incineroar, L50, M|100/100\n|-ability|p2a: Incineroar|Intimidate|boost\n|-unboost|p1a: Primarina|atk|1\n|-unboost|p1b: Scovillain|atk|1\n|turn|7\n|-message|677767776a forfeited.\n|\n|win|caramelpainn\n|raw|caramelpainn's rating: 1113 &rarr; <strong>1134</strong><br />(+21 for winning)\n|raw|677767776a's rating: 1058 &rarr; <strong>1042</strong><br />(-16 for losing)\n|l|\u2606677767776a\n|player|p2|\n",
  "uploadtime": 1776041471,
  "views": 17,
  "formatid": "gen9championsvgc2026regma",
  "rating": 1042,
  "private": 0,
  "password": null
}