{
  "id": "gen9championsvgc2026regma-2588352703",
  "format": "[Gen 9 Champions] VGC 2026 Reg M-A",
  "players": [
    "mo3az",
    "MaitreCongo"
  ],
  "log": "|j|\u2606mo3az\n|j|\u2606MaitreCongo\n|t:|1776626466\n|gametype|doubles\n|player|p1|mo3az|hilbert-wonderlauncher|1207\n|player|p2|MaitreCongo|hoopster|1119\n|gen|9\n|tier|[Gen 9 Champions] VGC 2026 Reg M-A\n|rated|\n|rule|Species Clause: Limit one of each Pok\u00e9mon\n|rule|Item Clause: Limit 1 of each item\n|clearpoke\n|poke|p1|Chesnaught, L50, M|\n|poke|p1|Primarina, L50, M|\n|poke|p1|Chandelure, L50, F|\n|poke|p1|Tyranitar, L50, M|\n|poke|p1|Garchomp, L50, F|\n|poke|p1|Farigiraf, L50, F|\n|poke|p2|Archaludon, L50, M|\n|poke|p2|Dragonite, L50, M, shiny|\n|poke|p2|Incineroar, L50, F|\n|poke|p2|Pelipper, L50, F|\n|poke|p2|Sinistcha, L50|\n|poke|p2|Excadrill, L50, M|\n|teampreview|4\n|inactive|Battle timer is ON: inactive players will automatically lose when time's up. (requested by mo3az)\n|inactive|mo3az has 60 seconds left.\n|inactive|MaitreCongo has 60 seconds left.\n|\n|t:|1776626503\n|teamsize|p1|4\n|teamsize|p2|4\n|start\n|switch|p1a: Chesnaught|Chesnaught, L50, M|100/100\n|switch|p1b: Chandelure|Chandelure, L50, F|100/100\n|switch|p2a: Martin Libertin|Dragonite, L50, M, shiny|100/100\n|switch|p2b: Simon|Excadrill, L50, M|100/100\n|-ability|p2b: Simon|Mold Breaker\n|turn|1\n|\n|t:|1776626521\n|switch|p2b: Philibert|Pelipper, L50, F|100/100\n|-weather|RainDance|[from] ability: Drizzle|[of] p2b: Philibert\n|detailschange|p2a: Martin Libertin|Dragonite-Mega, L50, M, shiny\n|-mega|p2a: Martin Libertin|Dragonite|Dragoninite\n|detailschange|p1a: Chesnaught|Chesnaught-Mega, L50, M\n|-mega|p1a: Chesnaught|Chesnaught|Chesnaughtite\n|move|p1a: Chesnaught|Spiky Shield|p1a: Chesnaught\n|-singleturn|p1a: Chesnaught|move: Protect\n|move|p2a: Martin Libertin|Tailwind|p2a: Martin Libertin\n|-sidestart|p2: MaitreCongo|move: Tailwind\n|move|p1b: Chandelure|Trick Room|p1b: Chandelure\n|-fieldstart|move: Trick Room|[of] p1b: Chandelure\n|\n|-weather|RainDance|[upkeep]\n|upkeep\n|turn|2\n|inactive|MaitreCongo has 30 seconds left.\n|inactive|MaitreCongo has 20 seconds left.\n|\n|t:|1776626557\n|move|p2b: Philibert|Protect|p2b: Philibert\n|-singleturn|p2b: Philibert|Protect\n|move|p1a: Chesnaught|Rock Slide|p2b: Philibert|[spread] p2a\n|-activate|p2b: Philibert|move: Protect\n|-supereffective|p2a: Martin Libertin|1\n|-damage|p2a: Martin Libertin|82/100\n|move|p1b: Chandelure|Shadow Ball|p2a: Martin Libertin\n|-damage|p2a: Martin Libertin|43/100\n|cant|p2a: Martin Libertin|flinch\n|\n|-weather|RainDance|[upkeep]\n|upkeep\n|turn|3\n|\n|t:|1776626578\n|move|p2a: Martin Libertin|Protect|p2a: Martin Libertin\n|-singleturn|p2a: Martin Libertin|Protect\n|move|p1a: Chesnaught|Rock Slide|p2a: Martin Libertin|[spread] p2b\n|-activate|p2a: Martin Libertin|move: Protect\n|-supereffective|p2b: Philibert|1\n|-damage|p2b: Philibert|50/100\n|move|p1b: Chandelure|Shadow Ball|p2a: Martin Libertin\n|-activate|p2a: Martin Libertin|move: Protect\n|move|p2b: Philibert|Weather Ball|p1b: Chandelure\n|-supereffective|p1b: Chandelure|1\n|-enditem|p1b: Chandelure|Focus Sash\n|-damage|p1b: Chandelure|1/100\n|\n|-weather|RainDance|[upkeep]\n|upkeep\n|turn|4\n|inactive|MaitreCongo has 30 seconds left.\n|inactive|MaitreCongo has 20 seconds left.\n|inactive|MaitreCongo has 15 seconds left.\n|inactive|MaitreCongo has 10 seconds left.\n|\n|t:|1776626625\n|switch|p2a: Simon|Excadrill, L50, M|100/100\n|-ability|p2a: Simon|Mold Breaker\n|move|p1a: Chesnaught|Rock Slide|p2a: Simon|[spread] p2a,p2b\n|-resisted|p2a: Simon|2\n|-supereffective|p2b: Philibert|1\n|-crit|p2b: Philibert\n|-damage|p2a: Simon|94/100\n|-damage|p2b: Philibert|0 fnt\n|faint|p2b: Philibert\n|move|p1b: Chandelure|Shadow Ball|p2a: Simon\n|-damage|p2a: Simon|32/100\n|-unboost|p2a: Simon|spd|1\n|-enditem|p2a: Simon|White Herb\n|-clearnegativeboost|p2a: Simon|[silent]\n|\n|-weather|RainDance|[upkeep]\n|-sideend|p2: MaitreCongo|move: Tailwind\n|upkeep\n|\n|t:|1776626643\n|switch|p2b: Vadrouilleur|Incineroar, L50, F|100/100\n|-ability|p2b: Vadrouilleur|Intimidate|boost\n|-unboost|p1a: Chesnaught|atk|1\n|-unboost|p1b: Chandelure|atk|1\n|turn|5\n|\n|t:|1776626657\n|switch|p2b: Martin Libertin|Dragonite-Mega, L50, M, shiny|43/100\n|move|p1a: Chesnaught|Spiky Shield|p1a: Chesnaught\n|-singleturn|p1a: Chesnaught|move: Protect\n|move|p1b: Chandelure|Shadow Ball|p2a: Simon\n|-damage|p2a: Simon|0 fnt\n|faint|p2a: Simon\n|\n|-weather|none\n|-fieldend|move: Trick Room\n|upkeep\n|\n|t:|1776626670\n|switch|p2a: Vadrouilleur|Incineroar, L50, F|100/100\n|-ability|p2a: Vadrouilleur|Intimidate|boost\n|-unboost|p1a: Chesnaught|atk|1\n|-unboost|p1b: Chandelure|atk|1\n|turn|6\n|\n|t:|1776626690\n|switch|p1a: Primarina|Primarina, L50, M|100/100\n|move|p2b: Martin Libertin|Hurricane|p1a: Primarina\n|-damage|p1a: Primarina|40/100\n|move|p2a: Vadrouilleur|Darkest Lariat|p1b: Chandelure\n|-supereffective|p1b: Chandelure|1\n|-damage|p1b: Chandelure|0 fnt\n|faint|p1b: Chandelure\n|\n|upkeep\n|\n|t:|1776626702\n|switch|p1b: Garchomp|Garchomp, L50, F|100/100\n|turn|7\n|\n|t:|1776626724\n|move|p2b: Martin Libertin|Hurricane|p1a: Primarina|[miss]\n|-miss|p2b: Martin Libertin|p1a: Primarina\n|move|p2a: Vadrouilleur|Darkest Lariat|p1b: Garchomp\n|-damage|p1b: Garchomp|73/100\n|move|p1b: Garchomp|Rock Slide|p2b: Martin Libertin|[spread] p2a,p2b\n|-supereffective|p2a: Vadrouilleur|1\n|-supereffective|p2b: Martin Libertin|1\n|-damage|p2a: Vadrouilleur|64/100\n|-damage|p2b: Martin Libertin|8/100\n|move|p1a: Primarina|Dazzling Gleam|p2b: Martin Libertin|[spread] p2a,p2b\n|-supereffective|p2b: Martin Libertin|1\n|-damage|p2a: Vadrouilleur|32/100\n|-damage|p2b: Martin Libertin|0 fnt\n|faint|p2b: Martin Libertin\n|\n|upkeep\n|turn|8\n|c|\u2606MaitreCongo|Haxe diff\n|\n|t:|1776626741\n|move|p2a: Vadrouilleur|Darkest Lariat|p1a: Primarina\n|-resisted|p1a: Primarina|1\n|-damage|p1a: Primarina|19/100\n|move|p1b: Garchomp|Dragon Claw|p2a: Vadrouilleur\n|-damage|p2a: Vadrouilleur|0 fnt\n|faint|p2a: Vadrouilleur\n|\n|win|mo3az\n|raw|mo3az's rating: 1207 &rarr; <strong>1226</strong><br />(+19 for winning)\n|raw|MaitreCongo's rating: 1119 &rarr; <strong>1100</strong><br />(-19 for losing)\n|l|\u2606MaitreCongo\n|player|p2|\n|c|\u2606mo3az|Gg\n",
  "uploadtime": 1776626752,
  "views": 9,
  "formatid": "gen9championsvgc2026regma",
  "rating": 1100,
  "private": 0,
  "password": null
}