{
  "id": "gen9championsvgc2026regma-2586531175",
  "format": "[Gen 9 Champions] VGC 2026 Reg M-A",
  "players": [
    "DylanNoPancakes",
    "PhpRyV"
  ],
  "log": "|j|\u2606DylanNoPancakes\n|j|\u2606PhpRyV\n|t:|1776441079\n|gametype|doubles\n|player|p1|DylanNoPancakes|265|1120\n|player|p2|PhpRyV|pokemonbreeder-gen4|1144\n|gen|9\n|tier|[Gen 9 Champions] VGC 2026 Reg M-A\n|rated|\n|rule|Species Clause: Limit one of each Pok\u00e9mon\n|rule|Item Clause: Limit 1 of each item\n|clearpoke\n|poke|p1|Pelipper, L50, F|\n|poke|p1|Basculegion, L50, M|\n|poke|p1|Incineroar, L50, M|\n|poke|p1|Sinistcha, L50|\n|poke|p1|Glalie, L50, M|\n|poke|p1|Sneasler, L50, M|\n|poke|p2|Lycanroc-Dusk, L50, F|\n|poke|p2|Garchomp, L50, M|\n|poke|p2|Incineroar, L50, M|\n|poke|p2|Ceruledge, L50, M|\n|poke|p2|Rotom-Wash, L50|\n|poke|p2|Gallade, L50, M|\n|teampreview|4\n|inactive|Battle timer is ON: inactive players will automatically lose when time's up. (requested by DylanNoPancakes)\nDylanNoPancakes rejected open team sheets.\n|\n|t:|1776441109\n|teamsize|p1|4\n|teamsize|p2|4\n|start\n|switch|p1a: Pelipper|Pelipper, L50, F|100/100\n|switch|p1b: Incineroar|Incineroar, L50, M|100/100\n|switch|p2a: Easter|Incineroar, L50, M|100/100\n|switch|p2b: Rotom|Rotom-Wash, L50|100/100\n|-weather|RainDance|[from] ability: Drizzle|[of] p1a: Pelipper\n|-ability|p2a: Easter|Intimidate|boost\n|-unboost|p1a: Pelipper|atk|1\n|-unboost|p1b: Incineroar|atk|1\n|-ability|p1b: Incineroar|Intimidate|boost\n|-unboost|p2a: Easter|atk|1\n|-unboost|p2b: Rotom|atk|1\n|turn|1\n|inactive|DylanNoPancakes has 30 seconds left.\n|inactive|DylanNoPancakes has 20 seconds left.\n|inactive|DylanNoPancakes has 15 seconds left.\n|\n|t:|1776441152\n|move|p2a: Easter|Fake Out|p1b: Incineroar\n|-damage|p1b: Incineroar|92/100\n|move|p1a: Pelipper|Tailwind|p1a: Pelipper\n|-sidestart|p1: DylanNoPancakes|move: Tailwind\n|cant|p1b: Incineroar|flinch\n|move|p2b: Rotom|Discharge|p1b: Incineroar|[spread] p2a,p1a,p1b\n|-supereffective|p1a: Pelipper|2\n|-damage|p2a: Easter|73/100\n|-enditem|p1a: Pelipper|Focus Sash\n|-damage|p1a: Pelipper|1/100\n|-damage|p1b: Incineroar|71/100\n|\n|-weather|RainDance|[upkeep]\n|upkeep\n|turn|2\n|\n|t:|1776441167\n|move|p2a: Easter|Protect|p2a: Easter\n|-singleturn|p2a: Easter|Protect\n|move|p1a: Pelipper|Weather Ball|p2a: Easter\n|-activate|p2a: Easter|move: Protect\n|move|p1b: Incineroar|Throat Chop|p2b: Rotom\n|-damage|p2b: Rotom|79/100\n|-start|p2b: Rotom|Throat Chop|[silent]\n|move|p2b: Rotom|Hydro Pump|p1b: Incineroar|[miss]\n|-miss|p2b: Rotom|p1b: Incineroar\n|\n|-weather|RainDance|[upkeep]\n|upkeep\n|turn|3\n|\n|t:|1776441190\n|move|p2a: Easter|Protect||[still]\n|-fail|p2a: Easter\n|move|p1a: Pelipper|Weather Ball|p2a: Easter\n|-supereffective|p2a: Easter|1\n|-damage|p2a: Easter|0 fnt\n|faint|p2a: Easter\n|move|p1b: Incineroar|Parting Shot|p2b: Rotom\n|-unboost|p2b: Rotom|atk|1\n|-unboost|p2b: Rotom|spa|1\n|\n|t:|1776441200\n|switch|p1b: Glalie|Glalie, L50, M|100/100|[from] Parting Shot\n|move|p2b: Rotom|Discharge|p1a: Pelipper|[spread] p1a,p1b\n|-supereffective|p1a: Pelipper|2\n|-damage|p1a: Pelipper|0 fnt\n|-damage|p1b: Glalie|70/100\n|faint|p1a: Pelipper\n|\n|-weather|RainDance|[upkeep]\n|-end|p2b: Rotom|Throat Chop|[silent]\n|upkeep\n|\n|t:|1776441215\n|switch|p1a: Basculegion|Basculegion, L50, M|100/100\n|switch|p2a: Gallade|Gallade, L50, M|100/100\n|turn|4\n|inactive|DylanNoPancakes has 30 seconds left.\n|\n|t:|1776441241\n|detailschange|p1b: Glalie|Glalie-Mega, L50, M\n|-mega|p1b: Glalie|Glalie|Glalitite\n|move|p2a: Gallade|Wide Guard|p2a: Gallade\n|-singleturn|p2a: Gallade|Wide Guard\n|move|p1a: Basculegion|Wave Crash|p2a: Gallade\n|-damage|p2a: Gallade|0 fnt\n|faint|p2a: Gallade\n|-damage|p1a: Basculegion|71/100|[from] Recoil\n|move|p1b: Glalie|Freeze-Dry|p2b: Rotom\n|-supereffective|p2b: Rotom|1\n|-damage|p2b: Rotom|19/100\n|move|p2b: Rotom|Discharge|p1b: Glalie|[spread] p1a,p1b\n|-supereffective|p1a: Basculegion|1\n|-damage|p1a: Basculegion|24/100\n|-damage|p1b: Glalie|39/100\n|-status|p1b: Glalie|par\n|\n|-weather|RainDance|[upkeep]\n|-sideend|p1: DylanNoPancakes|move: Tailwind\n|upkeep\n|\n|t:|1776441256\n|switch|p2a: Ceruledge|Ceruledge, L50, M|100/100\n|turn|5\n|inactive|DylanNoPancakes has 30 seconds left.\n|\n|t:|1776441284\n|switch|p1a: Incineroar|Incineroar, L50, M|71/100\n|-ability|p1a: Incineroar|Intimidate|boost\n|-unboost|p2a: Ceruledge|atk|1\n|-unboost|p2b: Rotom|atk|1\n|move|p2a: Ceruledge|Shadow Sneak|p1a: Incineroar\n|-resisted|p1a: Incineroar|1\n|-damage|p1a: Incineroar|64/100\n|move|p2b: Rotom|Hex|p1b: Glalie\n|-damage|p1b: Glalie|2/100 par\n|move|p1b: Glalie|Freeze-Dry|p2b: Rotom\n|-supereffective|p2b: Rotom|1\n|-damage|p2b: Rotom|0 fnt\n|faint|p2b: Rotom\n|\n|-weather|none\n|upkeep\n|turn|6\n|\n|t:|1776441299\n|move|p2a: Ceruledge|Shadow Sneak|p1b: Glalie\n|-damage|p1b: Glalie|0 fnt\n|faint|p1b: Glalie\n|move|p1a: Incineroar|Throat Chop|p2a: Ceruledge\n|-supereffective|p2a: Ceruledge|1\n|-crit|p2a: Ceruledge\n|-damage|p2a: Ceruledge|0 fnt\n|faint|p2a: Ceruledge\n|\n|win|DylanNoPancakes\n|raw|DylanNoPancakes's rating: 1120 &rarr; <strong>1147</strong><br />(+27 for winning)\n|raw|PhpRyV's rating: 1144 &rarr; <strong>1117</strong><br />(-27 for losing)\n",
  "uploadtime": 1776441305,
  "views": 36,
  "formatid": "gen9championsvgc2026regma",
  "rating": 1117,
  "private": 0,
  "password": null
}