{
  "id": "gen9championsvgc2026regma-2584906614",
  "format": "[Gen 9 Champions] VGC 2026 Reg M-A",
  "players": [
    "fennekinlovr\u2661\u2661\u2661",
    "Hiimoliver"
  ],
  "log": "|j|\u2606fennekinlovr\u2661\u2661\u2661\n|j|\u2606Hiimoliver\n|t:|1776293360\n|gametype|doubles\n|player|p1|fennekinlovr\u2661\u2661\u2661|170|1024\n|player|p2|Hiimoliver|lance|1000\n|gen|9\n|tier|[Gen 9 Champions] VGC 2026 Reg M-A\n|rated|\n|rule|Species Clause: Limit one of each Pok\u00e9mon\n|rule|Item Clause: Limit 1 of each item\n|clearpoke\n|poke|p1|Dragapult, L50, M|\n|poke|p1|Altaria, L50, M|\n|poke|p1|Primarina, L50, F|\n|poke|p1|Incineroar, L50, F|\n|poke|p1|Tyrantrum, L50, F|\n|poke|p1|Clefable, L50, M|\n|poke|p2|Ceruledge, L50, F|\n|poke|p2|Corviknight, L50, F|\n|poke|p2|Raichu, L50, M|\n|poke|p2|Garchomp, L50, M|\n|poke|p2|Basculegion, L50, M|\n|poke|p2|Floette-Eternal, L50, F|\n|teampreview|4\n|\n|t:|1776293386\n|teamsize|p1|4\n|teamsize|p2|4\n|start\n|switch|p1a: Dragapult|Dragapult, L50, M, shiny|100/100\n|switch|p1b: Altaria|Altaria, L50, M, shiny|100/100\n|switch|p2a: Corviknight|Corviknight, L50, F|100/100\n|switch|p2b: Basculegion|Basculegion, L50, M|100/100\n|-ability|p1b: Altaria|Cloud Nine\n|turn|1\n|\n|t:|1776293397\n|detailschange|p1b: Altaria|Altaria-Mega, L50, M, shiny\n|-mega|p1b: Altaria|Altaria|Altarianite\n|move|p1a: Dragapult|Dragon Cheer|p1b: Altaria\n|-start|p1b: Altaria|move: Dragon Cheer\n|move|p2b: Basculegion|Last Respects|p1a: Dragapult\n|-supereffective|p1a: Dragapult|1\n|-damage|p1a: Dragapult|22/100\n|move|p1b: Altaria|Tailwind|p1b: Altaria\n|-sidestart|p1: fennekinlovr\u2661\u2661\u2661|move: Tailwind\n|move|p2a: Corviknight|Tailwind|p2a: Corviknight\n|-sidestart|p2: Hiimoliver|move: Tailwind\n|\n|upkeep\n|turn|2\n|\n|t:|1776293418\n|move|p1a: Dragapult|Round|p2b: Basculegion\n|-immune|p2b: Basculegion\n|move|p1b: Altaria|Round|p2b: Basculegion|[from] move: Round\n|-damage|p2b: Basculegion|15/100\n|move|p2b: Basculegion|Last Respects|p1a: Dragapult\n|-supereffective|p1a: Dragapult|1\n|-damage|p1a: Dragapult|0 fnt\n|faint|p1a: Dragapult\n|move|p2a: Corviknight|Iron Head|p1b: Altaria\n|-supereffective|p1b: Altaria|1\n|-damage|p1b: Altaria|38/100\n|\n|upkeep\n|\n|t:|1776293426\n|switch|p1a: Incineroar|Incineroar, L50, F|100/100\n|-ability|p1a: Incineroar|Intimidate|boost\n|-ability|p2a: Corviknight|Mirror Armor\n|-unboost|p1a: Incineroar|atk|1\n|-unboost|p2b: Basculegion|atk|1\n|turn|3\n|\n|t:|1776293445\n|move|p2b: Basculegion|Last Respects|p1b: Altaria\n|-damage|p1b: Altaria|19/100\n|move|p1b: Altaria|Hyper Voice|p2a: Corviknight|[spread] p2a,p2b\n|-resisted|p2a: Corviknight|1\n|-crit|p2a: Corviknight\n|-crit|p2b: Basculegion\n|-damage|p2a: Corviknight|70/100\n|-damage|p2b: Basculegion|0 fnt\n|faint|p2b: Basculegion\n|move|p2a: Corviknight|Brave Bird|p1a: Incineroar\n|-damage|p1a: Incineroar|57/100\n|-damage|p2a: Corviknight|54/100|[from] Recoil\n|move|p1a: Incineroar|Flare Blitz|p2a: Corviknight\n|-supereffective|p2a: Corviknight|1\n|-damage|p2a: Corviknight|0 fnt\n|faint|p2a: Corviknight\n|-damage|p1a: Incineroar|43/100|[from] Recoil\n|\n|upkeep\n|\n|t:|1776293452\n|switch|p2b: Garchomp|Garchomp, L50, M|100/100\n|switch|p2a: Raichu|Raichu, L50, M|100/100\n|turn|4\n|\n|t:|1776293476\n|move|p1b: Altaria|Protect|p1b: Altaria\n|-singleturn|p1b: Altaria|Protect\n|move|p2a: Raichu|Fake Out|p1b: Altaria\n|-activate|p1b: Altaria|move: Protect\n|move|p2b: Garchomp|Rock Slide|p1a: Incineroar|[spread] p1a\n|-activate|p1b: Altaria|move: Protect\n|-supereffective|p1a: Incineroar|1\n|-damage|p1a: Incineroar|8/100\n|move|p1a: Incineroar|Parting Shot|p2b: Garchomp\n|-unboost|p2b: Garchomp|atk|1\n|-unboost|p2b: Garchomp|spa|1\n|\n|t:|1776293478\n|switch|p1a: Primarina|Primarina, L50, F, shiny|100/100|[from] Parting Shot\n|\n|-sideend|p1: fennekinlovr\u2661\u2661\u2661|move: Tailwind\n|-sideend|p2: Hiimoliver|move: Tailwind\n|upkeep\n|turn|5\n|\n|t:|1776293497\n|move|p2b: Garchomp|Poison Jab|p1b: Altaria\n|-supereffective|p1b: Altaria|1\n|-damage|p1b: Altaria|0 fnt\n|faint|p1b: Altaria\n|move|p2a: Raichu|Discharge|p1a: Primarina|[spread] p1a\n|-immune|p2b: Garchomp\n|-supereffective|p1a: Primarina|1\n|-damage|p1a: Primarina|49/100\n|-status|p1a: Primarina|par\n|-enditem|p1a: Primarina|Sitrus Berry|[eat]\n|-heal|p1a: Primarina|74/100 par|[from] item: Sitrus Berry\n|cant|p1a: Primarina|par\n|\n|upkeep\n|\n|t:|1776293500\n|switch|p1b: Incineroar|Incineroar, L50, F|8/100\n|-ability|p1b: Incineroar|Intimidate|boost\n|-unboost|p2a: Raichu|atk|1\n|-unboost|p2b: Garchomp|atk|1\n|turn|6\n|\n|t:|1776293509\n|move|p1b: Incineroar|Fake Out|p2b: Garchomp\n|-damage|p2b: Garchomp|85/100\n|-damage|p1b: Incineroar|0 fnt|[from] ability: Rough Skin|[of] p2b: Garchomp\n|faint|p1b: Incineroar\n|cant|p2b: Garchomp|flinch\n|move|p2a: Raichu|Discharge|p1a: Primarina|[spread] p1a\n|-immune|p2b: Garchomp\n|-supereffective|p1a: Primarina|1\n|-damage|p1a: Primarina|29/100 par\n|move|p1a: Primarina|Dazzling Gleam|p2b: Garchomp|[spread] p2a,p2b\n|-supereffective|p2b: Garchomp|1\n|-damage|p2a: Raichu|64/100\n|-damage|p2b: Garchomp|32/100\n|\n|upkeep\n|turn|7\n|-message|fennekinlovr\u2661\u2661\u2661 forfeited.\n|\n|win|Hiimoliver\n|raw|fennekinlovr\u2661\u2661\u2661's rating: 1024 &rarr; <strong>1009</strong><br />(-15 for losing)\n|raw|Hiimoliver's rating: 1000 &rarr; <strong>1043</strong><br />(+43 for winning)\n|l|\u2606fennekinlovr\u2661\u2661\u2661\n|player|p1|\n",
  "uploadtime": 1776293514,
  "views": 18,
  "formatid": "gen9championsvgc2026regma",
  "rating": 1009,
  "private": 0,
  "password": null
}