{
  "id": "gen9championsvgc2026regma-2583597158",
  "format": "[Gen 9 Champions] VGC 2026 Reg M-A",
  "players": [
    "Arcato",
    "junioomm"
  ],
  "log": "|j|\u2606Arcato\n|j|\u2606junioomm\n|t:|1776185589\n|gametype|doubles\n|player|p1|Arcato|102|1262\n|player|p2|junioomm|unknown|1210\n|gen|9\n|tier|[Gen 9 Champions] VGC 2026 Reg M-A\n|rated|\n|rule|Species Clause: Limit one of each Pok\u00e9mon\n|rule|Item Clause: Limit 1 of each item\n|clearpoke\n|poke|p1|Kleavor, L50, M|\n|poke|p1|Sneasler, L50, M|\n|poke|p1|Tyranitar, L50, F|\n|poke|p1|Sinistcha, L50|\n|poke|p1|Talonflame, L50, F|\n|poke|p1|Rotom-Wash, L50|\n|poke|p2|Froslass, L50, F|\n|poke|p2|Sneasler, L50, M|\n|poke|p2|Garchomp, L50, M|\n|poke|p2|Rotom-Wash, L50|\n|poke|p2|Kingambit, L50, M|\n|poke|p2|Aerodactyl, L50, M|\n|teampreview|4\n|c|\u2606Arcato|GLHF\n|inactive|Battle timer is ON: inactive players will automatically lose when time's up. (requested by Arcato)\n|\n|t:|1776185663\n|teamsize|p1|4\n|teamsize|p2|4\n|start\n|switch|p1a: Kleavor|Kleavor, L50, M|100/100\n|switch|p1b: Sneasler|Sneasler, L50, M|100/100\n|switch|p2a: Garchomp|Garchomp, L50, M|100/100\n|switch|p2b: Aerodactyl|Aerodactyl, L50, M|100/100\n|-ability|p2b: Aerodactyl|Unnerve\n|turn|1\n|\n|t:|1776185683\n|move|p2b: Aerodactyl|Protect|p2b: Aerodactyl\n|-singleturn|p2b: Aerodactyl|Protect\n|move|p2a: Garchomp|Protect|p2a: Garchomp\n|-singleturn|p2a: Garchomp|Protect\n|move|p1b: Sneasler|Fake Out|p2b: Aerodactyl\n|-activate|p2b: Aerodactyl|move: Protect\n|move|p1a: Kleavor|Stone Axe|p2b: Aerodactyl\n|-activate|p2b: Aerodactyl|move: Protect\n|\n|upkeep\n|turn|2\n|\n|t:|1776185705\n|switch|p1b: Sinistcha|Sinistcha, L50|100/100\n|move|p1a: Kleavor|Stone Axe|p2b: Aerodactyl\n|-supereffective|p2b: Aerodactyl|1\n|-enditem|p2b: Aerodactyl|Focus Sash\n|-damage|p2b: Aerodactyl|1/100\n|-sidestart|p2: junioomm|move: Stealth Rock\n|move|p2b: Aerodactyl|Tailwind|p2b: Aerodactyl\n|-sidestart|p2: junioomm|move: Tailwind\n|move|p2a: Garchomp|Rock Slide|p1b: Sinistcha|[spread] p1a,p1b\n|-supereffective|p1a: Kleavor|1\n|-damage|p1a: Kleavor|54/100\n|-damage|p1b: Sinistcha|88/100\n|\n|-heal|p1b: Sinistcha|94/100|[from] item: Leftovers\n|upkeep\n|turn|3\n|\n|t:|1776185726\n|switch|p1a: Tyranitar|Tyranitar, L50, F|100/100\n|-weather|Sandstorm|[from] ability: Sand Stream|[of] p1a: Tyranitar\n|move|p2b: Aerodactyl|Rock Slide|p1a: Tyranitar|[spread] p1a,p1b\n|-damage|p1a: Tyranitar|76/100\n|-damage|p1b: Sinistcha|78/100\n|move|p2a: Garchomp|Rock Slide|p1a: Tyranitar|[spread] p1a,p1b\n|-damage|p1a: Tyranitar|59/100\n|-damage|p1b: Sinistcha|64/100\n|move|p1b: Sinistcha|Trick Room|p1b: Sinistcha\n|-fieldstart|move: Trick Room|[of] p1b: Sinistcha\n|\n|-weather|Sandstorm|[upkeep]\n|-damage|p1b: Sinistcha|58/100|[from] Sandstorm\n|-heal|p1b: Sinistcha|64/100|[from] item: Leftovers\n|upkeep\n|turn|4\n|\n|t:|1776185742\n|move|p1a: Tyranitar|Protect|p1a: Tyranitar\n|-singleturn|p1a: Tyranitar|Protect\n|move|p1b: Sinistcha|Matcha Gotcha|p2b: Aerodactyl|[spread] p2a,p2b\n|-crit|p2b: Aerodactyl\n|-damage|p2a: Garchomp|70/100\n|-heal|p1b: Sinistcha|80/100|[from] drain|[of] p2a: Garchomp\n|-damage|p2b: Aerodactyl|0 fnt\n|-heal|p1b: Sinistcha|80/100|[from] drain|[of] p2b: Aerodactyl\n|-status|p2a: Garchomp|brn\n|-enditem|p2a: Garchomp|Lum Berry|[eat]\n|-curestatus|p2a: Garchomp|brn|[msg]\n|faint|p2b: Aerodactyl\n|move|p2a: Garchomp|Earthquake|p1a: Tyranitar|[spread] p1b\n|-activate|p1a: Tyranitar|move: Protect\n|-resisted|p1b: Sinistcha|1\n|-damage|p1b: Sinistcha|67/100\n|\n|-weather|Sandstorm|[upkeep]\n|-damage|p1b: Sinistcha|61/100|[from] Sandstorm\n|-heal|p1b: Sinistcha|67/100|[from] item: Leftovers\n|upkeep\n|\n|t:|1776185766\n|switch|p2b: Sneasler|Sneasler, L50, M|100/100\n|-damage|p2b: Sneasler|95/100|[from] Stealth Rock\n|turn|5\n|\n|t:|1776185793\n|switch|p1a: Kleavor|Kleavor, L50, M|54/100\n|move|p1b: Sinistcha|Strength Sap|p2a: Garchomp\n|-unboost|p2a: Garchomp|atk|1\n|-heal|p1b: Sinistcha|100/100\n|move|p2a: Garchomp|Dragon Claw|p1b: Sinistcha\n|-damage|p1b: Sinistcha|82/100\n|move|p2b: Sneasler|Dire Claw|p1b: Sinistcha\n|-damage|p1b: Sinistcha|47/100\n|-status|p1b: Sinistcha|psn\n|\n|-weather|Sandstorm|[upkeep]\n|-damage|p1b: Sinistcha|40/100 psn|[from] Sandstorm\n|-damage|p2b: Sneasler|89/100|[from] Sandstorm\n|-heal|p1b: Sinistcha|47/100 psn|[from] item: Leftovers\n|-damage|p1b: Sinistcha|34/100 psn|[from] psn\n|-sideend|p2: junioomm|move: Tailwind\n|upkeep\n|turn|6\n|inactive|junioomm has 30 seconds left.\n|inactive|junioomm has 20 seconds left.\n|\n|t:|1776185833\n|move|p2a: Garchomp|Protect|p2a: Garchomp\n|-singleturn|p2a: Garchomp|Protect\n|move|p1b: Sinistcha|Strength Sap|p2b: Sneasler\n|-unboost|p2b: Sneasler|atk|1\n|-heal|p1b: Sinistcha|100/100 psn\n|-enditem|p2b: Sneasler|White Herb\n|-clearnegativeboost|p2b: Sneasler|[silent]\n|move|p1a: Kleavor|X-Scissor|p2a: Garchomp\n|-activate|p2a: Garchomp|move: Protect\n|move|p2b: Sneasler|Close Combat|p1a: Kleavor\n|-damage|p1a: Kleavor|0 fnt\n|-unboost|p2b: Sneasler|def|1\n|-unboost|p2b: Sneasler|spd|1\n|faint|p1a: Kleavor\n|\n|-weather|Sandstorm|[upkeep]\n|-damage|p1b: Sinistcha|94/100 psn|[from] Sandstorm\n|-damage|p2b: Sneasler|83/100|[from] Sandstorm\n|-heal|p1b: Sinistcha|100/100 psn|[from] item: Leftovers\n|-damage|p1b: Sinistcha|88/100 psn|[from] psn\n|upkeep\n|\n|t:|1776185846\n|switch|p1a: Sneasler|Sneasler, L50, M|100/100\n|turn|7\n|\n|t:|1776185863\n|switch|p2a: Froslass|Froslass, L50, F|100/100\n|-damage|p2a: Froslass|76/100|[from] Stealth Rock\n|move|p2b: Sneasler|Protect|p2b: Sneasler\n|-singleturn|p2b: Sneasler|Protect\n|move|p1b: Sinistcha|Matcha Gotcha|p2a: Froslass|[spread] p2a\n|-activate|p2b: Sneasler|move: Protect\n|-damage|p2a: Froslass|34/100\n|-heal|p1b: Sinistcha|100/100 psn|[from] drain|[of] p2a: Froslass\n|move|p1a: Sneasler|Close Combat|p2a: Froslass\n|-immune|p2a: Froslass\n|\n|-weather|none\n|-damage|p1b: Sinistcha|88/100 psn|[from] psn\n|-fieldend|move: Trick Room\n|upkeep\n|turn|8\n|inactive|Arcato has 30 seconds left.\n|inactive|junioomm has 30 seconds left.\n|inactive|Arcato has 20 seconds left.\n|inactive|Arcato has 15 seconds left.\n|inactive|Arcato has 10 seconds left.\n|\n|t:|1776185913\n|switch|p1b: Tyranitar|Tyranitar, L50, F|59/100\n|-weather|Sandstorm|[from] ability: Sand Stream|[of] p1b: Tyranitar\n|move|p2a: Froslass|Protect|p2a: Froslass\n|-singleturn|p2a: Froslass|Protect\n|move|p1a: Sneasler|Protect|p1a: Sneasler\n|-singleturn|p1a: Sneasler|Protect\n|move|p2b: Sneasler|Close Combat|p1b: Tyranitar\n|-supereffective|p1b: Tyranitar|2\n|-damage|p1b: Tyranitar|0 fnt\n|-unboost|p2b: Sneasler|def|1\n|-unboost|p2b: Sneasler|spd|1\n|faint|p1b: Tyranitar\n|\n|-weather|Sandstorm|[upkeep]\n|-damage|p2b: Sneasler|77/100|[from] Sandstorm\n|-damage|p2a: Froslass|28/100|[from] Sandstorm\n|-damage|p1a: Sneasler|95/100|[from] Sandstorm\n|upkeep\n|\n|t:|1776185917\n|switch|p1b: Sinistcha|Sinistcha, L50|88/100 psn\n|-heal|p1a: Sneasler|100/100|[from] ability: Hospitality|[of] p1b: Sinistcha\n|turn|9\n|inactive|junioomm has 30 seconds left.\n|\n|t:|1776185948\n|switch|p2b: Garchomp|Garchomp, L50, M|70/100\n|-damage|p2b: Garchomp|64/100|[from] Stealth Rock\n|detailschange|p2a: Froslass|Froslass-Mega, L50, F\n|-mega|p2a: Froslass|Froslass|Froslassite\n|-weather|Snowscape|[from] ability: Snow Warning|[of] p2a: Froslass\n|move|p2a: Froslass|Blizzard|p1a: Sneasler|[spread] p1a,p1b\n|-supereffective|p1b: Sinistcha|1\n|-damage|p1a: Sneasler|43/100\n|-damage|p1b: Sinistcha|0 fnt\n|faint|p1b: Sinistcha\n|move|p1a: Sneasler|Dire Claw|p2b: Garchomp\n|-resisted|p2b: Garchomp|1\n|-damage|p2b: Garchomp|40/100\n|-damage|p1a: Sneasler|31/100|[from] ability: Rough Skin|[of] p2b: Garchomp\n|\n|-weather|Snowscape|[upkeep]\n|upkeep\n|turn|10\n|c|\u2606Arcato|Gg\n|\n|t:|1776185962\n|move|p2a: Froslass|Shadow Ball|p1a: Sneasler\n|-damage|p1a: Sneasler|0 fnt\n|faint|p1a: Sneasler\n|\n|win|junioomm\n|raw|Arcato's rating: 1262 &rarr; <strong>1233</strong><br />(-29 for losing)\n|raw|junioomm's rating: 1210 &rarr; <strong>1239</strong><br />(+29 for winning)\n|c|\u2606junioomm|Gg\n|l|\u2606Arcato\n|player|p1|\n|l|\u2606junioomm\n|player|p2|\n|j|\u2606junioomm\n|player|p2|junioomm|unknown|\n",
  "uploadtime": 1776186293,
  "views": 52,
  "formatid": "gen9championsvgc2026regma",
  "rating": 1233,
  "private": 0,
  "password": null
}