{
  "id": "gen9championsvgc2026regma-2588584279",
  "format": "[Gen 9 Champions] VGC 2026 Reg M-A",
  "players": [
    "Zapdos79",
    "KikoLoko"
  ],
  "log": "|j|\u2606Zapdos79\n|j|\u2606KikoLoko\n|t:|1776647363\n|gametype|doubles\n|player|p1|Zapdos79|flannery|1163\n|player|p2|KikoLoko|flint|1080\n|gen|9\n|tier|[Gen 9 Champions] VGC 2026 Reg M-A\n|rated|\n|rule|Species Clause: Limit one of each Pok\u00e9mon\n|rule|Item Clause: Limit 1 of each item\n|clearpoke\n|poke|p1|Tyranitar, L50, F|\n|poke|p1|Basculegion, L50, M|\n|poke|p1|Excadrill, L50, M|\n|poke|p1|Meganium, L50, F|\n|poke|p1|Farigiraf, L50, F|\n|poke|p1|Incineroar, L50, M|\n|poke|p2|Aggron, L50, F, shiny|\n|poke|p2|Sinistcha-Masterpiece, L50|\n|poke|p2|Clawitzer, L50, F, shiny|\n|poke|p2|Sylveon, L50, F, shiny|\n|poke|p2|Rampardos, L50, M, shiny|\n|poke|p2|Slowbro-Galar, L50, M|\n|teampreview|4\nKikoLoko has agreed to open team sheets.\n|\n|t:|1776647415\n|teamsize|p1|4\n|teamsize|p2|4\n|start\n|switch|p1a: Tyranitar|Tyranitar, L50, F|100/100\n|switch|p1b: Incineroar|Incineroar, L50, M|100/100\n|switch|p2a: Sinistcha|Sinistcha-Masterpiece, L50|100/100\n|switch|p2b: Clawitzer|Clawitzer, L50, F, shiny|100/100\n|-weather|Sandstorm|[from] ability: Sand Stream|[of] p1a: Tyranitar\n|-ability|p1b: Incineroar|Intimidate|boost\n|-unboost|p2a: Sinistcha|atk|1\n|-unboost|p2b: Clawitzer|atk|1\n|turn|1\n|inactive|Battle timer is ON: inactive players will automatically lose when time's up. (requested by Zapdos79)\n|\n|t:|1776647440\n|move|p1a: Tyranitar|Knock Off|p2a: Sinistcha\n|-supereffective|p2a: Sinistcha|1\n|-damage|p2a: Sinistcha|18/100\n|-enditem|p2a: Sinistcha|Sitrus Berry|[from] move: Knock Off|[of] p1a: Tyranitar\n|move|p1b: Incineroar|Flare Blitz|p2a: Sinistcha\n|-supereffective|p2a: Sinistcha|1\n|-damage|p2a: Sinistcha|0 fnt\n|faint|p2a: Sinistcha\n|-damage|p1b: Incineroar|95/100|[from] Recoil\n|move|p2b: Clawitzer|Aura Sphere|p1a: Tyranitar\n|-supereffective|p1a: Tyranitar|2\n|-damage|p1a: Tyranitar|0 fnt\n|faint|p1a: Tyranitar\n|\n|-weather|Sandstorm|[upkeep]\n|-damage|p1b: Incineroar|89/100|[from] Sandstorm\n|-damage|p2b: Clawitzer|94/100|[from] Sandstorm\n|upkeep\n|\n|t:|1776647453\n|switch|p1a: Meganium|Meganium, L50, F|100/100\n|switch|p2a: Sylveon|Sylveon, L50, F, shiny|100/100\n|turn|2\n|\n|t:|1776647464\n|switch|p2b: Aggron|Aggron, L50, F, shiny|100/100\n|detailschange|p1a: Meganium|Meganium-Mega, L50, F\n|-mega|p1a: Meganium|Meganium|Meganiumite\n|move|p1a: Meganium|Solar Beam||[still]\n|-prepare|p1a: Meganium|Solar Beam\n|-activate|p1a: Meganium|ability: Mega Sol\n|-anim|p1a: Meganium|Solar Beam|p2b: Aggron\n|-damage|p2b: Aggron|22/100\n|move|p1b: Incineroar|Parting Shot|p2a: Sylveon\n|-unboost|p2a: Sylveon|atk|1\n|-unboost|p2a: Sylveon|spa|1\n|\n|t:|1776647474\n|switch|p1b: Farigiraf|Farigiraf, L50, F|100/100|[from] Parting Shot\n|move|p2a: Sylveon|Hyper Voice|p1a: Meganium|[spread] p1a,p1b\n|-damage|p1a: Meganium|74/100\n|-damage|p1b: Farigiraf|83/100\n|\n|-weather|Sandstorm|[upkeep]\n|-damage|p1a: Meganium|68/100|[from] Sandstorm\n|-damage|p1b: Farigiraf|77/100|[from] Sandstorm\n|-damage|p2a: Sylveon|95/100|[from] Sandstorm\n|-heal|p1b: Farigiraf|83/100|[from] item: Leftovers\n|upkeep\n|turn|3\n|\n|t:|1776647485\n|detailschange|p2b: Aggron|Aggron-Mega, L50, F, shiny\n|-mega|p2b: Aggron|Aggron|Aggronite\n|move|p2b: Aggron|Protect|p2b: Aggron\n|-singleturn|p2b: Aggron|Protect\n|move|p1a: Meganium|Dazzling Gleam|p2b: Aggron|[spread] p2a\n|-activate|p2b: Aggron|move: Protect\n|-damage|p2a: Sylveon|67/100\n|move|p1b: Farigiraf|Psychic|p2a: Sylveon\n|-damage|p2a: Sylveon|43/100\n|move|p2a: Sylveon|Wish|p2a: Sylveon\n|\n|-weather|Sandstorm|[upkeep]\n|-damage|p1a: Meganium|62/100|[from] Sandstorm\n|-damage|p1b: Farigiraf|77/100|[from] Sandstorm\n|-damage|p2a: Sylveon|37/100|[from] Sandstorm\n|-heal|p1b: Farigiraf|83/100|[from] item: Leftovers\n|upkeep\n|turn|4\n|\n|t:|1776647507\n|move|p2a: Sylveon|Protect|p2a: Sylveon\n|-singleturn|p2a: Sylveon|Protect\n|move|p1a: Meganium|Dazzling Gleam|p2b: Aggron|[spread] p2b\n|-activate|p2a: Sylveon|move: Protect\n|-resisted|p2b: Aggron|1\n|-damage|p2b: Aggron|7/100\n|move|p1b: Farigiraf|Psychic|p2b: Aggron\n|-resisted|p2b: Aggron|1\n|-damage|p2b: Aggron|0 fnt\n|faint|p2b: Aggron\n|\n|-weather|Sandstorm|[upkeep]\n|-damage|p1a: Meganium|57/100|[from] Sandstorm\n|-damage|p1b: Farigiraf|77/100|[from] Sandstorm\n|-damage|p2a: Sylveon|31/100|[from] Sandstorm\n|-heal|p2a: Sylveon|81/100|[from] move: Wish|[wisher] Sylveon\n|-heal|p1b: Farigiraf|83/100|[from] item: Leftovers\n|upkeep\n|\n|t:|1776647520\n|switch|p2b: Clawitzer|Clawitzer, L50, F, shiny|94/100\n|turn|5\n|inactive|KikoLoko has 30 seconds left.\n|\n|t:|1776647553\n|move|p1a: Meganium|Solar Beam||[still]\n|-prepare|p1a: Meganium|Solar Beam\n|-activate|p1a: Meganium|ability: Mega Sol\n|-anim|p1a: Meganium|Solar Beam|p2b: Clawitzer\n|-supereffective|p2b: Clawitzer|1\n|-damage|p2b: Clawitzer|0 fnt\n|faint|p2b: Clawitzer\n|move|p1b: Farigiraf|Thunder Wave|p2a: Sylveon|[miss]\n|-miss|p1b: Farigiraf|p2a: Sylveon\n|move|p2a: Sylveon|Hyper Voice|p1b: Farigiraf|[spread] p1a,p1b\n|-damage|p1a: Meganium|32/100\n|-damage|p1b: Farigiraf|67/100\n|\n|-weather|none\n|-heal|p1b: Farigiraf|73/100|[from] item: Leftovers\n|upkeep\n|turn|6\n|\n|t:|1776647566\n|move|p1a: Meganium|Solar Beam||[still]\n|-prepare|p1a: Meganium|Solar Beam\n|-activate|p1a: Meganium|ability: Mega Sol\n|-anim|p1a: Meganium|Solar Beam|p2a: Sylveon\n|-damage|p2a: Sylveon|33/100\n|move|p1b: Farigiraf|Psychic|p2a: Sylveon\n|-damage|p2a: Sylveon|9/100\n|move|p2a: Sylveon|Calm Mind|p2a: Sylveon\n|-boost|p2a: Sylveon|spa|1\n|-boost|p2a: Sylveon|spd|1\n|\n|-heal|p1b: Farigiraf|79/100|[from] item: Leftovers\n|upkeep\n|turn|7\n|\n|t:|1776647578\n|move|p1a: Meganium|Dazzling Gleam|p2a: Sylveon\n|-damage|p2a: Sylveon|0 fnt\n|faint|p2a: Sylveon\n|\n|win|Zapdos79\n|raw|Zapdos79's rating: 1163 &rarr; <strong>1182</strong><br />(+19 for winning)\n|raw|KikoLoko's rating: 1080 &rarr; <strong>1063</strong><br />(-17 for losing)\n|l|\u2606KikoLoko\n|player|p2|\n",
  "uploadtime": 1776647583,
  "views": 10,
  "formatid": "gen9championsvgc2026regma",
  "rating": 1063,
  "private": 0,
  "password": null
}