{
  "id": "gen9championsvgc2026regma-2585857561",
  "format": "[Gen 9 Champions] VGC 2026 Reg M-A",
  "players": [
    "Mongoose556",
    "hajsu"
  ],
  "log": "|j|\u2606Mongoose556\n|j|\u2606hajsu\n|t:|1776376007\n|gametype|doubles\n|player|p1|Mongoose556|265|1063\n|player|p2|hajsu|265|1147\n|gen|9\n|tier|[Gen 9 Champions] VGC 2026 Reg M-A\n|rated|\n|rule|Species Clause: Limit one of each Pok\u00e9mon\n|rule|Item Clause: Limit 1 of each item\n|clearpoke\n|poke|p1|Sinistcha-Masterpiece, L50|\n|poke|p1|Banette, L50, M|\n|poke|p1|Golurk, L50|\n|poke|p1|Cofagrigus, L50, M|\n|poke|p1|Sableye, L50, M|\n|poke|p1|Spiritomb, L50, M|\n|poke|p2|Farigiraf, L50, M|\n|poke|p2|Beedrill, L50, F|\n|poke|p2|Incineroar, L50, M|\n|poke|p2|Garchomp, L50, M|\n|poke|p2|Floette-Eternal, L50, F|\n|poke|p2|Sinistcha, L50|\n|teampreview|4\n|inactive|Battle timer is ON: inactive players will automatically lose when time's up. (requested by Mongoose556)\nMongoose556 rejected open team sheets.\n|\n|t:|1776376045\n|teamsize|p1|4\n|teamsize|p2|4\n|start\n|switch|p1a: Spiritomb|Spiritomb, L50, M, shiny|100/100\n|switch|p1b: Banette|Banette, L50, M, shiny|100/100\n|switch|p2a: Beedrill|Beedrill, L50, F|100/100\n|switch|p2b: Incineroar|Incineroar, L50, M|100/100\n|-ability|p2b: Incineroar|Intimidate|boost\n|-unboost|p1a: Spiritomb|atk|1\n|-unboost|p1b: Banette|atk|1\n|turn|1\n|\n|t:|1776376062\n|detailschange|p2a: Beedrill|Beedrill-Mega, L50, F\n|-mega|p2a: Beedrill|Beedrill|Beedrillite\n|detailschange|p1b: Banette|Banette-Mega, L50, M, shiny\n|-mega|p1b: Banette|Banette|Banettite\n|move|p2b: Incineroar|Helping Hand|p2a: Beedrill\n|-singleturn|p2a: Beedrill|Helping Hand|[of] p2b: Incineroar\n|move|p1b: Banette|Will-O-Wisp|p2a: Beedrill\n|-status|p2a: Beedrill|brn\n|move|p2a: Beedrill|U-turn|p1a: Spiritomb\n|-damage|p1a: Spiritomb|64/100\n|\n|t:|1776376076\n|switch|p2a: Farigiraf|Farigiraf, L50, M|100/100|[from] U-turn\n|move|p1a: Spiritomb|Trick Room|p1a: Spiritomb\n|-fieldstart|move: Trick Room|[of] p1a: Spiritomb\n|\n|upkeep\n|turn|2\n|\n|t:|1776376095\n|move|p1a: Spiritomb|Dark Pulse|p2a: Farigiraf\n|-supereffective|p2a: Farigiraf|1\n|-damage|p2a: Farigiraf|52/100\n|move|p2b: Incineroar|Flare Blitz|p1a: Spiritomb\n|-damage|p1a: Spiritomb|16/100\n|-damage|p2b: Incineroar|88/100|[from] Recoil\n|move|p1b: Banette|Gunk Shot|p2b: Incineroar|[miss]\n|-miss|p1b: Banette|p2b: Incineroar\n|cant|p2a: Farigiraf|flinch\n|\n|-heal|p2a: Farigiraf|58/100|[from] item: Leftovers\n|upkeep\n|turn|3\n|\n|t:|1776376112\n|move|p1a: Spiritomb|Dark Pulse|p2a: Farigiraf\n|-supereffective|p2a: Farigiraf|1\n|-damage|p2a: Farigiraf|2/100\n|move|p2b: Incineroar|Flare Blitz|p1a: Spiritomb\n|-damage|p1a: Spiritomb|0 fnt\n|faint|p1a: Spiritomb\n|-damage|p2b: Incineroar|84/100|[from] Recoil\n|move|p1b: Banette|Gunk Shot|p2b: Incineroar\n|-damage|p2b: Incineroar|55/100\n|move|p2a: Farigiraf|Trick Room|p2a: Farigiraf\n|-fieldend|move: Trick Room\n|\n|-heal|p2a: Farigiraf|8/100|[from] item: Leftovers\n|upkeep\n|\n|t:|1776376129\n|switch|p1a: Golurk|Golurk, L50, shiny|100/100\n|turn|4\n|\n|t:|1776376140\n|switch|p2b: Beedrill|Beedrill-Mega, L50, F|100/100 brn\n|move|p2a: Farigiraf|Protect|p2a: Farigiraf\n|-singleturn|p2a: Farigiraf|Protect\n|move|p1a: Golurk|Headlong Rush|p2b: Beedrill\n|-damage|p2b: Beedrill|0 fnt\n|-unboost|p1a: Golurk|def|1\n|-unboost|p1a: Golurk|spd|1\n|faint|p2b: Beedrill\n|move|p1b: Banette|Trick Room|p1b: Banette\n|-fieldstart|move: Trick Room|[of] p1b: Banette\n|\n|-heal|p2a: Farigiraf|14/100|[from] item: Leftovers\n|upkeep\n|\n|t:|1776376160\n|switch|p2b: Incineroar|Incineroar, L50, M|55/100\n|-ability|p2b: Incineroar|Intimidate|boost\n|-unboost|p1a: Golurk|atk|1\n|-unboost|p1b: Banette|atk|1\n|turn|5\n|\n|t:|1776376182\n|switch|p2b: Garchomp|Garchomp, L50, M|100/100\n|move|p1a: Golurk|Headlong Rush|p2b: Garchomp\n|-damage|p2b: Garchomp|50/100\n|-unboost|p1a: Golurk|def|1\n|-unboost|p1a: Golurk|spd|1\n|-damage|p1a: Golurk|88/100|[from] ability: Rough Skin|[of] p2b: Garchomp\n|move|p1b: Banette|Gunk Shot|p2a: Farigiraf\n|-damage|p2a: Farigiraf|0 fnt\n|faint|p2a: Farigiraf\n|\n|upkeep\n|\n|t:|1776376196\n|switch|p2a: Incineroar|Incineroar, L50, M|55/100\n|-ability|p2a: Incineroar|Intimidate|boost\n|-unboost|p1a: Golurk|atk|1\n|-unboost|p1b: Banette|atk|1\n|turn|6\n|\n|t:|1776376215\n|switch|p1a: Sinistcha|Sinistcha-Masterpiece, L50, shiny|100/100\n|move|p2a: Incineroar|Helping Hand|p2b: Garchomp\n|-singleturn|p2b: Garchomp|Helping Hand|[of] p2a: Incineroar\n|move|p1b: Banette|Will-O-Wisp|p2b: Garchomp\n|-status|p2b: Garchomp|brn\n|move|p2b: Garchomp|Earthquake|p1b: Banette|[spread] p2a,p1a,p1b\n|-supereffective|p2a: Incineroar|1\n|-resisted|p1a: Sinistcha|1\n|-damage|p2a: Incineroar|1/100\n|-damage|p1a: Sinistcha|84/100\n|-damage|p1b: Banette|62/100\n|-enditem|p2a: Incineroar|Sitrus Berry|[eat]\n|-heal|p2a: Incineroar|26/100|[from] item: Sitrus Berry\n|\n|-heal|p1a: Sinistcha|90/100|[from] item: Leftovers\n|-damage|p2b: Garchomp|44/100 brn|[from] brn\n|upkeep\n|turn|7\n|\n|t:|1776376234\n|move|p2b: Garchomp|Protect|p2b: Garchomp\n|-singleturn|p2b: Garchomp|Protect\n|move|p2a: Incineroar|Flare Blitz|p1a: Sinistcha\n|-supereffective|p1a: Sinistcha|1\n|-damage|p1a: Sinistcha|0 fnt\n|faint|p1a: Sinistcha\n|-damage|p2a: Incineroar|2/100|[from] Recoil\n|move|p1b: Banette|Gunk Shot|p2a: Incineroar\n|-damage|p2a: Incineroar|0 fnt\n|faint|p2a: Incineroar\n|\n|-damage|p2b: Garchomp|38/100 brn|[from] brn\n|upkeep\n|\n|t:|1776376240\n|switch|p1a: Golurk|Golurk, L50, shiny|88/100\n|turn|8\n|\n|t:|1776376248\n|move|p1a: Golurk|Ice Punch|p2b: Garchomp\n|-supereffective|p2b: Garchomp|2\n|-damage|p2b: Garchomp|0 fnt\n|-damage|p1a: Golurk|76/100|[from] ability: Rough Skin|[of] p2b: Garchomp\n|faint|p2b: Garchomp\n|\n|win|Mongoose556\n|raw|Mongoose556's rating: 1063 &rarr; <strong>1101</strong><br />(+38 for winning)\n|raw|hajsu's rating: 1147 &rarr; <strong>1116</strong><br />(-31 for losing)\n",
  "uploadtime": 1776376251,
  "views": 15,
  "formatid": "gen9championsvgc2026regma",
  "rating": 1101,
  "private": 0,
  "password": null
}