{
  "id": "gen9championsvgc2026regma-2585869189",
  "format": "[Gen 9 Champions] VGC 2026 Reg M-A",
  "players": [
    "jaffari epistani",
    "Future Alice haver"
  ],
  "log": "|j|\u2606jaffari epistani\n|j|\u2606Future Alice haver\n|t:|1776376987\n|gametype|doubles\n|player|p1|jaffari epistani|juan|1248\n|player|p2|Future Alice haver|kimonogirl|1215\n|gen|9\n|tier|[Gen 9 Champions] VGC 2026 Reg M-A\n|rated|\n|rule|Species Clause: Limit one of each Pok\u00e9mon\n|rule|Item Clause: Limit 1 of each item\n|clearpoke\n|poke|p1|Milotic, L50, M|\n|poke|p1|Kangaskhan, L50, F|\n|poke|p1|Aegislash, L50, M|\n|poke|p1|Aerodactyl, L50, M|\n|poke|p1|Garchomp, L50, M|\n|poke|p1|Rotom-Heat, L50|\n|poke|p2|Charizard, L50, M|\n|poke|p2|Venusaur, L50, F|\n|poke|p2|Orthworm, L50, F|\n|poke|p2|Garchomp, L50, F|\n|poke|p2|Milotic, L50, M|\n|poke|p2|Whimsicott, L50, M|\n|teampreview|4\n|inactive|Battle timer is ON: inactive players will automatically lose when time's up. (requested by jaffari epistani)\n|inactive|jaffari epistani has 60 seconds left.\n|inactive|Future Alice haver has 60 seconds left.\n|inactive|jaffari epistani has 30 seconds left.\n|inactive|Future Alice haver has 30 seconds left.\n|\n|t:|1776377052\n|teamsize|p1|4\n|teamsize|p2|4\n|start\n|switch|p1a: Kangaskhan|Kangaskhan, L50, F|100/100\n|switch|p1b: Aerodactyl|Aerodactyl, L50, M|100/100\n|switch|p2a: Milotic|Milotic, L50, M|100/100\n|switch|p2b: Charizard|Charizard, L50, M|100/100\n|-ability|p1b: Aerodactyl|Unnerve\n|turn|1\n|inactive|Future Alice haver has 30 seconds left.\n|inactive|Future Alice haver has 20 seconds left.\n|inactive|Future Alice haver has 15 seconds left.\n|inactive|Future Alice haver has 10 seconds left.\n|\n|t:|1776377099\n|switch|p2b: Orthworm|Orthworm, L50, F|100/100\n|detailschange|p1a: Kangaskhan|Kangaskhan-Mega, L50, F\n|-mega|p1a: Kangaskhan|Kangaskhan|Kangaskhanite\n|move|p1a: Kangaskhan|Fake Out|p2a: Milotic\n|-damage|p2a: Milotic|84/100\n|-damage|p2a: Milotic|79/100\n|-hitcount|p2a: Milotic|2\n|move|p1b: Aerodactyl|Tailwind|p1b: Aerodactyl\n|-sidestart|p1: jaffari epistani|move: Tailwind\n|cant|p2a: Milotic|flinch\n|\n|upkeep\n|turn|2\n|\n|t:|1776377121\n|switch|p1b: Rotom|Rotom-Heat, L50|100/100\n|move|p1a: Kangaskhan|Low Kick|p2b: Orthworm\n|-supereffective|p2b: Orthworm|1\n|-damage|p2b: Orthworm|51/100\n|-supereffective|p2b: Orthworm|1\n|-damage|p2b: Orthworm|41/100\n|-enditem|p2b: Orthworm|Sitrus Berry|[eat]\n|-heal|p2b: Orthworm|65/100|[from] item: Sitrus Berry\n|-hitcount|p2b: Orthworm|2\n|move|p2a: Milotic|Icy Wind|p1a: Kangaskhan|[spread] p1a,p1b\n|-resisted|p1b: Rotom|1\n|-damage|p1a: Kangaskhan|91/100\n|-damage|p1b: Rotom|93/100\n|-unboost|p1a: Kangaskhan|spe|1\n|-unboost|p1b: Rotom|spe|1\n|move|p2b: Orthworm|Heavy Slam|p1b: Rotom\n|-resisted|p1b: Rotom|2\n|-damage|p1b: Rotom|83/100\n|\n|upkeep\n|turn|3\n|\n|t:|1776377141\n|switch|p1a: Aegislash|Aegislash, L50, M|100/100\n|move|p2a: Milotic|Protect|p2a: Milotic\n|-singleturn|p2a: Milotic|Protect\n|move|p2b: Orthworm|Protect|p2b: Orthworm\n|-singleturn|p2b: Orthworm|Protect\n|move|p1b: Rotom|Volt Switch|p2a: Milotic\n|-activate|p2a: Milotic|move: Protect\n|\n|upkeep\n|turn|4\n|\n|t:|1776377166\n|switch|p2a: Garchomp|Garchomp, L50, F|100/100\n|move|p1b: Rotom|Volt Switch|p2b: Orthworm\n|-damage|p2b: Orthworm|15/100\n|\n|t:|1776377182\n|switch|p1b: Aerodactyl|Aerodactyl, L50, M|100/100|[from] Volt Switch\n|-ability|p1b: Aerodactyl|Unnerve\n|-formechange|p1a: Aegislash|Aegislash-Blade|\n|move|p1a: Aegislash|Poltergeist|p2a: Garchomp\n|-activate|p2a: Garchomp|move: Poltergeist|Choice Scarf\n|-damage|p2a: Garchomp|29/100\n|move|p2b: Orthworm|Body Press|p1b: Aerodactyl\n|-damage|p1b: Aerodactyl|51/100\n|\n|-sideend|p1: jaffari epistani|move: Tailwind\n|upkeep\n|turn|5\n|inactive|Future Alice haver has 30 seconds left.\n|inactive|Future Alice haver has 20 seconds left.\n|inactive|Future Alice haver has 15 seconds left.\n|\n|t:|1776377222\n|move|p1a: Aegislash|Shadow Sneak|p2a: Garchomp\n|-damage|p2a: Garchomp|1/100\n|-damage|p1a: Aegislash|89/100|[from] ability: Rough Skin|[of] p2a: Garchomp\n|move|p2a: Garchomp|Stone Edge|p1b: Aerodactyl\n|-supereffective|p1b: Aerodactyl|1\n|-damage|p1b: Aerodactyl|0 fnt\n|faint|p1b: Aerodactyl\n|move|p2b: Orthworm|Heavy Slam|p1a: Aegislash\n|-resisted|p1a: Aegislash|1\n|-damage|p1a: Aegislash|54/100\n|\n|upkeep\n|\n|t:|1776377241\n|switch|p1b: Kangaskhan|Kangaskhan-Mega, L50, F|91/100\n|turn|6\n|inactive|jaffari epistani has 30 seconds left.\n|\n|t:|1776377274\n|switch|p2a: Milotic|Milotic, L50, M|79/100\n|move|p2b: Orthworm|Protect|p2b: Orthworm\n|-singleturn|p2b: Orthworm|Protect\n|move|p1b: Kangaskhan|Sucker Punch||[still]\n|-fail|p1b: Kangaskhan\n|move|p1a: Aegislash|Shadow Sneak|p2b: Orthworm\n|-activate|p2b: Orthworm|move: Protect\n|\n|upkeep\n|turn|7\n|inactive|Future Alice haver has 30 seconds left.\n|\n|t:|1776377303\n|move|p1a: Aegislash|Shadow Sneak|p2b: Orthworm\n|-damage|p2b: Orthworm|0 fnt\n|faint|p2b: Orthworm\n|move|p1b: Kangaskhan|Double-Edge|p2a: Milotic\n|-damage|p2a: Milotic|24/100\n|-damage|p2a: Milotic|10/100\n|-hitcount|p2a: Milotic|2\n|-damage|p1b: Kangaskhan|69/100|[from] Recoil\n|move|p2a: Milotic|Scald|p1b: Kangaskhan\n|-damage|p1b: Kangaskhan|43/100\n|-status|p1b: Kangaskhan|brn\n|\n|-damage|p1b: Kangaskhan|37/100 brn|[from] brn\n|upkeep\n|\n|t:|1776377307\n|switch|p2b: Charizard|Charizard, L50, M|100/100\n|turn|8\n|inactive|jaffari epistani has 30 seconds left.\n|\n|t:|1776377341\n|detailschange|p2b: Charizard|Charizard-Mega-Y, L50, M\n|-mega|p2b: Charizard|Charizard|Charizardite Y\n|-weather|SunnyDay|[from] ability: Drought|[of] p2b: Charizard\n|move|p2b: Charizard|Protect|p2b: Charizard\n|-singleturn|p2b: Charizard|Protect\n|move|p2a: Milotic|Protect|p2a: Milotic\n|-singleturn|p2a: Milotic|Protect\n|-formechange|p1a: Aegislash|Aegislash|\n|move|p1a: Aegislash|King's Shield|p1a: Aegislash\n|-singleturn|p1a: Aegislash|Protect\n|move|p1b: Kangaskhan|Double-Edge|p2b: Charizard\n|-activate|p2b: Charizard|move: Protect\n|\n|-weather|SunnyDay|[upkeep]\n|-damage|p1b: Kangaskhan|31/100 brn|[from] brn\n|upkeep\n|turn|9\n|\n|t:|1776377362\n|switch|p1b: Rotom|Rotom-Heat, L50|83/100\n|-formechange|p1a: Aegislash|Aegislash-Blade|\n|move|p1a: Aegislash|Shadow Sneak|p2a: Milotic\n|-damage|p2a: Milotic|0 fnt\n|faint|p2a: Milotic\n|move|p2b: Charizard|Heat Wave|p1a: Aegislash|[spread] p1a,p1b\n|-supereffective|p1a: Aegislash|1\n|-resisted|p1b: Rotom|1\n|-damage|p1a: Aegislash|0 fnt\n|-damage|p1b: Rotom|46/100\n|faint|p1a: Aegislash\n|\n|-weather|SunnyDay|[upkeep]\n|upkeep\n|\n|t:|1776377370\n|switch|p2a: Garchomp|Garchomp, L50, F|1/100\n|switch|p1a: Kangaskhan|Kangaskhan-Mega, L50, F|31/100 brn\n|turn|10\n|\n|t:|1776377378\n|move|p1a: Kangaskhan|Fake Out|p2a: Garchomp\n|-damage|p2a: Garchomp|0 fnt\n|-damage|p1a: Kangaskhan|19/100 brn|[from] ability: Rough Skin|[of] p2a: Garchomp\n|faint|p2a: Garchomp\n|-hitcount|p2: Garchomp|1\n|move|p1b: Rotom|Thunderbolt|p2b: Charizard\n|-supereffective|p2b: Charizard|1\n|-damage|p2b: Charizard|36/100\n|-status|p2b: Charizard|par\n|move|p2b: Charizard|Heat Wave|p1b: Rotom|[spread] p1a,p1b\n|-resisted|p1b: Rotom|1\n|-damage|p1a: Kangaskhan|0 fnt\n|-damage|p1b: Rotom|10/100\n|faint|p1a: Kangaskhan\n|\n|-weather|SunnyDay|[upkeep]\n|upkeep\n|turn|11\n|\n|t:|1776377395\n|move|p1b: Rotom|Thunderbolt|p2b: Charizard\n|-supereffective|p2b: Charizard|1\n|-damage|p2b: Charizard|0 fnt\n|faint|p2b: Charizard\n|\n|win|jaffari epistani\n|raw|jaffari epistani's rating: 1248 &rarr; <strong>1271</strong><br />(+23 for winning)\n|raw|Future Alice haver's rating: 1215 &rarr; <strong>1192</strong><br />(-23 for losing)\n",
  "uploadtime": 1776377398,
  "views": 33,
  "formatid": "gen9championsvgc2026regma",
  "rating": 1192,
  "private": 0,
  "password": null
}