{
  "id": "gen9championsvgc2026regma-2587167004",
  "format": "[Gen 9 Champions] VGC 2026 Reg M-A",
  "players": [
    "Wzi",
    "MigraineMan"
  ],
  "log": "|j|\u2606Wzi\n|j|\u2606MigraineMan\n|t:|1776503257\n|gametype|doubles\n|player|p1|Wzi|2|1517\n|player|p2|MigraineMan|170|1595\n|gen|9\n|tier|[Gen 9 Champions] VGC 2026 Reg M-A\n|rated|\n|rule|Species Clause: Limit one of each Pok\u00e9mon\n|rule|Item Clause: Limit 1 of each item\n|clearpoke\n|poke|p1|Banette, L50, M|\n|poke|p1|Primarina, L50, F|\n|poke|p1|Archaludon, L50, M|\n|poke|p1|Meganium, L50, F|\n|poke|p1|Gallade, L50, M|\n|poke|p1|Pelipper, L50, F|\n|poke|p2|Tyranitar, L50, F|\n|poke|p2|Excadrill, L50, M|\n|poke|p2|Pelipper, L50, F|\n|poke|p2|Dragonite, L50, M|\n|poke|p2|Lycanroc, L50, M|\n|poke|p2|Basculegion, L50, M|\n|teampreview|4\n|j| maliciousdeez\n|\n|t:|1776503309\n|teamsize|p1|4\n|teamsize|p2|4\n|start\n|switch|p1a: Banette|Banette, L50, M|100/100\n|switch|p1b: Archaludon|Archaludon, L50, M|100/100\n|switch|p2a: Dragonite|Dragonite, L50, M|100/100\n|switch|p2b: Excadrill|Excadrill, L50, M|100/100\n|-ability|p2b: Excadrill|Mold Breaker\n|turn|1\n|inactive|Battle timer is ON: inactive players will automatically lose when time's up. (requested by Wzi)\n|\n|t:|1776503337\n|detailschange|p1a: Banette|Banette-Mega, L50, M\n|-mega|p1a: Banette|Banette|Banettite\n|move|p2b: Excadrill|Earthquake|p1a: Banette|[spread] p1a,p1b\n|-immune|p2a: Dragonite\n|-supereffective|p1b: Archaludon|1\n|-damage|p1a: Banette|54/100\n|-damage|p1b: Archaludon|37/100\n|-ability|p1b: Archaludon|Stamina|boost\n|-boost|p1b: Archaludon|def|1\n|-enditem|p1b: Archaludon|Sitrus Berry|[eat]\n|-heal|p1b: Archaludon|61/100|[from] item: Sitrus Berry\n|move|p2a: Dragonite|Dragon Claw|p1a: Banette\n|-damage|p1a: Banette|5/100\n|move|p1b: Archaludon|Flash Cannon|p2a: Dragonite\n|-damage|p2a: Dragonite|50/100\n|move|p1a: Banette|Trick Room|p1a: Banette\n|-fieldstart|move: Trick Room|[of] p1a: Banette\n|\n|upkeep\n|turn|2\n|inactive|Wzi has 30 seconds left.\n|inactive|MigraineMan has 30 seconds left.\n|inactive|Wzi has 20 seconds left.\n|\n|t:|1776503374\n|switch|p1a: Pelipper|Pelipper, L50, F|100/100\n|-weather|RainDance|[from] ability: Drizzle|[of] p1a: Pelipper\n|move|p1b: Archaludon|Electro Shot||[still]\n|-prepare|p1b: Archaludon|Electro Shot\n|-boost|p1b: Archaludon|spa|1\n|-anim|p1b: Archaludon|Electro Shot|p2a: Dragonite\n|-damage|p2a: Dragonite|0 fnt\n|faint|p2a: Dragonite\n|move|p2b: Excadrill|Earthquake|p1b: Archaludon|[spread] p1b\n|-immune|p1a: Pelipper\n|-supereffective|p1b: Archaludon|1\n|-damage|p1b: Archaludon|22/100\n|-ability|p1b: Archaludon|Stamina|boost\n|-boost|p1b: Archaludon|def|1\n|\n|-weather|RainDance|[upkeep]\n|upkeep\n|\n|t:|1776503384\n|switch|p2a: Basculegion|Basculegion, L50, M|100/100\n|turn|3\n|\n|t:|1776503399\n|move|p2b: Excadrill|Protect|p2b: Excadrill\n|-singleturn|p2b: Excadrill|Protect\n|move|p2a: Basculegion|Protect|p2a: Basculegion\n|-singleturn|p2a: Basculegion|Protect\n|move|p1b: Archaludon|Electro Shot||[still]\n|-prepare|p1b: Archaludon|Electro Shot\n|-boost|p1b: Archaludon|spa|1\n|-anim|p1b: Archaludon|Electro Shot|p2a: Basculegion\n|-activate|p2a: Basculegion|move: Protect\n|move|p1a: Pelipper|Weather Ball|p2b: Excadrill\n|-activate|p2b: Excadrill|move: Protect\n|\n|-weather|RainDance|[upkeep]\n|upkeep\n|turn|4\n|j| CrazyyBoi\n|inactive|Wzi has 30 seconds left.\n|\n|t:|1776503432\n|switch|p1a: Primarina|Primarina, L50, F|100/100\n|switch|p2a: Pelipper|Pelipper, L50, F|100/100\n|move|p1b: Archaludon|Dragon Pulse|p2a: Pelipper\n|-damage|p2a: Pelipper|0 fnt\n|faint|p2a: Pelipper\n|move|p2b: Excadrill|High Horsepower|p1b: Archaludon\n|-supereffective|p1b: Archaludon|1\n|-damage|p1b: Archaludon|0 fnt\n|faint|p1b: Archaludon\n|\n|-weather|RainDance|[upkeep]\n|upkeep\n|inactive|Wzi has 30 seconds left.\n|\n|t:|1776503460\n|switch|p1b: Pelipper|Pelipper, L50, F|100/100\n|switch|p2a: Basculegion|Basculegion, L50, M|100/100\n|turn|5\n|\n|t:|1776503472\n|move|p2b: Excadrill|Protect|p2b: Excadrill\n|-singleturn|p2b: Excadrill|Protect\n|move|p1a: Primarina|Hyper Voice|p2b: Excadrill|[spread] p2a\n|-activate|p2b: Excadrill|move: Protect\n|-resisted|p2a: Basculegion|1\n|-damage|p2a: Basculegion|70/100\n|move|p1b: Pelipper|Tailwind|p1b: Pelipper\n|-sidestart|p1: Wzi|move: Tailwind\n|move|p2a: Basculegion|Last Respects|p1a: Primarina\n|-damage|p1a: Primarina|14/100\n|\n|-weather|RainDance|[upkeep]\n|-fieldend|move: Trick Room\n|upkeep\n|turn|6\n|-activate|p1a: Primarina|item: Quick Claw\n|\n|t:|1776503492\n|move|p1a: Primarina|Protect|p1a: Primarina\n|-singleturn|p1a: Primarina|Protect\n|move|p2b: Excadrill|Protect|p2b: Excadrill\n|-singleturn|p2b: Excadrill|Protect\n|move|p2a: Basculegion|Last Respects|p1b: Pelipper\n|-enditem|p1b: Pelipper|Focus Sash\n|-damage|p1b: Pelipper|1/100\n|move|p1b: Pelipper|Weather Ball|p2b: Excadrill\n|-activate|p2b: Excadrill|move: Protect\n|\n|-weather|none\n|upkeep\n|turn|7\n|\n|t:|1776503516\n|move|p2a: Basculegion|Aqua Jet|p1a: Primarina\n|-resisted|p1a: Primarina|1\n|-damage|p1a: Primarina|0 fnt\n|faint|p1a: Primarina\n|move|p1b: Pelipper|Hurricane|p2a: Basculegion\n|-damage|p2a: Basculegion|10/100\n|-start|p2a: Basculegion|confusion\n|move|p2b: Excadrill|Iron Head|p1b: Pelipper\n|-resisted|p1b: Pelipper|1\n|-damage|p1b: Pelipper|0 fnt\n|faint|p1b: Pelipper\n|\n|upkeep\n|-message|Wzi forfeited.\n|\n|win|MigraineMan\n|raw|Wzi's rating: 1517 &rarr; <strong>1501</strong><br />(-16 for losing)\n|raw|MigraineMan's rating: 1595 &rarr; <strong>1611</strong><br />(+16 for winning)\n|l|\u2606Wzi\n|player|p1|\n|l| CrazyyBoi\n|l|\u2606MigraineMan\n|player|p2|\n",
  "uploadtime": 1776503531,
  "views": 51,
  "formatid": "gen9championsvgc2026regma",
  "rating": 1501,
  "private": 0,
  "password": null
}