{
  "id": "gen9championsvgc2026regma-2587901659",
  "format": "[Gen 9 Champions] VGC 2026 Reg M-A",
  "players": [
    "ULIBOX",
    "John pokepaste"
  ],
  "log": "|j|\u2606ULIBOX\n|j|\u2606John pokepaste\n|t:|1776576650\n|gametype|doubles\n|player|p1|ULIBOX|flint|1100\n|player|p2|John pokepaste|fisherman|1189\n|gen|9\n|tier|[Gen 9 Champions] VGC 2026 Reg M-A\n|rated|\n|rule|Species Clause: Limit one of each Pok\u00e9mon\n|rule|Item Clause: Limit 1 of each item\n|clearpoke\n|poke|p1|Pelipper, L50, F|\n|poke|p1|Archaludon, L50, M|\n|poke|p1|Sinistcha, L50, shiny|\n|poke|p1|Incineroar, L50, M, shiny|\n|poke|p1|Floette-Eternal, L50, F|\n|poke|p1|Kingambit, L50, F, shiny|\n|poke|p2|Snorlax, L50, M|\n|poke|p2|Gengar, L50, M|\n|poke|p2|Sneasler, L50, M|\n|poke|p2|Sinistcha, L50|\n|poke|p2|Kingambit, L50, F|\n|poke|p2|Garchomp, L50, M|\n|teampreview|4\n|\n|t:|1776576686\n|teamsize|p1|4\n|teamsize|p2|4\n|start\n|switch|p1a: Pelicaneando|Pelipper, L50, F|100/100\n|switch|p1b: Golden gate|Archaludon, L50, M|100/100\n|switch|p2a: Gengar|Gengar, L50, M|100/100\n|switch|p2b: Sneasler|Sneasler, L50, M|100/100\n|-weather|RainDance|[from] ability: Drizzle|[of] p1a: Pelicaneando\n|turn|1\n|\n|t:|1776576733\n|detailschange|p2a: Gengar|Gengar-Mega, L50, M\n|-mega|p2a: Gengar|Gengar|Gengarite\n|move|p1b: Golden gate|Protect|p1b: Golden gate\n|-singleturn|p1b: Golden gate|Protect\n|move|p2b: Sneasler|Fake Out|p1b: Golden gate\n|-activate|p1b: Golden gate|move: Protect\n|move|p2a: Gengar|Substitute|p2a: Gengar\n|-start|p2a: Gengar|Substitute\n|-damage|p2a: Gengar|76/100\n|move|p1a: Pelicaneando|Tailwind|p1a: Pelicaneando\n|-sidestart|p1: ULIBOX|move: Tailwind\n|\n|-weather|RainDance|[upkeep]\n|upkeep\n|turn|2\n|\n|t:|1776576752\n|switch|p2b: Snorlax|Snorlax, L50, M|100/100\n|move|p2a: Gengar|Protect|p2a: Gengar\n|-singleturn|p2a: Gengar|Protect\n|move|p1b: Golden gate|Electro Shot||[still]\n|-prepare|p1b: Golden gate|Electro Shot\n|-boost|p1b: Golden gate|spa|1\n|-anim|p1b: Golden gate|Electro Shot|p2a: Gengar\n|-activate|p2a: Gengar|move: Protect\n|move|p1a: Pelicaneando|Hurricane|p2b: Snorlax\n|-damage|p2b: Snorlax|74/100\n|\n|-weather|RainDance|[upkeep]\n|-heal|p2b: Snorlax|80/100|[from] item: Leftovers\n|upkeep\n|turn|3\n|l|\u2606ULIBOX\n|player|p1|\n|j|\u2606ULIBOX\n|player|p1|ULIBOX|flint|\n|\n|t:|1776576810\n|move|p1b: Golden gate|Electro Shot||[still]\n|-prepare|p1b: Golden gate|Electro Shot\n|-boost|p1b: Golden gate|spa|1\n|-anim|p1b: Golden gate|Electro Shot|p2a: Gengar\n|-end|p2a: Gengar|Substitute\n|move|p2a: Gengar|Shadow Ball|p1a: Pelicaneando\n|-crit|p1a: Pelicaneando\n|-damage|p1a: Pelicaneando|2/100\n|-enditem|p1a: Pelicaneando|Sitrus Berry|[eat]\n|-heal|p1a: Pelicaneando|26/100|[from] item: Sitrus Berry\n|move|p1a: Pelicaneando|Hurricane|p2b: Snorlax\n|-damage|p2b: Snorlax|51/100\n|-start|p2b: Snorlax|confusion\n|-activate|p2b: Snorlax|confusion\n|-damage|p2b: Snorlax|44/100|[from] confusion\n|\n|-weather|RainDance|[upkeep]\n|-heal|p2b: Snorlax|50/100|[from] item: Leftovers\n|upkeep\n|turn|4\n|\n|t:|1776576848\n|switch|p2b: Garchomp|Garchomp, L50, M|100/100\n|move|p2a: Gengar|Protect|p2a: Gengar\n|-singleturn|p2a: Gengar|Protect\n|move|p1b: Golden gate|Electro Shot||[still]\n|-prepare|p1b: Golden gate|Electro Shot\n|-boost|p1b: Golden gate|spa|1\n|-anim|p1b: Golden gate|Electro Shot|p2b: Garchomp\n|-immune|p2b: Garchomp\n|move|p1a: Pelicaneando|Weather Ball|p2a: Gengar\n|-activate|p2a: Gengar|move: Protect\n|\n|-weather|RainDance|[upkeep]\n|-sideend|p1: ULIBOX|move: Tailwind\n|upkeep\n|turn|5\n|\n|t:|1776576868\n|move|p2a: Gengar|Shadow Ball|p1b: Golden gate\n|-damage|p1b: Golden gate|21/100\n|-ability|p1b: Golden gate|Stamina|boost\n|-boost|p1b: Golden gate|def|1\n|move|p2b: Garchomp|Rock Slide|p1a: Pelicaneando|[spread] p1a,p1b\n|-supereffective|p1a: Pelicaneando|1\n|-resisted|p1b: Golden gate|1\n|-damage|p1a: Pelicaneando|0 fnt\n|-damage|p1b: Golden gate|16/100\n|-ability|p1b: Golden gate|Stamina|boost\n|-boost|p1b: Golden gate|def|1\n|faint|p1a: Pelicaneando\n|cant|p1b: Golden gate|flinch\n|\n|-weather|none\n|upkeep\n|\n|t:|1776576881\n|switch|p1a: Chip|Sinistcha, L50, shiny|100/100\n|-heal|p1b: Golden gate|41/100|[from] ability: Hospitality|[of] p1a: Chip\n|turn|6\n|\n|t:|1776576900\n|move|p2a: Gengar|Shadow Ball|p1b: Golden gate\n|-damage|p1b: Golden gate|0 fnt\n|faint|p1b: Golden gate\n|move|p2b: Garchomp|Dragon Claw|p1a: Chip\n|-crit|p1a: Chip\n|-damage|p1a: Chip|40/100\n|move|p1a: Chip|Matcha Gotcha|p2b: Garchomp|[spread] p2a,p2b\n|-resisted|p2a: Gengar|1\n|-damage|p2a: Gengar|56/100\n|-heal|p1a: Chip|50/100|[from] drain|[of] p2a: Gengar\n|-damage|p2b: Garchomp|69/100\n|-heal|p1a: Chip|68/100|[from] drain|[of] p2b: Garchomp\n|\n|-heal|p1a: Chip|74/100|[from] item: Leftovers\n|upkeep\n|\n|t:|1776576948\n|switch|p1b: Flor de wacha|Floette-Eternal, L50, F|100/100\n|turn|7\n|\n|t:|1776576967\n|switch|p2b: Snorlax|Snorlax, L50, M|50/100\n|detailschange|p1b: Flor de wacha|Floette-Mega, L50, F\n|-mega|p1b: Flor de wacha|Floette|Floettite\n|-ability|p1b: Flor de wacha|Fairy Aura\n|move|p2a: Gengar|Protect|p2a: Gengar\n|-singleturn|p2a: Gengar|Protect\n|move|p1b: Flor de wacha|Protect|p1b: Flor de wacha\n|-singleturn|p1b: Flor de wacha|Protect\n|move|p1a: Chip|Shadow Ball|p2a: Gengar\n|-activate|p2a: Gengar|move: Protect\n|\n|-heal|p1a: Chip|80/100|[from] item: Leftovers\n|-heal|p2b: Snorlax|56/100|[from] item: Leftovers\n|upkeep\n|turn|8\n|\n|t:|1776576982\n|move|p2a: Gengar|Shadow Ball|p1a: Chip\n|-supereffective|p1a: Chip|1\n|-damage|p1a: Chip|0 fnt\n|faint|p1a: Chip\n|move|p1b: Flor de wacha|Calm Mind|p1b: Flor de wacha\n|-boost|p1b: Flor de wacha|spa|1\n|-boost|p1b: Flor de wacha|spd|1\n|move|p2b: Snorlax|Yawn|p1b: Flor de wacha\n|-start|p1b: Flor de wacha|move: Yawn|[of] p2b: Snorlax\n|\n|-heal|p2b: Snorlax|62/100|[from] item: Leftovers\n|upkeep\n|turn|9\n|-message|ULIBOX forfeited.\n|\n|win|John pokepaste\n|raw|ULIBOX's rating: 1100 &rarr; <strong>1081</strong><br />(-19 for losing)\n|raw|John pokepaste's rating: 1189 &rarr; <strong>1208</strong><br />(+19 for winning)\n|l|\u2606ULIBOX\n|player|p1|\n",
  "uploadtime": 1776577178,
  "views": 18,
  "formatid": "gen9championsvgc2026regma",
  "rating": 1081,
  "private": 0,
  "password": null
}