{
  "id": "gen9championsvgc2026regma-2586091330",
  "format": "[Gen 9 Champions] VGC 2026 Reg M-A",
  "players": [
    "ArchangelJuicy",
    "LesbianMawile"
  ],
  "log": "|j|\u2606ArchangelJuicy\n|j|\u2606LesbianMawile\n|t:|1776398010\n|gametype|doubles\n|player|p1|ArchangelJuicy|265|1115\n|player|p2|LesbianMawile|rika|1191\n|gen|9\n|tier|[Gen 9 Champions] VGC 2026 Reg M-A\n|rated|\n|rule|Species Clause: Limit one of each Pok\u00e9mon\n|rule|Item Clause: Limit 1 of each item\n|clearpoke\n|poke|p1|Heracross, L50, F|\n|poke|p1|Aerodactyl, L50, F|\n|poke|p1|Incineroar, L50, F|\n|poke|p1|Empoleon, L50, M|\n|poke|p1|Tsareena, L50, F|\n|poke|p1|Sylveon, L50, M|\n|poke|p2|Crabominable, L50, F|\n|poke|p2|Tinkaton, L50, F|\n|poke|p2|Slowking, L50, F|\n|poke|p2|Farigiraf, L50, F|\n|poke|p2|Arcanine-Hisui, L50, F|\n|poke|p2|Sinistcha, L50|\n|teampreview|4\n|\n|t:|1776398050\n|teamsize|p1|4\n|teamsize|p2|4\n|start\n|switch|p1a: Tsareena|Tsareena, L50, F|100/100\n|switch|p1b: Heracross|Heracross, L50, F|100/100\n|switch|p2a: Tinkaton|Tinkaton, L50, F|100/100\n|switch|p2b: Slowking|Slowking, L50, F|100/100\n|turn|1\n|\n|t:|1776398066\n|detailschange|p1b: Heracross|Heracross-Mega, L50, F\n|-mega|p1b: Heracross|Heracross|Heracronite\n|move|p1b: Heracross|Pin Missile|p2b: Slowking\n|-supereffective|p2b: Slowking|1\n|-damage|p2b: Slowking|76/100\n|-supereffective|p2b: Slowking|1\n|-damage|p2b: Slowking|51/100\n|-supereffective|p2b: Slowking|1\n|-damage|p2b: Slowking|24/100\n|-supereffective|p2b: Slowking|1\n|-damage|p2b: Slowking|0 fnt\n|faint|p2b: Slowking\n|-hitcount|p2: Slowking|4\n|move|p1a: Tsareena|Knock Off|p2a: Tinkaton\n|-resisted|p2a: Tinkaton|1\n|-damage|p2a: Tinkaton|87/100\n|-enditem|p2a: Tinkaton|Metal Coat|[from] move: Knock Off|[of] p1a: Tsareena\n|move|p2a: Tinkaton|Gigaton Hammer|p1a: Tsareena\n|-damage|p1a: Tsareena|40/100\n|\n|upkeep\n|\n|t:|1776398072\n|switch|p2b: Arcanine|Arcanine-Hisui, L50, F|100/100\n|-ability|p2b: Arcanine|Intimidate|boost\n|-unboost|p1a: Tsareena|atk|1\n|-unboost|p1b: Heracross|atk|1\n|turn|2\n|\n|t:|1776398098\n|switch|p1a: Empoleon|Empoleon, L50, M|100/100\n|move|p1b: Heracross|Close Combat|p2b: Arcanine\n|-supereffective|p2b: Arcanine|1\n|-damage|p2b: Arcanine|2/100\n|-unboost|p1b: Heracross|def|1\n|-unboost|p1b: Heracross|spd|1\n|move|p2b: Arcanine|Will-O-Wisp|p1a: Empoleon\n|-status|p1a: Empoleon|brn\n|move|p2a: Tinkaton|Play Rough|p1b: Heracross\n|-supereffective|p1b: Heracross|1\n|-damage|p1b: Heracross|0 fnt\n|faint|p1b: Heracross\n|\n|-damage|p1a: Empoleon|94/100 brn|[from] brn\n|upkeep\n|\n|t:|1776398113\n|switch|p1b: Sylveon|Sylveon, L50, M|100/100\n|turn|3\n|\n|t:|1776398130\n|move|p2b: Arcanine|Protect|p2b: Arcanine\n|-singleturn|p2b: Arcanine|Protect\n|move|p1b: Sylveon|Hyper Voice|p2a: Tinkaton|[spread] p2a\n|-activate|p2b: Arcanine|move: Protect\n|-resisted|p2a: Tinkaton|1\n|-damage|p2a: Tinkaton|67/100\n|move|p2a: Tinkaton|Gigaton Hammer|p1b: Sylveon\n|-supereffective|p1b: Sylveon|1\n|-damage|p1b: Sylveon|0 fnt\n|faint|p1b: Sylveon\n|move|p1a: Empoleon|Hydro Pump|p2a: Tinkaton\n|-damage|p2a: Tinkaton|21/100\n|\n|-damage|p1a: Empoleon|88/100 brn|[from] brn\n|upkeep\n|\n|t:|1776398143\n|switch|p1b: Tsareena|Tsareena, L50, F|40/100\n|turn|4\n|\n|t:|1776398166\n|move|p1b: Tsareena|Trop Kick|p2a: Tinkaton\n|-resisted|p2a: Tinkaton|1\n|-damage|p2a: Tinkaton|4/100\n|-unboost|p2a: Tinkaton|atk|1\n|move|p2b: Arcanine|Flare Blitz|p1b: Tsareena\n|-supereffective|p1b: Tsareena|1\n|-crit|p1b: Tsareena\n|-enditem|p1b: Tsareena|Occa Berry|[eat]\n|-enditem|p1b: Tsareena|Occa Berry|[weaken]\n|-damage|p1b: Tsareena|0 fnt\n|faint|p1b: Tsareena\n|-damage|p2b: Arcanine|0 fnt|[from] Recoil\n|faint|p2b: Arcanine\n|move|p2a: Tinkaton|Play Rough|p1a: Empoleon\n|-resisted|p1a: Empoleon|1\n|-damage|p1a: Empoleon|77/100 brn\n|move|p1a: Empoleon|Ice Beam|p2a: Tinkaton\n|-resisted|p2a: Tinkaton|1\n|-damage|p2a: Tinkaton|0 fnt\n|faint|p2a: Tinkaton\n|\n|-damage|p1a: Empoleon|71/100 brn|[from] brn\n|upkeep\n|\n|t:|1776398186\n|switch|p2b: Crabominable|Crabominable, L50, F, shiny|100/100\n|turn|5\n|\n|t:|1776398192\n|detailschange|p2b: Crabominable|Crabominable-Mega, L50, F, shiny\n|-mega|p2b: Crabominable|Crabominable|Crabominite\n|move|p2b: Crabominable|Mach Punch|p1a: Empoleon\n|-supereffective|p1a: Empoleon|1\n|-enditem|p1a: Empoleon|Chople Berry|[eat]\n|-enditem|p1a: Empoleon|Chople Berry|[weaken]\n|-damage|p1a: Empoleon|39/100 brn\n|move|p1a: Empoleon|Steel Beam|p2b: Crabominable\n|-supereffective|p2b: Crabominable|1\n|-damage|p2b: Crabominable|0 fnt\n|-damage|p1a: Empoleon|0 fnt|[from] steelbeam\n|faint|p1a: Empoleon\n|faint|p2b: Crabominable\n|\n|win|LesbianMawile\n|raw|ArchangelJuicy's rating: 1115 &rarr; <strong>1095</strong><br />(-20 for losing)\n|raw|LesbianMawile's rating: 1191 &rarr; <strong>1211</strong><br />(+20 for winning)\n|c|\u2606LesbianMawile|HA\n|c|\u2606ArchangelJuicy|wow\n",
  "uploadtime": 1776398230,
  "views": 20,
  "formatid": "gen9championsvgc2026regma",
  "rating": 1095,
  "private": 0,
  "password": null
}