{
  "id": "gen9championsvgc2026regma-2582385102",
  "format": "[Gen 9 Champions] VGC 2026 Reg M-A",
  "players": [
    "metalcif gamer",
    "olho do corvo"
  ],
  "log": "|j|\u2606metalcif gamer\n|j|\u2606olho do corvo\n|t:|1776088133\n|gametype|doubles\n|player|p1|metalcif gamer|steven|1162\n|player|p2|olho do corvo|1|1063\n|gen|9\n|tier|[Gen 9 Champions] VGC 2026 Reg M-A\n|rated|\n|rule|Species Clause: Limit one of each Pok\u00e9mon\n|rule|Item Clause: Limit 1 of each item\n|clearpoke\n|poke|p1|Aerodactyl, L50, M|\n|poke|p1|Garchomp, L50, F|\n|poke|p1|Orthworm, L50, F|\n|poke|p1|Delphox, L50, F|\n|poke|p1|Tyranitar, L50, M|\n|poke|p1|Rotom-Wash, L50|\n|poke|p2|Greninja-*, L50, F|\n|poke|p2|Ninetales-Alola, L50, M|\n|poke|p2|Sneasler, L50, M|\n|poke|p2|Oranguru, L50, F|\n|poke|p2|Kingambit, L50, F|\n|poke|p2|Arcanine-Hisui, L50, M|\n|teampreview|4\n|l|\u2606olho do corvo\n|player|p2|\n|\n|t:|1776088170\n|teamsize|p1|4\n|teamsize|p2|4\n|start\n|switch|p1a: Garchomp|Garchomp, L50, F|100/100\n|switch|p1b: Orthworm|Orthworm, L50, F|100/100\n|switch|p2a: Kingambit|Kingambit, L50, F, shiny|100/100\n|switch|p2b: Sneasler|Sneasler, L50, M|100/100\n|turn|1\n|j|\u2606olho do corvo\n|player|p2|olho do corvo|1|\n|\n|t:|1776088222\n|move|p2a: Kingambit|Sucker Punch|p1a: Garchomp\n|-damage|p1a: Garchomp|53/100\n|move|p1a: Garchomp|Earthquake|p2a: Kingambit|[spread] p2a,p2b\n|-immune|p1b: Orthworm|[from] ability: Earth Eater\n|-supereffective|p2a: Kingambit|1\n|-supereffective|p2b: Sneasler|1\n|-damage|p2a: Kingambit|43/100\n|-enditem|p2b: Sneasler|Focus Sash\n|-damage|p2b: Sneasler|1/100\n|move|p2b: Sneasler|Close Combat|p1b: Orthworm\n|-supereffective|p1b: Orthworm|1\n|-damage|p1b: Orthworm|25/100\n|-unboost|p2b: Sneasler|def|1\n|-unboost|p2b: Sneasler|spd|1\n|-enditem|p1b: Orthworm|Sitrus Berry|[eat]\n|-heal|p1b: Orthworm|50/100|[from] item: Sitrus Berry\n|move|p1b: Orthworm|Shed Tail|p1b: Orthworm\n|-fail|p1b: Orthworm|move: Shed Tail|[weak]\n|\n|upkeep\n|turn|2\n|\n|t:|1776088255\n|move|p2a: Kingambit|Sucker Punch|p1a: Garchomp\n|-damage|p1a: Garchomp|4/100\n|move|p2b: Sneasler|Close Combat|p1b: Orthworm\n|-supereffective|p1b: Orthworm|1\n|-damage|p1b: Orthworm|0 fnt\n|-unboost|p2b: Sneasler|def|1\n|-unboost|p2b: Sneasler|spd|1\n|faint|p1b: Orthworm\n|move|p1a: Garchomp|Earthquake|p2a: Kingambit|[spread] p2a,p2b\n|-supereffective|p2a: Kingambit|1\n|-supereffective|p2b: Sneasler|1\n|-damage|p2a: Kingambit|0 fnt\n|-damage|p2b: Sneasler|0 fnt\n|faint|p2a: Kingambit\n|faint|p2b: Sneasler\n|\n|upkeep\n|\n|t:|1776088270\n|switch|p2b: Ninetales|Ninetales-Alola, L50, M, shiny|100/100\n|switch|p1b: Delphox|Delphox, L50, F|100/100\n|switch|p2a: Greninja|Greninja, L50, F|100/100\n|-weather|Snowscape|[from] ability: Snow Warning|[of] p2b: Ninetales\n|turn|3\n|\n|t:|1776088290\n|detailschange|p2a: Greninja|Greninja-Mega, L50, F\n|-mega|p2a: Greninja|Greninja|Greninjite\n|detailschange|p1b: Delphox|Delphox-Mega, L50, F\n|-mega|p1b: Delphox|Delphox|Delphoxite\n|move|p1a: Garchomp|Earthquake|p2a: Greninja|[spread] p2a,p2b\n|-immune|p1b: Delphox|[from] ability: Levitate\n|-damage|p2a: Greninja|46/100\n|-damage|p2b: Ninetales|72/100\n|move|p2a: Greninja|Hydro Pump|p1b: Delphox\n|-start|p2a: Greninja|typechange|Water|[from] ability: Protean\n|-supereffective|p1b: Delphox|1\n|-damage|p1b: Delphox|0 fnt\n|faint|p1b: Delphox\n|move|p2b: Ninetales|Blizzard|p1a: Garchomp\n|-supereffective|p1a: Garchomp|2\n|-damage|p1a: Garchomp|0 fnt\n|faint|p1a: Garchomp\n|\n|-weather|Snowscape|[upkeep]\n|upkeep\n|\n|t:|1776088297\n|switch|p1b: Rotom|Rotom-Wash, L50|100/100\n|turn|4\n|\n|t:|1776088314\n|move|p2a: Greninja|Protect|p2a: Greninja\n|-singleturn|p2a: Greninja|Protect\n|move|p2b: Ninetales|Dazzling Gleam|p1b: Rotom\n|-damage|p1b: Rotom|72/100\n|move|p1b: Rotom|Volt Switch|p2a: Greninja\n|-activate|p2a: Greninja|move: Protect\n|\n|-weather|Snowscape|[upkeep]\n|-heal|p1b: Rotom|78/100|[from] item: Leftovers\n|upkeep\n|turn|5\n|\n|t:|1776088328\n|move|p1b: Rotom|Protect|p1b: Rotom\n|-singleturn|p1b: Rotom|Protect\n|move|p2a: Greninja|Dark Pulse|p1b: Rotom\n|-activate|p1b: Rotom|move: Protect\n|move|p2b: Ninetales|Dazzling Gleam|p1b: Rotom\n|-activate|p1b: Rotom|move: Protect\n|\n|-weather|Snowscape|[upkeep]\n|-heal|p1b: Rotom|83/100|[from] item: Leftovers\n|upkeep\n|turn|6\n|\n|t:|1776088341\n|move|p2a: Greninja|Protect|p2a: Greninja\n|-singleturn|p2a: Greninja|Protect\n|move|p2b: Ninetales|Dazzling Gleam|p1b: Rotom\n|-damage|p1b: Rotom|55/100\n|move|p1b: Rotom|Hydro Pump|p2b: Ninetales\n|-damage|p2b: Ninetales|33/100\n|\n|-weather|Snowscape|[upkeep]\n|-heal|p1b: Rotom|60/100|[from] item: Leftovers\n|upkeep\n|turn|7\n|\n|t:|1776088355\n|move|p2a: Greninja|Dark Pulse|p1b: Rotom\n|-damage|p1b: Rotom|35/100\n|move|p2b: Ninetales|Nasty Plot|p2b: Ninetales\n|-boost|p2b: Ninetales|spa|2\n|move|p1b: Rotom|Volt Switch|p2a: Greninja\n|-supereffective|p2a: Greninja|1\n|-damage|p2a: Greninja|0 fnt\n|faint|p2a: Greninja\n|\n|-weather|none\n|-heal|p1b: Rotom|41/100|[from] item: Leftovers\n|upkeep\n|turn|8\n|\n|t:|1776088370\n|move|p1b: Rotom|Protect|p1b: Rotom\n|-singleturn|p1b: Rotom|Protect\n|move|p2b: Ninetales|Dazzling Gleam|p1b: Rotom\n|-activate|p1b: Rotom|move: Protect\n|\n|-heal|p1b: Rotom|46/100|[from] item: Leftovers\n|upkeep\n|turn|9\n|\n|t:|1776088378\n|move|p1b: Rotom|Protect|p1b: Rotom\n|-singleturn|p1b: Rotom|Protect\n|move|p2b: Ninetales|Dazzling Gleam|p1b: Rotom\n|-activate|p1b: Rotom|move: Protect\n|\n|-heal|p1b: Rotom|52/100|[from] item: Leftovers\n|upkeep\n|turn|10\n|\n|t:|1776088387\n|move|p2b: Ninetales|Dazzling Gleam|p1b: Rotom\n|-damage|p1b: Rotom|2/100\n|move|p1b: Rotom|Hydro Pump|p2b: Ninetales\n|-damage|p2b: Ninetales|0 fnt\n|faint|p2b: Ninetales\n|\n|win|metalcif gamer\n|raw|metalcif gamer's rating: 1162 &rarr; <strong>1180</strong><br />(+18 for winning)\n|raw|olho do corvo's rating: 1063 &rarr; <strong>1049</strong><br />(-14 for losing)\n",
  "uploadtime": 1776088390,
  "views": 22,
  "formatid": "gen9championsvgc2026regma",
  "rating": 1049,
  "private": 0,
  "password": null
}