{
  "id": "gen9championsvgc2026regma-2581374917",
  "format": "[Gen 9 Champions] VGC 2026 Reg M-A",
  "players": [
    "sidlol",
    "Ozempic Glorp"
  ],
  "log": "|j|\u2606sidlol\n|j|\u2606Ozempic Glorp\n|t:|1775993413\n|gametype|doubles\n|player|p1|sidlol|102|1000\n|player|p2|Ozempic Glorp|hilda-wonderlauncher|1101\n|gen|9\n|tier|[Gen 9 Champions] VGC 2026 Reg M-A\n|rated|\n|rule|Species Clause: Limit one of each Pok\u00e9mon\n|rule|Item Clause: Limit 1 of each item\n|clearpoke\n|poke|p1|Charizard, L50, F|\n|poke|p1|Venusaur, L50, M|\n|poke|p1|Garchomp, L50, F|\n|poke|p1|Rotom-Wash, L50|\n|poke|p1|Sneasler, L50, F|\n|poke|p1|Incineroar, L50, F|\n|poke|p2|Venusaur, L50, M|\n|poke|p2|Incineroar, L50, M|\n|poke|p2|Garchomp, L50, F|\n|poke|p2|Charizard, L50, M|\n|poke|p2|Sneasler, L50, F|\n|poke|p2|Rotom-Wash, L50|\n|teampreview|4\n|inactive|Battle timer is ON: inactive players will automatically lose when time's up. (requested by Ozempic Glorp)\n|c|\u2606Ozempic Glorp|hmmm\nsidlol has agreed to open team sheets.\nOzempic Glorp has agreed to open team sheets.\n|showteam|p1|Charizard||CharizarditeY|SolarPower|HeatWave,SolarBeam,WeatherBall,Protect|||F|||50|]Venusaur||FocusSash|Chlorophyll|SleepPowder,LeafStorm,SludgeBomb,Protect|||M|||50|]Garchomp||ChoiceScarf|RoughSkin|RockSlide,DragonClaw,Earthquake,Bulldoze|||F|||50|]Rotom-Wash||Leftovers|Levitate|HydroPump,Thunderbolt,WillOWisp,Protect||||||50|]Sneasler||WhiteHerb|Unburden|DireClaw,CloseCombat,RockTomb,FakeOut|||F|||50|]Incineroar||SitrusBerry|Intimidate|DarkestLariat,FlareBlitz,FakeOut,PartingShot|||F|||50|\n|showteam|p2|Venusaur||FocusSash|Chlorophyll|SleepPowder,LeafStorm,SludgeBomb,Protect|||M|||50|]Incineroar||SitrusBerry|Intimidate|FakeOut,PartingShot,FlareBlitz,ThroatChop|||M|||50|]Garchomp||ChoiceScarf|RoughSkin|Bulldoze,RockSlide,Earthquake,DragonClaw|||F|||50|]Charizard||CharizarditeY|Blaze|HeatWave,SolarBeam,WeatherBall,Protect|||M|||50|]Sneasler||WhiteHerb|Unburden|CloseCombat,DireClaw,RockSlide,Protect|||F|||50|]Rotom-Wash||Leftovers|Levitate|HydroPump,Thunderbolt,WillOWisp,Protect||||||50|\n|inactive|sidlol has 60 seconds left.\n|inactive|Ozempic Glorp has 60 seconds left.\n|inactive|Ozempic Glorp has 30 seconds left.\n|\n|t:|1775993475\n|teamsize|p1|4\n|teamsize|p2|4\n|start\n|switch|p1a: Garchomp|Garchomp, L50, F|100/100\n|switch|p1b: Incineroar|Incineroar, L50, F|100/100\n|switch|p2a: Sneezler|Sneasler, L50, F|100/100\n|switch|p2b: Peak|Garchomp, L50, F, shiny|100/100\n|-ability|p1b: Incineroar|Intimidate|boost\n|-unboost|p2a: Sneezler|atk|1\n|-unboost|p2b: Peak|atk|1\n|-enditem|p2a: Sneezler|White Herb\n|-clearnegativeboost|p2a: Sneezler|[silent]\n|turn|1\n|inactive|Ozempic Glorp has 30 seconds left.\n|inactive|sidlol has 30 seconds left.\n|inactive|Ozempic Glorp has 20 seconds left.\n|inactive|Ozempic Glorp has 15 seconds left.\n|inactive|Ozempic Glorp has 10 seconds left.\n|inactive|Ozempic Glorp has 5 seconds left.\n|\n|t:|1775993525\n|move|p2a: Sneezler|Protect|p2a: Sneezler\n|-singleturn|p2a: Sneezler|Protect\n|move|p1b: Incineroar|Fake Out|p2a: Sneezler\n|-activate|p2a: Sneezler|move: Protect\n|move|p1a: Garchomp|Dragon Claw|p2b: Peak\n|-supereffective|p2b: Peak|1\n|-damage|p2b: Peak|8/100\n|-damage|p1a: Garchomp|88/100|[from] ability: Rough Skin|[of] p2b: Peak\n|move|p2b: Peak|Earthquake|p1a: Garchomp|[spread] p1a,p1b\n|-activate|p2a: Sneezler|move: Protect\n|-supereffective|p1b: Incineroar|1\n|-damage|p1a: Garchomp|59/100\n|-damage|p1b: Incineroar|44/100\n|-enditem|p1b: Incineroar|Sitrus Berry|[eat]\n|-heal|p1b: Incineroar|69/100|[from] item: Sitrus Berry\n|\n|upkeep\n|turn|2\n|\n|t:|1775993548\n|switch|p2b: Toad|Venusaur, L50, M|100/100\n|move|p2a: Sneezler|Close Combat|p1b: Incineroar\n|-supereffective|p1b: Incineroar|1\n|-damage|p1b: Incineroar|0 fnt\n|-unboost|p2a: Sneezler|def|1\n|-unboost|p2a: Sneezler|spd|1\n|faint|p1b: Incineroar\n|move|p1a: Garchomp|Dragon Claw|p2b: Toad\n|-damage|p2b: Toad|40/100\n|\n|upkeep\n|\n|t:|1775993561\n|switch|p1b: Charizard|Charizard, L50, F|100/100\n|turn|3\n|\n|t:|1775993580\n|detailschange|p1b: Charizard|Charizard-Mega-Y, L50, F\n|-mega|p1b: Charizard|Charizard|Charizardite Y\n|-weather|SunnyDay|[from] ability: Drought|[of] p1b: Charizard\n|move|p2a: Sneezler|Rock Slide|p1b: Charizard|[spread] p1a,p1b\n|-resisted|p1a: Garchomp|1\n|-supereffective|p1b: Charizard|2\n|-damage|p1a: Garchomp|47/100\n|-damage|p1b: Charizard|0 fnt\n|faint|p1b: Charizard\n|move|p2b: Toad|Sleep Powder|p1a: Garchomp\n|-status|p1a: Garchomp|slp|[from] move: Sleep Powder\n|cant|p1a: Garchomp|slp\n|\n|-weather|SunnyDay|[upkeep]\n|upkeep\n|\n|t:|1775993592\n|switch|p1b: Venusaur|Venusaur, L50, M|100/100\n|turn|4\n|inactive|Ozempic Glorp has 30 seconds left.\n|\n|t:|1775993619\n|switch|p2a: John Pokemon|Charizard, L50, M|100/100\n|move|p2b: Toad|Sludge Bomb|p1a: Garchomp\n|-resisted|p1a: Garchomp|1\n|-damage|p1a: Garchomp|22/100 slp\n|move|p1b: Venusaur|Sleep Powder|p2a: John Pokemon|[miss]\n|-miss|p1b: Venusaur|p2a: John Pokemon\n|cant|p1a: Garchomp|slp\n|\n|-weather|SunnyDay|[upkeep]\n|upkeep\n|turn|5\n|\n|t:|1775993634\n|detailschange|p2a: John Pokemon|Charizard-Mega-Y, L50, M\n|-mega|p2a: John Pokemon|Charizard|Charizardite Y\n|move|p2b: Toad|Sludge Bomb|p1a: Garchomp\n|-resisted|p1a: Garchomp|1\n|-damage|p1a: Garchomp|0 fnt\n|faint|p1a: Garchomp\n|move|p1b: Venusaur|Sludge Bomb|p2a: John Pokemon\n|-damage|p2a: John Pokemon|54/100\n|-status|p2a: John Pokemon|psn\n|move|p2a: John Pokemon|Heat Wave|p1b: Venusaur\n|-supereffective|p1b: Venusaur|1\n|-enditem|p1b: Venusaur|Focus Sash\n|-damage|p1b: Venusaur|1/100\n|\n|-weather|SunnyDay|[upkeep]\n|-damage|p2a: John Pokemon|41/100 psn|[from] psn\n|upkeep\n|turn|6\n|\n|t:|1775993651\n|move|p1b: Venusaur|Protect|p1b: Venusaur\n|-singleturn|p1b: Venusaur|Protect\n|move|p2b: Toad|Sludge Bomb|p1b: Venusaur\n|-activate|p1b: Venusaur|move: Protect\n|move|p2a: John Pokemon|Heat Wave|p1b: Venusaur\n|-activate|p1b: Venusaur|move: Protect\n|\n|-weather|SunnyDay|[upkeep]\n|-damage|p2a: John Pokemon|29/100 psn|[from] psn\n|upkeep\n|turn|7\n|\n|t:|1775993669\n|move|p1b: Venusaur|Leaf Storm|p2a: John Pokemon\n|-resisted|p2a: John Pokemon|2\n|-damage|p2a: John Pokemon|13/100 psn\n|-unboost|p1b: Venusaur|spa|2\n|move|p2b: Toad|Sludge Bomb|p1b: Venusaur\n|-damage|p1b: Venusaur|0 fnt\n|faint|p1b: Venusaur\n|\n|win|Ozempic Glorp\n|raw|sidlol's rating: 1000 &rarr; <strong>1000</strong><br />(+0 for losing)\n|raw|Ozempic Glorp's rating: 1101 &rarr; <strong>1119</strong><br />(+18 for winning)\n",
  "uploadtime": 1775993675,
  "views": 16,
  "formatid": "gen9championsvgc2026regma",
  "rating": 1000,
  "private": 0,
  "password": null
}