{
  "id": "gen9championsvgc2026regma-2585066478",
  "format": "[Gen 9 Champions] VGC 2026 Reg M-A",
  "players": [
    "WizardGibby",
    "wontooni"
  ],
  "log": "|j|\u2606WizardGibby\n|j|\u2606wontooni\n|t:|1776308326\n|gametype|doubles\n|player|p1|WizardGibby|scientistf|1015\n|player|p2|wontooni|benga|1048\n|gen|9\n|tier|[Gen 9 Champions] VGC 2026 Reg M-A\n|rated|\n|rule|Species Clause: Limit one of each Pok\u00e9mon\n|rule|Item Clause: Limit 1 of each item\n|clearpoke\n|poke|p1|Hawlucha, L50, F|\n|poke|p1|Mr. Rime, L50, M|\n|poke|p1|Snorlax, L50, M|\n|poke|p1|Ninetales-Alola, L50, F|\n|poke|p1|Kangaskhan, L50, F|\n|poke|p1|Oranguru, L50, F|\n|poke|p2|Maushold, L50|\n|poke|p2|Garchomp, L50, F|\n|poke|p2|Rotom-Wash, L50|\n|poke|p2|Floette-Eternal, L50, F|\n|poke|p2|Talonflame, L50, M|\n|poke|p2|Aegislash, L50, F|\n|teampreview|4\n|inactive|Battle timer is ON: inactive players will automatically lose when time's up. (requested by wontooni)\nwontooni rejected open team sheets.\n|\n|t:|1776308355\n|teamsize|p1|4\n|teamsize|p2|4\n|start\n|switch|p1a: Hawlucha|Hawlucha, L50, F|100/100\n|switch|p1b: Snorlax|Snorlax, L50, M|100/100\n|switch|p2a: Floette|Floette-Eternal, L50, F|100/100\n|switch|p2b: Maushold|Maushold, L50|100/100\n|-ability|p1a: Hawlucha|Mold Breaker\n|turn|1\n|inactive|WizardGibby has 30 seconds left.\n|\n|t:|1776308386\n|detailschange|p1a: Hawlucha|Hawlucha-Mega, L50, F\n|-mega|p1a: Hawlucha|Hawlucha|Hawluchanite\n|detailschange|p2a: Floette|Floette-Mega, L50, F\n|-mega|p2a: Floette|Floette|Floettite\n|-ability|p2a: Floette|Fairy Aura\n|move|p2b: Maushold|Follow Me|p2b: Maushold\n|-singleturn|p2b: Maushold|move: Follow Me\n|move|p1a: Hawlucha|Flying Press|p2b: Maushold\n|-supereffective|p2b: Maushold|1\n|-enditem|p2b: Maushold|Focus Sash\n|-damage|p2b: Maushold|1/100\n|move|p2a: Floette|Calm Mind|p2a: Floette\n|-boost|p2a: Floette|spa|1\n|-boost|p2a: Floette|spd|1\n|move|p1b: Snorlax|Double-Edge|p2b: Maushold\n|-damage|p2b: Maushold|0 fnt\n|faint|p2b: Maushold\n|-damage|p1b: Snorlax|99/100|[from] Recoil\n|\n|upkeep\n|\n|t:|1776308396\n|switch|p2b: Talonflame|Talonflame, L50, M|100/100\n|turn|2\n|inactive|WizardGibby has 30 seconds left.\n|\n|t:|1776308423\n|move|p2b: Talonflame|Tailwind|p2b: Talonflame\n|-sidestart|p2: wontooni|move: Tailwind\n|move|p2a: Floette|Dazzling Gleam|p1b: Snorlax|[spread] p1a,p1b\n|-supereffective|p1a: Hawlucha|1\n|-damage|p1a: Hawlucha|0 fnt\n|-damage|p1b: Snorlax|50/100\n|-enditem|p1b: Snorlax|Sitrus Berry|[eat]\n|-heal|p1b: Snorlax|74/100|[from] item: Sitrus Berry\n|faint|p1a: Hawlucha\n|move|p1b: Snorlax|Double-Edge|p2b: Talonflame\n|-damage|p2b: Talonflame|30/100\n|-damage|p1b: Snorlax|61/100|[from] Recoil\n|\n|upkeep\n|\n|t:|1776308436\n|switch|p1a: Oranguru|Oranguru, L50, F|100/100\n|turn|3\n|inactive|wontooni has 30 seconds left.\n|\n|t:|1776308469\n|move|p2b: Talonflame|Acrobatics|p1b: Snorlax\n|-damage|p1b: Snorlax|33/100\n|move|p2a: Floette|Dazzling Gleam|p1a: Oranguru|[spread] p1a,p1b\n|-damage|p1a: Oranguru|43/100\n|-damage|p1b: Snorlax|0 fnt\n|faint|p1b: Snorlax\n|move|p1a: Oranguru|Trick Room|p1a: Oranguru\n|-fieldstart|move: Trick Room|[of] p1a: Oranguru\n|\n|-heal|p1a: Oranguru|49/100|[from] item: Leftovers\n|upkeep\n|\n|t:|1776308480\n|switch|p1b: Kangaskhan|Kangaskhan, L50, F|100/100\n|turn|4\n|\n|t:|1776308491\n|move|p2a: Floette|Protect|p2a: Floette\n|-singleturn|p2a: Floette|Protect\n|move|p2b: Talonflame|Protect|p2b: Talonflame\n|-singleturn|p2b: Talonflame|Protect\n|move|p1a: Oranguru|Instruct||[still]\n|-fail|p1a: Oranguru\n|move|p1b: Kangaskhan|Mega Kick|p2a: Floette\n|-activate|p2a: Floette|move: Protect\n|\n|-heal|p1a: Oranguru|56/100|[from] item: Leftovers\n|upkeep\n|turn|5\n|\n|t:|1776308509\n|move|p1a: Oranguru|Instruct|p1b: Kangaskhan\n|-singleturn|p1b: Kangaskhan|move: Instruct|[of] p1a: Oranguru\n|move|p1b: Kangaskhan|Mega Kick|p2a: Floette|[miss]\n|-miss|p1b: Kangaskhan|p2a: Floette\n|move|p1b: Kangaskhan|Drain Punch|p2b: Talonflame\n|-resisted|p2b: Talonflame|1\n|-damage|p2b: Talonflame|14/100\n|move|p2a: Floette|Moonblast|p1b: Kangaskhan\n|-damage|p1b: Kangaskhan|0 fnt\n|faint|p1b: Kangaskhan\n|move|p2b: Talonflame|Flare Blitz|p1a: Oranguru\n|-damage|p1a: Oranguru|16/100\n|-damage|p2b: Talonflame|0 fnt|[from] Recoil\n|faint|p2b: Talonflame\n|\n|-heal|p1a: Oranguru|22/100|[from] item: Leftovers\n|-sideend|p2: wontooni|move: Tailwind\n|upkeep\n|\n|t:|1776308518\n|switch|p2b: Garchomp|Garchomp, L50, F|100/100\n|turn|6\n|-message|WizardGibby forfeited.\n|\n|win|wontooni\n|raw|WizardGibby's rating: 1015 &rarr; <strong>1004</strong><br />(-11 for losing)\n|raw|wontooni's rating: 1048 &rarr; <strong>1078</strong><br />(+30 for winning)\n|l|\u2606WizardGibby\n|player|p1|\n",
  "uploadtime": 1776308525,
  "views": 23,
  "formatid": "gen9championsvgc2026regma",
  "rating": 1004,
  "private": 0,
  "password": null
}