{
  "id": "gen9championsvgc2026regma-2588637659",
  "format": "[Gen 9 Champions] VGC 2026 Reg M-A",
  "players": [
    "meap1178",
    "Xalvadore"
  ],
  "log": "|j|\u2606meap1178\n|j|\u2606Xalvadore\n|t:|1776652545\n|gametype|doubles\n|player|p1|meap1178|266|1067\n|player|p2|Xalvadore|102|1026\n|gen|9\n|tier|[Gen 9 Champions] VGC 2026 Reg M-A\n|rated|\n|rule|Species Clause: Limit one of each Pok\u00e9mon\n|rule|Item Clause: Limit 1 of each item\n|clearpoke\n|poke|p1|Dragonite, L50, M|\n|poke|p1|Pelipper, L50, F|\n|poke|p1|Aggron, L50, F|\n|poke|p1|Incineroar, L50, M|\n|poke|p1|Basculegion, L50, M|\n|poke|p1|Sinistcha, L50|\n|poke|p2|Meganium, L50, F|\n|poke|p2|Incineroar, L50, F|\n|poke|p2|Krookodile, L50, F|\n|poke|p2|Blastoise, L50, M|\n|poke|p2|Aerodactyl, L50, F|\n|poke|p2|Scizor, L50, F|\n|teampreview|4\n|inactive|Battle timer is ON: inactive players will automatically lose when time's up. (requested by meap1178)\n|\n|t:|1776652573\n|teamsize|p1|4\n|teamsize|p2|4\n|start\n|switch|p1a: Incineroar|Incineroar, L50, M|100/100\n|switch|p1b: Aggron|Aggron, L50, F|100/100\n|switch|p2a: Krookodile|Krookodile, L50, F|100/100\n|switch|p2b: Aerodactyl|Aerodactyl, L50, F|100/100\n|-ability|p2b: Aerodactyl|Unnerve\n|-ability|p2a: Krookodile|Intimidate|boost\n|-unboost|p1a: Incineroar|atk|1\n|-unboost|p1b: Aggron|atk|1\n|-ability|p1a: Incineroar|Intimidate|boost\n|-unboost|p2a: Krookodile|atk|1\n|-unboost|p2b: Aerodactyl|atk|1\n|turn|1\n|\n|t:|1776652590\n|detailschange|p1b: Aggron|Aggron-Mega, L50, F\n|-mega|p1b: Aggron|Aggron|Aggronite\n|move|p1a: Incineroar|Fake Out|p2a: Krookodile\n|-damage|p2a: Krookodile|88/100\n|move|p2b: Aerodactyl|Taunt|p1b: Aggron\n|-start|p1b: Aggron|move: Taunt\n|cant|p2a: Krookodile|flinch\n|cant|p1b: Aggron|move: Taunt|Iron Defense\n|\n|-heal|p2a: Krookodile|94/100|[from] item: Leftovers\n|upkeep\n|turn|2\n|\n|t:|1776652614\n|move|p2b: Aerodactyl|Rock Slide|p1b: Aggron|[spread] p1b\n|-miss|p2b: Aerodactyl|p1a: Incineroar\n|-resisted|p1b: Aggron|1\n|-damage|p1b: Aggron|97/100\n|move|p2a: Krookodile|Stealth Rock|p1a: Incineroar\n|-sidestart|p1: meap1178|move: Stealth Rock\n|move|p1a: Incineroar|Parting Shot|p2a: Krookodile\n|-unboost|p2a: Krookodile|atk|1\n|-unboost|p2a: Krookodile|spa|1\n|\n|t:|1776652625\n|switch|p1a: Basculegion|Basculegion, L50, M|100/100|[from] Parting Shot\n|-damage|p1a: Basculegion|88/100|[from] Stealth Rock\n|move|p1b: Aggron|Body Press|p2a: Krookodile\n|-supereffective|p2a: Krookodile|1\n|-damage|p2a: Krookodile|1/100\n|\n|-heal|p2a: Krookodile|7/100|[from] item: Leftovers\n|upkeep\n|turn|3\n|\n|t:|1776652646\n|move|p2a: Krookodile|Protect|p2a: Krookodile\n|-singleturn|p2a: Krookodile|Protect\n|move|p1a: Basculegion|Last Respects|p2a: Krookodile\n|-activate|p2a: Krookodile|move: Protect\n|move|p2b: Aerodactyl|Tailwind|p2b: Aerodactyl\n|-sidestart|p2: Xalvadore|move: Tailwind\n|move|p1b: Aggron|Heavy Slam|p2b: Aerodactyl\n|-supereffective|p2b: Aerodactyl|1\n|-enditem|p2b: Aerodactyl|Focus Sash\n|-damage|p2b: Aerodactyl|1/100\n|\n|-heal|p2a: Krookodile|13/100|[from] item: Leftovers\n|-end|p1b: Aggron|move: Taunt\n|upkeep\n|turn|4\n|\n|t:|1776652667\n|move|p2b: Aerodactyl|Dual Wingbeat|p1a: Basculegion\n|-damage|p1a: Basculegion|73/100\n|-damage|p1a: Basculegion|56/100\n|-hitcount|p1a: Basculegion|2\n|move|p2a: Krookodile|High Horsepower|p1b: Aggron|[miss]\n|-miss|p2a: Krookodile|p1b: Aggron\n|move|p1a: Basculegion|Last Respects|p2b: Aerodactyl\n|-damage|p2b: Aerodactyl|0 fnt\n|faint|p2b: Aerodactyl\n|move|p1b: Aggron|Iron Defense|p1b: Aggron\n|-boost|p1b: Aggron|def|2\n|\n|-heal|p2a: Krookodile|19/100|[from] item: Leftovers\n|upkeep\n|\n|t:|1776652678\n|switch|p2b: Meganium|Meganium, L50, F|100/100\n|turn|5\n|\n|t:|1776652692\n|detailschange|p2b: Meganium|Meganium-Mega, L50, F\n|-mega|p2b: Meganium|Meganium|Meganiumite\n|move|p2a: Krookodile|Knock Off|p1a: Basculegion\n|-supereffective|p1a: Basculegion|1\n|-damage|p1a: Basculegion|0 fnt\n|-enditem|p1a: Basculegion|Choice Scarf|[from] move: Knock Off|[of] p2a: Krookodile\n|faint|p1a: Basculegion\n|move|p2b: Meganium|Weather Ball|p1b: Aggron\n|-supereffective|p1b: Aggron|1\n|-damage|p1b: Aggron|18/100\n|move|p1b: Aggron|Body Press|p2a: Krookodile\n|-supereffective|p2a: Krookodile|1\n|-damage|p2a: Krookodile|0 fnt\n|faint|p2a: Krookodile\n|\n|upkeep\n|\n|t:|1776652705\n|switch|p2a: Incineroar|Incineroar, L50, F|100/100\n|switch|p1a: Sinistcha|Sinistcha, L50|100/100\n|-ability|p2a: Incineroar|Intimidate|boost\n|-unboost|p1a: Sinistcha|atk|1\n|-unboost|p1b: Aggron|atk|1\n|-damage|p1a: Sinistcha|88/100|[from] Stealth Rock\n|-heal|p1b: Aggron|43/100|[from] ability: Hospitality|[of] p1a: Sinistcha\n|turn|6\n|\n|t:|1776652727\n|move|p1a: Sinistcha|Rage Powder|p1a: Sinistcha\n|-singleturn|p1a: Sinistcha|move: Rage Powder\n|move|p2b: Meganium|Weather Ball|p1b: Aggron\n|-supereffective|p1b: Aggron|1\n|-damage|p1b: Aggron|0 fnt\n|faint|p1b: Aggron\n|move|p2a: Incineroar|Taunt|p1a: Sinistcha\n|-start|p1a: Sinistcha|move: Taunt\n|\n|-sideend|p2: Xalvadore|move: Tailwind\n|upkeep\n|-message|meap1178 forfeited.\n|\n|win|Xalvadore\n|raw|meap1178's rating: 1067 &rarr; <strong>1045</strong><br />(-22 for losing)\n|raw|Xalvadore's rating: 1026 &rarr; <strong>1066</strong><br />(+40 for winning)\n|l|\u2606meap1178\n|player|p1|\n|c|\u2606Xalvadore|gg\n",
  "uploadtime": 1776652737,
  "views": 3,
  "formatid": "gen9championsvgc2026regma",
  "rating": 1045,
  "private": 0,
  "password": null
}