{
  "id": "gen9championsvgc2026regma-2581914779",
  "format": "[Gen 9 Champions] VGC 2026 Reg M-A",
  "players": [
    "GaserTheEgyptain",
    "problemouche"
  ],
  "log": "|j|\u2606GaserTheEgyptain\n|j|\u2606problemouche\n|t:|1776039336\n|gametype|doubles\n|player|p1|GaserTheEgyptain|rood|1120\n|player|p2|problemouche|266|1031\n|gen|9\n|tier|[Gen 9 Champions] VGC 2026 Reg M-A\n|rated|\n|rule|Species Clause: Limit one of each Pok\u00e9mon\n|rule|Item Clause: Limit 1 of each item\n|clearpoke\n|poke|p1|Floette-Eternal, L50, F|\n|poke|p1|Sinistcha, L50|\n|poke|p1|Basculegion, L50, M|\n|poke|p1|Pelipper, L50, F|\n|poke|p1|Sneasler, L50, F|\n|poke|p1|Incineroar, L50, M|\n|poke|p2|Floette-Eternal, L50, F|\n|poke|p2|Aerodactyl, L50, M|\n|poke|p2|Incineroar, L50, F|\n|poke|p2|Garchomp, L50, F|\n|poke|p2|Sneasler, L50, F|\n|poke|p2|Basculegion, L50, M|\n|teampreview|4\nGaserTheEgyptain rejected open team sheets.\n|\n|t:|1776039396\n|teamsize|p1|4\n|teamsize|p2|4\n|start\n|switch|p1a: Floette|Floette-Eternal, L50, F|100/100\n|switch|p1b: Incineroar|Incineroar, L50, M|100/100\n|switch|p2a: Floette|Floette-Eternal, L50, F|100/100\n|switch|p2b: Aerodactyl|Aerodactyl, L50, M|100/100\n|-ability|p2b: Aerodactyl|Unnerve\n|-ability|p1b: Incineroar|Intimidate|boost\n|-unboost|p2a: Floette|atk|1\n|-unboost|p2b: Aerodactyl|atk|1\n|turn|1\n|\n|t:|1776039441\n|detailschange|p1a: Floette|Floette-Mega, L50, F\n|-mega|p1a: Floette|Floette|Floettite\n|-ability|p1a: Floette|Fairy Aura\n|move|p2a: Floette|Protect|p2a: Floette\n|-singleturn|p2a: Floette|Protect\n|move|p1b: Incineroar|Fake Out|p2b: Aerodactyl\n|-resisted|p2b: Aerodactyl|1\n|-damage|p2b: Aerodactyl|90/100\n|cant|p2b: Aerodactyl|flinch\n|move|p1a: Floette|Dazzling Gleam|p2b: Aerodactyl|[spread] p2b\n|-activate|p2a: Floette|move: Protect\n|-damage|p2b: Aerodactyl|12/100\n|\n|upkeep\n|turn|2\n|\n|t:|1776039499\n|switch|p2a: Sneasler|Sneasler, L50, F|100/100\n|move|p2b: Aerodactyl|Rock Slide|p1b: Incineroar|[spread] p1a,p1b\n|-crit|p1a: Floette\n|-supereffective|p1b: Incineroar|1\n|-damage|p1a: Floette|59/100\n|-damage|p1b: Incineroar|67/100\n|move|p1a: Floette|Dazzling Gleam|p2a: Sneasler|[spread] p2a,p2b\n|-damage|p2a: Sneasler|28/100\n|-damage|p2b: Aerodactyl|0 fnt\n|faint|p2b: Aerodactyl\n|cant|p1b: Incineroar|flinch\n|\n|upkeep\n|\n|t:|1776039521\n|switch|p2b: Floette|Floette-Eternal, L50, F|100/100\n|turn|3\n|\n|t:|1776039539\n|detailschange|p2b: Floette|Floette-Mega, L50, F\n|-mega|p2b: Floette|Floette|Floettite\n|-ability|p2b: Floette|Fairy Aura\n|move|p1a: Floette|Protect|p1a: Floette\n|-singleturn|p1a: Floette|Protect\n|move|p2a: Sneasler|Dire Claw|p1a: Floette\n|-activate|p1a: Floette|move: Protect\n|move|p2b: Floette|Dazzling Gleam|p1a: Floette|[spread] p1b\n|-activate|p1a: Floette|move: Protect\n|-damage|p1b: Incineroar|21/100\n|-enditem|p1b: Incineroar|Sitrus Berry|[eat]\n|-heal|p1b: Incineroar|46/100|[from] item: Sitrus Berry\n|move|p1b: Incineroar|Flare Blitz|p2a: Sneasler\n|-damage|p2a: Sneasler|0 fnt\n|faint|p2a: Sneasler\n|-damage|p1b: Incineroar|39/100|[from] Recoil\n|\n|upkeep\n|\n|t:|1776039559\n|switch|p2a: Incineroar|Incineroar, L50, F|100/100\n|-ability|p2a: Incineroar|Intimidate|boost\n|-unboost|p1a: Floette|atk|1\n|-unboost|p1b: Incineroar|atk|1\n|turn|4\n|\n|t:|1776039576\n|switch|p1a: Pelipper|Pelipper, L50, F|100/100\n|-weather|RainDance|[from] ability: Drizzle|[of] p1a: Pelipper\n|move|p2a: Incineroar|Fake Out|p1a: Pelipper\n|-damage|p1a: Pelipper|90/100\n|move|p2b: Floette|Dazzling Gleam|p1b: Incineroar|[spread] p1a,p1b\n|-damage|p1a: Pelipper|23/100\n|-damage|p1b: Incineroar|0 fnt\n|faint|p1b: Incineroar\n|\n|-weather|RainDance|[upkeep]\n|upkeep\n|\n|t:|1776039584\n|switch|p1b: Sinistcha|Sinistcha, L50|100/100\n|-heal|p1a: Pelipper|47/100|[from] ability: Hospitality|[of] p1b: Sinistcha\n|turn|5\n|\n|t:|1776039613\n|move|p2b: Floette|Protect|p2b: Floette\n|-singleturn|p2b: Floette|Protect\n|move|p1b: Sinistcha|Rage Powder|p1b: Sinistcha\n|-singleturn|p1b: Sinistcha|move: Rage Powder\n|move|p1a: Pelipper|Weather Ball|p2a: Incineroar\n|-supereffective|p2a: Incineroar|1\n|-damage|p2a: Incineroar|0 fnt\n|faint|p2a: Incineroar\n|\n|-weather|RainDance|[upkeep]\n|upkeep\n|turn|6\n|\n|t:|1776039653\n|move|p2b: Floette|Dazzling Gleam|p1b: Sinistcha|[spread] p1a,p1b\n|-damage|p1a: Pelipper|0 fnt\n|-damage|p1b: Sinistcha|49/100\n|faint|p1a: Pelipper\n|move|p1b: Sinistcha|Shadow Ball|p2b: Floette\n|-damage|p2b: Floette|72/100\n|\n|-weather|RainDance|[upkeep]\n|-heal|p1b: Sinistcha|56/100|[from] item: Leftovers\n|upkeep\n|\n|t:|1776039656\n|switch|p1a: Floette|Floette-Mega, L50, F|59/100\n|-ability|p1a: Floette|Fairy Aura\n|turn|7\n|\n|t:|1776039669\n|move|p2b: Floette|Dazzling Gleam|p1a: Floette|[spread] p1a,p1b\n|-crit|p1b: Sinistcha\n|-damage|p1a: Floette|24/100\n|-damage|p1b: Sinistcha|0 fnt\n|faint|p1b: Sinistcha\n|move|p1a: Floette|Draining Kiss|p2b: Floette\n|-damage|p2b: Floette|36/100\n|-heal|p1a: Floette|47/100|[from] drain|[of] p2b: Floette\n|\n|-weather|RainDance|[upkeep]\n|upkeep\n|turn|8\n|\n|t:|1776039681\n|move|p2b: Floette|Protect|p2b: Floette\n|-singleturn|p2b: Floette|Protect\n|move|p1a: Floette|Protect||[still]\n|-fail|p1a: Floette\n|\n|-weather|none\n|upkeep\n|turn|9\n|\n|t:|1776039725\n|move|p2b: Floette|Light of Ruin|p1a: Floette|[miss]\n|-miss|p2b: Floette|p1a: Floette\n|move|p1a: Floette|Draining Kiss|p2b: Floette\n|-damage|p2b: Floette|0 fnt\n|-heal|p1a: Floette|70/100|[from] drain|[of] p2b: Floette\n|faint|p2b: Floette\n|\n|win|GaserTheEgyptain\n|raw|GaserTheEgyptain's rating: 1120 &rarr; <strong>1139</strong><br />(+19 for winning)\n|raw|problemouche's rating: 1031 &rarr; <strong>1020</strong><br />(-11 for losing)\n",
  "uploadtime": 1776039730,
  "views": 14,
  "formatid": "gen9championsvgc2026regma",
  "rating": 1020,
  "private": 0,
  "password": null
}