{
  "id": "gen9championsvgc2026regma-2587337494",
  "format": "[Gen 9 Champions] VGC 2026 Reg M-A",
  "players": [
    "thine pingles lord",
    "Shio_desu"
  ],
  "log": "|j|\u2606thine pingles lord\n|j|\u2606Shio_desu\n|t:|1776523270\n|gametype|doubles\n|player|p1|thine pingles lord|swimmer-gen4|1048\n|player|p2|Shio_desu|workerice|1000\n|gen|9\n|tier|[Gen 9 Champions] VGC 2026 Reg M-A\n|rated|\n|rule|Species Clause: Limit one of each Pok\u00e9mon\n|rule|Item Clause: Limit 1 of each item\n|clearpoke\n|poke|p1|Tyranitar, L50, F|\n|poke|p1|Milotic, L50, F, shiny|\n|poke|p1|Sinistcha, L50|\n|poke|p1|Garchomp, L50, M|\n|poke|p1|Aerodactyl, L50, M|\n|poke|p1|Rotom-Wash, L50|\n|poke|p2|Gengar, L50, F|\n|poke|p2|Incineroar, L50, F|\n|poke|p2|Kommo-o, L50, M|\n|poke|p2|Ninetales-Alola, L50, F|\n|poke|p2|Skarmory, L50, M|\n|poke|p2|Sinistcha-Masterpiece, L50|\n|teampreview|4\n|\n|t:|1776523314\n|teamsize|p1|4\n|teamsize|p2|4\n|start\n|switch|p1a: Washing machine|Rotom-Wash, L50|100/100\n|switch|p1b: F off cat|Milotic, L50, F, shiny|100/100\n|switch|p2a: Incineroar|Incineroar, L50, F|100/100\n|switch|p2b: Gengar|Gengar, L50, F|100/100\n|-ability|p2a: Incineroar|Intimidate|boost\n|-unboost|p1a: Washing machine|atk|1\n|-unboost|p1b: F off cat|atk|1\n|-ability|p1b: F off cat|Competitive|boost\n|-boost|p1b: F off cat|spa|2\n|turn|1\n|\n|t:|1776523354\n|switch|p2a: Ninetales|Ninetales-Alola, L50, F|100/100\n|-weather|Snowscape|[from] ability: Snow Warning|[of] p2a: Ninetales\n|detailschange|p2b: Gengar|Gengar-Mega, L50, F\n|-mega|p2b: Gengar|Gengar|Gengarite\n|move|p1b: F off cat|Protect|p1b: F off cat\n|-singleturn|p1b: F off cat|Protect\n|move|p1a: Washing machine|Volt Switch|p2b: Gengar\n|-damage|p2b: Gengar|64/100\n|\n|t:|1776523357\n|switch|p1a: Godzilla|Tyranitar, L50, F|100/100|[from] Volt Switch\n|-weather|Sandstorm|[from] ability: Sand Stream|[of] p1a: Godzilla\n|move|p2b: Gengar|Perish Song|p2b: Gengar\n|-start|p1a: Godzilla|perish3|[silent]\n|-start|p1b: F off cat|perish3|[silent]\n|-start|p2a: Ninetales|perish3|[silent]\n|-start|p2b: Gengar|perish3|[silent]\n|-fieldactivate|move: Perish Song\n|\n|-weather|Sandstorm|[upkeep]\n|-damage|p2b: Gengar|58/100|[from] Sandstorm\n|-damage|p2a: Ninetales|94/100|[from] Sandstorm\n|-damage|p1b: F off cat|95/100|[from] Sandstorm\n|-start|p2b: Gengar|perish3\n|-start|p2a: Ninetales|perish3\n|-start|p1b: F off cat|perish3\n|-start|p1a: Godzilla|perish3\n|upkeep\n|turn|2\n|\n|t:|1776523376\n|move|p2b: Gengar|Protect|p2b: Gengar\n|-singleturn|p2b: Gengar|Protect\n|move|p2a: Ninetales|Encore|p1b: F off cat\n|-start|p1b: F off cat|Encore\n|move|p1b: F off cat|Protect||[still]\n|-fail|p1b: F off cat\n|move|p1a: Godzilla|Rock Slide|p2a: Ninetales|[spread] p2a\n|-activate|p2b: Gengar|move: Protect\n|-supereffective|p2a: Ninetales|1\n|-damage|p2a: Ninetales|9/100\n|\n|-weather|Sandstorm|[upkeep]\n|-damage|p2b: Gengar|52/100|[from] Sandstorm\n|-damage|p2a: Ninetales|3/100|[from] Sandstorm\n|-damage|p1b: F off cat|89/100|[from] Sandstorm\n|-start|p2b: Gengar|perish2\n|-start|p2a: Ninetales|perish2\n|-start|p1b: F off cat|perish2\n|-start|p1a: Godzilla|perish2\n|upkeep\n|turn|3\n|\n|t:|1776523397\n|move|p1b: F off cat|Protect|p1b: F off cat\n|-singleturn|p1b: F off cat|Protect\n|move|p2b: Gengar|Disable|p1a: Godzilla\n|-start|p1a: Godzilla|Disable|Rock Slide\n|move|p2a: Ninetales|Encore|p1a: Godzilla\n|-start|p1a: Godzilla|Encore\n|cant|p1a: Godzilla|Disable|Rock Slide\n|\n|-weather|Sandstorm|[upkeep]\n|-damage|p2b: Gengar|45/100|[from] Sandstorm\n|-damage|p2a: Ninetales|0 fnt|[from] Sandstorm\n|-damage|p1b: F off cat|83/100|[from] Sandstorm\n|faint|p2a: Ninetales\n|-start|p2b: Gengar|perish1\n|-start|p1b: F off cat|perish1\n|-start|p1a: Godzilla|perish1\n|upkeep\n|\n|t:|1776523413\n|switch|p2a: Kommo-o|Kommo-o, L50, M|100/100\n|turn|4\n|\n|t:|1776523432\n|switch|p2b: Incineroar|Incineroar, L50, F|100/100\n|-ability|p2b: Incineroar|Intimidate|boost\n|-unboost|p1a: Godzilla|atk|1\n|-unboost|p1b: F off cat|atk|1\n|-ability|p1b: F off cat|Competitive|boost\n|-boost|p1b: F off cat|spa|2\n|move|p1b: F off cat|Protect||[still]\n|-fail|p1b: F off cat\n|move|p2a: Kommo-o|Clangorous Soul|p2a: Kommo-o\n|-boost|p2a: Kommo-o|atk|1\n|-boost|p2a: Kommo-o|def|1\n|-boost|p2a: Kommo-o|spa|1\n|-boost|p2a: Kommo-o|spd|1\n|-boost|p2a: Kommo-o|spe|1\n|-damage|p2a: Kommo-o|68/100\n|-activate|p1a: Godzilla|move: Struggle\n|move|p1a: Godzilla|Struggle|p2b: Incineroar\n|-damage|p2b: Incineroar|93/100\n|-damage|p1a: Godzilla|75/100|[from] recoil\n|\n|-weather|Sandstorm|[upkeep]\n|-damage|p1b: F off cat|77/100|[from] Sandstorm\n|-damage|p2b: Incineroar|87/100|[from] Sandstorm\n|-end|p1b: F off cat|Encore\n|-start|p1b: F off cat|perish0\n|-start|p1a: Godzilla|perish0\n|upkeep\n|faint|p1b: F off cat\n|faint|p1a: Godzilla\n|\n|t:|1776523437\n|switch|p1b: Chomp|Garchomp, L50, M|100/100\n|switch|p1a: Washing machine|Rotom-Wash, L50|100/100\n|turn|5\n|c|\u2606thine pingles lord|wow\n|\n|t:|1776523467\n|move|p2b: Incineroar|Fake Out|p1b: Chomp|[miss]\n|-miss|p2b: Incineroar|p1b: Chomp\n|move|p2a: Kommo-o|Clanging Scales|p1b: Chomp|[spread] p1a,p1b\n|-supereffective|p1b: Chomp|1\n|-damage|p1a: Washing machine|44/100\n|-damage|p1b: Chomp|19/100\n|-unboost|p2a: Kommo-o|def|1\n|move|p1a: Washing machine|Thunderbolt|p2a: Kommo-o\n|-resisted|p2a: Kommo-o|1\n|-damage|p2a: Kommo-o|53/100\n|-status|p2a: Kommo-o|par\n|move|p1b: Chomp|Earthquake|p2b: Incineroar|[spread] p2a,p2b\n|-immune|p1a: Washing machine|[from] ability: Levitate\n|-supereffective|p2b: Incineroar|1\n|-damage|p2a: Kommo-o|22/100 par\n|-damage|p2b: Incineroar|39/100\n|-enditem|p2a: Kommo-o|Sitrus Berry|[eat]\n|-heal|p2a: Kommo-o|47/100 par|[from] item: Sitrus Berry\n|\n|-weather|none\n|upkeep\n|turn|6\n|-message|thine pingles lord forfeited.\n|\n|win|Shio_desu\n|raw|thine pingles lord's rating: 1048 &rarr; <strong>1028</strong><br />(-20 for losing)\n|raw|Shio_desu's rating: 1000 &rarr; <strong>1045</strong><br />(+45 for winning)\n|l|\u2606thine pingles lord\n|player|p1|\n",
  "uploadtime": 1776523493,
  "views": 22,
  "formatid": "gen9championsvgc2026regma",
  "rating": 1028,
  "private": 0,
  "password": null
}