{
  "id": "gen9championsvgc2026regma-2584533849",
  "format": "[Gen 9 Champions] VGC 2026 Reg M-A",
  "players": [
    "Jean44150",
    "Ph4npy"
  ],
  "log": "|j|\u2606Jean44150\n|j|\u2606Ph4npy\n|t:|1776267115\n|gametype|doubles\n|player|p1|Jean44150|266|1132\n|player|p2|Ph4npy|266|1057\n|gen|9\n|tier|[Gen 9 Champions] VGC 2026 Reg M-A\n|rated|\n|rule|Species Clause: Limit one of each Pok\u00e9mon\n|rule|Item Clause: Limit 1 of each item\n|clearpoke\n|poke|p1|Drampa, L50, F|\n|poke|p1|Farigiraf, L50, F|\n|poke|p1|Torkoal, L50, M|\n|poke|p1|Golurk, L50|\n|poke|p1|Kingambit, L50, F|\n|poke|p1|Slowbro, L50, F|\n|poke|p2|Mamoswine, L50, F|\n|poke|p2|Farigiraf, L50, M|\n|poke|p2|Kleavor, L50, F|\n|poke|p2|Ampharos, L50, F|\n|poke|p2|Altaria, L50, M|\n|poke|p2|Beartic, L50, F|\n|teampreview|4\nJean44150 rejected open team sheets.\n|inactive|Battle timer is ON: inactive players will automatically lose when time's up. (requested by Jean44150)\n|\n|t:|1776267162\n|teamsize|p1|4\n|teamsize|p2|4\n|start\n|switch|p1a: shaq|Farigiraf, L50, F, shiny|100/100\n|switch|p1b: Torkoal|Torkoal, L50, M|100/100\n|switch|p2a: Mamoswine|Mamoswine, L50, F|100/100\n|switch|p2b: Kleavor|Kleavor, L50, F|100/100\n|-weather|SunnyDay|[from] ability: Drought|[of] p1b: Torkoal\n|turn|1\n|\n|t:|1776267179\n|move|p1a: shaq|Protect|p1a: shaq\n|-singleturn|p1a: shaq|Protect\n|move|p2b: Kleavor|X-Scissor|p1a: shaq\n|-activate|p1a: shaq|move: Protect\n|move|p2a: Mamoswine|Rock Slide|p1a: shaq|[spread] p1b\n|-activate|p1a: shaq|move: Protect\n|-supereffective|p1b: Torkoal|1\n|-damage|p1b: Torkoal|71/100\n|move|p1b: Torkoal|Eruption|p2a: Mamoswine|[spread] p2a,p2b\n|-supereffective|p2a: Mamoswine|1\n|-enditem|p2a: Mamoswine|Focus Sash\n|-damage|p2a: Mamoswine|1/100\n|-damage|p2b: Kleavor|23/100\n|\n|-weather|SunnyDay|[upkeep]\n|upkeep\n|turn|2\n|inactive|Ph4npy has 30 seconds left.\n|\n|t:|1776267209\n|move|p1b: Torkoal|Protect|p1b: Torkoal\n|-singleturn|p1b: Torkoal|Protect\n|move|p2b: Kleavor|X-Scissor|p1a: shaq\n|-supereffective|p1a: shaq|1\n|-damage|p1a: shaq|0 fnt\n|faint|p1a: shaq\n|move|p2a: Mamoswine|High Horsepower|p1b: Torkoal\n|-activate|p1b: Torkoal|move: Protect\n|\n|-weather|SunnyDay|[upkeep]\n|upkeep\n|\n|t:|1776267226\n|switch|p1a: Kingambit|Kingambit, L50, F, shiny|100/100\n|turn|3\n|inactive|Jean44150 has 30 seconds left.\n|\n|t:|1776267253\n|move|p2a: Mamoswine|Protect|p2a: Mamoswine\n|-singleturn|p2a: Mamoswine|Protect\n|move|p1a: Kingambit|Sucker Punch||[still]\n|-fail|p1a: Kingambit\n|move|p2b: Kleavor|X-Scissor|p1a: Kingambit\n|-damage|p1a: Kingambit|58/100\n|move|p1b: Torkoal|Weather Ball|p2b: Kleavor\n|-crit|p2b: Kleavor\n|-damage|p2b: Kleavor|0 fnt\n|faint|p2b: Kleavor\n|\n|-weather|SunnyDay|[upkeep]\n|upkeep\n|\n|t:|1776267269\n|switch|p2b: Altaria|Altaria, L50, M|100/100\n|-ability|p2b: Altaria|Cloud Nine\n|turn|4\n|\n|t:|1776267292\n|switch|p2a: Ampharos|Ampharos, L50, F|100/100\n|detailschange|p2b: Altaria|Altaria-Mega, L50, M\n|-mega|p2b: Altaria|Altaria|Altarianite\n|move|p1a: Kingambit|Sucker Punch||[still]\n|-fail|p1a: Kingambit\n|move|p2b: Altaria|Dazzling Gleam|p1a: Kingambit|[spread] p1a,p1b\n|-resisted|p1b: Torkoal|1\n|-crit|p1b: Torkoal\n|-damage|p1a: Kingambit|26/100\n|-damage|p1b: Torkoal|46/100\n|move|p1b: Torkoal|Eruption|p2b: Altaria|[spread] p2a,p2b\n|-resisted|p2b: Altaria|1\n|-damage|p2a: Ampharos|80/100\n|-damage|p2b: Altaria|85/100\n|\n|-weather|SunnyDay|[upkeep]\n|-heal|p2a: Ampharos|86/100|[from] item: Leftovers\n|upkeep\n|turn|5\n|inactive|Jean44150 has 30 seconds left.\n|\n|t:|1776267321\n|move|p2b: Altaria|Dazzling Gleam|p1a: Kingambit|[spread] p1a,p1b\n|-resisted|p1b: Torkoal|1\n|-damage|p1a: Kingambit|0 fnt\n|-damage|p1b: Torkoal|28/100\n|faint|p1a: Kingambit\n|move|p2a: Ampharos|Dragon Cheer|p2b: Altaria\n|-start|p2b: Altaria|move: Dragon Cheer\n|move|p1b: Torkoal|Weather Ball|p2a: Ampharos\n|-damage|p2a: Ampharos|45/100\n|\n|-weather|none\n|-heal|p2a: Ampharos|51/100|[from] item: Leftovers\n|upkeep\n|\n|t:|1776267333\n|switch|p1a: Golurk|Golurk, L50, shiny|100/100\n|turn|6\n|inactive|Jean44150 has 30 seconds left.\n|\n|t:|1776267359\n|detailschange|p1a: Golurk|Golurk-Mega, L50, shiny\n|-mega|p1a: Golurk|Golurk|Golurkite\n|move|p2b: Altaria|Draco Meteor|p1a: Golurk\n|-damage|p1a: Golurk|48/100\n|-unboost|p2b: Altaria|spa|2\n|move|p1a: Golurk|Ice Punch|p2b: Altaria\n|-supereffective|p2b: Altaria|1\n|-damage|p2b: Altaria|12/100\n|move|p2a: Ampharos|Light Screen|p2a: Ampharos\n|-sidestart|p2: Ph4npy|move: Light Screen\n|move|p1b: Torkoal|Weather Ball|p2a: Ampharos\n|-damage|p2a: Ampharos|44/100\n|\n|-heal|p2a: Ampharos|50/100|[from] item: Leftovers\n|upkeep\n|turn|7\n|inactive|Ph4npy has 30 seconds left.\n|\n|t:|1776267394\n|move|p2b: Altaria|Protect|p2b: Altaria\n|-singleturn|p2b: Altaria|Protect\n|move|p1a: Golurk|Protect|p1a: Golurk\n|-singleturn|p1a: Golurk|Protect\n|move|p2a: Ampharos|Electroweb|p1b: Torkoal|[spread] p1b\n|-activate|p1a: Golurk|move: Protect\n|-damage|p1b: Torkoal|8/100\n|-unboost|p1b: Torkoal|spe|1\n|move|p1b: Torkoal|Eruption|p2a: Ampharos|[spread] p2a\n|-activate|p2b: Altaria|move: Protect\n|-damage|p2a: Ampharos|48/100\n|\n|-heal|p2a: Ampharos|54/100|[from] item: Leftovers\n|upkeep\n|turn|8\n|inactive|Jean44150 has 30 seconds left.\n|\n|t:|1776267422\n|move|p2b: Altaria|Draco Meteor|p1a: Golurk\n|-damage|p1a: Golurk|21/100\n|-unboost|p2b: Altaria|spa|2\n|move|p2a: Ampharos|Electroweb|p1a: Golurk|[spread] p1b\n|-immune|p1a: Golurk\n|-damage|p1b: Torkoal|0 fnt\n|faint|p1b: Torkoal\n|move|p1a: Golurk|Ice Punch|p2b: Altaria\n|-supereffective|p2b: Altaria|1\n|-damage|p2b: Altaria|0 fnt\n|faint|p2b: Altaria\n|\n|-heal|p2a: Ampharos|60/100|[from] item: Leftovers\n|upkeep\n|\n|t:|1776267435\n|switch|p2b: Mamoswine|Mamoswine, L50, F|1/100\n|turn|9\n|\n|t:|1776267446\n|move|p2b: Mamoswine|Icicle Spear|p1a: Golurk\n|-supereffective|p1a: Golurk|1\n|-damage|p1a: Golurk|0 fnt\n|faint|p1a: Golurk\n|-hitcount|p1: Golurk|1\n|\n|win|Ph4npy\n|raw|Jean44150's rating: 1132 &rarr; <strong>1102</strong><br />(-30 for losing)\n|raw|Ph4npy's rating: 1057 &rarr; <strong>1095</strong><br />(+38 for winning)\n|l|\u2606Jean44150\n|player|p1|\n",
  "uploadtime": 1776267454,
  "views": 25,
  "formatid": "gen9championsvgc2026regma",
  "rating": 1095,
  "private": 0,
  "password": null
}