{
  "id": "gen9championsvgc2026regma-2588169727",
  "format": "[Gen 9 Champions] VGC 2026 Reg M-A",
  "players": [
    "ForeignTomato",
    "AlexPun"
  ],
  "log": "|j|\u2606ForeignTomato\n|j|\u2606AlexPun\n|t:|1776611104\n|gametype|doubles\n|player|p1|ForeignTomato|brycen|1352\n|player|p2|AlexPun|101|1394\n|gen|9\n|tier|[Gen 9 Champions] VGC 2026 Reg M-A\n|rated|\n|rule|Species Clause: Limit one of each Pok\u00e9mon\n|rule|Item Clause: Limit 1 of each item\n|clearpoke\n|poke|p1|Kingambit, L50, M|\n|poke|p1|Garchomp, L50, M|\n|poke|p1|Milotic, L50, F|\n|poke|p1|Alakazam, L50, M|\n|poke|p1|Sneasler, L50, F|\n|poke|p1|Meowstic, L50, M|\n|poke|p2|Froslass, L50, F|\n|poke|p2|Kingambit, L50, M|\n|poke|p2|Sneasler, L50, F|\n|poke|p2|Palafin, L50, F|\n|poke|p2|Sinistcha, L50|\n|poke|p2|Arcanine-Hisui, L50, M|\n|teampreview|4\n|inactive|Battle timer is ON: inactive players will automatically lose when time's up. (requested by AlexPun)\n|\n|t:|1776611127\n|teamsize|p1|4\n|teamsize|p2|4\n|start\n|switch|p1a: Kingambit|Kingambit, L50, M|100/100\n|switch|p1b: Sneasler|Sneasler, L50, F|100/100\n|switch|p2a: Sneasler|Sneasler, L50, F|100/100\n|switch|p2b: Palafin|Palafin, L50, F|100/100\n|turn|1\n|\n|t:|1776611145\n|detailschange|p2b: Palafin|Palafin-Hero, L50, F\n|switch|p2b: Froslass|Froslass, L50, F|100/100\n|move|p1b: Sneasler|Protect|p1b: Sneasler\n|-singleturn|p1b: Sneasler|Protect\n|move|p2a: Sneasler|Close Combat|p1a: Kingambit\n|-supereffective|p1a: Kingambit|2\n|-enditem|p1a: Kingambit|Chople Berry|[eat]\n|-enditem|p1a: Kingambit|Chople Berry|[weaken]\n|-damage|p1a: Kingambit|8/100\n|-unboost|p2a: Sneasler|def|1\n|-unboost|p2a: Sneasler|spd|1\n|-enditem|p2a: Sneasler|White Herb\n|-clearnegativeboost|p2a: Sneasler|[silent]\n|move|p1a: Kingambit|Kowtow Cleave|p2b: Froslass\n|-supereffective|p2b: Froslass|1\n|-damage|p2b: Froslass|0 fnt\n|-start|p1a: Kingambit|Disable|Kowtow Cleave|[from] ability: Cursed Body|[of] p2b: Froslass\n|faint|p2b: Froslass\n|\n|upkeep\n|\n|t:|1776611162\n|switch|p2b: Palafin|Palafin-Hero, L50, F|100/100\n|-activate|p2b: Palafin|ability: Zero to Hero\n|turn|2\n|\n|t:|1776611170\n|move|p2b: Palafin|Jet Punch|p1a: Kingambit\n|-damage|p1a: Kingambit|0 fnt\n|faint|p1a: Kingambit\n|move|p2a: Sneasler|Dire Claw|p1b: Sneasler\n|-resisted|p1b: Sneasler|1\n|-damage|p1b: Sneasler|65/100\n|move|p1b: Sneasler|Close Combat|p2b: Palafin\n|-damage|p2b: Palafin|45/100\n|-unboost|p1b: Sneasler|def|1\n|-unboost|p1b: Sneasler|spd|1\n|-enditem|p1b: Sneasler|White Herb\n|-clearnegativeboost|p1b: Sneasler|[silent]\n|\n|upkeep\n|\n|t:|1776611183\n|switch|p1a: Meowstic|Meowstic, L50, M|100/100\n|turn|3\n|\n|t:|1776611197\n|switch|p2a: Kingambit|Kingambit, L50, M|100/100\n|move|p1b: Sneasler|Protect|p1b: Sneasler\n|-singleturn|p1b: Sneasler|Protect\n|move|p1a: Meowstic|Psychic Terrain|p1a: Meowstic\n|-fieldstart|move: Psychic Terrain\n|move|p2b: Palafin|Jet Punch|p1b: Sneasler\n|-activate|p1b: Sneasler|move: Psychic Terrain\n|\n|upkeep\n|turn|4\n|\n|t:|1776611210\n|switch|p2b: Sneasler|Sneasler, L50, F|100/100\n|move|p2a: Kingambit|Protect|p2a: Kingambit\n|-singleturn|p2a: Kingambit|Protect\n|move|p1b: Sneasler|Close Combat|p2a: Kingambit\n|-activate|p2a: Kingambit|move: Protect\n|move|p1a: Meowstic|Expanding Force|p2a: Kingambit|[spread] p2b\n|-activate|p2a: Kingambit|move: Protect\n|-supereffective|p2b: Sneasler|2\n|-damage|p2b: Sneasler|0 fnt\n|faint|p2b: Sneasler\n|\n|upkeep\n|\n|t:|1776611221\n|switch|p2b: Palafin|Palafin-Hero, L50, F|45/100\n|turn|5\n|\n|t:|1776611234\n|move|p1b: Sneasler|Close Combat|p2a: Kingambit\n|-supereffective|p2a: Kingambit|2\n|-damage|p2a: Kingambit|0 fnt\n|-unboost|p1b: Sneasler|def|1\n|-unboost|p1b: Sneasler|spd|1\n|faint|p2a: Kingambit\n|move|p1a: Meowstic|Expanding Force|p2b: Palafin\n|-damage|p2b: Palafin|0 fnt\n|faint|p2b: Palafin\n|\n|win|ForeignTomato\n|raw|ForeignTomato's rating: 1352 &rarr; <strong>1374</strong><br />(+22 for winning)\n|raw|AlexPun's rating: 1394 &rarr; <strong>1372</strong><br />(-22 for losing)\n|l|\u2606AlexPun\n|player|p2|\n",
  "uploadtime": 1776611339,
  "views": 21,
  "formatid": "gen9championsvgc2026regma",
  "rating": 1372,
  "private": 0,
  "password": null
}