{
  "id": "gen9championsvgc2026regma-2588013501",
  "format": "[Gen 9 Champions] VGC 2026 Reg M-A",
  "players": [
    "JuanitoPazzo",
    "arayalex"
  ],
  "log": "|j|\u2606JuanitoPazzo\n|j|\u2606arayalex\n|t:|1776592948\n|gametype|doubles\n|player|p1|JuanitoPazzo|101|1057\n|player|p2|arayalex|102|1040\n|gen|9\n|tier|[Gen 9 Champions] VGC 2026 Reg M-A\n|rated|\n|rule|Species Clause: Limit one of each Pok\u00e9mon\n|rule|Item Clause: Limit 1 of each item\n|clearpoke\n|poke|p1|Charizard, L50, F|\n|poke|p1|Venusaur, L50, F|\n|poke|p1|Incineroar, L50, F|\n|poke|p1|Garchomp, L50, M|\n|poke|p1|Whimsicott, L50, M|\n|poke|p1|Sneasler, L50, F|\n|poke|p2|Arcanine, L50, F|\n|poke|p2|Venusaur, L50, M|\n|poke|p2|Rotom-Wash, L50|\n|poke|p2|Garchomp, L50, F|\n|poke|p2|Sneasler, L50, M|\n|poke|p2|Corviknight, L50, F|\n|teampreview|4\n|\n|t:|1776592989\n|teamsize|p1|4\n|teamsize|p2|4\n|start\n|switch|p1a: Charizard|Charizard, L50, F|100/100\n|switch|p1b: Whimsicott|Whimsicott, L50, M|100/100\n|switch|p2a: Arcanine|Arcanine, L50, F|100/100\n|switch|p2b: Rotom|Rotom-Wash, L50|100/100\n|-ability|p2a: Arcanine|Intimidate|boost\n|-unboost|p1a: Charizard|atk|1\n|-unboost|p1b: Whimsicott|atk|1\n|turn|1\n|inactive|Battle timer is ON: inactive players will automatically lose when time's up. (requested by JuanitoPazzo)\n|\n|t:|1776593029\n|move|p1a: Charizard|Protect|p1a: Charizard\n|-singleturn|p1a: Charizard|Protect\n|move|p1b: Whimsicott|Tailwind|p1b: Whimsicott\n|-sidestart|p1: JuanitoPazzo|move: Tailwind\n|move|p2b: Rotom|Volt Switch|p1a: Charizard\n|-activate|p1a: Charizard|move: Protect\n|move|p2a: Arcanine|Snarl|p1a: Charizard|[spread] p1b\n|-activate|p1a: Charizard|move: Protect\n|-resisted|p1b: Whimsicott|1\n|-damage|p1b: Whimsicott|92/100\n|-unboost|p1b: Whimsicott|spa|1\n|\n|upkeep\n|turn|2\n|inactive|JuanitoPazzo has 30 seconds left.\n|inactive|arayalex has 30 seconds left.\n|\n|t:|1776593060\n|switch|p1a: Incineroar|Incineroar, L50, F|100/100\n|-ability|p1a: Incineroar|Intimidate|boost\n|-unboost|p2a: Arcanine|atk|1\n|-unboost|p2b: Rotom|atk|1\n|switch|p2a: Garchomp|Garchomp, L50, F|100/100\n|move|p1b: Whimsicott|Encore||[still]\n|-fail|p1b: Whimsicott\n|move|p2b: Rotom|Volt Switch|p1a: Incineroar\n|-damage|p1a: Incineroar|76/100\n|\n|t:|1776593076\n|switch|p2b: Venusaur|Venusaur, L50, M|100/100|[from] Volt Switch\n|\n|upkeep\n|turn|3\n|inactive|arayalex has 30 seconds left.\n|\n|t:|1776593105\n|detailschange|p2b: Venusaur|Venusaur-Mega, L50, M\n|-mega|p2b: Venusaur|Venusaur|Venusaurite\n|move|p2a: Garchomp|Protect|p2a: Garchomp\n|-singleturn|p2a: Garchomp|Protect\n|move|p1b: Whimsicott|Moonblast|p2a: Garchomp\n|-activate|p2a: Garchomp|move: Protect\n|move|p1a: Incineroar|Flare Blitz|p2b: Venusaur\n|-supereffective|p2b: Venusaur|1\n|-damage|p2b: Venusaur|64/100\n|-damage|p1a: Incineroar|65/100|[from] Recoil\n|move|p2b: Venusaur|Sludge Bomb|p1b: Whimsicott\n|-supereffective|p1b: Whimsicott|2\n|-damage|p1b: Whimsicott|0 fnt\n|faint|p1b: Whimsicott\n|\n|upkeep\n|\n|t:|1776593119\n|switch|p1b: Charizard|Charizard, L50, F|100/100\n|turn|4\n|\n|t:|1776593141\n|switch|p2b: Rotom|Rotom-Wash, L50|100/100\n|detailschange|p1b: Charizard|Charizard-Mega-Y, L50, F\n|-mega|p1b: Charizard|Charizard|Charizardite Y\n|-weather|SunnyDay|[from] ability: Drought|[of] p1b: Charizard\n|move|p1b: Charizard|Protect|p1b: Charizard\n|-singleturn|p1b: Charizard|Protect\n|move|p1a: Incineroar|Parting Shot|p2a: Garchomp\n|-unboost|p2a: Garchomp|atk|1\n|-unboost|p2a: Garchomp|spa|1\n|\n|t:|1776593153\n|switch|p1a: Venusaur|Venusaur, L50, F|100/100|[from] Parting Shot\n|-enditem|p2a: Garchomp|White Herb\n|-clearnegativeboost|p2a: Garchomp|[silent]\n|move|p2a: Garchomp|Earthquake|p1b: Charizard|[spread] p1a\n|-activate|p1b: Charizard|move: Protect\n|-immune|p2b: Rotom|[from] ability: Levitate\n|-damage|p1a: Venusaur|52/100\n|\n|-weather|SunnyDay|[upkeep]\n|-sideend|p1: JuanitoPazzo|move: Tailwind\n|upkeep\n|turn|5\n|inactive|arayalex has 30 seconds left.\n|inactive|arayalex has 20 seconds left.\n|\n|t:|1776593190\n|switch|p1b: Incineroar|Incineroar, L50, F|65/100\n|-ability|p1b: Incineroar|Intimidate|boost\n|-unboost|p2a: Garchomp|atk|1\n|-unboost|p2b: Rotom|atk|1\n|move|p1a: Venusaur|Giga Drain|p2b: Rotom\n|-supereffective|p2b: Rotom|1\n|-damage|p2b: Rotom|15/100\n|-heal|p1a: Venusaur|86/100|[from] drain|[of] p2b: Rotom\n|move|p2b: Rotom|Trick|p1b: Incineroar\n|-activate|p2b: Rotom|move: Trick|[of] p1b: Incineroar\n|-item|p1b: Incineroar|Choice Scarf|[from] move: Trick\n|-item|p2b: Rotom|Sitrus Berry|[from] move: Trick\n|-enditem|p2b: Rotom|Sitrus Berry|[eat]\n|-heal|p2b: Rotom|40/100|[from] item: Sitrus Berry\n|move|p2a: Garchomp|Earthquake|p1a: Venusaur|[spread] p1a,p1b\n|-immune|p2b: Rotom|[from] ability: Levitate\n|-supereffective|p1b: Incineroar|1\n|-damage|p1a: Venusaur|50/100\n|-damage|p1b: Incineroar|17/100\n|\n|-weather|SunnyDay|[upkeep]\n|upkeep\n|turn|6\n|inactive|JuanitoPazzo has 30 seconds left.\n|inactive|arayalex has 30 seconds left.\n|inactive|JuanitoPazzo has 20 seconds left.\n|inactive|arayalex has 20 seconds left.\n|inactive|arayalex has 15 seconds left.\n|\n|t:|1776593231\n|switch|p2b: Venusaur|Venusaur-Mega, L50, M|64/100\n|switch|p1b: Charizard|Charizard-Mega-Y, L50, F|100/100\n|move|p1a: Venusaur|Sleep Powder|p2a: Garchomp|[miss]\n|-miss|p1a: Venusaur|p2a: Garchomp\n|move|p2a: Garchomp|Stone Edge|p1b: Charizard\n|-supereffective|p1b: Charizard|2\n|-crit|p1b: Charizard\n|-damage|p1b: Charizard|0 fnt\n|faint|p1b: Charizard\n|\n|-weather|SunnyDay|[upkeep]\n|upkeep\n|\n|t:|1776593244\n|switch|p1b: Incineroar|Incineroar, L50, F|17/100\n|-ability|p1b: Incineroar|Intimidate|boost\n|-unboost|p2a: Garchomp|atk|1\n|-unboost|p2b: Venusaur|atk|1\n|turn|7\n|\n|t:|1776593261\n|switch|p2a: Arcanine|Arcanine, L50, F|100/100\n|-ability|p2a: Arcanine|Intimidate|boost\n|-unboost|p1a: Venusaur|atk|1\n|-unboost|p1b: Incineroar|atk|1\n|move|p1a: Venusaur|Earth Power|p2b: Venusaur\n|-damage|p2b: Venusaur|44/100\n|move|p1b: Incineroar|Darkest Lariat|p2b: Venusaur\n|-damage|p2b: Venusaur|29/100\n|move|p2b: Venusaur|Sludge Bomb|p1a: Venusaur\n|-damage|p1a: Venusaur|0 fnt\n|faint|p1a: Venusaur\n|\n|-weather|SunnyDay|[upkeep]\n|upkeep\n|turn|8\n|-message|JuanitoPazzo forfeited.\n|\n|win|arayalex\n|raw|JuanitoPazzo's rating: 1057 &rarr; <strong>1038</strong><br />(-19 for losing)\n|raw|arayalex's rating: 1040 &rarr; <strong>1076</strong><br />(+36 for winning)\n|l|\u2606JuanitoPazzo\n|player|p1|\n",
  "uploadtime": 1776593282,
  "views": 10,
  "formatid": "gen9championsvgc2026regma",
  "rating": 1038,
  "private": 0,
  "password": null
}