{
  "id": "gen9championsvgc2026regma-2586491565",
  "format": "[Gen 9 Champions] VGC 2026 Reg M-A",
  "players": [
    "KaFe-03",
    "liamovtamworth"
  ],
  "log": "|j|\u2606KaFe-03\n|j|\u2606liamovtamworth\n|t:|1776438372\n|gametype|doubles\n|player|p1|KaFe-03|crispin|1021\n|player|p2|liamovtamworth|gardenia|1115\n|gen|9\n|tier|[Gen 9 Champions] VGC 2026 Reg M-A\n|rated|\n|rule|Species Clause: Limit one of each Pok\u00e9mon\n|rule|Item Clause: Limit 1 of each item\n|clearpoke\n|poke|p1|Archaludon, L50, F|\n|poke|p1|Pelipper, L50, M|\n|poke|p1|Sinistcha-Masterpiece, L50|\n|poke|p1|Sneasler, L50, M|\n|poke|p1|Dragonite, L50, F|\n|poke|p1|Basculegion, L50, M|\n|poke|p2|Gengar, L50, F|\n|poke|p2|Incineroar, L50, M|\n|poke|p2|Sinistcha, L50|\n|poke|p2|Kingambit, L50, F|\n|poke|p2|Tyranitar, L50, M|\n|poke|p2|Kommo-o, L50, M|\n|teampreview|4\n|inactive|Battle timer is ON: inactive players will automatically lose when time's up. (requested by KaFe-03)\n|inactive|KaFe-03 has 60 seconds left.\n|\n|t:|1776438429\n|teamsize|p1|4\n|teamsize|p2|4\n|start\n|switch|p1a: Sneasler|Sneasler, L50, M|100/100\n|switch|p1b: Sinistcha|Sinistcha-Masterpiece, L50|100/100\n|switch|p2a: Kingambit|Kingambit, L50, F|100/100\n|switch|p2b: Gengar|Gengar, L50, F|100/100\n|turn|1\n|inactive|KaFe-03 has 30 seconds left.\n|inactive|liamovtamworth has 30 seconds left.\n|\n|t:|1776438460\n|detailschange|p2b: Gengar|Gengar-Mega, L50, F\n|-mega|p2b: Gengar|Gengar|Gengarite\n|move|p1a: Sneasler|Fake Out|p2a: Kingambit\n|-resisted|p2a: Kingambit|1\n|-damage|p2a: Kingambit|95/100\n|cant|p2a: Kingambit|flinch\n|move|p2b: Gengar|Psychic|p1a: Sneasler\n|-supereffective|p1a: Sneasler|2\n|-damage|p1a: Sneasler|0 fnt\n|faint|p1a: Sneasler\n|move|p1b: Sinistcha|Matcha Gotcha|p2b: Gengar|[spread] p2a,p2b\n|-resisted|p2a: Kingambit|1\n|-resisted|p2b: Gengar|1\n|-damage|p2a: Kingambit|82/100\n|-damage|p2b: Gengar|86/100\n|\n|upkeep\n|\n|t:|1776438472\n|switch|p1a: Pelipper|Pelipper, L50, M|100/100\n|-weather|RainDance|[from] ability: Drizzle|[of] p1a: Pelipper\n|turn|2\n|\n|t:|1776438495\n|move|p2a: Kingambit|Protect|p2a: Kingambit\n|-singleturn|p2a: Kingambit|Protect\n|move|p2b: Gengar|Perish Song|p2b: Gengar\n|-start|p1a: Pelipper|perish3|[silent]\n|-start|p1b: Sinistcha|perish3|[silent]\n|-start|p2a: Kingambit|perish3|[silent]\n|-start|p2b: Gengar|perish3|[silent]\n|-fieldactivate|move: Perish Song\n|move|p1a: Pelipper|Weather Ball|p2b: Gengar\n|-damage|p2b: Gengar|14/100\n|move|p1b: Sinistcha|Trick Room|p1b: Sinistcha\n|-fieldstart|move: Trick Room|[of] p1b: Sinistcha\n|\n|-weather|RainDance|[upkeep]\n|-start|p2a: Kingambit|perish3\n|-start|p1b: Sinistcha|perish3\n|-start|p1a: Pelipper|perish3\n|-start|p2b: Gengar|perish3\n|upkeep\n|turn|3\n|inactive|KaFe-03 has 30 seconds left.\n|inactive|KaFe-03 has 20 seconds left.\n|\n|t:|1776438530\n|switch|p2a: Sinistcha|Sinistcha, L50|100/100\n|-heal|p2b: Gengar|39/100|[from] ability: Hospitality|[of] p2a: Sinistcha\n|move|p2b: Gengar|Protect|p2b: Gengar\n|-singleturn|p2b: Gengar|Protect\n|move|p1b: Sinistcha|Rage Powder|p1b: Sinistcha\n|-singleturn|p1b: Sinistcha|move: Rage Powder\n|move|p1a: Pelipper|Weather Ball|p2b: Gengar\n|-activate|p2b: Gengar|move: Protect\n|\n|-weather|RainDance|[upkeep]\n|-start|p1b: Sinistcha|perish2\n|-start|p1a: Pelipper|perish2\n|-start|p2b: Gengar|perish2\n|upkeep\n|turn|4\n|inactive|KaFe-03 has 30 seconds left.\n|\n|t:|1776438562\n|move|p2a: Sinistcha|Rage Powder|p2a: Sinistcha\n|-singleturn|p2a: Sinistcha|move: Rage Powder\n|move|p1b: Sinistcha|Matcha Gotcha|p2b: Gengar|[spread] p2a,p2b\n|-resisted|p2a: Sinistcha|1\n|-resisted|p2b: Gengar|1\n|-damage|p2a: Sinistcha|89/100\n|-damage|p2b: Gengar|24/100\n|-status|p2a: Sinistcha|brn\n|move|p1a: Pelipper|Hurricane|p2a: Sinistcha\n|-supereffective|p2a: Sinistcha|1\n|-damage|p2a: Sinistcha|0 fnt\n|faint|p2a: Sinistcha\n|move|p2b: Gengar|Shadow Ball|p1b: Sinistcha\n|-supereffective|p1b: Sinistcha|1\n|-damage|p1b: Sinistcha|0 fnt\n|faint|p1b: Sinistcha\n|\n|-weather|RainDance|[upkeep]\n|-start|p1a: Pelipper|perish1\n|-start|p2b: Gengar|perish1\n|upkeep\n|\n|t:|1776438582\n|switch|p1b: Archaludon|Archaludon, L50, F|100/100\n|switch|p2a: Tyranitar|Tyranitar, L50, M|100/100\n|-weather|Sandstorm|[from] ability: Sand Stream|[of] p2a: Tyranitar\n|turn|5\n|inactive|KaFe-03 has 30 seconds left.\n|inactive|liamovtamworth has 30 seconds left.\n|inactive|KaFe-03 has 20 seconds left.\n|inactive|KaFe-03 has 15 seconds left.\n|\n|t:|1776438625\n|move|p1a: Pelipper|Hurricane|p2b: Gengar\n|-damage|p2b: Gengar|0 fnt\n|faint|p2b: Gengar\n|move|p1b: Archaludon|Flash Cannon|p2a: Tyranitar\n|-supereffective|p2a: Tyranitar|1\n|-damage|p2a: Tyranitar|42/100\n|move|p2a: Tyranitar|Low Kick|p1b: Archaludon\n|-supereffective|p1b: Archaludon|1\n|-damage|p1b: Archaludon|53/100\n|\n|-weather|Sandstorm|[upkeep]\n|-damage|p1a: Pelipper|95/100|[from] Sandstorm\n|-start|p1a: Pelipper|perish0\n|faint|p1a: Pelipper\n|upkeep\n|\n|t:|1776438636\n|switch|p2b: Kingambit|Kingambit, L50, F|82/100\n|turn|6\n|inactive|KaFe-03 has 30 seconds left.\n|\n|t:|1776438667\n|move|p2b: Kingambit|Low Kick|p1b: Archaludon\n|-supereffective|p1b: Archaludon|1\n|-damage|p1b: Archaludon|0 fnt\n|faint|p1b: Archaludon\n|\n|win|liamovtamworth\n|raw|KaFe-03's rating: 1021 &rarr; <strong>1011</strong><br />(-10 for losing)\n|raw|liamovtamworth's rating: 1115 &rarr; <strong>1133</strong><br />(+18 for winning)\n",
  "uploadtime": 1776438670,
  "views": 22,
  "formatid": "gen9championsvgc2026regma",
  "rating": 1011,
  "private": 0,
  "password": null
}