{
  "id": "gen9championsvgc2026regma-2588476206",
  "format": "[Gen 9 Champions] VGC 2026 Reg M-A",
  "players": [
    "Lilbabygreenbean",
    "lessa_ped"
  ],
  "log": "|j|\u2606Lilbabygreenbean\n|j|\u2606lessa_ped\n|t:|1776636926\n|gametype|doubles\n|player|p1|Lilbabygreenbean|beauty-gen4dp|1008\n|player|p2|lessa_ped|101|1036\n|gen|9\n|tier|[Gen 9 Champions] VGC 2026 Reg M-A\n|rated|\n|rule|Species Clause: Limit one of each Pok\u00e9mon\n|rule|Item Clause: Limit 1 of each item\n|clearpoke\n|poke|p1|Crabominable, L50, F, shiny|\n|poke|p1|Slowking, L50, M|\n|poke|p1|Weavile, L50, M|\n|poke|p1|Armarouge, L50, F, shiny|\n|poke|p1|Tsareena, L50, F|\n|poke|p1|Scizor, L50, M|\n|poke|p2|Archaludon, L50, F, shiny|\n|poke|p2|Pelipper, L50, F, shiny|\n|poke|p2|Sneasler, L50, F, shiny|\n|poke|p2|Incineroar, L50, M, shiny|\n|poke|p2|Basculegion, L50, M, shiny|\n|poke|p2|Meganium, L50, F|\n|teampreview|4\n|\n|t:|1776636966\n|teamsize|p1|4\n|teamsize|p2|4\n|start\n|switch|p1a: Weavile|Weavile, L50, M|100/100\n|switch|p1b: Slowking|Slowking, L50, M|100/100\n|switch|p2a: Sneasler|Sneasler, L50, F, shiny|100/100\n|switch|p2b: Pelipper|Pelipper, L50, F, shiny|100/100\n|-ability|p1a: Weavile|Pressure\n|-weather|RainDance|[from] ability: Drizzle|[of] p2b: Pelipper\n|turn|1\n|\n|t:|1776637003\n|move|p2a: Sneasler|Protect|p2a: Sneasler\n|-singleturn|p2a: Sneasler|Protect\n|move|p1a: Weavile|Fake Out|p2a: Sneasler\n|-activate|p2a: Sneasler|move: Protect\n|move|p2b: Pelipper|Tailwind|p2b: Pelipper\n|-sidestart|p2: lessa_ped|move: Tailwind\n|move|p1b: Slowking|Trick Room|p1b: Slowking\n|-fieldstart|move: Trick Room|[of] p1b: Slowking\n|\n|-weather|RainDance|[upkeep]\n|upkeep\n|turn|2\n|\n|t:|1776637031\n|switch|p2b: Incineroar|Incineroar, L50, M, shiny|100/100\n|-ability|p2b: Incineroar|Intimidate|boost\n|-unboost|p1a: Weavile|atk|1\n|-fail|p1b: Slowking|unboost|Attack|[from] ability: Oblivious|[of] p1b: Slowking\n|-prepare|p1b: Slowking|Chilly Reception|[premajor]\n|move|p1b: Slowking|Chilly Reception|p1b: Slowking\n|-weather|Snowscape\n|\n|t:|1776637039\n|switch|p1b: Crabominable|Crabominable, L50, F, shiny|100/100|[from] Chilly Reception\n|move|p1a: Weavile|Knock Off|p2a: Sneasler\n|-resisted|p2a: Sneasler|1\n|-damage|p2a: Sneasler|74/100\n|-enditem|p2a: Sneasler|White Herb|[from] move: Knock Off|[of] p1a: Weavile\n|move|p2a: Sneasler|Close Combat|p1a: Weavile\n|-supereffective|p1a: Weavile|2\n|-enditem|p1a: Weavile|Focus Sash\n|-damage|p1a: Weavile|1/100\n|-unboost|p2a: Sneasler|def|1\n|-unboost|p2a: Sneasler|spd|1\n|\n|-weather|Snowscape|[upkeep]\n|upkeep\n|turn|3\n|\n|t:|1776637059\n|switch|p1a: Slowking|Slowking, L50, M|100/100\n|detailschange|p1b: Crabominable|Crabominable-Mega, L50, F, shiny\n|-mega|p1b: Crabominable|Crabominable|Crabominite\n|move|p1b: Crabominable|Protect|p1b: Crabominable\n|-singleturn|p1b: Crabominable|Protect\n|move|p2b: Incineroar|Fake Out|p1b: Crabominable\n|-activate|p1b: Crabominable|move: Protect\n|move|p2a: Sneasler|Close Combat|p1b: Crabominable\n|-activate|p1b: Crabominable|move: Protect\n|\n|-weather|Snowscape|[upkeep]\n|upkeep\n|turn|4\n|\n|t:|1776637083\n|switch|p2b: Pelipper|Pelipper, L50, F, shiny|100/100\n|-weather|RainDance|[from] ability: Drizzle|[of] p2b: Pelipper\n|move|p2a: Sneasler|Protect|p2a: Sneasler\n|-singleturn|p2a: Sneasler|Protect\n|move|p1a: Slowking|Scald|p2b: Pelipper\n|-resisted|p2b: Pelipper|1\n|-damage|p2b: Pelipper|70/100\n|move|p1b: Crabominable|Ice Hammer|p2a: Sneasler\n|-activate|p2a: Sneasler|move: Protect\n|\n|-weather|RainDance|[upkeep]\n|-sideend|p2: lessa_ped|move: Tailwind\n|upkeep\n|turn|5\n|\n|t:|1776637114\n|switch|p2a: Basculegion|Basculegion, L50, M, shiny|100/100\n|move|p1a: Slowking|Scald|p2a: Basculegion\n|-resisted|p2a: Basculegion|1\n|-damage|p2a: Basculegion|75/100\n|-status|p2a: Basculegion|brn\n|move|p1b: Crabominable|Thunder Punch|p2b: Pelipper\n|-supereffective|p2b: Pelipper|2\n|-damage|p2b: Pelipper|0 fnt\n|faint|p2b: Pelipper\n|\n|-weather|RainDance|[upkeep]\n|-damage|p2a: Basculegion|69/100 brn|[from] brn\n|-fieldend|move: Trick Room\n|upkeep\n|\n|t:|1776637128\n|switch|p2b: Sneasler|Sneasler, L50, F, shiny|74/100\n|turn|6\n|\n|t:|1776637136\n|move|p1b: Crabominable|Protect|p1b: Crabominable\n|-singleturn|p1b: Crabominable|Protect\n|move|p2a: Basculegion|Last Respects|p1a: Slowking\n|-supereffective|p1a: Slowking|1\n|-damage|p1a: Slowking|51/100\n|move|p2b: Sneasler|Close Combat|p1b: Crabominable\n|-activate|p1b: Crabominable|move: Protect\n|-prepare|p1a: Slowking|Chilly Reception|[premajor]\n|move|p1a: Slowking|Chilly Reception|p1a: Slowking\n|-weather|Snowscape\n|\n|t:|1776637147\n|switch|p1a: Weavile|Weavile, L50, M|1/100|[from] Chilly Reception\n|-ability|p1a: Weavile|Pressure\n|\n|-weather|Snowscape|[upkeep]\n|-damage|p2a: Basculegion|62/100 brn|[from] brn\n|upkeep\n|turn|7\n|\n|t:|1776637165\n|move|p2b: Sneasler|Protect|p2b: Sneasler\n|-singleturn|p2b: Sneasler|Protect\n|move|p1a: Weavile|Fake Out|p2b: Sneasler\n|-activate|p2b: Sneasler|move: Protect\n|move|p2a: Basculegion|Aqua Jet|p1a: Weavile\n|-damage|p1a: Weavile|0 fnt\n|faint|p1a: Weavile\n|move|p1b: Crabominable|Thunder Punch|p2a: Basculegion\n|-supereffective|p2a: Basculegion|1\n|-damage|p2a: Basculegion|0 fnt\n|faint|p2a: Basculegion\n|\n|-weather|Snowscape|[upkeep]\n|upkeep\n|\n|t:|1776637178\n|switch|p1a: Slowking|Slowking, L50, M|51/100\n|switch|p2a: Incineroar|Incineroar, L50, M, shiny|100/100\n|-ability|p2a: Incineroar|Intimidate|boost\n|-fail|p1a: Slowking|unboost|Attack|[from] ability: Oblivious|[of] p1a: Slowking\n|-unboost|p1b: Crabominable|atk|1\n|turn|8\n|\n|t:|1776637198\n|move|p1b: Crabominable|Protect|p1b: Crabominable\n|-singleturn|p1b: Crabominable|Protect\n|move|p2a: Incineroar|Fake Out|p1a: Slowking\n|-damage|p1a: Slowking|42/100\n|move|p2b: Sneasler|Dire Claw|p1a: Slowking\n|-damage|p1a: Slowking|0 fnt\n|faint|p1a: Slowking\n|\n|-weather|Snowscape|[upkeep]\n|upkeep\n|\n|t:|1776637207\n|switch|p1a: Armarouge|Armarouge, L50, F, shiny|100/100\n|turn|9\n|\n|t:|1776637218\n|move|p2b: Sneasler|Close Combat|p1b: Crabominable\n|-supereffective|p1b: Crabominable|1\n|-damage|p1b: Crabominable|27/100\n|-unboost|p2b: Sneasler|def|1\n|-unboost|p2b: Sneasler|spd|1\n|move|p1a: Armarouge|Psychic|p2b: Sneasler\n|-supereffective|p2b: Sneasler|2\n|-damage|p2b: Sneasler|0 fnt\n|faint|p2b: Sneasler\n|move|p2a: Incineroar|Darkest Lariat|p1a: Armarouge\n|-supereffective|p1a: Armarouge|1\n|-damage|p1a: Armarouge|34/100\n|move|p1b: Crabominable|Drain Punch|p2a: Incineroar\n|-supereffective|p2a: Incineroar|1\n|-damage|p2a: Incineroar|37/100\n|-heal|p1b: Crabominable|58/100|[from] drain|[of] p2a: Incineroar\n|-enditem|p2a: Incineroar|Sitrus Berry|[eat]\n|-heal|p2a: Incineroar|62/100|[from] item: Sitrus Berry\n|\n|-weather|Snowscape|[upkeep]\n|upkeep\n|turn|10\n|\n|t:|1776637245\n|move|p1b: Crabominable|Protect|p1b: Crabominable\n|-singleturn|p1b: Crabominable|Protect\n|move|p1a: Armarouge|Armor Cannon|p2a: Incineroar\n|-resisted|p2a: Incineroar|1\n|-damage|p2a: Incineroar|37/100\n|-unboost|p1a: Armarouge|def|1\n|-unboost|p1a: Armarouge|spd|1\n|move|p2a: Incineroar|Darkest Lariat|p1a: Armarouge\n|-supereffective|p1a: Armarouge|1\n|-damage|p1a: Armarouge|0 fnt\n|faint|p1a: Armarouge\n|\n|-weather|none\n|upkeep\n|turn|11\n|\n|t:|1776637257\n|move|p2a: Incineroar|Flare Blitz|p1b: Crabominable\n|-supereffective|p1b: Crabominable|1\n|-damage|p1b: Crabominable|0 fnt\n|faint|p1b: Crabominable\n|-damage|p2a: Incineroar|17/100|[from] Recoil\n|\n|win|lessa_ped\n|raw|Lilbabygreenbean's rating: 1008 &rarr; <strong>1000</strong><br />(-8 for losing)\n|raw|lessa_ped's rating: 1036 &rarr; <strong>1068</strong><br />(+32 for winning)\n|l|\u2606Lilbabygreenbean\n|player|p1|\n|c|\u2606lessa_ped|gg\n",
  "uploadtime": 1776637262,
  "views": 11,
  "formatid": "gen9championsvgc2026regma",
  "rating": 1000,
  "private": 0,
  "password": null
}