{
  "id": "gen9championsvgc2026regma-2582726786",
  "format": "[Gen 9 Champions] VGC 2026 Reg M-A",
  "players": [
    "vegemite360",
    "DISSSSS"
  ],
  "log": "|j|\u2606vegemite360\n|j|\u2606DISSSSS\n|t:|1776109919\n|gametype|doubles\n|player|p1|vegemite360|bugcatcher-gen4dp|1158\n|player|p2|DISSSSS|fisherman|1135\n|gen|9\n|tier|[Gen 9 Champions] VGC 2026 Reg M-A\n|rated|\n|rule|Species Clause: Limit one of each Pok\u00e9mon\n|rule|Item Clause: Limit 1 of each item\n|clearpoke\n|poke|p1|Crabominable, L50, F|\n|poke|p1|Primarina, L50, M|\n|poke|p1|Armarouge, L50, M|\n|poke|p1|Drampa, L50, F|\n|poke|p1|Sinistcha, L50|\n|poke|p1|Incineroar, L50, M|\n|poke|p2|Charizard, L50, M|\n|poke|p2|Venusaur, L50, M|\n|poke|p2|Typhlosion-Hisui, L50, M|\n|poke|p2|Garchomp, L50, M|\n|poke|p2|Whimsicott, L50, M|\n|poke|p2|Incineroar, L50, M|\n|teampreview|4\n|inactive|Battle timer is ON: inactive players will automatically lose when time's up. (requested by vegemite360)\n|inactive|DISSSSS also wants the timer to be on.\n|inactive|vegemite360 has 60 seconds left.\n|\n|t:|1776109955\n|teamsize|p1|4\n|teamsize|p2|4\n|start\n|switch|p1a: Armarouge|Armarouge, L50, M|100/100\n|switch|p1b: Incineroar|Incineroar, L50, M|100/100\n|switch|p2a: Garchomp|Garchomp, L50, M|100/100\n|switch|p2b: Charizard|Charizard, L50, M|100/100\n|-ability|p1b: Incineroar|Intimidate|boost\n|-unboost|p2a: Garchomp|atk|1\n|-unboost|p2b: Charizard|atk|1\n|turn|1\n|\n|t:|1776109964\n|move|p2b: Charizard|Protect|p2b: Charizard\n|-singleturn|p2b: Charizard|Protect\n|move|p1b: Incineroar|Fake Out|p2a: Garchomp\n|-damage|p2a: Garchomp|90/100\n|-damage|p1b: Incineroar|88/100|[from] ability: Rough Skin|[of] p2a: Garchomp\n|cant|p2a: Garchomp|flinch\n|move|p1a: Armarouge|Trick Room|p1a: Armarouge\n|-fieldstart|move: Trick Room|[of] p1a: Armarouge\n|\n|upkeep\n|turn|2\n|inactive|DISSSSS has 30 seconds left.\n|\n|t:|1776109990\n|switch|p2b: Incineroar|Incineroar, L50, M|100/100\n|-ability|p2b: Incineroar|Intimidate|boost\n|-unboost|p1a: Armarouge|atk|1\n|-unboost|p1b: Incineroar|atk|1\n|-enditem|p1a: Armarouge|White Herb\n|-clearnegativeboost|p1a: Armarouge|[silent]\n|move|p1b: Incineroar|Will-O-Wisp|p2a: Garchomp\n|-status|p2a: Garchomp|brn\n|move|p1a: Armarouge|Psyshock|p2b: Incineroar\n|-immune|p2b: Incineroar\n|move|p2a: Garchomp|Rock Slide|p1b: Incineroar|[spread] p1a,p1b\n|-supereffective|p1a: Armarouge|1\n|-supereffective|p1b: Incineroar|1\n|-crit|p1b: Incineroar\n|-damage|p1a: Armarouge|87/100\n|-damage|p1b: Incineroar|64/100\n|\n|-damage|p2a: Garchomp|84/100 brn|[from] brn\n|upkeep\n|turn|3\n|inactive|DISSSSS has 30 seconds left.\n|\n|t:|1776110017\n|switch|p1a: Drampa|Drampa, L50, F|100/100\n|-ability|p1a: Drampa|Cloud Nine\n|move|p2b: Incineroar|Fake Out|p1a: Drampa\n|-damage|p1a: Drampa|89/100\n|move|p1b: Incineroar|Parting Shot|p2b: Incineroar\n|-unboost|p2b: Incineroar|atk|1\n|-unboost|p2b: Incineroar|spa|1\n|\n|t:|1776110025\n|switch|p1b: Crabominable|Crabominable, L50, F|100/100|[from] Parting Shot\n|move|p2a: Garchomp|Rock Slide|p1b: Crabominable|[spread] p1a,p1b\n|-damage|p1a: Drampa|82/100\n|-damage|p1b: Crabominable|93/100\n|\n|-damage|p2a: Garchomp|78/100 brn|[from] brn\n|upkeep\n|turn|4\n|inactive|vegemite360 has 30 seconds left.\n|\n|t:|1776110051\n|detailschange|p1b: Crabominable|Crabominable-Mega, L50, F\n|-mega|p1b: Crabominable|Crabominable|Crabominite\n|move|p1b: Crabominable|Drain Punch|p2b: Incineroar\n|-supereffective|p2b: Incineroar|1\n|-damage|p2b: Incineroar|16/100\n|-heal|p1b: Crabominable|100/100|[from] drain|[of] p2b: Incineroar\n|-enditem|p2b: Incineroar|Sitrus Berry|[eat]\n|-heal|p2b: Incineroar|41/100|[from] item: Sitrus Berry\n|move|p1a: Drampa|Hyper Voice|p2b: Incineroar|[spread] p2a,p2b\n|-damage|p2a: Garchomp|37/100 brn\n|-damage|p2b: Incineroar|5/100\n|move|p2b: Incineroar|Parting Shot|p1b: Crabominable\n|-unboost|p1b: Crabominable|atk|1\n|-unboost|p1b: Crabominable|spa|1\n|\n|t:|1776110066\n|switch|p2b: Charizard|Charizard, L50, M|100/100|[from] Parting Shot\n|move|p2a: Garchomp|Dragon Claw|p1a: Drampa\n|-supereffective|p1a: Drampa|1\n|-enditem|p1a: Drampa|Haban Berry|[eat]\n|-enditem|p1a: Drampa|Haban Berry|[weaken]\n|-damage|p1a: Drampa|65/100\n|\n|-damage|p2a: Garchomp|31/100 brn|[from] brn\n|upkeep\n|turn|5\n|\n|t:|1776110081\n|switch|p1b: Armarouge|Armarouge, L50, M|87/100\n|switch|p2a: Incineroar|Incineroar, L50, M|5/100\n|-ability|p2a: Incineroar|Intimidate|boost\n|-unboost|p1a: Drampa|atk|1\n|-unboost|p1b: Armarouge|atk|1\n|move|p2b: Charizard|Protect|p2b: Charizard\n|-singleturn|p2b: Charizard|Protect\n|move|p1a: Drampa|Hyper Voice|p2b: Charizard|[spread] p2a\n|-activate|p2b: Charizard|move: Protect\n|-damage|p2a: Incineroar|0 fnt\n|faint|p2a: Incineroar\n|\n|-fieldend|move: Trick Room\n|upkeep\n|\n|t:|1776110095\n|switch|p2a: Garchomp|Garchomp, L50, M|31/100 brn\n|turn|6\n|\n|t:|1776110100\n|detailschange|p2b: Charizard|Charizard-Mega-Y, L50, M\n|-mega|p2b: Charizard|Charizard|Charizardite Y\n|-weather|SunnyDay|[from] ability: Drought|[of] p2b: Charizard\n|move|p2a: Garchomp|Earthquake|p1a: Drampa|[spread] p1a,p1b\n|-immune|p2b: Charizard\n|-supereffective|p1b: Armarouge|1\n|-damage|p1a: Drampa|38/100\n|-damage|p1b: Armarouge|42/100\n|move|p2b: Charizard|Weather Ball|p1a: Drampa\n|-damage|p1a: Drampa|17/100\n|move|p1a: Drampa|Hyper Voice|p2b: Charizard|[spread] p2a,p2b\n|-damage|p2a: Garchomp|0 fnt\n|-damage|p2b: Charizard|62/100\n|faint|p2a: Garchomp\n|move|p1b: Armarouge|Trick Room|p1b: Armarouge\n|-fieldstart|move: Trick Room|[of] p1b: Armarouge\n|\n|-weather|SunnyDay|[upkeep]\n|upkeep\n|\n|t:|1776110107\n|switch|p2a: Whimsicott|Whimsicott, L50, M|100/100\n|turn|7\n|\n|t:|1776110116\n|move|p2a: Whimsicott|Encore|p1b: Armarouge\n|-start|p1b: Armarouge|Encore\n|move|p1a: Drampa|Hyper Voice|p2a: Whimsicott|[spread] p2a,p2b\n|-crit|p2b: Charizard\n|-damage|p2a: Whimsicott|34/100\n|-damage|p2b: Charizard|2/100\n|move|p2b: Charizard|Heat Wave|p1b: Armarouge|[spread] p1a\n|-start|p1b: Armarouge|ability: Flash Fire\n|-resisted|p1a: Drampa|1\n|-damage|p1a: Drampa|0 fnt\n|faint|p1a: Drampa\n|move|p1b: Armarouge|Trick Room|p1b: Armarouge\n|-fieldend|move: Trick Room\n|\n|-weather|SunnyDay|[upkeep]\n|upkeep\n|\n|t:|1776110121\n|switch|p1a: Crabominable|Crabominable-Mega, L50, F|100/100\n|turn|8\n|\n|t:|1776110127\n|-end|p1b: Armarouge|ability: Flash Fire|[silent]\n|switch|p1b: Incineroar|Incineroar, L50, M|64/100\n|-ability|p1b: Incineroar|Intimidate|boost\n|-unboost|p2a: Whimsicott|atk|1\n|-unboost|p2b: Charizard|atk|1\n|move|p1a: Crabominable|Mach Punch|p2b: Charizard\n|-resisted|p2b: Charizard|1\n|-damage|p2b: Charizard|0 fnt\n|faint|p2b: Charizard\n|move|p2a: Whimsicott|Moonblast|p1b: Incineroar\n|-damage|p1b: Incineroar|34/100\n|-enditem|p1b: Incineroar|Sitrus Berry|[eat]\n|-heal|p1b: Incineroar|59/100|[from] item: Sitrus Berry\n|\n|-weather|SunnyDay|[upkeep]\n|upkeep\n|turn|9\n|-message|DISSSSS forfeited.\n|\n|win|vegemite360\n|raw|vegemite360's rating: 1158 &rarr; <strong>1181</strong><br />(+23 for winning)\n|raw|DISSSSS's rating: 1135 &rarr; <strong>1112</strong><br />(-23 for losing)\n|l|\u2606DISSSSS\n|player|p2|\n",
  "uploadtime": 1776110138,
  "views": 14,
  "formatid": "gen9championsvgc2026regma",
  "rating": 1112,
  "private": 0,
  "password": null
}