{
  "id": "gen9championsvgc2026regma-2585791975",
  "format": "[Gen 9 Champions] VGC 2026 Reg M-A",
  "players": [
    "Otterz",
    "Jah_08"
  ],
  "log": "|j|\u2606Otterz\n|j|\u2606Jah_08\n|t:|1776370952\n|gametype|doubles\n|player|p1|Otterz|wattson|1359\n|player|p2|Jah_08|alder|1385\n|gen|9\n|tier|[Gen 9 Champions] VGC 2026 Reg M-A\n|rated|\n|rule|Species Clause: Limit one of each Pok\u00e9mon\n|rule|Item Clause: Limit 1 of each item\n|clearpoke\n|poke|p1|Meganium, L50, F|\n|poke|p1|Aegislash, L50, M|\n|poke|p1|Charizard, L50, M|\n|poke|p1|Sneasler, L50, M|\n|poke|p1|Aerodactyl, L50, M|\n|poke|p1|Milotic, L50, F|\n|poke|p2|Excadrill, L50, M|\n|poke|p2|Whimsicott, L50, M|\n|poke|p2|Chandelure, L50, M|\n|poke|p2|Zoroark-Hisui, L50, M|\n|poke|p2|Basculegion, L50, M|\n|poke|p2|Hydreigon, L50, M|\n|teampreview|4\n|inactive|Battle timer is ON: inactive players will automatically lose when time's up. (requested by Jah_08)\nJah_08 rejected open team sheets.\n|\n|t:|1776371015\n|teamsize|p1|4\n|teamsize|p2|4\n|start\n|switch|p1a: Milotic|Milotic, L50, F|100/100\n|switch|p1b: Aerodactyl|Aerodactyl, L50, M|100/100\n|switch|p2a: Basculegion|Basculegion, L50, M|100/100\n|switch|p2b: Whimsicott|Whimsicott, L50, M, shiny|100/100\n|-ability|p1b: Aerodactyl|Unnerve\n|turn|1\n|\n|t:|1776371033\n|move|p1b: Aerodactyl|Protect|p1b: Aerodactyl\n|-singleturn|p1b: Aerodactyl|Protect\n|move|p2a: Basculegion|Flip Turn|p1b: Aerodactyl\n|-activate|p1b: Aerodactyl|move: Protect\n|move|p2b: Whimsicott|Icy Wind|p1a: Milotic|[spread] p1a\n|-activate|p1b: Aerodactyl|move: Protect\n|-resisted|p1a: Milotic|1\n|-damage|p1a: Milotic|96/100\n|-unboost|p1a: Milotic|spe|1\n|-ability|p1a: Milotic|Competitive|boost\n|-boost|p1a: Milotic|spa|2\n|move|p1a: Milotic|Icy Wind|p2b: Whimsicott|[spread] p2a,p2b\n|-resisted|p2a: Basculegion|1\n|-damage|p2a: Basculegion|87/100\n|-damage|p2b: Whimsicott|54/100\n|-unboost|p2a: Basculegion|spe|1\n|-unboost|p2b: Whimsicott|spe|1\n|replace|p2b: Zoroark|Zoroark-Hisui, L50, M\n|-end|p2b: Zoroark|Illusion\n|\n|-heal|p1a: Milotic|100/100|[from] item: Leftovers\n|upkeep\n|turn|2\n|\n|t:|1776371057\n|move|p1b: Aerodactyl|Rock Slide|p2b: Zoroark|[spread] p2a,p2b\n|-damage|p2a: Basculegion|53/100\n|-damage|p2b: Zoroark|4/100\n|move|p2a: Basculegion|Flip Turn|p1b: Aerodactyl\n|-supereffective|p1b: Aerodactyl|1\n|-enditem|p1b: Aerodactyl|Focus Sash\n|-damage|p1b: Aerodactyl|1/100\n|\n|t:|1776371068\n|switch|p2a: Whimsicott|Whimsicott, L50, M, shiny|100/100|[from] Flip Turn\n|move|p2b: Zoroark|Icy Wind|p1b: Aerodactyl|[spread] p1a,p1b\n|-resisted|p1a: Milotic|1\n|-crit|p1a: Milotic\n|-supereffective|p1b: Aerodactyl|1\n|-damage|p1a: Milotic|93/100\n|-damage|p1b: Aerodactyl|0 fnt\n|-unboost|p1a: Milotic|spe|1\n|-ability|p1a: Milotic|Competitive|boost\n|-boost|p1a: Milotic|spa|2\n|faint|p1b: Aerodactyl\n|move|p1a: Milotic|Scald|p2a: Whimsicott\n|-resisted|p2a: Whimsicott|1\n|-damage|p2a: Whimsicott|36/100\n|-status|p2a: Whimsicott|brn\n|\n|-heal|p1a: Milotic|99/100|[from] item: Leftovers\n|-damage|p2a: Whimsicott|30/100 brn|[from] brn\n|upkeep\n|\n|t:|1776371083\n|switch|p1b: Charizard|Charizard, L50, M|100/100\n|turn|3\n|\n|t:|1776371097\n|detailschange|p1b: Charizard|Charizard-Mega-X, L50, M\n|-mega|p1b: Charizard|Charizard|Charizardite X\n|move|p2a: Whimsicott|Tailwind|p2a: Whimsicott\n|-sidestart|p2: Jah_08|move: Tailwind\n|move|p2b: Zoroark|Shadow Ball|p1a: Milotic\n|-damage|p1a: Milotic|61/100\n|move|p1b: Charizard|Dragon Dance|p1b: Charizard\n|-boost|p1b: Charizard|atk|1\n|-boost|p1b: Charizard|spe|1\n|move|p1a: Milotic|Icy Wind|p2b: Zoroark|[spread] p2a,p2b\n|-supereffective|p2a: Whimsicott|1\n|-damage|p2a: Whimsicott|0 fnt\n|-damage|p2b: Zoroark|0 fnt\n|faint|p2a: Whimsicott\n|faint|p2b: Zoroark\n|\n|-heal|p1a: Milotic|67/100|[from] item: Leftovers\n|upkeep\n|\n|t:|1776371115\n|switch|p2b: Excadrill|Excadrill, L50, M|100/100\n|switch|p2a: Basculegion|Basculegion, L50, M|53/100\n|-ability|p2b: Excadrill|Mold Breaker\n|turn|4\n|\n|t:|1776371133\n|move|p1b: Charizard|Protect|p1b: Charizard\n|-singleturn|p1b: Charizard|Protect\n|move|p2a: Basculegion|Last Respects|p1a: Milotic\n|-damage|p1a: Milotic|0 fnt\n|faint|p1a: Milotic\n|move|p2b: Excadrill|Rock Slide|p1b: Charizard\n|-activate|p1b: Charizard|move: Protect\n|\n|upkeep\n|\n|t:|1776371138\n|switch|p1a: Aegislash|Aegislash, L50, M|100/100\n|turn|5\n|\n|t:|1776371155\n|-formechange|p1a: Aegislash|Aegislash-Blade|\n|move|p1a: Aegislash|Shadow Sneak|p2a: Basculegion\n|-supereffective|p2a: Basculegion|1\n|-damage|p2a: Basculegion|0 fnt\n|faint|p2a: Basculegion\n|move|p2b: Excadrill|Rock Slide|p1a: Aegislash|[spread] p1a,p1b\n|-resisted|p1a: Aegislash|1\n|-supereffective|p1b: Charizard|1\n|-damage|p1a: Aegislash|84/100\n|-damage|p1b: Charizard|64/100\n|cant|p1b: Charizard|flinch\n|\n|upkeep\n|turn|6\n|\n|t:|1776371171\n|move|p1b: Charizard|Protect|p1b: Charizard\n|-singleturn|p1b: Charizard|Protect\n|move|p1a: Aegislash|Shadow Sneak|p2b: Excadrill\n|-damage|p2b: Excadrill|55/100\n|move|p2b: Excadrill|High Horsepower|p1b: Charizard\n|-activate|p1b: Charizard|move: Protect\n|\n|-sideend|p2: Jah_08|move: Tailwind\n|upkeep\n|turn|7\n|\n|t:|1776371188\n|move|p1b: Charizard|Dragon Claw|p2b: Excadrill\n|-resisted|p2b: Excadrill|1\n|-damage|p2b: Excadrill|0 fnt\n|faint|p2b: Excadrill\n|\n|win|Otterz\n|raw|Otterz's rating: 1359 &rarr; <strong>1380</strong><br />(+21 for winning)\n|raw|Jah_08's rating: 1385 &rarr; <strong>1364</strong><br />(-21 for losing)\n|l|\u2606Otterz\n|player|p1|\n",
  "uploadtime": 1776371195,
  "views": 40,
  "formatid": "gen9championsvgc2026regma",
  "rating": 1364,
  "private": 0,
  "password": null
}