{
  "id": "gen9championsvgc2026regma-2584689204",
  "format": "[Gen 9 Champions] VGC 2026 Reg M-A",
  "players": [
    "bertojiga",
    "thundablunda776"
  ],
  "log": "|j|\u2606bertojiga\n|j|\u2606thundablunda776\n|t:|1776276942\n|gametype|doubles\n|player|p1|bertojiga|266|1083\n|player|p2|thundablunda776|volo|1000\n|gen|9\n|tier|[Gen 9 Champions] VGC 2026 Reg M-A\n|rated|\n|rule|Species Clause: Limit one of each Pok\u00e9mon\n|rule|Item Clause: Limit 1 of each item\n|clearpoke\n|poke|p1|Arcanine, L50, F|\n|poke|p1|Rotom-Wash, L50|\n|poke|p1|Corviknight, L50, M|\n|poke|p1|Venusaur, L50, F|\n|poke|p1|Garchomp, L50, F|\n|poke|p1|Sneasler, L50, F|\n|poke|p2|Zoroark-Hisui, L50, M|\n|poke|p2|Chimecho, L50, F|\n|poke|p2|Slowbro, L50, M|\n|poke|p2|Sneasler, L50, F|\n|poke|p2|Lucario, L50, F|\n|poke|p2|Typhlosion-Hisui, L50, M|\n|teampreview|4\n|c|\u2606thundablunda776|PLEASE dont forfeit\nbertojiga has agreed to open team sheets.\n|inactive|Battle timer is ON: inactive players will automatically lose when time's up. (requested by bertojiga)\nthundablunda776 rejected open team sheets.\n|inactive|bertojiga has 60 seconds left.\n|\n|t:|1776276991\n|teamsize|p1|4\n|teamsize|p2|4\n|start\n|switch|p1a: Rotom|Rotom-Wash, L50|100/100\n|switch|p1b: Garchomp|Garchomp, L50, F, shiny|100/100\n|switch|p2a: \u26a0\ufe0fTURN OFF TIMER\u26a0\ufe0f|Typhlosion-Hisui, L50, M|100/100\n|switch|p2b: \ud83e\udec2PLS NO FORFEIT\ud83e\udec2|Slowbro, L50, M|100/100\n|-item|p1a: Rotom|Choice Scarf|[from] ability: Frisk|[of] p2a: \u26a0\ufe0fTURN OFF TIMER\u26a0\ufe0f\n|-item|p1b: Garchomp|White Herb|[from] ability: Frisk|[of] p2a: \u26a0\ufe0fTURN OFF TIMER\u26a0\ufe0f\n|turn|1\n|\n|t:|1776277007\n|move|p1b: Garchomp|Protect|p1b: Garchomp\n|-singleturn|p1b: Garchomp|Protect\n|move|p1a: Rotom|Discharge|p2a: \u26a0\ufe0fTURN OFF TIMER\u26a0\ufe0f|[spread] p2a,p2b\n|-activate|p1b: Garchomp|move: Protect\n|-damage|p2a: \u26a0\ufe0fTURN OFF TIMER\u26a0\ufe0f|68/100\n|-damage|p2b: \ud83e\udec2PLS NO FORFEIT\ud83e\udec2|47/100\n|-status|p2a: \u26a0\ufe0fTURN OFF TIMER\u26a0\ufe0f|par\n|-status|p2b: \ud83e\udec2PLS NO FORFEIT\ud83e\udec2|par\n|replace|p2b: \u2b05\ufe0fPLS READ\u2b05\ufe0f|Zoroark-Hisui, L50, M\n|-end|p2b: \u2b05\ufe0fPLS READ\u2b05\ufe0f|Illusion\n|move|p2a: \u26a0\ufe0fTURN OFF TIMER\u26a0\ufe0f|Shadow Ball|p1a: Rotom\n|-damage|p1a: Rotom|38/100\n|move|p2b: \u2b05\ufe0fPLS READ\u2b05\ufe0f|Hyper Voice|p1b: Garchomp|[spread] p1a\n|-activate|p1b: Garchomp|move: Protect\n|-crit|p1a: Rotom\n|-damage|p1a: Rotom|0 fnt\n|faint|p1a: Rotom\n|\n|upkeep\n|\n|t:|1776277028\n|switch|p1a: Arcanine|Arcanine, L50, F|100/100\n|-ability|p1a: Arcanine|Intimidate|boost\n|-unboost|p2a: \u26a0\ufe0fTURN OFF TIMER\u26a0\ufe0f|atk|1\n|-unboost|p2b: \u2b05\ufe0fPLS READ\u2b05\ufe0f|atk|1\n|turn|2\n|\n|t:|1776277036\n|move|p1b: Garchomp|Stone Edge|p2a: \u26a0\ufe0fTURN OFF TIMER\u26a0\ufe0f\n|-supereffective|p2a: \u26a0\ufe0fTURN OFF TIMER\u26a0\ufe0f|1\n|-damage|p2a: \u26a0\ufe0fTURN OFF TIMER\u26a0\ufe0f|0 fnt\n|faint|p2a: \u26a0\ufe0fTURN OFF TIMER\u26a0\ufe0f\n|move|p1a: Arcanine|Snarl|p2b: \u2b05\ufe0fPLS READ\u2b05\ufe0f\n|-supereffective|p2b: \u2b05\ufe0fPLS READ\u2b05\ufe0f|1\n|-damage|p2b: \u2b05\ufe0fPLS READ\u2b05\ufe0f|0 fnt\n|faint|p2b: \u2b05\ufe0fPLS READ\u2b05\ufe0f\n|\n|upkeep\n|\n|t:|1776277039\n|switch|p2b: Sisyphus \ud83e\udea8\ud83e\udef7|Chimecho, L50, F, shiny|100/100\n|switch|p2a: \ud83e\udec2PLS NO FORFEIT\ud83e\udec2|Slowbro, L50, M|100/100\n|turn|3\n|\n|t:|1776277048\n|detailschange|p2a: \ud83e\udec2PLS NO FORFEIT\ud83e\udec2|Slowbro-Mega, L50, M\n|-mega|p2a: \ud83e\udec2PLS NO FORFEIT\ud83e\udec2|Slowbro|Slowbronite\n|move|p1b: Garchomp|Protect|p1b: Garchomp\n|-singleturn|p1b: Garchomp|Protect\n|move|p1a: Arcanine|Snarl|p2b: Sisyphus \ud83e\udea8\ud83e\udef7|[spread] p2a,p2b\n|-supereffective|p2a: \ud83e\udec2PLS NO FORFEIT\ud83e\udec2|1\n|-supereffective|p2b: Sisyphus \ud83e\udea8\ud83e\udef7|1\n|-damage|p2a: \ud83e\udec2PLS NO FORFEIT\ud83e\udec2|88/100\n|-damage|p2b: Sisyphus \ud83e\udea8\ud83e\udef7|86/100\n|-unboost|p2a: \ud83e\udec2PLS NO FORFEIT\ud83e\udec2|spa|1\n|-unboost|p2b: Sisyphus \ud83e\udea8\ud83e\udef7|spa|1\n|move|p2b: Sisyphus \ud83e\udea8\ud83e\udef7|Cosmic Power|p2b: Sisyphus \ud83e\udea8\ud83e\udef7\n|-boost|p2b: Sisyphus \ud83e\udea8\ud83e\udef7|def|1\n|-boost|p2b: Sisyphus \ud83e\udea8\ud83e\udef7|spd|1\n|move|p2a: \ud83e\udec2PLS NO FORFEIT\ud83e\udec2|Muddy Water|p1b: Garchomp|[spread] p1a\n|-activate|p1b: Garchomp|move: Protect\n|-supereffective|p1a: Arcanine|1\n|-damage|p1a: Arcanine|60/100\n|\n|upkeep\n|turn|4\n|\n|t:|1776277066\n|move|p1b: Garchomp|Dragon Claw|p2b: Sisyphus \ud83e\udea8\ud83e\udef7\n|-damage|p2b: Sisyphus \ud83e\udea8\ud83e\udef7|57/100\n|move|p1a: Arcanine|Snarl|p2a: \ud83e\udec2PLS NO FORFEIT\ud83e\udec2|[spread] p2b\n|-miss|p1a: Arcanine|p2a: \ud83e\udec2PLS NO FORFEIT\ud83e\udec2\n|-supereffective|p2b: Sisyphus \ud83e\udea8\ud83e\udef7|1\n|-damage|p2b: Sisyphus \ud83e\udea8\ud83e\udef7|47/100\n|-unboost|p2b: Sisyphus \ud83e\udea8\ud83e\udef7|spa|1\n|move|p2b: Sisyphus \ud83e\udea8\ud83e\udef7|Cosmic Power|p2b: Sisyphus \ud83e\udea8\ud83e\udef7\n|-boost|p2b: Sisyphus \ud83e\udea8\ud83e\udef7|def|1\n|-boost|p2b: Sisyphus \ud83e\udea8\ud83e\udef7|spd|1\n|move|p2a: \ud83e\udec2PLS NO FORFEIT\ud83e\udec2|Muddy Water|p1a: Arcanine|[spread] p1b\n|-miss|p2a: \ud83e\udec2PLS NO FORFEIT\ud83e\udec2|p1a: Arcanine\n|-damage|p1b: Garchomp|78/100\n|\n|upkeep\n|turn|5\n|\n|t:|1776277077\n|move|p1b: Garchomp|Dragon Claw|p2b: Sisyphus \ud83e\udea8\ud83e\udef7\n|-damage|p2b: Sisyphus \ud83e\udea8\ud83e\udef7|25/100\n|move|p1a: Arcanine|Snarl|p2a: \ud83e\udec2PLS NO FORFEIT\ud83e\udec2|[spread] p2a,p2b\n|-supereffective|p2a: \ud83e\udec2PLS NO FORFEIT\ud83e\udec2|1\n|-supereffective|p2b: Sisyphus \ud83e\udea8\ud83e\udef7|1\n|-damage|p2a: \ud83e\udec2PLS NO FORFEIT\ud83e\udec2|74/100\n|-damage|p2b: Sisyphus \ud83e\udea8\ud83e\udef7|17/100\n|-unboost|p2a: \ud83e\udec2PLS NO FORFEIT\ud83e\udec2|spa|1\n|-unboost|p2b: Sisyphus \ud83e\udea8\ud83e\udef7|spa|1\n|move|p2b: Sisyphus \ud83e\udea8\ud83e\udef7|Recover|p2b: Sisyphus \ud83e\udea8\ud83e\udef7\n|-heal|p2b: Sisyphus \ud83e\udea8\ud83e\udef7|67/100\n|move|p2a: \ud83e\udec2PLS NO FORFEIT\ud83e\udec2|Skill Swap|p2b: Sisyphus \ud83e\udea8\ud83e\udef7\n|-activate|p2a: \ud83e\udec2PLS NO FORFEIT\ud83e\udec2|Skill Swap|||[of] p2b: Sisyphus \ud83e\udea8\ud83e\udef7\n|\n|upkeep\n|turn|6\n|\n|t:|1776277096\n|move|p1b: Garchomp|Dragon Claw|p2a: \ud83e\udec2PLS NO FORFEIT\ud83e\udec2\n|-damage|p2a: \ud83e\udec2PLS NO FORFEIT\ud83e\udec2|52/100\n|move|p1a: Arcanine|Snarl|p2a: \ud83e\udec2PLS NO FORFEIT\ud83e\udec2|[spread] p2a,p2b\n|-supereffective|p2a: \ud83e\udec2PLS NO FORFEIT\ud83e\udec2|1\n|-supereffective|p2b: Sisyphus \ud83e\udea8\ud83e\udef7|1\n|-damage|p2a: \ud83e\udec2PLS NO FORFEIT\ud83e\udec2|40/100\n|-damage|p2b: Sisyphus \ud83e\udea8\ud83e\udef7|59/100\n|-unboost|p2a: \ud83e\udec2PLS NO FORFEIT\ud83e\udec2|spa|1\n|-unboost|p2b: Sisyphus \ud83e\udea8\ud83e\udef7|spa|1\n|move|p2b: Sisyphus \ud83e\udea8\ud83e\udef7|Recover|p2b: Sisyphus \ud83e\udea8\ud83e\udef7\n|-heal|p2b: Sisyphus \ud83e\udea8\ud83e\udef7|100/100\n|move|p2a: \ud83e\udec2PLS NO FORFEIT\ud83e\udec2|Muddy Water|p1a: Arcanine|[spread] p1a\n|-miss|p2a: \ud83e\udec2PLS NO FORFEIT\ud83e\udec2|p1b: Garchomp\n|-supereffective|p1a: Arcanine|1\n|-damage|p1a: Arcanine|32/100\n|-enditem|p1a: Arcanine|Sitrus Berry|[eat]\n|-heal|p1a: Arcanine|57/100|[from] item: Sitrus Berry\n|\n|upkeep\n|turn|7\n|\n|t:|1776277117\n|move|p1b: Garchomp|Dragon Claw|p2a: \ud83e\udec2PLS NO FORFEIT\ud83e\udec2\n|-damage|p2a: \ud83e\udec2PLS NO FORFEIT\ud83e\udec2|17/100\n|move|p1a: Arcanine|Snarl|p2b: Sisyphus \ud83e\udea8\ud83e\udef7|[spread] p2a,p2b\n|-supereffective|p2a: \ud83e\udec2PLS NO FORFEIT\ud83e\udec2|1\n|-supereffective|p2b: Sisyphus \ud83e\udea8\ud83e\udef7|1\n|-damage|p2a: \ud83e\udec2PLS NO FORFEIT\ud83e\udec2|4/100\n|-damage|p2b: Sisyphus \ud83e\udea8\ud83e\udef7|94/100\n|-unboost|p2a: \ud83e\udec2PLS NO FORFEIT\ud83e\udec2|spa|1\n|-unboost|p2b: Sisyphus \ud83e\udea8\ud83e\udef7|spa|1\n|move|p2b: Sisyphus \ud83e\udea8\ud83e\udef7|Cosmic Power|p2b: Sisyphus \ud83e\udea8\ud83e\udef7\n|-boost|p2b: Sisyphus \ud83e\udea8\ud83e\udef7|def|1\n|-boost|p2b: Sisyphus \ud83e\udea8\ud83e\udef7|spd|1\n|move|p2a: \ud83e\udec2PLS NO FORFEIT\ud83e\udec2|Slack Off|p2a: \ud83e\udec2PLS NO FORFEIT\ud83e\udec2\n|-heal|p2a: \ud83e\udec2PLS NO FORFEIT\ud83e\udec2|54/100\n|\n|upkeep\n|turn|8\n|\n|t:|1776277130\n|move|p1b: Garchomp|Dragon Claw|p2a: \ud83e\udec2PLS NO FORFEIT\ud83e\udec2\n|-damage|p2a: \ud83e\udec2PLS NO FORFEIT\ud83e\udec2|34/100\n|move|p1a: Arcanine|Snarl|p2a: \ud83e\udec2PLS NO FORFEIT\ud83e\udec2|[spread] p2a,p2b\n|-supereffective|p2a: \ud83e\udec2PLS NO FORFEIT\ud83e\udec2|1\n|-supereffective|p2b: Sisyphus \ud83e\udea8\ud83e\udef7|1\n|-damage|p2a: \ud83e\udec2PLS NO FORFEIT\ud83e\udec2|21/100\n|-damage|p2b: Sisyphus \ud83e\udea8\ud83e\udef7|87/100\n|-unboost|p2a: \ud83e\udec2PLS NO FORFEIT\ud83e\udec2|spa|1\n|-unboost|p2b: Sisyphus \ud83e\udea8\ud83e\udef7|spa|1\n|move|p2b: Sisyphus \ud83e\udea8\ud83e\udef7|Cosmic Power|p2b: Sisyphus \ud83e\udea8\ud83e\udef7\n|-boost|p2b: Sisyphus \ud83e\udea8\ud83e\udef7|def|1\n|-boost|p2b: Sisyphus \ud83e\udea8\ud83e\udef7|spd|1\n|move|p2a: \ud83e\udec2PLS NO FORFEIT\ud83e\udec2|Slack Off|p2a: \ud83e\udec2PLS NO FORFEIT\ud83e\udec2\n|-heal|p2a: \ud83e\udec2PLS NO FORFEIT\ud83e\udec2|71/100\n|\n|upkeep\n|turn|9\n|\n|t:|1776277150\n|move|p1b: Garchomp|Dragon Claw|p2a: \ud83e\udec2PLS NO FORFEIT\ud83e\udec2\n|-damage|p2a: \ud83e\udec2PLS NO FORFEIT\ud83e\udec2|51/100\n|move|p1a: Arcanine|Will-O-Wisp|p2a: \ud83e\udec2PLS NO FORFEIT\ud83e\udec2|[miss]\n|-miss|p1a: Arcanine|p2a: \ud83e\udec2PLS NO FORFEIT\ud83e\udec2\n|move|p2b: Sisyphus \ud83e\udea8\ud83e\udef7|Cosmic Power|p2b: Sisyphus \ud83e\udea8\ud83e\udef7\n|-boost|p2b: Sisyphus \ud83e\udea8\ud83e\udef7|def|1\n|-boost|p2b: Sisyphus \ud83e\udea8\ud83e\udef7|spd|1\n|move|p2a: \ud83e\udec2PLS NO FORFEIT\ud83e\udec2|Slack Off|p2a: \ud83e\udec2PLS NO FORFEIT\ud83e\udec2\n|-heal|p2a: \ud83e\udec2PLS NO FORFEIT\ud83e\udec2|100/100\n|\n|upkeep\n|turn|10\n|\n|t:|1776277162\n|move|p1b: Garchomp|Stone Edge|p2a: \ud83e\udec2PLS NO FORFEIT\ud83e\udec2\n|-damage|p2a: \ud83e\udec2PLS NO FORFEIT\ud83e\udec2|84/100\n|move|p1a: Arcanine|Will-O-Wisp|p2a: \ud83e\udec2PLS NO FORFEIT\ud83e\udec2|[miss]\n|-miss|p1a: Arcanine|p2a: \ud83e\udec2PLS NO FORFEIT\ud83e\udec2\n|move|p2b: Sisyphus \ud83e\udea8\ud83e\udef7|Cosmic Power|p2b: Sisyphus \ud83e\udea8\ud83e\udef7\n|-boost|p2b: Sisyphus \ud83e\udea8\ud83e\udef7|def|1\n|-boost|p2b: Sisyphus \ud83e\udea8\ud83e\udef7|spd|1\n|move|p2a: \ud83e\udec2PLS NO FORFEIT\ud83e\udec2|Muddy Water|p1b: Garchomp|[spread] p1b\n|-miss|p2a: \ud83e\udec2PLS NO FORFEIT\ud83e\udec2|p1a: Arcanine\n|-damage|p1b: Garchomp|70/100\n|-unboost|p1b: Garchomp|accuracy|1\n|-enditem|p1b: Garchomp|White Herb\n|-clearnegativeboost|p1b: Garchomp|[silent]\n|\n|upkeep\n|turn|11\n|\n|t:|1776277176\n|move|p1b: Garchomp|Dragon Claw|p2a: \ud83e\udec2PLS NO FORFEIT\ud83e\udec2\n|-damage|p2a: \ud83e\udec2PLS NO FORFEIT\ud83e\udec2|61/100\n|move|p1a: Arcanine|Will-O-Wisp|p2a: \ud83e\udec2PLS NO FORFEIT\ud83e\udec2|[miss]\n|-miss|p1a: Arcanine|p2a: \ud83e\udec2PLS NO FORFEIT\ud83e\udec2\n|move|p2b: Sisyphus \ud83e\udea8\ud83e\udef7|Recover|p2b: Sisyphus \ud83e\udea8\ud83e\udef7\n|-heal|p2b: Sisyphus \ud83e\udea8\ud83e\udef7|100/100\n|move|p2a: \ud83e\udec2PLS NO FORFEIT\ud83e\udec2|Muddy Water|p1a: Arcanine|[spread] p1a,p1b\n|-supereffective|p1a: Arcanine|1\n|-damage|p1a: Arcanine|39/100\n|-damage|p1b: Garchomp|61/100\n|\n|upkeep\n|turn|12\n|c|\u2606bertojiga|lool\n|\n|t:|1776277188\n|move|p1b: Garchomp|Dragon Claw|p2a: \ud83e\udec2PLS NO FORFEIT\ud83e\udec2\n|-damage|p2a: \ud83e\udec2PLS NO FORFEIT\ud83e\udec2|39/100\n|move|p1a: Arcanine|Snarl|p2a: \ud83e\udec2PLS NO FORFEIT\ud83e\udec2|[spread] p2a,p2b\n|-supereffective|p2a: \ud83e\udec2PLS NO FORFEIT\ud83e\udec2|1\n|-supereffective|p2b: Sisyphus \ud83e\udea8\ud83e\udef7|1\n|-damage|p2a: \ud83e\udec2PLS NO FORFEIT\ud83e\udec2|25/100\n|-damage|p2b: Sisyphus \ud83e\udea8\ud83e\udef7|97/100\n|-unboost|p2a: \ud83e\udec2PLS NO FORFEIT\ud83e\udec2|spa|1\n|move|p2b: Sisyphus \ud83e\udea8\ud83e\udef7|Heal Pulse|p2a: \ud83e\udec2PLS NO FORFEIT\ud83e\udec2\n|-heal|p2a: \ud83e\udec2PLS NO FORFEIT\ud83e\udec2|75/100\n|move|p2a: \ud83e\udec2PLS NO FORFEIT\ud83e\udec2|Muddy Water|p1b: Garchomp|[spread] p1a,p1b\n|-supereffective|p1a: Arcanine|1\n|-damage|p1a: Arcanine|21/100\n|-damage|p1b: Garchomp|53/100\n|-unboost|p1a: Arcanine|accuracy|1\n|-unboost|p1b: Garchomp|accuracy|1\n|\n|upkeep\n|turn|13\n|\n|t:|1776277203\n|move|p1b: Garchomp|Protect|p1b: Garchomp\n|-singleturn|p1b: Garchomp|Protect\n|move|p1a: Arcanine|Snarl|p2a: \ud83e\udec2PLS NO FORFEIT\ud83e\udec2|[spread] p2a,p2b\n|-supereffective|p2a: \ud83e\udec2PLS NO FORFEIT\ud83e\udec2|1\n|-crit|p2a: \ud83e\udec2PLS NO FORFEIT\ud83e\udec2\n|-supereffective|p2b: Sisyphus \ud83e\udea8\ud83e\udef7|1\n|-damage|p2a: \ud83e\udec2PLS NO FORFEIT\ud83e\udec2|57/100\n|-damage|p2b: Sisyphus \ud83e\udea8\ud83e\udef7|94/100\n|move|p2b: Sisyphus \ud83e\udea8\ud83e\udef7|Heal Pulse|p2a: \ud83e\udec2PLS NO FORFEIT\ud83e\udec2\n|-heal|p2a: \ud83e\udec2PLS NO FORFEIT\ud83e\udec2|100/100\n|move|p2a: \ud83e\udec2PLS NO FORFEIT\ud83e\udec2|Muddy Water|p1b: Garchomp|[spread] p1a\n|-activate|p1b: Garchomp|move: Protect\n|-supereffective|p1a: Arcanine|1\n|-damage|p1a: Arcanine|5/100\n|\n|upkeep\n|turn|14\n|\n|t:|1776277219\n|move|p1b: Garchomp|Stone Edge|p2a: \ud83e\udec2PLS NO FORFEIT\ud83e\udec2|[miss]\n|-miss|p1b: Garchomp|p2a: \ud83e\udec2PLS NO FORFEIT\ud83e\udec2\n|move|p1a: Arcanine|Will-O-Wisp|p2a: \ud83e\udec2PLS NO FORFEIT\ud83e\udec2|[miss]\n|-miss|p1a: Arcanine|p2a: \ud83e\udec2PLS NO FORFEIT\ud83e\udec2\n|move|p2b: Sisyphus \ud83e\udea8\ud83e\udef7|Recover|p2b: Sisyphus \ud83e\udea8\ud83e\udef7\n|-heal|p2b: Sisyphus \ud83e\udea8\ud83e\udef7|100/100\n|move|p2a: \ud83e\udec2PLS NO FORFEIT\ud83e\udec2|Muddy Water|p1a: Arcanine|[spread] p1b\n|-miss|p2a: \ud83e\udec2PLS NO FORFEIT\ud83e\udec2|p1a: Arcanine\n|-damage|p1b: Garchomp|45/100\n|-unboost|p1b: Garchomp|accuracy|1\n|\n|upkeep\n|turn|15\n|\n|t:|1776277227\n|move|p1b: Garchomp|Dragon Claw|p2a: \ud83e\udec2PLS NO FORFEIT\ud83e\udec2\n|-damage|p2a: \ud83e\udec2PLS NO FORFEIT\ud83e\udec2|81/100\n|move|p1a: Arcanine|Snarl|p2a: \ud83e\udec2PLS NO FORFEIT\ud83e\udec2|[spread] p2a,p2b\n|-supereffective|p2a: \ud83e\udec2PLS NO FORFEIT\ud83e\udec2|1\n|-supereffective|p2b: Sisyphus \ud83e\udea8\ud83e\udef7|1\n|-damage|p2a: \ud83e\udec2PLS NO FORFEIT\ud83e\udec2|68/100\n|-damage|p2b: Sisyphus \ud83e\udea8\ud83e\udef7|97/100\n|move|p2b: Sisyphus \ud83e\udea8\ud83e\udef7|Recover|p2b: Sisyphus \ud83e\udea8\ud83e\udef7\n|-heal|p2b: Sisyphus \ud83e\udea8\ud83e\udef7|100/100\n|move|p2a: \ud83e\udec2PLS NO FORFEIT\ud83e\udec2|Muddy Water|p1b: Garchomp|[spread] p1a,p1b\n|-supereffective|p1a: Arcanine|1\n|-damage|p1a: Arcanine|0 fnt\n|-damage|p1b: Garchomp|38/100\n|-unboost|p1b: Garchomp|accuracy|1\n|faint|p1a: Arcanine\n|\n|upkeep\n|\n|t:|1776277238\n|switch|p1a: Venusaur|Venusaur, L50, F, shiny|100/100\n|turn|16\n|\n|t:|1776277244\n|detailschange|p1a: Venusaur|Venusaur-Mega, L50, F, shiny\n|-mega|p1a: Venusaur|Venusaur|Venusaurite\n|move|p1b: Garchomp|Protect|p1b: Garchomp\n|-singleturn|p1b: Garchomp|Protect\n|move|p1a: Venusaur|Leech Seed|p2b: Sisyphus \ud83e\udea8\ud83e\udef7\n|-start|p2b: Sisyphus \ud83e\udea8\ud83e\udef7|move: Leech Seed\n|move|p2b: Sisyphus \ud83e\udea8\ud83e\udef7|Heal Pulse|p2a: \ud83e\udec2PLS NO FORFEIT\ud83e\udec2\n|-heal|p2a: \ud83e\udec2PLS NO FORFEIT\ud83e\udec2|100/100\n|move|p2a: \ud83e\udec2PLS NO FORFEIT\ud83e\udec2|Muddy Water|p1a: Venusaur|[spread] p1a\n|-activate|p1b: Garchomp|move: Protect\n|-resisted|p1a: Venusaur|1\n|-damage|p1a: Venusaur|98/100\n|-unboost|p1a: Venusaur|accuracy|1\n|\n|-damage|p2b: Sisyphus \ud83e\udea8\ud83e\udef7|88/100|[from] Leech Seed|[of] p1a: Venusaur\n|-heal|p1a: Venusaur|100/100|[silent]\n|upkeep\n|turn|17\n|\n|t:|1776277258\n|move|p1b: Garchomp|Dragon Claw|p2a: \ud83e\udec2PLS NO FORFEIT\ud83e\udec2|[miss]\n|-miss|p1b: Garchomp|p2a: \ud83e\udec2PLS NO FORFEIT\ud83e\udec2\n|move|p1a: Venusaur|Leech Seed|p2a: \ud83e\udec2PLS NO FORFEIT\ud83e\udec2|[miss]\n|-miss|p1a: Venusaur|p2a: \ud83e\udec2PLS NO FORFEIT\ud83e\udec2\n|move|p2b: Sisyphus \ud83e\udea8\ud83e\udef7|Recover|p2b: Sisyphus \ud83e\udea8\ud83e\udef7\n|-heal|p2b: Sisyphus \ud83e\udea8\ud83e\udef7|100/100\n|move|p2a: \ud83e\udec2PLS NO FORFEIT\ud83e\udec2|Muddy Water|p1b: Garchomp|[spread] p1a,p1b\n|-resisted|p1a: Venusaur|1\n|-damage|p1a: Venusaur|98/100\n|-damage|p1b: Garchomp|30/100\n|-unboost|p1a: Venusaur|accuracy|1\n|-unboost|p1b: Garchomp|accuracy|1\n|\n|-damage|p2b: Sisyphus \ud83e\udea8\ud83e\udef7|88/100|[from] Leech Seed|[of] p1a: Venusaur\n|-heal|p1a: Venusaur|100/100|[silent]\n|upkeep\n|turn|18\n|\n|t:|1776277283\n|move|p1b: Garchomp|Protect|p1b: Garchomp\n|-singleturn|p1b: Garchomp|Protect\n|move|p1a: Venusaur|Leech Seed|p2a: \ud83e\udec2PLS NO FORFEIT\ud83e\udec2\n|-start|p2a: \ud83e\udec2PLS NO FORFEIT\ud83e\udec2|move: Leech Seed\n|move|p2b: Sisyphus \ud83e\udea8\ud83e\udef7|Recover|p2b: Sisyphus \ud83e\udea8\ud83e\udef7\n|-heal|p2b: Sisyphus \ud83e\udea8\ud83e\udef7|100/100\n|move|p2a: \ud83e\udec2PLS NO FORFEIT\ud83e\udec2|Muddy Water|p1b: Garchomp|[spread] \n|-activate|p1b: Garchomp|move: Protect\n|-miss|p2a: \ud83e\udec2PLS NO FORFEIT\ud83e\udec2|p1a: Venusaur\n|\n|-damage|p2b: Sisyphus \ud83e\udea8\ud83e\udef7|88/100|[from] Leech Seed|[of] p1a: Venusaur\n|-damage|p2a: \ud83e\udec2PLS NO FORFEIT\ud83e\udec2|88/100|[from] Leech Seed|[of] p1a: Venusaur\n|upkeep\n|turn|19\n|inactive|thundablunda776 has 30 seconds left.\n|\n|t:|1776277315\n|move|p1b: Garchomp|Dragon Claw|p2a: \ud83e\udec2PLS NO FORFEIT\ud83e\udec2|[miss]\n|-miss|p1b: Garchomp|p2a: \ud83e\udec2PLS NO FORFEIT\ud83e\udec2\n|move|p1a: Venusaur|Giga Drain|p2a: \ud83e\udec2PLS NO FORFEIT\ud83e\udec2|[miss]\n|-miss|p1a: Venusaur|p2a: \ud83e\udec2PLS NO FORFEIT\ud83e\udec2\n|move|p2b: Sisyphus \ud83e\udea8\ud83e\udef7|Recover|p2b: Sisyphus \ud83e\udea8\ud83e\udef7\n|-heal|p2b: Sisyphus \ud83e\udea8\ud83e\udef7|100/100\n|-enditem|p2b: Sisyphus \ud83e\udea8\ud83e\udef7|Leppa Berry|[eat]\n|-activate|p2b: Sisyphus \ud83e\udea8\ud83e\udef7|item: Leppa Berry|Recover|[consumed]\n|move|p2a: \ud83e\udec2PLS NO FORFEIT\ud83e\udec2|Slack Off|p2a: \ud83e\udec2PLS NO FORFEIT\ud83e\udec2\n|-heal|p2a: \ud83e\udec2PLS NO FORFEIT\ud83e\udec2|100/100\n|\n|-damage|p2b: Sisyphus \ud83e\udea8\ud83e\udef7|88/100|[from] Leech Seed|[of] p1a: Venusaur\n|-damage|p2a: \ud83e\udec2PLS NO FORFEIT\ud83e\udec2|88/100|[from] Leech Seed|[of] p1a: Venusaur\n|upkeep\n|turn|20\n|\n|t:|1776277336\n|move|p1b: Garchomp|Protect|p1b: Garchomp\n|-singleturn|p1b: Garchomp|Protect\n|move|p1a: Venusaur|Leech Seed||[still]\n|-fail|p1a: Venusaur\n|move|p2b: Sisyphus \ud83e\udea8\ud83e\udef7|Recycle|p2b: Sisyphus \ud83e\udea8\ud83e\udef7\n|-item|p2b: Sisyphus \ud83e\udea8\ud83e\udef7|Leppa Berry|[from] move: Recycle\n|move|p2a: \ud83e\udec2PLS NO FORFEIT\ud83e\udec2|Slack Off|p2a: \ud83e\udec2PLS NO FORFEIT\ud83e\udec2\n|-heal|p2a: \ud83e\udec2PLS NO FORFEIT\ud83e\udec2|100/100\n|\n|-damage|p2b: Sisyphus \ud83e\udea8\ud83e\udef7|76/100|[from] Leech Seed|[of] p1a: Venusaur\n|-damage|p2a: \ud83e\udec2PLS NO FORFEIT\ud83e\udec2|88/100|[from] Leech Seed|[of] p1a: Venusaur\n|upkeep\n|turn|21\n|\n|t:|1776277350\n|move|p1b: Garchomp|Dragon Claw|p2a: \ud83e\udec2PLS NO FORFEIT\ud83e\udec2|[miss]\n|-miss|p1b: Garchomp|p2a: \ud83e\udec2PLS NO FORFEIT\ud83e\udec2\n|move|p1a: Venusaur|Giga Drain|p2a: \ud83e\udec2PLS NO FORFEIT\ud83e\udec2\n|-supereffective|p2a: \ud83e\udec2PLS NO FORFEIT\ud83e\udec2|1\n|-damage|p2a: \ud83e\udec2PLS NO FORFEIT\ud83e\udec2|38/100\n|move|p2b: Sisyphus \ud83e\udea8\ud83e\udef7|Recover|p2b: Sisyphus \ud83e\udea8\ud83e\udef7\n|-heal|p2b: Sisyphus \ud83e\udea8\ud83e\udef7|100/100\n|move|p2a: \ud83e\udec2PLS NO FORFEIT\ud83e\udec2|Slack Off|p2a: \ud83e\udec2PLS NO FORFEIT\ud83e\udec2\n|-heal|p2a: \ud83e\udec2PLS NO FORFEIT\ud83e\udec2|88/100\n|\n|-damage|p2b: Sisyphus \ud83e\udea8\ud83e\udef7|88/100|[from] Leech Seed|[of] p1a: Venusaur\n|-damage|p2a: \ud83e\udec2PLS NO FORFEIT\ud83e\udec2|75/100|[from] Leech Seed|[of] p1a: Venusaur\n|upkeep\n|turn|22\n|\n|t:|1776277365\n|move|p1b: Garchomp|Protect|p1b: Garchomp\n|-singleturn|p1b: Garchomp|Protect\n|move|p1a: Venusaur|Protect|p1a: Venusaur\n|-singleturn|p1a: Venusaur|Protect\n|move|p2b: Sisyphus \ud83e\udea8\ud83e\udef7|Recover|p2b: Sisyphus \ud83e\udea8\ud83e\udef7\n|-heal|p2b: Sisyphus \ud83e\udea8\ud83e\udef7|100/100\n|move|p2a: \ud83e\udec2PLS NO FORFEIT\ud83e\udec2|Slack Off|p2a: \ud83e\udec2PLS NO FORFEIT\ud83e\udec2\n|-heal|p2a: \ud83e\udec2PLS NO FORFEIT\ud83e\udec2|100/100\n|\n|-damage|p2b: Sisyphus \ud83e\udea8\ud83e\udef7|88/100|[from] Leech Seed|[of] p1a: Venusaur\n|-damage|p2a: \ud83e\udec2PLS NO FORFEIT\ud83e\udec2|88/100|[from] Leech Seed|[of] p1a: Venusaur\n|upkeep\n|turn|23\n|\n|t:|1776277387\n|move|p1b: Garchomp|Stone Edge|p2a: \ud83e\udec2PLS NO FORFEIT\ud83e\udec2|[miss]\n|-miss|p1b: Garchomp|p2a: \ud83e\udec2PLS NO FORFEIT\ud83e\udec2\n|move|p1a: Venusaur|Sludge Bomb|p2a: \ud83e\udec2PLS NO FORFEIT\ud83e\udec2|[miss]\n|-miss|p1a: Venusaur|p2a: \ud83e\udec2PLS NO FORFEIT\ud83e\udec2\n|move|p2b: Sisyphus \ud83e\udea8\ud83e\udef7|Recover|p2b: Sisyphus \ud83e\udea8\ud83e\udef7\n|-heal|p2b: Sisyphus \ud83e\udea8\ud83e\udef7|100/100\n|move|p2a: \ud83e\udec2PLS NO FORFEIT\ud83e\udec2|Skill Swap|p1b: Garchomp\n|-activate|p2a: \ud83e\udec2PLS NO FORFEIT\ud83e\udec2|Skill Swap|Rough Skin|Levitate|[of] p1b: Garchomp\n|\n|-damage|p2b: Sisyphus \ud83e\udea8\ud83e\udef7|88/100|[from] Leech Seed|[of] p1a: Venusaur\n|-damage|p2a: \ud83e\udec2PLS NO FORFEIT\ud83e\udec2|76/100|[from] Leech Seed|[of] p1a: Venusaur\n|upkeep\n|turn|24\n|\n|t:|1776277408\n|move|p1b: Garchomp|Dragon Claw|p2a: \ud83e\udec2PLS NO FORFEIT\ud83e\udec2|[miss]\n|-miss|p1b: Garchomp|p2a: \ud83e\udec2PLS NO FORFEIT\ud83e\udec2\n|move|p1a: Venusaur|Leech Seed||[still]\n|-fail|p1a: Venusaur\n|move|p2b: Sisyphus \ud83e\udea8\ud83e\udef7|Recover|p2b: Sisyphus \ud83e\udea8\ud83e\udef7\n|-heal|p2b: Sisyphus \ud83e\udea8\ud83e\udef7|100/100\n|move|p2a: \ud83e\udec2PLS NO FORFEIT\ud83e\udec2|Slack Off|p2a: \ud83e\udec2PLS NO FORFEIT\ud83e\udec2\n|-heal|p2a: \ud83e\udec2PLS NO FORFEIT\ud83e\udec2|100/100\n|\n|-damage|p2b: Sisyphus \ud83e\udea8\ud83e\udef7|88/100|[from] Leech Seed|[of] p1a: Venusaur\n|-damage|p2a: \ud83e\udec2PLS NO FORFEIT\ud83e\udec2|88/100|[from] Leech Seed|[of] p1a: Venusaur\n|upkeep\n|turn|25\n|\n|t:|1776277422\n|move|p1b: Garchomp|Dragon Claw|p2a: \ud83e\udec2PLS NO FORFEIT\ud83e\udec2|[miss]\n|-miss|p1b: Garchomp|p2a: \ud83e\udec2PLS NO FORFEIT\ud83e\udec2\n|move|p1a: Venusaur|Giga Drain|p2a: \ud83e\udec2PLS NO FORFEIT\ud83e\udec2\n|-supereffective|p2a: \ud83e\udec2PLS NO FORFEIT\ud83e\udec2|1\n|-crit|p2a: \ud83e\udec2PLS NO FORFEIT\ud83e\udec2\n|-damage|p2a: \ud83e\udec2PLS NO FORFEIT\ud83e\udec2|13/100\n|move|p2b: Sisyphus \ud83e\udea8\ud83e\udef7|Recover|p2b: Sisyphus \ud83e\udea8\ud83e\udef7\n|-heal|p2b: Sisyphus \ud83e\udea8\ud83e\udef7|100/100\n|move|p2a: \ud83e\udec2PLS NO FORFEIT\ud83e\udec2|Heal Pulse|p2b: Sisyphus \ud83e\udea8\ud83e\udef7\n|-fail|p2b: Sisyphus \ud83e\udea8\ud83e\udef7|heal\n|\n|-damage|p2b: Sisyphus \ud83e\udea8\ud83e\udef7|88/100|[from] Leech Seed|[of] p1a: Venusaur\n|-damage|p2a: \ud83e\udec2PLS NO FORFEIT\ud83e\udec2|0 fnt|[from] Leech Seed|[of] p1a: Venusaur\n|faint|p2a: \ud83e\udec2PLS NO FORFEIT\ud83e\udec2\n|upkeep\n|turn|26\n|\n|t:|1776277438\n|move|p1b: Garchomp|Stone Edge|p2b: Sisyphus \ud83e\udea8\ud83e\udef7\n|-damage|p2b: Sisyphus \ud83e\udea8\ud83e\udef7|80/100\n|move|p1a: Venusaur|Sludge Bomb|p2b: Sisyphus \ud83e\udea8\ud83e\udef7\n|-damage|p2b: Sisyphus \ud83e\udea8\ud83e\udef7|70/100\n|move|p2b: Sisyphus \ud83e\udea8\ud83e\udef7|Recover|p2b: Sisyphus \ud83e\udea8\ud83e\udef7\n|-heal|p2b: Sisyphus \ud83e\udea8\ud83e\udef7|100/100\n|\n|-damage|p2b: Sisyphus \ud83e\udea8\ud83e\udef7|88/100|[from] Leech Seed|[of] p1a: Venusaur\n|upkeep\n|turn|27\n|\n|t:|1776277449\n|move|p1b: Garchomp|Dragon Claw|p2b: Sisyphus \ud83e\udea8\ud83e\udef7\n|-damage|p2b: Sisyphus \ud83e\udea8\ud83e\udef7|79/100\n|move|p1a: Venusaur|Sludge Bomb|p2b: Sisyphus \ud83e\udea8\ud83e\udef7\n|-damage|p2b: Sisyphus \ud83e\udea8\ud83e\udef7|70/100\n|move|p2b: Sisyphus \ud83e\udea8\ud83e\udef7|Recover|p2b: Sisyphus \ud83e\udea8\ud83e\udef7\n|-heal|p2b: Sisyphus \ud83e\udea8\ud83e\udef7|100/100\n|\n|-damage|p2b: Sisyphus \ud83e\udea8\ud83e\udef7|88/100|[from] Leech Seed|[of] p1a: Venusaur\n|upkeep\n|turn|28\n|c|\u2606thundablunda776|can u turn timer off i dont want u to time out\n|\n|t:|1776277468\n|move|p1b: Garchomp|Dragon Claw|p2b: Sisyphus \ud83e\udea8\ud83e\udef7\n|-damage|p2b: Sisyphus \ud83e\udea8\ud83e\udef7|78/100\n|move|p1a: Venusaur|Sludge Bomb|p2b: Sisyphus \ud83e\udea8\ud83e\udef7|[miss]\n|-miss|p1a: Venusaur|p2b: Sisyphus \ud83e\udea8\ud83e\udef7\n|move|p2b: Sisyphus \ud83e\udea8\ud83e\udef7|Recover|p2b: Sisyphus \ud83e\udea8\ud83e\udef7\n|-heal|p2b: Sisyphus \ud83e\udea8\ud83e\udef7|100/100\n|-enditem|p2b: Sisyphus \ud83e\udea8\ud83e\udef7|Leppa Berry|[eat]\n|-activate|p2b: Sisyphus \ud83e\udea8\ud83e\udef7|item: Leppa Berry|Recover|[consumed]\n|\n|-damage|p2b: Sisyphus \ud83e\udea8\ud83e\udef7|88/100|[from] Leech Seed|[of] p1a: Venusaur\n|upkeep\n|turn|29\n|\n|t:|1776277482\n|move|p1b: Garchomp|Stone Edge|p2b: Sisyphus \ud83e\udea8\ud83e\udef7|[miss]\n|-miss|p1b: Garchomp|p2b: Sisyphus \ud83e\udea8\ud83e\udef7\n|move|p1a: Venusaur|Sludge Bomb|p2b: Sisyphus \ud83e\udea8\ud83e\udef7\n|-damage|p2b: Sisyphus \ud83e\udea8\ud83e\udef7|80/100\n|move|p2b: Sisyphus \ud83e\udea8\ud83e\udef7|Recycle|p2b: Sisyphus \ud83e\udea8\ud83e\udef7\n|-item|p2b: Sisyphus \ud83e\udea8\ud83e\udef7|Leppa Berry|[from] move: Recycle\n|\n|-damage|p2b: Sisyphus \ud83e\udea8\ud83e\udef7|68/100|[from] Leech Seed|[of] p1a: Venusaur\n|upkeep\n|turn|30\n|c|\u2606bertojiga|no piaso\n|\n|t:|1776277496\n|move|p1b: Garchomp|Stone Edge|p2b: Sisyphus \ud83e\udea8\ud83e\udef7|[miss]\n|-miss|p1b: Garchomp|p2b: Sisyphus \ud83e\udea8\ud83e\udef7\n|move|p1a: Venusaur|Sludge Bomb|p2b: Sisyphus \ud83e\udea8\ud83e\udef7|[miss]\n|-miss|p1a: Venusaur|p2b: Sisyphus \ud83e\udea8\ud83e\udef7\n|move|p2b: Sisyphus \ud83e\udea8\ud83e\udef7|Recover|p2b: Sisyphus \ud83e\udea8\ud83e\udef7\n|-heal|p2b: Sisyphus \ud83e\udea8\ud83e\udef7|100/100\n|\n|-damage|p2b: Sisyphus \ud83e\udea8\ud83e\udef7|88/100|[from] Leech Seed|[of] p1a: Venusaur\n|upkeep\n|turn|31\n|c|\u2606bertojiga|no poison\n|\n|t:|1776277504\n|move|p1b: Garchomp|Protect|p1b: Garchomp\n|-singleturn|p1b: Garchomp|Protect\n|move|p1a: Venusaur|Protect|p1a: Venusaur\n|-singleturn|p1a: Venusaur|Protect\n|move|p2b: Sisyphus \ud83e\udea8\ud83e\udef7|Recover|p2b: Sisyphus \ud83e\udea8\ud83e\udef7\n|-heal|p2b: Sisyphus \ud83e\udea8\ud83e\udef7|100/100\n|\n|-damage|p2b: Sisyphus \ud83e\udea8\ud83e\udef7|88/100|[from] Leech Seed|[of] p1a: Venusaur\n|upkeep\n|turn|32\n|\n|t:|1776277516\n|move|p1b: Garchomp|Stone Edge|p2b: Sisyphus \ud83e\udea8\ud83e\udef7\n|-damage|p2b: Sisyphus \ud83e\udea8\ud83e\udef7|80/100\n|move|p1a: Venusaur|Sludge Bomb|p2b: Sisyphus \ud83e\udea8\ud83e\udef7\n|-damage|p2b: Sisyphus \ud83e\udea8\ud83e\udef7|71/100\n|move|p2b: Sisyphus \ud83e\udea8\ud83e\udef7|Recover|p2b: Sisyphus \ud83e\udea8\ud83e\udef7\n|-heal|p2b: Sisyphus \ud83e\udea8\ud83e\udef7|100/100\n|\n|-damage|p2b: Sisyphus \ud83e\udea8\ud83e\udef7|88/100|[from] Leech Seed|[of] p1a: Venusaur\n|upkeep\n|turn|33\n|inactive|bertojiga has 30 seconds left.\n|\n|t:|1776277529\n|move|p1b: Garchomp|Earthquake|p2b: Sisyphus \ud83e\udea8\ud83e\udef7|[spread] \n|-miss|p1b: Garchomp|p1a: Venusaur\n|-miss|p1b: Garchomp|p2b: Sisyphus \ud83e\udea8\ud83e\udef7\n|move|p1a: Venusaur|Leech Seed||[still]\n|-fail|p1a: Venusaur\n|move|p2b: Sisyphus \ud83e\udea8\ud83e\udef7|Recover|p2b: Sisyphus \ud83e\udea8\ud83e\udef7\n|-heal|p2b: Sisyphus \ud83e\udea8\ud83e\udef7|100/100\n|\n|-damage|p2b: Sisyphus \ud83e\udea8\ud83e\udef7|88/100|[from] Leech Seed|[of] p1a: Venusaur\n|upkeep\n|turn|34\n|inactive|bertojiga has 25 seconds left this turn.\n|inactive|bertojiga has 20 seconds left.\n|c|\u2606thundablunda776|pls dont time out\n|\n|t:|1776277538\n|move|p1b: Garchomp|Earthquake|p2b: Sisyphus \ud83e\udea8\ud83e\udef7|[spread] \n|-miss|p1b: Garchomp|p1a: Venusaur\n|-miss|p1b: Garchomp|p2b: Sisyphus \ud83e\udea8\ud83e\udef7\n|move|p1a: Venusaur|Leech Seed||[still]\n|-fail|p1a: Venusaur\n|move|p2b: Sisyphus \ud83e\udea8\ud83e\udef7|Recover|p2b: Sisyphus \ud83e\udea8\ud83e\udef7\n|-heal|p2b: Sisyphus \ud83e\udea8\ud83e\udef7|100/100\n|\n|-damage|p2b: Sisyphus \ud83e\udea8\ud83e\udef7|88/100|[from] Leech Seed|[of] p1a: Venusaur\n|upkeep\n|turn|35\n|inactive|bertojiga has 20 seconds left this turn.\n|inactiveoff|Battle timer is now OFF.\n|c|\u2606thundablunda776|yay :D thank u!\n|\n|t:|1776277559\n|move|p1b: Garchomp|Earthquake|p2b: Sisyphus \ud83e\udea8\ud83e\udef7|[spread] \n|-miss|p1b: Garchomp|p1a: Venusaur\n|-miss|p1b: Garchomp|p2b: Sisyphus \ud83e\udea8\ud83e\udef7\n|move|p1a: Venusaur|Sludge Bomb|p2b: Sisyphus \ud83e\udea8\ud83e\udef7|[miss]\n|-miss|p1a: Venusaur|p2b: Sisyphus \ud83e\udea8\ud83e\udef7\n|move|p2b: Sisyphus \ud83e\udea8\ud83e\udef7|Recover|p2b: Sisyphus \ud83e\udea8\ud83e\udef7\n|-heal|p2b: Sisyphus \ud83e\udea8\ud83e\udef7|100/100\n|\n|-damage|p2b: Sisyphus \ud83e\udea8\ud83e\udef7|88/100|[from] Leech Seed|[of] p1a: Venusaur\n|upkeep\n|turn|36\n|c|\u2606bertojiga|but u will win\n|c|\u2606thundablunda776|no wait\n|c|\u2606thundablunda776|u will see\n|\n|t:|1776277578\n|move|p1b: Garchomp|Earthquake|p2b: Sisyphus \ud83e\udea8\ud83e\udef7|[spread] p1a,p2b\n|-damage|p1a: Venusaur|73/100\n|-damage|p2b: Sisyphus \ud83e\udea8\ud83e\udef7|79/100\n|move|p1a: Venusaur|Sludge Bomb|p2b: Sisyphus \ud83e\udea8\ud83e\udef7\n|-damage|p2b: Sisyphus \ud83e\udea8\ud83e\udef7|70/100\n|move|p2b: Sisyphus \ud83e\udea8\ud83e\udef7|Recover|p2b: Sisyphus \ud83e\udea8\ud83e\udef7\n|-heal|p2b: Sisyphus \ud83e\udea8\ud83e\udef7|100/100\n|\n|-damage|p2b: Sisyphus \ud83e\udea8\ud83e\udef7|88/100|[from] Leech Seed|[of] p1a: Venusaur\n|-heal|p1a: Venusaur|85/100|[silent]\n|upkeep\n|turn|37\n|\n|t:|1776277588\n|move|p1b: Garchomp|Earthquake|p2b: Sisyphus \ud83e\udea8\ud83e\udef7|[spread] p1a\n|-miss|p1b: Garchomp|p2b: Sisyphus \ud83e\udea8\ud83e\udef7\n|-damage|p1a: Venusaur|55/100\n|move|p1a: Venusaur|Sludge Bomb|p2b: Sisyphus \ud83e\udea8\ud83e\udef7\n|-damage|p2b: Sisyphus \ud83e\udea8\ud83e\udef7|79/100\n|move|p2b: Sisyphus \ud83e\udea8\ud83e\udef7|Recover|p2b: Sisyphus \ud83e\udea8\ud83e\udef7\n|-heal|p2b: Sisyphus \ud83e\udea8\ud83e\udef7|100/100\n|-enditem|p2b: Sisyphus \ud83e\udea8\ud83e\udef7|Leppa Berry|[eat]\n|-activate|p2b: Sisyphus \ud83e\udea8\ud83e\udef7|item: Leppa Berry|Recover|[consumed]\n|\n|-damage|p2b: Sisyphus \ud83e\udea8\ud83e\udef7|88/100|[from] Leech Seed|[of] p1a: Venusaur\n|-heal|p1a: Venusaur|66/100|[silent]\n|upkeep\n|turn|38\n|c|\u2606bertojiga|no pison =(\n|c|\u2606bertojiga|no poison=(\n|\n|t:|1776277602\n|move|p1b: Garchomp|Earthquake|p2b: Sisyphus \ud83e\udea8\ud83e\udef7|[spread] \n|-miss|p1b: Garchomp|p1a: Venusaur\n|-miss|p1b: Garchomp|p2b: Sisyphus \ud83e\udea8\ud83e\udef7\n|move|p1a: Venusaur|Sludge Bomb|p2b: Sisyphus \ud83e\udea8\ud83e\udef7|[miss]\n|-miss|p1a: Venusaur|p2b: Sisyphus \ud83e\udea8\ud83e\udef7\n|move|p2b: Sisyphus \ud83e\udea8\ud83e\udef7|Recycle|p2b: Sisyphus \ud83e\udea8\ud83e\udef7\n|-item|p2b: Sisyphus \ud83e\udea8\ud83e\udef7|Leppa Berry|[from] move: Recycle\n|\n|-damage|p2b: Sisyphus \ud83e\udea8\ud83e\udef7|76/100|[from] Leech Seed|[of] p1a: Venusaur\n|-heal|p1a: Venusaur|78/100|[silent]\n|upkeep\n|turn|39\n|\n|t:|1776277609\n|move|p1b: Garchomp|Earthquake|p2b: Sisyphus \ud83e\udea8\ud83e\udef7|[spread] p1a,p2b\n|-damage|p1a: Venusaur|49/100\n|-damage|p2b: Sisyphus \ud83e\udea8\ud83e\udef7|68/100\n|move|p1a: Venusaur|Sludge Bomb|p2b: Sisyphus \ud83e\udea8\ud83e\udef7\n|-damage|p2b: Sisyphus \ud83e\udea8\ud83e\udef7|59/100\n|-status|p2b: Sisyphus \ud83e\udea8\ud83e\udef7|psn\n|move|p2b: Sisyphus \ud83e\udea8\ud83e\udef7|Recover|p2b: Sisyphus \ud83e\udea8\ud83e\udef7\n|-heal|p2b: Sisyphus \ud83e\udea8\ud83e\udef7|100/100 psn\n|\n|-damage|p2b: Sisyphus \ud83e\udea8\ud83e\udef7|88/100 psn|[from] Leech Seed|[of] p1a: Venusaur\n|-heal|p1a: Venusaur|61/100|[silent]\n|-damage|p2b: Sisyphus \ud83e\udea8\ud83e\udef7|76/100 psn|[from] psn\n|upkeep\n|turn|40\n|\n|t:|1776277620\n|move|p1a: Venusaur|Protect|p1a: Venusaur\n|-singleturn|p1a: Venusaur|Protect\n|move|p1b: Garchomp|Earthquake|p2b: Sisyphus \ud83e\udea8\ud83e\udef7|[spread] \n|-activate|p1a: Venusaur|move: Protect\n|-miss|p1b: Garchomp|p2b: Sisyphus \ud83e\udea8\ud83e\udef7\n|move|p2b: Sisyphus \ud83e\udea8\ud83e\udef7|Recover|p2b: Sisyphus \ud83e\udea8\ud83e\udef7\n|-heal|p2b: Sisyphus \ud83e\udea8\ud83e\udef7|100/100 psn\n|\n|-damage|p2b: Sisyphus \ud83e\udea8\ud83e\udef7|88/100 psn|[from] Leech Seed|[of] p1a: Venusaur\n|-heal|p1a: Venusaur|73/100|[silent]\n|-damage|p2b: Sisyphus \ud83e\udea8\ud83e\udef7|76/100 psn|[from] psn\n|upkeep\n|turn|41\n|\n|t:|1776277640\n|move|p1b: Garchomp|Earthquake|p2b: Sisyphus \ud83e\udea8\ud83e\udef7|[spread] p1a\n|-miss|p1b: Garchomp|p2b: Sisyphus \ud83e\udea8\ud83e\udef7\n|-damage|p1a: Venusaur|43/100\n|move|p1a: Venusaur|Leech Seed|p1b: Garchomp\n|-start|p1b: Garchomp|move: Leech Seed\n|move|p2b: Sisyphus \ud83e\udea8\ud83e\udef7|Recover|p2b: Sisyphus \ud83e\udea8\ud83e\udef7\n|-heal|p2b: Sisyphus \ud83e\udea8\ud83e\udef7|100/100 psn\n|\n|-damage|p1b: Garchomp|18/100|[from] Leech Seed|[of] p1a: Venusaur\n|-heal|p1a: Venusaur|56/100|[silent]\n|-damage|p2b: Sisyphus \ud83e\udea8\ud83e\udef7|88/100 psn|[from] Leech Seed|[of] p1a: Venusaur\n|-heal|p1a: Venusaur|67/100|[silent]\n|-damage|p2b: Sisyphus \ud83e\udea8\ud83e\udef7|76/100 psn|[from] psn\n|upkeep\n|turn|42\n|\n|t:|1776277652\n|move|p1a: Venusaur|Protect|p1a: Venusaur\n|-singleturn|p1a: Venusaur|Protect\n|move|p1b: Garchomp|Earthquake|p2b: Sisyphus \ud83e\udea8\ud83e\udef7|[spread] \n|-activate|p1a: Venusaur|move: Protect\n|-miss|p1b: Garchomp|p2b: Sisyphus \ud83e\udea8\ud83e\udef7\n|move|p2b: Sisyphus \ud83e\udea8\ud83e\udef7|Recover|p2b: Sisyphus \ud83e\udea8\ud83e\udef7\n|-heal|p2b: Sisyphus \ud83e\udea8\ud83e\udef7|100/100 psn\n|\n|-damage|p1b: Garchomp|6/100|[from] Leech Seed|[of] p1a: Venusaur\n|-heal|p1a: Venusaur|80/100|[silent]\n|-damage|p2b: Sisyphus \ud83e\udea8\ud83e\udef7|88/100 psn|[from] Leech Seed|[of] p1a: Venusaur\n|-heal|p1a: Venusaur|91/100|[silent]\n|-damage|p2b: Sisyphus \ud83e\udea8\ud83e\udef7|76/100 psn|[from] psn\n|upkeep\n|turn|43\n|\n|t:|1776277663\n|move|p1a: Venusaur|Protect||[still]\n|-fail|p1a: Venusaur\n|move|p1b: Garchomp|Earthquake|p2b: Sisyphus \ud83e\udea8\ud83e\udef7|[spread] \n|-miss|p1b: Garchomp|p1a: Venusaur\n|-miss|p1b: Garchomp|p2b: Sisyphus \ud83e\udea8\ud83e\udef7\n|move|p2b: Sisyphus \ud83e\udea8\ud83e\udef7|Recover|p2b: Sisyphus \ud83e\udea8\ud83e\udef7\n|-heal|p2b: Sisyphus \ud83e\udea8\ud83e\udef7|100/100 psn\n|\n|-damage|p1b: Garchomp|0 fnt|[from] Leech Seed|[of] p1a: Venusaur\n|-heal|p1a: Venusaur|97/100|[silent]\n|faint|p1b: Garchomp\n|-damage|p2b: Sisyphus \ud83e\udea8\ud83e\udef7|88/100 psn|[from] Leech Seed|[of] p1a: Venusaur\n|-heal|p1a: Venusaur|100/100|[silent]\n|-damage|p2b: Sisyphus \ud83e\udea8\ud83e\udef7|76/100 psn|[from] psn\n|upkeep\n|turn|44\n|\n|t:|1776277675\n|move|p1a: Venusaur|Leech Seed|p2b: Sisyphus \ud83e\udea8\ud83e\udef7|[miss]\n|-miss|p1a: Venusaur|p2b: Sisyphus \ud83e\udea8\ud83e\udef7\n|move|p2b: Sisyphus \ud83e\udea8\ud83e\udef7|Recover|p2b: Sisyphus \ud83e\udea8\ud83e\udef7\n|-heal|p2b: Sisyphus \ud83e\udea8\ud83e\udef7|100/100 psn\n|\n|-damage|p2b: Sisyphus \ud83e\udea8\ud83e\udef7|88/100 psn|[from] Leech Seed|[of] p1a: Venusaur\n|-damage|p2b: Sisyphus \ud83e\udea8\ud83e\udef7|76/100 psn|[from] psn\n|upkeep\n|turn|45\n|\n|t:|1776277679\n|move|p1a: Venusaur|Leech Seed|p2b: Sisyphus \ud83e\udea8\ud83e\udef7|[miss]\n|-miss|p1a: Venusaur|p2b: Sisyphus \ud83e\udea8\ud83e\udef7\n|move|p2b: Sisyphus \ud83e\udea8\ud83e\udef7|Recover|p2b: Sisyphus \ud83e\udea8\ud83e\udef7\n|-heal|p2b: Sisyphus \ud83e\udea8\ud83e\udef7|100/100 psn\n|\n|-damage|p2b: Sisyphus \ud83e\udea8\ud83e\udef7|88/100 psn|[from] Leech Seed|[of] p1a: Venusaur\n|-damage|p2b: Sisyphus \ud83e\udea8\ud83e\udef7|76/100 psn|[from] psn\n|upkeep\n|turn|46\n|\n|t:|1776277682\n|move|p1a: Venusaur|Leech Seed|p2b: Sisyphus \ud83e\udea8\ud83e\udef7|[miss]\n|-miss|p1a: Venusaur|p2b: Sisyphus \ud83e\udea8\ud83e\udef7\n|move|p2b: Sisyphus \ud83e\udea8\ud83e\udef7|Recover|p2b: Sisyphus \ud83e\udea8\ud83e\udef7\n|-heal|p2b: Sisyphus \ud83e\udea8\ud83e\udef7|100/100 psn\n|-enditem|p2b: Sisyphus \ud83e\udea8\ud83e\udef7|Leppa Berry|[eat]\n|-activate|p2b: Sisyphus \ud83e\udea8\ud83e\udef7|item: Leppa Berry|Recover|[consumed]\n|\n|-damage|p2b: Sisyphus \ud83e\udea8\ud83e\udef7|88/100 psn|[from] Leech Seed|[of] p1a: Venusaur\n|-damage|p2b: Sisyphus \ud83e\udea8\ud83e\udef7|76/100 psn|[from] psn\n|upkeep\n|turn|47\n|\n|t:|1776277685\n|move|p1a: Venusaur|Leech Seed|p2b: Sisyphus \ud83e\udea8\ud83e\udef7|[miss]\n|-miss|p1a: Venusaur|p2b: Sisyphus \ud83e\udea8\ud83e\udef7\n|move|p2b: Sisyphus \ud83e\udea8\ud83e\udef7|Recycle|p2b: Sisyphus \ud83e\udea8\ud83e\udef7\n|-item|p2b: Sisyphus \ud83e\udea8\ud83e\udef7|Leppa Berry|[from] move: Recycle\n|\n|-damage|p2b: Sisyphus \ud83e\udea8\ud83e\udef7|64/100 psn|[from] Leech Seed|[of] p1a: Venusaur\n|-damage|p2b: Sisyphus \ud83e\udea8\ud83e\udef7|52/100 psn|[from] psn\n|upkeep\n|turn|48\n|\n|t:|1776277689\n|move|p1a: Venusaur|Protect|p1a: Venusaur\n|-singleturn|p1a: Venusaur|Protect\n|move|p2b: Sisyphus \ud83e\udea8\ud83e\udef7|Recover|p2b: Sisyphus \ud83e\udea8\ud83e\udef7\n|-heal|p2b: Sisyphus \ud83e\udea8\ud83e\udef7|100/100 psn\n|\n|-damage|p2b: Sisyphus \ud83e\udea8\ud83e\udef7|88/100 psn|[from] Leech Seed|[of] p1a: Venusaur\n|-damage|p2b: Sisyphus \ud83e\udea8\ud83e\udef7|76/100 psn|[from] psn\n|upkeep\n|turn|49\n|\n|t:|1776277691\n|move|p1a: Venusaur|Protect||[still]\n|-fail|p1a: Venusaur\n|move|p2b: Sisyphus \ud83e\udea8\ud83e\udef7|Recover|p2b: Sisyphus \ud83e\udea8\ud83e\udef7\n|-heal|p2b: Sisyphus \ud83e\udea8\ud83e\udef7|100/100 psn\n|\n|-damage|p2b: Sisyphus \ud83e\udea8\ud83e\udef7|88/100 psn|[from] Leech Seed|[of] p1a: Venusaur\n|-damage|p2b: Sisyphus \ud83e\udea8\ud83e\udef7|76/100 psn|[from] psn\n|upkeep\n|turn|50\n|\n|t:|1776277693\n|move|p1a: Venusaur|Protect|p1a: Venusaur\n|-singleturn|p1a: Venusaur|Protect\n|move|p2b: Sisyphus \ud83e\udea8\ud83e\udef7|Recover|p2b: Sisyphus \ud83e\udea8\ud83e\udef7\n|-heal|p2b: Sisyphus \ud83e\udea8\ud83e\udef7|100/100 psn\n|\n|-damage|p2b: Sisyphus \ud83e\udea8\ud83e\udef7|88/100 psn|[from] Leech Seed|[of] p1a: Venusaur\n|-damage|p2b: Sisyphus \ud83e\udea8\ud83e\udef7|76/100 psn|[from] psn\n|upkeep\n|turn|51\n|\n|t:|1776277697\n|move|p1a: Venusaur|Giga Drain|p2b: Sisyphus \ud83e\udea8\ud83e\udef7|[miss]\n|-miss|p1a: Venusaur|p2b: Sisyphus \ud83e\udea8\ud83e\udef7\n|move|p2b: Sisyphus \ud83e\udea8\ud83e\udef7|Recover|p2b: Sisyphus \ud83e\udea8\ud83e\udef7\n|-heal|p2b: Sisyphus \ud83e\udea8\ud83e\udef7|100/100 psn\n|\n|-damage|p2b: Sisyphus \ud83e\udea8\ud83e\udef7|88/100 psn|[from] Leech Seed|[of] p1a: Venusaur\n|-damage|p2b: Sisyphus \ud83e\udea8\ud83e\udef7|76/100 psn|[from] psn\n|upkeep\n|turn|52\n|\n|t:|1776277701\n|move|p1a: Venusaur|Giga Drain|p2b: Sisyphus \ud83e\udea8\ud83e\udef7\n|-damage|p2b: Sisyphus \ud83e\udea8\ud83e\udef7|68/100 psn\n|move|p2b: Sisyphus \ud83e\udea8\ud83e\udef7|Recover|p2b: Sisyphus \ud83e\udea8\ud83e\udef7\n|-heal|p2b: Sisyphus \ud83e\udea8\ud83e\udef7|100/100 psn\n|\n|-damage|p2b: Sisyphus \ud83e\udea8\ud83e\udef7|88/100 psn|[from] Leech Seed|[of] p1a: Venusaur\n|-damage|p2b: Sisyphus \ud83e\udea8\ud83e\udef7|76/100 psn|[from] psn\n|upkeep\n|turn|53\n|\n|t:|1776277705\n|move|p1a: Venusaur|Giga Drain|p2b: Sisyphus \ud83e\udea8\ud83e\udef7\n|-damage|p2b: Sisyphus \ud83e\udea8\ud83e\udef7|68/100 psn\n|move|p2b: Sisyphus \ud83e\udea8\ud83e\udef7|Recover|p2b: Sisyphus \ud83e\udea8\ud83e\udef7\n|-heal|p2b: Sisyphus \ud83e\udea8\ud83e\udef7|100/100 psn\n|\n|-damage|p2b: Sisyphus \ud83e\udea8\ud83e\udef7|88/100 psn|[from] Leech Seed|[of] p1a: Venusaur\n|-damage|p2b: Sisyphus \ud83e\udea8\ud83e\udef7|76/100 psn|[from] psn\n|upkeep\n|turn|54\n|c|\u2606bertojiga|ggwp\n|c|\u2606thundablunda776|wait!\n|\n|t:|1776277718\n|move|p1a: Venusaur|Giga Drain|p2b: Sisyphus \ud83e\udea8\ud83e\udef7\n|-damage|p2b: Sisyphus \ud83e\udea8\ud83e\udef7|68/100 psn\n|move|p2b: Sisyphus \ud83e\udea8\ud83e\udef7|Recover|p2b: Sisyphus \ud83e\udea8\ud83e\udef7\n|-heal|p2b: Sisyphus \ud83e\udea8\ud83e\udef7|100/100 psn\n|\n|-damage|p2b: Sisyphus \ud83e\udea8\ud83e\udef7|88/100 psn|[from] Leech Seed|[of] p1a: Venusaur\n|-damage|p2b: Sisyphus \ud83e\udea8\ud83e\udef7|76/100 psn|[from] psn\n|upkeep\n|turn|55\n|c|\u2606bertojiga|yes yes im not ff\n|\n|t:|1776277728\n|move|p1a: Venusaur|Giga Drain|p2b: Sisyphus \ud83e\udea8\ud83e\udef7|[miss]\n|-miss|p1a: Venusaur|p2b: Sisyphus \ud83e\udea8\ud83e\udef7\n|move|p2b: Sisyphus \ud83e\udea8\ud83e\udef7|Recover|p2b: Sisyphus \ud83e\udea8\ud83e\udef7\n|-heal|p2b: Sisyphus \ud83e\udea8\ud83e\udef7|100/100 psn\n|-enditem|p2b: Sisyphus \ud83e\udea8\ud83e\udef7|Leppa Berry|[eat]\n|-activate|p2b: Sisyphus \ud83e\udea8\ud83e\udef7|item: Leppa Berry|Recover|[consumed]\n|\n|-damage|p2b: Sisyphus \ud83e\udea8\ud83e\udef7|88/100 psn|[from] Leech Seed|[of] p1a: Venusaur\n|-damage|p2b: Sisyphus \ud83e\udea8\ud83e\udef7|76/100 psn|[from] psn\n|upkeep\n|turn|56\n|c|\u2606thundablunda776|yay :D\n|\n|t:|1776277735\n|move|p1a: Venusaur|Giga Drain|p2b: Sisyphus \ud83e\udea8\ud83e\udef7|[miss]\n|-miss|p1a: Venusaur|p2b: Sisyphus \ud83e\udea8\ud83e\udef7\n|move|p2b: Sisyphus \ud83e\udea8\ud83e\udef7|Recover|p2b: Sisyphus \ud83e\udea8\ud83e\udef7\n|-heal|p2b: Sisyphus \ud83e\udea8\ud83e\udef7|100/100 psn\n|\n|-damage|p2b: Sisyphus \ud83e\udea8\ud83e\udef7|88/100 psn|[from] Leech Seed|[of] p1a: Venusaur\n|-damage|p2b: Sisyphus \ud83e\udea8\ud83e\udef7|76/100 psn|[from] psn\n|upkeep\n|turn|57\n|c|\u2606bertojiga|but its gg\n|c|\u2606thundablunda776|not yet\n|\n|t:|1776277743\n|move|p1a: Venusaur|Giga Drain|p2b: Sisyphus \ud83e\udea8\ud83e\udef7|[miss]\n|-miss|p1a: Venusaur|p2b: Sisyphus \ud83e\udea8\ud83e\udef7\n|move|p2b: Sisyphus \ud83e\udea8\ud83e\udef7|Recycle|p2b: Sisyphus \ud83e\udea8\ud83e\udef7\n|-item|p2b: Sisyphus \ud83e\udea8\ud83e\udef7|Leppa Berry|[from] move: Recycle\n|\n|-damage|p2b: Sisyphus \ud83e\udea8\ud83e\udef7|64/100 psn|[from] Leech Seed|[of] p1a: Venusaur\n|-damage|p2b: Sisyphus \ud83e\udea8\ud83e\udef7|52/100 psn|[from] psn\n|upkeep\n|turn|58\n|\n|t:|1776277746\n|move|p1a: Venusaur|Giga Drain|p2b: Sisyphus \ud83e\udea8\ud83e\udef7\n|-damage|p2b: Sisyphus \ud83e\udea8\ud83e\udef7|44/100 psn\n|move|p2b: Sisyphus \ud83e\udea8\ud83e\udef7|Recover|p2b: Sisyphus \ud83e\udea8\ud83e\udef7\n|-heal|p2b: Sisyphus \ud83e\udea8\ud83e\udef7|94/100 psn\n|\n|-damage|p2b: Sisyphus \ud83e\udea8\ud83e\udef7|82/100 psn|[from] Leech Seed|[of] p1a: Venusaur\n|-damage|p2b: Sisyphus \ud83e\udea8\ud83e\udef7|70/100 psn|[from] psn\n|upkeep\n|turn|59\n|\n|t:|1776277749\n|move|p1a: Venusaur|Giga Drain|p2b: Sisyphus \ud83e\udea8\ud83e\udef7|[miss]\n|-miss|p1a: Venusaur|p2b: Sisyphus \ud83e\udea8\ud83e\udef7\n|move|p2b: Sisyphus \ud83e\udea8\ud83e\udef7|Recover|p2b: Sisyphus \ud83e\udea8\ud83e\udef7\n|-heal|p2b: Sisyphus \ud83e\udea8\ud83e\udef7|100/100 psn\n|\n|-damage|p2b: Sisyphus \ud83e\udea8\ud83e\udef7|88/100 psn|[from] Leech Seed|[of] p1a: Venusaur\n|-damage|p2b: Sisyphus \ud83e\udea8\ud83e\udef7|76/100 psn|[from] psn\n|upkeep\n|turn|60\n|\n|t:|1776277752\n|-activate|p1a: Venusaur|move: Struggle\n|move|p1a: Venusaur|Struggle|p2b: Sisyphus \ud83e\udea8\ud83e\udef7\n|-damage|p2b: Sisyphus \ud83e\udea8\ud83e\udef7|73/100 psn\n|-damage|p1a: Venusaur|75/100|[from] recoil\n|move|p2b: Sisyphus \ud83e\udea8\ud83e\udef7|Recover|p2b: Sisyphus \ud83e\udea8\ud83e\udef7\n|-heal|p2b: Sisyphus \ud83e\udea8\ud83e\udef7|100/100 psn\n|\n|-damage|p2b: Sisyphus \ud83e\udea8\ud83e\udef7|88/100 psn|[from] Leech Seed|[of] p1a: Venusaur\n|-heal|p1a: Venusaur|87/100|[silent]\n|-damage|p2b: Sisyphus \ud83e\udea8\ud83e\udef7|76/100 psn|[from] psn\n|upkeep\n|turn|61\n|\n|t:|1776277759\n|-activate|p1a: Venusaur|move: Struggle\n|move|p1a: Venusaur|Struggle|p2b: Sisyphus \ud83e\udea8\ud83e\udef7\n|-damage|p2b: Sisyphus \ud83e\udea8\ud83e\udef7|73/100 psn\n|-damage|p1a: Venusaur|62/100|[from] recoil\n|move|p2b: Sisyphus \ud83e\udea8\ud83e\udef7|Recover|p2b: Sisyphus \ud83e\udea8\ud83e\udef7\n|-heal|p2b: Sisyphus \ud83e\udea8\ud83e\udef7|100/100 psn\n|\n|-damage|p2b: Sisyphus \ud83e\udea8\ud83e\udef7|88/100 psn|[from] Leech Seed|[of] p1a: Venusaur\n|-heal|p1a: Venusaur|74/100|[silent]\n|-damage|p2b: Sisyphus \ud83e\udea8\ud83e\udef7|76/100 psn|[from] psn\n|upkeep\n|turn|62\n|c|\u2606bertojiga|xd\n|\n|t:|1776277766\n|-activate|p1a: Venusaur|move: Struggle\n|move|p1a: Venusaur|Struggle|p2b: Sisyphus \ud83e\udea8\ud83e\udef7\n|-damage|p2b: Sisyphus \ud83e\udea8\ud83e\udef7|73/100 psn\n|-damage|p1a: Venusaur|49/100|[from] recoil\n|move|p2b: Sisyphus \ud83e\udea8\ud83e\udef7|Recover|p2b: Sisyphus \ud83e\udea8\ud83e\udef7\n|-heal|p2b: Sisyphus \ud83e\udea8\ud83e\udef7|100/100 psn\n|\n|-damage|p2b: Sisyphus \ud83e\udea8\ud83e\udef7|88/100 psn|[from] Leech Seed|[of] p1a: Venusaur\n|-heal|p1a: Venusaur|60/100|[silent]\n|-damage|p2b: Sisyphus \ud83e\udea8\ud83e\udef7|76/100 psn|[from] psn\n|upkeep\n|turn|63\n|\n|t:|1776277774\n|-activate|p1a: Venusaur|move: Struggle\n|move|p1a: Venusaur|Struggle|p2b: Sisyphus \ud83e\udea8\ud83e\udef7\n|-damage|p2b: Sisyphus \ud83e\udea8\ud83e\udef7|73/100 psn\n|-damage|p1a: Venusaur|35/100|[from] recoil\n|move|p2b: Sisyphus \ud83e\udea8\ud83e\udef7|Heal Pulse|p1a: Venusaur\n|-heal|p1a: Venusaur|86/100\n|\n|-damage|p2b: Sisyphus \ud83e\udea8\ud83e\udef7|61/100 psn|[from] Leech Seed|[of] p1a: Venusaur\n|-heal|p1a: Venusaur|97/100|[silent]\n|-damage|p2b: Sisyphus \ud83e\udea8\ud83e\udef7|49/100 psn|[from] psn\n|upkeep\n|turn|64\n|\n|t:|1776277779\n|-activate|p1a: Venusaur|move: Struggle\n|move|p1a: Venusaur|Struggle|p2b: Sisyphus \ud83e\udea8\ud83e\udef7\n|-damage|p2b: Sisyphus \ud83e\udea8\ud83e\udef7|46/100 psn\n|-damage|p1a: Venusaur|72/100|[from] recoil\n|move|p2b: Sisyphus \ud83e\udea8\ud83e\udef7|Recover|p2b: Sisyphus \ud83e\udea8\ud83e\udef7\n|-heal|p2b: Sisyphus \ud83e\udea8\ud83e\udef7|96/100 psn\n|\n|-damage|p2b: Sisyphus \ud83e\udea8\ud83e\udef7|83/100 psn|[from] Leech Seed|[of] p1a: Venusaur\n|-heal|p1a: Venusaur|84/100|[silent]\n|-damage|p2b: Sisyphus \ud83e\udea8\ud83e\udef7|71/100 psn|[from] psn\n|upkeep\n|turn|65\n|c|\u2606bertojiga|fuynny strategy\n|c|\u2606bertojiga|gg\n|\n|t:|1776277789\n|-activate|p1a: Venusaur|move: Struggle\n|move|p1a: Venusaur|Struggle|p2b: Sisyphus \ud83e\udea8\ud83e\udef7\n|-damage|p2b: Sisyphus \ud83e\udea8\ud83e\udef7|68/100 psn\n|-damage|p1a: Venusaur|59/100|[from] recoil\n|move|p2b: Sisyphus \ud83e\udea8\ud83e\udef7|Recover|p2b: Sisyphus \ud83e\udea8\ud83e\udef7\n|-heal|p2b: Sisyphus \ud83e\udea8\ud83e\udef7|100/100 psn\n|-enditem|p2b: Sisyphus \ud83e\udea8\ud83e\udef7|Leppa Berry|[eat]\n|-activate|p2b: Sisyphus \ud83e\udea8\ud83e\udef7|item: Leppa Berry|Recover|[consumed]\n|\n|-damage|p2b: Sisyphus \ud83e\udea8\ud83e\udef7|88/100 psn|[from] Leech Seed|[of] p1a: Venusaur\n|-heal|p1a: Venusaur|71/100|[silent]\n|-damage|p2b: Sisyphus \ud83e\udea8\ud83e\udef7|76/100 psn|[from] psn\n|upkeep\n|turn|66\n|c|\u2606thundablunda776|the laws of ladder say this ends in a draw if we hit turn 999\n|\n|t:|1776277799\n|-activate|p1a: Venusaur|move: Struggle\n|move|p1a: Venusaur|Struggle|p2b: Sisyphus \ud83e\udea8\ud83e\udef7\n|-damage|p2b: Sisyphus \ud83e\udea8\ud83e\udef7|73/100 psn\n|-damage|p1a: Venusaur|45/100|[from] recoil\n|move|p2b: Sisyphus \ud83e\udea8\ud83e\udef7|Recycle|p2b: Sisyphus \ud83e\udea8\ud83e\udef7\n|-item|p2b: Sisyphus \ud83e\udea8\ud83e\udef7|Leppa Berry|[from] move: Recycle\n|\n|-damage|p2b: Sisyphus \ud83e\udea8\ud83e\udef7|61/100 psn|[from] Leech Seed|[of] p1a: Venusaur\n|-heal|p1a: Venusaur|57/100|[silent]\n|-damage|p2b: Sisyphus \ud83e\udea8\ud83e\udef7|49/100 psn|[from] psn\n|upkeep\n|turn|67\n|\n|t:|1776277811\n|-activate|p1a: Venusaur|move: Struggle\n|move|p1a: Venusaur|Struggle|p2b: Sisyphus \ud83e\udea8\ud83e\udef7\n|-damage|p2b: Sisyphus \ud83e\udea8\ud83e\udef7|46/100 psn\n|-damage|p1a: Venusaur|32/100|[from] recoil\n|move|p2b: Sisyphus \ud83e\udea8\ud83e\udef7|Recover|p2b: Sisyphus \ud83e\udea8\ud83e\udef7\n|-heal|p2b: Sisyphus \ud83e\udea8\ud83e\udef7|96/100 psn\n|\n|-damage|p2b: Sisyphus \ud83e\udea8\ud83e\udef7|83/100 psn|[from] Leech Seed|[of] p1a: Venusaur\n|-heal|p1a: Venusaur|44/100|[silent]\n|-damage|p2b: Sisyphus \ud83e\udea8\ud83e\udef7|71/100 psn|[from] psn\n|upkeep\n|turn|68\n|c|\u2606bertojiga|i will day bejfore\n|c|\u2606bertojiga|i wil ldie before\n|\n|t:|1776277829\n|-activate|p1a: Venusaur|move: Struggle\n|move|p1a: Venusaur|Struggle|p2b: Sisyphus \ud83e\udea8\ud83e\udef7\n|-damage|p2b: Sisyphus \ud83e\udea8\ud83e\udef7|68/100 psn\n|-damage|p1a: Venusaur|19/100|[from] recoil\n|move|p2b: Sisyphus \ud83e\udea8\ud83e\udef7|Heal Pulse|p1a: Venusaur\n|-heal|p1a: Venusaur|69/100\n|\n|-damage|p2b: Sisyphus \ud83e\udea8\ud83e\udef7|56/100 psn|[from] Leech Seed|[of] p1a: Venusaur\n|-heal|p1a: Venusaur|81/100|[silent]\n|-damage|p2b: Sisyphus \ud83e\udea8\ud83e\udef7|44/100 psn|[from] psn\n|upkeep\n|turn|69\n|c|\u2606thundablunda776|no\n|\n|t:|1776277833\n|-activate|p1a: Venusaur|move: Struggle\n|move|p1a: Venusaur|Struggle|p2b: Sisyphus \ud83e\udea8\ud83e\udef7\n|-damage|p2b: Sisyphus \ud83e\udea8\ud83e\udef7|41/100 psn\n|-damage|p1a: Venusaur|56/100|[from] recoil\n|move|p2b: Sisyphus \ud83e\udea8\ud83e\udef7|Recover|p2b: Sisyphus \ud83e\udea8\ud83e\udef7\n|-heal|p2b: Sisyphus \ud83e\udea8\ud83e\udef7|91/100 psn\n|\n|-damage|p2b: Sisyphus \ud83e\udea8\ud83e\udef7|79/100 psn|[from] Leech Seed|[of] p1a: Venusaur\n|-heal|p1a: Venusaur|67/100|[silent]\n|-damage|p2b: Sisyphus \ud83e\udea8\ud83e\udef7|66/100 psn|[from] psn\n|upkeep\n|turn|70\n|c|\u2606thundablunda776|i heal\n|\n|t:|1776277842\n|-activate|p1a: Venusaur|move: Struggle\n|move|p1a: Venusaur|Struggle|p2b: Sisyphus \ud83e\udea8\ud83e\udef7\n|-damage|p2b: Sisyphus \ud83e\udea8\ud83e\udef7|63/100 psn\n|-damage|p1a: Venusaur|42/100|[from] recoil\n|move|p2b: Sisyphus \ud83e\udea8\ud83e\udef7|Recover|p2b: Sisyphus \ud83e\udea8\ud83e\udef7\n|-heal|p2b: Sisyphus \ud83e\udea8\ud83e\udef7|100/100 psn\n|\n|-damage|p2b: Sisyphus \ud83e\udea8\ud83e\udef7|88/100 psn|[from] Leech Seed|[of] p1a: Venusaur\n|-heal|p1a: Venusaur|54/100|[silent]\n|-damage|p2b: Sisyphus \ud83e\udea8\ud83e\udef7|76/100 psn|[from] psn\n|upkeep\n|turn|71\n|\n|t:|1776277847\n|-activate|p1a: Venusaur|move: Struggle\n|move|p1a: Venusaur|Struggle|p2b: Sisyphus \ud83e\udea8\ud83e\udef7\n|-damage|p2b: Sisyphus \ud83e\udea8\ud83e\udef7|73/100 psn\n|-damage|p1a: Venusaur|29/100|[from] recoil\n|move|p2b: Sisyphus \ud83e\udea8\ud83e\udef7|Heal Pulse|p1a: Venusaur\n|-heal|p1a: Venusaur|79/100\n|\n|-damage|p2b: Sisyphus \ud83e\udea8\ud83e\udef7|61/100 psn|[from] Leech Seed|[of] p1a: Venusaur\n|-heal|p1a: Venusaur|91/100|[silent]\n|-damage|p2b: Sisyphus \ud83e\udea8\ud83e\udef7|49/100 psn|[from] psn\n|upkeep\n|turn|72\n|\n|t:|1776277850\n|-activate|p1a: Venusaur|move: Struggle\n|move|p1a: Venusaur|Struggle|p2b: Sisyphus \ud83e\udea8\ud83e\udef7\n|-damage|p2b: Sisyphus \ud83e\udea8\ud83e\udef7|46/100 psn\n|-damage|p1a: Venusaur|66/100|[from] recoil\n|move|p2b: Sisyphus \ud83e\udea8\ud83e\udef7|Recover|p2b: Sisyphus \ud83e\udea8\ud83e\udef7\n|-heal|p2b: Sisyphus \ud83e\udea8\ud83e\udef7|96/100 psn\n|\n|-damage|p2b: Sisyphus \ud83e\udea8\ud83e\udef7|83/100 psn|[from] Leech Seed|[of] p1a: Venusaur\n|-heal|p1a: Venusaur|78/100|[silent]\n|-damage|p2b: Sisyphus \ud83e\udea8\ud83e\udef7|71/100 psn|[from] psn\n|upkeep\n|turn|73\n|\n|t:|1776277853\n|-activate|p1a: Venusaur|move: Struggle\n|move|p1a: Venusaur|Struggle|p2b: Sisyphus \ud83e\udea8\ud83e\udef7\n|-damage|p2b: Sisyphus \ud83e\udea8\ud83e\udef7|68/100 psn\n|-damage|p1a: Venusaur|52/100|[from] recoil\n|move|p2b: Sisyphus \ud83e\udea8\ud83e\udef7|Recover|p2b: Sisyphus \ud83e\udea8\ud83e\udef7\n|-heal|p2b: Sisyphus \ud83e\udea8\ud83e\udef7|100/100 psn\n|\n|-damage|p2b: Sisyphus \ud83e\udea8\ud83e\udef7|88/100 psn|[from] Leech Seed|[of] p1a: Venusaur\n|-heal|p1a: Venusaur|64/100|[silent]\n|-damage|p2b: Sisyphus \ud83e\udea8\ud83e\udef7|76/100 psn|[from] psn\n|upkeep\n|turn|74\n|\n|t:|1776277855\n|-activate|p1a: Venusaur|move: Struggle\n|move|p1a: Venusaur|Struggle|p2b: Sisyphus \ud83e\udea8\ud83e\udef7\n|-damage|p2b: Sisyphus \ud83e\udea8\ud83e\udef7|73/100 psn\n|-damage|p1a: Venusaur|39/100|[from] recoil\n|move|p2b: Sisyphus \ud83e\udea8\ud83e\udef7|Heal Pulse|p1a: Venusaur\n|-heal|p1a: Venusaur|89/100\n|\n|-damage|p2b: Sisyphus \ud83e\udea8\ud83e\udef7|61/100 psn|[from] Leech Seed|[of] p1a: Venusaur\n|-heal|p1a: Venusaur|100/100|[silent]\n|-damage|p2b: Sisyphus \ud83e\udea8\ud83e\udef7|49/100 psn|[from] psn\n|upkeep\n|turn|75\n|\n|t:|1776277861\n|-activate|p1a: Venusaur|move: Struggle\n|move|p1a: Venusaur|Struggle|p2b: Sisyphus \ud83e\udea8\ud83e\udef7\n|-damage|p2b: Sisyphus \ud83e\udea8\ud83e\udef7|45/100 psn\n|-damage|p1a: Venusaur|75/100|[from] recoil\n|move|p2b: Sisyphus \ud83e\udea8\ud83e\udef7|Recover|p2b: Sisyphus \ud83e\udea8\ud83e\udef7\n|-heal|p2b: Sisyphus \ud83e\udea8\ud83e\udef7|95/100 psn\n|\n|-damage|p2b: Sisyphus \ud83e\udea8\ud83e\udef7|83/100 psn|[from] Leech Seed|[of] p1a: Venusaur\n|-heal|p1a: Venusaur|87/100|[silent]\n|-damage|p2b: Sisyphus \ud83e\udea8\ud83e\udef7|71/100 psn|[from] psn\n|upkeep\n|turn|76\n|c|\u2606bertojiga|xd\n|\n|t:|1776277867\n|-activate|p1a: Venusaur|move: Struggle\n|move|p1a: Venusaur|Struggle|p2b: Sisyphus \ud83e\udea8\ud83e\udef7\n|-damage|p2b: Sisyphus \ud83e\udea8\ud83e\udef7|68/100 psn\n|-damage|p1a: Venusaur|62/100|[from] recoil\n|move|p2b: Sisyphus \ud83e\udea8\ud83e\udef7|Recover|p2b: Sisyphus \ud83e\udea8\ud83e\udef7\n|-heal|p2b: Sisyphus \ud83e\udea8\ud83e\udef7|100/100 psn\n|\n|-damage|p2b: Sisyphus \ud83e\udea8\ud83e\udef7|88/100 psn|[from] Leech Seed|[of] p1a: Venusaur\n|-heal|p1a: Venusaur|74/100|[silent]\n|-damage|p2b: Sisyphus \ud83e\udea8\ud83e\udef7|76/100 psn|[from] psn\n|upkeep\n|turn|77\n|\n|t:|1776277871\n|-activate|p1a: Venusaur|move: Struggle\n|move|p1a: Venusaur|Struggle|p2b: Sisyphus \ud83e\udea8\ud83e\udef7\n|-damage|p2b: Sisyphus \ud83e\udea8\ud83e\udef7|74/100 psn\n|-damage|p1a: Venusaur|49/100|[from] recoil\n|move|p2b: Sisyphus \ud83e\udea8\ud83e\udef7|Heal Pulse|p1a: Venusaur\n|-heal|p1a: Venusaur|99/100\n|\n|-damage|p2b: Sisyphus \ud83e\udea8\ud83e\udef7|61/100 psn|[from] Leech Seed|[of] p1a: Venusaur\n|-heal|p1a: Venusaur|100/100|[silent]\n|-damage|p2b: Sisyphus \ud83e\udea8\ud83e\udef7|49/100 psn|[from] psn\n|upkeep\n|turn|78\n|c|\u2606bertojiga|ahve a problem vs mega gfengar\n|\n|t:|1776277883\n|-activate|p1a: Venusaur|move: Struggle\n|move|p1a: Venusaur|Struggle|p2b: Sisyphus \ud83e\udea8\ud83e\udef7\n|-damage|p2b: Sisyphus \ud83e\udea8\ud83e\udef7|47/100 psn\n|-damage|p1a: Venusaur|75/100|[from] recoil\n|move|p2b: Sisyphus \ud83e\udea8\ud83e\udef7|Recover|p2b: Sisyphus \ud83e\udea8\ud83e\udef7\n|-heal|p2b: Sisyphus \ud83e\udea8\ud83e\udef7|97/100 psn\n|-enditem|p2b: Sisyphus \ud83e\udea8\ud83e\udef7|Leppa Berry|[eat]\n|-activate|p2b: Sisyphus \ud83e\udea8\ud83e\udef7|item: Leppa Berry|Recover|[consumed]\n|\n|-damage|p2b: Sisyphus \ud83e\udea8\ud83e\udef7|85/100 psn|[from] Leech Seed|[of] p1a: Venusaur\n|-heal|p1a: Venusaur|87/100|[silent]\n|-damage|p2b: Sisyphus \ud83e\udea8\ud83e\udef7|72/100 psn|[from] psn\n|upkeep\n|turn|79\n|c|\u2606bertojiga|counter ur strategy mega gengar\n|\n|t:|1776277898\n|-activate|p1a: Venusaur|move: Struggle\n|move|p1a: Venusaur|Struggle|p2b: Sisyphus \ud83e\udea8\ud83e\udef7\n|-damage|p2b: Sisyphus \ud83e\udea8\ud83e\udef7|69/100 psn\n|-damage|p1a: Venusaur|62/100|[from] recoil\n|move|p2b: Sisyphus \ud83e\udea8\ud83e\udef7|Recover|p2b: Sisyphus \ud83e\udea8\ud83e\udef7\n|-heal|p2b: Sisyphus \ud83e\udea8\ud83e\udef7|100/100 psn\n|\n|-damage|p2b: Sisyphus \ud83e\udea8\ud83e\udef7|88/100 psn|[from] Leech Seed|[of] p1a: Venusaur\n|-heal|p1a: Venusaur|74/100|[silent]\n|-damage|p2b: Sisyphus \ud83e\udea8\ud83e\udef7|76/100 psn|[from] psn\n|upkeep\n|turn|80\n|\n|t:|1776277903\n|-activate|p1a: Venusaur|move: Struggle\n|move|p1a: Venusaur|Struggle|p2b: Sisyphus \ud83e\udea8\ud83e\udef7\n|-damage|p2b: Sisyphus \ud83e\udea8\ud83e\udef7|72/100 psn\n|-damage|p1a: Venusaur|49/100|[from] recoil\n|move|p2b: Sisyphus \ud83e\udea8\ud83e\udef7|Recycle|p2b: Sisyphus \ud83e\udea8\ud83e\udef7\n|-item|p2b: Sisyphus \ud83e\udea8\ud83e\udef7|Leppa Berry|[from] move: Recycle\n|\n|-damage|p2b: Sisyphus \ud83e\udea8\ud83e\udef7|60/100 psn|[from] Leech Seed|[of] p1a: Venusaur\n|-heal|p1a: Venusaur|60/100|[silent]\n|-damage|p2b: Sisyphus \ud83e\udea8\ud83e\udef7|48/100 psn|[from] psn\n|upkeep\n|turn|81\n|c|\u2606thundablunda776|this is not a strat its an art\n|\n|t:|1776277911\n|-activate|p1a: Venusaur|move: Struggle\n|move|p1a: Venusaur|Struggle|p2b: Sisyphus \ud83e\udea8\ud83e\udef7\n|-damage|p2b: Sisyphus \ud83e\udea8\ud83e\udef7|45/100 psn\n|-damage|p1a: Venusaur|35/100|[from] recoil\n|move|p2b: Sisyphus \ud83e\udea8\ud83e\udef7|Recover|p2b: Sisyphus \ud83e\udea8\ud83e\udef7\n|-heal|p2b: Sisyphus \ud83e\udea8\ud83e\udef7|95/100 psn\n|\n|-damage|p2b: Sisyphus \ud83e\udea8\ud83e\udef7|83/100 psn|[from] Leech Seed|[of] p1a: Venusaur\n|-heal|p1a: Venusaur|47/100|[silent]\n|-damage|p2b: Sisyphus \ud83e\udea8\ud83e\udef7|71/100 psn|[from] psn\n|upkeep\n|turn|82\n|\n|t:|1776277915\n|-activate|p1a: Venusaur|move: Struggle\n|move|p1a: Venusaur|Struggle|p2b: Sisyphus \ud83e\udea8\ud83e\udef7\n|-damage|p2b: Sisyphus \ud83e\udea8\ud83e\udef7|68/100 psn\n|-damage|p1a: Venusaur|22/100|[from] recoil\n|move|p2b: Sisyphus \ud83e\udea8\ud83e\udef7|Heal Pulse|p1a: Venusaur\n|-heal|p1a: Venusaur|72/100\n|\n|-damage|p2b: Sisyphus \ud83e\udea8\ud83e\udef7|55/100 psn|[from] Leech Seed|[of] p1a: Venusaur\n|-heal|p1a: Venusaur|84/100|[silent]\n|-damage|p2b: Sisyphus \ud83e\udea8\ud83e\udef7|43/100 psn|[from] psn\n|upkeep\n|turn|83\n|c|\u2606bertojiga|i agree\n|\n|t:|1776277921\n|-activate|p1a: Venusaur|move: Struggle\n|move|p1a: Venusaur|Struggle|p2b: Sisyphus \ud83e\udea8\ud83e\udef7\n|-damage|p2b: Sisyphus \ud83e\udea8\ud83e\udef7|40/100 psn\n|-damage|p1a: Venusaur|59/100|[from] recoil\n|move|p2b: Sisyphus \ud83e\udea8\ud83e\udef7|Recover|p2b: Sisyphus \ud83e\udea8\ud83e\udef7\n|-heal|p2b: Sisyphus \ud83e\udea8\ud83e\udef7|90/100 psn\n|\n|-damage|p2b: Sisyphus \ud83e\udea8\ud83e\udef7|78/100 psn|[from] Leech Seed|[of] p1a: Venusaur\n|-heal|p1a: Venusaur|71/100|[silent]\n|-damage|p2b: Sisyphus \ud83e\udea8\ud83e\udef7|66/100 psn|[from] psn\n|upkeep\n|turn|84\n|\n|t:|1776277929\n|-activate|p1a: Venusaur|move: Struggle\n|move|p1a: Venusaur|Struggle|p2b: Sisyphus \ud83e\udea8\ud83e\udef7\n|-damage|p2b: Sisyphus \ud83e\udea8\ud83e\udef7|63/100 psn\n|-damage|p1a: Venusaur|45/100|[from] recoil\n|move|p2b: Sisyphus \ud83e\udea8\ud83e\udef7|Recover|p2b: Sisyphus \ud83e\udea8\ud83e\udef7\n|-heal|p2b: Sisyphus \ud83e\udea8\ud83e\udef7|100/100 psn\n|\n|-damage|p2b: Sisyphus \ud83e\udea8\ud83e\udef7|88/100 psn|[from] Leech Seed|[of] p1a: Venusaur\n|-heal|p1a: Venusaur|57/100|[silent]\n|-damage|p2b: Sisyphus \ud83e\udea8\ud83e\udef7|76/100 psn|[from] psn\n|upkeep\n|turn|85\n|\n|t:|1776277933\n|-activate|p1a: Venusaur|move: Struggle\n|move|p1a: Venusaur|Struggle|p2b: Sisyphus \ud83e\udea8\ud83e\udef7\n|-damage|p2b: Sisyphus \ud83e\udea8\ud83e\udef7|73/100 psn\n|-damage|p1a: Venusaur|32/100|[from] recoil\n|move|p2b: Sisyphus \ud83e\udea8\ud83e\udef7|Heal Pulse|p1a: Venusaur\n|-heal|p1a: Venusaur|82/100\n|\n|-damage|p2b: Sisyphus \ud83e\udea8\ud83e\udef7|61/100 psn|[from] Leech Seed|[of] p1a: Venusaur\n|-heal|p1a: Venusaur|94/100|[silent]\n|-damage|p2b: Sisyphus \ud83e\udea8\ud83e\udef7|49/100 psn|[from] psn\n|upkeep\n|turn|86\n|\n|t:|1776277935\n|-activate|p1a: Venusaur|move: Struggle\n|move|p1a: Venusaur|Struggle|p2b: Sisyphus \ud83e\udea8\ud83e\udef7\n|-damage|p2b: Sisyphus \ud83e\udea8\ud83e\udef7|46/100 psn\n|-damage|p1a: Venusaur|69/100|[from] recoil\n|move|p2b: Sisyphus \ud83e\udea8\ud83e\udef7|Recover|p2b: Sisyphus \ud83e\udea8\ud83e\udef7\n|-heal|p2b: Sisyphus \ud83e\udea8\ud83e\udef7|96/100 psn\n|\n|-damage|p2b: Sisyphus \ud83e\udea8\ud83e\udef7|83/100 psn|[from] Leech Seed|[of] p1a: Venusaur\n|-heal|p1a: Venusaur|81/100|[silent]\n|-damage|p2b: Sisyphus \ud83e\udea8\ud83e\udef7|71/100 psn|[from] psn\n|upkeep\n|turn|87\n|\n|t:|1776277938\n|-activate|p1a: Venusaur|move: Struggle\n|move|p1a: Venusaur|Struggle|p2b: Sisyphus \ud83e\udea8\ud83e\udef7\n|-damage|p2b: Sisyphus \ud83e\udea8\ud83e\udef7|68/100 psn\n|-damage|p1a: Venusaur|56/100|[from] recoil\n|move|p2b: Sisyphus \ud83e\udea8\ud83e\udef7|Recover|p2b: Sisyphus \ud83e\udea8\ud83e\udef7\n|-heal|p2b: Sisyphus \ud83e\udea8\ud83e\udef7|100/100 psn\n|\n|-damage|p2b: Sisyphus \ud83e\udea8\ud83e\udef7|88/100 psn|[from] Leech Seed|[of] p1a: Venusaur\n|-heal|p1a: Venusaur|67/100|[silent]\n|-damage|p2b: Sisyphus \ud83e\udea8\ud83e\udef7|76/100 psn|[from] psn\n|upkeep\n|turn|88\n|\n|t:|1776277940\n|-activate|p1a: Venusaur|move: Struggle\n|move|p1a: Venusaur|Struggle|p2b: Sisyphus \ud83e\udea8\ud83e\udef7\n|-damage|p2b: Sisyphus \ud83e\udea8\ud83e\udef7|73/100 psn\n|-damage|p1a: Venusaur|42/100|[from] recoil\n|move|p2b: Sisyphus \ud83e\udea8\ud83e\udef7|Heal Pulse|p1a: Venusaur\n|-heal|p1a: Venusaur|92/100\n|\n|-damage|p2b: Sisyphus \ud83e\udea8\ud83e\udef7|61/100 psn|[from] Leech Seed|[of] p1a: Venusaur\n|-heal|p1a: Venusaur|100/100|[silent]\n|-damage|p2b: Sisyphus \ud83e\udea8\ud83e\udef7|49/100 psn|[from] psn\n|upkeep\n|turn|89\n|\n|t:|1776277945\n|-activate|p1a: Venusaur|move: Struggle\n|move|p1a: Venusaur|Struggle|p2b: Sisyphus \ud83e\udea8\ud83e\udef7\n|-damage|p2b: Sisyphus \ud83e\udea8\ud83e\udef7|46/100 psn\n|-damage|p1a: Venusaur|75/100|[from] recoil\n|move|p2b: Sisyphus \ud83e\udea8\ud83e\udef7|Recover|p2b: Sisyphus \ud83e\udea8\ud83e\udef7\n|-heal|p2b: Sisyphus \ud83e\udea8\ud83e\udef7|96/100 psn\n|\n|-damage|p2b: Sisyphus \ud83e\udea8\ud83e\udef7|83/100 psn|[from] Leech Seed|[of] p1a: Venusaur\n|-heal|p1a: Venusaur|87/100|[silent]\n|-damage|p2b: Sisyphus \ud83e\udea8\ud83e\udef7|71/100 psn|[from] psn\n|upkeep\n|turn|90\n|\n|t:|1776277947\n|-activate|p1a: Venusaur|move: Struggle\n|move|p1a: Venusaur|Struggle|p2b: Sisyphus \ud83e\udea8\ud83e\udef7\n|-damage|p2b: Sisyphus \ud83e\udea8\ud83e\udef7|68/100 psn\n|-damage|p1a: Venusaur|62/100|[from] recoil\n|move|p2b: Sisyphus \ud83e\udea8\ud83e\udef7|Recover|p2b: Sisyphus \ud83e\udea8\ud83e\udef7\n|-heal|p2b: Sisyphus \ud83e\udea8\ud83e\udef7|100/100 psn\n|-enditem|p2b: Sisyphus \ud83e\udea8\ud83e\udef7|Leppa Berry|[eat]\n|-activate|p2b: Sisyphus \ud83e\udea8\ud83e\udef7|item: Leppa Berry|Recover|[consumed]\n|\n|-damage|p2b: Sisyphus \ud83e\udea8\ud83e\udef7|88/100 psn|[from] Leech Seed|[of] p1a: Venusaur\n|-heal|p1a: Venusaur|74/100|[silent]\n|-damage|p2b: Sisyphus \ud83e\udea8\ud83e\udef7|76/100 psn|[from] psn\n|upkeep\n|turn|91\n|\n|t:|1776277952\n|-activate|p1a: Venusaur|move: Struggle\n|move|p1a: Venusaur|Struggle|p2b: Sisyphus \ud83e\udea8\ud83e\udef7\n|-damage|p2b: Sisyphus \ud83e\udea8\ud83e\udef7|72/100 psn\n|-damage|p1a: Venusaur|49/100|[from] recoil\n|move|p2b: Sisyphus \ud83e\udea8\ud83e\udef7|Recycle|p2b: Sisyphus \ud83e\udea8\ud83e\udef7\n|-item|p2b: Sisyphus \ud83e\udea8\ud83e\udef7|Leppa Berry|[from] move: Recycle\n|\n|-damage|p2b: Sisyphus \ud83e\udea8\ud83e\udef7|60/100 psn|[from] Leech Seed|[of] p1a: Venusaur\n|-heal|p1a: Venusaur|60/100|[silent]\n|-damage|p2b: Sisyphus \ud83e\udea8\ud83e\udef7|48/100 psn|[from] psn\n|upkeep\n|turn|92\n|\n|t:|1776277963\n|-activate|p1a: Venusaur|move: Struggle\n|move|p1a: Venusaur|Struggle|p2b: Sisyphus \ud83e\udea8\ud83e\udef7\n|-damage|p2b: Sisyphus \ud83e\udea8\ud83e\udef7|45/100 psn\n|-damage|p1a: Venusaur|35/100|[from] recoil\n|move|p2b: Sisyphus \ud83e\udea8\ud83e\udef7|Recover|p2b: Sisyphus \ud83e\udea8\ud83e\udef7\n|-heal|p2b: Sisyphus \ud83e\udea8\ud83e\udef7|95/100 psn\n|\n|-damage|p2b: Sisyphus \ud83e\udea8\ud83e\udef7|83/100 psn|[from] Leech Seed|[of] p1a: Venusaur\n|-heal|p1a: Venusaur|47/100|[silent]\n|-damage|p2b: Sisyphus \ud83e\udea8\ud83e\udef7|71/100 psn|[from] psn\n|upkeep\n|turn|93\n|\n|t:|1776277969\n|-activate|p1a: Venusaur|move: Struggle\n|move|p1a: Venusaur|Struggle|p2b: Sisyphus \ud83e\udea8\ud83e\udef7\n|-damage|p2b: Sisyphus \ud83e\udea8\ud83e\udef7|68/100 psn\n|-damage|p1a: Venusaur|22/100|[from] recoil\n|move|p2b: Sisyphus \ud83e\udea8\ud83e\udef7|Heal Pulse|p1a: Venusaur\n|-heal|p1a: Venusaur|72/100\n|-enditem|p2b: Sisyphus \ud83e\udea8\ud83e\udef7|Leppa Berry|[eat]\n|-activate|p2b: Sisyphus \ud83e\udea8\ud83e\udef7|item: Leppa Berry|Heal Pulse|[consumed]\n|\n|-damage|p2b: Sisyphus \ud83e\udea8\ud83e\udef7|55/100 psn|[from] Leech Seed|[of] p1a: Venusaur\n|-heal|p1a: Venusaur|84/100|[silent]\n|-damage|p2b: Sisyphus \ud83e\udea8\ud83e\udef7|43/100 psn|[from] psn\n|upkeep\n|turn|94\n|\n|t:|1776277975\n|-activate|p1a: Venusaur|move: Struggle\n|move|p1a: Venusaur|Struggle|p2b: Sisyphus \ud83e\udea8\ud83e\udef7\n|-damage|p2b: Sisyphus \ud83e\udea8\ud83e\udef7|40/100 psn\n|-damage|p1a: Venusaur|59/100|[from] recoil\n|move|p2b: Sisyphus \ud83e\udea8\ud83e\udef7|Recover|p2b: Sisyphus \ud83e\udea8\ud83e\udef7\n|-heal|p2b: Sisyphus \ud83e\udea8\ud83e\udef7|90/100 psn\n|\n|-damage|p2b: Sisyphus \ud83e\udea8\ud83e\udef7|78/100 psn|[from] Leech Seed|[of] p1a: Venusaur\n|-heal|p1a: Venusaur|71/100|[silent]\n|-damage|p2b: Sisyphus \ud83e\udea8\ud83e\udef7|66/100 psn|[from] psn\n|upkeep\n|turn|95\n|\n|t:|1776277979\n|-activate|p1a: Venusaur|move: Struggle\n|move|p1a: Venusaur|Struggle|p2b: Sisyphus \ud83e\udea8\ud83e\udef7\n|-damage|p2b: Sisyphus \ud83e\udea8\ud83e\udef7|63/100 psn\n|-damage|p1a: Venusaur|45/100|[from] recoil\n|move|p2b: Sisyphus \ud83e\udea8\ud83e\udef7|Recover|p2b: Sisyphus \ud83e\udea8\ud83e\udef7\n|-heal|p2b: Sisyphus \ud83e\udea8\ud83e\udef7|100/100 psn\n|\n|-damage|p2b: Sisyphus \ud83e\udea8\ud83e\udef7|88/100 psn|[from] Leech Seed|[of] p1a: Venusaur\n|-heal|p1a: Venusaur|57/100|[silent]\n|-damage|p2b: Sisyphus \ud83e\udea8\ud83e\udef7|76/100 psn|[from] psn\n|upkeep\n|turn|96\n|\n|t:|1776277983\n|-activate|p1a: Venusaur|move: Struggle\n|move|p1a: Venusaur|Struggle|p2b: Sisyphus \ud83e\udea8\ud83e\udef7\n|-damage|p2b: Sisyphus \ud83e\udea8\ud83e\udef7|73/100 psn\n|-damage|p1a: Venusaur|32/100|[from] recoil\n|move|p2b: Sisyphus \ud83e\udea8\ud83e\udef7|Recycle|p2b: Sisyphus \ud83e\udea8\ud83e\udef7\n|-item|p2b: Sisyphus \ud83e\udea8\ud83e\udef7|Leppa Berry|[from] move: Recycle\n|\n|-damage|p2b: Sisyphus \ud83e\udea8\ud83e\udef7|61/100 psn|[from] Leech Seed|[of] p1a: Venusaur\n|-heal|p1a: Venusaur|44/100|[silent]\n|-damage|p2b: Sisyphus \ud83e\udea8\ud83e\udef7|49/100 psn|[from] psn\n|upkeep\n|turn|97\n|\n|t:|1776277986\n|-activate|p1a: Venusaur|move: Struggle\n|move|p1a: Venusaur|Struggle|p2b: Sisyphus \ud83e\udea8\ud83e\udef7\n|-damage|p2b: Sisyphus \ud83e\udea8\ud83e\udef7|46/100 psn\n|-damage|p1a: Venusaur|19/100|[from] recoil\n|move|p2b: Sisyphus \ud83e\udea8\ud83e\udef7|Heal Pulse|p1a: Venusaur\n|-heal|p1a: Venusaur|69/100\n|\n|-damage|p2b: Sisyphus \ud83e\udea8\ud83e\udef7|33/100 psn|[from] Leech Seed|[of] p1a: Venusaur\n|-heal|p1a: Venusaur|81/100|[silent]\n|-damage|p2b: Sisyphus \ud83e\udea8\ud83e\udef7|21/100 psn|[from] psn\n|upkeep\n|turn|98\n|\n|t:|1776277990\n|-activate|p1a: Venusaur|move: Struggle\n|move|p1a: Venusaur|Struggle|p2b: Sisyphus \ud83e\udea8\ud83e\udef7\n|-damage|p2b: Sisyphus \ud83e\udea8\ud83e\udef7|18/100 psn\n|-damage|p1a: Venusaur|56/100|[from] recoil\n|move|p2b: Sisyphus \ud83e\udea8\ud83e\udef7|Recover|p2b: Sisyphus \ud83e\udea8\ud83e\udef7\n|-heal|p2b: Sisyphus \ud83e\udea8\ud83e\udef7|68/100 psn\n|\n|-damage|p2b: Sisyphus \ud83e\udea8\ud83e\udef7|56/100 psn|[from] Leech Seed|[of] p1a: Venusaur\n|-heal|p1a: Venusaur|67/100|[silent]\n|-damage|p2b: Sisyphus \ud83e\udea8\ud83e\udef7|44/100 psn|[from] psn\n|upkeep\n|turn|99\n|\n|t:|1776277999\n|-activate|p1a: Venusaur|move: Struggle\n|move|p1a: Venusaur|Struggle|p2b: Sisyphus \ud83e\udea8\ud83e\udef7\n|-damage|p2b: Sisyphus \ud83e\udea8\ud83e\udef7|41/100 psn\n|-damage|p1a: Venusaur|42/100|[from] recoil\n|move|p2b: Sisyphus \ud83e\udea8\ud83e\udef7|Recover|p2b: Sisyphus \ud83e\udea8\ud83e\udef7\n|-heal|p2b: Sisyphus \ud83e\udea8\ud83e\udef7|91/100 psn\n|\n|-damage|p2b: Sisyphus \ud83e\udea8\ud83e\udef7|79/100 psn|[from] Leech Seed|[of] p1a: Venusaur\n|-heal|p1a: Venusaur|54/100|[silent]\n|-damage|p2b: Sisyphus \ud83e\udea8\ud83e\udef7|66/100 psn|[from] psn\n|upkeep\n|turn|100\n|\n|t:|1776278006\n|-activate|p1a: Venusaur|move: Struggle\n|move|p1a: Venusaur|Struggle|p2b: Sisyphus \ud83e\udea8\ud83e\udef7\n|-damage|p2b: Sisyphus \ud83e\udea8\ud83e\udef7|63/100 psn\n|-damage|p1a: Venusaur|29/100|[from] recoil\n|move|p2b: Sisyphus \ud83e\udea8\ud83e\udef7|Recover|p2b: Sisyphus \ud83e\udea8\ud83e\udef7\n|-heal|p2b: Sisyphus \ud83e\udea8\ud83e\udef7|100/100 psn\n|\n|-damage|p2b: Sisyphus \ud83e\udea8\ud83e\udef7|88/100 psn|[from] Leech Seed|[of] p1a: Venusaur\n|-heal|p1a: Venusaur|41/100|[silent]\n|-damage|p2b: Sisyphus \ud83e\udea8\ud83e\udef7|76/100 psn|[from] psn\n|upkeep\n|turn|101\n|\n|t:|1776278012\n|-activate|p1a: Venusaur|move: Struggle\n|move|p1a: Venusaur|Struggle|p2b: Sisyphus \ud83e\udea8\ud83e\udef7\n|-damage|p2b: Sisyphus \ud83e\udea8\ud83e\udef7|73/100 psn\n|-damage|p1a: Venusaur|15/100|[from] recoil\n|move|p2b: Sisyphus \ud83e\udea8\ud83e\udef7|Heal Pulse|p1a: Venusaur\n|-heal|p1a: Venusaur|66/100\n|\n|-damage|p2b: Sisyphus \ud83e\udea8\ud83e\udef7|61/100 psn|[from] Leech Seed|[of] p1a: Venusaur\n|-heal|p1a: Venusaur|78/100|[silent]\n|-damage|p2b: Sisyphus \ud83e\udea8\ud83e\udef7|49/100 psn|[from] psn\n|upkeep\n|turn|102\n|\n|t:|1776278018\n|-activate|p1a: Venusaur|move: Struggle\n|move|p1a: Venusaur|Struggle|p2b: Sisyphus \ud83e\udea8\ud83e\udef7\n|-damage|p2b: Sisyphus \ud83e\udea8\ud83e\udef7|46/100 psn\n|-damage|p1a: Venusaur|52/100|[from] recoil\n|move|p2b: Sisyphus \ud83e\udea8\ud83e\udef7|Recover|p2b: Sisyphus \ud83e\udea8\ud83e\udef7\n|-heal|p2b: Sisyphus \ud83e\udea8\ud83e\udef7|96/100 psn\n|\n|-damage|p2b: Sisyphus \ud83e\udea8\ud83e\udef7|83/100 psn|[from] Leech Seed|[of] p1a: Venusaur\n|-heal|p1a: Venusaur|64/100|[silent]\n|-damage|p2b: Sisyphus \ud83e\udea8\ud83e\udef7|71/100 psn|[from] psn\n|upkeep\n|turn|103\n|\n|t:|1776278030\n|-activate|p1a: Venusaur|move: Struggle\n|move|p1a: Venusaur|Struggle|p2b: Sisyphus \ud83e\udea8\ud83e\udef7\n|-damage|p2b: Sisyphus \ud83e\udea8\ud83e\udef7|69/100 psn\n|-damage|p1a: Venusaur|39/100|[from] recoil\n|move|p2b: Sisyphus \ud83e\udea8\ud83e\udef7|Recover|p2b: Sisyphus \ud83e\udea8\ud83e\udef7\n|-heal|p2b: Sisyphus \ud83e\udea8\ud83e\udef7|100/100 psn\n|-enditem|p2b: Sisyphus \ud83e\udea8\ud83e\udef7|Leppa Berry|[eat]\n|-activate|p2b: Sisyphus \ud83e\udea8\ud83e\udef7|item: Leppa Berry|Recover|[consumed]\n|\n|-damage|p2b: Sisyphus \ud83e\udea8\ud83e\udef7|88/100 psn|[from] Leech Seed|[of] p1a: Venusaur\n|-heal|p1a: Venusaur|51/100|[silent]\n|-damage|p2b: Sisyphus \ud83e\udea8\ud83e\udef7|76/100 psn|[from] psn\n|upkeep\n|turn|104\n|\n|t:|1776278038\n|-activate|p1a: Venusaur|move: Struggle\n|move|p1a: Venusaur|Struggle|p2b: Sisyphus \ud83e\udea8\ud83e\udef7\n|-damage|p2b: Sisyphus \ud83e\udea8\ud83e\udef7|73/100 psn\n|-damage|p1a: Venusaur|26/100|[from] recoil\n|move|p2b: Sisyphus \ud83e\udea8\ud83e\udef7|Recycle|p2b: Sisyphus \ud83e\udea8\ud83e\udef7\n|-item|p2b: Sisyphus \ud83e\udea8\ud83e\udef7|Leppa Berry|[from] move: Recycle\n|\n|-damage|p2b: Sisyphus \ud83e\udea8\ud83e\udef7|61/100 psn|[from] Leech Seed|[of] p1a: Venusaur\n|-heal|p1a: Venusaur|37/100|[silent]\n|-damage|p2b: Sisyphus \ud83e\udea8\ud83e\udef7|49/100 psn|[from] psn\n|upkeep\n|turn|105\n|\n|t:|1776278044\n|-activate|p1a: Venusaur|move: Struggle\n|move|p1a: Venusaur|Struggle|p2b: Sisyphus \ud83e\udea8\ud83e\udef7\n|-damage|p2b: Sisyphus \ud83e\udea8\ud83e\udef7|46/100 psn\n|-damage|p1a: Venusaur|12/100|[from] recoil\n|move|p2b: Sisyphus \ud83e\udea8\ud83e\udef7|Heal Pulse|p1a: Venusaur\n|-heal|p1a: Venusaur|63/100\n|\n|-damage|p2b: Sisyphus \ud83e\udea8\ud83e\udef7|33/100 psn|[from] Leech Seed|[of] p1a: Venusaur\n|-heal|p1a: Venusaur|74/100|[silent]\n|-damage|p2b: Sisyphus \ud83e\udea8\ud83e\udef7|21/100 psn|[from] psn\n|upkeep\n|turn|106\n|c|\u2606bertojiga|i wiil go to see championbs league men\n|c|\u2606bertojiga|sorry\n|\n|t:|1776278058\n|-activate|p1a: Venusaur|move: Struggle\n|move|p1a: Venusaur|Struggle|p2b: Sisyphus \ud83e\udea8\ud83e\udef7\n|-damage|p2b: Sisyphus \ud83e\udea8\ud83e\udef7|18/100 psn\n|-damage|p1a: Venusaur|49/100|[from] recoil\n|move|p2b: Sisyphus \ud83e\udea8\ud83e\udef7|Recover|p2b: Sisyphus \ud83e\udea8\ud83e\udef7\n|-heal|p2b: Sisyphus \ud83e\udea8\ud83e\udef7|68/100 psn\n|\n|-damage|p2b: Sisyphus \ud83e\udea8\ud83e\udef7|56/100 psn|[from] Leech Seed|[of] p1a: Venusaur\n|-heal|p1a: Venusaur|61/100|[silent]\n|-damage|p2b: Sisyphus \ud83e\udea8\ud83e\udef7|44/100 psn|[from] psn\n|upkeep\n|turn|107\n|c|\u2606thundablunda776|D:\n|\n|t:|1776278063\n|-activate|p1a: Venusaur|move: Struggle\n|move|p1a: Venusaur|Struggle|p2b: Sisyphus \ud83e\udea8\ud83e\udef7\n|-damage|p2b: Sisyphus \ud83e\udea8\ud83e\udef7|40/100 psn\n|-damage|p1a: Venusaur|36/100|[from] recoil\n|move|p2b: Sisyphus \ud83e\udea8\ud83e\udef7|Recover|p2b: Sisyphus \ud83e\udea8\ud83e\udef7\n|-heal|p2b: Sisyphus \ud83e\udea8\ud83e\udef7|90/100 psn\n|\n|-damage|p2b: Sisyphus \ud83e\udea8\ud83e\udef7|78/100 psn|[from] Leech Seed|[of] p1a: Venusaur\n|-heal|p1a: Venusaur|48/100|[silent]\n|-damage|p2b: Sisyphus \ud83e\udea8\ud83e\udef7|66/100 psn|[from] psn\n|upkeep\n|turn|108\n|\n|t:|1776278069\n|-activate|p1a: Venusaur|move: Struggle\n|move|p1a: Venusaur|Struggle|p2b: Sisyphus \ud83e\udea8\ud83e\udef7\n|-damage|p2b: Sisyphus \ud83e\udea8\ud83e\udef7|62/100 psn\n|-damage|p1a: Venusaur|22/100|[from] recoil\n|move|p2b: Sisyphus \ud83e\udea8\ud83e\udef7|Heal Pulse|p1a: Venusaur\n|-heal|p1a: Venusaur|73/100\n|\n|-damage|p2b: Sisyphus \ud83e\udea8\ud83e\udef7|50/100 psn|[from] Leech Seed|[of] p1a: Venusaur\n|-heal|p1a: Venusaur|84/100|[silent]\n|-damage|p2b: Sisyphus \ud83e\udea8\ud83e\udef7|38/100 psn|[from] psn\n|upkeep\n|turn|109\n|\n|t:|1776278073\n|-activate|p1a: Venusaur|move: Struggle\n|move|p1a: Venusaur|Struggle|p2b: Sisyphus \ud83e\udea8\ud83e\udef7\n|-damage|p2b: Sisyphus \ud83e\udea8\ud83e\udef7|35/100 psn\n|-damage|p1a: Venusaur|59/100|[from] recoil\n|move|p2b: Sisyphus \ud83e\udea8\ud83e\udef7|Recover|p2b: Sisyphus \ud83e\udea8\ud83e\udef7\n|-heal|p2b: Sisyphus \ud83e\udea8\ud83e\udef7|85/100 psn\n|\n|-damage|p2b: Sisyphus \ud83e\udea8\ud83e\udef7|72/100 psn|[from] Leech Seed|[of] p1a: Venusaur\n|-heal|p1a: Venusaur|71/100|[silent]\n|-damage|p2b: Sisyphus \ud83e\udea8\ud83e\udef7|60/100 psn|[from] psn\n|upkeep\n|turn|110\n|\n|t:|1776278075\n|-activate|p1a: Venusaur|move: Struggle\n|move|p1a: Venusaur|Struggle|p2b: Sisyphus \ud83e\udea8\ud83e\udef7\n|-damage|p2b: Sisyphus \ud83e\udea8\ud83e\udef7|57/100 psn\n|-damage|p1a: Venusaur|46/100|[from] recoil\n|move|p2b: Sisyphus \ud83e\udea8\ud83e\udef7|Recover|p2b: Sisyphus \ud83e\udea8\ud83e\udef7\n|-heal|p2b: Sisyphus \ud83e\udea8\ud83e\udef7|100/100 psn\n|\n|-damage|p2b: Sisyphus \ud83e\udea8\ud83e\udef7|88/100 psn|[from] Leech Seed|[of] p1a: Venusaur\n|-heal|p1a: Venusaur|58/100|[silent]\n|-damage|p2b: Sisyphus \ud83e\udea8\ud83e\udef7|76/100 psn|[from] psn\n|upkeep\n|turn|111\n|\n|t:|1776278077\n|-activate|p1a: Venusaur|move: Struggle\n|move|p1a: Venusaur|Struggle|p2b: Sisyphus \ud83e\udea8\ud83e\udef7\n|-damage|p2b: Sisyphus \ud83e\udea8\ud83e\udef7|72/100 psn\n|-damage|p1a: Venusaur|33/100|[from] recoil\n|move|p2b: Sisyphus \ud83e\udea8\ud83e\udef7|Heal Pulse|p1a: Venusaur\n|-heal|p1a: Venusaur|83/100\n|\n|-damage|p2b: Sisyphus \ud83e\udea8\ud83e\udef7|60/100 psn|[from] Leech Seed|[of] p1a: Venusaur\n|-heal|p1a: Venusaur|95/100|[silent]\n|-damage|p2b: Sisyphus \ud83e\udea8\ud83e\udef7|48/100 psn|[from] psn\n|upkeep\n|turn|112\n|\n|t:|1776278081\n|-activate|p1a: Venusaur|move: Struggle\n|move|p1a: Venusaur|Struggle|p2b: Sisyphus \ud83e\udea8\ud83e\udef7\n|-damage|p2b: Sisyphus \ud83e\udea8\ud83e\udef7|45/100 psn\n|-damage|p1a: Venusaur|69/100|[from] recoil\n|move|p2b: Sisyphus \ud83e\udea8\ud83e\udef7|Recover|p2b: Sisyphus \ud83e\udea8\ud83e\udef7\n|-heal|p2b: Sisyphus \ud83e\udea8\ud83e\udef7|95/100 psn\n|\n|-damage|p2b: Sisyphus \ud83e\udea8\ud83e\udef7|83/100 psn|[from] Leech Seed|[of] p1a: Venusaur\n|-heal|p1a: Venusaur|81/100|[silent]\n|-damage|p2b: Sisyphus \ud83e\udea8\ud83e\udef7|71/100 psn|[from] psn\n|upkeep\n|turn|113\n|\n|t:|1776278088\n|-activate|p1a: Venusaur|move: Struggle\n|move|p1a: Venusaur|Struggle|p2b: Sisyphus \ud83e\udea8\ud83e\udef7\n|-damage|p2b: Sisyphus \ud83e\udea8\ud83e\udef7|68/100 psn\n|-damage|p1a: Venusaur|56/100|[from] recoil\n|move|p2b: Sisyphus \ud83e\udea8\ud83e\udef7|Recover|p2b: Sisyphus \ud83e\udea8\ud83e\udef7\n|-heal|p2b: Sisyphus \ud83e\udea8\ud83e\udef7|100/100 psn\n|\n|-damage|p2b: Sisyphus \ud83e\udea8\ud83e\udef7|88/100 psn|[from] Leech Seed|[of] p1a: Venusaur\n|-heal|p1a: Venusaur|68/100|[silent]\n|-damage|p2b: Sisyphus \ud83e\udea8\ud83e\udef7|76/100 psn|[from] psn\n|upkeep\n|turn|114\n|\n|t:|1776278092\n|-activate|p1a: Venusaur|move: Struggle\n|move|p1a: Venusaur|Struggle|p2b: Sisyphus \ud83e\udea8\ud83e\udef7\n|-damage|p2b: Sisyphus \ud83e\udea8\ud83e\udef7|73/100 psn\n|-damage|p1a: Venusaur|43/100|[from] recoil\n|move|p2b: Sisyphus \ud83e\udea8\ud83e\udef7|Heal Pulse|p1a: Venusaur\n|-heal|p1a: Venusaur|93/100\n|\n|-damage|p2b: Sisyphus \ud83e\udea8\ud83e\udef7|61/100 psn|[from] Leech Seed|[of] p1a: Venusaur\n|-heal|p1a: Venusaur|100/100|[silent]\n|-damage|p2b: Sisyphus \ud83e\udea8\ud83e\udef7|49/100 psn|[from] psn\n|upkeep\n|turn|115\n|\n|t:|1776278095\n|-activate|p1a: Venusaur|move: Struggle\n|move|p1a: Venusaur|Struggle|p2b: Sisyphus \ud83e\udea8\ud83e\udef7\n|-damage|p2b: Sisyphus \ud83e\udea8\ud83e\udef7|46/100 psn\n|-damage|p1a: Venusaur|75/100|[from] recoil\n|move|p2b: Sisyphus \ud83e\udea8\ud83e\udef7|Recover|p2b: Sisyphus \ud83e\udea8\ud83e\udef7\n|-heal|p2b: Sisyphus \ud83e\udea8\ud83e\udef7|96/100 psn\n|\n|-damage|p2b: Sisyphus \ud83e\udea8\ud83e\udef7|83/100 psn|[from] Leech Seed|[of] p1a: Venusaur\n|-heal|p1a: Venusaur|87/100|[silent]\n|-damage|p2b: Sisyphus \ud83e\udea8\ud83e\udef7|71/100 psn|[from] psn\n|upkeep\n|turn|116\n|c|\u2606bertojiga|bye bye\n|c|\u2606thundablunda776|D:\n|c|\u2606bertojiga|a pleasrue+\n|\n|t:|1776278106\n|-activate|p1a: Venusaur|move: Struggle\n|move|p1a: Venusaur|Struggle|p2b: Sisyphus \ud83e\udea8\ud83e\udef7\n|-damage|p2b: Sisyphus \ud83e\udea8\ud83e\udef7|68/100 psn\n|-damage|p1a: Venusaur|62/100|[from] recoil\n|move|p2b: Sisyphus \ud83e\udea8\ud83e\udef7|Recover|p2b: Sisyphus \ud83e\udea8\ud83e\udef7\n|-heal|p2b: Sisyphus \ud83e\udea8\ud83e\udef7|100/100 psn\n|-enditem|p2b: Sisyphus \ud83e\udea8\ud83e\udef7|Leppa Berry|[eat]\n|-activate|p2b: Sisyphus \ud83e\udea8\ud83e\udef7|item: Leppa Berry|Recover|[consumed]\n|\n|-damage|p2b: Sisyphus \ud83e\udea8\ud83e\udef7|88/100 psn|[from] Leech Seed|[of] p1a: Venusaur\n|-heal|p1a: Venusaur|74/100|[silent]\n|-damage|p2b: Sisyphus \ud83e\udea8\ud83e\udef7|76/100 psn|[from] psn\n|upkeep\n|turn|117\n|c|\u2606thundablunda776|rip\n|c|\u2606bertojiga|can u pass me de pokemon paste?=\n|\n|t:|1776278119\n|-activate|p1a: Venusaur|move: Struggle\n|move|p1a: Venusaur|Struggle|p2b: Sisyphus \ud83e\udea8\ud83e\udef7\n|-damage|p2b: Sisyphus \ud83e\udea8\ud83e\udef7|73/100 psn\n|-damage|p1a: Venusaur|49/100|[from] recoil\n|move|p2b: Sisyphus \ud83e\udea8\ud83e\udef7|Recycle|p2b: Sisyphus \ud83e\udea8\ud83e\udef7\n|-item|p2b: Sisyphus \ud83e\udea8\ud83e\udef7|Leppa Berry|[from] move: Recycle\n|\n|-damage|p2b: Sisyphus \ud83e\udea8\ud83e\udef7|61/100 psn|[from] Leech Seed|[of] p1a: Venusaur\n|-heal|p1a: Venusaur|60/100|[silent]\n|-damage|p2b: Sisyphus \ud83e\udea8\ud83e\udef7|49/100 psn|[from] psn\n|upkeep\n|turn|118\n|c|\u2606thundablunda776|yea sure\n|\n|t:|1776278132\n|-activate|p1a: Venusaur|move: Struggle\n|move|p1a: Venusaur|Struggle|p2b: Sisyphus \ud83e\udea8\ud83e\udef7\n|-damage|p2b: Sisyphus \ud83e\udea8\ud83e\udef7|46/100 psn\n|-damage|p1a: Venusaur|35/100|[from] recoil\n|move|p2b: Sisyphus \ud83e\udea8\ud83e\udef7|Recover|p2b: Sisyphus \ud83e\udea8\ud83e\udef7\n|-heal|p2b: Sisyphus \ud83e\udea8\ud83e\udef7|96/100 psn\n|\n|-damage|p2b: Sisyphus \ud83e\udea8\ud83e\udef7|83/100 psn|[from] Leech Seed|[of] p1a: Venusaur\n|-heal|p1a: Venusaur|47/100|[silent]\n|-damage|p2b: Sisyphus \ud83e\udea8\ud83e\udef7|71/100 psn|[from] psn\n|upkeep\n|turn|119\n|c|\u2606thundablunda776|https://pokepast.es/934edff09d067b67\n|\n|t:|1776278143\n|-activate|p1a: Venusaur|move: Struggle\n|move|p1a: Venusaur|Struggle|p2b: Sisyphus \ud83e\udea8\ud83e\udef7\n|-damage|p2b: Sisyphus \ud83e\udea8\ud83e\udef7|68/100 psn\n|-damage|p1a: Venusaur|22/100|[from] recoil\n|move|p2b: Sisyphus \ud83e\udea8\ud83e\udef7|Heal Pulse|p1a: Venusaur\n|-heal|p1a: Venusaur|72/100\n|\n|-damage|p2b: Sisyphus \ud83e\udea8\ud83e\udef7|56/100 psn|[from] Leech Seed|[of] p1a: Venusaur\n|-heal|p1a: Venusaur|84/100|[silent]\n|-damage|p2b: Sisyphus \ud83e\udea8\ud83e\udef7|44/100 psn|[from] psn\n|upkeep\n|turn|120\n|c|\u2606bertojiga|ty\n|\n|t:|1776278152\n|-activate|p1a: Venusaur|move: Struggle\n|move|p1a: Venusaur|Struggle|p2b: Sisyphus \ud83e\udea8\ud83e\udef7\n|-damage|p2b: Sisyphus \ud83e\udea8\ud83e\udef7|41/100 psn\n|-damage|p1a: Venusaur|59/100|[from] recoil\n|move|p2b: Sisyphus \ud83e\udea8\ud83e\udef7|Recover|p2b: Sisyphus \ud83e\udea8\ud83e\udef7\n|-heal|p2b: Sisyphus \ud83e\udea8\ud83e\udef7|91/100 psn\n|\n|-damage|p2b: Sisyphus \ud83e\udea8\ud83e\udef7|79/100 psn|[from] Leech Seed|[of] p1a: Venusaur\n|-heal|p1a: Venusaur|71/100|[silent]\n|-damage|p2b: Sisyphus \ud83e\udea8\ud83e\udef7|66/100 psn|[from] psn\n|upkeep\n|turn|121\n|\n|t:|1776278155\n|-activate|p1a: Venusaur|move: Struggle\n|move|p1a: Venusaur|Struggle|p2b: Sisyphus \ud83e\udea8\ud83e\udef7\n|-damage|p2b: Sisyphus \ud83e\udea8\ud83e\udef7|63/100 psn\n|-damage|p1a: Venusaur|45/100|[from] recoil\n|move|p2b: Sisyphus \ud83e\udea8\ud83e\udef7|Recover|p2b: Sisyphus \ud83e\udea8\ud83e\udef7\n|-heal|p2b: Sisyphus \ud83e\udea8\ud83e\udef7|100/100 psn\n|\n|-damage|p2b: Sisyphus \ud83e\udea8\ud83e\udef7|88/100 psn|[from] Leech Seed|[of] p1a: Venusaur\n|-heal|p1a: Venusaur|57/100|[silent]\n|-damage|p2b: Sisyphus \ud83e\udea8\ud83e\udef7|76/100 psn|[from] psn\n|upkeep\n|turn|122\n|\n|t:|1776278159\n|-activate|p1a: Venusaur|move: Struggle\n|move|p1a: Venusaur|Struggle|p2b: Sisyphus \ud83e\udea8\ud83e\udef7\n|-damage|p2b: Sisyphus \ud83e\udea8\ud83e\udef7|73/100 psn\n|-damage|p1a: Venusaur|32/100|[from] recoil\n|move|p2b: Sisyphus \ud83e\udea8\ud83e\udef7|Heal Pulse|p1a: Venusaur\n|-heal|p1a: Venusaur|82/100\n|\n|-damage|p2b: Sisyphus \ud83e\udea8\ud83e\udef7|61/100 psn|[from] Leech Seed|[of] p1a: Venusaur\n|-heal|p1a: Venusaur|94/100|[silent]\n|-damage|p2b: Sisyphus \ud83e\udea8\ud83e\udef7|49/100 psn|[from] psn\n|upkeep\n|turn|123\n|\n|t:|1776278164\n|-activate|p1a: Venusaur|move: Struggle\n|move|p1a: Venusaur|Struggle|p2b: Sisyphus \ud83e\udea8\ud83e\udef7\n|-damage|p2b: Sisyphus \ud83e\udea8\ud83e\udef7|46/100 psn\n|-damage|p1a: Venusaur|69/100|[from] recoil\n|move|p2b: Sisyphus \ud83e\udea8\ud83e\udef7|Recover|p2b: Sisyphus \ud83e\udea8\ud83e\udef7\n|-heal|p2b: Sisyphus \ud83e\udea8\ud83e\udef7|96/100 psn\n|\n|-damage|p2b: Sisyphus \ud83e\udea8\ud83e\udef7|83/100 psn|[from] Leech Seed|[of] p1a: Venusaur\n|-heal|p1a: Venusaur|81/100|[silent]\n|-damage|p2b: Sisyphus \ud83e\udea8\ud83e\udef7|71/100 psn|[from] psn\n|upkeep\n|turn|124\n|\n|t:|1776278167\n|-activate|p1a: Venusaur|move: Struggle\n|move|p1a: Venusaur|Struggle|p2b: Sisyphus \ud83e\udea8\ud83e\udef7\n|-damage|p2b: Sisyphus \ud83e\udea8\ud83e\udef7|68/100 psn\n|-damage|p1a: Venusaur|56/100|[from] recoil\n|move|p2b: Sisyphus \ud83e\udea8\ud83e\udef7|Recover|p2b: Sisyphus \ud83e\udea8\ud83e\udef7\n|-heal|p2b: Sisyphus \ud83e\udea8\ud83e\udef7|100/100 psn\n|\n|-damage|p2b: Sisyphus \ud83e\udea8\ud83e\udef7|88/100 psn|[from] Leech Seed|[of] p1a: Venusaur\n|-heal|p1a: Venusaur|67/100|[silent]\n|-damage|p2b: Sisyphus \ud83e\udea8\ud83e\udef7|76/100 psn|[from] psn\n|upkeep\n|turn|125\n|\n|t:|1776278170\n|-activate|p1a: Venusaur|move: Struggle\n|move|p1a: Venusaur|Struggle|p2b: Sisyphus \ud83e\udea8\ud83e\udef7\n|-damage|p2b: Sisyphus \ud83e\udea8\ud83e\udef7|73/100 psn\n|-damage|p1a: Venusaur|42/100|[from] recoil\n|move|p2b: Sisyphus \ud83e\udea8\ud83e\udef7|Heal Pulse|p1a: Venusaur\n|-heal|p1a: Venusaur|92/100\n|\n|-damage|p2b: Sisyphus \ud83e\udea8\ud83e\udef7|61/100 psn|[from] Leech Seed|[of] p1a: Venusaur\n|-heal|p1a: Venusaur|100/100|[silent]\n|-damage|p2b: Sisyphus \ud83e\udea8\ud83e\udef7|49/100 psn|[from] psn\n|upkeep\n|turn|126\n|\n|t:|1776278172\n|-activate|p1a: Venusaur|move: Struggle\n|move|p1a: Venusaur|Struggle|p2b: Sisyphus \ud83e\udea8\ud83e\udef7\n|-damage|p2b: Sisyphus \ud83e\udea8\ud83e\udef7|46/100 psn\n|-damage|p1a: Venusaur|75/100|[from] recoil\n|move|p2b: Sisyphus \ud83e\udea8\ud83e\udef7|Recover|p2b: Sisyphus \ud83e\udea8\ud83e\udef7\n|-heal|p2b: Sisyphus \ud83e\udea8\ud83e\udef7|96/100 psn\n|\n|-damage|p2b: Sisyphus \ud83e\udea8\ud83e\udef7|83/100 psn|[from] Leech Seed|[of] p1a: Venusaur\n|-heal|p1a: Venusaur|87/100|[silent]\n|-damage|p2b: Sisyphus \ud83e\udea8\ud83e\udef7|71/100 psn|[from] psn\n|upkeep\n|turn|127\n|\n|t:|1776278174\n|-activate|p1a: Venusaur|move: Struggle\n|move|p1a: Venusaur|Struggle|p2b: Sisyphus \ud83e\udea8\ud83e\udef7\n|-damage|p2b: Sisyphus \ud83e\udea8\ud83e\udef7|68/100 psn\n|-damage|p1a: Venusaur|62/100|[from] recoil\n|move|p2b: Sisyphus \ud83e\udea8\ud83e\udef7|Recover|p2b: Sisyphus \ud83e\udea8\ud83e\udef7\n|-heal|p2b: Sisyphus \ud83e\udea8\ud83e\udef7|100/100 psn\n|\n|-damage|p2b: Sisyphus \ud83e\udea8\ud83e\udef7|88/100 psn|[from] Leech Seed|[of] p1a: Venusaur\n|-heal|p1a: Venusaur|74/100|[silent]\n|-damage|p2b: Sisyphus \ud83e\udea8\ud83e\udef7|76/100 psn|[from] psn\n|upkeep\n|turn|128\n|\n|t:|1776278176\n|-activate|p1a: Venusaur|move: Struggle\n|move|p1a: Venusaur|Struggle|p2b: Sisyphus \ud83e\udea8\ud83e\udef7\n|-damage|p2b: Sisyphus \ud83e\udea8\ud83e\udef7|73/100 psn\n|-damage|p1a: Venusaur|49/100|[from] recoil\n|move|p2b: Sisyphus \ud83e\udea8\ud83e\udef7|Heal Pulse|p1a: Venusaur\n|-heal|p1a: Venusaur|99/100\n|-enditem|p2b: Sisyphus \ud83e\udea8\ud83e\udef7|Leppa Berry|[eat]\n|-activate|p2b: Sisyphus \ud83e\udea8\ud83e\udef7|item: Leppa Berry|Heal Pulse|[consumed]\n|\n|-damage|p2b: Sisyphus \ud83e\udea8\ud83e\udef7|61/100 psn|[from] Leech Seed|[of] p1a: Venusaur\n|-heal|p1a: Venusaur|100/100|[silent]\n|-damage|p2b: Sisyphus \ud83e\udea8\ud83e\udef7|49/100 psn|[from] psn\n|upkeep\n|turn|129\n|\n|t:|1776278178\n|-activate|p1a: Venusaur|move: Struggle\n|move|p1a: Venusaur|Struggle|p2b: Sisyphus \ud83e\udea8\ud83e\udef7\n|-damage|p2b: Sisyphus \ud83e\udea8\ud83e\udef7|46/100 psn\n|-damage|p1a: Venusaur|75/100|[from] recoil\n|move|p2b: Sisyphus \ud83e\udea8\ud83e\udef7|Recover|p2b: Sisyphus \ud83e\udea8\ud83e\udef7\n|-heal|p2b: Sisyphus \ud83e\udea8\ud83e\udef7|96/100 psn\n|\n|-damage|p2b: Sisyphus \ud83e\udea8\ud83e\udef7|83/100 psn|[from] Leech Seed|[of] p1a: Venusaur\n|-heal|p1a: Venusaur|87/100|[silent]\n|-damage|p2b: Sisyphus \ud83e\udea8\ud83e\udef7|71/100 psn|[from] psn\n|upkeep\n|turn|130\n|\n|t:|1776278180\n|-activate|p1a: Venusaur|move: Struggle\n|move|p1a: Venusaur|Struggle|p2b: Sisyphus \ud83e\udea8\ud83e\udef7\n|-damage|p2b: Sisyphus \ud83e\udea8\ud83e\udef7|68/100 psn\n|-damage|p1a: Venusaur|62/100|[from] recoil\n|move|p2b: Sisyphus \ud83e\udea8\ud83e\udef7|Recycle|p2b: Sisyphus \ud83e\udea8\ud83e\udef7\n|-item|p2b: Sisyphus \ud83e\udea8\ud83e\udef7|Leppa Berry|[from] move: Recycle\n|-enditem|p2b: Sisyphus \ud83e\udea8\ud83e\udef7|Leppa Berry|[eat]\n|-activate|p2b: Sisyphus \ud83e\udea8\ud83e\udef7|item: Leppa Berry|Recover|[consumed]\n|\n|-damage|p2b: Sisyphus \ud83e\udea8\ud83e\udef7|56/100 psn|[from] Leech Seed|[of] p1a: Venusaur\n|-heal|p1a: Venusaur|74/100|[silent]\n|-damage|p2b: Sisyphus \ud83e\udea8\ud83e\udef7|44/100 psn|[from] psn\n|upkeep\n|turn|131\n|c|\u2606thundablunda776|fuck\n|\n|t:|1776278190\n|-activate|p1a: Venusaur|move: Struggle\n|move|p1a: Venusaur|Struggle|p2b: Sisyphus \ud83e\udea8\ud83e\udef7\n|-damage|p2b: Sisyphus \ud83e\udea8\ud83e\udef7|41/100 psn\n|-damage|p1a: Venusaur|49/100|[from] recoil\n|move|p2b: Sisyphus \ud83e\udea8\ud83e\udef7|Recover|p2b: Sisyphus \ud83e\udea8\ud83e\udef7\n|-heal|p2b: Sisyphus \ud83e\udea8\ud83e\udef7|91/100 psn\n|\n|-damage|p2b: Sisyphus \ud83e\udea8\ud83e\udef7|79/100 psn|[from] Leech Seed|[of] p1a: Venusaur\n|-heal|p1a: Venusaur|60/100|[silent]\n|-damage|p2b: Sisyphus \ud83e\udea8\ud83e\udef7|66/100 psn|[from] psn\n|upkeep\n|turn|132\n|c|\u2606thundablunda776|i did it wrong\n|\n|t:|1776278196\n|-activate|p1a: Venusaur|move: Struggle\n|move|p1a: Venusaur|Struggle|p2b: Sisyphus \ud83e\udea8\ud83e\udef7\n|-damage|p2b: Sisyphus \ud83e\udea8\ud83e\udef7|63/100 psn\n|-damage|p1a: Venusaur|35/100|[from] recoil\n|move|p2b: Sisyphus \ud83e\udea8\ud83e\udef7|Recover|p2b: Sisyphus \ud83e\udea8\ud83e\udef7\n|-heal|p2b: Sisyphus \ud83e\udea8\ud83e\udef7|100/100 psn\n|\n|-damage|p2b: Sisyphus \ud83e\udea8\ud83e\udef7|88/100 psn|[from] Leech Seed|[of] p1a: Venusaur\n|-heal|p1a: Venusaur|47/100|[silent]\n|-damage|p2b: Sisyphus \ud83e\udea8\ud83e\udef7|76/100 psn|[from] psn\n|upkeep\n|turn|133\n|\n|t:|1776278200\n|-activate|p1a: Venusaur|move: Struggle\n|move|p1a: Venusaur|Struggle|p2b: Sisyphus \ud83e\udea8\ud83e\udef7\n|-damage|p2b: Sisyphus \ud83e\udea8\ud83e\udef7|73/100 psn\n|-damage|p1a: Venusaur|22/100|[from] recoil\n|move|p2b: Sisyphus \ud83e\udea8\ud83e\udef7|Heal Pulse|p1a: Venusaur\n|-heal|p1a: Venusaur|72/100\n|\n|-damage|p2b: Sisyphus \ud83e\udea8\ud83e\udef7|61/100 psn|[from] Leech Seed|[of] p1a: Venusaur\n|-heal|p1a: Venusaur|84/100|[silent]\n|-damage|p2b: Sisyphus \ud83e\udea8\ud83e\udef7|49/100 psn|[from] psn\n|upkeep\n|turn|134\n|c|\u2606thundablunda776|welp thats it for me\n|\n|t:|1776278205\n|-activate|p1a: Venusaur|move: Struggle\n|move|p1a: Venusaur|Struggle|p2b: Sisyphus \ud83e\udea8\ud83e\udef7\n|-damage|p2b: Sisyphus \ud83e\udea8\ud83e\udef7|46/100 psn\n|-damage|p1a: Venusaur|59/100|[from] recoil\n|move|p2b: Sisyphus \ud83e\udea8\ud83e\udef7|Heal Pulse|p1a: Venusaur\n|-heal|p1a: Venusaur|100/100\n|\n|-damage|p2b: Sisyphus \ud83e\udea8\ud83e\udef7|33/100 psn|[from] Leech Seed|[of] p1a: Venusaur\n|-damage|p2b: Sisyphus \ud83e\udea8\ud83e\udef7|21/100 psn|[from] psn\n|upkeep\n|turn|135\n|\n|t:|1776278209\n|-activate|p1a: Venusaur|move: Struggle\n|move|p1a: Venusaur|Struggle|p2b: Sisyphus \ud83e\udea8\ud83e\udef7\n|-damage|p2b: Sisyphus \ud83e\udea8\ud83e\udef7|18/100 psn\n|-damage|p1a: Venusaur|75/100|[from] recoil\n|move|p2b: Sisyphus \ud83e\udea8\ud83e\udef7|Heal Pulse|p1a: Venusaur\n|-heal|p1a: Venusaur|100/100\n|\n|-damage|p2b: Sisyphus \ud83e\udea8\ud83e\udef7|6/100 psn|[from] Leech Seed|[of] p1a: Venusaur\n|-damage|p2b: Sisyphus \ud83e\udea8\ud83e\udef7|0 fnt|[from] psn\n|faint|p2b: Sisyphus \ud83e\udea8\ud83e\udef7\n|\n|win|bertojiga\n|raw|bertojiga's rating: 1083 &rarr; <strong>1107</strong><br />(+24 for winning)\n|raw|thundablunda776's rating: 1042 &rarr; <strong>1028</strong><br />(-14 for losing)\n|c|\u2606thundablunda776|gg!\n",
  "uploadtime": 1776278212,
  "views": 19,
  "formatid": "gen9championsvgc2026regma",
  "rating": 1028,
  "private": 0,
  "password": null
}