{
  "id": "gen9championsvgc2026regma-2587811565",
  "format": "[Gen 9 Champions] VGC 2026 Reg M-A",
  "players": [
    "Zenakuss17",
    "K1shui"
  ],
  "log": "|j|\u2606Zenakuss17\n|j|\u2606K1shui\n|t:|1776566439\n|gametype|doubles\n|player|p1|Zenakuss17|benga|1139\n|player|p2|K1shui|265|1043\n|gen|9\n|tier|[Gen 9 Champions] VGC 2026 Reg M-A\n|rated|\n|rule|Species Clause: Limit one of each Pok\u00e9mon\n|rule|Item Clause: Limit 1 of each item\n|clearpoke\n|poke|p1|Starmie, L50|\n|poke|p1|Pelipper, L50, M|\n|poke|p1|Archaludon, L50, M, shiny|\n|poke|p1|Incineroar, L50, F|\n|poke|p1|Sinistcha, L50|\n|poke|p1|Kingambit, L50, M|\n|poke|p2|Gardevoir, L50, F|\n|poke|p2|Milotic, L50, M|\n|poke|p2|Talonflame, L50, F|\n|poke|p2|Garchomp, L50, F|\n|poke|p2|Lucario, L50, F|\n|poke|p2|Ninetales-Alola, L50, F|\n|teampreview|4\n|\n|t:|1776566494\n|teamsize|p1|4\n|teamsize|p2|4\n|start\n|switch|p1a: Pelipper|Pelipper, L50, M|100/100\n|switch|p1b: Archaludon|Archaludon, L50, M, shiny|100/100\n|switch|p2a: Talonflame|Talonflame, L50, F|100/100\n|switch|p2b: Milotic|Milotic, L50, M|100/100\n|-weather|RainDance|[from] ability: Drizzle|[of] p1a: Pelipper\n|turn|1\n|inactive|Battle timer is ON: inactive players will automatically lose when time's up. (requested by K1shui)\n|\n|t:|1776566521\n|switch|p2b: Ninetales|Ninetales-Alola, L50, F|100/100\n|-weather|Snowscape|[from] ability: Snow Warning|[of] p2b: Ninetales\n|move|p1a: Pelipper|Wide Guard|p1a: Pelipper\n|-singleturn|p1a: Pelipper|Wide Guard\n|move|p2a: Talonflame|Tailwind|p2a: Talonflame\n|-sidestart|p2: K1shui|move: Tailwind\n|move|p1b: Archaludon|Electro Shot||[still]\n|-prepare|p1b: Archaludon|Electro Shot\n|-boost|p1b: Archaludon|spa|1\n|\n|-weather|Snowscape|[upkeep]\n|upkeep\n|turn|2\n|inactive|K1shui has 30 seconds left.\n|\n|t:|1776566548\n|move|p1a: Pelipper|Wide Guard|p1a: Pelipper\n|-singleturn|p1a: Pelipper|Wide Guard\n|move|p2a: Talonflame|Taunt|p1a: Pelipper\n|-start|p1a: Pelipper|move: Taunt\n|move|p2b: Ninetales|Aurora Veil|p2b: Ninetales\n|-sidestart|p2: K1shui|move: Aurora Veil\n|move|p1b: Archaludon|Electro Shot|p2a: Talonflame|[from] lockedmove\n|-supereffective|p2a: Talonflame|1\n|-damage|p2a: Talonflame|0 fnt\n|faint|p2a: Talonflame\n|\n|-weather|Snowscape|[upkeep]\n|upkeep\n|\n|t:|1776566562\n|switch|p2a: Lucario|Lucario, L50, F|100/100\n|turn|3\n|\n|t:|1776566580\n|switch|p1a: Sinistcha|Sinistcha, L50|100/100\n|detailschange|p2a: Lucario|Lucario-Mega, L50, F\n|-mega|p2a: Lucario|Lucario|Lucarionite\n|move|p2a: Lucario|Close Combat|p1b: Archaludon\n|-supereffective|p1b: Archaludon|1\n|-damage|p1b: Archaludon|0 fnt\n|-unboost|p2a: Lucario|def|1\n|-unboost|p2a: Lucario|spd|1\n|faint|p1b: Archaludon\n|move|p2b: Ninetales|Calm Mind|p2b: Ninetales\n|-boost|p2b: Ninetales|spa|1\n|-boost|p2b: Ninetales|spd|1\n|\n|-weather|Snowscape|[upkeep]\n|upkeep\n|\n|t:|1776566590\n|switch|p1b: Pelipper|Pelipper, L50, M|100/100\n|-weather|RainDance|[from] ability: Drizzle|[of] p1b: Pelipper\n|turn|4\n|\n|t:|1776566612\n|move|p1b: Pelipper|Wide Guard|p1b: Pelipper\n|-singleturn|p1b: Pelipper|Wide Guard\n|move|p2a: Lucario|Meteor Mash|p1a: Sinistcha\n|-damage|p1a: Sinistcha|37/100\n|move|p2b: Ninetales|Calm Mind|p2b: Ninetales\n|-boost|p2b: Ninetales|spa|1\n|-boost|p2b: Ninetales|spd|1\n|move|p1a: Sinistcha|Shadow Ball|p2a: Lucario\n|-crit|p2a: Lucario\n|-damage|p2a: Lucario|0 fnt\n|faint|p2a: Lucario\n|\n|-weather|RainDance|[upkeep]\n|-sideend|p2: K1shui|move: Tailwind\n|upkeep\n|\n|t:|1776566629\n|switch|p2a: Milotic|Milotic, L50, M|100/100\n|turn|5\n|\n|t:|1776566645\n|move|p1b: Pelipper|Wide Guard|p1b: Pelipper\n|-singleturn|p1b: Pelipper|Wide Guard\n|move|p2b: Ninetales|Blizzard|p1b: Pelipper|[spread] \n|-activate|p1a: Sinistcha|move: Wide Guard\n|-activate|p1b: Pelipper|move: Wide Guard\n|move|p2a: Milotic|Ice Beam|p1b: Pelipper\n|-damage|p1b: Pelipper|65/100\n|move|p1a: Sinistcha|Matcha Gotcha|p2a: Milotic|[spread] p2a,p2b\n|-supereffective|p2a: Milotic|1\n|-damage|p2a: Milotic|69/100\n|-heal|p1a: Sinistcha|59/100|[from] drain|[of] p2a: Milotic\n|-damage|p2b: Ninetales|88/100\n|-heal|p1a: Sinistcha|65/100|[from] drain|[of] p2b: Ninetales\n|\n|-weather|RainDance|[upkeep]\n|-heal|p2a: Milotic|75/100|[from] item: Leftovers\n|upkeep\n|turn|6\n|inactive|Zenakuss17 has 30 seconds left.\n|inactive|K1shui has 30 seconds left.\n|inactive|Zenakuss17 has 20 seconds left.\n|inactive|K1shui has 20 seconds left.\n|\n|t:|1776566684\n|move|p1b: Pelipper|Wide Guard|p1b: Pelipper\n|-singleturn|p1b: Pelipper|Wide Guard\n|move|p2b: Ninetales|Blizzard|p1a: Sinistcha|[spread] \n|-activate|p1a: Sinistcha|move: Wide Guard\n|-activate|p1b: Pelipper|move: Wide Guard\n|move|p2a: Milotic|Ice Beam|p1b: Pelipper\n|-damage|p1b: Pelipper|31/100\n|move|p1a: Sinistcha|Matcha Gotcha|p2a: Milotic|[spread] p2a,p2b\n|-supereffective|p2a: Milotic|1\n|-damage|p2a: Milotic|43/100\n|-heal|p1a: Sinistcha|86/100|[from] drain|[of] p2a: Milotic\n|-damage|p2b: Ninetales|77/100\n|-heal|p1a: Sinistcha|92/100|[from] drain|[of] p2b: Ninetales\n|\n|-weather|RainDance|[upkeep]\n|-heal|p2a: Milotic|49/100|[from] item: Leftovers\n|-sideend|p2: K1shui|move: Aurora Veil\n|upkeep\n|turn|7\n|inactive|Zenakuss17 has 30 seconds left.\n|inactive|K1shui has 30 seconds left.\n|inactive|Zenakuss17 has 20 seconds left.\n|inactive|K1shui has 20 seconds left.\n|inactive|K1shui has 15 seconds left.\n|inactive|Zenakuss17 has 15 seconds left.\n|inactive|K1shui has 10 seconds left.\n|\n|t:|1776566733\n|switch|p1b: Starmie|Starmie, L50|100/100\n|move|p2b: Ninetales|Blizzard|p1a: Sinistcha|[spread] p1a,p1b\n|-supereffective|p1a: Sinistcha|1\n|-resisted|p1b: Starmie|1\n|-damage|p1a: Sinistcha|0 fnt\n|-damage|p1b: Starmie|60/100\n|faint|p1a: Sinistcha\n|move|p2a: Milotic|Ice Beam|p1b: Starmie\n|-resisted|p1b: Starmie|1\n|-damage|p1b: Starmie|45/100\n|\n|-weather|RainDance|[upkeep]\n|-heal|p2a: Milotic|55/100|[from] item: Leftovers\n|upkeep\n|\n|t:|1776566743\n|switch|p1a: Pelipper|Pelipper, L50, M|31/100\n|turn|8\n|\n|t:|1776566755\n|detailschange|p1b: Starmie|Starmie-Mega, L50\n|-mega|p1b: Starmie|Starmie|Starminite\n|move|p1b: Starmie|Zen Headbutt|p2b: Ninetales\n|-damage|p2b: Ninetales|0 fnt\n|faint|p2b: Ninetales\n|move|p2a: Milotic|Life Dew|p2a: Milotic\n|-heal|p2a: Milotic|80/100\n|move|p1a: Pelipper|Hurricane|p2a: Milotic\n|-damage|p2a: Milotic|44/100\n|\n|-weather|none\n|-heal|p2a: Milotic|50/100|[from] item: Leftovers\n|upkeep\n|turn|9\n|\n|t:|1776566778\n|move|p1b: Starmie|Zen Headbutt|p2a: Milotic\n|-damage|p2a: Milotic|0 fnt\n|faint|p2a: Milotic\n|\n|win|Zenakuss17\n|raw|Zenakuss17's rating: 1139 &rarr; <strong>1157</strong><br />(+18 for winning)\n|raw|K1shui's rating: 1043 &rarr; <strong>1031</strong><br />(-12 for losing)\n|l|\u2606K1shui\n|player|p2|\n",
  "uploadtime": 1776566794,
  "views": 12,
  "formatid": "gen9championsvgc2026regma",
  "rating": 1031,
  "private": 0,
  "password": null
}