{
  "id": "gen9championsvgc2026regma-2581602659",
  "format": "[Gen 9 Champions] VGC 2026 Reg M-A",
  "players": [
    "y8po",
    "PPYYY"
  ],
  "log": "|j|\u2606y8po\n|j|\u2606PPYYY\n|html|<table width=\"100%\"><tr><td align=\"left\">y8po</td><td align=\"right\">PPYYY</tr><tr><td align=\"left\"><i class=\"fa fa-circle-o\"></i> <i class=\"fa fa-circle-o\"></i> </td><td align=\"right\"><i class=\"fa fa-circle-o\"></i> <i class=\"fa fa-circle-o\"></i> </tr></table>\n|uhtml|bestof|<h2><strong>Game 1</strong> of <a href=\"/game-bestof3-gen9championsvgc2026regma-2581602658\">a best-of-3</a></h2>\n|t:|1776014338\n|gametype|doubles\n|player|p1|y8po|lady-gen4|\n|player|p2|PPYYY|miku-water|\n|gen|9\n|tier|[Gen 9 Champions] VGC 2026 Reg M-A\n|rated|Tournament battle\n|rule|Species Clause: Limit one of each Pok\u00e9mon\n|rule|Item Clause: Limit 1 of each item\n|raw|<div class=\"infobox\"><details class=\"readmore\" open><summary><strong>2 custom rules:</strong></summary> Force Open Team Sheets, Best of = 3</details></div>\n|clearpoke\n|poke|p1|Froslass, L50, F|\n|poke|p1|Kingambit, L50, F|\n|poke|p1|Incineroar, L50, F|\n|poke|p1|Sinistcha, L50|\n|poke|p1|Gyarados, L50, M|\n|poke|p1|Garchomp, L50, F|\n|poke|p2|Aerodactyl, L50, F|\n|poke|p2|Incineroar, L50, M|\n|poke|p2|Floette-Eternal, L50, F|\n|poke|p2|Basculegion, L50, M|\n|poke|p2|Garchomp, L50, F|\n|poke|p2|Sneasler, L50, M|\n|teampreview|4\n|showteam|p1|Froslass||Froslassite|SnowCloak|AuroraVeil,Blizzard,ShadowBall,Protect|||F|||50|]Kingambit||BlackGlasses|Defiant|SuckerPunch,KowtowCleave,Protect,IronHead|||F|||50|]Incineroar||SitrusBerry|Intimidate|FakeOut,PartingShot,DarkestLariat,FlareBlitz|||F|||50|]Sinistcha||MiracleSeed|Hospitality|MatchaGotcha,TrickRoom,RagePowder,StrengthSap||||||50|]Gyarados||FocusSash|Intimidate|IcyWind,Waterfall,Protect,Taunt|||M|||50|]Garchomp||SoftSand|RoughSkin|Earthquake,DragonClaw,RockSlide,Protect|||F|||50|\n|showteam|p2|Aerodactyl||FocusSash|Unnerve|RockSlide,DualWingbeat,Protect,Tailwind|||F|||50|]Incineroar||SitrusBerry|Intimidate|FakeOut,HelpingHand,PartingShot,FlareBlitz|||M|||50|]Floette-Eternal||Floettite|FlowerVeil|DazzlingGleam,Moonblast,LightofRuin,Protect|||F|||50|]Basculegion||ChoiceScarf|Adaptability|LastRespects,FlipTurn,Liquidation,WaveCrash|||M|||50|]Garchomp||HabanBerry|RoughSkin|Earthquake,DragonClaw,RockSlide,Protect|||F|||50|]Sneasler||WhiteHerb|Unburden|CloseCombat,DireClaw,RockTomb,Protect|||M|||50|\n|inactive|Battle timer is ON: inactive players will automatically lose when time's up. (requested by y8po)\ny8po has agreed to open team sheets.\nPPYYY rejected open team sheets.\n|c|\u2606PPYYY|no team sheets for you\n|c|\u2606PPYYY|smh\n|c|\u2606PPYYY|imagine\n|inactive|y8po has 60 seconds left.\n|inactive|PPYYY has 60 seconds left.\n|inactive|PPYYY has 30 seconds left.\n|inactive|PPYYY has 20 seconds left.\n|inactive|PPYYY has 15 seconds left.\n|inactive|PPYYY has 10 seconds left.\n|inactive|PPYYY has 5 seconds left.\n|\n|t:|1776014426\n|teamsize|p1|4\n|teamsize|p2|4\n|start\n|switch|p1a: Kingambit|Kingambit, L50, F|100/100\n|switch|p1b: Incineroar|Incineroar, L50, F|100/100\n|switch|p2a: Aerodactyl|Aerodactyl, L50, F|100/100\n|switch|p2b: Floette|Floette-Eternal, L50, F|100/100\n|-ability|p2a: Aerodactyl|Unnerve\n|-ability|p1b: Incineroar|Intimidate|boost\n|-unboost|p2a: Aerodactyl|atk|1\n|-unboost|p2b: Floette|atk|1\n|turn|1\n|\n|t:|1776014439\n|move|p2a: Aerodactyl|Protect|p2a: Aerodactyl\n|-singleturn|p2a: Aerodactyl|Protect\n|move|p2b: Floette|Protect|p2b: Floette\n|-singleturn|p2b: Floette|Protect\n|move|p1b: Incineroar|Fake Out|p2a: Aerodactyl\n|-activate|p2a: Aerodactyl|move: Protect\n|move|p1a: Kingambit|Iron Head|p2a: Aerodactyl\n|-activate|p2a: Aerodactyl|move: Protect\n|\n|upkeep\n|turn|2\n|inactive|PPYYY has 30 seconds left.\n|inactive|PPYYY has 20 seconds left.\n|inactive|PPYYY has 15 seconds left.\n|\n|t:|1776014480\n|switch|p2a: Sneasler|Sneasler, L50, M|100/100\n|detailschange|p2b: Floette|Floette-Mega, L50, F\n|-mega|p2b: Floette|Floette|Floettite\n|-ability|p2b: Floette|Fairy Aura\n|move|p1a: Kingambit|Protect|p1a: Kingambit\n|-singleturn|p1a: Kingambit|Protect\n|move|p2b: Floette|Light of Ruin|p1b: Incineroar|[miss]\n|-miss|p2b: Floette|p1b: Incineroar\n|move|p1b: Incineroar|Parting Shot|p2b: Floette\n|-unboost|p2b: Floette|atk|1\n|-unboost|p2b: Floette|spa|1\n|inactive|y8po has 30 seconds left.\n|inactive|y8po has 20 seconds left.\n|inactive|y8po has 15 seconds left.\n|inactive|y8po has 10 seconds left.\n|inactive|y8po has 5 seconds left.\n|\n|t:|1776014535\n|switch|p1b: Froslass|Froslass, L50, F|100/100|[from] Parting Shot\n|\n|upkeep\n|turn|3\n|\n|t:|1776014560\n|switch|p1a: Gyarados|Gyarados, L50, M|100/100\n|-ability|p1a: Gyarados|Intimidate|boost\n|-unboost|p2a: Sneasler|atk|1\n|-unboost|p2b: Floette|atk|1\n|-enditem|p2a: Sneasler|White Herb\n|-clearnegativeboost|p2a: Sneasler|[silent]\n|detailschange|p1b: Froslass|Froslass-Mega, L50, F\n|-mega|p1b: Froslass|Froslass|Froslassite\n|-weather|Snowscape|[from] ability: Snow Warning|[of] p1b: Froslass\n|move|p2a: Sneasler|Protect|p2a: Sneasler\n|-singleturn|p2a: Sneasler|Protect\n|move|p1b: Froslass|Aurora Veil|p1b: Froslass\n|-sidestart|p1: y8po|move: Aurora Veil\n|move|p2b: Floette|Light of Ruin|p1b: Froslass\n|-damage|p1b: Froslass|38/100\n|-damage|p2b: Floette|67/100|[from] Recoil\n|\n|-weather|Snowscape|[upkeep]\n|upkeep\n|turn|4\n|inactive|y8po has 30 seconds left.\n|\n|t:|1776014590\n|switch|p1a: Incineroar|Incineroar, L50, F|100/100\n|-ability|p1a: Incineroar|Intimidate|boost\n|-unboost|p2a: Sneasler|atk|1\n|-unboost|p2b: Floette|atk|1\n|move|p2a: Sneasler|Rock Tomb|p1b: Froslass\n|-supereffective|p1b: Froslass|1\n|-damage|p1b: Froslass|21/100\n|-unboost|p1b: Froslass|spe|1\n|move|p2b: Floette|Dazzling Gleam|p1b: Froslass|[spread] p1a,p1b\n|-damage|p1a: Incineroar|84/100\n|-damage|p1b: Froslass|0 fnt\n|faint|p1b: Froslass\n|\n|-weather|Snowscape|[upkeep]\n|upkeep\n|\n|t:|1776014607\n|switch|p1b: Kingambit|Kingambit, L50, F|100/100\n|turn|5\n|inactive|y8po has 30 seconds left.\n|\n|t:|1776014637\n|move|p2a: Sneasler|Protect|p2a: Sneasler\n|-singleturn|p2a: Sneasler|Protect\n|move|p2b: Floette|Protect|p2b: Floette\n|-singleturn|p2b: Floette|Protect\n|move|p1a: Incineroar|Fake Out|p2a: Sneasler\n|-activate|p2a: Sneasler|move: Protect\n|move|p1b: Kingambit|Iron Head|p2b: Floette\n|-activate|p2b: Floette|move: Protect\n|\n|-weather|Snowscape|[upkeep]\n|upkeep\n|turn|6\n|\n|t:|1776014652\n|switch|p2b: Garchomp|Garchomp, L50, F|100/100\n|move|p1b: Kingambit|Protect|p1b: Kingambit\n|-singleturn|p1b: Kingambit|Protect\n|move|p2a: Sneasler|Close Combat|p1b: Kingambit\n|-activate|p1b: Kingambit|move: Protect\n|move|p1a: Incineroar|Parting Shot|p2b: Garchomp\n|-unboost|p2b: Garchomp|atk|1\n|-unboost|p2b: Garchomp|spa|1\n|\n|t:|1776014674\n|switch|p1a: Gyarados|Gyarados, L50, M|100/100|[from] Parting Shot\n|-ability|p1a: Gyarados|Intimidate|boost\n|-unboost|p2a: Sneasler|atk|1\n|-unboost|p2b: Garchomp|atk|1\n|\n|-weather|Snowscape|[upkeep]\n|upkeep\n|turn|7\n|\n|t:|1776014683\n|switch|p1b: Incineroar|Incineroar, L50, F|84/100\n|-ability|p1b: Incineroar|Intimidate|boost\n|-unboost|p2a: Sneasler|atk|1\n|-unboost|p2b: Garchomp|atk|1\n|move|p2a: Sneasler|Close Combat|p1b: Incineroar\n|-supereffective|p1b: Incineroar|1\n|-damage|p1b: Incineroar|52/100\n|-unboost|p2a: Sneasler|def|1\n|-unboost|p2a: Sneasler|spd|1\n|move|p2b: Garchomp|Rock Slide|p1b: Incineroar|[spread] p1a,p1b\n|-supereffective|p1a: Gyarados|1\n|-supereffective|p1b: Incineroar|1\n|-damage|p1a: Gyarados|91/100\n|-damage|p1b: Incineroar|42/100\n|-enditem|p1b: Incineroar|Sitrus Berry|[eat]\n|-heal|p1b: Incineroar|67/100|[from] item: Sitrus Berry\n|move|p1a: Gyarados|Icy Wind|p2a: Sneasler|[spread] p2b\n|-miss|p1a: Gyarados|p2a: Sneasler\n|-supereffective|p2b: Garchomp|2\n|-damage|p2b: Garchomp|76/100\n|-unboost|p2b: Garchomp|spe|1\n|\n|-weather|none\n|-sideend|p1: y8po|move: Aurora Veil\n|upkeep\n|turn|8\n|inactive|y8po has 30 seconds left.\n|inactive|PPYYY has 30 seconds left.\n|inactive|PPYYY has 20 seconds left.\n|\n|t:|1776014718\n|switch|p2b: Aerodactyl|Aerodactyl, L50, F|100/100\n|-ability|p2b: Aerodactyl|Unnerve\n|move|p1b: Incineroar|Fake Out|p2b: Aerodactyl\n|-resisted|p2b: Aerodactyl|1\n|-damage|p2b: Aerodactyl|91/100\n|move|p2a: Sneasler|Rock Tomb|p1a: Gyarados\n|-supereffective|p1a: Gyarados|1\n|-damage|p1a: Gyarados|75/100\n|-unboost|p1a: Gyarados|spe|1\n|move|p1a: Gyarados|Waterfall|p2a: Sneasler\n|-damage|p2a: Sneasler|11/100\n|\n|upkeep\n|turn|9\n|\n|t:|1776014741\n|move|p2a: Sneasler|Dire Claw|p1b: Incineroar\n|-damage|p1b: Incineroar|51/100\n|-status|p1b: Incineroar|psn\n|move|p2b: Aerodactyl|Rock Slide|p1a: Gyarados|[spread] p1a,p1b\n|-supereffective|p1a: Gyarados|1\n|-supereffective|p1b: Incineroar|1\n|-damage|p1a: Gyarados|25/100\n|-damage|p1b: Incineroar|6/100 psn\n|move|p1b: Incineroar|Darkest Lariat|p2a: Sneasler\n|-resisted|p2a: Sneasler|1\n|-damage|p2a: Sneasler|0 fnt\n|faint|p2a: Sneasler\n|move|p1a: Gyarados|Waterfall|p2b: Aerodactyl\n|-supereffective|p2b: Aerodactyl|1\n|-damage|p2b: Aerodactyl|0 fnt\n|faint|p2b: Aerodactyl\n|\n|-damage|p1b: Incineroar|0 fnt|[from] psn\n|faint|p1b: Incineroar\n|upkeep\n|\n|t:|1776014753\n|switch|p2b: Floette|Floette-Mega, L50, F|67/100\n|switch|p2a: Garchomp|Garchomp, L50, F|76/100\n|switch|p1b: Kingambit|Kingambit, L50, F|100/100\n|-ability|p2b: Floette|Fairy Aura\n|turn|10\n|\n|t:|1776014770\n|move|p2a: Garchomp|Rock Slide|p1b: Kingambit|[spread] p1a,p1b\n|-supereffective|p1a: Gyarados|1\n|-resisted|p1b: Kingambit|1\n|-damage|p1a: Gyarados|0 fnt\n|-damage|p1b: Kingambit|93/100\n|faint|p1a: Gyarados\n|move|p2b: Floette|Light of Ruin|p1b: Kingambit\n|-damage|p1b: Kingambit|0 fnt\n|faint|p1b: Kingambit\n|-damage|p2b: Floette|4/100|[from] Recoil\n|\n|win|PPYYY\n||PPYYY is ready for game 2.\n||y8po is ready for game 2.\n|uhtml|next|Next: <a href=\"/battle-gen9championsvgc2026regma-2581608376\"><strong>Game 2 of 3</strong></a>\n",
  "uploadtime": 1776014774,
  "views": 11,
  "formatid": "gen9championsvgc2026regma",
  "rating": null,
  "private": 0,
  "password": null
}