{
  "id": "gen9championsvgc2026regma-2588245374",
  "format": "[Gen 9 Champions] VGC 2026 Reg M-A",
  "players": [
    "azorions",
    "TheBallistic1"
  ],
  "log": "|j|\u2606azorions\n|j|\u2606TheBallistic1\n|html|<table width=\"100%\"><tr><td align=\"left\">azorions</td><td align=\"right\">TheBallistic1</tr><tr><td align=\"left\"><i class=\"fa fa-circle\"></i> <i class=\"fa fa-circle-o\"></i> </td><td align=\"right\"><i class=\"fa fa-circle-o\"></i> <i class=\"fa fa-circle-o\"></i> </tr></table>\n|uhtml|bestof|<h2><strong>Game 2</strong> of <a href=\"/game-bestof3-gen9championsvgc2026regma-2588243001\">a best-of-3</a></h2>\n|t:|1776617657\n|gametype|doubles\n|player|p1|azorions|falkner|\n|player|p2|TheBallistic1|colress|\n|gen|9\n|tier|[Gen 9 Champions] VGC 2026 Reg M-A\n|rated|Tournament battle\n|rule|Species Clause: Limit one of each Pok\u00e9mon\n|rule|Item Clause: Limit 1 of each item\n|raw|<div class=\"infobox\"><details class=\"readmore\" open><summary><strong>1 custom rule:</strong></summary> Best of = 3</details></div>\n|clearpoke\n|poke|p1|Corviknight, L50, F, shiny|\n|poke|p1|Volcarona, L50, M, shiny|\n|poke|p1|Ninetales-Alola, L50, M, shiny|\n|poke|p1|Sneasler, L50, F, shiny|\n|poke|p1|Basculegion, L50, M, shiny|\n|poke|p1|Manectric, L50, F, shiny|\n|poke|p2|Floette-Eternal, L50, F|\n|poke|p2|Charizard, L50, F|\n|poke|p2|Sneasler, L50, F|\n|poke|p2|Milotic, L50, M|\n|poke|p2|Incineroar, L50, M|\n|poke|p2|Sinistcha, L50|\n|teampreview|4\n|inactive|Battle timer is ON: inactive players will automatically lose when time's up. (requested by azorions)\n|c|\u2606azorions|Ggwp\n|c|\u2606azorions|Glhf\n|inactive|azorions has 60 seconds left.\n|\n|t:|1776617691\n|teamsize|p1|4\n|teamsize|p2|4\n|start\n|switch|p1a: Ninetales|Ninetales-Alola, L50, M, shiny|100/100\n|switch|p1b: Volcarona|Volcarona, L50, M, shiny|100/100\n|switch|p2a: Charizard|Charizard, L50, F|100/100\n|switch|p2b: Sneasler|Sneasler, L50, F|100/100\n|-weather|Snowscape|[from] ability: Snow Warning|[of] p1a: Ninetales\n|turn|1\n|inactive|azorions has 30 seconds left.\n|inactive|TheBallistic1 has 30 seconds left.\n|\n|t:|1776617721\n|switch|p1a: Basculegion|Basculegion, L50, M, shiny|100/100\n|detailschange|p2a: Charizard|Charizard-Mega-Y, L50, F\n|-mega|p2a: Charizard|Charizard|Charizardite Y\n|-weather|SunnyDay|[from] ability: Drought|[of] p2a: Charizard\n|move|p2b: Sneasler|Dire Claw|p1b: Volcarona\n|-damage|p1b: Volcarona|42/100\n|-status|p1b: Volcarona|psn\n|move|p2a: Charizard|Heat Wave|p1b: Volcarona|[spread] p1a,p1b\n|-resisted|p1a: Basculegion|1\n|-damage|p1a: Basculegion|65/100\n|-damage|p1b: Volcarona|0 fnt\n|faint|p1b: Volcarona\n|\n|-weather|SunnyDay|[upkeep]\n|upkeep\n|\n|t:|1776617737\n|switch|p1b: Ninetales|Ninetales-Alola, L50, M, shiny|100/100\n|-weather|Snowscape|[from] ability: Snow Warning|[of] p1b: Ninetales\n|turn|2\n|\n|t:|1776617748\n|switch|p2a: Milotic|Milotic, L50, M|100/100\n|move|p1a: Basculegion|Wave Crash|p2b: Sneasler\n|-damage|p2b: Sneasler|0 fnt\n|faint|p2b: Sneasler\n|-damage|p1a: Basculegion|38/100|[from] Recoil\n|move|p1b: Ninetales|Aurora Veil|p1b: Ninetales\n|-sidestart|p1: azorions|move: Aurora Veil\n|\n|-weather|Snowscape|[upkeep]\n|upkeep\n|\n|t:|1776617759\n|switch|p2b: Sinistcha|Sinistcha, L50|100/100\n|turn|3\n|\n|t:|1776617765\n|switch|p1a: Manectric|Manectric, L50, F, shiny|100/100\n|move|p1b: Ninetales|Protect|p1b: Ninetales\n|-singleturn|p1b: Ninetales|Protect\n|move|p2a: Milotic|Scald|p1b: Ninetales\n|-activate|p1b: Ninetales|move: Protect\n|move|p2b: Sinistcha|Matcha Gotcha|p1a: Manectric|[spread] p1a\n|-activate|p1b: Ninetales|move: Protect\n|-damage|p1a: Manectric|70/100\n|-status|p1a: Manectric|brn\n|\n|-weather|Snowscape|[upkeep]\n|-damage|p1a: Manectric|64/100 brn|[from] brn\n|upkeep\n|turn|4\n|inactive|azorions has 30 seconds left.\n|inactive|TheBallistic1 has 30 seconds left.\n|\n|t:|1776617797\n|switch|p1b: Basculegion|Basculegion, L50, M, shiny|38/100\n|move|p1a: Manectric|Thunderbolt|p2b: Sinistcha\n|-resisted|p2b: Sinistcha|1\n|-damage|p2b: Sinistcha|75/100\n|move|p2a: Milotic|Scald|p1b: Basculegion\n|-resisted|p1b: Basculegion|1\n|-damage|p1b: Basculegion|23/100\n|move|p2b: Sinistcha|Trick Room|p2b: Sinistcha\n|-fieldstart|move: Trick Room|[of] p2b: Sinistcha\n|\n|-weather|Snowscape|[upkeep]\n|-damage|p1a: Manectric|58/100 brn|[from] brn\n|upkeep\n|turn|5\n|\n|t:|1776617818\n|move|p2b: Sinistcha|Matcha Gotcha|p1a: Manectric|[spread] p1b\n|-miss|p2b: Sinistcha|p1a: Manectric\n|-supereffective|p1b: Basculegion|1\n|-damage|p1b: Basculegion|0 fnt\n|-heal|p2b: Sinistcha|89/100|[from] drain|[of] p1b: Basculegion\n|faint|p1b: Basculegion\n|move|p2a: Milotic|Scald|p1a: Manectric\n|-damage|p1a: Manectric|9/100 brn\n|move|p1a: Manectric|Thunderbolt|p2a: Milotic\n|-supereffective|p2a: Milotic|1\n|-damage|p2a: Milotic|26/100\n|\n|-weather|Snowscape|[upkeep]\n|-heal|p2a: Milotic|32/100|[from] item: Leftovers\n|-damage|p1a: Manectric|3/100 brn|[from] brn\n|upkeep\n|\n|t:|1776617834\n|switch|p1b: Ninetales|Ninetales-Alola, L50, M, shiny|100/100\n|turn|6\n|-message|azorions forfeited.\n|\n|win|TheBallistic1\n|l|\u2606azorions\n|player|p1|\n",
  "uploadtime": 1776617850,
  "views": 11,
  "formatid": "gen9championsvgc2026regma",
  "rating": null,
  "private": 0,
  "password": null
}