{
  "id": "gen9championsvgc2026regma-2582208658",
  "format": "[Gen 9 Champions] VGC 2026 Reg M-A",
  "players": [
    "Shifty38",
    "Lvl 5 Dino"
  ],
  "log": "|j|\u2606Shifty38\n|j|\u2606Lvl 5 Dino\n|t:|1776071487\n|gametype|doubles\n|player|p1|Shifty38|blaine|1157\n|player|p2|Lvl 5 Dino|101|1088\n|gen|9\n|tier|[Gen 9 Champions] VGC 2026 Reg M-A\n|rated|\n|rule|Species Clause: Limit one of each Pok\u00e9mon\n|rule|Item Clause: Limit 1 of each item\n|clearpoke\n|poke|p1|Slowking, L50, M|\n|poke|p1|Incineroar, L50, M|\n|poke|p1|Camerupt, L50, M|\n|poke|p1|Crabominable, L50, F|\n|poke|p1|Hatterene, L50, F|\n|poke|p1|Whimsicott, L50, M|\n|poke|p2|Drampa, L50, F|\n|poke|p2|Farigiraf, L50, F|\n|poke|p2|Sinistcha, L50|\n|poke|p2|Incineroar, L50, M|\n|poke|p2|Glimmora, L50, M|\n|poke|p2|Decidueye-Hisui, L50, F|\n|teampreview|4\nShifty38 rejected open team sheets.\n|inactive|Battle timer is ON: inactive players will automatically lose when time's up. (requested by Shifty38)\n|\n|t:|1776071533\n|teamsize|p1|4\n|teamsize|p2|4\n|start\n|switch|p1a: Slowking|Slowking, L50, M|100/100\n|switch|p1b: Incineroar|Incineroar, L50, M|100/100\n|switch|p2a: Decidueye|Decidueye-Hisui, L50, F|100/100\n|switch|p2b: Farigiraf|Farigiraf, L50, F|100/100\n|-ability|p1b: Incineroar|Intimidate|boost\n|-fail|p2a: Decidueye|unboost|Attack|[from] ability: Scrappy|[of] p2a: Decidueye\n|-unboost|p2b: Farigiraf|atk|1\n|turn|1\n|inactive|Lvl 5 Dino has 30 seconds left.\n|inactive|Lvl 5 Dino has 20 seconds left.\n|\n|t:|1776071571\n|move|p2a: Decidueye|Triple Arrows|p1b: Incineroar\n|-supereffective|p1b: Incineroar|1\n|-damage|p1b: Incineroar|0 fnt\n|faint|p1b: Incineroar\n|move|p2b: Farigiraf|Psychic|p1a: Slowking\n|-resisted|p1a: Slowking|1\n|-damage|p1a: Slowking|86/100\n|move|p1a: Slowking|Trick Room|p1a: Slowking\n|-fieldstart|move: Trick Room|[of] p1a: Slowking\n|\n|upkeep\n|\n|t:|1776071576\n|switch|p1b: Camerupt|Camerupt, L50, M|100/100\n|turn|2\n|\n|t:|1776071587\n|detailschange|p1b: Camerupt|Camerupt-Mega, L50, M\n|-mega|p1b: Camerupt|Camerupt|Cameruptite\n|move|p2a: Decidueye|Protect|p2a: Decidueye\n|-singleturn|p2a: Decidueye|Protect\n|move|p1b: Camerupt|Heat Wave|p2a: Decidueye|[spread] p2b\n|-activate|p2a: Decidueye|move: Protect\n|-damage|p2b: Farigiraf|45/100\n|move|p1a: Slowking|Scald|p2b: Farigiraf\n|-damage|p2b: Farigiraf|20/100\n|move|p2b: Farigiraf|Trick Room|p2b: Farigiraf\n|-fieldend|move: Trick Room\n|\n|upkeep\n|turn|3\n|inactive|Lvl 5 Dino has 30 seconds left.\n|\n|t:|1776071616\n|switch|p2b: Incineroar|Incineroar, L50, M|100/100\n|-ability|p2b: Incineroar|Intimidate|boost\n|-fail|p1a: Slowking|unboost|Attack|[from] ability: Oblivious|[of] p1a: Slowking\n|-unboost|p1b: Camerupt|atk|1\n|move|p2a: Decidueye|Leaf Blade|p1a: Slowking\n|-supereffective|p1a: Slowking|1\n|-damage|p1a: Slowking|22/100\n|move|p1b: Camerupt|Heat Wave|p2a: Decidueye|[spread] p2b\n|-miss|p1b: Camerupt|p2a: Decidueye\n|-resisted|p2b: Incineroar|1\n|-damage|p2b: Incineroar|71/100\n|move|p1a: Slowking|Trick Room|p1a: Slowking\n|-fieldstart|move: Trick Room|[of] p1a: Slowking\n|\n|upkeep\n|turn|4\n|\n|t:|1776071640\n|move|p2b: Incineroar|Fake Out|p1b: Camerupt\n|-damage|p1b: Camerupt|90/100\n|cant|p1b: Camerupt|flinch\n|move|p1a: Slowking|Scald|p2b: Incineroar\n|-supereffective|p2b: Incineroar|1\n|-damage|p2b: Incineroar|19/100\n|-enditem|p2b: Incineroar|Sitrus Berry|[eat]\n|-heal|p2b: Incineroar|44/100|[from] item: Sitrus Berry\n|move|p2a: Decidueye|Leaf Blade|p1a: Slowking\n|-supereffective|p1a: Slowking|1\n|-damage|p1a: Slowking|0 fnt\n|faint|p1a: Slowking\n|\n|upkeep\n|\n|t:|1776071647\n|switch|p1a: Hatterene|Hatterene, L50, F|100/100\n|turn|5\n|\n|t:|1776071666\n|move|p2a: Decidueye|Protect|p2a: Decidueye\n|-singleturn|p2a: Decidueye|Protect\n|move|p1b: Camerupt|Heat Wave|p2a: Decidueye|[spread] \n|-activate|p2a: Decidueye|move: Protect\n|-miss|p1b: Camerupt|p2b: Incineroar\n|move|p1a: Hatterene|Dazzling Gleam|p2b: Incineroar|[spread] p2b\n|-activate|p2a: Decidueye|move: Protect\n|-damage|p2b: Incineroar|6/100\n|move|p2b: Incineroar|Parting Shot|p1b: Camerupt\n|-unboost|p1b: Camerupt|atk|1\n|-unboost|p1b: Camerupt|spa|1\n|\n|t:|1776071683\n|switch|p2b: Drampa|Drampa, L50, F|100/100|[from] Parting Shot\n|\n|upkeep\n|turn|6\n|c|\u2606Shifty38|wtf is these misses\n|\n|t:|1776071702\n|detailschange|p2b: Drampa|Drampa-Mega, L50, F\n|-mega|p2b: Drampa|Drampa|Drampanite\n|move|p2a: Decidueye|Protect||[still]\n|-fail|p2a: Decidueye\n|move|p1b: Camerupt|Earth Power|p2b: Drampa\n|-damage|p2b: Drampa|61/100\n|move|p1a: Hatterene|Dazzling Gleam|p2b: Drampa|[spread] p2a,p2b\n|-supereffective|p2a: Decidueye|1\n|-supereffective|p2b: Drampa|1\n|-damage|p2a: Decidueye|12/100\n|-damage|p2b: Drampa|0 fnt\n|faint|p2b: Drampa\n|\n|upkeep\n|\n|t:|1776071726\n|switch|p2b: Incineroar|Incineroar, L50, M|6/100\n|-ability|p2b: Incineroar|Intimidate|boost\n|-unboost|p1a: Hatterene|atk|1\n|-unboost|p1b: Camerupt|atk|1\n|turn|7\n|\n|t:|1776071738\n|move|p2a: Decidueye|Protect|p2a: Decidueye\n|-singleturn|p2a: Decidueye|Protect\n|move|p2b: Incineroar|Fake Out|p1a: Hatterene\n|-damage|p1a: Hatterene|87/100\n|move|p1b: Camerupt|Heat Wave|p2b: Incineroar|[spread] p2b\n|-activate|p2a: Decidueye|move: Protect\n|-resisted|p2b: Incineroar|1\n|-damage|p2b: Incineroar|0 fnt\n|faint|p2b: Incineroar\n|cant|p1a: Hatterene|flinch\n|\n|-fieldend|move: Trick Room\n|upkeep\n|\n|t:|1776071753\n|switch|p2b: Farigiraf|Farigiraf, L50, F|20/100\n|turn|8\n|\n|t:|1776071766\n|move|p2b: Farigiraf|Helping Hand|p2a: Decidueye\n|-singleturn|p2a: Decidueye|Helping Hand|[of] p2b: Farigiraf\n|move|p2a: Decidueye|Triple Arrows|p1b: Camerupt\n|-damage|p1b: Camerupt|2/100\n|-unboost|p1b: Camerupt|def|1\n|move|p1a: Hatterene|Dazzling Gleam|p2a: Decidueye|[spread] p2a,p2b\n|-supereffective|p2a: Decidueye|1\n|-damage|p2a: Decidueye|0 fnt\n|-damage|p2b: Farigiraf|0 fnt\n|faint|p2a: Decidueye\n|faint|p2b: Farigiraf\n|\n|win|Shifty38\n|raw|Shifty38's rating: 1157 &rarr; <strong>1177</strong><br />(+20 for winning)\n|raw|Lvl 5 Dino's rating: 1088 &rarr; <strong>1069</strong><br />(-19 for losing)\n|c|\u2606Shifty38|gg\n|l|\u2606Lvl 5 Dino\n|player|p2|\n",
  "uploadtime": 1776072732,
  "views": 11,
  "formatid": "gen9championsvgc2026regma",
  "rating": 1069,
  "private": 0,
  "password": null
}