{
  "id": "gen9championsvgc2026regma-2587575028",
  "format": "[Gen 9 Champions] VGC 2026 Reg M-A",
  "players": [
    "vassock",
    "Notaker"
  ],
  "log": "|j|\u2606vassock\n|j|\u2606Notaker\n|html|<table width=\"100%\"><tr><td align=\"left\">vassock</td><td align=\"right\">Notaker</tr><tr><td align=\"left\"><i class=\"fa fa-circle-o\"></i> <i class=\"fa fa-circle-o\"></i> </td><td align=\"right\"><i class=\"fa fa-circle-o\"></i> <i class=\"fa fa-circle-o\"></i> </tr></table>\n|uhtml|bestof|<h2><strong>Game 1</strong> of <a href=\"/game-bestof3-gen9championsvgc2026regma-2587575027\">a best-of-3</a></h2>\n|t:|1776543596\n|gametype|doubles\n|player|p1|vassock|169|\n|player|p2|Notaker|steven|\n|gen|9\n|tier|[Gen 9 Champions] VGC 2026 Reg M-A\n|rule|Species Clause: Limit one of each Pok\u00e9mon\n|rule|Item Clause: Limit 1 of each item\n|raw|<div class=\"infobox\"><details class=\"readmore\" open><summary><strong>1 custom rule:</strong></summary> Best of = 3</details></div>\n|clearpoke\n|poke|p1|Incineroar, L50, M, shiny|\n|poke|p1|Aegislash, L50, M, shiny|\n|poke|p1|Conkeldurr, L50, M, shiny|\n|poke|p1|Noivern, L50, F, shiny|\n|poke|p1|Froslass, L50, F|\n|poke|p1|Sharpedo, L50, M, shiny|\n|poke|p2|Aggron, L50, M|\n|poke|p2|Sinistcha, L50|\n|poke|p2|Tyranitar, L50, F|\n|poke|p2|Primarina, L50, M|\n|poke|p2|Emboar, L50, F|\n|poke|p2|Weavile, L50, F|\n|teampreview|4\nvassock rejected open team sheets.\n|\n|t:|1776543676\n|teamsize|p1|4\n|teamsize|p2|4\n|start\n|switch|p1a: Incineroar|Incineroar, L50, M, shiny|100/100\n|switch|p1b: Noivern|Noivern, L50, F, shiny|100/100\n|switch|p2a: Aggron|Aggron, L50, M|100/100\n|switch|p2b: Weavile|Weavile, L50, F|100/100\n|-item|p2a: Aggron|Aggronite|[from] ability: Frisk|[of] p1b: Noivern\n|-item|p2b: Weavile|Focus Sash|[from] ability: Frisk|[of] p1b: Noivern\n|-ability|p1a: Incineroar|Intimidate|boost\n|-unboost|p2a: Aggron|atk|1\n|-unboost|p2b: Weavile|atk|1\n|turn|1\n|\n|t:|1776543699\n|detailschange|p2a: Aggron|Aggron-Mega, L50, M\n|-mega|p2a: Aggron|Aggron|Aggronite\n|move|p2b: Weavile|Fake Out|p1a: Incineroar\n|-damage|p1a: Incineroar|93/100\n|cant|p1a: Incineroar|flinch\n|move|p1b: Noivern|Tailwind|p1b: Noivern\n|-sidestart|p1: vassock|move: Tailwind\n|move|p2a: Aggron|Iron Defense|p2a: Aggron\n|-boost|p2a: Aggron|def|2\n|\n|upkeep\n|turn|2\n|\n|t:|1776543738\n|move|p1b: Noivern|Taunt|p2a: Aggron\n|-start|p2a: Aggron|move: Taunt\n|move|p2b: Weavile|Triple Axel|p1b: Noivern\n|-supereffective|p1b: Noivern|2\n|-damage|p1b: Noivern|63/100\n|-supereffective|p1b: Noivern|2\n|-damage|p1b: Noivern|0 fnt\n|faint|p1b: Noivern\n|-hitcount|p1: Noivern|2\n|move|p1a: Incineroar|Parting Shot|p2a: Aggron\n|-unboost|p2a: Aggron|atk|1\n|-unboost|p2a: Aggron|spa|1\n|\n|t:|1776543751\n|switch|p1a: Aegislash|Aegislash, L50, M, shiny|100/100|[from] Parting Shot\n|move|p2a: Aggron|Body Press|p1a: Aegislash\n|-immune|p1a: Aegislash\n|\n|upkeep\n|\n|t:|1776543756\n|switch|p1b: Conkeldurr|Conkeldurr, L50, M, shiny|100/100\n|turn|3\n|\n|t:|1776543795\n|move|p1a: Aegislash|King's Shield|p1a: Aegislash\n|-singleturn|p1a: Aegislash|Protect\n|move|p2b: Weavile|Knock Off|p1a: Aegislash\n|-activate|p1a: Aegislash|move: Protect\n|-unboost|p2b: Weavile|atk|1\n|move|p1b: Conkeldurr|Drain Punch|p2b: Weavile\n|-supereffective|p2b: Weavile|2\n|-enditem|p2b: Weavile|Focus Sash\n|-damage|p2b: Weavile|1/100\n|-enditem|p1b: Conkeldurr|Leftovers|[silent]|[from] ability: Pickpocket|[of] p1b: Conkeldurr\n|-item|p2b: Weavile|Leftovers|[from] ability: Pickpocket|[of] p1b: Conkeldurr\n|move|p2a: Aggron|Body Press|p1b: Conkeldurr\n|-damage|p1b: Conkeldurr|25/100\n|\n|-heal|p2b: Weavile|7/100|[from] item: Leftovers\n|upkeep\n|turn|4\n|\n|t:|1776543839\n|move|p2b: Weavile|Protect|p2b: Weavile\n|-singleturn|p2b: Weavile|Protect\n|move|p1b: Conkeldurr|Mach Punch|p2b: Weavile\n|-activate|p2b: Weavile|move: Protect\n|-formechange|p1a: Aegislash|Aegislash-Blade|\n|move|p1a: Aegislash|Shadow Ball|p2a: Aggron\n|-damage|p2a: Aggron|52/100\n|move|p2a: Aggron|Body Press|p1b: Conkeldurr\n|-damage|p1b: Conkeldurr|0 fnt\n|faint|p1b: Conkeldurr\n|\n|-heal|p2b: Weavile|14/100|[from] item: Leftovers\n|-end|p2a: Aggron|move: Taunt\n|-sideend|p1: vassock|move: Tailwind\n|upkeep\n|\n|t:|1776543851\n|switch|p1b: Incineroar|Incineroar, L50, M, shiny|93/100\n|-ability|p1b: Incineroar|Intimidate|boost\n|-unboost|p2a: Aggron|atk|1\n|-unboost|p2b: Weavile|atk|1\n|turn|5\n|\n|t:|1776543879\n|move|p2b: Weavile|Knock Off|p1a: Aegislash\n|-supereffective|p1a: Aegislash|1\n|-damage|p1a: Aegislash|20/100\n|-enditem|p1a: Aegislash|Mental Herb|[from] move: Knock Off|[of] p2b: Weavile\n|move|p1a: Aegislash|Shadow Ball|p2a: Aggron\n|-damage|p2a: Aggron|10/100\n|move|p1b: Incineroar|Darkest Lariat|p2a: Aggron\n|-damage|p2a: Aggron|0 fnt\n|faint|p2a: Aggron\n|\n|-heal|p2b: Weavile|20/100|[from] item: Leftovers\n|upkeep\n|\n|t:|1776543901\n|switch|p2a: Primarina|Primarina, L50, M|100/100\n|turn|6\n|\n|t:|1776543917\n|move|p2b: Weavile|Knock Off|p1a: Aegislash\n|-supereffective|p1a: Aegislash|1\n|-damage|p1a: Aegislash|0 fnt\n|faint|p1a: Aegislash\n|move|p1b: Incineroar|Parting Shot|p2a: Primarina\n|-unboost|p2a: Primarina|atk|1\n|-unboost|p2a: Primarina|spa|1\n|move|p2a: Primarina|Hyper Voice|p1b: Incineroar\n|-supereffective|p1b: Incineroar|1\n|-damage|p1b: Incineroar|28/100\n|-enditem|p1b: Incineroar|Sitrus Berry|[eat]\n|-heal|p1b: Incineroar|52/100|[from] item: Sitrus Berry\n|\n|-heal|p2b: Weavile|26/100|[from] item: Leftovers\n|upkeep\n|turn|7\n|\n|t:|1776543952\n|move|p2b: Weavile|Knock Off|p1b: Incineroar\n|-resisted|p1b: Incineroar|1\n|-damage|p1b: Incineroar|48/100\n|move|p2a: Primarina|Hyper Voice|p1b: Incineroar\n|-supereffective|p1b: Incineroar|1\n|-damage|p1b: Incineroar|0 fnt\n|faint|p1b: Incineroar\n|\n|win|Notaker\n|inactive|vassock has 30 seconds to confirm battle start!\n|inactive|Notaker has 30 seconds to confirm battle start!\n||vassock is ready for game 2.\n",
  "uploadtime": 1776543966,
  "views": 38,
  "formatid": "gen9championsvgc2026regma",
  "rating": null,
  "private": 0,
  "password": null
}