{
  "id": "gen9championsvgc2026regma-2583611011",
  "format": "[Gen 9 Champions] VGC 2026 Reg M-A",
  "players": [
    "Boredrake2",
    "CoolTrainerBu"
  ],
  "log": "|j|\u2606Boredrake2\n|j|\u2606CoolTrainerBu\n|t:|1776186431\n|gametype|doubles\n|player|p1|Boredrake2|steven|1150\n|player|p2|CoolTrainerBu|2|1177\n|gen|9\n|tier|[Gen 9 Champions] VGC 2026 Reg M-A\n|rated|\n|rule|Species Clause: Limit one of each Pok\u00e9mon\n|rule|Item Clause: Limit 1 of each item\n|clearpoke\n|poke|p1|Meganium, L50, F|\n|poke|p1|Milotic, L50, M|\n|poke|p1|Pelipper, L50, F|\n|poke|p1|Aegislash, L50, M|\n|poke|p1|Rotom-Wash, L50|\n|poke|p1|Farigiraf, L50, F|\n|poke|p2|Charizard, L50, F|\n|poke|p2|Whimsicott, L50, M|\n|poke|p2|Garchomp, L50, F|\n|poke|p2|Sneasler, L50, M|\n|poke|p2|Maushold, L50|\n|poke|p2|Incineroar, L50, M|\n|teampreview|4\n|inactive|Battle timer is ON: inactive players will automatically lose when time's up. (requested by Boredrake2)\n|inactive|CoolTrainerBu has 60 seconds left.\n|inactive|Boredrake2 has 60 seconds left.\n|inactive|CoolTrainerBu has 30 seconds left.\n|inactive|CoolTrainerBu has 20 seconds left.\n|inactive|CoolTrainerBu has 15 seconds left.\n|inactive|CoolTrainerBu has 10 seconds left.\n|\n|t:|1776186513\n|teamsize|p1|4\n|teamsize|p2|4\n|start\n|switch|p1a: Milotic|Milotic, L50, M|100/100\n|switch|p1b: Farigiraf|Farigiraf, L50, F|100/100\n|switch|p2a: Charizard|Charizard, L50, F|100/100\n|switch|p2b: Incineroar|Incineroar, L50, M|100/100\n|-ability|p2b: Incineroar|Intimidate|boost\n|-unboost|p1a: Milotic|atk|1\n|-ability|p1a: Milotic|Competitive|boost\n|-boost|p1a: Milotic|spa|2\n|-unboost|p1b: Farigiraf|atk|1\n|turn|1\n|\n|t:|1776186536\n|detailschange|p2a: Charizard|Charizard-Mega-Y, L50, F\n|-mega|p2a: Charizard|Charizard|Charizardite Y\n|-weather|SunnyDay|[from] ability: Drought|[of] p2a: Charizard\n|move|p2a: Charizard|Weather Ball|p1b: Farigiraf\n|-damage|p1b: Farigiraf|0 fnt\n|faint|p1b: Farigiraf\n|move|p1a: Milotic|Scald|p2a: Charizard\n|-supereffective|p2a: Charizard|1\n|-damage|p2a: Charizard|31/100\n|move|p2b: Incineroar|Darkest Lariat|p1a: Milotic\n|-damage|p1a: Milotic|60/100\n|\n|-weather|SunnyDay|[upkeep]\n|upkeep\n|\n|t:|1776186548\n|switch|p1b: Pelipper|Pelipper, L50, F|100/100\n|-weather|RainDance|[from] ability: Drizzle|[of] p1b: Pelipper\n|turn|2\n|\n|t:|1776186570\n|move|p2a: Charizard|Protect|p2a: Charizard\n|-singleturn|p2a: Charizard|Protect\n|move|p1b: Pelipper|Tailwind|p1b: Pelipper\n|-sidestart|p1: Boredrake2|move: Tailwind\n|move|p1a: Milotic|Scald|p2a: Charizard\n|-activate|p2a: Charizard|move: Protect\n|move|p2b: Incineroar|Parting Shot|p1b: Pelipper\n|-unboost|p1b: Pelipper|atk|1\n|-unboost|p1b: Pelipper|spa|1\n|\n|t:|1776186585\n|switch|p2b: Whimsicott|Whimsicott, L50, M|100/100|[from] Parting Shot\n|\n|-weather|RainDance|[upkeep]\n|upkeep\n|turn|3\n|inactive|CoolTrainerBu has 30 seconds left.\n|inactive|CoolTrainerBu has 20 seconds left.\n|inactive|CoolTrainerBu has 15 seconds left.\n|\n|t:|1776186626\n|switch|p2a: Incineroar|Incineroar, L50, M|100/100\n|-ability|p2a: Incineroar|Intimidate|boost\n|-unboost|p1a: Milotic|atk|1\n|-ability|p1a: Milotic|Competitive|boost\n|-boost|p1a: Milotic|spa|2\n|-unboost|p1b: Pelipper|atk|1\n|move|p2b: Whimsicott|Tailwind|p2b: Whimsicott\n|-sidestart|p2: CoolTrainerBu|move: Tailwind\n|move|p1b: Pelipper|Hurricane|p2b: Whimsicott\n|-supereffective|p2b: Whimsicott|1\n|-damage|p2b: Whimsicott|20/100\n|move|p1a: Milotic|Scald|p2a: Incineroar\n|-supereffective|p2a: Incineroar|1\n|-damage|p2a: Incineroar|0 fnt\n|faint|p2a: Incineroar\n|\n|-weather|RainDance|[upkeep]\n|upkeep\n|\n|t:|1776186642\n|switch|p2a: Charizard|Charizard-Mega-Y, L50, F|31/100\n|-weather|SunnyDay|[from] ability: Drought|[of] p2a: Charizard\n|turn|4\n|inactive|CoolTrainerBu has 30 seconds left.\n|\n|t:|1776186667\n|move|p2b: Whimsicott|Moonblast|p1b: Pelipper\n|-damage|p1b: Pelipper|39/100\n|move|p2a: Charizard|Solar Beam||[still]\n|-prepare|p2a: Charizard|Solar Beam\n|-anim|p2a: Charizard|Solar Beam|p1a: Milotic\n|-supereffective|p1a: Milotic|1\n|-damage|p1a: Milotic|0 fnt\n|faint|p1a: Milotic\n|move|p1b: Pelipper|Hurricane|p2a: Charizard\n|-damage|p2a: Charizard|7/100\n|\n|-weather|SunnyDay|[upkeep]\n|upkeep\n|\n|t:|1776186678\n|switch|p1a: Meganium|Meganium, L50, F|100/100\n|turn|5\n|\n|t:|1776186687\n|detailschange|p1a: Meganium|Meganium-Mega, L50, F\n|-mega|p1a: Meganium|Meganium|Meganiumite\n|move|p1a: Meganium|Protect|p1a: Meganium\n|-singleturn|p1a: Meganium|Protect\n|move|p2b: Whimsicott|Moonblast|p1b: Pelipper\n|-damage|p1b: Pelipper|0 fnt\n|faint|p1b: Pelipper\n|move|p2a: Charizard|Weather Ball|p1a: Meganium\n|-activate|p1a: Meganium|move: Protect\n|\n|-weather|SunnyDay|[upkeep]\n|-sideend|p1: Boredrake2|move: Tailwind\n|upkeep\n|turn|6\n|-message|Boredrake2 forfeited.\n|\n|win|CoolTrainerBu\n|raw|Boredrake2's rating: 1150 &rarr; <strong>1127</strong><br />(-23 for losing)\n|raw|CoolTrainerBu's rating: 1177 &rarr; <strong>1200</strong><br />(+23 for winning)\n|l|\u2606Boredrake2\n|player|p1|\n",
  "uploadtime": 1776186738,
  "views": 16,
  "formatid": "gen9championsvgc2026regma",
  "rating": 1127,
  "private": 0,
  "password": null
}