{
  "id": "gen9championsvgc2026regma-2587661233",
  "format": "[Gen 9 Champions] VGC 2026 Reg M-A",
  "players": [
    "m3e",
    "El Gingero"
  ],
  "log": "|j|\u2606m3e\n|j|\u2606El Gingero\n|t:|1776551414\n|gametype|doubles\n|player|p1|m3e|169|1000\n|player|p2|El Gingero|gentleman-gen4|1082\n|gen|9\n|tier|[Gen 9 Champions] VGC 2026 Reg M-A\n|rated|\n|rule|Species Clause: Limit one of each Pok\u00e9mon\n|rule|Item Clause: Limit 1 of each item\n|clearpoke\n|poke|p1|Greninja, L50, M|\n|poke|p1|Ninetales-Alola, L50, M|\n|poke|p1|Dragonite, L50, F|\n|poke|p1|Serperior, L50, M|\n|poke|p1|Aegislash, L50, M|\n|poke|p1|Infernape, L50, F|\n|poke|p2|Charizard, L50, F|\n|poke|p2|Heliolisk, L50, M|\n|poke|p2|Golurk, L50, shiny|\n|poke|p2|Whimsicott, L50, F|\n|poke|p2|Empoleon, L50, F|\n|poke|p2|Farigiraf, L50, M|\n|teampreview|4\n|inactive|Battle timer is ON: inactive players will automatically lose when time's up. (requested by El Gingero)\n|inactive|m3e has 60 seconds left.\n|inactive|El Gingero has 60 seconds left.\n|\n|t:|1776551460\n|teamsize|p1|4\n|teamsize|p2|4\n|start\n|switch|p1a: Infernape|Infernape, L50, F|100/100\n|switch|p1b: Greninja|Greninja, L50, M|100/100\n|switch|p2a: Empoleon|Empoleon, L50, F|100/100\n|switch|p2b: Farigiraf|Farigiraf, L50, M|100/100\n|turn|1\n|inactive|m3e has 30 seconds left.\n|inactive|El Gingero has 30 seconds left.\n|\n|t:|1776551490\n|switch|p1b: Aegislash|Aegislash, L50, M|100/100\n|move|p2a: Empoleon|Protect|p2a: Empoleon\n|-singleturn|p2a: Empoleon|Protect\n|move|p1a: Infernape|Close Combat|p2a: Empoleon\n|-activate|p2a: Empoleon|move: Protect\n|move|p2b: Farigiraf|Trick Room|p2b: Farigiraf\n|-fieldstart|move: Trick Room|[of] p2b: Farigiraf\n|\n|upkeep\n|turn|2\n|inactive|El Gingero has 30 seconds left.\n|\n|t:|1776551515\n|move|p1a: Infernape|Protect|p1a: Infernape\n|-singleturn|p1a: Infernape|Protect\n|move|p2b: Farigiraf|Psychic|p1a: Infernape\n|-activate|p1a: Infernape|move: Protect\n|move|p2a: Empoleon|Hydro Pump|p1b: Aegislash\n|-damage|p1b: Aegislash|54/100\n|-formechange|p1b: Aegislash|Aegislash-Blade|\n|move|p1b: Aegislash|Sacred Sword|p2a: Empoleon\n|-supereffective|p2a: Empoleon|1\n|-damage|p2a: Empoleon|20/100\n|\n|upkeep\n|turn|3\n|inactive|m3e has 30 seconds left.\n|inactive|m3e has 20 seconds left.\n|inactive|m3e has 15 seconds left.\n|\n|t:|1776551559\n|switch|p1a: Greninja|Greninja, L50, M|100/100\n|move|p2a: Empoleon|Protect|p2a: Empoleon\n|-singleturn|p2a: Empoleon|Protect\n|-formechange|p1b: Aegislash|Aegislash|\n|move|p1b: Aegislash|King's Shield|p1b: Aegislash\n|-singleturn|p1b: Aegislash|Protect\n|move|p2b: Farigiraf|Psychic|p1a: Greninja\n|-immune|p1a: Greninja\n|\n|upkeep\n|turn|4\n|inactive|El Gingero has 30 seconds left.\n|\n|t:|1776551587\n|detailschange|p1a: Greninja|Greninja-Mega, L50, M\n|-mega|p1a: Greninja|Greninja|Greninjite\n|move|p2b: Farigiraf|Psychic|p1b: Aegislash\n|-resisted|p1b: Aegislash|1\n|-damage|p1b: Aegislash|38/100\n|move|p2a: Empoleon|Hydro Pump|p1b: Aegislash\n|-damage|p1b: Aegislash|0 fnt\n|faint|p1b: Aegislash\n|move|p1a: Greninja|Sludge Wave|p2b: Farigiraf|[spread] p2b\n|-start|p1a: Greninja|typechange|Poison|[from] ability: Protean\n|-immune|p2a: Empoleon\n|-damage|p2b: Farigiraf|63/100\n|\n|-heal|p2b: Farigiraf|69/100|[from] item: Leftovers\n|upkeep\n|inactive|m3e has 30 seconds left.\n|inactive|m3e has 20 seconds left.\n|inactive|m3e has 15 seconds left.\n|inactive|m3e has 10 seconds left.\n|inactive|m3e has 5 seconds left.\n|\n|t:|1776551642\n|switch|p1b: Ninetales|Ninetales-Alola, L50, M|100/100\n|-weather|Snowscape|[from] ability: Snow Warning|[of] p1b: Ninetales\n|turn|5\n|\n|t:|1776551663\n|switch|p1a: Infernape|Infernape, L50, F|100/100\n|move|p2a: Empoleon|Flash Cannon|p1b: Ninetales\n|-supereffective|p1b: Ninetales|2\n|-enditem|p1b: Ninetales|Focus Sash\n|-damage|p1b: Ninetales|1/100\n|-unboost|p1b: Ninetales|spd|1\n|move|p2b: Farigiraf|Psychic|p1a: Infernape\n|-supereffective|p1a: Infernape|1\n|-damage|p1a: Infernape|0 fnt\n|faint|p1a: Infernape\n|move|p1b: Ninetales|Aurora Veil|p1b: Ninetales\n|-sidestart|p1: m3e|move: Aurora Veil\n|\n|-weather|Snowscape|[upkeep]\n|-heal|p2b: Farigiraf|75/100|[from] item: Leftovers\n|-fieldend|move: Trick Room\n|upkeep\n|\n|t:|1776551672\n|switch|p1a: Greninja|Greninja-Mega, L50, M|100/100\n|turn|6\n|inactive|El Gingero has 30 seconds left.\n|inactive|El Gingero has 20 seconds left.\n|inactive|El Gingero has 15 seconds left.\n|\n|t:|1776551715\n|move|p1a: Greninja|Blizzard|p2b: Farigiraf|[spread] p2a,p2b\n|-start|p1a: Greninja|typechange|Ice|[from] ability: Protean\n|-resisted|p2a: Empoleon|2\n|-damage|p2a: Empoleon|10/100\n|-damage|p2b: Farigiraf|29/100\n|move|p1b: Ninetales|Blizzard|p2b: Farigiraf|[spread] p2a,p2b\n|-resisted|p2a: Empoleon|2\n|-damage|p2a: Empoleon|3/100\n|-damage|p2b: Farigiraf|0 fnt\n|faint|p2b: Farigiraf\n|move|p2a: Empoleon|Hydro Pump|p1a: Greninja\n|-damage|p1a: Greninja|46/100\n|\n|-weather|Snowscape|[upkeep]\n|upkeep\n|\n|t:|1776551729\n|switch|p2b: Heliolisk|Heliolisk, L50, M|100/100\n|turn|7\n|inactive|El Gingero has 30 seconds left.\n|\n|t:|1776551757\n|move|p1a: Greninja|Protect|p1a: Greninja\n|-singleturn|p1a: Greninja|Protect\n|move|p2b: Heliolisk|Protect|p2b: Heliolisk\n|-singleturn|p2b: Heliolisk|Protect\n|move|p1b: Ninetales|Protect|p1b: Ninetales\n|-singleturn|p1b: Ninetales|Protect\n|move|p2a: Empoleon|Flash Cannon|p1b: Ninetales\n|-activate|p1b: Ninetales|move: Protect\n|\n|-weather|Snowscape|[upkeep]\n|upkeep\n|turn|8\n|inactive|El Gingero has 30 seconds left.\n|\n|t:|1776551785\n|move|p2a: Empoleon|Protect|p2a: Empoleon\n|-singleturn|p2a: Empoleon|Protect\n|move|p1a: Greninja|Blizzard|p2b: Heliolisk|[spread] p2b\n|-activate|p2a: Empoleon|move: Protect\n|-damage|p2b: Heliolisk|36/100\n|move|p2b: Heliolisk|Discharge|p1a: Greninja|[spread] p1a,p1b\n|-activate|p2a: Empoleon|move: Protect\n|-damage|p1a: Greninja|15/100\n|-damage|p1b: Ninetales|0 fnt\n|faint|p1b: Ninetales\n|\n|-weather|Snowscape|[upkeep]\n|upkeep\n|turn|9\n|inactive|m3e has 30 seconds left.\n|\n|t:|1776551814\n|move|p2b: Heliolisk|Protect|p2b: Heliolisk\n|-singleturn|p2b: Heliolisk|Protect\n|move|p1a: Greninja|Blizzard|p2b: Heliolisk|[spread] p2a\n|-activate|p2b: Heliolisk|move: Protect\n|-resisted|p2a: Empoleon|2\n|-damage|p2a: Empoleon|0 fnt\n|faint|p2a: Empoleon\n|\n|-weather|none\n|-sideend|p1: m3e|move: Aurora Veil\n|upkeep\n|\n|t:|1776551822\n|switch|p2a: Charizard|Charizard, L50, F|100/100\n|turn|10\n|\n|t:|1776551831\n|detailschange|p2a: Charizard|Charizard-Mega-Y, L50, F\n|-mega|p2a: Charizard|Charizard|Charizardite Y\n|-weather|SunnyDay|[from] ability: Drought|[of] p2a: Charizard\n|move|p1a: Greninja|Surf|p2a: Charizard|[spread] p2a,p2b\n|-supereffective|p2a: Charizard|1\n|-damage|p2a: Charizard|77/100\n|-damage|p2b: Heliolisk|21/100\n|move|p2b: Heliolisk|Thunderbolt|p1a: Greninja\n|-damage|p1a: Greninja|0 fnt\n|faint|p1a: Greninja\n|\n|win|El Gingero\n|raw|m3e's rating: 1000 &rarr; <strong>1000</strong><br />(+0 for losing)\n|raw|El Gingero's rating: 1082 &rarr; <strong>1103</strong><br />(+21 for winning)\n|l|\u2606m3e\n|player|p1|\n",
  "uploadtime": 1776551887,
  "views": 19,
  "formatid": "gen9championsvgc2026regma",
  "rating": 1000,
  "private": 0,
  "password": null
}