{
  "id": "gen9championsvgc2026regma-2586744391",
  "format": "[Gen 9 Champions] VGC 2026 Reg M-A",
  "players": [
    "Catactual",
    "stevesaint"
  ],
  "log": "|j|\u2606Catactual\n|j|\u2606stevesaint\n|t:|1776456514\n|gametype|doubles\n|player|p1|Catactual|2|1337\n|player|p2|stevesaint|2|1305\n|gen|9\n|tier|[Gen 9 Champions] VGC 2026 Reg M-A\n|rated|\n|rule|Species Clause: Limit one of each Pok\u00e9mon\n|rule|Item Clause: Limit 1 of each item\n|clearpoke\n|poke|p1|Dragapult, L50, M|\n|poke|p1|Pelipper, L50, M|\n|poke|p1|Starmie, L50|\n|poke|p1|Volcarona, L50, F|\n|poke|p1|Sneasler, L50, M|\n|poke|p1|Corviknight, L50, M|\n|poke|p2|Incineroar, L50, M|\n|poke|p2|Sinistcha-Masterpiece, L50|\n|poke|p2|Sneasler, L50, M|\n|poke|p2|Garchomp, L50, M|\n|poke|p2|Charizard, L50, F|\n|poke|p2|Whimsicott, L50, F|\n|teampreview|4\n|\n|t:|1776456536\n|teamsize|p1|4\n|teamsize|p2|4\n|start\n|switch|p1a: Dragapult|Dragapult, L50, M|100/100\n|switch|p1b: Sneasler|Sneasler, L50, M|100/100\n|switch|p2a: Sneasler|Sneasler, L50, M|100/100\n|switch|p2b: Garchomp|Garchomp, L50, M|100/100\n|turn|1\n|inactive|Battle timer is ON: inactive players will automatically lose when time's up. (requested by stevesaint)\n|\n|t:|1776456551\n|move|p1b: Sneasler|Fake Out|p2a: Sneasler\n|-damage|p2a: Sneasler|74/100\n|cant|p2a: Sneasler|flinch\n|move|p2b: Garchomp|Dragon Claw|p1a: Dragapult\n|-supereffective|p1a: Dragapult|1\n|-damage|p1a: Dragapult|0 fnt\n|faint|p1a: Dragapult\n|\n|upkeep\n|\n|t:|1776456560\n|switch|p1a: Volcarona|Volcarona, L50, F|100/100\n|turn|2\n|\n|t:|1776456569\n|move|p1a: Volcarona|Rage Powder|p1a: Volcarona\n|-singleturn|p1a: Volcarona|move: Rage Powder\n|move|p2b: Garchomp|Dragon Claw|p1a: Volcarona\n|-damage|p1a: Volcarona|61/100\n|-status|p2b: Garchomp|brn|[from] ability: Flame Body|[of] p1a: Volcarona\n|move|p2a: Sneasler|Rock Slide|p1b: Sneasler|[spread] p1a,p1b\n|-supereffective|p1a: Volcarona|2\n|-resisted|p1b: Sneasler|1\n|-damage|p1a: Volcarona|0 fnt\n|-damage|p1b: Sneasler|82/100\n|faint|p1a: Volcarona\n|move|p1b: Sneasler|Close Combat|p2a: Sneasler\n|-resisted|p2a: Sneasler|1\n|-damage|p2a: Sneasler|20/100\n|-unboost|p1b: Sneasler|def|1\n|-unboost|p1b: Sneasler|spd|1\n|-enditem|p1b: Sneasler|White Herb\n|-clearnegativeboost|p1b: Sneasler|[silent]\n|\n|-damage|p2b: Garchomp|95/100 brn|[from] brn\n|upkeep\n|\n|t:|1776456585\n|switch|p1a: Starmie|Starmie, L50|100/100\n|turn|3\n|inactive|stevesaint has 30 seconds left.\n|\n|t:|1776456620\n|switch|p2a: Incineroar|Incineroar, L50, M|100/100\n|-ability|p2a: Incineroar|Intimidate|boost\n|-unboost|p1a: Starmie|atk|1\n|-unboost|p1b: Sneasler|atk|1\n|detailschange|p1a: Starmie|Starmie-Mega, L50\n|-mega|p1a: Starmie|Starmie|Starminite\n|move|p1b: Sneasler|Dire Claw|p2a: Incineroar\n|-damage|p2a: Incineroar|75/100\n|move|p2b: Garchomp|Dragon Claw|p1b: Sneasler\n|-damage|p1b: Sneasler|45/100\n|move|p1a: Starmie|Ice Spinner|p2b: Garchomp\n|-supereffective|p2b: Garchomp|2\n|-damage|p2b: Garchomp|0 fnt\n|-damage|p1a: Starmie|89/100|[from] ability: Rough Skin|[of] p2b: Garchomp\n|faint|p2b: Garchomp\n|\n|upkeep\n|\n|t:|1776456637\n|switch|p2b: Sinistcha|Sinistcha-Masterpiece, L50|100/100\n|-heal|p2a: Incineroar|99/100|[from] ability: Hospitality|[of] p2b: Sinistcha\n|turn|4\n|\n|t:|1776456655\n|move|p1b: Sneasler|Protect|p1b: Sneasler\n|-singleturn|p1b: Sneasler|Protect\n|move|p1a: Starmie|Protect|p1a: Starmie\n|-singleturn|p1a: Starmie|Protect\n|move|p2a: Incineroar|Darkest Lariat|p1a: Starmie\n|-activate|p1a: Starmie|move: Protect\n|move|p2b: Sinistcha|Matcha Gotcha|p1a: Starmie|[spread] \n|-activate|p1a: Starmie|move: Protect\n|-activate|p1b: Sneasler|move: Protect\n|\n|upkeep\n|turn|5\n|\n|t:|1776456669\n|move|p1b: Sneasler|Close Combat|p2a: Incineroar\n|-supereffective|p2a: Incineroar|1\n|-damage|p2a: Incineroar|25/100\n|-unboost|p1b: Sneasler|def|1\n|-unboost|p1b: Sneasler|spd|1\n|-enditem|p2a: Incineroar|Sitrus Berry|[eat]\n|-heal|p2a: Incineroar|50/100|[from] item: Sitrus Berry\n|move|p1a: Starmie|Liquidation|p2a: Incineroar\n|-supereffective|p2a: Incineroar|1\n|-damage|p2a: Incineroar|0 fnt\n|faint|p2a: Incineroar\n|move|p2b: Sinistcha|Matcha Gotcha|p1a: Starmie|[spread] p1b\n|-miss|p2b: Sinistcha|p1a: Starmie\n|-resisted|p1b: Sneasler|1\n|-damage|p1b: Sneasler|22/100\n|\n|upkeep\n|\n|t:|1776456683\n|switch|p2a: Sneasler|Sneasler, L50, M|20/100\n|turn|6\n|\n|t:|1776456691\n|move|p1b: Sneasler|Protect|p1b: Sneasler\n|-singleturn|p1b: Sneasler|Protect\n|move|p1a: Starmie|Protect|p1a: Starmie\n|-singleturn|p1a: Starmie|Protect\n|move|p2b: Sinistcha|Rage Powder|p2b: Sinistcha\n|-singleturn|p2b: Sinistcha|move: Rage Powder\n|move|p2a: Sneasler|Rock Slide|p1b: Sneasler|[spread] \n|-activate|p1a: Starmie|move: Protect\n|-activate|p1b: Sneasler|move: Protect\n|\n|upkeep\n|turn|7\n|\n|t:|1776456704\n|move|p2b: Sinistcha|Rage Powder|p2b: Sinistcha\n|-singleturn|p2b: Sinistcha|move: Rage Powder\n|move|p1b: Sneasler|Dire Claw|p2b: Sinistcha\n|-damage|p2b: Sinistcha|71/100\n|move|p2a: Sneasler|Rock Slide|p1a: Starmie|[spread] p1a\n|-miss|p2a: Sneasler|p1b: Sneasler\n|-damage|p1a: Starmie|65/100\n|move|p1a: Starmie|Psycho Cut|p2b: Sinistcha\n|-damage|p2b: Sinistcha|24/100\n|\n|-heal|p2b: Sinistcha|30/100|[from] item: Leftovers\n|upkeep\n|turn|8\n|\n|t:|1776456723\n|move|p1b: Sneasler|Dire Claw|p2b: Sinistcha\n|-damage|p2b: Sinistcha|1/100\n|move|p2a: Sneasler|Rock Slide|p1b: Sneasler|[spread] p1a,p1b\n|-resisted|p1b: Sneasler|1\n|-damage|p1a: Starmie|39/100\n|-damage|p1b: Sneasler|0 fnt\n|faint|p1b: Sneasler\n|move|p1a: Starmie|Psycho Cut|p2a: Sneasler\n|-supereffective|p2a: Sneasler|2\n|-damage|p2a: Sneasler|0 fnt\n|faint|p2a: Sneasler\n|move|p2b: Sinistcha|Matcha Gotcha|p1a: Starmie\n|-supereffective|p1a: Starmie|1\n|-damage|p1a: Starmie|0 fnt\n|-heal|p2b: Sinistcha|19/100|[from] drain|[of] p1a: Starmie\n|faint|p1a: Starmie\n|\n|win|stevesaint\n|raw|Catactual's rating: 1337 &rarr; <strong>1315</strong><br />(-22 for losing)\n|raw|stevesaint's rating: 1305 &rarr; <strong>1327</strong><br />(+22 for winning)\n|c|\u2606stevesaint|gg\n|c|\u2606stevesaint|very good game\n",
  "uploadtime": 1776456761,
  "views": 54,
  "formatid": "gen9championsvgc2026regma",
  "rating": 1315,
  "private": 0,
  "password": null
}