{
  "id": "gen9championsvgc2026regma-2586614091",
  "format": "[Gen 9 Champions] VGC 2026 Reg M-A",
  "players": [
    "testlab12",
    "Negative31x"
  ],
  "log": "|j|\u2606testlab12\n|j|\u2606Negative31x\n|t:|1776446865\n|gametype|doubles\n|player|p1|testlab12|ghetsis|1206\n|player|p2|Negative31x|lance|1135\n|gen|9\n|tier|[Gen 9 Champions] VGC 2026 Reg M-A\n|rated|\n|rule|Species Clause: Limit one of each Pok\u00e9mon\n|rule|Item Clause: Limit 1 of each item\n|clearpoke\n|poke|p1|Sinistcha-Masterpiece, L50|\n|poke|p1|Incineroar, L50, F|\n|poke|p1|Crabominable, L50, M|\n|poke|p1|Gallade, L50, M|\n|poke|p1|Aegislash, L50, M|\n|poke|p1|Primarina, L50, F|\n|poke|p2|Dragonite, L50, F|\n|poke|p2|Politoed, L50, F|\n|poke|p2|Archaludon, L50, F|\n|poke|p2|Sinistcha, L50|\n|poke|p2|Basculegion, L50, M|\n|poke|p2|Gengar, L50, F|\n|teampreview|4\n|\n|t:|1776446895\n|teamsize|p1|4\n|teamsize|p2|4\n|start\n|switch|p1a: Alice|Sinistcha-Masterpiece, L50|100/100\n|switch|p1b: Gallade|Gallade, L50, M|100/100\n|switch|p2a: Politoed|Politoed, L50, F, shiny|100/100\n|switch|p2b: Archaludon|Archaludon, L50, F|100/100\n|-weather|RainDance|[from] ability: Drizzle|[of] p2a: Politoed\n|turn|1\n|\n|t:|1776446922\n|move|p2b: Archaludon|Protect|p2b: Archaludon\n|-singleturn|p2b: Archaludon|Protect\n|move|p1b: Gallade|Sacred Sword|p2b: Archaludon\n|-activate|p2b: Archaludon|move: Protect\n|move|p2a: Politoed|Icy Wind|p1a: Alice|[spread] p1a,p1b\n|-supereffective|p1a: Alice|1\n|-damage|p1a: Alice|75/100\n|-damage|p1b: Gallade|88/100\n|-unboost|p1a: Alice|spe|1\n|-unboost|p1b: Gallade|spe|1\n|move|p1a: Alice|Trick Room|p1a: Alice\n|-fieldstart|move: Trick Room|[of] p1a: Alice\n|\n|-weather|RainDance|[upkeep]\n|upkeep\n|turn|2\n|\n|t:|1776446942\n|switch|p1a: Crabominable|Crabominable, L50, M|100/100\n|switch|p2b: Sinistcha|Sinistcha, L50|100/100\n|move|p1b: Gallade|Sacred Sword|p2b: Sinistcha\n|-immune|p2b: Sinistcha\n|move|p2a: Politoed|Weather Ball|p1b: Gallade\n|-crit|p1b: Gallade\n|-damage|p1b: Gallade|0 fnt\n|faint|p1b: Gallade\n|\n|-weather|RainDance|[upkeep]\n|upkeep\n|\n|t:|1776446973\n|switch|p1b: Aegislash|Aegislash, L50, M|100/100\n|turn|3\n|\n|t:|1776447007\n|detailschange|p1a: Crabominable|Crabominable-Mega, L50, M\n|-mega|p1a: Crabominable|Crabominable|Crabominite\n|move|p2a: Politoed|Protect|p2a: Politoed\n|-singleturn|p2a: Politoed|Protect\n|move|p1a: Crabominable|Thunder Punch|p2a: Politoed\n|-activate|p2a: Politoed|move: Protect\n|-formechange|p1b: Aegislash|Aegislash-Blade|\n|move|p1b: Aegislash|Shadow Ball|p2b: Sinistcha\n|-supereffective|p2b: Sinistcha|1\n|-enditem|p2b: Sinistcha|Focus Sash\n|-damage|p2b: Sinistcha|1/100\n|-unboost|p2b: Sinistcha|spd|1\n|move|p2b: Sinistcha|Trick Room|p2b: Sinistcha\n|-fieldend|move: Trick Room\n|\n|-weather|RainDance|[upkeep]\n|upkeep\n|turn|4\n|\n|t:|1776447054\n|switch|p2b: Dragonite|Dragonite, L50, F, shiny|100/100\n|move|p1b: Aegislash|Wide Guard|p1b: Aegislash\n|-singleturn|p1b: Aegislash|Wide Guard\n|move|p2a: Politoed|Weather Ball|p1a: Crabominable\n|-damage|p1a: Crabominable|38/100\n|move|p1a: Crabominable|Thunder Punch|p2a: Politoed\n|-supereffective|p2a: Politoed|1\n|-damage|p2a: Politoed|14/100\n|-status|p2a: Politoed|par\n|\n|-weather|RainDance|[upkeep]\n|upkeep\n|turn|5\n|l|\u2606testlab12\n|player|p1|\n|j|\u2606testlab12\n|player|p1|testlab12|ghetsis|\n|inactive|Battle timer is ON: inactive players will automatically lose when time's up. (requested by Negative31x)\n|\n|t:|1776447131\n|switch|p1a: Alice|Sinistcha-Masterpiece, L50|75/100\n|switch|p2a: Archaludon|Archaludon, L50, F|100/100\n|detailschange|p2b: Dragonite|Dragonite-Mega, L50, F, shiny\n|-mega|p2b: Dragonite|Dragonite|Dragoninite\n|move|p2b: Dragonite|Hurricane|p1a: Alice\n|-supereffective|p1a: Alice|1\n|-damage|p1a: Alice|0 fnt\n|faint|p1a: Alice\n|move|p1b: Aegislash|Shadow Ball|p2b: Dragonite\n|-damage|p2b: Dragonite|77/100\n|\n|-weather|none\n|upkeep\n|\n|t:|1776447137\n|switch|p1a: Crabominable|Crabominable-Mega, L50, M|38/100\n|turn|6\n|\n|t:|1776447156\n|switch|p2a: Politoed|Politoed, L50, F, shiny|14/100 par\n|-weather|RainDance|[from] ability: Drizzle|[of] p2a: Politoed\n|move|p2b: Dragonite|Hurricane|p1a: Crabominable\n|-supereffective|p1a: Crabominable|1\n|-damage|p1a: Crabominable|0 fnt\n|faint|p1a: Crabominable\n|move|p1b: Aegislash|Flash Cannon|p2b: Dragonite\n|-damage|p2b: Dragonite|34/100\n|\n|-weather|RainDance|[upkeep]\n|upkeep\n|turn|7\n|-message|testlab12 forfeited.\n|\n|win|Negative31x\n|raw|testlab12's rating: 1206 &rarr; <strong>1176</strong><br />(-30 for losing)\n|raw|Negative31x's rating: 1135 &rarr; <strong>1165</strong><br />(+30 for winning)\n|l|\u2606testlab12\n|player|p1|\n",
  "uploadtime": 1776447316,
  "views": 35,
  "formatid": "gen9championsvgc2026regma",
  "rating": 1165,
  "private": 0,
  "password": null
}