{
  "id": "gen9championsvgc2026regma-2589405563",
  "format": "[Gen 9 Champions] VGC 2026 Reg M-A",
  "players": [
    "SirNeru",
    "Tunderboltz"
  ],
  "log": "|j|\u2606SirNeru\n|j|\u2606Tunderboltz\n|t:|1776720288\n|gametype|doubles\n|player|p1|SirNeru|101|1314\n|player|p2|Tunderboltz|drayton|1391\n|gen|9\n|tier|[Gen 9 Champions] VGC 2026 Reg M-A\n|rated|\n|rule|Species Clause: Limit one of each Pok\u00e9mon\n|rule|Item Clause: Limit 1 of each item\n|clearpoke\n|poke|p1|Tsareena, L50, F, shiny|\n|poke|p1|Blastoise, L50, M, shiny|\n|poke|p1|Pelipper, L50, M, shiny|\n|poke|p1|Talonflame, L50, F, shiny|\n|poke|p1|Charizard, L50, F, shiny|\n|poke|p1|Weavile, L50, F|\n|poke|p2|Garchomp, L50, M|\n|poke|p2|Aegislash, L50, M, shiny|\n|poke|p2|Pelipper, L50, M|\n|poke|p2|Archaludon, L50, M|\n|poke|p2|Greninja, L50, F, shiny|\n|poke|p2|Lopunny, L50, F|\n|teampreview|4\n|inactive|Battle timer is ON: inactive players will automatically lose when time's up. (requested by Tunderboltz)\n|c|\u2606Tunderboltz|hf\n|c|\u2606SirNeru|Glhf\n|\n|t:|1776720314\n|teamsize|p1|4\n|teamsize|p2|4\n|start\n|switch|p1a: Charizard|Charizard, L50, F, shiny|100/100\n|switch|p1b: Weavile|Weavile, L50, F|100/100\n|switch|p2a: Clover|Lopunny, L50, F|100/100\n|switch|p2b: Vergil|Garchomp, L50, M|100/100\n|turn|1\n|\n|t:|1776720323\n|switch|p1a: Tsareena|Tsareena, L50, F, shiny|100/100\n|detailschange|p2a: Clover|Lopunny-Mega, L50, F\n|-mega|p2a: Clover|Lopunny|Lopunnite\n|move|p2a: Clover|Fake Out||[still]\n|cant|p1a: Tsareena|ability: Queenly Majesty|Fake Out|[of] p2a: Clover\n|move|p1b: Weavile|Triple Axel|p2b: Vergil|[miss]\n|-miss|p1b: Weavile|p2b: Vergil\n|move|p2b: Vergil|Rock Slide|p1b: Weavile|[spread] p1a,p1b\n|-crit|p1a: Tsareena\n|-supereffective|p1b: Weavile|1\n|-damage|p1a: Tsareena|74/100\n|-damage|p1b: Weavile|33/100\n|\n|upkeep\n|turn|2\n|\n|t:|1776720342\n|switch|p2b: Bellion|Archaludon, L50, M|100/100\n|move|p1b: Weavile|Protect|p1b: Weavile\n|-singleturn|p1b: Weavile|Protect\n|move|p2a: Clover|U-turn|p1a: Tsareena\n|-supereffective|p1a: Tsareena|1\n|-damage|p1a: Tsareena|22/100\n|\n|t:|1776720345\n|switch|p2a: Percy|Pelipper, L50, M|100/100|[from] U-turn\n|-weather|RainDance|[from] ability: Drizzle|[of] p2a: Percy\n|move|p1a: Tsareena|Power Whip|p2a: Percy\n|-damage|p2a: Percy|25/100\n|\n|-weather|RainDance|[upkeep]\n|-heal|p2a: Percy|32/100|[from] item: Leftovers\n|upkeep\n|turn|3\n|\n|t:|1776720364\n|move|p1a: Tsareena|Helping Hand|p1b: Weavile\n|-singleturn|p1b: Weavile|Helping Hand|[of] p1a: Tsareena\n|move|p1b: Weavile|Ice Shard|p2a: Percy\n|-damage|p2a: Percy|0 fnt\n|faint|p2a: Percy\n|move|p2b: Bellion|Electro Shot||[still]\n|-prepare|p2b: Bellion|Electro Shot\n|-boost|p2b: Bellion|spa|1\n|-anim|p2b: Bellion|Electro Shot|p1b: Weavile\n|-damage|p1b: Weavile|0 fnt\n|faint|p1b: Weavile\n|\n|-weather|RainDance|[upkeep]\n|upkeep\n|\n|t:|1776720370\n|switch|p1b: Charizard|Charizard, L50, F, shiny|100/100\n|switch|p2a: Vergil|Garchomp, L50, M|100/100\n|turn|4\n|\n|t:|1776720380\n|move|p1b: Charizard|Protect|p1b: Charizard\n|-singleturn|p1b: Charizard|Protect\n|move|p2a: Vergil|Rock Slide|p1a: Tsareena|[spread] p1a\n|-activate|p1b: Charizard|move: Protect\n|-crit|p1a: Tsareena\n|-damage|p1a: Tsareena|0 fnt\n|faint|p1a: Tsareena\n|move|p2b: Bellion|Flash Cannon|p1b: Charizard\n|-activate|p1b: Charizard|move: Protect\n|\n|-weather|RainDance|[upkeep]\n|upkeep\n|\n|t:|1776720387\n|switch|p1a: Talonflame|Talonflame, L50, F, shiny|100/100\n|turn|5\n|\n|t:|1776720399\n|detailschange|p1b: Charizard|Charizard-Mega-Y, L50, F, shiny\n|-mega|p1b: Charizard|Charizard|Charizardite Y\n|-weather|SunnyDay|[from] ability: Drought|[of] p1b: Charizard\n|move|p1a: Talonflame|Tailwind|p1a: Talonflame\n|-sidestart|p1: SirNeru|move: Tailwind\n|move|p1b: Charizard|Overheat|p2a: Vergil\n|-resisted|p2a: Vergil|1\n|-damage|p2a: Vergil|32/100\n|-unboost|p1b: Charizard|spa|2\n|move|p2a: Vergil|Rock Slide|p1a: Talonflame|[spread] p1a,p1b\n|-supereffective|p1a: Talonflame|2\n|-supereffective|p1b: Charizard|2\n|-damage|p1a: Talonflame|0 fnt\n|-damage|p1b: Charizard|0 fnt\n|faint|p1a: Talonflame\n|faint|p1b: Charizard\n|\n|win|Tunderboltz\n|raw|SirNeru's rating: 1314 &rarr; <strong>1298</strong><br />(-16 for losing)\n|raw|Tunderboltz's rating: 1391 &rarr; <strong>1407</strong><br />(+16 for winning)\n|c|\u2606Tunderboltz|ggwp\n|l|\u2606SirNeru\n|player|p1|\n|l|\u2606Tunderboltz\n|player|p2|\n|j|\u2606Tunderboltz\n|player|p2|Tunderboltz|drayton|\n",
  "uploadtime": 1776720414,
  "views": 10,
  "formatid": "gen9championsvgc2026regma",
  "rating": 1298,
  "private": 0,
  "password": null
}