{
  "id": "gen9championsvgc2026regma-2588696415",
  "format": "[Gen 9 Champions] VGC 2026 Reg M-A",
  "players": [
    "magato123",
    "falfk"
  ],
  "log": "|j|\u2606magato123\n|j|\u2606falfk\n|t:|1776658842\n|gametype|doubles\n|player|p1|magato123|turo-ai|1028\n|player|p2|falfk|102|1067\n|gen|9\n|tier|[Gen 9 Champions] VGC 2026 Reg M-A\n|rated|\n|rule|Species Clause: Limit one of each Pok\u00e9mon\n|rule|Item Clause: Limit 1 of each item\n|clearpoke\n|poke|p1|Gengar, L50, F|\n|poke|p1|Garchomp, L50, F|\n|poke|p1|Basculegion, L50, M|\n|poke|p1|Clefable, L50, M|\n|poke|p1|Sneasler, L50, F|\n|poke|p1|Sableye, L50, F|\n|poke|p2|Venusaur, L50, M|\n|poke|p2|Sableye, L50, M|\n|poke|p2|Milotic, L50, F|\n|poke|p2|Incineroar, L50, F|\n|poke|p2|Espathra, L50, M|\n|poke|p2|Alcremie, L50, F|\n|teampreview|4\n|inactive|Battle timer is ON: inactive players will automatically lose when time's up. (requested by magato123)\nmagato123 rejected open team sheets.\n|j| SADATO69\n|\n|t:|1776658872\n|teamsize|p1|4\n|teamsize|p2|4\n|start\n|switch|p1a: Clefable|Clefable, L50, M|100/100\n|switch|p1b: Garchomp|Garchomp, L50, F|100/100\n|switch|p2a: Espathra|Espathra, L50, M|100/100\n|switch|p2b: Incineroar|Incineroar, L50, F|100/100\n|-ability|p2b: Incineroar|Intimidate|boost\n|-unboost|p1a: Clefable|atk|1\n|-unboost|p1b: Garchomp|atk|1\n|turn|1\n|\n|t:|1776658888\n|detailschange|p1b: Garchomp|Garchomp-Mega, L50, F\n|-mega|p1b: Garchomp|Garchomp|Garchompite\n|move|p2b: Incineroar|Fake Out|p1b: Garchomp\n|-damage|p1b: Garchomp|91/100\n|move|p2a: Espathra|Calm Mind|p2a: Espathra\n|-boost|p2a: Espathra|spa|1\n|-boost|p2a: Espathra|spd|1\n|cant|p1b: Garchomp|flinch\n|move|p1a: Clefable|Reflect|p1a: Clefable\n|-sidestart|p1: magato123|Reflect\n|\n|-ability|p2a: Espathra|Speed Boost|boost\n|-boost|p2a: Espathra|spe|1\n|upkeep\n|turn|2\n|\n|t:|1776658907\n|move|p2a: Espathra|Baton Pass|p2a: Espathra\n|\n|t:|1776658913\n|switch|p2a: Venusaur|Venusaur, L50, M|100/100|[from] Baton Pass\n|move|p1b: Garchomp|Rock Slide|p2a: Venusaur|[spread] p2a,p2b\n|-supereffective|p2b: Incineroar|1\n|-damage|p2a: Venusaur|87/100\n|-damage|p2b: Incineroar|73/100\n|move|p1a: Clefable|Icy Wind|p2b: Incineroar|[spread] p2a,p2b\n|-supereffective|p2a: Venusaur|1\n|-resisted|p2b: Incineroar|1\n|-damage|p2a: Venusaur|75/100\n|-damage|p2b: Incineroar|69/100\n|-unboost|p2a: Venusaur|spe|1\n|-unboost|p2b: Incineroar|spe|1\n|move|p2b: Incineroar|Parting Shot|p1b: Garchomp\n|-unboost|p1b: Garchomp|atk|1\n|-unboost|p1b: Garchomp|spa|1\n|\n|t:|1776658927\n|switch|p2b: Espathra|Espathra, L50, M|100/100|[from] Parting Shot\n|\n|upkeep\n|turn|3\n|\n|t:|1776658940\n|detailschange|p2a: Venusaur|Venusaur-Mega, L50, M\n|-mega|p2a: Venusaur|Venusaur|Venusaurite\n|move|p2b: Espathra|Calm Mind|p2b: Espathra\n|-boost|p2b: Espathra|spa|1\n|-boost|p2b: Espathra|spd|1\n|move|p1b: Garchomp|Earthquake|p2b: Espathra|[spread] p1a,p2a,p2b\n|-damage|p1a: Clefable|84/100\n|-damage|p2a: Venusaur|57/100\n|-damage|p2b: Espathra|64/100\n|move|p2a: Venusaur|Sludge Bomb|p1a: Clefable\n|-supereffective|p1a: Clefable|1\n|-damage|p1a: Clefable|0 fnt\n|faint|p1a: Clefable\n|\n|-ability|p2b: Espathra|Speed Boost|boost\n|-boost|p2b: Espathra|spe|1\n|upkeep\n|\n|t:|1776658940\n|switch|p1a: Sneasler|Sneasler, L50, F|100/100\n|turn|4\n|\n|t:|1776658955\n|move|p2b: Espathra|Protect|p2b: Espathra\n|-singleturn|p2b: Espathra|Protect\n|move|p2a: Venusaur|Protect|p2a: Venusaur\n|-singleturn|p2a: Venusaur|Protect\n|move|p1a: Sneasler|Close Combat|p2a: Venusaur\n|-activate|p2a: Venusaur|move: Protect\n|move|p1b: Garchomp|Earthquake|p2b: Espathra|[spread] p1a\n|-activate|p2a: Venusaur|move: Protect\n|-activate|p2b: Espathra|move: Protect\n|-supereffective|p1a: Sneasler|1\n|-damage|p1a: Sneasler|49/100\n|\n|-ability|p2b: Espathra|Speed Boost|boost\n|-boost|p2b: Espathra|spe|1\n|upkeep\n|turn|5\n|\n|t:|1776658974\n|move|p2b: Espathra|Lumina Crash|p1a: Sneasler\n|-supereffective|p1a: Sneasler|2\n|-damage|p1a: Sneasler|0 fnt\n|faint|p1a: Sneasler\n|move|p1b: Garchomp|Earthquake|p2a: Venusaur|[spread] p2a,p2b\n|-damage|p2a: Venusaur|40/100\n|-damage|p2b: Espathra|25/100\n|move|p2a: Venusaur|Giga Drain|p1b: Garchomp\n|-damage|p1b: Garchomp|42/100\n|-heal|p2a: Venusaur|67/100|[from] drain|[of] p1b: Garchomp\n|\n|-sideend|p1: magato123|Reflect\n|-ability|p2b: Espathra|Speed Boost|boost\n|-boost|p2b: Espathra|spe|1\n|upkeep\n|\n|t:|1776658975\n|switch|p1a: Basculegion|Basculegion, L50, M|100/100\n|turn|6\n|\n|t:|1776658993\n|move|p2b: Espathra|Baton Pass|p2b: Espathra\n|\n|t:|1776658995\n|switch|p2b: Milotic|Milotic, L50, F|100/100|[from] Baton Pass\n|move|p1a: Basculegion|Last Respects|p2a: Venusaur\n|-damage|p2a: Venusaur|0 fnt\n|faint|p2a: Venusaur\n|move|p1b: Garchomp|Earthquake|p2b: Milotic|[spread] p1a,p2b\n|-crit|p1a: Basculegion\n|-damage|p1a: Basculegion|7/100\n|-damage|p2b: Milotic|78/100\n|\n|-heal|p2b: Milotic|84/100|[from] item: Leftovers\n|upkeep\n|\n|t:|1776659008\n|switch|p2a: Incineroar|Incineroar, L50, F|69/100\n|-ability|p2a: Incineroar|Intimidate|boost\n|-unboost|p1a: Basculegion|atk|1\n|-unboost|p1b: Garchomp|atk|1\n|turn|7\n|\n|t:|1776659020\n|move|p2a: Incineroar|Fake Out|p1b: Garchomp\n|-damage|p1b: Garchomp|31/100\n|move|p2b: Milotic|Icy Wind|p1a: Basculegion|[spread] p1a,p1b\n|-resisted|p1a: Basculegion|1\n|-supereffective|p1b: Garchomp|2\n|-damage|p1a: Basculegion|0 fnt\n|-damage|p1b: Garchomp|0 fnt\n|faint|p1a: Basculegion\n|faint|p1b: Garchomp\n|\n|win|falfk\n|raw|magato123's rating: 1026 &rarr; <strong>1014</strong><br />(-12 for losing)\n|raw|falfk's rating: 1067 &rarr; <strong>1093</strong><br />(+26 for winning)\n",
  "uploadtime": 1776659020,
  "views": 4,
  "formatid": "gen9championsvgc2026regma",
  "rating": 1014,
  "private": 0,
  "password": null
}