{
  "id": "gen9championsvgc2026regma-2580387705",
  "format": "[Gen 9 Champions] VGC 2026 Reg M-A",
  "players": [
    "KinimaP",
    "DemonRadori"
  ],
  "log": "|j|\u2606KinimaP\n|j|\u2606DemonRadori\n|t:|1775888976\n|gametype|doubles\n|player|p1|KinimaP|2|1045\n|player|p2|DemonRadori|brawly|1000\n|gen|9\n|tier|[Gen 9 Champions] VGC 2026 Reg M-A\n|rated|\n|rule|Species Clause: Limit one of each Pok\u00e9mon\n|rule|Item Clause: Limit 1 of each item\n|clearpoke\n|poke|p1|Floette-Eternal, L50, F|\n|poke|p1|Delphox, L50, F|\n|poke|p1|Maushold-Four, L50|\n|poke|p1|Aerodactyl, L50, M|\n|poke|p1|Garchomp, L50, M|\n|poke|p1|Incineroar, L50, F|\n|poke|p2|Tyranitar, L50, M|\n|poke|p2|Gardevoir, L50, M|\n|poke|p2|Gyarados, L50, M|\n|poke|p2|Excadrill, L50, M|\n|poke|p2|Sinistcha, L50|\n|poke|p2|Rotom-Heat, L50|\n|teampreview|4\n|\n|t:|1775889023\n|teamsize|p1|4\n|teamsize|p2|4\n|start\n|switch|p1a: Delphox|Delphox, L50, F|100/100\n|switch|p1b: Garchomp|Garchomp, L50, M|100/100\n|switch|p2a: Gyarados|Gyarados, L50, M|100/100\n|switch|p2b: Rotom|Rotom-Heat, L50|100/100\n|-ability|p2a: Gyarados|Intimidate|boost\n|-unboost|p1a: Delphox|atk|1\n|-unboost|p1b: Garchomp|atk|1\n|-enditem|p1b: Garchomp|White Herb\n|-clearnegativeboost|p1b: Garchomp|[silent]\n|turn|1\n|j| lixiaoada\n|\n|t:|1775889056\n|detailschange|p1a: Delphox|Delphox-Mega, L50, F\n|-mega|p1a: Delphox|Delphox|Delphoxite\n|move|p2b: Rotom|Overheat|p1b: Garchomp\n|-resisted|p1b: Garchomp|1\n|-damage|p1b: Garchomp|73/100\n|-unboost|p2b: Rotom|spa|2\n|move|p1a: Delphox|Psychic|p2a: Gyarados\n|-damage|p2a: Gyarados|62/100\n|move|p1b: Garchomp|Rock Slide|p2a: Gyarados|[spread] p2a,p2b\n|-supereffective|p2a: Gyarados|1\n|-supereffective|p2b: Rotom|1\n|-damage|p2a: Gyarados|25/100\n|-damage|p2b: Rotom|47/100\n|move|p2a: Gyarados|Waterfall|p1a: Delphox\n|-supereffective|p1a: Delphox|1\n|-damage|p1a: Delphox|16/100\n|\n|-heal|p2a: Gyarados|31/100|[from] item: Leftovers\n|upkeep\n|turn|2\n|\n|t:|1775889080\n|switch|p2b: Tyranitar|Tyranitar, L50, M|100/100\n|-weather|Sandstorm|[from] ability: Sand Stream|[of] p2b: Tyranitar\n|move|p2a: Gyarados|Protect|p2a: Gyarados\n|-singleturn|p2a: Gyarados|Protect\n|move|p1a: Delphox|Heat Wave|p2b: Tyranitar|[spread] \n|-activate|p2a: Gyarados|move: Protect\n|-miss|p1a: Delphox|p2b: Tyranitar\n|move|p1b: Garchomp|Rock Slide|p2a: Gyarados|[spread] p2b\n|-activate|p2a: Gyarados|move: Protect\n|-damage|p2b: Tyranitar|82/100\n|\n|-weather|Sandstorm|[upkeep]\n|-damage|p1a: Delphox|11/100|[from] Sandstorm\n|-damage|p2a: Gyarados|25/100|[from] Sandstorm\n|-heal|p2a: Gyarados|31/100|[from] item: Leftovers\n|upkeep\n|turn|3\n|\n|t:|1775889127\n|switch|p1a: Incineroar|Incineroar, L50, F|100/100\n|-ability|p1a: Incineroar|Intimidate|boost\n|-unboost|p2a: Gyarados|atk|1\n|-unboost|p2b: Tyranitar|atk|1\n|switch|p2a: Excadrill|Excadrill, L50, M|100/100\n|detailschange|p2b: Tyranitar|Tyranitar-Mega, L50, M\n|-mega|p2b: Tyranitar|Tyranitar|Tyranitarite\n|move|p1b: Garchomp|Rock Slide|p2a: Excadrill|[spread] p2a,p2b\n|-resisted|p2a: Excadrill|2\n|-damage|p2a: Excadrill|93/100\n|-damage|p2b: Tyranitar|67/100\n|cant|p2b: Tyranitar|flinch\n|\n|-weather|Sandstorm|[upkeep]\n|-damage|p1a: Incineroar|95/100|[from] Sandstorm\n|upkeep\n|turn|4\n|l| lixiaoada\n|\n|t:|1775889159\n|switch|p1a: Aerodactyl|Aerodactyl, L50, M|100/100\n|-ability|p1a: Aerodactyl|Unnerve\n|move|p2a: Excadrill|High Horsepower|p1a: Aerodactyl\n|-immune|p1a: Aerodactyl\n|move|p1b: Garchomp|Earthquake|p2b: Tyranitar|[spread] p2a,p2b\n|-immune|p1a: Aerodactyl\n|-supereffective|p2a: Excadrill|1\n|-supereffective|p2b: Tyranitar|1\n|-damage|p2a: Excadrill|0 fnt\n|-damage|p2b: Tyranitar|12/100\n|faint|p2a: Excadrill\n|move|p2b: Tyranitar|Rock Slide|p1a: Aerodactyl|[spread] p1a,p1b\n|-supereffective|p1a: Aerodactyl|1\n|-resisted|p1b: Garchomp|1\n|-damage|p1a: Aerodactyl|32/100\n|-damage|p1b: Garchomp|63/100\n|\n|-weather|Sandstorm|[upkeep]\n|upkeep\n|\n|t:|1775889175\n|switch|p2a: Gyarados|Gyarados, L50, M|31/100\n|-ability|p2a: Gyarados|Intimidate|boost\n|-unboost|p1a: Aerodactyl|atk|1\n|-unboost|p1b: Garchomp|atk|1\n|turn|5\n|\n|t:|1775889185\n|move|p2b: Tyranitar|Protect|p2b: Tyranitar\n|-singleturn|p2b: Tyranitar|Protect\n|move|p1a: Aerodactyl|Rock Slide|p2a: Gyarados|[spread] p2a\n|-activate|p2b: Tyranitar|move: Protect\n|-supereffective|p2a: Gyarados|1\n|-damage|p2a: Gyarados|0 fnt\n|faint|p2a: Gyarados\n|move|p1b: Garchomp|Rock Slide|p2b: Tyranitar\n|-activate|p2b: Tyranitar|move: Protect\n|\n|-weather|Sandstorm|[upkeep]\n|upkeep\n|\n|t:|1775889195\n|switch|p2a: Rotom|Rotom-Heat, L50|47/100\n|turn|6\n|-message|DemonRadori forfeited.\n|\n|win|KinimaP\n|raw|KinimaP's rating: 1045 &rarr; <strong>1074</strong><br />(+29 for winning)\n|raw|DemonRadori's rating: 1000 &rarr; <strong>1000</strong><br />(+0 for losing)\n|l|\u2606DemonRadori\n|player|p2|\n",
  "uploadtime": 1775889218,
  "views": 32,
  "formatid": "gen9championsvgc2026regma",
  "rating": 1000,
  "private": 0,
  "password": null
}