{
  "id": "gen9championsvgc2026regma-2583953292",
  "format": "[Gen 9 Champions] VGC 2026 Reg M-A",
  "players": [
    "phantomninja6",
    "juneag06"
  ],
  "log": "|j|\u2606phantomninja6\n|j|\u2606juneag06\n|t:|1776211336\n|gametype|doubles\n|player|p1|phantomninja6|rosa|1094\n|player|p2|juneag06|n|1076\n|gen|9\n|tier|[Gen 9 Champions] VGC 2026 Reg M-A\n|rated|\n|rule|Species Clause: Limit one of each Pok\u00e9mon\n|rule|Item Clause: Limit 1 of each item\n|clearpoke\n|poke|p1|Meganium, L50, F|\n|poke|p1|Sneasler, L50, M|\n|poke|p1|Aerodactyl, L50, F|\n|poke|p1|Archaludon, L50, M|\n|poke|p1|Pelipper, L50, M|\n|poke|p1|Kangaskhan, L50, F|\n|poke|p2|Archaludon, L50, F|\n|poke|p2|Pelipper, L50, F|\n|poke|p2|Basculegion, L50, M|\n|poke|p2|Incineroar, L50, F|\n|poke|p2|Dragonite, L50, M|\n|poke|p2|Sinistcha, L50|\n|teampreview|4\n|inactive|Battle timer is ON: inactive players will automatically lose when time's up. (requested by juneag06)\n|\n|t:|1776211355\n|teamsize|p1|4\n|teamsize|p2|4\n|start\n|switch|p1a: Pelipper|Pelipper, L50, M|100/100\n|switch|p1b: Archaludon|Archaludon, L50, M|100/100\n|switch|p2a: Incineroar|Incineroar, L50, F|100/100\n|switch|p2b: Archaludon|Archaludon, L50, F|100/100\n|-ability|p2a: Incineroar|Intimidate|boost\n|-unboost|p1a: Pelipper|atk|1\n|-unboost|p1b: Archaludon|atk|1\n|-weather|RainDance|[from] ability: Drizzle|[of] p1a: Pelipper\n|turn|1\n|\n|t:|1776211374\n|move|p1b: Archaludon|Protect|p1b: Archaludon\n|-singleturn|p1b: Archaludon|Protect\n|move|p1a: Pelipper|Protect|p1a: Pelipper\n|-singleturn|p1a: Pelipper|Protect\n|move|p2a: Incineroar|Fake Out|p1a: Pelipper\n|-activate|p1a: Pelipper|move: Protect\n|move|p2b: Archaludon|Electro Shot||[still]\n|-prepare|p2b: Archaludon|Electro Shot\n|-boost|p2b: Archaludon|spa|1\n|-anim|p2b: Archaludon|Electro Shot|p1a: Pelipper\n|-activate|p1a: Pelipper|move: Protect\n|\n|-weather|RainDance|[upkeep]\n|upkeep\n|turn|2\n|\n|t:|1776211396\n|move|p2a: Incineroar|Parting Shot|p1b: Archaludon\n|-unboost|p1b: Archaludon|atk|1\n|-unboost|p1b: Archaludon|spa|1\n|\n|t:|1776211408\n|switch|p2a: Sinistcha|Sinistcha, L50|100/100|[from] Parting Shot\n|move|p1b: Archaludon|Draco Meteor|p2b: Archaludon\n|-damage|p2b: Archaludon|44/100\n|-unboost|p1b: Archaludon|spa|2\n|-ability|p2b: Archaludon|Stamina|boost\n|-boost|p2b: Archaludon|def|1\n|move|p2b: Archaludon|Electro Shot||[still]\n|-prepare|p2b: Archaludon|Electro Shot\n|-boost|p2b: Archaludon|spa|1\n|-anim|p2b: Archaludon|Electro Shot|p1a: Pelipper\n|-supereffective|p1a: Pelipper|2\n|-damage|p1a: Pelipper|0 fnt\n|faint|p1a: Pelipper\n|\n|-weather|RainDance|[upkeep]\n|-heal|p2b: Archaludon|50/100|[from] item: Leftovers\n|upkeep\n|\n|t:|1776211423\n|switch|p1a: Sneasler|Sneasler, L50, M|100/100\n|turn|3\n|\n|t:|1776211447\n|move|p1a: Sneasler|Fake Out|p2a: Sinistcha\n|-immune|p2a: Sinistcha\n|move|p2a: Sinistcha|Rage Powder|p2a: Sinistcha\n|-singleturn|p2a: Sinistcha|move: Rage Powder\n|move|p1b: Archaludon|Draco Meteor|p2b: Archaludon\n|-crit|p2b: Archaludon\n|-damage|p2b: Archaludon|0 fnt\n|-unboost|p1b: Archaludon|spa|2\n|faint|p2b: Archaludon\n|\n|-weather|RainDance|[upkeep]\n|upkeep\n|c|\u2606juneag06|What\n|inactive|juneag06 has 30 seconds left.\n|\n|t:|1776211473\n|switch|p2b: Incineroar|Incineroar, L50, F|100/100\n|-ability|p2b: Incineroar|Intimidate|boost\n|-unboost|p1a: Sneasler|atk|1\n|-unboost|p1b: Archaludon|atk|1\n|turn|4\n|\n|t:|1776211491\n|move|p2b: Incineroar|Fake Out|p1a: Sneasler\n|-damage|p1a: Sneasler|88/100\n|cant|p1a: Sneasler|flinch\n|move|p1b: Archaludon|Draco Meteor|p2a: Sinistcha\n|-damage|p2a: Sinistcha|78/100\n|-unboost|p1b: Archaludon|spa|1\n|move|p2a: Sinistcha|Matcha Gotcha|p1b: Archaludon|[spread] p1b\n|-miss|p2a: Sinistcha|p1a: Sneasler\n|-resisted|p1b: Archaludon|2\n|-damage|p1b: Archaludon|93/100\n|-heal|p2a: Sinistcha|83/100|[from] drain|[of] p1b: Archaludon\n|\n|-weather|RainDance|[upkeep]\n|upkeep\n|turn|5\n|c|\u2606juneag06|Why the rage powder didnt work?\n|-activate|p2b: Incineroar|item: Quick Claw\n|\n|t:|1776211516\n|move|p2b: Incineroar|Flare Blitz|p1a: Sneasler\n|-damage|p1a: Sneasler|60/100\n|-damage|p2b: Incineroar|92/100|[from] Recoil\n|move|p1a: Sneasler|Dire Claw|p2a: Sinistcha\n|-damage|p2a: Sinistcha|59/100\n|move|p1b: Archaludon|Electro Shot||[still]\n|-prepare|p1b: Archaludon|Electro Shot\n|-boost|p1b: Archaludon|spa|1\n|-anim|p1b: Archaludon|Electro Shot|p2b: Incineroar\n|-damage|p2b: Incineroar|80/100\n|move|p2a: Sinistcha|Matcha Gotcha|p1a: Sneasler|[spread] p1a,p1b\n|-resisted|p1a: Sneasler|1\n|-resisted|p1b: Archaludon|2\n|-damage|p1a: Sneasler|43/100\n|-heal|p2a: Sinistcha|69/100|[from] drain|[of] p1a: Sneasler\n|-damage|p1b: Archaludon|84/100\n|-heal|p2a: Sinistcha|73/100|[from] drain|[of] p1b: Archaludon\n|\n|-weather|none\n|upkeep\n|turn|6\n|inactive|phantomninja6 has 30 seconds left.\n|\n|t:|1776211545\n|move|p1a: Sneasler|Close Combat|p2b: Incineroar\n|-supereffective|p2b: Incineroar|1\n|-damage|p2b: Incineroar|0 fnt\n|-unboost|p1a: Sneasler|def|1\n|-unboost|p1a: Sneasler|spd|1\n|faint|p2b: Incineroar\n|move|p1b: Archaludon|Flash Cannon|p2a: Sinistcha\n|-damage|p2a: Sinistcha|61/100\n|move|p2a: Sinistcha|Matcha Gotcha|p1b: Archaludon|[spread] p1a,p1b\n|-resisted|p1a: Sneasler|1\n|-resisted|p1b: Archaludon|2\n|-damage|p1a: Sneasler|18/100\n|-heal|p2a: Sinistcha|75/100|[from] drain|[of] p1a: Sneasler\n|-damage|p1b: Archaludon|76/100\n|-heal|p2a: Sinistcha|80/100|[from] drain|[of] p1b: Archaludon\n|\n|upkeep\n|\n|t:|1776211553\n|switch|p2b: Basculegion|Basculegion, L50, M|100/100\n|turn|7\n|inactive|phantomninja6 has 30 seconds left.\n|\n|t:|1776211580\n|move|p2b: Basculegion|Aqua Jet|p1a: Sneasler\n|-damage|p1a: Sneasler|0 fnt\n|faint|p1a: Sneasler\n|move|p1b: Archaludon|Electro Shot||[still]\n|-prepare|p1b: Archaludon|Electro Shot\n|-boost|p1b: Archaludon|spa|1\n|move|p2a: Sinistcha|Matcha Gotcha|p1b: Archaludon|[miss]\n|-miss|p2a: Sinistcha|p1b: Archaludon\n|\n|upkeep\n|\n|t:|1776211591\n|switch|p1a: Meganium|Meganium, L50, F|100/100\n|turn|8\n|\n|t:|1776211598\n|detailschange|p1a: Meganium|Meganium-Mega, L50, F\n|-mega|p1a: Meganium|Meganium|Meganiumite\n|move|p2b: Basculegion|Protect|p2b: Basculegion\n|-singleturn|p2b: Basculegion|Protect\n|move|p1a: Meganium|Weather Ball|p2a: Sinistcha\n|-supereffective|p2a: Sinistcha|1\n|-crit|p2a: Sinistcha\n|-damage|p2a: Sinistcha|0 fnt\n|faint|p2a: Sinistcha\n|move|p1b: Archaludon|Electro Shot|p2b: Basculegion|[from] lockedmove\n|-activate|p2b: Basculegion|move: Protect\n|\n|upkeep\n|turn|9\n|\n|t:|1776211621\n|move|p1a: Meganium|Solar Beam||[still]\n|-prepare|p1a: Meganium|Solar Beam\n|-activate|p1a: Meganium|ability: Mega Sol\n|-anim|p1a: Meganium|Solar Beam|p2b: Basculegion\n|-supereffective|p2b: Basculegion|1\n|-damage|p2b: Basculegion|0 fnt\n|faint|p2b: Basculegion\n|\n|win|phantomninja6\n|raw|phantomninja6's rating: 1094 &rarr; <strong>1119</strong><br />(+25 for winning)\n|raw|juneag06's rating: 1076 &rarr; <strong>1056</strong><br />(-20 for losing)\n|l|\u2606phantomninja6\n|player|p1|\n",
  "uploadtime": 1776211671,
  "views": 13,
  "formatid": "gen9championsvgc2026regma",
  "rating": 1056,
  "private": 0,
  "password": null
}