{
  "id": "gen9championsvgc2026regma-2587102405",
  "format": "[Gen 9 Champions] VGC 2026 Reg M-A",
  "players": [
    "sdbjj",
    "Grade a type b"
  ],
  "log": "|j|\u2606sdbjj\n|j|\u2606Grade a type b\n|t:|1776493692\n|gametype|doubles\n|player|p1|sdbjj|265|1443\n|player|p2|Grade a type b|101|1619\n|gen|9\n|tier|[Gen 9 Champions] VGC 2026 Reg M-A\n|rated|\n|rule|Species Clause: Limit one of each Pok\u00e9mon\n|rule|Item Clause: Limit 1 of each item\n|clearpoke\n|poke|p1|Snorlax, L50, F|\n|poke|p1|Hawlucha, L50, F|\n|poke|p1|Incineroar, L50, M|\n|poke|p1|Sinistcha, L50|\n|poke|p1|Sableye, L50, F|\n|poke|p1|Zoroark-Hisui, L50, F|\n|poke|p2|Garchomp, L50, M|\n|poke|p2|Sneasler, L50, M|\n|poke|p2|Whimsicott, L50, F|\n|poke|p2|Charizard, L50, M|\n|poke|p2|Basculegion, L50, M|\n|poke|p2|Kingambit, L50, M|\n|teampreview|4\n|inactive|Battle timer is ON: inactive players will automatically lose when time's up. (requested by Grade a type b)\n|inactive|Grade a type b has 60 seconds left.\n|inactive|Grade a type b has 30 seconds left.\n|inactive|Grade a type b has 20 seconds left.\n|\n|t:|1776493766\n|teamsize|p1|4\n|teamsize|p2|4\n|start\n|switch|p1a: Snorlax|Snorlax, L50, F|100/100\n|switch|p1b: Hawlucha|Hawlucha, L50, F|100/100\n|switch|p2a: Whimsicott|Whimsicott, L50, F|100/100\n|switch|p2b: Kingambit|Kingambit, L50, M|100/100\n|turn|1\n|j| Unchained\n|\n|t:|1776493788\n|move|p2b: Kingambit|Protect|p2b: Kingambit\n|-singleturn|p2b: Kingambit|Protect\n|move|p2a: Whimsicott|Moonblast|p1b: Hawlucha\n|-damage|p1b: Hawlucha|23/100\n|replace|p1b: Zoroark|Zoroark-Hisui, L50, F\n|-end|p1b: Zoroark|Illusion\n|move|p1b: Zoroark|Taunt|p2a: Whimsicott\n|-start|p2a: Whimsicott|move: Taunt\n|move|p1a: Snorlax|Stockpile|p1a: Snorlax\n|-start|p1a: Snorlax|stockpile1\n|-boost|p1a: Snorlax|def|1\n|-boost|p1a: Snorlax|spd|1\n|\n|upkeep\n|turn|2\n|j| Tae133\n|\n|t:|1776493808\n|move|p2a: Whimsicott|Moonblast|p1b: Zoroark\n|-damage|p1b: Zoroark|0 fnt\n|faint|p1b: Zoroark\n|move|p2b: Kingambit|Kowtow Cleave|p1a: Snorlax\n|-damage|p1a: Snorlax|74/100\n|move|p1a: Snorlax|Stockpile|p1a: Snorlax\n|-start|p1a: Snorlax|stockpile2\n|-boost|p1a: Snorlax|def|1\n|-boost|p1a: Snorlax|spd|1\n|\n|-heal|p1a: Snorlax|80/100|[from] item: Leftovers\n|upkeep\n|\n|t:|1776493822\n|switch|p1b: Hawlucha|Hawlucha, L50, F|100/100\n|-ability|p1b: Hawlucha|Mold Breaker\n|turn|3\n|\n|t:|1776493833\n|switch|p2b: Charizard|Charizard, L50, M|100/100\n|detailschange|p1b: Hawlucha|Hawlucha-Mega, L50, F\n|-mega|p1b: Hawlucha|Hawlucha|Hawluchanite\n|move|p1b: Hawlucha|Entrainment|p1a: Snorlax\n|-ability|p1a: Snorlax|No Guard|Thick Fat|[from] move: Entrainment|[of] p1b: Hawlucha\n|move|p2a: Whimsicott|Moonblast|p1b: Hawlucha\n|-supereffective|p1b: Hawlucha|1\n|-damage|p1b: Hawlucha|31/100\n|move|p1a: Snorlax|Fissure|p2b: Charizard\n|-immune|p2b: Charizard\n|\n|-heal|p1a: Snorlax|86/100|[from] item: Leftovers\n|upkeep\n|turn|4\n|\n|t:|1776493852\n|detailschange|p2b: Charizard|Charizard-Mega-Y, L50, M\n|-mega|p2b: Charizard|Charizard|Charizardite Y\n|-weather|SunnyDay|[from] ability: Drought|[of] p2b: Charizard\n|move|p1b: Hawlucha|Brave Bird|p2a: Whimsicott\n|-supereffective|p2a: Whimsicott|1\n|-enditem|p2a: Whimsicott|Focus Sash\n|-damage|p2a: Whimsicott|1/100\n|-damage|p1b: Hawlucha|7/100|[from] Recoil\n|move|p2a: Whimsicott|Moonblast|p1b: Hawlucha\n|-supereffective|p1b: Hawlucha|1\n|-damage|p1b: Hawlucha|0 fnt\n|faint|p1b: Hawlucha\n|move|p2b: Charizard|Heat Wave|p1a: Snorlax\n|-damage|p1a: Snorlax|60/100\n|move|p1a: Snorlax|Smack Down|p2b: Charizard\n|-supereffective|p2b: Charizard|2\n|-damage|p2b: Charizard|20/100\n|-start|p2b: Charizard|Smack Down\n|\n|-weather|SunnyDay|[upkeep]\n|-heal|p1a: Snorlax|66/100|[from] item: Leftovers\n|-end|p2a: Whimsicott|move: Taunt\n|upkeep\n|\n|t:|1776493875\n|switch|p1b: Sinistcha|Sinistcha, L50|100/100\n|-heal|p1a: Snorlax|91/100|[from] ability: Hospitality|[of] p1b: Sinistcha\n|turn|5\n|\n|t:|1776493888\n|switch|p2b: Garchomp|Garchomp, L50, M|100/100\n|move|p2a: Whimsicott|Encore|p1a: Snorlax\n|-start|p1a: Snorlax|Encore\n|move|p1a: Snorlax|Smack Down|p2a: Whimsicott\n|-damage|p2a: Whimsicott|0 fnt\n|faint|p2a: Whimsicott\n|move|p1b: Sinistcha|Trick Room|p1b: Sinistcha\n|-fieldstart|move: Trick Room|[of] p1b: Sinistcha\n|\n|-weather|SunnyDay|[upkeep]\n|-heal|p1a: Snorlax|97/100|[from] item: Leftovers\n|upkeep\n|\n|t:|1776493897\n|switch|p2a: Kingambit|Kingambit, L50, M|100/100\n|turn|6\n|\n|t:|1776493908\n|move|p1a: Snorlax|Smack Down|p2b: Garchomp\n|-resisted|p2b: Garchomp|1\n|-damage|p2b: Garchomp|95/100\n|move|p2a: Kingambit|Kowtow Cleave|p1b: Sinistcha\n|-supereffective|p1b: Sinistcha|1\n|-enditem|p1b: Sinistcha|Colbur Berry|[eat]\n|-enditem|p1b: Sinistcha|Colbur Berry|[weaken]\n|-damage|p1b: Sinistcha|50/100\n|move|p1b: Sinistcha|Matcha Gotcha|p2b: Garchomp|[spread] p2a,p2b\n|-resisted|p2a: Kingambit|1\n|-damage|p2a: Kingambit|88/100\n|-heal|p1b: Sinistcha|57/100|[from] drain|[of] p2a: Kingambit\n|-damage|p2b: Garchomp|69/100\n|-heal|p1b: Sinistcha|71/100|[from] drain|[of] p2b: Garchomp\n|-status|p2a: Kingambit|brn\n|move|p2b: Garchomp|Dragon Claw|p1a: Snorlax\n|-damage|p1a: Snorlax|83/100\n|\n|-weather|SunnyDay|[upkeep]\n|-heal|p1a: Snorlax|89/100|[from] item: Leftovers\n|-damage|p2a: Kingambit|82/100 brn|[from] brn\n|upkeep\n|turn|7\n|inactive|sdbjj has 30 seconds left.\n|\n|t:|1776493934\n|move|p1a: Snorlax|Smack Down|p2a: Kingambit\n|-resisted|p2a: Kingambit|1\n|-damage|p2a: Kingambit|76/100 brn\n|move|p2a: Kingambit|Kowtow Cleave|p1b: Sinistcha\n|-supereffective|p1b: Sinistcha|1\n|-damage|p1b: Sinistcha|20/100\n|move|p1b: Sinistcha|Life Dew|p1b: Sinistcha|[spread] p1a,p1b\n|-heal|p1a: Snorlax|100/100\n|-heal|p1b: Sinistcha|45/100\n|move|p2b: Garchomp|Dragon Claw|p1b: Sinistcha\n|-damage|p1b: Sinistcha|6/100\n|\n|-weather|SunnyDay|[upkeep]\n|-damage|p2a: Kingambit|70/100 brn|[from] brn\n|-end|p1a: Snorlax|Encore\n|upkeep\n|turn|8\n|\n|t:|1776493958\n|move|p2b: Garchomp|Protect|p2b: Garchomp\n|-singleturn|p2b: Garchomp|Protect\n|move|p1a: Snorlax|Fissure|p2b: Garchomp\n|-activate|p2b: Garchomp|move: Protect\n|move|p2a: Kingambit|Kowtow Cleave|p1b: Sinistcha\n|-supereffective|p1b: Sinistcha|1\n|-damage|p1b: Sinistcha|0 fnt\n|faint|p1b: Sinistcha\n|\n|-weather|none\n|-damage|p2a: Kingambit|64/100 brn|[from] brn\n|upkeep\n|turn|9\n|\n|t:|1776493972\n|switch|p2b: Charizard|Charizard-Mega-Y, L50, M|20/100\n|-weather|SunnyDay|[from] ability: Drought|[of] p2b: Charizard\n|move|p1a: Snorlax|Fissure|p2b: Charizard\n|-immune|p2b: Charizard\n|move|p2a: Kingambit|Kowtow Cleave|p1a: Snorlax\n|-damage|p1a: Snorlax|92/100\n|\n|-weather|SunnyDay|[upkeep]\n|-heal|p1a: Snorlax|98/100|[from] item: Leftovers\n|-damage|p2a: Kingambit|58/100 brn|[from] brn\n|-fieldend|move: Trick Room\n|upkeep\n|turn|10\n|\n|t:|1776493987\n|switch|p2b: Garchomp|Garchomp, L50, M|69/100\n|move|p2a: Kingambit|Iron Head|p1a: Snorlax\n|-damage|p1a: Snorlax|90/100\n|cant|p1a: Snorlax|flinch\n|\n|-weather|SunnyDay|[upkeep]\n|-heal|p1a: Snorlax|96/100|[from] item: Leftovers\n|-damage|p2a: Kingambit|52/100 brn|[from] brn\n|upkeep\n|turn|11\n|\n|t:|1776493999\n|move|p2b: Garchomp|Rock Slide|p1a: Snorlax\n|-damage|p1a: Snorlax|89/100\n|move|p2a: Kingambit|Iron Head|p1a: Snorlax\n|-damage|p1a: Snorlax|80/100\n|cant|p1a: Snorlax|flinch\n|\n|-weather|SunnyDay|[upkeep]\n|-heal|p1a: Snorlax|86/100|[from] item: Leftovers\n|-damage|p2a: Kingambit|46/100 brn|[from] brn\n|upkeep\n|turn|12\n|\n|t:|1776494016\n|move|p2b: Garchomp|Rock Slide|p1a: Snorlax\n|-damage|p1a: Snorlax|78/100\n|move|p2a: Kingambit|Iron Head|p1a: Snorlax\n|-damage|p1a: Snorlax|69/100\n|move|p1a: Snorlax|Fissure|p2a: Kingambit\n|-damage|p2a: Kingambit|0 fnt\n|faint|p2a: Kingambit\n|-ohko\n|\n|-weather|SunnyDay|[upkeep]\n|-heal|p1a: Snorlax|75/100|[from] item: Leftovers\n|upkeep\n|\n|t:|1776494023\n|switch|p2a: Charizard|Charizard-Mega-Y, L50, M|20/100\n|turn|13\n|\n|t:|1776494032\n|move|p1a: Snorlax|Protect|p1a: Snorlax\n|-singleturn|p1a: Snorlax|Protect\n|move|p2b: Garchomp|Earthquake|p1a: Snorlax|[spread] \n|-activate|p1a: Snorlax|move: Protect\n|-immune|p2a: Charizard\n|move|p2a: Charizard|Heat Wave|p1a: Snorlax\n|-activate|p1a: Snorlax|move: Protect\n|\n|-weather|none\n|-heal|p1a: Snorlax|81/100|[from] item: Leftovers\n|upkeep\n|turn|14\n|\n|t:|1776494045\n|move|p2b: Garchomp|Protect|p2b: Garchomp\n|-singleturn|p2b: Garchomp|Protect\n|move|p2a: Charizard|Heat Wave|p1a: Snorlax\n|-damage|p1a: Snorlax|65/100\n|move|p1a: Snorlax|Fissure|p2b: Garchomp\n|-activate|p2b: Garchomp|move: Protect\n|\n|-heal|p1a: Snorlax|71/100|[from] item: Leftovers\n|upkeep\n|turn|15\n|l| Unchained\n|\n|t:|1776494057\n|move|p2b: Garchomp|Rock Slide|p1a: Snorlax\n|-damage|p1a: Snorlax|62/100\n|move|p2a: Charizard|Heat Wave|p1a: Snorlax\n|-damage|p1a: Snorlax|43/100\n|move|p1a: Snorlax|Fissure|p2b: Garchomp\n|-damage|p2b: Garchomp|0 fnt\n|faint|p2b: Garchomp\n|-ohko\n|\n|-heal|p1a: Snorlax|49/100|[from] item: Leftovers\n|upkeep\n|turn|16\n|\n|t:|1776494071\n|move|p1a: Snorlax|Protect|p1a: Snorlax\n|-singleturn|p1a: Snorlax|Protect\n|move|p2a: Charizard|Heat Wave|p1a: Snorlax\n|-activate|p1a: Snorlax|move: Protect\n|\n|-heal|p1a: Snorlax|55/100|[from] item: Leftovers\n|upkeep\n|turn|17\n|-message|Grade a type b forfeited.\n|\n|win|sdbjj\n|raw|sdbjj's rating: 1443 &rarr; <strong>1472</strong><br />(+29 for winning)\n|raw|Grade a type b's rating: 1619 &rarr; <strong>1590</strong><br />(-29 for losing)\n|l|\u2606sdbjj\n|player|p1|\n|j| Unchained\n|l| Unchained\n|l| Tae133\n|n|\u2606Grade a type b|gradeatypeb\n|l|\u2606Grade a type b\n|player|p2|\n|j|\u2606Grade a type b\n|player|p2|Grade a type b|101|\n|l|\u2606Grade a type b\n|player|p2|\n",
  "uploadtime": 1776494961,
  "views": 35,
  "formatid": "gen9championsvgc2026regma",
  "rating": 1472,
  "private": 0,
  "password": null
}