{
  "id": "gen9championsvgc2026regma-2581566461",
  "format": "[Gen 9 Champions] VGC 2026 Reg M-A",
  "players": [
    "lukelby",
    "Jubbcicle"
  ],
  "log": "|j|\u2606lukelby\n|j|\u2606Jubbcicle\n|t:|1776011491\n|gametype|doubles\n|player|p1|lukelby|hiker-gen4|1125\n|player|p2|Jubbcicle|1|1081\n|gen|9\n|tier|[Gen 9 Champions] VGC 2026 Reg M-A\n|rated|\n|rule|Species Clause: Limit one of each Pok\u00e9mon\n|rule|Item Clause: Limit 1 of each item\n|clearpoke\n|poke|p1|Ninetales-Alola, L50, F|\n|poke|p1|Sinistcha, L50|\n|poke|p1|Crabominable, L50, M|\n|poke|p1|Sneasler, L50, M|\n|poke|p1|Incineroar, L50, M|\n|poke|p1|Farigiraf, L50, M|\n|poke|p2|Aggron, L50, F|\n|poke|p2|Pelipper, L50, F|\n|poke|p2|Slowking-Galar, L50, F|\n|poke|p2|Archaludon, L50, M|\n|poke|p2|Incineroar, L50, F|\n|poke|p2|Sinistcha, L50|\n|teampreview|4\nlukelby has agreed to open team sheets.\n|\n|t:|1776011528\n|teamsize|p1|4\n|teamsize|p2|4\n|start\n|switch|p1a: mimmer|Incineroar, L50, M|100/100\n|switch|p1b: gay|Sneasler, L50, M|100/100\n|switch|p2a: Aggron|Aggron, L50, F|100/100\n|switch|p2b: Incineroar|Incineroar, L50, F|100/100\n|-ability|p1a: mimmer|Intimidate|boost\n|-unboost|p2a: Aggron|atk|1\n|-unboost|p2b: Incineroar|atk|1\n|-ability|p2b: Incineroar|Intimidate|boost\n|-unboost|p1a: mimmer|atk|1\n|-unboost|p1b: gay|atk|1\n|-enditem|p1b: gay|White Herb\n|-clearnegativeboost|p1b: gay|[silent]\n|turn|1\n|\n|t:|1776011540\n|detailschange|p2a: Aggron|Aggron-Mega, L50, F\n|-mega|p2a: Aggron|Aggron|Aggronite\n|move|p1b: gay|Fake Out|p2b: Incineroar\n|-damage|p2b: Incineroar|86/100\n|cant|p2b: Incineroar|flinch\n|move|p1a: mimmer|Will-O-Wisp|p2a: Aggron\n|-status|p2a: Aggron|brn\n|move|p2a: Aggron|Iron Defense|p2a: Aggron\n|-boost|p2a: Aggron|def|2\n|\n|-damage|p2a: Aggron|94/100 brn|[from] brn\n|upkeep\n|turn|2\n|\n|t:|1776011559\n|switch|p1a: Broly|Crabominable, L50, M|100/100\n|move|p1b: gay|Close Combat|p2a: Aggron\n|-supereffective|p2a: Aggron|1\n|-damage|p2a: Aggron|64/100 brn\n|-unboost|p1b: gay|def|1\n|-unboost|p1b: gay|spd|1\n|move|p2b: Incineroar|Parting Shot|p1b: gay\n|-unboost|p1b: gay|atk|1\n|-unboost|p1b: gay|spa|1\n|\n|t:|1776011570\n|switch|p2b: Pelipper|Pelipper, L50, F|100/100|[from] Parting Shot\n|-weather|RainDance|[from] ability: Drizzle|[of] p2b: Pelipper\n|move|p2a: Aggron|Body Press|p1a: Broly\n|-supereffective|p1a: Broly|1\n|-damage|p1a: Broly|24/100\n|\n|-weather|RainDance|[upkeep]\n|-damage|p2a: Aggron|58/100 brn|[from] brn\n|upkeep\n|turn|3\n|\n|t:|1776011595\n|detailschange|p1a: Broly|Crabominable-Mega, L50, M\n|-mega|p1a: Broly|Crabominable|Crabominite\n|move|p1a: Broly|Protect|p1a: Broly\n|-singleturn|p1a: Broly|Protect\n|move|p1b: gay|Dire Claw|p2b: Pelipper\n|-crit|p2b: Pelipper\n|-damage|p2b: Pelipper|8/100\n|move|p2b: Pelipper|Hurricane|p1a: Broly\n|-activate|p1a: Broly|move: Protect\n|move|p2a: Aggron|Heavy Slam|p1b: gay\n|-damage|p1b: gay|41/100\n|\n|-weather|RainDance|[upkeep]\n|-damage|p2a: Aggron|51/100 brn|[from] brn\n|upkeep\n|turn|4\n|\n|t:|1776011611\n|switch|p2b: Incineroar|Incineroar, L50, F|86/100\n|-ability|p2b: Incineroar|Intimidate|boost\n|-unboost|p1a: Broly|atk|1\n|-unboost|p1b: gay|atk|1\n|move|p1a: Broly|Mach Punch|p2b: Incineroar\n|-supereffective|p2b: Incineroar|1\n|-enditem|p2b: Incineroar|Chople Berry|[eat]\n|-enditem|p2b: Incineroar|Chople Berry|[weaken]\n|-damage|p2b: Incineroar|66/100\n|move|p1b: gay|Coaching|p1a: Broly\n|-boost|p1a: Broly|atk|1\n|-boost|p1a: Broly|def|1\n|move|p2a: Aggron|Iron Defense|p2a: Aggron\n|-boost|p2a: Aggron|def|2\n|\n|-weather|RainDance|[upkeep]\n|-damage|p2a: Aggron|45/100 brn|[from] brn\n|upkeep\n|turn|5\n|\n|t:|1776011633\n|switch|p1b: blobl|Sinistcha, L50|100/100\n|-heal|p1a: Broly|49/100|[from] ability: Hospitality|[of] p1b: blobl\n|move|p1a: Broly|Protect|p1a: Broly\n|-singleturn|p1a: Broly|Protect\n|move|p2b: Incineroar|Fake Out|p1b: blobl\n|-immune|p1b: blobl\n|move|p2a: Aggron|Body Press|p1a: Broly\n|-activate|p1a: Broly|move: Protect\n|\n|-weather|RainDance|[upkeep]\n|-damage|p2a: Aggron|39/100 brn|[from] brn\n|upkeep\n|turn|6\n|\n|t:|1776011651\n|switch|p2b: Sinistcha|Sinistcha, L50|100/100\n|-heal|p2a: Aggron|64/100 brn|[from] ability: Hospitality|[of] p2b: Sinistcha\n|move|p1b: blobl|Rage Powder|p1b: blobl\n|-singleturn|p1b: blobl|move: Rage Powder\n|move|p2a: Aggron|Body Press|p1b: blobl\n|-immune|p1b: blobl\n|move|p1a: Broly|Drain Punch|p2b: Sinistcha\n|-immune|p2b: Sinistcha\n|\n|-weather|none\n|-damage|p2a: Aggron|58/100 brn|[from] brn\n|upkeep\n|turn|7\n|\n|t:|1776011664\n|move|p1b: blobl|Rage Powder|p1b: blobl\n|-singleturn|p1b: blobl|move: Rage Powder\n|move|p2b: Sinistcha|Life Dew||[still]|[spread] p2a,p2b\n|-heal|p2a: Aggron|82/100 brn\n|-fail|p2b: Sinistcha|heal\n|move|p2a: Aggron|Heavy Slam|p1b: blobl\n|-damage|p1b: blobl|84/100\n|move|p1a: Broly|Ice Hammer|p2b: Sinistcha\n|-supereffective|p2b: Sinistcha|1\n|-damage|p2b: Sinistcha|0 fnt\n|-unboost|p1a: Broly|spe|1\n|faint|p2b: Sinistcha\n|\n|-heal|p1b: blobl|90/100|[from] item: Leftovers\n|-damage|p2a: Aggron|76/100 brn|[from] brn\n|upkeep\n|\n|t:|1776011676\n|switch|p2b: Pelipper|Pelipper, L50, F|8/100\n|-weather|RainDance|[from] ability: Drizzle|[of] p2b: Pelipper\n|turn|8\n|\n|t:|1776011696\n|move|p1a: Broly|Mach Punch|p2b: Pelipper\n|-resisted|p2b: Pelipper|1\n|-damage|p2b: Pelipper|0 fnt\n|faint|p2b: Pelipper\n|move|p1b: blobl|Life Dew|p1b: blobl|[spread] p1a,p1b\n|-heal|p1a: Broly|74/100\n|-heal|p1b: blobl|100/100\n|move|p2a: Aggron|Heavy Slam|p1b: blobl\n|-damage|p1b: blobl|85/100\n|\n|-weather|RainDance|[upkeep]\n|-heal|p1b: blobl|92/100|[from] item: Leftovers\n|-damage|p2a: Aggron|70/100 brn|[from] brn\n|upkeep\n|\n|t:|1776011698\n|switch|p2b: Incineroar|Incineroar, L50, F|66/100\n|-ability|p2b: Incineroar|Intimidate|boost\n|-unboost|p1a: Broly|atk|1\n|-unboost|p1b: blobl|atk|1\n|turn|9\n|\n|t:|1776011713\n|switch|p1b: mimmer|Incineroar, L50, M|100/100\n|-ability|p1b: mimmer|Intimidate|boost\n|-unboost|p2a: Aggron|atk|1\n|-unboost|p2b: Incineroar|atk|1\n|move|p1a: Broly|Protect|p1a: Broly\n|-singleturn|p1a: Broly|Protect\n|move|p2b: Incineroar|Flare Blitz|p1b: mimmer\n|-resisted|p1b: mimmer|1\n|-damage|p1b: mimmer|92/100\n|-damage|p2b: Incineroar|62/100|[from] Recoil\n|move|p2a: Aggron|Heavy Slam|p1a: Broly\n|-activate|p1a: Broly|move: Protect\n|\n|-weather|RainDance|[upkeep]\n|-damage|p2a: Aggron|64/100 brn|[from] brn\n|upkeep\n|turn|10\n|\n|t:|1776011742\n|move|p1b: mimmer|Fake Out|p2a: Aggron\n|-resisted|p2a: Aggron|1\n|-damage|p2a: Aggron|63/100 brn\n|move|p2b: Incineroar|Darkest Lariat|p1b: mimmer\n|-resisted|p1b: mimmer|1\n|-damage|p1b: mimmer|79/100\n|cant|p2a: Aggron|flinch\n|move|p1a: Broly|Drain Punch|p2b: Incineroar\n|-supereffective|p2b: Incineroar|1\n|-damage|p2b: Incineroar|0 fnt\n|-heal|p1a: Broly|99/100|[from] drain|[of] p2b: Incineroar\n|faint|p2b: Incineroar\n|\n|-weather|RainDance|[upkeep]\n|-damage|p2a: Aggron|56/100 brn|[from] brn\n|upkeep\n|turn|11\n|\n|t:|1776011757\n|switch|p1a: blobl|Sinistcha, L50|92/100\n|-heal|p1b: mimmer|100/100|[from] ability: Hospitality|[of] p1a: blobl\n|move|p1b: mimmer|Darkest Lariat|p2a: Aggron\n|-damage|p2a: Aggron|39/100 brn\n|move|p2a: Aggron|Heavy Slam|p1a: blobl\n|-damage|p1a: blobl|80/100\n|\n|-weather|RainDance|[upkeep]\n|-heal|p1a: blobl|86/100|[from] item: Leftovers\n|-damage|p2a: Aggron|33/100 brn|[from] brn\n|upkeep\n|turn|12\n|\n|t:|1776011769\n|move|p1b: mimmer|Darkest Lariat|p2a: Aggron\n|-crit|p2a: Aggron\n|-damage|p2a: Aggron|3/100 brn\n|move|p1a: blobl|Matcha Gotcha|p2a: Aggron\n|-resisted|p2a: Aggron|1\n|-damage|p2a: Aggron|0 fnt\n|-heal|p1a: blobl|87/100|[from] drain|[of] p2a: Aggron\n|faint|p2a: Aggron\n|\n|win|lukelby\n|raw|lukelby's rating: 1125 &rarr; <strong>1147</strong><br />(+22 for winning)\n|raw|Jubbcicle's rating: 1081 &rarr; <strong>1062</strong><br />(-19 for losing)\n|l|\u2606Jubbcicle\n|player|p2|\n",
  "uploadtime": 1776011781,
  "views": 17,
  "formatid": "gen9championsvgc2026regma",
  "rating": 1062,
  "private": 0,
  "password": null
}