{
  "id": "gen9championsvgc2026regma-2582082718",
  "format": "[Gen 9 Champions] VGC 2026 Reg M-A",
  "players": [
    "mynamegrassgreen",
    "It'sJustKen VGC"
  ],
  "log": "|j|\u2606mynamegrassgreen\n|j|\u2606It'sJustKen VGC\n|t:|1776055680\n|gametype|doubles\n|player|p1|mynamegrassgreen|266|\n|player|p2|It'sJustKen VGC|265|\n|gen|9\n|tier|[Gen 9 Champions] VGC 2026 Reg M-A\n|rated|Tournament battle\n|rule|Species Clause: Limit one of each Pok\u00e9mon\n|rule|Item Clause: Limit 1 of each item\n|clearpoke\n|poke|p1|Kommo-o, L50, F|\n|poke|p1|Gengar, L50, M|\n|poke|p1|Whimsicott, L50, F|\n|poke|p1|Sinistcha-Masterpiece, L50|\n|poke|p1|Incineroar, L50, F|\n|poke|p1|Basculegion, L50, M|\n|poke|p2|Kingambit, L50, M|\n|poke|p2|Clefable, L50, M|\n|poke|p2|Chimecho, L50, F|\n|poke|p2|Golurk, L50|\n|poke|p2|Torkoal, L50, F|\n|poke|p2|Hawlucha, L50, M|\n|teampreview|4\n|inactive|Battle timer is ON: inactive players will automatically lose when time's up. (requested by It'sJustKen VGC)\n|j| Carrielis\n|c|\u2606It'sJustKen VGC|glhf\n|c|\u2606mynamegrassgreen|glhf\nmynamegrassgreen has agreed to open team sheets.\n|inactive|mynamegrassgreen has 60 seconds left.\n|c|\u2606It'sJustKen VGC|mish, this is a cts tour\n|c|\u2606It'sJustKen VGC|soz\n|\n|t:|1776055735\n|teamsize|p1|4\n|teamsize|p2|4\n|start\n|switch|p1a: Whimsicott|Whimsicott, L50, F|100/100\n|switch|p1b: Gengar|Gengar, L50, M|100/100\n|switch|p2a: Kingambit|Kingambit, L50, M|100/100\n|switch|p2b: Hawlucha|Hawlucha, L50, M|100/100\n|-ability|p2b: Hawlucha|Mold Breaker\n|turn|1\n|\n|t:|1776055744\n|detailschange|p2b: Hawlucha|Hawlucha-Mega, L50, M\n|-mega|p2b: Hawlucha|Hawlucha|Hawluchanite\n|detailschange|p1b: Gengar|Gengar-Mega, L50, M\n|-mega|p1b: Gengar|Gengar|Gengarite\n|move|p1a: Whimsicott|Protect|p1a: Whimsicott\n|-singleturn|p1a: Whimsicott|Protect\n|move|p1b: Gengar|Protect|p1b: Gengar\n|-singleturn|p1b: Gengar|Protect\n|move|p2b: Hawlucha|Entrainment|p2a: Kingambit\n|-ability|p2a: Kingambit|No Guard|Defiant|[from] move: Entrainment|[of] p2b: Hawlucha\n|move|p2a: Kingambit|Guillotine|p1a: Whimsicott\n|-activate|p1a: Whimsicott|move: Protect\n|\n|upkeep\n|turn|2\n|\n|t:|1776055756\n|move|p1a: Whimsicott|Encore|p2b: Hawlucha\n|-start|p2b: Hawlucha|Encore\n|move|p1b: Gengar|Disable|p2b: Hawlucha\n|-start|p2b: Hawlucha|Disable|Entrainment\n|cant|p2b: Hawlucha|Disable|Entrainment\n|move|p2a: Kingambit|Kowtow Cleave|p1b: Gengar\n|-supereffective|p1b: Gengar|1\n|-damage|p1b: Gengar|0 fnt\n|faint|p1b: Gengar\n|\n|upkeep\n|\n|t:|1776055765\n|switch|p1b: Kommo-o|Kommo-o, L50, F|100/100\n|turn|3\n|\n|t:|1776055774\n|switch|p2b: Clefable|Clefable, L50, M|100/100\n|move|p1a: Whimsicott|Protect|p1a: Whimsicott\n|-singleturn|p1a: Whimsicott|Protect\n|move|p2a: Kingambit|Protect|p2a: Kingambit\n|-singleturn|p2a: Kingambit|Protect\n|move|p1b: Kommo-o|Clangorous Soul|p1b: Kommo-o\n|-boost|p1b: Kommo-o|atk|1\n|-boost|p1b: Kommo-o|def|1\n|-boost|p1b: Kommo-o|spa|1\n|-boost|p1b: Kommo-o|spd|1\n|-boost|p1b: Kommo-o|spe|1\n|-damage|p1b: Kommo-o|68/100\n|\n|-heal|p1b: Kommo-o|74/100|[from] item: Leftovers\n|upkeep\n|turn|4\n|j| Thogi_\n|\n|t:|1776055782\n|switch|p1a: Sinistcha|Sinistcha-Masterpiece, L50|100/100\n|-heal|p1b: Kommo-o|99/100|[from] ability: Hospitality|[of] p1a: Sinistcha\n|move|p1b: Kommo-o|Protect|p1b: Kommo-o\n|-singleturn|p1b: Kommo-o|Protect\n|move|p2b: Clefable|Follow Me|p2b: Clefable\n|-singleturn|p2b: Clefable|move: Follow Me\n|move|p2a: Kingambit|Guillotine|p1b: Kommo-o\n|-activate|p1b: Kommo-o|move: Protect\n|\n|-heal|p1b: Kommo-o|100/100|[from] item: Leftovers\n|upkeep\n|turn|5\n|\n|t:|1776055799\n|move|p2b: Clefable|Protect|p2b: Clefable\n|-singleturn|p2b: Clefable|Protect\n|move|p2a: Kingambit|Protect|p2a: Kingambit\n|-singleturn|p2a: Kingambit|Protect\n|move|p1a: Sinistcha|Rage Powder|p1a: Sinistcha\n|-singleturn|p1a: Sinistcha|move: Rage Powder\n|move|p1b: Kommo-o|Aura Sphere|p2a: Kingambit\n|-activate|p2a: Kingambit|move: Protect\n|\n|upkeep\n|turn|6\n|l| Carrielis\n|j| Easy L's\n|j| mayheem\n|inactive|It'sJustKen VGC has 30 seconds left.\n|\n|t:|1776055826\n|move|p1b: Kommo-o|Protect|p1b: Kommo-o\n|-singleturn|p1b: Kommo-o|Protect\n|move|p2b: Clefable|Follow Me|p2b: Clefable\n|-singleturn|p2b: Clefable|move: Follow Me\n|move|p1a: Sinistcha|Matcha Gotcha|p2b: Clefable|[spread] p2a\n|-miss|p1a: Sinistcha|p2b: Clefable\n|-resisted|p2a: Kingambit|1\n|-damage|p2a: Kingambit|92/100\n|move|p2a: Kingambit|Kowtow Cleave|p1a: Sinistcha\n|-supereffective|p1a: Sinistcha|1\n|-damage|p1a: Sinistcha|39/100\n|-enditem|p1a: Sinistcha|Sitrus Berry|[eat]\n|-heal|p1a: Sinistcha|63/100|[from] item: Sitrus Berry\n|\n|upkeep\n|turn|7\n|j| Arksurit\n|\n|t:|1776055842\n|move|p2a: Kingambit|Protect|p2a: Kingambit\n|-singleturn|p2a: Kingambit|Protect\n|move|p1a: Sinistcha|Rage Powder|p1a: Sinistcha\n|-singleturn|p1a: Sinistcha|move: Rage Powder\n|move|p1b: Kommo-o|Clanging Scales|p2b: Clefable|[spread] \n|-activate|p2a: Kingambit|move: Protect\n|-immune|p2b: Clefable\n|move|p2b: Clefable|Moonblast|p1a: Sinistcha\n|-damage|p1a: Sinistcha|30/100\n|\n|upkeep\n|turn|8\n|j| syshj\n|-message|mynamegrassgreen forfeited.\n|\n|win|It'sJustKen VGC\n|n|\u2606mynamegrassgreen|mynamegrassgreen\n|n|\u2606It'sJustKen VGC|itsjustkenvgc\n|n| Thogi_|thogi\n|n| Easy L's|easyls\n|n| mayheem|mayheem\n|n| Arksurit|arksurit\n|n| syshj|syshj\n|c|\u2606mynamegrassgreen|ye lol\n|c|\u2606It'sJustKen VGC|gg wp\n|c|\u2606mynamegrassgreen|ggs\n|c|\u2606It'sJustKen VGC|lmao\n|l|\u2606mynamegrassgreen\n|player|p1|\n|l| Easy L's\n",
  "uploadtime": 1776055861,
  "views": 11,
  "formatid": "gen9championsvgc2026regma",
  "rating": null,
  "private": 0,
  "password": null
}