{
  "id": "gen9championsvgc2026regma-2581476592",
  "format": "[Gen 9 Champions] VGC 2026 Reg M-A",
  "players": [
    "PPYYY",
    "Flipsicle"
  ],
  "log": "|j|\u2606PPYYY\n|j|\u2606Flipsicle\n|t:|1776004072\n|gametype|doubles\n|player|p1|PPYYY|miku-water|\n|player|p2|Flipsicle|elesa-masters|\n|gen|9\n|tier|[Gen 9 Champions] VGC 2026 Reg M-A\n|rated|Tournament battle\n|rule|Species Clause: Limit one of each Pok\u00e9mon\n|rule|Item Clause: Limit 1 of each item\n|clearpoke\n|poke|p1|Corviknight, L50, F|\n|poke|p1|Tyranitar, L50, F|\n|poke|p1|Garchomp, L50, F|\n|poke|p1|Delphox, L50, F|\n|poke|p1|Rotom-Wash, L50|\n|poke|p1|Sinistcha, L50|\n|poke|p2|Garchomp, L50, F|\n|poke|p2|Kingambit, L50, F|\n|poke|p2|Primarina, L50, M|\n|poke|p2|Sneasler, L50, M|\n|poke|p2|Dragonite, L50, M|\n|poke|p2|Scovillain, L50, F|\n|teampreview|4\nFlipsicle rejected open team sheets.\n|inactive|Battle timer is ON: inactive players will automatically lose when time's up. (requested by Flipsicle)\n|c|\u2606Flipsicle|glhf\n|c|\u2606PPYYY|u2\n|inactive|PPYYY has 60 seconds left.\n|inactive|Flipsicle has 60 seconds left.\n|\n|t:|1776004141\n|teamsize|p1|4\n|teamsize|p2|4\n|start\n|switch|p1a: Tyranitar|Tyranitar, L50, F|100/100\n|switch|p1b: Garchomp|Garchomp, L50, F|100/100\n|switch|p2a: Scovillain|Scovillain, L50, F|100/100\n|switch|p2b: Kingambit|Kingambit, L50, F|100/100\n|-weather|Sandstorm|[from] ability: Sand Stream|[of] p1a: Tyranitar\n|turn|1\n|c|\u2606PPYYY|why is bro locked lol\n|inactive|Flipsicle has 30 seconds left.\n|c|\u2606Flipsicle|who is\n|\n|t:|1776004176\n|detailschange|p2a: Scovillain|Scovillain-Mega, L50, F\n|-mega|p2a: Scovillain|Scovillain|Scovillainite\n|move|p2b: Kingambit|Protect|p2b: Kingambit\n|-singleturn|p2b: Kingambit|Protect\n|move|p1a: Tyranitar|Rock Slide|p2b: Kingambit|[spread] p2a\n|-activate|p2b: Kingambit|move: Protect\n|-supereffective|p2a: Scovillain|1\n|-damage|p2a: Scovillain|36/100\n|-status|p1a: Tyranitar|brn|[from] ability: Spicy Spray|[of] p2a: Scovillain\n|move|p1b: Garchomp|Substitute|p1b: Garchomp\n|-start|p1b: Garchomp|Substitute\n|-damage|p1b: Garchomp|76/100\n|move|p2a: Scovillain|Energy Ball|p1b: Garchomp\n|-end|p1b: Garchomp|Substitute\n|\n|-weather|Sandstorm|[upkeep]\n|-damage|p2a: Scovillain|30/100|[from] Sandstorm\n|-damage|p1a: Tyranitar|95/100 brn|[from] brn\n|upkeep\n|turn|2\n|c|\u2606PPYYY|wizz\n|\n|t:|1776004196\n|switch|p2a: Sneasler|Sneasler, L50, M|100/100\n|move|p1a: Tyranitar|Rock Slide|p2a: Sneasler|[spread] p2b\n|-miss|p1a: Tyranitar|p2a: Sneasler\n|-resisted|p2b: Kingambit|1\n|-damage|p2b: Kingambit|95/100\n|move|p1b: Garchomp|Substitute|p1b: Garchomp\n|-start|p1b: Garchomp|Substitute\n|-damage|p1b: Garchomp|51/100\n|move|p2b: Kingambit|Swords Dance|p2b: Kingambit\n|-boost|p2b: Kingambit|atk|2\n|\n|-weather|Sandstorm|[upkeep]\n|-damage|p2a: Sneasler|95/100|[from] Sandstorm\n|-damage|p1a: Tyranitar|89/100 brn|[from] brn\n|upkeep\n|turn|3\n|\n|t:|1776004213\n|move|p2b: Kingambit|Sucker Punch|p1b: Garchomp\n|-end|p1b: Garchomp|Substitute\n|move|p2a: Sneasler|Close Combat|p1b: Garchomp|[miss]\n|-miss|p2a: Sneasler|p1b: Garchomp\n|move|p1a: Tyranitar|Rock Slide|p2b: Kingambit|[spread] p2a,p2b\n|-resisted|p2a: Sneasler|1\n|-resisted|p2b: Kingambit|1\n|-damage|p2a: Sneasler|82/100\n|-damage|p2b: Kingambit|89/100\n|move|p1b: Garchomp|Earthquake|p2a: Sneasler|[spread] p1a,p2a,p2b\n|-supereffective|p1a: Tyranitar|1\n|-supereffective|p2a: Sneasler|1\n|-supereffective|p2b: Kingambit|1\n|-damage|p1a: Tyranitar|14/100 brn\n|-damage|p2a: Sneasler|0 fnt\n|-damage|p2b: Kingambit|34/100\n|faint|p2a: Sneasler\n|\n|-weather|Sandstorm|[upkeep]\n|-damage|p1a: Tyranitar|8/100 brn|[from] brn\n|upkeep\n|c|\u2606Flipsicle|oh god\n|\n|t:|1776004234\n|switch|p2a: Dragonite|Dragonite, L50, M|100/100\n|turn|4\n|\n|t:|1776004252\n|move|p2b: Kingambit|Sucker Punch|p1a: Tyranitar\n|-resisted|p1a: Tyranitar|1\n|-damage|p1a: Tyranitar|0 fnt\n|faint|p1a: Tyranitar\n|move|p2a: Dragonite|Scale Shot|p1b: Garchomp\n|-supereffective|p1b: Garchomp|1\n|-damage|p1b: Garchomp|25/100\n|-supereffective|p1b: Garchomp|1\n|-damage|p1b: Garchomp|0 fnt\n|faint|p1b: Garchomp\n|-hitcount|p1: Garchomp|2\n|-unboost|p2a: Dragonite|def|1\n|-boost|p2a: Dragonite|spe|1\n|-enditem|p2a: Dragonite|White Herb\n|-clearnegativeboost|p2a: Dragonite|[silent]\n|\n|-weather|Sandstorm|[upkeep]\n|-damage|p2a: Dragonite|95/100|[from] Sandstorm\n|upkeep\n|\n|t:|1776004263\n|switch|p1a: Delphox|Delphox, L50, F|100/100\n|switch|p1b: Sinistcha|Sinistcha, L50|100/100\n|turn|5\n|\n|t:|1776004283\n|detailschange|p1a: Delphox|Delphox-Mega, L50, F\n|-mega|p1a: Delphox|Delphox|Delphoxite\n|move|p2b: Kingambit|Protect|p2b: Kingambit\n|-singleturn|p2b: Kingambit|Protect\n|move|p1b: Sinistcha|Rage Powder|p1b: Sinistcha\n|-singleturn|p1b: Sinistcha|move: Rage Powder\n|move|p1a: Delphox|Psychic|p2a: Dragonite\n|-damage|p2a: Dragonite|39/100\n|move|p2a: Dragonite|Scale Shot|p1b: Sinistcha\n|-damage|p1b: Sinistcha|89/100\n|-damage|p1b: Sinistcha|75/100\n|-damage|p1b: Sinistcha|63/100\n|-hitcount|p1b: Sinistcha|3\n|-unboost|p2a: Dragonite|def|1\n|-boost|p2a: Dragonite|spe|1\n|\n|-weather|none\n|upkeep\n|turn|6\n|\n|t:|1776004304\n|move|p1b: Sinistcha|Rage Powder|p1b: Sinistcha\n|-singleturn|p1b: Sinistcha|move: Rage Powder\n|move|p2a: Dragonite|Scale Shot|p1b: Sinistcha|[miss]\n|-miss|p2a: Dragonite|p1b: Sinistcha\n|move|p1a: Delphox|Heat Wave|p2b: Kingambit|[spread] p2a\n|-miss|p1a: Delphox|p2b: Kingambit\n|-resisted|p2a: Dragonite|1\n|-crit|p2a: Dragonite\n|-damage|p2a: Dragonite|7/100\n|-status|p2a: Dragonite|brn\n|move|p2b: Kingambit|Iron Head|p1b: Sinistcha\n|-damage|p1b: Sinistcha|0 fnt\n|faint|p1b: Sinistcha\n|\n|-damage|p2a: Dragonite|1/100 brn|[from] brn\n|upkeep\n|turn|7\n|\n|t:|1776004319\n|move|p1a: Delphox|Protect|p1a: Delphox\n|-singleturn|p1a: Delphox|Protect\n|move|p2a: Dragonite|Extreme Speed|p1a: Delphox\n|-activate|p1a: Delphox|move: Protect\n|move|p2b: Kingambit|Sucker Punch||[still]\n|-fail|p2b: Kingambit\n|\n|-damage|p2a: Dragonite|0 fnt|[from] brn\n|faint|p2a: Dragonite\n|upkeep\n|\n|t:|1776004322\n|switch|p2a: Scovillain|Scovillain-Mega, L50, F|30/100\n|turn|8\n|\n|t:|1776004330\n|move|p2b: Kingambit|Sucker Punch||[still]\n|-fail|p2b: Kingambit\n|move|p1a: Delphox|Substitute|p1a: Delphox\n|-start|p1a: Delphox|Substitute\n|-damage|p1a: Delphox|75/100\n|move|p2a: Scovillain|Energy Ball|p1a: Delphox\n|-resisted|p1a: Delphox|1\n|-activate|p1a: Delphox|move: Substitute|[damage]\n|\n|upkeep\n|turn|9\n|\n|t:|1776004351\n|move|p2b: Kingambit|Sucker Punch|p1a: Delphox\n|-supereffective|p1a: Delphox|1\n|-end|p1a: Delphox|Substitute\n|move|p1a: Delphox|Heat Wave|p2b: Kingambit|[spread] p2b\n|-miss|p1a: Delphox|p2a: Scovillain\n|-supereffective|p2b: Kingambit|1\n|-crit|p2b: Kingambit\n|-damage|p2b: Kingambit|0 fnt\n|faint|p2b: Kingambit\n|move|p2a: Scovillain|Energy Ball|p1a: Delphox\n|-resisted|p1a: Delphox|1\n|-damage|p1a: Delphox|56/100\n|\n|upkeep\n|turn|10\n|c|\u2606PPYYY|gg\n|\n|t:|1776004358\n|move|p1a: Delphox|Psychic|p2a: Scovillain\n|-damage|p2a: Scovillain|0 fnt\n|-immune|p1a: Delphox\n|faint|p2a: Scovillain\n|\n|win|PPYYY\n|n|\u2606PPYYY|ppyyy\n|n|\u2606Flipsicle|flipsicle\n|c|\u2606Flipsicle|gg\n|l|\u2606Flipsicle\n|player|p2|\n",
  "uploadtime": 1776004379,
  "views": 17,
  "formatid": "gen9championsvgc2026regma",
  "rating": null,
  "private": 0,
  "password": null
}