{
  "id": "gen9championsvgc2026regma-2585126871",
  "format": "[Gen 9 Champions] VGC 2026 Reg M-A",
  "players": [
    "coummmfpk",
    "yanyuansisi"
  ],
  "log": "|j|\u2606coummmfpk\n|j|\u2606yanyuansisi\n|t:|1776314936\n|gametype|doubles\n|player|p1|coummmfpk|flannery|1408\n|player|p2|yanyuansisi|1|1428\n|gen|9\n|tier|[Gen 9 Champions] VGC 2026 Reg M-A\n|rated|\n|rule|Species Clause: Limit one of each Pok\u00e9mon\n|rule|Item Clause: Limit 1 of each item\n|clearpoke\n|poke|p1|Volcarona, L50, M|\n|poke|p1|Gyarados, L50, M|\n|poke|p1|Lucario, L50, M|\n|poke|p1|Garchomp, L50, M|\n|poke|p1|Meowscarada, L50, F|\n|poke|p1|Dragonite, L50, M|\n|poke|p2|Starmie, L50|\n|poke|p2|Sneasler, L50, F|\n|poke|p2|Kingambit, L50, F|\n|poke|p2|Incineroar, L50, F|\n|poke|p2|Sylveon, L50, M|\n|poke|p2|Sinistcha-Masterpiece, L50|\n|teampreview|4\n|inactive|Battle timer is ON: inactive players will automatically lose when time's up. (requested by yanyuansisi)\n|\n|t:|1776314992\n|teamsize|p1|4\n|teamsize|p2|4\n|start\n|switch|p1a: Meowscarada|Meowscarada, L50, F|100/100\n|switch|p1b: Dragonite|Dragonite, L50, M|100/100\n|switch|p2a: Starmie|Starmie, L50|100/100\n|switch|p2b: Sneasler|Sneasler, L50, F|100/100\n|turn|1\n|inactive|yanyuansisi has 30 seconds left.\n|inactive|yanyuansisi has 20 seconds left.\n|\n|t:|1776315029\n|detailschange|p2a: Starmie|Starmie-Mega, L50\n|-mega|p2a: Starmie|Starmie|Starminite\n|move|p1a: Meowscarada|Protect|p1a: Meowscarada\n|-singleturn|p1a: Meowscarada|Protect\n|move|p2b: Sneasler|Fake Out|p1a: Meowscarada\n|-activate|p1a: Meowscarada|move: Protect\n|move|p2a: Starmie|Zen Headbutt|p1b: Dragonite\n|-damage|p1b: Dragonite|22/100\n|move|p1b: Dragonite|Tailwind|p1b: Dragonite\n|-sidestart|p1: coummmfpk|move: Tailwind\n|\n|upkeep\n|turn|2\n|j| 02xygen_\n|\n|t:|1776315052\n|move|p2a: Starmie|Protect|p2a: Starmie\n|-singleturn|p2a: Starmie|Protect\n|move|p1a: Meowscarada|Flower Trick|p2b: Sneasler\n|-resisted|p2b: Sneasler|1\n|-crit|p2b: Sneasler\n|-damage|p2b: Sneasler|56/100\n|move|p1b: Dragonite|Draco Meteor|p2b: Sneasler\n|-damage|p2b: Sneasler|0 fnt\n|-unboost|p1b: Dragonite|spa|2\n|faint|p2b: Sneasler\n|\n|upkeep\n|\n|t:|1776315067\n|switch|p2b: Sylveon|Sylveon, L50, M|100/100\n|turn|3\n|\n|t:|1776315079\n|switch|p1b: Volcarona|Volcarona, L50, M|100/100\n|switch|p2a: Sinistcha|Sinistcha-Masterpiece, L50|100/100\n|move|p1a: Meowscarada|Flower Trick|p2a: Sinistcha\n|-resisted|p2a: Sinistcha|1\n|-crit|p2a: Sinistcha\n|-damage|p2a: Sinistcha|80/100\n|move|p2b: Sylveon|Hyper Voice|p1b: Volcarona|[spread] p1a,p1b\n|-supereffective|p1a: Meowscarada|1\n|-resisted|p1b: Volcarona|1\n|-enditem|p1a: Meowscarada|Focus Sash\n|-damage|p1a: Meowscarada|1/100\n|-damage|p1b: Volcarona|78/100\n|\n|-heal|p2a: Sinistcha|86/100|[from] item: Leftovers\n|upkeep\n|turn|4\n|l|\u2606yanyuansisi\n|inactive|yanyuansisi disconnected and has a minute to reconnect!\n|player|p2|\n|inactive|yanyuansisi has 30 seconds left.\n|j|\u2606yanyuansisi\n|inactive|yanyuansisi reconnected and has 25 seconds left.\n|player|p2|yanyuansisi|1|\n|inactive|yanyuansisi has 20 seconds left.\n|inactive|yanyuansisi has 15 seconds left.\n|inactive|yanyuansisi has 10 seconds left.\n|\n|t:|1776315124\n|move|p1a: Meowscarada|Taunt|p2a: Sinistcha\n|-start|p2a: Sinistcha|move: Taunt\n|move|p1b: Volcarona|Struggle Bug|p2a: Sinistcha|[spread] p2a,p2b\n|-resisted|p2b: Sylveon|1\n|-damage|p2a: Sinistcha|70/100\n|-damage|p2b: Sylveon|94/100\n|-unboost|p2a: Sinistcha|spa|1\n|-unboost|p2b: Sylveon|spa|1\n|move|p2b: Sylveon|Hyper Voice|p1b: Volcarona|[spread] p1a,p1b\n|-supereffective|p1a: Meowscarada|1\n|-resisted|p1b: Volcarona|1\n|-damage|p1a: Meowscarada|0 fnt\n|-damage|p1b: Volcarona|62/100\n|faint|p1a: Meowscarada\n|cant|p2a: Sinistcha|move: Taunt|Trick Room\n|\n|-heal|p2a: Sinistcha|76/100|[from] item: Leftovers\n|-sideend|p1: coummmfpk|move: Tailwind\n|upkeep\n|\n|t:|1776315140\n|switch|p1a: Gyarados|Gyarados, L50, M|100/100\n|-ability|p1a: Gyarados|Intimidate|boost\n|-unboost|p2a: Sinistcha|atk|1\n|-unboost|p2b: Sylveon|atk|1\n|turn|5\n|inactive|yanyuansisi has 30 seconds left.\n|\n|t:|1776315167\n|move|p1b: Volcarona|Struggle Bug|p2b: Sylveon|[spread] p2a,p2b\n|-resisted|p2b: Sylveon|1\n|-damage|p2a: Sinistcha|59/100\n|-damage|p2b: Sylveon|87/100\n|-unboost|p2a: Sinistcha|spa|1\n|-unboost|p2b: Sylveon|spa|1\n|move|p1a: Gyarados|Dragon Dance|p1a: Gyarados\n|-boost|p1a: Gyarados|atk|1\n|-boost|p1a: Gyarados|spe|1\n|move|p2a: Sinistcha|Shadow Ball|p1a: Gyarados\n|-damage|p1a: Gyarados|87/100\n|move|p2b: Sylveon|Hyper Voice|p1a: Gyarados|[spread] p1a,p1b\n|-resisted|p1b: Volcarona|1\n|-damage|p1a: Gyarados|66/100\n|-damage|p1b: Volcarona|50/100\n|\n|-heal|p2a: Sinistcha|65/100|[from] item: Leftovers\n|upkeep\n|turn|6\n|inactive|coummmfpk has 30 seconds left.\n|inactive|yanyuansisi has 30 seconds left.\n|\n|t:|1776315193\n|move|p1a: Gyarados|Crunch|p2a: Sinistcha\n|-supereffective|p2a: Sinistcha|1\n|-damage|p2a: Sinistcha|0 fnt\n|faint|p2a: Sinistcha\n|move|p1b: Volcarona|Heat Wave|p2b: Sylveon|[miss]\n|-miss|p1b: Volcarona|p2b: Sylveon\n|move|p2b: Sylveon|Hyper Voice|p1b: Volcarona|[spread] p1a,p1b\n|-crit|p1a: Gyarados\n|-resisted|p1b: Volcarona|1\n|-damage|p1a: Gyarados|7/100\n|-damage|p1b: Volcarona|40/100\n|\n|upkeep\n|\n|t:|1776315204\n|switch|p2a: Starmie|Starmie-Mega, L50|100/100\n|turn|7\n|j| Kartana67\n|inactive|coummmfpk has 30 seconds left.\n|\n|t:|1776315238\n|detailschange|p1a: Gyarados|Gyarados-Mega, L50, M\n|-mega|p1a: Gyarados|Gyarados|Gyaradosite\n|-ability|p1a: Gyarados|Mold Breaker\n|move|p2a: Starmie|Protect|p2a: Starmie\n|-singleturn|p2a: Starmie|Protect\n|move|p1b: Volcarona|Rage Powder|p1b: Volcarona\n|-singleturn|p1b: Volcarona|move: Rage Powder\n|move|p1a: Gyarados|Waterfall|p2b: Sylveon\n|-damage|p2b: Sylveon|16/100\n|cant|p2b: Sylveon|flinch\n|\n|upkeep\n|turn|8\n|\n|t:|1776315259\n|move|p2b: Sylveon|Protect|p2b: Sylveon\n|-singleturn|p2b: Sylveon|Protect\n|move|p1a: Gyarados|Crunch|p2a: Starmie\n|-supereffective|p2a: Starmie|1\n|-damage|p2a: Starmie|0 fnt\n|faint|p2a: Starmie\n|move|p1b: Volcarona|Heat Wave|p2b: Sylveon\n|-activate|p2b: Sylveon|move: Protect\n|\n|upkeep\n|turn|9\n|-message|yanyuansisi forfeited.\n|\n|win|coummmfpk\n|raw|coummmfpk's rating: 1408 &rarr; <strong>1429</strong><br />(+21 for winning)\n|raw|yanyuansisi's rating: 1428 &rarr; <strong>1407</strong><br />(-21 for losing)\n|l|\u2606yanyuansisi\n|player|p2|\n|l|\u2606coummmfpk\n|player|p1|\n|l| 02xygen_\n|l| Kartana67\n",
  "uploadtime": 1776315596,
  "views": 36,
  "formatid": "gen9championsvgc2026regma",
  "rating": 1407,
  "private": 0,
  "password": null
}