{
  "id": "gen9championsvgc2026regma-2588554255",
  "format": "[Gen 9 Champions] VGC 2026 Reg M-A",
  "players": [
    "FatCheesyPants",
    "Better Luck VGC"
  ],
  "log": "|j|\u2606FatCheesyPants\n|j|\u2606Better Luck VGC\n|t:|1776644430\n|gametype|doubles\n|player|p1|FatCheesyPants|pokemaniac|1148\n|player|p2|Better Luck VGC|caitlin|1131\n|gen|9\n|tier|[Gen 9 Champions] VGC 2026 Reg M-A\n|rated|\n|rule|Species Clause: Limit one of each Pok\u00e9mon\n|rule|Item Clause: Limit 1 of each item\n|clearpoke\n|poke|p1|Farigiraf, L50, F|\n|poke|p1|Heracross, L50, F|\n|poke|p1|Hydreigon, L50, M|\n|poke|p1|Rotom-Wash, L50|\n|poke|p1|Goodra-Hisui, L50, F|\n|poke|p1|Meganium, L50, M|\n|poke|p2|Meganium, L50, M|\n|poke|p2|Tyranitar, L50, M|\n|poke|p2|Sinistcha, L50|\n|poke|p2|Basculegion, L50, M|\n|poke|p2|Incineroar, L50, F|\n|poke|p2|Aerodactyl, L50, F|\n|teampreview|4\n|inactive|Battle timer is ON: inactive players will automatically lose when time's up. (requested by Better Luck VGC)\n|\n|t:|1776644458\n|teamsize|p1|4\n|teamsize|p2|4\n|start\n|switch|p1a: Farigiraf|Farigiraf, L50, F|100/100\n|switch|p1b: Rotom|Rotom-Wash, L50|100/100\n|switch|p2a: Cecilily|Meganium, L50, M|100/100\n|switch|p2b: Incineroar|Incineroar, L50, F|100/100\n|-ability|p2b: Incineroar|Intimidate|boost\n|-unboost|p1a: Farigiraf|atk|1\n|-unboost|p1b: Rotom|atk|1\n|turn|1\n|inactive|Better Luck VGC has 30 seconds left.\n|inactive|Better Luck VGC has 20 seconds left.\n|inactive|Better Luck VGC has 15 seconds left.\n|inactive|Better Luck VGC has 10 seconds left.\n|\n|t:|1776644503\n|move|p1b: Rotom|Volt Switch|p2a: Cecilily\n|-resisted|p2a: Cecilily|1\n|-damage|p2a: Cecilily|84/100\n|\n|t:|1776644507\n|switch|p1b: Heracross|Heracross, L50, F|100/100|[from] Volt Switch\n|move|p2a: Cecilily|Solar Beam||[still]\n|-prepare|p2a: Cecilily|Solar Beam\n|move|p2b: Incineroar|Parting Shot|p1a: Farigiraf\n|-unboost|p1a: Farigiraf|atk|1\n|-unboost|p1a: Farigiraf|spa|1\n|\n|t:|1776644517\n|switch|p2b: Sinistcha|Sinistcha, L50|100/100|[from] Parting Shot\n|-heal|p2a: Cecilily|100/100|[from] ability: Hospitality|[of] p2b: Sinistcha\n|move|p1a: Farigiraf|Trick Room|p1a: Farigiraf\n|-fieldstart|move: Trick Room|[of] p1a: Farigiraf\n|\n|upkeep\n|turn|2\n|\n|t:|1776644534\n|detailschange|p1b: Heracross|Heracross-Mega, L50, F\n|-mega|p1b: Heracross|Heracross|Heracronite\n|move|p2b: Sinistcha|Rage Powder|p2b: Sinistcha\n|-singleturn|p2b: Sinistcha|move: Rage Powder\n|move|p1a: Farigiraf|Psychic|p2b: Sinistcha\n|-damage|p2b: Sinistcha|75/100\n|move|p1b: Heracross|Pin Missile|p2b: Sinistcha\n|-damage|p2b: Sinistcha|58/100\n|-damage|p2b: Sinistcha|42/100\n|-enditem|p2b: Sinistcha|Sitrus Berry|[eat]\n|-heal|p2b: Sinistcha|67/100|[from] item: Sitrus Berry\n|-damage|p2b: Sinistcha|50/100\n|-damage|p2b: Sinistcha|33/100\n|-damage|p2b: Sinistcha|18/100\n|-hitcount|p2b: Sinistcha|5\n|move|p2a: Cecilily|Solar Beam|p1b: Heracross|[from] lockedmove\n|-resisted|p1b: Heracross|1\n|-damage|p1b: Heracross|79/100\n|\n|upkeep\n|turn|3\n|inactive|FatCheesyPants has 30 seconds left.\n|inactive|Better Luck VGC has 30 seconds left.\n|\n|t:|1776644573\n|switch|p2b: Incineroar|Incineroar, L50, F|100/100\n|-ability|p2b: Incineroar|Intimidate|boost\n|-unboost|p1a: Farigiraf|atk|1\n|-unboost|p1b: Heracross|atk|1\n|switch|p1b: Rotom|Rotom-Wash, L50|100/100\n|detailschange|p2a: Cecilily|Meganium-Mega, L50, M\n|-mega|p2a: Cecilily|Meganium|Meganiumite\n|move|p1a: Farigiraf|Psychic|p2b: Incineroar\n|-immune|p2b: Incineroar\n|move|p2a: Cecilily|Dazzling Gleam|p1a: Farigiraf|[spread] p1a,p1b\n|-damage|p1a: Farigiraf|69/100\n|-damage|p1b: Rotom|48/100\n|\n|upkeep\n|turn|4\n|inactive|Better Luck VGC has 30 seconds left.\n|\n|t:|1776644599\n|move|p1a: Farigiraf|Hyper Voice|p2b: Incineroar|[spread] p2a,p2b\n|-damage|p2a: Cecilily|83/100\n|-damage|p2b: Incineroar|85/100\n|move|p2b: Incineroar|Flare Blitz|p1a: Farigiraf\n|-damage|p1a: Farigiraf|19/100\n|-enditem|p1a: Farigiraf|Sitrus Berry|[eat]\n|-heal|p1a: Farigiraf|44/100|[from] item: Sitrus Berry\n|-damage|p2b: Incineroar|68/100|[from] Recoil\n|move|p2a: Cecilily|Dazzling Gleam|p1b: Rotom|[spread] p1a,p1b\n|-crit|p1b: Rotom\n|-damage|p1a: Farigiraf|10/100\n|-damage|p1b: Rotom|0 fnt\n|faint|p1b: Rotom\n|\n|upkeep\n|\n|t:|1776644611\n|switch|p1b: Heracross|Heracross-Mega, L50, F|79/100\n|turn|5\n|\n|t:|1776644626\n|switch|p1a: Goodra|Goodra-Hisui, L50, F|100/100\n|switch|p2b: Sinistcha|Sinistcha, L50|18/100\n|-heal|p2a: Cecilily|100/100|[from] ability: Hospitality|[of] p2b: Sinistcha\n|move|p1b: Heracross|Pin Missile|p2a: Cecilily\n|-damage|p2a: Cecilily|83/100\n|-damage|p2a: Cecilily|66/100\n|-crit|p2a: Cecilily\n|-damage|p2a: Cecilily|39/100\n|-damage|p2a: Cecilily|22/100\n|-damage|p2a: Cecilily|4/100\n|-hitcount|p2a: Cecilily|5\n|move|p2a: Cecilily|Dazzling Gleam|p1b: Heracross|[spread] p1a,p1b\n|-supereffective|p1b: Heracross|1\n|-damage|p1a: Goodra|72/100\n|-damage|p1b: Heracross|9/100\n|\n|-heal|p1a: Goodra|78/100|[from] item: Leftovers\n|-fieldend|move: Trick Room\n|upkeep\n|turn|6\n|inactive|Better Luck VGC has 30 seconds left.\n|inactive|Better Luck VGC has 20 seconds left.\n|\n|t:|1776644662\n|switch|p2b: Incineroar|Incineroar, L50, F|68/100\n|-ability|p2b: Incineroar|Intimidate|boost\n|-unboost|p1a: Goodra|atk|1\n|-unboost|p1b: Heracross|atk|1\n|move|p1b: Heracross|Protect|p1b: Heracross\n|-singleturn|p1b: Heracross|Protect\n|move|p2a: Cecilily|Dazzling Gleam|p1b: Heracross|[spread] p1a\n|-activate|p1b: Heracross|move: Protect\n|-damage|p1a: Goodra|49/100\n|move|p1a: Goodra|Flamethrower|p2a: Cecilily\n|-supereffective|p2a: Cecilily|1\n|-damage|p2a: Cecilily|0 fnt\n|faint|p2a: Cecilily\n|\n|-heal|p1a: Goodra|55/100|[from] item: Leftovers\n|upkeep\n|\n|t:|1776644676\n|switch|p2a: Sinistcha|Sinistcha, L50|18/100\n|-heal|p2b: Incineroar|93/100|[from] ability: Hospitality|[of] p2a: Sinistcha\n|turn|7\n|inactive|Better Luck VGC has 30 seconds left.\n|\n|t:|1776644708\n|switch|p1b: Farigiraf|Farigiraf, L50, F|10/100\n|move|p2a: Sinistcha|Matcha Gotcha|p1b: Farigiraf|[spread] p1a,p1b\n|-resisted|p1a: Goodra|2\n|-damage|p1a: Goodra|50/100\n|-heal|p2a: Sinistcha|20/100|[from] drain|[of] p1a: Goodra\n|-damage|p1b: Farigiraf|0 fnt\n|-heal|p2a: Sinistcha|26/100|[from] drain|[of] p1b: Farigiraf\n|-status|p1a: Goodra|brn\n|faint|p1b: Farigiraf\n|move|p2b: Incineroar|Flare Blitz|p1a: Goodra\n|-damage|p1a: Goodra|2/100 brn\n|-damage|p2b: Incineroar|79/100|[from] Recoil\n|move|p1a: Goodra|Flamethrower|p2a: Sinistcha\n|-supereffective|p2a: Sinistcha|1\n|-damage|p2a: Sinistcha|0 fnt\n|faint|p2a: Sinistcha\n|\n|-heal|p1a: Goodra|8/100 brn|[from] item: Leftovers\n|-damage|p1a: Goodra|2/100 brn|[from] brn\n|upkeep\n|\n|t:|1776644729\n|switch|p2a: Tyranitar|Tyranitar, L50, M|100/100\n|switch|p1b: Heracross|Heracross-Mega, L50, F|9/100\n|-weather|Sandstorm|[from] ability: Sand Stream|[of] p2a: Tyranitar\n|turn|8\n|\n|t:|1776644750\n|move|p2a: Tyranitar|Crunch|p1b: Heracross\n|-resisted|p1b: Heracross|1\n|-damage|p1b: Heracross|0 fnt\n|faint|p1b: Heracross\n|move|p2b: Incineroar|Flare Blitz|p1a: Goodra\n|-damage|p1a: Goodra|0 fnt\n|faint|p1a: Goodra\n|-damage|p2b: Incineroar|79/100|[from] Recoil\n|\n|win|Better Luck VGC\n|raw|FatCheesyPants's rating: 1148 &rarr; <strong>1122</strong><br />(-26 for losing)\n|raw|Better Luck VGC's rating: 1131 &rarr; <strong>1157</strong><br />(+26 for winning)\n",
  "uploadtime": 1776644750,
  "views": 6,
  "formatid": "gen9championsvgc2026regma",
  "rating": 1122,
  "private": 0,
  "password": null
}