{
  "id": "gen9championsvgc2026regma-2583133022",
  "format": "[Gen 9 Champions] VGC 2026 Reg M-A",
  "players": [
    "GTBstoner",
    "Missed Ledgedash"
  ],
  "log": "|j|\u2606GTBstoner\n|j|\u2606Missed Ledgedash\n|t:|1776145994\n|gametype|doubles\n|player|p1|GTBstoner|n|1174\n|player|p2|Missed Ledgedash|juan-gen3|1183\n|gen|9\n|tier|[Gen 9 Champions] VGC 2026 Reg M-A\n|rated|\n|rule|Species Clause: Limit one of each Pok\u00e9mon\n|rule|Item Clause: Limit 1 of each item\n|clearpoke\n|poke|p1|Sableye, L50, F|\n|poke|p1|Basculegion-F, L50, F|\n|poke|p1|Scovillain, L50, M|\n|poke|p1|Aerodactyl, L50, M|\n|poke|p1|Kingambit, L50, M|\n|poke|p1|Sneasler, L50, F|\n|poke|p2|Incineroar, L50, F|\n|poke|p2|Gengar, L50, M|\n|poke|p2|Sneasler, L50, M|\n|poke|p2|Tyranitar, L50, M|\n|poke|p2|Sinistcha, L50|\n|poke|p2|Rotom-Wash, L50|\n|teampreview|4\n|\n|t:|1776146023\n|teamsize|p1|4\n|teamsize|p2|4\n|start\n|switch|p1a: Sableye|Sableye, L50, F, shiny|100/100\n|switch|p1b: Basculegion|Basculegion-F, L50, F, shiny|100/100\n|switch|p2a: Gengar|Gengar, L50, M|100/100\n|switch|p2b: Sneasler|Sneasler, L50, M|100/100\n|turn|1\n|inactive|Battle timer is ON: inactive players will automatically lose when time's up. (requested by GTBstoner)\n|\n|t:|1776146040\n|switch|p2b: Rotom|Rotom-Wash, L50|100/100\n|detailschange|p2a: Gengar|Gengar-Mega, L50, M\n|-mega|p2a: Gengar|Gengar|Gengarite\n|move|p1a: Sableye|Thunder Wave|p2a: Gengar\n|-status|p2a: Gengar|par\n|move|p1b: Basculegion|Hex|p2a: Gengar\n|-supereffective|p2a: Gengar|1\n|-damage|p2a: Gengar|0 fnt\n|faint|p2a: Gengar\n|\n|upkeep\n|\n|t:|1776146050\n|switch|p2a: Tyranitar|Tyranitar, L50, M|100/100\n|-weather|Sandstorm|[from] ability: Sand Stream|[of] p2a: Tyranitar\n|turn|2\n|\n|t:|1776146063\n|switch|p1b: Kingambit|Kingambit, L50, M, shiny|100/100\n|move|p1a: Sableye|Will-O-Wisp|p2b: Rotom\n|-status|p2b: Rotom|brn\n|move|p2b: Rotom|Thunderbolt|p1b: Kingambit\n|-damage|p1b: Kingambit|54/100\n|move|p2a: Tyranitar|Rock Slide|p1b: Kingambit|[spread] p1b\n|-miss|p2a: Tyranitar|p1a: Sableye\n|-resisted|p1b: Kingambit|1\n|-damage|p1b: Kingambit|41/100\n|\n|-weather|Sandstorm|[upkeep]\n|-damage|p2b: Rotom|95/100 brn|[from] Sandstorm\n|-damage|p1a: Sableye|95/100|[from] Sandstorm\n|-damage|p2b: Rotom|89/100 brn|[from] brn\n|upkeep\n|turn|3\n|\n|t:|1776146078\n|move|p1a: Sableye|Disable|p2b: Rotom\n|-start|p2b: Rotom|Disable|Thunderbolt\n|cant|p2b: Rotom|Disable|Thunderbolt\n|move|p2a: Tyranitar|Low Kick|p1b: Kingambit\n|-supereffective|p1b: Kingambit|2\n|-damage|p1b: Kingambit|0 fnt\n|faint|p1b: Kingambit\n|\n|-weather|Sandstorm|[upkeep]\n|-damage|p2b: Rotom|83/100 brn|[from] Sandstorm\n|-damage|p1a: Sableye|89/100|[from] Sandstorm\n|-damage|p2b: Rotom|78/100 brn|[from] brn\n|upkeep\n|\n|t:|1776146095\n|switch|p1b: Basculegion|Basculegion-F, L50, F, shiny|100/100\n|turn|4\n|\n|t:|1776146121\n|switch|p1a: Aerodactyl|Aerodactyl, L50, M, shiny|100/100\n|-ability|p1a: Aerodactyl|Unnerve\n|move|p1b: Basculegion|Hydro Pump|p2a: Tyranitar\n|-supereffective|p2a: Tyranitar|1\n|-crit|p2a: Tyranitar\n|-damage|p2a: Tyranitar|0 fnt\n|faint|p2a: Tyranitar\n|move|p2b: Rotom|Nasty Plot|p2b: Rotom\n|-boost|p2b: Rotom|spa|2\n|\n|-weather|Sandstorm|[upkeep]\n|-damage|p1b: Basculegion|94/100|[from] Sandstorm\n|-damage|p2b: Rotom|72/100 brn|[from] Sandstorm\n|-damage|p2b: Rotom|66/100 brn|[from] brn\n|upkeep\n|\n|t:|1776146131\n|switch|p2a: Sneasler|Sneasler, L50, M|100/100\n|turn|5\n|\n|t:|1776146146\n|switch|p1b: Sableye|Sableye, L50, F, shiny|89/100\n|move|p1a: Aerodactyl|Protect|p1a: Aerodactyl\n|-singleturn|p1a: Aerodactyl|Protect\n|move|p2a: Sneasler|Fake Out|p1a: Aerodactyl\n|-activate|p1a: Aerodactyl|move: Protect\n|move|p2b: Rotom|Hydro Pump|p1b: Sableye\n|-damage|p1b: Sableye|0 fnt\n|faint|p1b: Sableye\n|\n|-weather|Sandstorm|[upkeep]\n|-damage|p2a: Sneasler|95/100|[from] Sandstorm\n|-damage|p2b: Rotom|60/100 brn|[from] Sandstorm\n|-damage|p2b: Rotom|55/100 brn|[from] brn\n|upkeep\n|\n|t:|1776146163\n|switch|p1b: Basculegion|Basculegion-F, L50, F, shiny|94/100\n|turn|6\n|\n|t:|1776146170\n|detailschange|p1a: Aerodactyl|Aerodactyl-Mega, L50, M, shiny\n|-mega|p1a: Aerodactyl|Aerodactyl|Aerodactylite\n|move|p2a: Sneasler|Protect|p2a: Sneasler\n|-singleturn|p2a: Sneasler|Protect\n|move|p1b: Basculegion|Hex|p2b: Rotom\n|-damage|p2b: Rotom|0 fnt\n|faint|p2b: Rotom\n|move|p1a: Aerodactyl|Dual Wingbeat|p2a: Sneasler\n|-activate|p2a: Sneasler|move: Protect\n|\n|-weather|none\n|upkeep\n|turn|7\n|\n|t:|1776146179\n|move|p1b: Basculegion|Hex|p2a: Sneasler\n|-damage|p2a: Sneasler|40/100\n|move|p1a: Aerodactyl|Dual Wingbeat|p2a: Sneasler\n|-supereffective|p2a: Sneasler|1\n|-damage|p2a: Sneasler|0 fnt\n|faint|p2a: Sneasler\n|-hitcount|p2: Sneasler|1\n|\n|win|GTBstoner\n|raw|GTBstoner's rating: 1174 &rarr; <strong>1200</strong><br />(+26 for winning)\n|raw|Missed Ledgedash's rating: 1183 &rarr; <strong>1157</strong><br />(-26 for losing)\n",
  "uploadtime": 1776146180,
  "views": 21,
  "formatid": "gen9championsvgc2026regma",
  "rating": 1157,
  "private": 0,
  "password": null
}