{
  "id": "gen9championsvgc2026regma-2585050252",
  "format": "[Gen 9 Champions] VGC 2026 Reg M-A",
  "players": [
    "juan wallet",
    "llamas33"
  ],
  "log": "|j|\u2606juan wallet\n|j|\u2606llamas33\n|t:|1776306784\n|gametype|doubles\n|player|p1|juan wallet|youngster-gen4dp|1128\n|player|p2|llamas33|bugcatcher-gen4dp|1083\n|gen|9\n|tier|[Gen 9 Champions] VGC 2026 Reg M-A\n|rated|\n|rule|Species Clause: Limit one of each Pok\u00e9mon\n|rule|Item Clause: Limit 1 of each item\n|clearpoke\n|poke|p1|Crabominable, L50, M|\n|poke|p1|Sinistcha-Masterpiece, L50|\n|poke|p1|Slowking-Galar, L50, F|\n|poke|p1|Kingambit, L50, M|\n|poke|p1|Incineroar, L50, M|\n|poke|p1|Primarina, L50, F|\n|poke|p2|Maushold-Four, L50|\n|poke|p2|Sableye, L50, F|\n|poke|p2|Farigiraf, L50, M|\n|poke|p2|Excadrill, L50, F|\n|poke|p2|Hydrapple, L50, M|\n|poke|p2|Drampa, L50, F|\n|teampreview|4\n|\n|t:|1776306800\n|teamsize|p1|4\n|teamsize|p2|4\n|start\n|switch|p1a: Hail|Slowking-Galar, L50, F, shiny|100/100\n|switch|p1b: Petey|Incineroar, L50, M, shiny|100/100\n|switch|p2a: Sableye|Sableye, L50, F|100/100\n|switch|p2b: Maushold|Maushold-Four, L50|100/100\n|-ability|p1b: Petey|Intimidate|boost\n|-unboost|p2a: Sableye|atk|1\n|-unboost|p2b: Maushold|atk|1\n|turn|1\n|\n|t:|1776306821\n|move|p1b: Petey|Fake Out|p2b: Maushold\n|-damage|p2b: Maushold|84/100\n|move|p2a: Sableye|Gravity|p2a: Sableye\n|-fieldstart|move: Gravity\n|cant|p2b: Maushold|flinch\n|move|p1a: Hail|Trick Room|p1a: Hail\n|-fieldstart|move: Trick Room|[of] p1a: Hail\n|\n|upkeep\n|turn|2\n|\n|t:|1776306848\n|move|p2a: Sableye|Encore|p1a: Hail\n|-start|p1a: Hail|Encore\n|move|p1b: Petey|Throat Chop|p2a: Sableye\n|-damage|p2a: Sableye|68/100\n|-start|p2a: Sableye|Throat Chop|[silent]\n|move|p2b: Maushold|Population Bomb|p1b: Petey\n|-damage|p1b: Petey|93/100\n|-damage|p1b: Petey|87/100\n|-damage|p1b: Petey|79/100\n|-damage|p1b: Petey|71/100\n|-damage|p1b: Petey|65/100\n|-damage|p1b: Petey|58/100\n|-damage|p1b: Petey|52/100\n|-damage|p1b: Petey|44/100\n|-enditem|p1b: Petey|Sitrus Berry|[eat]\n|-heal|p1b: Petey|69/100|[from] item: Sitrus Berry\n|-damage|p1b: Petey|61/100\n|-damage|p1b: Petey|54/100\n|-hitcount|p1b: Petey|10\n|move|p1a: Hail|Trick Room|p1a: Hail\n|-fieldend|move: Trick Room\n|\n|upkeep\n|turn|3\n|\n|t:|1776306875\n|move|p1b: Petey|Protect|p1b: Petey\n|-singleturn|p1b: Petey|Protect\n|move|p2a: Sableye|Disable|p1a: Hail\n|-start|p1a: Hail|Disable|Trick Room\n|move|p2b: Maushold|Population Bomb|p1b: Petey\n|-activate|p1b: Petey|move: Protect\n|cant|p1a: Hail|Disable|Trick Room\n|\n|-end|p2a: Sableye|Throat Chop|[silent]\n|upkeep\n|turn|4\n|\n|t:|1776306908\n|switch|p2a: Excadrill|Excadrill, L50, F|100/100\n|-ability|p2a: Excadrill|Mold Breaker\n|move|p2b: Maushold|Tidy Up|p2b: Maushold\n|-boost|p2b: Maushold|atk|1\n|-boost|p2b: Maushold|spe|1\n|move|p1b: Petey|Throat Chop|p2a: Excadrill\n|-damage|p2a: Excadrill|63/100\n|-start|p2a: Excadrill|Throat Chop|[silent]\n|-activate|p1a: Hail|move: Struggle\n|move|p1a: Hail|Struggle|p2b: Maushold\n|-damage|p2b: Maushold|71/100\n|-damage|p1a: Hail|75/100|[from] recoil\n|\n|-end|p1a: Hail|Encore\n|upkeep\n|turn|5\n|\n|t:|1776306944\n|detailschange|p2a: Excadrill|Excadrill-Mega, L50, F\n|-mega|p2a: Excadrill|Excadrill|Excadrite\n|move|p2b: Maushold|Population Bomb|p1b: Petey\n|-damage|p1b: Petey|43/100\n|-damage|p1b: Petey|34/100\n|-damage|p1b: Petey|24/100\n|-damage|p1b: Petey|13/100\n|-damage|p1b: Petey|3/100\n|-damage|p1b: Petey|0 fnt\n|faint|p1b: Petey\n|-hitcount|p1: Petey|6\n|move|p2a: Excadrill|High Horsepower|p1a: Hail\n|-supereffective|p1a: Hail|1\n|-damage|p1a: Hail|0 fnt\n|faint|p1a: Hail\n|\n|-end|p2a: Excadrill|Throat Chop|[silent]\n|-fieldend|move: Gravity\n|upkeep\n|\n|t:|1776306952\n|switch|p1b: Masked Singer|Primarina, L50, F, shiny|100/100\n|switch|p1a: Mr.Krabs|Crabominable, L50, M, shiny|100/100\n|turn|6\n|\n|t:|1776306994\n|switch|p2b: Sableye|Sableye, L50, F|68/100\n|detailschange|p1a: Mr.Krabs|Crabominable-Mega, L50, M, shiny\n|-mega|p1a: Mr.Krabs|Crabominable|Crabominite\n|move|p1a: Mr.Krabs|Protect|p1a: Mr.Krabs\n|-singleturn|p1a: Mr.Krabs|Protect\n|move|p2a: Excadrill|High Horsepower|p1b: Masked Singer\n|-crit|p1b: Masked Singer\n|-damage|p1b: Masked Singer|0 fnt\n|faint|p1b: Masked Singer\n|\n|upkeep\n|turn|7\n|-message|juan wallet forfeited.\n|\n|win|llamas33\n|raw|juan wallet's rating: 1128 &rarr; <strong>1100</strong><br />(-28 for losing)\n|raw|llamas33's rating: 1083 &rarr; <strong>1114</strong><br />(+31 for winning)\n|l|\u2606juan wallet\n|player|p1|\n",
  "uploadtime": 1776307021,
  "views": 28,
  "formatid": "gen9championsvgc2026regma",
  "rating": 1100,
  "private": 0,
  "password": null
}