{
  "id": "gen9championsvgc2026regma-2585762477",
  "format": "[Gen 9 Champions] VGC 2026 Reg M-A",
  "players": [
    "1%ofGamblers",
    "freduelist"
  ],
  "log": "|j|\u26061%ofGamblers\n|j|\u2606freduelist\n|t:|1776368846\n|gametype|doubles\n|player|p1|1%ofGamblers|101|1178\n|player|p2|freduelist|1|1138\n|gen|9\n|tier|[Gen 9 Champions] VGC 2026 Reg M-A\n|rated|\n|rule|Species Clause: Limit one of each Pok\u00e9mon\n|rule|Item Clause: Limit 1 of each item\n|clearpoke\n|poke|p1|Gengar, L50, F|\n|poke|p1|Incineroar, L50, F|\n|poke|p1|Politoed, L50, M|\n|poke|p1|Whimsicott, L50, F|\n|poke|p1|Kangaskhan, L50, F|\n|poke|p1|Farigiraf, L50, F|\n|poke|p2|Decidueye-Hisui, L50, F|\n|poke|p2|Aerodactyl, L50, M|\n|poke|p2|Charizard, L50, F|\n|poke|p2|Kingambit, L50, F|\n|poke|p2|Archaludon, L50, F|\n|poke|p2|Basculegion, L50, M|\n|teampreview|4\n|\n|t:|1776368882\n|teamsize|p1|4\n|teamsize|p2|4\n|start\n|switch|p1a: Gengar|Gengar, L50, F|100/100\n|switch|p1b: Kangaskhan|Kangaskhan, L50, F|100/100\n|switch|p2a: Decidueye|Decidueye-Hisui, L50, F|100/100\n|switch|p2b: Charizard|Charizard, L50, F|100/100\n|turn|1\n|\n|t:|1776368903\n|switch|p2b: Basculegion|Basculegion, L50, M|100/100\n|detailschange|p1a: Gengar|Gengar-Mega, L50, F\n|-mega|p1a: Gengar|Gengar|Gengarite\n|move|p1b: Kangaskhan|Fake Out|p2b: Basculegion\n|-damage|p2b: Basculegion|77/100\n|move|p1a: Gengar|Sludge Bomb|p2a: Decidueye\n|-supereffective|p2a: Decidueye|1\n|-enditem|p2a: Decidueye|Focus Sash\n|-damage|p2a: Decidueye|1/100\n|-status|p2a: Decidueye|psn\n|move|p2a: Decidueye|Triple Arrows|p1b: Kangaskhan\n|-supereffective|p1b: Kangaskhan|1\n|-crit|p1b: Kangaskhan\n|-damage|p1b: Kangaskhan|0 fnt\n|faint|p1b: Kangaskhan\n|\n|-damage|p2a: Decidueye|0 fnt|[from] psn\n|faint|p2a: Decidueye\n|upkeep\n|\n|t:|1776368928\n|switch|p1b: Whimsicott|Whimsicott, L50, F|100/100\n|switch|p2a: Charizard|Charizard, L50, F|100/100\n|turn|2\n|\n|t:|1776368939\n|detailschange|p2a: Charizard|Charizard-Mega-Y, L50, F\n|-mega|p2a: Charizard|Charizard|Charizardite Y\n|-weather|SunnyDay|[from] ability: Drought|[of] p2a: Charizard\n|move|p1b: Whimsicott|Tailwind|p1b: Whimsicott\n|-sidestart|p1: 1%ofGamblers|move: Tailwind\n|move|p1a: Gengar|Shadow Ball|p2b: Basculegion\n|-supereffective|p2b: Basculegion|1\n|-damage|p2b: Basculegion|0 fnt\n|faint|p2b: Basculegion\n|move|p2a: Charizard|Flare Blitz|p1b: Whimsicott\n|-supereffective|p1b: Whimsicott|1\n|-enditem|p1b: Whimsicott|Focus Sash\n|-damage|p1b: Whimsicott|1/100\n|-damage|p2a: Charizard|65/100|[from] Recoil\n|\n|-weather|SunnyDay|[upkeep]\n|upkeep\n|\n|t:|1776368952\n|switch|p2b: Archaludon|Archaludon, L50, F|100/100\n|turn|3\n|\n|t:|1776368960\n|move|p1b: Whimsicott|Protect|p1b: Whimsicott\n|-singleturn|p1b: Whimsicott|Protect\n|move|p1a: Gengar|Perish Song|p1a: Gengar\n|-start|p1a: Gengar|perish3|[silent]\n|-start|p1b: Whimsicott|perish3|[silent]\n|-start|p2a: Charizard|perish3|[silent]\n|-start|p2b: Archaludon|perish3|[silent]\n|-fieldactivate|move: Perish Song\n|move|p2a: Charizard|Rock Slide|p1b: Whimsicott|[spread] p1a\n|-activate|p1b: Whimsicott|move: Protect\n|-damage|p1a: Gengar|72/100\n|move|p2b: Archaludon|Flash Cannon|p1a: Gengar\n|-damage|p1a: Gengar|12/100\n|-unboost|p1a: Gengar|spd|1\n|\n|-weather|SunnyDay|[upkeep]\n|-start|p1a: Gengar|perish3\n|-start|p1b: Whimsicott|perish3\n|-start|p2a: Charizard|perish3\n|-start|p2b: Archaludon|perish3\n|upkeep\n|turn|4\n|\n|t:|1776368986\n|move|p1a: Gengar|Protect|p1a: Gengar\n|-singleturn|p1a: Gengar|Protect\n|move|p1b: Whimsicott|Encore|p2b: Archaludon\n|-start|p2b: Archaludon|Encore\n|move|p2a: Charizard|Rock Slide|p1a: Gengar|[spread] p1b\n|-activate|p1a: Gengar|move: Protect\n|-damage|p1b: Whimsicott|0 fnt\n|faint|p1b: Whimsicott\n|move|p2b: Archaludon|Flash Cannon|p1a: Gengar\n|-activate|p1a: Gengar|move: Protect\n|\n|-weather|SunnyDay|[upkeep]\n|-start|p1a: Gengar|perish2\n|-start|p2a: Charizard|perish2\n|-start|p2b: Archaludon|perish2\n|upkeep\n|\n|t:|1776369003\n|switch|p1b: Incineroar|Incineroar, L50, F|100/100\n|-ability|p1b: Incineroar|Intimidate|boost\n|-unboost|p2a: Charizard|atk|1\n|-unboost|p2b: Archaludon|atk|1\n|turn|5\n|\n|t:|1776369016\n|move|p1b: Incineroar|Fake Out|p2b: Archaludon\n|-resisted|p2b: Archaludon|1\n|-damage|p2b: Archaludon|95/100\n|-ability|p2b: Archaludon|Stamina|boost\n|-boost|p2b: Archaludon|def|1\n|move|p1a: Gengar|Shadow Ball|p2a: Charizard\n|-damage|p2a: Charizard|13/100\n|move|p2a: Charizard|Rock Slide|p1b: Incineroar|[spread] p1a,p1b\n|-supereffective|p1b: Incineroar|1\n|-damage|p1a: Gengar|0 fnt\n|-damage|p1b: Incineroar|77/100\n|faint|p1a: Gengar\n|cant|p2b: Archaludon|flinch\n|\n|-weather|SunnyDay|[upkeep]\n|-heal|p2b: Archaludon|100/100|[from] item: Leftovers\n|-start|p2a: Charizard|perish1\n|-start|p2b: Archaludon|perish1\n|-sideend|p1: 1%ofGamblers|move: Tailwind\n|upkeep\n|turn|6\n|\n|t:|1776369033\n|move|p1b: Incineroar|Protect|p1b: Incineroar\n|-singleturn|p1b: Incineroar|Protect\n|move|p2a: Charizard|Flare Blitz|p1b: Incineroar\n|-activate|p1b: Incineroar|move: Protect\n|move|p2b: Archaludon|Flash Cannon|p1b: Incineroar\n|-activate|p1b: Incineroar|move: Protect\n|\n|-weather|none\n|-end|p2b: Archaludon|Encore\n|-start|p2a: Charizard|perish0\n|-start|p2b: Archaludon|perish0\n|faint|p2a: Charizard\n|faint|p2b: Archaludon\n|\n|win|1%ofGamblers\n|raw|1%ofGamblers's rating: 1178 &rarr; <strong>1200</strong><br />(+22 for winning)\n|raw|freduelist's rating: 1138 &rarr; <strong>1116</strong><br />(-22 for losing)\n|l|\u2606freduelist\n|player|p2|\n",
  "uploadtime": 1776369051,
  "views": 27,
  "formatid": "gen9championsvgc2026regma",
  "rating": 1116,
  "private": 0,
  "password": null
}