{
  "id": "gen9championsvgc2026regma-2583445001",
  "format": "[Gen 9 Champions] VGC 2026 Reg M-A",
  "players": [
    "saltcureadam",
    "Biglittledragon"
  ],
  "log": "|j|\u2606saltcureadam\n|j|\u2606Biglittledragon\n|t:|1776176102\n|gametype|doubles\n|player|p1|saltcureadam|266|1000\n|player|p2|Biglittledragon|266|1036\n|gen|9\n|tier|[Gen 9 Champions] VGC 2026 Reg M-A\n|rated|\n|rule|Species Clause: Limit one of each Pok\u00e9mon\n|rule|Item Clause: Limit 1 of each item\n|clearpoke\n|poke|p1|Cofagrigus, L50, F|\n|poke|p1|Sinistcha, L50|\n|poke|p1|Azumarill, L50, M|\n|poke|p1|Incineroar, L50, F|\n|poke|p1|Crabominable, L50, M|\n|poke|p1|Kingambit, L50, F|\n|poke|p2|Corviknight, L50, M|\n|poke|p2|Greninja-*, L50, M|\n|poke|p2|Raichu, L50, F|\n|poke|p2|Trevenant, L50, F|\n|poke|p2|Arcanine-Hisui, L50, M|\n|poke|p2|Kommo-o, L50, M|\n|teampreview|4\nsaltcureadam rejected open team sheets.\n|\n|t:|1776176128\n|teamsize|p1|4\n|teamsize|p2|4\n|start\n|switch|p1a: Incineroar|Incineroar, L50, F|100/100\n|switch|p1b: Sinistcha|Sinistcha, L50|100/100\n|switch|p2a: Arcanine|Arcanine-Hisui, L50, M|100/100\n|switch|p2b: Corviknight|Corviknight, L50, M|100/100\n|-ability|p2a: Arcanine|Intimidate|boost\n|-unboost|p1a: Incineroar|atk|1\n|-unboost|p1b: Sinistcha|atk|1\n|-ability|p1a: Incineroar|Intimidate|boost\n|-unboost|p2a: Arcanine|atk|1\n|-ability|p2b: Corviknight|Mirror Armor\n|-unboost|p1a: Incineroar|atk|1\n|turn|1\n|\n|t:|1776176176\n|move|p1a: Incineroar|Fake Out|p2b: Corviknight\n|-resisted|p2b: Corviknight|1\n|-damage|p2b: Corviknight|99/100\n|move|p2a: Arcanine|Raging Fury|p1b: Sinistcha\n|-supereffective|p1b: Sinistcha|1\n|-enditem|p1b: Sinistcha|Occa Berry|[eat]\n|-enditem|p1b: Sinistcha|Occa Berry|[weaken]\n|-damage|p1b: Sinistcha|73/100\n|cant|p2b: Corviknight|flinch\n|move|p1b: Sinistcha|Trick Room|p1b: Sinistcha\n|-fieldstart|move: Trick Room|[of] p1b: Sinistcha\n|\n|-heal|p2b: Corviknight|100/100|[from] item: Leftovers\n|upkeep\n|turn|2\n|\n|t:|1776176224\n|switch|p1b: Azumarill|Azumarill, L50, M|100/100\n|move|p1a: Incineroar|Parting Shot|p2a: Arcanine\n|-unboost|p2a: Arcanine|atk|1\n|-unboost|p2a: Arcanine|spa|1\n|\n|t:|1776176231\n|switch|p1a: Sinistcha|Sinistcha, L50|73/100|[from] Parting Shot\n|move|p2b: Corviknight|Tailwind|p2b: Corviknight\n|-sidestart|p2: Biglittledragon|move: Tailwind\n|move|p2a: Arcanine|Raging Fury|p1b: Azumarill|[from] lockedmove\n|-resisted|p1b: Azumarill|1\n|-damage|p1b: Azumarill|86/100\n|\n|upkeep\n|turn|3\n|\n|t:|1776176259\n|move|p1b: Azumarill|Aqua Jet|p2a: Arcanine\n|-supereffective|p2a: Arcanine|2\n|-damage|p2a: Arcanine|0 fnt\n|faint|p2a: Arcanine\n|move|p1a: Sinistcha|Life Dew|p1a: Sinistcha|[spread] p1a,p1b\n|-heal|p1a: Sinistcha|98/100\n|-heal|p1b: Azumarill|100/100\n|move|p2b: Corviknight|Iron Head|p1b: Azumarill\n|-damage|p1b: Azumarill|74/100\n|\n|upkeep\n|\n|t:|1776176271\n|switch|p2a: Greninja|Greninja, L50, M|100/100\n|turn|4\n|\n|t:|1776176286\n|switch|p1a: Crabominable|Crabominable, L50, M|100/100\n|move|p1b: Azumarill|Play Rough|p2a: Greninja\n|-supereffective|p2a: Greninja|1\n|-damage|p2a: Greninja|0 fnt\n|faint|p2a: Greninja\n|move|p2b: Corviknight|Brave Bird|p1a: Crabominable\n|-supereffective|p1a: Crabominable|1\n|-damage|p1a: Crabominable|24/100\n|-damage|p2b: Corviknight|76/100|[from] Recoil\n|\n|-heal|p2b: Corviknight|81/100|[from] item: Leftovers\n|upkeep\n|\n|t:|1776176300\n|switch|p2a: Kommo-o|Kommo-o, L50, M|100/100\n|turn|5\n|\n|t:|1776176336\n|switch|p1b: Sinistcha|Sinistcha, L50|98/100\n|-heal|p1a: Crabominable|49/100|[from] ability: Hospitality|[of] p1b: Sinistcha\n|detailschange|p1a: Crabominable|Crabominable-Mega, L50, M\n|-mega|p1a: Crabominable|Crabominable|Crabominite\n|move|p2a: Kommo-o|Vacuum Wave|p1a: Crabominable\n|-supereffective|p1a: Crabominable|1\n|-damage|p1a: Crabominable|17/100\n|move|p1a: Crabominable|Ice Hammer|p2a: Kommo-o\n|-supereffective|p2a: Kommo-o|1\n|-damage|p2a: Kommo-o|0 fnt\n|-unboost|p1a: Crabominable|spe|1\n|faint|p2a: Kommo-o\n|move|p2b: Corviknight|Brave Bird|p1b: Sinistcha\n|-supereffective|p1b: Sinistcha|1\n|-damage|p1b: Sinistcha|48/100\n|-damage|p2b: Corviknight|67/100|[from] Recoil\n|\n|-heal|p2b: Corviknight|73/100|[from] item: Leftovers\n|-sideend|p2: Biglittledragon|move: Tailwind\n|-fieldend|move: Trick Room\n|upkeep\n|turn|6\n|\n|t:|1776176364\n|move|p2b: Corviknight|Iron Head|p1a: Crabominable\n|-supereffective|p1a: Crabominable|1\n|-damage|p1a: Crabominable|0 fnt\n|faint|p1a: Crabominable\n|move|p1b: Sinistcha|Trick Room|p1b: Sinistcha\n|-fieldstart|move: Trick Room|[of] p1b: Sinistcha\n|\n|-heal|p2b: Corviknight|79/100|[from] item: Leftovers\n|upkeep\n|\n|t:|1776176371\n|switch|p1a: Incineroar|Incineroar, L50, F|100/100\n|-ability|p1a: Incineroar|Intimidate|boost\n|-ability|p2b: Corviknight|Mirror Armor\n|-unboost|p1a: Incineroar|atk|1\n|turn|7\n|\n|t:|1776176383\n|move|p1a: Incineroar|Fake Out|p2b: Corviknight\n|-resisted|p2b: Corviknight|1\n|-damage|p2b: Corviknight|76/100\n|move|p1b: Sinistcha|Matcha Gotcha|p2b: Corviknight\n|-resisted|p2b: Corviknight|2\n|-damage|p2b: Corviknight|68/100\n|-heal|p1b: Sinistcha|52/100|[from] drain|[of] p2b: Corviknight\n|cant|p2b: Corviknight|flinch\n|\n|-heal|p2b: Corviknight|74/100|[from] item: Leftovers\n|upkeep\n|turn|8\n|\n|t:|1776176399\n|move|p1b: Sinistcha|Rage Powder|p1b: Sinistcha\n|-singleturn|p1b: Sinistcha|move: Rage Powder\n|move|p1a: Incineroar|Flare Blitz|p2b: Corviknight\n|-supereffective|p2b: Corviknight|1\n|-damage|p2b: Corviknight|26/100\n|-damage|p1a: Incineroar|85/100|[from] Recoil\n|move|p2b: Corviknight|Body Press|p1b: Sinistcha\n|-immune|p1b: Sinistcha\n|\n|-heal|p2b: Corviknight|32/100|[from] item: Leftovers\n|upkeep\n|turn|9\n|\n|t:|1776176418\n|move|p1b: Sinistcha|Life Dew|p1b: Sinistcha|[spread] p1a,p1b\n|-heal|p1a: Incineroar|100/100\n|-heal|p1b: Sinistcha|77/100\n|move|p1a: Incineroar|Flare Blitz|p2b: Corviknight\n|-supereffective|p2b: Corviknight|1\n|-damage|p2b: Corviknight|0 fnt\n|faint|p2b: Corviknight\n|-damage|p1a: Incineroar|90/100|[from] Recoil\n|\n|win|saltcureadam\n|raw|saltcureadam's rating: 1000 &rarr; <strong>1044</strong><br />(+44 for winning)\n|raw|Biglittledragon's rating: 1036 &rarr; <strong>1019</strong><br />(-17 for losing)\n|l|\u2606Biglittledragon\n|player|p2|\n",
  "uploadtime": 1776176434,
  "views": 11,
  "formatid": "gen9championsvgc2026regma",
  "rating": 1019,
  "private": 0,
  "password": null
}