{
  "id": "gen9championsvgc2026regma-2584361593",
  "format": "[Gen 9 Champions] VGC 2026 Reg M-A",
  "players": [
    "Bonaban",
    "On the wave now"
  ],
  "log": "|j|\u2606Bonaban\n|j|\u2606On the wave now\n|t:|1776254902\n|gametype|doubles\n|player|p1|Bonaban|266|1102\n|player|p2|On the wave now|ruinmaniac|1162\n|gen|9\n|tier|[Gen 9 Champions] VGC 2026 Reg M-A\n|rated|\n|rule|Species Clause: Limit one of each Pok\u00e9mon\n|rule|Item Clause: Limit 1 of each item\n|clearpoke\n|poke|p1|Clefable, L50, M|\n|poke|p1|Garchomp, L50, M|\n|poke|p1|Incineroar, L50, F|\n|poke|p1|Aegislash, L50, F|\n|poke|p1|Pelipper, L50, F|\n|poke|p1|Blastoise, L50, F|\n|poke|p2|Tyranitar, L50, F|\n|poke|p2|Excadrill, L50, F|\n|poke|p2|Garchomp, L50, F|\n|poke|p2|Incineroar, L50, M|\n|poke|p2|Rotom-Wash, L50|\n|poke|p2|Milotic, L50, F|\n|teampreview|4\nOn the wave now has agreed to open team sheets.\nBonaban has agreed to open team sheets.\n|showteam|p1|Clefable||Clefablite|Unaware|HelpingHand,Protect,FollowMe,DazzlingGleam|||M|||50|]Garchomp||ChoiceScarf|RoughSkin|BrickBreak,RockSlide,Earthquake,DragonClaw|||M|||50|]Incineroar||SitrusBerry|Intimidate|PartingShot,FlareBlitz,ThroatChop,FakeOut|||F|||50|]Aegislash||Leftovers|StanceChange|IronHead,Poltergeist,KingsShield,ShadowSneak|||F|||50|]Pelipper||FocusSash|Drizzle|Hurricane,WeatherBall,Protect,Tailwind|||F|||50|]Blastoise||Blastoisinite|Torrent|AuraSphere,WaterPulse,DragonPulse,Protect|||F|||50|\n|showteam|p2|Tyranitar||Tyranitarite|SandStream|KnockOff,RockSlide,Protect,IcePunch|||F|||50|]Excadrill||SoftSand|SandRush|HighHorsepower,IronHead,Protect,RockSlide|||F|||50|]Garchomp||BrightPowder|SandVeil|RockSlide,Earthquake,DragonClaw,Protect|||F|||50|]Incineroar||ChopleBerry|Intimidate|FakeOut,FlareBlitz,PartingShot,Protect|||M|||50|]Rotom-Wash||SitrusBerry|Levitate|HydroPump,Protect,Discharge,VoltSwitch||||||50|]Milotic||Leftovers|Competitive|Scald,MuddyWater,Protect,DrainingKiss|||F|||50|\n|c|\u2606On the wave now|double mega\n|c|\u2606On the wave now|pretty cool\n|\n|t:|1776254946\n|teamsize|p1|4\n|teamsize|p2|4\n|start\n|switch|p1a: Garchomp|Garchomp, L50, M|100/100\n|switch|p1b: Pelipper|Pelipper, L50, F|100/100\n|switch|p2a: Rotom|Rotom-Wash, L50|100/100\n|switch|p2b: Garchomp|Garchomp, L50, F|100/100\n|-weather|RainDance|[from] ability: Drizzle|[of] p1b: Pelipper\n|turn|1\n|c|\u2606Bonaban|tryin to make this mega clef work somehow\n|\n|t:|1776254974\n|switch|p1a: Blastoise|Blastoise, L50, F|100/100\n|move|p2b: Garchomp|Dragon Claw|p1a: Blastoise\n|-damage|p1a: Blastoise|54/100\n|move|p2a: Rotom|Discharge|p1a: Blastoise|[spread] p1a,p1b\n|-immune|p2b: Garchomp\n|-supereffective|p1a: Blastoise|1\n|-supereffective|p1b: Pelipper|2\n|-damage|p1a: Blastoise|0 fnt\n|-enditem|p1b: Pelipper|Focus Sash\n|-damage|p1b: Pelipper|1/100\n|faint|p1a: Blastoise\n|move|p1b: Pelipper|Tailwind|p1b: Pelipper\n|-sidestart|p1: Bonaban|move: Tailwind\n|\n|-weather|RainDance|[upkeep]\n|upkeep\n|c|\u2606Bonaban|YOWCH\n|c|\u2606On the wave now|i think she could be really good in BSS since she can like bounce hazards and rocks\n|\n|t:|1776254992\n|switch|p1a: Clefable|Clefable, L50, M|100/100\n|turn|2\n|c|\u2606Bonaban|i dont rly play bss unfortunately TT\n|c|\u2606On the wave now|i have tried but i prefer OU honestly\n|\n|t:|1776255030\n|detailschange|p1a: Clefable|Clefable-Mega, L50, M\n|-mega|p1a: Clefable|Clefable|Clefablite\n|move|p1a: Clefable|Dazzling Gleam|p2b: Garchomp|[spread] p2a,p2b\n|-supereffective|p2b: Garchomp|1\n|-damage|p2a: Rotom|71/100\n|-damage|p2b: Garchomp|36/100\n|move|p1b: Pelipper|Hurricane|p2a: Rotom\n|-resisted|p2a: Rotom|1\n|-damage|p2a: Rotom|50/100\n|-start|p2a: Rotom|confusion\n|-enditem|p2a: Rotom|Sitrus Berry|[eat]\n|-heal|p2a: Rotom|75/100|[from] item: Sitrus Berry\n|move|p2b: Garchomp|Rock Slide|p1a: Clefable|[spread] p1a,p1b\n|-supereffective|p1a: Clefable|1\n|-supereffective|p1b: Pelipper|1\n|-damage|p1a: Clefable|69/100\n|-damage|p1b: Pelipper|0 fnt\n|faint|p1b: Pelipper\n|-activate|p2a: Rotom|confusion\n|move|p2a: Rotom|Discharge|p1a: Clefable|[spread] p1a\n|-immune|p2b: Garchomp\n|-supereffective|p1a: Clefable|1\n|-damage|p1a: Clefable|26/100\n|-status|p1a: Clefable|par\n|\n|-weather|RainDance|[upkeep]\n|upkeep\n|\n|t:|1776255037\n|switch|p1b: Garchomp|Garchomp, L50, M|100/100\n|turn|3\n|c|\u2606On the wave now|sorry for para\n|c|\u2606Bonaban|LOL all good\n|\n|t:|1776255056\n|move|p1a: Clefable|Follow Me|p1a: Clefable\n|-singleturn|p1a: Clefable|move: Follow Me\n|move|p1b: Garchomp|Dragon Claw|p2b: Garchomp\n|-supereffective|p2b: Garchomp|1\n|-damage|p2b: Garchomp|0 fnt\n|faint|p2b: Garchomp\n|-activate|p2a: Rotom|confusion\n|move|p2a: Rotom|Hydro Pump|p1a: Clefable|[miss]\n|-miss|p2a: Rotom|p1a: Clefable\n|\n|-weather|RainDance|[upkeep]\n|upkeep\n|\n|t:|1776255065\n|switch|p2b: Tyranitar|Tyranitar, L50, F|100/100\n|-weather|Sandstorm|[from] ability: Sand Stream|[of] p2b: Tyranitar\n|turn|4\n|\n|t:|1776255079\n|move|p1a: Clefable|Helping Hand|p1b: Garchomp\n|-singleturn|p1b: Garchomp|Helping Hand|[of] p1a: Clefable\n|move|p2b: Tyranitar|Protect|p2b: Tyranitar\n|-singleturn|p2b: Tyranitar|Protect\n|move|p1b: Garchomp|Dragon Claw|p2b: Tyranitar\n|-activate|p2b: Tyranitar|move: Protect\n|-activate|p2a: Rotom|confusion\n|move|p2a: Rotom|Discharge|p1a: Clefable|[spread] p1a\n|-activate|p2b: Tyranitar|move: Protect\n|-immune|p1b: Garchomp\n|-supereffective|p1a: Clefable|1\n|-damage|p1a: Clefable|0 fnt\n|faint|p1a: Clefable\n|\n|-weather|Sandstorm|[upkeep]\n|-damage|p2a: Rotom|69/100|[from] Sandstorm\n|-sideend|p1: Bonaban|move: Tailwind\n|upkeep\n|turn|5\n|\n|t:|1776255091\n|detailschange|p2b: Tyranitar|Tyranitar-Mega, L50, F\n|-mega|p2b: Tyranitar|Tyranitar|Tyranitarite\n|move|p1b: Garchomp|Dragon Claw|p2a: Rotom\n|-damage|p2a: Rotom|31/100\n|move|p2b: Tyranitar|Ice Punch|p1b: Garchomp\n|-supereffective|p1b: Garchomp|2\n|-damage|p1b: Garchomp|0 fnt\n|-damage|p2b: Tyranitar|88/100|[from] ability: Rough Skin|[of] p1b: Garchomp\n|faint|p1b: Garchomp\n|\n|win|On the wave now\n|raw|Bonaban's rating: 1102 &rarr; <strong>1081</strong><br />(-21 for losing)\n|raw|On the wave now's rating: 1162 &rarr; <strong>1183</strong><br />(+21 for winning)\n|c|\u2606On the wave now|gg\n|c|\u2606Bonaban|ggwp\n|c|\u2606On the wave now|ty\n|c|\u2606On the wave now|good luck on the ladder\n",
  "uploadtime": 1776255103,
  "views": 22,
  "formatid": "gen9championsvgc2026regma",
  "rating": 1081,
  "private": 0,
  "password": null
}