{
  "id": "gen9championsvgc2026regma-2582039689",
  "format": "[Gen 9 Champions] VGC 2026 Reg M-A",
  "players": [
    "M4gnumOpus",
    "Learning67Curve"
  ],
  "log": "|j|\u2606M4gnumOpus\n|j|\u2606Learning67Curve\n|t:|1776050919\n|gametype|doubles\n|player|p1|M4gnumOpus|cynthia|1258\n|player|p2|Learning67Curve|cynthia-gen4|1287\n|gen|9\n|tier|[Gen 9 Champions] VGC 2026 Reg M-A\n|rated|\n|rule|Species Clause: Limit one of each Pok\u00e9mon\n|rule|Item Clause: Limit 1 of each item\n|clearpoke\n|poke|p1|Incineroar, L50, M|\n|poke|p1|Hatterene, L50, F|\n|poke|p1|Farigiraf, L50, F|\n|poke|p1|Torkoal, L50, F|\n|poke|p1|Kingambit, L50, M|\n|poke|p1|Crabominable, L50, M|\n|poke|p2|Aerodactyl, L50, M|\n|poke|p2|Delphox, L50, F|\n|poke|p2|Milotic, L50, F|\n|poke|p2|Kingambit, L50, F|\n|poke|p2|Zoroark-Hisui, L50, F|\n|poke|p2|Garchomp, L50, F|\n|teampreview|4\n|inactive|Battle timer is ON: inactive players will automatically lose when time's up. (requested by M4gnumOpus)\n|inactive|M4gnumOpus has 60 seconds left.\n|inactive|Learning67Curve has 60 seconds left.\n|inactive|M4gnumOpus has 30 seconds left.\n|\n|t:|1776050980\n|teamsize|p1|4\n|teamsize|p2|4\n|start\n|switch|p1a: Farigiraf|Farigiraf, L50, F|100/100\n|switch|p1b: Incineroar|Incineroar, L50, M, shiny|100/100\n|switch|p2a: Milotic|Milotic, L50, F, shiny|100/100\n|switch|p2b: Kingambit|Kingambit, L50, F|100/100\n|-ability|p1b: Incineroar|Intimidate|boost\n|-unboost|p2a: Milotic|atk|1\n|-ability|p2a: Milotic|Competitive|boost\n|-boost|p2a: Milotic|spa|2\n|-unboost|p2b: Kingambit|atk|1\n|turn|1\n|\n|t:|1776051005\n|move|p1b: Incineroar|Fake Out|p2a: Milotic\n|-damage|p2a: Milotic|89/100\n|move|p2b: Kingambit|Flamethrower|p1a: Farigiraf\n|-damage|p1a: Farigiraf|71/100\n|cant|p2a: Milotic|flinch\n|move|p1a: Farigiraf|Trick Room|p1a: Farigiraf\n|-fieldstart|move: Trick Room|[of] p1a: Farigiraf\n|\n|-heal|p2a: Milotic|95/100|[from] item: Leftovers\n|upkeep\n|turn|2\n|\n|t:|1776051022\n|move|p2b: Kingambit|Protect|p2b: Kingambit\n|-singleturn|p2b: Kingambit|Protect\n|move|p1a: Farigiraf|Psychic|p2a: Milotic\n|-damage|p2a: Milotic|63/100\n|move|p1b: Incineroar|Parting Shot|p2a: Milotic\n|-unboost|p2a: Milotic|atk|1\n|-ability|p2a: Milotic|Competitive|boost\n|-boost|p2a: Milotic|spa|2\n|-unboost|p2a: Milotic|spa|1\n|-ability|p2a: Milotic|Competitive|boost\n|-boost|p2a: Milotic|spa|2\n|\n|t:|1776051036\n|switch|p1b: Crabominable|Crabominable, L50, M|100/100|[from] Parting Shot\n|move|p2a: Milotic|Scald|p1b: Crabominable\n|-damage|p1b: Crabominable|0 fnt\n|faint|p1b: Crabominable\n|\n|-heal|p2a: Milotic|69/100|[from] item: Leftovers\n|upkeep\n|\n|t:|1776051039\n|switch|p1b: Hatterene|Hatterene, L50, F, shiny|100/100\n|turn|3\n|\n|t:|1776051055\n|move|p2a: Milotic|Protect|p2a: Milotic\n|-singleturn|p2a: Milotic|Protect\n|move|p1b: Hatterene|Dazzling Gleam|p2a: Milotic|[spread] p2b\n|-activate|p2a: Milotic|move: Protect\n|-damage|p2b: Kingambit|13/100\n|replace|p2b: Zoroark|Zoroark-Hisui, L50, F\n|-end|p2b: Zoroark|Illusion\n|move|p1a: Farigiraf|Psychic|p2a: Milotic\n|-activate|p2a: Milotic|move: Protect\n|move|p2b: Zoroark|Shadow Ball|p1b: Hatterene\n|-supereffective|p1b: Hatterene|1\n|-damage|p1b: Hatterene|17/100\n|\n|-heal|p2a: Milotic|75/100|[from] item: Leftovers\n|upkeep\n|turn|4\n|inactive|Learning67Curve has 30 seconds left.\n|\n|t:|1776051089\n|move|p2b: Zoroark|Protect|p2b: Zoroark\n|-singleturn|p2b: Zoroark|Protect\n|move|p1b: Hatterene|Dazzling Gleam|p2b: Zoroark|[spread] p2a\n|-activate|p2b: Zoroark|move: Protect\n|-damage|p2a: Milotic|45/100\n|move|p1a: Farigiraf|Hyper Voice|p2b: Zoroark|[spread] p2a\n|-activate|p2b: Zoroark|move: Protect\n|-damage|p2a: Milotic|24/100\n|move|p2a: Milotic|Scald|p1a: Farigiraf\n|-damage|p1a: Farigiraf|0 fnt\n|faint|p1a: Farigiraf\n|\n|-heal|p2a: Milotic|30/100|[from] item: Leftovers\n|upkeep\n|\n|t:|1776051098\n|switch|p1a: Incineroar|Incineroar, L50, M, shiny|100/100\n|-ability|p1a: Incineroar|Intimidate|boost\n|-unboost|p2a: Milotic|atk|1\n|-ability|p2a: Milotic|Competitive|boost\n|-boost|p2a: Milotic|spa|1\n|-unboost|p2b: Zoroark|atk|1\n|turn|5\n|\n|t:|1776051121\n|move|p2a: Milotic|Protect|p2a: Milotic\n|-singleturn|p2a: Milotic|Protect\n|move|p1a: Incineroar|Fake Out|p2a: Milotic\n|-activate|p2a: Milotic|move: Protect\n|move|p1b: Hatterene|Dazzling Gleam|p2b: Zoroark|[spread] p2b\n|-activate|p2a: Milotic|move: Protect\n|-damage|p2b: Zoroark|0 fnt\n|faint|p2b: Zoroark\n|\n|-heal|p2a: Milotic|36/100|[from] item: Leftovers\n|-fieldend|move: Trick Room\n|upkeep\n|\n|t:|1776051133\n|switch|p2b: Kingambit|Kingambit, L50, F|100/100\n|turn|6\n|\n|t:|1776051140\n|move|p2b: Kingambit|Sucker Punch||[still]\n|-fail|p2b: Kingambit\n|move|p2a: Milotic|Scald|p1a: Incineroar\n|-supereffective|p1a: Incineroar|1\n|-damage|p1a: Incineroar|0 fnt\n|faint|p1a: Incineroar\n|move|p1b: Hatterene|Trick Room|p1b: Hatterene\n|-fieldstart|move: Trick Room|[of] p1b: Hatterene\n|\n|-heal|p2a: Milotic|42/100|[from] item: Leftovers\n|upkeep\n|turn|7\n|\n|t:|1776051151\n|move|p2b: Kingambit|Sucker Punch|p1b: Hatterene\n|-damage|p1b: Hatterene|0 fnt\n|faint|p1b: Hatterene\n|\n|win|Learning67Curve\n|raw|M4gnumOpus's rating: 1258 &rarr; <strong>1235</strong><br />(-23 for losing)\n|raw|Learning67Curve's rating: 1287 &rarr; <strong>1310</strong><br />(+23 for winning)\n|l|\u2606M4gnumOpus\n|player|p1|\n",
  "uploadtime": 1776051161,
  "views": 43,
  "formatid": "gen9championsvgc2026regma",
  "rating": 1235,
  "private": 0,
  "password": null
}