{
  "id": "gen9championsvgc2026regma-2586060980",
  "format": "[Gen 9 Champions] VGC 2026 Reg M-A",
  "players": [
    "GojiraFanBoy",
    "csgeorgiou"
  ],
  "log": "|j|\u2606GojiraFanBoy\n|j|\u2606csgeorgiou\n|t:|1776394866\n|gametype|doubles\n|player|p1|GojiraFanBoy|102|1352\n|player|p2|csgeorgiou|lucas|1338\n|gen|9\n|tier|[Gen 9 Champions] VGC 2026 Reg M-A\n|rated|\n|rule|Species Clause: Limit one of each Pok\u00e9mon\n|rule|Item Clause: Limit 1 of each item\n|clearpoke\n|poke|p1|Charizard, L50, M|\n|poke|p1|Venusaur, L50, M|\n|poke|p1|Sneasler, L50, F|\n|poke|p1|Archaludon, L50, F|\n|poke|p1|Milotic, L50, M|\n|poke|p1|Whimsicott, L50, M|\n|poke|p2|Kingambit, L50, M|\n|poke|p2|Floette-Eternal, L50, F|\n|poke|p2|Delphox, L50, F|\n|poke|p2|Aerodactyl, L50, M|\n|poke|p2|Garchomp, L50, M|\n|poke|p2|Sneasler, L50, M|\n|teampreview|4\n|\n|t:|1776394901\n|teamsize|p1|4\n|teamsize|p2|4\n|start\n|switch|p1a: Sneasler|Sneasler, L50, F|100/100\n|switch|p1b: Charizard|Charizard, L50, M|100/100\n|switch|p2a: Aerodactyl|Aerodactyl, L50, M|100/100\n|switch|p2b: Sneasler|Sneasler, L50, M|100/100\n|-ability|p2a: Aerodactyl|Unnerve\n|turn|1\n|inactive|Battle timer is ON: inactive players will automatically lose when time's up. (requested by GojiraFanBoy)\n|\n|t:|1776394921\n|detailschange|p1b: Charizard|Charizard-Mega-X, L50, M\n|-mega|p1b: Charizard|Charizard|Charizardite X\n|move|p1a: Sneasler|Fake Out|p2b: Sneasler\n|-damage|p2b: Sneasler|76/100\n|cant|p2b: Sneasler|flinch\n|move|p2a: Aerodactyl|Rock Slide|p1a: Sneasler|[spread] \n|-miss|p2a: Aerodactyl|p1a: Sneasler\n|-miss|p2a: Aerodactyl|p1b: Charizard\n|move|p1b: Charizard|Dragon Dance|p1b: Charizard\n|-boost|p1b: Charizard|atk|1\n|-boost|p1b: Charizard|spe|1\n|\n|upkeep\n|turn|2\n|inactive|csgeorgiou has 30 seconds left.\n|inactive|csgeorgiou has 20 seconds left.\n|inactive|csgeorgiou has 15 seconds left.\n|\n|t:|1776394965\n|move|p1b: Charizard|Dragon Claw|p2a: Aerodactyl\n|-enditem|p2a: Aerodactyl|Focus Sash\n|-damage|p2a: Aerodactyl|1/100\n|move|p2a: Aerodactyl|Dual Wingbeat|p1a: Sneasler\n|-supereffective|p1a: Sneasler|1\n|-damage|p1a: Sneasler|34/100\n|-supereffective|p1a: Sneasler|1\n|-damage|p1a: Sneasler|0 fnt\n|faint|p1a: Sneasler\n|-hitcount|p1: Sneasler|2\n|move|p2b: Sneasler|Close Combat|p1b: Charizard\n|-damage|p1b: Charizard|36/100\n|-unboost|p2b: Sneasler|def|1\n|-unboost|p2b: Sneasler|spd|1\n|-enditem|p2b: Sneasler|White Herb\n|-clearnegativeboost|p2b: Sneasler|[silent]\n|\n|upkeep\n|\n|t:|1776394980\n|switch|p1a: Whimsicott|Whimsicott, L50, M|100/100\n|turn|3\n|\n|t:|1776395000\n|move|p1a: Whimsicott|Tailwind|p1a: Whimsicott\n|-sidestart|p1: GojiraFanBoy|move: Tailwind\n|move|p1b: Charizard|Dragon Claw|p2b: Sneasler\n|-damage|p2b: Sneasler|0 fnt\n|faint|p2b: Sneasler\n|move|p2a: Aerodactyl|Rock Slide|p1b: Charizard|[spread] p1a,p1b\n|-supereffective|p1b: Charizard|1\n|-damage|p1a: Whimsicott|65/100\n|-damage|p1b: Charizard|0 fnt\n|faint|p1b: Charizard\n|\n|upkeep\n|\n|t:|1776395018\n|switch|p2b: Delphox|Delphox, L50, F|100/100\n|switch|p1b: Archaludon|Archaludon, L50, F|100/100\n|turn|4\n|\n|t:|1776395039\n|detailschange|p2b: Delphox|Delphox-Mega, L50, F\n|-mega|p2b: Delphox|Delphox|Delphoxite\n|move|p1b: Archaludon|Draco Meteor|p2b: Delphox\n|-damage|p2b: Delphox|39/100\n|-unboost|p1b: Archaludon|spa|2\n|move|p1a: Whimsicott|Moonblast|p2a: Aerodactyl\n|-damage|p2a: Aerodactyl|0 fnt\n|faint|p2a: Aerodactyl\n|move|p2b: Delphox|Heat Wave|p1b: Archaludon|[spread] p1a,p1b\n|-supereffective|p1a: Whimsicott|1\n|-damage|p1a: Whimsicott|0 fnt\n|-damage|p1b: Archaludon|35/100\n|faint|p1a: Whimsicott\n|\n|upkeep\n|\n|t:|1776395054\n|switch|p2a: Garchomp|Garchomp, L50, M|100/100\n|turn|5\n|\n|t:|1776395062\n|move|p1b: Archaludon|Draco Meteor|p2a: Garchomp\n|-supereffective|p2a: Garchomp|1\n|-damage|p2a: Garchomp|22/100\n|-unboost|p1b: Archaludon|spa|2\n|move|p2a: Garchomp|Earthquake|p1b: Archaludon|[spread] p1b\n|-immune|p2b: Delphox|[from] ability: Levitate\n|-supereffective|p1b: Archaludon|1\n|-damage|p1b: Archaludon|0 fnt\n|faint|p1b: Archaludon\n|\n|win|csgeorgiou\n|raw|GojiraFanBoy's rating: 1352 &rarr; <strong>1331</strong><br />(-21 for losing)\n|raw|csgeorgiou's rating: 1338 &rarr; <strong>1359</strong><br />(+21 for winning)\n|l|\u2606GojiraFanBoy\n|player|p1|\n|l|\u2606csgeorgiou\n|player|p2|\n|j|\u2606csgeorgiou\n|player|p2|csgeorgiou|lucas|\n",
  "uploadtime": 1776395245,
  "views": 47,
  "formatid": "gen9championsvgc2026regma",
  "rating": 1331,
  "private": 0,
  "password": null
}