{
  "id": "gen9championsvgc2026regma-2584141887",
  "format": "[Gen 9 Champions] VGC 2026 Reg M-A",
  "players": [
    "mynamegrassgreen",
    "pokeveteran04"
  ],
  "log": "|j|\u2606mynamegrassgreen\n|j|\u2606pokeveteran04\n|t:|1776229963\n|gametype|doubles\n|player|p1|mynamegrassgreen|170|\n|player|p2|pokeveteran04|red|\n|gen|9\n|tier|[Gen 9 Champions] VGC 2026 Reg M-A\n|rated|Tournament battle\n|rule|Species Clause: Limit one of each Pok\u00e9mon\n|rule|Item Clause: Limit 1 of each item\n|raw|<div class=\"infobox\"><details class=\"readmore\" open><summary><strong>1 custom rule:</strong></summary> Force Open Team Sheets</details></div>\n|clearpoke\n|poke|p1|Kommo-o, L50, M|\n|poke|p1|Gengar, L50, F|\n|poke|p1|Whimsicott, L50, M|\n|poke|p1|Sinistcha-Masterpiece, L50|\n|poke|p1|Incineroar, L50, F|\n|poke|p1|Tyranitar, L50, M|\n|poke|p2|Charizard, L50, M|\n|poke|p2|Garchomp, L50, M|\n|poke|p2|Rotom-Wash, L50|\n|poke|p2|Sneasler, L50, F|\n|poke|p2|Incineroar, L50, M|\n|poke|p2|Whimsicott, L50, M|\n|teampreview|4\n|showteam|p1|Kommo-o||Leftovers|Overcoat|ClangorousSoul,ClangingScales,AuraSphere,Protect|||M|||50|]Gengar||Gengarite|CursedBody|ShadowBall,PerishSong,Substitute,Protect|||F|||50|]Whimsicott||FocusSash|Prankster|Moonblast,Encore,Tailwind,Protect|||M|||50|]Sinistcha-Masterpiece||SitrusBerry|Hospitality|MatchaGotcha,RagePowder,TrickRoom,StrengthSap||||||50|]Incineroar||ShucaBerry|Intimidate|FakeOut,FlareBlitz,Protect,PartingShot|||F|||50|]Tyranitar||ChoiceScarf|SandStream|RockSlide,KnockOff,StoneEdge,LowKick|||M|||50|\n|showteam|p2|Charizard||CharizarditeY|SolarPower|HeatWave,SolarBeam,WeatherBall,Protect|||M|||50|]Garchomp||ChoiceScarf|RoughSkin|Earthquake,Bulldoze,DragonClaw,RockSlide|||M|||50|]Rotom-Wash||Leftovers|Levitate|WillOWisp,Thunderbolt,HydroPump,Protect||||||50|]Sneasler||WhiteHerb|Unburden|FakeOut,CloseCombat,RockTomb,DireClaw|||F|||50|]Incineroar||SitrusBerry|Intimidate|FakeOut,FlareBlitz,PartingShot,DarkestLariat|||M|||50|]Whimsicott||FocusSash|Prankster|Moonblast,Tailwind,Encore,Protect|||M|||50|\n|inactive|Battle timer is ON: inactive players will automatically lose when time's up. (requested by pokeveteran04)\n|\n|t:|1776230030\n|teamsize|p1|4\n|teamsize|p2|4\n|start\n|switch|p1a: STAY WITH ME \ud83c\udfb5|Gengar, L50, F|100/100\n|switch|p1b: thinking of name|Tyranitar, L50, M|100/100\n|switch|p2a: Whimsicott|Whimsicott, L50, M|100/100\n|switch|p2b: Incineroar|Incineroar, L50, M|100/100\n|-weather|Sandstorm|[from] ability: Sand Stream|[of] p1b: thinking of name\n|-ability|p2b: Incineroar|Intimidate|boost\n|-unboost|p1a: STAY WITH ME \ud83c\udfb5|atk|1\n|-unboost|p1b: thinking of name|atk|1\n|turn|1\n|inactive|pokeveteran04 has 30 seconds left.\n|\n|t:|1776230059\n|detailschange|p1a: STAY WITH ME \ud83c\udfb5|Gengar-Mega, L50, F\n|-mega|p1a: STAY WITH ME \ud83c\udfb5|Gengar|Gengarite\n|move|p1a: STAY WITH ME \ud83c\udfb5|Shadow Ball|p2a: Whimsicott\n|-damage|p2a: Whimsicott|22/100\n|move|p1b: thinking of name|Rock Slide|p2a: Whimsicott|[spread] p2a\n|-miss|p1b: thinking of name|p2b: Incineroar\n|-damage|p2a: Whimsicott|0 fnt\n|faint|p2a: Whimsicott\n|move|p2b: Incineroar|Darkest Lariat|p1a: STAY WITH ME \ud83c\udfb5\n|-supereffective|p1a: STAY WITH ME \ud83c\udfb5|1\n|-damage|p1a: STAY WITH ME \ud83c\udfb5|0 fnt\n|faint|p1a: STAY WITH ME \ud83c\udfb5\n|\n|-weather|Sandstorm|[upkeep]\n|-damage|p2b: Incineroar|95/100|[from] Sandstorm\n|upkeep\n|c|\u2606mynamegrassgreen|god damn rng\n|\n|t:|1776230080\n|switch|p1a: The King|Incineroar, L50, F|100/100\n|switch|p2a: Garchomp|Garchomp, L50, M|100/100\n|-ability|p1a: The King|Intimidate|boost\n|-unboost|p2a: Garchomp|atk|1\n|-unboost|p2b: Incineroar|atk|1\n|turn|2\n|j| thec00ldod\n|\n|t:|1776230092\n|switch|p2b: Rotom|Rotom-Wash, L50|100/100\n|move|p1a: The King|Fake Out|p2a: Garchomp\n|-damage|p2a: Garchomp|90/100\n|-damage|p1a: The King|88/100|[from] ability: Rough Skin|[of] p2a: Garchomp\n|cant|p2a: Garchomp|flinch\n|move|p1b: thinking of name|Rock Slide|p2b: Rotom|[spread] p2a,p2b\n|-resisted|p2a: Garchomp|1\n|-damage|p2a: Garchomp|80/100\n|-damage|p2b: Rotom|81/100\n|\n|-weather|Sandstorm|[upkeep]\n|-damage|p2b: Rotom|75/100|[from] Sandstorm\n|-damage|p1a: The King|82/100|[from] Sandstorm\n|-heal|p2b: Rotom|81/100|[from] item: Leftovers\n|upkeep\n|turn|3\n|l| thec00ldod\n|inactive|pokeveteran04 has 30 seconds left.\n|\n|t:|1776230125\n|switch|p1b: LET IT RIP|Kommo-o, L50, M|100/100\n|move|p2a: Garchomp|Earthquake|p1b: LET IT RIP|[spread] p1a,p1b\n|-immune|p2b: Rotom|[from] ability: Levitate\n|-supereffective|p1a: The King|1\n|-enditem|p1a: The King|Shuca Berry|[eat]\n|-enditem|p1a: The King|Shuca Berry|[weaken]\n|-damage|p1a: The King|55/100\n|-damage|p1b: LET IT RIP|77/100\n|move|p2b: Rotom|Hydro Pump|p1a: The King|[miss]\n|-miss|p2b: Rotom|p1a: The King\n|move|p1a: The King|Parting Shot|p2a: Garchomp\n|-unboost|p2a: Garchomp|atk|1\n|-unboost|p2a: Garchomp|spa|1\n|inactive|mynamegrassgreen has 30 seconds left.\n|\n|t:|1776230152\n|switch|p1a: thinking of name|Tyranitar, L50, M|100/100|[from] Parting Shot\n|\n|-weather|Sandstorm|[upkeep]\n|-damage|p2b: Rotom|75/100|[from] Sandstorm\n|-heal|p1b: LET IT RIP|83/100|[from] item: Leftovers\n|-heal|p2b: Rotom|81/100|[from] item: Leftovers\n|upkeep\n|turn|4\n|\n|t:|1776230164\n|switch|p2a: Incineroar|Incineroar, L50, M|95/100\n|-ability|p2a: Incineroar|Intimidate|boost\n|-unboost|p1a: thinking of name|atk|1\n|-unboost|p1b: LET IT RIP|atk|1\n|move|p1a: thinking of name|Knock Off|p2b: Rotom\n|-damage|p2b: Rotom|51/100\n|-enditem|p2b: Rotom|Leftovers|[from] move: Knock Off|[of] p1a: thinking of name\n|move|p1b: LET IT RIP|Clanging Scales|p2a: Incineroar|[spread] p2a,p2b\n|-damage|p2a: Incineroar|66/100\n|-damage|p2b: Rotom|16/100\n|-unboost|p1b: LET IT RIP|def|1\n|move|p2b: Rotom|Will-O-Wisp|p1a: thinking of name\n|-status|p1a: thinking of name|brn\n|\n|-weather|Sandstorm|[upkeep]\n|-damage|p2b: Rotom|11/100|[from] Sandstorm\n|-damage|p2a: Incineroar|60/100|[from] Sandstorm\n|-heal|p1b: LET IT RIP|89/100|[from] item: Leftovers\n|-damage|p1a: thinking of name|94/100 brn|[from] brn\n|upkeep\n|turn|5\n|\n|t:|1776230189\n|switch|p1a: The King|Incineroar, L50, F|55/100\n|-ability|p1a: The King|Intimidate|boost\n|-unboost|p2a: Incineroar|atk|1\n|-unboost|p2b: Rotom|atk|1\n|move|p1b: LET IT RIP|Protect|p1b: LET IT RIP\n|-singleturn|p1b: LET IT RIP|Protect\n|move|p2b: Rotom|Protect|p2b: Rotom\n|-singleturn|p2b: Rotom|Protect\n|move|p2a: Incineroar|Parting Shot|p1b: LET IT RIP\n|-activate|p1b: LET IT RIP|move: Protect\n|\n|-weather|none\n|-heal|p1b: LET IT RIP|96/100|[from] item: Leftovers\n|upkeep\n|turn|6\n|inactive|mynamegrassgreen has 30 seconds left.\n|inactive|pokeveteran04 has 30 seconds left.\n|inactive|mynamegrassgreen has 20 seconds left.\n|inactive|mynamegrassgreen has 15 seconds left.\n|inactive|mynamegrassgreen has 10 seconds left.\n|inactive|mynamegrassgreen has 5 seconds left.\n|\n|t:|1776230240\n|move|p1a: The King|Fake Out|p2a: Incineroar\n|-damage|p2a: Incineroar|49/100\n|-enditem|p2a: Incineroar|Sitrus Berry|[eat]\n|-heal|p2a: Incineroar|74/100|[from] item: Sitrus Berry\n|move|p1b: LET IT RIP|Clangorous Soul|p1b: LET IT RIP\n|-boost|p1b: LET IT RIP|atk|1\n|-boost|p1b: LET IT RIP|def|1\n|-boost|p1b: LET IT RIP|spa|1\n|-boost|p1b: LET IT RIP|spd|1\n|-boost|p1b: LET IT RIP|spe|1\n|-damage|p1b: LET IT RIP|63/100\n|move|p2b: Rotom|Hydro Pump|p1a: The King\n|-supereffective|p1a: The King|1\n|-damage|p1a: The King|0 fnt\n|faint|p1a: The King\n|cant|p2a: Incineroar|flinch\n|\n|-heal|p1b: LET IT RIP|69/100|[from] item: Leftovers\n|upkeep\n|\n|t:|1776230243\n|switch|p1a: thinking of name|Tyranitar, L50, M|94/100 brn\n|-weather|Sandstorm|[from] ability: Sand Stream|[of] p1a: thinking of name\n|turn|7\n|inactive|pokeveteran04 has 30 seconds left.\n|inactive|pokeveteran04 has 20 seconds left.\n|inactive|pokeveteran04 has 15 seconds left.\n|\n|t:|1776230285\n|move|p2b: Rotom|Protect|p2b: Rotom\n|-singleturn|p2b: Rotom|Protect\n|move|p1b: LET IT RIP|Clanging Scales|p2a: Incineroar|[spread] p2a\n|-activate|p2b: Rotom|move: Protect\n|-damage|p2a: Incineroar|29/100\n|-unboost|p1b: LET IT RIP|def|1\n|move|p1a: thinking of name|Knock Off|p2a: Incineroar\n|-resisted|p2a: Incineroar|1\n|-damage|p2a: Incineroar|20/100\n|move|p2a: Incineroar|Parting Shot|p1b: LET IT RIP\n|-unboost|p1b: LET IT RIP|atk|1\n|-unboost|p1b: LET IT RIP|spa|1\n|\n|t:|1776230296\n|switch|p2a: Garchomp|Garchomp, L50, M|80/100|[from] Parting Shot\n|\n|-weather|Sandstorm|[upkeep]\n|-damage|p2b: Rotom|5/100|[from] Sandstorm\n|-heal|p1b: LET IT RIP|75/100|[from] item: Leftovers\n|-damage|p1a: thinking of name|88/100 brn|[from] brn\n|upkeep\n|turn|8\n|\n|t:|1776230319\n|switch|p2a: Incineroar|Incineroar, L50, M|20/100\n|-ability|p2a: Incineroar|Intimidate|boost\n|-unboost|p1a: thinking of name|atk|1\n|-unboost|p1b: LET IT RIP|atk|1\n|move|p1b: LET IT RIP|Protect|p1b: LET IT RIP\n|-singleturn|p1b: LET IT RIP|Protect\n|move|p1a: thinking of name|Knock Off|p2a: Incineroar\n|-resisted|p2a: Incineroar|1\n|-damage|p2a: Incineroar|14/100\n|move|p2b: Rotom|Hydro Pump|p1a: thinking of name\n|-supereffective|p1a: thinking of name|1\n|-damage|p1a: thinking of name|24/100 brn\n|\n|-weather|Sandstorm|[upkeep]\n|-damage|p2b: Rotom|0 fnt|[from] Sandstorm\n|-damage|p2a: Incineroar|8/100|[from] Sandstorm\n|faint|p2b: Rotom\n|-heal|p1b: LET IT RIP|81/100|[from] item: Leftovers\n|-damage|p1a: thinking of name|17/100 brn|[from] brn\n|upkeep\n|\n|t:|1776230334\n|switch|p2b: Garchomp|Garchomp, L50, M|80/100\n|turn|9\n|\n|t:|1776230349\n|move|p2a: Incineroar|Fake Out|p1b: LET IT RIP\n|-damage|p1b: LET IT RIP|62/100\n|move|p2b: Garchomp|Dragon Claw|p1b: LET IT RIP\n|-supereffective|p1b: LET IT RIP|1\n|-damage|p1b: LET IT RIP|0 fnt\n|faint|p1b: LET IT RIP\n|move|p1a: thinking of name|Knock Off|p2b: Garchomp\n|-damage|p2b: Garchomp|64/100\n|-damage|p1a: thinking of name|5/100 brn|[from] ability: Rough Skin|[of] p2b: Garchomp\n|-enditem|p2b: Garchomp|Choice Scarf|[from] move: Knock Off|[of] p1a: thinking of name\n|\n|-weather|Sandstorm|[upkeep]\n|-damage|p2a: Incineroar|2/100|[from] Sandstorm\n|-damage|p1a: thinking of name|0 fnt|[from] brn\n|faint|p1a: thinking of name\n|\n|win|pokeveteran04\n|n|\u2606mynamegrassgreen|mynamegrassgreen\n|n|\u2606pokeveteran04|pokeveteran04\n",
  "uploadtime": 1776230349,
  "views": 14,
  "formatid": "gen9championsvgc2026regma",
  "rating": null,
  "private": 0,
  "password": null
}