{
  "id": "gen9championsvgc2026regma-2586401010",
  "format": "[Gen 9 Champions] VGC 2026 Reg M-A",
  "players": [
    "Ferrii",
    "patas valentine"
  ],
  "log": "|j|\u2606Ferrii\n|j|\u2606patas valentine\n|t:|1776432023\n|gametype|doubles\n|player|p1|Ferrii|266|1053\n|player|p2|patas valentine|169|1117\n|gen|9\n|tier|[Gen 9 Champions] VGC 2026 Reg M-A\n|rated|\n|rule|Species Clause: Limit one of each Pok\u00e9mon\n|rule|Item Clause: Limit 1 of each item\n|clearpoke\n|poke|p1|Floette-Eternal, L50, F|\n|poke|p1|Incineroar, L50, F|\n|poke|p1|Sinistcha, L50|\n|poke|p1|Archaludon, L50, M|\n|poke|p1|Pelipper, L50, F|\n|poke|p1|Basculegion, L50, M|\n|poke|p2|Aerodactyl, L50, F|\n|poke|p2|Gengar, L50, F|\n|poke|p2|Sneasler, L50, F|\n|poke|p2|Orthworm, L50, M|\n|poke|p2|Milotic, L50, F|\n|poke|p2|Aegislash, L50, F|\n|teampreview|4\n|inactive|Battle timer is ON: inactive players will automatically lose when time's up. (requested by patas valentine)\npatas valentine has agreed to open team sheets.\n|\n|t:|1776432047\n|teamsize|p1|4\n|teamsize|p2|4\n|start\n|switch|p1a: Archaludon|Archaludon, L50, M|100/100\n|switch|p1b: Basculegion|Basculegion, L50, M|100/100\n|switch|p2a: Gengar|Gengar, L50, F|100/100\n|switch|p2b: Aerodactyl|Aerodactyl, L50, F, shiny|100/100\n|-ability|p2b: Aerodactyl|Unnerve\n|turn|1\n|\n|t:|1776432064\n|detailschange|p2a: Gengar|Gengar-Mega, L50, F\n|-mega|p2a: Gengar|Gengar|Gengarite\n|move|p1b: Basculegion|Flip Turn|p2b: Aerodactyl\n|-supereffective|p2b: Aerodactyl|1\n|-enditem|p2b: Aerodactyl|Focus Sash\n|-damage|p2b: Aerodactyl|1/100\n|\n|t:|1776432070\n|switch|p1b: Pelipper|Pelipper, L50, F|100/100|[from] Flip Turn\n|-weather|RainDance|[from] ability: Drizzle|[of] p1b: Pelipper\n|move|p2b: Aerodactyl|Tailwind|p2b: Aerodactyl\n|-sidestart|p2: patas valentine|move: Tailwind\n|move|p2a: Gengar|Shadow Ball|p1b: Pelipper\n|-damage|p1b: Pelipper|6/100\n|move|p1a: Archaludon|Electro Shot||[still]\n|-prepare|p1a: Archaludon|Electro Shot\n|-boost|p1a: Archaludon|spa|1\n|-anim|p1a: Archaludon|Electro Shot|p2b: Aerodactyl\n|-supereffective|p2b: Aerodactyl|1\n|-damage|p2b: Aerodactyl|0 fnt\n|faint|p2b: Aerodactyl\n|\n|-weather|RainDance|[upkeep]\n|upkeep\n|\n|t:|1776432082\n|switch|p2b: Aegislash|Aegislash, L50, F|100/100\n|turn|2\n|\n|t:|1776432104\n|move|p1a: Archaludon|Protect|p1a: Archaludon\n|-singleturn|p1a: Archaludon|Protect\n|move|p2a: Gengar|Shadow Ball|p1a: Archaludon\n|-activate|p1a: Archaludon|move: Protect\n|-formechange|p2b: Aegislash|Aegislash-Blade|\n|move|p2b: Aegislash|Poltergeist|p1a: Archaludon\n|-activate|p1a: Archaludon|move: Protect\n|move|p1b: Pelipper|Tailwind|p1b: Pelipper\n|-sidestart|p1: Ferrii|move: Tailwind\n|\n|-weather|RainDance|[upkeep]\n|upkeep\n|turn|3\n|\n|t:|1776432120\n|-formechange|p2b: Aegislash|Aegislash|\n|move|p2b: Aegislash|King's Shield|p2b: Aegislash\n|-singleturn|p2b: Aegislash|Protect\n|move|p2a: Gengar|Shadow Ball|p1a: Archaludon\n|-damage|p1a: Archaludon|42/100\n|-ability|p1a: Archaludon|Stamina|boost\n|-boost|p1a: Archaludon|def|1\n|move|p1b: Pelipper|Weather Ball|p2a: Gengar\n|-damage|p2a: Gengar|3/100\n|move|p1a: Archaludon|Electro Shot||[still]\n|-prepare|p1a: Archaludon|Electro Shot\n|-boost|p1a: Archaludon|spa|1\n|-anim|p1a: Archaludon|Electro Shot|p2a: Gengar\n|-damage|p2a: Gengar|0 fnt\n|faint|p2a: Gengar\n|\n|-weather|RainDance|[upkeep]\n|-heal|p1a: Archaludon|48/100|[from] item: Leftovers\n|upkeep\n|c|\u2606patas valentine|kil yurself\n|inactive|patas valentine has 30 seconds left.\n|inactive|patas valentine has 20 seconds left.\n|inactive|patas valentine has 15 seconds left.\n|inactive|patas valentine has 10 seconds left.\n|inactive|patas valentine has 5 seconds left.\n|\n|t:|1776432175\n|switch|p2a: Milotic|Milotic, L50, F|100/100\n|turn|4\n|inactive|Ferrii has 30 seconds left.\n|inactive|patas valentine has 30 seconds left.\n|inactive|patas valentine has 20 seconds left.\n|inactive|patas valentine has 15 seconds left.\n|inactive|patas valentine has 10 seconds left.\n|inactive|patas valentine has 5 seconds left.\n|\n|t:|1776432230\n|move|p1a: Archaludon|Protect|p1a: Archaludon\n|-singleturn|p1a: Archaludon|Protect\n|move|p1b: Pelipper|Hurricane|p2b: Aegislash\n|-resisted|p2b: Aegislash|1\n|-damage|p2b: Aegislash|83/100\n|move|p2a: Milotic|Muddy Water|p1b: Pelipper|[spread] \n|-activate|p1a: Archaludon|move: Protect\n|-miss|p2a: Milotic|p1b: Pelipper\n|-formechange|p2b: Aegislash|Aegislash-Blade|\n|move|p2b: Aegislash|Iron Head|p1a: Archaludon\n|-activate|p1a: Archaludon|move: Protect\n|\n|-weather|RainDance|[upkeep]\n|-heal|p1a: Archaludon|54/100|[from] item: Leftovers\n|-sideend|p2: patas valentine|move: Tailwind\n|upkeep\n|turn|5\n|inactive|Ferrii has 30 seconds left.\n|inactive|patas valentine has 30 seconds left.\n|inactive|patas valentine has 20 seconds left.\n|inactive|patas valentine has 15 seconds left.\n|inactive|patas valentine has 10 seconds left.\n|inactive|patas valentine has 5 seconds left.\n|\n|t:|1776432286\n|move|p1b: Pelipper|Hurricane|p2a: Milotic\n|-damage|p2a: Milotic|61/100\n|-start|p2a: Milotic|confusion\n|move|p1a: Archaludon|Electro Shot||[still]\n|-prepare|p1a: Archaludon|Electro Shot\n|-boost|p1a: Archaludon|spa|1\n|-anim|p1a: Archaludon|Electro Shot|p2a: Milotic\n|-supereffective|p2a: Milotic|1\n|-damage|p2a: Milotic|0 fnt\n|faint|p2a: Milotic\n|move|p2b: Aegislash|Iron Head|p1a: Archaludon\n|-resisted|p1a: Archaludon|1\n|-damage|p1a: Archaludon|44/100\n|-ability|p1a: Archaludon|Stamina|boost\n|-boost|p1a: Archaludon|def|1\n|\n|-weather|none\n|-heal|p1a: Archaludon|50/100|[from] item: Leftovers\n|-sideend|p1: Ferrii|move: Tailwind\n|upkeep\n|turn|6\n|inactive|patas valentine has 30 seconds left.\n|inactive|patas valentine has 20 seconds left.\n|inactive|patas valentine has 15 seconds left.\n|inactive|patas valentine has 10 seconds left.\n|inactive|patas valentine has 5 seconds left.\n|\n|t:|1776432341\n|move|p1b: Pelipper|Tailwind|p1b: Pelipper\n|-sidestart|p1: Ferrii|move: Tailwind\n|move|p1a: Archaludon|Electro Shot||[still]\n|-prepare|p1a: Archaludon|Electro Shot\n|-boost|p1a: Archaludon|spa|1\n|move|p2b: Aegislash|Iron Head|p1b: Pelipper\n|-resisted|p1b: Pelipper|1\n|-damage|p1b: Pelipper|0 fnt\n|faint|p1b: Pelipper\n|\n|-heal|p1a: Archaludon|56/100|[from] item: Leftovers\n|upkeep\n|\n|t:|1776432354\n|switch|p1b: Sinistcha|Sinistcha, L50|100/100\n|-heal|p1a: Archaludon|81/100|[from] ability: Hospitality|[of] p1b: Sinistcha\n|turn|7\n|inactive|patas valentine has 30 seconds left.\n|inactive|patas valentine has 20 seconds left.\n|inactive|patas valentine has 15 seconds left.\n|inactive|patas valentine has 10 seconds left.\n|inactive|patas valentine has 5 seconds left.\n|\n|t:|1776432410\n|switch|p1b: Basculegion|Basculegion, L50, M|100/100\n|move|p1a: Archaludon|Electro Shot|p2b: Aegislash|[from] lockedmove\n|-damage|p2b: Aegislash|0 fnt\n|faint|p2b: Aegislash\n|\n|win|Ferrii\n",
  "uploadtime": 1776432141,
  "views": 20,
  "formatid": "gen9championsvgc2026regma",
  "rating": null,
  "private": 0,
  "password": null
}