{
  "id": "gen9championsvgc2026regma-2583045749",
  "format": "[Gen 9 Champions] VGC 2026 Reg M-A",
  "players": [
    "ilabchknnuggets",
    "alt3rs0ul"
  ],
  "log": "|j|\u2606ilabchknnuggets\n|j|\u2606alt3rs0ul\n|t:|1776136296\n|gametype|doubles\n|player|p1|ilabchknnuggets|hooligans|1059\n|player|p2|alt3rs0ul|gambler|1033\n|gen|9\n|tier|[Gen 9 Champions] VGC 2026 Reg M-A\n|rated|\n|rule|Species Clause: Limit one of each Pok\u00e9mon\n|rule|Item Clause: Limit 1 of each item\n|clearpoke\n|poke|p1|Charizard, L50, M|\n|poke|p1|Venusaur, L50, F|\n|poke|p1|Garchomp, L50, F|\n|poke|p1|Rotom-Wash, L50|\n|poke|p1|Sneasler, L50, M|\n|poke|p1|Incineroar, L50, F|\n|poke|p2|Chesnaught, L50, M|\n|poke|p2|Golurk, L50|\n|poke|p2|Sinistcha, L50|\n|poke|p2|Farigiraf, L50, F|\n|poke|p2|Ninetales-Alola, L50, F|\n|poke|p2|Maushold-Four, L50|\n|teampreview|4\n|inactive|Battle timer is ON: inactive players will automatically lose when time's up. (requested by ilabchknnuggets)\nalt3rs0ul has agreed to open team sheets.\n|\n|t:|1776136327\n|teamsize|p1|4\n|teamsize|p2|4\n|start\n|switch|p1a: Charizard|Charizard, L50, M|100/100\n|switch|p1b: Venusaur|Venusaur, L50, F|100/100\n|switch|p2a: Maushold|Maushold-Four, L50|100/100\n|switch|p2b: Farigiraf|Farigiraf, L50, F|100/100\n|turn|1\n|inactive|ilabchknnuggets has 30 seconds left.\n|\n|t:|1776136357\n|move|p1a: Charizard|Protect|p1a: Charizard\n|-singleturn|p1a: Charizard|Protect\n|move|p2a: Maushold|Follow Me|p2a: Maushold\n|-singleturn|p2a: Maushold|move: Follow Me\n|move|p1b: Venusaur|Sleep Powder|p2a: Maushold\n|-status|p2a: Maushold|slp|[from] move: Sleep Powder\n|move|p2b: Farigiraf|Trick Room|p2b: Farigiraf\n|-fieldstart|move: Trick Room|[of] p2b: Farigiraf\n|\n|upkeep\n|turn|2\n|\n|t:|1776136384\n|switch|p2b: Golurk|Golurk, L50, shiny|100/100\n|switch|p1a: Incineroar|Incineroar, L50, F|100/100\n|-ability|p1a: Incineroar|Intimidate|boost\n|-unboost|p2a: Maushold|atk|1\n|-unboost|p2b: Golurk|atk|1\n|move|p1b: Venusaur|Sleep Powder|p2b: Golurk\n|-status|p2b: Golurk|slp|[from] move: Sleep Powder\n|cant|p2a: Maushold|slp\n|\n|upkeep\n|turn|3\n|\n|t:|1776136406\n|switch|p2b: Farigiraf|Farigiraf, L50, F|100/100\n|cant|p2a: Maushold|slp\n|move|p1a: Incineroar|Darkest Lariat|p2b: Farigiraf\n|-supereffective|p2b: Farigiraf|1\n|-damage|p2b: Farigiraf|34/100\n|move|p1b: Venusaur|Leaf Storm|p2b: Farigiraf\n|-damage|p2b: Farigiraf|0 fnt\n|-unboost|p1b: Venusaur|spa|2\n|faint|p2b: Farigiraf\n|\n|upkeep\n|\n|t:|1776136417\n|switch|p2b: Golurk|Golurk, L50, shiny|100/100 slp\n|turn|4\n|inactive|ilabchknnuggets has 30 seconds left.\n|inactive|ilabchknnuggets has 20 seconds left.\n|inactive|ilabchknnuggets has 15 seconds left.\n|\n|t:|1776136458\n|detailschange|p2b: Golurk|Golurk-Mega, L50, shiny\n|-mega|p2b: Golurk|Golurk|Golurkite\n|move|p1b: Venusaur|Protect|p1b: Venusaur\n|-singleturn|p1b: Venusaur|Protect\n|-curestatus|p2a: Maushold|slp|[msg]\n|move|p2a: Maushold|Follow Me|p2a: Maushold\n|-singleturn|p2a: Maushold|move: Follow Me\n|cant|p2b: Golurk|slp\n|move|p1a: Incineroar|Darkest Lariat|p2a: Maushold\n|-damage|p2a: Maushold|44/100\n|\n|upkeep\n|turn|5\n|inactive|alt3rs0ul has 30 seconds left.\n|\n|t:|1776136484\n|cant|p2b: Golurk|slp\n|move|p1a: Incineroar|Darkest Lariat|p2b: Golurk\n|-supereffective|p2b: Golurk|1\n|-damage|p2b: Golurk|41/100 slp\n|move|p1b: Venusaur|Sleep Powder|p2b: Golurk\n|-fail|p2b: Golurk|slp\n|move|p2a: Maushold|Taunt|p1b: Venusaur\n|-start|p1b: Venusaur|move: Taunt\n|\n|-fieldend|move: Trick Room\n|upkeep\n|turn|6\n|\n|t:|1776136499\n|switch|p2b: Sinistcha|Sinistcha, L50|100/100\n|-heal|p2a: Maushold|68/100|[from] ability: Hospitality|[of] p2b: Sinistcha\n|move|p2a: Maushold|Follow Me|p2a: Maushold\n|-singleturn|p2a: Maushold|move: Follow Me\n|move|p1b: Venusaur|Sludge Bomb|p2a: Maushold\n|-crit|p2a: Maushold\n|-damage|p2a: Maushold|0 fnt\n|faint|p2a: Maushold\n|move|p1a: Incineroar|Darkest Lariat|p2b: Sinistcha\n|-supereffective|p2b: Sinistcha|1\n|-damage|p2b: Sinistcha|36/100\n|-enditem|p2b: Sinistcha|Sitrus Berry|[eat]\n|-heal|p2b: Sinistcha|61/100|[from] item: Sitrus Berry\n|\n|upkeep\n|\n|t:|1776136512\n|switch|p2a: Golurk|Golurk-Mega, L50, shiny|41/100 slp\n|turn|7\n|\n|t:|1776136519\n|switch|p1b: Garchomp|Garchomp, L50, F|100/100\n|-curestatus|p2a: Golurk|slp|[msg]\n|move|p2a: Golurk|Protect|p2a: Golurk\n|-singleturn|p2a: Golurk|Protect\n|move|p1a: Incineroar|Darkest Lariat|p2b: Sinistcha\n|-supereffective|p2b: Sinistcha|1\n|-damage|p2b: Sinistcha|0 fnt\n|faint|p2b: Sinistcha\n|\n|upkeep\n|turn|8\n|-message|alt3rs0ul forfeited.\n|\n|win|ilabchknnuggets\n|raw|ilabchknnuggets's rating: 1059 &rarr; <strong>1088</strong><br />(+29 for winning)\n|raw|alt3rs0ul's rating: 1033 &rarr; <strong>1019</strong><br />(-14 for losing)\n|l|\u2606alt3rs0ul\n|player|p2|\n",
  "uploadtime": 1776136639,
  "views": 12,
  "formatid": "gen9championsvgc2026regma",
  "rating": 1019,
  "private": 0,
  "password": null
}