{
  "id": "gen9championsvgc2026regma-2583284700",
  "format": "[Gen 9 Champions] VGC 2026 Reg M-A",
  "players": [
    "Arutor",
    "ironman3168"
  ],
  "log": "|j|\u2606Arutor\n|j|\u2606ironman3168\n|t:|1776163115\n|gametype|doubles\n|player|p1|Arutor|drayden|1105\n|player|p2|ironman3168|ash|1149\n|gen|9\n|tier|[Gen 9 Champions] VGC 2026 Reg M-A\n|rated|\n|rule|Species Clause: Limit one of each Pok\u00e9mon\n|rule|Item Clause: Limit 1 of each item\n|clearpoke\n|poke|p1|Sableye, L50, M|\n|poke|p1|Umbreon, L50, M|\n|poke|p1|Tinkaton, L50, F|\n|poke|p1|Corviknight, L50, M|\n|poke|p1|Garchomp, L50, M|\n|poke|p1|Gengar, L50, M|\n|poke|p2|Charizard, L50, F|\n|poke|p2|Venusaur, L50, F|\n|poke|p2|Milotic, L50, M|\n|poke|p2|Archaludon, L50, M|\n|poke|p2|Whimsicott, L50, F|\n|poke|p2|Sneasler, L50, M|\n|teampreview|4\n|inactive|Battle timer is ON: inactive players will automatically lose when time's up. (requested by Arutor)\n|\n|t:|1776163145\n|teamsize|p1|4\n|teamsize|p2|4\n|start\n|switch|p1a: Sableye|Sableye, L50, M|100/100\n|switch|p1b: Garchomp|Garchomp, L50, M|100/100\n|switch|p2a: Whimsicott|Whimsicott, L50, F|100/100\n|switch|p2b: Archaludon|Archaludon, L50, M|100/100\n|turn|1\n|\n|t:|1776163169\n|move|p1a: Sableye|Taunt|p2a: Whimsicott\n|-start|p2a: Whimsicott|move: Taunt\n|move|p2b: Archaludon|Draco Meteor|p1b: Garchomp\n|-supereffective|p1b: Garchomp|1\n|-damage|p1b: Garchomp|0 fnt\n|-unboost|p2b: Archaludon|spa|2\n|faint|p1b: Garchomp\n|move|p2a: Whimsicott|Moonblast|p1a: Sableye\n|-supereffective|p1a: Sableye|1\n|-enditem|p1a: Sableye|Roseli Berry|[eat]\n|-enditem|p1a: Sableye|Roseli Berry|[weaken]\n|-damage|p1a: Sableye|62/100\n|\n|upkeep\n|\n|t:|1776163184\n|switch|p1b: Gengar|Gengar, L50, M, shiny|100/100\n|turn|2\n|\n|t:|1776163200\n|switch|p2b: Charizard|Charizard, L50, F, shiny|100/100\n|switch|p2a: Venusaur|Venusaur, L50, F|100/100\n|detailschange|p1b: Gengar|Gengar-Mega, L50, M, shiny\n|-mega|p1b: Gengar|Gengar|Gengarite\n|move|p1a: Sableye|Thunder Wave|p2b: Charizard\n|-status|p2b: Charizard|par\n|move|p1b: Gengar|Nasty Plot|p1b: Gengar\n|-boost|p1b: Gengar|spa|2\n|\n|upkeep\n|turn|3\n|inactive|Arutor has 30 seconds left.\n|\n|t:|1776163228\n|detailschange|p2b: Charizard|Charizard-Mega-X, L50, F, shiny\n|-mega|p2b: Charizard|Charizard|Charizardite X\n|move|p1a: Sableye|Rain Dance|p1a: Sableye\n|-weather|RainDance\n|move|p1b: Gengar|Thunderbolt|p2b: Charizard\n|-resisted|p2b: Charizard|1\n|-damage|p2b: Charizard|69/100 par\n|move|p2a: Venusaur|Sleep Powder|p1b: Gengar\n|-status|p1b: Gengar|slp|[from] move: Sleep Powder\n|move|p2b: Charizard|Dragon Dance|p2b: Charizard\n|-boost|p2b: Charizard|atk|1\n|-boost|p2b: Charizard|spe|1\n|\n|-weather|RainDance|[upkeep]\n|upkeep\n|turn|4\n|inactive|Arutor has 30 seconds left.\n|\n|t:|1776163254\n|move|p1a: Sableye|Thunder Wave|p2a: Venusaur\n|-status|p2a: Venusaur|par\n|cant|p1b: Gengar|slp\n|move|p2b: Charizard|Dragon Dance|p2b: Charizard\n|-boost|p2b: Charizard|atk|1\n|-boost|p2b: Charizard|spe|1\n|move|p2a: Venusaur|Sunny Day|p2a: Venusaur\n|-weather|SunnyDay\n|\n|-weather|SunnyDay|[upkeep]\n|upkeep\n|turn|5\n|inactive|ironman3168 has 30 seconds left.\n|\n|t:|1776163281\n|move|p1a: Sableye|Rain Dance|p1a: Sableye\n|-weather|RainDance\n|cant|p1b: Gengar|slp\n|move|p2b: Charizard|Flare Blitz|p1b: Gengar\n|-crit|p1b: Gengar\n|-damage|p1b: Gengar|0 fnt\n|faint|p1b: Gengar\n|-damage|p2b: Charizard|39/100 par|[from] Recoil\n|move|p2a: Venusaur|Sleep Powder|p1a: Sableye\n|-status|p1a: Sableye|slp|[from] move: Sleep Powder\n|\n|-weather|RainDance|[upkeep]\n|upkeep\n|\n|t:|1776163295\n|switch|p1b: Umbreon|Umbreon, L50, M|100/100\n|turn|6\n|\n|t:|1776163307\n|move|p2b: Charizard|Protect|p2b: Charizard\n|-singleturn|p2b: Charizard|Protect\n|move|p1b: Umbreon|Foul Play|p2b: Charizard\n|-activate|p2b: Charizard|move: Protect\n|move|p2a: Venusaur|Sleep Powder|p1b: Umbreon\n|-status|p1b: Umbreon|slp|[from] move: Sleep Powder\n|cant|p1a: Sableye|slp\n|\n|-weather|RainDance|[upkeep]\n|upkeep\n|turn|7\n|-message|Arutor forfeited.\n|\n|win|ironman3168\n|raw|Arutor's rating: 1105 &rarr; <strong>1083</strong><br />(-22 for losing)\n|raw|ironman3168's rating: 1149 &rarr; <strong>1171</strong><br />(+22 for winning)\n|l|\u2606Arutor\n|player|p1|\n",
  "uploadtime": 1776163328,
  "views": 20,
  "formatid": "gen9championsvgc2026regma",
  "rating": 1083,
  "private": 0,
  "password": null
}