{
  "id": "gen9championsvgc2026regma-2588822596",
  "format": "[Gen 9 Champions] VGC 2026 Reg M-A",
  "players": [
    "Bluersame",
    "willkeeper"
  ],
  "log": "|j|\u2606Bluersame\n|j|\u2606willkeeper\n|t:|1776675130\n|gametype|doubles\n|player|p1|Bluersame|1|1542\n|player|p2|willkeeper|yellow|1626\n|gen|9\n|tier|[Gen 9 Champions] VGC 2026 Reg M-A\n|rated|\n|rule|Species Clause: Limit one of each Pok\u00e9mon\n|rule|Item Clause: Limit 1 of each item\n|clearpoke\n|poke|p1|Gardevoir, L50, M|\n|poke|p1|Kangaskhan, L50, F|\n|poke|p1|Camerupt, L50, M|\n|poke|p1|Conkeldurr, L50, F|\n|poke|p1|Tinkaton, L50, F|\n|poke|p1|Farigiraf, L50, M|\n|poke|p2|Charizard, L50, F|\n|poke|p2|Tyranitar, L50, M|\n|poke|p2|Milotic, L50, F|\n|poke|p2|Incineroar, L50, M|\n|poke|p2|Sinistcha-Masterpiece, L50|\n|poke|p2|Sneasler, L50, F|\n|teampreview|4\n|inactive|Battle timer is ON: inactive players will automatically lose when time's up. (requested by willkeeper)\n|inactive|Bluersame has 60 seconds left.\n|\n|t:|1776675169\n|teamsize|p1|4\n|teamsize|p2|4\n|start\n|switch|p1a: Farigiraf|Farigiraf, L50, M|100/100\n|switch|p1b: Kangaskhan|Kangaskhan, L50, F|100/100\n|switch|p2a: Milotic|Milotic, L50, F|100/100\n|switch|p2b: Tyranitar|Tyranitar, L50, M|100/100\n|-weather|Sandstorm|[from] ability: Sand Stream|[of] p2b: Tyranitar\n|turn|1\n|\n|t:|1776675187\n|switch|p1a: Conkeldurr|Conkeldurr, L50, F|100/100\n|move|p2b: Tyranitar|Protect|p2b: Tyranitar\n|-singleturn|p2b: Tyranitar|Protect\n|move|p1b: Kangaskhan|Fake Out|p2a: Milotic\n|-damage|p2a: Milotic|79/100\n|cant|p2a: Milotic|flinch\n|\n|-weather|Sandstorm|[upkeep]\n|-damage|p2a: Milotic|73/100|[from] Sandstorm\n|-damage|p1b: Kangaskhan|94/100|[from] Sandstorm\n|-damage|p1a: Conkeldurr|95/100|[from] Sandstorm\n|-heal|p2a: Milotic|79/100|[from] item: Leftovers\n|upkeep\n|turn|2\n|\n|t:|1776675209\n|switch|p2b: Sinistcha|Sinistcha-Masterpiece, L50|100/100\n|-heal|p2a: Milotic|100/100|[from] ability: Hospitality|[of] p2b: Sinistcha\n|move|p2a: Milotic|Scald|p1b: Kangaskhan\n|-crit|p1b: Kangaskhan\n|-damage|p1b: Kangaskhan|55/100\n|move|p1b: Kangaskhan|Last Resort|p2a: Milotic\n|-damage|p2a: Milotic|28/100\n|move|p1a: Conkeldurr|Close Combat|p2a: Milotic\n|-damage|p2a: Milotic|0 fnt\n|-unboost|p1a: Conkeldurr|def|1\n|-unboost|p1a: Conkeldurr|spd|1\n|faint|p2a: Milotic\n|\n|-weather|Sandstorm|[upkeep]\n|-damage|p1b: Kangaskhan|49/100|[from] Sandstorm\n|-damage|p2b: Sinistcha|94/100|[from] Sandstorm\n|-damage|p1a: Conkeldurr|89/100|[from] Sandstorm\n|upkeep\n|\n|t:|1776675223\n|switch|p2a: Sneasler|Sneasler, L50, F|100/100\n|turn|3\n|inactive|Bluersame has 30 seconds left.\n|inactive|Bluersame has 20 seconds left.\n|inactive|Bluersame has 15 seconds left.\n|inactive|Bluersame has 10 seconds left.\n|\n|t:|1776675268\n|switch|p1b: Farigiraf|Farigiraf, L50, M|100/100\n|move|p2b: Sinistcha|Rage Powder|p2b: Sinistcha\n|-singleturn|p2b: Sinistcha|move: Rage Powder\n|move|p1a: Conkeldurr|Mach Punch|p2b: Sinistcha\n|-immune|p2b: Sinistcha\n|move|p2a: Sneasler|Close Combat|p1a: Conkeldurr\n|-damage|p1a: Conkeldurr|3/100\n|-unboost|p2a: Sneasler|def|1\n|-unboost|p2a: Sneasler|spd|1\n|-enditem|p2a: Sneasler|White Herb\n|-clearnegativeboost|p2a: Sneasler|[silent]\n|\n|-weather|Sandstorm|[upkeep]\n|-damage|p2a: Sneasler|95/100|[from] Sandstorm\n|-damage|p2b: Sinistcha|88/100|[from] Sandstorm\n|-damage|p1b: Farigiraf|94/100|[from] Sandstorm\n|-damage|p1a: Conkeldurr|0 fnt|[from] Sandstorm\n|faint|p1a: Conkeldurr\n|upkeep\n|\n|t:|1776675283\n|switch|p1a: Kangaskhan|Kangaskhan, L50, F|49/100\n|turn|4\n|\n|t:|1776675295\n|move|p1a: Kangaskhan|Fake Out|p2b: Sinistcha\n|-damage|p2b: Sinistcha|68/100\n|move|p2a: Sneasler|Close Combat|p1b: Farigiraf\n|-damage|p1b: Farigiraf|24/100\n|-unboost|p2a: Sneasler|def|1\n|-unboost|p2a: Sneasler|spd|1\n|cant|p2b: Sinistcha|flinch\n|move|p1b: Farigiraf|Trick Room|p1b: Farigiraf\n|-fieldstart|move: Trick Room|[of] p1b: Farigiraf\n|\n|-weather|Sandstorm|[upkeep]\n|-damage|p1b: Farigiraf|18/100|[from] Sandstorm\n|-damage|p2b: Sinistcha|62/100|[from] Sandstorm\n|-damage|p1a: Kangaskhan|42/100|[from] Sandstorm\n|-damage|p2a: Sneasler|89/100|[from] Sandstorm\n|upkeep\n|turn|5\n|inactive|Bluersame has 30 seconds left.\n|inactive|Bluersame has 20 seconds left.\n|inactive|Bluersame has 15 seconds left.\n|\n|t:|1776675338\n|switch|p1a: Camerupt|Camerupt, L50, M|100/100\n|switch|p2a: Tyranitar|Tyranitar, L50, M|100/100\n|move|p1b: Farigiraf|Psychic|p2a: Tyranitar\n|-immune|p2a: Tyranitar\n|move|p2b: Sinistcha|Matcha Gotcha|p1a: Camerupt|[spread] p1a,p1b\n|-damage|p1a: Camerupt|72/100\n|-heal|p2b: Sinistcha|76/100|[from] drain|[of] p1a: Camerupt\n|-damage|p1b: Farigiraf|0 fnt\n|-heal|p2b: Sinistcha|88/100|[from] drain|[of] p1b: Farigiraf\n|faint|p1b: Farigiraf\n|\n|-weather|none\n|upkeep\n|\n|t:|1776675353\n|switch|p1b: Kangaskhan|Kangaskhan, L50, F|42/100\n|turn|6\n|inactive|Bluersame has 30 seconds left.\n|\n|t:|1776675382\n|detailschange|p1a: Camerupt|Camerupt-Mega, L50, M\n|-mega|p1a: Camerupt|Camerupt|Cameruptite\n|detailschange|p2a: Tyranitar|Tyranitar-Mega, L50, M\n|-mega|p2a: Tyranitar|Tyranitar|Tyranitarite\n|-weather|Sandstorm|[from] ability: Sand Stream|[of] p2a: Tyranitar\n|move|p2a: Tyranitar|Protect|p2a: Tyranitar\n|-singleturn|p2a: Tyranitar|Protect\n|move|p1b: Kangaskhan|Fake Out|p2a: Tyranitar\n|-activate|p2a: Tyranitar|move: Protect\n|move|p1a: Camerupt|Heat Wave|p2b: Sinistcha|[spread] \n|-activate|p2a: Tyranitar|move: Protect\n|-miss|p1a: Camerupt|p2b: Sinistcha\n|move|p2b: Sinistcha|Trick Room|p2b: Sinistcha\n|-fieldend|move: Trick Room\n|\n|-weather|Sandstorm|[upkeep]\n|-damage|p1b: Kangaskhan|36/100|[from] Sandstorm\n|-damage|p2b: Sinistcha|81/100|[from] Sandstorm\n|upkeep\n|turn|7\n|j| trisew\n|\n|t:|1776675404\n|move|p2a: Tyranitar|Rock Slide|p1a: Camerupt|[spread] p1a,p1b\n|-damage|p1a: Camerupt|33/100\n|-damage|p1b: Kangaskhan|0 fnt\n|faint|p1b: Kangaskhan\n|move|p2b: Sinistcha|Matcha Gotcha|p1a: Camerupt\n|-damage|p1a: Camerupt|0 fnt\n|-heal|p2b: Sinistcha|98/100|[from] drain|[of] p1a: Camerupt\n|faint|p1a: Camerupt\n|\n|win|willkeeper\n|raw|Bluersame's rating: 1542 &rarr; <strong>1527</strong><br />(-15 for losing)\n|raw|willkeeper's rating: 1626 &rarr; <strong>1641</strong><br />(+15 for winning)\n|l|\u2606Bluersame\n|player|p1|\n|l| trisew\n|l|\u2606willkeeper\n|player|p2|\n",
  "uploadtime": 1776676296,
  "views": 9,
  "formatid": "gen9championsvgc2026regma",
  "rating": 1527,
  "private": 0,
  "password": null
}