{
  "id": "gen9championsvgc2026regma-2580464492",
  "format": "[Gen 9 Champions] VGC 2026 Reg M-A",
  "players": [
    "waterghostie",
    "Braute"
  ],
  "log": "|j|\u2606waterghostie\n|j|\u2606Braute\n|t:|1775900505\n|gametype|doubles\n|player|p1|waterghostie|youngcouple|1000\n|player|p2|Braute|miku-fire|1039\n|gen|9\n|tier|[Gen 9 Champions] VGC 2026 Reg M-A\n|rated|\n|rule|Species Clause: Limit one of each Pok\u00e9mon\n|rule|Item Clause: Limit 1 of each item\n|clearpoke\n|poke|p1|Scizor, L50, M|\n|poke|p1|Rotom-Wash, L50|\n|poke|p1|Serperior, L50, M|\n|poke|p1|Politoed, L50, F|\n|poke|p1|Maushold, L50|\n|poke|p1|Salazzle, L50, F|\n|poke|p2|Beedrill, L50, M|\n|poke|p2|Dragapult, L50, F|\n|poke|p2|Arcanine-Hisui, L50, F|\n|poke|p2|Sinistcha, L50|\n|poke|p2|Talonflame, L50, F|\n|poke|p2|Basculegion, L50, M|\n|teampreview|4\n|inactive|Battle timer is ON: inactive players will automatically lose when time's up. (requested by Braute)\n|inactive|waterghostie has 60 seconds left.\n|\n|t:|1775900543\n|teamsize|p1|4\n|teamsize|p2|4\n|start\n|switch|p1a: Salazzle|Salazzle, L50, F|100/100\n|switch|p1b: Scizor|Scizor, L50, M|100/100\n|switch|p2a: Beedrill|Beedrill, L50, M, shiny|100/100\n|switch|p2b: Basculegion|Basculegion, L50, M|100/100\n|turn|1\n|inactive|waterghostie has 30 seconds left.\n|inactive|Braute has 30 seconds left.\n|\n|t:|1775900576\n|switch|p1a: Rotom|Rotom-Wash, L50|100/100\n|switch|p2a: Sinistcha|Sinistcha, L50|100/100\n|detailschange|p1b: Scizor|Scizor-Mega, L50, M\n|-mega|p1b: Scizor|Scizor|Scizorite\n|move|p2b: Basculegion|Wave Crash|p1a: Rotom\n|-resisted|p1a: Rotom|1\n|-damage|p1a: Rotom|64/100\n|-damage|p2b: Basculegion|91/100|[from] Recoil\n|move|p1b: Scizor|Knock Off|p2b: Basculegion\n|-supereffective|p2b: Basculegion|1\n|-damage|p2b: Basculegion|0 fnt\n|-enditem|p2b: Basculegion|Choice Scarf|[from] move: Knock Off|[of] p1b: Scizor\n|faint|p2b: Basculegion\n|\n|upkeep\n|\n|t:|1775900590\n|switch|p2b: Dragapult|Dragapult, L50, F|100/100\n|turn|2\n|inactive|waterghostie has 30 seconds left.\n|inactive|waterghostie has 20 seconds left.\n|inactive|waterghostie has 15 seconds left.\n|\n|t:|1775900631\n|move|p1b: Scizor|Protect|p1b: Scizor\n|-singleturn|p1b: Scizor|Protect\n|move|p2b: Dragapult|Shadow Ball|p1b: Scizor\n|-activate|p1b: Scizor|move: Protect\n|move|p1a: Rotom|Volt Switch|p2b: Dragapult\n|-resisted|p2b: Dragapult|1\n|-damage|p2b: Dragapult|81/100\n|\n|t:|1775900639\n|switch|p1a: Maushold|Maushold, L50|100/100|[from] Volt Switch\n|move|p2a: Sinistcha|Matcha Gotcha|p1b: Scizor|[spread] p1a\n|-activate|p1b: Scizor|move: Protect\n|-damage|p1a: Maushold|63/100\n|\n|upkeep\n|turn|3\n|\n|t:|1775900659\n|move|p1a: Maushold|Follow Me|p1a: Maushold\n|-singleturn|p1a: Maushold|move: Follow Me\n|move|p2b: Dragapult|Draco Meteor|p1a: Maushold\n|-damage|p1a: Maushold|0 fnt\n|-unboost|p2b: Dragapult|spa|2\n|faint|p1a: Maushold\n|move|p1b: Scizor|Knock Off|p2b: Dragapult\n|-supereffective|p2b: Dragapult|1\n|-damage|p2b: Dragapult|0 fnt\n|-enditem|p2b: Dragapult|Spell Tag|[from] move: Knock Off|[of] p1b: Scizor\n|faint|p2b: Dragapult\n|move|p2a: Sinistcha|Matcha Gotcha|p1b: Scizor\n|-resisted|p1b: Scizor|2\n|-damage|p1b: Scizor|92/100\n|\n|upkeep\n|\n|t:|1775900673\n|switch|p2b: Beedrill|Beedrill, L50, M, shiny|100/100\n|switch|p1a: Salazzle|Salazzle, L50, F|100/100\n|turn|4\n|\n|t:|1775900690\n|detailschange|p2b: Beedrill|Beedrill-Mega, L50, M, shiny\n|-mega|p2b: Beedrill|Beedrill|Beedrillite\n|move|p1a: Salazzle|Fake Out|p2b: Beedrill\n|-damage|p2b: Beedrill|83/100\n|move|p2a: Sinistcha|Rage Powder|p2a: Sinistcha\n|-singleturn|p2a: Sinistcha|move: Rage Powder\n|cant|p2b: Beedrill|flinch\n|move|p1b: Scizor|Knock Off|p2a: Sinistcha\n|-supereffective|p2a: Sinistcha|1\n|-damage|p2a: Sinistcha|33/100\n|-enditem|p2a: Sinistcha|Sitrus Berry|[from] move: Knock Off|[of] p1b: Scizor\n|\n|upkeep\n|turn|5\n|inactive|waterghostie has 30 seconds left.\n|inactive|waterghostie has 20 seconds left.\n|inactive|waterghostie has 15 seconds left.\n|\n|t:|1775900731\n|move|p2b: Beedrill|Protect|p2b: Beedrill\n|-singleturn|p2b: Beedrill|Protect\n|move|p1a: Salazzle|Overheat|p2b: Beedrill\n|-activate|p2b: Beedrill|move: Protect\n|move|p1b: Scizor|Knock Off|p2a: Sinistcha\n|-supereffective|p2a: Sinistcha|1\n|-damage|p2a: Sinistcha|0 fnt\n|faint|p2a: Sinistcha\n|\n|upkeep\n|turn|6\n|-message|Braute forfeited.\n|\n|win|waterghostie\n|raw|waterghostie's rating: 1000 &rarr; <strong>1044</strong><br />(+44 for winning)\n|raw|Braute's rating: 1039 &rarr; <strong>1021</strong><br />(-18 for losing)\n",
  "uploadtime": 1775900740,
  "views": 14,
  "formatid": "gen9championsvgc2026regma",
  "rating": 1021,
  "private": 0,
  "password": null
}