{
  "id": "gen9championsvgc2026regma-2583745893",
  "format": "[Gen 9 Champions] VGC 2026 Reg M-A",
  "players": [
    "Nachofrize",
    "Spudspad"
  ],
  "log": "|j|\u2606Nachofrize\n|j|\u2606Spudspad\n|t:|1776194861\n|gametype|doubles\n|player|p1|Nachofrize|cynthia|1124\n|player|p2|Spudspad|proton|1200\n|gen|9\n|tier|[Gen 9 Champions] VGC 2026 Reg M-A\n|rated|\n|rule|Species Clause: Limit one of each Pok\u00e9mon\n|rule|Item Clause: Limit 1 of each item\n|clearpoke\n|poke|p1|Sableye, L50, M|\n|poke|p1|Aggron, L50, M|\n|poke|p1|Toxapex, L50, F|\n|poke|p1|Clefable, L50, M|\n|poke|p1|Conkeldurr, L50, F|\n|poke|p1|Rotom-Mow, L50|\n|poke|p2|Tyranitar, L50, F|\n|poke|p2|Glimmora, L50, F|\n|poke|p2|Kingambit, L50, M|\n|poke|p2|Palafin, L50, M|\n|poke|p2|Sinistcha, L50|\n|poke|p2|Aerodactyl, L50, M|\n|teampreview|4\n|inactive|Battle timer is ON: inactive players will automatically lose when time's up. (requested by Spudspad)\n|inactive|Spudspad has 60 seconds left.\n|\n|t:|1776194894\n|teamsize|p1|4\n|teamsize|p2|4\n|start\n|switch|p1a: Conkeldurr|Conkeldurr, L50, F|100/100\n|switch|p1b: Toxapex|Toxapex, L50, F|100/100\n|switch|p2a: Palafin|Palafin, L50, M|100/100\n|switch|p2b: Kingambit|Kingambit, L50, M|100/100\n|turn|1\n|inactive|Nachofrize has 30 seconds left.\n|\n|t:|1776194926\n|detailschange|p2a: Palafin|Palafin-Hero, L50, M\n|switch|p2a: Glimmora|Glimmora, L50, F|100/100\n|move|p2b: Kingambit|Protect|p2b: Kingambit\n|-singleturn|p2b: Kingambit|Protect\n|move|p1a: Conkeldurr|Drain Punch|p2b: Kingambit\n|-activate|p2b: Kingambit|move: Protect\n|move|p1b: Toxapex|Toxic|p2a: Glimmora\n|-immune|p2a: Glimmora\n|\n|upkeep\n|turn|2\n|\n|t:|1776194946\n|switch|p2b: Palafin|Palafin-Hero, L50, M|100/100\n|-activate|p2b: Palafin|ability: Zero to Hero\n|detailschange|p2a: Glimmora|Glimmora-Mega, L50, F\n|-mega|p2a: Glimmora|Glimmora|Glimmoranite\n|move|p1b: Toxapex|Wide Guard|p1b: Toxapex\n|-singleturn|p1b: Toxapex|Wide Guard\n|move|p2a: Glimmora|Sludge Bomb|p1a: Conkeldurr\n|-damage|p1a: Conkeldurr|13/100\n|move|p1a: Conkeldurr|Drain Punch|p2b: Palafin\n|-damage|p2b: Palafin|40/100\n|-heal|p1a: Conkeldurr|38/100|[from] drain|[of] p2b: Palafin\n|\n|upkeep\n|turn|3\n|inactive|Spudspad has 30 seconds left.\n|\n|t:|1776194971\n|move|p1a: Conkeldurr|Protect|p1a: Conkeldurr\n|-singleturn|p1a: Conkeldurr|Protect\n|move|p2b: Palafin|Jet Punch|p1a: Conkeldurr\n|-activate|p1a: Conkeldurr|move: Protect\n|move|p2a: Glimmora|Power Gem|p1b: Toxapex\n|-damage|p1b: Toxapex|56/100\n|move|p1b: Toxapex|Toxic|p2b: Palafin\n|-status|p2b: Palafin|tox\n|\n|-heal|p1b: Toxapex|62/100|[from] item: Leftovers\n|-damage|p2b: Palafin|35/100 tox|[from] psn\n|upkeep\n|turn|4\n|\n|t:|1776194991\n|move|p2b: Palafin|Jet Punch|p1a: Conkeldurr\n|-damage|p1a: Conkeldurr|0 fnt\n|faint|p1a: Conkeldurr\n|move|p2a: Glimmora|Power Gem|p1b: Toxapex\n|-damage|p1b: Toxapex|18/100\n|move|p1b: Toxapex|Liquidation|p2a: Glimmora\n|-supereffective|p2a: Glimmora|1\n|-damage|p2a: Glimmora|55/100\n|\n|-heal|p1b: Toxapex|24/100|[from] item: Leftovers\n|-damage|p2b: Palafin|23/100 tox|[from] psn\n|upkeep\n|\n|t:|1776195002\n|switch|p1a: Clefable|Clefable, L50, M|100/100\n|turn|5\n|\n|t:|1776195014\n|switch|p2b: Kingambit|Kingambit, L50, M|100/100\n|move|p1a: Clefable|Protect|p1a: Clefable\n|-singleturn|p1a: Clefable|Protect\n|move|p2a: Glimmora|Sludge Wave|p1a: Clefable|[spread] p1b\n|-activate|p1a: Clefable|move: Protect\n|-immune|p2b: Kingambit\n|-resisted|p1b: Toxapex|1\n|-damage|p1b: Toxapex|4/100\n|move|p1b: Toxapex|Liquidation|p2a: Glimmora\n|-supereffective|p2a: Glimmora|1\n|-damage|p2a: Glimmora|10/100\n|-unboost|p2a: Glimmora|def|1\n|\n|-heal|p1b: Toxapex|10/100|[from] item: Leftovers\n|upkeep\n|turn|6\n|inactive|Nachofrize has 30 seconds left.\n|inactive|Spudspad has 30 seconds left.\n|\n|t:|1776195050\n|move|p1b: Toxapex|Wide Guard|p1b: Toxapex\n|-singleturn|p1b: Toxapex|Wide Guard\n|move|p2b: Kingambit|Sucker Punch||[still]\n|-fail|p2b: Kingambit\n|move|p2a: Glimmora|Sludge Wave|p1a: Clefable|[spread] \n|-activate|p1a: Clefable|move: Wide Guard\n|-activate|p1b: Toxapex|move: Wide Guard\n|-immune|p2b: Kingambit\n|move|p1a: Clefable|Moonblast|p2a: Glimmora\n|-resisted|p2a: Glimmora|1\n|-damage|p2a: Glimmora|0 fnt\n|faint|p2a: Glimmora\n|\n|-heal|p1b: Toxapex|16/100|[from] item: Leftovers\n|upkeep\n|\n|t:|1776195064\n|switch|p2a: Palafin|Palafin-Hero, L50, M|23/100 tox\n|turn|7\n|\n|t:|1776195075\n|move|p1a: Clefable|Protect|p1a: Clefable\n|-singleturn|p1a: Clefable|Protect\n|move|p2a: Palafin|Wave Crash|p1a: Clefable\n|-activate|p1a: Clefable|move: Protect\n|move|p2b: Kingambit|Kowtow Cleave|p1b: Toxapex\n|-damage|p1b: Toxapex|0 fnt\n|faint|p1b: Toxapex\n|\n|-damage|p2a: Palafin|18/100 tox|[from] psn\n|upkeep\n|\n|t:|1776195084\n|switch|p1b: Aggron|Aggron, L50, M, shiny|100/100\n|turn|8\n|\n|t:|1776195102\n|detailschange|p1b: Aggron|Aggron-Mega, L50, M, shiny\n|-mega|p1b: Aggron|Aggron|Aggronite\n|move|p2a: Palafin|Protect|p2a: Palafin\n|-singleturn|p2a: Palafin|Protect\n|move|p1a: Clefable|Life Dew||[still]|[still]|[spread] \n|-fail|p1a: Clefable|heal\n|-fail|p1b: Aggron|heal\n|move|p1b: Aggron|Body Press|p2b: Kingambit\n|-supereffective|p2b: Kingambit|2\n|-damage|p2b: Kingambit|0 fnt\n|faint|p2b: Kingambit\n|\n|-damage|p2a: Palafin|6/100 tox|[from] psn\n|upkeep\n|\n|t:|1776195112\n|switch|p2b: Tyranitar|Tyranitar, L50, F|100/100\n|-weather|Sandstorm|[from] ability: Sand Stream|[of] p2b: Tyranitar\n|turn|9\n|\n|t:|1776195122\n|move|p1a: Clefable|Protect|p1a: Clefable\n|-singleturn|p1a: Clefable|Protect\n|move|p1b: Aggron|Protect|p1b: Aggron\n|-singleturn|p1b: Aggron|Protect\n|move|p2b: Tyranitar|Rock Slide|p1b: Aggron|[spread] \n|-activate|p1a: Clefable|move: Protect\n|-activate|p1b: Aggron|move: Protect\n|move|p2a: Palafin|Close Combat|p1b: Aggron\n|-activate|p1b: Aggron|move: Protect\n|\n|-weather|Sandstorm|[upkeep]\n|-damage|p2a: Palafin|0 fnt|[from] Sandstorm\n|-damage|p1a: Clefable|95/100|[from] Sandstorm\n|faint|p2a: Palafin\n|upkeep\n|turn|10\n|-message|Spudspad forfeited.\n|\n|win|Nachofrize\n|raw|Nachofrize's rating: 1124 &rarr; <strong>1154</strong><br />(+30 for winning)\n|raw|Spudspad's rating: 1200 &rarr; <strong>1170</strong><br />(-30 for losing)\n",
  "uploadtime": 1776195153,
  "views": 19,
  "formatid": "gen9championsvgc2026regma",
  "rating": 1154,
  "private": 0,
  "password": null
}