{
  "id": "gen9championsvgc2026regma-2585543770",
  "format": "[Gen 9 Champions] VGC 2026 Reg M-A",
  "players": [
    "Law_NBD",
    "JAY1983"
  ],
  "log": "|j|\u2606Law_NBD\n|j|\u2606JAY1983\n|t:|1776354505\n|gametype|doubles\n|player|p1|Law_NBD|1|1145\n|player|p2|JAY1983|dawn|1106\n|gen|9\n|tier|[Gen 9 Champions] VGC 2026 Reg M-A\n|rated|\n|rule|Species Clause: Limit one of each Pok\u00e9mon\n|rule|Item Clause: Limit 1 of each item\n|clearpoke\n|poke|p1|Scovillain, L50, F|\n|poke|p1|Milotic, L50, M|\n|poke|p1|Espathra, L50, F|\n|poke|p1|Sinistcha, L50|\n|poke|p1|Incineroar, L50, M|\n|poke|p1|Maushold, L50|\n|poke|p2|Whimsicott, L50, M|\n|poke|p2|Milotic, L50, F|\n|poke|p2|Sneasler, L50, F|\n|poke|p2|Archaludon, L50, M|\n|poke|p2|Kingambit, L50, F|\n|poke|p2|Alakazam, L50, F|\n|teampreview|4\n|inactive|Battle timer is ON: inactive players will automatically lose when time's up. (requested by Law_NBD)\n|\n|t:|1776354541\n|teamsize|p1|4\n|teamsize|p2|4\n|start\n|switch|p1a: Incineroar|Incineroar, L50, M|100/100\n|switch|p1b: Espathra|Espathra, L50, F|100/100\n|switch|p2a: Whimsicott|Whimsicott, L50, M|100/100\n|switch|p2b: Milotic|Milotic, L50, F, shiny|100/100\n|-ability|p1a: Incineroar|Intimidate|boost\n|-unboost|p2a: Whimsicott|atk|1\n|-unboost|p2b: Milotic|atk|1\n|-ability|p2b: Milotic|Competitive|boost\n|-boost|p2b: Milotic|spa|2\n|turn|1\n|\n|t:|1776354552\n|move|p2a: Whimsicott|Protect|p2a: Whimsicott\n|-singleturn|p2a: Whimsicott|Protect\n|move|p2b: Milotic|Protect|p2b: Milotic\n|-singleturn|p2b: Milotic|Protect\n|move|p1a: Incineroar|Fake Out|p2b: Milotic\n|-activate|p2b: Milotic|move: Protect\n|move|p1b: Espathra|Calm Mind|p1b: Espathra\n|-boost|p1b: Espathra|spa|1\n|-boost|p1b: Espathra|spd|1\n|\n|-ability|p1b: Espathra|Speed Boost|boost\n|-boost|p1b: Espathra|spe|1\n|upkeep\n|turn|2\n|\n|t:|1776354572\n|move|p2a: Whimsicott|Encore|p1a: Incineroar\n|-hint|Since gen 7, Dark is immune to Prankster moves.\n|-immune|p1a: Incineroar\n|move|p1b: Espathra|Calm Mind|p1b: Espathra\n|-boost|p1b: Espathra|spa|1\n|-boost|p1b: Espathra|spd|1\n|move|p2b: Milotic|Scald|p1a: Incineroar\n|-supereffective|p1a: Incineroar|1\n|-damage|p1a: Incineroar|0 fnt\n|faint|p1a: Incineroar\n|\n|-ability|p1b: Espathra|Speed Boost|boost\n|-boost|p1b: Espathra|spe|1\n|upkeep\n|\n|t:|1776354582\n|switch|p1a: Scovillain|Scovillain, L50, F|100/100\n|turn|3\n|\n|t:|1776354595\n|detailschange|p1a: Scovillain|Scovillain-Mega, L50, F\n|-mega|p1a: Scovillain|Scovillain|Scovillainite\n|move|p1a: Scovillain|Rage Powder|p1a: Scovillain\n|-singleturn|p1a: Scovillain|move: Rage Powder\n|move|p2a: Whimsicott|Encore|p1b: Espathra\n|-start|p1b: Espathra|Encore\n|move|p1b: Espathra|Calm Mind|p1b: Espathra\n|-boost|p1b: Espathra|spa|1\n|-boost|p1b: Espathra|spd|1\n|move|p2b: Milotic|Flip Turn|p1a: Scovillain\n|-damage|p1a: Scovillain|91/100\n|-status|p2b: Milotic|brn|[from] ability: Spicy Spray|[of] p1a: Scovillain\n|\n|t:|1776354606\n|switch|p2b: Archaludon|Archaludon, L50, M|100/100|[from] Flip Turn\n|\n|-ability|p1b: Espathra|Speed Boost|boost\n|-boost|p1b: Espathra|spe|1\n|upkeep\n|turn|4\n|\n|t:|1776354621\n|move|p2a: Whimsicott|Tailwind|p2a: Whimsicott\n|-sidestart|p2: JAY1983|move: Tailwind\n|move|p2b: Archaludon|Draco Meteor|p1b: Espathra|[miss]\n|-miss|p2b: Archaludon|p1b: Espathra\n|move|p1b: Espathra|Calm Mind|p1b: Espathra\n|-boost|p1b: Espathra|spa|1\n|-boost|p1b: Espathra|spd|1\n|move|p1a: Scovillain|Leech Seed|p2b: Archaludon\n|-start|p2b: Archaludon|move: Leech Seed\n|\n|-damage|p2b: Archaludon|88/100|[from] Leech Seed|[of] p1a: Scovillain\n|-heal|p1a: Scovillain|100/100|[silent]\n|-ability|p1b: Espathra|Speed Boost|boost\n|-boost|p1b: Espathra|spe|1\n|upkeep\n|turn|5\n|\n|t:|1776354640\n|move|p1a: Scovillain|Rage Powder|p1a: Scovillain\n|-singleturn|p1a: Scovillain|move: Rage Powder\n|move|p1b: Espathra|Calm Mind|p1b: Espathra\n|-boost|p1b: Espathra|spa|1\n|-boost|p1b: Espathra|spd|1\n|move|p2a: Whimsicott|Moonblast|p1b: Espathra\n|-crit|p1b: Espathra\n|-damage|p1b: Espathra|44/100\n|move|p2b: Archaludon|Draco Meteor|p1a: Scovillain\n|-damage|p1a: Scovillain|38/100\n|-unboost|p2b: Archaludon|spa|2\n|-status|p2b: Archaludon|brn|[from] ability: Spicy Spray|[of] p1a: Scovillain\n|\n|-damage|p2b: Archaludon|76/100 brn|[from] Leech Seed|[of] p1a: Scovillain\n|-heal|p1a: Scovillain|49/100|[silent]\n|-damage|p2b: Archaludon|70/100 brn|[from] brn\n|-end|p1b: Espathra|Encore\n|-ability|p1b: Espathra|Speed Boost|boost\n|-boost|p1b: Espathra|spe|1\n|upkeep\n|turn|6\n|inactive|Law_NBD has 30 seconds left.\n|\n|t:|1776354667\n|move|p1b: Espathra|Baton Pass|p1b: Espathra\n|\n|t:|1776354669\n|switch|p1b: Sinistcha|Sinistcha, L50|100/100|[from] Baton Pass\n|move|p2a: Whimsicott|Moonblast|p1b: Sinistcha\n|-damage|p1b: Sinistcha|87/100\n|-unboost|p1b: Sinistcha|spa|1\n|move|p2b: Archaludon|Draco Meteor|p1b: Sinistcha\n|-damage|p1b: Sinistcha|75/100\n|-unboost|p2b: Archaludon|spa|2\n|move|p1a: Scovillain|Giga Drain|p2a: Whimsicott\n|-resisted|p2a: Whimsicott|1\n|-damage|p2a: Whimsicott|75/100\n|-heal|p1a: Scovillain|60/100|[from] drain|[of] p2a: Whimsicott\n|\n|-damage|p2b: Archaludon|58/100 brn|[from] Leech Seed|[of] p1a: Scovillain\n|-heal|p1a: Scovillain|71/100|[silent]\n|-damage|p2b: Archaludon|52/100 brn|[from] brn\n|upkeep\n|turn|7\n|\n|t:|1776354693\n|switch|p2b: Kingambit|Kingambit, L50, F|100/100\n|move|p2a: Whimsicott|Protect|p2a: Whimsicott\n|-singleturn|p2a: Whimsicott|Protect\n|move|p1b: Sinistcha|Matcha Gotcha|p2b: Kingambit|[spread] p2b\n|-activate|p2a: Whimsicott|move: Protect\n|-resisted|p2b: Kingambit|1\n|-damage|p2b: Kingambit|46/100\n|-heal|p1b: Sinistcha|100/100|[from] drain|[of] p2b: Kingambit\n|-status|p2b: Kingambit|brn\n|move|p1a: Scovillain|Giga Drain|p2a: Whimsicott\n|-activate|p2a: Whimsicott|move: Protect\n|\n|-damage|p2b: Kingambit|40/100 brn|[from] brn\n|-sideend|p2: JAY1983|move: Tailwind\n|upkeep\n|turn|8\n|\n|t:|1776354714\n|move|p1a: Scovillain|Rage Powder|p1a: Scovillain\n|-singleturn|p1a: Scovillain|move: Rage Powder\n|move|p2b: Kingambit|Sucker Punch||[still]\n|-fail|p2b: Kingambit\n|move|p1b: Sinistcha|Matcha Gotcha|p2a: Whimsicott|[spread] \n|-miss|p1b: Sinistcha|p2a: Whimsicott\n|-miss|p1b: Sinistcha|p2b: Kingambit\n|move|p2a: Whimsicott|Moonblast|p1b: Sinistcha\n|-damage|p1b: Sinistcha|89/100\n|\n|-damage|p2b: Kingambit|35/100 brn|[from] brn\n|upkeep\n|turn|9\n|-message|JAY1983 forfeited.\n|\n|win|Law_NBD\n|raw|Law_NBD's rating: 1145 &rarr; <strong>1167</strong><br />(+22 for winning)\n|raw|JAY1983's rating: 1106 &rarr; <strong>1084</strong><br />(-22 for losing)\n|l|\u2606JAY1983\n|player|p2|\n",
  "uploadtime": 1776354733,
  "views": 28,
  "formatid": "gen9championsvgc2026regma",
  "rating": 1084,
  "private": 0,
  "password": null
}