{
  "id": "gen9championsvgc2026regma-2580937306",
  "format": "[Gen 9 Champions] VGC 2026 Reg M-A",
  "players": [
    "crazyteck",
    "sigmaligma69"
  ],
  "log": "|j|\u2606crazyteck\n|j|\u2606sigmaligma69\n|t:|1775944873\n|gametype|doubles\n|player|p1|crazyteck|169|1000\n|player|p2|sigmaligma69|265|1000\n|gen|9\n|tier|[Gen 9 Champions] VGC 2026 Reg M-A\n|rated|\n|rule|Species Clause: Limit one of each Pok\u00e9mon\n|rule|Item Clause: Limit 1 of each item\n|clearpoke\n|poke|p1|Chandelure, L50, F|\n|poke|p1|Goodra-Hisui, L50, M|\n|poke|p1|Kingambit, L50, M|\n|poke|p1|Ninetales, L50, M|\n|poke|p1|Skarmory, L50, F|\n|poke|p1|Jolteon, L50, F|\n|poke|p2|Pidgeot, L50, F|\n|poke|p2|Banette, L50, F|\n|poke|p2|Mr. Rime, L50, M|\n|poke|p2|Aerodactyl, L50, F|\n|poke|p2|Tinkaton, L50, F|\n|poke|p2|Sneasler, L50, F|\n|teampreview|4\n|inactive|Battle timer is ON: inactive players will automatically lose when time's up. (requested by sigmaligma69)\n|\n|t:|1775944890\n|teamsize|p1|4\n|teamsize|p2|4\n|start\n|switch|p1a: Chandelure|Chandelure, L50, F|100/100\n|switch|p1b: Ninetales|Ninetales, L50, M|100/100\n|switch|p2a: Aerodactyl|Aerodactyl, L50, F|100/100\n|switch|p2b: Sneasler|Sneasler, L50, F|100/100\n|-ability|p2a: Aerodactyl|Unnerve\n|-weather|SunnyDay|[from] ability: Drought|[of] p1b: Ninetales\n|turn|1\n|\n|t:|1775944908\n|detailschange|p1a: Chandelure|Chandelure-Mega, L50, F\n|-mega|p1a: Chandelure|Chandelure|Chandelurite\n|move|p2b: Sneasler|Rock Slide|p1a: Chandelure|[spread] p1a,p1b\n|-supereffective|p1a: Chandelure|1\n|-supereffective|p1b: Ninetales|1\n|-damage|p1a: Chandelure|48/100\n|-damage|p1b: Ninetales|34/100\n|move|p2a: Aerodactyl|Rock Slide|p1a: Chandelure|[spread] p1a,p1b\n|-supereffective|p1a: Chandelure|1\n|-supereffective|p1b: Ninetales|1\n|-damage|p1a: Chandelure|0 fnt\n|-damage|p1b: Ninetales|0 fnt\n|faint|p1a: Chandelure\n|faint|p1b: Ninetales\n|\n|-weather|SunnyDay|[upkeep]\n|upkeep\n|\n|t:|1775944916\n|switch|p1b: Jolteon|Jolteon, L50, F|100/100\n|switch|p1a: Goodra|Goodra-Hisui, L50, M|100/100\n|turn|2\n|\n|t:|1775944924\n|move|p2b: Sneasler|Rock Slide|p1b: Jolteon|[spread] p1a,p1b\n|-resisted|p1a: Goodra|1\n|-damage|p1a: Goodra|90/100\n|-damage|p1b: Jolteon|61/100\n|move|p2a: Aerodactyl|Rock Slide|p1b: Jolteon|[spread] p1a,p1b\n|-resisted|p1a: Goodra|1\n|-damage|p1a: Goodra|75/100\n|-damage|p1b: Jolteon|1/100\n|cant|p1b: Jolteon|flinch\n|move|p1a: Goodra|Draco Meteor|p2b: Sneasler\n|-damage|p2b: Sneasler|35/100\n|-unboost|p1a: Goodra|spa|2\n|\n|-weather|SunnyDay|[upkeep]\n|-heal|p1a: Goodra|82/100|[from] item: Leftovers\n|upkeep\n|turn|3\n|\n|t:|1775944936\n|move|p2b: Sneasler|Rock Slide|p1a: Goodra|[spread] p1a,p1b\n|-resisted|p1a: Goodra|1\n|-damage|p1a: Goodra|71/100\n|-damage|p1b: Jolteon|0 fnt\n|faint|p1b: Jolteon\n|move|p2a: Aerodactyl|Rock Slide|p1a: Goodra\n|-resisted|p1a: Goodra|1\n|-damage|p1a: Goodra|52/100\n|cant|p1a: Goodra|flinch\n|\n|-weather|SunnyDay|[upkeep]\n|-heal|p1a: Goodra|58/100|[from] item: Leftovers\n|upkeep\n|turn|4\n|\n|t:|1775944941\n|move|p2b: Sneasler|Rock Slide|p1a: Goodra\n|-resisted|p1a: Goodra|1\n|-damage|p1a: Goodra|45/100\n|move|p2a: Aerodactyl|Rock Slide|p1a: Goodra\n|-resisted|p1a: Goodra|1\n|-damage|p1a: Goodra|27/100\n|move|p1a: Goodra|Surf|p2a: Aerodactyl|[spread] p2a,p2b\n|-supereffective|p2a: Aerodactyl|1\n|-crit|p2b: Sneasler\n|-damage|p2a: Aerodactyl|88/100\n|-damage|p2b: Sneasler|18/100\n|\n|-weather|SunnyDay|[upkeep]\n|-heal|p1a: Goodra|33/100|[from] item: Leftovers\n|upkeep\n|turn|5\n|-message|crazyteck forfeited.\n|\n|win|sigmaligma69\n|raw|crazyteck's rating: 1000 &rarr; <strong>1000</strong><br />(+0 for losing)\n|raw|sigmaligma69's rating: 1000 &rarr; <strong>1040</strong><br />(+40 for winning)\n|l|\u2606crazyteck\n|player|p1|\n",
  "uploadtime": 1775944952,
  "views": 13,
  "formatid": "gen9championsvgc2026regma",
  "rating": 1000,
  "private": 0,
  "password": null
}