{
  "id": "gen9championsvgc2026regma-2587376283",
  "format": "[Gen 9 Champions] VGC 2026 Reg M-A",
  "players": [
    "vnunesp12",
    "TwiLITEskies"
  ],
  "log": "|j|\u2606vnunesp12\n|j|\u2606TwiLITEskies\n|t:|1776526629\n|gametype|doubles\n|player|p1|vnunesp12|red|1092\n|player|p2|TwiLITEskies|101|1162\n|gen|9\n|tier|[Gen 9 Champions] VGC 2026 Reg M-A\n|rated|\n|rule|Species Clause: Limit one of each Pok\u00e9mon\n|rule|Item Clause: Limit 1 of each item\n|clearpoke\n|poke|p1|Manectric, L50, M|\n|poke|p1|Pelipper, L50, M|\n|poke|p1|Basculegion, L50, M|\n|poke|p1|Sneasler, L50, M|\n|poke|p1|Kingambit, L50, M|\n|poke|p1|Archaludon, L50, F|\n|poke|p2|Beedrill, L50, M|\n|poke|p2|Aerodactyl, L50, F|\n|poke|p2|Clefable, L50, M|\n|poke|p2|Kingambit, L50, M|\n|poke|p2|Jolteon, L50, F|\n|poke|p2|Lucario, L50, M|\n|teampreview|4\n|\n|t:|1776526673\n|teamsize|p1|4\n|teamsize|p2|4\n|start\n|switch|p1a: Luciano Juba|Manectric, L50, M|100/100\n|switch|p1b: Pulga|Sneasler, L50, M|100/100\n|switch|p2a: Aerodactyl|Aerodactyl, L50, F|100/100\n|switch|p2b: Kingambit|Kingambit, L50, M|100/100\n|turn|1\n|inactive|Battle timer is ON: inactive players will automatically lose when time's up. (requested by vnunesp12)\n|inactive|vnunesp12 has 60 seconds left.\n|inactive|TwiLITEskies has 60 seconds left.\n|\n|t:|1776526707\n|detailschange|p1a: Luciano Juba|Manectric-Mega, L50, M\n|-mega|p1a: Luciano Juba|Manectric|Manectite\n|-ability|p1a: Luciano Juba|Intimidate|boost\n|-unboost|p2a: Aerodactyl|atk|1\n|-unboost|p2b: Kingambit|atk|1\n|-ability|p2b: Kingambit|Defiant|boost\n|-boost|p2b: Kingambit|atk|2\n|move|p1b: Pulga|Fake Out|p2b: Kingambit\n|-resisted|p2b: Kingambit|1\n|-damage|p2b: Kingambit|95/100\n|move|p2a: Aerodactyl|Tailwind|p2a: Aerodactyl\n|-sidestart|p2: TwiLITEskies|move: Tailwind\n|cant|p2b: Kingambit|flinch\n|move|p1a: Luciano Juba|Flamethrower|p2b: Kingambit\n|-supereffective|p2b: Kingambit|1\n|-damage|p2b: Kingambit|20/100\n|\n|upkeep\n|turn|2\n|inactive|vnunesp12 has 30 seconds left.\n|inactive|vnunesp12 has 20 seconds left.\n|\n|t:|1776526744\n|switch|p1b: Ronaldo|Archaludon, L50, F|100/100\n|move|p1a: Luciano Juba|Protect|p1a: Luciano Juba\n|-singleturn|p1a: Luciano Juba|Protect\n|move|p2b: Kingambit|Sucker Punch||[still]\n|-fail|p2b: Kingambit\n|move|p2a: Aerodactyl|Dual Wingbeat|p1b: Ronaldo\n|-resisted|p1b: Ronaldo|1\n|-damage|p1b: Ronaldo|96/100\n|-ability|p1b: Ronaldo|Stamina|boost\n|-boost|p1b: Ronaldo|def|1\n|-resisted|p1b: Ronaldo|1\n|-damage|p1b: Ronaldo|93/100\n|-ability|p1b: Ronaldo|Stamina|boost\n|-boost|p1b: Ronaldo|def|1\n|-hitcount|p1b: Ronaldo|2\n|\n|-heal|p1b: Ronaldo|99/100|[from] item: Leftovers\n|upkeep\n|turn|3\n|inactive|vnunesp12 has 30 seconds left.\n|inactive|TwiLITEskies has 30 seconds left.\n|\n|t:|1776526775\n|switch|p1a: Pulga|Sneasler, L50, M|100/100\n|move|p2a: Aerodactyl|Rock Slide|p1a: Pulga|[spread] p1a,p1b\n|-resisted|p1a: Pulga|1\n|-resisted|p1b: Ronaldo|1\n|-damage|p1a: Pulga|87/100\n|-damage|p1b: Ronaldo|96/100\n|-ability|p1b: Ronaldo|Stamina|boost\n|-boost|p1b: Ronaldo|def|1\n|move|p2b: Kingambit|Kowtow Cleave|p1a: Pulga\n|-resisted|p1a: Pulga|1\n|-damage|p1a: Pulga|20/100\n|cant|p1b: Ronaldo|flinch\n|\n|-heal|p1b: Ronaldo|100/100|[from] item: Leftovers\n|upkeep\n|turn|4\n|inactive|vnunesp12 has 30 seconds left.\n|inactive|TwiLITEskies has 30 seconds left.\n|\n|t:|1776526805\n|move|p2b: Kingambit|Protect|p2b: Kingambit\n|-singleturn|p2b: Kingambit|Protect\n|move|p1a: Pulga|Protect|p1a: Pulga\n|-singleturn|p1a: Pulga|Protect\n|move|p2a: Aerodactyl|Dual Wingbeat|p1a: Pulga\n|-activate|p1a: Pulga|move: Protect\n|move|p1b: Ronaldo|Electro Shot||[still]\n|-prepare|p1b: Ronaldo|Electro Shot\n|-boost|p1b: Ronaldo|spa|1\n|\n|-sideend|p2: TwiLITEskies|move: Tailwind\n|upkeep\n|turn|5\n|inactive|vnunesp12 has 30 seconds left.\n|\n|t:|1776526835\n|switch|p1a: Luciano Juba|Manectric-Mega, L50, M|100/100\n|-ability|p1a: Luciano Juba|Intimidate|boost\n|-unboost|p2a: Aerodactyl|atk|1\n|-unboost|p2b: Kingambit|atk|1\n|-ability|p2b: Kingambit|Defiant|boost\n|-boost|p2b: Kingambit|atk|2\n|move|p2b: Kingambit|Sucker Punch||[still]\n|-fail|p2b: Kingambit\n|move|p2a: Aerodactyl|Rock Slide|p1a: Luciano Juba|[spread] p1a,p1b\n|-resisted|p1b: Ronaldo|1\n|-damage|p1a: Luciano Juba|81/100\n|-damage|p1b: Ronaldo|99/100\n|-ability|p1b: Ronaldo|Stamina|boost\n|-boost|p1b: Ronaldo|def|1\n|cant|p1b: Ronaldo|flinch\n|\n|-heal|p1b: Ronaldo|100/100|[from] item: Leftovers\n|upkeep\n|turn|6\n|inactive|vnunesp12 has 30 seconds left.\n|inactive|TwiLITEskies has 30 seconds left.\n|inactive|vnunesp12 has 20 seconds left.\n|\n|t:|1776526873\n|switch|p1a: Pulga|Sneasler, L50, M|20/100\n|move|p2a: Aerodactyl|Rock Slide|p1b: Ronaldo|[spread] p1a,p1b\n|-resisted|p1a: Pulga|1\n|-resisted|p1b: Ronaldo|1\n|-damage|p1a: Pulga|9/100\n|-damage|p1b: Ronaldo|99/100\n|-ability|p1b: Ronaldo|Stamina|boost\n|-boost|p1b: Ronaldo|def|1\n|move|p1b: Ronaldo|Electro Shot||[still]\n|-prepare|p1b: Ronaldo|Electro Shot\n|-boost|p1b: Ronaldo|spa|1\n|move|p2b: Kingambit|Kowtow Cleave|p1a: Pulga\n|-resisted|p1a: Pulga|1\n|-damage|p1a: Pulga|0 fnt\n|faint|p1a: Pulga\n|\n|-heal|p1b: Ronaldo|100/100|[from] item: Leftovers\n|upkeep\n|\n|t:|1776526892\n|switch|p1a: Luciano Juba|Manectric-Mega, L50, M|81/100\n|-ability|p1a: Luciano Juba|Intimidate|boost\n|-unboost|p2a: Aerodactyl|atk|1\n|-unboost|p2b: Kingambit|atk|1\n|-ability|p2b: Kingambit|Defiant|boost\n|-boost|p2b: Kingambit|atk|2\n|turn|7\n|\n|t:|1776526913\n|move|p1a: Luciano Juba|Protect|p1a: Luciano Juba\n|-singleturn|p1a: Luciano Juba|Protect\n|move|p2b: Kingambit|Sucker Punch||[still]\n|-fail|p2b: Kingambit\n|move|p2a: Aerodactyl|Rock Slide|p1b: Ronaldo|[spread] p1b\n|-activate|p1a: Luciano Juba|move: Protect\n|-resisted|p1b: Ronaldo|1\n|-damage|p1b: Ronaldo|99/100\n|-ability|p1b: Ronaldo|Stamina|boost\n|-boost|p1b: Ronaldo|def|1\n|move|p1b: Ronaldo|Electro Shot|p2b: Kingambit|[from] lockedmove\n|-damage|p2b: Kingambit|0 fnt\n|faint|p2b: Kingambit\n|\n|-heal|p1b: Ronaldo|100/100|[from] item: Leftovers\n|upkeep\n|\n|t:|1776526916\n|switch|p2b: Lucario|Lucario, L50, M|100/100\n|turn|8\n|inactive|vnunesp12 has 30 seconds left.\n|\n|t:|1776526946\n|move|p1b: Ronaldo|Protect|p1b: Ronaldo\n|-singleturn|p1b: Ronaldo|Protect\n|move|p2a: Aerodactyl|Rock Slide|p1a: Luciano Juba|[spread] p1a\n|-activate|p1b: Ronaldo|move: Protect\n|-damage|p1a: Luciano Juba|67/100\n|move|p1a: Luciano Juba|Volt Switch|p2a: Aerodactyl\n|-supereffective|p2a: Aerodactyl|1\n|-enditem|p2a: Aerodactyl|Focus Sash\n|-damage|p2a: Aerodactyl|1/100\n|\n|t:|1776526957\n|switch|p1a: \u00c9verton Ribeiro|Pelipper, L50, M|100/100|[from] Volt Switch\n|-weather|RainDance|[from] ability: Drizzle|[of] p1a: \u00c9verton Ribeiro\n|move|p2b: Lucario|Aura Sphere|p1b: Ronaldo\n|-activate|p1b: Ronaldo|move: Protect\n|\n|-weather|RainDance|[upkeep]\n|upkeep\n|turn|9\n|inactive|vnunesp12 has 30 seconds left.\n|inactive|vnunesp12 has 20 seconds left.\n|inactive|vnunesp12 has 15 seconds left.\n|\n|t:|1776527000\n|move|p2a: Aerodactyl|Tailwind|p2a: Aerodactyl\n|-sidestart|p2: TwiLITEskies|move: Tailwind\n|move|p2b: Lucario|Aura Sphere|p1b: Ronaldo\n|-supereffective|p1b: Ronaldo|1\n|-damage|p1b: Ronaldo|0 fnt\n|faint|p1b: Ronaldo\n|move|p1a: \u00c9verton Ribeiro|Tailwind|p1a: \u00c9verton Ribeiro\n|-sidestart|p1: vnunesp12|move: Tailwind\n|\n|-weather|RainDance|[upkeep]\n|upkeep\n|\n|t:|1776527009\n|switch|p1b: Luciano Juba|Manectric-Mega, L50, M|67/100\n|-ability|p1b: Luciano Juba|Intimidate|boost\n|-unboost|p2a: Aerodactyl|atk|1\n|-fail|p2b: Lucario|unboost|Attack|[from] ability: Inner Focus|[of] p2b: Lucario\n|turn|10\n|\n|t:|1776527023\n|move|p2a: Aerodactyl|Rock Slide|p1b: Luciano Juba|[spread] p1a,p1b\n|-supereffective|p1a: \u00c9verton Ribeiro|1\n|-damage|p1a: \u00c9verton Ribeiro|83/100\n|-damage|p1b: Luciano Juba|56/100\n|move|p1b: Luciano Juba|Thunder|p2b: Lucario\n|-damage|p2b: Lucario|3/100\n|move|p2b: Lucario|Nasty Plot|p2b: Lucario\n|-boost|p2b: Lucario|spa|2\n|move|p1a: \u00c9verton Ribeiro|Hurricane|p2b: Lucario\n|-damage|p2b: Lucario|0 fnt\n|faint|p2b: Lucario\n|\n|-weather|RainDance|[upkeep]\n|upkeep\n|\n|t:|1776527040\n|switch|p2b: Jolteon|Jolteon, L50, F|100/100\n|turn|11\n|\n|t:|1776527052\n|move|p1a: \u00c9verton Ribeiro|Protect|p1a: \u00c9verton Ribeiro\n|-singleturn|p1a: \u00c9verton Ribeiro|Protect\n|move|p2b: Jolteon|Alluring Voice|p1b: Luciano Juba\n|-damage|p1b: Luciano Juba|20/100\n|move|p2a: Aerodactyl|Rock Slide|p1b: Luciano Juba|[spread] p1b\n|-activate|p1a: \u00c9verton Ribeiro|move: Protect\n|-damage|p1b: Luciano Juba|9/100\n|move|p1b: Luciano Juba|Thunder|p2a: Aerodactyl\n|-supereffective|p2a: Aerodactyl|1\n|-damage|p2a: Aerodactyl|0 fnt\n|faint|p2a: Aerodactyl\n|\n|-weather|RainDance|[upkeep]\n|upkeep\n|turn|12\n|\n|t:|1776527076\n|move|p1b: Luciano Juba|Protect|p1b: Luciano Juba\n|-singleturn|p1b: Luciano Juba|Protect\n|move|p2b: Jolteon|Alluring Voice|p1b: Luciano Juba\n|-activate|p1b: Luciano Juba|move: Protect\n|move|p1a: \u00c9verton Ribeiro|Hurricane|p2b: Jolteon\n|-resisted|p2b: Jolteon|1\n|-damage|p2b: Jolteon|77/100\n|-start|p2b: Jolteon|confusion\n|\n|-weather|none\n|-sideend|p2: TwiLITEskies|move: Tailwind\n|-sideend|p1: vnunesp12|move: Tailwind\n|upkeep\n|turn|13\n|\n|t:|1776527098\n|-activate|p2b: Jolteon|confusion\n|-damage|p2b: Jolteon|66/100|[from] confusion\n|move|p1b: Luciano Juba|Flamethrower|p2b: Jolteon\n|-damage|p2b: Jolteon|22/100\n|move|p1a: \u00c9verton Ribeiro|Tailwind|p1a: \u00c9verton Ribeiro\n|-sidestart|p1: vnunesp12|move: Tailwind\n|\n|upkeep\n|turn|14\n|-message|TwiLITEskies forfeited.\n|\n|win|vnunesp12\n|raw|vnunesp12's rating: 1092 &rarr; <strong>1123</strong><br />(+31 for winning)\n|raw|TwiLITEskies's rating: 1162 &rarr; <strong>1132</strong><br />(-30 for losing)\n|l|\u2606TwiLITEskies\n|player|p2|\n",
  "uploadtime": 1776527132,
  "views": 21,
  "formatid": "gen9championsvgc2026regma",
  "rating": 1123,
  "private": 0,
  "password": null
}