{
  "id": "gen9championsvgc2026regma-2584510128",
  "format": "[Gen 9 Champions] VGC 2026 Reg M-A",
  "players": [
    "alvane98",
    "orionsayshi"
  ],
  "log": "|j|\u2606alvane98\n|j|\u2606orionsayshi\n|t:|1776265604\n|gametype|doubles\n|player|p1|alvane98|266|1088\n|player|p2|orionsayshi|elesa|1049\n|gen|9\n|tier|[Gen 9 Champions] VGC 2026 Reg M-A\n|rated|\n|rule|Species Clause: Limit one of each Pok\u00e9mon\n|rule|Item Clause: Limit 1 of each item\n|clearpoke\n|poke|p1|Scovillain, L50, F|\n|poke|p1|Primarina, L50, M|\n|poke|p1|Dragonite, L50, M|\n|poke|p1|Garchomp, L50, M|\n|poke|p1|Kingambit, L50, M|\n|poke|p1|Sneasler, L50, M|\n|poke|p2|Gengar, L50, F|\n|poke|p2|Sinistcha, L50|\n|poke|p2|Blastoise, L50, F|\n|poke|p2|Sableye, L50, M|\n|poke|p2|Kommo-o, L50, M|\n|poke|p2|Arcanine-Hisui, L50, M|\n|teampreview|4\n|inactive|Battle timer is ON: inactive players will automatically lose when time's up. (requested by alvane98)\n|\n|t:|1776265699\n|teamsize|p1|4\n|teamsize|p2|4\n|start\n|switch|p1a: Sneasler|Sneasler, L50, M|100/100\n|switch|p1b: Dragonite|Dragonite, L50, M|100/100\n|switch|p2a: Blastoise|Blastoise, L50, F|100/100\n|switch|p2b: Arcanine|Arcanine-Hisui, L50, M|100/100\n|turn|1\n|\n|t:|1776265717\n|move|p2a: Blastoise|Fake Out|p1b: Dragonite\n|-damage|p1b: Dragonite|96/100\n|move|p2b: Arcanine|Head Smash|p1b: Dragonite\n|-supereffective|p1b: Dragonite|1\n|-damage|p1b: Dragonite|0 fnt\n|faint|p1b: Dragonite\n|move|p1a: Sneasler|Coaching|p1: Dragonite|[notarget]\n|-fail|p1a: Sneasler\n|\n|upkeep\n|\n|t:|1776265727\n|switch|p1b: Scovillain|Scovillain, L50, F|100/100\n|turn|2\n|\n|t:|1776265740\n|detailschange|p1b: Scovillain|Scovillain-Mega, L50, F\n|-mega|p1b: Scovillain|Scovillain|Scovillainite\n|move|p1b: Scovillain|Rage Powder|p1b: Scovillain\n|-singleturn|p1b: Scovillain|move: Rage Powder\n|move|p2b: Arcanine|Head Smash|p1b: Scovillain\n|-supereffective|p1b: Scovillain|1\n|-damage|p1b: Scovillain|0 fnt\n|-immune|p2b: Arcanine\n|faint|p1b: Scovillain\n|move|p1a: Sneasler|Close Combat|p2b: Arcanine\n|-supereffective|p2b: Arcanine|1\n|-damage|p2b: Arcanine|0 fnt\n|-unboost|p1a: Sneasler|def|1\n|-unboost|p1a: Sneasler|spd|1\n|faint|p2b: Arcanine\n|move|p2a: Blastoise|Flip Turn|p1a: Sneasler\n|-damage|p1a: Sneasler|57/100\n|\n|t:|1776265753\n|switch|p2a: Gengar|Gengar, L50, F|100/100|[from] Flip Turn\n|\n|upkeep\n|\n|t:|1776265755\n|switch|p2b: Blastoise|Blastoise, L50, F|100/100\n|switch|p1b: Primarina|Primarina, L50, M|100/100\n|turn|3\n|\n|t:|1776265770\n|detailschange|p2a: Gengar|Gengar-Mega, L50, F\n|-mega|p2a: Gengar|Gengar|Gengarite\n|move|p1b: Primarina|Protect|p1b: Primarina\n|-singleturn|p1b: Primarina|Protect\n|move|p2b: Blastoise|Fake Out|p1b: Primarina\n|-activate|p1b: Primarina|move: Protect\n|move|p2a: Gengar|Perish Song|p2a: Gengar\n|-start|p1a: Sneasler|perish3|[silent]\n|-start|p1b: Primarina|perish3|[silent]\n|-start|p2a: Gengar|perish3|[silent]\n|-start|p2b: Blastoise|perish3|[silent]\n|-fieldactivate|move: Perish Song\n|move|p1a: Sneasler|Dire Claw|p2b: Blastoise\n|-damage|p2b: Blastoise|62/100\n|-status|p2b: Blastoise|psn|[from] ability: Poison Touch|[of] p1a: Sneasler\n|\n|-damage|p2b: Blastoise|49/100 psn|[from] psn\n|-start|p2a: Gengar|perish3\n|-start|p1a: Sneasler|perish3\n|-start|p2b: Blastoise|perish3\n|-start|p1b: Primarina|perish3\n|upkeep\n|-enditem|p2b: Blastoise|Sitrus Berry|[eat]\n|-heal|p2b: Blastoise|74/100 psn|[from] item: Sitrus Berry\n|turn|4\n|\n|t:|1776265793\n|move|p2a: Gengar|Protect|p2a: Gengar\n|-singleturn|p2a: Gengar|Protect\n|move|p2b: Blastoise|Protect|p2b: Blastoise\n|-singleturn|p2b: Blastoise|Protect\n|move|p1a: Sneasler|Dire Claw|p2b: Blastoise\n|-activate|p2b: Blastoise|move: Protect\n|move|p1b: Primarina|Hyper Voice|p2b: Blastoise|[spread] \n|-activate|p2a: Gengar|move: Protect\n|-activate|p2b: Blastoise|move: Protect\n|\n|-damage|p2b: Blastoise|62/100 psn|[from] psn\n|-start|p2a: Gengar|perish2\n|-start|p1a: Sneasler|perish2\n|-start|p2b: Blastoise|perish2\n|-start|p1b: Primarina|perish2\n|upkeep\n|turn|5\n|\n|t:|1776265807\n|switch|p2a: Sableye|Sableye, L50, M|100/100\n|move|p1a: Sneasler|Close Combat|p2b: Blastoise\n|-damage|p2b: Blastoise|0 fnt\n|-unboost|p1a: Sneasler|def|1\n|-unboost|p1a: Sneasler|spd|1\n|faint|p2b: Blastoise\n|move|p1b: Primarina|Hyper Voice|p2a: Sableye\n|-damage|p2a: Sableye|31/100\n|\n|-start|p1a: Sneasler|perish1\n|-start|p1b: Primarina|perish1\n|upkeep\n|\n|t:|1776265817\n|switch|p2b: Gengar|Gengar-Mega, L50, F|100/100\n|turn|6\n|\n|t:|1776265838\n|move|p2a: Sableye|Protect|p2a: Sableye\n|-singleturn|p2a: Sableye|Protect\n|move|p2b: Gengar|Protect|p2b: Gengar\n|-singleturn|p2b: Gengar|Protect\n|move|p1a: Sneasler|Dire Claw|p2a: Sableye\n|-activate|p2a: Sableye|move: Protect\n|move|p1b: Primarina|Hyper Voice|p2a: Sableye|[spread] \n|-activate|p2a: Sableye|move: Protect\n|-activate|p2b: Gengar|move: Protect\n|\n|-start|p1a: Sneasler|perish0\n|-start|p1b: Primarina|perish0\n|faint|p1a: Sneasler\n|faint|p1b: Primarina\n|\n|win|orionsayshi\n|raw|alvane98's rating: 1088 &rarr; <strong>1062</strong><br />(-26 for losing)\n|raw|orionsayshi's rating: 1049 &rarr; <strong>1085</strong><br />(+36 for winning)\n",
  "uploadtime": 1776265841,
  "views": 25,
  "formatid": "gen9championsvgc2026regma",
  "rating": 1062,
  "private": 0,
  "password": null
}