{
  "id": "gen9championsvgc2026regma-2583761522",
  "format": "[Gen 9 Champions] VGC 2026 Reg M-A",
  "players": [
    "MR.CAAG",
    "CoffeeMoffee"
  ],
  "log": "|j|\u2606MR.CAAG\n|j|\u2606CoffeeMoffee\n|t:|1776195934\n|gametype|doubles\n|player|p1|MR.CAAG|169|1104\n|player|p2|CoffeeMoffee|scientist|1106\n|gen|9\n|tier|[Gen 9 Champions] VGC 2026 Reg M-A\n|rated|\n|rule|Species Clause: Limit one of each Pok\u00e9mon\n|rule|Item Clause: Limit 1 of each item\n|clearpoke\n|poke|p1|Starmie, L50|\n|poke|p1|Aegislash, L50, M|\n|poke|p1|Sneasler, L50, F|\n|poke|p1|Pelipper, L50, M|\n|poke|p1|Archaludon, L50, M|\n|poke|p1|Maushold, L50|\n|poke|p2|Floette-Eternal, L50, F|\n|poke|p2|Kingambit, L50, M|\n|poke|p2|Garchomp, L50, F|\n|poke|p2|Incineroar, L50, M|\n|poke|p2|Rotom-Wash, L50|\n|poke|p2|Sinistcha, L50|\n|teampreview|4\n|inactive|Battle timer is ON: inactive players will automatically lose when time's up. (requested by CoffeeMoffee)\n|inactive|MR.CAAG has 60 seconds left.\n|inactive|CoffeeMoffee has 60 seconds left.\n|inactive|CoffeeMoffee has 30 seconds left.\n|inactive|CoffeeMoffee has 20 seconds left.\n|inactive|CoffeeMoffee has 15 seconds left.\n|\n|t:|1776196013\n|teamsize|p1|4\n|teamsize|p2|4\n|start\n|switch|p1a: Sneasler|Sneasler, L50, F|100/100\n|switch|p1b: Maushold|Maushold, L50|100/100\n|switch|p2a: Rotom|Rotom-Wash, L50, shiny|100/100\n|switch|p2b: Incineroar|Incineroar, L50, M, shiny|100/100\n|-ability|p2b: Incineroar|Intimidate|boost\n|-unboost|p1a: Sneasler|atk|1\n|-unboost|p1b: Maushold|atk|1\n|-enditem|p1a: Sneasler|White Herb\n|-clearnegativeboost|p1a: Sneasler|[silent]\n|turn|1\n|inactive|CoffeeMoffee has 30 seconds left.\n|\n|t:|1776196041\n|move|p2b: Incineroar|Fake Out|p1b: Maushold\n|-damage|p1b: Maushold|80/100\n|move|p1a: Sneasler|Close Combat|p2b: Incineroar\n|-supereffective|p2b: Incineroar|1\n|-enditem|p2b: Incineroar|Chople Berry|[eat]\n|-enditem|p2b: Incineroar|Chople Berry|[weaken]\n|-damage|p2b: Incineroar|42/100\n|-unboost|p1a: Sneasler|def|1\n|-unboost|p1a: Sneasler|spd|1\n|move|p2a: Rotom|Electroweb|p1b: Maushold|[spread] p1a,p1b\n|-damage|p1a: Sneasler|70/100\n|-damage|p1b: Maushold|55/100\n|-unboost|p1a: Sneasler|spe|1\n|-unboost|p1b: Maushold|spe|1\n|cant|p1b: Maushold|flinch\n|\n|upkeep\n|turn|2\n|inactive|MR.CAAG has 30 seconds left.\n|inactive|CoffeeMoffee has 30 seconds left.\n|inactive|MR.CAAG has 20 seconds left.\n|inactive|MR.CAAG has 15 seconds left.\n|\n|t:|1776196081\n|switch|p1b: Pelipper|Pelipper, L50, M|100/100\n|-weather|RainDance|[from] ability: Drizzle|[of] p1b: Pelipper\n|switch|p2b: Floette|Floette-Eternal, L50, F|100/100\n|move|p1a: Sneasler|Dire Claw|p2a: Rotom\n|-crit|p2a: Rotom\n|-damage|p2a: Rotom|19/100\n|move|p2a: Rotom|Electroweb|p1a: Sneasler|[spread] p1a\n|-miss|p2a: Rotom|p1b: Pelipper\n|-damage|p1a: Sneasler|31/100\n|-unboost|p1a: Sneasler|spe|1\n|\n|-weather|RainDance|[upkeep]\n|upkeep\n|turn|3\n|inactive|CoffeeMoffee has 30 seconds left.\n|inactive|MR.CAAG has 30 seconds left.\n|\n|t:|1776196114\n|move|p2b: Floette|Protect|p2b: Floette\n|-singleturn|p2b: Floette|Protect\n|move|p1b: Pelipper|Protect|p1b: Pelipper\n|-singleturn|p1b: Pelipper|Protect\n|move|p2a: Rotom|Electroweb|p1b: Pelipper|[spread] p1a\n|-activate|p1b: Pelipper|move: Protect\n|-damage|p1a: Sneasler|0 fnt\n|faint|p1a: Sneasler\n|\n|-weather|RainDance|[upkeep]\n|upkeep\n|\n|t:|1776196130\n|switch|p1a: Archaludon|Archaludon, L50, M|100/100\n|turn|4\n|\n|t:|1776196144\n|switch|p2b: Incineroar|Incineroar, L50, M, shiny|42/100\n|-ability|p2b: Incineroar|Intimidate|boost\n|-unboost|p1a: Archaludon|atk|1\n|-unboost|p1b: Pelipper|atk|1\n|switch|p1b: Maushold|Maushold, L50|55/100\n|move|p2a: Rotom|Electroweb|p1a: Archaludon|[spread] p1a,p1b\n|-resisted|p1a: Archaludon|1\n|-damage|p1a: Archaludon|93/100\n|-damage|p1b: Maushold|31/100\n|-unboost|p1a: Archaludon|spe|1\n|-unboost|p1b: Maushold|spe|1\n|-ability|p1a: Archaludon|Stamina|boost\n|-boost|p1a: Archaludon|def|1\n|move|p1a: Archaludon|Flash Cannon|p2b: Incineroar\n|-resisted|p2b: Incineroar|1\n|-damage|p2b: Incineroar|22/100\n|\n|-weather|RainDance|[upkeep]\n|-heal|p1a: Archaludon|99/100|[from] item: Leftovers\n|upkeep\n|turn|5\n|inactive|CoffeeMoffee has 30 seconds left.\n|\n|t:|1776196173\n|switch|p2a: Floette|Floette-Eternal, L50, F|100/100\n|move|p1a: Archaludon|Protect|p1a: Archaludon\n|-singleturn|p1a: Archaludon|Protect\n|move|p2b: Incineroar|Fake Out|p1a: Archaludon\n|-activate|p1a: Archaludon|move: Protect\n|move|p1b: Maushold|Feint|p2a: Floette\n|-damage|p2a: Floette|89/100\n|\n|-weather|RainDance|[upkeep]\n|-heal|p1a: Archaludon|100/100|[from] item: Leftovers\n|upkeep\n|turn|6\n|\n|t:|1776196191\n|switch|p1b: Pelipper|Pelipper, L50, M|100/100\n|switch|p2b: Sinistcha|Sinistcha, L50, shiny|100/100\n|-heal|p2a: Floette|100/100|[from] ability: Hospitality|[of] p2b: Sinistcha\n|move|p2a: Floette|Protect|p2a: Floette\n|-singleturn|p2a: Floette|Protect\n|move|p1a: Archaludon|Flash Cannon|p2a: Floette\n|-activate|p2a: Floette|move: Protect\n|\n|-weather|none\n|upkeep\n|turn|7\n|inactive|CoffeeMoffee has 30 seconds left.\n|\n|t:|1776196222\n|detailschange|p2a: Floette|Floette-Mega, L50, F\n|-mega|p2a: Floette|Floette|Floettite\n|-ability|p2a: Floette|Fairy Aura\n|move|p2b: Sinistcha|Rage Powder|p2b: Sinistcha\n|-singleturn|p2b: Sinistcha|move: Rage Powder\n|move|p2a: Floette|Calm Mind|p2a: Floette\n|-boost|p2a: Floette|spa|1\n|-boost|p2a: Floette|spd|1\n|move|p1b: Pelipper|Tailwind|p1b: Pelipper\n|-sidestart|p1: MR.CAAG|move: Tailwind\n|move|p1a: Archaludon|Flash Cannon|p2b: Sinistcha\n|-damage|p2b: Sinistcha|63/100\n|\n|upkeep\n|turn|8\n|inactive|CoffeeMoffee has 30 seconds left.\n|inactive|CoffeeMoffee has 20 seconds left.\n|inactive|CoffeeMoffee has 15 seconds left.\n|\n|t:|1776196265\n|move|p2b: Sinistcha|Rage Powder|p2b: Sinistcha\n|-singleturn|p2b: Sinistcha|move: Rage Powder\n|move|p1b: Pelipper|Hurricane|p2b: Sinistcha|[miss]\n|-miss|p1b: Pelipper|p2b: Sinistcha\n|move|p2a: Floette|Moonblast|p1b: Pelipper\n|-enditem|p1b: Pelipper|Focus Sash\n|-damage|p1b: Pelipper|1/100\n|move|p1a: Archaludon|Flash Cannon|p2b: Sinistcha\n|-damage|p2b: Sinistcha|28/100\n|-unboost|p2b: Sinistcha|spd|1\n|-enditem|p2b: Sinistcha|Sitrus Berry|[eat]\n|-heal|p2b: Sinistcha|53/100|[from] item: Sitrus Berry\n|\n|upkeep\n|turn|9\n|inactive|MR.CAAG has 30 seconds left.\n|\n|t:|1776196295\n|move|p2b: Sinistcha|Rage Powder|p2b: Sinistcha\n|-singleturn|p2b: Sinistcha|move: Rage Powder\n|move|p1b: Pelipper|Hurricane|p2b: Sinistcha\n|-supereffective|p2b: Sinistcha|1\n|-damage|p2b: Sinistcha|0 fnt\n|faint|p2b: Sinistcha\n|move|p2a: Floette|Dazzling Gleam|p1a: Archaludon|[spread] p1a,p1b\n|-damage|p1a: Archaludon|39/100\n|-damage|p1b: Pelipper|0 fnt\n|-ability|p1a: Archaludon|Stamina|boost\n|-boost|p1a: Archaludon|def|1\n|faint|p1b: Pelipper\n|move|p1a: Archaludon|Flash Cannon|p2a: Floette\n|-supereffective|p2a: Floette|1\n|-damage|p2a: Floette|64/100\n|-unboost|p2a: Floette|spd|1\n|\n|-heal|p1a: Archaludon|45/100|[from] item: Leftovers\n|upkeep\n|\n|t:|1776196309\n|switch|p1b: Maushold|Maushold, L50|31/100\n|switch|p2b: Incineroar|Incineroar, L50, M, shiny|22/100\n|-ability|p2b: Incineroar|Intimidate|boost\n|-unboost|p1a: Archaludon|atk|1\n|-unboost|p1b: Maushold|atk|1\n|turn|10\n|-message|MR.CAAG forfeited.\n|\n|win|CoffeeMoffee\n|raw|MR.CAAG's rating: 1104 &rarr; <strong>1079</strong><br />(-25 for losing)\n|raw|CoffeeMoffee's rating: 1106 &rarr; <strong>1131</strong><br />(+25 for winning)\n|l|\u2606MR.CAAG\n|player|p1|\n",
  "uploadtime": 1776196330,
  "views": 23,
  "formatid": "gen9championsvgc2026regma",
  "rating": 1079,
  "private": 0,
  "password": null
}