{
  "id": "gen9championsvgc2026regma-2583019865",
  "format": "[Gen 9 Champions] VGC 2026 Reg M-A",
  "players": [
    "hyunbelievable",
    "Watchingbleachh"
  ],
  "log": "|j|\u2606hyunbelievable\n|j|\u2606Watchingbleachh\n|t:|1776133931\n|gametype|doubles\n|player|p1|hyunbelievable|guzma|1174\n|player|p2|Watchingbleachh|265|1097\n|gen|9\n|tier|[Gen 9 Champions] VGC 2026 Reg M-A\n|rated|\n|rule|Species Clause: Limit one of each Pok\u00e9mon\n|rule|Item Clause: Limit 1 of each item\n|clearpoke\n|poke|p1|Floette-Eternal, L50, F|\n|poke|p1|Aerodactyl, L50, F|\n|poke|p1|Excadrill, L50, M|\n|poke|p1|Tyranitar, L50, F|\n|poke|p1|Orthworm, L50, F|\n|poke|p1|Rotom-Wash, L50|\n|poke|p2|Basculegion, L50, M|\n|poke|p2|Pelipper, L50, M|\n|poke|p2|Passimian, L50, M|\n|poke|p2|Meganium, L50, M|\n|poke|p2|Sneasler, L50, M|\n|poke|p2|Incineroar, L50, M|\n|teampreview|4\n|\n|t:|1776134011\n|teamsize|p1|4\n|teamsize|p2|4\n|start\n|switch|p1a: Floette|Floette-Eternal, L50, F|100/100\n|switch|p1b: Rotom|Rotom-Wash, L50|100/100\n|switch|p2a: Basculegion|Basculegion, L50, M|100/100\n|switch|p2b: Pelipper|Pelipper, L50, M|100/100\n|-weather|RainDance|[from] ability: Drizzle|[of] p2b: Pelipper\n|turn|1\n|inactive|Battle timer is ON: inactive players will automatically lose when time's up. (requested by hyunbelievable)\n|\n|t:|1776134042\n|switch|p1a: Tyranitar|Tyranitar, L50, F|100/100\n|-weather|Sandstorm|[from] ability: Sand Stream|[of] p1a: Tyranitar\n|switch|p2b: Meganium|Meganium, L50, M|100/100\n|move|p1b: Rotom|Discharge|p2a: Basculegion|[spread] p1a,p2a,p2b\n|-supereffective|p2a: Basculegion|1\n|-resisted|p2b: Meganium|1\n|-damage|p1a: Tyranitar|82/100\n|-damage|p2a: Basculegion|38/100\n|-damage|p2b: Meganium|88/100\n|-status|p2a: Basculegion|par\n|cant|p2a: Basculegion|par\n|\n|-weather|Sandstorm|[upkeep]\n|-damage|p1b: Rotom|95/100|[from] Sandstorm\n|-damage|p2b: Meganium|82/100|[from] Sandstorm\n|-damage|p2a: Basculegion|32/100 par|[from] Sandstorm\n|upkeep\n|turn|2\n|inactive|hyunbelievable has 30 seconds left.\n|inactive|Watchingbleachh has 30 seconds left.\n|inactive|hyunbelievable has 20 seconds left.\n|\n|t:|1776134078\n|switch|p2a: Pelipper|Pelipper, L50, M|100/100\n|-weather|RainDance|[from] ability: Drizzle|[of] p2a: Pelipper\n|detailschange|p2b: Meganium|Meganium-Mega, L50, M\n|-mega|p2b: Meganium|Meganium|Meganiumite\n|move|p1a: Tyranitar|Protect|p1a: Tyranitar\n|-singleturn|p1a: Tyranitar|Protect\n|move|p1b: Rotom|Discharge|p2a: Pelipper|[spread] p2a,p2b\n|-activate|p1a: Tyranitar|move: Protect\n|-supereffective|p2a: Pelipper|2\n|-resisted|p2b: Meganium|1\n|-damage|p2a: Pelipper|0 fnt\n|-damage|p2b: Meganium|69/100\n|faint|p2a: Pelipper\n|move|p2b: Meganium|Solar Beam||[still]\n|-prepare|p2b: Meganium|Solar Beam\n|-activate|p2b: Meganium|ability: Mega Sol\n|-anim|p2b: Meganium|Solar Beam|p1b: Rotom\n|-supereffective|p1b: Rotom|1\n|-damage|p1b: Rotom|0 fnt\n|faint|p1b: Rotom\n|\n|-weather|RainDance|[upkeep]\n|upkeep\n|\n|t:|1776134097\n|switch|p1b: Floette|Floette-Eternal, L50, F|100/100\n|switch|p2a: Basculegion|Basculegion, L50, M|32/100 par\n|turn|3\n|\n|t:|1776134113\n|switch|p1a: Excadrill|Excadrill, L50, M|100/100\n|detailschange|p1b: Floette|Floette-Mega, L50, F\n|-mega|p1b: Floette|Floette|Floettite\n|-ability|p1b: Floette|Fairy Aura\n|move|p2a: Basculegion|Wave Crash|p1b: Floette\n|-damage|p1b: Floette|6/100\n|-damage|p2a: Basculegion|3/100 par|[from] Recoil\n|move|p1b: Floette|Moonblast|p2a: Basculegion\n|-damage|p2a: Basculegion|0 fnt\n|faint|p2a: Basculegion\n|move|p2b: Meganium|Solar Beam||[still]\n|-prepare|p2b: Meganium|Solar Beam\n|-activate|p2b: Meganium|ability: Mega Sol\n|-anim|p2b: Meganium|Solar Beam|p1a: Excadrill\n|-enditem|p1a: Excadrill|Focus Sash\n|-damage|p1a: Excadrill|1/100\n|\n|-weather|RainDance|[upkeep]\n|upkeep\n|\n|t:|1776134130\n|switch|p2a: Passimian|Passimian, L50, M|100/100\n|turn|4\n|\n|t:|1776134154\n|move|p1a: Excadrill|Protect|p1a: Excadrill\n|-singleturn|p1a: Excadrill|Protect\n|move|p1b: Floette|Draining Kiss|p2a: Passimian\n|-supereffective|p2a: Passimian|1\n|-damage|p2a: Passimian|8/100\n|-heal|p1b: Floette|86/100|[from] drain|[of] p2a: Passimian\n|move|p2a: Passimian|Drain Punch|p1b: Floette\n|-resisted|p1b: Floette|1\n|-damage|p1b: Floette|68/100\n|-heal|p2a: Passimian|15/100|[from] drain|[of] p1b: Floette\n|-heal|p2a: Passimian|17/100|[from] item: Shell Bell|[of] p1b: Floette\n|move|p2b: Meganium|Solar Beam||[still]\n|-prepare|p2b: Meganium|Solar Beam\n|-activate|p2b: Meganium|ability: Mega Sol\n|-anim|p2b: Meganium|Solar Beam|p1b: Floette\n|-damage|p1b: Floette|13/100\n|\n|-weather|RainDance|[upkeep]\n|upkeep\n|turn|5\n|\n|t:|1776134172\n|switch|p1b: Tyranitar|Tyranitar, L50, F|82/100\n|-weather|Sandstorm|[from] ability: Sand Stream|[of] p1b: Tyranitar\n|move|p1a: Excadrill|Iron Head|p2b: Meganium\n|-supereffective|p2b: Meganium|1\n|-damage|p2b: Meganium|0 fnt\n|faint|p2b: Meganium\n|-ability|p2a: Passimian|Mega Sol|Receiver|[from] ability: Receiver|[of] p2b: Meganium\n|move|p2a: Passimian|Drain Punch|p1a: Excadrill\n|-supereffective|p1a: Excadrill|1\n|-damage|p1a: Excadrill|0 fnt\n|-heal|p2a: Passimian|18/100|[from] drain|[of] p1a: Excadrill\n|faint|p1a: Excadrill\n|-heal|p2a: Passimian|18/100|[from] item: Shell Bell|[of] p1: Excadrill\n|\n|-weather|Sandstorm|[upkeep]\n|-damage|p2a: Passimian|13/100|[from] Sandstorm\n|upkeep\n|\n|t:|1776134179\n|switch|p1a: Floette|Floette-Mega, L50, F|13/100\n|-ability|p1a: Floette|Fairy Aura\n|turn|6\n|-message|Watchingbleachh forfeited.\n|\n|win|hyunbelievable\n|raw|hyunbelievable's rating: 1174 &rarr; <strong>1194</strong><br />(+20 for winning)\n|raw|Watchingbleachh's rating: 1097 &rarr; <strong>1078</strong><br />(-19 for losing)\n",
  "uploadtime": 1776134187,
  "views": 9,
  "formatid": "gen9championsvgc2026regma",
  "rating": 1078,
  "private": 0,
  "password": null
}