{
  "id": "gen9championsvgc2026regma-2582163927",
  "format": "[Gen 9 Champions] VGC 2026 Reg M-A",
  "players": [
    "dannyfrags",
    "1#MiraidonHater"
  ],
  "log": "|j|\u2606dannyfrags\n|j|\u26061#MiraidonHater\n|t:|1776066151\n|gametype|doubles\n|player|p1|dannyfrags|lucas|1168\n|player|p2|1#MiraidonHater|169|1149\n|gen|9\n|tier|[Gen 9 Champions] VGC 2026 Reg M-A\n|rated|\n|rule|Species Clause: Limit one of each Pok\u00e9mon\n|rule|Item Clause: Limit 1 of each item\n|clearpoke\n|poke|p1|Froslass, L50, F|\n|poke|p1|Empoleon, L50, M|\n|poke|p1|Incineroar, L50, M|\n|poke|p1|Rotom-Frost, L50|\n|poke|p1|Garchomp, L50, M|\n|poke|p1|Kingambit, L50, M|\n|poke|p2|Kommo-o, L50, M|\n|poke|p2|Glimmora, L50, F|\n|poke|p2|Incineroar, L50, M|\n|poke|p2|Sinistcha, L50|\n|teampreview|4\n|\n|t:|1776066178\n|teamsize|p1|4\n|teamsize|p2|4\n|start\n|switch|p1a: Froslass|Froslass, L50, F|100/100\n|switch|p1b: Empoleon|Empoleon, L50, M|100/100\n|switch|p2a: Kommo-o|Kommo-o, L50, M|100/100\n|switch|p2b: Glimmora|Glimmora, L50, F|100/100\n|turn|1\n|inactive|Battle timer is ON: inactive players will automatically lose when time's up. (requested by 1#MiraidonHater)\n|\n|t:|1776066201\n|detailschange|p1a: Froslass|Froslass-Mega, L50, F\n|-mega|p1a: Froslass|Froslass|Froslassite\n|-weather|Snowscape|[from] ability: Snow Warning|[of] p1a: Froslass\n|detailschange|p2b: Glimmora|Glimmora-Mega, L50, F\n|-mega|p2b: Glimmora|Glimmora|Glimmoranite\n|move|p1a: Froslass|Aurora Veil|p1a: Froslass\n|-sidestart|p1: dannyfrags|move: Aurora Veil\n|move|p2b: Glimmora|Power Gem|p1a: Froslass\n|-supereffective|p1a: Froslass|1\n|-damage|p1a: Froslass|0 fnt\n|faint|p1a: Froslass\n|move|p2a: Kommo-o|Clangorous Soul|p2a: Kommo-o\n|-boost|p2a: Kommo-o|atk|1\n|-boost|p2a: Kommo-o|def|1\n|-boost|p2a: Kommo-o|spa|1\n|-boost|p2a: Kommo-o|spd|1\n|-boost|p2a: Kommo-o|spe|1\n|-damage|p2a: Kommo-o|68/100\n|move|p1b: Empoleon|Roar|p2a: Kommo-o\n|-immune|p2a: Kommo-o|[from] ability: Soundproof\n|\n|-weather|Snowscape|[upkeep]\n|-heal|p2a: Kommo-o|74/100|[from] item: Leftovers\n|upkeep\n|inactive|dannyfrags has 30 seconds left.\n|\n|t:|1776066228\n|switch|p1a: Incineroar|Incineroar, L50, M, shiny|100/100\n|-ability|p1a: Incineroar|Intimidate|boost\n|-unboost|p2a: Kommo-o|atk|1\n|-unboost|p2b: Glimmora|atk|1\n|turn|2\n|\n|t:|1776066241\n|move|p2b: Glimmora|Spiky Shield|p2b: Glimmora\n|-singleturn|p2b: Glimmora|move: Protect\n|move|p2a: Kommo-o|Protect|p2a: Kommo-o\n|-singleturn|p2a: Kommo-o|Protect\n|move|p1a: Incineroar|Fake Out|p2a: Kommo-o\n|-activate|p2a: Kommo-o|move: Protect\n|move|p1b: Empoleon|Flash Cannon|p2b: Glimmora\n|-activate|p2b: Glimmora|move: Protect\n|\n|-weather|Snowscape|[upkeep]\n|-heal|p2a: Kommo-o|80/100|[from] item: Leftovers\n|upkeep\n|turn|3\n|inactive|dannyfrags has 30 seconds left.\n|\n|t:|1776066269\n|switch|p1a: Garchomp|Garchomp, L50, M|100/100\n|move|p2b: Glimmora|Power Gem|p1a: Garchomp\n|-resisted|p1a: Garchomp|1\n|-damage|p1a: Garchomp|75/100\n|move|p2a: Kommo-o|Aura Sphere|p1b: Empoleon\n|-supereffective|p1b: Empoleon|1\n|-damage|p1b: Empoleon|54/100\n|move|p1b: Empoleon|Flash Cannon|p2b: Glimmora\n|-supereffective|p2b: Glimmora|1\n|-crit|p2b: Glimmora\n|-damage|p2b: Glimmora|0 fnt\n|faint|p2b: Glimmora\n|\n|-weather|Snowscape|[upkeep]\n|-heal|p2a: Kommo-o|86/100|[from] item: Leftovers\n|-heal|p1b: Empoleon|60/100|[from] item: Leftovers\n|upkeep\n|\n|t:|1776066283\n|switch|p2b: Incineroar|Incineroar, L50, M|100/100\n|-ability|p2b: Incineroar|Intimidate|boost\n|-unboost|p1a: Garchomp|atk|1\n|-unboost|p1b: Empoleon|atk|1\n|-ability|p1b: Empoleon|Competitive|boost\n|-boost|p1b: Empoleon|spa|2\n|-enditem|p1a: Garchomp|White Herb\n|-clearnegativeboost|p1a: Garchomp|[silent]\n|turn|4\n|inactive|dannyfrags has 30 seconds left.\n|inactive|dannyfrags has 20 seconds left.\n|inactive|dannyfrags has 15 seconds left.\n|\n|t:|1776066324\n|switch|p1a: Incineroar|Incineroar, L50, M, shiny|100/100\n|-ability|p1a: Incineroar|Intimidate|boost\n|-unboost|p2a: Kommo-o|atk|1\n|-unboost|p2b: Incineroar|atk|1\n|move|p1b: Empoleon|Protect|p1b: Empoleon\n|-singleturn|p1b: Empoleon|Protect\n|move|p2b: Incineroar|Fake Out|p1b: Empoleon\n|-activate|p1b: Empoleon|move: Protect\n|move|p2a: Kommo-o|Clanging Scales|p1a: Incineroar|[spread] p1a\n|-activate|p1b: Empoleon|move: Protect\n|-damage|p1a: Incineroar|76/100\n|-unboost|p2a: Kommo-o|def|1\n|\n|-weather|Snowscape|[upkeep]\n|-heal|p2a: Kommo-o|93/100|[from] item: Leftovers\n|-heal|p1b: Empoleon|65/100|[from] item: Leftovers\n|upkeep\n|turn|5\n|inactive|dannyfrags has 30 seconds left.\n|inactive|dannyfrags has 20 seconds left.\n|\n|t:|1776066361\n|switch|p2b: Sinistcha|Sinistcha, L50|100/100\n|-heal|p2a: Kommo-o|100/100|[from] ability: Hospitality|[of] p2b: Sinistcha\n|move|p2a: Kommo-o|Protect|p2a: Kommo-o\n|-singleturn|p2a: Kommo-o|Protect\n|move|p1a: Incineroar|Fake Out|p2a: Kommo-o\n|-activate|p2a: Kommo-o|move: Protect\n|move|p1b: Empoleon|Water Pulse|p2b: Sinistcha\n|-resisted|p2b: Sinistcha|1\n|-damage|p2b: Sinistcha|65/100\n|-start|p2b: Sinistcha|confusion\n|\n|-weather|none\n|-heal|p1b: Empoleon|71/100|[from] item: Leftovers\n|-sideend|p1: dannyfrags|move: Aurora Veil\n|upkeep\n|turn|6\n|\n|t:|1776066385\n|switch|p2b: Incineroar|Incineroar, L50, M|100/100\n|-ability|p2b: Incineroar|Intimidate|boost\n|-unboost|p1a: Incineroar|atk|1\n|-unboost|p1b: Empoleon|atk|1\n|-ability|p1b: Empoleon|Competitive|boost\n|-boost|p1b: Empoleon|spa|2\n|move|p2a: Kommo-o|Aura Sphere|p1b: Empoleon\n|-supereffective|p1b: Empoleon|1\n|-damage|p1b: Empoleon|0 fnt\n|faint|p1b: Empoleon\n|move|p1a: Incineroar|Flare Blitz|p2b: Incineroar\n|-resisted|p2b: Incineroar|1\n|-damage|p2b: Incineroar|82/100\n|-damage|p1a: Incineroar|70/100|[from] Recoil\n|\n|upkeep\n|\n|t:|1776066398\n|switch|p1b: Garchomp|Garchomp, L50, M|75/100\n|turn|7\n|-message|dannyfrags forfeited.\n|\n|win|1#MiraidonHater\n|raw|dannyfrags's rating: 1168 &rarr; <strong>1142</strong><br />(-26 for losing)\n|raw|1#MiraidonHater's rating: 1149 &rarr; <strong>1175</strong><br />(+26 for winning)\n|l|\u2606dannyfrags\n|player|p1|\n|j| porygon-epilepz\n|l| porygon-epilepz\n|j| porygon-epilepz\n",
  "uploadtime": 1776066418,
  "views": 17,
  "formatid": "gen9championsvgc2026regma",
  "rating": 1142,
  "private": 0,
  "password": null
}