{
  "id": "gen9championsvgc2026regma-2585054599",
  "format": "[Gen 9 Champions] VGC 2026 Reg M-A",
  "players": [
    "meyownaze2",
    "Tempest Flute"
  ],
  "log": "|j|\u2606meyownaze2\n|j|\u2606Tempest Flute\n|t:|1776307189\n|gametype|doubles\n|player|p1|meyownaze2|preschooler|1360\n|player|p2|Tempest Flute|youngster-gen1rb|1483\n|gen|9\n|tier|[Gen 9 Champions] VGC 2026 Reg M-A\n|rated|\n|rule|Species Clause: Limit one of each Pok\u00e9mon\n|rule|Item Clause: Limit 1 of each item\n|clearpoke\n|poke|p1|Aggron, L50, M|\n|poke|p1|Sinistcha-Masterpiece, L50|\n|poke|p1|Tyranitar, L50, M|\n|poke|p1|Aerodactyl, L50, M|\n|poke|p1|Sneasler, L50, F|\n|poke|p1|Primarina, L50, M|\n|poke|p2|Corviknight, L50, F|\n|poke|p2|Tyranitar, L50, F|\n|poke|p2|Sinistcha, L50|\n|poke|p2|Basculegion, L50, M|\n|poke|p2|Excadrill, L50, M|\n|poke|p2|Rotom-Heat, L50|\n|teampreview|4\n|inactive|Battle timer is ON: inactive players will automatically lose when time's up. (requested by Tempest Flute)\n|inactive|meyownaze2 has 60 seconds left.\n|inactive|Tempest Flute has 60 seconds left.\n|\n|t:|1776307241\n|teamsize|p1|4\n|teamsize|p2|4\n|start\n|switch|p1a: Aggron James|Aggron, L50, M|100/100\n|switch|p1b: Primarinaz Reid|Primarina, L50, M|100/100\n|switch|p2a: Rotom|Rotom-Heat, L50|100/100\n|switch|p2b: Corviknight|Corviknight, L50, F|100/100\n|turn|1\n|\n|t:|1776307251\n|detailschange|p1a: Aggron James|Aggron-Mega, L50, M\n|-mega|p1a: Aggron James|Aggron|Aggronite\n|move|p1a: Aggron James|Protect|p1a: Aggron James\n|-singleturn|p1a: Aggron James|Protect\n|move|p2a: Rotom|Thunderbolt|p1b: Primarinaz Reid\n|-supereffective|p1b: Primarinaz Reid|1\n|-damage|p1b: Primarinaz Reid|13/100\n|move|p2b: Corviknight|Tailwind|p2b: Corviknight\n|-sidestart|p2: Tempest Flute|move: Tailwind\n|move|p1b: Primarinaz Reid|Hyper Voice|p2b: Corviknight|[spread] p2a,p2b\n|-supereffective|p2a: Rotom|1\n|-damage|p2a: Rotom|7/100\n|-damage|p2b: Corviknight|63/100\n|\n|-heal|p2b: Corviknight|69/100|[from] item: Leftovers\n|upkeep\n|turn|2\n|\n|t:|1776307274\n|move|p1b: Primarinaz Reid|Protect|p1b: Primarinaz Reid\n|-singleturn|p1b: Primarinaz Reid|Protect\n|move|p2a: Rotom|Will-O-Wisp|p1a: Aggron James\n|-status|p1a: Aggron James|brn\n|move|p2b: Corviknight|Brave Bird|p1b: Primarinaz Reid\n|-activate|p1b: Primarinaz Reid|move: Protect\n|move|p1a: Aggron James|Body Press|p2a: Rotom\n|-damage|p2a: Rotom|0 fnt\n|faint|p2a: Rotom\n|\n|-heal|p2b: Corviknight|75/100|[from] item: Leftovers\n|-damage|p1a: Aggron James|95/100 brn|[from] brn\n|upkeep\n|\n|t:|1776307294\n|switch|p2a: Excadrill|Excadrill, L50, M|100/100\n|turn|3\n|\n|t:|1776307308\n|move|p2a: Excadrill|Earthquake|p1a: Aggron James|[spread] p1a,p1b\n|-immune|p2b: Corviknight\n|-supereffective|p1a: Aggron James|1\n|-damage|p1a: Aggron James|60/100 brn\n|-damage|p1b: Primarinaz Reid|0 fnt\n|faint|p1b: Primarinaz Reid\n|move|p2b: Corviknight|Body Press|p1a: Aggron James\n|-supereffective|p1a: Aggron James|1\n|-damage|p1a: Aggron James|44/100 brn\n|move|p1a: Aggron James|Iron Defense|p1a: Aggron James\n|-boost|p1a: Aggron James|def|2\n|\n|-heal|p2b: Corviknight|82/100|[from] item: Leftovers\n|-damage|p1a: Aggron James|38/100 brn|[from] brn\n|upkeep\n|\n|t:|1776307313\n|switch|p1b: Chawhi Leonard|Sinistcha-Masterpiece, L50|100/100\n|-heal|p1a: Aggron James|63/100 brn|[from] ability: Hospitality|[of] p1b: Chawhi Leonard\n|turn|4\n|\n|t:|1776307337\n|move|p2a: Excadrill|Iron Head|p1b: Chawhi Leonard\n|-damage|p1b: Chawhi Leonard|66/100\n|move|p2b: Corviknight|Brave Bird|p1b: Chawhi Leonard\n|-supereffective|p1b: Chawhi Leonard|1\n|-damage|p1b: Chawhi Leonard|0 fnt\n|faint|p1b: Chawhi Leonard\n|-damage|p2b: Corviknight|62/100|[from] Recoil\n|move|p1a: Aggron James|Body Press|p2a: Excadrill\n|-supereffective|p2a: Excadrill|1\n|-enditem|p2a: Excadrill|Focus Sash\n|-damage|p2a: Excadrill|1/100\n|\n|-heal|p2b: Corviknight|68/100|[from] item: Leftovers\n|-damage|p1a: Aggron James|57/100 brn|[from] brn\n|-sideend|p2: Tempest Flute|move: Tailwind\n|upkeep\n|\n|t:|1776307345\n|switch|p1b: James Harden|Aerodactyl, L50, M|100/100\n|-ability|p1b: James Harden|Unnerve\n|turn|5\n|inactive|meyownaze2 has 30 seconds left.\n|\n|t:|1776307372\n|move|p2a: Excadrill|Protect|p2a: Excadrill\n|-singleturn|p2a: Excadrill|Protect\n|move|p1b: James Harden|Ice Fang|p2a: Excadrill\n|-activate|p2a: Excadrill|move: Protect\n|move|p2b: Corviknight|Body Press|p1b: James Harden\n|-damage|p1b: James Harden|70/100\n|move|p1a: Aggron James|Body Press|p2b: Corviknight\n|-damage|p2b: Corviknight|35/100\n|\n|-heal|p2b: Corviknight|41/100|[from] item: Leftovers\n|-damage|p1a: Aggron James|51/100 brn|[from] brn\n|upkeep\n|turn|6\n|\n|t:|1776307384\n|switch|p2a: Tyranitar|Tyranitar, L50, F|100/100\n|-weather|Sandstorm|[from] ability: Sand Stream|[of] p2a: Tyranitar\n|move|p1b: James Harden|Rock Slide|p2a: Tyranitar|[spread] \n|-miss|p1b: James Harden|p2a: Tyranitar\n|-miss|p1b: James Harden|p2b: Corviknight\n|move|p2b: Corviknight|Roost|p2b: Corviknight\n|-heal|p2b: Corviknight|91/100\n|-singleturn|p2b: Corviknight|move: Roost\n|move|p1a: Aggron James|Body Press|p2b: Corviknight\n|-supereffective|p2b: Corviknight|1\n|-damage|p2b: Corviknight|18/100\n|\n|-weather|Sandstorm|[upkeep]\n|-heal|p2b: Corviknight|24/100|[from] item: Leftovers\n|-damage|p1a: Aggron James|45/100 brn|[from] brn\n|upkeep\n|turn|7\n|j| zane121\n|j| CastilloVGC\n|inactive|Tempest Flute has 30 seconds left.\n|\n|t:|1776307411\n|move|p2a: Tyranitar|Protect|p2a: Tyranitar\n|-singleturn|p2a: Tyranitar|Protect\n|move|p1b: James Harden|Rock Slide|p2a: Tyranitar|[spread] p2b\n|-activate|p2a: Tyranitar|move: Protect\n|-damage|p2b: Corviknight|1/100\n|cant|p2b: Corviknight|flinch\n|move|p1a: Aggron James|Body Press|p2a: Tyranitar\n|-activate|p2a: Tyranitar|move: Protect\n|\n|-weather|Sandstorm|[upkeep]\n|-heal|p2b: Corviknight|7/100|[from] item: Leftovers\n|-damage|p1a: Aggron James|39/100 brn|[from] brn\n|upkeep\n|turn|8\n|\n|t:|1776307427\n|detailschange|p2a: Tyranitar|Tyranitar-Mega, L50, F\n|-mega|p2a: Tyranitar|Tyranitar|Tyranitarite\n|move|p1b: James Harden|Rock Slide|p2a: Tyranitar|[spread] p2a\n|-miss|p1b: James Harden|p2b: Corviknight\n|-damage|p2a: Tyranitar|85/100\n|move|p2a: Tyranitar|Rock Slide|p1b: James Harden|[spread] p1b\n|-miss|p2a: Tyranitar|p1a: Aggron James\n|-supereffective|p1b: James Harden|1\n|-crit|p1b: James Harden\n|-damage|p1b: James Harden|0 fnt\n|faint|p1b: James Harden\n|move|p2b: Corviknight|Roost|p2b: Corviknight\n|-heal|p2b: Corviknight|57/100\n|-singleturn|p2b: Corviknight|move: Roost\n|move|p1a: Aggron James|Body Press|p2a: Tyranitar\n|-supereffective|p2a: Tyranitar|2\n|-damage|p2a: Tyranitar|0 fnt\n|faint|p2a: Tyranitar\n|\n|-weather|Sandstorm|[upkeep]\n|-heal|p2b: Corviknight|64/100|[from] item: Leftovers\n|-damage|p1a: Aggron James|33/100 brn|[from] brn\n|upkeep\n|\n|t:|1776307437\n|switch|p2a: Excadrill|Excadrill, L50, M|1/100\n|turn|9\n|l| zane121\n|\n|t:|1776307443\n|move|p2a: Excadrill|Earthquake|p1a: Aggron James|[spread] p1a\n|-immune|p2b: Corviknight\n|-supereffective|p1a: Aggron James|1\n|-damage|p1a: Aggron James|18/100 brn\n|move|p2b: Corviknight|Roost|p2b: Corviknight\n|-heal|p2b: Corviknight|100/100\n|-singleturn|p2b: Corviknight|move: Roost\n|move|p1a: Aggron James|Body Press|p2a: Excadrill\n|-supereffective|p2a: Excadrill|1\n|-damage|p2a: Excadrill|0 fnt\n|faint|p2a: Excadrill\n|\n|-weather|Sandstorm|[upkeep]\n|-damage|p1a: Aggron James|12/100 brn|[from] brn\n|upkeep\n|turn|10\n|\n|t:|1776307451\n|move|p2b: Corviknight|Body Press|p1a: Aggron James\n|-supereffective|p1a: Aggron James|1\n|-damage|p1a: Aggron James|4/100 brn\n|move|p1a: Aggron James|Body Press|p2b: Corviknight\n|-damage|p2b: Corviknight|66/100\n|\n|-weather|none\n|-heal|p2b: Corviknight|72/100|[from] item: Leftovers\n|-damage|p1a: Aggron James|0 fnt|[from] brn\n|faint|p1a: Aggron James\n|\n|win|Tempest Flute\n|raw|meyownaze2's rating: 1360 &rarr; <strong>1347</strong><br />(-13 for losing)\n|raw|Tempest Flute's rating: 1483 &rarr; <strong>1496</strong><br />(+13 for winning)\n|l|\u2606meyownaze2\n|player|p1|\n",
  "uploadtime": 1776307459,
  "views": 29,
  "formatid": "gen9championsvgc2026regma",
  "rating": 1347,
  "private": 0,
  "password": null
}