{
  "id": "gen9championsvgc2026regma-2580870675",
  "format": "[Gen 9 Champions] VGC 2026 Reg M-A",
  "players": [
    "diego41666",
    "Darklomis"
  ],
  "log": "|j|\u2606diego41666\n|j|\u2606Darklomis\n|t:|1775939276\n|gametype|doubles\n|player|p1|diego41666|pokemaniac|\n|player|p2|Darklomis|falkner|\n|gen|9\n|tier|[Gen 9 Champions] VGC 2026 Reg M-A\n|rule|Species Clause: Limit one of each Pok\u00e9mon\n|rule|Item Clause: Limit 1 of each item\n|clearpoke\n|poke|p1|Infernape, L50, F|\n|poke|p1|Aggron, L50, M|\n|poke|p1|Farigiraf, L50, M|\n|poke|p1|Reuniclus, L50, M|\n|poke|p1|Venusaur, L50, M|\n|poke|p1|Sinistcha, L50|\n|poke|p2|Golurk, L50|\n|poke|p2|Farigiraf, L50, F|\n|poke|p2|Kingambit, L50, M|\n|poke|p2|Incineroar, L50, M|\n|poke|p2|Sinistcha-Masterpiece, L50|\n|poke|p2|Araquanid, L50, M|\n|teampreview|4\n|j| RintoShion\n|\n|t:|1775939322\n|teamsize|p1|4\n|teamsize|p2|4\n|start\n|switch|p1a: Graick|Farigiraf, L50, M|100/100\n|switch|p1b: Butters|Reuniclus, L50, M|100/100\n|switch|p2a: Incineroar|Incineroar, L50, M|100/100\n|switch|p2b: Araquanid|Araquanid, L50, M|100/100\n|-ability|p2a: Incineroar|Intimidate|boost\n|-unboost|p1a: Graick|atk|1\n|-unboost|p1b: Butters|atk|1\n|turn|1\n|\n|t:|1775939337\n|move|p2a: Incineroar|Parting Shot|p1b: Butters\n|-unboost|p1b: Butters|atk|1\n|-unboost|p1b: Butters|spa|1\n|\n|t:|1775939346\n|switch|p2a: Farigiraf|Farigiraf, L50, F|100/100|[from] Parting Shot\n|move|p2b: Araquanid|Leech Life|p1a: Graick\n|-supereffective|p1a: Graick|1\n|-damage|p1a: Graick|34/100\n|move|p1b: Butters|Calm Mind|p1b: Butters\n|-boost|p1b: Butters|spa|1\n|-boost|p1b: Butters|spd|1\n|move|p1a: Graick|Trick Room|p1a: Graick\n|-fieldstart|move: Trick Room|[of] p1a: Graick\n|\n|upkeep\n|turn|2\n|\n|t:|1775939383\n|switch|p1a: Cartman|Venusaur, L50, M|100/100\n|move|p2a: Farigiraf|Helping Hand|p2b: Araquanid\n|-singleturn|p2b: Araquanid|Helping Hand|[of] p2a: Farigiraf\n|move|p1b: Butters|Thunder Wave|p2b: Araquanid\n|-status|p2b: Araquanid|par\n|move|p2b: Araquanid|Leech Life|p1b: Butters\n|-supereffective|p1b: Butters|1\n|-damage|p1b: Butters|6/100\n|\n|-heal|p1b: Butters|12/100|[from] item: Leftovers\n|upkeep\n|turn|3\n|\n|t:|1775939421\n|move|p2b: Araquanid|Leech Life|p1b: Butters\n|-supereffective|p1b: Butters|1\n|-damage|p1b: Butters|0 fnt\n|faint|p1b: Butters\n|move|p2a: Farigiraf|Psychic|p1a: Cartman\n|-supereffective|p1a: Cartman|1\n|-damage|p1a: Cartman|7/100\n|move|p1a: Cartman|Sludge Bomb|p2a: Farigiraf\n|-damage|p2a: Farigiraf|66/100\n|\n|upkeep\n|\n|t:|1775939432\n|switch|p1b: Kenny|Infernape, L50, F|100/100\n|turn|4\n|\n|t:|1775939444\n|move|p2b: Araquanid|Liquidation|p1b: Kenny\n|-supereffective|p1b: Kenny|1\n|-damage|p1b: Kenny|0 fnt\n|faint|p1b: Kenny\n|move|p2a: Farigiraf|Hyper Voice|p1a: Cartman\n|-damage|p1a: Cartman|0 fnt\n|faint|p1a: Cartman\n|\n|upkeep\n|\n|t:|1775939454\n|switch|p1a: Graick|Farigiraf, L50, M|34/100\n|turn|5\n|\n|t:|1775939460\n|move|p2b: Araquanid|Leech Life|p1a: Graick\n|-supereffective|p1a: Graick|1\n|-damage|p1a: Graick|0 fnt\n|faint|p1a: Graick\n|\n|win|Darklomis\n",
  "uploadtime": 1775939463,
  "views": 26,
  "formatid": "gen9championsvgc2026regma",
  "rating": null,
  "private": 0,
  "password": null
}