{
  "id": "gen9championsvgc2026regma-2581633014",
  "format": "[Gen 9 Champions] VGC 2026 Reg M-A",
  "players": [
    "L_Yami_H",
    "Thoron Engineer"
  ],
  "log": "|j|\u2606L_Yami_H\n|j|\u2606Thoron Engineer\n|t:|1776016663\n|gametype|doubles\n|player|p1|L_Yami_H|ghetsis|1000\n|player|p2|Thoron Engineer|266|1005\n|gen|9\n|tier|[Gen 9 Champions] VGC 2026 Reg M-A\n|rated|\n|rule|Species Clause: Limit one of each Pok\u00e9mon\n|rule|Item Clause: Limit 1 of each item\n|clearpoke\n|poke|p1|Sableye, L50, M|\n|poke|p1|Victreebel, L50, F|\n|poke|p1|Farigiraf, L50, M|\n|poke|p1|Araquanid, L50, F|\n|poke|p1|Arcanine, L50, M|\n|poke|p1|Raichu, L50, M|\n|poke|p2|Garchomp, L50, F|\n|poke|p2|Tyranitar, L50, F|\n|poke|p2|Rotom-Heat, L50|\n|poke|p2|Aegislash, L50, M|\n|poke|p2|Aerodactyl, L50, F|\n|poke|p2|Starmie, L50|\n|teampreview|4\n|inactive|Battle timer is ON: inactive players will automatically lose when time's up. (requested by L_Yami_H)\nL_Yami_H has agreed to open team sheets.\n|\n|t:|1776016699\n|teamsize|p1|4\n|teamsize|p2|4\n|start\n|switch|p1a: Yami|Sableye, L50, M|100/100\n|switch|p1b: Gabu|Arcanine, L50, M|100/100\n|switch|p2a: Aegislash|Aegislash, L50, M|100/100\n|switch|p2b: Rotom|Rotom-Heat, L50|100/100\n|-ability|p1b: Gabu|Intimidate|boost\n|-unboost|p2a: Aegislash|atk|1\n|-unboost|p2b: Rotom|atk|1\n|turn|1\n|\n|t:|1776016722\n|switch|p2a: Tyranitar|Tyranitar, L50, F|100/100\n|-weather|Sandstorm|[from] ability: Sand Stream|[of] p2a: Tyranitar\n|move|p1a: Yami|Fake Out|p2b: Rotom\n|-damage|p2b: Rotom|87/100\n|cant|p2b: Rotom|flinch\n|move|p1b: Gabu|Will-O-Wisp|p2a: Tyranitar\n|-status|p2a: Tyranitar|brn\n|\n|-weather|Sandstorm|[upkeep]\n|-damage|p2b: Rotom|81/100|[from] Sandstorm\n|-damage|p1b: Gabu|94/100|[from] Sandstorm\n|-damage|p1a: Yami|95/100|[from] Sandstorm\n|-damage|p2a: Tyranitar|94/100 brn|[from] brn\n|upkeep\n|turn|2\n|\n|t:|1776016743\n|move|p2b: Rotom|Helping Hand|p2a: Tyranitar\n|-singleturn|p2a: Tyranitar|Helping Hand|[of] p2b: Rotom\n|move|p1a: Yami|Skill Swap|p1b: Gabu\n|-activate|p1a: Yami|Skill Swap|||[of] p1b: Gabu\n|-ability|p1a: Yami|Intimidate|boost\n|-unboost|p2a: Tyranitar|atk|1\n|-unboost|p2b: Rotom|atk|1\n|move|p2a: Tyranitar|Rock Slide|p1b: Gabu|[spread] p1a,p1b\n|-supereffective|p1b: Gabu|1\n|-damage|p1a: Yami|76/100\n|-damage|p1b: Gabu|69/100\n|move|p1b: Gabu|Snarl|p2a: Tyranitar|[spread] p2a,p2b\n|-resisted|p2a: Tyranitar|1\n|-damage|p2a: Tyranitar|91/100 brn\n|-damage|p2b: Rotom|68/100\n|-unboost|p2a: Tyranitar|spa|1\n|-unboost|p2b: Rotom|spa|1\n|\n|-weather|Sandstorm|[upkeep]\n|-damage|p2b: Rotom|62/100|[from] Sandstorm\n|-damage|p1b: Gabu|62/100|[from] Sandstorm\n|-damage|p1a: Yami|71/100|[from] Sandstorm\n|-damage|p2a: Tyranitar|85/100 brn|[from] brn\n|upkeep\n|turn|3\n|inactive|Thoron Engineer has 30 seconds left.\n|inactive|L_Yami_H has 30 seconds left.\n|\n|t:|1776016775\n|move|p1b: Gabu|Will-O-Wisp|p2b: Rotom\n|-immune|p2b: Rotom\n|move|p2a: Tyranitar|Rock Slide|p1a: Yami|[spread] p1a,p1b\n|-supereffective|p1b: Gabu|1\n|-damage|p1a: Yami|58/100\n|-damage|p1b: Gabu|43/100\n|-enditem|p1b: Gabu|Sitrus Berry|[eat]\n|-heal|p1b: Gabu|68/100|[from] item: Sitrus Berry\n|move|p2b: Rotom|Thunderbolt|p1b: Gabu\n|-damage|p1b: Gabu|41/100\n|move|p1a: Yami|Skill Swap|p1b: Gabu\n|-activate|p1a: Yami|Skill Swap|||[of] p1b: Gabu\n|-ability|p1b: Gabu|Intimidate|boost\n|-unboost|p2a: Tyranitar|atk|1\n|-unboost|p2b: Rotom|atk|1\n|\n|-weather|Sandstorm|[upkeep]\n|-damage|p2b: Rotom|56/100|[from] Sandstorm\n|-damage|p1b: Gabu|35/100|[from] Sandstorm\n|-damage|p1a: Yami|52/100|[from] Sandstorm\n|-damage|p2a: Tyranitar|79/100 brn|[from] brn\n|upkeep\n|turn|4\n|\n|t:|1776016798\n|switch|p2a: Starmie|Starmie, L50|100/100\n|move|p1a: Yami|Skill Swap|p1b: Gabu\n|-activate|p1a: Yami|Skill Swap|||[of] p1b: Gabu\n|-ability|p1a: Yami|Intimidate|boost\n|-unboost|p2a: Starmie|atk|1\n|-unboost|p2b: Rotom|atk|1\n|move|p1b: Gabu|Morning Sun|p1b: Gabu\n|-heal|p1b: Gabu|60/100\n|move|p2b: Rotom|Thunderbolt|p1a: Yami\n|-damage|p1a: Yami|12/100\n|\n|-weather|Sandstorm|[upkeep]\n|-damage|p2a: Starmie|95/100|[from] Sandstorm\n|-damage|p2b: Rotom|51/100|[from] Sandstorm\n|-damage|p1b: Gabu|54/100|[from] Sandstorm\n|-damage|p1a: Yami|6/100|[from] Sandstorm\n|upkeep\n|turn|5\n|\n|t:|1776016813\n|switch|p1b: Baret|Victreebel, L50, F, shiny|100/100\n|detailschange|p2a: Starmie|Starmie-Mega, L50\n|-mega|p2a: Starmie|Starmie|Starminite\n|move|p1a: Yami|Sucker Punch|p2a: Starmie\n|-supereffective|p2a: Starmie|1\n|-damage|p2a: Starmie|23/100\n|move|p2a: Starmie|Scald|p1b: Baret\n|-resisted|p1b: Baret|1\n|-damage|p1b: Baret|78/100\n|-status|p1b: Baret|brn\n|move|p2b: Rotom|Thunderbolt|p1a: Yami\n|-damage|p1a: Yami|0 fnt\n|faint|p1a: Yami\n|\n|-weather|none\n|-damage|p1b: Baret|72/100 brn|[from] brn\n|upkeep\n|\n|t:|1776016828\n|switch|p1a: Weeber|Araquanid, L50, F|100/100\n|turn|6\n|\n|t:|1776016837\n|switch|p2b: Tyranitar|Tyranitar, L50, F|79/100 brn\n|-weather|Sandstorm|[from] ability: Sand Stream|[of] p2b: Tyranitar\n|detailschange|p1b: Baret|Victreebel-Mega, L50, F, shiny\n|-mega|p1b: Baret|Victreebel|Victreebelite\n|move|p2a: Starmie|Protect|p2a: Starmie\n|-singleturn|p2a: Starmie|Protect\n|move|p1b: Baret|Sludge Bomb|p2b: Tyranitar\n|-resisted|p2b: Tyranitar|1\n|-damage|p2b: Tyranitar|65/100 brn\n|move|p1a: Weeber|Liquidation|p2a: Starmie\n|-activate|p2a: Starmie|move: Protect\n|\n|-weather|Sandstorm|[upkeep]\n|-damage|p2a: Starmie|17/100|[from] Sandstorm\n|-damage|p1b: Baret|66/100 brn|[from] Sandstorm\n|-damage|p1a: Weeber|95/100|[from] Sandstorm\n|-heal|p1a: Weeber|100/100|[from] item: Leftovers\n|-damage|p2b: Tyranitar|59/100 brn|[from] brn\n|-damage|p1b: Baret|60/100 brn|[from] brn\n|upkeep\n|turn|7\n|\n|t:|1776016850\n|move|p2a: Starmie|Skill Swap|p2b: Tyranitar\n|-activate|p2a: Starmie|Skill Swap|||[of] p2b: Tyranitar\n|move|p2b: Tyranitar|Rock Slide|p1b: Baret|[spread] p1a,p1b\n|-supereffective|p1a: Weeber|1\n|-damage|p1a: Weeber|39/100\n|-damage|p1b: Baret|29/100 brn\n|cant|p1b: Baret|flinch\n|move|p1a: Weeber|Liquidation|p2a: Starmie\n|-resisted|p2a: Starmie|1\n|-damage|p2a: Starmie|0 fnt\n|faint|p2a: Starmie\n|\n|-weather|Sandstorm|[upkeep]\n|-damage|p1b: Baret|23/100 brn|[from] Sandstorm\n|-damage|p1a: Weeber|33/100|[from] Sandstorm\n|-heal|p1a: Weeber|39/100|[from] item: Leftovers\n|-damage|p2b: Tyranitar|52/100 brn|[from] brn\n|-damage|p1b: Baret|17/100 brn|[from] brn\n|upkeep\n|\n|t:|1776016863\n|switch|p2a: Rotom|Rotom-Heat, L50|51/100\n|turn|8\n|\n|t:|1776016868\n|move|p2a: Rotom|Helping Hand|p2b: Tyranitar\n|-singleturn|p2b: Tyranitar|Helping Hand|[of] p2a: Rotom\n|move|p1a: Weeber|Wide Guard|p1a: Weeber\n|-singleturn|p1a: Weeber|Wide Guard\n|move|p2b: Tyranitar|Rock Slide|p1b: Baret|[spread] \n|-activate|p1a: Weeber|move: Wide Guard\n|-activate|p1b: Baret|move: Wide Guard\n|move|p1b: Baret|Strength Sap|p2b: Tyranitar\n|-unboost|p2b: Tyranitar|atk|1\n|-heal|p1b: Baret|100/100 brn\n|\n|-weather|Sandstorm|[upkeep]\n|-damage|p2a: Rotom|45/100|[from] Sandstorm\n|-damage|p1b: Baret|94/100 brn|[from] Sandstorm\n|-damage|p1a: Weeber|33/100|[from] Sandstorm\n|-enditem|p2a: Rotom|Sitrus Berry|[eat]\n|-heal|p2a: Rotom|70/100|[from] item: Sitrus Berry\n|-heal|p1a: Weeber|39/100|[from] item: Leftovers\n|-damage|p2b: Tyranitar|46/100 brn|[from] brn\n|-damage|p1b: Baret|88/100 brn|[from] brn\n|upkeep\n|turn|9\n|\n|t:|1776016885\n|move|p2a: Rotom|Helping Hand|p2b: Tyranitar\n|-singleturn|p2b: Tyranitar|Helping Hand|[of] p2a: Rotom\n|move|p1a: Weeber|Wide Guard|p1a: Weeber\n|-singleturn|p1a: Weeber|Wide Guard\n|move|p2b: Tyranitar|Rock Slide|p1b: Baret|[spread] \n|-activate|p1a: Weeber|move: Wide Guard\n|-activate|p1b: Baret|move: Wide Guard\n|move|p1b: Baret|Giga Drain|p2b: Tyranitar\n|-supereffective|p2b: Tyranitar|1\n|-damage|p2b: Tyranitar|0 fnt\n|-heal|p1b: Baret|100/100 brn|[from] drain|[of] p2b: Tyranitar\n|faint|p2b: Tyranitar\n|\n|-weather|Sandstorm|[upkeep]\n|-damage|p2a: Rotom|64/100|[from] Sandstorm\n|-damage|p1b: Baret|94/100 brn|[from] Sandstorm\n|-damage|p1a: Weeber|33/100|[from] Sandstorm\n|-heal|p1a: Weeber|39/100|[from] item: Leftovers\n|-damage|p1b: Baret|88/100 brn|[from] brn\n|upkeep\n|\n|t:|1776016893\n|switch|p2b: Aegislash|Aegislash, L50, M|100/100\n|turn|10\n|\n|t:|1776016909\n|move|p2a: Rotom|Overheat|p1b: Baret\n|-supereffective|p1b: Baret|1\n|-damage|p1b: Baret|0 fnt\n|-unboost|p2a: Rotom|spa|2\n|-damage|p2a: Rotom|0 fnt|[from] ability: Innards Out|[of] p1b: Baret\n|faint|p1b: Baret\n|faint|p2a: Rotom\n|-formechange|p2b: Aegislash|Aegislash-Blade|\n|move|p2b: Aegislash|Shadow Ball|p1a: Weeber\n|-damage|p1a: Weeber|8/100\n|move|p1a: Weeber|Liquidation|p2b: Aegislash\n|-damage|p2b: Aegislash|0 fnt\n|faint|p2b: Aegislash\n|\n|win|L_Yami_H\n|raw|L_Yami_H's rating: 1000 &rarr; <strong>1041</strong><br />(+41 for winning)\n|raw|Thoron Engineer's rating: 1005 &rarr; <strong>1000</strong><br />(-5 for losing)\n|l|\u2606Thoron Engineer\n|player|p2|\n",
  "uploadtime": 1776016923,
  "views": 16,
  "formatid": "gen9championsvgc2026regma",
  "rating": 1000,
  "private": 0,
  "password": null
}