{
  "id": "gen9championsvgc2026regma-2582449745",
  "format": "[Gen 9 Champions] VGC 2026 Reg M-A",
  "players": [
    "tarn7",
    "Jadedragon61"
  ],
  "log": "|j|\u2606tarn7\n|j|\u2606Jadedragon61\n|t:|1776092444\n|gametype|doubles\n|player|p1|tarn7|byron|1104\n|player|p2|Jadedragon61|beni-ninja|1135\n|gen|9\n|tier|[Gen 9 Champions] VGC 2026 Reg M-A\n|rated|\n|rule|Species Clause: Limit one of each Pok\u00e9mon\n|rule|Item Clause: Limit 1 of each item\n|clearpoke\n|poke|p1|Golurk, L50|\n|poke|p1|Tyranitar, L50, F|\n|poke|p1|Archaludon, L50, F|\n|poke|p1|Sinistcha, L50|\n|poke|p1|Klefki, L50, F|\n|poke|p1|Slowbro, L50, M|\n|poke|p2|Talonflame, L50, M|\n|poke|p2|Tyranitar, L50, F|\n|poke|p2|Floette-Eternal, L50, F|\n|poke|p2|Garchomp, L50, F|\n|poke|p2|Rotom-Wash, L50|\n|poke|p2|Sneasler, L50, F|\n|teampreview|4\n|inactive|Battle timer is ON: inactive players will automatically lose when time's up. (requested by Jadedragon61)\n|\n|t:|1776092470\n|teamsize|p1|4\n|teamsize|p2|4\n|start\n|switch|p1a: Golurk|Golurk, L50|100/100\n|switch|p1b: Slowbro|Slowbro, L50, M|100/100\n|switch|p2a: Rotom|Rotom-Wash, L50|100/100\n|switch|p2b: Floette|Floette-Eternal, L50, F|100/100\n|turn|1\n|\n|t:|1776092477\n|detailschange|p2b: Floette|Floette-Mega, L50, F\n|-mega|p2b: Floette|Floette|Floettite\n|-ability|p2b: Floette|Fairy Aura\n|detailschange|p1a: Golurk|Golurk-Mega, L50\n|-mega|p1a: Golurk|Golurk|Golurkite\n|move|p1a: Golurk|Protect|p1a: Golurk\n|-singleturn|p1a: Golurk|Protect\n|move|p2b: Floette|Light of Ruin|p1b: Slowbro\n|-damage|p1b: Slowbro|0 fnt\n|faint|p1b: Slowbro\n|-damage|p2b: Floette|33/100|[from] Recoil\n|move|p2a: Rotom|Hydro Pump|p1a: Golurk\n|-activate|p1a: Golurk|move: Protect\n|\n|upkeep\n|\n|t:|1776092488\n|switch|p1b: Sinistcha|Sinistcha, L50|100/100\n|turn|2\n|\n|t:|1776092499\n|move|p1b: Sinistcha|Rage Powder|p1b: Sinistcha\n|-singleturn|p1b: Sinistcha|move: Rage Powder\n|move|p2b: Floette|Light of Ruin|p1b: Sinistcha\n|-damage|p1b: Sinistcha|0 fnt\n|faint|p1b: Sinistcha\n|-damage|p2b: Floette|0 fnt|[from] Recoil\n|faint|p2b: Floette\n|move|p2a: Rotom|Hydro Pump|p1a: Golurk|[miss]\n|-miss|p2a: Rotom|p1a: Golurk\n|move|p1a: Golurk|Poltergeist|p2a: Rotom\n|-activate|p2a: Rotom|move: Poltergeist|Leftovers\n|-damage|p2a: Rotom|29/100\n|\n|-heal|p2a: Rotom|35/100|[from] item: Leftovers\n|upkeep\n|\n|t:|1776092516\n|switch|p2b: Garchomp|Garchomp, L50, F|100/100\n|switch|p1b: Archaludon|Archaludon, L50, F|100/100\n|turn|3\n|\n|t:|1776092522\n|move|p1a: Golurk|Protect|p1a: Golurk\n|-singleturn|p1a: Golurk|Protect\n|move|p2b: Garchomp|Stomping Tantrum|p1b: Archaludon\n|-supereffective|p1b: Archaludon|1\n|-damage|p1b: Archaludon|42/100\n|-ability|p1b: Archaludon|Stamina|boost\n|-boost|p1b: Archaludon|def|1\n|-enditem|p1b: Archaludon|Sitrus Berry|[eat]\n|-heal|p1b: Archaludon|67/100|[from] item: Sitrus Berry\n|move|p2a: Rotom|Hydro Pump|p1a: Golurk\n|-activate|p1a: Golurk|move: Protect\n|move|p1b: Archaludon|Dragon Pulse|p2a: Rotom\n|-damage|p2a: Rotom|0 fnt\n|faint|p2a: Rotom\n|\n|upkeep\n|\n|t:|1776092537\n|switch|p2a: Sneasler|Sneasler, L50, F|100/100\n|turn|4\n|\n|t:|1776092541\n|move|p2b: Garchomp|Stomping Tantrum|p1b: Archaludon\n|-supereffective|p1b: Archaludon|1\n|-damage|p1b: Archaludon|26/100\n|-ability|p1b: Archaludon|Stamina|boost\n|-boost|p1b: Archaludon|def|1\n|move|p2a: Sneasler|Close Combat|p1b: Archaludon\n|-supereffective|p1b: Archaludon|1\n|-damage|p1b: Archaludon|0 fnt\n|-unboost|p2a: Sneasler|def|1\n|-unboost|p2a: Sneasler|spd|1\n|faint|p1b: Archaludon\n|-enditem|p2a: Sneasler|White Herb\n|-clearnegativeboost|p2a: Sneasler|[silent]\n|move|p1a: Golurk|Headlong Rush|p2a: Sneasler\n|-supereffective|p2a: Sneasler|1\n|-damage|p2a: Sneasler|0 fnt\n|-unboost|p1a: Golurk|def|1\n|-unboost|p1a: Golurk|spd|1\n|faint|p2a: Sneasler\n|\n|upkeep\n|turn|5\n|\n|t:|1776092557\n|move|p2b: Garchomp|Stomping Tantrum|p1a: Golurk\n|-damage|p1a: Golurk|47/100\n|move|p1a: Golurk|Headlong Rush|p2b: Garchomp\n|-damage|p2b: Garchomp|14/100\n|-unboost|p1a: Golurk|def|1\n|-unboost|p1a: Golurk|spd|1\n|-damage|p1a: Golurk|35/100|[from] ability: Rough Skin|[of] p2b: Garchomp\n|\n|upkeep\n|turn|6\n|\n|t:|1776092565\n|move|p2b: Garchomp|Stomping Tantrum|p1a: Golurk\n|-damage|p1a: Golurk|0 fnt\n|faint|p1a: Golurk\n|\n|win|Jadedragon61\n|raw|tarn7's rating: 1104 &rarr; <strong>1081</strong><br />(-23 for losing)\n|raw|Jadedragon61's rating: 1135 &rarr; <strong>1158</strong><br />(+23 for winning)\n|l|\u2606tarn7\n|player|p1|\n",
  "uploadtime": 1776092572,
  "views": 8,
  "formatid": "gen9championsvgc2026regma",
  "rating": 1081,
  "private": 0,
  "password": null
}