{
  "id": "gen9championsvgc2026regma-2583268881",
  "format": "[Gen 9 Champions] VGC 2026 Reg M-A",
  "players": [
    "xershhhhh",
    "RandomGuyInSchool"
  ],
  "log": "|j|\u2606xershhhhh\n|j|\u2606RandomGuyInSchool\n|t:|1776161478\n|gametype|doubles\n|player|p1|xershhhhh|2|1058\n|player|p2|RandomGuyInSchool|schoolkid-gen4|1082\n|gen|9\n|tier|[Gen 9 Champions] VGC 2026 Reg M-A\n|rated|\n|rule|Species Clause: Limit one of each Pok\u00e9mon\n|rule|Item Clause: Limit 1 of each item\n|clearpoke\n|poke|p1|Gengar, L50, F|\n|poke|p1|Incineroar, L50, F|\n|poke|p1|Sinistcha, L50|\n|poke|p1|Kommo-o, L50, F|\n|poke|p1|Tyranitar, L50, M|\n|poke|p1|Kingambit, L50, M|\n|poke|p2|Rotom-Wash, L50|\n|poke|p2|Incineroar, L50, M|\n|poke|p2|Sinistcha, L50|\n|poke|p2|Drampa, L50, M|\n|poke|p2|Floette-Eternal, L50, F|\n|poke|p2|Sneasler, L50, F|\n|teampreview|4\n|inactive|Battle timer is ON: inactive players will automatically lose when time's up. (requested by RandomGuyInSchool)\nRandomGuyInSchool rejected open team sheets.\n|\n|t:|1776161507\n|teamsize|p1|4\n|teamsize|p2|4\n|start\n|switch|p1a: Gengar|Gengar, L50, F|100/100\n|switch|p1b: Incineroar|Incineroar, L50, F|100/100\n|switch|p2a: Sneasler|Sneasler, L50, F|100/100\n|switch|p2b: Rotom|Rotom-Wash, L50|100/100\n|-ability|p1b: Incineroar|Intimidate|boost\n|-unboost|p2a: Sneasler|atk|1\n|-unboost|p2b: Rotom|atk|1\n|-enditem|p2a: Sneasler|White Herb\n|-clearnegativeboost|p2a: Sneasler|[silent]\n|turn|1\n|\n|t:|1776161521\n|switch|p1b: Kommo-o|Kommo-o, L50, F|100/100\n|detailschange|p1a: Gengar|Gengar-Mega, L50, F\n|-mega|p1a: Gengar|Gengar|Gengarite\n|move|p2a: Sneasler|Fake Out|p1b: Kommo-o\n|-damage|p1b: Kommo-o|85/100\n|move|p2b: Rotom|Volt Switch|p1a: Gengar\n|-damage|p1a: Gengar|69/100\n|\n|t:|1776161532\n|switch|p2b: Incineroar|Incineroar, L50, M|100/100|[from] Volt Switch\n|-ability|p2b: Incineroar|Intimidate|boost\n|-unboost|p1a: Gengar|atk|1\n|-unboost|p1b: Kommo-o|atk|1\n|move|p1a: Gengar|Perish Song|p1a: Gengar\n|-start|p1a: Gengar|perish3|[silent]\n|-start|p1b: Kommo-o|perish3|[silent]\n|-start|p2a: Sneasler|perish3|[silent]\n|-start|p2b: Incineroar|perish3|[silent]\n|-fieldactivate|move: Perish Song\n|\n|-heal|p1b: Kommo-o|91/100|[from] item: Leftovers\n|-start|p2a: Sneasler|perish3\n|-start|p1a: Gengar|perish3\n|-start|p1b: Kommo-o|perish3\n|-start|p2b: Incineroar|perish3\n|upkeep\n|turn|2\n|\n|t:|1776161554\n|move|p2a: Sneasler|Dire Claw|p1b: Kommo-o\n|-damage|p1b: Kommo-o|44/100\n|move|p1a: Gengar|Substitute|p1a: Gengar\n|-start|p1a: Gengar|Substitute\n|-damage|p1a: Gengar|45/100\n|move|p1b: Kommo-o|Aura Sphere|p2b: Incineroar\n|-supereffective|p2b: Incineroar|1\n|-damage|p2b: Incineroar|29/100\n|move|p2b: Incineroar|Darkest Lariat|p1a: Gengar\n|-supereffective|p1a: Gengar|1\n|-end|p1a: Gengar|Substitute\n|\n|-heal|p1b: Kommo-o|50/100|[from] item: Leftovers\n|-start|p2a: Sneasler|perish2\n|-start|p1a: Gengar|perish2\n|-start|p1b: Kommo-o|perish2\n|-start|p2b: Incineroar|perish2\n|upkeep\n|turn|3\n|inactive|RandomGuyInSchool has 30 seconds left.\n|\n|t:|1776161589\n|move|p2a: Sneasler|Close Combat|p1b: Kommo-o\n|-damage|p1b: Kommo-o|0 fnt\n|-unboost|p2a: Sneasler|def|1\n|-unboost|p2a: Sneasler|spd|1\n|faint|p1b: Kommo-o\n|move|p1a: Gengar|Substitute|p1a: Gengar\n|-start|p1a: Gengar|Substitute\n|-damage|p1a: Gengar|20/100\n|move|p2b: Incineroar|Parting Shot|p2a: Sneasler\n|-unboost|p2a: Sneasler|atk|1\n|-unboost|p2a: Sneasler|spa|1\n|\n|t:|1776161601\n|switch|p2b: Rotom|Rotom-Wash, L50|100/100|[from] Parting Shot\n|\n|-start|p2a: Sneasler|perish1\n|-start|p1a: Gengar|perish1\n|upkeep\n|\n|t:|1776161606\n|switch|p1b: Sinistcha|Sinistcha, L50|100/100\n|-heal|p1a: Gengar|45/100|[from] ability: Hospitality|[of] p1b: Sinistcha\n|turn|4\n|\n|t:|1776161621\n|switch|p1a: Incineroar|Incineroar, L50, F|100/100\n|-ability|p1a: Incineroar|Intimidate|boost\n|-unboost|p2a: Sneasler|atk|1\n|-unboost|p2b: Rotom|atk|1\n|move|p2a: Sneasler|Dire Claw|p1b: Sinistcha\n|-crit|p1b: Sinistcha\n|-damage|p1b: Sinistcha|38/100\n|-enditem|p1b: Sinistcha|Sitrus Berry|[eat]\n|-heal|p1b: Sinistcha|62/100|[from] item: Sitrus Berry\n|move|p2b: Rotom|Volt Switch|p1b: Sinistcha\n|-resisted|p1b: Sinistcha|1\n|-damage|p1b: Sinistcha|50/100\n|\n|t:|1776161636\n|switch|p2b: Incineroar|Incineroar, L50, M|29/100|[from] Volt Switch\n|-ability|p2b: Incineroar|Intimidate|boost\n|-unboost|p1a: Incineroar|atk|1\n|-unboost|p1b: Sinistcha|atk|1\n|move|p1b: Sinistcha|Matcha Gotcha|p2b: Incineroar|[spread] p2a,p2b\n|-resisted|p2a: Sneasler|1\n|-resisted|p2b: Incineroar|1\n|-damage|p2a: Sneasler|74/100\n|-heal|p1b: Sinistcha|62/100|[from] drain|[of] p2a: Sneasler\n|-damage|p2b: Incineroar|18/100\n|-heal|p1b: Sinistcha|68/100|[from] drain|[of] p2b: Incineroar\n|\n|-start|p2a: Sneasler|perish0\n|upkeep\n|faint|p2a: Sneasler\n|\n|t:|1776161650\n|switch|p2a: Rotom|Rotom-Wash, L50|100/100\n|turn|5\n|\n|t:|1776161664\n|move|p1a: Incineroar|Fake Out|p2a: Rotom\n|-damage|p2a: Rotom|93/100\n|cant|p2a: Rotom|flinch\n|move|p1b: Sinistcha|Matcha Gotcha|p2a: Rotom|[spread] p2a\n|-miss|p1b: Sinistcha|p2b: Incineroar\n|-supereffective|p2a: Rotom|1\n|-damage|p2a: Rotom|43/100\n|-heal|p1b: Sinistcha|90/100|[from] drain|[of] p2a: Rotom\n|move|p2b: Incineroar|Darkest Lariat|p1b: Sinistcha\n|-supereffective|p1b: Sinistcha|1\n|-damage|p1b: Sinistcha|31/100\n|\n|upkeep\n|turn|6\n|\n|t:|1776161683\n|move|p2a: Rotom|Hydro Pump|p1a: Incineroar\n|-supereffective|p1a: Incineroar|1\n|-damage|p1a: Incineroar|41/100\n|move|p1b: Sinistcha|Matcha Gotcha|p2b: Incineroar|[spread] p2a,p2b\n|-supereffective|p2a: Rotom|1\n|-resisted|p2b: Incineroar|1\n|-damage|p2a: Rotom|0 fnt\n|-heal|p1b: Sinistcha|50/100|[from] drain|[of] p2a: Rotom\n|-damage|p2b: Incineroar|8/100\n|-heal|p1b: Sinistcha|57/100|[from] drain|[of] p2b: Incineroar\n|faint|p2a: Rotom\n|move|p1a: Incineroar|Parting Shot|p2b: Incineroar\n|-unboost|p2b: Incineroar|atk|1\n|-unboost|p2b: Incineroar|spa|1\n|\n|t:|1776161688\n|switch|p1a: Gengar|Gengar-Mega, L50, F|45/100|[from] Parting Shot\n|move|p2b: Incineroar|Darkest Lariat|p1b: Sinistcha\n|-supereffective|p1b: Sinistcha|1\n|-damage|p1b: Sinistcha|18/100\n|\n|upkeep\n|\n|t:|1776161701\n|switch|p2a: Floette|Floette-Eternal, L50, F|100/100\n|turn|7\n|\n|t:|1776161715\n|detailschange|p2a: Floette|Floette-Mega, L50, F\n|-mega|p2a: Floette|Floette|Floettite\n|-ability|p2a: Floette|Fairy Aura\n|move|p2b: Incineroar|Helping Hand|p2a: Floette\n|-singleturn|p2a: Floette|Helping Hand|[of] p2b: Incineroar\n|move|p1a: Gengar|Shadow Ball|p2b: Incineroar\n|-resisted|p2b: Incineroar|1\n|-crit|p2b: Incineroar\n|-damage|p2b: Incineroar|0 fnt\n|faint|p2b: Incineroar\n|move|p2a: Floette|Dazzling Gleam|p1a: Gengar|[spread] p1a,p1b\n|-resisted|p1a: Gengar|1\n|-damage|p1a: Gengar|7/100\n|-damage|p1b: Sinistcha|0 fnt\n|faint|p1b: Sinistcha\n|\n|upkeep\n|\n|t:|1776161723\n|switch|p1b: Incineroar|Incineroar, L50, F|41/100\n|-ability|p1b: Incineroar|Intimidate|boost\n|-unboost|p2a: Floette|atk|1\n|turn|8\n|\n|t:|1776161734\n|move|p2a: Floette|Protect|p2a: Floette\n|-singleturn|p2a: Floette|Protect\n|move|p1b: Incineroar|Fake Out|p2a: Floette\n|-activate|p2a: Floette|move: Protect\n|move|p1a: Gengar|Shadow Ball|p2a: Floette\n|-activate|p2a: Floette|move: Protect\n|\n|upkeep\n|turn|9\n|\n|t:|1776161745\n|move|p1a: Gengar|Shadow Ball|p2a: Floette\n|-damage|p2a: Floette|61/100\n|move|p2a: Floette|Dazzling Gleam|p1b: Incineroar|[spread] p1a,p1b\n|-resisted|p1a: Gengar|1\n|-damage|p1a: Gengar|0 fnt\n|-damage|p1b: Incineroar|4/100\n|faint|p1a: Gengar\n|move|p1b: Incineroar|Flare Blitz|p2a: Floette\n|-damage|p2a: Floette|3/100\n|-damage|p1b: Incineroar|0 fnt|[from] Recoil\n|faint|p1b: Incineroar\n|\n|win|RandomGuyInSchool\n|raw|xershhhhh's rating: 1058 &rarr; <strong>1041</strong><br />(-17 for losing)\n|raw|RandomGuyInSchool's rating: 1082 &rarr; <strong>1108</strong><br />(+26 for winning)\n",
  "uploadtime": 1776161764,
  "views": 12,
  "formatid": "gen9championsvgc2026regma",
  "rating": 1041,
  "private": 0,
  "password": null
}