{
  "id": "gen9championsvgc2026regma-2581500025",
  "format": "[Gen 9 Champions] VGC 2026 Reg M-A",
  "players": [
    "Roctopus",
    "SimMikaze"
  ],
  "log": "|j|\u2606Roctopus\n|j|\u2606SimMikaze\n|t:|1776006097\n|gametype|doubles\n|player|p1|Roctopus|crasherwake|1079\n|player|p2|SimMikaze|miku-ghost|1019\n|gen|9\n|tier|[Gen 9 Champions] VGC 2026 Reg M-A\n|rated|\n|rule|Species Clause: Limit one of each Pok\u00e9mon\n|rule|Item Clause: Limit 1 of each item\n|clearpoke\n|poke|p1|Starmie, L50|\n|poke|p1|Kingambit, L50, M|\n|poke|p1|Incineroar, L50, M|\n|poke|p1|Sylveon, L50, F|\n|poke|p1|Sneasler, L50, F|\n|poke|p1|Sinistcha, L50|\n|poke|p2|Delphox, L50, F|\n|poke|p2|Garchomp, L50, F|\n|poke|p2|Orthworm, L50, M|\n|poke|p2|Sneasler, L50, F|\n|poke|p2|Whimsicott, L50, M|\n|poke|p2|Basculegion, L50, M|\n|teampreview|4\n|\n|t:|1776006118\n|teamsize|p1|4\n|teamsize|p2|4\n|start\n|switch|p1a: Starmie|Starmie, L50|100/100\n|switch|p1b: Sneasler|Sneasler, L50, F|100/100\n|switch|p2a: Orthworm|Orthworm, L50, M|100/100\n|switch|p2b: Sneasler|Sneasler, L50, F|100/100\n|turn|1\n|\n|t:|1776006129\n|move|p2b: Sneasler|Fake Out|p1b: Sneasler\n|-damage|p1b: Sneasler|76/100\n|cant|p1b: Sneasler|flinch\n|move|p1a: Starmie|Substitute|p1a: Starmie\n|-start|p1a: Starmie|Substitute\n|-damage|p1a: Starmie|75/100\n|move|p2a: Orthworm|Shed Tail|p2a: Orthworm\n|-start|p2a: Orthworm|Substitute|[from] move: Shed Tail\n|-damage|p2a: Orthworm|50/100\n|-enditem|p2a: Orthworm|Sitrus Berry|[eat]\n|-heal|p2a: Orthworm|75/100|[from] item: Sitrus Berry\n|\n|t:|1776006140\n|switch|p2a: Delphox|Delphox, L50, F|100/100|[from] Shed Tail\n|\n|upkeep\n|turn|2\n|\n|t:|1776006156\n|detailschange|p2a: Delphox|Delphox-Mega, L50, F\n|-mega|p2a: Delphox|Delphox|Delphoxite\n|detailschange|p1a: Starmie|Starmie-Mega, L50\n|-mega|p1a: Starmie|Starmie|Starminite\n|move|p2a: Delphox|Heat Wave|p1a: Starmie|[spread] p1a,p1b\n|-resisted|p1a: Starmie|1\n|-activate|p1a: Starmie|move: Substitute|[damage]\n|-damage|p1b: Sneasler|27/100\n|move|p1b: Sneasler|Rock Slide|p2a: Delphox|[spread] p2a\n|-miss|p1b: Sneasler|p2b: Sneasler\n|-supereffective|p2a: Delphox|1\n|-end|p2a: Delphox|Substitute\n|move|p1a: Starmie|Zen Headbutt|p2b: Sneasler\n|-supereffective|p2b: Sneasler|2\n|-damage|p2b: Sneasler|0 fnt\n|faint|p2b: Sneasler\n|\n|upkeep\n|\n|t:|1776006183\n|switch|p2b: Garchomp|Garchomp, L50, F|100/100\n|turn|3\n|\n|t:|1776006190\n|move|p2a: Delphox|Heat Wave|p1a: Starmie|[spread] p1a,p1b\n|-resisted|p1a: Starmie|1\n|-end|p1a: Starmie|Substitute\n|-damage|p1b: Sneasler|0 fnt\n|faint|p1b: Sneasler\n|move|p1a: Starmie|Liquidation|p2a: Delphox\n|-supereffective|p2a: Delphox|1\n|-damage|p2a: Delphox|0 fnt\n|faint|p2a: Delphox\n|move|p2b: Garchomp|Earthquake|p1a: Starmie\n|-damage|p1a: Starmie|12/100\n|\n|upkeep\n|\n|t:|1776006202\n|switch|p2a: Orthworm|Orthworm, L50, M|75/100\n|switch|p1b: Incineroar|Incineroar, L50, M|100/100\n|-ability|p1b: Incineroar|Intimidate|boost\n|-unboost|p2a: Orthworm|atk|1\n|-unboost|p2b: Garchomp|atk|1\n|turn|4\n|\n|t:|1776006221\n|move|p2b: Garchomp|Protect|p2b: Garchomp\n|-singleturn|p2b: Garchomp|Protect\n|move|p1b: Incineroar|Fake Out|p2b: Garchomp\n|-activate|p2b: Garchomp|move: Protect\n|move|p1a: Starmie|Liquidation|p2a: Orthworm\n|-damage|p2a: Orthworm|31/100\n|move|p2a: Orthworm|Iron Defense|p2a: Orthworm\n|-boost|p2a: Orthworm|def|2\n|\n|upkeep\n|turn|5\n|\n|t:|1776006234\n|move|p1a: Starmie|Liquidation|p2a: Orthworm\n|-damage|p2a: Orthworm|8/100\n|move|p2b: Garchomp|Earthquake|p1b: Incineroar|[spread] p1a,p1b\n|-heal|p2a: Orthworm|33/100|[from] ability: Earth Eater|[of] p2b: Garchomp\n|-supereffective|p1b: Incineroar|1\n|-damage|p1a: Starmie|0 fnt\n|-damage|p1b: Incineroar|50/100\n|-enditem|p1b: Incineroar|Sitrus Berry|[eat]\n|-heal|p1b: Incineroar|75/100|[from] item: Sitrus Berry\n|faint|p1a: Starmie\n|move|p2a: Orthworm|Body Press|p1b: Incineroar\n|-supereffective|p1b: Incineroar|1\n|-damage|p1b: Incineroar|0 fnt\n|faint|p1b: Incineroar\n|\n|upkeep\n|\n|t:|1776006241\n|switch|p1b: Sylveon|Sylveon, L50, F|100/100\n|turn|6\n|\n|t:|1776006251\n|move|p2b: Garchomp|Earthquake|p1b: Sylveon|[spread] p1b\n|-heal|p2a: Orthworm|58/100|[from] ability: Earth Eater|[of] p2b: Garchomp\n|-damage|p1b: Sylveon|74/100\n|move|p2a: Orthworm|Heavy Slam|p1b: Sylveon\n|-supereffective|p1b: Sylveon|1\n|-damage|p1b: Sylveon|24/100\n|move|p1b: Sylveon|Hyper Voice|p2a: Orthworm|[spread] p2a,p2b\n|-resisted|p2a: Orthworm|1\n|-supereffective|p2b: Garchomp|1\n|-damage|p2a: Orthworm|20/100\n|-damage|p2b: Garchomp|14/100\n|\n|-heal|p2b: Garchomp|20/100|[from] item: Leftovers\n|upkeep\n|turn|7\n|\n|t:|1776006263\n|move|p2b: Garchomp|Earthquake|p1b: Sylveon|[spread] p1b\n|-heal|p2a: Orthworm|45/100|[from] ability: Earth Eater|[of] p2b: Garchomp\n|-damage|p1b: Sylveon|0 fnt\n|faint|p1b: Sylveon\n|\n|win|SimMikaze\n|raw|Roctopus's rating: 1079 &rarr; <strong>1053</strong><br />(-26 for losing)\n|raw|SimMikaze's rating: 1019 &rarr; <strong>1063</strong><br />(+44 for winning)\n|l|\u2606Roctopus\n|player|p1|\n",
  "uploadtime": 1776006265,
  "views": 16,
  "formatid": "gen9championsvgc2026regma",
  "rating": 1053,
  "private": 0,
  "password": null
}