{
  "id": "gen9championsvgc2026regma-2587650511",
  "format": "[Gen 9 Champions] VGC 2026 Reg M-A",
  "players": [
    "juadravgc",
    "disciple of blahaj"
  ],
  "log": "|j|\u2606juadravgc\n|j|\u2606disciple of blahaj\n|t:|1776550427\n|gametype|doubles\n|player|p1|juadravgc|2|1372\n|player|p2|disciple of blahaj|jacinthe|1300\n|gen|9\n|tier|[Gen 9 Champions] VGC 2026 Reg M-A\n|rated|\n|rule|Species Clause: Limit one of each Pok\u00e9mon\n|rule|Item Clause: Limit 1 of each item\n|clearpoke\n|poke|p1|Delphox, L50, M|\n|poke|p1|Sneasler, L50, M|\n|poke|p1|Kingambit, L50, F|\n|poke|p1|Aerodactyl, L50, F|\n|poke|p1|Garchomp, L50, M|\n|poke|p1|Gardevoir, L50, F|\n|poke|p2|Lopunny, L50, M, shiny|\n|poke|p2|Basculegion, L50, M|\n|poke|p2|Klefki, L50, M, shiny|\n|poke|p2|Pelipper, L50, M|\n|poke|p2|Garchomp, L50, F|\n|poke|p2|Aegislash, L50, M|\n|teampreview|4\n|l|\u2606juadravgc\n|player|p1|\n|j|\u2606juadravgc\n|player|p1|juadravgc|2|\n|inactive|Battle timer is ON: inactive players will automatically lose when time's up. (requested by juadravgc)\n|j| p3elz\n|c| p3elz|great user\n|inactive|juadravgc has 60 seconds left.\n|\n|t:|1776550482\n|teamsize|p1|4\n|teamsize|p2|4\n|start\n|switch|p1a: Delphox|Delphox, L50, M|100/100\n|switch|p1b: Aerodactyl|Aerodactyl, L50, F|100/100\n|switch|p2a: Lopunny|Lopunny, L50, M, shiny|100/100\n|switch|p2b: Basculegion|Basculegion, L50, M|100/100\n|-ability|p1b: Aerodactyl|Unnerve\n|turn|1\n|c| p3elz|this is all i wanted to say\n|l| p3elz\n|l|\u2606juadravgc\n|inactive|juadravgc disconnected and has a minute to reconnect!\n|player|p1|\n|inactive|juadravgc has 30 seconds left.\n|inactive|juadravgc has 20 seconds left.\n|j|\u2606juadravgc\n|inactive|juadravgc reconnected and has 20 seconds left.\n|player|p1|juadravgc|2|\n|inactive|juadravgc has 15 seconds left.\n|inactive|juadravgc has 10 seconds left.\n|\n|t:|1776550530\n|detailschange|p2a: Lopunny|Lopunny-Mega, L50, M, shiny\n|-mega|p2a: Lopunny|Lopunny|Lopunnite\n|move|p1a: Delphox|Protect|p1a: Delphox\n|-singleturn|p1a: Delphox|Protect\n|move|p2a: Lopunny|Fake Out|p1b: Aerodactyl\n|-resisted|p1b: Aerodactyl|1\n|-damage|p1b: Aerodactyl|84/100\n|cant|p1b: Aerodactyl|flinch\n|move|p2b: Basculegion|Flip Turn|p1b: Aerodactyl\n|-supereffective|p1b: Aerodactyl|1\n|-damage|p1b: Aerodactyl|0 fnt\n|faint|p1b: Aerodactyl\n|\n|t:|1776550544\n|switch|p2b: Pelipper|Pelipper, L50, M|100/100|[from] Flip Turn\n|-weather|RainDance|[from] ability: Drizzle|[of] p2b: Pelipper\n|\n|-weather|RainDance|[upkeep]\n|upkeep\n|\n|t:|1776550554\n|switch|p1b: Gardevoir|Gardevoir, L50, F|100/100\n|-ability|p1b: Gardevoir|Scrappy|Trace|[from] ability: Trace|[of] p2a: Lopunny\n|turn|2\n|\n|t:|1776550565\n|detailschange|p1a: Delphox|Delphox-Mega, L50, M\n|-mega|p1a: Delphox|Delphox|Delphoxite\n|move|p1a: Delphox|Substitute|p1a: Delphox\n|-start|p1a: Delphox|Substitute\n|-damage|p1a: Delphox|76/100\n|move|p2a: Lopunny|Encore|p1a: Delphox\n|-start|p1a: Delphox|Encore\n|move|p1b: Gardevoir|Moonblast|p2a: Lopunny\n|-supereffective|p2a: Lopunny|1\n|-damage|p2a: Lopunny|0 fnt\n|faint|p2a: Lopunny\n|move|p2b: Pelipper|Muddy Water|p1a: Delphox|[spread] p1a,p1b\n|-supereffective|p1a: Delphox|1\n|-end|p1a: Delphox|Substitute\n|-damage|p1b: Gardevoir|49/100\n|-unboost|p1b: Gardevoir|accuracy|1\n|\n|-weather|RainDance|[upkeep]\n|upkeep\n|l|\u2606juadravgc\n|inactive|juadravgc disconnected and has a minute to reconnect!\n|player|p1|\n|\n|t:|1776550586\n|switch|p2a: Basculegion|Basculegion, L50, M|100/100\n|turn|3\n|inactive|juadravgc has 30 seconds left.\n|inactive|juadravgc has 20 seconds left.\n|j|\u2606juadravgc\n|inactive|juadravgc reconnected and has 20 seconds left.\n|player|p1|juadravgc|2|\n|inactive|juadravgc has 15 seconds left.\n|inactive|juadravgc has 10 seconds left.\n|\n|t:|1776550635\n|switch|p1b: Kingambit|Kingambit, L50, F|100/100\n|move|p1a: Delphox|Substitute|p1a: Delphox\n|-start|p1a: Delphox|Substitute\n|-damage|p1a: Delphox|51/100\n|move|p2a: Basculegion|Wave Crash|p1a: Delphox\n|-supereffective|p1a: Delphox|1\n|-end|p1a: Delphox|Substitute\n|-damage|p2a: Basculegion|94/100|[from] Recoil|[of] p1a: Delphox\n|move|p2b: Pelipper|Muddy Water|p1b: Kingambit|[spread] p1a,p1b\n|-supereffective|p1a: Delphox|1\n|-damage|p1a: Delphox|0 fnt\n|-damage|p1b: Kingambit|54/100\n|-unboost|p1b: Kingambit|accuracy|1\n|-ability|p1b: Kingambit|Defiant|boost\n|-boost|p1b: Kingambit|atk|2\n|faint|p1a: Delphox\n|\n|-weather|RainDance|[upkeep]\n|upkeep\n|\n|t:|1776550646\n|switch|p1a: Gardevoir|Gardevoir, L50, F|49/100\n|-ability|p1a: Gardevoir|Adaptability|Trace|[from] ability: Trace|[of] p2a: Basculegion\n|turn|4\n|\n|t:|1776550662\n|switch|p2a: Aegislash|Aegislash, L50, M|100/100\n|move|p1b: Kingambit|Sucker Punch||[still]\n|-fail|p1b: Kingambit\n|move|p1a: Gardevoir|Moonblast|p2b: Pelipper\n|-damage|p2b: Pelipper|0 fnt\n|faint|p2b: Pelipper\n|\n|-weather|RainDance|[upkeep]\n|upkeep\n|\n|t:|1776550669\n|switch|p2b: Basculegion|Basculegion, L50, M|94/100\n|turn|5\n|\n|t:|1776550675\n|move|p2b: Basculegion|Aqua Jet|p1b: Kingambit\n|-damage|p1b: Kingambit|26/100\n|move|p1a: Gardevoir|Moonblast|p2b: Basculegion\n|-damage|p2b: Basculegion|14/100\n|-formechange|p2a: Aegislash|Aegislash-Blade|\n|move|p2a: Aegislash|Iron Head|p1a: Gardevoir\n|-supereffective|p1a: Gardevoir|1\n|-damage|p1a: Gardevoir|0 fnt\n|faint|p1a: Gardevoir\n|move|p1b: Kingambit|Kowtow Cleave|p2a: Aegislash\n|-supereffective|p2a: Aegislash|1\n|-damage|p2a: Aegislash|0 fnt\n|faint|p2a: Aegislash\n|\n|-weather|none\n|upkeep\n|turn|6\n|\n|t:|1776550689\n|move|p1b: Kingambit|Protect|p1b: Kingambit\n|-singleturn|p1b: Kingambit|Protect\n|move|p2b: Basculegion|Aqua Jet|p1b: Kingambit\n|-activate|p1b: Kingambit|move: Protect\n|\n|upkeep\n|turn|7\n|\n|t:|1776550696\n|move|p2b: Basculegion|Aqua Jet|p1b: Kingambit\n|-damage|p1b: Kingambit|7/100\n|move|p1b: Kingambit|Kowtow Cleave|p2b: Basculegion\n|-supereffective|p2b: Basculegion|1\n|-crit|p2b: Basculegion\n|-damage|p2b: Basculegion|0 fnt\n|faint|p2b: Basculegion\n|\n|win|juadravgc\n|raw|juadravgc's rating: 1372 &rarr; <strong>1388</strong><br />(+16 for winning)\n|raw|disciple of blahaj's rating: 1300 &rarr; <strong>1280</strong><br />(-20 for losing)\n",
  "uploadtime": 1776550700,
  "views": 17,
  "formatid": "gen9championsvgc2026regma",
  "rating": 1280,
  "private": 0,
  "password": null
}