{
  "id": "gen9championsvgc2026regma-2588620972",
  "format": "[Gen 9 Champions] VGC 2026 Reg M-A",
  "players": [
    "bun0p",
    "45ghjnm"
  ],
  "log": "|j|\u2606bun0p\n|j|\u260645ghjnm\n|t:|1776650893\n|gametype|doubles\n|player|p1|bun0p|skyla|1073\n|player|p2|45ghjnm|101|1000\n|gen|9\n|tier|[Gen 9 Champions] VGC 2026 Reg M-A\n|rated|\n|rule|Species Clause: Limit one of each Pok\u00e9mon\n|rule|Item Clause: Limit 1 of each item\n|clearpoke\n|poke|p1|Dragonite, L50, F|\n|poke|p1|Garchomp, L50, F|\n|poke|p1|Ninetales-Alola, L50, M|\n|poke|p1|Sinistcha-Masterpiece, L50|\n|poke|p1|Kingambit, L50, M|\n|poke|p1|Floette-Eternal, L50, F|\n|poke|p2|Drampa, L50, M, shiny|\n|poke|p2|Spiritomb, L50, M|\n|poke|p2|Torkoal, L50, F|\n|poke|p2|Kingambit, L50, F|\n|poke|p2|Clawitzer, L50, F|\n|poke|p2|Dragapult, L50, F|\n|teampreview|4\n|\n|t:|1776650931\n|teamsize|p1|4\n|teamsize|p2|4\n|start\n|switch|p1a: Ninetales|Ninetales-Alola, L50, M|100/100\n|switch|p1b: Floette|Floette-Eternal, L50, F|100/100\n|switch|p2a: Drampa|Drampa, L50, M, shiny|100/100\n|switch|p2b: Spiritomb|Spiritomb, L50, M|100/100\n|-weather|Snowscape|[from] ability: Snow Warning|[of] p1a: Ninetales\n|-ability|p2a: Drampa|Cloud Nine\n|turn|1\n|inactive|Battle timer is ON: inactive players will automatically lose when time's up. (requested by 45ghjnm)\n|\n|t:|1776650977\n|detailschange|p1b: Floette|Floette-Mega, L50, F\n|-mega|p1b: Floette|Floette|Floettite\n|-ability|p1b: Floette|Fairy Aura\n|move|p2a: Drampa|Protect|p2a: Drampa\n|-singleturn|p2a: Drampa|Protect\n|move|p1a: Ninetales|Aurora Veil||[still]\n|-fail|p1a: Ninetales\n|move|p1b: Floette|Calm Mind|p1b: Floette\n|-boost|p1b: Floette|spa|1\n|-boost|p1b: Floette|spd|1\n|move|p2b: Spiritomb|Trick Room|p2b: Spiritomb\n|-fieldstart|move: Trick Room|[of] p2b: Spiritomb\n|\n|-weather|Snowscape|[upkeep]\n|upkeep\n|turn|2\n|\n|t:|1776650996\n|move|p2b: Spiritomb|Destiny Bond|p2b: Spiritomb\n|-singlemove|p2b: Spiritomb|Destiny Bond\n|move|p2a: Drampa|Hyper Voice|p1b: Floette|[spread] p1a,p1b\n|-crit|p1b: Floette\n|-damage|p1a: Ninetales|52/100\n|-damage|p1b: Floette|55/100\n|move|p1b: Floette|Dazzling Gleam|p2b: Spiritomb|[spread] p2a,p2b\n|-supereffective|p2a: Drampa|1\n|-supereffective|p2b: Spiritomb|1\n|-damage|p2a: Drampa|0 fnt\n|-damage|p2b: Spiritomb|0 fnt\n|faint|p2a: Drampa\n|faint|p2b: Spiritomb\n|-activate|p2b: Spiritomb|move: Destiny Bond\n|faint|p1b: Floette\n|move|p1a: Ninetales|Aurora Veil|p1a: Ninetales\n|-sidestart|p1: bun0p|move: Aurora Veil\n|\n|-weather|Snowscape|[upkeep]\n|upkeep\n|\n|t:|1776651014\n|switch|p2b: Clawitzer|Clawitzer, L50, F|100/100\n|switch|p2a: Torkoal|Torkoal, L50, F|100/100\n|switch|p1b: Sinistcha|Sinistcha-Masterpiece, L50|100/100\n|-weather|SunnyDay|[from] ability: Drought|[of] p2a: Torkoal\n|-heal|p1a: Ninetales|76/100|[from] ability: Hospitality|[of] p1b: Sinistcha\n|turn|3\n|\n|t:|1776651025\n|move|p2a: Torkoal|Eruption|p1a: Ninetales|[spread] p1a,p1b\n|-supereffective|p1a: Ninetales|1\n|-supereffective|p1b: Sinistcha|1\n|-damage|p1a: Ninetales|0 fnt\n|-damage|p1b: Sinistcha|22/100\n|faint|p1a: Ninetales\n|move|p2b: Clawitzer|Dark Pulse|p1b: Sinistcha\n|-supereffective|p1b: Sinistcha|1\n|-damage|p1b: Sinistcha|0 fnt\n|faint|p1b: Sinistcha\n|\n|-weather|SunnyDay|[upkeep]\n|upkeep\n|\n|t:|1776651033\n|switch|p1b: Garchomp|Garchomp, L50, F|100/100\n|turn|4\n|inactive|45ghjnm has 30 seconds left.\n|\n|t:|1776651059\n|move|p2a: Torkoal|Eruption|p1b: Garchomp\n|-resisted|p1b: Garchomp|1\n|-damage|p1b: Garchomp|70/100\n|move|p2b: Clawitzer|Dark Pulse|p1b: Garchomp\n|-damage|p1b: Garchomp|41/100\n|cant|p1b: Garchomp|flinch\n|\n|-weather|SunnyDay|[upkeep]\n|upkeep\n|turn|5\n|\n|t:|1776651074\n|move|p2a: Torkoal|Eruption|p1b: Garchomp\n|-resisted|p1b: Garchomp|1\n|-damage|p1b: Garchomp|14/100\n|move|p2b: Clawitzer|Dark Pulse|p1b: Garchomp\n|-damage|p1b: Garchomp|0 fnt\n|faint|p1b: Garchomp\n|\n|win|45ghjnm\n|raw|bun0p's rating: 1073 &rarr; <strong>1048</strong><br />(-25 for losing)\n|raw|45ghjnm's rating: 1000 &rarr; <strong>1048</strong><br />(+48 for winning)\n|l|\u2606bun0p\n|player|p1|\n",
  "uploadtime": 1776651082,
  "views": 10,
  "formatid": "gen9championsvgc2026regma",
  "rating": 1048,
  "private": 0,
  "password": null
}