{
  "id": "gen9championsvgc2026regma-2585914871",
  "format": "[Gen 9 Champions] VGC 2026 Reg M-A",
  "players": [
    "BringDaNoize",
    "Lovelees"
  ],
  "log": "|j|\u2606BringDaNoize\n|j|\u2606Lovelees\n|t:|1776381051\n|gametype|doubles\n|player|p1|BringDaNoize|guitarist-gen4|1412\n|player|p2|Lovelees|2|1501\n|gen|9\n|tier|[Gen 9 Champions] VGC 2026 Reg M-A\n|rated|\n|rule|Species Clause: Limit one of each Pok\u00e9mon\n|rule|Item Clause: Limit 1 of each item\n|clearpoke\n|poke|p1|Machamp, L50, M|\n|poke|p1|Slowbro, L50, M|\n|poke|p1|Incineroar, L50, F|\n|poke|p1|Sinistcha, L50|\n|poke|p1|Clefable, L50, F|\n|poke|p1|Excadrill, L50, M|\n|poke|p2|Froslass, L50, F|\n|poke|p2|Kingambit, L50, F|\n|poke|p2|Sneasler, L50, F|\n|poke|p2|Rotom-Heat, L50|\n|poke|p2|Basculegion, L50, M|\n|poke|p2|Sinistcha, L50|\n|teampreview|4\n|j| bitterknickers\n|j| TwistedGengar\n|inactive|Battle timer is ON: inactive players will automatically lose when time's up. (requested by Lovelees)\nLovelees has agreed to open team sheets.\n|j| Urfredo981\n|\n|t:|1776381124\n|teamsize|p1|4\n|teamsize|p2|4\n|start\n|switch|p1a: Slowbro|Slowbro, L50, M|100/100\n|switch|p1b: Machamp|Machamp, L50, M|100/100\n|switch|p2a: Sinistcha|Sinistcha, L50|100/100\n|switch|p2b: Froslass|Froslass, L50, F|100/100\n|turn|1\n|l| Urfredo981\n|\n|t:|1776381147\n|switch|p1a: Incineroar|Incineroar, L50, F|100/100\n|-ability|p1a: Incineroar|Intimidate|boost\n|-unboost|p2a: Sinistcha|atk|1\n|-unboost|p2b: Froslass|atk|1\n|detailschange|p2b: Froslass|Froslass-Mega, L50, F\n|-mega|p2b: Froslass|Froslass|Froslassite\n|-weather|Snowscape|[from] ability: Snow Warning|[of] p2b: Froslass\n|move|p2b: Froslass|Aurora Veil|p2b: Froslass\n|-sidestart|p2: Lovelees|move: Aurora Veil\n|move|p2a: Sinistcha|Matcha Gotcha|p1b: Machamp|[spread] p1a,p1b\n|-resisted|p1a: Incineroar|1\n|-damage|p1a: Incineroar|92/100\n|-damage|p1b: Machamp|78/100\n|move|p1b: Machamp|Stone Edge|p2b: Froslass\n|-supereffective|p2b: Froslass|1\n|-crit|p2b: Froslass\n|-damage|p2b: Froslass|0 fnt\n|faint|p2b: Froslass\n|\n|-weather|Snowscape|[upkeep]\n|upkeep\n|j| UltimatheoryPK\n|\n|t:|1776381170\n|switch|p2b: Basculegion|Basculegion, L50, M|100/100\n|turn|2\n|inactive|BringDaNoize has 30 seconds left.\n|inactive|BringDaNoize has 20 seconds left.\n|inactive|BringDaNoize has 15 seconds left.\n|inactive|BringDaNoize has 10 seconds left.\n|\n|t:|1776381219\n|switch|p1a: Sinistcha|Sinistcha, L50|100/100\n|move|p2b: Basculegion|Flip Turn|p1a: Sinistcha\n|-resisted|p1a: Sinistcha|1\n|-damage|p1a: Sinistcha|85/100\n|\n|t:|1776381226\n|switch|p2b: Rotom|Rotom-Heat, L50|100/100|[from] Flip Turn\n|move|p2a: Sinistcha|Matcha Gotcha|p1b: Machamp|[spread] p1b\n|-miss|p2a: Sinistcha|p1a: Sinistcha\n|-damage|p1b: Machamp|51/100\n|move|p1b: Machamp|Stone Edge|p2b: Rotom\n|-supereffective|p2b: Rotom|1\n|-damage|p2b: Rotom|46/100\n|\n|-weather|Snowscape|[upkeep]\n|upkeep\n|turn|3\n|\n|t:|1776381245\n|move|p2b: Rotom|Protect|p2b: Rotom\n|-singleturn|p2b: Rotom|Protect\n|move|p2a: Sinistcha|Matcha Gotcha|p1b: Machamp|[spread] p1a,p1b\n|-resisted|p1a: Sinistcha|1\n|-damage|p1a: Sinistcha|74/100\n|-damage|p1b: Machamp|28/100\n|move|p1b: Machamp|Stone Edge|p2b: Rotom\n|-activate|p2b: Rotom|move: Protect\n|move|p1a: Sinistcha|Trick Room|p1a: Sinistcha\n|-fieldstart|move: Trick Room|[of] p1a: Sinistcha\n|\n|-weather|Snowscape|[upkeep]\n|upkeep\n|turn|4\n|inactive|Lovelees has 30 seconds left.\n|inactive|BringDaNoize has 30 seconds left.\n|inactive|Lovelees has 20 seconds left.\n|inactive|BringDaNoize has 20 seconds left.\n|inactive|BringDaNoize has 15 seconds left.\n|inactive|BringDaNoize has 10 seconds left.\n|\n|t:|1776381297\n|move|p1b: Machamp|Stone Edge|p2b: Rotom\n|-supereffective|p2b: Rotom|1\n|-crit|p2b: Rotom\n|-damage|p2b: Rotom|0 fnt\n|faint|p2b: Rotom\n|move|p1a: Sinistcha|Calm Mind|p1a: Sinistcha\n|-boost|p1a: Sinistcha|spa|1\n|-boost|p1a: Sinistcha|spd|1\n|move|p2a: Sinistcha|Trick Room|p2a: Sinistcha\n|-fieldend|move: Trick Room\n|\n|-weather|Snowscape|[upkeep]\n|upkeep\n|\n|t:|1776381307\n|switch|p2b: Basculegion|Basculegion, L50, M|100/100\n|turn|5\n|\n|t:|1776381325\n|switch|p1b: Incineroar|Incineroar, L50, F|92/100\n|-ability|p1b: Incineroar|Intimidate|boost\n|-unboost|p2a: Sinistcha|atk|1\n|-unboost|p2b: Basculegion|atk|1\n|move|p2b: Basculegion|Last Respects|p1a: Sinistcha\n|-supereffective|p1a: Sinistcha|1\n|-damage|p1a: Sinistcha|0 fnt\n|faint|p1a: Sinistcha\n|move|p2a: Sinistcha|Matcha Gotcha|p1b: Incineroar\n|-resisted|p1b: Incineroar|1\n|-damage|p1b: Incineroar|79/100\n|\n|-weather|none\n|-sideend|p2: Lovelees|move: Aurora Veil\n|upkeep\n|\n|t:|1776381345\n|switch|p1a: Slowbro|Slowbro, L50, M|100/100\n|turn|6\n|\n|t:|1776381355\n|detailschange|p1a: Slowbro|Slowbro-Mega, L50, M\n|-mega|p1a: Slowbro|Slowbro|Slowbronite\n|move|p2b: Basculegion|Last Respects|p1a: Slowbro\n|-supereffective|p1a: Slowbro|1\n|-damage|p1a: Slowbro|39/100\n|move|p2a: Sinistcha|Matcha Gotcha|p1b: Incineroar|[spread] p1a,p1b\n|-supereffective|p1a: Slowbro|1\n|-resisted|p1b: Incineroar|1\n|-damage|p1a: Slowbro|0 fnt\n|-damage|p1b: Incineroar|70/100\n|faint|p1a: Slowbro\n|move|p1b: Incineroar|Throat Chop|p2b: Basculegion\n|-supereffective|p2b: Basculegion|1\n|-damage|p2b: Basculegion|8/100\n|-start|p2b: Basculegion|Throat Chop|[silent]\n|\n|upkeep\n|l| bitterknickers\n|\n|t:|1776381366\n|switch|p1a: Machamp|Machamp, L50, M|28/100\n|turn|7\n|j| Unchained\n|\n|t:|1776381379\n|move|p1a: Machamp|Bullet Punch|p2b: Basculegion\n|-resisted|p2b: Basculegion|1\n|-damage|p2b: Basculegion|0 fnt\n|faint|p2b: Basculegion\n|move|p2a: Sinistcha|Matcha Gotcha|p1b: Incineroar|[spread] p1a,p1b\n|-resisted|p1b: Incineroar|1\n|-damage|p1a: Machamp|6/100\n|-damage|p1b: Incineroar|61/100\n|-status|p1a: Machamp|brn\n|move|p1b: Incineroar|Flare Blitz|p2a: Sinistcha\n|-supereffective|p2a: Sinistcha|1\n|-damage|p2a: Sinistcha|4/100\n|-enditem|p2a: Sinistcha|Sitrus Berry|[eat]\n|-heal|p2a: Sinistcha|29/100|[from] item: Sitrus Berry\n|-damage|p1b: Incineroar|33/100|[from] Recoil\n|-enditem|p1b: Incineroar|Sitrus Berry|[eat]\n|-heal|p1b: Incineroar|58/100|[from] item: Sitrus Berry\n|\n|-damage|p1a: Machamp|0 fnt|[from] brn\n|faint|p1a: Machamp\n|upkeep\n|turn|8\n|-message|Lovelees forfeited.\n|\n|win|BringDaNoize\n|raw|BringDaNoize's rating: 1412 &rarr; <strong>1437</strong><br />(+25 for winning)\n|raw|Lovelees's rating: 1501 &rarr; <strong>1476</strong><br />(-25 for losing)\n|l|\u2606Lovelees\n|player|p2|\n|l| UltimatheoryPK\n",
  "uploadtime": 1776381408,
  "views": 32,
  "formatid": "gen9championsvgc2026regma",
  "rating": 1437,
  "private": 0,
  "password": null
}