{
  "id": "gen9championsvgc2026regma-2585135220",
  "format": "[Gen 9 Champions] VGC 2026 Reg M-A",
  "players": [
    "Techwiz_101",
    "ShuiTT"
  ],
  "log": "|j|\u2606Techwiz_101\n|j|\u2606ShuiTT\n|t:|1776315997\n|gametype|doubles\n|player|p1|Techwiz_101|102|1086\n|player|p2|ShuiTT|n|1049\n|gen|9\n|tier|[Gen 9 Champions] VGC 2026 Reg M-A\n|rated|\n|rule|Species Clause: Limit one of each Pok\u00e9mon\n|rule|Item Clause: Limit 1 of each item\n|clearpoke\n|poke|p1|Zoroark-Hisui, L50, F|\n|poke|p1|Gallade, L50, M|\n|poke|p1|Liepard, L50, F|\n|poke|p1|Araquanid, L50, M|\n|poke|p1|Aggron, L50, M|\n|poke|p1|Dragapult, L50, F|\n|poke|p2|Froslass, L50, F|\n|poke|p2|Goodra-Hisui, L50, F|\n|poke|p2|Primarina, L50, F|\n|poke|p2|Krookodile, L50, M|\n|poke|p2|Arcanine-Hisui, L50, M|\n|poke|p2|Sneasler, L50, M|\n|teampreview|4\n|inactive|Battle timer is ON: inactive players will automatically lose when time's up. (requested by ShuiTT)\n|\n|t:|1776316032\n|teamsize|p1|4\n|teamsize|p2|4\n|start\n|switch|p1a: Aggron|Aggron, L50, M|100/100\n|switch|p1b: Dragapult|Dragapult, L50, F|100/100\n|switch|p2a: Sneasler|Sneasler, L50, M|100/100\n|switch|p2b: Froslass|Froslass, L50, F, shiny|100/100\n|-ability|p2a: Sneasler|Pressure\n|turn|1\n|\n|t:|1776316052\n|detailschange|p2b: Froslass|Froslass-Mega, L50, F, shiny\n|-mega|p2b: Froslass|Froslass|Froslassite\n|-weather|Snowscape|[from] ability: Snow Warning|[of] p2b: Froslass\n|move|p2a: Sneasler|Fake Out|p1a: Aggron\n|-immune|p1a: Aggron\n|move|p1b: Dragapult|U-turn|p2a: Sneasler\n|-resisted|p2a: Sneasler|2\n|-damage|p2a: Sneasler|93/100\n|\n|t:|1776316060\n|switch|p1b: Liepard|Liepard, L50, F|100/100|[from] U-turn\n|move|p1a: Aggron|Bitter Malice|p2b: Froslass\n|-supereffective|p2b: Froslass|1\n|-damage|p2b: Froslass|4/100\n|-unboost|p2b: Froslass|atk|1\n|move|p2b: Froslass|Aurora Veil|p2b: Froslass\n|-sidestart|p2: ShuiTT|move: Aurora Veil\n|\n|-weather|Snowscape|[upkeep]\n|upkeep\n|turn|2\n|\n|t:|1776316081\n|move|p2b: Froslass|Protect|p2b: Froslass\n|-singleturn|p2b: Froslass|Protect\n|move|p1b: Liepard|Encore|p2a: Sneasler\n|-start|p2a: Sneasler|Encore\n|move|p2a: Sneasler|Fake Out||[still]\n|-hint|Fake Out only works on your first turn out.\n|-fail|p2a: Sneasler\n|move|p1a: Aggron|Bitter Malice|p2b: Froslass\n|-activate|p2b: Froslass|move: Protect\n|\n|-weather|Snowscape|[upkeep]\n|upkeep\n|turn|3\n|\n|t:|1776316102\n|switch|p2a: Krookodile|Krookodile, L50, M|100/100\n|-ability|p2a: Krookodile|Intimidate|boost\n|-unboost|p1a: Aggron|atk|1\n|-unboost|p1b: Liepard|atk|1\n|switch|p2b: Goodra|Goodra-Hisui, L50, F, shiny|100/100\n|move|p1a: Aggron|Icy Wind|p2b: Goodra|[spread] p2a,p2b\n|-supereffective|p2a: Krookodile|1\n|-damage|p2a: Krookodile|75/100\n|-damage|p2b: Goodra|94/100\n|-unboost|p2a: Krookodile|spe|1\n|-unboost|p2b: Goodra|spe|1\n|move|p1b: Liepard|Knock Off|p2a: Krookodile\n|-resisted|p2a: Krookodile|1\n|-crit|p2a: Krookodile\n|-damage|p2a: Krookodile|46/100\n|-enditem|p2a: Krookodile|Black Glasses|[from] move: Knock Off|[of] p1b: Liepard\n|\n|-weather|Snowscape|[upkeep]\n|-heal|p2b: Goodra|99/100|[from] item: Leftovers\n|upkeep\n|turn|4\n|inactive|Techwiz_101 has 30 seconds left.\n|\n|t:|1776316132\n|move|p1a: Aggron|Protect|p1a: Aggron\n|-singleturn|p1a: Aggron|Protect\n|move|p2b: Goodra|Protect|p2b: Goodra\n|-singleturn|p2b: Goodra|Protect\n|move|p1b: Liepard|Knock Off|p2b: Goodra\n|-activate|p2b: Goodra|move: Protect\n|move|p2a: Krookodile|Earthquake|p1a: Aggron|[spread] p1b\n|-activate|p2b: Goodra|move: Protect\n|-activate|p1a: Aggron|move: Protect\n|-damage|p1b: Liepard|44/100\n|\n|-weather|Snowscape|[upkeep]\n|-heal|p2b: Goodra|100/100|[from] item: Leftovers\n|upkeep\n|turn|5\n|inactive|ShuiTT has 30 seconds left.\n|\n|t:|1776316164\n|switch|p1a: Dragapult|Dragapult, L50, F|100/100\n|switch|p2b: Sneasler|Sneasler, L50, M|93/100\n|-ability|p2b: Sneasler|Pressure\n|move|p1b: Liepard|Encore||[still]\n|-fail|p1b: Liepard\n|move|p2a: Krookodile|Close Combat|p1a: Dragapult\n|-immune|p1a: Dragapult\n|\n|-weather|none\n|-sideend|p2: ShuiTT|move: Aurora Veil\n|upkeep\n|turn|6\n|inactive|Techwiz_101 has 30 seconds left.\n|inactive|ShuiTT has 30 seconds left.\n|\n|t:|1776316193\n|switch|p1b: Aggron|Aggron, L50, M|100/100\n|move|p2b: Sneasler|Fake Out|p1b: Aggron\n|-immune|p1b: Aggron\n|move|p1a: Dragapult|U-turn|p2a: Krookodile\n|-supereffective|p2a: Krookodile|1\n|-damage|p2a: Krookodile|5/100\n|\n|t:|1776316203\n|switch|p1a: Liepard|Liepard, L50, F|44/100|[from] U-turn\n|move|p2a: Krookodile|Knock Off|p1a: Liepard\n|-resisted|p1a: Liepard|1\n|-damage|p1a: Liepard|7/100\n|-enditem|p1a: Liepard|Mental Herb|[from] move: Knock Off|[of] p2a: Krookodile\n|\n|upkeep\n|turn|7\n|\n|t:|1776316213\n|move|p2b: Sneasler|Protect|p2b: Sneasler\n|-singleturn|p2b: Sneasler|Protect\n|move|p1a: Liepard|Fake Out|p2a: Krookodile\n|-damage|p2a: Krookodile|0 fnt\n|faint|p2a: Krookodile\n|move|p1b: Aggron|Icy Wind|p2b: Sneasler\n|-activate|p2b: Sneasler|move: Protect\n|\n|upkeep\n|\n|t:|1776316228\n|switch|p2a: Goodra|Goodra-Hisui, L50, F, shiny|100/100\n|turn|8\n|\n|t:|1776316247\n|switch|p2b: Froslass|Froslass-Mega, L50, F, shiny|4/100\n|-weather|Snowscape|[from] ability: Snow Warning|[of] p2b: Froslass\n|move|p1a: Liepard|Encore||[still]\n|-fail|p1a: Liepard\n|move|p1b: Aggron|Bitter Malice|p2a: Goodra\n|-damage|p2a: Goodra|76/100\n|-unboost|p2a: Goodra|atk|1\n|move|p2a: Goodra|Flash Cannon|p1a: Liepard\n|-damage|p1a: Liepard|0 fnt\n|faint|p1a: Liepard\n|\n|-weather|Snowscape|[upkeep]\n|-heal|p2a: Goodra|82/100|[from] item: Leftovers\n|upkeep\n|\n|t:|1776316264\n|switch|p1a: Dragapult|Dragapult, L50, F|100/100\n|turn|9\n|inactive|Techwiz_101 has 30 seconds left.\n|\n|t:|1776316293\n|move|p1b: Aggron|Protect|p1b: Aggron\n|-singleturn|p1b: Aggron|Protect\n|move|p2b: Froslass|Protect|p2b: Froslass\n|-singleturn|p2b: Froslass|Protect\n|move|p1a: Dragapult|Shadow Ball|p2b: Froslass\n|-activate|p2b: Froslass|move: Protect\n|move|p2a: Goodra|Draco Meteor|p1a: Dragapult\n|-supereffective|p1a: Dragapult|1\n|-damage|p1a: Dragapult|0 fnt\n|-unboost|p2a: Goodra|spa|2\n|faint|p1a: Dragapult\n|\n|-weather|Snowscape|[upkeep]\n|-heal|p2a: Goodra|88/100|[from] item: Leftovers\n|upkeep\n|\n|t:|1776316302\n|switch|p1a: Aggron|Aggron, L50, M|100/100\n|turn|10\n|\n|t:|1776316318\n|switch|p2a: Sneasler|Sneasler, L50, M|93/100\n|-ability|p2a: Sneasler|Pressure\n|detailschange|p1a: Aggron|Aggron-Mega, L50, M\n|-mega|p1a: Aggron|Aggron|Aggronite\n|move|p1b: Aggron|Bitter Malice|p2b: Froslass\n|-supereffective|p2b: Froslass|1\n|-damage|p2b: Froslass|0 fnt\n|faint|p2b: Froslass\n|move|p1a: Aggron|Body Press|p2a: Sneasler\n|-resisted|p2a: Sneasler|1\n|-damage|p2a: Sneasler|53/100\n|\n|-weather|Snowscape|[upkeep]\n|upkeep\n|\n|t:|1776316331\n|switch|p2b: Goodra|Goodra-Hisui, L50, F, shiny|88/100\n|turn|11\n|\n|t:|1776316354\n|move|p1a: Aggron|Protect|p1a: Aggron\n|-singleturn|p1a: Aggron|Protect\n|move|p2a: Sneasler|Fake Out|p1a: Aggron\n|-activate|p1a: Aggron|move: Protect\n|move|p1b: Aggron|Icy Wind|p2b: Goodra|[spread] p2a\n|-miss|p1b: Aggron|p2b: Goodra\n|-damage|p2a: Sneasler|31/100\n|-unboost|p2a: Sneasler|spe|1\n|-enditem|p2a: Sneasler|White Herb\n|-clearnegativeboost|p2a: Sneasler|[silent]\n|move|p2b: Goodra|Draco Meteor|p1b: Aggron\n|-enditem|p1b: Aggron|Focus Sash\n|-damage|p1b: Aggron|1/100\n|-unboost|p2b: Goodra|spa|2\n|replace|p1b: Zoroark|Zoroark-Hisui, L50, F\n|-end|p1b: Zoroark|Illusion\n|\n|-weather|Snowscape|[upkeep]\n|-heal|p2b: Goodra|94/100|[from] item: Leftovers\n|upkeep\n|turn|12\n|\n|t:|1776316378\n|move|p2a: Sneasler|Protect|p2a: Sneasler\n|-singleturn|p2a: Sneasler|Protect\n|move|p1b: Zoroark|Bitter Malice|p2a: Sneasler\n|-activate|p2a: Sneasler|move: Protect\n|move|p2b: Goodra|Thunderbolt|p1b: Zoroark\n|-damage|p1b: Zoroark|0 fnt\n|faint|p1b: Zoroark\n|move|p1a: Aggron|Body Press|p2b: Goodra\n|-supereffective|p2b: Goodra|1\n|-damage|p2b: Goodra|5/100\n|-ability|p2b: Goodra|Gooey\n|-unboost|p1a: Aggron|spe|1\n|\n|-weather|none\n|-heal|p2b: Goodra|11/100|[from] item: Leftovers\n|upkeep\n|turn|13\n|inactive|ShuiTT has 30 seconds left.\n|\n|t:|1776316407\n|move|p2b: Goodra|Protect|p2b: Goodra\n|-singleturn|p2b: Goodra|Protect\n|move|p2a: Sneasler|Close Combat|p1a: Aggron\n|-supereffective|p1a: Aggron|1\n|-damage|p1a: Aggron|59/100\n|-unboost|p2a: Sneasler|def|1\n|-unboost|p2a: Sneasler|spd|1\n|move|p1a: Aggron|Heavy Slam|p2a: Sneasler\n|-damage|p2a: Sneasler|0 fnt\n|faint|p2a: Sneasler\n|\n|-heal|p2b: Goodra|17/100|[from] item: Leftovers\n|upkeep\n|turn|14\n|\n|t:|1776316420\n|move|p2b: Goodra|Thunderbolt|p1a: Aggron\n|-damage|p1a: Aggron|44/100\n|move|p1a: Aggron|Body Press|p2b: Goodra\n|-supereffective|p2b: Goodra|1\n|-crit|p2b: Goodra\n|-damage|p2b: Goodra|0 fnt\n|-ability|p2b: Goodra|Gooey\n|-unboost|p1a: Aggron|spe|1\n|faint|p2b: Goodra\n|\n|win|Techwiz_101\n|raw|Techwiz_101's rating: 1086 &rarr; <strong>1110</strong><br />(+24 for winning)\n|raw|ShuiTT's rating: 1049 &rarr; <strong>1033</strong><br />(-16 for losing)\n",
  "uploadtime": 1776316428,
  "views": 27,
  "formatid": "gen9championsvgc2026regma",
  "rating": 1033,
  "private": 0,
  "password": null
}