{
  "id": "gen9championsvgc2026regma-2582103160",
  "format": "[Gen 9 Champions] VGC 2026 Reg M-A",
  "players": [
    "Stinko Man",
    "Couch Potato309"
  ],
  "log": "|j|\u2606Stinko Man\n|j|\u2606Couch Potato309\n|html|<table width=\"100%\"><tr><td align=\"left\">Stinko Man</td><td align=\"right\">Couch Potato309</tr><tr><td align=\"left\"><i class=\"fa fa-circle-o\"></i> <i class=\"fa fa-circle-o\"></i> </td><td align=\"right\"><i class=\"fa fa-circle-o\"></i> <i class=\"fa fa-circle-o\"></i> </tr></table>\n|uhtml|bestof|<h2><strong>Game 1</strong> of <a href=\"/game-bestof3-gen9championsvgc2026regma-2582103159\">a best-of-3</a></h2>\n|t:|1776058253\n|gametype|doubles\n|player|p1|Stinko Man|nate|\n|player|p2|Couch Potato309|steven|\n|gen|9\n|tier|[Gen 9 Champions] VGC 2026 Reg M-A\n|rule|Species Clause: Limit one of each Pok\u00e9mon\n|rule|Item Clause: Limit 1 of each item\n|raw|<div class=\"infobox\"><details class=\"readmore\" open><summary><strong>1 custom rule:</strong></summary> Best of = 3</details></div>\n|clearpoke\n|poke|p1|Glimmora, L50, M|\n|poke|p1|Corviknight, L50, F|\n|poke|p1|Sinistcha, L50|\n|poke|p1|Ninetales-Alola, L50, F|\n|poke|p1|Incineroar, L50, F|\n|poke|p1|Quaquaval, L50, F|\n|poke|p2|Aggron, L50, F|\n|poke|p2|Clawitzer, L50, F|\n|poke|p2|Pelipper, L50, F|\n|poke|p2|Sinistcha-Masterpiece, L50|\n|poke|p2|Clefable, L50, F|\n|poke|p2|Incineroar, L50, F|\n|teampreview|4\n|inactive|Battle timer is ON: inactive players will automatically lose when time's up. (requested by Couch Potato309)\n|\n|t:|1776058283\n|teamsize|p1|4\n|teamsize|p2|4\n|start\n|switch|p1a: The Jobber|Glimmora, L50, M, shiny|100/100\n|switch|p1b: mfw|Incineroar, L50, F|100/100\n|switch|p2a: THE WALL|Aggron, L50, F, shiny|100/100\n|switch|p2b: THE BIRD|Pelipper, L50, F|100/100\n|-weather|RainDance|[from] ability: Drizzle|[of] p2b: THE BIRD\n|-ability|p1b: mfw|Intimidate|boost\n|-unboost|p2a: THE WALL|atk|1\n|-unboost|p2b: THE BIRD|atk|1\n|turn|1\n|\n|t:|1776058294\n|detailschange|p1a: The Jobber|Glimmora-Mega, L50, M, shiny\n|-mega|p1a: The Jobber|Glimmora|Glimmoranite\n|detailschange|p2a: THE WALL|Aggron-Mega, L50, F, shiny\n|-mega|p2a: THE WALL|Aggron|Aggronite\n|move|p1b: mfw|Fake Out|p2a: THE WALL\n|-resisted|p2a: THE WALL|1\n|-damage|p2a: THE WALL|98/100\n|move|p1a: The Jobber|Power Gem|p2b: THE BIRD\n|-supereffective|p2b: THE BIRD|1\n|-damage|p2b: THE BIRD|0 fnt\n|faint|p2b: THE BIRD\n|cant|p2a: THE WALL|flinch\n|\n|-weather|RainDance|[upkeep]\n|upkeep\n|\n|t:|1776058303\n|switch|p2b: THE CAT|Incineroar, L50, F|100/100\n|-ability|p2b: THE CAT|Intimidate|boost\n|-unboost|p1a: The Jobber|atk|1\n|-unboost|p1b: mfw|atk|1\n|turn|2\n|\n|t:|1776058315\n|move|p1a: The Jobber|Protect|p1a: The Jobber\n|-singleturn|p1a: The Jobber|Protect\n|move|p2b: THE CAT|Fake Out|p1a: The Jobber\n|-activate|p1a: The Jobber|move: Protect\n|move|p1b: mfw|Parting Shot|p2b: THE CAT\n|-unboost|p2b: THE CAT|atk|1\n|-unboost|p2b: THE CAT|spa|1\n|\n|t:|1776058327\n|switch|p1b: Giblin|Sinistcha, L50|100/100|[from] Parting Shot\n|move|p2a: THE WALL|Iron Defense|p2a: THE WALL\n|-boost|p2a: THE WALL|def|2\n|\n|-weather|RainDance|[upkeep]\n|upkeep\n|turn|3\n|\n|t:|1776058346\n|switch|p1b: mfw|Incineroar, L50, F|100/100\n|-ability|p1b: mfw|Intimidate|boost\n|-unboost|p2a: THE WALL|atk|1\n|-unboost|p2b: THE CAT|atk|1\n|move|p1a: The Jobber|Earth Power|p2a: THE WALL\n|-supereffective|p2a: THE WALL|1\n|-damage|p2a: THE WALL|33/100\n|-unboost|p2a: THE WALL|spd|1\n|move|p2b: THE CAT|Parting Shot|p1b: mfw\n|-unboost|p1b: mfw|atk|1\n|-unboost|p1b: mfw|spa|1\n|\n|t:|1776058353\n|switch|p2b: THE CUP|Sinistcha-Masterpiece, L50|100/100|[from] Parting Shot\n|-heal|p2a: THE WALL|58/100|[from] ability: Hospitality|[of] p2b: THE CUP\n|move|p2a: THE WALL|Iron Defense|p2a: THE WALL\n|-boost|p2a: THE WALL|def|2\n|\n|-weather|RainDance|[upkeep]\n|upkeep\n|turn|4\n|\n|t:|1776058374\n|switch|p1b: Renaissance Men|Corviknight, L50, F|100/100\n|move|p2b: THE CUP|Rage Powder|p2b: THE CUP\n|-singleturn|p2b: THE CUP|move: Rage Powder\n|move|p1a: The Jobber|Sludge Wave|p2a: THE WALL|[spread] p2b\n|-immune|p1b: Renaissance Men\n|-immune|p2a: THE WALL\n|-damage|p2b: THE CUP|56/100\n|move|p2a: THE WALL|Body Press|p1b: Renaissance Men\n|-damage|p1b: Renaissance Men|0 fnt\n|faint|p1b: Renaissance Men\n|\n|-weather|RainDance|[upkeep]\n|-heal|p2b: THE CUP|62/100|[from] item: Leftovers\n|upkeep\n|\n|t:|1776058388\n|switch|p1b: Giblin|Sinistcha, L50|100/100\n|turn|5\n|\n|t:|1776058399\n|move|p1b: Giblin|Rage Powder|p1b: Giblin\n|-singleturn|p1b: Giblin|move: Rage Powder\n|move|p1a: The Jobber|Power Gem|p2b: THE CUP\n|-damage|p2b: THE CUP|6/100\n|move|p2b: THE CUP|Life Dew|p2b: THE CUP|[spread] p2a,p2b\n|-heal|p2a: THE WALL|82/100\n|-heal|p2b: THE CUP|31/100\n|move|p2a: THE WALL|Iron Defense|p2a: THE WALL\n|-boost|p2a: THE WALL|def|2\n|\n|-weather|none\n|-heal|p2b: THE CUP|37/100|[from] item: Leftovers\n|upkeep\n|turn|6\n|\n|t:|1776058415\n|move|p2b: THE CUP|Rage Powder|p2b: THE CUP\n|-singleturn|p2b: THE CUP|move: Rage Powder\n|move|p1b: Giblin|Rage Powder|p1b: Giblin\n|-singleturn|p1b: Giblin|move: Rage Powder\n|move|p1a: The Jobber|Power Gem|p2b: THE CUP\n|-damage|p2b: THE CUP|0 fnt\n|faint|p2b: THE CUP\n|move|p2a: THE WALL|Heavy Slam|p1b: Giblin\n|-damage|p1b: Giblin|80/100\n|\n|-heal|p1b: Giblin|86/100|[from] item: Leftovers\n|upkeep\n|\n|t:|1776058421\n|switch|p2b: THE CAT|Incineroar, L50, F|100/100\n|-ability|p2b: THE CAT|Intimidate|boost\n|-unboost|p1a: The Jobber|atk|1\n|-unboost|p1b: Giblin|atk|1\n|turn|7\n|\n|t:|1776058431\n|move|p2b: THE CAT|Fake Out|p1a: The Jobber\n|-resisted|p1a: The Jobber|1\n|-damage|p1a: The Jobber|94/100\n|move|p1b: Giblin|Rage Powder|p1b: Giblin\n|-singleturn|p1b: Giblin|move: Rage Powder\n|cant|p1a: The Jobber|flinch\n|move|p2a: THE WALL|Heavy Slam|p1b: Giblin\n|-damage|p1b: Giblin|64/100\n|\n|-heal|p1b: Giblin|70/100|[from] item: Leftovers\n|upkeep\n|turn|8\n|\n|t:|1776058445\n|move|p1b: Giblin|Rage Powder|p1b: Giblin\n|-singleturn|p1b: Giblin|move: Rage Powder\n|move|p1a: The Jobber|Power Gem|p2b: THE CAT\n|-supereffective|p2b: THE CAT|1\n|-damage|p2b: THE CAT|5/100\n|move|p2b: THE CAT|Flare Blitz|p1b: Giblin\n|-supereffective|p1b: Giblin|1\n|-damage|p1b: Giblin|3/100\n|-damage|p2b: THE CAT|0 fnt|[from] Recoil\n|faint|p2b: THE CAT\n|move|p2a: THE WALL|Heavy Slam|p1b: Giblin\n|-damage|p1b: Giblin|0 fnt\n|faint|p1b: Giblin\n|\n|upkeep\n|\n|t:|1776058455\n|switch|p1b: mfw|Incineroar, L50, F|100/100\n|-ability|p1b: mfw|Intimidate|boost\n|-unboost|p2a: THE WALL|atk|1\n|turn|9\n|\n|t:|1776058460\n|move|p1b: mfw|Fake Out|p2a: THE WALL\n|-resisted|p2a: THE WALL|1\n|-damage|p2a: THE WALL|82/100\n|move|p1a: The Jobber|Earth Power|p2a: THE WALL\n|-supereffective|p2a: THE WALL|1\n|-damage|p2a: THE WALL|0 fnt\n|faint|p2a: THE WALL\n|\n|win|Stinko Man\n||Couch Potato309 is ready for game 2.\n||Stinko Man is ready for game 2.\n|uhtml|next|Next: <a href=\"/battle-gen9championsvgc2026regma-2582104820\"><strong>Game 2 of 3</strong></a>\n|l|\u2606Couch Potato309\n|player|p2|\n|j|\u2606Couch Potato309\n|player|p2|Couch Potato309|steven|\n|l|\u2606Couch Potato309\n|player|p2|\n",
  "uploadtime": 1776059409,
  "views": 11,
  "formatid": "gen9championsvgc2026regma",
  "rating": null,
  "private": 0,
  "password": null
}