{
  "id": "gen9championsvgc2026regma-2584858862",
  "format": "[Gen 9 Champions] VGC 2026 Reg M-A",
  "players": [
    "L_Yami_H",
    "lucasmalt"
  ],
  "log": "|j|\u2606L_Yami_H\n|j|\u2606lucasmalt\n|t:|1776289263\n|gametype|doubles\n|player|p1|L_Yami_H|ghetsis|1422\n|player|p2|lucasmalt|2|1495\n|gen|9\n|tier|[Gen 9 Champions] VGC 2026 Reg M-A\n|rated|\n|rule|Species Clause: Limit one of each Pok\u00e9mon\n|rule|Item Clause: Limit 1 of each item\n|clearpoke\n|poke|p1|Sableye, L50, M|\n|poke|p1|Victreebel, L50, F|\n|poke|p1|Kingambit, L50, M|\n|poke|p1|Sneasler, L50, F|\n|poke|p1|Araquanid, L50, F|\n|poke|p1|Arcanine, L50, M|\n|poke|p2|Charizard, L50, F|\n|poke|p2|Sinistcha, L50|\n|poke|p2|Incineroar, L50, F|\n|poke|p2|Milotic, L50, M|\n|poke|p2|Aerodactyl, L50, M|\n|poke|p2|Mimikyu, L50, F|\n|teampreview|4\n|inactive|Battle timer is ON: inactive players will automatically lose when time's up. (requested by lucasmalt)\n|inactive|L_Yami_H also wants the timer to be on.\nL_Yami_H rejected open team sheets.\n|inactive|lucasmalt has 60 seconds left.\n|\n|t:|1776289317\n|teamsize|p1|4\n|teamsize|p2|4\n|start\n|switch|p1a: Yami|Sableye, L50, M|100/100\n|switch|p1b: Dess|Sneasler, L50, F, shiny|100/100\n|switch|p2a: Aerodactyl|Aerodactyl, L50, M|100/100\n|switch|p2b: Milotic|Milotic, L50, M|100/100\n|-ability|p2a: Aerodactyl|Unnerve\n|turn|1\n|\n|t:|1776289333\n|move|p2a: Aerodactyl|Protect|p2a: Aerodactyl\n|-singleturn|p2a: Aerodactyl|Protect\n|move|p1a: Yami|Fake Out|p2a: Aerodactyl\n|-activate|p2a: Aerodactyl|move: Protect\n|move|p1b: Dess|Close Combat|p2a: Aerodactyl\n|-activate|p2a: Aerodactyl|move: Protect\n|move|p2b: Milotic|Scald|p1a: Yami\n|-damage|p1a: Yami|51/100\n|\n|upkeep\n|turn|2\n|\n|t:|1776289354\n|switch|p2b: Sinistcha|Sinistcha, L50|100/100\n|move|p1a: Yami|Encore|p2a: Aerodactyl\n|-start|p2a: Aerodactyl|Encore\n|move|p2a: Aerodactyl|Protect||[still]\n|-fail|p2a: Aerodactyl\n|move|p1b: Dess|Close Combat|p2b: Sinistcha\n|-immune|p2b: Sinistcha\n|\n|upkeep\n|turn|3\n|\n|t:|1776289369\n|switch|p2a: Milotic|Milotic, L50, M|100/100\n|switch|p1a: Checkers|Kingambit, L50, M, shiny|100/100\n|move|p1b: Dess|Coaching|p1a: Checkers\n|-boost|p1a: Checkers|atk|1\n|-boost|p1a: Checkers|def|1\n|move|p2b: Sinistcha|Matcha Gotcha|p1b: Dess|[spread] p1a,p1b\n|-resisted|p1a: Checkers|1\n|-resisted|p1b: Dess|1\n|-damage|p1a: Checkers|87/100\n|-damage|p1b: Dess|85/100\n|\n|upkeep\n|turn|4\n|\n|t:|1776289386\n|move|p1b: Dess|Protect|p1b: Dess\n|-singleturn|p1b: Dess|Protect\n|move|p2a: Milotic|Scald|p1a: Checkers\n|-damage|p1a: Checkers|54/100\n|move|p2b: Sinistcha|Matcha Gotcha|p1b: Dess|[spread] p1a\n|-activate|p1b: Dess|move: Protect\n|-resisted|p1a: Checkers|1\n|-damage|p1a: Checkers|41/100\n|move|p1a: Checkers|Kowtow Cleave|p2b: Sinistcha\n|-supereffective|p2b: Sinistcha|1\n|-damage|p2b: Sinistcha|0 fnt\n|faint|p2b: Sinistcha\n|\n|upkeep\n|\n|t:|1776289402\n|switch|p2b: Charizard|Charizard, L50, F|100/100\n|turn|5\n|\n|t:|1776289410\n|detailschange|p2b: Charizard|Charizard-Mega-X, L50, F\n|-mega|p2b: Charizard|Charizard|Charizardite X\n|move|p1a: Checkers|Sucker Punch|p2a: Milotic\n|-damage|p2a: Milotic|33/100\n|move|p1b: Dess|Rock Slide|p2b: Charizard|[spread] p2b\n|-miss|p1b: Dess|p2a: Milotic\n|-supereffective|p2b: Charizard|1\n|-damage|p2b: Charizard|60/100\n|move|p2b: Charizard|Dragon Dance|p2b: Charizard\n|-boost|p2b: Charizard|atk|1\n|-boost|p2b: Charizard|spe|1\n|move|p2a: Milotic|Scald|p1a: Checkers\n|-damage|p1a: Checkers|9/100\n|-status|p1a: Checkers|brn\n|\n|-heal|p2a: Milotic|39/100|[from] item: Leftovers\n|-damage|p1a: Checkers|3/100 brn|[from] brn\n|upkeep\n|turn|6\n|\n|t:|1776289432\n|move|p2b: Charizard|Protect|p2b: Charizard\n|-singleturn|p2b: Charizard|Protect\n|move|p1b: Dess|Protect|p1b: Dess\n|-singleturn|p1b: Dess|Protect\n|move|p1a: Checkers|Sucker Punch||[still]\n|-fail|p1a: Checkers\n|move|p2a: Milotic|Life Dew|p2a: Milotic|[spread] p2a,p2b\n|-heal|p2a: Milotic|64/100\n|-heal|p2b: Charizard|85/100\n|\n|-heal|p2a: Milotic|70/100|[from] item: Leftovers\n|-damage|p1a: Checkers|0 fnt|[from] brn\n|faint|p1a: Checkers\n|upkeep\n|\n|t:|1776289440\n|switch|p1a: Yami|Sableye, L50, M|51/100\n|turn|7\n|inactive|lucasmalt has 30 seconds left.\n|\n|t:|1776289473\n|switch|p2b: Aerodactyl|Aerodactyl, L50, M|100/100\n|-ability|p2b: Aerodactyl|Unnerve\n|move|p1a: Yami|Encore||[still]\n|-fail|p1a: Yami\n|move|p1b: Dess|Close Combat|p2a: Milotic\n|-damage|p2a: Milotic|5/100\n|-unboost|p1b: Dess|def|1\n|-unboost|p1b: Dess|spd|1\n|-enditem|p1b: Dess|White Herb\n|-clearnegativeboost|p1b: Dess|[silent]\n|move|p2a: Milotic|Scald|p1b: Dess\n|-damage|p1b: Dess|37/100\n|-status|p1b: Dess|brn\n|\n|-heal|p2a: Milotic|11/100|[from] item: Leftovers\n|-damage|p1b: Dess|32/100 brn|[from] brn\n|upkeep\n|turn|8\n|\n|t:|1776289500\n|move|p2a: Milotic|Protect|p2a: Milotic\n|-singleturn|p2a: Milotic|Protect\n|move|p1a: Yami|Sucker Punch|p2b: Aerodactyl\n|-damage|p2b: Aerodactyl|54/100\n|move|p1b: Dess|Close Combat|p2a: Milotic\n|-activate|p2a: Milotic|move: Protect\n|move|p2b: Aerodactyl|Rock Slide|p1a: Yami|[spread] p1b\n|-miss|p2b: Aerodactyl|p1a: Yami\n|-resisted|p1b: Dess|1\n|-damage|p1b: Dess|9/100 brn\n|\n|-heal|p2a: Milotic|17/100|[from] item: Leftovers\n|-damage|p1b: Dess|3/100 brn|[from] brn\n|upkeep\n|turn|9\n|\n|t:|1776289524\n|move|p2a: Milotic|Protect|p2a: Milotic\n|-singleturn|p2a: Milotic|Protect\n|move|p1a: Yami|Sucker Punch|p2b: Aerodactyl\n|-damage|p2b: Aerodactyl|9/100\n|move|p1b: Dess|Close Combat|p2a: Milotic\n|-activate|p2a: Milotic|move: Protect\n|move|p2b: Aerodactyl|Rock Slide|p1a: Yami|[spread] p1b\n|-miss|p2b: Aerodactyl|p1a: Yami\n|-resisted|p1b: Dess|1\n|-damage|p1b: Dess|0 fnt\n|faint|p1b: Dess\n|\n|-heal|p2a: Milotic|23/100|[from] item: Leftovers\n|upkeep\n|\n|t:|1776289532\n|switch|p1b: Baret|Victreebel, L50, F, shiny|100/100\n|turn|10\n|\n|t:|1776289543\n|switch|p2b: Charizard|Charizard-Mega-X, L50, F|85/100\n|detailschange|p1b: Baret|Victreebel-Mega, L50, F, shiny\n|-mega|p1b: Baret|Victreebel|Victreebelite\n|move|p1a: Yami|Encore|p2a: Milotic\n|-start|p2a: Milotic|Encore\n|move|p2a: Milotic|Protect||[still]\n|-fail|p2a: Milotic\n|move|p1b: Baret|Giga Drain|p2b: Charizard\n|-resisted|p2b: Charizard|2\n|-damage|p2b: Charizard|75/100\n|\n|-heal|p2a: Milotic|29/100|[from] item: Leftovers\n|upkeep\n|turn|11\n|\n|t:|1776289563\n|switch|p2a: Aerodactyl|Aerodactyl, L50, M|9/100\n|-ability|p2a: Aerodactyl|Unnerve\n|move|p1a: Yami|Skill Swap|p1b: Baret\n|-activate|p1a: Yami|Skill Swap|||[of] p1b: Baret\n|move|p1b: Baret|Sleep Powder|p2b: Charizard\n|-status|p2b: Charizard|slp|[from] move: Sleep Powder\n|cant|p2b: Charizard|slp\n|\n|upkeep\n|turn|12\n|\n|t:|1776289586\n|move|p1a: Yami|Sucker Punch|p2a: Aerodactyl\n|-crit|p2a: Aerodactyl\n|-damage|p2a: Aerodactyl|0 fnt\n|faint|p2a: Aerodactyl\n|cant|p2b: Charizard|slp\n|move|p1b: Baret|Sludge Bomb|p2b: Charizard\n|-damage|p2b: Charizard|21/100 slp\n|\n|upkeep\n|\n|t:|1776289589\n|switch|p2a: Milotic|Milotic, L50, M|29/100\n|turn|13\n|\n|t:|1776289599\n|move|p1a: Yami|Sucker Punch|p2b: Charizard\n|-damage|p2b: Charizard|0 fnt\n|faint|p2b: Charizard\n|move|p1b: Baret|Giga Drain|p2a: Milotic\n|-supereffective|p2a: Milotic|1\n|-damage|p2a: Milotic|0 fnt\n|faint|p2a: Milotic\n|\n|win|L_Yami_H\n|raw|L_Yami_H's rating: 1422 &rarr; <strong>1446</strong><br />(+24 for winning)\n|raw|lucasmalt's rating: 1495 &rarr; <strong>1471</strong><br />(-24 for losing)\n|l|\u2606lucasmalt\n|player|p2|\n",
  "uploadtime": 1776289614,
  "views": 66,
  "formatid": "gen9championsvgc2026regma",
  "rating": 1446,
  "private": 0,
  "password": null
}