{
  "id": "gen9championsvgc2026regma-2580879881",
  "format": "[Gen 9 Champions] VGC 2026 Reg M-A",
  "players": [
    "xjpsuperfan",
    "Serzxz"
  ],
  "log": "|j|\u2606xjpsuperfan\n|j|\u2606Serzxz\n|t:|1775940032\n|gametype|doubles\n|player|p1|xjpsuperfan|102|1123\n|player|p2|Serzxz|101|1185\n|gen|9\n|tier|[Gen 9 Champions] VGC 2026 Reg M-A\n|rated|\n|rule|Species Clause: Limit one of each Pok\u00e9mon\n|rule|Item Clause: Limit 1 of each item\n|clearpoke\n|poke|p1|Meganium, L50, F|\n|poke|p1|Dragonite, L50, M|\n|poke|p1|Pelipper, L50, M|\n|poke|p1|Palafin, L50, F|\n|poke|p1|Sneasler, L50, F|\n|poke|p1|Incineroar, L50, F|\n|poke|p2|Charizard, L50, F|\n|poke|p2|Sneasler, L50, F|\n|poke|p2|Maushold-Four, L50|\n|poke|p2|Kingambit, L50, F|\n|poke|p2|Dragapult, L50, M|\n|poke|p2|Garchomp, L50, F|\n|teampreview|4\n|\n|t:|1775940064\n|teamsize|p1|4\n|teamsize|p2|4\n|start\n|switch|p1a: Palafin|Palafin, L50, F|100/100\n|switch|p1b: Dragonite|Dragonite, L50, M|100/100\n|switch|p2a: Dragapult|Dragapult, L50, M, shiny|100/100\n|switch|p2b: Kingambit|Kingambit, L50, F, shiny|100/100\n|turn|1\n|inactive|Battle timer is ON: inactive players will automatically lose when time's up. (requested by Serzxz)\n|\n|t:|1775940111\n|detailschange|p1a: Palafin|Palafin-Hero, L50, F\n|switch|p1a: Pelipper|Pelipper, L50, M|100/100\n|-weather|RainDance|[from] ability: Drizzle|[of] p1a: Pelipper\n|detailschange|p1b: Dragonite|Dragonite-Mega, L50, M\n|-mega|p1b: Dragonite|Dragonite|Dragoninite\n|move|p2a: Dragapult|Draco Meteor|p1b: Dragonite\n|-supereffective|p1b: Dragonite|1\n|-damage|p1b: Dragonite|48/100\n|-unboost|p2a: Dragapult|spa|2\n|-enditem|p2a: Dragapult|White Herb\n|-clearnegativeboost|p2a: Dragapult|[silent]\n|move|p1b: Dragonite|Draco Meteor|p2a: Dragapult\n|-supereffective|p2a: Dragapult|1\n|-damage|p2a: Dragapult|0 fnt\n|-unboost|p1b: Dragonite|spa|2\n|faint|p2a: Dragapult\n|move|p2b: Kingambit|Kowtow Cleave|p1a: Pelipper\n|-damage|p1a: Pelipper|46/100\n|\n|-weather|RainDance|[upkeep]\n|upkeep\n|\n|t:|1775940126\n|switch|p2a: Charizard|Charizard, L50, F, shiny|100/100\n|turn|2\n|\n|t:|1775940141\n|switch|p1a: Palafin|Palafin-Hero, L50, F|100/100\n|-activate|p1a: Palafin|ability: Zero to Hero\n|detailschange|p2a: Charizard|Charizard-Mega-Y, L50, F, shiny\n|-mega|p2a: Charizard|Charizard|Charizardite Y\n|-weather|SunnyDay|[from] ability: Drought|[of] p2a: Charizard\n|move|p2b: Kingambit|Sucker Punch||[still]\n|-fail|p2b: Kingambit\n|move|p1b: Dragonite|Tailwind|p1b: Dragonite\n|-sidestart|p1: xjpsuperfan|move: Tailwind\n|move|p2a: Charizard|Solar Beam||[still]\n|-prepare|p2a: Charizard|Solar Beam\n|-anim|p2a: Charizard|Solar Beam|p1a: Palafin\n|-supereffective|p1a: Palafin|1\n|-damage|p1a: Palafin|23/100\n|\n|-weather|SunnyDay|[upkeep]\n|-heal|p1a: Palafin|29/100|[from] item: Leftovers\n|upkeep\n|turn|3\n|inactive|Serzxz has 30 seconds left.\n|\n|t:|1775940173\n|switch|p1b: Pelipper|Pelipper, L50, M|46/100\n|-weather|RainDance|[from] ability: Drizzle|[of] p1b: Pelipper\n|switch|p2a: Sneasler|Sneasler, L50, F, shiny|100/100\n|move|p2b: Kingambit|Sucker Punch||[still]\n|-fail|p2b: Kingambit\n|move|p1a: Palafin|Drain Punch|p2b: Kingambit\n|-supereffective|p2b: Kingambit|2\n|-damage|p2b: Kingambit|14/100\n|-heal|p1a: Palafin|71/100|[from] drain|[of] p2b: Kingambit\n|\n|-weather|RainDance|[upkeep]\n|-heal|p1a: Palafin|76/100|[from] item: Leftovers\n|upkeep\n|turn|4\n|inactive|xjpsuperfan has 30 seconds left.\n|inactive|Serzxz has 30 seconds left.\n|\n|t:|1775940202\n|switch|p1b: Incineroar|Incineroar, L50, F|100/100\n|-ability|p1b: Incineroar|Intimidate|boost\n|-unboost|p2a: Sneasler|atk|1\n|-unboost|p2b: Kingambit|atk|1\n|-ability|p2b: Kingambit|Defiant|boost\n|-boost|p2b: Kingambit|atk|2\n|switch|p2b: Charizard|Charizard-Mega-Y, L50, F, shiny|100/100\n|-weather|SunnyDay|[from] ability: Drought|[of] p2b: Charizard\n|move|p2a: Sneasler|Fake Out|p1a: Palafin\n|-damage|p1a: Palafin|69/100\n|cant|p1a: Palafin|flinch\n|\n|-weather|SunnyDay|[upkeep]\n|-heal|p1a: Palafin|74/100|[from] item: Leftovers\n|upkeep\n|turn|5\n|\n|t:|1775940223\n|move|p2b: Charizard|Protect|p2b: Charizard\n|-singleturn|p2b: Charizard|Protect\n|move|p1b: Incineroar|Fake Out|p2b: Charizard\n|-activate|p2b: Charizard|move: Protect\n|move|p1a: Palafin|Bulk Up|p1a: Palafin\n|-boost|p1a: Palafin|atk|1\n|-boost|p1a: Palafin|def|1\n|move|p2a: Sneasler|Rock Slide|p1a: Palafin|[spread] p1a,p1b\n|-supereffective|p1b: Incineroar|1\n|-crit|p1b: Incineroar\n|-damage|p1a: Palafin|66/100\n|-damage|p1b: Incineroar|52/100\n|\n|-weather|SunnyDay|[upkeep]\n|-heal|p1a: Palafin|72/100|[from] item: Leftovers\n|-sideend|p1: xjpsuperfan|move: Tailwind\n|upkeep\n|turn|6\n|\n|t:|1775940238\n|move|p1a: Palafin|Protect|p1a: Palafin\n|-singleturn|p1a: Palafin|Protect\n|move|p2a: Sneasler|Rock Slide|p1a: Palafin|[spread] p1b\n|-activate|p1a: Palafin|move: Protect\n|-supereffective|p1b: Incineroar|1\n|-damage|p1b: Incineroar|31/100\n|-enditem|p1b: Incineroar|Sitrus Berry|[eat]\n|-heal|p1b: Incineroar|56/100|[from] item: Sitrus Berry\n|move|p2b: Charizard|Solar Beam||[still]\n|-prepare|p2b: Charizard|Solar Beam\n|-anim|p2b: Charizard|Solar Beam|p1a: Palafin\n|-activate|p1a: Palafin|move: Protect\n|move|p1b: Incineroar|Snarl|p2b: Charizard|[spread] p2a,p2b\n|-resisted|p2a: Sneasler|1\n|-damage|p2a: Sneasler|93/100\n|-damage|p2b: Charizard|92/100\n|-unboost|p2a: Sneasler|spa|1\n|-unboost|p2b: Charizard|spa|1\n|\n|-weather|SunnyDay|[upkeep]\n|-heal|p1a: Palafin|77/100|[from] item: Leftovers\n|upkeep\n|turn|7\n|\n|t:|1775940257\n|switch|p1b: Pelipper|Pelipper, L50, M|46/100\n|-weather|RainDance|[from] ability: Drizzle|[of] p1b: Pelipper\n|move|p1a: Palafin|Jet Punch|p2b: Charizard\n|-supereffective|p2b: Charizard|1\n|-damage|p2b: Charizard|0 fnt\n|faint|p2b: Charizard\n|move|p2a: Sneasler|Rock Slide|p1b: Pelipper|[spread] p1a,p1b\n|-supereffective|p1b: Pelipper|1\n|-damage|p1a: Palafin|70/100\n|-damage|p1b: Pelipper|26/100\n|\n|-weather|RainDance|[upkeep]\n|-heal|p1a: Palafin|76/100|[from] item: Leftovers\n|upkeep\n|-message|Serzxz forfeited.\n|\n|win|xjpsuperfan\n|raw|xjpsuperfan's rating: 1123 &rarr; <strong>1152</strong><br />(+29 for winning)\n|raw|Serzxz's rating: 1185 &rarr; <strong>1156</strong><br />(-29 for losing)\n|l|\u2606Serzxz\n|player|p2|\n|l|\u2606xjpsuperfan\n|player|p1|\n|j|\u2606xjpsuperfan\n|player|p1|xjpsuperfan|102|\n|l|\u2606xjpsuperfan\n|player|p1|\n|j|\u2606xjpsuperfan\n|player|p1|xjpsuperfan|102|\n",
  "uploadtime": 1775940295,
  "views": 20,
  "formatid": "gen9championsvgc2026regma",
  "rating": 1152,
  "private": 0,
  "password": null
}