{
  "id": "gen9championsvgc2026regma-2585251569",
  "format": "[Gen 9 Champions] VGC 2026 Reg M-A",
  "players": [
    "Galact7adi",
    "Virone"
  ],
  "log": "|j|\u2606Galact7adi\n|j|\u2606Virone\n|t:|1776330105\n|gametype|doubles\n|player|p1|Galact7adi|hilbert|1181\n|player|p2|Virone|veteranf|1230\n|gen|9\n|tier|[Gen 9 Champions] VGC 2026 Reg M-A\n|rated|\n|rule|Species Clause: Limit one of each Pok\u00e9mon\n|rule|Item Clause: Limit 1 of each item\n|clearpoke\n|poke|p1|Kangaskhan, L50, F|\n|poke|p1|Aegislash, L50, M|\n|poke|p1|Garchomp, L50, F|\n|poke|p1|Sinistcha, L50|\n|poke|p1|Floette-Eternal, L50, F|\n|poke|p1|Aerodactyl, L50, F|\n|poke|p2|Scovillain, L50, F|\n|poke|p2|Dragapult, L50, M|\n|poke|p2|Sneasler, L50, F|\n|poke|p2|Rotom-Wash, L50|\n|poke|p2|Archaludon, L50, F|\n|poke|p2|Volcarona, L50, M|\n|teampreview|4\n|inactive|Battle timer is ON: inactive players will automatically lose when time's up. (requested by Galact7adi)\n|inactive|Galact7adi has 60 seconds left.\n|inactive|Virone has 60 seconds left.\n|inactive|Virone has 30 seconds left.\n|\n|t:|1776330172\n|teamsize|p1|4\n|teamsize|p2|4\n|start\n|switch|p1a: Aerodactyl|Aerodactyl, L50, F|100/100\n|switch|p1b: Kangaskhan|Kangaskhan, L50, F|100/100\n|switch|p2a: Scovillain|Scovillain, L50, F|100/100\n|switch|p2b: Dragapult|Dragapult, L50, M|100/100\n|-ability|p1a: Aerodactyl|Unnerve\n|turn|1\n|inactive|Galact7adi has 30 seconds left.\n|\n|t:|1776330198\n|detailschange|p1b: Kangaskhan|Kangaskhan-Mega, L50, F\n|-mega|p1b: Kangaskhan|Kangaskhan|Kangaskhanite\n|detailschange|p2a: Scovillain|Scovillain-Mega, L50, F\n|-mega|p2a: Scovillain|Scovillain|Scovillainite\n|move|p1b: Kangaskhan|Sucker Punch||[still]\n|-fail|p1b: Kangaskhan\n|move|p2b: Dragapult|Reflect|p2b: Dragapult\n|-sidestart|p2: Virone|Reflect\n|move|p1a: Aerodactyl|Tailwind|p1a: Aerodactyl\n|-sidestart|p1: Galact7adi|move: Tailwind\n|move|p2a: Scovillain|Giga Drain|p1a: Aerodactyl\n|-damage|p1a: Aerodactyl|48/100\n|\n|upkeep\n|turn|2\n|\n|t:|1776330219\n|switch|p1b: Aegislash|Aegislash, L50, M|100/100\n|move|p1a: Aerodactyl|Rock Slide|p2b: Dragapult|[spread] p2a,p2b\n|-supereffective|p2a: Scovillain|1\n|-damage|p2a: Scovillain|66/100\n|-damage|p2b: Dragapult|76/100\n|-status|p1a: Aerodactyl|brn|[from] ability: Spicy Spray|[of] p2a: Scovillain\n|cant|p2b: Dragapult|flinch\n|move|p2a: Scovillain|Giga Drain|p1a: Aerodactyl\n|-damage|p1a: Aerodactyl|0 fnt\n|-heal|p2a: Scovillain|87/100|[from] drain|[of] p1a: Aerodactyl\n|faint|p1a: Aerodactyl\n|\n|upkeep\n|\n|t:|1776330232\n|switch|p1a: Kangaskhan|Kangaskhan-Mega, L50, F|100/100\n|turn|3\n|\n|t:|1776330241\n|move|p1a: Kangaskhan|Sucker Punch||[still]\n|-fail|p1a: Kangaskhan\n|move|p2b: Dragapult|Light Screen|p2b: Dragapult\n|-sidestart|p2: Virone|move: Light Screen\n|-formechange|p1b: Aegislash|Aegislash-Blade|\n|move|p1b: Aegislash|Shadow Ball|p2a: Scovillain\n|-damage|p2a: Scovillain|50/100\n|-status|p1b: Aegislash|brn|[from] ability: Spicy Spray|[of] p2a: Scovillain\n|move|p2a: Scovillain|Flamethrower|p1b: Aegislash\n|-supereffective|p1b: Aegislash|1\n|-crit|p1b: Aegislash\n|-damage|p1b: Aegislash|0 fnt\n|faint|p1b: Aegislash\n|\n|upkeep\n|\n|t:|1776330252\n|switch|p1b: Garchomp|Garchomp, L50, F|100/100\n|turn|4\n|\n|t:|1776330260\n|move|p1b: Garchomp|Dragon Claw|p2b: Dragapult\n|-supereffective|p2b: Dragapult|1\n|-damage|p2b: Dragapult|4/100\n|move|p1a: Kangaskhan|Double-Edge|p2a: Scovillain\n|-damage|p2a: Scovillain|8/100\n|-status|p1a: Kangaskhan|brn|[from] ability: Spicy Spray|[of] p2a: Scovillain\n|-damage|p2a: Scovillain|3/100\n|-hitcount|p2a: Scovillain|2\n|-damage|p1a: Kangaskhan|87/100 brn|[from] Recoil\n|move|p2b: Dragapult|Thunder Wave||[still]\n|-fail|p2b: Dragapult\n|move|p2a: Scovillain|Flamethrower|p1a: Kangaskhan\n|-damage|p1a: Kangaskhan|48/100 brn\n|\n|-damage|p1a: Kangaskhan|42/100 brn|[from] brn\n|-sideend|p1: Galact7adi|move: Tailwind\n|upkeep\n|turn|5\n|\n|t:|1776330279\n|move|p2a: Scovillain|Rage Powder|p2a: Scovillain\n|-singleturn|p2a: Scovillain|move: Rage Powder\n|move|p1a: Kangaskhan|Sucker Punch||[still]\n|-fail|p1a: Kangaskhan\n|move|p2b: Dragapult|Hex|p1b: Garchomp\n|-damage|p1b: Garchomp|74/100\n|move|p1b: Garchomp|Dragon Claw|p2a: Scovillain\n|-damage|p2a: Scovillain|0 fnt\n|-status|p1b: Garchomp|brn|[from] ability: Spicy Spray|[of] p2a: Scovillain\n|faint|p2a: Scovillain\n|\n|-damage|p1b: Garchomp|68/100 brn|[from] brn\n|-damage|p1a: Kangaskhan|36/100 brn|[from] brn\n|-sideend|p2: Virone|Reflect\n|upkeep\n|-message|Galact7adi forfeited.\n|\n|win|Virone\n|raw|Galact7adi's rating: 1181 &rarr; <strong>1160</strong><br />(-21 for losing)\n|raw|Virone's rating: 1230 &rarr; <strong>1251</strong><br />(+21 for winning)\n|l|\u2606Galact7adi\n|player|p1|\n",
  "uploadtime": 1776330296,
  "views": 19,
  "formatid": "gen9championsvgc2026regma",
  "rating": 1160,
  "private": 0,
  "password": null
}