{
  "id": "gen9championsvgc2026regma-2580464861",
  "format": "[Gen 9 Champions] VGC 2026 Reg M-A",
  "players": [
    "juls16",
    "bagazkarap"
  ],
  "log": "|j|\u2606juls16\n|j|\u203dbagazkarap\n|t:|1775900561\n|gametype|doubles\n|player|p1|juls16|2|1000\n|player|p2|bagazkarap|1|1045\n|gen|9\n|tier|[Gen 9 Champions] VGC 2026 Reg M-A\n|rated|\n|rule|Species Clause: Limit one of each Pok\u00e9mon\n|rule|Item Clause: Limit 1 of each item\n|clearpoke\n|poke|p1|Talonflame, L50, F|\n|poke|p1|Garchomp, L50, F|\n|poke|p1|Tyranitar, L50, M|\n|poke|p1|Tinkaton, L50, F|\n|poke|p1|Milotic, L50, F|\n|poke|p1|Tsareena, L50, F|\n|poke|p2|Meowstic-F, L50, F|\n|poke|p2|Aurorus, L50, M|\n|poke|p2|Torkoal, L50, F|\n|poke|p2|Rotom-Wash, L50|\n|poke|p2|Armarouge, L50, M|\n|poke|p2|Torterra, L50, F|\n|teampreview|4\n|inactive|Battle timer is ON: inactive players will automatically lose when time's up. (requested by bagazkarap)\n|\n|t:|1775900622\n|teamsize|p1|4\n|teamsize|p2|4\n|start\n|switch|p1a: Garchomp|Garchomp, L50, F|100/100\n|switch|p1b: Milotic|Milotic, L50, F|100/100\n|switch|p2a: Rotom|Rotom-Wash, L50|100/100\n|switch|p2b: Torterra|Torterra, L50, F|100/100\n|turn|1\n|\n|t:|1775900644\n|switch|p1a: Tsareena|Tsareena, L50, F|100/100\n|switch|p2b: Torkoal|Torkoal, L50, F|100/100\n|-weather|SunnyDay|[from] ability: Drought|[of] p2b: Torkoal\n|move|p2a: Rotom|Volt Switch|p1b: Milotic\n|-supereffective|p1b: Milotic|1\n|-damage|p1b: Milotic|64/100\n|\n|t:|1775900653\n|switch|p2a: Torterra|Torterra, L50, F|100/100|[from] Volt Switch\n|move|p1b: Milotic|Ice Beam|p2b: Torkoal\n|-resisted|p2b: Torkoal|1\n|-damage|p2b: Torkoal|84/100\n|\n|-weather|SunnyDay|[upkeep]\n|-heal|p1b: Milotic|70/100|[from] item: Leftovers\n|upkeep\n|turn|2\n|\n|t:|1775900676\n|switch|p1a: Tyranitar|Tyranitar, L50, M|100/100\n|-weather|Sandstorm|[from] ability: Sand Stream|[of] p1a: Tyranitar\n|switch|p2a: Rotom|Rotom-Wash, L50|100/100\n|move|p1b: Milotic|Ice Beam|p2a: Rotom\n|-resisted|p2a: Rotom|1\n|-crit|p2a: Rotom\n|-damage|p2a: Rotom|84/100\n|move|p2b: Torkoal|Solar Beam||[still]\n|-prepare|p2b: Torkoal|Solar Beam\n|\n|-weather|Sandstorm|[upkeep]\n|-damage|p2a: Rotom|78/100|[from] Sandstorm\n|-damage|p1b: Milotic|64/100|[from] Sandstorm\n|-damage|p2b: Torkoal|78/100|[from] Sandstorm\n|-heal|p1b: Milotic|70/100|[from] item: Leftovers\n|upkeep\n|turn|3\n|inactive|juls16 has 30 seconds left.\n|\n|t:|1775900708\n|switch|p1b: Tsareena|Tsareena, L50, F|100/100\n|move|p2a: Rotom|Trick|p1b: Tsareena\n|-activate|p2a: Rotom|move: Trick|[of] p1b: Tsareena\n|-item|p1b: Tsareena|Choice Scarf|[from] move: Trick\n|-item|p2a: Rotom|Scope Lens|[from] move: Trick\n|move|p1a: Tyranitar|Rock Slide|p2a: Rotom|[spread] p2a,p2b\n|-supereffective|p2b: Torkoal|1\n|-damage|p2a: Rotom|50/100\n|-damage|p2b: Torkoal|39/100\n|move|p2b: Torkoal|Solar Beam|p1b: Tsareena|[from] lockedmove\n|-resisted|p1b: Tsareena|1\n|-damage|p1b: Tsareena|90/100\n|\n|-weather|Sandstorm|[upkeep]\n|-damage|p1b: Tsareena|84/100|[from] Sandstorm\n|-damage|p2a: Rotom|44/100|[from] Sandstorm\n|-damage|p2b: Torkoal|33/100|[from] Sandstorm\n|upkeep\n|turn|4\n|\n|t:|1775900732\n|move|p2b: Torkoal|Protect|p2b: Torkoal\n|-singleturn|p2b: Torkoal|Protect\n|move|p1b: Tsareena|Power Whip|p2a: Rotom\n|-supereffective|p2a: Rotom|1\n|-damage|p2a: Rotom|0 fnt\n|faint|p2a: Rotom\n|move|p1a: Tyranitar|Rock Slide|p2b: Torkoal\n|-activate|p2b: Torkoal|move: Protect\n|\n|-weather|Sandstorm|[upkeep]\n|-damage|p1b: Tsareena|78/100|[from] Sandstorm\n|-damage|p2b: Torkoal|27/100|[from] Sandstorm\n|upkeep\n|\n|t:|1775900743\n|switch|p2a: Torterra|Torterra, L50, F|100/100\n|turn|5\n|\n|t:|1775900762\n|switch|p1b: Garchomp|Garchomp, L50, F|100/100\n|move|p2a: Torterra|Shell Smash|p2a: Torterra\n|-unboost|p2a: Torterra|def|1\n|-unboost|p2a: Torterra|spd|1\n|-boost|p2a: Torterra|atk|2\n|-boost|p2a: Torterra|spa|2\n|-boost|p2a: Torterra|spe|2\n|-enditem|p2a: Torterra|White Herb\n|-clearnegativeboost|p2a: Torterra|[silent]\n|move|p1a: Tyranitar|Knock Off|p2a: Torterra\n|-damage|p2a: Torterra|71/100\n|move|p2b: Torkoal|Flamethrower|p1b: Garchomp\n|-resisted|p1b: Garchomp|1\n|-damage|p1b: Garchomp|74/100\n|\n|-weather|Sandstorm|[upkeep]\n|-damage|p2b: Torkoal|21/100|[from] Sandstorm\n|upkeep\n|turn|6\n|inactive|juls16 has 30 seconds left.\n|\n|t:|1775900790\n|detailschange|p1b: Garchomp|Garchomp-Mega, L50, F\n|-mega|p1b: Garchomp|Garchomp|Garchompite\n|move|p1a: Tyranitar|Protect|p1a: Tyranitar\n|-singleturn|p1a: Tyranitar|Protect\n|move|p2b: Torkoal|Protect|p2b: Torkoal\n|-singleturn|p2b: Torkoal|Protect\n|move|p2a: Torterra|Seed Bomb|p1b: Garchomp\n|-damage|p1b: Garchomp|6/100\n|move|p1b: Garchomp|Dragon Claw|p2a: Torterra\n|-damage|p2a: Torterra|24/100\n|\n|-weather|none\n|upkeep\n|turn|7\n|\n|t:|1775900815\n|switch|p1a: Tsareena|Tsareena, L50, F|78/100\n|move|p1b: Garchomp|Protect|p1b: Garchomp\n|-singleturn|p1b: Garchomp|Protect\n|move|p2a: Torterra|Earthquake|p1a: Tsareena|[spread] p2b,p1a\n|-activate|p1b: Garchomp|move: Protect\n|-supereffective|p2b: Torkoal|1\n|-resisted|p1a: Tsareena|1\n|-damage|p2b: Torkoal|0 fnt\n|-damage|p1a: Tsareena|39/100\n|faint|p2b: Torkoal\n|\n|upkeep\n|\n|t:|1775900825\n|switch|p2b: Aurorus|Aurorus, L50, M|100/100\n|turn|8\n|\n|t:|1775900835\n|switch|p1b: Milotic|Milotic, L50, F|70/100\n|move|p2b: Aurorus|Protect|p2b: Aurorus\n|-singleturn|p2b: Aurorus|Protect\n|move|p2a: Torterra|Earthquake|p1b: Milotic|[spread] p1a,p1b\n|-activate|p2b: Aurorus|move: Protect\n|-resisted|p1a: Tsareena|1\n|-damage|p1a: Tsareena|0 fnt\n|-damage|p1b: Milotic|0 fnt\n|faint|p1a: Tsareena\n|faint|p1b: Milotic\n|\n|upkeep\n|\n|t:|1775900846\n|switch|p1a: Tyranitar|Tyranitar, L50, M|100/100\n|switch|p1b: Garchomp|Garchomp-Mega, L50, F|6/100\n|-weather|Sandstorm|[from] ability: Sand Stream|[of] p1a: Tyranitar\n|turn|9\n|\n|t:|1775900867\n|move|p2a: Torterra|Earthquake|p1a: Tyranitar|[spread] p2b,p1a,p1b\n|-supereffective|p2b: Aurorus|1\n|-supereffective|p1a: Tyranitar|1\n|-enditem|p2b: Aurorus|Focus Sash\n|-damage|p2b: Aurorus|1/100\n|-damage|p1a: Tyranitar|13/100\n|-damage|p1b: Garchomp|0 fnt\n|faint|p1b: Garchomp\n|move|p2b: Aurorus|Hyper Voice|p1a: Tyranitar\n|-damage|p1a: Tyranitar|0 fnt\n|faint|p1a: Tyranitar\n|\n|win|bagazkarap\n|raw|juls16's rating: 1000 &rarr; <strong>1000</strong><br />(+0 for losing)\n|raw|bagazkarap's rating: 1045 &rarr; <strong>1074</strong><br />(+29 for winning)\n|c|\u2606juls16|gg\n",
  "uploadtime": 1775900877,
  "views": 65,
  "formatid": "gen9championsvgc2026regma",
  "rating": 1000,
  "private": 0,
  "password": null
}