{
  "id": "gen9championsvgc2026regma-2585451039",
  "format": "[Gen 9 Champions] VGC 2026 Reg M-A",
  "players": [
    "bomberojohn",
    "rajyesh1"
  ],
  "log": "|j|\u2606bomberojohn\n|j|\u2606rajyesh1\n|t:|1776348167\n|gametype|doubles\n|player|p1|bomberojohn|rancher|1195\n|player|p2|rajyesh1|unknown|1217\n|gen|9\n|tier|[Gen 9 Champions] VGC 2026 Reg M-A\n|rated|\n|rule|Species Clause: Limit one of each Pok\u00e9mon\n|rule|Item Clause: Limit 1 of each item\n|clearpoke\n|poke|p1|Dragapult, L50, M|\n|poke|p1|Kingambit, L50, M|\n|poke|p1|Sneasler, L50, F|\n|poke|p1|Maushold-Four, L50|\n|poke|p1|Charizard, L50, M|\n|poke|p1|Garchomp, L50, M|\n|poke|p2|Charizard, L50, M|\n|poke|p2|Venusaur, L50, M|\n|poke|p2|Garchomp, L50, M|\n|poke|p2|Rotom-Wash, L50|\n|poke|p2|Sneasler, L50, M|\n|poke|p2|Incineroar, L50, M|\n|teampreview|4\n|inactive|Battle timer is ON: inactive players will automatically lose when time's up. (requested by rajyesh1)\nbomberojohn rejected open team sheets.\n|inactive|rajyesh1 has 60 seconds left.\n|\n|t:|1776348227\n|teamsize|p1|4\n|teamsize|p2|4\n|start\n|switch|p1a: Dragapult|Dragapult, L50, M|100/100\n|switch|p1b: Sneasler|Sneasler, L50, F|100/100\n|switch|p2a: Charizard|Charizard, L50, M|100/100\n|switch|p2b: Venusaur|Venusaur, L50, M|100/100\n|turn|1\n|inactive|bomberojohn has 30 seconds left.\n|inactive|rajyesh1 has 30 seconds left.\n|inactive|rajyesh1 has 20 seconds left.\n|inactive|rajyesh1 has 15 seconds left.\n|\n|t:|1776348270\n|switch|p1a: Garchomp|Garchomp, L50, M|100/100\n|move|p2a: Charizard|Protect|p2a: Charizard\n|-singleturn|p2a: Charizard|Protect\n|move|p2b: Venusaur|Protect|p2b: Venusaur\n|-singleturn|p2b: Venusaur|Protect\n|move|p1b: Sneasler|Fake Out|p2b: Venusaur\n|-activate|p2b: Venusaur|move: Protect\n|\n|upkeep\n|turn|2\n|inactive|rajyesh1 has 30 seconds left.\n|inactive|rajyesh1 has 20 seconds left.\n|\n|t:|1776348309\n|switch|p1b: Maushold|Maushold-Four, L50|100/100\n|switch|p2a: Rotom|Rotom-Wash, L50|100/100\n|move|p1a: Garchomp|Rock Slide|p2a: Rotom|[spread] p2a,p2b\n|-damage|p2a: Rotom|81/100\n|-damage|p2b: Venusaur|71/100\n|move|p2b: Venusaur|Sleep Powder|p1a: Garchomp\n|-status|p1a: Garchomp|slp|[from] move: Sleep Powder\n|\n|-heal|p2a: Rotom|86/100|[from] item: Leftovers\n|upkeep\n|turn|3\n|inactive|bomberojohn has 30 seconds left.\n|inactive|rajyesh1 has 30 seconds left.\n|inactive|rajyesh1 has 20 seconds left.\n|inactive|rajyesh1 has 15 seconds left.\n|\n|t:|1776348353\n|switch|p1a: Dragapult|Dragapult, L50, M|100/100\n|switch|p2a: Charizard|Charizard, L50, M|100/100\n|move|p1b: Maushold|Protect|p1b: Maushold\n|-singleturn|p1b: Maushold|Protect\n|move|p2b: Venusaur|Leaf Storm|p1a: Dragapult\n|-resisted|p1a: Dragapult|1\n|-damage|p1a: Dragapult|66/100\n|-unboost|p2b: Venusaur|spa|2\n|\n|upkeep\n|turn|4\n|\n|t:|1776348376\n|detailschange|p2a: Charizard|Charizard-Mega-Y, L50, M\n|-mega|p2a: Charizard|Charizard|Charizardite Y\n|-weather|SunnyDay|[from] ability: Drought|[of] p2a: Charizard\n|move|p2b: Venusaur|Sleep Powder|p1a: Dragapult\n|-status|p1a: Dragapult|slp|[from] move: Sleep Powder\n|-enditem|p1a: Dragapult|Lum Berry|[eat]\n|-curestatus|p1a: Dragapult|slp|[msg]\n|move|p1a: Dragapult|Psychic Fangs|p2b: Venusaur\n|-supereffective|p2b: Venusaur|1\n|-damage|p2b: Venusaur|15/100\n|move|p1b: Maushold|Super Fang|p2a: Charizard\n|-damage|p2a: Charizard|50/100\n|move|p2a: Charizard|Heat Wave|p1b: Maushold|[spread] p1a\n|-miss|p2a: Charizard|p1b: Maushold\n|-resisted|p1a: Dragapult|1\n|-crit|p1a: Dragapult\n|-damage|p1a: Dragapult|15/100\n|\n|-weather|SunnyDay|[upkeep]\n|upkeep\n|turn|5\n|inactive|rajyesh1 has 30 seconds left.\n|\n|t:|1776348408\n|move|p1b: Maushold|Follow Me|p1b: Maushold\n|-singleturn|p1b: Maushold|move: Follow Me\n|move|p2b: Venusaur|Sludge Bomb|p1b: Maushold\n|-damage|p1b: Maushold|73/100\n|move|p1a: Dragapult|Psychic Fangs|p2b: Venusaur\n|-supereffective|p2b: Venusaur|1\n|-damage|p2b: Venusaur|0 fnt\n|faint|p2b: Venusaur\n|move|p2a: Charizard|Heat Wave|p1b: Maushold|[spread] p1a,p1b\n|-resisted|p1a: Dragapult|1\n|-damage|p1a: Dragapult|0 fnt\n|-damage|p1b: Maushold|0 fnt\n|faint|p1a: Dragapult\n|faint|p1b: Maushold\n|\n|-weather|SunnyDay|[upkeep]\n|upkeep\n|\n|t:|1776348425\n|switch|p1a: Garchomp|Garchomp, L50, M|100/100 slp\n|switch|p1b: Sneasler|Sneasler, L50, F|100/100\n|switch|p2b: Rotom|Rotom-Wash, L50|86/100\n|turn|6\n|\n|t:|1776348451\n|move|p1b: Sneasler|Fake Out|p2b: Rotom\n|-damage|p2b: Rotom|74/100\n|cant|p1a: Garchomp|slp\n|move|p2a: Charizard|Heat Wave|p1b: Sneasler|[spread] p1a,p1b\n|-resisted|p1a: Garchomp|1\n|-damage|p1a: Garchomp|67/100 slp\n|-damage|p1b: Sneasler|20/100\n|cant|p2b: Rotom|flinch\n|\n|-weather|SunnyDay|[upkeep]\n|-heal|p2b: Rotom|79/100|[from] item: Leftovers\n|upkeep\n|turn|7\n|inactive|rajyesh1 has 30 seconds left.\n|\n|t:|1776348477\n|-curestatus|p1a: Garchomp|slp|[msg]\n|move|p1a: Garchomp|Dragon Claw|p2a: Charizard\n|-damage|p2a: Charizard|0 fnt\n|faint|p2a: Charizard\n|move|p1b: Sneasler|Close Combat|p2b: Rotom\n|-damage|p2b: Rotom|18/100\n|-unboost|p1b: Sneasler|def|1\n|-unboost|p1b: Sneasler|spd|1\n|move|p2b: Rotom|Hydro Pump|p1a: Garchomp|[miss]\n|-miss|p2b: Rotom|p1a: Garchomp\n|\n|-weather|SunnyDay|[upkeep]\n|-heal|p2b: Rotom|24/100|[from] item: Leftovers\n|upkeep\n|\n|t:|1776348490\n|switch|p2a: Garchomp|Garchomp, L50, M|100/100\n|turn|8\n|\n|t:|1776348504\n|move|p1a: Garchomp|Dragon Claw|p2a: Garchomp\n|-supereffective|p2a: Garchomp|1\n|-damage|p2a: Garchomp|18/100\n|-damage|p1a: Garchomp|55/100|[from] ability: Rough Skin|[of] p2a: Garchomp\n|move|p2a: Garchomp|Earthquake|p1a: Garchomp|[spread] p1a,p1b\n|-immune|p2b: Rotom|[from] ability: Levitate\n|-supereffective|p1b: Sneasler|1\n|-crit|p1b: Sneasler\n|-damage|p1a: Garchomp|13/100\n|-damage|p1b: Sneasler|0 fnt\n|faint|p1b: Sneasler\n|move|p2b: Rotom|Hydro Pump|p1a: Garchomp\n|-damage|p1a: Garchomp|0 fnt\n|faint|p1a: Garchomp\n|\n|win|rajyesh1\n|raw|bomberojohn's rating: 1195 &rarr; <strong>1172</strong><br />(-23 for losing)\n|raw|rajyesh1's rating: 1217 &rarr; <strong>1240</strong><br />(+23 for winning)\n|c|\u2606rajyesh1|bro\n|c|\u2606rajyesh1|what item did ur sneasler have\n|c|\u2606rajyesh1|?\n|l|\u2606bomberojohn\n|player|p1|\n",
  "uploadtime": 1776348536,
  "views": 25,
  "formatid": "gen9championsvgc2026regma",
  "rating": 1172,
  "private": 0,
  "password": null
}