{
  "id": "gen9championsvgc2026regma-2584025922",
  "format": "[Gen 9 Champions] VGC 2026 Reg M-A",
  "players": [
    "gk28",
    "Buuburn"
  ],
  "log": "|j|\u2606gk28\n|j|\u2606Buuburn\n|t:|1776217922\n|gametype|doubles\n|player|p1|gk28|266|1267\n|player|p2|Buuburn|2|1196\n|gen|9\n|tier|[Gen 9 Champions] VGC 2026 Reg M-A\n|rated|\n|rule|Species Clause: Limit one of each Pok\u00e9mon\n|rule|Item Clause: Limit 1 of each item\n|clearpoke\n|poke|p1|Sableye, L50, M|\n|poke|p1|Gengar, L50, M|\n|poke|p1|Politoed, L50, M|\n|poke|p1|Corviknight, L50, M|\n|poke|p1|Sinistcha, L50|\n|poke|p1|Aerodactyl, L50, F|\n|poke|p2|Incineroar, L50, M|\n|poke|p2|Farigiraf, L50, M|\n|poke|p2|Sinistcha, L50|\n|poke|p2|Rotom-Wash, L50|\n|poke|p2|Gengar, L50, F|\n|poke|p2|Kangaskhan, L50, F|\n|teampreview|4\n|\n|t:|1776217947\n|teamsize|p1|4\n|teamsize|p2|4\n|start\n|switch|p1a: Sableye|Sableye, L50, M|100/100\n|switch|p1b: Corviknight|Corviknight, L50, M|100/100\n|switch|p2a: Kangaskhan|Kangaskhan, L50, F, shiny|100/100\n|switch|p2b: Incineroar|Incineroar, L50, M|100/100\n|-ability|p2b: Incineroar|Intimidate|boost\n|-unboost|p1a: Sableye|atk|1\n|-ability|p1b: Corviknight|Mirror Armor\n|-unboost|p2b: Incineroar|atk|1\n|turn|1\n|inactive|Battle timer is ON: inactive players will automatically lose when time's up. (requested by Buuburn)\n|\n|t:|1776217978\n|move|p2a: Kangaskhan|Fake Out|p1a: Sableye\n|-damage|p1a: Sableye|83/100\n|move|p2b: Incineroar|Fake Out|p1b: Corviknight\n|-resisted|p1b: Corviknight|1\n|-damage|p1b: Corviknight|98/100\n|cant|p1a: Sableye|flinch\n|cant|p1b: Corviknight|flinch\n|\n|-heal|p1b: Corviknight|100/100|[from] item: Leftovers\n|upkeep\n|turn|2\n|inactive|Buuburn has 30 seconds left.\n|\n|t:|1776218011\n|move|p1a: Sableye|Encore|p2a: Kangaskhan\n|-start|p2a: Kangaskhan|Encore\n|move|p2a: Kangaskhan|Fake Out||[still]\n|-hint|Fake Out only works on your first turn out.\n|-fail|p2a: Kangaskhan\n|move|p2b: Incineroar|Flare Blitz|p1b: Corviknight\n|-supereffective|p1b: Corviknight|1\n|-damage|p1b: Corviknight|48/100\n|-damage|p2b: Incineroar|82/100|[from] Recoil\n|move|p1b: Corviknight|Bulk Up|p1b: Corviknight\n|-boost|p1b: Corviknight|atk|1\n|-boost|p1b: Corviknight|def|1\n|\n|-heal|p1b: Corviknight|54/100|[from] item: Leftovers\n|upkeep\n|turn|3\n|\n|t:|1776218032\n|switch|p2a: Rotom|Rotom-Wash, L50, shiny|100/100\n|move|p1a: Sableye|Will-O-Wisp|p2a: Rotom\n|-status|p2a: Rotom|brn\n|move|p2b: Incineroar|Flare Blitz|p1a: Sableye\n|-damage|p1a: Sableye|48/100\n|-damage|p2b: Incineroar|73/100|[from] Recoil\n|move|p1b: Corviknight|Roost|p1b: Corviknight\n|-heal|p1b: Corviknight|100/100\n|-singleturn|p1b: Corviknight|move: Roost\n|\n|-damage|p2a: Rotom|94/100 brn|[from] brn\n|upkeep\n|turn|4\n|inactive|gk28 has 30 seconds left.\n|\n|t:|1776218067\n|switch|p1a: Aerodactyl|Aerodactyl, L50, F|100/100\n|-ability|p1a: Aerodactyl|Unnerve\n|move|p2a: Rotom|Thunderbolt|p1b: Corviknight\n|-supereffective|p1b: Corviknight|1\n|-damage|p1b: Corviknight|53/100\n|move|p2b: Incineroar|Throat Chop|p1a: Aerodactyl\n|-damage|p1a: Aerodactyl|67/100\n|-start|p1a: Aerodactyl|Throat Chop|[silent]\n|move|p1b: Corviknight|Body Press|p2a: Rotom\n|-damage|p2a: Rotom|63/100 brn\n|\n|-heal|p1b: Corviknight|59/100|[from] item: Leftovers\n|-damage|p2a: Rotom|57/100 brn|[from] brn\n|upkeep\n|turn|5\n|\n|t:|1776218090\n|switch|p2b: Sinistcha|Sinistcha, L50|100/100\n|-heal|p2a: Rotom|82/100 brn|[from] ability: Hospitality|[of] p2b: Sinistcha\n|move|p1a: Aerodactyl|Rock Slide|p2a: Rotom|[spread] p2a\n|-miss|p1a: Aerodactyl|p2b: Sinistcha\n|-damage|p2a: Rotom|56/100 brn\n|move|p2a: Rotom|Thunderbolt|p1a: Aerodactyl\n|-supereffective|p1a: Aerodactyl|1\n|-damage|p1a: Aerodactyl|0 fnt\n|faint|p1a: Aerodactyl\n|move|p1b: Corviknight|Roost|p1b: Corviknight\n|-heal|p1b: Corviknight|100/100\n|-singleturn|p1b: Corviknight|move: Roost\n|\n|-damage|p2a: Rotom|50/100 brn|[from] brn\n|upkeep\n|-enditem|p2a: Rotom|Sitrus Berry|[eat]\n|-heal|p2a: Rotom|74/100 brn|[from] item: Sitrus Berry\n|\n|t:|1776218105\n|switch|p1a: Sableye|Sableye, L50, M|48/100\n|turn|6\n|\n|t:|1776218127\n|move|p1a: Sableye|Fake Out|p2a: Rotom\n|-damage|p2a: Rotom|66/100 brn\n|cant|p2a: Rotom|flinch\n|move|p2b: Sinistcha|Shadow Ball|p1a: Sableye\n|-damage|p1a: Sableye|6/100\n|move|p1b: Corviknight|Bulk Up|p1b: Corviknight\n|-boost|p1b: Corviknight|atk|1\n|-boost|p1b: Corviknight|def|1\n|\n|-damage|p2a: Rotom|60/100 brn|[from] brn\n|upkeep\n|turn|7\n|inactive|gk28 has 30 seconds left.\n|inactive|Buuburn has 30 seconds left.\n|\n|t:|1776218155\n|move|p1a: Sableye|Disable|p2b: Sinistcha\n|-start|p2b: Sinistcha|Disable|Shadow Ball\n|move|p2a: Rotom|Thunderbolt|p1b: Corviknight\n|-supereffective|p1b: Corviknight|1\n|-damage|p1b: Corviknight|54/100\n|-status|p1b: Corviknight|par\n|move|p2b: Sinistcha|Matcha Gotcha|p1a: Sableye|[spread] p1b\n|-miss|p2b: Sinistcha|p1a: Sableye\n|-resisted|p1b: Corviknight|2\n|-damage|p1b: Corviknight|49/100 par\n|move|p1b: Corviknight|Body Press|p2a: Rotom\n|-damage|p2a: Rotom|22/100 brn\n|\n|-heal|p1b: Corviknight|55/100 par|[from] item: Leftovers\n|-damage|p2a: Rotom|16/100 brn|[from] brn\n|upkeep\n|turn|8\n|inactive|Buuburn has 30 seconds left.\n|\n|t:|1776218190\n|move|p2b: Sinistcha|Rage Powder|p2b: Sinistcha\n|-singleturn|p2b: Sinistcha|move: Rage Powder\n|move|p1a: Sableye|Disable||[still]\n|-fail|p1a: Sableye\n|move|p2a: Rotom|Thunderbolt|p1b: Corviknight\n|-supereffective|p1b: Corviknight|1\n|-damage|p1b: Corviknight|5/100 par\n|move|p1b: Corviknight|Roost|p1b: Corviknight\n|-heal|p1b: Corviknight|56/100 par\n|-singleturn|p1b: Corviknight|move: Roost\n|\n|-heal|p1b: Corviknight|61/100 par|[from] item: Leftovers\n|-damage|p2a: Rotom|10/100 brn|[from] brn\n|upkeep\n|turn|9\n|\n|t:|1776218209\n|switch|p1a: Sinistcha|Sinistcha, L50|100/100\n|-heal|p1b: Corviknight|86/100 par|[from] ability: Hospitality|[of] p1a: Sinistcha\n|move|p2a: Rotom|Thunderbolt|p1b: Corviknight\n|-supereffective|p1b: Corviknight|1\n|-crit|p1b: Corviknight\n|-damage|p1b: Corviknight|21/100 par\n|move|p2b: Sinistcha|Matcha Gotcha|p1a: Sinistcha|[spread] p1a,p1b\n|-resisted|p1a: Sinistcha|1\n|-resisted|p1b: Corviknight|2\n|-damage|p1a: Sinistcha|90/100\n|-damage|p1b: Corviknight|17/100 par\n|move|p1b: Corviknight|Roost|p1b: Corviknight\n|-heal|p1b: Corviknight|67/100 par\n|-singleturn|p1b: Corviknight|move: Roost\n|\n|-heal|p1b: Corviknight|73/100 par|[from] item: Leftovers\n|-damage|p2a: Rotom|4/100 brn|[from] brn\n|upkeep\n|turn|10\n|inactive|gk28 has 30 seconds left.\n|inactive|Buuburn has 30 seconds left.\n|\n|t:|1776218240\n|switch|p2b: Incineroar|Incineroar, L50, M|73/100\n|-ability|p2b: Incineroar|Intimidate|boost\n|-unboost|p1a: Sinistcha|atk|1\n|-ability|p1b: Corviknight|Mirror Armor\n|-unboost|p2b: Incineroar|atk|1\n|move|p1a: Sinistcha|Rage Powder|p1a: Sinistcha\n|-singleturn|p1a: Sinistcha|move: Rage Powder\n|move|p2a: Rotom|Thunderbolt|p1a: Sinistcha\n|-resisted|p1a: Sinistcha|1\n|-damage|p1a: Sinistcha|75/100\n|cant|p1b: Corviknight|par\n|\n|-heal|p1b: Corviknight|79/100 par|[from] item: Leftovers\n|-damage|p2a: Rotom|0 fnt|[from] brn\n|faint|p2a: Rotom\n|upkeep\n|\n|t:|1776218257\n|switch|p2a: Kangaskhan|Kangaskhan, L50, F, shiny|100/100\n|turn|11\n|\n|t:|1776218278\n|move|p2a: Kangaskhan|Fake Out|p1a: Sinistcha\n|-damage|p1a: Sinistcha|61/100\n|move|p2b: Incineroar|Throat Chop|p1a: Sinistcha\n|-supereffective|p1a: Sinistcha|1\n|-damage|p1a: Sinistcha|26/100\n|-start|p1a: Sinistcha|Throat Chop|[silent]\n|cant|p1a: Sinistcha|flinch\n|move|p1b: Corviknight|Body Press|p2b: Incineroar\n|-supereffective|p2b: Incineroar|1\n|-damage|p2b: Incineroar|4/100\n|\n|-heal|p1b: Corviknight|84/100 par|[from] item: Leftovers\n|upkeep\n|turn|12\n|inactive|Buuburn has 30 seconds left.\n|\n|t:|1776218305\n|move|p2a: Kangaskhan|Body Slam|p1a: Sinistcha\n|-damage|p1a: Sinistcha|0 fnt\n|faint|p1a: Sinistcha\n|move|p2b: Incineroar|Flare Blitz|p1b: Corviknight\n|-supereffective|p1b: Corviknight|1\n|-damage|p1b: Corviknight|54/100 par\n|-damage|p2b: Incineroar|0 fnt|[from] Recoil\n|faint|p2b: Incineroar\n|move|p1b: Corviknight|Body Press|p2a: Kangaskhan\n|-supereffective|p2a: Kangaskhan|1\n|-damage|p2a: Kangaskhan|21/100\n|\n|-heal|p1b: Corviknight|60/100 par|[from] item: Leftovers\n|upkeep\n|\n|t:|1776218319\n|switch|p2b: Sinistcha|Sinistcha, L50|100/100\n|switch|p1a: Sableye|Sableye, L50, M|6/100\n|-heal|p2a: Kangaskhan|46/100|[from] ability: Hospitality|[of] p2b: Sinistcha\n|turn|13\n|\n|t:|1776218330\n|move|p2a: Kangaskhan|Protect|p2a: Kangaskhan\n|-singleturn|p2a: Kangaskhan|Protect\n|move|p1a: Sableye|Fake Out|p2a: Kangaskhan\n|-activate|p2a: Kangaskhan|move: Protect\n|move|p2b: Sinistcha|Shadow Ball|p1a: Sableye\n|-damage|p1a: Sableye|0 fnt\n|faint|p1a: Sableye\n|move|p1b: Corviknight|Roost|p1b: Corviknight\n|-heal|p1b: Corviknight|100/100 par\n|-singleturn|p1b: Corviknight|move: Roost\n|\n|upkeep\n|turn|14\n|inactive|Buuburn has 30 seconds left.\n|\n|t:|1776218364\n|detailschange|p2a: Kangaskhan|Kangaskhan-Mega, L50, F, shiny\n|-mega|p2a: Kangaskhan|Kangaskhan|Kangaskhanite\n|move|p2b: Sinistcha|Rage Powder|p2b: Sinistcha\n|-singleturn|p2b: Sinistcha|move: Rage Powder\n|move|p2a: Kangaskhan|Drain Punch|p1b: Corviknight\n|-damage|p1b: Corviknight|90/100 par\n|-heal|p2a: Kangaskhan|52/100|[from] drain|[of] p1b: Corviknight\n|-damage|p1b: Corviknight|88/100 par\n|-heal|p2a: Kangaskhan|54/100|[from] drain|[of] p1b: Corviknight\n|-hitcount|p1b: Corviknight|2\n|move|p1b: Corviknight|Body Press|p2b: Sinistcha\n|-immune|p2b: Sinistcha\n|\n|-heal|p1b: Corviknight|94/100 par|[from] item: Leftovers\n|upkeep\n|turn|15\n|inactive|Buuburn has 30 seconds left.\n|\n|t:|1776218393\n|move|p2a: Kangaskhan|Drain Punch|p1b: Corviknight\n|-damage|p1b: Corviknight|83/100 par\n|-heal|p2a: Kangaskhan|60/100|[from] drain|[of] p1b: Corviknight\n|-crit|p1b: Corviknight\n|-damage|p1b: Corviknight|75/100 par\n|-heal|p2a: Kangaskhan|64/100|[from] drain|[of] p1b: Corviknight\n|-hitcount|p1b: Corviknight|2\n|move|p2b: Sinistcha|Shadow Ball|p1b: Corviknight\n|-damage|p1b: Corviknight|51/100 par\n|move|p1b: Corviknight|Brave Bird|p2b: Sinistcha\n|-supereffective|p2b: Sinistcha|1\n|-damage|p2b: Sinistcha|0 fnt\n|faint|p2b: Sinistcha\n|-damage|p1b: Corviknight|22/100 par|[from] Recoil\n|\n|-heal|p1b: Corviknight|28/100 par|[from] item: Leftovers\n|upkeep\n|turn|16\n|\n|t:|1776218413\n|move|p2a: Kangaskhan|Drain Punch|p1b: Corviknight\n|-damage|p1b: Corviknight|18/100 par\n|-heal|p2a: Kangaskhan|70/100|[from] drain|[of] p1b: Corviknight\n|-damage|p1b: Corviknight|15/100 par\n|-heal|p2a: Kangaskhan|72/100|[from] drain|[of] p1b: Corviknight\n|-hitcount|p1b: Corviknight|2\n|move|p1b: Corviknight|Roost|p1b: Corviknight\n|-heal|p1b: Corviknight|65/100 par\n|-singleturn|p1b: Corviknight|move: Roost\n|\n|-heal|p1b: Corviknight|71/100 par|[from] item: Leftovers\n|upkeep\n|turn|17\n|\n|t:|1776218427\n|move|p2a: Kangaskhan|Drain Punch|p1b: Corviknight\n|-damage|p1b: Corviknight|60/100 par\n|-heal|p2a: Kangaskhan|78/100|[from] drain|[of] p1b: Corviknight\n|-crit|p1b: Corviknight\n|-damage|p1b: Corviknight|53/100 par\n|-heal|p2a: Kangaskhan|82/100|[from] drain|[of] p1b: Corviknight\n|-hitcount|p1b: Corviknight|2\n|move|p1b: Corviknight|Body Press|p2a: Kangaskhan\n|-supereffective|p2a: Kangaskhan|1\n|-damage|p2a: Kangaskhan|15/100\n|\n|-heal|p1b: Corviknight|59/100 par|[from] item: Leftovers\n|upkeep\n|turn|18\n|\n|t:|1776218442\n|move|p2a: Kangaskhan|Drain Punch|p1b: Corviknight\n|-damage|p1b: Corviknight|49/100 par\n|-heal|p2a: Kangaskhan|21/100|[from] drain|[of] p1b: Corviknight\n|-damage|p1b: Corviknight|46/100 par\n|-heal|p2a: Kangaskhan|23/100|[from] drain|[of] p1b: Corviknight\n|-hitcount|p1b: Corviknight|2\n|move|p1b: Corviknight|Body Press|p2a: Kangaskhan\n|-supereffective|p2a: Kangaskhan|1\n|-damage|p2a: Kangaskhan|0 fnt\n|faint|p2a: Kangaskhan\n|\n|win|gk28\n|raw|gk28's rating: 1267 &rarr; <strong>1287</strong><br />(+20 for winning)\n|raw|Buuburn's rating: 1196 &rarr; <strong>1176</strong><br />(-20 for losing)\n|l|\u2606gk28\n|player|p1|\n",
  "uploadtime": 1776218518,
  "views": 18,
  "formatid": "gen9championsvgc2026regma",
  "rating": 1176,
  "private": 0,
  "password": null
}