{
  "id": "gen9championsvgc2026regma-2586933732",
  "format": "[Gen 9 Champions] VGC 2026 Reg M-A",
  "players": [
    "Whatever0512",
    "goonmeister000"
  ],
  "log": "|j|\u2606Whatever0512\n|j|\u2606goonmeister000\n|t:|1776473210\n|gametype|doubles\n|player|p1|Whatever0512|265|1148\n|player|p2|goonmeister000|roxie|1205\n|gen|9\n|tier|[Gen 9 Champions] VGC 2026 Reg M-A\n|rated|\n|rule|Species Clause: Limit one of each Pok\u00e9mon\n|rule|Item Clause: Limit 1 of each item\n|clearpoke\n|poke|p1|Excadrill, L50, F|\n|poke|p1|Tyranitar, L50, M|\n|poke|p1|Corviknight, L50, F|\n|poke|p1|Kommo-o, L50, M|\n|poke|p1|Sinistcha, L50|\n|poke|p1|Incineroar, L50, M|\n|poke|p2|Froslass, L50, F|\n|poke|p2|Incineroar, L50, M|\n|poke|p2|Orthworm, L50, F|\n|poke|p2|Mamoswine, L50, M|\n|poke|p2|Basculegion, L50, M|\n|poke|p2|Rotom-Wash, L50|\n|teampreview|4\ngoonmeister000 has agreed to open team sheets.\n|\n|t:|1776473239\n|teamsize|p1|4\n|teamsize|p2|4\n|start\n|switch|p1a: Kommo-o|Kommo-o, L50, M|100/100\n|switch|p1b: Incineroar|Incineroar, L50, M|100/100\n|switch|p2a: Basculegion|Basculegion, L50, M|100/100\n|switch|p2b: Orthworm|Orthworm, L50, F|100/100\n|-ability|p1b: Incineroar|Intimidate|boost\n|-unboost|p2a: Basculegion|atk|1\n|-unboost|p2b: Orthworm|atk|1\n|turn|1\n|\n|t:|1776473253\n|move|p1b: Incineroar|Fake Out|p2b: Orthworm\n|-resisted|p2b: Orthworm|1\n|-damage|p2b: Orthworm|97/100\n|move|p2a: Basculegion|Flip Turn|p1b: Incineroar\n|-supereffective|p1b: Incineroar|1\n|-enditem|p1b: Incineroar|Passho Berry|[eat]\n|-enditem|p1b: Incineroar|Passho Berry|[weaken]\n|-damage|p1b: Incineroar|74/100\n|\n|t:|1776473261\n|switch|p2a: Rotom|Rotom-Wash, L50|100/100|[from] Flip Turn\n|move|p1a: Kommo-o|Clangorous Soul|p1a: Kommo-o\n|-boost|p1a: Kommo-o|atk|1\n|-boost|p1a: Kommo-o|def|1\n|-boost|p1a: Kommo-o|spa|1\n|-boost|p1a: Kommo-o|spd|1\n|-boost|p1a: Kommo-o|spe|1\n|-damage|p1a: Kommo-o|68/100\n|cant|p2b: Orthworm|flinch\n|\n|upkeep\n|turn|2\n|\n|t:|1776473299\n|switch|p2b: Basculegion|Basculegion, L50, M|100/100\n|move|p1a: Kommo-o|Clanging Scales|p2b: Basculegion|[spread] p2a,p2b\n|-damage|p2a: Rotom|35/100\n|-damage|p2b: Basculegion|34/100\n|-unboost|p1a: Kommo-o|def|1\n|move|p2a: Rotom|Hydro Pump|p1b: Incineroar\n|-supereffective|p1b: Incineroar|1\n|-damage|p1b: Incineroar|0 fnt\n|faint|p1b: Incineroar\n|\n|-heal|p2a: Rotom|41/100|[from] item: Leftovers\n|upkeep\n|\n|t:|1776473324\n|switch|p1b: Corviknight|Corviknight, L50, F|100/100\n|turn|3\n|\n|t:|1776473341\n|move|p2b: Basculegion|Flip Turn|p1a: Kommo-o\n|-resisted|p1a: Kommo-o|1\n|-damage|p1a: Kommo-o|52/100\n|\n|t:|1776473344\n|switch|p2b: Orthworm|Orthworm, L50, F|97/100|[from] Flip Turn\n|move|p1a: Kommo-o|Clanging Scales|p2a: Rotom|[spread] p2a,p2b\n|-resisted|p2b: Orthworm|1\n|-damage|p2a: Rotom|0 fnt\n|-damage|p2b: Orthworm|68/100\n|faint|p2a: Rotom\n|-unboost|p1a: Kommo-o|def|1\n|move|p1b: Corviknight|Tailwind|p1b: Corviknight\n|-sidestart|p1: Whatever0512|move: Tailwind\n|\n|upkeep\n|\n|t:|1776473355\n|switch|p2a: Mamoswine|Mamoswine, L50, M|100/100\n|turn|4\n|\n|t:|1776473381\n|move|p2a: Mamoswine|Ice Shard|p1a: Kommo-o\n|-supereffective|p1a: Kommo-o|1\n|-damage|p1a: Kommo-o|3/100\n|move|p1a: Kommo-o|Aura Sphere|p2b: Orthworm\n|-supereffective|p2b: Orthworm|1\n|-damage|p2b: Orthworm|0 fnt\n|faint|p2b: Orthworm\n|move|p1b: Corviknight|Bulk Up|p1b: Corviknight\n|-boost|p1b: Corviknight|atk|1\n|-boost|p1b: Corviknight|def|1\n|\n|upkeep\n|\n|t:|1776473389\n|switch|p2b: Basculegion|Basculegion, L50, M|34/100\n|turn|5\n|\n|t:|1776473404\n|move|p1a: Kommo-o|Protect|p1a: Kommo-o\n|-singleturn|p1a: Kommo-o|Protect\n|move|p2a: Mamoswine|Ice Shard|p1a: Kommo-o\n|-activate|p1a: Kommo-o|move: Protect\n|move|p1b: Corviknight|Brave Bird|p2a: Mamoswine\n|-damage|p2a: Mamoswine|28/100\n|-damage|p1b: Corviknight|78/100|[from] Recoil\n|move|p2b: Basculegion|Last Respects|p1b: Corviknight\n|-damage|p1b: Corviknight|27/100\n|\n|-heal|p1b: Corviknight|33/100|[from] item: Leftovers\n|upkeep\n|turn|6\n|inactive|Battle timer is ON: inactive players will automatically lose when time's up. (requested by goonmeister000)\n|\n|t:|1776473437\n|move|p2a: Mamoswine|Ice Shard|p1a: Kommo-o\n|-supereffective|p1a: Kommo-o|1\n|-damage|p1a: Kommo-o|0 fnt\n|faint|p1a: Kommo-o\n|move|p1b: Corviknight|Brave Bird|p2a: Mamoswine\n|-damage|p2a: Mamoswine|0 fnt\n|faint|p2a: Mamoswine\n|-damage|p1b: Corviknight|24/100|[from] Recoil\n|move|p2b: Basculegion|Last Respects|p1b: Corviknight\n|-damage|p1b: Corviknight|0 fnt\n|faint|p1b: Corviknight\n|\n|-sideend|p1: Whatever0512|move: Tailwind\n|upkeep\n|\n|t:|1776473440\n|switch|p1a: Tyranitar|Tyranitar, L50, M|100/100\n|-weather|Sandstorm|[from] ability: Sand Stream|[of] p1a: Tyranitar\n|turn|7\n|\n|t:|1776473448\n|detailschange|p1a: Tyranitar|Tyranitar-Mega, L50, M\n|-mega|p1a: Tyranitar|Tyranitar|Tyranitarite\n|move|p2b: Basculegion|Last Respects|p1a: Tyranitar\n|-resisted|p1a: Tyranitar|1\n|-damage|p1a: Tyranitar|65/100\n|move|p1a: Tyranitar|Knock Off|p2b: Basculegion\n|-supereffective|p2b: Basculegion|1\n|-damage|p2b: Basculegion|0 fnt\n|-enditem|p2b: Basculegion|Choice Scarf|[from] move: Knock Off|[of] p1a: Tyranitar\n|faint|p2b: Basculegion\n|\n|win|Whatever0512\n|raw|Whatever0512's rating: 1148 &rarr; <strong>1177</strong><br />(+29 for winning)\n|raw|goonmeister000's rating: 1205 &rarr; <strong>1176</strong><br />(-29 for losing)\n|l|\u2606goonmeister000\n|player|p2|\n",
  "uploadtime": 1776473475,
  "views": 39,
  "formatid": "gen9championsvgc2026regma",
  "rating": 1176,
  "private": 0,
  "password": null
}