{
  "id": "gen9championsvgc2026regma-2585202904",
  "format": "[Gen 9 Champions] VGC 2026 Reg M-A",
  "players": [
    "colourwolf",
    "Danielson god"
  ],
  "log": "|j|\u2606colourwolf\n|j|\u2606Danielson god\n|t:|1776324496\n|gametype|doubles\n|player|p1|colourwolf|101|1101\n|player|p2|Danielson god|101|1149\n|gen|9\n|tier|[Gen 9 Champions] VGC 2026 Reg M-A\n|rated|\n|rule|Species Clause: Limit one of each Pok\u00e9mon\n|rule|Item Clause: Limit 1 of each item\n|clearpoke\n|poke|p1|Meganium, L50, F|\n|poke|p1|Farigiraf, L50, F|\n|poke|p1|Milotic, L50, M|\n|poke|p1|Incineroar, L50, M|\n|poke|p1|Garchomp, L50, M|\n|poke|p1|Sneasler, L50, F|\n|poke|p2|Aggron, L50, M|\n|poke|p2|Sinistcha, L50|\n|poke|p2|Slowbro, L50, F|\n|poke|p2|Incineroar, L50, M|\n|poke|p2|Farigiraf, L50, F|\n|poke|p2|Clefable, L50, F|\n|teampreview|4\n|\n|t:|1776324536\n|teamsize|p1|4\n|teamsize|p2|4\n|start\n|switch|p1a: Milotic|Milotic, L50, M|100/100\n|switch|p1b: Incineroar|Incineroar, L50, M|100/100\n|switch|p2a: Comepinga|Slowbro, L50, F|100/100\n|switch|p2b: Courtois|Farigiraf, L50, F|100/100\n|-ability|p1b: Incineroar|Intimidate|boost\n|-unboost|p2a: Comepinga|atk|1\n|-unboost|p2b: Courtois|atk|1\n|turn|1\n|\n|t:|1776324549\n|move|p1a: Milotic|Scald|p2b: Courtois\n|-damage|p2b: Courtois|67/100\n|-status|p2b: Courtois|brn\n|move|p1b: Incineroar|Darkest Lariat|p2b: Courtois\n|-supereffective|p2b: Courtois|1\n|-damage|p2b: Courtois|0 fnt\n|faint|p2b: Courtois\n|move|p2a: Comepinga|Trick Room|p2a: Comepinga\n|-fieldstart|move: Trick Room|[of] p2a: Comepinga\n|\n|upkeep\n|\n|t:|1776324567\n|switch|p2b: Big yahu|Aggron, L50, M|100/100\n|turn|2\n|\n|t:|1776324579\n|detailschange|p2b: Big yahu|Aggron-Mega, L50, M\n|-mega|p2b: Big yahu|Aggron|Aggronite\n|move|p2a: Comepinga|Muddy Water|p1a: Milotic|[spread] p1b\n|-miss|p2a: Comepinga|p1a: Milotic\n|-supereffective|p1b: Incineroar|1\n|-damage|p1b: Incineroar|56/100\n|-unboost|p1b: Incineroar|accuracy|1\n|move|p2b: Big yahu|Iron Defense|p2b: Big yahu\n|-boost|p2b: Big yahu|def|2\n|move|p1b: Incineroar|Parting Shot|p2b: Big yahu\n|-unboost|p2b: Big yahu|atk|1\n|-unboost|p2b: Big yahu|spa|1\n|\n|t:|1776324592\n|switch|p1b: Meganium|Meganium, L50, F|100/100|[from] Parting Shot\n|move|p1a: Milotic|Scald|p2b: Big yahu\n|-damage|p2b: Big yahu|63/100\n|-status|p2b: Big yahu|brn\n|\n|-damage|p2b: Big yahu|57/100 brn|[from] brn\n|upkeep\n|turn|3\n|c|\u2606Danielson god|man\n|c|\u2606Danielson god|2 times in a row burning\n|n|!Danielson god|danielsongod\n|\n|t:|1776324622\n|move|p1b: Meganium|Protect|p1b: Meganium\n|-singleturn|p1b: Meganium|Protect\n|move|p2a: Comepinga|Heal Pulse|p2b: Big yahu\n|-heal|p2b: Big yahu|100/100 brn\n|move|p2b: Big yahu|Body Press|p1b: Meganium\n|-activate|p1b: Meganium|move: Protect\n|move|p1a: Milotic|Scald|p2b: Big yahu\n|-damage|p2b: Big yahu|58/100 brn\n|\n|-damage|p2b: Big yahu|53/100 brn|[from] brn\n|upkeep\n|turn|4\n|c|\u2606colourwolf|Yeah, rng sucks that way\n|\n|t:|1776324658\n|detailschange|p1b: Meganium|Meganium-Mega, L50, F\n|-mega|p1b: Meganium|Meganium|Meganiumite\n|move|p2a: Comepinga|Heal Pulse|p2b: Big yahu\n|-heal|p2b: Big yahu|100/100 brn\n|move|p2b: Big yahu|Iron Defense|p2b: Big yahu\n|-boost|p2b: Big yahu|def|2\n|move|p1b: Meganium|Weather Ball|p2b: Big yahu\n|-supereffective|p2b: Big yahu|1\n|-damage|p2b: Big yahu|9/100 brn\n|move|p1a: Milotic|Scald|p2b: Big yahu\n|-damage|p2b: Big yahu|0 fnt\n|faint|p2b: Big yahu\n|\n|upkeep\n|\n|t:|1776324669\n|switch|p2b: T\u00e9 matcha|Sinistcha, L50|100/100\n|turn|5\n|-message|Danielson god forfeited.\n|\n|win|colourwolf\n",
  "uploadtime": 1776324608,
  "views": 22,
  "formatid": "gen9championsvgc2026regma",
  "rating": null,
  "private": 0,
  "password": null
}