{
  "id": "gen9championsvgc2026regma-2589455246",
  "format": "[Gen 9 Champions] VGC 2026 Reg M-A",
  "players": [
    "TradersJoe",
    "benjiapollo"
  ],
  "log": "|j|\u2606TradersJoe\n|j|\u2606benjiapollo\n|t:|1776724466\n|gametype|doubles\n|player|p1|TradersJoe|giovanni|1485\n|player|p2|benjiapollo|giovanni|1424\n|gen|9\n|tier|[Gen 9 Champions] VGC 2026 Reg M-A\n|rated|\n|rule|Species Clause: Limit one of each Pok\u00e9mon\n|rule|Item Clause: Limit 1 of each item\n|clearpoke\n|poke|p1|Aerodactyl, L50, F|\n|poke|p1|Farigiraf, L50, F|\n|poke|p1|Floette-Eternal, L50, F|\n|poke|p1|Garchomp, L50, F|\n|poke|p1|Incineroar, L50, F|\n|poke|p1|Rotom-Wash, L50|\n|poke|p2|Basculegion, L50, M|\n|poke|p2|Charizard, L50, F|\n|poke|p2|Kingambit, L50, M|\n|poke|p2|Sneasler, L50, F|\n|poke|p2|Venusaur, L50, M|\n|poke|p2|Talonflame, L50, F|\n|teampreview|4\n|inactive|Battle timer is ON: inactive players will automatically lose when time's up. (requested by benjiapollo)\n|\n|t:|1776724499\n|teamsize|p1|4\n|teamsize|p2|4\n|start\n|switch|p1a: Rotom|Rotom-Wash, L50|100/100\n|switch|p1b: Aerodactyl|Aerodactyl, L50, F|100/100\n|switch|p2a: Talonflame|Talonflame, L50, F|100/100\n|switch|p2b: Kingambit|Kingambit, L50, M|100/100\n|-ability|p1b: Aerodactyl|Unnerve\n|turn|1\n|\n|t:|1776724514\n|move|p2a: Talonflame|Tailwind|p2a: Talonflame\n|-sidestart|p2: benjiapollo|move: Tailwind\n|move|p1a: Rotom|Volt Switch|p2b: Kingambit\n|-damage|p2b: Kingambit|72/100\n|\n|t:|1776724519\n|switch|p1a: Garchomp|Garchomp, L50, F|100/100|[from] Volt Switch\n|move|p1b: Aerodactyl|Tailwind|p1b: Aerodactyl\n|-sidestart|p1: TradersJoe|move: Tailwind\n|move|p2b: Kingambit|Iron Head|p1b: Aerodactyl\n|-supereffective|p1b: Aerodactyl|1\n|-enditem|p1b: Aerodactyl|Focus Sash\n|-damage|p1b: Aerodactyl|1/100\n|\n|upkeep\n|turn|2\n|\n|t:|1776724529\n|switch|p1b: Rotom|Rotom-Wash, L50|100/100\n|move|p2b: Kingambit|Protect|p2b: Kingambit\n|-singleturn|p2b: Kingambit|Protect\n|move|p2a: Talonflame|Brave Bird|p1b: Rotom\n|-resisted|p1b: Rotom|1\n|-damage|p1b: Rotom|71/100\n|-damage|p2a: Talonflame|93/100|[from] Recoil\n|move|p1a: Garchomp|Rock Slide|p2a: Talonflame|[spread] p2a\n|-activate|p2b: Kingambit|move: Protect\n|-supereffective|p2a: Talonflame|2\n|-damage|p2a: Talonflame|0 fnt\n|faint|p2a: Talonflame\n|\n|upkeep\n|\n|t:|1776724547\n|switch|p2a: Charizard|Charizard, L50, F|100/100\n|turn|3\n|\n|t:|1776724556\n|detailschange|p2a: Charizard|Charizard-Mega-X, L50, F\n|-mega|p2a: Charizard|Charizard|Charizardite X\n|move|p1b: Rotom|Volt Switch|p2b: Kingambit\n|-damage|p2b: Kingambit|43/100\n|\n|t:|1776724560\n|switch|p1b: Aerodactyl|Aerodactyl, L50, F|1/100|[from] Volt Switch\n|-ability|p1b: Aerodactyl|Unnerve\n|move|p1a: Garchomp|Earthquake|p2b: Kingambit|[spread] p2a,p2b\n|-immune|p1b: Aerodactyl\n|-supereffective|p2a: Charizard|1\n|-supereffective|p2b: Kingambit|1\n|-damage|p2a: Charizard|18/100\n|-damage|p2b: Kingambit|0 fnt\n|faint|p2b: Kingambit\n|move|p2a: Charizard|Dragon Claw|p1a: Garchomp\n|-supereffective|p1a: Garchomp|1\n|-damage|p1a: Garchomp|0 fnt\n|-damage|p2a: Charizard|6/100|[from] ability: Rough Skin|[of] p1a: Garchomp\n|faint|p1a: Garchomp\n|\n|upkeep\n|\n|t:|1776724574\n|switch|p1a: Rotom|Rotom-Wash, L50|71/100\n|switch|p2b: Basculegion|Basculegion, L50, M|100/100\n|turn|4\n|\n|t:|1776724589\n|move|p1b: Aerodactyl|Protect|p1b: Aerodactyl\n|-singleturn|p1b: Aerodactyl|Protect\n|move|p2a: Charizard|Protect|p2a: Charizard\n|-singleturn|p2a: Charizard|Protect\n|move|p1a: Rotom|Electroweb|p2a: Charizard|[spread] p2b\n|-activate|p2a: Charizard|move: Protect\n|-supereffective|p2b: Basculegion|1\n|-damage|p2b: Basculegion|59/100\n|-unboost|p2b: Basculegion|spe|1\n|move|p2b: Basculegion|Last Respects|p1a: Rotom\n|-damage|p1a: Rotom|0 fnt\n|faint|p1a: Rotom\n|\n|-sideend|p2: benjiapollo|move: Tailwind\n|-sideend|p1: TradersJoe|move: Tailwind\n|upkeep\n|\n|t:|1776724600\n|switch|p1a: Floette|Floette-Eternal, L50, F|100/100\n|turn|5\n|\n|t:|1776724608\n|detailschange|p1a: Floette|Floette-Mega, L50, F\n|-mega|p1a: Floette|Floette|Floettite\n|-ability|p1a: Floette|Fairy Aura\n|move|p1b: Aerodactyl|Tailwind|p1b: Aerodactyl\n|-sidestart|p1: TradersJoe|move: Tailwind\n|move|p1a: Floette|Dazzling Gleam|p2b: Basculegion|[spread] p2a,p2b\n|-damage|p2a: Charizard|0 fnt\n|-damage|p2b: Basculegion|2/100\n|faint|p2a: Charizard\n|move|p2b: Basculegion|Last Respects|p1a: Floette\n|-damage|p1a: Floette|0 fnt\n|faint|p1a: Floette\n|\n|upkeep\n|turn|6\n|\n|t:|1776724619\n|move|p1b: Aerodactyl|Rock Slide|p2b: Basculegion\n|-damage|p2b: Basculegion|0 fnt\n|faint|p2b: Basculegion\n|\n|win|TradersJoe\n|raw|TradersJoe's rating: 1485 &rarr; <strong>1502</strong><br />(+17 for winning)\n|raw|benjiapollo's rating: 1424 &rarr; <strong>1407</strong><br />(-17 for losing)\n|l|\u2606TradersJoe\n|player|p1|\n",
  "uploadtime": 1776724625,
  "views": 7,
  "formatid": "gen9championsvgc2026regma",
  "rating": 1407,
  "private": 0,
  "password": null
}