{
  "id": "gen9championsvgc2026regma-2587801269",
  "format": "[Gen 9 Champions] VGC 2026 Reg M-A",
  "players": [
    "ThomasisCringe",
    "La voz favorita"
  ],
  "log": "|j|\u2606ThomasisCringe\n|j|\u2606La voz favorita\n|t:|1776565384\n|gametype|doubles\n|player|p1|ThomasisCringe|265|1392\n|player|p2|La voz favorita|266|1445\n|gen|9\n|tier|[Gen 9 Champions] VGC 2026 Reg M-A\n|rated|\n|rule|Species Clause: Limit one of each Pok\u00e9mon\n|rule|Item Clause: Limit 1 of each item\n|clearpoke\n|poke|p1|Froslass, L50, F|\n|poke|p1|Aerodactyl, L50, M|\n|poke|p1|Sneasler, L50, M|\n|poke|p1|Garchomp, L50, M|\n|poke|p1|Rotom-Wash, L50|\n|poke|p1|Kangaskhan, L50, F|\n|poke|p2|Floette-Eternal, L50, F|\n|poke|p2|Maushold, L50|\n|poke|p2|Rotom-Heat, L50|\n|poke|p2|Aerodactyl, L50, M|\n|poke|p2|Garchomp, L50, M|\n|poke|p2|Aegislash, L50, F, shiny|\n|teampreview|4\nLa voz favorita has agreed to open team sheets.\n|\n|t:|1776565427\n|teamsize|p1|4\n|teamsize|p2|4\n|start\n|switch|p1a: Aerodactyl|Aerodactyl, L50, M|100/100\n|switch|p1b: Sneasler|Sneasler, L50, M|100/100\n|switch|p2a: Floette|Floette-Eternal, L50, F|100/100\n|switch|p2b: Aerodactyl|Aerodactyl, L50, M|100/100\n|-ability|p2b: Aerodactyl|Unnerve\n|-ability|p1a: Aerodactyl|Unnerve\n|turn|1\n|inactive|Battle timer is ON: inactive players will automatically lose when time's up. (requested by ThomasisCringe)\n|\n|t:|1776565456\n|detailschange|p2a: Floette|Floette-Mega, L50, F\n|-mega|p2a: Floette|Floette|Floettite\n|-ability|p2a: Floette|Fairy Aura\n|move|p1b: Sneasler|Fake Out|p2b: Aerodactyl\n|-resisted|p2b: Aerodactyl|1\n|-damage|p2b: Aerodactyl|89/100\n|move|p1a: Aerodactyl|Tailwind|p1a: Aerodactyl\n|-sidestart|p1: ThomasisCringe|move: Tailwind\n|cant|p2b: Aerodactyl|flinch\n|move|p2a: Floette|Dazzling Gleam|p1a: Aerodactyl|[spread] p1a,p1b\n|-damage|p1a: Aerodactyl|30/100\n|-damage|p1b: Sneasler|43/100\n|\n|upkeep\n|turn|2\n|\n|t:|1776565479\n|switch|p2b: Aegislash|Aegislash, L50, F, shiny|100/100\n|move|p2a: Floette|Protect|p2a: Floette\n|-singleturn|p2a: Floette|Protect\n|move|p1a: Aerodactyl|Rock Slide|p2b: Aegislash|[spread] p2b\n|-activate|p2a: Floette|move: Protect\n|-resisted|p2b: Aegislash|1\n|-damage|p2b: Aegislash|91/100\n|move|p1b: Sneasler|Close Combat|p2b: Aegislash\n|-immune|p2b: Aegislash\n|\n|upkeep\n|turn|3\n|inactive|La voz favorita has 30 seconds left.\n|inactive|ThomasisCringe has 30 seconds left.\n|inactive|La voz favorita has 20 seconds left.\n|inactive|La voz favorita has 15 seconds left.\n|inactive|La voz favorita has 10 seconds left.\n|\n|t:|1776565525\n|move|p1a: Aerodactyl|Protect|p1a: Aerodactyl\n|-singleturn|p1a: Aerodactyl|Protect\n|-formechange|p2b: Aegislash|Aegislash-Blade|\n|move|p2b: Aegislash|Shadow Sneak|p1b: Sneasler\n|-damage|p1b: Sneasler|0 fnt\n|faint|p1b: Sneasler\n|move|p2a: Floette|Dazzling Gleam|p1a: Aerodactyl\n|-activate|p1a: Aerodactyl|move: Protect\n|\n|upkeep\n|\n|t:|1776565535\n|switch|p1b: Garchomp|Garchomp, L50, M|100/100\n|turn|4\n|\n|t:|1776565546\n|move|p2a: Floette|Protect|p2a: Floette\n|-singleturn|p2a: Floette|Protect\n|-formechange|p2b: Aegislash|Aegislash|\n|move|p2b: Aegislash|King's Shield|p2b: Aegislash\n|-singleturn|p2b: Aegislash|Protect\n|move|p1b: Garchomp|Earthquake|p2b: Aegislash|[spread] \n|-activate|p2a: Floette|move: Protect\n|-activate|p2b: Aegislash|move: Protect\n|-immune|p1a: Aerodactyl\n|move|p1a: Aerodactyl|Rock Slide|p2b: Aegislash|[spread] \n|-activate|p2a: Floette|move: Protect\n|-activate|p2b: Aegislash|move: Protect\n|\n|-sideend|p1: ThomasisCringe|move: Tailwind\n|upkeep\n|turn|5\n|\n|t:|1776565563\n|-formechange|p2b: Aegislash|Aegislash-Blade|\n|move|p2b: Aegislash|Shadow Sneak|p1a: Aerodactyl\n|-damage|p1a: Aerodactyl|0 fnt\n|faint|p1a: Aerodactyl\n|move|p1b: Garchomp|Earthquake|p2b: Aegislash|[spread] p2a,p2b\n|-supereffective|p2b: Aegislash|1\n|-damage|p2a: Floette|52/100\n|-damage|p2b: Aegislash|0 fnt\n|faint|p2b: Aegislash\n|move|p2a: Floette|Moonblast|p1b: Garchomp\n|-supereffective|p1b: Garchomp|1\n|-damage|p1b: Garchomp|0 fnt\n|faint|p1b: Garchomp\n|\n|upkeep\n|\n|t:|1776565572\n|switch|p1b: Froslass|Froslass, L50, F|100/100\n|switch|p2b: Rotom|Rotom-Heat, L50|100/100\n|turn|6\n|\n|t:|1776565581\n|detailschange|p1b: Froslass|Froslass-Mega, L50, F\n|-mega|p1b: Froslass|Froslass|Froslassite\n|-weather|Snowscape|[from] ability: Snow Warning|[of] p1b: Froslass\n|move|p1b: Froslass|Blizzard|p2a: Floette|[spread] p2a,p2b\n|-resisted|p2b: Rotom|1\n|-damage|p2a: Floette|20/100\n|-damage|p2b: Rotom|76/100\n|move|p2a: Floette|Moonblast|p1b: Froslass\n|-damage|p1b: Froslass|11/100\n|move|p2b: Rotom|Electroweb|p1b: Froslass\n|-damage|p1b: Froslass|0 fnt\n|faint|p1b: Froslass\n|\n|win|La voz favorita\n|raw|ThomasisCringe's rating: 1392 &rarr; <strong>1375</strong><br />(-17 for losing)\n|raw|La voz favorita's rating: 1445 &rarr; <strong>1462</strong><br />(+17 for winning)\n|l|\u2606ThomasisCringe\n|player|p1|\n|l|\u2606La voz favorita\n|player|p2|\n",
  "uploadtime": 1776565609,
  "views": 14,
  "formatid": "gen9championsvgc2026regma",
  "rating": 1375,
  "private": 0,
  "password": null
}