{
  "id": "gen9championsvgc2026regma-2585700449",
  "format": "[Gen 9 Champions] VGC 2026 Reg M-A",
  "players": [
    "Jakesparow54",
    "O Pausanias"
  ],
  "log": "|j|\u2606Jakesparow54\n|j|\u2606O Pausanias\n|t:|1776364634\n|gametype|doubles\n|player|p1|Jakesparow54|170|1116\n|player|p2|O Pausanias|n|1199\n|gen|9\n|tier|[Gen 9 Champions] VGC 2026 Reg M-A\n|rated|\n|rule|Species Clause: Limit one of each Pok\u00e9mon\n|rule|Item Clause: Limit 1 of each item\n|clearpoke\n|poke|p1|Aerodactyl, L50, F|\n|poke|p1|Basculegion, L50, M|\n|poke|p1|Kommo-o, L50, F|\n|poke|p1|Scizor, L50, M|\n|poke|p1|Scovillain, L50, F|\n|poke|p1|Sneasler, L50, F|\n|poke|p2|Gardevoir, L50, F|\n|poke|p2|Charizard, L50, M|\n|poke|p2|Venusaur, L50, M|\n|poke|p2|Milotic, L50, F|\n|poke|p2|Garchomp, L50, F|\n|poke|p2|Incineroar, L50, M|\n|teampreview|4\n|inactive|Battle timer is ON: inactive players will automatically lose when time's up. (requested by Jakesparow54)\n|\n|t:|1776364681\n|teamsize|p1|4\n|teamsize|p2|4\n|start\n|switch|p1a: Aerodactyl|Aerodactyl, L50, F|100/100\n|switch|p1b: Basculegion|Basculegion, L50, M|100/100\n|switch|p2a: Charizard|Charizard, L50, M|100/100\n|switch|p2b: Incineroar|Incineroar, L50, M|100/100\n|-ability|p1a: Aerodactyl|Unnerve\n|-ability|p2b: Incineroar|Intimidate|boost\n|-unboost|p1a: Aerodactyl|atk|1\n|-unboost|p1b: Basculegion|atk|1\n|turn|1\n|inactive|Jakesparow54 has 30 seconds left.\n|inactive|O Pausanias has 30 seconds left.\n|inactive|Jakesparow54 has 20 seconds left.\n|\n|t:|1776364721\n|detailschange|p2a: Charizard|Charizard-Mega-Y, L50, M\n|-mega|p2a: Charizard|Charizard|Charizardite Y\n|-weather|SunnyDay|[from] ability: Drought|[of] p2a: Charizard\n|move|p2b: Incineroar|Fake Out|p1a: Aerodactyl\n|-resisted|p1a: Aerodactyl|1\n|-damage|p1a: Aerodactyl|92/100\n|move|p1b: Basculegion|Aqua Jet|p2a: Charizard\n|-supereffective|p2a: Charizard|1\n|-damage|p2a: Charizard|82/100\n|cant|p1a: Aerodactyl|flinch\n|move|p2a: Charizard|Solar Beam||[still]\n|-prepare|p2a: Charizard|Solar Beam\n|-anim|p2a: Charizard|Solar Beam|p1b: Basculegion\n|-supereffective|p1b: Basculegion|1\n|-damage|p1b: Basculegion|12/100\n|-enditem|p1b: Basculegion|Sitrus Berry|[eat]\n|-heal|p1b: Basculegion|37/100|[from] item: Sitrus Berry\n|\n|-weather|SunnyDay|[upkeep]\n|upkeep\n|turn|2\n|\n|t:|1776364746\n|move|p2a: Charizard|Protect|p2a: Charizard\n|-singleturn|p2a: Charizard|Protect\n|move|p1b: Basculegion|Protect|p1b: Basculegion\n|-singleturn|p1b: Basculegion|Protect\n|move|p1a: Aerodactyl|Rock Slide|p2b: Incineroar|[spread] p2b\n|-activate|p2a: Charizard|move: Protect\n|-supereffective|p2b: Incineroar|1\n|-damage|p2b: Incineroar|71/100\n|move|p2b: Incineroar|Throat Chop|p1b: Basculegion\n|-activate|p1b: Basculegion|move: Protect\n|\n|-weather|SunnyDay|[upkeep]\n|upkeep\n|turn|3\n|inactive|O Pausanias has 30 seconds left.\n|\n|t:|1776364781\n|switch|p2a: Milotic|Milotic, L50, F|100/100\n|move|p1a: Aerodactyl|Tailwind|p1a: Aerodactyl\n|-sidestart|p1: Jakesparow54|move: Tailwind\n|move|p1b: Basculegion|Wave Crash|p2a: Milotic\n|-resisted|p2a: Milotic|1\n|-damage|p2a: Milotic|89/100\n|-damage|p1b: Basculegion|34/100|[from] Recoil\n|move|p2b: Incineroar|Throat Chop|p1b: Basculegion\n|-supereffective|p1b: Basculegion|1\n|-damage|p1b: Basculegion|0 fnt\n|faint|p1b: Basculegion\n|\n|-weather|SunnyDay|[upkeep]\n|-heal|p2a: Milotic|95/100|[from] item: Leftovers\n|upkeep\n|\n|t:|1776364802\n|switch|p1b: Scizor|Scizor, L50, M|100/100\n|turn|4\n|\n|t:|1776364816\n|move|p1b: Scizor|Protect|p1b: Scizor\n|-singleturn|p1b: Scizor|Protect\n|move|p1a: Aerodactyl|Rock Slide|p2a: Milotic|[spread] p2a\n|-miss|p1a: Aerodactyl|p2b: Incineroar\n|-damage|p2a: Milotic|81/100\n|move|p2a: Milotic|Scald|p1a: Aerodactyl\n|-supereffective|p1a: Aerodactyl|1\n|-damage|p1a: Aerodactyl|42/100\n|move|p2b: Incineroar|Flare Blitz|p1b: Scizor\n|-activate|p1b: Scizor|move: Protect\n|\n|-weather|SunnyDay|[upkeep]\n|-heal|p2a: Milotic|87/100|[from] item: Leftovers\n|upkeep\n|turn|5\n|\n|t:|1776364839\n|switch|p1b: Kommo-o|Kommo-o, L50, F|100/100\n|move|p1a: Aerodactyl|Rock Slide|p2a: Milotic|[spread] p2a,p2b\n|-supereffective|p2b: Incineroar|1\n|-damage|p2a: Milotic|71/100\n|-damage|p2b: Incineroar|43/100\n|move|p2a: Milotic|Scald|p1a: Aerodactyl\n|-supereffective|p1a: Aerodactyl|1\n|-damage|p1a: Aerodactyl|0 fnt\n|-enditem|p2b: Incineroar|Sitrus Berry|[eat]\n|-heal|p2b: Incineroar|68/100|[from] item: Sitrus Berry\n|faint|p1a: Aerodactyl\n|move|p2b: Incineroar|Flare Blitz|p1b: Kommo-o\n|-resisted|p1b: Kommo-o|1\n|-damage|p1b: Kommo-o|64/100\n|-damage|p2b: Incineroar|59/100|[from] Recoil\n|\n|-weather|none\n|-heal|p1b: Kommo-o|70/100|[from] item: Leftovers\n|-heal|p2a: Milotic|78/100|[from] item: Leftovers\n|upkeep\n|\n|t:|1776364860\n|switch|p1a: Scizor|Scizor, L50, M|100/100\n|turn|6\n|\n|t:|1776364870\n|move|p1a: Scizor|Protect|p1a: Scizor\n|-singleturn|p1a: Scizor|Protect\n|move|p1b: Kommo-o|Aura Sphere|p2b: Incineroar\n|-supereffective|p2b: Incineroar|1\n|-damage|p2b: Incineroar|1/100\n|move|p2a: Milotic|Ice Beam|p1b: Kommo-o\n|-supereffective|p1b: Kommo-o|1\n|-damage|p1b: Kommo-o|6/100\n|move|p2b: Incineroar|Flare Blitz|p1a: Scizor\n|-activate|p1a: Scizor|move: Protect\n|\n|-heal|p1b: Kommo-o|12/100|[from] item: Leftovers\n|-heal|p2a: Milotic|84/100|[from] item: Leftovers\n|-sideend|p1: Jakesparow54|move: Tailwind\n|upkeep\n|turn|7\n|\n|t:|1776364894\n|move|p1a: Scizor|Bullet Punch|p2b: Incineroar\n|-resisted|p2b: Incineroar|1\n|-damage|p2b: Incineroar|0 fnt\n|faint|p2b: Incineroar\n|move|p1b: Kommo-o|Clanging Scales|p2a: Milotic\n|-damage|p2a: Milotic|46/100\n|-unboost|p1b: Kommo-o|def|1\n|move|p2a: Milotic|Ice Beam|p1b: Kommo-o\n|-supereffective|p1b: Kommo-o|1\n|-damage|p1b: Kommo-o|0 fnt\n|faint|p1b: Kommo-o\n|\n|-heal|p2a: Milotic|52/100|[from] item: Leftovers\n|upkeep\n|\n|t:|1776364909\n|switch|p2b: Charizard|Charizard-Mega-Y, L50, M|82/100\n|-weather|SunnyDay|[from] ability: Drought|[of] p2b: Charizard\n|turn|8\n|-message|Jakesparow54 forfeited.\n|\n|win|O Pausanias\n|raw|Jakesparow54's rating: 1116 &rarr; <strong>1097</strong><br />(-19 for losing)\n|raw|O Pausanias's rating: 1199 &rarr; <strong>1218</strong><br />(+19 for winning)\n|l|\u2606Jakesparow54\n|player|p1|\n",
  "uploadtime": 1776364948,
  "views": 20,
  "formatid": "gen9championsvgc2026regma",
  "rating": 1097,
  "private": 0,
  "password": null
}