{
  "id": "gen9championsvgc2026regma-2580734027",
  "format": "[Gen 9 Champions] VGC 2026 Reg M-A",
  "players": [
    "jukasinjakudo",
    "DMN on"
  ],
  "log": "|j|\u2606jukasinjakudo\n|j|\u2606DMN on\n|t:|1775928098\n|gametype|doubles\n|player|p1|jukasinjakudo|n|1066\n|player|p2|DMN on|cynthia|1064\n|gen|9\n|tier|[Gen 9 Champions] VGC 2026 Reg M-A\n|rated|\n|rule|Species Clause: Limit one of each Pok\u00e9mon\n|rule|Item Clause: Limit 1 of each item\n|clearpoke\n|poke|p1|Pelipper, L50, M|\n|poke|p1|Archaludon, L50, M|\n|poke|p1|Dragonite, L50, M|\n|poke|p1|Incineroar, L50, F|\n|poke|p1|Kingambit, L50, F|\n|poke|p1|Milotic, L50, M|\n|poke|p2|Froslass, L50, F|\n|poke|p2|Kangaskhan, L50, F|\n|poke|p2|Rotom-Heat, L50|\n|poke|p2|Garchomp, L50, M|\n|poke|p2|Milotic, L50, M|\n|poke|p2|Whimsicott, L50, F|\n|teampreview|4\n|inactive|Battle timer is ON: inactive players will automatically lose when time's up. (requested by DMN on)\n|inactive|jukasinjakudo has 60 seconds left.\n|inactive|DMN on has 60 seconds left.\n|\n|t:|1775928148\n|teamsize|p1|4\n|teamsize|p2|4\n|start\n|switch|p1a: Pelipper|Pelipper, L50, M|100/100\n|switch|p1b: Archaludon|Archaludon, L50, M|100/100\n|switch|p2a: Kangaskhan|Kangaskhan, L50, F|100/100\n|switch|p2b: Whimsicott|Whimsicott, L50, F, shiny|100/100\n|-weather|RainDance|[from] ability: Drizzle|[of] p1a: Pelipper\n|turn|1\n|inactive|DMN on has 30 seconds left.\n|\n|t:|1775928177\n|move|p2a: Kangaskhan|Fake Out|p1b: Archaludon\n|-resisted|p1b: Archaludon|1\n|-damage|p1b: Archaludon|95/100\n|-ability|p1b: Archaludon|Stamina|boost\n|-boost|p1b: Archaludon|def|1\n|move|p2b: Whimsicott|Moonblast|p1b: Archaludon\n|-damage|p1b: Archaludon|60/100\n|-ability|p1b: Archaludon|Stamina|boost\n|-boost|p1b: Archaludon|def|1\n|move|p1a: Pelipper|Hurricane|p2b: Whimsicott\n|-supereffective|p2b: Whimsicott|1\n|-damage|p2b: Whimsicott|0 fnt\n|faint|p2b: Whimsicott\n|cant|p1b: Archaludon|flinch\n|\n|-weather|RainDance|[upkeep]\n|upkeep\n|\n|t:|1775928190\n|switch|p2b: Froslass|Froslass, L50, F, shiny|100/100\n|turn|2\n|inactive|jukasinjakudo has 30 seconds left.\n|\n|t:|1775928217\n|detailschange|p2b: Froslass|Froslass-Mega, L50, F, shiny\n|-mega|p2b: Froslass|Froslass|Froslassite\n|-weather|Snowscape|[from] ability: Snow Warning|[of] p2b: Froslass\n|move|p2b: Froslass|Blizzard|p1b: Archaludon|[spread] p1a,p1b\n|-damage|p1a: Pelipper|23/100\n|-damage|p1b: Archaludon|4/100\n|-ability|p1b: Archaludon|Stamina|boost\n|-boost|p1b: Archaludon|def|1\n|move|p2a: Kangaskhan|Rock Slide|p1b: Archaludon|[spread] p1a\n|-miss|p2a: Kangaskhan|p1b: Archaludon\n|-supereffective|p1a: Pelipper|1\n|-damage|p1a: Pelipper|0 fnt\n|faint|p1a: Pelipper\n|move|p1b: Archaludon|Draco Meteor|p2a: Kangaskhan|[miss]\n|-miss|p1b: Archaludon|p2a: Kangaskhan\n|\n|-weather|Snowscape|[upkeep]\n|upkeep\n|\n|t:|1775928228\n|switch|p1a: Kingambit|Kingambit, L50, F|100/100\n|turn|3\n|c|\u2606DMN on|ffs\n|c|\u2606DMN on|at least you missed as well\n|\n|t:|1775928246\n|switch|p2b: Rotom|Rotom-Heat, L50|100/100\n|move|p2a: Kangaskhan|Double-Edge|p1b: Archaludon\n|-resisted|p1b: Archaludon|1\n|-damage|p1b: Archaludon|0 fnt\n|faint|p1b: Archaludon\n|-damage|p2a: Kangaskhan|99/100|[from] Recoil\n|move|p1a: Kingambit|Swords Dance|p1a: Kingambit\n|-boost|p1a: Kingambit|atk|2\n|\n|-weather|Snowscape|[upkeep]\n|upkeep\n|\n|t:|1775928253\n|switch|p1b: Dragonite|Dragonite, L50, M|100/100\n|turn|4\n|\n|t:|1775928277\n|switch|p2a: Froslass|Froslass-Mega, L50, F, shiny|100/100\n|detailschange|p1b: Dragonite|Dragonite-Mega, L50, M\n|-mega|p1b: Dragonite|Dragonite|Dragoninite\n|move|p1a: Kingambit|Sucker Punch|p2b: Rotom\n|-damage|p2b: Rotom|0 fnt\n|faint|p2b: Rotom\n|move|p1b: Dragonite|Hurricane|p2a: Froslass\n|-damage|p2a: Froslass|27/100\n|-start|p2a: Froslass|confusion\n|\n|-weather|Snowscape|[upkeep]\n|upkeep\n|\n|t:|1775928285\n|switch|p2b: Kangaskhan|Kangaskhan, L50, F|99/100\n|turn|5\n|\n|t:|1775928302\n|move|p1a: Kingambit|Protect|p1a: Kingambit\n|-singleturn|p1a: Kingambit|Protect\n|move|p2b: Kangaskhan|Fake Out|p1a: Kingambit\n|-activate|p1a: Kingambit|move: Protect\n|-activate|p2a: Froslass|confusion\n|move|p2a: Froslass|Blizzard|p1b: Dragonite|[spread] p1b\n|-activate|p1a: Kingambit|move: Protect\n|-supereffective|p1b: Dragonite|2\n|-damage|p1b: Dragonite|14/100\n|move|p1b: Dragonite|Draco Meteor|p2a: Froslass\n|-damage|p2a: Froslass|0 fnt\n|-unboost|p1b: Dragonite|spa|2\n|faint|p2a: Froslass\n|\n|-weather|Snowscape|[upkeep]\n|upkeep\n|turn|6\n|-message|DMN on forfeited.\n|\n|win|jukasinjakudo\n|raw|jukasinjakudo's rating: 1066 &rarr; <strong>1096</strong><br />(+30 for winning)\n|raw|DMN on's rating: 1064 &rarr; <strong>1045</strong><br />(-19 for losing)\n|l|\u2606DMN on\n|player|p2|\n",
  "uploadtime": 1775928323,
  "views": 18,
  "formatid": "gen9championsvgc2026regma",
  "rating": 1045,
  "private": 0,
  "password": null
}