{
  "id": "gen9championsvgc2026regma-2587193014",
  "format": "[Gen 9 Champions] VGC 2026 Reg M-A",
  "players": [
    "Ashe_Cheikes",
    "lolgz"
  ],
  "log": "|j|\u2606Ashe_Cheikes\n|j|\u2606lolgz\n|t:|1776506979\n|gametype|doubles\n|player|p1|Ashe_Cheikes|101|1150\n|player|p2|lolgz|dawn|1212\n|gen|9\n|tier|[Gen 9 Champions] VGC 2026 Reg M-A\n|rated|\n|rule|Species Clause: Limit one of each Pok\u00e9mon\n|rule|Item Clause: Limit 1 of each item\n|clearpoke\n|poke|p1|Espeon, L50, M|\n|poke|p1|Scovillain, L50, F|\n|poke|p1|Kleavor, L50, F|\n|poke|p1|Azumarill, L50, M|\n|poke|p1|Corviknight, L50, F|\n|poke|p1|Pelipper, L50, M|\n|poke|p2|Floette-Eternal, L50, F|\n|poke|p2|Maushold, L50|\n|poke|p2|Garchomp, L50, F|\n|poke|p2|Aerodactyl, L50, F|\n|poke|p2|Gallade, L50, M|\n|poke|p2|Delphox, L50, F|\n|teampreview|4\nAshe_Cheikes rejected open team sheets.\n|inactive|Battle timer is ON: inactive players will automatically lose when time's up. (requested by Ashe_Cheikes)\n|inactive|Ashe_Cheikes has 60 seconds left.\n|\n|t:|1776507022\n|teamsize|p1|4\n|teamsize|p2|4\n|start\n|switch|p1a: Kleavor|Kleavor, L50, F|100/100\n|switch|p1b: Corviknight|Corviknight, L50, F|100/100\n|switch|p2a: Aerodactyl|Aerodactyl, L50, F|100/100\n|switch|p2b: Garchomp|Garchomp, L50, F|100/100\n|-ability|p2a: Aerodactyl|Unnerve\n|turn|1\n|\n|t:|1776507046\n|move|p1a: Kleavor|Stone Axe|p2a: Aerodactyl\n|-supereffective|p2a: Aerodactyl|1\n|-enditem|p2a: Aerodactyl|Focus Sash\n|-damage|p2a: Aerodactyl|1/100\n|-sidestart|p2: lolgz|move: Stealth Rock\n|move|p2a: Aerodactyl|Tailwind|p2a: Aerodactyl\n|-sidestart|p2: lolgz|move: Tailwind\n|move|p2b: Garchomp|Earthquake|p1a: Kleavor|[spread] p1a\n|-immune|p2a: Aerodactyl\n|-immune|p1b: Corviknight\n|-damage|p1a: Kleavor|51/100\n|move|p1b: Corviknight|Tailwind|p1b: Corviknight\n|-sidestart|p1: Ashe_Cheikes|move: Tailwind\n|\n|upkeep\n|turn|2\n|\n|t:|1776507061\n|move|p1a: Kleavor|Stone Axe|p2a: Aerodactyl\n|-supereffective|p2a: Aerodactyl|1\n|-damage|p2a: Aerodactyl|0 fnt\n|faint|p2a: Aerodactyl\n|move|p2b: Garchomp|Earthquake|p1b: Corviknight|[spread] p1a\n|-immune|p1b: Corviknight\n|-damage|p1a: Kleavor|0 fnt\n|faint|p1a: Kleavor\n|move|p1b: Corviknight|Bulk Up|p1b: Corviknight\n|-boost|p1b: Corviknight|atk|1\n|-boost|p1b: Corviknight|def|1\n|\n|upkeep\n|inactive|Ashe_Cheikes has 30 seconds left.\n|inactive|lolgz has 30 seconds left.\n|inactive|lolgz has 20 seconds left.\n|\n|t:|1776507100\n|switch|p2a: Delphox|Delphox, L50, F|100/100\n|switch|p1a: Pelipper|Pelipper, L50, M|100/100\n|-damage|p2a: Delphox|76/100|[from] Stealth Rock\n|-weather|RainDance|[from] ability: Drizzle|[of] p1a: Pelipper\n|turn|3\n|\n|t:|1776507121\n|detailschange|p2a: Delphox|Delphox-Mega, L50, F\n|-mega|p2a: Delphox|Delphox|Delphoxite\n|move|p1a: Pelipper|Wide Guard|p1a: Pelipper\n|-singleturn|p1a: Pelipper|Wide Guard\n|move|p2a: Delphox|Heat Wave|p1a: Pelipper|[spread] \n|-activate|p1a: Pelipper|move: Wide Guard\n|-activate|p1b: Corviknight|move: Wide Guard\n|move|p2b: Garchomp|Dragon Claw|p1a: Pelipper\n|-damage|p1a: Pelipper|45/100\n|move|p1b: Corviknight|Dual Wingbeat|p2a: Delphox\n|-damage|p2a: Delphox|44/100\n|-damage|p2a: Delphox|15/100\n|-hitcount|p2a: Delphox|2\n|\n|-weather|RainDance|[upkeep]\n|upkeep\n|turn|4\n|inactive|Ashe_Cheikes has 30 seconds left.\n|\n|t:|1776507152\n|move|p1a: Pelipper|Wide Guard|p1a: Pelipper\n|-singleturn|p1a: Pelipper|Wide Guard\n|move|p2a: Delphox|Psychic|p1b: Corviknight\n|-resisted|p1b: Corviknight|1\n|-damage|p1b: Corviknight|75/100\n|move|p2b: Garchomp|Dragon Claw|p1a: Pelipper\n|-crit|p1a: Pelipper\n|-damage|p1a: Pelipper|0 fnt\n|faint|p1a: Pelipper\n|move|p1b: Corviknight|Iron Head|p2a: Delphox\n|-resisted|p2a: Delphox|1\n|-damage|p2a: Delphox|0 fnt\n|faint|p2a: Delphox\n|\n|-weather|RainDance|[upkeep]\n|-heal|p1b: Corviknight|81/100|[from] item: Leftovers\n|-sideend|p1: Ashe_Cheikes|move: Tailwind\n|-sideend|p2: lolgz|move: Tailwind\n|upkeep\n|\n|t:|1776507166\n|switch|p2a: Gallade|Gallade, L50, M|100/100\n|switch|p1a: Scovillain|Scovillain, L50, F|100/100\n|-damage|p2a: Gallade|95/100|[from] Stealth Rock\n|turn|5\n|inactive|lolgz has 30 seconds left.\n|inactive|lolgz has 20 seconds left.\n|\n|t:|1776507203\n|detailschange|p1a: Scovillain|Scovillain-Mega, L50, F\n|-mega|p1a: Scovillain|Scovillain|Scovillainite\n|move|p2a: Gallade|Sacred Sword|p1b: Corviknight\n|-damage|p1b: Corviknight|13/100\n|move|p2b: Garchomp|Dragon Claw|p1a: Scovillain\n|-damage|p1a: Scovillain|63/100\n|-status|p2b: Garchomp|brn|[from] ability: Spicy Spray|[of] p1a: Scovillain\n|move|p1b: Corviknight|Dual Wingbeat|p2a: Gallade\n|-supereffective|p2a: Gallade|1\n|-damage|p2a: Gallade|36/100\n|-supereffective|p2a: Gallade|1\n|-damage|p2a: Gallade|0 fnt\n|faint|p2a: Gallade\n|-hitcount|p2: Gallade|2\n|move|p1a: Scovillain|Leech Seed|p2b: Garchomp\n|-start|p2b: Garchomp|move: Leech Seed\n|\n|-weather|RainDance|[upkeep]\n|-heal|p1b: Corviknight|19/100|[from] item: Leftovers\n|-damage|p2b: Garchomp|88/100 brn|[from] Leech Seed|[of] p1a: Scovillain\n|-heal|p1a: Scovillain|77/100|[silent]\n|-damage|p2b: Garchomp|82/100 brn|[from] brn\n|upkeep\n|turn|6\n|-message|lolgz forfeited.\n|\n|win|Ashe_Cheikes\n|raw|Ashe_Cheikes's rating: 1150 &rarr; <strong>1179</strong><br />(+29 for winning)\n|raw|lolgz's rating: 1212 &rarr; <strong>1183</strong><br />(-29 for losing)\n",
  "uploadtime": 1776507207,
  "views": 12,
  "formatid": "gen9championsvgc2026regma",
  "rating": 1179,
  "private": 0,
  "password": null
}