{
  "id": "gen9championsvgc2026regma-2581479639",
  "format": "[Gen 9 Champions] VGC 2026 Reg M-A",
  "players": [
    "TeamCloseCombat1",
    "yoyotheyogurt"
  ],
  "log": "|j|\u2606TeamCloseCombat1\n|j|\u2606yoyotheyogurt\n|t:|1776004344\n|gametype|doubles\n|player|p1|TeamCloseCombat1|workerice|1031\n|player|p2|yoyotheyogurt|101|1111\n|gen|9\n|tier|[Gen 9 Champions] VGC 2026 Reg M-A\n|rated|\n|rule|Species Clause: Limit one of each Pok\u00e9mon\n|rule|Item Clause: Limit 1 of each item\n|clearpoke\n|poke|p1|Farigiraf, L50, F|\n|poke|p1|Hatterene, L50, F|\n|poke|p1|Torkoal, L50, F|\n|poke|p1|Charizard, L50, F|\n|poke|p1|Whimsicott, L50, M|\n|poke|p1|Krookodile, L50, F|\n|poke|p2|Dragonite, L50, M|\n|poke|p2|Snorlax, L50, M|\n|poke|p2|Aggron, L50, M|\n|poke|p2|Gyarados, L50, M|\n|poke|p2|Sinistcha, L50|\n|poke|p2|Garchomp, L50, M|\n|teampreview|4\nTeamCloseCombat1 has agreed to open team sheets.\nyoyotheyogurt has agreed to open team sheets.\n|showteam|p1|Farigiraf||SitrusBerry|ArmorTail|Protect,HyperVoice,TrickRoom,Imprison|||F|||50|]Hatterene||FairyFeather|MagicBounce|Psychic,TrickRoom,MagicPowder,DazzlingGleam|||F|||50|]Torkoal||Charcoal|Drought|Eruption,Protect,ClearSmog,WeatherBall|||F|||50|]Charizard||CharizarditeY|SolarPower|DragonPulse,WeatherBall,SolarBeam,Protect|||F|||50|]Whimsicott||MiracleSeed|Chlorophyll|Protect,SolarBeam,Taunt,Growth|||M|||50|]Krookodile||FocusSash|Intimidate|EarthPower,KnockOff,Protect,Roar|||F|||50|\n|showteam|p2|Dragonite||LumBerry|InnerFocus|DragonClaw,ExtremeSpeed,Tailwind,Protect|||M|||50|]Snorlax||SitrusBerry|ThickFat|BellyDrum,BodySlam,HighHorsepower,Protect|||M|||50|]Aggron||Aggronite|Sturdy|HeavySlam,BodyPress,IronDefense,Protect|||M|||50|]Gyarados||Gyaradosite|Intimidate|DragonDance,Waterfall,Crunch,Protect|||M|||50|]Sinistcha||Leftovers|Hospitality|TrickRoom,MatchaGotcha,LifeDew,RagePowder||||||50|]Garchomp||ChoiceScarf|RoughSkin|Earthquake,RockSlide,DragonClaw,PoisonJab|||M|||50|\n|\n|t:|1776004436\n|teamsize|p1|4\n|teamsize|p2|4\n|start\n|switch|p1a: Torkoal|Torkoal, L50, F|100/100\n|switch|p1b: the lord of sun|Whimsicott, L50, M|100/100\n|switch|p2a: Dragonite|Dragonite, L50, M, shiny|100/100\n|switch|p2b: Garchomp|Garchomp, L50, M, shiny|100/100\n|-weather|SunnyDay|[from] ability: Drought|[of] p1a: Torkoal\n|turn|1\n|\n|t:|1776004470\n|move|p1a: Torkoal|Protect|p1a: Torkoal\n|-singleturn|p1a: Torkoal|Protect\n|move|p1b: the lord of sun|Solar Beam||[still]\n|-prepare|p1b: the lord of sun|Solar Beam\n|-anim|p1b: the lord of sun|Solar Beam|p2b: Garchomp\n|-damage|p2b: Garchomp|43/100\n|move|p2b: Garchomp|Rock Slide|p1a: Torkoal|[spread] p1b\n|-activate|p1a: Torkoal|move: Protect\n|-crit|p1b: the lord of sun\n|-damage|p1b: the lord of sun|51/100\n|move|p2a: Dragonite|Tailwind|p2a: Dragonite\n|-sidestart|p2: yoyotheyogurt|move: Tailwind\n|\n|-weather|SunnyDay|[upkeep]\n|upkeep\n|turn|2\n|\n|t:|1776004489\n|switch|p1b: Charizard|Charizard, L50, F|100/100\n|switch|p1a: nuh uh|Krookodile, L50, F|100/100\n|-ability|p1a: nuh uh|Intimidate|boost\n|-fail|p2a: Dragonite|unboost|Attack|[from] ability: Inner Focus|[of] p2a: Dragonite\n|-unboost|p2b: Garchomp|atk|1\n|move|p2a: Dragonite|Extreme Speed|p1b: Charizard\n|-damage|p1b: Charizard|58/100\n|move|p2b: Garchomp|Rock Slide|p1b: Charizard|[spread] p1a,p1b\n|-resisted|p1a: nuh uh|1\n|-supereffective|p1b: Charizard|2\n|-damage|p1a: nuh uh|96/100\n|-damage|p1b: Charizard|0 fnt\n|faint|p1b: Charizard\n|\n|-weather|SunnyDay|[upkeep]\n|upkeep\n|\n|t:|1776004494\n|switch|p1b: Torkoal|Torkoal, L50, F|100/100\n|turn|3\n|\n|t:|1776004518\n|move|p1b: Torkoal|Protect|p1b: Torkoal\n|-singleturn|p1b: Torkoal|Protect\n|move|p2b: Garchomp|Rock Slide|p1b: Torkoal|[spread] p1a\n|-activate|p1b: Torkoal|move: Protect\n|-resisted|p1a: nuh uh|1\n|-damage|p1a: nuh uh|90/100\n|move|p2a: Dragonite|Dragon Claw|p1a: nuh uh\n|-damage|p1a: nuh uh|52/100\n|move|p1a: nuh uh|Knock Off|p2a: Dragonite\n|-damage|p2a: Dragonite|62/100\n|-enditem|p2a: Dragonite|Lum Berry|[from] move: Knock Off|[of] p1a: nuh uh\n|\n|-weather|SunnyDay|[upkeep]\n|upkeep\n|turn|4\n|\n|t:|1776004547\n|move|p2b: Garchomp|Rock Slide|p1b: Torkoal|[spread] p1a,p1b\n|-resisted|p1a: nuh uh|1\n|-supereffective|p1b: Torkoal|1\n|-damage|p1a: nuh uh|47/100\n|-damage|p1b: Torkoal|79/100\n|move|p2a: Dragonite|Dragon Claw|p1b: Torkoal\n|-damage|p1b: Torkoal|45/100\n|move|p1a: nuh uh|Knock Off|p2b: Garchomp\n|-crit|p2b: Garchomp\n|-damage|p2b: Garchomp|0 fnt\n|-damage|p1a: nuh uh|35/100|[from] ability: Rough Skin|[of] p2b: Garchomp\n|-enditem|p2b: Garchomp|Choice Scarf|[from] move: Knock Off|[of] p1a: nuh uh\n|faint|p2b: Garchomp\n|move|p1b: Torkoal|Weather Ball|p2a: Dragonite\n|-resisted|p2a: Dragonite|1\n|-damage|p2a: Dragonite|26/100\n|\n|-weather|SunnyDay|[upkeep]\n|-sideend|p2: yoyotheyogurt|move: Tailwind\n|upkeep\n|\n|t:|1776004573\n|switch|p2b: Gyarados|Gyarados, L50, M, shiny|100/100\n|-ability|p2b: Gyarados|Intimidate|boost\n|-unboost|p1a: nuh uh|atk|1\n|-unboost|p1b: Torkoal|atk|1\n|turn|5\n|\n|t:|1776004588\n|detailschange|p2b: Gyarados|Gyarados-Mega, L50, M, shiny\n|-mega|p2b: Gyarados|Gyarados|Gyaradosite\n|-ability|p2b: Gyarados|Mold Breaker\n|move|p2a: Dragonite|Protect|p2a: Dragonite\n|-singleturn|p2a: Dragonite|Protect\n|move|p1b: Torkoal|Protect|p1b: Torkoal\n|-singleturn|p1b: Torkoal|Protect\n|move|p2b: Gyarados|Dragon Dance|p2b: Gyarados\n|-boost|p2b: Gyarados|atk|1\n|-boost|p2b: Gyarados|spe|1\n|move|p1a: nuh uh|Knock Off|p2a: Dragonite\n|-activate|p2a: Dragonite|move: Protect\n|\n|-weather|none\n|upkeep\n|turn|6\n|\n|t:|1776004609\n|move|p1b: Torkoal|Protect||[still]\n|-fail|p1b: Torkoal\n|move|p2b: Gyarados|Waterfall|p1a: nuh uh\n|-supereffective|p1a: nuh uh|1\n|-damage|p1a: nuh uh|0 fnt\n|faint|p1a: nuh uh\n|move|p2a: Dragonite|Dragon Claw|p1b: Torkoal\n|-damage|p1b: Torkoal|11/100\n|\n|upkeep\n|\n|t:|1776004613\n|switch|p1a: the lord of sun|Whimsicott, L50, M|51/100\n|turn|7\n|\n|t:|1776004625\n|move|p2a: Dragonite|Extreme Speed|p1a: the lord of sun\n|-damage|p1a: the lord of sun|3/100\n|move|p2b: Gyarados|Waterfall|p1b: Torkoal\n|-supereffective|p1b: Torkoal|1\n|-damage|p1b: Torkoal|0 fnt\n|faint|p1b: Torkoal\n|move|p1a: the lord of sun|Solar Beam||[still]\n|-prepare|p1a: the lord of sun|Solar Beam\n|\n|upkeep\n|turn|8\n|\n|t:|1776004635\n|move|p2a: Dragonite|Extreme Speed|p1a: the lord of sun\n|-damage|p1a: the lord of sun|0 fnt\n|faint|p1a: the lord of sun\n|\n|win|yoyotheyogurt\n|raw|TeamCloseCombat1's rating: 1031 &rarr; <strong>1020</strong><br />(-11 for losing)\n|raw|yoyotheyogurt's rating: 1111 &rarr; <strong>1130</strong><br />(+19 for winning)\n",
  "uploadtime": 1776004640,
  "views": 15,
  "formatid": "gen9championsvgc2026regma",
  "rating": 1020,
  "private": 0,
  "password": null
}