{
  "id": "gen9championsvgc2026regma-2581282296",
  "format": "[Gen 9 Champions] VGC 2026 Reg M-A",
  "players": [
    "ray_game0",
    "ri0d4real"
  ],
  "log": "|j|\u2606ray_game0\n|j|\u2606ri0d4real\n|t:|1775980916\n|gametype|doubles\n|player|p1|ray_game0|hiker-gen4|1000\n|player|p2|ri0d4real|102|1089\n|gen|9\n|tier|[Gen 9 Champions] VGC 2026 Reg M-A\n|rated|\n|rule|Species Clause: Limit one of each Pok\u00e9mon\n|rule|Item Clause: Limit 1 of each item\n|clearpoke\n|poke|p1|Whimsicott, L50, M|\n|poke|p1|Glalie, L50, M|\n|poke|p1|Archaludon, L50, F|\n|poke|p1|Pelipper, L50, M|\n|poke|p2|Charizard, L50, M|\n|poke|p2|Kingambit, L50, M|\n|poke|p2|Garchomp, L50, M|\n|poke|p2|Whimsicott, L50, M|\n|poke|p2|Primarina, L50, F|\n|poke|p2|Typhlosion-Hisui, L50, F|\n|teampreview|4\nri0d4real rejected open team sheets.\n|\n|t:|1775980958\n|teamsize|p1|4\n|teamsize|p2|4\n|start\n|switch|p1a: Whimsicott|Whimsicott, L50, M|100/100\n|switch|p1b: Glalie|Glalie, L50, M|100/100\n|switch|p2a: Charizard|Charizard, L50, M, shiny|100/100\n|switch|p2b: Whimsicott|Whimsicott, L50, M, shiny|100/100\n|turn|1\n|\n|t:|1775981025\n|detailschange|p2a: Charizard|Charizard-Mega-Y, L50, M, shiny\n|-mega|p2a: Charizard|Charizard|Charizardite Y\n|-weather|SunnyDay|[from] ability: Drought|[of] p2a: Charizard\n|detailschange|p1b: Glalie|Glalie-Mega, L50, M\n|-mega|p1b: Glalie|Glalie|Glalitite\n|move|p1a: Whimsicott|Tailwind|p1a: Whimsicott\n|-sidestart|p1: ray_game0|move: Tailwind\n|move|p2b: Whimsicott|Tailwind|p2b: Whimsicott\n|-sidestart|p2: ri0d4real|move: Tailwind\n|move|p2a: Charizard|Heat Wave|p1b: Glalie|[spread] p1b\n|-miss|p2a: Charizard|p1a: Whimsicott\n|-supereffective|p1b: Glalie|1\n|-damage|p1b: Glalie|0 fnt\n|faint|p1b: Glalie\n|\n|-weather|SunnyDay|[upkeep]\n|upkeep\n|\n|t:|1775981063\n|switch|p1b: Archaludon|Archaludon, L50, F|100/100\n|turn|2\n|\n|t:|1775981089\n|switch|p1a: Pelipper|Pelipper, L50, M|100/100\n|-weather|RainDance|[from] ability: Drizzle|[of] p1a: Pelipper\n|move|p2b: Whimsicott|Encore||[still]\n|-fail|p2b: Whimsicott\n|move|p2a: Charizard|Heat Wave|p1b: Archaludon|[spread] p1a,p1b\n|-resisted|p1a: Pelipper|1\n|-damage|p1a: Pelipper|83/100\n|-damage|p1b: Archaludon|73/100\n|-ability|p1b: Archaludon|Stamina|boost\n|-boost|p1b: Archaludon|def|1\n|move|p1b: Archaludon|Electro Shot||[still]\n|-prepare|p1b: Archaludon|Electro Shot\n|-boost|p1b: Archaludon|spa|1\n|-anim|p1b: Archaludon|Electro Shot|p2a: Charizard\n|-supereffective|p2a: Charizard|1\n|-damage|p2a: Charizard|0 fnt\n|faint|p2a: Charizard\n|\n|-weather|RainDance|[upkeep]\n|upkeep\n|\n|t:|1775981170\n|switch|p2a: Garchomp|Garchomp, L50, M|100/100\n|turn|3\n|\n|t:|1775981242\n|move|p1a: Pelipper|Wide Guard|p1a: Pelipper\n|-singleturn|p1a: Pelipper|Wide Guard\n|move|p2b: Whimsicott|Sunny Day|p2b: Whimsicott\n|-weather|SunnyDay\n|move|p2a: Garchomp|Stomping Tantrum|p1b: Archaludon\n|-supereffective|p1b: Archaludon|1\n|-damage|p1b: Archaludon|36/100\n|-ability|p1b: Archaludon|Stamina|boost\n|-boost|p1b: Archaludon|def|1\n|move|p1b: Archaludon|Aura Sphere|p2a: Garchomp\n|-damage|p2a: Garchomp|55/100\n|\n|-weather|SunnyDay|[upkeep]\n|upkeep\n|turn|4\n|\n|t:|1775981304\n|switch|p1b: Whimsicott|Whimsicott, L50, M|100/100\n|move|p2b: Whimsicott|Encore|p1a: Pelipper\n|-start|p1a: Pelipper|Encore\n|move|p1a: Pelipper|Wide Guard|p1a: Pelipper\n|-singleturn|p1a: Pelipper|Wide Guard\n|move|p2a: Garchomp|Stomping Tantrum|p1b: Whimsicott\n|-resisted|p1b: Whimsicott|1\n|-damage|p1b: Whimsicott|77/100\n|\n|-weather|SunnyDay|[upkeep]\n|-sideend|p2: ri0d4real|move: Tailwind\n|-sideend|p1: ray_game0|move: Tailwind\n|upkeep\n|turn|5\n|\n|t:|1775981361\n|switch|p1a: Archaludon|Archaludon, L50, F|36/100\n|move|p1b: Whimsicott|Taunt|p2b: Whimsicott\n|-start|p2b: Whimsicott|move: Taunt\n|cant|p2b: Whimsicott|move: Taunt|Tailwind\n|move|p2a: Garchomp|Rock Slide|p1b: Whimsicott|[spread] p1a,p1b\n|-resisted|p1a: Archaludon|1\n|-damage|p1a: Archaludon|29/100\n|-damage|p1b: Whimsicott|54/100\n|-ability|p1a: Archaludon|Stamina|boost\n|-boost|p1a: Archaludon|def|1\n|\n|-weather|SunnyDay|[upkeep]\n|upkeep\n|turn|6\n|\n|t:|1775981382\n|switch|p1a: Pelipper|Pelipper, L50, M|83/100\n|-weather|RainDance|[from] ability: Drizzle|[of] p1a: Pelipper\n|move|p1b: Whimsicott|Tailwind|p1b: Whimsicott\n|-sidestart|p1: ray_game0|move: Tailwind\n|move|p2a: Garchomp|Earthquake|p1b: Whimsicott|[spread] p2b,p1b\n|-immune|p1a: Pelipper\n|-resisted|p2b: Whimsicott|1\n|-resisted|p1b: Whimsicott|1\n|-damage|p2b: Whimsicott|77/100\n|-damage|p1b: Whimsicott|32/100\n|-activate|p2b: Whimsicott|move: Struggle\n|move|p2b: Whimsicott|Struggle|p1b: Whimsicott\n|-damage|p1b: Whimsicott|24/100\n|-damage|p2b: Whimsicott|51/100|[from] recoil\n|\n|-weather|RainDance|[upkeep]\n|upkeep\n|turn|7\n|\n|t:|1775981421\n|move|p1b: Whimsicott|Protect|p1b: Whimsicott\n|-singleturn|p1b: Whimsicott|Protect\n|move|p1a: Pelipper|Hurricane|p2a: Garchomp\n|-damage|p2a: Garchomp|1/100\n|-start|p2a: Garchomp|confusion\n|-activate|p2a: Garchomp|confusion\n|move|p2a: Garchomp|Stomping Tantrum|p1b: Whimsicott\n|-activate|p1b: Whimsicott|move: Protect\n|-activate|p2b: Whimsicott|move: Struggle\n|move|p2b: Whimsicott|Struggle|p1a: Pelipper\n|-damage|p1a: Pelipper|74/100\n|-damage|p2b: Whimsicott|26/100|[from] recoil\n|\n|-weather|RainDance|[upkeep]\n|-end|p2b: Whimsicott|move: Taunt\n|upkeep\n|turn|8\n|\n|t:|1775981462\n|move|p1b: Whimsicott|Taunt|p2b: Whimsicott\n|-start|p2b: Whimsicott|move: Taunt\n|cant|p2b: Whimsicott|move: Taunt|Tailwind\n|move|p1a: Pelipper|Surf|p2a: Garchomp|[spread] p1b,p2a,p2b\n|-resisted|p1b: Whimsicott|1\n|-crit|p2a: Garchomp\n|-resisted|p2b: Whimsicott|1\n|-damage|p1b: Whimsicott|0 fnt\n|-damage|p2a: Garchomp|0 fnt\n|-damage|p2b: Whimsicott|6/100\n|faint|p1b: Whimsicott\n|faint|p2a: Garchomp\n|\n|-weather|RainDance|[upkeep]\n|upkeep\n|\n|t:|1775981473\n|switch|p2a: Typhlosion|Typhlosion-Hisui, L50, F|100/100\n|switch|p1b: Archaludon|Archaludon, L50, F|29/100\n|turn|9\n|\n|t:|1775981487\n|move|p2a: Typhlosion|Focus Blast|p1b: Archaludon\n|-supereffective|p1b: Archaludon|1\n|-enditem|p1b: Archaludon|Chople Berry|[eat]\n|-enditem|p1b: Archaludon|Chople Berry|[weaken]\n|-damage|p1b: Archaludon|0 fnt\n|faint|p1b: Archaludon\n|move|p1a: Pelipper|Surf|p2b: Whimsicott|[spread] p2a,p2b\n|-supereffective|p2a: Typhlosion|1\n|-resisted|p2b: Whimsicott|1\n|-damage|p2a: Typhlosion|0 fnt\n|-damage|p2b: Whimsicott|0 fnt\n|faint|p2a: Typhlosion\n|faint|p2b: Whimsicott\n|\n|win|ray_game0\n",
  "uploadtime": 1775980919,
  "views": 11,
  "formatid": "gen9championsvgc2026regma",
  "rating": null,
  "private": 0,
  "password": null
}