{
  "id": "gen9championsvgc2026regma-2586481356",
  "format": "[Gen 9 Champions] VGC 2026 Reg M-A",
  "players": [
    "SalSanty",
    "damalgar"
  ],
  "log": "|j|\u2606SalSanty\n|j|\u2606damalgar\n|t:|1776437644\n|gametype|doubles\n|player|p1|SalSanty|170|1093\n|player|p2|damalgar|170|1047\n|gen|9\n|tier|[Gen 9 Champions] VGC 2026 Reg M-A\n|rated|\n|rule|Species Clause: Limit one of each Pok\u00e9mon\n|rule|Item Clause: Limit 1 of each item\n|clearpoke\n|poke|p1|Tyranitar, L50, M|\n|poke|p1|Milotic, L50, M|\n|poke|p1|Excadrill, L50, F|\n|poke|p1|Rotom-Heat, L50|\n|poke|p1|Sinistcha, L50|\n|poke|p1|Gardevoir, L50, F|\n|poke|p2|Floette-Eternal, L50, F|\n|poke|p2|Kingambit, L50, M|\n|poke|p2|Sneasler, L50, F|\n|poke|p2|Basculegion, L50, M|\n|poke|p2|Garchomp, L50, F|\n|poke|p2|Sinistcha, L50|\n|teampreview|4\n|\n|t:|1776437713\n|teamsize|p1|4\n|teamsize|p2|4\n|start\n|switch|p1a: Gardevoir|Gardevoir, L50, F|100/100\n|switch|p1b: Tyranitar|Tyranitar, L50, M|100/100\n|switch|p2a: Basculegion|Basculegion, L50, M|100/100\n|switch|p2b: Garchomp|Garchomp, L50, F|100/100\n|-weather|Sandstorm|[from] ability: Sand Stream|[of] p1b: Tyranitar\n|turn|1\n|inactive|Battle timer is ON: inactive players will automatically lose when time's up. (requested by SalSanty)\n|\n|t:|1776437756\n|switch|p1b: Rotom|Rotom-Heat, L50|100/100\n|move|p2b: Garchomp|Protect|p2b: Garchomp\n|-singleturn|p2b: Garchomp|Protect\n|move|p1a: Gardevoir|Dazzling Gleam|p2a: Basculegion|[spread] p2a\n|-activate|p2b: Garchomp|move: Protect\n|-crit|p2a: Basculegion\n|-damage|p2a: Basculegion|44/100\n|move|p2a: Basculegion|Wave Crash|p1a: Gardevoir\n|-damage|p1a: Gardevoir|0 fnt\n|faint|p1a: Gardevoir\n|-damage|p2a: Basculegion|20/100|[from] Recoil\n|\n|-weather|Sandstorm|[upkeep]\n|-damage|p2a: Basculegion|14/100|[from] Sandstorm\n|-damage|p1b: Rotom|95/100|[from] Sandstorm\n|upkeep\n|\n|t:|1776437773\n|switch|p1a: Excadrill|Excadrill, L50, F|100/100\n|turn|2\n|inactive|SalSanty has 30 seconds left.\n|\n|t:|1776437798\n|move|p1a: Excadrill|Earthquake|p2a: Basculegion|[spread] p2a,p2b\n|-immune|p1b: Rotom|[from] ability: Levitate\n|-crit|p2a: Basculegion\n|-damage|p2a: Basculegion|0 fnt\n|-damage|p2b: Garchomp|60/100\n|faint|p2a: Basculegion\n|move|p2b: Garchomp|Earthquake|p1b: Rotom|[spread] p1a\n|-immune|p1b: Rotom|[from] ability: Levitate\n|-supereffective|p1a: Excadrill|1\n|-enditem|p1a: Excadrill|Focus Sash\n|-damage|p1a: Excadrill|1/100\n|move|p1b: Rotom|Overheat|p2b: Garchomp\n|-resisted|p2b: Garchomp|1\n|-damage|p2b: Garchomp|32/100\n|-unboost|p1b: Rotom|spa|2\n|\n|-weather|Sandstorm|[upkeep]\n|-damage|p1b: Rotom|89/100|[from] Sandstorm\n|-heal|p2b: Garchomp|38/100|[from] item: Leftovers\n|upkeep\n|\n|t:|1776437817\n|switch|p2a: Sneasler|Sneasler, L50, F|100/100\n|turn|3\n|\n|t:|1776437828\n|switch|p1b: Tyranitar|Tyranitar, L50, M|100/100\n|move|p1a: Excadrill|Protect|p1a: Excadrill\n|-singleturn|p1a: Excadrill|Protect\n|move|p2a: Sneasler|Protect|p2a: Sneasler\n|-singleturn|p2a: Sneasler|Protect\n|move|p2b: Garchomp|Protect||[still]\n|-fail|p2b: Garchomp\n|\n|-weather|Sandstorm|[upkeep]\n|-damage|p2a: Sneasler|95/100|[from] Sandstorm\n|-heal|p2b: Garchomp|44/100|[from] item: Leftovers\n|upkeep\n|turn|4\n|\n|t:|1776437849\n|switch|p1a: Rotom|Rotom-Heat, L50|89/100\n|move|p1b: Tyranitar|Protect|p1b: Tyranitar\n|-singleturn|p1b: Tyranitar|Protect\n|move|p2a: Sneasler|Close Combat|p1b: Tyranitar\n|-activate|p1b: Tyranitar|move: Protect\n|move|p2b: Garchomp|Earthquake|p1a: Rotom|[spread] p2a\n|-activate|p1b: Tyranitar|move: Protect\n|-immune|p1a: Rotom|[from] ability: Levitate\n|-supereffective|p2a: Sneasler|1\n|-damage|p2a: Sneasler|0 fnt\n|faint|p2a: Sneasler\n|\n|-weather|Sandstorm|[upkeep]\n|-damage|p1a: Rotom|83/100|[from] Sandstorm\n|-heal|p2b: Garchomp|50/100|[from] item: Leftovers\n|upkeep\n|\n|t:|1776437853\n|switch|p2a: Floette|Floette-Eternal, L50, F|100/100\n|turn|5\n|inactive|SalSanty has 30 seconds left.\n|inactive|SalSanty has 20 seconds left.\n|\n|t:|1776437892\n|detailschange|p2a: Floette|Floette-Mega, L50, F\n|-mega|p2a: Floette|Floette|Floettite\n|-ability|p2a: Floette|Fairy Aura\n|move|p2a: Floette|Protect|p2a: Floette\n|-singleturn|p2a: Floette|Protect\n|move|p2b: Garchomp|Earthquake|p1b: Tyranitar|[spread] p1b\n|-activate|p2a: Floette|move: Protect\n|-immune|p1a: Rotom|[from] ability: Levitate\n|-supereffective|p1b: Tyranitar|1\n|-damage|p1b: Tyranitar|30/100\n|move|p1b: Tyranitar|Dragon Dance|p1b: Tyranitar\n|-boost|p1b: Tyranitar|atk|1\n|-boost|p1b: Tyranitar|spe|1\n|move|p1a: Rotom|Overheat|p2a: Floette\n|-activate|p2a: Floette|move: Protect\n|\n|-weather|none\n|-heal|p2b: Garchomp|56/100|[from] item: Leftovers\n|upkeep\n|turn|6\n|inactive|SalSanty has 30 seconds left.\n|inactive|damalgar has 30 seconds left.\n|inactive|damalgar has 20 seconds left.\n|inactive|damalgar has 15 seconds left.\n|inactive|damalgar has 10 seconds left.\n|inactive|damalgar has 5 seconds left.\n|\n|t:|1776437945\n|detailschange|p1b: Tyranitar|Tyranitar-Mega, L50, M\n|-mega|p1b: Tyranitar|Tyranitar|Tyranitarite\n|-weather|Sandstorm|[from] ability: Sand Stream|[of] p1b: Tyranitar\n|move|p2a: Floette|Protect||[still]\n|-fail|p2a: Floette\n|move|p1b: Tyranitar|Rock Slide|p2a: Floette|[spread] p2a,p2b\n|-crit|p2a: Floette\n|-resisted|p2b: Garchomp|1\n|-damage|p2a: Floette|19/100\n|-damage|p2b: Garchomp|36/100\n|move|p2b: Garchomp|Earthquake|p1b: Tyranitar|[spread] p2a,p1b\n|-immune|p1a: Rotom|[from] ability: Levitate\n|-supereffective|p1b: Tyranitar|1\n|-damage|p2a: Floette|0 fnt\n|-damage|p1b: Tyranitar|0 fnt\n|faint|p2a: Floette\n|faint|p1b: Tyranitar\n|move|p1a: Rotom|Overheat|p2b: Garchomp\n|-resisted|p2b: Garchomp|1\n|-damage|p2b: Garchomp|6/100\n|-unboost|p1a: Rotom|spa|2\n|\n|-weather|Sandstorm|[upkeep]\n|-damage|p1a: Rotom|78/100|[from] Sandstorm\n|-heal|p2b: Garchomp|12/100|[from] item: Leftovers\n|upkeep\n|c|\u2606SalSanty|gg\n|-message|damalgar forfeited.\n|\n|win|SalSanty\n|raw|SalSanty's rating: 1093 &rarr; <strong>1116</strong><br />(+23 for winning)\n|raw|damalgar's rating: 1047 &rarr; <strong>1032</strong><br />(-15 for losing)\n|l|\u2606damalgar\n|player|p2|\n",
  "uploadtime": 1776437972,
  "views": 20,
  "formatid": "gen9championsvgc2026regma",
  "rating": 1032,
  "private": 0,
  "password": null
}