{
  "id": "gen9championsvgc2026regma-2585995507",
  "format": "[Gen 9 Champions] VGC 2026 Reg M-A",
  "players": [
    "CBNUN003",
    "skyslurp"
  ],
  "log": "|j|\u2606CBNUN003\n|j|\u2606skyslurp\n|t:|1776388586\n|gametype|doubles\n|player|p1|CBNUN003|266|1097\n|player|p2|skyslurp|102|1051\n|gen|9\n|tier|[Gen 9 Champions] VGC 2026 Reg M-A\n|rated|\n|rule|Species Clause: Limit one of each Pok\u00e9mon\n|rule|Item Clause: Limit 1 of each item\n|clearpoke\n|poke|p1|Tyranitar, L50, F|\n|poke|p1|Gliscor, L50, M|\n|poke|p1|Aggron, L50, F|\n|poke|p1|Sableye, L50, M|\n|poke|p1|Sinistcha, L50|\n|poke|p1|Rotom-Wash, L50|\n|poke|p2|Crabominable, L50, M|\n|poke|p2|Farigiraf, L50, M|\n|poke|p2|Milotic, L50, M|\n|poke|p2|Incineroar, L50, F|\n|poke|p2|Corviknight, L50, M|\n|poke|p2|Golurk, L50|\n|teampreview|4\n|inactive|Battle timer is ON: inactive players will automatically lose when time's up. (requested by skyslurp)\n|inactive|skyslurp has 60 seconds left.\nskyslurp has agreed to open team sheets.\n|inactive|skyslurp has 30 seconds left.\n|\n|t:|1776388655\n|teamsize|p1|4\n|teamsize|p2|4\n|start\n|switch|p1a: Rotom|Rotom-Wash, L50|100/100\n|switch|p1b: Sableye|Sableye, L50, M|100/100\n|switch|p2a: Farigiraf|Farigiraf, L50, M|100/100\n|switch|p2b: Incineroar|Incineroar, L50, F|100/100\n|-ability|p2b: Incineroar|Intimidate|boost\n|-unboost|p1a: Rotom|atk|1\n|-unboost|p1b: Sableye|atk|1\n|turn|1\n|inactive|CBNUN003 has 30 seconds left.\n|\n|t:|1776388688\n|switch|p1b: Tyranitar|Tyranitar, L50, F|100/100\n|-weather|Sandstorm|[from] ability: Sand Stream|[of] p1b: Tyranitar\n|move|p2b: Incineroar|Fake Out|p1a: Rotom\n|-damage|p1a: Rotom|86/100\n|cant|p1a: Rotom|flinch\n|move|p2a: Farigiraf|Trick Room|p2a: Farigiraf\n|-fieldstart|move: Trick Room|[of] p2a: Farigiraf\n|\n|-weather|Sandstorm|[upkeep]\n|-damage|p2a: Farigiraf|94/100|[from] Sandstorm\n|-damage|p2b: Incineroar|94/100|[from] Sandstorm\n|-damage|p1a: Rotom|80/100|[from] Sandstorm\n|upkeep\n|turn|2\n|inactive|CBNUN003 has 30 seconds left.\n|inactive|skyslurp has 30 seconds left.\n|\n|t:|1776388721\n|move|p2a: Farigiraf|Skill Swap|p2b: Incineroar\n|-activate|p2a: Farigiraf|Skill Swap|||[of] p2b: Incineroar\n|-ability|p2a: Farigiraf|Intimidate|boost\n|-unboost|p1a: Rotom|atk|1\n|-unboost|p1b: Tyranitar|atk|1\n|move|p2b: Incineroar|Parting Shot|p1b: Tyranitar\n|-unboost|p1b: Tyranitar|atk|1\n|-unboost|p1b: Tyranitar|spa|1\n|\n|t:|1776388728\n|switch|p2b: Milotic|Milotic, L50, M, shiny|100/100|[from] Parting Shot\n|move|p1b: Tyranitar|Knock Off|p2a: Farigiraf\n|-supereffective|p2a: Farigiraf|1\n|-enditem|p2a: Farigiraf|Colbur Berry|[eat]\n|-enditem|p2a: Farigiraf|Colbur Berry|[weaken]\n|-damage|p2a: Farigiraf|72/100\n|move|p1a: Rotom|Hydro Pump|p2b: Milotic|[miss]\n|-miss|p1a: Rotom|p2b: Milotic\n|\n|-weather|Sandstorm|[upkeep]\n|-damage|p2a: Farigiraf|66/100|[from] Sandstorm\n|-damage|p2b: Milotic|95/100|[from] Sandstorm\n|-damage|p1a: Rotom|74/100|[from] Sandstorm\n|-heal|p2b: Milotic|100/100|[from] item: Leftovers\n|upkeep\n|turn|3\n|inactive|skyslurp has 30 seconds left.\n|\n|t:|1776388754\n|switch|p2a: Crabominable|Crabominable, L50, M|100/100\n|switch|p1a: Sableye|Sableye, L50, M|100/100\n|move|p1b: Tyranitar|Protect|p1b: Tyranitar\n|-singleturn|p1b: Tyranitar|Protect\n|move|p2b: Milotic|Scald|p1b: Tyranitar\n|-activate|p1b: Tyranitar|move: Protect\n|\n|-weather|Sandstorm|[upkeep]\n|-damage|p2a: Crabominable|95/100|[from] Sandstorm\n|-damage|p1a: Sableye|95/100|[from] Sandstorm\n|-damage|p2b: Milotic|95/100|[from] Sandstorm\n|-heal|p2b: Milotic|100/100|[from] item: Leftovers\n|upkeep\n|turn|4\n|\n|t:|1776388777\n|switch|p1b: Aggron|Aggron, L50, F|100/100\n|detailschange|p2a: Crabominable|Crabominable-Mega, L50, M\n|-mega|p2a: Crabominable|Crabominable|Crabominite\n|move|p1a: Sableye|Fake Out|p2b: Milotic\n|-damage|p2b: Milotic|92/100\n|move|p2a: Crabominable|Drain Punch|p1b: Aggron\n|-supereffective|p1b: Aggron|2\n|-ability|p1b: Aggron|Sturdy\n|-damage|p1b: Aggron|1/100\n|-heal|p2a: Crabominable|100/100|[from] drain|[of] p1b: Aggron\n|cant|p2b: Milotic|flinch\n|\n|-weather|Sandstorm|[upkeep]\n|-damage|p2a: Crabominable|95/100|[from] Sandstorm\n|-damage|p1a: Sableye|89/100|[from] Sandstorm\n|-damage|p2b: Milotic|86/100|[from] Sandstorm\n|-heal|p2b: Milotic|92/100|[from] item: Leftovers\n|upkeep\n|turn|5\n|inactive|CBNUN003 has 30 seconds left.\n|inactive|skyslurp has 30 seconds left.\n|\n|t:|1776388810\n|switch|p1a: Rotom|Rotom-Wash, L50|74/100\n|switch|p2b: Farigiraf|Farigiraf, L50, M|66/100\n|detailschange|p1b: Aggron|Aggron-Mega, L50, F\n|-mega|p1b: Aggron|Aggron|Aggronite\n|move|p2a: Crabominable|Drain Punch|p1b: Aggron\n|-supereffective|p1b: Aggron|1\n|-damage|p1b: Aggron|0 fnt\n|-heal|p2a: Crabominable|95/100|[from] drain|[of] p1b: Aggron\n|faint|p1b: Aggron\n|\n|-weather|none\n|-fieldend|move: Trick Room\n|upkeep\n|\n|t:|1776388830\n|switch|p1b: Tyranitar|Tyranitar, L50, F|100/100\n|-weather|Sandstorm|[from] ability: Sand Stream|[of] p1b: Tyranitar\n|turn|6\n|inactive|CBNUN003 has 30 seconds left.\n|inactive|CBNUN003 has 20 seconds left.\n|\n|t:|1776388868\n|move|p2a: Crabominable|Protect|p2a: Crabominable\n|-singleturn|p2a: Crabominable|Protect\n|move|p1a: Rotom|Thunderbolt|p2b: Farigiraf\n|-damage|p2b: Farigiraf|31/100\n|-status|p2b: Farigiraf|par\n|move|p1b: Tyranitar|Knock Off|p2b: Farigiraf\n|-supereffective|p2b: Farigiraf|1\n|-damage|p2b: Farigiraf|0 fnt\n|faint|p2b: Farigiraf\n|\n|-weather|Sandstorm|[upkeep]\n|-damage|p1a: Rotom|68/100|[from] Sandstorm\n|-damage|p2a: Crabominable|89/100|[from] Sandstorm\n|upkeep\n|\n|t:|1776388880\n|switch|p2b: Incineroar|Incineroar, L50, F|94/100\n|-ability|p2b: Incineroar|Intimidate|boost\n|-unboost|p1a: Rotom|atk|1\n|-unboost|p1b: Tyranitar|atk|1\n|turn|7\n|\n|t:|1776388891\n|switch|p1b: Sableye|Sableye, L50, M|89/100\n|move|p2b: Incineroar|Fake Out|p1a: Rotom\n|-damage|p1a: Rotom|55/100\n|cant|p1a: Rotom|flinch\n|move|p2a: Crabominable|Drain Punch|p1b: Sableye\n|-immune|p1b: Sableye\n|\n|-weather|Sandstorm|[upkeep]\n|-damage|p1a: Rotom|50/100|[from] Sandstorm\n|-damage|p2b: Incineroar|88/100|[from] Sandstorm\n|-damage|p1b: Sableye|83/100|[from] Sandstorm\n|-damage|p2a: Crabominable|83/100|[from] Sandstorm\n|upkeep\n|turn|8\n|\n|t:|1776388910\n|switch|p2b: Milotic|Milotic, L50, M, shiny|92/100\n|move|p2a: Crabominable|Protect|p2a: Crabominable\n|-singleturn|p2a: Crabominable|Protect\n|move|p1b: Sableye|Encore||[still]\n|-fail|p1b: Sableye\n|move|p1a: Rotom|Thunderbolt|p2b: Milotic\n|-supereffective|p2b: Milotic|1\n|-damage|p2b: Milotic|45/100\n|\n|-weather|Sandstorm|[upkeep]\n|-damage|p1a: Rotom|44/100|[from] Sandstorm\n|-damage|p2b: Milotic|39/100|[from] Sandstorm\n|-damage|p1b: Sableye|78/100|[from] Sandstorm\n|-damage|p2a: Crabominable|77/100|[from] Sandstorm\n|-heal|p2b: Milotic|45/100|[from] item: Leftovers\n|upkeep\n|turn|9\n|inactive|CBNUN003 has 30 seconds left.\n|\n|t:|1776388938\n|switch|p2a: Incineroar|Incineroar, L50, F|88/100\n|-ability|p2a: Incineroar|Intimidate|boost\n|-unboost|p1a: Rotom|atk|1\n|-unboost|p1b: Sableye|atk|1\n|move|p2b: Milotic|Protect|p2b: Milotic\n|-singleturn|p2b: Milotic|Protect\n|move|p1b: Sableye|Encore|p2a: Incineroar\n|-hint|Since gen 7, Dark is immune to Prankster moves.\n|-immune|p2a: Incineroar\n|move|p1a: Rotom|Thunderbolt|p2b: Milotic\n|-activate|p2b: Milotic|move: Protect\n|\n|-weather|Sandstorm|[upkeep]\n|-damage|p1a: Rotom|38/100|[from] Sandstorm\n|-damage|p2b: Milotic|39/100|[from] Sandstorm\n|-damage|p2a: Incineroar|82/100|[from] Sandstorm\n|-damage|p1b: Sableye|72/100|[from] Sandstorm\n|-heal|p2b: Milotic|45/100|[from] item: Leftovers\n|upkeep\n|turn|10\n|\n|t:|1776388961\n|switch|p2b: Crabominable|Crabominable-Mega, L50, M|77/100\n|switch|p1b: Tyranitar|Tyranitar, L50, F|100/100\n|move|p2a: Incineroar|Fake Out|p1a: Rotom\n|-damage|p1a: Rotom|25/100\n|cant|p1a: Rotom|flinch\n|\n|-weather|none\n|upkeep\n|turn|11\n|inactive|CBNUN003 has 30 seconds left.\n|\n|t:|1776388993\n|move|p1a: Rotom|Thunderbolt|p2b: Crabominable\n|-damage|p2b: Crabominable|48/100\n|move|p1b: Tyranitar|Rock Slide|p2a: Incineroar|[spread] p2a,p2b\n|-supereffective|p2a: Incineroar|1\n|-damage|p2a: Incineroar|22/100\n|-damage|p2b: Crabominable|27/100\n|-enditem|p2a: Incineroar|Sitrus Berry|[eat]\n|-heal|p2a: Incineroar|47/100|[from] item: Sitrus Berry\n|move|p2a: Incineroar|Throat Chop|p1a: Rotom\n|-crit|p1a: Rotom\n|-damage|p1a: Rotom|0 fnt\n|faint|p1a: Rotom\n|cant|p2b: Crabominable|flinch\n|\n|upkeep\n|\n|t:|1776389008\n|switch|p1a: Sableye|Sableye, L50, M|72/100\n|turn|12\n|\n|t:|1776389021\n|move|p1a: Sableye|Fake Out|p2a: Incineroar\n|-damage|p2a: Incineroar|40/100\n|move|p2b: Crabominable|Mach Punch|p1b: Tyranitar\n|-supereffective|p1b: Tyranitar|2\n|-damage|p1b: Tyranitar|6/100\n|move|p1b: Tyranitar|Rock Slide|p2b: Crabominable|[spread] p2a,p2b\n|-supereffective|p2a: Incineroar|1\n|-damage|p2a: Incineroar|0 fnt\n|-damage|p2b: Crabominable|5/100\n|faint|p2a: Incineroar\n|\n|upkeep\n|\n|t:|1776389033\n|switch|p2a: Milotic|Milotic, L50, M, shiny|45/100\n|turn|13\n|inactive|CBNUN003 has 30 seconds left.\n|inactive|CBNUN003 has 20 seconds left.\n|inactive|CBNUN003 has 15 seconds left.\n|\n|t:|1776389075\n|move|p1a: Sableye|Quash|p2b: Crabominable\n|-activate|p2b: Crabominable|move: Quash\n|move|p2a: Milotic|Scald|p1a: Sableye\n|-damage|p1a: Sableye|37/100\n|-status|p1a: Sableye|brn\n|-enditem|p1a: Sableye|Sitrus Berry|[eat]\n|-heal|p1a: Sableye|62/100 brn|[from] item: Sitrus Berry\n|move|p1b: Tyranitar|Rock Slide|p2a: Milotic|[spread] p2a,p2b\n|-damage|p2a: Milotic|8/100\n|-damage|p2b: Crabominable|0 fnt\n|faint|p2b: Crabominable\n|\n|-heal|p2a: Milotic|14/100|[from] item: Leftovers\n|-damage|p1a: Sableye|56/100 brn|[from] brn\n|upkeep\n|turn|14\n|\n|t:|1776389096\n|move|p2a: Milotic|Protect|p2a: Milotic\n|-singleturn|p2a: Milotic|Protect\n|move|p1a: Sableye|Quash|p2a: Milotic\n|-activate|p2a: Milotic|move: Protect\n|move|p1b: Tyranitar|Rock Slide|p2a: Milotic\n|-activate|p2a: Milotic|move: Protect\n|\n|-heal|p2a: Milotic|20/100|[from] item: Leftovers\n|-damage|p1a: Sableye|50/100 brn|[from] brn\n|upkeep\n|turn|15\n|\n|t:|1776389111\n|move|p1a: Sableye|Quash|p2a: Milotic\n|-activate|p2a: Milotic|move: Quash\n|move|p1b: Tyranitar|Knock Off|p2a: Milotic\n|-damage|p2a: Milotic|0 fnt\n|-enditem|p2a: Milotic|Leftovers|[from] move: Knock Off|[of] p1b: Tyranitar\n|faint|p2a: Milotic\n|\n|win|CBNUN003\n|raw|CBNUN003's rating: 1097 &rarr; <strong>1119</strong><br />(+22 for winning)\n|raw|skyslurp's rating: 1051 &rarr; <strong>1036</strong><br />(-15 for losing)\n|l|\u2606skyslurp\n|player|p2|\n",
  "uploadtime": 1776389120,
  "views": 15,
  "formatid": "gen9championsvgc2026regma",
  "rating": 1036,
  "private": 0,
  "password": null
}