{
  "id": "gen9championsvgc2026regma-2586636576",
  "format": "[Gen 9 Champions] VGC 2026 Reg M-A",
  "players": [
    "Buftzi",
    "Guerravictor"
  ],
  "log": "|j|\u2606Buftzi\n|j|\u2606Guerravictor\n|t:|1776448491\n|gametype|doubles\n|player|p1|Buftzi|ghetsis|1190\n|player|p2|Guerravictor|volkner|1210\n|gen|9\n|tier|[Gen 9 Champions] VGC 2026 Reg M-A\n|rated|\n|rule|Species Clause: Limit one of each Pok\u00e9mon\n|rule|Item Clause: Limit 1 of each item\n|clearpoke\n|poke|p1|Talonflame, L50, M|\n|poke|p1|Blastoise, L50, M|\n|poke|p1|Garchomp, L50, M|\n|poke|p1|Floette-Eternal, L50, F|\n|poke|p1|Basculegion, L50, M|\n|poke|p1|Incineroar, L50, M|\n|poke|p2|Gengar, L50, F|\n|poke|p2|Goodra-Hisui, L50, F|\n|poke|p2|Tinkaton, L50, F|\n|poke|p2|Sableye, L50, F|\n|poke|p2|Sinistcha, L50|\n|poke|p2|Blastoise, L50, M|\n|teampreview|4\n|inactive|Battle timer is ON: inactive players will automatically lose when time's up. (requested by Guerravictor)\n|inactive|Buftzi also wants the timer to be on.\nBuftzi rejected open team sheets.\n|inactive|Guerravictor has 60 seconds left.\n|inactive|Guerravictor has 30 seconds left.\n|\n|t:|1776448553\n|teamsize|p1|4\n|teamsize|p2|4\n|start\n|switch|p1a: Talonflame|Talonflame, L50, M, shiny|100/100\n|switch|p1b: Blastoise|Blastoise, L50, M|100/100\n|switch|p2a: Gengar|Gengar, L50, F, shiny|100/100\n|switch|p2b: Tinkaton|Tinkaton, L50, F, shiny|100/100\n|-ability|p2b: Tinkaton|Mold Breaker\n|turn|1\n|inactive|Guerravictor has 30 seconds left.\n|\n|t:|1776448578\n|detailschange|p2a: Gengar|Gengar-Mega, L50, F, shiny\n|-mega|p2a: Gengar|Gengar|Gengarite\n|detailschange|p1b: Blastoise|Blastoise-Mega, L50, M\n|-mega|p1b: Blastoise|Blastoise|Blastoisinite\n|move|p2a: Gengar|Protect|p2a: Gengar\n|-singleturn|p2a: Gengar|Protect\n|move|p2b: Tinkaton|Fake Out|p1a: Talonflame\n|-damage|p1a: Talonflame|84/100\n|cant|p1a: Talonflame|flinch\n|move|p1b: Blastoise|Water Spout|p2b: Tinkaton|[spread] p2b\n|-activate|p2a: Gengar|move: Protect\n|-damage|p2b: Tinkaton|48/100\n|\n|upkeep\n|turn|2\n|inactive|Guerravictor has 30 seconds left.\n|inactive|Guerravictor has 20 seconds left.\n|\n|t:|1776448617\n|switch|p2b: Goodra|Goodra-Hisui, L50, F, shiny|100/100\n|move|p2a: Gengar|Perish Song|p2a: Gengar\n|-start|p1a: Talonflame|perish3|[silent]\n|-start|p1b: Blastoise|perish3|[silent]\n|-start|p2a: Gengar|perish3|[silent]\n|-start|p2b: Goodra|perish3|[silent]\n|-fieldactivate|move: Perish Song\n|move|p1a: Talonflame|Tailwind|p1a: Talonflame\n|-sidestart|p1: Buftzi|move: Tailwind\n|move|p1b: Blastoise|Water Spout|p2a: Gengar|[spread] p2a,p2b\n|-resisted|p2b: Goodra|1\n|-damage|p2a: Gengar|15/100\n|-damage|p2b: Goodra|83/100\n|\n|-heal|p2b: Goodra|89/100|[from] item: Leftovers\n|-start|p1a: Talonflame|perish3\n|-start|p1b: Blastoise|perish3\n|-start|p2a: Gengar|perish3\n|-start|p2b: Goodra|perish3\n|upkeep\n|turn|3\n|inactive|Guerravictor has 30 seconds left.\n|\n|t:|1776448647\n|move|p2a: Gengar|Protect|p2a: Gengar\n|-singleturn|p2a: Gengar|Protect\n|move|p1a: Talonflame|Dual Wingbeat|p2b: Goodra\n|-resisted|p2b: Goodra|1\n|-damage|p2b: Goodra|82/100\n|-resisted|p2b: Goodra|1\n|-damage|p2b: Goodra|75/100\n|-hitcount|p2b: Goodra|2\n|move|p1b: Blastoise|Aura Sphere|p2b: Goodra\n|-supereffective|p2b: Goodra|1\n|-damage|p2b: Goodra|20/100\n|move|p2b: Goodra|Shelter|p2b: Goodra\n|-boost|p2b: Goodra|def|2\n|\n|-heal|p2b: Goodra|26/100|[from] item: Leftovers\n|-start|p1a: Talonflame|perish2\n|-start|p1b: Blastoise|perish2\n|-start|p2a: Gengar|perish2\n|-start|p2b: Goodra|perish2\n|upkeep\n|turn|4\n|\n|t:|1776448669\n|switch|p2b: Sableye|Sableye, L50, F|100/100\n|move|p2a: Gengar|Protect|p2a: Gengar\n|-singleturn|p2a: Gengar|Protect\n|move|p1a: Talonflame|Dual Wingbeat|p2a: Gengar\n|-activate|p2a: Gengar|move: Protect\n|move|p1b: Blastoise|Water Spout|p2b: Sableye|[spread] p2b\n|-activate|p2a: Gengar|move: Protect\n|-damage|p2b: Sableye|27/100\n|\n|-start|p1a: Talonflame|perish1\n|-start|p1b: Blastoise|perish1\n|-start|p2a: Gengar|perish1\n|upkeep\n|turn|5\n|c|\u2606Buftzi|fkign cheater\n|c|\u2606Buftzi|u hit 3 protects\n|c|\u2606Buftzi|in a row\n|n|!Buftzi|buftzi\n|inactive|Buftzi has 30 seconds left.\n|\n|t:|1776448695\n|switch|p2a: Goodra|Goodra-Hisui, L50, F, shiny|26/100\n|move|p2b: Sableye|Protect|p2b: Sableye\n|-singleturn|p2b: Sableye|Protect\n|move|p1a: Talonflame|Dual Wingbeat|p2b: Sableye\n|-activate|p2b: Sableye|move: Protect\n|move|p1b: Blastoise|Water Spout|p2a: Goodra|[spread] p2a\n|-activate|p2b: Sableye|move: Protect\n|-resisted|p2a: Goodra|1\n|-damage|p2a: Goodra|8/100\n|\n|-heal|p2a: Goodra|14/100|[from] item: Leftovers\n|-start|p1a: Talonflame|perish0\n|-start|p1b: Blastoise|perish0\n|-sideend|p1: Buftzi|move: Tailwind\n|faint|p1a: Talonflame\n|faint|p1b: Blastoise\n|upkeep\n|\n|t:|1776448711\n|switch|p1a: Floette|Floette-Eternal, L50, F|100/100\n|switch|p1b: Garchomp|Garchomp, L50, M, shiny|100/100\n|turn|6\n|inactive|Guerravictor has 30 seconds left.\n|inactive|Guerravictor has 20 seconds left.\n|inactive|Guerravictor has 15 seconds left.\n|inactive|Guerravictor has 10 seconds left.\n|\n|t:|1776448757\n|move|p2b: Sableye|Protect||[still]\n|-fail|p2b: Sableye\n|move|p1a: Floette|Protect|p1a: Floette\n|-singleturn|p1a: Floette|Protect\n|move|p1b: Garchomp|Earthquake|p2b: Sableye|[spread] p2a,p2b\n|-activate|p1a: Floette|move: Protect\n|-supereffective|p2a: Goodra|1\n|-damage|p2a: Goodra|0 fnt\n|-damage|p2b: Sableye|0 fnt\n|faint|p2a: Goodra\n|faint|p2b: Sableye\n|\n|upkeep\n|\n|t:|1776448765\n|switch|p2a: Tinkaton|Tinkaton, L50, F, shiny|48/100\n|switch|p2b: Gengar|Gengar-Mega, L50, F, shiny|15/100\n|-ability|p2a: Tinkaton|Mold Breaker\n|turn|7\n|\n|t:|1776448779\n|move|p2a: Tinkaton|Fake Out|p1b: Garchomp\n|-damage|p1b: Garchomp|89/100\n|-damage|p2a: Tinkaton|35/100|[from] ability: Rough Skin|[of] p1b: Garchomp\n|cant|p1b: Garchomp|flinch\n|move|p2b: Gengar|Sludge Wave|p1a: Floette|[spread] p1a,p1b\n|-immune|p2a: Tinkaton\n|-supereffective|p1a: Floette|1\n|-resisted|p1b: Garchomp|1\n|-crit|p1b: Garchomp\n|-damage|p1a: Floette|19/100\n|-damage|p1b: Garchomp|56/100\n|-status|p1a: Floette|psn\n|move|p1a: Floette|Dazzling Gleam|p2a: Tinkaton|[spread] p2a,p2b\n|-resisted|p2a: Tinkaton|1\n|-resisted|p2b: Gengar|1\n|-damage|p2a: Tinkaton|23/100\n|-damage|p2b: Gengar|0 fnt\n|faint|p2b: Gengar\n|\n|-damage|p1a: Floette|7/100 psn|[from] psn\n|upkeep\n|turn|8\n|\n|t:|1776448801\n|move|p2a: Tinkaton|Protect|p2a: Tinkaton\n|-singleturn|p2a: Tinkaton|Protect\n|move|p1b: Garchomp|Earthquake|p2a: Tinkaton|[spread] p1a\n|-activate|p2a: Tinkaton|move: Protect\n|-damage|p1a: Floette|0 fnt\n|faint|p1a: Floette\n|\n|upkeep\n|turn|9\n|-message|Guerravictor forfeited.\n|\n|win|Buftzi\n",
  "uploadtime": 1776448690,
  "views": 24,
  "formatid": "gen9championsvgc2026regma",
  "rating": null,
  "private": 0,
  "password": null
}