{
  "id": "gen9championsvgc2026regma-2586806181",
  "format": "[Gen 9 Champions] VGC 2026 Reg M-A",
  "players": [
    "Tawn",
    "yyeeewtt"
  ],
  "log": "|j|\u2606Tawn\n|j|\u2606yyeeewtt\n|t:|1776461413\n|gametype|doubles\n|player|p1|Tawn|red|1054\n|player|p2|yyeeewtt|266|1027\n|gen|9\n|tier|[Gen 9 Champions] VGC 2026 Reg M-A\n|rated|\n|rule|Species Clause: Limit one of each Pok\u00e9mon\n|rule|Item Clause: Limit 1 of each item\n|clearpoke\n|poke|p1|Froslass, L50, F|\n|poke|p1|Glaceon, L50, F|\n|poke|p1|Sneasler, L50, F|\n|poke|p1|Ninetales-Alola, L50, M|\n|poke|p1|Goodra-Hisui, L50, F|\n|poke|p1|Skarmory, L50, M|\n|poke|p2|Froslass, L50, F|\n|poke|p2|Crabominable, L50, M|\n|poke|p2|Whimsicott, L50, M|\n|poke|p2|Dragonite, L50, M|\n|poke|p2|Pelipper, L50, M|\n|poke|p2|Archaludon, L50, M|\n|teampreview|4\n|\n|t:|1776461443\n|teamsize|p1|4\n|teamsize|p2|4\n|start\n|switch|p1a: Sneasler|Sneasler, L50, F|100/100\n|switch|p1b: Froslass|Froslass, L50, F|100/100\n|switch|p2a: Crabominable|Crabominable, L50, M|100/100\n|switch|p2b: Whimsicott|Whimsicott, L50, M|100/100\n|turn|1\n|\n|t:|1776461458\n|detailschange|p1b: Froslass|Froslass-Mega, L50, F\n|-mega|p1b: Froslass|Froslass|Froslassite\n|-weather|Snowscape|[from] ability: Snow Warning|[of] p1b: Froslass\n|move|p1a: Sneasler|Fake Out|p2b: Whimsicott\n|-damage|p2b: Whimsicott|84/100\n|cant|p2b: Whimsicott|flinch\n|move|p1b: Froslass|Nasty Plot|p1b: Froslass\n|-boost|p1b: Froslass|spa|2\n|move|p2a: Crabominable|Ice Hammer|p1a: Sneasler\n|-enditem|p1a: Sneasler|Focus Sash\n|-damage|p1a: Sneasler|1/100\n|-unboost|p2a: Crabominable|spe|1\n|\n|-weather|Snowscape|[upkeep]\n|upkeep\n|turn|2\n|\n|t:|1776461479\n|move|p2b: Whimsicott|Tailwind|p2b: Whimsicott\n|-sidestart|p2: yyeeewtt|move: Tailwind\n|move|p2a: Crabominable|Mach Punch|p1a: Sneasler\n|-resisted|p1a: Sneasler|1\n|-damage|p1a: Sneasler|0 fnt\n|faint|p1a: Sneasler\n|move|p1b: Froslass|Blizzard|p2b: Whimsicott|[spread] p2a,p2b\n|-resisted|p2a: Crabominable|1\n|-supereffective|p2b: Whimsicott|1\n|-damage|p2a: Crabominable|31/100\n|-damage|p2b: Whimsicott|0 fnt\n|faint|p2b: Whimsicott\n|\n|-weather|Snowscape|[upkeep]\n|upkeep\n|\n|t:|1776461489\n|switch|p1a: Glaceon|Glaceon, L50, F|100/100\n|switch|p2b: Archaludon|Archaludon, L50, M|100/100\n|turn|3\n|-activate|p2a: Crabominable|item: Quick Claw\n|\n|t:|1776461497\n|move|p2a: Crabominable|Mach Punch|p1a: Glaceon\n|-supereffective|p1a: Glaceon|1\n|-damage|p1a: Glaceon|71/100\n|move|p2b: Archaludon|Flash Cannon|p1b: Froslass\n|-supereffective|p1b: Froslass|1\n|-damage|p1b: Froslass|0 fnt\n|faint|p1b: Froslass\n|move|p1a: Glaceon|Calm Mind|p1a: Glaceon\n|-boost|p1a: Glaceon|spa|1\n|-boost|p1a: Glaceon|spd|1\n|\n|-weather|Snowscape|[upkeep]\n|-heal|p1a: Glaceon|77/100|[from] item: Leftovers\n|upkeep\n|\n|t:|1776461505\n|switch|p1b: Ninetales|Ninetales-Alola, L50, M|100/100\n|turn|4\n|\n|t:|1776461523\n|move|p2b: Archaludon|Flash Cannon|p1b: Ninetales\n|-supereffective|p1b: Ninetales|2\n|-enditem|p1b: Ninetales|Babiri Berry|[eat]\n|-enditem|p1b: Ninetales|Babiri Berry|[weaken]\n|-damage|p1b: Ninetales|20/100\n|move|p1b: Ninetales|Aurora Veil|p1b: Ninetales\n|-sidestart|p1: Tawn|move: Aurora Veil\n|move|p2a: Crabominable|Drain Punch|p1a: Glaceon\n|-supereffective|p1a: Glaceon|1\n|-damage|p1a: Glaceon|40/100\n|-heal|p2a: Crabominable|49/100|[from] drain|[of] p1a: Glaceon\n|move|p1a: Glaceon|Calm Mind|p1a: Glaceon\n|-boost|p1a: Glaceon|spa|1\n|-boost|p1a: Glaceon|spd|1\n|\n|-weather|Snowscape|[upkeep]\n|-heal|p1a: Glaceon|46/100|[from] item: Leftovers\n|upkeep\n|turn|5\n|\n|t:|1776461541\n|move|p1b: Ninetales|Helping Hand|p1a: Glaceon\n|-singleturn|p1a: Glaceon|Helping Hand|[of] p1b: Ninetales\n|move|p2b: Archaludon|Flash Cannon|p1b: Ninetales\n|-supereffective|p1b: Ninetales|2\n|-damage|p1b: Ninetales|0 fnt\n|faint|p1b: Ninetales\n|move|p2a: Crabominable|Drain Punch|p1a: Glaceon\n|-supereffective|p1a: Glaceon|1\n|-damage|p1a: Glaceon|11/100\n|-heal|p2a: Crabominable|67/100|[from] drain|[of] p1a: Glaceon\n|move|p1a: Glaceon|Blizzard|p2a: Crabominable|[spread] p2a,p2b\n|-resisted|p2a: Crabominable|1\n|-damage|p2a: Crabominable|0 fnt\n|-damage|p2b: Archaludon|0 fnt\n|faint|p2a: Crabominable\n|faint|p2b: Archaludon\n|\n|-weather|none\n|-heal|p1a: Glaceon|17/100|[from] item: Leftovers\n|-sideend|p2: yyeeewtt|move: Tailwind\n|upkeep\n|\n|t:|1776461563\n|switch|p2b: Dragonite|Dragonite, L50, M|100/100\n|turn|6\n|\n|t:|1776461576\n|detailschange|p2b: Dragonite|Dragonite-Mega, L50, M\n|-mega|p2b: Dragonite|Dragonite|Dragoninite\n|move|p1a: Glaceon|Detect|p1a: Glaceon\n|-singleturn|p1a: Glaceon|Protect\n|move|p2b: Dragonite|Dragon Pulse|p1a: Glaceon\n|-activate|p1a: Glaceon|move: Protect\n|\n|-heal|p1a: Glaceon|23/100|[from] item: Leftovers\n|upkeep\n|turn|7\n|\n|t:|1776461595\n|move|p2b: Dragonite|Dragon Pulse|p1a: Glaceon\n|-damage|p1a: Glaceon|6/100\n|move|p1a: Glaceon|Freeze-Dry|p2b: Dragonite\n|-supereffective|p2b: Dragonite|2\n|-damage|p2b: Dragonite|0 fnt\n|faint|p2b: Dragonite\n|\n|win|Tawn\n|raw|Tawn's rating: 1054 &rarr; <strong>1083</strong><br />(+29 for winning)\n|raw|yyeeewtt's rating: 1027 &rarr; <strong>1014</strong><br />(-13 for losing)\n|l|\u2606yyeeewtt\n|player|p2|\n",
  "uploadtime": 1776461606,
  "views": 21,
  "formatid": "gen9championsvgc2026regma",
  "rating": 1014,
  "private": 0,
  "password": null
}