{
  "id": "gen9championsvgc2026regma-2588347130",
  "format": "[Gen 9 Champions] VGC 2026 Reg M-A",
  "players": [
    "psgerm1",
    "DavidTIS"
  ],
  "log": "|j|\u2606psgerm1\n|j|\u2606DavidTIS\n|t:|1776626020\n|gametype|doubles\n|player|p1|psgerm1|hooligans|1083\n|player|p2|DavidTIS|1|1172\n|gen|9\n|tier|[Gen 9 Champions] VGC 2026 Reg M-A\n|rated|\n|rule|Species Clause: Limit one of each Pok\u00e9mon\n|rule|Item Clause: Limit 1 of each item\n|clearpoke\n|poke|p1|Farigiraf, L50, F|\n|poke|p1|Scovillain, L50, M|\n|poke|p1|Torkoal, L50, M|\n|poke|p1|Primarina, L50, M|\n|poke|p1|Aerodactyl, L50, F|\n|poke|p1|Basculegion, L50, M|\n|poke|p2|Starmie, L50|\n|poke|p2|Lucario, L50, F|\n|poke|p2|Lycanroc-Dusk, L50, F|\n|poke|p2|Hydreigon, L50, F|\n|poke|p2|Gengar, L50, M|\n|poke|p2|Tauros-Paldea-Aqua, L50, M|\n|teampreview|4\n|inactive|Battle timer is ON: inactive players will automatically lose when time's up. (requested by DavidTIS)\n|inactive|DavidTIS has 60 seconds left.\n|\n|t:|1776626065\n|teamsize|p1|4\n|teamsize|p2|4\n|start\n|switch|p1a: el mexicano|Scovillain, L50, M|100/100\n|switch|p1b: Farigiraf|Farigiraf, L50, F|100/100\n|switch|p2a: Starmie|Starmie, L50|100/100\n|switch|p2b: Hydreigon|Hydreigon, L50, F|100/100\n|turn|1\n|\n|t:|1776626083\n|detailschange|p2a: Starmie|Starmie-Mega, L50\n|-mega|p2a: Starmie|Starmie|Starminite\n|detailschange|p1a: el mexicano|Scovillain-Mega, L50, M\n|-mega|p1a: el mexicano|Scovillain|Scovillainite\n|move|p1a: el mexicano|Rage Powder|p1a: el mexicano\n|-singleturn|p1a: el mexicano|move: Rage Powder\n|move|p2a: Starmie|Liquidation|p1a: el mexicano\n|-damage|p1a: el mexicano|23/100\n|-status|p2a: Starmie|brn|[from] ability: Spicy Spray|[of] p1a: el mexicano\n|move|p2b: Hydreigon|Dark Pulse|p1a: el mexicano\n|-damage|p1a: el mexicano|0 fnt\n|-status|p2b: Hydreigon|brn|[from] ability: Spicy Spray|[of] p1a: el mexicano\n|faint|p1a: el mexicano\n|move|p1b: Farigiraf|Trick Room|p1b: Farigiraf\n|-fieldstart|move: Trick Room|[of] p1b: Farigiraf\n|\n|-damage|p2b: Hydreigon|95/100 brn|[from] brn\n|-damage|p2a: Starmie|95/100 brn|[from] brn\n|upkeep\n|\n|t:|1776626102\n|switch|p1a: Lo\u00efc|Torkoal, L50, M|100/100\n|-weather|SunnyDay|[from] ability: Drought|[of] p1a: Lo\u00efc\n|turn|2\n|inactive|DavidTIS has 30 seconds left.\n|\n|t:|1776626129\n|move|p1b: Farigiraf|Protect|p1b: Farigiraf\n|-singleturn|p1b: Farigiraf|Protect\n|move|p2b: Hydreigon|Protect|p2b: Hydreigon\n|-singleturn|p2b: Hydreigon|Protect\n|move|p2a: Starmie|Protect|p2a: Starmie\n|-singleturn|p2a: Starmie|Protect\n|move|p1a: Lo\u00efc|Eruption|p2b: Hydreigon|[spread] \n|-activate|p2a: Starmie|move: Protect\n|-activate|p2b: Hydreigon|move: Protect\n|\n|-weather|SunnyDay|[upkeep]\n|-damage|p2b: Hydreigon|89/100 brn|[from] brn\n|-damage|p2a: Starmie|89/100 brn|[from] brn\n|upkeep\n|turn|3\n|\n|t:|1776626152\n|move|p1a: Lo\u00efc|Eruption|p2a: Starmie|[spread] p2a,p2b\n|-resisted|p2a: Starmie|1\n|-resisted|p2b: Hydreigon|1\n|-crit|p2b: Hydreigon\n|-damage|p2a: Starmie|37/100 brn\n|-damage|p2b: Hydreigon|6/100 brn\n|move|p1b: Farigiraf|Nasty Plot|p1b: Farigiraf\n|-boost|p1b: Farigiraf|spa|2\n|move|p2b: Hydreigon|Dark Pulse|p1b: Farigiraf\n|-supereffective|p1b: Farigiraf|1\n|-damage|p1b: Farigiraf|9/100\n|-enditem|p1b: Farigiraf|Sitrus Berry|[eat]\n|-heal|p1b: Farigiraf|34/100|[from] item: Sitrus Berry\n|move|p2a: Starmie|Liquidation|p1b: Farigiraf\n|-damage|p1b: Farigiraf|17/100\n|\n|-weather|SunnyDay|[upkeep]\n|-damage|p2b: Hydreigon|0 fnt|[from] brn\n|faint|p2b: Hydreigon\n|-damage|p2a: Starmie|31/100 brn|[from] brn\n|upkeep\n|\n|t:|1776626172\n|switch|p2b: Lycanroc|Lycanroc-Dusk, L50, F|100/100\n|turn|4\n|\n|t:|1776626191\n|move|p2a: Starmie|Protect|p2a: Starmie\n|-singleturn|p2a: Starmie|Protect\n|move|p1a: Lo\u00efc|Eruption|p2a: Starmie|[spread] p2b\n|-activate|p2a: Starmie|move: Protect\n|-resisted|p2b: Lycanroc|1\n|-damage|p2b: Lycanroc|33/100\n|move|p1b: Farigiraf|Nasty Plot|p1b: Farigiraf\n|-boost|p1b: Farigiraf|spa|2\n|move|p2b: Lycanroc|Crunch|p1b: Farigiraf\n|-supereffective|p1b: Farigiraf|1\n|-damage|p1b: Farigiraf|0 fnt\n|faint|p1b: Farigiraf\n|\n|-weather|SunnyDay|[upkeep]\n|-damage|p2a: Starmie|25/100 brn|[from] brn\n|upkeep\n|\n|t:|1776626205\n|switch|p1b: Primarina|Primarina, L50, M|100/100\n|turn|5\n|\n|t:|1776626222\n|move|p2b: Lycanroc|Accelerock|p1b: Primarina\n|-crit|p1b: Primarina\n|-damage|p1b: Primarina|54/100\n|move|p1a: Lo\u00efc|Eruption|p2b: Lycanroc|[spread] p2a,p2b\n|-resisted|p2a: Starmie|1\n|-resisted|p2b: Lycanroc|1\n|-damage|p2a: Starmie|0 fnt\n|-damage|p2b: Lycanroc|0 fnt\n|faint|p2a: Starmie\n|faint|p2b: Lycanroc\n|move|p1b: Primarina|Calm Mind|p1b: Primarina\n|-boost|p1b: Primarina|spa|1\n|-boost|p1b: Primarina|spd|1\n|\n|-weather|SunnyDay|[upkeep]\n|-heal|p1b: Primarina|60/100|[from] item: Leftovers\n|-fieldend|move: Trick Room\n|upkeep\n|\n|t:|1776626235\n|switch|p2b: Gengar|Gengar, L50, M|100/100\n|turn|6\n|\n|t:|1776626252\n|move|p2b: Gengar|Sludge Wave|p1b: Primarina|[spread] p1a,p1b\n|-supereffective|p1b: Primarina|1\n|-damage|p1a: Lo\u00efc|43/100\n|-damage|p1b: Primarina|14/100\n|move|p1b: Primarina|Hyper Voice|p2b: Gengar\n|-damage|p2b: Gengar|36/100\n|-start|p1b: Primarina|Disable|Hyper Voice|[from] ability: Cursed Body|[of] p2b: Gengar\n|move|p1a: Lo\u00efc|Eruption|p2b: Gengar\n|-damage|p2b: Gengar|0 fnt\n|-start|p1a: Lo\u00efc|Disable|Eruption|[from] ability: Cursed Body|[of] p2b: Gengar\n|faint|p2b: Gengar\n|\n|win|psgerm1\n|raw|psgerm1's rating: 1083 &rarr; <strong>1117</strong><br />(+34 for winning)\n|raw|DavidTIS's rating: 1172 &rarr; <strong>1141</strong><br />(-31 for losing)\n",
  "uploadtime": 1776626259,
  "views": 11,
  "formatid": "gen9championsvgc2026regma",
  "rating": 1117,
  "private": 0,
  "password": null
}