{
  "id": "gen9championsvgc2026regma-2588665300",
  "format": "[Gen 9 Champions] VGC 2026 Reg M-A",
  "players": [
    "viijohnny07",
    "Bugsnax4smash"
  ],
  "log": "|j|\u2606viijohnny07\n|j|\u2606Bugsnax4smash\n|t:|1776655378\n|gametype|doubles\n|player|p1|viijohnny07|2|1160\n|player|p2|Bugsnax4smash|skierf|1199\n|gen|9\n|tier|[Gen 9 Champions] VGC 2026 Reg M-A\n|rated|\n|rule|Species Clause: Limit one of each Pok\u00e9mon\n|rule|Item Clause: Limit 1 of each item\n|clearpoke\n|poke|p1|Ampharos, L50, F|\n|poke|p1|Politoed, L50, M|\n|poke|p1|Kingambit, L50, M|\n|poke|p1|Sneasler, L50, F|\n|poke|p1|Gyarados, L50, M|\n|poke|p1|Farigiraf, L50, M|\n|poke|p2|Victreebel, L50, M|\n|poke|p2|Kingambit, L50, F|\n|poke|p2|Zoroark-Hisui, L50, M|\n|poke|p2|Azumarill, L50, F|\n|poke|p2|Talonflame, L50, F|\n|poke|p2|Kommo-o, L50, F|\n|teampreview|4\n|inactive|Battle timer is ON: inactive players will automatically lose when time's up. (requested by viijohnny07)\n|inactive|Bugsnax4smash has 60 seconds left.\n|\n|t:|1776655411\n|teamsize|p1|4\n|teamsize|p2|4\n|start\n|switch|p1a: Farigiraf|Farigiraf, L50, M|100/100\n|switch|p1b: Sneasler|Sneasler, L50, F|100/100\n|switch|p2a: Victreebel|Victreebel, L50, M|100/100\n|switch|p2b: Kingambit|Kingambit, L50, F|100/100\n|turn|1\n|inactive|viijohnny07 has 30 seconds left.\n|\n|t:|1776655439\n|detailschange|p2a: Victreebel|Victreebel-Mega, L50, M\n|-mega|p2a: Victreebel|Victreebel|Victreebelite\n|move|p2b: Kingambit|Protect|p2b: Kingambit\n|-singleturn|p2b: Kingambit|Protect\n|move|p1b: Sneasler|Close Combat|p2b: Kingambit\n|-activate|p2b: Kingambit|move: Protect\n|move|p2a: Victreebel|Sludge Bomb|p1a: Farigiraf\n|-damage|p1a: Farigiraf|51/100\n|-status|p1a: Farigiraf|psn\n|move|p1a: Farigiraf|Trick Room|p1a: Farigiraf\n|-fieldstart|move: Trick Room|[of] p1a: Farigiraf\n|\n|-damage|p1a: Farigiraf|39/100 psn|[from] psn\n|upkeep\n|turn|2\n|inactive|Bugsnax4smash has 30 seconds left.\n|inactive|Bugsnax4smash has 20 seconds left.\n|inactive|Bugsnax4smash has 15 seconds left.\n|inactive|Bugsnax4smash has 10 seconds left.\n|\n|t:|1776655486\n|switch|p2b: Azumarill|Azumarill, L50, F|100/100\n|move|p1a: Farigiraf|Psychic|p2a: Victreebel\n|-supereffective|p2a: Victreebel|1\n|-damage|p2a: Victreebel|14/100\n|move|p2a: Victreebel|Sludge Bomb|p1a: Farigiraf\n|-damage|p1a: Farigiraf|0 fnt\n|faint|p1a: Farigiraf\n|move|p1b: Sneasler|Close Combat|p2b: Azumarill\n|-resisted|p2b: Azumarill|1\n|-damage|p2b: Azumarill|68/100\n|-unboost|p1b: Sneasler|def|1\n|-unboost|p1b: Sneasler|spd|1\n|\n|upkeep\n|\n|t:|1776655490\n|switch|p1a: Ampharos|Ampharos, L50, F|100/100\n|turn|3\n|\n|t:|1776655513\n|switch|p1b: Politoed|Politoed, L50, M|100/100\n|-weather|RainDance|[from] ability: Drizzle|[of] p1b: Politoed\n|detailschange|p1a: Ampharos|Ampharos-Mega, L50, F\n|-mega|p1a: Ampharos|Ampharos|Ampharosite\n|-ability|p1a: Ampharos|Mold Breaker\n|move|p1a: Ampharos|Thunder|p2b: Azumarill\n|-supereffective|p2b: Azumarill|1\n|-damage|p2b: Azumarill|0 fnt\n|faint|p2b: Azumarill\n|move|p2a: Victreebel|Strength Sap|p1b: Politoed\n|-unboost|p1b: Politoed|atk|1\n|-heal|p2a: Victreebel|59/100\n|\n|-weather|RainDance|[upkeep]\n|upkeep\n|\n|t:|1776655535\n|switch|p2b: Kingambit|Kingambit, L50, F|100/100\n|turn|4\n|\n|t:|1776655557\n|move|p2a: Victreebel|Protect|p2a: Victreebel\n|-singleturn|p2a: Victreebel|Protect\n|move|p1a: Ampharos|Dragon Pulse|p2a: Victreebel\n|-activate|p2a: Victreebel|move: Protect\n|move|p2b: Kingambit|Kowtow Cleave|p1a: Ampharos\n|-damage|p1a: Ampharos|49/100\n|move|p1b: Politoed|Muddy Water|p2b: Kingambit|[spread] p2b\n|-activate|p2a: Victreebel|move: Protect\n|-damage|p2b: Kingambit|68/100\n|-unboost|p2b: Kingambit|accuracy|1\n|-ability|p2b: Kingambit|Defiant|boost\n|-boost|p2b: Kingambit|atk|2\n|\n|-weather|RainDance|[upkeep]\n|upkeep\n|turn|5\n|inactive|Bugsnax4smash has 30 seconds left.\n|inactive|Bugsnax4smash has 20 seconds left.\n|\n|t:|1776655594\n|switch|p1a: Sneasler|Sneasler, L50, F|100/100\n|move|p2b: Kingambit|Sucker Punch||[still]\n|-fail|p2b: Kingambit\n|move|p1b: Politoed|Icy Wind|p2a: Victreebel|[spread] p2a,p2b\n|-supereffective|p2a: Victreebel|1\n|-resisted|p2b: Kingambit|1\n|-damage|p2a: Victreebel|37/100\n|-damage|p2b: Kingambit|63/100\n|-unboost|p2a: Victreebel|spe|1\n|-unboost|p2b: Kingambit|spe|1\n|-ability|p2b: Kingambit|Defiant|boost\n|-boost|p2b: Kingambit|atk|2\n|move|p2a: Victreebel|Giga Drain|p1b: Politoed\n|-supereffective|p1b: Politoed|1\n|-damage|p1b: Politoed|20/100\n|-heal|p2a: Victreebel|79/100|[from] drain|[of] p1b: Politoed\n|\n|-weather|RainDance|[upkeep]\n|-heal|p1b: Politoed|26/100|[from] item: Leftovers\n|-fieldend|move: Trick Room\n|upkeep\n|turn|6\n|inactive|Bugsnax4smash has 30 seconds left.\n|\n|t:|1776655629\n|move|p1b: Politoed|Protect|p1b: Politoed\n|-singleturn|p1b: Politoed|Protect\n|move|p2b: Kingambit|Sucker Punch|p1a: Sneasler\n|-resisted|p1a: Sneasler|1\n|-enditem|p1a: Sneasler|Focus Sash\n|-damage|p1a: Sneasler|1/100\n|move|p1a: Sneasler|Close Combat|p2b: Kingambit\n|-supereffective|p2b: Kingambit|2\n|-damage|p2b: Kingambit|0 fnt\n|-unboost|p1a: Sneasler|def|1\n|-unboost|p1a: Sneasler|spd|1\n|faint|p2b: Kingambit\n|move|p2a: Victreebel|Giga Drain|p1b: Politoed\n|-activate|p1b: Politoed|move: Protect\n|\n|-weather|RainDance|[upkeep]\n|-heal|p1b: Politoed|32/100|[from] item: Leftovers\n|upkeep\n|\n|t:|1776655646\n|switch|p2b: Kommo-o|Kommo-o, L50, F|100/100\n|turn|7\n|\n|t:|1776655658\n|move|p2a: Victreebel|Protect|p2a: Victreebel\n|-singleturn|p2a: Victreebel|Protect\n|move|p1a: Sneasler|Close Combat|p2a: Victreebel\n|-activate|p2a: Victreebel|move: Protect\n|move|p2b: Kommo-o|Breaking Swipe|p1b: Politoed|[spread] p1a,p1b\n|-damage|p1a: Sneasler|0 fnt\n|-damage|p1b: Politoed|17/100\n|-unboost|p1b: Politoed|atk|1\n|faint|p1a: Sneasler\n|move|p1b: Politoed|Icy Wind|p2b: Kommo-o|[spread] p2b\n|-activate|p2a: Victreebel|move: Protect\n|-supereffective|p2b: Kommo-o|1\n|-damage|p2b: Kommo-o|87/100\n|-unboost|p2b: Kommo-o|spe|1\n|\n|-weather|none\n|-heal|p1b: Politoed|23/100|[from] item: Leftovers\n|-heal|p2b: Kommo-o|93/100|[from] item: Leftovers\n|upkeep\n|\n|t:|1776655661\n|switch|p1a: Ampharos|Ampharos-Mega, L50, F|49/100\n|-ability|p1a: Ampharos|Mold Breaker\n|turn|8\n|inactive|Bugsnax4smash has 30 seconds left.\n|inactive|Bugsnax4smash has 20 seconds left.\n|inactive|Bugsnax4smash has 15 seconds left.\n|\n|t:|1776655704\n|move|p1a: Ampharos|Protect|p1a: Ampharos\n|-singleturn|p1a: Ampharos|Protect\n|move|p1b: Politoed|Icy Wind|p2b: Kommo-o|[spread] p2a,p2b\n|-supereffective|p2a: Victreebel|1\n|-supereffective|p2b: Kommo-o|1\n|-damage|p2a: Victreebel|59/100\n|-damage|p2b: Kommo-o|80/100\n|-unboost|p2a: Victreebel|spe|1\n|-unboost|p2b: Kommo-o|spe|1\n|move|p2b: Kommo-o|Body Press|p1a: Ampharos\n|-activate|p1a: Ampharos|move: Protect\n|move|p2a: Victreebel|Giga Drain|p1b: Politoed\n|-supereffective|p1b: Politoed|1\n|-damage|p1b: Politoed|0 fnt\n|-heal|p2a: Victreebel|71/100|[from] drain|[of] p1b: Politoed\n|faint|p1b: Politoed\n|\n|-heal|p2b: Kommo-o|86/100|[from] item: Leftovers\n|upkeep\n|turn|9\n|\n|t:|1776655728\n|move|p2b: Kommo-o|Protect|p2b: Kommo-o\n|-singleturn|p2b: Kommo-o|Protect\n|move|p1a: Ampharos|Dazzling Gleam|p2b: Kommo-o|[spread] p2a\n|-activate|p2b: Kommo-o|move: Protect\n|-resisted|p2a: Victreebel|1\n|-damage|p2a: Victreebel|55/100\n|move|p2a: Victreebel|Sludge Bomb|p1a: Ampharos\n|-damage|p1a: Ampharos|3/100\n|-status|p1a: Ampharos|psn\n|\n|-heal|p2b: Kommo-o|92/100|[from] item: Leftovers\n|-damage|p1a: Ampharos|0 fnt|[from] psn\n|faint|p1a: Ampharos\n|\n|win|Bugsnax4smash\n|raw|viijohnny07's rating: 1160 &rarr; <strong>1138</strong><br />(-22 for losing)\n|raw|Bugsnax4smash's rating: 1199 &rarr; <strong>1221</strong><br />(+22 for winning)\n",
  "uploadtime": 1776655745,
  "views": 7,
  "formatid": "gen9championsvgc2026regma",
  "rating": 1138,
  "private": 0,
  "password": null
}