{
  "id": "gen9championsvgc2026regma-2589540454",
  "format": "[Gen 9 Champions] VGC 2026 Reg M-A",
  "players": [
    "OuiOuiGarcon",
    "criptomoneda"
  ],
  "log": "|j|\u2606OuiOuiGarcon\n|j|\u2606criptomoneda\n|t:|1776732337\n|gametype|doubles\n|player|p1|OuiOuiGarcon|clown|1157\n|player|p2|criptomoneda|pilot|1131\n|gen|9\n|tier|[Gen 9 Champions] VGC 2026 Reg M-A\n|rated|\n|rule|Species Clause: Limit one of each Pok\u00e9mon\n|rule|Item Clause: Limit 1 of each item\n|clearpoke\n|poke|p1|Kommo-o, L50, M|\n|poke|p1|Glimmora, L50, F|\n|poke|p1|Ninetales-Alola, L50, F|\n|poke|p1|Sinistcha, L50|\n|poke|p1|Volcarona, L50, M|\n|poke|p1|Gyarados, L50, M|\n|poke|p2|Drampa, L50, F|\n|poke|p2|Alakazam, L50, M|\n|poke|p2|Sinistcha, L50|\n|poke|p2|Pelipper, L50, F|\n|poke|p2|Basculegion, L50, M|\n|poke|p2|Scizor, L50, M|\n|teampreview|4\n|inactive|Battle timer is ON: inactive players will automatically lose when time's up. (requested by criptomoneda)\n|inactive|OuiOuiGarcon has 60 seconds left.\n|\n|t:|1776732381\n|teamsize|p1|4\n|teamsize|p2|4\n|start\n|switch|p1a: Volcarona|Volcarona, L50, M|100/100\n|switch|p1b: Gyarados|Gyarados, L50, M|100/100\n|switch|p2a: grumpi|Drampa, L50, F|100/100\n|switch|p2b: gen1|Alakazam, L50, M|100/100\n|-ability|p1b: Gyarados|Intimidate|boost\n|-unboost|p2a: grumpi|atk|1\n|-fail|p2b: gen1|unboost|Attack|[from] ability: Inner Focus|[of] p2b: gen1\n|turn|1\n|\n|t:|1776732405\n|detailschange|p1b: Gyarados|Gyarados-Mega, L50, M\n|-mega|p1b: Gyarados|Gyarados|Gyaradosite\n|-ability|p1b: Gyarados|Mold Breaker\n|detailschange|p2a: grumpi|Drampa-Mega, L50, F\n|-mega|p2a: grumpi|Drampa|Drampanite\n|move|p2b: gen1|Light Screen|p2b: gen1\n|-sidestart|p2: criptomoneda|move: Light Screen\n|move|p1a: Volcarona|Tailwind|p1a: Volcarona\n|-sidestart|p1: OuiOuiGarcon|move: Tailwind\n|move|p1b: Gyarados|Crunch|p2b: gen1\n|-supereffective|p2b: gen1|1\n|-enditem|p2b: gen1|Colbur Berry|[eat]\n|-enditem|p2b: gen1|Colbur Berry|[weaken]\n|-damage|p2b: gen1|0 fnt\n|faint|p2b: gen1\n|move|p2a: grumpi|Calm Mind|p2a: grumpi\n|-boost|p2a: grumpi|spa|1\n|-boost|p2a: grumpi|spd|1\n|\n|upkeep\n|\n|t:|1776732423\n|switch|p2b: duracel|Basculegion, L50, M|100/100\n|turn|2\n|\n|t:|1776732434\n|move|p1a: Volcarona|Struggle Bug|p2b: duracel|[spread] p2a,p2b\n|-resisted|p2b: duracel|1\n|-damage|p2a: grumpi|92/100\n|-damage|p2b: duracel|91/100\n|-unboost|p2a: grumpi|spa|1\n|-unboost|p2b: duracel|spa|1\n|move|p1b: Gyarados|Crunch|p2b: duracel\n|-supereffective|p2b: duracel|1\n|-damage|p2b: duracel|0 fnt\n|faint|p2b: duracel\n|move|p2a: grumpi|Calm Mind|p2a: grumpi\n|-boost|p2a: grumpi|spa|1\n|-boost|p2a: grumpi|spd|1\n|\n|upkeep\n|\n|t:|1776732445\n|switch|p2b: pajarraco|Pelipper, L50, F|100/100\n|-weather|RainDance|[from] ability: Drizzle|[of] p2b: pajarraco\n|turn|3\n|\n|t:|1776732459\n|move|p2b: pajarraco|Protect|p2b: pajarraco\n|-singleturn|p2b: pajarraco|Protect\n|move|p1a: Volcarona|Struggle Bug|p2b: pajarraco|[spread] p2a\n|-activate|p2b: pajarraco|move: Protect\n|-damage|p2a: grumpi|86/100\n|-unboost|p2a: grumpi|spa|1\n|move|p1b: Gyarados|Crunch|p2a: grumpi\n|-damage|p2a: grumpi|42/100\n|-ability|p2a: grumpi|Berserk|boost\n|-boost|p2a: grumpi|spa|1\n|move|p2a: grumpi|Calm Mind|p2a: grumpi\n|-boost|p2a: grumpi|spa|1\n|-boost|p2a: grumpi|spd|1\n|\n|-weather|RainDance|[upkeep]\n|upkeep\n|turn|4\n|\n|t:|1776732481\n|move|p1a: Volcarona|Struggle Bug|p2b: pajarraco|[spread] p2a,p2b\n|-resisted|p2b: pajarraco|1\n|-crit|p2b: pajarraco\n|-damage|p2a: grumpi|36/100\n|-damage|p2b: pajarraco|79/100\n|-unboost|p2a: grumpi|spa|1\n|-unboost|p2b: pajarraco|spa|1\n|move|p1b: Gyarados|Crunch|p2a: grumpi\n|-damage|p2a: grumpi|0 fnt\n|faint|p2a: grumpi\n|move|p2b: pajarraco|Weather Ball|p1a: Volcarona\n|-supereffective|p1a: Volcarona|1\n|-damage|p1a: Volcarona|33/100\n|\n|-weather|RainDance|[upkeep]\n|-sideend|p1: OuiOuiGarcon|move: Tailwind\n|upkeep\n|turn|5\n|-message|criptomoneda forfeited.\n|\n|win|OuiOuiGarcon\n|raw|OuiOuiGarcon's rating: 1157 &rarr; <strong>1180</strong><br />(+23 for winning)\n|raw|criptomoneda's rating: 1131 &rarr; <strong>1108</strong><br />(-23 for losing)\n|l|\u2606criptomoneda\n|player|p2|\n",
  "uploadtime": 1776732495,
  "views": 10,
  "formatid": "gen9championsvgc2026regma",
  "rating": 1108,
  "private": 0,
  "password": null
}