{
  "id": "gen9championsvgc2026regma-2585915086",
  "format": "[Gen 9 Champions] VGC 2026 Reg M-A",
  "players": [
    "juandra22",
    "CrosspoisonVGC"
  ],
  "log": "|j|\u2606juandra22\n|j|\u2606CrosspoisonVGC\n|t:|1776381071\n|gametype|doubles\n|player|p1|juandra22|argenta|1319\n|player|p2|CrosspoisonVGC|265|1310\n|gen|9\n|tier|[Gen 9 Champions] VGC 2026 Reg M-A\n|rated|\n|rule|Species Clause: Limit one of each Pok\u00e9mon\n|rule|Item Clause: Limit 1 of each item\n|clearpoke\n|poke|p1|Crabominable, L50, M|\n|poke|p1|Incineroar, L50, M|\n|poke|p1|Farigiraf, L50, M|\n|poke|p1|Sinistcha, L50|\n|poke|p1|Rotom-Wash, L50|\n|poke|p1|Kingambit, L50, M|\n|poke|p2|Torkoal, L50, F|\n|poke|p2|Whimsicott, L50, M|\n|poke|p2|Excadrill, L50, F|\n|poke|p2|Quaquaval, L50, M|\n|poke|p2|Delphox, L50, M|\n|poke|p2|Farigiraf, L50, F|\n|teampreview|4\n|inactive|Battle timer is ON: inactive players will automatically lose when time's up. (requested by juandra22)\n|\n|t:|1776381095\n|teamsize|p1|4\n|teamsize|p2|4\n|start\n|switch|p1a: Rotom|Rotom-Wash, L50, shiny|100/100\n|switch|p1b: Crabominable|Crabominable, L50, M, shiny|100/100\n|switch|p2a: FieryAffinity|Delphox, L50, M|100/100\n|switch|p2b: Excadrill|Excadrill, L50, F|100/100\n|-ability|p2b: Excadrill|Mold Breaker\n|turn|1\n|\n|t:|1776381112\n|detailschange|p2a: FieryAffinity|Delphox-Mega, L50, M\n|-mega|p2a: FieryAffinity|Delphox|Delphoxite\n|detailschange|p1b: Crabominable|Crabominable-Mega, L50, M, shiny\n|-mega|p1b: Crabominable|Crabominable|Crabominite\n|move|p1b: Crabominable|Mach Punch|p2b: Excadrill\n|-supereffective|p2b: Excadrill|1\n|-damage|p2b: Excadrill|13/100\n|move|p2a: FieryAffinity|Heat Wave|p1b: Crabominable|[spread] p1a,p1b\n|-resisted|p1a: Rotom|1\n|-supereffective|p1b: Crabominable|1\n|-damage|p1a: Rotom|72/100\n|-damage|p1b: Crabominable|36/100\n|move|p1a: Rotom|Hydro Pump|p2a: FieryAffinity\n|-supereffective|p2a: FieryAffinity|1\n|-damage|p2a: FieryAffinity|2/100\n|move|p2b: Excadrill|Iron Head|p1b: Crabominable\n|-supereffective|p1b: Crabominable|1\n|-damage|p1b: Crabominable|0 fnt\n|faint|p1b: Crabominable\n|\n|upkeep\n|j| Urfredo981\n|l| Urfredo981\n|\n|t:|1776381126\n|switch|p1b: Incineroar|Incineroar, L50, M|100/100\n|-ability|p1b: Incineroar|Intimidate|boost\n|-unboost|p2a: FieryAffinity|atk|1\n|-unboost|p2b: Excadrill|atk|1\n|-enditem|p2b: Excadrill|White Herb\n|-clearnegativeboost|p2b: Excadrill|[silent]\n|turn|2\n|\n|t:|1776381145\n|move|p2a: FieryAffinity|Protect|p2a: FieryAffinity\n|-singleturn|p2a: FieryAffinity|Protect\n|move|p1b: Incineroar|Fake Out|p2a: FieryAffinity\n|-activate|p2a: FieryAffinity|move: Protect\n|move|p1a: Rotom|Hydro Pump|p2b: Excadrill\n|-supereffective|p2b: Excadrill|1\n|-damage|p2b: Excadrill|0 fnt\n|faint|p2b: Excadrill\n|\n|upkeep\n|\n|t:|1776381153\n|switch|p2b: Quaquaval|Quaquaval, L50, M|100/100\n|turn|3\n|\n|t:|1776381172\n|switch|p1b: Farigiraf|Farigiraf, L50, M|100/100\n|move|p2b: Quaquaval|Close Combat|p1a: Rotom\n|-damage|p1a: Rotom|0 fnt\n|-unboost|p2b: Quaquaval|def|1\n|-unboost|p2b: Quaquaval|spd|1\n|faint|p1a: Rotom\n|-ability|p2b: Quaquaval|Moxie|boost\n|-boost|p2b: Quaquaval|atk|1\n|move|p2a: FieryAffinity|Psychic|p1b: Farigiraf\n|-resisted|p1b: Farigiraf|1\n|-crit|p1b: Farigiraf\n|-damage|p1b: Farigiraf|69/100\n|\n|upkeep\n|\n|t:|1776381178\n|switch|p1a: Incineroar|Incineroar, L50, M|100/100\n|-ability|p1a: Incineroar|Intimidate|boost\n|-unboost|p2a: FieryAffinity|atk|1\n|-unboost|p2b: Quaquaval|atk|1\n|turn|4\n|\n|t:|1776381202\n|switch|p2b: Torkoal|Torkoal, L50, F|100/100\n|-weather|SunnyDay|[from] ability: Drought|[of] p2b: Torkoal\n|move|p2a: FieryAffinity|Protect|p2a: FieryAffinity\n|-singleturn|p2a: FieryAffinity|Protect\n|move|p1a: Incineroar|Fake Out|p2b: Torkoal\n|-damage|p2b: Torkoal|93/100\n|move|p1b: Farigiraf|Trick Room|p1b: Farigiraf\n|-fieldstart|move: Trick Room|[of] p1b: Farigiraf\n|\n|-weather|SunnyDay|[upkeep]\n|upkeep\n|turn|5\n|\n|t:|1776381213\n|move|p2b: Torkoal|Eruption|p1a: Incineroar|[spread] p1a,p1b\n|-resisted|p1a: Incineroar|1\n|-damage|p1a: Incineroar|72/100\n|-damage|p1b: Farigiraf|7/100\n|move|p1b: Farigiraf|Hyper Voice|p2a: FieryAffinity|[spread] p2a,p2b\n|-damage|p2a: FieryAffinity|0 fnt\n|-damage|p2b: Torkoal|60/100\n|faint|p2a: FieryAffinity\n|move|p1a: Incineroar|Throat Chop|p2b: Torkoal\n|-damage|p2b: Torkoal|36/100\n|-start|p2b: Torkoal|Throat Chop|[silent]\n|\n|-weather|SunnyDay|[upkeep]\n|-heal|p1a: Incineroar|78/100|[from] item: Leftovers\n|upkeep\n|\n|t:|1776381219\n|switch|p2a: Quaquaval|Quaquaval, L50, M|100/100\n|turn|6\n|\n|t:|1776381233\n|move|p1b: Farigiraf|Protect|p1b: Farigiraf\n|-singleturn|p1b: Farigiraf|Protect\n|move|p2b: Torkoal|Weather Ball|p1b: Farigiraf\n|-activate|p1b: Farigiraf|move: Protect\n|move|p1a: Incineroar|Throat Chop|p2b: Torkoal\n|-damage|p2b: Torkoal|13/100\n|move|p2a: Quaquaval|Close Combat|p1a: Incineroar\n|-supereffective|p1a: Incineroar|1\n|-damage|p1a: Incineroar|0 fnt\n|-unboost|p2a: Quaquaval|def|1\n|-unboost|p2a: Quaquaval|spd|1\n|faint|p1a: Incineroar\n|-ability|p2a: Quaquaval|Moxie|boost\n|-boost|p2a: Quaquaval|atk|1\n|\n|-weather|SunnyDay|[upkeep]\n|-end|p2b: Torkoal|Throat Chop|[silent]\n|upkeep\n|turn|7\n|\n|t:|1776381243\n|move|p2b: Torkoal|Weather Ball|p1b: Farigiraf\n|-damage|p1b: Farigiraf|0 fnt\n|faint|p1b: Farigiraf\n|\n|win|CrosspoisonVGC\n|raw|juandra22's rating: 1319 &rarr; <strong>1298</strong><br />(-21 for losing)\n|raw|CrosspoisonVGC's rating: 1310 &rarr; <strong>1331</strong><br />(+21 for winning)\n",
  "uploadtime": 1776381301,
  "views": 26,
  "formatid": "gen9championsvgc2026regma",
  "rating": 1298,
  "private": 0,
  "password": null
}