{
  "id": "gen9championsvgc2026regma-2585625308",
  "format": "[Gen 9 Champions] VGC 2026 Reg M-A",
  "players": [
    "skydust1609",
    "luiz red"
  ],
  "log": "|j|\u2606skydust1609\n|j|\u2606luiz red\n|t:|1776359680\n|gametype|doubles\n|player|p1|skydust1609|brycen|1000\n|player|p2|luiz red|veteran|1082\n|gen|9\n|tier|[Gen 9 Champions] VGC 2026 Reg M-A\n|rated|\n|rule|Species Clause: Limit one of each Pok\u00e9mon\n|rule|Item Clause: Limit 1 of each item\n|clearpoke\n|poke|p1|Reuniclus, L50, M|\n|poke|p1|Camerupt, L50, M|\n|poke|p1|Cofagrigus, L50, M|\n|poke|p1|Araquanid, L50, M|\n|poke|p1|Archaludon, L50, M|\n|poke|p1|Conkeldurr, L50, M|\n|poke|p2|Infernape, L50, F|\n|poke|p2|Sinistcha, L50|\n|poke|p2|Empoleon, L50, F|\n|poke|p2|Hippowdon, L50, F|\n|poke|p2|Garchomp, L50, F|\n|poke|p2|Corviknight, L50, M|\n|teampreview|4\n|inactive|Battle timer is ON: inactive players will automatically lose when time's up. (requested by skydust1609)\n|\n|t:|1776359751\n|teamsize|p1|4\n|teamsize|p2|4\n|start\n|switch|p1a: Cofagrigus|Cofagrigus, L50, M|100/100\n|switch|p1b: Camerupt|Camerupt, L50, M|100/100\n|switch|p2a: Hippowdon|Hippowdon, L50, F|100/100\n|switch|p2b: Garchomp|Garchomp, L50, F|100/100\n|-weather|Sandstorm|[from] ability: Sand Stream|[of] p2a: Hippowdon\n|turn|1\n|\n|t:|1776359767\n|detailschange|p2b: Garchomp|Garchomp-Mega, L50, F\n|-mega|p2b: Garchomp|Garchomp|Garchompite\n|detailschange|p1b: Camerupt|Camerupt-Mega, L50, M\n|-mega|p1b: Camerupt|Camerupt|Cameruptite\n|move|p1b: Camerupt|Protect|p1b: Camerupt\n|-singleturn|p1b: Camerupt|Protect\n|move|p2b: Garchomp|Swords Dance|p2b: Garchomp\n|-boost|p2b: Garchomp|atk|2\n|move|p2a: Hippowdon|Yawn|p1a: Cofagrigus\n|-start|p1a: Cofagrigus|move: Yawn|[of] p2a: Hippowdon\n|move|p1a: Cofagrigus|Trick Room|p1a: Cofagrigus\n|-fieldstart|move: Trick Room|[of] p1a: Cofagrigus\n|\n|-weather|Sandstorm|[upkeep]\n|-damage|p1a: Cofagrigus|94/100|[from] Sandstorm\n|upkeep\n|turn|2\n|inactive|skydust1609 has 30 seconds left.\n|\n|t:|1776359793\n|switch|p1a: Araquanid|Araquanid, L50, M|100/100\n|move|p1b: Camerupt|Eruption|p2a: Hippowdon|[spread] p2a,p2b\n|-resisted|p2b: Garchomp|1\n|-damage|p2a: Hippowdon|51/100\n|-damage|p2b: Garchomp|65/100\n|move|p2a: Hippowdon|Yawn|p1a: Araquanid\n|-start|p1a: Araquanid|move: Yawn|[of] p2a: Hippowdon\n|move|p2b: Garchomp|Rock Slide|p1b: Camerupt|[spread] p1a,p1b\n|-supereffective|p1a: Araquanid|1\n|-enditem|p1a: Araquanid|Focus Sash\n|-damage|p1a: Araquanid|1/100\n|-damage|p1b: Camerupt|41/100\n|\n|-weather|Sandstorm|[upkeep]\n|-damage|p1a: Araquanid|0 fnt|[from] Sandstorm\n|faint|p1a: Araquanid\n|upkeep\n|\n|t:|1776359810\n|switch|p1a: Conkeldurr|Conkeldurr, L50, M|100/100\n|turn|3\n|\n|t:|1776359823\n|switch|p2a: Sinistcha|Sinistcha, L50|100/100\n|-heal|p2b: Garchomp|90/100|[from] ability: Hospitality|[of] p2a: Sinistcha\n|move|p1b: Camerupt|Eruption|p2a: Sinistcha|[spread] p2a,p2b\n|-supereffective|p2a: Sinistcha|1\n|-resisted|p2b: Garchomp|1\n|-damage|p2a: Sinistcha|48/100\n|-damage|p2b: Garchomp|76/100\n|move|p1a: Conkeldurr|Close Combat|p2b: Garchomp\n|-damage|p2b: Garchomp|10/100\n|-unboost|p1a: Conkeldurr|def|1\n|-unboost|p1a: Conkeldurr|spd|1\n|move|p2b: Garchomp|Earthquake|p1b: Camerupt|[spread] p2a,p1a,p1b\n|-resisted|p2a: Sinistcha|1\n|-supereffective|p1b: Camerupt|1\n|-damage|p2a: Sinistcha|0 fnt\n|-damage|p1a: Conkeldurr|0 fnt\n|-damage|p1b: Camerupt|0 fnt\n|faint|p2a: Sinistcha\n|faint|p1a: Conkeldurr\n|faint|p1b: Camerupt\n|\n|-weather|Sandstorm|[upkeep]\n|upkeep\n|\n|t:|1776359848\n|switch|p1b: Cofagrigus|Cofagrigus, L50, M|94/100\n|switch|p2a: Hippowdon|Hippowdon, L50, F|51/100\n|turn|4\n|\n|t:|1776359855\n|move|p1b: Cofagrigus|Protect|p1b: Cofagrigus\n|-singleturn|p1b: Cofagrigus|Protect\n|move|p2b: Garchomp|Protect|p2b: Garchomp\n|-singleturn|p2b: Garchomp|Protect\n|move|p2a: Hippowdon|Yawn|p1b: Cofagrigus\n|-activate|p1b: Cofagrigus|move: Protect\n|\n|-weather|Sandstorm|[upkeep]\n|-damage|p1b: Cofagrigus|88/100|[from] Sandstorm\n|upkeep\n|turn|5\n|\n|t:|1776359866\n|move|p1b: Cofagrigus|Shadow Ball|p2a: Hippowdon\n|-damage|p2a: Hippowdon|31/100\n|-unboost|p2a: Hippowdon|spd|1\n|-enditem|p2a: Hippowdon|Sitrus Berry|[eat]\n|-heal|p2a: Hippowdon|56/100|[from] item: Sitrus Berry\n|move|p2a: Hippowdon|Yawn|p1b: Cofagrigus\n|-start|p1b: Cofagrigus|move: Yawn|[of] p2a: Hippowdon\n|move|p2b: Garchomp|Rock Slide|p1b: Cofagrigus|[miss]\n|-miss|p2b: Garchomp|p1b: Cofagrigus\n|\n|-weather|none\n|-fieldend|move: Trick Room\n|upkeep\n|turn|6\n|\n|t:|1776359881\n|move|p2a: Hippowdon|Protect|p2a: Hippowdon\n|-singleturn|p2a: Hippowdon|Protect\n|move|p2b: Garchomp|Earthquake|p1b: Cofagrigus|[spread] p1b\n|-activate|p2a: Hippowdon|move: Protect\n|-damage|p1b: Cofagrigus|25/100\n|move|p1b: Cofagrigus|Shadow Ball|p2b: Garchomp\n|-damage|p2b: Garchomp|0 fnt\n|faint|p2b: Garchomp\n|\n|-end|p1b: Cofagrigus|move: Yawn|[silent]\n|-status|p1b: Cofagrigus|slp\n|upkeep\n|\n|t:|1776359892\n|switch|p2b: Infernape|Infernape, L50, F|100/100\n|turn|7\n|-message|skydust1609 forfeited.\n|\n|win|luiz red\n|raw|skydust1609's rating: 1000 &rarr; <strong>1000</strong><br />(+0 for losing)\n|raw|luiz red's rating: 1082 &rarr; <strong>1103</strong><br />(+21 for winning)\n|l|\u2606skydust1609\n|player|p1|\n",
  "uploadtime": 1776359899,
  "views": 19,
  "formatid": "gen9championsvgc2026regma",
  "rating": 1000,
  "private": 0,
  "password": null
}