{
  "id": "gen9championsvgc2026regma-2585423348",
  "format": "[Gen 9 Champions] VGC 2026 Reg M-A",
  "players": [
    "ClutchTecco",
    "12435b"
  ],
  "log": "|j|\u2606ClutchTecco\n|j|\u260612435b\n|t:|1776346275\n|gametype|doubles\n|player|p1|ClutchTecco|gentleman-gen4|1109\n|player|p2|12435b|169|1112\n|gen|9\n|tier|[Gen 9 Champions] VGC 2026 Reg M-A\n|rated|\n|rule|Species Clause: Limit one of each Pok\u00e9mon\n|rule|Item Clause: Limit 1 of each item\n|clearpoke\n|poke|p1|Delphox, L50, M|\n|poke|p1|Garchomp, L50, F|\n|poke|p1|Incineroar, L50, M|\n|poke|p1|Sneasler, L50, M|\n|poke|p1|Floette-Eternal, L50, F|\n|poke|p1|Kingambit, L50, F|\n|poke|p2|Aerodactyl, L50, F|\n|poke|p2|Garchomp, L50, F|\n|poke|p2|Tyranitar, L50, M|\n|poke|p2|Arcanine, L50, M|\n|poke|p2|Sinistcha-Masterpiece, L50|\n|poke|p2|Rotom-Wash, L50|\n|teampreview|4\n|inactive|Battle timer is ON: inactive players will automatically lose when time's up. (requested by ClutchTecco)\nClutchTecco has agreed to open team sheets.\n|\n|t:|1776346299\n|teamsize|p1|4\n|teamsize|p2|4\n|start\n|switch|p1a: Floette|Floette-Eternal, L50, F, shiny|100/100\n|switch|p1b: Incineroar|Incineroar, L50, M|100/100\n|switch|p2a: Aerodactyl|Aerodactyl, L50, F|100/100\n|switch|p2b: Rotom|Rotom-Wash, L50|100/100\n|-ability|p2a: Aerodactyl|Unnerve\n|turn|1\n|\n|t:|1776346318\n|detailschange|p1a: Floette|Floette-Mega, L50, F, shiny\n|-mega|p1a: Floette|Floette|Floettite\n|-ability|p1a: Floette|Fairy Aura\n|move|p2a: Aerodactyl|Protect|p2a: Aerodactyl\n|-singleturn|p2a: Aerodactyl|Protect\n|move|p2b: Rotom|Protect|p2b: Rotom\n|-singleturn|p2b: Rotom|Protect\n|move|p1b: Incineroar|Fake Out|p2a: Aerodactyl\n|-activate|p2a: Aerodactyl|move: Protect\n|move|p1a: Floette|Calm Mind|p1a: Floette\n|-boost|p1a: Floette|spa|1\n|-boost|p1a: Floette|spd|1\n|\n|upkeep\n|turn|2\n|\n|t:|1776346338\n|detailschange|p2a: Aerodactyl|Aerodactyl-Mega, L50, F\n|-mega|p2a: Aerodactyl|Aerodactyl|Aerodactylite\n|move|p2a: Aerodactyl|Dual Wingbeat|p1a: Floette|[miss]\n|-miss|p2a: Aerodactyl|p1a: Floette\n|move|p2b: Rotom|Volt Switch|p1a: Floette\n|-damage|p1a: Floette|84/100\n|\n|t:|1776346345\n|switch|p2b: Arcanine|Arcanine, L50, M|100/100|[from] Volt Switch\n|-ability|p2b: Arcanine|Intimidate|boost\n|-unboost|p1a: Floette|atk|1\n|-unboost|p1b: Incineroar|atk|1\n|move|p1a: Floette|Dazzling Gleam|p2a: Aerodactyl|[spread] p2a,p2b\n|-resisted|p2b: Arcanine|1\n|-damage|p2a: Aerodactyl|24/100\n|-damage|p2b: Arcanine|65/100\n|move|p1b: Incineroar|Parting Shot|p2a: Aerodactyl\n|-unboost|p2a: Aerodactyl|atk|1\n|-unboost|p2a: Aerodactyl|spa|1\n|\n|t:|1776346363\n|switch|p1b: Garchomp|Garchomp, L50, F|100/100|[from] Parting Shot\n|\n|-heal|p2b: Arcanine|71/100|[from] item: Leftovers\n|upkeep\n|turn|3\n|\n|t:|1776346375\n|move|p2b: Arcanine|Protect|p2b: Arcanine\n|-singleturn|p2b: Arcanine|Protect\n|move|p2a: Aerodactyl|Tailwind|p2a: Aerodactyl\n|-sidestart|p2: 12435b|move: Tailwind\n|move|p1a: Floette|Dazzling Gleam|p2a: Aerodactyl|[spread] p2a\n|-activate|p2b: Arcanine|move: Protect\n|-damage|p2a: Aerodactyl|0 fnt\n|faint|p2a: Aerodactyl\n|move|p1b: Garchomp|Rock Slide|p2b: Arcanine\n|-activate|p2b: Arcanine|move: Protect\n|\n|-heal|p2b: Arcanine|77/100|[from] item: Leftovers\n|upkeep\n|\n|t:|1776346388\n|switch|p2a: Garchomp|Garchomp, L50, F|100/100\n|turn|4\n|\n|t:|1776346403\n|move|p2a: Garchomp|Poison Jab|p1a: Floette\n|-supereffective|p1a: Floette|1\n|-damage|p1a: Floette|21/100\n|move|p2b: Arcanine|Play Rough|p1b: Garchomp\n|-supereffective|p1b: Garchomp|1\n|-damage|p1b: Garchomp|23/100\n|-enditem|p1b: Garchomp|Sitrus Berry|[eat]\n|-heal|p1b: Garchomp|48/100|[from] item: Sitrus Berry\n|move|p1a: Floette|Draining Kiss|p2a: Garchomp\n|-supereffective|p2a: Garchomp|1\n|-damage|p2a: Garchomp|0 fnt\n|-heal|p1a: Floette|98/100|[from] drain|[of] p2a: Garchomp\n|faint|p2a: Garchomp\n|move|p1b: Garchomp|Earthquake|p2b: Arcanine|[spread] p1a,p2b\n|-supereffective|p2b: Arcanine|1\n|-damage|p1a: Floette|68/100\n|-damage|p2b: Arcanine|10/100\n|\n|-heal|p2b: Arcanine|16/100|[from] item: Leftovers\n|upkeep\n|\n|t:|1776346412\n|switch|p2a: Rotom|Rotom-Wash, L50|100/100\n|turn|5\n|\n|t:|1776346428\n|move|p1a: Floette|Protect|p1a: Floette\n|-singleturn|p1a: Floette|Protect\n|move|p2a: Rotom|Hydro Pump|p1b: Garchomp\n|-damage|p1b: Garchomp|2/100\n|move|p2b: Arcanine|Flare Blitz|p1a: Floette\n|-activate|p1a: Floette|move: Protect\n|move|p1b: Garchomp|Rock Slide|p2a: Rotom|[spread] p2a,p2b\n|-supereffective|p2b: Arcanine|1\n|-damage|p2a: Rotom|77/100\n|-damage|p2b: Arcanine|0 fnt\n|faint|p2b: Arcanine\n|\n|upkeep\n|turn|6\n|-message|12435b forfeited.\n|\n|win|ClutchTecco\n|raw|ClutchTecco's rating: 1109 &rarr; <strong>1134</strong><br />(+25 for winning)\n|raw|12435b's rating: 1112 &rarr; <strong>1087</strong><br />(-25 for losing)\n|l|\u260612435b\n|player|p2|\n",
  "uploadtime": 1776346440,
  "views": 21,
  "formatid": "gen9championsvgc2026regma",
  "rating": 1087,
  "private": 0,
  "password": null
}