{
  "id": "gen9championsvgc2026regma-2586560055",
  "format": "[Gen 9 Champions] VGC 2026 Reg M-A",
  "players": [
    "helo hru",
    "Crawsomeness"
  ],
  "log": "|j|\u2606helo hru\n|j|\u2606Crawsomeness\n|t:|1776443059\n|gametype|doubles\n|player|p1|helo hru|unknownf|1155\n|player|p2|Crawsomeness|hiker-gen4|1168\n|gen|9\n|tier|[Gen 9 Champions] VGC 2026 Reg M-A\n|rated|\n|rule|Species Clause: Limit one of each Pok\u00e9mon\n|rule|Item Clause: Limit 1 of each item\n|clearpoke\n|poke|p1|Houndoom, L50, F|\n|poke|p1|Ninetales, L50, M|\n|poke|p1|Dragonite, L50, F|\n|poke|p1|Sneasler, L50, F|\n|poke|p1|Primarina, L50, M|\n|poke|p1|Gourgeist-*, L50, F|\n|poke|p2|Basculegion, L50, M|\n|poke|p2|Incineroar, L50, F|\n|poke|p2|Gengar, L50, F|\n|poke|p2|Politoed, L50, M|\n|poke|p2|Sinistcha, L50|\n|poke|p2|Dragapult, L50, F|\n|teampreview|4\n|\n|t:|1776443126\n|teamsize|p1|4\n|teamsize|p2|4\n|start\n|switch|p1a: Houndoom|Houndoom, L50, F|100/100\n|switch|p1b: Primarina|Primarina, L50, M|100/100\n|switch|p2a: Incineroar|Incineroar, L50, F|100/100\n|switch|p2b: Gengar|Gengar, L50, F|100/100\n|-ability|p2a: Incineroar|Intimidate|boost\n|-unboost|p1a: Houndoom|atk|1\n|-unboost|p1b: Primarina|atk|1\n|turn|1\n|\n|t:|1776443153\n|switch|p1a: Gourgeist|Gourgeist-Super, L50, F|100/100\n|-item|p2a: Incineroar|Sitrus Berry|[from] ability: Frisk|[of] p1a: Gourgeist\n|-item|p2b: Gengar|Gengarite|[from] ability: Frisk|[of] p1a: Gourgeist\n|move|p2b: Gengar|Protect|p2b: Gengar\n|-singleturn|p2b: Gengar|Protect\n|move|p2a: Incineroar|Parting Shot|p1a: Gourgeist\n|-unboost|p1a: Gourgeist|atk|1\n|-unboost|p1a: Gourgeist|spa|1\n|\n|t:|1776443164\n|switch|p2a: Politoed|Politoed, L50, M|100/100|[from] Parting Shot\n|-weather|RainDance|[from] ability: Drizzle|[of] p2a: Politoed\n|move|p1b: Primarina|Hyper Voice|p2b: Gengar|[spread] p2a\n|-activate|p2b: Gengar|move: Protect\n|-resisted|p2a: Politoed|1\n|-crit|p2a: Politoed\n|-damage|p2a: Politoed|64/100\n|\n|-weather|RainDance|[upkeep]\n|-heal|p2a: Politoed|71/100|[from] item: Leftovers\n|upkeep\n|turn|2\n|\n|t:|1776443179\n|move|p2b: Gengar|Disable|p1b: Primarina\n|-start|p1b: Primarina|Disable|Hyper Voice\n|move|p2a: Politoed|Encore|p1b: Primarina\n|-start|p1b: Primarina|Encore\n|cant|p1b: Primarina|Disable|Hyper Voice\n|move|p1a: Gourgeist|Poltergeist|p2b: Gengar\n|-activate|p2b: Gengar|move: Poltergeist|Gengarite\n|-supereffective|p2b: Gengar|1\n|-damage|p2b: Gengar|4/100\n|\n|-weather|RainDance|[upkeep]\n|-heal|p2a: Politoed|77/100|[from] item: Leftovers\n|upkeep\n|turn|3\n|\n|t:|1776443200\n|detailschange|p2b: Gengar|Gengar-Mega, L50, F\n|-mega|p2b: Gengar|Gengar|Gengarite\n|move|p1a: Gourgeist|Shadow Sneak|p2b: Gengar\n|-supereffective|p2b: Gengar|1\n|-damage|p2b: Gengar|0 fnt\n|faint|p2b: Gengar\n|move|p2a: Politoed|Perish Song|p2a: Politoed\n|-start|p1a: Gourgeist|perish3|[silent]\n|-start|p1b: Primarina|perish3|[silent]\n|-start|p2a: Politoed|perish3|[silent]\n|-fieldactivate|move: Perish Song\n|-activate|p1b: Primarina|move: Struggle\n|move|p1b: Primarina|Struggle|p2a: Politoed\n|-damage|p2a: Politoed|71/100\n|-damage|p1b: Primarina|75/100|[from] recoil\n|\n|-weather|RainDance|[upkeep]\n|-heal|p2a: Politoed|77/100|[from] item: Leftovers\n|-start|p2a: Politoed|perish3\n|-start|p1b: Primarina|perish3\n|-start|p1a: Gourgeist|perish3\n|upkeep\n|\n|t:|1776443210\n|switch|p2b: Incineroar|Incineroar, L50, F|100/100\n|-ability|p2b: Incineroar|Intimidate|boost\n|-unboost|p1a: Gourgeist|atk|1\n|-unboost|p1b: Primarina|atk|1\n|turn|4\n|c|\u2606helo hru|disable gengar is sick\n|\n|t:|1776443240\n|switch|p2a: Basculegion|Basculegion, L50, M|100/100\n|switch|p1b: Dragonite|Dragonite, L50, F|100/100\n|move|p2b: Incineroar|Darkest Lariat|p1a: Gourgeist\n|-supereffective|p1a: Gourgeist|1\n|-damage|p1a: Gourgeist|60/100\n|move|p1a: Gourgeist|Trick Room|p1a: Gourgeist\n|-fieldstart|move: Trick Room|[of] p1a: Gourgeist\n|\n|-weather|RainDance|[upkeep]\n|-start|p1a: Gourgeist|perish2\n|upkeep\n|turn|5\n|\n|t:|1776443257\n|switch|p2a: Politoed|Politoed, L50, M|77/100\n|move|p1a: Gourgeist|Poltergeist|p2a: Politoed\n|-activate|p2a: Politoed|move: Poltergeist|Leftovers\n|-damage|p2a: Politoed|57/100\n|move|p2b: Incineroar|Darkest Lariat|p1a: Gourgeist\n|-supereffective|p1a: Gourgeist|1\n|-damage|p1a: Gourgeist|15/100\n|move|p1b: Dragonite|Dragon Claw|p2a: Politoed\n|-damage|p2a: Politoed|18/100\n|\n|-weather|none\n|-heal|p2a: Politoed|24/100|[from] item: Leftovers\n|-start|p1a: Gourgeist|perish1\n|upkeep\n|turn|6\n|\n|t:|1776443273\n|switch|p1a: Primarina|Primarina, L50, M|75/100\n|switch|p2a: Basculegion|Basculegion, L50, M|100/100\n|move|p2b: Incineroar|Darkest Lariat|p1a: Primarina\n|-resisted|p1a: Primarina|1\n|-damage|p1a: Primarina|57/100\n|move|p1b: Dragonite|Dragon Claw|p2a: Basculegion\n|-damage|p2a: Basculegion|50/100\n|\n|upkeep\n|turn|7\n|\n|t:|1776443290\n|switch|p2a: Politoed|Politoed, L50, M|24/100\n|-weather|RainDance|[from] ability: Drizzle|[of] p2a: Politoed\n|move|p1a: Primarina|Hyper Voice|p2b: Incineroar|[spread] p2a,p2b\n|-resisted|p2a: Politoed|1\n|-supereffective|p2b: Incineroar|1\n|-damage|p2a: Politoed|2/100\n|-damage|p2b: Incineroar|8/100\n|-enditem|p2b: Incineroar|Sitrus Berry|[eat]\n|-heal|p2b: Incineroar|33/100|[from] item: Sitrus Berry\n|move|p2b: Incineroar|Darkest Lariat|p1b: Dragonite\n|-damage|p1b: Dragonite|83/100\n|move|p1b: Dragonite|Dragon Claw|p2a: Politoed\n|-damage|p2a: Politoed|0 fnt\n|faint|p2a: Politoed\n|\n|-weather|RainDance|[upkeep]\n|-heal|p1b: Dragonite|89/100|[from] item: Leftovers\n|upkeep\n|\n|t:|1776443303\n|switch|p2a: Basculegion|Basculegion, L50, M|50/100\n|turn|8\n|\n|t:|1776443310\n|move|p2b: Incineroar|Protect|p2b: Incineroar\n|-singleturn|p2b: Incineroar|Protect\n|move|p1a: Primarina|Hyper Voice|p2b: Incineroar|[spread] p2a\n|-activate|p2b: Incineroar|move: Protect\n|-resisted|p2a: Basculegion|1\n|-damage|p2a: Basculegion|19/100\n|move|p1b: Dragonite|Tailwind|p1b: Dragonite\n|-sidestart|p1: helo hru|move: Tailwind\n|move|p2a: Basculegion|Last Respects|p1b: Dragonite\n|-damage|p1b: Dragonite|19/100\n|\n|-weather|RainDance|[upkeep]\n|-heal|p1b: Dragonite|25/100|[from] item: Leftovers\n|-fieldend|move: Trick Room\n|upkeep\n|turn|9\n|\n|t:|1776443324\n|move|p2a: Basculegion|Last Respects|p1a: Primarina\n|-damage|p1a: Primarina|0 fnt\n|faint|p1a: Primarina\n|move|p1b: Dragonite|Dragon Claw|p2a: Basculegion\n|-damage|p2a: Basculegion|0 fnt\n|faint|p2a: Basculegion\n|move|p2b: Incineroar|Darkest Lariat|p1b: Dragonite\n|-damage|p1b: Dragonite|0 fnt\n|faint|p1b: Dragonite\n|\n|-weather|RainDance|[upkeep]\n|upkeep\n|\n|t:|1776443330\n|switch|p1b: Gourgeist|Gourgeist-Super, L50, F|15/100\n|switch|p1a: Houndoom|Houndoom, L50, F|100/100\n|turn|10\n|\n|t:|1776443352\n|detailschange|p1a: Houndoom|Houndoom-Mega, L50, F\n|-mega|p1a: Houndoom|Houndoom|Houndoominite\n|move|p1b: Gourgeist|Shadow Sneak|p2b: Incineroar\n|-resisted|p2b: Incineroar|1\n|-crit|p2b: Incineroar\n|-damage|p2b: Incineroar|24/100\n|move|p1a: Houndoom|Dark Pulse|p2b: Incineroar\n|-resisted|p2b: Incineroar|1\n|-damage|p2b: Incineroar|7/100\n|move|p2b: Incineroar|Darkest Lariat|p1a: Houndoom\n|-resisted|p1a: Houndoom|1\n|-damage|p1a: Houndoom|78/100\n|\n|-weather|RainDance|[upkeep]\n|upkeep\n|turn|11\n|-message|Crawsomeness forfeited.\n|\n|win|helo hru\n|raw|helo hru's rating: 1155 &rarr; <strong>1181</strong><br />(+26 for winning)\n|raw|Crawsomeness's rating: 1168 &rarr; <strong>1142</strong><br />(-26 for losing)\n|l|\u2606Crawsomeness\n|player|p2|\n",
  "uploadtime": 1776443370,
  "views": 32,
  "formatid": "gen9championsvgc2026regma",
  "rating": 1142,
  "private": 0,
  "password": null
}