{
  "id": "gen9championsvgc2026regma-2587856312",
  "format": "[Gen 9 Champions] VGC 2026 Reg M-A",
  "players": [
    "JamminXZO",
    "Spottedwoot"
  ],
  "log": "|j|\u2606JamminXZO\n|j|\u2606Spottedwoot\n|t:|1776571166\n|gametype|doubles\n|player|p1|JamminXZO|170|1428\n|player|p2|Spottedwoot|102|1489\n|gen|9\n|tier|[Gen 9 Champions] VGC 2026 Reg M-A\n|rated|\n|rule|Species Clause: Limit one of each Pok\u00e9mon\n|rule|Item Clause: Limit 1 of each item\n|clearpoke\n|poke|p1|Aggron, L50, M|\n|poke|p1|Incineroar, L50, M|\n|poke|p1|Sinistcha-Masterpiece, L50|\n|poke|p1|Pelipper, L50, F|\n|poke|p1|Clefable, L50, F|\n|poke|p1|Basculegion, L50, M|\n|poke|p2|Gengar, L50, F|\n|poke|p2|Rotom-Wash, L50|\n|poke|p2|Incineroar, L50, F|\n|poke|p2|Sinistcha, L50|\n|poke|p2|Garchomp, L50, M|\n|poke|p2|Kingambit, L50, F|\n|teampreview|4\n|\n|t:|1776571200\n|teamsize|p1|4\n|teamsize|p2|4\n|start\n|switch|p1a: Basculegion|Basculegion, L50, M|100/100\n|switch|p1b: Pelipper|Pelipper, L50, F|100/100\n|switch|p2a: Gengar|Gengar, L50, F|100/100\n|switch|p2b: Rotom|Rotom-Wash, L50|100/100\n|-weather|RainDance|[from] ability: Drizzle|[of] p1b: Pelipper\n|turn|1\n|\n|t:|1776571212\n|detailschange|p2a: Gengar|Gengar-Mega, L50, F\n|-mega|p2a: Gengar|Gengar|Gengarite\n|move|p2a: Gengar|Protect|p2a: Gengar\n|-singleturn|p2a: Gengar|Protect\n|move|p1b: Pelipper|Protect|p1b: Pelipper\n|-singleturn|p1b: Pelipper|Protect\n|move|p1a: Basculegion|Flip Turn|p2a: Gengar\n|-activate|p2a: Gengar|move: Protect\n|move|p2b: Rotom|Volt Switch|p1a: Basculegion\n|-supereffective|p1a: Basculegion|1\n|-damage|p1a: Basculegion|40/100\n|\n|t:|1776571223\n|switch|p2b: Incineroar|Incineroar, L50, F|100/100|[from] Volt Switch\n|-ability|p2b: Incineroar|Intimidate|boost\n|-unboost|p1a: Basculegion|atk|1\n|-unboost|p1b: Pelipper|atk|1\n|\n|-weather|RainDance|[upkeep]\n|upkeep\n|turn|2\n|\n|t:|1776571231\n|move|p2b: Incineroar|Fake Out|p1b: Pelipper\n|-damage|p1b: Pelipper|87/100\n|move|p1a: Basculegion|Flip Turn|p2a: Gengar\n|-damage|p2a: Gengar|54/100\n|\n|t:|1776571236\n|switch|p1a: Incineroar|Incineroar, L50, M|100/100|[from] Flip Turn\n|-ability|p1a: Incineroar|Intimidate|boost\n|-unboost|p2a: Gengar|atk|1\n|-unboost|p2b: Incineroar|atk|1\n|move|p2a: Gengar|Shadow Ball|p1a: Incineroar\n|-resisted|p1a: Incineroar|1\n|-damage|p1a: Incineroar|83/100\n|-unboost|p1a: Incineroar|spd|1\n|cant|p1b: Pelipper|flinch\n|\n|-weather|RainDance|[upkeep]\n|upkeep\n|turn|3\n|\n|t:|1776571245\n|switch|p2a: Rotom|Rotom-Wash, L50|100/100\n|move|p1b: Pelipper|Weather Ball|p2b: Incineroar\n|-supereffective|p2b: Incineroar|1\n|-damage|p2b: Incineroar|0 fnt\n|faint|p2b: Incineroar\n|move|p1a: Incineroar|Throat Chop|p2a: Rotom\n|-damage|p2a: Rotom|69/100\n|-start|p2a: Rotom|Throat Chop|[silent]\n|\n|-weather|RainDance|[upkeep]\n|upkeep\n|\n|t:|1776571253\n|switch|p2b: Garchomp|Garchomp, L50, M|100/100\n|turn|4\n|\n|t:|1776571275\n|move|p1b: Pelipper|Protect|p1b: Pelipper\n|-singleturn|p1b: Pelipper|Protect\n|move|p2b: Garchomp|Stomping Tantrum|p1a: Incineroar\n|-supereffective|p1a: Incineroar|1\n|-damage|p1a: Incineroar|7/100\n|move|p2a: Rotom|Volt Switch|p1b: Pelipper\n|-activate|p1b: Pelipper|move: Protect\n|move|p1a: Incineroar|Parting Shot|p2b: Garchomp\n|-unboost|p2b: Garchomp|atk|1\n|-unboost|p2b: Garchomp|spa|1\n|\n|t:|1776571286\n|switch|p1a: Aggron|Aggron, L50, M|100/100|[from] Parting Shot\n|\n|-weather|RainDance|[upkeep]\n|-end|p2a: Rotom|Throat Chop|[silent]\n|upkeep\n|turn|5\n|\n|t:|1776571298\n|switch|p1b: Incineroar|Incineroar, L50, M|7/100\n|-ability|p1b: Incineroar|Intimidate|boost\n|-unboost|p2a: Rotom|atk|1\n|-unboost|p2b: Garchomp|atk|1\n|detailschange|p1a: Aggron|Aggron-Mega, L50, M\n|-mega|p1a: Aggron|Aggron|Aggronite\n|move|p2b: Garchomp|Stomping Tantrum|p1a: Aggron\n|-supereffective|p1a: Aggron|1\n|-damage|p1a: Aggron|82/100\n|move|p2a: Rotom|Hydro Pump|p1a: Aggron\n|-damage|p1a: Aggron|26/100\n|move|p1a: Aggron|Iron Defense|p1a: Aggron\n|-boost|p1a: Aggron|def|2\n|\n|-weather|none\n|upkeep\n|turn|6\n|\n|t:|1776571313\n|move|p2a: Rotom|Protect|p2a: Rotom\n|-singleturn|p2a: Rotom|Protect\n|move|p1b: Incineroar|Fake Out|p2a: Rotom\n|-activate|p2a: Rotom|move: Protect\n|move|p2b: Garchomp|Stomping Tantrum|p1b: Incineroar\n|-supereffective|p1b: Incineroar|1\n|-damage|p1b: Incineroar|0 fnt\n|faint|p1b: Incineroar\n|move|p1a: Aggron|Body Press|p2a: Rotom\n|-activate|p2a: Rotom|move: Protect\n|\n|upkeep\n|\n|t:|1776571320\n|switch|p1b: Basculegion|Basculegion, L50, M|40/100\n|turn|7\n|\n|t:|1776571325\n|move|p1b: Basculegion|Last Respects|p2a: Rotom\n|-damage|p2a: Rotom|2/100\n|-enditem|p2a: Rotom|Sitrus Berry|[eat]\n|-heal|p2a: Rotom|27/100|[from] item: Sitrus Berry\n|move|p2b: Garchomp|Stomping Tantrum|p1b: Basculegion\n|-damage|p1b: Basculegion|10/100\n|move|p2a: Rotom|Hydro Pump|p1a: Aggron\n|-damage|p1a: Aggron|0 fnt\n|faint|p1a: Aggron\n|\n|upkeep\n|\n|t:|1776571334\n|switch|p1a: Pelipper|Pelipper, L50, F|87/100\n|-weather|RainDance|[from] ability: Drizzle|[of] p1a: Pelipper\n|turn|8\n|\n|t:|1776571343\n|move|p1b: Basculegion|Last Respects|p2a: Rotom\n|-damage|p2a: Rotom|0 fnt\n|faint|p2a: Rotom\n|move|p2b: Garchomp|Stomping Tantrum|p1b: Basculegion\n|-damage|p1b: Basculegion|0 fnt\n|faint|p1b: Basculegion\n|move|p1a: Pelipper|Weather Ball|p2b: Garchomp\n|-damage|p2b: Garchomp|22/100\n|\n|-weather|RainDance|[upkeep]\n|upkeep\n|\n|t:|1776571345\n|switch|p2a: Gengar|Gengar-Mega, L50, F|54/100\n|turn|9\n|\n|t:|1776571349\n|move|p2a: Gengar|Sludge Bomb|p1a: Pelipper\n|-damage|p1a: Pelipper|9/100\n|move|p2b: Garchomp|Dragon Claw|p1a: Pelipper\n|-damage|p1a: Pelipper|0 fnt\n|faint|p1a: Pelipper\n|\n|win|Spottedwoot\n|raw|JamminXZO's rating: 1428 &rarr; <strong>1411</strong><br />(-17 for losing)\n|raw|Spottedwoot's rating: 1489 &rarr; <strong>1506</strong><br />(+17 for winning)\n|l|\u2606JamminXZO\n|player|p1|\n|l|\u2606Spottedwoot\n|player|p2|\n",
  "uploadtime": 1776571386,
  "views": 16,
  "formatid": "gen9championsvgc2026regma",
  "rating": 1411,
  "private": 0,
  "password": null
}