{
  "id": "gen9championsvgc2026regma-2581528466",
  "format": "[Gen 9 Champions] VGC 2026 Reg M-A",
  "players": [
    "Marcio Lira",
    "Slyscor"
  ],
  "log": "|j|\u2606Marcio Lira\n|j|\u2606Slyscor\n|t:|1776008441\n|gametype|doubles\n|player|p1|Marcio Lira|bugcatcher-gen4dp|1098\n|player|p2|Slyscor|1|1025\n|gen|9\n|tier|[Gen 9 Champions] VGC 2026 Reg M-A\n|rated|\n|rule|Species Clause: Limit one of each Pok\u00e9mon\n|rule|Item Clause: Limit 1 of each item\n|clearpoke\n|poke|p1|Incineroar, L50, M|\n|poke|p1|Archaludon, L50, M|\n|poke|p1|Pelipper, L50, M|\n|poke|p1|Floette-Eternal, L50, F|\n|poke|p1|Sinistcha, L50|\n|poke|p1|Maushold, L50|\n|poke|p2|Meganium, L50, F|\n|poke|p2|Archaludon, L50, F|\n|poke|p2|Basculegion, L50, M|\n|poke|p2|Maushold-Four, L50|\n|poke|p2|Talonflame, L50, M|\n|poke|p2|Politoed, L50, M|\n|teampreview|4\nMarcio Lira rejected open team sheets.\n|\n|t:|1776008504\n|teamsize|p1|4\n|teamsize|p2|4\n|start\n|switch|p1a: Floette|Floette-Eternal, L50, F|100/100\n|switch|p1b: Incineroar|Incineroar, L50, M|100/100\n|switch|p2a: Talonflame|Talonflame, L50, M|100/100\n|switch|p2b: Archaludon|Archaludon, L50, F, shiny|100/100\n|-ability|p1b: Incineroar|Intimidate|boost\n|-unboost|p2a: Talonflame|atk|1\n|-unboost|p2b: Archaludon|atk|1\n|-enditem|p2b: Archaludon|White Herb\n|-clearnegativeboost|p2b: Archaludon|[silent]\n|turn|1\n|\n|t:|1776008521\n|detailschange|p1a: Floette|Floette-Mega, L50, F\n|-mega|p1a: Floette|Floette|Floettite\n|-ability|p1a: Floette|Fairy Aura\n|move|p2a: Talonflame|Quick Guard|p2a: Talonflame\n|-singleturn|p2a: Talonflame|Quick Guard\n|move|p1b: Incineroar|Fake Out|p2a: Talonflame\n|-activate|p2a: Talonflame|move: Quick Guard\n|move|p2b: Archaludon|Flash Cannon|p1a: Floette\n|-supereffective|p1a: Floette|1\n|-damage|p1a: Floette|44/100\n|move|p1a: Floette|Calm Mind|p1a: Floette\n|-boost|p1a: Floette|spa|1\n|-boost|p1a: Floette|spd|1\n|\n|upkeep\n|turn|2\n|\n|t:|1776008541\n|switch|p1b: Sinistcha|Sinistcha, L50|100/100\n|-heal|p1a: Floette|69/100|[from] ability: Hospitality|[of] p1b: Sinistcha\n|move|p2a: Talonflame|Tailwind|p2a: Talonflame\n|-sidestart|p2: Slyscor|move: Tailwind\n|move|p2b: Archaludon|Flash Cannon|p1a: Floette\n|-supereffective|p1a: Floette|1\n|-damage|p1a: Floette|33/100\n|move|p1a: Floette|Calm Mind|p1a: Floette\n|-boost|p1a: Floette|spa|1\n|-boost|p1a: Floette|spd|1\n|\n|upkeep\n|turn|3\n|\n|t:|1776008558\n|move|p1a: Floette|Protect|p1a: Floette\n|-singleturn|p1a: Floette|Protect\n|move|p2a: Talonflame|Rain Dance|p2a: Talonflame\n|-weather|RainDance\n|move|p2b: Archaludon|Electro Shot||[still]\n|-prepare|p2b: Archaludon|Electro Shot\n|-boost|p2b: Archaludon|spa|1\n|-anim|p2b: Archaludon|Electro Shot|p1a: Floette\n|-activate|p1a: Floette|move: Protect\n|move|p1b: Sinistcha|Life Dew||[still]|[spread] p1a,p1b\n|-heal|p1a: Floette|57/100\n|-fail|p1b: Sinistcha|heal\n|\n|-weather|RainDance|[upkeep]\n|upkeep\n|turn|4\n|\n|t:|1776008599\n|move|p2a: Talonflame|Hurricane|p1b: Sinistcha\n|-supereffective|p1b: Sinistcha|1\n|-damage|p1b: Sinistcha|28/100\n|move|p2b: Archaludon|Electro Shot||[still]\n|-prepare|p2b: Archaludon|Electro Shot\n|-boost|p2b: Archaludon|spa|1\n|-anim|p2b: Archaludon|Electro Shot|p1a: Floette\n|-damage|p1a: Floette|26/100\n|move|p1a: Floette|Draining Kiss|p2a: Talonflame\n|-resisted|p2a: Talonflame|1\n|-damage|p2a: Talonflame|44/100\n|-heal|p1a: Floette|62/100|[from] drain|[of] p2a: Talonflame\n|move|p1b: Sinistcha|Life Dew|p1b: Sinistcha|[spread] p1a,p1b\n|-heal|p1a: Floette|87/100\n|-heal|p1b: Sinistcha|54/100\n|\n|-weather|RainDance|[upkeep]\n|upkeep\n|turn|5\n|\n|t:|1776008630\n|move|p1b: Sinistcha|Rage Powder|p1b: Sinistcha\n|-singleturn|p1b: Sinistcha|move: Rage Powder\n|move|p2a: Talonflame|Hurricane|p1b: Sinistcha\n|-supereffective|p1b: Sinistcha|1\n|-damage|p1b: Sinistcha|0 fnt\n|faint|p1b: Sinistcha\n|move|p2b: Archaludon|Electro Shot||[still]\n|-prepare|p2b: Archaludon|Electro Shot\n|-boost|p2b: Archaludon|spa|1\n|-anim|p2b: Archaludon|Electro Shot|p1a: Floette\n|-damage|p1a: Floette|50/100\n|move|p1a: Floette|Dazzling Gleam|p2b: Archaludon|[spread] p2a,p2b\n|-resisted|p2a: Talonflame|1\n|-damage|p2a: Talonflame|0 fnt\n|-ability|p2b: Archaludon|Sturdy\n|-damage|p2b: Archaludon|1/100\n|faint|p2a: Talonflame\n|\n|-weather|RainDance|[upkeep]\n|-sideend|p2: Slyscor|move: Tailwind\n|upkeep\n|\n|t:|1776008659\n|switch|p2a: Maushold|Maushold-Four, L50|100/100\n|switch|p1b: Maushold|Maushold, L50|100/100\n|turn|6\n|\n|t:|1776008676\n|move|p1a: Floette|Protect|p1a: Floette\n|-singleturn|p1a: Floette|Protect\n|move|p2a: Maushold|Follow Me|p2a: Maushold\n|-singleturn|p2a: Maushold|move: Follow Me\n|move|p1b: Maushold|Taunt|p2a: Maushold\n|-start|p2a: Maushold|move: Taunt\n|move|p2b: Archaludon|Flash Cannon|p1a: Floette\n|-activate|p1a: Floette|move: Protect\n|\n|-weather|RainDance|[upkeep]\n|upkeep\n|turn|7\n|\n|t:|1776008705\n|switch|p2a: Meganium|Meganium, L50, F|100/100\n|move|p1b: Maushold|Feint|p2b: Archaludon\n|-resisted|p2b: Archaludon|1\n|-damage|p2b: Archaludon|0 fnt\n|faint|p2b: Archaludon\n|move|p1a: Floette|Draining Kiss|p2a: Meganium\n|-damage|p2a: Meganium|29/100\n|-heal|p1a: Floette|100/100|[from] drain|[of] p2a: Meganium\n|\n|-weather|none\n|upkeep\n|c|\u2606Slyscor|zzzzzz\n|\n|t:|1776008720\n|switch|p2b: Maushold|Maushold-Four, L50|100/100\n|turn|8\n|\n|t:|1776008740\n|detailschange|p2a: Meganium|Meganium-Mega, L50, F\n|-mega|p2a: Meganium|Meganium|Meganiumite\n|move|p1b: Maushold|Follow Me|p1b: Maushold\n|-singleturn|p1b: Maushold|move: Follow Me\n|move|p2b: Maushold|Population Bomb|p1b: Maushold\n|-damage|p1b: Maushold|86/100\n|-damage|p1b: Maushold|72/100\n|-damage|p1b: Maushold|58/100\n|-damage|p1b: Maushold|42/100\n|-damage|p1b: Maushold|27/100\n|-hitcount|p1b: Maushold|5\n|move|p1a: Floette|Dazzling Gleam|p2a: Meganium|[spread] p2a,p2b\n|-damage|p2a: Meganium|0 fnt\n|-enditem|p2b: Maushold|Focus Sash\n|-damage|p2b: Maushold|1/100\n|faint|p2a: Meganium\n|\n|upkeep\n|turn|9\n|c|\u2606Marcio Lira|gg\n|-message|Slyscor forfeited.\n|\n|win|Marcio Lira\n|raw|Marcio Lira's rating: 1098 &rarr; <strong>1118</strong><br />(+20 for winning)\n|raw|Slyscor's rating: 1025 &rarr; <strong>1014</strong><br />(-11 for losing)\n|c|\u2606Slyscor|boring\n",
  "uploadtime": 1776008762,
  "views": 17,
  "formatid": "gen9championsvgc2026regma",
  "rating": 1014,
  "private": 0,
  "password": null
}