{
  "id": "gen9championsvgc2026regma-2580315838",
  "format": "[Gen 9 Champions] VGC 2026 Reg M-A",
  "players": [
    "SoulKingRay",
    "eevee1ynn"
  ],
  "log": "|j|\u2606SoulKingRay\n|j|\u2606eevee1ynn\n|t:|1775879530\n|gametype|doubles\n|player|p1|SoulKingRay|brock|1026\n|player|p2|eevee1ynn|lass-gen8|1000\n|gen|9\n|tier|[Gen 9 Champions] VGC 2026 Reg M-A\n|rated|\n|rule|Species Clause: Limit one of each Pok\u00e9mon\n|rule|Item Clause: Limit 1 of each item\n|clearpoke\n|poke|p1|Torkoal, L50, F|\n|poke|p1|Typhlosion-Hisui, L50, M|\n|poke|p1|Whimsicott, L50, M|\n|poke|p1|Kingambit, L50, M|\n|poke|p1|Sneasler, L50, M|\n|poke|p1|Blastoise, L50, F|\n|poke|p2|Samurott-Hisui, L50, M|\n|poke|p2|Arcanine-Hisui, L50, F|\n|poke|p2|Ninetales-Alola, L50, F|\n|poke|p2|Sneasler, L50, M|\n|poke|p2|Gengar, L50, F|\n|poke|p2|Clefable, L50, F|\n|teampreview|4\n|inactive|Battle timer is ON: inactive players will automatically lose when time's up. (requested by SoulKingRay)\n|\n|t:|1775879571\n|teamsize|p1|4\n|teamsize|p2|4\n|start\n|switch|p1a: Torkoal|Torkoal, L50, F|100/100\n|switch|p1b: Typhlosion|Typhlosion-Hisui, L50, M|100/100\n|switch|p2a: Samurott|Samurott-Hisui, L50, M|100/100\n|switch|p2b: Sneasler|Sneasler, L50, M|100/100\n|-item|p2a: Samurott|Scope Lens|[from] ability: Frisk|[of] p1b: Typhlosion\n|-item|p2b: Sneasler|White Herb|[from] ability: Frisk|[of] p1b: Typhlosion\n|-weather|SunnyDay|[from] ability: Drought|[of] p1a: Torkoal\n|turn|1\n|\n|t:|1775879592\n|move|p1a: Torkoal|Helping Hand|p1b: Typhlosion\n|-singleturn|p1b: Typhlosion|Helping Hand|[of] p1a: Torkoal\n|move|p2b: Sneasler|Fake Out|p1a: Torkoal\n|-damage|p1a: Torkoal|89/100\n|move|p2a: Samurott|Sucker Punch|p1b: Typhlosion\n|-supereffective|p1b: Typhlosion|1\n|-damage|p1b: Typhlosion|3/100\n|move|p1b: Typhlosion|Eruption|p2b: Sneasler|[spread] p2a,p2b\n|-resisted|p2a: Samurott|1\n|-damage|p2a: Samurott|99/100\n|-damage|p2b: Sneasler|96/100\n|\n|-weather|SunnyDay|[upkeep]\n|-heal|p1a: Torkoal|95/100|[from] item: Leftovers\n|upkeep\n|turn|2\n|\n|t:|1775879614\n|move|p2a: Samurott|Sucker Punch|p1b: Typhlosion\n|-supereffective|p1b: Typhlosion|1\n|-crit|p1b: Typhlosion\n|-damage|p1b: Typhlosion|0 fnt\n|faint|p1b: Typhlosion\n|move|p2b: Sneasler|Close Combat|p1a: Torkoal\n|-damage|p1a: Torkoal|43/100\n|-unboost|p2b: Sneasler|def|1\n|-unboost|p2b: Sneasler|spd|1\n|-enditem|p2b: Sneasler|White Herb\n|-clearnegativeboost|p2b: Sneasler|[silent]\n|move|p1a: Torkoal|Will-O-Wisp|p2a: Samurott\n|-status|p2a: Samurott|brn\n|\n|-weather|SunnyDay|[upkeep]\n|-heal|p1a: Torkoal|49/100|[from] item: Leftovers\n|-damage|p2a: Samurott|93/100 brn|[from] brn\n|upkeep\n|\n|t:|1775879632\n|switch|p1b: Kingambit|Kingambit, L50, M|100/100\n|turn|3\n|\n|t:|1775879641\n|move|p1b: Kingambit|Protect|p1b: Kingambit\n|-singleturn|p1b: Kingambit|Protect\n|move|p2b: Sneasler|Close Combat|p1b: Kingambit\n|-activate|p1b: Kingambit|move: Protect\n|move|p2a: Samurott|Aqua Cutter|p1a: Torkoal\n|-supereffective|p1a: Torkoal|1\n|-crit|p1a: Torkoal\n|-damage|p1a: Torkoal|21/100\n|move|p1a: Torkoal|Will-O-Wisp|p2b: Sneasler|[miss]\n|-miss|p1a: Torkoal|p2b: Sneasler\n|\n|-weather|SunnyDay|[upkeep]\n|-heal|p1a: Torkoal|27/100|[from] item: Leftovers\n|-damage|p2a: Samurott|87/100 brn|[from] brn\n|upkeep\n|turn|4\n|inactive|SoulKingRay has 30 seconds left.\n|\n|t:|1775879667\n|switch|p1b: Blastoise|Blastoise, L50, F|100/100\n|move|p2b: Sneasler|Close Combat|p1b: Blastoise\n|-damage|p1b: Blastoise|38/100\n|-unboost|p2b: Sneasler|def|1\n|-unboost|p2b: Sneasler|spd|1\n|move|p2a: Samurott|Aqua Cutter|p1a: Torkoal\n|-supereffective|p1a: Torkoal|1\n|-damage|p1a: Torkoal|9/100\n|move|p1a: Torkoal|Will-O-Wisp|p2b: Sneasler\n|-status|p2b: Sneasler|brn\n|\n|-weather|SunnyDay|[upkeep]\n|-heal|p1a: Torkoal|15/100|[from] item: Leftovers\n|-damage|p2b: Sneasler|91/100 brn|[from] brn\n|-damage|p2a: Samurott|82/100 brn|[from] brn\n|upkeep\n|turn|5\n|inactive|SoulKingRay has 30 seconds left.\n|\n|t:|1775879692\n|switch|p2b: Gengar|Gengar, L50, F|100/100\n|detailschange|p1b: Blastoise|Blastoise-Mega, L50, F\n|-mega|p1b: Blastoise|Blastoise|Blastoisinite\n|move|p1a: Torkoal|Helping Hand|p1b: Blastoise\n|-singleturn|p1b: Blastoise|Helping Hand|[of] p1a: Torkoal\n|move|p2a: Samurott|Aqua Cutter|p1a: Torkoal\n|-supereffective|p1a: Torkoal|1\n|-damage|p1a: Torkoal|0 fnt\n|faint|p1a: Torkoal\n|move|p1b: Blastoise|Dragon Pulse|p2b: Gengar\n|-damage|p2b: Gengar|1/100\n|\n|-weather|none\n|-damage|p2a: Samurott|76/100 brn|[from] brn\n|upkeep\n|\n|t:|1775879708\n|switch|p1a: Kingambit|Kingambit, L50, M|100/100\n|turn|6\n|\n|t:|1775879729\n|detailschange|p2b: Gengar|Gengar-Mega, L50, F\n|-mega|p2b: Gengar|Gengar|Gengarite\n|move|p1a: Kingambit|Sucker Punch|p2a: Samurott\n|-resisted|p2a: Samurott|1\n|-damage|p2a: Samurott|57/100 brn\n|move|p2b: Gengar|Perish Song|p2b: Gengar\n|-start|p1a: Kingambit|perish3|[silent]\n|-start|p1b: Blastoise|perish3|[silent]\n|-start|p2a: Samurott|perish3|[silent]\n|-start|p2b: Gengar|perish3|[silent]\n|-fieldactivate|move: Perish Song\n|move|p2a: Samurott|Ceaseless Edge|p1b: Blastoise\n|-damage|p1b: Blastoise|21/100\n|-sidestart|p1: SoulKingRay|Spikes\n|move|p1b: Blastoise|Aura Sphere|p2a: Samurott\n|-supereffective|p2a: Samurott|1\n|-damage|p2a: Samurott|0 fnt\n|faint|p2a: Samurott\n|\n|-start|p2b: Gengar|perish3\n|-start|p1b: Blastoise|perish3\n|-start|p1a: Kingambit|perish3\n|upkeep\n|\n|t:|1775879738\n|switch|p2a: Sneasler|Sneasler, L50, M|91/100 brn\n|turn|7\n|\n|t:|1775879751\n|move|p2a: Sneasler|Fake Out|p1a: Kingambit\n|-resisted|p1a: Kingambit|1\n|-damage|p1a: Kingambit|98/100\n|cant|p1a: Kingambit|flinch\n|move|p2b: Gengar|Sludge Bomb|p1b: Blastoise\n|-damage|p1b: Blastoise|0 fnt\n|faint|p1b: Blastoise\n|\n|-damage|p2a: Sneasler|85/100 brn|[from] brn\n|-start|p2b: Gengar|perish2\n|-start|p1a: Kingambit|perish2\n|upkeep\n|turn|8\n|-message|SoulKingRay forfeited.\n|\n|win|eevee1ynn\n|raw|SoulKingRay's rating: 1026 &rarr; <strong>1011</strong><br />(-15 for losing)\n|raw|eevee1ynn's rating: 1000 &rarr; <strong>1043</strong><br />(+43 for winning)\n",
  "uploadtime": 1775879763,
  "views": 13,
  "formatid": "gen9championsvgc2026regma",
  "rating": 1011,
  "private": 0,
  "password": null
}