{
  "id": "gen9championsvgc2026regma-2583780262",
  "format": "[Gen 9 Champions] VGC 2026 Reg M-A",
  "players": [
    "hydrosdt122",
    "GoldenFreddy00"
  ],
  "log": "|j|\u2606hydrosdt122\n|j|\u2606GoldenFreddy00\n|t:|1776197189\n|gametype|doubles\n|player|p1|hydrosdt122|170|1000\n|player|p2|GoldenFreddy00|cynthia-gen4|1029\n|gen|9\n|tier|[Gen 9 Champions] VGC 2026 Reg M-A\n|rated|\n|rule|Species Clause: Limit one of each Pok\u00e9mon\n|rule|Item Clause: Limit 1 of each item\n|clearpoke\n|poke|p1|Delphox, L50, F|\n|poke|p1|Aerodactyl, L50, F|\n|poke|p1|Gliscor, L50, F|\n|poke|p1|Sinistcha, L50|\n|poke|p1|Gyarados, L50, M|\n|poke|p1|Primarina, L50, M|\n|poke|p2|Oranguru, L50, F|\n|poke|p2|Espathra, L50, F|\n|poke|p2|Whimsicott, L50, M|\n|poke|p2|Kingambit, L50, M|\n|poke|p2|Glalie, L50, F|\n|poke|p2|Hawlucha, L50, F|\n|teampreview|4\n|\n|t:|1776197237\n|teamsize|p1|4\n|teamsize|p2|4\n|start\n|switch|p1a: Gliscor|Gliscor, L50, F|100/100\n|switch|p1b: Gyarados|Gyarados, L50, M|100/100\n|switch|p2a: Hawlucha|Hawlucha, L50, F|100/100\n|switch|p2b: Oranguru|Oranguru, L50, F|100/100\n|-ability|p1b: Gyarados|Intimidate|boost\n|-unboost|p2a: Hawlucha|atk|1\n|-fail|p2b: Oranguru|unboost|Attack|[from] ability: Inner Focus|[of] p2b: Oranguru\n|turn|1\n|\n|t:|1776197277\n|detailschange|p2a: Hawlucha|Hawlucha-Mega, L50, F\n|-mega|p2a: Hawlucha|Hawlucha|Hawluchanite\n|detailschange|p1b: Gyarados|Gyarados-Mega, L50, M\n|-mega|p1b: Gyarados|Gyarados|Gyaradosite\n|-ability|p1b: Gyarados|Mold Breaker\n|move|p2a: Hawlucha|Protect|p2a: Hawlucha\n|-singleturn|p2a: Hawlucha|Protect\n|move|p1a: Gliscor|Ice Fang|p2a: Hawlucha\n|-activate|p2a: Hawlucha|move: Protect\n|move|p1b: Gyarados|Crunch|p2b: Oranguru\n|-supereffective|p2b: Oranguru|1\n|-damage|p2b: Oranguru|9/100\n|move|p2b: Oranguru|Trick Room|p2b: Oranguru\n|-fieldstart|move: Trick Room|[of] p2b: Oranguru\n|\n|upkeep\n|turn|2\n|\n|t:|1776197315\n|switch|p2b: Glalie|Glalie, L50, F|100/100\n|move|p1b: Gyarados|Protect|p1b: Gyarados\n|-singleturn|p1b: Gyarados|Protect\n|move|p1a: Gliscor|Ice Fang|p2a: Hawlucha\n|-supereffective|p2a: Hawlucha|1\n|-crit|p2a: Hawlucha\n|-damage|p2a: Hawlucha|48/100\n|cant|p2a: Hawlucha|flinch\n|\n|-ability|p2b: Glalie|Moody|boost\n|-boost|p2b: Glalie|spe|2\n|-unboost|p2b: Glalie|spd|1\n|upkeep\n|turn|3\n|\n|t:|1776197357\n|move|p1b: Gyarados|Crunch|p2b: Glalie\n|-damage|p2b: Glalie|54/100\n|move|p1a: Gliscor|Ice Fang|p2a: Hawlucha\n|-supereffective|p2a: Hawlucha|1\n|-damage|p2a: Hawlucha|13/100\n|move|p2a: Hawlucha|Entrainment|p2b: Glalie\n|-ability|p2b: Glalie|No Guard|Moody|[from] move: Entrainment|[of] p2a: Hawlucha\n|move|p2b: Glalie|Double Team|p2b: Glalie\n|-boost|p2b: Glalie|evasion|1\n|\n|upkeep\n|turn|4\n|\n|t:|1776197390\n|move|p2a: Hawlucha|Protect|p2a: Hawlucha\n|-singleturn|p2a: Hawlucha|Protect\n|move|p1b: Gyarados|Waterfall|p2b: Glalie\n|-damage|p2b: Glalie|12/100\n|move|p1a: Gliscor|Ice Fang|p2a: Hawlucha\n|-activate|p2a: Hawlucha|move: Protect\n|move|p2b: Glalie|Sheer Cold|p1b: Gyarados\n|-damage|p1b: Gyarados|0 fnt\n|faint|p1b: Gyarados\n|-ohko\n|\n|upkeep\n|\n|t:|1776197405\n|switch|p1b: Primarina|Primarina, L50, M|100/100\n|turn|5\n|\n|t:|1776197419\n|switch|p2a: Oranguru|Oranguru, L50, F|9/100\n|move|p1a: Gliscor|Protect|p1a: Gliscor\n|-singleturn|p1a: Gliscor|Protect\n|move|p2b: Glalie|Protect|p2b: Glalie\n|-singleturn|p2b: Glalie|Protect\n|move|p1b: Primarina|Hyper Voice|p2a: Oranguru|[spread] p2a\n|-activate|p2b: Glalie|move: Protect\n|-damage|p2a: Oranguru|0 fnt\n|faint|p2a: Oranguru\n|\n|-fieldend|move: Trick Room\n|upkeep\n|\n|t:|1776197439\n|switch|p2a: Hawlucha|Hawlucha-Mega, L50, F|13/100\n|turn|6\n|\n|t:|1776197457\n|move|p2a: Hawlucha|Protect|p2a: Hawlucha\n|-singleturn|p2a: Hawlucha|Protect\n|move|p1b: Primarina|Protect|p1b: Primarina\n|-singleturn|p1b: Primarina|Protect\n|move|p2b: Glalie|Sheer Cold|p1a: Gliscor\n|-damage|p1a: Gliscor|0 fnt\n|faint|p1a: Gliscor\n|-ohko\n|\n|upkeep\n|\n|t:|1776197464\n|switch|p1a: Sinistcha|Sinistcha, L50|100/100\n|turn|7\n|\n|t:|1776197485\n|switch|p2a: Kingambit|Kingambit, L50, M|100/100\n|-activate|p2a: Kingambit|ability: Supreme Overlord\n|-start|p2a: Kingambit|fallen1|[silent]\n|move|p2b: Glalie|Sheer Cold|p1b: Primarina\n|-damage|p1b: Primarina|0 fnt\n|faint|p1b: Primarina\n|-ohko\n|move|p1a: Sinistcha|Matcha Gotcha|p2b: Glalie|[spread] p2a,p2b\n|-resisted|p2a: Kingambit|1\n|-damage|p2a: Kingambit|90/100\n|-damage|p2b: Glalie|0 fnt\n|faint|p2b: Glalie\n|\n|upkeep\n|-message|hydrosdt122 forfeited.\n|\n|win|GoldenFreddy00\n|raw|hydrosdt122's rating: 1000 &rarr; <strong>1000</strong><br />(+0 for losing)\n|raw|GoldenFreddy00's rating: 1029 &rarr; <strong>1062</strong><br />(+33 for winning)\n|l|\u2606hydrosdt122\n|player|p1|\n",
  "uploadtime": 1776197503,
  "views": 28,
  "formatid": "gen9championsvgc2026regma",
  "rating": 1000,
  "private": 0,
  "password": null
}