{
  "id": "gen9championsvgc2026regma-2589539346",
  "format": "[Gen 9 Champions] VGC 2026 Reg M-A",
  "players": [
    "duvay",
    "heartofdraco"
  ],
  "log": "|j|\u2606duvay\n|j|\u2606heartofdraco\n|t:|1776732231\n|gametype|doubles\n|player|p1|duvay|102|1134\n|player|p2|heartofdraco|266|1196\n|gen|9\n|tier|[Gen 9 Champions] VGC 2026 Reg M-A\n|rated|\n|rule|Species Clause: Limit one of each Pok\u00e9mon\n|rule|Item Clause: Limit 1 of each item\n|clearpoke\n|poke|p1|Tyrantrum, L50, M|\n|poke|p1|Talonflame, L50, F|\n|poke|p1|Sinistcha, L50|\n|poke|p1|Milotic, L50, M|\n|poke|p1|Gardevoir, L50, M|\n|poke|p1|Sneasler, L50, M|\n|poke|p2|Hydreigon, L50, F|\n|poke|p2|Krookodile, L50, F|\n|poke|p2|Typhlosion, L50, F|\n|poke|p2|Whimsicott, L50, M|\n|poke|p2|Meowscarada, L50, M|\n|poke|p2|Starmie, L50|\n|teampreview|4\n|inactive|Battle timer is ON: inactive players will automatically lose when time's up. (requested by duvay)\nduvay rejected open team sheets.\n|inactive|heartofdraco has 60 seconds left.\n|\n|t:|1776732277\n|teamsize|p1|4\n|teamsize|p2|4\n|start\n|switch|p1a: Milotic|Milotic, L50, M|100/100\n|switch|p1b: Talonflame|Talonflame, L50, F|100/100\n|switch|p2a: Meowscarada|Meowscarada, L50, M|100/100\n|switch|p2b: Hydreigon|Hydreigon, L50, F|100/100\n|turn|1\n|\n|t:|1776732297\n|move|p1b: Talonflame|Tailwind|p1b: Talonflame\n|-sidestart|p1: duvay|move: Tailwind\n|move|p2a: Meowscarada|Power Gem|p1b: Talonflame\n|-start|p2a: Meowscarada|typechange|Rock|[from] ability: Protean\n|-supereffective|p1b: Talonflame|2\n|-damage|p1b: Talonflame|0 fnt\n|faint|p1b: Talonflame\n|move|p1a: Milotic|Coil|p1a: Milotic\n|-boost|p1a: Milotic|atk|1\n|-boost|p1a: Milotic|def|1\n|-boost|p1a: Milotic|accuracy|1\n|move|p2b: Hydreigon|Tailwind|p2b: Hydreigon\n|-sidestart|p2: heartofdraco|move: Tailwind\n|\n|upkeep\n|\n|t:|1776732314\n|switch|p1b: Gardevoir|Gardevoir, L50, M|100/100\n|-ability|p1b: Gardevoir|Levitate|Trace|[from] ability: Trace|[of] p2b: Hydreigon\n|turn|2\n|\n|t:|1776732327\n|switch|p2b: Starmie|Starmie, L50|100/100\n|detailschange|p1b: Gardevoir|Gardevoir-Mega, L50, M\n|-mega|p1b: Gardevoir|Gardevoir|Gardevoirite\n|move|p2a: Meowscarada|Power Gem|p1b: Gardevoir\n|-damage|p1b: Gardevoir|69/100\n|move|p1b: Gardevoir|Hyper Voice|p2a: Meowscarada|[spread] p2a,p2b\n|-damage|p2a: Meowscarada|32/100\n|-damage|p2b: Starmie|36/100\n|move|p1a: Milotic|Muddy Water|p2a: Meowscarada|[spread] p2a,p2b\n|-supereffective|p2a: Meowscarada|1\n|-resisted|p2b: Starmie|1\n|-damage|p2a: Meowscarada|0 fnt\n|-damage|p2b: Starmie|15/100\n|-unboost|p2b: Starmie|accuracy|1\n|faint|p2a: Meowscarada\n|\n|upkeep\n|\n|t:|1776732345\n|switch|p2a: Hydreigon|Hydreigon, L50, F|100/100\n|turn|3\n|\n|t:|1776732366\n|move|p2a: Hydreigon|Protect|p2a: Hydreigon\n|-singleturn|p2a: Hydreigon|Protect\n|move|p2b: Starmie|Protect|p2b: Starmie\n|-singleturn|p2b: Starmie|Protect\n|move|p1b: Gardevoir|Hyper Voice|p2a: Hydreigon|[spread] \n|-activate|p2a: Hydreigon|move: Protect\n|-activate|p2b: Starmie|move: Protect\n|move|p1a: Milotic|Muddy Water|p2b: Starmie|[spread] \n|-activate|p2a: Hydreigon|move: Protect\n|-activate|p2b: Starmie|move: Protect\n|\n|upkeep\n|turn|4\n|inactive|heartofdraco has 30 seconds left.\n|\n|t:|1776732396\n|detailschange|p2b: Starmie|Starmie-Mega, L50\n|-mega|p2b: Starmie|Starmie|Starminite\n|move|p2a: Hydreigon|Protect||[still]\n|-fail|p2a: Hydreigon\n|move|p2b: Starmie|Protect||[still]\n|-fail|p2b: Starmie\n|move|p1b: Gardevoir|Protect|p1b: Gardevoir\n|-singleturn|p1b: Gardevoir|Protect\n|move|p1a: Milotic|Muddy Water|p2b: Starmie|[spread] p2a,p2b\n|-resisted|p2a: Hydreigon|1\n|-resisted|p2b: Starmie|1\n|-damage|p2a: Hydreigon|81/100\n|-damage|p2b: Starmie|0 fnt\n|faint|p2b: Starmie\n|\n|-sideend|p1: duvay|move: Tailwind\n|-sideend|p2: heartofdraco|move: Tailwind\n|upkeep\n|\n|t:|1776732408\n|switch|p2b: Krookodile|Krookodile, L50, F|100/100\n|-ability|p2b: Krookodile|Intimidate|boost\n|-unboost|p1a: Milotic|atk|1\n|-ability|p1a: Milotic|Competitive|boost\n|-boost|p1a: Milotic|spa|2\n|-unboost|p1b: Gardevoir|atk|1\n|turn|5\n|inactive|heartofdraco has 30 seconds left.\n|\n|t:|1776732437\n|move|p2a: Hydreigon|Flash Cannon|p1b: Gardevoir\n|-supereffective|p1b: Gardevoir|1\n|-damage|p1b: Gardevoir|12/100\n|move|p2b: Krookodile|Rock Slide|p1a: Milotic|[spread] p1a,p1b\n|-damage|p1a: Milotic|85/100\n|-damage|p1b: Gardevoir|0 fnt\n|faint|p1b: Gardevoir\n|cant|p1a: Milotic|flinch\n|\n|-heal|p1a: Milotic|91/100|[from] item: Leftovers\n|upkeep\n|\n|t:|1776732443\n|switch|p1b: Sneasler|Sneasler, L50, M|100/100\n|turn|6\n|\n|t:|1776732457\n|move|p2a: Hydreigon|Protect|p2a: Hydreigon\n|-singleturn|p2a: Hydreigon|Protect\n|move|p2b: Krookodile|Protect|p2b: Krookodile\n|-singleturn|p2b: Krookodile|Protect\n|move|p1b: Sneasler|Fake Out|p2b: Krookodile\n|-activate|p2b: Krookodile|move: Protect\n|move|p1a: Milotic|Muddy Water|p2b: Krookodile|[spread] \n|-activate|p2a: Hydreigon|move: Protect\n|-activate|p2b: Krookodile|move: Protect\n|\n|-heal|p1a: Milotic|97/100|[from] item: Leftovers\n|upkeep\n|turn|7\n|\n|t:|1776732471\n|move|p1b: Sneasler|Close Combat|p2a: Hydreigon\n|-supereffective|p2a: Hydreigon|1\n|-damage|p2a: Hydreigon|0 fnt\n|-unboost|p1b: Sneasler|def|1\n|-unboost|p1b: Sneasler|spd|1\n|faint|p2a: Hydreigon\n|move|p2b: Krookodile|Earthquake|p1a: Milotic|[spread] p1a,p1b\n|-supereffective|p1b: Sneasler|1\n|-crit|p1b: Sneasler\n|-damage|p1a: Milotic|69/100\n|-enditem|p1b: Sneasler|Focus Sash\n|-damage|p1b: Sneasler|1/100\n|move|p1a: Milotic|Muddy Water|p2b: Krookodile\n|-supereffective|p2b: Krookodile|1\n|-damage|p2b: Krookodile|0 fnt\n|faint|p2b: Krookodile\n|\n|win|duvay\n|raw|duvay's rating: 1134 &rarr; <strong>1163</strong><br />(+29 for winning)\n|raw|heartofdraco's rating: 1196 &rarr; <strong>1167</strong><br />(-29 for losing)\n",
  "uploadtime": 1776732483,
  "views": 3,
  "formatid": "gen9championsvgc2026regma",
  "rating": 1163,
  "private": 0,
  "password": null
}