{
  "id": "gen9championsvgc2026regma-2580737728",
  "format": "[Gen 9 Champions] VGC 2026 Reg M-A",
  "players": [
    "lfdgm",
    "Yeatlover20"
  ],
  "log": "|j|\u2606lfdgm\n|j|\u2606Yeatlover20\n|t:|1775928395\n|gametype|doubles\n|player|p1|lfdgm|skyla|1037\n|player|p2|Yeatlover20|170|1028\n|gen|9\n|tier|[Gen 9 Champions] VGC 2026 Reg M-A\n|rated|\n|rule|Species Clause: Limit one of each Pok\u00e9mon\n|rule|Item Clause: Limit 1 of each item\n|clearpoke\n|poke|p1|Golurk, L50|\n|poke|p1|Oranguru, L50, M|\n|poke|p1|Farigiraf, L50, M|\n|poke|p1|Crabominable, L50, F|\n|poke|p1|Torkoal, L50, M|\n|poke|p1|Whimsicott, L50, M|\n|poke|p2|Golurk, L50|\n|poke|p2|Farigiraf, L50, F|\n|poke|p2|Incineroar, L50, M|\n|poke|p2|Torkoal, L50, F|\n|poke|p2|Venusaur, L50, M|\n|poke|p2|Sneasler, L50, F|\n|teampreview|4\n|inactive|Battle timer is ON: inactive players will automatically lose when time's up. (requested by Yeatlover20)\n|inactive|lfdgm has 60 seconds left.\n|inactive|lfdgm has 30 seconds left.\n|\n|t:|1775928458\n|teamsize|p1|4\n|teamsize|p2|4\n|start\n|switch|p1a: Farigiraf|Farigiraf, L50, M|100/100\n|switch|p1b: Crabominable|Crabominable, L50, F|100/100\n|switch|p2a: Sneasler|Sneasler, L50, F, shiny|100/100\n|switch|p2b: Venusaur|Venusaur, L50, M, shiny|100/100\n|turn|1\n|\n|t:|1775928475\n|detailschange|p1b: Crabominable|Crabominable-Mega, L50, F\n|-mega|p1b: Crabominable|Crabominable|Crabominite\n|move|p2a: Sneasler|Close Combat|p1b: Crabominable\n|-supereffective|p1b: Crabominable|1\n|-damage|p1b: Crabominable|12/100\n|-unboost|p2a: Sneasler|def|1\n|-unboost|p2a: Sneasler|spd|1\n|-enditem|p2a: Sneasler|White Herb\n|-clearnegativeboost|p2a: Sneasler|[silent]\n|move|p2b: Venusaur|Sleep Powder|p1a: Farigiraf\n|-status|p1a: Farigiraf|slp|[from] move: Sleep Powder\n|move|p1b: Crabominable|Ice Hammer|p2b: Venusaur\n|-supereffective|p2b: Venusaur|1\n|-enditem|p2b: Venusaur|Focus Sash\n|-damage|p2b: Venusaur|1/100\n|-unboost|p1b: Crabominable|spe|1\n|cant|p1a: Farigiraf|slp\n|\n|upkeep\n|turn|2\n|inactive|Yeatlover20 has 30 seconds left.\n|inactive|lfdgm has 30 seconds left.\n|\n|t:|1775928510\n|switch|p2b: Incineroar|Incineroar, L50, M, shiny|100/100\n|-ability|p2b: Incineroar|Intimidate|boost\n|-unboost|p1a: Farigiraf|atk|1\n|-unboost|p1b: Crabominable|atk|1\n|move|p2a: Sneasler|Dire Claw|p1b: Crabominable\n|-damage|p1b: Crabominable|0 fnt\n|faint|p1b: Crabominable\n|cant|p1a: Farigiraf|slp\n|\n|upkeep\n|\n|t:|1775928519\n|switch|p1b: Torkoal|Torkoal, L50, M|100/100\n|-weather|SunnyDay|[from] ability: Drought|[of] p1b: Torkoal\n|turn|3\n|\n|t:|1775928531\n|move|p1b: Torkoal|Protect|p1b: Torkoal\n|-singleturn|p1b: Torkoal|Protect\n|move|p2a: Sneasler|Close Combat|p1b: Torkoal\n|-activate|p1b: Torkoal|move: Protect\n|move|p2b: Incineroar|Throat Chop|p1a: Farigiraf\n|-supereffective|p1a: Farigiraf|1\n|-damage|p1a: Farigiraf|41/100 slp\n|-start|p1a: Farigiraf|Throat Chop|[silent]\n|-enditem|p1a: Farigiraf|Sitrus Berry|[eat]\n|-heal|p1a: Farigiraf|66/100 slp|[from] item: Sitrus Berry\n|-curestatus|p1a: Farigiraf|slp|[msg]\n|move|p1a: Farigiraf|Trick Room|p1a: Farigiraf\n|-fieldstart|move: Trick Room|[of] p1a: Farigiraf\n|\n|-weather|SunnyDay|[upkeep]\n|upkeep\n|turn|4\n|inactive|Yeatlover20 has 30 seconds left.\n|\n|t:|1775928558\n|move|p1b: Torkoal|Body Press|p2b: Incineroar\n|-supereffective|p2b: Incineroar|1\n|-crit|p2b: Incineroar\n|-damage|p2b: Incineroar|25/100\n|-enditem|p2b: Incineroar|Sitrus Berry|[eat]\n|-heal|p2b: Incineroar|50/100|[from] item: Sitrus Berry\n|move|p1a: Farigiraf|Psychic|p2a: Sneasler\n|-supereffective|p2a: Sneasler|2\n|-damage|p2a: Sneasler|0 fnt\n|faint|p2a: Sneasler\n|move|p2b: Incineroar|Parting Shot|p1b: Torkoal\n|-unboost|p1b: Torkoal|atk|1\n|-unboost|p1b: Torkoal|spa|1\n|\n|t:|1775928566\n|switch|p2b: Golurk|Golurk, L50, shiny|100/100|[from] Parting Shot\n|\n|-weather|SunnyDay|[upkeep]\n|-end|p1a: Farigiraf|Throat Chop|[silent]\n|upkeep\n|\n|t:|1775928568\n|switch|p2a: Venusaur|Venusaur, L50, M, shiny|1/100\n|turn|5\n|\n|t:|1775928588\n|detailschange|p2b: Golurk|Golurk-Mega, L50, shiny\n|-mega|p2b: Golurk|Golurk|Golurkite\n|move|p2a: Venusaur|Protect|p2a: Venusaur\n|-singleturn|p2a: Venusaur|Protect\n|move|p1b: Torkoal|Eruption|p2b: Golurk|[spread] p2b\n|-activate|p2a: Venusaur|move: Protect\n|-damage|p2b: Golurk|56/100\n|move|p1a: Farigiraf|Psychic|p2b: Golurk\n|-damage|p2b: Golurk|24/100\n|move|p2b: Golurk|Headlong Rush|p1a: Farigiraf\n|-damage|p1a: Farigiraf|1/100\n|-unboost|p2b: Golurk|def|1\n|-unboost|p2b: Golurk|spd|1\n|\n|-weather|SunnyDay|[upkeep]\n|upkeep\n|turn|6\n|-message|Yeatlover20 forfeited.\n|\n|win|lfdgm\n|raw|lfdgm's rating: 1037 &rarr; <strong>1071</strong><br />(+34 for winning)\n|raw|Yeatlover20's rating: 1028 &rarr; <strong>1014</strong><br />(-14 for losing)\n|l|\u2606Yeatlover20\n|player|p2|\n",
  "uploadtime": 1775928606,
  "views": 12,
  "formatid": "gen9championsvgc2026regma",
  "rating": 1014,
  "private": 0,
  "password": null
}