{
  "id": "gen9championsvgc2026regma-2587239615",
  "format": "[Gen 9 Champions] VGC 2026 Reg M-A",
  "players": [
    "Houb",
    "ZeroPops"
  ],
  "log": "|j|\u2606Houb\n|j|\u2606ZeroPops\n|t:|1776513129\n|gametype|doubles\n|player|p1|Houb|1|1386\n|player|p2|ZeroPops|1|1341\n|gen|9\n|tier|[Gen 9 Champions] VGC 2026 Reg M-A\n|rated|\n|rule|Species Clause: Limit one of each Pok\u00e9mon\n|rule|Item Clause: Limit 1 of each item\n|clearpoke\n|poke|p1|Volcarona, L50, F|\n|poke|p1|Incineroar, L50, F|\n|poke|p1|Garchomp, L50, F|\n|poke|p1|Milotic, L50, M|\n|poke|p1|Sylveon, L50, M|\n|poke|p1|Aerodactyl, L50, F|\n|poke|p2|Gengar, L50, F|\n|poke|p2|Incineroar, L50, M|\n|poke|p2|Sinistcha, L50|\n|poke|p2|Basculegion, L50, M|\n|poke|p2|Kingambit, L50, F|\n|poke|p2|Floette-Eternal, L50, F|\n|teampreview|4\n|inactive|Battle timer is ON: inactive players will automatically lose when time's up. (requested by Houb)\n|inactive|Houb has 60 seconds left.\n|inactive|ZeroPops has 60 seconds left.\n|\n|t:|1776513183\n|teamsize|p1|4\n|teamsize|p2|4\n|start\n|switch|p1a: Milotic|Milotic, L50, M|100/100\n|switch|p1b: Garchomp|Garchomp, L50, F|100/100\n|switch|p2a: Kingambit|Kingambit, L50, F|100/100\n|switch|p2b: Basculegion|Basculegion, L50, M|100/100\n|turn|1\n|inactive|Houb has 30 seconds left.\n|inactive|ZeroPops has 30 seconds left.\n|\n|t:|1776513218\n|move|p2a: Kingambit|Sucker Punch|p1b: Garchomp\n|-damage|p1b: Garchomp|46/100\n|-damage|p2a: Kingambit|88/100|[from] ability: Rough Skin|[of] p1b: Garchomp\n|move|p2b: Basculegion|Wave Crash|p1b: Garchomp\n|-damage|p1b: Garchomp|0 fnt\n|-damage|p2b: Basculegion|88/100|[from] ability: Rough Skin|[of] p1b: Garchomp\n|faint|p1b: Garchomp\n|-damage|p2b: Basculegion|74/100|[from] Recoil\n|move|p1a: Milotic|Scald|p2a: Kingambit\n|-damage|p2a: Kingambit|52/100\n|\n|upkeep\n|\n|t:|1776513235\n|switch|p1b: Sylveon|Sylveon, L50, M|100/100\n|turn|2\n|\n|t:|1776513245\n|move|p2a: Kingambit|Sucker Punch|p1a: Milotic\n|-damage|p1a: Milotic|60/100\n|move|p2b: Basculegion|Wave Crash|p1b: Sylveon\n|-damage|p1b: Sylveon|26/100\n|-damage|p2b: Basculegion|48/100|[from] Recoil\n|move|p1a: Milotic|Scald|p2a: Kingambit\n|-damage|p2a: Kingambit|13/100\n|move|p1b: Sylveon|Hyper Voice|p2a: Kingambit|[spread] p2a,p2b\n|-damage|p2a: Kingambit|0 fnt\n|-damage|p2b: Basculegion|0 fnt\n|faint|p2a: Kingambit\n|faint|p2b: Basculegion\n|\n|upkeep\n|\n|t:|1776513252\n|switch|p2b: Floette|Floette-Eternal, L50, F|100/100\n|switch|p2a: Incineroar|Incineroar, L50, M|100/100\n|-ability|p2a: Incineroar|Intimidate|boost\n|-unboost|p1a: Milotic|atk|1\n|-ability|p1a: Milotic|Competitive|boost\n|-boost|p1a: Milotic|spa|2\n|-unboost|p1b: Sylveon|atk|1\n|turn|3\n|inactive|Houb has 30 seconds left.\n|inactive|Houb has 20 seconds left.\n|\n|t:|1776513291\n|switch|p1b: Incineroar|Incineroar, L50, F|100/100\n|-ability|p1b: Incineroar|Intimidate|boost\n|-unboost|p2a: Incineroar|atk|1\n|-unboost|p2b: Floette|atk|1\n|detailschange|p2b: Floette|Floette-Mega, L50, F\n|-mega|p2b: Floette|Floette|Floettite\n|-ability|p2b: Floette|Fairy Aura\n|move|p2a: Incineroar|Fake Out|p1a: Milotic\n|-damage|p1a: Milotic|53/100\n|move|p2b: Floette|Calm Mind|p2b: Floette\n|-boost|p2b: Floette|spa|1\n|-boost|p2b: Floette|spd|1\n|cant|p1a: Milotic|flinch\n|\n|upkeep\n|turn|4\n|inactive|Houb has 30 seconds left.\n|\n|t:|1776513325\n|move|p2b: Floette|Protect|p2b: Floette\n|-singleturn|p2b: Floette|Protect\n|move|p1a: Milotic|Recover|p1a: Milotic\n|-heal|p1a: Milotic|100/100\n|move|p2a: Incineroar|Throat Chop|p1b: Incineroar\n|-resisted|p1b: Incineroar|1\n|-damage|p1b: Incineroar|91/100\n|-start|p1b: Incineroar|Throat Chop|[silent]\n|move|p1b: Incineroar|Flare Blitz|p2b: Floette\n|-activate|p2b: Floette|move: Protect\n|\n|upkeep\n|turn|5\n|\n|t:|1776513344\n|move|p2b: Floette|Moonblast|p1a: Milotic\n|-damage|p1a: Milotic|8/100\n|move|p1a: Milotic|Scald|p2a: Incineroar\n|-supereffective|p2a: Incineroar|1\n|-damage|p2a: Incineroar|0 fnt\n|faint|p2a: Incineroar\n|move|p1b: Incineroar|Flare Blitz|p2b: Floette\n|-damage|p2b: Floette|49/100\n|-damage|p1b: Incineroar|76/100|[from] Recoil\n|\n|-end|p1b: Incineroar|Throat Chop|[silent]\n|upkeep\n|turn|6\n|inactive|Houb has 30 seconds left.\n|\n|t:|1776513371\n|move|p2b: Floette|Moonblast|p1b: Incineroar\n|-damage|p1b: Incineroar|0 fnt\n|faint|p1b: Incineroar\n|move|p1a: Milotic|Scald|p2b: Floette\n|-damage|p2b: Floette|13/100\n|\n|upkeep\n|\n|t:|1776513378\n|switch|p1b: Sylveon|Sylveon, L50, M|26/100\n|turn|7\n|\n|t:|1776513386\n|move|p2b: Floette|Dazzling Gleam|p1b: Sylveon|[spread] p1a,p1b\n|-damage|p1a: Milotic|0 fnt\n|-damage|p1b: Sylveon|0 fnt\n|faint|p1a: Milotic\n|faint|p1b: Sylveon\n|\n|win|ZeroPops\n|raw|Houb's rating: 1386 &rarr; <strong>1363</strong><br />(-23 for losing)\n|raw|ZeroPops's rating: 1341 &rarr; <strong>1364</strong><br />(+23 for winning)\n|l|\u2606Houb\n|player|p1|\n",
  "uploadtime": 1776513391,
  "views": 38,
  "formatid": "gen9championsvgc2026regma",
  "rating": 1363,
  "private": 0,
  "password": null
}