{
  "id": "gen9championsvgc2026regma-2585115624",
  "format": "[Gen 9 Champions] VGC 2026 Reg M-A",
  "players": [
    "irw25",
    "OverlordDarx"
  ],
  "log": "|j|\u2606irw25\n|j|\u2606OverlordDarx\n|t:|1776313548\n|gametype|doubles\n|player|p1|irw25|hilbert-wonderlauncher|1090\n|player|p2|OverlordDarx|scientistf|1098\n|gen|9\n|tier|[Gen 9 Champions] VGC 2026 Reg M-A\n|rated|\n|rule|Species Clause: Limit one of each Pok\u00e9mon\n|rule|Item Clause: Limit 1 of each item\n|clearpoke\n|poke|p1|Aegislash, L50, M|\n|poke|p1|Meowstic, L50, M|\n|poke|p1|Primarina, L50, M|\n|poke|p1|Kangaskhan, L50, F|\n|poke|p1|Meowscarada, L50, M|\n|poke|p1|Aerodactyl, L50, M|\n|poke|p2|Sylveon, L50, F|\n|poke|p2|Aerodactyl, L50, M|\n|poke|p2|Garchomp, L50, M|\n|poke|p2|Basculegion, L50, M|\n|poke|p2|Floette-Eternal, L50, F|\n|poke|p2|Maushold, L50|\n|teampreview|4\n|inactive|Battle timer is ON: inactive players will automatically lose when time's up. (requested by OverlordDarx)\nirw25 rejected open team sheets.\n|inactive|OverlordDarx has 60 seconds left.\n|\n|t:|1776313579\n|teamsize|p1|4\n|teamsize|p2|4\n|start\n|switch|p1a: Meowstic|Meowstic, L50, M|100/100\n|switch|p1b: Aegislash|Aegislash, L50, M|100/100\n|switch|p2a: Floette|Floette-Eternal, L50, F|100/100\n|switch|p2b: Sylveon|Sylveon, L50, F|100/100\n|turn|1\n|\n|t:|1776313596\n|switch|p2b: Maushold|Maushold, L50|100/100\n|detailschange|p2a: Floette|Floette-Mega, L50, F\n|-mega|p2a: Floette|Floette|Floettite\n|-ability|p2a: Floette|Fairy Aura\n|move|p2a: Floette|Protect|p2a: Floette\n|-singleturn|p2a: Floette|Protect\n|move|p1a: Meowstic|Fake Out|p2a: Floette\n|-activate|p2a: Floette|move: Protect\n|move|p1b: Aegislash|Swords Dance|p1b: Aegislash\n|-boost|p1b: Aegislash|atk|2\n|\n|upkeep\n|turn|2\n|inactive|OverlordDarx has 30 seconds left.\n|\n|t:|1776313632\n|move|p2b: Maushold|Follow Me|p2b: Maushold\n|-singleturn|p2b: Maushold|move: Follow Me\n|move|p2a: Floette|Dazzling Gleam|p1b: Aegislash|[spread] p1a,p1b\n|-resisted|p1b: Aegislash|1\n|-damage|p1a: Meowstic|49/100\n|-damage|p1b: Aegislash|81/100\n|-formechange|p1b: Aegislash|Aegislash-Blade|\n|move|p1b: Aegislash|Sacred Sword|p2b: Maushold\n|-supereffective|p2b: Maushold|1\n|-damage|p2b: Maushold|0 fnt\n|faint|p2b: Maushold\n|move|p1a: Meowstic|Trick Room|p1a: Meowstic\n|-fieldstart|move: Trick Room|[of] p1a: Meowstic\n|\n|-heal|p1b: Aegislash|87/100|[from] item: Leftovers\n|upkeep\n|\n|t:|1776313643\n|switch|p2b: Sylveon|Sylveon, L50, F|100/100\n|turn|3\n|\n|t:|1776313660\n|-formechange|p1b: Aegislash|Aegislash|\n|move|p1b: Aegislash|King's Shield|p1b: Aegislash\n|-singleturn|p1b: Aegislash|Protect\n|move|p2b: Sylveon|Protect|p2b: Sylveon\n|-singleturn|p2b: Sylveon|Protect\n|move|p2a: Floette|Protect|p2a: Floette\n|-singleturn|p2a: Floette|Protect\n|move|p1a: Meowstic|Expanding Force|p2a: Floette\n|-activate|p2a: Floette|move: Protect\n|\n|-heal|p1b: Aegislash|93/100|[from] item: Leftovers\n|upkeep\n|turn|4\n|\n|t:|1776313680\n|move|p1b: Aegislash|Swords Dance|p1b: Aegislash\n|-boost|p1b: Aegislash|atk|2\n|move|p2b: Sylveon|Hyper Voice|p1a: Meowstic|[spread] p1a,p1b\n|-resisted|p1b: Aegislash|1\n|-damage|p1a: Meowstic|0 fnt\n|-damage|p1b: Aegislash|70/100\n|faint|p1a: Meowstic\n|move|p2a: Floette|Dazzling Gleam|p1b: Aegislash\n|-resisted|p1b: Aegislash|1\n|-damage|p1b: Aegislash|47/100\n|\n|-heal|p1b: Aegislash|53/100|[from] item: Leftovers\n|upkeep\n|\n|t:|1776313695\n|switch|p1a: Primarina|Primarina, L50, M|100/100\n|turn|5\n|\n|t:|1776313714\n|-formechange|p1b: Aegislash|Aegislash-Blade|\n|move|p1b: Aegislash|Shadow Sneak|p2a: Floette\n|-damage|p2a: Floette|22/100\n|move|p1a: Primarina|Calm Mind|p1a: Primarina\n|-boost|p1a: Primarina|spa|1\n|-boost|p1a: Primarina|spd|1\n|move|p2b: Sylveon|Hyper Voice|p1a: Primarina|[spread] p1a,p1b\n|-resisted|p1b: Aegislash|1\n|-damage|p1a: Primarina|65/100\n|-damage|p1b: Aegislash|5/100\n|move|p2a: Floette|Dazzling Gleam|p1b: Aegislash|[spread] p1a,p1b\n|-resisted|p1b: Aegislash|1\n|-damage|p1a: Primarina|38/100\n|-damage|p1b: Aegislash|0 fnt\n|-enditem|p1a: Primarina|Sitrus Berry|[eat]\n|-heal|p1a: Primarina|63/100|[from] item: Sitrus Berry\n|faint|p1b: Aegislash\n|\n|upkeep\n|\n|t:|1776313729\n|switch|p1b: Meowscarada|Meowscarada, L50, M|100/100\n|turn|6\n|inactive|irw25 has 30 seconds left.\n|\n|t:|1776313759\n|move|p2a: Floette|Protect|p2a: Floette\n|-singleturn|p2a: Floette|Protect\n|move|p1a: Primarina|Hyper Voice|p2a: Floette|[spread] p2b\n|-activate|p2a: Floette|move: Protect\n|-damage|p2b: Sylveon|58/100\n|move|p2b: Sylveon|Hyper Voice|p1a: Primarina|[spread] p1a,p1b\n|-supereffective|p1b: Meowscarada|1\n|-damage|p1a: Primarina|26/100\n|-damage|p1b: Meowscarada|0 fnt\n|faint|p1b: Meowscarada\n|\n|-fieldend|move: Trick Room\n|upkeep\n|turn|7\n|\n|t:|1776313772\n|move|p2a: Floette|Moonblast|p1a: Primarina\n|-damage|p1a: Primarina|0 fnt\n|faint|p1a: Primarina\n|\n|win|OverlordDarx\n|raw|irw25's rating: 1090 &rarr; <strong>1067</strong><br />(-23 for losing)\n|raw|OverlordDarx's rating: 1098 &rarr; <strong>1123</strong><br />(+25 for winning)\n|l|\u2606irw25\n|player|p1|\n",
  "uploadtime": 1776313782,
  "views": 22,
  "formatid": "gen9championsvgc2026regma",
  "rating": 1067,
  "private": 0,
  "password": null
}