{
  "id": "gen9championsvgc2026regma-2586627519",
  "format": "[Gen 9 Champions] VGC 2026 Reg M-A",
  "players": [
    "truthwatcher2",
    "mohab67"
  ],
  "log": "|j|\u2606truthwatcher2\n|j|\u2606mohab67\n|t:|1776447879\n|gametype|doubles\n|player|p1|truthwatcher2|roxie-masters|1000\n|player|p2|mohab67|eusine|1046\n|gen|9\n|tier|[Gen 9 Champions] VGC 2026 Reg M-A\n|rated|\n|rule|Species Clause: Limit one of each Pok\u00e9mon\n|rule|Item Clause: Limit 1 of each item\n|clearpoke\n|poke|p1|Arcanine, L50, F|\n|poke|p1|Froslass, L50, F|\n|poke|p1|Milotic, L50, M|\n|poke|p1|Sneasler, L50, M|\n|poke|p1|Lucario, L50, F|\n|poke|p1|Tsareena, L50, F|\n|poke|p2|Hawlucha, L50, M|\n|poke|p2|Mr. Rime, L50, F|\n|poke|p2|Vanilluxe, L50, F|\n|poke|p2|Incineroar, L50, F|\n|poke|p2|Sinistcha, L50|\n|poke|p2|Abomasnow, L50, F|\n|teampreview|4\n|\n|t:|1776447921\n|teamsize|p1|4\n|teamsize|p2|4\n|start\n|switch|p1a: Milotic|Milotic, L50, M|100/100\n|switch|p1b: Sneasler|Sneasler, L50, M|100/100\n|switch|p2a: Hawlucha|Hawlucha, L50, M|100/100\n|switch|p2b: Incineroar|Incineroar, L50, F|100/100\n|-ability|p2b: Incineroar|Intimidate|boost\n|-unboost|p1a: Milotic|atk|1\n|-ability|p1a: Milotic|Competitive|boost\n|-boost|p1a: Milotic|spa|2\n|-unboost|p1b: Sneasler|atk|1\n|-enditem|p1b: Sneasler|White Herb\n|-clearnegativeboost|p1b: Sneasler|[silent]\n|turn|1\n|\n|t:|1776447953\n|switch|p1b: Tsareena|Tsareena, L50, F|100/100\n|detailschange|p2a: Hawlucha|Hawlucha-Mega, L50, M\n|-mega|p2a: Hawlucha|Hawlucha|Hawluchanite\n|move|p2b: Incineroar|Fake Out||[still]\n|cant|p1b: Tsareena|ability: Queenly Majesty|Fake Out|[of] p2b: Incineroar\n|move|p2a: Hawlucha|Brave Bird|p1b: Tsareena\n|-supereffective|p1b: Tsareena|1\n|-enditem|p1b: Tsareena|Focus Sash\n|-damage|p1b: Tsareena|1/100\n|-damage|p2a: Hawlucha|69/100|[from] Recoil\n|move|p1a: Milotic|Icy Wind|p2b: Incineroar|[spread] p2a,p2b\n|-supereffective|p2a: Hawlucha|1\n|-resisted|p2b: Incineroar|1\n|-damage|p2a: Hawlucha|28/100\n|-damage|p2b: Incineroar|92/100\n|-unboost|p2a: Hawlucha|spe|1\n|-unboost|p2b: Incineroar|spe|1\n|\n|upkeep\n|turn|2\n|\n|t:|1776447984\n|move|p2a: Hawlucha|Protect|p2a: Hawlucha\n|-singleturn|p2a: Hawlucha|Protect\n|move|p1b: Tsareena|Protect|p1b: Tsareena\n|-singleturn|p1b: Tsareena|Protect\n|move|p1a: Milotic|Scald|p2b: Incineroar\n|-supereffective|p2b: Incineroar|1\n|-damage|p2b: Incineroar|0 fnt\n|faint|p2b: Incineroar\n|\n|upkeep\n|\n|t:|1776447994\n|switch|p2b: Mr. Rime|Mr. Rime, L50, F, shiny|100/100\n|turn|3\n|\n|t:|1776448014\n|move|p1a: Milotic|Protect|p1a: Milotic\n|-singleturn|p1a: Milotic|Protect\n|move|p2a: Hawlucha|Entrainment|p2b: Mr. Rime\n|-ability|p2b: Mr. Rime|No Guard|Ice Body|[from] move: Entrainment|[of] p2a: Hawlucha\n|move|p1b: Tsareena|Knock Off|p2b: Mr. Rime\n|-supereffective|p2b: Mr. Rime|1\n|-damage|p2b: Mr. Rime|35/100\n|-enditem|p2b: Mr. Rime|Focus Sash|[from] move: Knock Off|[of] p1b: Tsareena\n|move|p2b: Mr. Rime|Sheer Cold|p1a: Milotic\n|-activate|p1a: Milotic|move: Protect\n|\n|upkeep\n|turn|4\n|\n|t:|1776448060\n|move|p2a: Hawlucha|Cross Chop|p1b: Tsareena\n|-damage|p1b: Tsareena|0 fnt\n|faint|p1b: Tsareena\n|move|p1a: Milotic|Icy Wind|p2b: Mr. Rime|[spread] p2a,p2b\n|-supereffective|p2a: Hawlucha|1\n|-resisted|p2b: Mr. Rime|1\n|-damage|p2a: Hawlucha|0 fnt\n|-damage|p2b: Mr. Rime|27/100\n|-unboost|p2b: Mr. Rime|spe|1\n|faint|p2a: Hawlucha\n|move|p2b: Mr. Rime|Encore|p1a: Milotic\n|-start|p1a: Milotic|Encore\n|\n|upkeep\n|\n|t:|1776448079\n|switch|p2a: Vanilluxe|Vanilluxe, L50, F|100/100\n|switch|p1b: Lucario|Lucario, L50, F|100/100\n|-weather|Snowscape|[from] ability: Snow Warning|[of] p2a: Vanilluxe\n|turn|5\n|\n|t:|1776448098\n|detailschange|p1b: Lucario|Lucario-Mega, L50, F\n|-mega|p1b: Lucario|Lucario|Lucarionite\n|move|p1b: Lucario|Bullet Punch|p2b: Mr. Rime\n|-supereffective|p2b: Mr. Rime|1\n|-damage|p2b: Mr. Rime|0 fnt\n|faint|p2b: Mr. Rime\n|move|p2a: Vanilluxe|Aurora Veil|p2a: Vanilluxe\n|-sidestart|p2: mohab67|move: Aurora Veil\n|move|p1a: Milotic|Icy Wind|p2a: Vanilluxe\n|-resisted|p2a: Vanilluxe|1\n|-damage|p2a: Vanilluxe|92/100\n|-unboost|p2a: Vanilluxe|spe|1\n|\n|-weather|Snowscape|[upkeep]\n|upkeep\n|turn|6\n|\n|t:|1776448116\n|move|p1b: Lucario|Close Combat|p2a: Vanilluxe\n|-supereffective|p2a: Vanilluxe|1\n|-damage|p2a: Vanilluxe|0 fnt\n|-unboost|p1b: Lucario|def|1\n|-unboost|p1b: Lucario|spd|1\n|faint|p2a: Vanilluxe\n|\n|win|truthwatcher2\n|raw|truthwatcher2's rating: 1000 &rarr; <strong>1045</strong><br />(+45 for winning)\n|raw|mohab67's rating: 1046 &rarr; <strong>1027</strong><br />(-19 for losing)\n|l|\u2606mohab67\n|player|p2|\n|c|\u2606truthwatcher2|GG\n",
  "uploadtime": 1776448126,
  "views": 30,
  "formatid": "gen9championsvgc2026regma",
  "rating": 1027,
  "private": 0,
  "password": null
}