{
  "id": "gen9championsvgc2026regma-2585554264",
  "format": "[Gen 9 Champions] VGC 2026 Reg M-A",
  "players": [
    "soulo333",
    "khankorex"
  ],
  "log": "|j|\u2606soulo333\n|j|\u2606khankorex\n|t:|1776355167\n|gametype|doubles\n|player|p1|soulo333|1|1186\n|player|p2|khankorex|265|1281\n|gen|9\n|tier|[Gen 9 Champions] VGC 2026 Reg M-A\n|rated|\n|rule|Species Clause: Limit one of each Pok\u00e9mon\n|rule|Item Clause: Limit 1 of each item\n|clearpoke\n|poke|p1|Charizard, L50, F|\n|poke|p1|Sneasler, L50, F|\n|poke|p1|Sinistcha, L50|\n|poke|p1|Incineroar, L50, M|\n|poke|p1|Milotic, L50, F|\n|poke|p1|Tyranitar, L50, F|\n|poke|p2|Pinsir, L50, M|\n|poke|p2|Pikachu, L50, F|\n|poke|p2|Farigiraf, L50, M|\n|poke|p2|Sneasler, L50, F|\n|poke|p2|Whimsicott, L50, F|\n|poke|p2|Hydreigon, L50, M|\n|teampreview|4\n|j| FBISurveillanceMan\n|\n|t:|1776355216\n|teamsize|p1|4\n|teamsize|p2|4\n|start\n|switch|p1a: Milotic|Milotic, L50, F|100/100\n|switch|p1b: Sneasler|Sneasler, L50, F|100/100\n|switch|p2a: Sneasler|Sneasler, L50, F|100/100\n|switch|p2b: Whimsicott|Whimsicott, L50, F|100/100\n|turn|1\n|inactive|Battle timer is ON: inactive players will automatically lose when time's up. (requested by khankorex)\n|\n|t:|1776355246\n|switch|p2b: Farigiraf|Farigiraf, L50, M|100/100\n|move|p2a: Sneasler|Gunk Shot|p1a: Milotic\n|-damage|p1a: Milotic|37/100\n|move|p1b: Sneasler|Dire Claw|p2b: Farigiraf\n|-damage|p2b: Farigiraf|63/100\n|move|p1a: Milotic|Icy Wind|p2a: Sneasler|[spread] p2a,p2b\n|-damage|p2a: Sneasler|86/100\n|-damage|p2b: Farigiraf|56/100\n|-unboost|p2a: Sneasler|spe|1\n|-unboost|p2b: Farigiraf|spe|1\n|-enditem|p2a: Sneasler|White Herb\n|-clearnegativeboost|p2a: Sneasler|[silent]\n|\n|-heal|p1a: Milotic|43/100|[from] item: Leftovers\n|upkeep\n|turn|2\n|inactive|soulo333 has 30 seconds left.\n|inactive|khankorex has 30 seconds left.\n|\n|t:|1776355274\n|switch|p1a: Incineroar|Incineroar, L50, M|100/100\n|-ability|p1a: Incineroar|Intimidate|boost\n|-unboost|p2a: Sneasler|atk|1\n|-unboost|p2b: Farigiraf|atk|1\n|move|p1b: Sneasler|Protect|p1b: Sneasler\n|-singleturn|p1b: Sneasler|Protect\n|move|p2a: Sneasler|Close Combat|p1a: Incineroar\n|-supereffective|p1a: Incineroar|1\n|-damage|p1a: Incineroar|34/100\n|-unboost|p2a: Sneasler|def|1\n|-unboost|p2a: Sneasler|spd|1\n|-enditem|p1a: Incineroar|Sitrus Berry|[eat]\n|-heal|p1a: Incineroar|59/100|[from] item: Sitrus Berry\n|move|p2b: Farigiraf|Psychic Noise|p1b: Sneasler\n|-activate|p1b: Sneasler|move: Protect\n|\n|upkeep\n|turn|3\n|\n|t:|1776355290\n|switch|p1b: Milotic|Milotic, L50, F|43/100\n|move|p2a: Sneasler|Close Combat|p1a: Incineroar\n|-supereffective|p1a: Incineroar|1\n|-crit|p1a: Incineroar\n|-damage|p1a: Incineroar|0 fnt\n|-unboost|p2a: Sneasler|def|1\n|-unboost|p2a: Sneasler|spd|1\n|faint|p1a: Incineroar\n|move|p2b: Farigiraf|Psychic Noise|p1b: Milotic\n|-damage|p1b: Milotic|22/100\n|-start|p1b: Milotic|move: Heal Block\n|\n|upkeep\n|\n|t:|1776355300\n|switch|p1a: Charizard|Charizard, L50, F|100/100\n|turn|4\n|\n|t:|1776355311\n|detailschange|p1a: Charizard|Charizard-Mega-X, L50, F\n|-mega|p1a: Charizard|Charizard|Charizardite X\n|move|p2a: Sneasler|Rock Tomb|p1a: Charizard\n|-supereffective|p1a: Charizard|1\n|-damage|p1a: Charizard|77/100\n|-unboost|p1a: Charizard|spe|1\n|move|p1b: Milotic|Icy Wind|p2a: Sneasler|[spread] p2a,p2b\n|-damage|p2a: Sneasler|58/100\n|-damage|p2b: Farigiraf|48/100\n|-unboost|p2a: Sneasler|spe|1\n|-unboost|p2b: Farigiraf|spe|1\n|-enditem|p2b: Farigiraf|Sitrus Berry|[eat]\n|-heal|p2b: Farigiraf|73/100|[from] item: Sitrus Berry\n|move|p1a: Charizard|Dragon Dance|p1a: Charizard\n|-boost|p1a: Charizard|atk|1\n|-boost|p1a: Charizard|spe|1\n|move|p2b: Farigiraf|Psychic Noise|p1b: Milotic\n|-damage|p1b: Milotic|2/100\n|\n|-end|p1b: Milotic|move: Heal Block\n|upkeep\n|turn|5\n|inactive|khankorex has 30 seconds left.\n|\n|t:|1776355345\n|move|p1a: Charizard|Protect|p1a: Charizard\n|-singleturn|p1a: Charizard|Protect\n|move|p2a: Sneasler|Close Combat|p1a: Charizard\n|-activate|p1a: Charizard|move: Protect\n|move|p1b: Milotic|Icy Wind|p2b: Farigiraf|[spread] p2a,p2b\n|-damage|p2a: Sneasler|31/100\n|-damage|p2b: Farigiraf|65/100\n|-unboost|p2a: Sneasler|spe|1\n|-unboost|p2b: Farigiraf|spe|1\n|move|p2b: Farigiraf|Hyper Voice|p1b: Milotic|[spread] p1b\n|-activate|p1a: Charizard|move: Protect\n|-damage|p1b: Milotic|0 fnt\n|faint|p1b: Milotic\n|\n|upkeep\n|\n|t:|1776355352\n|switch|p1b: Sneasler|Sneasler, L50, F|100/100\n|turn|6\n|\n|t:|1776355365\n|switch|p2a: Whimsicott|Whimsicott, L50, F|100/100\n|move|p2b: Farigiraf|Protect|p2b: Farigiraf\n|-singleturn|p2b: Farigiraf|Protect\n|move|p1b: Sneasler|Close Combat|p2a: Whimsicott\n|-resisted|p2a: Whimsicott|1\n|-damage|p2a: Whimsicott|52/100\n|-unboost|p1b: Sneasler|def|1\n|-unboost|p1b: Sneasler|spd|1\n|move|p1a: Charizard|Dragon Dance|p1a: Charizard\n|-boost|p1a: Charizard|atk|1\n|-boost|p1a: Charizard|spe|1\n|\n|upkeep\n|turn|7\n|\n|t:|1776355384\n|move|p1a: Charizard|Protect|p1a: Charizard\n|-singleturn|p1a: Charizard|Protect\n|move|p2a: Whimsicott|Encore|p1a: Charizard\n|-activate|p1a: Charizard|move: Protect\n|move|p1b: Sneasler|Dire Claw|p2a: Whimsicott\n|-supereffective|p2a: Whimsicott|2\n|-damage|p2a: Whimsicott|0 fnt\n|faint|p2a: Whimsicott\n|move|p2b: Farigiraf|Psychic Noise|p1b: Sneasler\n|-supereffective|p1b: Sneasler|2\n|-enditem|p1b: Sneasler|Focus Sash\n|-damage|p1b: Sneasler|1/100\n|-start|p1b: Sneasler|move: Heal Block\n|\n|upkeep\n|\n|t:|1776355390\n|switch|p2a: Sneasler|Sneasler, L50, F|31/100\n|turn|8\n|inactive|soulo333 has 30 seconds left.\n|\n|t:|1776355422\n|move|p2a: Sneasler|Fake Out|p1a: Charizard\n|-damage|p1a: Charizard|65/100\n|move|p1b: Sneasler|Coaching|p1a: Charizard\n|-boost|p1a: Charizard|atk|1\n|-boost|p1a: Charizard|def|1\n|cant|p1a: Charizard|flinch\n|move|p2b: Farigiraf|Hyper Voice|p1a: Charizard|[spread] p1a,p1b\n|-crit|p1a: Charizard\n|-damage|p1a: Charizard|22/100\n|-damage|p1b: Sneasler|0 fnt\n|faint|p1b: Sneasler\n|\n|upkeep\n|turn|9\n|\n|t:|1776355440\n|move|p1a: Charizard|Dragon Claw|p2b: Farigiraf\n|-damage|p2b: Farigiraf|0 fnt\n|faint|p2b: Farigiraf\n|move|p2a: Sneasler|Rock Tomb|p1a: Charizard\n|-supereffective|p1a: Charizard|1\n|-damage|p1a: Charizard|0 fnt\n|faint|p1a: Charizard\n|\n|win|khankorex\n|raw|soulo333's rating: 1186 &rarr; <strong>1168</strong><br />(-18 for losing)\n|raw|khankorex's rating: 1281 &rarr; <strong>1299</strong><br />(+18 for winning)\n",
  "uploadtime": 1776355440,
  "views": 20,
  "formatid": "gen9championsvgc2026regma",
  "rating": 1168,
  "private": 0,
  "password": null
}