{
  "id": "gen9championsvgc2026regma-2583064385",
  "format": "[Gen 9 Champions] VGC 2026 Reg M-A",
  "players": [
    "ataraxiacg",
    "dhhdhdhdhshs"
  ],
  "log": "|j|\u2606ataraxiacg\n|j|\u2606dhhdhdhdhshs\n|t:|1776138104\n|gametype|doubles\n|player|p1|ataraxiacg|clair|1077\n|player|p2|dhhdhdhdhshs|266|1115\n|gen|9\n|tier|[Gen 9 Champions] VGC 2026 Reg M-A\n|rated|\n|rule|Species Clause: Limit one of each Pok\u00e9mon\n|rule|Item Clause: Limit 1 of each item\n|clearpoke\n|poke|p1|Aerodactyl, L50, F|\n|poke|p1|Meowscarada, L50, F|\n|poke|p1|Floette-Eternal, L50, F|\n|poke|p1|Maushold, L50|\n|poke|p1|Basculegion, L50, M|\n|poke|p1|Sneasler, L50, M|\n|poke|p2|Dragonite, L50, F|\n|poke|p2|Pelipper, L50, F|\n|poke|p2|Incineroar, L50, F|\n|poke|p2|Archaludon, L50, M|\n|poke|p2|Sinistcha, L50|\n|poke|p2|Starmie, L50|\n|teampreview|4\n|inactive|Battle timer is ON: inactive players will automatically lose when time's up. (requested by dhhdhdhdhshs)\n|inactive|dhhdhdhdhshs has 60 seconds left.\n|\n|t:|1776138147\n|teamsize|p1|4\n|teamsize|p2|4\n|start\n|switch|p1a: Aerodactyl|Aerodactyl, L50, F|100/100\n|switch|p1b: Sneasler|Sneasler, L50, M|100/100\n|switch|p2a: Incineroar|Incineroar, L50, F|100/100\n|switch|p2b: Pelipper|Pelipper, L50, F|100/100\n|-ability|p1a: Aerodactyl|Unnerve\n|-weather|RainDance|[from] ability: Drizzle|[of] p2b: Pelipper\n|-ability|p2a: Incineroar|Intimidate|boost\n|-unboost|p1a: Aerodactyl|atk|1\n|-unboost|p1b: Sneasler|atk|1\n|-enditem|p1b: Sneasler|White Herb\n|-clearnegativeboost|p1b: Sneasler|[silent]\n|turn|1\n|\n|t:|1776138171\n|move|p1b: Sneasler|Fake Out|p2a: Incineroar\n|-damage|p2a: Incineroar|88/100\n|cant|p2a: Incineroar|flinch\n|move|p1a: Aerodactyl|Rock Slide|p2b: Pelipper|[spread] p2a,p2b\n|-supereffective|p2a: Incineroar|1\n|-supereffective|p2b: Pelipper|1\n|-damage|p2a: Incineroar|58/100\n|-damage|p2b: Pelipper|52/100\n|move|p2b: Pelipper|Tailwind|p2b: Pelipper\n|-sidestart|p2: dhhdhdhdhshs|move: Tailwind\n|\n|-weather|RainDance|[upkeep]\n|upkeep\n|turn|2\n|\n|t:|1776138195\n|switch|p2a: Archaludon|Archaludon, L50, M|100/100\n|move|p1b: Sneasler|Protect|p1b: Sneasler\n|-singleturn|p1b: Sneasler|Protect\n|move|p2b: Pelipper|Hurricane|p1b: Sneasler\n|-activate|p1b: Sneasler|move: Protect\n|move|p1a: Aerodactyl|Tailwind|p1a: Aerodactyl\n|-sidestart|p1: ataraxiacg|move: Tailwind\n|\n|-weather|RainDance|[upkeep]\n|upkeep\n|turn|3\n|inactive|ataraxiacg has 30 seconds left.\n|\n|t:|1776138223\n|move|p2a: Archaludon|Protect|p2a: Archaludon\n|-singleturn|p2a: Archaludon|Protect\n|move|p1b: Sneasler|Close Combat|p2a: Archaludon\n|-activate|p2a: Archaludon|move: Protect\n|move|p1a: Aerodactyl|Rock Slide|p2b: Pelipper|[spread] p2b\n|-activate|p2a: Archaludon|move: Protect\n|-supereffective|p2b: Pelipper|1\n|-damage|p2b: Pelipper|7/100\n|cant|p2b: Pelipper|flinch\n|\n|-weather|RainDance|[upkeep]\n|upkeep\n|turn|4\n|inactive|dhhdhdhdhshs has 30 seconds left.\n|\n|t:|1776138252\n|switch|p2a: Incineroar|Incineroar, L50, F|58/100\n|-ability|p2a: Incineroar|Intimidate|boost\n|-unboost|p1a: Aerodactyl|atk|1\n|-unboost|p1b: Sneasler|atk|1\n|move|p2b: Pelipper|Protect|p2b: Pelipper\n|-singleturn|p2b: Pelipper|Protect\n|move|p1b: Sneasler|Close Combat|p2a: Incineroar\n|-supereffective|p2a: Incineroar|1\n|-damage|p2a: Incineroar|0 fnt\n|-unboost|p1b: Sneasler|def|1\n|-unboost|p1b: Sneasler|spd|1\n|faint|p2a: Incineroar\n|move|p1a: Aerodactyl|Rock Slide|p2b: Pelipper\n|-activate|p2b: Pelipper|move: Protect\n|\n|-weather|RainDance|[upkeep]\n|-sideend|p2: dhhdhdhdhshs|move: Tailwind\n|upkeep\n|\n|t:|1776138261\n|switch|p2a: Starmie|Starmie, L50, shiny|100/100\n|turn|5\n|inactive|ataraxiacg has 30 seconds left.\n|inactive|dhhdhdhdhshs has 30 seconds left.\n|\n|t:|1776138291\n|switch|p1b: Floette|Floette-Eternal, L50, F|100/100\n|detailschange|p2a: Starmie|Starmie-Mega, L50, shiny\n|-mega|p2a: Starmie|Starmie|Starminite\n|move|p1a: Aerodactyl|Rock Slide|p2b: Pelipper|[spread] p2a,p2b\n|-supereffective|p2b: Pelipper|1\n|-damage|p2a: Starmie|84/100\n|-damage|p2b: Pelipper|0 fnt\n|faint|p2b: Pelipper\n|move|p2a: Starmie|Liquidation|p1a: Aerodactyl\n|-supereffective|p1a: Aerodactyl|1\n|-enditem|p1a: Aerodactyl|Focus Sash\n|-damage|p1a: Aerodactyl|1/100\n|\n|-weather|none\n|-sideend|p1: ataraxiacg|move: Tailwind\n|upkeep\n|\n|t:|1776138298\n|switch|p2b: Archaludon|Archaludon, L50, M|100/100\n|turn|6\n|inactive|ataraxiacg has 30 seconds left.\n|inactive|ataraxiacg has 20 seconds left.\n|inactive|ataraxiacg has 15 seconds left.\n|\n|t:|1776138350\n|switch|p1b: Sneasler|Sneasler, L50, M|100/100\n|move|p1a: Aerodactyl|Tailwind|p1a: Aerodactyl\n|-sidestart|p1: ataraxiacg|move: Tailwind\n|move|p2a: Starmie|Liquidation|p1a: Aerodactyl\n|-supereffective|p1a: Aerodactyl|1\n|-damage|p1a: Aerodactyl|0 fnt\n|faint|p1a: Aerodactyl\n|move|p2b: Archaludon|Electro Shot||[still]\n|-prepare|p2b: Archaludon|Electro Shot\n|-boost|p2b: Archaludon|spa|1\n|\n|upkeep\n|-message|dhhdhdhdhshs forfeited.\n|\n|win|ataraxiacg\n|raw|ataraxiacg's rating: 1077 &rarr; <strong>1109</strong><br />(+32 for winning)\n|raw|dhhdhdhdhshs's rating: 1115 &rarr; <strong>1087</strong><br />(-28 for losing)\n|l|\u2606dhhdhdhdhshs\n|player|p2|\n",
  "uploadtime": 1776138367,
  "views": 18,
  "formatid": "gen9championsvgc2026regma",
  "rating": 1087,
  "private": 0,
  "password": null
}