{
  "id": "gen9championsvgc2026regma-2581142851",
  "format": "[Gen 9 Champions] VGC 2026 Reg M-A",
  "players": [
    "Jaycen_V010",
    "starcrossvoyager"
  ],
  "log": "|j|\u2606Jaycen_V010\n|j|\u2606starcrossvoyager\n|t:|1775964014\n|gametype|doubles\n|player|p1|Jaycen_V010|fisherman-gen4|1000\n|player|p2|starcrossvoyager|hilbert|1040\n|gen|9\n|tier|[Gen 9 Champions] VGC 2026 Reg M-A\n|rated|\n|rule|Species Clause: Limit one of each Pok\u00e9mon\n|rule|Item Clause: Limit 1 of each item\n|clearpoke\n|poke|p1|Snorlax, L50, F|\n|poke|p1|Sinistcha, L50|\n|poke|p1|Golurk, L50|\n|poke|p1|Incineroar, L50, F|\n|poke|p1|Farigiraf, L50, F|\n|poke|p1|Kingambit, L50, F|\n|poke|p2|Ceruledge, L50, M|\n|poke|p2|Charizard, L50, M|\n|poke|p2|Bellibolt, L50, M|\n|poke|p2|Decidueye-Hisui, L50, M|\n|poke|p2|Volcarona, L50, M|\n|poke|p2|Gyarados, L50, M|\n|teampreview|4\nJaycen_V010 has agreed to open team sheets.\n|inactive|Battle timer is ON: inactive players will automatically lose when time's up. (requested by Jaycen_V010)\n|inactive|Jaycen_V010 has 60 seconds left.\n|\n|t:|1775964072\n|teamsize|p1|4\n|teamsize|p2|4\n|start\n|switch|p1a: Farigiraf|Farigiraf, L50, F|100/100\n|switch|p1b: Snorlax|Snorlax, L50, F, shiny|100/100\n|switch|p2a: Gyarados|Gyarados, L50, M, shiny|100/100\n|switch|p2b: Bellibolt|Bellibolt, L50, M|100/100\n|turn|1\n|\n|t:|1775964092\n|move|p2a: Gyarados|Substitute|p2a: Gyarados\n|-start|p2a: Gyarados|Substitute\n|-damage|p2a: Gyarados|76/100\n|move|p2b: Bellibolt|Thunder Wave|p1b: Snorlax\n|-status|p1b: Snorlax|par\n|move|p1b: Snorlax|Thunder Punch|p2a: Gyarados\n|-supereffective|p2a: Gyarados|2\n|-end|p2a: Gyarados|Substitute\n|move|p1a: Farigiraf|Trick Room|p1a: Farigiraf\n|-fieldstart|move: Trick Room|[of] p1a: Farigiraf\n|\n|upkeep\n|turn|2\n|inactive|starcrossvoyager has 30 seconds left.\n|inactive|starcrossvoyager has 20 seconds left.\n|inactive|starcrossvoyager has 15 seconds left.\n|\n|t:|1775964134\n|switch|p2a: Ceruledge|Ceruledge, L50, M|100/100\n|cant|p1b: Snorlax|par\n|move|p2b: Bellibolt|Volt Switch|p1b: Snorlax\n|-damage|p1b: Snorlax|69/100 par\n|\n|t:|1775964145\n|switch|p2b: Gyarados|Gyarados, L50, M, shiny|76/100|[from] Volt Switch\n|move|p1a: Farigiraf|Hyper Voice|p2b: Gyarados|[spread] p2b\n|-immune|p2a: Ceruledge\n|-crit|p2b: Gyarados\n|-damage|p2b: Gyarados|30/100\n|\n|-heal|p1b: Snorlax|75/100 par|[from] item: Leftovers\n|upkeep\n|turn|3\n|inactive|starcrossvoyager has 30 seconds left.\n|\n|t:|1775964176\n|switch|p2b: Bellibolt|Bellibolt, L50, M|100/100\n|switch|p2a: Charizard|Charizard, L50, M, shiny|100/100\n|move|p1b: Snorlax|High Horsepower|p2a: Charizard\n|-immune|p2a: Charizard\n|move|p1a: Farigiraf|Psychic|p2a: Charizard\n|-damage|p2a: Charizard|55/100\n|\n|-heal|p1b: Snorlax|81/100 par|[from] item: Leftovers\n|upkeep\n|turn|4\n|inactive|starcrossvoyager has 30 seconds left.\n|\n|t:|1775964210\n|detailschange|p2a: Charizard|Charizard-Mega-Y, L50, M, shiny\n|-mega|p2a: Charizard|Charizard|Charizardite Y\n|-weather|SunnyDay|[from] ability: Drought|[of] p2a: Charizard\n|move|p2a: Charizard|Protect|p2a: Charizard\n|-singleturn|p2a: Charizard|Protect\n|move|p1b: Snorlax|Thunder Punch|p2a: Charizard\n|-activate|p2a: Charizard|move: Protect\n|move|p2b: Bellibolt|Volt Switch|p1b: Snorlax\n|-damage|p1b: Snorlax|54/100 par\n|\n|t:|1775964223\n|switch|p2b: Ceruledge|Ceruledge, L50, M|100/100|[from] Volt Switch\n|move|p1a: Farigiraf|Hyper Voice|p2a: Charizard|[spread] \n|-activate|p2a: Charizard|move: Protect\n|-immune|p2b: Ceruledge\n|\n|-weather|SunnyDay|[upkeep]\n|-heal|p1b: Snorlax|60/100 par|[from] item: Leftovers\n|upkeep\n|turn|5\n|\n|t:|1775964244\n|switch|p2a: Bellibolt|Bellibolt, L50, M|100/100\n|move|p1a: Farigiraf|Helping Hand|p1b: Snorlax\n|-singleturn|p1b: Snorlax|Helping Hand|[of] p1a: Farigiraf\n|move|p1b: Snorlax|Thunder Punch|p2a: Bellibolt\n|-resisted|p2a: Bellibolt|1\n|-damage|p2a: Bellibolt|86/100\n|-start|p2a: Bellibolt|Charge|Thunder Punch|[from] ability: Electromorphosis\n|move|p2b: Ceruledge|Bitter Blade|p1a: Farigiraf\n|-damage|p1a: Farigiraf|39/100\n|-enditem|p1a: Farigiraf|Sitrus Berry|[eat]\n|-heal|p1a: Farigiraf|64/100|[from] item: Sitrus Berry\n|\n|-weather|SunnyDay|[upkeep]\n|-heal|p1b: Snorlax|65/100 par|[from] item: Leftovers\n|-fieldend|move: Trick Room\n|upkeep\n|turn|6\n|inactive|starcrossvoyager has 30 seconds left.\n|\n|t:|1775964274\n|switch|p1b: Incineroar|Incineroar, L50, F|100/100\n|-ability|p1b: Incineroar|Intimidate|boost\n|-unboost|p2a: Bellibolt|atk|1\n|-unboost|p2b: Ceruledge|atk|1\n|move|p2b: Ceruledge|Bitter Blade|p1a: Farigiraf\n|-damage|p1a: Farigiraf|24/100\n|move|p2a: Bellibolt|Charge Beam|p1b: Incineroar\n|-damage|p1b: Incineroar|45/100\n|-boost|p2a: Bellibolt|spa|1\n|-end|p2a: Bellibolt|Charge|[silent]\n|move|p1a: Farigiraf|Trick Room|p1a: Farigiraf\n|-fieldstart|move: Trick Room|[of] p1a: Farigiraf\n|\n|-weather|SunnyDay|[upkeep]\n|upkeep\n|turn|7\n|inactive|Jaycen_V010 has 30 seconds left.\n|inactive|starcrossvoyager has 30 seconds left.\n|\n|t:|1775964301\n|switch|p1a: Snorlax|Snorlax, L50, F, shiny|65/100 par\n|switch|p2b: Gyarados|Gyarados, L50, M, shiny|30/100\n|move|p2a: Bellibolt|Charge Beam|p1b: Incineroar\n|-damage|p1b: Incineroar|4/100\n|-boost|p2a: Bellibolt|spa|1\n|move|p1b: Incineroar|Throat Chop|p2b: Gyarados\n|-damage|p2b: Gyarados|0 fnt\n|faint|p2b: Gyarados\n|\n|-weather|SunnyDay|[upkeep]\n|-heal|p1a: Snorlax|71/100 par|[from] item: Leftovers\n|upkeep\n|\n|t:|1775964320\n|switch|p2b: Ceruledge|Ceruledge, L50, M|100/100\n|turn|8\n|\n|t:|1775964343\n|move|p1a: Snorlax|High Horsepower|p2b: Ceruledge\n|-supereffective|p2b: Ceruledge|1\n|-damage|p2b: Ceruledge|28/100\n|move|p2a: Bellibolt|Charge Beam|p1a: Snorlax\n|-damage|p1a: Snorlax|27/100 par\n|-boost|p2a: Bellibolt|spa|1\n|move|p1b: Incineroar|Parting Shot|p2a: Bellibolt\n|-unboost|p2a: Bellibolt|atk|1\n|-unboost|p2a: Bellibolt|spa|1\n|\n|t:|1775964355\n|switch|p1b: Golurk|Golurk, L50|100/100|[from] Parting Shot\n|move|p2b: Ceruledge|Phantom Force||[still]\n|-prepare|p2b: Ceruledge|Phantom Force\n|\n|-weather|none\n|-heal|p1a: Snorlax|33/100 par|[from] item: Leftovers\n|upkeep\n|turn|9\n|\n|t:|1775964379\n|switch|p1b: Incineroar|Incineroar, L50, F|4/100\n|-ability|p1b: Incineroar|Intimidate|boost\n|-unboost|p2a: Bellibolt|atk|1\n|-unboost|p2b: Ceruledge|atk|1\n|move|p1a: Snorlax|High Horsepower|p2a: Bellibolt\n|-supereffective|p2a: Bellibolt|1\n|-damage|p2a: Bellibolt|30/100\n|-start|p2a: Bellibolt|Charge|High Horsepower|[from] ability: Electromorphosis\n|move|p2a: Bellibolt|Volt Switch|p1a: Snorlax\n|-damage|p1a: Snorlax|0 fnt\n|faint|p1a: Snorlax\n|-end|p2a: Bellibolt|Charge|[silent]\n|\n|t:|1775964393\n|switch|p2a: Charizard|Charizard-Mega-Y, L50, M, shiny|55/100|[from] Volt Switch\n|-weather|SunnyDay|[from] ability: Drought|[of] p2a: Charizard\n|move|p2b: Ceruledge|Phantom Force|p1b: Incineroar|[from] lockedmove\n|-resisted|p1b: Incineroar|1\n|-damage|p1b: Incineroar|0 fnt\n|faint|p1b: Incineroar\n|\n|-weather|SunnyDay|[upkeep]\n|upkeep\n|\n|t:|1775964403\n|switch|p1a: Farigiraf|Farigiraf, L50, F|24/100\n|switch|p1b: Golurk|Golurk, L50|100/100\n|turn|10\n|\n|t:|1775964426\n|detailschange|p1b: Golurk|Golurk-Mega, L50\n|-mega|p1b: Golurk|Golurk|Golurkite\n|move|p2a: Charizard|Protect|p2a: Charizard\n|-singleturn|p2a: Charizard|Protect\n|move|p1a: Farigiraf|Psychic|p2b: Ceruledge\n|-damage|p2b: Ceruledge|0 fnt\n|faint|p2b: Ceruledge\n|move|p1b: Golurk|Poltergeist|p2a: Charizard\n|-activate|p2a: Charizard|move: Protect\n|\n|-weather|SunnyDay|[upkeep]\n|-fieldend|move: Trick Room\n|upkeep\n|\n|t:|1775964441\n|switch|p2b: Bellibolt|Bellibolt, L50, M|30/100\n|turn|11\n|inactive|starcrossvoyager has 30 seconds left.\n|\n|t:|1775964468\n|move|p1b: Golurk|Protect|p1b: Golurk\n|-singleturn|p1b: Golurk|Protect\n|move|p2a: Charizard|Solar Beam||[still]\n|-prepare|p2a: Charizard|Solar Beam\n|-anim|p2a: Charizard|Solar Beam|p1b: Golurk\n|-activate|p1b: Golurk|move: Protect\n|move|p2b: Bellibolt|Charge Beam|p1a: Farigiraf|[miss]\n|-miss|p2b: Bellibolt|p1a: Farigiraf\n|move|p1a: Farigiraf|Trick Room|p1a: Farigiraf\n|-fieldstart|move: Trick Room|[of] p1a: Farigiraf\n|\n|-weather|SunnyDay|[upkeep]\n|upkeep\n|turn|12\n|\n|t:|1775964492\n|move|p2b: Bellibolt|Charge Beam|p1a: Farigiraf\n|-damage|p1a: Farigiraf|0 fnt\n|-boost|p2b: Bellibolt|spa|1\n|faint|p1a: Farigiraf\n|move|p1b: Golurk|Headlong Rush|p2b: Bellibolt\n|-supereffective|p2b: Bellibolt|1\n|-damage|p2b: Bellibolt|0 fnt\n|-unboost|p1b: Golurk|def|1\n|-unboost|p1b: Golurk|spd|1\n|faint|p2b: Bellibolt\n|move|p2a: Charizard|Solar Beam||[still]\n|-prepare|p2a: Charizard|Solar Beam\n|-anim|p2a: Charizard|Solar Beam|p1b: Golurk\n|-supereffective|p1b: Golurk|1\n|-damage|p1b: Golurk|0 fnt\n|faint|p1b: Golurk\n|\n|win|starcrossvoyager\n|raw|Jaycen_V010's rating: 1000 &rarr; <strong>1000</strong><br />(+0 for losing)\n|raw|starcrossvoyager's rating: 1040 &rarr; <strong>1070</strong><br />(+30 for winning)\n|l|\u2606Jaycen_V010\n|player|p1|\n",
  "uploadtime": 1775964798,
  "views": 17,
  "formatid": "gen9championsvgc2026regma",
  "rating": 1000,
  "private": 0,
  "password": null
}