{
  "id": "gen9championsvgc2026regma-2586000820",
  "format": "[Gen 9 Champions] VGC 2026 Reg M-A",
  "players": [
    "ashiceclaw",
    "boysenorange"
  ],
  "log": "|j|\u2606ashiceclaw\n|j|\u2606boysenorange\n|t:|1776389078\n|gametype|doubles\n|player|p1|ashiceclaw|alder|1346\n|player|p2|boysenorange|turo|1374\n|gen|9\n|tier|[Gen 9 Champions] VGC 2026 Reg M-A\n|rated|\n|rule|Species Clause: Limit one of each Pok\u00e9mon\n|rule|Item Clause: Limit 1 of each item\n|clearpoke\n|poke|p1|Aggron, L50, M|\n|poke|p1|Floette-Eternal, L50, F|\n|poke|p1|Maushold-Four, L50|\n|poke|p1|Sinistcha, L50|\n|poke|p1|Pelipper, L50, M|\n|poke|p1|Basculegion, L50, M|\n|poke|p2|Farigiraf, L50, M|\n|poke|p2|Gardevoir, L50, F|\n|poke|p2|Kangaskhan, L50, F|\n|poke|p2|Camerupt, L50, F|\n|poke|p2|Conkeldurr, L50, M|\n|poke|p2|Tinkaton, L50, F|\n|teampreview|4\n|inactive|Battle timer is ON: inactive players will automatically lose when time's up. (requested by boysenorange)\n|\n|t:|1776389108\n|teamsize|p1|4\n|teamsize|p2|4\n|start\n|switch|p1a: Floette|Floette-Eternal, L50, F|100/100\n|switch|p1b: Maushold|Maushold-Four, L50|100/100\n|switch|p2a: Tinkaton|Tinkaton, L50, F|100/100\n|switch|p2b: Farigiraf|Farigiraf, L50, M|100/100\n|-ability|p2a: Tinkaton|Mold Breaker\n|turn|1\n|\n|t:|1776389129\n|switch|p1a: Sinistcha|Sinistcha, L50|100/100\n|move|p2a: Tinkaton|Fake Out|p1a: Sinistcha\n|-immune|p1a: Sinistcha\n|move|p1b: Maushold|Super Fang|p2b: Farigiraf|[miss]\n|-miss|p1b: Maushold|p2b: Farigiraf\n|move|p2b: Farigiraf|Trick Room|p2b: Farigiraf\n|-fieldstart|move: Trick Room|[of] p2b: Farigiraf\n|\n|upkeep\n|turn|2\n|inactive|boysenorange has 30 seconds left.\n|\n|t:|1776389158\n|switch|p2a: Conkeldurr|Conkeldurr, L50, M|100/100\n|move|p2b: Farigiraf|Psychic|p1b: Maushold\n|-damage|p1b: Maushold|51/100\n|move|p1b: Maushold|Super Fang|p2b: Farigiraf\n|-damage|p2b: Farigiraf|51/100\n|move|p1a: Sinistcha|Trick Room|p1a: Sinistcha\n|-fieldend|move: Trick Room\n|\n|upkeep\n|turn|3\n|\n|t:|1776389172\n|move|p2a: Conkeldurr|Mach Punch|p1b: Maushold\n|-supereffective|p1b: Maushold|1\n|-damage|p1b: Maushold|0 fnt\n|faint|p1b: Maushold\n|move|p1a: Sinistcha|Matcha Gotcha|p2b: Farigiraf|[spread] p2a,p2b\n|-damage|p2a: Conkeldurr|68/100\n|-damage|p2b: Farigiraf|28/100\n|move|p2b: Farigiraf|Trick Room|p2b: Farigiraf\n|-fieldstart|move: Trick Room|[of] p2b: Farigiraf\n|\n|upkeep\n|inactive|ashiceclaw has 30 seconds left.\n|\n|t:|1776389200\n|switch|p1b: Pelipper|Pelipper, L50, M|100/100\n|-weather|RainDance|[from] ability: Drizzle|[of] p1b: Pelipper\n|turn|4\n|\n|t:|1776389213\n|move|p2a: Conkeldurr|Thunder Punch|p1b: Pelipper\n|-supereffective|p1b: Pelipper|2\n|-damage|p1b: Pelipper|0 fnt\n|faint|p1b: Pelipper\n|move|p2b: Farigiraf|Psychic|p1a: Sinistcha\n|-damage|p1a: Sinistcha|57/100\n|move|p1a: Sinistcha|Trick Room|p1a: Sinistcha\n|-fieldend|move: Trick Room\n|\n|-weather|RainDance|[upkeep]\n|upkeep\n|\n|t:|1776389216\n|switch|p1b: Floette|Floette-Eternal, L50, F|100/100\n|turn|5\n|\n|t:|1776389226\n|detailschange|p1b: Floette|Floette-Mega, L50, F\n|-mega|p1b: Floette|Floette|Floettite\n|-ability|p1b: Floette|Fairy Aura\n|move|p2a: Conkeldurr|Wide Guard|p2a: Conkeldurr\n|-singleturn|p2a: Conkeldurr|Wide Guard\n|move|p1b: Floette|Dazzling Gleam|p2b: Farigiraf|[spread] \n|-activate|p2a: Conkeldurr|move: Wide Guard\n|-activate|p2b: Farigiraf|move: Wide Guard\n|move|p1a: Sinistcha|Matcha Gotcha|p2a: Conkeldurr|[spread] \n|-activate|p2a: Conkeldurr|move: Wide Guard\n|-activate|p2b: Farigiraf|move: Wide Guard\n|move|p2b: Farigiraf|Trick Room|p2b: Farigiraf\n|-fieldstart|move: Trick Room|[of] p2b: Farigiraf\n|\n|-weather|RainDance|[upkeep]\n|upkeep\n|turn|6\n|-message|ashiceclaw forfeited.\n|\n|win|boysenorange\n|raw|ashiceclaw's rating: 1346 &rarr; <strong>1328</strong><br />(-18 for losing)\n|raw|boysenorange's rating: 1374 &rarr; <strong>1392</strong><br />(+18 for winning)\n|l|\u2606ashiceclaw\n|player|p1|\n",
  "uploadtime": 1776389239,
  "views": 40,
  "formatid": "gen9championsvgc2026regma",
  "rating": 1328,
  "private": 0,
  "password": null
}