{
  "id": "gen9championsvgc2026regma-2585305565",
  "format": "[Gen 9 Champions] VGC 2026 Reg M-A",
  "players": [
    "andreszx7",
    "freakyman"
  ],
  "log": "|j|\u2606andreszx7\n|j|\u2606freakyman\n|t:|1776335951\n|gametype|doubles\n|player|p1|andreszx7|n|1098\n|player|p2|freakyman|artist-gen4|1037\n|gen|9\n|tier|[Gen 9 Champions] VGC 2026 Reg M-A\n|rated|\n|rule|Species Clause: Limit one of each Pok\u00e9mon\n|rule|Item Clause: Limit 1 of each item\n|clearpoke\n|poke|p1|Incineroar, L50, M|\n|poke|p1|Floette-Eternal, L50, F|\n|poke|p1|Garchomp, L50, M|\n|poke|p1|Vivillon, L50, M|\n|poke|p1|Rotom-Wash, L50|\n|poke|p1|Kingambit, L50, F|\n|poke|p2|Orthworm, L50, M|\n|poke|p2|Maushold-Four, L50|\n|poke|p2|Garchomp, L50, F|\n|poke|p2|Whimsicott, L50, F|\n|poke|p2|Incineroar, L50, M|\n|poke|p2|Tyranitar, L50, F|\n|teampreview|4\n|inactive|Battle timer is ON: inactive players will automatically lose when time's up. (requested by freakyman)\n|inactive|andreszx7 has 60 seconds left.\n|inactive|freakyman has 60 seconds left.\n|\n|t:|1776335988\n|teamsize|p1|4\n|teamsize|p2|4\n|start\n|switch|p1a: Vivillon|Vivillon, L50, M, shiny|100/100\n|switch|p1b: Incineroar|Incineroar, L50, M|100/100\n|switch|p2a: Whimsicott|Whimsicott, L50, F|100/100\n|switch|p2b: Orthworm|Orthworm, L50, M|100/100\n|-ability|p1b: Incineroar|Intimidate|boost\n|-unboost|p2a: Whimsicott|atk|1\n|-unboost|p2b: Orthworm|atk|1\n|-enditem|p2b: Orthworm|White Herb\n|-clearnegativeboost|p2b: Orthworm|[silent]\n|turn|1\n|\n|t:|1776336005\n|move|p2b: Orthworm|Protect|p2b: Orthworm\n|-singleturn|p2b: Orthworm|Protect\n|move|p2a: Whimsicott|Tailwind|p2a: Whimsicott\n|-sidestart|p2: freakyman|move: Tailwind\n|move|p1a: Vivillon|Tailwind|p1a: Vivillon\n|-sidestart|p1: andreszx7|move: Tailwind\n|move|p1b: Incineroar|Flare Blitz|p2b: Orthworm\n|-activate|p2b: Orthworm|move: Protect\n|\n|upkeep\n|turn|2\n|\n|t:|1776336028\n|move|p1a: Vivillon|Hurricane|p2a: Whimsicott\n|-supereffective|p2a: Whimsicott|1\n|-enditem|p2a: Whimsicott|Coba Berry|[eat]\n|-enditem|p2a: Whimsicott|Coba Berry|[weaken]\n|-damage|p2a: Whimsicott|39/100\n|move|p2a: Whimsicott|U-turn|p1b: Incineroar\n|-damage|p1b: Incineroar|94/100\n|\n|t:|1776336037\n|switch|p2a: Garchomp|Garchomp, L50, F, shiny|100/100|[from] U-turn\n|move|p2b: Orthworm|Shed Tail|p2b: Orthworm\n|-start|p2b: Orthworm|Substitute|[from] move: Shed Tail\n|-damage|p2b: Orthworm|50/100\n|\n|t:|1776336048\n|switch|p2b: Maushold|Maushold-Four, L50|100/100|[from] Shed Tail\n|move|p1b: Incineroar|Flare Blitz|p2b: Maushold\n|-crit|p2b: Maushold\n|-end|p2b: Maushold|Substitute\n|-damage|p1b: Incineroar|87/100|[from] Recoil|[of] p2b: Maushold\n|\n|upkeep\n|turn|3\n|inactive|andreszx7 has 30 seconds left.\n|inactive|freakyman has 30 seconds left.\n|\n|t:|1776336077\n|move|p2b: Maushold|Follow Me|p2b: Maushold\n|-singleturn|p2b: Maushold|move: Follow Me\n|move|p2a: Garchomp|Rock Slide|p1a: Vivillon|[spread] p1a,p1b\n|-supereffective|p1a: Vivillon|2\n|-supereffective|p1b: Incineroar|1\n|-enditem|p1a: Vivillon|Focus Sash\n|-damage|p1a: Vivillon|1/100\n|-damage|p1b: Incineroar|51/100\n|cant|p1a: Vivillon|flinch\n|move|p1b: Incineroar|Parting Shot|p2b: Maushold\n|-unboost|p2b: Maushold|atk|1\n|-unboost|p2b: Maushold|spa|1\n|\n|t:|1776336087\n|switch|p1b: Floette|Floette-Eternal, L50, F|100/100|[from] Parting Shot\n|\n|upkeep\n|turn|4\n|\n|t:|1776336104\n|detailschange|p1b: Floette|Floette-Mega, L50, F\n|-mega|p1b: Floette|Floette|Floettite\n|-ability|p1b: Floette|Fairy Aura\n|move|p2a: Garchomp|Protect|p2a: Garchomp\n|-singleturn|p2a: Garchomp|Protect\n|move|p1a: Vivillon|Protect|p1a: Vivillon\n|-singleturn|p1a: Vivillon|Protect\n|move|p2b: Maushold|Population Bomb|p1a: Vivillon\n|-activate|p1a: Vivillon|move: Protect\n|move|p1b: Floette|Calm Mind|p1b: Floette\n|-boost|p1b: Floette|spa|1\n|-boost|p1b: Floette|spd|1\n|\n|-sideend|p2: freakyman|move: Tailwind\n|-sideend|p1: andreszx7|move: Tailwind\n|upkeep\n|turn|5\n|\n|t:|1776336127\n|switch|p2b: Whimsicott|Whimsicott, L50, F|39/100\n|move|p2a: Garchomp|Protect||[still]\n|-fail|p2a: Garchomp\n|move|p1a: Vivillon|Tailwind|p1a: Vivillon\n|-sidestart|p1: andreszx7|move: Tailwind\n|move|p1b: Floette|Dazzling Gleam|p2b: Whimsicott|[spread] p2a,p2b\n|-supereffective|p2a: Garchomp|1\n|-damage|p2a: Garchomp|0 fnt\n|-damage|p2b: Whimsicott|0 fnt\n|faint|p2a: Garchomp\n|faint|p2b: Whimsicott\n|\n|upkeep\n|\n|t:|1776336137\n|switch|p2a: Orthworm|Orthworm, L50, M|50/100\n|switch|p2b: Maushold|Maushold-Four, L50|100/100\n|turn|6\n|\n|t:|1776336150\n|move|p2b: Maushold|Helping Hand|p2a: Orthworm\n|-singleturn|p2a: Orthworm|Helping Hand|[of] p2b: Maushold\n|move|p1b: Floette|Protect|p1b: Floette\n|-singleturn|p1b: Floette|Protect\n|move|p1a: Vivillon|Sleep Powder|p2a: Orthworm\n|-status|p2a: Orthworm|slp|[from] move: Sleep Powder\n|cant|p2a: Orthworm|slp\n|\n|upkeep\n|turn|7\n|-message|freakyman forfeited.\n|\n|win|andreszx7\n|raw|andreszx7's rating: 1098 &rarr; <strong>1119</strong><br />(+21 for winning)\n|raw|freakyman's rating: 1037 &rarr; <strong>1024</strong><br />(-13 for losing)\n|l|\u2606freakyman\n|player|p2|\n",
  "uploadtime": 1776336163,
  "views": 18,
  "formatid": "gen9championsvgc2026regma",
  "rating": 1024,
  "private": 0,
  "password": null
}