{
  "id": "gen9championsvgc2026regma-2584527618",
  "format": "[Gen 9 Champions] VGC 2026 Reg M-A",
  "players": [
    "darktypedave2!",
    "BigMason1"
  ],
  "log": "|j|\u2606darktypedave2!\n|j|\u2606BigMason1\n|t:|1776266722\n|gametype|doubles\n|player|p1|darktypedave2!|skierf|1113\n|player|p2|BigMason1|crasherwake|1073\n|gen|9\n|tier|[Gen 9 Champions] VGC 2026 Reg M-A\n|rated|\n|rule|Species Clause: Limit one of each Pok\u00e9mon\n|rule|Item Clause: Limit 1 of each item\n|clearpoke\n|poke|p1|Charizard, L50, M|\n|poke|p1|Venusaur, L50, F|\n|poke|p1|Whimsicott, L50, M|\n|poke|p1|Heliolisk, L50, M|\n|poke|p1|Incineroar, L50, M|\n|poke|p1|Garchomp, L50, M|\n|poke|p2|Tyranitar, L50, F|\n|poke|p2|Excadrill, L50, F|\n|poke|p2|Sinistcha-Masterpiece, L50|\n|poke|p2|Whimsicott, L50, F|\n|poke|p2|Arcanine, L50, M|\n|poke|p2|Rotom-Wash, L50|\n|teampreview|4\n|inactive|Battle timer is ON: inactive players will automatically lose when time's up. (requested by darktypedave2!)\n|\n|t:|1776266749\n|teamsize|p1|4\n|teamsize|p2|4\n|start\n|switch|p1a: Incineroar|Incineroar, L50, M|100/100\n|switch|p1b: Charizard|Charizard, L50, M|100/100\n|switch|p2a: Rotom|Rotom-Wash, L50|100/100\n|switch|p2b: Arcanine|Arcanine, L50, M|100/100\n|-ability|p2b: Arcanine|Intimidate|boost\n|-unboost|p1a: Incineroar|atk|1\n|-unboost|p1b: Charizard|atk|1\n|-ability|p1a: Incineroar|Intimidate|boost\n|-unboost|p2a: Rotom|atk|1\n|-unboost|p2b: Arcanine|atk|1\n|turn|1\n|\n|t:|1776266769\n|detailschange|p1b: Charizard|Charizard-Mega-Y, L50, M\n|-mega|p1b: Charizard|Charizard|Charizardite Y\n|-weather|SunnyDay|[from] ability: Drought|[of] p1b: Charizard\n|move|p1a: Incineroar|Fake Out|p2a: Rotom\n|-damage|p2a: Rotom|92/100\n|move|p2b: Arcanine|Extreme Speed|p1b: Charizard\n|-damage|p1b: Charizard|74/100\n|move|p1b: Charizard|Air Slash|p2b: Arcanine\n|-damage|p2b: Arcanine|49/100\n|cant|p2a: Rotom|flinch\n|\n|-weather|SunnyDay|[upkeep]\n|-heal|p2b: Arcanine|55/100|[from] item: Leftovers\n|upkeep\n|turn|2\n|inactive|darktypedave2! has 30 seconds left.\n|\n|t:|1776266798\n|move|p1b: Charizard|Protect|p1b: Charizard\n|-singleturn|p1b: Charizard|Protect\n|move|p2b: Arcanine|Extreme Speed|p1b: Charizard\n|-activate|p1b: Charizard|move: Protect\n|move|p2a: Rotom|Thunderbolt|p1b: Charizard\n|-activate|p1b: Charizard|move: Protect\n|move|p1a: Incineroar|Parting Shot|p2a: Rotom\n|-unboost|p2a: Rotom|atk|1\n|-unboost|p2a: Rotom|spa|1\n|\n|t:|1776266809\n|switch|p1a: Garchomp|Garchomp, L50, M|100/100|[from] Parting Shot\n|\n|-weather|SunnyDay|[upkeep]\n|-heal|p2b: Arcanine|61/100|[from] item: Leftovers\n|upkeep\n|turn|3\n|inactive|darktypedave2! has 30 seconds left.\n|\n|t:|1776266838\n|switch|p1b: Incineroar|Incineroar, L50, M|100/100\n|-ability|p1b: Incineroar|Intimidate|boost\n|-unboost|p2a: Rotom|atk|1\n|-unboost|p2b: Arcanine|atk|1\n|switch|p2a: Tyranitar|Tyranitar, L50, F|100/100\n|-weather|Sandstorm|[from] ability: Sand Stream|[of] p2a: Tyranitar\n|move|p1a: Garchomp|Rock Slide|p2a: Tyranitar|[spread] p2a,p2b\n|-supereffective|p2b: Arcanine|1\n|-damage|p2a: Tyranitar|86/100\n|-damage|p2b: Arcanine|19/100\n|move|p2b: Arcanine|Play Rough|p1a: Garchomp\n|-supereffective|p1a: Garchomp|1\n|-damage|p1a: Garchomp|75/100\n|\n|-weather|Sandstorm|[upkeep]\n|-damage|p2b: Arcanine|13/100|[from] Sandstorm\n|-damage|p1b: Incineroar|95/100|[from] Sandstorm\n|-heal|p2b: Arcanine|19/100|[from] item: Leftovers\n|upkeep\n|turn|4\n|inactive|BigMason1 has 30 seconds left.\n|\n|t:|1776266870\n|switch|p1b: Charizard|Charizard-Mega-Y, L50, M|74/100\n|-weather|SunnyDay|[from] ability: Drought|[of] p1b: Charizard\n|move|p1a: Garchomp|Earthquake|p2b: Arcanine|[spread] p2a,p2b\n|-immune|p1b: Charizard\n|-supereffective|p2a: Tyranitar|1\n|-supereffective|p2b: Arcanine|1\n|-damage|p2a: Tyranitar|28/100\n|-damage|p2b: Arcanine|0 fnt\n|faint|p2b: Arcanine\n|-heal|p1a: Garchomp|86/100|[from] item: Shell Bell|[of] p2: Arcanine\n|move|p2a: Tyranitar|Rock Slide|p1b: Charizard|[spread] p1a,p1b\n|-resisted|p1a: Garchomp|1\n|-supereffective|p1b: Charizard|2\n|-damage|p1a: Garchomp|70/100\n|-damage|p1b: Charizard|0 fnt\n|faint|p1b: Charizard\n|\n|-weather|SunnyDay|[upkeep]\n|upkeep\n|\n|t:|1776266886\n|switch|p1b: Venusaur|Venusaur, L50, F|100/100\n|switch|p2b: Excadrill|Excadrill, L50, F|100/100\n|turn|5\n|\n|t:|1776266906\n|detailschange|p2b: Excadrill|Excadrill-Mega, L50, F\n|-mega|p2b: Excadrill|Excadrill|Excadrite\n|move|p1b: Venusaur|Giga Drain|p2a: Tyranitar\n|-supereffective|p2a: Tyranitar|1\n|-damage|p2a: Tyranitar|0 fnt\n|faint|p2a: Tyranitar\n|move|p1a: Garchomp|Earthquake|p2b: Excadrill|[spread] p1b,p2b\n|-supereffective|p2b: Excadrill|1\n|-damage|p1b: Venusaur|58/100\n|-damage|p2b: Excadrill|19/100\n|-heal|p1a: Garchomp|85/100|[from] item: Shell Bell|[of] p2b: Excadrill\n|move|p2b: Excadrill|High Horsepower|p1a: Garchomp\n|-crit|p1a: Garchomp\n|-damage|p1a: Garchomp|0 fnt\n|faint|p1a: Garchomp\n|\n|-weather|SunnyDay|[upkeep]\n|-heal|p1b: Venusaur|64/100|[from] item: Leftovers\n|upkeep\n|\n|t:|1776266920\n|switch|p1a: Incineroar|Incineroar, L50, M|95/100\n|switch|p2a: Rotom|Rotom-Wash, L50|92/100\n|-ability|p1a: Incineroar|Intimidate|boost\n|-unboost|p2a: Rotom|atk|1\n|-unboost|p2b: Excadrill|atk|1\n|turn|6\n|\n|t:|1776266931\n|move|p1a: Incineroar|Fake Out|p2b: Excadrill\n|-resisted|p2b: Excadrill|1\n|-damage|p2b: Excadrill|14/100\n|move|p1b: Venusaur|Solar Beam||[still]\n|-prepare|p1b: Venusaur|Solar Beam\n|-anim|p1b: Venusaur|Solar Beam|p2a: Rotom\n|-supereffective|p2a: Rotom|1\n|-damage|p2a: Rotom|0 fnt\n|faint|p2a: Rotom\n|cant|p2b: Excadrill|flinch\n|\n|-weather|SunnyDay|[upkeep]\n|-heal|p1b: Venusaur|70/100|[from] item: Leftovers\n|upkeep\n|turn|7\n|-message|BigMason1 forfeited.\n|\n|win|darktypedave2!\n|raw|darktypedave2!'s rating: 1113 &rarr; <strong>1135</strong><br />(+22 for winning)\n|raw|BigMason1's rating: 1073 &rarr; <strong>1054</strong><br />(-19 for losing)\n|l|\u2606BigMason1\n|player|p2|\n",
  "uploadtime": 1776267005,
  "views": 21,
  "formatid": "gen9championsvgc2026regma",
  "rating": 1054,
  "private": 0,
  "password": null
}