{
  "id": "gen9championsvgc2026regma-2589564923",
  "format": "[Gen 9 Champions] VGC 2026 Reg M-A",
  "players": [
    "pipeei",
    "Inverseroyal"
  ],
  "log": "|j|\u2606pipeei\n|j|\u2606Inverseroyal\n|t:|1776734618\n|gametype|doubles\n|player|p1|pipeei|ingo|\n|player|p2|Inverseroyal|101|\n|gen|9\n|tier|[Gen 9 Champions] VGC 2026 Reg M-A\n|rule|Species Clause: Limit one of each Pok\u00e9mon\n|rule|Item Clause: Limit 1 of each item\n|clearpoke\n|poke|p1|Glimmora, L50, M|\n|poke|p1|Espathra, L50, F|\n|poke|p1|Archaludon, L50, M|\n|poke|p1|Pelipper, L50, M|\n|poke|p1|Kingambit, L50, M|\n|poke|p1|Sneasler, L50, M|\n|poke|p2|Palafin, L50, F|\n|poke|p2|Pelipper, L50, M|\n|poke|p2|Floette-Eternal, L50, F|\n|poke|p2|Archaludon, L50, F|\n|poke|p2|Meganium, L50, F|\n|poke|p2|Sinistcha, L50|\n|teampreview|4\n|inactive|Battle timer is ON: inactive players will automatically lose when time's up. (requested by Inverseroyal)\n|\n|t:|1776734638\n|teamsize|p1|4\n|teamsize|p2|4\n|start\n|switch|p1a: Espathra|Espathra, L50, F|100/100\n|switch|p1b: Sneasler|Sneasler, L50, M|100/100\n|switch|p2a: Pelipper|Pelipper, L50, M|100/100\n|switch|p2b: Archaludon|Archaludon, L50, F|100/100\n|-weather|RainDance|[from] ability: Drizzle|[of] p2a: Pelipper\n|turn|1\n|\n|t:|1776734651\n|move|p1b: Sneasler|Fake Out|p2a: Pelipper\n|-damage|p2a: Pelipper|87/100\n|move|p1a: Espathra|Calm Mind|p1a: Espathra\n|-boost|p1a: Espathra|spa|1\n|-boost|p1a: Espathra|spd|1\n|move|p2b: Archaludon|Electro Shot||[still]\n|-prepare|p2b: Archaludon|Electro Shot\n|-boost|p2b: Archaludon|spa|1\n|-anim|p2b: Archaludon|Electro Shot|p1a: Espathra\n|-damage|p1a: Espathra|31/100\n|cant|p2a: Pelipper|flinch\n|\n|-weather|RainDance|[upkeep]\n|-ability|p1a: Espathra|Speed Boost|boost\n|-boost|p1a: Espathra|spe|1\n|upkeep\n|turn|2\n|\n|t:|1776734670\n|move|p1a: Espathra|Protect|p1a: Espathra\n|-singleturn|p1a: Espathra|Protect\n|move|p1b: Sneasler|Close Combat|p2b: Archaludon\n|-supereffective|p2b: Archaludon|1\n|-damage|p2b: Archaludon|1/100\n|-unboost|p1b: Sneasler|def|1\n|-unboost|p1b: Sneasler|spd|1\n|-ability|p2b: Archaludon|Stamina|boost\n|-boost|p2b: Archaludon|def|1\n|-enditem|p1b: Sneasler|White Herb\n|-clearnegativeboost|p1b: Sneasler|[silent]\n|move|p2b: Archaludon|Electro Shot||[still]\n|-prepare|p2b: Archaludon|Electro Shot\n|-boost|p2b: Archaludon|spa|1\n|-anim|p2b: Archaludon|Electro Shot|p1a: Espathra\n|-activate|p1a: Espathra|move: Protect\n|move|p2a: Pelipper|Hurricane|p1b: Sneasler\n|-supereffective|p1b: Sneasler|1\n|-damage|p1b: Sneasler|0 fnt\n|faint|p1b: Sneasler\n|\n|-weather|RainDance|[upkeep]\n|-heal|p2b: Archaludon|7/100|[from] item: Leftovers\n|-ability|p1a: Espathra|Speed Boost|boost\n|-boost|p1a: Espathra|spe|1\n|upkeep\n|inactive|pipeei has 30 seconds left.\n|\n|t:|1776734698\n|switch|p1b: Glimmora|Glimmora, L50, M|100/100\n|turn|3\n|\n|t:|1776734704\n|switch|p1b: Archaludon|Archaludon, L50, M|100/100\n|switch|p2a: Sinistcha|Sinistcha, L50|100/100\n|-heal|p2b: Archaludon|32/100|[from] ability: Hospitality|[of] p2a: Sinistcha\n|move|p2b: Archaludon|Protect|p2b: Archaludon\n|-singleturn|p2b: Archaludon|Protect\n|move|p1a: Espathra|Baton Pass|p1a: Espathra\n|\n|t:|1776734719\n|switch|p1a: Glimmora|Glimmora, L50, M|100/100|[from] Baton Pass\n|\n|-weather|RainDance|[upkeep]\n|-heal|p2b: Archaludon|38/100|[from] item: Leftovers\n|upkeep\n|turn|4\n|\n|t:|1776734732\n|detailschange|p1a: Glimmora|Glimmora-Mega, L50, M\n|-mega|p1a: Glimmora|Glimmora|Glimmoranite\n|move|p2a: Sinistcha|Rage Powder|p2a: Sinistcha\n|-singleturn|p2a: Sinistcha|move: Rage Powder\n|move|p1a: Glimmora|Dazzling Gleam|p2b: Archaludon|[spread] p2a,p2b\n|-crit|p2b: Archaludon\n|-damage|p2a: Sinistcha|58/100\n|-damage|p2b: Archaludon|0 fnt\n|faint|p2b: Archaludon\n|move|p1b: Archaludon|Electro Shot||[still]\n|-prepare|p1b: Archaludon|Electro Shot\n|-boost|p1b: Archaludon|spa|1\n|-anim|p1b: Archaludon|Electro Shot|p2a: Sinistcha\n|-resisted|p2a: Sinistcha|1\n|-damage|p2a: Sinistcha|20/100\n|-enditem|p2a: Sinistcha|Sitrus Berry|[eat]\n|-heal|p2a: Sinistcha|45/100|[from] item: Sitrus Berry\n|\n|-weather|RainDance|[upkeep]\n|upkeep\n|c|\u2606pipeei|that was not what i intended to do\n|\n|t:|1776734746\n|switch|p2b: Meganium|Meganium, L50, F|100/100\n|turn|5\n|\n|t:|1776734756\n|detailschange|p2b: Meganium|Meganium-Mega, L50, F\n|-mega|p2b: Meganium|Meganium|Meganiumite\n|move|p2a: Sinistcha|Rage Powder|p2a: Sinistcha\n|-singleturn|p2a: Sinistcha|move: Rage Powder\n|move|p1a: Glimmora|Sludge Wave|p2b: Meganium|[spread] p2a,p2b\n|-immune|p1b: Archaludon\n|-supereffective|p2b: Meganium|2\n|-damage|p2a: Sinistcha|0 fnt\n|-damage|p2b: Meganium|0 fnt\n|faint|p2a: Sinistcha\n|faint|p2b: Meganium\n|move|p1b: Archaludon|Electro Shot||[still]\n|-prepare|p1b: Archaludon|Electro Shot\n|-boost|p1b: Archaludon|spa|1\n|-anim|p1b: Archaludon|Electro Shot|p2: Sinistcha|[notarget]\n|-fail|p1b: Archaludon\n|\n|-weather|none\n|upkeep\n|inactive|Inverseroyal has 30 seconds left.\n|c|\u2606Inverseroyal|Yeah yk what I can bring this back\n|inactive|Inverseroyal has 20 seconds left.\n|\n|t:|1776734792\n|switch|p2a: Pelipper|Pelipper, L50, M|87/100\n|-weather|RainDance|[from] ability: Drizzle|[of] p2a: Pelipper\n|turn|6\n|\n|t:|1776734800\n|move|p1a: Glimmora|Power Gem|p2a: Pelipper\n|-supereffective|p2a: Pelipper|1\n|-damage|p2a: Pelipper|0 fnt\n|faint|p2a: Pelipper\n|\n|win|pipeei\n|c|\u2606pipeei|ggs\n|c|\u2606Inverseroyal|Jokes aside, good games\n|c|\u2606pipeei|youre a lot scarier than i thought\n|c|\u2606pipeei|you lied to me btw\n|c|\u2606Inverseroyal|?\n|c|\u2606pipeei|when u said u were recreating your in game team\n|c|\u2606pipeei|i thought u were going to run something casual\n|c|\u2606Inverseroyal|Yeah, it's my team on Champions\n|c|\u2606pipeei|OH\n|c|\u2606pipeei|WHEN U SAID IN GAME I THOUGHT U MEAN ZA\n|c|\u2606pipeei|that explains it\n|c|\u2606pipeei|for a moment u thought hm their favs are ferrothorn and landorus\n|c|\u2606Inverseroyal|Hacking Mega Darkrai into Champions and getting killed by Nintendo's orbital cannons\n|c|\u2606pipeei|darkrais dark void got changed speaking of\n|c|\u2606pipeei|now its an attack that causes a drowsy effect\n|c|\u2606Inverseroyal|For what it's worth on Violet my team is built for Smogon OU\n|c|\u2606Inverseroyal|I like the Dark Void changes\n|c|\u2606pipeei|i do to\n|c|\u2606pipeei|darkrai didnt desserve it\n|c|\u2606Inverseroyal|Sleep is just so obnoxious that Darkrai never gets to use it's gimmick\n|c|\u2606pipeei|it was on smeargles\n|c|\u2606Inverseroyal|I thought they just made it fail completely on Smeargle\n|c|\u2606pipeei|darkrai who didnt have the fault:\ud83e\udde8\ud83e\udde8\ud83c\udf87\ud83c\udf87\ud83c\udf87\n|c|\u2606pipeei|alright\n|c|\u2606pipeei|cya captn\n|c|\u2606pipeei|good games\n",
  "uploadtime": 1776734956,
  "views": 2,
  "formatid": "gen9championsvgc2026regma",
  "rating": null,
  "private": 0,
  "password": null
}