{
  "id": "gen9championsvgc2026regma-2585761845",
  "format": "[Gen 9 Champions] VGC 2026 Reg M-A",
  "players": [
    "Govek314",
    "Tanveer88"
  ],
  "log": "|j|\u2606Govek314\n|j|\u2606Tanveer88\n|t:|1776368802\n|gametype|doubles\n|player|p1|Govek314|266|1212\n|player|p2|Tanveer88|1|1121\n|gen|9\n|tier|[Gen 9 Champions] VGC 2026 Reg M-A\n|rated|\n|rule|Species Clause: Limit one of each Pok\u00e9mon\n|rule|Item Clause: Limit 1 of each item\n|clearpoke\n|poke|p1|Tyranitar, L50, F|\n|poke|p1|Excadrill, L50, F|\n|poke|p1|Meganium, L50, F|\n|poke|p1|Sneasler, L50, M|\n|poke|p1|Dragapult, L50, F|\n|poke|p1|Rotom-Wash, L50|\n|poke|p2|Meganium, L50, F|\n|poke|p2|Aerodactyl, L50, M|\n|poke|p2|Pelipper, L50, M|\n|poke|p2|Basculegion, L50, M|\n|poke|p2|Archaludon, L50, F|\n|poke|p2|Dragonite, L50, F|\n|teampreview|4\n|inactive|Battle timer is ON: inactive players will automatically lose when time's up. (requested by Tanveer88)\n|inactive|Govek314 has 60 seconds left.\n|inactive|Tanveer88 has 60 seconds left.\n|\n|t:|1776368856\n|teamsize|p1|4\n|teamsize|p2|4\n|start\n|switch|p1a: Rotom|Rotom-Wash, L50|100/100\n|switch|p1b: Sneasler|Sneasler, L50, M|100/100\n|switch|p2a: Pelipper|Pelipper, L50, M|100/100\n|switch|p2b: Dragonite|Dragonite, L50, F|100/100\n|-weather|RainDance|[from] ability: Drizzle|[of] p2a: Pelipper\n|turn|1\n|\n|t:|1776368879\n|switch|p1b: Tyranitar|Tyranitar, L50, F|100/100\n|-weather|Sandstorm|[from] ability: Sand Stream|[of] p1b: Tyranitar\n|switch|p2a: Archaludon|Archaludon, L50, F|100/100\n|detailschange|p2b: Dragonite|Dragonite-Mega, L50, F\n|-mega|p2b: Dragonite|Dragonite|Dragoninite\n|move|p1a: Rotom|Electroweb|p2b: Dragonite|[spread] p2a,p2b\n|-resisted|p2a: Archaludon|1\n|-damage|p2a: Archaludon|90/100\n|-damage|p2b: Dragonite|92/100\n|-unboost|p2a: Archaludon|spe|1\n|-unboost|p2b: Dragonite|spe|1\n|-enditem|p2a: Archaludon|White Herb\n|-clearnegativeboost|p2a: Archaludon|[silent]\n|move|p2b: Dragonite|Hurricane|p1b: Tyranitar\n|-resisted|p1b: Tyranitar|1\n|-damage|p1b: Tyranitar|79/100\n|\n|-weather|Sandstorm|[upkeep]\n|-damage|p1a: Rotom|95/100|[from] Sandstorm\n|-damage|p2b: Dragonite|86/100|[from] Sandstorm\n|upkeep\n|turn|2\n|inactive|Govek314 has 30 seconds left.\n|inactive|Tanveer88 has 30 seconds left.\n|inactive|Govek314 has 20 seconds left.\n|inactive|Govek314 has 15 seconds left.\n|inactive|Tanveer88 has 20 seconds left.\n|inactive|Govek314 has 10 seconds left.\n|\n|t:|1776368925\n|switch|p2a: Pelipper|Pelipper, L50, M|100/100\n|-weather|RainDance|[from] ability: Drizzle|[of] p2a: Pelipper\n|move|p1a: Rotom|Electroweb|p2b: Dragonite|[spread] p2a,p2b\n|-supereffective|p2a: Pelipper|2\n|-crit|p2a: Pelipper\n|-damage|p2a: Pelipper|0 fnt\n|-damage|p2b: Dragonite|68/100\n|-unboost|p2b: Dragonite|spe|1\n|faint|p2a: Pelipper\n|move|p1b: Tyranitar|Rock Slide|p2b: Dragonite\n|-supereffective|p2b: Dragonite|1\n|-damage|p2b: Dragonite|0 fnt\n|faint|p2b: Dragonite\n|\n|-weather|RainDance|[upkeep]\n|upkeep\n|inactive|Tanveer88 has 30 seconds left.\n|inactive|Tanveer88 has 20 seconds left.\n|inactive|Tanveer88 has 15 seconds left.\n|inactive|Tanveer88 has 10 seconds left.\n|inactive|Tanveer88 has 5 seconds left.\n|\n|t:|1776368980\n|switch|p2b: Archaludon|Archaludon, L50, F|90/100\n|switch|p2a: Basculegion|Basculegion, L50, M|100/100\n|turn|3\n|inactive|Govek314 has 30 seconds left.\n|inactive|Tanveer88 has 30 seconds left.\n|inactive|Tanveer88 has 20 seconds left.\n|inactive|Tanveer88 has 15 seconds left.\n|inactive|Tanveer88 has 10 seconds left.\n|inactive|Tanveer88 has 5 seconds left.\n|\n|t:|1776369035\n|move|p1b: Tyranitar|Protect|p1b: Tyranitar\n|-singleturn|p1b: Tyranitar|Protect\n|move|p1a: Rotom|Electroweb|p2b: Archaludon|[spread] p2a\n|-miss|p1a: Rotom|p2b: Archaludon\n|-supereffective|p2a: Basculegion|1\n|-damage|p2a: Basculegion|51/100\n|-unboost|p2a: Basculegion|spe|1\n|move|p2a: Basculegion|Wave Crash|p1b: Tyranitar\n|-activate|p1b: Tyranitar|move: Protect\n|move|p2b: Archaludon|Electro Shot||[still]\n|-prepare|p2b: Archaludon|Electro Shot\n|-boost|p2b: Archaludon|spa|1\n|-anim|p2b: Archaludon|Electro Shot|p1a: Rotom\n|-damage|p1a: Rotom|15/100\n|\n|-weather|RainDance|[upkeep]\n|upkeep\n|turn|4\n|inactive|Govek314 has 30 seconds left.\n|inactive|Tanveer88 has 30 seconds left.\n|inactive|Tanveer88 has 20 seconds left.\n|inactive|Tanveer88 has 15 seconds left.\n|inactive|Tanveer88 has 10 seconds left.\n|inactive|Tanveer88 has 5 seconds left.\n|\n|t:|1776369090\n|move|p1a: Rotom|Electroweb|p2a: Basculegion|[spread] p2a,p2b\n|-supereffective|p2a: Basculegion|1\n|-resisted|p2b: Archaludon|1\n|-damage|p2a: Basculegion|4/100\n|-damage|p2b: Archaludon|78/100\n|-unboost|p2a: Basculegion|spe|1\n|-unboost|p2b: Archaludon|spe|1\n|move|p1b: Tyranitar|Rock Slide|p2b: Archaludon|[spread] p2a,p2b\n|-resisted|p2b: Archaludon|1\n|-damage|p2a: Basculegion|0 fnt\n|-damage|p2b: Archaludon|65/100\n|faint|p2a: Basculegion\n|cant|p2b: Archaludon|flinch\n|\n|-weather|RainDance|[upkeep]\n|upkeep\n|turn|5\n|-message|Tanveer88 forfeited.\n|l|\u2606Tanveer88\n|inactive|Tanveer88 disconnected and has a minute to reconnect!\n|player|p2|\n|\n|win|Govek314\n|raw|Govek314's rating: 1212 &rarr; <strong>1229</strong><br />(+17 for winning)\n|raw|Tanveer88's rating: 1090 &rarr; <strong>1074</strong><br />(-16 for losing)\n|j|\u2606Tanveer88\n|player|p2|Tanveer88|1|\n|l|\u2606Tanveer88\n|player|p2|\n",
  "uploadtime": 1776369146,
  "views": 27,
  "formatid": "gen9championsvgc2026regma",
  "rating": 1074,
  "private": 0,
  "password": null
}