{
  "id": "gen9championsvgc2026regma-2583375441",
  "format": "[Gen 9 Champions] VGC 2026 Reg M-A",
  "players": [
    "gurbederbeste",
    "rillabob"
  ],
  "log": "|j|\u2606gurbederbeste\n|j|\u2606rillabob\n|t:|1776171231\n|gametype|doubles\n|player|p1|gurbederbeste|pryce|1123\n|player|p2|rillabob|266|1179\n|gen|9\n|tier|[Gen 9 Champions] VGC 2026 Reg M-A\n|rated|\n|rule|Species Clause: Limit one of each Pok\u00e9mon\n|rule|Item Clause: Limit 1 of each item\n|clearpoke\n|poke|p1|Aggron, L50, M|\n|poke|p1|Sinistcha, L50|\n|poke|p1|Incineroar, L50, F|\n|poke|p1|Kleavor, L50, F|\n|poke|p1|Alakazam, L50, F|\n|poke|p2|Charizard, L50, F|\n|poke|p2|Rotom-Wash, L50|\n|poke|p2|Garchomp, L50, F|\n|poke|p2|Sinistcha, L50|\n|poke|p2|Aerodactyl, L50, M|\n|poke|p2|Milotic, L50, F|\n|teampreview|4\n|\n|t:|1776171269\n|teamsize|p1|4\n|teamsize|p2|4\n|start\n|switch|p1a: Kleavor|Kleavor, L50, F|100/100\n|switch|p1b: Alakazam|Alakazam, L50, F|100/100\n|switch|p2a: Sinistcha|Sinistcha, L50|100/100\n|switch|p2b: Milotic|Milotic, L50, F, shiny|100/100\n|turn|1\n|\n|t:|1776171294\n|move|p1b: Alakazam|Light Screen|p1b: Alakazam\n|-sidestart|p1: gurbederbeste|move: Light Screen\n|move|p1a: Kleavor|X-Scissor|p2a: Sinistcha\n|-damage|p2a: Sinistcha|48/100\n|-enditem|p2a: Sinistcha|Sitrus Berry|[eat]\n|-heal|p2a: Sinistcha|72/100|[from] item: Sitrus Berry\n|move|p2b: Milotic|Muddy Water|p1b: Alakazam|[spread] p1a\n|-miss|p2b: Milotic|p1b: Alakazam\n|-supereffective|p1a: Kleavor|1\n|-damage|p1a: Kleavor|40/100\n|-unboost|p1a: Kleavor|accuracy|1\n|move|p2a: Sinistcha|Life Dew||[still]|[spread] p2a,p2b\n|-heal|p2a: Sinistcha|98/100\n|-fail|p2b: Milotic|heal\n|\n|upkeep\n|turn|2\n|\n|t:|1776171319\n|move|p1b: Alakazam|Psychic|p2a: Sinistcha\n|-damage|p2a: Sinistcha|47/100\n|move|p1a: Kleavor|X-Scissor|p2a: Sinistcha\n|-damage|p2a: Sinistcha|0 fnt\n|faint|p2a: Sinistcha\n|move|p2b: Milotic|Muddy Water|p1a: Kleavor|[spread] p1a,p1b\n|-supereffective|p1a: Kleavor|1\n|-damage|p1a: Kleavor|0 fnt\n|-damage|p1b: Alakazam|72/100\n|faint|p1a: Kleavor\n|\n|upkeep\n|\n|t:|1776171347\n|switch|p1a: Aggron|Aggron, L50, M|100/100\n|switch|p2a: Charizard|Charizard, L50, F|100/100\n|turn|3\n|inactive|Battle timer is ON: inactive players will automatically lose when time's up. (requested by rillabob)\n|\n|t:|1776171415\n|switch|p1a: Sinistcha|Sinistcha, L50|100/100\n|-heal|p1b: Alakazam|97/100|[from] ability: Hospitality|[of] p1a: Sinistcha\n|detailschange|p1b: Alakazam|Alakazam-Mega, L50, F\n|-mega|p1b: Alakazam|Alakazam|Alakazite\n|-ability|p1b: Alakazam|Competitive|Trace|[from] ability: Trace|[of] p2b: Milotic\n|detailschange|p2a: Charizard|Charizard-Mega-Y, L50, F\n|-mega|p2a: Charizard|Charizard|Charizardite Y\n|-weather|SunnyDay|[from] ability: Drought|[of] p2a: Charizard\n|move|p1b: Alakazam|Psychic|p2a: Charizard\n|-damage|p2a: Charizard|47/100\n|move|p2a: Charizard|Weather Ball|p1a: Sinistcha\n|-supereffective|p1a: Sinistcha|1\n|-damage|p1a: Sinistcha|0 fnt\n|faint|p1a: Sinistcha\n|move|p2b: Milotic|Muddy Water|p1b: Alakazam\n|-damage|p1b: Alakazam|80/100\n|\n|-weather|SunnyDay|[upkeep]\n|upkeep\n|\n|t:|1776171434\n|switch|p1a: Aggron|Aggron, L50, M|100/100\n|turn|4\n|\n|t:|1776171453\n|move|p2a: Charizard|Protect|p2a: Charizard\n|-singleturn|p2a: Charizard|Protect\n|move|p1b: Alakazam|Psychic|p2a: Charizard\n|-activate|p2a: Charizard|move: Protect\n|move|p2b: Milotic|Muddy Water|p1a: Aggron|[spread] p1b\n|-miss|p2b: Milotic|p1a: Aggron\n|-damage|p1b: Alakazam|68/100\n|-unboost|p1b: Alakazam|accuracy|1\n|-ability|p1b: Alakazam|Competitive|boost\n|-boost|p1b: Alakazam|spa|2\n|move|p1a: Aggron|Iron Defense|p1a: Aggron\n|-boost|p1a: Aggron|def|2\n|\n|-weather|SunnyDay|[upkeep]\n|upkeep\n|turn|5\n|\n|t:|1776171475\n|switch|p2a: Garchomp|Garchomp, L50, F, shiny|100/100\n|move|p1b: Alakazam|Psychic|p2a: Garchomp\n|-damage|p2a: Garchomp|0 fnt\n|faint|p2a: Garchomp\n|move|p2b: Milotic|Muddy Water|p1a: Aggron|[spread] p1a,p1b\n|-supereffective|p1a: Aggron|1\n|-damage|p1a: Aggron|80/100\n|-damage|p1b: Alakazam|57/100\n|-unboost|p1b: Alakazam|accuracy|1\n|-ability|p1b: Alakazam|Competitive|boost\n|-boost|p1b: Alakazam|spa|2\n|move|p1a: Aggron|Body Press|p2b: Milotic\n|-damage|p2b: Milotic|36/100\n|\n|-weather|SunnyDay|[upkeep]\n|-heal|p2b: Milotic|42/100|[from] item: Leftovers\n|-sideend|p1: gurbederbeste|move: Light Screen\n|upkeep\n|\n|t:|1776171492\n|switch|p2a: Charizard|Charizard-Mega-Y, L50, F|47/100\n|turn|6\n|\n|t:|1776171508\n|move|p1b: Alakazam|Psychic|p2a: Charizard|[miss]\n|-miss|p1b: Alakazam|p2a: Charizard\n|move|p2a: Charizard|Heat Wave|p1a: Aggron|[spread] p1a,p1b\n|-damage|p1a: Aggron|15/100\n|-damage|p1b: Alakazam|0 fnt\n|faint|p1b: Alakazam\n|move|p2b: Milotic|Muddy Water|p1a: Aggron\n|-supereffective|p1a: Aggron|1\n|-damage|p1a: Aggron|0 fnt\n|faint|p1a: Aggron\n|\n|win|rillabob\n|raw|gurbederbeste's rating: 1123 &rarr; <strong>1102</strong><br />(-21 for losing)\n|raw|rillabob's rating: 1179 &rarr; <strong>1200</strong><br />(+21 for winning)\n",
  "uploadtime": 1776171514,
  "views": 23,
  "formatid": "gen9championsvgc2026regma",
  "rating": 1102,
  "private": 0,
  "password": null
}