{
  "id": "gen9championsvgc2026regma-2588558147",
  "format": "[Gen 9 Champions] VGC 2026 Reg M-A",
  "players": [
    "sdlt 2krl coolguy",
    "Skrillfury21"
  ],
  "log": "|raw|<div class=\"broadcast-blue\"><strong>This battle is required to be public due to a player having a name starting with 'sdlt'.</div>\n|j|\u2606sdlt 2krl coolguy\n|j|\u2606Skrillfury21\n|t:|1776644818\n|gametype|doubles\n|player|p1|sdlt 2krl coolguy|leon-masters2|1243\n|player|p2|Skrillfury21|2|1152\n|gen|9\n|tier|[Gen 9 Champions] VGC 2026 Reg M-A\n|rated|\n|rule|Species Clause: Limit one of each Pok\u00e9mon\n|rule|Item Clause: Limit 1 of each item\n|clearpoke\n|poke|p1|Floette-Eternal, L50, F|\n|poke|p1|Incineroar, L50, M|\n|poke|p1|Sinistcha, L50|\n|poke|p1|Garchomp, L50, F|\n|poke|p1|Sneasler, L50, M|\n|poke|p1|Kingambit, L50, M|\n|poke|p2|Charizard, L50, M|\n|poke|p2|Venusaur, L50, F|\n|poke|p2|Garchomp, L50, M|\n|poke|p2|Sneasler, L50, F|\n|poke|p2|Incineroar, L50, M|\n|poke|p2|Basculegion, L50, M|\n|teampreview|4\n|inactive|Battle timer is ON: inactive players will automatically lose when time's up. (requested by sdlt 2krl coolguy)\n|\n|t:|1776644845\n|teamsize|p1|4\n|teamsize|p2|4\n|start\n|switch|p1a: Garchomp|Garchomp, L50, F|100/100\n|switch|p1b: Incineroar|Incineroar, L50, M|100/100\n|switch|p2a: Dezimir|Charizard, L50, M|100/100\n|switch|p2b: Gitrog|Venusaur, L50, F|100/100\n|-ability|p1b: Incineroar|Intimidate|boost\n|-unboost|p2a: Dezimir|atk|1\n|-unboost|p2b: Gitrog|atk|1\n|turn|1\n|\n|t:|1776644859\n|detailschange|p2a: Dezimir|Charizard-Mega-Y, L50, M\n|-mega|p2a: Dezimir|Charizard|Charizardite Y\n|-weather|SunnyDay|[from] ability: Drought|[of] p2a: Dezimir\n|move|p2b: Gitrog|Protect|p2b: Gitrog\n|-singleturn|p2b: Gitrog|Protect\n|move|p2a: Dezimir|Protect|p2a: Dezimir\n|-singleturn|p2a: Dezimir|Protect\n|move|p1b: Incineroar|Fake Out|p2b: Gitrog\n|-activate|p2b: Gitrog|move: Protect\n|move|p1a: Garchomp|Rock Slide|p2a: Dezimir|[spread] \n|-activate|p2a: Dezimir|move: Protect\n|-activate|p2b: Gitrog|move: Protect\n|\n|-weather|SunnyDay|[upkeep]\n|upkeep\n|turn|2\n|\n|t:|1776644884\n|switch|p2a: Lockheed|Garchomp, L50, M|100/100\n|move|p1a: Garchomp|Protect|p1a: Garchomp\n|-singleturn|p1a: Garchomp|Protect\n|move|p2b: Gitrog|Sleep Powder|p1a: Garchomp\n|-activate|p1a: Garchomp|move: Protect\n|move|p1b: Incineroar|Flare Blitz|p2b: Gitrog\n|-supereffective|p2b: Gitrog|1\n|-damage|p2b: Gitrog|0 fnt\n|faint|p2b: Gitrog\n|-damage|p1b: Incineroar|75/100|[from] Recoil\n|\n|-weather|SunnyDay|[upkeep]\n|upkeep\n|\n|t:|1776644899\n|switch|p2b: Nautilus|Basculegion, L50, M|100/100\n|turn|3\n|inactive|sdlt 2krl coolguy has 30 seconds left.\n|\n|t:|1776644934\n|switch|p1b: Floette|Floette-Eternal, L50, F|100/100\n|move|p1a: Garchomp|Protect|p1a: Garchomp\n|-singleturn|p1a: Garchomp|Protect\n|move|p2b: Nautilus|Flip Turn|p1b: Floette\n|-crit|p1b: Floette\n|-damage|p1b: Floette|61/100\n|\n|t:|1776644944\n|switch|p2b: Dezimir|Charizard-Mega-Y, L50, M|100/100|[from] Flip Turn\n|move|p2a: Lockheed|Dragon Claw|p1a: Garchomp\n|-activate|p1a: Garchomp|move: Protect\n|\n|-weather|SunnyDay|[upkeep]\n|upkeep\n|turn|4\n|\n|t:|1776644962\n|switch|p1a: Incineroar|Incineroar, L50, M|75/100\n|-ability|p1a: Incineroar|Intimidate|boost\n|-unboost|p2a: Lockheed|atk|1\n|-unboost|p2b: Dezimir|atk|1\n|detailschange|p1b: Floette|Floette-Mega, L50, F\n|-mega|p1b: Floette|Floette|Floettite\n|-ability|p1b: Floette|Fairy Aura\n|move|p2b: Dezimir|Protect|p2b: Dezimir\n|-singleturn|p2b: Dezimir|Protect\n|move|p1b: Floette|Protect|p1b: Floette\n|-singleturn|p1b: Floette|Protect\n|move|p2a: Lockheed|Stomping Tantrum|p1b: Floette\n|-activate|p1b: Floette|move: Protect\n|\n|-weather|SunnyDay|[upkeep]\n|upkeep\n|turn|5\n|\n|t:|1776644983\n|switch|p2a: Nautilus|Basculegion, L50, M|100/100\n|move|p1a: Incineroar|Fake Out|p2b: Dezimir\n|-damage|p2b: Dezimir|85/100\n|cant|p2b: Dezimir|flinch\n|move|p1b: Floette|Moonblast|p2b: Dezimir\n|-resisted|p2b: Dezimir|1\n|-damage|p2b: Dezimir|49/100\n|\n|-weather|none\n|upkeep\n|turn|6\n|\n|t:|1776645001\n|switch|p1a: Garchomp|Garchomp, L50, F|100/100\n|move|p1b: Floette|Protect|p1b: Floette\n|-singleturn|p1b: Floette|Protect\n|move|p2a: Nautilus|Wave Crash|p1b: Floette\n|-activate|p1b: Floette|move: Protect\n|move|p2b: Dezimir|Heat Wave|p1b: Floette|[spread] p1a\n|-activate|p1b: Floette|move: Protect\n|-resisted|p1a: Garchomp|1\n|-damage|p1a: Garchomp|74/100\n|\n|upkeep\n|turn|7\n|\n|t:|1776645013\n|switch|p2b: Lockheed|Garchomp, L50, M|100/100\n|move|p2a: Nautilus|Wave Crash|p1b: Floette\n|-damage|p1b: Floette|0 fnt\n|faint|p1b: Floette\n|-damage|p2a: Nautilus|82/100|[from] Recoil\n|move|p1a: Garchomp|Rock Slide|p2a: Nautilus|[spread] p2a,p2b\n|-resisted|p2b: Lockheed|1\n|-damage|p2a: Nautilus|58/100\n|-damage|p2b: Lockheed|91/100\n|\n|upkeep\n|\n|t:|1776645018\n|switch|p1b: Kingambit|Kingambit, L50, M|100/100\n|turn|8\n|\n|t:|1776645033\n|switch|p1b: Incineroar|Incineroar, L50, M|75/100\n|-ability|p1b: Incineroar|Intimidate|boost\n|-unboost|p2a: Nautilus|atk|1\n|-unboost|p2b: Lockheed|atk|1\n|move|p2a: Nautilus|Wave Crash|p1a: Garchomp\n|-damage|p1a: Garchomp|15/100\n|-damage|p2a: Nautilus|46/100|[from] ability: Rough Skin|[of] p1a: Garchomp\n|-damage|p2a: Nautilus|27/100|[from] Recoil\n|move|p1a: Garchomp|Dragon Claw|p2b: Lockheed\n|-supereffective|p2b: Lockheed|1\n|-damage|p2b: Lockheed|3/100\n|-damage|p1a: Garchomp|3/100|[from] ability: Rough Skin|[of] p2b: Lockheed\n|move|p2b: Lockheed|Stomping Tantrum|p1b: Incineroar\n|-supereffective|p1b: Incineroar|1\n|-damage|p1b: Incineroar|38/100\n|\n|upkeep\n|turn|9\n|\n|t:|1776645051\n|move|p2b: Lockheed|Protect|p2b: Lockheed\n|-singleturn|p2b: Lockheed|Protect\n|move|p1b: Incineroar|Fake Out|p2b: Lockheed\n|-activate|p2b: Lockheed|move: Protect\n|move|p2a: Nautilus|Wave Crash|p1a: Garchomp\n|-damage|p1a: Garchomp|0 fnt\n|-damage|p2a: Nautilus|15/100|[from] ability: Rough Skin|[of] p1a: Garchomp\n|faint|p1a: Garchomp\n|-damage|p2a: Nautilus|14/100|[from] Recoil\n|\n|upkeep\n|\n|t:|1776645054\n|switch|p1a: Kingambit|Kingambit, L50, M|100/100\n|turn|10\n|\n|t:|1776645067\n|switch|p2a: Dezimir|Charizard-Mega-Y, L50, M|49/100\n|-weather|SunnyDay|[from] ability: Drought|[of] p2a: Dezimir\n|move|p2b: Lockheed|Stomping Tantrum|p1b: Incineroar\n|-supereffective|p1b: Incineroar|1\n|-damage|p1b: Incineroar|0 fnt\n|faint|p1b: Incineroar\n|move|p1a: Kingambit|Kowtow Cleave|p2a: Dezimir\n|-damage|p2a: Dezimir|0 fnt\n|faint|p2a: Dezimir\n|\n|-weather|SunnyDay|[upkeep]\n|upkeep\n|\n|t:|1776645079\n|switch|p2a: Nautilus|Basculegion, L50, M|14/100\n|turn|11\n|\n|t:|1776645089\n|move|p1a: Kingambit|Sucker Punch|p2b: Lockheed\n|-crit|p2b: Lockheed\n|-damage|p2b: Lockheed|0 fnt\n|-damage|p1a: Kingambit|88/100|[from] ability: Rough Skin|[of] p2b: Lockheed\n|faint|p2b: Lockheed\n|move|p2a: Nautilus|Last Respects|p1a: Kingambit\n|-resisted|p1a: Kingambit|1\n|-damage|p1a: Kingambit|41/100\n|\n|-weather|SunnyDay|[upkeep]\n|upkeep\n|turn|12\n|\n|t:|1776645098\n|move|p1a: Kingambit|Sucker Punch|p2a: Nautilus\n|-supereffective|p2a: Nautilus|1\n|-damage|p2a: Nautilus|0 fnt\n|faint|p2a: Nautilus\n|\n|win|sdlt 2krl coolguy\n|raw|sdlt 2krl coolguy's rating: 1243 &rarr; <strong>1262</strong><br />(+19 for winning)\n|raw|Skrillfury21's rating: 1152 &rarr; <strong>1133</strong><br />(-19 for losing)\n",
  "uploadtime": 1776645098,
  "views": 5,
  "formatid": "gen9championsvgc2026regma",
  "rating": 1133,
  "private": 0,
  "password": null
}