{
  "id": "gen9championsvgc2026regma-2583188997",
  "format": "[Gen 9 Champions] VGC 2026 Reg M-A",
  "players": [
    "meyownaze2",
    "SHyperdestroyerVGC"
  ],
  "log": "|j|\u2606meyownaze2\n|j|\u2606SHyperdestroyerVGC\n|t:|1776152708\n|gametype|doubles\n|player|p1|meyownaze2|preschooler|1277\n|player|p2|SHyperdestroyerVGC|lady|1216\n|gen|9\n|tier|[Gen 9 Champions] VGC 2026 Reg M-A\n|rated|\n|rule|Species Clause: Limit one of each Pok\u00e9mon\n|rule|Item Clause: Limit 1 of each item\n|clearpoke\n|poke|p1|Pelipper, L50, F|\n|poke|p1|Archaludon, L50, F|\n|poke|p1|Meganium, L50, F|\n|poke|p1|Basculegion, L50, M|\n|poke|p1|Sableye, L50, F|\n|poke|p1|Dragonite, L50, F|\n|poke|p2|Charizard, L50, M|\n|poke|p2|Venusaur, L50, F|\n|poke|p2|Whimsicott, L50, M|\n|poke|p2|Kingambit, L50, M|\n|poke|p2|Kommo-o, L50, M|\n|poke|p2|Typhlosion-Hisui, L50, M|\n|teampreview|4\nSHyperdestroyerVGC has agreed to open team sheets.\n|inactive|Battle timer is ON: inactive players will automatically lose when time's up. (requested by meyownaze2)\n|inactive|meyownaze2 has 60 seconds left.\n|\n|t:|1776152755\n|teamsize|p1|4\n|teamsize|p2|4\n|start\n|switch|p1a: Toilet|Pelipper, L50, F|100/100\n|switch|p1b: Aqua jet bot|Basculegion, L50, M, shiny|100/100\n|switch|p2a: Charizard|Charizard, L50, M|100/100\n|switch|p2b: Kingambit|Kingambit, L50, M|100/100\n|-weather|RainDance|[from] ability: Drizzle|[of] p1a: Toilet\n|turn|1\n|\n|t:|1776152769\n|detailschange|p2a: Charizard|Charizard-Mega-Y, L50, M\n|-mega|p2a: Charizard|Charizard|Charizardite Y\n|-weather|SunnyDay|[from] ability: Drought|[of] p2a: Charizard\n|move|p1b: Aqua jet bot|Wave Crash|p2a: Charizard\n|-supereffective|p2a: Charizard|1\n|-damage|p2a: Charizard|4/100\n|-damage|p1b: Aqua jet bot|73/100|[from] Recoil\n|move|p2a: Charizard|Heat Wave|p1a: Toilet|[spread] p1a,p1b\n|-resisted|p1a: Toilet|1\n|-resisted|p1b: Aqua jet bot|1\n|-damage|p1a: Toilet|62/100\n|-damage|p1b: Aqua jet bot|39/100\n|move|p1a: Toilet|Tailwind|p1a: Toilet\n|-sidestart|p1: meyownaze2|move: Tailwind\n|move|p2b: Kingambit|Kowtow Cleave|p1a: Toilet\n|-crit|p1a: Toilet\n|-damage|p1a: Toilet|0 fnt\n|faint|p1a: Toilet\n|\n|-weather|SunnyDay|[upkeep]\n|upkeep\n|\n|t:|1776152784\n|switch|p1a: Pigeonite|Dragonite, L50, F|100/100\n|turn|2\n|\n|t:|1776152791\n|detailschange|p1a: Pigeonite|Dragonite-Mega, L50, F\n|-mega|p1a: Pigeonite|Dragonite|Dragoninite\n|move|p1a: Pigeonite|Extreme Speed|p2a: Charizard\n|-damage|p2a: Charizard|0 fnt\n|faint|p2a: Charizard\n|move|p2b: Kingambit|Sucker Punch|p1b: Aqua jet bot\n|-supereffective|p1b: Aqua jet bot|1\n|-damage|p1b: Aqua jet bot|0 fnt\n|faint|p1b: Aqua jet bot\n|\n|-weather|SunnyDay|[upkeep]\n|upkeep\n|\n|t:|1776152804\n|switch|p2a: Whimsicott|Whimsicott, L50, M|100/100\n|switch|p1b: Bridge mf|Archaludon, L50, F, shiny|100/100\n|turn|3\n|\n|t:|1776152812\n|move|p2a: Whimsicott|Encore|p1a: Pigeonite\n|-start|p1a: Pigeonite|Encore\n|move|p1a: Pigeonite|Extreme Speed|p2b: Kingambit\n|-resisted|p2b: Kingambit|1\n|-damage|p2b: Kingambit|89/100\n|move|p1b: Bridge mf|Aura Sphere|p2b: Kingambit\n|-supereffective|p2b: Kingambit|2\n|-damage|p2b: Kingambit|7/100\n|move|p2b: Kingambit|Swords Dance|p2b: Kingambit\n|-boost|p2b: Kingambit|atk|2\n|\n|-weather|SunnyDay|[upkeep]\n|upkeep\n|turn|4\n|\n|t:|1776152835\n|move|p2b: Kingambit|Protect|p2b: Kingambit\n|-singleturn|p2b: Kingambit|Protect\n|move|p1a: Pigeonite|Extreme Speed|p2b: Kingambit\n|-activate|p2b: Kingambit|move: Protect\n|move|p1b: Bridge mf|Flash Cannon|p2a: Whimsicott\n|-supereffective|p2a: Whimsicott|1\n|-damage|p2a: Whimsicott|14/100\n|move|p2a: Whimsicott|Moonblast|p1a: Pigeonite\n|-supereffective|p1a: Pigeonite|1\n|-damage|p1a: Pigeonite|79/100\n|\n|-weather|SunnyDay|[upkeep]\n|-sideend|p1: meyownaze2|move: Tailwind\n|upkeep\n|turn|5\n|\n|t:|1776152849\n|move|p1a: Pigeonite|Extreme Speed|p2b: Kingambit\n|-resisted|p2b: Kingambit|1\n|-damage|p2b: Kingambit|0 fnt\n|faint|p2b: Kingambit\n|move|p2a: Whimsicott|Tailwind|p2a: Whimsicott\n|-sidestart|p2: SHyperdestroyerVGC|move: Tailwind\n|move|p1b: Bridge mf|Flash Cannon|p2a: Whimsicott\n|-supereffective|p2a: Whimsicott|1\n|-damage|p2a: Whimsicott|0 fnt\n|faint|p2a: Whimsicott\n|\n|-weather|none\n|-end|p1a: Pigeonite|Encore\n|upkeep\n|\n|t:|1776152853\n|switch|p2b: Venusaur|Venusaur, L50, F|100/100\n|turn|6\n|c|\u2606SHyperdestroyerVGC|Gg\n|c|\u2606SHyperdestroyerVGC|I play so bad\n|-message|SHyperdestroyerVGC forfeited.\n|\n|win|meyownaze2\n|raw|meyownaze2's rating: 1277 &rarr; <strong>1298</strong><br />(+21 for winning)\n|raw|SHyperdestroyerVGC's rating: 1216 &rarr; <strong>1195</strong><br />(-21 for losing)\n|c|\u2606meyownaze2|Ggwp!\n|l|\u2606meyownaze2\n|player|p1|\n",
  "uploadtime": 1776152934,
  "views": 19,
  "formatid": "gen9championsvgc2026regma",
  "rating": 1195,
  "private": 0,
  "password": null
}