{
  "id": "gen9championsvgc2026regma-2587922645",
  "format": "[Gen 9 Champions] VGC 2026 Reg M-A",
  "players": [
    "MightyTaggart",
    "vicsgc"
  ],
  "log": "|j|\u2606MightyTaggart\n|j|\u2606vicsgc\n|t:|1776579531\n|gametype|doubles\n|player|p1|MightyTaggart|artist-gen4|1439\n|player|p2|vicsgc|266|1481\n|gen|9\n|tier|[Gen 9 Champions] VGC 2026 Reg M-A\n|rated|\n|rule|Species Clause: Limit one of each Pok\u00e9mon\n|rule|Item Clause: Limit 1 of each item\n|clearpoke\n|poke|p1|Scovillain, L50, M|\n|poke|p1|Sneasler, L50, M|\n|poke|p1|Primarina, L50, F|\n|poke|p1|Sinistcha, L50|\n|poke|p1|Aerodactyl, L50, F|\n|poke|p1|Tyranitar, L50, M|\n|poke|p2|Charizard, L50, M|\n|poke|p2|Incineroar, L50, F|\n|poke|p2|Milotic, L50, F|\n|poke|p2|Raichu, L50, F|\n|poke|p2|Sinistcha, L50|\n|poke|p2|Corviknight, L50, F|\n|teampreview|4\n|\n|t:|1776579571\n|teamsize|p1|4\n|teamsize|p2|4\n|start\n|switch|p1a: Sneasler|Sneasler, L50, M|100/100\n|switch|p1b: Aerodactyl|Aerodactyl, L50, F|100/100\n|switch|p2a: Incineroar|Incineroar, L50, F|100/100\n|switch|p2b: Corviknight|Corviknight, L50, F|100/100\n|-ability|p1b: Aerodactyl|Unnerve\n|-ability|p2a: Incineroar|Intimidate|boost\n|-unboost|p1a: Sneasler|atk|1\n|-unboost|p1b: Aerodactyl|atk|1\n|-enditem|p1a: Sneasler|White Herb\n|-clearnegativeboost|p1a: Sneasler|[silent]\n|turn|1\n|\n|t:|1776579599\n|move|p1a: Sneasler|Fake Out|p2b: Corviknight\n|-resisted|p2b: Corviknight|1\n|-damage|p2b: Corviknight|94/100\n|move|p2a: Incineroar|Fake Out|p1a: Sneasler\n|-damage|p1a: Sneasler|84/100\n|move|p1b: Aerodactyl|Rock Slide|p2b: Corviknight|[spread] p2a,p2b\n|-supereffective|p2a: Incineroar|1\n|-damage|p2a: Incineroar|70/100\n|-damage|p2b: Corviknight|80/100\n|cant|p2b: Corviknight|flinch\n|\n|upkeep\n|turn|2\n|\n|t:|1776579617\n|switch|p2a: Sinistcha|Sinistcha, L50|100/100\n|-heal|p2b: Corviknight|100/100|[from] ability: Hospitality|[of] p2a: Sinistcha\n|move|p1a: Sneasler|Close Combat|p2a: Sinistcha\n|-immune|p2a: Sinistcha\n|move|p1b: Aerodactyl|Tailwind|p1b: Aerodactyl\n|-sidestart|p1: MightyTaggart|move: Tailwind\n|move|p2b: Corviknight|Bulk Up|p2b: Corviknight\n|-boost|p2b: Corviknight|atk|1\n|-boost|p2b: Corviknight|def|1\n|\n|upkeep\n|turn|3\n|\n|t:|1776579643\n|switch|p1a: Primarina|Primarina, L50, F|100/100\n|switch|p2a: Incineroar|Incineroar, L50, F|70/100\n|-ability|p2a: Incineroar|Intimidate|boost\n|-unboost|p1a: Primarina|atk|1\n|-unboost|p1b: Aerodactyl|atk|1\n|move|p1b: Aerodactyl|Taunt|p2a: Incineroar\n|-start|p2a: Incineroar|move: Taunt\n|move|p2b: Corviknight|Iron Head|p1a: Primarina\n|-damage|p1a: Primarina|53/100\n|\n|-heal|p1a: Primarina|59/100|[from] item: Leftovers\n|upkeep\n|turn|4\n|j| fulimba\n|\n|t:|1776579665\n|move|p2a: Incineroar|Fake Out|p1b: Aerodactyl\n|-resisted|p1b: Aerodactyl|1\n|-damage|p1b: Aerodactyl|92/100\n|cant|p1b: Aerodactyl|flinch\n|move|p1a: Primarina|Calm Mind|p1a: Primarina\n|-boost|p1a: Primarina|spa|1\n|-boost|p1a: Primarina|spd|1\n|move|p2b: Corviknight|Bulk Up|p2b: Corviknight\n|-boost|p2b: Corviknight|atk|1\n|-boost|p2b: Corviknight|def|1\n|\n|-heal|p1a: Primarina|65/100|[from] item: Leftovers\n|upkeep\n|turn|5\n|\n|t:|1776579683\n|switch|p2a: Milotic|Milotic, L50, F|100/100\n|move|p1b: Aerodactyl|Rock Slide|p2b: Corviknight|[spread] p2a,p2b\n|-damage|p2a: Milotic|87/100\n|-damage|p2b: Corviknight|95/100\n|move|p1a: Primarina|Hyper Voice|p2b: Corviknight|[spread] p2a,p2b\n|-resisted|p2a: Milotic|1\n|-damage|p2a: Milotic|72/100\n|-damage|p2b: Corviknight|58/100\n|move|p2b: Corviknight|Iron Head|p1a: Primarina\n|-crit|p1a: Primarina\n|-damage|p1a: Primarina|0 fnt\n|faint|p1a: Primarina\n|\n|-heal|p2a: Milotic|78/100|[from] item: Leftovers\n|-sideend|p1: MightyTaggart|move: Tailwind\n|upkeep\n|\n|t:|1776579702\n|switch|p1a: Tyranitar|Tyranitar, L50, M|100/100\n|-weather|Sandstorm|[from] ability: Sand Stream|[of] p1a: Tyranitar\n|turn|6\n|\n|t:|1776579711\n|switch|p2a: Sinistcha|Sinistcha, L50|100/100\n|-heal|p2b: Corviknight|82/100|[from] ability: Hospitality|[of] p2a: Sinistcha\n|detailschange|p1a: Tyranitar|Tyranitar-Mega, L50, M\n|-mega|p1a: Tyranitar|Tyranitar|Tyranitarite\n|move|p1b: Aerodactyl|Taunt|p2b: Corviknight\n|-start|p2b: Corviknight|move: Taunt\n|move|p1a: Tyranitar|Substitute|p1a: Tyranitar\n|-start|p1a: Tyranitar|Substitute\n|-damage|p1a: Tyranitar|76/100\n|move|p2b: Corviknight|Iron Head|p1b: Aerodactyl\n|-supereffective|p1b: Aerodactyl|1\n|-damage|p1b: Aerodactyl|0 fnt\n|faint|p1b: Aerodactyl\n|\n|-weather|Sandstorm|[upkeep]\n|-damage|p2a: Sinistcha|94/100|[from] Sandstorm\n|upkeep\n|\n|t:|1776579726\n|switch|p1b: Sneasler|Sneasler, L50, M|84/100\n|turn|7\n|\n|t:|1776579739\n|move|p1b: Sneasler|Dire Claw|p2a: Sinistcha\n|-damage|p2a: Sinistcha|54/100\n|move|p1a: Tyranitar|Rock Slide|p2b: Corviknight|[spread] p2a,p2b\n|-damage|p2a: Sinistcha|18/100\n|-damage|p2b: Corviknight|66/100\n|move|p2a: Sinistcha|Life Dew|p2a: Sinistcha|[spread] p2a,p2b\n|-heal|p2a: Sinistcha|44/100\n|-heal|p2b: Corviknight|91/100\n|move|p2b: Corviknight|Iron Head|p1b: Sneasler\n|-damage|p1b: Sneasler|1/100\n|\n|-weather|Sandstorm|[upkeep]\n|-damage|p1b: Sneasler|0 fnt|[from] Sandstorm\n|-damage|p2a: Sinistcha|38/100|[from] Sandstorm\n|faint|p1b: Sneasler\n|upkeep\n|turn|8\n|j| gengar0720\n|\n|t:|1776579763\n|move|p1a: Tyranitar|Rock Slide|p2b: Corviknight|[spread] p2b\n|-miss|p1a: Tyranitar|p2a: Sinistcha\n|-damage|p2b: Corviknight|76/100\n|move|p2b: Corviknight|Body Press|p1a: Tyranitar\n|-supereffective|p1a: Tyranitar|2\n|-end|p1a: Tyranitar|Substitute\n|move|p2a: Sinistcha|Trick Room|p2a: Sinistcha\n|-fieldstart|move: Trick Room|[of] p2a: Sinistcha\n|\n|-weather|Sandstorm|[upkeep]\n|-damage|p2a: Sinistcha|31/100|[from] Sandstorm\n|-end|p2b: Corviknight|move: Taunt\n|upkeep\n|turn|9\n|c|\u2606MightyTaggart|gg\n|-message|MightyTaggart forfeited.\n|\n|win|vicsgc\n|raw|MightyTaggart's rating: 1439 &rarr; <strong>1421</strong><br />(-18 for losing)\n|raw|vicsgc's rating: 1481 &rarr; <strong>1499</strong><br />(+18 for winning)\n|l|\u2606MightyTaggart\n|player|p1|\n",
  "uploadtime": 1776579777,
  "views": 15,
  "formatid": "gen9championsvgc2026regma",
  "rating": 1421,
  "private": 0,
  "password": null
}