{
  "id": "gen9championsvgc2026regma-2583277808",
  "format": "[Gen 9 Champions] VGC 2026 Reg M-A",
  "players": [
    "Elsefe",
    "soyelmejorrr"
  ],
  "log": "|j|\u2606Elsefe\n|j|\u2606soyelmejorrr\n|t:|1776162408\n|gametype|doubles\n|player|p1|Elsefe|fisherman-gen4|1069\n|player|p2|soyelmejorrr|102|1074\n|gen|9\n|tier|[Gen 9 Champions] VGC 2026 Reg M-A\n|rated|\n|rule|Species Clause: Limit one of each Pok\u00e9mon\n|rule|Item Clause: Limit 1 of each item\n|clearpoke\n|poke|p1|Kingambit, L50, F|\n|poke|p1|Archaludon, L50, F|\n|poke|p1|Pelipper, L50, M|\n|poke|p1|Incineroar, L50, F|\n|poke|p1|Palafin, L50, F|\n|poke|p1|Tsareena, L50, F|\n|poke|p2|Typhlosion-Hisui, L50, F|\n|poke|p2|Charizard, L50, M|\n|poke|p2|Sylveon, L50, F|\n|poke|p2|Whimsicott, L50, M|\n|poke|p2|Gengar, L50, F|\n|poke|p2|Garganacl, L50, M|\n|teampreview|4\n|inactive|Battle timer is ON: inactive players will automatically lose when time's up. (requested by Elsefe)\nsoyelmejorrr rejected open team sheets.\n|\n|t:|1776162434\n|teamsize|p1|4\n|teamsize|p2|4\n|start\n|switch|p1a: Palafin|Palafin, L50, F|100/100\n|switch|p1b: Pelipper|Pelipper, L50, M|100/100\n|switch|p2a: Charizard|Charizard, L50, M|100/100\n|switch|p2b: Whimsicott|Whimsicott, L50, M|100/100\n|-weather|RainDance|[from] ability: Drizzle|[of] p1b: Pelipper\n|turn|1\n|inactive|soyelmejorrr has 30 seconds left.\n|inactive|Elsefe has 30 seconds left.\n|\n|t:|1776162469\n|switch|p1b: Incineroar|Incineroar, L50, F|100/100\n|-ability|p1b: Incineroar|Intimidate|boost\n|-unboost|p2a: Charizard|atk|1\n|-unboost|p2b: Whimsicott|atk|1\n|detailschange|p2a: Charizard|Charizard-Mega-Y, L50, M\n|-mega|p2a: Charizard|Charizard|Charizardite Y\n|-weather|SunnyDay|[from] ability: Drought|[of] p2a: Charizard\n|move|p2b: Whimsicott|Helping Hand|p2a: Charizard\n|-singleturn|p2a: Charizard|Helping Hand|[of] p2b: Whimsicott\n|move|p1a: Palafin|Protect|p1a: Palafin\n|-singleturn|p1a: Palafin|Protect\n|move|p2a: Charizard|Heat Wave|p1a: Palafin|[spread] p1b\n|-activate|p1a: Palafin|move: Protect\n|-resisted|p1b: Incineroar|1\n|-damage|p1b: Incineroar|52/100\n|\n|-weather|SunnyDay|[upkeep]\n|upkeep\n|turn|2\n|\n|t:|1776162492\n|detailschange|p1a: Palafin|Palafin-Hero, L50, F\n|switch|p1a: Pelipper|Pelipper, L50, M|100/100\n|-weather|RainDance|[from] ability: Drizzle|[of] p1a: Pelipper\n|move|p1b: Incineroar|Fake Out|p2a: Charizard\n|-damage|p2a: Charizard|86/100\n|move|p2b: Whimsicott|Sunny Day|p2b: Whimsicott\n|-weather|SunnyDay\n|cant|p2a: Charizard|flinch\n|\n|-weather|SunnyDay|[upkeep]\n|upkeep\n|turn|3\n|\n|t:|1776162512\n|switch|p2a: Sylveon|Sylveon, L50, F|100/100\n|move|p2b: Whimsicott|Moonblast|p1b: Incineroar\n|-crit|p1b: Incineroar\n|-damage|p1b: Incineroar|21/100\n|-enditem|p1b: Incineroar|Sitrus Berry|[eat]\n|-heal|p1b: Incineroar|46/100|[from] item: Sitrus Berry\n|move|p1a: Pelipper|Hurricane|p2b: Whimsicott|[miss]\n|-miss|p1a: Pelipper|p2b: Whimsicott\n|move|p1b: Incineroar|Parting Shot|p2a: Sylveon\n|-unboost|p2a: Sylveon|atk|1\n|-unboost|p2a: Sylveon|spa|1\n|\n|t:|1776162528\n|switch|p1b: Palafin|Palafin-Hero, L50, F|100/100|[from] Parting Shot\n|-activate|p1b: Palafin|ability: Zero to Hero\n|\n|-weather|SunnyDay|[upkeep]\n|upkeep\n|turn|4\n|\n|t:|1776162543\n|move|p2b: Whimsicott|Tailwind|p2b: Whimsicott\n|-sidestart|p2: soyelmejorrr|move: Tailwind\n|move|p2a: Sylveon|Reflect|p2a: Sylveon\n|-sidestart|p2: soyelmejorrr|Reflect\n|move|p1b: Palafin|Wave Crash|p2a: Sylveon\n|-damage|p2a: Sylveon|64/100\n|-damage|p1b: Palafin|87/100|[from] Recoil\n|move|p1a: Pelipper|Hurricane|p2b: Whimsicott|[miss]\n|-miss|p1a: Pelipper|p2b: Whimsicott\n|\n|-weather|SunnyDay|[upkeep]\n|upkeep\n|turn|5\n|inactive|Elsefe has 30 seconds left.\n|-activate|p2a: Sylveon|item: Quick Claw\n|\n|t:|1776162575\n|move|p2b: Whimsicott|Helping Hand|p2a: Sylveon\n|-singleturn|p2a: Sylveon|Helping Hand|[of] p2b: Whimsicott\n|move|p2a: Sylveon|Hyper Voice|p1a: Pelipper|[spread] p1a,p1b\n|-damage|p1a: Pelipper|32/100\n|-damage|p1b: Palafin|44/100\n|move|p1b: Palafin|Wave Crash|p2a: Sylveon\n|-damage|p2a: Sylveon|25/100\n|-damage|p1b: Palafin|29/100|[from] Recoil\n|move|p1a: Pelipper|Hurricane|p2b: Whimsicott|[miss]\n|-miss|p1a: Pelipper|p2b: Whimsicott\n|\n|-weather|SunnyDay|[upkeep]\n|upkeep\n|turn|6\n|\n|t:|1776162597\n|switch|p1a: Tsareena|Tsareena, L50, F|100/100\n|move|p2b: Whimsicott|Helping Hand|p2a: Sylveon\n|-singleturn|p2a: Sylveon|Helping Hand|[of] p2b: Whimsicott\n|move|p1b: Palafin|Jet Punch|p2a: Sylveon\n|-damage|p2a: Sylveon|7/100\n|move|p2a: Sylveon|Hyper Voice|p1b: Palafin|[spread] p1a,p1b\n|-damage|p1a: Tsareena|61/100\n|-damage|p1b: Palafin|0 fnt\n|faint|p1b: Palafin\n|\n|-weather|none\n|upkeep\n|\n|t:|1776162608\n|switch|p1b: Pelipper|Pelipper, L50, M|32/100\n|-weather|RainDance|[from] ability: Drizzle|[of] p1b: Pelipper\n|turn|7\n|inactive|soyelmejorrr has 30 seconds left.\n|\n|t:|1776162633\n|switch|p2b: Charizard|Charizard-Mega-Y, L50, M|86/100\n|-weather|SunnyDay|[from] ability: Drought|[of] p2b: Charizard\n|move|p2a: Sylveon|Hyper Voice|p1a: Tsareena|[spread] p1a,p1b\n|-damage|p1a: Tsareena|31/100\n|-damage|p1b: Pelipper|0 fnt\n|faint|p1b: Pelipper\n|move|p1a: Tsareena|U-turn|p2b: Charizard\n|-resisted|p2b: Charizard|2\n|-damage|p2b: Charizard|80/100\n|\n|t:|1776162643\n|switch|p1a: Incineroar|Incineroar, L50, F|46/100|[from] U-turn\n|-ability|p1a: Incineroar|Intimidate|boost\n|-unboost|p2a: Sylveon|atk|1\n|-unboost|p2b: Charizard|atk|1\n|\n|-weather|SunnyDay|[upkeep]\n|-sideend|p2: soyelmejorrr|move: Tailwind\n|upkeep\n|\n|t:|1776162649\n|switch|p1b: Tsareena|Tsareena, L50, F|31/100\n|turn|8\n|-activate|p2a: Sylveon|item: Quick Claw\n|\n|t:|1776162660\n|move|p1a: Incineroar|Fake Out|p2a: Sylveon\n|-damage|p2a: Sylveon|0 fnt\n|faint|p2a: Sylveon\n|move|p2b: Charizard|Heat Wave|p1b: Tsareena|[spread] p1b\n|-miss|p2b: Charizard|p1a: Incineroar\n|-supereffective|p1b: Tsareena|1\n|-damage|p1b: Tsareena|0 fnt\n|faint|p1b: Tsareena\n|\n|-weather|SunnyDay|[upkeep]\n|-sideend|p2: soyelmejorrr|Reflect\n|upkeep\n|\n|t:|1776162666\n|switch|p2a: Typhlosion|Typhlosion-Hisui, L50, F|100/100\n|turn|9\n|\n|t:|1776162675\n|move|p2a: Typhlosion|Focus Blast|p1a: Incineroar\n|-supereffective|p1a: Incineroar|1\n|-damage|p1a: Incineroar|0 fnt\n|faint|p1a: Incineroar\n|\n|win|soyelmejorrr\n|raw|Elsefe's rating: 1069 &rarr; <strong>1049</strong><br />(-20 for losing)\n|raw|soyelmejorrr's rating: 1074 &rarr; <strong>1102</strong><br />(+28 for winning)\n",
  "uploadtime": 1776162689,
  "views": 25,
  "formatid": "gen9championsvgc2026regma",
  "rating": 1049,
  "private": 0,
  "password": null
}