{
  "id": "gen9championsvgc2026regma-2582897516",
  "format": "[Gen 9 Champions] VGC 2026 Reg M-A",
  "players": [
    "Morrocan AXL BLAZE",
    "goomygoner"
  ],
  "log": "|j|\u2606Morrocan AXL BLAZE\n|j|\u2606goomygoner\n|t:|1776123055\n|gametype|doubles\n|player|p1|Morrocan AXL BLAZE|nate|1128\n|player|p2|goomygoner|170|1082\n|gen|9\n|tier|[Gen 9 Champions] VGC 2026 Reg M-A\n|rated|\n|rule|Species Clause: Limit one of each Pok\u00e9mon\n|rule|Item Clause: Limit 1 of each item\n|clearpoke\n|poke|p1|Tyranitar, L50, M|\n|poke|p1|Excadrill, L50, F|\n|poke|p1|Corviknight, L50, M|\n|poke|p1|Gyarados, L50, M|\n|poke|p1|Rotom-Heat, L50|\n|poke|p1|Sinistcha, L50|\n|poke|p2|Froslass, L50, F|\n|poke|p2|Garchomp, L50, M|\n|poke|p2|Incineroar, L50, M|\n|poke|p2|Meowscarada, L50, M|\n|poke|p2|Palafin, L50, F|\n|poke|p2|Clefable, L50, M|\n|teampreview|4\n|inactive|Battle timer is ON: inactive players will automatically lose when time's up. (requested by goomygoner)\nMorrocan AXL BLAZE has agreed to open team sheets.\n|\n|t:|1776123074\n|teamsize|p1|4\n|teamsize|p2|4\n|start\n|switch|p1a: Corviknight|Corviknight, L50, M|100/100\n|switch|p1b: Rotom|Rotom-Heat, L50, shiny|100/100\n|switch|p2a: Incineroar|Incineroar, L50, M|100/100\n|switch|p2b: Palafin|Palafin, L50, F|100/100\n|-ability|p2a: Incineroar|Intimidate|boost\n|-ability|p1a: Corviknight|Mirror Armor\n|-unboost|p2a: Incineroar|atk|1\n|-unboost|p1b: Rotom|atk|1\n|turn|1\n|\n|t:|1776123088\n|detailschange|p2b: Palafin|Palafin-Hero, L50, F\n|switch|p2b: Garchomp|Garchomp, L50, M|100/100\n|move|p1b: Rotom|Will-O-Wisp|p2b: Garchomp\n|-status|p2b: Garchomp|brn\n|move|p1a: Corviknight|Tailwind|p1a: Corviknight\n|-sidestart|p1: Morrocan AXL BLAZE|move: Tailwind\n|move|p2a: Incineroar|Flare Blitz|p1a: Corviknight\n|-supereffective|p1a: Corviknight|1\n|-damage|p1a: Corviknight|10/100\n|-damage|p2a: Incineroar|70/100|[from] Recoil\n|\n|-heal|p1a: Corviknight|17/100|[from] item: Leftovers\n|-damage|p2b: Garchomp|95/100 brn|[from] brn\n|upkeep\n|turn|2\n|\n|t:|1776123108\n|move|p1b: Rotom|Volt Switch|p2a: Incineroar\n|-damage|p2a: Incineroar|43/100\n|\n|t:|1776123115\n|switch|p1b: Tyranitar|Tyranitar, L50, M, shiny|100/100|[from] Volt Switch\n|-weather|Sandstorm|[from] ability: Sand Stream|[of] p1b: Tyranitar\n|move|p1a: Corviknight|Brave Bird|p2b: Garchomp\n|-damage|p2b: Garchomp|43/100 brn\n|-damage|p1a: Corviknight|4/100|[from] ability: Rough Skin|[of] p2b: Garchomp\n|-damage|p1a: Corviknight|0 fnt|[from] Recoil\n|faint|p1a: Corviknight\n|move|p2b: Garchomp|Rock Slide|p1b: Tyranitar\n|-damage|p1b: Tyranitar|87/100\n|move|p2a: Incineroar|Darkest Lariat|p1b: Tyranitar\n|-resisted|p1b: Tyranitar|1\n|-damage|p1b: Tyranitar|76/100\n|\n|-weather|Sandstorm|[upkeep]\n|-damage|p2a: Incineroar|37/100|[from] Sandstorm\n|-damage|p2b: Garchomp|37/100 brn|[from] brn\n|upkeep\n|\n|t:|1776123132\n|switch|p1a: Excadrill|Excadrill, L50, F|100/100\n|turn|3\n|\n|t:|1776123142\n|detailschange|p1b: Tyranitar|Tyranitar-Mega, L50, M, shiny\n|-mega|p1b: Tyranitar|Tyranitar|Tyranitarite\n|move|p1b: Tyranitar|Protect|p1b: Tyranitar\n|-singleturn|p1b: Tyranitar|Protect\n|move|p1a: Excadrill|Earthquake|p2b: Garchomp|[spread] p2a,p2b\n|-activate|p1b: Tyranitar|move: Protect\n|-supereffective|p2a: Incineroar|1\n|-damage|p2a: Incineroar|0 fnt\n|-damage|p2b: Garchomp|0 fnt\n|faint|p2a: Incineroar\n|faint|p2b: Garchomp\n|\n|-weather|Sandstorm|[upkeep]\n|upkeep\n|\n|t:|1776123153\n|switch|p2b: Meowscarada|Meowscarada, L50, M|100/100\n|switch|p2a: Palafin|Palafin-Hero, L50, F|100/100\n|-activate|p2a: Palafin|ability: Zero to Hero\n|turn|4\n|\n|t:|1776123175\n|move|p1a: Excadrill|High Horsepower|p2a: Palafin\n|-damage|p2a: Palafin|41/100\n|move|p2b: Meowscarada|Flower Trick|p1a: Excadrill\n|-start|p2b: Meowscarada|typechange|Grass|[from] ability: Protean\n|-crit|p1a: Excadrill\n|-damage|p1a: Excadrill|24/100\n|move|p1b: Tyranitar|Rock Slide|p2a: Palafin|[spread] p2a\n|-miss|p1b: Tyranitar|p2b: Meowscarada\n|-damage|p2a: Palafin|1/100\n|move|p2a: Palafin|Wave Crash|p1b: Tyranitar\n|-supereffective|p1b: Tyranitar|1\n|-damage|p1b: Tyranitar|0 fnt\n|faint|p1b: Tyranitar\n|-damage|p2a: Palafin|0 fnt|[from] Recoil\n|faint|p2a: Palafin\n|\n|-weather|Sandstorm|[upkeep]\n|-damage|p2b: Meowscarada|95/100|[from] Sandstorm\n|-sideend|p1: Morrocan AXL BLAZE|move: Tailwind\n|upkeep\n|\n|t:|1776123188\n|switch|p1b: Rotom|Rotom-Heat, L50, shiny|100/100\n|turn|5\n|\n|t:|1776123196\n|move|p1a: Excadrill|Iron Head|p2b: Meowscarada\n|-damage|p2b: Meowscarada|22/100\n|move|p2b: Meowscarada|Flower Trick|p1a: Excadrill\n|-crit|p1a: Excadrill\n|-damage|p1a: Excadrill|0 fnt\n|faint|p1a: Excadrill\n|move|p1b: Rotom|Overheat|p2b: Meowscarada\n|-supereffective|p2b: Meowscarada|1\n|-damage|p2b: Meowscarada|0 fnt\n|-unboost|p1b: Rotom|spa|2\n|faint|p2b: Meowscarada\n|\n|win|Morrocan AXL BLAZE\n|raw|Morrocan AXL BLAZE's rating: 1128 &rarr; <strong>1150</strong><br />(+22 for winning)\n|raw|goomygoner's rating: 1082 &rarr; <strong>1063</strong><br />(-19 for losing)\n",
  "uploadtime": 1776123196,
  "views": 17,
  "formatid": "gen9championsvgc2026regma",
  "rating": 1063,
  "private": 0,
  "password": null
}