{
  "id": "gen9championsvgc2026regma-2585653008",
  "format": "[Gen 9 Champions] VGC 2026 Reg M-A",
  "players": [
    "lograf",
    "Rtx_sebas"
  ],
  "log": "|j|\u2606lograf\n|j|\u2606Rtx_sebas\n|t:|1776361440\n|gametype|doubles\n|player|p1|lograf|102|1060\n|player|p2|Rtx_sebas|2|1159\n|gen|9\n|tier|[Gen 9 Champions] VGC 2026 Reg M-A\n|rated|\n|rule|Species Clause: Limit one of each Pok\u00e9mon\n|rule|Item Clause: Limit 1 of each item\n|clearpoke\n|poke|p1|Farigiraf, L50, F|\n|poke|p1|Froslass, L50, F|\n|poke|p1|Lucario, L50, M|\n|poke|p1|Arcanine, L50, M|\n|poke|p1|Sinistcha, L50|\n|poke|p1|Clefable, L50, M|\n|poke|p2|Charizard, L50, F|\n|poke|p2|Sneasler, L50, M|\n|poke|p2|Maushold, L50|\n|poke|p2|Venusaur, L50, F|\n|poke|p2|Sableye, L50, M|\n|poke|p2|Garchomp, L50, M|\n|teampreview|4\n|inactive|Battle timer is ON: inactive players will automatically lose when time's up. (requested by lograf)\n|\n|t:|1776361457\n|teamsize|p1|4\n|teamsize|p2|4\n|start\n|switch|p1a: Farigiraf|Farigiraf, L50, F|100/100\n|switch|p1b: Arcanine|Arcanine, L50, M|100/100\n|switch|p2a: Charizard|Charizard, L50, F|100/100\n|switch|p2b: Maushold|Maushold, L50|100/100\n|-ability|p1b: Arcanine|Intimidate|boost\n|-unboost|p2a: Charizard|atk|1\n|-unboost|p2b: Maushold|atk|1\n|turn|1\n|\n|t:|1776361480\n|move|p2a: Charizard|Protect|p2a: Charizard\n|-singleturn|p2a: Charizard|Protect\n|move|p2b: Maushold|Taunt|p1a: Farigiraf\n|-start|p1a: Farigiraf|move: Taunt\n|-enditem|p1a: Farigiraf|Mental Herb\n|-end|p1a: Farigiraf|move: Taunt\n|move|p1b: Arcanine|Flare Blitz|p2a: Charizard\n|-activate|p2a: Charizard|move: Protect\n|move|p1a: Farigiraf|Nasty Plot|p1a: Farigiraf\n|-boost|p1a: Farigiraf|spa|2\n|\n|upkeep\n|turn|2\n|inactive|Rtx_sebas has 30 seconds left.\n|\n|t:|1776361509\n|switch|p1b: Clefable|Clefable, L50, M|100/100\n|switch|p2a: Garchomp|Garchomp, L50, M|100/100\n|move|p2b: Maushold|Super Fang|p1a: Farigiraf\n|-damage|p1a: Farigiraf|51/100\n|move|p1a: Farigiraf|Baton Pass|p1a: Farigiraf\n|\n|t:|1776361516\n|switch|p1a: Froslass|Froslass, L50, F|100/100|[from] Baton Pass\n|\n|upkeep\n|turn|3\n|inactive|Rtx_sebas has 30 seconds left.\n|inactive|Rtx_sebas has 20 seconds left.\n|\n|t:|1776361554\n|switch|p2a: Charizard|Charizard, L50, F|100/100\n|detailschange|p1a: Froslass|Froslass-Mega, L50, F\n|-mega|p1a: Froslass|Froslass|Froslassite\n|-weather|Snowscape|[from] ability: Snow Warning|[of] p1a: Froslass\n|move|p1a: Froslass|Aurora Veil|p1a: Froslass\n|-sidestart|p1: lograf|move: Aurora Veil\n|move|p2b: Maushold|Taunt|p1a: Froslass\n|-start|p1a: Froslass|move: Taunt\n|move|p1b: Clefable|Moonblast|p2a: Charizard\n|-resisted|p2a: Charizard|1\n|-damage|p2a: Charizard|88/100\n|\n|-weather|Snowscape|[upkeep]\n|upkeep\n|turn|4\n|\n|t:|1776361577\n|detailschange|p2a: Charizard|Charizard-Mega-Y, L50, F\n|-mega|p2a: Charizard|Charizard|Charizardite Y\n|-weather|SunnyDay|[from] ability: Drought|[of] p2a: Charizard\n|move|p1a: Froslass|Blizzard|p2b: Maushold|[spread] p2b\n|-miss|p1a: Froslass|p2a: Charizard\n|-damage|p2b: Maushold|0 fnt\n|faint|p2b: Maushold\n|move|p2a: Charizard|Heat Wave|p1b: Clefable|[spread] p1a\n|-miss|p2a: Charizard|p1b: Clefable\n|-supereffective|p1a: Froslass|1\n|-damage|p1a: Froslass|0 fnt\n|faint|p1a: Froslass\n|move|p1b: Clefable|Moonblast|p2a: Charizard\n|-resisted|p2a: Charizard|1\n|-damage|p2a: Charizard|74/100\n|\n|-weather|SunnyDay|[upkeep]\n|upkeep\n|\n|t:|1776361592\n|switch|p1a: Farigiraf|Farigiraf, L50, F|51/100\n|switch|p2b: Sneasler|Sneasler, L50, M|100/100\n|turn|5\n|\n|t:|1776361612\n|move|p2b: Sneasler|Dire Claw|p1b: Clefable\n|-supereffective|p1b: Clefable|1\n|-damage|p1b: Clefable|50/100\n|move|p2a: Charizard|Overheat|p1a: Farigiraf\n|-damage|p1a: Farigiraf|0 fnt\n|-unboost|p2a: Charizard|spa|2\n|faint|p1a: Farigiraf\n|move|p1b: Clefable|Calm Mind|p1b: Clefable\n|-boost|p1b: Clefable|spa|1\n|-boost|p1b: Clefable|spd|1\n|\n|-weather|SunnyDay|[upkeep]\n|-heal|p1b: Clefable|56/100|[from] item: Leftovers\n|upkeep\n|\n|t:|1776361624\n|switch|p1a: Arcanine|Arcanine, L50, M|100/100\n|-ability|p1a: Arcanine|Intimidate|boost\n|-unboost|p2a: Charizard|atk|1\n|-unboost|p2b: Sneasler|atk|1\n|-enditem|p2b: Sneasler|White Herb\n|-clearnegativeboost|p2b: Sneasler|[silent]\n|turn|6\n|\n|t:|1776361638\n|move|p2b: Sneasler|Dire Claw|p1b: Clefable\n|-supereffective|p1b: Clefable|1\n|-damage|p1b: Clefable|8/100\n|move|p1a: Arcanine|Will-O-Wisp|p2b: Sneasler\n|-status|p2b: Sneasler|brn\n|move|p2a: Charizard|Heat Wave|p1b: Clefable|[spread] p1a,p1b\n|-resisted|p1a: Arcanine|1\n|-damage|p1a: Arcanine|87/100\n|-damage|p1b: Clefable|0 fnt\n|faint|p1b: Clefable\n|\n|-weather|SunnyDay|[upkeep]\n|-damage|p2b: Sneasler|95/100 brn|[from] brn\n|upkeep\n|turn|7\n|inactive|Rtx_sebas has 30 seconds left.\n|\n|t:|1776361672\n|switch|p2a: Garchomp|Garchomp, L50, M|100/100\n|move|p2b: Sneasler|Dire Claw|p1a: Arcanine\n|-damage|p1a: Arcanine|70/100\n|move|p1a: Arcanine|Flare Blitz|p2b: Sneasler\n|-damage|p2b: Sneasler|0 fnt\n|faint|p2b: Sneasler\n|-damage|p1a: Arcanine|45/100|[from] Recoil\n|-enditem|p1a: Arcanine|Sitrus Berry|[eat]\n|-heal|p1a: Arcanine|70/100|[from] item: Sitrus Berry\n|\n|-weather|SunnyDay|[upkeep]\n|-sideend|p1: lograf|move: Aurora Veil\n|upkeep\n|\n|t:|1776361680\n|switch|p2b: Charizard|Charizard-Mega-Y, L50, F|74/100\n|turn|8\n|\n|t:|1776361694\n|move|p1a: Arcanine|Will-O-Wisp|p2a: Garchomp\n|-status|p2a: Garchomp|brn\n|-enditem|p2a: Garchomp|Lum Berry|[eat]\n|-curestatus|p2a: Garchomp|brn|[msg]\n|move|p2a: Garchomp|Earthquake|p1a: Arcanine|[spread] p1a\n|-immune|p2b: Charizard\n|-supereffective|p1a: Arcanine|1\n|-damage|p1a: Arcanine|0 fnt\n|faint|p1a: Arcanine\n|\n|win|Rtx_sebas\n|raw|lograf's rating: 1060 &rarr; <strong>1046</strong><br />(-14 for losing)\n|raw|Rtx_sebas's rating: 1159 &rarr; <strong>1177</strong><br />(+18 for winning)\n",
  "uploadtime": 1776361705,
  "views": 19,
  "formatid": "gen9championsvgc2026regma",
  "rating": 1046,
  "private": 0,
  "password": null
}