{
  "id": "gen9championsvgc2026regma-2586209650",
  "format": "[Gen 9 Champions] VGC 2026 Reg M-A",
  "players": [
    "testballs",
    "Mahmood23"
  ],
  "log": "|j|\u203dtestballs\n|j|\u2606Mahmood23\n|t:|1776412708\n|gametype|doubles\n|player|p1|testballs|twins|1184\n|player|p2|Mahmood23|linebacker|1111\n|gen|9\n|tier|[Gen 9 Champions] VGC 2026 Reg M-A\n|rated|\n|rule|Species Clause: Limit one of each Pok\u00e9mon\n|rule|Item Clause: Limit 1 of each item\n|clearpoke\n|poke|p1|Bellibolt, L50, M|\n|poke|p1|Venusaur, L50, M|\n|poke|p1|Hydreigon, L50, M|\n|poke|p1|Mamoswine, L50, F|\n|poke|p1|Primarina, L50, M|\n|poke|p1|Arcanine-Hisui, L50, F|\n|poke|p2|Aerodactyl, L50, F|\n|poke|p2|Basculegion, L50, M|\n|poke|p2|Kommo-o, L50, M|\n|poke|p2|Scizor, L50, M|\n|poke|p2|Scovillain, L50, F|\n|poke|p2|Sneasler, L50, M|\n|teampreview|4\n|inactive|Battle timer is ON: inactive players will automatically lose when time's up. (requested by testballs)\n|\n|t:|1776412740\n|teamsize|p1|4\n|teamsize|p2|4\n|start\n|switch|p1a: Bellibolt|Bellibolt, L50, M|100/100\n|switch|p1b: Venusaur|Venusaur, L50, M|100/100\n|switch|p2a: Sneasler|Sneasler, L50, M|100/100\n|switch|p2b: Aerodactyl|Aerodactyl, L50, F|100/100\n|-ability|p2b: Aerodactyl|Unnerve\n|turn|1\n|\n|t:|1776412755\n|move|p1b: Venusaur|Protect|p1b: Venusaur\n|-singleturn|p1b: Venusaur|Protect\n|move|p1a: Bellibolt|Protect|p1a: Bellibolt\n|-singleturn|p1a: Bellibolt|Protect\n|move|p2a: Sneasler|Fake Out|p1a: Bellibolt\n|-activate|p1a: Bellibolt|move: Protect\n|move|p2b: Aerodactyl|Tailwind|p2b: Aerodactyl\n|-sidestart|p2: Mahmood23|move: Tailwind\n|\n|upkeep\n|turn|2\n|inactive|testballs has 30 seconds left.\n|\n|t:|1776412786\n|detailschange|p1b: Venusaur|Venusaur-Mega, L50, M\n|-mega|p1b: Venusaur|Venusaur|Venusaurite\n|move|p2b: Aerodactyl|Dual Wingbeat|p1b: Venusaur\n|-supereffective|p1b: Venusaur|1\n|-damage|p1b: Venusaur|68/100\n|-supereffective|p1b: Venusaur|1\n|-damage|p1b: Venusaur|39/100\n|-hitcount|p1b: Venusaur|2\n|move|p2a: Sneasler|Close Combat|p1a: Bellibolt\n|-damage|p1a: Bellibolt|55/100\n|-unboost|p2a: Sneasler|def|1\n|-unboost|p2a: Sneasler|spd|1\n|-start|p1a: Bellibolt|Charge|Close Combat|[from] ability: Electromorphosis\n|-enditem|p2a: Sneasler|White Herb\n|-clearnegativeboost|p2a: Sneasler|[silent]\n|move|p1b: Venusaur|Leech Seed|p2b: Aerodactyl\n|-start|p2b: Aerodactyl|move: Leech Seed\n|move|p1a: Bellibolt|Soak|p2a: Sneasler\n|-start|p2a: Sneasler|typechange|Water\n|\n|-damage|p2b: Aerodactyl|88/100|[from] Leech Seed|[of] p1b: Venusaur\n|-heal|p1b: Venusaur|50/100|[silent]\n|upkeep\n|turn|3\n|\n|t:|1776412811\n|switch|p2b: Scovillain|Scovillain, L50, F|100/100\n|move|p1b: Venusaur|Protect|p1b: Venusaur\n|-singleturn|p1b: Venusaur|Protect\n|move|p2a: Sneasler|Dire Claw|p1a: Bellibolt\n|-damage|p1a: Bellibolt|36/100\n|-start|p1a: Bellibolt|Charge|Dire Claw|[from] ability: Electromorphosis\n|-enditem|p1a: Bellibolt|Sitrus Berry|[eat]\n|-heal|p1a: Bellibolt|61/100|[from] item: Sitrus Berry\n|move|p1a: Bellibolt|Parabolic Charge|p2b: Scovillain|[spread] p2a,p2b\n|-activate|p1b: Venusaur|move: Protect\n|-supereffective|p2a: Sneasler|1\n|-resisted|p2b: Scovillain|1\n|-damage|p2a: Sneasler|1/100\n|-heal|p1a: Bellibolt|99/100|[from] drain|[of] p2a: Sneasler\n|-damage|p2b: Scovillain|80/100\n|-heal|p1a: Bellibolt|100/100|[from] drain|[of] p2b: Scovillain\n|-end|p1a: Bellibolt|Charge|[silent]\n|\n|upkeep\n|turn|4\n|inactive|testballs has 30 seconds left.\n|inactive|Mahmood23 has 30 seconds left.\n|inactive|Mahmood23 has 20 seconds left.\n|\n|t:|1776412849\n|detailschange|p2b: Scovillain|Scovillain-Mega, L50, F\n|-mega|p2b: Scovillain|Scovillain|Scovillainite\n|move|p2a: Sneasler|Protect|p2a: Sneasler\n|-singleturn|p2a: Sneasler|Protect\n|move|p2b: Scovillain|Flamethrower|p1b: Venusaur\n|-supereffective|p1b: Venusaur|1\n|-damage|p1b: Venusaur|11/100\n|move|p1b: Venusaur|Sludge Bomb|p2b: Scovillain\n|-supereffective|p2b: Scovillain|1\n|-damage|p2b: Scovillain|2/100\n|-status|p1b: Venusaur|brn|[from] ability: Spicy Spray|[of] p2b: Scovillain\n|move|p1a: Bellibolt|Parabolic Charge|p2a: Sneasler|[spread] p1b,p2b\n|-activate|p2a: Sneasler|move: Protect\n|-resisted|p1b: Venusaur|1\n|-resisted|p2b: Scovillain|1\n|-damage|p1b: Venusaur|3/100 brn\n|-damage|p2b: Scovillain|0 fnt\n|-status|p1a: Bellibolt|brn|[from] ability: Spicy Spray|[of] p2b: Scovillain\n|faint|p2b: Scovillain\n|\n|-damage|p1b: Venusaur|0 fnt|[from] brn\n|faint|p1b: Venusaur\n|-damage|p1a: Bellibolt|95/100 brn|[from] brn\n|-sideend|p2: Mahmood23|move: Tailwind\n|upkeep\n|\n|t:|1776412869\n|switch|p1b: Primarina|Primarina, L50, M|100/100\n|switch|p2b: Kommo-o|Kommo-o, L50, M|100/100\n|turn|5\n|\n|t:|1776412893\n|switch|p2a: Aerodactyl|Aerodactyl, L50, F|88/100\n|-ability|p2a: Aerodactyl|Unnerve\n|move|p2b: Kommo-o|Protect|p2b: Kommo-o\n|-singleturn|p2b: Kommo-o|Protect\n|move|p1b: Primarina|Protect|p1b: Primarina\n|-singleturn|p1b: Primarina|Protect\n|move|p1a: Bellibolt|Soak|p2b: Kommo-o\n|-activate|p2b: Kommo-o|move: Protect\n|\n|-damage|p1a: Bellibolt|89/100 brn|[from] brn\n|upkeep\n|turn|6\n|\n|t:|1776412911\n|move|p2a: Aerodactyl|Dual Wingbeat|p1b: Primarina\n|-damage|p1b: Primarina|79/100\n|-damage|p1b: Primarina|57/100\n|-hitcount|p1b: Primarina|2\n|move|p2b: Kommo-o|Aura Sphere|p1a: Bellibolt\n|-damage|p1a: Bellibolt|61/100 brn\n|-start|p1a: Bellibolt|Charge|Aura Sphere|[from] ability: Electromorphosis\n|move|p1b: Primarina|Moonblast|p2b: Kommo-o\n|-supereffective|p2b: Kommo-o|2\n|-damage|p2b: Kommo-o|0 fnt\n|faint|p2b: Kommo-o\n|move|p1a: Bellibolt|Parabolic Charge|p2a: Aerodactyl|[spread] p1b,p2a\n|-supereffective|p1b: Primarina|1\n|-supereffective|p2a: Aerodactyl|1\n|-damage|p1b: Primarina|1/100\n|-heal|p1a: Bellibolt|86/100 brn|[from] drain|[of] p1b: Primarina\n|-damage|p2a: Aerodactyl|0 fnt\n|-heal|p1a: Bellibolt|100/100 brn|[from] drain|[of] p2a: Aerodactyl\n|faint|p2a: Aerodactyl\n|-end|p1a: Bellibolt|Charge|[silent]\n|\n|-heal|p1b: Primarina|7/100|[from] item: Leftovers\n|-damage|p1a: Bellibolt|95/100 brn|[from] brn\n|upkeep\n|-message|Mahmood23 forfeited.\n|\n|win|testballs\n|raw|testballs's rating: 1184 &rarr; <strong>1204</strong><br />(+20 for winning)\n|raw|Mahmood23's rating: 1111 &rarr; <strong>1091</strong><br />(-20 for losing)\n|l|\u2606Mahmood23\n|player|p2|\n",
  "uploadtime": 1776412931,
  "views": 16,
  "formatid": "gen9championsvgc2026regma",
  "rating": 1091,
  "private": 0,
  "password": null
}