{
  "id": "gen9championsvgc2026regma-2583444780",
  "format": "[Gen 9 Champions] VGC 2026 Reg M-A",
  "players": [
    "vywxiwjxjwk",
    "viditz"
  ],
  "log": "|j|\u2606vywxiwjxjwk\n|j|\u2606viditz\n|t:|1776176087\n|gametype|doubles\n|player|p1|vywxiwjxjwk|n|1189\n|player|p2|viditz|265|1207\n|gen|9\n|tier|[Gen 9 Champions] VGC 2026 Reg M-A\n|rated|\n|rule|Species Clause: Limit one of each Pok\u00e9mon\n|rule|Item Clause: Limit 1 of each item\n|clearpoke\n|poke|p1|Sneasler, L50, F|\n|poke|p1|Floette-Eternal, L50, F|\n|poke|p1|Sinistcha, L50|\n|poke|p1|Meowstic, L50, M|\n|poke|p1|Krookodile, L50, F|\n|poke|p1|Farigiraf, L50, F|\n|poke|p2|Starmie, L50|\n|poke|p2|Kingambit, L50, F|\n|poke|p2|Sylveon, L50, F|\n|poke|p2|Incineroar, L50, M|\n|poke|p2|Sinistcha, L50|\n|poke|p2|Sneasler, L50, M|\n|teampreview|4\n|\n|t:|1776176117\n|teamsize|p1|4\n|teamsize|p2|4\n|start\n|switch|p1a: Sneasler|Sneasler, L50, F|100/100\n|switch|p1b: Meowstic|Meowstic, L50, M|100/100\n|switch|p2a: Starmie|Starmie, L50, shiny|100/100\n|switch|p2b: Incineroar|Incineroar, L50, M, shiny|100/100\n|-ability|p2b: Incineroar|Intimidate|boost\n|-unboost|p1a: Sneasler|atk|1\n|-unboost|p1b: Meowstic|atk|1\n|-enditem|p1a: Sneasler|White Herb\n|-clearnegativeboost|p1a: Sneasler|[silent]\n|turn|1\n|\n|t:|1776176144\n|detailschange|p2a: Starmie|Starmie-Mega, L50, shiny\n|-mega|p2a: Starmie|Starmie|Starminite\n|move|p2a: Starmie|Protect|p2a: Starmie\n|-singleturn|p2a: Starmie|Protect\n|move|p1b: Meowstic|Fake Out|p2b: Incineroar\n|-damage|p2b: Incineroar|97/100\n|cant|p2b: Incineroar|flinch\n|move|p1a: Sneasler|Dire Claw|p2a: Starmie\n|-activate|p2a: Starmie|move: Protect\n|\n|upkeep\n|turn|2\n|\n|t:|1776176160\n|move|p1b: Meowstic|Reflect|p1b: Meowstic\n|-sidestart|p1: vywxiwjxjwk|Reflect\n|move|p1a: Sneasler|Close Combat|p2b: Incineroar\n|-supereffective|p2b: Incineroar|1\n|-damage|p2b: Incineroar|0 fnt\n|-unboost|p1a: Sneasler|def|1\n|-unboost|p1a: Sneasler|spd|1\n|faint|p2b: Incineroar\n|move|p2a: Starmie|Zen Headbutt|p1a: Sneasler\n|-supereffective|p1a: Sneasler|2\n|-damage|p1a: Sneasler|0 fnt\n|faint|p1a: Sneasler\n|\n|upkeep\n|\n|t:|1776176171\n|switch|p1a: Floette|Floette-Eternal, L50, F|100/100\n|switch|p2b: Sinistcha|Sinistcha, L50|100/100\n|turn|3\n|\n|t:|1776176197\n|detailschange|p1a: Floette|Floette-Mega, L50, F\n|-mega|p1a: Floette|Floette|Floettite\n|-ability|p1a: Floette|Fairy Aura\n|move|p2a: Starmie|Protect|p2a: Starmie\n|-singleturn|p2a: Starmie|Protect\n|move|p1b: Meowstic|Fake Tears|p2a: Starmie\n|-activate|p2a: Starmie|move: Protect\n|move|p1a: Floette|Dazzling Gleam|p2b: Sinistcha|[spread] p2b\n|-activate|p2a: Starmie|move: Protect\n|-damage|p2b: Sinistcha|59/100\n|move|p2b: Sinistcha|Trick Room|p2b: Sinistcha\n|-fieldstart|move: Trick Room|[of] p2b: Sinistcha\n|\n|-heal|p2b: Sinistcha|65/100|[from] item: Leftovers\n|upkeep\n|turn|4\n|\n|t:|1776176219\n|switch|p2b: Kingambit|Kingambit, L50, F|100/100\n|move|p1b: Meowstic|Fake Tears|p2a: Starmie\n|-unboost|p2a: Starmie|spd|2\n|move|p1a: Floette|Moonblast|p2a: Starmie\n|-damage|p2a: Starmie|0 fnt\n|faint|p2a: Starmie\n|\n|upkeep\n|\n|t:|1776176227\n|switch|p2a: Sinistcha|Sinistcha, L50|65/100\n|turn|5\n|\n|t:|1776176252\n|move|p1a: Floette|Protect|p1a: Floette\n|-singleturn|p1a: Floette|Protect\n|move|p1b: Meowstic|Fake Tears|p2a: Sinistcha\n|-unboost|p2a: Sinistcha|spd|2\n|move|p2b: Kingambit|Kowtow Cleave|p1b: Meowstic\n|-supereffective|p1b: Meowstic|1\n|-damage|p1b: Meowstic|36/100\n|move|p2a: Sinistcha|Matcha Gotcha|p1a: Floette|[spread] p1b\n|-activate|p1a: Floette|move: Protect\n|-damage|p1b: Meowstic|13/100\n|-heal|p2a: Sinistcha|78/100|[from] drain|[of] p1b: Meowstic\n|\n|-heal|p2a: Sinistcha|84/100|[from] item: Leftovers\n|upkeep\n|turn|6\n|\n|t:|1776176287\n|move|p1b: Meowstic|Fake Tears|p2a: Sinistcha\n|-unboost|p2a: Sinistcha|spd|2\n|move|p2b: Kingambit|Kowtow Cleave|p1a: Floette\n|-resisted|p1a: Floette|1\n|-damage|p1a: Floette|80/100\n|move|p2a: Sinistcha|Shadow Ball|p1b: Meowstic\n|-supereffective|p1b: Meowstic|1\n|-damage|p1b: Meowstic|0 fnt\n|faint|p1b: Meowstic\n|move|p1a: Floette|Moonblast|p2b: Kingambit\n|-damage|p2b: Kingambit|28/100\n|\n|-heal|p2a: Sinistcha|90/100|[from] item: Leftovers\n|-sideend|p1: vywxiwjxjwk|Reflect\n|upkeep\n|\n|t:|1776176291\n|switch|p1b: Sinistcha|Sinistcha, L50|100/100\n|-heal|p1a: Floette|100/100|[from] ability: Hospitality|[of] p1b: Sinistcha\n|turn|7\n|-message|viditz forfeited.\n|\n|win|vywxiwjxjwk\n|raw|vywxiwjxjwk's rating: 1189 &rarr; <strong>1215</strong><br />(+26 for winning)\n|raw|viditz's rating: 1207 &rarr; <strong>1181</strong><br />(-26 for losing)\n|l|\u2606viditz\n|player|p2|\n",
  "uploadtime": 1776176310,
  "views": 13,
  "formatid": "gen9championsvgc2026regma",
  "rating": 1181,
  "private": 0,
  "password": null
}