{
  "id": "gen9championsvgc2026regma-2584436796",
  "format": "[Gen 9 Champions] VGC 2026 Reg M-A",
  "players": [
    "Barber1",
    "AsexualBillClinton"
  ],
  "log": "|j|\u2606Barber1\n|j|\u2606AsexualBillClinton\n|t:|1776260778\n|gametype|doubles\n|player|p1|Barber1|cynthia-gen4|1317\n|player|p2|AsexualBillClinton|marlon|1354\n|gen|9\n|tier|[Gen 9 Champions] VGC 2026 Reg M-A\n|rated|\n|rule|Species Clause: Limit one of each Pok\u00e9mon\n|rule|Item Clause: Limit 1 of each item\n|clearpoke\n|poke|p1|Floette-Eternal, L50, F|\n|poke|p1|Sneasler, L50, M|\n|poke|p1|Aerodactyl, L50, M|\n|poke|p1|Delphox, L50, M|\n|poke|p1|Kingambit, L50, M|\n|poke|p1|Garchomp, L50, F|\n|poke|p2|Chandelure, L50, F|\n|poke|p2|Whimsicott, L50, M|\n|poke|p2|Milotic, L50, F|\n|poke|p2|Maushold, L50|\n|poke|p2|Incineroar, L50, F|\n|poke|p2|Ninetales-Alola, L50, F|\n|teampreview|4\n|inactive|Battle timer is ON: inactive players will automatically lose when time's up. (requested by Barber1)\n|inactive|Barber1 has 60 seconds left.\n|\n|t:|1776260827\n|teamsize|p1|4\n|teamsize|p2|4\n|start\n|switch|p1a: Floette|Floette-Eternal, L50, F|100/100\n|switch|p1b: Sneasler|Sneasler, L50, M|100/100\n|switch|p2a: Chandelure|Chandelure, L50, F|100/100\n|switch|p2b: Ninetales|Ninetales-Alola, L50, F|100/100\n|-weather|Snowscape|[from] ability: Snow Warning|[of] p2b: Ninetales\n|turn|1\n|\n|t:|1776260846\n|detailschange|p1a: Floette|Floette-Mega, L50, F\n|-mega|p1a: Floette|Floette|Floettite\n|-ability|p1a: Floette|Fairy Aura\n|detailschange|p2a: Chandelure|Chandelure-Mega, L50, F\n|-mega|p2a: Chandelure|Chandelure|Chandelurite\n|move|p1b: Sneasler|Fake Out|p2b: Ninetales\n|-damage|p2b: Ninetales|85/100\n|cant|p2b: Ninetales|flinch\n|move|p1a: Floette|Moonblast|p2a: Chandelure\n|-resisted|p2a: Chandelure|1\n|-damage|p2a: Chandelure|64/100\n|-unboost|p2a: Chandelure|spa|1\n|move|p2a: Chandelure|Calm Mind|p2a: Chandelure\n|-boost|p2a: Chandelure|spa|1\n|-boost|p2a: Chandelure|spd|1\n|\n|-weather|Snowscape|[upkeep]\n|upkeep\n|turn|2\n|\n|t:|1776260867\n|move|p2b: Ninetales|Aurora Veil|p2b: Ninetales\n|-sidestart|p2: AsexualBillClinton|move: Aurora Veil\n|move|p1b: Sneasler|Close Combat|p2b: Ninetales\n|-damage|p2b: Ninetales|35/100\n|-unboost|p1b: Sneasler|def|1\n|-unboost|p1b: Sneasler|spd|1\n|-enditem|p1b: Sneasler|White Herb\n|-clearnegativeboost|p1b: Sneasler|[silent]\n|move|p1a: Floette|Moonblast|p2b: Ninetales\n|-damage|p2b: Ninetales|0 fnt\n|faint|p2b: Ninetales\n|move|p2a: Chandelure|Calm Mind|p2a: Chandelure\n|-boost|p2a: Chandelure|spa|1\n|-boost|p2a: Chandelure|spd|1\n|\n|-weather|Snowscape|[upkeep]\n|upkeep\n|\n|t:|1776260882\n|switch|p2b: Maushold|Maushold, L50|100/100\n|turn|3\n|\n|t:|1776260896\n|move|p1b: Sneasler|Close Combat|p2b: Maushold\n|-supereffective|p2b: Maushold|1\n|-crit|p2b: Maushold\n|-enditem|p2b: Maushold|Chople Berry|[eat]\n|-enditem|p2b: Maushold|Chople Berry|[weaken]\n|-damage|p2b: Maushold|0 fnt\n|-unboost|p1b: Sneasler|def|1\n|-unboost|p1b: Sneasler|spd|1\n|faint|p2b: Maushold\n|move|p1a: Floette|Moonblast|p2a: Chandelure\n|-resisted|p2a: Chandelure|1\n|-damage|p2a: Chandelure|50/100\n|move|p2a: Chandelure|Heat Wave|p1a: Floette|[spread] p1a,p1b\n|-damage|p1a: Floette|55/100\n|-damage|p1b: Sneasler|0 fnt\n|faint|p1b: Sneasler\n|\n|-weather|Snowscape|[upkeep]\n|upkeep\n|\n|t:|1776260912\n|switch|p2b: Whimsicott|Whimsicott, L50, M|100/100\n|switch|p1b: Kingambit|Kingambit, L50, M|100/100\n|-activate|p1b: Kingambit|ability: Supreme Overlord\n|-start|p1b: Kingambit|fallen1|[silent]\n|turn|4\n|\n|t:|1776260929\n|move|p2b: Whimsicott|Tailwind|p2b: Whimsicott\n|-sidestart|p2: AsexualBillClinton|move: Tailwind\n|move|p1b: Kingambit|Sucker Punch|p2a: Chandelure\n|-supereffective|p2a: Chandelure|1\n|-damage|p2a: Chandelure|0 fnt\n|faint|p2a: Chandelure\n|move|p1a: Floette|Moonblast|p2b: Whimsicott\n|-damage|p2b: Whimsicott|27/100\n|\n|-weather|Snowscape|[upkeep]\n|upkeep\n|turn|5\n|-message|AsexualBillClinton forfeited.\n|\n|win|Barber1\n|raw|Barber1's rating: 1317 &rarr; <strong>1339</strong><br />(+22 for winning)\n|raw|AsexualBillClinton's rating: 1354 &rarr; <strong>1332</strong><br />(-22 for losing)\n|l|\u2606AsexualBillClinton\n|player|p2|\n",
  "uploadtime": 1776260946,
  "views": 38,
  "formatid": "gen9championsvgc2026regma",
  "rating": 1332,
  "private": 0,
  "password": null
}