{
  "id": "gen9championsvgc2026regma-2586283687",
  "format": "[Gen 9 Champions] VGC 2026 Reg M-A",
  "players": [
    "harming soul",
    "Miss Elysia"
  ],
  "log": "|j|\u2606harming soul\n|j|\u2606Miss Elysia\n|html|<table width=\"100%\"><tr><td align=\"left\">harming soul</td><td align=\"right\">Miss Elysia</tr><tr><td align=\"left\"><i class=\"fa fa-circle-o\"></i> <i class=\"fa fa-circle-o\"></i> </td><td align=\"right\"><i class=\"fa fa-circle-o\"></i> <i class=\"fa fa-circle\"></i> </tr></table>\n|uhtml|bestof|<h2><strong>Game 2</strong> of <a href=\"/game-bestof3-gen9championsvgc2026regma-2586282023\">a best-of-3</a></h2>\n|t:|1776421122\n|gametype|doubles\n|player|p1|harming soul|1|\n|player|p2|Miss Elysia|cynthia-masters4|\n|gen|9\n|tier|[Gen 9 Champions] VGC 2026 Reg M-A\n|rated|Tournament battle\n|rule|Species Clause: Limit one of each Pok\u00e9mon\n|rule|Item Clause: Limit 1 of each item\n|raw|<div class=\"infobox\"><details class=\"readmore\" open><summary><strong>2 custom rules:</strong></summary> Force Open Team Sheets, Best of = 3</details></div>\n|clearpoke\n|poke|p1|Charizard, L50, M|\n|poke|p1|Venusaur, L50, M|\n|poke|p1|Incineroar, L50, M|\n|poke|p1|Rotom-Wash, L50|\n|poke|p1|Sneasler, L50, F|\n|poke|p1|Farigiraf, L50, M|\n|poke|p2|Garchomp, L50, M|\n|poke|p2|Talonflame, L50, F|\n|poke|p2|Sneasler, L50, F|\n|poke|p2|Floette-Eternal, L50, F|\n|poke|p2|Glimmora, L50, M|\n|poke|p2|Arcanine-Hisui, L50, M|\n|teampreview|4\n|showteam|p1|Charizard||CharizarditeY|Blaze|Protect,Flamethrower,HeatWave,ScorchingSands|||M|||50|]Venusaur||Venusaurite|Chlorophyll|Protect,LeechSeed,EnergyBall,SludgeBomb|||M|||50|]Incineroar||LumBerry|Intimidate|FakeOut,FlareBlitz,DarkestLariat,PartingShot|||M|||50|]Rotom-Wash||Leftovers|Levitate|Protect,HydroPump,Thunderbolt,VoltSwitch||||||50|]Sneasler||FocusSash|PoisonTouch|Protect,FakeOut,DireClaw,CloseCombat|||F|||50|]Farigiraf||SitrusBerry|ArmorTail|Protect,TrickRoom,HyperVoice,TwinBeam|||M|||50|\n|showteam|p2|Garchomp||WhiteHerb|RoughSkin|DragonClaw,Earthquake,StompingTantrum,Protect|||M|||50|]Talonflame||SharpBeak|GaleWings|Tailwind,Taunt,BraveBird,FlareBlitz|||F|||50|]Sneasler||FocusSash|Unburden|FakeOut,CloseCombat,DireClaw,Protect|||F|||50|]Floette-Eternal||Floettite|FlowerVeil|Moonblast,LightofRuin,DazzlingGleam,Protect|||F|||50|]Glimmora||HardStone|ToxicDebris|PowerGem,SludgeBomb,EarthPower,SpikyShield|||M|||50|]Arcanine-Hisui||LumBerry|Intimidate|RockSlide,FlareBlitz,ExtremeSpeed,Protect|||M|||50|\n|\n|t:|1776421143\n|teamsize|p1|4\n|teamsize|p2|4\n|start\n|switch|p1a: Incineroar|Incineroar, L50, M|100/100\n|switch|p1b: Farigiraf|Farigiraf, L50, M|100/100\n|switch|p2a: chi|Arcanine-Hisui, L50, M|100/100\n|switch|p2b: Torn|Talonflame, L50, F, shiny|100/100\n|-ability|p2a: chi|Intimidate|boost\n|-unboost|p1a: Incineroar|atk|1\n|-unboost|p1b: Farigiraf|atk|1\n|-ability|p1a: Incineroar|Intimidate|boost\n|-unboost|p2a: chi|atk|1\n|-unboost|p2b: Torn|atk|1\n|turn|1\n|\n|t:|1776421156\n|move|p1a: Incineroar|Fake Out|p2b: Torn\n|-damage|p2b: Torn|88/100\n|cant|p2b: Torn|flinch\n|move|p2a: chi|Rock Slide|p1b: Farigiraf|[spread] p1a,p1b\n|-supereffective|p1a: Incineroar|1\n|-damage|p1a: Incineroar|70/100\n|-damage|p1b: Farigiraf|85/100\n|move|p1b: Farigiraf|Trick Room|p1b: Farigiraf\n|-fieldstart|move: Trick Room|[of] p1b: Farigiraf\n|\n|upkeep\n|turn|2\n|\n|t:|1776421183\n|switch|p2b: Lando|Garchomp, L50, M|100/100\n|move|p1b: Farigiraf|Hyper Voice|p2b: Lando|[spread] p2a,p2b\n|-resisted|p2a: chi|1\n|-damage|p2a: chi|85/100\n|-damage|p2b: Lando|69/100\n|move|p1a: Incineroar|Parting Shot|p2a: chi\n|-unboost|p2a: chi|atk|1\n|-unboost|p2a: chi|spa|1\n|\n|t:|1776421191\n|switch|p1a: Rotom|Rotom-Wash, L50|100/100|[from] Parting Shot\n|move|p2a: chi|Rock Slide|p1a: Rotom|[spread] p1b\n|-miss|p2a: chi|p1a: Rotom\n|-damage|p1b: Farigiraf|73/100\n|\n|upkeep\n|turn|3\n|\n|t:|1776421224\n|switch|p2a: Flut|Floette-Eternal, L50, F|100/100\n|move|p1b: Farigiraf|Twin Beam|p2b: Lando\n|-damage|p2b: Lando|51/100\n|-damage|p2b: Lando|33/100\n|-hitcount|p2b: Lando|2\n|move|p1a: Rotom|Hydro Pump|p2a: Flut|[miss]\n|-miss|p1a: Rotom|p2a: Flut\n|move|p2b: Lando|Dragon Claw|p1b: Farigiraf\n|-crit|p1b: Farigiraf\n|-damage|p1b: Farigiraf|12/100\n|-enditem|p1b: Farigiraf|Sitrus Berry|[eat]\n|-heal|p1b: Farigiraf|36/100|[from] item: Sitrus Berry\n|\n|upkeep\n|turn|4\n|\n|t:|1776421261\n|detailschange|p2a: Flut|Floette-Mega, L50, F\n|-mega|p2a: Flut|Floette|Floettite\n|-ability|p2a: Flut|Fairy Aura\n|move|p2b: Lando|Protect|p2b: Lando\n|-singleturn|p2b: Lando|Protect\n|move|p1b: Farigiraf|Hyper Voice|p2a: Flut|[spread] p2a\n|-activate|p2b: Lando|move: Protect\n|-damage|p2a: Flut|77/100\n|move|p1a: Rotom|Thunderbolt|p2a: Flut\n|-damage|p2a: Flut|46/100\n|move|p2a: Flut|Dazzling Gleam|p1a: Rotom|[spread] p1a,p1b\n|-damage|p1a: Rotom|54/100\n|-damage|p1b: Farigiraf|0 fnt\n|faint|p1b: Farigiraf\n|\n|-heal|p1a: Rotom|60/100|[from] item: Leftovers\n|upkeep\n|\n|t:|1776421275\n|switch|p1b: Venusaur|Venusaur, L50, M|100/100\n|turn|5\n|\n|t:|1776421290\n|detailschange|p1b: Venusaur|Venusaur-Mega, L50, M\n|-mega|p1b: Venusaur|Venusaur|Venusaurite\n|move|p2a: Flut|Protect|p2a: Flut\n|-singleturn|p2a: Flut|Protect\n|move|p1a: Rotom|Thunderbolt|p2a: Flut\n|-activate|p2a: Flut|move: Protect\n|move|p1b: Venusaur|Energy Ball|p2b: Lando\n|-damage|p2b: Lando|0 fnt\n|faint|p2b: Lando\n|\n|-heal|p1a: Rotom|65/100|[from] item: Leftovers\n|-fieldend|move: Trick Room\n|upkeep\n|\n|t:|1776421292\n|switch|p2b: Torn|Talonflame, L50, F, shiny|88/100\n|turn|6\n|\n|t:|1776421305\n|move|p2b: Torn|Brave Bird|p1b: Venusaur\n|-supereffective|p1b: Venusaur|1\n|-damage|p1b: Venusaur|8/100\n|-damage|p2b: Torn|51/100|[from] Recoil\n|move|p2a: Flut|Light of Ruin|p1a: Rotom\n|-damage|p1a: Rotom|0 fnt\n|faint|p1a: Rotom\n|-damage|p2a: Flut|12/100|[from] Recoil\n|move|p1b: Venusaur|Sludge Bomb|p2a: Flut\n|-supereffective|p2a: Flut|1\n|-damage|p2a: Flut|0 fnt\n|faint|p2a: Flut\n|\n|upkeep\n|\n|t:|1776421330\n|switch|p2a: chi|Arcanine-Hisui, L50, M|85/100\n|switch|p1a: Incineroar|Incineroar, L50, M|70/100\n|-ability|p2a: chi|Intimidate|boost\n|-unboost|p1a: Incineroar|atk|1\n|-unboost|p1b: Venusaur|atk|1\n|-ability|p1a: Incineroar|Intimidate|boost\n|-unboost|p2a: chi|atk|1\n|-unboost|p2b: Torn|atk|1\n|turn|7\n|\n|t:|1776421337\n|move|p1a: Incineroar|Fake Out|p2b: Torn\n|-damage|p2b: Torn|39/100\n|cant|p2b: Torn|flinch\n|move|p2a: chi|Rock Slide|p1b: Venusaur|[spread] p1a,p1b\n|-supereffective|p1a: Incineroar|1\n|-damage|p1a: Incineroar|34/100\n|-damage|p1b: Venusaur|0 fnt\n|faint|p1b: Venusaur\n|\n|upkeep\n|turn|8\n|c|\u2606harming soul|gg wp\n|-message|harming soul forfeited.\n|\n|win|Miss Elysia\n",
  "uploadtime": 1776421352,
  "views": 20,
  "formatid": "gen9championsvgc2026regma",
  "rating": null,
  "private": 0,
  "password": null
}