{
  "id": "gen9championsvgc2026regma-2582938162",
  "format": "[Gen 9 Champions] VGC 2026 Reg M-A",
  "players": [
    "Nachofrize",
    "Mr.Rixaar"
  ],
  "log": "|j|\u2606Nachofrize\n|j|\u2606Mr.Rixaar\n|t:|1776126682\n|gametype|doubles\n|player|p1|Nachofrize|cynthia|1049\n|player|p2|Mr.Rixaar|169|1034\n|gen|9\n|tier|[Gen 9 Champions] VGC 2026 Reg M-A\n|rated|\n|rule|Species Clause: Limit one of each Pok\u00e9mon\n|rule|Item Clause: Limit 1 of each item\n|clearpoke\n|poke|p1|Sableye, L50, M|\n|poke|p1|Aggron, L50, F|\n|poke|p1|Toxapex, L50, F|\n|poke|p1|Clefable, L50, M|\n|poke|p1|Conkeldurr, L50, F|\n|poke|p1|Rotom-Mow, L50|\n|poke|p2|Floette-Eternal, L50, F|\n|poke|p2|Maushold-Four, L50|\n|poke|p2|Garchomp, L50, F|\n|poke|p2|Rotom-Wash, L50|\n|poke|p2|Zoroark-Hisui, L50, M|\n|poke|p2|Aerodactyl, L50, M|\n|teampreview|4\n|\n|t:|1776126694\n|teamsize|p1|4\n|teamsize|p2|4\n|start\n|switch|p1a: Sableye|Sableye, L50, M|100/100\n|switch|p1b: Aggron|Aggron, L50, F, shiny|100/100\n|switch|p2a: Aerodactyl|Aerodactyl, L50, M|100/100\n|switch|p2b: Maushold|Maushold-Four, L50|100/100\n|-ability|p2a: Aerodactyl|Pressure\n|turn|1\n|inactive|Battle timer is ON: inactive players will automatically lose when time's up. (requested by Nachofrize)\n|\n|t:|1776126712\n|detailschange|p1b: Aggron|Aggron-Mega, L50, F, shiny\n|-mega|p1b: Aggron|Aggron|Aggronite\n|move|p1a: Sableye|Fake Out|p2a: Aerodactyl\n|-resisted|p2a: Aerodactyl|1\n|-damage|p2a: Aerodactyl|96/100\n|move|p2b: Maushold|Follow Me|p2b: Maushold\n|-singleturn|p2b: Maushold|move: Follow Me\n|cant|p2a: Aerodactyl|flinch\n|move|p1b: Aggron|Iron Defense|p1b: Aggron\n|-boost|p1b: Aggron|def|2\n|\n|upkeep\n|turn|2\n|\n|t:|1776126729\n|move|p2a: Aerodactyl|Tailwind|p2a: Aerodactyl\n|-sidestart|p2: Mr.Rixaar|move: Tailwind\n|move|p2b: Maushold|Super Fang|p1b: Aggron\n|-damage|p1b: Aggron|51/100\n|move|p1a: Sableye|Foul Play|p2a: Aerodactyl\n|-damage|p2a: Aerodactyl|39/100\n|move|p1b: Aggron|Body Press|p2a: Aerodactyl\n|-damage|p2a: Aerodactyl|0 fnt\n|faint|p2a: Aerodactyl\n|\n|upkeep\n|\n|t:|1776126739\n|switch|p2a: Garchomp|Garchomp, L50, F|100/100\n|turn|3\n|\n|t:|1776126748\n|move|p1a: Sableye|Quash|p2a: Garchomp\n|-activate|p2a: Garchomp|move: Quash\n|move|p2b: Maushold|Super Fang|p1b: Aggron\n|-damage|p1b: Aggron|26/100\n|move|p1b: Aggron|Body Press|p2a: Garchomp\n|-crit|p2a: Garchomp\n|-damage|p2a: Garchomp|16/100\n|-damage|p1b: Aggron|13/100|[from] ability: Rough Skin|[of] p2a: Garchomp\n|move|p2a: Garchomp|Earthquake|p1a: Sableye|[spread] p2b,p1a,p1b\n|-supereffective|p1b: Aggron|1\n|-damage|p2b: Maushold|62/100\n|-damage|p1a: Sableye|46/100\n|-damage|p1b: Aggron|0 fnt\n|faint|p1b: Aggron\n|\n|upkeep\n|inactive|Nachofrize has 30 seconds left.\n|\n|t:|1776126774\n|switch|p1b: Rotom|Rotom-Mow, L50|100/100\n|turn|4\n|\n|t:|1776126793\n|switch|p2a: Floette|Floette-Eternal, L50, F|100/100\n|switch|p1a: Clefable|Clefable, L50, M|100/100\n|move|p2b: Maushold|Follow Me|p2b: Maushold\n|-singleturn|p2b: Maushold|move: Follow Me\n|move|p1b: Rotom|Leaf Storm|p2b: Maushold\n|-damage|p2b: Maushold|0 fnt\n|-unboost|p1b: Rotom|spa|2\n|faint|p2b: Maushold\n|\n|upkeep\n|\n|t:|1776126803\n|switch|p2b: Garchomp|Garchomp, L50, F|16/100\n|turn|5\n|\n|t:|1776126813\n|switch|p1b: Sableye|Sableye, L50, M|46/100\n|detailschange|p2a: Floette|Floette-Mega, L50, F\n|-mega|p2a: Floette|Floette|Floettite\n|-ability|p2a: Floette|Fairy Aura\n|move|p2b: Garchomp|Protect|p2b: Garchomp\n|-singleturn|p2b: Garchomp|Protect\n|move|p2a: Floette|Calm Mind|p2a: Floette\n|-boost|p2a: Floette|spa|1\n|-boost|p2a: Floette|spd|1\n|move|p1a: Clefable|Life Dew||[still]|[spread] p1a,p1b\n|-fail|p1a: Clefable|heal\n|-heal|p1b: Sableye|71/100\n|\n|-sideend|p2: Mr.Rixaar|move: Tailwind\n|upkeep\n|turn|6\n|inactive|Nachofrize has 30 seconds left.\n|\n|t:|1776126841\n|move|p1b: Sableye|Fake Out|p2a: Floette\n|-damage|p2a: Floette|90/100\n|move|p2b: Garchomp|Stone Edge|p1a: Clefable\n|-damage|p1a: Clefable|69/100\n|cant|p2a: Floette|flinch\n|move|p1a: Clefable|Moonblast|p2b: Garchomp\n|-supereffective|p2b: Garchomp|1\n|-damage|p2b: Garchomp|0 fnt\n|faint|p2b: Garchomp\n|\n|upkeep\n|turn|7\n|\n|t:|1776126861\n|move|p1b: Sableye|Light Screen|p1b: Sableye\n|-sidestart|p1: Nachofrize|move: Light Screen\n|move|p2a: Floette|Dazzling Gleam|p1a: Clefable|[spread] p1a,p1b\n|-supereffective|p1b: Sableye|1\n|-damage|p1a: Clefable|42/100\n|-damage|p1b: Sableye|0 fnt\n|-enditem|p1a: Clefable|Sitrus Berry|[eat]\n|-heal|p1a: Clefable|66/100|[from] item: Sitrus Berry\n|faint|p1b: Sableye\n|move|p1a: Clefable|Moonblast|p2a: Floette\n|-damage|p2a: Floette|57/100\n|\n|upkeep\n|\n|t:|1776126866\n|switch|p1b: Rotom|Rotom-Mow, L50|100/100\n|turn|8\n|\n|t:|1776126877\n|move|p1b: Rotom|Leaf Storm|p2a: Floette|[miss]\n|-miss|p1b: Rotom|p2a: Floette\n|move|p2a: Floette|Light of Ruin|p1b: Rotom\n|-damage|p1b: Rotom|0 fnt\n|faint|p1b: Rotom\n|-damage|p2a: Floette|9/100|[from] Recoil\n|move|p1a: Clefable|Moonblast|p2a: Floette\n|-damage|p2a: Floette|0 fnt\n|faint|p2a: Floette\n|\n|win|Nachofrize\n|raw|Nachofrize's rating: 1049 &rarr; <strong>1080</strong><br />(+31 for winning)\n|raw|Mr.Rixaar's rating: 1034 &rarr; <strong>1020</strong><br />(-14 for losing)\n|l|\u2606Mr.Rixaar\n|player|p2|\n",
  "uploadtime": 1776126903,
  "views": 13,
  "formatid": "gen9championsvgc2026regma",
  "rating": 1020,
  "private": 0,
  "password": null
}