{
  "id": "gen9championsvgc2026regma-2584867753",
  "format": "[Gen 9 Champions] VGC 2026 Reg M-A",
  "players": [
    "boneitis",
    "OrtegaFX"
  ],
  "log": "|j|\u2606boneitis\n|j|\u2606OrtegaFX\n|t:|1776289995\n|gametype|doubles\n|player|p1|boneitis|169|1273\n|player|p2|OrtegaFX|n|1305\n|gen|9\n|tier|[Gen 9 Champions] VGC 2026 Reg M-A\n|rated|\n|rule|Species Clause: Limit one of each Pok\u00e9mon\n|rule|Item Clause: Limit 1 of each item\n|clearpoke\n|poke|p1|Starmie, L50|\n|poke|p1|Tsareena, L50, F|\n|poke|p1|Incineroar, L50, F|\n|poke|p1|Pelipper, L50, M|\n|poke|p1|Sneasler, L50, M|\n|poke|p1|Scizor, L50, F|\n|poke|p2|Charizard, L50, F|\n|poke|p2|Whimsicott, L50, M|\n|poke|p2|Garchomp, L50, F|\n|poke|p2|Farigiraf, L50, F|\n|poke|p2|Sneasler, L50, F|\n|poke|p2|Kingambit, L50, F|\n|teampreview|4\n|inactive|Battle timer is ON: inactive players will automatically lose when time's up. (requested by OrtegaFX)\n|inactive|boneitis has 60 seconds left.\n|\n|t:|1776290040\n|teamsize|p1|4\n|teamsize|p2|4\n|start\n|switch|p1a: Starmie|Starmie, L50|100/100\n|switch|p1b: Sneasler|Sneasler, L50, M|100/100\n|switch|p2a: Whimsicott|Whimsicott, L50, M, shiny|100/100\n|switch|p2b: Charizard|Charizard, L50, F, shiny|100/100\n|turn|1\n|inactive|boneitis has 30 seconds left.\n|inactive|boneitis has 20 seconds left.\n|\n|t:|1776290078\n|detailschange|p1a: Starmie|Starmie-Mega, L50\n|-mega|p1a: Starmie|Starmie|Starminite\n|detailschange|p2b: Charizard|Charizard-Mega-Y, L50, F, shiny\n|-mega|p2b: Charizard|Charizard|Charizardite Y\n|-weather|SunnyDay|[from] ability: Drought|[of] p2b: Charizard\n|move|p1b: Sneasler|Fake Out|p2b: Charizard\n|-damage|p2b: Charizard|84/100\n|move|p2a: Whimsicott|Tailwind|p2a: Whimsicott\n|-sidestart|p2: OrtegaFX|move: Tailwind\n|cant|p2b: Charizard|flinch\n|move|p1a: Starmie|Flip Turn|p2b: Charizard\n|-supereffective|p2b: Charizard|1\n|-damage|p2b: Charizard|24/100\n|\n|t:|1776290085\n|switch|p1a: Pelipper|Pelipper, L50, M|100/100|[from] Flip Turn\n|-weather|RainDance|[from] ability: Drizzle|[of] p1a: Pelipper\n|\n|-weather|RainDance|[upkeep]\n|upkeep\n|turn|2\n|\n|t:|1776290103\n|switch|p1b: Starmie|Starmie-Mega, L50|100/100\n|move|p2a: Whimsicott|Sunny Day|p2a: Whimsicott\n|-weather|SunnyDay\n|move|p2b: Charizard|Heat Wave|p1a: Pelipper|[spread] p1a,p1b\n|-resisted|p1a: Pelipper|1\n|-resisted|p1b: Starmie|1\n|-damage|p1a: Pelipper|46/100\n|-damage|p1b: Starmie|62/100\n|move|p1a: Pelipper|Tailwind|p1a: Pelipper\n|-sidestart|p1: boneitis|move: Tailwind\n|\n|-weather|SunnyDay|[upkeep]\n|upkeep\n|turn|3\n|inactive|boneitis has 30 seconds left.\n|inactive|OrtegaFX has 30 seconds left.\n|inactive|boneitis has 20 seconds left.\n|\n|t:|1776290138\n|switch|p1a: Tsareena|Tsareena, L50, F|100/100\n|move|p2b: Charizard|Protect|p2b: Charizard\n|-singleturn|p2b: Charizard|Protect\n|move|p1b: Starmie|Flip Turn|p2b: Charizard\n|-activate|p2b: Charizard|move: Protect\n|move|p2a: Whimsicott|Moonblast|p1a: Tsareena\n|-damage|p1a: Tsareena|60/100\n|\n|-weather|SunnyDay|[upkeep]\n|upkeep\n|turn|4\n|\n|t:|1776290162\n|switch|p2b: Kingambit|Kingambit, L50, F, shiny|100/100\n|move|p1a: Tsareena|Triple Axel|p2a: Whimsicott|[miss]\n|-miss|p1a: Tsareena|p2a: Whimsicott\n|move|p1b: Starmie|Flip Turn|p2b: Kingambit\n|-damage|p2b: Kingambit|80/100\n|\n|t:|1776290167\n|switch|p1b: Sneasler|Sneasler, L50, M|100/100|[from] Flip Turn\n|move|p2a: Whimsicott|Moonblast|p1b: Sneasler\n|-damage|p1b: Sneasler|57/100\n|\n|-weather|SunnyDay|[upkeep]\n|-sideend|p2: OrtegaFX|move: Tailwind\n|upkeep\n|turn|5\n|inactive|OrtegaFX has 30 seconds left.\n|\n|t:|1776290194\n|move|p2b: Kingambit|Protect|p2b: Kingambit\n|-singleturn|p2b: Kingambit|Protect\n|move|p2a: Whimsicott|Tailwind|p2a: Whimsicott\n|-sidestart|p2: OrtegaFX|move: Tailwind\n|move|p1a: Tsareena|Triple Axel|p2a: Whimsicott\n|-supereffective|p2a: Whimsicott|1\n|-damage|p2a: Whimsicott|82/100\n|-supereffective|p2a: Whimsicott|1\n|-damage|p2a: Whimsicott|42/100\n|-supereffective|p2a: Whimsicott|1\n|-damage|p2a: Whimsicott|0 fnt\n|faint|p2a: Whimsicott\n|-hitcount|p2: Whimsicott|3\n|move|p1b: Sneasler|Close Combat|p2b: Kingambit\n|-activate|p2b: Kingambit|move: Protect\n|\n|-weather|SunnyDay|[upkeep]\n|-sideend|p1: boneitis|move: Tailwind\n|upkeep\n|\n|t:|1776290210\n|switch|p2a: Charizard|Charizard-Mega-Y, L50, F, shiny|24/100\n|turn|6\n|\n|t:|1776290226\n|switch|p1b: Pelipper|Pelipper, L50, M|46/100\n|-weather|RainDance|[from] ability: Drizzle|[of] p1b: Pelipper\n|move|p2a: Charizard|Heat Wave|p1a: Tsareena|[spread] p1a,p1b\n|-supereffective|p1a: Tsareena|1\n|-resisted|p1b: Pelipper|1\n|-damage|p1a: Tsareena|11/100\n|-damage|p1b: Pelipper|28/100\n|move|p1a: Tsareena|Triple Axel|p2a: Charizard\n|-damage|p2a: Charizard|16/100\n|-hitcount|p2a: Charizard|1\n|move|p2b: Kingambit|Kowtow Cleave|p1a: Tsareena\n|-damage|p1a: Tsareena|0 fnt\n|faint|p1a: Tsareena\n|\n|-weather|RainDance|[upkeep]\n|upkeep\n|inactive|boneitis has 30 seconds left.\n|\n|t:|1776290252\n|switch|p1a: Starmie|Starmie-Mega, L50|62/100\n|turn|7\n|\n|t:|1776290269\n|move|p2a: Charizard|Protect|p2a: Charizard\n|-singleturn|p2a: Charizard|Protect\n|move|p1a: Starmie|Aqua Jet|p2a: Charizard\n|-activate|p2a: Charizard|move: Protect\n|move|p2b: Kingambit|Sucker Punch||[still]\n|-fail|p2b: Kingambit\n|move|p1b: Pelipper|Weather Ball|p2b: Kingambit\n|-damage|p2b: Kingambit|12/100\n|\n|-weather|RainDance|[upkeep]\n|upkeep\n|turn|8\n|inactive|boneitis has 30 seconds left.\n|inactive|OrtegaFX has 30 seconds left.\n|\n|t:|1776290303\n|switch|p2a: Sneasler|Sneasler, L50, F|100/100\n|move|p1a: Starmie|Aqua Jet|p2b: Kingambit\n|-damage|p2b: Kingambit|0 fnt\n|faint|p2b: Kingambit\n|move|p1b: Pelipper|Tailwind|p1b: Pelipper\n|-sidestart|p1: boneitis|move: Tailwind\n|\n|-weather|RainDance|[upkeep]\n|-sideend|p2: OrtegaFX|move: Tailwind\n|upkeep\n|\n|t:|1776290312\n|switch|p2b: Charizard|Charizard-Mega-Y, L50, F, shiny|16/100\n|-weather|SunnyDay|[from] ability: Drought|[of] p2b: Charizard\n|turn|9\n|\n|t:|1776290331\n|move|p1a: Starmie|Protect|p1a: Starmie\n|-singleturn|p1a: Starmie|Protect\n|move|p1b: Pelipper|Protect|p1b: Pelipper\n|-singleturn|p1b: Pelipper|Protect\n|move|p2a: Sneasler|Fake Out|p1a: Starmie\n|-activate|p1a: Starmie|move: Protect\n|move|p2b: Charizard|Heat Wave|p1a: Starmie|[spread] \n|-activate|p1a: Starmie|move: Protect\n|-activate|p1b: Pelipper|move: Protect\n|\n|-weather|SunnyDay|[upkeep]\n|upkeep\n|turn|10\n|\n|t:|1776290354\n|move|p2b: Charizard|Protect|p2b: Charizard\n|-singleturn|p2b: Charizard|Protect\n|move|p1a: Starmie|Flip Turn|p2a: Sneasler\n|-damage|p2a: Sneasler|56/100\n|\n|t:|1776290358\n|switch|p1a: Sneasler|Sneasler, L50, M|57/100|[from] Flip Turn\n|move|p1b: Pelipper|Weather Ball|p2a: Sneasler\n|-damage|p2a: Sneasler|0 fnt\n|faint|p2a: Sneasler\n|\n|-weather|SunnyDay|[upkeep]\n|upkeep\n|turn|11\n|\n|t:|1776290365\n|switch|p1b: Starmie|Starmie-Mega, L50|62/100\n|move|p2b: Charizard|Protect||[still]\n|-fail|p2b: Charizard\n|move|p1a: Sneasler|Dire Claw|p2b: Charizard\n|-damage|p2b: Charizard|0 fnt\n|faint|p2b: Charizard\n|\n|win|boneitis\n|raw|boneitis's rating: 1273 &rarr; <strong>1300</strong><br />(+27 for winning)\n|raw|OrtegaFX's rating: 1305 &rarr; <strong>1283</strong><br />(-22 for losing)\n|l|\u2606OrtegaFX\n|player|p2|\n",
  "uploadtime": 1776290371,
  "views": 33,
  "formatid": "gen9championsvgc2026regma",
  "rating": 1283,
  "private": 0,
  "password": null
}