{
  "id": "gen9championsvgc2026regma-2583750584",
  "format": "[Gen 9 Champions] VGC 2026 Reg M-A",
  "players": [
    "VdS Cadu",
    "ODK2"
  ],
  "log": "|j|\u2606VdS Cadu\n|j|\u203dODK2\n|t:|1776195179\n|gametype|doubles\n|player|p1|VdS Cadu|steven|1070\n|player|p2|ODK2|jasmine-gen2|1152\n|gen|9\n|tier|[Gen 9 Champions] VGC 2026 Reg M-A\n|rated|\n|rule|Species Clause: Limit one of each Pok\u00e9mon\n|rule|Item Clause: Limit 1 of each item\n|clearpoke\n|poke|p1|Froslass, L50, F|\n|poke|p1|Sneasler, L50, F|\n|poke|p1|Aerodactyl, L50, M|\n|poke|p1|Rotom-Wash, L50|\n|poke|p1|Incineroar, L50, F|\n|poke|p1|Garchomp, L50, F|\n|poke|p2|Lopunny, L50, M|\n|poke|p2|Hydrapple, L50, F|\n|poke|p2|Volcarona, L50, F|\n|poke|p2|Gyarados, L50, F|\n|poke|p2|Corviknight, L50, F|\n|poke|p2|Floette-Eternal, L50, F|\n|teampreview|4\nODK2 has agreed to open team sheets.\n|inactive|Battle timer is ON: inactive players will automatically lose when time's up. (requested by ODK2)\n|\n|t:|1776195237\n|teamsize|p1|4\n|teamsize|p2|4\n|start\n|switch|p1a: Incineroar|Incineroar, L50, F|100/100\n|switch|p1b: Sneasler|Sneasler, L50, F|100/100\n|switch|p2a: Volcarona|Volcarona, L50, F|100/100\n|switch|p2b: Gyarados|Gyarados, L50, F|100/100\n|-ability|p2b: Gyarados|Intimidate|boost\n|-unboost|p1a: Incineroar|atk|1\n|-unboost|p1b: Sneasler|atk|1\n|-ability|p1a: Incineroar|Intimidate|boost\n|-unboost|p2a: Volcarona|atk|1\n|-unboost|p2b: Gyarados|atk|1\n|-enditem|p1b: Sneasler|White Herb\n|-clearnegativeboost|p1b: Sneasler|[silent]\n|turn|1\n|inactive|VdS Cadu has 30 seconds left.\n|\n|t:|1776195268\n|switch|p1a: Froslass|Froslass, L50, F|100/100\n|move|p2b: Gyarados|Protect|p2b: Gyarados\n|-singleturn|p2b: Gyarados|Protect\n|move|p1b: Sneasler|Dire Claw|p2a: Volcarona\n|-damage|p2a: Volcarona|52/100\n|move|p2a: Volcarona|Quiver Dance|p2a: Volcarona\n|-boost|p2a: Volcarona|spa|1\n|-boost|p2a: Volcarona|spd|1\n|-boost|p2a: Volcarona|spe|1\n|\n|upkeep\n|turn|2\n|inactive|VdS Cadu has 30 seconds left.\n|\n|t:|1776195299\n|detailschange|p1a: Froslass|Froslass-Mega, L50, F\n|-mega|p1a: Froslass|Froslass|Froslassite\n|-weather|Snowscape|[from] ability: Snow Warning|[of] p1a: Froslass\n|move|p1b: Sneasler|Dire Claw|p2a: Volcarona\n|-damage|p2a: Volcarona|5/100\n|-status|p1b: Sneasler|brn|[from] ability: Flame Body|[of] p2a: Volcarona\n|move|p1a: Froslass|Aurora Veil|p1a: Froslass\n|-sidestart|p1: VdS Cadu|move: Aurora Veil\n|move|p2a: Volcarona|Heat Wave|p1a: Froslass|[spread] p1a,p1b\n|-supereffective|p1a: Froslass|1\n|-damage|p1a: Froslass|30/100\n|-damage|p1b: Sneasler|60/100 brn\n|-status|p1a: Froslass|brn\n|move|p2b: Gyarados|Icy Wind|p1a: Froslass|[spread] p1a,p1b\n|-resisted|p1a: Froslass|1\n|-damage|p1a: Froslass|26/100 brn\n|-damage|p1b: Sneasler|52/100 brn\n|-unboost|p1a: Froslass|spe|1\n|-unboost|p1b: Sneasler|spe|1\n|\n|-weather|Snowscape|[upkeep]\n|-damage|p1b: Sneasler|46/100 brn|[from] brn\n|-damage|p1a: Froslass|20/100 brn|[from] brn\n|upkeep\n|turn|3\n|inactive|VdS Cadu has 30 seconds left.\n|\n|t:|1776195330\n|move|p2a: Volcarona|Rage Powder|p2a: Volcarona\n|-singleturn|p2a: Volcarona|move: Rage Powder\n|move|p1b: Sneasler|Dire Claw|p2a: Volcarona\n|-damage|p2a: Volcarona|0 fnt\n|faint|p2a: Volcarona\n|move|p1a: Froslass|Blizzard|p2b: Gyarados\n|-damage|p2b: Gyarados|43/100\n|-status|p2b: Gyarados|frz\n|cant|p2b: Gyarados|frz\n|\n|-weather|Snowscape|[upkeep]\n|-damage|p1b: Sneasler|41/100 brn|[from] brn\n|-damage|p1a: Froslass|14/100 brn|[from] brn\n|upkeep\n|\n|t:|1776195342\n|switch|p2a: Lopunny|Lopunny, L50, M|100/100\n|turn|4\n|\n|t:|1776195358\n|detailschange|p2a: Lopunny|Lopunny-Mega, L50, M\n|-mega|p2a: Lopunny|Lopunny|Lopunnite\n|move|p2a: Lopunny|Protect|p2a: Lopunny\n|-singleturn|p2a: Lopunny|Protect\n|move|p1b: Sneasler|Close Combat|p2a: Lopunny\n|-activate|p2a: Lopunny|move: Protect\n|move|p1a: Froslass|Blizzard|p2a: Lopunny|[spread] p2b\n|-activate|p2a: Lopunny|move: Protect\n|-damage|p2b: Gyarados|5/100 frz\n|cant|p2b: Gyarados|frz\n|\n|-weather|Snowscape|[upkeep]\n|-damage|p1b: Sneasler|35/100 brn|[from] brn\n|-damage|p1a: Froslass|8/100 brn|[from] brn\n|upkeep\n|turn|5\n|inactive|ODK2 has 30 seconds left.\n|\n|t:|1776195383\n|-curestatus|p2b: Gyarados|frz|[msg]\n|move|p2b: Gyarados|Protect|p2b: Gyarados\n|-singleturn|p2b: Gyarados|Protect\n|move|p1b: Sneasler|Close Combat|p2a: Lopunny\n|-supereffective|p2a: Lopunny|1\n|-damage|p2a: Lopunny|15/100\n|-unboost|p1b: Sneasler|def|1\n|-unboost|p1b: Sneasler|spd|1\n|move|p2a: Lopunny|Drain Punch|p1a: Froslass\n|-supereffective|p1a: Froslass|1\n|-damage|p1a: Froslass|0 fnt\n|-heal|p2a: Lopunny|19/100|[from] drain|[of] p1a: Froslass\n|faint|p1a: Froslass\n|\n|-weather|Snowscape|[upkeep]\n|-damage|p1b: Sneasler|29/100 brn|[from] brn\n|upkeep\n|inactive|VdS Cadu has 30 seconds left.\n|inactive|VdS Cadu has 20 seconds left.\n|\n|t:|1776195421\n|switch|p1a: Garchomp|Garchomp, L50, F|100/100\n|turn|6\n|\n|t:|1776195439\n|switch|p2b: Hydrapple|Hydrapple, L50, F|100/100\n|-ability|p2b: Hydrapple|Supersweet Syrup\n|-unboost|p1a: Garchomp|evasion|1\n|-unboost|p1b: Sneasler|evasion|1\n|move|p2a: Lopunny|Protect|p2a: Lopunny\n|-singleturn|p2a: Lopunny|Protect\n|move|p1b: Sneasler|Dire Claw|p2a: Lopunny\n|-activate|p2a: Lopunny|move: Protect\n|move|p1a: Garchomp|Stone Edge|p2b: Hydrapple|[miss]\n|-miss|p1a: Garchomp|p2b: Hydrapple\n|\n|-weather|none\n|-damage|p1b: Sneasler|23/100 brn|[from] brn\n|-sideend|p1: VdS Cadu|move: Aurora Veil\n|upkeep\n|turn|7\n|inactive|VdS Cadu has 30 seconds left.\n|inactive|VdS Cadu has 20 seconds left.\n|inactive|VdS Cadu has 15 seconds left.\n|\n|t:|1776195483\n|switch|p1b: Incineroar|Incineroar, L50, F|100/100\n|-ability|p1b: Incineroar|Intimidate|boost\n|-fail|p2a: Lopunny|unboost|Attack|[from] ability: Scrappy|[of] p2a: Lopunny\n|-unboost|p2b: Hydrapple|atk|1\n|switch|p2a: Gyarados|Gyarados, L50, F|5/100\n|-ability|p2a: Gyarados|Intimidate|boost\n|-unboost|p1a: Garchomp|atk|1\n|-unboost|p1b: Incineroar|atk|1\n|move|p1a: Garchomp|Stone Edge|p2a: Gyarados|[miss]\n|-miss|p1a: Garchomp|p2a: Gyarados\n|move|p2b: Hydrapple|Fickle Beam|p1a: Garchomp\n|-supereffective|p1a: Garchomp|1\n|-damage|p1a: Garchomp|32/100\n|\n|upkeep\n|turn|8\n|inactive|VdS Cadu has 30 seconds left.\n|inactive|ODK2 has 30 seconds left.\n|inactive|VdS Cadu has 20 seconds left.\n|inactive|VdS Cadu has 15 seconds left.\n|inactive|VdS Cadu has 10 seconds left.\n|\n|t:|1776195530\n|move|p2a: Gyarados|Protect|p2a: Gyarados\n|-singleturn|p2a: Gyarados|Protect\n|move|p2b: Hydrapple|Protect|p2b: Hydrapple\n|-singleturn|p2b: Hydrapple|Protect\n|move|p1b: Incineroar|Fake Out|p2b: Hydrapple\n|-activate|p2b: Hydrapple|move: Protect\n|move|p1a: Garchomp|Stone Edge|p2b: Hydrapple\n|-activate|p2b: Hydrapple|move: Protect\n|\n|upkeep\n|turn|9\n|inactive|ODK2 has 30 seconds left.\n|\n|t:|1776195559\n|move|p1a: Garchomp|Stone Edge|p2b: Hydrapple\n|-damage|p2b: Hydrapple|81/100\n|move|p2a: Gyarados|Icy Wind|p1a: Garchomp|[spread] p1a\n|-miss|p2a: Gyarados|p1b: Incineroar\n|-supereffective|p1a: Garchomp|2\n|-damage|p1a: Garchomp|0 fnt\n|faint|p1a: Garchomp\n|move|p1b: Incineroar|Flare Blitz|p2b: Hydrapple\n|-damage|p2b: Hydrapple|58/100\n|-damage|p1b: Incineroar|93/100|[from] Recoil\n|move|p2b: Hydrapple|Giga Drain|p1b: Incineroar\n|-resisted|p1b: Incineroar|1\n|-damage|p1b: Incineroar|82/100\n|-heal|p2b: Hydrapple|63/100|[from] drain|[of] p1b: Incineroar\n|\n|upkeep\n|inactive|VdS Cadu has 30 seconds left.\n|inactive|VdS Cadu has 20 seconds left.\n|inactive|VdS Cadu has 15 seconds left.\n|inactive|VdS Cadu has 10 seconds left.\n|inactive|VdS Cadu has 5 seconds left.\n|\n|t:|1776195614\n|switch|p1a: Sneasler|Sneasler, L50, F|23/100 brn\n|turn|10\n|inactive|VdS Cadu has 30 seconds left.\n|inactive|VdS Cadu has 20 seconds left.\n|inactive|VdS Cadu has 15 seconds left.\n|inactive|VdS Cadu has 10 seconds left.\n|inactive|VdS Cadu has 5 seconds left.\n|\n|t:|1776195666\n|move|p2a: Gyarados|Protect|p2a: Gyarados\n|-singleturn|p2a: Gyarados|Protect\n|move|p2b: Hydrapple|Protect|p2b: Hydrapple\n|-singleturn|p2b: Hydrapple|Protect\n|move|p1a: Sneasler|Close Combat|p2b: Hydrapple\n|-activate|p2b: Hydrapple|move: Protect\n|move|p1b: Incineroar|Throat Chop|p2a: Gyarados\n|-activate|p2a: Gyarados|move: Protect\n|\n|-damage|p1a: Sneasler|18/100 brn|[from] brn\n|upkeep\n|turn|11\n|inactive|ODK2 has 30 seconds left.\n|\n|t:|1776195695\n|move|p1a: Sneasler|Close Combat|p2b: Hydrapple\n|-damage|p2b: Hydrapple|41/100\n|-unboost|p1a: Sneasler|def|1\n|-unboost|p1a: Sneasler|spd|1\n|-enditem|p2b: Hydrapple|Sitrus Berry|[eat]\n|-heal|p2b: Hydrapple|66/100|[from] item: Sitrus Berry\n|move|p2a: Gyarados|Icy Wind|p1a: Sneasler|[spread] p1a,p1b\n|-resisted|p1b: Incineroar|1\n|-damage|p1a: Sneasler|0 fnt\n|-damage|p1b: Incineroar|79/100\n|-unboost|p1b: Incineroar|spe|1\n|faint|p1a: Sneasler\n|move|p2b: Hydrapple|Fickle Beam|p1b: Incineroar|[anim] Fickle Beam All Out\n|-activate|p2b: Hydrapple|move: Fickle Beam\n|-damage|p1b: Incineroar|27/100\n|-enditem|p1b: Incineroar|Sitrus Berry|[eat]\n|-heal|p1b: Incineroar|52/100|[from] item: Sitrus Berry\n|move|p1b: Incineroar|Throat Chop|p2a: Gyarados\n|-damage|p2a: Gyarados|0 fnt\n|faint|p2a: Gyarados\n|\n|upkeep\n|\n|t:|1776195709\n|switch|p2a: Lopunny|Lopunny-Mega, L50, M|19/100\n|turn|12\n|inactive|VdS Cadu has 30 seconds left.\n|inactive|VdS Cadu has 20 seconds left.\n|\n|t:|1776195746\n|move|p2a: Lopunny|Drain Punch|p1b: Incineroar\n|-supereffective|p1b: Incineroar|1\n|-damage|p1b: Incineroar|0 fnt\n|-heal|p2a: Lopunny|52/100|[from] drain|[of] p1b: Incineroar\n|faint|p1b: Incineroar\n|\n|win|ODK2\n|raw|VdS Cadu's rating: 1070 &rarr; <strong>1054</strong><br />(-16 for losing)\n|raw|ODK2's rating: 1152 &rarr; <strong>1171</strong><br />(+19 for winning)\n|l|\u2606VdS Cadu\n|player|p1|\n",
  "uploadtime": 1776195753,
  "views": 23,
  "formatid": "gen9championsvgc2026regma",
  "rating": 1054,
  "private": 0,
  "password": null
}