{
  "id": "gen9championsvgc2026regma-2588596302",
  "format": "[Gen 9 Champions] VGC 2026 Reg M-A",
  "players": [
    "jingming",
    "ENDERPRISE"
  ],
  "log": "|j|\u2606jingming\n|j|\u2606ENDERPRISE\n|t:|1776648532\n|gametype|doubles\n|player|p1|jingming|nate|1292\n|player|p2|ENDERPRISE|169|1267\n|gen|9\n|tier|[Gen 9 Champions] VGC 2026 Reg M-A\n|rated|\n|rule|Species Clause: Limit one of each Pok\u00e9mon\n|rule|Item Clause: Limit 1 of each item\n|clearpoke\n|poke|p1|Greninja, L50, M|\n|poke|p1|Archaludon, L50, M|\n|poke|p1|Pelipper, L50, F|\n|poke|p1|Basculegion, L50, M|\n|poke|p1|Kingambit, L50, M|\n|poke|p1|Sableye, L50, F|\n|poke|p2|Incineroar, L50, M|\n|poke|p2|Maushold-Four, L50|\n|poke|p2|Aerodactyl, L50, M|\n|poke|p2|Floette-Eternal, L50, F|\n|poke|p2|Garchomp, L50, F|\n|poke|p2|Tauros-Paldea-Aqua, L50, M|\n|teampreview|4\n|inactive|Battle timer is ON: inactive players will automatically lose when time's up. (requested by jingming)\n|inactive|ENDERPRISE has 60 seconds left.\n|\n|t:|1776648575\n|teamsize|p1|4\n|teamsize|p2|4\n|start\n|switch|p1a: Kingambit|Kingambit, L50, M|100/100\n|switch|p1b: Greninja|Greninja, L50, M|100/100\n|switch|p2a: Floette|Floette-Eternal, L50, F|100/100\n|switch|p2b: Aerodactyl|Aerodactyl, L50, M|100/100\n|-ability|p2b: Aerodactyl|Unnerve\n|turn|1\n|inactive|jingming has 30 seconds left.\n|inactive|ENDERPRISE has 30 seconds left.\n|inactive|jingming has 20 seconds left.\n|inactive|ENDERPRISE has 20 seconds left.\n|inactive|ENDERPRISE has 15 seconds left.\n|\n|t:|1776648618\n|detailschange|p1b: Greninja|Greninja-Mega, L50, M\n|-mega|p1b: Greninja|Greninja|Greninjite\n|detailschange|p2a: Floette|Floette-Mega, L50, F\n|-mega|p2a: Floette|Floette|Floettite\n|-ability|p2a: Floette|Fairy Aura\n|move|p2a: Floette|Protect|p2a: Floette\n|-singleturn|p2a: Floette|Protect\n|move|p1b: Greninja|Water Shuriken|p2b: Aerodactyl\n|-start|p1b: Greninja|typechange|Water|[from] ability: Protean\n|-supereffective|p2b: Aerodactyl|1\n|-damage|p2b: Aerodactyl|81/100\n|-supereffective|p2b: Aerodactyl|1\n|-damage|p2b: Aerodactyl|62/100\n|-hitcount|p2b: Aerodactyl|2\n|move|p2b: Aerodactyl|Tailwind|p2b: Aerodactyl\n|-sidestart|p2: ENDERPRISE|move: Tailwind\n|move|p1a: Kingambit|Iron Head|p2b: Aerodactyl\n|-supereffective|p2b: Aerodactyl|1\n|-damage|p2b: Aerodactyl|0 fnt\n|faint|p2b: Aerodactyl\n|\n|upkeep\n|\n|t:|1776648635\n|switch|p2b: Maushold|Maushold-Four, L50|100/100\n|turn|2\n|inactive|jingming has 30 seconds left.\n|inactive|ENDERPRISE has 30 seconds left.\n|inactive|ENDERPRISE has 20 seconds left.\n|inactive|ENDERPRISE has 15 seconds left.\n|\n|t:|1776648682\n|switch|p1b: Pelipper|Pelipper, L50, F|100/100\n|-weather|RainDance|[from] ability: Drizzle|[of] p1b: Pelipper\n|move|p2b: Maushold|Super Fang|p1a: Kingambit\n|-damage|p1a: Kingambit|51/100\n|move|p2a: Floette|Moonblast|p1a: Kingambit\n|-damage|p1a: Kingambit|0 fnt\n|faint|p1a: Kingambit\n|\n|-weather|RainDance|[upkeep]\n|upkeep\n|\n|t:|1776648693\n|switch|p1a: Greninja|Greninja-Mega, L50, M|100/100\n|turn|3\n|inactive|ENDERPRISE has 30 seconds left.\n|\n|t:|1776648722\n|switch|p1a: Archaludon|Archaludon, L50, M|100/100\n|move|p2b: Maushold|Follow Me|p2b: Maushold\n|-singleturn|p2b: Maushold|move: Follow Me\n|move|p2a: Floette|Calm Mind|p2a: Floette\n|-boost|p2a: Floette|spa|1\n|-boost|p2a: Floette|spd|1\n|move|p1b: Pelipper|Tailwind|p1b: Pelipper\n|-sidestart|p1: jingming|move: Tailwind\n|\n|-weather|RainDance|[upkeep]\n|upkeep\n|turn|4\n|inactive|jingming has 30 seconds left.\n|inactive|ENDERPRISE has 30 seconds left.\n|inactive|ENDERPRISE has 20 seconds left.\n|inactive|ENDERPRISE has 15 seconds left.\n|inactive|ENDERPRISE has 10 seconds left.\n|inactive|ENDERPRISE has 5 seconds left.\n|\n|t:|1776648774\n|move|p1a: Archaludon|Electro Shot||[still]\n|-prepare|p1a: Archaludon|Electro Shot\n|-boost|p1a: Archaludon|spa|1\n|-anim|p1a: Archaludon|Electro Shot|p2b: Maushold\n|-damage|p2b: Maushold|12/100\n|move|p2b: Maushold|Super Fang|p1b: Pelipper\n|-damage|p1b: Pelipper|51/100\n|move|p2a: Floette|Dazzling Gleam|p1b: Pelipper|[spread] p1a,p1b\n|-damage|p1a: Archaludon|6/100\n|-damage|p1b: Pelipper|0 fnt\n|-ability|p1a: Archaludon|Stamina|boost\n|-boost|p1a: Archaludon|def|1\n|faint|p1b: Pelipper\n|\n|-weather|RainDance|[upkeep]\n|-sideend|p2: ENDERPRISE|move: Tailwind\n|upkeep\n|l|\u2606jingming\n|inactive|jingming disconnected and has a minute to reconnect!\n|player|p1|\n|inactive|jingming has 30 seconds left.\n|j|\u2606jingming\n|inactive|jingming reconnected and has 25 seconds left.\n|player|p1|jingming|nate|\n|\n|t:|1776648806\n|switch|p1b: Greninja|Greninja-Mega, L50, M|100/100\n|turn|5\n|\n|t:|1776648819\n|move|p2b: Maushold|Follow Me|p2b: Maushold\n|-singleturn|p2b: Maushold|move: Follow Me\n|move|p1a: Archaludon|Electro Shot||[still]\n|-prepare|p1a: Archaludon|Electro Shot\n|-boost|p1a: Archaludon|spa|1\n|-anim|p1a: Archaludon|Electro Shot|p2b: Maushold\n|-damage|p2b: Maushold|0 fnt\n|faint|p2b: Maushold\n|move|p1b: Greninja|Gunk Shot|p2a: Floette\n|-start|p1b: Greninja|typechange|Poison|[from] ability: Protean\n|-supereffective|p2a: Floette|1\n|-damage|p2a: Floette|0 fnt\n|faint|p2a: Floette\n|\n|-weather|RainDance|[upkeep]\n|upkeep\n|\n|t:|1776648829\n|switch|p2a: Tauros|Tauros-Paldea-Aqua, L50, M|100/100\n|-ability|p2a: Tauros|Intimidate|boost\n|-unboost|p1a: Archaludon|atk|1\n|-unboost|p1b: Greninja|atk|1\n|turn|6\n|\n|t:|1776648844\n|move|p2a: Tauros|Aqua Jet|p1a: Archaludon\n|-resisted|p1a: Archaludon|1\n|-damage|p1a: Archaludon|0 fnt\n|faint|p1a: Archaludon\n|move|p1b: Greninja|Aerial Ace|p2a: Tauros\n|-supereffective|p2a: Tauros|1\n|-damage|p2a: Tauros|82/100\n|\n|-weather|none\n|-heal|p2a: Tauros|88/100|[from] item: Leftovers\n|-sideend|p1: jingming|move: Tailwind\n|upkeep\n|turn|7\n|\n|t:|1776648860\n|move|p2a: Tauros|Protect|p2a: Tauros\n|-singleturn|p2a: Tauros|Protect\n|move|p1b: Greninja|Gunk Shot|p2a: Tauros\n|-activate|p2a: Tauros|move: Protect\n|\n|-heal|p2a: Tauros|94/100|[from] item: Leftovers\n|upkeep\n|turn|8\n|\n|t:|1776648865\n|move|p1b: Greninja|Gunk Shot|p2a: Tauros|[miss]\n|-miss|p1b: Greninja|p2a: Tauros\n|move|p2a: Tauros|Raging Bull|p1b: Greninja\n|-damage|p1b: Greninja|53/100\n|\n|-heal|p2a: Tauros|99/100|[from] item: Leftovers\n|upkeep\n|turn|9\n|\n|t:|1776648871\n|move|p1b: Greninja|Gunk Shot|p2a: Tauros\n|-damage|p2a: Tauros|71/100\n|-status|p2a: Tauros|psn\n|move|p2a: Tauros|Raging Bull|p1b: Greninja\n|-damage|p1b: Greninja|11/100\n|\n|-heal|p2a: Tauros|77/100 psn|[from] item: Leftovers\n|-damage|p2a: Tauros|65/100 psn|[from] psn\n|upkeep\n|turn|10\n|\n|t:|1776648878\n|move|p2a: Tauros|Aqua Jet|p1b: Greninja\n|-damage|p1b: Greninja|0 fnt\n|faint|p1b: Greninja\n|\n|win|ENDERPRISE\n|raw|jingming's rating: 1292 &rarr; <strong>1265</strong><br />(-27 for losing)\n|raw|ENDERPRISE's rating: 1267 &rarr; <strong>1294</strong><br />(+27 for winning)\n|l|\u2606ENDERPRISE\n|player|p2|\n",
  "uploadtime": 1776648891,
  "views": 15,
  "formatid": "gen9championsvgc2026regma",
  "rating": 1265,
  "private": 0,
  "password": null
}