{
  "id": "gen9championsvgc2026regma-2588564997",
  "format": "[Gen 9 Champions] VGC 2026 Reg M-A",
  "players": [
    "sdlt 2krl coolguy",
    "Tryingit94"
  ],
  "log": "|raw|<div class=\"broadcast-blue\"><strong>This battle is required to be public due to a player having a name starting with 'sdlt'.</div>\n|j|\u2606sdlt 2krl coolguy\n|j|\u2606Tryingit94\n|t:|1776645484\n|gametype|doubles\n|player|p1|sdlt 2krl coolguy|leon-masters2|1306\n|player|p2|Tryingit94|266|1315\n|gen|9\n|tier|[Gen 9 Champions] VGC 2026 Reg M-A\n|rated|\n|rule|Species Clause: Limit one of each Pok\u00e9mon\n|rule|Item Clause: Limit 1 of each item\n|clearpoke\n|poke|p1|Floette-Eternal, L50, F|\n|poke|p1|Incineroar, L50, F|\n|poke|p1|Sinistcha, L50|\n|poke|p1|Garchomp, L50, F|\n|poke|p1|Sneasler, L50, F|\n|poke|p1|Kingambit, L50, M|\n|poke|p2|Garchomp, L50, F|\n|poke|p2|Charizard, L50, M|\n|poke|p2|Tyranitar, L50, M|\n|poke|p2|Whimsicott, L50, M|\n|poke|p2|Sneasler, L50, M|\n|poke|p2|Milotic, L50, F|\n|teampreview|4\n|inactive|Battle timer is ON: inactive players will automatically lose when time's up. (requested by sdlt 2krl coolguy)\n|\n|t:|1776645505\n|teamsize|p1|4\n|teamsize|p2|4\n|start\n|switch|p1a: Garchomp|Garchomp, L50, F|100/100\n|switch|p1b: Floette|Floette-Eternal, L50, F|100/100\n|switch|p2a: Whimsicott|Whimsicott, L50, M|100/100\n|switch|p2b: Sneasler|Sneasler, L50, M|100/100\n|turn|1\n|\n|t:|1776645524\n|switch|p1b: Incineroar|Incineroar, L50, F|100/100\n|-ability|p1b: Incineroar|Intimidate|boost\n|-unboost|p2a: Whimsicott|atk|1\n|-unboost|p2b: Sneasler|atk|1\n|move|p2b: Sneasler|Fake Out|p1a: Garchomp\n|-damage|p1a: Garchomp|91/100\n|-damage|p2b: Sneasler|88/100|[from] ability: Rough Skin|[of] p1a: Garchomp\n|move|p2a: Whimsicott|Encore|p1b: Incineroar\n|-hint|Since gen 7, Dark is immune to Prankster moves.\n|-immune|p1b: Incineroar\n|cant|p1a: Garchomp|flinch\n|\n|upkeep\n|turn|2\n|inactive|sdlt 2krl coolguy has 30 seconds left.\n|inactive|Tryingit94 has 30 seconds left.\n|inactive|Tryingit94 has 20 seconds left.\n|\n|t:|1776645560\n|switch|p2b: Milotic|Milotic, L50, F|100/100\n|move|p2a: Whimsicott|Protect|p2a: Whimsicott\n|-singleturn|p2a: Whimsicott|Protect\n|move|p1a: Garchomp|Stomping Tantrum|p2b: Milotic\n|-damage|p2b: Milotic|41/100\n|move|p1b: Incineroar|Flare Blitz|p2a: Whimsicott\n|-activate|p2a: Whimsicott|move: Protect\n|\n|-heal|p2b: Milotic|47/100|[from] item: Leftovers\n|upkeep\n|turn|3\n|\n|t:|1776645580\n|move|p2a: Whimsicott|Tailwind|p2a: Whimsicott\n|-sidestart|p2: Tryingit94|move: Tailwind\n|move|p2b: Milotic|Icy Wind|p1b: Incineroar|[spread] p1a,p1b\n|-supereffective|p1a: Garchomp|2\n|-resisted|p1b: Incineroar|1\n|-damage|p1a: Garchomp|45/100\n|-damage|p1b: Incineroar|96/100\n|-unboost|p1a: Garchomp|spe|1\n|-unboost|p1b: Incineroar|spe|1\n|move|p1a: Garchomp|Stomping Tantrum|p2b: Milotic\n|-damage|p2b: Milotic|17/100\n|move|p1b: Incineroar|Flare Blitz|p2a: Whimsicott\n|-supereffective|p2a: Whimsicott|1\n|-damage|p2a: Whimsicott|7/100\n|-enditem|p2a: Whimsicott|Sitrus Berry|[eat]\n|-heal|p2a: Whimsicott|32/100|[from] item: Sitrus Berry\n|-damage|p1b: Incineroar|71/100|[from] Recoil\n|\n|-heal|p2b: Milotic|23/100|[from] item: Leftovers\n|upkeep\n|turn|4\n|\n|t:|1776645602\n|switch|p1b: Sinistcha|Sinistcha, L50|100/100\n|-heal|p1a: Garchomp|70/100|[from] ability: Hospitality|[of] p1b: Sinistcha\n|move|p1a: Garchomp|Protect|p1a: Garchomp\n|-singleturn|p1a: Garchomp|Protect\n|move|p2a: Whimsicott|Play Rough|p1a: Garchomp\n|-activate|p1a: Garchomp|move: Protect\n|move|p2b: Milotic|Scald|p1b: Sinistcha\n|-resisted|p1b: Sinistcha|1\n|-damage|p1b: Sinistcha|89/100\n|\n|-heal|p2b: Milotic|29/100|[from] item: Leftovers\n|upkeep\n|turn|5\n|\n|t:|1776645622\n|switch|p1a: Floette|Floette-Eternal, L50, F|100/100\n|move|p2a: Whimsicott|Encore||[still]\n|-fail|p2a: Whimsicott\n|move|p2b: Milotic|Icy Wind|p1a: Floette|[spread] p1a,p1b\n|-supereffective|p1b: Sinistcha|1\n|-damage|p1a: Floette|93/100\n|-damage|p1b: Sinistcha|70/100\n|-unboost|p1a: Floette|spe|1\n|move|p1b: Sinistcha|Matcha Gotcha|p2b: Milotic|[spread] p2a,p2b\n|-resisted|p2a: Whimsicott|1\n|-supereffective|p2b: Milotic|1\n|-damage|p2a: Whimsicott|18/100\n|-heal|p1b: Sinistcha|76/100|[from] drain|[of] p2a: Whimsicott\n|-damage|p2b: Milotic|0 fnt\n|-heal|p1b: Sinistcha|93/100|[from] drain|[of] p2b: Milotic\n|-status|p2a: Whimsicott|brn\n|faint|p2b: Milotic\n|\n|-damage|p2a: Whimsicott|12/100 brn|[from] brn\n|upkeep\n|inactive|Tryingit94 has 30 seconds left.\n|\n|t:|1776645648\n|switch|p2b: Sneasler|Sneasler, L50, M|88/100\n|turn|6\n|\n|t:|1776645664\n|switch|p1a: Incineroar|Incineroar, L50, F|71/100\n|-ability|p1a: Incineroar|Intimidate|boost\n|-unboost|p2a: Whimsicott|atk|1\n|-unboost|p2b: Sneasler|atk|1\n|move|p2b: Sneasler|Close Combat|p1a: Incineroar\n|-supereffective|p1a: Incineroar|1\n|-enditem|p1a: Incineroar|Chople Berry|[eat]\n|-enditem|p1a: Incineroar|Chople Berry|[weaken]\n|-damage|p1a: Incineroar|40/100\n|-unboost|p2b: Sneasler|def|1\n|-unboost|p2b: Sneasler|spd|1\n|move|p2a: Whimsicott|Play Rough|p1a: Incineroar\n|-damage|p1a: Incineroar|37/100\n|move|p1b: Sinistcha|Matcha Gotcha|p2a: Whimsicott|[spread] p2a,p2b\n|-resisted|p2a: Whimsicott|1\n|-resisted|p2b: Sneasler|1\n|-damage|p2a: Whimsicott|0 fnt\n|-heal|p1b: Sinistcha|98/100|[from] drain|[of] p2a: Whimsicott\n|-damage|p2b: Sneasler|64/100\n|-heal|p1b: Sinistcha|100/100|[from] drain|[of] p2b: Sneasler\n|faint|p2a: Whimsicott\n|\n|-sideend|p2: Tryingit94|move: Tailwind\n|upkeep\n|\n|t:|1776645686\n|switch|p2a: Charizard|Charizard, L50, M|100/100\n|turn|7\n|\n|t:|1776645700\n|switch|p1b: Floette|Floette-Eternal, L50, F|93/100\n|detailschange|p2a: Charizard|Charizard-Mega-Y, L50, M\n|-mega|p2a: Charizard|Charizard|Charizardite Y\n|-weather|SunnyDay|[from] ability: Drought|[of] p2a: Charizard\n|move|p2b: Sneasler|Dire Claw|p1b: Floette\n|-supereffective|p1b: Floette|1\n|-damage|p1b: Floette|20/100\n|-status|p1b: Floette|psn\n|move|p2a: Charizard|Heat Wave|p1b: Floette|[spread] p1a,p1b\n|-resisted|p1a: Incineroar|1\n|-crit|p1a: Incineroar\n|-damage|p1a: Incineroar|0 fnt\n|-damage|p1b: Floette|0 fnt\n|faint|p1a: Incineroar\n|faint|p1b: Floette\n|\n|-weather|SunnyDay|[upkeep]\n|upkeep\n|\n|t:|1776645715\n|switch|p1b: Garchomp|Garchomp, L50, F|70/100\n|switch|p1a: Sinistcha|Sinistcha, L50|100/100\n|-heal|p1b: Garchomp|94/100|[from] ability: Hospitality|[of] p1a: Sinistcha\n|turn|8\n|\n|t:|1776645739\n|move|p2b: Sneasler|Protect|p2b: Sneasler\n|-singleturn|p2b: Sneasler|Protect\n|move|p1a: Sinistcha|Rage Powder|p1a: Sinistcha\n|-singleturn|p1a: Sinistcha|move: Rage Powder\n|move|p1b: Garchomp|Rock Slide|p2a: Charizard|[spread] p2a\n|-activate|p2b: Sneasler|move: Protect\n|-supereffective|p2a: Charizard|2\n|-damage|p2a: Charizard|0 fnt\n|faint|p2a: Charizard\n|\n|-weather|SunnyDay|[upkeep]\n|upkeep\n|turn|9\n|\n|t:|1776645753\n|move|p1a: Sinistcha|Rage Powder|p1a: Sinistcha\n|-singleturn|p1a: Sinistcha|move: Rage Powder\n|move|p2b: Sneasler|Dire Claw|p1a: Sinistcha\n|-damage|p1a: Sinistcha|77/100\n|move|p1b: Garchomp|Stomping Tantrum|p2b: Sneasler\n|-supereffective|p2b: Sneasler|1\n|-damage|p2b: Sneasler|0 fnt\n|faint|p2b: Sneasler\n|\n|win|sdlt 2krl coolguy\n|raw|sdlt 2krl coolguy's rating: 1306 &rarr; <strong>1327</strong><br />(+21 for winning)\n|raw|Tryingit94's rating: 1315 &rarr; <strong>1294</strong><br />(-21 for losing)\n",
  "uploadtime": 1776645753,
  "views": 8,
  "formatid": "gen9championsvgc2026regma",
  "rating": 1294,
  "private": 0,
  "password": null
}