{
  "id": "gen9championsvgc2026regma-2586768721",
  "format": "[Gen 9 Champions] VGC 2026 Reg M-A",
  "players": [
    "Cygis11",
    "arteka"
  ],
  "log": "|j|\u2606Cygis11\n|j|\u2606arteka\n|t:|1776458413\n|gametype|doubles\n|player|p1|Cygis11|lisia|1118\n|player|p2|arteka|265|1197\n|gen|9\n|tier|[Gen 9 Champions] VGC 2026 Reg M-A\n|rated|\n|rule|Species Clause: Limit one of each Pok\u00e9mon\n|rule|Item Clause: Limit 1 of each item\n|clearpoke\n|poke|p1|Froslass, L50, F|\n|poke|p1|Rotom-Frost, L50|\n|poke|p1|Aerodactyl, L50, M|\n|poke|p1|Aggron, L50, F|\n|poke|p1|Araquanid, L50, M|\n|poke|p1|Kingambit, L50, F|\n|poke|p2|Garchomp, L50, F|\n|poke|p2|Excadrill, L50, F|\n|poke|p2|Hippowdon, L50, F|\n|poke|p2|Tyranitar, L50, F|\n|poke|p2|Dragonite, L50, F|\n|poke|p2|Milotic, L50, F|\n|teampreview|4\n|\n|t:|1776458434\n|teamsize|p1|4\n|teamsize|p2|4\n|start\n|switch|p1a: Froslass|Froslass, L50, F, shiny|100/100\n|switch|p1b: Aerodactyl|Aerodactyl, L50, M|100/100\n|switch|p2a: Garchomp|Garchomp, L50, F|100/100\n|switch|p2b: Hippowdon|Hippowdon, L50, F|100/100\n|-ability|p1b: Aerodactyl|Unnerve\n|-weather|Sandstorm|[from] ability: Sand Stream|[of] p2b: Hippowdon\n|turn|1\n|\n|t:|1776458463\n|detailschange|p1a: Froslass|Froslass-Mega, L50, F, shiny\n|-mega|p1a: Froslass|Froslass|Froslassite\n|-weather|Snowscape|[from] ability: Snow Warning|[of] p1a: Froslass\n|detailschange|p2a: Garchomp|Garchomp-Mega, L50, F\n|-mega|p2a: Garchomp|Garchomp|Garchompite\n|move|p2a: Garchomp|Protect|p2a: Garchomp\n|-singleturn|p2a: Garchomp|Protect\n|move|p1b: Aerodactyl|Tailwind|p1b: Aerodactyl\n|-sidestart|p1: Cygis11|move: Tailwind\n|move|p1a: Froslass|Aurora Veil|p1a: Froslass\n|-sidestart|p1: Cygis11|move: Aurora Veil\n|move|p2b: Hippowdon|Heavy Slam|p1a: Froslass\n|-supereffective|p1a: Froslass|1\n|-damage|p1a: Froslass|35/100\n|\n|-weather|Snowscape|[upkeep]\n|upkeep\n|turn|2\n|\n|t:|1776458484\n|switch|p2a: Tyranitar|Tyranitar, L50, F|100/100\n|-weather|Sandstorm|[from] ability: Sand Stream|[of] p2a: Tyranitar\n|move|p2b: Hippowdon|Protect|p2b: Hippowdon\n|-singleturn|p2b: Hippowdon|Protect\n|move|p1b: Aerodactyl|Rock Slide|p2a: Tyranitar|[spread] p2a\n|-activate|p2b: Hippowdon|move: Protect\n|-crit|p2a: Tyranitar\n|-damage|p2a: Tyranitar|71/100\n|move|p1a: Froslass|Blizzard|p2a: Tyranitar|[spread] p2a\n|-activate|p2b: Hippowdon|move: Protect\n|-damage|p2a: Tyranitar|42/100\n|\n|-weather|Sandstorm|[upkeep]\n|-damage|p1a: Froslass|29/100|[from] Sandstorm\n|upkeep\n|turn|3\n|-activate|p2a: Tyranitar|item: Quick Claw\n|\n|t:|1776458506\n|switch|p1a: Araquanid|Araquanid, L50, M|100/100\n|switch|p2b: Garchomp|Garchomp-Mega, L50, F|100/100\n|move|p2a: Tyranitar|Rock Slide|p1a: Araquanid|[spread] p1a,p1b\n|-supereffective|p1a: Araquanid|1\n|-supereffective|p1b: Aerodactyl|1\n|-damage|p1a: Araquanid|52/100\n|-damage|p1b: Aerodactyl|34/100\n|cant|p1b: Aerodactyl|flinch\n|\n|-weather|Sandstorm|[upkeep]\n|-damage|p1a: Araquanid|46/100|[from] Sandstorm\n|upkeep\n|turn|4\n|-activate|p2a: Tyranitar|item: Quick Claw\n|\n|t:|1776458528\n|move|p1a: Araquanid|Wide Guard|p1a: Araquanid\n|-singleturn|p1a: Araquanid|Wide Guard\n|move|p2a: Tyranitar|Rock Slide|p1b: Aerodactyl|[spread] \n|-activate|p1a: Araquanid|move: Wide Guard\n|-activate|p1b: Aerodactyl|move: Wide Guard\n|move|p1b: Aerodactyl|Rock Slide|p2a: Tyranitar|[spread] p2a,p2b\n|-resisted|p2b: Garchomp|1\n|-damage|p2a: Tyranitar|21/100\n|-damage|p2b: Garchomp|90/100\n|move|p2b: Garchomp|Dragon Claw|p1a: Araquanid\n|-damage|p1a: Araquanid|8/100\n|\n|-weather|Sandstorm|[upkeep]\n|-damage|p1a: Araquanid|2/100|[from] Sandstorm\n|-sideend|p1: Cygis11|move: Tailwind\n|upkeep\n|turn|5\n|\n|t:|1776458548\n|move|p2b: Garchomp|Protect|p2b: Garchomp\n|-singleturn|p2b: Garchomp|Protect\n|move|p1b: Aerodactyl|Rock Slide|p2b: Garchomp|[spread] p2a\n|-activate|p2b: Garchomp|move: Protect\n|-damage|p2a: Tyranitar|2/100\n|move|p2a: Tyranitar|Thunder Punch|p1b: Aerodactyl\n|-supereffective|p1b: Aerodactyl|1\n|-damage|p1b: Aerodactyl|0 fnt\n|faint|p1b: Aerodactyl\n|move|p1a: Araquanid|Liquidation|p2b: Garchomp\n|-activate|p2b: Garchomp|move: Protect\n|\n|-weather|Sandstorm|[upkeep]\n|-damage|p1a: Araquanid|0 fnt|[from] Sandstorm\n|faint|p1a: Araquanid\n|-sideend|p1: Cygis11|move: Aurora Veil\n|upkeep\n|\n|t:|1776458559\n|switch|p1b: Rotom|Rotom-Frost, L50|100/100\n|switch|p1a: Froslass|Froslass-Mega, L50, F, shiny|29/100\n|-weather|Snowscape|[from] ability: Snow Warning|[of] p1a: Froslass\n|turn|6\n|\n|t:|1776458571\n|switch|p2a: Hippowdon|Hippowdon, L50, F|100/100\n|-weather|Sandstorm|[from] ability: Sand Stream|[of] p2a: Hippowdon\n|move|p1a: Froslass|Blizzard|p2a: Hippowdon|[spread] p2b\n|-miss|p1a: Froslass|p2a: Hippowdon\n|-supereffective|p2b: Garchomp|2\n|-damage|p2b: Garchomp|0 fnt\n|faint|p2b: Garchomp\n|move|p1b: Rotom|Pain Split|p1a: Froslass\n|-sethp|p1a: Froslass|69/100|[from] move: Pain Split|[silent]\n|-sethp|p1b: Rotom|64/100|[from] move: Pain Split\n|\n|-weather|Sandstorm|[upkeep]\n|-damage|p1a: Froslass|63/100|[from] Sandstorm\n|-damage|p1b: Rotom|58/100|[from] Sandstorm\n|upkeep\n|\n|t:|1776458585\n|switch|p2b: Excadrill|Excadrill, L50, F|100/100\n|turn|7\n|\n|t:|1776458594\n|move|p1a: Froslass|Protect|p1a: Froslass\n|-singleturn|p1a: Froslass|Protect\n|move|p2b: Excadrill|Earthquake|p1a: Froslass|[spread] p2a\n|-activate|p1a: Froslass|move: Protect\n|-immune|p1b: Rotom|[from] ability: Levitate\n|-damage|p2a: Hippowdon|70/100\n|move|p1b: Rotom|Blizzard|p2b: Excadrill|[spread] p2a,p2b\n|-supereffective|p2a: Hippowdon|1\n|-crit|p2b: Excadrill\n|-damage|p2a: Hippowdon|0 fnt\n|-damage|p2b: Excadrill|17/100\n|faint|p2a: Hippowdon\n|\n|-weather|Sandstorm|[upkeep]\n|-damage|p1a: Froslass|56/100|[from] Sandstorm\n|-damage|p1b: Rotom|52/100|[from] Sandstorm\n|upkeep\n|inactive|Battle timer is ON: inactive players will automatically lose when time's up. (requested by Cygis11)\n|\n|t:|1776458612\n|switch|p2a: Tyranitar|Tyranitar, L50, F|2/100\n|turn|8\n|\n|t:|1776458628\n|move|p2b: Excadrill|Rock Slide|p1a: Froslass|[spread] p1a,p1b\n|-supereffective|p1a: Froslass|1\n|-supereffective|p1b: Rotom|1\n|-damage|p1a: Froslass|0 fnt\n|-damage|p1b: Rotom|6/100\n|-enditem|p1b: Rotom|Sitrus Berry|[eat]\n|-heal|p1b: Rotom|31/100|[from] item: Sitrus Berry\n|faint|p1a: Froslass\n|move|p1b: Rotom|Thunderbolt|p2a: Tyranitar\n|-damage|p2a: Tyranitar|0 fnt\n|faint|p2a: Tyranitar\n|\n|-weather|Sandstorm|[upkeep]\n|-damage|p1b: Rotom|25/100|[from] Sandstorm\n|upkeep\n|turn|9\n|\n|t:|1776458642\n|move|p2b: Excadrill|Rock Slide|p1b: Rotom|[miss]\n|-miss|p2b: Excadrill|p1b: Rotom\n|move|p1b: Rotom|Blizzard|p2b: Excadrill\n|-damage|p2b: Excadrill|0 fnt\n|faint|p2b: Excadrill\n|\n|win|Cygis11\n|raw|Cygis11's rating: 1118 &rarr; <strong>1149</strong><br />(+31 for winning)\n|raw|arteka's rating: 1197 &rarr; <strong>1166</strong><br />(-31 for losing)\n",
  "uploadtime": 1776458652,
  "views": 29,
  "formatid": "gen9championsvgc2026regma",
  "rating": 1149,
  "private": 0,
  "password": null
}