{
  "id": "gen9championsvgc2026regma-2582883479",
  "format": "[Gen 9 Champions] VGC 2026 Reg M-A",
  "players": [
    "pinkfluit",
    "silvermagicianvgc"
  ],
  "log": "|j|\u2606pinkfluit\n|j|\u2606silvermagicianvgc\n|t:|1776121834\n|gametype|doubles\n|player|p1|pinkfluit|wattson|1384\n|player|p2|silvermagicianvgc|silver|1412\n|gen|9\n|tier|[Gen 9 Champions] VGC 2026 Reg M-A\n|rated|\n|rule|Species Clause: Limit one of each Pok\u00e9mon\n|rule|Item Clause: Limit 1 of each item\n|clearpoke\n|poke|p1|Glimmora, L50, F|\n|poke|p1|Corviknight, L50, M|\n|poke|p1|Sinistcha, L50|\n|poke|p1|Primarina, L50, M|\n|poke|p1|Incineroar, L50, M|\n|poke|p1|Dragapult, L50, M|\n|poke|p2|Floette-Eternal, L50, F|\n|poke|p2|Garchomp, L50, F|\n|poke|p2|Charizard, L50, M|\n|poke|p2|Incineroar, L50, M|\n|poke|p2|Sneasler, L50, M|\n|poke|p2|Sinistcha, L50|\n|teampreview|4\n|\n|t:|1776121874\n|teamsize|p1|4\n|teamsize|p2|4\n|start\n|switch|p1a: Glimmora|Glimmora, L50, F|100/100\n|switch|p1b: Corviknight|Corviknight, L50, M|100/100\n|switch|p2a: Garchomp|Garchomp, L50, F|100/100\n|switch|p2b: Sneasler|Sneasler, L50, M|100/100\n|turn|1\n|inactive|Battle timer is ON: inactive players will automatically lose when time's up. (requested by silvermagicianvgc)\n|\n|t:|1776121901\n|switch|p1a: Primarina|Primarina, L50, M|100/100\n|move|p2b: Sneasler|Fake Out|p1b: Corviknight\n|-resisted|p1b: Corviknight|1\n|-damage|p1b: Corviknight|96/100\n|move|p2a: Garchomp|Stomping Tantrum|p1a: Primarina\n|-damage|p1a: Primarina|46/100\n|cant|p1b: Corviknight|flinch\n|\n|-heal|p1b: Corviknight|100/100|[from] item: Leftovers\n|upkeep\n|turn|2\n|\n|t:|1776121922\n|switch|p2b: Floette|Floette-Eternal, L50, F, shiny|100/100\n|move|p1a: Primarina|Protect|p1a: Primarina\n|-singleturn|p1a: Primarina|Protect\n|move|p2a: Garchomp|Stomping Tantrum|p1a: Primarina\n|-activate|p1a: Primarina|move: Protect\n|move|p1b: Corviknight|Tailwind|p1b: Corviknight\n|-sidestart|p1: pinkfluit|move: Tailwind\n|\n|upkeep\n|turn|3\n|\n|t:|1776121941\n|detailschange|p2b: Floette|Floette-Mega, L50, F, shiny\n|-mega|p2b: Floette|Floette|Floettite\n|-ability|p2b: Floette|Fairy Aura\n|move|p2a: Garchomp|Stomping Tantrum|p1a: Primarina\n|-damage|p1a: Primarina|0 fnt\n|faint|p1a: Primarina\n|move|p1b: Corviknight|Brave Bird|p2b: Floette\n|-damage|p2b: Floette|61/100\n|-damage|p1b: Corviknight|88/100|[from] Recoil\n|move|p2b: Floette|Moonblast|p1b: Corviknight\n|-resisted|p1b: Corviknight|1\n|-damage|p1b: Corviknight|42/100\n|\n|-heal|p1b: Corviknight|48/100|[from] item: Leftovers\n|upkeep\n|j| sileshar\n|\n|t:|1776121949\n|switch|p1a: Glimmora|Glimmora, L50, F|100/100\n|turn|4\n|\n|t:|1776121972\n|switch|p1b: Incineroar|Incineroar, L50, M|100/100\n|-ability|p1b: Incineroar|Intimidate|boost\n|-unboost|p2a: Garchomp|atk|1\n|-unboost|p2b: Floette|atk|1\n|switch|p2b: Incineroar|Incineroar, L50, M|100/100\n|-ability|p2b: Incineroar|Intimidate|boost\n|-unboost|p1a: Glimmora|atk|1\n|-unboost|p1b: Incineroar|atk|1\n|detailschange|p1a: Glimmora|Glimmora-Mega, L50, F\n|-mega|p1a: Glimmora|Glimmora|Glimmoranite\n|move|p1a: Glimmora|Sludge Bomb|p2b: Incineroar\n|-damage|p2b: Incineroar|32/100\n|-enditem|p2b: Incineroar|Sitrus Berry|[eat]\n|-heal|p2b: Incineroar|57/100|[from] item: Sitrus Berry\n|move|p2a: Garchomp|Stomping Tantrum|p1a: Glimmora\n|-supereffective|p1a: Glimmora|2\n|-damage|p1a: Glimmora|0 fnt\n|faint|p1a: Glimmora\n|\n|upkeep\n|inactive|pinkfluit has 30 seconds left.\n|\n|t:|1776121999\n|switch|p1a: Corviknight|Corviknight, L50, M|48/100\n|turn|5\n|\n|t:|1776122013\n|move|p2b: Incineroar|Fake Out|p1a: Corviknight\n|-resisted|p1a: Corviknight|1\n|-damage|p1a: Corviknight|45/100\n|move|p2a: Garchomp|Stomping Tantrum|p1b: Incineroar\n|-supereffective|p1b: Incineroar|1\n|-damage|p1b: Incineroar|55/100\n|cant|p1a: Corviknight|flinch\n|move|p1b: Incineroar|Flare Blitz|p2a: Garchomp\n|-resisted|p2a: Garchomp|1\n|-damage|p2a: Garchomp|86/100\n|-damage|p1b: Incineroar|43/100|[from] ability: Rough Skin|[of] p2a: Garchomp\n|-damage|p1b: Incineroar|38/100|[from] Recoil\n|\n|-heal|p1a: Corviknight|50/100|[from] item: Leftovers\n|-sideend|p1: pinkfluit|move: Tailwind\n|upkeep\n|turn|6\n|-message|pinkfluit forfeited.\n|\n|win|silvermagicianvgc\n|raw|pinkfluit's rating: 1384 &rarr; <strong>1366</strong><br />(-18 for losing)\n|raw|silvermagicianvgc's rating: 1412 &rarr; <strong>1430</strong><br />(+18 for winning)\n|l|\u2606pinkfluit\n|player|p1|\n|l|\u2606silvermagicianvgc\n|player|p2|\n",
  "uploadtime": 1776122034,
  "views": 22,
  "formatid": "gen9championsvgc2026regma",
  "rating": 1366,
  "private": 0,
  "password": null
}