{
  "id": "gen9championsvgc2026regma-2583365248",
  "format": "[Gen 9 Champions] VGC 2026 Reg M-A",
  "players": [
    "LycheeEXE",
    "KogaAF1219"
  ],
  "log": "|j|\u2606LycheeEXE\n|j|\u2606KogaAF1219\n|t:|1776170440\n|gametype|doubles\n|player|p1|LycheeEXE|266|1120\n|player|p2|KogaAF1219|koga|1159\n|gen|9\n|tier|[Gen 9 Champions] VGC 2026 Reg M-A\n|rated|\n|rule|Species Clause: Limit one of each Pok\u00e9mon\n|rule|Item Clause: Limit 1 of each item\n|clearpoke\n|poke|p1|Vivillon, L50, F|\n|poke|p1|Volcarona, L50, M|\n|poke|p1|Heracross, L50, M|\n|poke|p1|Scizor, L50, F|\n|poke|p1|Araquanid, L50, M|\n|poke|p1|Forretress, L50, M|\n|poke|p2|Torkoal, L50, F|\n|poke|p2|Venusaur, L50, F|\n|poke|p2|Incineroar, L50, M|\n|poke|p2|Farigiraf, L50, F|\n|poke|p2|Rotom-Fan, L50|\n|poke|p2|Excadrill, L50, M|\n|teampreview|4\nKogaAF1219 has agreed to open team sheets.\n|inactive|Battle timer is ON: inactive players will automatically lose when time's up. (requested by LycheeEXE)\n|\n|t:|1776170465\n|teamsize|p1|4\n|teamsize|p2|4\n|start\n|switch|p1a: Heracross|Heracross, L50, M|100/100\n|switch|p1b: Volcarona|Volcarona, L50, M|100/100\n|switch|p2a: Rotom|Rotom-Fan, L50|100/100\n|switch|p2b: Farigiraf|Farigiraf, L50, F|100/100\n|turn|1\n|\n|t:|1776170488\n|detailschange|p1a: Heracross|Heracross-Mega, L50, M\n|-mega|p1a: Heracross|Heracross|Heracronite\n|move|p2a: Rotom|Air Slash|p1a: Heracross\n|-supereffective|p1a: Heracross|2\n|-damage|p1a: Heracross|0 fnt\n|faint|p1a: Heracross\n|move|p1b: Volcarona|Quiver Dance|p1b: Volcarona\n|-boost|p1b: Volcarona|spa|1\n|-boost|p1b: Volcarona|spd|1\n|-boost|p1b: Volcarona|spe|1\n|move|p2b: Farigiraf|Trick Room|p2b: Farigiraf\n|-fieldstart|move: Trick Room|[of] p2b: Farigiraf\n|\n|upkeep\n|\n|t:|1776170502\n|switch|p1a: Araquanid|Araquanid, L50, M|100/100\n|turn|2\n|\n|t:|1776170511\n|move|p2b: Farigiraf|Thunderbolt|p1a: Araquanid\n|-supereffective|p1a: Araquanid|1\n|-damage|p1a: Araquanid|49/100\n|-status|p1a: Araquanid|par\n|-enditem|p1a: Araquanid|Sitrus Berry|[eat]\n|-heal|p1a: Araquanid|73/100 par|[from] item: Sitrus Berry\n|move|p1a: Araquanid|Leech Life|p2b: Farigiraf\n|-supereffective|p2b: Farigiraf|1\n|-damage|p2b: Farigiraf|34/100\n|-heal|p1a: Araquanid|100/100 par|[from] drain|[of] p2b: Farigiraf\n|move|p2a: Rotom|Air Slash|p1a: Araquanid\n|-supereffective|p1a: Araquanid|1\n|-damage|p1a: Araquanid|51/100 par\n|move|p1b: Volcarona|Heat Wave|p2b: Farigiraf|[spread] p2a,p2b\n|-damage|p2a: Rotom|44/100\n|-damage|p2b: Farigiraf|0 fnt\n|faint|p2b: Farigiraf\n|\n|upkeep\n|\n|t:|1776170530\n|switch|p2b: Torkoal|Torkoal, L50, F|100/100\n|-weather|SunnyDay|[from] ability: Drought|[of] p2b: Torkoal\n|turn|3\n|\n|t:|1776170546\n|move|p1a: Araquanid|Wide Guard|p1a: Araquanid\n|-singleturn|p1a: Araquanid|Wide Guard\n|move|p2b: Torkoal|Weather Ball|p1a: Araquanid\n|-damage|p1a: Araquanid|19/100 par\n|move|p2a: Rotom|Air Slash|p1b: Volcarona\n|-supereffective|p1b: Volcarona|1\n|-damage|p1b: Volcarona|63/100\n|move|p1b: Volcarona|Quiver Dance|p1b: Volcarona\n|-boost|p1b: Volcarona|spa|1\n|-boost|p1b: Volcarona|spd|1\n|-boost|p1b: Volcarona|spe|1\n|\n|-weather|SunnyDay|[upkeep]\n|upkeep\n|turn|4\n|\n|t:|1776170563\n|switch|p2a: Incineroar|Incineroar, L50, M|100/100\n|-ability|p2a: Incineroar|Intimidate|boost\n|-unboost|p1a: Araquanid|atk|1\n|-unboost|p1b: Volcarona|atk|1\n|move|p2b: Torkoal|Heat Wave|p1a: Araquanid|[spread] p1a,p1b\n|-damage|p1a: Araquanid|0 fnt\n|-damage|p1b: Volcarona|37/100\n|faint|p1a: Araquanid\n|move|p1b: Volcarona|Quiver Dance|p1b: Volcarona\n|-boost|p1b: Volcarona|spa|1\n|-boost|p1b: Volcarona|spd|1\n|-boost|p1b: Volcarona|spe|1\n|\n|-weather|SunnyDay|[upkeep]\n|upkeep\n|\n|t:|1776170571\n|switch|p1a: Vivillon|Vivillon, L50, F|100/100\n|turn|5\n|\n|t:|1776170581\n|move|p1b: Volcarona|Protect|p1b: Volcarona\n|-singleturn|p1b: Volcarona|Protect\n|move|p2b: Torkoal|Eruption|p1a: Vivillon|[spread] p1a\n|-activate|p1b: Volcarona|move: Protect\n|-supereffective|p1a: Vivillon|1\n|-enditem|p1a: Vivillon|Focus Sash\n|-damage|p1a: Vivillon|1/100\n|move|p2a: Incineroar|Flare Blitz|p1b: Volcarona\n|-activate|p1b: Volcarona|move: Protect\n|move|p1a: Vivillon|Tailwind|p1a: Vivillon\n|-sidestart|p1: LycheeEXE|move: Tailwind\n|\n|-weather|SunnyDay|[upkeep]\n|-fieldend|move: Trick Room\n|upkeep\n|turn|6\n|inactive|LycheeEXE has 30 seconds left.\n|\n|t:|1776170608\n|move|p1b: Volcarona|Quiver Dance|p1b: Volcarona\n|-boost|p1b: Volcarona|spa|1\n|-boost|p1b: Volcarona|spd|1\n|-boost|p1b: Volcarona|spe|1\n|move|p1a: Vivillon|Sleep Powder|p2a: Incineroar\n|-status|p2a: Incineroar|slp|[from] move: Sleep Powder\n|cant|p2a: Incineroar|slp\n|move|p2b: Torkoal|Heat Wave|p1a: Vivillon|[spread] p1a,p1b\n|-supereffective|p1a: Vivillon|1\n|-damage|p1a: Vivillon|0 fnt\n|-damage|p1b: Volcarona|18/100\n|faint|p1a: Vivillon\n|\n|-weather|SunnyDay|[upkeep]\n|upkeep\n|turn|7\n|\n|t:|1776170623\n|move|p1b: Volcarona|Giga Drain|p2b: Torkoal\n|-resisted|p2b: Torkoal|1\n|-damage|p2b: Torkoal|47/100\n|-heal|p1b: Volcarona|47/100|[from] drain|[of] p2b: Torkoal\n|cant|p2a: Incineroar|slp\n|move|p2b: Torkoal|Weather Ball|p1b: Volcarona\n|-damage|p1b: Volcarona|19/100\n|\n|-weather|none\n|upkeep\n|turn|8\n|\n|t:|1776170633\n|switch|p2b: Rotom|Rotom-Fan, L50|44/100\n|move|p1b: Volcarona|Giga Drain|p2b: Rotom\n|-resisted|p2b: Rotom|1\n|-damage|p2b: Rotom|5/100\n|-heal|p1b: Volcarona|39/100|[from] drain|[of] p2b: Rotom\n|-curestatus|p2a: Incineroar|slp|[msg]\n|move|p2a: Incineroar|Flare Blitz|p1b: Volcarona\n|-damage|p1b: Volcarona|0 fnt\n|faint|p1b: Volcarona\n|-damage|p2a: Incineroar|91/100|[from] Recoil\n|\n|win|KogaAF1219\n|raw|LycheeEXE's rating: 1120 &rarr; <strong>1098</strong><br />(-22 for losing)\n|raw|KogaAF1219's rating: 1159 &rarr; <strong>1181</strong><br />(+22 for winning)\n",
  "uploadtime": 1776170638,
  "views": 16,
  "formatid": "gen9championsvgc2026regma",
  "rating": 1098,
  "private": 0,
  "password": null
}