{
  "id": "gen9championsvgc2026regma-2586681628",
  "format": "[Gen 9 Champions] VGC 2026 Reg M-A",
  "players": [
    "thisisatrip!",
    "jaden125"
  ],
  "log": "|j|\u2606thisisatrip!\n|j|\u2606jaden125\n|t:|1776451776\n|gametype|doubles\n|player|p1|thisisatrip!|steven|1131\n|player|p2|jaden125|lass-gen4dp|1187\n|gen|9\n|tier|[Gen 9 Champions] VGC 2026 Reg M-A\n|rated|\n|rule|Species Clause: Limit one of each Pok\u00e9mon\n|rule|Item Clause: Limit 1 of each item\n|clearpoke\n|poke|p1|Talonflame, L50, F|\n|poke|p1|Gengar, L50, F|\n|poke|p1|Archaludon, L50, F|\n|poke|p1|Pelipper, L50, F|\n|poke|p1|Whimsicott, L50, F|\n|poke|p1|Lopunny, L50, F|\n|poke|p2|Tyranitar, L50, F|\n|poke|p2|Corviknight, L50, F|\n|poke|p2|Sinistcha, L50|\n|poke|p2|Excadrill, L50, F|\n|poke|p2|Incineroar, L50, M|\n|poke|p2|Rotom-Wash, L50|\n|teampreview|4\n|c|\u2606thisisatrip!|glhf\n|\n|t:|1776451814\n|teamsize|p1|4\n|teamsize|p2|4\n|start\n|switch|p1a: Lopunny|Lopunny, L50, F|100/100\n|switch|p1b: Staple Remover|Archaludon, L50, F|100/100\n|switch|p2a: Excadrill|Excadrill, L50, F|100/100\n|switch|p2b: Rotom|Rotom-Wash, L50|100/100\n|turn|1\n|\n|t:|1776451839\n|switch|p1b: Pelipper|Pelipper, L50, F|100/100\n|-weather|RainDance|[from] ability: Drizzle|[of] p1b: Pelipper\n|detailschange|p1a: Lopunny|Lopunny-Mega, L50, F\n|-mega|p1a: Lopunny|Lopunny|Lopunnite\n|move|p1a: Lopunny|Close Combat|p2a: Excadrill\n|-supereffective|p2a: Excadrill|1\n|-enditem|p2a: Excadrill|Focus Sash\n|-damage|p2a: Excadrill|1/100\n|-unboost|p1a: Lopunny|def|1\n|-unboost|p1a: Lopunny|spd|1\n|move|p2a: Excadrill|High Horsepower|p1b: Pelipper\n|-immune|p1b: Pelipper\n|move|p2b: Rotom|Will-O-Wisp|p1a: Lopunny\n|-status|p1a: Lopunny|brn\n|\n|-weather|RainDance|[upkeep]\n|-damage|p1a: Lopunny|95/100 brn|[from] brn\n|upkeep\n|turn|2\n|\n|t:|1776451862\n|switch|p2b: Tyranitar|Tyranitar, L50, F, shiny|100/100\n|-weather|Sandstorm|[from] ability: Sand Stream|[of] p2b: Tyranitar\n|move|p2a: Excadrill|Rock Slide|p1a: Lopunny|[spread] p1a,p1b\n|-resisted|p1a: Lopunny|1\n|-supereffective|p1b: Pelipper|1\n|-damage|p1a: Lopunny|74/100 brn\n|-damage|p1b: Pelipper|47/100\n|cant|p1a: Lopunny|flinch\n|move|p1b: Pelipper|Muddy Water|p2a: Excadrill|[spread] p2a,p2b\n|-supereffective|p2a: Excadrill|1\n|-supereffective|p2b: Tyranitar|1\n|-damage|p2a: Excadrill|0 fnt\n|-damage|p2b: Tyranitar|65/100\n|faint|p2a: Excadrill\n|\n|-weather|Sandstorm|[upkeep]\n|-damage|p1a: Lopunny|68/100 brn|[from] Sandstorm\n|-damage|p1b: Pelipper|41/100|[from] Sandstorm\n|-damage|p1a: Lopunny|62/100 brn|[from] brn\n|upkeep\n|\n|t:|1776451874\n|switch|p2a: Rotom|Rotom-Wash, L50|100/100\n|turn|3\n|\n|t:|1776451888\n|switch|p1b: Whimsicott|Whimsicott, L50, F|100/100\n|detailschange|p2b: Tyranitar|Tyranitar-Mega, L50, F, shiny\n|-mega|p2b: Tyranitar|Tyranitar|Tyranitarite\n|move|p1a: Lopunny|Close Combat|p2b: Tyranitar\n|-supereffective|p2b: Tyranitar|2\n|-damage|p2b: Tyranitar|0 fnt\n|-unboost|p1a: Lopunny|def|1\n|-unboost|p1a: Lopunny|spd|1\n|faint|p2b: Tyranitar\n|move|p2a: Rotom|Thunderbolt|p1b: Whimsicott\n|-resisted|p1b: Whimsicott|1\n|-damage|p1b: Whimsicott|80/100\n|\n|-weather|Sandstorm|[upkeep]\n|-damage|p1a: Lopunny|57/100 brn|[from] Sandstorm\n|-damage|p1b: Whimsicott|74/100|[from] Sandstorm\n|-damage|p2a: Rotom|95/100|[from] Sandstorm\n|-damage|p1a: Lopunny|51/100 brn|[from] brn\n|upkeep\n|\n|t:|1776451896\n|switch|p2b: Corviknight|Corviknight, L50, F|100/100\n|turn|4\n|\n|t:|1776451905\n|switch|p1a: Pelipper|Pelipper, L50, F|41/100\n|-weather|RainDance|[from] ability: Drizzle|[of] p1a: Pelipper\n|move|p2a: Rotom|Protect|p2a: Rotom\n|-singleturn|p2a: Rotom|Protect\n|move|p1b: Whimsicott|Tailwind|p1b: Whimsicott\n|-sidestart|p1: thisisatrip!|move: Tailwind\n|move|p2b: Corviknight|Tailwind|p2b: Corviknight\n|-sidestart|p2: jaden125|move: Tailwind\n|\n|-weather|RainDance|[upkeep]\n|upkeep\n|turn|5\n|\n|t:|1776451924\n|move|p1b: Whimsicott|Encore|p2b: Corviknight\n|-start|p2b: Corviknight|Encore\n|move|p1a: Pelipper|Weather Ball|p2b: Corviknight\n|-damage|p2b: Corviknight|34/100\n|move|p2a: Rotom|Thunderbolt|p1a: Pelipper\n|-supereffective|p1a: Pelipper|2\n|-damage|p1a: Pelipper|0 fnt\n|faint|p1a: Pelipper\n|move|p2b: Corviknight|Tailwind||[still]\n|-fail|p2b: Corviknight\n|\n|-weather|RainDance|[upkeep]\n|-heal|p2b: Corviknight|40/100|[from] item: Leftovers\n|upkeep\n|\n|t:|1776451929\n|switch|p1a: Staple Remover|Archaludon, L50, F|100/100\n|turn|6\n|\n|t:|1776451940\n|move|p1b: Whimsicott|Fake Tears|p2a: Rotom\n|-unboost|p2a: Rotom|spd|2\n|move|p1a: Staple Remover|Electro Shot||[still]\n|-prepare|p1a: Staple Remover|Electro Shot\n|-boost|p1a: Staple Remover|spa|1\n|-anim|p1a: Staple Remover|Electro Shot|p2a: Rotom\n|-damage|p2a: Rotom|0 fnt\n|faint|p2a: Rotom\n|move|p2b: Corviknight|Tailwind||[still]\n|-fail|p2b: Corviknight\n|\n|-weather|RainDance|[upkeep]\n|-heal|p2b: Corviknight|46/100|[from] item: Leftovers\n|upkeep\n|turn|7\n|-message|jaden125 forfeited.\n|\n|win|thisisatrip!\n|raw|thisisatrip!'s rating: 1131 &rarr; <strong>1160</strong><br />(+29 for winning)\n|raw|jaden125's rating: 1187 &rarr; <strong>1158</strong><br />(-29 for losing)\n|l|\u2606jaden125\n|player|p2|\n",
  "uploadtime": 1776451948,
  "views": 41,
  "formatid": "gen9championsvgc2026regma",
  "rating": 1158,
  "private": 0,
  "password": null
}