{
  "id": "gen9championsvgc2026regma-2586427527",
  "format": "[Gen 9 Champions] VGC 2026 Reg M-A",
  "players": [
    "rasb",
    "Aram05"
  ],
  "log": "|j|\u2606rasb\n|j|\u2606Aram05\n|t:|1776433949\n|gametype|doubles\n|player|p1|rasb|170|1191\n|player|p2|Aram05|benga|1170\n|gen|9\n|tier|[Gen 9 Champions] VGC 2026 Reg M-A\n|rated|\n|rule|Species Clause: Limit one of each Pok\u00e9mon\n|rule|Item Clause: Limit 1 of each item\n|clearpoke\n|poke|p1|Floette-Eternal, L50, F|\n|poke|p1|Aerodactyl, L50, M|\n|poke|p1|Incineroar, L50, M|\n|poke|p1|Garchomp, L50, F|\n|poke|p1|Charizard, L50, F|\n|poke|p1|Venusaur, L50, M|\n|poke|p2|Charizard, L50, M|\n|poke|p2|Maushold-Four, L50|\n|poke|p2|Sneasler, L50, M|\n|poke|p2|Garchomp, L50, M|\n|poke|p2|Dragapult, L50, F|\n|poke|p2|Kingambit, L50, F|\n|teampreview|4\n|inactive|Battle timer is ON: inactive players will automatically lose when time's up. (requested by rasb)\nrasb has agreed to open team sheets.\n|inactive|rasb has 60 seconds left.\n|inactive|Aram05 has 60 seconds left.\n|\n|t:|1776433988\n|teamsize|p1|4\n|teamsize|p2|4\n|start\n|switch|p1a: Incineroar|Incineroar, L50, M|100/100\n|switch|p1b: Aerodactyl|Aerodactyl, L50, M|100/100\n|switch|p2a: Sneasler|Sneasler, L50, M|100/100\n|switch|p2b: Garchomp|Garchomp, L50, M|100/100\n|-ability|p1b: Aerodactyl|Unnerve\n|-ability|p1a: Incineroar|Intimidate|boost\n|-unboost|p2a: Sneasler|atk|1\n|-unboost|p2b: Garchomp|atk|1\n|turn|1\n|\n|t:|1776434004\n|move|p2a: Sneasler|Fake Out|p1a: Incineroar\n|-damage|p1a: Incineroar|92/100\n|cant|p1a: Incineroar|flinch\n|move|p2b: Garchomp|Rock Slide|p1a: Incineroar|[spread] p1b\n|-miss|p2b: Garchomp|p1a: Incineroar\n|-supereffective|p1b: Aerodactyl|1\n|-damage|p1b: Aerodactyl|62/100\n|move|p1b: Aerodactyl|Tailwind|p1b: Aerodactyl\n|-sidestart|p1: rasb|move: Tailwind\n|\n|upkeep\n|turn|2\n|\n|t:|1776434022\n|move|p1b: Aerodactyl|Rock Slide|p2b: Garchomp|[spread] p2a,p2b\n|-resisted|p2a: Sneasler|1\n|-resisted|p2b: Garchomp|1\n|-damage|p2a: Sneasler|78/100\n|-damage|p2b: Garchomp|88/100\n|move|p2b: Garchomp|Rock Slide|p1b: Aerodactyl|[spread] p1a\n|-miss|p2b: Garchomp|p1b: Aerodactyl\n|-supereffective|p1a: Incineroar|1\n|-damage|p1a: Incineroar|69/100\n|cant|p1a: Incineroar|flinch\n|move|p2a: Sneasler|Close Combat|p1b: Aerodactyl\n|-damage|p1b: Aerodactyl|5/100\n|-unboost|p2a: Sneasler|def|1\n|-unboost|p2a: Sneasler|spd|1\n|\n|upkeep\n|turn|3\n|\n|t:|1776434046\n|move|p2a: Sneasler|Feint|p1b: Aerodactyl\n|-resisted|p1b: Aerodactyl|1\n|-damage|p1b: Aerodactyl|0 fnt\n|faint|p1b: Aerodactyl\n|move|p2b: Garchomp|Rock Slide|p1a: Incineroar\n|-supereffective|p1a: Incineroar|1\n|-damage|p1a: Incineroar|39/100\n|-enditem|p1a: Incineroar|Sitrus Berry|[eat]\n|-heal|p1a: Incineroar|63/100|[from] item: Sitrus Berry\n|move|p1a: Incineroar|Parting Shot|p2b: Garchomp\n|-unboost|p2b: Garchomp|atk|1\n|-unboost|p2b: Garchomp|spa|1\n|\n|t:|1776434053\n|switch|p1a: Floette|Floette-Eternal, L50, F|100/100|[from] Parting Shot\n|\n|upkeep\n|\n|t:|1776434056\n|switch|p1b: Garchomp|Garchomp, L50, F|100/100\n|turn|4\n|\n|t:|1776434074\n|switch|p2a: Maushold|Maushold-Four, L50|100/100\n|detailschange|p1a: Floette|Floette-Mega, L50, F\n|-mega|p1a: Floette|Floette|Floettite\n|-ability|p1a: Floette|Fairy Aura\n|move|p1b: Garchomp|Dragon Claw|p2b: Garchomp\n|-supereffective|p2b: Garchomp|1\n|-damage|p2b: Garchomp|25/100\n|-damage|p1b: Garchomp|88/100|[from] ability: Rough Skin|[of] p2b: Garchomp\n|move|p2b: Garchomp|Rock Slide|p1a: Floette|[spread] p1a,p1b\n|-resisted|p1b: Garchomp|1\n|-damage|p1a: Floette|89/100\n|-damage|p1b: Garchomp|84/100\n|cant|p1a: Floette|flinch\n|\n|-sideend|p1: rasb|move: Tailwind\n|upkeep\n|turn|5\n|\n|t:|1776434095\n|move|p2b: Garchomp|Rock Slide|p1b: Garchomp|[spread] p1a,p1b\n|-resisted|p1b: Garchomp|1\n|-damage|p1a: Floette|78/100\n|-damage|p1b: Garchomp|80/100\n|cant|p1b: Garchomp|flinch\n|move|p2a: Maushold|Super Fang|p1a: Floette\n|-damage|p1a: Floette|39/100\n|move|p1a: Floette|Dazzling Gleam|p2b: Garchomp|[spread] p2a,p2b\n|-supereffective|p2b: Garchomp|1\n|-damage|p2a: Maushold|40/100\n|-damage|p2b: Garchomp|0 fnt\n|faint|p2b: Garchomp\n|\n|upkeep\n|inactive|Aram05 has 30 seconds left.\n|\n|t:|1776434122\n|switch|p2b: Charizard|Charizard, L50, M|100/100\n|turn|6\n|\n|t:|1776434131\n|detailschange|p2b: Charizard|Charizard-Mega-Y, L50, M\n|-mega|p2b: Charizard|Charizard|Charizardite Y\n|-weather|SunnyDay|[from] ability: Drought|[of] p2b: Charizard\n|move|p1a: Floette|Protect|p1a: Floette\n|-singleturn|p1a: Floette|Protect\n|move|p2a: Maushold|Follow Me|p2a: Maushold\n|-singleturn|p2a: Maushold|move: Follow Me\n|move|p1b: Garchomp|Dragon Claw|p2a: Maushold\n|-crit|p2a: Maushold\n|-damage|p2a: Maushold|0 fnt\n|faint|p2a: Maushold\n|move|p2b: Charizard|Heat Wave|p1b: Garchomp|[spread] p1b\n|-activate|p1a: Floette|move: Protect\n|-resisted|p1b: Garchomp|1\n|-damage|p1b: Garchomp|50/100\n|\n|-weather|SunnyDay|[upkeep]\n|upkeep\n|\n|t:|1776434143\n|switch|p2a: Sneasler|Sneasler, L50, M|78/100\n|turn|7\n|\n|t:|1776434155\n|switch|p1b: Incineroar|Incineroar, L50, M|63/100\n|-ability|p1b: Incineroar|Intimidate|boost\n|-unboost|p2a: Sneasler|atk|1\n|-unboost|p2b: Charizard|atk|1\n|move|p2a: Sneasler|Fake Out|p1b: Incineroar\n|-damage|p1b: Incineroar|54/100\n|move|p2b: Charizard|Heat Wave|p1a: Floette|[spread] p1a,p1b\n|-resisted|p1b: Incineroar|1\n|-damage|p1a: Floette|0 fnt\n|-damage|p1b: Incineroar|27/100\n|faint|p1a: Floette\n|\n|-weather|SunnyDay|[upkeep]\n|upkeep\n|\n|t:|1776434166\n|switch|p1a: Garchomp|Garchomp, L50, F|50/100\n|turn|8\n|\n|t:|1776434177\n|move|p2b: Charizard|Protect|p2b: Charizard\n|-singleturn|p2b: Charizard|Protect\n|move|p1b: Incineroar|Fake Out|p2a: Sneasler\n|-damage|p2a: Sneasler|58/100\n|move|p1a: Garchomp|Rock Slide|p2b: Charizard|[spread] p2a\n|-activate|p2b: Charizard|move: Protect\n|-resisted|p2a: Sneasler|1\n|-damage|p2a: Sneasler|40/100\n|cant|p2a: Sneasler|flinch\n|\n|-weather|SunnyDay|[upkeep]\n|upkeep\n|turn|9\n|inactive|Aram05 has 30 seconds left.\n|\n|t:|1776434210\n|move|p1a: Garchomp|Rock Slide|p2b: Charizard|[spread] p2a,p2b\n|-resisted|p2a: Sneasler|1\n|-supereffective|p2b: Charizard|2\n|-damage|p2a: Sneasler|22/100\n|-damage|p2b: Charizard|5/100\n|cant|p2a: Sneasler|flinch\n|move|p2b: Charizard|Heat Wave|p1b: Incineroar|[spread] p1a,p1b\n|-resisted|p1a: Garchomp|1\n|-resisted|p1b: Incineroar|1\n|-damage|p1a: Garchomp|15/100\n|-damage|p1b: Incineroar|0 fnt\n|faint|p1b: Incineroar\n|\n|-weather|SunnyDay|[upkeep]\n|upkeep\n|turn|10\n|\n|t:|1776434228\n|move|p2b: Charizard|Protect|p2b: Charizard\n|-singleturn|p2b: Charizard|Protect\n|move|p1a: Garchomp|Rock Slide|p2a: Sneasler|[spread] p2a\n|-activate|p2b: Charizard|move: Protect\n|-resisted|p2a: Sneasler|1\n|-damage|p2a: Sneasler|4/100\n|cant|p2a: Sneasler|flinch\n|\n|-weather|none\n|upkeep\n|turn|11\n|c|\u2606rasb|mb\n|c|\u2606rasb|the rng on this is cookeed\n|\n|t:|1776434248\n|move|p2a: Sneasler|Feint|p1a: Garchomp\n|-damage|p1a: Garchomp|10/100\n|move|p1a: Garchomp|Rock Slide|p2b: Charizard|[spread] p2a,p2b\n|-resisted|p2a: Sneasler|1\n|-supereffective|p2b: Charizard|2\n|-damage|p2a: Sneasler|0 fnt\n|-damage|p2b: Charizard|0 fnt\n|faint|p2a: Sneasler\n|faint|p2b: Charizard\n|\n|win|rasb\n|raw|rasb's rating: 1191 &rarr; <strong>1214</strong><br />(+23 for winning)\n|raw|Aram05's rating: 1170 &rarr; <strong>1147</strong><br />(-23 for losing)\n",
  "uploadtime": 1776434250,
  "views": 23,
  "formatid": "gen9championsvgc2026regma",
  "rating": 1147,
  "private": 0,
  "password": null
}