{
  "id": "gen9championsvgc2026regma-2584316447",
  "format": "[Gen 9 Champions] VGC 2026 Reg M-A",
  "players": [
    "magdalium",
    "silralisk"
  ],
  "log": "|j|\u2606magdalium\n|j|\u2606silralisk\n|t:|1776250488\n|gametype|doubles\n|player|p1|magdalium|bugcatcher-gen4dp|1419\n|player|p2|silralisk|169|1437\n|gen|9\n|tier|[Gen 9 Champions] VGC 2026 Reg M-A\n|rated|\n|rule|Species Clause: Limit one of each Pok\u00e9mon\n|rule|Item Clause: Limit 1 of each item\n|clearpoke\n|poke|p1|Floette-Eternal, L50, F|\n|poke|p1|Incineroar, L50, M|\n|poke|p1|Maushold, L50|\n|poke|p1|Corviknight, L50, M|\n|poke|p1|Dragapult, L50, F|\n|poke|p1|Sneasler, L50, M|\n|poke|p2|Dragonite, L50, F|\n|poke|p2|Sableye, L50, M|\n|poke|p2|Basculegion, L50, M|\n|poke|p2|Sneasler, L50, M|\n|poke|p2|Archaludon, L50, M|\n|poke|p2|Volcarona, L50, M|\n|teampreview|4\n|inactive|Battle timer is ON: inactive players will automatically lose when time's up. (requested by silralisk)\n|inactive|magdalium has 60 seconds left.\n|\n|t:|1776250523\n|teamsize|p1|4\n|teamsize|p2|4\n|start\n|switch|p1a: Incineroar|Incineroar, L50, M|100/100\n|switch|p1b: Floette|Floette-Eternal, L50, F|100/100\n|switch|p2a: Sableye|Sableye, L50, M|100/100\n|switch|p2b: Basculegion|Basculegion, L50, M|100/100\n|-ability|p1a: Incineroar|Intimidate|boost\n|-unboost|p2a: Sableye|atk|1\n|-unboost|p2b: Basculegion|atk|1\n|turn|1\n|\n|t:|1776250535\n|detailschange|p1b: Floette|Floette-Mega, L50, F\n|-mega|p1b: Floette|Floette|Floettite\n|-ability|p1b: Floette|Fairy Aura\n|move|p2a: Sableye|Fake Out|p1b: Floette\n|-damage|p1b: Floette|94/100\n|move|p2b: Basculegion|Flip Turn|p1a: Incineroar\n|-supereffective|p1a: Incineroar|1\n|-damage|p1a: Incineroar|65/100\n|\n|t:|1776250544\n|switch|p2b: Volcarona|Volcarona, L50, M|100/100|[from] Flip Turn\n|cant|p1b: Floette|flinch\n|move|p1a: Incineroar|Throat Chop|p2b: Volcarona\n|-damage|p2b: Volcarona|71/100\n|-start|p2b: Volcarona|Throat Chop|[silent]\n|-immune|p1a: Incineroar\n|\n|upkeep\n|turn|2\n|\n|t:|1776250568\n|move|p2a: Sableye|Rain Dance|p2a: Sableye\n|-weather|RainDance\n|move|p1b: Floette|Draining Kiss|p2a: Sableye\n|-supereffective|p2a: Sableye|1\n|-enditem|p2a: Sableye|Roseli Berry|[eat]\n|-enditem|p2a: Sableye|Roseli Berry|[weaken]\n|-damage|p2a: Sableye|47/100\n|-heal|p1b: Floette|100/100|[from] drain|[of] p2a: Sableye\n|move|p2b: Volcarona|Struggle Bug|p1a: Incineroar|[spread] p1a,p1b\n|-resisted|p1b: Floette|1\n|-damage|p1a: Incineroar|51/100\n|-damage|p1b: Floette|95/100\n|-unboost|p1a: Incineroar|spa|1\n|-unboost|p1b: Floette|spa|1\n|move|p1a: Incineroar|Parting Shot|p2b: Volcarona\n|-unboost|p2b: Volcarona|atk|1\n|-unboost|p2b: Volcarona|spa|1\n|\n|t:|1776250578\n|switch|p1a: Dragapult|Dragapult, L50, F|100/100|[from] Parting Shot\n|\n|-weather|RainDance|[upkeep]\n|-end|p2b: Volcarona|Throat Chop|[silent]\n|upkeep\n|turn|3\n|\n|t:|1776250593\n|move|p2a: Sableye|Will-O-Wisp|p1a: Dragapult\n|-status|p1a: Dragapult|brn\n|-enditem|p1a: Dragapult|Lum Berry|[eat]\n|-curestatus|p1a: Dragapult|brn|[msg]\n|move|p1a: Dragapult|Dragon Darts|p2a: Sableye\n|-damage|p2a: Sableye|15/100\n|-anim|p1a: Dragapult|Dragon Darts|p2b: Volcarona\n|-damage|p2b: Volcarona|47/100\n|-enditem|p2b: Volcarona|Sitrus Berry|[eat]\n|-heal|p2b: Volcarona|72/100|[from] item: Sitrus Berry\n|move|p1b: Floette|Calm Mind|p1b: Floette\n|-boost|p1b: Floette|spa|1\n|-boost|p1b: Floette|spd|1\n|move|p2b: Volcarona|Struggle Bug|p1b: Floette|[spread] p1a,p1b\n|-resisted|p1a: Dragapult|1\n|-resisted|p1b: Floette|1\n|-damage|p1a: Dragapult|93/100\n|-damage|p1b: Floette|93/100\n|-unboost|p1b: Floette|spa|1\n|\n|-weather|RainDance|[upkeep]\n|upkeep\n|turn|4\n|\n|t:|1776250613\n|move|p1a: Dragapult|Protect|p1a: Dragapult\n|-singleturn|p1a: Dragapult|Protect\n|move|p2a: Sableye|Encore|p1b: Floette\n|-start|p1b: Floette|Encore\n|move|p1b: Floette|Calm Mind|p1b: Floette\n|-boost|p1b: Floette|spa|1\n|-boost|p1b: Floette|spd|1\n|move|p2b: Volcarona|Struggle Bug|p1a: Dragapult|[spread] p1b\n|-activate|p1a: Dragapult|move: Protect\n|-resisted|p1b: Floette|1\n|-damage|p1b: Floette|91/100\n|-unboost|p1b: Floette|spa|1\n|\n|-weather|RainDance|[upkeep]\n|upkeep\n|turn|5\n|\n|t:|1776250630\n|switch|p1a: Incineroar|Incineroar, L50, M|51/100\n|-ability|p1a: Incineroar|Intimidate|boost\n|-unboost|p2a: Sableye|atk|1\n|-unboost|p2b: Volcarona|atk|1\n|move|p2a: Sableye|Encore|p1a: Incineroar\n|-hint|Since gen 7, Dark is immune to Prankster moves.\n|-immune|p1a: Incineroar\n|move|p1b: Floette|Calm Mind|p1b: Floette\n|-boost|p1b: Floette|spa|1\n|-boost|p1b: Floette|spd|1\n|move|p2b: Volcarona|Struggle Bug|p1b: Floette|[spread] p1a,p1b\n|-resisted|p1b: Floette|1\n|-damage|p1a: Incineroar|43/100\n|-damage|p1b: Floette|90/100\n|-unboost|p1a: Incineroar|spa|1\n|-unboost|p1b: Floette|spa|1\n|\n|-weather|RainDance|[upkeep]\n|upkeep\n|turn|6\n|\n|t:|1776250649\n|switch|p2a: Basculegion|Basculegion, L50, M|100/100\n|move|p1b: Floette|Calm Mind|p1b: Floette\n|-boost|p1b: Floette|spa|1\n|-boost|p1b: Floette|spd|1\n|move|p2b: Volcarona|Struggle Bug|p1b: Floette|[spread] p1a,p1b\n|-resisted|p1b: Floette|1\n|-damage|p1a: Incineroar|33/100\n|-damage|p1b: Floette|88/100\n|-unboost|p1a: Incineroar|spa|1\n|-unboost|p1b: Floette|spa|1\n|move|p1a: Incineroar|Parting Shot|p2b: Volcarona\n|-unboost|p2b: Volcarona|atk|1\n|-unboost|p2b: Volcarona|spa|1\n|\n|t:|1776250657\n|switch|p1a: Dragapult|Dragapult, L50, F|93/100|[from] Parting Shot\n|\n|-weather|none\n|-end|p1b: Floette|Encore\n|upkeep\n|turn|7\n|inactive|silralisk has 30 seconds left.\n|\n|t:|1776250685\n|move|p1b: Floette|Protect|p1b: Floette\n|-singleturn|p1b: Floette|Protect\n|move|p2a: Basculegion|Flip Turn|p1b: Floette\n|-activate|p1b: Floette|move: Protect\n|move|p1a: Dragapult|Dragon Darts|p2a: Basculegion\n|-crit|p2a: Basculegion\n|-damage|p2a: Basculegion|50/100\n|-anim|p1a: Dragapult|Dragon Darts|p2b: Volcarona\n|-damage|p2b: Volcarona|45/100\n|move|p2b: Volcarona|Struggle Bug|p1b: Floette|[spread] p1a\n|-activate|p1b: Floette|move: Protect\n|-resisted|p1a: Dragapult|1\n|-damage|p1a: Dragapult|88/100\n|\n|upkeep\n|turn|8\n|\n|t:|1776250705\n|move|p2a: Basculegion|Flip Turn|p1b: Floette\n|-damage|p1b: Floette|47/100\n|\n|t:|1776250712\n|switch|p2a: Archaludon|Archaludon, L50, M|100/100|[from] Flip Turn\n|move|p1a: Dragapult|Dragon Darts|p2a: Archaludon\n|-damage|p2a: Archaludon|81/100\n|-anim|p1a: Dragapult|Dragon Darts|p2b: Volcarona\n|-damage|p2b: Volcarona|18/100\n|move|p1b: Floette|Draining Kiss|p2a: Archaludon\n|-damage|p2a: Archaludon|46/100\n|-heal|p1b: Floette|75/100|[from] drain|[of] p2a: Archaludon\n|move|p2b: Volcarona|Struggle Bug|p1a: Dragapult|[spread] p1a,p1b\n|-resisted|p1a: Dragapult|1\n|-resisted|p1b: Floette|1\n|-damage|p1a: Dragapult|83/100\n|-damage|p1b: Floette|73/100\n|-unboost|p1b: Floette|spa|1\n|\n|-heal|p2a: Archaludon|52/100|[from] item: Leftovers\n|upkeep\n|turn|9\n|j| p74\n|\n|t:|1776250733\n|switch|p1a: Maushold|Maushold, L50|100/100\n|move|p1b: Floette|Moonblast|p2a: Archaludon\n|-damage|p2a: Archaludon|4/100\n|move|p2b: Volcarona|Struggle Bug|p1a: Maushold|[spread] p1a,p1b\n|-resisted|p1b: Floette|1\n|-damage|p1a: Maushold|90/100\n|-damage|p1b: Floette|73/100\n|-unboost|p1a: Maushold|spa|1\n|-unboost|p1b: Floette|spa|1\n|move|p2a: Archaludon|Flash Cannon|p1b: Floette\n|-supereffective|p1b: Floette|1\n|-damage|p1b: Floette|59/100\n|\n|-heal|p2a: Archaludon|10/100|[from] item: Leftovers\n|upkeep\n|turn|10\n|\n|t:|1776250759\n|move|p1a: Maushold|Protect|p1a: Maushold\n|-singleturn|p1a: Maushold|Protect\n|move|p1b: Floette|Draining Kiss|p2a: Archaludon\n|-damage|p2a: Archaludon|0 fnt\n|-heal|p1b: Floette|67/100|[from] drain|[of] p2a: Archaludon\n|faint|p2a: Archaludon\n|move|p2b: Volcarona|Struggle Bug|p1a: Maushold|[spread] p1b\n|-activate|p1a: Maushold|move: Protect\n|-resisted|p1b: Floette|1\n|-damage|p1b: Floette|66/100\n|-unboost|p1b: Floette|spa|1\n|\n|upkeep\n|\n|t:|1776250774\n|switch|p2a: Basculegion|Basculegion, L50, M|50/100\n|turn|11\n|\n|t:|1776250791\n|switch|p1b: Incineroar|Incineroar, L50, M|33/100\n|-ability|p1b: Incineroar|Intimidate|boost\n|-unboost|p2a: Basculegion|atk|1\n|-unboost|p2b: Volcarona|atk|1\n|move|p1a: Maushold|Follow Me|p1a: Maushold\n|-singleturn|p1a: Maushold|move: Follow Me\n|move|p2a: Basculegion|Wave Crash|p1a: Maushold\n|-damage|p1a: Maushold|27/100\n|-damage|p2a: Basculegion|32/100|[from] Recoil\n|move|p2b: Volcarona|Struggle Bug|p1a: Maushold|[spread] p1a,p1b\n|-damage|p1a: Maushold|17/100\n|-damage|p1b: Incineroar|28/100\n|-unboost|p1a: Maushold|spa|1\n|-unboost|p1b: Incineroar|spa|1\n|\n|upkeep\n|turn|12\n|\n|t:|1776250808\n|switch|p2a: Sableye|Sableye, L50, M|15/100\n|move|p2b: Volcarona|Protect|p2b: Volcarona\n|-singleturn|p2b: Volcarona|Protect\n|move|p1a: Maushold|Follow Me|p1a: Maushold\n|-singleturn|p1a: Maushold|move: Follow Me\n|move|p1b: Incineroar|Throat Chop|p2a: Sableye\n|-damage|p2a: Sableye|0 fnt\n|faint|p2a: Sableye\n|\n|upkeep\n|\n|t:|1776250822\n|switch|p2a: Basculegion|Basculegion, L50, M|32/100\n|turn|13\n|\n|t:|1776250837\n|move|p1a: Maushold|Follow Me|p1a: Maushold\n|-singleturn|p1a: Maushold|move: Follow Me\n|move|p2a: Basculegion|Wave Crash|p1a: Maushold\n|-damage|p1a: Maushold|0 fnt\n|faint|p1a: Maushold\n|-damage|p2a: Basculegion|27/100|[from] Recoil\n|move|p2b: Volcarona|Fiery Dance|p1b: Incineroar\n|-resisted|p1b: Incineroar|1\n|-damage|p1b: Incineroar|20/100\n|move|p1b: Incineroar|Throat Chop|p2a: Basculegion\n|-supereffective|p2a: Basculegion|1\n|-damage|p2a: Basculegion|0 fnt\n|faint|p2a: Basculegion\n|\n|upkeep\n|\n|t:|1776250841\n|switch|p1a: Dragapult|Dragapult, L50, F|83/100\n|turn|14\n|-message|silralisk forfeited.\n|\n|win|magdalium\n|raw|magdalium's rating: 1419 &rarr; <strong>1440</strong><br />(+21 for winning)\n|raw|silralisk's rating: 1437 &rarr; <strong>1416</strong><br />(-21 for losing)\n|l|\u2606silralisk\n|player|p2|\n",
  "uploadtime": 1776250907,
  "views": 59,
  "formatid": "gen9championsvgc2026regma",
  "rating": 1416,
  "private": 0,
  "password": null
}