{
  "id": "gen9championsvgc2026regma-2580705314",
  "format": "[Gen 9 Champions] VGC 2026 Reg M-A",
  "players": [
    "atfalse",
    "Mace0"
  ],
  "log": "|j|\u2606atfalse\n|j|\u2606Mace0\n|t:|1775925768\n|gametype|doubles\n|player|p1|atfalse|shadowtriad|1198\n|player|p2|Mace0|red-masters3|1283\n|gen|9\n|tier|[Gen 9 Champions] VGC 2026 Reg M-A\n|rated|\n|rule|Species Clause: Limit one of each Pok\u00e9mon\n|rule|Item Clause: Limit 1 of each item\n|clearpoke\n|poke|p1|Maushold, L50|\n|poke|p1|Garchomp, L50, F|\n|poke|p1|Rotom-Wash, L50|\n|poke|p1|Floette-Eternal, L50, F|\n|poke|p1|Talonflame, L50, M|\n|poke|p1|Aegislash, L50, M|\n|poke|p2|Tyranitar, L50, M|\n|poke|p2|Sneasler, L50, M|\n|poke|p2|Sinistcha, L50|\n|poke|p2|Gyarados, L50, M|\n|poke|p2|Aerodactyl, L50, M|\n|poke|p2|Rotom-Heat, L50|\n|teampreview|4\n|inactive|Battle timer is ON: inactive players will automatically lose when time's up. (requested by Mace0)\n|j| gE1xjZRtuhW2DdT0AK\n|inactive|Mace0 has 60 seconds left.\n|inactive|Mace0 has 30 seconds left.\n|\n|t:|1775925866\n|teamsize|p1|4\n|teamsize|p2|4\n|start\n|switch|p1a: Floette|Floette-Eternal, L50, F|100/100\n|switch|p1b: Maushold|Maushold, L50|100/100\n|switch|p2a: Aerodactyl|Aerodactyl, L50, M|100/100\n|switch|p2b: Sneasler|Sneasler, L50, M|100/100\n|-ability|p2a: Aerodactyl|Unnerve\n|turn|1\n|inactive|atfalse has 30 seconds left.\n|inactive|Mace0 has 30 seconds left.\n|inactive|atfalse has 20 seconds left.\n|\n|t:|1775925905\n|detailschange|p1a: Floette|Floette-Mega, L50, F\n|-mega|p1a: Floette|Floette|Floettite\n|-ability|p1a: Floette|Fairy Aura\n|move|p2a: Aerodactyl|Protect|p2a: Aerodactyl\n|-singleturn|p2a: Aerodactyl|Protect\n|move|p1b: Maushold|Follow Me|p1b: Maushold\n|-singleturn|p1b: Maushold|move: Follow Me\n|move|p2b: Sneasler|Coaching|p2a: Aerodactyl\n|-boost|p2a: Aerodactyl|atk|1\n|-boost|p2a: Aerodactyl|def|1\n|move|p1a: Floette|Moonblast|p2b: Sneasler\n|-damage|p2b: Sneasler|0 fnt\n|faint|p2b: Sneasler\n|\n|upkeep\n|\n|t:|1775925917\n|switch|p2b: Tyranitar|Tyranitar, L50, M|100/100\n|-weather|Sandstorm|[from] ability: Sand Stream|[of] p2b: Tyranitar\n|turn|2\n|\n|t:|1775925927\n|detailschange|p2a: Aerodactyl|Aerodactyl-Mega, L50, M\n|-mega|p2a: Aerodactyl|Aerodactyl|Aerodactylite\n|move|p1b: Maushold|Follow Me|p1b: Maushold\n|-singleturn|p1b: Maushold|move: Follow Me\n|move|p2a: Aerodactyl|Rock Slide|p1b: Maushold|[spread] p1a\n|-miss|p2a: Aerodactyl|p1b: Maushold\n|-damage|p1a: Floette|63/100\n|move|p2b: Tyranitar|Rock Slide|p1a: Floette|[spread] p1b\n|-miss|p2b: Tyranitar|p1a: Floette\n|-damage|p1b: Maushold|62/100\n|move|p1a: Floette|Dazzling Gleam|p2a: Aerodactyl|[spread] p2a,p2b\n|-supereffective|p2b: Tyranitar|1\n|-damage|p2a: Aerodactyl|64/100\n|-damage|p2b: Tyranitar|27/100\n|\n|-weather|Sandstorm|[upkeep]\n|-damage|p1b: Maushold|56/100|[from] Sandstorm\n|-damage|p1a: Floette|57/100|[from] Sandstorm\n|upkeep\n|turn|3\n|inactive|atfalse has 30 seconds left.\n|\n|t:|1775925961\n|switch|p1a: Garchomp|Garchomp, L50, F|100/100\n|move|p1b: Maushold|Protect|p1b: Maushold\n|-singleturn|p1b: Maushold|Protect\n|move|p2a: Aerodactyl|Rock Slide|p1a: Garchomp|[spread] p1a\n|-activate|p1b: Maushold|move: Protect\n|-resisted|p1a: Garchomp|1\n|-crit|p1a: Garchomp\n|-damage|p1a: Garchomp|75/100\n|move|p2b: Tyranitar|Rock Slide|p1a: Garchomp|[spread] p1a\n|-activate|p1b: Maushold|move: Protect\n|-resisted|p1a: Garchomp|1\n|-damage|p1a: Garchomp|63/100\n|\n|-weather|Sandstorm|[upkeep]\n|-damage|p1b: Maushold|50/100|[from] Sandstorm\n|upkeep\n|turn|4\n|inactive|atfalse has 30 seconds left.\n|inactive|atfalse has 20 seconds left.\n|inactive|atfalse has 15 seconds left.\n|\n|t:|1775926002\n|switch|p2b: Rotom|Rotom-Heat, L50|100/100\n|move|p2a: Aerodactyl|Tailwind|p2a: Aerodactyl\n|-sidestart|p2: Mace0|move: Tailwind\n|move|p1b: Maushold|Taunt|p2a: Aerodactyl\n|-start|p2a: Aerodactyl|move: Taunt\n|move|p1a: Garchomp|Stomping Tantrum|p2b: Rotom\n|-immune|p2b: Rotom|[from] ability: Levitate\n|\n|-weather|Sandstorm|[upkeep]\n|-damage|p2b: Rotom|95/100|[from] Sandstorm\n|-damage|p1b: Maushold|44/100|[from] Sandstorm\n|upkeep\n|turn|5\n|\n|t:|1775926015\n|move|p2a: Aerodactyl|Rock Slide|p1b: Maushold|[spread] p1b\n|-miss|p2a: Aerodactyl|p1a: Garchomp\n|-damage|p1b: Maushold|0 fnt\n|faint|p1b: Maushold\n|move|p2b: Rotom|Thunderbolt|p1a: Garchomp\n|-immune|p1a: Garchomp\n|move|p1a: Garchomp|Stone Edge|p2a: Aerodactyl\n|-supereffective|p2a: Aerodactyl|1\n|-damage|p2a: Aerodactyl|0 fnt\n|faint|p2a: Aerodactyl\n|\n|-weather|Sandstorm|[upkeep]\n|-damage|p2b: Rotom|89/100|[from] Sandstorm\n|upkeep\n|\n|t:|1775926032\n|switch|p2a: Tyranitar|Tyranitar, L50, M|27/100\n|switch|p1b: Rotom|Rotom-Wash, L50|100/100\n|turn|6\n|-message|Mace0 forfeited.\n|\n|win|atfalse\n|raw|atfalse's rating: 1198 &rarr; <strong>1229</strong><br />(+31 for winning)\n|raw|Mace0's rating: 1283 &rarr; <strong>1252</strong><br />(-31 for losing)\n|l|\u2606Mace0\n|player|p2|\n|l|\u2606atfalse\n|player|p1|\n",
  "uploadtime": 1775926097,
  "views": 51,
  "formatid": "gen9championsvgc2026regma",
  "rating": 1229,
  "private": 0,
  "password": null
}