{
  "id": "gen9championsvgc2026regma-2586175351",
  "format": "[Gen 9 Champions] VGC 2026 Reg M-A",
  "players": [
    "P-Chef",
    "PotassiumV"
  ],
  "log": "|j|\u2606P-Chef\n|j|\u2606PotassiumV\n|t:|1776408579\n|gametype|doubles\n|player|p1|P-Chef|bellelba|1049\n|player|p2|PotassiumV|blue|1000\n|gen|9\n|tier|[Gen 9 Champions] VGC 2026 Reg M-A\n|rated|\n|rule|Species Clause: Limit one of each Pok\u00e9mon\n|rule|Item Clause: Limit 1 of each item\n|clearpoke\n|poke|p1|Scizor, L50, M|\n|poke|p1|Glalie, L50, M|\n|poke|p1|Typhlosion-Hisui, L50, F|\n|poke|p1|Scovillain, L50, M|\n|poke|p1|Gyarados, L50, M|\n|poke|p1|Mr. Rime, L50, F|\n|poke|p2|Ninetales-Alola, L50, F|\n|poke|p2|Incineroar, L50, M|\n|poke|p2|Goodra-Hisui, L50, M|\n|poke|p2|Drampa, L50, M|\n|poke|p2|Maushold, L50|\n|poke|p2|Sinistcha-Masterpiece, L50|\n|teampreview|4\n|inactive|Battle timer is ON: inactive players will automatically lose when time's up. (requested by P-Chef)\nPotassiumV rejected open team sheets.\n|inactive|PotassiumV has 60 seconds left.\n|inactive|PotassiumV has 30 seconds left.\n|\n|t:|1776408642\n|teamsize|p1|4\n|teamsize|p2|4\n|start\n|switch|p1a: Scovillain|Scovillain, L50, M|100/100\n|switch|p1b: Scizor|Scizor, L50, M|100/100\n|switch|p2a: Maushold|Maushold, L50, shiny|100/100\n|switch|p2b: Sinistcha|Sinistcha-Masterpiece, L50, shiny|100/100\n|turn|1\n|inactive|P-Chef has 30 seconds left.\n|inactive|P-Chef has 20 seconds left.\n|\n|t:|1776408680\n|move|p2a: Maushold|Follow Me|p2a: Maushold\n|-singleturn|p2a: Maushold|move: Follow Me\n|move|p1a: Scovillain|Leech Seed|p2a: Maushold\n|-start|p2a: Maushold|move: Leech Seed\n|move|p1b: Scizor|Swords Dance|p1b: Scizor\n|-boost|p1b: Scizor|atk|2\n|move|p2b: Sinistcha|Trick Room|p2b: Sinistcha\n|-fieldstart|move: Trick Room|[of] p2b: Sinistcha\n|\n|-damage|p2a: Maushold|88/100|[from] Leech Seed|[of] p1a: Scovillain\n|-ability|p1a: Scovillain|Moody|boost\n|-boost|p1a: Scovillain|def|2\n|-unboost|p1a: Scovillain|spa|1\n|upkeep\n|turn|2\n|inactive|P-Chef has 30 seconds left.\n|\n|t:|1776408709\n|switch|p2a: Incineroar|Incineroar, L50, M|100/100\n|-ability|p2a: Incineroar|Intimidate|boost\n|-unboost|p1a: Scovillain|atk|1\n|-unboost|p1b: Scizor|atk|1\n|move|p2b: Sinistcha|Strength Sap|p1b: Scizor\n|-unboost|p1b: Scizor|atk|1\n|move|p1b: Scizor|Bug Bite|p2b: Sinistcha\n|-damage|p2b: Sinistcha|56/100\n|move|p1a: Scovillain|Spicy Extract|p1b: Scizor\n|-boost|p1b: Scizor|atk|2\n|-unboost|p1b: Scizor|def|2\n|\n|-ability|p1a: Scovillain|Moody|boost\n|-boost|p1a: Scovillain|spe|2\n|-unboost|p1a: Scovillain|def|1\n|upkeep\n|turn|3\n|inactive|PotassiumV has 30 seconds left.\n|inactive|PotassiumV has 20 seconds left.\n|inactive|PotassiumV has 15 seconds left.\n|inactive|PotassiumV has 10 seconds left.\n|inactive|PotassiumV has 5 seconds left.\n|\n|t:|1776408762\n|move|p2a: Incineroar|Fake Out|p1b: Scizor\n|-resisted|p1b: Scizor|1\n|-damage|p1b: Scizor|91/100\n|move|p1a: Scovillain|Rage Powder|p1a: Scovillain\n|-singleturn|p1a: Scovillain|move: Rage Powder\n|move|p2b: Sinistcha|Strength Sap|p1a: Scovillain\n|-unboost|p1a: Scovillain|atk|1\n|-heal|p2b: Sinistcha|99/100\n|cant|p1b: Scizor|flinch\n|\n|-ability|p1a: Scovillain|Moody|boost\n|-boost|p1a: Scovillain|spd|2\n|-unboost|p1a: Scovillain|spe|1\n|upkeep\n|turn|4\n|inactive|PotassiumV has 30 seconds left.\n|inactive|PotassiumV has 20 seconds left.\n|\n|t:|1776408801\n|switch|p2b: Drampa|Drampa, L50, M|100/100\n|-ability|p2b: Drampa|Cloud Nine\n|move|p1a: Scovillain|Rage Powder|p1a: Scovillain\n|-singleturn|p1a: Scovillain|move: Rage Powder\n|move|p2a: Incineroar|Parting Shot|p1a: Scovillain\n|-unboost|p1a: Scovillain|atk|1\n|-unboost|p1a: Scovillain|spa|1\n|\n|t:|1776408818\n|switch|p2a: Maushold|Maushold, L50, shiny|88/100|[from] Parting Shot\n|move|p1b: Scizor|Baton Pass|p1b: Scizor\n|\n|t:|1776408826\n|switch|p1b: Glalie|Glalie, L50, M|100/100|[from] Baton Pass\n|\n|-ability|p1b: Glalie|Moody|boost\n|-boost|p1b: Glalie|def|2\n|-unboost|p1b: Glalie|spe|1\n|-ability|p1a: Scovillain|Moody|boost\n|-boost|p1a: Scovillain|def|2\n|-unboost|p1a: Scovillain|spd|1\n|upkeep\n|turn|5\n|inactive|P-Chef has 30 seconds left.\n|inactive|PotassiumV has 30 seconds left.\n|inactive|PotassiumV has 20 seconds left.\n|inactive|PotassiumV has 15 seconds left.\n|inactive|PotassiumV has 10 seconds left.\n|\n|t:|1776408874\n|switch|p2a: Incineroar|Incineroar, L50, M|100/100\n|-ability|p2a: Incineroar|Intimidate|boost\n|-unboost|p1a: Scovillain|atk|1\n|-unboost|p1b: Glalie|atk|1\n|detailschange|p2b: Drampa|Drampa-Mega, L50, M\n|-mega|p2b: Drampa|Drampa|Drampanite\n|detailschange|p1b: Glalie|Glalie-Mega, L50, M\n|-mega|p1b: Glalie|Glalie|Glalitite\n|move|p2b: Drampa|Hyper Voice|p1a: Scovillain|[spread] p1a,p1b\n|-damage|p1a: Scovillain|55/100\n|-damage|p1b: Glalie|41/100\n|move|p1b: Glalie|Explosion|p2b: Drampa|[spread] p1a,p2a,p2b\n|-resisted|p2a: Incineroar|1\n|-supereffective|p2b: Drampa|1\n|-damage|p1a: Scovillain|0 fnt\n|-damage|p2a: Incineroar|14/100\n|-damage|p2b: Drampa|0 fnt\n|-enditem|p2a: Incineroar|Sitrus Berry|[eat]\n|-heal|p2a: Incineroar|39/100|[from] item: Sitrus Berry\n|faint|p1b: Glalie\n|faint|p1a: Scovillain\n|faint|p2b: Drampa\n|\n|-fieldend|move: Trick Room\n|upkeep\n|\n|t:|1776408898\n|switch|p1b: Typhlosion|Typhlosion-Hisui, L50, F|100/100\n|switch|p1a: Scizor|Scizor, L50, M|91/100\n|switch|p2b: Sinistcha|Sinistcha-Masterpiece, L50, shiny|99/100\n|-heal|p2a: Incineroar|64/100|[from] ability: Hospitality|[of] p2b: Sinistcha\n|turn|6\n|inactive|PotassiumV has 30 seconds left.\n|inactive|PotassiumV has 20 seconds left.\n|inactive|PotassiumV has 15 seconds left.\n|\n|t:|1776408939\n|switch|p2b: Maushold|Maushold, L50, shiny|88/100\n|move|p1b: Typhlosion|Eruption|p2a: Incineroar|[spread] p2a,p2b\n|-resisted|p2a: Incineroar|1\n|-damage|p2a: Incineroar|49/100\n|-damage|p2b: Maushold|18/100\n|move|p1a: Scizor|Bug Bite|p2a: Incineroar\n|-damage|p2a: Incineroar|20/100\n|move|p2a: Incineroar|Parting Shot|p1b: Typhlosion\n|-unboost|p1b: Typhlosion|atk|1\n|-unboost|p1b: Typhlosion|spa|1\n|\n|t:|1776408951\n|switch|p2a: Sinistcha|Sinistcha-Masterpiece, L50, shiny|99/100|[from] Parting Shot\n|-heal|p2b: Maushold|43/100|[from] ability: Hospitality|[of] p2a: Sinistcha\n|\n|upkeep\n|turn|7\n|inactive|P-Chef has 30 seconds left.\n|inactive|PotassiumV has 30 seconds left.\n|\n|t:|1776408986\n|move|p1a: Scizor|Bullet Punch|p2b: Maushold\n|-damage|p2b: Maushold|1/100\n|move|p1b: Typhlosion|Eruption|p2b: Maushold|[spread] p2a,p2b\n|-supereffective|p2a: Sinistcha|1\n|-damage|p2a: Sinistcha|48/100\n|-damage|p2b: Maushold|0 fnt\n|faint|p2b: Maushold\n|move|p2a: Sinistcha|Trick Room|p2a: Sinistcha\n|-fieldstart|move: Trick Room|[of] p2a: Sinistcha\n|\n|upkeep\n|\n|t:|1776408994\n|switch|p2b: Incineroar|Incineroar, L50, M|20/100\n|-ability|p2b: Incineroar|Intimidate|boost\n|-unboost|p1a: Scizor|atk|1\n|-unboost|p1b: Typhlosion|atk|1\n|turn|8\n|inactive|PotassiumV has 30 seconds left.\n|inactive|PotassiumV has 20 seconds left.\n|inactive|PotassiumV has 15 seconds left.\n|inactive|PotassiumV has 10 seconds left.\n|inactive|PotassiumV has 5 seconds left.\n|\n|t:|1776409048\n|move|p2b: Incineroar|Fake Out|p1a: Scizor\n|-resisted|p1a: Scizor|1\n|-damage|p1a: Scizor|86/100\n|cant|p1a: Scizor|flinch\n|move|p2a: Sinistcha|Strength Sap|p1a: Scizor\n|-unboost|p1a: Scizor|atk|1\n|-heal|p2a: Sinistcha|100/100\n|move|p1b: Typhlosion|Eruption|p2b: Incineroar|[spread] p2a,p2b\n|-supereffective|p2a: Sinistcha|1\n|-resisted|p2b: Incineroar|1\n|-damage|p2a: Sinistcha|33/100\n|-damage|p2b: Incineroar|6/100\n|\n|upkeep\n|turn|9\n|\n|t:|1776409066\n|move|p1a: Scizor|Bullet Punch|p2b: Incineroar\n|-resisted|p2b: Incineroar|1\n|-damage|p2b: Incineroar|0 fnt\n|faint|p2b: Incineroar\n|move|p2a: Sinistcha|Strength Sap|p1a: Scizor\n|-unboost|p1a: Scizor|atk|1\n|-heal|p2a: Sinistcha|84/100\n|move|p1b: Typhlosion|Eruption|p2a: Sinistcha\n|-supereffective|p2a: Sinistcha|1\n|-damage|p2a: Sinistcha|0 fnt\n|faint|p2a: Sinistcha\n|\n|win|P-Chef\n|raw|P-Chef's rating: 1049 &rarr; <strong>1077</strong><br />(+28 for winning)\n|raw|PotassiumV's rating: 1000 &rarr; <strong>1000</strong><br />(+0 for losing)\n|l|\u2606PotassiumV\n|player|p2|\n",
  "uploadtime": 1776409081,
  "views": 20,
  "formatid": "gen9championsvgc2026regma",
  "rating": 1000,
  "private": 0,
  "password": null
}