{
  "id": "gen9championsvgc2026regma-2581661164",
  "format": "[Gen 9 Champions] VGC 2026 Reg M-A",
  "players": [
    "Mr.X&Y97",
    "DRX34"
  ],
  "log": "|j|\u2606Mr.X&Y97\n|j|\u2606DRX34\n|t:|1776018780\n|gametype|doubles\n|player|p1|Mr.X&Y97|ingo|1089\n|player|p2|DRX34|ruinmaniac|1091\n|gen|9\n|tier|[Gen 9 Champions] VGC 2026 Reg M-A\n|rated|\n|rule|Species Clause: Limit one of each Pok\u00e9mon\n|rule|Item Clause: Limit 1 of each item\n|clearpoke\n|poke|p1|Slowking, L50, F|\n|poke|p1|Incineroar, L50, M|\n|poke|p1|Crabominable, L50, F|\n|poke|p1|Hatterene, L50, F|\n|poke|p1|Tsareena, L50, F|\n|poke|p1|Tyranitar, L50, M|\n|poke|p2|Scovillain, L50, M|\n|poke|p2|Goodra-Hisui, L50, M|\n|poke|p2|Toxicroak, L50, F|\n|poke|p2|Rotom-Heat, L50|\n|poke|p2|Slowbro, L50, M|\n|poke|p2|Alcremie, L50, F|\n|teampreview|4\n|inactive|Battle timer is ON: inactive players will automatically lose when time's up. (requested by Mr.X&Y97)\n|inactive|Mr.X&Y97 has 60 seconds left.\n|inactive|DRX34 has 60 seconds left.\nMr.X&Y97 rejected open team sheets.\n|inactive|DRX34 has 30 seconds left.\n|inactive|DRX34 has 20 seconds left.\n|inactive|DRX34 has 15 seconds left.\n|\n|t:|1776018857\n|teamsize|p1|4\n|teamsize|p2|4\n|start\n|switch|p1a: Tyranitar|Tyranitar, L50, M|100/100\n|switch|p1b: Crabominable|Crabominable, L50, F|100/100\n|switch|p2a: Goodra|Goodra-Hisui, L50, M|100/100\n|switch|p2b: Toxicroak|Toxicroak, L50, F|100/100\n|-ability|p1a: Tyranitar|Unnerve\n|turn|1\n|\n|t:|1776018873\n|detailschange|p1b: Crabominable|Crabominable-Mega, L50, F\n|-mega|p1b: Crabominable|Crabominable|Crabominite\n|move|p1a: Tyranitar|Protect|p1a: Tyranitar\n|-singleturn|p1a: Tyranitar|Protect\n|move|p1b: Crabominable|Protect|p1b: Crabominable\n|-singleturn|p1b: Crabominable|Protect\n|move|p2b: Toxicroak|Close Combat|p1a: Tyranitar\n|-activate|p1a: Tyranitar|move: Protect\n|move|p2a: Goodra|Dragon Tail|p1b: Crabominable\n|-activate|p1b: Crabominable|move: Protect\n|\n|upkeep\n|turn|2\n|\n|t:|1776018891\n|move|p2a: Goodra|Protect|p2a: Goodra\n|-singleturn|p2a: Goodra|Protect\n|move|p2b: Toxicroak|Close Combat|p1a: Tyranitar\n|-supereffective|p1a: Tyranitar|2\n|-enditem|p1a: Tyranitar|Focus Sash\n|-damage|p1a: Tyranitar|1/100\n|-unboost|p2b: Toxicroak|def|1\n|-unboost|p2b: Toxicroak|spd|1\n|move|p1a: Tyranitar|Low Kick|p2a: Goodra\n|-activate|p2a: Goodra|move: Protect\n|move|p1b: Crabominable|Ice Hammer|p2b: Toxicroak\n|-damage|p2b: Toxicroak|0 fnt\n|-unboost|p1b: Crabominable|spe|1\n|faint|p2b: Toxicroak\n|\n|upkeep\n|\n|t:|1776018907\n|switch|p2b: Rotom|Rotom-Heat, L50|100/100\n|turn|3\n|\n|t:|1776018916\n|switch|p1a: Incineroar|Incineroar, L50, M|100/100\n|-ability|p1a: Incineroar|Intimidate|boost\n|-unboost|p2a: Goodra|atk|1\n|-unboost|p2b: Rotom|atk|1\n|switch|p1b: Hatterene|Hatterene, L50, F|100/100\n|move|p2b: Rotom|Overheat|p1b: Hatterene\n|-damage|p1b: Hatterene|40/100\n|-unboost|p2b: Rotom|spa|2\n|move|p2a: Goodra|Heavy Slam|p1a: Incineroar\n|-resisted|p1a: Incineroar|1\n|-damage|p1a: Incineroar|86/100\n|\n|upkeep\n|turn|4\n|\n|t:|1776018931\n|move|p2a: Goodra|Protect|p2a: Goodra\n|-singleturn|p2a: Goodra|Protect\n|move|p1a: Incineroar|Fake Out|p2a: Goodra\n|-activate|p2a: Goodra|move: Protect\n|move|p2b: Rotom|Overheat|p1b: Hatterene\n|-damage|p1b: Hatterene|11/100\n|-unboost|p2b: Rotom|spa|2\n|move|p1b: Hatterene|Trick Room|p1b: Hatterene\n|-fieldstart|move: Trick Room|[of] p1b: Hatterene\n|\n|upkeep\n|turn|5\n|\n|t:|1776018954\n|switch|p2b: Alcremie|Alcremie, L50, F|100/100\n|move|p1b: Hatterene|Psychic|p2b: Alcremie\n|-damage|p2b: Alcremie|51/100\n|move|p1a: Incineroar|Flare Blitz|p2a: Goodra\n|-damage|p2a: Goodra|40/100\n|-damage|p1a: Incineroar|67/100|[from] Recoil\n|move|p2a: Goodra|Dragon Tail|p1a: Incineroar\n|-damage|p1a: Incineroar|50/100\n|-enditem|p1a: Incineroar|Sitrus Berry|[eat]\n|-heal|p1a: Incineroar|75/100|[from] item: Sitrus Berry\n|drag|p1a: Crabominable|Crabominable-Mega, L50, F|100/100\n|\n|-heal|p2a: Goodra|45/100|[from] item: Leftovers\n|upkeep\n|turn|6\n|\n|t:|1776018977\n|move|p2a: Goodra|Protect|p2a: Goodra\n|-singleturn|p2a: Goodra|Protect\n|move|p1b: Hatterene|Dazzling Gleam|p2b: Alcremie|[spread] p2b\n|-activate|p2a: Goodra|move: Protect\n|-damage|p2b: Alcremie|16/100\n|move|p1a: Crabominable|Ice Hammer|p2b: Alcremie|[miss]\n|-miss|p1a: Crabominable|p2b: Alcremie\n|move|p2b: Alcremie|Draining Kiss|p1a: Crabominable\n|-supereffective|p1a: Crabominable|1\n|-damage|p1a: Crabominable|65/100\n|-heal|p2b: Alcremie|48/100|[from] drain|[of] p1a: Crabominable\n|\n|-heal|p2a: Goodra|51/100|[from] item: Leftovers\n|upkeep\n|turn|7\n|\n|t:|1776018999\n|move|p1b: Hatterene|Psychic|p2b: Alcremie\n|-damage|p2b: Alcremie|0 fnt\n|faint|p2b: Alcremie\n|move|p1a: Crabominable|Ice Hammer|p2a: Goodra\n|-damage|p2a: Goodra|0 fnt\n|-unboost|p1a: Crabominable|spe|1\n|faint|p2a: Goodra\n|\n|upkeep\n|inactive|DRX34 has 30 seconds left.\n|\n|t:|1776019024\n|switch|p2b: Rotom|Rotom-Heat, L50|100/100\n|turn|8\n|\n|t:|1776019030\n|move|p1a: Crabominable|Close Combat|p2b: Rotom\n|-damage|p2b: Rotom|22/100\n|-unboost|p1a: Crabominable|def|1\n|-unboost|p1a: Crabominable|spd|1\n|move|p1b: Hatterene|Psychic|p2b: Rotom\n|-damage|p2b: Rotom|0 fnt\n|faint|p2b: Rotom\n|\n|win|Mr.X&Y97\n|raw|Mr.X&amp;Y97's rating: 1089 &rarr; <strong>1116</strong><br />(+27 for winning)\n|raw|DRX34's rating: 1091 &rarr; <strong>1067</strong><br />(-24 for losing)\n",
  "uploadtime": 1776019044,
  "views": 17,
  "formatid": "gen9championsvgc2026regma",
  "rating": 1067,
  "private": 0,
  "password": null
}