{
  "id": "gen9championsvgc2026regma-2581874588",
  "format": "[Gen 9 Champions] VGC 2026 Reg M-A",
  "players": [
    "mmesmerizer",
    "StrikerMohamud"
  ],
  "log": "|j|\u2606mmesmerizer\n|j|\u2606StrikerMohamud\n|t:|1776035722\n|gametype|doubles\n|player|p1|mmesmerizer|n|1202\n|player|p2|StrikerMohamud|unknown|1152\n|gen|9\n|tier|[Gen 9 Champions] VGC 2026 Reg M-A\n|rated|\n|rule|Species Clause: Limit one of each Pok\u00e9mon\n|rule|Item Clause: Limit 1 of each item\n|clearpoke\n|poke|p1|Excadrill, L50, F|\n|poke|p1|Aerodactyl, L50, M|\n|poke|p1|Sinistcha, L50|\n|poke|p1|Sneasler, L50, M|\n|poke|p1|Incineroar, L50, M|\n|poke|p1|Milotic, L50, F|\n|poke|p2|Kangaskhan, L50, F|\n|poke|p2|Incineroar, L50, F|\n|poke|p2|Azumarill, L50, F|\n|poke|p2|Froslass, L50, F|\n|poke|p2|Garchomp, L50, M|\n|poke|p2|Talonflame, L50, F|\n|teampreview|4\n|inactive|Battle timer is ON: inactive players will automatically lose when time's up. (requested by mmesmerizer)\n|\n|t:|1776035748\n|teamsize|p1|4\n|teamsize|p2|4\n|start\n|switch|p1a: Milotic|Milotic, L50, F, shiny|100/100\n|switch|p1b: Aerodactyl|Aerodactyl, L50, M|100/100\n|switch|p2a: Kangaskhan|Kangaskhan, L50, F|100/100\n|switch|p2b: Azumarill|Azumarill, L50, F, shiny|100/100\n|-ability|p1b: Aerodactyl|Pressure\n|turn|1\n|\n|t:|1776035755\n|move|p2a: Kangaskhan|Fake Out|p1a: Milotic\n|-damage|p1a: Milotic|83/100\n|move|p1b: Aerodactyl|Tailwind|p1b: Aerodactyl\n|-sidestart|p1: mmesmerizer|move: Tailwind\n|cant|p1a: Milotic|flinch\n|move|p2b: Azumarill|Belly Drum|p2b: Azumarill\n|-damage|p2b: Azumarill|50/100\n|-setboost|p2b: Azumarill|atk|6|[from] move: Belly Drum\n|-enditem|p2b: Azumarill|Sitrus Berry|[eat]\n|-heal|p2b: Azumarill|75/100|[from] item: Sitrus Berry\n|\n|-heal|p1a: Milotic|89/100|[from] item: Leftovers\n|upkeep\n|turn|2\n|\n|t:|1776035766\n|detailschange|p2a: Kangaskhan|Kangaskhan-Mega, L50, F\n|-mega|p2a: Kangaskhan|Kangaskhan|Kangaskhanite\n|move|p1b: Aerodactyl|Protect|p1b: Aerodactyl\n|-singleturn|p1b: Aerodactyl|Protect\n|move|p2b: Azumarill|Protect|p2b: Azumarill\n|-singleturn|p2b: Azumarill|Protect\n|move|p1a: Milotic|Scald|p2b: Azumarill\n|-activate|p2b: Azumarill|move: Protect\n|move|p2a: Kangaskhan|Double-Edge|p1a: Milotic\n|-damage|p1a: Milotic|29/100\n|-damage|p1a: Milotic|12/100\n|-hitcount|p1a: Milotic|2\n|-damage|p2a: Kangaskhan|74/100|[from] Recoil\n|\n|-heal|p1a: Milotic|18/100|[from] item: Leftovers\n|upkeep\n|turn|3\n|\n|t:|1776035782\n|move|p2a: Kangaskhan|Sucker Punch|p1a: Milotic\n|-damage|p1a: Milotic|0 fnt\n|faint|p1a: Milotic\n|-hitcount|p1: Milotic|1\n|move|p2b: Azumarill|Aqua Jet|p1b: Aerodactyl\n|-supereffective|p1b: Aerodactyl|1\n|-enditem|p1b: Aerodactyl|Focus Sash\n|-damage|p1b: Aerodactyl|1/100\n|move|p1b: Aerodactyl|Rock Slide|p2a: Kangaskhan|[spread] p2a,p2b\n|-damage|p2a: Kangaskhan|52/100\n|-damage|p2b: Azumarill|48/100\n|\n|upkeep\n|inactive|mmesmerizer has 30 seconds left.\n|inactive|mmesmerizer has 20 seconds left.\n|inactive|mmesmerizer has 15 seconds left.\n|inactive|mmesmerizer has 10 seconds left.\n|\n|t:|1776035831\n|switch|p1a: Excadrill|Excadrill, L50, F, shiny|100/100\n|-ability|p1a: Excadrill|Mold Breaker\n|turn|4\n|\n|t:|1776035839\n|detailschange|p1a: Excadrill|Excadrill-Mega, L50, F, shiny\n|-mega|p1a: Excadrill|Excadrill|Excadrite\n|move|p2a: Kangaskhan|Sucker Punch|p1b: Aerodactyl\n|-damage|p1b: Aerodactyl|0 fnt\n|faint|p1b: Aerodactyl\n|-hitcount|p1: Aerodactyl|1\n|move|p2b: Azumarill|Aqua Jet|p1a: Excadrill\n|-supereffective|p1a: Excadrill|1\n|-damage|p1a: Excadrill|0 fnt\n|faint|p1a: Excadrill\n|\n|-sideend|p1: mmesmerizer|move: Tailwind\n|upkeep\n|\n|t:|1776035845\n|switch|p1b: Incineroar|Incineroar, L50, M, shiny|100/100\n|-ability|p1b: Incineroar|Intimidate|boost\n|-unboost|p2a: Kangaskhan|atk|1\n|-unboost|p2b: Azumarill|atk|1\n|turn|5\n|\n|t:|1776035857\n|move|p2b: Azumarill|Protect|p2b: Azumarill\n|-singleturn|p2b: Azumarill|Protect\n|move|p1b: Incineroar|Fake Out|p2b: Azumarill\n|-activate|p2b: Azumarill|move: Protect\n|move|p2a: Kangaskhan|Low Kick|p1b: Incineroar\n|-supereffective|p1b: Incineroar|1\n|-damage|p1b: Incineroar|68/100\n|-supereffective|p1b: Incineroar|1\n|-damage|p1b: Incineroar|60/100\n|-hitcount|p1b: Incineroar|2\n|\n|upkeep\n|turn|6\n|-message|mmesmerizer forfeited.\n|\n|win|StrikerMohamud\n|raw|mmesmerizer's rating: 1202 &rarr; <strong>1173</strong><br />(-29 for losing)\n|raw|StrikerMohamud's rating: 1152 &rarr; <strong>1181</strong><br />(+29 for winning)\n|l|\u2606mmesmerizer\n|player|p1|\n",
  "uploadtime": 1776035725,
  "views": 14,
  "formatid": "gen9championsvgc2026regma",
  "rating": 1173,
  "private": 0,
  "password": null
}