{
  "id": "gen9championsvgc2026regma-2584549173",
  "format": "[Gen 9 Champions] VGC 2026 Reg M-A",
  "players": [
    "uuuop0",
    "Gatorl0ver"
  ],
  "log": "|j|\u2606uuuop0\n|j|\u2606Gatorl0ver\n|t:|1776268081\n|gametype|doubles\n|player|p1|uuuop0|102|1303\n|player|p2|Gatorl0ver|1|1279\n|gen|9\n|tier|[Gen 9 Champions] VGC 2026 Reg M-A\n|rated|\n|rule|Species Clause: Limit one of each Pok\u00e9mon\n|rule|Item Clause: Limit 1 of each item\n|clearpoke\n|poke|p1|Kangaskhan, L50, F|\n|poke|p1|Aegislash, L50, M|\n|poke|p1|Incineroar, L50, M|\n|poke|p1|Sinistcha, L50|\n|poke|p1|Tyranitar, L50, M|\n|poke|p1|Corviknight, L50, F|\n|poke|p2|Feraligatr, L50, F|\n|poke|p2|Ninetales-Alola, L50, F|\n|poke|p2|Incineroar, L50, F|\n|poke|p2|Sinistcha, L50|\n|poke|p2|Sneasler, L50, F|\n|poke|p2|Corviknight, L50, M|\n|teampreview|4\nGatorl0ver has agreed to open team sheets.\n|\n|t:|1776268103\n|teamsize|p1|4\n|teamsize|p2|4\n|start\n|switch|p1a: Kangaskhan|Kangaskhan, L50, F|100/100\n|switch|p1b: Corviknight|Corviknight, L50, F|100/100\n|switch|p2a: Sneasler|Sneasler, L50, F|100/100\n|switch|p2b: Feraligatr|Feraligatr, L50, F|100/100\n|turn|1\n|\n|t:|1776268144\n|detailschange|p2b: Feraligatr|Feraligatr-Mega, L50, F\n|-mega|p2b: Feraligatr|Feraligatr|Feraligite\n|detailschange|p1a: Kangaskhan|Kangaskhan-Mega, L50, F\n|-mega|p1a: Kangaskhan|Kangaskhan|Kangaskhanite\n|move|p1a: Kangaskhan|Fake Out|p2a: Sneasler\n|-damage|p2a: Sneasler|66/100\n|-damage|p2a: Sneasler|57/100\n|-hitcount|p2a: Sneasler|2\n|cant|p2a: Sneasler|flinch\n|move|p2b: Feraligatr|Dragon Dance|p2b: Feraligatr\n|-boost|p2b: Feraligatr|atk|1\n|-boost|p2b: Feraligatr|spe|1\n|move|p1b: Corviknight|Tailwind|p1b: Corviknight\n|-sidestart|p1: uuuop0|move: Tailwind\n|\n|upkeep\n|turn|2\n|\n|t:|1776268167\n|switch|p2a: Ninetales|Ninetales-Alola, L50, F|100/100\n|-weather|Snowscape|[from] ability: Snow Warning|[of] p2a: Ninetales\n|move|p1a: Kangaskhan|Double-Edge|p2b: Feraligatr\n|-damage|p2b: Feraligatr|44/100\n|-damage|p2b: Feraligatr|31/100\n|-hitcount|p2b: Feraligatr|2\n|-damage|p1a: Kangaskhan|83/100|[from] Recoil\n|move|p1b: Corviknight|Brave Bird|p2a: Ninetales\n|-damage|p2a: Ninetales|54/100\n|-damage|p1b: Corviknight|88/100|[from] Recoil\n|move|p2b: Feraligatr|Body Slam|p1a: Kangaskhan\n|-damage|p1a: Kangaskhan|1/100\n|\n|-weather|Snowscape|[upkeep]\n|upkeep\n|turn|3\n|\n|t:|1776268213\n|switch|p2a: Sinistcha|Sinistcha, L50|100/100\n|-heal|p2b: Feraligatr|56/100|[from] ability: Hospitality|[of] p2a: Sinistcha\n|move|p2b: Feraligatr|Protect|p2b: Feraligatr\n|-singleturn|p2b: Feraligatr|Protect\n|move|p1a: Kangaskhan|Double-Edge|p2a: Sinistcha\n|-immune|p2a: Sinistcha\n|move|p1b: Corviknight|Brave Bird|p2a: Sinistcha\n|-supereffective|p2a: Sinistcha|1\n|-damage|p2a: Sinistcha|25/100\n|-damage|p1b: Corviknight|65/100|[from] Recoil\n|\n|-weather|Snowscape|[upkeep]\n|-heal|p2a: Sinistcha|31/100|[from] item: Leftovers\n|upkeep\n|turn|4\n|\n|t:|1776268237\n|switch|p1a: Incineroar|Incineroar, L50, M|100/100\n|-ability|p1a: Incineroar|Intimidate|boost\n|-unboost|p2a: Sinistcha|atk|1\n|-unboost|p2b: Feraligatr|atk|1\n|move|p2a: Sinistcha|Rage Powder|p2a: Sinistcha\n|-singleturn|p2a: Sinistcha|move: Rage Powder\n|move|p1b: Corviknight|Brave Bird|p2a: Sinistcha\n|-supereffective|p2a: Sinistcha|1\n|-crit|p2a: Sinistcha\n|-damage|p2a: Sinistcha|0 fnt\n|faint|p2a: Sinistcha\n|-damage|p1b: Corviknight|56/100|[from] Recoil\n|move|p2b: Feraligatr|Dragon Dance|p2b: Feraligatr\n|-boost|p2b: Feraligatr|atk|1\n|-boost|p2b: Feraligatr|spe|1\n|\n|-weather|Snowscape|[upkeep]\n|-sideend|p1: uuuop0|move: Tailwind\n|upkeep\n|\n|t:|1776268242\n|switch|p2a: Sneasler|Sneasler, L50, F|57/100\n|turn|5\n|\n|t:|1776268283\n|move|p2a: Sneasler|Fake Out|p1a: Incineroar\n|-damage|p1a: Incineroar|90/100\n|cant|p1a: Incineroar|flinch\n|move|p2b: Feraligatr|Liquidation|p1b: Corviknight\n|-damage|p1b: Corviknight|0 fnt\n|faint|p1b: Corviknight\n|\n|-weather|Snowscape|[upkeep]\n|upkeep\n|\n|t:|1776268288\n|switch|p1b: Aegislash|Aegislash, L50, M|100/100\n|turn|6\n|\n|t:|1776268299\n|move|p2b: Feraligatr|Liquidation|p1b: Aegislash\n|-damage|p1b: Aegislash|29/100\n|move|p2a: Sneasler|Close Combat|p1a: Incineroar\n|-supereffective|p1a: Incineroar|1\n|-damage|p1a: Incineroar|0 fnt\n|-unboost|p2a: Sneasler|def|1\n|-unboost|p2a: Sneasler|spd|1\n|faint|p1a: Incineroar\n|-enditem|p2a: Sneasler|White Herb\n|-clearnegativeboost|p2a: Sneasler|[silent]\n|-formechange|p1b: Aegislash|Aegislash-Blade|\n|move|p1b: Aegislash|Poltergeist|p2b: Feraligatr\n|-activate|p2b: Feraligatr|move: Poltergeist|Feraligite\n|-damage|p2b: Feraligatr|0 fnt\n|faint|p2b: Feraligatr\n|\n|-weather|none\n|upkeep\n|\n|t:|1776268307\n|switch|p2b: Ninetales|Ninetales-Alola, L50, F|54/100\n|switch|p1a: Kangaskhan|Kangaskhan-Mega, L50, F|1/100\n|-weather|Snowscape|[from] ability: Snow Warning|[of] p2b: Ninetales\n|turn|7\n|\n|t:|1776268326\n|move|p2b: Ninetales|Protect|p2b: Ninetales\n|-singleturn|p2b: Ninetales|Protect\n|move|p1a: Kangaskhan|Fake Out|p2b: Ninetales\n|-activate|p2b: Ninetales|move: Protect\n|move|p2a: Sneasler|Dire Claw|p1a: Kangaskhan\n|-damage|p1a: Kangaskhan|0 fnt\n|faint|p1a: Kangaskhan\n|move|p1b: Aegislash|Poltergeist||[still]\n|-fail|p1b: Aegislash\n|\n|-weather|Snowscape|[upkeep]\n|upkeep\n|turn|8\n|\n|t:|1776268338\n|move|p2a: Sneasler|Coaching|p2b: Ninetales\n|-boost|p2b: Ninetales|atk|1\n|-boost|p2b: Ninetales|def|1\n|move|p2b: Ninetales|Blizzard|p1b: Aegislash\n|-resisted|p1b: Aegislash|1\n|-damage|p1b: Aegislash|0 fnt\n|faint|p1b: Aegislash\n|\n|win|Gatorl0ver\n|raw|uuuop0's rating: 1303 &rarr; <strong>1282</strong><br />(-21 for losing)\n|raw|Gatorl0ver's rating: 1279 &rarr; <strong>1306</strong><br />(+27 for winning)\n",
  "uploadtime": 1776268341,
  "views": 29,
  "formatid": "gen9championsvgc2026regma",
  "rating": 1282,
  "private": 0,
  "password": null
}