{
  "id": "gen9championsvgc2026regma-2585713019",
  "format": "[Gen 9 Champions] VGC 2026 Reg M-A",
  "players": [
    "Snipe Mastery",
    "PixelUranus"
  ],
  "log": "|j|\u2606Snipe Mastery\n|j|\u2606PixelUranus\n|t:|1776365459\n|gametype|doubles\n|player|p1|Snipe Mastery|265|1137\n|player|p2|PixelUranus|steven|1212\n|gen|9\n|tier|[Gen 9 Champions] VGC 2026 Reg M-A\n|rated|\n|rule|Species Clause: Limit one of each Pok\u00e9mon\n|rule|Item Clause: Limit 1 of each item\n|clearpoke\n|poke|p1|Volcarona, L50, M|\n|poke|p1|Gardevoir, L50, F|\n|poke|p1|Incineroar, L50, F|\n|poke|p1|Archaludon, L50, M|\n|poke|p1|Sneasler, L50, M|\n|poke|p1|Aerodactyl, L50, M|\n|poke|p2|Drampa, L50, M|\n|poke|p2|Farigiraf, L50, F|\n|poke|p2|Hatterene, L50, F|\n|poke|p2|Kingambit, L50, F|\n|poke|p2|Basculegion, L50, M|\n|poke|p2|Conkeldurr, L50, F|\n|teampreview|4\n|inactive|Battle timer is ON: inactive players will automatically lose when time's up. (requested by PixelUranus)\n|inactive|Snipe Mastery has 60 seconds left.\n|inactive|Snipe Mastery has 30 seconds left.\n|inactive|Snipe Mastery has 20 seconds left.\n|inactive|Snipe Mastery has 15 seconds left.\n|\n|t:|1776365543\n|teamsize|p1|4\n|teamsize|p2|4\n|start\n|switch|p1a: Sneasler|Sneasler, L50, M|100/100\n|switch|p1b: Volcarona|Volcarona, L50, M|100/100\n|switch|p2a: Kingambit|Kingambit, L50, F|100/100\n|switch|p2b: Farigiraf|Farigiraf, L50, F|100/100\n|turn|1\n|inactive|Snipe Mastery has 30 seconds left.\n|inactive|PixelUranus has 30 seconds left.\n|inactive|PixelUranus has 20 seconds left.\n|\n|t:|1776365579\n|switch|p2b: Basculegion|Basculegion, L50, M|100/100\n|move|p2a: Kingambit|Protect|p2a: Kingambit\n|-singleturn|p2a: Kingambit|Protect\n|move|p1a: Sneasler|Close Combat|p2b: Basculegion\n|-immune|p2b: Basculegion\n|move|p1b: Volcarona|Fiery Dance|p2b: Basculegion\n|-resisted|p2b: Basculegion|1\n|-damage|p2b: Basculegion|85/100\n|-boost|p1b: Volcarona|spa|1\n|\n|upkeep\n|turn|2\n|inactive|Snipe Mastery has 30 seconds left.\n|l|\u2606Snipe Mastery\n|inactive|Snipe Mastery disconnected and has a minute to reconnect!\n|player|p1|\n|inactive|Snipe Mastery has 20 seconds left.\n|inactive|Snipe Mastery has 15 seconds left.\n|j|\u2606Snipe Mastery\n|inactive|Snipe Mastery reconnected and has 15 seconds left.\n|player|p1|Snipe Mastery|265|\n|inactive|Snipe Mastery has 10 seconds left.\n|\n|t:|1776365629\n|switch|p2a: Conkeldurr|Conkeldurr, L50, F|100/100\n|move|p1a: Sneasler|Close Combat|p2a: Conkeldurr\n|-damage|p2a: Conkeldurr|39/100\n|-unboost|p1a: Sneasler|def|1\n|-unboost|p1a: Sneasler|spd|1\n|-enditem|p1a: Sneasler|White Herb\n|-clearnegativeboost|p1a: Sneasler|[silent]\n|move|p2b: Basculegion|Flip Turn|p1b: Volcarona\n|-supereffective|p1b: Volcarona|1\n|-damage|p1b: Volcarona|30/100\n|-status|p2b: Basculegion|brn|[from] ability: Flame Body|[of] p1b: Volcarona\n|-enditem|p1b: Volcarona|Sitrus Berry|[eat]\n|-heal|p1b: Volcarona|55/100|[from] item: Sitrus Berry\n|\n|t:|1776365646\n|switch|p2b: Farigiraf|Farigiraf, L50, F|100/100|[from] Flip Turn\n|move|p1b: Volcarona|Tailwind|p1b: Volcarona\n|-sidestart|p1: Snipe Mastery|move: Tailwind\n|\n|upkeep\n|turn|3\n|inactive|Snipe Mastery has 30 seconds left.\n|inactive|PixelUranus has 30 seconds left.\n|inactive|Snipe Mastery has 20 seconds left.\n|inactive|PixelUranus has 20 seconds left.\n|\n|t:|1776365684\n|move|p2a: Conkeldurr|Protect|p2a: Conkeldurr\n|-singleturn|p2a: Conkeldurr|Protect\n|move|p1a: Sneasler|Close Combat|p2a: Conkeldurr\n|-activate|p2a: Conkeldurr|move: Protect\n|move|p1b: Volcarona|Fiery Dance|p2b: Farigiraf\n|-damage|p2b: Farigiraf|48/100\n|-boost|p1b: Volcarona|spa|1\n|-enditem|p2b: Farigiraf|Sitrus Berry|[eat]\n|-heal|p2b: Farigiraf|72/100|[from] item: Sitrus Berry\n|move|p2b: Farigiraf|Trick Room|p2b: Farigiraf\n|-fieldstart|move: Trick Room|[of] p2b: Farigiraf\n|\n|upkeep\n|turn|4\n|inactive|PixelUranus has 30 seconds left.\n|inactive|PixelUranus has 20 seconds left.\n|\n|t:|1776365721\n|switch|p2a: Kingambit|Kingambit, L50, F|100/100\n|move|p1b: Volcarona|Rage Powder|p1b: Volcarona\n|-singleturn|p1b: Volcarona|move: Rage Powder\n|move|p2b: Farigiraf|Psychic|p1b: Volcarona\n|-damage|p1b: Volcarona|21/100\n|move|p1a: Sneasler|Close Combat|p2a: Kingambit\n|-supereffective|p2a: Kingambit|2\n|-damage|p2a: Kingambit|0 fnt\n|-unboost|p1a: Sneasler|def|1\n|-unboost|p1a: Sneasler|spd|1\n|faint|p2a: Kingambit\n|\n|upkeep\n|\n|t:|1776365740\n|switch|p2a: Basculegion|Basculegion, L50, M|85/100 brn\n|turn|5\n|inactive|PixelUranus has 30 seconds left.\n|\n|t:|1776365770\n|switch|p1b: Incineroar|Incineroar, L50, F|100/100\n|-ability|p1b: Incineroar|Intimidate|boost\n|-unboost|p2a: Basculegion|atk|1\n|-unboost|p2b: Farigiraf|atk|1\n|move|p1a: Sneasler|Protect|p1a: Sneasler\n|-singleturn|p1a: Sneasler|Protect\n|move|p2b: Farigiraf|Psychic|p1a: Sneasler\n|-activate|p1a: Sneasler|move: Protect\n|move|p2a: Basculegion|Flip Turn|p1b: Incineroar\n|-supereffective|p1b: Incineroar|1\n|-damage|p1b: Incineroar|77/100\n|\n|t:|1776365781\n|switch|p2a: Conkeldurr|Conkeldurr, L50, F|39/100|[from] Flip Turn\n|\n|-sideend|p1: Snipe Mastery|move: Tailwind\n|upkeep\n|turn|6\n|inactive|Snipe Mastery has 30 seconds left.\n|inactive|Snipe Mastery has 20 seconds left.\n|inactive|Snipe Mastery has 15 seconds left.\n|inactive|Snipe Mastery has 10 seconds left.\n|inactive|Snipe Mastery has 5 seconds left.\n|\n|t:|1776365832\n|switch|p1a: Volcarona|Volcarona, L50, M|21/100\n|move|p2a: Conkeldurr|Drain Punch|p1b: Incineroar\n|-supereffective|p1b: Incineroar|1\n|-damage|p1b: Incineroar|0 fnt\n|-heal|p2a: Conkeldurr|78/100|[from] drain|[of] p1b: Incineroar\n|faint|p1b: Incineroar\n|move|p2b: Farigiraf|Psychic|p1a: Volcarona\n|-damage|p1a: Volcarona|0 fnt\n|faint|p1a: Volcarona\n|\n|upkeep\n|\n|t:|1776365843\n|switch|p1b: Sneasler|Sneasler, L50, M|100/100\n|switch|p1a: Gardevoir|Gardevoir, L50, F, shiny|100/100\n|turn|7\n|\n|t:|1776365855\n|move|p2a: Conkeldurr|Protect|p2a: Conkeldurr\n|-singleturn|p2a: Conkeldurr|Protect\n|move|p1a: Gardevoir|Protect|p1a: Gardevoir\n|-singleturn|p1a: Gardevoir|Protect\n|move|p1b: Sneasler|Protect|p1b: Sneasler\n|-singleturn|p1b: Sneasler|Protect\n|move|p2b: Farigiraf|Hyper Voice|p1b: Sneasler|[spread] \n|-activate|p1a: Gardevoir|move: Protect\n|-activate|p1b: Sneasler|move: Protect\n|\n|-fieldend|move: Trick Room\n|upkeep\n|turn|8\n|inactive|Snipe Mastery has 30 seconds left.\n|inactive|PixelUranus has 30 seconds left.\n|\n|t:|1776365884\n|switch|p2b: Basculegion|Basculegion, L50, M|85/100 brn\n|detailschange|p1a: Gardevoir|Gardevoir-Mega, L50, F, shiny\n|-mega|p1a: Gardevoir|Gardevoir|Gardevoirite\n|move|p1b: Sneasler|Dire Claw|p2b: Basculegion\n|-resisted|p2b: Basculegion|1\n|-damage|p2b: Basculegion|61/100 brn\n|move|p1a: Gardevoir|Hyper Voice|p2b: Basculegion|[spread] p2a,p2b\n|-supereffective|p2a: Conkeldurr|1\n|-damage|p2a: Conkeldurr|0 fnt\n|-damage|p2b: Basculegion|6/100 brn\n|faint|p2a: Conkeldurr\n|\n|-damage|p2b: Basculegion|0 fnt|[from] brn\n|faint|p2b: Basculegion\n|upkeep\n|\n|t:|1776365897\n|switch|p2b: Farigiraf|Farigiraf, L50, F|72/100\n|turn|9\n|\n|t:|1776365906\n|move|p1b: Sneasler|Dire Claw|p2b: Farigiraf\n|-damage|p2b: Farigiraf|26/100\n|-status|p2b: Farigiraf|psn\n|move|p1a: Gardevoir|Hyper Voice|p2b: Farigiraf\n|-damage|p2b: Farigiraf|0 fnt\n|faint|p2b: Farigiraf\n|\n|win|Snipe Mastery\n|raw|Snipe Mastery's rating: 1137 &rarr; <strong>1167</strong><br />(+30 for winning)\n|raw|PixelUranus's rating: 1212 &rarr; <strong>1182</strong><br />(-30 for losing)\n|l|\u2606PixelUranus\n|player|p2|\n",
  "uploadtime": 1776365918,
  "views": 21,
  "formatid": "gen9championsvgc2026regma",
  "rating": 1167,
  "private": 0,
  "password": null
}