{
  "id": "gen9championsvgc2026regma-2586860451",
  "format": "[Gen 9 Champions] VGC 2026 Reg M-A",
  "players": [
    "Alt1na",
    "aakw0"
  ],
  "log": "|j|\u2606Alt1na\n|j|\u2606aakw0\n|t:|1776466134\n|gametype|doubles\n|player|p1|Alt1na|veteranf|1113\n|player|p2|aakw0|nurse|1064\n|gen|9\n|tier|[Gen 9 Champions] VGC 2026 Reg M-A\n|rated|\n|rule|Species Clause: Limit one of each Pok\u00e9mon\n|rule|Item Clause: Limit 1 of each item\n|clearpoke\n|poke|p1|Floette-Eternal, L50, F|\n|poke|p1|Garchomp, L50, M|\n|poke|p1|Sinistcha, L50|\n|poke|p1|Incineroar, L50, F|\n|poke|p1|Talonflame, L50, M|\n|poke|p1|Rotom-Wash, L50|\n|poke|p2|Dragonite, L50, F|\n|poke|p2|Weavile, L50, F|\n|poke|p2|Tinkaton, L50, F|\n|poke|p2|Sinistcha, L50|\n|poke|p2|Heliolisk, L50, F|\n|poke|p2|Volcarona, L50, F|\n|teampreview|4\n|\n|t:|1776466156\n|teamsize|p1|4\n|teamsize|p2|4\n|start\n|switch|p1a: Talonflame|Talonflame, L50, M|100/100\n|switch|p1b: Incineroar|Incineroar, L50, F|100/100\n|switch|p2a: Heliolisk|Heliolisk, L50, F, shiny|100/100\n|switch|p2b: Weavile|Weavile, L50, F, shiny|100/100\n|-ability|p1b: Incineroar|Intimidate|boost\n|-unboost|p2a: Heliolisk|atk|1\n|-unboost|p2b: Weavile|atk|1\n|turn|1\n|\n|t:|1776466180\n|move|p1a: Talonflame|Quick Guard|p1a: Talonflame\n|-singleturn|p1a: Talonflame|Quick Guard\n|move|p1b: Incineroar|Fake Out|p2a: Heliolisk\n|-damage|p2a: Heliolisk|78/100\n|move|p2b: Weavile|Low Kick|p1b: Incineroar\n|-supereffective|p1b: Incineroar|1\n|-enditem|p1b: Incineroar|Chople Berry|[eat]\n|-enditem|p1b: Incineroar|Chople Berry|[weaken]\n|-damage|p1b: Incineroar|86/100\n|cant|p2a: Heliolisk|flinch\n|\n|upkeep\n|turn|2\n|\n|t:|1776466207\n|move|p1a: Talonflame|Will-O-Wisp|p2b: Weavile|[miss]\n|-miss|p1a: Talonflame|p2b: Weavile\n|move|p2b: Weavile|Low Kick|p1b: Incineroar\n|-supereffective|p1b: Incineroar|1\n|-damage|p1b: Incineroar|55/100\n|move|p2a: Heliolisk|Electroweb|p1a: Talonflame|[spread] p1a,p1b\n|-supereffective|p1a: Talonflame|1\n|-damage|p1a: Talonflame|27/100\n|-damage|p1b: Incineroar|37/100\n|-unboost|p1a: Talonflame|spe|1\n|-unboost|p1b: Incineroar|spe|1\n|move|p1b: Incineroar|Flare Blitz|p2b: Weavile\n|-supereffective|p2b: Weavile|1\n|-crit|p2b: Weavile\n|-enditem|p2b: Weavile|Focus Sash\n|-damage|p2b: Weavile|1/100\n|-damage|p1b: Incineroar|13/100|[from] Recoil\n|\n|upkeep\n|turn|3\n|\n|t:|1776466231\n|switch|p2b: Dragonite|Dragonite, L50, F, shiny|100/100\n|move|p2a: Heliolisk|Electroweb|p1b: Incineroar|[spread] p1a,p1b\n|-supereffective|p1a: Talonflame|1\n|-damage|p1a: Talonflame|0 fnt\n|-damage|p1b: Incineroar|0 fnt\n|faint|p1a: Talonflame\n|faint|p1b: Incineroar\n|\n|upkeep\n|\n|t:|1776466241\n|switch|p1a: Floette|Floette-Eternal, L50, F|100/100\n|switch|p1b: Garchomp|Garchomp, L50, M|100/100\n|turn|4\n|\n|t:|1776466259\n|detailschange|p1a: Floette|Floette-Mega, L50, F\n|-mega|p1a: Floette|Floette|Floettite\n|-ability|p1a: Floette|Fairy Aura\n|detailschange|p2b: Dragonite|Dragonite-Mega, L50, F, shiny\n|-mega|p2b: Dragonite|Dragonite|Dragoninite\n|move|p1b: Garchomp|Protect|p1b: Garchomp\n|-singleturn|p1b: Garchomp|Protect\n|move|p2a: Heliolisk|Shed Tail|p2a: Heliolisk\n|-start|p2a: Heliolisk|Substitute|[from] move: Shed Tail\n|-damage|p2a: Heliolisk|28/100\n|\n|t:|1776466270\n|switch|p2a: Weavile|Weavile, L50, F, shiny|1/100|[from] Shed Tail\n|move|p1a: Floette|Moonblast|p2b: Dragonite\n|-supereffective|p2b: Dragonite|1\n|-damage|p2b: Dragonite|38/100\n|-unboost|p2b: Dragonite|spa|1\n|move|p2b: Dragonite|Draco Meteor|p1b: Garchomp\n|-activate|p1b: Garchomp|move: Protect\n|\n|upkeep\n|turn|5\n|\n|t:|1776466284\n|move|p2a: Weavile|Ice Spinner|p1b: Garchomp\n|-supereffective|p1b: Garchomp|2\n|-damage|p1b: Garchomp|0 fnt\n|-damage|p2a: Weavile|0 fnt|[from] ability: Rough Skin|[of] p1b: Garchomp\n|faint|p1b: Garchomp\n|faint|p2a: Weavile\n|move|p1a: Floette|Dazzling Gleam|p2b: Dragonite\n|-supereffective|p2b: Dragonite|1\n|-damage|p2b: Dragonite|0 fnt\n|faint|p2b: Dragonite\n|\n|upkeep\n|-message|Alt1na forfeited.\n|\n|win|aakw0\n|raw|Alt1na's rating: 1113 &rarr; <strong>1084</strong><br />(-29 for losing)\n|raw|aakw0's rating: 1064 &rarr; <strong>1099</strong><br />(+35 for winning)\n|l|\u2606Alt1na\n|player|p1|\n",
  "uploadtime": 1776466306,
  "views": 22,
  "formatid": "gen9championsvgc2026regma",
  "rating": 1084,
  "private": 0,
  "password": null
}