{
  "id": "gen9championsvgc2026regma-2581143440",
  "format": "[Gen 9 Champions] VGC 2026 Reg M-A",
  "players": [
    "vywxiwjxjwk",
    "formicX"
  ],
  "log": "|j|\u2606vywxiwjxjwk\n|j|\u2606formicX\n|t:|1775964071\n|gametype|doubles\n|player|p1|vywxiwjxjwk|n|1051\n|player|p2|formicX|102|1103\n|gen|9\n|tier|[Gen 9 Champions] VGC 2026 Reg M-A\n|rated|\n|rule|Species Clause: Limit one of each Pok\u00e9mon\n|rule|Item Clause: Limit 1 of each item\n|clearpoke\n|poke|p1|Sneasler, L50, M|\n|poke|p1|Floette-Eternal, L50, F|\n|poke|p1|Sinistcha, L50|\n|poke|p1|Meowstic, L50, M|\n|poke|p1|Krookodile, L50, F|\n|poke|p1|Farigiraf, L50, F|\n|poke|p2|Maushold, L50|\n|poke|p2|Garchomp, L50, F|\n|poke|p2|Talonflame, L50, F|\n|poke|p2|Rotom-Wash, L50|\n|poke|p2|Aegislash, L50, M|\n|poke|p2|Floette-Eternal, L50, F|\n|teampreview|4\n|inactive|Battle timer is ON: inactive players will automatically lose when time's up. (requested by vywxiwjxjwk)\nformicX has agreed to open team sheets.\n|\n|t:|1775964099\n|teamsize|p1|4\n|teamsize|p2|4\n|start\n|switch|p1a: Meowstic|Meowstic, L50, M|100/100\n|switch|p1b: Sneasler|Sneasler, L50, M|100/100\n|switch|p2a: Talonflame|Talonflame, L50, F|100/100\n|switch|p2b: Aegislash|Aegislash, L50, M|100/100\n|turn|1\n|inactive|formicX has 30 seconds left.\n|inactive|vywxiwjxjwk has 30 seconds left.\n|inactive|formicX has 20 seconds left.\n|\n|t:|1775964137\n|switch|p1b: Krookodile|Krookodile, L50, F|100/100\n|-ability|p1b: Krookodile|Intimidate|boost\n|-unboost|p2a: Talonflame|atk|1\n|-unboost|p2b: Aegislash|atk|1\n|move|p2a: Talonflame|Protect|p2a: Talonflame\n|-singleturn|p2a: Talonflame|Protect\n|move|p1a: Meowstic|Fake Out|p2a: Talonflame\n|-activate|p2a: Talonflame|move: Protect\n|-formechange|p2b: Aegislash|Aegislash-Blade|\n|move|p2b: Aegislash|Poltergeist|p1a: Meowstic|[miss]\n|-miss|p2b: Aegislash|p1a: Meowstic\n|\n|upkeep\n|turn|2\n|j| lonoyyy\n|\n|t:|1775964162\n|-formechange|p2b: Aegislash|Aegislash|\n|move|p2b: Aegislash|King's Shield|p2b: Aegislash\n|-singleturn|p2b: Aegislash|Protect\n|move|p2a: Talonflame|Acrobatics|p1a: Meowstic\n|-damage|p1a: Meowstic|73/100\n|move|p1a: Meowstic|Thunder Wave|p2b: Aegislash\n|-status|p2b: Aegislash|par\n|move|p1b: Krookodile|Rock Slide|p2a: Talonflame|[spread] p2a\n|-activate|p2b: Aegislash|move: Protect\n|-supereffective|p2a: Talonflame|2\n|-crit|p2a: Talonflame\n|-damage|p2a: Talonflame|0 fnt\n|faint|p2a: Talonflame\n|\n|upkeep\n|j| blackred123\n|l| lonoyyy\n|\n|t:|1775964182\n|switch|p2a: Floette|Floette-Eternal, L50, F|100/100\n|turn|3\n|\n|t:|1775964192\n|switch|p2b: Maushold|Maushold, L50|100/100\n|detailschange|p2a: Floette|Floette-Mega, L50, F\n|-mega|p2a: Floette|Floette|Floettite\n|-ability|p2a: Floette|Fairy Aura\n|move|p1a: Meowstic|Thunder Wave|p2a: Floette\n|-status|p2a: Floette|par\n|move|p1b: Krookodile|Rock Slide|p2b: Maushold|[spread] p2a,p2b\n|-crit|p2a: Floette\n|-damage|p2a: Floette|79/100 par\n|-damage|p2b: Maushold|77/100\n|move|p2a: Floette|Dazzling Gleam|p1a: Meowstic|[spread] p1a,p1b\n|-supereffective|p1b: Krookodile|1\n|-damage|p1a: Meowstic|17/100\n|-damage|p1b: Krookodile|0 fnt\n|faint|p1b: Krookodile\n|\n|upkeep\n|\n|t:|1775964210\n|switch|p1b: Floette|Floette-Eternal, L50, F|100/100\n|turn|4\n|\n|t:|1775964227\n|switch|p2a: Aegislash|Aegislash, L50, M|100/100 par\n|detailschange|p1b: Floette|Floette-Mega, L50, F\n|-mega|p1b: Floette|Floette|Floettite\n|-ability|p1b: Floette|Fairy Aura\n|move|p1a: Meowstic|Fake Tears|p2a: Aegislash\n|-unboost|p2a: Aegislash|spd|2\n|move|p2b: Maushold|Super Fang|p1b: Floette\n|-damage|p1b: Floette|51/100\n|move|p1b: Floette|Dazzling Gleam|p2b: Maushold|[spread] p2a,p2b\n|-resisted|p2a: Aegislash|1\n|-damage|p2a: Aegislash|75/100 par\n|-damage|p2b: Maushold|23/100\n|\n|upkeep\n|turn|5\n|\n|t:|1775964250\n|move|p2b: Maushold|Protect|p2b: Maushold\n|-singleturn|p2b: Maushold|Protect\n|move|p1b: Floette|Protect|p1b: Floette\n|-singleturn|p1b: Floette|Protect\n|move|p1a: Meowstic|Thunder Wave|p2b: Maushold\n|-activate|p2b: Maushold|move: Protect\n|-formechange|p2a: Aegislash|Aegislash-Blade|\n|move|p2a: Aegislash|Shadow Sneak|p1a: Meowstic\n|-supereffective|p1a: Meowstic|1\n|-damage|p1a: Meowstic|0 fnt\n|faint|p1a: Meowstic\n|\n|upkeep\n|\n|t:|1775964253\n|switch|p1a: Sneasler|Sneasler, L50, M|100/100\n|turn|6\n|\n|t:|1775964272\n|cant|p2a: Aegislash|par\n|move|p1a: Sneasler|Fake Out|p2b: Maushold\n|-damage|p2b: Maushold|1/100\n|cant|p2b: Maushold|flinch\n|move|p1b: Floette|Moonblast|p2a: Aegislash\n|-resisted|p2a: Aegislash|1\n|-damage|p2a: Aegislash|0 fnt\n|faint|p2a: Aegislash\n|\n|upkeep\n|\n|t:|1775964275\n|switch|p2a: Floette|Floette-Mega, L50, F|79/100 par\n|-ability|p2a: Floette|Fairy Aura\n|turn|7\n|\n|t:|1775964285\n|move|p2b: Maushold|Follow Me|p2b: Maushold\n|-singleturn|p2b: Maushold|move: Follow Me\n|move|p1a: Sneasler|Dire Claw|p2b: Maushold\n|-damage|p2b: Maushold|0 fnt\n|faint|p2b: Maushold\n|move|p1b: Floette|Dazzling Gleam|p2a: Floette\n|-damage|p2a: Floette|39/100 par\n|move|p2a: Floette|Dazzling Gleam|p1a: Sneasler|[spread] p1a,p1b\n|-damage|p1a: Sneasler|25/100\n|-damage|p1b: Floette|9/100\n|\n|upkeep\n|turn|8\n|c|\u2606vywxiwjxjwk|gg\n|\n|t:|1775964297\n|move|p1a: Sneasler|Dire Claw|p2a: Floette\n|-supereffective|p2a: Floette|1\n|-damage|p2a: Floette|0 fnt\n|faint|p2a: Floette\n|\n|win|vywxiwjxjwk\n|raw|vywxiwjxjwk's rating: 1051 &rarr; <strong>1088</strong><br />(+37 for winning)\n|raw|formicX's rating: 1103 &rarr; <strong>1074</strong><br />(-29 for losing)\n|l|\u2606formicX\n|player|p2|\n",
  "uploadtime": 1775964300,
  "views": 14,
  "formatid": "gen9championsvgc2026regma",
  "rating": 1074,
  "private": 0,
  "password": null
}