{
  "id": "gen9championsvgc2026regma-2584630566",
  "format": "[Gen 9 Champions] VGC 2026 Reg M-A",
  "players": [
    "are you random?",
    "alsm1997"
  ],
  "log": "|j|\u2606are you random?\n|j|\u2606alsm1997\n|t:|1776273233\n|gametype|doubles\n|player|p1|are you random?|101|1060\n|player|p2|alsm1997|266|1121\n|gen|9\n|tier|[Gen 9 Champions] VGC 2026 Reg M-A\n|rated|\n|rule|Species Clause: Limit one of each Pok\u00e9mon\n|rule|Item Clause: Limit 1 of each item\n|clearpoke\n|poke|p1|Talonflame, L50, F|\n|poke|p1|Floette-Eternal, L50, F|\n|poke|p1|Garchomp, L50, M|\n|poke|p1|Spiritomb, L50, M|\n|poke|p1|Sinistcha, L50|\n|poke|p1|Delphox, L50, M|\n|poke|p2|Rotom-Wash, L50|\n|poke|p2|Incineroar, L50, M|\n|poke|p2|Sinistcha, L50|\n|poke|p2|Aerodactyl, L50, M|\n|poke|p2|Gengar, L50, M|\n|poke|p2|Garchomp, L50, M|\n|teampreview|4\n|inactive|Battle timer is ON: inactive players will automatically lose when time's up. (requested by are you random?)\nare you random? has agreed to open team sheets.\n|inactive|alsm1997 has 60 seconds left.\n|inactive|are you random? has 60 seconds left.\n|\n|t:|1776273273\n|teamsize|p1|4\n|teamsize|p2|4\n|start\n|switch|p1a: Spiritomb|Spiritomb, L50, M|100/100\n|switch|p1b: Garchomp|Garchomp, L50, M|100/100\n|switch|p2a: Garchomp|Garchomp, L50, M|100/100\n|switch|p2b: Aerodactyl|Aerodactyl, L50, M|100/100\n|-ability|p2b: Aerodactyl|Unnerve\n|turn|1\n|\n|t:|1776273293\n|move|p1b: Garchomp|Draco Meteor|p2a: Garchomp\n|-supereffective|p2a: Garchomp|1\n|-damage|p2a: Garchomp|33/100\n|-unboost|p1b: Garchomp|spa|2\n|-enditem|p2a: Garchomp|Sitrus Berry|[eat]\n|-heal|p2a: Garchomp|57/100|[from] item: Sitrus Berry\n|move|p2b: Aerodactyl|Rock Slide|p1b: Garchomp|[spread] p1a\n|-miss|p2b: Aerodactyl|p1b: Garchomp\n|-damage|p1a: Spiritomb|79/100\n|move|p2a: Garchomp|Earthquake|p1a: Spiritomb|[spread] p1a,p1b\n|-immune|p2b: Aerodactyl\n|-damage|p1a: Spiritomb|52/100\n|-damage|p1b: Garchomp|61/100\n|cant|p1a: Spiritomb|flinch\n|\n|-heal|p1a: Spiritomb|58/100|[from] item: Leftovers\n|upkeep\n|turn|2\n|inactive|are you random? has 30 seconds left.\n|\n|t:|1776273319\n|switch|p1b: Floette|Floette-Eternal, L50, F|100/100\n|move|p2a: Garchomp|Protect|p2a: Garchomp\n|-singleturn|p2a: Garchomp|Protect\n|move|p2b: Aerodactyl|Tailwind|p2b: Aerodactyl\n|-sidestart|p2: alsm1997|move: Tailwind\n|move|p1a: Spiritomb|Will-O-Wisp|p2a: Garchomp\n|-activate|p2a: Garchomp|move: Protect\n|\n|-heal|p1a: Spiritomb|64/100|[from] item: Leftovers\n|upkeep\n|turn|3\n|\n|t:|1776273341\n|switch|p2a: Gengar|Gengar, L50, M|100/100\n|detailschange|p1b: Floette|Floette-Mega, L50, F\n|-mega|p1b: Floette|Floette|Floettite\n|-ability|p1b: Floette|Fairy Aura\n|move|p1b: Floette|Protect|p1b: Floette\n|-singleturn|p1b: Floette|Protect\n|move|p2b: Aerodactyl|Rock Slide|p1b: Floette|[spread] p1a\n|-activate|p1b: Floette|move: Protect\n|-damage|p1a: Spiritomb|44/100\n|move|p1a: Spiritomb|Will-O-Wisp|p2a: Gengar\n|-status|p2a: Gengar|brn\n|\n|-heal|p1a: Spiritomb|50/100|[from] item: Leftovers\n|-damage|p2a: Gengar|95/100 brn|[from] brn\n|upkeep\n|turn|4\n|inactive|alsm1997 has 30 seconds left.\n|\n|t:|1776273366\n|switch|p1b: Garchomp|Garchomp, L50, M|61/100\n|detailschange|p2a: Gengar|Gengar-Mega, L50, M\n|-mega|p2a: Gengar|Gengar|Gengarite\n|move|p2b: Aerodactyl|Rock Slide|p1a: Spiritomb|[spread] p1a,p1b\n|-resisted|p1b: Garchomp|1\n|-damage|p1a: Spiritomb|30/100\n|-damage|p1b: Garchomp|49/100\n|move|p2a: Gengar|Sludge Bomb|p1b: Garchomp\n|-resisted|p1b: Garchomp|1\n|-damage|p1b: Garchomp|8/100\n|move|p1a: Spiritomb|Snarl|p2a: Gengar|[spread] p2a,p2b\n|-supereffective|p2a: Gengar|1\n|-damage|p2a: Gengar|60/100 brn\n|-damage|p2b: Aerodactyl|82/100\n|-unboost|p2a: Gengar|spa|1\n|-unboost|p2b: Aerodactyl|spa|1\n|\n|-heal|p1a: Spiritomb|36/100|[from] item: Leftovers\n|-damage|p2a: Gengar|54/100 brn|[from] brn\n|upkeep\n|turn|5\n|\n|t:|1776273389\n|switch|p2a: Rotom|Rotom-Wash, L50|100/100\n|move|p2b: Aerodactyl|Rock Slide|p1b: Garchomp|[spread] p1a,p1b\n|-resisted|p1b: Garchomp|1\n|-damage|p1a: Spiritomb|16/100\n|-damage|p1b: Garchomp|0 fnt\n|faint|p1b: Garchomp\n|cant|p1a: Spiritomb|flinch\n|\n|-heal|p1a: Spiritomb|22/100|[from] item: Leftovers\n|-sideend|p2: alsm1997|move: Tailwind\n|upkeep\n|\n|t:|1776273402\n|switch|p1b: Floette|Floette-Mega, L50, F|100/100\n|-ability|p1b: Floette|Fairy Aura\n|turn|6\n|\n|t:|1776273425\n|move|p2b: Aerodactyl|Tailwind|p2b: Aerodactyl\n|-sidestart|p2: alsm1997|move: Tailwind\n|move|p2a: Rotom|Thunder Wave|p1b: Floette|[miss]\n|-miss|p2a: Rotom|p1b: Floette\n|move|p1b: Floette|Moonblast|p2a: Rotom\n|-damage|p2a: Rotom|16/100\n|move|p1a: Spiritomb|Will-O-Wisp|p2b: Aerodactyl\n|-status|p2b: Aerodactyl|brn\n|\n|-heal|p1a: Spiritomb|28/100|[from] item: Leftovers\n|-damage|p2b: Aerodactyl|76/100 brn|[from] brn\n|upkeep\n|turn|7\n|\n|t:|1776273439\n|move|p1b: Floette|Protect|p1b: Floette\n|-singleturn|p1b: Floette|Protect\n|move|p2b: Aerodactyl|Rock Slide|p1a: Spiritomb|[spread] p1a\n|-activate|p1b: Floette|move: Protect\n|-damage|p1a: Spiritomb|18/100\n|move|p2a: Rotom|Thunder Wave|p1b: Floette\n|-activate|p1b: Floette|move: Protect\n|cant|p1a: Spiritomb|flinch\n|\n|-heal|p1a: Spiritomb|23/100|[from] item: Leftovers\n|-damage|p2b: Aerodactyl|69/100 brn|[from] brn\n|upkeep\n|turn|8\n|\n|t:|1776273463\n|switch|p1b: Talonflame|Talonflame, L50, F|100/100\n|move|p2b: Aerodactyl|Rock Slide|p1b: Talonflame|[spread] p1a,p1b\n|-supereffective|p1b: Talonflame|2\n|-damage|p1a: Spiritomb|14/100\n|-damage|p1b: Talonflame|36/100\n|move|p2a: Rotom|Thunder Wave|p1b: Talonflame\n|-status|p1b: Talonflame|par\n|cant|p1a: Spiritomb|flinch\n|\n|-heal|p1a: Spiritomb|20/100|[from] item: Leftovers\n|-damage|p2b: Aerodactyl|63/100 brn|[from] brn\n|upkeep\n|turn|9\n|\n|t:|1776273484\n|move|p2b: Aerodactyl|Protect|p2b: Aerodactyl\n|-singleturn|p2b: Aerodactyl|Protect\n|move|p2a: Rotom|Volt Switch|p1b: Talonflame\n|-supereffective|p1b: Talonflame|1\n|-damage|p1b: Talonflame|0 fnt\n|faint|p1b: Talonflame\n|\n|t:|1776273496\n|switch|p2a: Gengar|Gengar-Mega, L50, M|54/100 brn|[from] Volt Switch\n|move|p1a: Spiritomb|Snarl|p2b: Aerodactyl|[spread] p2a\n|-activate|p2b: Aerodactyl|move: Protect\n|-supereffective|p2a: Gengar|1\n|-damage|p2a: Gengar|17/100 brn\n|-unboost|p2a: Gengar|spa|1\n|\n|-heal|p1a: Spiritomb|25/100|[from] item: Leftovers\n|-damage|p2b: Aerodactyl|57/100 brn|[from] brn\n|-damage|p2a: Gengar|11/100 brn|[from] brn\n|-sideend|p2: alsm1997|move: Tailwind\n|upkeep\n|\n|t:|1776273502\n|switch|p1b: Floette|Floette-Mega, L50, F|100/100\n|-ability|p1b: Floette|Fairy Aura\n|turn|10\n|\n|t:|1776273517\n|move|p2a: Gengar|Protect|p2a: Gengar\n|-singleturn|p2a: Gengar|Protect\n|move|p2b: Aerodactyl|Tailwind|p2b: Aerodactyl\n|-sidestart|p2: alsm1997|move: Tailwind\n|move|p1b: Floette|Dazzling Gleam|p2b: Aerodactyl|[spread] p2b\n|-activate|p2a: Gengar|move: Protect\n|-damage|p2b: Aerodactyl|0 fnt\n|faint|p2b: Aerodactyl\n|move|p1a: Spiritomb|Foul Play|p2a: Gengar\n|-activate|p2a: Gengar|move: Protect\n|\n|-heal|p1a: Spiritomb|31/100|[from] item: Leftovers\n|-damage|p2a: Gengar|6/100 brn|[from] brn\n|upkeep\n|\n|t:|1776273533\n|switch|p2b: Rotom|Rotom-Wash, L50|16/100\n|turn|11\n|\n|t:|1776273540\n|move|p1b: Floette|Protect|p1b: Floette\n|-singleturn|p1b: Floette|Protect\n|move|p2a: Gengar|Sludge Bomb|p1b: Floette\n|-activate|p1b: Floette|move: Protect\n|move|p2b: Rotom|Thunder Wave|p1b: Floette\n|-activate|p1b: Floette|move: Protect\n|move|p1a: Spiritomb|Snarl|p2b: Rotom|[spread] p2a,p2b\n|-supereffective|p2a: Gengar|1\n|-damage|p2a: Gengar|0 fnt\n|-damage|p2b: Rotom|2/100\n|-unboost|p2b: Rotom|spa|1\n|faint|p2a: Gengar\n|\n|-heal|p1a: Spiritomb|37/100|[from] item: Leftovers\n|upkeep\n|\n|t:|1776273542\n|switch|p2a: Garchomp|Garchomp, L50, M|57/100\n|turn|12\n|\n|t:|1776273563\n|move|p2a: Garchomp|Earthquake|p1b: Floette|[spread] p1a,p1b\n|-immune|p2b: Rotom|[from] ability: Levitate\n|-damage|p1a: Spiritomb|6/100\n|-damage|p1b: Floette|46/100\n|move|p2b: Rotom|Thunderbolt|p1a: Spiritomb\n|-damage|p1a: Spiritomb|0 fnt\n|faint|p1a: Spiritomb\n|move|p1b: Floette|Dazzling Gleam|p2b: Rotom|[spread] p2a,p2b\n|-supereffective|p2a: Garchomp|1\n|-damage|p2a: Garchomp|0 fnt\n|-damage|p2b: Rotom|0 fnt\n|faint|p2a: Garchomp\n|faint|p2b: Rotom\n|\n|win|are you random?\n|raw|are you random?'s rating: 1060 &rarr; <strong>1096</strong><br />(+36 for winning)\n|raw|alsm1997's rating: 1121 &rarr; <strong>1092</strong><br />(-29 for losing)\n|l|\u2606alsm1997\n|player|p2|\n",
  "uploadtime": 1776273645,
  "views": 21,
  "formatid": "gen9championsvgc2026regma",
  "rating": 1092,
  "private": 0,
  "password": null
}