{
  "id": "gen9championsvgc2026regma-2584917064",
  "format": "[Gen 9 Champions] VGC 2026 Reg M-A",
  "players": [
    "Izan101004",
    "Palmeirinthianense"
  ],
  "log": "|j|\u2606Izan101004\n|j|\u2606Palmeirinthianense\n|t:|1776294313\n|gametype|doubles\n|player|p1|Izan101004|hilbert|1313\n|player|p2|Palmeirinthianense|swimmer-gen4dp|1276\n|gen|9\n|tier|[Gen 9 Champions] VGC 2026 Reg M-A\n|rated|\n|rule|Species Clause: Limit one of each Pok\u00e9mon\n|rule|Item Clause: Limit 1 of each item\n|clearpoke\n|poke|p1|Charizard, L50, F|\n|poke|p1|Sneasler, L50, F|\n|poke|p1|Maushold, L50|\n|poke|p1|Garchomp, L50, M|\n|poke|p1|Whimsicott, L50, F|\n|poke|p1|Goodra-Hisui, L50, M|\n|poke|p2|Kangaskhan, L50, F|\n|poke|p2|Incineroar, L50, F|\n|poke|p2|Milotic, L50, M|\n|poke|p2|Sneasler, L50, M|\n|poke|p2|Floette-Eternal, L50, F|\n|poke|p2|Sinistcha, L50|\n|teampreview|4\n|inactive|Battle timer is ON: inactive players will automatically lose when time's up. (requested by Palmeirinthianense)\n|inactive|Palmeirinthianense has 60 seconds left.\n|\n|t:|1776294350\n|teamsize|p1|4\n|teamsize|p2|4\n|start\n|switch|p1a: Sneasler|Sneasler, L50, F|100/100\n|switch|p1b: Whimsicott|Whimsicott, L50, F|100/100\n|switch|p2a: Sneasler|Sneasler, L50, M|100/100\n|switch|p2b: Floette|Floette-Eternal, L50, F|100/100\n|turn|1\n|\n|t:|1776294366\n|detailschange|p2b: Floette|Floette-Mega, L50, F\n|-mega|p2b: Floette|Floette|Floettite\n|-ability|p2b: Floette|Fairy Aura\n|move|p1a: Sneasler|Fake Out|p2a: Sneasler\n|-damage|p2a: Sneasler|75/100\n|move|p1b: Whimsicott|Tailwind|p1b: Whimsicott\n|-sidestart|p1: Izan101004|move: Tailwind\n|cant|p2a: Sneasler|flinch\n|move|p2b: Floette|Dazzling Gleam|p1a: Sneasler|[spread] p1a,p1b\n|-damage|p1a: Sneasler|41/100\n|-damage|p1b: Whimsicott|45/100\n|\n|upkeep\n|turn|2\n|inactive|Palmeirinthianense has 30 seconds left.\n|\n|t:|1776294393\n|switch|p1b: Goodra|Goodra-Hisui, L50, M|100/100\n|move|p2b: Floette|Protect|p2b: Floette\n|-singleturn|p2b: Floette|Protect\n|move|p1a: Sneasler|Dire Claw|p2b: Floette\n|-activate|p2b: Floette|move: Protect\n|move|p2a: Sneasler|Dire Claw|p1b: Goodra\n|-immune|p1b: Goodra\n|\n|upkeep\n|turn|3\n|\n|t:|1776294409\n|switch|p2b: Sinistcha|Sinistcha, L50|100/100\n|-heal|p2a: Sneasler|99/100|[from] ability: Hospitality|[of] p2b: Sinistcha\n|move|p1a: Sneasler|Dire Claw|p2b: Sinistcha\n|-damage|p2b: Sinistcha|68/100\n|-status|p2b: Sinistcha|psn\n|move|p2a: Sneasler|Close Combat|p1b: Goodra\n|-supereffective|p1b: Goodra|1\n|-damage|p1b: Goodra|16/100\n|-unboost|p2a: Sneasler|def|1\n|-unboost|p2a: Sneasler|spd|1\n|-ability|p1b: Goodra|Gooey\n|-unboost|p2a: Sneasler|spe|1\n|-enditem|p2a: Sneasler|White Herb\n|-clearnegativeboost|p2a: Sneasler|[silent]\n|move|p1b: Goodra|Shelter|p1b: Goodra\n|-boost|p1b: Goodra|def|2\n|\n|-heal|p1b: Goodra|22/100|[from] item: Leftovers\n|-damage|p2b: Sinistcha|56/100 psn|[from] psn\n|upkeep\n|turn|4\n|inactive|Izan101004 has 30 seconds left.\n|inactive|Palmeirinthianense has 30 seconds left.\n|inactive|Palmeirinthianense has 20 seconds left.\n|inactive|Palmeirinthianense has 15 seconds left.\n|\n|t:|1776294451\n|move|p1b: Goodra|Protect|p1b: Goodra\n|-singleturn|p1b: Goodra|Protect\n|move|p1a: Sneasler|Lash Out|p2b: Sinistcha\n|-supereffective|p2b: Sinistcha|1\n|-damage|p2b: Sinistcha|11/100 psn\n|-enditem|p2b: Sinistcha|Sitrus Berry|[eat]\n|-heal|p2b: Sinistcha|35/100 psn|[from] item: Sitrus Berry\n|move|p2a: Sneasler|Close Combat|p1b: Goodra\n|-activate|p1b: Goodra|move: Protect\n|move|p2b: Sinistcha|Matcha Gotcha|p1b: Goodra|[spread] p1a\n|-activate|p1b: Goodra|move: Protect\n|-resisted|p1a: Sneasler|1\n|-damage|p1a: Sneasler|26/100\n|-heal|p2b: Sinistcha|42/100 psn|[from] drain|[of] p1a: Sneasler\n|\n|-heal|p1b: Goodra|28/100|[from] item: Leftovers\n|-damage|p2b: Sinistcha|30/100 psn|[from] psn\n|-sideend|p1: Izan101004|move: Tailwind\n|upkeep\n|turn|5\n|inactive|Izan101004 has 30 seconds left.\n|\n|t:|1776294477\n|switch|p1b: Charizard|Charizard, L50, F|100/100\n|move|p2a: Sneasler|Close Combat|p1b: Charizard\n|-resisted|p1b: Charizard|1\n|-damage|p1b: Charizard|65/100\n|-unboost|p2a: Sneasler|def|1\n|-unboost|p2a: Sneasler|spd|1\n|move|p1a: Sneasler|Lash Out|p2b: Sinistcha\n|-supereffective|p2b: Sinistcha|1\n|-damage|p2b: Sinistcha|0 fnt\n|faint|p2b: Sinistcha\n|\n|upkeep\n|\n|t:|1776294484\n|switch|p2b: Floette|Floette-Mega, L50, F|100/100\n|-ability|p2b: Floette|Fairy Aura\n|turn|6\n|inactive|Palmeirinthianense has 30 seconds left.\n|\n|t:|1776294513\n|detailschange|p1b: Charizard|Charizard-Mega-Y, L50, F\n|-mega|p1b: Charizard|Charizard|Charizardite Y\n|-weather|SunnyDay|[from] ability: Drought|[of] p1b: Charizard\n|move|p2a: Sneasler|Dire Claw|p1b: Charizard\n|-damage|p1b: Charizard|19/100\n|-status|p1b: Charizard|slp\n|move|p1a: Sneasler|Dire Claw|p2b: Floette\n|-supereffective|p2b: Floette|1\n|-damage|p2b: Floette|23/100\n|-status|p2b: Floette|slp\n|cant|p1b: Charizard|slp\n|cant|p2b: Floette|slp\n|\n|-weather|SunnyDay|[upkeep]\n|upkeep\n|turn|7\n|inactive|Izan101004 has 30 seconds left.\n|inactive|Palmeirinthianense has 30 seconds left.\n|inactive|Palmeirinthianense has 20 seconds left.\n|\n|t:|1776294554\n|switch|p1b: Whimsicott|Whimsicott, L50, F|45/100\n|move|p2a: Sneasler|Dire Claw|p1b: Whimsicott\n|-supereffective|p1b: Whimsicott|2\n|-damage|p1b: Whimsicott|0 fnt\n|faint|p1b: Whimsicott\n|move|p1a: Sneasler|Dire Claw|p2b: Floette\n|-supereffective|p2b: Floette|1\n|-damage|p2b: Floette|0 fnt\n|faint|p2b: Floette\n|\n|-weather|SunnyDay|[upkeep]\n|upkeep\n|\n|t:|1776294563\n|switch|p1b: Goodra|Goodra-Hisui, L50, M|28/100\n|switch|p2b: Milotic|Milotic, L50, M, shiny|100/100\n|turn|8\n|\n|t:|1776294576\n|move|p1b: Goodra|Protect|p1b: Goodra\n|-singleturn|p1b: Goodra|Protect\n|move|p2a: Sneasler|Close Combat|p1a: Sneasler\n|-resisted|p1a: Sneasler|1\n|-damage|p1a: Sneasler|0 fnt\n|-unboost|p2a: Sneasler|def|1\n|-unboost|p2a: Sneasler|spd|1\n|faint|p1a: Sneasler\n|move|p2b: Milotic|Ice Beam|p1b: Goodra\n|-activate|p1b: Goodra|move: Protect\n|\n|-weather|SunnyDay|[upkeep]\n|-heal|p1b: Goodra|34/100|[from] item: Leftovers\n|upkeep\n|\n|t:|1776294582\n|switch|p1a: Charizard|Charizard-Mega-Y, L50, F|19/100 slp\n|turn|9\n|\n|t:|1776294601\n|move|p2a: Sneasler|Close Combat|p1b: Goodra\n|-supereffective|p1b: Goodra|1\n|-damage|p1b: Goodra|0 fnt\n|-unboost|p2a: Sneasler|def|1\n|-unboost|p2a: Sneasler|spd|1\n|-ability|p1b: Goodra|Gooey\n|-unboost|p2a: Sneasler|spe|1\n|faint|p1b: Goodra\n|-curestatus|p1a: Charizard|slp|[msg]\n|move|p1a: Charizard|Solar Beam||[still]\n|-prepare|p1a: Charizard|Solar Beam\n|-anim|p1a: Charizard|Solar Beam|p2b: Milotic\n|-supereffective|p2b: Milotic|1\n|-damage|p2b: Milotic|19/100\n|move|p2b: Milotic|Scald|p1a: Charizard\n|-supereffective|p1a: Charizard|1\n|-damage|p1a: Charizard|0 fnt\n|faint|p1a: Charizard\n|\n|win|Palmeirinthianense\n|raw|Izan101004's rating: 1313 &rarr; <strong>1291</strong><br />(-22 for losing)\n|raw|Palmeirinthianense's rating: 1276 &rarr; <strong>1304</strong><br />(+28 for winning)\n|l|\u2606Izan101004\n|player|p1|\n",
  "uploadtime": 1776294624,
  "views": 29,
  "formatid": "gen9championsvgc2026regma",
  "rating": 1291,
  "private": 0,
  "password": null
}