{
  "id": "gen9championsvgc2026regma-2586206727",
  "format": "[Gen 9 Champions] VGC 2026 Reg M-A",
  "players": [
    "AAAlelele",
    "Apexito"
  ],
  "log": "|j|\u2606AAAlelele\n|j|\u2606Apexito\n|t:|1776412363\n|gametype|doubles\n|player|p1|AAAlelele|ninjaboy|1180\n|player|p2|Apexito|youngster|1173\n|gen|9\n|tier|[Gen 9 Champions] VGC 2026 Reg M-A\n|rated|\n|rule|Species Clause: Limit one of each Pok\u00e9mon\n|rule|Item Clause: Limit 1 of each item\n|clearpoke\n|poke|p1|Floette-Eternal, L50, F|\n|poke|p1|Sneasler, L50, F|\n|poke|p1|Kingambit, L50, M|\n|poke|p1|Farigiraf, L50, M|\n|poke|p1|Camerupt, L50, M|\n|poke|p1|Rotom-Heat, L50|\n|poke|p2|Kangaskhan, L50, F|\n|poke|p2|Incineroar, L50, M|\n|poke|p2|Sinistcha, L50|\n|poke|p2|Volcarona, L50, F|\n|poke|p2|Kommo-o, L50, M|\n|poke|p2|Milotic, L50, M|\n|teampreview|4\n|\n|t:|1776412416\n|teamsize|p1|4\n|teamsize|p2|4\n|start\n|switch|p1a: Sneasler|Sneasler, L50, F|100/100\n|switch|p1b: Rotom|Rotom-Heat, L50|100/100\n|switch|p2a: Kangaskhan|Kangaskhan, L50, F|100/100\n|switch|p2b: Le Duc|Kommo-o, L50, M|100/100\n|turn|1\n|\n|t:|1776412444\n|detailschange|p2a: Kangaskhan|Kangaskhan-Mega, L50, F\n|-mega|p2a: Kangaskhan|Kangaskhan|Kangaskhanite\n|move|p1a: Sneasler|Fake Out|p2a: Kangaskhan\n|-damage|p2a: Kangaskhan|87/100\n|cant|p2a: Kangaskhan|flinch\n|move|p1b: Rotom|Trick|p2b: Le Duc\n|-activate|p1b: Rotom|move: Trick|[of] p2b: Le Duc\n|-item|p2b: Le Duc|Choice Scarf|[from] move: Trick\n|-item|p1b: Rotom|Leftovers|[from] move: Trick\n|move|p2b: Le Duc|Clangorous Soul|p2b: Le Duc\n|-boost|p2b: Le Duc|atk|1\n|-boost|p2b: Le Duc|def|1\n|-boost|p2b: Le Duc|spa|1\n|-boost|p2b: Le Duc|spd|1\n|-boost|p2b: Le Duc|spe|1\n|-damage|p2b: Le Duc|68/100\n|\n|upkeep\n|turn|2\n|\n|t:|1776412469\n|switch|p2b: Volcarona|Volcarona, L50, F|100/100\n|move|p1a: Sneasler|Close Combat|p2a: Kangaskhan\n|-supereffective|p2a: Kangaskhan|1\n|-damage|p2a: Kangaskhan|0 fnt\n|-unboost|p1a: Sneasler|def|1\n|-unboost|p1a: Sneasler|spd|1\n|faint|p2a: Kangaskhan\n|-enditem|p1a: Sneasler|White Herb\n|-clearnegativeboost|p1a: Sneasler|[silent]\n|move|p1b: Rotom|Volt Switch|p2b: Volcarona\n|-damage|p2b: Volcarona|72/100\n|\n|t:|1776412484\n|switch|p1b: Kingambit|Kingambit, L50, M|100/100|[from] Volt Switch\n|\n|upkeep\n|\n|t:|1776412489\n|switch|p2a: Le Duc|Kommo-o, L50, M|68/100\n|turn|3\n|\n|t:|1776412505\n|move|p1a: Sneasler|U-turn|p2b: Volcarona\n|-resisted|p2b: Volcarona|1\n|-damage|p2b: Volcarona|61/100\n|\n|t:|1776412508\n|switch|p1a: Rotom|Rotom-Heat, L50|100/100|[from] U-turn\n|move|p2a: Le Duc|Aura Sphere|p1b: Kingambit\n|-supereffective|p1b: Kingambit|2\n|-damage|p1b: Kingambit|0 fnt\n|faint|p1b: Kingambit\n|move|p2b: Volcarona|Tailwind|p2b: Volcarona\n|-sidestart|p2: Apexito|move: Tailwind\n|\n|upkeep\n|\n|t:|1776412515\n|switch|p1b: Floette|Floette-Eternal, L50, F|100/100\n|turn|4\n|\n|t:|1776412533\n|detailschange|p1b: Floette|Floette-Mega, L50, F\n|-mega|p1b: Floette|Floette|Floettite\n|-ability|p1b: Floette|Fairy Aura\n|move|p2a: Le Duc|Aura Sphere|p1a: Rotom\n|-damage|p1a: Rotom|56/100\n|move|p2b: Volcarona|Overheat|p1b: Floette\n|-damage|p1b: Floette|53/100\n|-unboost|p2b: Volcarona|spa|2\n|move|p1b: Floette|Moonblast|p2b: Volcarona\n|-resisted|p2b: Volcarona|1\n|-damage|p2b: Volcarona|27/100\n|move|p1a: Rotom|Overheat|p2b: Volcarona\n|-damage|p2b: Volcarona|0 fnt\n|-unboost|p1a: Rotom|spa|2\n|faint|p2b: Volcarona\n|\n|-heal|p1a: Rotom|61/100|[from] item: Leftovers\n|upkeep\n|\n|t:|1776412554\n|switch|p2b: Milotic|Milotic, L50, M|100/100\n|turn|5\n|\n|t:|1776412577\n|move|p2a: Le Duc|Aura Sphere|p1b: Floette\n|-resisted|p1b: Floette|1\n|-damage|p1b: Floette|39/100\n|move|p2b: Milotic|Scald|p1a: Rotom\n|-supereffective|p1a: Rotom|1\n|-damage|p1a: Rotom|0 fnt\n|faint|p1a: Rotom\n|move|p1b: Floette|Dazzling Gleam|p2a: Le Duc|[spread] p2a,p2b\n|-supereffective|p2a: Le Duc|2\n|-damage|p2a: Le Duc|0 fnt\n|-damage|p2b: Milotic|66/100\n|faint|p2a: Le Duc\n|\n|upkeep\n|\n|t:|1776412584\n|switch|p1a: Sneasler|Sneasler, L50, F|100/100\n|turn|6\n|\n|t:|1776412596\n|move|p1a: Sneasler|Fake Out|p2b: Milotic\n|-damage|p2b: Milotic|54/100\n|cant|p2b: Milotic|flinch\n|move|p1b: Floette|Moonblast|p2b: Milotic\n|-damage|p2b: Milotic|0 fnt\n|faint|p2b: Milotic\n|\n|win|AAAlelele\n|raw|AAAlelele's rating: 1180 &rarr; <strong>1204</strong><br />(+24 for winning)\n|raw|Apexito's rating: 1173 &rarr; <strong>1149</strong><br />(-24 for losing)\n|l|\u2606Apexito\n|player|p2|\n",
  "uploadtime": 1776412608,
  "views": 17,
  "formatid": "gen9championsvgc2026regma",
  "rating": 1149,
  "private": 0,
  "password": null
}