{
  "id": "gen9championsvgc2026regma-2583077030",
  "format": "[Gen 9 Champions] VGC 2026 Reg M-A",
  "players": [
    "pokeveteran04",
    "SpikeMike"
  ],
  "log": "|j|\u2606pokeveteran04\n|j|\u2606SpikeMike\n|t:|1776139409\n|gametype|doubles\n|player|p1|pokeveteran04|red|\n|player|p2|SpikeMike|molayne|\n|gen|9\n|tier|[Gen 9 Champions] VGC 2026 Reg M-A\n|rated|Tournament battle\n|rule|Species Clause: Limit one of each Pok\u00e9mon\n|rule|Item Clause: Limit 1 of each item\n|clearpoke\n|poke|p1|Dragonite, L50, M|\n|poke|p1|Politoed, L50, F|\n|poke|p1|Sneasler, L50, F|\n|poke|p1|Excadrill, L50, F|\n|poke|p1|Basculegion, L50, M|\n|poke|p1|Farigiraf, L50, M|\n|poke|p2|Kangaskhan, L50, F|\n|poke|p2|Farigiraf, L50, M|\n|poke|p2|Basculegion, L50, M|\n|poke|p2|Talonflame, L50, F|\n|poke|p2|Sneasler, L50, M|\n|poke|p2|Sylveon, L50, F|\n|teampreview|4\n|inactive|Battle timer is ON: inactive players will automatically lose when time's up. (requested by SpikeMike)\n|j|%llefface\n|c|\u2606SpikeMike|I almost missed the accept lol\n|c|\u2606SpikeMike|glhf\n|inactive|pokeveteran04 has 60 seconds left.\n|inactive|SpikeMike has 60 seconds left.\n|j| snively3\n|l| snively3\n|inactive|pokeveteran04 has 30 seconds left.\n|inactive|pokeveteran04 has 20 seconds left.\n|inactive|pokeveteran04 has 15 seconds left.\n|j|@Radio Free C-Side\n|inactive|pokeveteran04 has 10 seconds left.\n|inactive|pokeveteran04 has 5 seconds left.\n|\n|t:|1776139500\n|teamsize|p1|4\n|teamsize|p2|4\n|start\n|switch|p1a: Dragonite|Dragonite, L50, M|100/100\n|switch|p1b: Politoed|Politoed, L50, F|100/100\n|switch|p2a: Kangaskhan|Kangaskhan, L50, F, shiny|100/100\n|switch|p2b: Farigiraf|Farigiraf, L50, M, shiny|100/100\n|-weather|RainDance|[from] ability: Drizzle|[of] p1b: Politoed\n|turn|1\n|inactive|pokeveteran04 has 30 seconds left.\n|inactive|pokeveteran04 has 20 seconds left.\n|inactive|pokeveteran04 has 15 seconds left.\n|inactive|pokeveteran04 has 10 seconds left.\n|inactive|pokeveteran04 has 5 seconds left.\n|\n|t:|1776139550\n|move|p2a: Kangaskhan|Fake Out|p1a: Dragonite\n|-damage|p1a: Dragonite|92/100\n|cant|p1a: Dragonite|flinch\n|move|p1b: Politoed|Weather Ball|p2a: Kangaskhan\n|-damage|p2a: Kangaskhan|49/100\n|move|p2b: Farigiraf|Trick Room|p2b: Farigiraf\n|-fieldstart|move: Trick Room|[of] p2b: Farigiraf\n|\n|-weather|RainDance|[upkeep]\n|upkeep\n|turn|2\n|inactive|pokeveteran04 has 30 seconds left.\n|inactive|SpikeMike has 30 seconds left.\n|inactive|pokeveteran04 has 20 seconds left.\n|inactive|pokeveteran04 has 15 seconds left.\n|inactive|pokeveteran04 has 10 seconds left.\n|inactive|pokeveteran04 has 5 seconds left.\n|\n|t:|1776139600\n|detailschange|p2a: Kangaskhan|Kangaskhan-Mega, L50, F, shiny\n|-mega|p2a: Kangaskhan|Kangaskhan|Kangaskhanite\n|move|p2b: Farigiraf|Hyper Voice|p1a: Dragonite|[spread] p1a,p1b\n|-damage|p1a: Dragonite|60/100\n|-damage|p1b: Politoed|71/100\n|move|p1b: Politoed|Weather Ball|p2a: Kangaskhan\n|-damage|p2a: Kangaskhan|6/100\n|move|p1a: Dragonite|Hurricane|p2b: Farigiraf\n|-damage|p2b: Farigiraf|45/100\n|move|p2a: Kangaskhan|Double-Edge|p1b: Politoed\n|-damage|p1b: Politoed|9/100\n|-enditem|p1b: Politoed|Sitrus Berry|[eat]\n|-heal|p1b: Politoed|33/100|[from] item: Sitrus Berry\n|-crit|p1b: Politoed\n|-damage|p1b: Politoed|13/100\n|-hitcount|p1b: Politoed|2\n|-damage|p2a: Kangaskhan|0 fnt|[from] Recoil\n|faint|p2a: Kangaskhan\n|\n|-weather|RainDance|[upkeep]\n|upkeep\n|\n|t:|1776139617\n|switch|p2a: Sylveon|Sylveon, L50, F|100/100\n|turn|3\n|\n|t:|1776139629\n|switch|p1a: Sneasler|Sneasler, L50, F|100/100\n|move|p1b: Politoed|Protect|p1b: Politoed\n|-singleturn|p1b: Politoed|Protect\n|move|p2b: Farigiraf|Hyper Voice|p1b: Politoed|[spread] p1a\n|-activate|p1b: Politoed|move: Protect\n|-damage|p1a: Sneasler|56/100\n|move|p2a: Sylveon|Hyper Voice|p1a: Sneasler|[spread] p1a\n|-activate|p1b: Politoed|move: Protect\n|-damage|p1a: Sneasler|0 fnt\n|faint|p1a: Sneasler\n|\n|-weather|RainDance|[upkeep]\n|upkeep\n|inactive|pokeveteran04 has 30 seconds left.\n|\n|t:|1776139661\n|switch|p1a: Excadrill|Excadrill, L50, F|100/100\n|-ability|p1a: Excadrill|Mold Breaker\n|turn|4\n|j| snively3\n|inactive|pokeveteran04 has 30 seconds left.\n|\n|t:|1776139693\n|move|p1b: Politoed|Protect||[still]\n|-fail|p1b: Politoed\n|move|p2b: Farigiraf|Shadow Ball|p1a: Excadrill\n|-damage|p1a: Excadrill|62/100\n|move|p2a: Sylveon|Hyper Voice|p1b: Politoed|[spread] p1a,p1b\n|-resisted|p1a: Excadrill|1\n|-crit|p1b: Politoed\n|-damage|p1a: Excadrill|30/100\n|-damage|p1b: Politoed|0 fnt\n|faint|p1b: Politoed\n|move|p1a: Excadrill|Iron Head|p2b: Farigiraf\n|-damage|p2b: Farigiraf|1/100\n|\n|-weather|RainDance|[upkeep]\n|upkeep\n|\n|t:|1776139702\n|switch|p1b: Dragonite|Dragonite, L50, M|60/100\n|turn|5\n|\n|t:|1776139717\n|switch|p2b: Basculegion|Basculegion, L50, M, shiny|100/100\n|move|p1b: Dragonite|Protect|p1b: Dragonite\n|-singleturn|p1b: Dragonite|Protect\n|move|p2a: Sylveon|Hyper Voice|p1a: Excadrill|[spread] p1a\n|-activate|p1b: Dragonite|move: Protect\n|-resisted|p1a: Excadrill|1\n|-damage|p1a: Excadrill|0 fnt\n|faint|p1a: Excadrill\n|\n|-weather|none\n|-fieldend|move: Trick Room\n|upkeep\n|turn|6\n|\n|t:|1776139739\n|move|p1b: Dragonite|Protect||[still]\n|-fail|p1b: Dragonite\n|move|p2b: Basculegion|Last Respects|p1b: Dragonite\n|-damage|p1b: Dragonite|0 fnt\n|faint|p1b: Dragonite\n|\n|win|SpikeMike\n|n|\u2606pokeveteran04|pokeveteran04\n|n|\u2606SpikeMike|spikemike\n|n| llefface|llefface\n|n|+Radio Free C-Side|radiofreecside\n|n| snively3|snively3\n|c|\u2606SpikeMike|ggwp\n|l|\u2606pokeveteran04\n|player|p1|\n|l|\u2606SpikeMike\n|player|p2|\n|l| snively3\n|l|+Radio Free C-Side\n|l| llefface\n|j|\u2606pokeveteran04\n|player|p1|pokeveteran04|red|\n",
  "uploadtime": 1776139739,
  "views": 11,
  "formatid": "gen9championsvgc2026regma",
  "rating": null,
  "private": 0,
  "password": null
}