{
  "id": "gen9championsvgc2026regma-2584329859",
  "format": "[Gen 9 Champions] VGC 2026 Reg M-A",
  "players": [
    "LUMK",
    "Whale100x"
  ],
  "log": "|j|\u2606LUMK\n|j|\u2606Whale100x\n|t:|1776251888\n|gametype|doubles\n|player|p1|LUMK|preschooler|1063\n|player|p2|Whale100x|wallace|1092\n|gen|9\n|tier|[Gen 9 Champions] VGC 2026 Reg M-A\n|rated|\n|rule|Species Clause: Limit one of each Pok\u00e9mon\n|rule|Item Clause: Limit 1 of each item\n|clearpoke\n|poke|p1|Audino, L50, F|\n|poke|p1|Hatterene, L50, F|\n|poke|p1|Dragonite, L50, F|\n|poke|p1|Ninetales-Alola, L50, F|\n|poke|p1|Kingambit, L50, F|\n|poke|p1|Sneasler, L50, F|\n|poke|p2|Sharpedo, L50, F|\n|poke|p2|Pelipper, L50, M|\n|poke|p2|Archaludon, L50, M|\n|poke|p2|Tsareena, L50, F|\n|poke|p2|Basculegion, L50, M|\n|poke|p2|Sinistcha, L50|\n|teampreview|4\n|inactive|Battle timer is ON: inactive players will automatically lose when time's up. (requested by Whale100x)\nLUMK rejected open team sheets.\n|\n|t:|1776251913\n|teamsize|p1|4\n|teamsize|p2|4\n|start\n|switch|p1a: Audino|Audino, L50, F|100/100\n|switch|p1b: Sneasler|Sneasler, L50, F|100/100\n|switch|p2a: Nigel|Pelipper, L50, M|100/100\n|switch|p2b: Bass|Basculegion, L50, M|100/100\n|-weather|RainDance|[from] ability: Drizzle|[of] p2a: Nigel\n|turn|1\n|\n|t:|1776251933\n|detailschange|p1a: Audino|Audino-Mega, L50, F\n|-mega|p1a: Audino|Audino|Audinite\n|move|p2b: Bass|Liquidation|p1a: Audino\n|-damage|p1a: Audino|56/100\n|move|p1b: Sneasler|Close Combat|p2b: Bass\n|-immune|p2b: Bass\n|move|p2a: Nigel|Hurricane|p1b: Sneasler\n|-supereffective|p1b: Sneasler|1\n|-damage|p1b: Sneasler|16/100\n|move|p1a: Audino|Trick Room|p1a: Audino\n|-fieldstart|move: Trick Room|[of] p1a: Audino\n|\n|-weather|RainDance|[upkeep]\n|upkeep\n|turn|2\n|\n|t:|1776251953\n|switch|p2a: THE MECH|Archaludon, L50, M|100/100\n|switch|p2b: Bonnie Green|Tsareena, L50, F|100/100\n|move|p1a: Audino|Life Dew|p1a: Audino|[spread] p1a,p1b\n|-heal|p1a: Audino|81/100\n|-heal|p1b: Sneasler|41/100\n|move|p1b: Sneasler|Rock Slide|p2a: THE MECH|[spread] p2a,p2b\n|-resisted|p2a: THE MECH|1\n|-crit|p2b: Bonnie Green\n|-damage|p2a: THE MECH|93/100\n|-damage|p2b: Bonnie Green|64/100\n|-ability|p2a: THE MECH|Stamina|boost\n|-boost|p2a: THE MECH|def|1\n|\n|-weather|RainDance|[upkeep]\n|upkeep\n|turn|3\n|\n|t:|1776251978\n|move|p1a: Audino|After You|p1b: Sneasler\n|-activate|p1b: Sneasler|move: After You\n|move|p1b: Sneasler|Dire Claw|p2b: Bonnie Green\n|-supereffective|p2b: Bonnie Green|1\n|-damage|p2b: Bonnie Green|0 fnt\n|faint|p2b: Bonnie Green\n|move|p2a: THE MECH|Electro Shot||[still]\n|-prepare|p2a: THE MECH|Electro Shot\n|-boost|p2a: THE MECH|spa|1\n|-anim|p2a: THE MECH|Electro Shot|p1a: Audino\n|-crit|p1a: Audino\n|-damage|p1a: Audino|22/100\n|\n|-weather|RainDance|[upkeep]\n|upkeep\n|\n|t:|1776251996\n|switch|p2b: Nigel|Pelipper, L50, M|100/100\n|turn|4\n|\n|t:|1776252009\n|switch|p1a: Ninetales|Ninetales-Alola, L50, F|100/100\n|-weather|Snowscape|[from] ability: Snow Warning|[of] p1a: Ninetales\n|move|p2a: THE MECH|Electro Shot||[still]\n|-prepare|p2a: THE MECH|Electro Shot\n|-boost|p2a: THE MECH|spa|1\n|move|p2b: Nigel|Hurricane|p1b: Sneasler\n|-supereffective|p1b: Sneasler|1\n|-damage|p1b: Sneasler|0 fnt\n|faint|p1b: Sneasler\n|\n|-weather|Snowscape|[upkeep]\n|upkeep\n|\n|t:|1776252019\n|switch|p1b: Hatterene|Hatterene, L50, F|100/100\n|turn|5\n|\n|t:|1776252031\n|move|p1b: Hatterene|Dazzling Gleam|p2a: THE MECH|[spread] p2a,p2b\n|-damage|p2a: THE MECH|49/100\n|-damage|p2b: Nigel|46/100\n|-ability|p2a: THE MECH|Stamina|boost\n|-boost|p2a: THE MECH|def|1\n|move|p2a: THE MECH|Electro Shot|p1a: Ninetales|[from] lockedmove\n|-damage|p1a: Ninetales|4/100\n|move|p2b: Nigel|Rain Dance|p2b: Nigel\n|-weather|RainDance\n|move|p1a: Ninetales|Blizzard|p2b: Nigel|[spread] p2b\n|-miss|p1a: Ninetales|p2a: THE MECH\n|-damage|p2b: Nigel|0 fnt\n|faint|p2b: Nigel\n|\n|-weather|RainDance|[upkeep]\n|-fieldend|move: Trick Room\n|upkeep\n|\n|t:|1776252045\n|switch|p2b: Bass|Basculegion, L50, M|100/100\n|turn|6\n|\n|t:|1776252057\n|switch|p1a: Audino|Audino-Mega, L50, F|22/100\n|move|p2b: Bass|Crunch|p1a: Audino\n|-resisted|p1a: Audino|1\n|-damage|p1a: Audino|14/100\n|move|p2a: THE MECH|Electro Shot||[still]\n|-prepare|p2a: THE MECH|Electro Shot\n|-boost|p2a: THE MECH|spa|1\n|-anim|p2a: THE MECH|Electro Shot|p1b: Hatterene\n|-damage|p1b: Hatterene|0 fnt\n|faint|p1b: Hatterene\n|\n|-weather|RainDance|[upkeep]\n|upkeep\n|\n|t:|1776252071\n|switch|p1b: Ninetales|Ninetales-Alola, L50, F|4/100\n|-weather|Snowscape|[from] ability: Snow Warning|[of] p1b: Ninetales\n|turn|7\n|\n|t:|1776252088\n|move|p1b: Ninetales|Protect|p1b: Ninetales\n|-singleturn|p1b: Ninetales|Protect\n|move|p2b: Bass|Liquidation|p1a: Audino\n|-damage|p1a: Audino|0 fnt\n|faint|p1a: Audino\n|move|p2a: THE MECH|Thunder|p1b: Ninetales\n|-activate|p1b: Ninetales|move: Protect\n|\n|-weather|Snowscape|[upkeep]\n|upkeep\n|turn|8\n|-message|LUMK forfeited.\n|\n|win|Whale100x\n|raw|LUMK's rating: 1063 &rarr; <strong>1045</strong><br />(-18 for losing)\n|raw|Whale100x's rating: 1092 &rarr; <strong>1116</strong><br />(+24 for winning)\n|l|\u2606LUMK\n|player|p1|\n",
  "uploadtime": 1776252109,
  "views": 27,
  "formatid": "gen9championsvgc2026regma",
  "rating": 1045,
  "private": 0,
  "password": null
}