{
  "id": "gen9championsvgc2026regma-2583517531",
  "format": "[Gen 9 Champions] VGC 2026 Reg M-A",
  "players": [
    "djerry scotti",
    "petasmash"
  ],
  "log": "|j|\u2606djerry scotti\n|j|\u2606petasmash\n|t:|1776180671\n|gametype|doubles\n|player|p1|djerry scotti|zinzolin|1046\n|player|p2|petasmash|steven|1000\n|gen|9\n|tier|[Gen 9 Champions] VGC 2026 Reg M-A\n|rated|\n|rule|Species Clause: Limit one of each Pok\u00e9mon\n|rule|Item Clause: Limit 1 of each item\n|clearpoke\n|poke|p1|Ninetales-Alola, L50, M|\n|poke|p1|Venusaur, L50, M|\n|poke|p1|Incineroar, L50, F|\n|poke|p1|Aegislash, L50, M|\n|poke|p1|Tauros-Paldea-Aqua, L50, M|\n|poke|p1|Aerodactyl, L50, M|\n|poke|p2|Liepard, L50, F|\n|poke|p2|Basculegion, L50, M|\n|poke|p2|Meganium, L50, M|\n|poke|p2|Sneasler, L50, M|\n|poke|p2|Froslass, L50, F|\n|poke|p2|Abomasnow, L50, F|\n|teampreview|4\n|c|\u2606petasmash|Glhf\n|inactive|Battle timer is ON: inactive players will automatically lose when time's up. (requested by petasmash)\n|\n|t:|1776180699\n|teamsize|p1|4\n|teamsize|p2|4\n|start\n|switch|p1a: Incineroar|Incineroar, L50, F|100/100\n|switch|p1b: Aerodactyl|Aerodactyl, L50, M|100/100\n|switch|p2a: Liepard|Liepard, L50, F|100/100\n|switch|p2b: Basculegion|Basculegion, L50, M|100/100\n|-ability|p1b: Aerodactyl|Unnerve\n|-ability|p1a: Incineroar|Intimidate|boost\n|-unboost|p2a: Liepard|atk|1\n|-unboost|p2b: Basculegion|atk|1\n|turn|1\n|\n|t:|1776180717\n|switch|p2a: Froslass|Froslass, L50, F|100/100\n|switch|p1a: Venusaur|Venusaur, L50, M|100/100\n|move|p1b: Aerodactyl|Protect|p1b: Aerodactyl\n|-singleturn|p1b: Aerodactyl|Protect\n|move|p2b: Basculegion|Wave Crash|p1a: Venusaur\n|-resisted|p1a: Venusaur|1\n|-damage|p1a: Venusaur|65/100\n|-damage|p2b: Basculegion|89/100|[from] Recoil\n|\n|upkeep\n|turn|2\n|inactive|petasmash has 30 seconds left.\n|inactive|petasmash has 20 seconds left.\n|inactive|petasmash has 15 seconds left.\n|\n|t:|1776180758\n|switch|p2a: Liepard|Liepard, L50, F|100/100\n|detailschange|p1a: Venusaur|Venusaur-Mega, L50, M\n|-mega|p1a: Venusaur|Venusaur|Venusaurite\n|move|p1b: Aerodactyl|Wide Guard|p1b: Aerodactyl\n|-singleturn|p1b: Aerodactyl|Wide Guard\n|move|p2b: Basculegion|Wave Crash|p1b: Aerodactyl\n|-supereffective|p1b: Aerodactyl|1\n|-enditem|p1b: Aerodactyl|Focus Sash\n|-damage|p1b: Aerodactyl|1/100\n|-damage|p2b: Basculegion|63/100|[from] Recoil\n|move|p1a: Venusaur|Leech Seed|p2a: Liepard\n|-start|p2a: Liepard|move: Leech Seed\n|\n|-damage|p2a: Liepard|88/100|[from] Leech Seed|[of] p1a: Venusaur\n|-heal|p1a: Venusaur|74/100|[silent]\n|upkeep\n|turn|3\n|\n|t:|1776180783\n|move|p1b: Aerodactyl|Protect||[still]\n|-fail|p1b: Aerodactyl\n|move|p2a: Liepard|Thunder Wave|p1a: Venusaur\n|-status|p1a: Venusaur|par\n|move|p2b: Basculegion|Aqua Jet|p1b: Aerodactyl\n|-supereffective|p1b: Aerodactyl|1\n|-damage|p1b: Aerodactyl|0 fnt\n|faint|p1b: Aerodactyl\n|move|p1a: Venusaur|Giga Drain|p2b: Basculegion\n|-supereffective|p2b: Basculegion|1\n|-damage|p2b: Basculegion|0 fnt\n|-heal|p1a: Venusaur|100/100 par|[from] drain|[of] p2b: Basculegion\n|faint|p2b: Basculegion\n|\n|-damage|p2a: Liepard|76/100|[from] Leech Seed|[of] p1a: Venusaur\n|upkeep\n|\n|t:|1776180800\n|switch|p1b: Incineroar|Incineroar, L50, F|100/100\n|switch|p2b: Abomasnow|Abomasnow, L50, F|100/100\n|-ability|p1b: Incineroar|Intimidate|boost\n|-unboost|p2a: Liepard|atk|1\n|-unboost|p2b: Abomasnow|atk|1\n|-weather|Snowscape|[from] ability: Snow Warning|[of] p2b: Abomasnow\n|turn|4\n|\n|t:|1776180819\n|switch|p2a: Froslass|Froslass, L50, F|100/100\n|move|p2b: Abomasnow|Protect|p2b: Abomasnow\n|-singleturn|p2b: Abomasnow|Protect\n|move|p1b: Incineroar|Fake Out|p2b: Abomasnow\n|-activate|p2b: Abomasnow|move: Protect\n|cant|p1a: Venusaur|par\n|\n|-weather|Snowscape|[upkeep]\n|upkeep\n|turn|5\n|\n|t:|1776180838\n|detailschange|p2b: Abomasnow|Abomasnow-Mega, L50, F\n|-mega|p2b: Abomasnow|Abomasnow|Abomasite\n|move|p2a: Froslass|Aurora Veil|p2a: Froslass\n|-sidestart|p2: petasmash|move: Aurora Veil\n|move|p1b: Incineroar|Flare Blitz|p2b: Abomasnow\n|-supereffective|p2b: Abomasnow|2\n|-damage|p2b: Abomasnow|23/100\n|-damage|p1b: Incineroar|76/100|[from] Recoil\n|move|p1a: Venusaur|Leech Seed|p2a: Froslass\n|-start|p2a: Froslass|move: Leech Seed\n|move|p2b: Abomasnow|Sheer Cold|p1b: Incineroar\n|-damage|p1b: Incineroar|0 fnt\n|faint|p1b: Incineroar\n|-ohko\n|\n|-weather|Snowscape|[upkeep]\n|-damage|p2a: Froslass|88/100|[from] Leech Seed|[of] p1a: Venusaur\n|upkeep\n|c|\u2606djerry scotti|Sorry what\n|\n|t:|1776180863\n|switch|p1b: Aegislash|Aegislash, L50, M|100/100\n|turn|6\n|inactive|petasmash has 30 seconds left.\n|\n|t:|1776180892\n|switch|p2b: Liepard|Liepard, L50, F|76/100\n|move|p2a: Froslass|Blizzard|p1b: Aegislash|[spread] p1a,p1b\n|-supereffective|p1a: Venusaur|1\n|-resisted|p1b: Aegislash|1\n|-crit|p1b: Aegislash\n|-damage|p1a: Venusaur|77/100 par\n|-damage|p1b: Aegislash|81/100\n|-formechange|p1b: Aegislash|Aegislash-Blade|\n|move|p1b: Aegislash|Shadow Ball|p2a: Froslass\n|-supereffective|p2a: Froslass|1\n|-crit|p2a: Froslass\n|-damage|p2a: Froslass|0 fnt\n|faint|p2a: Froslass\n|move|p1a: Venusaur|Sludge Bomb|p2b: Liepard\n|-damage|p2b: Liepard|17/100\n|-status|p2b: Liepard|psn\n|\n|-weather|Snowscape|[upkeep]\n|-heal|p1b: Aegislash|87/100|[from] item: Leftovers\n|-damage|p2b: Liepard|5/100 psn|[from] psn\n|upkeep\n|\n|t:|1776180906\n|switch|p2a: Abomasnow|Abomasnow-Mega, L50, F|23/100\n|turn|7\n|\n|t:|1776180922\n|-formechange|p1b: Aegislash|Aegislash|\n|move|p1b: Aegislash|King's Shield|p1b: Aegislash\n|-singleturn|p1b: Aegislash|Protect\n|move|p1a: Venusaur|Protect|p1a: Venusaur\n|-singleturn|p1a: Venusaur|Protect\n|move|p2b: Liepard|Fake Tears|p1a: Venusaur\n|-activate|p1a: Venusaur|move: Protect\n|move|p2a: Abomasnow|Blizzard|p1a: Venusaur|[spread] \n|-activate|p1a: Venusaur|move: Protect\n|-activate|p1b: Aegislash|move: Protect\n|\n|-weather|Snowscape|[upkeep]\n|-heal|p1b: Aegislash|93/100|[from] item: Leftovers\n|-damage|p2b: Liepard|0 fnt|[from] psn\n|faint|p2b: Liepard\n|upkeep\n|turn|8\n|\n|t:|1776180943\n|move|p1b: Aegislash|Wide Guard|p1b: Aegislash\n|-singleturn|p1b: Aegislash|Wide Guard\n|move|p1a: Venusaur|Sludge Bomb|p2a: Abomasnow\n|-supereffective|p2a: Abomasnow|1\n|-damage|p2a: Abomasnow|0 fnt\n|faint|p2a: Abomasnow\n|\n|win|djerry scotti\n|raw|djerry scotti's rating: 1046 &rarr; <strong>1075</strong><br />(+29 for winning)\n|raw|petasmash's rating: 1000 &rarr; <strong>1000</strong><br />(+0 for losing)\n|l|\u2606petasmash\n|player|p2|\n",
  "uploadtime": 1776180957,
  "views": 17,
  "formatid": "gen9championsvgc2026regma",
  "rating": 1000,
  "private": 0,
  "password": null
}