{
  "id": "gen9championsvgc2026regma-2582745336",
  "format": "[Gen 9 Champions] VGC 2026 Reg M-A",
  "players": [
    "enzoo1600",
    "Veinelso"
  ],
  "log": "|j|\u2606enzoo1600\n|j|\u2606Veinelso\n|inactive|Battle timer is ON: inactive players will automatically lose when time's up.\n|t:|1776111173\n|gametype|doubles\n|player|p1|enzoo1600|hilbert|\n|player|p2|Veinelso|az-lza|\n|gen|9\n|tier|[Gen 9 Champions] VGC 2026 Reg M-A\n|rated|Tournament battle\n|rule|Species Clause: Limit one of each Pok\u00e9mon\n|rule|Item Clause: Limit 1 of each item\n|clearpoke\n|poke|p1|Floette-Eternal, L50, F|\n|poke|p1|Garchomp, L50, M|\n|poke|p1|Maushold, L50|\n|poke|p1|Aerodactyl, L50, M|\n|poke|p1|Rotom-Wash, L50|\n|poke|p1|Kingambit, L50, F|\n|poke|p2|Floette-Eternal, L50, F|\n|poke|p2|Maushold, L50|\n|poke|p2|Garchomp, L50, M|\n|poke|p2|Aerodactyl, L50, M|\n|poke|p2|Glimmora, L50, F|\n|poke|p2|Aegislash, L50, M|\n|teampreview|4\n|inactive|Veinelso also wants the timer to be on.\n|j| lufox2.0\nVeinelso has agreed to open team sheets.\n|c|\u2606enzoo1600|hf\nenzoo1600 has agreed to open team sheets.\n|showteam|p1|Floette-Eternal||Floettite|FlowerVeil|Moonblast,DazzlingGleam,LightofRuin,Protect|||F|||50|]Garchomp||WhiteHerb|RoughSkin|Earthquake,DragonClaw,RockSlide,Protect|||M|||50|]Maushold||SitrusBerry|FriendGuard|SuperFang,HelpingHand,FollowMe,Protect||||||50|]Aerodactyl||FocusSash|Unnerve|DualWingbeat,Tailwind,Protect,RockSlide|||M|||50|]Rotom-Wash||Leftovers|Levitate|WillOWisp,HydroPump,Protect,VoltSwitch||||||50|]Kingambit||BlackGlasses|Defiant|Protect,SuckerPunch,IronHead,KowtowCleave|||F|||50|\n|showteam|p2|Floette-Eternal||Floettite|FlowerVeil|Moonblast,DazzlingGleam,LightofRuin,Protect|||F|||50|]Maushold||SitrusBerry|FriendGuard|SuperFang,HelpingHand,FollowMe,Protect||||||50|]Garchomp||WhiteHerb|RoughSkin|Earthquake,DragonClaw,RockSlide,Protect|||M|||50|]Aerodactyl||FocusSash|Unnerve|DualWingbeat,Tailwind,Protect,RockSlide|||M|||50|]Glimmora||Glimmoranite|ToxicDebris|SludgeBomb,SpikyShield,PowerGem,EarthPower|||F|||50|]Aegislash||SpellTag|StanceChange|Poltergeist,ShadowSneak,IronHead,KingsShield|||M|||50|\n|inactive|enzoo1600 has 60 seconds left.\n|inactive|Veinelso has 60 seconds left.\n|\n|t:|1776111229\n|teamsize|p1|4\n|teamsize|p2|4\n|start\n|switch|p1a: Floette|Floette-Eternal, L50, F|100/100\n|switch|p1b: Aerodactyl|Aerodactyl, L50, M|100/100\n|switch|p2a: Glimmora|Glimmora, L50, F|100/100\n|switch|p2b: Maushold|Maushold, L50|100/100\n|-ability|p1b: Aerodactyl|Unnerve\n|turn|1\n|inactive|enzoo1600 has 30 seconds left.\n|inactive|enzoo1600 has 20 seconds left.\n|\n|t:|1776111265\n|move|p2b: Maushold|Protect|p2b: Maushold\n|-singleturn|p2b: Maushold|Protect\n|move|p1a: Floette|Protect|p1a: Floette\n|-singleturn|p1a: Floette|Protect\n|move|p1b: Aerodactyl|Tailwind|p1b: Aerodactyl\n|-sidestart|p1: enzoo1600|move: Tailwind\n|move|p2a: Glimmora|Sludge Bomb|p1a: Floette\n|-activate|p1a: Floette|move: Protect\n|\n|upkeep\n|turn|2\n|\n|t:|1776111284\n|switch|p1a: Garchomp|Garchomp, L50, M|100/100\n|move|p1b: Aerodactyl|Dual Wingbeat|p2b: Maushold\n|-damage|p2b: Maushold|85/100\n|-damage|p2b: Maushold|70/100\n|-hitcount|p2b: Maushold|2\n|move|p2a: Glimmora|Sludge Bomb|p1a: Garchomp\n|-resisted|p1a: Garchomp|1\n|-damage|p1a: Garchomp|75/100\n|-status|p1a: Garchomp|psn\n|move|p2b: Maushold|Super Fang|p1b: Aerodactyl\n|-damage|p1b: Aerodactyl|51/100\n|\n|-damage|p1a: Garchomp|63/100 psn|[from] psn\n|upkeep\n|turn|3\n|\n|t:|1776111304\n|move|p2a: Glimmora|Spiky Shield|p2a: Glimmora\n|-singleturn|p2a: Glimmora|move: Protect\n|move|p2b: Maushold|Protect|p2b: Maushold\n|-singleturn|p2b: Maushold|Protect\n|move|p1b: Aerodactyl|Dual Wingbeat|p2b: Maushold\n|-activate|p2b: Maushold|move: Protect\n|move|p1a: Garchomp|Earthquake|p2b: Maushold|[spread] \n|-activate|p2a: Glimmora|move: Protect\n|-activate|p2b: Maushold|move: Protect\n|-immune|p1b: Aerodactyl\n|\n|-damage|p1a: Garchomp|51/100 psn|[from] psn\n|upkeep\n|turn|4\n|j| riquelme14\n|inactive|Veinelso has 30 seconds left.\n|\n|t:|1776111336\n|switch|p2a: Garchomp|Garchomp, L50, M|100/100\n|move|p2b: Maushold|Protect|p2b: Maushold\n|-singleturn|p2b: Maushold|Protect\n|move|p1b: Aerodactyl|Dual Wingbeat|p2b: Maushold\n|-activate|p2b: Maushold|move: Protect\n|move|p1a: Garchomp|Earthquake|p2b: Maushold|[spread] p2a\n|-activate|p2b: Maushold|move: Protect\n|-immune|p1b: Aerodactyl\n|-damage|p2a: Garchomp|72/100\n|\n|-damage|p1a: Garchomp|39/100 psn|[from] psn\n|-sideend|p1: enzoo1600|move: Tailwind\n|upkeep\n|turn|5\n|inactive|Veinelso has 30 seconds left.\n|inactive|Veinelso has 20 seconds left.\n|inactive|Veinelso has 15 seconds left.\n|inactive|Veinelso has 10 seconds left.\n|inactive|Veinelso has 5 seconds left.\n|\n|t:|1776111386\n|move|p2b: Maushold|Helping Hand|p2a: Garchomp\n|-singleturn|p2a: Garchomp|Helping Hand|[of] p2b: Maushold\n|move|p1a: Garchomp|Protect|p1a: Garchomp\n|-singleturn|p1a: Garchomp|Protect\n|move|p1b: Aerodactyl|Tailwind|p1b: Aerodactyl\n|-sidestart|p1: enzoo1600|move: Tailwind\n|move|p2a: Garchomp|Rock Slide|p1a: Garchomp|[spread] p1b\n|-activate|p1a: Garchomp|move: Protect\n|-supereffective|p1b: Aerodactyl|1\n|-damage|p1b: Aerodactyl|0 fnt\n|faint|p1b: Aerodactyl\n|\n|-damage|p1a: Garchomp|27/100 psn|[from] psn\n|upkeep\n|\n|t:|1776111396\n|switch|p1b: Floette|Floette-Eternal, L50, F|100/100\n|turn|6\n|\n|t:|1776111413\n|move|p1b: Floette|Protect|p1b: Floette\n|-singleturn|p1b: Floette|Protect\n|move|p2b: Maushold|Protect|p2b: Maushold\n|-singleturn|p2b: Maushold|Protect\n|move|p1a: Garchomp|Earthquake|p2b: Maushold|[spread] p2a\n|-activate|p1b: Floette|move: Protect\n|-activate|p2b: Maushold|move: Protect\n|-damage|p2a: Garchomp|46/100\n|move|p2a: Garchomp|Earthquake|p1b: Floette|[spread] p1a\n|-activate|p2b: Maushold|move: Protect\n|-activate|p1b: Floette|move: Protect\n|-damage|p1a: Garchomp|0 fnt\n|faint|p1a: Garchomp\n|\n|upkeep\n|\n|t:|1776111424\n|switch|p1a: Kingambit|Kingambit, L50, F|100/100\n|turn|7\n|\n|t:|1776111440\n|switch|p2a: Glimmora|Glimmora, L50, F|100/100\n|detailschange|p1b: Floette|Floette-Mega, L50, F\n|-mega|p1b: Floette|Floette|Floettite\n|-ability|p1b: Floette|Fairy Aura\n|move|p2b: Maushold|Follow Me|p2b: Maushold\n|-singleturn|p2b: Maushold|move: Follow Me\n|move|p1b: Floette|Dazzling Gleam|p2a: Glimmora|[spread] p2a,p2b\n|-resisted|p2a: Glimmora|1\n|-damage|p2a: Glimmora|77/100\n|-damage|p2b: Maushold|4/100\n|-enditem|p2b: Maushold|Sitrus Berry|[eat]\n|-heal|p2b: Maushold|29/100|[from] item: Sitrus Berry\n|move|p1a: Kingambit|Kowtow Cleave|p2b: Maushold\n|-damage|p2b: Maushold|0 fnt\n|faint|p2b: Maushold\n|\n|upkeep\n|\n|t:|1776111464\n|switch|p2b: Garchomp|Garchomp, L50, M|46/100\n|turn|8\n|\n|t:|1776111477\n|move|p2a: Glimmora|Spiky Shield|p2a: Glimmora\n|-singleturn|p2a: Glimmora|move: Protect\n|move|p2b: Garchomp|Protect|p2b: Garchomp\n|-singleturn|p2b: Garchomp|Protect\n|move|p1b: Floette|Moonblast|p2b: Garchomp\n|-activate|p2b: Garchomp|move: Protect\n|move|p1a: Kingambit|Iron Head|p2a: Glimmora\n|-activate|p2a: Glimmora|move: Protect\n|-damage|p1a: Kingambit|88/100|[from] Spiky Shield|[of] p2a: Glimmora\n|\n|-sideend|p1: enzoo1600|move: Tailwind\n|upkeep\n|turn|9\n|\n|t:|1776111486\n|move|p2a: Glimmora|Sludge Bomb|p1b: Floette\n|-supereffective|p1b: Floette|1\n|-damage|p1b: Floette|21/100\n|-status|p1b: Floette|psn\n|move|p1b: Floette|Moonblast|p2b: Garchomp\n|-supereffective|p2b: Garchomp|1\n|-damage|p2b: Garchomp|0 fnt\n|faint|p2b: Garchomp\n|move|p1a: Kingambit|Iron Head|p2a: Glimmora\n|-supereffective|p2a: Glimmora|1\n|-damage|p2a: Glimmora|0 fnt\n|-activate|p2a: Glimmora|ability: Toxic Debris\n|-sidestart|p1: enzoo1600|move: Toxic Spikes\n|faint|p2a: Glimmora\n|\n|-damage|p1b: Floette|9/100 psn|[from] psn\n|upkeep\n|\n|t:|1776111497\n|switch|p2b: Floette|Floette-Eternal, L50, F|100/100\n|turn|10\n|\n|t:|1776111504\n|detailschange|p2b: Floette|Floette-Mega, L50, F\n|-mega|p2b: Floette|Floette|Floettite\n|-ability|p2b: Floette|Fairy Aura\n|move|p2b: Floette|Protect|p2b: Floette\n|-singleturn|p2b: Floette|Protect\n|move|p1b: Floette|Light of Ruin|p2b: Floette\n|-activate|p2b: Floette|move: Protect\n|move|p1a: Kingambit|Iron Head|p2b: Floette\n|-activate|p2b: Floette|move: Protect\n|\n|-damage|p1b: Floette|0 fnt|[from] psn\n|faint|p1b: Floette\n|upkeep\n|turn|11\n|\n|t:|1776111510\n|move|p2b: Floette|Light of Ruin|p1a: Kingambit\n|-damage|p1a: Kingambit|0 fnt\n|faint|p1a: Kingambit\n|-damage|p2b: Floette|58/100|[from] Recoil\n|\n|win|Veinelso\n|n|\u2606enzoo1600|enzoo1600\n|n|\u2606Veinelso|veinelso\n|n| lufox2.0|lufox20\n|n| riquelme14|riquelme14\n",
  "uploadtime": 1776111510,
  "views": 15,
  "formatid": "gen9championsvgc2026regma",
  "rating": null,
  "private": 0,
  "password": null
}