{
  "id": "gen9championsvgc2026regma-2586428266",
  "format": "[Gen 9 Champions] VGC 2026 Reg M-A",
  "players": [
    "kittehnomz",
    "PiinkLugia"
  ],
  "log": "|j|\u2606kittehnomz\n|j|\u2606PiinkLugia\n|t:|1776434004\n|gametype|doubles\n|player|p1|kittehnomz|whitney|1100\n|player|p2|PiinkLugia|flannery|1029\n|gen|9\n|tier|[Gen 9 Champions] VGC 2026 Reg M-A\n|rated|\n|rule|Species Clause: Limit one of each Pok\u00e9mon\n|rule|Item Clause: Limit 1 of each item\n|clearpoke\n|poke|p1|Meganium, L50, M|\n|poke|p1|Sneasler, L50, M|\n|poke|p1|Tyranitar, L50, M|\n|poke|p1|Excadrill, L50, M|\n|poke|p1|Dragapult, L50, F|\n|poke|p1|Rotom-Wash, L50|\n|poke|p2|Garchomp, L50, F|\n|poke|p2|Scizor, L50, M|\n|poke|p2|Pelipper, L50, M|\n|poke|p2|Rotom-Wash, L50|\n|poke|p2|Basculegion, L50, M|\n|poke|p2|Incineroar, L50, F|\n|teampreview|4\n|\n|t:|1776434041\n|teamsize|p1|4\n|teamsize|p2|4\n|start\n|switch|p1a: Meganium|Meganium, L50, M, shiny|100/100\n|switch|p1b: Sneasler|Sneasler, L50, M, shiny|100/100\n|switch|p2a: Pelipper|Pelipper, L50, M|100/100\n|switch|p2b: Garchomp|Garchomp, L50, F|100/100\n|-weather|RainDance|[from] ability: Drizzle|[of] p2a: Pelipper\n|turn|1\n|\n|t:|1776434066\n|detailschange|p1a: Meganium|Meganium-Mega, L50, M, shiny\n|-mega|p1a: Meganium|Meganium|Meganiumite\n|move|p1b: Sneasler|Fake Out|p2a: Pelipper\n|-damage|p2a: Pelipper|86/100\n|move|p2b: Garchomp|Earthquake|p1b: Sneasler|[spread] p1a,p1b\n|-immune|p2a: Pelipper\n|-resisted|p1a: Meganium|1\n|-supereffective|p1b: Sneasler|1\n|-damage|p1a: Meganium|76/100\n|-damage|p1b: Sneasler|0 fnt\n|faint|p1b: Sneasler\n|move|p1a: Meganium|Dazzling Gleam|p2a: Pelipper|[spread] p2a,p2b\n|-supereffective|p2b: Garchomp|1\n|-damage|p2a: Pelipper|41/100\n|-damage|p2b: Garchomp|29/100\n|cant|p2a: Pelipper|flinch\n|\n|-weather|RainDance|[upkeep]\n|upkeep\n|\n|t:|1776434088\n|switch|p1b: Dragapult|Dragapult, L50, F, shiny|100/100\n|turn|2\n|\n|t:|1776434113\n|switch|p2b: Incineroar|Incineroar, L50, F|100/100\n|-ability|p2b: Incineroar|Intimidate|boost\n|-unboost|p1a: Meganium|atk|1\n|-fail|p1b: Dragapult|unboost|[from] ability: Clear Body|[of] p1b: Dragapult\n|move|p2a: Pelipper|Protect|p2a: Pelipper\n|-singleturn|p2a: Pelipper|Protect\n|move|p1b: Dragapult|Dragon Darts|p2b: Incineroar\n|-damage|p2b: Incineroar|81/100\n|-anim|p1b: Dragapult|Dragon Darts|p2b: Incineroar\n|-damage|p2b: Incineroar|63/100\n|move|p1a: Meganium|Dazzling Gleam|p2b: Incineroar|[spread] p2b\n|-activate|p2a: Pelipper|move: Protect\n|-damage|p2b: Incineroar|39/100\n|-enditem|p2b: Incineroar|Sitrus Berry|[eat]\n|-heal|p2b: Incineroar|64/100|[from] item: Sitrus Berry\n|\n|-weather|RainDance|[upkeep]\n|upkeep\n|turn|3\n|\n|t:|1776434146\n|move|p2b: Incineroar|Fake Out|p1a: Meganium\n|-damage|p1a: Meganium|66/100\n|move|p1b: Dragapult|Dragon Darts|p2a: Pelipper\n|-damage|p2a: Pelipper|18/100\n|-anim|p1b: Dragapult|Dragon Darts|p2b: Incineroar\n|-damage|p2b: Incineroar|43/100\n|cant|p1a: Meganium|flinch\n|move|p2a: Pelipper|Tailwind|p2a: Pelipper\n|-sidestart|p2: PiinkLugia|move: Tailwind\n|\n|-weather|RainDance|[upkeep]\n|upkeep\n|turn|4\n|\n|t:|1776434175\n|switch|p1a: Rotom|Rotom-Wash, L50, shiny|100/100\n|move|p2a: Pelipper|Hurricane|p1a: Rotom\n|-resisted|p1a: Rotom|1\n|-damage|p1a: Rotom|80/100\n|move|p1b: Dragapult|Phantom Force||[still]\n|-prepare|p1b: Dragapult|Phantom Force\n|move|p2b: Incineroar|Darkest Lariat|p1b: Dragapult|[miss]\n|-miss|p2b: Incineroar|p1b: Dragapult\n|\n|-weather|RainDance|[upkeep]\n|upkeep\n|turn|5\n|\n|t:|1776434210\n|move|p2a: Pelipper|Hurricane|p1a: Rotom\n|-resisted|p1a: Rotom|1\n|-damage|p1a: Rotom|60/100\n|move|p1b: Dragapult|Phantom Force|p2a: Pelipper|[from] lockedmove\n|-damage|p2a: Pelipper|0 fnt\n|faint|p2a: Pelipper\n|move|p2b: Incineroar|Darkest Lariat|p1b: Dragapult\n|-supereffective|p1b: Dragapult|1\n|-enditem|p1b: Dragapult|Colbur Berry|[eat]\n|-enditem|p1b: Dragapult|Colbur Berry|[weaken]\n|-damage|p1b: Dragapult|56/100\n|move|p1a: Rotom|Hydro Pump|p2b: Incineroar|[miss]\n|-miss|p1a: Rotom|p2b: Incineroar\n|\n|-weather|none\n|upkeep\n|inactive|Battle timer is ON: inactive players will automatically lose when time's up. (requested by kittehnomz)\n|\n|t:|1776434244\n|switch|p2a: Garchomp|Garchomp, L50, F|29/100\n|turn|6\n|\n|t:|1776434254\n|move|p1b: Dragapult|Protect|p1b: Dragapult\n|-singleturn|p1b: Dragapult|Protect\n|move|p1a: Rotom|Protect|p1a: Rotom\n|-singleturn|p1a: Rotom|Protect\n|move|p2a: Garchomp|Dragon Claw|p1b: Dragapult\n|-activate|p1b: Dragapult|move: Protect\n|move|p2b: Incineroar|Darkest Lariat|p1a: Rotom\n|-activate|p1a: Rotom|move: Protect\n|\n|-sideend|p2: PiinkLugia|move: Tailwind\n|upkeep\n|turn|7\n|inactive|PiinkLugia has 30 seconds left.\n|\n|t:|1776434283\n|move|p2a: Garchomp|Protect|p2a: Garchomp\n|-singleturn|p2a: Garchomp|Protect\n|move|p1b: Dragapult|Dragon Darts|p2b: Incineroar\n|-damage|p2b: Incineroar|22/100\n|-anim|p1b: Dragapult|Dragon Darts|p2b: Incineroar\n|-damage|p2b: Incineroar|3/100\n|move|p1a: Rotom|Volt Switch|p2b: Incineroar\n|-damage|p2b: Incineroar|0 fnt\n|faint|p2b: Incineroar\n|\n|t:|1776434292\n|switch|p1a: Meganium|Meganium-Mega, L50, M, shiny|66/100|[from] Volt Switch\n|\n|upkeep\n|\n|t:|1776434296\n|switch|p2b: Basculegion|Basculegion, L50, M|100/100\n|turn|8\n|inactive|kittehnomz has 30 seconds left.\n|\n|t:|1776434321\n|move|p2b: Basculegion|Last Respects|p1a: Meganium\n|-damage|p1a: Meganium|0 fnt\n|faint|p1a: Meganium\n|move|p1b: Dragapult|Dragon Darts|p2a: Garchomp\n|-supereffective|p2a: Garchomp|1\n|-damage|p2a: Garchomp|0 fnt\n|-anim|p1b: Dragapult|Dragon Darts|p2b: Basculegion\n|-damage|p2b: Basculegion|74/100\n|faint|p2a: Garchomp\n|\n|upkeep\n|\n|t:|1776434331\n|switch|p1a: Rotom|Rotom-Wash, L50, shiny|60/100\n|turn|9\n|\n|t:|1776434347\n|move|p1a: Rotom|Protect|p1a: Rotom\n|-singleturn|p1a: Rotom|Protect\n|move|p2b: Basculegion|Last Respects|p1b: Dragapult\n|-supereffective|p1b: Dragapult|1\n|-damage|p1b: Dragapult|0 fnt\n|faint|p1b: Dragapult\n|\n|upkeep\n|turn|10\n|\n|t:|1776434357\n|move|p2b: Basculegion|Last Respects|p1a: Rotom\n|-damage|p1a: Rotom|0 fnt\n|faint|p1a: Rotom\n|\n|win|PiinkLugia\n|raw|kittehnomz's rating: 1100 &rarr; <strong>1070</strong><br />(-30 for losing)\n|raw|PiinkLugia's rating: 1029 &rarr; <strong>1072</strong><br />(+43 for winning)\n",
  "uploadtime": 1776434364,
  "views": 30,
  "formatid": "gen9championsvgc2026regma",
  "rating": 1070,
  "private": 0,
  "password": null
}