{
  "id": "gen9championsvgc2026regma-2585779831",
  "format": "[Gen 9 Champions] VGC 2026 Reg M-A",
  "players": [
    "YetAnotherDodo",
    "porygon-epilepz"
  ],
  "log": "|j|\u2606YetAnotherDodo\n|j|\u2606porygon-epilepz\n|t:|1776370079\n|gametype|doubles\n|player|p1|YetAnotherDodo|miku-flying|\n|player|p2|porygon-epilepz|hiker-gen4|\n|gen|9\n|tier|[Gen 9 Champions] VGC 2026 Reg M-A\n|rated|Tournament battle\n|rule|Species Clause: Limit one of each Pok\u00e9mon\n|rule|Item Clause: Limit 1 of each item\n|raw|<div class=\"infobox\"><details class=\"readmore\" open><summary><strong>1 custom rule:</strong></summary> Force Open Team Sheets</details></div>\n|clearpoke\n|poke|p1|Floette-Eternal, L50, F|\n|poke|p1|Incineroar, L50, F|\n|poke|p1|Sneasler, L50, M|\n|poke|p1|Garchomp, L50, M|\n|poke|p1|Basculegion, L50, M|\n|poke|p1|Aerodactyl, L50, F|\n|poke|p2|Floette-Eternal, L50, F|\n|poke|p2|Incineroar, L50, F|\n|poke|p2|Garchomp, L50, M|\n|poke|p2|Aerodactyl, L50, M|\n|poke|p2|Sneasler, L50, M|\n|poke|p2|Basculegion, L50, M|\n|teampreview|4\n|showteam|p1|Floette-Eternal||Floettite|FlowerVeil|DazzlingGleam,Moonblast,LightofRuin,Protect|||F|||50|]Incineroar||SitrusBerry|Intimidate|FakeOut,HelpingHand,PartingShot,FlareBlitz|||F|||50|]Sneasler||WhiteHerb|Unburden|CloseCombat,DireClaw,RockTomb,Protect|||M|||50|]Garchomp||HabanBerry|RoughSkin|Earthquake,DragonClaw,RockSlide,Protect|||M|||50|]Basculegion||ChoiceScarf|Adaptability|LastRespects,FlipTurn,Liquidation,WaveCrash|||M|||50|]Aerodactyl||FocusSash|Unnerve|RockSlide,DualWingbeat,Protect,Tailwind|||F|||50|\n|showteam|p2|Floette-Eternal||Floettite|FlowerVeil|CalmMind,DazzlingGleam,Protect,Moonblast|||F|||50|]Incineroar||SitrusBerry|Intimidate|FakeOut,PartingShot,FlareBlitz,ThroatChop|||F|||50|]Garchomp||SoftSand|RoughSkin|StompingTantrum,Earthquake,Protect,DragonClaw|||M|||50|]Aerodactyl||FocusSash|Unnerve|Tailwind,RockSlide,Protect,DualWingbeat|||M|||50|]Sneasler||WhiteHerb|Unburden|CloseCombat,DireClaw,Protect,FakeOut|||M|||50|]Basculegion||ChoiceScarf|Adaptability|FlipTurn,WaveCrash,LastRespects,AquaJet|||M|||50|\n|c|\u2606YetAnotherDodo|glhf\nYetAnotherDodo rejected open team sheets.\n|c|\u2606YetAnotherDodo|kek\n|c|\u2606YetAnotherDodo|mirror match baby\n|c|\u2606porygon-epilepz|well damn\n|c|\u2606porygon-epilepz|glhf\n|inactive|Battle timer is ON: inactive players will automatically lose when time's up. (requested by YetAnotherDodo)\n|\n|t:|1776370140\n|teamsize|p1|4\n|teamsize|p2|4\n|start\n|switch|p1a: Aerodactyl|Aerodactyl, L50, F|100/100\n|switch|p1b: Incineroar|Incineroar, L50, F|100/100\n|switch|p2a: Teaser|Incineroar, L50, F|100/100\n|switch|p2b: Dead fih|Basculegion, L50, M|100/100\n|-ability|p1a: Aerodactyl|Unnerve\n|-ability|p2a: Teaser|Intimidate|boost\n|-unboost|p1a: Aerodactyl|atk|1\n|-unboost|p1b: Incineroar|atk|1\n|-ability|p1b: Incineroar|Intimidate|boost\n|-unboost|p2a: Teaser|atk|1\n|-unboost|p2b: Dead fih|atk|1\n|turn|1\n|\n|t:|1776370154\n|move|p1a: Aerodactyl|Protect|p1a: Aerodactyl\n|-singleturn|p1a: Aerodactyl|Protect\n|move|p2a: Teaser|Fake Out|p1a: Aerodactyl\n|-activate|p1a: Aerodactyl|move: Protect\n|move|p2b: Dead fih|Flip Turn|p1a: Aerodactyl\n|-activate|p1a: Aerodactyl|move: Protect\n|move|p1b: Incineroar|Parting Shot|p2b: Dead fih\n|-unboost|p2b: Dead fih|atk|1\n|-unboost|p2b: Dead fih|spa|1\n|\n|t:|1776370171\n|switch|p1b: Basculegion|Basculegion, L50, M|100/100|[from] Parting Shot\n|\n|upkeep\n|turn|2\n|\n|t:|1776370184\n|move|p1b: Basculegion|Flip Turn|p2a: Teaser\n|-supereffective|p2a: Teaser|1\n|-damage|p2a: Teaser|43/100\n|\n|t:|1776370188\n|switch|p1b: Incineroar|Incineroar, L50, F|100/100|[from] Flip Turn\n|-ability|p1b: Incineroar|Intimidate|boost\n|-unboost|p2a: Teaser|atk|1\n|-unboost|p2b: Dead fih|atk|1\n|move|p2b: Dead fih|Flip Turn|p1a: Aerodactyl\n|-supereffective|p1a: Aerodactyl|1\n|-damage|p1a: Aerodactyl|46/100\n|\n|t:|1776370193\n|switch|p2b: Mary Poppins|Floette-Eternal, L50, F|100/100|[from] Flip Turn\n|move|p1a: Aerodactyl|Tailwind|p1a: Aerodactyl\n|-sidestart|p1: YetAnotherDodo|move: Tailwind\n|move|p2a: Teaser|Parting Shot|p1b: Incineroar\n|-unboost|p1b: Incineroar|atk|1\n|-unboost|p1b: Incineroar|spa|1\n|\n|t:|1776370196\n|switch|p2a: Dead fih|Basculegion, L50, M|100/100|[from] Parting Shot\n|\n|upkeep\n|turn|3\n|inactive|porygon-epilepz has 30 seconds left.\n|\n|t:|1776370225\n|detailschange|p2b: Mary Poppins|Floette-Mega, L50, F\n|-mega|p2b: Mary Poppins|Floette|Floettite\n|-ability|p2b: Mary Poppins|Fairy Aura\n|move|p2a: Dead fih|Aqua Jet|p1a: Aerodactyl\n|-supereffective|p1a: Aerodactyl|1\n|-damage|p1a: Aerodactyl|0 fnt\n|faint|p1a: Aerodactyl\n|move|p1b: Incineroar|Parting Shot|p2b: Mary Poppins\n|-unboost|p2b: Mary Poppins|atk|1\n|-unboost|p2b: Mary Poppins|spa|1\n|\n|t:|1776370234\n|switch|p1b: Floette|Floette-Eternal, L50, F|100/100|[from] Parting Shot\n|move|p2b: Mary Poppins|Moonblast|p1b: Floette\n|-damage|p1b: Floette|52/100\n|\n|upkeep\n|\n|t:|1776370241\n|switch|p1a: Basculegion|Basculegion, L50, M|100/100\n|turn|4\n|\n|t:|1776370262\n|switch|p2a: Teaser|Incineroar, L50, F|43/100\n|-enditem|p2a: Teaser|Sitrus Berry|[eat]\n|-heal|p2a: Teaser|68/100|[from] item: Sitrus Berry\n|-ability|p2a: Teaser|Intimidate|boost\n|-unboost|p1a: Basculegion|atk|1\n|-unboost|p1b: Floette|atk|1\n|detailschange|p1b: Floette|Floette-Mega, L50, F\n|-mega|p1b: Floette|Floette|Floettite\n|-ability|p1b: Floette|Fairy Aura\n|move|p1a: Basculegion|Last Respects|p2a: Teaser\n|-resisted|p2a: Teaser|1\n|-damage|p2a: Teaser|51/100\n|move|p1b: Floette|Light of Ruin|p2b: Mary Poppins|[miss]\n|-miss|p1b: Floette|p2b: Mary Poppins\n|move|p2b: Mary Poppins|Calm Mind|p2b: Mary Poppins\n|-boost|p2b: Mary Poppins|spa|1\n|-boost|p2b: Mary Poppins|spd|1\n|\n|upkeep\n|turn|5\n|inactive|porygon-epilepz has 30 seconds left.\n|\n|t:|1776370292\n|switch|p1b: Incineroar|Incineroar, L50, F|100/100\n|-ability|p1b: Incineroar|Intimidate|boost\n|-unboost|p2a: Teaser|atk|1\n|-unboost|p2b: Mary Poppins|atk|1\n|move|p2b: Mary Poppins|Protect|p2b: Mary Poppins\n|-singleturn|p2b: Mary Poppins|Protect\n|move|p1a: Basculegion|Last Respects|p2b: Mary Poppins\n|-activate|p2b: Mary Poppins|move: Protect\n|move|p2a: Teaser|Flare Blitz|p1b: Incineroar\n|-resisted|p1b: Incineroar|1\n|-damage|p1b: Incineroar|86/100\n|-damage|p2a: Teaser|47/100|[from] Recoil\n|\n|-sideend|p1: YetAnotherDodo|move: Tailwind\n|upkeep\n|turn|6\n|inactive|porygon-epilepz has 30 seconds left.\n|\n|t:|1776370322\n|move|p1b: Incineroar|Helping Hand|p1a: Basculegion\n|-singleturn|p1a: Basculegion|Helping Hand|[of] p1b: Incineroar\n|move|p1a: Basculegion|Last Respects|p2b: Mary Poppins\n|-damage|p2b: Mary Poppins|18/100\n|move|p2b: Mary Poppins|Calm Mind|p2b: Mary Poppins\n|-boost|p2b: Mary Poppins|spa|1\n|-boost|p2b: Mary Poppins|spd|1\n|move|p2a: Teaser|Parting Shot|p1a: Basculegion\n|-unboost|p1a: Basculegion|atk|1\n|-unboost|p1a: Basculegion|spa|1\n|\n|t:|1776370330\n|switch|p2a: Dead fih|Basculegion, L50, M|100/100|[from] Parting Shot\n|\n|upkeep\n|turn|7\n|\n|t:|1776370359\n|switch|p2a: Teaser|Incineroar, L50, F|47/100\n|-ability|p2a: Teaser|Intimidate|boost\n|-unboost|p1a: Basculegion|atk|1\n|-unboost|p1b: Incineroar|atk|1\n|switch|p1a: Floette|Floette-Mega, L50, F|52/100\n|-ability|p1a: Floette|Fairy Aura\n|move|p2b: Mary Poppins|Protect|p2b: Mary Poppins\n|-singleturn|p2b: Mary Poppins|Protect\n|move|p1b: Incineroar|Flare Blitz|p2b: Mary Poppins\n|-activate|p2b: Mary Poppins|move: Protect\n|\n|upkeep\n|turn|8\n|\n|t:|1776370374\n|move|p1a: Floette|Protect|p1a: Floette\n|-singleturn|p1a: Floette|Protect\n|move|p2b: Mary Poppins|Moonblast|p1b: Incineroar\n|-damage|p1b: Incineroar|0 fnt\n|faint|p1b: Incineroar\n|move|p2a: Teaser|Flare Blitz|p1a: Floette\n|-activate|p1a: Floette|move: Protect\n|\n|upkeep\n|\n|t:|1776370381\n|switch|p1b: Basculegion|Basculegion, L50, M|100/100\n|turn|9\n|\n|t:|1776370405\n|move|p2b: Mary Poppins|Protect|p2b: Mary Poppins\n|-singleturn|p2b: Mary Poppins|Protect\n|move|p1b: Basculegion|Last Respects|p2b: Mary Poppins\n|-activate|p2b: Mary Poppins|move: Protect\n|move|p1a: Floette|Moonblast|p2a: Teaser\n|-damage|p2a: Teaser|0 fnt\n|faint|p2a: Teaser\n|\n|upkeep\n|\n|t:|1776370409\n|switch|p2a: Dead fih|Basculegion, L50, M|100/100\n|turn|10\n|\n|t:|1776370420\n|move|p1b: Basculegion|Last Respects|p2a: Dead fih\n|-supereffective|p2a: Dead fih|1\n|-damage|p2a: Dead fih|0 fnt\n|faint|p2a: Dead fih\n|move|p2b: Mary Poppins|Moonblast|p1a: Floette\n|-damage|p1a: Floette|0 fnt\n|faint|p1a: Floette\n|\n|upkeep\n|\n|t:|1776370424\n|switch|p2a: Santa Claws|Sneasler, L50, M|100/100\n|turn|11\n|c|\u2606YetAnotherDodo|gg\n|c|\u2606porygon-epilepz|gg\n|c|\u2606YetAnotherDodo|oh wait\n|c|\u2606YetAnotherDodo|oh right\n|c|\u2606YetAnotherDodo|lmao\n|c|\u2606YetAnotherDodo|gg\n|\n|t:|1776370436\n|move|p2a: Santa Claws|Protect|p2a: Santa Claws\n|-singleturn|p2a: Santa Claws|Protect\n|move|p2b: Mary Poppins|Protect|p2b: Mary Poppins\n|-singleturn|p2b: Mary Poppins|Protect\n|move|p1b: Basculegion|Last Respects|p2b: Mary Poppins\n|-activate|p2b: Mary Poppins|move: Protect\n|\n|upkeep\n|turn|12\n|\n|t:|1776370459\n|move|p2b: Mary Poppins|Protect||[still]\n|-fail|p2b: Mary Poppins\n|move|p1b: Basculegion|Last Respects|p2b: Mary Poppins\n|-damage|p2b: Mary Poppins|0 fnt\n|faint|p2b: Mary Poppins\n|move|p2a: Santa Claws|Dire Claw|p1b: Basculegion\n|-resisted|p1b: Basculegion|1\n|-damage|p1b: Basculegion|73/100\n|\n|upkeep\n|turn|13\n|\n|t:|1776370468\n|move|p1b: Basculegion|Last Respects|p2a: Santa Claws\n|-damage|p2a: Santa Claws|0 fnt\n|faint|p2a: Santa Claws\n|\n|win|YetAnotherDodo\n|n|\u2606YetAnotherDodo|yetanotherdodo\n|n|\u2606porygon-epilepz|porygonepilepz\n",
  "uploadtime": 1776370086,
  "views": 23,
  "formatid": "gen9championsvgc2026regma",
  "rating": null,
  "private": 0,
  "password": null
}