{
  "id": "gen9championsvgc2026regma-2580836302",
  "format": "[Gen 9 Champions] VGC 2026 Reg M-A",
  "players": [
    "gallium1005",
    "Klusmos"
  ],
  "log": "|j|\u2606gallium1005\n|j|\u2606Klusmos\n|t:|1775936448\n|gametype|doubles\n|player|p1|gallium1005|hilbert|1062\n|player|p2|Klusmos|101|1148\n|gen|9\n|tier|[Gen 9 Champions] VGC 2026 Reg M-A\n|rated|\n|rule|Species Clause: Limit one of each Pok\u00e9mon\n|rule|Item Clause: Limit 1 of each item\n|clearpoke\n|poke|p1|Torkoal, L50, M|\n|poke|p1|Delphox, L50, F|\n|poke|p1|Garchomp, L50, F|\n|poke|p1|Typhlosion-Hisui, L50, F|\n|poke|p1|Whimsicott, L50, M|\n|poke|p1|Sneasler, L50, M|\n|poke|p2|Sinistcha, L50|\n|poke|p2|Incineroar, L50, M|\n|poke|p2|Aggron, L50, F|\n|poke|p2|Aerodactyl, L50, M|\n|poke|p2|Tyranitar, L50, F|\n|poke|p2|Meowscarada, L50, M|\n|teampreview|4\n|\n|t:|1775936496\n|teamsize|p1|4\n|teamsize|p2|4\n|start\n|switch|p1a: Delphox|Delphox, L50, F|100/100\n|switch|p1b: Whimsicott|Whimsicott, L50, M|100/100\n|switch|p2a: Aerodactyl|Aerodactyl, L50, M|100/100\n|switch|p2b: Incineroar|Incineroar, L50, M|100/100\n|-ability|p2b: Incineroar|Intimidate|boost\n|-unboost|p1a: Delphox|atk|1\n|-unboost|p1b: Whimsicott|atk|1\n|turn|1\n|\n|t:|1775936518\n|move|p1a: Delphox|Protect|p1a: Delphox\n|-singleturn|p1a: Delphox|Protect\n|move|p2b: Incineroar|Fake Out|p1b: Whimsicott\n|-damage|p1b: Whimsicott|89/100\n|cant|p1b: Whimsicott|flinch\n|move|p2a: Aerodactyl|Rock Slide|p1a: Delphox|[spread] p1b\n|-activate|p1a: Delphox|move: Protect\n|-damage|p1b: Whimsicott|63/100\n|\n|upkeep\n|turn|2\n|\n|t:|1775936544\n|detailschange|p1a: Delphox|Delphox-Mega, L50, F\n|-mega|p1a: Delphox|Delphox|Delphoxite\n|move|p1b: Whimsicott|Tailwind|p1b: Whimsicott\n|-sidestart|p1: gallium1005|move: Tailwind\n|move|p1a: Delphox|Psychic|p2a: Aerodactyl\n|-damage|p2a: Aerodactyl|23/100\n|move|p2a: Aerodactyl|Rock Slide|p1b: Whimsicott|[spread] p1a\n|-miss|p2a: Aerodactyl|p1b: Whimsicott\n|-supereffective|p1a: Delphox|1\n|-damage|p1a: Delphox|35/100\n|move|p2b: Incineroar|Throat Chop|p1a: Delphox\n|-supereffective|p1a: Delphox|1\n|-damage|p1a: Delphox|0 fnt\n|faint|p1a: Delphox\n|\n|upkeep\n|\n|t:|1775936561\n|switch|p1a: Garchomp|Garchomp, L50, F|100/100\n|turn|3\n|\n|t:|1775936578\n|move|p2b: Incineroar|Protect|p2b: Incineroar\n|-singleturn|p2b: Incineroar|Protect\n|move|p1a: Garchomp|Rock Slide|p2b: Incineroar|[spread] p2a\n|-activate|p2b: Incineroar|move: Protect\n|-supereffective|p2a: Aerodactyl|1\n|-damage|p2a: Aerodactyl|0 fnt\n|faint|p2a: Aerodactyl\n|move|p1b: Whimsicott|Moonblast|p2b: Incineroar\n|-activate|p2b: Incineroar|move: Protect\n|\n|upkeep\n|\n|t:|1775936601\n|switch|p2a: Meowscarada|Meowscarada, L50, M|100/100\n|turn|4\n|\n|t:|1775936620\n|switch|p2b: Tyranitar|Tyranitar, L50, F|100/100\n|-weather|Sandstorm|[from] ability: Sand Stream|[of] p2b: Tyranitar\n|move|p2a: Meowscarada|Play Rough|p1a: Garchomp\n|-start|p2a: Meowscarada|typechange|Fairy|[from] ability: Protean\n|-supereffective|p1a: Garchomp|1\n|-damage|p1a: Garchomp|33/100\n|-damage|p2a: Meowscarada|89/100|[from] ability: Rough Skin|[of] p1a: Garchomp\n|move|p1a: Garchomp|Earthquake|p2a: Meowscarada|[spread] p1b,p2a,p2b\n|-resisted|p1b: Whimsicott|1\n|-supereffective|p2b: Tyranitar|1\n|-damage|p1b: Whimsicott|42/100\n|-damage|p2a: Meowscarada|25/100\n|-damage|p2b: Tyranitar|44/100\n|move|p1b: Whimsicott|Moonblast|p2a: Meowscarada\n|-damage|p2a: Meowscarada|0 fnt\n|faint|p2a: Meowscarada\n|\n|-weather|Sandstorm|[upkeep]\n|-damage|p1b: Whimsicott|36/100|[from] Sandstorm\n|-heal|p1a: Garchomp|39/100|[from] item: Leftovers\n|upkeep\n|\n|t:|1775936633\n|switch|p2a: Incineroar|Incineroar, L50, M|100/100\n|-ability|p2a: Incineroar|Intimidate|boost\n|-unboost|p1a: Garchomp|atk|1\n|-unboost|p1b: Whimsicott|atk|1\n|turn|5\n|\n|t:|1775936653\n|move|p2a: Incineroar|Fake Out|p1a: Garchomp\n|-damage|p1a: Garchomp|28/100\n|-damage|p2a: Incineroar|88/100|[from] ability: Rough Skin|[of] p1a: Garchomp\n|cant|p1a: Garchomp|flinch\n|move|p1b: Whimsicott|Moonblast|p2b: Tyranitar\n|-supereffective|p2b: Tyranitar|1\n|-damage|p2b: Tyranitar|20/100\n|move|p2b: Tyranitar|Rock Slide|p1b: Whimsicott|[spread] p1a,p1b\n|-resisted|p1a: Garchomp|1\n|-damage|p1a: Garchomp|17/100\n|-damage|p1b: Whimsicott|11/100\n|\n|-weather|Sandstorm|[upkeep]\n|-damage|p1b: Whimsicott|5/100|[from] Sandstorm\n|-damage|p2a: Incineroar|82/100|[from] Sandstorm\n|-heal|p1a: Garchomp|23/100|[from] item: Leftovers\n|-sideend|p1: gallium1005|move: Tailwind\n|upkeep\n|turn|6\n|\n|t:|1775936679\n|move|p1b: Whimsicott|Tailwind|p1b: Whimsicott\n|-sidestart|p1: gallium1005|move: Tailwind\n|move|p1a: Garchomp|Earthquake|p2b: Tyranitar|[spread] p1b,p2a,p2b\n|-resisted|p1b: Whimsicott|1\n|-supereffective|p2a: Incineroar|1\n|-supereffective|p2b: Tyranitar|1\n|-damage|p1b: Whimsicott|0 fnt\n|-damage|p2a: Incineroar|32/100\n|-damage|p2b: Tyranitar|0 fnt\n|-enditem|p2a: Incineroar|Sitrus Berry|[eat]\n|-heal|p2a: Incineroar|56/100|[from] item: Sitrus Berry\n|faint|p1b: Whimsicott\n|faint|p2b: Tyranitar\n|move|p2a: Incineroar|Throat Chop|p1a: Garchomp\n|-damage|p1a: Garchomp|0 fnt\n|-damage|p2a: Incineroar|44/100|[from] ability: Rough Skin|[of] p1a: Garchomp\n|faint|p1a: Garchomp\n|\n|-weather|Sandstorm|[upkeep]\n|-damage|p2a: Incineroar|38/100|[from] Sandstorm\n|upkeep\n|\n|t:|1775936694\n|switch|p1b: Torkoal|Torkoal, L50, M|100/100\n|-weather|SunnyDay|[from] ability: Drought|[of] p1b: Torkoal\n|turn|7\n|\n|t:|1775936706\n|move|p1b: Torkoal|Yawn|p2a: Incineroar\n|-start|p2a: Incineroar|move: Yawn|[of] p1b: Torkoal\n|move|p2a: Incineroar|Throat Chop|p1b: Torkoal\n|-damage|p1b: Torkoal|80/100\n|-start|p1b: Torkoal|Throat Chop|[silent]\n|\n|-weather|SunnyDay|[upkeep]\n|upkeep\n|turn|8\n|-message|Klusmos forfeited.\n|\n|win|gallium1005\n|raw|gallium1005's rating: 1062 &rarr; <strong>1100</strong><br />(+38 for winning)\n|raw|Klusmos's rating: 1148 &rarr; <strong>1117</strong><br />(-31 for losing)\n|l|\u2606Klusmos\n|player|p2|\n|c|\u2606gallium1005|gg\n",
  "uploadtime": 1775936718,
  "views": 19,
  "formatid": "gen9championsvgc2026regma",
  "rating": 1100,
  "private": 0,
  "password": null
}