{
  "id": "gen9championsvgc2026regma-2580497285",
  "format": "[Gen 9 Champions] VGC 2026 Reg M-A",
  "players": [
    "calacadura",
    "Cakradwipa"
  ],
  "log": "|j|\u2606calacadura\n|j|\u2606Cakradwipa\n|t:|1775905078\n|gametype|doubles\n|player|p1|calacadura|170|1016\n|player|p2|Cakradwipa|170|1080\n|gen|9\n|tier|[Gen 9 Champions] VGC 2026 Reg M-A\n|rated|\n|rule|Species Clause: Limit one of each Pok\u00e9mon\n|rule|Item Clause: Limit 1 of each item\n|clearpoke\n|poke|p1|Garchomp, L50, M|\n|poke|p1|Sinistcha, L50|\n|poke|p1|Tyranitar, L50, M|\n|poke|p1|Incineroar, L50, M|\n|poke|p1|Basculegion, L50, M|\n|poke|p1|Farigiraf, L50, F|\n|poke|p2|Gengar, L50, F|\n|poke|p2|Pelipper, L50, M|\n|poke|p2|Aggron, L50, F|\n|poke|p2|Hatterene, L50, F|\n|poke|p2|Incineroar, L50, F|\n|poke|p2|Archaludon, L50, M|\n|teampreview|4\n|\n|t:|1775905123\n|teamsize|p1|4\n|teamsize|p2|4\n|start\n|switch|p1a: Kitten|Incineroar, L50, M, shiny|100/100\n|switch|p1b: Basculegion|Basculegion, L50, M|100/100\n|switch|p2a: Gengar|Gengar, L50, F|100/100\n|switch|p2b: Incineroar|Incineroar, L50, F|100/100\n|-ability|p2b: Incineroar|Intimidate|boost\n|-unboost|p1a: Kitten|atk|1\n|-unboost|p1b: Basculegion|atk|1\n|-ability|p1a: Kitten|Intimidate|boost\n|-unboost|p2a: Gengar|atk|1\n|-unboost|p2b: Incineroar|atk|1\n|turn|1\n|\n|t:|1775905142\n|move|p2b: Incineroar|Fake Out|p1b: Basculegion\n|-immune|p1b: Basculegion\n|move|p1b: Basculegion|Flip Turn|p2a: Gengar\n|-damage|p2a: Gengar|66/100\n|\n|t:|1775905146\n|switch|p1b: Farigiraf|Farigiraf, L50, F|100/100|[from] Flip Turn\n|move|p1a: Kitten|Parting Shot|p2a: Gengar\n|-unboost|p2a: Gengar|atk|1\n|-unboost|p2a: Gengar|spa|1\n|\n|t:|1775905165\n|switch|p1a: Tyranitar|Tyranitar, L50, M|100/100|[from] Parting Shot\n|-weather|Sandstorm|[from] ability: Sand Stream|[of] p1a: Tyranitar\n|move|p2a: Gengar|Trick Room|p2a: Gengar\n|-fieldstart|move: Trick Room|[of] p2a: Gengar\n|\n|-weather|Sandstorm|[upkeep]\n|-damage|p1b: Farigiraf|94/100|[from] Sandstorm\n|-damage|p2b: Incineroar|95/100|[from] Sandstorm\n|-damage|p2a: Gengar|60/100|[from] Sandstorm\n|-heal|p1b: Farigiraf|100/100|[from] item: Leftovers\n|upkeep\n|turn|2\n|c|\u2606calacadura|Trick room\n|\n|t:|1775905197\n|switch|p2b: Archaludon|Archaludon, L50, M|100/100\n|switch|p2a: Pelipper|Pelipper, L50, M|100/100\n|-weather|RainDance|[from] ability: Drizzle|[of] p2a: Pelipper\n|detailschange|p1a: Tyranitar|Tyranitar-Mega, L50, M\n|-mega|p1a: Tyranitar|Tyranitar|Tyranitarite\n|-weather|Sandstorm|[from] ability: Sand Stream|[of] p1a: Tyranitar\n|move|p1b: Farigiraf|Expanding Force|p2a: Pelipper\n|-damage|p2a: Pelipper|61/100\n|move|p1a: Tyranitar|Rock Slide|p2a: Pelipper|[spread] p2a,p2b\n|-supereffective|p2a: Pelipper|1\n|-resisted|p2b: Archaludon|1\n|-damage|p2a: Pelipper|0 fnt\n|-damage|p2b: Archaludon|87/100\n|-ability|p2b: Archaludon|Stamina|boost\n|-boost|p2b: Archaludon|def|1\n|faint|p2a: Pelipper\n|\n|-weather|Sandstorm|[upkeep]\n|-damage|p1b: Farigiraf|94/100|[from] Sandstorm\n|-heal|p1b: Farigiraf|100/100|[from] item: Leftovers\n|upkeep\n|\n|t:|1775905222\n|switch|p2a: Incineroar|Incineroar, L50, F|95/100\n|-ability|p2a: Incineroar|Intimidate|boost\n|-unboost|p1a: Tyranitar|atk|1\n|-unboost|p1b: Farigiraf|atk|1\n|turn|3\n|\n|t:|1775905238\n|switch|p1a: Kitten|Incineroar, L50, M, shiny|100/100\n|-ability|p1a: Kitten|Intimidate|boost\n|-unboost|p2a: Incineroar|atk|1\n|-unboost|p2b: Archaludon|atk|1\n|move|p2a: Incineroar|Fake Out||[still]\n|cant|p1b: Farigiraf|ability: Armor Tail|Fake Out|[of] p2a: Incineroar\n|move|p1b: Farigiraf|Thunder Wave|p2b: Archaludon\n|-status|p2b: Archaludon|par\n|cant|p2b: Archaludon|par\n|\n|-weather|Sandstorm|[upkeep]\n|-damage|p1b: Farigiraf|94/100|[from] Sandstorm\n|-damage|p1a: Kitten|95/100|[from] Sandstorm\n|-damage|p2a: Incineroar|89/100|[from] Sandstorm\n|-heal|p1b: Farigiraf|100/100|[from] item: Leftovers\n|upkeep\n|turn|4\n|\n|t:|1775905262\n|switch|p2b: Gengar|Gengar, L50, F|60/100\n|move|p1b: Farigiraf|Thunder Wave|p2a: Incineroar\n|-status|p2a: Incineroar|par\n|move|p2a: Incineroar|Darkest Lariat|p1b: Farigiraf\n|-supereffective|p1b: Farigiraf|1\n|-damage|p1b: Farigiraf|47/100\n|move|p1a: Kitten|Parting Shot|p2b: Gengar\n|-unboost|p2b: Gengar|atk|1\n|-unboost|p2b: Gengar|spa|1\n|\n|t:|1775905272\n|switch|p1a: Tyranitar|Tyranitar-Mega, L50, M|100/100|[from] Parting Shot\n|\n|-weather|Sandstorm|[upkeep]\n|-damage|p2a: Incineroar|83/100 par|[from] Sandstorm\n|-damage|p1b: Farigiraf|41/100|[from] Sandstorm\n|-damage|p2b: Gengar|54/100|[from] Sandstorm\n|-heal|p1b: Farigiraf|47/100|[from] item: Leftovers\n|upkeep\n|turn|5\n|\n|t:|1775905289\n|switch|p2b: Archaludon|Archaludon, L50, M|87/100 par\n|move|p2a: Incineroar|Darkest Lariat|p1b: Farigiraf\n|-supereffective|p1b: Farigiraf|1\n|-damage|p1b: Farigiraf|0 fnt\n|faint|p1b: Farigiraf\n|move|p1a: Tyranitar|Rock Slide|p2a: Incineroar|[spread] p2a,p2b\n|-supereffective|p2a: Incineroar|1\n|-resisted|p2b: Archaludon|1\n|-damage|p2a: Incineroar|20/100 par\n|-damage|p2b: Archaludon|73/100 par\n|-ability|p2b: Archaludon|Stamina|boost\n|-boost|p2b: Archaludon|def|1\n|\n|-weather|Sandstorm|[upkeep]\n|-damage|p2a: Incineroar|14/100 par|[from] Sandstorm\n|-fieldend|move: Trick Room\n|upkeep\n|\n|t:|1775905299\n|switch|p1b: Kitten|Incineroar, L50, M, shiny|95/100\n|-ability|p1b: Kitten|Intimidate|boost\n|-unboost|p2a: Incineroar|atk|1\n|-unboost|p2b: Archaludon|atk|1\n|turn|6\n|\n|t:|1775905326\n|switch|p2a: Gengar|Gengar, L50, F|54/100\n|move|p1b: Kitten|Fake Out|p2a: Gengar\n|-immune|p2a: Gengar\n|move|p1a: Tyranitar|Low Kick|p2b: Archaludon\n|-supereffective|p2b: Archaludon|1\n|-damage|p2b: Archaludon|35/100 par\n|-ability|p2b: Archaludon|Stamina|boost\n|-boost|p2b: Archaludon|def|1\n|-enditem|p2b: Archaludon|Sitrus Berry|[eat]\n|-heal|p2b: Archaludon|59/100 par|[from] item: Sitrus Berry\n|cant|p2b: Archaludon|par\n|\n|-weather|none\n|upkeep\n|turn|7\n|\n|t:|1775905345\n|move|p1a: Tyranitar|Low Kick|p2b: Archaludon\n|-supereffective|p2b: Archaludon|1\n|-damage|p2b: Archaludon|33/100 par\n|-ability|p2b: Archaludon|Stamina|boost\n|-boost|p2b: Archaludon|def|1\n|move|p1b: Kitten|Flare Blitz|p2a: Gengar\n|-damage|p2a: Gengar|0 fnt\n|-start|p1b: Kitten|Disable|Flare Blitz|[from] ability: Cursed Body|[of] p2a: Gengar\n|faint|p2a: Gengar\n|-damage|p1b: Kitten|80/100|[from] Recoil\n|move|p2b: Archaludon|Flash Cannon|p1a: Tyranitar\n|-supereffective|p1a: Tyranitar|1\n|-damage|p1a: Tyranitar|33/100\n|\n|upkeep\n|\n|t:|1775905360\n|switch|p2a: Incineroar|Incineroar, L50, F|14/100 par\n|-ability|p2a: Incineroar|Intimidate|boost\n|-unboost|p1a: Tyranitar|atk|1\n|-unboost|p1b: Kitten|atk|1\n|turn|8\n|\n|t:|1775905379\n|move|p2a: Incineroar|Fake Out|p1b: Kitten\n|-damage|p1b: Kitten|69/100\n|move|p1a: Tyranitar|Rock Slide|p2b: Archaludon|[spread] p2b\n|-miss|p1a: Tyranitar|p2a: Incineroar\n|-resisted|p2b: Archaludon|1\n|-damage|p2b: Archaludon|29/100 par\n|-ability|p2b: Archaludon|Stamina|boost\n|-boost|p2b: Archaludon|def|1\n|cant|p1b: Kitten|flinch\n|move|p2b: Archaludon|Flash Cannon|p1a: Tyranitar\n|-supereffective|p1a: Tyranitar|1\n|-damage|p1a: Tyranitar|0 fnt\n|faint|p1a: Tyranitar\n|\n|upkeep\n|\n|t:|1775905390\n|switch|p1a: Basculegion|Basculegion, L50, M|100/100\n|turn|9\n|\n|t:|1775905409\n|move|p1a: Basculegion|Last Respects|p2a: Incineroar\n|-resisted|p2a: Incineroar|1\n|-damage|p2a: Incineroar|0 fnt\n|faint|p2a: Incineroar\n|move|p1b: Kitten|Parting Shot|p2b: Archaludon\n|-unboost|p2b: Archaludon|atk|1\n|-unboost|p2b: Archaludon|spa|1\n|move|p2b: Archaludon|Thunder|p1a: Basculegion\n|-supereffective|p1a: Basculegion|1\n|-crit|p1a: Basculegion\n|-damage|p1a: Basculegion|0 fnt\n|faint|p1a: Basculegion\n|\n|upkeep\n|turn|10\n|\n|t:|1775905424\n|move|p2b: Archaludon|Protect|p2b: Archaludon\n|-singleturn|p2b: Archaludon|Protect\n|move|p1b: Kitten|Parting Shot|p2b: Archaludon\n|-activate|p2b: Archaludon|move: Protect\n|\n|-end|p1b: Kitten|Disable\n|upkeep\n|turn|11\n|\n|t:|1775905436\n|move|p1b: Kitten|Flare Blitz|p2b: Archaludon\n|-damage|p2b: Archaludon|21/100 par\n|-ability|p2b: Archaludon|Stamina|boost\n|-boost|p2b: Archaludon|def|1\n|-damage|p1b: Kitten|66/100|[from] Recoil\n|move|p2b: Archaludon|Flash Cannon|p1b: Kitten\n|-resisted|p1b: Kitten|1\n|-damage|p1b: Kitten|55/100\n|\n|upkeep\n|turn|12\n|\n|t:|1775905448\n|move|p1b: Kitten|Flare Blitz|p2b: Archaludon\n|-damage|p2b: Archaludon|15/100 par\n|-ability|p2b: Archaludon|Stamina|boost\n|-boost|p2b: Archaludon|def|1\n|-damage|p1b: Kitten|53/100|[from] Recoil\n|move|p2b: Archaludon|Thunder|p1b: Kitten|[miss]\n|-miss|p2b: Archaludon|p1b: Kitten\n|\n|upkeep\n|turn|13\n|\n|t:|1775905458\n|move|p1b: Kitten|Flare Blitz|p2b: Archaludon\n|-damage|p2b: Archaludon|8/100 par\n|-damage|p1b: Kitten|51/100|[from] Recoil\n|move|p2b: Archaludon|Electro Shot||[still]\n|-prepare|p2b: Archaludon|Electro Shot\n|-boost|p2b: Archaludon|spa|1\n|\n|upkeep\n|turn|14\n|\n|t:|1775905466\n|move|p1b: Kitten|Flare Blitz|p2b: Archaludon\n|-damage|p2b: Archaludon|2/100 par\n|-damage|p1b: Kitten|50/100|[from] Recoil\n|move|p2b: Archaludon|Electro Shot|p1b: Kitten|[from] lockedmove\n|-damage|p1b: Kitten|14/100\n|\n|upkeep\n|turn|15\n|\n|t:|1775905478\n|move|p1b: Kitten|Flare Blitz|p2b: Archaludon\n|-damage|p2b: Archaludon|0 fnt\n|faint|p2b: Archaludon\n|-damage|p1b: Kitten|13/100|[from] Recoil\n|\n|win|calacadura\n|raw|calacadura's rating: 1016 &rarr; <strong>1060</strong><br />(+44 for winning)\n|raw|Cakradwipa's rating: 1080 &rarr; <strong>1054</strong><br />(-26 for losing)\n",
  "uploadtime": 1775905480,
  "views": 15,
  "formatid": "gen9championsvgc2026regma",
  "rating": 1054,
  "private": 0,
  "password": null
}