{
  "id": "gen9championsvgc2026regma-2580422075",
  "format": "[Gen 9 Champions] VGC 2026 Reg M-A",
  "players": [
    "hohojo",
    "BigKobeBEEF"
  ],
  "log": "|j|\u2606hohojo\n|j|\u2606BigKobeBEEF\n|t:|1775894079\n|gametype|doubles\n|player|p1|hohojo|hiker-gen4|1000\n|player|p2|BigKobeBEEF|clay|1000\n|gen|9\n|tier|[Gen 9 Champions] VGC 2026 Reg M-A\n|rated|\n|rule|Species Clause: Limit one of each Pok\u00e9mon\n|rule|Item Clause: Limit 1 of each item\n|clearpoke\n|poke|p1|Venusaur, L50, M|\n|poke|p1|Arcanine-Hisui, L50, F|\n|poke|p1|Milotic, L50, F|\n|poke|p1|Clefable, L50, F|\n|poke|p1|Garchomp, L50, F|\n|poke|p1|Slowbro, L50, F|\n|poke|p2|Alakazam, L50, F|\n|poke|p2|Meowstic, L50, M|\n|poke|p2|Drampa, L50, F|\n|poke|p2|Ditto, L50|\n|poke|p2|Greninja-*, L50, M|\n|poke|p2|Incineroar, L50, M|\n|teampreview|4\n|inactive|Battle timer is ON: inactive players will automatically lose when time's up. (requested by hohojo)\nBigKobeBEEF has agreed to open team sheets.\nhohojo rejected open team sheets.\n|\n|t:|1775894103\n|teamsize|p1|4\n|teamsize|p2|4\n|start\n|switch|p1a: Clefable|Clefable, L50, F|100/100\n|switch|p1b: Slowbro|Slowbro, L50, F|100/100\n|switch|p2a: Meowstic|Meowstic, L50, M|100/100\n|switch|p2b: Alakazam|Alakazam, L50, F|100/100\n|turn|1\n|\n|t:|1775894119\n|detailschange|p2b: Alakazam|Alakazam-Mega, L50, F\n|-mega|p2b: Alakazam|Alakazam|Alakazite\n|-ability|p2b: Alakazam|Unaware|Trace|[from] ability: Trace|[of] p1a: Clefable\n|move|p1a: Clefable|Follow Me|p1a: Clefable\n|-singleturn|p1a: Clefable|move: Follow Me\n|move|p2a: Meowstic|Psychic Terrain|p2a: Meowstic\n|-fieldstart|move: Psychic Terrain\n|move|p2b: Alakazam|Expanding Force|p1b: Slowbro|[spread] p1a,p1b\n|-resisted|p1b: Slowbro|1\n|-damage|p1a: Clefable|36/100\n|-damage|p1b: Slowbro|62/100\n|move|p1b: Slowbro|Trick Room|p1b: Slowbro\n|-fieldstart|move: Trick Room|[of] p1b: Slowbro\n|\n|upkeep\n|turn|2\n|inactive|hohojo has 30 seconds left.\n|inactive|BigKobeBEEF has 30 seconds left.\n|\n|t:|1775894151\n|switch|p1b: Milotic|Milotic, L50, F|100/100\n|move|p1a: Clefable|Moonblast|p2b: Alakazam\n|-damage|p2b: Alakazam|57/100\n|move|p2a: Meowstic|Expanding Force|p1a: Clefable|[spread] p1a,p1b\n|-damage|p1a: Clefable|8/100\n|-damage|p1b: Milotic|78/100\n|move|p2b: Alakazam|Expanding Force|p1b: Milotic|[spread] p1a,p1b\n|-damage|p1a: Clefable|0 fnt\n|-damage|p1b: Milotic|23/100\n|faint|p1a: Clefable\n|\n|-heal|p1b: Milotic|29/100|[from] item: Leftovers\n|upkeep\n|\n|t:|1775894163\n|switch|p1a: Venusaur|Venusaur, L50, M|100/100\n|turn|3\n|\n|t:|1775894169\n|detailschange|p1a: Venusaur|Venusaur-Mega, L50, M\n|-mega|p1a: Venusaur|Venusaur|Venusaurite\n|move|p2b: Alakazam|Protect|p2b: Alakazam\n|-singleturn|p2b: Alakazam|Protect\n|move|p1a: Venusaur|Sleep Powder|p2b: Alakazam\n|-activate|p2b: Alakazam|move: Protect\n|move|p1b: Milotic|Recover|p1b: Milotic\n|-heal|p1b: Milotic|79/100\n|move|p2a: Meowstic|Expanding Force|p1b: Milotic|[spread] p1a,p1b\n|-supereffective|p1a: Venusaur|1\n|-crit|p1b: Milotic\n|-damage|p1a: Venusaur|51/100\n|-damage|p1b: Milotic|41/100\n|\n|-heal|p1b: Milotic|47/100|[from] item: Leftovers\n|upkeep\n|turn|4\n|\n|t:|1775894183\n|switch|p2b: Ditto|Ditto, L50|100/100\n|move|p1a: Venusaur|Sleep Powder|p2b: Ditto\n|-status|p2b: Ditto|slp|[from] move: Sleep Powder\n|move|p1b: Milotic|Recover|p1b: Milotic\n|-heal|p1b: Milotic|97/100\n|move|p2a: Meowstic|Expanding Force|p1a: Venusaur|[spread] p1a,p1b\n|-supereffective|p1a: Venusaur|1\n|-damage|p1a: Venusaur|6/100\n|-damage|p1b: Milotic|70/100\n|\n|-heal|p1b: Milotic|76/100|[from] item: Leftovers\n|upkeep\n|turn|5\n|\n|t:|1775894196\n|move|p1a: Venusaur|Synthesis|p1a: Venusaur\n|-heal|p1a: Venusaur|56/100\n|move|p1b: Milotic|Ice Beam|p2a: Meowstic\n|-damage|p2a: Meowstic|83/100\n|move|p2a: Meowstic|Expanding Force|p1a: Venusaur|[spread] p1a,p1b\n|-supereffective|p1a: Venusaur|1\n|-damage|p1a: Venusaur|5/100\n|-damage|p1b: Milotic|50/100\n|cant|p2b: Ditto|slp\n|\n|-heal|p1b: Milotic|55/100|[from] item: Leftovers\n|-fieldend|move: Trick Room\n|-fieldend|move: Psychic Terrain\n|upkeep\n|turn|6\n|\n|t:|1775894210\n|move|p2a: Meowstic|Psychic Terrain|p2a: Meowstic\n|-fieldstart|move: Psychic Terrain\n|cant|p2b: Ditto|slp\n|move|p1b: Milotic|Scald|p2a: Meowstic\n|-damage|p2a: Meowstic|58/100\n|-status|p2a: Meowstic|brn\n|move|p1a: Venusaur|Synthesis|p1a: Venusaur\n|-heal|p1a: Venusaur|55/100\n|\n|-heal|p1b: Milotic|61/100|[from] item: Leftovers\n|-damage|p2a: Meowstic|52/100 brn|[from] brn\n|upkeep\n|turn|7\n|inactive|hohojo has 30 seconds left.\n|\n|t:|1775894240\n|switch|p2b: Alakazam|Alakazam-Mega, L50, F|57/100\n|-ability|p2b: Alakazam|Thick Fat|Trace|[from] ability: Trace|[of] p1a: Venusaur\n|move|p2a: Meowstic|Expanding Force|p1a: Venusaur|[spread] p1a,p1b\n|-supereffective|p1a: Venusaur|1\n|-damage|p1a: Venusaur|9/100\n|-damage|p1b: Milotic|36/100\n|move|p1b: Milotic|Scald|p2a: Meowstic\n|-damage|p2a: Meowstic|30/100 brn\n|move|p1a: Venusaur|Sleep Powder|p2b: Alakazam\n|-status|p2b: Alakazam|slp|[from] move: Sleep Powder\n|\n|-heal|p1b: Milotic|42/100|[from] item: Leftovers\n|-damage|p2a: Meowstic|24/100 brn|[from] brn\n|upkeep\n|turn|8\n|\n|t:|1775894262\n|switch|p1a: Slowbro|Slowbro, L50, F|96/100\n|cant|p2b: Alakazam|slp\n|move|p2a: Meowstic|Expanding Force|p1b: Milotic|[spread] p1a,p1b\n|-resisted|p1a: Slowbro|1\n|-damage|p1a: Slowbro|81/100\n|-damage|p1b: Milotic|17/100\n|move|p1b: Milotic|Scald|p2a: Meowstic\n|-damage|p2a: Meowstic|0 fnt\n|faint|p2a: Meowstic\n|\n|-heal|p1b: Milotic|23/100|[from] item: Leftovers\n|upkeep\n|\n|t:|1775894265\n|switch|p2a: Incineroar|Incineroar, L50, M|100/100\n|-ability|p2a: Incineroar|Intimidate|boost\n|-unboost|p1a: Slowbro|atk|1\n|-unboost|p1b: Milotic|atk|1\n|-ability|p1b: Milotic|Competitive|boost\n|-boost|p1b: Milotic|spa|2\n|turn|9\n|\n|t:|1775894280\n|cant|p2b: Alakazam|slp\n|move|p1b: Milotic|Recover|p1b: Milotic\n|-heal|p1b: Milotic|73/100\n|move|p2a: Incineroar|Darkest Lariat|p1a: Slowbro\n|-supereffective|p1a: Slowbro|1\n|-enditem|p1a: Slowbro|Colbur Berry|[eat]\n|-enditem|p1a: Slowbro|Colbur Berry|[weaken]\n|-damage|p1a: Slowbro|48/100\n|move|p1a: Slowbro|Trick Room|p1a: Slowbro\n|-fieldstart|move: Trick Room|[of] p1a: Slowbro\n|\n|-heal|p1b: Milotic|79/100|[from] item: Leftovers\n|upkeep\n|turn|10\n|\n|t:|1775894298\n|-curestatus|p2b: Alakazam|slp|[msg]\n|move|p2b: Alakazam|Protect|p2b: Alakazam\n|-singleturn|p2b: Alakazam|Protect\n|move|p1a: Slowbro|Surf|p2b: Alakazam|[spread] p1b,p2a\n|-activate|p2b: Alakazam|move: Protect\n|-resisted|p1b: Milotic|1\n|-supereffective|p2a: Incineroar|1\n|-damage|p1b: Milotic|70/100\n|-damage|p2a: Incineroar|57/100\n|move|p2a: Incineroar|Darkest Lariat|p1a: Slowbro\n|-supereffective|p1a: Slowbro|1\n|-damage|p1a: Slowbro|0 fnt\n|faint|p1a: Slowbro\n|move|p1b: Milotic|Scald|p2a: Incineroar\n|-supereffective|p2a: Incineroar|1\n|-damage|p2a: Incineroar|0 fnt\n|faint|p2a: Incineroar\n|\n|-heal|p1b: Milotic|76/100|[from] item: Leftovers\n|-fieldend|move: Psychic Terrain\n|upkeep\n|\n|t:|1775894314\n|switch|p1a: Venusaur|Venusaur-Mega, L50, M|9/100\n|switch|p2a: Ditto|Ditto, L50|100/100 slp\n|turn|11\n|\n|t:|1775894329\n|move|p1a: Venusaur|Synthesis|p1a: Venusaur\n|-heal|p1a: Venusaur|58/100\n|move|p1b: Milotic|Scald|p2b: Alakazam\n|-damage|p2b: Alakazam|0 fnt\n|faint|p2b: Alakazam\n|-curestatus|p2a: Ditto|slp|[msg]\n|move|p2a: Ditto|Transform|p1b: Milotic\n|-transform|p2a: Ditto|p1b: Milotic\n|\n|-heal|p1b: Milotic|82/100|[from] item: Leftovers\n|upkeep\n|turn|12\n|-message|BigKobeBEEF forfeited.\n|\n|win|hohojo\n|raw|hohojo's rating: 1000 &rarr; <strong>1040</strong><br />(+40 for winning)\n|raw|BigKobeBEEF's rating: 1000 &rarr; <strong>1000</strong><br />(+0 for losing)\n|l|\u2606BigKobeBEEF\n|player|p2|\n",
  "uploadtime": 1775894343,
  "views": 18,
  "formatid": "gen9championsvgc2026regma",
  "rating": 1000,
  "private": 0,
  "password": null
}