{
  "id": "gen9championsvgc2026regma-2581759722",
  "format": "[Gen 9 Champions] VGC 2026 Reg M-A",
  "players": [
    "wegowego",
    "fathomforce"
  ],
  "log": "|j|\u2606wegowego\n|j|\u2606fathomforce\n|t:|1776026234\n|gametype|doubles\n|player|p1|wegowego|sage|1069\n|player|p2|fathomforce|plasmagrunt|1000\n|gen|9\n|tier|[Gen 9 Champions] VGC 2026 Reg M-A\n|rated|\n|rule|Species Clause: Limit one of each Pok\u00e9mon\n|rule|Item Clause: Limit 1 of each item\n|clearpoke\n|poke|p1|Sableye, L50, F|\n|poke|p1|Clefable, L50, F|\n|poke|p1|Pelipper, L50, M|\n|poke|p1|Weavile, L50, F|\n|poke|p1|Starmie, L50|\n|poke|p1|Milotic, L50, F|\n|poke|p2|Glimmora, L50, F|\n|poke|p2|Whimsicott, L50, F|\n|poke|p2|Incineroar, L50, F|\n|poke|p2|Garchomp, L50, F|\n|poke|p2|Rotom-Wash, L50|\n|poke|p2|Sneasler, L50, F|\n|teampreview|4\n|\n|t:|1776026276\n|teamsize|p1|4\n|teamsize|p2|4\n|start\n|switch|p1a: Sableye|Sableye, L50, F|100/100\n|switch|p1b: Starmie|Starmie, L50|100/100\n|switch|p2a: Whimsicott|Whimsicott, L50, F|100/100\n|switch|p2b: Garchomp|Garchomp, L50, F|100/100\n|turn|1\n|\n|t:|1776026295\n|switch|p1b: Weavile|Weavile, L50, F|100/100\n|-ability|p1b: Weavile|Pressure\n|move|p1a: Sableye|Fake Out|p2a: Whimsicott\n|-damage|p2a: Whimsicott|92/100\n|cant|p2a: Whimsicott|flinch\n|move|p2b: Garchomp|Swords Dance|p2b: Garchomp\n|-boost|p2b: Garchomp|atk|2\n|\n|upkeep\n|turn|2\n|\n|t:|1776026317\n|switch|p1a: Milotic|Milotic, L50, F|100/100\n|move|p2b: Garchomp|Protect|p2b: Garchomp\n|-singleturn|p2b: Garchomp|Protect\n|move|p1b: Weavile|Icicle Crash|p2b: Garchomp\n|-activate|p2b: Garchomp|move: Protect\n|move|p2a: Whimsicott|Moonblast|p1b: Weavile\n|-supereffective|p1b: Weavile|1\n|-damage|p1b: Weavile|18/100\n|\n|upkeep\n|turn|3\n|\n|t:|1776026339\n|move|p2a: Whimsicott|Tailwind|p2a: Whimsicott\n|-sidestart|p2: fathomforce|move: Tailwind\n|move|p2b: Garchomp|Rock Slide|p1a: Milotic|[spread] p1a,p1b\n|-supereffective|p1b: Weavile|1\n|-damage|p1a: Milotic|58/100\n|-damage|p1b: Weavile|0 fnt\n|faint|p1b: Weavile\n|move|p1a: Milotic|Ice Beam|p2a: Whimsicott\n|-supereffective|p2a: Whimsicott|1\n|-damage|p2a: Whimsicott|36/100\n|\n|-heal|p1a: Milotic|64/100|[from] item: Leftovers\n|upkeep\n|\n|t:|1776026350\n|switch|p1b: Sableye|Sableye, L50, F|100/100\n|turn|4\n|\n|t:|1776026361\n|detailschange|p2b: Garchomp|Garchomp-Mega, L50, F\n|-mega|p2b: Garchomp|Garchomp|Garchompite\n|move|p1b: Sableye|Fake Out|p2a: Whimsicott\n|-damage|p2a: Whimsicott|29/100\n|cant|p2a: Whimsicott|flinch\n|move|p2b: Garchomp|Earthquake|p1a: Milotic|[spread] p2a,p1a,p1b\n|-resisted|p2a: Whimsicott|1\n|-damage|p2a: Whimsicott|0 fnt\n|-damage|p1a: Milotic|0 fnt\n|-damage|p1b: Sableye|0 fnt\n|faint|p2a: Whimsicott\n|faint|p1a: Milotic\n|faint|p1b: Sableye\n|\n|upkeep\n|\n|t:|1776026376\n|switch|p2a: Rotom|Rotom-Wash, L50|100/100\n|switch|p1a: Starmie|Starmie, L50|100/100\n|turn|5\n|-message|wegowego forfeited.\n|\n|win|fathomforce\n|raw|wegowego's rating: 1069 &rarr; <strong>1045</strong><br />(-24 for losing)\n|raw|fathomforce's rating: 1000 &rarr; <strong>1048</strong><br />(+48 for winning)\n|l|\u2606wegowego\n|player|p1|\n",
  "uploadtime": 1776026383,
  "views": 23,
  "formatid": "gen9championsvgc2026regma",
  "rating": 1045,
  "private": 0,
  "password": null
}