{
  "id": "gen9championsvgc2026regma-2585428162",
  "format": "[Gen 9 Champions] VGC 2026 Reg M-A",
  "players": [
    "wartortcorp",
    "BabyBirdLucy"
  ],
  "log": "|j|\u2606wartortcorp\n|j|\u2606BabyBirdLucy\n|t:|1776346616\n|gametype|doubles\n|player|p1|wartortcorp|265|1396\n|player|p2|BabyBirdLucy|red-gen2|1339\n|gen|9\n|tier|[Gen 9 Champions] VGC 2026 Reg M-A\n|rated|\n|rule|Species Clause: Limit one of each Pok\u00e9mon\n|rule|Item Clause: Limit 1 of each item\n|clearpoke\n|poke|p1|Sinistcha-Masterpiece, L50|\n|poke|p1|Garchomp, L50, F|\n|poke|p1|Tyranitar, L50, F|\n|poke|p1|Skarmory, L50, F|\n|poke|p1|Tauros-Paldea-Aqua, L50, M|\n|poke|p1|Rotom-Heat, L50|\n|poke|p2|Charizard, L50, F|\n|poke|p2|Milotic, L50, F|\n|poke|p2|Sinistcha, L50|\n|poke|p2|Aerodactyl, L50, M|\n|poke|p2|Incineroar, L50, F|\n|poke|p2|Mimikyu, L50, F|\n|teampreview|4\n|inactive|Battle timer is ON: inactive players will automatically lose when time's up. (requested by BabyBirdLucy)\n|inactive|wartortcorp has 60 seconds left.\n|inactive|wartortcorp has 30 seconds left.\n|\n|t:|1776346683\n|teamsize|p1|4\n|teamsize|p2|4\n|start\n|switch|p1a: Garchomp|Garchomp, L50, F|100/100\n|switch|p1b: Rotom|Rotom-Heat, L50|100/100\n|switch|p2a: Incineroar|Incineroar, L50, F|100/100\n|switch|p2b: Charizard|Charizard, L50, F|100/100\n|-ability|p2a: Incineroar|Intimidate|boost\n|-unboost|p1a: Garchomp|atk|1\n|-unboost|p1b: Rotom|atk|1\n|turn|1\n|\n|t:|1776346694\n|detailschange|p2b: Charizard|Charizard-Mega-X, L50, F\n|-mega|p2b: Charizard|Charizard|Charizardite X\n|move|p1a: Garchomp|Protect|p1a: Garchomp\n|-singleturn|p1a: Garchomp|Protect\n|move|p1b: Rotom|Protect|p1b: Rotom\n|-singleturn|p1b: Rotom|Protect\n|move|p2a: Incineroar|Fake Out|p1a: Garchomp\n|-activate|p1a: Garchomp|move: Protect\n|move|p2b: Charizard|Dragon Dance|p2b: Charizard\n|-boost|p2b: Charizard|atk|1\n|-boost|p2b: Charizard|spe|1\n|\n|upkeep\n|turn|2\n|\n|t:|1776346707\n|move|p2b: Charizard|Protect|p2b: Charizard\n|-singleturn|p2b: Charizard|Protect\n|move|p1a: Garchomp|Earthquake|p2a: Incineroar|[spread] p2a\n|-activate|p2b: Charizard|move: Protect\n|-immune|p1b: Rotom|[from] ability: Levitate\n|-supereffective|p2a: Incineroar|1\n|-damage|p2a: Incineroar|58/100\n|move|p1b: Rotom|Volt Switch|p2a: Incineroar\n|-damage|p2a: Incineroar|33/100\n|\n|t:|1776346727\n|switch|p1b: Tauros|Tauros-Paldea-Aqua, L50, M|100/100|[from] Volt Switch\n|-ability|p1b: Tauros|Intimidate|boost\n|-unboost|p2a: Incineroar|atk|1\n|-unboost|p2b: Charizard|atk|1\n|move|p2a: Incineroar|Parting Shot|p1a: Garchomp\n|-unboost|p1a: Garchomp|atk|1\n|-unboost|p1a: Garchomp|spa|1\n|\n|t:|1776346734\n|switch|p2a: Sinistcha|Sinistcha, L50|100/100|[from] Parting Shot\n|\n|upkeep\n|turn|3\n|\n|t:|1776346759\n|switch|p1a: Rotom|Rotom-Heat, L50|100/100\n|switch|p1b: Tyranitar|Tyranitar, L50, F|100/100\n|-weather|Sandstorm|[from] ability: Sand Stream|[of] p1b: Tyranitar\n|move|p2b: Charizard|Dragon Dance|p2b: Charizard\n|-boost|p2b: Charizard|atk|1\n|-boost|p2b: Charizard|spe|1\n|move|p2a: Sinistcha|Matcha Gotcha|p1b: Tyranitar|[spread] p1a,p1b\n|-resisted|p1a: Rotom|1\n|-supereffective|p1b: Tyranitar|1\n|-damage|p1a: Rotom|89/100\n|-damage|p1b: Tyranitar|72/100\n|\n|-weather|Sandstorm|[upkeep]\n|-damage|p2b: Charizard|95/100|[from] Sandstorm\n|-damage|p1a: Rotom|83/100|[from] Sandstorm\n|-damage|p2a: Sinistcha|94/100|[from] Sandstorm\n|-heal|p1a: Rotom|89/100|[from] item: Leftovers\n|upkeep\n|turn|4\n|inactive|wartortcorp has 30 seconds left.\n|inactive|BabyBirdLucy has 30 seconds left.\n|\n|t:|1776346795\n|switch|p2a: Incineroar|Incineroar, L50, F|33/100\n|-ability|p2a: Incineroar|Intimidate|boost\n|-unboost|p1a: Rotom|atk|1\n|-unboost|p1b: Tyranitar|atk|1\n|detailschange|p1b: Tyranitar|Tyranitar-Mega, L50, F\n|-mega|p1b: Tyranitar|Tyranitar|Tyranitarite\n|move|p2b: Charizard|Dragon Claw|p1a: Rotom\n|-damage|p1a: Rotom|0 fnt\n|faint|p1a: Rotom\n|move|p1b: Tyranitar|Rock Slide|p2b: Charizard|[spread] p2a,p2b\n|-supereffective|p2a: Incineroar|1\n|-supereffective|p2b: Charizard|1\n|-damage|p2a: Incineroar|0 fnt\n|-damage|p2b: Charizard|55/100\n|faint|p2a: Incineroar\n|\n|-weather|Sandstorm|[upkeep]\n|-damage|p2b: Charizard|49/100|[from] Sandstorm\n|upkeep\n|inactive|wartortcorp has 30 seconds left.\n|\n|t:|1776346825\n|switch|p1a: Garchomp|Garchomp, L50, F|100/100\n|switch|p2a: Milotic|Milotic, L50, F|100/100\n|turn|5\n|\n|t:|1776346846\n|move|p2b: Charizard|Protect|p2b: Charizard\n|-singleturn|p2b: Charizard|Protect\n|move|p1a: Garchomp|Protect|p1a: Garchomp\n|-singleturn|p1a: Garchomp|Protect\n|move|p1b: Tyranitar|Knock Off|p2a: Milotic\n|-damage|p2a: Milotic|60/100\n|-enditem|p2a: Milotic|Leftovers|[from] move: Knock Off|[of] p1b: Tyranitar\n|move|p2a: Milotic|Life Dew|p2a: Milotic|[spread] p2a,p2b\n|-heal|p2a: Milotic|86/100\n|-heal|p2b: Charizard|73/100\n|\n|-weather|Sandstorm|[upkeep]\n|-damage|p2b: Charizard|68/100|[from] Sandstorm\n|-damage|p2a: Milotic|80/100|[from] Sandstorm\n|upkeep\n|turn|6\n|\n|t:|1776346869\n|move|p2b: Charizard|Dragon Claw|p1a: Garchomp\n|-supereffective|p1a: Garchomp|1\n|-enditem|p1a: Garchomp|Focus Sash\n|-damage|p1a: Garchomp|1/100\n|move|p1a: Garchomp|Stomping Tantrum|p2b: Charizard\n|-supereffective|p2b: Charizard|1\n|-damage|p2b: Charizard|0 fnt\n|faint|p2b: Charizard\n|move|p1b: Tyranitar|Rock Slide|p2a: Milotic\n|-damage|p2a: Milotic|47/100\n|move|p2a: Milotic|Scald|p1b: Tyranitar\n|-supereffective|p1b: Tyranitar|1\n|-damage|p1b: Tyranitar|40/100\n|-status|p1b: Tyranitar|brn\n|\n|-weather|Sandstorm|[upkeep]\n|-damage|p2a: Milotic|41/100|[from] Sandstorm\n|-damage|p1b: Tyranitar|34/100 brn|[from] brn\n|upkeep\n|\n|t:|1776346884\n|switch|p2b: Sinistcha|Sinistcha, L50|94/100\n|-heal|p2a: Milotic|66/100|[from] ability: Hospitality|[of] p2b: Sinistcha\n|turn|7\n|\n|t:|1776346892\n|move|p1a: Garchomp|Dragon Claw|p2b: Sinistcha\n|-damage|p2b: Sinistcha|56/100\n|move|p1b: Tyranitar|Knock Off|p2b: Sinistcha\n|-supereffective|p2b: Sinistcha|1\n|-damage|p2b: Sinistcha|23/100\n|-enditem|p2b: Sinistcha|Sitrus Berry|[from] move: Knock Off|[of] p1b: Tyranitar\n|move|p2a: Milotic|Life Dew|p2a: Milotic|[spread] p2a,p2b\n|-heal|p2a: Milotic|91/100\n|-heal|p2b: Sinistcha|47/100\n|move|p2b: Sinistcha|Matcha Gotcha|p1a: Garchomp|[spread] p1b\n|-miss|p2b: Sinistcha|p1a: Garchomp\n|-supereffective|p1b: Tyranitar|1\n|-damage|p1b: Tyranitar|8/100 brn\n|-heal|p2b: Sinistcha|62/100|[from] drain|[of] p1b: Tyranitar\n|\n|-weather|none\n|-damage|p1b: Tyranitar|2/100 brn|[from] brn\n|upkeep\n|turn|8\n|inactive|BabyBirdLucy has 30 seconds left.\n|\n|t:|1776346925\n|move|p1a: Garchomp|Protect|p1a: Garchomp\n|-singleturn|p1a: Garchomp|Protect\n|move|p1b: Tyranitar|Rock Slide|p2a: Milotic|[spread] p2a\n|-miss|p1b: Tyranitar|p2b: Sinistcha\n|-damage|p2a: Milotic|79/100\n|move|p2a: Milotic|Scald|p1a: Garchomp\n|-activate|p1a: Garchomp|move: Protect\n|move|p2b: Sinistcha|Trick Room|p2b: Sinistcha\n|-fieldstart|move: Trick Room|[of] p2b: Sinistcha\n|\n|-damage|p1b: Tyranitar|0 fnt|[from] brn\n|faint|p1b: Tyranitar\n|upkeep\n|-message|wartortcorp forfeited.\n|\n|win|BabyBirdLucy\n|raw|wartortcorp's rating: 1396 &rarr; <strong>1373</strong><br />(-23 for losing)\n|raw|BabyBirdLucy's rating: 1339 &rarr; <strong>1362</strong><br />(+23 for winning)\n|l|\u2606BabyBirdLucy\n|player|p2|\n|j|\u2606BabyBirdLucy\n|player|p2|BabyBirdLucy|red-gen2|\n",
  "uploadtime": 1776346959,
  "views": 50,
  "formatid": "gen9championsvgc2026regma",
  "rating": 1362,
  "private": 0,
  "password": null
}