{
  "id": "gen9championsvgc2026regma-2586936413",
  "format": "[Gen 9 Champions] VGC 2026 Reg M-A",
  "players": [
    "sdfpiuou",
    "mrguy888"
  ],
  "log": "|j|\u2606sdfpiuou\n|j|\u2606mrguy888\n|t:|1776473472\n|gametype|doubles\n|player|p1|sdfpiuou|1|1151\n|player|p2|mrguy888|noland-gen3|1244\n|gen|9\n|tier|[Gen 9 Champions] VGC 2026 Reg M-A\n|rated|\n|rule|Species Clause: Limit one of each Pok\u00e9mon\n|rule|Item Clause: Limit 1 of each item\n|clearpoke\n|poke|p1|Delphox, L50, F|\n|poke|p1|Sableye, L50, M|\n|poke|p1|Whimsicott, L50, F|\n|poke|p1|Garchomp, L50, M|\n|poke|p1|Lycanroc, L50, F|\n|poke|p1|Gardevoir, L50, M|\n|poke|p2|Floette-Eternal, L50, F|\n|poke|p2|Aerodactyl, L50, M|\n|poke|p2|Tauros-Paldea-Aqua, L50, M|\n|poke|p2|Kangaskhan, L50, F|\n|poke|p2|Rotom-Heat, L50|\n|poke|p2|Aegislash, L50, F|\n|teampreview|4\n|inactive|Battle timer is ON: inactive players will automatically lose when time's up. (requested by mrguy888)\n|inactive|sdfpiuou also wants the timer to be on.\n|inactive|mrguy888 has 60 seconds left.\n|\n|t:|1776473515\n|teamsize|p1|4\n|teamsize|p2|4\n|start\n|switch|p1a: Lycanroc|Lycanroc, L50, F|100/100\n|switch|p1b: Sableye|Sableye, L50, M|100/100\n|switch|p2a: Aerodactyl|Aerodactyl, L50, M|100/100\n|switch|p2b: Kangaskhan|Kangaskhan, L50, F|100/100\n|-ability|p2a: Aerodactyl|Unnerve\n|turn|1\n|\n|t:|1776473529\n|detailschange|p2b: Kangaskhan|Kangaskhan-Mega, L50, F\n|-mega|p2b: Kangaskhan|Kangaskhan|Kangaskhanite\n|move|p1b: Sableye|Fake Out|p2b: Kangaskhan\n|-damage|p2b: Kangaskhan|94/100\n|move|p2a: Aerodactyl|Tailwind|p2a: Aerodactyl\n|-sidestart|p2: mrguy888|move: Tailwind\n|cant|p2b: Kangaskhan|flinch\n|move|p1a: Lycanroc|Stone Edge|p2a: Aerodactyl\n|-supereffective|p2a: Aerodactyl|1\n|-enditem|p2a: Aerodactyl|Focus Sash\n|-damage|p2a: Aerodactyl|1/100\n|\n|upkeep\n|turn|2\n|\n|t:|1776473547\n|switch|p2a: Tauros|Tauros-Paldea-Aqua, L50, M|100/100\n|-ability|p2a: Tauros|Intimidate|boost\n|-unboost|p1a: Lycanroc|atk|1\n|-unboost|p1b: Sableye|atk|1\n|move|p1a: Lycanroc|Accelerock|p2a: Tauros\n|-resisted|p2a: Tauros|1\n|-damage|p2a: Tauros|93/100\n|move|p2b: Kangaskhan|Drain Punch|p1a: Lycanroc\n|-supereffective|p1a: Lycanroc|1\n|-damage|p1a: Lycanroc|14/100\n|-heal|p2b: Kangaskhan|100/100|[from] drain|[of] p1a: Lycanroc\n|-supereffective|p1a: Lycanroc|1\n|-damage|p1a: Lycanroc|0 fnt\n|faint|p1a: Lycanroc\n|-hitcount|p1: Lycanroc|2\n|move|p1b: Sableye|Foul Play|p2b: Kangaskhan\n|-damage|p2b: Kangaskhan|56/100\n|\n|upkeep\n|\n|t:|1776473565\n|switch|p1a: Whimsicott|Whimsicott, L50, F|100/100\n|turn|3\n|\n|t:|1776473581\n|move|p2a: Tauros|Wave Crash|p1b: Sableye\n|-damage|p1b: Sableye|18/100\n|-enditem|p1b: Sableye|Sitrus Berry|[eat]\n|-heal|p1b: Sableye|43/100|[from] item: Sitrus Berry\n|-damage|p2a: Tauros|64/100|[from] Recoil\n|move|p2b: Kangaskhan|Double-Edge|p1a: Whimsicott\n|-damage|p1a: Whimsicott|0 fnt\n|faint|p1a: Whimsicott\n|-hitcount|p1: Whimsicott|1\n|-damage|p2b: Kangaskhan|34/100|[from] Recoil\n|move|p1b: Sableye|Foul Play|p2b: Kangaskhan\n|-damage|p2b: Kangaskhan|0 fnt\n|faint|p2b: Kangaskhan\n|\n|upkeep\n|\n|t:|1776473598\n|switch|p1a: Delphox|Delphox, L50, F|100/100\n|switch|p2b: Aerodactyl|Aerodactyl, L50, M|1/100\n|-ability|p2b: Aerodactyl|Unnerve\n|turn|4\n|\n|t:|1776473613\n|detailschange|p1a: Delphox|Delphox-Mega, L50, F\n|-mega|p1a: Delphox|Delphox|Delphoxite\n|move|p1a: Delphox|Protect|p1a: Delphox\n|-singleturn|p1a: Delphox|Protect\n|move|p2b: Aerodactyl|Rock Slide|p1a: Delphox|[spread] p1b\n|-activate|p1a: Delphox|move: Protect\n|-damage|p1b: Sableye|10/100\n|move|p2a: Tauros|Wave Crash|p1b: Sableye\n|-damage|p1b: Sableye|0 fnt\n|faint|p1b: Sableye\n|-damage|p2a: Tauros|61/100|[from] Recoil\n|\n|-sideend|p2: mrguy888|move: Tailwind\n|upkeep\n|turn|5\n|\n|t:|1776473638\n|move|p2a: Tauros|Aqua Jet|p1a: Delphox\n|-supereffective|p1a: Delphox|1\n|-damage|p1a: Delphox|43/100\n|move|p1a: Delphox|Heat Wave|p2b: Aerodactyl|[spread] p2a,p2b\n|-resisted|p2a: Tauros|1\n|-resisted|p2b: Aerodactyl|1\n|-damage|p2a: Tauros|30/100\n|-damage|p2b: Aerodactyl|0 fnt\n|faint|p2b: Aerodactyl\n|\n|upkeep\n|\n|t:|1776473644\n|switch|p2b: Aegislash|Aegislash, L50, F|100/100\n|turn|6\n|\n|t:|1776473647\n|move|p2a: Tauros|Aqua Jet|p1a: Delphox\n|-supereffective|p1a: Delphox|1\n|-damage|p1a: Delphox|0 fnt\n|faint|p1a: Delphox\n|\n|win|mrguy888\n|raw|sdfpiuou's rating: 1151 &rarr; <strong>1133</strong><br />(-18 for losing)\n|raw|mrguy888's rating: 1244 &rarr; <strong>1262</strong><br />(+18 for winning)\n|l|\u2606sdfpiuou\n|player|p1|\n",
  "uploadtime": 1776473653,
  "views": 22,
  "formatid": "gen9championsvgc2026regma",
  "rating": 1133,
  "private": 0,
  "password": null
}