{
  "id": "gen9championsvgc2026regma-2583163376",
  "format": "[Gen 9 Champions] VGC 2026 Reg M-A",
  "players": [
    "25528989d",
    "kooolk6 t 7"
  ],
  "log": "|j|\u260625528989d\n|j|\u2606kooolk6 t 7\n|t:|1776149723\n|gametype|doubles\n|player|p1|25528989d|roxie-masters|1000\n|player|p2|kooolk6 t 7|1|1071\n|gen|9\n|tier|[Gen 9 Champions] VGC 2026 Reg M-A\n|rated|\n|rule|Species Clause: Limit one of each Pok\u00e9mon\n|rule|Item Clause: Limit 1 of each item\n|clearpoke\n|poke|p1|Charizard, L50, M|\n|poke|p1|Tyranitar, L50, F|\n|poke|p1|Gyarados, L50, M|\n|poke|p1|Garchomp, L50, M|\n|poke|p1|Rotom-Mow, L50|\n|poke|p1|Lucario, L50, M|\n|poke|p2|Aggron, L50, M|\n|poke|p2|Sableye, L50, F|\n|poke|p2|Sinistcha, L50|\n|poke|p2|Ninetales-Alola, L50, F|\n|poke|p2|Incineroar, L50, M|\n|poke|p2|Beartic, L50, M|\n|teampreview|4\n|inactive|Battle timer is ON: inactive players will automatically lose when time's up. (requested by kooolk6 t 7)\n|\n|t:|1776149798\n|teamsize|p1|4\n|teamsize|p2|4\n|start\n|switch|p1a: Lucario|Lucario, L50, M|100/100\n|switch|p1b: Charizard|Charizard, L50, M|100/100\n|switch|p2a: Beartic|Beartic, L50, M|100/100\n|switch|p2b: Sableye|Sableye, L50, F|100/100\n|turn|1\n|inactive|25528989d has 30 seconds left.\n|inactive|kooolk6 t 7 has 30 seconds left.\n|inactive|25528989d has 20 seconds left.\n|\n|t:|1776149836\n|detailschange|p1b: Charizard|Charizard-Mega-Y, L50, M\n|-mega|p1b: Charizard|Charizard|Charizardite Y\n|-weather|SunnyDay|[from] ability: Drought|[of] p1b: Charizard\n|move|p1a: Lucario|Protect|p1a: Lucario\n|-singleturn|p1a: Lucario|Protect\n|move|p2b: Sableye|Fake Out|p1b: Charizard\n|-damage|p1b: Charizard|92/100\n|cant|p1b: Charizard|flinch\n|move|p2a: Beartic|Liquidation|p1b: Charizard\n|-supereffective|p1b: Charizard|1\n|-damage|p1b: Charizard|42/100\n|\n|-weather|SunnyDay|[upkeep]\n|upkeep\n|turn|2\n|inactive|kooolk6 t 7 has 30 seconds left.\n|inactive|kooolk6 t 7 has 20 seconds left.\n|inactive|kooolk6 t 7 has 15 seconds left.\n|\n|t:|1776149878\n|switch|p1a: Rotom|Rotom-Mow, L50|100/100\n|switch|p2b: Ninetales|Ninetales-Alola, L50, F|100/100\n|-weather|Snowscape|[from] ability: Snow Warning|[of] p2b: Ninetales\n|move|p2a: Beartic|Liquidation|p1b: Charizard\n|-supereffective|p1b: Charizard|1\n|-damage|p1b: Charizard|0 fnt\n|faint|p1b: Charizard\n|\n|-weather|Snowscape|[upkeep]\n|upkeep\n|\n|t:|1776149889\n|switch|p1b: Tyranitar|Tyranitar, L50, F|100/100\n|-weather|Sandstorm|[from] ability: Sand Stream|[of] p1b: Tyranitar\n|turn|3\n|\n|t:|1776149906\n|switch|p2b: Sableye|Sableye, L50, F|100/100\n|move|p1a: Rotom|Will-O-Wisp|p2a: Beartic\n|-status|p2a: Beartic|brn\n|move|p2a: Beartic|Icicle Crash|p1a: Rotom\n|-supereffective|p1a: Rotom|1\n|-damage|p1a: Rotom|56/100\n|move|p1b: Tyranitar|Rock Slide|p2a: Beartic|[spread] p2a,p2b\n|-supereffective|p2a: Beartic|1\n|-damage|p2a: Beartic|17/100 brn\n|-damage|p2b: Sableye|57/100\n|\n|-weather|Sandstorm|[upkeep]\n|-damage|p1a: Rotom|50/100|[from] Sandstorm\n|-damage|p2a: Beartic|11/100 brn|[from] Sandstorm\n|-damage|p2b: Sableye|51/100|[from] Sandstorm\n|-enditem|p1a: Rotom|Sitrus Berry|[eat]\n|-heal|p1a: Rotom|75/100|[from] item: Sitrus Berry\n|-damage|p2a: Beartic|5/100 brn|[from] brn\n|upkeep\n|turn|4\n|inactive|kooolk6 t 7 has 30 seconds left.\n|\n|t:|1776149934\n|switch|p2a: Ninetales|Ninetales-Alola, L50, F|100/100\n|-weather|Snowscape|[from] ability: Snow Warning|[of] p2a: Ninetales\n|switch|p1b: Lucario|Lucario, L50, M|100/100\n|move|p2b: Sableye|Encore|p1a: Rotom\n|-start|p1a: Rotom|Encore\n|move|p1a: Rotom|Will-O-Wisp|p2b: Sableye|[miss]\n|-miss|p1a: Rotom|p2b: Sableye\n|\n|-weather|Snowscape|[upkeep]\n|upkeep\n|turn|5\n|inactive|25528989d has 30 seconds left.\n|inactive|25528989d has 20 seconds left.\n|\n|t:|1776149969\n|switch|p2a: Sinistcha|Sinistcha, L50|100/100\n|-heal|p2b: Sableye|76/100|[from] ability: Hospitality|[of] p2a: Sinistcha\n|switch|p1a: Tyranitar|Tyranitar, L50, F|100/100\n|-weather|Sandstorm|[from] ability: Sand Stream|[of] p1a: Tyranitar\n|move|p1b: Lucario|Bullet Punch|p2a: Sinistcha\n|-damage|p2a: Sinistcha|85/100\n|move|p2b: Sableye|Will-O-Wisp|p1b: Lucario\n|-status|p1b: Lucario|brn\n|\n|-weather|Sandstorm|[upkeep]\n|-damage|p2a: Sinistcha|79/100|[from] Sandstorm\n|-damage|p2b: Sableye|70/100|[from] Sandstorm\n|-heal|p2a: Sinistcha|85/100|[from] item: Leftovers\n|-damage|p1b: Lucario|94/100 brn|[from] brn\n|upkeep\n|turn|6\n|inactive|kooolk6 t 7 has 30 seconds left.\n|\n|t:|1776150000\n|switch|p1a: Rotom|Rotom-Mow, L50|75/100\n|switch|p2b: Ninetales|Ninetales-Alola, L50, F|100/100\n|-weather|Snowscape|[from] ability: Snow Warning|[of] p2b: Ninetales\n|move|p1b: Lucario|Bullet Punch|p2b: Ninetales\n|-supereffective|p2b: Ninetales|2\n|-damage|p2b: Ninetales|64/100\n|move|p2a: Sinistcha|Matcha Gotcha|p1a: Rotom|[spread] p1a,p1b\n|-resisted|p1a: Rotom|1\n|-resisted|p1b: Lucario|1\n|-damage|p1a: Rotom|63/100\n|-heal|p2a: Sinistcha|91/100|[from] drain|[of] p1a: Rotom\n|-damage|p1b: Lucario|74/100 brn\n|-heal|p2a: Sinistcha|99/100|[from] drain|[of] p1b: Lucario\n|\n|-weather|Snowscape|[upkeep]\n|-heal|p2a: Sinistcha|100/100|[from] item: Leftovers\n|-damage|p1b: Lucario|68/100 brn|[from] brn\n|upkeep\n|turn|7\n|\n|t:|1776150014\n|switch|p2b: Beartic|Beartic, L50, M|5/100 brn\n|switch|p1b: Tyranitar|Tyranitar, L50, F|100/100\n|-weather|Sandstorm|[from] ability: Sand Stream|[of] p1b: Tyranitar\n|move|p1a: Rotom|Leaf Storm|p2b: Beartic\n|-damage|p2b: Beartic|0 fnt\n|-unboost|p1a: Rotom|spa|2\n|faint|p2b: Beartic\n|move|p2a: Sinistcha|Matcha Gotcha|p1a: Rotom|[spread] p1a\n|-miss|p2a: Sinistcha|p1b: Tyranitar\n|-resisted|p1a: Rotom|1\n|-damage|p1a: Rotom|49/100\n|\n|-weather|Sandstorm|[upkeep]\n|-damage|p1a: Rotom|43/100|[from] Sandstorm\n|-damage|p2a: Sinistcha|94/100|[from] Sandstorm\n|-heal|p2a: Sinistcha|100/100|[from] item: Leftovers\n|upkeep\n|\n|t:|1776150030\n|switch|p2b: Ninetales|Ninetales-Alola, L50, F|64/100\n|-weather|Snowscape|[from] ability: Snow Warning|[of] p2b: Ninetales\n|turn|8\n|\n|t:|1776150049\n|switch|p1a: Lucario|Lucario, L50, M|68/100 brn\n|move|p2b: Ninetales|Aurora Veil|p2b: Ninetales\n|-sidestart|p2: kooolk6 t 7|move: Aurora Veil\n|move|p2a: Sinistcha|Matcha Gotcha|p1a: Lucario|[spread] p1a,p1b\n|-resisted|p1a: Lucario|1\n|-supereffective|p1b: Tyranitar|1\n|-damage|p1a: Lucario|46/100 brn\n|-damage|p1b: Tyranitar|62/100\n|move|p1b: Tyranitar|Crunch|p2a: Sinistcha\n|-supereffective|p2a: Sinistcha|1\n|-damage|p2a: Sinistcha|57/100\n|-unboost|p2a: Sinistcha|def|1\n|\n|-weather|Snowscape|[upkeep]\n|-heal|p2a: Sinistcha|63/100|[from] item: Leftovers\n|-damage|p1a: Lucario|40/100 brn|[from] brn\n|upkeep\n|turn|9\n|\n|t:|1776150072\n|move|p1b: Tyranitar|Protect|p1b: Tyranitar\n|-singleturn|p1b: Tyranitar|Protect\n|move|p2b: Ninetales|Blizzard|p1a: Lucario|[spread] p1a\n|-activate|p1b: Tyranitar|move: Protect\n|-resisted|p1a: Lucario|1\n|-damage|p1a: Lucario|15/100 brn\n|move|p1a: Lucario|Coaching|p1b: Tyranitar\n|-boost|p1b: Tyranitar|atk|1\n|-boost|p1b: Tyranitar|def|1\n|move|p2a: Sinistcha|Matcha Gotcha|p1a: Lucario|[spread] p1a\n|-activate|p1b: Tyranitar|move: Protect\n|-resisted|p1a: Lucario|1\n|-damage|p1a: Lucario|0 fnt\n|-heal|p2a: Sinistcha|70/100|[from] drain|[of] p1a: Lucario\n|faint|p1a: Lucario\n|\n|-weather|Snowscape|[upkeep]\n|-heal|p2a: Sinistcha|76/100|[from] item: Leftovers\n|upkeep\n|\n|t:|1776150083\n|switch|p1a: Rotom|Rotom-Mow, L50|43/100\n|turn|10\n|\n|t:|1776150094\n|move|p2b: Ninetales|Blizzard|p1a: Rotom|[spread] p1a,p1b\n|-supereffective|p1a: Rotom|1\n|-damage|p1a: Rotom|0 fnt\n|-damage|p1b: Tyranitar|34/100\n|-status|p1b: Tyranitar|frz\n|faint|p1a: Rotom\n|move|p2a: Sinistcha|Strength Sap|p1b: Tyranitar\n|-unboost|p1b: Tyranitar|atk|1\n|-heal|p2a: Sinistcha|100/100\n|cant|p1b: Tyranitar|frz\n|\n|-weather|Snowscape|[upkeep]\n|upkeep\n|turn|11\n|-message|25528989d forfeited.\n|\n|win|kooolk6 t 7\n|raw|25528989d's rating: 1000 &rarr; <strong>1000</strong><br />(+0 for losing)\n|raw|kooolk6 t 7's rating: 1071 &rarr; <strong>1094</strong><br />(+23 for winning)\n",
  "uploadtime": 1776150101,
  "views": 25,
  "formatid": "gen9championsvgc2026regma",
  "rating": 1000,
  "private": 0,
  "password": null
}