{
  "id": "gen9championsvgc2026regma-2584135933",
  "format": "[Gen 9 Champions] VGC 2026 Reg M-A",
  "players": [
    "cutecharmexploit",
    "TiredBeanos"
  ],
  "log": "|j|\u2606cutecharmexploit\n|j|\u2606TiredBeanos\n|t:|1776229212\n|gametype|doubles\n|player|p1|cutecharmexploit|scientistf|1138\n|player|p2|TiredBeanos|miku-ghost|1121\n|gen|9\n|tier|[Gen 9 Champions] VGC 2026 Reg M-A\n|rated|\n|rule|Species Clause: Limit one of each Pok\u00e9mon\n|rule|Item Clause: Limit 1 of each item\n|clearpoke\n|poke|p1|Aerodactyl, L50, M|\n|poke|p1|Floette-Eternal, L50, F|\n|poke|p1|Sneasler, L50, M|\n|poke|p1|Incineroar, L50, F|\n|poke|p1|Maushold-Four, L50|\n|poke|p1|Sinistcha, L50|\n|poke|p2|Tyranitar, L50, M|\n|poke|p2|Gardevoir, L50, M|\n|poke|p2|Gyarados, L50, F|\n|poke|p2|Excadrill, L50, M|\n|poke|p2|Sinistcha, L50|\n|poke|p2|Rotom-Heat, L50|\n|teampreview|4\n|\n|t:|1776229281\n|teamsize|p1|4\n|teamsize|p2|4\n|start\n|switch|p1a: Dr Epicsauce|Aerodactyl, L50, M|100/100\n|switch|p1b: Epic (2013)|Incineroar, L50, F|100/100\n|switch|p2a: Excadrill|Excadrill, L50, M|100/100\n|switch|p2b: Tyranitar|Tyranitar, L50, M|100/100\n|-ability|p1a: Dr Epicsauce|Unnerve\n|-weather|Sandstorm|[from] ability: Sand Stream|[of] p2b: Tyranitar\n|-ability|p1b: Epic (2013)|Intimidate|boost\n|-unboost|p2a: Excadrill|atk|1\n|-unboost|p2b: Tyranitar|atk|1\n|turn|1\n|\n|t:|1776229315\n|switch|p2a: Gyarados|Gyarados, L50, F|100/100\n|-ability|p2a: Gyarados|Intimidate|boost\n|-unboost|p1a: Dr Epicsauce|atk|1\n|-unboost|p1b: Epic (2013)|atk|1\n|move|p1b: Epic (2013)|Fake Out|p2b: Tyranitar\n|-resisted|p2b: Tyranitar|1\n|-damage|p2b: Tyranitar|97/100\n|move|p1a: Dr Epicsauce|Tailwind|p1a: Dr Epicsauce\n|-sidestart|p1: cutecharmexploit|move: Tailwind\n|cant|p2b: Tyranitar|flinch\n|\n|-weather|Sandstorm|[upkeep]\n|-damage|p1b: Epic (2013)|95/100|[from] Sandstorm\n|-damage|p2a: Gyarados|95/100|[from] Sandstorm\n|-heal|p2a: Gyarados|100/100|[from] item: Leftovers\n|upkeep\n|turn|2\n|\n|t:|1776229359\n|move|p1a: Dr Epicsauce|Protect|p1a: Dr Epicsauce\n|-singleturn|p1a: Dr Epicsauce|Protect\n|move|p1b: Epic (2013)|Parting Shot|p2a: Gyarados\n|-unboost|p2a: Gyarados|atk|1\n|-unboost|p2a: Gyarados|spa|1\n|\n|t:|1776229383\n|switch|p1b: Le Epic Bacon|Sneasler, L50, M|100/100|[from] Parting Shot\n|move|p2b: Tyranitar|Dragon Dance|p2b: Tyranitar\n|-boost|p2b: Tyranitar|atk|1\n|-boost|p2b: Tyranitar|spe|1\n|move|p2a: Gyarados|Waterfall|p1b: Le Epic Bacon\n|-damage|p1b: Le Epic Bacon|61/100\n|\n|-weather|Sandstorm|[upkeep]\n|-damage|p1b: Le Epic Bacon|55/100|[from] Sandstorm\n|-damage|p2a: Gyarados|95/100|[from] Sandstorm\n|-heal|p2a: Gyarados|100/100|[from] item: Leftovers\n|upkeep\n|turn|3\n|\n|t:|1776229419\n|switch|p1a: Epic (2013)|Incineroar, L50, F|95/100\n|-ability|p1a: Epic (2013)|Intimidate|boost\n|-unboost|p2a: Gyarados|atk|1\n|-unboost|p2b: Tyranitar|atk|1\n|switch|p2b: Sinistcha|Sinistcha, L50|100/100\n|move|p1b: Le Epic Bacon|Close Combat|p2b: Sinistcha\n|-immune|p2b: Sinistcha\n|move|p2a: Gyarados|Thunder Wave|p1b: Le Epic Bacon\n|-status|p1b: Le Epic Bacon|par\n|\n|-weather|Sandstorm|[upkeep]\n|-damage|p1b: Le Epic Bacon|50/100 par|[from] Sandstorm\n|-damage|p1a: Epic (2013)|89/100|[from] Sandstorm\n|-damage|p2a: Gyarados|95/100|[from] Sandstorm\n|-damage|p2b: Sinistcha|94/100|[from] Sandstorm\n|-heal|p2a: Gyarados|100/100|[from] item: Leftovers\n|upkeep\n|turn|4\n|\n|t:|1776229480\n|switch|p2b: Excadrill|Excadrill, L50, M|100/100\n|move|p2a: Gyarados|Protect|p2a: Gyarados\n|-singleturn|p2a: Gyarados|Protect\n|move|p1b: Le Epic Bacon|Dire Claw|p2b: Excadrill\n|-immune|p2b: Excadrill\n|move|p1a: Epic (2013)|Flare Blitz|p2b: Excadrill\n|-supereffective|p2b: Excadrill|1\n|-enditem|p2b: Excadrill|Focus Sash\n|-damage|p2b: Excadrill|1/100\n|-damage|p1a: Epic (2013)|58/100|[from] Recoil\n|\n|-weather|Sandstorm|[upkeep]\n|-damage|p1b: Le Epic Bacon|44/100 par|[from] Sandstorm\n|-damage|p1a: Epic (2013)|52/100|[from] Sandstorm\n|-damage|p2a: Gyarados|95/100|[from] Sandstorm\n|-heal|p2a: Gyarados|100/100|[from] item: Leftovers\n|-sideend|p1: cutecharmexploit|move: Tailwind\n|upkeep\n|turn|5\n|\n|t:|1776229523\n|switch|p1a: Dr Epicsauce|Aerodactyl, L50, M|100/100\n|-ability|p1a: Dr Epicsauce|Unnerve\n|move|p1b: Le Epic Bacon|Protect|p1b: Le Epic Bacon\n|-singleturn|p1b: Le Epic Bacon|Protect\n|move|p2b: Excadrill|Earthquake|p1a: Dr Epicsauce|[spread] \n|-activate|p1b: Le Epic Bacon|move: Protect\n|-immune|p2a: Gyarados\n|-immune|p1a: Dr Epicsauce\n|move|p2a: Gyarados|Waterfall|p1a: Dr Epicsauce\n|-supereffective|p1a: Dr Epicsauce|1\n|-damage|p1a: Dr Epicsauce|46/100\n|\n|-weather|none\n|upkeep\n|turn|6\n|\n|t:|1776229583\n|switch|p2a: Tyranitar|Tyranitar, L50, M|97/100\n|-weather|Sandstorm|[from] ability: Sand Stream|[of] p2a: Tyranitar\n|move|p2b: Excadrill|High Horsepower|p1b: Le Epic Bacon\n|-supereffective|p1b: Le Epic Bacon|1\n|-damage|p1b: Le Epic Bacon|0 fnt\n|faint|p1b: Le Epic Bacon\n|move|p1a: Dr Epicsauce|Rock Slide|p2a: Tyranitar|[spread] p2b\n|-miss|p1a: Dr Epicsauce|p2a: Tyranitar\n|-resisted|p2b: Excadrill|2\n|-damage|p2b: Excadrill|0 fnt\n|faint|p2b: Excadrill\n|\n|-weather|Sandstorm|[upkeep]\n|upkeep\n|\n|t:|1776229602\n|switch|p1b: Epic (2013)|Incineroar, L50, F|52/100\n|switch|p2b: Gyarados|Gyarados, L50, F|100/100\n|-ability|p2b: Gyarados|Intimidate|boost\n|-unboost|p1a: Dr Epicsauce|atk|1\n|-unboost|p1b: Epic (2013)|atk|1\n|-ability|p1b: Epic (2013)|Intimidate|boost\n|-unboost|p2a: Tyranitar|atk|1\n|-unboost|p2b: Gyarados|atk|1\n|turn|7\n|\n|t:|1776229635\n|move|p1b: Epic (2013)|Fake Out|p2a: Tyranitar\n|-resisted|p2a: Tyranitar|1\n|-damage|p2a: Tyranitar|94/100\n|move|p1a: Dr Epicsauce|Tailwind|p1a: Dr Epicsauce\n|-sidestart|p1: cutecharmexploit|move: Tailwind\n|cant|p2a: Tyranitar|flinch\n|move|p2b: Gyarados|Waterfall|p1a: Dr Epicsauce\n|-supereffective|p1a: Dr Epicsauce|1\n|-damage|p1a: Dr Epicsauce|0 fnt\n|faint|p1a: Dr Epicsauce\n|\n|-weather|Sandstorm|[upkeep]\n|-damage|p1b: Epic (2013)|47/100|[from] Sandstorm\n|-damage|p2b: Gyarados|95/100|[from] Sandstorm\n|-enditem|p1b: Epic (2013)|Sitrus Berry|[eat]\n|-heal|p1b: Epic (2013)|71/100|[from] item: Sitrus Berry\n|-heal|p2b: Gyarados|100/100|[from] item: Leftovers\n|upkeep\n|\n|t:|1776229650\n|switch|p1a: Freaking Epic|Floette-Eternal, L50, F|100/100\n|turn|8\n|\n|t:|1776229681\n|detailschange|p1a: Freaking Epic|Floette-Mega, L50, F\n|-mega|p1a: Freaking Epic|Floette|Floettite\n|-ability|p1a: Freaking Epic|Fairy Aura\n|move|p2a: Tyranitar|Protect|p2a: Tyranitar\n|-singleturn|p2a: Tyranitar|Protect\n|move|p1a: Freaking Epic|Draining Kiss|p2a: Tyranitar\n|-activate|p2a: Tyranitar|move: Protect\n|move|p1b: Epic (2013)|Will-O-Wisp|p2b: Gyarados\n|-status|p2b: Gyarados|brn\n|move|p2b: Gyarados|Thunder Wave|p1a: Freaking Epic\n|-status|p1a: Freaking Epic|par\n|\n|-weather|Sandstorm|[upkeep]\n|-damage|p1b: Epic (2013)|65/100|[from] Sandstorm\n|-damage|p1a: Freaking Epic|95/100 par|[from] Sandstorm\n|-damage|p2b: Gyarados|95/100 brn|[from] Sandstorm\n|-heal|p2b: Gyarados|100/100 brn|[from] item: Leftovers\n|-damage|p2b: Gyarados|95/100 brn|[from] brn\n|upkeep\n|turn|9\n|\n|t:|1776229734\n|switch|p2a: Sinistcha|Sinistcha, L50|94/100\n|-heal|p2b: Gyarados|100/100 brn|[from] ability: Hospitality|[of] p2a: Sinistcha\n|move|p1b: Epic (2013)|Will-O-Wisp|p2a: Sinistcha\n|-status|p2a: Sinistcha|brn\n|move|p1a: Freaking Epic|Light of Ruin|p2b: Gyarados\n|-damage|p2b: Gyarados|10/100 brn\n|-damage|p1a: Freaking Epic|34/100 par|[from] Recoil\n|move|p2b: Gyarados|Thunder Wave|p1b: Epic (2013)\n|-status|p1b: Epic (2013)|par\n|\n|-weather|Sandstorm|[upkeep]\n|-damage|p1a: Freaking Epic|28/100 par|[from] Sandstorm\n|-damage|p2b: Gyarados|4/100 brn|[from] Sandstorm\n|-damage|p2a: Sinistcha|88/100 brn|[from] Sandstorm\n|-damage|p1b: Epic (2013)|59/100 par|[from] Sandstorm\n|-heal|p2b: Gyarados|10/100 brn|[from] item: Leftovers\n|-damage|p2b: Gyarados|4/100 brn|[from] brn\n|-damage|p2a: Sinistcha|82/100 brn|[from] brn\n|upkeep\n|turn|10\n|\n|t:|1776229778\n|move|p1a: Freaking Epic|Protect|p1a: Freaking Epic\n|-singleturn|p1a: Freaking Epic|Protect\n|move|p2a: Sinistcha|Rage Powder|p2a: Sinistcha\n|-singleturn|p2a: Sinistcha|move: Rage Powder\n|move|p2b: Gyarados|Waterfall|p1a: Freaking Epic\n|-activate|p1a: Freaking Epic|move: Protect\n|move|p1b: Epic (2013)|Flare Blitz|p2a: Sinistcha\n|-supereffective|p2a: Sinistcha|1\n|-damage|p2a: Sinistcha|27/100 brn\n|-enditem|p2a: Sinistcha|Sitrus Berry|[eat]\n|-heal|p2a: Sinistcha|52/100 brn|[from] item: Sitrus Berry\n|-damage|p1b: Epic (2013)|44/100 par|[from] Recoil\n|\n|-weather|none\n|-heal|p2b: Gyarados|10/100 brn|[from] item: Leftovers\n|-damage|p2b: Gyarados|4/100 brn|[from] brn\n|-damage|p2a: Sinistcha|45/100 brn|[from] brn\n|-sideend|p1: cutecharmexploit|move: Tailwind\n|upkeep\n|turn|11\n|\n|t:|1776229833\n|move|p2a: Sinistcha|Rage Powder|p2a: Sinistcha\n|-singleturn|p2a: Sinistcha|move: Rage Powder\n|move|p2b: Gyarados|Waterfall|p1a: Freaking Epic\n|-damage|p1a: Freaking Epic|14/100 par\n|move|p1a: Freaking Epic|Draining Kiss|p2a: Sinistcha\n|-damage|p2a: Sinistcha|1/100 brn\n|-heal|p1a: Freaking Epic|53/100 par|[from] drain|[of] p2a: Sinistcha\n|move|p1b: Epic (2013)|Flare Blitz|p2a: Sinistcha\n|-supereffective|p2a: Sinistcha|1\n|-damage|p2a: Sinistcha|0 fnt\n|faint|p2a: Sinistcha\n|-damage|p1b: Epic (2013)|43/100 par|[from] Recoil\n|\n|-heal|p2b: Gyarados|10/100 brn|[from] item: Leftovers\n|-damage|p2b: Gyarados|4/100 brn|[from] brn\n|upkeep\n|\n|t:|1776229849\n|switch|p2a: Tyranitar|Tyranitar, L50, M|94/100\n|-weather|Sandstorm|[from] ability: Sand Stream|[of] p2a: Tyranitar\n|turn|12\n|\n|t:|1776229878\n|move|p2a: Tyranitar|Protect|p2a: Tyranitar\n|-singleturn|p2a: Tyranitar|Protect\n|move|p2b: Gyarados|Waterfall|p1a: Freaking Epic\n|-damage|p1a: Freaking Epic|38/100 par\n|move|p1a: Freaking Epic|Draining Kiss|p2a: Tyranitar\n|-activate|p2a: Tyranitar|move: Protect\n|move|p1b: Epic (2013)|Flare Blitz|p2b: Gyarados\n|-resisted|p2b: Gyarados|1\n|-damage|p2b: Gyarados|0 fnt\n|faint|p2b: Gyarados\n|-damage|p1b: Epic (2013)|42/100 par|[from] Recoil\n|\n|-weather|Sandstorm|[upkeep]\n|-damage|p1a: Freaking Epic|32/100 par|[from] Sandstorm\n|-damage|p1b: Epic (2013)|36/100 par|[from] Sandstorm\n|upkeep\n|turn|13\n|\n|t:|1776229935\n|detailschange|p2a: Tyranitar|Tyranitar-Mega, L50, M\n|-mega|p2a: Tyranitar|Tyranitar|Tyranitarite\n|move|p2a: Tyranitar|Rock Slide|p1a: Freaking Epic|[spread] p1a\n|-miss|p2a: Tyranitar|p1b: Epic (2013)\n|-damage|p1a: Freaking Epic|0 fnt\n|faint|p1a: Freaking Epic\n|move|p1b: Epic (2013)|Will-O-Wisp|p2a: Tyranitar\n|-status|p2a: Tyranitar|brn\n|\n|-weather|Sandstorm|[upkeep]\n|-damage|p1b: Epic (2013)|30/100 par|[from] Sandstorm\n|-damage|p2a: Tyranitar|88/100 brn|[from] brn\n|upkeep\n|turn|14\n|\n|t:|1776229954\n|move|p2a: Tyranitar|Rock Slide|p1b: Epic (2013)\n|-supereffective|p1b: Epic (2013)|1\n|-damage|p1b: Epic (2013)|0 fnt\n|faint|p1b: Epic (2013)\n|\n|win|TiredBeanos\n|raw|cutecharmexploit's rating: 1138 &rarr; <strong>1112</strong><br />(-26 for losing)\n|raw|TiredBeanos's rating: 1121 &rarr; <strong>1147</strong><br />(+26 for winning)\n|l|\u2606cutecharmexploit\n|player|p1|\n",
  "uploadtime": 1776229969,
  "views": 19,
  "formatid": "gen9championsvgc2026regma",
  "rating": 1112,
  "private": 0,
  "password": null
}