{
  "id": "gen9championsvgc2026regma-2583850297",
  "format": "[Gen 9 Champions] VGC 2026 Reg M-A",
  "players": [
    "daelynntheshark",
    "Preditorial"
  ],
  "log": "|j|\u2606daelynntheshark\n|j|\u2606Preditorial\n|t:|1776202591\n|gametype|doubles\n|player|p1|daelynntheshark|guitarist|1074\n|player|p2|Preditorial|emmet|1096\n|gen|9\n|tier|[Gen 9 Champions] VGC 2026 Reg M-A\n|rated|\n|rule|Species Clause: Limit one of each Pok\u00e9mon\n|rule|Item Clause: Limit 1 of each item\n|clearpoke\n|poke|p1|Basculegion-F, L50, F|\n|poke|p1|Meowstic, L50, M|\n|poke|p1|Alakazam, L50, F|\n|poke|p1|Aerodactyl, L50, F|\n|poke|p1|Garchomp, L50, F|\n|poke|p1|Delphox, L50, F|\n|poke|p2|Conkeldurr, L50, M|\n|poke|p2|Scovillain, L50, M|\n|poke|p2|Farigiraf, L50, M|\n|poke|p2|Passimian, L50, M|\n|poke|p2|Aegislash, L50, F|\n|poke|p2|Aurorus, L50, M|\n|teampreview|4\nPreditorial has agreed to open team sheets.\n|inactive|Battle timer is ON: inactive players will automatically lose when time's up. (requested by daelynntheshark)\n|\n|t:|1776202641\n|teamsize|p1|4\n|teamsize|p2|4\n|start\n|switch|p1a: Meowstic|Meowstic, L50, M|100/100\n|switch|p1b: Alakazam|Alakazam, L50, F|100/100\n|switch|p2a: Dr Livesey|Conkeldurr, L50, M, shiny|100/100\n|switch|p2b: Chipotle|Scovillain, L50, M|100/100\n|turn|1\n|\n|t:|1776202653\n|detailschange|p1b: Alakazam|Alakazam-Mega, L50, F\n|-mega|p1b: Alakazam|Alakazam|Alakazite\n|-ability|p1b: Alakazam|Chlorophyll|Trace|[from] ability: Trace|[of] p2b: Chipotle\n|detailschange|p2b: Chipotle|Scovillain-Mega, L50, M\n|-mega|p2b: Chipotle|Scovillain|Scovillainite\n|move|p2b: Chipotle|Rage Powder|p2b: Chipotle\n|-singleturn|p2b: Chipotle|move: Rage Powder\n|move|p1a: Meowstic|Psychic Terrain|p1a: Meowstic\n|-fieldstart|move: Psychic Terrain\n|move|p1b: Alakazam|Expanding Force|p2a: Dr Livesey|[spread] p2a,p2b\n|-supereffective|p2a: Dr Livesey|1\n|-damage|p2a: Dr Livesey|0 fnt\n|-damage|p2b: Chipotle|5/100\n|-status|p1b: Alakazam|brn|[from] ability: Spicy Spray|[of] p2b: Chipotle\n|faint|p2a: Dr Livesey\n|\n|-damage|p1b: Alakazam|94/100 brn|[from] brn\n|upkeep\n|\n|t:|1776202667\n|switch|p2a: fleself|Farigiraf, L50, M|100/100\n|turn|2\n|\n|t:|1776202680\n|move|p2b: Chipotle|Endure|p2b: Chipotle\n|-singleturn|p2b: Chipotle|move: Endure\n|move|p1b: Alakazam|Expanding Force|p2a: fleself|[spread] p2a,p2b\n|-resisted|p2a: fleself|1\n|-damage|p2a: fleself|61/100\n|-activate|p2b: Chipotle|move: Endure\n|-damage|p2b: Chipotle|1/100\n|move|p1a: Meowstic|Expanding Force|p2b: Chipotle|[spread] p2a,p2b\n|-resisted|p2a: fleself|1\n|-crit|p2a: fleself\n|-damage|p2a: fleself|29/100\n|-activate|p2b: Chipotle|move: Endure\n|-damage|p2b: Chipotle|1/100\n|-status|p1a: Meowstic|brn|[from] ability: Spicy Spray|[of] p2b: Chipotle\n|move|p2a: fleself|Trick Room|p2a: fleself\n|-fieldstart|move: Trick Room|[of] p2a: fleself\n|\n|-damage|p1a: Meowstic|94/100 brn|[from] brn\n|-damage|p1b: Alakazam|88/100 brn|[from] brn\n|upkeep\n|turn|3\n|\n|t:|1776202702\n|move|p2a: fleself|Hyper Voice|p1b: Alakazam|[spread] p1a,p1b\n|-damage|p1a: Meowstic|54/100 brn\n|-damage|p1b: Alakazam|43/100 brn\n|move|p2b: Chipotle|Flamethrower|p1b: Alakazam\n|-damage|p1b: Alakazam|0 fnt\n|faint|p1b: Alakazam\n|move|p1a: Meowstic|Expanding Force|p2b: Chipotle|[spread] p2a,p2b\n|-resisted|p2a: fleself|1\n|-damage|p2a: fleself|8/100\n|-damage|p2b: Chipotle|0 fnt\n|faint|p2b: Chipotle\n|\n|-damage|p1a: Meowstic|47/100 brn|[from] brn\n|upkeep\n|\n|t:|1776202712\n|switch|p2b: Aurorus|Aurorus, L50, M|100/100\n|switch|p1b: Basculegion|Basculegion-F, L50, F|100/100\n|-weather|Snowscape|[from] ability: Snow Warning|[of] p2b: Aurorus\n|turn|4\n|\n|t:|1776202735\n|move|p2a: fleself|Hyper Voice|p1b: Basculegion|[spread] p1a\n|-immune|p1b: Basculegion\n|-damage|p1a: Meowstic|2/100 brn\n|move|p2b: Aurorus|Aurora Veil|p2b: Aurorus\n|-sidestart|p2: Preditorial|move: Aurora Veil\n|move|p1a: Meowstic|Expanding Force|p2b: Aurorus|[spread] p2a,p2b\n|-resisted|p2a: fleself|1\n|-damage|p2a: fleself|0 fnt\n|-damage|p2b: Aurorus|82/100\n|faint|p2a: fleself\n|move|p1b: Basculegion|Muddy Water|p2b: Aurorus\n|-supereffective|p2b: Aurorus|1\n|-damage|p2b: Aurorus|32/100\n|\n|-weather|Snowscape|[upkeep]\n|-damage|p1a: Meowstic|0 fnt|[from] brn\n|faint|p1a: Meowstic\n|upkeep\n|\n|t:|1776202749\n|switch|p1a: Aerodactyl|Aerodactyl, L50, F|100/100\n|-ability|p1a: Aerodactyl|Unnerve\n|turn|5\n|\n|t:|1776202759\n|move|p1a: Aerodactyl|Protect|p1a: Aerodactyl\n|-singleturn|p1a: Aerodactyl|Protect\n|move|p2b: Aurorus|Blizzard|p1a: Aerodactyl|[spread] p1b\n|-activate|p1a: Aerodactyl|move: Protect\n|-resisted|p1b: Basculegion|1\n|-damage|p1b: Basculegion|83/100\n|move|p1b: Basculegion|Muddy Water|p2b: Aurorus\n|-supereffective|p2b: Aurorus|1\n|-damage|p2b: Aurorus|0 fnt\n|faint|p2b: Aurorus\n|\n|win|daelynntheshark\n|raw|daelynntheshark's rating: 1074 &rarr; <strong>1105</strong><br />(+31 for winning)\n|raw|Preditorial's rating: 1096 &rarr; <strong>1070</strong><br />(-26 for losing)\n|c|\u2606Preditorial|gg\n",
  "uploadtime": 1776202769,
  "views": 19,
  "formatid": "gen9championsvgc2026regma",
  "rating": 1070,
  "private": 0,
  "password": null
}