{
  "id": "gen9championsvgc2026regma-2582088978",
  "format": "[Gen 9 Champions] VGC 2026 Reg M-A",
  "players": [
    "thebossadry",
    "Kn_12"
  ],
  "log": "|j|\u2606thebossadry\n|j|\u2606Kn_12\n|t:|1776056453\n|gametype|doubles\n|player|p1|thebossadry|170|1070\n|player|p2|Kn_12|wattson|1077\n|gen|9\n|tier|[Gen 9 Champions] VGC 2026 Reg M-A\n|rated|\n|rule|Species Clause: Limit one of each Pok\u00e9mon\n|rule|Item Clause: Limit 1 of each item\n|clearpoke\n|poke|p1|Incineroar, L50, M|\n|poke|p1|Gengar, L50, F|\n|poke|p1|Floette-Eternal, L50, F|\n|poke|p1|Politoed, L50, F|\n|poke|p1|Whimsicott, L50, M|\n|poke|p1|Kommo-o, L50, M|\n|poke|p2|Meganium, L50, F|\n|poke|p2|Pelipper, L50, F|\n|poke|p2|Meowstic, L50, M|\n|poke|p2|Sneasler, L50, F|\n|poke|p2|Starmie, L50|\n|poke|p2|Krookodile, L50, M|\n|teampreview|4\n|inactive|Battle timer is ON: inactive players will automatically lose when time's up. (requested by thebossadry)\n|\n|t:|1776056474\n|teamsize|p1|4\n|teamsize|p2|4\n|start\n|switch|p1a: Gengar|Gengar, L50, F|100/100\n|switch|p1b: Whimsicott|Whimsicott, L50, M|100/100\n|switch|p2a: Krookodile|Krookodile, L50, M|100/100\n|switch|p2b: Sneasler|Sneasler, L50, F|100/100\n|-ability|p2a: Krookodile|Intimidate|boost\n|-unboost|p1a: Gengar|atk|1\n|-unboost|p1b: Whimsicott|atk|1\n|turn|1\n|\n|t:|1776056494\n|detailschange|p1a: Gengar|Gengar-Mega, L50, F\n|-mega|p1a: Gengar|Gengar|Gengarite\n|move|p1b: Whimsicott|Protect|p1b: Whimsicott\n|-singleturn|p1b: Whimsicott|Protect\n|move|p2a: Krookodile|High Horsepower|p1a: Gengar\n|-supereffective|p1a: Gengar|1\n|-damage|p1a: Gengar|0 fnt\n|faint|p1a: Gengar\n|move|p2b: Sneasler|Rock Slide|p1b: Whimsicott\n|-activate|p1b: Whimsicott|move: Protect\n|\n|upkeep\n|\n|t:|1776056509\n|switch|p1a: Incineroar|Incineroar, L50, M|100/100\n|-ability|p1a: Incineroar|Intimidate|boost\n|-unboost|p2a: Krookodile|atk|1\n|-unboost|p2b: Sneasler|atk|1\n|-enditem|p2b: Sneasler|White Herb\n|-clearnegativeboost|p2b: Sneasler|[silent]\n|turn|2\n|\n|t:|1776056522\n|move|p1a: Incineroar|Fake Out|p2b: Sneasler\n|-damage|p2b: Sneasler|80/100\n|cant|p2b: Sneasler|flinch\n|move|p2a: Krookodile|High Horsepower|p1a: Incineroar\n|-supereffective|p1a: Incineroar|1\n|-damage|p1a: Incineroar|37/100\n|-enditem|p1a: Incineroar|Sitrus Berry|[eat]\n|-heal|p1a: Incineroar|62/100|[from] item: Sitrus Berry\n|move|p1b: Whimsicott|Moonblast|p2a: Krookodile\n|-supereffective|p2a: Krookodile|1\n|-damage|p2a: Krookodile|3/100\n|-unboost|p2a: Krookodile|spa|1\n|\n|upkeep\n|turn|3\n|\n|t:|1776056544\n|move|p1b: Whimsicott|Tailwind|p1b: Whimsicott\n|-sidestart|p1: thebossadry|move: Tailwind\n|move|p2b: Sneasler|Rock Slide|p1a: Incineroar|[spread] p1a,p1b\n|-supereffective|p1a: Incineroar|1\n|-damage|p1a: Incineroar|24/100\n|-damage|p1b: Whimsicott|70/100\n|move|p2a: Krookodile|High Horsepower|p1a: Incineroar\n|-supereffective|p1a: Incineroar|1\n|-damage|p1a: Incineroar|0 fnt\n|faint|p1a: Incineroar\n|\n|upkeep\n|\n|t:|1776056556\n|switch|p1a: Kommo-o|Kommo-o, L50, M|100/100\n|turn|4\n|\n|t:|1776056563\n|switch|p2a: Meowstic|Meowstic, L50, M|100/100\n|move|p2b: Sneasler|Dire Claw|p1b: Whimsicott\n|-supereffective|p1b: Whimsicott|2\n|-damage|p1b: Whimsicott|0 fnt\n|faint|p1b: Whimsicott\n|move|p1a: Kommo-o|Clanging Scales|p2a: Meowstic|[spread] p2a,p2b\n|-damage|p2a: Meowstic|64/100\n|-damage|p2b: Sneasler|29/100\n|-unboost|p1a: Kommo-o|def|1\n|\n|upkeep\n|turn|5\n|\n|t:|1776056575\n|switch|p2b: Starmie|Starmie, L50|100/100\n|move|p2a: Meowstic|Rain Dance|p2a: Meowstic\n|-weather|RainDance\n|move|p1a: Kommo-o|Clanging Scales|p2a: Meowstic|[spread] p2a,p2b\n|-damage|p2a: Meowstic|29/100\n|-damage|p2b: Starmie|43/100\n|-unboost|p1a: Kommo-o|def|1\n|\n|-weather|RainDance|[upkeep]\n|upkeep\n|turn|6\n|\n|t:|1776056585\n|detailschange|p2b: Starmie|Starmie-Mega, L50\n|-mega|p2b: Starmie|Starmie|Starminite\n|move|p2a: Meowstic|Thunder Wave|p1a: Kommo-o\n|-status|p1a: Kommo-o|par\n|move|p2b: Starmie|Zen Headbutt|p1a: Kommo-o|[miss]\n|-miss|p2b: Starmie|p1a: Kommo-o\n|move|p1a: Kommo-o|Clanging Scales|p2b: Starmie|[spread] p2a,p2b\n|-damage|p2a: Meowstic|0 fnt\n|-damage|p2b: Starmie|0 fnt\n|faint|p2a: Meowstic\n|faint|p2b: Starmie\n|-unboost|p1a: Kommo-o|def|1\n|\n|-weather|RainDance|[upkeep]\n|-sideend|p1: thebossadry|move: Tailwind\n|upkeep\n|\n|t:|1776056596\n|switch|p2b: Krookodile|Krookodile, L50, M|3/100\n|switch|p2a: Sneasler|Sneasler, L50, F|29/100\n|-ability|p2b: Krookodile|Intimidate|boost\n|-unboost|p1a: Kommo-o|atk|1\n|turn|7\n|\n|t:|1776056604\n|move|p1a: Kommo-o|Protect|p1a: Kommo-o\n|-singleturn|p1a: Kommo-o|Protect\n|move|p2a: Sneasler|Fake Out|p1a: Kommo-o\n|-activate|p1a: Kommo-o|move: Protect\n|move|p2b: Krookodile|High Horsepower|p1a: Kommo-o\n|-activate|p1a: Kommo-o|move: Protect\n|\n|-weather|RainDance|[upkeep]\n|upkeep\n|turn|8\n|\n|t:|1776056614\n|move|p2b: Krookodile|High Horsepower|p1a: Kommo-o\n|-damage|p1a: Kommo-o|0 fnt\n|faint|p1a: Kommo-o\n|\n|win|Kn_12\n|raw|thebossadry's rating: 1070 &rarr; <strong>1050</strong><br />(-20 for losing)\n|raw|Kn_12's rating: 1077 &rarr; <strong>1105</strong><br />(+28 for winning)\n|l|\u2606Kn_12\n|player|p2|\n",
  "uploadtime": 1776056622,
  "views": 17,
  "formatid": "gen9championsvgc2026regma",
  "rating": 1050,
  "private": 0,
  "password": null
}