{
  "id": "gen9championsvgc2026regma-2582196852",
  "format": "[Gen 9 Champions] VGC 2026 Reg M-A",
  "players": [
    "sinho77",
    "rudolfkalman"
  ],
  "log": "|j|\u2606sinho77\n|j|\u2606rudolfkalman\n|t:|1776070100\n|gametype|doubles\n|player|p1|sinho77|cyrus|1000\n|player|p2|rudolfkalman|266|1100\n|gen|9\n|tier|[Gen 9 Champions] VGC 2026 Reg M-A\n|rated|\n|rule|Species Clause: Limit one of each Pok\u00e9mon\n|rule|Item Clause: Limit 1 of each item\n|clearpoke\n|poke|p1|Tyranitar, L50, F|\n|poke|p1|Incineroar, L50, M|\n|poke|p1|Gengar, L50, M|\n|poke|p1|Excadrill, L50, F|\n|poke|p1|Kommo-o, L50, F|\n|poke|p1|Sinistcha, L50|\n|poke|p2|Charizard, L50, F|\n|poke|p2|Venusaur, L50, F|\n|poke|p2|Sneasler, L50, M|\n|poke|p2|Kingambit, L50, F|\n|poke|p2|Farigiraf, L50, M|\n|poke|p2|Garchomp, L50, F|\n|teampreview|4\nsinho77 rejected open team sheets.\n|inactive|Battle timer is ON: inactive players will automatically lose when time's up. (requested by rudolfkalman)\n|inactive|sinho77 has 60 seconds left.\n|\n|t:|1776070204\n|teamsize|p1|4\n|teamsize|p2|4\n|start\n|switch|p1a: Tyranitar|Tyranitar, L50, F|100/100\n|switch|p1b: Excadrill|Excadrill, L50, F|100/100\n|switch|p2a: Kingambit|Kingambit, L50, F|100/100\n|switch|p2b: Sneasler|Sneasler, L50, M|100/100\n|-weather|Sandstorm|[from] ability: Sand Stream|[of] p1a: Tyranitar\n|turn|1\n|inactive|sinho77 has 30 seconds left.\n|inactive|sinho77 has 20 seconds left.\n|\n|t:|1776070244\n|switch|p2a: Farigiraf|Farigiraf, L50, M|100/100\n|move|p1b: Excadrill|High Horsepower|p2b: Sneasler\n|-supereffective|p2b: Sneasler|1\n|-damage|p2b: Sneasler|0 fnt\n|faint|p2b: Sneasler\n|move|p1a: Tyranitar|Low Kick|p2a: Farigiraf\n|-damage|p2a: Farigiraf|74/100\n|\n|-weather|Sandstorm|[upkeep]\n|-damage|p2a: Farigiraf|67/100|[from] Sandstorm\n|upkeep\n|\n|t:|1776070263\n|switch|p2b: Garchomp|Garchomp, L50, F|100/100\n|turn|2\n|inactive|sinho77 has 30 seconds left.\n|\n|t:|1776070292\n|switch|p1b: Gengar|Gengar, L50, M|100/100\n|switch|p1a: Incineroar|Incineroar, L50, M|100/100\n|-ability|p1a: Incineroar|Intimidate|boost\n|-unboost|p2a: Farigiraf|atk|1\n|-unboost|p2b: Garchomp|atk|1\n|move|p2a: Farigiraf|Helping Hand|p2b: Garchomp\n|-singleturn|p2b: Garchomp|Helping Hand|[of] p2a: Farigiraf\n|move|p2b: Garchomp|Earthquake|p1a: Incineroar|[spread] p2a,p1a,p1b\n|-supereffective|p1a: Incineroar|1\n|-supereffective|p1b: Gengar|1\n|-damage|p2a: Farigiraf|37/100\n|-damage|p1a: Incineroar|32/100\n|-damage|p1b: Gengar|0 fnt\n|-enditem|p2a: Farigiraf|Sitrus Berry|[eat]\n|-heal|p2a: Farigiraf|62/100|[from] item: Sitrus Berry\n|faint|p1b: Gengar\n|\n|-weather|Sandstorm|[upkeep]\n|-damage|p1a: Incineroar|26/100|[from] Sandstorm\n|-damage|p2a: Farigiraf|56/100|[from] Sandstorm\n|upkeep\n|\n|t:|1776070308\n|switch|p1b: Tyranitar|Tyranitar, L50, F|100/100\n|turn|3\n|inactive|rudolfkalman has 30 seconds left.\n|\n|t:|1776070334\n|move|p2a: Farigiraf|Helping Hand|p2b: Garchomp\n|-singleturn|p2b: Garchomp|Helping Hand|[of] p2a: Farigiraf\n|move|p2b: Garchomp|Earthquake|p1a: Incineroar|[spread] p2a,p1a,p1b\n|-supereffective|p1a: Incineroar|1\n|-supereffective|p1b: Tyranitar|1\n|-damage|p2a: Farigiraf|23/100\n|-damage|p1a: Incineroar|0 fnt\n|-damage|p1b: Tyranitar|32/100\n|faint|p1a: Incineroar\n|move|p1b: Tyranitar|Ice Punch|p2b: Garchomp\n|-supereffective|p2b: Garchomp|2\n|-damage|p2b: Garchomp|0 fnt\n|-damage|p1b: Tyranitar|19/100|[from] ability: Rough Skin|[of] p2b: Garchomp\n|faint|p2b: Garchomp\n|\n|-weather|Sandstorm|[upkeep]\n|-damage|p2a: Farigiraf|16/100|[from] Sandstorm\n|upkeep\n|\n|t:|1776070348\n|switch|p2b: Kingambit|Kingambit, L50, F|100/100\n|switch|p1a: Excadrill|Excadrill, L50, F|100/100\n|turn|4\n|\n|t:|1776070367\n|move|p2b: Kingambit|Sucker Punch|p1b: Tyranitar\n|-resisted|p1b: Tyranitar|1\n|-damage|p1b: Tyranitar|0 fnt\n|faint|p1b: Tyranitar\n|move|p1a: Excadrill|Iron Head|p2b: Kingambit\n|-resisted|p2b: Kingambit|1\n|-damage|p2b: Kingambit|83/100\n|move|p2a: Farigiraf|Hyper Voice|p1a: Excadrill\n|-resisted|p1a: Excadrill|1\n|-damage|p1a: Excadrill|78/100\n|\n|-weather|Sandstorm|[upkeep]\n|-damage|p2a: Farigiraf|10/100|[from] Sandstorm\n|upkeep\n|turn|5\n|inactive|rudolfkalman has 30 seconds left.\n|\n|t:|1776070394\n|move|p2b: Kingambit|Sucker Punch|p1a: Excadrill\n|-damage|p1a: Excadrill|4/100\n|move|p1a: Excadrill|Rock Slide|p2b: Kingambit|[spread] p2a,p2b\n|-resisted|p2b: Kingambit|1\n|-damage|p2a: Farigiraf|0 fnt\n|-damage|p2b: Kingambit|75/100\n|faint|p2a: Farigiraf\n|\n|-weather|none\n|upkeep\n|turn|6\n|\n|t:|1776070403\n|move|p2b: Kingambit|Sucker Punch|p1a: Excadrill\n|-damage|p1a: Excadrill|0 fnt\n|faint|p1a: Excadrill\n|\n|win|rudolfkalman\n|raw|sinho77's rating: 1000 &rarr; <strong>1000</strong><br />(+0 for losing)\n|raw|rudolfkalman's rating: 1100 &rarr; <strong>1118</strong><br />(+18 for winning)\n|c|\u2606sinho77|gg\n|l|\u2606rudolfkalman\n|player|p2|\n",
  "uploadtime": 1776071356,
  "views": 19,
  "formatid": "gen9championsvgc2026regma",
  "rating": 1000,
  "private": 0,
  "password": null
}