{
  "id": "gen9championsvgc2026regma-2581811015",
  "format": "[Gen 9 Champions] VGC 2026 Reg M-A",
  "players": [
    "brbuddy123",
    "Plaweh"
  ],
  "log": "|j|\u2606brbuddy123\n|j|\u2606Plaweh\n|t:|1776030304\n|gametype|doubles\n|player|p1|brbuddy123|169|1040\n|player|p2|Plaweh|elesa|1090\n|gen|9\n|tier|[Gen 9 Champions] VGC 2026 Reg M-A\n|rated|\n|rule|Species Clause: Limit one of each Pok\u00e9mon\n|rule|Item Clause: Limit 1 of each item\n|clearpoke\n|poke|p1|Aegislash, L50, M|\n|poke|p1|Tyranitar, L50, M|\n|poke|p1|Garchomp, L50, M|\n|poke|p1|Delphox, L50, F|\n|poke|p1|Gengar, L50, M|\n|poke|p1|Incineroar, L50, M|\n|poke|p2|Basculegion, L50, M|\n|poke|p2|Pelipper, L50, M|\n|poke|p2|Archaludon, L50, M|\n|poke|p2|Incineroar, L50, M|\n|poke|p2|Venusaur, L50, M|\n|poke|p2|Farigiraf, L50, M|\n|teampreview|4\n|inactive|Battle timer is ON: inactive players will automatically lose when time's up. (requested by Plaweh)\n|inactive|brbuddy123 has 60 seconds left.\n|\n|t:|1776030385\n|teamsize|p1|4\n|teamsize|p2|4\n|start\n|switch|p1a: Aegislash|Aegislash, L50, M|100/100\n|switch|p1b: Tyranitar|Tyranitar, L50, M|100/100\n|switch|p2a: Farigiraf|Farigiraf, L50, M|100/100\n|switch|p2b: Incineroar|Incineroar, L50, M|100/100\n|-weather|Sandstorm|[from] ability: Sand Stream|[of] p1b: Tyranitar\n|-ability|p2b: Incineroar|Intimidate|boost\n|-unboost|p1a: Aegislash|atk|1\n|-unboost|p1b: Tyranitar|atk|1\n|turn|1\n|inactive|brbuddy123 has 30 seconds left.\n|inactive|Plaweh has 30 seconds left.\n|inactive|Plaweh has 20 seconds left.\n|inactive|Plaweh has 15 seconds left.\n|inactive|brbuddy123 has 20 seconds left.\n|\n|t:|1776030437\n|move|p1b: Tyranitar|Protect|p1b: Tyranitar\n|-singleturn|p1b: Tyranitar|Protect\n|move|p2b: Incineroar|Fake Out|p1b: Tyranitar\n|-activate|p1b: Tyranitar|move: Protect\n|move|p2a: Farigiraf|Hyper Voice|p1b: Tyranitar|[spread] \n|-activate|p1b: Tyranitar|move: Protect\n|-immune|p1a: Aegislash\n|move|p1a: Aegislash|Swords Dance|p1a: Aegislash\n|-boost|p1a: Aegislash|atk|2\n|\n|-weather|Sandstorm|[upkeep]\n|-damage|p2a: Farigiraf|94/100|[from] Sandstorm\n|-damage|p2b: Incineroar|95/100|[from] Sandstorm\n|upkeep\n|turn|2\n|inactive|brbuddy123 has 30 seconds left.\n|inactive|Plaweh has 30 seconds left.\n|inactive|brbuddy123 has 20 seconds left.\n|\n|t:|1776030475\n|move|p2a: Farigiraf|Helping Hand|p2b: Incineroar\n|-singleturn|p2b: Incineroar|Helping Hand|[of] p2a: Farigiraf\n|move|p1a: Aegislash|King's Shield|p1a: Aegislash\n|-singleturn|p1a: Aegislash|Protect\n|move|p1b: Tyranitar|Body Press|p2b: Incineroar\n|-supereffective|p2b: Incineroar|1\n|-damage|p2b: Incineroar|54/100\n|move|p2b: Incineroar|Flare Blitz|p1a: Aegislash\n|-activate|p1a: Aegislash|move: Protect\n|-unboost|p2b: Incineroar|atk|1\n|\n|-weather|Sandstorm|[upkeep]\n|-damage|p2a: Farigiraf|88/100|[from] Sandstorm\n|-damage|p2b: Incineroar|48/100|[from] Sandstorm\n|-enditem|p2b: Incineroar|Sitrus Berry|[eat]\n|-heal|p2b: Incineroar|73/100|[from] item: Sitrus Berry\n|upkeep\n|turn|3\n|inactive|brbuddy123 has 30 seconds left.\n|inactive|brbuddy123 has 20 seconds left.\n|\n|t:|1776030512\n|move|p2a: Farigiraf|Helping Hand|p2b: Incineroar\n|-singleturn|p2b: Incineroar|Helping Hand|[of] p2a: Farigiraf\n|move|p1b: Tyranitar|Knock Off|p2a: Farigiraf\n|-supereffective|p2a: Farigiraf|1\n|-damage|p2a: Farigiraf|25/100\n|-enditem|p2a: Farigiraf|Mental Herb|[from] move: Knock Off|[of] p1b: Tyranitar\n|move|p2b: Incineroar|Flare Blitz|p1a: Aegislash\n|-supereffective|p1a: Aegislash|1\n|-damage|p1a: Aegislash|29/100\n|-damage|p2b: Incineroar|57/100|[from] Recoil\n|move|p1a: Aegislash|Swords Dance|p1a: Aegislash\n|-boost|p1a: Aegislash|atk|2\n|\n|-weather|Sandstorm|[upkeep]\n|-damage|p2b: Incineroar|51/100|[from] Sandstorm\n|-damage|p2a: Farigiraf|19/100|[from] Sandstorm\n|-heal|p1a: Aegislash|35/100|[from] item: Leftovers\n|upkeep\n|turn|4\n|inactive|brbuddy123 has 30 seconds left.\n|inactive|Plaweh has 30 seconds left.\n|inactive|brbuddy123 has 20 seconds left.\n|inactive|brbuddy123 has 15 seconds left.\n|inactive|Plaweh has 20 seconds left.\n|\n|t:|1776030558\n|move|p1a: Aegislash|King's Shield|p1a: Aegislash\n|-singleturn|p1a: Aegislash|Protect\n|move|p1b: Tyranitar|Knock Off|p2a: Farigiraf\n|-supereffective|p2a: Farigiraf|1\n|-damage|p2a: Farigiraf|0 fnt\n|faint|p2a: Farigiraf\n|move|p2b: Incineroar|Parting Shot|p1b: Tyranitar\n|-unboost|p1b: Tyranitar|atk|1\n|-unboost|p1b: Tyranitar|spa|1\n|\n|t:|1776030568\n|switch|p2b: Basculegion|Basculegion, L50, M|100/100|[from] Parting Shot\n|\n|-weather|Sandstorm|[upkeep]\n|-damage|p2b: Basculegion|94/100|[from] Sandstorm\n|-heal|p1a: Aegislash|41/100|[from] item: Leftovers\n|upkeep\n|\n|t:|1776030575\n|switch|p2a: Incineroar|Incineroar, L50, M|51/100\n|-ability|p2a: Incineroar|Intimidate|boost\n|-unboost|p1a: Aegislash|atk|1\n|-unboost|p1b: Tyranitar|atk|1\n|turn|5\n|inactive|brbuddy123 has 30 seconds left.\n|\n|t:|1776030601\n|move|p2a: Incineroar|Fake Out|p1b: Tyranitar\n|-resisted|p1b: Tyranitar|1\n|-damage|p1b: Tyranitar|97/100\n|move|p2b: Basculegion|Last Respects|p1a: Aegislash\n|-supereffective|p1a: Aegislash|1\n|-crit|p1a: Aegislash\n|-damage|p1a: Aegislash|0 fnt\n|faint|p1a: Aegislash\n|cant|p1b: Tyranitar|flinch\n|\n|-weather|none\n|upkeep\n|\n|t:|1776030621\n|switch|p1a: Gengar|Gengar, L50, M|100/100\n|turn|6\n|\n|t:|1776030637\n|switch|p2b: Archaludon|Archaludon, L50, M|100/100\n|move|p1a: Gengar|Protect|p1a: Gengar\n|-singleturn|p1a: Gengar|Protect\n|move|p1b: Tyranitar|Knock Off|p2b: Archaludon\n|-damage|p2b: Archaludon|88/100\n|-ability|p2b: Archaludon|Stamina|boost\n|-boost|p2b: Archaludon|def|1\n|-enditem|p2b: Archaludon|Metal Coat|[from] move: Knock Off|[of] p1b: Tyranitar\n|move|p2a: Incineroar|Parting Shot|p1a: Gengar\n|-activate|p1a: Gengar|move: Protect\n|\n|upkeep\n|turn|7\n|inactive|brbuddy123 has 30 seconds left.\n|inactive|Plaweh has 30 seconds left.\n|inactive|brbuddy123 has 20 seconds left.\n|\n|t:|1776030676\n|move|p1a: Gengar|Shadow Ball|p2b: Archaludon\n|-damage|p2b: Archaludon|38/100\n|-ability|p2b: Archaludon|Stamina|boost\n|-boost|p2b: Archaludon|def|1\n|move|p2b: Archaludon|Flash Cannon|p1a: Gengar\n|-damage|p1a: Gengar|23/100\n|move|p1b: Tyranitar|Knock Off|p2a: Incineroar\n|-resisted|p2a: Incineroar|1\n|-damage|p2a: Incineroar|47/100\n|move|p2a: Incineroar|Parting Shot|p1a: Gengar\n|-unboost|p1a: Gengar|atk|1\n|-unboost|p1a: Gengar|spa|1\n|\n|t:|1776030687\n|switch|p2a: Basculegion|Basculegion, L50, M|94/100|[from] Parting Shot\n|\n|upkeep\n|turn|8\n|\n|t:|1776030704\n|move|p1a: Gengar|Protect|p1a: Gengar\n|-singleturn|p1a: Gengar|Protect\n|move|p2a: Basculegion|Aqua Jet|p1a: Gengar\n|-activate|p1a: Gengar|move: Protect\n|move|p2b: Archaludon|Flash Cannon|p1b: Tyranitar\n|-supereffective|p1b: Tyranitar|1\n|-damage|p1b: Tyranitar|25/100\n|-enditem|p1b: Tyranitar|Sitrus Berry|[eat]\n|-heal|p1b: Tyranitar|50/100|[from] item: Sitrus Berry\n|move|p1b: Tyranitar|Knock Off|p2a: Basculegion\n|-supereffective|p2a: Basculegion|1\n|-damage|p2a: Basculegion|47/100\n|-enditem|p2a: Basculegion|Mystic Water|[from] move: Knock Off|[of] p1b: Tyranitar\n|\n|upkeep\n|turn|9\n|inactive|brbuddy123 has 30 seconds left.\n|inactive|brbuddy123 has 20 seconds left.\n|\n|t:|1776030743\n|move|p2a: Basculegion|Aqua Jet|p1a: Gengar\n|-damage|p1a: Gengar|0 fnt\n|faint|p1a: Gengar\n|move|p2b: Archaludon|Flash Cannon|p1b: Tyranitar\n|-supereffective|p1b: Tyranitar|1\n|-damage|p1b: Tyranitar|0 fnt\n|faint|p1b: Tyranitar\n|\n|upkeep\n|\n|t:|1776030753\n|switch|p1a: Delphox|Delphox, L50, F|100/100\n|turn|10\n|\n|t:|1776030768\n|detailschange|p1a: Delphox|Delphox-Mega, L50, F\n|-mega|p1a: Delphox|Delphox|Delphoxite\n|move|p2a: Basculegion|Aqua Jet|p1a: Delphox\n|-supereffective|p1a: Delphox|1\n|-damage|p1a: Delphox|36/100\n|move|p1a: Delphox|Psychic|p2a: Basculegion\n|-damage|p2a: Basculegion|0 fnt\n|faint|p2a: Basculegion\n|move|p2b: Archaludon|Dragon Pulse|p1a: Delphox\n|-damage|p1a: Delphox|0 fnt\n|faint|p1a: Delphox\n|\n|win|Plaweh\n|raw|brbuddy123's rating: 1040 &rarr; <strong>1026</strong><br />(-14 for losing)\n|raw|Plaweh's rating: 1090 &rarr; <strong>1113</strong><br />(+23 for winning)\n",
  "uploadtime": 1776030779,
  "views": 10,
  "formatid": "gen9championsvgc2026regma",
  "rating": 1026,
  "private": 0,
  "password": null
}