{
  "id": "gen9championsvgc2026regma-2583250361",
  "format": "[Gen 9 Champions] VGC 2026 Reg M-A",
  "players": [
    "Noone123456789",
    "randomn1ck"
  ],
  "log": "|j|\u2606Noone123456789\n|j|\u2606randomn1ck\n|t:|1776159516\n|gametype|doubles\n|player|p1|Noone123456789|266|1116\n|player|p2|randomn1ck|266|1192\n|gen|9\n|tier|[Gen 9 Champions] VGC 2026 Reg M-A\n|rated|\n|rule|Species Clause: Limit one of each Pok\u00e9mon\n|rule|Item Clause: Limit 1 of each item\n|clearpoke\n|poke|p1|Charizard, L50, M|\n|poke|p1|Venusaur, L50, M|\n|poke|p1|Garchomp, L50, F|\n|poke|p1|Rotom-Wash, L50|\n|poke|p1|Sneasler, L50, F|\n|poke|p1|Incineroar, L50, M|\n|poke|p2|Charizard, L50, M|\n|poke|p2|Incineroar, L50, M|\n|poke|p2|Garchomp, L50, M|\n|poke|p2|Whimsicott, L50, F|\n|poke|p2|Gengar, L50, M|\n|poke|p2|Maushold-Four, L50|\n|teampreview|4\n|inactive|Battle timer is ON: inactive players will automatically lose when time's up. (requested by randomn1ck)\n|inactive|Noone123456789 also wants the timer to be on.\n|inactive|Noone123456789 has 60 seconds left.\n|inactive|randomn1ck has 60 seconds left.\n|\n|t:|1776159566\n|teamsize|p1|4\n|teamsize|p2|4\n|start\n|switch|p1a: Charizard|Charizard, L50, M|100/100\n|switch|p1b: Garchomp|Garchomp, L50, F|100/100\n|switch|p2a: Charizard|Charizard, L50, M, shiny|100/100\n|switch|p2b: Incineroar|Incineroar, L50, M, shiny|100/100\n|-ability|p2b: Incineroar|Intimidate|boost\n|-unboost|p1a: Charizard|atk|1\n|-unboost|p1b: Garchomp|atk|1\n|turn|1\n|\n|t:|1776159590\n|detailschange|p2a: Charizard|Charizard-Mega-Y, L50, M, shiny\n|-mega|p2a: Charizard|Charizard|Charizardite Y\n|-weather|SunnyDay|[from] ability: Drought|[of] p2a: Charizard\n|move|p1a: Charizard|Protect|p1a: Charizard\n|-singleturn|p1a: Charizard|Protect\n|move|p2b: Incineroar|Fake Out|p1b: Garchomp\n|-damage|p1b: Garchomp|88/100\n|-damage|p2b: Incineroar|88/100|[from] ability: Rough Skin|[of] p1b: Garchomp\n|cant|p1b: Garchomp|flinch\n|move|p2a: Charizard|Solar Beam||[still]\n|-prepare|p2a: Charizard|Solar Beam\n|-anim|p2a: Charizard|Solar Beam|p1b: Garchomp\n|-damage|p1b: Garchomp|36/100\n|\n|-weather|SunnyDay|[upkeep]\n|-damage|p1a: Charizard|88/100|[from] ability: Solar Power|[of] p1a: Charizard\n|upkeep\n|turn|2\n|inactive|Noone123456789 has 30 seconds left.\n|\n|t:|1776159622\n|switch|p2b: Garchomp|Garchomp, L50, M, shiny|100/100\n|move|p2a: Charizard|Protect|p2a: Charizard\n|-singleturn|p2a: Charizard|Protect\n|move|p1b: Garchomp|Rock Slide|p2b: Garchomp|[spread] p2b\n|-activate|p2a: Charizard|move: Protect\n|-resisted|p2b: Garchomp|1\n|-damage|p2b: Garchomp|93/100\n|move|p1a: Charizard|Weather Ball|p2a: Charizard\n|-activate|p2a: Charizard|move: Protect\n|\n|-weather|SunnyDay|[upkeep]\n|-damage|p1a: Charizard|76/100|[from] ability: Solar Power|[of] p1a: Charizard\n|upkeep\n|turn|3\n|\n|t:|1776159652\n|switch|p2a: Incineroar|Incineroar, L50, M, shiny|88/100\n|-ability|p2a: Incineroar|Intimidate|boost\n|-unboost|p1a: Charizard|atk|1\n|-unboost|p1b: Garchomp|atk|1\n|move|p1b: Garchomp|Rock Slide|p2b: Garchomp|[spread] p2a,p2b\n|-supereffective|p2a: Incineroar|1\n|-resisted|p2b: Garchomp|1\n|-damage|p2a: Incineroar|66/100\n|-damage|p2b: Garchomp|88/100\n|move|p2b: Garchomp|Rock Slide|p1b: Garchomp|[spread] p1a,p1b\n|-supereffective|p1a: Charizard|2\n|-resisted|p1b: Garchomp|1\n|-damage|p1a: Charizard|0 fnt\n|-damage|p1b: Garchomp|25/100\n|faint|p1a: Charizard\n|\n|-weather|SunnyDay|[upkeep]\n|upkeep\n|\n|t:|1776159661\n|switch|p1a: Incineroar|Incineroar, L50, M|100/100\n|-ability|p1a: Incineroar|Intimidate|boost\n|-unboost|p2a: Incineroar|atk|1\n|-unboost|p2b: Garchomp|atk|1\n|-enditem|p2b: Garchomp|White Herb\n|-clearnegativeboost|p2b: Garchomp|[silent]\n|turn|4\n|inactive|randomn1ck has 30 seconds left.\n|inactive|randomn1ck has 20 seconds left.\n|inactive|randomn1ck has 15 seconds left.\n|\n|t:|1776159701\n|switch|p1b: Sneasler|Sneasler, L50, F|100/100\n|move|p1a: Incineroar|Fake Out|p2b: Garchomp\n|-damage|p2b: Garchomp|72/100\n|-damage|p1a: Incineroar|88/100|[from] ability: Rough Skin|[of] p2b: Garchomp\n|move|p2a: Incineroar|Fake Out|p1a: Incineroar\n|-damage|p1a: Incineroar|79/100\n|cant|p2b: Garchomp|flinch\n|\n|-weather|SunnyDay|[upkeep]\n|upkeep\n|turn|5\n|inactive|Noone123456789 has 30 seconds left.\n|\n|t:|1776159734\n|switch|p2a: Charizard|Charizard-Mega-Y, L50, M, shiny|100/100\n|move|p2b: Garchomp|Protect|p2b: Garchomp\n|-singleturn|p2b: Garchomp|Protect\n|move|p1b: Sneasler|Close Combat|p2a: Charizard\n|-resisted|p2a: Charizard|1\n|-damage|p2a: Charizard|53/100\n|-unboost|p1b: Sneasler|def|1\n|-unboost|p1b: Sneasler|spd|1\n|-enditem|p1b: Sneasler|White Herb\n|-clearnegativeboost|p1b: Sneasler|[silent]\n|move|p1a: Incineroar|Darkest Lariat|p2b: Garchomp\n|-activate|p2b: Garchomp|move: Protect\n|\n|-weather|none\n|upkeep\n|turn|6\n|\n|t:|1776159756\n|switch|p2a: Incineroar|Incineroar, L50, M, shiny|66/100\n|-ability|p2a: Incineroar|Intimidate|boost\n|-unboost|p1a: Incineroar|atk|1\n|-unboost|p1b: Sneasler|atk|1\n|move|p1b: Sneasler|Rock Tomb|p2a: Incineroar\n|-supereffective|p2a: Incineroar|1\n|-damage|p2a: Incineroar|38/100\n|-unboost|p2a: Incineroar|spe|1\n|-enditem|p2a: Incineroar|Sitrus Berry|[eat]\n|-heal|p2a: Incineroar|62/100|[from] item: Sitrus Berry\n|move|p2b: Garchomp|Rock Slide|p1b: Sneasler|[spread] p1a,p1b\n|-supereffective|p1a: Incineroar|1\n|-resisted|p1b: Sneasler|1\n|-damage|p1a: Incineroar|40/100\n|-damage|p1b: Sneasler|83/100\n|-enditem|p1a: Incineroar|Sitrus Berry|[eat]\n|-heal|p1a: Incineroar|64/100|[from] item: Sitrus Berry\n|move|p1a: Incineroar|Parting Shot|p2b: Garchomp\n|-unboost|p2b: Garchomp|atk|1\n|-unboost|p2b: Garchomp|spa|1\n|\n|t:|1776159774\n|switch|p1a: Garchomp|Garchomp, L50, F|25/100|[from] Parting Shot\n|\n|upkeep\n|turn|7\n|\n|t:|1776159788\n|switch|p1b: Incineroar|Incineroar, L50, M|64/100\n|-ability|p1b: Incineroar|Intimidate|boost\n|-unboost|p2a: Incineroar|atk|1\n|-unboost|p2b: Garchomp|atk|1\n|switch|p2b: Charizard|Charizard-Mega-Y, L50, M, shiny|53/100\n|-weather|SunnyDay|[from] ability: Drought|[of] p2b: Charizard\n|move|p2a: Incineroar|Fake Out|p1b: Incineroar\n|-damage|p1b: Incineroar|54/100\n|move|p1a: Garchomp|Rock Slide|p2b: Charizard|[spread] p2a,p2b\n|-supereffective|p2a: Incineroar|1\n|-supereffective|p2b: Charizard|2\n|-damage|p2a: Incineroar|23/100\n|-damage|p2b: Charizard|0 fnt\n|faint|p2b: Charizard\n|\n|-weather|SunnyDay|[upkeep]\n|upkeep\n|\n|t:|1776159791\n|switch|p2b: Whimsicott|Whimsicott, L50, F, shiny|100/100\n|turn|8\n|\n|t:|1776159813\n|switch|p2a: Garchomp|Garchomp, L50, M, shiny|72/100\n|move|p1b: Incineroar|Fake Out|p2b: Whimsicott\n|-damage|p2b: Whimsicott|79/100\n|cant|p2b: Whimsicott|flinch\n|move|p1a: Garchomp|Rock Slide|p2a: Garchomp|[spread] p2a,p2b\n|-resisted|p2a: Garchomp|1\n|-damage|p2a: Garchomp|62/100\n|-damage|p2b: Whimsicott|45/100\n|\n|-weather|SunnyDay|[upkeep]\n|upkeep\n|turn|9\n|\n|t:|1776159834\n|move|p2b: Whimsicott|Tailwind|p2b: Whimsicott\n|-sidestart|p2: randomn1ck|move: Tailwind\n|move|p2a: Garchomp|Earthquake|p1a: Garchomp|[spread] p2b,p1a,p1b\n|-resisted|p2b: Whimsicott|1\n|-supereffective|p1b: Incineroar|1\n|-damage|p2b: Whimsicott|17/100\n|-damage|p1a: Garchomp|0 fnt\n|-damage|p1b: Incineroar|0 fnt\n|faint|p1a: Garchomp\n|faint|p1b: Incineroar\n|\n|-weather|SunnyDay|[upkeep]\n|upkeep\n|\n|t:|1776159839\n|switch|p1b: Sneasler|Sneasler, L50, F|83/100\n|turn|10\n|\n|t:|1776159855\n|move|p2a: Garchomp|Protect|p2a: Garchomp\n|-singleturn|p2a: Garchomp|Protect\n|move|p1b: Sneasler|Fake Out|p2a: Garchomp\n|-activate|p2a: Garchomp|move: Protect\n|move|p2b: Whimsicott|Moonblast|p1b: Sneasler\n|-damage|p1b: Sneasler|28/100\n|\n|-weather|SunnyDay|[upkeep]\n|upkeep\n|turn|11\n|-message|Noone123456789 forfeited.\n|\n|win|randomn1ck\n|raw|Noone123456789's rating: 1116 &rarr; <strong>1096</strong><br />(-20 for losing)\n|raw|randomn1ck's rating: 1192 &rarr; <strong>1212</strong><br />(+20 for winning)\n|l|\u2606Noone123456789\n|player|p1|\n",
  "uploadtime": 1776159863,
  "views": 23,
  "formatid": "gen9championsvgc2026regma",
  "rating": 1096,
  "private": 0,
  "password": null
}