{
  "id": "gen9championsvgc2026regma-2584515997",
  "format": "[Gen 9 Champions] VGC 2026 Reg M-A",
  "players": [
    "smp on whimsicott",
    "CallMeKokko"
  ],
  "log": "|j|\u2606smp on whimsicott\n|j|\u2606CallMeKokko\n|t:|1776265985\n|gametype|doubles\n|player|p1|smp on whimsicott|artist-gen4|1405\n|player|p2|CallMeKokko|waiter-gen4|1438\n|gen|9\n|tier|[Gen 9 Champions] VGC 2026 Reg M-A\n|rated|\n|rule|Species Clause: Limit one of each Pok\u00e9mon\n|rule|Item Clause: Limit 1 of each item\n|clearpoke\n|poke|p1|Floette-Eternal, L50, F|\n|poke|p1|Aegislash, L50, M|\n|poke|p1|Talonflame, L50, F|\n|poke|p1|Basculegion, L50, M|\n|poke|p1|Milotic, L50, F|\n|poke|p1|Garchomp, L50, M|\n|poke|p2|Gardevoir, L50, F|\n|poke|p2|Incineroar, L50, M|\n|poke|p2|Aegislash, L50, M|\n|poke|p2|Aerodactyl, L50, M|\n|poke|p2|Lopunny, L50, F|\n|poke|p2|Rotom-Wash, L50|\n|teampreview|4\n|inactive|Battle timer is ON: inactive players will automatically lose when time's up. (requested by CallMeKokko)\n|inactive|smp on whimsicott has 60 seconds left.\n|inactive|CallMeKokko has 60 seconds left.\n|\n|t:|1776266032\n|teamsize|p1|4\n|teamsize|p2|4\n|start\n|switch|p1a: Basculegion|Basculegion, L50, M|100/100\n|switch|p1b: Milotic|Milotic, L50, F|100/100\n|switch|p2a: Aerodactyl|Aerodactyl, L50, M|100/100\n|switch|p2b: Aegislash|Aegislash, L50, M|100/100\n|-ability|p2a: Aerodactyl|Unnerve\n|turn|1\n|\n|t:|1776266048\n|move|p1a: Basculegion|Flip Turn|p2a: Aerodactyl\n|-supereffective|p2a: Aerodactyl|1\n|-enditem|p2a: Aerodactyl|Focus Sash\n|-damage|p2a: Aerodactyl|1/100\n|\n|t:|1776266057\n|switch|p1a: Talonflame|Talonflame, L50, F|100/100|[from] Flip Turn\n|move|p2a: Aerodactyl|Tailwind|p2a: Aerodactyl\n|-sidestart|p2: CallMeKokko|move: Tailwind\n|-formechange|p2b: Aegislash|Aegislash-Blade|\n|move|p2b: Aegislash|Poltergeist|p1a: Talonflame\n|-activate|p1a: Talonflame|move: Poltergeist|Sharp Beak\n|-crit|p1a: Talonflame\n|-damage|p1a: Talonflame|0 fnt\n|faint|p1a: Talonflame\n|move|p1b: Milotic|Scald|p2b: Aegislash\n|-damage|p2b: Aegislash|39/100\n|\n|upkeep\n|\n|t:|1776266070\n|switch|p1a: Basculegion|Basculegion, L50, M|100/100\n|turn|2\n|\n|t:|1776266080\n|move|p2a: Aerodactyl|Protect|p2a: Aerodactyl\n|-singleturn|p2a: Aerodactyl|Protect\n|-formechange|p2b: Aegislash|Aegislash|\n|move|p2b: Aegislash|King's Shield|p2b: Aegislash\n|-singleturn|p2b: Aegislash|Protect\n|move|p1a: Basculegion|Aqua Jet|p2a: Aerodactyl\n|-activate|p2a: Aerodactyl|move: Protect\n|move|p1b: Milotic|Life Dew||[still]|[still]|[spread] \n|-fail|p1a: Basculegion|heal\n|-fail|p1b: Milotic|heal\n|\n|upkeep\n|turn|3\n|\n|t:|1776266093\n|switch|p2a: Rotom|Rotom-Wash, L50|100/100\n|move|p1a: Basculegion|Aqua Jet|p2b: Aegislash\n|-damage|p2b: Aegislash|17/100\n|-formechange|p2b: Aegislash|Aegislash-Blade|\n|move|p2b: Aegislash|Poltergeist|p1a: Basculegion\n|-activate|p1a: Basculegion|move: Poltergeist|Choice Scarf\n|-supereffective|p1a: Basculegion|1\n|-damage|p1a: Basculegion|0 fnt\n|faint|p1a: Basculegion\n|move|p1b: Milotic|Icy Wind|p2a: Rotom|[spread] p2a,p2b\n|-resisted|p2a: Rotom|1\n|-resisted|p2b: Aegislash|1\n|-damage|p2a: Rotom|94/100\n|-damage|p2b: Aegislash|7/100\n|-unboost|p2a: Rotom|spe|1\n|-unboost|p2b: Aegislash|spe|1\n|\n|-heal|p2a: Rotom|99/100|[from] item: Leftovers\n|upkeep\n|\n|t:|1776266100\n|switch|p1a: Floette|Floette-Eternal, L50, F|100/100\n|turn|4\n|inactive|smp on whimsicott has 30 seconds left.\n|\n|t:|1776266127\n|detailschange|p1a: Floette|Floette-Mega, L50, F\n|-mega|p1a: Floette|Floette|Floettite\n|-ability|p1a: Floette|Fairy Aura\n|move|p2a: Rotom|Thunderbolt|p1b: Milotic\n|-supereffective|p1b: Milotic|1\n|-damage|p1b: Milotic|47/100\n|move|p2b: Aegislash|Iron Head|p1a: Floette\n|-supereffective|p1a: Floette|1\n|-damage|p1a: Floette|11/100\n|move|p1a: Floette|Calm Mind|p1a: Floette\n|-boost|p1a: Floette|spa|1\n|-boost|p1a: Floette|spd|1\n|move|p1b: Milotic|Icy Wind|p2a: Rotom|[spread] p2a,p2b\n|-resisted|p2a: Rotom|1\n|-resisted|p2b: Aegislash|1\n|-damage|p2a: Rotom|93/100\n|-damage|p2b: Aegislash|0 fnt\n|-unboost|p2a: Rotom|spe|1\n|faint|p2b: Aegislash\n|\n|-heal|p2a: Rotom|99/100|[from] item: Leftovers\n|-heal|p1b: Milotic|53/100|[from] item: Leftovers\n|-sideend|p2: CallMeKokko|move: Tailwind\n|upkeep\n|\n|t:|1776266137\n|switch|p2b: Gardevoir|Gardevoir, L50, F, shiny|100/100\n|-ability|p2b: Gardevoir|Fairy Aura|Trace|[from] ability: Trace|[of] p1a: Floette\n|-ability|p2b: Gardevoir|Fairy Aura\n|turn|5\n|\n|t:|1776266148\n|detailschange|p2b: Gardevoir|Gardevoir-Mega, L50, F, shiny\n|-mega|p2b: Gardevoir|Gardevoir|Gardevoirite\n|move|p1a: Floette|Moonblast|p2b: Gardevoir\n|-crit|p2b: Gardevoir\n|-damage|p2b: Gardevoir|0 fnt\n|faint|p2b: Gardevoir\n|move|p1b: Milotic|Life Dew|p1b: Milotic|[spread] p1a,p1b\n|-heal|p1a: Floette|36/100\n|-heal|p1b: Milotic|78/100\n|move|p2a: Rotom|Thunderbolt|p1b: Milotic\n|-supereffective|p1b: Milotic|1\n|-damage|p1b: Milotic|21/100\n|\n|-heal|p1b: Milotic|27/100|[from] item: Leftovers\n|-heal|p2a: Rotom|100/100|[from] item: Leftovers\n|upkeep\n|\n|t:|1776266153\n|switch|p2b: Aerodactyl|Aerodactyl, L50, M|1/100\n|-ability|p2b: Aerodactyl|Unnerve\n|turn|6\n|\n|t:|1776266164\n|move|p1a: Floette|Protect|p1a: Floette\n|-singleturn|p1a: Floette|Protect\n|move|p2b: Aerodactyl|Rock Slide|p1a: Floette|[spread] p1b\n|-activate|p1a: Floette|move: Protect\n|-damage|p1b: Milotic|6/100\n|move|p1b: Milotic|Life Dew|p1b: Milotic|[spread] p1a,p1b\n|-heal|p1a: Floette|61/100\n|-heal|p1b: Milotic|31/100\n|move|p2a: Rotom|Thunderbolt|p1b: Milotic\n|-supereffective|p1b: Milotic|1\n|-damage|p1b: Milotic|0 fnt\n|faint|p1b: Milotic\n|\n|upkeep\n|turn|7\n|\n|t:|1776266182\n|move|p2b: Aerodactyl|Dual Wingbeat|p1a: Floette\n|-damage|p1a: Floette|42/100\n|-damage|p1a: Floette|25/100\n|-hitcount|p1a: Floette|2\n|move|p1a: Floette|Dazzling Gleam|p2a: Rotom|[spread] p2a,p2b\n|-crit|p2b: Aerodactyl\n|-damage|p2a: Rotom|30/100\n|-damage|p2b: Aerodactyl|0 fnt\n|faint|p2b: Aerodactyl\n|move|p2a: Rotom|Thunderbolt|p1a: Floette\n|-damage|p1a: Floette|8/100\n|\n|-heal|p2a: Rotom|36/100|[from] item: Leftovers\n|upkeep\n|turn|8\n|\n|t:|1776266193\n|move|p1a: Floette|Moonblast|p2a: Rotom\n|-damage|p2a: Rotom|0 fnt\n|faint|p2a: Rotom\n|\n|win|smp on whimsicott\n|raw|smp on whimsicott's rating: 1405 &rarr; <strong>1427</strong><br />(+22 for winning)\n|raw|CallMeKokko's rating: 1438 &rarr; <strong>1416</strong><br />(-22 for losing)\n",
  "uploadtime": 1776266193,
  "views": 42,
  "formatid": "gen9championsvgc2026regma",
  "rating": 1416,
  "private": 0,
  "password": null
}