{
  "id": "gen9championsvgc2026regma-2581896949",
  "format": "[Gen 9 Champions] VGC 2026 Reg M-A",
  "players": [
    "nathan1227870",
    "johnkharkiv"
  ],
  "log": "|j|\u2606nathan1227870\n|j|\u2606johnkharkiv\n|t:|1776037725\n|gametype|doubles\n|player|p1|nathan1227870|170|1000\n|player|p2|johnkharkiv|swimmerf-gen4dp|1058\n|gen|9\n|tier|[Gen 9 Champions] VGC 2026 Reg M-A\n|rated|\n|rule|Species Clause: Limit one of each Pok\u00e9mon\n|rule|Item Clause: Limit 1 of each item\n|clearpoke\n|poke|p1|Floette-Eternal, L50, F|\n|poke|p1|Maushold, L50|\n|poke|p1|Whimsicott, L50, M|\n|poke|p1|Florges, L50, F|\n|poke|p1|Dragapult, L50, F|\n|poke|p1|Primarina, L50, M|\n|poke|p2|Politoed, L50, F|\n|poke|p2|Chesnaught, L50, F|\n|poke|p2|Sinistcha-Masterpiece, L50|\n|poke|p2|Slowbro, L50, F|\n|poke|p2|Incineroar, L50, M|\n|poke|p2|Aromatisse, L50, F|\n|teampreview|4\n|\n|t:|1776037739\n|teamsize|p1|4\n|teamsize|p2|4\n|start\n|switch|p1a: Floette|Floette-Eternal, L50, F|100/100\n|switch|p1b: Whimsicott|Whimsicott, L50, M|100/100\n|switch|p2a: Chesnutty|Chesnaught, L50, F|100/100\n|switch|p2b: Tea Girl|Sinistcha-Masterpiece, L50|100/100\n|turn|1\n|\n|t:|1776037759\n|detailschange|p2a: Chesnutty|Chesnaught-Mega, L50, F\n|-mega|p2a: Chesnutty|Chesnaught|Chesnaughtite\n|move|p1b: Whimsicott|Tailwind|p1b: Whimsicott\n|-sidestart|p1: nathan1227870|move: Tailwind\n|move|p1a: Floette|Calm Mind|p1a: Floette\n|-boost|p1a: Floette|spa|1\n|-boost|p1a: Floette|spd|1\n|move|p2b: Tea Girl|Grassy Terrain|p2b: Tea Girl\n|-fieldstart|move: Grassy Terrain\n|move|p2a: Chesnutty|Belly Drum|p2a: Chesnutty\n|-damage|p2a: Chesnutty|51/100\n|-setboost|p2a: Chesnutty|atk|6|[from] move: Belly Drum\n|\n|-heal|p2a: Chesnutty|57/100|[from] Grassy Terrain\n|upkeep\n|turn|2\n|\n|t:|1776037793\n|detailschange|p1a: Floette|Floette-Mega, L50, F\n|-mega|p1a: Floette|Floette|Floettite\n|-ability|p1a: Floette|Fairy Aura\n|move|p1b: Whimsicott|Fake Tears|p2a: Chesnutty\n|-unboost|p2a: Chesnutty|spd|2\n|move|p2a: Chesnutty|Grassy Glide|p1a: Floette\n|-damage|p1a: Floette|0 fnt\n|faint|p1a: Floette\n|move|p2b: Tea Girl|Trick Room|p2b: Tea Girl\n|-fieldstart|move: Trick Room|[of] p2b: Tea Girl\n|\n|-heal|p2a: Chesnutty|63/100|[from] Grassy Terrain\n|upkeep\n|c|\u2606nathan1227870|omg u\n|\n|t:|1776037835\n|switch|p1a: Maushold|Maushold, L50|100/100\n|turn|3\n|\n|t:|1776037848\n|switch|p2b: Psycho Killer|Slowbro, L50, F, shiny|100/100\n|move|p2a: Chesnutty|Drain Punch|p1a: Maushold\n|-supereffective|p1a: Maushold|1\n|-enditem|p1a: Maushold|Focus Sash\n|-damage|p1a: Maushold|1/100\n|-heal|p2a: Chesnutty|100/100|[from] drain|[of] p1a: Maushold\n|move|p1b: Whimsicott|Dazzling Gleam|p2b: Psycho Killer|[spread] p2a,p2b\n|-supereffective|p2a: Chesnutty|1\n|-damage|p2a: Chesnutty|50/100\n|-damage|p2b: Psycho Killer|86/100\n|move|p1a: Maushold|Tidy Up|p1a: Maushold\n|-boost|p1a: Maushold|atk|1\n|-boost|p1a: Maushold|spe|1\n|\n|-heal|p2b: Psycho Killer|92/100|[from] Grassy Terrain\n|-heal|p2a: Chesnutty|56/100|[from] Grassy Terrain\n|-heal|p1a: Maushold|7/100|[from] Grassy Terrain\n|upkeep\n|turn|4\n|\n|t:|1776037880\n|move|p1a: Maushold|Protect|p1a: Maushold\n|-singleturn|p1a: Maushold|Protect\n|move|p2a: Chesnutty|Grassy Glide|p1a: Maushold\n|-activate|p1a: Maushold|move: Protect\n|move|p2b: Psycho Killer|Psych Up|p2a: Chesnutty\n|-copyboost|p2b: Psycho Killer|p2a: Chesnutty|[from] move: Psych Up\n|move|p1b: Whimsicott|Dazzling Gleam|p2a: Chesnutty|[spread] p2a,p2b\n|-supereffective|p2a: Chesnutty|1\n|-damage|p2a: Chesnutty|12/100\n|-damage|p2b: Psycho Killer|63/100\n|\n|-heal|p2b: Psycho Killer|69/100|[from] Grassy Terrain\n|-heal|p2a: Chesnutty|18/100|[from] Grassy Terrain\n|-heal|p1a: Maushold|13/100|[from] Grassy Terrain\n|-sideend|p1: nathan1227870|move: Tailwind\n|upkeep\n|turn|5\n|\n|t:|1776037902\n|move|p2b: Psycho Killer|Zen Headbutt|p1b: Whimsicott\n|-crit|p1b: Whimsicott\n|-damage|p1b: Whimsicott|12/100\n|move|p2a: Chesnutty|Drain Punch|p1a: Maushold\n|-supereffective|p1a: Maushold|1\n|-damage|p1a: Maushold|0 fnt\n|-heal|p2a: Chesnutty|25/100|[from] drain|[of] p1a: Maushold\n|faint|p1a: Maushold\n|cant|p1b: Whimsicott|flinch\n|\n|-heal|p2b: Psycho Killer|75/100|[from] Grassy Terrain\n|-heal|p2a: Chesnutty|31/100|[from] Grassy Terrain\n|-heal|p1b: Whimsicott|18/100|[from] Grassy Terrain\n|-fieldend|move: Grassy Terrain\n|upkeep\n|c|\u2606nathan1227870|luck soab\n|inactive|Battle timer is ON: inactive players will automatically lose when time's up. (requested by johnkharkiv)\n|\n|t:|1776037989\n|switch|p1a: Primarina|Primarina, L50, M|100/100\n|turn|6\n|\n|t:|1776038003\n|move|p1a: Primarina|Protect|p1a: Primarina\n|-singleturn|p1a: Primarina|Protect\n|move|p1b: Whimsicott|Tailwind|p1b: Whimsicott\n|-sidestart|p1: nathan1227870|move: Tailwind\n|move|p2b: Psycho Killer|Liquidation|p1b: Whimsicott\n|-resisted|p1b: Whimsicott|1\n|-damage|p1b: Whimsicott|0 fnt\n|faint|p1b: Whimsicott\n|move|p2a: Chesnutty|Grassy Glide|p1a: Primarina\n|-activate|p1a: Primarina|move: Protect\n|\n|-fieldend|move: Trick Room\n|upkeep\n|turn|7\n|\n|t:|1776038027\n|move|p2a: Chesnutty|Spiky Shield|p2a: Chesnutty\n|-singleturn|p2a: Chesnutty|move: Protect\n|move|p1a: Primarina|Dazzling Gleam|p2b: Psycho Killer|[spread] p2b\n|-activate|p2a: Chesnutty|move: Protect\n|-damage|p2b: Psycho Killer|19/100\n|move|p2b: Psycho Killer|Liquidation|p1a: Primarina\n|-resisted|p1a: Primarina|1\n|-damage|p1a: Primarina|33/100\n|\n|upkeep\n|turn|8\n|inactive|johnkharkiv has 30 seconds left.\n|inactive|johnkharkiv has 20 seconds left.\n|\n|t:|1776038064\n|move|p2a: Chesnutty|Spiky Shield||[still]\n|-fail|p2a: Chesnutty\n|move|p1a: Primarina|Dazzling Gleam|p2a: Chesnutty|[spread] p2a,p2b\n|-supereffective|p2a: Chesnutty|1\n|-damage|p2a: Chesnutty|0 fnt\n|-damage|p2b: Psycho Killer|0 fnt\n|faint|p2a: Chesnutty\n|faint|p2b: Psycho Killer\n|\n|upkeep\n|\n|t:|1776038066\n|switch|p2a: NPC Mon|Incineroar, L50, M|100/100\n|switch|p2b: Tea Girl|Sinistcha-Masterpiece, L50|100/100\n|-ability|p2a: NPC Mon|Intimidate|boost\n|-unboost|p1a: Primarina|atk|1\n|turn|9\n|inactive|nathan1227870 has 30 seconds left.\n|inactive|nathan1227870 has 20 seconds left.\n|inactive|nathan1227870 has 15 seconds left.\n|inactive|nathan1227870 has 10 seconds left.\n|inactive|nathan1227870 has 5 seconds left.\n|c|\u2606johnkharkiv|Gg\n|\n|t:|1776038121\n|move|p2a: NPC Mon|Fake Out|p1a: Primarina\n|-damage|p1a: Primarina|19/100\n|cant|p1a: Primarina|flinch\n|move|p2b: Tea Girl|Trick Room|p2b: Tea Girl\n|-fieldstart|move: Trick Room|[of] p2b: Tea Girl\n|\n|-sideend|p1: nathan1227870|move: Tailwind\n|upkeep\n|turn|10\n|inactive|nathan1227870 has 30 seconds left.\n|inactive|nathan1227870 has 20 seconds left.\n|inactive|nathan1227870 has 15 seconds left.\n|inactive|nathan1227870 has 10 seconds left.\n|inactive|nathan1227870 has 5 seconds left.\n|\n|t:|1776038176\n|move|p1a: Primarina|Dazzling Gleam|p2a: NPC Mon|[spread] p2a,p2b\n|-damage|p2a: NPC Mon|71/100\n|-damage|p2b: Tea Girl|70/100\n|move|p2a: NPC Mon|Throat Chop|p1a: Primarina\n|-resisted|p1a: Primarina|1\n|-damage|p1a: Primarina|0 fnt\n|faint|p1a: Primarina\n|\n|win|johnkharkiv\n|raw|nathan1227870's rating: 1000 &rarr; <strong>1000</strong><br />(+0 for losing)\n|raw|johnkharkiv's rating: 1058 &rarr; <strong>1084</strong><br />(+26 for winning)\n|c|\u2606nathan1227870|no\n|c|\u2606nathan1227870|but whatevs\n",
  "uploadtime": 1776038371,
  "views": 24,
  "formatid": "gen9championsvgc2026regma",
  "rating": 1000,
  "private": 0,
  "password": null
}