{
  "id": "gen9championsvgc2026regma-2582271797",
  "format": "[Gen 9 Champions] VGC 2026 Reg M-A",
  "players": [
    "no1.pokemon",
    "Mask4M"
  ],
  "log": "|j|\u2606no1.pokemon\n|j|\u2606Mask4M\n|t:|1776078432\n|gametype|doubles\n|player|p1|no1.pokemon|alec-anime|1072\n|player|p2|Mask4M|101|1112\n|gen|9\n|tier|[Gen 9 Champions] VGC 2026 Reg M-A\n|rated|\n|rule|Species Clause: Limit one of each Pok\u00e9mon\n|rule|Item Clause: Limit 1 of each item\n|clearpoke\n|poke|p1|Alakazam, L50, M|\n|poke|p1|Meowstic, L50, M|\n|poke|p1|Maushold-Four, L50|\n|poke|p1|Garchomp, L50, F|\n|poke|p1|Whimsicott, L50, M|\n|poke|p1|Lucario, L50, M|\n|poke|p2|Glimmora, L50, M|\n|poke|p2|Froslass, L50, F|\n|poke|p2|Sneasler, L50, F|\n|poke|p2|Incineroar, L50, M|\n|poke|p2|Whimsicott, L50, M|\n|poke|p2|Gyarados, L50, F|\n|teampreview|4\n|inactive|Battle timer is ON: inactive players will automatically lose when time's up. (requested by no1.pokemon)\nMask4M has agreed to open team sheets.\n|inactive|Mask4M has 60 seconds left.\n|\n|t:|1776078481\n|teamsize|p1|4\n|teamsize|p2|4\n|start\n|switch|p1a: Alakazam|Alakazam, L50, M|100/100\n|switch|p1b: Meowstic|Meowstic, L50, M|100/100\n|switch|p2a: Incineroar|Incineroar, L50, M|100/100\n|switch|p2b: Sneasler|Sneasler, L50, F|100/100\n|-ability|p2a: Incineroar|Intimidate|boost\n|-unboost|p1a: Alakazam|atk|1\n|-unboost|p1b: Meowstic|atk|1\n|turn|1\n|inactive|Mask4M has 30 seconds left.\n|inactive|Mask4M has 20 seconds left.\n|inactive|Mask4M has 15 seconds left.\n|\n|t:|1776078524\n|move|p1a: Alakazam|Protect|p1a: Alakazam\n|-singleturn|p1a: Alakazam|Protect\n|move|p2b: Sneasler|Fake Out|p1a: Alakazam\n|-activate|p1a: Alakazam|move: Protect\n|move|p1b: Meowstic|Thunder Wave|p2b: Sneasler\n|-status|p2b: Sneasler|par\n|move|p2a: Incineroar|Throat Chop|p1b: Meowstic\n|-supereffective|p1b: Meowstic|1\n|-enditem|p1b: Meowstic|Colbur Berry|[eat]\n|-enditem|p1b: Meowstic|Colbur Berry|[weaken]\n|-damage|p1b: Meowstic|67/100\n|-start|p1b: Meowstic|Throat Chop|[silent]\n|\n|upkeep\n|turn|2\n|\n|t:|1776078546\n|detailschange|p1a: Alakazam|Alakazam-Mega, L50, M\n|-mega|p1a: Alakazam|Alakazam|Alakazite\n|-ability|p1a: Alakazam|Unburden|Trace|[from] ability: Trace|[of] p2b: Sneasler\n|move|p1b: Meowstic|Helping Hand|p1a: Alakazam\n|-singleturn|p1a: Alakazam|Helping Hand|[of] p1b: Meowstic\n|move|p1a: Alakazam|Dazzling Gleam|p2b: Sneasler|[spread] p2a,p2b\n|-damage|p2a: Incineroar|61/100\n|-damage|p2b: Sneasler|44/100 par\n|move|p2b: Sneasler|Close Combat|p1a: Alakazam\n|-resisted|p1a: Alakazam|1\n|-damage|p1a: Alakazam|39/100\n|-unboost|p2b: Sneasler|def|1\n|-unboost|p2b: Sneasler|spd|1\n|-enditem|p2b: Sneasler|White Herb\n|-clearnegativeboost|p2b: Sneasler|[silent]\n|move|p2a: Incineroar|Throat Chop|p1a: Alakazam\n|-supereffective|p1a: Alakazam|1\n|-damage|p1a: Alakazam|0 fnt\n|faint|p1a: Alakazam\n|\n|-end|p1b: Meowstic|Throat Chop|[silent]\n|upkeep\n|\n|t:|1776078556\n|switch|p1a: Lucario|Lucario, L50, M|100/100\n|turn|3\n|inactive|Mask4M has 30 seconds left.\n|\n|t:|1776078584\n|switch|p2a: Gyarados|Gyarados, L50, F|100/100\n|-ability|p2a: Gyarados|Intimidate|boost\n|-unboost|p1a: Lucario|atk|1\n|-unboost|p1b: Meowstic|atk|1\n|move|p1b: Meowstic|Psychic Terrain|p1b: Meowstic\n|-fieldstart|move: Psychic Terrain\n|cant|p2b: Sneasler|par\n|move|p1a: Lucario|Drain Punch|p2a: Gyarados\n|-resisted|p2a: Gyarados|1\n|-damage|p2a: Gyarados|92/100\n|\n|-heal|p2a: Gyarados|98/100|[from] item: Leftovers\n|upkeep\n|turn|4\n|inactive|no1.pokemon has 30 seconds left.\n|inactive|Mask4M has 30 seconds left.\n|inactive|Mask4M has 20 seconds left.\n|\n|t:|1776078624\n|cant|p2b: Sneasler|par\n|move|p1a: Lucario|Drain Punch|p2a: Gyarados\n|-resisted|p2a: Gyarados|1\n|-damage|p2a: Gyarados|88/100\n|move|p1b: Meowstic|Expanding Force|p2b: Sneasler|[spread] p2a,p2b\n|-supereffective|p2b: Sneasler|2\n|-damage|p2a: Gyarados|64/100\n|-damage|p2b: Sneasler|0 fnt\n|faint|p2b: Sneasler\n|move|p2a: Gyarados|Waterfall|p1a: Lucario\n|-damage|p1a: Lucario|56/100\n|\n|-heal|p2a: Gyarados|70/100|[from] item: Leftovers\n|upkeep\n|\n|t:|1776078636\n|switch|p2b: Incineroar|Incineroar, L50, M|61/100\n|-ability|p2b: Incineroar|Intimidate|boost\n|-unboost|p1a: Lucario|atk|1\n|-unboost|p1b: Meowstic|atk|1\n|turn|5\n|inactive|Mask4M has 30 seconds left.\n|\n|t:|1776078663\n|switch|p1a: Whimsicott|Whimsicott, L50, M, shiny|100/100\n|move|p2a: Gyarados|Protect|p2a: Gyarados\n|-singleturn|p2a: Gyarados|Protect\n|move|p2b: Incineroar|Fake Out|p1a: Whimsicott\n|-activate|p1a: Whimsicott|move: Psychic Terrain\n|move|p1b: Meowstic|Thunder Wave|p2a: Gyarados\n|-activate|p2a: Gyarados|move: Protect\n|\n|-heal|p2a: Gyarados|76/100|[from] item: Leftovers\n|upkeep\n|turn|6\n|inactive|no1.pokemon has 30 seconds left.\n|inactive|Mask4M has 30 seconds left.\n|inactive|no1.pokemon has 20 seconds left.\n|\n|t:|1776078699\n|switch|p1b: Lucario|Lucario, L50, M|56/100\n|move|p1a: Whimsicott|Encore|p2a: Gyarados\n|-start|p2a: Gyarados|Encore\n|move|p2a: Gyarados|Protect||[still]\n|-fail|p2a: Gyarados\n|move|p2b: Incineroar|Throat Chop|p1b: Lucario\n|-resisted|p1b: Lucario|1\n|-damage|p1b: Lucario|34/100\n|-start|p1b: Lucario|Throat Chop|[silent]\n|-ability|p1b: Lucario|Justified|boost\n|-boost|p1b: Lucario|atk|1\n|\n|-heal|p2a: Gyarados|82/100|[from] item: Leftovers\n|upkeep\n|turn|7\n|\n|t:|1776078719\n|move|p2a: Gyarados|Protect|p2a: Gyarados\n|-singleturn|p2a: Gyarados|Protect\n|move|p1a: Whimsicott|Tailwind|p1a: Whimsicott\n|-sidestart|p1: no1.pokemon|move: Tailwind\n|move|p1b: Lucario|Drain Punch|p2b: Incineroar\n|-supereffective|p2b: Incineroar|1\n|-damage|p2b: Incineroar|0 fnt\n|-heal|p1b: Lucario|69/100|[from] drain|[of] p2b: Incineroar\n|faint|p2b: Incineroar\n|\n|-heal|p2a: Gyarados|88/100|[from] item: Leftovers\n|-end|p1b: Lucario|Throat Chop|[silent]\n|-fieldend|move: Psychic Terrain\n|upkeep\n|\n|t:|1776078729\n|switch|p2b: Froslass|Froslass, L50, F|100/100\n|turn|8\n|inactive|no1.pokemon has 30 seconds left.\n|\n|t:|1776078754\n|detailschange|p2b: Froslass|Froslass-Mega, L50, F\n|-mega|p2b: Froslass|Froslass|Froslassite\n|-weather|Snowscape|[from] ability: Snow Warning|[of] p2b: Froslass\n|move|p2b: Froslass|Protect|p2b: Froslass\n|-singleturn|p2b: Froslass|Protect\n|move|p2a: Gyarados|Protect||[still]\n|-fail|p2a: Gyarados\n|move|p1a: Whimsicott|Sunny Day|p1a: Whimsicott\n|-weather|SunnyDay\n|move|p1b: Lucario|Rock Slide|p2b: Froslass|[spread] p2a\n|-activate|p2b: Froslass|move: Protect\n|-supereffective|p2a: Gyarados|1\n|-damage|p2a: Gyarados|49/100\n|\n|-weather|SunnyDay|[upkeep]\n|-heal|p2a: Gyarados|55/100|[from] item: Leftovers\n|-end|p2a: Gyarados|Encore\n|upkeep\n|turn|9\n|-message|Mask4M forfeited.\n|\n|win|no1.pokemon\n|raw|no1.pokemon's rating: 1072 &rarr; <strong>1105</strong><br />(+33 for winning)\n|raw|Mask4M's rating: 1112 &rarr; <strong>1084</strong><br />(-28 for losing)\n",
  "uploadtime": 1776078772,
  "views": 11,
  "formatid": "gen9championsvgc2026regma",
  "rating": 1084,
  "private": 0,
  "password": null
}