{
  "id": "gen9championsvgc2026regma-2584630813",
  "format": "[Gen 9 Champions] VGC 2026 Reg M-A",
  "players": [
    "battle sim trainer",
    "RayRian"
  ],
  "log": "|j|\u2606battle sim trainer\n|j|\u2606RayRian\n|t:|1776273248\n|gametype|doubles\n|player|p1|battle sim trainer|turo|1059\n|player|p2|RayRian|101|1058\n|gen|9\n|tier|[Gen 9 Champions] VGC 2026 Reg M-A\n|rated|\n|rule|Species Clause: Limit one of each Pok\u00e9mon\n|rule|Item Clause: Limit 1 of each item\n|clearpoke\n|poke|p1|Farigiraf, L50, F|\n|poke|p1|Drampa, L50, F|\n|poke|p1|Sinistcha, L50|\n|poke|p1|Hatterene, L50, F|\n|poke|p1|Slowbro, L50, M|\n|poke|p1|Ninetales-Alola, L50, F|\n|poke|p2|Golurk, L50|\n|poke|p2|Meowstic, L50, M|\n|poke|p2|Incineroar, L50, M|\n|poke|p2|Archaludon, L50, M|\n|poke|p2|Empoleon, L50, F|\n|poke|p2|Dragonite, L50, F|\n|teampreview|4\n|\n|t:|1776273284\n|teamsize|p1|4\n|teamsize|p2|4\n|start\n|switch|p1a: Farigiraf|Farigiraf, L50, F|100/100\n|switch|p1b: Ninetales|Ninetales-Alola, L50, F|100/100\n|switch|p2a: Meowstic|Meowstic, L50, M|100/100\n|switch|p2b: Golurk|Golurk, L50, shiny|100/100\n|-weather|Snowscape|[from] ability: Snow Warning|[of] p1b: Ninetales\n|turn|1\n|\n|t:|1776273299\n|move|p1a: Farigiraf|Helping Hand|p1b: Ninetales\n|-singleturn|p1b: Ninetales|Helping Hand|[of] p1a: Farigiraf\n|move|p2b: Golurk|Protect|p2b: Golurk\n|-singleturn|p2b: Golurk|Protect\n|move|p2a: Meowstic|Rain Dance|p2a: Meowstic\n|-weather|RainDance\n|move|p1b: Ninetales|Blizzard|p2a: Meowstic|[spread] p2a\n|-activate|p2b: Golurk|move: Protect\n|-damage|p2a: Meowstic|54/100\n|\n|-weather|RainDance|[upkeep]\n|upkeep\n|turn|2\n|\n|t:|1776273324\n|switch|p1b: Drampa|Drampa, L50, F|100/100\n|switch|p2b: Archaludon|Archaludon, L50, M|100/100\n|move|p2a: Meowstic|Trick Room|p2a: Meowstic\n|-fieldstart|move: Trick Room|[of] p2a: Meowstic\n|move|p1a: Farigiraf|Trick Room|p1a: Farigiraf\n|-fieldend|move: Trick Room\n|\n|-weather|RainDance|[upkeep]\n|upkeep\n|turn|3\n|\n|t:|1776273360\n|detailschange|p1b: Drampa|Drampa-Mega, L50, F\n|-mega|p1b: Drampa|Drampa|Drampanite\n|move|p2a: Meowstic|Protect|p2a: Meowstic\n|-singleturn|p2a: Meowstic|Protect\n|move|p2b: Archaludon|Dragon Pulse|p1b: Drampa\n|-supereffective|p1b: Drampa|1\n|-damage|p1b: Drampa|22/100\n|-ability|p1b: Drampa|Berserk|boost\n|-boost|p1b: Drampa|spa|1\n|move|p1b: Drampa|Earth Power|p2b: Archaludon\n|-supereffective|p2b: Archaludon|1\n|-ability|p2b: Archaludon|Sturdy\n|-damage|p2b: Archaludon|1/100\n|move|p1a: Farigiraf|Trick Room|p1a: Farigiraf\n|-fieldstart|move: Trick Room|[of] p1a: Farigiraf\n|\n|-weather|RainDance|[upkeep]\n|upkeep\n|turn|4\n|\n|t:|1776273388\n|switch|p2a: Golurk|Golurk, L50, shiny|100/100\n|move|p1b: Drampa|Hyper Voice|p2a: Golurk|[spread] p2b\n|-immune|p2a: Golurk\n|-resisted|p2b: Archaludon|1\n|-damage|p2b: Archaludon|0 fnt\n|faint|p2b: Archaludon\n|move|p1a: Farigiraf|Hyper Voice|p2a: Golurk\n|-immune|p2a: Golurk\n|\n|-weather|RainDance|[upkeep]\n|upkeep\n|\n|t:|1776273394\n|switch|p2b: Incineroar|Incineroar, L50, M|100/100\n|-ability|p2b: Incineroar|Intimidate|boost\n|-unboost|p1a: Farigiraf|atk|1\n|-unboost|p1b: Drampa|atk|1\n|turn|5\n|\n|t:|1776273412\n|switch|p1a: Slowbro|Slowbro, L50, M|100/100\n|detailschange|p2a: Golurk|Golurk-Mega, L50, shiny\n|-mega|p2a: Golurk|Golurk|Golurkite\n|move|p1b: Drampa|Shadow Ball|p2a: Golurk\n|-supereffective|p2a: Golurk|1\n|-damage|p2a: Golurk|19/100\n|move|p2a: Golurk|Hammer Arm|p1b: Drampa\n|-supereffective|p1b: Drampa|1\n|-damage|p1b: Drampa|0 fnt\n|-unboost|p2a: Golurk|spe|1\n|faint|p1b: Drampa\n|move|p2b: Incineroar|Darkest Lariat|p1a: Slowbro\n|-supereffective|p1a: Slowbro|1\n|-damage|p1a: Slowbro|49/100\n|\n|-weather|none\n|-heal|p1a: Slowbro|55/100|[from] item: Leftovers\n|upkeep\n|\n|t:|1776273433\n|switch|p1b: Farigiraf|Farigiraf, L50, F|100/100\n|turn|6\n|\n|t:|1776273441\n|move|p2a: Golurk|Shadow Punch|p1a: Slowbro\n|-supereffective|p1a: Slowbro|1\n|-damage|p1a: Slowbro|4/100\n|move|p1a: Slowbro|Iron Defense|p1a: Slowbro\n|-boost|p1a: Slowbro|def|2\n|move|p2b: Incineroar|Darkest Lariat|p1b: Farigiraf\n|-supereffective|p1b: Farigiraf|1\n|-damage|p1b: Farigiraf|26/100\n|-enditem|p1b: Farigiraf|Sitrus Berry|[eat]\n|-heal|p1b: Farigiraf|50/100|[from] item: Sitrus Berry\n|move|p1b: Farigiraf|Psyshock|p2a: Golurk\n|-damage|p2a: Golurk|0 fnt\n|faint|p2a: Golurk\n|\n|-heal|p1a: Slowbro|10/100|[from] item: Leftovers\n|upkeep\n|\n|t:|1776273450\n|switch|p2a: Meowstic|Meowstic, L50, M|54/100\n|turn|7\n|\n|t:|1776273472\n|move|p1a: Slowbro|Slack Off|p1a: Slowbro\n|-heal|p1a: Slowbro|60/100\n|move|p2b: Incineroar|Darkest Lariat|p1b: Farigiraf\n|-supereffective|p1b: Farigiraf|1\n|-damage|p1b: Farigiraf|0 fnt\n|faint|p1b: Farigiraf\n|move|p2a: Meowstic|Psychic|p1a: Slowbro\n|-resisted|p1a: Slowbro|1\n|-damage|p1a: Slowbro|48/100\n|\n|-heal|p1a: Slowbro|54/100|[from] item: Leftovers\n|-fieldend|move: Trick Room\n|upkeep\n|\n|t:|1776273482\n|switch|p1b: Ninetales|Ninetales-Alola, L50, F|100/100\n|-weather|Snowscape|[from] ability: Snow Warning|[of] p1b: Ninetales\n|turn|8\n|\n|t:|1776273487\n|move|p2a: Meowstic|Rain Dance|p2a: Meowstic\n|-weather|RainDance\n|move|p1b: Ninetales|Aurora Veil||[still]\n|-fail|p1b: Ninetales\n|move|p2b: Incineroar|Darkest Lariat|p1a: Slowbro\n|-supereffective|p1a: Slowbro|1\n|-damage|p1a: Slowbro|0 fnt\n|faint|p1a: Slowbro\n|\n|-weather|RainDance|[upkeep]\n|upkeep\n|turn|9\n|\n|t:|1776273495\n|move|p1b: Ninetales|Moonblast|p2b: Incineroar\n|-damage|p2b: Incineroar|69/100\n|move|p2a: Meowstic|Psychic|p1b: Ninetales\n|-damage|p1b: Ninetales|69/100\n|move|p2b: Incineroar|Parting Shot|p1b: Ninetales\n|-unboost|p1b: Ninetales|atk|1\n|-unboost|p1b: Ninetales|spa|1\n|\n|-weather|RainDance|[upkeep]\n|upkeep\n|turn|10\n|-message|battle sim trainer forfeited.\n|\n|win|RayRian\n|raw|battle sim trainer's rating: 1059 &rarr; <strong>1040</strong><br />(-19 for losing)\n|raw|RayRian's rating: 1058 &rarr; <strong>1089</strong><br />(+31 for winning)\n",
  "uploadtime": 1776273503,
  "views": 18,
  "formatid": "gen9championsvgc2026regma",
  "rating": 1040,
  "private": 0,
  "password": null
}