{
  "id": "gen9championsvgc2026regma-2580661292",
  "format": "[Gen 9 Champions] VGC 2026 Reg M-A",
  "players": [
    "lolgz",
    "try0000"
  ],
  "log": "|j|\u2606lolgz\n|j|\u2606try0000\n|t:|1775922213\n|gametype|doubles\n|player|p1|lolgz|265|1201\n|player|p2|try0000|veteran|1299\n|gen|9\n|tier|[Gen 9 Champions] VGC 2026 Reg M-A\n|rated|\n|rule|Species Clause: Limit one of each Pok\u00e9mon\n|rule|Item Clause: Limit 1 of each item\n|clearpoke\n|poke|p1|Charizard, L50, M|\n|poke|p1|Whimsicott, L50, F|\n|poke|p1|Basculegion, L50, M|\n|poke|p1|Farigiraf, L50, F|\n|poke|p1|Sneasler, L50, F|\n|poke|p1|Floette-Eternal, L50, F|\n|poke|p2|Dragonite, L50, F|\n|poke|p2|Rotom-Wash, L50|\n|poke|p2|Sneasler, L50, F|\n|poke|p2|Kingambit, L50, F|\n|poke|p2|Politoed, L50, M|\n|poke|p2|Basculegion, L50, M|\n|teampreview|4\n|inactive|Battle timer is ON: inactive players will automatically lose when time's up. (requested by try0000)\n|\n|t:|1775922235\n|teamsize|p1|4\n|teamsize|p2|4\n|start\n|switch|p1a: Whimsicott|Whimsicott, L50, F|100/100\n|switch|p1b: Floette|Floette-Eternal, L50, F|100/100\n|switch|p2a: Dragonite|Dragonite, L50, F|100/100\n|switch|p2b: Sneasler|Sneasler, L50, F|100/100\n|turn|1\n|\n|t:|1775922250\n|detailschange|p2a: Dragonite|Dragonite-Mega, L50, F\n|-mega|p2a: Dragonite|Dragonite|Dragoninite\n|move|p1b: Floette|Protect|p1b: Floette\n|-singleturn|p1b: Floette|Protect\n|move|p1a: Whimsicott|Tailwind|p1a: Whimsicott\n|-sidestart|p1: lolgz|move: Tailwind\n|move|p2b: Sneasler|Dire Claw|p1b: Floette\n|-activate|p1b: Floette|move: Protect\n|move|p2a: Dragonite|Tailwind|p2a: Dragonite\n|-sidestart|p2: try0000|move: Tailwind\n|\n|upkeep\n|turn|2\n|\n|t:|1775922264\n|switch|p1b: Farigiraf|Farigiraf, L50, F|100/100\n|switch|p2a: Basculegion|Basculegion, L50, M|100/100\n|move|p1a: Whimsicott|Encore||[still]\n|-fail|p1a: Whimsicott\n|move|p2b: Sneasler|Dire Claw|p1b: Farigiraf\n|-damage|p1b: Farigiraf|58/100\n|\n|upkeep\n|turn|3\n|\n|t:|1775922272\n|move|p2a: Basculegion|Wave Crash|p1b: Farigiraf\n|-damage|p1b: Farigiraf|0 fnt\n|faint|p1b: Farigiraf\n|-damage|p2a: Basculegion|78/100|[from] Recoil\n|move|p2b: Sneasler|Dire Claw|p1a: Whimsicott\n|-supereffective|p1a: Whimsicott|2\n|-enditem|p1a: Whimsicott|Focus Sash\n|-damage|p1a: Whimsicott|1/100\n|-status|p1a: Whimsicott|par\n|move|p1a: Whimsicott|Moonblast|p2a: Basculegion\n|-damage|p2a: Basculegion|35/100\n|\n|upkeep\n|\n|t:|1775922279\n|switch|p1b: Sneasler|Sneasler, L50, F|100/100\n|turn|4\n|\n|t:|1775922290\n|move|p1b: Sneasler|Fake Out|p2b: Sneasler\n|-damage|p2b: Sneasler|75/100\n|move|p2a: Basculegion|Wave Crash|p1b: Sneasler\n|-damage|p1b: Sneasler|0 fnt\n|faint|p1b: Sneasler\n|-damage|p2a: Basculegion|9/100|[from] Recoil\n|cant|p2b: Sneasler|flinch\n|move|p1a: Whimsicott|Moonblast|p2a: Basculegion\n|-damage|p2a: Basculegion|0 fnt\n|faint|p2a: Basculegion\n|\n|-sideend|p2: try0000|move: Tailwind\n|-sideend|p1: lolgz|move: Tailwind\n|upkeep\n|\n|t:|1775922302\n|switch|p1b: Floette|Floette-Eternal, L50, F|100/100\n|switch|p2a: Politoed|Politoed, L50, M|100/100\n|-weather|RainDance|[from] ability: Drizzle|[of] p2a: Politoed\n|turn|5\n|\n|t:|1775922315\n|detailschange|p1b: Floette|Floette-Mega, L50, F\n|-mega|p1b: Floette|Floette|Floettite\n|-ability|p1b: Floette|Fairy Aura\n|cant|p1a: Whimsicott|par\n|move|p2b: Sneasler|Dire Claw|p1a: Whimsicott\n|-supereffective|p1a: Whimsicott|2\n|-damage|p1a: Whimsicott|0 fnt\n|faint|p1a: Whimsicott\n|move|p1b: Floette|Light of Ruin|p2b: Sneasler\n|-damage|p2b: Sneasler|0 fnt\n|faint|p2b: Sneasler\n|-damage|p1b: Floette|62/100|[from] Recoil\n|move|p2a: Politoed|Perish Song|p2a: Politoed\n|-start|p1b: Floette|perish3|[silent]\n|-start|p2a: Politoed|perish3|[silent]\n|-fieldactivate|move: Perish Song\n|\n|-weather|RainDance|[upkeep]\n|-start|p1b: Floette|perish3\n|-start|p2a: Politoed|perish3\n|upkeep\n|\n|t:|1775922327\n|switch|p2b: Dragonite|Dragonite-Mega, L50, F|100/100\n|turn|6\n|\n|t:|1775922332\n|move|p2b: Dragonite|Protect|p2b: Dragonite\n|-singleturn|p2b: Dragonite|Protect\n|move|p2a: Politoed|Protect|p2a: Politoed\n|-singleturn|p2a: Politoed|Protect\n|move|p1b: Floette|Dazzling Gleam|p2b: Dragonite|[spread] \n|-activate|p2a: Politoed|move: Protect\n|-activate|p2b: Dragonite|move: Protect\n|\n|-weather|RainDance|[upkeep]\n|-start|p1b: Floette|perish2\n|-start|p2a: Politoed|perish2\n|upkeep\n|turn|7\n|\n|t:|1775922340\n|move|p1b: Floette|Dazzling Gleam|p2a: Politoed|[spread] p2a,p2b\n|-supereffective|p2b: Dragonite|1\n|-damage|p2a: Politoed|61/100\n|-damage|p2b: Dragonite|61/100\n|move|p2b: Dragonite|Roost|p2b: Dragonite\n|-heal|p2b: Dragonite|100/100\n|-singleturn|p2b: Dragonite|move: Roost\n|move|p2a: Politoed|Weather Ball|p1b: Floette\n|-damage|p1b: Floette|11/100\n|\n|-weather|RainDance|[upkeep]\n|-heal|p2a: Politoed|67/100|[from] item: Leftovers\n|-start|p1b: Floette|perish1\n|-start|p2a: Politoed|perish1\n|upkeep\n|turn|8\n|-message|lolgz forfeited.\n|\n|win|try0000\n|raw|lolgz's rating: 1201 &rarr; <strong>1183</strong><br />(-18 for losing)\n|raw|try0000's rating: 1299 &rarr; <strong>1317</strong><br />(+18 for winning)\n",
  "uploadtime": 1775922344,
  "views": 11,
  "formatid": "gen9championsvgc2026regma",
  "rating": 1183,
  "private": 0,
  "password": null
}