{
  "id": "gen9championsvgc2026regma-2585846932",
  "format": "[Gen 9 Champions] VGC 2026 Reg M-A",
  "players": [
    "WiiCris",
    "boysenorange"
  ],
  "log": "|j|\u2606WiiCris\n|j|\u2606boysenorange\n|t:|1776375153\n|gametype|doubles\n|player|p1|WiiCris|ghetsis|1100\n|player|p2|boysenorange|turo|1155\n|gen|9\n|tier|[Gen 9 Champions] VGC 2026 Reg M-A\n|rated|\n|rule|Species Clause: Limit one of each Pok\u00e9mon\n|rule|Item Clause: Limit 1 of each item\n|clearpoke\n|poke|p1|Tyranitar, L50, F|\n|poke|p1|Excadrill, L50, F|\n|poke|p1|Heliolisk, L50, M|\n|poke|p1|Sinistcha, L50|\n|poke|p1|Aerodactyl, L50, M|\n|poke|p1|Sneasler, L50, F|\n|poke|p2|Farigiraf, L50, F|\n|poke|p2|Gardevoir, L50, F|\n|poke|p2|Kangaskhan, L50, F|\n|poke|p2|Camerupt, L50, M|\n|poke|p2|Conkeldurr, L50, M|\n|poke|p2|Tinkaton, L50, F|\n|teampreview|4\n|c|\u2606boysenorange|heliolisk? :O\n|\n|t:|1776375184\n|teamsize|p1|4\n|teamsize|p2|4\n|start\n|switch|p1a: Tyranitar|Tyranitar, L50, F, shiny|100/100\n|switch|p1b: Sneasler|Sneasler, L50, F|100/100\n|switch|p2a: Kangaskhan|Kangaskhan, L50, F|100/100\n|switch|p2b: Gardevoir|Gardevoir, L50, F|100/100\n|-weather|Sandstorm|[from] ability: Sand Stream|[of] p1a: Tyranitar\n|turn|1\n|\n|t:|1776375207\n|detailschange|p2b: Gardevoir|Gardevoir-Mega, L50, F\n|-mega|p2b: Gardevoir|Gardevoir|Gardevoirite\n|move|p1b: Sneasler|Fake Out|p2a: Kangaskhan\n|-damage|p2a: Kangaskhan|86/100\n|cant|p2a: Kangaskhan|flinch\n|move|p1a: Tyranitar|Low Kick|p2a: Kangaskhan\n|-supereffective|p2a: Kangaskhan|1\n|-damage|p2a: Kangaskhan|28/100\n|move|p2b: Gardevoir|Trick Room|p2b: Gardevoir\n|-fieldstart|move: Trick Room|[of] p2b: Gardevoir\n|\n|-weather|Sandstorm|[upkeep]\n|-damage|p2a: Kangaskhan|22/100|[from] Sandstorm\n|-damage|p2b: Gardevoir|95/100|[from] Sandstorm\n|-damage|p1b: Sneasler|95/100|[from] Sandstorm\n|upkeep\n|turn|2\n|\n|t:|1776375228\n|switch|p2a: Conkeldurr|Conkeldurr, L50, M|100/100\n|move|p1a: Tyranitar|Rock Slide|p2a: Conkeldurr|[spread] \n|-miss|p1a: Tyranitar|p2a: Conkeldurr\n|-miss|p1a: Tyranitar|p2b: Gardevoir\n|move|p2b: Gardevoir|Hyper Voice|p1b: Sneasler|[spread] p1a,p1b\n|-supereffective|p1a: Tyranitar|1\n|-damage|p1a: Tyranitar|34/100\n|-damage|p1b: Sneasler|25/100\n|move|p1b: Sneasler|Dire Claw|p2b: Gardevoir\n|-supereffective|p2b: Gardevoir|1\n|-damage|p2b: Gardevoir|0 fnt\n|faint|p2b: Gardevoir\n|\n|-weather|Sandstorm|[upkeep]\n|-damage|p2a: Conkeldurr|94/100|[from] Sandstorm\n|-damage|p1b: Sneasler|20/100|[from] Sandstorm\n|upkeep\n|\n|t:|1776375244\n|switch|p2b: Camerupt|Camerupt, L50, M|100/100\n|turn|3\n|\n|t:|1776375255\n|move|p1a: Tyranitar|Protect|p1a: Tyranitar\n|-singleturn|p1a: Tyranitar|Protect\n|move|p2b: Camerupt|Eruption|p1a: Tyranitar|[spread] p1b\n|-activate|p1a: Tyranitar|move: Protect\n|-damage|p1b: Sneasler|0 fnt\n|faint|p1b: Sneasler\n|move|p2a: Conkeldurr|Close Combat|p1a: Tyranitar\n|-activate|p1a: Tyranitar|move: Protect\n|\n|-weather|Sandstorm|[upkeep]\n|-damage|p2a: Conkeldurr|88/100|[from] Sandstorm\n|upkeep\n|\n|t:|1776375267\n|switch|p1b: Excadrill|Excadrill, L50, F|100/100\n|turn|4\n|inactive|Battle timer is ON: inactive players will automatically lose when time's up. (requested by boysenorange)\n|\n|t:|1776375295\n|switch|p1a: Aerodactyl|Aerodactyl, L50, M|100/100\n|-ability|p1a: Aerodactyl|Unnerve\n|move|p1b: Excadrill|Protect|p1b: Excadrill\n|-singleturn|p1b: Excadrill|Protect\n|move|p2a: Conkeldurr|Mach Punch|p1a: Aerodactyl\n|-damage|p1a: Aerodactyl|45/100\n|-enditem|p1a: Aerodactyl|Sitrus Berry|[eat]\n|-heal|p1a: Aerodactyl|69/100|[from] item: Sitrus Berry\n|move|p2b: Camerupt|Eruption|p1b: Excadrill|[spread] p1a\n|-activate|p1b: Excadrill|move: Protect\n|-resisted|p1a: Aerodactyl|1\n|-damage|p1a: Aerodactyl|44/100\n|\n|-weather|Sandstorm|[upkeep]\n|-damage|p2a: Conkeldurr|82/100|[from] Sandstorm\n|upkeep\n|turn|5\n|\n|t:|1776375316\n|move|p2a: Conkeldurr|Mach Punch|p1b: Excadrill\n|-supereffective|p1b: Excadrill|1\n|-damage|p1b: Excadrill|1/100\n|move|p2b: Camerupt|Eruption|p1a: Aerodactyl|[spread] p1a,p1b\n|-resisted|p1a: Aerodactyl|1\n|-supereffective|p1b: Excadrill|1\n|-damage|p1a: Aerodactyl|17/100\n|-damage|p1b: Excadrill|0 fnt\n|faint|p1b: Excadrill\n|move|p1a: Aerodactyl|Tailwind|p1a: Aerodactyl\n|-sidestart|p1: WiiCris|move: Tailwind\n|\n|-weather|none\n|-fieldend|move: Trick Room\n|upkeep\n|\n|t:|1776375322\n|switch|p1b: Tyranitar|Tyranitar, L50, F, shiny|34/100\n|-weather|Sandstorm|[from] ability: Sand Stream|[of] p1b: Tyranitar\n|turn|6\n|\n|t:|1776375333\n|move|p2a: Conkeldurr|Wide Guard|p2a: Conkeldurr\n|-singleturn|p2a: Conkeldurr|Wide Guard\n|move|p1a: Aerodactyl|Dual Wingbeat|p2a: Conkeldurr\n|-supereffective|p2a: Conkeldurr|1\n|-damage|p2a: Conkeldurr|50/100\n|-supereffective|p2a: Conkeldurr|1\n|-damage|p2a: Conkeldurr|19/100\n|-hitcount|p2a: Conkeldurr|2\n|move|p1b: Tyranitar|Knock Off|p2b: Camerupt\n|-damage|p2b: Camerupt|47/100\n|move|p2b: Camerupt|Flamethrower|p1a: Aerodactyl\n|-resisted|p1a: Aerodactyl|1\n|-damage|p1a: Aerodactyl|0 fnt\n|faint|p1a: Aerodactyl\n|\n|-weather|Sandstorm|[upkeep]\n|-damage|p2a: Conkeldurr|13/100|[from] Sandstorm\n|upkeep\n|turn|7\n|\n|t:|1776375347\n|detailschange|p1b: Tyranitar|Tyranitar-Mega, L50, F, shiny\n|-mega|p1b: Tyranitar|Tyranitar|Tyranitarite\n|move|p2a: Conkeldurr|Mach Punch|p1b: Tyranitar\n|-supereffective|p1b: Tyranitar|2\n|-damage|p1b: Tyranitar|0 fnt\n|faint|p1b: Tyranitar\n|\n|win|boysenorange\n|raw|WiiCris's rating: 1100 &rarr; <strong>1079</strong><br />(-21 for losing)\n|raw|boysenorange's rating: 1155 &rarr; <strong>1176</strong><br />(+21 for winning)\n|c|\u2606boysenorange|ggwp\n|l|\u2606WiiCris\n|player|p1|\n",
  "uploadtime": 1776375351,
  "views": 16,
  "formatid": "gen9championsvgc2026regma",
  "rating": 1079,
  "private": 0,
  "password": null
}