{
  "id": "gen9championsvgc2026regma-2587939045",
  "format": "[Gen 9 Champions] VGC 2026 Reg M-A",
  "players": [
    "klipce",
    "Dogemaser"
  ],
  "log": "|j|\u2606klipce\n|j|\u2606Dogemaser\n|t:|1776581936\n|gametype|doubles\n|player|p1|klipce|169|1073\n|player|p2|Dogemaser|hiker-gen4|1060\n|gen|9\n|tier|[Gen 9 Champions] VGC 2026 Reg M-A\n|rated|\n|rule|Species Clause: Limit one of each Pok\u00e9mon\n|rule|Item Clause: Limit 1 of each item\n|clearpoke\n|poke|p1|Basculegion, L50, M|\n|poke|p1|Sinistcha, L50|\n|poke|p1|Kommo-o, L50, F|\n|poke|p1|Clefable, L50, F|\n|poke|p1|Talonflame, L50, F|\n|poke|p1|Scizor, L50, M|\n|poke|p2|Orthworm, L50, M|\n|poke|p2|Incineroar, L50, M|\n|poke|p2|Rotom-Wash, L50|\n|poke|p2|Sylveon, L50, M|\n|poke|p2|Talonflame, L50, M|\n|poke|p2|Garchomp, L50, M|\n|teampreview|4\n|inactive|Battle timer is ON: inactive players will automatically lose when time's up. (requested by Dogemaser)\nDogemaser has agreed to open team sheets.\n|inactive|klipce has 60 seconds left.\n|\n|t:|1776582011\n|teamsize|p1|4\n|teamsize|p2|4\n|start\n|switch|p1a: Basculegion|Basculegion, L50, M|100/100\n|switch|p1b: Talonflame|Talonflame, L50, F|100/100\n|switch|p2a: BiggestBird|Talonflame, L50, M|100/100\n|switch|p2b: Orthworm|Orthworm, L50, M|100/100\n|turn|1\n|\n|t:|1776582031\n|move|p1b: Talonflame|Tailwind|p1b: Talonflame\n|-sidestart|p1: klipce|move: Tailwind\n|move|p2a: BiggestBird|Tailwind|p2a: BiggestBird\n|-sidestart|p2: Dogemaser|move: Tailwind\n|move|p1a: Basculegion|Flip Turn|p2a: BiggestBird\n|-supereffective|p2a: BiggestBird|1\n|-enditem|p2a: BiggestBird|Focus Sash\n|-damage|p2a: BiggestBird|1/100\n|\n|t:|1776582046\n|switch|p1a: Sinistcha|Sinistcha, L50|100/100|[from] Flip Turn\n|move|p2b: Orthworm|Stealth Rock|p1a: Sinistcha\n|-sidestart|p1: klipce|move: Stealth Rock\n|\n|upkeep\n|turn|2\n|\n|t:|1776582063\n|move|p1b: Talonflame|Brave Bird|p2a: BiggestBird\n|-damage|p2a: BiggestBird|0 fnt\n|faint|p2a: BiggestBird\n|-damage|p1b: Talonflame|99/100|[from] Recoil\n|move|p2b: Orthworm|Shed Tail|p2b: Orthworm\n|-start|p2b: Orthworm|Substitute|[from] move: Shed Tail\n|-damage|p2b: Orthworm|50/100\n|\n|t:|1776582076\n|switch|p2b: Daisy|Garchomp, L50, M|100/100|[from] Shed Tail\n|move|p1a: Sinistcha|Nasty Plot|p1a: Sinistcha\n|-boost|p1a: Sinistcha|spa|2\n|\n|upkeep\n|\n|t:|1776582081\n|switch|p2a: Bon Borbon|Sylveon, L50, M|100/100\n|turn|3\n|\n|t:|1776582100\n|detailschange|p2b: Daisy|Garchomp-Mega, L50, M\n|-mega|p2b: Daisy|Garchomp|Garchompite\n|move|p1b: Talonflame|Brave Bird|p2a: Bon Borbon\n|-damage|p2a: Bon Borbon|46/100\n|-enditem|p2a: Bon Borbon|Sitrus Berry|[eat]\n|-heal|p2a: Bon Borbon|70/100|[from] item: Sitrus Berry\n|-damage|p1b: Talonflame|76/100|[from] Recoil\n|move|p2b: Daisy|Swords Dance|p2b: Daisy\n|-boost|p2b: Daisy|atk|2\n|move|p1a: Sinistcha|Matcha Gotcha|p2b: Daisy|[spread] p2a,p2b\n|-end|p2b: Daisy|Substitute\n|-damage|p2a: Bon Borbon|34/100\n|move|p2a: Bon Borbon|Hyper Voice|p1a: Sinistcha|[spread] p1a,p1b\n|-resisted|p1b: Talonflame|1\n|-damage|p1a: Sinistcha|65/100\n|-damage|p1b: Talonflame|45/100\n|\n|upkeep\n|turn|4\n|inactive|klipce has 30 seconds left.\n|\n|t:|1776582125\n|move|p1b: Talonflame|Brave Bird|p2b: Daisy\n|-damage|p2b: Daisy|59/100\n|-damage|p1b: Talonflame|29/100|[from] Recoil\n|move|p2b: Daisy|Rock Slide|p1a: Sinistcha|[spread] p1a,p1b\n|-supereffective|p1b: Talonflame|2\n|-damage|p1a: Sinistcha|17/100\n|-damage|p1b: Talonflame|0 fnt\n|faint|p1b: Talonflame\n|cant|p1a: Sinistcha|flinch\n|move|p2a: Bon Borbon|Hyper Voice|p1a: Sinistcha\n|-damage|p1a: Sinistcha|0 fnt\n|faint|p1a: Sinistcha\n|\n|-sideend|p1: klipce|move: Tailwind\n|-sideend|p2: Dogemaser|move: Tailwind\n|upkeep\n|\n|t:|1776582139\n|switch|p1b: Basculegion|Basculegion, L50, M|100/100\n|switch|p1a: Kommo-o|Kommo-o, L50, F|100/100\n|-damage|p1b: Basculegion|88/100|[from] Stealth Rock\n|-damage|p1a: Kommo-o|94/100|[from] Stealth Rock\n|turn|5\n|inactive|Dogemaser has 30 seconds left.\n|\n|t:|1776582166\n|move|p2a: Bon Borbon|Quick Attack|p1a: Kommo-o\n|-supereffective|p1a: Kommo-o|2\n|-damage|p1a: Kommo-o|58/100\n|move|p1b: Basculegion|Wave Crash|p2a: Bon Borbon\n|-damage|p2a: Bon Borbon|0 fnt\n|faint|p2a: Bon Borbon\n|-damage|p1b: Basculegion|77/100|[from] Recoil\n|move|p2b: Daisy|Dragon Claw|p1a: Kommo-o\n|-supereffective|p1a: Kommo-o|1\n|-damage|p1a: Kommo-o|0 fnt\n|faint|p1a: Kommo-o\n|\n|upkeep\n|\n|t:|1776582178\n|switch|p2a: Orthworm|Orthworm, L50, M|50/100\n|turn|6\n|\n|t:|1776582188\n|move|p1b: Basculegion|Wave Crash|p2b: Daisy\n|-damage|p2b: Daisy|0 fnt\n|faint|p2b: Daisy\n|-damage|p1b: Basculegion|59/100|[from] Recoil\n|move|p2a: Orthworm|Heavy Slam|p1b: Basculegion\n|-resisted|p1b: Basculegion|1\n|-damage|p1b: Basculegion|50/100\n|\n|upkeep\n|turn|7\n|\n|t:|1776582200\n|move|p1b: Basculegion|Wave Crash|p2a: Orthworm\n|-damage|p2a: Orthworm|0 fnt\n|faint|p2a: Orthworm\n|-damage|p1b: Basculegion|38/100|[from] Recoil\n|\n|win|klipce\n|raw|klipce's rating: 1073 &rarr; <strong>1101</strong><br />(+28 for winning)\n|raw|Dogemaser's rating: 1060 &rarr; <strong>1042</strong><br />(-18 for losing)\n",
  "uploadtime": 1776582208,
  "views": 9,
  "formatid": "gen9championsvgc2026regma",
  "rating": 1042,
  "private": 0,
  "password": null
}