{
  "id": "gen9championsvgc2026regma-2580600456",
  "format": "[Gen 9 Champions] VGC 2026 Reg M-A",
  "players": [
    "Lmikyu",
    "4% skill"
  ],
  "log": "|j|\u2606Lmikyu\n|j|\u26064% skill\n|t:|1775916935\n|gametype|doubles\n|player|p1|Lmikyu|skierf|1159\n|player|p2|4% skill|psychic-gen2|1217\n|gen|9\n|tier|[Gen 9 Champions] VGC 2026 Reg M-A\n|rated|\n|rule|Species Clause: Limit one of each Pok\u00e9mon\n|rule|Item Clause: Limit 1 of each item\n|clearpoke\n|poke|p1|Floette-Eternal, L50, F|\n|poke|p1|Delphox, L50, M|\n|poke|p1|Aerodactyl, L50, M|\n|poke|p1|Incineroar, L50, F|\n|poke|p1|Maushold-Four, L50|\n|poke|p1|Sneasler, L50, F|\n|poke|p2|Incineroar, L50, F|\n|poke|p2|Basculegion, L50, M|\n|poke|p2|Pelipper, L50, F|\n|poke|p2|Sinistcha, L50|\n|poke|p2|Garchomp, L50, F|\n|poke|p2|Charizard, L50, M|\n|teampreview|4\n|inactive|Battle timer is ON: inactive players will automatically lose when time's up. (requested by Lmikyu)\n|n|\u26064% skill|4skill\n4% skill rejected open team sheets.\n|inactive|Lmikyu has 60 seconds left.\n|inactive|Lmikyu has 30 seconds left.\n|\n|t:|1775917004\n|teamsize|p1|4\n|teamsize|p2|4\n|start\n|switch|p1a: Floette|Floette-Eternal, L50, F|100/100\n|switch|p1b: Incineroar|Incineroar, L50, F|100/100\n|switch|p2a: Incineroar|Incineroar, L50, F|100/100\n|switch|p2b: Basculegion|Basculegion, L50, M, shiny|100/100\n|-ability|p2a: Incineroar|Intimidate|boost\n|-unboost|p1a: Floette|atk|1\n|-unboost|p1b: Incineroar|atk|1\n|-ability|p1b: Incineroar|Intimidate|boost\n|-unboost|p2a: Incineroar|atk|1\n|-unboost|p2b: Basculegion|atk|1\n|turn|1\n|\n|t:|1775917022\n|detailschange|p1a: Floette|Floette-Mega, L50, F\n|-mega|p1a: Floette|Floette|Floettite\n|-ability|p1a: Floette|Fairy Aura\n|move|p1a: Floette|Protect|p1a: Floette\n|-singleturn|p1a: Floette|Protect\n|move|p2a: Incineroar|Fake Out|p1a: Floette\n|-activate|p1a: Floette|move: Protect\n|move|p2b: Basculegion|Wave Crash|p1b: Incineroar\n|-supereffective|p1b: Incineroar|1\n|-damage|p1b: Incineroar|29/100\n|-enditem|p1b: Incineroar|Sitrus Berry|[eat]\n|-heal|p1b: Incineroar|54/100|[from] item: Sitrus Berry\n|-damage|p2b: Basculegion|76/100|[from] Recoil\n|move|p1b: Incineroar|Parting Shot|p2b: Basculegion\n|-unboost|p2b: Basculegion|atk|1\n|-unboost|p2b: Basculegion|spa|1\n|\n|t:|1775917036\n|switch|p1b: Maushold|Maushold-Four, L50|100/100|[from] Parting Shot\n|\n|upkeep\n|turn|2\n|\n|t:|1775917048\n|move|p1b: Maushold|Follow Me|p1b: Maushold\n|-singleturn|p1b: Maushold|move: Follow Me\n|move|p2b: Basculegion|Wave Crash|p1b: Maushold\n|-damage|p1b: Maushold|52/100\n|-damage|p2b: Basculegion|61/100|[from] Recoil\n|move|p1a: Floette|Dazzling Gleam|p2a: Incineroar|[spread] p2a,p2b\n|-damage|p2a: Incineroar|69/100\n|-damage|p2b: Basculegion|8/100\n|move|p2a: Incineroar|Darkest Lariat|p1b: Maushold\n|-damage|p1b: Maushold|20/100\n|\n|upkeep\n|turn|3\n|\n|t:|1775917072\n|switch|p2b: Charizard|Charizard, L50, M, shiny|100/100\n|move|p1b: Maushold|Protect|p1b: Maushold\n|-singleturn|p1b: Maushold|Protect\n|move|p1a: Floette|Dazzling Gleam|p2b: Charizard|[spread] p2a,p2b\n|-resisted|p2b: Charizard|1\n|-damage|p2a: Incineroar|38/100\n|-damage|p2b: Charizard|68/100\n|-enditem|p2a: Incineroar|Sitrus Berry|[eat]\n|-heal|p2a: Incineroar|63/100|[from] item: Sitrus Berry\n|move|p2a: Incineroar|Darkest Lariat|p1b: Maushold\n|-activate|p1b: Maushold|move: Protect\n|\n|upkeep\n|turn|4\n|inactive|Lmikyu has 30 seconds left.\n|\n|t:|1775917102\n|switch|p1b: Incineroar|Incineroar, L50, F|54/100\n|-ability|p1b: Incineroar|Intimidate|boost\n|-unboost|p2a: Incineroar|atk|1\n|-unboost|p2b: Charizard|atk|1\n|detailschange|p2b: Charizard|Charizard-Mega-Y, L50, M, shiny\n|-mega|p2b: Charizard|Charizard|Charizardite Y\n|-weather|SunnyDay|[from] ability: Drought|[of] p2b: Charizard\n|move|p1a: Floette|Substitute|p1a: Floette\n|-start|p1a: Floette|Substitute\n|-damage|p1a: Floette|76/100\n|move|p2b: Charizard|Heat Wave|p1b: Incineroar|[spread] p1a,p1b\n|-crit|p1a: Floette\n|-end|p1a: Floette|Substitute\n|-resisted|p1b: Incineroar|1\n|-damage|p1b: Incineroar|25/100\n|move|p2a: Incineroar|Darkest Lariat|p1a: Floette\n|-resisted|p1a: Floette|1\n|-damage|p1a: Floette|66/100\n|\n|-weather|SunnyDay|[upkeep]\n|upkeep\n|turn|5\n|inactive|4% skill has 30 seconds left.\n|\n|t:|1775917127\n|move|p2b: Charizard|Protect|p2b: Charizard\n|-singleturn|p2b: Charizard|Protect\n|move|p1b: Incineroar|Fake Out|p2b: Charizard\n|-activate|p2b: Charizard|move: Protect\n|move|p1a: Floette|Moonblast|p2a: Incineroar\n|-damage|p2a: Incineroar|14/100\n|move|p2a: Incineroar|Parting Shot|p1a: Floette\n|-unboost|p1a: Floette|atk|1\n|-unboost|p1a: Floette|spa|1\n|\n|t:|1775917136\n|switch|p2a: Basculegion|Basculegion, L50, M, shiny|8/100|[from] Parting Shot\n|\n|-weather|SunnyDay|[upkeep]\n|upkeep\n|turn|6\n|\n|t:|1775917147\n|move|p1a: Floette|Protect|p1a: Floette\n|-singleturn|p1a: Floette|Protect\n|move|p2a: Basculegion|Flip Turn|p1a: Floette\n|-activate|p1a: Floette|move: Protect\n|move|p2b: Charizard|Heat Wave|p1b: Incineroar|[spread] \n|-activate|p1a: Floette|move: Protect\n|-miss|p2b: Charizard|p1b: Incineroar\n|move|p1b: Incineroar|Parting Shot|p2b: Charizard\n|-unboost|p2b: Charizard|atk|1\n|-unboost|p2b: Charizard|spa|1\n|c|\u26064% skill|classic\n|\n|t:|1775917162\n|switch|p1b: Aerodactyl|Aerodactyl, L50, M|100/100|[from] Parting Shot\n|-ability|p1b: Aerodactyl|Unnerve\n|\n|-weather|SunnyDay|[upkeep]\n|upkeep\n|turn|7\n|\n|t:|1775917171\n|switch|p1a: Incineroar|Incineroar, L50, F|25/100\n|-ability|p1a: Incineroar|Intimidate|boost\n|-unboost|p2a: Basculegion|atk|1\n|-unboost|p2b: Charizard|atk|1\n|switch|p2b: Incineroar|Incineroar, L50, F|14/100\n|-ability|p2b: Incineroar|Intimidate|boost\n|-unboost|p1a: Incineroar|atk|1\n|-unboost|p1b: Aerodactyl|atk|1\n|move|p2a: Basculegion|Flip Turn|p1b: Aerodactyl\n|-supereffective|p1b: Aerodactyl|1\n|-damage|p1b: Aerodactyl|62/100\n|\n|t:|1775917177\n|switch|p2a: Garchomp|Garchomp, L50, F, shiny|100/100|[from] Flip Turn\n|move|p1b: Aerodactyl|Rock Slide|p2b: Incineroar|[spread] p2a,p2b\n|-resisted|p2a: Garchomp|1\n|-supereffective|p2b: Incineroar|1\n|-damage|p2a: Garchomp|93/100\n|-damage|p2b: Incineroar|0 fnt\n|faint|p2b: Incineroar\n|\n|-weather|SunnyDay|[upkeep]\n|upkeep\n|\n|t:|1775917183\n|switch|p2b: Basculegion|Basculegion, L50, M, shiny|8/100\n|turn|8\n|inactive|Lmikyu has 30 seconds left.\n|\n|t:|1775917212\n|move|p1b: Aerodactyl|Protect|p1b: Aerodactyl\n|-singleturn|p1b: Aerodactyl|Protect\n|move|p2a: Garchomp|Protect|p2a: Garchomp\n|-singleturn|p2a: Garchomp|Protect\n|move|p1a: Incineroar|Fake Out|p2a: Garchomp\n|-activate|p2a: Garchomp|move: Protect\n|move|p2b: Basculegion|Wave Crash|p1b: Aerodactyl\n|-activate|p1b: Aerodactyl|move: Protect\n|\n|-weather|none\n|upkeep\n|turn|9\n|inactive|Lmikyu has 30 seconds left.\n|\n|t:|1775917239\n|switch|p1b: Maushold|Maushold-Four, L50|20/100\n|move|p2b: Basculegion|Wave Crash|p1b: Maushold\n|-damage|p1b: Maushold|0 fnt\n|faint|p1b: Maushold\n|-damage|p2b: Basculegion|2/100|[from] Recoil\n|move|p2a: Garchomp|Stomping Tantrum|p1a: Incineroar\n|-supereffective|p1a: Incineroar|1\n|-damage|p1a: Incineroar|0 fnt\n|faint|p1a: Incineroar\n|\n|upkeep\n|\n|t:|1775917249\n|switch|p1b: Aerodactyl|Aerodactyl, L50, M|62/100\n|switch|p1a: Floette|Floette-Mega, L50, F|66/100\n|-ability|p1b: Aerodactyl|Unnerve\n|-ability|p1a: Floette|Fairy Aura\n|turn|10\n|inactive|4% skill has 30 seconds left.\n|\n|t:|1775917282\n|switch|p2b: Charizard|Charizard-Mega-Y, L50, M, shiny|68/100\n|-weather|SunnyDay|[from] ability: Drought|[of] p2b: Charizard\n|move|p1b: Aerodactyl|Protect|p1b: Aerodactyl\n|-singleturn|p1b: Aerodactyl|Protect\n|move|p1a: Floette|Dazzling Gleam|p2b: Charizard|[spread] p2a,p2b\n|-supereffective|p2a: Garchomp|1\n|-resisted|p2b: Charizard|1\n|-crit|p2b: Charizard\n|-damage|p2a: Garchomp|0 fnt\n|-damage|p2b: Charizard|34/100\n|faint|p2a: Garchomp\n|\n|-weather|SunnyDay|[upkeep]\n|upkeep\n|\n|t:|1775917291\n|switch|p2a: Basculegion|Basculegion, L50, M, shiny|2/100\n|turn|11\n|\n|t:|1775917301\n|move|p2a: Basculegion|Last Respects|p1b: Aerodactyl\n|-damage|p1b: Aerodactyl|0 fnt\n|faint|p1b: Aerodactyl\n|move|p1a: Floette|Dazzling Gleam|p2b: Charizard|[spread] p2a,p2b\n|-resisted|p2b: Charizard|1\n|-damage|p2a: Basculegion|0 fnt\n|-damage|p2b: Charizard|11/100\n|faint|p2a: Basculegion\n|move|p2b: Charizard|Heat Wave|p1a: Floette\n|-damage|p1a: Floette|0 fnt\n|faint|p1a: Floette\n|\n|win|4% skill\n|raw|Lmikyu's rating: 1159 &rarr; <strong>1138</strong><br />(-21 for losing)\n|raw|4% skill's rating: 1217 &rarr; <strong>1238</strong><br />(+21 for winning)\n",
  "uploadtime": 1775917311,
  "views": 35,
  "formatid": "gen9championsvgc2026regma",
  "rating": 1138,
  "private": 0,
  "password": null
}