{
  "id": "gen9championsvgc2026regma-2583538783",
  "format": "[Gen 9 Champions] VGC 2026 Reg M-A",
  "players": [
    "daanvstw",
    "tastytjuice"
  ],
  "log": "|j|\u2606daanvstw\n|j|\u2606tastytjuice\n|t:|1776182003\n|gametype|doubles\n|player|p1|daanvstw|n|1135\n|player|p2|tastytjuice|ethan|1192\n|gen|9\n|tier|[Gen 9 Champions] VGC 2026 Reg M-A\n|rated|\n|rule|Species Clause: Limit one of each Pok\u00e9mon\n|rule|Item Clause: Limit 1 of each item\n|clearpoke\n|poke|p1|Floette-Eternal, L50, F|\n|poke|p1|Maushold, L50|\n|poke|p1|Garchomp, L50, M|\n|poke|p1|Talonflame, L50, M|\n|poke|p1|Rotom-Wash, L50|\n|poke|p1|Aegislash, L50, M|\n|poke|p2|Tyranitar, L50, F|\n|poke|p2|Excadrill, L50, M|\n|poke|p2|Incineroar, L50, M|\n|poke|p2|Sinistcha, L50|\n|poke|p2|Rotom-Wash, L50|\n|poke|p2|Basculegion, L50, M|\n|teampreview|4\n|\n|t:|1776182041\n|teamsize|p1|4\n|teamsize|p2|4\n|start\n|switch|p1a: Floette|Floette-Eternal, L50, F|100/100\n|switch|p1b: Maushold|Maushold, L50|100/100\n|switch|p2a: Incineroar|Incineroar, L50, M|100/100\n|switch|p2b: Basculegion|Basculegion, L50, M|100/100\n|-ability|p2a: Incineroar|Intimidate|boost\n|-unboost|p1a: Floette|atk|1\n|-unboost|p1b: Maushold|atk|1\n|turn|1\n|\n|t:|1776182075\n|detailschange|p1a: Floette|Floette-Mega, L50, F\n|-mega|p1a: Floette|Floette|Floettite\n|-ability|p1a: Floette|Fairy Aura\n|move|p1b: Maushold|Protect|p1b: Maushold\n|-singleturn|p1b: Maushold|Protect\n|move|p1a: Floette|Protect|p1a: Floette\n|-singleturn|p1a: Floette|Protect\n|move|p2a: Incineroar|Fake Out|p1a: Floette\n|-activate|p1a: Floette|move: Protect\n|move|p2b: Basculegion|Flip Turn|p1b: Maushold\n|-activate|p1b: Maushold|move: Protect\n|\n|upkeep\n|turn|2\n|\n|t:|1776182112\n|move|p1b: Maushold|Follow Me|p1b: Maushold\n|-singleturn|p1b: Maushold|move: Follow Me\n|move|p2b: Basculegion|Flip Turn|p1b: Maushold\n|-damage|p1b: Maushold|52/100\n|\n|t:|1776182128\n|switch|p2b: Tyranitar|Tyranitar, L50, F, shiny|100/100|[from] Flip Turn\n|-weather|Sandstorm|[from] ability: Sand Stream|[of] p2b: Tyranitar\n|move|p1a: Floette|Calm Mind|p1a: Floette\n|-boost|p1a: Floette|spa|1\n|-boost|p1a: Floette|spd|1\n|move|p2a: Incineroar|Parting Shot|p1b: Maushold\n|-unboost|p1b: Maushold|atk|1\n|-unboost|p1b: Maushold|spa|1\n|\n|t:|1776182156\n|switch|p2a: Excadrill|Excadrill, L50, M|100/100|[from] Parting Shot\n|\n|-weather|Sandstorm|[upkeep]\n|-damage|p1b: Maushold|46/100|[from] Sandstorm\n|-damage|p1a: Floette|94/100|[from] Sandstorm\n|upkeep\n|turn|3\n|\n|t:|1776182170\n|move|p2b: Tyranitar|Protect|p2b: Tyranitar\n|-singleturn|p2b: Tyranitar|Protect\n|move|p1b: Maushold|Follow Me|p1b: Maushold\n|-singleturn|p1b: Maushold|move: Follow Me\n|move|p2a: Excadrill|Earthquake|p1b: Maushold|[spread] p1a,p1b\n|-activate|p2b: Tyranitar|move: Protect\n|-damage|p1a: Floette|63/100\n|-damage|p1b: Maushold|0 fnt\n|faint|p1b: Maushold\n|move|p1a: Floette|Dazzling Gleam|p2a: Excadrill|[spread] p2a\n|-activate|p2b: Tyranitar|move: Protect\n|-resisted|p2a: Excadrill|1\n|-damage|p2a: Excadrill|48/100\n|\n|-weather|Sandstorm|[upkeep]\n|-damage|p1a: Floette|57/100|[from] Sandstorm\n|upkeep\n|\n|t:|1776182199\n|switch|p1b: Rotom|Rotom-Wash, L50|100/100\n|turn|4\n|\n|t:|1776182224\n|switch|p2b: Incineroar|Incineroar, L50, M|100/100\n|-ability|p2b: Incineroar|Intimidate|boost\n|-unboost|p1a: Floette|atk|1\n|-unboost|p1b: Rotom|atk|1\n|move|p2a: Excadrill|Protect|p2a: Excadrill\n|-singleturn|p2a: Excadrill|Protect\n|move|p1a: Floette|Protect|p1a: Floette\n|-singleturn|p1a: Floette|Protect\n|move|p1b: Rotom|Hydro Pump|p2a: Excadrill\n|-activate|p2a: Excadrill|move: Protect\n|\n|-weather|Sandstorm|[upkeep]\n|-damage|p1a: Floette|51/100|[from] Sandstorm\n|-damage|p1b: Rotom|95/100|[from] Sandstorm\n|-damage|p2b: Incineroar|95/100|[from] Sandstorm\n|-heal|p1b: Rotom|100/100|[from] item: Leftovers\n|upkeep\n|turn|5\n|\n|t:|1776182254\n|switch|p1a: Talonflame|Talonflame, L50, M|100/100\n|move|p2b: Incineroar|Fake Out|p1b: Rotom\n|-damage|p1b: Rotom|90/100\n|move|p2a: Excadrill|Iron Head|p1a: Talonflame\n|-resisted|p1a: Talonflame|1\n|-damage|p1a: Talonflame|71/100\n|cant|p1b: Rotom|flinch\n|\n|-weather|Sandstorm|[upkeep]\n|-damage|p1a: Talonflame|65/100|[from] Sandstorm\n|-damage|p1b: Rotom|84/100|[from] Sandstorm\n|-damage|p2b: Incineroar|89/100|[from] Sandstorm\n|-heal|p1b: Rotom|90/100|[from] item: Leftovers\n|upkeep\n|turn|6\n|\n|t:|1776182280\n|switch|p2a: Basculegion|Basculegion, L50, M|100/100\n|move|p1a: Talonflame|Protect|p1a: Talonflame\n|-singleturn|p1a: Talonflame|Protect\n|move|p1b: Rotom|Hydro Pump|p2a: Basculegion|[miss]\n|-miss|p1b: Rotom|p2a: Basculegion\n|move|p2b: Incineroar|Parting Shot|p1a: Talonflame\n|-activate|p1a: Talonflame|move: Protect\n|\n|-weather|none\n|-heal|p1b: Rotom|95/100|[from] item: Leftovers\n|upkeep\n|turn|7\n|\n|t:|1776182335\n|move|p2a: Basculegion|Flip Turn|p1a: Talonflame\n|-supereffective|p1a: Talonflame|1\n|-damage|p1a: Talonflame|0 fnt\n|faint|p1a: Talonflame\n|\n|t:|1776182341\n|switch|p2a: Tyranitar|Tyranitar, L50, F, shiny|100/100|[from] Flip Turn\n|-weather|Sandstorm|[from] ability: Sand Stream|[of] p2a: Tyranitar\n|move|p1b: Rotom|Thunderbolt|p2a: Tyranitar\n|-damage|p2a: Tyranitar|76/100\n|move|p2b: Incineroar|Parting Shot|p1b: Rotom\n|-unboost|p1b: Rotom|atk|1\n|-unboost|p1b: Rotom|spa|1\n|\n|t:|1776182381\n|switch|p2b: Excadrill|Excadrill, L50, M|48/100|[from] Parting Shot\n|\n|-weather|Sandstorm|[upkeep]\n|-damage|p1b: Rotom|90/100|[from] Sandstorm\n|-heal|p1b: Rotom|95/100|[from] item: Leftovers\n|upkeep\n|\n|t:|1776182387\n|switch|p1a: Floette|Floette-Mega, L50, F|51/100\n|-ability|p1a: Floette|Fairy Aura\n|turn|8\n|\n|t:|1776182417\n|detailschange|p2a: Tyranitar|Tyranitar-Mega, L50, F, shiny\n|-mega|p2a: Tyranitar|Tyranitar|Tyranitarite\n|move|p1b: Rotom|Helping Hand|p1a: Floette\n|-singleturn|p1a: Floette|Helping Hand|[of] p1b: Rotom\n|move|p2b: Excadrill|Protect|p2b: Excadrill\n|-singleturn|p2b: Excadrill|Protect\n|move|p1a: Floette|Dazzling Gleam|p2b: Excadrill|[spread] p2a\n|-activate|p2b: Excadrill|move: Protect\n|-supereffective|p2a: Tyranitar|1\n|-damage|p2a: Tyranitar|0 fnt\n|faint|p2a: Tyranitar\n|\n|-weather|Sandstorm|[upkeep]\n|-damage|p1a: Floette|45/100|[from] Sandstorm\n|-damage|p1b: Rotom|90/100|[from] Sandstorm\n|-heal|p1b: Rotom|95/100|[from] item: Leftovers\n|upkeep\n|\n|t:|1776182430\n|switch|p2a: Incineroar|Incineroar, L50, M|89/100\n|-ability|p2a: Incineroar|Intimidate|boost\n|-unboost|p1a: Floette|atk|1\n|-unboost|p1b: Rotom|atk|1\n|turn|9\n|\n|t:|1776182444\n|move|p1a: Floette|Protect|p1a: Floette\n|-singleturn|p1a: Floette|Protect\n|move|p2a: Incineroar|Fake Out|p1b: Rotom\n|-damage|p1b: Rotom|83/100\n|move|p2b: Excadrill|Iron Head|p1a: Floette\n|-activate|p1a: Floette|move: Protect\n|cant|p1b: Rotom|flinch\n|\n|-weather|Sandstorm|[upkeep]\n|-damage|p1a: Floette|39/100|[from] Sandstorm\n|-damage|p1b: Rotom|77/100|[from] Sandstorm\n|-damage|p2a: Incineroar|83/100|[from] Sandstorm\n|-heal|p1b: Rotom|83/100|[from] item: Leftovers\n|upkeep\n|turn|10\n|\n|t:|1776182464\n|move|p1b: Rotom|Helping Hand|p1a: Floette\n|-singleturn|p1a: Floette|Helping Hand|[of] p1b: Rotom\n|move|p2b: Excadrill|Iron Head|p1a: Floette\n|-supereffective|p1a: Floette|1\n|-damage|p1a: Floette|0 fnt\n|faint|p1a: Floette\n|move|p2a: Incineroar|Flare Blitz|p1b: Rotom\n|-resisted|p1b: Rotom|1\n|-damage|p1b: Rotom|58/100\n|-damage|p2a: Incineroar|76/100|[from] Recoil\n|\n|-weather|Sandstorm|[upkeep]\n|-damage|p1b: Rotom|52/100|[from] Sandstorm\n|-damage|p2a: Incineroar|70/100|[from] Sandstorm\n|-heal|p1b: Rotom|58/100|[from] item: Leftovers\n|upkeep\n|turn|11\n|-message|daanvstw forfeited.\n|\n|win|tastytjuice\n|raw|daanvstw's rating: 1135 &rarr; <strong>1114</strong><br />(-21 for losing)\n|raw|tastytjuice's rating: 1192 &rarr; <strong>1213</strong><br />(+21 for winning)\n|c|\u2606tastytjuice|gg\n|c|\u2606daanvstw|gg\n",
  "uploadtime": 1776182489,
  "views": 43,
  "formatid": "gen9championsvgc2026regma",
  "rating": 1114,
  "private": 0,
  "password": null
}