{
  "id": "gen9championsvgc2026regma-2584011878",
  "format": "[Gen 9 Champions] VGC 2026 Reg M-A",
  "players": [
    "SageDippi",
    "rizziecheese"
  ],
  "log": "|j|\u2606SageDippi\n|j|\u2606rizziecheese\n|t:|1776216642\n|gametype|doubles\n|player|p1|SageDippi|buck|1093\n|player|p2|rizziecheese|265|1026\n|gen|9\n|tier|[Gen 9 Champions] VGC 2026 Reg M-A\n|rated|\n|rule|Species Clause: Limit one of each Pok\u00e9mon\n|rule|Item Clause: Limit 1 of each item\n|clearpoke\n|poke|p1|Froslass, L50, F|\n|poke|p1|Rotom-Frost, L50|\n|poke|p1|Garchomp, L50, M|\n|poke|p1|Empoleon, L50, M|\n|poke|p1|Kingambit, L50, M|\n|poke|p1|Incineroar, L50, M|\n|poke|p2|Sharpedo, L50, M|\n|poke|p2|Pelipper, L50, M|\n|poke|p2|Garchomp, L50, F|\n|poke|p2|Sinistcha, L50|\n|poke|p2|Aerodactyl, L50, F|\n|poke|p2|Rotom-Wash, L50|\n|teampreview|4\n|\n|t:|1776216661\n|teamsize|p1|4\n|teamsize|p2|4\n|start\n|switch|p1a: Froslass|Froslass, L50, F|100/100\n|switch|p1b: Rotom|Rotom-Frost, L50|100/100\n|switch|p2a: Aerodactyl|Aerodactyl, L50, F|100/100\n|switch|p2b: Rotom|Rotom-Wash, L50|100/100\n|-ability|p2a: Aerodactyl|Unnerve\n|turn|1\n|\n|t:|1776216677\n|detailschange|p1a: Froslass|Froslass-Mega, L50, F\n|-mega|p1a: Froslass|Froslass|Froslassite\n|-weather|Snowscape|[from] ability: Snow Warning|[of] p1a: Froslass\n|move|p1b: Rotom|Electroweb|p2b: Rotom|[spread] p2a,p2b\n|-supereffective|p2a: Aerodactyl|1\n|-damage|p2a: Aerodactyl|43/100\n|-damage|p2b: Rotom|86/100\n|-unboost|p2a: Aerodactyl|spe|1\n|-unboost|p2b: Rotom|spe|1\n|move|p1a: Froslass|Blizzard|p2a: Aerodactyl|[spread] p2a,p2b\n|-supereffective|p2a: Aerodactyl|1\n|-resisted|p2b: Rotom|1\n|-damage|p2a: Aerodactyl|0 fnt\n|-damage|p2b: Rotom|69/100\n|faint|p2a: Aerodactyl\n|move|p2b: Rotom|Electroweb|p1b: Rotom|[spread] p1a,p1b\n|-resisted|p1b: Rotom|1\n|-damage|p1a: Froslass|83/100\n|-damage|p1b: Rotom|91/100\n|-unboost|p1a: Froslass|spe|1\n|-unboost|p1b: Rotom|spe|1\n|\n|-weather|Snowscape|[upkeep]\n|upkeep\n|\n|t:|1776216691\n|switch|p2a: Sharpedo|Sharpedo, L50, M|100/100\n|turn|2\n|\n|t:|1776216700\n|move|p2a: Sharpedo|Protect|p2a: Sharpedo\n|-singleturn|p2a: Sharpedo|Protect\n|move|p1a: Froslass|Protect|p1a: Froslass\n|-singleturn|p1a: Froslass|Protect\n|move|p1b: Rotom|Electroweb|p2b: Rotom|[spread] p2b\n|-activate|p2a: Sharpedo|move: Protect\n|-damage|p2b: Rotom|55/100\n|-unboost|p2b: Rotom|spe|1\n|move|p2b: Rotom|Hydro Pump|p1b: Rotom\n|-damage|p1b: Rotom|34/100\n|\n|-weather|Snowscape|[upkeep]\n|-ability|p2a: Sharpedo|Speed Boost|boost\n|-boost|p2a: Sharpedo|spe|1\n|upkeep\n|turn|3\n|\n|t:|1776216722\n|switch|p1a: Garchomp|Garchomp, L50, M|100/100\n|detailschange|p2a: Sharpedo|Sharpedo-Mega, L50, M\n|-mega|p2a: Sharpedo|Sharpedo|Sharpedonite\n|move|p2a: Sharpedo|Crunch|p1a: Garchomp\n|-damage|p1a: Garchomp|22/100\n|-damage|p2a: Sharpedo|88/100|[from] ability: Rough Skin|[of] p1a: Garchomp\n|move|p1b: Rotom|Electroweb|p2b: Rotom|[spread] p2a,p2b\n|-supereffective|p2a: Sharpedo|1\n|-crit|p2b: Rotom\n|-damage|p2a: Sharpedo|27/100\n|-damage|p2b: Rotom|31/100\n|-unboost|p2a: Sharpedo|spe|1\n|-unboost|p2b: Rotom|spe|1\n|-enditem|p2b: Rotom|Sitrus Berry|[eat]\n|-heal|p2b: Rotom|56/100|[from] item: Sitrus Berry\n|move|p2b: Rotom|Hydro Pump|p1b: Rotom\n|-damage|p1b: Rotom|0 fnt\n|faint|p1b: Rotom\n|\n|-weather|Snowscape|[upkeep]\n|upkeep\n|\n|t:|1776216746\n|switch|p1b: Kingambit|Kingambit, L50, M|100/100\n|turn|4\n|j| ralex69\n|\n|t:|1776216770\n|move|p2a: Sharpedo|Protect|p2a: Sharpedo\n|-singleturn|p2a: Sharpedo|Protect\n|move|p1b: Kingambit|Sucker Punch|p2b: Rotom\n|-damage|p2b: Rotom|17/100\n|move|p1a: Garchomp|Rock Slide|p2b: Rotom|[spread] p2b\n|-activate|p2a: Sharpedo|move: Protect\n|-crit|p2b: Rotom\n|-damage|p2b: Rotom|0 fnt\n|faint|p2b: Rotom\n|\n|-weather|Snowscape|[upkeep]\n|upkeep\n|\n|t:|1776216776\n|switch|p2b: Sinistcha|Sinistcha, L50|100/100\n|-heal|p2a: Sharpedo|52/100|[from] ability: Hospitality|[of] p2b: Sinistcha\n|turn|5\n|\n|t:|1776216793\n|move|p1b: Kingambit|Sucker Punch|p2a: Sharpedo\n|-resisted|p2a: Sharpedo|1\n|-damage|p2a: Sharpedo|24/100\n|move|p1a: Garchomp|Rock Slide|p2a: Sharpedo|[spread] p2a,p2b\n|-damage|p2a: Sharpedo|0 fnt\n|-damage|p2b: Sinistcha|84/100\n|faint|p2a: Sharpedo\n|cant|p2b: Sinistcha|flinch\n|\n|-weather|none\n|upkeep\n|turn|6\n|\n|t:|1776216806\n|move|p1a: Garchomp|Dragon Claw|p2b: Sinistcha\n|-damage|p2b: Sinistcha|49/100\n|move|p1b: Kingambit|Iron Head|p2b: Sinistcha\n|-damage|p2b: Sinistcha|13/100\n|move|p2b: Sinistcha|Matcha Gotcha|p1a: Garchomp|[spread] p1a,p1b\n|-resisted|p1b: Kingambit|1\n|-damage|p1a: Garchomp|0 fnt\n|-heal|p2b: Sinistcha|25/100|[from] drain|[of] p1a: Garchomp\n|-damage|p1b: Kingambit|88/100\n|-heal|p2b: Sinistcha|31/100|[from] drain|[of] p1b: Kingambit\n|faint|p1a: Garchomp\n|\n|upkeep\n|\n|t:|1776216812\n|switch|p1a: Froslass|Froslass-Mega, L50, F|83/100\n|-weather|Snowscape|[from] ability: Snow Warning|[of] p1a: Froslass\n|turn|7\n|\n|t:|1776216818\n|move|p1a: Froslass|Blizzard|p2b: Sinistcha\n|-supereffective|p2b: Sinistcha|1\n|-damage|p2b: Sinistcha|0 fnt\n|faint|p2b: Sinistcha\n|\n|win|SageDippi\n|raw|SageDippi's rating: 1093 &rarr; <strong>1114</strong><br />(+21 for winning)\n|raw|rizziecheese's rating: 1026 &rarr; <strong>1015</strong><br />(-11 for losing)\n|l|\u2606rizziecheese\n|player|p2|\n",
  "uploadtime": 1776216825,
  "views": 15,
  "formatid": "gen9championsvgc2026regma",
  "rating": 1015,
  "private": 0,
  "password": null
}