{
  "id": "gen9championsvgc2026regma-2587555161",
  "format": "[Gen 9 Champions] VGC 2026 Reg M-A",
  "players": [
    "iFrozenShadow",
    "bondageofthewill"
  ],
  "log": "|j|\u2606iFrozenShadow\n|j|\u2606bondageofthewill\n|t:|1776541886\n|gametype|doubles\n|player|p1|iFrozenShadow|170|1430\n|player|p2|bondageofthewill|169|1452\n|gen|9\n|tier|[Gen 9 Champions] VGC 2026 Reg M-A\n|rated|\n|rule|Species Clause: Limit one of each Pok\u00e9mon\n|rule|Item Clause: Limit 1 of each item\n|clearpoke\n|poke|p1|Gengar, L50, F, shiny|\n|poke|p1|Whimsicott, L50, M|\n|poke|p1|Incineroar, L50, F|\n|poke|p1|Basculegion, L50, M, shiny|\n|poke|p1|Tyranitar, L50, F|\n|poke|p1|Corviknight, L50, M|\n|poke|p2|Incineroar, L50, M|\n|poke|p2|Farigiraf, L50, F|\n|poke|p2|Blastoise, L50, M|\n|poke|p2|Sinistcha, L50|\n|poke|p2|Sneasler, L50, M|\n|poke|p2|Raichu, L50, M|\n|teampreview|4\n|\n|t:|1776541939\n|teamsize|p1|4\n|teamsize|p2|4\n|start\n|switch|p1a: Basculegion|Basculegion, L50, M, shiny|100/100\n|switch|p1b: Gengar|Gengar, L50, F, shiny|100/100\n|switch|p2a: Blastoise|Blastoise, L50, M|100/100\n|switch|p2b: Incineroar|Incineroar, L50, M|100/100\n|-ability|p2b: Incineroar|Intimidate|boost\n|-unboost|p1a: Basculegion|atk|1\n|-unboost|p1b: Gengar|atk|1\n|turn|1\n|j| Garderoar\n|\n|t:|1776541960\n|switch|p2b: Sinistcha|Sinistcha, L50|100/100\n|detailschange|p1b: Gengar|Gengar-Mega, L50, F, shiny\n|-mega|p1b: Gengar|Gengar|Gengarite\n|detailschange|p2a: Blastoise|Blastoise-Mega, L50, M\n|-mega|p2a: Blastoise|Blastoise|Blastoisinite\n|move|p1b: Gengar|Protect|p1b: Gengar\n|-singleturn|p1b: Gengar|Protect\n|move|p1a: Basculegion|Flip Turn|p2b: Sinistcha\n|-resisted|p2b: Sinistcha|1\n|-damage|p2b: Sinistcha|87/100\n|\n|t:|1776541969\n|switch|p1a: Whimsicott|Whimsicott, L50, M|100/100|[from] Flip Turn\n|move|p2a: Blastoise|Dark Pulse|p1b: Gengar\n|-activate|p1b: Gengar|move: Protect\n|\n|-heal|p2b: Sinistcha|93/100|[from] item: Leftovers\n|upkeep\n|turn|2\n|l| Garderoar\n|\n|t:|1776542018\n|switch|p1b: Incineroar|Incineroar, L50, F|100/100\n|-ability|p1b: Incineroar|Intimidate|boost\n|-unboost|p2a: Blastoise|atk|1\n|-unboost|p2b: Sinistcha|atk|1\n|switch|p2b: Incineroar|Incineroar, L50, M|100/100\n|-ability|p2b: Incineroar|Intimidate|boost\n|-unboost|p1a: Whimsicott|atk|1\n|-unboost|p1b: Incineroar|atk|1\n|move|p1a: Whimsicott|Moonblast|p2a: Blastoise\n|-damage|p2a: Blastoise|76/100\n|move|p2a: Blastoise|Dark Pulse|p1b: Incineroar\n|-resisted|p1b: Incineroar|1\n|-damage|p1b: Incineroar|81/100\n|\n|upkeep\n|turn|3\n|\n|t:|1776542053\n|switch|p1a: Basculegion|Basculegion, L50, M, shiny|100/100\n|switch|p2b: Sinistcha|Sinistcha, L50|93/100\n|-heal|p2a: Blastoise|100/100|[from] ability: Hospitality|[of] p2b: Sinistcha\n|move|p1b: Incineroar|Fake Out|p2a: Blastoise\n|-crit|p2a: Blastoise\n|-damage|p2a: Blastoise|83/100\n|cant|p2a: Blastoise|flinch\n|\n|-heal|p2b: Sinistcha|99/100|[from] item: Leftovers\n|upkeep\n|turn|4\n|j| Choklit Milk\n|\n|t:|1776542090\n|switch|p2b: Incineroar|Incineroar, L50, M|100/100\n|-ability|p2b: Incineroar|Intimidate|boost\n|-unboost|p1a: Basculegion|atk|1\n|-unboost|p1b: Incineroar|atk|1\n|move|p1a: Basculegion|Flip Turn|p2b: Incineroar\n|-supereffective|p2b: Incineroar|1\n|-damage|p2b: Incineroar|49/100\n|-enditem|p2b: Incineroar|Sitrus Berry|[eat]\n|-heal|p2b: Incineroar|74/100|[from] item: Sitrus Berry\n|\n|t:|1776542097\n|switch|p1a: Whimsicott|Whimsicott, L50, M|100/100|[from] Flip Turn\n|move|p2a: Blastoise|Water Pulse|p1b: Incineroar\n|-supereffective|p1b: Incineroar|1\n|-damage|p1b: Incineroar|0 fnt\n|faint|p1b: Incineroar\n|\n|upkeep\n|l| Choklit Milk\n|\n|t:|1776542110\n|switch|p1b: Gengar|Gengar-Mega, L50, F, shiny|100/100\n|turn|5\n|\n|t:|1776542135\n|move|p1a: Whimsicott|Protect|p1a: Whimsicott\n|-singleturn|p1a: Whimsicott|Protect\n|move|p1b: Gengar|Protect|p1b: Gengar\n|-singleturn|p1b: Gengar|Protect\n|move|p2a: Blastoise|Dark Pulse|p1b: Gengar\n|-activate|p1b: Gengar|move: Protect\n|move|p2b: Incineroar|Darkest Lariat|p1b: Gengar\n|-activate|p1b: Gengar|move: Protect\n|\n|upkeep\n|turn|6\n|\n|t:|1776542174\n|move|p1b: Gengar|Disable|p2a: Blastoise\n|-start|p2a: Blastoise|Disable|Dark Pulse\n|move|p1a: Whimsicott|Moonblast|p2a: Blastoise\n|-damage|p2a: Blastoise|59/100\n|cant|p2a: Blastoise|Disable|Dark Pulse\n|move|p2b: Incineroar|Flare Blitz|p1a: Whimsicott\n|-supereffective|p1a: Whimsicott|1\n|-enditem|p1a: Whimsicott|Focus Sash\n|-damage|p1a: Whimsicott|1/100\n|-damage|p2b: Incineroar|47/100|[from] Recoil\n|\n|upkeep\n|turn|7\n|\n|t:|1776542206\n|move|p1a: Whimsicott|Encore|p2a: Blastoise\n|-start|p2a: Blastoise|Encore\n|move|p1b: Gengar|Sludge Bomb|p2b: Incineroar\n|-damage|p2b: Incineroar|3/100\n|cant|p2a: Blastoise|Disable|Dark Pulse\n|move|p2b: Incineroar|Darkest Lariat|p1b: Gengar\n|-supereffective|p1b: Gengar|1\n|-damage|p1b: Gengar|0 fnt\n|faint|p1b: Gengar\n|\n|upkeep\n|-message|iFrozenShadow forfeited.\n|\n|win|bondageofthewill\n|raw|iFrozenShadow's rating: 1430 &rarr; <strong>1411</strong><br />(-19 for losing)\n|raw|bondageofthewill's rating: 1452 &rarr; <strong>1471</strong><br />(+19 for winning)\n|l|\u2606iFrozenShadow\n|player|p1|\n",
  "uploadtime": 1776542231,
  "views": 26,
  "formatid": "gen9championsvgc2026regma",
  "rating": 1411,
  "private": 0,
  "password": null
}