{
  "id": "gen9championsvgc2026regma-2581903586",
  "format": "[Gen 9 Champions] VGC 2026 Reg M-A",
  "players": [
    "PaintMakesArt",
    "YaOctoBoi"
  ],
  "log": "|j|\u2606PaintMakesArt\n|j|\u2606YaOctoBoi\n|t:|1776038325\n|gametype|doubles\n|player|p1|PaintMakesArt|canari|\n|player|p2|YaOctoBoi|depotagent|\n|gen|9\n|tier|[Gen 9 Champions] VGC 2026 Reg M-A\n|rule|Species Clause: Limit one of each Pok\u00e9mon\n|rule|Item Clause: Limit 1 of each item\n|clearpoke\n|poke|p1|Aggron, L50, M|\n|poke|p1|Sneasler, L50, M|\n|poke|p1|Basculegion, L50, M|\n|poke|p1|Ceruledge, L50, F|\n|poke|p1|Farigiraf, L50, F|\n|poke|p1|Kingambit, L50, F|\n|poke|p2|Pelipper, L50, M|\n|poke|p2|Dragonite, L50, M|\n|poke|p2|Archaludon, L50, M|\n|poke|p2|Rotom-Wash, L50|\n|poke|p2|Sneasler, L50, F|\n|poke|p2|Kingambit, L50, M|\n|teampreview|4\n|c|\u2606PaintMakesArt|the wall shall prevail\n|c|\u2606YaOctoBoi|now paintra. if i see farig aggron. i will scream.\n|c|\u2606PaintMakesArt|:)\n|\n|t:|1776038359\n|teamsize|p1|4\n|teamsize|p2|4\n|start\n|switch|p1a: Sneasler|Sneasler, L50, M|100/100\n|switch|p1b: THE WALL|Aggron, L50, M, shiny|100/100\n|switch|p2a: patches|Pelipper, L50, M|100/100\n|switch|p2b: mr electric|Rotom-Wash, L50|100/100\n|-weather|RainDance|[from] ability: Drizzle|[of] p2a: patches\n|turn|1\n|c|\u2606YaOctoBoi|Worse.\n|\n|t:|1776038384\n|detailschange|p1b: THE WALL|Aggron-Mega, L50, M, shiny\n|-mega|p1b: THE WALL|Aggron|Aggronite\n|move|p2a: patches|Protect|p2a: patches\n|-singleturn|p2a: patches|Protect\n|move|p1a: Sneasler|Fake Out|p2b: mr electric\n|-damage|p2b: mr electric|81/100\n|-status|p2b: mr electric|psn|[from] ability: Poison Touch|[of] p1a: Sneasler\n|cant|p2b: mr electric|flinch\n|move|p1b: THE WALL|Iron Defense|p1b: THE WALL\n|-boost|p1b: THE WALL|def|2\n|\n|-weather|RainDance|[upkeep]\n|-damage|p2b: mr electric|69/100 psn|[from] psn\n|upkeep\n|turn|2\n|c|\u2606PaintMakesArt|:)))\n|\n|t:|1776038407\n|move|p2b: mr electric|Trick|p1a: Sneasler\n|-activate|p2b: mr electric|move: Trick|[of] p1a: Sneasler\n|-item|p1a: Sneasler|Choice Scarf|[from] move: Trick\n|-item|p2b: mr electric|Poison Barb|[from] move: Trick\n|move|p1a: Sneasler|U-turn|p2a: patches\n|-resisted|p2a: patches|1\n|-damage|p2a: patches|87/100\n|\n|t:|1776038412\n|switch|p1a: Farigiraf|Farigiraf, L50, F|100/100|[from] U-turn\n|move|p2a: patches|Weather Ball|p1b: THE WALL\n|-damage|p1b: THE WALL|27/100\n|move|p1b: THE WALL|Body Press|p2b: mr electric\n|-damage|p2b: mr electric|0 fnt\n|faint|p2b: mr electric\n|\n|-weather|RainDance|[upkeep]\n|upkeep\n|c|\u2606YaOctoBoi|what\n|c|\u2606YaOctoBoi|wait what\n|c|\u2606PaintMakesArt|HOLY READ\n|c|\u2606YaOctoBoi|okay. i think choice scarf is brokey.\n|c|\u2606YaOctoBoi|that or im stupid\n|c|\u2606PaintMakesArt|yea probably idk tho\n|\n|t:|1776038462\n|switch|p2b: udon|Dragonite, L50, M|100/100\n|turn|3\n|c|\u2606PaintMakesArt|maybe they changed ghow it works ?\n|\n|t:|1776038473\n|switch|p1b: Basculegion|Basculegion, L50, M|100/100\n|detailschange|p2b: udon|Dragonite-Mega, L50, M\n|-mega|p2b: udon|Dragonite|Dragoninite\n|move|p2b: udon|Protect|p2b: udon\n|-singleturn|p2b: udon|Protect\n|move|p2a: patches|Weather Ball|p1b: Basculegion\n|-resisted|p1b: Basculegion|1\n|-damage|p1b: Basculegion|64/100\n|move|p1a: Farigiraf|Thunder Wave|p2a: patches\n|-status|p2a: patches|par\n|\n|-weather|RainDance|[upkeep]\n|upkeep\n|turn|4\n|c|\u2606YaOctoBoi|again. i might be stupid.\n|\n|t:|1776038502\n|move|p1b: Basculegion|Flip Turn|p2b: udon\n|-resisted|p2b: udon|1\n|-damage|p2b: udon|86/100\n|\n|t:|1776038506\n|switch|p1b: Sneasler|Sneasler, L50, M|100/100|[from] Flip Turn\n|move|p2b: udon|Thunder|p1b: Sneasler\n|-damage|p1b: Sneasler|37/100\n|move|p1a: Farigiraf|Reflect|p1a: Farigiraf\n|-sidestart|p1: PaintMakesArt|Reflect\n|move|p2a: patches|Weather Ball|p1a: Farigiraf\n|-damage|p1a: Farigiraf|46/100\n|\n|-weather|RainDance|[upkeep]\n|-heal|p1a: Farigiraf|52/100|[from] item: Leftovers\n|upkeep\n|turn|5\n|\n|t:|1776038530\n|move|p1b: Sneasler|Fake Out|p2a: patches\n|-damage|p2a: patches|72/100 par\n|move|p2b: udon|Hurricane|p1a: Farigiraf\n|-damage|p1a: Farigiraf|0 fnt\n|faint|p1a: Farigiraf\n|cant|p2a: patches|flinch\n|\n|-weather|none\n|upkeep\n|c|\u2606PaintMakesArt|im so dumb omg\n|\n|t:|1776038539\n|switch|p1a: Basculegion|Basculegion, L50, M|64/100\n|turn|6\n|\n|t:|1776038563\n|move|p2a: patches|Protect|p2a: patches\n|-singleturn|p2a: patches|Protect\n|-activate|p1b: Sneasler|move: Struggle\n|move|p1b: Sneasler|Struggle|p2a: patches\n|-activate|p2a: patches|move: Protect\n|move|p1a: Basculegion|Last Respects|p2b: udon\n|-damage|p2b: udon|21/100\n|move|p2b: udon|Thunder|p1a: Basculegion|[miss]\n|-miss|p2b: udon|p1a: Basculegion\n|\n|upkeep\n|turn|7\n|c|\u2606YaOctoBoi|okay so im killing myself.\n|c|\u2606PaintMakesArt|accuracy my goat ....\n|c|\u2606PaintMakesArt|how mad would u be if i ran sand veil bright powder chomp with ttar\n|\n|t:|1776038616\n|switch|p2b: biiig stretch|Sneasler, L50, F|100/100\n|-activate|p1b: Sneasler|move: Struggle\n|move|p1b: Sneasler|Struggle|p2b: biiig stretch\n|-damage|p2b: biiig stretch|65/100\n|-damage|p1b: Sneasler|13/100|[from] recoil\n|move|p1a: Basculegion|Last Respects|p2a: patches\n|-damage|p2a: patches|1/100 par\n|-enditem|p2a: patches|Sitrus Berry|[eat]\n|-heal|p2a: patches|26/100 par|[from] item: Sitrus Berry\n|move|p2a: patches|Hurricane|p1a: Basculegion\n|-damage|p1a: Basculegion|15/100\n|-start|p1a: Basculegion|confusion\n|\n|upkeep\n|turn|8\n|\n|t:|1776038641\n|move|p2b: biiig stretch|Fake Out|p1b: Sneasler\n|-damage|p1b: Sneasler|0 fnt\n|faint|p1b: Sneasler\n|-activate|p1a: Basculegion|confusion\n|move|p1a: Basculegion|Last Respects|p2b: biiig stretch\n|-damage|p2b: biiig stretch|0 fnt\n|faint|p2b: biiig stretch\n|move|p2a: patches|Hurricane|p1a: Basculegion\n|-damage|p1a: Basculegion|0 fnt\n|faint|p1a: Basculegion\n|\n|-sideend|p1: PaintMakesArt|Reflect\n|upkeep\n|c|\u2606YaOctoBoi|you are an evil being...\n|\n|t:|1776038656\n|switch|p1b: THE WALL|Aggron-Mega, L50, M, shiny|27/100\n|switch|p2b: udon|Dragonite-Mega, L50, M|21/100\n|turn|9\n|c|\u2606PaintMakesArt|:)\n|c|\u2606PaintMakesArt|alr gg\n|c|\u2606PaintMakesArt|the wall is walled\n|\n|t:|1776038677\n|move|p2b: udon|Ice Beam|p1b: THE WALL\n|-resisted|p1b: THE WALL|1\n|-damage|p1b: THE WALL|6/100\n|move|p1b: THE WALL|Body Press|p2b: udon\n|-resisted|p2b: udon|1\n|-damage|p2b: udon|0 fnt\n|faint|p2b: udon\n|move|p2a: patches|Hurricane|p1b: THE WALL\n|-resisted|p1b: THE WALL|1\n|-damage|p1b: THE WALL|0 fnt\n|faint|p1b: THE WALL\n|\n|win|YaOctoBoi\n|c|\u2606YaOctoBoi|for the culture\n|c|\u2606YaOctoBoi|dang\n|c|\u2606YaOctoBoi|ggs\n",
  "uploadtime": 1776038697,
  "views": 12,
  "formatid": "gen9championsvgc2026regma",
  "rating": null,
  "private": 0,
  "password": null
}