{
  "id": "gen9championsvgc2026regma-2586445347",
  "format": "[Gen 9 Champions] VGC 2026 Reg M-A",
  "players": [
    "StrawberryBalloons",
    "Irbis111"
  ],
  "log": "|j|\u203dStrawberryBalloons\n|j|\u2606Irbis111\n|t:|1776435190\n|gametype|doubles\n|player|p1|StrawberryBalloons|fisherman-gen4|1286\n|player|p2|Irbis111|alder|1341\n|gen|9\n|tier|[Gen 9 Champions] VGC 2026 Reg M-A\n|rated|\n|rule|Species Clause: Limit one of each Pok\u00e9mon\n|rule|Item Clause: Limit 1 of each item\n|clearpoke\n|poke|p1|Sinistcha, L50|\n|poke|p1|Incineroar, L50, F|\n|poke|p1|Aggron, L50, M|\n|poke|p1|Milotic, L50, F|\n|poke|p1|Sneasler, L50, F|\n|poke|p1|Starmie, L50|\n|poke|p2|Floette-Eternal, L50, F|\n|poke|p2|Garchomp, L50, M|\n|poke|p2|Kingambit, L50, F|\n|poke|p2|Basculegion, L50, M|\n|poke|p2|Sneasler, L50, M|\n|poke|p2|Froslass, L50, F|\n|teampreview|4\n|inactive|Battle timer is ON: inactive players will automatically lose when time's up. (requested by StrawberryBalloons)\n|inactive|StrawberryBalloons has 60 seconds left.\n|inactive|Irbis111 has 60 seconds left.\n|\n|t:|1776435228\n|teamsize|p1|4\n|teamsize|p2|4\n|start\n|switch|p1a: Incineroar|Incineroar, L50, F|100/100\n|switch|p1b: Starmie|Starmie, L50|100/100\n|switch|p2a: Floette|Floette-Eternal, L50, F|100/100\n|switch|p2b: Kingambit|Kingambit, L50, F|100/100\n|-ability|p1a: Incineroar|Intimidate|boost\n|-unboost|p2a: Floette|atk|1\n|-unboost|p2b: Kingambit|atk|1\n|-ability|p2b: Kingambit|Defiant|boost\n|-boost|p2b: Kingambit|atk|2\n|turn|1\n|\n|t:|1776435249\n|detailschange|p1b: Starmie|Starmie-Mega, L50\n|-mega|p1b: Starmie|Starmie|Starminite\n|detailschange|p2a: Floette|Floette-Mega, L50, F\n|-mega|p2a: Floette|Floette|Floettite\n|-ability|p2a: Floette|Fairy Aura\n|move|p2b: Kingambit|Protect|p2b: Kingambit\n|-singleturn|p2b: Kingambit|Protect\n|move|p1b: Starmie|Minimize|p1b: Starmie\n|-boost|p1b: Starmie|evasion|2\n|move|p2a: Floette|Dazzling Gleam|p1a: Incineroar|[spread] p1a,p1b\n|-crit|p1b: Starmie\n|-damage|p1a: Incineroar|67/100\n|-damage|p1b: Starmie|6/100\n|move|p1a: Incineroar|Close Combat|p2b: Kingambit\n|-activate|p2b: Kingambit|move: Protect\n|\n|upkeep\n|turn|2\n|\n|t:|1776435268\n|switch|p2b: Basculegion|Basculegion, L50, M|100/100\n|move|p1b: Starmie|Minimize|p1b: Starmie\n|-boost|p1b: Starmie|evasion|2\n|move|p2a: Floette|Dazzling Gleam|p1b: Starmie|[spread] p1a\n|-miss|p2a: Floette|p1b: Starmie\n|-damage|p1a: Incineroar|30/100\n|move|p1a: Incineroar|Close Combat|p2b: Basculegion\n|-immune|p2b: Basculegion\n|\n|upkeep\n|turn|3\n|\n|t:|1776435292\n|switch|p1a: Sinistcha|Sinistcha, L50|100/100\n|-heal|p1b: Starmie|31/100|[from] ability: Hospitality|[of] p1a: Sinistcha\n|move|p2b: Basculegion|Aqua Jet|p1b: Starmie|[miss]\n|-miss|p2b: Basculegion|p1b: Starmie\n|move|p1b: Starmie|Liquidation|p2a: Floette\n|-damage|p2a: Floette|12/100\n|-unboost|p2a: Floette|def|1\n|move|p2a: Floette|Dazzling Gleam|p1a: Sinistcha|[spread] p1a,p1b\n|-crit|p1a: Sinistcha\n|-damage|p1a: Sinistcha|19/100\n|-damage|p1b: Starmie|0 fnt\n|faint|p1b: Starmie\n|\n|upkeep\n|\n|t:|1776435305\n|switch|p1b: Incineroar|Incineroar, L50, F|30/100\n|-ability|p1b: Incineroar|Intimidate|boost\n|-unboost|p2a: Floette|atk|1\n|-unboost|p2b: Basculegion|atk|1\n|turn|4\n|\n|t:|1776435321\n|move|p1b: Incineroar|Fake Out|p2a: Floette\n|-damage|p2a: Floette|0 fnt\n|faint|p2a: Floette\n|move|p2b: Basculegion|Aqua Jet|p1b: Incineroar\n|-supereffective|p1b: Incineroar|1\n|-damage|p1b: Incineroar|0 fnt\n|faint|p1b: Incineroar\n|move|p1a: Sinistcha|Matcha Gotcha|p2b: Basculegion\n|-supereffective|p2b: Basculegion|1\n|-damage|p2b: Basculegion|10/100\n|-heal|p1a: Sinistcha|74/100|[from] drain|[of] p2b: Basculegion\n|-enditem|p2b: Basculegion|Sitrus Berry|[eat]\n|-heal|p2b: Basculegion|35/100|[from] item: Sitrus Berry\n|\n|upkeep\n|\n|t:|1776435336\n|switch|p2a: Kingambit|Kingambit, L50, F|100/100\n|switch|p1b: Milotic|Milotic, L50, F|100/100\n|turn|5\n|\n|t:|1776435345\n|move|p2b: Basculegion|Protect|p2b: Basculegion\n|-singleturn|p2b: Basculegion|Protect\n|move|p1b: Milotic|Coil|p1b: Milotic\n|-boost|p1b: Milotic|atk|1\n|-boost|p1b: Milotic|def|1\n|-boost|p1b: Milotic|accuracy|1\n|move|p1a: Sinistcha|Matcha Gotcha|p2a: Kingambit|[spread] p2a\n|-activate|p2b: Basculegion|move: Protect\n|-resisted|p2a: Kingambit|1\n|-damage|p2a: Kingambit|86/100\n|-heal|p1a: Sinistcha|83/100|[from] drain|[of] p2a: Kingambit\n|-status|p2a: Kingambit|brn\n|move|p2a: Kingambit|Kowtow Cleave|p1a: Sinistcha\n|-supereffective|p1a: Sinistcha|1\n|-damage|p1a: Sinistcha|36/100\n|\n|-damage|p2a: Kingambit|80/100 brn|[from] brn\n|upkeep\n|turn|6\n|inactive|Irbis111 has 30 seconds left.\n|\n|t:|1776435376\n|switch|p2b: Gilbert|Garchomp, L50, M|100/100\n|move|p1b: Milotic|Coil|p1b: Milotic\n|-boost|p1b: Milotic|atk|1\n|-boost|p1b: Milotic|def|1\n|-boost|p1b: Milotic|accuracy|1\n|move|p1a: Sinistcha|Matcha Gotcha|p2a: Kingambit|[spread] p2a,p2b\n|-resisted|p2a: Kingambit|1\n|-damage|p2a: Kingambit|64/100 brn\n|-heal|p1a: Sinistcha|46/100|[from] drain|[of] p2a: Kingambit\n|-damage|p2b: Gilbert|67/100\n|-heal|p1a: Sinistcha|67/100|[from] drain|[of] p2b: Gilbert\n|move|p2a: Kingambit|Kowtow Cleave|p1a: Sinistcha\n|-supereffective|p1a: Sinistcha|1\n|-damage|p1a: Sinistcha|20/100\n|\n|-damage|p2a: Kingambit|58/100 brn|[from] brn\n|upkeep\n|turn|7\n|inactive|StrawberryBalloons has 30 seconds left.\n|inactive|Irbis111 has 30 seconds left.\n|\n|t:|1776435406\n|move|p2b: Gilbert|Rock Slide|p1a: Sinistcha|[spread] p1a,p1b\n|-damage|p1a: Sinistcha|3/100\n|-damage|p1b: Milotic|91/100\n|move|p1b: Milotic|Coil|p1b: Milotic\n|-boost|p1b: Milotic|atk|1\n|-boost|p1b: Milotic|def|1\n|-boost|p1b: Milotic|accuracy|1\n|move|p1a: Sinistcha|Matcha Gotcha|p2b: Gilbert|[spread] p2b\n|-miss|p1a: Sinistcha|p2a: Kingambit\n|-damage|p2b: Gilbert|36/100\n|-heal|p1a: Sinistcha|21/100|[from] drain|[of] p2b: Gilbert\n|-status|p2b: Gilbert|brn\n|move|p2a: Kingambit|Kowtow Cleave|p1a: Sinistcha\n|-supereffective|p1a: Sinistcha|1\n|-damage|p1a: Sinistcha|0 fnt\n|faint|p1a: Sinistcha\n|\n|-heal|p1b: Milotic|97/100|[from] item: Leftovers\n|-damage|p2b: Gilbert|30/100 brn|[from] brn\n|-damage|p2a: Kingambit|52/100 brn|[from] brn\n|upkeep\n|turn|8\n|inactive|Irbis111 has 30 seconds left.\n|\n|t:|1776435435\n|move|p2b: Gilbert|Dragon Claw|p1b: Milotic\n|-damage|p1b: Milotic|88/100\n|move|p1b: Milotic|Coil|p1b: Milotic\n|-boost|p1b: Milotic|atk|1\n|-boost|p1b: Milotic|def|1\n|-boost|p1b: Milotic|accuracy|1\n|move|p2a: Kingambit|Low Kick|p1b: Milotic\n|-damage|p1b: Milotic|82/100\n|\n|-heal|p1b: Milotic|88/100|[from] item: Leftovers\n|-damage|p2b: Gilbert|24/100 brn|[from] brn\n|-damage|p2a: Kingambit|46/100 brn|[from] brn\n|upkeep\n|turn|9\n|\n|t:|1776435454\n|switch|p2a: Basculegion|Basculegion, L50, M|35/100\n|move|p2b: Gilbert|Dragon Claw|p1b: Milotic\n|-damage|p1b: Milotic|80/100\n|move|p1b: Milotic|Draining Kiss|p2a: Basculegion\n|-damage|p2a: Basculegion|23/100\n|-heal|p1b: Milotic|90/100|[from] drain|[of] p2a: Basculegion\n|\n|-heal|p1b: Milotic|96/100|[from] item: Leftovers\n|-damage|p2b: Gilbert|18/100 brn|[from] brn\n|upkeep\n|turn|10\n|\n|t:|1776435474\n|move|p2b: Gilbert|Dragon Claw|p1b: Milotic\n|-damage|p1b: Milotic|89/100\n|move|p1b: Milotic|Draining Kiss|p2a: Basculegion\n|-damage|p2a: Basculegion|10/100\n|-heal|p1b: Milotic|99/100|[from] drain|[of] p2a: Basculegion\n|move|p2a: Basculegion|Last Respects|p1b: Milotic\n|-damage|p1b: Milotic|73/100\n|\n|-heal|p1b: Milotic|79/100|[from] item: Leftovers\n|-damage|p2b: Gilbert|12/100 brn|[from] brn\n|upkeep\n|turn|11\n|inactive|Irbis111 has 30 seconds left.\n|inactive|Irbis111 has 20 seconds left.\n|inactive|Irbis111 has 15 seconds left.\n|\n|t:|1776435517\n|switch|p2a: Kingambit|Kingambit, L50, F|46/100 brn\n|move|p2b: Gilbert|Dragon Claw|p1b: Milotic\n|-damage|p1b: Milotic|72/100\n|move|p1b: Milotic|Draining Kiss|p2a: Kingambit\n|-damage|p2a: Kingambit|34/100 brn\n|-heal|p1b: Milotic|81/100|[from] drain|[of] p2a: Kingambit\n|\n|-heal|p1b: Milotic|87/100|[from] item: Leftovers\n|-damage|p2b: Gilbert|6/100 brn|[from] brn\n|-damage|p2a: Kingambit|29/100 brn|[from] brn\n|upkeep\n|turn|12\n|\n|t:|1776435537\n|move|p2b: Gilbert|Dragon Claw|p1b: Milotic\n|-damage|p1b: Milotic|81/100\n|move|p1b: Milotic|Draining Kiss|p2a: Kingambit\n|-damage|p2a: Kingambit|15/100 brn\n|-heal|p1b: Milotic|91/100|[from] drain|[of] p2a: Kingambit\n|move|p2a: Kingambit|Low Kick|p1b: Milotic\n|-crit|p1b: Milotic\n|-damage|p1b: Milotic|62/100\n|\n|-heal|p1b: Milotic|68/100|[from] item: Leftovers\n|-damage|p2b: Gilbert|0 fnt|[from] brn\n|faint|p2b: Gilbert\n|-damage|p2a: Kingambit|10/100 brn|[from] brn\n|upkeep\n|\n|t:|1776435550\n|switch|p2b: Basculegion|Basculegion, L50, M|10/100\n|turn|13\n|\n|t:|1776435555\n|move|p2b: Basculegion|Protect|p2b: Basculegion\n|-singleturn|p2b: Basculegion|Protect\n|move|p1b: Milotic|Draining Kiss|p2b: Basculegion\n|-activate|p2b: Basculegion|move: Protect\n|move|p2a: Kingambit|Kowtow Cleave|p1b: Milotic\n|-damage|p1b: Milotic|59/100\n|\n|-heal|p1b: Milotic|65/100|[from] item: Leftovers\n|-damage|p2a: Kingambit|4/100 brn|[from] brn\n|upkeep\n|turn|14\n|\n|t:|1776435569\n|move|p2a: Kingambit|Sucker Punch|p1b: Milotic\n|-damage|p1b: Milotic|58/100\n|move|p1b: Milotic|Draining Kiss|p2b: Basculegion\n|-damage|p2b: Basculegion|0 fnt\n|-heal|p1b: Milotic|66/100|[from] drain|[of] p2b: Basculegion\n|faint|p2b: Basculegion\n|\n|-heal|p1b: Milotic|72/100|[from] item: Leftovers\n|-damage|p2a: Kingambit|0 fnt|[from] brn\n|faint|p2a: Kingambit\n|\n|win|StrawberryBalloons\n|raw|StrawberryBalloons's rating: 1286 &rarr; <strong>1315</strong><br />(+29 for winning)\n|raw|Irbis111's rating: 1341 &rarr; <strong>1318</strong><br />(-23 for losing)\n",
  "uploadtime": 1776435575,
  "views": 49,
  "formatid": "gen9championsvgc2026regma",
  "rating": 1315,
  "private": 0,
  "password": null
}