{
  "id": "gen9championsvgc2026regma-2588746579",
  "format": "[Gen 9 Champions] VGC 2026 Reg M-A",
  "players": [
    "Tunkik",
    "annnannanna"
  ],
  "log": "|j|\u2606Tunkik\n|j|\u2606annnannanna\n|t:|1776665347\n|gametype|doubles\n|player|p1|Tunkik|169|1078\n|player|p2|annnannanna|caitlin|1052\n|gen|9\n|tier|[Gen 9 Champions] VGC 2026 Reg M-A\n|rated|\n|rule|Species Clause: Limit one of each Pok\u00e9mon\n|rule|Item Clause: Limit 1 of each item\n|clearpoke\n|poke|p1|Incineroar, L50, F|\n|poke|p1|Pelipper, L50, F|\n|poke|p1|Archaludon, L50, M|\n|poke|p1|Meganium, L50, M|\n|poke|p1|Talonflame, L50, M|\n|poke|p1|Basculegion, L50, M|\n|poke|p2|Starmie, L50|\n|poke|p2|Pelipper, L50, F|\n|poke|p2|Raichu, L50, F|\n|poke|p2|Archaludon, L50, M|\n|poke|p2|Whimsicott, L50, F|\n|poke|p2|Sneasler, L50, M|\n|teampreview|4\n|inactive|Battle timer is ON: inactive players will automatically lose when time's up. (requested by Tunkik)\n|\n|t:|1776665399\n|teamsize|p1|4\n|teamsize|p2|4\n|start\n|switch|p1a: Meganium|Meganium, L50, M|100/100\n|switch|p1b: Talonflame|Talonflame, L50, M|100/100\n|switch|p2a: Starmie|Starmie, L50|100/100\n|switch|p2b: Raichu|Raichu, L50, F|100/100\n|turn|1\n|\n|t:|1776665415\n|detailschange|p1a: Meganium|Meganium-Mega, L50, M\n|-mega|p1a: Meganium|Meganium|Meganiumite\n|move|p2b: Raichu|Fake Out|p1b: Talonflame\n|-damage|p1b: Talonflame|88/100\n|move|p2a: Starmie|Ice Spinner|p1a: Meganium\n|-supereffective|p1a: Meganium|1\n|-damage|p1a: Meganium|60/100\n|cant|p1b: Talonflame|flinch\n|move|p1a: Meganium|Solar Beam||[still]\n|-prepare|p1a: Meganium|Solar Beam\n|-activate|p1a: Meganium|ability: Mega Sol\n|-anim|p1a: Meganium|Solar Beam|p2a: Starmie\n|-supereffective|p2a: Starmie|1\n|-damage|p2a: Starmie|0 fnt\n|faint|p2a: Starmie\n|\n|upkeep\n|\n|t:|1776665429\n|switch|p2a: Sneasler|Sneasler, L50, M|100/100\n|turn|2\n|\n|t:|1776665442\n|switch|p1a: Basculegion|Basculegion, L50, M|100/100\n|move|p1b: Talonflame|Protect|p1b: Talonflame\n|-singleturn|p1b: Talonflame|Protect\n|move|p2a: Sneasler|Fake Out|p1b: Talonflame\n|-activate|p1b: Talonflame|move: Protect\n|move|p2b: Raichu|Nuzzle|p1a: Basculegion\n|-supereffective|p1a: Basculegion|1\n|-damage|p1a: Basculegion|81/100\n|-status|p1a: Basculegion|par\n|\n|upkeep\n|turn|3\n|inactive|annnannanna has 30 seconds left.\n|\n|t:|1776665469\n|switch|p1a: Incineroar|Incineroar, L50, F|100/100\n|-ability|p1a: Incineroar|Intimidate|boost\n|-unboost|p2a: Sneasler|atk|1\n|-unboost|p2b: Raichu|atk|1\n|-enditem|p2a: Sneasler|White Herb\n|-clearnegativeboost|p2a: Sneasler|[silent]\n|move|p2a: Sneasler|Coaching|p2b: Raichu\n|-boost|p2b: Raichu|atk|1\n|-boost|p2b: Raichu|def|1\n|move|p2b: Raichu|Knock Off|p1a: Incineroar\n|-resisted|p1a: Incineroar|1\n|-damage|p1a: Incineroar|86/100\n|-enditem|p1a: Incineroar|Leftovers|[from] move: Knock Off|[of] p2b: Raichu\n|move|p1b: Talonflame|Tailwind|p1b: Talonflame\n|-sidestart|p1: Tunkik|move: Tailwind\n|\n|upkeep\n|turn|4\n|inactive|Tunkik has 30 seconds left.\n|\n|t:|1776665495\n|move|p2a: Sneasler|Protect|p2a: Sneasler\n|-singleturn|p2a: Sneasler|Protect\n|move|p2b: Raichu|Protect|p2b: Raichu\n|-singleturn|p2b: Raichu|Protect\n|move|p1a: Incineroar|Fake Out|p2b: Raichu\n|-activate|p2b: Raichu|move: Protect\n|move|p1b: Talonflame|Brave Bird|p2a: Sneasler\n|-activate|p2a: Sneasler|move: Protect\n|\n|upkeep\n|turn|5\n|\n|t:|1776665511\n|switch|p2a: Archaludon|Archaludon, L50, M|100/100\n|move|p1b: Talonflame|Brave Bird|p2a: Archaludon\n|-resisted|p2a: Archaludon|1\n|-damage|p2a: Archaludon|83/100\n|-damage|p1b: Talonflame|83/100|[from] Recoil\n|move|p2b: Raichu|Nuzzle|p1b: Talonflame\n|-supereffective|p1b: Talonflame|1\n|-damage|p1b: Talonflame|65/100\n|-status|p1b: Talonflame|par\n|move|p1a: Incineroar|Parting Shot|p2b: Raichu\n|-unboost|p2b: Raichu|atk|1\n|-unboost|p2b: Raichu|spa|1\n|\n|t:|1776665522\n|switch|p1a: Meganium|Meganium-Mega, L50, M|60/100|[from] Parting Shot\n|\n|upkeep\n|turn|6\n|\n|t:|1776665539\n|switch|p1b: Incineroar|Incineroar, L50, F|86/100\n|-ability|p1b: Incineroar|Intimidate|boost\n|-unboost|p2a: Archaludon|atk|1\n|-unboost|p2b: Raichu|atk|1\n|move|p2b: Raichu|Protect|p2b: Raichu\n|-singleturn|p2b: Raichu|Protect\n|move|p1a: Meganium|Dazzling Gleam|p2b: Raichu|[spread] p2a\n|-activate|p2b: Raichu|move: Protect\n|-damage|p2a: Archaludon|32/100\n|move|p2a: Archaludon|Flash Cannon|p1a: Meganium\n|-supereffective|p1a: Meganium|1\n|-damage|p1a: Meganium|0 fnt\n|faint|p1a: Meganium\n|\n|-sideend|p1: Tunkik|move: Tailwind\n|upkeep\n|\n|t:|1776665555\n|switch|p1a: Talonflame|Talonflame, L50, M|65/100 par\n|turn|7\n|\n|t:|1776665562\n|switch|p2a: Sneasler|Sneasler, L50, M|100/100\n|move|p1b: Incineroar|Fake Out|p2b: Raichu\n|-damage|p2b: Raichu|83/100\n|cant|p2b: Raichu|flinch\n|move|p1a: Talonflame|Tailwind|p1a: Talonflame\n|-sidestart|p1: Tunkik|move: Tailwind\n|\n|upkeep\n|turn|8\n|\n|t:|1776665582\n|move|p1a: Talonflame|Protect|p1a: Talonflame\n|-singleturn|p1a: Talonflame|Protect\n|move|p2a: Sneasler|Protect|p2a: Sneasler\n|-singleturn|p2a: Sneasler|Protect\n|move|p2b: Raichu|Nuzzle|p1b: Incineroar\n|-damage|p1b: Incineroar|82/100\n|-status|p1b: Incineroar|par\n|move|p1b: Incineroar|Flare Blitz|p2b: Raichu\n|-damage|p2b: Raichu|9/100\n|-enditem|p2b: Raichu|Sitrus Berry|[eat]\n|-heal|p2b: Raichu|34/100|[from] item: Sitrus Berry\n|-damage|p1b: Incineroar|65/100 par|[from] Recoil\n|\n|upkeep\n|turn|9\n|inactive|annnannanna has 30 seconds left.\n|inactive|annnannanna has 20 seconds left.\n|\n|t:|1776665619\n|move|p2b: Raichu|Nuzzle|p1a: Talonflame\n|-supereffective|p1a: Talonflame|1\n|-damage|p1a: Talonflame|56/100 par\n|move|p1a: Talonflame|Brave Bird|p2a: Sneasler\n|-supereffective|p2a: Sneasler|1\n|-damage|p2a: Sneasler|6/100\n|-damage|p1a: Talonflame|25/100 par|[from] Recoil\n|move|p2a: Sneasler|Close Combat|p1b: Incineroar\n|-supereffective|p1b: Incineroar|1\n|-damage|p1b: Incineroar|0 fnt\n|-unboost|p2a: Sneasler|def|1\n|-unboost|p2a: Sneasler|spd|1\n|faint|p1b: Incineroar\n|\n|upkeep\n|\n|t:|1776665629\n|switch|p1b: Basculegion|Basculegion, L50, M|81/100 par\n|turn|10\n|\n|t:|1776665640\n|move|p2b: Raichu|Protect|p2b: Raichu\n|-singleturn|p2b: Raichu|Protect\n|move|p2a: Sneasler|Protect|p2a: Sneasler\n|-singleturn|p2a: Sneasler|Protect\n|move|p1b: Basculegion|Aqua Jet|p2b: Raichu\n|-activate|p2b: Raichu|move: Protect\n|move|p1a: Talonflame|Brave Bird|p2a: Sneasler\n|-activate|p2a: Sneasler|move: Protect\n|\n|-sideend|p1: Tunkik|move: Tailwind\n|upkeep\n|turn|11\n|\n|t:|1776665663\n|move|p1b: Basculegion|Aqua Jet|p2a: Sneasler\n|-damage|p2a: Sneasler|0 fnt\n|faint|p2a: Sneasler\n|move|p2b: Raichu|Knock Off|p1b: Basculegion\n|-supereffective|p1b: Basculegion|1\n|-damage|p1b: Basculegion|45/100 par\n|-enditem|p1b: Basculegion|Mystic Water|[from] move: Knock Off|[of] p2b: Raichu\n|move|p1a: Talonflame|Brave Bird|p2b: Raichu\n|-resisted|p2b: Raichu|1\n|-damage|p2b: Raichu|4/100\n|-damage|p1a: Talonflame|18/100 par|[from] Recoil\n|\n|upkeep\n|\n|t:|1776665673\n|switch|p2a: Archaludon|Archaludon, L50, M|32/100\n|turn|12\n|inactive|Tunkik has 30 seconds left.\n|\n|t:|1776665707\n|move|p2a: Archaludon|Draco Meteor|p1b: Basculegion\n|-damage|p1b: Basculegion|0 fnt\n|-unboost|p2a: Archaludon|spa|2\n|faint|p1b: Basculegion\n|move|p2b: Raichu|Nuzzle|p1a: Talonflame\n|-supereffective|p1a: Talonflame|1\n|-damage|p1a: Talonflame|11/100 par\n|move|p1a: Talonflame|Brave Bird|p2b: Raichu\n|-resisted|p2b: Raichu|1\n|-damage|p2b: Raichu|0 fnt\n|faint|p2b: Raichu\n|-damage|p1a: Talonflame|10/100 par|[from] Recoil\n|\n|upkeep\n|turn|13\n|\n|t:|1776665724\n|move|p2a: Archaludon|Draco Meteor|p1a: Talonflame\n|-damage|p1a: Talonflame|0 fnt\n|-unboost|p2a: Archaludon|spa|2\n|faint|p1a: Talonflame\n|\n|win|annnannanna\n|raw|Tunkik's rating: 1078 &rarr; <strong>1055</strong><br />(-23 for losing)\n|raw|annnannanna's rating: 1052 &rarr; <strong>1087</strong><br />(+35 for winning)\n|l|\u2606Tunkik\n|player|p1|\n",
  "uploadtime": 1776665727,
  "views": 11,
  "formatid": "gen9championsvgc2026regma",
  "rating": 1055,
  "private": 0,
  "password": null
}