{
  "id": "gen9championsvgc2026regma-2585440876",
  "format": "[Gen 9 Champions] VGC 2026 Reg M-A",
  "players": [
    "eevee1ynn",
    "Goosicus"
  ],
  "log": "|j|\u2606eevee1ynn\n|j|\u2606Goosicus\n|t:|1776347486\n|gametype|doubles\n|player|p1|eevee1ynn|unknownf|1289\n|player|p2|Goosicus|101|1287\n|gen|9\n|tier|[Gen 9 Champions] VGC 2026 Reg M-A\n|rated|\n|rule|Species Clause: Limit one of each Pok\u00e9mon\n|rule|Item Clause: Limit 1 of each item\n|clearpoke\n|poke|p1|Delphox, L50, M|\n|poke|p1|Garchomp, L50, F|\n|poke|p1|Meowscarada, L50, F|\n|poke|p1|Aerodactyl, L50, M|\n|poke|p1|Gallade, L50, M|\n|poke|p1|Maushold, L50|\n|poke|p2|Kingambit, L50, M|\n|poke|p2|Sneasler, L50, M|\n|poke|p2|Rotom-Wash, L50|\n|poke|p2|Froslass, L50, F|\n|poke|p2|Garchomp, L50, M|\n|poke|p2|Aerodactyl, L50, M|\n|teampreview|4\n|\n|t:|1776347531\n|teamsize|p1|4\n|teamsize|p2|4\n|start\n|switch|p1a: Gallade|Gallade, L50, M|100/100\n|switch|p1b: Maushold|Maushold, L50|100/100\n|switch|p2a: Rotom|Rotom-Wash, L50|100/100\n|switch|p2b: Froslass|Froslass, L50, F|100/100\n|turn|1\n|\n|t:|1776347558\n|move|p2b: Froslass|Protect|p2b: Froslass\n|-singleturn|p2b: Froslass|Protect\n|move|p1b: Maushold|Crunch|p2b: Froslass\n|-activate|p2b: Froslass|move: Protect\n|move|p1a: Gallade|Sacred Sword|p2a: Rotom\n|-damage|p2a: Rotom|39/100\n|move|p2a: Rotom|Electroweb|p1a: Gallade|[spread] p1a,p1b\n|-damage|p1a: Gallade|88/100\n|-damage|p1b: Maushold|82/100\n|-unboost|p1a: Gallade|spe|1\n|-unboost|p1b: Maushold|spe|1\n|\n|-heal|p2a: Rotom|45/100|[from] item: Leftovers\n|upkeep\n|turn|2\n|\n|t:|1776347591\n|detailschange|p2b: Froslass|Froslass-Mega, L50, F\n|-mega|p2b: Froslass|Froslass|Froslassite\n|-weather|Snowscape|[from] ability: Snow Warning|[of] p2b: Froslass\n|move|p2b: Froslass|Aurora Veil|p2b: Froslass\n|-sidestart|p2: Goosicus|move: Aurora Veil\n|move|p1b: Maushold|Encore|p2a: Rotom\n|-start|p2a: Rotom|Encore\n|move|p2a: Rotom|Electroweb|p1b: Maushold|[spread] p1a,p1b\n|-damage|p1a: Gallade|77/100\n|-damage|p1b: Maushold|62/100\n|-unboost|p1a: Gallade|spe|1\n|-unboost|p1b: Maushold|spe|1\n|move|p1a: Gallade|Psycho Cut|p2b: Froslass\n|-damage|p2b: Froslass|64/100\n|\n|-weather|Snowscape|[upkeep]\n|-heal|p2a: Rotom|50/100|[from] item: Leftovers\n|upkeep\n|turn|3\n|\n|t:|1776347610\n|move|p2b: Froslass|Shadow Ball|p1a: Gallade\n|-supereffective|p1a: Gallade|1\n|-damage|p1a: Gallade|0 fnt\n|faint|p1a: Gallade\n|move|p2a: Rotom|Electroweb|p1b: Maushold\n|-damage|p1b: Maushold|34/100\n|-unboost|p1b: Maushold|spe|1\n|-enditem|p1b: Maushold|Sitrus Berry|[eat]\n|-heal|p1b: Maushold|59/100|[from] item: Sitrus Berry\n|move|p1b: Maushold|Crunch|p2b: Froslass\n|-supereffective|p2b: Froslass|1\n|-damage|p2b: Froslass|41/100\n|\n|-weather|Snowscape|[upkeep]\n|-heal|p2a: Rotom|56/100|[from] item: Leftovers\n|upkeep\n|\n|t:|1776347615\n|switch|p1a: Delphox|Delphox, L50, M|100/100\n|turn|4\n|\n|t:|1776347654\n|detailschange|p1a: Delphox|Delphox-Mega, L50, M\n|-mega|p1a: Delphox|Delphox|Delphoxite\n|move|p1b: Maushold|Follow Me|p1b: Maushold\n|-singleturn|p1b: Maushold|move: Follow Me\n|move|p1a: Delphox|Substitute|p1a: Delphox\n|-start|p1a: Delphox|Substitute\n|-damage|p1a: Delphox|76/100\n|move|p2b: Froslass|Shadow Ball|p1b: Maushold\n|-immune|p1b: Maushold\n|move|p2a: Rotom|Electroweb|p1b: Maushold|[spread] p1a,p1b\n|-activate|p1a: Delphox|move: Substitute|[damage]\n|-damage|p1b: Maushold|40/100\n|-unboost|p1b: Maushold|spe|1\n|\n|-weather|Snowscape|[upkeep]\n|-heal|p2a: Rotom|61/100|[from] item: Leftovers\n|-end|p2a: Rotom|Encore\n|upkeep\n|turn|5\n|\n|t:|1776347674\n|move|p2b: Froslass|Protect|p2b: Froslass\n|-singleturn|p2b: Froslass|Protect\n|move|p1b: Maushold|Follow Me|p1b: Maushold\n|-singleturn|p1b: Maushold|move: Follow Me\n|move|p1a: Delphox|Heat Wave|p2b: Froslass|[spread] p2a\n|-activate|p2b: Froslass|move: Protect\n|-resisted|p2a: Rotom|1\n|-damage|p2a: Rotom|48/100\n|move|p2a: Rotom|Electroweb|p1a: Delphox|[spread] p1a,p1b\n|-activate|p1a: Delphox|move: Substitute|[damage]\n|-damage|p1b: Maushold|23/100\n|-unboost|p1b: Maushold|spe|1\n|\n|-weather|Snowscape|[upkeep]\n|-heal|p2a: Rotom|54/100|[from] item: Leftovers\n|upkeep\n|turn|6\n|\n|t:|1776347701\n|switch|p2b: Aerodactyl|Aerodactyl, L50, M|100/100\n|-ability|p2b: Aerodactyl|Unnerve\n|move|p1b: Maushold|Feint|p2a: Rotom\n|-damage|p2a: Rotom|49/100\n|move|p1a: Delphox|Heat Wave|p2b: Aerodactyl|[spread] p2a,p2b\n|-resisted|p2a: Rotom|1\n|-resisted|p2b: Aerodactyl|1\n|-damage|p2a: Rotom|35/100\n|-damage|p2b: Aerodactyl|80/100\n|move|p2a: Rotom|Hydro Pump|p1b: Maushold\n|-crit|p1b: Maushold\n|-damage|p1b: Maushold|0 fnt\n|faint|p1b: Maushold\n|\n|-weather|none\n|-heal|p2a: Rotom|41/100|[from] item: Leftovers\n|-sideend|p2: Goosicus|move: Aurora Veil\n|upkeep\n|\n|t:|1776347716\n|switch|p1b: Aerodactyl|Aerodactyl, L50, M|100/100\n|-ability|p1b: Aerodactyl|Unnerve\n|turn|7\n|\n|t:|1776347753\n|move|p1a: Delphox|Psychic|p2a: Rotom\n|-damage|p2a: Rotom|0 fnt\n|faint|p2a: Rotom\n|move|p1b: Aerodactyl|Tailwind|p1b: Aerodactyl\n|-sidestart|p1: eevee1ynn|move: Tailwind\n|move|p2b: Aerodactyl|Tailwind|p2b: Aerodactyl\n|-sidestart|p2: Goosicus|move: Tailwind\n|\n|upkeep\n|\n|t:|1776347763\n|switch|p2a: Sneasler|Sneasler, L50, M|100/100\n|turn|8\n|\n|t:|1776347770\n|move|p2a: Sneasler|Protect|p2a: Sneasler\n|-singleturn|p2a: Sneasler|Protect\n|move|p1a: Delphox|Psychic|p2a: Sneasler\n|-activate|p2a: Sneasler|move: Protect\n|move|p1b: Aerodactyl|Rock Slide|p2a: Sneasler|[spread] p2b\n|-activate|p2a: Sneasler|move: Protect\n|-supereffective|p2b: Aerodactyl|1\n|-damage|p2b: Aerodactyl|2/100\n|cant|p2b: Aerodactyl|flinch\n|\n|upkeep\n|turn|9\n|l|\u2606Goosicus\n|player|p2|\n|inactive|Battle timer is ON: inactive players will automatically lose when time's up. (requested by eevee1ynn)\n|inactive|Goosicus has 30 seconds to reconnect!\n|inactive|Goosicus has 20 seconds to reconnect!\n|inactive|Goosicus has 15 seconds to reconnect!\n|inactive|Goosicus has 10 seconds to reconnect!\n|inactive|Goosicus has 5 seconds to reconnect!\n|-message|Goosicus lost due to inactivity.\n|\n|win|eevee1ynn\n|raw|eevee1ynn's rating: 1289 &rarr; <strong>1314</strong><br />(+25 for winning)\n|raw|Goosicus's rating: 1287 &rarr; <strong>1262</strong><br />(-25 for losing)\n",
  "uploadtime": 1776347863,
  "views": 46,
  "formatid": "gen9championsvgc2026regma",
  "rating": 1262,
  "private": 0,
  "password": null
}