{
  "id": "gen9championsvgc2026regma-2588367377",
  "format": "[Gen 9 Champions] VGC 2026 Reg M-A",
  "players": [
    "BeckerVGC",
    "fabithewitch"
  ],
  "log": "|j|\u2606BeckerVGC\n|j|\u2606fabithewitch\n|t:|1776627637\n|gametype|doubles\n|player|p1|BeckerVGC|1|1047\n|player|p2|fabithewitch|cynthia-gen4|1106\n|gen|9\n|tier|[Gen 9 Champions] VGC 2026 Reg M-A\n|rated|\n|rule|Species Clause: Limit one of each Pok\u00e9mon\n|rule|Item Clause: Limit 1 of each item\n|clearpoke\n|poke|p1|Incineroar, L50, M, shiny|\n|poke|p1|Kingambit, L50, F, shiny|\n|poke|p1|Gengar, L50, F, shiny|\n|poke|p1|Whimsicott, L50, M|\n|poke|p1|Rotom-Wash, L50|\n|poke|p1|Garchomp, L50, F|\n|poke|p2|Talonflame, L50, M|\n|poke|p2|Sneasler, L50, F|\n|poke|p2|Excadrill, L50, F|\n|poke|p2|Sinistcha, L50|\n|poke|p2|Ampharos, L50, F|\n|poke|p2|Araquanid, L50, F|\n|teampreview|4\n|inactive|Battle timer is ON: inactive players will automatically lose when time's up. (requested by fabithewitch)\n|inactive|BeckerVGC has 60 seconds left.\n|\n|t:|1776627715\n|teamsize|p1|4\n|teamsize|p2|4\n|start\n|switch|p1a: Garchomp|Garchomp, L50, F|100/100\n|switch|p1b: Rotom|Rotom-Wash, L50|100/100\n|switch|p2a: Talonflame|Talonflame, L50, M|100/100\n|switch|p2b: Excadrill|Excadrill, L50, F|100/100\n|turn|1\n|\n|t:|1776627732\n|move|p2b: Excadrill|Protect|p2b: Excadrill\n|-singleturn|p2b: Excadrill|Protect\n|move|p2a: Talonflame|Tailwind|p2a: Talonflame\n|-sidestart|p2: fabithewitch|move: Tailwind\n|move|p1a: Garchomp|Earthquake|p2a: Talonflame|[spread] \n|-activate|p2b: Excadrill|move: Protect\n|-immune|p1b: Rotom|[from] ability: Levitate\n|-immune|p2a: Talonflame\n|move|p1b: Rotom|Will-O-Wisp|p2b: Excadrill\n|-activate|p2b: Excadrill|move: Protect\n|\n|upkeep\n|turn|2\n|inactive|BeckerVGC has 30 seconds left.\n|inactive|fabithewitch has 30 seconds left.\n|inactive|BeckerVGC has 20 seconds left.\n|\n|t:|1776627769\n|switch|p2b: Sinistcha|Sinistcha, L50|100/100\n|detailschange|p1a: Garchomp|Garchomp-Mega, L50, F\n|-mega|p1a: Garchomp|Garchomp|Garchompite\n|move|p2a: Talonflame|Taunt|p1b: Rotom\n|-start|p1b: Rotom|move: Taunt\n|move|p1a: Garchomp|Rock Slide|p2b: Sinistcha|[spread] p2a,p2b\n|-supereffective|p2a: Talonflame|2\n|-enditem|p2a: Talonflame|Charti Berry|[eat]\n|-enditem|p2a: Talonflame|Charti Berry|[weaken]\n|-damage|p2a: Talonflame|32/100\n|-damage|p2b: Sinistcha|77/100\n|move|p1b: Rotom|Volt Switch|p2a: Talonflame\n|-supereffective|p2a: Talonflame|1\n|-crit|p2a: Talonflame\n|-damage|p2a: Talonflame|0 fnt\n|faint|p2a: Talonflame\n|\n|t:|1776627789\n|switch|p1b: Gengar|Gengar, L50, F, shiny|100/100|[from] Volt Switch\n|\n|upkeep\n|\n|t:|1776627794\n|switch|p2a: Excadrill|Excadrill, L50, F|100/100\n|turn|3\n|\n|t:|1776627810\n|switch|p1b: Rotom|Rotom-Wash, L50|100/100\n|move|p2a: Excadrill|Protect|p2a: Excadrill\n|-singleturn|p2a: Excadrill|Protect\n|move|p2b: Sinistcha|Strength Sap|p1a: Garchomp\n|-unboost|p1a: Garchomp|atk|1\n|-heal|p2b: Sinistcha|100/100\n|move|p1a: Garchomp|Earthquake|p2b: Sinistcha|[spread] p2b\n|-activate|p2a: Excadrill|move: Protect\n|-immune|p1b: Rotom|[from] ability: Levitate\n|-resisted|p2b: Sinistcha|1\n|-damage|p2b: Sinistcha|86/100\n|\n|upkeep\n|turn|4\n|inactive|fabithewitch has 30 seconds left.\n|\n|t:|1776627837\n|switch|p1a: Incineroar|Incineroar, L50, M, shiny|100/100\n|-ability|p1a: Incineroar|Intimidate|boost\n|-unboost|p2a: Excadrill|atk|1\n|-unboost|p2b: Sinistcha|atk|1\n|detailschange|p2a: Excadrill|Excadrill-Mega, L50, F\n|-mega|p2a: Excadrill|Excadrill|Excadrite\n|move|p2b: Sinistcha|Rage Powder|p2b: Sinistcha\n|-singleturn|p2b: Sinistcha|move: Rage Powder\n|move|p2a: Excadrill|Iron Head|p1a: Incineroar\n|-resisted|p1a: Incineroar|1\n|-damage|p1a: Incineroar|84/100\n|move|p1b: Rotom|Will-O-Wisp|p2b: Sinistcha\n|-status|p2b: Sinistcha|brn\n|\n|-damage|p2b: Sinistcha|80/100 brn|[from] brn\n|-sideend|p2: fabithewitch|move: Tailwind\n|upkeep\n|turn|5\n|inactive|BeckerVGC has 30 seconds left.\n|\n|t:|1776627867\n|move|p2a: Excadrill|Protect|p2a: Excadrill\n|-singleturn|p2a: Excadrill|Protect\n|move|p1b: Rotom|Will-O-Wisp|p2a: Excadrill\n|-activate|p2a: Excadrill|move: Protect\n|move|p2b: Sinistcha|Matcha Gotcha|p1b: Rotom|[spread] p1a,p1b\n|-resisted|p1a: Incineroar|1\n|-supereffective|p1b: Rotom|1\n|-damage|p1a: Incineroar|75/100\n|-heal|p2b: Sinistcha|85/100 brn|[from] drain|[of] p1a: Incineroar\n|-damage|p1b: Rotom|42/100\n|-heal|p2b: Sinistcha|100/100 brn|[from] drain|[of] p1b: Rotom\n|move|p1a: Incineroar|Flare Blitz|p2a: Excadrill\n|-activate|p2a: Excadrill|move: Protect\n|\n|-heal|p1b: Rotom|48/100|[from] item: Leftovers\n|-damage|p2b: Sinistcha|94/100 brn|[from] brn\n|upkeep\n|turn|6\n|inactive|BeckerVGC has 30 seconds left.\n|inactive|fabithewitch has 30 seconds left.\n|\n|t:|1776627901\n|move|p1b: Rotom|Will-O-Wisp|p2a: Excadrill\n|-status|p2a: Excadrill|brn\n|move|p2a: Excadrill|Earthquake|p1a: Incineroar|[spread] p2b,p1a\n|-immune|p1b: Rotom|[from] ability: Levitate\n|-resisted|p2b: Sinistcha|1\n|-supereffective|p1a: Incineroar|1\n|-damage|p2b: Sinistcha|87/100 brn\n|-damage|p1a: Incineroar|45/100\n|move|p2b: Sinistcha|Matcha Gotcha|p1a: Incineroar|[spread] p1a,p1b\n|-resisted|p1a: Incineroar|1\n|-supereffective|p1b: Rotom|1\n|-damage|p1a: Incineroar|36/100\n|-heal|p2b: Sinistcha|92/100 brn|[from] drain|[of] p1a: Incineroar\n|-damage|p1b: Rotom|0 fnt\n|-heal|p2b: Sinistcha|100/100 brn|[from] drain|[of] p1b: Rotom\n|faint|p1b: Rotom\n|move|p1a: Incineroar|Flare Blitz|p2b: Sinistcha\n|-supereffective|p2b: Sinistcha|1\n|-damage|p2b: Sinistcha|18/100 brn\n|-damage|p1a: Incineroar|12/100|[from] Recoil\n|\n|-damage|p2a: Excadrill|95/100 brn|[from] brn\n|-damage|p2b: Sinistcha|12/100 brn|[from] brn\n|upkeep\n|\n|t:|1776627925\n|switch|p1b: Garchomp|Garchomp-Mega, L50, F|100/100\n|turn|7\n|\n|t:|1776627932\n|move|p1a: Incineroar|Helping Hand|p1b: Garchomp\n|-singleturn|p1b: Garchomp|Helping Hand|[of] p1a: Incineroar\n|move|p2a: Excadrill|Protect|p2a: Excadrill\n|-singleturn|p2a: Excadrill|Protect\n|move|p1b: Garchomp|Rock Slide|p2a: Excadrill|[spread] p2b\n|-activate|p2a: Excadrill|move: Protect\n|-damage|p2b: Sinistcha|0 fnt\n|faint|p2b: Sinistcha\n|\n|-damage|p2a: Excadrill|89/100 brn|[from] brn\n|upkeep\n|\n|t:|1776627940\n|switch|p2b: Sneasler|Sneasler, L50, F|100/100\n|turn|8\n|\n|t:|1776627955\n|move|p1a: Incineroar|Helping Hand|p1b: Garchomp\n|-singleturn|p1b: Garchomp|Helping Hand|[of] p1a: Incineroar\n|move|p2b: Sneasler|Fake Out|p1b: Garchomp\n|-crit|p1b: Garchomp\n|-damage|p1b: Garchomp|81/100\n|cant|p1b: Garchomp|flinch\n|move|p2a: Excadrill|Rock Slide|p1a: Incineroar|[spread] p1a,p1b\n|-supereffective|p1a: Incineroar|1\n|-resisted|p1b: Garchomp|1\n|-damage|p1a: Incineroar|0 fnt\n|-damage|p1b: Garchomp|78/100\n|faint|p1a: Incineroar\n|\n|-damage|p2a: Excadrill|83/100 brn|[from] brn\n|upkeep\n|\n|t:|1776627970\n|switch|p1a: Gengar|Gengar, L50, F, shiny|100/100\n|turn|9\n|\n|t:|1776627981\n|move|p1b: Garchomp|Protect|p1b: Garchomp\n|-singleturn|p1b: Garchomp|Protect\n|move|p2a: Excadrill|Protect|p2a: Excadrill\n|-singleturn|p2a: Excadrill|Protect\n|move|p2b: Sneasler|Close Combat|p1b: Garchomp\n|-activate|p1b: Garchomp|move: Protect\n|move|p1a: Gengar|Sludge Bomb|p2b: Sneasler\n|-resisted|p2b: Sneasler|1\n|-damage|p2b: Sneasler|64/100\n|\n|-damage|p2a: Excadrill|77/100 brn|[from] brn\n|upkeep\n|turn|10\n|\n|t:|1776628000\n|move|p2b: Sneasler|Dire Claw|p1b: Garchomp\n|-resisted|p1b: Garchomp|1\n|-damage|p1b: Garchomp|58/100\n|move|p1a: Gengar|Icy Wind|p2b: Sneasler|[spread] p2a,p2b\n|-damage|p2a: Excadrill|61/100 brn\n|-damage|p2b: Sneasler|44/100\n|-unboost|p2a: Excadrill|spe|1\n|-unboost|p2b: Sneasler|spe|1\n|-enditem|p2b: Sneasler|White Herb\n|-clearnegativeboost|p2b: Sneasler|[silent]\n|move|p1b: Garchomp|Rock Slide|p2a: Excadrill|[spread] p2a,p2b\n|-resisted|p2a: Excadrill|2\n|-resisted|p2b: Sneasler|1\n|-damage|p2a: Excadrill|55/100 brn\n|-damage|p2b: Sneasler|24/100\n|cant|p2a: Excadrill|flinch\n|\n|-damage|p2a: Excadrill|50/100 brn|[from] brn\n|upkeep\n|turn|11\n|inactive|BeckerVGC has 30 seconds left.\n|inactive|fabithewitch has 30 seconds left.\n|\n|t:|1776628026\n|move|p2b: Sneasler|Close Combat|p1b: Garchomp\n|-damage|p1b: Garchomp|5/100\n|-unboost|p2b: Sneasler|def|1\n|-unboost|p2b: Sneasler|spd|1\n|move|p1a: Gengar|Shadow Ball|p2b: Sneasler\n|-damage|p2b: Sneasler|0 fnt\n|faint|p2b: Sneasler\n|move|p1b: Garchomp|Rock Slide|p2a: Excadrill\n|-resisted|p2a: Excadrill|2\n|-damage|p2a: Excadrill|42/100 brn\n|move|p2a: Excadrill|Iron Head|p1a: Gengar\n|-damage|p1a: Gengar|68/100\n|-start|p2a: Excadrill|Disable|Iron Head|[from] ability: Cursed Body|[of] p1a: Gengar\n|\n|-damage|p2a: Excadrill|36/100 brn|[from] brn\n|upkeep\n|turn|12\n|inactive|BeckerVGC has 30 seconds left.\n|\n|t:|1776628051\n|move|p2a: Excadrill|Protect|p2a: Excadrill\n|-singleturn|p2a: Excadrill|Protect\n|move|p1a: Gengar|Shadow Ball|p2a: Excadrill\n|-activate|p2a: Excadrill|move: Protect\n|move|p1b: Garchomp|Outrage|p2a: Excadrill\n|-activate|p2a: Excadrill|move: Protect\n|\n|-damage|p2a: Excadrill|30/100 brn|[from] brn\n|upkeep\n|turn|13\n|\n|t:|1776628065\n|move|p1a: Gengar|Shadow Ball|p2a: Excadrill\n|-damage|p2a: Excadrill|0 fnt\n|faint|p2a: Excadrill\n|\n|win|BeckerVGC\n|raw|BeckerVGC's rating: 1047 &rarr; <strong>1085</strong><br />(+38 for winning)\n|raw|fabithewitch's rating: 1106 &rarr; <strong>1077</strong><br />(-29 for losing)\n|l|\u2606fabithewitch\n|player|p2|\n",
  "uploadtime": 1776628071,
  "views": 14,
  "formatid": "gen9championsvgc2026regma",
  "rating": 1077,
  "private": 0,
  "password": null
}