{
  "id": "gen9championsvgc2026regma-2587278956",
  "format": "[Gen 9 Champions] VGC 2026 Reg M-A",
  "players": [
    "Fr0gg1",
    "Over The Falls"
  ],
  "log": "|j|\u2606Fr0gg1\n|j|\u2606Over The Falls\n|t:|1776517658\n|gametype|doubles\n|player|p1|Fr0gg1|boarder|1114\n|player|p2|Over The Falls|fisherman|1186\n|gen|9\n|tier|[Gen 9 Champions] VGC 2026 Reg M-A\n|rated|\n|rule|Species Clause: Limit one of each Pok\u00e9mon\n|rule|Item Clause: Limit 1 of each item\n|clearpoke\n|poke|p1|Aggron, L50, M, shiny|\n|poke|p1|Pelipper, L50, M, shiny|\n|poke|p1|Incineroar, L50, F, shiny|\n|poke|p1|Sinistcha-Masterpiece, L50, shiny|\n|poke|p1|Manectric, L50, F, shiny|\n|poke|p1|Sneasler, L50, F, shiny|\n|poke|p2|Machamp, L50, M|\n|poke|p2|Slowbro, L50, M|\n|poke|p2|Incineroar, L50, F|\n|poke|p2|Sinistcha, L50|\n|poke|p2|Hydreigon, L50, M|\n|poke|p2|Excadrill, L50, F|\n|teampreview|4\n|inactive|Battle timer is ON: inactive players will automatically lose when time's up. (requested by Fr0gg1)\n|inactive|Over The Falls has 60 seconds left.\n|inactive|Fr0gg1 has 60 seconds left.\n|\n|t:|1776517727\n|teamsize|p1|4\n|teamsize|p2|4\n|start\n|switch|p1a: Incineroar|Incineroar, L50, F, shiny|100/100\n|switch|p1b: Sneasler|Sneasler, L50, F, shiny|100/100\n|switch|p2a: Slowbro|Slowbro, L50, M|100/100\n|switch|p2b: Incineroar|Incineroar, L50, F|100/100\n|-ability|p1a: Incineroar|Intimidate|boost\n|-fail|p2a: Slowbro|unboost|Attack|[from] ability: Oblivious|[of] p2a: Slowbro\n|-unboost|p2b: Incineroar|atk|1\n|-ability|p2b: Incineroar|Intimidate|boost\n|-unboost|p1a: Incineroar|atk|1\n|-unboost|p1b: Sneasler|atk|1\n|-enditem|p1b: Sneasler|White Herb\n|-clearnegativeboost|p1b: Sneasler|[silent]\n|turn|1\n|\n|t:|1776517748\n|switch|p2b: Sinistcha|Sinistcha, L50|100/100\n|detailschange|p2a: Slowbro|Slowbro-Mega, L50, M\n|-mega|p2a: Slowbro|Slowbro|Slowbronite\n|move|p1b: Sneasler|Fake Out|p2b: Sinistcha\n|-immune|p2b: Sinistcha\n|move|p1a: Incineroar|Fake Out|p2a: Slowbro\n|-damage|p2a: Slowbro|95/100\n|cant|p2a: Slowbro|flinch\n|\n|upkeep\n|turn|2\n|\n|t:|1776517764\n|move|p1b: Sneasler|Protect|p1b: Sneasler\n|-singleturn|p1b: Sneasler|Protect\n|move|p1a: Incineroar|Flare Blitz|p2b: Sinistcha\n|-supereffective|p2b: Sinistcha|1\n|-damage|p2b: Sinistcha|66/100\n|-status|p2b: Sinistcha|brn\n|-damage|p1a: Incineroar|91/100|[from] Recoil\n|move|p2a: Slowbro|Psychic|p1b: Sneasler\n|-activate|p1b: Sneasler|move: Protect\n|move|p2b: Sinistcha|Trick Room|p2b: Sinistcha\n|-fieldstart|move: Trick Room|[of] p2b: Sinistcha\n|\n|-damage|p2b: Sinistcha|63/100 brn|[from] brn\n|upkeep\n|turn|3\n|inactive|Fr0gg1 has 30 seconds left.\n|\n|t:|1776517789\n|switch|p2b: Machamo|Machamp, L50, M|100/100\n|switch|p1b: Pelipper|Pelipper, L50, M, shiny|100/100\n|-weather|RainDance|[from] ability: Drizzle|[of] p1b: Pelipper\n|move|p2a: Slowbro|Scald|p1a: Incineroar\n|-supereffective|p1a: Incineroar|1\n|-damage|p1a: Incineroar|0 fnt\n|faint|p1a: Incineroar\n|\n|-weather|RainDance|[upkeep]\n|upkeep\n|\n|t:|1776517800\n|switch|p1a: Aggron|Aggron, L50, M, shiny|100/100\n|turn|4\n|\n|t:|1776517819\n|detailschange|p1a: Aggron|Aggron-Mega, L50, M, shiny\n|-mega|p1a: Aggron|Aggron|Aggronite\n|move|p2a: Slowbro|Scald|p1b: Pelipper\n|-resisted|p1b: Pelipper|1\n|-damage|p1b: Pelipper|61/100\n|move|p1a: Aggron|Iron Defense|p1a: Aggron\n|-boost|p1a: Aggron|def|2\n|move|p2b: Machamo|Stone Edge|p1b: Pelipper\n|-supereffective|p1b: Pelipper|1\n|-crit|p1b: Pelipper\n|-damage|p1b: Pelipper|0 fnt\n|faint|p1b: Pelipper\n|\n|-weather|RainDance|[upkeep]\n|upkeep\n|\n|t:|1776517830\n|switch|p1b: Sneasler|Sneasler, L50, F, shiny|100/100\n|turn|5\n|\n|t:|1776517838\n|switch|p2b: Sinistcha|Sinistcha, L50|63/100 brn\n|move|p1b: Sneasler|Fake Out|p2a: Slowbro\n|-damage|p2a: Slowbro|86/100\n|cant|p2a: Slowbro|flinch\n|move|p1a: Aggron|Body Press|p2b: Sinistcha\n|-immune|p2b: Sinistcha\n|\n|-weather|RainDance|[upkeep]\n|-damage|p2b: Sinistcha|60/100 brn|[from] brn\n|upkeep\n|turn|6\n|\n|t:|1776517863\n|move|p1a: Aggron|Protect|p1a: Aggron\n|-singleturn|p1a: Aggron|Protect\n|move|p1b: Sneasler|Protect|p1b: Sneasler\n|-singleturn|p1b: Sneasler|Protect\n|move|p2a: Slowbro|Psychic|p1b: Sneasler\n|-activate|p1b: Sneasler|move: Protect\n|move|p2b: Sinistcha|Strength Sap|p1a: Aggron\n|-activate|p1a: Aggron|move: Protect\n|\n|-weather|RainDance|[upkeep]\n|-damage|p2b: Sinistcha|57/100 brn|[from] brn\n|-fieldend|move: Trick Room\n|upkeep\n|turn|7\n|\n|t:|1776517879\n|switch|p2b: Incineroar|Incineroar, L50, F|100/100\n|-ability|p2b: Incineroar|Intimidate|boost\n|-unboost|p1a: Aggron|atk|1\n|-unboost|p1b: Sneasler|atk|1\n|move|p1b: Sneasler|Dire Claw|p2a: Slowbro\n|-damage|p2a: Slowbro|71/100\n|-status|p2a: Slowbro|psn\n|move|p1a: Aggron|Body Press|p2a: Slowbro\n|-resisted|p2a: Slowbro|1\n|-damage|p2a: Slowbro|52/100 psn\n|move|p2a: Slowbro|Psychic|p1b: Sneasler\n|-supereffective|p1b: Sneasler|2\n|-damage|p1b: Sneasler|0 fnt\n|faint|p1b: Sneasler\n|\n|-weather|none\n|-damage|p2a: Slowbro|40/100 psn|[from] psn\n|upkeep\n|turn|8\n|-message|Fr0gg1 forfeited.\n|\n|win|Over The Falls\n|raw|Fr0gg1's rating: 1114 &rarr; <strong>1094</strong><br />(-20 for losing)\n|raw|Over The Falls's rating: 1186 &rarr; <strong>1206</strong><br />(+20 for winning)\n|l|\u2606Fr0gg1\n|player|p1|\n",
  "uploadtime": 1776517899,
  "views": 15,
  "formatid": "gen9championsvgc2026regma",
  "rating": 1094,
  "private": 0,
  "password": null
}