{
  "id": "gen9championsvgc2026regma-2586000682",
  "format": "[Gen 9 Champions] VGC 2026 Reg M-A",
  "players": [
    "Battlin' Cats",
    "AidzPlayz"
  ],
  "log": "|j|\u2606Battlin' Cats\n|j|\u2606AidzPlayz\n|t:|1776389065\n|gametype|doubles\n|player|p1|Battlin' Cats|plasmagruntf-gen5bw|1123\n|player|p2|AidzPlayz|ghetsis-gen5bw|1207\n|gen|9\n|tier|[Gen 9 Champions] VGC 2026 Reg M-A\n|rated|\n|rule|Species Clause: Limit one of each Pok\u00e9mon\n|rule|Item Clause: Limit 1 of each item\n|clearpoke\n|poke|p1|Garchomp, L50, F|\n|poke|p1|Tyranitar, L50, F|\n|poke|p1|Glimmora, L50, F|\n|poke|p1|Arcanine-Hisui, L50, F|\n|poke|p1|Gyarados, L50, F|\n|poke|p1|Sinistcha, L50|\n|poke|p2|Aerodactyl, L50, F|\n|poke|p2|Incineroar, L50, F|\n|poke|p2|Floette-Eternal, L50, F|\n|poke|p2|Basculegion, L50, M|\n|poke|p2|Garchomp, L50, M|\n|poke|p2|Sneasler, L50, F|\n|teampreview|4\n|inactive|Battle timer is ON: inactive players will automatically lose when time's up. (requested by Battlin' Cats)\n|inactive|AidzPlayz has 60 seconds left.\n|\n|t:|1776389102\n|teamsize|p1|4\n|teamsize|p2|4\n|start\n|switch|p1a: Glimmora|Glimmora, L50, F|100/100\n|switch|p1b: Tyranitar|Tyranitar, L50, F|100/100\n|switch|p2a: Aerodactyl|Aerodactyl, L50, F|100/100\n|switch|p2b: Garchomp|Garchomp, L50, M|100/100\n|-ability|p2a: Aerodactyl|Unnerve\n|-weather|Sandstorm|[from] ability: Sand Stream|[of] p1b: Tyranitar\n|turn|1\n|\n|t:|1776389121\n|move|p1a: Glimmora|Spiky Shield|p1a: Glimmora\n|-singleturn|p1a: Glimmora|move: Protect\n|move|p2a: Aerodactyl|Tailwind|p2a: Aerodactyl\n|-sidestart|p2: AidzPlayz|move: Tailwind\n|move|p2b: Garchomp|Earthquake|p1a: Glimmora|[spread] p1b\n|-activate|p1a: Glimmora|move: Protect\n|-immune|p2a: Aerodactyl\n|-supereffective|p1b: Tyranitar|1\n|-damage|p1b: Tyranitar|40/100\n|move|p1b: Tyranitar|Rock Slide|p2a: Aerodactyl|[spread] p2a,p2b\n|-supereffective|p2a: Aerodactyl|1\n|-resisted|p2b: Garchomp|1\n|-enditem|p2a: Aerodactyl|Focus Sash\n|-damage|p2a: Aerodactyl|1/100\n|-damage|p2b: Garchomp|84/100\n|\n|-weather|Sandstorm|[upkeep]\n|-heal|p1b: Tyranitar|45/100|[from] item: Leftovers\n|upkeep\n|turn|2\n|inactive|Battlin' Cats has 30 seconds left.\n|inactive|AidzPlayz has 30 seconds left.\n|inactive|Battlin' Cats has 20 seconds left.\n|\n|t:|1776389160\n|switch|p1a: Garchomp|Garchomp, L50, F|100/100\n|move|p2a: Aerodactyl|Protect|p2a: Aerodactyl\n|-singleturn|p2a: Aerodactyl|Protect\n|move|p1b: Tyranitar|Protect|p1b: Tyranitar\n|-singleturn|p1b: Tyranitar|Protect\n|move|p2b: Garchomp|Earthquake|p1a: Garchomp|[spread] p1a\n|-activate|p2a: Aerodactyl|move: Protect\n|-activate|p1b: Tyranitar|move: Protect\n|-damage|p1a: Garchomp|63/100\n|\n|-weather|Sandstorm|[upkeep]\n|-heal|p1b: Tyranitar|51/100|[from] item: Leftovers\n|upkeep\n|turn|3\n|\n|t:|1776389179\n|move|p2a: Aerodactyl|Dual Wingbeat|p1a: Garchomp|[miss]\n|-miss|p2a: Aerodactyl|p1a: Garchomp\n|move|p2b: Garchomp|Earthquake|p1a: Garchomp|[spread] p1a,p1b\n|-immune|p2a: Aerodactyl\n|-supereffective|p1b: Tyranitar|1\n|-damage|p1a: Garchomp|23/100\n|-damage|p1b: Tyranitar|0 fnt\n|faint|p1b: Tyranitar\n|move|p1a: Garchomp|Dragon Claw|p2b: Garchomp\n|-supereffective|p2b: Garchomp|1\n|-enditem|p2b: Garchomp|Haban Berry|[eat]\n|-enditem|p2b: Garchomp|Haban Berry|[weaken]\n|-damage|p2b: Garchomp|43/100\n|-damage|p1a: Garchomp|11/100|[from] ability: Rough Skin|[of] p2b: Garchomp\n|\n|-weather|Sandstorm|[upkeep]\n|upkeep\n|inactive|Battlin' Cats has 30 seconds left.\n|\n|t:|1776389207\n|switch|p1b: Arcanine|Arcanine-Hisui, L50, F|100/100\n|turn|4\n|inactive|Battlin' Cats has 30 seconds left.\n|\n|t:|1776389235\n|move|p2a: Aerodactyl|Protect|p2a: Aerodactyl\n|-singleturn|p2a: Aerodactyl|Protect\n|move|p1b: Arcanine|Extreme Speed|p2b: Garchomp\n|-damage|p2b: Garchomp|12/100\n|-damage|p1b: Arcanine|88/100|[from] ability: Rough Skin|[of] p2b: Garchomp\n|move|p2b: Garchomp|Earthquake|p1b: Arcanine|[spread] p1a,p1b\n|-activate|p2a: Aerodactyl|move: Protect\n|-supereffective|p1b: Arcanine|2\n|-damage|p1a: Garchomp|0 fnt\n|-damage|p1b: Arcanine|0 fnt\n|faint|p1a: Garchomp\n|faint|p1b: Arcanine\n|\n|-weather|Sandstorm|[upkeep]\n|-sideend|p2: AidzPlayz|move: Tailwind\n|upkeep\n|\n|t:|1776389242\n|switch|p1a: Glimmora|Glimmora, L50, F|100/100\n|turn|5\n|\n|t:|1776389253\n|detailschange|p1a: Glimmora|Glimmora-Mega, L50, F\n|-mega|p1a: Glimmora|Glimmora|Glimmoranite\n|move|p2a: Aerodactyl|Tailwind|p2a: Aerodactyl\n|-sidestart|p2: AidzPlayz|move: Tailwind\n|move|p2b: Garchomp|Earthquake|p1a: Glimmora|[spread] p1a\n|-immune|p2a: Aerodactyl\n|-supereffective|p1a: Glimmora|2\n|-damage|p1a: Glimmora|0 fnt\n|faint|p1a: Glimmora\n|\n|win|AidzPlayz\n|raw|Battlin&apos; Cats's rating: 1123 &rarr; <strong>1104</strong><br />(-19 for losing)\n|raw|AidzPlayz's rating: 1207 &rarr; <strong>1226</strong><br />(+19 for winning)\n",
  "uploadtime": 1776389254,
  "views": 16,
  "formatid": "gen9championsvgc2026regma",
  "rating": 1104,
  "private": 0,
  "password": null
}