{
  "id": "gen9championsvgc2026regma-2588194633",
  "format": "[Gen 9 Champions] VGC 2026 Reg M-A",
  "players": [
    "hwan15",
    "fashoooo"
  ],
  "log": "|j|\u2606hwan15\n|j|\u2606fashoooo\n|t:|1776613314\n|gametype|doubles\n|player|p1|hwan15|169|1080\n|player|p2|fashoooo|calaba|1092\n|gen|9\n|tier|[Gen 9 Champions] VGC 2026 Reg M-A\n|rated|\n|rule|Species Clause: Limit one of each Pok\u00e9mon\n|rule|Item Clause: Limit 1 of each item\n|clearpoke\n|poke|p1|Charizard, L50, M|\n|poke|p1|Garchomp, L50, F|\n|poke|p1|Incineroar, L50, M|\n|poke|p1|Aerodactyl, L50, F|\n|poke|p1|Sneasler, L50, M|\n|poke|p1|Farigiraf, L50, M|\n|poke|p2|Blastoise, L50, F|\n|poke|p2|Talonflame, L50, F|\n|poke|p2|Sinistcha, L50|\n|poke|p2|Kingambit, L50, F|\n|poke|p2|Sneasler, L50, M|\n|poke|p2|Incineroar, L50, M|\n|teampreview|4\n|\n|t:|1776613339\n|teamsize|p1|4\n|teamsize|p2|4\n|start\n|switch|p1a: Aerodactyl|Aerodactyl, L50, F|100/100\n|switch|p1b: Sneasler|Sneasler, L50, M|100/100\n|switch|p2a: Talonflame|Talonflame, L50, F|100/100\n|switch|p2b: Sneasler|Sneasler, L50, M|100/100\n|-ability|p1a: Aerodactyl|Unnerve\n|turn|1\n|\n|t:|1776613371\n|move|p2a: Talonflame|Protect|p2a: Talonflame\n|-singleturn|p2a: Talonflame|Protect\n|move|p1b: Sneasler|Fake Out|p2a: Talonflame\n|-activate|p2a: Talonflame|move: Protect\n|move|p1a: Aerodactyl|Tailwind|p1a: Aerodactyl\n|-sidestart|p1: hwan15|move: Tailwind\n|move|p2b: Sneasler|Rock Tomb|p1a: Aerodactyl\n|-supereffective|p1a: Aerodactyl|1\n|-damage|p1a: Aerodactyl|27/100\n|-unboost|p1a: Aerodactyl|spe|1\n|\n|upkeep\n|turn|2\n|\n|t:|1776613406\n|move|p1a: Aerodactyl|Wide Guard|p1a: Aerodactyl\n|-singleturn|p1a: Aerodactyl|Wide Guard\n|move|p1b: Sneasler|Dire Claw|p2a: Talonflame\n|-damage|p2a: Talonflame|38/100\n|move|p2a: Talonflame|Tailwind|p2a: Talonflame\n|-sidestart|p2: fashoooo|move: Tailwind\n|move|p2b: Sneasler|Rock Tomb|p1a: Aerodactyl\n|-supereffective|p1a: Aerodactyl|1\n|-damage|p1a: Aerodactyl|0 fnt\n|faint|p1a: Aerodactyl\n|\n|upkeep\n|\n|t:|1776613420\n|switch|p1a: Garchomp|Garchomp, L50, F|100/100\n|turn|3\n|\n|t:|1776613441\n|switch|p2b: Incineroar|Incineroar, L50, M|100/100\n|move|p2a: Talonflame|Protect|p2a: Talonflame\n|-singleturn|p2a: Talonflame|Protect\n|move|p1b: Sneasler|Close Combat|p2b: Incineroar\n|-supereffective|p2b: Incineroar|1\n|-damage|p2b: Incineroar|11/100\n|-unboost|p1b: Sneasler|def|1\n|-unboost|p1b: Sneasler|spd|1\n|-enditem|p1b: Sneasler|White Herb\n|-clearnegativeboost|p1b: Sneasler|[silent]\n|move|p1a: Garchomp|Rock Slide|p2a: Talonflame|[spread] p2b\n|-activate|p2a: Talonflame|move: Protect\n|-supereffective|p2b: Incineroar|1\n|-damage|p2b: Incineroar|0 fnt\n|faint|p2b: Incineroar\n|\n|upkeep\n|\n|t:|1776613470\n|switch|p2b: Blastoise|Blastoise, L50, F|100/100\n|turn|4\n|\n|t:|1776613484\n|move|p2a: Talonflame|Protect||[still]\n|-fail|p2a: Talonflame\n|move|p2b: Blastoise|Protect|p2b: Blastoise\n|-singleturn|p2b: Blastoise|Protect\n|move|p1b: Sneasler|Dire Claw|p2a: Talonflame\n|-damage|p2a: Talonflame|0 fnt\n|faint|p2a: Talonflame\n|move|p1a: Garchomp|Rock Slide|p2b: Blastoise\n|-activate|p2b: Blastoise|move: Protect\n|\n|-sideend|p1: hwan15|move: Tailwind\n|upkeep\n|\n|t:|1776613485\n|switch|p2a: Sneasler|Sneasler, L50, M|100/100\n|turn|5\n|\n|t:|1776613497\n|detailschange|p2b: Blastoise|Blastoise-Mega, L50, F\n|-mega|p2b: Blastoise|Blastoise|Blastoisinite\n|move|p1b: Sneasler|Protect|p1b: Sneasler\n|-singleturn|p1b: Sneasler|Protect\n|move|p1a: Garchomp|Protect|p1a: Garchomp\n|-singleturn|p1a: Garchomp|Protect\n|move|p2a: Sneasler|Rock Tomb|p1b: Sneasler\n|-activate|p1b: Sneasler|move: Protect\n|move|p2b: Blastoise|Shell Smash|p2b: Blastoise\n|-unboost|p2b: Blastoise|def|1\n|-unboost|p2b: Blastoise|spd|1\n|-boost|p2b: Blastoise|atk|2\n|-boost|p2b: Blastoise|spa|2\n|-boost|p2b: Blastoise|spe|2\n|\n|-sideend|p2: fashoooo|move: Tailwind\n|upkeep\n|turn|6\n|\n|t:|1776613522\n|move|p2b: Blastoise|Protect|p2b: Blastoise\n|-singleturn|p2b: Blastoise|Protect\n|move|p1b: Sneasler|Close Combat|p2b: Blastoise\n|-activate|p2b: Blastoise|move: Protect\n|move|p2a: Sneasler|Rock Tomb|p1b: Sneasler\n|-resisted|p1b: Sneasler|1\n|-damage|p1b: Sneasler|81/100\n|-unboost|p1b: Sneasler|spe|1\n|move|p1a: Garchomp|Rock Slide|p2a: Sneasler|[spread] \n|-activate|p2b: Blastoise|move: Protect\n|-miss|p1a: Garchomp|p2a: Sneasler\n|\n|upkeep\n|turn|7\n|\n|t:|1776613545\n|move|p1b: Sneasler|Close Combat|p2b: Blastoise\n|-damage|p2b: Blastoise|21/100\n|-unboost|p1b: Sneasler|def|1\n|-unboost|p1b: Sneasler|spd|1\n|move|p2b: Blastoise|Water Spout|p1b: Sneasler|[spread] p1a,p1b\n|-damage|p1a: Garchomp|71/100\n|-damage|p1b: Sneasler|30/100\n|move|p2a: Sneasler|Rock Tomb|p1a: Garchomp\n|-resisted|p1a: Garchomp|1\n|-crit|p1a: Garchomp\n|-damage|p1a: Garchomp|56/100\n|-unboost|p1a: Garchomp|spe|1\n|move|p1a: Garchomp|Earthquake|p2b: Blastoise|[spread] p1b,p2a,p2b\n|-supereffective|p1b: Sneasler|1\n|-supereffective|p2a: Sneasler|1\n|-damage|p1b: Sneasler|0 fnt\n|-damage|p2a: Sneasler|0 fnt\n|-damage|p2b: Blastoise|0 fnt\n|faint|p1b: Sneasler\n|faint|p2a: Sneasler\n|faint|p2b: Blastoise\n|\n|win|hwan15\n|raw|hwan15's rating: 1080 &rarr; <strong>1109</strong><br />(+29 for winning)\n|raw|fashoooo's rating: 1092 &rarr; <strong>1067</strong><br />(-25 for losing)\n",
  "uploadtime": 1776613546,
  "views": 7,
  "formatid": "gen9championsvgc2026regma",
  "rating": 1067,
  "private": 0,
  "password": null
}