{
  "id": "gen9championsvgc2026regma-2588688133",
  "format": "[Gen 9 Champions] VGC 2026 Reg M-A",
  "players": [
    "Jinxed_lll",
    "OgiOcrew"
  ],
  "log": "|j|\u2606Jinxed_lll\n|j|\u2606OgiOcrew\n|t:|1776657884\n|gametype|doubles\n|player|p1|Jinxed_lll|lady-gen4|1073\n|player|p2|OgiOcrew|169|1118\n|gen|9\n|tier|[Gen 9 Champions] VGC 2026 Reg M-A\n|rated|\n|rule|Species Clause: Limit one of each Pok\u00e9mon\n|rule|Item Clause: Limit 1 of each item\n|clearpoke\n|poke|p1|Blastoise, L50, M|\n|poke|p1|Pelipper, L50, F|\n|poke|p1|Sneasler, L50, F|\n|poke|p1|Basculegion, L50, M, shiny|\n|poke|p1|Farigiraf, L50, F, shiny|\n|poke|p1|Sinistcha, L50|\n|poke|p2|Gengar, L50, F, shiny|\n|poke|p2|Incineroar, L50, F, shiny|\n|poke|p2|Sableye, L50, F, shiny|\n|poke|p2|Politoed, L50, M, shiny|\n|poke|p2|Palafin, L50, F, shiny|\n|poke|p2|Corviknight, L50, M, shiny|\n|teampreview|4\n|inactive|Battle timer is ON: inactive players will automatically lose when time's up. (requested by OgiOcrew)\nOgiOcrew rejected open team sheets.\n|c|\u2606Jinxed_lll|holy shiny slop\n|c|\u2606OgiOcrew|bruh\n|inactive|OgiOcrew has 60 seconds left.\n|c|\u2606Jinxed_lll|rlly needed every single one\n|c|\u2606OgiOcrew|who gives af its showdown\n|inactive|OgiOcrew has 30 seconds left.\n|\n|t:|1776657966\n|teamsize|p1|4\n|teamsize|p2|4\n|start\n|switch|p1a: Utahime|Farigiraf, L50, F, shiny|100/100\n|switch|p1b: Yuji|Sneasler, L50, F|100/100\n|switch|p2a: Gengar|Gengar, L50, F, shiny|100/100\n|switch|p2b: Sableye|Sableye, L50, F, shiny|100/100\n|turn|1\n|inactive|Jinxed_lll has 30 seconds left.\n|\n|t:|1776657999\n|detailschange|p2a: Gengar|Gengar-Mega, L50, F, shiny\n|-mega|p2a: Gengar|Gengar|Gengarite\n|move|p2a: Gengar|Sludge Bomb|p1a: Utahime\n|-damage|p1a: Utahime|49/100\n|move|p1b: Yuji|Acrobatics|p2b: Sableye\n|-damage|p2b: Sableye|77/100\n|move|p1a: Utahime|Calm Mind|p1a: Utahime\n|-boost|p1a: Utahime|spa|1\n|-boost|p1a: Utahime|spd|1\n|move|p2b: Sableye|Foul Play|p1a: Utahime\n|-supereffective|p1a: Utahime|1\n|-damage|p1a: Utahime|5/100\n|\n|-heal|p1a: Utahime|11/100|[from] item: Leftovers\n|upkeep\n|turn|2\n|\n|t:|1776658021\n|move|p2b: Sableye|Encore||[still]\n|cant|p1a: Utahime|ability: Armor Tail|Encore|[of] p2b: Sableye\n|move|p2a: Gengar|Perish Song|p2a: Gengar\n|-start|p1a: Utahime|perish3|[silent]\n|-start|p1b: Yuji|perish3|[silent]\n|-start|p2a: Gengar|perish3|[silent]\n|-start|p2b: Sableye|perish3|[silent]\n|-fieldactivate|move: Perish Song\n|move|p1b: Yuji|Acrobatics|p2a: Gengar\n|-crit|p2a: Gengar\n|-damage|p2a: Gengar|49/100\n|move|p1a: Utahime|Baton Pass|p1a: Utahime\n|\n|t:|1776658032\n|switch|p1a: Jane Julliet|Blastoise, L50, M|100/100|[from] Baton Pass\n|\n|-start|p2a: Gengar|perish3\n|-start|p1b: Yuji|perish3\n|-start|p1a: Jane Julliet|perish3\n|-start|p2b: Sableye|perish3\n|upkeep\n|turn|3\n|\n|t:|1776658044\n|detailschange|p1a: Jane Julliet|Blastoise-Mega, L50, M\n|-mega|p1a: Jane Julliet|Blastoise|Blastoisinite\n|move|p2b: Sableye|Detect|p2b: Sableye\n|-singleturn|p2b: Sableye|Protect\n|move|p2a: Gengar|Protect|p2a: Gengar\n|-singleturn|p2a: Gengar|Protect\n|move|p1b: Yuji|Acrobatics|p2a: Gengar\n|-activate|p2a: Gengar|move: Protect\n|move|p1a: Jane Julliet|Dark Pulse|p2b: Sableye\n|-activate|p2b: Sableye|move: Protect\n|\n|-start|p2a: Gengar|perish2\n|-start|p1b: Yuji|perish2\n|-start|p1a: Jane Julliet|perish2\n|-start|p2b: Sableye|perish2\n|upkeep\n|turn|4\n|inactive|OgiOcrew has 30 seconds left.\n|\n|t:|1776658076\n|switch|p2b: Incineroar|Incineroar, L50, F, shiny|100/100\n|-ability|p2b: Incineroar|Intimidate|boost\n|-unboost|p1a: Jane Julliet|atk|1\n|-unboost|p1b: Yuji|atk|1\n|-enditem|p1b: Yuji|White Herb\n|-clearnegativeboost|p1b: Yuji|[silent]\n|move|p1b: Yuji|Acrobatics|p2b: Incineroar\n|-damage|p2b: Incineroar|66/100\n|move|p2a: Gengar|Disable|p1a: Jane Julliet\n|-start|p1a: Jane Julliet|Disable|Dark Pulse\n|cant|p1a: Jane Julliet|Disable|Dark Pulse\n|\n|-start|p1b: Yuji|perish1\n|-start|p2a: Gengar|perish1\n|-start|p1a: Jane Julliet|perish1\n|upkeep\n|turn|5\n|inactive|Jinxed_lll has 30 seconds left.\n|\n|t:|1776658107\n|switch|p2a: Corviknight|Corviknight, L50, M, shiny|100/100\n|switch|p2b: Sableye|Sableye, L50, F, shiny|77/100\n|move|p1b: Yuji|Acrobatics|p2a: Corviknight\n|-resisted|p2a: Corviknight|1\n|-damage|p2a: Corviknight|87/100\n|move|p1a: Jane Julliet|Water Pulse|p2a: Corviknight\n|-damage|p2a: Corviknight|11/100\n|\n|-heal|p2a: Corviknight|17/100|[from] item: Leftovers\n|-start|p1b: Yuji|perish0\n|-start|p1a: Jane Julliet|perish0\n|upkeep\n|faint|p1b: Yuji\n|faint|p1a: Jane Julliet\n|\n|t:|1776658111\n|switch|p1b: Utahime|Farigiraf, L50, F, shiny|11/100\n|switch|p1a: Crow no.43|Pelipper, L50, F|100/100\n|-weather|RainDance|[from] ability: Drizzle|[of] p1a: Crow no.43\n|turn|6\n|\n|t:|1776658127\n|move|p2a: Corviknight|Tailwind|p2a: Corviknight\n|-sidestart|p2: OgiOcrew|move: Tailwind\n|move|p2b: Sableye|Foul Play|p1b: Utahime\n|-supereffective|p1b: Utahime|1\n|-damage|p1b: Utahime|0 fnt\n|faint|p1b: Utahime\n|move|p1a: Crow no.43|Hurricane|p2b: Sableye\n|-damage|p2b: Sableye|25/100\n|\n|-weather|RainDance|[upkeep]\n|-heal|p2a: Corviknight|23/100|[from] item: Leftovers\n|upkeep\n|turn|7\n|c|\u2606OgiOcrew|I may have shiny slop but you got dog walked\n|inactive|OgiOcrew has 30 seconds left.\n|\n|t:|1776658162\n|move|p2b: Sableye|Fake Out||[still]\n|-hint|Fake Out only works on your first turn out.\n|-fail|p2b: Sableye\n|move|p2a: Corviknight|Heavy Slam|p1a: Crow no.43\n|-resisted|p1a: Crow no.43|1\n|-damage|p1a: Crow no.43|91/100\n|move|p1a: Crow no.43|Ice Beam|p2a: Corviknight\n|-damage|p2a: Corviknight|3/100\n|\n|-weather|RainDance|[upkeep]\n|-heal|p2a: Corviknight|9/100|[from] item: Leftovers\n|upkeep\n|turn|8\n|\n|t:|1776658176\n|move|p2b: Sableye|Encore|p1a: Crow no.43\n|-start|p1a: Crow no.43|Encore\n|move|p2a: Corviknight|Body Press|p1a: Crow no.43\n|-resisted|p1a: Crow no.43|1\n|-damage|p1a: Crow no.43|80/100\n|move|p1a: Crow no.43|Ice Beam|p2a: Corviknight\n|-damage|p2a: Corviknight|0 fnt\n|faint|p2a: Corviknight\n|\n|-weather|RainDance|[upkeep]\n|upkeep\n|\n|t:|1776658185\n|switch|p2a: Incineroar|Incineroar, L50, F, shiny|66/100\n|-ability|p2a: Incineroar|Intimidate|boost\n|-unboost|p1a: Crow no.43|atk|1\n|turn|9\n|\n|t:|1776658193\n|move|p2a: Incineroar|Fake Out|p1a: Crow no.43\n|-damage|p1a: Crow no.43|72/100\n|move|p2b: Sableye|Foul Play|p1a: Crow no.43\n|-damage|p1a: Crow no.43|62/100\n|cant|p1a: Crow no.43|flinch\n|\n|-weather|RainDance|[upkeep]\n|-sideend|p2: OgiOcrew|move: Tailwind\n|upkeep\n|turn|10\n|\n|t:|1776658202\n|move|p1a: Crow no.43|Ice Beam|p2b: Sableye\n|-damage|p2b: Sableye|0 fnt\n|faint|p2b: Sableye\n|move|p2a: Incineroar|Darkest Lariat|p1a: Crow no.43\n|-damage|p1a: Crow no.43|31/100\n|\n|-weather|none\n|-end|p1a: Crow no.43|Encore\n|upkeep\n|\n|t:|1776658209\n|switch|p2b: Gengar|Gengar-Mega, L50, F, shiny|49/100\n|turn|11\n|\n|t:|1776658216\n|move|p2b: Gengar|Sludge Bomb|p1a: Crow no.43\n|-damage|p1a: Crow no.43|0 fnt\n|faint|p1a: Crow no.43\n|\n|win|OgiOcrew\n|raw|Jinxed_lll's rating: 1073 &rarr; <strong>1055</strong><br />(-18 for losing)\n|raw|OgiOcrew's rating: 1118 &rarr; <strong>1140</strong><br />(+22 for winning)\n|l|\u2606Jinxed_lll\n|player|p1|\n|c|\u2606OgiOcrew|gg\n",
  "uploadtime": 1776658239,
  "views": 13,
  "formatid": "gen9championsvgc2026regma",
  "rating": 1055,
  "private": 0,
  "password": null
}