{
  "id": "gen9championsvgc2026regma-2588905113",
  "format": "[Gen 9 Champions] VGC 2026 Reg M-A",
  "players": [
    "notcheetofingers",
    "MvillMpersonality"
  ],
  "log": "|j|\u2606notcheetofingers\n|j|\u2606MvillMpersonality\n|t:|1776684458\n|gametype|doubles\n|player|p1|notcheetofingers|pokemaniac|1181\n|player|p2|MvillMpersonality|169|1126\n|gen|9\n|tier|[Gen 9 Champions] VGC 2026 Reg M-A\n|rated|\n|rule|Species Clause: Limit one of each Pok\u00e9mon\n|rule|Item Clause: Limit 1 of each item\n|clearpoke\n|poke|p1|Ampharos, L50, M|\n|poke|p1|Klefki, L50, M|\n|poke|p1|Farigiraf, L50, F|\n|poke|p1|Primarina, L50, M|\n|poke|p1|Incineroar, L50, F|\n|poke|p1|Snorlax, L50, M|\n|poke|p2|Scovillain, L50, F|\n|poke|p2|Rhyperior, L50, F|\n|poke|p2|Sinistcha, L50|\n|poke|p2|Empoleon, L50, F|\n|poke|p2|Tyranitar, L50, M|\n|poke|p2|Kingambit, L50, M|\n|teampreview|4\n|\n|t:|1776684490\n|teamsize|p1|4\n|teamsize|p2|4\n|start\n|switch|p1a: Farigiraf|Farigiraf, L50, F|100/100\n|switch|p1b: Primarina|Primarina, L50, M|100/100\n|switch|p2a: The Antagonist|Scovillain, L50, F|100/100\n|switch|p2b: The Captain|Empoleon, L50, F|100/100\n|turn|1\n|\n|t:|1776684518\n|switch|p1b: Incineroar|Incineroar, L50, F|100/100\n|-ability|p1b: Incineroar|Intimidate|boost\n|-unboost|p2a: The Antagonist|atk|1\n|-unboost|p2b: The Captain|atk|1\n|-ability|p2b: The Captain|Competitive|boost\n|-boost|p2b: The Captain|spa|2\n|detailschange|p2a: The Antagonist|Scovillain-Mega, L50, F\n|-mega|p2a: The Antagonist|Scovillain|Scovillainite\n|move|p2a: The Antagonist|Leaf Storm|p1b: Incineroar\n|-resisted|p1b: Incineroar|1\n|-damage|p1b: Incineroar|75/100\n|-unboost|p2a: The Antagonist|spa|2\n|move|p2b: The Captain|Flash Cannon|p1a: Farigiraf\n|-damage|p1a: Farigiraf|21/100\n|-enditem|p1a: Farigiraf|Sitrus Berry|[eat]\n|-heal|p1a: Farigiraf|46/100|[from] item: Sitrus Berry\n|move|p1a: Farigiraf|Trick Room|p1a: Farigiraf\n|-fieldstart|move: Trick Room|[of] p1a: Farigiraf\n|\n|upkeep\n|turn|2\n|\n|t:|1776684553\n|switch|p1a: Snorlax|Snorlax, L50, M|100/100\n|move|p2b: The Captain|Protect|p2b: The Captain\n|-singleturn|p2b: The Captain|Protect\n|move|p1b: Incineroar|Fake Out|p2b: The Captain\n|-activate|p2b: The Captain|move: Protect\n|move|p2a: The Antagonist|Overheat|p1a: Snorlax\n|-damage|p1a: Snorlax|91/100\n|-unboost|p2a: The Antagonist|spa|2\n|\n|-heal|p1a: Snorlax|97/100|[from] item: Leftovers\n|upkeep\n|turn|3\n|\n|t:|1776684577\n|switch|p1b: Primarina|Primarina, L50, M|100/100\n|move|p2a: The Antagonist|Rage Powder|p2a: The Antagonist\n|-singleturn|p2a: The Antagonist|move: Rage Powder\n|move|p1a: Snorlax|Curse|p1a: Snorlax\n|-unboost|p1a: Snorlax|spe|1\n|-boost|p1a: Snorlax|atk|1\n|-boost|p1a: Snorlax|def|1\n|move|p2b: The Captain|Surf|p1a: Snorlax|[spread] p2a,p1a,p1b\n|-resisted|p1b: Primarina|1\n|-damage|p2a: The Antagonist|32/100\n|-damage|p1a: Snorlax|50/100\n|-damage|p1b: Primarina|73/100\n|-status|p2b: The Captain|brn|[from] ability: Spicy Spray|[of] p2a: The Antagonist\n|\n|-heal|p1a: Snorlax|57/100|[from] item: Leftovers\n|-damage|p2b: The Captain|95/100 brn|[from] brn\n|upkeep\n|turn|4\n|\n|t:|1776684629\n|move|p2a: The Antagonist|Protect|p2a: The Antagonist\n|-singleturn|p2a: The Antagonist|Protect\n|move|p1a: Snorlax|Curse|p1a: Snorlax\n|-unboost|p1a: Snorlax|spe|1\n|-boost|p1a: Snorlax|atk|1\n|-boost|p1a: Snorlax|def|1\n|move|p1b: Primarina|Encore|p2b: The Captain\n|-start|p2b: The Captain|Encore\n|move|p2b: The Captain|Surf|p1a: Snorlax|[spread] p1a,p1b\n|-activate|p2a: The Antagonist|move: Protect\n|-resisted|p1b: Primarina|1\n|-damage|p1a: Snorlax|11/100\n|-damage|p1b: Primarina|46/100\n|\n|-heal|p1a: Snorlax|17/100|[from] item: Leftovers\n|-heal|p2b: The Captain|100/100 brn|[from] item: Leftovers\n|-damage|p2b: The Captain|95/100 brn|[from] brn\n|upkeep\n|turn|5\n|\n|t:|1776684672\n|switch|p2b: The Cleric|Sinistcha, L50|100/100\n|-heal|p2a: The Antagonist|57/100|[from] ability: Hospitality|[of] p2b: The Cleric\n|move|p1a: Snorlax|Double-Edge|p2b: The Cleric\n|-immune|p2b: The Cleric\n|move|p1b: Primarina|Hyper Voice|p2a: The Antagonist|[spread] p2a,p2b\n|-resisted|p2b: The Cleric|1\n|-damage|p2a: The Antagonist|23/100\n|-damage|p2b: The Cleric|79/100\n|-status|p1b: Primarina|brn|[from] ability: Spicy Spray|[of] p2a: The Antagonist\n|move|p2a: The Antagonist|Leaf Storm|p1a: Snorlax\n|-damage|p1a: Snorlax|3/100\n|-unboost|p2a: The Antagonist|spa|2\n|\n|-heal|p1a: Snorlax|9/100|[from] item: Leftovers\n|-damage|p1b: Primarina|40/100 brn|[from] brn\n|-fieldend|move: Trick Room\n|upkeep\n|turn|6\n|\n|t:|1776684696\n|switch|p2a: The Captain|Empoleon, L50, F|95/100 brn\n|switch|p1b: Incineroar|Incineroar, L50, F|75/100\n|-ability|p1b: Incineroar|Intimidate|boost\n|-unboost|p2a: The Captain|atk|1\n|-ability|p2a: The Captain|Competitive|boost\n|-boost|p2a: The Captain|spa|2\n|-unboost|p2b: The Cleric|atk|1\n|move|p1a: Snorlax|Protect|p1a: Snorlax\n|-singleturn|p1a: Snorlax|Protect\n|move|p2b: The Cleric|Matcha Gotcha|p1a: Snorlax|[spread] p1b\n|-activate|p1a: Snorlax|move: Protect\n|-resisted|p1b: Incineroar|1\n|-damage|p1b: Incineroar|61/100\n|-heal|p2b: The Cleric|87/100|[from] drain|[of] p1b: Incineroar\n|\n|-heal|p2a: The Captain|100/100 brn|[from] item: Leftovers\n|-heal|p1a: Snorlax|16/100|[from] item: Leftovers\n|-damage|p2a: The Captain|95/100 brn|[from] brn\n|upkeep\n|turn|7\n|\n|t:|1776684736\n|switch|p2b: The Antagonist|Scovillain-Mega, L50, F|23/100\n|move|p2a: The Captain|Protect|p2a: The Captain\n|-singleturn|p2a: The Captain|Protect\n|move|p1b: Incineroar|Darkest Lariat|p2b: The Antagonist\n|-damage|p2b: The Antagonist|0 fnt\n|-immune|p1b: Incineroar\n|faint|p2b: The Antagonist\n|move|p1a: Snorlax|High Horsepower|p2a: The Captain\n|-activate|p2a: The Captain|move: Protect\n|\n|-heal|p2a: The Captain|100/100 brn|[from] item: Leftovers\n|-heal|p1a: Snorlax|22/100|[from] item: Leftovers\n|-damage|p2a: The Captain|95/100 brn|[from] brn\n|upkeep\n|\n|t:|1776684752\n|switch|p2b: The Cleric|Sinistcha, L50|87/100\n|-heal|p2a: The Captain|100/100 brn|[from] ability: Hospitality|[of] p2b: The Cleric\n|turn|8\n|\n|t:|1776684772\n|switch|p1b: Primarina|Primarina, L50, M|40/100 brn\n|move|p1a: Snorlax|Protect|p1a: Snorlax\n|-singleturn|p1a: Snorlax|Protect\n|move|p2b: The Cleric|Matcha Gotcha|p1b: Primarina|[spread] p1b\n|-activate|p1a: Snorlax|move: Protect\n|-supereffective|p1b: Primarina|1\n|-enditem|p1b: Primarina|Rindo Berry|[eat]\n|-enditem|p1b: Primarina|Rindo Berry|[weaken]\n|-damage|p1b: Primarina|9/100 brn\n|-heal|p2b: The Cleric|100/100|[from] drain|[of] p1b: Primarina\n|move|p2a: The Captain|Surf|p1b: Primarina|[spread] p2b,p1b\n|-activate|p1a: Snorlax|move: Protect\n|-resisted|p2b: The Cleric|1\n|-resisted|p1b: Primarina|1\n|-damage|p2b: The Cleric|57/100\n|-damage|p1b: Primarina|0 fnt\n|faint|p1b: Primarina\n|\n|-heal|p1a: Snorlax|28/100|[from] item: Leftovers\n|-damage|p2a: The Captain|95/100 brn|[from] brn\n|upkeep\n|\n|t:|1776684791\n|switch|p1b: Incineroar|Incineroar, L50, F|61/100\n|-ability|p1b: Incineroar|Intimidate|boost\n|-unboost|p2a: The Captain|atk|1\n|-ability|p2a: The Captain|Competitive|boost\n|-boost|p2a: The Captain|spa|2\n|-unboost|p2b: The Cleric|atk|1\n|turn|9\n|l|\u2606notcheetofingers\n|player|p1|\n|j|\u2606notcheetofingers\n|player|p1|notcheetofingers|pokemaniac|\n|\n|t:|1776684857\n|switch|p2b: The Brawler|Tyranitar, L50, M|100/100\n|-weather|Sandstorm|[from] ability: Sand Stream|[of] p2b: The Brawler\n|move|p2a: The Captain|Protect|p2a: The Captain\n|-singleturn|p2a: The Captain|Protect\n|move|p1b: Incineroar|Fake Out|p2a: The Captain\n|-activate|p2a: The Captain|move: Protect\n|move|p1a: Snorlax|High Horsepower|p2b: The Brawler\n|-supereffective|p2b: The Brawler|1\n|-damage|p2b: The Brawler|2/100\n|\n|-weather|Sandstorm|[upkeep]\n|-damage|p1b: Incineroar|55/100|[from] Sandstorm\n|-damage|p1a: Snorlax|22/100|[from] Sandstorm\n|-heal|p2a: The Captain|100/100 brn|[from] item: Leftovers\n|-heal|p1a: Snorlax|28/100|[from] item: Leftovers\n|-damage|p2a: The Captain|95/100 brn|[from] brn\n|upkeep\n|turn|10\n|\n|t:|1776684925\n|switch|p1b: Farigiraf|Farigiraf, L50, F|46/100\n|move|p1a: Snorlax|Protect|p1a: Snorlax\n|-singleturn|p1a: Snorlax|Protect\n|move|p2b: The Brawler|Brick Break|p1a: Snorlax\n|-activate|p1a: Snorlax|move: Protect\n|move|p2a: The Captain|Surf|p1a: Snorlax|[spread] p2b,p1b\n|-activate|p1a: Snorlax|move: Protect\n|-supereffective|p2b: The Brawler|1\n|-damage|p2b: The Brawler|0 fnt\n|-damage|p1b: Farigiraf|0 fnt\n|faint|p2b: The Brawler\n|faint|p1b: Farigiraf\n|\n|-weather|Sandstorm|[upkeep]\n|-damage|p1a: Snorlax|22/100|[from] Sandstorm\n|-heal|p2a: The Captain|100/100 brn|[from] item: Leftovers\n|-heal|p1a: Snorlax|28/100|[from] item: Leftovers\n|-damage|p2a: The Captain|95/100 brn|[from] brn\n|upkeep\n|\n|t:|1776684942\n|switch|p1b: Incineroar|Incineroar, L50, F|55/100\n|switch|p2b: The Cleric|Sinistcha, L50|57/100\n|-ability|p1b: Incineroar|Intimidate|boost\n|-unboost|p2a: The Captain|atk|1\n|-ability|p2a: The Captain|Competitive|boost\n|-boost|p2a: The Captain|spa|2\n|-unboost|p2b: The Cleric|atk|1\n|-heal|p2a: The Captain|100/100 brn|[from] ability: Hospitality|[of] p2b: The Cleric\n|turn|11\n|\n|t:|1776684971\n|move|p2a: The Captain|Protect|p2a: The Captain\n|-singleturn|p2a: The Captain|Protect\n|move|p1a: Snorlax|Protect||[still]\n|-fail|p1a: Snorlax\n|move|p2b: The Cleric|Matcha Gotcha|p1b: Incineroar|[spread] p1a,p1b\n|-resisted|p1b: Incineroar|1\n|-damage|p1a: Snorlax|7/100\n|-heal|p2b: The Cleric|72/100|[from] drain|[of] p1a: Snorlax\n|-damage|p1b: Incineroar|42/100\n|-heal|p2b: The Cleric|80/100|[from] drain|[of] p1b: Incineroar\n|move|p1b: Incineroar|Darkest Lariat|p2b: The Cleric\n|-supereffective|p2b: The Cleric|1\n|-damage|p2b: The Cleric|9/100\n|\n|-weather|Sandstorm|[upkeep]\n|-damage|p2b: The Cleric|3/100|[from] Sandstorm\n|-damage|p1b: Incineroar|36/100|[from] Sandstorm\n|-damage|p1a: Snorlax|0 fnt|[from] Sandstorm\n|faint|p1a: Snorlax\n|-damage|p2a: The Captain|95/100 brn|[from] brn\n|upkeep\n|turn|12\n|-message|notcheetofingers forfeited.\n|\n|win|MvillMpersonality\n|raw|notcheetofingers's rating: 1181 &rarr; <strong>1152</strong><br />(-29 for losing)\n|raw|MvillMpersonality's rating: 1126 &rarr; <strong>1155</strong><br />(+29 for winning)\n",
  "uploadtime": 1776684993,
  "views": 15,
  "formatid": "gen9championsvgc2026regma",
  "rating": 1152,
  "private": 0,
  "password": null
}