{
  "id": "gen9championsvgc2026regma-2584485767",
  "format": "[Gen 9 Champions] VGC 2026 Reg M-A",
  "players": [
    "Toed Rose",
    "Hedgehogwarrior"
  ],
  "log": "|j|\u2606Toed Rose\n|j|\u2606Hedgehogwarrior\n|t:|1776264027\n|gametype|doubles\n|player|p1|Toed Rose|grimsley|1131\n|player|p2|Hedgehogwarrior|170|1097\n|gen|9\n|tier|[Gen 9 Champions] VGC 2026 Reg M-A\n|rated|\n|rule|Species Clause: Limit one of each Pok\u00e9mon\n|rule|Item Clause: Limit 1 of each item\n|clearpoke\n|poke|p1|Glimmora, L50, M|\n|poke|p1|Talonflame, L50, F|\n|poke|p1|Palafin, L50, M|\n|poke|p1|Garchomp, L50, F|\n|poke|p1|Rotom-Mow, L50|\n|poke|p1|Incineroar, L50, M|\n|poke|p2|Crabominable, L50, F|\n|poke|p2|Slowking-Galar, L50, M|\n|poke|p2|Sinistcha, L50|\n|poke|p2|Incineroar, L50, F|\n|poke|p2|Aurorus, L50, M|\n|poke|p2|Aerodactyl, L50, F|\n|teampreview|4\n|inactive|Battle timer is ON: inactive players will automatically lose when time's up. (requested by Toed Rose)\n|\n|t:|1776264059\n|teamsize|p1|4\n|teamsize|p2|4\n|start\n|switch|p1a: Palafin|Palafin, L50, M, shiny|100/100\n|switch|p1b: Talonflame|Talonflame, L50, F, shiny|100/100\n|switch|p2a: Slowking|Slowking-Galar, L50, M|100/100\n|switch|p2b: Incineroar|Incineroar, L50, F|100/100\n|-ability|p2b: Incineroar|Intimidate|boost\n|-unboost|p1a: Palafin|atk|1\n|-unboost|p1b: Talonflame|atk|1\n|turn|1\n|\n|t:|1776264076\n|detailschange|p1a: Palafin|Palafin-Hero, L50, M, shiny\n|switch|p1a: Glimmora|Glimmora, L50, M, shiny|100/100\n|move|p1b: Talonflame|Protect|p1b: Talonflame\n|-singleturn|p1b: Talonflame|Protect\n|move|p2b: Incineroar|Fake Out|p1a: Glimmora\n|-resisted|p1a: Glimmora|1\n|-damage|p1a: Glimmora|93/100\n|-activate|p1a: Glimmora|ability: Toxic Debris\n|-sidestart|p2: Hedgehogwarrior|move: Toxic Spikes\n|move|p2a: Slowking|Trick Room|p2a: Slowking\n|-fieldstart|move: Trick Room|[of] p2a: Slowking\n|\n|upkeep\n|turn|2\n|inactive|Toed Rose has 30 seconds left.\n|\n|t:|1776264103\n|switch|p1b: Palafin|Palafin-Hero, L50, M, shiny|100/100\n|-activate|p1b: Palafin|ability: Zero to Hero\n|move|p2a: Slowking|Psychic|p1a: Glimmora\n|-supereffective|p1a: Glimmora|1\n|-damage|p1a: Glimmora|5/100\n|move|p2b: Incineroar|Throat Chop|p1a: Glimmora\n|-damage|p1a: Glimmora|0 fnt\n|-activate|p1a: Glimmora|ability: Toxic Debris\n|-sidestart|p2: Hedgehogwarrior|move: Toxic Spikes\n|faint|p1a: Glimmora\n|\n|upkeep\n|\n|t:|1776264118\n|switch|p1a: Incineroar|Incineroar, L50, M|100/100\n|-ability|p1a: Incineroar|Intimidate|boost\n|-unboost|p2a: Slowking|atk|1\n|-unboost|p2b: Incineroar|atk|1\n|turn|3\n|\n|t:|1776264137\n|switch|p2b: Aurorus|Aurorus, L50, M|100/100\n|-status|p2b: Aurorus|tox\n|-weather|Snowscape|[from] ability: Snow Warning|[of] p2b: Aurorus\n|move|p1a: Incineroar|Fake Out|p2b: Aurorus\n|-resisted|p2b: Aurorus|1\n|-damage|p2b: Aurorus|96/100 tox\n|move|p2a: Slowking|Sludge Bomb|p1b: Palafin\n|-damage|p1b: Palafin|67/100\n|move|p1b: Palafin|Wave Crash|p2a: Slowking\n|-damage|p2a: Slowking|29/100\n|-damage|p1b: Palafin|41/100|[from] Recoil\n|\n|-weather|Snowscape|[upkeep]\n|-damage|p2b: Aurorus|90/100 tox|[from] psn\n|upkeep\n|turn|4\n|inactive|Toed Rose has 30 seconds left.\n|inactive|Hedgehogwarrior has 30 seconds left.\n|\n|t:|1776264168\n|move|p1b: Palafin|Jet Punch|p2a: Slowking\n|-damage|p2a: Slowking|0 fnt\n|faint|p2a: Slowking\n|move|p2b: Aurorus|Stealth Rock|p1a: Incineroar\n|-sidestart|p1: Toed Rose|move: Stealth Rock\n|move|p1a: Incineroar|Parting Shot|p2b: Aurorus\n|-unboost|p2b: Aurorus|atk|1\n|-unboost|p2b: Aurorus|spa|1\n|\n|t:|1776264174\n|switch|p1a: Talonflame|Talonflame, L50, F, shiny|100/100|[from] Parting Shot\n|-damage|p1a: Talonflame|51/100|[from] Stealth Rock\n|\n|-weather|Snowscape|[upkeep]\n|-damage|p2b: Aurorus|78/100 tox|[from] psn\n|upkeep\n|\n|t:|1776264182\n|switch|p2a: Crabominable|Crabominable, L50, F|100/100\n|-status|p2a: Crabominable|tox\n|turn|5\n|\n|t:|1776264195\n|switch|p1b: Incineroar|Incineroar, L50, M|100/100\n|-damage|p1b: Incineroar|76/100|[from] Stealth Rock\n|-ability|p1b: Incineroar|Intimidate|boost\n|-unboost|p2a: Crabominable|atk|1\n|-unboost|p2b: Aurorus|atk|1\n|detailschange|p2a: Crabominable|Crabominable-Mega, L50, F\n|-mega|p2a: Crabominable|Crabominable|Crabominite\n|move|p1a: Talonflame|Protect|p1a: Talonflame\n|-singleturn|p1a: Talonflame|Protect\n|move|p2a: Crabominable|Drain Punch|p1b: Incineroar\n|-supereffective|p1b: Incineroar|1\n|-damage|p1b: Incineroar|0 fnt\n|faint|p1b: Incineroar\n|move|p2b: Aurorus|Aurora Veil|p2b: Aurorus\n|-sidestart|p2: Hedgehogwarrior|move: Aurora Veil\n|\n|-weather|Snowscape|[upkeep]\n|-damage|p2a: Crabominable|95/100 tox|[from] psn\n|-damage|p2b: Aurorus|60/100 tox|[from] psn\n|-fieldend|move: Trick Room\n|upkeep\n|\n|t:|1776264207\n|switch|p1b: Palafin|Palafin-Hero, L50, M, shiny|41/100\n|-damage|p1b: Palafin|29/100|[from] Stealth Rock\n|turn|6\n|\n|t:|1776264230\n|move|p2a: Crabominable|Upper Hand||[still]\n|-fail|p2a: Crabominable\n|move|p1a: Talonflame|Dual Wingbeat|p2a: Crabominable\n|-supereffective|p2a: Crabominable|1\n|-damage|p2a: Crabominable|84/100 tox\n|-supereffective|p2a: Crabominable|1\n|-damage|p2a: Crabominable|74/100 tox\n|-hitcount|p2a: Crabominable|2\n|move|p1b: Palafin|Flip Turn|p2b: Aurorus\n|-supereffective|p2b: Aurorus|1\n|-damage|p2b: Aurorus|21/100 tox\n|move|p2b: Aurorus|Blizzard|p1a: Talonflame|[spread] p1a,p1b\n|-resisted|p1b: Palafin|1\n|-damage|p1a: Talonflame|10/100\n|-damage|p1b: Palafin|16/100\n|\n|-weather|Snowscape|[upkeep]\n|-damage|p2b: Aurorus|0 fnt|[from] psn\n|faint|p2b: Aurorus\n|-damage|p2a: Crabominable|62/100 tox|[from] psn\n|upkeep\n|\n|t:|1776264249\n|switch|p2b: Incineroar|Incineroar, L50, F|100/100\n|-status|p2b: Incineroar|tox\n|-ability|p2b: Incineroar|Intimidate|boost\n|-unboost|p1a: Talonflame|atk|1\n|-unboost|p1b: Palafin|atk|1\n|turn|7\n|\n|t:|1776264260\n|move|p1a: Talonflame|Protect|p1a: Talonflame\n|-singleturn|p1a: Talonflame|Protect\n|move|p2a: Crabominable|Upper Hand||[still]\n|-fail|p2a: Crabominable\n|move|p1b: Palafin|Close Combat|p2a: Crabominable\n|-supereffective|p2a: Crabominable|1\n|-damage|p2a: Crabominable|41/100 tox\n|-unboost|p1b: Palafin|def|1\n|-unboost|p1b: Palafin|spd|1\n|move|p2b: Incineroar|Throat Chop|p1b: Palafin\n|-damage|p1b: Palafin|0 fnt\n|faint|p1b: Palafin\n|\n|-weather|none\n|-damage|p2b: Incineroar|95/100 tox|[from] psn\n|-damage|p2a: Crabominable|23/100 tox|[from] psn\n|upkeep\n|turn|8\n|\n|t:|1776264279\n|move|p1a: Talonflame|Dual Wingbeat|p2a: Crabominable|[miss]\n|-miss|p1a: Talonflame|p2a: Crabominable\n|move|p2b: Incineroar|Throat Chop|p1a: Talonflame\n|-damage|p1a: Talonflame|0 fnt\n|faint|p1a: Talonflame\n|\n|win|Hedgehogwarrior\n|raw|Toed Rose's rating: 1131 &rarr; <strong>1104</strong><br />(-27 for losing)\n|raw|Hedgehogwarrior's rating: 1097 &rarr; <strong>1125</strong><br />(+28 for winning)\n|l|\u2606Toed Rose\n|player|p1|\n",
  "uploadtime": 1776264773,
  "views": 27,
  "formatid": "gen9championsvgc2026regma",
  "rating": 1104,
  "private": 0,
  "password": null
}