{
  "id": "gen9championsvgc2026regma-2587373350",
  "format": "[Gen 9 Champions] VGC 2026 Reg M-A",
  "players": [
    "mimiquiu01",
    "Boredrake2"
  ],
  "log": "|j|\u2606mimiquiu01\n|j|\u2606Boredrake2\n|t:|1776526374\n|gametype|doubles\n|player|p1|mimiquiu01|101|1359\n|player|p2|Boredrake2|steven|1432\n|gen|9\n|tier|[Gen 9 Champions] VGC 2026 Reg M-A\n|rated|\n|rule|Species Clause: Limit one of each Pok\u00e9mon\n|rule|Item Clause: Limit 1 of each item\n|clearpoke\n|poke|p1|Snorlax, L50, M|\n|poke|p1|Chandelure, L50, M|\n|poke|p1|Glimmora, L50, F|\n|poke|p1|Gyarados, L50, F|\n|poke|p1|Sinistcha, L50|\n|poke|p1|Garchomp, L50, M|\n|poke|p2|Milotic, L50, F|\n|poke|p2|Farigiraf, L50, F|\n|poke|p2|Altaria, L50, M|\n|poke|p2|Volcarona, L50, M|\n|poke|p2|Aegislash, L50, F|\n|poke|p2|Garchomp, L50, F|\n|teampreview|4\n|inactive|Battle timer is ON: inactive players will automatically lose when time's up. (requested by Boredrake2)\n|j| p3elz\n|\n|t:|1776526402\n|teamsize|p1|4\n|teamsize|p2|4\n|start\n|switch|p1a: Snorlax|Snorlax, L50, M|100/100\n|switch|p1b: Glimmora|Glimmora, L50, F|100/100\n|switch|p2a: Milotic|Milotic, L50, F|100/100\n|switch|p2b: Volcarona|Volcarona, L50, M|100/100\n|turn|1\n|c| p3elz|Snorlax.. but where is the hawluchs\n|c| p3elz|And altaria..\n|inactive|mimiquiu01 has 30 seconds left.\n|c|\u2606mimiquiu01|idk\n|inactive|mimiquiu01 has 20 seconds left.\n|inactive|mimiquiu01 has 15 seconds left.\n|inactive|mimiquiu01 has 10 seconds left.\n|c|\u2606Boredrake2|They went on vacation.\n|\n|t:|1776526451\n|move|p1b: Glimmora|Spiky Shield|p1b: Glimmora\n|-singleturn|p1b: Glimmora|move: Protect\n|move|p2b: Volcarona|Struggle Bug|p1a: Snorlax|[spread] p1a\n|-activate|p1b: Glimmora|move: Protect\n|-damage|p1a: Snorlax|88/100\n|-unboost|p1a: Snorlax|spa|1\n|move|p2a: Milotic|Scald|p1b: Glimmora\n|-activate|p1b: Glimmora|move: Protect\n|move|p1a: Snorlax|Self-Destruct|p2b: Volcarona|[spread] p2a,p2b\n|-activate|p1b: Glimmora|move: Protect\n|-damage|p2a: Milotic|18/100\n|-enditem|p2b: Volcarona|Focus Sash\n|-damage|p2b: Volcarona|1/100\n|-enditem|p2a: Milotic|Sitrus Berry|[eat]\n|-heal|p2a: Milotic|43/100|[from] item: Sitrus Berry\n|faint|p1a: Snorlax\n|\n|upkeep\n|c| p3elz|Oh k\n|c|\u2606Boredrake2|ow...\n|c| p3elz|Wait i like that\n|c|\u2606mimiquiu01|It didnt work out D:\n|j| garca97\n|inactive|mimiquiu01 has 30 seconds left.\n|\n|t:|1776526481\n|switch|p1a: Garchomp|Garchomp, L50, M|100/100\n|turn|2\n|c|\u2606mimiquiu01|4 spectators\n|c|\u2606mimiquiu01|XDD\n|c| p3elz|u need a mimikyu\n|c| p3elz|or like\n|inactive|mimiquiu01 has 30 seconds left.\n|\n|t:|1776526508\n|move|p2b: Volcarona|Rage Powder|p2b: Volcarona\n|-singleturn|p2b: Volcarona|move: Rage Powder\n|move|p1b: Glimmora|Sludge Bomb|p2b: Volcarona\n|-damage|p2b: Volcarona|0 fnt\n|faint|p2b: Volcarona\n|move|p1a: Garchomp|Rock Slide|p2a: Milotic\n|-damage|p2a: Milotic|14/100\n|cant|p2a: Milotic|flinch\n|\n|upkeep\n|c| p3elz|a ghost with hh\n|c|\u2606Boredrake2|brah\n|\n|t:|1776526522\n|switch|p2b: Garchomp|Garchomp, L50, F|100/100\n|turn|3\n|c|\u2606mimiquiu01|sorry for the flinch\n|\n|t:|1776526546\n|move|p2a: Milotic|Protect|p2a: Milotic\n|-singleturn|p2a: Milotic|Protect\n|move|p2b: Garchomp|Earthquake|p1a: Garchomp|[spread] p1a,p1b\n|-activate|p2a: Milotic|move: Protect\n|-supereffective|p1b: Glimmora|2\n|-damage|p1a: Garchomp|64/100\n|-enditem|p1b: Glimmora|Focus Sash\n|-damage|p1b: Glimmora|1/100\n|-activate|p1b: Glimmora|ability: Toxic Debris\n|-sidestart|p2: Boredrake2|move: Toxic Spikes\n|move|p1b: Glimmora|Sludge Bomb|p2a: Milotic\n|-activate|p2a: Milotic|move: Protect\n|move|p1a: Garchomp|Dragon Claw|p2b: Garchomp\n|-supereffective|p2b: Garchomp|1\n|-damage|p2b: Garchomp|0 fnt\n|-damage|p1a: Garchomp|51/100|[from] ability: Rough Skin|[of] p2b: Garchomp\n|faint|p2b: Garchomp\n|\n|upkeep\n|\n|t:|1776526564\n|switch|p2b: Altaria|Altaria, L50, M|100/100\n|-ability|p2b: Altaria|Cloud Nine\n|turn|4\n|c| p3elz|Here we go\n|c| p3elz|Altaria\n|c| p3elz|Mega?\n|c| p3elz|So many questions\n|inactive|Boredrake2 has 30 seconds left.\n|inactive|Boredrake2 has 20 seconds left.\n|inactive|Boredrake2 has 15 seconds left.\n|inactive|Boredrake2 has 10 seconds left.\n|\n|t:|1776526610\n|move|p1b: Glimmora|Sludge Bomb|p2b: Altaria\n|-damage|p2b: Altaria|53/100\n|move|p2b: Altaria|Tailwind|p2b: Altaria\n|-sidestart|p2: Boredrake2|move: Tailwind\n|move|p2a: Milotic|Scald|p1b: Glimmora\n|-supereffective|p1b: Glimmora|1\n|-damage|p1b: Glimmora|0 fnt\n|faint|p1b: Glimmora\n|move|p1a: Garchomp|Earthquake|p2a: Milotic|[spread] p2a\n|-immune|p2b: Altaria\n|-damage|p2a: Milotic|0 fnt\n|faint|p2a: Milotic\n|\n|upkeep\n|c|\u2606mimiquiu01|aw men\n|\n|t:|1776526628\n|switch|p1b: Gyarados|Gyarados, L50, F|100/100\n|-ability|p1b: Gyarados|Intimidate|boost\n|-unboost|p2b: Altaria|atk|1\n|turn|5\n|c| p3elz|I didnt think they would mega when glimmora is there\n|\n|t:|1776526649\n|detailschange|p2b: Altaria|Altaria-Mega, L50, M\n|-mega|p2b: Altaria|Altaria|Altarianite\n|move|p1b: Gyarados|Protect|p1b: Gyarados\n|-singleturn|p1b: Gyarados|Protect\n|move|p1a: Garchomp|Protect|p1a: Garchomp\n|-singleturn|p1a: Garchomp|Protect\n|move|p2b: Altaria|Hyper Voice|p1a: Garchomp|[spread] \n|-activate|p1a: Garchomp|move: Protect\n|-activate|p1b: Gyarados|move: Protect\n|\n|upkeep\n|turn|6\n|c|\u2606mimiquiu01|ow sht\n|c|\u2606mimiquiu01|i am giga death\n|inactive|mimiquiu01 has 30 seconds left.\n|c|\u2606Boredrake2|I hope so.\n|c|\u2606mimiquiu01|my garchomp is 122 speed\n|inactive|mimiquiu01 has 20 seconds left.\n|c| p3elz|Does gyara not have ice coverage\n|inactive|mimiquiu01 has 15 seconds left.\n|inactive|mimiquiu01 has 10 seconds left.\n|\n|t:|1776526696\n|move|p2b: Altaria|Hyper Voice|p1b: Gyarados|[spread] p1a,p1b\n|-supereffective|p1a: Garchomp|1\n|-damage|p1a: Garchomp|0 fnt\n|-damage|p1b: Gyarados|69/100\n|faint|p1a: Garchomp\n|move|p1b: Gyarados|Dragon Dance|p1b: Gyarados\n|-boost|p1b: Gyarados|atk|1\n|-boost|p1b: Gyarados|spe|1\n|\n|upkeep\n|turn|7\n|inactive|mimiquiu01 has 30 seconds left.\n|c|\u2606mimiquiu01|i thing megagyarados is  loosing on purpouse\n|inactive|mimiquiu01 has 20 seconds left.\n|\n|t:|1776526733\n|move|p2b: Altaria|Will-O-Wisp|p1b: Gyarados\n|-status|p1b: Gyarados|brn\n|move|p1b: Gyarados|Waterfall|p2b: Altaria\n|-resisted|p2b: Altaria|1\n|-damage|p2b: Altaria|39/100\n|\n|-damage|p1b: Gyarados|63/100 brn|[from] brn\n|-sideend|p2: Boredrake2|move: Tailwind\n|upkeep\n|turn|8\n|c|\u2606mimiquiu01|oh fck\n|inactive|mimiquiu01 has 30 seconds left.\n|c|\u2606mimiquiu01|i worgot tailwind\n|\n|t:|1776526765\n|move|p1b: Gyarados|Waterfall|p2b: Altaria\n|-resisted|p2b: Altaria|1\n|-damage|p2b: Altaria|26/100\n|cant|p2b: Altaria|flinch\n|\n|-damage|p1b: Gyarados|57/100 brn|[from] brn\n|upkeep\n|turn|9\n|c|\u2606Boredrake2|rip\n|c| p3elz|This is tuff\n|c| p3elz|HELP\n|c| p3elz|just land that again\n|inactive|mimiquiu01 has 30 seconds left.\n|c|\u2606mimiquiu01|man boredake i should give u the win\n|inactive|mimiquiu01 has 20 seconds left.\n|c|\u2606mimiquiu01|I dont wanna win bcs flinch\n|inactive|mimiquiu01 has 15 seconds left.\n|\n|t:|1776526810\n|detailschange|p1b: Gyarados|Gyarados-Mega, L50, F\n|-mega|p1b: Gyarados|Gyarados|Gyaradosite\n|-ability|p1b: Gyarados|Mold Breaker\n|move|p1b: Gyarados|Crunch|p2b: Altaria\n|-resisted|p2b: Altaria|1\n|-damage|p2b: Altaria|10/100\n|move|p2b: Altaria|Hyper Voice|p1b: Gyarados\n|-supereffective|p1b: Gyarados|1\n|-damage|p1b: Gyarados|0 fnt\n|faint|p1b: Gyarados\n|\n|win|Boredrake2\n|raw|mimiquiu01's rating: 1359 &rarr; <strong>1343</strong><br />(-16 for losing)\n|raw|Boredrake2's rating: 1432 &rarr; <strong>1448</strong><br />(+16 for winning)\n|c|\u2606Boredrake2|You won't\n|c|\u2606Boredrake2|probably\n",
  "uploadtime": 1776526824,
  "views": 30,
  "formatid": "gen9championsvgc2026regma",
  "rating": 1343,
  "private": 0,
  "password": null
}