{
  "id": "gen9championsvgc2026regma-2582147414",
  "format": "[Gen 9 Champions] VGC 2026 Reg M-A",
  "players": [
    "anez0410",
    "princess 68"
  ],
  "log": "|j|\u2606anez0410\n|j|\u2606princess 68\n|t:|1776064100\n|gametype|doubles\n|player|p1|anez0410|169|1099\n|player|p2|princess 68|elesa|1050\n|gen|9\n|tier|[Gen 9 Champions] VGC 2026 Reg M-A\n|rated|\n|rule|Species Clause: Limit one of each Pok\u00e9mon\n|rule|Item Clause: Limit 1 of each item\n|clearpoke\n|poke|p1|Feraligatr, L50, F|\n|poke|p1|Farigiraf, L50, F|\n|poke|p1|Clefable, L50, F|\n|poke|p1|Altaria, L50, F|\n|poke|p1|Raichu, L50, M|\n|poke|p1|Scizor, L50, F|\n|poke|p2|Sylveon, L50, M|\n|poke|p2|Farigiraf, L50, F|\n|poke|p2|Abomasnow, L50, F|\n|poke|p2|Garchomp, L50, F|\n|poke|p2|Gallade, L50, M|\n|poke|p2|Milotic, L50, F|\n|teampreview|4\n|\n|t:|1776064135\n|teamsize|p1|4\n|teamsize|p2|4\n|start\n|switch|p1a: Farigiraf|Farigiraf, L50, F|100/100\n|switch|p1b: Feraligatr|Feraligatr, L50, F|100/100\n|switch|p2a: Farigiraf|Farigiraf, L50, F|100/100\n|switch|p2b: Milotic|Milotic, L50, F|100/100\n|turn|1\n|\n|t:|1776064180\n|move|p1b: Feraligatr|Dragon Dance|p1b: Feraligatr\n|-boost|p1b: Feraligatr|atk|1\n|-boost|p1b: Feraligatr|spe|1\n|move|p2b: Milotic|Scald|p1b: Feraligatr\n|-resisted|p1b: Feraligatr|1\n|-damage|p1b: Feraligatr|80/100\n|move|p1a: Farigiraf|Imprison|p1a: Farigiraf\n|-start|p1a: Farigiraf|move: Imprison\n|move|p2a: Farigiraf|Roar|p1b: Feraligatr\n|drag|p1b: Scizor|Scizor, L50, F|100/100\n|\n|upkeep\n|turn|2\n|c|\u2606anez0410|damn nice roar HAHA\n|\n|t:|1776064229\n|move|p2b: Milotic|Scald|p1b: Scizor\n|-damage|p1b: Scizor|60/100\n|move|p1b: Scizor|U-turn|p2a: Farigiraf\n|-supereffective|p2a: Farigiraf|1\n|-damage|p2a: Farigiraf|17/100\n|\n|t:|1776064243\n|switch|p1b: Feraligatr|Feraligatr, L50, F|80/100|[from] U-turn\n|move|p1a: Farigiraf|Hyper Voice|p2b: Milotic|[spread] p2a,p2b\n|-damage|p2a: Farigiraf|0 fnt\n|-damage|p2b: Milotic|82/100\n|faint|p2a: Farigiraf\n|\n|-heal|p2b: Milotic|88/100|[from] item: Leftovers\n|upkeep\n|\n|t:|1776064268\n|switch|p2a: Abomasnow|Abomasnow, L50, F|100/100\n|-weather|Snowscape|[from] ability: Snow Warning|[of] p2a: Abomasnow\n|turn|3\n|\n|t:|1776064281\n|switch|p1b: Scizor|Scizor, L50, F|60/100\n|move|p2b: Milotic|Blizzard|p1a: Farigiraf|[spread] p1a,p1b\n|-resisted|p1b: Scizor|1\n|-damage|p1a: Farigiraf|78/100\n|-damage|p1b: Scizor|45/100\n|move|p1a: Farigiraf|Hyper Voice|p2b: Milotic|[spread] p2a,p2b\n|-damage|p2a: Abomasnow|71/100\n|-damage|p2b: Milotic|72/100\n|move|p2a: Abomasnow|Energy Ball|p1b: Scizor\n|-resisted|p1b: Scizor|2\n|-damage|p1b: Scizor|34/100\n|\n|-weather|Snowscape|[upkeep]\n|-heal|p2b: Milotic|78/100|[from] item: Leftovers\n|upkeep\n|turn|4\n|\n|t:|1776064327\n|move|p1b: Scizor|Bullet Punch|p2a: Abomasnow\n|-supereffective|p2a: Abomasnow|1\n|-damage|p2a: Abomasnow|15/100\n|move|p2b: Milotic|Blizzard|p1b: Scizor|[spread] p1a,p1b\n|-crit|p1a: Farigiraf\n|-resisted|p1b: Scizor|1\n|-damage|p1a: Farigiraf|39/100\n|-damage|p1b: Scizor|21/100\n|move|p1a: Farigiraf|Hyper Voice|p2a: Abomasnow|[spread] p2a,p2b\n|-damage|p2a: Abomasnow|0 fnt\n|-damage|p2b: Milotic|61/100\n|faint|p2a: Abomasnow\n|\n|-weather|Snowscape|[upkeep]\n|-heal|p2b: Milotic|68/100|[from] item: Leftovers\n|upkeep\n|\n|t:|1776064342\n|switch|p2a: Sylveon|Sylveon, L50, M|100/100\n|turn|5\n|\n|t:|1776064360\n|switch|p1b: Feraligatr|Feraligatr, L50, F|80/100\n|move|p2b: Milotic|Life Dew||[still]|[spread] p2a,p2b\n|-fail|p2a: Sylveon|heal\n|-heal|p2b: Milotic|93/100\n|move|p2a: Sylveon|Mystical Fire|p1b: Feraligatr\n|-resisted|p1b: Feraligatr|1\n|-damage|p1b: Feraligatr|62/100\n|-unboost|p1b: Feraligatr|spa|1\n|move|p1a: Farigiraf|Hyper Voice|p2b: Milotic|[spread] p2a,p2b\n|-damage|p2a: Sylveon|78/100\n|-damage|p2b: Milotic|75/100\n|\n|-weather|Snowscape|[upkeep]\n|-heal|p2b: Milotic|81/100|[from] item: Leftovers\n|upkeep\n|turn|6\n|\n|t:|1776064395\n|move|p1b: Feraligatr|Protect|p1b: Feraligatr\n|-singleturn|p1b: Feraligatr|Protect\n|move|p1a: Farigiraf|Protect|p1a: Farigiraf\n|-singleturn|p1a: Farigiraf|Protect\n|move|p2b: Milotic|Blizzard|p1a: Farigiraf|[spread] \n|-activate|p1a: Farigiraf|move: Protect\n|-activate|p1b: Feraligatr|move: Protect\n|move|p2a: Sylveon|Psyshock|p1b: Feraligatr\n|-activate|p1b: Feraligatr|move: Protect\n|\n|-weather|Snowscape|[upkeep]\n|-heal|p2b: Milotic|87/100|[from] item: Leftovers\n|upkeep\n|turn|7\n|\n|t:|1776064427\n|detailschange|p1b: Feraligatr|Feraligatr-Mega, L50, F\n|-mega|p1b: Feraligatr|Feraligatr|Feraligite\n|move|p1b: Feraligatr|Body Slam|p2b: Milotic\n|-damage|p2b: Milotic|17/100\n|move|p2b: Milotic|Blizzard|p1b: Feraligatr|[spread] p1a,p1b\n|-damage|p1a: Farigiraf|14/100\n|-damage|p1b: Feraligatr|35/100\n|move|p2a: Sylveon|Psyshock|p1b: Feraligatr\n|-damage|p1b: Feraligatr|12/100\n|move|p1a: Farigiraf|Hyper Voice|p2b: Milotic|[spread] p2a,p2b\n|-damage|p2a: Sylveon|57/100\n|-damage|p2b: Milotic|0 fnt\n|faint|p2b: Milotic\n|\n|-weather|none\n|upkeep\n|turn|8\n|c|\u2606anez0410|do u have hyper voice on your sylveon?\n|inactive|Battle timer is ON: inactive players will automatically lose when time's up. (requested by anez0410)\n|inactive|princess 68 has 60 seconds left.\n|c|\u2606anez0410|soooo\n|inactive|princess 68 has 30 seconds left.\n|inactive|princess 68 has 20 seconds left.\n|inactive|princess 68 has 15 seconds left.\n|inactive|princess 68 has 10 seconds left.\n|inactive|princess 68 has 5 seconds left.\n|\n|t:|1776064644\n|move|p1b: Feraligatr|Protect|p1b: Feraligatr\n|-singleturn|p1b: Feraligatr|Protect\n|move|p1a: Farigiraf|Protect|p1a: Farigiraf\n|-singleturn|p1a: Farigiraf|Protect\n|move|p2a: Sylveon|Psyshock|p1a: Farigiraf\n|-activate|p1a: Farigiraf|move: Protect\n|\n|upkeep\n|turn|9\n|inactive|princess 68 has 30 seconds left.\n|inactive|princess 68 has 20 seconds left.\n|inactive|princess 68 has 15 seconds left.\n|inactive|princess 68 has 10 seconds left.\n|inactive|princess 68 has 5 seconds left.\n|\n|t:|1776064699\n|switch|p1a: Raichu|Raichu, L50, M|100/100\n|move|p1b: Feraligatr|Liquidation|p2a: Sylveon\n|-damage|p2a: Sylveon|0 fnt\n|faint|p2a: Sylveon\n|\n|win|anez0410\n|raw|anez0410's rating: 1099 &rarr; <strong>1121</strong><br />(+22 for winning)\n|raw|princess 68's rating: 1050 &rarr; <strong>1035</strong><br />(-15 for losing)\n|c|\u2606anez0410|all things considered though gg\n",
  "uploadtime": 1776064739,
  "views": 23,
  "formatid": "gen9championsvgc2026regma",
  "rating": 1035,
  "private": 0,
  "password": null
}