{
  "id": "gen9championsvgc2026regma-2585011222",
  "format": "[Gen 9 Champions] VGC 2026 Reg M-A",
  "players": [
    "Skadoty",
    "Senpai_1987"
  ],
  "log": "|j|\u2606Skadoty\n|j|\u2606Senpai_1987\n|t:|1776303139\n|gametype|doubles\n|player|p1|Skadoty|101|1439\n|player|p2|Senpai_1987|aromalady|1460\n|gen|9\n|tier|[Gen 9 Champions] VGC 2026 Reg M-A\n|rated|\n|rule|Species Clause: Limit one of each Pok\u00e9mon\n|rule|Item Clause: Limit 1 of each item\n|clearpoke\n|poke|p1|Hydreigon, L50, F|\n|poke|p1|Farigiraf, L50, M|\n|poke|p1|Torkoal, L50, M|\n|poke|p1|Crabominable, L50, M|\n|poke|p1|Kingambit, L50, F|\n|poke|p1|Armarouge, L50, M|\n|poke|p2|Pelipper, L50, M|\n|poke|p2|Basculegion, L50, M|\n|poke|p2|Archaludon, L50, F|\n|poke|p2|Feraligatr, L50, F|\n|poke|p2|Scizor, L50, F|\n|poke|p2|Incineroar, L50, M|\n|teampreview|4\n|inactive|Battle timer is ON: inactive players will automatically lose when time's up. (requested by Skadoty)\n|\n|t:|1776303171\n|teamsize|p1|4\n|teamsize|p2|4\n|start\n|switch|p1a: Farigiraf|Farigiraf, L50, M|100/100\n|switch|p1b: Kingambit|Kingambit, L50, F|100/100\n|switch|p2a: The Spice|Incineroar, L50, M|100/100\n|switch|p2b: The Log|Basculegion, L50, M, shiny|100/100\n|-ability|p2a: The Spice|Intimidate|boost\n|-unboost|p1a: Farigiraf|atk|1\n|-unboost|p1b: Kingambit|atk|1\n|-ability|p1b: Kingambit|Defiant|boost\n|-boost|p1b: Kingambit|atk|2\n|turn|1\n|\n|t:|1776303194\n|switch|p2b: The Bowl|Pelipper, L50, M|100/100\n|-weather|RainDance|[from] ability: Drizzle|[of] p2b: The Bowl\n|move|p1b: Kingambit|Sucker Punch||[still]\n|-fail|p1b: Kingambit\n|move|p2a: The Spice|Roar|p1a: Farigiraf\n|drag|p1a: Crabominable|Crabominable, L50, M|100/100\n|\n|-weather|RainDance|[upkeep]\n|upkeep\n|turn|2\n|\n|t:|1776303213\n|detailschange|p1a: Crabominable|Crabominable-Mega, L50, M\n|-mega|p1a: Crabominable|Crabominable|Crabominite\n|move|p2b: The Bowl|Hurricane|p1a: Crabominable\n|-supereffective|p1a: Crabominable|1\n|-damage|p1a: Crabominable|23/100\n|-start|p1a: Crabominable|confusion\n|move|p1b: Kingambit|Kowtow Cleave|p2b: The Bowl\n|-enditem|p2b: The Bowl|Focus Sash\n|-damage|p2b: The Bowl|1/100\n|-activate|p1a: Crabominable|confusion\n|move|p1a: Crabominable|Drain Punch|p2a: The Spice\n|-supereffective|p2a: The Spice|1\n|-damage|p2a: The Spice|2/100\n|-heal|p1a: Crabominable|78/100|[from] drain|[of] p2a: The Spice\n|-enditem|p2a: The Spice|Sitrus Berry|[eat]\n|-heal|p2a: The Spice|27/100|[from] item: Sitrus Berry\n|move|p2a: The Spice|Roar|p1b: Kingambit\n|drag|p1b: Torkoal|Torkoal, L50, M|100/100\n|-weather|SunnyDay|[from] ability: Drought|[of] p1b: Torkoal\n|\n|-weather|SunnyDay|[upkeep]\n|upkeep\n|turn|3\n|inactive|Skadoty has 30 seconds left.\n|\n|t:|1776303240\n|switch|p1b: Farigiraf|Farigiraf, L50, M|100/100\n|-activate|p1a: Crabominable|confusion\n|move|p1a: Crabominable|Mach Punch|p2a: The Spice\n|-supereffective|p2a: The Spice|1\n|-damage|p2a: The Spice|0 fnt\n|faint|p2a: The Spice\n|move|p2b: The Bowl|Weather Ball|p1a: Crabominable\n|-supereffective|p1a: Crabominable|1\n|-damage|p1a: Crabominable|14/100\n|\n|-weather|SunnyDay|[upkeep]\n|upkeep\n|\n|t:|1776303257\n|switch|p2a: The Log|Basculegion, L50, M, shiny|100/100\n|turn|4\n|inactive|Senpai_1987 has 30 seconds left.\n|\n|t:|1776303285\n|-end|p1a: Crabominable|confusion\n|move|p1a: Crabominable|Mach Punch|p2b: The Bowl\n|-resisted|p2b: The Bowl|1\n|-damage|p2b: The Bowl|0 fnt\n|faint|p2b: The Bowl\n|move|p2a: The Log|Wave Crash|p1b: Farigiraf\n|-damage|p1b: Farigiraf|67/100\n|-damage|p2a: The Log|88/100|[from] Recoil\n|move|p1b: Farigiraf|Trick Room|p1b: Farigiraf\n|-fieldstart|move: Trick Room|[of] p1b: Farigiraf\n|\n|-weather|SunnyDay|[upkeep]\n|upkeep\n|\n|t:|1776303290\n|switch|p2b: The Lid|Feraligatr, L50, F|100/100\n|turn|5\n|\n|t:|1776303298\n|move|p2b: The Lid|Protect|p2b: The Lid\n|-singleturn|p2b: The Lid|Protect\n|move|p1a: Crabominable|Drain Punch|p2b: The Lid\n|-activate|p2b: The Lid|move: Protect\n|move|p1b: Farigiraf|Dazzling Gleam|p2b: The Lid|[spread] p2a\n|-activate|p2b: The Lid|move: Protect\n|-damage|p2a: The Log|72/100\n|move|p2a: The Log|Wave Crash|p1a: Crabominable\n|-crit|p1a: Crabominable\n|-damage|p1a: Crabominable|0 fnt\n|faint|p1a: Crabominable\n|-damage|p2a: The Log|68/100|[from] Recoil\n|\n|-weather|SunnyDay|[upkeep]\n|upkeep\n|\n|t:|1776303312\n|switch|p1a: Kingambit|Kingambit, L50, F|100/100\n|turn|6\n|\n|t:|1776303326\n|move|p1a: Kingambit|Kowtow Cleave|p2b: The Lid\n|-damage|p2b: The Lid|40/100\n|move|p1b: Farigiraf|Dazzling Gleam|p2a: The Log|[spread] p2a,p2b\n|-crit|p2a: The Log\n|-damage|p2a: The Log|42/100\n|-damage|p2b: The Lid|23/100\n|move|p2b: The Lid|Dragon Dance|p2b: The Lid\n|-boost|p2b: The Lid|atk|1\n|-boost|p2b: The Lid|spe|1\n|move|p2a: The Log|Wave Crash|p1b: Farigiraf\n|-damage|p1b: Farigiraf|33/100\n|-damage|p2a: The Log|29/100|[from] Recoil\n|\n|-weather|none\n|upkeep\n|turn|7\n|\n|t:|1776303348\n|switch|p1b: Torkoal|Torkoal, L50, M|100/100\n|-weather|SunnyDay|[from] ability: Drought|[of] p1b: Torkoal\n|move|p1a: Kingambit|Kowtow Cleave|p2a: The Log\n|-supereffective|p2a: The Log|1\n|-damage|p2a: The Log|0 fnt\n|faint|p2a: The Log\n|move|p2b: The Lid|Liquidation|p1a: Kingambit\n|-damage|p1a: Kingambit|69/100\n|\n|-weather|SunnyDay|[upkeep]\n|upkeep\n|turn|8\n|\n|t:|1776303362\n|detailschange|p2b: The Lid|Feraligatr-Mega, L50, F\n|-mega|p2b: The Lid|Feraligatr|Feraligite\n|move|p1b: Torkoal|Solar Beam||[still]\n|-prepare|p1b: Torkoal|Solar Beam\n|-anim|p1b: Torkoal|Solar Beam|p2b: The Lid\n|-damage|p2b: The Lid|0 fnt\n|faint|p2b: The Lid\n|\n|win|Skadoty\n|raw|Skadoty's rating: 1439 &rarr; <strong>1460</strong><br />(+21 for winning)\n|raw|Senpai_1987's rating: 1460 &rarr; <strong>1439</strong><br />(-21 for losing)\n",
  "uploadtime": 1776303372,
  "views": 33,
  "formatid": "gen9championsvgc2026regma",
  "rating": 1439,
  "private": 0,
  "password": null
}