{
  "id": "gen9championsvgc2026regma-2582094220",
  "format": "[Gen 9 Champions] VGC 2026 Reg M-A",
  "players": [
    "Nerumy07",
    "Kiryuri"
  ],
  "log": "|j|\u2606Nerumy07\n|j|\u2606Kiryuri\n|t:|1776057113\n|gametype|doubles\n|player|p1|Nerumy07|acetrainer|1310\n|player|p2|Kiryuri|acetrainerf|1367\n|gen|9\n|tier|[Gen 9 Champions] VGC 2026 Reg M-A\n|rated|\n|rule|Species Clause: Limit one of each Pok\u00e9mon\n|rule|Item Clause: Limit 1 of each item\n|clearpoke\n|poke|p1|Dragonite, L50, M|\n|poke|p1|Politoed, L50, M|\n|poke|p1|Archaludon, L50, F|\n|poke|p1|Basculegion, L50, M|\n|poke|p1|Sneasler, L50, M|\n|poke|p1|Sinistcha, L50|\n|poke|p2|Floette-Eternal, L50, F|\n|poke|p2|Talonflame, L50, F|\n|poke|p2|Sneasler, L50, F|\n|poke|p2|Garchomp, L50, F|\n|poke|p2|Rotom-Wash, L50|\n|poke|p2|Ninetales-Alola, L50, F|\n|teampreview|4\nKiryuri has agreed to open team sheets.\n|inactive|Battle timer is ON: inactive players will automatically lose when time's up. (requested by Kiryuri)\n|inactive|Nerumy07 has 60 seconds left.\n|inactive|Kiryuri has 60 seconds left.\n|\n|t:|1776057158\n|teamsize|p1|4\n|teamsize|p2|4\n|start\n|switch|p1a: Sinistcha|Sinistcha, L50|100/100\n|switch|p1b: Archaludon|Archaludon, L50, F|100/100\n|switch|p2a: Garchomp|Garchomp, L50, F|100/100\n|switch|p2b: Rotom|Rotom-Wash, L50|100/100\n|turn|1\n|inactive|Nerumy07 has 30 seconds left.\n|\n|t:|1776057189\n|move|p1b: Archaludon|Protect|p1b: Archaludon\n|-singleturn|p1b: Archaludon|Protect\n|move|p2a: Garchomp|Earthquake|p1a: Sinistcha|[spread] p1a\n|-activate|p1b: Archaludon|move: Protect\n|-immune|p2b: Rotom|[from] ability: Levitate\n|-resisted|p1a: Sinistcha|1\n|-damage|p1a: Sinistcha|78/100\n|move|p2b: Rotom|Electroweb|p1a: Sinistcha|[spread] p1a\n|-activate|p1b: Archaludon|move: Protect\n|-resisted|p1a: Sinistcha|1\n|-damage|p1a: Sinistcha|70/100\n|-unboost|p1a: Sinistcha|spe|1\n|move|p1a: Sinistcha|Trick Room|p1a: Sinistcha\n|-fieldstart|move: Trick Room|[of] p1a: Sinistcha\n|\n|-heal|p1a: Sinistcha|76/100|[from] item: Leftovers\n|upkeep\n|turn|2\n|inactive|Nerumy07 has 30 seconds left.\n|inactive|Nerumy07 has 20 seconds left.\n|inactive|Kiryuri has 30 seconds left.\n|inactive|Nerumy07 has 15 seconds left.\n|\n|t:|1776057234\n|move|p1a: Sinistcha|Matcha Gotcha|p2b: Rotom|[spread] p2a\n|-miss|p1a: Sinistcha|p2b: Rotom\n|-damage|p2a: Garchomp|73/100\n|-heal|p1a: Sinistcha|91/100|[from] drain|[of] p2a: Garchomp\n|move|p2b: Rotom|Volt Switch|p1b: Archaludon\n|-resisted|p1b: Archaludon|1\n|-damage|p1b: Archaludon|84/100\n|-ability|p1b: Archaludon|Stamina|boost\n|-boost|p1b: Archaludon|def|1\n|\n|t:|1776057249\n|switch|p2b: Talonflame|Talonflame, L50, F, shiny|100/100|[from] Volt Switch\n|move|p1b: Archaludon|Flash Cannon|p2a: Garchomp\n|-damage|p2a: Garchomp|19/100\n|move|p2a: Garchomp|Earthquake|p1b: Archaludon|[spread] p1a,p1b\n|-immune|p2b: Talonflame\n|-resisted|p1a: Sinistcha|1\n|-supereffective|p1b: Archaludon|1\n|-damage|p1a: Sinistcha|68/100\n|-damage|p1b: Archaludon|31/100\n|-ability|p1b: Archaludon|Stamina|boost\n|-boost|p1b: Archaludon|def|1\n|\n|-heal|p1a: Sinistcha|74/100|[from] item: Leftovers\n|upkeep\n|turn|3\n|\n|t:|1776057273\n|switch|p1a: Politoed|Politoed, L50, M, shiny|100/100\n|-weather|RainDance|[from] ability: Drizzle|[of] p1a: Politoed\n|move|p2a: Garchomp|Protect|p2a: Garchomp\n|-singleturn|p2a: Garchomp|Protect\n|move|p2b: Talonflame|Brave Bird|p1a: Politoed\n|-damage|p1a: Politoed|63/100\n|-damage|p2b: Talonflame|88/100|[from] Recoil\n|move|p1b: Archaludon|Flash Cannon|p2a: Garchomp\n|-activate|p2a: Garchomp|move: Protect\n|\n|-weather|RainDance|[upkeep]\n|upkeep\n|turn|4\n|inactive|Nerumy07 has 30 seconds left.\n|inactive|Kiryuri has 30 seconds left.\n|\n|t:|1776057301\n|switch|p2a: Rotom|Rotom-Wash, L50|100/100\n|move|p1a: Politoed|Icy Wind|p2b: Talonflame|[spread] p2b\n|-miss|p1a: Politoed|p2a: Rotom\n|-damage|p2b: Talonflame|76/100\n|-unboost|p2b: Talonflame|spe|1\n|-enditem|p2b: Talonflame|White Herb\n|-clearnegativeboost|p2b: Talonflame|[silent]\n|move|p1b: Archaludon|Electro Shot||[still]\n|-prepare|p1b: Archaludon|Electro Shot\n|-boost|p1b: Archaludon|spa|1\n|-anim|p1b: Archaludon|Electro Shot|p2b: Talonflame\n|-supereffective|p2b: Talonflame|1\n|-damage|p2b: Talonflame|0 fnt\n|faint|p2b: Talonflame\n|\n|-weather|RainDance|[upkeep]\n|upkeep\n|\n|t:|1776057316\n|switch|p2b: Garchomp|Garchomp, L50, F|19/100\n|turn|5\n|\n|t:|1776057328\n|switch|p1a: Sinistcha|Sinistcha, L50|74/100\n|-heal|p1b: Archaludon|56/100|[from] ability: Hospitality|[of] p1a: Sinistcha\n|move|p2b: Garchomp|Protect|p2b: Garchomp\n|-singleturn|p2b: Garchomp|Protect\n|move|p2a: Rotom|Electroweb|p1b: Archaludon|[spread] p1a,p1b\n|-resisted|p1a: Sinistcha|1\n|-resisted|p1b: Archaludon|1\n|-crit|p1b: Archaludon\n|-damage|p1a: Sinistcha|67/100\n|-damage|p1b: Archaludon|42/100\n|-unboost|p1a: Sinistcha|spe|1\n|-unboost|p1b: Archaludon|spe|1\n|-ability|p1b: Archaludon|Stamina|boost\n|-boost|p1b: Archaludon|def|1\n|-enditem|p1b: Archaludon|White Herb\n|-clearnegativeboost|p1b: Archaludon|[silent]\n|move|p1b: Archaludon|Electro Shot||[still]\n|-prepare|p1b: Archaludon|Electro Shot\n|-boost|p1b: Archaludon|spa|1\n|-anim|p1b: Archaludon|Electro Shot|p2a: Rotom\n|-damage|p2a: Rotom|2/100\n|-enditem|p2a: Rotom|Sitrus Berry|[eat]\n|-heal|p2a: Rotom|26/100|[from] item: Sitrus Berry\n|\n|-weather|RainDance|[upkeep]\n|-heal|p1a: Sinistcha|74/100|[from] item: Leftovers\n|-fieldend|move: Trick Room\n|upkeep\n|turn|6\n|inactive|Kiryuri has 30 seconds left.\n|\n|t:|1776057356\n|move|p1b: Archaludon|Protect|p1b: Archaludon\n|-singleturn|p1b: Archaludon|Protect\n|move|p2b: Garchomp|Earthquake|p1b: Archaludon|[spread] p1a\n|-activate|p1b: Archaludon|move: Protect\n|-immune|p2a: Rotom|[from] ability: Levitate\n|-resisted|p1a: Sinistcha|1\n|-damage|p1a: Sinistcha|51/100\n|move|p2a: Rotom|Volt Switch|p1b: Archaludon\n|-activate|p1b: Archaludon|move: Protect\n|move|p1a: Sinistcha|Trick Room|p1a: Sinistcha\n|-fieldstart|move: Trick Room|[of] p1a: Sinistcha\n|\n|-weather|RainDance|[upkeep]\n|-heal|p1a: Sinistcha|57/100|[from] item: Leftovers\n|upkeep\n|turn|7\n|\n|t:|1776057380\n|move|p1a: Sinistcha|Matcha Gotcha|p2b: Garchomp|[spread] p2a\n|-miss|p1a: Sinistcha|p2b: Garchomp\n|-supereffective|p2a: Rotom|1\n|-damage|p2a: Rotom|0 fnt\n|-heal|p1a: Sinistcha|68/100|[from] drain|[of] p2a: Rotom\n|faint|p2a: Rotom\n|move|p1b: Archaludon|Flash Cannon|p2b: Garchomp\n|-damage|p2b: Garchomp|0 fnt\n|faint|p2b: Garchomp\n|\n|-weather|none\n|-heal|p1a: Sinistcha|75/100|[from] item: Leftovers\n|upkeep\n|\n|t:|1776057390\n|switch|p2b: Floette|Floette-Eternal, L50, F, shiny|100/100\n|turn|8\n|\n|t:|1776057399\n|detailschange|p2b: Floette|Floette-Mega, L50, F, shiny\n|-mega|p2b: Floette|Floette|Floettite\n|-ability|p2b: Floette|Fairy Aura\n|move|p1a: Sinistcha|Life Dew|p1a: Sinistcha|[spread] p1a,p1b\n|-heal|p1a: Sinistcha|99/100\n|-heal|p1b: Archaludon|67/100\n|move|p1b: Archaludon|Flash Cannon|p2b: Floette\n|-supereffective|p2b: Floette|1\n|-damage|p2b: Floette|0 fnt\n|faint|p2b: Floette\n|\n|win|Nerumy07\n|raw|Nerumy07's rating: 1310 &rarr; <strong>1333</strong><br />(+23 for winning)\n|raw|Kiryuri's rating: 1367 &rarr; <strong>1344</strong><br />(-23 for losing)\n|l|\u2606Kiryuri\n|player|p2|\n",
  "uploadtime": 1776057409,
  "views": 52,
  "formatid": "gen9championsvgc2026regma",
  "rating": 1333,
  "private": 0,
  "password": null
}