{
  "id": "gen9championsvgc2026regma-2585129274",
  "format": "[Gen 9 Champions] VGC 2026 Reg M-A",
  "players": [
    "TonyMacaroni5678",
    "Ttuhccd"
  ],
  "log": "|j|\u2606TonyMacaroni5678\n|j|\u2606Ttuhccd\n|t:|1776315244\n|gametype|doubles\n|player|p1|TonyMacaroni5678|101|1060\n|player|p2|Ttuhccd|102|1000\n|gen|9\n|tier|[Gen 9 Champions] VGC 2026 Reg M-A\n|rated|\n|rule|Species Clause: Limit one of each Pok\u00e9mon\n|rule|Item Clause: Limit 1 of each item\n|clearpoke\n|poke|p1|Glimmora, L50, F|\n|poke|p1|Decidueye-Hisui, L50, M|\n|poke|p1|Palafin, L50, M|\n|poke|p1|Ninetales-Alola, L50, M|\n|poke|p1|Whimsicott, L50, F|\n|poke|p1|Arcanine-Hisui, L50, F|\n|poke|p2|Lopunny, L50, M|\n|poke|p2|Froslass, L50, F|\n|poke|p2|Milotic, L50, M|\n|poke|p2|Hatterene, L50, F|\n|poke|p2|Tinkaton, L50, F|\n|poke|p2|Liepard, L50, F|\n|teampreview|4\n|inactive|Battle timer is ON: inactive players will automatically lose when time's up. (requested by TonyMacaroni5678)\nTonyMacaroni5678 has agreed to open team sheets.\n|inactive|TonyMacaroni5678 has 60 seconds left.\nTtuhccd rejected open team sheets.\n|inactive|TonyMacaroni5678 has 30 seconds left.\n|inactive|TonyMacaroni5678 has 20 seconds left.\n|inactive|TonyMacaroni5678 has 15 seconds left.\n|\n|t:|1776315319\n|teamsize|p1|4\n|teamsize|p2|4\n|start\n|switch|p1a: Decidueye|Decidueye-Hisui, L50, M|100/100\n|switch|p1b: Glimmora|Glimmora, L50, F|100/100\n|switch|p2a: Liepard|Liepard, L50, F|100/100\n|switch|p2b: Tinkaton|Tinkaton, L50, F|100/100\n|turn|1\n|inactive|Ttuhccd has 30 seconds left.\n|\n|t:|1776315347\n|move|p1b: Glimmora|Spiky Shield|p1b: Glimmora\n|-singleturn|p1b: Glimmora|move: Protect\n|move|p2a: Liepard|Swagger|p2b: Tinkaton\n|-boost|p2b: Tinkaton|atk|2\n|-immune|p2b: Tinkaton|confusion|[from] ability: Own Tempo\n|move|p2b: Tinkaton|Gigaton Hammer|p1b: Glimmora\n|-activate|p1b: Glimmora|move: Protect\n|move|p1a: Decidueye|Triple Arrows|p2a: Liepard\n|-supereffective|p2a: Liepard|1\n|-crit|p2a: Liepard\n|-damage|p2a: Liepard|0 fnt\n|faint|p2a: Liepard\n|\n|upkeep\n|\n|t:|1776315365\n|switch|p2a: Lopunny|Lopunny, L50, M, shiny|100/100\n|turn|2\n|\n|t:|1776315380\n|switch|p1b: Palafin|Palafin, L50, M|100/100\n|move|p2b: Tinkaton|Protect|p2b: Tinkaton\n|-singleturn|p2b: Tinkaton|Protect\n|move|p2a: Lopunny|U-turn|p1a: Decidueye\n|-damage|p1a: Decidueye|83/100\n|\n|t:|1776315387\n|switch|p2a: Froslass|Froslass, L50, F, shiny|100/100|[from] U-turn\n|move|p1a: Decidueye|Triple Arrows|p2a: Froslass\n|-supereffective|p2a: Froslass|1\n|-damage|p2a: Froslass|0 fnt\n|faint|p2a: Froslass\n|\n|upkeep\n|\n|t:|1776315396\n|switch|p2a: Lopunny|Lopunny, L50, M, shiny|100/100\n|turn|3\n|\n|t:|1776315416\n|move|p2a: Lopunny|Fake Out|p1b: Palafin\n|-damage|p1b: Palafin|80/100\n|cant|p1b: Palafin|flinch\n|move|p2b: Tinkaton|Gigaton Hammer|p1a: Decidueye\n|-damage|p1a: Decidueye|0 fnt\n|faint|p1a: Decidueye\n|\n|upkeep\n|\n|t:|1776315425\n|switch|p1a: Ninetales|Ninetales-Alola, L50, M|100/100\n|-weather|Snowscape|[from] ability: Snow Warning|[of] p1a: Ninetales\n|turn|4\n|\n|t:|1776315436\n|move|p2b: Tinkaton|Protect|p2b: Tinkaton\n|-singleturn|p2b: Tinkaton|Protect\n|move|p1a: Ninetales|Aurora Veil|p1a: Ninetales\n|-sidestart|p1: TonyMacaroni5678|move: Aurora Veil\n|move|p2a: Lopunny|Play Rough|p1b: Palafin\n|-damage|p1b: Palafin|59/100\n|move|p1b: Palafin|Flip Turn|p2a: Lopunny\n|-damage|p2a: Lopunny|66/100\n|\n|t:|1776315445\n|detailschange|p1b: Palafin|Palafin-Hero, L50, M\n|switch|p1b: Glimmora|Glimmora, L50, F|100/100|[from] Flip Turn\n|\n|-weather|Snowscape|[upkeep]\n|upkeep\n|turn|5\n|\n|t:|1776315462\n|detailschange|p2a: Lopunny|Lopunny-Mega, L50, M, shiny\n|-mega|p2a: Lopunny|Lopunny|Lopunnite\n|detailschange|p1b: Glimmora|Glimmora-Mega, L50, F\n|-mega|p1b: Glimmora|Glimmora|Glimmoranite\n|move|p2a: Lopunny|High Jump Kick|p1b: Glimmora\n|-damage|p1b: Glimmora|50/100\n|move|p1a: Ninetales|Icy Wind|p2b: Tinkaton|[spread] p2a,p2b\n|-resisted|p2b: Tinkaton|1\n|-damage|p2a: Lopunny|45/100\n|-damage|p2b: Tinkaton|94/100\n|-unboost|p2a: Lopunny|spe|1\n|-unboost|p2b: Tinkaton|spe|1\n|move|p1b: Glimmora|Earth Power|p2b: Tinkaton\n|-supereffective|p2b: Tinkaton|1\n|-damage|p2b: Tinkaton|34/100\n|move|p2b: Tinkaton|Gigaton Hammer|p1a: Ninetales\n|-supereffective|p1a: Ninetales|2\n|-enditem|p1a: Ninetales|Babiri Berry|[eat]\n|-enditem|p1a: Ninetales|Babiri Berry|[weaken]\n|-damage|p1a: Ninetales|0 fnt\n|faint|p1a: Ninetales\n|\n|-weather|Snowscape|[upkeep]\n|upkeep\n|\n|t:|1776315480\n|switch|p1a: Palafin|Palafin-Hero, L50, M|59/100\n|-activate|p1a: Palafin|ability: Zero to Hero\n|turn|6\n|\n|t:|1776315491\n|move|p2b: Tinkaton|Protect|p2b: Tinkaton\n|-singleturn|p2b: Tinkaton|Protect\n|move|p1a: Palafin|Jet Punch|p2a: Lopunny\n|-damage|p2a: Lopunny|0 fnt\n|faint|p2a: Lopunny\n|move|p1b: Glimmora|Earth Power|p2b: Tinkaton\n|-activate|p2b: Tinkaton|move: Protect\n|\n|-weather|Snowscape|[upkeep]\n|upkeep\n|turn|7\n|-message|Ttuhccd forfeited.\n|\n|win|TonyMacaroni5678\n|raw|TonyMacaroni5678's rating: 1060 &rarr; <strong>1086</strong><br />(+26 for winning)\n|raw|Ttuhccd's rating: 1000 &rarr; <strong>1000</strong><br />(+0 for losing)\n|l|\u2606Ttuhccd\n|player|p2|\n",
  "uploadtime": 1776315502,
  "views": 38,
  "formatid": "gen9championsvgc2026regma",
  "rating": 1000,
  "private": 0,
  "password": null
}