{
  "id": "gen9championsvgc2026regma-2581003850",
  "format": "[Gen 9 Champions] VGC 2026 Reg M-A",
  "players": [
    "namboyVGC",
    "Millicay"
  ],
  "log": "|j|\u2606namboyVGC\n|j|\u2606Millicay\n|t:|1775950822\n|gametype|doubles\n|player|p1|namboyVGC|pokemonranger-gen4|1033\n|player|p2|Millicay|clerk|1000\n|gen|9\n|tier|[Gen 9 Champions] VGC 2026 Reg M-A\n|rated|\n|rule|Species Clause: Limit one of each Pok\u00e9mon\n|rule|Item Clause: Limit 1 of each item\n|clearpoke\n|poke|p1|Alakazam, L50, M|\n|poke|p1|Espathra, L50, M|\n|poke|p1|Meowstic, L50, M|\n|poke|p1|Sneasler, L50, F|\n|poke|p1|Aerodactyl, L50, M|\n|poke|p1|Clefable, L50, F|\n|poke|p2|Dragapult, L50, F|\n|poke|p2|Palafin, L50, F|\n|poke|p2|Emolga, L50, M|\n|poke|p2|Espathra, L50, M|\n|poke|p2|Sableye, L50, F|\n|teampreview|4\n|inactive|Battle timer is ON: inactive players will automatically lose when time's up. (requested by namboyVGC)\nnamboyVGC has agreed to open team sheets.\n|\n|t:|1775950852\n|teamsize|p1|4\n|teamsize|p2|4\n|start\n|switch|p1a: Meowstic|Meowstic, L50, M|100/100\n|switch|p1b: Aerodactyl|Aerodactyl, L50, M|100/100\n|switch|p2a: Palafin|Palafin, L50, F|100/100\n|switch|p2b: Dragapult|Dragapult, L50, F|100/100\n|turn|1\n|\n|t:|1775950874\n|detailschange|p2a: Palafin|Palafin-Hero, L50, F\n|switch|p2a: Sableye|Sableye, L50, F|100/100\n|detailschange|p1b: Aerodactyl|Aerodactyl-Mega, L50, M\n|-mega|p1b: Aerodactyl|Aerodactyl|Aerodactylite\n|move|p1a: Meowstic|Fake Out|p2a: Sableye\n|-immune|p2a: Sableye\n|move|p2b: Dragapult|Dragon Dance|p2b: Dragapult\n|-boost|p2b: Dragapult|atk|1\n|-boost|p2b: Dragapult|spe|1\n|move|p1b: Aerodactyl|Rock Slide|p2b: Dragapult|[spread] p2b\n|-miss|p1b: Aerodactyl|p2a: Sableye\n|-damage|p2b: Dragapult|63/100\n|\n|upkeep\n|turn|2\n|\n|t:|1775950895\n|switch|p1a: Clefable|Clefable, L50, F|100/100\n|move|p1b: Aerodactyl|Protect|p1b: Aerodactyl\n|-singleturn|p1b: Aerodactyl|Protect\n|move|p2a: Sableye|Disable|p1b: Aerodactyl\n|-activate|p1b: Aerodactyl|move: Protect\n|move|p2b: Dragapult|Dragon Dance|p2b: Dragapult\n|-boost|p2b: Dragapult|atk|1\n|-boost|p2b: Dragapult|spe|1\n|\n|upkeep\n|turn|3\n|\n|t:|1775950914\n|move|p1a: Clefable|Follow Me|p1a: Clefable\n|-singleturn|p1a: Clefable|move: Follow Me\n|move|p2a: Sableye|Quash||[still]\n|-fail|p2a: Sableye\n|move|p2b: Dragapult|Baton Pass|p2b: Dragapult\n|inactive|Millicay has 30 seconds left.\n|\n|t:|1775950941\n|switch|p2b: Palafin|Palafin-Hero, L50, F|100/100|[from] Baton Pass\n|-activate|p2b: Palafin|ability: Zero to Hero\n|move|p1b: Aerodactyl|Rock Slide|p2a: Sableye|[spread] p2a,p2b\n|-damage|p2a: Sableye|58/100\n|-damage|p2b: Palafin|66/100\n|\n|upkeep\n|turn|4\n|\n|t:|1775950966\n|move|p1a: Clefable|Follow Me|p1a: Clefable\n|-singleturn|p1a: Clefable|move: Follow Me\n|move|p2b: Palafin|Jet Punch|p1a: Clefable\n|-damage|p1a: Clefable|62/100\n|move|p2a: Sableye|Disable|p1a: Clefable\n|-start|p1a: Clefable|Disable|Follow Me\n|move|p1b: Aerodactyl|Rock Slide|p2a: Sableye|[spread] p2a,p2b\n|-damage|p2a: Sableye|14/100\n|-damage|p2b: Palafin|32/100\n|\n|upkeep\n|turn|5\n|\n|t:|1775950983\n|move|p1b: Aerodactyl|Protect|p1b: Aerodactyl\n|-singleturn|p1b: Aerodactyl|Protect\n|move|p2b: Palafin|Jet Punch|p1b: Aerodactyl\n|-activate|p1b: Aerodactyl|move: Protect\n|move|p2a: Sableye|Disable|p1b: Aerodactyl\n|-activate|p1b: Aerodactyl|move: Protect\n|move|p1a: Clefable|Moonblast|p2b: Palafin\n|-damage|p2b: Palafin|0 fnt\n|faint|p2b: Palafin\n|\n|upkeep\n|-message|Millicay forfeited.\n|\n|win|namboyVGC\n|raw|namboyVGC's rating: 1033 &rarr; <strong>1065</strong><br />(+32 for winning)\n|raw|Millicay's rating: 1000 &rarr; <strong>1000</strong><br />(+0 for losing)\n",
  "uploadtime": 1775950994,
  "views": 12,
  "formatid": "gen9championsvgc2026regma",
  "rating": 1000,
  "private": 0,
  "password": null
}