{
  "id": "gen9championsvgc2026regma-2587253492",
  "format": "[Gen 9 Champions] VGC 2026 Reg M-A",
  "players": [
    "brojonski",
    "Vjck2308"
  ],
  "log": "|j|\u2606brojonski\n|j|\u2606Vjck2308\n|t:|1776514795\n|gametype|doubles\n|player|p1|brojonski|brock|1320\n|player|p2|Vjck2308|giovanni|1261\n|gen|9\n|tier|[Gen 9 Champions] VGC 2026 Reg M-A\n|rated|\n|rule|Species Clause: Limit one of each Pok\u00e9mon\n|rule|Item Clause: Limit 1 of each item\n|clearpoke\n|poke|p1|Crabominable, L50, M|\n|poke|p1|Zoroark-Hisui, L50, F|\n|poke|p1|Slowking, L50, F|\n|poke|p1|Incineroar, L50, F|\n|poke|p1|Tsareena, L50, F|\n|poke|p1|Glimmora, L50, M|\n|poke|p2|Meganium, L50, M|\n|poke|p2|Pelipper, L50, M|\n|poke|p2|Basculegion, L50, M|\n|poke|p2|Farigiraf, L50, M|\n|poke|p2|Sneasler, L50, F|\n|poke|p2|Kingambit, L50, M|\n|teampreview|4\n|inactive|Battle timer is ON: inactive players will automatically lose when time's up. (requested by brojonski)\n|inactive|brojonski has 60 seconds left.\n|inactive|Vjck2308 has 60 seconds left.\n|\n|t:|1776514848\n|teamsize|p1|4\n|teamsize|p2|4\n|start\n|switch|p1a: Slowking|Slowking, L50, F|100/100\n|switch|p1b: Tsareena|Tsareena, L50, F|100/100\n|switch|p2a: Sneasler|Sneasler, L50, F|100/100\n|switch|p2b: Pelipper|Pelipper, L50, M|100/100\n|-weather|RainDance|[from] ability: Drizzle|[of] p2b: Pelipper\n|turn|1\n|inactive|brojonski has 30 seconds left.\n|inactive|Vjck2308 has 30 seconds left.\n|inactive|brojonski has 20 seconds left.\n|inactive|Vjck2308 has 20 seconds left.\n|\n|t:|1776514887\n|switch|p1b: Glimmora|Glimmora, L50, M|100/100\n|move|p2a: Sneasler|Dire Claw|p1a: Slowking\n|-damage|p1a: Slowking|60/100\n|move|p2b: Pelipper|Hurricane|p1a: Slowking\n|-damage|p1a: Slowking|27/100\n|move|p1a: Slowking|Trick Room|p1a: Slowking\n|-fieldstart|move: Trick Room|[of] p1a: Slowking\n|\n|-weather|RainDance|[upkeep]\n|upkeep\n|turn|2\n|inactive|Vjck2308 has 30 seconds left.\n|\n|t:|1776514914\n|switch|p2a: Basculegion|Basculegion, L50, M|100/100\n|detailschange|p1b: Glimmora|Glimmora-Mega, L50, M\n|-mega|p1b: Glimmora|Glimmora|Glimmoranite\n|-prepare|p1a: Slowking|Chilly Reception|[premajor]\n|move|p1a: Slowking|Chilly Reception|p1a: Slowking\n|-weather|Snowscape\n|\n|t:|1776514925\n|switch|p1a: Crabominable|Crabominable, L50, M|100/100|[from] Chilly Reception\n|move|p2b: Pelipper|Hurricane|p1a: Crabominable|[miss]\n|-miss|p2b: Pelipper|p1a: Crabominable\n|move|p1b: Glimmora|Earth Power|p2a: Basculegion\n|-damage|p2a: Basculegion|57/100\n|\n|-weather|Snowscape|[upkeep]\n|upkeep\n|turn|3\n|inactive|Vjck2308 has 30 seconds left.\n|\n|t:|1776514953\n|move|p1a: Crabominable|Ice Hammer|p2b: Pelipper\n|-damage|p2b: Pelipper|32/100\n|-unboost|p1a: Crabominable|spe|1\n|move|p2b: Pelipper|Hurricane|p1a: Crabominable\n|-supereffective|p1a: Crabominable|1\n|-damage|p1a: Crabominable|0 fnt\n|faint|p1a: Crabominable\n|move|p1b: Glimmora|Power Gem|p2a: Basculegion\n|-damage|p2a: Basculegion|0 fnt\n|faint|p2a: Basculegion\n|\n|-weather|Snowscape|[upkeep]\n|upkeep\n|\n|t:|1776514971\n|switch|p1a: Slowking|Slowking, L50, F|60/100\n|switch|p2a: Sneasler|Sneasler, L50, F|100/100\n|turn|4\n|\n|t:|1776514993\n|move|p2a: Sneasler|Fake Out|p1b: Glimmora\n|-resisted|p1b: Glimmora|1\n|-damage|p1b: Glimmora|94/100\n|move|p1a: Slowking|Psychic Noise|p2b: Pelipper\n|-damage|p2b: Pelipper|0 fnt\n|faint|p2b: Pelipper\n|cant|p1b: Glimmora|flinch\n|\n|-weather|Snowscape|[upkeep]\n|upkeep\n|\n|t:|1776515003\n|switch|p2b: Meganium|Meganium, L50, M|100/100\n|turn|5\n|\n|t:|1776515019\n|detailschange|p2b: Meganium|Meganium-Mega, L50, M\n|-mega|p2b: Meganium|Meganium|Meganiumite\n|move|p2b: Meganium|Protect|p2b: Meganium\n|-singleturn|p2b: Meganium|Protect\n|move|p2a: Sneasler|Protect|p2a: Sneasler\n|-singleturn|p2a: Sneasler|Protect\n|move|p1a: Slowking|Psychic Noise|p2a: Sneasler\n|-activate|p2a: Sneasler|move: Protect\n|move|p1b: Glimmora|Sludge Bomb|p2b: Meganium\n|-activate|p2b: Meganium|move: Protect\n|\n|-weather|Snowscape|[upkeep]\n|-fieldend|move: Trick Room\n|upkeep\n|turn|6\n|inactive|Vjck2308 has 30 seconds left.\n|\n|t:|1776515045\n|move|p2a: Sneasler|Close Combat|p1b: Glimmora\n|-damage|p1b: Glimmora|31/100\n|-unboost|p2a: Sneasler|def|1\n|-unboost|p2a: Sneasler|spd|1\n|-enditem|p2a: Sneasler|White Herb\n|-clearnegativeboost|p2a: Sneasler|[silent]\n|move|p1b: Glimmora|Sludge Bomb|p2b: Meganium\n|-supereffective|p2b: Meganium|2\n|-damage|p2b: Meganium|0 fnt\n|faint|p2b: Meganium\n|move|p1a: Slowking|Psychic Noise|p2a: Sneasler\n|-supereffective|p2a: Sneasler|2\n|-damage|p2a: Sneasler|0 fnt\n|faint|p2a: Sneasler\n|\n|win|brojonski\n|raw|brojonski's rating: 1320 &rarr; <strong>1337</strong><br />(+17 for winning)\n|raw|Vjck2308's rating: 1261 &rarr; <strong>1240</strong><br />(-21 for losing)\n",
  "uploadtime": 1776515060,
  "views": 34,
  "formatid": "gen9championsvgc2026regma",
  "rating": 1240,
  "private": 0,
  "password": null
}