{
  "id": "gen9championsvgc2026regma-2586339826",
  "format": "[Gen 9 Champions] VGC 2026 Reg M-A",
  "players": [
    "Mudafaka",
    "davidzo7"
  ],
  "log": "|j|\u2606Mudafaka\n|j|\u2606davidzo7\n|t:|1776426823\n|gametype|doubles\n|player|p1|Mudafaka|2|1194\n|player|p2|davidzo7|supernerd|1205\n|gen|9\n|tier|[Gen 9 Champions] VGC 2026 Reg M-A\n|rated|\n|rule|Species Clause: Limit one of each Pok\u00e9mon\n|rule|Item Clause: Limit 1 of each item\n|clearpoke\n|poke|p1|Aerodactyl, L50, M|\n|poke|p1|Garchomp, L50, M|\n|poke|p1|Floette-Eternal, L50, F|\n|poke|p1|Froslass, L50, F|\n|poke|p1|Incineroar, L50, F|\n|poke|p1|Sneasler, L50, M|\n|poke|p2|Floette-Eternal, L50, F|\n|poke|p2|Garchomp, L50, F|\n|poke|p2|Kingambit, L50, F|\n|poke|p2|Basculegion, L50, M|\n|poke|p2|Sneasler, L50, F|\n|poke|p2|Froslass, L50, F|\n|teampreview|4\nMudafaka has agreed to open team sheets.\n|inactive|Battle timer is ON: inactive players will automatically lose when time's up. (requested by Mudafaka)\n|\n|t:|1776426870\n|teamsize|p1|4\n|teamsize|p2|4\n|start\n|switch|p1a: Aerodactyl|Aerodactyl, L50, M|100/100\n|switch|p1b: Sneasler|Sneasler, L50, M|100/100\n|switch|p2a: Kingambit|Kingambit, L50, F|100/100\n|switch|p2b: Froslass|Froslass, L50, F|100/100\n|-ability|p1a: Aerodactyl|Unnerve\n|turn|1\n|\n|t:|1776426894\n|detailschange|p2b: Froslass|Froslass-Mega, L50, F\n|-mega|p2b: Froslass|Froslass|Froslassite\n|-weather|Snowscape|[from] ability: Snow Warning|[of] p2b: Froslass\n|move|p2a: Kingambit|Protect|p2a: Kingambit\n|-singleturn|p2a: Kingambit|Protect\n|move|p1a: Aerodactyl|Tailwind|p1a: Aerodactyl\n|-sidestart|p1: Mudafaka|move: Tailwind\n|move|p1b: Sneasler|Close Combat|p2a: Kingambit\n|-activate|p2a: Kingambit|move: Protect\n|move|p2b: Froslass|Substitute|p2b: Froslass\n|-start|p2b: Froslass|Substitute\n|-damage|p2b: Froslass|76/100\n|\n|-weather|Snowscape|[upkeep]\n|upkeep\n|turn|2\n|inactive|davidzo7 has 30 seconds left.\n|inactive|davidzo7 has 20 seconds left.\n|inactive|davidzo7 has 15 seconds left.\n|\n|t:|1776426936\n|switch|p2a: Garchomp|Garchomp, L50, F|100/100\n|move|p1a: Aerodactyl|Rock Slide|p2a: Garchomp|[spread] p2a,p2b\n|-supereffective|p2b: Froslass|1\n|-end|p2b: Froslass|Substitute\n|-resisted|p2a: Garchomp|1\n|-damage|p2a: Garchomp|89/100\n|move|p1b: Sneasler|Close Combat|p2a: Garchomp\n|-damage|p2a: Garchomp|39/100\n|-unboost|p1b: Sneasler|def|1\n|-unboost|p1b: Sneasler|spd|1\n|-damage|p1b: Sneasler|88/100|[from] ability: Rough Skin|[of] p2a: Garchomp\n|move|p2b: Froslass|Blizzard|p1a: Aerodactyl|[spread] p1a,p1b\n|-supereffective|p1a: Aerodactyl|1\n|-enditem|p1a: Aerodactyl|Focus Sash\n|-damage|p1a: Aerodactyl|1/100\n|-damage|p1b: Sneasler|0 fnt\n|faint|p1b: Sneasler\n|\n|-weather|Snowscape|[upkeep]\n|upkeep\n|\n|t:|1776426948\n|switch|p1b: Incineroar|Incineroar, L50, F|100/100\n|-ability|p1b: Incineroar|Intimidate|boost\n|-unboost|p2a: Garchomp|atk|1\n|-unboost|p2b: Froslass|atk|1\n|turn|3\n|inactive|davidzo7 has 30 seconds left.\n|\n|t:|1776426979\n|move|p2b: Froslass|Protect|p2b: Froslass\n|-singleturn|p2b: Froslass|Protect\n|move|p1b: Incineroar|Fake Out|p2a: Garchomp\n|-damage|p2a: Garchomp|29/100\n|-damage|p1b: Incineroar|88/100|[from] ability: Rough Skin|[of] p2a: Garchomp\n|move|p1a: Aerodactyl|Rock Slide|p2a: Garchomp|[spread] p2a\n|-activate|p2b: Froslass|move: Protect\n|-resisted|p2a: Garchomp|1\n|-damage|p2a: Garchomp|19/100\n|cant|p2a: Garchomp|flinch\n|\n|-weather|Snowscape|[upkeep]\n|upkeep\n|turn|4\n|\n|t:|1776426992\n|move|p1a: Aerodactyl|Rock Slide|p2a: Garchomp|[spread] p2a,p2b\n|-resisted|p2a: Garchomp|1\n|-supereffective|p2b: Froslass|1\n|-damage|p2a: Garchomp|9/100\n|-damage|p2b: Froslass|31/100\n|move|p2b: Froslass|Substitute|p2b: Froslass\n|-start|p2b: Froslass|Substitute\n|-damage|p2b: Froslass|7/100\n|move|p1b: Incineroar|Parting Shot|p2b: Froslass\n|-unboost|p2b: Froslass|atk|1\n|-unboost|p2b: Froslass|spa|1\n|\n|t:|1776427002\n|switch|p1b: Floette|Floette-Eternal, L50, F|100/100|[from] Parting Shot\n|move|p2a: Garchomp|Rock Slide|p1a: Aerodactyl|[spread] p1b\n|-miss|p2a: Garchomp|p1a: Aerodactyl\n|-damage|p1b: Floette|80/100\n|\n|-weather|Snowscape|[upkeep]\n|-sideend|p1: Mudafaka|move: Tailwind\n|upkeep\n|turn|5\n|\n|t:|1776427020\n|detailschange|p1b: Floette|Floette-Mega, L50, F\n|-mega|p1b: Floette|Floette|Floettite\n|-ability|p1b: Floette|Fairy Aura\n|move|p1b: Floette|Protect|p1b: Floette\n|-singleturn|p1b: Floette|Protect\n|move|p2a: Garchomp|Protect|p2a: Garchomp\n|-singleturn|p2a: Garchomp|Protect\n|move|p1a: Aerodactyl|Tailwind|p1a: Aerodactyl\n|-sidestart|p1: Mudafaka|move: Tailwind\n|move|p2b: Froslass|Blizzard|p1b: Floette|[spread] p1a\n|-activate|p1b: Floette|move: Protect\n|-supereffective|p1a: Aerodactyl|1\n|-damage|p1a: Aerodactyl|0 fnt\n|faint|p1a: Aerodactyl\n|\n|-weather|none\n|upkeep\n|\n|t:|1776427031\n|switch|p1a: Incineroar|Incineroar, L50, F|88/100\n|-ability|p1a: Incineroar|Intimidate|boost\n|-unboost|p2a: Garchomp|atk|1\n|-immune|p2b: Froslass\n|turn|6\n|inactive|davidzo7 has 30 seconds left.\n|\n|t:|1776427058\n|switch|p2a: Sneasler|Sneasler, L50, F|100/100\n|move|p1b: Floette|Moonblast|p2a: Sneasler\n|-enditem|p2a: Sneasler|Focus Sash\n|-damage|p2a: Sneasler|1/100\n|move|p2b: Froslass|Blizzard|p1b: Floette|[spread] p1a,p1b\n|-resisted|p1a: Incineroar|1\n|-damage|p1a: Incineroar|79/100\n|-damage|p1b: Floette|56/100\n|move|p1a: Incineroar|Darkest Lariat|p2b: Froslass\n|-supereffective|p2b: Froslass|1\n|-end|p2b: Froslass|Substitute\n|\n|upkeep\n|turn|7\n|inactive|davidzo7 has 30 seconds left.\n|inactive|davidzo7 has 20 seconds left.\n|inactive|davidzo7 has 15 seconds left.\n|\n|t:|1776427099\n|move|p2a: Sneasler|Fake Out|p1b: Floette\n|-damage|p1b: Floette|36/100\n|cant|p1b: Floette|flinch\n|move|p2b: Froslass|Blizzard|p1a: Incineroar|[spread] p1a\n|-miss|p2b: Froslass|p1b: Floette\n|-resisted|p1a: Incineroar|1\n|-damage|p1a: Incineroar|69/100\n|move|p1a: Incineroar|Darkest Lariat|p2a: Sneasler\n|-resisted|p2a: Sneasler|1\n|-damage|p2a: Sneasler|0 fnt\n|faint|p2a: Sneasler\n|\n|upkeep\n|\n|t:|1776427115\n|switch|p2a: Garchomp|Garchomp, L50, F|9/100\n|turn|8\n|\n|t:|1776427124\n|move|p2b: Froslass|Protect|p2b: Froslass\n|-singleturn|p2b: Froslass|Protect\n|move|p2a: Garchomp|Protect|p2a: Garchomp\n|-singleturn|p2a: Garchomp|Protect\n|move|p1b: Floette|Dazzling Gleam|p2a: Garchomp|[spread] \n|-activate|p2a: Garchomp|move: Protect\n|-activate|p2b: Froslass|move: Protect\n|move|p1a: Incineroar|Darkest Lariat|p2b: Froslass\n|-activate|p2b: Froslass|move: Protect\n|\n|-sideend|p1: Mudafaka|move: Tailwind\n|upkeep\n|turn|9\n|\n|t:|1776427148\n|move|p2b: Froslass|Protect|p2b: Froslass\n|-singleturn|p2b: Froslass|Protect\n|move|p1b: Floette|Protect|p1b: Floette\n|-singleturn|p1b: Floette|Protect\n|move|p2a: Garchomp|Earthquake|p1b: Floette|[spread] p1a\n|-activate|p2b: Froslass|move: Protect\n|-activate|p1b: Floette|move: Protect\n|-supereffective|p1a: Incineroar|1\n|-damage|p1a: Incineroar|0 fnt\n|faint|p1a: Incineroar\n|\n|upkeep\n|turn|10\n|\n|t:|1776427173\n|move|p2b: Froslass|Shadow Ball|p1b: Floette\n|-damage|p1b: Floette|14/100\n|move|p1b: Floette|Dazzling Gleam|p2b: Froslass|[spread] p2a,p2b\n|-supereffective|p2a: Garchomp|1\n|-damage|p2a: Garchomp|0 fnt\n|-damage|p2b: Froslass|0 fnt\n|faint|p2a: Garchomp\n|faint|p2b: Froslass\n|\n|upkeep\n|\n|t:|1776427182\n|switch|p2a: Kingambit|Kingambit, L50, F|100/100\n|turn|11\n|\n|t:|1776427187\n|move|p1b: Floette|Protect|p1b: Floette\n|-singleturn|p1b: Floette|Protect\n|move|p2a: Kingambit|Sucker Punch||[still]\n|-fail|p2a: Kingambit\n|\n|upkeep\n|turn|12\n|\n|t:|1776427192\n|move|p1b: Floette|Protect||[still]\n|-fail|p1b: Floette\n|move|p2a: Kingambit|Sucker Punch||[still]\n|-fail|p2a: Kingambit\n|\n|upkeep\n|turn|13\n|\n|t:|1776427197\n|move|p1b: Floette|Protect|p1b: Floette\n|-singleturn|p1b: Floette|Protect\n|move|p2a: Kingambit|Sucker Punch||[still]\n|-fail|p2a: Kingambit\n|\n|upkeep\n|turn|14\n|\n|t:|1776427208\n|move|p1b: Floette|Light of Ruin|p2a: Kingambit\n|-damage|p2a: Kingambit|0 fnt\n|faint|p2a: Kingambit\n|-damage|p1b: Floette|0 fnt|[from] Recoil\n|faint|p1b: Floette\n|\n|win|Mudafaka\n|raw|Mudafaka's rating: 1194 &rarr; <strong>1220</strong><br />(+26 for winning)\n|raw|davidzo7's rating: 1205 &rarr; <strong>1179</strong><br />(-26 for losing)\n|l|\u2606davidzo7\n|player|p2|\n",
  "uploadtime": 1776427249,
  "views": 28,
  "formatid": "gen9championsvgc2026regma",
  "rating": 1179,
  "private": 0,
  "password": null
}