{
  "id": "gen9championsvgc2026regma-2584428956",
  "format": "[Gen 9 Champions] VGC 2026 Reg M-A",
  "players": [
    "Netroja",
    "dogdayzzz"
  ],
  "log": "|j|\u2606Netroja\n|j|\u2606dogdayzzz\n|t:|1776260232\n|gametype|doubles\n|player|p1|Netroja|ghetsis|1034\n|player|p2|dogdayzzz|miku-flying|1000\n|gen|9\n|tier|[Gen 9 Champions] VGC 2026 Reg M-A\n|rated|\n|rule|Species Clause: Limit one of each Pok\u00e9mon\n|rule|Item Clause: Limit 1 of each item\n|clearpoke\n|poke|p1|Chimecho, L50, M|\n|poke|p1|Meowscarada, L50, F|\n|poke|p1|Venusaur, L50, F|\n|poke|p1|Sinistcha-Masterpiece, L50|\n|poke|p1|Incineroar, L50, M|\n|poke|p1|Hydrapple, L50, F|\n|poke|p2|Archaludon, L50, F|\n|poke|p2|Pelipper, L50, F|\n|poke|p2|Sneasler, L50, M|\n|poke|p2|Starmie, L50|\n|poke|p2|Sylveon, L50, F|\n|poke|p2|Incineroar, L50, F|\n|teampreview|4\n|inactive|Battle timer is ON: inactive players will automatically lose when time's up. (requested by dogdayzzz)\n|c|\u2606dogdayzzz|glhf\n|inactive|dogdayzzz has 60 seconds left.\n|\n|t:|1776260270\n|teamsize|p1|4\n|teamsize|p2|4\n|start\n|switch|p1a: Chimecho|Chimecho, L50, M|100/100\n|switch|p1b: Meowscarada|Meowscarada, L50, F|100/100\n|switch|p2a: Sneasler|Sneasler, L50, M|100/100\n|switch|p2b: Sylveon|Sylveon, L50, F|100/100\n|turn|1\n|inactive|dogdayzzz has 30 seconds left.\n|\n|t:|1776260295\n|detailschange|p1a: Chimecho|Chimecho-Mega, L50, M\n|-mega|p1a: Chimecho|Chimecho|Chimechite\n|move|p1b: Meowscarada|Protect|p1b: Meowscarada\n|-start|p1b: Meowscarada|typechange|Normal|[from] ability: Protean\n|-singleturn|p1b: Meowscarada|Protect\n|move|p2a: Sneasler|Dire Claw|p1b: Meowscarada\n|-activate|p1b: Meowscarada|move: Protect\n|move|p1a: Chimecho|Substitute|p1a: Chimecho\n|-start|p1a: Chimecho|Substitute\n|-damage|p1a: Chimecho|76/100\n|move|p2b: Sylveon|Hyper Voice|p1b: Meowscarada|[spread] p1a\n|-activate|p1b: Meowscarada|move: Protect\n|-resisted|p1a: Chimecho|1\n|-damage|p1a: Chimecho|50/100\n|\n|upkeep\n|turn|2\n|\n|t:|1776260315\n|move|p1b: Meowscarada|Skill Swap|p1a: Chimecho\n|-activate|p1b: Meowscarada|Skill Swap|||[of] p1a: Chimecho\n|move|p2a: Sneasler|Close Combat|p1b: Meowscarada\n|-supereffective|p1b: Meowscarada|1\n|-damage|p1b: Meowscarada|0 fnt\n|-unboost|p2a: Sneasler|def|1\n|-unboost|p2a: Sneasler|spd|1\n|faint|p1b: Meowscarada\n|-enditem|p2a: Sneasler|White Herb\n|-clearnegativeboost|p2a: Sneasler|[silent]\n|move|p1a: Chimecho|Boomburst|p2a: Sneasler|[spread] p2a,p2b\n|-start|p1a: Chimecho|typechange|Normal|[from] ability: Protean\n|-crit|p2b: Sylveon\n|-damage|p2a: Sneasler|27/100\n|-damage|p2b: Sylveon|38/100\n|move|p2b: Sylveon|Hyper Voice|p1a: Chimecho\n|-damage|p1a: Chimecho|0 fnt\n|faint|p1a: Chimecho\n|\n|upkeep\n|\n|t:|1776260331\n|switch|p1b: Incineroar|Incineroar, L50, M|100/100\n|switch|p1a: Colonizer|Sinistcha-Masterpiece, L50|100/100\n|-ability|p1b: Incineroar|Intimidate|boost\n|-unboost|p2a: Sneasler|atk|1\n|-unboost|p2b: Sylveon|atk|1\n|turn|3\n|inactive|dogdayzzz has 30 seconds left.\n|\n|t:|1776260358\n|move|p1b: Incineroar|Fake Out|p2a: Sneasler\n|-damage|p2a: Sneasler|7/100\n|cant|p2a: Sneasler|flinch\n|move|p1a: Colonizer|Matcha Gotcha|p2b: Sylveon|[spread] p2a,p2b\n|-resisted|p2a: Sneasler|1\n|-damage|p2a: Sneasler|0 fnt\n|-damage|p2b: Sylveon|21/100\n|faint|p2a: Sneasler\n|move|p2b: Sylveon|Mystical Fire|p1a: Colonizer\n|-supereffective|p1a: Colonizer|1\n|-damage|p1a: Colonizer|44/100\n|-unboost|p1a: Colonizer|spa|1\n|\n|-heal|p1a: Colonizer|50/100|[from] item: Leftovers\n|upkeep\n|\n|t:|1776260366\n|switch|p2a: Pelipper|Pelipper, L50, F|100/100\n|-weather|RainDance|[from] ability: Drizzle|[of] p2a: Pelipper\n|turn|4\n|\n|t:|1776260379\n|move|p2a: Pelipper|Wide Guard|p2a: Pelipper\n|-singleturn|p2a: Pelipper|Wide Guard\n|move|p1a: Colonizer|Matcha Gotcha|p2b: Sylveon|[spread] \n|-activate|p2a: Pelipper|move: Wide Guard\n|-activate|p2b: Sylveon|move: Wide Guard\n|move|p2b: Sylveon|Hyper Voice|p1b: Incineroar|[spread] p1a,p1b\n|-damage|p1a: Colonizer|0 fnt\n|-damage|p1b: Incineroar|57/100\n|faint|p1a: Colonizer\n|move|p1b: Incineroar|Flare Blitz|p2b: Sylveon\n|-damage|p2b: Sylveon|0 fnt\n|faint|p2b: Sylveon\n|-damage|p1b: Incineroar|50/100|[from] Recoil\n|\n|-weather|RainDance|[upkeep]\n|upkeep\n|\n|t:|1776260391\n|switch|p2b: Starmie|Starmie, L50|100/100\n|turn|5\n|\n|t:|1776260397\n|detailschange|p2b: Starmie|Starmie-Mega, L50\n|-mega|p2b: Starmie|Starmie|Starminite\n|move|p1b: Incineroar|Protect|p1b: Incineroar\n|-singleturn|p1b: Incineroar|Protect\n|move|p2b: Starmie|Liquidation|p1b: Incineroar\n|-activate|p1b: Incineroar|move: Protect\n|move|p2a: Pelipper|Weather Ball|p1b: Incineroar\n|-activate|p1b: Incineroar|move: Protect\n|\n|-weather|RainDance|[upkeep]\n|upkeep\n|turn|6\n|-message|Netroja forfeited.\n|\n|win|dogdayzzz\n|raw|Netroja's rating: 1034 &rarr; <strong>1017</strong><br />(-17 for losing)\n|raw|dogdayzzz's rating: 1000 &rarr; <strong>1044</strong><br />(+44 for winning)\n|l|\u2606Netroja\n|player|p1|\n|c|\u2606dogdayzzz|gg\n",
  "uploadtime": 1776260409,
  "views": 20,
  "formatid": "gen9championsvgc2026regma",
  "rating": 1017,
  "private": 0,
  "password": null
}