{
  "id": "gen9championsvgc2026regma-2583269970",
  "format": "[Gen 9 Champions] VGC 2026 Reg M-A",
  "players": [
    "piedidiconkeldurr",
    "wuachaxl"
  ],
  "log": "|j|\u2606piedidiconkeldurr\n|j|\u2606wuachaxl\n|t:|1776161593\n|gametype|doubles\n|player|p1|piedidiconkeldurr|cynthia|1214\n|player|p2|wuachaxl|169|1254\n|gen|9\n|tier|[Gen 9 Champions] VGC 2026 Reg M-A\n|rated|\n|rule|Species Clause: Limit one of each Pok\u00e9mon\n|rule|Item Clause: Limit 1 of each item\n|clearpoke\n|poke|p1|Mudsdale, L50, M|\n|poke|p1|Farigiraf, L50, F|\n|poke|p1|Sinistcha, L50|\n|poke|p1|Incineroar, L50, M|\n|poke|p1|Delphox, L50, F|\n|poke|p1|Camerupt, L50, F|\n|poke|p2|Floette-Eternal, L50, F|\n|poke|p2|Incineroar, L50, F|\n|poke|p2|Dragonite, L50, F|\n|poke|p2|Sinistcha, L50|\n|poke|p2|Pelipper, L50, M|\n|poke|p2|Archaludon, L50, F|\n|teampreview|4\n|inactive|Battle timer is ON: inactive players will automatically lose when time's up. (requested by wuachaxl)\n|\n|t:|1776161681\n|teamsize|p1|4\n|teamsize|p2|4\n|start\n|switch|p1a: Sinistcha|Sinistcha, L50|100/100\n|switch|p1b: Delphox|Delphox, L50, F|100/100\n|switch|p2a: Floette|Floette-Eternal, L50, F|100/100\n|switch|p2b: Incineroar|Incineroar, L50, F|100/100\n|-ability|p2b: Incineroar|Intimidate|boost\n|-unboost|p1a: Sinistcha|atk|1\n|-unboost|p1b: Delphox|atk|1\n|turn|1\n|\n|t:|1776161698\n|switch|p1b: Mudsdale|Mudsdale, L50, M|100/100\n|move|p2b: Incineroar|Fake Out|p1b: Mudsdale\n|-damage|p1b: Mudsdale|89/100\n|move|p2a: Floette|Calm Mind|p2a: Floette\n|-boost|p2a: Floette|spa|1\n|-boost|p2a: Floette|spd|1\n|move|p1a: Sinistcha|Trick Room|p1a: Sinistcha\n|-fieldstart|move: Trick Room|[of] p1a: Sinistcha\n|\n|-heal|p1b: Mudsdale|95/100|[from] item: Leftovers\n|upkeep\n|turn|2\n|inactive|wuachaxl has 30 seconds left.\n|\n|t:|1776161725\n|switch|p1a: Incineroar|Incineroar, L50, M|100/100\n|-ability|p1a: Incineroar|Intimidate|boost\n|-unboost|p2a: Floette|atk|1\n|-unboost|p2b: Incineroar|atk|1\n|detailschange|p2a: Floette|Floette-Mega, L50, F\n|-mega|p2a: Floette|Floette|Floettite\n|-ability|p2a: Floette|Fairy Aura\n|move|p1b: Mudsdale|Heavy Slam|p2a: Floette\n|-supereffective|p2a: Floette|1\n|-damage|p2a: Floette|32/100\n|move|p2b: Incineroar|Flare Blitz|p1a: Incineroar\n|-resisted|p1a: Incineroar|1\n|-damage|p1a: Incineroar|84/100\n|-damage|p2b: Incineroar|95/100|[from] Recoil\n|move|p2a: Floette|Draining Kiss|p1b: Mudsdale\n|-damage|p1b: Mudsdale|53/100\n|-heal|p2a: Floette|68/100|[from] drain|[of] p1b: Mudsdale\n|\n|-heal|p1b: Mudsdale|58/100|[from] item: Leftovers\n|upkeep\n|turn|3\n|inactive|piedidiconkeldurr has 30 seconds left.\n|inactive|wuachaxl has 30 seconds left.\n|inactive|piedidiconkeldurr has 20 seconds left.\n|inactive|piedidiconkeldurr has 15 seconds left.\n|inactive|piedidiconkeldurr has 10 seconds left.\n|\n|t:|1776161772\n|move|p2a: Floette|Protect|p2a: Floette\n|-singleturn|p2a: Floette|Protect\n|move|p1b: Mudsdale|High Horsepower|p2b: Incineroar\n|-supereffective|p2b: Incineroar|1\n|-damage|p2b: Incineroar|0 fnt\n|faint|p2b: Incineroar\n|move|p1a: Incineroar|Flare Blitz|p2a: Floette\n|-activate|p2a: Floette|move: Protect\n|\n|-heal|p1b: Mudsdale|64/100|[from] item: Leftovers\n|upkeep\n|\n|t:|1776161778\n|switch|p2b: Sinistcha|Sinistcha, L50|100/100\n|-heal|p2a: Floette|93/100|[from] ability: Hospitality|[of] p2b: Sinistcha\n|turn|4\n|\n|t:|1776161796\n|move|p1b: Mudsdale|Heavy Slam|p2a: Floette\n|-supereffective|p2a: Floette|1\n|-damage|p2a: Floette|17/100\n|move|p1a: Incineroar|Flare Blitz|p2a: Floette\n|-damage|p2a: Floette|0 fnt\n|faint|p2a: Floette\n|-damage|p1a: Incineroar|79/100|[from] Recoil\n|move|p2b: Sinistcha|Matcha Gotcha|p1b: Mudsdale|[spread] p1a,p1b\n|-resisted|p1a: Incineroar|1\n|-supereffective|p1b: Mudsdale|1\n|-damage|p1a: Incineroar|68/100\n|-damage|p1b: Mudsdale|24/100\n|\n|-heal|p1b: Mudsdale|29/100|[from] item: Leftovers\n|upkeep\n|\n|t:|1776161802\n|switch|p2a: Pelipper|Pelipper, L50, M|100/100\n|-weather|RainDance|[from] ability: Drizzle|[of] p2a: Pelipper\n|turn|5\n|\n|t:|1776161824\n|switch|p1a: Sinistcha|Sinistcha, L50|100/100\n|-heal|p1b: Mudsdale|54/100|[from] ability: Hospitality|[of] p1a: Sinistcha\n|move|p2b: Sinistcha|Rage Powder|p2b: Sinistcha\n|-singleturn|p2b: Sinistcha|move: Rage Powder\n|move|p1b: Mudsdale|Heavy Slam|p2b: Sinistcha\n|-damage|p2b: Sinistcha|62/100\n|move|p2a: Pelipper|Weather Ball|p1b: Mudsdale\n|-supereffective|p1b: Mudsdale|1\n|-damage|p1b: Mudsdale|0 fnt\n|faint|p1b: Mudsdale\n|\n|-weather|RainDance|[upkeep]\n|-fieldend|move: Trick Room\n|upkeep\n|\n|t:|1776161842\n|switch|p1b: Delphox|Delphox, L50, F|100/100\n|turn|6\n|\n|t:|1776161859\n|detailschange|p1b: Delphox|Delphox-Mega, L50, F\n|-mega|p1b: Delphox|Delphox|Delphoxite\n|move|p1a: Sinistcha|Rage Powder|p1a: Sinistcha\n|-singleturn|p1a: Sinistcha|move: Rage Powder\n|move|p1b: Delphox|Psychic|p2a: Pelipper\n|-damage|p2a: Pelipper|11/100\n|move|p2a: Pelipper|Weather Ball|p1a: Sinistcha\n|-resisted|p1a: Sinistcha|1\n|-damage|p1a: Sinistcha|70/100\n|move|p2b: Sinistcha|Matcha Gotcha|p1b: Delphox|[spread] p1b\n|-miss|p2b: Sinistcha|p1a: Sinistcha\n|-resisted|p1b: Delphox|1\n|-damage|p1b: Delphox|90/100\n|-heal|p2b: Sinistcha|67/100|[from] drain|[of] p1b: Delphox\n|\n|-weather|RainDance|[upkeep]\n|upkeep\n|turn|7\n|-message|wuachaxl forfeited.\n|\n|win|piedidiconkeldurr\n|raw|piedidiconkeldurr's rating: 1214 &rarr; <strong>1242</strong><br />(+28 for winning)\n|raw|wuachaxl's rating: 1254 &rarr; <strong>1226</strong><br />(-28 for losing)\n|l|\u2606wuachaxl\n|player|p2|\n",
  "uploadtime": 1776161872,
  "views": 18,
  "formatid": "gen9championsvgc2026regma",
  "rating": 1226,
  "private": 0,
  "password": null
}