{
  "id": "gen9championsvgc2026regma-2581508899",
  "format": "[Gen 9 Champions] VGC 2026 Reg M-A",
  "players": [
    "LuckySugar",
    "Piotr67"
  ],
  "log": "|j|\u2606LuckySugar\n|j|\u2606Piotr67\n|t:|1776006848\n|gametype|doubles\n|player|p1|LuckySugar|iono|1116\n|player|p2|Piotr67|brawly|1110\n|gen|9\n|tier|[Gen 9 Champions] VGC 2026 Reg M-A\n|rated|\n|rule|Species Clause: Limit one of each Pok\u00e9mon\n|rule|Item Clause: Limit 1 of each item\n|clearpoke\n|poke|p1|Kommo-o, L50, F|\n|poke|p1|Heliolisk, L50, M|\n|poke|p1|Sinistcha, L50|\n|poke|p1|Aerodactyl, L50, M|\n|poke|p1|Basculegion, L50, M|\n|poke|p1|Glimmora, L50, F|\n|poke|p2|Charizard, L50, M|\n|poke|p2|Venusaur, L50, F|\n|poke|p2|Whimsicott, L50, F|\n|poke|p2|Incineroar, L50, M|\n|poke|p2|Kingambit, L50, M|\n|poke|p2|Garchomp, L50, M|\n|teampreview|4\n|inactive|Battle timer is ON: inactive players will automatically lose when time's up. (requested by LuckySugar)\n|inactive|LuckySugar has 60 seconds left.\n|inactive|Piotr67 has 60 seconds left.\n|\n|t:|1776006884\n|teamsize|p1|4\n|teamsize|p2|4\n|start\n|switch|p1a: Kommo-o|Kommo-o, L50, F|100/100\n|switch|p1b: Basculegion|Basculegion, L50, M|100/100\n|switch|p2a: Incineroar|Incineroar, L50, M, shiny|100/100\n|switch|p2b: Kingambit|Kingambit, L50, M|100/100\n|-ability|p2a: Incineroar|Intimidate|boost\n|-unboost|p1a: Kommo-o|atk|1\n|-unboost|p1b: Basculegion|atk|1\n|turn|1\n|\n|t:|1776006909\n|switch|p1b: Glimmora|Glimmora, L50, F|100/100\n|move|p2a: Incineroar|Fake Out|p1a: Kommo-o\n|-damage|p1a: Kommo-o|88/100\n|move|p2b: Kingambit|Sucker Punch||[still]\n|-fail|p2b: Kingambit\n|cant|p1a: Kommo-o|flinch\n|\n|-heal|p1a: Kommo-o|94/100|[from] item: Leftovers\n|upkeep\n|turn|2\n|inactive|Piotr67 has 30 seconds left.\n|inactive|LuckySugar has 30 seconds left.\n|inactive|LuckySugar has 20 seconds left.\n|\n|t:|1776006949\n|detailschange|p1b: Glimmora|Glimmora-Mega, L50, F\n|-mega|p1b: Glimmora|Glimmora|Glimmoranite\n|move|p1b: Glimmora|Spiky Shield|p1b: Glimmora\n|-singleturn|p1b: Glimmora|move: Protect\n|move|p2b: Kingambit|Protect|p2b: Kingambit\n|-singleturn|p2b: Kingambit|Protect\n|move|p1a: Kommo-o|Clangorous Soul|p1a: Kommo-o\n|-boost|p1a: Kommo-o|atk|1\n|-boost|p1a: Kommo-o|def|1\n|-boost|p1a: Kommo-o|spa|1\n|-boost|p1a: Kommo-o|spd|1\n|-boost|p1a: Kommo-o|spe|1\n|-damage|p1a: Kommo-o|62/100\n|move|p2a: Incineroar|Parting Shot|p1a: Kommo-o\n|-unboost|p1a: Kommo-o|atk|1\n|-unboost|p1a: Kommo-o|spa|1\n|\n|t:|1776006968\n|switch|p2a: Venusaur|Venusaur, L50, F|100/100|[from] Parting Shot\n|\n|-heal|p1a: Kommo-o|67/100|[from] item: Leftovers\n|upkeep\n|turn|3\n|\n|t:|1776006976\n|switch|p2b: Incineroar|Incineroar, L50, M, shiny|100/100\n|-ability|p2b: Incineroar|Intimidate|boost\n|-unboost|p1a: Kommo-o|atk|1\n|-unboost|p1b: Glimmora|atk|1\n|move|p1a: Kommo-o|Drain Punch|p2b: Incineroar\n|-supereffective|p2b: Incineroar|1\n|-damage|p2b: Incineroar|54/100\n|-heal|p1a: Kommo-o|93/100|[from] drain|[of] p2b: Incineroar\n|move|p1b: Glimmora|Sludge Bomb|p2a: Venusaur\n|-damage|p2a: Venusaur|33/100\n|move|p2a: Venusaur|Earth Power|p1b: Glimmora\n|-supereffective|p1b: Glimmora|2\n|-damage|p1b: Glimmora|0 fnt\n|faint|p1b: Glimmora\n|\n|-heal|p1a: Kommo-o|99/100|[from] item: Leftovers\n|-heal|p2a: Venusaur|39/100|[from] item: Leftovers\n|upkeep\n|\n|t:|1776006994\n|switch|p1b: Basculegion|Basculegion, L50, M|100/100\n|turn|4\n|\n|t:|1776007008\n|move|p2b: Incineroar|Fake Out|p1a: Kommo-o\n|-damage|p1a: Kommo-o|91/100\n|move|p1b: Basculegion|Flip Turn|p2a: Venusaur\n|-resisted|p2a: Venusaur|1\n|-damage|p2a: Venusaur|17/100\n|\n|t:|1776007013\n|switch|p1b: Sinistcha|Sinistcha, L50|100/100|[from] Flip Turn\n|cant|p1a: Kommo-o|flinch\n|move|p2a: Venusaur|Energy Ball|p1b: Sinistcha\n|-resisted|p1b: Sinistcha|1\n|-damage|p1b: Sinistcha|72/100\n|\n|-heal|p1a: Kommo-o|97/100|[from] item: Leftovers\n|-heal|p2a: Venusaur|23/100|[from] item: Leftovers\n|upkeep\n|turn|5\n|inactive|LuckySugar has 30 seconds left.\n|\n|t:|1776007038\n|move|p1a: Kommo-o|Clangorous Soul|p1a: Kommo-o\n|-boost|p1a: Kommo-o|atk|1\n|-boost|p1a: Kommo-o|def|1\n|-boost|p1a: Kommo-o|spa|1\n|-boost|p1a: Kommo-o|spd|1\n|-boost|p1a: Kommo-o|spe|1\n|-damage|p1a: Kommo-o|64/100\n|move|p2a: Venusaur|Sludge Bomb|p1b: Sinistcha\n|-damage|p1b: Sinistcha|21/100\n|-status|p1b: Sinistcha|psn\n|move|p1b: Sinistcha|Scald|p2b: Incineroar\n|-supereffective|p2b: Incineroar|1\n|-damage|p2b: Incineroar|10/100\n|-enditem|p2b: Incineroar|Sitrus Berry|[eat]\n|-heal|p2b: Incineroar|35/100|[from] item: Sitrus Berry\n|move|p2b: Incineroar|Flare Blitz|p1b: Sinistcha\n|-supereffective|p1b: Sinistcha|1\n|-damage|p1b: Sinistcha|0 fnt\n|faint|p1b: Sinistcha\n|-damage|p2b: Incineroar|28/100|[from] Recoil\n|\n|-heal|p1a: Kommo-o|70/100|[from] item: Leftovers\n|-heal|p2a: Venusaur|29/100|[from] item: Leftovers\n|upkeep\n|\n|t:|1776007056\n|switch|p1b: Basculegion|Basculegion, L50, M|100/100\n|turn|6\n|\n|t:|1776007076\n|move|p2a: Venusaur|Protect|p2a: Venusaur\n|-singleturn|p2a: Venusaur|Protect\n|move|p1a: Kommo-o|Rock Slide|p2a: Venusaur|[spread] p2b\n|-activate|p2a: Venusaur|move: Protect\n|-supereffective|p2b: Incineroar|1\n|-damage|p2b: Incineroar|0 fnt\n|faint|p2b: Incineroar\n|move|p1b: Basculegion|Last Respects|p2a: Venusaur\n|-activate|p2a: Venusaur|move: Protect\n|\n|-heal|p1a: Kommo-o|76/100|[from] item: Leftovers\n|-heal|p2a: Venusaur|35/100|[from] item: Leftovers\n|upkeep\n|\n|t:|1776007087\n|switch|p2b: Kingambit|Kingambit, L50, M|100/100\n|turn|7\n|\n|t:|1776007097\n|move|p2b: Kingambit|Sucker Punch|p1b: Basculegion\n|-supereffective|p1b: Basculegion|1\n|-damage|p1b: Basculegion|0 fnt\n|faint|p1b: Basculegion\n|move|p1a: Kommo-o|Drain Punch|p2b: Kingambit\n|-supereffective|p2b: Kingambit|2\n|-enditem|p2b: Kingambit|Chople Berry|[eat]\n|-enditem|p2b: Kingambit|Chople Berry|[weaken]\n|-damage|p2b: Kingambit|60/100\n|-heal|p1a: Kommo-o|100/100|[from] drain|[of] p2b: Kingambit\n|move|p2a: Venusaur|Sludge Bomb|p1a: Kommo-o\n|-damage|p1a: Kommo-o|75/100\n|\n|-heal|p1a: Kommo-o|81/100|[from] item: Leftovers\n|-heal|p2a: Venusaur|41/100|[from] item: Leftovers\n|upkeep\n|turn|8\n|\n|t:|1776007114\n|move|p2b: Kingambit|Protect|p2b: Kingambit\n|-singleturn|p2b: Kingambit|Protect\n|move|p1a: Kommo-o|Rock Slide|p2a: Venusaur|[spread] p2a\n|-activate|p2b: Kingambit|move: Protect\n|-damage|p2a: Venusaur|27/100\n|cant|p2a: Venusaur|flinch\n|\n|-heal|p1a: Kommo-o|87/100|[from] item: Leftovers\n|-heal|p2a: Venusaur|33/100|[from] item: Leftovers\n|upkeep\n|turn|9\n|\n|t:|1776007135\n|move|p2b: Kingambit|Sucker Punch|p1a: Kommo-o\n|-resisted|p1a: Kommo-o|1\n|-damage|p1a: Kommo-o|77/100\n|move|p1a: Kommo-o|Earthquake|p2a: Venusaur|[spread] p2a,p2b\n|-supereffective|p2b: Kingambit|1\n|-damage|p2a: Venusaur|14/100\n|-damage|p2b: Kingambit|35/100\n|move|p2a: Venusaur|Sludge Bomb|p1a: Kommo-o\n|-damage|p1a: Kommo-o|51/100\n|\n|-heal|p1a: Kommo-o|57/100|[from] item: Leftovers\n|-heal|p2a: Venusaur|20/100|[from] item: Leftovers\n|upkeep\n|turn|10\n|inactive|LuckySugar has 30 seconds left.\n|\n|t:|1776007162\n|move|p1a: Kommo-o|Earthquake|p2a: Venusaur|[spread] p2a,p2b\n|-supereffective|p2b: Kingambit|1\n|-damage|p2a: Venusaur|0 fnt\n|-damage|p2b: Kingambit|9/100\n|faint|p2a: Venusaur\n|move|p2b: Kingambit|Iron Head|p1a: Kommo-o\n|-damage|p1a: Kommo-o|35/100\n|\n|-heal|p1a: Kommo-o|41/100|[from] item: Leftovers\n|upkeep\n|\n|t:|1776007168\n|switch|p2a: Charizard|Charizard, L50, M, shiny|100/100\n|turn|11\n|\n|t:|1776007172\n|detailschange|p2a: Charizard|Charizard-Mega-Y, L50, M, shiny\n|-mega|p2a: Charizard|Charizard|Charizardite Y\n|-weather|SunnyDay|[from] ability: Drought|[of] p2a: Charizard\n|move|p2b: Kingambit|Sucker Punch|p1a: Kommo-o\n|-resisted|p1a: Kommo-o|1\n|-damage|p1a: Kommo-o|31/100\n|move|p1a: Kommo-o|Rock Slide|p2b: Kingambit|[spread] p2a,p2b\n|-supereffective|p2a: Charizard|2\n|-resisted|p2b: Kingambit|1\n|-damage|p2a: Charizard|28/100\n|-damage|p2b: Kingambit|4/100\n|cant|p2a: Charizard|flinch\n|\n|-weather|SunnyDay|[upkeep]\n|-heal|p1a: Kommo-o|37/100|[from] item: Leftovers\n|upkeep\n|turn|12\n|\n|t:|1776007190\n|move|p2a: Charizard|Protect|p2a: Charizard\n|-singleturn|p2a: Charizard|Protect\n|move|p2b: Kingambit|Sucker Punch|p1a: Kommo-o\n|-resisted|p1a: Kommo-o|1\n|-damage|p1a: Kommo-o|27/100\n|move|p1a: Kommo-o|Rock Slide|p2b: Kingambit|[spread] p2b\n|-activate|p2a: Charizard|move: Protect\n|-resisted|p2b: Kingambit|1\n|-damage|p2b: Kingambit|0 fnt\n|faint|p2b: Kingambit\n|\n|-weather|SunnyDay|[upkeep]\n|-heal|p1a: Kommo-o|33/100|[from] item: Leftovers\n|upkeep\n|turn|13\n|\n|t:|1776007197\n|move|p1a: Kommo-o|Rock Slide|p2a: Charizard\n|-supereffective|p2a: Charizard|2\n|-damage|p2a: Charizard|0 fnt\n|faint|p2a: Charizard\n|\n|win|LuckySugar\n|raw|LuckySugar's rating: 1116 &rarr; <strong>1141</strong><br />(+25 for winning)\n|raw|Piotr67's rating: 1110 &rarr; <strong>1085</strong><br />(-25 for losing)\n|l|\u2606Piotr67\n|player|p2|\n",
  "uploadtime": 1776007206,
  "views": 18,
  "formatid": "gen9championsvgc2026regma",
  "rating": 1085,
  "private": 0,
  "password": null
}