{
  "id": "gen9championsvgc2026regma-2588560835",
  "format": "[Gen 9 Champions] VGC 2026 Reg M-A",
  "players": [
    "adrsep",
    "wyjd09"
  ],
  "log": "|j|\u2606adrsep\n|j|\u2606wyjd09\n|t:|1776645087\n|gametype|doubles\n|player|p1|adrsep|102|1096\n|player|p2|wyjd09|102|1087\n|gen|9\n|tier|[Gen 9 Champions] VGC 2026 Reg M-A\n|rated|\n|rule|Species Clause: Limit one of each Pok\u00e9mon\n|rule|Item Clause: Limit 1 of each item\n|clearpoke\n|poke|p1|Scizor, L50, F, shiny|\n|poke|p1|Sneasler, L50, M|\n|poke|p1|Sinistcha, L50|\n|poke|p1|Incineroar, L50, F|\n|poke|p1|Venusaur, L50, M|\n|poke|p1|Archaludon, L50, M|\n|poke|p2|Espathra, L50, F|\n|poke|p2|Dragonite, L50, F|\n|poke|p2|Venusaur, L50, M|\n|poke|p2|Incineroar, L50, F|\n|poke|p2|Milotic, L50, F|\n|poke|p2|Sneasler, L50, M|\n|teampreview|4\n|inactive|Battle timer is ON: inactive players will automatically lose when time's up. (requested by adrsep)\n|\n|t:|1776645111\n|teamsize|p1|4\n|teamsize|p2|4\n|start\n|switch|p1a: Scizor|Scizor, L50, F, shiny|100/100\n|switch|p1b: Incineroar|Incineroar, L50, F|100/100\n|switch|p2a: Espathra|Espathra, L50, F|100/100\n|switch|p2b: Incineroar|Incineroar, L50, F|100/100\n|-ability|p2b: Incineroar|Intimidate|boost\n|-unboost|p1a: Scizor|atk|1\n|-unboost|p1b: Incineroar|atk|1\n|-ability|p1b: Incineroar|Intimidate|boost\n|-unboost|p2a: Espathra|atk|1\n|-unboost|p2b: Incineroar|atk|1\n|turn|1\n|\n|t:|1776645132\n|detailschange|p1a: Scizor|Scizor-Mega, L50, F, shiny\n|-mega|p1a: Scizor|Scizor|Scizorite\n|move|p2a: Espathra|Protect|p2a: Espathra\n|-singleturn|p2a: Espathra|Protect\n|move|p2b: Incineroar|Protect|p2b: Incineroar\n|-singleturn|p2b: Incineroar|Protect\n|move|p1b: Incineroar|Fake Out|p2a: Espathra\n|-activate|p2a: Espathra|move: Protect\n|move|p1a: Scizor|Swords Dance|p1a: Scizor\n|-boost|p1a: Scizor|atk|2\n|\n|-ability|p2a: Espathra|Speed Boost|boost\n|-boost|p2a: Espathra|spe|1\n|upkeep\n|turn|2\n|inactive|adrsep has 30 seconds left.\n|\n|t:|1776645166\n|switch|p1b: Sneasler|Sneasler, L50, M|100/100\n|move|p1a: Scizor|Bullet Punch|p2a: Espathra\n|-damage|p2a: Espathra|41/100\n|move|p2a: Espathra|Calm Mind|p2a: Espathra\n|-boost|p2a: Espathra|spa|1\n|-boost|p2a: Espathra|spd|1\n|move|p2b: Incineroar|Flare Blitz|p1a: Scizor\n|-supereffective|p1a: Scizor|2\n|-damage|p1a: Scizor|0 fnt\n|faint|p1a: Scizor\n|-damage|p2b: Incineroar|68/100|[from] Recoil\n|\n|-ability|p2a: Espathra|Speed Boost|boost\n|-boost|p2a: Espathra|spe|1\n|upkeep\n|\n|t:|1776645181\n|switch|p1a: Incineroar|Incineroar, L50, F|100/100\n|-ability|p1a: Incineroar|Intimidate|boost\n|-unboost|p2a: Espathra|atk|1\n|-unboost|p2b: Incineroar|atk|1\n|turn|3\n|\n|t:|1776645202\n|move|p2a: Espathra|Protect|p2a: Espathra\n|-singleturn|p2a: Espathra|Protect\n|move|p1a: Incineroar|Fake Out|p2b: Incineroar\n|-damage|p2b: Incineroar|54/100\n|move|p1b: Sneasler|Coaching|p1a: Incineroar\n|-boost|p1a: Incineroar|atk|1\n|-boost|p1a: Incineroar|def|1\n|cant|p2b: Incineroar|flinch\n|\n|-ability|p2a: Espathra|Speed Boost|boost\n|-boost|p2a: Espathra|spe|1\n|upkeep\n|turn|4\n|inactive|wyjd09 has 30 seconds left.\n|\n|t:|1776645231\n|move|p2a: Espathra|Baton Pass|p2a: Espathra\n|\n|t:|1776645233\n|switch|p2a: Venusaur|Venusaur, L50, M|100/100|[from] Baton Pass\n|move|p1b: Sneasler|U-turn|p2a: Venusaur\n|-damage|p2a: Venusaur|75/100\n|\n|t:|1776645241\n|switch|p1b: Sinistcha|Sinistcha, L50|100/100|[from] U-turn\n|move|p1a: Incineroar|Close Combat|p2b: Incineroar\n|-supereffective|p2b: Incineroar|1\n|-damage|p2b: Incineroar|0 fnt\n|-unboost|p1a: Incineroar|def|1\n|-unboost|p1a: Incineroar|spd|1\n|faint|p2b: Incineroar\n|\n|upkeep\n|\n|t:|1776645252\n|switch|p2b: Milotic|Milotic, L50, F|100/100\n|turn|5\n|\n|t:|1776645262\n|detailschange|p2a: Venusaur|Venusaur-Mega, L50, M\n|-mega|p2a: Venusaur|Venusaur|Venusaurite\n|move|p2a: Venusaur|Protect|p2a: Venusaur\n|-singleturn|p2a: Venusaur|Protect\n|move|p2b: Milotic|Scald|p1a: Incineroar\n|-supereffective|p1a: Incineroar|1\n|-damage|p1a: Incineroar|8/100\n|move|p1b: Sinistcha|Matcha Gotcha|p2b: Milotic|[spread] p2b\n|-activate|p2a: Venusaur|move: Protect\n|-supereffective|p2b: Milotic|1\n|-damage|p2b: Milotic|57/100\n|move|p1a: Incineroar|Will-O-Wisp|p2a: Venusaur\n|-activate|p2a: Venusaur|move: Protect\n|\n|-heal|p2b: Milotic|63/100|[from] item: Leftovers\n|upkeep\n|turn|6\n|\n|t:|1776645284\n|switch|p1a: Sneasler|Sneasler, L50, M|100/100\n|move|p2a: Venusaur|Sludge Bomb|p1b: Sinistcha\n|-crit|p1b: Sinistcha\n|-damage|p1b: Sinistcha|15/100\n|move|p2b: Milotic|Scald|p1a: Sneasler\n|-damage|p1a: Sneasler|63/100\n|move|p1b: Sinistcha|Matcha Gotcha|p2a: Venusaur|[spread] p2a,p2b\n|-resisted|p2a: Venusaur|2\n|-supereffective|p2b: Milotic|1\n|-damage|p2a: Venusaur|72/100\n|-heal|p1b: Sinistcha|16/100|[from] drain|[of] p2a: Venusaur\n|-damage|p2b: Milotic|20/100\n|-heal|p1b: Sinistcha|39/100|[from] drain|[of] p2b: Milotic\n|\n|-heal|p2b: Milotic|25/100|[from] item: Leftovers\n|upkeep\n|turn|7\n|inactive|adrsep has 30 seconds left.\n|\n|t:|1776645310\n|move|p1a: Sneasler|Fake Out|p2a: Venusaur\n|-damage|p2a: Venusaur|60/100\n|cant|p2a: Venusaur|flinch\n|move|p2b: Milotic|Recover|p2b: Milotic\n|-heal|p2b: Milotic|75/100\n|move|p1b: Sinistcha|Matcha Gotcha|p2a: Venusaur|[spread] p2a,p2b\n|-resisted|p2a: Venusaur|2\n|-supereffective|p2b: Milotic|1\n|-damage|p2a: Venusaur|56/100\n|-heal|p1b: Sinistcha|40/100|[from] drain|[of] p2a: Venusaur\n|-damage|p2b: Milotic|39/100\n|-heal|p1b: Sinistcha|59/100|[from] drain|[of] p2b: Milotic\n|-status|p2b: Milotic|brn\n|\n|-heal|p2b: Milotic|45/100 brn|[from] item: Leftovers\n|-damage|p2b: Milotic|39/100 brn|[from] brn\n|upkeep\n|turn|8\n|inactive|adrsep has 30 seconds left.\n|\n|t:|1776645341\n|move|p2a: Venusaur|Sludge Bomb|p1b: Sinistcha\n|-damage|p1b: Sinistcha|0 fnt\n|faint|p1b: Sinistcha\n|move|p1a: Sneasler|U-turn|p2b: Milotic\n|-damage|p2b: Milotic|17/100 brn\n|\n|t:|1776645346\n|switch|p1a: Incineroar|Incineroar, L50, F|8/100|[from] U-turn\n|-ability|p1a: Incineroar|Intimidate|boost\n|-unboost|p2a: Venusaur|atk|1\n|-unboost|p2b: Milotic|atk|1\n|-ability|p2b: Milotic|Competitive|boost\n|-boost|p2b: Milotic|spa|2\n|move|p2b: Milotic|Icy Wind|p1a: Incineroar\n|-resisted|p1a: Incineroar|1\n|-damage|p1a: Incineroar|0 fnt\n|faint|p1a: Incineroar\n|\n|-heal|p2b: Milotic|23/100 brn|[from] item: Leftovers\n|-damage|p2b: Milotic|17/100 brn|[from] brn\n|upkeep\n|-message|adrsep forfeited.\n|\n|win|wyjd09\n|raw|adrsep's rating: 1096 &rarr; <strong>1071</strong><br />(-25 for losing)\n|raw|wyjd09's rating: 1087 &rarr; <strong>1115</strong><br />(+28 for winning)\n|l|\u2606adrsep\n|player|p1|\n",
  "uploadtime": 1776645363,
  "views": 14,
  "formatid": "gen9championsvgc2026regma",
  "rating": 1071,
  "private": 0,
  "password": null
}