{
  "id": "gen9championsvgc2026regma-2583507495",
  "format": "[Gen 9 Champions] VGC 2026 Reg M-A",
  "players": [
    "DUBBELFISK",
    "1Neku"
  ],
  "log": "|j|\u2606DUBBELFISK\n|j|\u26061Neku\n|t:|1776180032\n|gametype|doubles\n|player|p1|DUBBELFISK|101|1079\n|player|p2|1Neku|170|1012\n|gen|9\n|tier|[Gen 9 Champions] VGC 2026 Reg M-A\n|rated|\n|rule|Species Clause: Limit one of each Pok\u00e9mon\n|rule|Item Clause: Limit 1 of each item\n|clearpoke\n|poke|p1|Tyranitar, L50, F|\n|poke|p1|Scizor, L50, F|\n|poke|p1|Incineroar, L50, F|\n|poke|p1|Banette, L50, F|\n|poke|p1|Sinistcha, L50|\n|poke|p1|Maushold, L50|\n|poke|p2|Pelipper, L50, F|\n|poke|p2|Basculegion, L50, M|\n|poke|p2|Sinistcha, L50|\n|poke|p2|Archaludon, L50, M|\n|poke|p2|Sneasler, L50, F|\n|poke|p2|Dragonite, L50, F|\n|teampreview|4\nDUBBELFISK rejected open team sheets.\n|inactive|Battle timer is ON: inactive players will automatically lose when time's up. (requested by 1Neku)\n|\n|t:|1776180096\n|teamsize|p1|4\n|teamsize|p2|4\n|start\n|switch|p1a: Banette|Banette, L50, F|100/100\n|switch|p1b: Maushold|Maushold, L50|100/100\n|switch|p2a: Basculegion|Basculegion, L50, M|100/100\n|switch|p2b: Sneasler|Sneasler, L50, F|100/100\n|-item|p2a: Basculegion|Choice Scarf|[from] ability: Frisk|[of] p1a: Banette\n|-item|p2b: Sneasler|White Herb|[from] ability: Frisk|[of] p1a: Banette\n|turn|1\n|inactive|1Neku has 30 seconds left.\n|inactive|1Neku has 20 seconds left.\n|\n|t:|1776180133\n|detailschange|p1a: Banette|Banette-Mega, L50, F\n|-mega|p1a: Banette|Banette|Banettite\n|move|p2b: Sneasler|Protect|p2b: Sneasler\n|-singleturn|p2b: Sneasler|Protect\n|move|p1b: Maushold|Follow Me|p1b: Maushold\n|-singleturn|p1b: Maushold|move: Follow Me\n|move|p1a: Banette|Shadow Sneak|p2a: Basculegion\n|-supereffective|p2a: Basculegion|1\n|-damage|p2a: Basculegion|35/100\n|move|p2a: Basculegion|Flip Turn|p1b: Maushold\n|-damage|p1b: Maushold|50/100\n|\n|t:|1776180150\n|switch|p2a: Pelipper|Pelipper, L50, F, shiny|100/100|[from] Flip Turn\n|-weather|RainDance|[from] ability: Drizzle|[of] p2a: Pelipper\n|\n|-weather|RainDance|[upkeep]\n|upkeep\n|turn|2\n|\n|t:|1776180173\n|move|p1b: Maushold|Protect|p1b: Maushold\n|-singleturn|p1b: Maushold|Protect\n|move|p1a: Banette|Swords Dance|p1a: Banette\n|-boost|p1a: Banette|atk|2\n|move|p2b: Sneasler|Close Combat|p1b: Maushold\n|-activate|p1b: Maushold|move: Protect\n|move|p2a: Pelipper|Tailwind|p2a: Pelipper\n|-sidestart|p2: 1Neku|move: Tailwind\n|\n|-weather|RainDance|[upkeep]\n|upkeep\n|turn|3\n|inactive|1Neku has 30 seconds left.\n|\n|t:|1776180202\n|move|p1a: Banette|Shadow Sneak|p2a: Pelipper\n|-damage|p2a: Pelipper|33/100\n|move|p2b: Sneasler|Close Combat|p1b: Maushold\n|-supereffective|p1b: Maushold|1\n|-damage|p1b: Maushold|0 fnt\n|-unboost|p2b: Sneasler|def|1\n|-unboost|p2b: Sneasler|spd|1\n|faint|p1b: Maushold\n|-enditem|p2b: Sneasler|White Herb\n|-clearnegativeboost|p2b: Sneasler|[silent]\n|move|p2a: Pelipper|Hurricane|p1a: Banette\n|-damage|p1a: Banette|39/100\n|\n|-weather|RainDance|[upkeep]\n|upkeep\n|\n|t:|1776180219\n|switch|p1b: Tyranitar|Tyranitar, L50, F|100/100\n|-weather|Sandstorm|[from] ability: Sand Stream|[of] p1b: Tyranitar\n|turn|4\n|\n|t:|1776180235\n|switch|p2a: Archaludon|Archaludon, L50, M|100/100\n|move|p2b: Sneasler|Protect|p2b: Sneasler\n|-singleturn|p2b: Sneasler|Protect\n|move|p1a: Banette|Pain Split|p2b: Sneasler\n|-activate|p2b: Sneasler|move: Protect\n|move|p1b: Tyranitar|Power Gem|p2a: Archaludon\n|-resisted|p2a: Archaludon|1\n|-damage|p2a: Archaludon|79/100\n|-ability|p2a: Archaludon|Stamina|boost\n|-boost|p2a: Archaludon|def|1\n|\n|-weather|Sandstorm|[upkeep]\n|-damage|p2b: Sneasler|95/100|[from] Sandstorm\n|-damage|p1a: Banette|33/100|[from] Sandstorm\n|-heal|p2a: Archaludon|85/100|[from] item: Leftovers\n|upkeep\n|turn|5\n|inactive|1Neku has 30 seconds left.\n|inactive|1Neku has 20 seconds left.\n|inactive|1Neku has 15 seconds left.\n|inactive|1Neku has 10 seconds left.\n|\n|t:|1776180282\n|move|p2a: Archaludon|Protect|p2a: Archaludon\n|-singleturn|p2a: Archaludon|Protect\n|move|p1a: Banette|Pain Split|p2a: Archaludon\n|-activate|p2a: Archaludon|move: Protect\n|move|p2b: Sneasler|Dire Claw|p1a: Banette\n|-resisted|p1a: Banette|1\n|-damage|p1a: Banette|3/100\n|-status|p1a: Banette|psn\n|move|p1b: Tyranitar|Earth Power|p2a: Archaludon\n|-activate|p2a: Archaludon|move: Protect\n|\n|-weather|Sandstorm|[upkeep]\n|-damage|p2b: Sneasler|89/100|[from] Sandstorm\n|-damage|p1a: Banette|0 fnt|[from] Sandstorm\n|faint|p1a: Banette\n|-heal|p2a: Archaludon|91/100|[from] item: Leftovers\n|-sideend|p2: 1Neku|move: Tailwind\n|upkeep\n|\n|t:|1776180300\n|switch|p1a: Scizor|Scizor, L50, F|100/100\n|turn|6\n|\n|t:|1776180311\n|switch|p2a: Pelipper|Pelipper, L50, F, shiny|33/100\n|-weather|RainDance|[from] ability: Drizzle|[of] p2a: Pelipper\n|move|p2b: Sneasler|Close Combat|p1b: Tyranitar\n|-supereffective|p1b: Tyranitar|2\n|-damage|p1b: Tyranitar|0 fnt\n|-unboost|p2b: Sneasler|def|1\n|-unboost|p2b: Sneasler|spd|1\n|faint|p1b: Tyranitar\n|move|p1a: Scizor|Swords Dance|p1a: Scizor\n|-boost|p1a: Scizor|atk|2\n|\n|-weather|RainDance|[upkeep]\n|upkeep\n|turn|7\n|\n|t:|1776180331\n|move|p2b: Sneasler|Protect|p2b: Sneasler\n|-singleturn|p2b: Sneasler|Protect\n|move|p2a: Pelipper|Protect|p2a: Pelipper\n|-singleturn|p2a: Pelipper|Protect\n|move|p1a: Scizor|Bullet Punch|p2a: Pelipper\n|-activate|p2a: Pelipper|move: Protect\n|\n|-weather|RainDance|[upkeep]\n|upkeep\n|turn|8\n|\n|t:|1776180344\n|switch|p2a: Archaludon|Archaludon, L50, M|91/100\n|move|p1a: Scizor|Bullet Punch|p2a: Archaludon\n|-resisted|p2a: Archaludon|1\n|-damage|p2a: Archaludon|62/100\n|-ability|p2a: Archaludon|Stamina|boost\n|-boost|p2a: Archaludon|def|1\n|move|p2b: Sneasler|Close Combat|p1a: Scizor\n|-damage|p1a: Scizor|38/100\n|-unboost|p2b: Sneasler|def|1\n|-unboost|p2b: Sneasler|spd|1\n|\n|-weather|RainDance|[upkeep]\n|-heal|p2a: Archaludon|68/100|[from] item: Leftovers\n|upkeep\n|turn|9\n|inactive|DUBBELFISK has 30 seconds left.\n|inactive|DUBBELFISK has 20 seconds left.\n|inactive|DUBBELFISK has 15 seconds left.\n|inactive|DUBBELFISK has 10 seconds left.\n|inactive|DUBBELFISK has 5 seconds left.\n|\n|t:|1776180399\n|move|p1a: Scizor|Bullet Punch|p2a: Archaludon\n|-resisted|p2a: Archaludon|1\n|-damage|p2a: Archaludon|48/100\n|-ability|p2a: Archaludon|Stamina|boost\n|-boost|p2a: Archaludon|def|1\n|move|p2b: Sneasler|Close Combat|p1a: Scizor\n|-damage|p1a: Scizor|0 fnt\n|-unboost|p2b: Sneasler|def|1\n|-unboost|p2b: Sneasler|spd|1\n|faint|p1a: Scizor\n|\n|win|1Neku\n|raw|DUBBELFISK's rating: 1079 &rarr; <strong>1053</strong><br />(-26 for losing)\n|raw|1Neku's rating: 1012 &rarr; <strong>1057</strong><br />(+45 for winning)\n",
  "uploadtime": 1776180411,
  "views": 16,
  "formatid": "gen9championsvgc2026regma",
  "rating": 1053,
  "private": 0,
  "password": null
}