{
  "id": "gen9championsvgc2026regma-2584906862",
  "format": "[Gen 9 Champions] VGC 2026 Reg M-A",
  "players": [
    "Pevar_8",
    "24-22beardown"
  ],
  "log": "|j|\u2606Pevar_8\n|j|\u260624-22beardown\n|t:|1776293382\n|gametype|doubles\n|player|p1|Pevar_8|266|1100\n|player|p2|24-22beardown|linebacker|1059\n|gen|9\n|tier|[Gen 9 Champions] VGC 2026 Reg M-A\n|rated|\n|rule|Species Clause: Limit one of each Pok\u00e9mon\n|rule|Item Clause: Limit 1 of each item\n|clearpoke\n|poke|p1|Incineroar, L50, M|\n|poke|p1|Gengar, L50, F|\n|poke|p1|Kingambit, L50, F|\n|poke|p1|Corviknight, L50, M|\n|poke|p1|Maushold, L50|\n|poke|p1|Ninetales-Alola, L50, M|\n|poke|p2|Floette-Eternal, L50, F|\n|poke|p2|Incineroar, L50, M|\n|poke|p2|Aegislash, L50, F|\n|poke|p2|Salazzle, L50, F|\n|poke|p2|Whimsicott, L50, M|\n|poke|p2|Gyarados, L50, M|\n|teampreview|4\n|inactive|Battle timer is ON: inactive players will automatically lose when time's up. (requested by 24-22beardown)\n|inactive|24-22beardown has 60 seconds left.\n|\n|t:|1776293412\n|teamsize|p1|4\n|teamsize|p2|4\n|start\n|switch|p1a: Gengar|Gengar, L50, F, shiny|100/100\n|switch|p1b: Kingambit|Kingambit, L50, F|100/100\n|switch|p2a: John Cena|Incineroar, L50, M, shiny|100/100\n|switch|p2b: Eggy|Aegislash, L50, F, shiny|100/100\n|-ability|p2a: John Cena|Intimidate|boost\n|-unboost|p1a: Gengar|atk|1\n|-unboost|p1b: Kingambit|atk|1\n|-ability|p1b: Kingambit|Defiant|boost\n|-boost|p1b: Kingambit|atk|2\n|turn|1\n|inactive|Pevar_8 has 30 seconds left.\n|\n|t:|1776293438\n|detailschange|p1a: Gengar|Gengar-Mega, L50, F, shiny\n|-mega|p1a: Gengar|Gengar|Gengarite\n|move|p2a: John Cena|Fake Out|p1b: Kingambit\n|-resisted|p1b: Kingambit|1\n|-damage|p1b: Kingambit|96/100\n|move|p1a: Gengar|Perish Song|p1a: Gengar\n|-start|p1a: Gengar|perish3|[silent]\n|-start|p1b: Kingambit|perish3|[silent]\n|-start|p2a: John Cena|perish3|[silent]\n|-start|p2b: Eggy|perish3|[silent]\n|-fieldactivate|move: Perish Song\n|-formechange|p2b: Eggy|Aegislash-Blade|\n|move|p2b: Eggy|Shadow Ball|p1a: Gengar\n|-supereffective|p1a: Gengar|1\n|-crit|p1a: Gengar\n|-damage|p1a: Gengar|0 fnt\n|faint|p1a: Gengar\n|cant|p1b: Kingambit|flinch\n|\n|-start|p2a: John Cena|perish3\n|-start|p2b: Eggy|perish3\n|-start|p1b: Kingambit|perish3\n|upkeep\n|\n|t:|1776293456\n|switch|p1a: Maushold|Maushold, L50|100/100\n|turn|2\n|\n|t:|1776293471\n|switch|p2b: Kim Kardashian|Salazzle, L50, F, shiny|100/100\n|move|p1a: Maushold|Switcheroo|p2b: Kim Kardashian\n|-activate|p1a: Maushold|move: Trick|[of] p2b: Kim Kardashian\n|-item|p2b: Kim Kardashian|Choice Scarf|[from] move: Switcheroo\n|-item|p1a: Maushold|Charcoal|[from] move: Switcheroo\n|move|p2a: John Cena|Parting Shot|p1a: Maushold\n|-unboost|p1a: Maushold|atk|1\n|-unboost|p1a: Maushold|spa|1\n|\n|t:|1776293483\n|switch|p2a: Eggy|Aegislash, L50, F, shiny|100/100|[from] Parting Shot\n|move|p1b: Kingambit|Kowtow Cleave|p2b: Kim Kardashian\n|-damage|p2b: Kim Kardashian|0 fnt\n|faint|p2b: Kim Kardashian\n|\n|-start|p1b: Kingambit|perish2\n|upkeep\n|\n|t:|1776293495\n|switch|p2b: Whats the Flower|Floette-Eternal, L50, F, shiny|100/100\n|turn|3\n|\n|t:|1776293512\n|detailschange|p2b: Whats the Flower|Floette-Mega, L50, F, shiny\n|-mega|p2b: Whats the Flower|Floette|Floettite\n|-ability|p2b: Whats the Flower|Fairy Aura\n|move|p2b: Whats the Flower|Light of Ruin|p1b: Kingambit\n|-damage|p1b: Kingambit|21/100\n|-damage|p2b: Whats the Flower|48/100|[from] Recoil\n|move|p1a: Maushold|Encore|p2b: Whats the Flower\n|-start|p2b: Whats the Flower|Encore\n|-formechange|p2a: Eggy|Aegislash-Blade|\n|move|p2a: Eggy|Iron Head|p1a: Maushold\n|-damage|p1a: Maushold|50/100\n|move|p1b: Kingambit|Iron Head|p2b: Whats the Flower\n|-supereffective|p2b: Whats the Flower|1\n|-damage|p2b: Whats the Flower|0 fnt\n|faint|p2b: Whats the Flower\n|\n|-start|p1b: Kingambit|perish1\n|upkeep\n|\n|t:|1776293533\n|switch|p2b: John Cena|Incineroar, L50, M, shiny|100/100\n|-ability|p2b: John Cena|Intimidate|boost\n|-unboost|p1a: Maushold|atk|1\n|-unboost|p1b: Kingambit|atk|1\n|-ability|p1b: Kingambit|Defiant|boost\n|-boost|p1b: Kingambit|atk|2\n|turn|4\n|\n|t:|1776293553\n|switch|p1b: Corviknight|Corviknight, L50, M|100/100\n|-ability|p1b: Corviknight|Unnerve\n|-formechange|p2a: Eggy|Aegislash|\n|move|p2a: Eggy|King's Shield|p2a: Eggy\n|-singleturn|p2a: Eggy|Protect\n|move|p2b: John Cena|Fake Out|p1b: Corviknight\n|-resisted|p1b: Corviknight|1\n|-damage|p1b: Corviknight|97/100\n|move|p1a: Maushold|Encore|p2b: John Cena\n|-start|p2b: John Cena|Encore\n|\n|-heal|p1b: Corviknight|100/100|[from] item: Leftovers\n|upkeep\n|turn|5\n|inactive|Pevar_8 has 30 seconds left.\n|\n|t:|1776293580\n|move|p2b: John Cena|Fake Out||[still]\n|-hint|Fake Out only works on your first turn out.\n|-fail|p2b: John Cena\n|move|p1a: Maushold|Follow Me|p1a: Maushold\n|-singleturn|p1a: Maushold|move: Follow Me\n|-formechange|p2a: Eggy|Aegislash-Blade|\n|move|p2a: Eggy|Iron Head|p1a: Maushold\n|-damage|p1a: Maushold|0 fnt\n|faint|p1a: Maushold\n|move|p1b: Corviknight|Iron Defense|p1b: Corviknight\n|-boost|p1b: Corviknight|def|2\n|\n|upkeep\n|\n|t:|1776293589\n|switch|p1a: Kingambit|Kingambit, L50, F|21/100\n|turn|6\n|\n|t:|1776293601\n|move|p1a: Kingambit|Sucker Punch|p2a: Eggy\n|-supereffective|p2a: Eggy|1\n|-damage|p2a: Eggy|0 fnt\n|faint|p2a: Eggy\n|-activate|p2b: John Cena|move: Struggle\n|move|p2b: John Cena|Struggle|p1a: Kingambit\n|-damage|p1a: Kingambit|10/100\n|-damage|p2b: John Cena|75/100|[from] recoil\n|move|p1b: Corviknight|Body Press|p2b: John Cena\n|-supereffective|p2b: John Cena|1\n|-damage|p2b: John Cena|0 fnt\n|faint|p2b: John Cena\n|\n|win|Pevar_8\n|raw|Pevar_8's rating: 1100 &rarr; <strong>1122</strong><br />(+22 for winning)\n|raw|24-22beardown's rating: 1059 &rarr; <strong>1042</strong><br />(-17 for losing)\n",
  "uploadtime": 1776293613,
  "views": 20,
  "formatid": "gen9championsvgc2026regma",
  "rating": 1042,
  "private": 0,
  "password": null
}