{
  "id": "gen9championsvgc2026regma-2586586780",
  "format": "[Gen 9 Champions] VGC 2026 Reg M-A",
  "players": [
    "vnunesp12",
    "ifrit123"
  ],
  "log": "|j|\u2606vnunesp12\n|j|\u2606ifrit123\n|t:|1776445018\n|gametype|doubles\n|player|p1|vnunesp12|red|1107\n|player|p2|ifrit123|266|1151\n|gen|9\n|tier|[Gen 9 Champions] VGC 2026 Reg M-A\n|rated|\n|rule|Species Clause: Limit one of each Pok\u00e9mon\n|rule|Item Clause: Limit 1 of each item\n|clearpoke\n|poke|p1|Manectric, L50, M|\n|poke|p1|Pelipper, L50, M|\n|poke|p1|Basculegion, L50, M|\n|poke|p1|Sneasler, L50, M|\n|poke|p1|Kingambit, L50, M|\n|poke|p1|Archaludon, L50, F|\n|poke|p2|Charizard, L50, M|\n|poke|p2|Whimsicott, L50, M|\n|poke|p2|Incineroar, L50, F|\n|poke|p2|Sneasler, L50, F|\n|poke|p2|Rotom-Wash, L50|\n|poke|p2|Garchomp, L50, F|\n|teampreview|4\n|inactive|Battle timer is ON: inactive players will automatically lose when time's up. (requested by vnunesp12)\n|\n|t:|1776445038\n|teamsize|p1|4\n|teamsize|p2|4\n|start\n|switch|p1a: Pulga|Sneasler, L50, M|100/100\n|switch|p1b: Jean Lucas|Basculegion, L50, M|100/100\n|switch|p2a: Rotom|Rotom-Wash, L50|100/100\n|switch|p2b: Whimsicott|Whimsicott, L50, M|100/100\n|turn|1\n|\n|t:|1776445060\n|move|p1a: Pulga|Fake Out|p2a: Rotom\n|-damage|p2a: Rotom|88/100\n|move|p2b: Whimsicott|Tailwind|p2b: Whimsicott\n|-sidestart|p2: ifrit123|move: Tailwind\n|move|p1b: Jean Lucas|Flip Turn|p2b: Whimsicott\n|-resisted|p2b: Whimsicott|1\n|-damage|p2b: Whimsicott|84/100\n|\n|t:|1776445068\n|switch|p1b: Luciano Juba|Manectric, L50, M|100/100|[from] Flip Turn\n|cant|p2a: Rotom|flinch\n|\n|-heal|p2a: Rotom|94/100|[from] item: Leftovers\n|upkeep\n|turn|2\n|inactive|vnunesp12 has 30 seconds left.\n|\n|t:|1776445098\n|move|p2b: Whimsicott|Encore|p1a: Pulga\n|-start|p1a: Pulga|Encore\n|move|p1a: Pulga|Fake Out||[still]\n|-hint|Fake Out only works on your first turn out.\n|-fail|p1a: Pulga\n|move|p2a: Rotom|Volt Switch|p1b: Luciano Juba\n|-activate|p1b: Luciano Juba|ability: Lightning Rod\n|-ability|p1b: Luciano Juba|Lightning Rod|boost\n|-boost|p1b: Luciano Juba|spa|1\n|move|p1b: Luciano Juba|Volt Switch|p2a: Rotom\n|-damage|p2a: Rotom|43/100\n|\n|t:|1776445115\n|switch|p1b: \u00c9verton Ribeiro|Pelipper, L50, M|100/100|[from] Volt Switch\n|-weather|RainDance|[from] ability: Drizzle|[of] p1b: \u00c9verton Ribeiro\n|\n|-weather|RainDance|[upkeep]\n|-heal|p2a: Rotom|48/100|[from] item: Leftovers\n|upkeep\n|turn|3\n|\n|t:|1776445135\n|switch|p1a: Luciano Juba|Manectric, L50, M|100/100\n|move|p2b: Whimsicott|Taunt|p1b: \u00c9verton Ribeiro\n|-start|p1b: \u00c9verton Ribeiro|move: Taunt\n|move|p2a: Rotom|Volt Switch|p1a: Luciano Juba\n|-activate|p1a: Luciano Juba|ability: Lightning Rod\n|-ability|p1a: Luciano Juba|Lightning Rod|boost\n|-boost|p1a: Luciano Juba|spa|1\n|move|p1b: \u00c9verton Ribeiro|Hurricane|p2b: Whimsicott\n|-supereffective|p2b: Whimsicott|1\n|-damage|p2b: Whimsicott|0 fnt\n|faint|p2b: Whimsicott\n|\n|-weather|RainDance|[upkeep]\n|-heal|p2a: Rotom|54/100|[from] item: Leftovers\n|upkeep\n|\n|t:|1776445159\n|switch|p2b: Garchomp|Garchomp, L50, F|100/100\n|turn|4\n|\n|t:|1776445184\n|switch|p1b: Pulga|Sneasler, L50, M|100/100\n|move|p1a: Luciano Juba|Protect|p1a: Luciano Juba\n|-singleturn|p1a: Luciano Juba|Protect\n|move|p2b: Garchomp|Rock Slide|p1b: Pulga|[spread] p1b\n|-activate|p1a: Luciano Juba|move: Protect\n|-resisted|p1b: Pulga|1\n|-damage|p1b: Pulga|84/100\n|move|p2a: Rotom|Hydro Pump|p1a: Luciano Juba\n|-activate|p1a: Luciano Juba|move: Protect\n|\n|-weather|RainDance|[upkeep]\n|-heal|p2a: Rotom|60/100|[from] item: Leftovers\n|-sideend|p2: ifrit123|move: Tailwind\n|upkeep\n|turn|5\n|inactive|vnunesp12 has 30 seconds left.\n|inactive|vnunesp12 has 20 seconds left.\n|\n|t:|1776445221\n|detailschange|p1a: Luciano Juba|Manectric-Mega, L50, M\n|-mega|p1a: Luciano Juba|Manectric|Manectite\n|-ability|p1a: Luciano Juba|Intimidate|boost\n|-unboost|p2a: Rotom|atk|1\n|-unboost|p2b: Garchomp|atk|1\n|move|p1b: Pulga|Fake Out|p2a: Rotom\n|-damage|p2a: Rotom|48/100\n|move|p1a: Luciano Juba|Volt Switch|p2a: Rotom\n|-damage|p2a: Rotom|0 fnt\n|faint|p2a: Rotom\n|\n|t:|1776445232\n|switch|p1a: Jean Lucas|Basculegion, L50, M|100/100|[from] Volt Switch\n|move|p2b: Garchomp|Earthquake|p1b: Pulga|[spread] p1a,p1b\n|-supereffective|p1b: Pulga|1\n|-damage|p1a: Jean Lucas|65/100\n|-damage|p1b: Pulga|0 fnt\n|faint|p1b: Pulga\n|\n|-weather|RainDance|[upkeep]\n|upkeep\n|\n|t:|1776445243\n|switch|p1b: Luciano Juba|Manectric-Mega, L50, M|100/100\n|switch|p2a: Charizard|Charizard, L50, M|100/100\n|-ability|p1b: Luciano Juba|Intimidate|boost\n|-unboost|p2a: Charizard|atk|1\n|-unboost|p2b: Garchomp|atk|1\n|turn|6\n|inactive|ifrit123 has 30 seconds left.\n|inactive|ifrit123 has 20 seconds left.\n|inactive|ifrit123 has 15 seconds left.\n|inactive|ifrit123 has 10 seconds left.\n|inactive|ifrit123 has 5 seconds left.\n|\n|t:|1776445298\n|move|p1a: Jean Lucas|Flip Turn|p2b: Garchomp\n|-damage|p2b: Garchomp|56/100\n|-damage|p1a: Jean Lucas|53/100|[from] ability: Rough Skin|[of] p2b: Garchomp\n|\n|t:|1776445304\n|switch|p1a: \u00c9verton Ribeiro|Pelipper, L50, M|100/100|[from] Flip Turn\n|move|p1b: Luciano Juba|Volt Switch|p2a: Charizard\n|-supereffective|p2a: Charizard|1\n|-damage|p2a: Charizard|0 fnt\n|faint|p2a: Charizard\n|\n|t:|1776445314\n|switch|p1b: Jean Lucas|Basculegion, L50, M|53/100|[from] Volt Switch\n|move|p2b: Garchomp|Earthquake|p1b: Jean Lucas|[spread] p1b\n|-immune|p1a: \u00c9verton Ribeiro\n|-damage|p1b: Jean Lucas|27/100\n|\n|-weather|none\n|upkeep\n|turn|7\n|c|\u2606ifrit123|gg\n|\n|t:|1776445337\n|move|p1b: Jean Lucas|Ice Fang|p2b: Garchomp\n|-supereffective|p2b: Garchomp|2\n|-damage|p2b: Garchomp|0 fnt\n|-damage|p1b: Jean Lucas|14/100|[from] ability: Rough Skin|[of] p2b: Garchomp\n|faint|p2b: Garchomp\n|\n|win|vnunesp12\n|raw|vnunesp12's rating: 1107 &rarr; <strong>1135</strong><br />(+28 for winning)\n|raw|ifrit123's rating: 1151 &rarr; <strong>1123</strong><br />(-28 for losing)\n|l|\u2606ifrit123\n|player|p2|\n",
  "uploadtime": 1776445351,
  "views": 32,
  "formatid": "gen9championsvgc2026regma",
  "rating": 1123,
  "private": 0,
  "password": null
}