{
  "id": "gen9championsvgc2026regma-2587660225",
  "format": "[Gen 9 Champions] VGC 2026 Reg M-A",
  "players": [
    "Fairy Juice Jay",
    "steve353"
  ],
  "log": "|j|\u2606Fairy Juice Jay\n|j|\u2606steve353\n|t:|1776551324\n|gametype|doubles\n|player|p1|Fairy Juice Jay|burgh-masters|1438\n|player|p2|steve353|265|1494\n|gen|9\n|tier|[Gen 9 Champions] VGC 2026 Reg M-A\n|rated|\n|rule|Species Clause: Limit one of each Pok\u00e9mon\n|rule|Item Clause: Limit 1 of each item\n|clearpoke\n|poke|p1|Tyranitar, L50, F|\n|poke|p1|Lopunny, L50, M|\n|poke|p1|Rotom-Wash, L50|\n|poke|p1|Aegislash, L50, M|\n|poke|p1|Sinistcha, L50|\n|poke|p1|Skeledirge, L50, M|\n|poke|p2|Kangaskhan, L50, F|\n|poke|p2|Whimsicott, L50, M|\n|poke|p2|Milotic, L50, F|\n|poke|p2|Aegislash, L50, F|\n|poke|p2|Garchomp, L50, M|\n|poke|p2|Farigiraf, L50, F|\n|teampreview|4\n|inactive|Battle timer is ON: inactive players will automatically lose when time's up. (requested by Fairy Juice Jay)\n|inactive|Fairy Juice Jay has 60 seconds left.\n|inactive|steve353 has 60 seconds left.\n|j| Meh Decisions\n|\n|t:|1776551377\n|teamsize|p1|4\n|teamsize|p2|4\n|start\n|switch|p1a: Zippy|Rotom-Wash, L50|100/100\n|switch|p1b: Trap Furry|Lopunny, L50, M|100/100\n|switch|p2a: Kangaskhan|Kangaskhan, L50, F|100/100\n|switch|p2b: Garchomp|Garchomp, L50, M|100/100\n|turn|1\n|\n|t:|1776551391\n|detailschange|p1b: Trap Furry|Lopunny-Mega, L50, M\n|-mega|p1b: Trap Furry|Lopunny|Lopunnite\n|detailschange|p2a: Kangaskhan|Kangaskhan-Mega, L50, F\n|-mega|p2a: Kangaskhan|Kangaskhan|Kangaskhanite\n|move|p1b: Trap Furry|Fake Out|p2a: Kangaskhan\n|-damage|p2a: Kangaskhan|81/100\n|cant|p2a: Kangaskhan|flinch\n|move|p2b: Garchomp|Swords Dance|p2b: Garchomp\n|-boost|p2b: Garchomp|atk|2\n|move|p1a: Zippy|Will-O-Wisp|p2b: Garchomp\n|-status|p2b: Garchomp|brn\n|-enditem|p2b: Garchomp|Lum Berry|[eat]\n|-curestatus|p2b: Garchomp|brn|[msg]\n|\n|upkeep\n|turn|2\n|inactive|steve353 has 30 seconds left.\n|\n|t:|1776551424\n|switch|p2a: Milotic|Milotic, L50, F|100/100\n|move|p1b: Trap Furry|Close Combat|p2a: Milotic\n|-damage|p2a: Milotic|52/100\n|-unboost|p1b: Trap Furry|def|1\n|-unboost|p1b: Trap Furry|spd|1\n|move|p2b: Garchomp|Stomping Tantrum|p1b: Trap Furry\n|-damage|p1b: Trap Furry|0 fnt\n|faint|p1b: Trap Furry\n|move|p1a: Zippy|Will-O-Wisp|p2b: Garchomp\n|-status|p2b: Garchomp|brn\n|\n|-damage|p2b: Garchomp|94/100 brn|[from] brn\n|upkeep\n|\n|t:|1776551438\n|switch|p1b: Sinistcha|Sinistcha, L50|100/100\n|turn|3\n|\n|t:|1776551458\n|switch|p2a: Aegislash|Aegislash, L50, F|100/100\n|move|p2b: Garchomp|Rock Slide|p1a: Zippy|[spread] p1a,p1b\n|-crit|p1b: Sinistcha\n|-damage|p1a: Zippy|81/100\n|-damage|p1b: Sinistcha|77/100\n|cant|p1a: Zippy|flinch\n|move|p1b: Sinistcha|Matcha Gotcha|p2b: Garchomp|[spread] p2b\n|-miss|p1b: Sinistcha|p2a: Aegislash\n|-damage|p2b: Garchomp|70/100 brn\n|-heal|p1b: Sinistcha|90/100|[from] drain|[of] p2b: Garchomp\n|\n|-heal|p1b: Sinistcha|96/100|[from] item: Leftovers\n|-damage|p2b: Garchomp|64/100 brn|[from] brn\n|upkeep\n|turn|4\n|\n|t:|1776551477\n|move|p2b: Garchomp|Rock Slide|p1a: Zippy|[spread] \n|-miss|p2b: Garchomp|p1a: Zippy\n|-miss|p2b: Garchomp|p1b: Sinistcha\n|move|p1a: Zippy|Will-O-Wisp|p2a: Aegislash\n|-status|p2a: Aegislash|brn\n|move|p1b: Sinistcha|Matcha Gotcha|p2b: Garchomp|[spread] p2a,p2b\n|-resisted|p2a: Aegislash|1\n|-damage|p2a: Aegislash|89/100 brn\n|-heal|p1b: Sinistcha|100/100|[from] drain|[of] p2a: Aegislash\n|-damage|p2b: Garchomp|38/100 brn\n|-formechange|p2a: Aegislash|Aegislash-Blade|\n|move|p2a: Aegislash|Shadow Ball|p1b: Sinistcha\n|-supereffective|p1b: Sinistcha|1\n|-damage|p1b: Sinistcha|0 fnt\n|faint|p1b: Sinistcha\n|\n|-heal|p2a: Aegislash|95/100 brn|[from] item: Leftovers\n|-damage|p2b: Garchomp|32/100 brn|[from] brn\n|-damage|p2a: Aegislash|89/100 brn|[from] brn\n|upkeep\n|\n|t:|1776551494\n|switch|p1b: Skeledirge|Skeledirge, L50, M|100/100\n|turn|5\n|\n|t:|1776551508\n|move|p1b: Skeledirge|Protect|p1b: Skeledirge\n|-singleturn|p1b: Skeledirge|Protect\n|-formechange|p2a: Aegislash|Aegislash|\n|move|p2a: Aegislash|King's Shield|p2a: Aegislash\n|-singleturn|p2a: Aegislash|Protect\n|move|p2b: Garchomp|Stomping Tantrum|p1b: Skeledirge\n|-activate|p1b: Skeledirge|move: Protect\n|move|p1a: Zippy|Electroweb|p2b: Garchomp|[spread] \n|-activate|p2a: Aegislash|move: Protect\n|-immune|p2b: Garchomp\n|\n|-heal|p2a: Aegislash|95/100 brn|[from] item: Leftovers\n|-damage|p2b: Garchomp|26/100 brn|[from] brn\n|-damage|p2a: Aegislash|89/100 brn|[from] brn\n|upkeep\n|turn|6\n|\n|t:|1776551519\n|move|p2b: Garchomp|Rock Slide|p1b: Skeledirge|[spread] p1a,p1b\n|-supereffective|p1b: Skeledirge|1\n|-damage|p1a: Zippy|62/100\n|-damage|p1b: Skeledirge|90/100\n|move|p1a: Zippy|Electroweb|p2b: Garchomp|[spread] p2a\n|-immune|p2b: Garchomp\n|-damage|p2a: Aegislash|77/100 brn\n|-unboost|p2a: Aegislash|spe|1\n|move|p1b: Skeledirge|Torch Song|p2a: Aegislash\n|-supereffective|p2a: Aegislash|1\n|-damage|p2a: Aegislash|25/100 brn\n|-boost|p1b: Skeledirge|spa|1\n|-formechange|p2a: Aegislash|Aegislash-Blade|\n|move|p2a: Aegislash|Shadow Ball|p1b: Skeledirge\n|-supereffective|p1b: Skeledirge|1\n|-damage|p1b: Skeledirge|0 fnt\n|faint|p1b: Skeledirge\n|\n|-heal|p2a: Aegislash|31/100 brn|[from] item: Leftovers\n|-damage|p2b: Garchomp|20/100 brn|[from] brn\n|-damage|p2a: Aegislash|25/100 brn|[from] brn\n|upkeep\n|turn|7\n|-message|Fairy Juice Jay forfeited.\n|\n|win|steve353\n|raw|Fairy Juice Jay's rating: 1438 &rarr; <strong>1421</strong><br />(-17 for losing)\n|raw|steve353's rating: 1494 &rarr; <strong>1511</strong><br />(+17 for winning)\n|l|\u2606Fairy Juice Jay\n|player|p1|\n",
  "uploadtime": 1776551676,
  "views": 29,
  "formatid": "gen9championsvgc2026regma",
  "rating": 1421,
  "private": 0,
  "password": null
}