{
  "id": "gen9championsvgc2026regma-2581141494",
  "format": "[Gen 9 Champions] VGC 2026 Reg M-A",
  "players": [
    "fomtarro",
    "ZarSub"
  ],
  "log": "|j|\u2606fomtarro\n|j|\u2606ZarSub\n|t:|1775963877\n|gametype|doubles\n|player|p1|fomtarro|1|1000\n|player|p2|ZarSub|n|1030\n|gen|9\n|tier|[Gen 9 Champions] VGC 2026 Reg M-A\n|rated|\n|rule|Species Clause: Limit one of each Pok\u00e9mon\n|rule|Item Clause: Limit 1 of each item\n|clearpoke\n|poke|p1|Incineroar, L50, F|\n|poke|p1|Farigiraf, L50, M|\n|poke|p1|Torkoal, L50, M|\n|poke|p1|Venusaur, L50, F|\n|poke|p1|Sneasler, L50, M|\n|poke|p1|Golurk, L50|\n|poke|p2|Farigiraf, L50, M|\n|poke|p2|Incineroar, L50, F|\n|poke|p2|Torkoal, L50, F|\n|poke|p2|Golurk, L50|\n|poke|p2|Whimsicott, L50, M|\n|poke|p2|Garchomp, L50, F|\n|teampreview|4\n|\n|t:|1775963974\n|teamsize|p1|4\n|teamsize|p2|4\n|start\n|switch|p1a: Incineroar|Incineroar, L50, F|100/100\n|switch|p1b: Sneasler|Sneasler, L50, M|100/100\n|switch|p2a: Garchomp|Garchomp, L50, F|100/100\n|switch|p2b: Incineroar|Incineroar, L50, F, shiny|100/100\n|-ability|p1a: Incineroar|Intimidate|boost\n|-unboost|p2a: Garchomp|atk|1\n|-unboost|p2b: Incineroar|atk|1\n|-ability|p2b: Incineroar|Intimidate|boost\n|-unboost|p1a: Incineroar|atk|1\n|-unboost|p1b: Sneasler|atk|1\n|-enditem|p1b: Sneasler|White Herb\n|-clearnegativeboost|p1b: Sneasler|[silent]\n|turn|1\n|inactive|Battle timer is ON: inactive players will automatically lose when time's up. (requested by ZarSub)\n|\n|t:|1775964044\n|switch|p2a: Farigiraf|Farigiraf, L50, M|100/100\n|move|p1b: Sneasler|Fake Out||[still]\n|cant|p2a: Farigiraf|ability: Armor Tail|Fake Out|[of] p1b: Sneasler\n|move|p2b: Incineroar|Fake Out|p1b: Sneasler\n|-damage|p1b: Sneasler|85/100\n|move|p1a: Incineroar|Parting Shot|p2a: Farigiraf\n|-unboost|p2a: Farigiraf|atk|1\n|-unboost|p2a: Farigiraf|spa|1\n|\n|t:|1775964060\n|switch|p1a: Golurk|Golurk, L50|100/100|[from] Parting Shot\n|\n|upkeep\n|turn|2\n|\n|t:|1775964078\n|move|p1a: Golurk|Protect|p1a: Golurk\n|-singleturn|p1a: Golurk|Protect\n|move|p1b: Sneasler|Coaching|p1a: Golurk\n|-boost|p1a: Golurk|atk|1\n|-boost|p1a: Golurk|def|1\n|move|p2b: Incineroar|Parting Shot|p1a: Golurk\n|-activate|p1a: Golurk|move: Protect\n|move|p2a: Farigiraf|Psychic|p1b: Sneasler\n|-supereffective|p1b: Sneasler|2\n|-damage|p1b: Sneasler|0 fnt\n|faint|p1b: Sneasler\n|\n|upkeep\n|\n|t:|1775964094\n|switch|p1b: Incineroar|Incineroar, L50, F|100/100\n|-ability|p1b: Incineroar|Intimidate|boost\n|-unboost|p2a: Farigiraf|atk|1\n|-unboost|p2b: Incineroar|atk|1\n|turn|3\n|inactive|fomtarro has 30 seconds left.\n|inactive|ZarSub has 30 seconds left.\n|\n|t:|1775964126\n|detailschange|p1a: Golurk|Golurk-Mega, L50\n|-mega|p1a: Golurk|Golurk|Golurkite\n|move|p2a: Farigiraf|Protect|p2a: Farigiraf\n|-singleturn|p2a: Farigiraf|Protect\n|move|p1b: Incineroar|Darkest Lariat|p2a: Farigiraf\n|-activate|p2a: Farigiraf|move: Protect\n|move|p1a: Golurk|Headlong Rush|p2b: Incineroar\n|-supereffective|p2b: Incineroar|1\n|-damage|p2b: Incineroar|0 fnt\n|-unboost|p1a: Golurk|def|1\n|-unboost|p1a: Golurk|spd|1\n|faint|p2b: Incineroar\n|\n|upkeep\n|\n|t:|1775964148\n|switch|p2b: Golurk|Golurk, L50|100/100\n|turn|4\n|inactive|ZarSub has 30 seconds left.\n|inactive|ZarSub has 20 seconds left.\n|\n|t:|1775964183\n|detailschange|p2b: Golurk|Golurk-Mega, L50\n|-mega|p2b: Golurk|Golurk|Golurkite\n|move|p1b: Incineroar|Parting Shot|p2b: Golurk\n|-unboost|p2b: Golurk|atk|1\n|-unboost|p2b: Golurk|spa|1\n|\n|t:|1775964188\n|switch|p1b: Farigiraf|Farigiraf, L50, M|100/100|[from] Parting Shot\n|move|p1a: Golurk|Poltergeist|p2b: Golurk\n|-activate|p2b: Golurk|move: Poltergeist|Golurkite\n|-supereffective|p2b: Golurk|1\n|-damage|p2b: Golurk|0 fnt\n|faint|p2b: Golurk\n|move|p2a: Farigiraf|Trick Room|p2a: Farigiraf\n|-fieldstart|move: Trick Room|[of] p2a: Farigiraf\n|\n|upkeep\n|\n|t:|1775964199\n|switch|p2b: Garchomp|Garchomp, L50, F|100/100\n|turn|5\n|\n|t:|1775964216\n|switch|p1b: Incineroar|Incineroar, L50, F|100/100\n|-ability|p1b: Incineroar|Intimidate|boost\n|-unboost|p2a: Farigiraf|atk|1\n|-unboost|p2b: Garchomp|atk|1\n|move|p2b: Garchomp|Protect|p2b: Garchomp\n|-singleturn|p2b: Garchomp|Protect\n|move|p1a: Golurk|Ice Punch|p2b: Garchomp\n|-supereffective|p2b: Garchomp|2\n|-damage|p2b: Garchomp|52/100\n|-damage|p1a: Golurk|88/100|[from] ability: Rough Skin|[of] p2b: Garchomp\n|move|p2a: Farigiraf|Trick Room|p2a: Farigiraf\n|-fieldend|move: Trick Room\n|\n|-heal|p2b: Garchomp|58/100|[from] item: Leftovers\n|upkeep\n|turn|6\n|\n|t:|1775964239\n|move|p2a: Farigiraf|Helping Hand|p2b: Garchomp\n|-singleturn|p2b: Garchomp|Helping Hand|[of] p2a: Farigiraf\n|move|p2b: Garchomp|Outrage|p1b: Incineroar\n|-damage|p1b: Incineroar|45/100\n|move|p1b: Incineroar|Parting Shot|p2b: Garchomp\n|-unboost|p2b: Garchomp|atk|1\n|-unboost|p2b: Garchomp|spa|1\n|\n|t:|1775964246\n|switch|p1b: Farigiraf|Farigiraf, L50, M|100/100|[from] Parting Shot\n|move|p1a: Golurk|Ice Punch|p2b: Garchomp\n|-supereffective|p2b: Garchomp|2\n|-damage|p2b: Garchomp|0 fnt\n|-damage|p1a: Golurk|75/100|[from] ability: Rough Skin|[of] p2b: Garchomp\n|faint|p2b: Garchomp\n|\n|upkeep\n|turn|7\n|\n|t:|1775964259\n|move|p1b: Farigiraf|Helping Hand|p1a: Golurk\n|-singleturn|p1a: Golurk|Helping Hand|[of] p1b: Farigiraf\n|move|p1a: Golurk|Headlong Rush|p2a: Farigiraf\n|-damage|p2a: Farigiraf|0 fnt\n|-unboost|p1a: Golurk|def|1\n|-unboost|p1a: Golurk|spd|1\n|faint|p2a: Farigiraf\n|\n|win|fomtarro\n|raw|fomtarro's rating: 1000 &rarr; <strong>1043</strong><br />(+43 for winning)\n|raw|ZarSub's rating: 1030 &rarr; <strong>1014</strong><br />(-16 for losing)\n",
  "uploadtime": 1775964267,
  "views": 27,
  "formatid": "gen9championsvgc2026regma",
  "rating": 1014,
  "private": 0,
  "password": null
}