{
  "id": "gen9championsvgc2026regma-2586259603",
  "format": "[Gen 9 Champions] VGC 2026 Reg M-A",
  "players": [
    "LamestAmos",
    "boostedelo"
  ],
  "log": "|j|\u2606LamestAmos\n|j|\u2606boostedelo\n|t:|1776418451\n|gametype|doubles\n|player|p1|LamestAmos|veteran|1368\n|player|p2|boostedelo|elesa-gen5bw2|1325\n|gen|9\n|tier|[Gen 9 Champions] VGC 2026 Reg M-A\n|rated|\n|rule|Species Clause: Limit one of each Pok\u00e9mon\n|rule|Item Clause: Limit 1 of each item\n|clearpoke\n|poke|p1|Aggron, L50, F|\n|poke|p1|Sinistcha-Masterpiece, L50|\n|poke|p1|Incineroar, L50, M|\n|poke|p1|Sneasler, L50, M|\n|poke|p1|Pelipper, L50, F|\n|poke|p1|Basculegion, L50, M|\n|poke|p2|Gallade, L50, M|\n|poke|p2|Incineroar, L50, M|\n|poke|p2|Sinistcha, L50|\n|poke|p2|Aegislash, L50, M|\n|poke|p2|Kingambit, L50, M|\n|poke|p2|Glimmora, L50, M|\n|teampreview|4\n|inactive|Battle timer is ON: inactive players will automatically lose when time's up. (requested by boostedelo)\n|inactive|LamestAmos has 60 seconds left.\n|inactive|boostedelo has 60 seconds left.\n|\n|t:|1776418497\n|teamsize|p1|4\n|teamsize|p2|4\n|start\n|switch|p1a: The Wall|Aggron, L50, F|100/100\n|switch|p1b: Sinistcha|Sinistcha-Masterpiece, L50|100/100\n|switch|p2a: Sinistcha|Sinistcha, L50|100/100\n|switch|p2b: Kingambit|Kingambit, L50, M|100/100\n|turn|1\n|inactive|LamestAmos has 30 seconds left.\n|inactive|LamestAmos has 20 seconds left.\n|\n|t:|1776418534\n|detailschange|p1a: The Wall|Aggron-Mega, L50, F\n|-mega|p1a: The Wall|Aggron|Aggronite\n|move|p2a: Sinistcha|Rage Powder|p2a: Sinistcha\n|-singleturn|p2a: Sinistcha|move: Rage Powder\n|move|p1a: The Wall|Iron Defense|p1a: The Wall\n|-boost|p1a: The Wall|def|2\n|move|p2b: Kingambit|Swords Dance|p2b: Kingambit\n|-boost|p2b: Kingambit|atk|2\n|move|p1b: Sinistcha|Trick Room|p1b: Sinistcha\n|-fieldstart|move: Trick Room|[of] p1b: Sinistcha\n|\n|upkeep\n|turn|2\n|\n|t:|1776418547\n|move|p2a: Sinistcha|Rage Powder|p2a: Sinistcha\n|-singleturn|p2a: Sinistcha|move: Rage Powder\n|move|p2b: Kingambit|Kowtow Cleave|p1b: Sinistcha\n|-supereffective|p1b: Sinistcha|1\n|-enditem|p1b: Sinistcha|Colbur Berry|[eat]\n|-enditem|p1b: Sinistcha|Colbur Berry|[weaken]\n|-damage|p1b: Sinistcha|0 fnt\n|faint|p1b: Sinistcha\n|move|p1a: The Wall|Heavy Slam|p2a: Sinistcha\n|-damage|p2a: Sinistcha|59/100\n|\n|upkeep\n|\n|t:|1776418558\n|switch|p1b: Incineroar|Incineroar, L50, M|100/100\n|-ability|p1b: Incineroar|Intimidate|boost\n|-unboost|p2a: Sinistcha|atk|1\n|-unboost|p2b: Kingambit|atk|1\n|-ability|p2b: Kingambit|Defiant|boost\n|-boost|p2b: Kingambit|atk|2\n|turn|3\n|\n|t:|1776418575\n|move|p1b: Incineroar|Fake Out|p2b: Kingambit\n|-resisted|p2b: Kingambit|1\n|-damage|p2b: Kingambit|96/100\n|move|p2a: Sinistcha|Rage Powder|p2a: Sinistcha\n|-singleturn|p2a: Sinistcha|move: Rage Powder\n|cant|p2b: Kingambit|flinch\n|move|p1a: The Wall|Heavy Slam|p2a: Sinistcha\n|-damage|p2a: Sinistcha|21/100\n|\n|upkeep\n|turn|4\n|\n|t:|1776418598\n|move|p2a: Sinistcha|Rage Powder|p2a: Sinistcha\n|-singleturn|p2a: Sinistcha|move: Rage Powder\n|move|p2b: Kingambit|Kowtow Cleave|p1a: The Wall\n|-damage|p1a: The Wall|63/100\n|move|p1a: The Wall|Heavy Slam|p2a: Sinistcha\n|-damage|p2a: Sinistcha|0 fnt\n|faint|p2a: Sinistcha\n|move|p1b: Incineroar|Flare Blitz|p2b: Kingambit\n|-supereffective|p2b: Kingambit|1\n|-damage|p2b: Kingambit|26/100\n|-damage|p1b: Incineroar|77/100|[from] Recoil\n|\n|upkeep\n|\n|t:|1776418609\n|switch|p2a: Gallade|Gallade, L50, M|100/100\n|turn|5\n|\n|t:|1776418635\n|move|p2a: Gallade|Protect|p2a: Gallade\n|-singleturn|p2a: Gallade|Protect\n|move|p2b: Kingambit|Kowtow Cleave|p1b: Incineroar\n|-resisted|p1b: Incineroar|1\n|-damage|p1b: Incineroar|16/100\n|-enditem|p1b: Incineroar|Sitrus Berry|[eat]\n|-heal|p1b: Incineroar|41/100|[from] item: Sitrus Berry\n|move|p1a: The Wall|Body Press|p2b: Kingambit\n|-supereffective|p2b: Kingambit|2\n|-damage|p2b: Kingambit|0 fnt\n|faint|p2b: Kingambit\n|move|p1b: Incineroar|Flare Blitz|p2a: Gallade\n|-activate|p2a: Gallade|move: Protect\n|\n|-fieldend|move: Trick Room\n|upkeep\n|\n|t:|1776418646\n|switch|p2b: Glimmora|Glimmora, L50, M|100/100\n|turn|6\n|\n|t:|1776418654\n|detailschange|p2b: Glimmora|Glimmora-Mega, L50, M\n|-mega|p2b: Glimmora|Glimmora|Glimmoranite\n|move|p1a: The Wall|Protect|p1a: The Wall\n|-singleturn|p1a: The Wall|Protect\n|move|p2b: Glimmora|Power Gem|p1b: Incineroar\n|-supereffective|p1b: Incineroar|1\n|-damage|p1b: Incineroar|0 fnt\n|faint|p1b: Incineroar\n|move|p2a: Gallade|Sacred Sword|p1a: The Wall\n|-activate|p1a: The Wall|move: Protect\n|\n|upkeep\n|\n|t:|1776418666\n|switch|p1b: Basculegion|Basculegion, L50, M|100/100\n|turn|7\n|\n|t:|1776418682\n|move|p2a: Gallade|Protect|p2a: Gallade\n|-singleturn|p2a: Gallade|Protect\n|move|p1b: Basculegion|Last Respects|p2a: Gallade\n|-activate|p2a: Gallade|move: Protect\n|move|p2b: Glimmora|Earth Power|p1a: The Wall\n|-supereffective|p1a: The Wall|1\n|-damage|p1a: The Wall|12/100\n|move|p1a: The Wall|Heavy Slam|p2b: Glimmora\n|-supereffective|p2b: Glimmora|1\n|-damage|p2b: Glimmora|0 fnt\n|faint|p2b: Glimmora\n|\n|upkeep\n|turn|8\n|-message|boostedelo forfeited.\n|\n|win|LamestAmos\n|raw|LamestAmos's rating: 1368 &rarr; <strong>1386</strong><br />(+18 for winning)\n|raw|boostedelo's rating: 1325 &rarr; <strong>1307</strong><br />(-18 for losing)\n|l|\u2606boostedelo\n|player|p2|\n",
  "uploadtime": 1776418819,
  "views": 30,
  "formatid": "gen9championsvgc2026regma",
  "rating": 1307,
  "private": 0,
  "password": null
}