{
  "id": "gen9championsvgc2026regma-2586585812",
  "format": "[Gen 9 Champions] VGC 2026 Reg M-A",
  "players": [
    "DylanNoPancakes",
    "ruirivers"
  ],
  "log": "|j|\u2606DylanNoPancakes\n|j|\u2606ruirivers\n|t:|1776444951\n|gametype|doubles\n|player|p1|DylanNoPancakes|265|1107\n|player|p2|ruirivers|shadowtriad|1085\n|gen|9\n|tier|[Gen 9 Champions] VGC 2026 Reg M-A\n|rated|\n|rule|Species Clause: Limit one of each Pok\u00e9mon\n|rule|Item Clause: Limit 1 of each item\n|clearpoke\n|poke|p1|Pelipper, L50, F|\n|poke|p1|Basculegion, L50, M|\n|poke|p1|Incineroar, L50, M|\n|poke|p1|Sinistcha, L50|\n|poke|p1|Glalie, L50, M|\n|poke|p1|Sneasler, L50, M|\n|poke|p2|Chesnaught, L50, M|\n|poke|p2|Samurott-Hisui, L50, M|\n|poke|p2|Noivern, L50, F|\n|poke|p2|Arcanine, L50, M|\n|poke|p2|Raichu, L50, M|\n|poke|p2|Zoroark-Hisui, L50, F|\n|teampreview|4\n|inactive|Battle timer is ON: inactive players will automatically lose when time's up. (requested by ruirivers)\n|inactive|ruirivers has 60 seconds left.\n|\n|t:|1776444982\n|teamsize|p1|4\n|teamsize|p2|4\n|start\n|switch|p1a: Pelipper|Pelipper, L50, F|100/100\n|switch|p1b: Sneasler|Sneasler, L50, M|100/100\n|switch|p2a: Raichu|Raichu, L50, M|100/100\n|switch|p2b: Noivern|Noivern, L50, F, shiny|100/100\n|-item|p1a: Pelipper|Focus Sash|[from] ability: Frisk|[of] p2b: Noivern\n|-item|p1b: Sneasler|White Herb|[from] ability: Frisk|[of] p2b: Noivern\n|-weather|RainDance|[from] ability: Drizzle|[of] p1a: Pelipper\n|turn|1\n|\n|t:|1776444999\n|move|p2a: Raichu|Fake Out|p1a: Pelipper\n|-damage|p1a: Pelipper|90/100\n|move|p1b: Sneasler|Fake Out|p2b: Noivern\n|-damage|p2b: Noivern|80/100\n|cant|p2b: Noivern|flinch\n|cant|p1a: Pelipper|flinch\n|\n|-weather|RainDance|[upkeep]\n|upkeep\n|turn|2\n|\n|t:|1776445010\n|switch|p1a: Sinistcha|Sinistcha, L50|100/100\n|move|p2b: Noivern|Psychic Noise|p1b: Sneasler\n|-supereffective|p1b: Sneasler|2\n|-damage|p1b: Sneasler|0 fnt\n|faint|p1b: Sneasler\n|move|p2a: Raichu|Thunderbolt|p1a: Sinistcha\n|-resisted|p1a: Sinistcha|1\n|-damage|p1a: Sinistcha|78/100\n|\n|-weather|RainDance|[upkeep]\n|upkeep\n|\n|t:|1776445020\n|switch|p1b: Glalie|Glalie, L50, M|100/100\n|turn|3\n|\n|t:|1776445026\n|detailschange|p1b: Glalie|Glalie-Mega, L50, M\n|-mega|p1b: Glalie|Glalie|Glalitite\n|move|p2a: Raichu|Protect|p2a: Raichu\n|-singleturn|p2a: Raichu|Protect\n|move|p1a: Sinistcha|Rage Powder|p1a: Sinistcha\n|-singleturn|p1a: Sinistcha|move: Rage Powder\n|move|p2b: Noivern|Tailwind|p2b: Noivern\n|-sidestart|p2: ruirivers|move: Tailwind\n|move|p1b: Glalie|Body Slam|p2b: Noivern\n|-supereffective|p2b: Noivern|2\n|-damage|p2b: Noivern|0 fnt\n|faint|p2b: Noivern\n|\n|-weather|RainDance|[upkeep]\n|upkeep\n|\n|t:|1776445044\n|switch|p2b: Chesnaught|Chesnaught, L50, M|100/100\n|turn|4\n|\n|t:|1776445055\n|detailschange|p2b: Chesnaught|Chesnaught-Mega, L50, M\n|-mega|p2b: Chesnaught|Chesnaught|Chesnaughtite\n|move|p1a: Sinistcha|Rage Powder|p1a: Sinistcha\n|-singleturn|p1a: Sinistcha|move: Rage Powder\n|move|p2a: Raichu|Thunderbolt|p1a: Sinistcha\n|-resisted|p1a: Sinistcha|1\n|-damage|p1a: Sinistcha|56/100\n|move|p1b: Glalie|Earthquake|p2a: Raichu|[spread] p1a,p2a,p2b\n|-resisted|p1a: Sinistcha|1\n|-supereffective|p2a: Raichu|1\n|-resisted|p2b: Chesnaught|1\n|-damage|p1a: Sinistcha|47/100\n|-enditem|p2a: Raichu|Focus Sash\n|-damage|p2a: Raichu|1/100\n|-damage|p2b: Chesnaught|95/100\n|-enditem|p1a: Sinistcha|Sitrus Berry|[eat]\n|-heal|p1a: Sinistcha|72/100|[from] item: Sitrus Berry\n|move|p2b: Chesnaught|Body Press|p1b: Glalie\n|-supereffective|p1b: Glalie|1\n|-damage|p1b: Glalie|0 fnt\n|faint|p1b: Glalie\n|\n|-weather|RainDance|[upkeep]\n|upkeep\n|\n|t:|1776445079\n|switch|p1b: Pelipper|Pelipper, L50, F|90/100\n|turn|5\n|\n|t:|1776445091\n|switch|p2a: Samurott|Samurott-Hisui, L50, M|100/100\n|move|p2b: Chesnaught|Spiky Shield|p2b: Chesnaught\n|-singleturn|p2b: Chesnaught|move: Protect\n|move|p1b: Pelipper|Protect|p1b: Pelipper\n|-singleturn|p1b: Pelipper|Protect\n|move|p1a: Sinistcha|Protect||[still]\n|-fail|p1a: Sinistcha\n|\n|-weather|none\n|upkeep\n|turn|6\n|\n|t:|1776445103\n|move|p1a: Sinistcha|Rage Powder|p1a: Sinistcha\n|-singleturn|p1a: Sinistcha|move: Rage Powder\n|move|p2a: Samurott|Ceaseless Edge|p1a: Sinistcha\n|-supereffective|p1a: Sinistcha|1\n|-damage|p1a: Sinistcha|1/100\n|-sidestart|p1: DylanNoPancakes|Spikes\n|move|p2b: Chesnaught|Wood Hammer|p1b: Pelipper\n|-damage|p1b: Pelipper|24/100\n|-damage|p2b: Chesnaught|79/100|[from] Recoil\n|move|p1b: Pelipper|Tailwind|p1b: Pelipper\n|-sidestart|p1: DylanNoPancakes|move: Tailwind\n|\n|-sideend|p2: ruirivers|move: Tailwind\n|upkeep\n|turn|7\n|\n|t:|1776445122\n|move|p1b: Pelipper|Hurricane|p2b: Chesnaught\n|-supereffective|p2b: Chesnaught|2\n|-damage|p2b: Chesnaught|0 fnt\n|faint|p2b: Chesnaught\n|move|p2a: Samurott|Ceaseless Edge|p1b: Pelipper\n|-damage|p1b: Pelipper|0 fnt\n|-sidestart|p1: DylanNoPancakes|Spikes\n|faint|p1b: Pelipper\n|move|p1a: Sinistcha|Matcha Gotcha|p2a: Samurott\n|-supereffective|p2a: Samurott|1\n|-damage|p2a: Samurott|0 fnt\n|-heal|p1a: Sinistcha|48/100|[from] drain|[of] p2a: Samurott\n|faint|p2a: Samurott\n|\n|upkeep\n|\n|t:|1776445126\n|switch|p2a: Raichu|Raichu, L50, M|1/100\n|turn|8\n|\n|t:|1776445133\n|move|p1a: Sinistcha|Matcha Gotcha|p2a: Raichu|[miss]\n|-miss|p1a: Sinistcha|p2a: Raichu\n|move|p2a: Raichu|Thunderbolt|p1a: Sinistcha\n|-resisted|p1a: Sinistcha|1\n|-damage|p1a: Sinistcha|25/100\n|\n|upkeep\n|turn|9\n|\n|t:|1776445140\n|move|p1a: Sinistcha|Matcha Gotcha|p2a: Raichu\n|-damage|p2a: Raichu|0 fnt\n|-heal|p1a: Sinistcha|26/100|[from] drain|[of] p2a: Raichu\n|faint|p2a: Raichu\n|\n|win|DylanNoPancakes\n|raw|DylanNoPancakes's rating: 1107 &rarr; <strong>1130</strong><br />(+23 for winning)\n|raw|ruirivers's rating: 1085 &rarr; <strong>1064</strong><br />(-21 for losing)\n|l|\u2606ruirivers\n|player|p2|\n",
  "uploadtime": 1776445146,
  "views": 41,
  "formatid": "gen9championsvgc2026regma",
  "rating": 1064,
  "private": 0,
  "password": null
}