{
  "id": "gen9championsvgc2026regma-2582392332",
  "format": "[Gen 9 Champions] VGC 2026 Reg M-A",
  "players": [
    "JAMieC_123",
    "Effe97"
  ],
  "log": "|j|\u2606JAMieC_123\n|j|\u2606Effe97\n|t:|1776088639\n|gametype|doubles\n|player|p1|JAMieC_123|ltsurge|1078\n|player|p2|Effe97|102|1158\n|gen|9\n|tier|[Gen 9 Champions] VGC 2026 Reg M-A\n|rated|\n|rule|Species Clause: Limit one of each Pok\u00e9mon\n|rule|Item Clause: Limit 1 of each item\n|clearpoke\n|poke|p1|Sableye, L50, M|\n|poke|p1|Sinistcha, L50|\n|poke|p1|Floette-Eternal, L50, F|\n|poke|p1|Incineroar, L50, M|\n|poke|p1|Basculegion, L50, M|\n|poke|p1|Aerodactyl, L50, F|\n|poke|p2|Tyranitar, L50, M|\n|poke|p2|Excadrill, L50, M|\n|poke|p2|Aerodactyl, L50, M|\n|poke|p2|Incineroar, L50, M|\n|poke|p2|Sinistcha, L50|\n|poke|p2|Rotom-Wash, L50|\n|teampreview|4\nJAMieC_123 has agreed to open team sheets.\n|inactive|Battle timer is ON: inactive players will automatically lose when time's up. (requested by JAMieC_123)\n|inactive|Effe97 has 60 seconds left.\n|\n|t:|1776088679\n|teamsize|p1|4\n|teamsize|p2|4\n|start\n|switch|p1a: Sableye|Sableye, L50, M|100/100\n|switch|p1b: Basculegion|Basculegion, L50, M|100/100\n|switch|p2a: Incineroar|Incineroar, L50, M|100/100\n|switch|p2b: Excadrill|Excadrill, L50, M|100/100\n|-ability|p2a: Incineroar|Intimidate|boost\n|-unboost|p1a: Sableye|atk|1\n|-unboost|p1b: Basculegion|atk|1\n|turn|1\n|\n|t:|1776088698\n|move|p2b: Excadrill|Protect|p2b: Excadrill\n|-singleturn|p2b: Excadrill|Protect\n|move|p1a: Sableye|Reflect|p1a: Sableye\n|-sidestart|p1: JAMieC_123|Reflect\n|move|p1b: Basculegion|Flip Turn|p2a: Incineroar\n|-supereffective|p2a: Incineroar|1\n|-damage|p2a: Incineroar|57/100\n|\n|t:|1776088704\n|switch|p1b: Incineroar|Incineroar, L50, M|100/100|[from] Flip Turn\n|-ability|p1b: Incineroar|Intimidate|boost\n|-unboost|p2a: Incineroar|atk|1\n|-unboost|p2b: Excadrill|atk|1\n|move|p2a: Incineroar|Will-O-Wisp|p1b: Incineroar\n|-immune|p1b: Incineroar\n|\n|upkeep\n|turn|2\n|\n|t:|1776088720\n|switch|p2b: Sinistcha|Sinistcha, L50|100/100\n|-heal|p2a: Incineroar|82/100|[from] ability: Hospitality|[of] p2b: Sinistcha\n|move|p1b: Incineroar|Fake Out|p2b: Sinistcha\n|-immune|p2b: Sinistcha\n|move|p2a: Incineroar|Parting Shot|p1b: Incineroar\n|-unboost|p1b: Incineroar|atk|1\n|-unboost|p1b: Incineroar|spa|1\n|\n|t:|1776088729\n|switch|p2a: Excadrill|Excadrill, L50, M|100/100|[from] Parting Shot\n|move|p1a: Sableye|Foul Play|p2b: Sinistcha\n|-supereffective|p2b: Sinistcha|1\n|-damage|p2b: Sinistcha|67/100\n|\n|upkeep\n|turn|3\n|\n|t:|1776088753\n|switch|p2b: Tyranitar|Tyranitar, L50, M|100/100\n|-weather|Sandstorm|[from] ability: Sand Stream|[of] p2b: Tyranitar\n|move|p2a: Excadrill|High Horsepower|p1b: Incineroar\n|-supereffective|p1b: Incineroar|1\n|-damage|p1b: Incineroar|46/100\n|-enditem|p1b: Incineroar|Sitrus Berry|[eat]\n|-heal|p1b: Incineroar|71/100|[from] item: Sitrus Berry\n|move|p1b: Incineroar|Parting Shot|p2b: Tyranitar\n|-unboost|p2b: Tyranitar|atk|1\n|-unboost|p2b: Tyranitar|spa|1\n|\n|t:|1776088765\n|switch|p1b: Basculegion|Basculegion, L50, M|100/100|[from] Parting Shot\n|move|p1a: Sableye|Foul Play|p2a: Excadrill\n|-damage|p2a: Excadrill|15/100\n|\n|-weather|Sandstorm|[upkeep]\n|-damage|p1b: Basculegion|94/100|[from] Sandstorm\n|-damage|p1a: Sableye|95/100|[from] Sandstorm\n|upkeep\n|turn|4\n|\n|t:|1776088785\n|switch|p2b: Incineroar|Incineroar, L50, M|82/100\n|-ability|p2b: Incineroar|Intimidate|boost\n|-unboost|p1a: Sableye|atk|1\n|-unboost|p1b: Basculegion|atk|1\n|move|p2a: Excadrill|High Horsepower|p1b: Basculegion\n|-damage|p1b: Basculegion|45/100\n|move|p1b: Basculegion|Flip Turn|p2b: Incineroar\n|-supereffective|p2b: Incineroar|1\n|-damage|p2b: Incineroar|40/100\n|\n|t:|1776088795\n|switch|p1b: Incineroar|Incineroar, L50, M|71/100|[from] Flip Turn\n|-ability|p1b: Incineroar|Intimidate|boost\n|-unboost|p2a: Excadrill|atk|1\n|-unboost|p2b: Incineroar|atk|1\n|move|p1a: Sableye|Foul Play|p2a: Excadrill\n|-damage|p2a: Excadrill|0 fnt\n|faint|p2a: Excadrill\n|\n|-weather|Sandstorm|[upkeep]\n|-damage|p2b: Incineroar|34/100|[from] Sandstorm\n|-damage|p1b: Incineroar|65/100|[from] Sandstorm\n|-damage|p1a: Sableye|89/100|[from] Sandstorm\n|upkeep\n|\n|t:|1776088811\n|switch|p2a: Sinistcha|Sinistcha, L50|67/100\n|-heal|p2b: Incineroar|59/100|[from] ability: Hospitality|[of] p2a: Sinistcha\n|turn|5\n|inactive|JAMieC_123 has 30 seconds left.\n|\n|t:|1776088840\n|move|p2b: Incineroar|Fake Out|p1b: Incineroar\n|-damage|p1b: Incineroar|60/100\n|move|p1a: Sableye|Light Screen|p1a: Sableye\n|-sidestart|p1: JAMieC_123|move: Light Screen\n|move|p2a: Sinistcha|Matcha Gotcha|p1a: Sableye|[spread] p1a,p1b\n|-resisted|p1b: Incineroar|1\n|-damage|p1a: Sableye|69/100\n|-heal|p2a: Sinistcha|76/100|[from] drain|[of] p1a: Sableye\n|-damage|p1b: Incineroar|53/100\n|-heal|p2a: Sinistcha|80/100|[from] drain|[of] p1b: Incineroar\n|cant|p1b: Incineroar|flinch\n|\n|-weather|Sandstorm|[upkeep]\n|-damage|p2a: Sinistcha|74/100|[from] Sandstorm\n|-damage|p2b: Incineroar|53/100|[from] Sandstorm\n|-damage|p1b: Incineroar|47/100|[from] Sandstorm\n|-damage|p1a: Sableye|64/100|[from] Sandstorm\n|-sideend|p1: JAMieC_123|Reflect\n|upkeep\n|turn|6\n|inactive|Effe97 has 30 seconds left.\n|\n|t:|1776088866\n|move|p1a: Sableye|Reflect|p1a: Sableye\n|-sidestart|p1: JAMieC_123|Reflect\n|move|p2a: Sinistcha|Strength Sap|p1b: Incineroar\n|-unboost|p1b: Incineroar|atk|1\n|-heal|p2a: Sinistcha|100/100\n|move|p2b: Incineroar|Darkest Lariat|p1b: Incineroar\n|-resisted|p1b: Incineroar|1\n|-damage|p1b: Incineroar|41/100\n|move|p1b: Incineroar|Parting Shot|p2b: Incineroar\n|-unboost|p2b: Incineroar|atk|1\n|-unboost|p2b: Incineroar|spa|1\n|\n|t:|1776088878\n|switch|p1b: Basculegion|Basculegion, L50, M|45/100|[from] Parting Shot\n|\n|-weather|Sandstorm|[upkeep]\n|-damage|p1b: Basculegion|39/100|[from] Sandstorm\n|-damage|p2a: Sinistcha|94/100|[from] Sandstorm\n|-damage|p2b: Incineroar|47/100|[from] Sandstorm\n|-damage|p1a: Sableye|58/100|[from] Sandstorm\n|upkeep\n|turn|7\n|\n|t:|1776088890\n|move|p2a: Sinistcha|Rage Powder|p2a: Sinistcha\n|-singleturn|p2a: Sinistcha|move: Rage Powder\n|move|p1b: Basculegion|Wave Crash|p2a: Sinistcha\n|-resisted|p2a: Sinistcha|1\n|-damage|p2a: Sinistcha|67/100\n|-damage|p1b: Basculegion|31/100|[from] Recoil\n|move|p2b: Incineroar|Parting Shot|p1b: Basculegion\n|-unboost|p1b: Basculegion|atk|1\n|-unboost|p1b: Basculegion|spa|1\n|\n|t:|1776088897\n|switch|p2b: Tyranitar|Tyranitar, L50, M|100/100|[from] Parting Shot\n|move|p1a: Sableye|Foul Play|p2a: Sinistcha\n|-supereffective|p2a: Sinistcha|1\n|-damage|p2a: Sinistcha|39/100\n|\n|-weather|none\n|upkeep\n|turn|8\n|\n|t:|1776088912\n|switch|p1b: Incineroar|Incineroar, L50, M|41/100\n|-ability|p1b: Incineroar|Intimidate|boost\n|-unboost|p2a: Sinistcha|atk|1\n|-unboost|p2b: Tyranitar|atk|1\n|detailschange|p2b: Tyranitar|Tyranitar-Mega, L50, M\n|-mega|p2b: Tyranitar|Tyranitar|Tyranitarite\n|-weather|Sandstorm|[from] ability: Sand Stream|[of] p2b: Tyranitar\n|move|p2b: Tyranitar|Rock Slide|p1b: Incineroar|[spread] p1a,p1b\n|-supereffective|p1b: Incineroar|1\n|-damage|p1a: Sableye|37/100\n|-damage|p1b: Incineroar|18/100\n|move|p2a: Sinistcha|Matcha Gotcha|p1a: Sableye|[spread] p1b\n|-miss|p2a: Sinistcha|p1a: Sableye\n|-resisted|p1b: Incineroar|1\n|-damage|p1b: Incineroar|11/100\n|-heal|p2a: Sinistcha|43/100|[from] drain|[of] p1b: Incineroar\n|move|p1a: Sableye|Foul Play|p2b: Tyranitar\n|-resisted|p2b: Tyranitar|1\n|-damage|p2b: Tyranitar|88/100\n|\n|-weather|Sandstorm|[upkeep]\n|-damage|p2a: Sinistcha|36/100|[from] Sandstorm\n|-damage|p1b: Incineroar|5/100|[from] Sandstorm\n|-damage|p1a: Sableye|31/100|[from] Sandstorm\n|upkeep\n|turn|9\n|inactive|JAMieC_123 has 30 seconds left.\n|inactive|Effe97 has 30 seconds left.\n|\n|t:|1776088940\n|switch|p2a: Incineroar|Incineroar, L50, M|47/100\n|-ability|p2a: Incineroar|Intimidate|boost\n|-unboost|p1a: Sableye|atk|1\n|-unboost|p1b: Incineroar|atk|1\n|move|p2b: Tyranitar|Protect|p2b: Tyranitar\n|-singleturn|p2b: Tyranitar|Protect\n|move|p1b: Incineroar|Fake Out|p2b: Tyranitar\n|-activate|p2b: Tyranitar|move: Protect\n|move|p1a: Sableye|Foul Play|p2a: Incineroar\n|-resisted|p2a: Incineroar|1\n|-damage|p2a: Incineroar|29/100\n|\n|-weather|Sandstorm|[upkeep]\n|-damage|p2a: Incineroar|23/100|[from] Sandstorm\n|-damage|p1b: Incineroar|0 fnt|[from] Sandstorm\n|-damage|p1a: Sableye|25/100|[from] Sandstorm\n|faint|p1b: Incineroar\n|-sideend|p1: JAMieC_123|move: Light Screen\n|upkeep\n|\n|t:|1776088955\n|switch|p1b: Basculegion|Basculegion, L50, M|31/100\n|turn|10\n|\n|t:|1776088967\n|switch|p2a: Sinistcha|Sinistcha, L50|36/100\n|-heal|p2b: Tyranitar|100/100|[from] ability: Hospitality|[of] p2a: Sinistcha\n|move|p1a: Sableye|Protect|p1a: Sableye\n|-singleturn|p1a: Sableye|Protect\n|move|p1b: Basculegion|Wave Crash|p2b: Tyranitar\n|-supereffective|p2b: Tyranitar|1\n|-damage|p2b: Tyranitar|14/100\n|-damage|p1b: Basculegion|1/100|[from] Recoil\n|move|p2b: Tyranitar|Rock Slide|p1a: Sableye|[spread] \n|-activate|p1a: Sableye|move: Protect\n|-miss|p2b: Tyranitar|p1b: Basculegion\n|\n|-weather|Sandstorm|[upkeep]\n|-damage|p1b: Basculegion|0 fnt|[from] Sandstorm\n|-damage|p2a: Sinistcha|30/100|[from] Sandstorm\n|-damage|p1a: Sableye|20/100|[from] Sandstorm\n|faint|p1b: Basculegion\n|-sideend|p1: JAMieC_123|Reflect\n|upkeep\n|\n|t:|1776088984\n|switch|p1b: Floette|Floette-Eternal, L50, F|100/100\n|turn|11\n|\n|t:|1776088990\n|switch|p2b: Incineroar|Incineroar, L50, M|23/100\n|-ability|p2b: Incineroar|Intimidate|boost\n|-unboost|p1a: Sableye|atk|1\n|-unboost|p1b: Floette|atk|1\n|detailschange|p1b: Floette|Floette-Mega, L50, F\n|-mega|p1b: Floette|Floette|Floettite\n|-ability|p1b: Floette|Fairy Aura\n|move|p1a: Sableye|Reflect|p1a: Sableye\n|-sidestart|p1: JAMieC_123|Reflect\n|move|p1b: Floette|Calm Mind|p1b: Floette\n|-boost|p1b: Floette|spa|1\n|-boost|p1b: Floette|spd|1\n|move|p2a: Sinistcha|Matcha Gotcha|p1a: Sableye|[spread] p1a,p1b\n|-crit|p1a: Sableye\n|-damage|p1a: Sableye|0 fnt\n|-heal|p2a: Sinistcha|39/100|[from] drain|[of] p1a: Sableye\n|-damage|p1b: Floette|90/100\n|-heal|p2a: Sinistcha|44/100|[from] drain|[of] p1b: Floette\n|faint|p1a: Sableye\n|\n|-weather|Sandstorm|[upkeep]\n|-damage|p1b: Floette|84/100|[from] Sandstorm\n|-damage|p2a: Sinistcha|38/100|[from] Sandstorm\n|-damage|p2b: Incineroar|17/100|[from] Sandstorm\n|upkeep\n|turn|12\n|\n|t:|1776089012\n|move|p2b: Incineroar|Fake Out|p1b: Floette\n|-damage|p1b: Floette|78/100\n|cant|p1b: Floette|flinch\n|move|p2a: Sinistcha|Strength Sap|p1b: Floette\n|-unboost|p1b: Floette|atk|1\n|-heal|p2a: Sinistcha|73/100\n|\n|-weather|none\n|upkeep\n|turn|13\n|\n|t:|1776089029\n|move|p1b: Floette|Dazzling Gleam|p2a: Sinistcha|[spread] p2a,p2b\n|-damage|p2a: Sinistcha|3/100\n|-damage|p2b: Incineroar|0 fnt\n|faint|p2b: Incineroar\n|move|p2a: Sinistcha|Matcha Gotcha|p1b: Floette|[miss]\n|-miss|p2a: Sinistcha|p1b: Floette\n|\n|upkeep\n|\n|t:|1776089033\n|switch|p2b: Tyranitar|Tyranitar-Mega, L50, M|14/100\n|-weather|Sandstorm|[from] ability: Sand Stream|[of] p2b: Tyranitar\n|turn|14\n|\n|t:|1776089047\n|move|p2b: Tyranitar|Protect|p2b: Tyranitar\n|-singleturn|p2b: Tyranitar|Protect\n|move|p1b: Floette|Dazzling Gleam|p2a: Sinistcha|[spread] p2a\n|-activate|p2b: Tyranitar|move: Protect\n|-damage|p2a: Sinistcha|0 fnt\n|faint|p2a: Sinistcha\n|\n|-weather|Sandstorm|[upkeep]\n|-damage|p1b: Floette|72/100|[from] Sandstorm\n|upkeep\n|turn|15\n|\n|t:|1776089057\n|move|p1b: Floette|Moonblast|p2b: Tyranitar\n|-supereffective|p2b: Tyranitar|1\n|-damage|p2b: Tyranitar|0 fnt\n|faint|p2b: Tyranitar\n|\n|win|JAMieC_123\n|raw|JAMieC_123's rating: 1078 &rarr; <strong>1113</strong><br />(+35 for winning)\n|raw|Effe97's rating: 1158 &rarr; <strong>1127</strong><br />(-31 for losing)\n|l|\u2606Effe97\n|player|p2|\n",
  "uploadtime": 1776089070,
  "views": 17,
  "formatid": "gen9championsvgc2026regma",
  "rating": 1113,
  "private": 0,
  "password": null
}