{
  "id": "gen9championsvgc2026regma-2585170324",
  "format": "[Gen 9 Champions] VGC 2026 Reg M-A",
  "players": [
    "snugnap",
    "Jourvicious"
  ],
  "log": "|j|\u2606snugnap\n|j|\u2606Jourvicious\n|t:|1776320544\n|gametype|doubles\n|player|p1|snugnap|101|1141\n|player|p2|Jourvicious|guitarist|1079\n|gen|9\n|tier|[Gen 9 Champions] VGC 2026 Reg M-A\n|rated|\n|rule|Species Clause: Limit one of each Pok\u00e9mon\n|rule|Item Clause: Limit 1 of each item\n|clearpoke\n|poke|p1|Floette-Eternal, L50, F|\n|poke|p1|Farigiraf, L50, F|\n|poke|p1|Incineroar, L50, M|\n|poke|p1|Aerodactyl, L50, M|\n|poke|p1|Sneasler, L50, F|\n|poke|p1|Charizard, L50, F|\n|poke|p2|Froslass, L50, F|\n|poke|p2|Sneasler, L50, M|\n|poke|p2|Clefable, L50, M|\n|poke|p2|Garchomp, L50, F|\n|poke|p2|Rotom-Wash, L50|\n|poke|p2|Kingambit, L50, M|\n|teampreview|4\n|inactive|Battle timer is ON: inactive players will automatically lose when time's up. (requested by Jourvicious)\n|inactive|Jourvicious has 60 seconds left.\n|\n|t:|1776320575\n|teamsize|p1|4\n|teamsize|p2|4\n|start\n|switch|p1a: Sneasler|Sneasler, L50, F|100/100\n|switch|p1b: Aerodactyl|Aerodactyl, L50, M|100/100\n|switch|p2a: Sneasler|Sneasler, L50, M|100/100\n|switch|p2b: Kingambit|Kingambit, L50, M|100/100\n|turn|1\n|\n|t:|1776320593\n|move|p1a: Sneasler|Fake Out|p2a: Sneasler\n|-crit|p2a: Sneasler\n|-damage|p2a: Sneasler|66/100\n|cant|p2a: Sneasler|flinch\n|move|p1b: Aerodactyl|Tailwind|p1b: Aerodactyl\n|-sidestart|p1: snugnap|move: Tailwind\n|move|p2b: Kingambit|Low Kick|p1b: Aerodactyl\n|-damage|p1b: Aerodactyl|52/100\n|\n|upkeep\n|turn|2\n|\n|t:|1776320616\n|switch|p2a: Garchomp|Garchomp, L50, F|100/100\n|move|p2b: Kingambit|Sucker Punch|p1b: Aerodactyl\n|-damage|p1b: Aerodactyl|0 fnt\n|faint|p1b: Aerodactyl\n|move|p1a: Sneasler|Close Combat|p2b: Kingambit\n|-supereffective|p2b: Kingambit|2\n|-enditem|p2b: Kingambit|Chople Berry|[eat]\n|-enditem|p2b: Kingambit|Chople Berry|[weaken]\n|-damage|p2b: Kingambit|18/100\n|-unboost|p1a: Sneasler|def|1\n|-unboost|p1a: Sneasler|spd|1\n|-enditem|p1a: Sneasler|White Herb\n|-clearnegativeboost|p1a: Sneasler|[silent]\n|\n|upkeep\n|\n|t:|1776320627\n|switch|p1b: Floette|Floette-Eternal, L50, F|100/100\n|turn|3\n|\n|t:|1776320637\n|move|p2b: Kingambit|Sucker Punch|p1a: Sneasler\n|-resisted|p1a: Sneasler|1\n|-damage|p1a: Sneasler|68/100\n|move|p1a: Sneasler|Close Combat|p2a: Garchomp\n|-damage|p2a: Garchomp|38/100\n|-unboost|p1a: Sneasler|def|1\n|-unboost|p1a: Sneasler|spd|1\n|-damage|p1a: Sneasler|56/100|[from] ability: Rough Skin|[of] p2a: Garchomp\n|move|p1b: Floette|Dazzling Gleam|p2b: Kingambit|[spread] p2a,p2b\n|-supereffective|p2a: Garchomp|1\n|-damage|p2a: Garchomp|0 fnt\n|-damage|p2b: Kingambit|0 fnt\n|faint|p2a: Garchomp\n|faint|p2b: Kingambit\n|\n|upkeep\n|\n|t:|1776320654\n|switch|p2a: Froslass|Froslass, L50, F|100/100\n|switch|p2b: Sneasler|Sneasler, L50, M|66/100\n|turn|4\n|\n|t:|1776320671\n|switch|p1a: Incineroar|Incineroar, L50, M|100/100\n|-ability|p1a: Incineroar|Intimidate|boost\n|-unboost|p2a: Froslass|atk|1\n|-unboost|p2b: Sneasler|atk|1\n|detailschange|p2a: Froslass|Froslass-Mega, L50, F\n|-mega|p2a: Froslass|Froslass|Froslassite\n|-weather|Snowscape|[from] ability: Snow Warning|[of] p2a: Froslass\n|move|p2b: Sneasler|Fake Out|p1b: Floette\n|-damage|p1b: Floette|83/100\n|cant|p1b: Floette|flinch\n|move|p2a: Froslass|Aurora Veil|p2a: Froslass\n|-sidestart|p2: Jourvicious|move: Aurora Veil\n|\n|-weather|Snowscape|[upkeep]\n|-sideend|p1: snugnap|move: Tailwind\n|upkeep\n|turn|5\n|\n|t:|1776320689\n|move|p1b: Floette|Dazzling Gleam|p2b: Sneasler|[spread] p2a,p2b\n|-damage|p2a: Froslass|82/100\n|-damage|p2b: Sneasler|42/100\n|move|p2b: Sneasler|Close Combat|p1a: Incineroar\n|-supereffective|p1a: Incineroar|1\n|-damage|p1a: Incineroar|25/100\n|-unboost|p2b: Sneasler|def|1\n|-unboost|p2b: Sneasler|spd|1\n|move|p2a: Froslass|Blizzard|p1a: Incineroar|[spread] p1a,p1b\n|-resisted|p1a: Incineroar|1\n|-damage|p1a: Incineroar|10/100\n|-damage|p1b: Floette|49/100\n|move|p1a: Incineroar|Flare Blitz|p2a: Froslass\n|-supereffective|p2a: Froslass|1\n|-damage|p2a: Froslass|6/100\n|-damage|p1a: Incineroar|0 fnt|[from] Recoil\n|faint|p1a: Incineroar\n|\n|-weather|Snowscape|[upkeep]\n|upkeep\n|\n|t:|1776320704\n|switch|p1a: Sneasler|Sneasler, L50, F|56/100\n|turn|6\n|\n|t:|1776320723\n|move|p1a: Sneasler|Fake Out|p2b: Sneasler\n|-crit|p2b: Sneasler\n|-damage|p2b: Sneasler|0 fnt\n|faint|p2b: Sneasler\n|move|p1b: Floette|Dazzling Gleam|p2a: Froslass\n|-damage|p2a: Froslass|0 fnt\n|faint|p2a: Froslass\n|\n|win|snugnap\n|raw|snugnap's rating: 1141 &rarr; <strong>1162</strong><br />(+21 for winning)\n|raw|Jourvicious's rating: 1079 &rarr; <strong>1061</strong><br />(-18 for losing)\n",
  "uploadtime": 1776320731,
  "views": 18,
  "formatid": "gen9championsvgc2026regma",
  "rating": 1061,
  "private": 0,
  "password": null
}