{
  "id": "gen9championsvgc2026regma-2584455564",
  "format": "[Gen 9 Champions] VGC 2026 Reg M-A",
  "players": [
    "RotomClip",
    "SorcererBadgerTG"
  ],
  "log": "|j|\u2606RotomClip\n|j|\u2606SorcererBadgerTG\n|t:|1776262073\n|gametype|doubles\n|player|p1|RotomClip|maid|1000\n|player|p2|SorcererBadgerTG|102|1093\n|gen|9\n|tier|[Gen 9 Champions] VGC 2026 Reg M-A\n|rated|\n|rule|Species Clause: Limit one of each Pok\u00e9mon\n|rule|Item Clause: Limit 1 of each item\n|clearpoke\n|poke|p1|Sneasler, L50, M|\n|poke|p1|Corviknight, L50, M|\n|poke|p1|Incineroar, L50, M|\n|poke|p1|Rotom-Wash, L50|\n|poke|p1|Excadrill, L50, F|\n|poke|p1|Tyranitar, L50, M|\n|poke|p2|Rotom-Wash, L50|\n|poke|p2|Tyranitar, L50, M|\n|poke|p2|Corviknight, L50, F|\n|poke|p2|Glimmora, L50, F|\n|poke|p2|Gliscor, L50, F|\n|poke|p2|Runerigus, L50, M|\n|teampreview|4\n|inactive|Battle timer is ON: inactive players will automatically lose when time's up. (requested by RotomClip)\nRotomClip rejected open team sheets.\n|inactive|SorcererBadgerTG has 60 seconds left.\n|\n|t:|1776262128\n|teamsize|p1|4\n|teamsize|p2|4\n|start\n|switch|p1a: Rotom|Rotom-Wash, L50|100/100\n|switch|p1b: Incineroar|Incineroar, L50, M|100/100\n|switch|p2a: Corviknight|Corviknight, L50, F|100/100\n|switch|p2b: Runerigus|Runerigus, L50, M|100/100\n|-ability|p1b: Incineroar|Intimidate|boost\n|-ability|p2a: Corviknight|Mirror Armor\n|-unboost|p1b: Incineroar|atk|1\n|-unboost|p2b: Runerigus|atk|1\n|turn|1\n|\n|t:|1776262140\n|switch|p2a: Glimmora|Glimmora, L50, F|100/100\n|move|p1a: Rotom|Thunderbolt|p2a: Glimmora\n|-crit|p2a: Glimmora\n|-damage|p2a: Glimmora|36/100\n|move|p1b: Incineroar|Parting Shot|p2a: Glimmora\n|-unboost|p2a: Glimmora|atk|1\n|-unboost|p2a: Glimmora|spa|1\n|\n|t:|1776262140\n|switch|p1b: Sneasler|Sneasler, L50, M|100/100|[from] Parting Shot\n|move|p2b: Runerigus|Trick Room|p2b: Runerigus\n|-fieldstart|move: Trick Room|[of] p2b: Runerigus\n|\n|upkeep\n|turn|2\n|inactive|SorcererBadgerTG has 30 seconds left.\n|\n|t:|1776262167\n|switch|p2a: Rotom|Rotom-Wash, L50|100/100\n|move|p2b: Runerigus|Will-O-Wisp|p1b: Sneasler\n|-status|p1b: Sneasler|brn\n|move|p1a: Rotom|Thunderbolt|p2b: Runerigus\n|-immune|p2b: Runerigus\n|move|p1b: Sneasler|Close Combat|p2a: Rotom\n|-damage|p2a: Rotom|67/100\n|-unboost|p1b: Sneasler|def|1\n|-unboost|p1b: Sneasler|spd|1\n|-enditem|p1b: Sneasler|White Herb\n|-clearnegativeboost|p1b: Sneasler|[silent]\n|\n|-damage|p1b: Sneasler|95/100 brn|[from] brn\n|upkeep\n|turn|3\n|\n|t:|1776262187\n|move|p2b: Runerigus|Body Press|p1a: Rotom\n|-damage|p1a: Rotom|73/100\n|move|p2a: Rotom|Discharge|p1b: Sneasler|[spread] p1a,p1b\n|-immune|p2b: Runerigus\n|-damage|p1a: Rotom|41/100\n|-damage|p1b: Sneasler|56/100 brn\n|-enditem|p1a: Rotom|Sitrus Berry|[eat]\n|-heal|p1a: Rotom|65/100|[from] item: Sitrus Berry\n|move|p1a: Rotom|Thunderbolt|p2b: Runerigus\n|-immune|p2b: Runerigus\n|move|p1b: Sneasler|Close Combat|p2a: Rotom\n|-damage|p2a: Rotom|30/100\n|-unboost|p1b: Sneasler|def|1\n|-unboost|p1b: Sneasler|spd|1\n|-enditem|p2a: Rotom|Sitrus Berry|[eat]\n|-heal|p2a: Rotom|55/100|[from] item: Sitrus Berry\n|\n|-damage|p1b: Sneasler|50/100 brn|[from] brn\n|upkeep\n|turn|4\n|\n|t:|1776262207\n|move|p2b: Runerigus|Body Press|p1a: Rotom\n|-damage|p1a: Rotom|39/100\n|move|p2a: Rotom|Discharge|p1b: Sneasler|[spread] p1a,p1b\n|-immune|p2b: Runerigus\n|-damage|p1a: Rotom|6/100\n|-damage|p1b: Sneasler|0 fnt\n|faint|p1b: Sneasler\n|move|p1a: Rotom|Thunderbolt|p2b: Runerigus\n|-immune|p2b: Runerigus\n|\n|upkeep\n|\n|t:|1776262208\n|switch|p1b: Incineroar|Incineroar, L50, M|100/100\n|-ability|p1b: Incineroar|Intimidate|boost\n|-unboost|p2a: Rotom|atk|1\n|-unboost|p2b: Runerigus|atk|1\n|turn|5\n|\n|t:|1776262229\n|move|p2b: Runerigus|Phantom Force||[still]\n|-prepare|p2b: Runerigus|Phantom Force\n|move|p1b: Incineroar|Darkest Lariat|p2b: Runerigus|[miss]\n|-miss|p1b: Incineroar|p2b: Runerigus\n|move|p2a: Rotom|Hydro Pump|p1b: Incineroar\n|-supereffective|p1b: Incineroar|1\n|-damage|p1b: Incineroar|12/100\n|move|p1a: Rotom|Hydro Pump|p2b: Runerigus|[miss]\n|-miss|p1a: Rotom|p2b: Runerigus\n|\n|-fieldend|move: Trick Room\n|upkeep\n|turn|6\n|\n|t:|1776262246\n|move|p1a: Rotom|Thunderbolt|p2b: Runerigus|[miss]\n|-miss|p1a: Rotom|p2b: Runerigus\n|move|p2a: Rotom|Discharge|p1a: Rotom|[spread] p1a,p1b\n|-miss|p2a: Rotom|p2b: Runerigus\n|-damage|p1a: Rotom|0 fnt\n|-damage|p1b: Incineroar|0 fnt\n|faint|p1a: Rotom\n|faint|p1b: Incineroar\n|move|p2b: Runerigus|Phantom Force|p1: Rotom|[from] lockedmove|[notarget]\n|-fail|p2b: Runerigus\n|\n|upkeep\n|\n|t:|1776262246\n|switch|p1a: Corviknight|Corviknight, L50, M|100/100\n|turn|7\n|\n|t:|1776262259\n|move|p1a: Corviknight|Protect|p1a: Corviknight\n|-singleturn|p1a: Corviknight|Protect\n|move|p2a: Rotom|Discharge|p1a: Corviknight|[spread] \n|-activate|p1a: Corviknight|move: Protect\n|-immune|p2b: Runerigus\n|move|p2b: Runerigus|Will-O-Wisp|p1a: Corviknight\n|-activate|p1a: Corviknight|move: Protect\n|\n|upkeep\n|turn|8\n|\n|t:|1776262262\n|move|p1a: Corviknight|Body Press|p2b: Runerigus\n|-immune|p2b: Runerigus\n|move|p2a: Rotom|Discharge|p1a: Corviknight|[spread] p1a\n|-immune|p2b: Runerigus\n|-supereffective|p1a: Corviknight|1\n|-damage|p1a: Corviknight|48/100\n|move|p2b: Runerigus|Will-O-Wisp|p1a: Corviknight\n|-status|p1a: Corviknight|brn\n|\n|-heal|p1a: Corviknight|54/100 brn|[from] item: Leftovers\n|-damage|p1a: Corviknight|48/100 brn|[from] brn\n|upkeep\n|turn|9\n|\n|t:|1776262268\n|move|p1a: Corviknight|Brave Bird|p2a: Rotom\n|-resisted|p2a: Rotom|1\n|-damage|p2a: Rotom|45/100\n|-damage|p1a: Corviknight|45/100 brn|[from] Recoil\n|move|p2a: Rotom|Discharge|p1a: Corviknight|[spread] p1a\n|-immune|p2b: Runerigus\n|-supereffective|p1a: Corviknight|1\n|-damage|p1a: Corviknight|0 fnt\n|faint|p1a: Corviknight\n|\n|win|SorcererBadgerTG\n|raw|RotomClip's rating: 1000 &rarr; <strong>1000</strong><br />(+0 for losing)\n|raw|SorcererBadgerTG's rating: 1093 &rarr; <strong>1112</strong><br />(+19 for winning)\n",
  "uploadtime": 1776262271,
  "views": 22,
  "formatid": "gen9championsvgc2026regma",
  "rating": 1000,
  "private": 0,
  "password": null
}