{
  "id": "gen9championsvgc2026regma-2584697075",
  "format": "[Gen 9 Champions] VGC 2026 Reg M-A",
  "players": [
    "drake78976",
    "Petterssonfan40"
  ],
  "log": "|j|\u2606drake78976\n|j|\u2606Petterssonfan40\n|t:|1776277445\n|gametype|doubles\n|player|p1|drake78976|li|1121\n|player|p2|Petterssonfan40|1|1132\n|gen|9\n|tier|[Gen 9 Champions] VGC 2026 Reg M-A\n|rated|\n|rule|Species Clause: Limit one of each Pok\u00e9mon\n|rule|Item Clause: Limit 1 of each item\n|clearpoke\n|poke|p1|Aggron, L50, M|\n|poke|p1|Primarina, L50, F|\n|poke|p1|Hydreigon, L50, M|\n|poke|p1|Sinistcha, L50|\n|poke|p1|Glimmora, L50, M|\n|poke|p1|Farigiraf, L50, M|\n|poke|p2|Delphox, L50, M|\n|poke|p2|Sinistcha-Masterpiece, L50|\n|poke|p2|Garchomp, L50, M|\n|poke|p2|Rotom-Wash, L50|\n|poke|p2|Aerodactyl, L50, F|\n|poke|p2|Ditto, L50|\n|teampreview|4\nPetterssonfan40 has agreed to open team sheets.\n|\n|t:|1776277478\n|teamsize|p1|4\n|teamsize|p2|4\n|start\n|switch|p1a: Farigiraf|Farigiraf, L50, M|100/100\n|switch|p1b: Hydreigon|Hydreigon, L50, M|100/100\n|switch|p2a: Delphox|Delphox, L50, M|100/100\n|switch|p2b: Garchomp|Garchomp, L50, M|100/100\n|turn|1\n|\n|t:|1776277487\n|detailschange|p2a: Delphox|Delphox-Mega, L50, M\n|-mega|p2a: Delphox|Delphox|Delphoxite\n|move|p1a: Farigiraf|Helping Hand|p1b: Hydreigon\n|-singleturn|p1b: Hydreigon|Helping Hand|[of] p1a: Farigiraf\n|move|p1b: Hydreigon|Snarl|p2a: Delphox|[spread] p2a,p2b\n|-supereffective|p2a: Delphox|1\n|-damage|p2a: Delphox|39/100\n|-damage|p2b: Garchomp|64/100\n|-unboost|p2a: Delphox|spa|1\n|-unboost|p2b: Garchomp|spa|1\n|move|p2a: Delphox|Heat Wave|p1a: Farigiraf|[spread] p1a,p1b\n|-resisted|p1b: Hydreigon|1\n|-damage|p1a: Farigiraf|81/100\n|-damage|p1b: Hydreigon|87/100\n|move|p2b: Garchomp|Dragon Claw|p1b: Hydreigon\n|-supereffective|p1b: Hydreigon|1\n|-damage|p1b: Hydreigon|0 fnt\n|faint|p1b: Hydreigon\n|\n|upkeep\n|inactive|Battle timer is ON: inactive players will automatically lose when time's up. (requested by Petterssonfan40)\n|\n|t:|1776277502\n|switch|p1b: Primarina|Primarina, L50, F|100/100\n|turn|2\n|\n|t:|1776277512\n|switch|p2a: Rotom|Rotom-Wash, L50|100/100\n|move|p1b: Primarina|Protect|p1b: Primarina\n|-singleturn|p1b: Primarina|Protect\n|move|p2b: Garchomp|Earthquake|p1a: Farigiraf|[spread] p1a\n|-activate|p1b: Primarina|move: Protect\n|-immune|p2a: Rotom|[from] ability: Levitate\n|-damage|p1a: Farigiraf|49/100\n|-enditem|p1a: Farigiraf|Sitrus Berry|[eat]\n|-heal|p1a: Farigiraf|74/100|[from] item: Sitrus Berry\n|move|p1a: Farigiraf|Trick Room|p1a: Farigiraf\n|-fieldstart|move: Trick Room|[of] p1a: Farigiraf\n|\n|upkeep\n|turn|3\n|\n|t:|1776277536\n|move|p2b: Garchomp|Protect|p2b: Garchomp\n|-singleturn|p2b: Garchomp|Protect\n|move|p1a: Farigiraf|Light Screen|p1a: Farigiraf\n|-sidestart|p1: drake78976|move: Light Screen\n|move|p1b: Primarina|Hyper Voice|p2b: Garchomp|[spread] p2a\n|-activate|p2b: Garchomp|move: Protect\n|-resisted|p2a: Rotom|1\n|-damage|p2a: Rotom|77/100\n|move|p2a: Rotom|Thunderbolt|p1b: Primarina\n|-supereffective|p1b: Primarina|1\n|-damage|p1b: Primarina|46/100\n|\n|upkeep\n|turn|4\n|\n|t:|1776277554\n|switch|p2b: Delphox|Delphox-Mega, L50, M|39/100\n|move|p1a: Farigiraf|Helping Hand|p1b: Primarina\n|-singleturn|p1b: Primarina|Helping Hand|[of] p1a: Farigiraf\n|move|p1b: Primarina|Hyper Voice|p2b: Delphox|[spread] p2a,p2b\n|-resisted|p2a: Rotom|1\n|-supereffective|p2b: Delphox|1\n|-damage|p2a: Rotom|43/100\n|-damage|p2b: Delphox|0 fnt\n|faint|p2b: Delphox\n|move|p2a: Rotom|Thunderbolt|p1b: Primarina\n|-supereffective|p1b: Primarina|1\n|-damage|p1b: Primarina|0 fnt\n|faint|p1b: Primarina\n|\n|upkeep\n|\n|t:|1776277560\n|switch|p1b: Aggron|Aggron, L50, M|100/100\n|switch|p2b: Sinistcha|Sinistcha-Masterpiece, L50|100/100\n|-heal|p2a: Rotom|68/100|[from] ability: Hospitality|[of] p2b: Sinistcha\n|turn|5\n|\n|t:|1776277573\n|detailschange|p1b: Aggron|Aggron-Mega, L50, M\n|-mega|p1b: Aggron|Aggron|Aggronite\n|move|p2b: Sinistcha|Rage Powder|p2b: Sinistcha\n|-singleturn|p2b: Sinistcha|move: Rage Powder\n|move|p1b: Aggron|Iron Defense|p1b: Aggron\n|-boost|p1b: Aggron|def|2\n|move|p1a: Farigiraf|Psychic|p2b: Sinistcha\n|-damage|p2b: Sinistcha|70/100\n|move|p2a: Rotom|Will-O-Wisp|p1b: Aggron|[miss]\n|-miss|p2a: Rotom|p1b: Aggron\n|\n|upkeep\n|turn|6\n|\n|t:|1776277589\n|move|p1b: Aggron|Heavy Slam|p2b: Sinistcha\n|-damage|p2b: Sinistcha|8/100\n|-enditem|p2b: Sinistcha|Sitrus Berry|[eat]\n|-heal|p2b: Sinistcha|33/100|[from] item: Sitrus Berry\n|move|p1a: Farigiraf|Psychic|p2b: Sinistcha\n|-damage|p2b: Sinistcha|1/100\n|move|p2b: Sinistcha|Life Dew|p2b: Sinistcha|[spread] p2a,p2b\n|-heal|p2a: Rotom|93/100\n|-heal|p2b: Sinistcha|26/100\n|move|p2a: Rotom|Will-O-Wisp|p1b: Aggron\n|-status|p1b: Aggron|brn\n|\n|-damage|p1b: Aggron|95/100 brn|[from] brn\n|-fieldend|move: Trick Room\n|upkeep\n|turn|7\n|\n|t:|1776277614\n|move|p2a: Rotom|Thunderbolt|p1b: Aggron\n|-damage|p1b: Aggron|56/100 brn\n|move|p2b: Sinistcha|Giga Drain|p1a: Farigiraf\n|-damage|p1a: Farigiraf|59/100\n|-heal|p2b: Sinistcha|36/100|[from] drain|[of] p1a: Farigiraf\n|move|p1b: Aggron|Iron Defense|p1b: Aggron\n|-boost|p1b: Aggron|def|2\n|move|p1a: Farigiraf|Trick Room|p1a: Farigiraf\n|-fieldstart|move: Trick Room|[of] p1a: Farigiraf\n|\n|-damage|p1b: Aggron|50/100 brn|[from] brn\n|-sideend|p1: drake78976|move: Light Screen\n|upkeep\n|turn|8\n|\n|t:|1776277622\n|move|p2b: Sinistcha|Rage Powder|p2b: Sinistcha\n|-singleturn|p2b: Sinistcha|move: Rage Powder\n|move|p1b: Aggron|Heavy Slam|p2b: Sinistcha\n|-damage|p2b: Sinistcha|7/100\n|move|p1a: Farigiraf|Light Screen|p1a: Farigiraf\n|-sidestart|p1: drake78976|move: Light Screen\n|move|p2a: Rotom|Thunderbolt|p1b: Aggron\n|-damage|p1b: Aggron|7/100 brn\n|\n|-damage|p1b: Aggron|2/100 brn|[from] brn\n|upkeep\n|turn|9\n|\n|t:|1776277639\n|move|p2b: Sinistcha|Protect|p2b: Sinistcha\n|-singleturn|p2b: Sinistcha|Protect\n|move|p1b: Aggron|Body Press|p2a: Rotom\n|-damage|p2a: Rotom|29/100\n|move|p1a: Farigiraf|Psychic|p2b: Sinistcha\n|-activate|p2b: Sinistcha|move: Protect\n|move|p2a: Rotom|Thunderbolt|p1a: Farigiraf\n|-damage|p1a: Farigiraf|32/100\n|\n|-damage|p1b: Aggron|0 fnt|[from] brn\n|faint|p1b: Aggron\n|upkeep\n|turn|10\n|\n|t:|1776277658\n|move|p1a: Farigiraf|Psychic|p2b: Sinistcha\n|-damage|p2b: Sinistcha|0 fnt\n|faint|p2b: Sinistcha\n|move|p2a: Rotom|Thunderbolt|p1a: Farigiraf\n|-damage|p1a: Farigiraf|5/100\n|-status|p1a: Farigiraf|par\n|\n|upkeep\n|\n|t:|1776277661\n|switch|p2b: Garchomp|Garchomp, L50, M|64/100\n|turn|11\n|\n|t:|1776277669\n|move|p2b: Garchomp|Protect|p2b: Garchomp\n|-singleturn|p2b: Garchomp|Protect\n|move|p1a: Farigiraf|Psychic|p2b: Garchomp\n|-activate|p2b: Garchomp|move: Protect\n|move|p2a: Rotom|Thunderbolt|p1a: Farigiraf\n|-damage|p1a: Farigiraf|0 fnt\n|faint|p1a: Farigiraf\n|\n|win|Petterssonfan40\n|raw|drake78976's rating: 1121 &rarr; <strong>1097</strong><br />(-24 for losing)\n|raw|Petterssonfan40's rating: 1132 &rarr; <strong>1156</strong><br />(+24 for winning)\n",
  "uploadtime": 1776277671,
  "views": 34,
  "formatid": "gen9championsvgc2026regma",
  "rating": 1097,
  "private": 0,
  "password": null
}