{
  "id": "gen9championsvgc2026regma-2589537872",
  "format": "[Gen 9 Champions] VGC 2026 Reg M-A",
  "players": [
    "ShoukoKun",
    "ArticRecon12"
  ],
  "log": "|j|\u2606ShoukoKun\n|j|\u2606ArticRecon12\n|html|<table width=\"100%\"><tr><td align=\"left\">ShoukoKun</td><td align=\"right\">ArticRecon12</tr><tr><td align=\"left\"><i class=\"fa fa-circle\"></i> <i class=\"fa fa-circle-o\"></i> </td><td align=\"right\"><i class=\"fa fa-circle-o\"></i> <i class=\"fa fa-circle\"></i> </tr></table>\n|uhtml|bestof|<h2><strong>Game 3</strong> of <a href=\"/game-bestof3-gen9championsvgc2026regma-2589527036\">a best-of-3</a></h2>\n|t:|1776732095\n|gametype|doubles\n|player|p1|ShoukoKun|veteranf|\n|player|p2|ArticRecon12|266|\n|gen|9\n|tier|[Gen 9 Champions] VGC 2026 Reg M-A\n|rule|Species Clause: Limit one of each Pok\u00e9mon\n|rule|Item Clause: Limit 1 of each item\n|raw|<div class=\"infobox\"><details class=\"readmore\" open><summary><strong>1 custom rule:</strong></summary> Best of = 3</details></div>\n|clearpoke\n|poke|p1|Gallade, L50, M, shiny|\n|poke|p1|Mamoswine, L50, F|\n|poke|p1|Samurott-Hisui, L50, M|\n|poke|p1|Corviknight, L50, M|\n|poke|p1|Flapple, L50, F|\n|poke|p1|Goodra-Hisui, L50, M|\n|poke|p2|Meowscarada, L50, F|\n|poke|p2|Clefable, L50, M|\n|poke|p2|Arcanine-Hisui, L50, M|\n|poke|p2|Blastoise, L50, F|\n|poke|p2|Froslass, L50, F|\n|poke|p2|Scizor, L50, F|\n|teampreview|4\n|j| Bbob415\nArticRecon12 rejected open team sheets.\n|j| Realphoenixking\n|c|\u2606ArticRecon12|me when i prepped for normal gallade and didn't have mega gallade on my prep document\n|\n|t:|1776732159\n|teamsize|p1|4\n|teamsize|p2|4\n|start\n|switch|p1a: Corviknight|Corviknight, L50, M|100/100\n|switch|p1b: Samurott|Samurott-Hisui, L50, M|100/100\n|switch|p2a: Clefable|Clefable, L50, M|100/100\n|switch|p2b: Arcanine|Arcanine-Hisui, L50, M|100/100\n|turn|1\n|\n|t:|1776732174\n|move|p2a: Clefable|Follow Me|p2a: Clefable\n|-singleturn|p2a: Clefable|move: Follow Me\n|move|p2b: Arcanine|Flare Blitz|p1a: Corviknight\n|-supereffective|p1a: Corviknight|1\n|-damage|p1a: Corviknight|12/100\n|move|p1b: Samurott|Razor Shell|p2a: Clefable\n|-damage|p2a: Clefable|58/100\n|-unboost|p2a: Clefable|def|1\n|move|p1a: Corviknight|Tailwind|p1a: Corviknight\n|-sidestart|p1: ShoukoKun|move: Tailwind\n|\n|-heal|p1a: Corviknight|18/100|[from] item: Leftovers\n|upkeep\n|turn|2\n|\n|t:|1776732206\n|switch|p1a: Goodra|Goodra-Hisui, L50, M|100/100\n|move|p2a: Clefable|Follow Me|p2a: Clefable\n|-singleturn|p2a: Clefable|move: Follow Me\n|move|p1b: Samurott|Razor Shell|p2a: Clefable\n|-damage|p2a: Clefable|0 fnt\n|faint|p2a: Clefable\n|move|p2b: Arcanine|Flare Blitz|p1a: Goodra\n|-damage|p1a: Goodra|50/100\n|-ability|p1a: Goodra|Gooey\n|-unboost|p2b: Arcanine|spe|1\n|\n|upkeep\n|\n|t:|1776732222\n|switch|p2a: Blastoise|Blastoise, L50, F|100/100\n|turn|3\n|\n|t:|1776732268\n|move|p1b: Samurott|Protect|p1b: Samurott\n|-singleturn|p1b: Samurott|Protect\n|move|p2a: Blastoise|Fake Out|p1b: Samurott\n|-activate|p1b: Samurott|move: Protect\n|move|p1a: Goodra|Draco Meteor|p2b: Arcanine\n|-damage|p2b: Arcanine|29/100\n|-unboost|p1a: Goodra|spa|2\n|-enditem|p1a: Goodra|White Herb\n|-clearnegativeboost|p1a: Goodra|[silent]\n|move|p2b: Arcanine|Close Combat|p1b: Samurott\n|-activate|p1b: Samurott|move: Protect\n|\n|upkeep\n|turn|4\n|\n|t:|1776732291\n|move|p2b: Arcanine|Protect|p2b: Arcanine\n|-singleturn|p2b: Arcanine|Protect\n|move|p1b: Samurott|Aqua Jet|p2b: Arcanine\n|-activate|p2b: Arcanine|move: Protect\n|move|p1a: Goodra|Draco Meteor|p2a: Blastoise\n|-damage|p2a: Blastoise|50/100\n|-unboost|p1a: Goodra|spa|2\n|move|p2a: Blastoise|Ice Beam|p1a: Goodra\n|-damage|p1a: Goodra|38/100\n|\n|-heal|p2a: Blastoise|56/100|[from] item: Leftovers\n|-sideend|p1: ShoukoKun|move: Tailwind\n|upkeep\n|turn|5\n|\n|t:|1776732310\n|switch|p2b: Froslass|Froslass, L50, F|100/100\n|move|p1a: Goodra|Protect|p1a: Goodra\n|-singleturn|p1a: Goodra|Protect\n|move|p1b: Samurott|Aqua Jet|p2b: Froslass\n|-damage|p2b: Froslass|72/100\n|move|p2a: Blastoise|Hydro Pump|p1b: Samurott\n|-resisted|p1b: Samurott|1\n|-damage|p1b: Samurott|76/100\n|\n|-heal|p2a: Blastoise|62/100|[from] item: Leftovers\n|upkeep\n|turn|6\n|\n|t:|1776732353\n|switch|p1a: Corviknight|Corviknight, L50, M|18/100\n|detailschange|p2b: Froslass|Froslass-Mega, L50, F\n|-mega|p2b: Froslass|Froslass|Froslassite\n|-weather|Snowscape|[from] ability: Snow Warning|[of] p2b: Froslass\n|move|p2b: Froslass|Blizzard|p1b: Samurott|[spread] p1a,p1b\n|-resisted|p1b: Samurott|1\n|-damage|p1a: Corviknight|0 fnt\n|-damage|p1b: Samurott|39/100\n|faint|p1a: Corviknight\n|move|p1b: Samurott|Ceaseless Edge|p2b: Froslass\n|-supereffective|p2b: Froslass|1\n|-damage|p2b: Froslass|0 fnt\n|-sidestart|p2: ArticRecon12|Spikes\n|faint|p2b: Froslass\n|move|p2a: Blastoise|Hydro Pump|p1b: Samurott\n|-resisted|p1b: Samurott|1\n|-damage|p1b: Samurott|16/100\n|\n|-weather|Snowscape|[upkeep]\n|-heal|p2a: Blastoise|68/100|[from] item: Leftovers\n|upkeep\n|\n|t:|1776732370\n|switch|p2b: Arcanine|Arcanine-Hisui, L50, M|29/100\n|switch|p1a: Goodra|Goodra-Hisui, L50, M|38/100\n|-damage|p2b: Arcanine|16/100|[from] Spikes\n|turn|7\n|\n|t:|1776732415\n|move|p1b: Samurott|Protect|p1b: Samurott\n|-singleturn|p1b: Samurott|Protect\n|move|p2b: Arcanine|Close Combat|p1a: Goodra\n|-supereffective|p1a: Goodra|1\n|-crit|p1a: Goodra\n|-damage|p1a: Goodra|0 fnt\n|-unboost|p2b: Arcanine|def|1\n|-unboost|p2b: Arcanine|spd|1\n|-ability|p1a: Goodra|Gooey\n|-unboost|p2b: Arcanine|spe|1\n|faint|p1a: Goodra\n|move|p2a: Blastoise|Hydro Pump|p1b: Samurott\n|-activate|p1b: Samurott|move: Protect\n|\n|-weather|Snowscape|[upkeep]\n|-heal|p2a: Blastoise|74/100|[from] item: Leftovers\n|upkeep\n|l| Bbob415\n|\n|t:|1776732429\n|switch|p1a: Gallade|Gallade, L50, M, shiny|100/100\n|turn|8\n|\n|t:|1776732438\n|detailschange|p1a: Gallade|Gallade-Mega, L50, M, shiny\n|-mega|p1a: Gallade|Gallade|Galladite\n|move|p2b: Arcanine|Protect|p2b: Arcanine\n|-singleturn|p2b: Arcanine|Protect\n|move|p1b: Samurott|Aqua Jet|p2b: Arcanine\n|-activate|p2b: Arcanine|move: Protect\n|move|p1a: Gallade|Sacred Sword|p2a: Blastoise\n|-damage|p2a: Blastoise|37/100\n|move|p2a: Blastoise|Hydro Pump|p1b: Samurott\n|-resisted|p1b: Samurott|1\n|-damage|p1b: Samurott|0 fnt\n|faint|p1b: Samurott\n|\n|-weather|Snowscape|[upkeep]\n|-heal|p2a: Blastoise|43/100|[from] item: Leftovers\n|upkeep\n|turn|9\n|\n|t:|1776732460\n|move|p1a: Gallade|Sacred Sword|p2b: Arcanine\n|-supereffective|p2b: Arcanine|1\n|-damage|p2b: Arcanine|0 fnt\n|faint|p2b: Arcanine\n|move|p2a: Blastoise|Hydro Pump|p1a: Gallade\n|-damage|p1a: Gallade|59/100\n|\n|-weather|Snowscape|[upkeep]\n|-heal|p2a: Blastoise|49/100|[from] item: Leftovers\n|upkeep\n|turn|10\n|\n|t:|1776732482\n|move|p1a: Gallade|Sacred Sword|p2a: Blastoise\n|-crit|p2a: Blastoise\n|-damage|p2a: Blastoise|0 fnt\n|faint|p2a: Blastoise\n|\n|win|ShoukoKun\n|c|\u2606ShoukoKun|gg\n|c|\u2606ArticRecon12|ggg\n|c|\u2606ArticRecon12|that crit\n|l| Realphoenixking\n|c|\u2606ArticRecon12|was unfortunate\n|c|\u2606ArticRecon12|torrent hydro kills im pretty sure\n",
  "uploadtime": 1776732511,
  "views": 11,
  "formatid": "gen9championsvgc2026regma",
  "rating": null,
  "private": 0,
  "password": null
}