{
  "id": "gen9championsvgc2026regma-2582550188",
  "format": "[Gen 9 Champions] VGC 2026 Reg M-A",
  "players": [
    "Figaredo",
    "xytrel72"
  ],
  "log": "|j|\u2606Figaredo\n|j|\u2606xytrel72\n|t:|1776098778\n|gametype|doubles\n|player|p1|Figaredo|266|1065\n|player|p2|xytrel72|170|1070\n|gen|9\n|tier|[Gen 9 Champions] VGC 2026 Reg M-A\n|rated|\n|rule|Species Clause: Limit one of each Pok\u00e9mon\n|rule|Item Clause: Limit 1 of each item\n|clearpoke\n|poke|p1|Gardevoir, L50, F|\n|poke|p1|Azumarill, L50, F|\n|poke|p1|Aegislash, L50, F|\n|poke|p1|Archaludon, L50, F|\n|poke|p1|Maushold-Four, L50|\n|poke|p1|Pelipper, L50, M|\n|poke|p2|Lopunny, L50, M|\n|poke|p2|Whimsicott, L50, M|\n|poke|p2|Gardevoir, L50, F|\n|poke|p2|Incineroar, L50, M|\n|poke|p2|Garchomp, L50, M|\n|poke|p2|Sylveon, L50, F|\n|teampreview|4\n|inactive|Battle timer is ON: inactive players will automatically lose when time's up. (requested by xytrel72)\n|inactive|Figaredo has 60 seconds left.\n|\n|t:|1776098821\n|teamsize|p1|4\n|teamsize|p2|4\n|start\n|switch|p1a: Gardevoir|Gardevoir, L50, F|100/100\n|switch|p1b: Azumarill|Azumarill, L50, F|100/100\n|switch|p2a: Whimsicott|Whimsicott, L50, M|100/100\n|switch|p2b: Lopunny|Lopunny, L50, M, shiny|100/100\n|turn|1\n|\n|t:|1776098833\n|detailschange|p1a: Gardevoir|Gardevoir-Mega, L50, F\n|-mega|p1a: Gardevoir|Gardevoir|Gardevoirite\n|move|p2b: Lopunny|Fake Out|p1a: Gardevoir\n|-damage|p1a: Gardevoir|73/100\n|move|p2a: Whimsicott|Tailwind|p2a: Whimsicott\n|-sidestart|p2: xytrel72|move: Tailwind\n|move|p1b: Azumarill|Belly Drum|p1b: Azumarill\n|-damage|p1b: Azumarill|51/100\n|-setboost|p1b: Azumarill|atk|6|[from] move: Belly Drum\n|cant|p1a: Gardevoir|flinch\n|\n|upkeep\n|turn|2\n|\n|t:|1776098851\n|detailschange|p2b: Lopunny|Lopunny-Mega, L50, M, shiny\n|-mega|p2b: Lopunny|Lopunny|Lopunnite\n|move|p2a: Whimsicott|Encore|p1b: Azumarill\n|-start|p1b: Azumarill|Encore\n|move|p2b: Lopunny|Triple Axel|p1a: Gardevoir\n|-damage|p1a: Gardevoir|61/100\n|-damage|p1a: Gardevoir|34/100\n|-damage|p1a: Gardevoir|0 fnt\n|faint|p1a: Gardevoir\n|-hitcount|p1: Gardevoir|3\n|move|p1b: Azumarill|Belly Drum||[still]\n|-fail|p1b: Azumarill\n|\n|upkeep\n|\n|t:|1776098860\n|switch|p1a: Pelipper|Pelipper, L50, M|100/100\n|-weather|RainDance|[from] ability: Drizzle|[of] p1a: Pelipper\n|turn|3\n|\n|t:|1776098874\n|move|p2b: Lopunny|Triple Axel|p1b: Azumarill|[miss]\n|-miss|p2b: Lopunny|p1b: Azumarill\n|move|p2a: Whimsicott|Moonblast|p1a: Pelipper\n|-damage|p1a: Pelipper|55/100\n|move|p1a: Pelipper|Hurricane|p2a: Whimsicott\n|-supereffective|p2a: Whimsicott|1\n|-enditem|p2a: Whimsicott|Focus Sash\n|-damage|p2a: Whimsicott|1/100\n|move|p1b: Azumarill|Belly Drum||[still]\n|-fail|p1b: Azumarill\n|\n|-weather|RainDance|[upkeep]\n|upkeep\n|turn|4\n|\n|t:|1776098894\n|move|p2b: Lopunny|Triple Axel|p1b: Azumarill\n|-resisted|p1b: Azumarill|1\n|-damage|p1b: Azumarill|47/100\n|-enditem|p1b: Azumarill|Sitrus Berry|[eat]\n|-heal|p1b: Azumarill|72/100|[from] item: Sitrus Berry\n|-resisted|p1b: Azumarill|1\n|-damage|p1b: Azumarill|63/100\n|-resisted|p1b: Azumarill|1\n|-damage|p1b: Azumarill|50/100\n|-hitcount|p1b: Azumarill|3\n|move|p2a: Whimsicott|Moonblast|p1a: Pelipper\n|-damage|p1a: Pelipper|8/100\n|move|p1a: Pelipper|Hurricane|p2b: Lopunny\n|-supereffective|p2b: Lopunny|1\n|-damage|p2b: Lopunny|0 fnt\n|faint|p2b: Lopunny\n|move|p1b: Azumarill|Belly Drum||[still]\n|-fail|p1b: Azumarill\n|\n|-weather|RainDance|[upkeep]\n|-end|p1b: Azumarill|Encore\n|-sideend|p2: xytrel72|move: Tailwind\n|upkeep\n|\n|t:|1776098915\n|switch|p2b: Sylveon|Sylveon, L50, F, shiny|100/100\n|turn|5\n|\n|t:|1776098934\n|move|p2a: Whimsicott|Encore|p1b: Azumarill\n|-start|p1b: Azumarill|Encore\n|move|p1a: Pelipper|Hurricane|p2a: Whimsicott\n|-supereffective|p2a: Whimsicott|1\n|-damage|p2a: Whimsicott|0 fnt\n|faint|p2a: Whimsicott\n|move|p2b: Sylveon|Hyper Voice|p1a: Pelipper|[spread] p1a,p1b\n|-damage|p1a: Pelipper|0 fnt\n|-damage|p1b: Azumarill|13/100\n|faint|p1a: Pelipper\n|move|p1b: Azumarill|Belly Drum||[still]\n|-fail|p1b: Azumarill\n|\n|-weather|RainDance|[upkeep]\n|upkeep\n|\n|t:|1776098947\n|switch|p2a: Garchomp|Garchomp, L50, M|100/100\n|switch|p1a: Archaludon|Archaludon, L50, F|100/100\n|turn|6\n|\n|t:|1776098970\n|move|p2b: Sylveon|Protect|p2b: Sylveon\n|-singleturn|p2b: Sylveon|Protect\n|move|p2a: Garchomp|Earthquake|p1a: Archaludon|[spread] p1a,p1b\n|-activate|p2b: Sylveon|move: Protect\n|-supereffective|p1a: Archaludon|1\n|-damage|p1a: Archaludon|38/100\n|-damage|p1b: Azumarill|0 fnt\n|-ability|p1a: Archaludon|Stamina|boost\n|-boost|p1a: Archaludon|def|1\n|faint|p1b: Azumarill\n|move|p1a: Archaludon|Flash Cannon|p2b: Sylveon\n|-activate|p2b: Sylveon|move: Protect\n|\n|-weather|RainDance|[upkeep]\n|upkeep\n|turn|7\n|\n|t:|1776098987\n|move|p2a: Garchomp|Earthquake|p1a: Archaludon|[spread] p2b,p1a\n|-supereffective|p1a: Archaludon|1\n|-damage|p2b: Sylveon|41/100\n|-damage|p1a: Archaludon|0 fnt\n|faint|p1a: Archaludon\n|\n|win|xytrel72\n|raw|Figaredo's rating: 1065 &rarr; <strong>1046</strong><br />(-19 for losing)\n|raw|xytrel72's rating: 1070 &rarr; <strong>1099</strong><br />(+29 for winning)\n|l|\u2606Figaredo\n|player|p1|\n",
  "uploadtime": 1776099003,
  "views": 17,
  "formatid": "gen9championsvgc2026regma",
  "rating": 1046,
  "private": 0,
  "password": null
}