{
  "id": "gen9championsvgc2026regma-2582115787",
  "format": "[Gen 9 Champions] VGC 2026 Reg M-A",
  "players": [
    "agooseteen",
    "lolgz"
  ],
  "log": "|j|\u2606agooseteen\n|j|\u2606lolgz\n|t:|1776059912\n|gametype|doubles\n|player|p1|agooseteen|170|1278\n|player|p2|lolgz|266|1343\n|gen|9\n|tier|[Gen 9 Champions] VGC 2026 Reg M-A\n|rated|\n|rule|Species Clause: Limit one of each Pok\u00e9mon\n|rule|Item Clause: Limit 1 of each item\n|clearpoke\n|poke|p1|Scovillain, L50, F|\n|poke|p1|Primarina, L50, F|\n|poke|p1|Aerodactyl, L50, M|\n|poke|p1|Pelipper, L50, M|\n|poke|p1|Dragapult, L50, F|\n|poke|p1|Garchomp, L50, M|\n|poke|p2|Charizard, L50, M|\n|poke|p2|Whimsicott, L50, F|\n|poke|p2|Garchomp, L50, F|\n|poke|p2|Farigiraf, L50, F|\n|poke|p2|Sneasler, L50, M|\n|poke|p2|Floette-Eternal, L50, F|\n|teampreview|4\n|\n|t:|1776059987\n|teamsize|p1|4\n|teamsize|p2|4\n|start\n|switch|p1a: Dragapult|Dragapult, L50, F|100/100\n|switch|p1b: Primarina|Primarina, L50, F|100/100\n|switch|p2a: Whimsicott|Whimsicott, L50, F|100/100\n|switch|p2b: Garchomp|Garchomp, L50, F|100/100\n|turn|1\n|\n|t:|1776060016\n|move|p2a: Whimsicott|Tailwind|p2a: Whimsicott\n|-sidestart|p2: lolgz|move: Tailwind\n|move|p2b: Garchomp|Stomping Tantrum|p1b: Primarina\n|-damage|p1b: Primarina|56/100\n|move|p1a: Dragapult|Light Screen|p1a: Dragapult\n|-sidestart|p1: agooseteen|move: Light Screen\n|move|p1b: Primarina|Moonblast|p2b: Garchomp\n|-supereffective|p2b: Garchomp|1\n|-crit|p2b: Garchomp\n|-damage|p2b: Garchomp|0 fnt\n|faint|p2b: Garchomp\n|\n|-heal|p1b: Primarina|61/100|[from] item: Leftovers\n|upkeep\n|\n|t:|1776060022\n|switch|p2b: Floette|Floette-Eternal, L50, F|100/100\n|turn|2\n|\n|t:|1776060050\n|detailschange|p2b: Floette|Floette-Mega, L50, F\n|-mega|p2b: Floette|Floette|Floettite\n|-ability|p2b: Floette|Fairy Aura\n|move|p1b: Primarina|Protect|p1b: Primarina\n|-singleturn|p1b: Primarina|Protect\n|move|p2a: Whimsicott|Moonblast|p1b: Primarina\n|-activate|p1b: Primarina|move: Protect\n|move|p2b: Floette|Dazzling Gleam|p1b: Primarina|[spread] p1a\n|-activate|p1b: Primarina|move: Protect\n|-supereffective|p1a: Dragapult|1\n|-damage|p1a: Dragapult|24/100\n|-enditem|p1a: Dragapult|Sitrus Berry|[eat]\n|-heal|p1a: Dragapult|49/100|[from] item: Sitrus Berry\n|move|p1a: Dragapult|U-turn|p2a: Whimsicott\n|-damage|p2a: Whimsicott|76/100\n|\n|t:|1776060065\n|switch|p1a: Pelipper|Pelipper, L50, M|100/100|[from] U-turn\n|-weather|RainDance|[from] ability: Drizzle|[of] p1a: Pelipper\n|\n|-weather|RainDance|[upkeep]\n|-heal|p1b: Primarina|67/100|[from] item: Leftovers\n|upkeep\n|turn|3\n|\n|t:|1776060075\n|move|p1a: Pelipper|Wide Guard|p1a: Pelipper\n|-singleturn|p1a: Pelipper|Wide Guard\n|move|p2a: Whimsicott|Sunny Day|p2a: Whimsicott\n|-weather|SunnyDay\n|move|p2b: Floette|Light of Ruin|p1b: Primarina\n|-crit|p1b: Primarina\n|-damage|p1b: Primarina|0 fnt\n|faint|p1b: Primarina\n|-damage|p2b: Floette|58/100|[from] Recoil\n|\n|-weather|SunnyDay|[upkeep]\n|upkeep\n|\n|t:|1776060087\n|switch|p1b: Scovillain|Scovillain, L50, F|100/100\n|turn|4\n|\n|t:|1776060099\n|detailschange|p1b: Scovillain|Scovillain-Mega, L50, F\n|-mega|p1b: Scovillain|Scovillain|Scovillainite\n|move|p2b: Floette|Protect|p2b: Floette\n|-singleturn|p2b: Floette|Protect\n|move|p2a: Whimsicott|Encore|p1a: Pelipper\n|-start|p1a: Pelipper|Encore\n|move|p1a: Pelipper|Wide Guard|p1a: Pelipper\n|-singleturn|p1a: Pelipper|Wide Guard\n|move|p1b: Scovillain|Flamethrower|p2b: Floette\n|-activate|p2b: Floette|move: Protect\n|\n|-weather|SunnyDay|[upkeep]\n|-sideend|p2: lolgz|move: Tailwind\n|upkeep\n|turn|5\n|\n|t:|1776060115\n|move|p1a: Pelipper|Wide Guard|p1a: Pelipper\n|-singleturn|p1a: Pelipper|Wide Guard\n|move|p2a: Whimsicott|Tailwind|p2a: Whimsicott\n|-sidestart|p2: lolgz|move: Tailwind\n|move|p2b: Floette|Moonblast|p1a: Pelipper\n|-damage|p1a: Pelipper|9/100\n|move|p1b: Scovillain|Flamethrower|p2b: Floette\n|-damage|p2b: Floette|4/100\n|\n|-weather|SunnyDay|[upkeep]\n|-sideend|p1: agooseteen|move: Light Screen\n|upkeep\n|turn|6\n|\n|t:|1776060139\n|move|p1a: Pelipper|Wide Guard|p1a: Pelipper\n|-singleturn|p1a: Pelipper|Wide Guard\n|move|p2a: Whimsicott|Moonblast|p1a: Pelipper\n|-damage|p1a: Pelipper|0 fnt\n|faint|p1a: Pelipper\n|move|p2b: Floette|Light of Ruin|p1b: Scovillain\n|-resisted|p1b: Scovillain|1\n|-damage|p1b: Scovillain|45/100\n|-status|p2b: Floette|brn|[from] ability: Spicy Spray|[of] p1b: Scovillain\n|-damage|p2b: Floette|0 fnt|[from] Recoil\n|faint|p2b: Floette\n|move|p1b: Scovillain|Flamethrower|p2a: Whimsicott\n|-supereffective|p2a: Whimsicott|1\n|-damage|p2a: Whimsicott|0 fnt\n|faint|p2a: Whimsicott\n|\n|-weather|SunnyDay|[upkeep]\n|upkeep\n|\n|t:|1776060152\n|switch|p2b: Sneasler|Sneasler, L50, M|100/100\n|switch|p1a: Dragapult|Dragapult, L50, F|49/100\n|turn|7\n|\n|t:|1776060167\n|move|p2b: Sneasler|Dire Claw|p1b: Scovillain\n|-supereffective|p1b: Scovillain|1\n|-damage|p1b: Scovillain|0 fnt\n|-status|p2b: Sneasler|brn|[from] ability: Spicy Spray|[of] p1b: Scovillain\n|faint|p1b: Scovillain\n|move|p1a: Dragapult|Draco Meteor|p2b: Sneasler\n|-damage|p2b: Sneasler|16/100 brn\n|-unboost|p1a: Dragapult|spa|2\n|\n|-weather|none\n|-damage|p2b: Sneasler|11/100 brn|[from] brn\n|upkeep\n|turn|8\n|\n|t:|1776060178\n|move|p2b: Sneasler|Throat Chop|p1a: Dragapult\n|-supereffective|p1a: Dragapult|1\n|-damage|p1a: Dragapult|10/100\n|-start|p1a: Dragapult|Throat Chop|[silent]\n|move|p1a: Dragapult|Draco Meteor|p2b: Sneasler\n|-damage|p2b: Sneasler|0 fnt\n|-unboost|p1a: Dragapult|spa|2\n|faint|p2b: Sneasler\n|\n|win|agooseteen\n|raw|agooseteen's rating: 1278 &rarr; <strong>1308</strong><br />(+30 for winning)\n|raw|lolgz's rating: 1343 &rarr; <strong>1319</strong><br />(-24 for losing)\n",
  "uploadtime": 1776060178,
  "views": 19,
  "formatid": "gen9championsvgc2026regma",
  "rating": 1308,
  "private": 0,
  "password": null
}