{
  "id": "gen9championsvgc2026regma-2582227335",
  "format": "[Gen 9 Champions] VGC 2026 Reg M-A",
  "players": [
    "OwenScizor",
    "xVIPEXz"
  ],
  "log": "|j|\u2606OwenScizor\n|j|\u2606xVIPEXz\n|t:|1776073598\n|gametype|doubles\n|player|p1|OwenScizor|acetrainer-gen4dp|1165\n|player|p2|xVIPEXz|bruno|1128\n|gen|9\n|tier|[Gen 9 Champions] VGC 2026 Reg M-A\n|rated|\n|rule|Species Clause: Limit one of each Pok\u00e9mon\n|rule|Item Clause: Limit 1 of each item\n|clearpoke\n|poke|p1|Pelipper, L50, F|\n|poke|p1|Meganium, L50, M|\n|poke|p1|Incineroar, L50, M|\n|poke|p1|Archaludon, L50, F|\n|poke|p1|Basculegion, L50, M|\n|poke|p1|Sneasler, L50, F|\n|poke|p2|Charizard, L50, M|\n|poke|p2|Venusaur, L50, M|\n|poke|p2|Garchomp, L50, M|\n|poke|p2|Incineroar, L50, M|\n|poke|p2|Aegislash, L50, M|\n|poke|p2|Whimsicott, L50, M|\n|teampreview|4\n|inactive|Battle timer is ON: inactive players will automatically lose when time's up. (requested by xVIPEXz)\n|inactive|OwenScizor has 60 seconds left.\n|inactive|xVIPEXz has 60 seconds left.\n|\n|t:|1776073651\n|teamsize|p1|4\n|teamsize|p2|4\n|start\n|switch|p1a: Sneasler|Sneasler, L50, F|100/100\n|switch|p1b: Incineroar|Incineroar, L50, M|100/100\n|switch|p2a: Charizard|Charizard, L50, M, shiny|100/100\n|switch|p2b: Venusaur|Venusaur, L50, M|100/100\n|-ability|p1b: Incineroar|Intimidate|boost\n|-unboost|p2a: Charizard|atk|1\n|-unboost|p2b: Venusaur|atk|1\n|turn|1\n|\n|t:|1776073667\n|move|p2a: Charizard|Protect|p2a: Charizard\n|-singleturn|p2a: Charizard|Protect\n|move|p2b: Venusaur|Protect|p2b: Venusaur\n|-singleturn|p2b: Venusaur|Protect\n|move|p1b: Incineroar|Fake Out|p2a: Charizard\n|-activate|p2a: Charizard|move: Protect\n|move|p1a: Sneasler|Close Combat|p2a: Charizard\n|-activate|p2a: Charizard|move: Protect\n|\n|upkeep\n|turn|2\n|\n|t:|1776073684\n|detailschange|p2a: Charizard|Charizard-Mega-Y, L50, M, shiny\n|-mega|p2a: Charizard|Charizard|Charizardite Y\n|-weather|SunnyDay|[from] ability: Drought|[of] p2a: Charizard\n|move|p2b: Venusaur|Sleep Powder|p1b: Incineroar|[miss]\n|-miss|p2b: Venusaur|p1b: Incineroar\n|move|p1a: Sneasler|Close Combat|p2b: Venusaur\n|-resisted|p2b: Venusaur|1\n|-damage|p2b: Venusaur|58/100\n|-unboost|p1a: Sneasler|def|1\n|-unboost|p1a: Sneasler|spd|1\n|-enditem|p1a: Sneasler|White Herb\n|-clearnegativeboost|p1a: Sneasler|[silent]\n|move|p2a: Charizard|Air Slash|p1a: Sneasler\n|-supereffective|p1a: Sneasler|1\n|-damage|p1a: Sneasler|0 fnt\n|faint|p1a: Sneasler\n|move|p1b: Incineroar|Parting Shot|p2a: Charizard\n|-unboost|p2a: Charizard|atk|1\n|-unboost|p2a: Charizard|spa|1\n|\n|t:|1776073692\n|switch|p1b: Pelipper|Pelipper, L50, F|100/100|[from] Parting Shot\n|-weather|RainDance|[from] ability: Drizzle|[of] p1b: Pelipper\n|\n|-weather|RainDance|[upkeep]\n|upkeep\n|\n|t:|1776073697\n|switch|p1a: Archaludon|Archaludon, L50, F|100/100\n|turn|3\n|\n|t:|1776073714\n|switch|p2a: Incineroar|Incineroar, L50, M|100/100\n|-ability|p2a: Incineroar|Intimidate|boost\n|-unboost|p1a: Archaludon|atk|1\n|-unboost|p1b: Pelipper|atk|1\n|move|p2b: Venusaur|Protect|p2b: Venusaur\n|-singleturn|p2b: Venusaur|Protect\n|move|p1b: Pelipper|Icy Wind|p2a: Incineroar|[spread] p2a\n|-activate|p2b: Venusaur|move: Protect\n|-resisted|p2a: Incineroar|1\n|-damage|p2a: Incineroar|98/100\n|-unboost|p2a: Incineroar|spe|1\n|move|p1a: Archaludon|Electro Shot||[still]\n|-prepare|p1a: Archaludon|Electro Shot\n|-boost|p1a: Archaludon|spa|1\n|-anim|p1a: Archaludon|Electro Shot|p2b: Venusaur\n|-activate|p2b: Venusaur|move: Protect\n|\n|-weather|RainDance|[upkeep]\n|upkeep\n|turn|4\n|\n|t:|1776073735\n|switch|p1b: Incineroar|Incineroar, L50, M|100/100\n|-ability|p1b: Incineroar|Intimidate|boost\n|-unboost|p2a: Incineroar|atk|1\n|-unboost|p2b: Venusaur|atk|1\n|switch|p2b: Aegislash|Aegislash, L50, M|100/100\n|move|p1a: Archaludon|Flash Cannon|p2b: Aegislash\n|-resisted|p2b: Aegislash|1\n|-damage|p2b: Aegislash|79/100\n|move|p2a: Incineroar|Parting Shot|p1a: Archaludon\n|-unboost|p1a: Archaludon|atk|1\n|-unboost|p1a: Archaludon|spa|1\n|\n|t:|1776073749\n|switch|p2a: Charizard|Charizard-Mega-Y, L50, M, shiny|100/100|[from] Parting Shot\n|-weather|SunnyDay|[from] ability: Drought|[of] p2a: Charizard\n|\n|-weather|SunnyDay|[upkeep]\n|-heal|p2b: Aegislash|85/100|[from] item: Leftovers\n|upkeep\n|turn|5\n|\n|t:|1776073763\n|switch|p2a: Incineroar|Incineroar, L50, M|98/100\n|-ability|p2a: Incineroar|Intimidate|boost\n|-unboost|p1a: Archaludon|atk|1\n|-unboost|p1b: Incineroar|atk|1\n|switch|p1b: Pelipper|Pelipper, L50, F|100/100\n|-weather|RainDance|[from] ability: Drizzle|[of] p1b: Pelipper\n|move|p2b: Aegislash|King's Shield|p2b: Aegislash\n|-singleturn|p2b: Aegislash|Protect\n|move|p1a: Archaludon|Electro Shot||[still]\n|-prepare|p1a: Archaludon|Electro Shot\n|-boost|p1a: Archaludon|spa|1\n|-anim|p1a: Archaludon|Electro Shot|p2b: Aegislash\n|-activate|p2b: Aegislash|move: Protect\n|\n|-weather|RainDance|[upkeep]\n|-heal|p2b: Aegislash|91/100|[from] item: Leftovers\n|upkeep\n|turn|6\n|inactive|xVIPEXz has 30 seconds left.\n|\n|t:|1776073796\n|switch|p2b: Venusaur|Venusaur, L50, M|58/100\n|move|p1b: Pelipper|U-turn|p2b: Venusaur\n|-damage|p2b: Venusaur|48/100\n|\n|t:|1776073799\n|switch|p1b: Incineroar|Incineroar, L50, M|100/100|[from] U-turn\n|-ability|p1b: Incineroar|Intimidate|boost\n|-unboost|p2a: Incineroar|atk|1\n|-unboost|p2b: Venusaur|atk|1\n|move|p1a: Archaludon|Electro Shot||[still]\n|-prepare|p1a: Archaludon|Electro Shot\n|-boost|p1a: Archaludon|spa|1\n|-anim|p1a: Archaludon|Electro Shot|p2b: Venusaur\n|-resisted|p2b: Venusaur|1\n|-damage|p2b: Venusaur|2/100\n|move|p2a: Incineroar|Parting Shot|p1a: Archaludon\n|-unboost|p1a: Archaludon|atk|1\n|-unboost|p1a: Archaludon|spa|1\n|\n|t:|1776073812\n|switch|p2a: Charizard|Charizard-Mega-Y, L50, M, shiny|100/100|[from] Parting Shot\n|-weather|SunnyDay|[from] ability: Drought|[of] p2a: Charizard\n|\n|-weather|SunnyDay|[upkeep]\n|upkeep\n|turn|7\n|inactive|OwenScizor has 30 seconds left.\n|\n|t:|1776073847\n|switch|p2a: Aegislash|Aegislash, L50, M|91/100\n|switch|p1b: Pelipper|Pelipper, L50, F|100/100\n|-weather|RainDance|[from] ability: Drizzle|[of] p1b: Pelipper\n|move|p1a: Archaludon|Protect|p1a: Archaludon\n|-singleturn|p1a: Archaludon|Protect\n|move|p2b: Venusaur|Sleep Powder|p1a: Archaludon\n|-activate|p1a: Archaludon|move: Protect\n|\n|-weather|RainDance|[upkeep]\n|-heal|p2a: Aegislash|97/100|[from] item: Leftovers\n|upkeep\n|turn|8\n|inactive|xVIPEXz has 30 seconds left.\n|\n|t:|1776073877\n|move|p1b: Pelipper|U-turn|p2b: Venusaur\n|-damage|p2b: Venusaur|0 fnt\n|faint|p2b: Venusaur\n|\n|t:|1776073880\n|switch|p1b: Incineroar|Incineroar, L50, M|100/100|[from] U-turn\n|-ability|p1b: Incineroar|Intimidate|boost\n|-unboost|p2a: Aegislash|atk|1\n|move|p1a: Archaludon|Electro Shot||[still]\n|-prepare|p1a: Archaludon|Electro Shot\n|-boost|p1a: Archaludon|spa|1\n|-anim|p1a: Archaludon|Electro Shot|p2a: Aegislash\n|-damage|p2a: Aegislash|39/100\n|-formechange|p2a: Aegislash|Aegislash-Blade|\n|move|p2a: Aegislash|Shadow Ball|p1b: Incineroar\n|-resisted|p1b: Incineroar|1\n|-damage|p1b: Incineroar|78/100\n|\n|-weather|RainDance|[upkeep]\n|-heal|p2a: Aegislash|45/100|[from] item: Leftovers\n|upkeep\n|\n|t:|1776073895\n|switch|p2b: Charizard|Charizard-Mega-Y, L50, M, shiny|100/100\n|-weather|SunnyDay|[from] ability: Drought|[of] p2b: Charizard\n|turn|9\n|\n|t:|1776073907\n|move|p2b: Charizard|Protect|p2b: Charizard\n|-singleturn|p2b: Charizard|Protect\n|move|p1b: Incineroar|Fake Out|p2b: Charizard\n|-activate|p2b: Charizard|move: Protect\n|move|p1a: Archaludon|Flash Cannon|p2a: Aegislash\n|-resisted|p2a: Aegislash|1\n|-damage|p2a: Aegislash|0 fnt\n|faint|p2a: Aegislash\n|\n|-weather|SunnyDay|[upkeep]\n|upkeep\n|\n|t:|1776073915\n|switch|p2a: Incineroar|Incineroar, L50, M|98/100\n|-ability|p2a: Incineroar|Intimidate|boost\n|-unboost|p1a: Archaludon|atk|1\n|-unboost|p1b: Incineroar|atk|1\n|turn|10\n|-message|xVIPEXz forfeited.\n|\n|win|OwenScizor\n|raw|OwenScizor's rating: 1165 &rarr; <strong>1187</strong><br />(+22 for winning)\n|raw|xVIPEXz's rating: 1128 &rarr; <strong>1106</strong><br />(-22 for losing)\n|l|\u2606xVIPEXz\n|player|p2|\n|l|\u2606OwenScizor\n|player|p1|\n|j|\u2606OwenScizor\n|player|p1|OwenScizor|acetrainer-gen4dp|\n",
  "uploadtime": 1776073969,
  "views": 18,
  "formatid": "gen9championsvgc2026regma",
  "rating": 1106,
  "private": 0,
  "password": null
}