{
  "id": "gen9championsvgc2026regma-2585596642",
  "format": "[Gen 9 Champions] VGC 2026 Reg M-A",
  "players": [
    "Vika_F44",
    "Entity Javarob"
  ],
  "log": "|j|\u2606Vika_F44\n|j|\u2606Entity Javarob\n|t:|1776357867\n|gametype|doubles\n|player|p1|Vika_F44|dawn-gen4pt|1222\n|player|p2|Entity Javarob|265|1321\n|gen|9\n|tier|[Gen 9 Champions] VGC 2026 Reg M-A\n|rated|\n|rule|Species Clause: Limit one of each Pok\u00e9mon\n|rule|Item Clause: Limit 1 of each item\n|clearpoke\n|poke|p1|Raichu, L50, F|\n|poke|p1|Blastoise, L50, M|\n|poke|p1|Aerodactyl, L50, M|\n|poke|p1|Kingambit, L50, M|\n|poke|p1|Farigiraf, L50, M|\n|poke|p1|Sinistcha, L50|\n|poke|p2|Tyranitar, L50, F|\n|poke|p2|Sinistcha, L50|\n|poke|p2|Excadrill, L50, F|\n|poke|p2|Archaludon, L50, M|\n|poke|p2|Corviknight, L50, F|\n|poke|p2|Rotom-Heat, L50|\n|teampreview|4\n|inactive|Battle timer is ON: inactive players will automatically lose when time's up. (requested by Entity Javarob)\nVika_F44 has agreed to open team sheets.\n|inactive|Vika_F44 has 60 seconds left.\n|\n|t:|1776357917\n|teamsize|p1|4\n|teamsize|p2|4\n|start\n|switch|p1a: Blastoise|Blastoise, L50, M|100/100\n|switch|p1b: Aerodactyl|Aerodactyl, L50, M|100/100\n|switch|p2a: El taxi|Corviknight, L50, F, shiny|100/100\n|switch|p2b: 1945|Rotom-Heat, L50, shiny|100/100\n|-ability|p1b: Aerodactyl|Unnerve\n|turn|1\n|\n|t:|1776357941\n|switch|p1b: Raichu|Raichu, L50, F|100/100\n|move|p1a: Blastoise|Protect|p1a: Blastoise\n|-singleturn|p1a: Blastoise|Protect\n|move|p2b: 1945|Volt Switch|p1b: Raichu\n|-ability|p1b: Raichu|Lightning Rod|boost\n|-boost|p1b: Raichu|spa|1\n|move|p2a: El taxi|Tailwind|p2a: El taxi\n|-sidestart|p2: Entity Javarob|move: Tailwind\n|\n|upkeep\n|turn|2\n|\n|t:|1776357961\n|switch|p2b: Mochi|Sinistcha, L50, shiny|100/100\n|detailschange|p1a: Blastoise|Blastoise-Mega, L50, M\n|-mega|p1a: Blastoise|Blastoise|Blastoisinite\n|move|p1b: Raichu|Fake Out|p2a: El taxi\n|-resisted|p2a: El taxi|1\n|-damage|p2a: El taxi|97/100\n|cant|p2a: El taxi|flinch\n|move|p1a: Blastoise|Water Spout|p2a: El taxi|[spread] p2a,p2b\n|-crit|p2a: El taxi\n|-resisted|p2b: Mochi|1\n|-damage|p2a: El taxi|33/100\n|-damage|p2b: Mochi|62/100\n|\n|-heal|p2a: El taxi|39/100|[from] item: Leftovers\n|upkeep\n|turn|3\n|\n|t:|1776357983\n|move|p2b: Mochi|Matcha Gotcha|p1a: Blastoise|[spread] p1a\n|-miss|p2b: Mochi|p1b: Raichu\n|-supereffective|p1a: Blastoise|1\n|-damage|p1a: Blastoise|60/100\n|-heal|p2b: Mochi|83/100|[from] drain|[of] p1a: Blastoise\n|-status|p1a: Blastoise|brn\n|-heal|p2b: Mochi|88/100|[from] item: Shell Bell|[of] p1b: Raichu\n|move|p1b: Raichu|Volt Switch|p2a: El taxi\n|-supereffective|p2a: El taxi|1\n|-damage|p2a: El taxi|0 fnt\n|faint|p2a: El taxi\n|\n|t:|1776357996\n|switch|p1b: Aerodactyl|Aerodactyl, L50, M|100/100|[from] Volt Switch\n|-ability|p1b: Aerodactyl|Unnerve\n|move|p1a: Blastoise|Dark Pulse|p2b: Mochi\n|-supereffective|p2b: Mochi|1\n|-damage|p2b: Mochi|0 fnt\n|faint|p2b: Mochi\n|\n|-damage|p1a: Blastoise|54/100 brn|[from] brn\n|upkeep\n|\n|t:|1776358004\n|switch|p2b: 1945|Rotom-Heat, L50, shiny|100/100\n|switch|p2a: Puente rio seco|Archaludon, L50, M, shiny|100/100\n|turn|4\n|\n|t:|1776358027\n|switch|p1a: Raichu|Raichu, L50, F|100/100\n|move|p2b: 1945|Dark Pulse|p1b: Aerodactyl\n|-damage|p1b: Aerodactyl|64/100\n|move|p2a: Puente rio seco|Draco Meteor|p1a: Raichu\n|-enditem|p1a: Raichu|Focus Sash\n|-damage|p1a: Raichu|1/100\n|-unboost|p2a: Puente rio seco|spa|2\n|move|p1b: Aerodactyl|Tailwind|p1b: Aerodactyl\n|-sidestart|p1: Vika_F44|move: Tailwind\n|\n|-sideend|p2: Entity Javarob|move: Tailwind\n|upkeep\n|turn|5\n|\n|t:|1776358045\n|move|p1b: Aerodactyl|Rock Slide|p2a: Puente rio seco|[spread] p2a,p2b\n|-resisted|p2a: Puente rio seco|1\n|-supereffective|p2b: 1945|1\n|-damage|p2a: Puente rio seco|89/100\n|-damage|p2b: 1945|33/100\n|-ability|p2a: Puente rio seco|Stamina|boost\n|-boost|p2a: Puente rio seco|def|1\n|move|p1a: Raichu|Endeavor|p2a: Puente rio seco\n|-damage|p2a: Puente rio seco|1/100\n|-ability|p2a: Puente rio seco|Stamina|boost\n|-boost|p2a: Puente rio seco|def|1\n|move|p2b: 1945|Dark Pulse|p1a: Raichu\n|-damage|p1a: Raichu|0 fnt\n|faint|p1a: Raichu\n|move|p2a: Puente rio seco|Flash Cannon|p1b: Aerodactyl\n|-supereffective|p1b: Aerodactyl|1\n|-damage|p1b: Aerodactyl|15/100\n|\n|upkeep\n|\n|t:|1776358063\n|switch|p1a: Blastoise|Blastoise-Mega, L50, M|54/100 brn\n|turn|6\n|\n|t:|1776358072\n|move|p2a: Puente rio seco|Protect|p2a: Puente rio seco\n|-singleturn|p2a: Puente rio seco|Protect\n|move|p1b: Aerodactyl|Rock Slide|p2a: Puente rio seco|[spread] p2b\n|-activate|p2a: Puente rio seco|move: Protect\n|-supereffective|p2b: 1945|1\n|-damage|p2b: 1945|0 fnt\n|faint|p2b: 1945\n|move|p1a: Blastoise|Water Spout|p2a: Puente rio seco\n|-activate|p2a: Puente rio seco|move: Protect\n|\n|-damage|p1a: Blastoise|48/100 brn|[from] brn\n|upkeep\n|turn|7\n|-message|Entity Javarob forfeited.\n|\n|win|Vika_F44\n|raw|Vika_F44's rating: 1222 &rarr; <strong>1254</strong><br />(+32 for winning)\n|raw|Entity Javarob's rating: 1321 &rarr; <strong>1295</strong><br />(-26 for losing)\n|l|\u2606Entity Javarob\n|player|p2|\n",
  "uploadtime": 1776358091,
  "views": 57,
  "formatid": "gen9championsvgc2026regma",
  "rating": 1254,
  "private": 0,
  "password": null
}