{
  "id": "gen9championsvgc2026regma-2588394565",
  "format": "[Gen 9 Champions] VGC 2026 Reg M-A",
  "players": [
    "seattleseadrasfpl",
    "ultrabide"
  ],
  "log": "|j|\u2606seattleseadrasfpl\n|j|\u2606ultrabide\n|t:|1776629863\n|gametype|doubles\n|player|p1|seattleseadrasfpl|fisherman-gen4|1361\n|player|p2|ultrabide|265|1441\n|gen|9\n|tier|[Gen 9 Champions] VGC 2026 Reg M-A\n|rated|\n|rule|Species Clause: Limit one of each Pok\u00e9mon\n|rule|Item Clause: Limit 1 of each item\n|clearpoke\n|poke|p1|Sneasler, L50, F|\n|poke|p1|Archaludon, L50, M|\n|poke|p1|Basculegion, L50, M|\n|poke|p1|Scovillain, L50, M|\n|poke|p1|Aerodactyl, L50, F|\n|poke|p1|Pelipper, L50, F|\n|poke|p2|Rotom-Wash, L50|\n|poke|p2|Garchomp, L50, M|\n|poke|p2|Kingambit, L50, M|\n|poke|p2|Delphox, L50, F|\n|poke|p2|Aerodactyl, L50, F|\n|poke|p2|Sneasler, L50, F|\n|teampreview|4\n|inactive|Battle timer is ON: inactive players will automatically lose when time's up. (requested by ultrabide)\n|\n|t:|1776629907\n|teamsize|p1|4\n|teamsize|p2|4\n|start\n|switch|p1a: Sneasler|Sneasler, L50, F|100/100\n|switch|p1b: Scovillain|Scovillain, L50, M|100/100\n|switch|p2a: Aerodactyl|Aerodactyl, L50, F|100/100\n|switch|p2b: Rotom|Rotom-Wash, L50|100/100\n|-ability|p2a: Aerodactyl|Unnerve\n|turn|1\n|\n|t:|1776629926\n|switch|p2b: Garchomp|Garchomp, L50, M|100/100\n|detailschange|p1b: Scovillain|Scovillain-Mega, L50, M\n|-mega|p1b: Scovillain|Scovillain|Scovillainite\n|move|p2a: Aerodactyl|Protect|p2a: Aerodactyl\n|-singleturn|p2a: Aerodactyl|Protect\n|move|p1a: Sneasler|Fake Out|p2a: Aerodactyl\n|-activate|p2a: Aerodactyl|move: Protect\n|move|p1b: Scovillain|Giga Drain|p2a: Aerodactyl\n|-activate|p2a: Aerodactyl|move: Protect\n|\n|upkeep\n|turn|2\n|\n|t:|1776629946\n|move|p1a: Sneasler|Protect|p1a: Sneasler\n|-singleturn|p1a: Sneasler|Protect\n|move|p2b: Garchomp|Earthquake|p1a: Sneasler|[spread] p1b\n|-activate|p1a: Sneasler|move: Protect\n|-immune|p2a: Aerodactyl\n|-damage|p1b: Scovillain|52/100\n|-status|p2b: Garchomp|brn|[from] ability: Spicy Spray|[of] p1b: Scovillain\n|move|p2a: Aerodactyl|Tailwind|p2a: Aerodactyl\n|-sidestart|p2: ultrabide|move: Tailwind\n|move|p1b: Scovillain|Leech Seed|p2b: Garchomp\n|-start|p2b: Garchomp|move: Leech Seed\n|\n|-damage|p2b: Garchomp|88/100 brn|[from] Leech Seed|[of] p1b: Scovillain\n|-heal|p1b: Scovillain|64/100|[silent]\n|-damage|p2b: Garchomp|82/100 brn|[from] brn\n|upkeep\n|turn|3\n|inactive|seattleseadrasfpl has 30 seconds left.\n|inactive|seattleseadrasfpl has 20 seconds left.\n|\n|t:|1776629984\n|switch|p2b: Rotom|Rotom-Wash, L50|100/100\n|switch|p1a: Pelipper|Pelipper, L50, F|100/100\n|-weather|RainDance|[from] ability: Drizzle|[of] p1a: Pelipper\n|move|p2a: Aerodactyl|Dual Wingbeat|p1a: Pelipper\n|-damage|p1a: Pelipper|79/100\n|-damage|p1a: Pelipper|55/100\n|-hitcount|p1a: Pelipper|2\n|move|p1b: Scovillain|Leech Seed|p2a: Aerodactyl\n|-start|p2a: Aerodactyl|move: Leech Seed\n|\n|-weather|RainDance|[upkeep]\n|-damage|p2a: Aerodactyl|88/100|[from] Leech Seed|[of] p1b: Scovillain\n|-heal|p1b: Scovillain|75/100|[silent]\n|upkeep\n|turn|4\n|\n|t:|1776630002\n|switch|p2a: Garchomp|Garchomp, L50, M|82/100 brn\n|move|p1a: Pelipper|Protect|p1a: Pelipper\n|-singleturn|p1a: Pelipper|Protect\n|move|p1b: Scovillain|Protect|p1b: Scovillain\n|-singleturn|p1b: Scovillain|Protect\n|move|p2b: Rotom|Electroweb|p1a: Pelipper|[spread] \n|-activate|p1a: Pelipper|move: Protect\n|-activate|p1b: Scovillain|move: Protect\n|\n|-weather|RainDance|[upkeep]\n|-damage|p2a: Garchomp|76/100 brn|[from] brn\n|upkeep\n|turn|5\n|inactive|ultrabide has 30 seconds left.\n|inactive|seattleseadrasfpl has 30 seconds left.\n|\n|t:|1776630042\n|switch|p1a: Sneasler|Sneasler, L50, F|100/100\n|move|p2a: Garchomp|Rock Slide|p1a: Sneasler|[spread] p1a,p1b\n|-resisted|p1a: Sneasler|1\n|-supereffective|p1b: Scovillain|1\n|-damage|p1a: Sneasler|92/100\n|-damage|p1b: Scovillain|50/100\n|move|p2b: Rotom|Thunderbolt|p1a: Sneasler\n|-damage|p1a: Sneasler|33/100\n|move|p1b: Scovillain|Giga Drain|p2b: Rotom\n|-supereffective|p2b: Rotom|1\n|-damage|p2b: Rotom|23/100\n|-heal|p1b: Scovillain|86/100|[from] drain|[of] p2b: Rotom\n|-enditem|p2b: Rotom|Sitrus Berry|[eat]\n|-heal|p2b: Rotom|48/100|[from] item: Sitrus Berry\n|\n|-weather|RainDance|[upkeep]\n|-damage|p2a: Garchomp|70/100 brn|[from] brn\n|-sideend|p2: ultrabide|move: Tailwind\n|upkeep\n|turn|6\n|inactive|seattleseadrasfpl has 30 seconds left.\n|inactive|seattleseadrasfpl has 20 seconds left.\n|inactive|seattleseadrasfpl has 15 seconds left.\n|inactive|seattleseadrasfpl has 10 seconds left.\n|\n|t:|1776630089\n|switch|p2b: Aerodactyl|Aerodactyl, L50, F|88/100\n|-ability|p2b: Aerodactyl|Unnerve\n|move|p2a: Garchomp|Rock Slide|p1a: Sneasler|[spread] p1a,p1b\n|-resisted|p1a: Sneasler|1\n|-supereffective|p1b: Scovillain|1\n|-damage|p1a: Sneasler|25/100\n|-damage|p1b: Scovillain|64/100\n|move|p1a: Sneasler|Close Combat|p2b: Aerodactyl\n|-damage|p2b: Aerodactyl|0 fnt\n|-unboost|p1a: Sneasler|def|1\n|-unboost|p1a: Sneasler|spd|1\n|faint|p2b: Aerodactyl\n|-enditem|p1a: Sneasler|White Herb\n|-clearnegativeboost|p1a: Sneasler|[silent]\n|cant|p1b: Scovillain|flinch\n|\n|-weather|RainDance|[upkeep]\n|-damage|p2a: Garchomp|64/100 brn|[from] brn\n|upkeep\n|-message|ultrabide forfeited.\n|\n|win|seattleseadrasfpl\n|raw|seattleseadrasfpl's rating: 1361 &rarr; <strong>1386</strong><br />(+25 for winning)\n|raw|ultrabide's rating: 1441 &rarr; <strong>1416</strong><br />(-25 for losing)\n|l|\u2606ultrabide\n|player|p2|\n",
  "uploadtime": 1776630111,
  "views": 14,
  "formatid": "gen9championsvgc2026regma",
  "rating": 1386,
  "private": 0,
  "password": null
}