{
  "id": "gen9championsvgc2026regma-2588132418",
  "format": "[Gen 9 Champions] VGC 2026 Reg M-A",
  "players": [
    "dohawyth",
    "starx_is_here"
  ],
  "log": "|j|\u2606dohawyth\n|j|\u2606starx_is_here\n|t:|1776607668\n|gametype|doubles\n|player|p1|dohawyth|101|1362\n|player|p2|starx_is_here|1|1441\n|gen|9\n|tier|[Gen 9 Champions] VGC 2026 Reg M-A\n|rated|\n|rule|Species Clause: Limit one of each Pok\u00e9mon\n|rule|Item Clause: Limit 1 of each item\n|clearpoke\n|poke|p1|Incineroar, L50, M|\n|poke|p1|Crabominable, L50, M|\n|poke|p1|Kingambit, L50, M|\n|poke|p1|Slowking-Galar, L50, F|\n|poke|p1|Sinistcha, L50|\n|poke|p1|Primarina, L50, F|\n|poke|p2|Floette-Eternal, L50, F|\n|poke|p2|Garchomp, L50, M|\n|poke|p2|Rotom-Wash, L50|\n|poke|p2|Talonflame, L50, F|\n|poke|p2|Sneasler, L50, F|\n|poke|p2|Mimikyu, L50, M|\n|teampreview|4\ndohawyth rejected open team sheets.\n|\n|t:|1776607729\n|teamsize|p1|4\n|teamsize|p2|4\n|start\n|switch|p1a: Slowking|Slowking-Galar, L50, F|100/100\n|switch|p1b: Incineroar|Incineroar, L50, M|100/100\n|switch|p2a: Sneasler|Sneasler, L50, F|100/100\n|switch|p2b: Mimikyu|Mimikyu, L50, M|100/100\n|-ability|p1b: Incineroar|Intimidate|boost\n|-unboost|p2a: Sneasler|atk|1\n|-unboost|p2b: Mimikyu|atk|1\n|-enditem|p2a: Sneasler|White Herb\n|-clearnegativeboost|p2a: Sneasler|[silent]\n|turn|1\n|inactive|Battle timer is ON: inactive players will automatically lose when time's up. (requested by starx_is_here)\n|\n|t:|1776607805\n|switch|p2a: Garchomp|Garchomp, L50, M|100/100\n|move|p2b: Mimikyu|Taunt|p1a: Slowking\n|-start|p1a: Slowking|move: Taunt\n|move|p1b: Incineroar|Throat Chop|p2b: Mimikyu\n|-activate|p2b: Mimikyu|ability: Disguise\n|-damage|p2b: Mimikyu|100/100\n|-start|p2b: Mimikyu|Throat Chop|[silent]\n|detailschange|p2b: Mimikyu|Mimikyu-Busted, L50, M\n|-damage|p2b: Mimikyu|88/100|[from] pokemon: Mimikyu-Busted\n|move|p1a: Slowking|Psychic Noise|p2a: Garchomp\n|-damage|p2a: Garchomp|69/100\n|-start|p2a: Garchomp|move: Heal Block\n|\n|upkeep\n|turn|2\n|inactive|dohawyth has 30 seconds left.\n|\n|t:|1776607834\n|switch|p2b: Rotom|Rotom-Wash, L50|100/100\n|switch|p1a: Crabominable|Crabominable, L50, M|100/100\n|move|p2a: Garchomp|Earthquake|p1a: Crabominable|[spread] p1a,p1b\n|-immune|p2b: Rotom|[from] ability: Levitate\n|-supereffective|p1b: Incineroar|1\n|-damage|p1a: Crabominable|55/100\n|-damage|p1b: Incineroar|20/100\n|-enditem|p1b: Incineroar|Sitrus Berry|[eat]\n|-heal|p1b: Incineroar|45/100|[from] item: Sitrus Berry\n|move|p1b: Incineroar|Parting Shot|p2a: Garchomp\n|-unboost|p2a: Garchomp|atk|1\n|-unboost|p2a: Garchomp|spa|1\n|\n|t:|1776607842\n|switch|p1b: Kingambit|Kingambit, L50, M|100/100|[from] Parting Shot\n|\n|-end|p2a: Garchomp|move: Heal Block\n|upkeep\n|turn|3\n|\n|t:|1776607863\n|detailschange|p1a: Crabominable|Crabominable-Mega, L50, M\n|-mega|p1a: Crabominable|Crabominable|Crabominite\n|move|p2a: Garchomp|Protect|p2a: Garchomp\n|-singleturn|p2a: Garchomp|Protect\n|move|p1b: Kingambit|Protect|p1b: Kingambit\n|-singleturn|p1b: Kingambit|Protect\n|move|p2b: Rotom|Trick|p1b: Kingambit\n|-activate|p1b: Kingambit|move: Protect\n|move|p1a: Crabominable|Ice Hammer|p2a: Garchomp\n|-activate|p2a: Garchomp|move: Protect\n|\n|upkeep\n|turn|4\n|inactive|starx_is_here has 30 seconds left.\n|\n|t:|1776607892\n|switch|p2a: Mimikyu|Mimikyu-Busted, L50, M|88/100\n|switch|p1b: Incineroar|Incineroar, L50, M|45/100\n|-ability|p1b: Incineroar|Intimidate|boost\n|-unboost|p2a: Mimikyu|atk|1\n|-unboost|p2b: Rotom|atk|1\n|move|p1a: Crabominable|Protect|p1a: Crabominable\n|-singleturn|p1a: Crabominable|Protect\n|move|p2b: Rotom|Trick|p1b: Incineroar\n|-activate|p2b: Rotom|move: Trick|[of] p1b: Incineroar\n|-item|p1b: Incineroar|Choice Scarf|[from] move: Trick\n|-enditem|p2b: Rotom|Choice Scarf|[silent]|[from] move: Trick\n|\n|upkeep\n|turn|5\n|inactive|dohawyth has 30 seconds left.\n|inactive|dohawyth has 20 seconds left.\n|\n|t:|1776607928\n|move|p1b: Incineroar|Fake Out|p2b: Rotom\n|-damage|p2b: Rotom|86/100\n|move|p2a: Mimikyu|Play Rough|p1a: Crabominable\n|-supereffective|p1a: Crabominable|1\n|-damage|p1a: Crabominable|23/100\n|cant|p2b: Rotom|flinch\n|move|p1a: Crabominable|Drain Punch|p2b: Rotom\n|-damage|p2b: Rotom|14/100\n|-heal|p1a: Crabominable|46/100|[from] drain|[of] p2b: Rotom\n|\n|upkeep\n|turn|6\n|\n|t:|1776607952\n|switch|p1b: Slowking|Slowking-Galar, L50, F|100/100\n|move|p1a: Crabominable|Protect|p1a: Crabominable\n|-singleturn|p1a: Crabominable|Protect\n|move|p2a: Mimikyu|Will-O-Wisp|p1b: Slowking\n|-status|p1b: Slowking|brn\n|move|p2b: Rotom|Volt Switch|p1b: Slowking\n|-damage|p1b: Slowking|78/100 brn\n|\n|t:|1776607962\n|switch|p2b: Garchomp|Garchomp, L50, M|69/100|[from] Volt Switch\n|\n|-damage|p1b: Slowking|72/100 brn|[from] brn\n|upkeep\n|turn|7\n|\n|t:|1776607985\n|move|p2b: Garchomp|Protect|p2b: Garchomp\n|-singleturn|p2b: Garchomp|Protect\n|move|p2a: Mimikyu|Taunt|p1b: Slowking\n|-start|p1b: Slowking|move: Taunt\n|move|p1a: Crabominable|Ice Hammer|p2a: Mimikyu\n|-damage|p2a: Mimikyu|0 fnt\n|-unboost|p1a: Crabominable|spe|1\n|faint|p2a: Mimikyu\n|cant|p1b: Slowking|move: Taunt|Trick Room\n|\n|-damage|p1b: Slowking|66/100 brn|[from] brn\n|upkeep\n|\n|t:|1776608003\n|switch|p2a: Rotom|Rotom-Wash, L50|14/100\n|turn|8\n|\n|t:|1776608013\n|switch|p1b: Incineroar|Incineroar, L50, M|45/100\n|-ability|p1b: Incineroar|Intimidate|boost\n|-unboost|p2a: Rotom|atk|1\n|-unboost|p2b: Garchomp|atk|1\n|move|p1a: Crabominable|Protect|p1a: Crabominable\n|-singleturn|p1a: Crabominable|Protect\n|move|p2b: Garchomp|Earthquake|p1a: Crabominable|[spread] p1b\n|-activate|p1a: Crabominable|move: Protect\n|-immune|p2a: Rotom|[from] ability: Levitate\n|-supereffective|p1b: Incineroar|1\n|-damage|p1b: Incineroar|0 fnt\n|faint|p1b: Incineroar\n|move|p2a: Rotom|Volt Switch|p1a: Crabominable\n|-activate|p1a: Crabominable|move: Protect\n|\n|upkeep\n|\n|t:|1776608025\n|switch|p1b: Kingambit|Kingambit, L50, M|100/100\n|turn|9\n|\n|t:|1776608043\n|switch|p2a: Sneasler|Sneasler, L50, F|100/100\n|move|p2b: Garchomp|Protect|p2b: Garchomp\n|-singleturn|p2b: Garchomp|Protect\n|move|p1b: Kingambit|Sucker Punch||[still]\n|-fail|p1b: Kingambit\n|move|p1a: Crabominable|Ice Hammer|p2a: Sneasler\n|-damage|p2a: Sneasler|0 fnt\n|-unboost|p1a: Crabominable|spe|1\n|faint|p2a: Sneasler\n|\n|upkeep\n|\n|t:|1776608059\n|switch|p2a: Rotom|Rotom-Wash, L50|14/100\n|turn|10\n|\n|t:|1776608072\n|move|p1b: Kingambit|Protect|p1b: Kingambit\n|-singleturn|p1b: Kingambit|Protect\n|move|p1a: Crabominable|Mach Punch|p2a: Rotom\n|-damage|p2a: Rotom|0 fnt\n|faint|p2a: Rotom\n|move|p2b: Garchomp|Earthquake|p1b: Kingambit|[spread] p1a\n|-activate|p1b: Kingambit|move: Protect\n|-damage|p1a: Crabominable|24/100\n|\n|upkeep\n|turn|11\n|\n|t:|1776608096\n|move|p1b: Kingambit|Sucker Punch|p2b: Garchomp\n|-damage|p2b: Garchomp|33/100\n|-damage|p1b: Kingambit|88/100|[from] ability: Rough Skin|[of] p2b: Garchomp\n|move|p2b: Garchomp|Earthquake|p1b: Kingambit|[spread] p1a,p1b\n|-supereffective|p1b: Kingambit|1\n|-damage|p1a: Crabominable|2/100\n|-damage|p1b: Kingambit|51/100\n|move|p1a: Crabominable|Drain Punch|p2b: Garchomp\n|-damage|p2b: Garchomp|0 fnt\n|-heal|p1a: Crabominable|17/100|[from] drain|[of] p2b: Garchomp\n|-damage|p1a: Crabominable|5/100|[from] ability: Rough Skin|[of] p2b: Garchomp\n|faint|p2b: Garchomp\n|\n|win|dohawyth\n|raw|dohawyth's rating: 1362 &rarr; <strong>1386</strong><br />(+24 for winning)\n|raw|starx_is_here's rating: 1441 &rarr; <strong>1417</strong><br />(-24 for losing)\n|l|\u2606starx_is_here\n|player|p2|\n",
  "uploadtime": 1776608104,
  "views": 15,
  "formatid": "gen9championsvgc2026regma",
  "rating": 1386,
  "private": 0,
  "password": null
}