{
  "id": "gen9championsvgc2026regma-2581358425",
  "format": "[Gen 9 Champions] VGC 2026 Reg M-A",
  "players": [
    "Christofcoo",
    "soulo333"
  ],
  "log": "|j|\u2606Christofcoo\n|j|\u2606soulo333\n|t:|1775991311\n|gametype|doubles\n|player|p1|Christofcoo|170|1079\n|player|p2|soulo333|2|1000\n|gen|9\n|tier|[Gen 9 Champions] VGC 2026 Reg M-A\n|rated|\n|rule|Species Clause: Limit one of each Pok\u00e9mon\n|rule|Item Clause: Limit 1 of each item\n|clearpoke\n|poke|p1|Sinistcha, L50|\n|poke|p1|Incineroar, L50, M|\n|poke|p1|Farigiraf, L50, M|\n|poke|p1|Golurk, L50|\n|poke|p1|Tyranitar, L50, F|\n|poke|p1|Primarina, L50, F|\n|poke|p2|Charizard, L50, F|\n|poke|p2|Kingambit, L50, M|\n|poke|p2|Rotom-Wash, L50|\n|poke|p2|Sinistcha, L50|\n|poke|p2|Ninetales-Alola, L50, M|\n|poke|p2|Sneasler, L50, M|\n|teampreview|4\n|inactive|Battle timer is ON: inactive players will automatically lose when time's up. (requested by soulo333)\n|\n|t:|1775991350\n|teamsize|p1|4\n|teamsize|p2|4\n|start\n|switch|p1a: Primarina|Primarina, L50, F|100/100\n|switch|p1b: Tyranitar|Tyranitar, L50, F|100/100\n|switch|p2a: Kingambit|Kingambit, L50, M|100/100\n|switch|p2b: Rotom|Rotom-Wash, L50|100/100\n|-weather|Sandstorm|[from] ability: Sand Stream|[of] p1b: Tyranitar\n|turn|1\n|\n|t:|1775991366\n|move|p1a: Primarina|Protect|p1a: Primarina\n|-singleturn|p1a: Primarina|Protect\n|move|p2b: Rotom|Volt Switch|p1a: Primarina\n|-activate|p1a: Primarina|move: Protect\n|move|p1b: Tyranitar|Low Kick|p2a: Kingambit\n|-supereffective|p2a: Kingambit|2\n|-enditem|p2a: Kingambit|Chople Berry|[eat]\n|-enditem|p2a: Kingambit|Chople Berry|[weaken]\n|-damage|p2a: Kingambit|37/100\n|move|p2a: Kingambit|Iron Head|p1b: Tyranitar\n|-supereffective|p1b: Tyranitar|1\n|-damage|p1b: Tyranitar|21/100\n|\n|-weather|Sandstorm|[upkeep]\n|-damage|p2b: Rotom|95/100|[from] Sandstorm\n|-damage|p1a: Primarina|95/100|[from] Sandstorm\n|upkeep\n|turn|2\n|inactive|Christofcoo has 30 seconds left.\n|\n|t:|1775991394\n|switch|p1a: Incineroar|Incineroar, L50, M|100/100\n|-ability|p1a: Incineroar|Intimidate|boost\n|-unboost|p2a: Kingambit|atk|1\n|-ability|p2a: Kingambit|Defiant|boost\n|-boost|p2a: Kingambit|atk|2\n|-unboost|p2b: Rotom|atk|1\n|switch|p2a: Ninetales|Ninetales-Alola, L50, M|100/100\n|-weather|Snowscape|[from] ability: Snow Warning|[of] p2a: Ninetales\n|move|p2b: Rotom|Volt Switch|p1b: Tyranitar\n|-damage|p1b: Tyranitar|0 fnt\n|faint|p1b: Tyranitar\n|\n|t:|1775991411\n|switch|p2b: Kingambit|Kingambit, L50, M|37/100|[from] Volt Switch\n|\n|-weather|Snowscape|[upkeep]\n|upkeep\n|\n|t:|1775991414\n|switch|p1b: Primarina|Primarina, L50, F|95/100\n|turn|3\n|\n|t:|1775991434\n|switch|p2b: Rotom|Rotom-Wash, L50|95/100\n|move|p2a: Ninetales|Protect|p2a: Ninetales\n|-singleturn|p2a: Ninetales|Protect\n|move|p1a: Incineroar|Fake Out|p2b: Rotom\n|-damage|p2b: Rotom|83/100\n|move|p1b: Primarina|Hyper Voice|p2b: Rotom|[spread] p2b\n|-activate|p2a: Ninetales|move: Protect\n|-resisted|p2b: Rotom|1\n|-damage|p2b: Rotom|67/100\n|\n|-weather|Snowscape|[upkeep]\n|upkeep\n|turn|4\n|inactive|Christofcoo has 30 seconds left.\n|inactive|Christofcoo has 20 seconds left.\n|\n|t:|1775991470\n|move|p2a: Ninetales|Aurora Veil|p2a: Ninetales\n|-sidestart|p2: soulo333|move: Aurora Veil\n|move|p2b: Rotom|Hydro Pump|p1a: Incineroar\n|-supereffective|p1a: Incineroar|1\n|-damage|p1a: Incineroar|38/100\n|move|p1b: Primarina|Moonblast|p2b: Rotom\n|-damage|p2b: Rotom|41/100\n|-enditem|p2b: Rotom|Sitrus Berry|[eat]\n|-heal|p2b: Rotom|66/100|[from] item: Sitrus Berry\n|move|p1a: Incineroar|Flare Blitz|p2a: Ninetales\n|-supereffective|p2a: Ninetales|1\n|-damage|p2a: Ninetales|36/100\n|-damage|p1a: Incineroar|22/100|[from] Recoil\n|\n|-weather|Snowscape|[upkeep]\n|upkeep\n|turn|5\n|\n|t:|1775991492\n|move|p1a: Incineroar|Protect|p1a: Incineroar\n|-singleturn|p1a: Incineroar|Protect\n|move|p2a: Ninetales|Blizzard|p1a: Incineroar|[spread] p1b\n|-activate|p1a: Incineroar|move: Protect\n|-resisted|p1b: Primarina|1\n|-damage|p1b: Primarina|83/100\n|move|p2b: Rotom|Volt Switch|p1a: Incineroar\n|-activate|p1a: Incineroar|move: Protect\n|move|p1b: Primarina|Calm Mind|p1b: Primarina\n|-boost|p1b: Primarina|spa|1\n|-boost|p1b: Primarina|spd|1\n|\n|-weather|Snowscape|[upkeep]\n|upkeep\n|turn|6\n|\n|t:|1775991509\n|switch|p2a: Sinistcha|Sinistcha, L50|100/100\n|-heal|p2b: Rotom|91/100|[from] ability: Hospitality|[of] p2a: Sinistcha\n|move|p2b: Rotom|Volt Switch|p1a: Incineroar\n|-damage|p1a: Incineroar|1/100\n|\n|t:|1775991519\n|switch|p2b: Kingambit|Kingambit, L50, M|37/100|[from] Volt Switch\n|move|p1a: Incineroar|Parting Shot|p2a: Sinistcha\n|-unboost|p2a: Sinistcha|atk|1\n|-unboost|p2a: Sinistcha|spa|1\n|\n|t:|1775991524\n|switch|p1a: Golurk|Golurk, L50|100/100|[from] Parting Shot\n|move|p1b: Primarina|Hyper Voice|p2a: Sinistcha|[spread] p2a,p2b\n|-resisted|p2a: Sinistcha|1\n|-damage|p2a: Sinistcha|78/100\n|-damage|p2b: Kingambit|0 fnt\n|faint|p2b: Kingambit\n|\n|-weather|none\n|-heal|p2a: Sinistcha|85/100|[from] item: Leftovers\n|upkeep\n|\n|t:|1775991532\n|switch|p2b: Ninetales|Ninetales-Alola, L50, M|36/100\n|-weather|Snowscape|[from] ability: Snow Warning|[of] p2b: Ninetales\n|turn|7\n|\n|t:|1775991543\n|detailschange|p1a: Golurk|Golurk-Mega, L50\n|-mega|p1a: Golurk|Golurk|Golurkite\n|move|p2b: Ninetales|Blizzard|p1a: Golurk|[spread] p1a,p1b\n|-supereffective|p1a: Golurk|1\n|-resisted|p1b: Primarina|1\n|-damage|p1a: Golurk|54/100\n|-damage|p1b: Primarina|75/100\n|move|p2a: Sinistcha|Matcha Gotcha|p1b: Primarina|[spread] p1a\n|-miss|p2a: Sinistcha|p1b: Primarina\n|-supereffective|p1a: Golurk|1\n|-damage|p1a: Golurk|23/100\n|-heal|p2a: Sinistcha|100/100|[from] drain|[of] p1a: Golurk\n|-status|p1a: Golurk|brn\n|move|p1b: Primarina|Hyper Voice|p2a: Sinistcha|[spread] p2a,p2b\n|-resisted|p2a: Sinistcha|1\n|-crit|p2a: Sinistcha\n|-damage|p2a: Sinistcha|51/100\n|-damage|p2b: Ninetales|0 fnt\n|faint|p2b: Ninetales\n|move|p1a: Golurk|Poltergeist|p2a: Sinistcha\n|-activate|p2a: Sinistcha|move: Poltergeist|Leftovers\n|-supereffective|p2a: Sinistcha|1\n|-damage|p2a: Sinistcha|16/100\n|\n|-weather|Snowscape|[upkeep]\n|-heal|p2a: Sinistcha|22/100|[from] item: Leftovers\n|-damage|p1a: Golurk|17/100 brn|[from] brn\n|upkeep\n|\n|t:|1775991555\n|switch|p2b: Rotom|Rotom-Wash, L50|91/100\n|turn|8\n|\n|t:|1775991577\n|move|p1b: Primarina|Protect|p1b: Primarina\n|-singleturn|p1b: Primarina|Protect\n|move|p2b: Rotom|Thunderbolt|p1b: Primarina\n|-activate|p1b: Primarina|move: Protect\n|move|p2a: Sinistcha|Matcha Gotcha|p1b: Primarina|[spread] \n|-activate|p1b: Primarina|move: Protect\n|-miss|p2a: Sinistcha|p1a: Golurk\n|move|p1a: Golurk|Poltergeist|p2a: Sinistcha\n|-activate|p2a: Sinistcha|move: Poltergeist|Leftovers\n|-supereffective|p2a: Sinistcha|1\n|-damage|p2a: Sinistcha|0 fnt\n|faint|p2a: Sinistcha\n|\n|-weather|Snowscape|[upkeep]\n|-damage|p1a: Golurk|11/100 brn|[from] brn\n|-sideend|p2: soulo333|move: Aurora Veil\n|upkeep\n|turn|9\n|-message|soulo333 forfeited.\n|\n|win|Christofcoo\n|raw|Christofcoo's rating: 1079 &rarr; <strong>1101</strong><br />(+22 for winning)\n|raw|soulo333's rating: 1000 &rarr; <strong>1000</strong><br />(+0 for losing)\n",
  "uploadtime": 1775991588,
  "views": 21,
  "formatid": "gen9championsvgc2026regma",
  "rating": 1000,
  "private": 0,
  "password": null
}