{
  "id": "gen9championsvgc2026regma-2581167136",
  "format": "[Gen 9 Champions] VGC 2026 Reg M-A",
  "players": [
    "biggarf456",
    "Fabtax"
  ],
  "log": "|j|\u2606biggarf456\n|j|\u2606Fabtax\n|t:|1775966429\n|gametype|doubles\n|player|p1|biggarf456|dawn-gen4pt|1030\n|player|p2|Fabtax|burgh|1063\n|gen|9\n|tier|[Gen 9 Champions] VGC 2026 Reg M-A\n|rated|\n|rule|Species Clause: Limit one of each Pok\u00e9mon\n|rule|Item Clause: Limit 1 of each item\n|clearpoke\n|poke|p1|Arcanine, L50, M|\n|poke|p1|Rotom-Wash, L50|\n|poke|p1|Garchomp, L50, F|\n|poke|p1|Gardevoir, L50, F|\n|poke|p1|Sinistcha, L50|\n|poke|p1|Tyranitar, L50, F|\n|poke|p2|Gengar, L50, F|\n|poke|p2|Politoed, L50, F|\n|poke|p2|Incineroar, L50, F|\n|poke|p2|Charizard, L50, F|\n|poke|p2|Sinistcha, L50|\n|poke|p2|Heliolisk, L50, M|\n|teampreview|4\nFabtax has agreed to open team sheets.\n|\n|t:|1775966477\n|teamsize|p1|4\n|teamsize|p2|4\n|start\n|switch|p1a: Rotom|Rotom-Wash, L50, shiny|100/100\n|switch|p1b: Garchomp|Garchomp, L50, F|100/100\n|switch|p2a: Gengar|Gengar, L50, F, shiny|100/100\n|switch|p2b: Politoed|Politoed, L50, F|100/100\n|-weather|RainDance|[from] ability: Drizzle|[of] p2b: Politoed\n|turn|1\n|\n|t:|1775966489\n|detailschange|p2a: Gengar|Gengar-Mega, L50, F, shiny\n|-mega|p2a: Gengar|Gengar|Gengarite\n|move|p2a: Gengar|Protect|p2a: Gengar\n|-singleturn|p2a: Gengar|Protect\n|move|p1a: Rotom|Discharge|p2b: Politoed|[spread] p2b\n|-activate|p2a: Gengar|move: Protect\n|-immune|p1b: Garchomp\n|-supereffective|p2b: Politoed|1\n|-damage|p2b: Politoed|49/100\n|move|p1b: Garchomp|Earthquake|p2a: Gengar|[spread] p2b\n|-activate|p2a: Gengar|move: Protect\n|-immune|p1a: Rotom|[from] ability: Levitate\n|-damage|p2b: Politoed|16/100\n|move|p2b: Politoed|Perish Song|p2b: Politoed\n|-start|p1a: Rotom|perish3|[silent]\n|-start|p1b: Garchomp|perish3|[silent]\n|-start|p2a: Gengar|perish3|[silent]\n|-start|p2b: Politoed|perish3|[silent]\n|-fieldactivate|move: Perish Song\n|\n|-weather|RainDance|[upkeep]\n|-start|p1a: Rotom|perish3\n|-start|p2a: Gengar|perish3\n|-start|p1b: Garchomp|perish3\n|-start|p2b: Politoed|perish3\n|upkeep\n|turn|2\n|\n|t:|1775966517\n|switch|p2a: Incineroar|Incineroar, L50, F|100/100\n|-ability|p2a: Incineroar|Intimidate|boost\n|-unboost|p1a: Rotom|atk|1\n|-unboost|p1b: Garchomp|atk|1\n|-enditem|p1b: Garchomp|White Herb\n|-clearnegativeboost|p1b: Garchomp|[silent]\n|move|p1a: Rotom|Discharge|p2a: Incineroar|[spread] p2a,p2b\n|-immune|p1b: Garchomp\n|-supereffective|p2b: Politoed|1\n|-damage|p2a: Incineroar|75/100\n|-damage|p2b: Politoed|0 fnt\n|-status|p2a: Incineroar|par\n|faint|p2b: Politoed\n|move|p1b: Garchomp|Earthquake|p2a: Incineroar|[spread] p2a\n|-immune|p1a: Rotom|[from] ability: Levitate\n|-supereffective|p2a: Incineroar|1\n|-enditem|p2a: Incineroar|Shuca Berry|[eat]\n|-enditem|p2a: Incineroar|Shuca Berry|[weaken]\n|-damage|p2a: Incineroar|45/100 par\n|\n|-weather|RainDance|[upkeep]\n|-start|p1a: Rotom|perish2\n|-start|p1b: Garchomp|perish2\n|upkeep\n|\n|t:|1775966536\n|switch|p2b: Gengar|Gengar-Mega, L50, F, shiny|100/100\n|turn|3\n|\n|t:|1775966547\n|move|p2a: Incineroar|Fake Out|p1b: Garchomp\n|-damage|p1b: Garchomp|89/100\n|move|p1a: Rotom|Discharge|p2b: Gengar|[spread] p2a,p2b\n|-immune|p1b: Garchomp\n|-crit|p2b: Gengar\n|-damage|p2a: Incineroar|19/100 par\n|-damage|p2b: Gengar|53/100\n|move|p2b: Gengar|Disable|p1a: Rotom\n|-start|p1a: Rotom|Disable|Discharge\n|cant|p1b: Garchomp|flinch\n|\n|-weather|RainDance|[upkeep]\n|-start|p1a: Rotom|perish1\n|-start|p1b: Garchomp|perish1\n|upkeep\n|turn|4\n|\n|t:|1775966566\n|switch|p2a: Sinistcha|Sinistcha, L50|100/100\n|-heal|p2b: Gengar|78/100|[from] ability: Hospitality|[of] p2a: Sinistcha\n|move|p2b: Gengar|Protect|p2b: Gengar\n|-singleturn|p2b: Gengar|Protect\n|-activate|p1a: Rotom|move: Struggle\n|move|p1a: Rotom|Struggle|p2a: Sinistcha\n|-damage|p2a: Sinistcha|96/100\n|-damage|p1a: Rotom|75/100|[from] recoil\n|move|p1b: Garchomp|Earthquake|p2b: Gengar|[spread] p2a\n|-activate|p2b: Gengar|move: Protect\n|-immune|p1a: Rotom|[from] ability: Levitate\n|-resisted|p2a: Sinistcha|1\n|-damage|p2a: Sinistcha|80/100\n|\n|-weather|RainDance|[upkeep]\n|-heal|p2a: Sinistcha|86/100|[from] item: Leftovers\n|-start|p1a: Rotom|perish0\n|-start|p1b: Garchomp|perish0\n|faint|p1a: Rotom\n|faint|p1b: Garchomp\n|upkeep\n|\n|t:|1775966583\n|switch|p1b: Tyranitar|Tyranitar, L50, F, shiny|100/100\n|switch|p1a: Sinistcha|Sinistcha, L50|100/100\n|-weather|Sandstorm|[from] ability: Sand Stream|[of] p1b: Tyranitar\n|turn|5\n|\n|t:|1775966599\n|switch|p2b: Incineroar|Incineroar, L50, F|19/100 par\n|-ability|p2b: Incineroar|Intimidate|boost\n|-unboost|p1a: Sinistcha|atk|1\n|-unboost|p1b: Tyranitar|atk|1\n|move|p1a: Sinistcha|Protect|p1a: Sinistcha\n|-singleturn|p1a: Sinistcha|Protect\n|move|p2a: Sinistcha|Strength Sap|p1b: Tyranitar\n|-unboost|p1b: Tyranitar|atk|1\n|-heal|p2a: Sinistcha|100/100\n|move|p1b: Tyranitar|Knock Off|p2b: Incineroar\n|-resisted|p2b: Incineroar|1\n|-damage|p2b: Incineroar|13/100 par\n|\n|-weather|Sandstorm|[upkeep]\n|-damage|p1a: Sinistcha|94/100|[from] Sandstorm\n|-damage|p2a: Sinistcha|94/100|[from] Sandstorm\n|-damage|p2b: Incineroar|7/100 par|[from] Sandstorm\n|-heal|p2a: Sinistcha|100/100|[from] item: Leftovers\n|upkeep\n|turn|6\n|\n|t:|1775966622\n|move|p2a: Sinistcha|Rage Powder|p2a: Sinistcha\n|-singleturn|p2a: Sinistcha|move: Rage Powder\n|move|p1a: Sinistcha|Matcha Gotcha|p2b: Incineroar|[spread] p2a\n|-miss|p1a: Sinistcha|p2b: Incineroar\n|-resisted|p2a: Sinistcha|1\n|-damage|p2a: Sinistcha|89/100\n|-heal|p1a: Sinistcha|99/100|[from] drain|[of] p2a: Sinistcha\n|move|p1b: Tyranitar|Rock Slide|p2a: Sinistcha|[spread] p2a,p2b\n|-supereffective|p2b: Incineroar|1\n|-damage|p2a: Sinistcha|74/100\n|-damage|p2b: Incineroar|0 fnt\n|faint|p2b: Incineroar\n|\n|-weather|Sandstorm|[upkeep]\n|-damage|p1a: Sinistcha|94/100|[from] Sandstorm\n|-damage|p2a: Sinistcha|67/100|[from] Sandstorm\n|-heal|p2a: Sinistcha|74/100|[from] item: Leftovers\n|upkeep\n|\n|t:|1775966632\n|switch|p2b: Gengar|Gengar-Mega, L50, F, shiny|78/100\n|turn|7\n|\n|t:|1775966649\n|move|p2b: Gengar|Disable|p1a: Sinistcha\n|-start|p1a: Sinistcha|Disable|Matcha Gotcha\n|cant|p1a: Sinistcha|Disable|Matcha Gotcha\n|move|p2a: Sinistcha|Matcha Gotcha|p1b: Tyranitar|[spread] p1a,p1b\n|-resisted|p1a: Sinistcha|1\n|-supereffective|p1b: Tyranitar|1\n|-damage|p1a: Sinistcha|81/100\n|-heal|p2a: Sinistcha|80/100|[from] drain|[of] p1a: Sinistcha\n|-damage|p1b: Tyranitar|72/100\n|-heal|p2a: Sinistcha|99/100|[from] drain|[of] p1b: Tyranitar\n|move|p1b: Tyranitar|Knock Off|p2b: Gengar\n|-supereffective|p2b: Gengar|1\n|-damage|p2b: Gengar|38/100\n|\n|-weather|Sandstorm|[upkeep]\n|-damage|p2b: Gengar|32/100|[from] Sandstorm\n|-damage|p1a: Sinistcha|75/100|[from] Sandstorm\n|-damage|p2a: Sinistcha|93/100|[from] Sandstorm\n|-heal|p2a: Sinistcha|99/100|[from] item: Leftovers\n|upkeep\n|turn|8\n|\n|t:|1775966671\n|move|p2a: Sinistcha|Rage Powder|p2a: Sinistcha\n|-singleturn|p2a: Sinistcha|move: Rage Powder\n|move|p2b: Gengar|Disable|p1b: Tyranitar\n|-start|p1b: Tyranitar|Disable|Knock Off\n|move|p1a: Sinistcha|Life Dew|p1a: Sinistcha|[spread] p1a,p1b\n|-heal|p1a: Sinistcha|100/100\n|-heal|p1b: Tyranitar|97/100\n|cant|p1b: Tyranitar|Disable|Knock Off\n|\n|-weather|Sandstorm|[upkeep]\n|-damage|p2b: Gengar|26/100|[from] Sandstorm\n|-damage|p1a: Sinistcha|94/100|[from] Sandstorm\n|-damage|p2a: Sinistcha|93/100|[from] Sandstorm\n|-heal|p2a: Sinistcha|99/100|[from] item: Leftovers\n|upkeep\n|turn|9\n|\n|t:|1775966692\n|move|p1a: Sinistcha|Protect|p1a: Sinistcha\n|-singleturn|p1a: Sinistcha|Protect\n|move|p2b: Gengar|Sludge Bomb|p1b: Tyranitar\n|-resisted|p1b: Tyranitar|1\n|-damage|p1b: Tyranitar|83/100\n|move|p2a: Sinistcha|Matcha Gotcha|p1b: Tyranitar|[spread] \n|-activate|p1a: Sinistcha|move: Protect\n|-miss|p2a: Sinistcha|p1b: Tyranitar\n|move|p1b: Tyranitar|Rock Slide|p2b: Gengar|[spread] p2a,p2b\n|-damage|p2a: Sinistcha|85/100\n|-damage|p2b: Gengar|6/100\n|\n|-weather|none\n|-heal|p2a: Sinistcha|92/100|[from] item: Leftovers\n|upkeep\n|turn|10\n|\n|t:|1775966719\n|move|p2b: Gengar|Protect|p2b: Gengar\n|-singleturn|p2b: Gengar|Protect\n|move|p1a: Sinistcha|Rage Powder|p1a: Sinistcha\n|-singleturn|p1a: Sinistcha|move: Rage Powder\n|move|p2a: Sinistcha|Strength Sap|p1b: Tyranitar\n|-unboost|p1b: Tyranitar|atk|1\n|-heal|p2a: Sinistcha|100/100\n|move|p1b: Tyranitar|Rock Slide|p2a: Sinistcha|[spread] p2a\n|-activate|p2b: Gengar|move: Protect\n|-damage|p2a: Sinistcha|90/100\n|\n|-heal|p2a: Sinistcha|97/100|[from] item: Leftovers\n|-end|p1a: Sinistcha|Disable\n|upkeep\n|turn|11\n|\n|t:|1775966740\n|move|p2b: Gengar|Shadow Ball|p1a: Sinistcha\n|-supereffective|p1a: Sinistcha|1\n|-damage|p1a: Sinistcha|0 fnt\n|faint|p1a: Sinistcha\n|move|p2a: Sinistcha|Matcha Gotcha|p1b: Tyranitar\n|-supereffective|p1b: Tyranitar|1\n|-damage|p1b: Tyranitar|25/100\n|-heal|p2a: Sinistcha|100/100|[from] drain|[of] p1b: Tyranitar\n|move|p1b: Tyranitar|Rock Slide|p2a: Sinistcha|[spread] p2a,p2b\n|-damage|p2a: Sinistcha|90/100\n|-damage|p2b: Gengar|0 fnt\n|faint|p2b: Gengar\n|\n|-heal|p2a: Sinistcha|97/100|[from] item: Leftovers\n|-end|p1b: Tyranitar|Disable\n|upkeep\n|turn|12\n|\n|t:|1775966760\n|move|p2a: Sinistcha|Matcha Gotcha|p1b: Tyranitar\n|-supereffective|p1b: Tyranitar|1\n|-damage|p1b: Tyranitar|0 fnt\n|-heal|p2a: Sinistcha|100/100|[from] drain|[of] p1b: Tyranitar\n|faint|p1b: Tyranitar\n|\n|win|Fabtax\n|raw|biggarf456's rating: 1030 &rarr; <strong>1017</strong><br />(-13 for losing)\n|raw|Fabtax's rating: 1063 &rarr; <strong>1091</strong><br />(+28 for winning)\n|l|\u2606biggarf456\n|player|p1|\n",
  "uploadtime": 1775966767,
  "views": 14,
  "formatid": "gen9championsvgc2026regma",
  "rating": 1017,
  "private": 0,
  "password": null
}