{
  "id": "gen9championsvgc2026regma-2581292158",
  "format": "[Gen 9 Champions] VGC 2026 Reg M-A",
  "players": [
    "cataclyst03",
    "kingler86"
  ],
  "log": "|j|\u2606cataclyst03\n|j|\u2606kingler86\n|t:|1775982296\n|gametype|doubles\n|player|p1|cataclyst03|hilbert|1254\n|player|p2|kingler86|169|1263\n|gen|9\n|tier|[Gen 9 Champions] VGC 2026 Reg M-A\n|rated|\n|rule|Species Clause: Limit one of each Pok\u00e9mon\n|rule|Item Clause: Limit 1 of each item\n|clearpoke\n|poke|p1|Basculegion-F, L50, F|\n|poke|p1|Pelipper, L50, F|\n|poke|p1|Sneasler, L50, M|\n|poke|p1|Incineroar, L50, F|\n|poke|p1|Dragonite, L50, F|\n|poke|p1|Archaludon, L50, M|\n|poke|p2|Charizard, L50, M|\n|poke|p2|Whimsicott, L50, M|\n|poke|p2|Garchomp, L50, M|\n|poke|p2|Farigiraf, L50, M|\n|poke|p2|Sneasler, L50, F|\n|poke|p2|Incineroar, L50, F|\n|teampreview|4\n|inactive|Battle timer is ON: inactive players will automatically lose when time's up. (requested by cataclyst03)\n|inactive|cataclyst03 has 60 seconds left.\n|j| gE1xjZRtuhW2DdT0AK\n|\n|t:|1775982330\n|teamsize|p1|4\n|teamsize|p2|4\n|start\n|switch|p1a: Sneasler|Sneasler, L50, M|100/100\n|switch|p1b: Basculegion|Basculegion-F, L50, F|100/100\n|switch|p2a: Farigiraf|Farigiraf, L50, M, shiny|100/100\n|switch|p2b: Incineroar|Incineroar, L50, F, shiny|100/100\n|-ability|p2b: Incineroar|Intimidate|boost\n|-unboost|p1a: Sneasler|atk|1\n|-unboost|p1b: Basculegion|atk|1\n|-enditem|p1a: Sneasler|White Herb\n|-clearnegativeboost|p1a: Sneasler|[silent]\n|turn|1\n|\n|t:|1775982352\n|switch|p1a: Pelipper|Pelipper, L50, F|100/100\n|-weather|RainDance|[from] ability: Drizzle|[of] p1a: Pelipper\n|move|p2b: Incineroar|Fake Out|p1a: Pelipper\n|-damage|p1a: Pelipper|86/100\n|move|p1b: Basculegion|Muddy Water|p2a: Farigiraf|[spread] p2a,p2b\n|-supereffective|p2b: Incineroar|1\n|-damage|p2a: Farigiraf|40/100\n|-damage|p2b: Incineroar|13/100\n|-unboost|p2a: Farigiraf|accuracy|1\n|-enditem|p2b: Incineroar|Sitrus Berry|[eat]\n|-heal|p2b: Incineroar|37/100|[from] item: Sitrus Berry\n|move|p2a: Farigiraf|Trick Room|p2a: Farigiraf\n|-fieldstart|move: Trick Room|[of] p2a: Farigiraf\n|\n|-weather|RainDance|[upkeep]\n|-heal|p2a: Farigiraf|46/100|[from] item: Leftovers\n|upkeep\n|turn|2\n|inactive|cataclyst03 has 30 seconds left.\n|inactive|kingler86 has 30 seconds left.\n|\n|t:|1775982386\n|move|p1b: Basculegion|Protect|p1b: Basculegion\n|-singleturn|p1b: Basculegion|Protect\n|move|p2a: Farigiraf|Psychic Noise|p1b: Basculegion\n|-activate|p1b: Basculegion|move: Protect\n|move|p2b: Incineroar|Snarl|p1a: Pelipper|[spread] p1a\n|-activate|p1b: Basculegion|move: Protect\n|-crit|p1a: Pelipper\n|-damage|p1a: Pelipper|59/100\n|-unboost|p1a: Pelipper|spa|1\n|move|p1a: Pelipper|Weather Ball|p2b: Incineroar\n|-supereffective|p2b: Incineroar|1\n|-damage|p2b: Incineroar|0 fnt\n|faint|p2b: Incineroar\n|\n|-weather|RainDance|[upkeep]\n|-heal|p2a: Farigiraf|52/100|[from] item: Leftovers\n|upkeep\n|\n|t:|1775982403\n|switch|p2b: Charizard|Charizard, L50, M, shiny|100/100\n|turn|3\n|inactive|cataclyst03 has 30 seconds left.\n|\n|t:|1775982433\n|switch|p1a: Archaludon|Archaludon, L50, M|100/100\n|detailschange|p2b: Charizard|Charizard-Mega-Y, L50, M, shiny\n|-mega|p2b: Charizard|Charizard|Charizardite Y\n|-weather|SunnyDay|[from] ability: Drought|[of] p2b: Charizard\n|move|p2b: Charizard|Protect|p2b: Charizard\n|-singleturn|p2b: Charizard|Protect\n|move|p2a: Farigiraf|Psychic Noise|p1b: Basculegion\n|-damage|p1b: Basculegion|68/100\n|-start|p1b: Basculegion|move: Heal Block\n|move|p1b: Basculegion|Flip Turn|p2a: Farigiraf\n|-damage|p2a: Farigiraf|46/100\n|\n|t:|1775982450\n|switch|p1b: Pelipper|Pelipper, L50, F|59/100|[from] Flip Turn\n|-weather|RainDance|[from] ability: Drizzle|[of] p1b: Pelipper\n|\n|-weather|RainDance|[upkeep]\n|-heal|p2a: Farigiraf|52/100|[from] item: Leftovers\n|upkeep\n|turn|4\n|\n|t:|1775982468\n|switch|p2b: Sneasler|Sneasler, L50, F, shiny|100/100\n|move|p2a: Farigiraf|Psychic Noise|p1b: Pelipper|[miss]\n|-miss|p2a: Farigiraf|p1b: Pelipper\n|move|p1b: Pelipper|Weather Ball|p2a: Farigiraf\n|-damage|p2a: Farigiraf|0 fnt\n|faint|p2a: Farigiraf\n|move|p1a: Archaludon|Electro Shot||[still]\n|-prepare|p1a: Archaludon|Electro Shot\n|-boost|p1a: Archaludon|spa|1\n|-anim|p1a: Archaludon|Electro Shot|p2b: Sneasler\n|-damage|p2b: Sneasler|12/100\n|\n|-weather|RainDance|[upkeep]\n|upkeep\n|\n|t:|1775982484\n|switch|p2a: Charizard|Charizard-Mega-Y, L50, M, shiny|100/100\n|-weather|SunnyDay|[from] ability: Drought|[of] p2a: Charizard\n|turn|5\n|\n|t:|1775982505\n|switch|p1b: Sneasler|Sneasler, L50, M|100/100\n|move|p2b: Sneasler|Fake Out|p1b: Sneasler\n|-damage|p1b: Sneasler|76/100\n|-immune|p1b: Sneasler\n|move|p2a: Charizard|Heat Wave|p1b: Sneasler|[spread] p1a,p1b\n|-damage|p1a: Archaludon|14/100\n|-damage|p1b: Sneasler|0 fnt\n|-ability|p1a: Archaludon|Stamina|boost\n|-boost|p1a: Archaludon|def|1\n|faint|p1b: Sneasler\n|move|p1a: Archaludon|Dragon Pulse|p2b: Sneasler\n|-damage|p2b: Sneasler|0 fnt\n|faint|p2b: Sneasler\n|\n|-weather|SunnyDay|[upkeep]\n|-heal|p1a: Archaludon|20/100|[from] item: Leftovers\n|-fieldend|move: Trick Room\n|upkeep\n|\n|t:|1775982517\n|switch|p1b: Pelipper|Pelipper, L50, F|59/100\n|-weather|RainDance|[from] ability: Drizzle|[of] p1b: Pelipper\n|turn|6\n|-message|kingler86 forfeited.\n|\n|win|cataclyst03\n|raw|cataclyst03's rating: 1254 &rarr; <strong>1280</strong><br />(+26 for winning)\n|raw|kingler86's rating: 1263 &rarr; <strong>1237</strong><br />(-26 for losing)\n|l|\u2606kingler86\n|player|p2|\n|l|\u2606cataclyst03\n|player|p1|\n",
  "uploadtime": 1775982535,
  "views": 41,
  "formatid": "gen9championsvgc2026regma",
  "rating": 1237,
  "private": 0,
  "password": null
}