{
  "id": "gen9championsvgc2026regma-2580568903",
  "format": "[Gen 9 Champions] VGC 2026 Reg M-A",
  "players": [
    "bagazkarap",
    "Fevernova"
  ],
  "log": "|j|\u203dbagazkarap\n|j|\u2606Fevernova\n|t:|1775913823\n|gametype|doubles\n|player|p1|bagazkarap|1|1054\n|player|p2|Fevernova|1|1031\n|gen|9\n|tier|[Gen 9 Champions] VGC 2026 Reg M-A\n|rated|\n|rule|Species Clause: Limit one of each Pok\u00e9mon\n|rule|Item Clause: Limit 1 of each item\n|clearpoke\n|poke|p1|Blastoise, L50, M|\n|poke|p1|Aurorus, L50, M|\n|poke|p1|Rotom-Mow, L50|\n|poke|p1|Talonflame, L50, M|\n|poke|p1|Orthworm, L50, F|\n|poke|p1|Garchomp, L50, F|\n|poke|p2|Azumarill, L50, M|\n|poke|p2|Dragonite, L50, M|\n|poke|p2|Zoroark-Hisui, L50, M|\n|poke|p2|Charizard, L50, F|\n|poke|p2|Pelipper, L50, F|\n|poke|p2|Arcanine, L50, F|\n|teampreview|4\n|inactive|Battle timer is ON: inactive players will automatically lose when time's up. (requested by Fevernova)\n|inactive|Fevernova has 60 seconds left.\n|\n|t:|1775913867\n|teamsize|p1|4\n|teamsize|p2|4\n|start\n|switch|p1a: Orthworm|Orthworm, L50, F|100/100\n|switch|p1b: Rotom|Rotom-Mow, L50|100/100\n|switch|p2a: Charizard|Charizard, L50, F|100/100\n|switch|p2b: Pelipper|Pelipper, L50, F|100/100\n|turn|1\n|\n|t:|1775913883\n|detailschange|p2a: Charizard|Charizard-Mega-Y, L50, F\n|-mega|p2a: Charizard|Charizard|Charizardite Y\n|-weather|SunnyDay|[from] ability: Drought|[of] p2a: Charizard\n|move|p1b: Rotom|Thunderbolt|p2a: Charizard\n|-supereffective|p2a: Charizard|1\n|-damage|p2a: Charizard|18/100\n|move|p2a: Charizard|Heat Wave|p1b: Rotom|[spread] p1b\n|-miss|p2a: Charizard|p1a: Orthworm\n|-supereffective|p1b: Rotom|1\n|-damage|p1b: Rotom|0 fnt\n|faint|p1b: Rotom\n|move|p2b: Pelipper|Hyper Voice|p1a: Orthworm\n|-resisted|p1a: Orthworm|1\n|-damage|p1a: Orthworm|73/100\n|move|p1a: Orthworm|Shed Tail|p1a: Orthworm\n|-start|p1a: Orthworm|Substitute|[from] move: Shed Tail\n|-damage|p1a: Orthworm|23/100\n|-enditem|p1a: Orthworm|Sitrus Berry|[eat]\n|-heal|p1a: Orthworm|48/100|[from] item: Sitrus Berry\n|\n|t:|1775913899\n|switch|p1a: Blastoise|Blastoise, L50, M|100/100|[from] Shed Tail\n|\n|-weather|SunnyDay|[upkeep]\n|upkeep\n|\n|t:|1775913904\n|switch|p1b: Talonflame|Talonflame, L50, M|100/100\n|turn|2\n|\n|t:|1775913917\n|switch|p2a: Arcanine|Arcanine, L50, F|100/100\n|-ability|p2a: Arcanine|Intimidate|boost\n|-immune|p1a: Blastoise\n|-unboost|p1b: Talonflame|atk|1\n|detailschange|p1a: Blastoise|Blastoise-Mega, L50, M\n|-mega|p1a: Blastoise|Blastoise|Blastoisinite\n|move|p1b: Talonflame|Tailwind|p1b: Talonflame\n|-sidestart|p1: bagazkarap|move: Tailwind\n|move|p1a: Blastoise|Shell Smash|p1a: Blastoise\n|-unboost|p1a: Blastoise|def|1\n|-unboost|p1a: Blastoise|spd|1\n|-boost|p1a: Blastoise|atk|2\n|-boost|p1a: Blastoise|spa|2\n|-boost|p1a: Blastoise|spe|2\n|move|p2b: Pelipper|Hyper Voice|p1b: Talonflame|[spread] p1a,p1b\n|-damage|p1a: Blastoise|42/100\n|-damage|p1b: Talonflame|39/100\n|\n|-weather|SunnyDay|[upkeep]\n|upkeep\n|turn|3\n|inactive|bagazkarap has 30 seconds left.\n|\n|t:|1775913949\n|move|p2a: Arcanine|Extreme Speed|p1b: Talonflame\n|-damage|p1b: Talonflame|0 fnt\n|faint|p1b: Talonflame\n|move|p1a: Blastoise|Dark Pulse|p2b: Pelipper\n|-supereffective|p2b: Pelipper|1\n|-damage|p2b: Pelipper|0 fnt\n|replace|p2b: Zoroark|Zoroark-Hisui, L50, M, shiny\n|-end|p2b: Zoroark|Illusion\n|faint|p2b: Zoroark\n|\n|-weather|SunnyDay|[upkeep]\n|upkeep\n|\n|t:|1775913962\n|switch|p1b: Orthworm|Orthworm, L50, F|48/100\n|switch|p2b: Charizard|Charizard-Mega-Y, L50, F|18/100\n|turn|4\n|\n|t:|1775913983\n|move|p1a: Blastoise|Water Pulse|p2b: Charizard\n|-supereffective|p2b: Charizard|1\n|-damage|p2b: Charizard|0 fnt\n|faint|p2b: Charizard\n|move|p1b: Orthworm|Iron Defense|p1b: Orthworm\n|-boost|p1b: Orthworm|def|2\n|move|p2a: Arcanine|Close Combat|p1a: Blastoise\n|-end|p1a: Blastoise|Substitute\n|-unboost|p2a: Arcanine|def|1\n|-unboost|p2a: Arcanine|spd|1\n|\n|-weather|SunnyDay|[upkeep]\n|upkeep\n|\n|t:|1775913988\n|switch|p2b: Pelipper|Pelipper, L50, F|100/100\n|-weather|RainDance|[from] ability: Drizzle|[of] p2b: Pelipper\n|turn|5\n|\n|t:|1775914006\n|move|p2a: Arcanine|Extreme Speed|p1a: Blastoise\n|-damage|p1a: Blastoise|2/100\n|move|p1a: Blastoise|Water Pulse|p2b: Pelipper\n|-resisted|p2b: Pelipper|1\n|-damage|p2b: Pelipper|0 fnt\n|faint|p2b: Pelipper\n|move|p1b: Orthworm|Body Press|p2a: Arcanine\n|-damage|p2a: Arcanine|3/100\n|\n|-weather|RainDance|[upkeep]\n|-sideend|p1: bagazkarap|move: Tailwind\n|upkeep\n|turn|6\n|\n|t:|1775914020\n|move|p1a: Blastoise|Water Pulse|p2a: Arcanine\n|-supereffective|p2a: Arcanine|1\n|-damage|p2a: Arcanine|0 fnt\n|faint|p2a: Arcanine\n|\n|win|bagazkarap\n|raw|bagazkarap's rating: 1054 &rarr; <strong>1084</strong><br />(+30 for winning)\n|raw|Fevernova's rating: 1031 &rarr; <strong>1017</strong><br />(-14 for losing)\n|l|\u2606Fevernova\n|player|p2|\n",
  "uploadtime": 1775914024,
  "views": 78,
  "formatid": "gen9championsvgc2026regma",
  "rating": 1017,
  "private": 0,
  "password": null
}