{
  "id": "gen9championsvgc2026regma-2586906585",
  "format": "[Gen 9 Champions] VGC 2026 Reg M-A",
  "players": [
    "Alfonzos3",
    "2sweep4u"
  ],
  "log": "|j|\u2606Alfonzos3\n|j|\u26062sweep4u\n|t:|1776470565\n|gametype|doubles\n|player|p1|Alfonzos3|101|1083\n|player|p2|2sweep4u|unknownf|1105\n|gen|9\n|tier|[Gen 9 Champions] VGC 2026 Reg M-A\n|rated|\n|rule|Species Clause: Limit one of each Pok\u00e9mon\n|rule|Item Clause: Limit 1 of each item\n|clearpoke\n|poke|p1|Vivillon, L50, M|\n|poke|p1|Farigiraf, L50, F|\n|poke|p1|Gardevoir, L50, F|\n|poke|p1|Basculegion, L50, M|\n|poke|p1|Delphox, L50, F|\n|poke|p1|Whimsicott, L50, M|\n|poke|p2|Charizard, L50, F|\n|poke|p2|Incineroar, L50, M|\n|poke|p2|Whimsicott, L50, F|\n|poke|p2|Farigiraf, L50, F|\n|poke|p2|Sinistcha-Masterpiece, L50|\n|poke|p2|Dragapult, L50, M|\n|teampreview|4\n|inactive|Battle timer is ON: inactive players will automatically lose when time's up. (requested by Alfonzos3)\n|inactive|2sweep4u has 60 seconds left.\n|\n|t:|1776470629\n|teamsize|p1|4\n|teamsize|p2|4\n|start\n|switch|p1a: Vivillon|Vivillon, L50, M|100/100\n|switch|p1b: Farigiraf|Farigiraf, L50, F|100/100\n|switch|p2a: Incineroar|Incineroar, L50, M|100/100\n|switch|p2b: Charizard|Charizard, L50, F|100/100\n|-ability|p2a: Incineroar|Intimidate|boost\n|-unboost|p1a: Vivillon|atk|1\n|-unboost|p1b: Farigiraf|atk|1\n|turn|1\n|\n|t:|1776470651\n|detailschange|p2b: Charizard|Charizard-Mega-Y, L50, F\n|-mega|p2b: Charizard|Charizard|Charizardite Y\n|-weather|SunnyDay|[from] ability: Drought|[of] p2b: Charizard\n|move|p2b: Charizard|Heat Wave|p1b: Farigiraf|[spread] p1a\n|-miss|p2b: Charizard|p1b: Farigiraf\n|-supereffective|p1a: Vivillon|1\n|-enditem|p1a: Vivillon|Focus Sash\n|-damage|p1a: Vivillon|1/100\n|move|p1a: Vivillon|Sleep Powder|p2b: Charizard\n|-status|p2b: Charizard|slp|[from] move: Sleep Powder\n|move|p1b: Farigiraf|Nasty Plot|p1b: Farigiraf\n|-boost|p1b: Farigiraf|spa|2\n|move|p2a: Incineroar|Throat Chop|p1b: Farigiraf\n|-supereffective|p1b: Farigiraf|1\n|-damage|p1b: Farigiraf|30/100\n|-start|p1b: Farigiraf|Throat Chop|[silent]\n|\n|-weather|SunnyDay|[upkeep]\n|upkeep\n|turn|2\n|inactive|Alfonzos3 has 30 seconds left.\n|inactive|2sweep4u has 30 seconds left.\n|inactive|Alfonzos3 has 20 seconds left.\n|inactive|2sweep4u has 20 seconds left.\n|inactive|Alfonzos3 has 15 seconds left.\n|inactive|2sweep4u has 15 seconds left.\n|inactive|2sweep4u has 10 seconds left.\n|\n|t:|1776470697\n|switch|p2a: Whimsicott|Whimsicott, L50, F|100/100\n|cant|p2b: Charizard|slp\n|move|p1a: Vivillon|Tailwind|p1a: Vivillon\n|-sidestart|p1: Alfonzos3|move: Tailwind\n|move|p1b: Farigiraf|Baton Pass|p1b: Farigiraf\n|\n|t:|1776470706\n|switch|p1b: Delphox|Delphox, L50, F|100/100|[from] Baton Pass\n|\n|-weather|SunnyDay|[upkeep]\n|-end|p1b: Delphox|Throat Chop|[silent]\n|upkeep\n|turn|3\n|inactive|Alfonzos3 has 30 seconds left.\n|\n|t:|1776470732\n|detailschange|p1b: Delphox|Delphox-Mega, L50, F\n|-mega|p1b: Delphox|Delphox|Delphoxite\n|move|p2a: Whimsicott|Tailwind|p2a: Whimsicott\n|-sidestart|p2: 2sweep4u|move: Tailwind\n|move|p1b: Delphox|Heat Wave|p2b: Charizard|[spread] p2a,p2b\n|-supereffective|p2a: Whimsicott|1\n|-resisted|p2b: Charizard|1\n|-enditem|p2a: Whimsicott|Focus Sash\n|-damage|p2a: Whimsicott|1/100\n|-damage|p2b: Charizard|31/100 slp\n|-status|p2a: Whimsicott|brn\n|-curestatus|p2b: Charizard|slp|[msg]\n|move|p2b: Charizard|Weather Ball|p1b: Delphox\n|-resisted|p1b: Delphox|1\n|-damage|p1b: Delphox|58/100\n|move|p1a: Vivillon|Hurricane|p2a: Whimsicott\n|-supereffective|p2a: Whimsicott|1\n|-damage|p2a: Whimsicott|0 fnt\n|faint|p2a: Whimsicott\n|\n|-weather|SunnyDay|[upkeep]\n|upkeep\n|\n|t:|1776470748\n|switch|p2a: Incineroar|Incineroar, L50, M|100/100\n|-ability|p2a: Incineroar|Intimidate|boost\n|-unboost|p1a: Vivillon|atk|1\n|-unboost|p1b: Delphox|atk|1\n|turn|4\n|inactive|Alfonzos3 has 30 seconds left.\n|inactive|Alfonzos3 has 20 seconds left.\n|\n|t:|1776470786\n|switch|p1a: Farigiraf|Farigiraf, L50, F|30/100\n|move|p2a: Incineroar|Fake Out||[still]\n|cant|p1a: Farigiraf|ability: Armor Tail|Fake Out|[of] p2a: Incineroar\n|move|p1b: Delphox|Dazzling Gleam|p2b: Charizard|[spread] p2a,p2b\n|-resisted|p2b: Charizard|1\n|-damage|p2a: Incineroar|61/100\n|-damage|p2b: Charizard|9/100\n|move|p2b: Charizard|Heat Wave|p1b: Delphox|[spread] p1a,p1b\n|-resisted|p1b: Delphox|1\n|-damage|p1a: Farigiraf|0 fnt\n|-damage|p1b: Delphox|26/100\n|faint|p1a: Farigiraf\n|\n|-weather|SunnyDay|[upkeep]\n|upkeep\n|\n|t:|1776470801\n|switch|p1a: Basculegion|Basculegion, L50, M|100/100\n|turn|5\n|\n|t:|1776470819\n|switch|p2a: Sinistcha|Sinistcha-Masterpiece, L50, shiny|100/100\n|-heal|p2b: Charizard|34/100|[from] ability: Hospitality|[of] p2a: Sinistcha\n|move|p2b: Charizard|Protect|p2b: Charizard\n|-singleturn|p2b: Charizard|Protect\n|move|p1a: Basculegion|Wave Crash|p2a: Sinistcha\n|-resisted|p2a: Sinistcha|1\n|-damage|p2a: Sinistcha|85/100\n|-damage|p1a: Basculegion|96/100|[from] Recoil\n|move|p1b: Delphox|Dazzling Gleam|p2a: Sinistcha|[spread] p2a\n|-activate|p2b: Charizard|move: Protect\n|-damage|p2a: Sinistcha|41/100\n|\n|-weather|none\n|-heal|p2a: Sinistcha|47/100|[from] item: Leftovers\n|-sideend|p1: Alfonzos3|move: Tailwind\n|upkeep\n|turn|6\n|inactive|2sweep4u has 30 seconds left.\n|inactive|2sweep4u has 20 seconds left.\n|inactive|2sweep4u has 15 seconds left.\n|inactive|2sweep4u has 10 seconds left.\n|\n|t:|1776470867\n|move|p1b: Delphox|Protect|p1b: Delphox\n|-singleturn|p1b: Delphox|Protect\n|move|p2b: Charizard|Heat Wave|p1b: Delphox|[spread] p1a\n|-activate|p1b: Delphox|move: Protect\n|-resisted|p1a: Basculegion|1\n|-damage|p1a: Basculegion|70/100\n|move|p1a: Basculegion|Wave Crash|p2b: Charizard\n|-supereffective|p2b: Charizard|1\n|-damage|p2b: Charizard|0 fnt\n|faint|p2b: Charizard\n|-damage|p1a: Basculegion|61/100|[from] Recoil\n|move|p2a: Sinistcha|Matcha Gotcha|p1b: Delphox|[spread] p1a\n|-activate|p1b: Delphox|move: Protect\n|-supereffective|p1a: Basculegion|1\n|-damage|p1a: Basculegion|5/100\n|-heal|p2a: Sinistcha|78/100|[from] drain|[of] p1a: Basculegion\n|\n|-heal|p2a: Sinistcha|84/100|[from] item: Leftovers\n|-sideend|p2: 2sweep4u|move: Tailwind\n|upkeep\n|\n|t:|1776470882\n|switch|p2b: Incineroar|Incineroar, L50, M|61/100\n|-ability|p2b: Incineroar|Intimidate|boost\n|-unboost|p1a: Basculegion|atk|1\n|-unboost|p1b: Delphox|atk|1\n|turn|7\n|inactive|Alfonzos3 has 30 seconds left.\n|inactive|Alfonzos3 has 20 seconds left.\n|\n|t:|1776470919\n|move|p1b: Delphox|Protect||[still]\n|-fail|p1b: Delphox\n|move|p2b: Incineroar|Fake Out|p1b: Delphox\n|-damage|p1b: Delphox|9/100\n|move|p1a: Basculegion|Wave Crash|p2b: Incineroar\n|-supereffective|p2b: Incineroar|1\n|-damage|p2b: Incineroar|0 fnt\n|faint|p2b: Incineroar\n|-damage|p1a: Basculegion|0 fnt|[from] Recoil\n|faint|p1a: Basculegion\n|move|p2a: Sinistcha|Matcha Gotcha|p1b: Delphox\n|-resisted|p1b: Delphox|1\n|-damage|p1b: Delphox|0 fnt\n|-heal|p2a: Sinistcha|88/100|[from] drain|[of] p1b: Delphox\n|faint|p1b: Delphox\n|\n|-heal|p2a: Sinistcha|94/100|[from] item: Leftovers\n|upkeep\n|\n|t:|1776470943\n|switch|p1b: Vivillon|Vivillon, L50, M|1/100\n|turn|8\n|\n|t:|1776470952\n|move|p1b: Vivillon|Hurricane|p2a: Sinistcha|[miss]\n|-miss|p1b: Vivillon|p2a: Sinistcha\n|move|p2a: Sinistcha|Matcha Gotcha|p1b: Vivillon\n|-resisted|p1b: Vivillon|2\n|-damage|p1b: Vivillon|0 fnt\n|-heal|p2a: Sinistcha|95/100|[from] drain|[of] p1b: Vivillon\n|faint|p1b: Vivillon\n|\n|win|2sweep4u\n|raw|Alfonzos3's rating: 1083 &rarr; <strong>1062</strong><br />(-21 for losing)\n|raw|2sweep4u's rating: 1105 &rarr; <strong>1128</strong><br />(+23 for winning)\n",
  "uploadtime": 1776470952,
  "views": 19,
  "formatid": "gen9championsvgc2026regma",
  "rating": 1062,
  "private": 0,
  "password": null
}