{
  "id": "gen9championsvgc2026regma-2588376503",
  "format": "[Gen 9 Champions] VGC 2026 Reg M-A",
  "players": [
    "Dr Gaster PHD",
    "Antpyx"
  ],
  "log": "|j|\u2606Dr Gaster PHD\n|j|\u2606Antpyx\n|t:|1776628380\n|gametype|doubles\n|player|p1|Dr Gaster PHD|ghetsis|1269\n|player|p2|Antpyx|ninjaboy|1242\n|gen|9\n|tier|[Gen 9 Champions] VGC 2026 Reg M-A\n|rated|\n|rule|Species Clause: Limit one of each Pok\u00e9mon\n|rule|Item Clause: Limit 1 of each item\n|clearpoke\n|poke|p1|Pelipper, L50, F|\n|poke|p1|Basculegion, L50, M, shiny|\n|poke|p1|Archaludon, L50, F, shiny|\n|poke|p1|Sinistcha-Masterpiece, L50|\n|poke|p1|Meganium, L50, F|\n|poke|p1|Aggron, L50, M|\n|poke|p2|Gardevoir, L50, M|\n|poke|p2|Incineroar, L50, M|\n|poke|p2|Sinistcha, L50|\n|poke|p2|Rotom-Wash, L50|\n|poke|p2|Tyranitar, L50, F|\n|poke|p2|Excadrill, L50, F|\n|teampreview|4\n|inactive|Battle timer is ON: inactive players will automatically lose when time's up. (requested by Antpyx)\n|inactive|Dr Gaster PHD has 60 seconds left.\n|\n|t:|1776628416\n|teamsize|p1|4\n|teamsize|p2|4\n|start\n|switch|p1a: Purple Rain|Basculegion, L50, M, shiny|100/100\n|switch|p1b: Teacup Bossfight|Sinistcha-Masterpiece, L50|100/100\n|switch|p2a: Rotom|Rotom-Wash, L50|100/100\n|switch|p2b: Sinistcha|Sinistcha, L50|100/100\n|turn|1\n|\n|t:|1776628443\n|move|p1a: Purple Rain|Flip Turn|p2b: Sinistcha\n|-resisted|p2b: Sinistcha|1\n|-damage|p2b: Sinistcha|83/100\n|\n|t:|1776628447\n|switch|p1a: Bridget|Archaludon, L50, F, shiny|100/100|[from] Flip Turn\n|move|p2a: Rotom|Will-O-Wisp|p1a: Bridget\n|-status|p1a: Bridget|brn\n|move|p2b: Sinistcha|Trick Room|p2b: Sinistcha\n|-fieldstart|move: Trick Room|[of] p2b: Sinistcha\n|move|p1b: Teacup Bossfight|Trick Room|p1b: Teacup Bossfight\n|-fieldend|move: Trick Room\n|\n|-damage|p1a: Bridget|94/100 brn|[from] brn\n|upkeep\n|turn|2\n|inactive|Antpyx has 30 seconds left.\n|\n|t:|1776628477\n|switch|p2b: Tyranitar|Tyranitar, L50, F|100/100\n|-weather|Sandstorm|[from] ability: Sand Stream|[of] p2b: Tyranitar\n|move|p2a: Rotom|Thunderbolt|p1b: Teacup Bossfight\n|-resisted|p1b: Teacup Bossfight|1\n|-damage|p1b: Teacup Bossfight|86/100\n|move|p1a: Bridget|Electro Shot||[still]\n|-prepare|p1a: Bridget|Electro Shot\n|-boost|p1a: Bridget|spa|1\n|move|p1b: Teacup Bossfight|Trick Room|p1b: Teacup Bossfight\n|-fieldstart|move: Trick Room|[of] p1b: Teacup Bossfight\n|\n|-weather|Sandstorm|[upkeep]\n|-damage|p1b: Teacup Bossfight|80/100|[from] Sandstorm\n|-damage|p2a: Rotom|95/100|[from] Sandstorm\n|-heal|p1a: Bridget|100/100 brn|[from] item: Leftovers\n|-heal|p2a: Rotom|100/100|[from] item: Leftovers\n|-damage|p1a: Bridget|94/100 brn|[from] brn\n|upkeep\n|turn|3\n|\n|t:|1776628490\n|move|p2b: Tyranitar|Protect|p2b: Tyranitar\n|-singleturn|p2b: Tyranitar|Protect\n|move|p2a: Rotom|Protect|p2a: Rotom\n|-singleturn|p2a: Rotom|Protect\n|move|p1b: Teacup Bossfight|Matcha Gotcha|p2b: Tyranitar|[spread] \n|-activate|p2a: Rotom|move: Protect\n|-activate|p2b: Tyranitar|move: Protect\n|move|p1a: Bridget|Electro Shot|p2b: Tyranitar|[from] lockedmove\n|-activate|p2b: Tyranitar|move: Protect\n|\n|-weather|Sandstorm|[upkeep]\n|-damage|p1b: Teacup Bossfight|74/100|[from] Sandstorm\n|-damage|p2a: Rotom|95/100|[from] Sandstorm\n|-heal|p1a: Bridget|100/100 brn|[from] item: Leftovers\n|-heal|p2a: Rotom|100/100|[from] item: Leftovers\n|-damage|p1a: Bridget|94/100 brn|[from] brn\n|upkeep\n|turn|4\n|inactive|Antpyx has 30 seconds left.\n|\n|t:|1776628515\n|switch|p2a: Sinistcha|Sinistcha, L50|83/100\n|move|p1b: Teacup Bossfight|Matcha Gotcha|p2a: Sinistcha|[spread] p2a,p2b\n|-resisted|p2a: Sinistcha|1\n|-supereffective|p2b: Tyranitar|1\n|-damage|p2a: Sinistcha|73/100\n|-heal|p1b: Teacup Bossfight|79/100|[from] drain|[of] p2a: Sinistcha\n|-damage|p2b: Tyranitar|70/100\n|-heal|p1b: Teacup Bossfight|97/100|[from] drain|[of] p2b: Tyranitar\n|move|p2b: Tyranitar|Crunch|p1b: Teacup Bossfight\n|-supereffective|p1b: Teacup Bossfight|1\n|-damage|p1b: Teacup Bossfight|16/100\n|-unboost|p1b: Teacup Bossfight|def|1\n|-enditem|p1b: Teacup Bossfight|Sitrus Berry|[eat]\n|-heal|p1b: Teacup Bossfight|40/100|[from] item: Sitrus Berry\n|move|p1a: Bridget|Flash Cannon|p2b: Tyranitar\n|-supereffective|p2b: Tyranitar|1\n|-damage|p2b: Tyranitar|12/100\n|\n|-weather|Sandstorm|[upkeep]\n|-damage|p1b: Teacup Bossfight|34/100|[from] Sandstorm\n|-damage|p2a: Sinistcha|67/100|[from] Sandstorm\n|-heal|p1a: Bridget|100/100 brn|[from] item: Leftovers\n|-damage|p1a: Bridget|94/100 brn|[from] brn\n|upkeep\n|turn|5\n|inactive|Dr Gaster PHD has 30 seconds left.\n|\n|t:|1776628545\n|switch|p1b: The Wall|Aggron, L50, M|100/100\n|move|p2b: Tyranitar|Protect|p2b: Tyranitar\n|-singleturn|p2b: Tyranitar|Protect\n|move|p2a: Sinistcha|Life Dew|p2a: Sinistcha|[spread] p2a,p2b\n|-heal|p2a: Sinistcha|91/100\n|-heal|p2b: Tyranitar|37/100\n|move|p1a: Bridget|Flash Cannon|p2a: Sinistcha\n|-damage|p2a: Sinistcha|42/100\n|-enditem|p2a: Sinistcha|Sitrus Berry|[eat]\n|-heal|p2a: Sinistcha|67/100|[from] item: Sitrus Berry\n|\n|-weather|Sandstorm|[upkeep]\n|-damage|p2a: Sinistcha|61/100|[from] Sandstorm\n|-heal|p1a: Bridget|100/100 brn|[from] item: Leftovers\n|-damage|p1a: Bridget|94/100 brn|[from] brn\n|upkeep\n|turn|6\n|\n|t:|1776628565\n|detailschange|p1b: The Wall|Aggron-Mega, L50, M\n|-mega|p1b: The Wall|Aggron|Aggronite\n|move|p1b: The Wall|Iron Defense|p1b: The Wall\n|-boost|p1b: The Wall|def|2\n|move|p2a: Sinistcha|Matcha Gotcha|p1b: The Wall|[spread] p1a,p1b\n|-resisted|p1a: Bridget|2\n|-resisted|p1b: The Wall|1\n|-damage|p1a: Bridget|89/100 brn\n|-heal|p2a: Sinistcha|64/100|[from] drain|[of] p1a: Bridget\n|-damage|p1b: The Wall|90/100\n|-heal|p2a: Sinistcha|70/100|[from] drain|[of] p1b: The Wall\n|-status|p1b: The Wall|brn\n|-ability|p1a: Bridget|Stamina|boost\n|-boost|p1a: Bridget|def|1\n|move|p2b: Tyranitar|Crunch|p1b: The Wall\n|-damage|p1b: The Wall|78/100 brn\n|move|p1a: Bridget|Flash Cannon|p2b: Tyranitar\n|-supereffective|p2b: Tyranitar|1\n|-damage|p2b: Tyranitar|0 fnt\n|faint|p2b: Tyranitar\n|\n|-weather|none\n|-heal|p1a: Bridget|95/100 brn|[from] item: Leftovers\n|-damage|p1b: The Wall|72/100 brn|[from] brn\n|-damage|p1a: Bridget|89/100 brn|[from] brn\n|-fieldend|move: Trick Room\n|upkeep\n|\n|t:|1776628584\n|switch|p2b: Excadrill|Excadrill, L50, F|100/100\n|turn|7\n|\n|t:|1776628603\n|switch|p1a: Teacup Bossfight|Sinistcha-Masterpiece, L50|34/100\n|-heal|p1b: The Wall|97/100 brn|[from] ability: Hospitality|[of] p1a: Teacup Bossfight\n|move|p2a: Sinistcha|Rage Powder|p2a: Sinistcha\n|-singleturn|p2a: Sinistcha|move: Rage Powder\n|move|p2b: Excadrill|High Horsepower|p1b: The Wall\n|-supereffective|p1b: The Wall|1\n|-damage|p1b: The Wall|74/100 brn\n|move|p1b: The Wall|Heavy Slam|p2a: Sinistcha\n|-damage|p2a: Sinistcha|46/100\n|\n|-damage|p1b: The Wall|68/100 brn|[from] brn\n|upkeep\n|turn|8\n|\n|t:|1776628624\n|move|p2b: Excadrill|Iron Head|p1a: Teacup Bossfight\n|-damage|p1a: Teacup Bossfight|0 fnt\n|faint|p1a: Teacup Bossfight\n|move|p2a: Sinistcha|Life Dew||[still]|[spread] p2a,p2b\n|-heal|p2a: Sinistcha|71/100\n|-fail|p2b: Excadrill|heal\n|move|p1b: The Wall|Iron Defense|p1b: The Wall\n|-boost|p1b: The Wall|def|2\n|\n|-damage|p1b: The Wall|62/100 brn|[from] brn\n|upkeep\n|\n|t:|1776628630\n|switch|p1a: Purple Rain|Basculegion, L50, M, shiny|100/100\n|turn|9\n|\n|t:|1776628638\n|move|p2a: Sinistcha|Rage Powder|p2a: Sinistcha\n|-singleturn|p2a: Sinistcha|move: Rage Powder\n|move|p1a: Purple Rain|Last Respects|p2a: Sinistcha\n|-supereffective|p2a: Sinistcha|1\n|-damage|p2a: Sinistcha|0 fnt\n|faint|p2a: Sinistcha\n|move|p2b: Excadrill|High Horsepower|p1b: The Wall\n|-supereffective|p1b: The Wall|1\n|-damage|p1b: The Wall|48/100 brn\n|move|p1b: The Wall|Body Press|p2b: Excadrill\n|-supereffective|p2b: Excadrill|1\n|-enditem|p2b: Excadrill|Focus Sash\n|-damage|p2b: Excadrill|1/100\n|\n|-damage|p1b: The Wall|42/100 brn|[from] brn\n|upkeep\n|\n|t:|1776628649\n|switch|p2a: Rotom|Rotom-Wash, L50|100/100\n|turn|10\n|\n|t:|1776628658\n|move|p2b: Excadrill|Protect|p2b: Excadrill\n|-singleturn|p2b: Excadrill|Protect\n|move|p1a: Purple Rain|Last Respects|p2b: Excadrill\n|-activate|p2b: Excadrill|move: Protect\n|move|p2a: Rotom|Thunderbolt|p1a: Purple Rain\n|-supereffective|p1a: Purple Rain|1\n|-damage|p1a: Purple Rain|23/100\n|move|p1b: The Wall|Body Press|p2a: Rotom\n|-damage|p2a: Rotom|48/100\n|\n|-heal|p2a: Rotom|54/100|[from] item: Leftovers\n|-damage|p1b: The Wall|36/100 brn|[from] brn\n|upkeep\n|turn|11\n|\n|t:|1776628674\n|move|p2b: Excadrill|Protect|p2b: Excadrill\n|-singleturn|p2b: Excadrill|Protect\n|move|p1a: Purple Rain|Last Respects|p2b: Excadrill\n|-activate|p2b: Excadrill|move: Protect\n|move|p2a: Rotom|Thunderbolt|p1a: Purple Rain\n|-supereffective|p1a: Purple Rain|1\n|-damage|p1a: Purple Rain|0 fnt\n|faint|p1a: Purple Rain\n|move|p1b: The Wall|Body Press|p2a: Rotom\n|-damage|p2a: Rotom|3/100\n|\n|-heal|p2a: Rotom|9/100|[from] item: Leftovers\n|-damage|p1b: The Wall|29/100 brn|[from] brn\n|upkeep\n|\n|t:|1776628681\n|switch|p1a: Bridget|Archaludon, L50, F, shiny|89/100 brn\n|turn|12\n|\n|t:|1776628696\n|move|p2b: Excadrill|High Horsepower|p1a: Bridget\n|-supereffective|p1a: Bridget|1\n|-damage|p1a: Bridget|9/100 brn\n|-ability|p1a: Bridget|Stamina|boost\n|-boost|p1a: Bridget|def|1\n|move|p2a: Rotom|Hydro Pump|p1b: The Wall|[miss]\n|-miss|p2a: Rotom|p1b: The Wall\n|move|p1a: Bridget|Dragon Pulse|p2b: Excadrill\n|-resisted|p2b: Excadrill|1\n|-damage|p2b: Excadrill|0 fnt\n|faint|p2b: Excadrill\n|move|p1b: The Wall|Body Press|p2a: Rotom\n|-crit|p2a: Rotom\n|-damage|p2a: Rotom|0 fnt\n|faint|p2a: Rotom\n|\n|win|Dr Gaster PHD\n|raw|Dr Gaster PHD's rating: 1269 &rarr; <strong>1292</strong><br />(+23 for winning)\n|raw|Antpyx's rating: 1242 &rarr; <strong>1219</strong><br />(-23 for losing)\n",
  "uploadtime": 1776628704,
  "views": 14,
  "formatid": "gen9championsvgc2026regma",
  "rating": 1219,
  "private": 0,
  "password": null
}