{
  "id": "gen9championsvgc2026regma-2587620580",
  "format": "[Gen 9 Champions] VGC 2026 Reg M-A",
  "players": [
    "PM77Switch",
    "MrTimtendo"
  ],
  "log": "|j|\u2606PM77Switch\n|j|\u2606MrTimtendo\n|t:|1776547653\n|gametype|doubles\n|player|p1|PM77Switch|may-masters3|1324\n|player|p2|MrTimtendo|ethan|1290\n|gen|9\n|tier|[Gen 9 Champions] VGC 2026 Reg M-A\n|rated|\n|rule|Species Clause: Limit one of each Pok\u00e9mon\n|rule|Item Clause: Limit 1 of each item\n|clearpoke\n|poke|p1|Blastoise, L50, F|\n|poke|p1|Kingambit, L50, M|\n|poke|p1|Sneasler, L50, M|\n|poke|p1|Aerodactyl, L50, M|\n|poke|p1|Sinistcha, L50|\n|poke|p1|Incineroar, L50, F|\n|poke|p2|Delphox, L50, F|\n|poke|p2|Garchomp, L50, M|\n|poke|p2|Aerodactyl, L50, M|\n|poke|p2|Farigiraf, L50, M|\n|poke|p2|Milotic, L50, M|\n|poke|p2|Basculegion, L50, M|\n|teampreview|4\n|inactive|Battle timer is ON: inactive players will automatically lose when time's up. (requested by MrTimtendo)\n|inactive|PM77Switch also wants the timer to be on.\n|inactive|MrTimtendo has 60 seconds left.\n|\n|t:|1776547689\n|teamsize|p1|4\n|teamsize|p2|4\n|start\n|switch|p1a: Aerodactyl|Aerodactyl, L50, M|100/100\n|switch|p1b: Kingambit|Kingambit, L50, M|100/100\n|switch|p2a: Basculegion|Basculegion, L50, M|100/100\n|switch|p2b: Farigiraf|Farigiraf, L50, M|100/100\n|-ability|p1a: Aerodactyl|Unnerve\n|turn|1\n|inactive|MrTimtendo has 30 seconds left.\n|\n|t:|1776547720\n|move|p1a: Aerodactyl|Protect|p1a: Aerodactyl\n|-singleturn|p1a: Aerodactyl|Protect\n|move|p2a: Basculegion|Flip Turn|p1a: Aerodactyl\n|-activate|p1a: Aerodactyl|move: Protect\n|move|p2b: Farigiraf|Hyper Voice|p1b: Kingambit|[spread] p1b\n|-activate|p1a: Aerodactyl|move: Protect\n|-resisted|p1b: Kingambit|1\n|-damage|p1b: Kingambit|83/100\n|move|p1b: Kingambit|Kowtow Cleave|p2a: Basculegion\n|-supereffective|p2a: Basculegion|1\n|-damage|p2a: Basculegion|0 fnt\n|faint|p2a: Basculegion\n|\n|upkeep\n|\n|t:|1776547729\n|switch|p2a: Garchomp|Garchomp, L50, M|100/100\n|turn|2\n|\n|t:|1776547748\n|switch|p1a: Sinistcha|Sinistcha, L50|100/100\n|-heal|p1b: Kingambit|100/100|[from] ability: Hospitality|[of] p1a: Sinistcha\n|move|p2b: Farigiraf|Protect|p2b: Farigiraf\n|-singleturn|p2b: Farigiraf|Protect\n|move|p2a: Garchomp|Rock Slide|p1a: Sinistcha|[spread] p1a,p1b\n|-resisted|p1b: Kingambit|1\n|-damage|p1a: Sinistcha|81/100\n|-damage|p1b: Kingambit|93/100\n|move|p1b: Kingambit|Kowtow Cleave|p2b: Farigiraf\n|-activate|p2b: Farigiraf|move: Protect\n|\n|upkeep\n|turn|3\n|\n|t:|1776547765\n|move|p2a: Garchomp|Earthquake|p1a: Sinistcha|[spread] p2b,p1a,p1b\n|-resisted|p1a: Sinistcha|1\n|-supereffective|p1b: Kingambit|1\n|-damage|p2b: Farigiraf|55/100\n|-damage|p1a: Sinistcha|63/100\n|-damage|p1b: Kingambit|31/100\n|move|p2b: Farigiraf|Imprison|p2b: Farigiraf\n|-start|p2b: Farigiraf|move: Imprison\n|move|p1a: Sinistcha|Matcha Gotcha|p2b: Farigiraf|[spread] p2a,p2b\n|-damage|p2a: Garchomp|72/100\n|-heal|p1a: Sinistcha|77/100|[from] drain|[of] p2a: Garchomp\n|-damage|p2b: Farigiraf|27/100\n|-heal|p1a: Sinistcha|93/100|[from] drain|[of] p2b: Farigiraf\n|-enditem|p2b: Farigiraf|Sitrus Berry|[eat]\n|-heal|p2b: Farigiraf|52/100|[from] item: Sitrus Berry\n|move|p1b: Kingambit|Kowtow Cleave|p2b: Farigiraf\n|-supereffective|p2b: Farigiraf|1\n|-damage|p2b: Farigiraf|0 fnt\n|faint|p2b: Farigiraf\n|\n|upkeep\n|\n|t:|1776547775\n|switch|p2b: Delphox|Delphox, L50, F|100/100\n|turn|4\n|\n|t:|1776547795\n|detailschange|p2b: Delphox|Delphox-Mega, L50, F\n|-mega|p2b: Delphox|Delphox|Delphoxite\n|move|p1b: Kingambit|Sucker Punch||[still]\n|-fail|p1b: Kingambit\n|move|p2b: Delphox|Encore|p1a: Sinistcha\n|-start|p1a: Sinistcha|Encore\n|move|p2a: Garchomp|Earthquake|p1b: Kingambit|[spread] p1a,p1b\n|-immune|p2b: Delphox|[from] ability: Levitate\n|-resisted|p1a: Sinistcha|1\n|-supereffective|p1b: Kingambit|1\n|-damage|p1a: Sinistcha|76/100\n|-damage|p1b: Kingambit|0 fnt\n|faint|p1b: Kingambit\n|move|p1a: Sinistcha|Matcha Gotcha|p2a: Garchomp|[spread] p2a,p2b\n|-resisted|p2b: Delphox|1\n|-damage|p2a: Garchomp|45/100\n|-heal|p1a: Sinistcha|91/100|[from] drain|[of] p2a: Garchomp\n|-damage|p2b: Delphox|89/100\n|-heal|p1a: Sinistcha|96/100|[from] drain|[of] p2b: Delphox\n|\n|upkeep\n|\n|t:|1776547814\n|switch|p1b: Aerodactyl|Aerodactyl, L50, M|100/100\n|-ability|p1b: Aerodactyl|Unnerve\n|turn|5\n|\n|t:|1776547839\n|move|p2b: Delphox|Psyshock|p1b: Aerodactyl\n|-damage|p1b: Aerodactyl|16/100\n|move|p1b: Aerodactyl|Tailwind|p1b: Aerodactyl\n|-sidestart|p1: PM77Switch|move: Tailwind\n|move|p1a: Sinistcha|Matcha Gotcha|p2b: Delphox|[spread] p2a,p2b\n|-resisted|p2b: Delphox|1\n|-damage|p2a: Garchomp|19/100\n|-heal|p1a: Sinistcha|100/100|[from] drain|[of] p2a: Garchomp\n|-damage|p2b: Delphox|76/100\n|move|p2a: Garchomp|Rock Slide|p1b: Aerodactyl|[spread] p1a,p1b\n|-crit|p1a: Sinistcha\n|-supereffective|p1b: Aerodactyl|1\n|-damage|p1a: Sinistcha|74/100\n|-damage|p1b: Aerodactyl|0 fnt\n|faint|p1b: Aerodactyl\n|\n|upkeep\n|\n|t:|1776547851\n|switch|p1b: Blastoise|Blastoise, L50, F|100/100\n|turn|6\n|\n|t:|1776547860\n|detailschange|p1b: Blastoise|Blastoise-Mega, L50, F\n|-mega|p1b: Blastoise|Blastoise|Blastoisinite\n|move|p2a: Garchomp|Protect|p2a: Garchomp\n|-singleturn|p2a: Garchomp|Protect\n|move|p1b: Blastoise|Water Spout|p2a: Garchomp|[spread] p2b\n|-activate|p2a: Garchomp|move: Protect\n|-supereffective|p2b: Delphox|1\n|-damage|p2b: Delphox|0 fnt\n|faint|p2b: Delphox\n|move|p1a: Sinistcha|Matcha Gotcha|p2a: Garchomp\n|-activate|p2a: Garchomp|move: Protect\n|\n|-end|p1a: Sinistcha|Encore\n|upkeep\n|turn|7\n|-message|MrTimtendo forfeited.\n|\n|win|PM77Switch\n|raw|PM77Switch's rating: 1324 &rarr; <strong>1342</strong><br />(+18 for winning)\n|raw|MrTimtendo's rating: 1290 &rarr; <strong>1267</strong><br />(-23 for losing)\n|l|\u2606MrTimtendo\n|player|p2|\n",
  "uploadtime": 1776547871,
  "views": 18,
  "formatid": "gen9championsvgc2026regma",
  "rating": 1267,
  "private": 0,
  "password": null
}