{
  "id": "gen9championsvgc2026regma-2583705231",
  "format": "[Gen 9 Champions] VGC 2026 Reg M-A",
  "players": [
    "spl1702013",
    "callmehavoc"
  ],
  "log": "|j|\u2606spl1702013\n|j|\u2606callmehavoc\n|t:|1776192168\n|gametype|doubles\n|player|p1|spl1702013|102|1036\n|player|p2|callmehavoc|bugcatcher-gen4dp|1000\n|gen|9\n|tier|[Gen 9 Champions] VGC 2026 Reg M-A\n|rated|\n|rule|Species Clause: Limit one of each Pok\u00e9mon\n|rule|Item Clause: Limit 1 of each item\n|clearpoke\n|poke|p1|Sneasler, L50, M|\n|poke|p1|Kingambit, L50, M|\n|poke|p1|Whimsicott, L50, F|\n|poke|p1|Feraligatr, L50, M|\n|poke|p1|Sinistcha, L50|\n|poke|p1|Incineroar, L50, M|\n|poke|p2|Abomasnow, L50, F|\n|poke|p2|Machamp, L50, F|\n|poke|p2|Cofagrigus, L50, F|\n|poke|p2|Milotic, L50, M|\n|poke|p2|Drampa, L50, F|\n|poke|p2|Arcanine-Hisui, L50, M|\n|teampreview|4\n|inactive|Battle timer is ON: inactive players will automatically lose when time's up. (requested by spl1702013)\n|c|\u2606spl1702013|gl hf\n|inactive|callmehavoc has 60 seconds left.\n|\n|t:|1776192216\n|teamsize|p1|4\n|teamsize|p2|4\n|start\n|switch|p1a: Sneasler|Sneasler, L50, M|100/100\n|switch|p1b: Kingambit|Kingambit, L50, M|100/100\n|switch|p2a: Cofagrigus|Cofagrigus, L50, F|100/100\n|switch|p2b: Machamp|Machamp, L50, F|100/100\n|turn|1\n|inactive|callmehavoc has 30 seconds left.\n|\n|t:|1776192248\n|move|p2b: Machamp|Protect|p2b: Machamp\n|-singleturn|p2b: Machamp|Protect\n|move|p1b: Kingambit|Protect|p1b: Kingambit\n|-singleturn|p1b: Kingambit|Protect\n|move|p1a: Sneasler|Taunt|p2a: Cofagrigus\n|-start|p2a: Cofagrigus|move: Taunt\n|-enditem|p2a: Cofagrigus|Mental Herb\n|-end|p2a: Cofagrigus|move: Taunt\n|move|p2a: Cofagrigus|Trick Room|p2a: Cofagrigus\n|-fieldstart|move: Trick Room|[of] p2a: Cofagrigus\n|\n|upkeep\n|turn|2\n|inactive|spl1702013 has 30 seconds left.\n|inactive|callmehavoc has 30 seconds left.\n|\n|t:|1776192281\n|switch|p1b: Incineroar|Incineroar, L50, M|100/100\n|-ability|p1b: Incineroar|Intimidate|boost\n|-unboost|p2a: Cofagrigus|atk|1\n|-unboost|p2b: Machamp|atk|1\n|move|p2a: Cofagrigus|Will-O-Wisp|p1b: Incineroar\n|-immune|p1b: Incineroar\n|move|p2b: Machamp|Dynamic Punch|p1b: Incineroar\n|-supereffective|p1b: Incineroar|1\n|-damage|p1b: Incineroar|26/100\n|-start|p1b: Incineroar|confusion\n|move|p1a: Sneasler|Coaching|p1b: Incineroar\n|-boost|p1b: Incineroar|atk|1\n|-boost|p1b: Incineroar|def|1\n|\n|upkeep\n|turn|3\n|\n|t:|1776192303\n|switch|p1a: Sinistcha|Sinistcha, L50|100/100\n|-heal|p1b: Incineroar|51/100|[from] ability: Hospitality|[of] p1a: Sinistcha\n|-activate|p1b: Incineroar|confusion\n|move|p1b: Incineroar|Fake Out|p2b: Machamp\n|-damage|p2b: Machamp|84/100\n|move|p2a: Cofagrigus|Will-O-Wisp|p1a: Sinistcha\n|-status|p1a: Sinistcha|brn\n|cant|p2b: Machamp|flinch\n|\n|-damage|p1a: Sinistcha|94/100 brn|[from] brn\n|upkeep\n|turn|4\n|\n|t:|1776192327\n|move|p2a: Cofagrigus|Shadow Ball|p1a: Sinistcha\n|-supereffective|p1a: Sinistcha|1\n|-damage|p1a: Sinistcha|37/100 brn\n|move|p2b: Machamp|Dynamic Punch|p1b: Incineroar\n|-supereffective|p1b: Incineroar|1\n|-damage|p1b: Incineroar|0 fnt\n|faint|p1b: Incineroar\n|move|p1a: Sinistcha|Strength Sap|p2b: Machamp\n|-unboost|p2b: Machamp|atk|1\n|-heal|p1a: Sinistcha|100/100 brn\n|\n|-damage|p1a: Sinistcha|94/100 brn|[from] brn\n|upkeep\n|\n|t:|1776192335\n|switch|p1b: Kingambit|Kingambit, L50, M|100/100\n|turn|5\n|inactive|callmehavoc has 30 seconds left.\n|\n|t:|1776192364\n|switch|p2b: Abomasnow|Abomasnow, L50, F|100/100\n|-weather|Snowscape|[from] ability: Snow Warning|[of] p2b: Abomasnow\n|move|p1b: Kingambit|Protect|p1b: Kingambit\n|-singleturn|p1b: Kingambit|Protect\n|move|p2a: Cofagrigus|Will-O-Wisp|p1b: Kingambit\n|-activate|p1b: Kingambit|move: Protect\n|move|p1a: Sinistcha|Matcha Gotcha|p2a: Cofagrigus|[spread] p2a,p2b\n|-resisted|p2b: Abomasnow|1\n|-damage|p2a: Cofagrigus|77/100\n|-heal|p1a: Sinistcha|100/100 brn|[from] drain|[of] p2a: Cofagrigus\n|-damage|p2b: Abomasnow|92/100\n|\n|-weather|Snowscape|[upkeep]\n|-damage|p1a: Sinistcha|94/100 brn|[from] brn\n|-fieldend|move: Trick Room\n|upkeep\n|turn|6\n|inactive|callmehavoc has 30 seconds left.\n|\n|t:|1776192397\n|detailschange|p2b: Abomasnow|Abomasnow-Mega, L50, F\n|-mega|p2b: Abomasnow|Abomasnow|Abomasite\n|move|p1a: Sinistcha|Imprison|p1a: Sinistcha\n|-start|p1a: Sinistcha|move: Imprison\n|move|p1b: Kingambit|Iron Head|p2b: Abomasnow\n|-supereffective|p2b: Abomasnow|1\n|-damage|p2b: Abomasnow|42/100\n|move|p2b: Abomasnow|Aurora Veil|p2b: Abomasnow\n|-sidestart|p2: callmehavoc|move: Aurora Veil\n|cant|p2a: Cofagrigus|move: Imprison|Trick Room\n|\n|-weather|Snowscape|[upkeep]\n|-damage|p1a: Sinistcha|88/100 brn|[from] brn\n|upkeep\n|turn|7\n|inactive|callmehavoc has 30 seconds left.\n|inactive|callmehavoc has 20 seconds left.\n|inactive|callmehavoc has 15 seconds left.\n|inactive|callmehavoc has 10 seconds left.\n|\n|t:|1776192443\n|move|p1b: Kingambit|Sucker Punch|p2b: Abomasnow\n|-damage|p2b: Abomasnow|26/100\n|move|p1a: Sinistcha|Matcha Gotcha|p2b: Abomasnow|[spread] p2a,p2b\n|-resisted|p2b: Abomasnow|1\n|-damage|p2a: Cofagrigus|61/100\n|-heal|p1a: Sinistcha|95/100 brn|[from] drain|[of] p2a: Cofagrigus\n|-damage|p2b: Abomasnow|20/100\n|-heal|p1a: Sinistcha|99/100 brn|[from] drain|[of] p2b: Abomasnow\n|move|p2a: Cofagrigus|Will-O-Wisp|p1b: Kingambit\n|-status|p1b: Kingambit|brn\n|move|p2b: Abomasnow|Stomping Tantrum|p1b: Kingambit\n|-supereffective|p1b: Kingambit|1\n|-damage|p1b: Kingambit|66/100 brn\n|\n|-weather|Snowscape|[upkeep]\n|-damage|p1a: Sinistcha|93/100 brn|[from] brn\n|-damage|p1b: Kingambit|60/100 brn|[from] brn\n|upkeep\n|turn|8\n|inactive|callmehavoc has 30 seconds left.\n|inactive|callmehavoc has 20 seconds left.\n|\n|t:|1776192483\n|switch|p1b: Sneasler|Sneasler, L50, M|100/100\n|move|p1a: Sinistcha|Matcha Gotcha|p2b: Abomasnow|[spread] p2a,p2b\n|-resisted|p2b: Abomasnow|1\n|-damage|p2a: Cofagrigus|47/100\n|-heal|p1a: Sinistcha|99/100 brn|[from] drain|[of] p2a: Cofagrigus\n|-damage|p2b: Abomasnow|15/100\n|-heal|p1a: Sinistcha|100/100 brn|[from] drain|[of] p2b: Abomasnow\n|move|p2a: Cofagrigus|Shadow Ball|p1a: Sinistcha\n|-supereffective|p1a: Sinistcha|1\n|-damage|p1a: Sinistcha|40/100 brn\n|-unboost|p1a: Sinistcha|spd|1\n|move|p2b: Abomasnow|Blizzard|p1b: Sneasler|[spread] p1a,p1b\n|-supereffective|p1a: Sinistcha|1\n|-damage|p1a: Sinistcha|0 fnt\n|-damage|p1b: Sneasler|60/100\n|-status|p1b: Sneasler|frz\n|faint|p1a: Sinistcha\n|\n|-weather|Snowscape|[upkeep]\n|upkeep\n|c|\u2606spl1702013|ggs\n|\n|t:|1776192497\n|switch|p1a: Kingambit|Kingambit, L50, M|60/100 brn\n|turn|9\n|inactive|callmehavoc has 30 seconds left.\n|\n|t:|1776192530\n|-curestatus|p1b: Sneasler|frz|[msg]\n|move|p1b: Sneasler|Dire Claw|p2a: Cofagrigus\n|-resisted|p2a: Cofagrigus|1\n|-damage|p2a: Cofagrigus|40/100\n|-activate|p2a: Cofagrigus|ability: Mummy|p1b: Sneasler|[ability] Unburden\n|move|p1a: Kingambit|Iron Head|p2b: Abomasnow\n|-supereffective|p2b: Abomasnow|1\n|-damage|p2b: Abomasnow|0 fnt\n|faint|p2b: Abomasnow\n|move|p2a: Cofagrigus|Trick Room|p2a: Cofagrigus\n|-fieldstart|move: Trick Room|[of] p2a: Cofagrigus\n|\n|-weather|none\n|-damage|p1a: Kingambit|54/100 brn|[from] brn\n|upkeep\n|\n|t:|1776192547\n|switch|p2b: Machamp|Machamp, L50, F|84/100\n|turn|10\n|inactive|callmehavoc has 30 seconds left.\n|\n|t:|1776192575\n|move|p1a: Kingambit|Protect|p1a: Kingambit\n|-singleturn|p1a: Kingambit|Protect\n|move|p2a: Cofagrigus|Will-O-Wisp|p1b: Sneasler\n|-status|p1b: Sneasler|brn\n|move|p2b: Machamp|Dynamic Punch|p1a: Kingambit\n|-activate|p1a: Kingambit|move: Protect\n|move|p1b: Sneasler|Dire Claw|p2b: Machamp\n|-damage|p2b: Machamp|72/100\n|\n|-damage|p1a: Kingambit|48/100 brn|[from] brn\n|-damage|p1b: Sneasler|54/100 brn|[from] brn\n|-sideend|p2: callmehavoc|move: Aurora Veil\n|upkeep\n|turn|11\n|\n|t:|1776192596\n|move|p2a: Cofagrigus|Shadow Ball|p1b: Sneasler\n|-damage|p1b: Sneasler|27/100 brn\n|move|p1a: Kingambit|Kowtow Cleave|p2b: Machamp\n|-resisted|p2b: Machamp|1\n|-damage|p2b: Machamp|58/100\n|move|p2b: Machamp|Dynamic Punch|p1a: Kingambit\n|-supereffective|p1a: Kingambit|2\n|-enditem|p1a: Kingambit|Chople Berry|[eat]\n|-enditem|p1a: Kingambit|Chople Berry|[weaken]\n|-damage|p1a: Kingambit|0 fnt\n|faint|p1a: Kingambit\n|move|p1b: Sneasler|Dire Claw|p2b: Machamp\n|-damage|p2b: Machamp|39/100\n|\n|-damage|p1b: Sneasler|21/100 brn|[from] brn\n|upkeep\n|turn|12\n|\n|t:|1776192617\n|move|p2a: Cofagrigus|Shadow Ball|p1b: Sneasler\n|-damage|p1b: Sneasler|0 fnt\n|faint|p1b: Sneasler\n|\n|win|callmehavoc\n|raw|spl1702013's rating: 1036 &rarr; <strong>1019</strong><br />(-17 for losing)\n|raw|callmehavoc's rating: 1000 &rarr; <strong>1044</strong><br />(+44 for winning)\n",
  "uploadtime": 1776192618,
  "views": 13,
  "formatid": "gen9championsvgc2026regma",
  "rating": 1019,
  "private": 0,
  "password": null
}