{
  "id": "gen9championsvgc2026regma-2583519521",
  "format": "[Gen 9 Champions] VGC 2026 Reg M-A",
  "players": [
    "Pomupomupomu",
    "Zhm/r"
  ],
  "log": "|j|\u2606Pomupomupomu\n|j|\u2606Zhm/r\n|t:|1776180798\n|gametype|doubles\n|player|p1|Pomupomupomu|265|1208\n|player|p2|Zhm/r|clown|1176\n|gen|9\n|tier|[Gen 9 Champions] VGC 2026 Reg M-A\n|rated|\n|rule|Species Clause: Limit one of each Pok\u00e9mon\n|rule|Item Clause: Limit 1 of each item\n|clearpoke\n|poke|p1|Primarina, L50, F|\n|poke|p1|Maushold-Four, L50|\n|poke|p1|Dragonite, L50, F|\n|poke|p1|Kingambit, L50, M|\n|poke|p1|Incineroar, L50, F|\n|poke|p1|Sinistcha, L50|\n|poke|p2|Aggron, L50, F|\n|poke|p2|Slowbro, L50, F|\n|poke|p2|Incineroar, L50, M|\n|poke|p2|Sinistcha, L50|\n|poke|p2|Garchomp, L50, M|\n|poke|p2|Meganium, L50, M|\n|teampreview|4\n|inactive|Battle timer is ON: inactive players will automatically lose when time's up. (requested by Pomupomupomu)\n|\n|t:|1776180827\n|teamsize|p1|4\n|teamsize|p2|4\n|start\n|switch|p1a: Primarina|Primarina, L50, F|100/100\n|switch|p1b: Maushold|Maushold-Four, L50|100/100\n|switch|p2a: Meganium|Meganium, L50, M|100/100\n|switch|p2b: Incineroar|Incineroar, L50, M|100/100\n|-ability|p2b: Incineroar|Intimidate|boost\n|-unboost|p1a: Primarina|atk|1\n|-unboost|p1b: Maushold|atk|1\n|turn|1\n|\n|t:|1776180852\n|switch|p1a: Kingambit|Kingambit, L50, M|100/100\n|detailschange|p2a: Meganium|Meganium-Mega, L50, M\n|-mega|p2a: Meganium|Meganium|Meganiumite\n|move|p2b: Incineroar|Fake Out|p1a: Kingambit\n|-resisted|p1a: Kingambit|1\n|-damage|p1a: Kingambit|97/100\n|move|p1b: Maushold|Taunt|p2b: Incineroar\n|-start|p2b: Incineroar|move: Taunt\n|move|p2a: Meganium|Solar Beam||[still]\n|-prepare|p2a: Meganium|Solar Beam\n|-activate|p2a: Meganium|ability: Mega Sol\n|-anim|p2a: Meganium|Solar Beam|p1a: Kingambit\n|-resisted|p1a: Kingambit|1\n|-damage|p1a: Kingambit|72/100\n|\n|upkeep\n|turn|2\n|inactive|Pomupomupomu has 30 seconds left.\n|\n|t:|1776180881\n|switch|p2a: Garchomp|Garchomp, L50, M|100/100\n|move|p1b: Maushold|Population Bomb|p2a: Garchomp\n|-damage|p2a: Garchomp|96/100\n|-hitcount|p2a: Garchomp|1\n|move|p2b: Incineroar|Flare Blitz|p1a: Kingambit\n|-supereffective|p1a: Kingambit|1\n|-damage|p1a: Kingambit|0 fnt\n|faint|p1a: Kingambit\n|-damage|p2b: Incineroar|72/100|[from] Recoil\n|\n|upkeep\n|\n|t:|1776180894\n|switch|p1a: Primarina|Primarina, L50, F|100/100\n|turn|3\n|\n|t:|1776180913\n|switch|p2a: Meganium|Meganium-Mega, L50, M|100/100\n|move|p1b: Maushold|Super Fang|p2a: Meganium\n|-damage|p2a: Meganium|51/100\n|move|p2b: Incineroar|Flare Blitz|p1b: Maushold\n|-damage|p1b: Maushold|7/100\n|-damage|p2b: Incineroar|39/100|[from] Recoil\n|move|p1a: Primarina|Hyper Voice|p2a: Meganium|[spread] p2a,p2b\n|-resisted|p2a: Meganium|1\n|-supereffective|p2b: Incineroar|1\n|-damage|p2a: Meganium|34/100\n|-damage|p2b: Incineroar|0 fnt\n|faint|p2b: Incineroar\n|\n|upkeep\n|\n|t:|1776180925\n|switch|p2b: Sinistcha|Sinistcha, L50|100/100\n|-heal|p2a: Meganium|59/100|[from] ability: Hospitality|[of] p2b: Sinistcha\n|turn|4\n|\n|t:|1776180937\n|move|p2a: Meganium|Protect|p2a: Meganium\n|-singleturn|p2a: Meganium|Protect\n|move|p1a: Primarina|Protect|p1a: Primarina\n|-singleturn|p1a: Primarina|Protect\n|move|p1b: Maushold|Population Bomb|p2a: Meganium\n|-activate|p2a: Meganium|move: Protect\n|move|p2b: Sinistcha|Matcha Gotcha|p1a: Primarina|[spread] p1b\n|-activate|p1a: Primarina|move: Protect\n|-damage|p1b: Maushold|0 fnt\n|faint|p1b: Maushold\n|\n|upkeep\n|\n|t:|1776180940\n|switch|p1b: Sinistcha|Sinistcha, L50|100/100\n|turn|5\n|\n|t:|1776180956\n|move|p2a: Meganium|Solar Beam||[still]\n|-prepare|p2a: Meganium|Solar Beam\n|-activate|p2a: Meganium|ability: Mega Sol\n|-anim|p2a: Meganium|Solar Beam|p1a: Primarina\n|-supereffective|p1a: Primarina|1\n|-damage|p1a: Primarina|0 fnt\n|faint|p1a: Primarina\n|move|p2b: Sinistcha|Shadow Ball|p1b: Sinistcha\n|-supereffective|p1b: Sinistcha|1\n|-damage|p1b: Sinistcha|35/100\n|move|p1b: Sinistcha|Trick Room|p1b: Sinistcha\n|-fieldstart|move: Trick Room|[of] p1b: Sinistcha\n|\n|upkeep\n|turn|6\n|-message|Pomupomupomu forfeited.\n|\n|win|Zhm/r\n|raw|Pomupomupomu's rating: 1208 &rarr; <strong>1181</strong><br />(-27 for losing)\n|raw|Zhm&#x2f;r's rating: 1176 &rarr; <strong>1203</strong><br />(+27 for winning)\n|l|\u2606Pomupomupomu\n|player|p1|\n",
  "uploadtime": 1776180975,
  "views": 16,
  "formatid": "gen9championsvgc2026regma",
  "rating": 1181,
  "private": 0,
  "password": null
}