{
  "id": "gen9championsvgc2026regma-2580574309",
  "format": "[Gen 9 Champions] VGC 2026 Reg M-A",
  "players": [
    "kennyomeg",
    "padstar36"
  ],
  "log": "|badge|p2|bronze|gen9randombattle|100-9\n|uhtml|medal-msg|<div class=\"broadcast-blue\">Curious what those medals under the avatar are? PS now has Ladder Seasons! For more information, check out the <a href=\"https://www.smogon.com/forums/threads/3740067/\">thread on Smogon.</a></div>\n|j|\u2606kennyomeg\n|j|\u2606padstar36\n|inactive|Battle timer is ON: inactive players will automatically lose when time's up.\n|t:|1775914379\n|gametype|doubles\n|player|p1|kennyomeg|steven|\n|player|p2|padstar36|265|\n|gen|9\n|tier|[Gen 9 Champions] VGC 2026 Reg M-A\n|rated|Tournament battle\n|rule|Species Clause: Limit one of each Pok\u00e9mon\n|rule|Item Clause: Limit 1 of each item\n|clearpoke\n|poke|p1|Dragapult, L50, M|\n|poke|p1|Kingambit, L50, F|\n|poke|p1|Aerodactyl, L50, F|\n|poke|p1|Gardevoir, L50, F|\n|poke|p1|Incineroar, L50, F|\n|poke|p1|Blastoise, L50, F|\n|poke|p2|Aerodactyl, L50, M|\n|poke|p2|Incineroar, L50, M|\n|poke|p2|Floette-Eternal, L50, F|\n|poke|p2|Basculegion, L50, M|\n|poke|p2|Garchomp, L50, F|\n|poke|p2|Sneasler, L50, F|\n|teampreview|4\n|j| BB-8-NU\n|j|*Lady Monita \n|j| KeepinDaHeadBZ\n|j| ASilentDragon\nkennyomeg has agreed to open team sheets.\npadstar36 has agreed to open team sheets.\n|showteam|p1|Dragapult||FocusSash|ClearBody|DracoMeteor,WillOWisp,ShadowBall,Protect|||M|||50|]Kingambit||ChopleBerry|Defiant|LowKick,SuckerPunch,IronHead,Protect|||F|||50|]Aerodactyl||LumBerry|Unnerve|RockSlide,Tailwind,WideGuard,Protect|||F|||50|]Gardevoir||Gardevoirite|Trace|TrickRoom,HyperVoice,Protect,Psychic|||F|||50|]Incineroar||SitrusBerry|Intimidate|PartingShot,FlareBlitz,DarkestLariat,FakeOut|||F|||50|]Blastoise||Leftovers|RainDish|Yawn,MuddyWater,FakeOut,IcyWind|||F|||50|\n|showteam|p2|Aerodactyl||FocusSash|Unnerve|RockSlide,DualWingbeat,Protect,Tailwind|||M|||50|]Incineroar||SitrusBerry|Intimidate|FakeOut,HelpingHand,PartingShot,FlareBlitz|||M|||50|]Floette-Eternal||Floettite|FlowerVeil|DazzlingGleam,Moonblast,LightofRuin,Protect|||F|||50|]Basculegion||ChoiceScarf|Adaptability|LastRespects,FlipTurn,Liquidation,WaveCrash|||M|||50|]Garchomp||HabanBerry|RoughSkin|Earthquake,DragonClaw,RockSlide,Protect|||F|||50|]Sneasler||WhiteHerb|Unburden|CloseCombat,DireClaw,RockTomb,Protect|||F|||50|\n|j| ulthz25 ognisko\n|inactive|kennyomeg has 60 seconds left.\n|inactive|padstar36 has 60 seconds left.\n|inactive|kennyomeg has 30 seconds left.\n|inactive|padstar36 has 30 seconds left.\n|inactive|kennyomeg has 20 seconds left.\n|inactive|padstar36 has 20 seconds left.\n|j|@JoelMasterX\n|inactive|kennyomeg has 15 seconds left.\n|inactive|padstar36 has 15 seconds left.\n|inactive|padstar36 has 10 seconds left.\n|\n|t:|1775914461\n|teamsize|p1|4\n|teamsize|p2|4\n|start\n|switch|p1a: Incineroar|Incineroar, L50, F|100/100\n|switch|p1b: Dragapult|Dragapult, L50, M|100/100\n|switch|p2a: Aerodactyl|Aerodactyl, L50, M|100/100\n|switch|p2b: Incineroar|Incineroar, L50, M|100/100\n|-ability|p2a: Aerodactyl|Unnerve\n|-ability|p1a: Incineroar|Intimidate|boost\n|-unboost|p2a: Aerodactyl|atk|1\n|-unboost|p2b: Incineroar|atk|1\n|-ability|p2b: Incineroar|Intimidate|boost\n|-unboost|p1a: Incineroar|atk|1\n|-fail|p1b: Dragapult|unboost|[from] ability: Clear Body|[of] p1b: Dragapult\n|turn|1\n|inactive|padstar36 has 30 seconds left.\n|inactive|padstar36 has 20 seconds left.\n|\n|t:|1775914496\n|move|p2a: Aerodactyl|Protect|p2a: Aerodactyl\n|-singleturn|p2a: Aerodactyl|Protect\n|move|p1a: Incineroar|Fake Out|p2a: Aerodactyl\n|-activate|p2a: Aerodactyl|move: Protect\n|move|p1b: Dragapult|Will-O-Wisp|p2a: Aerodactyl\n|-activate|p2a: Aerodactyl|move: Protect\n|move|p2b: Incineroar|Parting Shot|p1a: Incineroar\n|-unboost|p1a: Incineroar|atk|1\n|-unboost|p1a: Incineroar|spa|1\n|\n|t:|1775914505\n|switch|p2b: Garchomp|Garchomp, L50, F|100/100|[from] Parting Shot\n|\n|upkeep\n|turn|2\n|\n|t:|1775914524\n|move|p2b: Garchomp|Protect|p2b: Garchomp\n|-singleturn|p2b: Garchomp|Protect\n|move|p1b: Dragapult|Draco Meteor|p2b: Garchomp\n|-activate|p2b: Garchomp|move: Protect\n|move|p2a: Aerodactyl|Tailwind|p2a: Aerodactyl\n|-sidestart|p2: padstar36|move: Tailwind\n|move|p1a: Incineroar|Parting Shot|p2a: Aerodactyl\n|-unboost|p2a: Aerodactyl|atk|1\n|-unboost|p2a: Aerodactyl|spa|1\n|\n|t:|1775914530\n|switch|p1a: Gardevoir|Gardevoir, L50, F|100/100|[from] Parting Shot\n|-ability|p1a: Gardevoir|Unnerve|Trace|[from] ability: Trace|[of] p2a: Aerodactyl\n|-ability|p1a: Gardevoir|Unnerve\n|\n|upkeep\n|turn|3\n|inactive|padstar36 has 30 seconds left.\n|j| tonyisnoob\n|\n|t:|1775914563\n|switch|p1b: Incineroar|Incineroar, L50, F|100/100\n|-ability|p1b: Incineroar|Intimidate|boost\n|-unboost|p2a: Aerodactyl|atk|1\n|-unboost|p2b: Garchomp|atk|1\n|detailschange|p1a: Gardevoir|Gardevoir-Mega, L50, F\n|-mega|p1a: Gardevoir|Gardevoir|Gardevoirite\n|move|p2a: Aerodactyl|Rock Slide|p1a: Gardevoir|[spread] p1a,p1b\n|-supereffective|p1b: Incineroar|1\n|-damage|p1a: Gardevoir|87/100\n|-damage|p1b: Incineroar|82/100\n|move|p2b: Garchomp|Earthquake|p1a: Gardevoir|[spread] p1a,p1b\n|-immune|p2a: Aerodactyl\n|-supereffective|p1b: Incineroar|1\n|-damage|p1a: Gardevoir|51/100\n|-damage|p1b: Incineroar|40/100\n|cant|p1a: Gardevoir|flinch\n|\n|upkeep\n|turn|4\n|inactive|padstar36 has 30 seconds left.\n|\n|t:|1775914590\n|move|p2a: Aerodactyl|Protect|p2a: Aerodactyl\n|-singleturn|p2a: Aerodactyl|Protect\n|move|p2b: Garchomp|Protect|p2b: Garchomp\n|-singleturn|p2b: Garchomp|Protect\n|move|p1b: Incineroar|Fake Out|p2b: Garchomp\n|-activate|p2b: Garchomp|move: Protect\n|move|p1a: Gardevoir|Trick Room|p1a: Gardevoir\n|-fieldstart|move: Trick Room|[of] p1a: Gardevoir\n|\n|upkeep\n|turn|5\n|l|@JoelMasterX\n|\n|t:|1775914609\n|switch|p2b: Incineroar|Incineroar, L50, M|100/100\n|-ability|p2b: Incineroar|Intimidate|boost\n|-unboost|p1a: Gardevoir|atk|1\n|-unboost|p1b: Incineroar|atk|1\n|move|p1b: Incineroar|Darkest Lariat|p2a: Aerodactyl\n|-damage|p2a: Aerodactyl|65/100\n|move|p1a: Gardevoir|Hyper Voice|p2b: Incineroar|[spread] p2a,p2b\n|-damage|p2a: Aerodactyl|0 fnt\n|-damage|p2b: Incineroar|63/100\n|-enditem|p1b: Incineroar|Sitrus Berry|[eat]\n|-heal|p1b: Incineroar|65/100|[from] item: Sitrus Berry\n|faint|p2a: Aerodactyl\n|\n|-sideend|p2: padstar36|move: Tailwind\n|upkeep\n|\n|t:|1775914617\n|switch|p2a: Floette|Floette-Eternal, L50, F|100/100\n|turn|6\n|inactive|padstar36 has 30 seconds left.\n|j| pokejgg\n|\n|t:|1775914654\n|detailschange|p2a: Floette|Floette-Mega, L50, F\n|-mega|p2a: Floette|Floette|Floettite\n|-ability|p2a: Floette|Fairy Aura\n|move|p2b: Incineroar|Helping Hand|p2a: Floette\n|-singleturn|p2a: Floette|Helping Hand|[of] p2b: Incineroar\n|move|p1a: Gardevoir|Protect|p1a: Gardevoir\n|-singleturn|p1a: Gardevoir|Protect\n|move|p1b: Incineroar|Parting Shot|p2a: Floette\n|-unboost|p2a: Floette|atk|1\n|-unboost|p2a: Floette|spa|1\n|\n|t:|1775914663\n|switch|p1b: Kingambit|Kingambit, L50, F|100/100|[from] Parting Shot\n|move|p2a: Floette|Moonblast|p1b: Kingambit\n|-damage|p1b: Kingambit|12/100\n|\n|upkeep\n|turn|7\n|\n|t:|1775914674\n|move|p2a: Floette|Protect|p2a: Floette\n|-singleturn|p2a: Floette|Protect\n|move|p1b: Kingambit|Iron Head|p2a: Floette\n|-activate|p2a: Floette|move: Protect\n|move|p2b: Incineroar|Flare Blitz|p1b: Kingambit\n|-supereffective|p1b: Kingambit|1\n|-damage|p1b: Kingambit|0 fnt\n|faint|p1b: Kingambit\n|-damage|p2b: Incineroar|59/100|[from] Recoil\n|move|p1a: Gardevoir|Hyper Voice|p2b: Incineroar|[spread] p2b\n|-activate|p2a: Floette|move: Protect\n|-damage|p2b: Incineroar|12/100\n|-enditem|p2b: Incineroar|Sitrus Berry|[eat]\n|-heal|p2b: Incineroar|37/100|[from] item: Sitrus Berry\n|\n|upkeep\n|\n|t:|1775914698\n|switch|p1b: Incineroar|Incineroar, L50, F|65/100\n|-ability|p1b: Incineroar|Intimidate|boost\n|-unboost|p2a: Floette|atk|1\n|-unboost|p2b: Incineroar|atk|1\n|turn|8\n|inactive|padstar36 has 30 seconds left.\n|inactive|padstar36 has 20 seconds left.\n|\n|t:|1775914737\n|move|p2a: Floette|Protect||[still]\n|-fail|p2a: Floette\n|move|p2b: Incineroar|Flare Blitz|p1a: Gardevoir\n|-damage|p1a: Gardevoir|7/100\n|-damage|p2b: Incineroar|24/100|[from] Recoil\n|move|p1b: Incineroar|Flare Blitz|p2a: Floette\n|-damage|p2a: Floette|35/100\n|-damage|p1b: Incineroar|49/100|[from] Recoil\n|move|p1a: Gardevoir|Hyper Voice|p2b: Incineroar|[spread] p2a,p2b\n|-damage|p2a: Floette|0 fnt\n|-damage|p2b: Incineroar|0 fnt\n|faint|p2a: Floette\n|faint|p2b: Incineroar\n|\n|-fieldend|move: Trick Room\n|upkeep\n|j| GavilarKholin\n|\n|t:|1775914748\n|switch|p2b: Garchomp|Garchomp, L50, F|100/100\n|turn|9\n|\n|t:|1775914756\n|move|p2b: Garchomp|Earthquake|p1a: Gardevoir|[spread] p1a,p1b\n|-supereffective|p1b: Incineroar|1\n|-damage|p1a: Gardevoir|0 fnt\n|-damage|p1b: Incineroar|0 fnt\n|faint|p1a: Gardevoir\n|faint|p1b: Incineroar\n|\n|upkeep\n|\n|t:|1775914759\n|switch|p1b: Dragapult|Dragapult, L50, M|100/100\n|turn|10\n|\n|t:|1775914777\n|move|p1b: Dragapult|Draco Meteor|p2b: Garchomp\n|-supereffective|p2b: Garchomp|1\n|-enditem|p2b: Garchomp|Haban Berry|[eat]\n|-enditem|p2b: Garchomp|Haban Berry|[weaken]\n|-damage|p2b: Garchomp|37/100\n|-unboost|p1b: Dragapult|spa|2\n|move|p2b: Garchomp|Dragon Claw|p1b: Dragapult\n|-supereffective|p1b: Dragapult|1\n|-enditem|p1b: Dragapult|Focus Sash\n|-damage|p1b: Dragapult|1/100\n|\n|upkeep\n|turn|11\n|\n|t:|1775914786\n|move|p2b: Garchomp|Protect|p2b: Garchomp\n|-singleturn|p2b: Garchomp|Protect\n|move|p1b: Dragapult|Draco Meteor|p2b: Garchomp\n|-activate|p2b: Garchomp|move: Protect\n|\n|upkeep\n|turn|12\n|\n|t:|1775914790\n|move|p1b: Dragapult|Draco Meteor|p2b: Garchomp\n|-supereffective|p2b: Garchomp|1\n|-damage|p2b: Garchomp|0 fnt\n|-unboost|p1b: Dragapult|spa|2\n|faint|p2b: Garchomp\n|\n|win|kennyomeg\n|n|\u2606kennyomeg|kennyomeg\n|n|\u2606padstar36|padstar36\n|n| BB-8-NU|bb8nu\n|n|*Lady Monita |ladymonita\n|n| KeepinDaHeadBZ|keepindaheadbz\n|n| ASilentDragon|asilentdragon\n|n| ulthz25 ognisko|ulthz25ognisko\n|n| tonyisnoob|tonyisnoob\n|n| pokejgg|pokejgg\n|n| GavilarKholin|gavilarkholin\n|l|*Lady Monita \n",
  "uploadtime": 1775914790,
  "views": 9,
  "formatid": "gen9championsvgc2026regma",
  "rating": null,
  "private": 0,
  "password": null
}