{
  "id": "gen9championsvgc2026regma-2583854071",
  "format": "[Gen 9 Champions] VGC 2026 Reg M-A",
  "players": [
    "Zaranius",
    "sprite with no ice"
  ],
  "log": "|j|\u2606Zaranius\n|j|\u2606sprite with no ice\n|t:|1776202889\n|gametype|doubles\n|player|p1|Zaranius|veteran|1045\n|player|p2|sprite with no ice|101|1040\n|gen|9\n|tier|[Gen 9 Champions] VGC 2026 Reg M-A\n|rated|\n|rule|Species Clause: Limit one of each Pok\u00e9mon\n|rule|Item Clause: Limit 1 of each item\n|clearpoke\n|poke|p1|Kingambit, L50, F|\n|poke|p1|Chesnaught, L50, M|\n|poke|p1|Sinistcha, L50|\n|poke|p1|Ninetales-Alola, L50, M|\n|poke|p1|Incineroar, L50, M|\n|poke|p1|Aegislash, L50, F|\n|poke|p2|Floette-Eternal, L50, F|\n|poke|p2|Tyranitar, L50, F|\n|poke|p2|Talonflame, L50, M|\n|poke|p2|Dragapult, L50, M|\n|poke|p2|Incineroar, L50, M|\n|poke|p2|Farigiraf, L50, F|\n|teampreview|4\n|\n|t:|1776202910\n|teamsize|p1|4\n|teamsize|p2|4\n|start\n|switch|p1a: Incineroar|Incineroar, L50, M|100/100\n|switch|p1b: Aegislash|Aegislash, L50, F, shiny|100/100\n|switch|p2a: Talonflame|Talonflame, L50, M|100/100\n|switch|p2b: Incineroar|Incineroar, L50, M|100/100\n|-ability|p2b: Incineroar|Intimidate|boost\n|-unboost|p1a: Incineroar|atk|1\n|-unboost|p1b: Aegislash|atk|1\n|-ability|p1a: Incineroar|Intimidate|boost\n|-unboost|p2a: Talonflame|atk|1\n|-unboost|p2b: Incineroar|atk|1\n|turn|1\n|\n|t:|1776202936\n|switch|p1b: Kingambit|Kingambit, L50, F, shiny|100/100\n|move|p1a: Incineroar|Fake Out|p2a: Talonflame\n|-damage|p2a: Talonflame|91/100\n|cant|p2a: Talonflame|flinch\n|move|p2b: Incineroar|Flare Blitz|p1b: Kingambit\n|-supereffective|p1b: Kingambit|1\n|-damage|p1b: Kingambit|53/100\n|-damage|p2b: Incineroar|85/100|[from] Recoil\n|\n|upkeep\n|turn|2\n|\n|t:|1776202961\n|move|p1b: Kingambit|Protect|p1b: Kingambit\n|-singleturn|p1b: Kingambit|Protect\n|move|p2a: Talonflame|Tailwind|p2a: Talonflame\n|-sidestart|p2: sprite with no ice|move: Tailwind\n|move|p2b: Incineroar|Flare Blitz|p1b: Kingambit\n|-activate|p1b: Kingambit|move: Protect\n|move|p1a: Incineroar|Parting Shot|p2a: Talonflame\n|-unboost|p2a: Talonflame|atk|1\n|-unboost|p2a: Talonflame|spa|1\n|\n|t:|1776202970\n|switch|p1a: Aegislash|Aegislash, L50, F, shiny|100/100|[from] Parting Shot\n|\n|upkeep\n|turn|3\n|\n|t:|1776202995\n|switch|p1b: Incineroar|Incineroar, L50, M|100/100\n|-ability|p1b: Incineroar|Intimidate|boost\n|-unboost|p2a: Talonflame|atk|1\n|-unboost|p2b: Incineroar|atk|1\n|move|p1a: Aegislash|King's Shield|p1a: Aegislash\n|-singleturn|p1a: Aegislash|Protect\n|move|p2a: Talonflame|Will-O-Wisp|p1b: Incineroar\n|-immune|p1b: Incineroar\n|move|p2b: Incineroar|Parting Shot|p1a: Aegislash\n|-unboost|p1a: Aegislash|atk|1\n|-unboost|p1a: Aegislash|spa|1\n|\n|t:|1776203006\n|switch|p2b: Tyranitar|Tyranitar, L50, F|100/100|[from] Parting Shot\n|-weather|Sandstorm|[from] ability: Sand Stream|[of] p2b: Tyranitar\n|\n|-weather|Sandstorm|[upkeep]\n|-damage|p2a: Talonflame|85/100|[from] Sandstorm\n|-damage|p1b: Incineroar|94/100|[from] Sandstorm\n|upkeep\n|turn|4\n|\n|t:|1776203028\n|switch|p2a: Dragapult|Dragapult, L50, M|100/100\n|detailschange|p2b: Tyranitar|Tyranitar-Mega, L50, F\n|-mega|p2b: Tyranitar|Tyranitar|Tyranitarite\n|move|p1b: Incineroar|Fake Out|p2a: Dragapult\n|-immune|p2a: Dragapult\n|move|p1a: Aegislash|Wide Guard|p1a: Aegislash\n|-singleturn|p1a: Aegislash|Wide Guard\n|move|p2b: Tyranitar|Rock Slide|p1b: Incineroar|[spread] \n|-activate|p1a: Aegislash|move: Wide Guard\n|-activate|p1b: Incineroar|move: Wide Guard\n|\n|-weather|Sandstorm|[upkeep]\n|-damage|p2a: Dragapult|94/100|[from] Sandstorm\n|-damage|p1b: Incineroar|88/100|[from] Sandstorm\n|upkeep\n|turn|5\n|\n|t:|1776203050\n|move|p2a: Dragapult|Draco Meteor|p1b: Incineroar|[miss]\n|-miss|p2a: Dragapult|p1b: Incineroar\n|move|p2b: Tyranitar|Earth Power|p1a: Aegislash\n|-supereffective|p1a: Aegislash|1\n|-damage|p1a: Aegislash|74/100\n|move|p1b: Incineroar|Parting Shot|p2b: Tyranitar\n|-unboost|p2b: Tyranitar|atk|1\n|-unboost|p2b: Tyranitar|spa|1\n|\n|t:|1776203061\n|switch|p1b: Sinistcha|Sinistcha, L50|100/100|[from] Parting Shot\n|-heal|p1a: Aegislash|99/100|[from] ability: Hospitality|[of] p1b: Sinistcha\n|-formechange|p1a: Aegislash|Aegislash-Blade|\n|move|p1a: Aegislash|Shadow Ball|p2a: Dragapult\n|-supereffective|p2a: Dragapult|1\n|-damage|p2a: Dragapult|27/100\n|\n|-weather|Sandstorm|[upkeep]\n|-damage|p2a: Dragapult|21/100|[from] Sandstorm\n|-damage|p1b: Sinistcha|95/100|[from] Sandstorm\n|-heal|p1b: Sinistcha|100/100|[from] item: Leftovers\n|-sideend|p2: sprite with no ice|move: Tailwind\n|upkeep\n|turn|6\n|\n|t:|1776203085\n|switch|p2a: Talonflame|Talonflame, L50, M|85/100\n|switch|p2b: Incineroar|Incineroar, L50, M|85/100\n|-ability|p2b: Incineroar|Intimidate|boost\n|-unboost|p1a: Aegislash|atk|1\n|-unboost|p1b: Sinistcha|atk|1\n|switch|p1b: Incineroar|Incineroar, L50, M|88/100\n|-ability|p1b: Incineroar|Intimidate|boost\n|-unboost|p2a: Talonflame|atk|1\n|-unboost|p2b: Incineroar|atk|1\n|-formechange|p1a: Aegislash|Aegislash|\n|move|p1a: Aegislash|King's Shield||[still]\n|-fail|p1a: Aegislash\n|\n|-weather|Sandstorm|[upkeep]\n|-damage|p2a: Talonflame|79/100|[from] Sandstorm\n|-damage|p2b: Incineroar|79/100|[from] Sandstorm\n|-damage|p1b: Incineroar|82/100|[from] Sandstorm\n|upkeep\n|turn|7\n|\n|t:|1776203112\n|move|p1a: Aegislash|King's Shield|p1a: Aegislash\n|-singleturn|p1a: Aegislash|Protect\n|move|p1b: Incineroar|Fake Out|p2a: Talonflame\n|-damage|p2a: Talonflame|65/100\n|move|p2b: Incineroar|Fake Out|p1b: Incineroar\n|-damage|p1b: Incineroar|75/100\n|cant|p2a: Talonflame|flinch\n|\n|-weather|none\n|upkeep\n|turn|8\n|\n|t:|1776203144\n|move|p1a: Aegislash|Wide Guard|p1a: Aegislash\n|-singleturn|p1a: Aegislash|Wide Guard\n|move|p2a: Talonflame|Tailwind|p2a: Talonflame\n|-sidestart|p2: sprite with no ice|move: Tailwind\n|move|p2b: Incineroar|Flare Blitz|p1a: Aegislash\n|-supereffective|p1a: Aegislash|1\n|-enditem|p1a: Aegislash|Occa Berry|[eat]\n|-enditem|p1a: Aegislash|Occa Berry|[weaken]\n|-damage|p1a: Aegislash|74/100\n|-damage|p2b: Incineroar|72/100|[from] Recoil\n|move|p1b: Incineroar|Darkest Lariat|p2a: Talonflame\n|-damage|p2a: Talonflame|21/100\n|\n|upkeep\n|turn|9\n|\n|t:|1776203163\n|move|p1a: Aegislash|King's Shield||[still]\n|-fail|p1a: Aegislash\n|move|p2a: Talonflame|Flare Blitz|p1a: Aegislash\n|-supereffective|p1a: Aegislash|1\n|-damage|p1a: Aegislash|37/100\n|-damage|p2a: Talonflame|11/100|[from] Recoil\n|move|p2b: Incineroar|Flare Blitz|p1a: Aegislash\n|-supereffective|p1a: Aegislash|1\n|-damage|p1a: Aegislash|0 fnt\n|faint|p1a: Aegislash\n|-damage|p2b: Incineroar|63/100|[from] Recoil\n|move|p1b: Incineroar|Parting Shot|p2a: Talonflame\n|-unboost|p2a: Talonflame|atk|1\n|-unboost|p2a: Talonflame|spa|1\n|\n|t:|1776203177\n|switch|p1b: Kingambit|Kingambit, L50, F, shiny|53/100|[from] Parting Shot\n|\n|upkeep\n|\n|t:|1776203180\n|switch|p1a: Sinistcha|Sinistcha, L50|100/100\n|-heal|p1b: Kingambit|78/100|[from] ability: Hospitality|[of] p1a: Sinistcha\n|turn|10\n|\n|t:|1776203194\n|switch|p2b: Tyranitar|Tyranitar-Mega, L50, F|100/100\n|-weather|Sandstorm|[from] ability: Sand Stream|[of] p2b: Tyranitar\n|move|p1b: Kingambit|Sucker Punch||[still]\n|-fail|p1b: Kingambit\n|move|p2a: Talonflame|Will-O-Wisp|p1b: Kingambit\n|-status|p1b: Kingambit|brn\n|move|p1a: Sinistcha|Strength Sap|p2b: Tyranitar\n|-unboost|p2b: Tyranitar|atk|1\n|\n|-weather|Sandstorm|[upkeep]\n|-damage|p2a: Talonflame|5/100|[from] Sandstorm\n|-damage|p1a: Sinistcha|95/100|[from] Sandstorm\n|-heal|p1a: Sinistcha|100/100|[from] item: Leftovers\n|-damage|p1b: Kingambit|72/100 brn|[from] brn\n|upkeep\n|turn|11\n|\n|t:|1776203227\n|switch|p1b: Incineroar|Incineroar, L50, M|75/100\n|-ability|p1b: Incineroar|Intimidate|boost\n|-unboost|p2a: Talonflame|atk|1\n|-unboost|p2b: Tyranitar|atk|1\n|move|p2a: Talonflame|Hurricane|p1a: Sinistcha\n|-supereffective|p1a: Sinistcha|1\n|-damage|p1a: Sinistcha|58/100\n|move|p2b: Tyranitar|Earth Power|p1b: Incineroar\n|-supereffective|p1b: Incineroar|1\n|-damage|p1b: Incineroar|48/100\n|-enditem|p1b: Incineroar|Sitrus Berry|[eat]\n|-heal|p1b: Incineroar|72/100|[from] item: Sitrus Berry\n|move|p1a: Sinistcha|Matcha Gotcha|p2a: Talonflame|[spread] p2a,p2b\n|-resisted|p2a: Talonflame|2\n|-supereffective|p2b: Tyranitar|1\n|-damage|p2a: Talonflame|0 fnt\n|-heal|p1a: Sinistcha|61/100|[from] drain|[of] p2a: Talonflame\n|-damage|p2b: Tyranitar|77/100\n|-heal|p1a: Sinistcha|76/100|[from] drain|[of] p2b: Tyranitar\n|faint|p2a: Talonflame\n|\n|-weather|Sandstorm|[upkeep]\n|-damage|p1a: Sinistcha|71/100|[from] Sandstorm\n|-damage|p1b: Incineroar|66/100|[from] Sandstorm\n|-heal|p1a: Sinistcha|76/100|[from] item: Leftovers\n|-sideend|p2: sprite with no ice|move: Tailwind\n|upkeep\n|\n|t:|1776203250\n|switch|p2a: Dragapult|Dragapult, L50, M|21/100\n|turn|12\n|\n|t:|1776203264\n|switch|p2b: Incineroar|Incineroar, L50, M|63/100\n|-ability|p2b: Incineroar|Intimidate|boost\n|-unboost|p1a: Sinistcha|atk|1\n|-unboost|p1b: Incineroar|atk|1\n|move|p2a: Dragapult|Draco Meteor|p1b: Incineroar\n|-damage|p1b: Incineroar|27/100\n|-unboost|p2a: Dragapult|spa|2\n|move|p1a: Sinistcha|Strength Sap|p2b: Incineroar\n|-unboost|p2b: Incineroar|atk|1\n|-heal|p1a: Sinistcha|100/100\n|move|p1b: Incineroar|Darkest Lariat|p2a: Dragapult\n|-supereffective|p2a: Dragapult|1\n|-damage|p2a: Dragapult|0 fnt\n|faint|p2a: Dragapult\n|\n|-weather|Sandstorm|[upkeep]\n|-damage|p1a: Sinistcha|95/100|[from] Sandstorm\n|-damage|p1b: Incineroar|21/100|[from] Sandstorm\n|-damage|p2b: Incineroar|57/100|[from] Sandstorm\n|-heal|p1a: Sinistcha|100/100|[from] item: Leftovers\n|upkeep\n|\n|t:|1776203282\n|switch|p2a: Tyranitar|Tyranitar-Mega, L50, F|77/100\n|turn|13\n|\n|t:|1776203290\n|move|p1a: Sinistcha|Protect|p1a: Sinistcha\n|-singleturn|p1a: Sinistcha|Protect\n|move|p2a: Tyranitar|Rock Slide|p1a: Sinistcha|[spread] p1b\n|-activate|p1a: Sinistcha|move: Protect\n|-supereffective|p1b: Incineroar|1\n|-damage|p1b: Incineroar|0 fnt\n|faint|p1b: Incineroar\n|move|p2b: Incineroar|Flare Blitz|p1a: Sinistcha\n|-activate|p1a: Sinistcha|move: Protect\n|\n|-weather|Sandstorm|[upkeep]\n|-damage|p1a: Sinistcha|95/100|[from] Sandstorm\n|-damage|p2b: Incineroar|51/100|[from] Sandstorm\n|-heal|p1a: Sinistcha|100/100|[from] item: Leftovers\n|upkeep\n|\n|t:|1776203303\n|switch|p1b: Kingambit|Kingambit, L50, F, shiny|72/100 brn\n|turn|14\n|\n|t:|1776203311\n|move|p2a: Tyranitar|Earth Power|p1b: Kingambit\n|-supereffective|p1b: Kingambit|1\n|-damage|p1b: Kingambit|35/100 brn\n|move|p1a: Sinistcha|Matcha Gotcha|p2b: Incineroar|[spread] p2a,p2b\n|-supereffective|p2a: Tyranitar|1\n|-resisted|p2b: Incineroar|1\n|-damage|p2a: Tyranitar|54/100\n|-damage|p2b: Incineroar|41/100\n|move|p2b: Incineroar|Flare Blitz|p1a: Sinistcha\n|-supereffective|p1a: Sinistcha|1\n|-damage|p1a: Sinistcha|47/100\n|-damage|p2b: Incineroar|27/100|[from] Recoil\n|move|p1b: Kingambit|Swords Dance|p1b: Kingambit\n|-boost|p1b: Kingambit|atk|2\n|\n|-weather|none\n|-heal|p1a: Sinistcha|53/100|[from] item: Leftovers\n|-damage|p1b: Kingambit|29/100 brn|[from] brn\n|upkeep\n|turn|15\n|\n|t:|1776203333\n|move|p1a: Sinistcha|Protect|p1a: Sinistcha\n|-singleturn|p1a: Sinistcha|Protect\n|move|p1b: Kingambit|Sucker Punch|p2b: Incineroar\n|-resisted|p2b: Incineroar|1\n|-damage|p2b: Incineroar|8/100\n|move|p2a: Tyranitar|Earth Power|p1b: Kingambit\n|-supereffective|p1b: Kingambit|1\n|-damage|p1b: Kingambit|0 fnt\n|faint|p1b: Kingambit\n|move|p2b: Incineroar|Flare Blitz|p1a: Sinistcha\n|-activate|p1a: Sinistcha|move: Protect\n|\n|-heal|p1a: Sinistcha|58/100|[from] item: Leftovers\n|upkeep\n|turn|16\n|\n|t:|1776203355\n|move|p2b: Incineroar|Protect|p2b: Incineroar\n|-singleturn|p2b: Incineroar|Protect\n|move|p2a: Tyranitar|Double-Edge|p1a: Sinistcha\n|-immune|p1a: Sinistcha\n|move|p1a: Sinistcha|Matcha Gotcha|p2a: Tyranitar|[spread] p2a\n|-activate|p2b: Incineroar|move: Protect\n|-supereffective|p2a: Tyranitar|1\n|-damage|p2a: Tyranitar|16/100\n|-heal|p1a: Sinistcha|83/100|[from] drain|[of] p2a: Tyranitar\n|\n|-heal|p1a: Sinistcha|89/100|[from] item: Leftovers\n|upkeep\n|turn|17\n|\n|t:|1776203375\n|move|p1a: Sinistcha|Protect|p1a: Sinistcha\n|-singleturn|p1a: Sinistcha|Protect\n|move|p2a: Tyranitar|Rock Slide|p1a: Sinistcha\n|-activate|p1a: Sinistcha|move: Protect\n|move|p2b: Incineroar|Flare Blitz|p1a: Sinistcha\n|-activate|p1a: Sinistcha|move: Protect\n|\n|-heal|p1a: Sinistcha|95/100|[from] item: Leftovers\n|upkeep\n|turn|18\n|\n|t:|1776203386\n|move|p2a: Tyranitar|Rock Slide|p1a: Sinistcha|[miss]\n|-miss|p2a: Tyranitar|p1a: Sinistcha\n|move|p1a: Sinistcha|Matcha Gotcha|p2a: Tyranitar|[spread] p2a,p2b\n|-supereffective|p2a: Tyranitar|1\n|-resisted|p2b: Incineroar|1\n|-damage|p2a: Tyranitar|0 fnt\n|-heal|p1a: Sinistcha|100/100|[from] drain|[of] p2a: Tyranitar\n|-damage|p2b: Incineroar|0 fnt\n|faint|p2a: Tyranitar\n|faint|p2b: Incineroar\n|\n|win|Zaranius\n|raw|Zaranius's rating: 1045 &rarr; <strong>1078</strong><br />(+33 for winning)\n|raw|sprite with no ice's rating: 1040 &rarr; <strong>1024</strong><br />(-16 for losing)\n|l|\u2606sprite with no ice\n|player|p2|\n",
  "uploadtime": 1776203403,
  "views": 33,
  "formatid": "gen9championsvgc2026regma",
  "rating": 1024,
  "private": 0,
  "password": null
}