{
  "id": "gen9championsvgc2026regma-2582422468",
  "format": "[Gen 9 Champions] VGC 2026 Reg M-A",
  "players": [
    "craqui butaneroc",
    "Gaby Glytxii"
  ],
  "log": "|j|\u2606craqui butaneroc\n|j|\u2606Gaby Glytxii\n|t:|1776090668\n|gametype|doubles\n|player|p1|craqui butaneroc|brock|1177\n|player|p2|Gaby Glytxii|102|1108\n|gen|9\n|tier|[Gen 9 Champions] VGC 2026 Reg M-A\n|rated|\n|rule|Species Clause: Limit one of each Pok\u00e9mon\n|rule|Item Clause: Limit 1 of each item\n|clearpoke\n|poke|p1|Basculegion, L50, M|\n|poke|p1|Lucario, L50, F|\n|poke|p1|Sableye, L50, M|\n|poke|p1|Espathra, L50, M|\n|poke|p2|Gallade, L50, M|\n|poke|p2|Volcarona, L50, M|\n|poke|p2|Zoroark-Hisui, L50, M|\n|poke|p2|Rhyperior, L50, F|\n|poke|p2|Tsareena, L50, F|\n|poke|p2|Espeon, L50, M|\n|teampreview|4\n|inactive|Battle timer is ON: inactive players will automatically lose when time's up. (requested by craqui butaneroc)\n|inactive|Gaby Glytxii has 60 seconds left.\n|\n|t:|1776090706\n|teamsize|p1|4\n|teamsize|p2|4\n|start\n|switch|p1a: Sableye|Sableye, L50, M|100/100\n|switch|p1b: Espathra|Espathra, L50, M|100/100\n|switch|p2a: Rhyperior|Rhyperior, L50, F|100/100\n|switch|p2b: Volcarona|Volcarona, L50, M|100/100\n|turn|1\n|l|\u2606craqui butaneroc\n|inactive|craqui butaneroc disconnected and has a minute to reconnect!\n|player|p1|\n|inactive|craqui butaneroc has 30 seconds left.\n|j|\u2606craqui butaneroc\n|inactive|craqui butaneroc reconnected and has 25 seconds left.\n|player|p1|craqui butaneroc|brock|\n|inactive|craqui butaneroc has 20 seconds left.\n|inactive|craqui butaneroc has 15 seconds left.\n|\n|t:|1776090746\n|move|p1a: Sableye|Gravity|p1a: Sableye\n|-fieldstart|move: Gravity\n|move|p1b: Espathra|Hypnosis|p2a: Rhyperior\n|-status|p2a: Rhyperior|slp|[from] move: Hypnosis\n|move|p2b: Volcarona|Tailwind|p2b: Volcarona\n|-sidestart|p2: Gaby Glytxii|move: Tailwind\n|cant|p2a: Rhyperior|slp\n|\n|-ability|p1b: Espathra|Speed Boost|boost\n|-boost|p1b: Espathra|spe|1\n|upkeep\n|turn|2\n|\n|t:|1776090761\n|switch|p1a: Basculegion|Basculegion, L50, M|100/100\n|move|p2b: Volcarona|Light Screen|p2b: Volcarona\n|-sidestart|p2: Gaby Glytxii|move: Light Screen\n|-curestatus|p2a: Rhyperior|slp|[msg]\n|move|p2a: Rhyperior|Shadow Ball|p1b: Espathra\n|-supereffective|p1b: Espathra|1\n|-enditem|p1b: Espathra|Focus Sash\n|-damage|p1b: Espathra|1/100\n|move|p1b: Espathra|Hypnosis|p2b: Volcarona\n|-status|p2b: Volcarona|slp|[from] move: Hypnosis\n|\n|-ability|p1b: Espathra|Speed Boost|boost\n|-boost|p1b: Espathra|spe|1\n|upkeep\n|turn|3\n|inactive|craqui butaneroc has 30 seconds left.\n|\n|t:|1776090790\n|move|p1b: Espathra|Protect|p1b: Espathra\n|-singleturn|p1b: Espathra|Protect\n|cant|p2b: Volcarona|slp\n|move|p2a: Rhyperior|Shadow Ball|p1a: Basculegion\n|-supereffective|p1a: Basculegion|1\n|-damage|p1a: Basculegion|6/100\n|move|p1a: Basculegion|Wave Crash|p2b: Volcarona\n|-supereffective|p2b: Volcarona|1\n|-enditem|p2b: Volcarona|Focus Sash\n|-damage|p2b: Volcarona|1/100 slp\n|-status|p1a: Basculegion|brn|[from] ability: Flame Body|[of] p2b: Volcarona\n|-damage|p1a: Basculegion|0 fnt|[from] Recoil\n|faint|p1a: Basculegion\n|\n|-ability|p1b: Espathra|Speed Boost|boost\n|-boost|p1b: Espathra|spe|1\n|upkeep\n|\n|t:|1776090801\n|switch|p1a: Sableye|Sableye, L50, M|100/100\n|turn|4\n|\n|t:|1776090817\n|move|p1a: Sableye|Feint|p2b: Volcarona\n|-damage|p2b: Volcarona|0 fnt\n|faint|p2b: Volcarona\n|move|p1b: Espathra|Hypnosis|p2a: Rhyperior\n|-status|p2a: Rhyperior|slp|[from] move: Hypnosis\n|cant|p2a: Rhyperior|slp\n|\n|-sideend|p2: Gaby Glytxii|move: Tailwind\n|-ability|p1b: Espathra|Speed Boost|boost\n|-boost|p1b: Espathra|spe|1\n|upkeep\n|\n|t:|1776090823\n|switch|p2b: Gallade|Gallade, L50, M|100/100\n|turn|5\n|\n|t:|1776090834\n|detailschange|p2b: Gallade|Gallade-Mega, L50, M\n|-mega|p2b: Gallade|Gallade|Galladite\n|move|p1b: Espathra|Lumina Crash|p2a: Rhyperior\n|-damage|p2a: Rhyperior|52/100 slp\n|-unboost|p2a: Rhyperior|spd|2\n|replace|p2a: Zoroark|Zoroark-Hisui, L50, M\n|-end|p2a: Zoroark|Illusion\n|move|p2b: Gallade|Rock Slide|p1a: Sableye|[spread] p1a,p1b\n|-crit|p1a: Sableye\n|-damage|p1a: Sableye|53/100\n|-damage|p1b: Espathra|0 fnt\n|faint|p1b: Espathra\n|cant|p2a: Zoroark|slp\n|move|p1a: Sableye|Foul Play|p2a: Zoroark\n|-supereffective|p2a: Zoroark|1\n|-enditem|p2a: Zoroark|Colbur Berry|[eat]\n|-enditem|p2a: Zoroark|Colbur Berry|[weaken]\n|-damage|p2a: Zoroark|0 fnt\n|faint|p2a: Zoroark\n|\n|-fieldend|move: Gravity\n|upkeep\n|\n|t:|1776090857\n|switch|p1b: Lucario|Lucario, L50, F|100/100\n|switch|p2a: Rhyperior|Rhyperior, L50, F|100/100\n|turn|6\n|\n|t:|1776090878\n|detailschange|p1b: Lucario|Lucario-Mega, L50, F\n|-mega|p1b: Lucario|Lucario|Lucarionite\n|move|p1b: Lucario|Close Combat|p2a: Rhyperior\n|-supereffective|p2a: Rhyperior|1\n|-enditem|p2a: Rhyperior|Chople Berry|[eat]\n|-enditem|p2a: Rhyperior|Chople Berry|[weaken]\n|-damage|p2a: Rhyperior|37/100\n|-unboost|p1b: Lucario|def|1\n|-unboost|p1b: Lucario|spd|1\n|move|p2b: Gallade|Drain Punch|p1b: Lucario\n|-supereffective|p1b: Lucario|1\n|-damage|p1b: Lucario|0 fnt\n|faint|p1b: Lucario\n|move|p1a: Sableye|Foul Play|p2b: Gallade\n|-damage|p2b: Gallade|21/100\n|move|p2a: Rhyperior|Brick Break|p1a: Sableye\n|-immune|p1a: Sableye\n|\n|-sideend|p2: Gaby Glytxii|move: Light Screen\n|upkeep\n|turn|7\n|inactive|Gaby Glytxii has 30 seconds left.\n|inactive|Gaby Glytxii has 20 seconds left.\n|inactive|Gaby Glytxii has 15 seconds left.\n|inactive|Gaby Glytxii has 10 seconds left.\n|\n|t:|1776090927\n|move|p2b: Gallade|Rock Slide|p1a: Sableye\n|-damage|p1a: Sableye|16/100\n|move|p1a: Sableye|Foul Play|p2b: Gallade\n|-damage|p2b: Gallade|0 fnt\n|faint|p2b: Gallade\n|move|p2a: Rhyperior|Thunder Punch|p1a: Sableye\n|-damage|p1a: Sableye|0 fnt\n|faint|p1a: Sableye\n|\n|win|Gaby Glytxii\n|raw|craqui butaneroc's rating: 1177 &rarr; <strong>1147</strong><br />(-30 for losing)\n|raw|Gaby Glytxii's rating: 1108 &rarr; <strong>1138</strong><br />(+30 for winning)\n|l|\u2606craqui butaneroc\n|player|p1|\n|l|\u2606Gaby Glytxii\n|player|p2|\n|j|\u2606Gaby Glytxii\n|player|p2|Gaby Glytxii|102|\n",
  "uploadtime": 1776091087,
  "views": 13,
  "formatid": "gen9championsvgc2026regma",
  "rating": 1138,
  "private": 0,
  "password": null
}