{
  "id": "gen9championsvgc2026regma-2580918254",
  "format": "[Gen 9 Champions] VGC 2026 Reg M-A",
  "players": [
    "galindox",
    "samu7gome"
  ],
  "log": "|j|\u2606galindox\n|j|\u2606samu7gome\n|t:|1775943251\n|gametype|doubles\n|player|p1|galindox|rosa|1094\n|player|p2|samu7gome|102|1076\n|gen|9\n|tier|[Gen 9 Champions] VGC 2026 Reg M-A\n|rated|\n|rule|Species Clause: Limit one of each Pok\u00e9mon\n|rule|Item Clause: Limit 1 of each item\n|clearpoke\n|poke|p1|Froslass, L50, F|\n|poke|p1|Garchomp, L50, M|\n|poke|p1|Orthworm, L50, F|\n|poke|p1|Incineroar, L50, M|\n|poke|p1|Rotom-Frost, L50|\n|poke|p1|Basculegion, L50, M|\n|poke|p2|Arcanine-Hisui, L50, M|\n|poke|p2|Kingambit, L50, M|\n|poke|p2|Palafin, L50, F|\n|poke|p2|Froslass, L50, F|\n|poke|p2|Sinistcha, L50|\n|poke|p2|Sneasler, L50, M|\n|teampreview|4\n|inactive|Battle timer is ON: inactive players will automatically lose when time's up. (requested by samu7gome)\n|\n|t:|1775943280\n|teamsize|p1|4\n|teamsize|p2|4\n|start\n|switch|p1a: Garchomp|Garchomp, L50, M|100/100\n|switch|p1b: Orthworm|Orthworm, L50, F|100/100\n|switch|p2a: Froslass|Froslass, L50, F|100/100\n|switch|p2b: Arcanine|Arcanine-Hisui, L50, M|100/100\n|-ability|p2b: Arcanine|Intimidate|boost\n|-unboost|p1a: Garchomp|atk|1\n|-unboost|p1b: Orthworm|atk|1\n|turn|1\n|inactive|samu7gome has 30 seconds left.\n|inactive|galindox has 30 seconds left.\n|inactive|galindox has 20 seconds left.\n|inactive|galindox has 15 seconds left.\n|inactive|galindox has 10 seconds left.\n|\n|t:|1775943331\n|detailschange|p2a: Froslass|Froslass-Mega, L50, F\n|-mega|p2a: Froslass|Froslass|Froslassite\n|-weather|Snowscape|[from] ability: Snow Warning|[of] p2a: Froslass\n|move|p2a: Froslass|Protect|p2a: Froslass\n|-singleturn|p2a: Froslass|Protect\n|move|p1a: Garchomp|Earthquake|p2a: Froslass|[spread] p2b\n|-activate|p2a: Froslass|move: Protect\n|-immune|p1b: Orthworm|[from] ability: Earth Eater\n|-supereffective|p2b: Arcanine|2\n|-enditem|p2b: Arcanine|Focus Sash\n|-damage|p2b: Arcanine|1/100\n|move|p2b: Arcanine|Rock Slide|p1a: Garchomp|[spread] p1a,p1b\n|-resisted|p1a: Garchomp|1\n|-resisted|p1b: Orthworm|1\n|-damage|p1a: Garchomp|86/100\n|-damage|p1b: Orthworm|94/100\n|move|p1b: Orthworm|Shed Tail|p1b: Orthworm\n|-start|p1b: Orthworm|Substitute|[from] move: Shed Tail\n|-damage|p1b: Orthworm|43/100\n|-enditem|p1b: Orthworm|Sitrus Berry|[eat]\n|-heal|p1b: Orthworm|68/100|[from] item: Sitrus Berry\n|\n|t:|1775943350\n|switch|p1b: Froslass|Froslass, L50, F|100/100|[from] Shed Tail\n|\n|-weather|Snowscape|[upkeep]\n|upkeep\n|turn|2\n|inactive|galindox has 30 seconds left.\n|inactive|galindox has 20 seconds left.\n|inactive|galindox has 15 seconds left.\n|\n|t:|1775943391\n|detailschange|p1b: Froslass|Froslass-Mega, L50, F\n|-mega|p1b: Froslass|Froslass|Froslassite\n|move|p1a: Garchomp|Protect|p1a: Garchomp\n|-singleturn|p1a: Garchomp|Protect\n|move|p2b: Arcanine|Extreme Speed|p1a: Garchomp\n|-activate|p1a: Garchomp|move: Protect\n|move|p1b: Froslass|Shadow Ball|p2a: Froslass\n|-supereffective|p2a: Froslass|1\n|-damage|p2a: Froslass|0 fnt\n|faint|p2a: Froslass\n|\n|-weather|Snowscape|[upkeep]\n|upkeep\n|\n|t:|1775943398\n|switch|p2a: Palafin|Palafin, L50, F|100/100\n|turn|3\n|inactive|galindox has 30 seconds left.\n|\n|t:|1775943425\n|move|p2b: Arcanine|Extreme Speed|p1a: Garchomp\n|-damage|p1a: Garchomp|60/100\n|-damage|p2b: Arcanine|0 fnt|[from] ability: Rough Skin|[of] p1a: Garchomp\n|faint|p2b: Arcanine\n|move|p1b: Froslass|Shadow Ball|p2a: Palafin\n|-damage|p2a: Palafin|54/100\n|move|p1a: Garchomp|Dragon Claw|p2a: Palafin\n|-damage|p2a: Palafin|19/100\n|move|p2a: Palafin|Flip Turn|p1a: Garchomp\n|-damage|p1a: Garchomp|38/100\n|-damage|p2a: Palafin|7/100|[from] ability: Rough Skin|[of] p1a: Garchomp\n|\n|t:|1775943436\n|detailschange|p2a: Palafin|Palafin-Hero, L50, F\n|switch|p2a: Kingambit|Kingambit, L50, M|100/100|[from] Flip Turn\n|\n|-weather|Snowscape|[upkeep]\n|upkeep\n|\n|t:|1775943438\n|switch|p2b: Palafin|Palafin-Hero, L50, F|7/100\n|-activate|p2b: Palafin|ability: Zero to Hero\n|turn|4\n|\n|t:|1775943448\n|move|p1a: Garchomp|Protect|p1a: Garchomp\n|-singleturn|p1a: Garchomp|Protect\n|move|p2b: Palafin|Jet Punch|p1a: Garchomp\n|-activate|p1a: Garchomp|move: Protect\n|move|p1b: Froslass|Blizzard|p2a: Kingambit|[spread] p2a,p2b\n|-resisted|p2a: Kingambit|1\n|-crit|p2a: Kingambit\n|-resisted|p2b: Palafin|1\n|-damage|p2a: Kingambit|69/100\n|-damage|p2b: Palafin|0 fnt\n|faint|p2b: Palafin\n|move|p2a: Kingambit|Kowtow Cleave|p1b: Froslass\n|-supereffective|p1b: Froslass|1\n|-end|p1b: Froslass|Substitute\n|\n|-weather|Snowscape|[upkeep]\n|upkeep\n|turn|5\n|inactive|galindox has 30 seconds left.\n|\n|t:|1775943479\n|switch|p1a: Rotom|Rotom-Frost, L50|100/100\n|move|p1b: Froslass|Protect|p1b: Froslass\n|-singleturn|p1b: Froslass|Protect\n|move|p2a: Kingambit|Sucker Punch||[still]\n|-fail|p2a: Kingambit\n|\n|-weather|none\n|upkeep\n|turn|6\n|\n|t:|1775943495\n|switch|p1b: Orthworm|Orthworm, L50, F|68/100\n|move|p1a: Rotom|Protect|p1a: Rotom\n|-singleturn|p1a: Rotom|Protect\n|move|p2a: Kingambit|Kowtow Cleave|p1b: Orthworm\n|-damage|p1b: Orthworm|38/100\n|\n|upkeep\n|turn|7\n|\n|t:|1775943506\n|switch|p1a: Froslass|Froslass-Mega, L50, F|100/100\n|-weather|Snowscape|[from] ability: Snow Warning|[of] p1a: Froslass\n|move|p1b: Orthworm|Body Press|p2a: Kingambit\n|-supereffective|p2a: Kingambit|2\n|-damage|p2a: Kingambit|0 fnt\n|faint|p2a: Kingambit\n|\n|win|galindox\n|raw|galindox's rating: 1094 &rarr; <strong>1119</strong><br />(+25 for winning)\n|raw|samu7gome's rating: 1076 &rarr; <strong>1056</strong><br />(-20 for losing)\n|c|\u2606galindox|ggs\n|l|\u2606galindox\n|player|p1|\n",
  "uploadtime": 1775943581,
  "views": 14,
  "formatid": "gen9championsvgc2026regma",
  "rating": 1056,
  "private": 0,
  "password": null
}