{
  "id": "gen9championsvgc2026regma-2589422892",
  "format": "[Gen 9 Champions] VGC 2026 Reg M-A",
  "players": [
    "taxo0",
    "draconious101"
  ],
  "log": "|j|\u2606taxo0\n|j|\u2606draconious101\n|t:|1776721681\n|gametype|doubles\n|player|p1|taxo0|psychic-gen4|1059\n|player|p2|draconious101|blue|1067\n|gen|9\n|tier|[Gen 9 Champions] VGC 2026 Reg M-A\n|rated|\n|rule|Species Clause: Limit one of each Pok\u00e9mon\n|rule|Item Clause: Limit 1 of each item\n|clearpoke\n|poke|p1|Gardevoir, L50, F, shiny|\n|poke|p1|Sinistcha, L50|\n|poke|p1|Talonflame, L50, M, shiny|\n|poke|p1|Milotic, L50, F, shiny|\n|poke|p1|Aegislash, L50, F|\n|poke|p1|Krookodile, L50, M|\n|poke|p2|Alakazam, L50, F|\n|poke|p2|Crabominable, L50, F|\n|poke|p2|Kommo-o, L50, M|\n|poke|p2|Kingambit, L50, F|\n|poke|p2|Aerodactyl, L50, F|\n|poke|p2|Golurk, L50|\n|teampreview|4\n|\n|t:|1776721723\n|teamsize|p1|4\n|teamsize|p2|4\n|start\n|switch|p1a: Vanitas|Gardevoir, L50, F, shiny|100/100\n|switch|p1b: Sinistcha|Sinistcha, L50|100/100\n|switch|p2a: Alakazam|Alakazam, L50, F|100/100\n|switch|p2b: Crabominable|Crabominable, L50, F|100/100\n|-ability|p1a: Vanitas|Inner Focus|Trace|[from] ability: Trace|[of] p2a: Alakazam\n|turn|1\n|\n|t:|1776721745\n|detailschange|p1a: Vanitas|Gardevoir-Mega, L50, F, shiny\n|-mega|p1a: Vanitas|Gardevoir|Gardevoirite\n|detailschange|p2b: Crabominable|Crabominable-Mega, L50, F\n|-mega|p2b: Crabominable|Crabominable|Crabominite\n|move|p2a: Alakazam|Speed Swap|p2b: Crabominable\n|-activate|p2a: Alakazam|move: Speed Swap|[of] p2b: Crabominable\n|move|p2b: Crabominable|Ice Punch|p1a: Vanitas\n|-damage|p1a: Vanitas|10/100\n|move|p1a: Vanitas|Aura Sphere|p2b: Crabominable\n|-supereffective|p2b: Crabominable|1\n|-damage|p2b: Crabominable|38/100\n|move|p1b: Sinistcha|Trick Room|p1b: Sinistcha\n|-fieldstart|move: Trick Room|[of] p1b: Sinistcha\n|\n|upkeep\n|turn|2\n|\n|t:|1776721776\n|switch|p1b: Aegislash|Aegislash, L50, F|100/100\n|move|p2b: Crabominable|Mach Punch|p1a: Vanitas\n|-resisted|p1a: Vanitas|2\n|-damage|p1a: Vanitas|0 fnt\n|faint|p1a: Vanitas\n|move|p2a: Alakazam|Encore||[still]\n|-fail|p2a: Alakazam\n|\n|upkeep\n|\n|t:|1776721785\n|switch|p1a: Krookodile|Krookodile, L50, M|100/100\n|-ability|p1a: Krookodile|Intimidate|boost\n|-fail|p2a: Alakazam|unboost|Attack|[from] ability: Inner Focus|[of] p2a: Alakazam\n|-unboost|p2b: Crabominable|atk|1\n|turn|3\n|\n|t:|1776721800\n|switch|p2a: Kingambit|Kingambit, L50, F|100/100\n|move|p1a: Krookodile|Protect|p1a: Krookodile\n|-singleturn|p1a: Krookodile|Protect\n|move|p2b: Crabominable|Protect|p2b: Crabominable\n|-singleturn|p2b: Crabominable|Protect\n|-formechange|p1b: Aegislash|Aegislash-Blade|\n|move|p1b: Aegislash|Iron Head|p2b: Crabominable\n|-activate|p2b: Crabominable|move: Protect\n|\n|upkeep\n|turn|4\n|\n|t:|1776721821\n|switch|p1a: Sinistcha|Sinistcha, L50|100/100\n|move|p2a: Kingambit|Swords Dance|p2a: Kingambit\n|-boost|p2a: Kingambit|atk|2\n|move|p1b: Aegislash|Iron Head|p2b: Crabominable\n|-supereffective|p2b: Crabominable|1\n|-damage|p2b: Crabominable|0 fnt\n|faint|p2b: Crabominable\n|\n|upkeep\n|\n|t:|1776721826\n|switch|p2b: Alakazam|Alakazam, L50, F|100/100\n|turn|5\n|\n|t:|1776721841\n|move|p2a: Kingambit|Iron Head|p1a: Sinistcha\n|-damage|p1a: Sinistcha|17/100\n|move|p1b: Aegislash|Poltergeist|p2b: Alakazam\n|-activate|p2b: Alakazam|move: Poltergeist|Focus Sash\n|-supereffective|p2b: Alakazam|1\n|-enditem|p2b: Alakazam|Focus Sash\n|-damage|p2b: Alakazam|1/100\n|move|p1a: Sinistcha|Matcha Gotcha|p2b: Alakazam|[spread] p2a,p2b\n|-resisted|p2a: Kingambit|1\n|-damage|p2a: Kingambit|87/100\n|-heal|p1a: Sinistcha|26/100|[from] drain|[of] p2a: Kingambit\n|-damage|p2b: Alakazam|0 fnt\n|-heal|p1a: Sinistcha|27/100|[from] drain|[of] p2b: Alakazam\n|-status|p2a: Kingambit|brn\n|faint|p2b: Alakazam\n|\n|-heal|p2a: Kingambit|93/100 brn|[from] item: Leftovers\n|-heal|p1a: Sinistcha|33/100|[from] item: Leftovers\n|-damage|p2a: Kingambit|87/100 brn|[from] brn\n|-fieldend|move: Trick Room\n|upkeep\n|\n|t:|1776721857\n|switch|p2b: Kommo-o|Kommo-o, L50, M|100/100\n|turn|6\n|\n|t:|1776721880\n|-formechange|p1b: Aegislash|Aegislash|\n|move|p1b: Aegislash|King's Shield|p1b: Aegislash\n|-singleturn|p1b: Aegislash|Protect\n|move|p2a: Kingambit|Sucker Punch||[still]\n|-fail|p2a: Kingambit\n|move|p2b: Kommo-o|Outrage|p1b: Aegislash\n|-activate|p1b: Aegislash|move: Protect\n|-unboost|p2b: Kommo-o|atk|1\n|move|p1a: Sinistcha|Trick Room|p1a: Sinistcha\n|-fieldstart|move: Trick Room|[of] p1a: Sinistcha\n|\n|-heal|p2a: Kingambit|93/100 brn|[from] item: Leftovers\n|-heal|p1a: Sinistcha|39/100|[from] item: Leftovers\n|-damage|p2a: Kingambit|87/100 brn|[from] brn\n|upkeep\n|turn|7\n|\n|t:|1776721897\n|move|p2a: Kingambit|Sucker Punch||[still]\n|-fail|p2a: Kingambit\n|move|p1b: Aegislash|Swords Dance|p1b: Aegislash\n|-boost|p1b: Aegislash|atk|2\n|move|p1a: Sinistcha|Strength Sap|p2b: Kommo-o\n|-unboost|p2b: Kommo-o|atk|1\n|-heal|p1a: Sinistcha|100/100\n|move|p2b: Kommo-o|Outrage|p1b: Aegislash\n|-resisted|p1b: Aegislash|1\n|-damage|p1b: Aegislash|87/100\n|\n|-heal|p2a: Kingambit|93/100 brn|[from] item: Leftovers\n|-damage|p2a: Kingambit|87/100 brn|[from] brn\n|upkeep\n|turn|8\n|\n|t:|1776721916\n|move|p1b: Aegislash|King's Shield|p1b: Aegislash\n|-singleturn|p1b: Aegislash|Protect\n|move|p2a: Kingambit|Sucker Punch||[still]\n|-fail|p2a: Kingambit\n|move|p1a: Sinistcha|Strength Sap|p2b: Kommo-o\n|-unboost|p2b: Kommo-o|atk|1\n|move|p2b: Kommo-o|Outrage|p1b: Aegislash|[from] lockedmove\n|-activate|p1b: Aegislash|move: Protect\n|-unboost|p2b: Kommo-o|atk|1\n|\n|-heal|p2a: Kingambit|93/100 brn|[from] item: Leftovers\n|-damage|p2a: Kingambit|87/100 brn|[from] brn\n|upkeep\n|turn|9\n|\n|t:|1776721933\n|move|p2a: Kingambit|Swords Dance|p2a: Kingambit\n|-boost|p2a: Kingambit|atk|2\n|move|p1b: Aegislash|Swords Dance|p1b: Aegislash\n|-boost|p1b: Aegislash|atk|2\n|move|p1a: Sinistcha|Strength Sap|p2b: Kommo-o\n|-unboost|p2b: Kommo-o|atk|1\n|move|p2b: Kommo-o|Outrage|p1b: Aegislash\n|-resisted|p1b: Aegislash|1\n|-damage|p1b: Aegislash|80/100\n|\n|-heal|p2a: Kingambit|93/100 brn|[from] item: Leftovers\n|-damage|p2a: Kingambit|87/100 brn|[from] brn\n|upkeep\n|turn|10\n|\n|t:|1776721962\n|move|p2a: Kingambit|Sucker Punch||[still]\n|-fail|p2a: Kingambit\n|move|p1b: Aegislash|Swords Dance|p1b: Aegislash\n|-boost|p1b: Aegislash|atk|2\n|move|p1a: Sinistcha|Matcha Gotcha|p2a: Kingambit|[spread] p2a\n|-miss|p1a: Sinistcha|p2b: Kommo-o\n|-resisted|p2a: Kingambit|1\n|-damage|p2a: Kingambit|74/100 brn\n|move|p2b: Kommo-o|Outrage|p1b: Aegislash|[from] lockedmove\n|-resisted|p1b: Aegislash|1\n|-damage|p1b: Aegislash|72/100\n|\n|-heal|p2a: Kingambit|80/100 brn|[from] item: Leftovers\n|-damage|p2a: Kingambit|74/100 brn|[from] brn\n|-fieldend|move: Trick Room\n|upkeep\n|turn|11\n|\n|t:|1776721982\n|move|p1b: Aegislash|King's Shield|p1b: Aegislash\n|-singleturn|p1b: Aegislash|Protect\n|move|p2a: Kingambit|Sucker Punch||[still]\n|-fail|p2a: Kingambit\n|move|p2b: Kommo-o|Outrage|p1b: Aegislash|[from] lockedmove\n|-activate|p1b: Aegislash|move: Protect\n|-unboost|p2b: Kommo-o|atk|1\n|-start|p2b: Kommo-o|confusion|[fatigue]\n|move|p1a: Sinistcha|Trick Room|p1a: Sinistcha\n|-fieldstart|move: Trick Room|[of] p1a: Sinistcha\n|\n|-heal|p2a: Kingambit|80/100 brn|[from] item: Leftovers\n|-damage|p2a: Kingambit|74/100 brn|[from] brn\n|upkeep\n|turn|12\n|\n|t:|1776722002\n|move|p2a: Kingambit|Sucker Punch||[still]\n|-fail|p2a: Kingambit\n|move|p1b: Aegislash|Swords Dance|p1b: Aegislash\n|-boost|p1b: Aegislash|atk|0\n|move|p1a: Sinistcha|Strength Sap||[still]\n|-fail|p1a: Sinistcha\n|-activate|p2b: Kommo-o|confusion\n|-damage|p2b: Kommo-o|97/100|[from] confusion\n|\n|-heal|p2a: Kingambit|80/100 brn|[from] item: Leftovers\n|-damage|p2a: Kingambit|74/100 brn|[from] brn\n|upkeep\n|turn|13\n|\n|t:|1776722019\n|move|p2a: Kingambit|Protect|p2a: Kingambit\n|-singleturn|p2a: Kingambit|Protect\n|move|p1b: Aegislash|King's Shield|p1b: Aegislash\n|-singleturn|p1b: Aegislash|Protect\n|move|p1a: Sinistcha|Matcha Gotcha|p2a: Kingambit|[spread] p2b\n|-activate|p2a: Kingambit|move: Protect\n|-resisted|p2b: Kommo-o|1\n|-damage|p2b: Kommo-o|86/100\n|-activate|p2b: Kommo-o|confusion\n|move|p2b: Kommo-o|Outrage|p1a: Sinistcha\n|-damage|p1a: Sinistcha|88/100\n|\n|-heal|p2a: Kingambit|80/100 brn|[from] item: Leftovers\n|-heal|p1a: Sinistcha|94/100|[from] item: Leftovers\n|-damage|p2a: Kingambit|74/100 brn|[from] brn\n|upkeep\n|turn|14\n|\n|t:|1776722040\n|move|p2a: Kingambit|Iron Head|p1a: Sinistcha\n|-damage|p1a: Sinistcha|35/100\n|move|p1b: Aegislash|Swords Dance|p1b: Aegislash\n|-boost|p1b: Aegislash|atk|0\n|move|p1a: Sinistcha|Matcha Gotcha|p2b: Kommo-o|[spread] p2a,p2b\n|-resisted|p2a: Kingambit|1\n|-resisted|p2b: Kommo-o|1\n|-damage|p2a: Kingambit|62/100 brn\n|-heal|p1a: Sinistcha|44/100|[from] drain|[of] p2a: Kingambit\n|-damage|p2b: Kommo-o|73/100\n|-heal|p1a: Sinistcha|51/100|[from] drain|[of] p2b: Kommo-o\n|-status|p2b: Kommo-o|brn\n|-end|p2b: Kommo-o|confusion\n|move|p2b: Kommo-o|Outrage|p1b: Aegislash|[from] lockedmove\n|-resisted|p1b: Aegislash|1\n|-damage|p1b: Aegislash|69/100\n|\n|-heal|p2a: Kingambit|68/100 brn|[from] item: Leftovers\n|-heal|p1a: Sinistcha|57/100|[from] item: Leftovers\n|-damage|p2a: Kingambit|62/100 brn|[from] brn\n|-damage|p2b: Kommo-o|67/100 brn|[from] brn\n|upkeep\n|turn|15\n|\n|t:|1776722070\n|move|p2a: Kingambit|Protect|p2a: Kingambit\n|-singleturn|p2a: Kingambit|Protect\n|-formechange|p1b: Aegislash|Aegislash-Blade|\n|move|p1b: Aegislash|Poltergeist|p2b: Kommo-o\n|-activate|p2b: Kommo-o|move: Poltergeist|Choice Scarf\n|-damage|p2b: Kommo-o|0 fnt\n|faint|p2b: Kommo-o\n|move|p1a: Sinistcha|Strength Sap|p2a: Kingambit\n|-activate|p2a: Kingambit|move: Protect\n|\n|-heal|p2a: Kingambit|68/100 brn|[from] item: Leftovers\n|-heal|p1a: Sinistcha|63/100|[from] item: Leftovers\n|-damage|p2a: Kingambit|62/100 brn|[from] brn\n|-fieldend|move: Trick Room\n|upkeep\n|turn|16\n|\n|t:|1776722088\n|-formechange|p1b: Aegislash|Aegislash|\n|move|p1b: Aegislash|King's Shield|p1b: Aegislash\n|-singleturn|p1b: Aegislash|Protect\n|move|p1a: Sinistcha|Rage Powder|p1a: Sinistcha\n|-singleturn|p1a: Sinistcha|move: Rage Powder\n|move|p2a: Kingambit|Sucker Punch||[still]\n|-fail|p2a: Kingambit\n|\n|-heal|p1a: Sinistcha|69/100|[from] item: Leftovers\n|-heal|p2a: Kingambit|68/100 brn|[from] item: Leftovers\n|-damage|p2a: Kingambit|62/100 brn|[from] brn\n|upkeep\n|turn|17\n|\n|t:|1776722104\n|move|p1b: Aegislash|Swords Dance|p1b: Aegislash\n|-boost|p1b: Aegislash|atk|0\n|move|p2a: Kingambit|Iron Head|p1a: Sinistcha\n|-damage|p1a: Sinistcha|10/100\n|move|p1a: Sinistcha|Trick Room|p1a: Sinistcha\n|-fieldstart|move: Trick Room|[of] p1a: Sinistcha\n|\n|-heal|p2a: Kingambit|68/100 brn|[from] item: Leftovers\n|-heal|p1a: Sinistcha|16/100|[from] item: Leftovers\n|-damage|p2a: Kingambit|62/100 brn|[from] brn\n|upkeep\n|turn|18\n|\n|t:|1776722119\n|move|p1b: Aegislash|King's Shield|p1b: Aegislash\n|-singleturn|p1b: Aegislash|Protect\n|move|p2a: Kingambit|Iron Head|p1a: Sinistcha\n|-damage|p1a: Sinistcha|0 fnt\n|faint|p1a: Sinistcha\n|\n|-heal|p2a: Kingambit|68/100 brn|[from] item: Leftovers\n|-damage|p2a: Kingambit|62/100 brn|[from] brn\n|upkeep\n|\n|t:|1776722127\n|switch|p1a: Krookodile|Krookodile, L50, M|100/100\n|-ability|p1a: Krookodile|Intimidate|boost\n|-unboost|p2a: Kingambit|atk|1\n|-ability|p2a: Kingambit|Defiant|boost\n|-boost|p2a: Kingambit|atk|2\n|turn|19\n|\n|t:|1776722137\n|move|p2a: Kingambit|Iron Head|p1a: Krookodile\n|-damage|p1a: Krookodile|22/100\n|-formechange|p1b: Aegislash|Aegislash-Blade|\n|move|p1b: Aegislash|Iron Head|p2a: Kingambit\n|-resisted|p2a: Kingambit|1\n|-damage|p2a: Kingambit|0 fnt\n|faint|p2a: Kingambit\n|\n|win|taxo0\n|raw|taxo0's rating: 1059 &rarr; <strong>1091</strong><br />(+32 for winning)\n|raw|draconious101's rating: 1067 &rarr; <strong>1046</strong><br />(-21 for losing)\n|l|\u2606draconious101\n|player|p2|\n",
  "uploadtime": 1776722145,
  "views": 14,
  "formatid": "gen9championsvgc2026regma",
  "rating": 1046,
  "private": 0,
  "password": null
}