{
  "id": "gen9championsvgc2026regma-2584752653",
  "format": "[Gen 9 Champions] VGC 2026 Reg M-A",
  "players": [
    "battle sim trainer",
    "bandidolazaro"
  ],
  "log": "|j|\u2606battle sim trainer\n|j|\u2606bandidolazaro\n|t:|1776281186\n|gametype|doubles\n|player|p1|battle sim trainer|turo|1144\n|player|p2|bandidolazaro|1|1206\n|gen|9\n|tier|[Gen 9 Champions] VGC 2026 Reg M-A\n|rated|\n|rule|Species Clause: Limit one of each Pok\u00e9mon\n|rule|Item Clause: Limit 1 of each item\n|clearpoke\n|poke|p1|Farigiraf, L50, M|\n|poke|p1|Sinistcha, L50|\n|poke|p1|Slowbro, L50, F|\n|poke|p1|Crabominable, L50, F|\n|poke|p1|Medicham, L50, M|\n|poke|p1|Torkoal, L50, F|\n|poke|p2|Delphox, L50, F|\n|poke|p2|Garchomp, L50, M|\n|poke|p2|Sneasler, L50, F|\n|poke|p2|Kingambit, L50, F|\n|poke|p2|Sinistcha, L50|\n|poke|p2|Rotom-Wash, L50|\n|teampreview|4\n|inactive|Battle timer is ON: inactive players will automatically lose when time's up. (requested by bandidolazaro)\n|\n|t:|1776281250\n|teamsize|p1|4\n|teamsize|p2|4\n|start\n|switch|p1a: Farigiraf|Farigiraf, L50, M|100/100\n|switch|p1b: Sinistcha|Sinistcha, L50|100/100\n|switch|p2a: Sneasler|Sneasler, L50, F|100/100\n|switch|p2b: Kingambit|Kingambit, L50, F|100/100\n|turn|1\n|inactive|bandidolazaro has 30 seconds left.\n|\n|t:|1776281278\n|move|p1b: Sinistcha|Rage Powder|p1b: Sinistcha\n|-singleturn|p1b: Sinistcha|move: Rage Powder\n|move|p2a: Sneasler|Dire Claw|p1b: Sinistcha\n|-damage|p1b: Sinistcha|68/100\n|move|p2b: Kingambit|Swords Dance|p2b: Kingambit\n|-boost|p2b: Kingambit|atk|2\n|move|p1a: Farigiraf|Trick Room|p1a: Farigiraf\n|-fieldstart|move: Trick Room|[of] p1a: Farigiraf\n|\n|upkeep\n|turn|2\n|inactive|battle sim trainer has 30 seconds left.\n|\n|t:|1776281306\n|switch|p1a: Torkoal|Torkoal, L50, F|100/100\n|-weather|SunnyDay|[from] ability: Drought|[of] p1a: Torkoal\n|move|p1b: Sinistcha|Rage Powder|p1b: Sinistcha\n|-singleturn|p1b: Sinistcha|move: Rage Powder\n|move|p2b: Kingambit|Kowtow Cleave|p1b: Sinistcha\n|-supereffective|p1b: Sinistcha|1\n|-damage|p1b: Sinistcha|0 fnt\n|faint|p1b: Sinistcha\n|move|p2a: Sneasler|Dire Claw|p1a: Torkoal\n|-damage|p1a: Torkoal|70/100\n|-status|p1a: Torkoal|par\n|\n|-weather|SunnyDay|[upkeep]\n|upkeep\n|\n|t:|1776281319\n|switch|p1b: Crabominable|Crabominable, L50, F|100/100\n|turn|3\n|\n|t:|1776281344\n|detailschange|p1b: Crabominable|Crabominable-Mega, L50, F\n|-mega|p1b: Crabominable|Crabominable|Crabominite\n|move|p2b: Kingambit|Protect|p2b: Kingambit\n|-singleturn|p2b: Kingambit|Protect\n|move|p1a: Torkoal|Eruption|p2a: Sneasler|[spread] p2a\n|-activate|p2b: Kingambit|move: Protect\n|-damage|p2a: Sneasler|12/100\n|move|p1b: Crabominable|Drain Punch|p2b: Kingambit\n|-activate|p2b: Kingambit|move: Protect\n|move|p2a: Sneasler|Close Combat|p1b: Crabominable\n|-supereffective|p1b: Crabominable|1\n|-damage|p1b: Crabominable|2/100\n|-unboost|p2a: Sneasler|def|1\n|-unboost|p2a: Sneasler|spd|1\n|\n|-weather|SunnyDay|[upkeep]\n|upkeep\n|turn|4\n|inactive|battle sim trainer has 30 seconds left.\n|inactive|bandidolazaro has 30 seconds left.\n|inactive|bandidolazaro has 20 seconds left.\n|inactive|battle sim trainer has 20 seconds left.\n|inactive|bandidolazaro has 15 seconds left.\n|inactive|battle sim trainer has 15 seconds left.\n|\n|t:|1776281393\n|switch|p1b: Farigiraf|Farigiraf, L50, M|100/100\n|move|p2a: Sneasler|Protect|p2a: Sneasler\n|-singleturn|p2a: Sneasler|Protect\n|move|p2b: Kingambit|Sucker Punch||[still]\n|cant|p1b: Farigiraf|ability: Armor Tail|Sucker Punch|[of] p2b: Kingambit\n|move|p1a: Torkoal|Eruption|p2b: Kingambit|[spread] p2b\n|-activate|p2a: Sneasler|move: Protect\n|-supereffective|p2b: Kingambit|1\n|-damage|p2b: Kingambit|0 fnt\n|faint|p2b: Kingambit\n|\n|-weather|SunnyDay|[upkeep]\n|upkeep\n|\n|t:|1776281406\n|switch|p2b: Sinistcha|Sinistcha, L50|100/100\n|-heal|p2a: Sneasler|37/100|[from] ability: Hospitality|[of] p2b: Sinistcha\n|turn|5\n|\n|t:|1776281413\n|switch|p2a: Delphox|Delphox, L50, F|100/100\n|move|p2b: Sinistcha|Protect|p2b: Sinistcha\n|-singleturn|p2b: Sinistcha|Protect\n|move|p1a: Torkoal|Eruption|p2b: Sinistcha|[spread] p2a\n|-activate|p2b: Sinistcha|move: Protect\n|-resisted|p2a: Delphox|1\n|-damage|p2a: Delphox|63/100\n|move|p1b: Farigiraf|Psyshock|p2a: Delphox\n|-resisted|p2a: Delphox|1\n|-damage|p2a: Delphox|37/100\n|\n|-weather|SunnyDay|[upkeep]\n|-fieldend|move: Trick Room\n|upkeep\n|turn|6\n|inactive|battle sim trainer has 30 seconds left.\n|inactive|bandidolazaro has 30 seconds left.\n|\n|t:|1776281447\n|detailschange|p2a: Delphox|Delphox-Mega, L50, F\n|-mega|p2a: Delphox|Delphox|Delphoxite\n|move|p2a: Delphox|Psychic|p1a: Torkoal\n|-damage|p1a: Torkoal|2/100 par\n|move|p2b: Sinistcha|Life Dew||[still]|[spread] p2a,p2b\n|-heal|p2a: Delphox|62/100\n|-fail|p2b: Sinistcha|heal\n|move|p1b: Farigiraf|Psyshock|p2b: Sinistcha\n|-damage|p2b: Sinistcha|71/100\n|move|p1a: Torkoal|Earth Power|p2a: Delphox\n|-immune|p2a: Delphox|[from] ability: Levitate\n|\n|-weather|none\n|-heal|p2b: Sinistcha|77/100|[from] item: Leftovers\n|upkeep\n|turn|7\n|\n|t:|1776281464\n|move|p1a: Torkoal|Protect|p1a: Torkoal\n|-singleturn|p1a: Torkoal|Protect\n|move|p2a: Delphox|Heat Wave|p1b: Farigiraf|[spread] p1b\n|-activate|p1a: Torkoal|move: Protect\n|-damage|p1b: Farigiraf|68/100\n|move|p2b: Sinistcha|Life Dew|p2b: Sinistcha|[spread] p2a,p2b\n|-heal|p2a: Delphox|87/100\n|-heal|p2b: Sinistcha|100/100\n|move|p1b: Farigiraf|Trick Room|p1b: Farigiraf\n|-fieldstart|move: Trick Room|[of] p1b: Farigiraf\n|\n|upkeep\n|turn|8\n|inactive|bandidolazaro has 30 seconds left.\n|\n|t:|1776281490\n|move|p1a: Torkoal|Weather Ball|p2a: Delphox\n|-damage|p2a: Delphox|72/100\n|move|p1b: Farigiraf|Nasty Plot|p1b: Farigiraf\n|-boost|p1b: Farigiraf|spa|2\n|move|p2b: Sinistcha|Matcha Gotcha|p1b: Farigiraf|[spread] p1a,p1b\n|-resisted|p1a: Torkoal|1\n|-damage|p1a: Torkoal|0 fnt\n|-damage|p1b: Farigiraf|43/100\n|-enditem|p1b: Farigiraf|Sitrus Berry|[eat]\n|-heal|p1b: Farigiraf|67/100|[from] item: Sitrus Berry\n|faint|p1a: Torkoal\n|move|p2a: Delphox|Encore|p1b: Farigiraf\n|-start|p1b: Farigiraf|Encore\n|\n|upkeep\n|\n|t:|1776281506\n|switch|p1a: Crabominable|Crabominable-Mega, L50, F|2/100\n|turn|9\n|\n|t:|1776281516\n|move|p1a: Crabominable|Ice Punch|p2b: Sinistcha\n|-supereffective|p2b: Sinistcha|1\n|-damage|p2b: Sinistcha|0 fnt\n|faint|p2b: Sinistcha\n|move|p1b: Farigiraf|Nasty Plot|p1b: Farigiraf\n|-boost|p1b: Farigiraf|spa|2\n|move|p2a: Delphox|Heat Wave|p1a: Crabominable|[spread] p1a,p1b\n|-supereffective|p1a: Crabominable|1\n|-damage|p1a: Crabominable|0 fnt\n|-damage|p1b: Farigiraf|33/100\n|-status|p1b: Farigiraf|brn\n|faint|p1a: Crabominable\n|\n|-damage|p1b: Farigiraf|26/100 brn|[from] brn\n|upkeep\n|c|\u2606bandidolazaro|gg\n|\n|t:|1776281530\n|switch|p2b: Sneasler|Sneasler, L50, F|37/100\n|turn|10\n|\n|t:|1776281543\n|move|p1b: Farigiraf|Nasty Plot|p1b: Farigiraf\n|-boost|p1b: Farigiraf|spa|2\n|move|p2b: Sneasler|Close Combat|p1b: Farigiraf\n|-damage|p1b: Farigiraf|0 fnt\n|-unboost|p2b: Sneasler|def|1\n|-unboost|p2b: Sneasler|spd|1\n|faint|p1b: Farigiraf\n|\n|win|bandidolazaro\n|raw|battle sim trainer's rating: 1144 &rarr; <strong>1123</strong><br />(-21 for losing)\n|raw|bandidolazaro's rating: 1206 &rarr; <strong>1227</strong><br />(+21 for winning)\n|l|\u2606bandidolazaro\n|player|p2|\n",
  "uploadtime": 1776281603,
  "views": 18,
  "formatid": "gen9championsvgc2026regma",
  "rating": 1123,
  "private": 0,
  "password": null
}