{
  "id": "gen9championsvgc2026regma-2585631499",
  "format": "[Gen 9 Champions] VGC 2026 Reg M-A",
  "players": [
    "Hedgehogwarrior",
    "tukitiko"
  ],
  "log": "|j|\u2606Hedgehogwarrior\n|j|\u2606tukitiko\n|t:|1776360076\n|gametype|doubles\n|player|p1|Hedgehogwarrior|101|1287\n|player|p2|tukitiko|aquasuit|1384\n|gen|9\n|tier|[Gen 9 Champions] VGC 2026 Reg M-A\n|rated|\n|rule|Species Clause: Limit one of each Pok\u00e9mon\n|rule|Item Clause: Limit 1 of each item\n|clearpoke\n|poke|p1|Crabominable, L50, F|\n|poke|p1|Slowking-Galar, L50, M|\n|poke|p1|Maushold, L50|\n|poke|p1|Farigiraf, L50, M|\n|poke|p1|Charizard, L50, M|\n|poke|p1|Venusaur, L50, F|\n|poke|p2|Kingambit, L50, M|\n|poke|p2|Crabominable, L50, M|\n|poke|p2|Slowking-Galar, L50, M|\n|poke|p2|Primarina, L50, M|\n|poke|p2|Sinistcha-Masterpiece, L50|\n|poke|p2|Incineroar, L50, M|\n|teampreview|4\n|\n|t:|1776360116\n|teamsize|p1|4\n|teamsize|p2|4\n|start\n|switch|p1a: Charizard|Charizard, L50, M|100/100\n|switch|p1b: Venusaur|Venusaur, L50, F|100/100\n|switch|p2a: Gambito|Kingambit, L50, M, shiny|100/100\n|switch|p2b: Crabbo|Crabominable, L50, M|100/100\n|turn|1\n|\n|t:|1776360141\n|detailschange|p1a: Charizard|Charizard-Mega-Y, L50, M\n|-mega|p1a: Charizard|Charizard|Charizardite Y\n|-weather|SunnyDay|[from] ability: Drought|[of] p1a: Charizard\n|detailschange|p2b: Crabbo|Crabominable-Mega, L50, M\n|-mega|p2b: Crabbo|Crabominable|Crabominite\n|move|p2a: Gambito|Sucker Punch|p1a: Charizard\n|-damage|p1a: Charizard|38/100\n|move|p2b: Crabbo|Mach Punch|p1a: Charizard\n|-resisted|p1a: Charizard|1\n|-damage|p1a: Charizard|16/100\n|move|p1b: Venusaur|Leech Seed|p2b: Crabbo|[miss]\n|-miss|p1b: Venusaur|p2b: Crabbo\n|move|p1a: Charizard|Heat Wave|p2a: Gambito|[spread] p2a\n|-miss|p1a: Charizard|p2b: Crabbo\n|-supereffective|p2a: Gambito|1\n|-damage|p2a: Gambito|0 fnt\n|faint|p2a: Gambito\n|\n|-weather|SunnyDay|[upkeep]\n|upkeep\n|\n|t:|1776360148\n|switch|p2a: Poppy|Primarina, L50, M|100/100\n|turn|2\n|\n|t:|1776360165\n|move|p1a: Charizard|Protect|p1a: Charizard\n|-singleturn|p1a: Charizard|Protect\n|move|p2b: Crabbo|Protect|p2b: Crabbo\n|-singleturn|p2b: Crabbo|Protect\n|move|p1b: Venusaur|Leech Seed|p2a: Poppy\n|-start|p2a: Poppy|move: Leech Seed\n|move|p2a: Poppy|Hyper Voice|p1b: Venusaur|[spread] p1b\n|-activate|p1a: Charizard|move: Protect\n|-resisted|p1b: Venusaur|1\n|-damage|p1b: Venusaur|92/100\n|\n|-weather|SunnyDay|[upkeep]\n|-heal|p1b: Venusaur|98/100|[from] item: Leftovers\n|-damage|p2a: Poppy|88/100|[from] Leech Seed|[of] p1b: Venusaur\n|-heal|p1b: Venusaur|100/100|[silent]\n|upkeep\n|turn|3\n|\n|t:|1776360186\n|switch|p1a: Slowking|Slowking-Galar, L50, M|100/100\n|move|p2b: Crabbo|Protect||[still]\n|-fail|p2b: Crabbo\n|move|p1b: Venusaur|Sludge Bomb|p2a: Poppy\n|-supereffective|p2a: Poppy|1\n|-damage|p2a: Poppy|9/100\n|-status|p2a: Poppy|psn\n|move|p2a: Poppy|Hyper Voice|p1b: Venusaur|[spread] p1a,p1b\n|-resisted|p1b: Venusaur|1\n|-damage|p1a: Slowking|87/100\n|-damage|p1b: Venusaur|92/100\n|\n|-weather|SunnyDay|[upkeep]\n|-heal|p1b: Venusaur|98/100|[from] item: Leftovers\n|-heal|p2a: Poppy|15/100 psn|[from] item: Leftovers\n|-damage|p2a: Poppy|3/100 psn|[from] Leech Seed|[of] p1b: Venusaur\n|-heal|p1b: Venusaur|100/100|[silent]\n|-damage|p2a: Poppy|0 fnt|[from] psn\n|faint|p2a: Poppy\n|upkeep\n|\n|t:|1776360195\n|switch|p2a: Poltcharo|Sinistcha-Masterpiece, L50|100/100\n|turn|4\n|\n|t:|1776360216\n|move|p1b: Venusaur|Leech Seed|p2b: Crabbo|[miss]\n|-miss|p1b: Venusaur|p2b: Crabbo\n|move|p2a: Poltcharo|Matcha Gotcha|p1a: Slowking|[spread] p1a,p1b\n|-resisted|p1a: Slowking|1\n|-resisted|p1b: Venusaur|2\n|-damage|p1a: Slowking|77/100\n|-damage|p1b: Venusaur|95/100\n|move|p2b: Crabbo|Ice Hammer|p1b: Venusaur|[miss]\n|-miss|p2b: Crabbo|p1b: Venusaur\n|move|p1a: Slowking|Trick Room|p1a: Slowking\n|-fieldstart|move: Trick Room|[of] p1a: Slowking\n|\n|-weather|SunnyDay|[upkeep]\n|-heal|p1b: Venusaur|100/100|[from] item: Leftovers\n|upkeep\n|turn|5\n|\n|t:|1776360237\n|move|p1b: Venusaur|Protect|p1b: Venusaur\n|-singleturn|p1b: Venusaur|Protect\n|move|p1a: Slowking|Psychic|p2b: Crabbo\n|-supereffective|p2b: Crabbo|1\n|-damage|p2b: Crabbo|41/100\n|move|p2b: Crabbo|Ice Hammer|p1b: Venusaur\n|-activate|p1b: Venusaur|move: Protect\n|move|p2a: Poltcharo|Trick Room|p2a: Poltcharo\n|-fieldend|move: Trick Room\n|\n|-weather|none\n|upkeep\n|turn|6\n|\n|t:|1776360267\n|switch|p1b: Crabominable|Crabominable, L50, F|100/100\n|move|p2b: Crabbo|Protect|p2b: Crabbo\n|-singleturn|p2b: Crabbo|Protect\n|move|p2a: Poltcharo|Matcha Gotcha|p1a: Slowking|[spread] p1a,p1b\n|-resisted|p1a: Slowking|1\n|-damage|p1a: Slowking|68/100\n|-damage|p1b: Crabominable|73/100\n|move|p1a: Slowking|Psychic|p2b: Crabbo\n|-activate|p2b: Crabbo|move: Protect\n|\n|upkeep\n|turn|7\n|\n|t:|1776360282\n|move|p1b: Crabominable|Protect|p1b: Crabominable\n|-singleturn|p1b: Crabominable|Protect\n|move|p2a: Poltcharo|Rage Powder|p2a: Poltcharo\n|-singleturn|p2a: Poltcharo|move: Rage Powder\n|move|p2b: Crabbo|Drain Punch|p1b: Crabominable\n|-activate|p1b: Crabominable|move: Protect\n|move|p1a: Slowking|Psychic|p2a: Poltcharo\n|-damage|p2a: Poltcharo|68/100\n|\n|upkeep\n|turn|8\n|\n|t:|1776360297\n|switch|p1b: Venusaur|Venusaur, L50, F|100/100\n|move|p2a: Poltcharo|Protect|p2a: Poltcharo\n|-singleturn|p2a: Poltcharo|Protect\n|move|p2b: Crabbo|Drain Punch|p1b: Venusaur\n|-resisted|p1b: Venusaur|1\n|-damage|p1b: Venusaur|70/100\n|-heal|p2b: Crabbo|55/100|[from] drain|[of] p1b: Venusaur\n|move|p1a: Slowking|Psychic|p2b: Crabbo\n|-supereffective|p2b: Crabbo|1\n|-damage|p2b: Crabbo|0 fnt\n|faint|p2b: Crabbo\n|\n|-heal|p1b: Venusaur|76/100|[from] item: Leftovers\n|upkeep\n|turn|9\n|-message|tukitiko forfeited.\n|\n|win|Hedgehogwarrior\n|raw|Hedgehogwarrior's rating: 1287 &rarr; <strong>1319</strong><br />(+32 for winning)\n|raw|tukitiko's rating: 1384 &rarr; <strong>1359</strong><br />(-25 for losing)\n|l|\u2606tukitiko\n|player|p2|\n",
  "uploadtime": 1776360462,
  "views": 36,
  "formatid": "gen9championsvgc2026regma",
  "rating": 1319,
  "private": 0,
  "password": null
}