{
  "id": "gen9championsvgc2026regma-2585376705",
  "format": "[Gen 9 Champions] VGC 2026 Reg M-A",
  "players": [
    "overlorddarx",
    "IsaacDanger"
  ],
  "log": "|j|\u2606overlorddarx\n|j|\u2606IsaacDanger\n|t:|1776342629\n|gametype|doubles\n|player|p1|overlorddarx|scientistf|1145\n|player|p2|IsaacDanger|1|1065\n|gen|9\n|tier|[Gen 9 Champions] VGC 2026 Reg M-A\n|rated|\n|rule|Species Clause: Limit one of each Pok\u00e9mon\n|rule|Item Clause: Limit 1 of each item\n|clearpoke\n|poke|p1|Sylveon, L50, M|\n|poke|p1|Aerodactyl, L50, M|\n|poke|p1|Garchomp, L50, F|\n|poke|p1|Basculegion, L50, M|\n|poke|p1|Floette-Eternal, L50, F|\n|poke|p1|Maushold, L50|\n|poke|p2|Feraligatr, L50, M|\n|poke|p2|Clefable, L50, F|\n|poke|p2|Sinistcha-Masterpiece, L50|\n|poke|p2|Incineroar, L50, M|\n|poke|p2|Aegislash, L50, M|\n|poke|p2|Delphox, L50, M|\n|teampreview|4\n|inactive|Battle timer is ON: inactive players will automatically lose when time's up. (requested by overlorddarx)\n|inactive|overlorddarx has 60 seconds left.\n|\n|t:|1776342670\n|teamsize|p1|4\n|teamsize|p2|4\n|start\n|switch|p1a: Basculegion|Basculegion, L50, M|100/100\n|switch|p1b: Maushold|Maushold, L50|100/100\n|switch|p2a: Aegislash|Aegislash, L50, M|100/100\n|switch|p2b: Delphox|Delphox, L50, M|100/100\n|turn|1\n|inactive|IsaacDanger has 30 seconds left.\n|\n|t:|1776342697\n|switch|p2b: Sinistcha|Sinistcha-Masterpiece, L50|100/100\n|move|p1b: Maushold|Feint|p2b: Sinistcha\n|-immune|p2b: Sinistcha\n|move|p1a: Basculegion|Wave Crash|p2b: Sinistcha\n|-resisted|p2b: Sinistcha|1\n|-damage|p2b: Sinistcha|63/100\n|-damage|p1a: Basculegion|89/100|[from] Recoil\n|-formechange|p2a: Aegislash|Aegislash-Blade|\n|move|p2a: Aegislash|Iron Head|p1b: Maushold\n|-damage|p1b: Maushold|40/100\n|-enditem|p1b: Maushold|Sitrus Berry|[eat]\n|-heal|p1b: Maushold|65/100|[from] item: Sitrus Berry\n|\n|upkeep\n|turn|2\n|\n|t:|1776342722\n|move|p1b: Maushold|Helping Hand|p1a: Basculegion\n|-singleturn|p1a: Basculegion|Helping Hand|[of] p1b: Maushold\n|move|p2b: Sinistcha|Protect|p2b: Sinistcha\n|-singleturn|p2b: Sinistcha|Protect\n|move|p1a: Basculegion|Wave Crash|p2b: Sinistcha\n|-activate|p2b: Sinistcha|move: Protect\n|move|p2a: Aegislash|Iron Head|p1b: Maushold\n|-damage|p1b: Maushold|2/100\n|\n|upkeep\n|turn|3\n|inactive|IsaacDanger has 30 seconds left.\n|\n|t:|1776342756\n|switch|p2b: Clefable|Clefable, L50, F|100/100\n|move|p1b: Maushold|Helping Hand|p1a: Basculegion\n|-singleturn|p1a: Basculegion|Helping Hand|[of] p1b: Maushold\n|move|p1a: Basculegion|Wave Crash|p2a: Aegislash\n|-damage|p2a: Aegislash|0 fnt\n|faint|p2a: Aegislash\n|-damage|p1a: Basculegion|61/100|[from] Recoil\n|\n|upkeep\n|\n|t:|1776342767\n|switch|p2a: Sinistcha|Sinistcha-Masterpiece, L50|63/100\n|turn|4\n|\n|t:|1776342791\n|switch|p1a: Sylveon|Sylveon, L50, M|100/100\n|move|p1b: Maushold|Follow Me|p1b: Maushold\n|-singleturn|p1b: Maushold|move: Follow Me\n|move|p2b: Clefable|Follow Me|p2b: Clefable\n|-singleturn|p2b: Clefable|move: Follow Me\n|move|p2a: Sinistcha|Matcha Gotcha|p1a: Sylveon|[spread] p1a,p1b\n|-damage|p1a: Sylveon|85/100\n|-heal|p2a: Sinistcha|71/100|[from] drain|[of] p1a: Sylveon\n|-damage|p1b: Maushold|0 fnt\n|-heal|p2a: Sinistcha|72/100|[from] drain|[of] p1b: Maushold\n|faint|p1b: Maushold\n|\n|upkeep\n|\n|t:|1776342801\n|switch|p1b: Floette|Floette-Eternal, L50, F|100/100\n|turn|5\n|\n|t:|1776342815\n|detailschange|p1b: Floette|Floette-Mega, L50, F\n|-mega|p1b: Floette|Floette|Floettite\n|-ability|p1b: Floette|Fairy Aura\n|move|p2b: Clefable|Follow Me|p2b: Clefable\n|-singleturn|p2b: Clefable|move: Follow Me\n|move|p1b: Floette|Dazzling Gleam|p2b: Clefable|[spread] p2a,p2b\n|-damage|p2a: Sinistcha|14/100\n|-damage|p2b: Clefable|49/100\n|move|p1a: Sylveon|Hyper Voice|p2a: Sinistcha|[spread] p2a,p2b\n|-damage|p2a: Sinistcha|0 fnt\n|-damage|p2b: Clefable|0 fnt\n|faint|p2a: Sinistcha\n|faint|p2b: Clefable\n|\n|upkeep\n|\n|t:|1776342825\n|switch|p2b: Delphox|Delphox, L50, M|100/100\n|turn|6\n|\n|t:|1776342840\n|detailschange|p2b: Delphox|Delphox-Mega, L50, M\n|-mega|p2b: Delphox|Delphox|Delphoxite\n|move|p2b: Delphox|Heat Wave|p1a: Sylveon|[spread] p1a,p1b\n|-damage|p1a: Sylveon|50/100\n|-damage|p1b: Floette|61/100\n|move|p1b: Floette|Moonblast|p2b: Delphox\n|-resisted|p2b: Delphox|1\n|-crit|p2b: Delphox\n|-damage|p2b: Delphox|37/100\n|move|p1a: Sylveon|Hyper Voice|p2b: Delphox\n|-resisted|p2b: Delphox|1\n|-damage|p2b: Delphox|0 fnt\n|faint|p2b: Delphox\n|\n|win|overlorddarx\n|raw|overlorddarx's rating: 1145 &rarr; <strong>1164</strong><br />(+19 for winning)\n|raw|IsaacDanger's rating: 1065 &rarr; <strong>1050</strong><br />(-15 for losing)\n|l|\u2606IsaacDanger\n|player|p2|\n|l|\u2606overlorddarx\n|player|p1|\n",
  "uploadtime": 1776342868,
  "views": 23,
  "formatid": "gen9championsvgc2026regma",
  "rating": 1050,
  "private": 0,
  "password": null
}