{
  "id": "gen9championsvgc2026regma-2587370413",
  "format": "[Gen 9 Champions] VGC 2026 Reg M-A",
  "players": [
    "appyop",
    "jzatiger"
  ],
  "log": "|j|\u2606appyop\n|j|\u2606jzatiger\n|t:|1776526115\n|gametype|doubles\n|player|p1|appyop|1|1075\n|player|p2|jzatiger|acetrainerf-gen4dp|1050\n|gen|9\n|tier|[Gen 9 Champions] VGC 2026 Reg M-A\n|rated|\n|rule|Species Clause: Limit one of each Pok\u00e9mon\n|rule|Item Clause: Limit 1 of each item\n|clearpoke\n|poke|p1|Gengar, L50, M|\n|poke|p1|Tyranitar, L50, F|\n|poke|p1|Excadrill, L50, M|\n|poke|p1|Corviknight, L50, M|\n|poke|p1|Incineroar, L50, M|\n|poke|p1|Hydreigon, L50, F|\n|poke|p2|Orthworm, L50, M|\n|poke|p2|Oranguru, L50, F|\n|poke|p2|Maushold-Four, L50, shiny|\n|poke|p2|Garchomp, L50, M|\n|poke|p2|Delphox, L50, F|\n|poke|p2|Rotom-Heat, L50|\n|teampreview|4\n|c|\u2606jzatiger|glhf\njzatiger rejected open team sheets.\n|inactive|Battle timer is ON: inactive players will automatically lose when time's up. (requested by jzatiger)\n|\n|t:|1776526142\n|teamsize|p1|4\n|teamsize|p2|4\n|start\n|switch|p1a: Tyranitar|Tyranitar, L50, F|100/100\n|switch|p1b: Incineroar|Incineroar, L50, M|100/100\n|switch|p2a: YIPPIE!!!|Orthworm, L50, M|100/100\n|switch|p2b: ...Say that again|Oranguru, L50, F|100/100\n|-weather|Sandstorm|[from] ability: Sand Stream|[of] p1a: Tyranitar\n|turn|1\n|inactive|appyop has 30 seconds left.\n|inactive|jzatiger has 30 seconds left.\n|\n|t:|1776526171\n|detailschange|p1a: Tyranitar|Tyranitar-Mega, L50, F\n|-mega|p1a: Tyranitar|Tyranitar|Tyranitarite\n|move|p1a: Tyranitar|Knock Off|p2b: ...Say that again\n|-supereffective|p2b: ...Say that again|1\n|-damage|p2b: ...Say that again|0 fnt\n|-enditem|p2b: ...Say that again|Mental Herb|[from] move: Knock Off|[of] p1a: Tyranitar\n|faint|p2b: ...Say that again\n|move|p2a: YIPPIE!!!|Body Press|p1a: Tyranitar\n|-supereffective|p1a: Tyranitar|2\n|-damage|p1a: Tyranitar|39/100\n|move|p1b: Incineroar|Flare Blitz|p2a: YIPPIE!!!\n|-supereffective|p2a: YIPPIE!!!|1\n|-damage|p2a: YIPPIE!!!|29/100\n|-enditem|p2a: YIPPIE!!!|Sitrus Berry|[eat]\n|-heal|p2a: YIPPIE!!!|54/100|[from] item: Sitrus Berry\n|-damage|p1b: Incineroar|80/100|[from] Recoil\n|\n|-weather|Sandstorm|[upkeep]\n|-damage|p1b: Incineroar|74/100|[from] Sandstorm\n|upkeep\n|\n|t:|1776526181\n|switch|p2b: Its Fantastic|Garchomp, L50, M|100/100\n|turn|2\n|\n|t:|1776526198\n|move|p1a: Tyranitar|Protect|p1a: Tyranitar\n|-singleturn|p1a: Tyranitar|Protect\n|move|p2b: Its Fantastic|Earthquake|p1b: Incineroar|[spread] p1b\n|-activate|p1a: Tyranitar|move: Protect\n|-heal|p2a: YIPPIE!!!|79/100|[from] ability: Earth Eater|[of] p2b: Its Fantastic\n|-supereffective|p1b: Incineroar|1\n|-damage|p1b: Incineroar|4/100\n|-enditem|p1b: Incineroar|Sitrus Berry|[eat]\n|-heal|p1b: Incineroar|29/100|[from] item: Sitrus Berry\n|move|p2a: YIPPIE!!!|Shed Tail|p2a: YIPPIE!!!\n|-start|p2a: YIPPIE!!!|Substitute|[from] move: Shed Tail\n|-damage|p2a: YIPPIE!!!|29/100\n|\n|t:|1776526209\n|switch|p2a: One More Time|Delphox, L50, F|100/100|[from] Shed Tail\n|move|p1b: Incineroar|Parting Shot|p2b: Its Fantastic\n|-unboost|p2b: Its Fantastic|atk|1\n|-unboost|p2b: Its Fantastic|spa|1\n|\n|t:|1776526220\n|switch|p1b: Hydreigon|Hydreigon, L50, F|100/100|[from] Parting Shot\n|\n|-weather|Sandstorm|[upkeep]\n|-damage|p1b: Hydreigon|95/100|[from] Sandstorm\n|-damage|p2a: One More Time|94/100|[from] Sandstorm\n|upkeep\n|turn|3\n|\n|t:|1776526235\n|detailschange|p2a: One More Time|Delphox-Mega, L50, F\n|-mega|p2a: One More Time|Delphox|Delphoxite\n|move|p1b: Hydreigon|Dark Pulse|p2a: One More Time\n|-supereffective|p2a: One More Time|1\n|-end|p2a: One More Time|Substitute\n|move|p2a: One More Time|Focus Blast|p1b: Hydreigon\n|-supereffective|p1b: Hydreigon|1\n|-damage|p1b: Hydreigon|0 fnt\n|faint|p1b: Hydreigon\n|move|p2b: Its Fantastic|Earthquake|p1a: Tyranitar|[spread] p1a\n|-immune|p2a: One More Time|[from] ability: Levitate\n|-supereffective|p1a: Tyranitar|1\n|-damage|p1a: Tyranitar|4/100\n|move|p1a: Tyranitar|Knock Off|p2a: One More Time\n|-supereffective|p2a: One More Time|1\n|-damage|p2a: One More Time|0 fnt\n|faint|p2a: One More Time\n|\n|-weather|Sandstorm|[upkeep]\n|upkeep\n|c|\u2606jzatiger|aint no way\n|\n|t:|1776526257\n|switch|p2a: YIPPIE!!!|Orthworm, L50, M|29/100\n|switch|p1b: Incineroar|Incineroar, L50, M|29/100\n|turn|4\n|\n|t:|1776526278\n|move|p2b: Its Fantastic|Protect|p2b: Its Fantastic\n|-singleturn|p2b: Its Fantastic|Protect\n|move|p2a: YIPPIE!!!|Protect|p2a: YIPPIE!!!\n|-singleturn|p2a: YIPPIE!!!|Protect\n|move|p1b: Incineroar|Protect|p1b: Incineroar\n|-singleturn|p1b: Incineroar|Protect\n|move|p1a: Tyranitar|Low Kick|p2a: YIPPIE!!!\n|-activate|p2a: YIPPIE!!!|move: Protect\n|\n|-weather|Sandstorm|[upkeep]\n|-damage|p1b: Incineroar|23/100|[from] Sandstorm\n|upkeep\n|turn|5\n|\n|t:|1776526298\n|move|p1a: Tyranitar|Protect|p1a: Tyranitar\n|-singleturn|p1a: Tyranitar|Protect\n|move|p2b: Its Fantastic|Earthquake|p1a: Tyranitar|[spread] p1b\n|-activate|p1a: Tyranitar|move: Protect\n|-heal|p2a: YIPPIE!!!|54/100|[from] ability: Earth Eater|[of] p2b: Its Fantastic\n|-supereffective|p1b: Incineroar|1\n|-damage|p1b: Incineroar|0 fnt\n|faint|p1b: Incineroar\n|move|p2a: YIPPIE!!!|Body Press|p1a: Tyranitar\n|-activate|p1a: Tyranitar|move: Protect\n|\n|-weather|none\n|upkeep\n|\n|t:|1776526310\n|switch|p1b: Corviknight|Corviknight, L50, M|100/100\n|-ability|p1b: Corviknight|Unnerve\n|turn|6\n|\n|t:|1776526320\n|move|p2b: Its Fantastic|Earthquake|p1a: Tyranitar|[spread] p1a\n|-heal|p2a: YIPPIE!!!|78/100|[from] ability: Earth Eater|[of] p2b: Its Fantastic\n|-immune|p1b: Corviknight\n|-supereffective|p1a: Tyranitar|1\n|-damage|p1a: Tyranitar|0 fnt\n|faint|p1a: Tyranitar\n|move|p2a: YIPPIE!!!|Body Press|p1b: Corviknight\n|-damage|p1b: Corviknight|80/100\n|move|p1b: Corviknight|Bulk Up|p1b: Corviknight\n|-boost|p1b: Corviknight|atk|1\n|-boost|p1b: Corviknight|def|1\n|\n|-heal|p1b: Corviknight|86/100|[from] item: Leftovers\n|upkeep\n|turn|7\n|\n|t:|1776526332\n|move|p2b: Its Fantastic|Swords Dance|p2b: Its Fantastic\n|-boost|p2b: Its Fantastic|atk|2\n|move|p2a: YIPPIE!!!|Body Press|p1b: Corviknight\n|-damage|p1b: Corviknight|74/100\n|move|p1b: Corviknight|Bulk Up|p1b: Corviknight\n|-boost|p1b: Corviknight|atk|1\n|-boost|p1b: Corviknight|def|1\n|\n|-heal|p1b: Corviknight|80/100|[from] item: Leftovers\n|upkeep\n|turn|8\n|c|\u2606jzatiger|no no no\n|\n|t:|1776526342\n|move|p2b: Its Fantastic|Swords Dance|p2b: Its Fantastic\n|-boost|p2b: Its Fantastic|atk|2\n|move|p2a: YIPPIE!!!|Body Press|p1b: Corviknight\n|-damage|p1b: Corviknight|70/100\n|move|p1b: Corviknight|Body Press|p2a: YIPPIE!!!\n|-supereffective|p2a: YIPPIE!!!|1\n|-damage|p2a: YIPPIE!!!|11/100\n|\n|-heal|p1b: Corviknight|76/100|[from] item: Leftovers\n|upkeep\n|turn|9\n|\n|t:|1776526353\n|move|p2b: Its Fantastic|Swords Dance|p2b: Its Fantastic\n|-boost|p2b: Its Fantastic|atk|2\n|move|p2a: YIPPIE!!!|Body Press|p1b: Corviknight\n|-damage|p1b: Corviknight|66/100\n|move|p1b: Corviknight|Body Press|p2b: Its Fantastic\n|-damage|p2b: Its Fantastic|58/100\n|-damage|p1b: Corviknight|54/100|[from] ability: Rough Skin|[of] p2b: Its Fantastic\n|\n|-heal|p1b: Corviknight|60/100|[from] item: Leftovers\n|upkeep\n|turn|10\n|\n|t:|1776526364\n|move|p2b: Its Fantastic|Rock Slide|p1b: Corviknight\n|-damage|p1b: Corviknight|30/100\n|move|p2a: YIPPIE!!!|Body Press|p1b: Corviknight\n|-damage|p1b: Corviknight|20/100\n|cant|p1b: Corviknight|flinch\n|\n|-heal|p1b: Corviknight|26/100|[from] item: Leftovers\n|upkeep\n|turn|11\n|c|\u2606jzatiger|damn you weak as hell\n|-message|appyop forfeited.\n|\n|win|jzatiger\n",
  "uploadtime": 1776526370,
  "views": 10,
  "formatid": "gen9championsvgc2026regma",
  "rating": null,
  "private": 0,
  "password": null
}