{
  "id": "gen9championsvgc2026regma-2585277330",
  "format": "[Gen 9 Champions] VGC 2026 Reg M-A",
  "players": [
    "Aussie Jim",
    "0427am"
  ],
  "log": "|j|\u2606Aussie Jim\n|j|\u26060427am\n|t:|1776332951\n|gametype|doubles\n|player|p1|Aussie Jim|266|1101\n|player|p2|0427am|erika|1094\n|gen|9\n|tier|[Gen 9 Champions] VGC 2026 Reg M-A\n|rated|\n|rule|Species Clause: Limit one of each Pok\u00e9mon\n|rule|Item Clause: Limit 1 of each item\n|clearpoke\n|poke|p1|Talonflame, L50, M|\n|poke|p1|Aerodactyl, L50, M|\n|poke|p1|Kangaskhan, L50, F|\n|poke|p1|Incineroar, L50, M|\n|poke|p1|Basculegion, L50, M|\n|poke|p1|Sylveon, L50, F|\n|poke|p2|Venusaur, L50, M|\n|poke|p2|Incineroar, L50, F|\n|poke|p2|Garchomp, L50, F|\n|poke|p2|Corviknight, L50, M|\n|poke|p2|Basculegion, L50, M|\n|poke|p2|Ninetales-Alola, L50, M|\n|teampreview|4\n|inactive|Battle timer is ON: inactive players will automatically lose when time's up. (requested by Aussie Jim)\n|\n|t:|1776333019\n|teamsize|p1|4\n|teamsize|p2|4\n|start\n|switch|p1a: Talonflame|Talonflame, L50, M|100/100\n|switch|p1b: Kangaskhan|Kangaskhan, L50, F|100/100\n|switch|p2a: Venusaur|Venusaur, L50, M|100/100\n|switch|p2b: Basculegion|Basculegion, L50, M|100/100\n|turn|1\n|\n|t:|1776333032\n|detailschange|p2a: Venusaur|Venusaur-Mega, L50, M\n|-mega|p2a: Venusaur|Venusaur|Venusaurite\n|move|p2a: Venusaur|Protect|p2a: Venusaur\n|-singleturn|p2a: Venusaur|Protect\n|move|p1b: Kangaskhan|Fake Out|p2b: Basculegion\n|-damage|p2b: Basculegion|75/100\n|move|p1a: Talonflame|Dual Wingbeat|p2a: Venusaur\n|-activate|p2a: Venusaur|move: Protect\n|cant|p2b: Basculegion|flinch\n|\n|upkeep\n|turn|2\n|inactive|Aussie Jim has 30 seconds left.\n|inactive|Aussie Jim has 20 seconds left.\n|\n|t:|1776333068\n|switch|p2a: Incineroar|Incineroar, L50, F|100/100\n|-ability|p2a: Incineroar|Intimidate|boost\n|-unboost|p1a: Talonflame|atk|1\n|-fail|p1b: Kangaskhan|unboost|Attack|[from] ability: Scrappy|[of] p1b: Kangaskhan\n|detailschange|p1b: Kangaskhan|Kangaskhan-Mega, L50, F\n|-mega|p1b: Kangaskhan|Kangaskhan|Kangaskhanite\n|move|p1a: Talonflame|Dual Wingbeat|p2a: Incineroar\n|-damage|p2a: Incineroar|90/100\n|-damage|p2a: Incineroar|78/100\n|-hitcount|p2a: Incineroar|2\n|move|p1b: Kangaskhan|Sucker Punch|p2b: Basculegion\n|-supereffective|p2b: Basculegion|1\n|-damage|p2b: Basculegion|12/100\n|-supereffective|p2b: Basculegion|1\n|-damage|p2b: Basculegion|0 fnt\n|faint|p2b: Basculegion\n|-hitcount|p2: Basculegion|2\n|\n|upkeep\n|\n|t:|1776333087\n|switch|p2b: Venusaur|Venusaur-Mega, L50, M|100/100\n|turn|3\n|\n|t:|1776333101\n|move|p2b: Venusaur|Protect|p2b: Venusaur\n|-singleturn|p2b: Venusaur|Protect\n|move|p1a: Talonflame|Upper Hand||[still]\n|-fail|p1a: Talonflame\n|move|p1b: Kangaskhan|Double-Edge|p2b: Venusaur\n|-activate|p2b: Venusaur|move: Protect\n|move|p2a: Incineroar|Will-O-Wisp|p1b: Kangaskhan\n|-status|p1b: Kangaskhan|brn\n|\n|-damage|p1b: Kangaskhan|94/100 brn|[from] brn\n|upkeep\n|turn|4\n|inactive|Aussie Jim has 30 seconds left.\n|\n|t:|1776333126\n|move|p1a: Talonflame|Dual Wingbeat|p2b: Venusaur\n|-supereffective|p2b: Venusaur|1\n|-damage|p2b: Venusaur|81/100\n|-supereffective|p2b: Venusaur|1\n|-damage|p2b: Venusaur|62/100\n|-hitcount|p2b: Venusaur|2\n|move|p1b: Kangaskhan|Double-Edge|p2b: Venusaur\n|-damage|p2b: Venusaur|37/100\n|-damage|p2b: Venusaur|31/100\n|-hitcount|p2b: Venusaur|2\n|-damage|p1b: Kangaskhan|85/100 brn|[from] Recoil\n|move|p2b: Venusaur|Leech Seed|p1b: Kangaskhan\n|-start|p1b: Kangaskhan|move: Leech Seed\n|move|p2a: Incineroar|Parting Shot|p1a: Talonflame\n|-unboost|p1a: Talonflame|atk|1\n|-unboost|p1a: Talonflame|spa|1\n|\n|t:|1776333135\n|switch|p2a: Corviknight|Corviknight, L50, M|100/100|[from] Parting Shot\n|\n|-damage|p1b: Kangaskhan|73/100 brn|[from] Leech Seed|[of] p2b: Venusaur\n|-heal|p2b: Venusaur|45/100|[silent]\n|-damage|p1b: Kangaskhan|67/100 brn|[from] brn\n|upkeep\n|turn|5\n|\n|t:|1776333154\n|switch|p1b: Basculegion|Basculegion, L50, M|100/100\n|switch|p2a: Incineroar|Incineroar, L50, F|78/100\n|-ability|p2a: Incineroar|Intimidate|boost\n|-unboost|p1a: Talonflame|atk|1\n|-unboost|p1b: Basculegion|atk|1\n|move|p1a: Talonflame|Will-O-Wisp|p2a: Incineroar\n|-immune|p2a: Incineroar\n|move|p2b: Venusaur|Leech Seed|p1a: Talonflame\n|-start|p1a: Talonflame|move: Leech Seed\n|\n|-damage|p1a: Talonflame|88/100|[from] Leech Seed|[of] p2b: Venusaur\n|-heal|p2b: Venusaur|55/100|[silent]\n|upkeep\n|turn|6\n|\n|t:|1776333175\n|switch|p1a: Incineroar|Incineroar, L50, M|100/100\n|-ability|p1a: Incineroar|Intimidate|boost\n|-unboost|p2a: Incineroar|atk|1\n|-unboost|p2b: Venusaur|atk|1\n|switch|p2a: Corviknight|Corviknight, L50, M|100/100\n|move|p1b: Basculegion|Flip Turn|p2a: Corviknight\n|-damage|p2a: Corviknight|79/100\n|\n|t:|1776333186\n|switch|p1b: Talonflame|Talonflame, L50, M|88/100|[from] Flip Turn\n|move|p2b: Venusaur|Leech Seed|p1b: Talonflame\n|-start|p1b: Talonflame|move: Leech Seed\n|\n|-heal|p2a: Corviknight|85/100|[from] item: Leftovers\n|-damage|p1b: Talonflame|76/100|[from] Leech Seed|[of] p2b: Venusaur\n|-heal|p2b: Venusaur|65/100|[silent]\n|upkeep\n|turn|7\n|inactive|Aussie Jim has 30 seconds left.\n|inactive|Aussie Jim has 20 seconds left.\n|\n|t:|1776333222\n|switch|p1b: Basculegion|Basculegion, L50, M|100/100\n|switch|p2a: Incineroar|Incineroar, L50, F|78/100\n|-ability|p2a: Incineroar|Intimidate|boost\n|-unboost|p1a: Incineroar|atk|1\n|-unboost|p1b: Basculegion|atk|1\n|move|p2b: Venusaur|Protect|p2b: Venusaur\n|-singleturn|p2b: Venusaur|Protect\n|move|p1a: Incineroar|Parting Shot|p2a: Incineroar\n|-unboost|p2a: Incineroar|atk|1\n|-unboost|p2a: Incineroar|spa|1\n|\n|t:|1776333234\n|switch|p1a: Talonflame|Talonflame, L50, M|76/100|[from] Parting Shot\n|\n|upkeep\n|turn|8\n|\n|t:|1776333251\n|switch|p2a: Corviknight|Corviknight, L50, M|85/100\n|move|p1a: Talonflame|Will-O-Wisp|p2b: Venusaur|[miss]\n|-miss|p1a: Talonflame|p2b: Venusaur\n|move|p1b: Basculegion|Wave Crash|p2a: Corviknight\n|-damage|p2a: Corviknight|43/100\n|-damage|p1b: Basculegion|86/100|[from] Recoil\n|move|p2b: Venusaur|Leech Seed|p1b: Basculegion\n|-start|p1b: Basculegion|move: Leech Seed\n|\n|-heal|p2a: Corviknight|49/100|[from] item: Leftovers\n|-damage|p1b: Basculegion|74/100|[from] Leech Seed|[of] p2b: Venusaur\n|-heal|p2b: Venusaur|78/100|[silent]\n|upkeep\n|turn|9\n|inactive|0427am has 30 seconds left.\n|\n|t:|1776333284\n|move|p1a: Talonflame|Will-O-Wisp|p2a: Corviknight\n|-status|p2a: Corviknight|brn\n|move|p1b: Basculegion|Wave Crash|p2a: Corviknight\n|-damage|p2a: Corviknight|10/100 brn\n|-damage|p1b: Basculegion|60/100|[from] Recoil\n|move|p2b: Venusaur|Sludge Bomb|p1a: Talonflame\n|-damage|p1a: Talonflame|22/100\n|move|p2a: Corviknight|Brave Bird|p1a: Talonflame\n|-damage|p1a: Talonflame|0 fnt\n|faint|p1a: Talonflame\n|-damage|p2a: Corviknight|4/100 brn|[from] Recoil\n|\n|-heal|p2a: Corviknight|10/100 brn|[from] item: Leftovers\n|-damage|p1b: Basculegion|48/100|[from] Leech Seed|[of] p2b: Venusaur\n|-heal|p2b: Venusaur|91/100|[silent]\n|-damage|p2a: Corviknight|4/100 brn|[from] brn\n|upkeep\n|\n|t:|1776333304\n|switch|p1a: Incineroar|Incineroar, L50, M|100/100\n|-ability|p1a: Incineroar|Intimidate|boost\n|-ability|p2a: Corviknight|Mirror Armor\n|-unboost|p1a: Incineroar|atk|1\n|-unboost|p2b: Venusaur|atk|1\n|turn|10\n|inactive|0427am has 30 seconds left.\n|\n|t:|1776333334\n|switch|p1b: Kangaskhan|Kangaskhan-Mega, L50, F|67/100 brn\n|move|p2a: Corviknight|Protect|p2a: Corviknight\n|-singleturn|p2a: Corviknight|Protect\n|move|p2b: Venusaur|Leech Seed|p1b: Kangaskhan\n|-start|p1b: Kangaskhan|move: Leech Seed\n|move|p1a: Incineroar|Parting Shot|p2a: Corviknight\n|-activate|p2a: Corviknight|move: Protect\n|\n|-heal|p2a: Corviknight|10/100 brn|[from] item: Leftovers\n|-damage|p1b: Kangaskhan|55/100 brn|[from] Leech Seed|[of] p2b: Venusaur\n|-heal|p2b: Venusaur|100/100|[silent]\n|-damage|p1b: Kangaskhan|49/100 brn|[from] brn\n|-damage|p2a: Corviknight|4/100 brn|[from] brn\n|upkeep\n|turn|11\n|inactive|0427am has 30 seconds left.\n|\n|t:|1776333366\n|switch|p2a: Incineroar|Incineroar, L50, F|78/100\n|-ability|p2a: Incineroar|Intimidate|boost\n|-unboost|p1a: Incineroar|atk|1\n|-unboost|p1b: Kangaskhan|atk|1\n|move|p1b: Kangaskhan|Low Kick|p2a: Incineroar\n|-supereffective|p2a: Incineroar|1\n|-damage|p2a: Incineroar|60/100\n|-supereffective|p2a: Incineroar|1\n|-crit|p2a: Incineroar\n|-damage|p2a: Incineroar|50/100\n|-enditem|p2a: Incineroar|Sitrus Berry|[eat]\n|-heal|p2a: Incineroar|75/100|[from] item: Sitrus Berry\n|-hitcount|p2a: Incineroar|2\n|move|p2b: Venusaur|Sludge Bomb|p1a: Incineroar\n|-damage|p1a: Incineroar|70/100\n|move|p1a: Incineroar|Flare Blitz|p2b: Venusaur\n|-supereffective|p2b: Venusaur|1\n|-crit|p2b: Venusaur\n|-damage|p2b: Venusaur|43/100\n|-damage|p1a: Incineroar|52/100|[from] Recoil\n|\n|-damage|p1b: Kangaskhan|36/100 brn|[from] Leech Seed|[of] p2b: Venusaur\n|-heal|p2b: Venusaur|57/100|[silent]\n|-damage|p1b: Kangaskhan|30/100 brn|[from] brn\n|upkeep\n|turn|12\n|inactive|Aussie Jim has 30 seconds left.\n|inactive|0427am has 30 seconds left.\n|inactive|Aussie Jim has 20 seconds left.\n|\n|t:|1776333406\n|switch|p1b: Basculegion|Basculegion, L50, M|48/100\n|move|p2b: Venusaur|Leech Seed|p1a: Incineroar\n|-start|p1a: Incineroar|move: Leech Seed\n|move|p2a: Incineroar|Throat Chop|p1a: Incineroar\n|-resisted|p1a: Incineroar|1\n|-damage|p1a: Incineroar|40/100\n|-start|p1a: Incineroar|Throat Chop|[silent]\n|-enditem|p1a: Incineroar|Sitrus Berry|[eat]\n|-heal|p1a: Incineroar|65/100|[from] item: Sitrus Berry\n|cant|p1a: Incineroar|move: Throat Chop\n|\n|-damage|p1a: Incineroar|52/100|[from] Leech Seed|[of] p2b: Venusaur\n|-heal|p2b: Venusaur|70/100|[silent]\n|upkeep\n|turn|13\n|inactive|0427am has 30 seconds left.\n|\n|t:|1776333437\n|switch|p2a: Corviknight|Corviknight, L50, M|4/100 brn\n|switch|p1a: Kangaskhan|Kangaskhan-Mega, L50, F|30/100 brn\n|move|p1b: Basculegion|Last Respects|p2b: Venusaur\n|-damage|p2b: Venusaur|18/100\n|move|p2b: Venusaur|Leech Seed|p1b: Basculegion\n|-start|p1b: Basculegion|move: Leech Seed\n|\n|-heal|p2a: Corviknight|10/100 brn|[from] item: Leftovers\n|-damage|p1b: Basculegion|36/100|[from] Leech Seed|[of] p2b: Venusaur\n|-heal|p2b: Venusaur|30/100|[silent]\n|-damage|p1a: Kangaskhan|24/100 brn|[from] brn\n|-damage|p2a: Corviknight|4/100 brn|[from] brn\n|upkeep\n|turn|14\n|\n|t:|1776333457\n|switch|p1b: Incineroar|Incineroar, L50, M|52/100\n|-ability|p1b: Incineroar|Intimidate|boost\n|-ability|p2a: Corviknight|Mirror Armor\n|-unboost|p1b: Incineroar|atk|1\n|-unboost|p2b: Venusaur|atk|1\n|switch|p2a: Incineroar|Incineroar, L50, F|75/100\n|-ability|p2a: Incineroar|Intimidate|boost\n|-unboost|p1a: Kangaskhan|atk|1\n|-unboost|p1b: Incineroar|atk|1\n|move|p2b: Venusaur|Protect|p2b: Venusaur\n|-singleturn|p2b: Venusaur|Protect\n|move|p1a: Kangaskhan|Low Kick|p2a: Incineroar\n|-supereffective|p2a: Incineroar|1\n|-damage|p2a: Incineroar|54/100\n|-supereffective|p2a: Incineroar|1\n|-damage|p2a: Incineroar|50/100\n|-hitcount|p2a: Incineroar|2\n|\n|-damage|p1a: Kangaskhan|18/100 brn|[from] brn\n|upkeep\n|turn|15\n|inactive|Aussie Jim has 30 seconds left.\n|inactive|0427am has 30 seconds left.\n|\n|t:|1776333486\n|move|p2a: Incineroar|Fake Out|p1a: Kangaskhan\n|-damage|p1a: Kangaskhan|9/100 brn\n|move|p1b: Incineroar|Fake Out|p2b: Venusaur\n|-damage|p2b: Venusaur|26/100\n|cant|p1a: Kangaskhan|flinch\n|cant|p2b: Venusaur|flinch\n|\n|-damage|p1a: Kangaskhan|2/100 brn|[from] brn\n|upkeep\n|turn|16\n|\n|t:|1776333504\n|switch|p1a: Basculegion|Basculegion, L50, M|36/100\n|switch|p2a: Corviknight|Corviknight, L50, M|4/100 brn\n|move|p2b: Venusaur|Protect|p2b: Venusaur\n|-singleturn|p2b: Venusaur|Protect\n|move|p1b: Incineroar|Parting Shot|p2a: Corviknight\n|-ability|p2a: Corviknight|Mirror Armor\n|-unboost|p1b: Incineroar|atk|1\n|-ability|p2a: Corviknight|Mirror Armor\n|-unboost|p1b: Incineroar|spa|1\n|\n|t:|1776333520\n|switch|p1b: Kangaskhan|Kangaskhan-Mega, L50, F|2/100 brn|[from] Parting Shot\n|\n|-heal|p2a: Corviknight|10/100 brn|[from] item: Leftovers\n|-damage|p1b: Kangaskhan|0 fnt|[from] brn\n|faint|p1b: Kangaskhan\n|-damage|p2a: Corviknight|4/100 brn|[from] brn\n|upkeep\n|\n|t:|1776333522\n|switch|p1b: Incineroar|Incineroar, L50, M|52/100\n|-ability|p1b: Incineroar|Intimidate|boost\n|-ability|p2a: Corviknight|Mirror Armor\n|-unboost|p1b: Incineroar|atk|1\n|-unboost|p2b: Venusaur|atk|1\n|turn|17\n|inactive|Aussie Jim has 30 seconds left.\n|\n|t:|1776333551\n|switch|p2b: Incineroar|Incineroar, L50, F|50/100\n|-ability|p2b: Incineroar|Intimidate|boost\n|-unboost|p1a: Basculegion|atk|1\n|-unboost|p1b: Incineroar|atk|1\n|move|p2a: Corviknight|Protect|p2a: Corviknight\n|-singleturn|p2a: Corviknight|Protect\n|move|p1b: Incineroar|Fake Out|p2b: Incineroar\n|-damage|p2b: Incineroar|45/100\n|move|p1a: Basculegion|Wave Crash|p2a: Corviknight\n|-activate|p2a: Corviknight|move: Protect\n|\n|-heal|p2a: Corviknight|10/100 brn|[from] item: Leftovers\n|-damage|p2a: Corviknight|4/100 brn|[from] brn\n|upkeep\n|turn|18\n|inactive|Aussie Jim has 30 seconds left.\n|inactive|0427am has 30 seconds left.\n|inactive|0427am has 20 seconds left.\n|inactive|0427am has 15 seconds left.\n|inactive|0427am has 10 seconds left.\n|inactive|0427am has 5 seconds left.\n|\n|t:|1776333604\n|switch|p2b: Venusaur|Venusaur-Mega, L50, M|26/100\n|move|p1a: Basculegion|Wave Crash|p2b: Venusaur\n|-resisted|p2b: Venusaur|1\n|-damage|p2b: Venusaur|5/100\n|-damage|p1a: Basculegion|29/100|[from] Recoil\n|move|p2a: Corviknight|Brave Bird|p1a: Basculegion\n|-damage|p1a: Basculegion|4/100\n|-damage|p2a: Corviknight|0 fnt|[from] Recoil\n|faint|p2a: Corviknight\n|move|p1b: Incineroar|Flare Blitz|p2b: Venusaur\n|-supereffective|p2b: Venusaur|1\n|-damage|p2b: Venusaur|0 fnt\n|faint|p2b: Venusaur\n|-damage|p1b: Incineroar|51/100|[from] Recoil\n|\n|upkeep\n|\n|t:|1776333615\n|switch|p2b: Incineroar|Incineroar, L50, F|45/100\n|-ability|p2b: Incineroar|Intimidate|boost\n|-unboost|p1a: Basculegion|atk|1\n|-unboost|p1b: Incineroar|atk|1\n|turn|19\n|inactive|Aussie Jim has 25 seconds left this turn.\n|inactive|Aussie Jim has 20 seconds left.\n|inactive|0427am has 30 seconds left.\n|inactive|Aussie Jim has 15 seconds left.\n|\n|t:|1776333633\n|move|p1a: Basculegion|Wave Crash|p2b: Incineroar\n|-supereffective|p2b: Incineroar|1\n|-damage|p2b: Incineroar|0 fnt\n|faint|p2b: Incineroar\n|-damage|p1a: Basculegion|0 fnt|[from] Recoil\n|faint|p1a: Basculegion\n|\n|win|Aussie Jim\n|raw|Aussie Jim's rating: 1101 &rarr; <strong>1125</strong><br />(+24 for winning)\n|raw|0427am's rating: 1094 &rarr; <strong>1070</strong><br />(-24 for losing)\n",
  "uploadtime": 1776333633,
  "views": 20,
  "formatid": "gen9championsvgc2026regma",
  "rating": 1070,
  "private": 0,
  "password": null
}