{
  "id": "gen9championsvgc2026regma-2583076606",
  "format": "[Gen 9 Champions] VGC 2026 Reg M-A",
  "players": [
    "Namat01",
    "Notswitch417"
  ],
  "log": "|j|\u2606Namat01\n|j|\u2606Notswitch417\n|t:|1776139364\n|gametype|doubles\n|player|p1|Namat01|102|1000\n|player|p2|Notswitch417|102|1072\n|gen|9\n|tier|[Gen 9 Champions] VGC 2026 Reg M-A\n|rated|\n|rule|Species Clause: Limit one of each Pok\u00e9mon\n|rule|Item Clause: Limit 1 of each item\n|clearpoke\n|poke|p1|Charizard, L50, M|\n|poke|p1|Torkoal, L50, M|\n|poke|p1|Kingambit, L50, F|\n|poke|p1|Meganium, L50, F|\n|poke|p1|Corviknight, L50, F|\n|poke|p1|Dragapult, L50, M|\n|poke|p2|Golurk, L50|\n|poke|p2|Kingambit, L50, F|\n|poke|p2|Aerodactyl, L50, M|\n|poke|p2|Sneasler, L50, M|\n|poke|p2|Rotom-Wash, L50|\n|poke|p2|Incineroar, L50, F|\n|teampreview|4\n|\n|t:|1776139406\n|teamsize|p1|4\n|teamsize|p2|4\n|start\n|switch|p1a: Dragapult|Dragapult, L50, M|100/100\n|switch|p1b: Corviknight|Corviknight, L50, F|100/100\n|switch|p2a: Sneasler|Sneasler, L50, M|100/100\n|switch|p2b: Aerodactyl|Aerodactyl, L50, M|100/100\n|-ability|p2b: Aerodactyl|Unnerve\n|-ability|p1b: Corviknight|Pressure\n|turn|1\n|\n|t:|1776139427\n|move|p2a: Sneasler|Fake Out|p1b: Corviknight\n|-resisted|p1b: Corviknight|1\n|-damage|p1b: Corviknight|97/100\n|move|p2b: Aerodactyl|Rock Slide|p1a: Dragapult|[spread] p1a,p1b\n|-damage|p1a: Dragapult|71/100\n|-damage|p1b: Corviknight|80/100\n|move|p1a: Dragapult|Psychic Fangs|p2a: Sneasler\n|-supereffective|p2a: Sneasler|2\n|-damage|p2a: Sneasler|0 fnt\n|faint|p2a: Sneasler\n|cant|p1b: Corviknight|flinch\n|\n|-heal|p1b: Corviknight|86/100|[from] item: Leftovers\n|upkeep\n|\n|t:|1776139446\n|switch|p2a: Golurk|Golurk, L50|100/100\n|turn|2\n|\n|t:|1776139458\n|detailschange|p2a: Golurk|Golurk-Mega, L50\n|-mega|p2a: Golurk|Golurk|Golurkite\n|move|p2b: Aerodactyl|Tailwind|p2b: Aerodactyl\n|-sidestart|p2: Notswitch417|move: Tailwind\n|move|p2a: Golurk|Poltergeist|p1a: Dragapult\n|-activate|p1a: Dragapult|move: Poltergeist|Focus Sash\n|-supereffective|p1a: Dragapult|1\n|-damage|p1a: Dragapult|0 fnt\n|faint|p1a: Dragapult\n|move|p1b: Corviknight|Iron Defense|p1b: Corviknight\n|-boost|p1b: Corviknight|def|2\n|\n|-heal|p1b: Corviknight|92/100|[from] item: Leftovers\n|upkeep\n|\n|t:|1776139472\n|switch|p1a: Kingambit|Kingambit, L50, F|100/100\n|turn|3\n|\n|t:|1776139483\n|switch|p2b: Rotom|Rotom-Wash, L50|100/100\n|move|p1a: Kingambit|Sucker Punch|p2a: Golurk\n|-supereffective|p2a: Golurk|1\n|-damage|p2a: Golurk|2/100\n|move|p2a: Golurk|Headlong Rush|p1a: Kingambit\n|-supereffective|p1a: Kingambit|1\n|-damage|p1a: Kingambit|0 fnt\n|-unboost|p2a: Golurk|def|1\n|-unboost|p2a: Golurk|spd|1\n|faint|p1a: Kingambit\n|move|p1b: Corviknight|Iron Defense|p1b: Corviknight\n|-boost|p1b: Corviknight|def|2\n|\n|-heal|p1b: Corviknight|98/100|[from] item: Leftovers\n|upkeep\n|\n|t:|1776139496\n|switch|p1a: Charizard|Charizard, L50, M|100/100\n|turn|4\n|\n|t:|1776139522\n|move|p1a: Charizard|Protect|p1a: Charizard\n|-singleturn|p1a: Charizard|Protect\n|move|p2b: Rotom|Will-O-Wisp|p1b: Corviknight\n|-status|p1b: Corviknight|brn\n|move|p2a: Golurk|Rock Slide|p1a: Charizard|[spread] p1b\n|-activate|p1a: Charizard|move: Protect\n|-damage|p1b: Corviknight|92/100 brn\n|move|p1b: Corviknight|Brave Bird|p2a: Golurk\n|-damage|p2a: Golurk|0 fnt\n|faint|p2a: Golurk\n|-damage|p1b: Corviknight|92/100 brn|[from] Recoil\n|\n|-heal|p1b: Corviknight|98/100 brn|[from] item: Leftovers\n|-damage|p1b: Corviknight|92/100 brn|[from] brn\n|upkeep\n|\n|t:|1776139534\n|switch|p2a: Aerodactyl|Aerodactyl, L50, M|100/100\n|-ability|p2a: Aerodactyl|Unnerve\n|turn|5\n|\n|t:|1776139543\n|detailschange|p1a: Charizard|Charizard-Mega-Y, L50, M\n|-mega|p1a: Charizard|Charizard|Charizardite Y\n|-weather|SunnyDay|[from] ability: Drought|[of] p1a: Charizard\n|move|p2a: Aerodactyl|Rock Slide|p1b: Corviknight|[spread] p1b\n|-miss|p2a: Aerodactyl|p1a: Charizard\n|-damage|p1b: Corviknight|86/100 brn\n|move|p2b: Rotom|Thunderbolt|p1b: Corviknight\n|-supereffective|p1b: Corviknight|1\n|-damage|p1b: Corviknight|3/100 brn\n|move|p1a: Charizard|Solar Beam||[still]\n|-prepare|p1a: Charizard|Solar Beam\n|-anim|p1a: Charizard|Solar Beam|p2b: Rotom\n|-supereffective|p2b: Rotom|1\n|-damage|p2b: Rotom|0 fnt\n|faint|p2b: Rotom\n|move|p1b: Corviknight|Body Press|p2a: Aerodactyl\n|-damage|p2a: Aerodactyl|35/100\n|\n|-weather|SunnyDay|[upkeep]\n|-heal|p1b: Corviknight|9/100 brn|[from] item: Leftovers\n|-damage|p1b: Corviknight|3/100 brn|[from] brn\n|-sideend|p2: Notswitch417|move: Tailwind\n|upkeep\n|turn|6\n|\n|t:|1776139565\n|move|p2a: Aerodactyl|Rock Slide|p1b: Corviknight|[spread] p1a,p1b\n|-supereffective|p1a: Charizard|2\n|-damage|p1a: Charizard|0 fnt\n|-damage|p1b: Corviknight|0 fnt\n|faint|p1a: Charizard\n|faint|p1b: Corviknight\n|\n|win|Notswitch417\n|raw|Namat01's rating: 1000 &rarr; <strong>1000</strong><br />(+0 for losing)\n|raw|Notswitch417's rating: 1072 &rarr; <strong>1095</strong><br />(+23 for winning)\n|l|\u2606Namat01\n|player|p1|\n",
  "uploadtime": 1776139575,
  "views": 13,
  "formatid": "gen9championsvgc2026regma",
  "rating": 1000,
  "private": 0,
  "password": null
}