{
  "id": "gen9championsvgc2026regma-2580440575",
  "format": "[Gen 9 Champions] VGC 2026 Reg M-A",
  "players": [
    "zan81",
    "ujjhtrg"
  ],
  "log": "|j|\u2606zan81\n|j|\u2606ujjhtrg\n|t:|1775896930\n|gametype|doubles\n|player|p1|zan81|102|1179\n|player|p2|ujjhtrg|102|1079\n|gen|9\n|tier|[Gen 9 Champions] VGC 2026 Reg M-A\n|rated|\n|rule|Species Clause: Limit one of each Pok\u00e9mon\n|rule|Item Clause: Limit 1 of each item\n|clearpoke\n|poke|p1|Kingambit, L50, M|\n|poke|p1|Sneasler, L50, M|\n|poke|p1|Basculegion, L50, M|\n|poke|p1|Froslass, L50, F|\n|poke|p1|Rotom-Heat, L50|\n|poke|p1|Floette-Eternal, L50, F|\n|poke|p2|Golurk, L50|\n|poke|p2|Oranguru, L50, F|\n|poke|p2|Hatterene, L50, F|\n|poke|p2|Garchomp, L50, M|\n|poke|p2|Torkoal, L50, F|\n|poke|p2|Chesnaught, L50, F|\n|teampreview|4\n|inactive|Battle timer is ON: inactive players will automatically lose when time's up. (requested by zan81)\n|inactive|zan81 has 60 seconds left.\n|inactive|zan81 has 30 seconds left.\n|inactive|zan81 has 20 seconds left.\n|inactive|zan81 has 15 seconds left.\n|inactive|zan81 has 10 seconds left.\n|\n|t:|1775897013\n|teamsize|p1|4\n|teamsize|p2|4\n|start\n|switch|p1a: Sneasler|Sneasler, L50, M|100/100\n|switch|p1b: Froslass|Froslass, L50, F|100/100\n|switch|p2a: Oranguru|Oranguru, L50, F|100/100\n|switch|p2b: Hatterene|Hatterene, L50, F|100/100\n|turn|1\n|\n|t:|1775897025\n|detailschange|p1b: Froslass|Froslass-Mega, L50, F\n|-mega|p1b: Froslass|Froslass|Froslassite\n|-weather|Snowscape|[from] ability: Snow Warning|[of] p1b: Froslass\n|move|p2b: Hatterene|Protect|p2b: Hatterene\n|-singleturn|p2b: Hatterene|Protect\n|move|p1a: Sneasler|Fake Out|p2a: Oranguru\n|-damage|p2a: Oranguru|87/100\n|move|p1b: Froslass|Blizzard|p2b: Hatterene|[spread] p2a\n|-activate|p2b: Hatterene|move: Protect\n|-damage|p2a: Oranguru|49/100\n|move|p2a: Oranguru|Trick Room|p2a: Oranguru\n|-fieldstart|move: Trick Room|[of] p2a: Oranguru\n|\n|-weather|Snowscape|[upkeep]\n|upkeep\n|turn|2\n|inactive|zan81 has 30 seconds left.\n|\n|t:|1775897053\n|move|p1b: Froslass|Protect|p1b: Froslass\n|-singleturn|p1b: Froslass|Protect\n|move|p1a: Sneasler|Protect|p1a: Sneasler\n|-singleturn|p1a: Sneasler|Protect\n|move|p2b: Hatterene|Dazzling Gleam|p1a: Sneasler|[spread] \n|-activate|p1a: Sneasler|move: Protect\n|-activate|p1b: Froslass|move: Protect\n|move|p2a: Oranguru|Instruct|p2b: Hatterene\n|-singleturn|p2b: Hatterene|move: Instruct|[of] p2a: Oranguru\n|move|p2b: Hatterene|Dazzling Gleam|p1b: Froslass|[spread] \n|-activate|p1a: Sneasler|move: Protect\n|-activate|p1b: Froslass|move: Protect\n|\n|-weather|Snowscape|[upkeep]\n|upkeep\n|turn|3\n|inactive|zan81 has 30 seconds left.\n|\n|t:|1775897082\n|switch|p1b: Rotom|Rotom-Heat, L50|100/100\n|switch|p1a: Basculegion|Basculegion, L50, M|100/100\n|move|p2b: Hatterene|Dazzling Gleam|p1b: Rotom|[spread] p1a,p1b\n|-resisted|p1b: Rotom|1\n|-damage|p1a: Basculegion|47/100\n|-damage|p1b: Rotom|79/100\n|move|p2a: Oranguru|Instruct|p2b: Hatterene\n|-singleturn|p2b: Hatterene|move: Instruct|[of] p2a: Oranguru\n|move|p2b: Hatterene|Dazzling Gleam|p1a: Basculegion|[spread] p1a,p1b\n|-resisted|p1b: Rotom|1\n|-damage|p1a: Basculegion|3/100\n|-damage|p1b: Rotom|58/100\n|\n|-weather|Snowscape|[upkeep]\n|upkeep\n|turn|4\n|\n|t:|1775897105\n|switch|p2a: Torkoal|Torkoal, L50, F|100/100\n|-weather|SunnyDay|[from] ability: Drought|[of] p2a: Torkoal\n|move|p1b: Rotom|Protect|p1b: Rotom\n|-singleturn|p1b: Rotom|Protect\n|move|p1a: Basculegion|Aqua Jet|p2b: Hatterene\n|-damage|p2b: Hatterene|87/100\n|move|p2b: Hatterene|Dazzling Gleam|p1b: Rotom|[spread] p1a\n|-activate|p1b: Rotom|move: Protect\n|-damage|p1a: Basculegion|0 fnt\n|faint|p1a: Basculegion\n|\n|-weather|SunnyDay|[upkeep]\n|upkeep\n|\n|t:|1775897121\n|switch|p1a: Froslass|Froslass-Mega, L50, F|100/100\n|-weather|Snowscape|[from] ability: Snow Warning|[of] p1a: Froslass\n|turn|5\n|\n|t:|1775897136\n|switch|p2a: Oranguru|Oranguru, L50, F|49/100\n|move|p1a: Froslass|Protect|p1a: Froslass\n|-singleturn|p1a: Froslass|Protect\n|move|p2b: Hatterene|Psychic|p1b: Rotom\n|-damage|p1b: Rotom|1/100\n|-enditem|p1b: Rotom|Sitrus Berry|[eat]\n|-heal|p1b: Rotom|26/100|[from] item: Sitrus Berry\n|move|p1b: Rotom|Volt Switch|p2a: Oranguru\n|-damage|p2a: Oranguru|25/100\n|\n|t:|1775897147\n|switch|p1b: Sneasler|Sneasler, L50, M|100/100|[from] Volt Switch\n|\n|-weather|Snowscape|[upkeep]\n|-fieldend|move: Trick Room\n|upkeep\n|turn|6\n|\n|t:|1775897169\n|switch|p2a: Torkoal|Torkoal, L50, F|100/100\n|-weather|SunnyDay|[from] ability: Drought|[of] p2a: Torkoal\n|move|p2b: Hatterene|Protect|p2b: Hatterene\n|-singleturn|p2b: Hatterene|Protect\n|move|p1b: Sneasler|Dire Claw|p2b: Hatterene\n|-activate|p2b: Hatterene|move: Protect\n|move|p1a: Froslass|Blizzard|p2a: Torkoal|[spread] p2a\n|-activate|p2b: Hatterene|move: Protect\n|-resisted|p2a: Torkoal|1\n|-damage|p2a: Torkoal|67/100\n|\n|-weather|SunnyDay|[upkeep]\n|upkeep\n|turn|7\n|\n|t:|1775897185\n|switch|p2b: Oranguru|Oranguru, L50, F|25/100\n|move|p1b: Sneasler|Close Combat|p2a: Torkoal\n|-damage|p2a: Torkoal|14/100\n|-unboost|p1b: Sneasler|def|1\n|-unboost|p1b: Sneasler|spd|1\n|move|p1a: Froslass|Shadow Ball|p2a: Torkoal\n|-damage|p2a: Torkoal|0 fnt\n|faint|p2a: Torkoal\n|\n|-weather|SunnyDay|[upkeep]\n|upkeep\n|\n|t:|1775897196\n|switch|p2a: Golurk|Golurk, L50|100/100\n|turn|8\n|\n|t:|1775897217\n|detailschange|p2a: Golurk|Golurk-Mega, L50\n|-mega|p2a: Golurk|Golurk|Golurkite\n|move|p1b: Sneasler|Close Combat|p2b: Oranguru\n|-damage|p2b: Oranguru|0 fnt\n|-unboost|p1b: Sneasler|def|1\n|-unboost|p1b: Sneasler|spd|1\n|faint|p2b: Oranguru\n|move|p1a: Froslass|Blizzard|p2a: Golurk|[miss]\n|-miss|p1a: Froslass|p2a: Golurk\n|move|p2a: Golurk|Heavy Slam|p1a: Froslass\n|-supereffective|p1a: Froslass|1\n|-damage|p1a: Froslass|0 fnt\n|faint|p1a: Froslass\n|\n|-weather|SunnyDay|[upkeep]\n|upkeep\n|\n|t:|1775897231\n|switch|p1a: Rotom|Rotom-Heat, L50|26/100\n|switch|p2b: Hatterene|Hatterene, L50, F|87/100\n|turn|9\n|\n|t:|1775897238\n|move|p1b: Sneasler|Protect|p1b: Sneasler\n|-singleturn|p1b: Sneasler|Protect\n|move|p1a: Rotom|Protect|p1a: Rotom\n|-singleturn|p1a: Rotom|Protect\n|move|p2b: Hatterene|Protect|p2b: Hatterene\n|-singleturn|p2b: Hatterene|Protect\n|move|p2a: Golurk|Headlong Rush|p1b: Sneasler\n|-supereffective|p1b: Sneasler|1\n|-crit|p1b: Sneasler\n|-enditem|p1b: Sneasler|Focus Sash\n|-damage|p1b: Sneasler|1/100\n|-unboost|p2a: Golurk|def|1\n|-unboost|p2a: Golurk|spd|1\n|\n|-weather|SunnyDay|[upkeep]\n|upkeep\n|turn|10\n|inactive|zan81 has 30 seconds left.\n|inactive|zan81 has 20 seconds left.\n|inactive|zan81 has 15 seconds left.\n|inactive|zan81 has 10 seconds left.\n|\n|t:|1775897286\n|move|p1b: Sneasler|Dire Claw|p2b: Hatterene\n|-supereffective|p2b: Hatterene|1\n|-damage|p2b: Hatterene|0 fnt\n|faint|p2b: Hatterene\n|move|p1a: Rotom|Will-O-Wisp|p2a: Golurk\n|-status|p2a: Golurk|brn\n|move|p2a: Golurk|Heavy Slam|p1b: Sneasler\n|-damage|p1b: Sneasler|0 fnt\n|faint|p1b: Sneasler\n|\n|-weather|none\n|-damage|p2a: Golurk|94/100 brn|[from] brn\n|upkeep\n|turn|11\n|\n|t:|1775897299\n|move|p1a: Rotom|Overheat|p2a: Golurk\n|-damage|p2a: Golurk|14/100 brn\n|-unboost|p1a: Rotom|spa|2\n|move|p2a: Golurk|Poltergeist||[still]\n|-fail|p2a: Golurk\n|\n|-damage|p2a: Golurk|8/100 brn|[from] brn\n|upkeep\n|turn|12\n|-message|ujjhtrg forfeited.\n|\n|win|zan81\n|raw|zan81's rating: 1179 &rarr; <strong>1197</strong><br />(+18 for winning)\n|raw|ujjhtrg's rating: 1079 &rarr; <strong>1063</strong><br />(-16 for losing)\n|l|\u2606ujjhtrg\n|player|p2|\n",
  "uploadtime": 1775897311,
  "views": 27,
  "formatid": "gen9championsvgc2026regma",
  "rating": 1063,
  "private": 0,
  "password": null
}