{
  "id": "gen9championsvgc2026regma-2585815114",
  "format": "[Gen 9 Champions] VGC 2026 Reg M-A",
  "players": [
    "jack sisco",
    "SHyperdestroyerVGC"
  ],
  "log": "|j|\u2606jack sisco\n|j|\u2606SHyperdestroyerVGC\n|t:|1776372654\n|gametype|doubles\n|player|p1|jack sisco|bugcatcher-gen4dp|1237\n|player|p2|SHyperdestroyerVGC|lady|1283\n|gen|9\n|tier|[Gen 9 Champions] VGC 2026 Reg M-A\n|rated|\n|rule|Species Clause: Limit one of each Pok\u00e9mon\n|rule|Item Clause: Limit 1 of each item\n|clearpoke\n|poke|p1|Floette-Eternal, L50, F|\n|poke|p1|Raichu, L50, F|\n|poke|p1|Armarouge, L50, F|\n|poke|p1|Sneasler, L50, M|\n|poke|p1|Ninetales-Alola, L50, F|\n|poke|p1|Whimsicott, L50, F|\n|poke|p2|Charizard, L50, F|\n|poke|p2|Venusaur, L50, F|\n|poke|p2|Whimsicott, L50, M|\n|poke|p2|Kingambit, L50, F|\n|poke|p2|Kommo-o, L50, M|\n|poke|p2|Rotom-Wash, L50|\n|teampreview|4\n|inactive|Battle timer is ON: inactive players will automatically lose when time's up. (requested by jack sisco)\nSHyperdestroyerVGC has agreed to open team sheets.\n|\n|t:|1776372677\n|teamsize|p1|4\n|teamsize|p2|4\n|start\n|switch|p1a: Floette|Floette-Eternal, L50, F|100/100\n|switch|p1b: Sneasler|Sneasler, L50, M|100/100\n|switch|p2a: Charizard|Charizard, L50, F|100/100\n|switch|p2b: Venusaur|Venusaur, L50, F|100/100\n|turn|1\n|inactive|jack sisco has 30 seconds left.\n|\n|t:|1776372703\n|detailschange|p2a: Charizard|Charizard-Mega-Y, L50, F\n|-mega|p2a: Charizard|Charizard|Charizardite Y\n|-weather|SunnyDay|[from] ability: Drought|[of] p2a: Charizard\n|move|p1a: Floette|Protect|p1a: Floette\n|-singleturn|p1a: Floette|Protect\n|move|p1b: Sneasler|Fake Out|p2a: Charizard\n|-damage|p2a: Charizard|81/100\n|move|p2b: Venusaur|Sleep Powder|p1a: Floette\n|-activate|p1a: Floette|move: Protect\n|cant|p2a: Charizard|flinch\n|\n|-weather|SunnyDay|[upkeep]\n|upkeep\n|turn|2\n|inactive|SHyperdestroyerVGC has 30 seconds left.\n|\n|t:|1776372734\n|switch|p2b: Kingambit|Kingambit, L50, F|100/100\n|switch|p1a: Ninetales|Ninetales-Alola, L50, F|100/100\n|-weather|Snowscape|[from] ability: Snow Warning|[of] p1a: Ninetales\n|move|p1b: Sneasler|Dire Claw|p2a: Charizard\n|-damage|p2a: Charizard|28/100\n|move|p2a: Charizard|Air Slash|p1b: Sneasler\n|-supereffective|p1b: Sneasler|1\n|-damage|p1b: Sneasler|0 fnt\n|faint|p1b: Sneasler\n|\n|-weather|Snowscape|[upkeep]\n|upkeep\n|\n|t:|1776372752\n|switch|p1b: Floette|Floette-Eternal, L50, F|100/100\n|turn|3\n|\n|t:|1776372763\n|switch|p2a: Whimsicott|Whimsicott, L50, M|100/100\n|move|p1a: Ninetales|Blizzard|p2a: Whimsicott|[spread] p2a,p2b\n|-supereffective|p2a: Whimsicott|1\n|-resisted|p2b: Kingambit|1\n|-damage|p2a: Whimsicott|13/100\n|-damage|p2b: Kingambit|85/100\n|-status|p2b: Kingambit|frz\n|move|p1b: Floette|Dazzling Gleam|p2b: Kingambit|[spread] p2a,p2b\n|-damage|p2a: Whimsicott|0 fnt\n|-damage|p2b: Kingambit|56/100 frz\n|faint|p2a: Whimsicott\n|cant|p2b: Kingambit|frz\n|\n|-weather|Snowscape|[upkeep]\n|upkeep\n|\n|t:|1776372777\n|switch|p2a: Charizard|Charizard-Mega-Y, L50, F|28/100\n|-weather|SunnyDay|[from] ability: Drought|[of] p2a: Charizard\n|turn|4\n|\n|t:|1776372799\n|move|p1a: Ninetales|Aurora Veil||[still]\n|-fail|p1a: Ninetales\n|move|p1b: Floette|Dazzling Gleam|p2a: Charizard|[spread] p2a,p2b\n|-resisted|p2a: Charizard|1\n|-damage|p2a: Charizard|14/100\n|-damage|p2b: Kingambit|31/100 frz\n|move|p2a: Charizard|Overheat|p1b: Floette\n|-damage|p1b: Floette|0 fnt\n|-unboost|p2a: Charizard|spa|2\n|faint|p1b: Floette\n|cant|p2b: Kingambit|frz\n|\n|-weather|SunnyDay|[upkeep]\n|upkeep\n|\n|t:|1776372813\n|switch|p1b: Armarouge|Armarouge, L50, F|100/100\n|turn|5\n|\n|t:|1776372828\n|switch|p2a: Venusaur|Venusaur, L50, F|100/100\n|-curestatus|p2b: Kingambit|frz|[msg]\n|move|p2b: Kingambit|Sucker Punch|p1b: Armarouge\n|-supereffective|p1b: Armarouge|1\n|-damage|p1b: Armarouge|24/100\n|-enditem|p1b: Armarouge|Sitrus Berry|[eat]\n|-heal|p1b: Armarouge|49/100|[from] item: Sitrus Berry\n|move|p1a: Ninetales|Blizzard|p2a: Venusaur|[spread] p2a\n|-miss|p1a: Ninetales|p2b: Kingambit\n|-supereffective|p2a: Venusaur|1\n|-damage|p2a: Venusaur|35/100\n|move|p1b: Armarouge|Flamethrower|p2b: Kingambit\n|-supereffective|p2b: Kingambit|1\n|-damage|p2b: Kingambit|0 fnt\n|faint|p2b: Kingambit\n|\n|-weather|SunnyDay|[upkeep]\n|-heal|p2a: Venusaur|40/100|[from] item: Leftovers\n|upkeep\n|\n|t:|1776372836\n|switch|p2b: Charizard|Charizard-Mega-Y, L50, F|14/100\n|turn|6\n|inactive|SHyperdestroyerVGC has 30 seconds left.\n|\n|t:|1776372869\n|move|p2b: Charizard|Protect|p2b: Charizard\n|-singleturn|p2b: Charizard|Protect\n|move|p2a: Venusaur|Sleep Powder|p1a: Ninetales|[miss]\n|-miss|p2a: Venusaur|p1a: Ninetales\n|move|p1a: Ninetales|Blizzard|p2a: Venusaur|[spread] p2a\n|-activate|p2b: Charizard|move: Protect\n|-supereffective|p2a: Venusaur|1\n|-damage|p2a: Venusaur|0 fnt\n|faint|p2a: Venusaur\n|move|p1b: Armarouge|Heat Wave|p2b: Charizard\n|-activate|p2b: Charizard|move: Protect\n|\n|-weather|SunnyDay|[upkeep]\n|upkeep\n|turn|7\n|c|\u2606SHyperdestroyerVGC|gg\n|-message|SHyperdestroyerVGC forfeited.\n|\n|win|jack sisco\n|raw|jack sisco's rating: 1237 &rarr; <strong>1265</strong><br />(+28 for winning)\n|raw|SHyperdestroyerVGC's rating: 1283 &rarr; <strong>1255</strong><br />(-28 for losing)\n|l|\u2606SHyperdestroyerVGC\n|player|p2|\n|j|\u2606SHyperdestroyerVGC\n|player|p2|SHyperdestroyerVGC|lady|\n|c|\u2606jack sisco|Gg\n|l|\u2606jack sisco\n|player|p1|\n",
  "uploadtime": 1776372902,
  "views": 41,
  "formatid": "gen9championsvgc2026regma",
  "rating": 1255,
  "private": 0,
  "password": null
}