{
  "id": "gen9championsvgc2026regma-2588768894",
  "format": "[Gen 9 Champions] VGC 2026 Reg M-A",
  "players": [
    "AMD_T75",
    "FireGatorXC"
  ],
  "log": "|j|\u2606AMD_T75\n|j|\u2606FireGatorXC\n|t:|1776668357\n|gametype|doubles\n|player|p1|AMD_T75|265|1254\n|player|p2|FireGatorXC|169|1224\n|gen|9\n|tier|[Gen 9 Champions] VGC 2026 Reg M-A\n|rated|\n|rule|Species Clause: Limit one of each Pok\u00e9mon\n|rule|Item Clause: Limit 1 of each item\n|clearpoke\n|poke|p1|Floette-Eternal, L50, F|\n|poke|p1|Aerodactyl, L50, F|\n|poke|p1|Sinistcha, L50|\n|poke|p1|Incineroar, L50, F, shiny|\n|poke|p1|Garchomp, L50, F|\n|poke|p1|Charizard, L50, M|\n|poke|p2|Feraligatr, L50, M|\n|poke|p2|Talonflame, L50, F|\n|poke|p2|Sinistcha, L50|\n|poke|p2|Sneasler, L50, M|\n|poke|p2|Kingambit, L50, M, shiny|\n|poke|p2|Gardevoir, L50, F, shiny|\n|teampreview|4\n|\n|t:|1776668389\n|teamsize|p1|4\n|teamsize|p2|4\n|start\n|switch|p1a: Charizard|Charizard, L50, M|100/100\n|switch|p1b: Garchomp|Garchomp, L50, F|100/100\n|switch|p2a: Talonflame|Talonflame, L50, F|100/100\n|switch|p2b: Sneasler|Sneasler, L50, M|100/100\n|turn|1\n|\n|t:|1776668433\n|detailschange|p1a: Charizard|Charizard-Mega-Y, L50, M\n|-mega|p1a: Charizard|Charizard|Charizardite Y\n|-weather|SunnyDay|[from] ability: Drought|[of] p1a: Charizard\n|move|p2b: Sneasler|Fake Out|p1a: Charizard\n|-damage|p1a: Charizard|84/100\n|move|p2a: Talonflame|Tailwind|p2a: Talonflame\n|-sidestart|p2: FireGatorXC|move: Tailwind\n|move|p1b: Garchomp|Earthquake|p2a: Talonflame|[spread] p2b\n|-immune|p1a: Charizard\n|-immune|p2a: Talonflame\n|-supereffective|p2b: Sneasler|1\n|-enditem|p2b: Sneasler|Focus Sash\n|-damage|p2b: Sneasler|1/100\n|cant|p1a: Charizard|flinch\n|\n|-weather|SunnyDay|[upkeep]\n|upkeep\n|turn|2\n|\n|t:|1776668460\n|switch|p2a: Feraligatr|Feraligatr, L50, M|100/100\n|move|p1a: Charizard|Protect|p1a: Charizard\n|-singleturn|p1a: Charizard|Protect\n|move|p2b: Sneasler|Coaching|p2a: Feraligatr\n|-boost|p2a: Feraligatr|atk|1\n|-boost|p2a: Feraligatr|def|1\n|move|p1b: Garchomp|Rock Slide|p2b: Sneasler|[spread] p2a,p2b\n|-resisted|p2b: Sneasler|1\n|-damage|p2a: Feraligatr|88/100\n|-damage|p2b: Sneasler|0 fnt\n|faint|p2b: Sneasler\n|\n|-weather|SunnyDay|[upkeep]\n|upkeep\n|\n|t:|1776668473\n|switch|p2b: Talonflame|Talonflame, L50, F|100/100\n|turn|3\n|\n|t:|1776668491\n|switch|p1a: Sinistcha|Sinistcha, L50|100/100\n|detailschange|p2a: Feraligatr|Feraligatr-Mega, L50, M\n|-mega|p2a: Feraligatr|Feraligatr|Feraligite\n|move|p2b: Talonflame|Flare Blitz|p1a: Sinistcha\n|-supereffective|p1a: Sinistcha|1\n|-damage|p1a: Sinistcha|0 fnt\n|faint|p1a: Sinistcha\n|-damage|p2b: Talonflame|62/100|[from] Recoil\n|move|p2a: Feraligatr|Double-Edge|p1b: Garchomp\n|-supereffective|p1b: Garchomp|1\n|-enditem|p1b: Garchomp|Haban Berry|[eat]\n|-enditem|p1b: Garchomp|Haban Berry|[weaken]\n|-damage|p1b: Garchomp|0 fnt\n|-damage|p2a: Feraligatr|75/100|[from] ability: Rough Skin|[of] p1b: Garchomp\n|faint|p1b: Garchomp\n|-damage|p2a: Feraligatr|44/100|[from] Recoil\n|\n|-weather|SunnyDay|[upkeep]\n|upkeep\n|\n|t:|1776668505\n|switch|p1b: Incineroar|Incineroar, L50, F, shiny|100/100\n|switch|p1a: Charizard|Charizard-Mega-Y, L50, M|84/100\n|-ability|p1b: Incineroar|Intimidate|boost\n|-unboost|p2a: Feraligatr|atk|1\n|-unboost|p2b: Talonflame|atk|1\n|-enditem|p2b: Talonflame|White Herb\n|-clearnegativeboost|p2b: Talonflame|[silent]\n|turn|4\n|\n|t:|1776668545\n|move|p2b: Talonflame|Protect|p2b: Talonflame\n|-singleturn|p2b: Talonflame|Protect\n|move|p2a: Feraligatr|Protect|p2a: Feraligatr\n|-singleturn|p2a: Feraligatr|Protect\n|move|p1b: Incineroar|Fake Out|p2a: Feraligatr\n|-activate|p2a: Feraligatr|move: Protect\n|move|p1a: Charizard|Heat Wave|p2b: Talonflame|[spread] \n|-activate|p2a: Feraligatr|move: Protect\n|-activate|p2b: Talonflame|move: Protect\n|\n|-weather|SunnyDay|[upkeep]\n|-sideend|p2: FireGatorXC|move: Tailwind\n|upkeep\n|turn|5\n|\n|t:|1776668566\n|move|p2b: Talonflame|Tailwind|p2b: Talonflame\n|-sidestart|p2: FireGatorXC|move: Tailwind\n|move|p2a: Feraligatr|Double-Edge|p1a: Charizard\n|-damage|p1a: Charizard|0 fnt\n|faint|p1a: Charizard\n|-damage|p2a: Feraligatr|19/100|[from] Recoil\n|move|p1b: Incineroar|Darkest Lariat|p2a: Feraligatr\n|-damage|p2a: Feraligatr|0 fnt\n|faint|p2a: Feraligatr\n|\n|-weather|none\n|upkeep\n|\n|t:|1776668576\n|switch|p2a: Kingambit|Kingambit, L50, M, shiny|100/100\n|turn|6\n|\n|t:|1776668594\n|move|p2a: Kingambit|Protect|p2a: Kingambit\n|-singleturn|p2a: Kingambit|Protect\n|move|p2b: Talonflame|Brave Bird|p1b: Incineroar\n|-damage|p1b: Incineroar|63/100\n|-damage|p2b: Talonflame|46/100|[from] Recoil\n|move|p1b: Incineroar|Darkest Lariat|p2b: Talonflame\n|-damage|p2b: Talonflame|0 fnt\n|faint|p2b: Talonflame\n|\n|upkeep\n|turn|7\n|\n|t:|1776668605\n|move|p2a: Kingambit|Sucker Punch|p1b: Incineroar\n|-resisted|p1b: Incineroar|1\n|-damage|p1b: Incineroar|48/100\n|-enditem|p1b: Incineroar|Sitrus Berry|[eat]\n|-heal|p1b: Incineroar|73/100|[from] item: Sitrus Berry\n|move|p1b: Incineroar|Flare Blitz|p2a: Kingambit\n|-supereffective|p2a: Kingambit|1\n|-damage|p2a: Kingambit|33/100\n|-damage|p1b: Incineroar|50/100|[from] Recoil\n|\n|upkeep\n|turn|8\n|\n|t:|1776668620\n|move|p2a: Kingambit|Iron Head|p1b: Incineroar\n|-resisted|p1b: Incineroar|1\n|-crit|p1b: Incineroar\n|-damage|p1b: Incineroar|21/100\n|move|p1b: Incineroar|Flare Blitz|p2a: Kingambit\n|-supereffective|p2a: Kingambit|1\n|-damage|p2a: Kingambit|0 fnt\n|faint|p2a: Kingambit\n|-damage|p1b: Incineroar|10/100|[from] Recoil\n|\n|win|AMD_T75\n|raw|AMD_T75's rating: 1254 &rarr; <strong>1277</strong><br />(+23 for winning)\n|raw|FireGatorXC's rating: 1224 &rarr; <strong>1201</strong><br />(-23 for losing)\n|l|\u2606FireGatorXC\n|player|p2|\n|c|\u2606AMD_T75|Gg\n",
  "uploadtime": 1776668637,
  "views": 11,
  "formatid": "gen9championsvgc2026regma",
  "rating": 1201,
  "private": 0,
  "password": null
}