{
  "id": "gen9championsvgc2026regma-2582541848",
  "format": "[Gen 9 Champions] VGC 2026 Reg M-A",
  "players": [
    "q77182",
    "Arcato"
  ],
  "log": "|j|\u2606q77182\n|j|\u2606Arcato\n|t:|1776098264\n|gametype|doubles\n|player|p1|q77182|265|1114\n|player|p2|Arcato|101|1065\n|gen|9\n|tier|[Gen 9 Champions] VGC 2026 Reg M-A\n|rated|\n|rule|Species Clause: Limit one of each Pok\u00e9mon\n|rule|Item Clause: Limit 1 of each item\n|clearpoke\n|poke|p1|Pelipper, L50, F|\n|poke|p1|Meganium, L50, M|\n|poke|p1|Basculegion, L50, M|\n|poke|p1|Archaludon, L50, M|\n|poke|p1|Sinistcha, L50|\n|poke|p1|Incineroar, L50, F|\n|poke|p2|Kleavor, L50, F|\n|poke|p2|Sneasler, L50, F|\n|poke|p2|Tyranitar, L50, F|\n|poke|p2|Sinistcha, L50|\n|poke|p2|Talonflame, L50, M|\n|poke|p2|Rotom-Wash, L50|\n|teampreview|4\n|inactive|Battle timer is ON: inactive players will automatically lose when time's up. (requested by q77182)\nq77182 has agreed to open team sheets.\n|c|\u2606Arcato|GLHF\n|inactive|q77182 has 60 seconds left.\nArcato has agreed to open team sheets.\n|showteam|p1|Pelipper||FocusSash|Drizzle|WeatherBall,Tailwind,WideGuard,Hurricane|||F|||50|]Meganium||Meganiumite|Overgrow|WeatherBall,SolarBeam,Synthesis,Protect|||M|||50|]Basculegion||MysticWater|SwiftSwim|LastRespects,WaveCrash,AquaJet,Protect|||M|||50|]Archaludon||ShucaBerry|Stamina|ElectroShot,FlashCannon,DracoMeteor,Protect|||M|||50|]Sinistcha||SitrusBerry|Hospitality|ShadowBall,MatchaGotcha,RagePowder,Protect||||||50|]Incineroar||Leftovers|Intimidate|FakeOut,PartingShot,WillOWisp,Snarl|||F|||50|\n|showteam|p2|Kleavor||ChoiceScarf|Sharpness|StoneAxe,XScissor,Uturn,Tailwind|||F|||50|]Sneasler||WhiteHerb|Unburden|FakeOut,CloseCombat,DireClaw,Protect|||F|||50|]Tyranitar||Tyranitarite|SandStream|RockSlide,LashOut,DragonDance,Protect|||F|||50|]Sinistcha||Leftovers|Hospitality|MatchaGotcha,RagePowder,TrickRoom,StrengthSap||||||50|]Talonflame||FocusSash|GaleWings|BraveBird,Tailwind,HeatWave,Taunt|||M|||50|]Rotom-Wash||SitrusBerry|Levitate|HydroPump,VoltSwitch,Protect,WillOWisp||||||50|\n|inactive|Arcato has 60 seconds left.\n|inactive|q77182 has 30 seconds left.\n|inactive|Arcato has 30 seconds left.\n|\n|t:|1776098347\n|teamsize|p1|4\n|teamsize|p2|4\n|start\n|switch|p1a: Pelipper|Pelipper, L50, F|100/100\n|switch|p1b: Meganium|Meganium, L50, M|100/100\n|switch|p2a: Sneasler|Sneasler, L50, F|100/100\n|switch|p2b: Sinistcha|Sinistcha, L50|100/100\n|-weather|RainDance|[from] ability: Drizzle|[of] p1a: Pelipper\n|turn|1\n|\n|t:|1776098372\n|move|p1b: Meganium|Protect|p1b: Meganium\n|-singleturn|p1b: Meganium|Protect\n|move|p2a: Sneasler|Fake Out|p1a: Pelipper\n|-damage|p1a: Pelipper|87/100\n|cant|p1a: Pelipper|flinch\n|move|p2b: Sinistcha|Trick Room|p2b: Sinistcha\n|-fieldstart|move: Trick Room|[of] p2b: Sinistcha\n|\n|-weather|RainDance|[upkeep]\n|upkeep\n|turn|2\n|inactive|Arcato has 30 seconds left.\n|\n|t:|1776098400\n|switch|p2b: Tyranitar|Tyranitar, L50, F|100/100\n|-weather|Sandstorm|[from] ability: Sand Stream|[of] p2b: Tyranitar\n|switch|p1b: Archaludon|Archaludon, L50, M|100/100\n|move|p2a: Sneasler|Protect|p2a: Sneasler\n|-singleturn|p2a: Sneasler|Protect\n|move|p1a: Pelipper|Hurricane|p2a: Sneasler\n|-activate|p2a: Sneasler|move: Protect\n|\n|-weather|Sandstorm|[upkeep]\n|-damage|p1a: Pelipper|81/100|[from] Sandstorm\n|-damage|p2a: Sneasler|95/100|[from] Sandstorm\n|upkeep\n|turn|3\n|inactive|Arcato has 30 seconds left.\n|inactive|Arcato has 20 seconds left.\n|inactive|q77182 has 30 seconds left.\n|inactive|Arcato has 15 seconds left.\n|\n|t:|1776098446\n|switch|p1a: Meganium|Meganium, L50, M|100/100\n|switch|p1b: Basculegion|Basculegion, L50, M|100/100\n|move|p2b: Tyranitar|Rock Slide|p1b: Basculegion|[spread] p1a,p1b\n|-damage|p1a: Meganium|65/100\n|-damage|p1b: Basculegion|62/100\n|move|p2a: Sneasler|Close Combat|p1b: Basculegion\n|-immune|p1b: Basculegion\n|\n|-weather|Sandstorm|[upkeep]\n|-damage|p1a: Meganium|59/100|[from] Sandstorm\n|-damage|p1b: Basculegion|55/100|[from] Sandstorm\n|-damage|p2a: Sneasler|89/100|[from] Sandstorm\n|upkeep\n|turn|4\n|inactive|q77182 has 30 seconds left.\n|inactive|q77182 has 20 seconds left.\n|inactive|q77182 has 15 seconds left.\n|\n|t:|1776098490\n|switch|p1b: Archaludon|Archaludon, L50, M|100/100\n|detailschange|p1a: Meganium|Meganium-Mega, L50, M\n|-mega|p1a: Meganium|Meganium|Meganiumite\n|move|p1a: Meganium|Protect|p1a: Meganium\n|-singleturn|p1a: Meganium|Protect\n|move|p2b: Tyranitar|Lash Out|p1b: Archaludon\n|-damage|p1b: Archaludon|64/100\n|-ability|p1b: Archaludon|Stamina|boost\n|-boost|p1b: Archaludon|def|1\n|move|p2a: Sneasler|Dire Claw|p1a: Meganium\n|-activate|p1a: Meganium|move: Protect\n|\n|-weather|Sandstorm|[upkeep]\n|-damage|p1a: Meganium|53/100|[from] Sandstorm\n|-damage|p2a: Sneasler|83/100|[from] Sandstorm\n|upkeep\n|turn|5\n|\n|t:|1776098509\n|switch|p2b: Sinistcha|Sinistcha, L50|100/100\n|-heal|p2a: Sneasler|100/100|[from] ability: Hospitality|[of] p2b: Sinistcha\n|switch|p1a: Pelipper|Pelipper, L50, F|81/100\n|-weather|RainDance|[from] ability: Drizzle|[of] p1a: Pelipper\n|move|p2a: Sneasler|Protect|p2a: Sneasler\n|-singleturn|p2a: Sneasler|Protect\n|move|p1b: Archaludon|Electro Shot||[still]\n|-prepare|p1b: Archaludon|Electro Shot\n|-boost|p1b: Archaludon|spa|1\n|-anim|p1b: Archaludon|Electro Shot|p2a: Sneasler\n|-activate|p2a: Sneasler|move: Protect\n|\n|-weather|RainDance|[upkeep]\n|-fieldend|move: Trick Room\n|upkeep\n|turn|6\n|inactive|q77182 has 30 seconds left.\n|\n|t:|1776098542\n|switch|p2b: Tyranitar|Tyranitar, L50, F|100/100\n|-weather|Sandstorm|[from] ability: Sand Stream|[of] p2b: Tyranitar\n|move|p2a: Sneasler|Close Combat|p1b: Archaludon\n|-supereffective|p1b: Archaludon|1\n|-damage|p1b: Archaludon|0 fnt\n|-unboost|p2a: Sneasler|def|1\n|-unboost|p2a: Sneasler|spd|1\n|faint|p1b: Archaludon\n|-enditem|p2a: Sneasler|White Herb\n|-clearnegativeboost|p2a: Sneasler|[silent]\n|move|p1a: Pelipper|Hurricane|p2b: Tyranitar\n|-resisted|p2b: Tyranitar|1\n|-damage|p2b: Tyranitar|89/100\n|\n|-weather|Sandstorm|[upkeep]\n|-damage|p2a: Sneasler|95/100|[from] Sandstorm\n|-damage|p1a: Pelipper|75/100|[from] Sandstorm\n|upkeep\n|-message|q77182 forfeited.\n|\n|win|Arcato\n|raw|q77182's rating: 1114 &rarr; <strong>1085</strong><br />(-29 for losing)\n|raw|Arcato's rating: 1065 &rarr; <strong>1099</strong><br />(+34 for winning)\n|l|\u2606q77182\n|player|p1|\n",
  "uploadtime": 1776098560,
  "views": 17,
  "formatid": "gen9championsvgc2026regma",
  "rating": 1085,
  "private": 0,
  "password": null
}