{
  "id": "gen9championsvgc2026regma-2587183932",
  "format": "[Gen 9 Champions] VGC 2026 Reg M-A",
  "players": [
    "test66669999",
    "xen077"
  ],
  "log": "|j|\u2606test66669999\n|j|\u2606xen077\n|t:|1776505669\n|gametype|doubles\n|player|p1|test66669999|170|1452\n|player|p2|xen077|266|1516\n|gen|9\n|tier|[Gen 9 Champions] VGC 2026 Reg M-A\n|rated|\n|rule|Species Clause: Limit one of each Pok\u00e9mon\n|rule|Item Clause: Limit 1 of each item\n|clearpoke\n|poke|p1|Floette-Eternal, L50, F|\n|poke|p1|Sinistcha, L50|\n|poke|p1|Archaludon, L50, F|\n|poke|p1|Sableye, L50, F|\n|poke|p1|Aerodactyl, L50, F|\n|poke|p1|Gengar, L50, M|\n|poke|p2|Meganium, L50, F|\n|poke|p2|Kingambit, L50, F|\n|poke|p2|Pelipper, L50, F|\n|poke|p2|Sneasler, L50, M|\n|poke|p2|Sableye, L50, M|\n|poke|p2|Basculegion, L50, M|\n|teampreview|4\n|inactive|Battle timer is ON: inactive players will automatically lose when time's up. (requested by test66669999)\n|j| miinhumc\n|inactive|test66669999 has 60 seconds left.\n|inactive|xen077 has 60 seconds left.\n|inactive|test66669999 has 30 seconds left.\n|inactive|test66669999 has 20 seconds left.\n|inactive|xen077 has 30 seconds left.\n|\n|t:|1776505759\n|teamsize|p1|4\n|teamsize|p2|4\n|start\n|switch|p1a: Sableye|Sableye, L50, F|100/100\n|switch|p1b: Archaludon|Archaludon, L50, F|100/100\n|switch|p2a: Sneasler|Sneasler, L50, M|100/100\n|switch|p2b: Basculegion|Basculegion, L50, M|100/100\n|turn|1\n|inactive|test66669999 has 30 seconds left.\n|\n|t:|1776505788\n|move|p1b: Archaludon|Protect|p1b: Archaludon\n|-singleturn|p1b: Archaludon|Protect\n|move|p1a: Sableye|Will-O-Wisp|p2a: Sneasler\n|-status|p2a: Sneasler|brn\n|move|p2b: Basculegion|Flip Turn|p1a: Sableye\n|-damage|p1a: Sableye|47/100\n|-enditem|p1a: Sableye|Sitrus Berry|[eat]\n|-heal|p1a: Sableye|72/100|[from] item: Sitrus Berry\n|\n|t:|1776505793\n|switch|p2b: Kingambit|Kingambit, L50, F|100/100|[from] Flip Turn\n|move|p2a: Sneasler|Close Combat|p1b: Archaludon\n|-activate|p1b: Archaludon|move: Protect\n|\n|-damage|p2a: Sneasler|95/100 brn|[from] brn\n|upkeep\n|turn|2\n|\n|t:|1776505809\n|move|p1a: Sableye|Rain Dance|p1a: Sableye\n|-weather|RainDance\n|move|p2a: Sneasler|Close Combat|p1b: Archaludon\n|-supereffective|p1b: Archaludon|1\n|-damage|p1b: Archaludon|52/100\n|-unboost|p2a: Sneasler|def|1\n|-unboost|p2a: Sneasler|spd|1\n|-ability|p1b: Archaludon|Stamina|boost\n|-boost|p1b: Archaludon|def|1\n|-enditem|p2a: Sneasler|White Herb\n|-clearnegativeboost|p2a: Sneasler|[silent]\n|move|p1b: Archaludon|Electro Shot||[still]\n|-prepare|p1b: Archaludon|Electro Shot\n|-boost|p1b: Archaludon|spa|1\n|-anim|p1b: Archaludon|Electro Shot|p2a: Sneasler\n|-damage|p2a: Sneasler|13/100 brn\n|move|p2b: Kingambit|Kowtow Cleave|p1a: Sableye\n|-crit|p1a: Sableye\n|-damage|p1a: Sableye|0 fnt\n|faint|p1a: Sableye\n|\n|-weather|RainDance|[upkeep]\n|-heal|p1b: Archaludon|58/100|[from] item: Leftovers\n|-damage|p2a: Sneasler|8/100 brn|[from] brn\n|upkeep\n|inactive|test66669999 has 30 seconds left.\n|\n|t:|1776505835\n|switch|p1a: Floette|Floette-Eternal, L50, F|100/100\n|turn|3\n|j| grapplebeam\n|\n|t:|1776505854\n|switch|p1a: Sinistcha|Sinistcha, L50|100/100\n|-heal|p1b: Archaludon|83/100|[from] ability: Hospitality|[of] p1a: Sinistcha\n|move|p2b: Kingambit|Protect|p2b: Kingambit\n|-singleturn|p2b: Kingambit|Protect\n|move|p2a: Sneasler|Dire Claw|p1a: Sinistcha\n|-damage|p1a: Sinistcha|80/100\n|move|p1b: Archaludon|Electro Shot||[still]\n|-prepare|p1b: Archaludon|Electro Shot\n|-boost|p1b: Archaludon|spa|1\n|-anim|p1b: Archaludon|Electro Shot|p2b: Kingambit\n|-activate|p2b: Kingambit|move: Protect\n|\n|-weather|RainDance|[upkeep]\n|-heal|p1b: Archaludon|89/100|[from] item: Leftovers\n|-damage|p2a: Sneasler|2/100 brn|[from] brn\n|upkeep\n|turn|4\n|inactive|xen077 has 30 seconds left.\n|\n|t:|1776505886\n|move|p1a: Sinistcha|Rage Powder|p1a: Sinistcha\n|-singleturn|p1a: Sinistcha|move: Rage Powder\n|move|p2a: Sneasler|Close Combat|p1a: Sinistcha\n|-immune|p1a: Sinistcha\n|move|p1b: Archaludon|Electro Shot||[still]\n|-prepare|p1b: Archaludon|Electro Shot\n|-boost|p1b: Archaludon|spa|1\n|-anim|p1b: Archaludon|Electro Shot|p2b: Kingambit\n|-damage|p2b: Kingambit|0 fnt\n|faint|p2b: Kingambit\n|\n|-weather|RainDance|[upkeep]\n|-heal|p1b: Archaludon|95/100|[from] item: Leftovers\n|-damage|p2a: Sneasler|0 fnt|[from] brn\n|faint|p2a: Sneasler\n|upkeep\n|\n|t:|1776505890\n|switch|p2a: Basculegion|Basculegion, L50, M|100/100\n|switch|p2b: Meganium|Meganium, L50, F|100/100\n|turn|5\n|inactive|test66669999 has 30 seconds left.\n|\n|t:|1776505920\n|detailschange|p2b: Meganium|Meganium-Mega, L50, F\n|-mega|p2b: Meganium|Meganium|Meganiumite\n|move|p1a: Sinistcha|Rage Powder|p1a: Sinistcha\n|-singleturn|p1a: Sinistcha|move: Rage Powder\n|move|p2a: Basculegion|Last Respects|p1a: Sinistcha\n|-supereffective|p1a: Sinistcha|1\n|-damage|p1a: Sinistcha|0 fnt\n|faint|p1a: Sinistcha\n|move|p1b: Archaludon|Electro Shot||[still]\n|-prepare|p1b: Archaludon|Electro Shot\n|-boost|p1b: Archaludon|spa|1\n|-anim|p1b: Archaludon|Electro Shot|p2a: Basculegion\n|-supereffective|p2a: Basculegion|1\n|-damage|p2a: Basculegion|0 fnt\n|faint|p2a: Basculegion\n|move|p2b: Meganium|Weather Ball|p1b: Archaludon\n|-damage|p1b: Archaludon|27/100\n|-ability|p1b: Archaludon|Stamina|boost\n|-boost|p1b: Archaludon|def|1\n|\n|-weather|RainDance|[upkeep]\n|-heal|p1b: Archaludon|33/100|[from] item: Leftovers\n|upkeep\n|\n|t:|1776505941\n|switch|p1a: Floette|Floette-Eternal, L50, F|100/100\n|turn|6\n|\n|t:|1776505952\n|detailschange|p1a: Floette|Floette-Mega, L50, F\n|-mega|p1a: Floette|Floette|Floettite\n|-ability|p1a: Floette|Fairy Aura\n|move|p1a: Floette|Moonblast|p2b: Meganium\n|-damage|p2b: Meganium|25/100\n|move|p1b: Archaludon|Flash Cannon|p2b: Meganium\n|-supereffective|p2b: Meganium|1\n|-damage|p2b: Meganium|0 fnt\n|faint|p2b: Meganium\n|\n|win|test66669999\n|raw|test66669999's rating: 1452 &rarr; <strong>1476</strong><br />(+24 for winning)\n|raw|xen077's rating: 1516 &rarr; <strong>1492</strong><br />(-24 for losing)\n",
  "uploadtime": 1776505963,
  "views": 34,
  "formatid": "gen9championsvgc2026regma",
  "rating": 1476,
  "private": 0,
  "password": null
}