{
  "id": "gen9championsvgc2026regma-2583004064",
  "format": "[Gen 9 Champions] VGC 2026 Reg M-A",
  "players": [
    "9wtt",
    "da thief da thief"
  ],
  "log": "|j|\u26069wtt\n|j|\u2606da thief da thief\n|t:|1776132520\n|gametype|doubles\n|player|p1|9wtt|karen-gen2|1078\n|player|p2|da thief da thief|misty-lgpe|1119\n|gen|9\n|tier|[Gen 9 Champions] VGC 2026 Reg M-A\n|rated|\n|rule|Species Clause: Limit one of each Pok\u00e9mon\n|rule|Item Clause: Limit 1 of each item\n|clearpoke\n|poke|p1|Audino, L50, F|\n|poke|p1|Venusaur, L50, F|\n|poke|p1|Alakazam, L50, F|\n|poke|p1|Camerupt, L50, F|\n|poke|p1|Sinistcha-Masterpiece, L50|\n|poke|p1|Ninetales, L50, F|\n|poke|p2|Talonflame, L50, F|\n|poke|p2|Garchomp, L50, F|\n|poke|p2|Incineroar, L50, M|\n|poke|p2|Charizard, L50, M|\n|poke|p2|Venusaur, L50, M|\n|poke|p2|Hydreigon, L50, F|\n|teampreview|4\n|\n|t:|1776132552\n|teamsize|p1|4\n|teamsize|p2|4\n|start\n|switch|p1a: Audino|Audino, L50, F, shiny|100/100\n|switch|p1b: Venusaur|Venusaur, L50, F, shiny|100/100\n|switch|p2a: Garchomp|Garchomp, L50, F|100/100\n|switch|p2b: Hydreigon|Hydreigon, L50, F|100/100\n|turn|1\n|\n|t:|1776132574\n|move|p2b: Hydreigon|Protect|p2b: Hydreigon\n|-singleturn|p2b: Hydreigon|Protect\n|move|p2a: Garchomp|Earthquake|p1b: Venusaur|[spread] p1a,p1b\n|-activate|p2b: Hydreigon|move: Protect\n|-damage|p1a: Audino|69/100\n|-damage|p1b: Venusaur|50/100\n|move|p1b: Venusaur|Sleep Powder|p2a: Garchomp\n|-status|p2a: Garchomp|slp|[from] move: Sleep Powder\n|move|p1a: Audino|Trick Room|p1a: Audino\n|-fieldstart|move: Trick Room|[of] p1a: Audino\n|\n|-heal|p1a: Audino|75/100|[from] item: Leftovers\n|upkeep\n|turn|2\n|\n|t:|1776132595\n|move|p1a: Audino|Helping Hand|p1b: Venusaur\n|-singleturn|p1b: Venusaur|Helping Hand|[of] p1a: Audino\n|move|p1b: Venusaur|Sludge Bomb|p2b: Hydreigon\n|-damage|p2b: Hydreigon|28/100\n|move|p2b: Hydreigon|Draco Meteor|p1b: Venusaur\n|-damage|p1b: Venusaur|0 fnt\n|-unboost|p2b: Hydreigon|spa|2\n|faint|p1b: Venusaur\n|-enditem|p2b: Hydreigon|White Herb\n|-clearnegativeboost|p2b: Hydreigon|[silent]\n|cant|p2a: Garchomp|slp\n|\n|-heal|p1a: Audino|81/100|[from] item: Leftovers\n|upkeep\n|\n|t:|1776132599\n|switch|p1b: Camerupt|Camerupt, L50, F, shiny|100/100\n|turn|3\n|\n|t:|1776132614\n|detailschange|p1b: Camerupt|Camerupt-Mega, L50, F, shiny\n|-mega|p1b: Camerupt|Camerupt|Cameruptite\n|move|p1a: Audino|Helping Hand|p1b: Camerupt\n|-singleturn|p1b: Camerupt|Helping Hand|[of] p1a: Audino\n|move|p2b: Hydreigon|Protect|p2b: Hydreigon\n|-singleturn|p2b: Hydreigon|Protect\n|move|p1b: Camerupt|Eruption|p2b: Hydreigon|[spread] p2a\n|-activate|p2b: Hydreigon|move: Protect\n|-resisted|p2a: Garchomp|1\n|-damage|p2a: Garchomp|38/100 slp\n|cant|p2a: Garchomp|slp\n|\n|-heal|p1a: Audino|88/100|[from] item: Leftovers\n|upkeep\n|turn|4\n|\n|t:|1776132640\n|switch|p2b: Talonflame|Talonflame, L50, F|100/100\n|switch|p2a: Incineroar|Incineroar, L50, M|100/100\n|-ability|p2a: Incineroar|Intimidate|boost\n|-unboost|p1a: Audino|atk|1\n|-unboost|p1b: Camerupt|atk|1\n|move|p1a: Audino|Helping Hand|p1b: Camerupt\n|-singleturn|p1b: Camerupt|Helping Hand|[of] p1a: Audino\n|move|p1b: Camerupt|Eruption|p2b: Talonflame|[spread] p2a,p2b\n|-resisted|p2a: Incineroar|1\n|-resisted|p2b: Talonflame|1\n|-damage|p2a: Incineroar|51/100\n|-damage|p2b: Talonflame|14/100\n|\n|-heal|p1a: Audino|94/100|[from] item: Leftovers\n|upkeep\n|turn|5\n|\n|t:|1776132662\n|move|p1b: Camerupt|Protect|p1b: Camerupt\n|-singleturn|p1b: Camerupt|Protect\n|move|p2a: Incineroar|Fake Out|p1a: Audino\n|-damage|p1a: Audino|83/100\n|cant|p1a: Audino|flinch\n|move|p2b: Talonflame|Dual Wingbeat|p1a: Audino\n|-damage|p1a: Audino|72/100\n|-crit|p1a: Audino\n|-damage|p1a: Audino|55/100\n|-hitcount|p1a: Audino|2\n|\n|-heal|p1a: Audino|61/100|[from] item: Leftovers\n|-fieldend|move: Trick Room\n|upkeep\n|turn|6\n|\n|t:|1776132683\n|move|p2b: Talonflame|Flare Blitz|p1a: Audino\n|-damage|p1a: Audino|28/100\n|-damage|p2b: Talonflame|0 fnt|[from] Recoil\n|faint|p2b: Talonflame\n|move|p2a: Incineroar|Darkest Lariat|p1a: Audino\n|-damage|p1a: Audino|0 fnt\n|faint|p1a: Audino\n|move|p1b: Camerupt|Earth Power|p2a: Incineroar\n|-supereffective|p2a: Incineroar|1\n|-damage|p2a: Incineroar|0 fnt\n|faint|p2a: Incineroar\n|\n|upkeep\n|\n|t:|1776132696\n|switch|p2b: Hydreigon|Hydreigon, L50, F|28/100\n|switch|p2a: Garchomp|Garchomp, L50, F|38/100 slp\n|switch|p1a: Sinistcha|Sinistcha-Masterpiece, L50, shiny|100/100\n|turn|7\n|\n|t:|1776132715\n|move|p1b: Camerupt|Protect|p1b: Camerupt\n|-singleturn|p1b: Camerupt|Protect\n|-curestatus|p2a: Garchomp|slp|[msg]\n|move|p2a: Garchomp|Earthquake|p1a: Sinistcha|[spread] p1a\n|-activate|p1b: Camerupt|move: Protect\n|-immune|p2b: Hydreigon|[from] ability: Levitate\n|-resisted|p1a: Sinistcha|1\n|-damage|p1a: Sinistcha|82/100\n|move|p2b: Hydreigon|Earth Power|p1b: Camerupt\n|-activate|p1b: Camerupt|move: Protect\n|move|p1a: Sinistcha|Trick Room|p1a: Sinistcha\n|-fieldstart|move: Trick Room|[of] p1a: Sinistcha\n|\n|upkeep\n|turn|8\n|\n|t:|1776132733\n|move|p1a: Sinistcha|Rage Powder|p1a: Sinistcha\n|-singleturn|p1a: Sinistcha|move: Rage Powder\n|move|p1b: Camerupt|Eruption|p2a: Garchomp|[spread] p2a,p2b\n|-resisted|p2a: Garchomp|1\n|-resisted|p2b: Hydreigon|1\n|-damage|p2a: Garchomp|0 fnt\n|-damage|p2b: Hydreigon|0 fnt\n|faint|p2a: Garchomp\n|faint|p2b: Hydreigon\n|\n|win|9wtt\n|raw|9wtt's rating: 1078 &rarr; <strong>1110</strong><br />(+32 for winning)\n|raw|da thief da thief's rating: 1119 &rarr; <strong>1091</strong><br />(-28 for losing)\n|l|\u2606da thief da thief\n|player|p2|\n",
  "uploadtime": 1776132748,
  "views": 12,
  "formatid": "gen9championsvgc2026regma",
  "rating": 1091,
  "private": 0,
  "password": null
}