{
  "id": "gen9championsvgc2026regma-2580644800",
  "format": "[Gen 9 Champions] VGC 2026 Reg M-A",
  "players": [
    "MirandaC97",
    "merijn2018"
  ],
  "log": "|j|\u2606MirandaC97\n|j|\u2606merijn2018\n|t:|1775920868\n|gametype|doubles\n|player|p1|MirandaC97|266|1045\n|player|p2|merijn2018|silver|1094\n|gen|9\n|tier|[Gen 9 Champions] VGC 2026 Reg M-A\n|rated|\n|rule|Species Clause: Limit one of each Pok\u00e9mon\n|rule|Item Clause: Limit 1 of each item\n|clearpoke\n|poke|p1|Charizard, L50, F|\n|poke|p1|Aerodactyl, L50, F|\n|poke|p1|Sneasler, L50, M|\n|poke|p1|Milotic, L50, M|\n|poke|p1|Sylveon, L50, F|\n|poke|p1|Corviknight, L50, F|\n|poke|p2|Aerodactyl, L50, M|\n|poke|p2|Sableye, L50, F|\n|poke|p2|Floette-Eternal, L50, F|\n|poke|p2|Espathra, L50, M|\n|poke|p2|Kingambit, L50, M|\n|poke|p2|Sneasler, L50, F|\n|teampreview|4\nmerijn2018 has agreed to open team sheets.\n|inactive|Battle timer is ON: inactive players will automatically lose when time's up. (requested by MirandaC97)\n|\n|t:|1775920931\n|teamsize|p1|4\n|teamsize|p2|4\n|start\n|switch|p1a: Aerodactyl|Aerodactyl, L50, F|100/100\n|switch|p1b: Sylveon|Sylveon, L50, F|100/100\n|switch|p2a: Floette|Floette-Eternal, L50, F|100/100\n|switch|p2b: Espathra|Espathra, L50, M|100/100\n|-ability|p1a: Aerodactyl|Unnerve\n|turn|1\n|\n|t:|1775920954\n|switch|p1b: Corviknight|Corviknight, L50, F|100/100\n|detailschange|p2a: Floette|Floette-Mega, L50, F\n|-mega|p2a: Floette|Floette|Floettite\n|-ability|p2a: Floette|Fairy Aura\n|move|p1a: Aerodactyl|Tailwind|p1a: Aerodactyl\n|-sidestart|p1: MirandaC97|move: Tailwind\n|move|p2b: Espathra|Skill Swap|p2a: Floette\n|-activate|p2b: Espathra|Skill Swap|||[of] p2a: Floette\n|-ability|p2b: Espathra|Fairy Aura\n|move|p2a: Floette|Calm Mind|p2a: Floette\n|-boost|p2a: Floette|spa|1\n|-boost|p2a: Floette|spd|1\n|\n|-ability|p2a: Floette|Speed Boost|boost\n|-boost|p2a: Floette|spe|1\n|upkeep\n|turn|2\n|inactive|MirandaC97 has 30 seconds left.\n|\n|t:|1775920980\n|move|p2a: Floette|Protect|p2a: Floette\n|-singleturn|p2a: Floette|Protect\n|move|p1a: Aerodactyl|Rock Slide|p2a: Floette|[spread] p2b\n|-activate|p2a: Floette|move: Protect\n|-damage|p2b: Espathra|67/100\n|move|p1b: Corviknight|Body Press|p2a: Floette\n|-activate|p2a: Floette|move: Protect\n|move|p2b: Espathra|Reflect|p2b: Espathra\n|-sidestart|p2: merijn2018|Reflect\n|\n|-ability|p2a: Floette|Speed Boost|boost\n|-boost|p2a: Floette|spe|1\n|upkeep\n|turn|3\n|inactive|MirandaC97 has 30 seconds left.\n|\n|t:|1775921007\n|switch|p2b: Sableye|Sableye, L50, F|100/100\n|move|p1a: Aerodactyl|Rock Slide|p2a: Floette|[spread] p2b\n|-miss|p1a: Aerodactyl|p2a: Floette\n|-damage|p2b: Sableye|81/100\n|move|p2a: Floette|Calm Mind|p2a: Floette\n|-boost|p2a: Floette|spa|1\n|-boost|p2a: Floette|spd|1\n|move|p1b: Corviknight|Body Press|p2a: Floette\n|-resisted|p2a: Floette|1\n|-damage|p2a: Floette|88/100\n|\n|-heal|p2b: Sableye|87/100|[from] item: Leftovers\n|-ability|p2a: Floette|Speed Boost|boost\n|-boost|p2a: Floette|spe|1\n|upkeep\n|turn|4\n|inactive|MirandaC97 has 30 seconds left.\n|\n|t:|1775921033\n|switch|p1b: Sneasler|Sneasler, L50, M|100/100\n|move|p2b: Sableye|Fake Out|p1a: Aerodactyl\n|-resisted|p1a: Aerodactyl|1\n|-damage|p1a: Aerodactyl|96/100\n|move|p2a: Floette|Calm Mind|p2a: Floette\n|-boost|p2a: Floette|spa|1\n|-boost|p2a: Floette|spd|1\n|cant|p1a: Aerodactyl|flinch\n|\n|-heal|p2b: Sableye|93/100|[from] item: Leftovers\n|-sideend|p1: MirandaC97|move: Tailwind\n|-ability|p2a: Floette|Speed Boost|boost\n|-boost|p2a: Floette|spe|1\n|upkeep\n|turn|5\n|inactive|MirandaC97 has 30 seconds left.\n|\n|t:|1775921061\n|move|p2a: Floette|Protect|p2a: Floette\n|-singleturn|p2a: Floette|Protect\n|move|p1b: Sneasler|Fake Out|p2a: Floette\n|-activate|p2a: Floette|move: Protect\n|move|p2b: Sableye|Encore|p1a: Aerodactyl\n|-start|p1a: Aerodactyl|Encore\n|move|p1a: Aerodactyl|Rock Slide|p2a: Floette|[spread] p2b\n|-activate|p2a: Floette|move: Protect\n|-damage|p2b: Sableye|74/100\n|\n|-heal|p2b: Sableye|79/100|[from] item: Leftovers\n|-ability|p2a: Floette|Speed Boost|boost\n|-boost|p2a: Floette|spe|1\n|upkeep\n|turn|6\n|\n|t:|1775921078\n|move|p2b: Sableye|Encore|p1b: Sneasler\n|-start|p1b: Sneasler|Encore\n|-enditem|p1b: Sneasler|Mental Herb\n|-end|p1b: Sneasler|Encore\n|move|p1b: Sneasler|Fake Out||[still]\n|-hint|Fake Out only works on your first turn out.\n|-fail|p1b: Sneasler\n|move|p2a: Floette|Calm Mind|p2a: Floette\n|-boost|p2a: Floette|spa|1\n|-boost|p2a: Floette|spd|1\n|move|p1a: Aerodactyl|Rock Slide|p2b: Sableye|[spread] p2a,p2b\n|-damage|p2a: Floette|70/100\n|-damage|p2b: Sableye|59/100\n|\n|-heal|p2b: Sableye|65/100|[from] item: Leftovers\n|-sideend|p2: merijn2018|Reflect\n|-ability|p2a: Floette|Speed Boost|boost\n|-boost|p2a: Floette|spe|1\n|upkeep\n|turn|7\n|\n|t:|1775921103\n|move|p2b: Sableye|Reflect|p2b: Sableye\n|-sidestart|p2: merijn2018|Reflect\n|move|p2a: Floette|Dazzling Gleam|p1b: Sneasler|[spread] p1a,p1b\n|-damage|p1a: Aerodactyl|0 fnt\n|-damage|p1b: Sneasler|0 fnt\n|faint|p1a: Aerodactyl\n|faint|p1b: Sneasler\n|\n|-heal|p2b: Sableye|71/100|[from] item: Leftovers\n|upkeep\n|\n|t:|1775921112\n|switch|p1a: Corviknight|Corviknight, L50, F|100/100\n|switch|p1b: Sylveon|Sylveon, L50, F|100/100\n|turn|8\n|\n|t:|1775921128\n|move|p2b: Sableye|Rain Dance|p2b: Sableye\n|-weather|RainDance\n|move|p2a: Floette|Dazzling Gleam|p1a: Corviknight|[spread] p1a,p1b\n|-resisted|p1a: Corviknight|1\n|-damage|p1a: Corviknight|46/100\n|-damage|p1b: Sylveon|16/100\n|-enditem|p1a: Corviknight|Sitrus Berry|[eat]\n|-heal|p1a: Corviknight|71/100|[from] item: Sitrus Berry\n|move|p1b: Sylveon|Hyper Voice|p2b: Sableye|[spread] p2a,p2b\n|-supereffective|p2b: Sableye|1\n|-damage|p2a: Floette|56/100\n|-damage|p2b: Sableye|0 fnt\n|faint|p2b: Sableye\n|move|p1a: Corviknight|Body Press|p2a: Floette\n|-resisted|p2a: Floette|1\n|-damage|p2a: Floette|43/100\n|\n|-weather|RainDance|[upkeep]\n|upkeep\n|\n|t:|1775921134\n|switch|p2b: Kingambit|Kingambit, L50, M|100/100\n|turn|9\n|\n|t:|1775921148\n|move|p1b: Sylveon|Protect|p1b: Sylveon\n|-singleturn|p1b: Sylveon|Protect\n|move|p2b: Kingambit|Sucker Punch|p1a: Corviknight\n|-damage|p1a: Corviknight|41/100\n|move|p2a: Floette|Dazzling Gleam|p1b: Sylveon|[spread] p1a\n|-activate|p1b: Sylveon|move: Protect\n|-resisted|p1a: Corviknight|1\n|-damage|p1a: Corviknight|0 fnt\n|faint|p1a: Corviknight\n|\n|-weather|RainDance|[upkeep]\n|upkeep\n|turn|10\n|\n|t:|1775921161\n|move|p2a: Floette|Moonblast|p1b: Sylveon\n|-damage|p1b: Sylveon|0 fnt\n|faint|p1b: Sylveon\n|\n|win|merijn2018\n|raw|MirandaC97's rating: 1045 &rarr; <strong>1031</strong><br />(-14 for losing)\n|raw|merijn2018's rating: 1094 &rarr; <strong>1116</strong><br />(+22 for winning)\n",
  "uploadtime": 1775921165,
  "views": 14,
  "formatid": "gen9championsvgc2026regma",
  "rating": 1031,
  "private": 0,
  "password": null
}