{
  "id": "gen9championsvgc2026regma-2583965979",
  "format": "[Gen 9 Champions] VGC 2026 Reg M-A",
  "players": [
    "katsuuzz",
    "Drcheems19"
  ],
  "log": "|j|\u2606katsuuzz\n|j|\u2606Drcheems19\n|t:|1776212510\n|gametype|doubles\n|player|p1|katsuuzz|volo|1089\n|player|p2|Drcheems19|169|1000\n|gen|9\n|tier|[Gen 9 Champions] VGC 2026 Reg M-A\n|rated|\n|rule|Species Clause: Limit one of each Pok\u00e9mon\n|rule|Item Clause: Limit 1 of each item\n|clearpoke\n|poke|p1|Delphox, L50, F|\n|poke|p1|Sableye, L50, M|\n|poke|p1|Corviknight, L50, M|\n|poke|p1|Garchomp, L50, M|\n|poke|p1|Sneasler, L50, F|\n|poke|p1|Rotom-Wash, L50|\n|poke|p2|Sableye, L50, F|\n|poke|p2|Feraligatr, L50, M|\n|poke|p2|Maushold-Four, L50|\n|poke|p2|Whimsicott, L50, F|\n|poke|p2|Kingambit, L50, M|\n|poke|p2|Incineroar, L50, F|\n|teampreview|4\nkatsuuzz rejected open team sheets.\n|\n|t:|1776212544\n|teamsize|p1|4\n|teamsize|p2|4\n|start\n|switch|p1a: Eyeye|Sableye, L50, M|100/100\n|switch|p1b: Corvonoite|Corviknight, L50, M, shiny|100/100\n|switch|p2a: Sableye|Sableye, L50, F|100/100\n|switch|p2b: Feraligatr|Feraligatr, L50, M|100/100\n|turn|1\n|\n|t:|1776212564\n|move|p1a: Eyeye|Protect|p1a: Eyeye\n|-singleturn|p1a: Eyeye|Protect\n|move|p2a: Sableye|Fake Out|p1b: Corvonoite\n|-resisted|p1b: Corvonoite|1\n|-damage|p1b: Corvonoite|98/100\n|move|p2b: Feraligatr|Dragon Dance|p2b: Feraligatr\n|-boost|p2b: Feraligatr|atk|1\n|-boost|p2b: Feraligatr|spe|1\n|cant|p1b: Corvonoite|flinch\n|\n|-heal|p1b: Corvonoite|100/100|[from] item: Leftovers\n|upkeep\n|turn|2\n|inactive|Battle timer is ON: inactive players will automatically lose when time's up. (requested by Drcheems19)\n|\n|t:|1776212583\n|detailschange|p2b: Feraligatr|Feraligatr-Mega, L50, M\n|-mega|p2b: Feraligatr|Feraligatr|Feraligite\n|move|p1a: Eyeye|Disable|p2b: Feraligatr\n|-start|p2b: Feraligatr|Disable|Dragon Dance\n|move|p2a: Sableye|Will-O-Wisp|p2b: Feraligatr\n|-status|p2b: Feraligatr|brn\n|move|p2b: Feraligatr|Facade|p1b: Corvonoite\n|-resisted|p1b: Corvonoite|1\n|-damage|p1b: Corvonoite|49/100\n|move|p1b: Corvonoite|Iron Defense|p1b: Corvonoite\n|-boost|p1b: Corvonoite|def|2\n|\n|-heal|p1b: Corvonoite|55/100|[from] item: Leftovers\n|-damage|p2b: Feraligatr|94/100 brn|[from] brn\n|upkeep\n|turn|3\n|inactive|katsuuzz has 30 seconds left.\n|inactive|Drcheems19 has 30 seconds left.\n|inactive|Drcheems19 has 20 seconds left.\n|inactive|Drcheems19 has 15 seconds left.\n|inactive|katsuuzz has 20 seconds left.\n|\n|t:|1776212632\n|move|p2b: Feraligatr|Protect|p2b: Feraligatr\n|-singleturn|p2b: Feraligatr|Protect\n|move|p2a: Sableye|Will-O-Wisp|p1b: Corvonoite\n|-status|p1b: Corvonoite|brn\n|move|p1a: Eyeye|Encore|p2a: Sableye\n|-hint|Since gen 7, Dark is immune to Prankster moves.\n|-immune|p2a: Sableye\n|move|p1b: Corvonoite|Body Press|p2b: Feraligatr\n|-activate|p2b: Feraligatr|move: Protect\n|\n|-heal|p1b: Corvonoite|61/100 brn|[from] item: Leftovers\n|-damage|p2b: Feraligatr|88/100 brn|[from] brn\n|-damage|p1b: Corvonoite|55/100 brn|[from] brn\n|upkeep\n|turn|4\n|\n|t:|1776212655\n|move|p1a: Eyeye|Sunny Day|p1a: Eyeye\n|-weather|SunnyDay\n|move|p2a: Sableye|Quash|p1a: Eyeye\n|-hint|Since gen 7, Dark is immune to Prankster moves.\n|-immune|p1a: Eyeye\n|move|p2b: Feraligatr|Facade|p1b: Corvonoite\n|-resisted|p1b: Corvonoite|1\n|-damage|p1b: Corvonoite|31/100 brn\n|move|p1b: Corvonoite|Iron Defense|p1b: Corvonoite\n|-boost|p1b: Corvonoite|def|2\n|\n|-weather|SunnyDay|[upkeep]\n|-heal|p1b: Corvonoite|37/100 brn|[from] item: Leftovers\n|-damage|p2b: Feraligatr|82/100 brn|[from] brn\n|-damage|p1b: Corvonoite|31/100 brn|[from] brn\n|upkeep\n|turn|5\n|inactive|Drcheems19 has 30 seconds left.\n|\n|t:|1776212682\n|move|p1a: Eyeye|Protect|p1a: Eyeye\n|-singleturn|p1a: Eyeye|Protect\n|move|p2a: Sableye|Quash|p1b: Corvonoite\n|-activate|p1b: Corvonoite|move: Quash\n|move|p2b: Feraligatr|Facade|p1b: Corvonoite\n|-resisted|p1b: Corvonoite|1\n|-damage|p1b: Corvonoite|12/100 brn\n|move|p1b: Corvonoite|Body Press|p2b: Feraligatr\n|-damage|p2b: Feraligatr|46/100 brn\n|\n|-weather|SunnyDay|[upkeep]\n|-heal|p1b: Corvonoite|18/100 brn|[from] item: Leftovers\n|-damage|p2b: Feraligatr|40/100 brn|[from] brn\n|-damage|p1b: Corvonoite|12/100 brn|[from] brn\n|-end|p2b: Feraligatr|Disable\n|upkeep\n|turn|6\n|inactive|katsuuzz has 30 seconds left.\n|inactive|katsuuzz has 20 seconds left.\n|\n|t:|1776212719\n|move|p1a: Eyeye|Protect||[still]\n|-fail|p1a: Eyeye\n|move|p2a: Sableye|Encore|p1b: Corvonoite\n|-start|p1b: Corvonoite|Encore\n|move|p2b: Feraligatr|Facade|p1b: Corvonoite\n|-resisted|p1b: Corvonoite|1\n|-damage|p1b: Corvonoite|0 fnt\n|faint|p1b: Corvonoite\n|\n|-weather|SunnyDay|[upkeep]\n|-damage|p2b: Feraligatr|34/100 brn|[from] brn\n|upkeep\n|\n|t:|1776212725\n|switch|p1b: Delphyy|Delphox, L50, F, shiny|100/100\n|turn|7\n|inactive|Drcheems19 has 30 seconds left.\n|\n|t:|1776212751\n|detailschange|p1b: Delphyy|Delphox-Mega, L50, F, shiny\n|-mega|p1b: Delphyy|Delphox|Delphoxite\n|move|p2b: Feraligatr|Protect|p2b: Feraligatr\n|-singleturn|p2b: Feraligatr|Protect\n|move|p2a: Sableye|Quash|p1b: Delphyy\n|-activate|p1b: Delphyy|move: Quash\n|move|p1a: Eyeye|Encore|p2b: Feraligatr\n|-activate|p2b: Feraligatr|move: Protect\n|move|p1b: Delphyy|Dazzling Gleam|p2a: Sableye|[spread] p2a\n|-activate|p2b: Feraligatr|move: Protect\n|-supereffective|p2a: Sableye|1\n|-damage|p2a: Sableye|30/100\n|\n|-weather|SunnyDay|[upkeep]\n|-damage|p2b: Feraligatr|28/100 brn|[from] brn\n|upkeep\n|turn|8\n|inactive|katsuuzz has 30 seconds left.\n|inactive|Drcheems19 has 30 seconds left.\n|inactive|katsuuzz has 20 seconds left.\n|inactive|katsuuzz has 15 seconds left.\n|\n|t:|1776212795\n|move|p1a: Eyeye|Disable|p2b: Feraligatr\n|-start|p2b: Feraligatr|Disable|Protect\n|move|p2a: Sableye|Quash|p1b: Delphyy\n|-activate|p1b: Delphyy|move: Quash\n|move|p2b: Feraligatr|Facade|p1b: Delphyy\n|-damage|p1b: Delphyy|0 fnt\n|faint|p1b: Delphyy\n|\n|-weather|none\n|-damage|p2b: Feraligatr|21/100 brn|[from] brn\n|upkeep\n|\n|t:|1776212802\n|switch|p1b: My Muse|Sneasler, L50, F, shiny|100/100\n|turn|9\n|inactive|katsuuzz has 30 seconds left.\n|\n|t:|1776212835\n|move|p1b: My Muse|Fake Out|p2b: Feraligatr\n|-damage|p2b: Feraligatr|7/100 brn\n|move|p1a: Eyeye|Sunny Day|p1a: Eyeye\n|-weather|SunnyDay\n|move|p2a: Sableye|Will-O-Wisp|p1b: My Muse\n|-status|p1b: My Muse|brn\n|cant|p2b: Feraligatr|flinch\n|\n|-weather|SunnyDay|[upkeep]\n|-damage|p2b: Feraligatr|1/100 brn|[from] brn\n|-damage|p1b: My Muse|95/100 brn|[from] brn\n|upkeep\n|turn|10\n|\n|t:|1776212848\n|move|p1a: Eyeye|Protect|p1a: Eyeye\n|-singleturn|p1a: Eyeye|Protect\n|move|p1b: My Muse|Protect|p1b: My Muse\n|-singleturn|p1b: My Muse|Protect\n|move|p2a: Sableye|Quash|p1b: My Muse\n|-activate|p1b: My Muse|move: Protect\n|move|p2b: Feraligatr|Facade|p1b: My Muse\n|-activate|p1b: My Muse|move: Protect\n|\n|-weather|SunnyDay|[upkeep]\n|-damage|p2b: Feraligatr|0 fnt|[from] brn\n|faint|p2b: Feraligatr\n|-damage|p1b: My Muse|89/100 brn|[from] brn\n|upkeep\n|\n|t:|1776212852\n|switch|p2b: Incineroar|Incineroar, L50, F|100/100\n|-ability|p2b: Incineroar|Intimidate|boost\n|-unboost|p1a: Eyeye|atk|1\n|-unboost|p1b: My Muse|atk|1\n|-enditem|p1b: My Muse|White Herb\n|-clearnegativeboost|p1b: My Muse|[silent]\n|turn|11\n|\n|t:|1776212868\n|move|p1a: Eyeye|Protect||[still]\n|-fail|p1a: Eyeye\n|move|p2a: Sableye|Encore|p1b: My Muse\n|-start|p1b: My Muse|Encore\n|move|p1b: My Muse|Protect||[still]\n|-fail|p1b: My Muse\n|move|p2b: Incineroar|Bulk Up|p2b: Incineroar\n|-boost|p2b: Incineroar|atk|1\n|-boost|p2b: Incineroar|def|1\n|\n|-weather|SunnyDay|[upkeep]\n|-damage|p1b: My Muse|83/100 brn|[from] brn\n|upkeep\n|turn|12\n|\n|t:|1776212892\n|move|p1b: My Muse|Protect|p1b: My Muse\n|-singleturn|p1b: My Muse|Protect\n|move|p2a: Sableye|Will-O-Wisp|p1a: Eyeye\n|-hint|Since gen 7, Dark is immune to Prankster moves.\n|-immune|p1a: Eyeye\n|move|p1a: Eyeye|Encore|p2b: Incineroar\n|-hint|Since gen 7, Dark is immune to Prankster moves.\n|-immune|p2b: Incineroar\n|move|p2b: Incineroar|Darkest Lariat|p1a: Eyeye\n|-damage|p1a: Eyeye|20/100\n|\n|-weather|SunnyDay|[upkeep]\n|-damage|p1b: My Muse|77/100 brn|[from] brn\n|upkeep\n|turn|13\n|\n|t:|1776212914\n|move|p1a: Eyeye|Protect|p1a: Eyeye\n|-singleturn|p1a: Eyeye|Protect\n|move|p1b: My Muse|Protect||[still]\n|-fail|p1b: My Muse\n|move|p2a: Sableye|Will-O-Wisp|p2b: Incineroar\n|-immune|p2b: Incineroar\n|move|p2b: Incineroar|Bulk Up|p2b: Incineroar\n|-boost|p2b: Incineroar|atk|1\n|-boost|p2b: Incineroar|def|1\n|\n|-weather|none\n|-damage|p1b: My Muse|71/100 brn|[from] brn\n|-end|p1b: My Muse|Encore\n|upkeep\n|turn|14\n|\n|t:|1776212937\n|move|p1a: Eyeye|Protect||[still]\n|-fail|p1a: Eyeye\n|move|p2a: Sableye|Quash|p1b: My Muse\n|-activate|p1b: My Muse|move: Quash\n|move|p2b: Incineroar|Darkest Lariat|p1a: Eyeye\n|-damage|p1a: Eyeye|0 fnt\n|faint|p1a: Eyeye\n|move|p1b: My Muse|Close Combat|p2b: Incineroar\n|-supereffective|p2b: Incineroar|1\n|-damage|p2b: Incineroar|66/100\n|-unboost|p1b: My Muse|def|1\n|-unboost|p1b: My Muse|spd|1\n|\n|-damage|p1b: My Muse|66/100 brn|[from] brn\n|upkeep\n|turn|15\n|-message|katsuuzz forfeited.\n|\n|win|Drcheems19\n|raw|katsuuzz's rating: 1089 &rarr; <strong>1060</strong><br />(-29 for losing)\n|raw|Drcheems19's rating: 1000 &rarr; <strong>1050</strong><br />(+50 for winning)\n|l|\u2606katsuuzz\n|player|p1|\n",
  "uploadtime": 1776212949,
  "views": 37,
  "formatid": "gen9championsvgc2026regma",
  "rating": 1050,
  "private": 0,
  "password": null
}