{
  "id": "gen9championsvgc2026regma-2585353616",
  "format": "[Gen 9 Champions] VGC 2026 Reg M-A",
  "players": [
    "B00MB055",
    "Shaikidow"
  ],
  "log": "|j|\u2606B00MB055\n|j|\u2606Shaikidow\n|t:|1776340624\n|gametype|doubles\n|player|p1|B00MB055|swimmerf-gen4dp|1082\n|player|p2|Shaikidow|brawly|1000\n|gen|9\n|tier|[Gen 9 Champions] VGC 2026 Reg M-A\n|rated|\n|rule|Species Clause: Limit one of each Pok\u00e9mon\n|rule|Item Clause: Limit 1 of each item\n|clearpoke\n|poke|p1|Froslass, L50, F|\n|poke|p1|Orthworm, L50, F|\n|poke|p1|Incineroar, L50, M|\n|poke|p1|Ninetales-Alola, L50, M|\n|poke|p1|Garchomp, L50, M|\n|poke|p1|Basculegion, L50, M|\n|poke|p2|Ninetales-Alola, L50, F|\n|poke|p2|Mr. Rime, L50, M|\n|poke|p2|Starmie, L50|\n|poke|p2|Glalie, L50, F|\n|poke|p2|Crabominable, L50, M|\n|poke|p2|Golurk, L50|\n|teampreview|4\n|inactive|Battle timer is ON: inactive players will automatically lose when time's up. (requested by Shaikidow)\n|c|\u2606B00MB055|oh wowowowow\n|c|\u2606Shaikidow|...wow\n|inactive|B00MB055 has 60 seconds left.\n|\n|t:|1776340672\n|teamsize|p1|4\n|teamsize|p2|4\n|start\n|switch|p1a: Orthworm|Orthworm, L50, F, shiny|100/100\n|switch|p1b: Garchomp|Garchomp, L50, M|100/100\n|switch|p2a: Ninetales|Ninetales-Alola, L50, F|100/100\n|switch|p2b: Mr. Rime|Mr. Rime, L50, M|100/100\n|-weather|Snowscape|[from] ability: Snow Warning|[of] p2a: Ninetales\n|turn|1\n|\n|t:|1776340696\n|move|p2b: Mr. Rime|Protect|p2b: Mr. Rime\n|-singleturn|p2b: Mr. Rime|Protect\n|move|p2a: Ninetales|Blizzard|p1a: Orthworm|[spread] p1a,p1b\n|-resisted|p1a: Orthworm|1\n|-supereffective|p1b: Garchomp|2\n|-crit|p1b: Garchomp\n|-damage|p1a: Orthworm|81/100\n|-enditem|p1b: Garchomp|Focus Sash\n|-damage|p1b: Garchomp|1/100\n|-status|p1a: Orthworm|frz\n|-enditem|p1a: Orthworm|Lum Berry|[eat]\n|-curestatus|p1a: Orthworm|frz|[msg]\n|move|p1b: Garchomp|Rock Slide|p2b: Mr. Rime|[spread] p2a\n|-activate|p2b: Mr. Rime|move: Protect\n|-supereffective|p2a: Ninetales|1\n|-damage|p2a: Ninetales|63/100\n|move|p1a: Orthworm|Heavy Slam|p2a: Ninetales\n|-supereffective|p2a: Ninetales|2\n|-damage|p2a: Ninetales|0 fnt\n|faint|p2a: Ninetales\n|\n|-weather|Snowscape|[upkeep]\n|upkeep\n|inactive|Shaikidow has 30 seconds left.\n|\n|t:|1776340726\n|switch|p2a: Crabominable|Crabominable, L50, M, shiny|100/100\n|turn|2\n|\n|t:|1776340748\n|move|p2a: Crabominable|Mach Punch|p1b: Garchomp\n|-damage|p1b: Garchomp|0 fnt\n|faint|p1b: Garchomp\n|move|p1a: Orthworm|Iron Defense|p1a: Orthworm\n|-boost|p1a: Orthworm|def|2\n|move|p2b: Mr. Rime|Frost Breath|p2a: Crabominable|[miss]\n|-miss|p2b: Mr. Rime|p2a: Crabominable\n|\n|-weather|Snowscape|[upkeep]\n|upkeep\n|\n|t:|1776340762\n|switch|p1b: Incineroar|Incineroar, L50, M, shiny|100/100\n|-ability|p1b: Incineroar|Intimidate|boost\n|-unboost|p2a: Crabominable|atk|1\n|-unboost|p2b: Mr. Rime|atk|1\n|turn|3\n|\n|t:|1776340774\n|move|p2b: Mr. Rime|Protect|p2b: Mr. Rime\n|-singleturn|p2b: Mr. Rime|Protect\n|move|p1b: Incineroar|Fake Out|p2b: Mr. Rime\n|-activate|p2b: Mr. Rime|move: Protect\n|move|p1a: Orthworm|Body Press|p2a: Crabominable\n|-supereffective|p2a: Crabominable|1\n|-damage|p2a: Crabominable|16/100\n|move|p2a: Crabominable|Drain Punch|p1b: Incineroar\n|-supereffective|p1b: Incineroar|1\n|-damage|p1b: Incineroar|52/100\n|-heal|p2a: Crabominable|44/100|[from] drain|[of] p1b: Incineroar\n|\n|-weather|Snowscape|[upkeep]\n|upkeep\n|turn|4\n|inactive|Shaikidow has 30 seconds left.\n|inactive|Shaikidow has 20 seconds left.\n|inactive|Shaikidow has 15 seconds left.\n|inactive|Shaikidow has 10 seconds left.\n|inactive|Shaikidow has 5 seconds left.\n|\n|t:|1776340828\n|switch|p2a: Starmie|Starmie, L50, shiny|100/100\n|move|p1a: Orthworm|Body Press|p2a: Starmie\n|-resisted|p2a: Starmie|1\n|-damage|p2a: Starmie|60/100\n|move|p2b: Mr. Rime|Sheer Cold|p1b: Incineroar\n|-damage|p1b: Incineroar|0 fnt\n|faint|p1b: Incineroar\n|-ohko\n|\n|-weather|Snowscape|[upkeep]\n|upkeep\n|\n|t:|1776340845\n|switch|p1b: Froslass|Froslass, L50, F, shiny|100/100\n|turn|5\n|c|\u2606B00MB055|was that lucky???\n|c|\u2606Shaikidow|yeah\n|c|\u2606B00MB055|kjfdnvd ofcourse\n|\n|t:|1776340866\n|detailschange|p1b: Froslass|Froslass-Mega, L50, F, shiny\n|-mega|p1b: Froslass|Froslass|Froslassite\n|move|p2b: Mr. Rime|Protect|p2b: Mr. Rime\n|-singleturn|p2b: Mr. Rime|Protect\n|move|p1b: Froslass|Shadow Ball|p2a: Starmie\n|-supereffective|p2a: Starmie|1\n|-damage|p2a: Starmie|0 fnt\n|faint|p2a: Starmie\n|move|p1a: Orthworm|Heavy Slam|p2b: Mr. Rime\n|-activate|p2b: Mr. Rime|move: Protect\n|\n|-weather|none\n|upkeep\n|c|\u2606Shaikidow|well, I was unlucky with Frost Breath before that\n|\n|t:|1776340885\n|switch|p2a: Crabominable|Crabominable, L50, M, shiny|44/100\n|turn|6\n|c|\u2606B00MB055|yeah true lmao\n|\n|t:|1776340900\n|move|p1b: Froslass|Shadow Ball|p2b: Mr. Rime\n|-supereffective|p2b: Mr. Rime|1\n|-damage|p2b: Mr. Rime|43/100\n|-enditem|p2b: Mr. Rime|Sitrus Berry|[eat]\n|-heal|p2b: Mr. Rime|67/100|[from] item: Sitrus Berry\n|move|p1a: Orthworm|Body Press|p2a: Crabominable\n|-supereffective|p2a: Crabominable|1\n|-damage|p2a: Crabominable|0 fnt\n|faint|p2a: Crabominable\n|move|p2b: Mr. Rime|Frost Breath|p2: Crabominable|[notarget]\n|-fail|p2b: Mr. Rime\n|\n|upkeep\n|turn|7\n|c|\u2606Shaikidow|gg\n|-message|Shaikidow forfeited.\n|\n|win|B00MB055\n|raw|B00MB055's rating: 1082 &rarr; <strong>1103</strong><br />(+21 for winning)\n|raw|Shaikidow's rating: 1000 &rarr; <strong>1000</strong><br />(+0 for losing)\n|l|\u2606Shaikidow\n|player|p2|\n|c|\u2606B00MB055|ggs\n",
  "uploadtime": 1776340951,
  "views": 28,
  "formatid": "gen9championsvgc2026regma",
  "rating": 1000,
  "private": 0,
  "password": null
}