{
  "id": "gen9championsvgc2026regma-2587691848",
  "format": "[Gen 9 Champions] VGC 2026 Reg M-A",
  "players": [
    "soccergyat",
    "hitmonchanny"
  ],
  "log": "|j|\u2606soccergyat\n|j|\u2606hitmonchanny\n|t:|1776554400\n|gametype|doubles\n|player|p1|soccergyat|steven|1050\n|player|p2|hitmonchanny|169|1018\n|gen|9\n|tier|[Gen 9 Champions] VGC 2026 Reg M-A\n|rated|\n|rule|Species Clause: Limit one of each Pok\u00e9mon\n|rule|Item Clause: Limit 1 of each item\n|clearpoke\n|poke|p1|Mimikyu, L50, F|\n|poke|p1|Conkeldurr, L50, M|\n|poke|p1|Drampa, L50, F|\n|poke|p1|Torkoal, L50, M|\n|poke|p1|Sinistcha, L50|\n|poke|p1|Incineroar, L50, M, shiny|\n|poke|p2|Pelipper, L50, M|\n|poke|p2|Farigiraf, L50, M|\n|poke|p2|Basculegion-F, L50, F|\n|poke|p2|Sneasler, L50, F|\n|poke|p2|Archaludon, L50, F|\n|poke|p2|Dragonite, L50, M|\n|teampreview|4\nhitmonchanny has agreed to open team sheets.\n|\n|t:|1776554434\n|teamsize|p1|4\n|teamsize|p2|4\n|start\n|switch|p1a: Mimikyu|Mimikyu, L50, F|100/100\n|switch|p1b: Conkeldurr|Conkeldurr, L50, M|100/100\n|switch|p2a: Basculegion|Basculegion-F, L50, F|100/100\n|switch|p2b: Sneasler|Sneasler, L50, F|100/100\n|turn|1\n|\n|t:|1776554453\n|switch|p1b: Drampa|Drampa, L50, F|100/100\n|move|p2b: Sneasler|Fake Out|p1b: Drampa\n|-damage|p1b: Drampa|85/100\n|move|p2a: Basculegion|Phantom Force||[still]\n|-prepare|p2a: Basculegion|Phantom Force\n|move|p1a: Mimikyu|Trick Room|p1a: Mimikyu\n|-fieldstart|move: Trick Room|[of] p1a: Mimikyu\n|\n|upkeep\n|turn|2\n|\n|t:|1776554471\n|switch|p1a: Conkeldurr|Conkeldurr, L50, M|100/100\n|switch|p2b: Pelipper|Pelipper, L50, M|100/100\n|-weather|RainDance|[from] ability: Drizzle|[of] p2b: Pelipper\n|detailschange|p1b: Drampa|Drampa-Mega, L50, F\n|-mega|p1b: Drampa|Drampa|Drampanite\n|move|p1b: Drampa|Protect|p1b: Drampa\n|-singleturn|p1b: Drampa|Protect\n|move|p2a: Basculegion|Phantom Force|p1a: Conkeldurr|[from] lockedmove\n|-damage|p1a: Conkeldurr|65/100\n|\n|-weather|RainDance|[upkeep]\n|-heal|p1a: Conkeldurr|72/100|[from] item: Leftovers\n|upkeep\n|turn|3\n|\n|t:|1776554493\n|move|p1a: Conkeldurr|Protect|p1a: Conkeldurr\n|-singleturn|p1a: Conkeldurr|Protect\n|move|p1b: Drampa|Calm Mind|p1b: Drampa\n|-boost|p1b: Drampa|spa|1\n|-boost|p1b: Drampa|spd|1\n|move|p2b: Pelipper|Hurricane|p1a: Conkeldurr\n|-activate|p1a: Conkeldurr|move: Protect\n|move|p2a: Basculegion|Phantom Force||[still]\n|-prepare|p2a: Basculegion|Phantom Force\n|\n|-weather|RainDance|[upkeep]\n|-heal|p1a: Conkeldurr|78/100|[from] item: Leftovers\n|upkeep\n|turn|4\n|\n|t:|1776554520\n|move|p1a: Conkeldurr|Mach Punch|p2b: Pelipper\n|-resisted|p2b: Pelipper|1\n|-damage|p2b: Pelipper|88/100\n|move|p1b: Drampa|Hyper Voice|p2a: Basculegion|[spread] p2b\n|-miss|p1b: Drampa|p2a: Basculegion\n|-damage|p2b: Pelipper|0 fnt\n|faint|p2b: Pelipper\n|move|p2a: Basculegion|Phantom Force|p1a: Conkeldurr|[from] lockedmove\n|-damage|p1a: Conkeldurr|47/100\n|\n|-weather|RainDance|[upkeep]\n|-heal|p1a: Conkeldurr|53/100|[from] item: Leftovers\n|upkeep\n|\n|t:|1776554530\n|switch|p2b: Sneasler|Sneasler, L50, F|100/100\n|turn|5\n|\n|t:|1776554547\n|switch|p1a: Mimikyu|Mimikyu, L50, F|100/100\n|switch|p2a: Archaludon|Archaludon, L50, F|100/100\n|move|p2b: Sneasler|Fake Out|p1b: Drampa\n|-damage|p1b: Drampa|73/100\n|cant|p1b: Drampa|flinch\n|\n|-weather|RainDance|[upkeep]\n|-fieldend|move: Trick Room\n|upkeep\n|turn|6\n|\n|t:|1776554563\n|switch|p2b: Basculegion|Basculegion-F, L50, F|100/100\n|move|p1b: Drampa|Protect|p1b: Drampa\n|-singleturn|p1b: Drampa|Protect\n|move|p2a: Archaludon|Electro Shot||[still]\n|-prepare|p2a: Archaludon|Electro Shot\n|-boost|p2a: Archaludon|spa|1\n|-anim|p2a: Archaludon|Electro Shot|p1a: Mimikyu\n|-activate|p1a: Mimikyu|ability: Disguise\n|-damage|p1a: Mimikyu|100/100\n|detailschange|p1a: Mimikyu|Mimikyu-Busted, L50, F\n|-damage|p1a: Mimikyu|88/100|[from] pokemon: Mimikyu-Busted\n|move|p1a: Mimikyu|Trick Room|p1a: Mimikyu\n|-fieldstart|move: Trick Room|[of] p1a: Mimikyu\n|\n|-weather|none\n|upkeep\n|turn|7\n|\n|t:|1776554593\n|move|p1b: Drampa|Calm Mind|p1b: Drampa\n|-boost|p1b: Drampa|spa|1\n|-boost|p1b: Drampa|spd|1\n|move|p1a: Mimikyu|Shadow Claw|p2b: Basculegion\n|-supereffective|p2b: Basculegion|1\n|-damage|p2b: Basculegion|8/100\n|move|p2a: Archaludon|Outrage|p1b: Drampa\n|-supereffective|p1b: Drampa|1\n|-damage|p1b: Drampa|0 fnt\n|faint|p1b: Drampa\n|move|p2b: Basculegion|Flip Turn|p1a: Mimikyu\n|-damage|p1a: Mimikyu|60/100\n|\n|t:|1776554604\n|switch|p2b: Sneasler|Sneasler, L50, F|100/100|[from] Flip Turn\n|\n|upkeep\n|\n|t:|1776554608\n|switch|p1b: Conkeldurr|Conkeldurr, L50, M|53/100\n|turn|8\n|\n|t:|1776554618\n|move|p1b: Conkeldurr|Drain Punch|p2a: Archaludon\n|-supereffective|p2a: Archaludon|1\n|-damage|p2a: Archaludon|28/100\n|-heal|p1b: Conkeldurr|87/100|[from] drain|[of] p2a: Archaludon\n|-ability|p2a: Archaludon|Stamina|boost\n|-boost|p2a: Archaludon|def|1\n|move|p1a: Mimikyu|Will-O-Wisp|p1b: Conkeldurr\n|-status|p1b: Conkeldurr|brn\n|move|p2a: Archaludon|Outrage|p1b: Conkeldurr|[from] lockedmove\n|-damage|p1b: Conkeldurr|38/100 brn\n|-start|p2a: Archaludon|confusion|[fatigue]\n|-enditem|p2a: Archaludon|Lum Berry|[eat]\n|-end|p2a: Archaludon|confusion\n|move|p2b: Sneasler|Dire Claw|p1a: Mimikyu\n|-damage|p1a: Mimikyu|5/100\n|\n|-heal|p1b: Conkeldurr|44/100 brn|[from] item: Leftovers\n|-damage|p1b: Conkeldurr|38/100 brn|[from] brn\n|upkeep\n|turn|9\n|\n|t:|1776554651\n|switch|p1a: Sinistcha|Sinistcha, L50|100/100\n|-heal|p1b: Conkeldurr|63/100 brn|[from] ability: Hospitality|[of] p1a: Sinistcha\n|move|p2a: Archaludon|Protect|p2a: Archaludon\n|-singleturn|p2a: Archaludon|Protect\n|move|p1b: Conkeldurr|Drain Punch|p2a: Archaludon\n|-activate|p2a: Archaludon|move: Protect\n|move|p2b: Sneasler|Close Combat|p1b: Conkeldurr\n|-damage|p1b: Conkeldurr|2/100 brn\n|-unboost|p2b: Sneasler|def|1\n|-unboost|p2b: Sneasler|spd|1\n|-enditem|p2b: Sneasler|White Herb\n|-clearnegativeboost|p2b: Sneasler|[silent]\n|\n|-heal|p1b: Conkeldurr|8/100 brn|[from] item: Leftovers\n|-damage|p1b: Conkeldurr|2/100 brn|[from] brn\n|upkeep\n|turn|10\n|\n|t:|1776554678\n|move|p1b: Conkeldurr|Protect|p1b: Conkeldurr\n|-singleturn|p1b: Conkeldurr|Protect\n|move|p1a: Sinistcha|Life Dew||[still]|[spread] p1a,p1b\n|-fail|p1a: Sinistcha|heal\n|-heal|p1b: Conkeldurr|27/100 brn\n|move|p2a: Archaludon|Outrage|p1b: Conkeldurr\n|-activate|p1b: Conkeldurr|move: Protect\n|move|p2b: Sneasler|Dire Claw|p1b: Conkeldurr\n|-activate|p1b: Conkeldurr|move: Protect\n|\n|-heal|p1b: Conkeldurr|33/100 brn|[from] item: Leftovers\n|-damage|p1b: Conkeldurr|27/100 brn|[from] brn\n|-fieldend|move: Trick Room\n|upkeep\n|turn|11\n|\n|t:|1776554698\n|move|p2a: Archaludon|Protect|p2a: Archaludon\n|-singleturn|p2a: Archaludon|Protect\n|move|p1a: Sinistcha|Rage Powder|p1a: Sinistcha\n|-singleturn|p1a: Sinistcha|move: Rage Powder\n|move|p1b: Conkeldurr|Mach Punch|p2a: Archaludon\n|-activate|p2a: Archaludon|move: Protect\n|move|p2b: Sneasler|Dire Claw|p1a: Sinistcha\n|-damage|p1a: Sinistcha|65/100\n|\n|-heal|p1b: Conkeldurr|33/100 brn|[from] item: Leftovers\n|-damage|p1b: Conkeldurr|27/100 brn|[from] brn\n|upkeep\n|turn|12\n|\n|t:|1776554716\n|move|p1a: Sinistcha|Rage Powder|p1a: Sinistcha\n|-singleturn|p1a: Sinistcha|move: Rage Powder\n|move|p2b: Sneasler|Dire Claw|p1a: Sinistcha\n|-damage|p1a: Sinistcha|27/100\n|-status|p1a: Sinistcha|psn\n|-enditem|p1a: Sinistcha|Sitrus Berry|[eat]\n|-heal|p1a: Sinistcha|52/100 psn|[from] item: Sitrus Berry\n|move|p2a: Archaludon|Outrage|p1a: Sinistcha\n|-damage|p1a: Sinistcha|9/100 psn\n|move|p1b: Conkeldurr|Facade|p2b: Sneasler\n|-damage|p2b: Sneasler|0 fnt\n|faint|p2b: Sneasler\n|\n|-heal|p1b: Conkeldurr|33/100 brn|[from] item: Leftovers\n|-damage|p1a: Sinistcha|0 fnt|[from] psn\n|faint|p1a: Sinistcha\n|-damage|p1b: Conkeldurr|27/100 brn|[from] brn\n|upkeep\n|\n|t:|1776554733\n|switch|p2b: Basculegion|Basculegion-F, L50, F|8/100\n|switch|p1a: Mimikyu|Mimikyu-Busted, L50, F|5/100\n|turn|13\n|\n|t:|1776554746\n|move|p1b: Conkeldurr|Mach Punch|p2a: Archaludon\n|-supereffective|p2a: Archaludon|1\n|-damage|p2a: Archaludon|0 fnt\n|faint|p2a: Archaludon\n|move|p2b: Basculegion|Phantom Force||[still]\n|-prepare|p2b: Basculegion|Phantom Force\n|move|p1a: Mimikyu|Trick Room|p1a: Mimikyu\n|-fieldstart|move: Trick Room|[of] p1a: Mimikyu\n|\n|-heal|p1b: Conkeldurr|33/100 brn|[from] item: Leftovers\n|-damage|p1b: Conkeldurr|27/100 brn|[from] brn\n|upkeep\n|turn|14\n|\n|t:|1776554758\n|move|p1b: Conkeldurr|Protect|p1b: Conkeldurr\n|-singleturn|p1b: Conkeldurr|Protect\n|move|p1a: Mimikyu|Shadow Claw|p2b: Basculegion|[miss]\n|-miss|p1a: Mimikyu|p2b: Basculegion\n|move|p2b: Basculegion|Phantom Force|p1a: Mimikyu|[from] lockedmove\n|-supereffective|p1a: Mimikyu|1\n|-damage|p1a: Mimikyu|0 fnt\n|faint|p1a: Mimikyu\n|\n|-heal|p1b: Conkeldurr|33/100 brn|[from] item: Leftovers\n|-damage|p1b: Conkeldurr|27/100 brn|[from] brn\n|upkeep\n|turn|15\n|\n|t:|1776554772\n|move|p1b: Conkeldurr|Drain Punch|p2b: Basculegion\n|-immune|p2b: Basculegion\n|move|p2b: Basculegion|Phantom Force||[still]\n|-prepare|p2b: Basculegion|Phantom Force\n|\n|-heal|p1b: Conkeldurr|33/100 brn|[from] item: Leftovers\n|-damage|p1b: Conkeldurr|27/100 brn|[from] brn\n|upkeep\n|turn|16\n|\n|t:|1776554781\n|move|p1b: Conkeldurr|Protect|p1b: Conkeldurr\n|-singleturn|p1b: Conkeldurr|Protect\n|move|p2b: Basculegion|Phantom Force|p1b: Conkeldurr|[from] lockedmove\n|-activate|p1b: Conkeldurr|move: Phantom Force|[broken]\n|-damage|p1b: Conkeldurr|0 fnt\n|faint|p1b: Conkeldurr\n|\n|win|hitmonchanny\n|raw|soccergyat's rating: 1050 &rarr; <strong>1031</strong><br />(-19 for losing)\n|raw|hitmonchanny's rating: 1018 &rarr; <strong>1059</strong><br />(+41 for winning)\n|l|\u2606soccergyat\n|player|p1|\n",
  "uploadtime": 1776554790,
  "views": 26,
  "formatid": "gen9championsvgc2026regma",
  "rating": 1031,
  "private": 0,
  "password": null
}