{
  "id": "gen9championsvgc2026regma-2587754693",
  "format": "[Gen 9 Champions] VGC 2026 Reg M-A",
  "players": [
    "ojdokasod",
    "ShadowS3raph"
  ],
  "log": "|j|\u2606ojdokasod\n|j|\u2606ShadowS3raph\n|t:|1776560682\n|gametype|doubles\n|player|p1|ojdokasod|265|1138\n|player|p2|ShadowS3raph|169|1116\n|gen|9\n|tier|[Gen 9 Champions] VGC 2026 Reg M-A\n|rated|\n|rule|Species Clause: Limit one of each Pok\u00e9mon\n|rule|Item Clause: Limit 1 of each item\n|clearpoke\n|poke|p1|Victreebel, L50, F|\n|poke|p1|Incineroar, L50, M|\n|poke|p1|Kingambit, L50, M|\n|poke|p1|Farigiraf, L50, M|\n|poke|p1|Garchomp, L50, F|\n|poke|p1|Ninetales-Alola, L50, F|\n|poke|p2|Archaludon, L50, F|\n|poke|p2|Pelipper, L50, M|\n|poke|p2|Gyarados, L50, M|\n|poke|p2|Heliolisk, L50, F|\n|poke|p2|Sinistcha, L50|\n|poke|p2|Scizor, L50, M|\n|teampreview|4\n|\n|t:|1776560719\n|teamsize|p1|4\n|teamsize|p2|4\n|start\n|switch|p1a: Victreebel|Victreebel, L50, F|100/100\n|switch|p1b: Incineroar|Incineroar, L50, M|100/100\n|switch|p2a: Pelipper|Pelipper, L50, M|100/100\n|switch|p2b: Heliolisk|Heliolisk, L50, F|100/100\n|-ability|p1b: Incineroar|Intimidate|boost\n|-unboost|p2a: Pelipper|atk|1\n|-unboost|p2b: Heliolisk|atk|1\n|-weather|RainDance|[from] ability: Drizzle|[of] p2a: Pelipper\n|turn|1\n|\n|t:|1776560737\n|move|p2b: Heliolisk|Protect|p2b: Heliolisk\n|-singleturn|p2b: Heliolisk|Protect\n|move|p2a: Pelipper|Protect|p2a: Pelipper\n|-singleturn|p2a: Pelipper|Protect\n|move|p1b: Incineroar|Fake Out|p2a: Pelipper\n|-activate|p2a: Pelipper|move: Protect\n|move|p1a: Victreebel|Sleep Powder|p2b: Heliolisk\n|-activate|p2b: Heliolisk|move: Protect\n|\n|-weather|RainDance|[upkeep]\n|upkeep\n|turn|2\n|inactive|Battle timer is ON: inactive players will automatically lose when time's up. (requested by ShadowS3raph)\n|\n|t:|1776560769\n|switch|p2b: Sinistcha|Sinistcha, L50|100/100\n|detailschange|p1a: Victreebel|Victreebel-Mega, L50, F\n|-mega|p1a: Victreebel|Victreebel|Victreebelite\n|move|p1a: Victreebel|Sleep Powder|p2b: Sinistcha\n|-immune|p2b: Sinistcha\n|move|p1b: Incineroar|Parting Shot|p2b: Sinistcha\n|-unboost|p2b: Sinistcha|atk|1\n|-unboost|p2b: Sinistcha|spa|1\n|\n|t:|1776560778\n|switch|p1b: Ninetales|Ninetales-Alola, L50, F|100/100|[from] Parting Shot\n|-weather|Snowscape|[from] ability: Snow Warning|[of] p1b: Ninetales\n|move|p2a: Pelipper|Tailwind|p2a: Pelipper\n|-sidestart|p2: ShadowS3raph|move: Tailwind\n|\n|-weather|Snowscape|[upkeep]\n|upkeep\n|turn|3\n|\n|t:|1776560794\n|switch|p2a: Heliolisk|Heliolisk, L50, F|100/100\n|switch|p1b: Incineroar|Incineroar, L50, M|100/100\n|-ability|p1b: Incineroar|Intimidate|boost\n|-unboost|p2a: Heliolisk|atk|1\n|-unboost|p2b: Sinistcha|atk|1\n|move|p2b: Sinistcha|Rage Powder|p2b: Sinistcha\n|-singleturn|p2b: Sinistcha|move: Rage Powder\n|move|p1a: Victreebel|Knock Off|p2b: Sinistcha\n|-supereffective|p2b: Sinistcha|1\n|-damage|p2b: Sinistcha|47/100\n|-enditem|p2b: Sinistcha|Occa Berry|[from] move: Knock Off|[of] p1a: Victreebel\n|\n|-weather|Snowscape|[upkeep]\n|upkeep\n|turn|4\n|\n|t:|1776560813\n|switch|p2b: Pelipper|Pelipper, L50, M|100/100\n|-weather|RainDance|[from] ability: Drizzle|[of] p2b: Pelipper\n|move|p1b: Incineroar|Fake Out|p2a: Heliolisk\n|-damage|p2a: Heliolisk|77/100\n|cant|p2a: Heliolisk|flinch\n|move|p1a: Victreebel|Knock Off|p2b: Pelipper\n|-damage|p2b: Pelipper|67/100\n|-enditem|p2b: Pelipper|Sitrus Berry|[from] move: Knock Off|[of] p1a: Victreebel\n|\n|-weather|RainDance|[upkeep]\n|-heal|p2a: Heliolisk|90/100|[from] ability: Dry Skin\n|upkeep\n|turn|5\n|inactive|ojdokasod has 30 seconds left.\n|inactive|ShadowS3raph has 30 seconds left.\n|\n|t:|1776560844\n|move|p2a: Heliolisk|Thunder Wave|p1b: Incineroar\n|-status|p1b: Incineroar|par\n|move|p2b: Pelipper|Hurricane|p1a: Victreebel\n|-supereffective|p1a: Victreebel|1\n|-damage|p1a: Victreebel|0 fnt\n|-damage|p2b: Pelipper|0 fnt|[from] ability: Innards Out|[of] p1a: Victreebel\n|faint|p1a: Victreebel\n|faint|p2b: Pelipper\n|move|p1b: Incineroar|Throat Chop|p2a: Heliolisk\n|-damage|p2a: Heliolisk|18/100\n|-start|p2a: Heliolisk|Throat Chop|[silent]\n|\n|-weather|RainDance|[upkeep]\n|-heal|p2a: Heliolisk|31/100|[from] ability: Dry Skin\n|-sideend|p2: ShadowS3raph|move: Tailwind\n|upkeep\n|\n|t:|1776560868\n|switch|p1a: Ninetales|Ninetales-Alola, L50, F|100/100\n|switch|p2b: Gyarados|Gyarados, L50, M|100/100\n|-ability|p2b: Gyarados|Intimidate|boost\n|-unboost|p1a: Ninetales|atk|1\n|-unboost|p1b: Incineroar|atk|1\n|-weather|Snowscape|[from] ability: Snow Warning|[of] p1a: Ninetales\n|turn|6\n|\n|t:|1776560887\n|move|p2a: Heliolisk|Thunder Wave|p1a: Ninetales\n|-status|p1a: Ninetales|par\n|move|p2b: Gyarados|Dragon Dance|p2b: Gyarados\n|-boost|p2b: Gyarados|atk|1\n|-boost|p2b: Gyarados|spe|1\n|move|p1a: Ninetales|Aurora Veil|p1a: Ninetales\n|-sidestart|p1: ojdokasod|move: Aurora Veil\n|move|p1b: Incineroar|Throat Chop|p2a: Heliolisk\n|-damage|p2a: Heliolisk|0 fnt\n|faint|p2a: Heliolisk\n|\n|-weather|Snowscape|[upkeep]\n|upkeep\n|\n|t:|1776560900\n|switch|p2a: Sinistcha|Sinistcha, L50|47/100\n|turn|7\n|\n|t:|1776560920\n|detailschange|p2b: Gyarados|Gyarados-Mega, L50, M\n|-mega|p2b: Gyarados|Gyarados|Gyaradosite\n|-ability|p2b: Gyarados|Mold Breaker\n|move|p2b: Gyarados|Waterfall|p1b: Incineroar\n|-supereffective|p1b: Incineroar|1\n|-damage|p1b: Incineroar|15/100 par\n|-enditem|p1b: Incineroar|Sitrus Berry|[eat]\n|-heal|p1b: Incineroar|40/100 par|[from] item: Sitrus Berry\n|move|p2a: Sinistcha|Life Dew||[still]|[spread] p2a,p2b\n|-heal|p2a: Sinistcha|72/100\n|-fail|p2b: Gyarados|heal\n|move|p1a: Ninetales|Moonblast|p2b: Gyarados\n|-supereffective|p2b: Gyarados|1\n|-damage|p2b: Gyarados|33/100\n|cant|p1b: Incineroar|par\n|\n|-weather|Snowscape|[upkeep]\n|upkeep\n|turn|8\n|inactive|ShadowS3raph has 30 seconds left.\n|\n|t:|1776560946\n|move|p2a: Sinistcha|Rage Powder|p2a: Sinistcha\n|-singleturn|p2a: Sinistcha|move: Rage Powder\n|move|p2b: Gyarados|Waterfall|p1a: Ninetales\n|-damage|p1a: Ninetales|60/100 par\n|cant|p1a: Ninetales|flinch\n|move|p1b: Incineroar|Flare Blitz|p2a: Sinistcha\n|-supereffective|p2a: Sinistcha|1\n|-damage|p2a: Sinistcha|16/100\n|-damage|p1b: Incineroar|21/100 par|[from] Recoil\n|\n|-weather|Snowscape|[upkeep]\n|upkeep\n|turn|9\n|\n|t:|1776560965\n|move|p2b: Gyarados|Waterfall|p1a: Ninetales\n|-damage|p1a: Ninetales|19/100 par\n|move|p2a: Sinistcha|Life Dew|p2a: Sinistcha|[spread] p2a,p2b\n|-heal|p2a: Sinistcha|41/100\n|-heal|p2b: Gyarados|58/100\n|cant|p1a: Ninetales|flinch\n|move|p1b: Incineroar|Flare Blitz|p2a: Sinistcha\n|-supereffective|p2a: Sinistcha|1\n|-damage|p2a: Sinistcha|0 fnt\n|faint|p2a: Sinistcha\n|-damage|p1b: Incineroar|7/100 par|[from] Recoil\n|\n|-weather|Snowscape|[upkeep]\n|upkeep\n|turn|10\n|\n|t:|1776560986\n|move|p2b: Gyarados|Waterfall|p1a: Ninetales\n|-damage|p1a: Ninetales|0 fnt\n|faint|p1a: Ninetales\n|move|p1b: Incineroar|Flare Blitz|p2b: Gyarados\n|-resisted|p2b: Gyarados|1\n|-damage|p2b: Gyarados|42/100\n|-status|p2b: Gyarados|brn\n|-damage|p1b: Incineroar|2/100 par|[from] Recoil\n|\n|-weather|none\n|-damage|p2b: Gyarados|37/100 brn|[from] brn\n|-sideend|p1: ojdokasod|move: Aurora Veil\n|upkeep\n|\n|t:|1776560991\n|switch|p1a: Garchomp|Garchomp, L50, F|100/100\n|turn|11\n|\n|t:|1776561002\n|move|p2b: Gyarados|Ice Fang|p1a: Garchomp\n|-supereffective|p1a: Garchomp|2\n|-damage|p1a: Garchomp|0 fnt\n|-damage|p2b: Gyarados|24/100 brn|[from] ability: Rough Skin|[of] p1a: Garchomp\n|faint|p1a: Garchomp\n|move|p1b: Incineroar|Parting Shot|p2b: Gyarados\n|-unboost|p2b: Gyarados|atk|1\n|-unboost|p2b: Gyarados|spa|1\n|\n|-damage|p2b: Gyarados|19/100 brn|[from] brn\n|upkeep\n|turn|12\n|c|\u2606ShadowS3raph|Gg\n|\n|t:|1776561020\n|move|p2b: Gyarados|Waterfall|p1b: Incineroar\n|-supereffective|p1b: Incineroar|1\n|-damage|p1b: Incineroar|0 fnt\n|faint|p1b: Incineroar\n|\n|win|ShadowS3raph\n|raw|ojdokasod's rating: 1138 &rarr; <strong>1111</strong><br />(-27 for losing)\n|raw|ShadowS3raph's rating: 1116 &rarr; <strong>1143</strong><br />(+27 for winning)\n|l|\u2606ojdokasod\n|player|p1|\n",
  "uploadtime": 1776561034,
  "views": 13,
  "formatid": "gen9championsvgc2026regma",
  "rating": 1111,
  "private": 0,
  "password": null
}