{
  "id": "gen9championsvgc2026regma-2587667752",
  "format": "[Gen 9 Champions] VGC 2026 Reg M-A",
  "players": [
    "kickinchicken28",
    "p3elz"
  ],
  "log": "|j|\u2606kickinchicken28\n|j|\u2606p3elz\n|t:|1776552024\n|gametype|doubles\n|player|p1|kickinchicken28|101|1025\n|player|p2|p3elz|unknown|1031\n|gen|9\n|tier|[Gen 9 Champions] VGC 2026 Reg M-A\n|rated|\n|rule|Species Clause: Limit one of each Pok\u00e9mon\n|rule|Item Clause: Limit 1 of each item\n|clearpoke\n|poke|p1|Gengar, L50, M|\n|poke|p1|Scovillain, L50, F|\n|poke|p1|Kleavor, L50, F|\n|poke|p1|Sableye, L50, F|\n|poke|p1|Corviknight, L50, F|\n|poke|p1|Milotic, L50, F, shiny|\n|poke|p2|Gengar, L50, F|\n|poke|p2|Venusaur, L50, M|\n|poke|p2|Espeon, L50, M|\n|poke|p2|Clawitzer, L50, M|\n|poke|p2|Alcremie-Rainbow-Swirl, L50, F, shiny|\n|poke|p2|Palafin, L50, M|\n|teampreview|4\n|c|\u2606p3elz|this might be a mistake\n|c|\u2606kickinchicken28|why lol\n|\n|t:|1776552092\n|teamsize|p1|4\n|teamsize|p2|4\n|start\n|switch|p1a: Scovillain|Scovillain, L50, F|100/100\n|switch|p1b: Sableye|Sableye, L50, F|100/100\n|switch|p2a: Espeon|Espeon, L50, M|100/100\n|switch|p2b: Alcremie|Alcremie-Rainbow-Swirl, L50, F, shiny|100/100\n|turn|1\n|\n|t:|1776552116\n|detailschange|p1a: Scovillain|Scovillain-Mega, L50, F\n|-mega|p1a: Scovillain|Scovillain|Scovillainite\n|move|p1b: Sableye|Taunt|p2a: Espeon\n|move|p2a: Espeon|Taunt|p1b: Sableye|[from] ability: Magic Bounce\n|-start|p1b: Sableye|move: Taunt\n|move|p2a: Espeon|Calm Mind|p2a: Espeon\n|-boost|p2a: Espeon|spa|1\n|-boost|p2a: Espeon|spd|1\n|move|p1a: Scovillain|Giga Drain|p2a: Espeon\n|-damage|p2a: Espeon|68/100\n|move|p2b: Alcremie|Decorate|p2a: Espeon\n|-boost|p2a: Espeon|atk|2\n|-boost|p2a: Espeon|spa|2\n|\n|upkeep\n|turn|2\n|\n|t:|1776552143\n|move|p1a: Scovillain|Helping Hand|p1b: Sableye\n|-singleturn|p1b: Sableye|Helping Hand|[of] p1a: Scovillain\n|move|p2a: Espeon|Detect|p2a: Espeon\n|-singleturn|p2a: Espeon|Protect\n|move|p2b: Alcremie|Decorate|p2a: Espeon\n|-boost|p2a: Espeon|atk|2\n|-boost|p2a: Espeon|spa|2\n|move|p1b: Sableye|Snarl|p2a: Espeon|[spread] p2b\n|-activate|p2a: Espeon|move: Protect\n|-resisted|p2b: Alcremie|1\n|-damage|p2b: Alcremie|96/100\n|-unboost|p2b: Alcremie|spa|1\n|\n|upkeep\n|turn|3\n|\n|t:|1776552172\n|move|p1a: Scovillain|Rage Powder|p1a: Scovillain\n|-singleturn|p1a: Scovillain|move: Rage Powder\n|move|p2a: Espeon|Baton Pass|p2a: Espeon\n|\n|t:|1776552179\n|switch|p2a: Venusaur|Venusaur, L50, M|100/100|[from] Baton Pass\n|move|p2b: Alcremie|Encore|p1a: Scovillain\n|-start|p1a: Scovillain|Encore\n|move|p1b: Sableye|Snarl|p2a: Venusaur|[spread] p2a,p2b\n|-resisted|p2b: Alcremie|1\n|-crit|p2b: Alcremie\n|-damage|p2a: Venusaur|95/100\n|-damage|p2b: Alcremie|91/100\n|-unboost|p2a: Venusaur|spa|1\n|-unboost|p2b: Alcremie|spa|1\n|\n|upkeep\n|turn|4\n|\n|t:|1776552204\n|switch|p1a: Corviknight|Corviknight, L50, F|100/100\n|move|p2a: Venusaur|Giga Drain|p1b: Sableye\n|-damage|p1b: Sableye|0 fnt\n|-heal|p2a: Venusaur|100/100|[from] drain|[of] p1b: Sableye\n|faint|p1b: Sableye\n|move|p2b: Alcremie|Decorate|p2a: Venusaur\n|-boost|p2a: Venusaur|atk|2\n|-boost|p2a: Venusaur|spa|2\n|\n|upkeep\n|\n|t:|1776552216\n|switch|p1b: Gengar|Gengar, L50, M|100/100\n|turn|5\n|\n|t:|1776552229\n|switch|p2b: Gengar|Gengar, L50, F|100/100\n|move|p1b: Gengar|Shadow Ball|p2a: Venusaur\n|-damage|p2a: Venusaur|73/100\n|-unboost|p2a: Venusaur|spd|1\n|move|p2a: Venusaur|Giga Drain|p1b: Gengar\n|-resisted|p1b: Gengar|1\n|-damage|p1b: Gengar|0 fnt\n|-heal|p2a: Venusaur|100/100|[from] drain|[of] p1b: Gengar\n|-start|p2a: Venusaur|Disable|Giga Drain|[from] ability: Cursed Body|[of] p1b: Gengar\n|faint|p1b: Gengar\n|move|p1a: Corviknight|Tailwind|p1a: Corviknight\n|-sidestart|p1: kickinchicken28|move: Tailwind\n|\n|upkeep\n|c|\u2606kickinchicken28|gg wp\n|-message|kickinchicken28 forfeited.\n|\n|win|p3elz\n|raw|kickinchicken28's rating: 1025 &rarr; <strong>1011</strong><br />(-14 for losing)\n|raw|p3elz's rating: 1031 &rarr; <strong>1066</strong><br />(+35 for winning)\n|l|\u2606kickinchicken28\n|player|p1|\n",
  "uploadtime": 1776552252,
  "views": 11,
  "formatid": "gen9championsvgc2026regma",
  "rating": 1011,
  "private": 0,
  "password": null
}