{
  "id": "gen9championsvgc2026regma-2587635443",
  "format": "[Gen 9 Champions] VGC 2026 Reg M-A",
  "players": [
    "Evil Yarrack",
    "trainer gen5"
  ],
  "log": "|j|\u2606Evil Yarrack\n|j|\u2606trainer gen5\n|t:|1776549024\n|gametype|doubles\n|player|p1|Evil Yarrack|youngster-gen4dp|1417\n|player|p2|trainer gen5|nate|1471\n|gen|9\n|tier|[Gen 9 Champions] VGC 2026 Reg M-A\n|rated|\n|rule|Species Clause: Limit one of each Pok\u00e9mon\n|rule|Item Clause: Limit 1 of each item\n|clearpoke\n|poke|p1|Tyranitar, L50, F|\n|poke|p1|Lycanroc, L50, F|\n|poke|p1|Clawitzer, L50, F|\n|poke|p1|Whimsicott, L50, M|\n|poke|p1|Sinistcha, L50|\n|poke|p1|Corviknight, L50, F|\n|poke|p2|Delphox, L50, F, shiny|\n|poke|p2|Garchomp, L50, F|\n|poke|p2|Sneasler, L50, M|\n|poke|p2|Basculegion, L50, M|\n|poke|p2|Kingambit, L50, M|\n|poke|p2|Whimsicott, L50, F|\n|teampreview|4\n|inactive|Battle timer is ON: inactive players will automatically lose when time's up. (requested by Evil Yarrack)\n|inactive|trainer gen5 has 60 seconds left.\n|\n|t:|1776549071\n|teamsize|p1|4\n|teamsize|p2|4\n|start\n|switch|p1a: Whimsicott|Whimsicott, L50, M|100/100\n|switch|p1b: Tyranitar|Tyranitar, L50, F|100/100\n|switch|p2a: Whimsicott|Whimsicott, L50, F|100/100\n|switch|p2b: Garchomp|Garchomp, L50, F|100/100\n|-weather|Sandstorm|[from] ability: Sand Stream|[of] p1b: Tyranitar\n|turn|1\n|\n|t:|1776549080\n|detailschange|p1b: Tyranitar|Tyranitar-Mega, L50, F\n|-mega|p1b: Tyranitar|Tyranitar|Tyranitarite\n|move|p1a: Whimsicott|Tailwind|p1a: Whimsicott\n|-sidestart|p1: Evil Yarrack|move: Tailwind\n|move|p2a: Whimsicott|Tailwind|p2a: Whimsicott\n|-sidestart|p2: trainer gen5|move: Tailwind\n|move|p2b: Garchomp|Earthquake|p1a: Whimsicott|[spread] p2a,p1a,p1b\n|-resisted|p2a: Whimsicott|1\n|-resisted|p1a: Whimsicott|1\n|-crit|p1a: Whimsicott\n|-supereffective|p1b: Tyranitar|1\n|-damage|p2a: Whimsicott|71/100\n|-damage|p1a: Whimsicott|65/100\n|-damage|p1b: Tyranitar|48/100\n|move|p1b: Tyranitar|Ice Punch|p2b: Garchomp\n|-supereffective|p2b: Garchomp|2\n|-damage|p2b: Garchomp|0 fnt\n|-damage|p1b: Tyranitar|35/100|[from] ability: Rough Skin|[of] p2b: Garchomp\n|faint|p2b: Garchomp\n|\n|-weather|Sandstorm|[upkeep]\n|-damage|p1a: Whimsicott|59/100|[from] Sandstorm\n|-damage|p2a: Whimsicott|65/100|[from] Sandstorm\n|upkeep\n|\n|t:|1776549089\n|switch|p2b: Delphox|Delphox, L50, F, shiny|100/100\n|turn|2\n|\n|t:|1776549106\n|detailschange|p2b: Delphox|Delphox-Mega, L50, F, shiny\n|-mega|p2b: Delphox|Delphox|Delphoxite\n|move|p1a: Whimsicott|Encore|p2a: Whimsicott\n|-start|p2a: Whimsicott|Encore\n|move|p2a: Whimsicott|Tailwind||[still]\n|-fail|p2a: Whimsicott\n|move|p2b: Delphox|Substitute|p2b: Delphox\n|-start|p2b: Delphox|Substitute\n|-damage|p2b: Delphox|76/100\n|move|p1b: Tyranitar|Rock Slide|p2a: Whimsicott|[spread] p2a,p2b\n|-supereffective|p2b: Delphox|1\n|-end|p2b: Delphox|Substitute\n|-damage|p2a: Whimsicott|9/100\n|\n|-weather|Sandstorm|[upkeep]\n|-damage|p2b: Delphox|70/100|[from] Sandstorm\n|-damage|p1a: Whimsicott|53/100|[from] Sandstorm\n|-damage|p2a: Whimsicott|3/100|[from] Sandstorm\n|upkeep\n|turn|3\n|\n|t:|1776549130\n|switch|p2b: Basculegion|Basculegion, L50, M|100/100\n|move|p1a: Whimsicott|Encore||[still]\n|-fail|p1a: Whimsicott\n|move|p2a: Whimsicott|Tailwind||[still]\n|-fail|p2a: Whimsicott\n|move|p1b: Tyranitar|Rock Slide|p2a: Whimsicott|[spread] p2a\n|-miss|p1b: Tyranitar|p2b: Basculegion\n|-damage|p2a: Whimsicott|0 fnt\n|faint|p2a: Whimsicott\n|\n|-weather|Sandstorm|[upkeep]\n|-damage|p2b: Basculegion|94/100|[from] Sandstorm\n|-damage|p1a: Whimsicott|47/100|[from] Sandstorm\n|upkeep\n|\n|t:|1776549134\n|switch|p2a: Delphox|Delphox-Mega, L50, F, shiny|70/100\n|turn|4\n|\n|t:|1776549142\n|move|p2b: Basculegion|Last Respects|p1b: Tyranitar\n|-resisted|p1b: Tyranitar|1\n|-damage|p1b: Tyranitar|5/100\n|move|p2a: Delphox|Heat Wave|p1b: Tyranitar|[spread] p1b\n|-miss|p2a: Delphox|p1a: Whimsicott\n|-resisted|p1b: Tyranitar|1\n|-crit|p1b: Tyranitar\n|-damage|p1b: Tyranitar|0 fnt\n|faint|p1b: Tyranitar\n|move|p1a: Whimsicott|Energy Ball|p2b: Basculegion\n|-supereffective|p2b: Basculegion|1\n|-damage|p2b: Basculegion|32/100\n|-unboost|p2b: Basculegion|spd|1\n|\n|-weather|Sandstorm|[upkeep]\n|-damage|p2b: Basculegion|26/100|[from] Sandstorm\n|-damage|p2a: Delphox|64/100|[from] Sandstorm\n|-damage|p1a: Whimsicott|41/100|[from] Sandstorm\n|-sideend|p2: trainer gen5|move: Tailwind\n|-sideend|p1: Evil Yarrack|move: Tailwind\n|upkeep\n|inactive|Evil Yarrack has 30 seconds left.\n|\n|t:|1776549167\n|switch|p1b: Lycanroc|Lycanroc, L50, F|100/100\n|turn|5\n|\n|t:|1776549182\n|move|p2a: Delphox|Protect|p2a: Delphox\n|-singleturn|p2a: Delphox|Protect\n|move|p1a: Whimsicott|Tailwind|p1a: Whimsicott\n|-sidestart|p1: Evil Yarrack|move: Tailwind\n|move|p1b: Lycanroc|Rock Slide|p2b: Basculegion|[spread] \n|-activate|p2a: Delphox|move: Protect\n|-miss|p1b: Lycanroc|p2b: Basculegion\n|move|p2b: Basculegion|Last Respects|p1a: Whimsicott\n|-damage|p1a: Whimsicott|0 fnt\n|faint|p1a: Whimsicott\n|\n|-weather|none\n|upkeep\n|\n|t:|1776549186\n|switch|p1a: Corviknight|Corviknight, L50, F|100/100\n|turn|6\n|\n|t:|1776549197\n|move|p2a: Delphox|Protect||[still]\n|-fail|p2a: Delphox\n|move|p1b: Lycanroc|Rock Slide|p2b: Basculegion|[spread] p2a,p2b\n|-supereffective|p2a: Delphox|1\n|-damage|p2a: Delphox|0 fnt\n|-damage|p2b: Basculegion|0 fnt\n|faint|p2a: Delphox\n|faint|p2b: Basculegion\n|\n|win|Evil Yarrack\n|raw|Evil Yarrack's rating: 1435 &rarr; <strong>1457</strong><br />(+22 for winning)\n|raw|trainer gen5's rating: 1471 &rarr; <strong>1449</strong><br />(-22 for losing)\n|l|\u2606trainer gen5\n|player|p2|\n",
  "uploadtime": 1776549236,
  "views": 19,
  "formatid": "gen9championsvgc2026regma",
  "rating": 1449,
  "private": 0,
  "password": null
}