{
  "id": "gen9championsvgc2026regma-2587498326",
  "format": "[Gen 9 Champions] VGC 2026 Reg M-A",
  "players": [
    "BearTigerShroom",
    "j0johny"
  ],
  "log": "|j|\u2606BearTigerShroom\n|j|\u2606j0johny\n|t:|1776536925\n|gametype|doubles\n|player|p1|BearTigerShroom|skier|1029\n|player|p2|j0johny|riley|1057\n|gen|9\n|tier|[Gen 9 Champions] VGC 2026 Reg M-A\n|rated|\n|rule|Species Clause: Limit one of each Pok\u00e9mon\n|rule|Item Clause: Limit 1 of each item\n|clearpoke\n|poke|p1|Meowscarada, L50, F|\n|poke|p1|Primarina, L50, F|\n|poke|p1|Gengar, L50, M|\n|poke|p1|Floette-Eternal, L50, F|\n|poke|p1|Incineroar, L50, M|\n|poke|p1|Dragapult, L50, F|\n|poke|p2|Delphox, L50, F|\n|poke|p2|Samurott-Hisui, L50, M, shiny|\n|poke|p2|Whimsicott, L50, F|\n|poke|p2|Excadrill, L50, M|\n|poke|p2|Cofagrigus, L50, M|\n|poke|p2|Sneasler, L50, F|\n|teampreview|4\n|inactive|Battle timer is ON: inactive players will automatically lose when time's up. (requested by j0johny)\n|inactive|j0johny has 60 seconds left.\n|\n|t:|1776536981\n|teamsize|p1|4\n|teamsize|p2|4\n|start\n|switch|p1a: Meowscarada|Meowscarada, L50, F|100/100\n|switch|p1b: Dragapult|Dragapult, L50, F|100/100\n|switch|p2a: Sneasler|Sneasler, L50, F|100/100\n|switch|p2b: Excadrill|Excadrill, L50, M|100/100\n|turn|1\n|\n|t:|1776537000\n|detailschange|p2b: Excadrill|Excadrill-Mega, L50, M\n|-mega|p2b: Excadrill|Excadrill|Excadrite\n|move|p2a: Sneasler|Fake Out|p1a: Meowscarada\n|-damage|p1a: Meowscarada|81/100\n|cant|p1a: Meowscarada|flinch\n|move|p1b: Dragapult|Reflect|p1b: Dragapult\n|-sidestart|p1: BearTigerShroom|Reflect\n|move|p2b: Excadrill|Swords Dance|p2b: Excadrill\n|-boost|p2b: Excadrill|atk|2\n|\n|upkeep\n|turn|2\n|inactive|j0johny has 30 seconds left.\n|\n|t:|1776537025\n|move|p1a: Meowscarada|Brick Break|p2b: Excadrill\n|-start|p1a: Meowscarada|typechange|Fighting|[from] ability: Protean\n|-supereffective|p2b: Excadrill|1\n|-damage|p2b: Excadrill|30/100\n|move|p1b: Dragapult|Psychic Fangs|p2a: Sneasler\n|-supereffective|p2a: Sneasler|2\n|-damage|p2a: Sneasler|0 fnt\n|faint|p2a: Sneasler\n|move|p2b: Excadrill|Iron Head|p1b: Dragapult\n|-damage|p1b: Dragapult|24/100\n|\n|upkeep\n|\n|t:|1776537035\n|switch|p2a: Whimsicott|Whimsicott, L50, F|100/100\n|turn|3\n|\n|t:|1776537045\n|move|p2a: Whimsicott|Tailwind|p2a: Whimsicott\n|-sidestart|p2: j0johny|move: Tailwind\n|move|p2b: Excadrill|Earthquake|p1b: Dragapult|[spread] p2a,p1a,p1b\n|-resisted|p2a: Whimsicott|1\n|-damage|p2a: Whimsicott|41/100\n|-damage|p1a: Meowscarada|0 fnt\n|-damage|p1b: Dragapult|0 fnt\n|faint|p1a: Meowscarada\n|faint|p1b: Dragapult\n|\n|upkeep\n|\n|t:|1776537053\n|switch|p1b: Primarina|Primarina, L50, F|100/100\n|switch|p1a: Gengar|Gengar, L50, M|100/100\n|turn|4\n|\n|t:|1776537061\n|detailschange|p1a: Gengar|Gengar-Mega, L50, M\n|-mega|p1a: Gengar|Gengar|Gengarite\n|move|p2a: Whimsicott|Helping Hand|p2b: Excadrill\n|-singleturn|p2b: Excadrill|Helping Hand|[of] p2a: Whimsicott\n|move|p1a: Gengar|Protect|p1a: Gengar\n|-singleturn|p1a: Gengar|Protect\n|move|p2b: Excadrill|Earthquake|p1b: Primarina|[spread] p2a,p1b\n|-activate|p1a: Gengar|move: Protect\n|-resisted|p2a: Whimsicott|1\n|-damage|p2a: Whimsicott|0 fnt\n|-damage|p1b: Primarina|0 fnt\n|faint|p2a: Whimsicott\n|faint|p1b: Primarina\n|\n|upkeep\n|\n|t:|1776537071\n|switch|p2a: Delphox|Delphox, L50, F|100/100\n|turn|5\n|c|\u2606BearTigerShroom|damn\n|c|\u2606BearTigerShroom|excadrill cracked\n|\n|t:|1776537086\n|move|p1a: Gengar|Protect|p1a: Gengar\n|-singleturn|p1a: Gengar|Protect\n|move|p2a: Delphox|Psychic|p1a: Gengar\n|-activate|p1a: Gengar|move: Protect\n|move|p2b: Excadrill|Earthquake|p1a: Gengar|[spread] p2a\n|-activate|p1a: Gengar|move: Protect\n|-supereffective|p2a: Delphox|1\n|-damage|p2a: Delphox|0 fnt\n|faint|p2a: Delphox\n|\n|-sideend|p1: BearTigerShroom|Reflect\n|upkeep\n|turn|6\n|\n|t:|1776537097\n|move|p1a: Gengar|Protect||[still]\n|-fail|p1a: Gengar\n|move|p2b: Excadrill|Earthquake|p1a: Gengar\n|-supereffective|p1a: Gengar|1\n|-damage|p1a: Gengar|0 fnt\n|faint|p1a: Gengar\n|\n|win|j0johny\n|raw|BearTigerShroom's rating: 1029 &rarr; <strong>1016</strong><br />(-13 for losing)\n|raw|j0johny's rating: 1057 &rarr; <strong>1086</strong><br />(+29 for winning)\n|l|\u2606BearTigerShroom\n|player|p1|\n|c|\u2606j0johny|gg\n",
  "uploadtime": 1776537107,
  "views": 11,
  "formatid": "gen9championsvgc2026regma",
  "rating": 1016,
  "private": 0,
  "password": null
}