{
  "id": "gen9championsvgc2026regma-2584827228",
  "format": "[Gen 9 Champions] VGC 2026 Reg M-A",
  "players": [
    "Barberryfaze",
    "tridean"
  ],
  "log": "|j|\u2606Barberryfaze\n|j|\u2606tridean\n|t:|1776286684\n|gametype|doubles\n|player|p1|Barberryfaze|n|1048\n|player|p2|tridean|sonia-masters|1105\n|gen|9\n|tier|[Gen 9 Champions] VGC 2026 Reg M-A\n|rated|\n|rule|Species Clause: Limit one of each Pok\u00e9mon\n|rule|Item Clause: Limit 1 of each item\n|clearpoke\n|poke|p1|Basculegion, L50, M|\n|poke|p1|Whimsicott, L50, F|\n|poke|p1|Heracross, L50, M|\n|poke|p1|Talonflame, L50, F|\n|poke|p1|Pelipper, L50, M|\n|poke|p1|Medicham, L50, M|\n|poke|p2|Aerodactyl, L50, M|\n|poke|p2|Incineroar, L50, F|\n|poke|p2|Tyranitar, L50, F|\n|poke|p2|Sinistcha, L50|\n|poke|p2|Rotom-Wash, L50|\n|poke|p2|Sneasler, L50, F|\n|teampreview|4\n|\n|t:|1776286708\n|teamsize|p1|4\n|teamsize|p2|4\n|start\n|switch|p1a: Talonflame|Talonflame, L50, F|100/100\n|switch|p1b: Medicham|Medicham, L50, M|100/100\n|switch|p2a: Aerodactyl|Aerodactyl, L50, M|100/100\n|switch|p2b: Sinistcha|Sinistcha, L50|100/100\n|-ability|p2a: Aerodactyl|Unnerve\n|turn|1\n|\n|t:|1776286744\n|switch|p2b: Tyranitar|Tyranitar, L50, F|100/100\n|-weather|Sandstorm|[from] ability: Sand Stream|[of] p2b: Tyranitar\n|move|p1b: Medicham|Fake Out|p2a: Aerodactyl\n|-resisted|p2a: Aerodactyl|1\n|-crit|p2a: Aerodactyl\n|-damage|p2a: Aerodactyl|81/100\n|cant|p2a: Aerodactyl|flinch\n|move|p1a: Talonflame|Flare Blitz|p2b: Tyranitar\n|-resisted|p2b: Tyranitar|1\n|-damage|p2b: Tyranitar|84/100\n|-damage|p1a: Talonflame|93/100|[from] Recoil\n|\n|-weather|Sandstorm|[upkeep]\n|-damage|p1a: Talonflame|87/100|[from] Sandstorm\n|-damage|p1b: Medicham|95/100|[from] Sandstorm\n|upkeep\n|turn|2\n|\n|t:|1776286767\n|switch|p1b: Whimsicott|Whimsicott, L50, F|100/100\n|move|p1a: Talonflame|Protect|p1a: Talonflame\n|-singleturn|p1a: Talonflame|Protect\n|move|p2a: Aerodactyl|Tailwind|p2a: Aerodactyl\n|-sidestart|p2: tridean|move: Tailwind\n|move|p2b: Tyranitar|Rock Slide|p1b: Whimsicott|[spread] p1b\n|-activate|p1a: Talonflame|move: Protect\n|-damage|p1b: Whimsicott|65/100\n|\n|-weather|Sandstorm|[upkeep]\n|-damage|p1a: Talonflame|81/100|[from] Sandstorm\n|-damage|p1b: Whimsicott|59/100|[from] Sandstorm\n|upkeep\n|turn|3\n|\n|t:|1776286795\n|switch|p1a: Heracross|Heracross, L50, M|100/100\n|detailschange|p2b: Tyranitar|Tyranitar-Mega, L50, F\n|-mega|p2b: Tyranitar|Tyranitar|Tyranitarite\n|move|p1b: Whimsicott|Tailwind|p1b: Whimsicott\n|-sidestart|p1: Barberryfaze|move: Tailwind\n|move|p2a: Aerodactyl|Dual Wingbeat|p1b: Whimsicott\n|-supereffective|p1b: Whimsicott|1\n|-damage|p1b: Whimsicott|22/100\n|-supereffective|p1b: Whimsicott|1\n|-crit|p1b: Whimsicott\n|-damage|p1b: Whimsicott|0 fnt\n|faint|p1b: Whimsicott\n|-hitcount|p1: Whimsicott|2\n|move|p2b: Tyranitar|Rock Slide|p1a: Heracross\n|-damage|p1a: Heracross|22/100\n|\n|-weather|Sandstorm|[upkeep]\n|-damage|p1a: Heracross|16/100|[from] Sandstorm\n|upkeep\n|\n|t:|1776286799\n|switch|p1b: Medicham|Medicham, L50, M|95/100\n|turn|4\n|\n|t:|1776286840\n|detailschange|p1a: Heracross|Heracross-Mega, L50, M\n|-mega|p1a: Heracross|Heracross|Heracronite\n|move|p1a: Heracross|Protect|p1a: Heracross\n|-singleturn|p1a: Heracross|Protect\n|move|p1b: Medicham|Bullet Punch|p2a: Aerodactyl\n|-supereffective|p2a: Aerodactyl|1\n|-damage|p2a: Aerodactyl|29/100\n|move|p2a: Aerodactyl|Dual Wingbeat|p1b: Medicham\n|-supereffective|p1b: Medicham|1\n|-damage|p1b: Medicham|48/100\n|-supereffective|p1b: Medicham|1\n|-damage|p1b: Medicham|0 fnt\n|faint|p1b: Medicham\n|-hitcount|p1: Medicham|2\n|move|p2b: Tyranitar|Rock Slide|p1a: Heracross\n|-activate|p1a: Heracross|move: Protect\n|\n|-weather|Sandstorm|[upkeep]\n|-damage|p1a: Heracross|11/100|[from] Sandstorm\n|upkeep\n|\n|t:|1776286842\n|switch|p1b: Talonflame|Talonflame, L50, F|81/100\n|turn|5\n|\n|t:|1776286878\n|move|p2a: Aerodactyl|Dual Wingbeat|p1a: Heracross\n|-supereffective|p1a: Heracross|2\n|-damage|p1a: Heracross|0 fnt\n|faint|p1a: Heracross\n|-hitcount|p1: Heracross|1\n|move|p1b: Talonflame|Flare Blitz|p2a: Aerodactyl\n|-resisted|p2a: Aerodactyl|1\n|-damage|p2a: Aerodactyl|0 fnt\n|faint|p2a: Aerodactyl\n|-damage|p1b: Talonflame|71/100|[from] Recoil\n|move|p2b: Tyranitar|Rock Slide|p1b: Talonflame\n|-supereffective|p1b: Talonflame|2\n|-enditem|p1b: Talonflame|Charti Berry|[eat]\n|-enditem|p1b: Talonflame|Charti Berry|[weaken]\n|-damage|p1b: Talonflame|0 fnt\n|faint|p1b: Talonflame\n|\n|win|tridean\n|raw|Barberryfaze's rating: 1048 &rarr; <strong>1034</strong><br />(-14 for losing)\n|raw|tridean's rating: 1105 &rarr; <strong>1126</strong><br />(+21 for winning)\n|l|\u2606Barberryfaze\n|player|p1|\n",
  "uploadtime": 1776286896,
  "views": 34,
  "formatid": "gen9championsvgc2026regma",
  "rating": 1034,
  "private": 0,
  "password": null
}