{
  "id": "gen9championsvgc2026regma-2583397147",
  "format": "[Gen 9 Champions] VGC 2026 Reg M-A",
  "players": [
    "Barber1",
    "xfggv5"
  ],
  "log": "|j|\u2606Barber1\n|j|\u2606xfggv5\n|t:|1776172851\n|gametype|doubles\n|player|p1|Barber1|cynthia-gen4|1238\n|player|p2|xfggv5|102|1276\n|gen|9\n|tier|[Gen 9 Champions] VGC 2026 Reg M-A\n|rated|\n|rule|Species Clause: Limit one of each Pok\u00e9mon\n|rule|Item Clause: Limit 1 of each item\n|clearpoke\n|poke|p1|Floette-Eternal, L50, F|\n|poke|p1|Sneasler, L50, F|\n|poke|p1|Aerodactyl, L50, F|\n|poke|p1|Delphox, L50, M|\n|poke|p1|Kingambit, L50, M|\n|poke|p1|Garchomp, L50, M|\n|poke|p2|Tyranitar, L50, F|\n|poke|p2|Incineroar, L50, M|\n|poke|p2|Gengar, L50, M|\n|poke|p2|Kingambit, L50, F|\n|poke|p2|Kommo-o, L50, F|\n|poke|p2|Sinistcha, L50|\n|teampreview|4\n|inactive|Battle timer is ON: inactive players will automatically lose when time's up. (requested by Barber1)\n|inactive|Barber1 has 60 seconds left.\nxfggv5 rejected open team sheets.\n|\n|t:|1776172903\n|teamsize|p1|4\n|teamsize|p2|4\n|start\n|switch|p1a: Floette|Floette-Eternal, L50, F|100/100\n|switch|p1b: Sneasler|Sneasler, L50, F|100/100\n|switch|p2a: Gengar|Gengar, L50, M|100/100\n|switch|p2b: Kommo-o|Kommo-o, L50, F|100/100\n|turn|1\n|\n|t:|1776172928\n|detailschange|p2a: Gengar|Gengar-Mega, L50, M\n|-mega|p2a: Gengar|Gengar|Gengarite\n|detailschange|p1a: Floette|Floette-Mega, L50, F\n|-mega|p1a: Floette|Floette|Floettite\n|-ability|p1a: Floette|Fairy Aura\n|move|p2b: Kommo-o|Protect|p2b: Kommo-o\n|-singleturn|p2b: Kommo-o|Protect\n|move|p2a: Gengar|Perish Song|p2a: Gengar\n|-start|p1a: Floette|perish3|[silent]\n|-start|p1b: Sneasler|perish3|[silent]\n|-start|p2a: Gengar|perish3|[silent]\n|-immune|p2b: Kommo-o|[from] ability: Soundproof\n|-fieldactivate|move: Perish Song\n|move|p1b: Sneasler|Close Combat|p2b: Kommo-o\n|-activate|p2b: Kommo-o|move: Protect\n|move|p1a: Floette|Dazzling Gleam|p2a: Gengar|[spread] p2a\n|-activate|p2b: Kommo-o|move: Protect\n|-resisted|p2a: Gengar|1\n|-damage|p2a: Gengar|73/100\n|\n|-start|p2a: Gengar|perish3\n|-start|p1b: Sneasler|perish3\n|-start|p1a: Floette|perish3\n|upkeep\n|turn|2\n|\n|t:|1776172949\n|switch|p2b: Incineroar|Incineroar, L50, M|100/100\n|-ability|p2b: Incineroar|Intimidate|boost\n|-unboost|p1a: Floette|atk|1\n|-unboost|p1b: Sneasler|atk|1\n|-enditem|p1b: Sneasler|White Herb\n|-clearnegativeboost|p1b: Sneasler|[silent]\n|move|p2a: Gengar|Protect|p2a: Gengar\n|-singleturn|p2a: Gengar|Protect\n|move|p1b: Sneasler|Dire Claw|p2a: Gengar\n|-activate|p2a: Gengar|move: Protect\n|move|p1a: Floette|Dazzling Gleam|p2a: Gengar|[spread] p2b\n|-activate|p2a: Gengar|move: Protect\n|-damage|p2b: Incineroar|65/100\n|\n|-start|p1b: Sneasler|perish2\n|-start|p2a: Gengar|perish2\n|-start|p1a: Floette|perish2\n|upkeep\n|turn|3\n|\n|t:|1776172965\n|move|p2b: Incineroar|Protect|p2b: Incineroar\n|-singleturn|p2b: Incineroar|Protect\n|move|p1b: Sneasler|Close Combat|p2b: Incineroar\n|-activate|p2b: Incineroar|move: Protect\n|move|p2a: Gengar|Shadow Ball|p1b: Sneasler\n|-damage|p1b: Sneasler|46/100\n|move|p1a: Floette|Dazzling Gleam|p2a: Gengar|[spread] p2a\n|-activate|p2b: Incineroar|move: Protect\n|-resisted|p2a: Gengar|1\n|-damage|p2a: Gengar|47/100\n|\n|-start|p1b: Sneasler|perish1\n|-start|p2a: Gengar|perish1\n|-start|p1a: Floette|perish1\n|upkeep\n|turn|4\n|\n|t:|1776172977\n|switch|p2a: Sinistcha|Sinistcha, L50|100/100\n|-heal|p2b: Incineroar|90/100|[from] ability: Hospitality|[of] p2a: Sinistcha\n|move|p1b: Sneasler|Close Combat|p2b: Incineroar\n|-supereffective|p2b: Incineroar|1\n|-damage|p2b: Incineroar|0 fnt\n|-unboost|p1b: Sneasler|def|1\n|-unboost|p1b: Sneasler|spd|1\n|faint|p2b: Incineroar\n|move|p1a: Floette|Moonblast|p2a: Sinistcha\n|-damage|p2a: Sinistcha|28/100\n|-enditem|p2a: Sinistcha|Sitrus Berry|[eat]\n|-heal|p2a: Sinistcha|52/100|[from] item: Sitrus Berry\n|\n|-start|p1b: Sneasler|perish0\n|-start|p1a: Floette|perish0\n|upkeep\n|faint|p1b: Sneasler\n|faint|p1a: Floette\n|\n|t:|1776172986\n|switch|p1b: Kingambit|Kingambit, L50, M|100/100\n|switch|p1a: Garchomp|Garchomp, L50, M|100/100\n|switch|p2b: Gengar|Gengar-Mega, L50, M|47/100\n|-activate|p1b: Kingambit|ability: Supreme Overlord\n|-start|p1b: Kingambit|fallen2|[silent]\n|turn|5\n|\n|t:|1776173001\n|switch|p2a: Kommo-o|Kommo-o, L50, F|100/100\n|move|p2b: Gengar|Perish Song|p2b: Gengar\n|-start|p1a: Garchomp|perish3|[silent]\n|-start|p1b: Kingambit|perish3|[silent]\n|-immune|p2a: Kommo-o|[from] ability: Soundproof\n|-start|p2b: Gengar|perish3|[silent]\n|-fieldactivate|move: Perish Song\n|move|p1a: Garchomp|Earthquake|p2b: Gengar|[spread] p1b,p2a,p2b\n|-supereffective|p1b: Kingambit|1\n|-crit|p1b: Kingambit\n|-supereffective|p2b: Gengar|1\n|-damage|p1b: Kingambit|23/100\n|-damage|p2a: Kommo-o|65/100\n|-damage|p2b: Gengar|0 fnt\n|faint|p2b: Gengar\n|move|p1b: Kingambit|Iron Head|p2a: Kommo-o\n|-damage|p2a: Kommo-o|12/100\n|\n|-heal|p2a: Kommo-o|18/100|[from] item: Leftovers\n|-start|p1a: Garchomp|perish3\n|-start|p1b: Kingambit|perish3\n|upkeep\n|\n|t:|1776173013\n|switch|p2b: Sinistcha|Sinistcha, L50|52/100\n|-heal|p2a: Kommo-o|43/100|[from] ability: Hospitality|[of] p2b: Sinistcha\n|turn|6\n|\n|t:|1776173029\n|move|p2a: Kommo-o|Protect|p2a: Kommo-o\n|-singleturn|p2a: Kommo-o|Protect\n|move|p2b: Sinistcha|Protect|p2b: Sinistcha\n|-singleturn|p2b: Sinistcha|Protect\n|move|p1a: Garchomp|Dragon Claw|p2a: Kommo-o\n|-activate|p2a: Kommo-o|move: Protect\n|move|p1b: Kingambit|Iron Head|p2b: Sinistcha\n|-activate|p2b: Sinistcha|move: Protect\n|\n|-heal|p2a: Kommo-o|49/100|[from] item: Leftovers\n|-start|p1a: Garchomp|perish2\n|-start|p1b: Kingambit|perish2\n|upkeep\n|turn|7\n|\n|t:|1776173044\n|move|p1a: Garchomp|Dragon Claw|p2a: Kommo-o\n|-supereffective|p2a: Kommo-o|1\n|-damage|p2a: Kommo-o|0 fnt\n|faint|p2a: Kommo-o\n|move|p2b: Sinistcha|Life Dew|p2b: Sinistcha\n|-heal|p2b: Sinistcha|77/100\n|move|p1b: Kingambit|Iron Head|p2b: Sinistcha\n|-damage|p2b: Sinistcha|26/100\n|\n|-start|p1a: Garchomp|perish1\n|-start|p1b: Kingambit|perish1\n|upkeep\n|turn|8\n|\n|t:|1776173054\n|move|p2b: Sinistcha|Protect|p2b: Sinistcha\n|-singleturn|p2b: Sinistcha|Protect\n|move|p1b: Kingambit|Sucker Punch||[still]\n|-fail|p1b: Kingambit\n|move|p1a: Garchomp|Dragon Claw|p2b: Sinistcha\n|-activate|p2b: Sinistcha|move: Protect\n|\n|-start|p1a: Garchomp|perish0\n|-start|p1b: Kingambit|perish0\n|faint|p1a: Garchomp\n|faint|p1b: Kingambit\n|-end|p1b: Kingambit|fallen2|[silent]\n|\n|win|xfggv5\n|raw|Barber1's rating: 1238 &rarr; <strong>1216</strong><br />(-22 for losing)\n|raw|xfggv5's rating: 1276 &rarr; <strong>1298</strong><br />(+22 for winning)\n|l|\u2606xfggv5\n|player|p2|\n",
  "uploadtime": 1776173069,
  "views": 19,
  "formatid": "gen9championsvgc2026regma",
  "rating": 1216,
  "private": 0,
  "password": null
}