{
  "id": "gen9championsvgc2026regma-2588752165",
  "format": "[Gen 9 Champions] VGC 2026 Reg M-A",
  "players": [
    "WolfeisSoHandome",
    "tubbatub"
  ],
  "log": "|j|\u2606WolfeisSoHandome\n|j|\u203dtubbatub\n|t:|1776666129\n|gametype|doubles\n|player|p1|WolfeisSoHandome|101|1114\n|player|p2|tubbatub|fantina|1090\n|gen|9\n|tier|[Gen 9 Champions] VGC 2026 Reg M-A\n|rated|\n|rule|Species Clause: Limit one of each Pok\u00e9mon\n|rule|Item Clause: Limit 1 of each item\n|clearpoke\n|poke|p1|Charizard, L50, F|\n|poke|p1|Scizor, L50, M|\n|poke|p1|Sneasler, L50, F|\n|poke|p1|Incineroar, L50, M|\n|poke|p1|Sinistcha, L50|\n|poke|p1|Milotic, L50, F|\n|poke|p2|Milotic, L50, F|\n|poke|p2|Garchomp, L50, F|\n|poke|p2|Floette-Eternal, L50, F|\n|poke|p2|Whimsicott, L50, F|\n|poke|p2|Incineroar, L50, F|\n|poke|p2|Maushold-Four, L50|\n|teampreview|4\n|inactive|Battle timer is ON: inactive players will automatically lose when time's up. (requested by tubbatub)\n|inactive|WolfeisSoHandome also wants the timer to be on.\n|\n|t:|1776666149\n|teamsize|p1|4\n|teamsize|p2|4\n|start\n|switch|p1a: Charizard|Charizard, L50, F|100/100\n|switch|p1b: Sneasler|Sneasler, L50, F|100/100\n|switch|p2a: Garchomp|Garchomp, L50, F|100/100\n|switch|p2b: Milotic|Milotic, L50, F|100/100\n|turn|1\n|inactive|WolfeisSoHandome has 30 seconds left.\n|inactive|WolfeisSoHandome has 20 seconds left.\n|inactive|WolfeisSoHandome has 15 seconds left.\n|\n|t:|1776666190\n|detailschange|p1a: Charizard|Charizard-Mega-X, L50, F\n|-mega|p1a: Charizard|Charizard|Charizardite X\n|move|p1b: Sneasler|Fake Out|p2a: Garchomp\n|-damage|p2a: Garchomp|86/100\n|-damage|p1b: Sneasler|88/100|[from] ability: Rough Skin|[of] p2a: Garchomp\n|cant|p2a: Garchomp|flinch\n|move|p1a: Charizard|Dragon Dance|p1a: Charizard\n|-boost|p1a: Charizard|atk|1\n|-boost|p1a: Charizard|spe|1\n|move|p2b: Milotic|Icy Wind|p1b: Sneasler|[spread] p1a,p1b\n|-crit|p1a: Charizard\n|-damage|p1a: Charizard|80/100\n|-damage|p1b: Sneasler|74/100\n|-unboost|p1a: Charizard|spe|1\n|-unboost|p1b: Sneasler|spe|1\n|\n|upkeep\n|turn|2\n|inactive|WolfeisSoHandome has 30 seconds left.\n|inactive|tubbatub has 30 seconds left.\n|inactive|tubbatub has 20 seconds left.\n|inactive|tubbatub has 15 seconds left.\n|inactive|WolfeisSoHandome has 20 seconds left.\n|inactive|tubbatub has 10 seconds left.\n|\n|t:|1776666239\n|switch|p1b: Incineroar|Incineroar, L50, M|100/100\n|-ability|p1b: Incineroar|Intimidate|boost\n|-unboost|p2a: Garchomp|atk|1\n|-unboost|p2b: Milotic|atk|1\n|-ability|p2b: Milotic|Competitive|boost\n|-boost|p2b: Milotic|spa|2\n|move|p1a: Charizard|Protect|p1a: Charizard\n|-singleturn|p1a: Charizard|Protect\n|move|p2a: Garchomp|Stomping Tantrum|p1b: Incineroar\n|-supereffective|p1b: Incineroar|1\n|-enditem|p1b: Incineroar|Shuca Berry|[eat]\n|-enditem|p1b: Incineroar|Shuca Berry|[weaken]\n|-damage|p1b: Incineroar|60/100\n|move|p2b: Milotic|Icy Wind|p1b: Incineroar|[spread] p1b\n|-activate|p1a: Charizard|move: Protect\n|-resisted|p1b: Incineroar|1\n|-damage|p1b: Incineroar|52/100\n|-unboost|p1b: Incineroar|spe|1\n|\n|upkeep\n|turn|3\n|inactive|WolfeisSoHandome has 30 seconds left.\n|inactive|WolfeisSoHandome has 20 seconds left.\n|\n|t:|1776666275\n|move|p1b: Incineroar|Fake Out|p2b: Milotic\n|-damage|p2b: Milotic|89/100\n|move|p2a: Garchomp|Stomping Tantrum|p1a: Charizard\n|-supereffective|p1a: Charizard|1\n|-damage|p1a: Charizard|28/100\n|move|p1a: Charizard|Dragon Claw|p2a: Garchomp\n|-supereffective|p2a: Garchomp|1\n|-damage|p2a: Garchomp|0 fnt\n|-damage|p1a: Charizard|16/100|[from] ability: Rough Skin|[of] p2a: Garchomp\n|faint|p2a: Garchomp\n|cant|p2b: Milotic|flinch\n|\n|-heal|p2b: Milotic|95/100|[from] item: Leftovers\n|upkeep\n|\n|t:|1776666292\n|switch|p2a: Floette|Floette-Eternal, L50, F|100/100\n|turn|4\n|\n|t:|1776666311\n|move|p2a: Floette|Protect|p2a: Floette\n|-singleturn|p2a: Floette|Protect\n|move|p1a: Charizard|Protect|p1a: Charizard\n|-singleturn|p1a: Charizard|Protect\n|move|p2b: Milotic|Scald|p1b: Incineroar\n|-supereffective|p1b: Incineroar|1\n|-crit|p1b: Incineroar\n|-damage|p1b: Incineroar|0 fnt\n|faint|p1b: Incineroar\n|\n|-heal|p2b: Milotic|100/100|[from] item: Leftovers\n|upkeep\n|\n|t:|1776666325\n|switch|p1b: Sinistcha|Sinistcha, L50|100/100\n|-heal|p1a: Charizard|40/100|[from] ability: Hospitality|[of] p1b: Sinistcha\n|turn|5\n|\n|t:|1776666347\n|detailschange|p2a: Floette|Floette-Mega, L50, F\n|-mega|p2a: Floette|Floette|Floettite\n|-ability|p2a: Floette|Fairy Aura\n|move|p1b: Sinistcha|Rage Powder|p1b: Sinistcha\n|-singleturn|p1b: Sinistcha|move: Rage Powder\n|move|p2a: Floette|Moonblast|p1b: Sinistcha\n|-damage|p1b: Sinistcha|12/100\n|-enditem|p1b: Sinistcha|Sitrus Berry|[eat]\n|-heal|p1b: Sinistcha|37/100|[from] item: Sitrus Berry\n|move|p1a: Charizard|Flare Blitz|p2a: Floette\n|-damage|p2a: Floette|0 fnt\n|faint|p2a: Floette\n|-damage|p1a: Charizard|8/100|[from] Recoil\n|move|p2b: Milotic|Icy Wind|p1b: Sinistcha|[spread] p1a,p1b\n|-supereffective|p1b: Sinistcha|1\n|-damage|p1a: Charizard|0 fnt\n|-damage|p1b: Sinistcha|0 fnt\n|faint|p1a: Charizard\n|faint|p1b: Sinistcha\n|\n|upkeep\n|\n|t:|1776666364\n|switch|p2a: Whimsicott|Whimsicott, L50, F|100/100\n|switch|p1b: Sneasler|Sneasler, L50, F|74/100\n|turn|6\n|\n|t:|1776666373\n|move|p1b: Sneasler|Fake Out|p2b: Milotic\n|-damage|p2b: Milotic|87/100\n|move|p2a: Whimsicott|Tailwind|p2a: Whimsicott\n|-sidestart|p2: tubbatub|move: Tailwind\n|cant|p2b: Milotic|flinch\n|\n|-heal|p2b: Milotic|93/100|[from] item: Leftovers\n|upkeep\n|turn|7\n|\n|t:|1776666380\n|move|p2a: Whimsicott|Fake Tears|p1b: Sneasler\n|-unboost|p1b: Sneasler|spd|2\n|move|p2b: Milotic|Scald|p1b: Sneasler\n|-damage|p1b: Sneasler|0 fnt\n|faint|p1b: Sneasler\n|\n|win|tubbatub\n|raw|WolfeisSoHandome's rating: 1114 &rarr; <strong>1087</strong><br />(-27 for losing)\n|raw|tubbatub's rating: 1090 &rarr; <strong>1118</strong><br />(+28 for winning)\n|l|\u2606WolfeisSoHandome\n|player|p1|\n",
  "uploadtime": 1776666387,
  "views": 10,
  "formatid": "gen9championsvgc2026regma",
  "rating": 1087,
  "private": 0,
  "password": null
}