{
  "id": "gen9championsvgc2026regma-2588190763",
  "format": "[Gen 9 Champions] VGC 2026 Reg M-A",
  "players": [
    "magicalarcher57",
    "nicolas rainier"
  ],
  "log": "|j|\u2606magicalarcher57\n|j|\u2606nicolas rainier\n|html|<table width=\"100%\"><tr><td align=\"left\">magicalarcher57</td><td align=\"right\">nicolas rainier</tr><tr><td align=\"left\"><i class=\"fa fa-circle\"></i> <i class=\"fa fa-circle-o\"></i> </td><td align=\"right\"><i class=\"fa fa-circle-o\"></i> <i class=\"fa fa-circle-o\"></i> </tr></table>\n|uhtml|bestof|<h2><strong>Game 2</strong> of <a href=\"/game-bestof3-gen9championsvgc2026regma-2588188237\">a best-of-3</a></h2>\n|t:|1776612970\n|gametype|doubles\n|player|p1|magicalarcher57|valerie|\n|player|p2|nicolas rainier|265|\n|gen|9\n|tier|[Gen 9 Champions] VGC 2026 Reg M-A\n|rated|Tournament battle\n|rule|Species Clause: Limit one of each Pok\u00e9mon\n|rule|Item Clause: Limit 1 of each item\n|raw|<div class=\"infobox\"><details class=\"readmore\" open><summary><strong>2 custom rules:</strong></summary> Force Open Team Sheets, Best of = 3</details></div>\n|clearpoke\n|poke|p1|Kangaskhan, L50, F, shiny|\n|poke|p1|Farigiraf, L50, F, shiny|\n|poke|p1|Talonflame, L50, M, shiny|\n|poke|p1|Floette-Eternal, L50, F|\n|poke|p1|Sneasler, L50, F, shiny|\n|poke|p1|Basculegion, L50, M|\n|poke|p2|Charizard, L50, M, shiny|\n|poke|p2|Milotic, L50, F, shiny|\n|poke|p2|Sinistcha, L50, shiny|\n|poke|p2|Sneasler, L50, F, shiny|\n|poke|p2|Kingambit, L50, M|\n|poke|p2|Tyranitar, L50, F, shiny|\n|teampreview|4\n|showteam|p1|Kangaskhan||Kangaskhanite|Scrappy|FakeOut,HammerArm,DoubleEdge,Crunch|||F|||50|]Farigiraf||ColburBerry|ArmorTail|ShadowBall,HyperVoice,TrickRoom,Psychic|||F|||50|]Talonflame||SharpBeak|GaleWings|Tailwind,Taunt,Protect,BraveBird|||M|||50|]Floette-Eternal||Floettite|FlowerVeil|Moonblast,LightofRuin,DazzlingGleam,Protect|||F|||50|]Sneasler||FocusSash|Unburden|FakeOut,CloseCombat,DireClaw,Protect|||F|||50|]Basculegion||MysticWater|Adaptability|AquaJet,LastRespects,Protect,WaveCrash|||M|||50|\n|showteam|p2|Charizard||CharizarditeX|Blaze|Roost,DragonDance,FlareBlitz,DragonClaw|||M|||50|]Milotic||LumBerry|Competitive|Recover,Coil,Hypnosis,MuddyWater|||F|||50|]Sinistcha||SitrusBerry|Hospitality|TrickRoom,RagePowder,StrengthSap,MatchaGotcha||||||50|]Sneasler||FocusSash|Unburden|FakeOut,Coaching,DireClaw,CloseCombat|||F|||50|]Kingambit||ChopleBerry|Defiant|Protect,IronHead,SuckerPunch,KowtowCleave|||M|||50|]Tyranitar||Tyranitarite|SandStream|Protect,DragonDance,KnockOff,RockSlide|||F|||50|\n|j| mysticmarshtomp\n|j| takinggaming\n|j| ssuausasj\n|j| Alpharceus\n|\n|t:|1776613013\n|teamsize|p1|4\n|teamsize|p2|4\n|start\n|switch|p1a: Ryoiki Tenkai|Farigiraf, L50, F, shiny|100/100\n|switch|p1b: Kangaskhan|Kangaskhan, L50, F, shiny|100/100\n|switch|p2a: Sinistcha|Sinistcha, L50, shiny|100/100\n|switch|p2b: Sneasler|Sneasler, L50, F, shiny|100/100\n|turn|1\n|\n|t:|1776613032\n|switch|p2b: Kingambit|Kingambit, L50, M|100/100\n|move|p1b: Kangaskhan|Fake Out|p2b: Kingambit\n|-resisted|p2b: Kingambit|1\n|-damage|p2b: Kingambit|93/100\n|move|p2a: Sinistcha|Strength Sap|p1b: Kangaskhan\n|-unboost|p1b: Kangaskhan|atk|1\n|move|p1a: Ryoiki Tenkai|Trick Room|p1a: Ryoiki Tenkai\n|-fieldstart|move: Trick Room|[of] p1a: Ryoiki Tenkai\n|\n|upkeep\n|turn|2\n|\n|t:|1776613050\n|detailschange|p1b: Kangaskhan|Kangaskhan-Mega, L50, F, shiny\n|-mega|p1b: Kangaskhan|Kangaskhan|Kangaskhanite\n|move|p2b: Kingambit|Kowtow Cleave|p1a: Ryoiki Tenkai\n|-supereffective|p1a: Ryoiki Tenkai|1\n|-enditem|p1a: Ryoiki Tenkai|Colbur Berry|[eat]\n|-enditem|p1a: Ryoiki Tenkai|Colbur Berry|[weaken]\n|-damage|p1a: Ryoiki Tenkai|48/100\n|move|p1a: Ryoiki Tenkai|Psychic|p2a: Sinistcha\n|-crit|p2a: Sinistcha\n|-damage|p2a: Sinistcha|26/100\n|-enditem|p2a: Sinistcha|Sitrus Berry|[eat]\n|-heal|p2a: Sinistcha|51/100|[from] item: Sitrus Berry\n|move|p2a: Sinistcha|Matcha Gotcha|p1b: Kangaskhan|[spread] p1a,p1b\n|-damage|p1a: Ryoiki Tenkai|22/100\n|-heal|p2a: Sinistcha|67/100|[from] drain|[of] p1a: Ryoiki Tenkai\n|-damage|p1b: Kangaskhan|79/100\n|-heal|p2a: Sinistcha|80/100|[from] drain|[of] p1b: Kangaskhan\n|move|p1b: Kangaskhan|Crunch|p2a: Sinistcha\n|-supereffective|p2a: Sinistcha|1\n|-damage|p2a: Sinistcha|53/100\n|-supereffective|p2a: Sinistcha|1\n|-damage|p2a: Sinistcha|46/100\n|-hitcount|p2a: Sinistcha|2\n|\n|upkeep\n|turn|3\n|\n|t:|1776613092\n|move|p2b: Kingambit|Iron Head|p1a: Ryoiki Tenkai\n|-damage|p1a: Ryoiki Tenkai|0 fnt\n|faint|p1a: Ryoiki Tenkai\n|move|p2a: Sinistcha|Strength Sap|p1b: Kangaskhan\n|-unboost|p1b: Kangaskhan|atk|1\n|-heal|p2a: Sinistcha|100/100\n|move|p1b: Kangaskhan|Hammer Arm|p2b: Kingambit\n|-supereffective|p2b: Kingambit|2\n|-enditem|p2b: Kingambit|Chople Berry|[eat]\n|-enditem|p2b: Kingambit|Chople Berry|[weaken]\n|-damage|p2b: Kingambit|64/100\n|-unboost|p1b: Kangaskhan|spe|1\n|-supereffective|p2b: Kingambit|2\n|-damage|p2b: Kingambit|50/100\n|-unboost|p1b: Kangaskhan|spe|1\n|-hitcount|p2b: Kingambit|2\n|\n|upkeep\n|\n|t:|1776613096\n|switch|p1a: Basculegion|Basculegion, L50, M|100/100\n|turn|4\n|\n|t:|1776613128\n|move|p2a: Sinistcha|Rage Powder|p2a: Sinistcha\n|-singleturn|p2a: Sinistcha|move: Rage Powder\n|move|p1b: Kangaskhan|Hammer Arm|p2a: Sinistcha\n|-immune|p2a: Sinistcha\n|move|p2b: Kingambit|Kowtow Cleave|p1b: Kangaskhan\n|-damage|p1b: Kangaskhan|39/100\n|move|p1a: Basculegion|Last Respects|p2a: Sinistcha\n|-supereffective|p2a: Sinistcha|1\n|-damage|p2a: Sinistcha|0 fnt\n|faint|p2a: Sinistcha\n|\n|upkeep\n|\n|t:|1776613138\n|switch|p2a: Tyranitar|Tyranitar, L50, F, shiny|100/100\n|-weather|Sandstorm|[from] ability: Sand Stream|[of] p2a: Tyranitar\n|turn|5\n|\n|t:|1776613151\n|detailschange|p2a: Tyranitar|Tyranitar-Mega, L50, F, shiny\n|-mega|p2a: Tyranitar|Tyranitar|Tyranitarite\n|move|p1a: Basculegion|Protect|p1a: Basculegion\n|-singleturn|p1a: Basculegion|Protect\n|move|p1b: Kangaskhan|Hammer Arm|p2b: Kingambit\n|-supereffective|p2b: Kingambit|2\n|-damage|p2b: Kingambit|0 fnt\n|-unboost|p1b: Kangaskhan|spe|1\n|faint|p2b: Kingambit\n|-hitcount|p2: Kingambit|1\n|move|p2a: Tyranitar|Dragon Dance|p2a: Tyranitar\n|-boost|p2a: Tyranitar|atk|1\n|-boost|p2a: Tyranitar|spe|1\n|\n|-weather|Sandstorm|[upkeep]\n|-damage|p1b: Kangaskhan|33/100|[from] Sandstorm\n|-damage|p1a: Basculegion|94/100|[from] Sandstorm\n|-fieldend|move: Trick Room\n|upkeep\n|\n|t:|1776613157\n|switch|p2b: Sneasler|Sneasler, L50, F, shiny|100/100\n|turn|6\n|\n|t:|1776613169\n|switch|p1a: Sneasler|Sneasler, L50, F, shiny|100/100\n|move|p2a: Tyranitar|Rock Slide|p1a: Sneasler|[spread] p1a,p1b\n|-resisted|p1a: Sneasler|1\n|-damage|p1a: Sneasler|60/100\n|-damage|p1b: Kangaskhan|0 fnt\n|faint|p1b: Kangaskhan\n|move|p2b: Sneasler|Coaching|p2a: Tyranitar\n|-boost|p2a: Tyranitar|atk|1\n|-boost|p2a: Tyranitar|def|1\n|\n|-weather|Sandstorm|[upkeep]\n|-damage|p2b: Sneasler|95/100|[from] Sandstorm\n|-damage|p1a: Sneasler|55/100|[from] Sandstorm\n|upkeep\n|\n|t:|1776613174\n|switch|p1b: Basculegion|Basculegion, L50, M|94/100\n|turn|7\n|\n|t:|1776613182\n|move|p2a: Tyranitar|Knock Off|p1b: Basculegion\n|-supereffective|p1b: Basculegion|1\n|-damage|p1b: Basculegion|0 fnt\n|-enditem|p1b: Basculegion|Mystic Water|[from] move: Knock Off|[of] p2a: Tyranitar\n|faint|p1b: Basculegion\n|move|p2b: Sneasler|Coaching|p2a: Tyranitar\n|-boost|p2a: Tyranitar|atk|1\n|-boost|p2a: Tyranitar|def|1\n|move|p1a: Sneasler|Close Combat|p2a: Tyranitar\n|-supereffective|p2a: Tyranitar|2\n|-damage|p2a: Tyranitar|7/100\n|-unboost|p1a: Sneasler|def|1\n|-unboost|p1a: Sneasler|spd|1\n|\n|-weather|Sandstorm|[upkeep]\n|-damage|p2b: Sneasler|89/100|[from] Sandstorm\n|-damage|p1a: Sneasler|49/100|[from] Sandstorm\n|upkeep\n|turn|8\n|-message|magicalarcher57 forfeited.\n|\n|win|nicolas rainier\n",
  "uploadtime": 1776613189,
  "views": 14,
  "formatid": "gen9championsvgc2026regma",
  "rating": null,
  "private": 0,
  "password": null
}