{
  "id": "gen9championsvgc2026regma-2580985387",
  "format": "[Gen 9 Champions] VGC 2026 Reg M-A",
  "players": [
    "Mr.Danil",
    "CowboyMini"
  ],
  "log": "|j|\u2606Mr.Danil\n|j|\u2606CowboyMini\n|html|<table width=\"100%\"><tr><td align=\"left\">Mr.Danil</td><td align=\"right\">CowboyMini</tr><tr><td align=\"left\"><i class=\"fa fa-circle-o\"></i> <i class=\"fa fa-circle-o\"></i> </td><td align=\"right\"><i class=\"fa fa-circle-o\"></i> <i class=\"fa fa-circle-o\"></i> </tr></table>\n|uhtml|bestof|<h2><strong>Game 1</strong> of <a href=\"/game-bestof3-gen9championsvgc2026regma-2580985386\">a best-of-3</a></h2>\n|t:|1775949124\n|gametype|doubles\n|player|p1|Mr.Danil|169|\n|player|p2|CowboyMini|idol|\n|gen|9\n|tier|[Gen 9 Champions] VGC 2026 Reg M-A\n|rule|Species Clause: Limit one of each Pok\u00e9mon\n|rule|Item Clause: Limit 1 of each item\n|raw|<div class=\"infobox\"><details class=\"readmore\" open><summary><strong>1 custom rule:</strong></summary> Best of = 3</details></div>\n|clearpoke\n|poke|p1|Whimsicott, L50, F|\n|poke|p1|Sneasler, L50, F|\n|poke|p1|Primarina, L50, M|\n|poke|p1|Kingambit, L50, M|\n|poke|p1|Farigiraf, L50, F|\n|poke|p1|Chandelure, L50, M|\n|poke|p2|Kangaskhan, L50, F|\n|poke|p2|Sinistcha, L50|\n|poke|p2|Garchomp, L50, M|\n|poke|p2|Rotom-Wash, L50|\n|poke|p2|Lucario, L50, F|\n|poke|p2|Incineroar, L50, F|\n|teampreview|4\nCowboyMini has agreed to open team sheets.\n|\n|t:|1775949170\n|teamsize|p1|4\n|teamsize|p2|4\n|start\n|switch|p1a: Farigiraf|Farigiraf, L50, F|100/100\n|switch|p1b: Sneasler|Sneasler, L50, F|100/100\n|switch|p2a: Rotom-EVIL|Rotom-Wash, L50, shiny|100/100\n|switch|p2b: Big Chomp|Garchomp, L50, M|100/100\n|turn|1\n|\n|t:|1775949190\n|move|p1a: Farigiraf|Helping Hand|p1b: Sneasler\n|-singleturn|p1b: Sneasler|Helping Hand|[of] p1a: Farigiraf\n|move|p2a: Rotom-EVIL|Trick|p1b: Sneasler\n|-activate|p2a: Rotom-EVIL|move: Trick|[of] p1b: Sneasler\n|-item|p1b: Sneasler|Choice Scarf|[from] move: Trick\n|-item|p2a: Rotom-EVIL|White Herb|[from] move: Trick\n|move|p1b: Sneasler|Close Combat|p2a: Rotom-EVIL\n|-damage|p2a: Rotom-EVIL|0 fnt\n|-unboost|p1b: Sneasler|def|1\n|-unboost|p1b: Sneasler|spd|1\n|faint|p2a: Rotom-EVIL\n|move|p2b: Big Chomp|Earthquake|p1a: Farigiraf|[spread] p1a,p1b\n|-supereffective|p1b: Sneasler|1\n|-damage|p1a: Farigiraf|64/100\n|-damage|p1b: Sneasler|0 fnt\n|faint|p1b: Sneasler\n|\n|-heal|p1a: Farigiraf|71/100|[from] item: Leftovers\n|upkeep\n|\n|t:|1775949209\n|switch|p1b: Primarina|Primarina, L50, M, shiny|100/100\n|switch|p2a: Evil Matcha|Sinistcha, L50|100/100\n|turn|2\n|\n|t:|1775949224\n|move|p1a: Farigiraf|Helping Hand|p1b: Primarina\n|-singleturn|p1b: Primarina|Helping Hand|[of] p1a: Farigiraf\n|move|p2b: Big Chomp|Protect|p2b: Big Chomp\n|-singleturn|p2b: Big Chomp|Protect\n|move|p2a: Evil Matcha|Matcha Gotcha|p1b: Primarina|[spread] p1a,p1b\n|-supereffective|p1b: Primarina|1\n|-damage|p1a: Farigiraf|52/100\n|-damage|p1b: Primarina|62/100\n|move|p1b: Primarina|Ice Beam|p2a: Evil Matcha\n|-supereffective|p2a: Evil Matcha|1\n|-damage|p2a: Evil Matcha|22/100\n|\n|-heal|p2a: Evil Matcha|28/100|[from] item: Leftovers\n|-heal|p1a: Farigiraf|58/100|[from] item: Leftovers\n|upkeep\n|turn|3\n|\n|t:|1775949249\n|move|p1b: Primarina|Protect|p1b: Primarina\n|-singleturn|p1b: Primarina|Protect\n|move|p2b: Big Chomp|Rock Slide|p1a: Farigiraf|[spread] p1a\n|-activate|p1b: Primarina|move: Protect\n|-damage|p1a: Farigiraf|38/100\n|move|p2a: Evil Matcha|Matcha Gotcha|p1b: Primarina|[spread] p1a\n|-activate|p1b: Primarina|move: Protect\n|-damage|p1a: Farigiraf|18/100\n|-heal|p2a: Evil Matcha|41/100|[from] drain|[of] p1a: Farigiraf\n|move|p1a: Farigiraf|Thunderbolt|p2a: Evil Matcha\n|-resisted|p2a: Evil Matcha|1\n|-damage|p2a: Evil Matcha|30/100\n|\n|-heal|p2a: Evil Matcha|36/100|[from] item: Leftovers\n|-heal|p1a: Farigiraf|24/100|[from] item: Leftovers\n|upkeep\n|turn|4\n|\n|t:|1775949274\n|move|p1a: Farigiraf|Protect|p1a: Farigiraf\n|-singleturn|p1a: Farigiraf|Protect\n|move|p2b: Big Chomp|Rock Slide|p1a: Farigiraf|[spread] p1b\n|-activate|p1a: Farigiraf|move: Protect\n|-damage|p1b: Primarina|40/100\n|move|p2a: Evil Matcha|Matcha Gotcha|p1a: Farigiraf|[spread] p1b\n|-activate|p1a: Farigiraf|move: Protect\n|-supereffective|p1b: Primarina|1\n|-damage|p1b: Primarina|0 fnt\n|-heal|p2a: Evil Matcha|56/100|[from] drain|[of] p1b: Primarina\n|faint|p1b: Primarina\n|\n|-heal|p2a: Evil Matcha|62/100|[from] item: Leftovers\n|-heal|p1a: Farigiraf|30/100|[from] item: Leftovers\n|upkeep\n|\n|t:|1775949285\n|switch|p1b: Chandelure|Chandelure, L50, M|100/100\n|turn|5\n|\n|t:|1775949298\n|detailschange|p1b: Chandelure|Chandelure-Mega, L50, M\n|-mega|p1b: Chandelure|Chandelure|Chandelurite\n|move|p2a: Evil Matcha|Protect|p2a: Evil Matcha\n|-singleturn|p2a: Evil Matcha|Protect\n|move|p1b: Chandelure|Heat Wave|p2b: Big Chomp|[spread] p2b\n|-activate|p2a: Evil Matcha|move: Protect\n|-resisted|p2b: Big Chomp|1\n|-damage|p2b: Big Chomp|74/100\n|move|p2b: Big Chomp|Earthquake|p1a: Farigiraf|[spread] p1a,p1b\n|-activate|p2a: Evil Matcha|move: Protect\n|-supereffective|p1b: Chandelure|1\n|-damage|p1a: Farigiraf|0 fnt\n|-damage|p1b: Chandelure|0 fnt\n|faint|p1a: Farigiraf\n|faint|p1b: Chandelure\n|\n|win|CowboyMini\n||Mr.Danil is ready for game 2.\n|inactive|CowboyMini has 30 seconds to confirm battle start!\n||CowboyMini is ready for game 2.\n|uhtml|next|Next: <a href=\"/battle-gen9championsvgc2026regma-2580987448\"><strong>Game 2 of 3</strong></a>\n",
  "uploadtime": 1775949949,
  "views": 13,
  "formatid": "gen9championsvgc2026regma",
  "rating": null,
  "private": 0,
  "password": null
}