{
  "id": "gen9championsvgc2026regma-2588148486",
  "format": "[Gen 9 Champions] VGC 2026 Reg M-A",
  "players": [
    "Dinz77",
    "SayyyCheese"
  ],
  "log": "|j|\u2606Dinz77\n|j|\u2606SayyyCheese\n|t:|1776609178\n|gametype|doubles\n|player|p1|Dinz77|2|1197\n|player|p2|SayyyCheese|170|1120\n|gen|9\n|tier|[Gen 9 Champions] VGC 2026 Reg M-A\n|rated|\n|rule|Species Clause: Limit one of each Pok\u00e9mon\n|rule|Item Clause: Limit 1 of each item\n|clearpoke\n|poke|p1|Heracross, L50, F|\n|poke|p1|Whimsicott, L50, F|\n|poke|p1|Politoed, L50, F|\n|poke|p1|Basculegion, L50, M|\n|poke|p1|Incineroar, L50, F|\n|poke|p1|Archaludon, L50, M|\n|poke|p2|Torkoal, L50, M|\n|poke|p2|Farigiraf, L50, M|\n|poke|p2|Oranguru, L50, M|\n|poke|p2|Golurk, L50|\n|poke|p2|Sinistcha, L50|\n|poke|p2|Hatterene, L50, F, shiny|\n|teampreview|4\nDinz77 has agreed to open team sheets.\n|inactive|Battle timer is ON: inactive players will automatically lose when time's up. (requested by SayyyCheese)\n|inactive|Dinz77 has 60 seconds left.\n|\n|t:|1776609226\n|teamsize|p1|4\n|teamsize|p2|4\n|start\n|switch|p1a: Incineroar|Incineroar, L50, F|100/100\n|switch|p1b: Heracross|Heracross, L50, F|100/100\n|switch|p2a: Farigiraf|Farigiraf, L50, M|100/100\n|switch|p2b: Oranguru|Oranguru, L50, M|100/100\n|-ability|p1a: Incineroar|Intimidate|boost\n|-unboost|p2a: Farigiraf|atk|1\n|-unboost|p2b: Oranguru|atk|1\n|turn|1\n|inactive|Dinz77 has 30 seconds left.\n|inactive|Dinz77 has 20 seconds left.\n|inactive|Dinz77 has 15 seconds left.\n|\n|t:|1776609271\n|detailschange|p1b: Heracross|Heracross-Mega, L50, F\n|-mega|p1b: Heracross|Heracross|Heracronite\n|move|p1b: Heracross|Pin Missile|p2a: Farigiraf\n|-supereffective|p2a: Farigiraf|1\n|-damage|p2a: Farigiraf|58/100\n|-supereffective|p2a: Farigiraf|1\n|-damage|p2a: Farigiraf|20/100\n|-enditem|p2a: Farigiraf|Sitrus Berry|[eat]\n|-heal|p2a: Farigiraf|45/100|[from] item: Sitrus Berry\n|-supereffective|p2a: Farigiraf|1\n|-damage|p2a: Farigiraf|2/100\n|-supereffective|p2a: Farigiraf|1\n|-damage|p2a: Farigiraf|0 fnt\n|faint|p2a: Farigiraf\n|-hitcount|p2: Farigiraf|4\n|move|p1a: Incineroar|Throat Chop|p2b: Oranguru\n|-supereffective|p2b: Oranguru|1\n|-damage|p2b: Oranguru|58/100\n|-start|p2b: Oranguru|Throat Chop|[silent]\n|move|p2b: Oranguru|Trick Room|p2b: Oranguru\n|-fieldstart|move: Trick Room|[of] p2b: Oranguru\n|\n|upkeep\n|\n|t:|1776609286\n|switch|p2a: Golurk|Golurk, L50|100/100\n|turn|2\n|inactive|Dinz77 has 30 seconds left.\n|\n|t:|1776609311\n|detailschange|p2a: Golurk|Golurk-Mega, L50\n|-mega|p2a: Golurk|Golurk|Golurkite\n|move|p1b: Heracross|Detect|p1b: Heracross\n|-singleturn|p1b: Heracross|Protect\n|move|p2a: Golurk|Headlong Rush|p1a: Incineroar\n|-supereffective|p1a: Incineroar|1\n|-damage|p1a: Incineroar|0 fnt\n|-unboost|p2a: Golurk|def|1\n|-unboost|p2a: Golurk|spd|1\n|faint|p1a: Incineroar\n|move|p2b: Oranguru|Instruct|p2a: Golurk\n|-singleturn|p2a: Golurk|move: Instruct|[of] p2b: Oranguru\n|move|p2a: Golurk|Headlong Rush|p1b: Heracross\n|-resisted|p1b: Heracross|1\n|-ability|p2a: Golurk|Unseen Fist\n|-zbroken|p1b: Heracross\n|-damage|p1b: Heracross|90/100\n|-unboost|p2a: Golurk|def|1\n|-unboost|p2a: Golurk|spd|1\n|\n|-end|p2b: Oranguru|Throat Chop|[silent]\n|upkeep\n|\n|t:|1776609318\n|switch|p1a: Politoed|Politoed, L50, F|100/100\n|-weather|RainDance|[from] ability: Drizzle|[of] p1a: Politoed\n|turn|3\n|inactive|SayyyCheese has 30 seconds left.\n|inactive|Dinz77 has 30 seconds left.\n|\n|t:|1776609351\n|move|p2a: Golurk|Thunder Punch|p1a: Politoed\n|-supereffective|p1a: Politoed|1\n|-damage|p1a: Politoed|45/100\n|move|p2b: Oranguru|Instruct|p2a: Golurk\n|-singleturn|p2a: Golurk|move: Instruct|[of] p2b: Oranguru\n|move|p2a: Golurk|Thunder Punch|p1a: Politoed\n|-supereffective|p1a: Politoed|1\n|-damage|p1a: Politoed|0 fnt\n|faint|p1a: Politoed\n|move|p1b: Heracross|Pin Missile|p2a: Golurk\n|-resisted|p2a: Golurk|1\n|-damage|p2a: Golurk|84/100\n|-resisted|p2a: Golurk|1\n|-damage|p2a: Golurk|67/100\n|-resisted|p2a: Golurk|1\n|-damage|p2a: Golurk|49/100\n|-resisted|p2a: Golurk|1\n|-damage|p2a: Golurk|32/100\n|-resisted|p2a: Golurk|1\n|-damage|p2a: Golurk|17/100\n|-hitcount|p2a: Golurk|5\n|\n|-weather|RainDance|[upkeep]\n|upkeep\n|\n|t:|1776609358\n|switch|p1a: Basculegion|Basculegion, L50, M|100/100\n|turn|4\n|\n|t:|1776609374\n|move|p1a: Basculegion|Aqua Jet|p2a: Golurk\n|-supereffective|p2a: Golurk|1\n|-damage|p2a: Golurk|0 fnt\n|faint|p2a: Golurk\n|move|p2b: Oranguru|Instruct|p2: Golurk|[notarget]\n|-fail|p2b: Oranguru\n|move|p1b: Heracross|Pin Missile|p2b: Oranguru\n|-supereffective|p2b: Oranguru|1\n|-damage|p2b: Oranguru|30/100\n|-supereffective|p2b: Oranguru|1\n|-damage|p2b: Oranguru|2/100\n|-supereffective|p2b: Oranguru|1\n|-damage|p2b: Oranguru|0 fnt\n|faint|p2b: Oranguru\n|-hitcount|p2: Oranguru|3\n|\n|-weather|RainDance|[upkeep]\n|upkeep\n|\n|t:|1776609377\n|switch|p2b: Torkoal|Torkoal, L50, M|100/100\n|-weather|SunnyDay|[from] ability: Drought|[of] p2b: Torkoal\n|turn|5\n|\n|t:|1776609389\n|move|p1a: Basculegion|Aqua Jet|p2b: Torkoal\n|-supereffective|p2b: Torkoal|1\n|-damage|p2b: Torkoal|82/100\n|move|p2b: Torkoal|Eruption|p1a: Basculegion|[spread] p1a,p1b\n|-resisted|p1a: Basculegion|1\n|-supereffective|p1b: Heracross|1\n|-damage|p1a: Basculegion|62/100\n|-damage|p1b: Heracross|0 fnt\n|faint|p1b: Heracross\n|\n|-weather|SunnyDay|[upkeep]\n|-fieldend|move: Trick Room\n|upkeep\n|turn|6\n|\n|t:|1776609402\n|move|p1a: Basculegion|Aqua Jet|p2b: Torkoal\n|-supereffective|p2b: Torkoal|1\n|-damage|p2b: Torkoal|62/100\n|move|p2b: Torkoal|Earth Power|p1a: Basculegion\n|-damage|p1a: Basculegion|34/100\n|\n|-weather|SunnyDay|[upkeep]\n|upkeep\n|turn|7\n|\n|t:|1776609411\n|move|p1a: Basculegion|Aqua Jet|p2b: Torkoal\n|-supereffective|p2b: Torkoal|1\n|-damage|p2b: Torkoal|42/100\n|move|p2b: Torkoal|Earth Power|p1a: Basculegion\n|-damage|p1a: Basculegion|4/100\n|\n|-weather|SunnyDay|[upkeep]\n|upkeep\n|turn|8\n|\n|t:|1776609418\n|move|p1a: Basculegion|Aqua Jet|p2b: Torkoal\n|-supereffective|p2b: Torkoal|1\n|-damage|p2b: Torkoal|24/100\n|move|p2b: Torkoal|Earth Power|p1a: Basculegion\n|-damage|p1a: Basculegion|0 fnt\n|faint|p1a: Basculegion\n|\n|win|SayyyCheese\n|raw|Dinz77's rating: 1197 &rarr; <strong>1167</strong><br />(-30 for losing)\n|raw|SayyyCheese's rating: 1120 &rarr; <strong>1150</strong><br />(+30 for winning)\n|c|\u2606Dinz77|gg\n",
  "uploadtime": 1776609425,
  "views": 16,
  "formatid": "gen9championsvgc2026regma",
  "rating": 1150,
  "private": 0,
  "password": null
}