{
  "id": "gen9championsvgc2026regma-2585341428",
  "format": "[Gen 9 Champions] VGC 2026 Reg M-A",
  "players": [
    "Biff6",
    "thatsaltyguy"
  ],
  "log": "|j|\u2606Biff6\n|j|\u2606thatsaltyguy\n|t:|1776339519\n|gametype|doubles\n|player|p1|Biff6|backpacker|1124\n|player|p2|thatsaltyguy|266|1163\n|gen|9\n|tier|[Gen 9 Champions] VGC 2026 Reg M-A\n|rated|\n|rule|Species Clause: Limit one of each Pok\u00e9mon\n|rule|Item Clause: Limit 1 of each item\n|clearpoke\n|poke|p1|Scizor, L50, M|\n|poke|p1|Sinistcha, L50|\n|poke|p1|Ninetales-Alola, L50, M|\n|poke|p1|Incineroar, L50, F|\n|poke|p1|Basculegion, L50, M|\n|poke|p1|Kommo-o, L50, M|\n|poke|p2|Oranguru, L50, F|\n|poke|p2|Crabominable, L50, M|\n|poke|p2|Sinistcha, L50|\n|poke|p2|Incineroar, L50, F|\n|poke|p2|Rhyperior, L50, F|\n|poke|p2|Slowking, L50, F|\n|teampreview|4\n|inactive|Battle timer is ON: inactive players will automatically lose when time's up. (requested by thatsaltyguy)\n|\n|t:|1776339561\n|teamsize|p1|4\n|teamsize|p2|4\n|start\n|switch|p1a: Incineroar|Incineroar, L50, F|100/100\n|switch|p1b: Scizor|Scizor, L50, M|100/100\n|switch|p2a: Crabominable|Crabominable, L50, M, shiny|100/100\n|switch|p2b: Slowking|Slowking, L50, F, shiny|100/100\n|-ability|p1a: Incineroar|Intimidate|boost\n|-fail|p2a: Crabominable|unboost|Attack|[from] ability: Hyper Cutter|[of] p2a: Crabominable\n|-unboost|p2b: Slowking|atk|1\n|turn|1\n|\n|t:|1776339581\n|switch|p2b: Incineroar|Incineroar, L50, F, shiny|100/100\n|-ability|p2b: Incineroar|Intimidate|boost\n|-unboost|p1a: Incineroar|atk|1\n|-unboost|p1b: Scizor|atk|1\n|detailschange|p1b: Scizor|Scizor-Mega, L50, M\n|-mega|p1b: Scizor|Scizor|Scizorite\n|detailschange|p2a: Crabominable|Crabominable-Mega, L50, M, shiny\n|-mega|p2a: Crabominable|Crabominable|Crabominite\n|move|p1a: Incineroar|Fake Out|p2b: Incineroar\n|-damage|p2b: Incineroar|95/100\n|move|p1b: Scizor|Bullet Punch|p2a: Crabominable\n|-supereffective|p2a: Crabominable|1\n|-damage|p2a: Crabominable|64/100\n|move|p2a: Crabominable|Drain Punch|p1a: Incineroar\n|-supereffective|p1a: Incineroar|1\n|-damage|p1a: Incineroar|15/100\n|-heal|p2a: Crabominable|100/100|[from] drain|[of] p1a: Incineroar\n|-enditem|p1a: Incineroar|Sitrus Berry|[eat]\n|-heal|p1a: Incineroar|40/100|[from] item: Sitrus Berry\n|\n|upkeep\n|turn|2\n|inactive|Biff6 has 30 seconds left.\n|inactive|thatsaltyguy has 30 seconds left.\n|inactive|Biff6 has 20 seconds left.\n|inactive|Biff6 has 15 seconds left.\n|\n|t:|1776339622\n|switch|p1b: Sinistcha|Sinistcha, L50|100/100\n|-heal|p1a: Incineroar|65/100|[from] ability: Hospitality|[of] p1b: Sinistcha\n|move|p1a: Incineroar|Flare Blitz|p2a: Crabominable\n|-supereffective|p2a: Crabominable|1\n|-damage|p2a: Crabominable|55/100\n|-damage|p1a: Incineroar|50/100|[from] Recoil\n|move|p2b: Incineroar|Parting Shot|p1b: Sinistcha\n|-unboost|p1b: Sinistcha|atk|1\n|-unboost|p1b: Sinistcha|spa|1\n|\n|t:|1776339633\n|switch|p2b: Slowking|Slowking, L50, F, shiny|100/100|[from] Parting Shot\n|move|p2a: Crabominable|Drain Punch|p1a: Incineroar\n|-supereffective|p1a: Incineroar|1\n|-damage|p1a: Incineroar|0 fnt\n|-heal|p2a: Crabominable|80/100|[from] drain|[of] p1a: Incineroar\n|faint|p1a: Incineroar\n|\n|upkeep\n|\n|t:|1776339644\n|switch|p1a: Scizor|Scizor-Mega, L50, M|100/100\n|turn|3\n|inactive|Biff6 has 30 seconds left.\n|\n|t:|1776339669\n|move|p1b: Sinistcha|Rage Powder|p1b: Sinistcha\n|-singleturn|p1b: Sinistcha|move: Rage Powder\n|move|p1a: Scizor|Swords Dance|p1a: Scizor\n|-boost|p1a: Scizor|atk|2\n|move|p2a: Crabominable|Ice Hammer|p1b: Sinistcha\n|-supereffective|p1b: Sinistcha|1\n|-crit|p1b: Sinistcha\n|-damage|p1b: Sinistcha|0 fnt\n|-unboost|p2a: Crabominable|spe|1\n|faint|p1b: Sinistcha\n|move|p2b: Slowking|Trick Room|p2b: Slowking\n|-fieldstart|move: Trick Room|[of] p2b: Slowking\n|\n|upkeep\n|\n|t:|1776339680\n|switch|p1b: Basculegion|Basculegion, L50, M|100/100\n|turn|4\n|\n|t:|1776339698\n|move|p2a: Crabominable|Protect|p2a: Crabominable\n|-singleturn|p2a: Crabominable|Protect\n|move|p1a: Scizor|Bullet Punch|p2a: Crabominable\n|-activate|p2a: Crabominable|move: Protect\n|-prepare|p2b: Slowking|Chilly Reception|[premajor]\n|move|p2b: Slowking|Chilly Reception|p2b: Slowking\n|-weather|Snowscape\n|\n|t:|1776339705\n|switch|p2b: Incineroar|Incineroar, L50, F, shiny|95/100|[from] Chilly Reception\n|-ability|p2b: Incineroar|Intimidate|boost\n|-unboost|p1a: Scizor|atk|1\n|-unboost|p1b: Basculegion|atk|1\n|move|p1b: Basculegion|Last Respects|p2a: Crabominable\n|-activate|p2a: Crabominable|move: Protect\n|\n|-weather|Snowscape|[upkeep]\n|upkeep\n|turn|5\n|\n|t:|1776339725\n|move|p1a: Scizor|Protect|p1a: Scizor\n|-singleturn|p1a: Scizor|Protect\n|move|p2a: Crabominable|Drain Punch|p1a: Scizor\n|-activate|p1a: Scizor|move: Protect\n|move|p2b: Incineroar|Will-O-Wisp|p1b: Basculegion\n|-status|p1b: Basculegion|brn\n|move|p1b: Basculegion|Last Respects|p2a: Crabominable\n|-damage|p2a: Crabominable|64/100\n|\n|-weather|Snowscape|[upkeep]\n|-damage|p1b: Basculegion|94/100 brn|[from] brn\n|upkeep\n|turn|6\n|\n|t:|1776339746\n|move|p1a: Scizor|Bullet Punch|p2a: Crabominable\n|-supereffective|p2a: Crabominable|1\n|-damage|p2a: Crabominable|11/100\n|move|p2a: Crabominable|Thunder Punch|p1b: Basculegion\n|-supereffective|p1b: Basculegion|1\n|-damage|p1b: Basculegion|0 fnt\n|faint|p1b: Basculegion\n|move|p2b: Incineroar|Flare Blitz|p1a: Scizor\n|-supereffective|p1a: Scizor|2\n|-damage|p1a: Scizor|0 fnt\n|faint|p1a: Scizor\n|-damage|p2b: Incineroar|66/100|[from] Recoil\n|\n|win|thatsaltyguy\n|raw|Biff6's rating: 1124 &rarr; <strong>1102</strong><br />(-22 for losing)\n|raw|thatsaltyguy's rating: 1163 &rarr; <strong>1185</strong><br />(+22 for winning)\n",
  "uploadtime": 1776339763,
  "views": 34,
  "formatid": "gen9championsvgc2026regma",
  "rating": 1102,
  "private": 0,
  "password": null
}