{
  "id": "gen9championsvgc2026regma-2581448626",
  "format": "[Gen 9 Champions] VGC 2026 Reg M-A",
  "players": [
    "THETIMEGOINGBY",
    "sjysjy"
  ],
  "log": "|j|\u203dTHETIMEGOINGBY\n|j|\u2606sjysjy\n|t:|1776001453\n|gametype|doubles\n|player|p1|THETIMEGOINGBY|2|1467\n|player|p2|sjysjy|265|1411\n|gen|9\n|tier|[Gen 9 Champions] VGC 2026 Reg M-A\n|rated|\n|rule|Species Clause: Limit one of each Pok\u00e9mon\n|rule|Item Clause: Limit 1 of each item\n|clearpoke\n|poke|p1|Sableye, L50, M|\n|poke|p1|Meganium, L50, M|\n|poke|p1|Basculegion, L50, M|\n|poke|p1|Archaludon, L50, M|\n|poke|p1|Incineroar, L50, M|\n|poke|p1|Sneasler, L50, F|\n|poke|p2|Charizard, L50, M|\n|poke|p2|Incineroar, L50, F|\n|poke|p2|Whimsicott, L50, F|\n|poke|p2|Garchomp, L50, F|\n|poke|p2|Rotom-Wash, L50|\n|poke|p2|Sneasler, L50, F|\n|teampreview|4\n|inactive|Battle timer is ON: inactive players will automatically lose when time's up. (requested by THETIMEGOINGBY)\n|\n|t:|1776001475\n|teamsize|p1|4\n|teamsize|p2|4\n|start\n|switch|p1a: Sableye|Sableye, L50, M|100/100\n|switch|p1b: Basculegion|Basculegion, L50, M|100/100\n|switch|p2a: Sneasler|Sneasler, L50, F|100/100\n|switch|p2b: Rotom|Rotom-Wash, L50|100/100\n|turn|1\n|inactive|sjysjy has 30 seconds left.\n|\n|t:|1776001500\n|move|p1a: Sableye|Rain Dance|p1a: Sableye\n|-weather|RainDance\n|move|p1b: Basculegion|Wave Crash|p2a: Sneasler\n|-damage|p2a: Sneasler|0 fnt\n|faint|p2a: Sneasler\n|-damage|p1b: Basculegion|74/100|[from] Recoil\n|move|p2b: Rotom|Volt Switch|p1b: Basculegion\n|-supereffective|p1b: Basculegion|1\n|-damage|p1b: Basculegion|0 fnt\n|faint|p1b: Basculegion\n|\n|t:|1776001511\n|switch|p2b: Charizard|Charizard, L50, M|100/100|[from] Volt Switch\n|\n|-weather|RainDance|[upkeep]\n|upkeep\n|\n|t:|1776001516\n|switch|p2a: Whimsicott|Whimsicott, L50, F|100/100\n|switch|p1b: Archaludon|Archaludon, L50, M|100/100\n|turn|2\n|j| Andrey Koitrans\n|inactive|sjysjy has 30 seconds left.\n|\n|t:|1776001547\n|detailschange|p2b: Charizard|Charizard-Mega-Y, L50, M\n|-mega|p2b: Charizard|Charizard|Charizardite Y\n|-weather|SunnyDay|[from] ability: Drought|[of] p2b: Charizard\n|move|p2b: Charizard|Protect|p2b: Charizard\n|-singleturn|p2b: Charizard|Protect\n|move|p1a: Sableye|Rain Dance|p1a: Sableye\n|-weather|RainDance\n|move|p2a: Whimsicott|Moonblast|p1b: Archaludon\n|-damage|p1b: Archaludon|66/100\n|-ability|p1b: Archaludon|Stamina|boost\n|-boost|p1b: Archaludon|def|1\n|move|p1b: Archaludon|Electro Shot||[still]\n|-prepare|p1b: Archaludon|Electro Shot\n|-boost|p1b: Archaludon|spa|1\n|-anim|p1b: Archaludon|Electro Shot|p2b: Charizard\n|-activate|p2b: Charizard|move: Protect\n|\n|-weather|RainDance|[upkeep]\n|-heal|p1b: Archaludon|72/100|[from] item: Leftovers\n|upkeep\n|turn|3\n|inactive|sjysjy has 30 seconds left.\n|inactive|sjysjy has 20 seconds left.\n|inactive|sjysjy has 15 seconds left.\n|\n|t:|1776001588\n|switch|p2b: Rotom|Rotom-Wash, L50|100/100\n|move|p1a: Sableye|Light Screen|p1a: Sableye\n|-sidestart|p1: THETIMEGOINGBY|move: Light Screen\n|move|p2a: Whimsicott|Moonblast|p1b: Archaludon\n|-damage|p1b: Archaludon|51/100\n|-ability|p1b: Archaludon|Stamina|boost\n|-boost|p1b: Archaludon|def|1\n|move|p1b: Archaludon|Electro Shot||[still]\n|-prepare|p1b: Archaludon|Electro Shot\n|-boost|p1b: Archaludon|spa|1\n|-anim|p1b: Archaludon|Electro Shot|p2b: Rotom\n|-damage|p2b: Rotom|27/100\n|\n|-weather|RainDance|[upkeep]\n|-heal|p2b: Rotom|33/100|[from] item: Leftovers\n|-heal|p1b: Archaludon|57/100|[from] item: Leftovers\n|upkeep\n|turn|4\n|inactive|THETIMEGOINGBY has 30 seconds left.\n|\n|t:|1776001614\n|move|p2b: Rotom|Protect|p2b: Rotom\n|-singleturn|p2b: Rotom|Protect\n|move|p2a: Whimsicott|Sunny Day|p2a: Whimsicott\n|-weather|SunnyDay\n|move|p1b: Archaludon|Flash Cannon|p2a: Whimsicott\n|-supereffective|p2a: Whimsicott|1\n|-enditem|p2a: Whimsicott|Focus Sash\n|-damage|p2a: Whimsicott|1/100\n|-unboost|p2a: Whimsicott|spd|1\n|move|p1a: Sableye|Foul Play|p2b: Rotom\n|-activate|p2b: Rotom|move: Protect\n|\n|-weather|SunnyDay|[upkeep]\n|-heal|p2b: Rotom|39/100|[from] item: Leftovers\n|-heal|p1b: Archaludon|64/100|[from] item: Leftovers\n|upkeep\n|turn|5\n|inactive|THETIMEGOINGBY has 30 seconds left.\n|inactive|sjysjy has 30 seconds left.\n|\n|t:|1776001643\n|move|p2a: Whimsicott|Encore|p1b: Archaludon\n|-start|p1b: Archaludon|Encore\n|move|p2b: Rotom|Volt Switch|p1b: Archaludon\n|-resisted|p1b: Archaludon|1\n|-damage|p1b: Archaludon|52/100\n|-ability|p1b: Archaludon|Stamina|boost\n|-boost|p1b: Archaludon|def|1\n|j| bellissimissimi1\n|\n|t:|1776001649\n|switch|p2b: Charizard|Charizard-Mega-Y, L50, M|100/100|[from] Volt Switch\n|move|p1b: Archaludon|Flash Cannon|p2b: Charizard\n|-resisted|p2b: Charizard|1\n|-damage|p2b: Charizard|71/100\n|move|p1a: Sableye|Foul Play|p2b: Charizard\n|-damage|p2b: Charizard|39/100\n|\n|-weather|SunnyDay|[upkeep]\n|-heal|p1b: Archaludon|59/100|[from] item: Leftovers\n|upkeep\n|turn|6\n|j| Robighost\n|\n|t:|1776001672\n|move|p1a: Sableye|Rain Dance|p1a: Sableye\n|-weather|RainDance\n|move|p2a: Whimsicott|Moonblast|p1b: Archaludon\n|-damage|p1b: Archaludon|35/100\n|-ability|p1b: Archaludon|Stamina|boost\n|-boost|p1b: Archaludon|def|1\n|move|p2b: Charizard|Weather Ball|p1b: Archaludon\n|-resisted|p1b: Archaludon|1\n|-damage|p1b: Archaludon|17/100\n|-ability|p1b: Archaludon|Stamina|boost\n|-boost|p1b: Archaludon|def|1\n|move|p1b: Archaludon|Flash Cannon|p2a: Whimsicott\n|-supereffective|p2a: Whimsicott|1\n|-damage|p2a: Whimsicott|0 fnt\n|faint|p2a: Whimsicott\n|\n|-weather|RainDance|[upkeep]\n|-heal|p1b: Archaludon|23/100|[from] item: Leftovers\n|upkeep\n|\n|t:|1776001684\n|switch|p2a: Rotom|Rotom-Wash, L50|39/100\n|turn|7\n|j| crosschampion\n|\n|t:|1776001693\n|switch|p1b: Sneasler|Sneasler, L50, F|100/100\n|move|p2b: Charizard|Weather Ball|p1a: Sableye\n|-damage|p1a: Sableye|55/100\n|move|p2a: Rotom|Hydro Pump|p1b: Sneasler\n|-crit|p1b: Sneasler\n|-damage|p1b: Sneasler|0 fnt\n|faint|p1b: Sneasler\n|move|p1a: Sableye|Foul Play|p2a: Rotom\n|-damage|p2a: Rotom|15/100\n|\n|-weather|RainDance|[upkeep]\n|-heal|p2a: Rotom|21/100|[from] item: Leftovers\n|-sideend|p1: THETIMEGOINGBY|move: Light Screen\n|upkeep\n|\n|t:|1776001706\n|switch|p1b: Archaludon|Archaludon, L50, M|23/100\n|turn|8\n|\n|t:|1776001719\n|move|p1a: Sableye|Quash|p2b: Charizard\n|-activate|p2b: Charizard|move: Quash\n|move|p2a: Rotom|Hydro Pump|p1b: Archaludon\n|-resisted|p1b: Archaludon|1\n|-damage|p1b: Archaludon|0 fnt\n|faint|p1b: Archaludon\n|move|p2b: Charizard|Weather Ball|p1a: Sableye\n|-damage|p1a: Sableye|0 fnt\n|faint|p1a: Sableye\n|\n|win|sjysjy\n|raw|THETIMEGOINGBY's rating: 1467 &rarr; <strong>1444</strong><br />(-23 for losing)\n|raw|sjysjy's rating: 1411 &rarr; <strong>1434</strong><br />(+23 for winning)\n|l|\u203dTHETIMEGOINGBY\n|player|p1|\n|l|\u2606sjysjy\n|player|p2|\n|l| Robighost\n",
  "uploadtime": 1776001749,
  "views": 111,
  "formatid": "gen9championsvgc2026regma",
  "rating": 1434,
  "private": 0,
  "password": null
}