{
  "id": "gen9championsvgc2026regma-2588575037",
  "format": "[Gen 9 Champions] VGC 2026 Reg M-A",
  "players": [
    "boostedvitality",
    "tubbatub"
  ],
  "log": "|j|\u2606boostedvitality\n|j|\u203dtubbatub\n|t:|1776646466\n|gametype|doubles\n|player|p1|boostedvitality|drayden|1037\n|player|p2|tubbatub|fantina|1115\n|gen|9\n|tier|[Gen 9 Champions] VGC 2026 Reg M-A\n|rated|\n|rule|Species Clause: Limit one of each Pok\u00e9mon\n|rule|Item Clause: Limit 1 of each item\n|clearpoke\n|poke|p1|Palafin, L50, F|\n|poke|p1|Espathra, L50, F|\n|poke|p1|Aggron, L50, F|\n|poke|p1|Incineroar, L50, F|\n|poke|p1|Sneasler, L50, M|\n|poke|p1|Slowking-Galar, L50, M|\n|poke|p2|Weavile, L50, M|\n|poke|p2|Garchomp, L50, M|\n|poke|p2|Gardevoir, L50, F|\n|poke|p2|Volcarona, L50, M|\n|poke|p2|Incineroar, L50, F|\n|poke|p2|Starmie, L50|\n|teampreview|4\n|inactive|Battle timer is ON: inactive players will automatically lose when time's up. (requested by tubbatub)\n|inactive|boostedvitality also wants the timer to be on.\nboostedvitality rejected open team sheets.\n|inactive|tubbatub has 60 seconds left.\n|c|\u2606boostedvitality|glhf\n|\n|t:|1776646516\n|teamsize|p1|4\n|teamsize|p2|4\n|start\n|switch|p1a: Can't nerf a god|Incineroar, L50, F|100/100\n|switch|p1b: Funny|Sneasler, L50, M|100/100\n|switch|p2a: Garchomp|Garchomp, L50, M|100/100\n|switch|p2b: Weavile|Weavile, L50, M|100/100\n|-ability|p2b: Weavile|Pressure\n|-ability|p1a: Can't nerf a god|Intimidate|boost\n|-unboost|p2a: Garchomp|atk|1\n|-unboost|p2b: Weavile|atk|1\n|turn|1\n|\n|t:|1776646533\n|move|p1b: Funny|Protect|p1b: Funny\n|-singleturn|p1b: Funny|Protect\n|move|p2b: Weavile|Fake Out|p1a: Can't nerf a god\n|-damage|p1a: Can't nerf a god|92/100\n|cant|p1a: Can't nerf a god|flinch\n|move|p2a: Garchomp|Earthquake|p1b: Funny|[spread] p2b,p1a\n|-activate|p1b: Funny|move: Protect\n|-supereffective|p1a: Can't nerf a god|1\n|-damage|p2b: Weavile|62/100\n|-damage|p1a: Can't nerf a god|50/100\n|\n|upkeep\n|turn|2\n|inactive|tubbatub has 30 seconds left.\n|\n|t:|1776646562\n|move|p2a: Garchomp|Earthquake|p1b: Funny|[spread] p2b,p1a,p1b\n|-supereffective|p1a: Can't nerf a god|1\n|-supereffective|p1b: Funny|1\n|-damage|p2b: Weavile|19/100\n|-damage|p1a: Can't nerf a god|4/100\n|-damage|p1b: Funny|13/100\n|move|p2b: Weavile|Triple Axel|p1b: Funny\n|-damage|p1b: Funny|0 fnt\n|faint|p1b: Funny\n|-hitcount|p1: Funny|1\n|move|p1a: Can't nerf a god|Parting Shot|p2a: Garchomp\n|-unboost|p2a: Garchomp|atk|1\n|-unboost|p2a: Garchomp|spa|1\n|\n|t:|1776646569\n|switch|p1a: BS Ostrich|Espathra, L50, F|100/100|[from] Parting Shot\n|\n|upkeep\n|\n|t:|1776646571\n|switch|p1b: Can't nerf a god|Incineroar, L50, F|4/100\n|-ability|p1b: Can't nerf a god|Intimidate|boost\n|-unboost|p2a: Garchomp|atk|1\n|-unboost|p2b: Weavile|atk|1\n|turn|3\n|\n|t:|1776646587\n|switch|p2a: Volcarona|Volcarona, L50, M|100/100\n|move|p1b: Can't nerf a god|Fake Out|p2a: Volcarona\n|-damage|p2a: Volcarona|88/100\n|move|p2b: Weavile|Brick Break|p1b: Can't nerf a god\n|-supereffective|p1b: Can't nerf a god|1\n|-damage|p1b: Can't nerf a god|0 fnt\n|faint|p1b: Can't nerf a god\n|move|p1a: BS Ostrich|Calm Mind|p1a: BS Ostrich\n|-boost|p1a: BS Ostrich|spa|1\n|-boost|p1a: BS Ostrich|spd|1\n|\n|-ability|p1a: BS Ostrich|Speed Boost|boost\n|-boost|p1a: BS Ostrich|spe|1\n|upkeep\n|\n|t:|1776646592\n|switch|p1b: John Pivot|Slowking-Galar, L50, M|100/100\n|turn|4\n|\n|t:|1776646604\n|move|p1a: BS Ostrich|Dazzling Gleam|p2b: Weavile|[spread] p2a,p2b\n|-resisted|p2a: Volcarona|1\n|-supereffective|p2b: Weavile|1\n|-damage|p2a: Volcarona|74/100\n|-damage|p2b: Weavile|0 fnt\n|faint|p2b: Weavile\n|move|p2a: Volcarona|Struggle Bug|p1a: BS Ostrich|[spread] p1a,p1b\n|-supereffective|p1a: BS Ostrich|1\n|-damage|p1a: BS Ostrich|66/100\n|-damage|p1b: John Pivot|90/100\n|-unboost|p1a: BS Ostrich|spa|1\n|-unboost|p1b: John Pivot|spa|1\n|move|p1b: John Pivot|Future Sight|p2a: Volcarona\n|-start|p1b: John Pivot|move: Future Sight\n|\n|-heal|p1a: BS Ostrich|71/100|[from] item: Leftovers\n|-ability|p1a: BS Ostrich|Speed Boost|boost\n|-boost|p1a: BS Ostrich|spe|1\n|upkeep\n|\n|t:|1776646614\n|switch|p2b: Garchomp|Garchomp, L50, M|100/100\n|turn|5\n|\n|t:|1776646632\n|move|p1a: BS Ostrich|Protect|p1a: BS Ostrich\n|-singleturn|p1a: BS Ostrich|Protect\n|move|p2b: Garchomp|Earthquake|p1b: John Pivot|[spread] p2a,p1b\n|-activate|p1a: BS Ostrich|move: Protect\n|-supereffective|p1b: John Pivot|1\n|-damage|p2a: Volcarona|36/100\n|-damage|p1b: John Pivot|21/100\n|-enditem|p1b: John Pivot|Sitrus Berry|[eat]\n|-heal|p1b: John Pivot|46/100|[from] item: Sitrus Berry\n|move|p2a: Volcarona|Tailwind|p2a: Volcarona\n|-sidestart|p2: tubbatub|move: Tailwind\n|move|p1b: John Pivot|Sludge Wave|p2b: Garchomp|[spread] p2a,p2b\n|-activate|p1a: BS Ostrich|move: Protect\n|-resisted|p2b: Garchomp|1\n|-damage|p2a: Volcarona|20/100\n|-damage|p2b: Garchomp|92/100\n|\n|-heal|p1a: BS Ostrich|77/100|[from] item: Leftovers\n|-ability|p1a: BS Ostrich|Speed Boost|boost\n|-boost|p1a: BS Ostrich|spe|1\n|upkeep\n|turn|6\n|\n|t:|1776646657\n|move|p2a: Volcarona|Rage Powder|p2a: Volcarona\n|-singleturn|p2a: Volcarona|move: Rage Powder\n|move|p2b: Garchomp|Earthquake|p1b: John Pivot|[spread] p2a,p1a,p1b\n|-supereffective|p1b: John Pivot|1\n|-damage|p2a: Volcarona|0 fnt\n|-damage|p1a: BS Ostrich|21/100\n|-damage|p1b: John Pivot|0 fnt\n|faint|p2a: Volcarona\n|faint|p1b: John Pivot\n|move|p1a: BS Ostrich|Stored Power|p2b: Garchomp\n|-damage|p2b: Garchomp|43/100\n|\n|-hint|Future Sight did not hit because the target is fainted.\n|-heal|p1a: BS Ostrich|27/100|[from] item: Leftovers\n|-ability|p1a: BS Ostrich|Speed Boost|boost\n|-boost|p1a: BS Ostrich|spe|1\n|upkeep\n|\n|t:|1776646661\n|switch|p2a: Gardevoir|Gardevoir, L50, F|100/100\n|-ability|p2a: Gardevoir|Speed Boost|Trace|[from] ability: Trace|[of] p1a: BS Ostrich\n|turn|7\n|\n|t:|1776646670\n|detailschange|p2a: Gardevoir|Gardevoir-Mega, L50, F\n|-mega|p2a: Gardevoir|Gardevoir|Gardevoirite\n|move|p1a: BS Ostrich|Protect|p1a: BS Ostrich\n|-singleturn|p1a: BS Ostrich|Protect\n|move|p2b: Garchomp|Earthquake|p1a: BS Ostrich|[spread] p2a\n|-activate|p1a: BS Ostrich|move: Protect\n|-damage|p2a: Gardevoir|36/100\n|move|p2a: Gardevoir|Hyper Voice|p1a: BS Ostrich\n|-activate|p1a: BS Ostrich|move: Protect\n|\n|-heal|p1a: BS Ostrich|33/100|[from] item: Leftovers\n|-ability|p1a: BS Ostrich|Speed Boost|boost\n|-boost|p1a: BS Ostrich|spe|1\n|upkeep\n|turn|8\n|\n|t:|1776646678\n|move|p2a: Gardevoir|Protect|p2a: Gardevoir\n|-singleturn|p2a: Gardevoir|Protect\n|move|p1a: BS Ostrich|Dazzling Gleam|p2b: Garchomp|[spread] p2b\n|-activate|p2a: Gardevoir|move: Protect\n|-supereffective|p2b: Garchomp|1\n|-damage|p2b: Garchomp|4/100\n|move|p2b: Garchomp|Earthquake|p1a: BS Ostrich|[spread] p1a\n|-activate|p2a: Gardevoir|move: Protect\n|-damage|p1a: BS Ostrich|0 fnt\n|faint|p1a: BS Ostrich\n|\n|win|tubbatub\n|raw|boostedvitality's rating: 1037 &rarr; <strong>1025</strong><br />(-12 for losing)\n|raw|tubbatub's rating: 1115 &rarr; <strong>1134</strong><br />(+19 for winning)\n|l|\u2606boostedvitality\n|player|p1|\n",
  "uploadtime": 1776646690,
  "views": 8,
  "formatid": "gen9championsvgc2026regma",
  "rating": 1025,
  "private": 0,
  "password": null
}