{
  "id": "gen9championsvgc2026regma-2586950866",
  "format": "[Gen 9 Champions] VGC 2026 Reg M-A",
  "players": [
    "owex22",
    "yubanmeiqin\u4e24\u4eea\u5f0f"
  ],
  "log": "|j|\u2606owex22\n|j|\u2606yubanmeiqin\u4e24\u4eea\u5f0f\n|t:|1776474889\n|gametype|doubles\n|player|p1|owex22|swimmerf|1391\n|player|p2|yubanmeiqin\u4e24\u4eea\u5f0f|lillie-masters2|1491\n|gen|9\n|tier|[Gen 9 Champions] VGC 2026 Reg M-A\n|rated|\n|rule|Species Clause: Limit one of each Pok\u00e9mon\n|rule|Item Clause: Limit 1 of each item\n|clearpoke\n|poke|p1|Maushold, L50|\n|poke|p1|Farigiraf, L50, M|\n|poke|p1|Jolteon, L50, M|\n|poke|p1|Pelipper, L50, F|\n|poke|p1|Archaludon, L50, F|\n|poke|p1|Golurk, L50|\n|poke|p2|Delphox, L50, F|\n|poke|p2|Venusaur, L50, F|\n|poke|p2|Garchomp, L50, F|\n|poke|p2|Sneasler, L50, F|\n|poke|p2|Rotom-Wash, L50|\n|poke|p2|Clefable, L50, M|\n|teampreview|4\n|inactive|Battle timer is ON: inactive players will automatically lose when time's up. (requested by owex22)\n|\n|t:|1776474917\n|teamsize|p1|4\n|teamsize|p2|4\n|start\n|switch|p1a: Farigiraf|Farigiraf, L50, M|100/100\n|switch|p1b: Pelipper|Pelipper, L50, F|100/100\n|switch|p2a: \u6076\u5146\u4e4b\u82b1 \u547d\u8fd0\u4e4b\u82b1|Venusaur, L50, F, shiny|100/100\n|switch|p2b: \u6211\u662f\u798f\u745e|Clefable, L50, M, shiny|100/100\n|-weather|RainDance|[from] ability: Drizzle|[of] p1b: Pelipper\n|turn|1\n|inactive|yubanmeiqin\u4e24\u4eea\u5f0f has 30 seconds left.\n|\n|t:|1776474943\n|detailschange|p2a: \u6076\u5146\u4e4b\u82b1 \u547d\u8fd0\u4e4b\u82b1|Venusaur-Mega, L50, F, shiny\n|-mega|p2a: \u6076\u5146\u4e4b\u82b1 \u547d\u8fd0\u4e4b\u82b1|Venusaur|Venusaurite\n|move|p2a: \u6076\u5146\u4e4b\u82b1 \u547d\u8fd0\u4e4b\u82b1|Protect|p2a: \u6076\u5146\u4e4b\u82b1 \u547d\u8fd0\u4e4b\u82b1\n|-singleturn|p2a: \u6076\u5146\u4e4b\u82b1 \u547d\u8fd0\u4e4b\u82b1|Protect\n|move|p1b: Pelipper|Hurricane|p2a: \u6076\u5146\u4e4b\u82b1 \u547d\u8fd0\u4e4b\u82b1\n|-activate|p2a: \u6076\u5146\u4e4b\u82b1 \u547d\u8fd0\u4e4b\u82b1|move: Protect\n|move|p2b: \u6211\u662f\u798f\u745e|Moonblast|p1b: Pelipper\n|-damage|p1b: Pelipper|43/100\n|-enditem|p1b: Pelipper|Sitrus Berry|[eat]\n|-heal|p1b: Pelipper|67/100|[from] item: Sitrus Berry\n|move|p1a: Farigiraf|Psychic|p2a: \u6076\u5146\u4e4b\u82b1 \u547d\u8fd0\u4e4b\u82b1\n|-activate|p2a: \u6076\u5146\u4e4b\u82b1 \u547d\u8fd0\u4e4b\u82b1|move: Protect\n|\n|-weather|RainDance|[upkeep]\n|upkeep\n|turn|2\n|\n|t:|1776474966\n|move|p2b: \u6211\u662f\u798f\u745e|Follow Me|p2b: \u6211\u662f\u798f\u745e\n|-singleturn|p2b: \u6211\u662f\u798f\u745e|move: Follow Me\n|move|p2a: \u6076\u5146\u4e4b\u82b1 \u547d\u8fd0\u4e4b\u82b1|Sludge Bomb|p1b: Pelipper\n|-damage|p1b: Pelipper|0 fnt\n|faint|p1b: Pelipper\n|move|p1a: Farigiraf|Psychic|p2b: \u6211\u662f\u798f\u745e\n|-damage|p2b: \u6211\u662f\u798f\u745e|60/100\n|\n|-weather|RainDance|[upkeep]\n|upkeep\n|\n|t:|1776474972\n|switch|p1b: Archaludon|Archaludon, L50, F|100/100\n|turn|3\n|\n|t:|1776474983\n|move|p2b: \u6211\u662f\u798f\u745e|Protect|p2b: \u6211\u662f\u798f\u745e\n|-singleturn|p2b: \u6211\u662f\u798f\u745e|Protect\n|move|p2a: \u6076\u5146\u4e4b\u82b1 \u547d\u8fd0\u4e4b\u82b1|Sludge Bomb|p1a: Farigiraf\n|-damage|p1a: Farigiraf|49/100\n|-status|p1a: Farigiraf|psn\n|move|p1b: Archaludon|Electro Shot||[still]\n|-prepare|p1b: Archaludon|Electro Shot\n|-boost|p1b: Archaludon|spa|1\n|-anim|p1b: Archaludon|Electro Shot|p2b: \u6211\u662f\u798f\u745e\n|-activate|p2b: \u6211\u662f\u798f\u745e|move: Protect\n|move|p1a: Farigiraf|Hyper Voice|p2b: \u6211\u662f\u798f\u745e|[spread] p2a\n|-activate|p2b: \u6211\u662f\u798f\u745e|move: Protect\n|-damage|p2a: \u6076\u5146\u4e4b\u82b1 \u547d\u8fd0\u4e4b\u82b1|70/100\n|\n|-weather|RainDance|[upkeep]\n|-damage|p1a: Farigiraf|37/100 psn|[from] psn\n|upkeep\n|turn|4\n|\n|t:|1776474997\n|move|p2b: \u6211\u662f\u798f\u745e|Follow Me|p2b: \u6211\u662f\u798f\u745e\n|-singleturn|p2b: \u6211\u662f\u798f\u745e|move: Follow Me\n|move|p2a: \u6076\u5146\u4e4b\u82b1 \u547d\u8fd0\u4e4b\u82b1|Sludge Bomb|p1a: Farigiraf\n|-damage|p1a: Farigiraf|0 fnt\n|faint|p1a: Farigiraf\n|move|p1b: Archaludon|Electro Shot||[still]\n|-prepare|p1b: Archaludon|Electro Shot\n|-boost|p1b: Archaludon|spa|1\n|-anim|p1b: Archaludon|Electro Shot|p2b: \u6211\u662f\u798f\u745e\n|-damage|p2b: \u6211\u662f\u798f\u745e|27/100\n|-enditem|p2b: \u6211\u662f\u798f\u745e|Sitrus Berry|[eat]\n|-heal|p2b: \u6211\u662f\u798f\u745e|51/100|[from] item: Sitrus Berry\n|\n|-weather|RainDance|[upkeep]\n|upkeep\n|\n|t:|1776475007\n|switch|p1a: Jolteon|Jolteon, L50, M|100/100\n|turn|5\n|inactive|owex22 has 30 seconds left.\n|\n|t:|1776475032\n|move|p2b: \u6211\u662f\u798f\u745e|Follow Me|p2b: \u6211\u662f\u798f\u745e\n|-singleturn|p2b: \u6211\u662f\u798f\u745e|move: Follow Me\n|move|p1a: Jolteon|Thunder|p2b: \u6211\u662f\u798f\u745e\n|-crit|p2b: \u6211\u662f\u798f\u745e\n|-damage|p2b: \u6211\u662f\u798f\u745e|0 fnt\n|faint|p2b: \u6211\u662f\u798f\u745e\n|move|p2a: \u6076\u5146\u4e4b\u82b1 \u547d\u8fd0\u4e4b\u82b1|Earth Power|p1a: Jolteon\n|-supereffective|p1a: Jolteon|1\n|-damage|p1a: Jolteon|25/100\n|move|p1b: Archaludon|Electro Shot||[still]\n|-prepare|p1b: Archaludon|Electro Shot\n|-boost|p1b: Archaludon|spa|1\n|-anim|p1b: Archaludon|Electro Shot|p2a: \u6076\u5146\u4e4b\u82b1 \u547d\u8fd0\u4e4b\u82b1\n|-resisted|p2a: \u6076\u5146\u4e4b\u82b1 \u547d\u8fd0\u4e4b\u82b1|1\n|-damage|p2a: \u6076\u5146\u4e4b\u82b1 \u547d\u8fd0\u4e4b\u82b1|31/100\n|\n|-weather|none\n|upkeep\n|\n|t:|1776475046\n|switch|p2b: \u804b\uff0c\u53ef\u662f\u5730\u4ea1\u4e4b\u5f81\u554a|Garchomp, L50, F, shiny|100/100\n|turn|6\n|\n|t:|1776475054\n|move|p1a: Jolteon|Volt Switch|p2a: \u6076\u5146\u4e4b\u82b1 \u547d\u8fd0\u4e4b\u82b1\n|-resisted|p2a: \u6076\u5146\u4e4b\u82b1 \u547d\u8fd0\u4e4b\u82b1|1\n|-damage|p2a: \u6076\u5146\u4e4b\u82b1 \u547d\u8fd0\u4e4b\u82b1|15/100\n|move|p2b: \u804b\uff0c\u53ef\u662f\u5730\u4ea1\u4e4b\u5f81\u554a|Stomping Tantrum|p1b: Archaludon\n|-supereffective|p1b: Archaludon|1\n|-damage|p1b: Archaludon|49/100\n|-ability|p1b: Archaludon|Stamina|boost\n|-boost|p1b: Archaludon|def|1\n|move|p2a: \u6076\u5146\u4e4b\u82b1 \u547d\u8fd0\u4e4b\u82b1|Earth Power|p1b: Archaludon\n|-supereffective|p1b: Archaludon|1\n|-damage|p1b: Archaludon|0 fnt\n|faint|p1b: Archaludon\n|\n|upkeep\n|turn|7\n|-message|owex22 forfeited.\n|\n|win|yubanmeiqin\u4e24\u4eea\u5f0f\n|raw|owex22's rating: 1391 &rarr; <strong>1377</strong><br />(-14 for losing)\n|raw|yubanmeiqin\u4e24\u4eea\u5f0f's rating: 1491 &rarr; <strong>1505</strong><br />(+14 for winning)\n|l|\u2606owex22\n|player|p1|\n",
  "uploadtime": 1776475077,
  "views": 50,
  "formatid": "gen9championsvgc2026regma",
  "rating": 1377,
  "private": 0,
  "password": null
}