{
  "id": "gen9championsvgc2026regma-2588301899",
  "format": "[Gen 9 Champions] VGC 2026 Reg M-A",
  "players": [
    "Annie4U",
    "jao922"
  ],
  "log": "|j|\u2606Annie4U\n|j|\u2606jao922\n|t:|1776622335\n|gametype|doubles\n|player|p1|Annie4U|miku-water|1394\n|player|p2|jao922|boarder|1374\n|gen|9\n|tier|[Gen 9 Champions] VGC 2026 Reg M-A\n|rated|\n|rule|Species Clause: Limit one of each Pok\u00e9mon\n|rule|Item Clause: Limit 1 of each item\n|clearpoke\n|poke|p1|Kangaskhan, L50, F, shiny|\n|poke|p1|Torkoal, L50, F, shiny|\n|poke|p1|Zoroark-Hisui, L50, F|\n|poke|p1|Farigiraf, L50, F, shiny|\n|poke|p1|Decidueye-Hisui, L50, M|\n|poke|p1|Kingambit, L50, M, shiny|\n|poke|p2|Garchomp, L50, M|\n|poke|p2|Delphox, L50, F|\n|poke|p2|Chesnaught, L50, M|\n|poke|p2|Conkeldurr, L50, M|\n|poke|p2|Farigiraf, L50, M|\n|poke|p2|Torkoal, L50, M|\n|teampreview|4\n|inactive|Battle timer is ON: inactive players will automatically lose when time's up. (requested by Annie4U)\njao922 rejected open team sheets.\n|inactive|Annie4U has 60 seconds left.\n|\n|t:|1776622369\n|teamsize|p1|4\n|teamsize|p2|4\n|start\n|switch|p1a: Kangaskhan|Kangaskhan, L50, F, shiny|100/100\n|switch|p1b: Farigiraf|Farigiraf, L50, F, shiny|100/100\n|switch|p2a: Garchomp|Garchomp, L50, M|100/100\n|switch|p2b: Delphox|Delphox, L50, F|100/100\n|turn|1\n|inactive|jao922 has 30 seconds left.\n|inactive|jao922 has 20 seconds left.\n|inactive|jao922 has 15 seconds left.\n|inactive|jao922 has 10 seconds left.\n|inactive|jao922 has 5 seconds left.\n|\n|t:|1776622421\n|detailschange|p2b: Delphox|Delphox-Mega, L50, F\n|-mega|p2b: Delphox|Delphox|Delphoxite\n|detailschange|p1a: Kangaskhan|Kangaskhan-Mega, L50, F, shiny\n|-mega|p1a: Kangaskhan|Kangaskhan|Kangaskhanite\n|move|p2b: Delphox|Protect|p2b: Delphox\n|-singleturn|p2b: Delphox|Protect\n|move|p2a: Garchomp|Earthquake|p1b: Farigiraf|[spread] p1a,p1b\n|-activate|p2b: Delphox|move: Protect\n|-damage|p1a: Kangaskhan|65/100\n|-damage|p1b: Farigiraf|70/100\n|move|p1a: Kangaskhan|Crunch|p2b: Delphox\n|-activate|p2b: Delphox|move: Protect\n|move|p1b: Farigiraf|Trick Room|p1b: Farigiraf\n|-fieldstart|move: Trick Room|[of] p1b: Farigiraf\n|\n|upkeep\n|turn|2\n|\n|t:|1776622443\n|move|p1b: Farigiraf|Hyper Voice|p2b: Delphox|[spread] p2a,p2b\n|-damage|p2a: Garchomp|74/100\n|-damage|p2b: Delphox|75/100\n|move|p1a: Kangaskhan|Crunch|p2b: Delphox\n|-supereffective|p2b: Delphox|1\n|-damage|p2b: Delphox|0 fnt\n|faint|p2b: Delphox\n|-hitcount|p2: Delphox|1\n|move|p2a: Garchomp|Earthquake|p1b: Farigiraf|[spread] p1a,p1b\n|-damage|p1a: Kangaskhan|27/100\n|-damage|p1b: Farigiraf|35/100\n|\n|upkeep\n|\n|t:|1776622454\n|switch|p2b: Conkeldurr|Conkeldurr, L50, M|100/100\n|turn|3\n|\n|t:|1776622468\n|move|p2b: Conkeldurr|Drain Punch|p1b: Farigiraf\n|-damage|p1b: Farigiraf|0 fnt\n|faint|p1b: Farigiraf\n|move|p1a: Kangaskhan|Double-Edge|p2a: Garchomp\n|-damage|p2a: Garchomp|4/100\n|-damage|p1a: Kangaskhan|15/100|[from] ability: Rough Skin|[of] p2a: Garchomp\n|-damage|p2a: Garchomp|0 fnt\n|-damage|p1a: Kangaskhan|3/100|[from] ability: Rough Skin|[of] p2a: Garchomp\n|faint|p2a: Garchomp\n|-hitcount|p2: Garchomp|2\n|-damage|p1a: Kangaskhan|0 fnt|[from] Recoil\n|faint|p1a: Kangaskhan\n|\n|upkeep\n|\n|t:|1776622483\n|switch|p1b: Kingambit|Kingambit, L50, M, shiny|100/100\n|switch|p1a: Torkoal|Torkoal, L50, F, shiny|100/100\n|switch|p2a: Chesnaught|Chesnaught, L50, M|100/100\n|-weather|SunnyDay|[from] ability: Drought|[of] p1a: Torkoal\n|turn|4\n|\n|t:|1776622501\n|move|p1b: Kingambit|Protect|p1b: Kingambit\n|-singleturn|p1b: Kingambit|Protect\n|move|p2a: Chesnaught|Spiky Shield|p2a: Chesnaught\n|-singleturn|p2a: Chesnaught|move: Protect\n|move|p1a: Torkoal|Eruption|p2b: Conkeldurr|[spread] p2b\n|-activate|p2a: Chesnaught|move: Protect\n|-damage|p2b: Conkeldurr|1/100\n|move|p2b: Conkeldurr|Rock Slide|p1b: Kingambit|[spread] p1a\n|-activate|p1b: Kingambit|move: Protect\n|-supereffective|p1a: Torkoal|1\n|-damage|p1a: Torkoal|65/100\n|\n|-weather|SunnyDay|[upkeep]\n|upkeep\n|turn|5\n|inactive|Annie4U has 30 seconds left.\n|\n|t:|1776622528\n|move|p1a: Torkoal|Eruption|p2b: Conkeldurr|[spread] p2a,p2b\n|-supereffective|p2a: Chesnaught|1\n|-damage|p2a: Chesnaught|1/100\n|-damage|p2b: Conkeldurr|0 fnt\n|faint|p2b: Conkeldurr\n|move|p1b: Kingambit|Iron Head|p2a: Chesnaught\n|-damage|p2a: Chesnaught|0 fnt\n|faint|p2a: Chesnaught\n|\n|win|Annie4U\n|raw|Annie4U's rating: 1394 &rarr; <strong>1413</strong><br />(+19 for winning)\n|raw|jao922's rating: 1374 &rarr; <strong>1355</strong><br />(-19 for losing)\n",
  "uploadtime": 1776622535,
  "views": 14,
  "formatid": "gen9championsvgc2026regma",
  "rating": 1355,
  "private": 0,
  "password": null
}