{
  "id": "gen9championsvgc2026regma-2585295263",
  "format": "[Gen 9 Champions] VGC 2026 Reg M-A",
  "players": [
    "Shubham21102005",
    "Jun BF"
  ],
  "log": "|j|\u2606Shubham21102005\n|j|\u2606Jun BF\n|t:|1776334878\n|gametype|doubles\n|player|p1|Shubham21102005|2|1078\n|player|p2|Jun BF|265|1000\n|gen|9\n|tier|[Gen 9 Champions] VGC 2026 Reg M-A\n|rated|\n|rule|Species Clause: Limit one of each Pok\u00e9mon\n|rule|Item Clause: Limit 1 of each item\n|clearpoke\n|poke|p1|Whimsicott, L50, F|\n|poke|p1|Incineroar, L50, F|\n|poke|p1|Gardevoir, L50, F|\n|poke|p1|Dragapult, L50, F|\n|poke|p1|Garchomp, L50, M|\n|poke|p1|Hydreigon, L50, M|\n|poke|p2|Floette-Eternal, L50, F|\n|poke|p2|Basculegion, L50, M|\n|poke|p2|Pelipper, L50, F|\n|poke|p2|Incineroar, L50, M|\n|poke|p2|Sinistcha, L50|\n|poke|p2|Sneasler, L50, M|\n|teampreview|4\nShubham21102005 has agreed to open team sheets.\nJun BF rejected open team sheets.\n|\n|t:|1776334914\n|teamsize|p1|4\n|teamsize|p2|4\n|start\n|switch|p1a: Whimsicott|Whimsicott, L50, F|100/100\n|switch|p1b: Incineroar|Incineroar, L50, F|100/100\n|switch|p2a: Floette|Floette-Eternal, L50, F|100/100\n|switch|p2b: Incineroar|Incineroar, L50, M|100/100\n|-ability|p2b: Incineroar|Intimidate|boost\n|-unboost|p1a: Whimsicott|atk|1\n|-unboost|p1b: Incineroar|atk|1\n|-ability|p1b: Incineroar|Intimidate|boost\n|-unboost|p2a: Floette|atk|1\n|-unboost|p2b: Incineroar|atk|1\n|turn|1\n|\n|t:|1776334938\n|move|p1b: Incineroar|Fake Out|p2a: Floette\n|-damage|p2a: Floette|89/100\n|move|p1a: Whimsicott|Tailwind|p1a: Whimsicott\n|-sidestart|p1: Shubham21102005|move: Tailwind\n|cant|p2a: Floette|flinch\n|move|p2b: Incineroar|Flare Blitz|p1a: Whimsicott\n|-supereffective|p1a: Whimsicott|1\n|-damage|p1a: Whimsicott|25/100\n|-damage|p2b: Incineroar|79/100|[from] Recoil\n|\n|upkeep\n|turn|2\n|\n|t:|1776334961\n|move|p1a: Whimsicott|Protect|p1a: Whimsicott\n|-singleturn|p1a: Whimsicott|Protect\n|move|p2a: Floette|Protect|p2a: Floette\n|-singleturn|p2a: Floette|Protect\n|move|p1b: Incineroar|Parting Shot|p2a: Floette\n|-activate|p2a: Floette|move: Protect\n|move|p2b: Incineroar|Flare Blitz|p1a: Whimsicott\n|-activate|p1a: Whimsicott|move: Protect\n|\n|upkeep\n|turn|3\n|\n|t:|1776334982\n|switch|p1b: Gardevoir|Gardevoir, L50, F|100/100\n|-ability|p1b: Gardevoir|Flower Veil|Trace|[from] ability: Trace|[of] p2a: Floette\n|move|p1a: Whimsicott|Fake Tears|p2a: Floette\n|-unboost|p2a: Floette|spd|2\n|move|p2a: Floette|Calm Mind|p2a: Floette\n|-boost|p2a: Floette|spa|1\n|-boost|p2a: Floette|spd|1\n|move|p2b: Incineroar|Flare Blitz|p1a: Whimsicott\n|-supereffective|p1a: Whimsicott|1\n|-damage|p1a: Whimsicott|0 fnt\n|faint|p1a: Whimsicott\n|-damage|p2b: Incineroar|72/100|[from] Recoil\n|\n|upkeep\n|\n|t:|1776334995\n|switch|p1a: Dragapult|Dragapult, L50, F|100/100\n|turn|4\n|\n|t:|1776335018\n|detailschange|p1b: Gardevoir|Gardevoir-Mega, L50, F\n|-mega|p1b: Gardevoir|Gardevoir|Gardevoirite\n|move|p1a: Dragapult|Draco Meteor|p2b: Incineroar\n|-damage|p2b: Incineroar|20/100\n|-unboost|p1a: Dragapult|spa|2\n|move|p1b: Gardevoir|Hyper Voice|p2a: Floette|[spread] p2a,p2b\n|-crit|p2a: Floette\n|-damage|p2a: Floette|0 fnt\n|-damage|p2b: Incineroar|0 fnt\n|faint|p2a: Floette\n|faint|p2b: Incineroar\n|\n|-sideend|p1: Shubham21102005|move: Tailwind\n|upkeep\n|\n|t:|1776335029\n|switch|p2a: Pelipper|Pelipper, L50, F|100/100\n|switch|p2b: Basculegion|Basculegion, L50, M|100/100\n|-weather|RainDance|[from] ability: Drizzle|[of] p2a: Pelipper\n|turn|5\n|\n|t:|1776335044\n|move|p1a: Dragapult|Shadow Ball|p2b: Basculegion\n|-supereffective|p2b: Basculegion|1\n|-damage|p2b: Basculegion|64/100\n|move|p2b: Basculegion|Last Respects|p1b: Gardevoir\n|-supereffective|p1b: Gardevoir|1\n|-damage|p1b: Gardevoir|0 fnt\n|faint|p1b: Gardevoir\n|move|p2a: Pelipper|Hurricane|p1a: Dragapult\n|-damage|p1a: Dragapult|28/100\n|\n|-weather|RainDance|[upkeep]\n|upkeep\n|\n|t:|1776335054\n|switch|p1b: Incineroar|Incineroar, L50, F|100/100\n|-ability|p1b: Incineroar|Intimidate|boost\n|-unboost|p2a: Pelipper|atk|1\n|-unboost|p2b: Basculegion|atk|1\n|turn|6\n|\n|t:|1776335067\n|move|p1a: Dragapult|Shadow Ball|p2b: Basculegion\n|-supereffective|p2b: Basculegion|1\n|-damage|p2b: Basculegion|26/100\n|-unboost|p2b: Basculegion|spd|1\n|move|p2b: Basculegion|Last Respects|p1a: Dragapult\n|-supereffective|p1a: Dragapult|1\n|-damage|p1a: Dragapult|0 fnt\n|faint|p1a: Dragapult\n|move|p2a: Pelipper|Muddy Water|p1b: Incineroar\n|-supereffective|p1b: Incineroar|1\n|-damage|p1b: Incineroar|8/100\n|-enditem|p1b: Incineroar|Sitrus Berry|[eat]\n|-heal|p1b: Incineroar|33/100|[from] item: Sitrus Berry\n|move|p1b: Incineroar|Darkest Lariat|p2b: Basculegion\n|-supereffective|p2b: Basculegion|1\n|-damage|p2b: Basculegion|0 fnt\n|faint|p2b: Basculegion\n|\n|-weather|RainDance|[upkeep]\n|upkeep\n|turn|7\n|\n|t:|1776335087\n|move|p2a: Pelipper|Muddy Water|p1b: Incineroar|[miss]\n|-miss|p2a: Pelipper|p1b: Incineroar\n|move|p1b: Incineroar|Darkest Lariat|p2a: Pelipper\n|-damage|p2a: Pelipper|54/100\n|\n|-weather|RainDance|[upkeep]\n|upkeep\n|turn|8\n|\n|t:|1776335096\n|move|p2a: Pelipper|Muddy Water|p1b: Incineroar\n|-supereffective|p1b: Incineroar|1\n|-damage|p1b: Incineroar|0 fnt\n|faint|p1b: Incineroar\n|\n|win|Jun BF\n|raw|Shubham21102005's rating: 1078 &rarr; <strong>1052</strong><br />(-26 for losing)\n|raw|Jun BF's rating: 1000 &rarr; <strong>1049</strong><br />(+49 for winning)\n|c|\u2606Shubham21102005|gg\n",
  "uploadtime": 1776335104,
  "views": 18,
  "formatid": "gen9championsvgc2026regma",
  "rating": 1049,
  "private": 0,
  "password": null
}