{
  "id": "gen9championsvgc2026regma-2585546855",
  "format": "[Gen 9 Champions] VGC 2026 Reg M-A",
  "players": [
    "UrboiFwaz",
    "randomsmileybob"
  ],
  "log": "|j|\u2606UrboiFwaz\n|j|\u2606randomsmileybob\n|t:|1776354694\n|gametype|doubles\n|player|p1|UrboiFwaz|dawn|1059\n|player|p2|randomsmileybob|koga|1032\n|gen|9\n|tier|[Gen 9 Champions] VGC 2026 Reg M-A\n|rated|\n|rule|Species Clause: Limit one of each Pok\u00e9mon\n|rule|Item Clause: Limit 1 of each item\n|clearpoke\n|poke|p1|Charizard, L50, F|\n|poke|p1|Venusaur, L50, F|\n|poke|p1|Incineroar, L50, M|\n|poke|p1|Farigiraf, L50, M|\n|poke|p1|Torkoal, L50, M|\n|poke|p1|Rhyperior, L50, F|\n|poke|p2|Houndoom, L50, M|\n|poke|p2|Aerodactyl, L50, M|\n|poke|p2|Whimsicott, L50, M|\n|poke|p2|Milotic, L50, F|\n|poke|p2|Farigiraf, L50, M|\n|poke|p2|Sableye, L50, M|\n|teampreview|4\n|\n|t:|1776354732\n|teamsize|p1|4\n|teamsize|p2|4\n|start\n|switch|p1a: Farigiraf|Farigiraf, L50, M|100/100\n|switch|p1b: Venusaur|Venusaur, L50, F|100/100\n|switch|p2a: Tex|Milotic, L50, F|100/100\n|switch|p2b: Doc|Sableye, L50, M|100/100\n|turn|1\n|inactive|Battle timer is ON: inactive players will automatically lose when time's up. (requested by randomsmileybob)\n|\n|t:|1776354754\n|move|p1a: Farigiraf|Helping Hand|p1b: Venusaur\n|-singleturn|p1b: Venusaur|Helping Hand|[of] p1a: Farigiraf\n|move|p1b: Venusaur|Energy Ball|p2a: Tex\n|-supereffective|p2a: Tex|1\n|-damage|p2a: Tex|8/100\n|move|p2a: Tex|Icy Wind|p1a: Farigiraf|[spread] p1a,p1b\n|-supereffective|p1b: Venusaur|1\n|-damage|p1a: Farigiraf|92/100\n|-damage|p1b: Venusaur|79/100\n|-unboost|p1a: Farigiraf|spe|1\n|-unboost|p1b: Venusaur|spe|1\n|move|p2b: Doc|Knock Off|p1a: Farigiraf\n|-supereffective|p1a: Farigiraf|1\n|-enditem|p1a: Farigiraf|Colbur Berry|[eat]\n|-enditem|p1a: Farigiraf|Colbur Berry|[weaken]\n|-damage|p1a: Farigiraf|70/100\n|\n|-heal|p2a: Tex|14/100|[from] item: Leftovers\n|upkeep\n|turn|2\n|\n|t:|1776354778\n|switch|p1a: Torkoal|Torkoal, L50, M|100/100\n|-weather|SunnyDay|[from] ability: Drought|[of] p1a: Torkoal\n|move|p1b: Venusaur|Energy Ball|p2a: Tex\n|-supereffective|p2a: Tex|1\n|-damage|p2a: Tex|0 fnt\n|faint|p2a: Tex\n|move|p2b: Doc|Knock Off|p1a: Torkoal\n|-damage|p1a: Torkoal|78/100\n|-enditem|p1a: Torkoal|Charcoal|[from] move: Knock Off|[of] p2b: Doc\n|\n|-weather|SunnyDay|[upkeep]\n|upkeep\n|\n|t:|1776354802\n|switch|p2a: Church|Houndoom, L50, M|100/100\n|turn|3\n|inactive|randomsmileybob has 30 seconds left.\n|inactive|randomsmileybob has 20 seconds left.\n|\n|t:|1776354842\n|detailschange|p2a: Church|Houndoom-Mega, L50, M\n|-mega|p2a: Church|Houndoom|Houndoominite\n|move|p1b: Venusaur|Protect|p1b: Venusaur\n|-singleturn|p1b: Venusaur|Protect\n|move|p2a: Church|Heat Wave|p1a: Torkoal|[spread] p1a\n|-activate|p1b: Venusaur|move: Protect\n|-resisted|p1a: Torkoal|1\n|-damage|p1a: Torkoal|23/100\n|move|p2b: Doc|Knock Off|p1a: Torkoal\n|-damage|p1a: Torkoal|7/100\n|move|p1a: Torkoal|Eruption|p2b: Doc|[spread] p2a\n|-miss|p1a: Torkoal|p2b: Doc\n|-resisted|p2a: Church|1\n|-damage|p2a: Church|97/100\n|\n|-weather|SunnyDay|[upkeep]\n|-damage|p2a: Church|84/100|[from] ability: Solar Power|[of] p2a: Church\n|upkeep\n|turn|4\n|inactive|UrboiFwaz has 30 seconds left.\n|inactive|randomsmileybob has 30 seconds left.\n|\n|t:|1776354874\n|switch|p1b: Rhyperior|Rhyperior, L50, F|100/100\n|move|p2b: Doc|Taunt|p1b: Rhyperior\n|-start|p1b: Rhyperior|move: Taunt\n|move|p2a: Church|Heat Wave|p1b: Rhyperior|[spread] p1a,p1b\n|-resisted|p1a: Torkoal|1\n|-crit|p1a: Torkoal\n|-resisted|p1b: Rhyperior|1\n|-damage|p1a: Torkoal|0 fnt\n|-damage|p1b: Rhyperior|41/100\n|faint|p1a: Torkoal\n|\n|-weather|SunnyDay|[upkeep]\n|-damage|p2a: Church|72/100|[from] ability: Solar Power|[of] p2a: Church\n|upkeep\n|\n|t:|1776354881\n|switch|p1a: Farigiraf|Farigiraf, L50, M|70/100\n|turn|5\n|\n|t:|1776354896\n|move|p2a: Church|Heat Wave|p1a: Farigiraf|[spread] p1a,p1b\n|-resisted|p1b: Rhyperior|1\n|-damage|p1a: Farigiraf|0 fnt\n|-damage|p1b: Rhyperior|0 fnt\n|faint|p1a: Farigiraf\n|faint|p1b: Rhyperior\n|move|p2b: Doc|Knock Off|p1: Farigiraf|[notarget]\n|-fail|p2b: Doc\n|\n|-weather|SunnyDay|[upkeep]\n|-damage|p2a: Church|59/100|[from] ability: Solar Power|[of] p2a: Church\n|upkeep\n|\n|t:|1776354901\n|switch|p1a: Venusaur|Venusaur, L50, F|79/100\n|turn|6\n|\n|t:|1776354920\n|move|p1a: Venusaur|Sleep Powder|p2a: Church\n|-status|p2a: Church|slp|[from] move: Sleep Powder\n|cant|p2a: Church|slp\n|move|p2b: Doc|Knock Off|p1a: Venusaur\n|-damage|p1a: Venusaur|40/100\n|-enditem|p1a: Venusaur|Focus Sash|[from] move: Knock Off|[of] p2b: Doc\n|\n|-weather|none\n|upkeep\n|turn|7\n|\n|t:|1776354938\n|move|p2b: Doc|Sunny Day|p2b: Doc\n|-weather|SunnyDay\n|move|p1a: Venusaur|Energy Ball|p2b: Doc|[miss]\n|-miss|p1a: Venusaur|p2b: Doc\n|-curestatus|p2a: Church|slp|[msg]\n|move|p2a: Church|Heat Wave|p1a: Venusaur|[miss]\n|-miss|p2a: Church|p1a: Venusaur\n|\n|-weather|SunnyDay|[upkeep]\n|-damage|p2a: Church|47/100|[from] ability: Solar Power|[of] p2a: Church\n|upkeep\n|turn|8\n|\n|t:|1776354951\n|move|p2b: Doc|Taunt|p1a: Venusaur\n|-start|p1a: Venusaur|move: Taunt\n|move|p1a: Venusaur|Energy Ball|p2b: Doc\n|-damage|p2b: Doc|54/100\n|move|p2a: Church|Heat Wave|p1a: Venusaur|[miss]\n|-miss|p2a: Church|p1a: Venusaur\n|\n|-weather|SunnyDay|[upkeep]\n|-damage|p2a: Church|34/100|[from] ability: Solar Power|[of] p2a: Church\n|upkeep\n|turn|9\n|\n|t:|1776354966\n|move|p1a: Venusaur|Weather Ball|p2b: Doc\n|-damage|p2b: Doc|0 fnt\n|faint|p2b: Doc\n|move|p2a: Church|Snarl|p1a: Venusaur\n|-damage|p1a: Venusaur|0 fnt\n|faint|p1a: Venusaur\n|\n|win|randomsmileybob\n|raw|UrboiFwaz's rating: 1059 &rarr; <strong>1039</strong><br />(-20 for losing)\n|raw|randomsmileybob's rating: 1032 &rarr; <strong>1070</strong><br />(+38 for winning)\n|l|\u2606UrboiFwaz\n|player|p1|\n",
  "uploadtime": 1776354978,
  "views": 19,
  "formatid": "gen9championsvgc2026regma",
  "rating": 1039,
  "private": 0,
  "password": null
}