{
  "id": "gen9championsvgc2026regma-2587554793",
  "format": "[Gen 9 Champions] VGC 2026 Reg M-A",
  "players": [
    "tindall64",
    "pablittoo"
  ],
  "log": "|j|\u2606tindall64\n|j|\u2606pablittoo\n|t:|1776541855\n|gametype|doubles\n|player|p1|tindall64|concordia|1262\n|player|p2|pablittoo|169|1296\n|gen|9\n|tier|[Gen 9 Champions] VGC 2026 Reg M-A\n|rated|\n|rule|Species Clause: Limit one of each Pok\u00e9mon\n|rule|Item Clause: Limit 1 of each item\n|clearpoke\n|poke|p1|Aerodactyl, L50, M|\n|poke|p1|Garchomp, L50, M|\n|poke|p1|Tyranitar, L50, F|\n|poke|p1|Corviknight, L50, M|\n|poke|p1|Rotom-Wash, L50|\n|poke|p1|Sinistcha-Masterpiece, L50|\n|poke|p2|Delphox, L50, M|\n|poke|p2|Clefable, L50, M|\n|poke|p2|Garchomp, L50, F|\n|poke|p2|Tsareena, L50, F|\n|poke|p2|Sneasler, L50, M|\n|poke|p2|Rotom-Wash, L50|\n|teampreview|4\npablittoo has agreed to open team sheets.\n|inactive|Battle timer is ON: inactive players will automatically lose when time's up. (requested by tindall64)\n|c|\u2606pablittoo|Can i have the ots?\n|c|\u2606pablittoo|Or after the Game\n|inactive|pablittoo has 60 seconds left.\n|\n|t:|1776541968\n|teamsize|p1|4\n|teamsize|p2|4\n|start\n|switch|p1a: Aerodactyl|Aerodactyl, L50, M|100/100\n|switch|p1b: Rotom|Rotom-Wash, L50|100/100\n|switch|p2a: Sneasler|Sneasler, L50, M|100/100\n|switch|p2b: Rotom|Rotom-Wash, L50|100/100\n|-ability|p1a: Aerodactyl|Unnerve\n|turn|1\n|inactive|tindall64 has 30 seconds left.\n|\n|t:|1776541994\n|move|p1a: Aerodactyl|Protect|p1a: Aerodactyl\n|-singleturn|p1a: Aerodactyl|Protect\n|move|p2a: Sneasler|Fake Out|p1b: Rotom\n|-damage|p1b: Rotom|84/100\n|move|p2b: Rotom|Electroweb|p1b: Rotom|[spread] p1b\n|-activate|p1a: Aerodactyl|move: Protect\n|-damage|p1b: Rotom|68/100\n|-unboost|p1b: Rotom|spe|1\n|cant|p1b: Rotom|flinch\n|\n|upkeep\n|turn|2\n|\n|t:|1776542018\n|switch|p1a: Garchomp|Garchomp, L50, M|100/100\n|move|p2b: Rotom|Electroweb|p1b: Rotom|[spread] p1b\n|-immune|p1a: Garchomp\n|-damage|p1b: Rotom|53/100\n|-unboost|p1b: Rotom|spe|1\n|move|p2a: Sneasler|Close Combat|p1a: Garchomp|[miss]\n|-miss|p2a: Sneasler|p1a: Garchomp\n|move|p1b: Rotom|Volt Switch|p2b: Rotom\n|-damage|p2b: Rotom|63/100\n|\n|t:|1776542031\n|switch|p1b: Aerodactyl|Aerodactyl, L50, M|100/100|[from] Volt Switch\n|-ability|p1b: Aerodactyl|Unnerve\n|\n|upkeep\n|turn|3\n|\n|t:|1776542040\n|move|p2a: Sneasler|Protect|p2a: Sneasler\n|-singleturn|p2a: Sneasler|Protect\n|move|p2b: Rotom|Electroweb|p1a: Garchomp|[spread] p1b\n|-immune|p1a: Garchomp\n|-supereffective|p1b: Aerodactyl|1\n|-damage|p1b: Aerodactyl|47/100\n|-unboost|p1b: Aerodactyl|spe|1\n|move|p1a: Garchomp|Rock Slide|p2a: Sneasler|[spread] p2b\n|-activate|p2a: Sneasler|move: Protect\n|-damage|p2b: Rotom|36/100\n|move|p1b: Aerodactyl|Dual Wingbeat|p2a: Sneasler\n|-activate|p2a: Sneasler|move: Protect\n|\n|upkeep\n|turn|4\n|\n|t:|1776542057\n|switch|p1b: Tyranitar|Tyranitar, L50, F|100/100\n|-weather|Sandstorm|[from] ability: Sand Stream|[of] p1b: Tyranitar\n|move|p2b: Rotom|Electroweb|p1a: Garchomp|[spread] p1b\n|-immune|p1a: Garchomp\n|-damage|p1b: Tyranitar|90/100\n|-unboost|p1b: Tyranitar|spe|1\n|move|p2a: Sneasler|Close Combat|p1a: Garchomp|[miss]\n|-miss|p2a: Sneasler|p1a: Garchomp\n|move|p1a: Garchomp|Rock Slide|p2b: Rotom|[spread] p2a,p2b\n|-resisted|p2a: Sneasler|1\n|-damage|p2a: Sneasler|82/100\n|-damage|p2b: Rotom|8/100\n|\n|-weather|Sandstorm|[upkeep]\n|-damage|p2b: Rotom|3/100|[from] Sandstorm\n|-damage|p2a: Sneasler|76/100|[from] Sandstorm\n|upkeep\n|turn|5\n|\n|t:|1776542082\n|switch|p2b: Garchomp|Garchomp, L50, F|100/100\n|move|p1b: Tyranitar|Protect|p1b: Tyranitar\n|-singleturn|p1b: Tyranitar|Protect\n|move|p2a: Sneasler|Close Combat|p1b: Tyranitar\n|-activate|p1b: Tyranitar|move: Protect\n|move|p1a: Garchomp|Stomping Tantrum|p2a: Sneasler\n|-supereffective|p2a: Sneasler|1\n|-damage|p2a: Sneasler|0 fnt\n|faint|p2a: Sneasler\n|\n|-weather|Sandstorm|[upkeep]\n|upkeep\n|\n|t:|1776542100\n|switch|p2a: Delphox|Delphox, L50, M|100/100\n|turn|6\n|inactive|tindall64 has 30 seconds left.\n|inactive|tindall64 has 20 seconds left.\n|inactive|tindall64 has 15 seconds left.\n|\n|t:|1776542144\n|switch|p1b: Aerodactyl|Aerodactyl, L50, M|47/100\n|-ability|p1b: Aerodactyl|Unnerve\n|detailschange|p2a: Delphox|Delphox-Mega, L50, M\n|-mega|p2a: Delphox|Delphox|Delphoxite\n|move|p2a: Delphox|Psychic|p1a: Garchomp\n|-damage|p1a: Garchomp|42/100\n|move|p1a: Garchomp|Dragon Claw|p2b: Garchomp\n|-supereffective|p2b: Garchomp|1\n|-damage|p2b: Garchomp|26/100\n|-damage|p1a: Garchomp|29/100|[from] ability: Rough Skin|[of] p2b: Garchomp\n|move|p2b: Garchomp|Earthquake|p1b: Aerodactyl|[spread] \n|-immune|p2a: Delphox|[from] ability: Levitate\n|-immune|p1b: Aerodactyl\n|-miss|p2b: Garchomp|p1a: Garchomp\n|\n|-weather|Sandstorm|[upkeep]\n|-damage|p2a: Delphox|95/100|[from] Sandstorm\n|upkeep\n|turn|7\n|inactive|pablittoo has 30 seconds left.\n|\n|t:|1776542172\n|move|p2b: Garchomp|Protect|p2b: Garchomp\n|-singleturn|p2b: Garchomp|Protect\n|move|p2a: Delphox|Psychic|p1b: Aerodactyl\n|-damage|p1b: Aerodactyl|0 fnt\n|faint|p1b: Aerodactyl\n|move|p1a: Garchomp|Rock Slide|p2a: Delphox|[spread] p2a\n|-activate|p2b: Garchomp|move: Protect\n|-supereffective|p2a: Delphox|1\n|-damage|p2a: Delphox|37/100\n|\n|-weather|Sandstorm|[upkeep]\n|-damage|p2a: Delphox|31/100|[from] Sandstorm\n|upkeep\n|\n|t:|1776542182\n|switch|p1b: Rotom|Rotom-Wash, L50|53/100\n|turn|8\n|inactive|tindall64 has 30 seconds left.\n|\n|t:|1776542208\n|move|p1a: Garchomp|Protect|p1a: Garchomp\n|-singleturn|p1a: Garchomp|Protect\n|move|p2a: Delphox|Psychic|p1a: Garchomp\n|-activate|p1a: Garchomp|move: Protect\n|move|p2b: Garchomp|Dragon Claw|p1b: Rotom\n|-damage|p1b: Rotom|6/100\n|-enditem|p1b: Rotom|Sitrus Berry|[eat]\n|-heal|p1b: Rotom|31/100|[from] item: Sitrus Berry\n|move|p1b: Rotom|Hydro Pump|p2b: Garchomp\n|-damage|p2b: Garchomp|0 fnt\n|faint|p2b: Garchomp\n|\n|-weather|none\n|upkeep\n|\n|t:|1776542221\n|switch|p2b: Rotom|Rotom-Wash, L50|3/100\n|turn|9\n|\n|t:|1776542236\n|move|p2b: Rotom|Hydro Pump|p1a: Garchomp|[miss]\n|-miss|p2b: Rotom|p1a: Garchomp\n|move|p2a: Delphox|Psychic|p1b: Rotom\n|-damage|p1b: Rotom|0 fnt\n|faint|p1b: Rotom\n|move|p1a: Garchomp|Rock Slide|p2b: Rotom|[spread] p2a,p2b\n|-supereffective|p2a: Delphox|1\n|-damage|p2a: Delphox|0 fnt\n|-damage|p2b: Rotom|0 fnt\n|faint|p2a: Delphox\n|faint|p2b: Rotom\n|\n|win|tindall64\n|raw|tindall64's rating: 1262 &rarr; <strong>1289</strong><br />(+27 for winning)\n|raw|pablittoo's rating: 1296 &rarr; <strong>1269</strong><br />(-27 for losing)\n|c|\u2606tindall64|gg\n|c|\u2606pablittoo|lol\n|c|\u2606pablittoo|Gg\n|l|\u2606pablittoo\n|player|p2|\n",
  "uploadtime": 1776542245,
  "views": 24,
  "formatid": "gen9championsvgc2026regma",
  "rating": 1269,
  "private": 0,
  "password": null
}