{
  "id": "gen9championsvgc2026regma-2585502936",
  "format": "[Gen 9 Champions] VGC 2026 Reg M-A",
  "players": [
    "flaemm",
    "falco124"
  ],
  "log": "|j|\u2606flaemm\n|j|\u203dfalco124\n|t:|1776351894\n|gametype|doubles\n|player|p1|flaemm|lusamine-nihilego|1241\n|player|p2|falco124|169|1178\n|gen|9\n|tier|[Gen 9 Champions] VGC 2026 Reg M-A\n|rated|\n|rule|Species Clause: Limit one of each Pok\u00e9mon\n|rule|Item Clause: Limit 1 of each item\n|clearpoke\n|poke|p1|Meowstic, L50, M|\n|poke|p1|Incineroar, L50, F|\n|poke|p1|Maushold-Four, L50|\n|poke|p1|Aegislash, L50, F|\n|poke|p1|Alakazam, L50, F|\n|poke|p1|Aerodactyl, L50, F|\n|poke|p2|Whimsicott, L50, F|\n|poke|p2|Dragonite, L50, F|\n|poke|p2|Incineroar, L50, M|\n|poke|p2|Pelipper, L50, M|\n|poke|p2|Basculegion, L50, M|\n|poke|p2|Archaludon, L50, F|\n|teampreview|4\nflaemm rejected open team sheets.\n|\n|t:|1776351936\n|teamsize|p1|4\n|teamsize|p2|4\n|start\n|switch|p1a: Meowstic|Meowstic, L50, M|100/100\n|switch|p1b: Aerodactyl|Aerodactyl, L50, F|100/100\n|switch|p2a: Incineroar|Incineroar, L50, M|100/100\n|switch|p2b: Basculegion|Basculegion, L50, M|100/100\n|-ability|p1b: Aerodactyl|Unnerve\n|-ability|p2a: Incineroar|Intimidate|boost\n|-unboost|p1a: Meowstic|atk|1\n|-unboost|p1b: Aerodactyl|atk|1\n|turn|1\n|\n|t:|1776351986\n|move|p1a: Meowstic|Fake Out|p2a: Incineroar\n|-damage|p2a: Incineroar|97/100\n|cant|p2a: Incineroar|flinch\n|move|p1b: Aerodactyl|Tailwind|p1b: Aerodactyl\n|-sidestart|p1: flaemm|move: Tailwind\n|move|p2b: Basculegion|Flip Turn|p1b: Aerodactyl\n|-supereffective|p1b: Aerodactyl|1\n|-enditem|p1b: Aerodactyl|Focus Sash\n|-damage|p1b: Aerodactyl|1/100\n|\n|t:|1776352000\n|switch|p2b: Pelipper|Pelipper, L50, M|100/100|[from] Flip Turn\n|-weather|RainDance|[from] ability: Drizzle|[of] p2b: Pelipper\n|\n|-weather|RainDance|[upkeep]\n|upkeep\n|turn|2\n|\n|t:|1776352043\n|move|p1a: Meowstic|Psychic Terrain|p1a: Meowstic\n|-fieldstart|move: Psychic Terrain\n|move|p1b: Aerodactyl|Rock Blast|p2b: Pelipper\n|-supereffective|p2b: Pelipper|1\n|-damage|p2b: Pelipper|79/100\n|-supereffective|p2b: Pelipper|1\n|-damage|p2b: Pelipper|57/100\n|-hitcount|p2b: Pelipper|2\n|move|p2b: Pelipper|Tailwind|p2b: Pelipper\n|-sidestart|p2: falco124|move: Tailwind\n|move|p2a: Incineroar|Throat Chop|p1a: Meowstic\n|-supereffective|p1a: Meowstic|1\n|-damage|p1a: Meowstic|13/100\n|-start|p1a: Meowstic|Throat Chop|[silent]\n|\n|-weather|RainDance|[upkeep]\n|upkeep\n|turn|3\n|\n|t:|1776352066\n|move|p1a: Meowstic|Helping Hand|p1b: Aerodactyl\n|-singleturn|p1b: Aerodactyl|Helping Hand|[of] p1a: Meowstic\n|move|p2b: Pelipper|Protect|p2b: Pelipper\n|-singleturn|p2b: Pelipper|Protect\n|move|p1b: Aerodactyl|Rock Blast|p2a: Incineroar\n|-supereffective|p2a: Incineroar|1\n|-damage|p2a: Incineroar|76/100\n|-supereffective|p2a: Incineroar|1\n|-damage|p2a: Incineroar|55/100\n|-hitcount|p2a: Incineroar|2\n|move|p2a: Incineroar|Parting Shot|p1a: Meowstic\n|-unboost|p1a: Meowstic|atk|1\n|-unboost|p1a: Meowstic|spa|1\n|\n|t:|1776352075\n|switch|p2a: Basculegion|Basculegion, L50, M|100/100|[from] Parting Shot\n|\n|-weather|RainDance|[upkeep]\n|-end|p1a: Meowstic|Throat Chop|[silent]\n|upkeep\n|turn|4\n|\n|t:|1776352173\n|switch|p1a: Aegislash|Aegislash, L50, F|100/100\n|move|p2a: Basculegion|Flip Turn|p1b: Aerodactyl\n|-supereffective|p1b: Aerodactyl|1\n|-damage|p1b: Aerodactyl|0 fnt\n|faint|p1b: Aerodactyl\n|\n|t:|1776352181\n|switch|p2a: Incineroar|Incineroar, L50, M|55/100|[from] Flip Turn\n|-ability|p2a: Incineroar|Intimidate|boost\n|-unboost|p1a: Aegislash|atk|1\n|move|p2b: Pelipper|Hurricane|p1a: Aegislash\n|-resisted|p1a: Aegislash|1\n|-damage|p1a: Aegislash|81/100\n|-start|p1a: Aegislash|confusion\n|\n|-weather|RainDance|[upkeep]\n|-sideend|p1: flaemm|move: Tailwind\n|upkeep\n|\n|t:|1776352202\n|switch|p1b: Alakazam|Alakazam, L50, F, shiny|100/100\n|turn|5\n|\n|t:|1776352223\n|detailschange|p1b: Alakazam|Alakazam-Mega, L50, F, shiny\n|-mega|p1b: Alakazam|Alakazam|Alakazite\n|-ability|p1b: Alakazam|Drizzle|Trace|[from] ability: Trace|[of] p2b: Pelipper\n|move|p2b: Pelipper|Protect|p2b: Pelipper\n|-singleturn|p2b: Pelipper|Protect\n|move|p1b: Alakazam|Substitute|p1b: Alakazam\n|-start|p1b: Alakazam|Substitute\n|-damage|p1b: Alakazam|76/100\n|move|p2a: Incineroar|Throat Chop|p1b: Alakazam\n|-supereffective|p1b: Alakazam|1\n|-end|p1b: Alakazam|Substitute\n|-activate|p1a: Aegislash|confusion\n|-formechange|p1a: Aegislash|Aegislash-Blade|\n|move|p1a: Aegislash|Sacred Sword|p2a: Incineroar\n|-supereffective|p2a: Incineroar|1\n|-damage|p2a: Incineroar|15/100\n|-enditem|p2a: Incineroar|Sitrus Berry|[eat]\n|-heal|p2a: Incineroar|40/100|[from] item: Sitrus Berry\n|\n|-weather|none\n|-sideend|p2: falco124|move: Tailwind\n|upkeep\n|turn|6\n|\n|t:|1776352280\n|-activate|p1a: Aegislash|confusion\n|-formechange|p1a: Aegislash|Aegislash|\n|move|p1a: Aegislash|King's Shield|p1a: Aegislash\n|-singleturn|p1a: Aegislash|Protect\n|move|p1b: Alakazam|Substitute|p1b: Alakazam\n|-start|p1b: Alakazam|Substitute\n|-damage|p1b: Alakazam|51/100\n|move|p2b: Pelipper|Tailwind|p2b: Pelipper\n|-sidestart|p2: falco124|move: Tailwind\n|move|p2a: Incineroar|Parting Shot|p1a: Aegislash\n|-unboost|p1a: Aegislash|atk|1\n|-unboost|p1a: Aegislash|spa|1\n|\n|t:|1776352290\n|switch|p2a: Basculegion|Basculegion, L50, M|100/100|[from] Parting Shot\n|\n|-fieldend|move: Psychic Terrain\n|upkeep\n|turn|7\n|\n|t:|1776352340\n|switch|p2b: Incineroar|Incineroar, L50, M|40/100\n|-ability|p2b: Incineroar|Intimidate|boost\n|-unboost|p1a: Aegislash|atk|1\n|-immune|p1b: Alakazam\n|move|p2a: Basculegion|Last Respects|p1a: Aegislash\n|-supereffective|p1a: Aegislash|1\n|-damage|p1a: Aegislash|34/100\n|move|p1b: Alakazam|Dazzling Gleam|p2b: Incineroar|[spread] p2a,p2b\n|-damage|p2a: Basculegion|71/100\n|-damage|p2b: Incineroar|16/100\n|-activate|p1a: Aegislash|confusion\n|-formechange|p1a: Aegislash|Aegislash-Blade|\n|move|p1a: Aegislash|Poltergeist|p2a: Basculegion\n|-activate|p2a: Basculegion|move: Poltergeist|Mystic Water\n|-supereffective|p2a: Basculegion|1\n|-damage|p2a: Basculegion|0 fnt\n|faint|p2a: Basculegion\n|\n|upkeep\n|\n|t:|1776352353\n|switch|p2a: Pelipper|Pelipper, L50, M|57/100\n|-weather|RainDance|[from] ability: Drizzle|[of] p2a: Pelipper\n|turn|8\n|\n|t:|1776352384\n|switch|p1a: Meowstic|Meowstic, L50, M|13/100\n|move|p1b: Alakazam|Protect|p1b: Alakazam\n|-singleturn|p1b: Alakazam|Protect\n|move|p2a: Pelipper|Weather Ball|p1b: Alakazam\n|-activate|p1b: Alakazam|move: Protect\n|move|p2b: Incineroar|Throat Chop|p1b: Alakazam\n|-activate|p1b: Alakazam|move: Protect\n|\n|-weather|RainDance|[upkeep]\n|upkeep\n|turn|9\n|\n|t:|1776352453\n|move|p2a: Pelipper|Protect|p2a: Pelipper\n|-singleturn|p2a: Pelipper|Protect\n|move|p1a: Meowstic|Fake Out|p2b: Incineroar\n|-damage|p2b: Incineroar|10/100\n|move|p1b: Alakazam|Expanding Force|p2a: Pelipper\n|-activate|p2a: Pelipper|move: Protect\n|cant|p2b: Incineroar|flinch\n|\n|-weather|RainDance|[upkeep]\n|-sideend|p2: falco124|move: Tailwind\n|upkeep\n|turn|10\n|c|\u2606flaemm|gg\n|\n|t:|1776352485\n|move|p1a: Meowstic|Helping Hand|p1b: Alakazam\n|-singleturn|p1b: Alakazam|Helping Hand|[of] p1a: Meowstic\n|move|p1b: Alakazam|Dazzling Gleam|p2b: Incineroar|[spread] p2a,p2b\n|-damage|p2a: Pelipper|0 fnt\n|-damage|p2b: Incineroar|0 fnt\n|faint|p2a: Pelipper\n|faint|p2b: Incineroar\n|\n|-weather|RainDance|[upkeep]\n|upkeep\n|\n|t:|1776352493\n|switch|p2a: Dragonite|Dragonite, L50, F|100/100\n|turn|11\n|\n|t:|1776352503\n|detailschange|p2a: Dragonite|Dragonite-Mega, L50, F\n|-mega|p2a: Dragonite|Dragonite|Dragoninite\n|move|p1b: Alakazam|Protect|p1b: Alakazam\n|-singleturn|p1b: Alakazam|Protect\n|move|p1a: Meowstic|Psychic Terrain|p1a: Meowstic\n|-fieldstart|move: Psychic Terrain\n|move|p2a: Dragonite|Hurricane|p1b: Alakazam\n|-activate|p1b: Alakazam|move: Protect\n|\n|-weather|RainDance|[upkeep]\n|upkeep\n|turn|12\n|\n|t:|1776352513\n|move|p1a: Meowstic|Psychic Terrain||[still]\n|-fail|p1a: Meowstic\n|move|p1b: Alakazam|Expanding Force|p2a: Dragonite\n|-damage|p2a: Dragonite|63/100\n|move|p2a: Dragonite|Hurricane|p1b: Alakazam\n|-end|p1b: Alakazam|Substitute\n|\n|-weather|none\n|upkeep\n|turn|13\n|\n|t:|1776352518\n|move|p1a: Meowstic|Helping Hand|p1b: Alakazam\n|-singleturn|p1b: Alakazam|Helping Hand|[of] p1a: Meowstic\n|move|p1b: Alakazam|Expanding Force|p2a: Dragonite\n|-damage|p2a: Dragonite|0 fnt\n|faint|p2a: Dragonite\n|\n|win|flaemm\n|raw|flaemm's rating: 1241 &rarr; <strong>1262</strong><br />(+21 for winning)\n|raw|falco124's rating: 1178 &rarr; <strong>1157</strong><br />(-21 for losing)\n|l|\u203dfalco124\n|player|p2|\n",
  "uploadtime": 1776352565,
  "views": 21,
  "formatid": "gen9championsvgc2026regma",
  "rating": 1157,
  "private": 0,
  "password": null
}