{
  "id": "gen9championsvgc2026regma-2580812119",
  "format": "[Gen 9 Champions] VGC 2026 Reg M-A",
  "players": [
    "Walalang",
    "IAmScorpo"
  ],
  "log": "|j|\u2606Walalang\n|j|\u2606IAmScorpo\n|t:|1775934470\n|gametype|doubles\n|player|p1|Walalang|lucas|1000\n|player|p2|IAmScorpo|yellow|1052\n|gen|9\n|tier|[Gen 9 Champions] VGC 2026 Reg M-A\n|rated|\n|rule|Species Clause: Limit one of each Pok\u00e9mon\n|rule|Item Clause: Limit 1 of each item\n|clearpoke\n|poke|p1|Meganium, L50, M|\n|poke|p1|Dragonite, L50, M|\n|poke|p1|Archaludon, L50, M|\n|poke|p1|Pelipper, L50, M|\n|poke|p1|Basculegion, L50, M|\n|poke|p1|Pikachu, L50, F|\n|poke|p2|Scovillain, L50, F|\n|poke|p2|Sneasler, L50, M|\n|poke|p2|Sinistcha, L50|\n|poke|p2|Rotom-Wash, L50|\n|teampreview|4\n|\n|t:|1775934521\n|teamsize|p1|4\n|teamsize|p2|4\n|start\n|switch|p1a: Meganium|Meganium, L50, M|100/100\n|switch|p1b: Pikachu|Pikachu, L50, F|100/100\n|switch|p2a: Scovillain|Scovillain, L50, F|100/100\n|switch|p2b: Sneasler|Sneasler, L50, M|100/100\n|turn|1\n|\n|t:|1775934564\n|switch|p1a: Archaludon|Archaludon, L50, M|100/100\n|move|p2b: Sneasler|Fake Out|p1a: Archaludon\n|-resisted|p1a: Archaludon|1\n|-damage|p1a: Archaludon|95/100\n|-ability|p1a: Archaludon|Stamina|boost\n|-boost|p1a: Archaludon|def|1\n|move|p1b: Pikachu|Thunderbolt|p2b: Sneasler\n|-damage|p2b: Sneasler|33/100\n|move|p2a: Scovillain|Spicy Extract|p2b: Sneasler\n|-boost|p2b: Sneasler|atk|2\n|-unboost|p2b: Sneasler|def|2\n|-enditem|p2b: Sneasler|White Herb\n|-clearnegativeboost|p2b: Sneasler|[silent]\n|\n|-ability|p2a: Scovillain|Moody|boost\n|-boost|p2a: Scovillain|spd|2\n|-unboost|p2a: Scovillain|atk|1\n|upkeep\n|turn|2\n|\n|t:|1775934588\n|switch|p1b: Pelipper|Pelipper, L50, M|100/100\n|-weather|RainDance|[from] ability: Drizzle|[of] p1b: Pelipper\n|detailschange|p2a: Scovillain|Scovillain-Mega, L50, F\n|-mega|p2a: Scovillain|Scovillain|Scovillainite\n|move|p2a: Scovillain|Rage Powder|p2a: Scovillain\n|-singleturn|p2a: Scovillain|move: Rage Powder\n|move|p2b: Sneasler|Close Combat|p1a: Archaludon\n|-supereffective|p1a: Archaludon|1\n|-damage|p1a: Archaludon|0 fnt\n|-unboost|p2b: Sneasler|def|1\n|-unboost|p2b: Sneasler|spd|1\n|faint|p1a: Archaludon\n|\n|-weather|RainDance|[upkeep]\n|upkeep\n|\n|t:|1775934601\n|switch|p1a: Meganium|Meganium, L50, M|100/100\n|turn|3\n|\n|t:|1775934613\n|detailschange|p1a: Meganium|Meganium-Mega, L50, M\n|-mega|p1a: Meganium|Meganium|Meganiumite\n|move|p2b: Sneasler|Protect|p2b: Sneasler\n|-singleturn|p2b: Sneasler|Protect\n|move|p1b: Pelipper|Hurricane|p2a: Scovillain\n|-supereffective|p2a: Scovillain|1\n|-damage|p2a: Scovillain|55/100\n|-start|p2a: Scovillain|confusion\n|-status|p1b: Pelipper|brn|[from] ability: Spicy Spray|[of] p2a: Scovillain\n|move|p1a: Meganium|Weather Ball|p2b: Sneasler\n|-activate|p2b: Sneasler|move: Protect\n|-activate|p2a: Scovillain|confusion\n|move|p2a: Scovillain|Super Fang|p1b: Pelipper\n|-damage|p1b: Pelipper|51/100 brn\n|\n|-weather|RainDance|[upkeep]\n|-damage|p1b: Pelipper|45/100 brn|[from] brn\n|upkeep\n|turn|4\n|\n|t:|1775934639\n|move|p1a: Meganium|Protect|p1a: Meganium\n|-singleturn|p1a: Meganium|Protect\n|-end|p2a: Scovillain|confusion\n|move|p2a: Scovillain|Rage Powder|p2a: Scovillain\n|-singleturn|p2a: Scovillain|move: Rage Powder\n|move|p2b: Sneasler|Dire Claw|p1a: Meganium\n|-activate|p1a: Meganium|move: Protect\n|move|p1b: Pelipper|Tailwind|p1b: Pelipper\n|-sidestart|p1: Walalang|move: Tailwind\n|\n|-weather|RainDance|[upkeep]\n|-damage|p1b: Pelipper|39/100 brn|[from] brn\n|upkeep\n|turn|5\n|\n|t:|1775934665\n|move|p2a: Scovillain|Rage Powder|p2a: Scovillain\n|-singleturn|p2a: Scovillain|move: Rage Powder\n|move|p2b: Sneasler|Dire Claw|p1a: Meganium\n|-supereffective|p1a: Meganium|2\n|-damage|p1a: Meganium|0 fnt\n|faint|p1a: Meganium\n|move|p1b: Pelipper|Hurricane|p2a: Scovillain\n|-supereffective|p2a: Scovillain|1\n|-damage|p2a: Scovillain|9/100\n|\n|-weather|RainDance|[upkeep]\n|-damage|p1b: Pelipper|33/100 brn|[from] brn\n|upkeep\n|\n|t:|1775934678\n|switch|p1a: Pikachu|Pikachu, L50, F|100/100\n|turn|6\n|\n|t:|1775934691\n|move|p2b: Sneasler|Protect|p2b: Sneasler\n|-singleturn|p2b: Sneasler|Protect\n|move|p2a: Scovillain|Protect|p2a: Scovillain\n|-singleturn|p2a: Scovillain|Protect\n|move|p1a: Pikachu|Thunderbolt|p2b: Sneasler\n|-activate|p2b: Sneasler|move: Protect\n|move|p1b: Pelipper|Hurricane|p2a: Scovillain\n|-activate|p2a: Scovillain|move: Protect\n|\n|-weather|none\n|-damage|p1b: Pelipper|28/100 brn|[from] brn\n|upkeep\n|turn|7\n|\n|t:|1775934710\n|move|p2b: Sneasler|Dire Claw|p1a: Pikachu\n|-damage|p1a: Pikachu|0 fnt\n|faint|p1a: Pikachu\n|move|p1b: Pelipper|Hurricane|p2a: Scovillain\n|-supereffective|p2a: Scovillain|1\n|-damage|p2a: Scovillain|0 fnt\n|faint|p2a: Scovillain\n|\n|-damage|p1b: Pelipper|22/100 brn|[from] brn\n|-sideend|p1: Walalang|move: Tailwind\n|upkeep\n|\n|t:|1775934720\n|switch|p2a: Sinistcha|Sinistcha, L50|100/100\n|-heal|p2b: Sneasler|58/100|[from] ability: Hospitality|[of] p2a: Sinistcha\n|turn|8\n|-message|Walalang forfeited.\n|\n|win|IAmScorpo\n|raw|Walalang's rating: 1000 &rarr; <strong>1000</strong><br />(+0 for losing)\n|raw|IAmScorpo's rating: 1052 &rarr; <strong>1079</strong><br />(+27 for winning)\n|l|\u2606Walalang\n|player|p1|\n",
  "uploadtime": 1775934747,
  "views": 18,
  "formatid": "gen9championsvgc2026regma",
  "rating": 1000,
  "private": 0,
  "password": null
}