{
  "id": "gen9championsvgc2026regma-2585335062",
  "format": "[Gen 9 Champions] VGC 2026 Reg M-A",
  "players": [
    "Lyricon_12",
    "bekagoat"
  ],
  "log": "|j|\u2606Lyricon_12\n|j|\u2606bekagoat\n|t:|1776338913\n|gametype|doubles\n|player|p1|Lyricon_12|266|1050\n|player|p2|bekagoat|169|1000\n|gen|9\n|tier|[Gen 9 Champions] VGC 2026 Reg M-A\n|rated|\n|rule|Species Clause: Limit one of each Pok\u00e9mon\n|rule|Item Clause: Limit 1 of each item\n|clearpoke\n|poke|p1|Charizard, L50, M|\n|poke|p1|Incineroar, L50, F|\n|poke|p1|Garchomp, L50, M|\n|poke|p1|Venusaur, L50, M|\n|poke|p1|Whimsicott, L50, M|\n|poke|p1|Kingambit, L50, F|\n|poke|p2|Alakazam, L50, F|\n|poke|p2|Golurk, L50|\n|poke|p2|Hydreigon, L50, M|\n|poke|p2|Milotic, L50, M|\n|poke|p2|Rotom-Heat, L50|\n|poke|p2|Sinistcha, L50|\n|teampreview|4\nLyricon_12 rejected open team sheets.\n|\n|t:|1776338940\n|teamsize|p1|4\n|teamsize|p2|4\n|start\n|switch|p1a: Venusaur|Venusaur, L50, M|100/100\n|switch|p1b: Whimsicott|Whimsicott, L50, M|100/100\n|switch|p2a: Alakazam|Alakazam, L50, F|100/100\n|switch|p2b: Golurk|Golurk, L50|100/100\n|turn|1\n|\n|t:|1776338955\n|move|p2b: Golurk|Protect|p2b: Golurk\n|-singleturn|p2b: Golurk|Protect\n|move|p1b: Whimsicott|Sunny Day|p1b: Whimsicott\n|-weather|SunnyDay\n|move|p1a: Venusaur|Sleep Powder|p2a: Alakazam\n|-status|p2a: Alakazam|slp|[from] move: Sleep Powder\n|cant|p2a: Alakazam|slp\n|\n|-weather|SunnyDay|[upkeep]\n|upkeep\n|turn|2\n|\n|t:|1776338989\n|switch|p2a: Sinistcha|Sinistcha, L50|100/100\n|-singleturn|p2b: Golurk|move: Focus Punch\n|move|p1b: Whimsicott|Encore|p2b: Golurk\n|-start|p2b: Golurk|Encore\n|move|p2b: Golurk|Protect||[still]\n|-fail|p2b: Golurk\n|move|p1a: Venusaur|Leaf Storm|p2a: Sinistcha\n|-resisted|p2a: Sinistcha|1\n|-damage|p2a: Sinistcha|57/100\n|-unboost|p1a: Venusaur|spa|2\n|\n|-weather|SunnyDay|[upkeep]\n|-heal|p2a: Sinistcha|64/100|[from] item: Leftovers\n|upkeep\n|turn|3\n|\n|t:|1776339032\n|switch|p1b: Garchomp|Garchomp, L50, M|100/100\n|move|p2a: Sinistcha|Protect|p2a: Sinistcha\n|-singleturn|p2a: Sinistcha|Protect\n|move|p2b: Golurk|Protect|p2b: Golurk\n|-singleturn|p2b: Golurk|Protect\n|move|p1a: Venusaur|Sludge Bomb|p2a: Sinistcha\n|-activate|p2a: Sinistcha|move: Protect\n|\n|-weather|SunnyDay|[upkeep]\n|-heal|p2a: Sinistcha|70/100|[from] item: Leftovers\n|upkeep\n|turn|4\n|\n|t:|1776339060\n|switch|p1a: Whimsicott|Whimsicott, L50, M|100/100\n|detailschange|p2b: Golurk|Golurk-Mega, L50\n|-mega|p2b: Golurk|Golurk|Golurkite\n|move|p2b: Golurk|Protect|p2b: Golurk\n|-singleturn|p2b: Golurk|Protect\n|move|p2a: Sinistcha|Rage Powder|p2a: Sinistcha\n|-singleturn|p2a: Sinistcha|move: Rage Powder\n|move|p1b: Garchomp|Earthquake|p2b: Golurk|[spread] p1a,p2a\n|-activate|p2b: Golurk|move: Protect\n|-resisted|p1a: Whimsicott|1\n|-resisted|p2a: Sinistcha|1\n|-damage|p1a: Whimsicott|77/100\n|-damage|p2a: Sinistcha|53/100\n|\n|-weather|SunnyDay|[upkeep]\n|-heal|p2a: Sinistcha|59/100|[from] item: Leftovers\n|-end|p2b: Golurk|Encore\n|upkeep\n|turn|5\n|\n|t:|1776339090\n|-singleturn|p2b: Golurk|move: Focus Punch\n|move|p2a: Sinistcha|Rage Powder|p2a: Sinistcha\n|-singleturn|p2a: Sinistcha|move: Rage Powder\n|move|p1a: Whimsicott|Moonblast|p2a: Sinistcha\n|-damage|p2a: Sinistcha|18/100\n|move|p1b: Garchomp|Dragon Claw|p2a: Sinistcha\n|-damage|p2a: Sinistcha|0 fnt\n|faint|p2a: Sinistcha\n|move|p2b: Golurk|Focus Punch|p1b: Garchomp\n|-damage|p1b: Garchomp|29/100\n|-damage|p2b: Golurk|88/100|[from] ability: Rough Skin|[of] p1b: Garchomp\n|\n|-weather|none\n|upkeep\n|\n|t:|1776339108\n|switch|p2a: Milotic|Milotic, L50, M|100/100\n|turn|6\n|\n|t:|1776339131\n|move|p1a: Whimsicott|Sunny Day|p1a: Whimsicott\n|-weather|SunnyDay\n|move|p1b: Garchomp|Rock Slide|p2a: Milotic|[spread] p2b\n|-miss|p1b: Garchomp|p2a: Milotic\n|-resisted|p2b: Golurk|1\n|-damage|p2b: Golurk|80/100\n|move|p2a: Milotic|Ice Beam|p1a: Whimsicott\n|-supereffective|p1a: Whimsicott|1\n|-damage|p1a: Whimsicott|0 fnt\n|faint|p1a: Whimsicott\n|move|p2b: Golurk|High Horsepower|p1b: Garchomp\n|-damage|p1b: Garchomp|0 fnt\n|-damage|p2b: Golurk|68/100|[from] ability: Rough Skin|[of] p1b: Garchomp\n|faint|p1b: Garchomp\n|\n|-weather|SunnyDay|[upkeep]\n|upkeep\n|\n|t:|1776339139\n|switch|p1a: Charizard|Charizard, L50, M|100/100\n|switch|p1b: Venusaur|Venusaur, L50, M|100/100\n|turn|7\n|\n|t:|1776339159\n|move|p1a: Charizard|Protect|p1a: Charizard\n|-singleturn|p1a: Charizard|Protect\n|move|p2b: Golurk|Protect|p2b: Golurk\n|-singleturn|p2b: Golurk|Protect\n|move|p1b: Venusaur|Leaf Storm|p2b: Golurk\n|-activate|p2b: Golurk|move: Protect\n|move|p2a: Milotic|Muddy Water|p1b: Venusaur|[spread] p1b\n|-activate|p1a: Charizard|move: Protect\n|-resisted|p1b: Venusaur|1\n|-damage|p1b: Venusaur|92/100\n|\n|-weather|SunnyDay|[upkeep]\n|upkeep\n|turn|8\n|\n|t:|1776339202\n|move|p1b: Venusaur|Sleep Powder|p2a: Milotic|[miss]\n|-miss|p1b: Venusaur|p2a: Milotic\n|move|p1a: Charizard|Air Slash|p2b: Golurk\n|-crit|p2b: Golurk\n|-damage|p2b: Golurk|24/100\n|move|p2a: Milotic|Ice Beam|p1b: Venusaur\n|-supereffective|p1b: Venusaur|1\n|-damage|p1b: Venusaur|22/100\n|move|p2b: Golurk|Shadow Ball|p1a: Charizard\n|-damage|p1a: Charizard|79/100\n|\n|-weather|SunnyDay|[upkeep]\n|upkeep\n|turn|9\n|\n|t:|1776339227\n|move|p2b: Golurk|Protect|p2b: Golurk\n|-singleturn|p2b: Golurk|Protect\n|move|p1b: Venusaur|Sleep Powder|p2a: Milotic|[miss]\n|-miss|p1b: Venusaur|p2a: Milotic\n|move|p1a: Charizard|Air Slash|p2b: Golurk\n|-activate|p2b: Golurk|move: Protect\n|move|p2a: Milotic|Muddy Water|p1b: Venusaur|[spread] p1a,p1b\n|-supereffective|p1a: Charizard|1\n|-resisted|p1b: Venusaur|1\n|-damage|p1a: Charizard|40/100\n|-damage|p1b: Venusaur|13/100\n|\n|-weather|SunnyDay|[upkeep]\n|upkeep\n|turn|10\n|\n|t:|1776339248\n|move|p1a: Charizard|Protect|p1a: Charizard\n|-singleturn|p1a: Charizard|Protect\n|move|p1b: Venusaur|Sleep Powder|p2a: Milotic\n|-status|p2a: Milotic|slp|[from] move: Sleep Powder\n|cant|p2a: Milotic|slp\n|move|p2b: Golurk|Shadow Ball|p1b: Venusaur\n|-damage|p1b: Venusaur|0 fnt\n|faint|p1b: Venusaur\n|\n|-weather|none\n|upkeep\n|turn|11\n|\n|t:|1776339268\n|detailschange|p1a: Charizard|Charizard-Mega-Y, L50, M\n|-mega|p1a: Charizard|Charizard|Charizardite Y\n|-weather|SunnyDay|[from] ability: Drought|[of] p1a: Charizard\n|move|p2b: Golurk|Protect|p2b: Golurk\n|-singleturn|p2b: Golurk|Protect\n|move|p1a: Charizard|Heat Wave|p2b: Golurk|[spread] p2a\n|-activate|p2b: Golurk|move: Protect\n|-resisted|p2a: Milotic|1\n|-damage|p2a: Milotic|76/100 slp\n|cant|p2a: Milotic|slp\n|\n|-weather|SunnyDay|[upkeep]\n|upkeep\n|turn|12\n|\n|t:|1776339292\n|switch|p2a: Alakazam|Alakazam, L50, F|100/100 slp\n|move|p1a: Charizard|Air Slash|p2a: Alakazam|[miss]\n|-miss|p1a: Charizard|p2a: Alakazam\n|move|p2b: Golurk|Shadow Ball|p1a: Charizard\n|-damage|p1a: Charizard|25/100\n|\n|-weather|SunnyDay|[upkeep]\n|upkeep\n|turn|13\n|inactive|Battle timer is ON: inactive players will automatically lose when time's up. (requested by Lyricon_12)\n|\n|t:|1776339310\n|move|p2b: Golurk|Protect|p2b: Golurk\n|-singleturn|p2b: Golurk|Protect\n|cant|p2a: Alakazam|slp\n|move|p1a: Charizard|Heat Wave|p2a: Alakazam|[spread] p2a\n|-activate|p2b: Golurk|move: Protect\n|-damage|p2a: Alakazam|17/100 slp\n|\n|-weather|SunnyDay|[upkeep]\n|upkeep\n|turn|14\n|\n|t:|1776339325\n|switch|p2b: Milotic|Milotic, L50, M|76/100 slp\n|-curestatus|p2a: Alakazam|slp|[msg]\n|move|p2a: Alakazam|Protect|p2a: Alakazam\n|-singleturn|p2a: Alakazam|Protect\n|move|p1a: Charizard|Heat Wave|p2b: Milotic|[spread] p2b\n|-activate|p2a: Alakazam|move: Protect\n|-resisted|p2b: Milotic|1\n|-damage|p2b: Milotic|52/100 slp\n|\n|-weather|SunnyDay|[upkeep]\n|upkeep\n|turn|15\n|\n|t:|1776339345\n|move|p2a: Alakazam|Light Screen|p2a: Alakazam\n|-sidestart|p2: bekagoat|move: Light Screen\n|move|p1a: Charizard|Air Slash|p2b: Milotic|[miss]\n|-miss|p1a: Charizard|p2b: Milotic\n|-curestatus|p2b: Milotic|slp|[msg]\n|move|p2b: Milotic|Muddy Water|p1a: Charizard\n|-supereffective|p1a: Charizard|1\n|-damage|p1a: Charizard|0 fnt\n|faint|p1a: Charizard\n|\n|win|bekagoat\n|raw|Lyricon_12's rating: 1050 &rarr; <strong>1030</strong><br />(-20 for losing)\n|raw|bekagoat's rating: 1000 &rarr; <strong>1046</strong><br />(+46 for winning)\n|l|\u2606Lyricon_12\n|player|p1|\n",
  "uploadtime": 1776339366,
  "views": 17,
  "formatid": "gen9championsvgc2026regma",
  "rating": 1030,
  "private": 0,
  "password": null
}