{
  "id": "gen9championsvgc2026regma-2582538974",
  "format": "[Gen 9 Champions] VGC 2026 Reg M-A",
  "players": [
    "69ingIncineroar",
    "Tinen"
  ],
  "log": "|j|\u260669ingIncineroar\n|j|\u2606Tinen\n|t:|1776098091\n|gametype|doubles\n|player|p1|69ingIncineroar|266|1063\n|player|p2|Tinen|dancer|1000\n|gen|9\n|tier|[Gen 9 Champions] VGC 2026 Reg M-A\n|rated|\n|rule|Species Clause: Limit one of each Pok\u00e9mon\n|rule|Item Clause: Limit 1 of each item\n|clearpoke\n|poke|p1|Sneasler, L50, F|\n|poke|p1|Kingambit, L50, F|\n|poke|p1|Garchomp, L50, F|\n|poke|p1|Basculegion, L50, M|\n|poke|p1|Delphox, L50, M|\n|poke|p1|Aerodactyl, L50, M|\n|poke|p2|Dragonite, L50, F|\n|poke|p2|Scizor, L50, F|\n|poke|p2|Pelipper, L50, F|\n|poke|p2|Basculegion, L50, M|\n|poke|p2|Sinistcha, L50|\n|poke|p2|Umbreon, L50, F|\n|teampreview|4\n|inactive|Battle timer is ON: inactive players will automatically lose when time's up. (requested by 69ingIncineroar)\n|\n|t:|1776098111\n|teamsize|p1|4\n|teamsize|p2|4\n|start\n|switch|p1a: Sneasler|Sneasler, L50, F|100/100\n|switch|p1b: Basculegion|Basculegion, L50, M|100/100\n|switch|p2a: Scizor|Scizor, L50, F|100/100\n|switch|p2b: Pelipper|Pelipper, L50, F|100/100\n|-weather|RainDance|[from] ability: Drizzle|[of] p2b: Pelipper\n|turn|1\n|inactive|69ingIncineroar has 30 seconds left.\n|\n|t:|1776098142\n|move|p2a: Scizor|Protect|p2a: Scizor\n|-singleturn|p2a: Scizor|Protect\n|move|p1b: Basculegion|Flip Turn|p2b: Pelipper\n|-resisted|p2b: Pelipper|1\n|-crit|p2b: Pelipper\n|-damage|p2b: Pelipper|75/100\n|\n|t:|1776098148\n|switch|p1b: Kingambit|Kingambit, L50, F|100/100|[from] Flip Turn\n|move|p1a: Sneasler|Close Combat|p2a: Scizor\n|-activate|p2a: Scizor|move: Protect\n|move|p2b: Pelipper|Hurricane|p1a: Sneasler\n|-supereffective|p1a: Sneasler|1\n|-damage|p1a: Sneasler|0 fnt\n|faint|p1a: Sneasler\n|\n|-weather|RainDance|[upkeep]\n|upkeep\n|\n|t:|1776098168\n|switch|p1a: Basculegion|Basculegion, L50, M|100/100\n|turn|2\n|\n|t:|1776098183\n|switch|p2a: Sinistcha|Sinistcha, L50|100/100\n|-heal|p2b: Pelipper|99/100|[from] ability: Hospitality|[of] p2a: Sinistcha\n|move|p2b: Pelipper|Protect|p2b: Pelipper\n|-singleturn|p2b: Pelipper|Protect\n|move|p1a: Basculegion|Last Respects|p2b: Pelipper\n|-activate|p2b: Pelipper|move: Protect\n|move|p1b: Kingambit|Kowtow Cleave|p2a: Sinistcha\n|-supereffective|p2a: Sinistcha|1\n|-damage|p2a: Sinistcha|8/100\n|-enditem|p2a: Sinistcha|Sitrus Berry|[eat]\n|-heal|p2a: Sinistcha|33/100|[from] item: Sitrus Berry\n|\n|-weather|RainDance|[upkeep]\n|upkeep\n|turn|3\n|\n|t:|1776098205\n|move|p1a: Basculegion|Last Respects|p2b: Pelipper\n|-damage|p2b: Pelipper|61/100\n|move|p2a: Sinistcha|Matcha Gotcha|p1a: Basculegion|[spread] p1a,p1b\n|-supereffective|p1a: Basculegion|1\n|-resisted|p1b: Kingambit|1\n|-damage|p1a: Basculegion|47/100\n|-heal|p2a: Sinistcha|65/100|[from] drain|[of] p1a: Basculegion\n|-damage|p1b: Kingambit|84/100\n|-heal|p2a: Sinistcha|74/100|[from] drain|[of] p1b: Kingambit\n|-status|p1b: Kingambit|brn\n|move|p2b: Pelipper|Tailwind|p2b: Pelipper\n|-sidestart|p2: Tinen|move: Tailwind\n|move|p1b: Kingambit|Kowtow Cleave|p2b: Pelipper\n|-damage|p2b: Pelipper|31/100\n|\n|-weather|RainDance|[upkeep]\n|-damage|p1b: Kingambit|78/100 brn|[from] brn\n|upkeep\n|turn|4\n|inactive|69ingIncineroar has 30 seconds left.\n|inactive|Tinen has 30 seconds left.\n|inactive|69ingIncineroar has 20 seconds left.\n|\n|t:|1776098242\n|move|p1a: Basculegion|Last Respects|p2a: Sinistcha\n|-supereffective|p2a: Sinistcha|1\n|-damage|p2a: Sinistcha|6/100\n|move|p2a: Sinistcha|Life Dew|p2a: Sinistcha|[spread] p2a,p2b\n|-heal|p2a: Sinistcha|31/100\n|-heal|p2b: Pelipper|56/100\n|move|p2b: Pelipper|Weather Ball|p1b: Kingambit\n|-damage|p1b: Kingambit|12/100 brn\n|move|p1b: Kingambit|Kowtow Cleave|p2b: Pelipper\n|-damage|p2b: Pelipper|28/100\n|\n|-weather|RainDance|[upkeep]\n|-damage|p1b: Kingambit|6/100 brn|[from] brn\n|upkeep\n|turn|5\n|inactive|Tinen has 30 seconds left.\n|\n|t:|1776098269\n|switch|p2b: Dragonite|Dragonite, L50, F, shiny|100/100\n|move|p2a: Sinistcha|Rage Powder|p2a: Sinistcha\n|-singleturn|p2a: Sinistcha|move: Rage Powder\n|move|p1b: Kingambit|Sucker Punch||[still]\n|-fail|p1b: Kingambit\n|move|p1a: Basculegion|Last Respects|p2a: Sinistcha\n|-supereffective|p2a: Sinistcha|1\n|-damage|p2a: Sinistcha|0 fnt\n|faint|p2a: Sinistcha\n|\n|-weather|none\n|-damage|p1b: Kingambit|0 fnt|[from] brn\n|faint|p1b: Kingambit\n|upkeep\n|\n|t:|1776098281\n|switch|p2a: Pelipper|Pelipper, L50, F|28/100\n|switch|p1b: Delphox|Delphox, L50, M, shiny|100/100\n|-weather|RainDance|[from] ability: Drizzle|[of] p2a: Pelipper\n|turn|6\n|\n|t:|1776098289\n|detailschange|p2b: Dragonite|Dragonite-Mega, L50, F, shiny\n|-mega|p2b: Dragonite|Dragonite|Dragoninite\n|move|p1b: Delphox|Protect|p1b: Delphox\n|-singleturn|p1b: Delphox|Protect\n|move|p1a: Basculegion|Last Respects|p2b: Dragonite\n|-damage|p2b: Dragonite|72/100\n|move|p2b: Dragonite|Thunder|p1a: Basculegion\n|-supereffective|p1a: Basculegion|1\n|-damage|p1a: Basculegion|0 fnt\n|faint|p1a: Basculegion\n|move|p2a: Pelipper|Weather Ball|p1b: Delphox\n|-activate|p1b: Delphox|move: Protect\n|\n|-weather|RainDance|[upkeep]\n|-sideend|p2: Tinen|move: Tailwind\n|upkeep\n|turn|7\n|\n|t:|1776098311\n|detailschange|p1b: Delphox|Delphox-Mega, L50, M, shiny\n|-mega|p1b: Delphox|Delphox|Delphoxite\n|move|p1b: Delphox|Psyshock|p2b: Dragonite\n|-damage|p2b: Dragonite|28/100\n|move|p2b: Dragonite|Weather Ball|p1b: Delphox\n|-supereffective|p1b: Delphox|1\n|-damage|p1b: Delphox|0 fnt\n|faint|p1b: Delphox\n|\n|win|Tinen\n|raw|69ingIncineroar's rating: 1063 &rarr; <strong>1040</strong><br />(-23 for losing)\n|raw|Tinen's rating: 1000 &rarr; <strong>1047</strong><br />(+47 for winning)\n|l|\u260669ingIncineroar\n|player|p1|\n",
  "uploadtime": 1776098311,
  "views": 14,
  "formatid": "gen9championsvgc2026regma",
  "rating": 1040,
  "private": 0,
  "password": null
}