{
  "id": "gen9championsvgc2026regma-2585335405",
  "format": "[Gen 9 Champions] VGC 2026 Reg M-A",
  "players": [
    "colfox",
    "pinkylee"
  ],
  "log": "|j|\u203dcolfox\n|j|\u2606pinkylee\n|t:|1776338946\n|gametype|doubles\n|player|p1|colfox|2|1265\n|player|p2|pinkylee|lucas|1306\n|gen|9\n|tier|[Gen 9 Champions] VGC 2026 Reg M-A\n|rated|\n|rule|Species Clause: Limit one of each Pok\u00e9mon\n|rule|Item Clause: Limit 1 of each item\n|clearpoke\n|poke|p1|Sylveon, L50, F|\n|poke|p1|Garchomp, L50, F|\n|poke|p1|Milotic, L50, F|\n|poke|p1|Ninetales, L50, M|\n|poke|p1|Raichu, L50, F|\n|poke|p1|Scizor, L50, M|\n|poke|p2|Charizard, L50, M|\n|poke|p2|Milotic, L50, F|\n|poke|p2|Aegislash, L50, M|\n|poke|p2|Garchomp, L50, M|\n|poke|p2|Kingambit, L50, M|\n|poke|p2|Basculegion, L50, M|\n|teampreview|4\n|\n|t:|1776338988\n|teamsize|p1|4\n|teamsize|p2|4\n|start\n|switch|p1a: Garchomp|Garchomp, L50, F|100/100\n|switch|p1b: Raichu|Raichu, L50, F|100/100\n|switch|p2a: Charizard|Charizard, L50, M|100/100\n|switch|p2b: Milotic|Milotic, L50, F|100/100\n|turn|1\n|\n|t:|1776339022\n|detailschange|p2a: Charizard|Charizard-Mega-Y, L50, M\n|-mega|p2a: Charizard|Charizard|Charizardite Y\n|-weather|SunnyDay|[from] ability: Drought|[of] p2a: Charizard\n|move|p2a: Charizard|Protect|p2a: Charizard\n|-singleturn|p2a: Charizard|Protect\n|move|p1b: Raichu|Fake Out|p2b: Milotic\n|-damage|p2b: Milotic|94/100\n|move|p1a: Garchomp|Rock Slide|p2a: Charizard|[spread] \n|-activate|p2a: Charizard|move: Protect\n|-miss|p1a: Garchomp|p2b: Milotic\n|cant|p2b: Milotic|flinch\n|\n|-weather|SunnyDay|[upkeep]\n|-heal|p2b: Milotic|99/100|[from] item: Leftovers\n|upkeep\n|turn|2\n|\n|t:|1776339050\n|switch|p2a: Garchomp|Garchomp, L50, M|100/100\n|move|p1b: Raichu|Thunderbolt|p2a: Garchomp\n|-immune|p2a: Garchomp\n|move|p1a: Garchomp|Rock Slide|p2a: Garchomp|[spread] p2a,p2b\n|-resisted|p2a: Garchomp|1\n|-damage|p2a: Garchomp|92/100\n|-damage|p2b: Milotic|84/100\n|move|p2b: Milotic|Icy Wind|p1a: Garchomp|[spread] p1a,p1b\n|-supereffective|p1a: Garchomp|2\n|-enditem|p1a: Garchomp|Yache Berry|[eat]\n|-enditem|p1a: Garchomp|Yache Berry|[weaken]\n|-damage|p1a: Garchomp|81/100\n|-damage|p1b: Raichu|86/100\n|-unboost|p1a: Garchomp|spe|1\n|-unboost|p1b: Raichu|spe|1\n|\n|-weather|SunnyDay|[upkeep]\n|-heal|p2b: Milotic|90/100|[from] item: Leftovers\n|upkeep\n|turn|3\n|\n|t:|1776339078\n|move|p2b: Milotic|Protect|p2b: Milotic\n|-singleturn|p2b: Milotic|Protect\n|move|p1a: Garchomp|Protect|p1a: Garchomp\n|-singleturn|p1a: Garchomp|Protect\n|move|p2a: Garchomp|Earthquake|p1a: Garchomp|[spread] p1b\n|-activate|p2b: Milotic|move: Protect\n|-activate|p1a: Garchomp|move: Protect\n|-supereffective|p1b: Raichu|1\n|-damage|p1b: Raichu|0 fnt\n|faint|p1b: Raichu\n|\n|-weather|SunnyDay|[upkeep]\n|-heal|p2b: Milotic|96/100|[from] item: Leftovers\n|upkeep\n|\n|t:|1776339094\n|switch|p1b: Scizor|Scizor, L50, M|100/100\n|turn|4\n|\n|t:|1776339110\n|detailschange|p1b: Scizor|Scizor-Mega, L50, M\n|-mega|p1b: Scizor|Scizor|Scizorite\n|move|p2a: Garchomp|Dragon Claw|p1a: Garchomp\n|-supereffective|p1a: Garchomp|1\n|-damage|p1a: Garchomp|0 fnt\n|-damage|p2a: Garchomp|80/100|[from] ability: Rough Skin|[of] p1a: Garchomp\n|faint|p1a: Garchomp\n|move|p2b: Milotic|Icy Wind|p1b: Scizor\n|-resisted|p1b: Scizor|1\n|-damage|p1b: Scizor|94/100\n|-unboost|p1b: Scizor|spe|1\n|move|p1b: Scizor|Bug Bite|p2a: Garchomp\n|-damage|p2a: Garchomp|33/100\n|-enditem|p2a: Garchomp|Sitrus Berry|[from] stealeat|[move] Bug Bite|[of] p1b: Scizor\n|-heal|p1b: Scizor|100/100|[from] item: Sitrus Berry\n|-damage|p1b: Scizor|88/100|[from] ability: Rough Skin|[of] p2a: Garchomp\n|\n|-weather|SunnyDay|[upkeep]\n|-heal|p2b: Milotic|100/100|[from] item: Leftovers\n|upkeep\n|\n|t:|1776339129\n|switch|p1a: Ninetales|Ninetales, L50, M|100/100\n|turn|5\n|\n|t:|1776339141\n|move|p1b: Scizor|Protect|p1b: Scizor\n|-singleturn|p1b: Scizor|Protect\n|move|p1a: Ninetales|Will-O-Wisp|p2a: Garchomp\n|-status|p2a: Garchomp|brn\n|move|p2a: Garchomp|Rock Slide|p1b: Scizor|[spread] p1a\n|-activate|p1b: Scizor|move: Protect\n|-supereffective|p1a: Ninetales|1\n|-crit|p1a: Ninetales\n|-damage|p1a: Ninetales|64/100\n|move|p2b: Milotic|Scald|p1a: Ninetales\n|-supereffective|p1a: Ninetales|1\n|-damage|p1a: Ninetales|38/100\n|\n|-weather|none\n|-damage|p2a: Garchomp|26/100 brn|[from] brn\n|upkeep\n|turn|6\n|\n|t:|1776339166\n|move|p1a: Ninetales|Helping Hand|p1b: Scizor\n|-singleturn|p1b: Scizor|Helping Hand|[of] p1a: Ninetales\n|move|p2a: Garchomp|Rock Slide|p1b: Scizor|[spread] p1a,p1b\n|-supereffective|p1a: Ninetales|1\n|-crit|p1a: Ninetales\n|-damage|p1a: Ninetales|2/100\n|-damage|p1b: Scizor|81/100\n|move|p2b: Milotic|Icy Wind|p1a: Ninetales|[spread] p1a,p1b\n|-resisted|p1a: Ninetales|1\n|-resisted|p1b: Scizor|1\n|-damage|p1a: Ninetales|0 fnt\n|-damage|p1b: Scizor|76/100\n|-unboost|p1b: Scizor|spe|1\n|faint|p1a: Ninetales\n|cant|p1b: Scizor|flinch\n|\n|-damage|p2a: Garchomp|20/100 brn|[from] brn\n|upkeep\n|turn|7\n|\n|t:|1776339185\n|move|p1b: Scizor|Bullet Punch|p2a: Garchomp\n|-damage|p2a: Garchomp|0 fnt\n|-damage|p1b: Scizor|64/100|[from] ability: Rough Skin|[of] p2a: Garchomp\n|faint|p2a: Garchomp\n|move|p2b: Milotic|Scald|p1b: Scizor\n|-damage|p1b: Scizor|33/100\n|\n|upkeep\n|\n|t:|1776339192\n|switch|p2a: Basculegion|Basculegion, L50, M|100/100\n|turn|8\n|-message|colfox forfeited.\n|\n|win|pinkylee\n|raw|colfox's rating: 1265 &rarr; <strong>1243</strong><br />(-22 for losing)\n|raw|pinkylee's rating: 1306 &rarr; <strong>1324</strong><br />(+18 for winning)\n|l|\u2606pinkylee\n|player|p2|\n",
  "uploadtime": 1776339219,
  "views": 42,
  "formatid": "gen9championsvgc2026regma",
  "rating": 1243,
  "private": 0,
  "password": null
}