{
  "id": "gen9championsvgc2026regma-2584794548",
  "format": "[Gen 9 Champions] VGC 2026 Reg M-A",
  "players": [
    "Pinkirbs",
    "eevee1ynn"
  ],
  "log": "|j|\u2606Pinkirbs\n|j|\u2606eevee1ynn\n|t:|1776284164\n|gametype|doubles\n|player|p1|Pinkirbs|skier|1110\n|player|p2|eevee1ynn|lass-gen8|1188\n|gen|9\n|tier|[Gen 9 Champions] VGC 2026 Reg M-A\n|rated|\n|rule|Species Clause: Limit one of each Pok\u00e9mon\n|rule|Item Clause: Limit 1 of each item\n|clearpoke\n|poke|p1|Sneasler, L50, F|\n|poke|p1|Arcanine-Hisui, L50, M|\n|poke|p1|Kingambit, L50, F|\n|poke|p1|Palafin, L50, F|\n|poke|p1|Clefable, L50, M|\n|poke|p1|Froslass, L50, F|\n|poke|p2|Lopunny, L50, M|\n|poke|p2|Talonflame, L50, M|\n|poke|p2|Excadrill, L50, F|\n|poke|p2|Milotic, L50, F|\n|poke|p2|Sinistcha, L50|\n|poke|p2|Sylveon, L50, F|\n|teampreview|4\n|\n|t:|1776284199\n|teamsize|p1|4\n|teamsize|p2|4\n|start\n|switch|p1a: Palafin|Palafin, L50, F, shiny|100/100\n|switch|p1b: Froslass|Froslass, L50, F, shiny|100/100\n|switch|p2a: Milotic|Milotic, L50, F|100/100\n|switch|p2b: Lopunny|Lopunny, L50, M|100/100\n|turn|1\n|\n|t:|1776284223\n|detailschange|p2b: Lopunny|Lopunny-Mega, L50, M\n|-mega|p2b: Lopunny|Lopunny|Lopunnite\n|move|p1b: Froslass|Protect|p1b: Froslass\n|-singleturn|p1b: Froslass|Protect\n|move|p2b: Lopunny|Close Combat|p1b: Froslass\n|-activate|p1b: Froslass|move: Protect\n|move|p1a: Palafin|Flip Turn|p2b: Lopunny\n|-damage|p2b: Lopunny|68/100\n|\n|t:|1776284233\n|detailschange|p1a: Palafin|Palafin-Hero, L50, F, shiny\n|switch|p1a: Clefable|Clefable, L50, M|100/100|[from] Flip Turn\n|move|p2a: Milotic|Scald|p1a: Clefable\n|-damage|p1a: Clefable|72/100\n|\n|upkeep\n|turn|2\n|\n|t:|1776284251\n|switch|p2b: Excadrill|Excadrill, L50, F|100/100\n|-ability|p2b: Excadrill|Mold Breaker\n|detailschange|p1b: Froslass|Froslass-Mega, L50, F, shiny\n|-mega|p1b: Froslass|Froslass|Froslassite\n|-weather|Snowscape|[from] ability: Snow Warning|[of] p1b: Froslass\n|move|p1a: Clefable|Follow Me|p1a: Clefable\n|-singleturn|p1a: Clefable|move: Follow Me\n|move|p1b: Froslass|Blizzard|p2a: Milotic|[spread] p2a,p2b\n|-resisted|p2a: Milotic|1\n|-damage|p2a: Milotic|81/100\n|-damage|p2b: Excadrill|35/100\n|move|p2a: Milotic|Scald|p1a: Clefable\n|-damage|p1a: Clefable|43/100\n|-enditem|p1a: Clefable|Sitrus Berry|[eat]\n|-heal|p1a: Clefable|68/100|[from] item: Sitrus Berry\n|\n|-weather|Snowscape|[upkeep]\n|-heal|p2a: Milotic|87/100|[from] item: Leftovers\n|upkeep\n|turn|3\n|\n|t:|1776284279\n|move|p2b: Excadrill|Iron Head|p1b: Froslass\n|-supereffective|p1b: Froslass|1\n|-crit|p1b: Froslass\n|-damage|p1b: Froslass|0 fnt\n|faint|p1b: Froslass\n|move|p2a: Milotic|Scald|p1a: Clefable\n|-damage|p1a: Clefable|38/100\n|-status|p1a: Clefable|brn\n|move|p1a: Clefable|Thunder Wave|p2a: Milotic\n|-status|p2a: Milotic|par\n|\n|-weather|Snowscape|[upkeep]\n|-heal|p2a: Milotic|93/100 par|[from] item: Leftovers\n|-damage|p1a: Clefable|32/100 brn|[from] brn\n|upkeep\n|\n|t:|1776284289\n|switch|p1b: Palafin|Palafin-Hero, L50, F, shiny|100/100\n|-activate|p1b: Palafin|ability: Zero to Hero\n|turn|4\n|\n|t:|1776284299\n|switch|p2b: Sinistcha|Sinistcha, L50|100/100\n|-heal|p2a: Milotic|100/100 par|[from] ability: Hospitality|[of] p2b: Sinistcha\n|move|p1a: Clefable|Protect|p1a: Clefable\n|-singleturn|p1a: Clefable|Protect\n|move|p1b: Palafin|Flip Turn|p2b: Sinistcha\n|-resisted|p2b: Sinistcha|1\n|-damage|p2b: Sinistcha|81/100\n|\n|t:|1776284306\n|switch|p1b: Sneasler|Sneasler, L50, F|100/100|[from] Flip Turn\n|move|p2a: Milotic|Scald|p1a: Clefable\n|-activate|p1a: Clefable|move: Protect\n|\n|-weather|Snowscape|[upkeep]\n|-damage|p1a: Clefable|26/100 brn|[from] brn\n|upkeep\n|turn|5\n|\n|t:|1776284326\n|move|p1a: Clefable|Helping Hand|p1b: Sneasler\n|-singleturn|p1b: Sneasler|Helping Hand|[of] p1a: Clefable\n|move|p1b: Sneasler|Dire Claw|p2b: Sinistcha\n|-damage|p2b: Sinistcha|26/100\n|-enditem|p2b: Sinistcha|Sitrus Berry|[eat]\n|-heal|p2b: Sinistcha|51/100|[from] item: Sitrus Berry\n|move|p2b: Sinistcha|Matcha Gotcha|p1a: Clefable|[spread] p1b\n|-miss|p2b: Sinistcha|p1a: Clefable\n|-resisted|p1b: Sneasler|1\n|-damage|p1b: Sneasler|85/100\n|-heal|p2b: Sinistcha|58/100|[from] drain|[of] p1b: Sneasler\n|move|p2a: Milotic|Scald|p1b: Sneasler\n|-damage|p1b: Sneasler|41/100\n|-status|p1b: Sneasler|brn\n|\n|-weather|Snowscape|[upkeep]\n|-damage|p1b: Sneasler|35/100 brn|[from] brn\n|-damage|p1a: Clefable|20/100 brn|[from] brn\n|upkeep\n|turn|6\n|\n|t:|1776284352\n|move|p1a: Clefable|Helping Hand|p1b: Sneasler\n|-singleturn|p1b: Sneasler|Helping Hand|[of] p1a: Clefable\n|move|p1b: Sneasler|Dire Claw|p2b: Sinistcha\n|-damage|p2b: Sinistcha|31/100\n|move|p2b: Sinistcha|Matcha Gotcha|p1b: Sneasler|[spread] p1a,p1b\n|-resisted|p1b: Sneasler|1\n|-damage|p1a: Clefable|0 fnt\n|-heal|p2b: Sinistcha|42/100|[from] drain|[of] p1a: Clefable\n|-damage|p1b: Sneasler|19/100 brn\n|-heal|p2b: Sinistcha|49/100|[from] drain|[of] p1b: Sneasler\n|faint|p1a: Clefable\n|move|p2a: Milotic|Scald|p1b: Sneasler\n|-damage|p1b: Sneasler|0 fnt\n|faint|p1b: Sneasler\n|\n|-weather|none\n|upkeep\n|\n|t:|1776284358\n|switch|p1b: Palafin|Palafin-Hero, L50, F, shiny|100/100\n|turn|7\n|\n|t:|1776284366\n|move|p1b: Palafin|Wave Crash|p2b: Sinistcha\n|-resisted|p2b: Sinistcha|1\n|-damage|p2b: Sinistcha|13/100\n|-damage|p1b: Palafin|90/100|[from] Recoil\n|move|p2b: Sinistcha|Matcha Gotcha|p1b: Palafin\n|-supereffective|p1b: Palafin|1\n|-damage|p1b: Palafin|19/100\n|-heal|p2b: Sinistcha|52/100|[from] drain|[of] p1b: Palafin\n|-status|p1b: Palafin|brn\n|move|p2a: Milotic|Scald|p1b: Palafin\n|-resisted|p1b: Palafin|1\n|-damage|p1b: Palafin|2/100 brn\n|\n|-damage|p1b: Palafin|0 fnt|[from] brn\n|faint|p1b: Palafin\n|\n|win|eevee1ynn\n|raw|Pinkirbs's rating: 1110 &rarr; <strong>1091</strong><br />(-19 for losing)\n|raw|eevee1ynn's rating: 1188 &rarr; <strong>1207</strong><br />(+19 for winning)\n",
  "uploadtime": 1776284366,
  "views": 21,
  "formatid": "gen9championsvgc2026regma",
  "rating": 1091,
  "private": 0,
  "password": null
}