{
  "id": "gen9championsvgc2026regma-2586772083",
  "format": "[Gen 9 Champions] VGC 2026 Reg M-A",
  "players": [
    "coach pika",
    "samumb18"
  ],
  "log": "|j|\u2606coach pika\n|j|\u203dsamumb18\n|t:|1776458675\n|gametype|doubles\n|player|p1|coach pika|pokekid|1296\n|player|p2|samumb18|2|1244\n|gen|9\n|tier|[Gen 9 Champions] VGC 2026 Reg M-A\n|rated|\n|rule|Species Clause: Limit one of each Pok\u00e9mon\n|rule|Item Clause: Limit 1 of each item\n|clearpoke\n|poke|p1|Bellibolt, L50, F|\n|poke|p1|Araquanid, L50, F|\n|poke|p1|Sinistcha, L50|\n|poke|p1|Manectric, L50, M|\n|poke|p1|Pelipper, L50, M|\n|poke|p1|Basculegion, L50, M|\n|poke|p2|Froslass, L50, F|\n|poke|p2|Garchomp, L50, M|\n|poke|p2|Rotom-Frost, L50|\n|poke|p2|Sneasler, L50, M|\n|poke|p2|Talonflame, L50, F|\n|poke|p2|Kingambit, L50, M|\n|teampreview|4\n|inactive|Battle timer is ON: inactive players will automatically lose when time's up. (requested by samumb18)\n|\n|t:|1776458698\n|teamsize|p1|4\n|teamsize|p2|4\n|start\n|switch|p1a: Araquanid|Araquanid, L50, F|100/100\n|switch|p1b: Sinistcha|Sinistcha, L50|100/100\n|switch|p2a: Froslass|Froslass, L50, F|100/100\n|switch|p2b: Rotom|Rotom-Frost, L50|100/100\n|turn|1\n|\n|t:|1776458715\n|detailschange|p2a: Froslass|Froslass-Mega, L50, F\n|-mega|p2a: Froslass|Froslass|Froslassite\n|-weather|Snowscape|[from] ability: Snow Warning|[of] p2a: Froslass\n|move|p1a: Araquanid|Wide Guard|p1a: Araquanid\n|-singleturn|p1a: Araquanid|Wide Guard\n|move|p2b: Rotom|Electroweb|p1b: Sinistcha|[spread] \n|-activate|p1a: Araquanid|move: Wide Guard\n|-activate|p1b: Sinistcha|move: Wide Guard\n|move|p2a: Froslass|Blizzard|p1a: Araquanid|[spread] \n|-activate|p1a: Araquanid|move: Wide Guard\n|-activate|p1b: Sinistcha|move: Wide Guard\n|move|p1b: Sinistcha|Trick Room|p1b: Sinistcha\n|-fieldstart|move: Trick Room|[of] p1b: Sinistcha\n|\n|-weather|Snowscape|[upkeep]\n|upkeep\n|turn|2\n|\n|t:|1776458732\n|switch|p1b: Bellibolt|Bellibolt, L50, F|100/100\n|move|p1a: Araquanid|Soak|p2a: Froslass\n|-start|p2a: Froslass|typechange|Water\n|move|p2a: Froslass|Shadow Ball|p1b: Bellibolt\n|-damage|p1b: Bellibolt|72/100\n|-unboost|p1b: Bellibolt|spd|1\n|-start|p1b: Bellibolt|Charge|Shadow Ball|[from] ability: Electromorphosis\n|move|p2b: Rotom|Electroweb|p1a: Araquanid|[spread] p1a,p1b\n|-supereffective|p1a: Araquanid|1\n|-resisted|p1b: Bellibolt|1\n|-damage|p1a: Araquanid|76/100\n|-damage|p1b: Bellibolt|60/100\n|-unboost|p1a: Araquanid|spe|1\n|-unboost|p1b: Bellibolt|spe|1\n|-start|p1b: Bellibolt|Charge|Electroweb|[from] ability: Electromorphosis\n|\n|-weather|Snowscape|[upkeep]\n|upkeep\n|turn|3\n|-activate|p1a: Araquanid|item: Quick Claw\n|\n|t:|1776458754\n|switch|p2a: Garchomp|Garchomp, L50, M|100/100\n|move|p1a: Araquanid|Wide Guard|p1a: Araquanid\n|-singleturn|p1a: Araquanid|Wide Guard\n|move|p1b: Bellibolt|Parabolic Charge|p2a: Garchomp|[spread] p2b\n|-activate|p1a: Araquanid|move: Wide Guard\n|-immune|p2a: Garchomp\n|-resisted|p2b: Rotom|1\n|-damage|p2b: Rotom|65/100\n|-heal|p1b: Bellibolt|70/100|[from] drain|[of] p2b: Rotom\n|-end|p1b: Bellibolt|Charge|[silent]\n|move|p2b: Rotom|Electroweb|p1b: Bellibolt|[spread] \n|-activate|p1a: Araquanid|move: Wide Guard\n|-activate|p1b: Bellibolt|move: Wide Guard\n|\n|-weather|Snowscape|[upkeep]\n|upkeep\n|turn|4\n|-activate|p1a: Araquanid|item: Quick Claw\n|\n|t:|1776458770\n|move|p1b: Bellibolt|Protect|p1b: Bellibolt\n|-singleturn|p1b: Bellibolt|Protect\n|move|p1a: Araquanid|Soak|p2a: Garchomp\n|-start|p2a: Garchomp|typechange|Water\n|move|p2a: Garchomp|Stomping Tantrum|p1b: Bellibolt\n|-activate|p1b: Bellibolt|move: Protect\n|move|p2b: Rotom|Electroweb|p1b: Bellibolt|[spread] p1a\n|-activate|p1b: Bellibolt|move: Protect\n|-supereffective|p1a: Araquanid|1\n|-damage|p1a: Araquanid|51/100\n|-unboost|p1a: Araquanid|spe|1\n|\n|-weather|Snowscape|[upkeep]\n|upkeep\n|turn|5\n|\n|t:|1776458791\n|move|p2a: Garchomp|Protect|p2a: Garchomp\n|-singleturn|p2a: Garchomp|Protect\n|move|p1a: Araquanid|Soak|p2b: Rotom\n|-start|p2b: Rotom|typechange|Water\n|move|p1b: Bellibolt|Parabolic Charge|p2a: Garchomp|[spread] p1a,p2b\n|-activate|p2a: Garchomp|move: Protect\n|-supereffective|p1a: Araquanid|1\n|-supereffective|p2b: Rotom|1\n|-damage|p1a: Araquanid|10/100\n|-heal|p1b: Bellibolt|87/100|[from] drain|[of] p1a: Araquanid\n|-damage|p2b: Rotom|0 fnt\n|-heal|p1b: Bellibolt|100/100|[from] drain|[of] p2b: Rotom\n|faint|p2b: Rotom\n|\n|-weather|none\n|-fieldend|move: Trick Room\n|upkeep\n|\n|t:|1776458808\n|switch|p2b: Kingambit|Kingambit, L50, M|100/100\n|turn|6\n|\n|t:|1776458821\n|move|p2a: Garchomp|Stomping Tantrum|p1b: Bellibolt\n|-supereffective|p1b: Bellibolt|1\n|-damage|p1b: Bellibolt|53/100\n|-start|p1b: Bellibolt|Charge|Stomping Tantrum|[from] ability: Electromorphosis\n|move|p2b: Kingambit|Kowtow Cleave|p1b: Bellibolt\n|-damage|p1b: Bellibolt|13/100\n|-start|p1b: Bellibolt|Charge|Kowtow Cleave|[from] ability: Electromorphosis\n|move|p1b: Bellibolt|Parabolic Charge|p2a: Garchomp|[spread] p1a,p2a,p2b\n|-supereffective|p1a: Araquanid|1\n|-supereffective|p2a: Garchomp|1\n|-damage|p1a: Araquanid|0 fnt\n|-heal|p1b: Bellibolt|17/100|[from] drain|[of] p1a: Araquanid\n|-damage|p2a: Garchomp|0 fnt\n|-heal|p1b: Bellibolt|61/100|[from] drain|[of] p2a: Garchomp\n|-damage|p2b: Kingambit|47/100\n|-heal|p1b: Bellibolt|87/100|[from] drain|[of] p2b: Kingambit\n|faint|p1a: Araquanid\n|faint|p2a: Garchomp\n|-end|p1b: Bellibolt|Charge|[silent]\n|\n|upkeep\n|\n|t:|1776458839\n|switch|p2a: Froslass|Froslass-Mega, L50, F|100/100\n|switch|p1a: Manectric|Manectric, L50, M|100/100\n|-weather|Snowscape|[from] ability: Snow Warning|[of] p2a: Froslass\n|turn|7\n|\n|t:|1776458849\n|move|p1a: Manectric|Protect|p1a: Manectric\n|-singleturn|p1a: Manectric|Protect\n|move|p2b: Kingambit|Sucker Punch||[still]\n|-fail|p2b: Kingambit\n|move|p2a: Froslass|Blizzard|p1b: Bellibolt|[spread] p1b\n|-activate|p1a: Manectric|move: Protect\n|-damage|p1b: Bellibolt|23/100\n|-start|p1b: Bellibolt|Charge|Blizzard|[from] ability: Electromorphosis\n|move|p1b: Bellibolt|Parabolic Charge|p2b: Kingambit|[spread] p2a,p2b\n|-activate|p1a: Manectric|move: Protect\n|-damage|p2a: Froslass|27/100\n|-heal|p1b: Bellibolt|47/100|[from] drain|[of] p2a: Froslass\n|-damage|p2b: Kingambit|0 fnt\n|-heal|p1b: Bellibolt|69/100|[from] drain|[of] p2b: Kingambit\n|faint|p2b: Kingambit\n|-end|p1b: Bellibolt|Charge|[silent]\n|\n|-weather|Snowscape|[upkeep]\n|upkeep\n|turn|8\n|-message|samumb18 forfeited.\n|l|\u203dsamumb18\n|inactive|samumb18 disconnected and has a minute to reconnect!\n|player|p2|\n|\n|win|coach pika\n|raw|coach pika's rating: 1296 &rarr; <strong>1317</strong><br />(+21 for winning)\n|raw|samumb18's rating: 1244 &rarr; <strong>1223</strong><br />(-21 for losing)\n",
  "uploadtime": 1776458883,
  "views": 64,
  "formatid": "gen9championsvgc2026regma",
  "rating": 1223,
  "private": 0,
  "password": null
}