{
  "id": "gen9championsvgc2026regma-2584619729",
  "format": "[Gen 9 Champions] VGC 2026 Reg M-A",
  "players": [
    "FrozenFlynn",
    "C_H_A_N_T_Y457"
  ],
  "log": "|j|\u2606FrozenFlynn\n|j|\u2606C_H_A_N_T_Y457\n|t:|1776272546\n|gametype|doubles\n|player|p1|FrozenFlynn|cheren-gen5bw2|1103\n|player|p2|C_H_A_N_T_Y457|1|1182\n|gen|9\n|tier|[Gen 9 Champions] VGC 2026 Reg M-A\n|rated|\n|rule|Species Clause: Limit one of each Pok\u00e9mon\n|rule|Item Clause: Limit 1 of each item\n|clearpoke\n|poke|p1|Cofagrigus, L50, F|\n|poke|p1|Crabominable, L50, F|\n|poke|p1|Rotom-Wash, L50|\n|poke|p1|Armarouge, L50, M|\n|poke|p1|Drampa, L50, M|\n|poke|p1|Sinistcha, L50|\n|poke|p2|Raichu, L50, M|\n|poke|p2|Gyarados, L50, M|\n|poke|p2|Talonflame, L50, M|\n|poke|p2|Arcanine-Hisui, L50, F|\n|poke|p2|Sneasler, L50, M|\n|poke|p2|Milotic, L50, M|\n|teampreview|4\n|inactive|Battle timer is ON: inactive players will automatically lose when time's up. (requested by FrozenFlynn)\nC_H_A_N_T_Y457 rejected open team sheets.\n|inactive|FrozenFlynn has 60 seconds left.\n|inactive|C_H_A_N_T_Y457 has 60 seconds left.\n|inactive|FrozenFlynn has 30 seconds left.\n|inactive|C_H_A_N_T_Y457 has 30 seconds left.\n|inactive|C_H_A_N_T_Y457 has 20 seconds left.\n|\n|t:|1776272619\n|teamsize|p1|4\n|teamsize|p2|4\n|start\n|switch|p1a: Cofagrigus|Cofagrigus, L50, F|100/100\n|switch|p1b: Rotom|Rotom-Wash, L50|100/100\n|switch|p2a: Raichu|Raichu, L50, M|100/100\n|switch|p2b: Gyarados|Gyarados, L50, M|100/100\n|-ability|p2b: Gyarados|Intimidate|boost\n|-unboost|p1a: Cofagrigus|atk|1\n|-unboost|p1b: Rotom|atk|1\n|turn|1\n|inactive|FrozenFlynn has 30 seconds left.\n|inactive|FrozenFlynn has 20 seconds left.\n|inactive|FrozenFlynn has 15 seconds left.\n|\n|t:|1776272661\n|detailschange|p2b: Gyarados|Gyarados-Mega, L50, M\n|-mega|p2b: Gyarados|Gyarados|Gyaradosite\n|-ability|p2b: Gyarados|Mold Breaker\n|move|p2a: Raichu|Nuzzle|p1a: Cofagrigus\n|-damage|p1a: Cofagrigus|95/100\n|-status|p1a: Cofagrigus|par\n|-activate|p1a: Cofagrigus|ability: Mummy|p2a: Raichu|[ability] Lightning Rod\n|move|p2b: Gyarados|Lash Out|p1a: Cofagrigus\n|-supereffective|p1a: Cofagrigus|1\n|-enditem|p1a: Cofagrigus|Colbur Berry|[eat]\n|-enditem|p1a: Cofagrigus|Colbur Berry|[weaken]\n|-damage|p1a: Cofagrigus|64/100 par\n|-activate|p1a: Cofagrigus|ability: Mummy|p2b: Gyarados|[ability] Mold Breaker\n|move|p1b: Rotom|Will-O-Wisp|p2b: Gyarados\n|-status|p2b: Gyarados|brn\n|move|p1a: Cofagrigus|Trick Room|p1a: Cofagrigus\n|-fieldstart|move: Trick Room|[of] p1a: Cofagrigus\n|\n|-damage|p2b: Gyarados|95/100 brn|[from] brn\n|upkeep\n|turn|2\n|inactive|FrozenFlynn has 30 seconds left.\n|inactive|C_H_A_N_T_Y457 has 30 seconds left.\n|\n|t:|1776272694\n|switch|p2a: Talonflame|Talonflame, L50, M|100/100\n|move|p1a: Cofagrigus|Protect|p1a: Cofagrigus\n|-singleturn|p1a: Cofagrigus|Protect\n|move|p2b: Gyarados|Protect|p2b: Gyarados\n|-singleturn|p2b: Gyarados|Protect\n|move|p1b: Rotom|Volt Switch|p2b: Gyarados\n|-activate|p2b: Gyarados|move: Protect\n|\n|-damage|p2b: Gyarados|89/100 brn|[from] brn\n|upkeep\n|turn|3\n|inactive|FrozenFlynn has 30 seconds left.\n|inactive|C_H_A_N_T_Y457 has 30 seconds left.\n|inactive|FrozenFlynn has 20 seconds left.\n|inactive|C_H_A_N_T_Y457 has 20 seconds left.\n|inactive|FrozenFlynn has 15 seconds left.\n|inactive|C_H_A_N_T_Y457 has 15 seconds left.\n|inactive|FrozenFlynn has 10 seconds left.\n|inactive|FrozenFlynn has 5 seconds left.\n|\n|t:|1776272749\n|switch|p1a: Sinistcha|Sinistcha, L50|100/100\n|switch|p2b: Raichu|Raichu, L50, M|100/100\n|move|p1b: Rotom|Protect|p1b: Rotom\n|-singleturn|p1b: Rotom|Protect\n|move|p2a: Talonflame|Dual Wingbeat|p1a: Sinistcha\n|-supereffective|p1a: Sinistcha|1\n|-damage|p1a: Sinistcha|63/100\n|-supereffective|p1a: Sinistcha|1\n|-damage|p1a: Sinistcha|30/100\n|-hitcount|p1a: Sinistcha|2\n|\n|upkeep\n|turn|4\n|inactive|FrozenFlynn has 30 seconds left.\n|\n|t:|1776272776\n|move|p2b: Raichu|Fake Out|p1b: Rotom\n|-damage|p1b: Rotom|92/100\n|move|p2a: Talonflame|Dual Wingbeat|p1a: Sinistcha|[miss]\n|-miss|p2a: Talonflame|p1a: Sinistcha\n|move|p1a: Sinistcha|Life Dew|p1a: Sinistcha|[spread] p1a,p1b\n|-heal|p1a: Sinistcha|55/100\n|-heal|p1b: Rotom|100/100\n|cant|p1b: Rotom|flinch\n|\n|upkeep\n|turn|5\n|\n|t:|1776272796\n|move|p2a: Talonflame|Dual Wingbeat|p1a: Sinistcha\n|-supereffective|p1a: Sinistcha|1\n|-damage|p1a: Sinistcha|17/100\n|-supereffective|p1a: Sinistcha|1\n|-damage|p1a: Sinistcha|0 fnt\n|faint|p1a: Sinistcha\n|-hitcount|p1: Sinistcha|2\n|move|p1b: Rotom|Volt Switch|p2b: Raichu\n|-activate|p2b: Raichu|ability: Lightning Rod\n|-ability|p2b: Raichu|Lightning Rod|boost\n|-boost|p2b: Raichu|spa|1\n|move|p2b: Raichu|Thunderbolt|p1b: Rotom\n|-damage|p1b: Rotom|60/100\n|\n|-fieldend|move: Trick Room\n|upkeep\n|\n|t:|1776272813\n|switch|p1a: Armarouge|Armarouge, L50, M|100/100\n|turn|6\n|\n|t:|1776272830\n|move|p2a: Talonflame|Dual Wingbeat|p1a: Armarouge\n|-damage|p1a: Armarouge|82/100\n|-damage|p1a: Armarouge|65/100\n|-hitcount|p1a: Armarouge|2\n|move|p2b: Raichu|Thunderbolt|p1a: Armarouge\n|-damage|p1a: Armarouge|22/100\n|move|p1b: Rotom|Hydro Pump|p2a: Talonflame\n|-supereffective|p2a: Talonflame|1\n|-damage|p2a: Talonflame|0 fnt\n|faint|p2a: Talonflame\n|move|p1a: Armarouge|Trick Room|p1a: Armarouge\n|-fieldstart|move: Trick Room|[of] p1a: Armarouge\n|\n|upkeep\n|\n|t:|1776272836\n|switch|p2a: Gyarados|Gyarados-Mega, L50, M|89/100 brn\n|-ability|p2a: Gyarados|Mold Breaker\n|turn|7\n|\n|t:|1776272859\n|move|p1a: Armarouge|Protect|p1a: Armarouge\n|-singleturn|p1a: Armarouge|Protect\n|move|p1b: Rotom|Will-O-Wisp|p2b: Raichu\n|-status|p2b: Raichu|brn\n|move|p2a: Gyarados|Waterfall|p1b: Rotom\n|-resisted|p1b: Rotom|1\n|-damage|p1b: Rotom|47/100\n|move|p2b: Raichu|Thunderbolt|p1a: Armarouge\n|-activate|p1a: Armarouge|move: Protect\n|\n|-damage|p2a: Gyarados|83/100 brn|[from] brn\n|-damage|p2b: Raichu|95/100 brn|[from] brn\n|upkeep\n|turn|8\n|inactive|FrozenFlynn has 30 seconds left.\n|\n|t:|1776272887\n|move|p1a: Armarouge|Heat Wave|p2a: Gyarados|[spread] p2a,p2b\n|-resisted|p2a: Gyarados|1\n|-damage|p2a: Gyarados|66/100 brn\n|-damage|p2b: Raichu|40/100 brn\n|move|p1b: Rotom|Hydro Pump|p2b: Raichu\n|-damage|p2b: Raichu|0 fnt\n|faint|p2b: Raichu\n|move|p2a: Gyarados|Lash Out|p1b: Rotom\n|-damage|p1b: Rotom|24/100\n|\n|-damage|p2a: Gyarados|60/100 brn|[from] brn\n|upkeep\n|\n|t:|1776272893\n|switch|p2b: Sneasler|Sneasler, L50, M|100/100\n|turn|9\n|\n|t:|1776272915\n|move|p1a: Armarouge|Protect|p1a: Armarouge\n|-singleturn|p1a: Armarouge|Protect\n|move|p1b: Rotom|Volt Switch|p2a: Gyarados\n|-supereffective|p2a: Gyarados|1\n|-damage|p2a: Gyarados|0 fnt\n|faint|p2a: Gyarados\n|\n|t:|1776272922\n|switch|p1b: Cofagrigus|Cofagrigus, L50, F|64/100 par|[from] Volt Switch\n|move|p2b: Sneasler|Close Combat|p1b: Cofagrigus\n|-immune|p1b: Cofagrigus\n|\n|upkeep\n|turn|10\n|-message|C_H_A_N_T_Y457 forfeited.\n|\n|win|FrozenFlynn\n|raw|FrozenFlynn's rating: 1103 &rarr; <strong>1134</strong><br />(+31 for winning)\n|raw|C_H_A_N_T_Y457's rating: 1182 &rarr; <strong>1151</strong><br />(-31 for losing)\n|l|\u2606C_H_A_N_T_Y457\n|player|p2|\n",
  "uploadtime": 1776272931,
  "views": 33,
  "formatid": "gen9championsvgc2026regma",
  "rating": 1134,
  "private": 0,
  "password": null
}