{
  "id": "gen9championsvgc2026regma-2584729841",
  "format": "[Gen 9 Champions] VGC 2026 Reg M-A",
  "players": [
    "uzuiy",
    "scotcor"
  ],
  "log": "|j|\u2606uzuiy\n|j|\u2606scotcor\n|t:|1776279584\n|gametype|doubles\n|player|p1|uzuiy|102|1103\n|player|p2|scotcor|cynthia-gen4|1067\n|gen|9\n|tier|[Gen 9 Champions] VGC 2026 Reg M-A\n|rated|\n|rule|Species Clause: Limit one of each Pok\u00e9mon\n|rule|Item Clause: Limit 1 of each item\n|clearpoke\n|poke|p1|Sneasler, L50, M|\n|poke|p1|Greninja-*, L50, F|\n|poke|p1|Pelipper, L50, F|\n|poke|p1|Palafin, L50, F|\n|poke|p1|Archaludon, L50, M|\n|poke|p1|Maushold, L50|\n|poke|p2|Garchomp, L50, M|\n|poke|p2|Sableye, L50, M|\n|poke|p2|Milotic, L50, M|\n|poke|p2|Espathra, L50, F|\n|poke|p2|Gardevoir, L50, M|\n|poke|p2|Charizard, L50, F|\n|teampreview|4\n|\n|t:|1776279617\n|teamsize|p1|4\n|teamsize|p2|4\n|start\n|switch|p1a: Palafin|Palafin, L50, F|100/100\n|switch|p1b: Maushold|Maushold, L50|100/100\n|switch|p2a: Sableye|Sableye, L50, M|100/100\n|switch|p2b: Espathra|Espathra, L50, F|100/100\n|turn|1\n|inactive|Battle timer is ON: inactive players will automatically lose when time's up. (requested by scotcor)\n|\n|t:|1776279633\n|move|p2b: Espathra|Protect|p2b: Espathra\n|-singleturn|p2b: Espathra|Protect\n|move|p2a: Sableye|Fake Out|p1a: Palafin\n|-damage|p1a: Palafin|93/100\n|move|p1b: Maushold|Taunt|p2b: Espathra\n|-activate|p2b: Espathra|move: Protect\n|cant|p1a: Palafin|flinch\n|\n|-ability|p2b: Espathra|Speed Boost|boost\n|-boost|p2b: Espathra|spe|1\n|upkeep\n|turn|2\n|\n|t:|1776279654\n|move|p2a: Sableye|Gravity|p2a: Sableye\n|-fieldstart|move: Gravity\n|move|p2b: Espathra|Hypnosis|p1a: Palafin\n|-status|p1a: Palafin|slp|[from] move: Hypnosis\n|move|p1b: Maushold|Taunt|p2b: Espathra\n|-start|p2b: Espathra|move: Taunt\n|cant|p1a: Palafin|slp\n|\n|-ability|p2b: Espathra|Speed Boost|boost\n|-boost|p2b: Espathra|spe|1\n|upkeep\n|turn|3\n|inactive|scotcor has 30 seconds left.\n|\n|t:|1776279682\n|detailschange|p1a: Palafin|Palafin-Hero, L50, F\n|switch|p1a: Pelipper|Pelipper, L50, F|100/100\n|-weather|RainDance|[from] ability: Drizzle|[of] p1a: Pelipper\n|switch|p2a: Milotic|Milotic, L50, M|100/100\n|move|p2b: Espathra|Lumina Crash|p1b: Maushold\n|-damage|p1b: Maushold|60/100\n|-unboost|p1b: Maushold|spd|2\n|move|p1b: Maushold|Super Fang|p2b: Espathra\n|-damage|p2b: Espathra|50/100\n|\n|-weather|RainDance|[upkeep]\n|-ability|p2b: Espathra|Speed Boost|boost\n|-boost|p2b: Espathra|spe|1\n|upkeep\n|turn|4\n|inactive|uzuiy has 30 seconds left.\n|\n|t:|1776279707\n|move|p2b: Espathra|Lumina Crash|p1b: Maushold\n|-damage|p1b: Maushold|0 fnt\n|faint|p1b: Maushold\n|move|p1a: Pelipper|Hurricane|p2a: Milotic\n|-damage|p2a: Milotic|62/100\n|-start|p2a: Milotic|confusion\n|-activate|p2a: Milotic|confusion\n|-damage|p2a: Milotic|56/100|[from] confusion\n|\n|-weather|RainDance|[upkeep]\n|-ability|p2b: Espathra|Speed Boost|boost\n|-boost|p2b: Espathra|spe|1\n|upkeep\n|\n|t:|1776279723\n|switch|p1b: Archaludon|Archaludon, L50, M|100/100\n|turn|5\n|\n|t:|1776279735\n|move|p2b: Espathra|Lumina Crash|p1a: Pelipper\n|-damage|p1a: Pelipper|35/100\n|-unboost|p1a: Pelipper|spd|2\n|move|p1b: Archaludon|Electro Shot||[still]\n|-prepare|p1b: Archaludon|Electro Shot\n|-boost|p1b: Archaludon|spa|1\n|-anim|p1b: Archaludon|Electro Shot|p2b: Espathra\n|-damage|p2b: Espathra|0 fnt\n|faint|p2b: Espathra\n|move|p1a: Pelipper|Tailwind|p1a: Pelipper\n|-sidestart|p1: uzuiy|move: Tailwind\n|-activate|p2a: Milotic|confusion\n|move|p2a: Milotic|Hypnosis|p1b: Archaludon\n|-status|p1b: Archaludon|slp|[from] move: Hypnosis\n|\n|-weather|RainDance|[upkeep]\n|upkeep\n|\n|t:|1776279750\n|switch|p2b: Charizard|Charizard, L50, F, shiny|100/100\n|turn|6\n|\n|t:|1776279780\n|switch|p1a: Palafin|Palafin-Hero, L50, F|93/100 slp\n|-activate|p1a: Palafin|ability: Zero to Hero\n|detailschange|p2b: Charizard|Charizard-Mega-Y, L50, F, shiny\n|-mega|p2b: Charizard|Charizard|Charizardite Y\n|-weather|SunnyDay|[from] ability: Drought|[of] p2b: Charizard\n|cant|p1b: Archaludon|slp\n|move|p2b: Charizard|Heat Wave|p1b: Archaludon|[spread] p1a,p1b\n|-resisted|p1a: Palafin|1\n|-damage|p1a: Palafin|51/100 slp\n|-damage|p1b: Archaludon|11/100 slp\n|-ability|p1b: Archaludon|Stamina|boost\n|-boost|p1b: Archaludon|def|1\n|-activate|p2a: Milotic|confusion\n|-damage|p2a: Milotic|50/100|[from] confusion\n|-enditem|p2a: Milotic|Sitrus Berry|[eat]\n|-heal|p2a: Milotic|75/100|[from] item: Sitrus Berry\n|\n|-weather|SunnyDay|[upkeep]\n|-heal|p1b: Archaludon|17/100 slp|[from] item: Leftovers\n|-fieldend|move: Gravity\n|upkeep\n|turn|7\n|\n|t:|1776279804\n|switch|p1b: Pelipper|Pelipper, L50, F|35/100\n|-weather|RainDance|[from] ability: Drizzle|[of] p1b: Pelipper\n|switch|p2a: Sableye|Sableye, L50, M|100/100\n|move|p2b: Charizard|Protect|p2b: Charizard\n|-singleturn|p2b: Charizard|Protect\n|-curestatus|p1a: Palafin|slp|[msg]\n|move|p1a: Palafin|Flip Turn|p2b: Charizard\n|-activate|p2b: Charizard|move: Protect\n|\n|-weather|RainDance|[upkeep]\n|upkeep\n|turn|8\n|\n|t:|1776279827\n|switch|p2b: Milotic|Milotic, L50, M|75/100\n|move|p2a: Sableye|Fake Out|p1a: Palafin\n|-damage|p1a: Palafin|43/100\n|cant|p1a: Palafin|flinch\n|move|p1b: Pelipper|Hurricane|p2a: Sableye\n|-damage|p2a: Sableye|37/100\n|-start|p2a: Sableye|confusion\n|\n|-weather|RainDance|[upkeep]\n|-sideend|p1: uzuiy|move: Tailwind\n|upkeep\n|turn|9\n|inactive|uzuiy has 30 seconds left.\n|\n|t:|1776279855\n|-activate|p2a: Sableye|confusion\n|-damage|p2a: Sableye|28/100|[from] confusion\n|move|p1a: Palafin|Wave Crash|p2a: Sableye\n|-damage|p2a: Sableye|0 fnt\n|faint|p2a: Sableye\n|-damage|p1a: Palafin|36/100|[from] Recoil\n|move|p1b: Pelipper|Hurricane|p2b: Milotic\n|-damage|p2b: Milotic|40/100\n|move|p2b: Milotic|Hypnosis|p1a: Palafin|[miss]\n|-miss|p2b: Milotic|p1a: Palafin\n|\n|-weather|RainDance|[upkeep]\n|upkeep\n|\n|t:|1776279866\n|switch|p2a: Charizard|Charizard-Mega-Y, L50, F, shiny|100/100\n|-weather|SunnyDay|[from] ability: Drought|[of] p2a: Charizard\n|turn|10\n|\n|t:|1776279881\n|move|p1b: Pelipper|Wide Guard|p1b: Pelipper\n|-singleturn|p1b: Pelipper|Wide Guard\n|move|p1a: Palafin|Flip Turn|p2a: Charizard\n|-supereffective|p2a: Charizard|1\n|-damage|p2a: Charizard|40/100\n|\n|t:|1776279887\n|switch|p1a: Archaludon|Archaludon, L50, M|17/100 slp|[from] Flip Turn\n|move|p2a: Charizard|Solar Beam||[still]\n|-prepare|p2a: Charizard|Solar Beam\n|-anim|p2a: Charizard|Solar Beam|p1a: Archaludon\n|-resisted|p1a: Archaludon|2\n|-damage|p1a: Archaludon|0 fnt\n|faint|p1a: Archaludon\n|move|p2b: Milotic|Ice Beam|p1b: Pelipper\n|-damage|p1b: Pelipper|0 fnt\n|faint|p1b: Pelipper\n|\n|-weather|SunnyDay|[upkeep]\n|upkeep\n|inactive|uzuiy has 30 seconds left.\n|\n|t:|1776279920\n|switch|p1b: Palafin|Palafin-Hero, L50, F|36/100\n|turn|11\n|\n|t:|1776279931\n|move|p2a: Charizard|Protect|p2a: Charizard\n|-singleturn|p2a: Charizard|Protect\n|move|p1b: Palafin|Flip Turn|p2a: Charizard\n|-activate|p2a: Charizard|move: Protect\n|move|p2b: Milotic|Ice Beam|p1b: Palafin\n|-resisted|p1b: Palafin|1\n|-damage|p1b: Palafin|22/100\n|\n|-weather|SunnyDay|[upkeep]\n|upkeep\n|turn|12\n|\n|t:|1776279946\n|move|p1b: Palafin|Flip Turn|p2a: Charizard\n|-supereffective|p2a: Charizard|1\n|-damage|p2a: Charizard|0 fnt\n|faint|p2a: Charizard\n|move|p2b: Milotic|Ice Beam|p1b: Palafin\n|-resisted|p1b: Palafin|1\n|-damage|p1b: Palafin|7/100\n|\n|-weather|SunnyDay|[upkeep]\n|upkeep\n|turn|13\n|\n|t:|1776279956\n|move|p1b: Palafin|Wave Crash|p2b: Milotic\n|-resisted|p2b: Milotic|1\n|-damage|p2b: Milotic|14/100\n|-damage|p1b: Palafin|0 fnt|[from] Recoil\n|faint|p1b: Palafin\n|\n|win|scotcor\n|raw|uzuiy's rating: 1103 &rarr; <strong>1075</strong><br />(-28 for losing)\n|raw|scotcor's rating: 1067 &rarr; <strong>1100</strong><br />(+33 for winning)\n|c|\u2606scotcor|GG\n",
  "uploadtime": 1776279962,
  "views": 14,
  "formatid": "gen9championsvgc2026regma",
  "rating": 1075,
  "private": 0,
  "password": null
}