{
  "id": "gen9championsvgc2026regma-2581772759",
  "format": "[Gen 9 Champions] VGC 2026 Reg M-A",
  "players": [
    "Chien02",
    "currymanpuff"
  ],
  "log": "|j|\u2606Chien02\n|j|\u2606currymanpuff\n|t:|1776027239\n|gametype|doubles\n|player|p1|Chien02|boarder|1305\n|player|p2|currymanpuff|2|1275\n|gen|9\n|tier|[Gen 9 Champions] VGC 2026 Reg M-A\n|rated|\n|rule|Species Clause: Limit one of each Pok\u00e9mon\n|rule|Item Clause: Limit 1 of each item\n|clearpoke\n|poke|p1|Pelipper, L50, M|\n|poke|p1|Archaludon, L50, M|\n|poke|p1|Incineroar, L50, F|\n|poke|p1|Gengar, L50, M|\n|poke|p1|Greninja-*, L50, M|\n|poke|p1|Garchomp, L50, M|\n|poke|p2|Floette-Eternal, L50, F|\n|poke|p2|Rotom-Wash, L50|\n|poke|p2|Delphox, L50, M|\n|poke|p2|Garchomp, L50, M|\n|poke|p2|Tsareena, L50, F|\n|poke|p2|Sneasler, L50, M|\n|teampreview|4\n|\n|t:|1776027263\n|teamsize|p1|4\n|teamsize|p2|4\n|start\n|switch|p1a: Pelipper|Pelipper, L50, M|100/100\n|switch|p1b: Garchomp|Garchomp, L50, M|100/100\n|switch|p2a: Rotom|Rotom-Wash, L50|100/100\n|switch|p2b: Sneasler|Sneasler, L50, M|100/100\n|-weather|RainDance|[from] ability: Drizzle|[of] p1a: Pelipper\n|turn|1\n|inactive|Battle timer is ON: inactive players will automatically lose when time's up. (requested by Chien02)\n|\n|t:|1776027285\n|move|p2b: Sneasler|Protect|p2b: Sneasler\n|-singleturn|p2b: Sneasler|Protect\n|move|p1b: Garchomp|Earthquake|p2a: Rotom|[spread] \n|-activate|p2b: Sneasler|move: Protect\n|-immune|p1a: Pelipper\n|-immune|p2a: Rotom|[from] ability: Levitate\n|move|p2a: Rotom|Will-O-Wisp|p1b: Garchomp\n|-status|p1b: Garchomp|brn\n|move|p1a: Pelipper|Tailwind|p1a: Pelipper\n|-sidestart|p1: Chien02|move: Tailwind\n|\n|-weather|RainDance|[upkeep]\n|-damage|p1b: Garchomp|94/100 brn|[from] brn\n|upkeep\n|turn|2\n|inactive|currymanpuff has 30 seconds left.\n|inactive|Chien02 has 30 seconds left.\n|\n|t:|1776027319\n|move|p1b: Garchomp|Rock Slide|p2a: Rotom|[spread] p2a,p2b\n|-resisted|p2b: Sneasler|1\n|-damage|p2a: Rotom|90/100\n|-damage|p2b: Sneasler|92/100\n|cant|p2b: Sneasler|flinch\n|move|p1a: Pelipper|Hurricane|p2b: Sneasler\n|-supereffective|p2b: Sneasler|1\n|-damage|p2b: Sneasler|0 fnt\n|faint|p2b: Sneasler\n|move|p2a: Rotom|Volt Switch|p1a: Pelipper\n|-supereffective|p1a: Pelipper|2\n|-enditem|p1a: Pelipper|Wacan Berry|[eat]\n|-enditem|p1a: Pelipper|Wacan Berry|[weaken]\n|-damage|p1a: Pelipper|39/100\n|\n|t:|1776027329\n|switch|p2a: Garchomp|Garchomp, L50, M|100/100|[from] Volt Switch\n|\n|-weather|RainDance|[upkeep]\n|-damage|p1b: Garchomp|88/100 brn|[from] brn\n|upkeep\n|\n|t:|1776027332\n|switch|p2b: Rotom|Rotom-Wash, L50|90/100\n|turn|3\n|\n|t:|1776027354\n|move|p1b: Garchomp|Rock Slide|p2a: Garchomp|[spread] p2a,p2b\n|-resisted|p2a: Garchomp|1\n|-damage|p2a: Garchomp|96/100\n|-damage|p2b: Rotom|81/100\n|move|p2a: Garchomp|Dragon Claw|p1a: Pelipper\n|-damage|p1a: Pelipper|0 fnt\n|faint|p1a: Pelipper\n|cant|p2b: Rotom|flinch\n|\n|-weather|RainDance|[upkeep]\n|-damage|p1b: Garchomp|82/100 brn|[from] brn\n|upkeep\n|\n|t:|1776027366\n|switch|p1a: Greninja|Greninja, L50, M|100/100\n|turn|4\n|\n|t:|1776027387\n|switch|p2a: Delphox|Delphox, L50, M|100/100\n|detailschange|p1a: Greninja|Greninja-Mega, L50, M\n|-mega|p1a: Greninja|Greninja|Greninjite\n|move|p1a: Greninja|Ice Beam|p2a: Delphox\n|-start|p1a: Greninja|typechange|Ice|[from] ability: Protean\n|-resisted|p2a: Delphox|1\n|-damage|p2a: Delphox|72/100\n|move|p1b: Garchomp|Rock Slide|p2a: Delphox|[spread] p2a,p2b\n|-supereffective|p2a: Delphox|1\n|-damage|p2a: Delphox|42/100\n|-damage|p2b: Rotom|71/100\n|cant|p2b: Rotom|flinch\n|\n|-weather|RainDance|[upkeep]\n|-damage|p1b: Garchomp|76/100 brn|[from] brn\n|-sideend|p1: Chien02|move: Tailwind\n|upkeep\n|turn|5\n|inactive|Chien02 has 30 seconds left.\n|inactive|Chien02 has 20 seconds left.\n|inactive|Chien02 has 15 seconds left.\n|c|\u2606currymanpuff|You should gamble\n|inactive|Chien02 has 10 seconds left.\n|inactive|Chien02 has 5 seconds left.\n|\n|t:|1776027442\n|move|p2a: Delphox|Protect|p2a: Delphox\n|-singleturn|p2a: Delphox|Protect\n|move|p1a: Greninja|Hydro Pump|p2b: Rotom\n|-resisted|p2b: Rotom|1\n|-damage|p2b: Rotom|42/100\n|-enditem|p2b: Rotom|Sitrus Berry|[eat]\n|-heal|p2b: Rotom|67/100|[from] item: Sitrus Berry\n|move|p1b: Garchomp|Earthquake|p2b: Rotom|[spread] p1a\n|-activate|p2a: Delphox|move: Protect\n|-immune|p2b: Rotom|[from] ability: Levitate\n|-damage|p1a: Greninja|64/100\n|move|p2b: Rotom|Volt Switch|p1a: Greninja\n|-damage|p1a: Greninja|26/100\n|\n|t:|1776027458\n|switch|p2b: Garchomp|Garchomp, L50, M|96/100|[from] Volt Switch\n|\n|-weather|none\n|-damage|p1b: Garchomp|70/100 brn|[from] brn\n|upkeep\n|turn|6\n|\n|t:|1776027470\n|detailschange|p2a: Delphox|Delphox-Mega, L50, M\n|-mega|p2a: Delphox|Delphox|Delphoxite\n|move|p2b: Garchomp|Earthquake|p1b: Garchomp|[spread] p1a,p1b\n|-immune|p2a: Delphox|[from] ability: Levitate\n|-damage|p1a: Greninja|0 fnt\n|-damage|p1b: Garchomp|26/100 brn\n|faint|p1a: Greninja\n|move|p2a: Delphox|Psychic|p1b: Garchomp\n|-damage|p1b: Garchomp|0 fnt\n|faint|p1b: Garchomp\n|\n|upkeep\n|c|\u2606Chien02|gg man\n|\n|t:|1776027485\n|switch|p1b: Archaludon|Archaludon, L50, M|100/100\n|turn|7\n|\n|t:|1776027492\n|move|p2b: Garchomp|Earthquake|p1b: Archaludon|[spread] p1b\n|-immune|p2a: Delphox|[from] ability: Levitate\n|-supereffective|p1b: Archaludon|1\n|-damage|p1b: Archaludon|21/100\n|-ability|p1b: Archaludon|Stamina|boost\n|-boost|p1b: Archaludon|def|1\n|move|p2a: Delphox|Heat Wave|p1b: Archaludon\n|-damage|p1b: Archaludon|0 fnt\n|faint|p1b: Archaludon\n|\n|win|currymanpuff\n|raw|Chien02's rating: 1305 &rarr; <strong>1283</strong><br />(-22 for losing)\n|raw|currymanpuff's rating: 1275 &rarr; <strong>1302</strong><br />(+27 for winning)\n|l|\u2606Chien02\n|player|p1|\n",
  "uploadtime": 1776027510,
  "views": 42,
  "formatid": "gen9championsvgc2026regma",
  "rating": 1283,
  "private": 0,
  "password": null
}