{
  "id": "gen9championsvgc2026regma-2581849415",
  "format": "[Gen 9 Champions] VGC 2026 Reg M-A",
  "players": [
    "p3rdicion",
    "Jah_08"
  ],
  "log": "|j|\u2606p3rdicion\n|j|\u2606Jah_08\n|t:|1776033509\n|gametype|doubles\n|player|p1|p3rdicion|harlequin|1202\n|player|p2|Jah_08|alder|1296\n|gen|9\n|tier|[Gen 9 Champions] VGC 2026 Reg M-A\n|rated|\n|rule|Species Clause: Limit one of each Pok\u00e9mon\n|rule|Item Clause: Limit 1 of each item\n|clearpoke\n|poke|p1|Tyranitar, L50, F|\n|poke|p1|Excadrill, L50, M|\n|poke|p1|Incineroar, L50, F|\n|poke|p1|Sinistcha, L50|\n|poke|p1|Corviknight, L50, F|\n|poke|p1|Sneasler, L50, F|\n|poke|p2|Vanilluxe, L50, M|\n|poke|p2|Basculegion, L50, M|\n|poke|p2|Chandelure, L50, F|\n|poke|p2|Conkeldurr, L50, M|\n|poke|p2|Zoroark-Hisui, L50, F|\n|poke|p2|Whimsicott, L50, M|\n|teampreview|4\n|\n|t:|1776033570\n|teamsize|p1|4\n|teamsize|p2|4\n|start\n|switch|p1a: Incineroar|Incineroar, L50, F|100/100\n|switch|p1b: Tyranitar|Tyranitar, L50, F|100/100\n|switch|p2a: Basculegion|Basculegion, L50, M|100/100\n|switch|p2b: Conkeldurr|Conkeldurr, L50, M, shiny|100/100\n|-ability|p1a: Incineroar|Intimidate|boost\n|-unboost|p2a: Basculegion|atk|1\n|-unboost|p2b: Conkeldurr|atk|1\n|-weather|Sandstorm|[from] ability: Sand Stream|[of] p1b: Tyranitar\n|turn|1\n|\n|t:|1776033618\n|detailschange|p1b: Tyranitar|Tyranitar-Mega, L50, F\n|-mega|p1b: Tyranitar|Tyranitar|Tyranitarite\n|move|p2a: Basculegion|Flip Turn|p1a: Incineroar\n|-supereffective|p1a: Incineroar|1\n|-damage|p1a: Incineroar|70/100\n|\n|t:|1776033635\n|switch|p2a: Conkeldurr|Conkeldurr, L50, M, shiny|100/100|[from] Flip Turn\n|move|p2b: Conkeldurr|Will-O-Wisp|p1b: Tyranitar\n|-status|p1b: Tyranitar|brn\n|move|p1a: Incineroar|Darkest Lariat|p2b: Conkeldurr\n|-supereffective|p2b: Conkeldurr|1\n|-enditem|p2b: Conkeldurr|Focus Sash\n|-damage|p2b: Conkeldurr|1/100\n|replace|p2b: Zoroark|Zoroark-Hisui, L50, F\n|-end|p2b: Zoroark|Illusion\n|move|p1b: Tyranitar|Knock Off|p2a: Conkeldurr\n|-resisted|p2a: Conkeldurr|1\n|-damage|p2a: Conkeldurr|87/100\n|-enditem|p2a: Conkeldurr|Lum Berry|[from] move: Knock Off|[of] p1b: Tyranitar\n|\n|-weather|Sandstorm|[upkeep]\n|-damage|p2b: Zoroark|0 fnt|[from] Sandstorm\n|-damage|p1a: Incineroar|64/100|[from] Sandstorm\n|-damage|p2a: Conkeldurr|81/100|[from] Sandstorm\n|faint|p2b: Zoroark\n|-damage|p1b: Tyranitar|95/100 brn|[from] brn\n|upkeep\n|\n|t:|1776033660\n|switch|p2b: Basculegion|Basculegion, L50, M|100/100\n|turn|2\n|\n|t:|1776033697\n|switch|p1b: Sinistcha|Sinistcha, L50|100/100\n|-heal|p1a: Incineroar|89/100|[from] ability: Hospitality|[of] p1b: Sinistcha\n|move|p2a: Conkeldurr|Mach Punch|p1b: Sinistcha\n|-immune|p1b: Sinistcha\n|move|p2b: Basculegion|Wave Crash|p1a: Incineroar\n|-supereffective|p1a: Incineroar|1\n|-damage|p1a: Incineroar|1/100\n|-enditem|p1a: Incineroar|Sitrus Berry|[eat]\n|-heal|p1a: Incineroar|26/100|[from] item: Sitrus Berry\n|-damage|p2b: Basculegion|71/100|[from] Recoil\n|move|p1a: Incineroar|Darkest Lariat|p2b: Basculegion\n|-supereffective|p2b: Basculegion|1\n|-damage|p2b: Basculegion|0 fnt\n|faint|p2b: Basculegion\n|\n|-weather|Sandstorm|[upkeep]\n|-damage|p1a: Incineroar|20/100|[from] Sandstorm\n|-damage|p1b: Sinistcha|94/100|[from] Sandstorm\n|-damage|p2a: Conkeldurr|75/100|[from] Sandstorm\n|upkeep\n|\n|t:|1776033718\n|switch|p2b: Chandelure|Chandelure, L50, F, shiny|100/100\n|turn|3\n|\n|t:|1776033740\n|detailschange|p2b: Chandelure|Chandelure-Mega, L50, F, shiny\n|-mega|p2b: Chandelure|Chandelure|Chandelurite\n|move|p2a: Conkeldurr|Mach Punch|p1a: Incineroar\n|-supereffective|p1a: Incineroar|1\n|-damage|p1a: Incineroar|0 fnt\n|faint|p1a: Incineroar\n|move|p2b: Chandelure|Heat Wave|p1b: Sinistcha\n|-supereffective|p1b: Sinistcha|1\n|-crit|p1b: Sinistcha\n|-damage|p1b: Sinistcha|0 fnt\n|faint|p1b: Sinistcha\n|\n|-weather|Sandstorm|[upkeep]\n|-damage|p2b: Chandelure|95/100|[from] Sandstorm\n|-damage|p2a: Conkeldurr|69/100|[from] Sandstorm\n|upkeep\n|\n|t:|1776033751\n|switch|p1a: Tyranitar|Tyranitar-Mega, L50, F|95/100 brn\n|switch|p1b: Sneasler|Sneasler, L50, F, shiny|100/100\n|turn|4\n|\n|t:|1776033765\n|move|p2b: Chandelure|Protect|p2b: Chandelure\n|-singleturn|p2b: Chandelure|Protect\n|move|p1b: Sneasler|Fake Out|p2a: Conkeldurr\n|-damage|p2a: Conkeldurr|57/100\n|cant|p2a: Conkeldurr|flinch\n|move|p1a: Tyranitar|Knock Off|p2b: Chandelure\n|-activate|p2b: Chandelure|move: Protect\n|\n|-weather|Sandstorm|[upkeep]\n|-damage|p1b: Sneasler|95/100|[from] Sandstorm\n|-damage|p2b: Chandelure|89/100|[from] Sandstorm\n|-damage|p2a: Conkeldurr|50/100|[from] Sandstorm\n|-damage|p1a: Tyranitar|89/100 brn|[from] brn\n|upkeep\n|turn|5\n|\n|t:|1776033797\n|move|p1b: Sneasler|Protect|p1b: Sneasler\n|-singleturn|p1b: Sneasler|Protect\n|move|p1a: Tyranitar|Protect|p1a: Tyranitar\n|-singleturn|p1a: Tyranitar|Protect\n|move|p2b: Chandelure|Overheat|p1b: Sneasler\n|-activate|p1b: Sneasler|move: Protect\n|move|p2a: Conkeldurr|Drain Punch|p1a: Tyranitar\n|-activate|p1a: Tyranitar|move: Protect\n|\n|-weather|none\n|-damage|p1a: Tyranitar|83/100 brn|[from] brn\n|upkeep\n|turn|6\n|\n|t:|1776033819\n|move|p1b: Sneasler|Close Combat|p2a: Conkeldurr\n|-damage|p2a: Conkeldurr|0 fnt\n|-unboost|p1b: Sneasler|def|1\n|-unboost|p1b: Sneasler|spd|1\n|faint|p2a: Conkeldurr\n|-enditem|p1b: Sneasler|White Herb\n|-clearnegativeboost|p1b: Sneasler|[silent]\n|move|p2b: Chandelure|Overheat|p1b: Sneasler\n|-damage|p1b: Sneasler|0 fnt\n|-unboost|p2b: Chandelure|spa|2\n|faint|p1b: Sneasler\n|move|p1a: Tyranitar|Dragon Dance|p1a: Tyranitar\n|-boost|p1a: Tyranitar|atk|1\n|-boost|p1a: Tyranitar|spe|1\n|\n|-damage|p1a: Tyranitar|77/100 brn|[from] brn\n|upkeep\n|turn|7\n|\n|t:|1776033841\n|move|p2b: Chandelure|Shadow Ball|p1a: Tyranitar\n|-resisted|p1a: Tyranitar|1\n|-damage|p1a: Tyranitar|68/100 brn\n|move|p1a: Tyranitar|Knock Off|p2b: Chandelure\n|-supereffective|p2b: Chandelure|1\n|-damage|p2b: Chandelure|18/100\n|\n|-damage|p1a: Tyranitar|62/100 brn|[from] brn\n|upkeep\n|turn|8\n|\n|t:|1776033858\n|move|p2b: Chandelure|Heat Wave|p1a: Tyranitar\n|-resisted|p1a: Tyranitar|1\n|-damage|p1a: Tyranitar|51/100 brn\n|move|p1a: Tyranitar|Knock Off|p2b: Chandelure\n|-supereffective|p2b: Chandelure|1\n|-damage|p2b: Chandelure|0 fnt\n|faint|p2b: Chandelure\n|\n|win|p3rdicion\n|raw|p3rdicion's rating: 1202 &rarr; <strong>1234</strong><br />(+32 for winning)\n|raw|Jah_08's rating: 1296 &rarr; <strong>1264</strong><br />(-32 for losing)\n",
  "uploadtime": 1776034163,
  "views": 29,
  "formatid": "gen9championsvgc2026regma",
  "rating": 1234,
  "private": 0,
  "password": null
}