{
  "id": "gen9championsvgc2026regma-2585382414",
  "format": "[Gen 9 Champions] VGC 2026 Reg M-A",
  "players": [
    "Sharkhy_",
    "DeadboltVulpoon"
  ],
  "log": "|j|\u2606Sharkhy_\n|j|\u2606DeadboltVulpoon\n|t:|1776343105\n|gametype|doubles\n|player|p1|Sharkhy_|n|1186\n|player|p2|DeadboltVulpoon|170|1152\n|gen|9\n|tier|[Gen 9 Champions] VGC 2026 Reg M-A\n|rated|\n|rule|Species Clause: Limit one of each Pok\u00e9mon\n|rule|Item Clause: Limit 1 of each item\n|clearpoke\n|poke|p1|Charizard, L50, M|\n|poke|p1|Maushold-Four, L50|\n|poke|p1|Sneasler, L50, F|\n|poke|p1|Dragapult, L50, M|\n|poke|p1|Kingambit, L50, F|\n|poke|p1|Garchomp, L50, F|\n|poke|p2|Charizard, L50, F|\n|poke|p2|Milotic, L50, F|\n|poke|p2|Garchomp, L50, M|\n|poke|p2|Aegislash, L50, M|\n|poke|p2|Aerodactyl, L50, F|\n|poke|p2|Incineroar, L50, F|\n|teampreview|4\n|\n|t:|1776343139\n|teamsize|p1|4\n|teamsize|p2|4\n|start\n|switch|p1a: Sneasler|Sneasler, L50, F|100/100\n|switch|p1b: Kingambit|Kingambit, L50, F|100/100\n|switch|p2a: Charizard|Charizard, L50, F, shiny|100/100\n|switch|p2b: Aerodactyl|Aerodactyl, L50, F|100/100\n|turn|1\n|inactive|Battle timer is ON: inactive players will automatically lose when time's up. (requested by Sharkhy_)\n|\n|t:|1776343160\n|move|p2b: Aerodactyl|Protect|p2b: Aerodactyl\n|-singleturn|p2b: Aerodactyl|Protect\n|move|p2a: Charizard|Protect|p2a: Charizard\n|-singleturn|p2a: Charizard|Protect\n|move|p1b: Kingambit|Protect|p1b: Kingambit\n|-singleturn|p1b: Kingambit|Protect\n|move|p1a: Sneasler|Fake Out|p2a: Charizard\n|-activate|p2a: Charizard|move: Protect\n|\n|upkeep\n|turn|2\n|\n|t:|1776343180\n|detailschange|p2a: Charizard|Charizard-Mega-Y, L50, F, shiny\n|-mega|p2a: Charizard|Charizard|Charizardite Y\n|-weather|SunnyDay|[from] ability: Drought|[of] p2a: Charizard\n|move|p2b: Aerodactyl|Tailwind|p2b: Aerodactyl\n|-sidestart|p2: DeadboltVulpoon|move: Tailwind\n|move|p2a: Charizard|Heat Wave|p1b: Kingambit|[spread] p1a,p1b\n|-supereffective|p1b: Kingambit|1\n|-crit|p1b: Kingambit\n|-damage|p1a: Sneasler|14/100\n|-damage|p1b: Kingambit|0 fnt\n|faint|p1b: Kingambit\n|move|p1a: Sneasler|Close Combat|p2b: Aerodactyl\n|-enditem|p2b: Aerodactyl|Focus Sash\n|-damage|p2b: Aerodactyl|1/100\n|-unboost|p1a: Sneasler|def|1\n|-unboost|p1a: Sneasler|spd|1\n|\n|-weather|SunnyDay|[upkeep]\n|upkeep\n|\n|t:|1776343197\n|switch|p1b: Charizard|Charizard, L50, M|100/100\n|turn|3\n|\n|t:|1776343205\n|switch|p1a: Maushold|Maushold-Four, L50|100/100\n|move|p1b: Charizard|Protect|p1b: Charizard\n|-singleturn|p1b: Charizard|Protect\n|move|p2b: Aerodactyl|Rock Slide|p1b: Charizard|[spread] p1a\n|-activate|p1b: Charizard|move: Protect\n|-damage|p1a: Maushold|65/100\n|move|p2a: Charizard|Heat Wave|p1a: Maushold|[spread] p1a\n|-activate|p1b: Charizard|move: Protect\n|-damage|p1a: Maushold|0 fnt\n|faint|p1a: Maushold\n|\n|-weather|SunnyDay|[upkeep]\n|-damage|p1b: Charizard|88/100|[from] ability: Solar Power|[of] p1b: Charizard\n|upkeep\n|\n|t:|1776343219\n|switch|p1a: Sneasler|Sneasler, L50, F|14/100\n|turn|4\n|\n|t:|1776343232\n|move|p2b: Aerodactyl|Protect|p2b: Aerodactyl\n|-singleturn|p2b: Aerodactyl|Protect\n|move|p1a: Sneasler|Feint|p2b: Aerodactyl\n|-activate|p2b: Aerodactyl|move: Feint\n|-resisted|p2b: Aerodactyl|1\n|-damage|p2b: Aerodactyl|0 fnt\n|faint|p2b: Aerodactyl\n|move|p2a: Charizard|Heat Wave|p1b: Charizard|[spread] p1a,p1b\n|-resisted|p1b: Charizard|1\n|-damage|p1a: Sneasler|0 fnt\n|-damage|p1b: Charizard|55/100\n|faint|p1a: Sneasler\n|move|p1b: Charizard|Heat Wave|p2a: Charizard\n|-resisted|p2a: Charizard|1\n|-damage|p2a: Charizard|48/100\n|\n|-weather|SunnyDay|[upkeep]\n|-damage|p1b: Charizard|43/100|[from] ability: Solar Power|[of] p1b: Charizard\n|upkeep\n|\n|t:|1776343247\n|switch|p2b: Garchomp|Garchomp, L50, M|100/100\n|turn|5\n|\n|t:|1776343255\n|move|p2b: Garchomp|Rock Slide|p1b: Charizard\n|-supereffective|p1b: Charizard|2\n|-damage|p1b: Charizard|0 fnt\n|faint|p1b: Charizard\n|\n|win|DeadboltVulpoon\n|raw|Sharkhy_'s rating: 1186 &rarr; <strong>1159</strong><br />(-27 for losing)\n|raw|DeadboltVulpoon's rating: 1152 &rarr; <strong>1179</strong><br />(+27 for winning)\n",
  "uploadtime": 1776343261,
  "views": 24,
  "formatid": "gen9championsvgc2026regma",
  "rating": 1159,
  "private": 0,
  "password": null
}