{
  "id": "gen9championsvgc2026regma-2581279861",
  "format": "[Gen 9 Champions] VGC 2026 Reg M-A",
  "players": [
    "lolgz",
    "PinaWater"
  ],
  "log": "|j|\u2606lolgz\n|j|\u2606PinaWater\n|t:|1775980571\n|gametype|doubles\n|player|p1|lolgz|170|\n|player|p2|PinaWater|clemont|\n|gen|9\n|tier|[Gen 9 Champions] VGC 2026 Reg M-A\n|rated|Tournament battle\n|rule|Species Clause: Limit one of each Pok\u00e9mon\n|rule|Item Clause: Limit 1 of each item\n|clearpoke\n|poke|p1|Charizard, L50, M|\n|poke|p1|Whimsicott, L50, F|\n|poke|p1|Basculegion, L50, M|\n|poke|p1|Farigiraf, L50, F|\n|poke|p1|Sneasler, L50, F|\n|poke|p1|Floette-Eternal, L50, F|\n|poke|p2|Froslass, L50, F|\n|poke|p2|Golurk, L50|\n|poke|p2|Sinistcha, L50|\n|poke|p2|Talonflame, L50, M|\n|poke|p2|Sneasler, L50, F|\n|poke|p2|Palafin, L50, M|\n|teampreview|4\n|inactive|Battle timer is ON: inactive players will automatically lose when time's up. (requested by PinaWater)\n|c|\u2606PinaWater|gl\nPinaWater has agreed to open team sheets.\n|inactive|lolgz has 60 seconds left.\n|inactive|PinaWater has 60 seconds left.\n|\n|t:|1775980617\n|teamsize|p1|4\n|teamsize|p2|4\n|start\n|switch|p1a: Basculegion|Basculegion, L50, M|100/100\n|switch|p1b: Charizard|Charizard, L50, M|100/100\n|switch|p2a: Ash|Talonflame, L50, M|100/100\n|switch|p2b: Greener Grass|Palafin, L50, M|100/100\n|turn|1\n|inactive|lolgz has 30 seconds left.\n|\n|t:|1775980648\n|detailschange|p1b: Charizard|Charizard-Mega-Y, L50, M\n|-mega|p1b: Charizard|Charizard|Charizardite Y\n|-weather|SunnyDay|[from] ability: Drought|[of] p1b: Charizard\n|move|p2a: Ash|Tailwind|p2a: Ash\n|-sidestart|p2: PinaWater|move: Tailwind\n|move|p2b: Greener Grass|Flip Turn|p1b: Charizard\n|-supereffective|p1b: Charizard|1\n|-damage|p1b: Charizard|68/100\n|\n|t:|1775980668\n|detailschange|p2b: Greener Grass|Palafin-Hero, L50, M\n|switch|p2b: Broly|Golurk, L50, shiny|100/100|[from] Flip Turn\n|move|p1a: Basculegion|Wave Crash|p2a: Ash\n|-supereffective|p2a: Ash|1\n|-enditem|p2a: Ash|Focus Sash\n|-damage|p2a: Ash|1/100\n|-damage|p1a: Basculegion|74/100|[from] Recoil\n|move|p1b: Charizard|Solar Beam||[still]\n|-prepare|p1b: Charizard|Solar Beam\n|-anim|p1b: Charizard|Solar Beam|p2b: Broly\n|-supereffective|p2b: Broly|1\n|-damage|p2b: Broly|0 fnt\n|faint|p2b: Broly\n|\n|-weather|SunnyDay|[upkeep]\n|upkeep\n|\n|t:|1775980680\n|switch|p2b: Greener Grass|Palafin-Hero, L50, M|100/100\n|-activate|p2b: Greener Grass|ability: Zero to Hero\n|turn|2\n|\n|t:|1775980697\n|switch|p1b: Whimsicott|Whimsicott, L50, F|100/100\n|move|p2a: Ash|Protect|p2a: Ash\n|-singleturn|p2a: Ash|Protect\n|move|p2b: Greener Grass|Wave Crash|p1b: Whimsicott\n|-resisted|p1b: Whimsicott|1\n|-damage|p1b: Whimsicott|73/100\n|-damage|p2b: Greener Grass|93/100|[from] Recoil\n|move|p1a: Basculegion|Wave Crash|p2a: Ash\n|-activate|p2a: Ash|move: Protect\n|\n|-weather|SunnyDay|[upkeep]\n|upkeep\n|turn|3\n|inactive|PinaWater has 30 seconds left.\n|\n|t:|1775980727\n|switch|p2b: The Kettle|Sinistcha, L50|100/100\n|-heal|p2a: Ash|26/100|[from] ability: Hospitality|[of] p2b: The Kettle\n|move|p1b: Whimsicott|Tailwind|p1b: Whimsicott\n|-sidestart|p1: lolgz|move: Tailwind\n|move|p1a: Basculegion|Wave Crash|p2a: Ash\n|-supereffective|p2a: Ash|1\n|-damage|p2a: Ash|0 fnt\n|faint|p2a: Ash\n|-damage|p1a: Basculegion|68/100|[from] Recoil\n|\n|-weather|SunnyDay|[upkeep]\n|upkeep\n|\n|t:|1775980735\n|switch|p2a: Greener Grass|Palafin-Hero, L50, M|93/100\n|turn|4\n|j| z123z\n|l| z123z\n|\n|t:|1775980752\n|switch|p1a: Sneasler|Sneasler, L50, F|100/100\n|move|p2a: Greener Grass|Wave Crash|p1b: Whimsicott\n|-resisted|p1b: Whimsicott|1\n|-damage|p1b: Whimsicott|42/100\n|-damage|p2a: Greener Grass|85/100|[from] Recoil\n|move|p1b: Whimsicott|Moonblast|p2a: Greener Grass\n|-damage|p2a: Greener Grass|46/100\n|move|p2b: The Kettle|Matcha Gotcha|p1b: Whimsicott|[spread] p1a,p1b\n|-resisted|p1a: Sneasler|1\n|-resisted|p1b: Whimsicott|1\n|-damage|p1a: Sneasler|85/100\n|-damage|p1b: Whimsicott|20/100\n|-status|p1b: Whimsicott|brn\n|\n|-weather|SunnyDay|[upkeep]\n|-damage|p1b: Whimsicott|14/100 brn|[from] brn\n|-sideend|p2: PinaWater|move: Tailwind\n|upkeep\n|turn|5\n|\n|t:|1775980775\n|move|p1a: Sneasler|Fake Out|p2a: Greener Grass\n|-damage|p2a: Greener Grass|29/100\n|move|p2b: The Kettle|Rage Powder|p2b: The Kettle\n|-singleturn|p2b: The Kettle|move: Rage Powder\n|move|p1b: Whimsicott|Moonblast|p2b: The Kettle\n|-damage|p2b: The Kettle|70/100\n|cant|p2a: Greener Grass|flinch\n|\n|-weather|none\n|-heal|p2b: The Kettle|76/100|[from] item: Leftovers\n|-damage|p1b: Whimsicott|9/100 brn|[from] brn\n|upkeep\n|turn|6\n|\n|t:|1775980784\n|move|p2b: The Kettle|Rage Powder|p2b: The Kettle\n|-singleturn|p2b: The Kettle|move: Rage Powder\n|move|p1b: Whimsicott|Moonblast|p2a: Greener Grass\n|-damage|p2a: Greener Grass|0 fnt\n|faint|p2a: Greener Grass\n|move|p1a: Sneasler|Throat Chop|p2b: The Kettle\n|-supereffective|p2b: The Kettle|1\n|-damage|p2b: The Kettle|17/100\n|-start|p2b: The Kettle|Throat Chop|[silent]\n|\n|-heal|p2b: The Kettle|24/100|[from] item: Leftovers\n|-damage|p1b: Whimsicott|3/100 brn|[from] brn\n|-sideend|p1: lolgz|move: Tailwind\n|upkeep\n|turn|7\n|\n|t:|1775980794\n|move|p1b: Whimsicott|Moonblast|p2b: The Kettle\n|-damage|p2b: The Kettle|0 fnt\n|faint|p2b: The Kettle\n|\n|win|lolgz\n|n|\u2606lolgz|lolgz\n|n|\u2606PinaWater|pinawater\n",
  "uploadtime": 1775980794,
  "views": 10,
  "formatid": "gen9championsvgc2026regma",
  "rating": null,
  "private": 0,
  "password": null
}