{
  "id": "gen9championsvgc2026regma-2584348938",
  "format": "[Gen 9 Champions] VGC 2026 Reg M-A",
  "players": [
    "smp on whimsicott",
    "uhvgyy"
  ],
  "log": "|j|\u2606smp on whimsicott\n|j|\u2606uhvgyy\n|t:|1776253745\n|gametype|doubles\n|player|p1|smp on whimsicott|artist-gen4|1248\n|player|p2|uhvgyy|2|1220\n|gen|9\n|tier|[Gen 9 Champions] VGC 2026 Reg M-A\n|rated|\n|rule|Species Clause: Limit one of each Pok\u00e9mon\n|rule|Item Clause: Limit 1 of each item\n|clearpoke\n|poke|p1|Arcanine, L50, F|\n|poke|p1|Venusaur, L50, M|\n|poke|p1|Sneasler, L50, M|\n|poke|p1|Rotom-Wash, L50|\n|poke|p1|Garchomp, L50, F|\n|poke|p1|Corviknight, L50, M|\n|poke|p2|Floette-Eternal, L50, F|\n|poke|p2|Sinistcha, L50|\n|poke|p2|Glimmora, L50, M|\n|poke|p2|Primarina, L50, F|\n|poke|p2|Talonflame, L50, F|\n|poke|p2|Tinkaton, L50, F|\n|teampreview|4\n|inactive|Battle timer is ON: inactive players will automatically lose when time's up. (requested by uhvgyy)\n|j| hubssss\n|l| hubssss\n|inactive|smp on whimsicott has 60 seconds left.\n|\n|t:|1776253776\n|teamsize|p1|4\n|teamsize|p2|4\n|start\n|switch|p1a: Rotom|Rotom-Wash, L50|100/100\n|switch|p1b: Venusaur|Venusaur, L50, M|100/100\n|switch|p2a: Primarina|Primarina, L50, F|100/100\n|switch|p2b: Sinistcha|Sinistcha, L50|100/100\n|turn|1\n|\n|t:|1776253800\n|detailschange|p1b: Venusaur|Venusaur-Mega, L50, M\n|-mega|p1b: Venusaur|Venusaur|Venusaurite\n|move|p1a: Rotom|Volt Switch|p2b: Sinistcha\n|-resisted|p2b: Sinistcha|1\n|-damage|p2b: Sinistcha|88/100\n|\n|t:|1776253806\n|switch|p1a: Arcanine|Arcanine, L50, F|100/100|[from] Volt Switch\n|-ability|p1a: Arcanine|Intimidate|boost\n|-unboost|p2a: Primarina|atk|1\n|-unboost|p2b: Sinistcha|atk|1\n|move|p2a: Primarina|Moonblast|p1a: Arcanine\n|-resisted|p1a: Arcanine|1\n|-damage|p1a: Arcanine|74/100\n|-unboost|p1a: Arcanine|spa|1\n|move|p1b: Venusaur|Leech Seed|p2a: Primarina\n|-start|p2a: Primarina|move: Leech Seed\n|move|p2b: Sinistcha|Matcha Gotcha|p1a: Arcanine|[spread] p1a,p1b\n|-resisted|p1a: Arcanine|1\n|-resisted|p1b: Venusaur|2\n|-damage|p1a: Arcanine|60/100\n|-heal|p2b: Sinistcha|96/100|[from] drain|[of] p1a: Arcanine\n|-damage|p1b: Venusaur|96/100\n|-heal|p2b: Sinistcha|99/100|[from] drain|[of] p1b: Venusaur\n|\n|-heal|p2b: Sinistcha|100/100|[from] item: Leftovers\n|-damage|p2a: Primarina|88/100|[from] Leech Seed|[of] p1b: Venusaur\n|-heal|p1b: Venusaur|100/100|[silent]\n|upkeep\n|turn|2\n|inactive|uhvgyy has 30 seconds left.\n|\n|t:|1776253837\n|switch|p2a: Talonflame|Talonflame, L50, F|100/100\n|move|p1a: Arcanine|Flare Blitz|p2b: Sinistcha\n|-supereffective|p2b: Sinistcha|1\n|-damage|p2b: Sinistcha|20/100\n|-damage|p1a: Arcanine|36/100|[from] Recoil\n|-enditem|p1a: Arcanine|Sitrus Berry|[eat]\n|-heal|p1a: Arcanine|60/100|[from] item: Sitrus Berry\n|move|p1b: Venusaur|Sludge Bomb|p2b: Sinistcha\n|-damage|p2b: Sinistcha|0 fnt\n|faint|p2b: Sinistcha\n|\n|upkeep\n|\n|t:|1776253850\n|switch|p2b: Glimmora|Glimmora, L50, M|100/100\n|turn|3\n|\n|t:|1776253872\n|detailschange|p2b: Glimmora|Glimmora-Mega, L50, M\n|-mega|p2b: Glimmora|Glimmora|Glimmoranite\n|move|p2a: Talonflame|Brave Bird|p1b: Venusaur\n|-supereffective|p1b: Venusaur|1\n|-damage|p1b: Venusaur|30/100\n|-damage|p2a: Talonflame|72/100|[from] Recoil\n|move|p2b: Glimmora|Power Gem|p1a: Arcanine\n|-supereffective|p1a: Arcanine|1\n|-damage|p1a: Arcanine|0 fnt\n|faint|p1a: Arcanine\n|move|p1b: Venusaur|Earth Power|p2b: Glimmora\n|-supereffective|p2b: Glimmora|2\n|-damage|p2b: Glimmora|0 fnt\n|faint|p2b: Glimmora\n|\n|upkeep\n|\n|t:|1776253887\n|switch|p2b: Primarina|Primarina, L50, F|88/100\n|switch|p1a: Rotom|Rotom-Wash, L50|100/100\n|turn|4\n|\n|t:|1776253899\n|move|p1a: Rotom|Thunderbolt|p2a: Talonflame\n|-supereffective|p2a: Talonflame|1\n|-damage|p2a: Talonflame|0 fnt\n|faint|p2a: Talonflame\n|move|p2b: Primarina|Moonblast|p1a: Rotom\n|-damage|p1a: Rotom|43/100\n|move|p1b: Venusaur|Sludge Bomb|p2b: Primarina\n|-supereffective|p2b: Primarina|1\n|-damage|p2b: Primarina|4/100\n|\n|upkeep\n|turn|5\n|-message|uhvgyy forfeited.\n|\n|win|smp on whimsicott\n|raw|smp on whimsicott's rating: 1248 &rarr; <strong>1271</strong><br />(+23 for winning)\n|raw|uhvgyy's rating: 1220 &rarr; <strong>1197</strong><br />(-23 for losing)\n|l|\u2606uhvgyy\n|player|p2|\n",
  "uploadtime": 1776253910,
  "views": 22,
  "formatid": "gen9championsvgc2026regma",
  "rating": 1197,
  "private": 0,
  "password": null
}