{
  "id": "gen9championsvgc2026regma-2588904878",
  "format": "[Gen 9 Champions] VGC 2026 Reg M-A",
  "players": [
    "MoChridhe",
    "Stall these"
  ],
  "log": "|j|\u2606MoChridhe\n|j|\u2606Stall these\n|t:|1776684433\n|gametype|doubles\n|player|p1|MoChridhe|iris-gen5bw2|1159\n|player|p2|Stall these|1|1212\n|gen|9\n|tier|[Gen 9 Champions] VGC 2026 Reg M-A\n|rated|\n|rule|Species Clause: Limit one of each Pok\u00e9mon\n|rule|Item Clause: Limit 1 of each item\n|clearpoke\n|poke|p1|Scovillain, L50, M|\n|poke|p1|Primarina, L50, F|\n|poke|p1|Sneasler, L50, M|\n|poke|p1|Kommo-o, L50, M|\n|poke|p1|Kingambit, L50, M|\n|poke|p1|Farigiraf, L50, F, shiny|\n|poke|p2|Archaludon, L50, M, shiny|\n|poke|p2|Sableye, L50, M, shiny|\n|poke|p2|Basculegion, L50, M, shiny|\n|poke|p2|Meganium, L50, M|\n|poke|p2|Pelipper, L50, M|\n|poke|p2|Garchomp, L50, F|\n|teampreview|4\nMoChridhe has agreed to open team sheets.\n|inactive|Battle timer is ON: inactive players will automatically lose when time's up. (requested by Stall these)\n|\n|t:|1776684506\n|teamsize|p1|4\n|teamsize|p2|4\n|start\n|switch|p1a: Sneasler|Sneasler, L50, M|100/100\n|switch|p1b: Farigiraf|Farigiraf, L50, F, shiny|100/100\n|switch|p2a: Archaludon|Archaludon, L50, M, shiny|100/100\n|switch|p2b: Sableye|Sableye, L50, M, shiny|100/100\n|turn|1\n|inactive|Stall these has 30 seconds left.\n|inactive|Stall these has 20 seconds left.\n|\n|t:|1776684541\n|move|p1a: Sneasler|Fake Out|p2a: Archaludon\n|-resisted|p2a: Archaludon|1\n|-damage|p2a: Archaludon|96/100\n|-ability|p2a: Archaludon|Stamina|boost\n|-boost|p2a: Archaludon|def|1\n|move|p2b: Sableye|Rain Dance|p2b: Sableye\n|-weather|RainDance\n|cant|p2a: Archaludon|flinch\n|move|p1b: Farigiraf|Trick Room|p1b: Farigiraf\n|-fieldstart|move: Trick Room|[of] p1b: Farigiraf\n|\n|-weather|RainDance|[upkeep]\n|-heal|p2a: Archaludon|100/100|[from] item: Leftovers\n|upkeep\n|turn|2\n|\n|t:|1776684556\n|move|p1b: Farigiraf|Helping Hand|p1a: Sneasler\n|-singleturn|p1a: Sneasler|Helping Hand|[of] p1b: Farigiraf\n|move|p2b: Sableye|Encore||[still]\n|cant|p1b: Farigiraf|ability: Armor Tail|Encore|[of] p2b: Sableye\n|move|p2a: Archaludon|Electro Shot||[still]\n|-prepare|p2a: Archaludon|Electro Shot\n|-boost|p2a: Archaludon|spa|1\n|-anim|p2a: Archaludon|Electro Shot|p1b: Farigiraf\n|-damage|p1b: Farigiraf|36/100\n|-enditem|p1b: Farigiraf|Sitrus Berry|[eat]\n|-heal|p1b: Farigiraf|60/100|[from] item: Sitrus Berry\n|move|p1a: Sneasler|Close Combat|p2a: Archaludon\n|-supereffective|p2a: Archaludon|1\n|-damage|p2a: Archaludon|17/100\n|-unboost|p1a: Sneasler|def|1\n|-unboost|p1a: Sneasler|spd|1\n|-ability|p2a: Archaludon|Stamina|boost\n|-boost|p2a: Archaludon|def|1\n|-enditem|p1a: Sneasler|White Herb\n|-clearnegativeboost|p1a: Sneasler|[silent]\n|\n|-weather|RainDance|[upkeep]\n|-heal|p2a: Archaludon|23/100|[from] item: Leftovers\n|upkeep\n|turn|3\n|inactive|MoChridhe has 30 seconds left.\n|inactive|Stall these has 30 seconds left.\n|inactive|MoChridhe has 20 seconds left.\n|\n|t:|1776684595\n|switch|p1a: Kingambit|Kingambit, L50, M|100/100\n|move|p2b: Sableye|Protect|p2b: Sableye\n|-singleturn|p2b: Sableye|Protect\n|move|p1b: Farigiraf|Hyper Voice|p2b: Sableye|[spread] p2a\n|-activate|p2b: Sableye|move: Protect\n|-resisted|p2a: Archaludon|1\n|-damage|p2a: Archaludon|4/100\n|-ability|p2a: Archaludon|Stamina|boost\n|-boost|p2a: Archaludon|def|1\n|move|p2a: Archaludon|Electro Shot||[still]\n|-prepare|p2a: Archaludon|Electro Shot\n|-boost|p2a: Archaludon|spa|1\n|-anim|p2a: Archaludon|Electro Shot|p1a: Kingambit\n|-damage|p1a: Kingambit|10/100\n|\n|-weather|RainDance|[upkeep]\n|-heal|p2a: Archaludon|10/100|[from] item: Leftovers\n|upkeep\n|turn|4\n|\n|t:|1776684616\n|switch|p2b: Basculegion|Basculegion, L50, M, shiny|100/100\n|move|p1a: Kingambit|Protect|p1a: Kingambit\n|-singleturn|p1a: Kingambit|Protect\n|move|p2a: Archaludon|Protect|p2a: Archaludon\n|-singleturn|p2a: Archaludon|Protect\n|move|p1b: Farigiraf|Hyper Voice|p2a: Archaludon|[spread] \n|-activate|p2a: Archaludon|move: Protect\n|-immune|p2b: Basculegion\n|\n|-weather|RainDance|[upkeep]\n|-heal|p2a: Archaludon|16/100|[from] item: Leftovers\n|upkeep\n|turn|5\n|\n|t:|1776684641\n|switch|p1a: U Calabbrisi|Scovillain, L50, M|100/100\n|move|p1b: Farigiraf|Psychic|p2a: Archaludon\n|-resisted|p2a: Archaludon|1\n|-damage|p2a: Archaludon|0 fnt\n|faint|p2a: Archaludon\n|move|p2b: Basculegion|Flip Turn|p1a: U Calabbrisi\n|-damage|p1a: U Calabbrisi|25/100\n|\n|t:|1776684650\n|switch|p2b: Meganium|Meganium, L50, M|100/100|[from] Flip Turn\n|\n|-weather|none\n|-fieldend|move: Trick Room\n|-ability|p1a: U Calabbrisi|Moody|boost\n|-boost|p1a: U Calabbrisi|spe|2\n|-unboost|p1a: U Calabbrisi|def|1\n|upkeep\n|\n|t:|1776684657\n|switch|p2a: Basculegion|Basculegion, L50, M, shiny|100/100\n|turn|6\n|\n|t:|1776684678\n|switch|p2a: Sableye|Sableye, L50, M, shiny|100/100\n|detailschange|p1a: U Calabbrisi|Scovillain-Mega, L50, M\n|-mega|p1a: U Calabbrisi|Scovillain|Scovillainite\n|detailschange|p2b: Meganium|Meganium-Mega, L50, M\n|-mega|p2b: Meganium|Meganium|Meganiumite\n|move|p1b: Farigiraf|Helping Hand|p1a: U Calabbrisi\n|-singleturn|p1a: U Calabbrisi|Helping Hand|[of] p1b: Farigiraf\n|move|p1a: U Calabbrisi|Giga Drain|p2a: Sableye\n|-damage|p2a: Sableye|43/100\n|-heal|p1a: U Calabbrisi|51/100|[from] drain|[of] p2a: Sableye\n|move|p2b: Meganium|Weather Ball|p1a: U Calabbrisi\n|-damage|p1a: U Calabbrisi|0 fnt\n|-status|p2b: Meganium|brn|[from] ability: Spicy Spray|[of] p1a: U Calabbrisi\n|faint|p1a: U Calabbrisi\n|\n|-damage|p2b: Meganium|95/100 brn|[from] brn\n|upkeep\n|\n|t:|1776684696\n|switch|p1a: Sneasler|Sneasler, L50, M|100/100\n|turn|7\n|\n|t:|1776684709\n|move|p1b: Farigiraf|Helping Hand|p1a: Sneasler\n|-singleturn|p1a: Sneasler|Helping Hand|[of] p1b: Farigiraf\n|move|p2a: Sableye|Protect|p2a: Sableye\n|-singleturn|p2a: Sableye|Protect\n|move|p2b: Meganium|Protect|p2b: Meganium\n|-singleturn|p2b: Meganium|Protect\n|move|p1a: Sneasler|Dire Claw|p2b: Meganium\n|-activate|p2b: Meganium|move: Protect\n|\n|-damage|p2b: Meganium|89/100 brn|[from] brn\n|upkeep\n|turn|8\n|\n|t:|1776684725\n|switch|p2b: Basculegion|Basculegion, L50, M, shiny|100/100\n|move|p1b: Farigiraf|Helping Hand|p1a: Sneasler\n|-singleturn|p1a: Sneasler|Helping Hand|[of] p1b: Farigiraf\n|move|p2a: Sableye|Rain Dance|p2a: Sableye\n|-weather|RainDance\n|move|p1a: Sneasler|Dire Claw|p2b: Basculegion\n|-resisted|p2b: Basculegion|1\n|-damage|p2b: Basculegion|62/100\n|-status|p2b: Basculegion|slp\n|\n|-weather|RainDance|[upkeep]\n|upkeep\n|turn|9\n|inactive|MoChridhe has 30 seconds left.\n|\n|t:|1776684751\n|switch|p2a: Meganium|Meganium-Mega, L50, M|89/100 brn\n|cant|p2b: Basculegion|slp\n|move|p1a: Sneasler|Dire Claw|p2a: Meganium\n|-supereffective|p2a: Meganium|2\n|-damage|p2a: Meganium|0 fnt\n|faint|p2a: Meganium\n|move|p1b: Farigiraf|Trick Room|p1b: Farigiraf\n|-fieldstart|move: Trick Room|[of] p1b: Farigiraf\n|\n|-weather|RainDance|[upkeep]\n|upkeep\n|\n|t:|1776684760\n|switch|p2a: Sableye|Sableye, L50, M, shiny|43/100\n|turn|10\n|\n|t:|1776684783\n|move|p2a: Sableye|Protect|p2a: Sableye\n|-singleturn|p2a: Sableye|Protect\n|move|p1b: Farigiraf|Psychic|p2b: Basculegion\n|-damage|p2b: Basculegion|22/100 slp\n|move|p1a: Sneasler|Dire Claw|p2a: Sableye\n|-activate|p2a: Sableye|move: Protect\n|cant|p2b: Basculegion|slp\n|\n|-weather|RainDance|[upkeep]\n|upkeep\n|turn|11\n|-message|Stall these forfeited.\n|\n|win|MoChridhe\n|raw|MoChridhe's rating: 1159 &rarr; <strong>1188</strong><br />(+29 for winning)\n|raw|Stall these's rating: 1212 &rarr; <strong>1183</strong><br />(-29 for losing)\n|l|\u2606Stall these\n|player|p2|\n",
  "uploadtime": 1776684805,
  "views": 10,
  "formatid": "gen9championsvgc2026regma",
  "rating": 1183,
  "private": 0,
  "password": null
}