{
  "id": "gen9championsvgc2026regma-2586507510",
  "format": "[Gen 9 Champions] VGC 2026 Reg M-A",
  "players": [
    "inakunana",
    "SparkelzVGC"
  ],
  "log": "|j|\u2606inakunana\n|j|\u2606SparkelzVGC\n|html|<table width=\"100%\"><tr><td align=\"left\">inakunana</td><td align=\"right\">SparkelzVGC</tr><tr><td align=\"left\"><i class=\"fa fa-circle-o\"></i> <i class=\"fa fa-circle-o\"></i> </td><td align=\"right\"><i class=\"fa fa-circle-o\"></i> <i class=\"fa fa-circle-o\"></i> </tr></table>\n|uhtml|bestof|<h2><strong>Game 1</strong> of <a href=\"/game-bestof3-gen9championsvgc2026regma-2586507509\">a best-of-3</a></h2>\n|t:|1776439436\n|gametype|doubles\n|player|p1|inakunana|erika|\n|player|p2|SparkelzVGC|n-masters|\n|gen|9\n|tier|[Gen 9 Champions] VGC 2026 Reg M-A\n|rule|Species Clause: Limit one of each Pok\u00e9mon\n|rule|Item Clause: Limit 1 of each item\n|raw|<div class=\"infobox\"><details class=\"readmore\" open><summary><strong>1 custom rule:</strong></summary> Best of = 3</details></div>\n|clearpoke\n|poke|p1|Excadrill, L50, M|\n|poke|p1|Tyranitar, L50, M|\n|poke|p1|Floette-Eternal, L50, F|\n|poke|p1|Incineroar, L50, M|\n|poke|p1|Sinistcha, L50|\n|poke|p1|Rotom-Wash, L50|\n|poke|p2|Aggron, L50, M|\n|poke|p2|Sinistcha, L50|\n|poke|p2|Farigiraf, L50, M|\n|poke|p2|Rotom-Wash, L50|\n|poke|p2|Tyranitar, L50, M|\n|poke|p2|Sneasler, L50, F|\n|teampreview|4\n|inactive|Battle timer is ON: inactive players will automatically lose when time's up. (requested by SparkelzVGC)\n|inactive|inakunana also wants the timer to be on.\ninakunana has agreed to open team sheets.\n|c|\u2606inakunana|stupid bum\n|c|\u2606inakunana|that aggron shit is not gonna fly\n|inactive|inakunana has 60 seconds left.\n|inactive|SparkelzVGC has 60 seconds left.\n|\n|t:|1776439478\n|teamsize|p1|4\n|teamsize|p2|4\n|start\n|switch|p1a: Sinistcha|Sinistcha, L50|100/100\n|switch|p1b: Incineroar|Incineroar, L50, M|100/100\n|switch|p2a: Aggron|Aggron, L50, M, shiny|100/100\n|switch|p2b: Sneasler|Sneasler, L50, F|100/100\n|-ability|p1b: Incineroar|Intimidate|boost\n|-unboost|p2a: Aggron|atk|1\n|-unboost|p2b: Sneasler|atk|1\n|-enditem|p2b: Sneasler|White Herb\n|-clearnegativeboost|p2b: Sneasler|[silent]\n|turn|1\n|\n|t:|1776439487\n|switch|p2b: Farigiraf|Farigiraf, L50, M|100/100\n|detailschange|p2a: Aggron|Aggron-Mega, L50, M, shiny\n|-mega|p2a: Aggron|Aggron|Aggronite\n|move|p1b: Incineroar|Parting Shot|p2a: Aggron\n|-unboost|p2a: Aggron|atk|1\n|-unboost|p2a: Aggron|spa|1\n|\n|t:|1776439495\n|switch|p1b: Rotom|Rotom-Wash, L50|100/100|[from] Parting Shot\n|move|p1a: Sinistcha|Matcha Gotcha|p2b: Farigiraf|[spread] p2a,p2b\n|-resisted|p2a: Aggron|1\n|-damage|p2a: Aggron|90/100\n|-damage|p2b: Farigiraf|74/100\n|-status|p2a: Aggron|brn\n|-status|p2b: Farigiraf|brn\n|move|p2a: Aggron|Iron Defense|p2a: Aggron\n|-boost|p2a: Aggron|def|2\n|\n|-heal|p2b: Farigiraf|80/100 brn|[from] item: Leftovers\n|-damage|p2b: Farigiraf|74/100 brn|[from] brn\n|-damage|p2a: Aggron|84/100 brn|[from] brn\n|upkeep\n|turn|2\n|\n|t:|1776439513\n|move|p1b: Rotom|Hydro Pump|p2b: Farigiraf\n|-damage|p2b: Farigiraf|25/100 brn\n|move|p1a: Sinistcha|Matcha Gotcha|p2b: Farigiraf|[spread] p2a\n|-miss|p1a: Sinistcha|p2b: Farigiraf\n|-resisted|p2a: Aggron|1\n|-damage|p2a: Aggron|73/100 brn\n|move|p2b: Farigiraf|Psychic|p1a: Sinistcha\n|-damage|p1a: Sinistcha|49/100\n|-enditem|p1a: Sinistcha|Sitrus Berry|[eat]\n|-heal|p1a: Sinistcha|74/100|[from] item: Sitrus Berry\n|move|p2a: Aggron|Body Press|p1b: Rotom\n|-damage|p1b: Rotom|45/100\n|\n|-heal|p1b: Rotom|50/100|[from] item: Leftovers\n|-heal|p2b: Farigiraf|31/100 brn|[from] item: Leftovers\n|-damage|p2b: Farigiraf|25/100 brn|[from] brn\n|-damage|p2a: Aggron|67/100 brn|[from] brn\n|upkeep\n|turn|3\n|\n|t:|1776439523\n|move|p1b: Rotom|Hydro Pump|p2a: Aggron\n|-crit|p2a: Aggron\n|-damage|p2a: Aggron|6/100 brn\n|move|p1a: Sinistcha|Matcha Gotcha|p2b: Farigiraf|[spread] p2a,p2b\n|-resisted|p2a: Aggron|1\n|-damage|p2a: Aggron|0 fnt\n|-heal|p1a: Sinistcha|77/100|[from] drain|[of] p2a: Aggron\n|-damage|p2b: Farigiraf|0 fnt\n|-heal|p1a: Sinistcha|93/100|[from] drain|[of] p2b: Farigiraf\n|faint|p2a: Aggron\n|faint|p2b: Farigiraf\n|\n|-heal|p1b: Rotom|56/100|[from] item: Leftovers\n|upkeep\n|\n|t:|1776439534\n|switch|p2b: Sneasler|Sneasler, L50, F|100/100\n|switch|p2a: Rotom|Rotom-Wash, L50|100/100\n|turn|4\n|\n|t:|1776439546\n|move|p2b: Sneasler|Dire Claw|p1a: Sinistcha\n|-damage|p1a: Sinistcha|60/100\n|move|p1b: Rotom|Will-O-Wisp|p2b: Sneasler\n|-status|p2b: Sneasler|brn\n|move|p2a: Rotom|Thunderbolt|p1b: Rotom\n|-damage|p1b: Rotom|0 fnt\n|faint|p1b: Rotom\n|move|p1a: Sinistcha|Matcha Gotcha|p2b: Sneasler|[spread] p2a,p2b\n|-supereffective|p2a: Rotom|1\n|-resisted|p2b: Sneasler|1\n|-damage|p2a: Rotom|47/100\n|-heal|p1a: Sinistcha|84/100|[from] drain|[of] p2a: Rotom\n|-damage|p2b: Sneasler|85/100 brn\n|-heal|p1a: Sinistcha|90/100|[from] drain|[of] p2b: Sneasler\n|-enditem|p2a: Rotom|Sitrus Berry|[eat]\n|-heal|p2a: Rotom|72/100|[from] item: Sitrus Berry\n|\n|-damage|p2b: Sneasler|79/100 brn|[from] brn\n|upkeep\n|\n|t:|1776439557\n|switch|p1b: Incineroar|Incineroar, L50, M|100/100\n|-ability|p1b: Incineroar|Intimidate|boost\n|-unboost|p2a: Rotom|atk|1\n|-unboost|p2b: Sneasler|atk|1\n|turn|5\n|\n|t:|1776439567\n|move|p2b: Sneasler|Dire Claw|p1a: Sinistcha\n|-damage|p1a: Sinistcha|79/100\n|-status|p1a: Sinistcha|slp\n|move|p2a: Rotom|Hydro Pump|p1b: Incineroar\n|-supereffective|p1b: Incineroar|1\n|-damage|p1b: Incineroar|1/100\n|cant|p1a: Sinistcha|slp\n|move|p1b: Incineroar|Parting Shot|p2b: Sneasler\n|-unboost|p2b: Sneasler|atk|1\n|-unboost|p2b: Sneasler|spa|1\n|\n|t:|1776439571\n|switch|p1b: Floette|Floette-Eternal, L50, F|100/100|[from] Parting Shot\n|\n|-damage|p2b: Sneasler|74/100 brn|[from] brn\n|upkeep\n|turn|6\n|\n|t:|1776439578\n|detailschange|p1b: Floette|Floette-Mega, L50, F\n|-mega|p1b: Floette|Floette|Floettite\n|-ability|p1b: Floette|Fairy Aura\n|move|p2b: Sneasler|Dire Claw|p1b: Floette\n|-supereffective|p1b: Floette|1\n|-damage|p1b: Floette|78/100\n|move|p1b: Floette|Moonblast|p2b: Sneasler\n|-damage|p2b: Sneasler|0 fnt\n|faint|p2b: Sneasler\n|move|p2a: Rotom|Hydro Pump|p1b: Floette\n|-damage|p1b: Floette|31/100\n|-curestatus|p1a: Sinistcha|slp|[msg]\n|move|p1a: Sinistcha|Matcha Gotcha|p2a: Rotom\n|-supereffective|p2a: Rotom|1\n|-damage|p2a: Rotom|0 fnt\n|-heal|p1a: Sinistcha|100/100|[from] drain|[of] p2a: Rotom\n|faint|p2a: Rotom\n|\n|win|inakunana\n",
  "uploadtime": 1776439584,
  "views": 38,
  "formatid": "gen9championsvgc2026regma",
  "rating": null,
  "private": 0,
  "password": null
}