{
  "id": "gen9championsvgc2026regma-2582081207",
  "format": "[Gen 9 Champions] VGC 2026 Reg M-A",
  "players": [
    "loklastaji",
    "NoMercyPex"
  ],
  "log": "|j|\u2606loklastaji\n|j|\u2606NoMercyPex\n|t:|1776055493\n|gametype|doubles\n|player|p1|loklastaji|265|1313\n|player|p2|NoMercyPex|silver-masters|1406\n|gen|9\n|tier|[Gen 9 Champions] VGC 2026 Reg M-A\n|rated|\n|rule|Species Clause: Limit one of each Pok\u00e9mon\n|rule|Item Clause: Limit 1 of each item\n|clearpoke\n|poke|p1|Samurott-Hisui, L50, M|\n|poke|p1|Mamoswine, L50, M|\n|poke|p1|Delphox, L50, F|\n|poke|p1|Tsareena, L50, F|\n|poke|p1|Corviknight, L50, M|\n|poke|p1|Altaria, L50, M|\n|poke|p2|Whimsicott, L50, M|\n|poke|p2|Gardevoir, L50, F|\n|poke|p2|Garchomp, L50, F|\n|poke|p2|Incineroar, L50, M|\n|poke|p2|Sneasler, L50, F|\n|poke|p2|Farigiraf, L50, M|\n|teampreview|4\n|inactive|Battle timer is ON: inactive players will automatically lose when time's up. (requested by NoMercyPex)\n|inactive|loklastaji has 60 seconds left.\n|inactive|NoMercyPex has 60 seconds left.\n|inactive|NoMercyPex has 30 seconds left.\n|\n|t:|1776055560\n|teamsize|p1|4\n|teamsize|p2|4\n|start\n|switch|p1a: Mamoswine|Mamoswine, L50, M|100/100\n|switch|p1b: Corviknight|Corviknight, L50, M|100/100\n|switch|p2a: Whimsicott|Whimsicott, L50, M|100/100\n|switch|p2b: Garchomp|Garchomp, L50, F|100/100\n|turn|1\n|\n|t:|1776055578\n|move|p1a: Mamoswine|Ice Shard|p2b: Garchomp\n|-supereffective|p2b: Garchomp|2\n|-damage|p2b: Garchomp|9/100\n|move|p2a: Whimsicott|Tailwind|p2a: Whimsicott\n|-sidestart|p2: NoMercyPex|move: Tailwind\n|move|p2b: Garchomp|Stomping Tantrum|p1a: Mamoswine\n|-damage|p1a: Mamoswine|46/100\n|move|p1b: Corviknight|Tailwind|p1b: Corviknight\n|-sidestart|p1: loklastaji|move: Tailwind\n|\n|upkeep\n|turn|2\n|inactive|loklastaji has 30 seconds left.\n|\n|t:|1776055605\n|move|p1a: Mamoswine|Ice Shard|p2a: Whimsicott\n|-supereffective|p2a: Whimsicott|1\n|-damage|p2a: Whimsicott|33/100\n|move|p2a: Whimsicott|Encore|p1b: Corviknight\n|-start|p1b: Corviknight|Encore\n|move|p2b: Garchomp|Stomping Tantrum|p1a: Mamoswine\n|-damage|p1a: Mamoswine|0 fnt\n|faint|p1a: Mamoswine\n|move|p1b: Corviknight|Tailwind||[still]\n|-fail|p1b: Corviknight\n|\n|upkeep\n|\n|t:|1776055618\n|switch|p1a: Delphox|Delphox, L50, F|100/100\n|turn|3\n|\n|t:|1776055631\n|switch|p2a: Sneasler|Sneasler, L50, F|100/100\n|switch|p1b: Tsareena|Tsareena, L50, F|100/100\n|detailschange|p1a: Delphox|Delphox-Mega, L50, F\n|-mega|p1a: Delphox|Delphox|Delphoxite\n|move|p2b: Garchomp|Protect|p2b: Garchomp\n|-singleturn|p2b: Garchomp|Protect\n|move|p1a: Delphox|Heat Wave|p2b: Garchomp|[spread] p2a\n|-activate|p2b: Garchomp|move: Protect\n|-damage|p2a: Sneasler|45/100\n|\n|upkeep\n|turn|4\n|\n|t:|1776055656\n|move|p2a: Sneasler|Protect|p2a: Sneasler\n|-singleturn|p2a: Sneasler|Protect\n|move|p1a: Delphox|Heat Wave|p2a: Sneasler|[spread] p2b\n|-activate|p2a: Sneasler|move: Protect\n|-resisted|p2b: Garchomp|1\n|-damage|p2b: Garchomp|0 fnt\n|faint|p2b: Garchomp\n|move|p1b: Tsareena|Taunt|p2a: Sneasler\n|-activate|p2a: Sneasler|move: Protect\n|\n|-sideend|p1: loklastaji|move: Tailwind\n|-sideend|p2: NoMercyPex|move: Tailwind\n|upkeep\n|\n|t:|1776055665\n|switch|p2b: Whimsicott|Whimsicott, L50, M|33/100\n|turn|5\n|\n|t:|1776055679\n|switch|p1b: Corviknight|Corviknight, L50, M|100/100\n|move|p2b: Whimsicott|Tailwind|p2b: Whimsicott\n|-sidestart|p2: NoMercyPex|move: Tailwind\n|move|p2a: Sneasler|Dire Claw|p1a: Delphox\n|-damage|p1a: Delphox|32/100\n|-status|p1a: Delphox|psn\n|move|p1a: Delphox|Psychic|p2a: Sneasler\n|-supereffective|p2a: Sneasler|2\n|-damage|p2a: Sneasler|0 fnt\n|faint|p2a: Sneasler\n|\n|-damage|p1a: Delphox|20/100 psn|[from] psn\n|upkeep\n|\n|t:|1776055690\n|switch|p2a: Gardevoir|Gardevoir, L50, F|100/100\n|-ability|p2a: Gardevoir|Mirror Armor|Trace|[from] ability: Trace|[of] p1b: Corviknight\n|turn|6\n|\n|t:|1776055708\n|switch|p1a: Tsareena|Tsareena, L50, F|100/100\n|detailschange|p2a: Gardevoir|Gardevoir-Mega, L50, F\n|-mega|p2a: Gardevoir|Gardevoir|Gardevoirite\n|move|p2b: Whimsicott|Protect|p2b: Whimsicott\n|-singleturn|p2b: Whimsicott|Protect\n|move|p2a: Gardevoir|Calm Mind|p2a: Gardevoir\n|-boost|p2a: Gardevoir|spa|1\n|-boost|p2a: Gardevoir|spd|1\n|move|p1b: Corviknight|Tailwind|p1b: Corviknight\n|-sidestart|p1: loklastaji|move: Tailwind\n|\n|upkeep\n|turn|7\n|\n|t:|1776055732\n|move|p1a: Tsareena|Protect|p1a: Tsareena\n|-singleturn|p1a: Tsareena|Protect\n|move|p2b: Whimsicott|Moonblast|p1a: Tsareena\n|-activate|p1a: Tsareena|move: Protect\n|move|p2a: Gardevoir|Hyper Voice|p1b: Corviknight|[spread] p1b\n|-activate|p1a: Tsareena|move: Protect\n|-resisted|p1b: Corviknight|1\n|-damage|p1b: Corviknight|55/100\n|move|p1b: Corviknight|Iron Head|p2b: Whimsicott\n|-supereffective|p2b: Whimsicott|1\n|-damage|p2b: Whimsicott|0 fnt\n|faint|p2b: Whimsicott\n|\n|-heal|p1b: Corviknight|61/100|[from] item: Leftovers\n|upkeep\n|turn|8\n|\n|t:|1776055755\n|move|p1a: Tsareena|Power Whip|p2a: Gardevoir\n|-damage|p2a: Gardevoir|2/100\n|move|p2a: Gardevoir|Hyper Voice|p1a: Tsareena|[spread] p1a,p1b\n|-resisted|p1b: Corviknight|1\n|-enditem|p1a: Tsareena|Focus Sash\n|-damage|p1a: Tsareena|1/100\n|-damage|p1b: Corviknight|21/100\n|move|p1b: Corviknight|Iron Head|p2a: Gardevoir\n|-supereffective|p2a: Gardevoir|1\n|-damage|p2a: Gardevoir|0 fnt\n|faint|p2a: Gardevoir\n|\n|win|loklastaji\n|raw|loklastaji's rating: 1313 &rarr; <strong>1338</strong><br />(+25 for winning)\n|raw|NoMercyPex's rating: 1406 &rarr; <strong>1381</strong><br />(-25 for losing)\n|l|\u2606NoMercyPex\n|player|p2|\n",
  "uploadtime": 1776055769,
  "views": 21,
  "formatid": "gen9championsvgc2026regma",
  "rating": 1338,
  "private": 0,
  "password": null
}