{
  "id": "gen9championsvgc2026regma-2587820323",
  "format": "[Gen 9 Champions] VGC 2026 Reg M-A",
  "players": [
    "KilamanolaVGC",
    "NotAnOmen"
  ],
  "log": "|j|\u203dKilamanolaVGC\n|j|\u2606NotAnOmen\n|t:|1776567341\n|gametype|doubles\n|player|p1|KilamanolaVGC|benga|1365\n|player|p2|NotAnOmen|102|1371\n|gen|9\n|tier|[Gen 9 Champions] VGC 2026 Reg M-A\n|rated|\n|rule|Species Clause: Limit one of each Pok\u00e9mon\n|rule|Item Clause: Limit 1 of each item\n|clearpoke\n|poke|p1|Scovillain, L50, M, shiny|\n|poke|p1|Sneasler, L50, M, shiny|\n|poke|p1|Pelipper, L50, M, shiny|\n|poke|p1|Basculegion, L50, M|\n|poke|p1|Aerodactyl, L50, M, shiny|\n|poke|p1|Archaludon, L50, F, shiny|\n|poke|p2|Floette-Eternal, L50, F|\n|poke|p2|Chandelure, L50, M|\n|poke|p2|Aerodactyl, L50, F|\n|poke|p2|Kangaskhan, L50, F|\n|poke|p2|Torkoal, L50, F|\n|poke|p2|Runerigus, L50, F|\n|teampreview|4\n|inactive|Battle timer is ON: inactive players will automatically lose when time's up. (requested by KilamanolaVGC)\n|inactive|KilamanolaVGC has 60 seconds left.\n|inactive|NotAnOmen has 60 seconds left.\n|\n|t:|1776567396\n|teamsize|p1|4\n|teamsize|p2|4\n|start\n|switch|p1a: Scovillain|Scovillain, L50, M, shiny|100/100\n|switch|p1b: Sneasler|Sneasler, L50, M, shiny|100/100\n|switch|p2a: Runerigus|Runerigus, L50, F|100/100\n|switch|p2b: Kangaskhan|Kangaskhan, L50, F|100/100\n|turn|1\n|inactive|KilamanolaVGC has 30 seconds left.\n|inactive|NotAnOmen has 30 seconds left.\n|\n|t:|1776567425\n|switch|p2b: Torkoal|Torkoal, L50, F|100/100\n|-weather|SunnyDay|[from] ability: Drought|[of] p2b: Torkoal\n|move|p1b: Sneasler|Fake Out|p2b: Torkoal\n|-damage|p2b: Torkoal|88/100\n|move|p1a: Scovillain|Leech Seed|p2a: Runerigus\n|-start|p2a: Runerigus|move: Leech Seed\n|move|p2a: Runerigus|Trick Room|p2a: Runerigus\n|-fieldstart|move: Trick Room|[of] p2a: Runerigus\n|\n|-weather|SunnyDay|[upkeep]\n|-damage|p2a: Runerigus|88/100|[from] Leech Seed|[of] p1a: Scovillain\n|-ability|p1a: Scovillain|Moody|boost\n|-boost|p1a: Scovillain|spe|2\n|-unboost|p1a: Scovillain|atk|1\n|upkeep\n|turn|2\n|\n|t:|1776567447\n|move|p1b: Sneasler|Protect|p1b: Sneasler\n|-singleturn|p1b: Sneasler|Protect\n|move|p1a: Scovillain|Protect|p1a: Scovillain\n|-singleturn|p1a: Scovillain|Protect\n|move|p2b: Torkoal|Eruption|p1a: Scovillain|[spread] \n|-activate|p1a: Scovillain|move: Protect\n|-activate|p1b: Sneasler|move: Protect\n|move|p2a: Runerigus|Body Press|p1b: Sneasler\n|-activate|p1b: Sneasler|move: Protect\n|\n|-weather|SunnyDay|[upkeep]\n|-damage|p2a: Runerigus|76/100|[from] Leech Seed|[of] p1a: Scovillain\n|-ability|p1a: Scovillain|Moody|boost\n|-boost|p1a: Scovillain|spd|2\n|-unboost|p1a: Scovillain|def|1\n|upkeep\n|turn|3\n|inactive|KilamanolaVGC has 30 seconds left.\n|\n|t:|1776567473\n|switch|p1b: Pelipper|Pelipper, L50, M, shiny|100/100\n|-weather|RainDance|[from] ability: Drizzle|[of] p1b: Pelipper\n|detailschange|p1a: Scovillain|Scovillain-Mega, L50, M, shiny\n|-mega|p1a: Scovillain|Scovillain|Scovillainite\n|move|p2b: Torkoal|Eruption|p1b: Pelipper|[spread] p1a,p1b\n|-resisted|p1b: Pelipper|1\n|-damage|p1a: Scovillain|91/100\n|-damage|p1b: Pelipper|89/100\n|-immune|p2b: Torkoal\n|move|p2a: Runerigus|Body Press|p1b: Pelipper\n|-resisted|p1b: Pelipper|1\n|-damage|p1b: Pelipper|75/100\n|move|p1a: Scovillain|Leech Seed|p2b: Torkoal\n|-start|p2b: Torkoal|move: Leech Seed\n|\n|-weather|RainDance|[upkeep]\n|-damage|p2b: Torkoal|75/100|[from] Leech Seed|[of] p1a: Scovillain\n|-heal|p1a: Scovillain|100/100|[silent]\n|-damage|p2a: Runerigus|64/100|[from] Leech Seed|[of] p1a: Scovillain\n|upkeep\n|turn|4\n|inactive|NotAnOmen has 30 seconds left.\n|inactive|NotAnOmen has 20 seconds left.\n|\n|t:|1776567511\n|switch|p2b: Kangaskhan|Kangaskhan, L50, F|100/100\n|move|p1a: Scovillain|Rage Powder|p1a: Scovillain\n|-singleturn|p1a: Scovillain|move: Rage Powder\n|move|p2a: Runerigus|Taunt|p1a: Scovillain\n|-start|p1a: Scovillain|move: Taunt\n|move|p1b: Pelipper|Weather Ball|p2b: Kangaskhan\n|-damage|p2b: Kangaskhan|46/100\n|\n|-weather|RainDance|[upkeep]\n|-damage|p2a: Runerigus|52/100|[from] Leech Seed|[of] p1a: Scovillain\n|upkeep\n|turn|5\n|inactive|NotAnOmen has 30 seconds left.\n|\n|t:|1776567541\n|switch|p1a: Archaludon|Archaludon, L50, F, shiny|100/100\n|move|p1b: Pelipper|Protect|p1b: Pelipper\n|-singleturn|p1b: Pelipper|Protect\n|move|p2b: Kangaskhan|Fake Out|p1b: Pelipper\n|-activate|p1b: Pelipper|move: Protect\n|move|p2a: Runerigus|Body Press|p1b: Pelipper\n|-activate|p1b: Pelipper|move: Protect\n|\n|-weather|RainDance|[upkeep]\n|-damage|p2a: Runerigus|40/100|[from] Leech Seed|[of] p1a: Archaludon\n|-fieldend|move: Trick Room\n|upkeep\n|turn|6\n|\n|t:|1776567561\n|move|p1a: Archaludon|Dragon Pulse|p2a: Runerigus\n|-damage|p2a: Runerigus|0 fnt\n|faint|p2a: Runerigus\n|move|p2b: Kangaskhan|Last Resort|p1b: Pelipper\n|-damage|p1b: Pelipper|5/100\n|-enditem|p1b: Pelipper|Sitrus Berry|[eat]\n|-heal|p1b: Pelipper|29/100|[from] item: Sitrus Berry\n|move|p1b: Pelipper|Weather Ball|p2b: Kangaskhan\n|-damage|p2b: Kangaskhan|0 fnt\n|faint|p2b: Kangaskhan\n|\n|-weather|RainDance|[upkeep]\n|upkeep\n|\n|t:|1776567574\n|switch|p2b: Torkoal|Torkoal, L50, F|75/100\n|switch|p2a: Floette|Floette-Eternal, L50, F|100/100\n|-weather|SunnyDay|[from] ability: Drought|[of] p2b: Torkoal\n|turn|7\n|\n|t:|1776567586\n|switch|p1b: Sneasler|Sneasler, L50, M, shiny|100/100\n|detailschange|p2a: Floette|Floette-Mega, L50, F\n|-mega|p2a: Floette|Floette|Floettite\n|-ability|p2a: Floette|Fairy Aura\n|move|p1a: Archaludon|Dragon Pulse|p2b: Torkoal\n|-damage|p2b: Torkoal|26/100\n|-enditem|p2b: Torkoal|Sitrus Berry|[eat]\n|-heal|p2b: Torkoal|51/100|[from] item: Sitrus Berry\n|move|p2a: Floette|Dazzling Gleam|p1a: Archaludon|[spread] p1a,p1b\n|-damage|p1a: Archaludon|17/100\n|-damage|p1b: Sneasler|35/100\n|move|p2b: Torkoal|Eruption|p1a: Archaludon|[spread] p1a,p1b\n|-damage|p1a: Archaludon|0 fnt\n|-damage|p1b: Sneasler|0 fnt\n|faint|p1a: Archaludon\n|faint|p1b: Sneasler\n|\n|-weather|SunnyDay|[upkeep]\n|upkeep\n|\n|t:|1776567600\n|switch|p1b: Scovillain|Scovillain-Mega, L50, M, shiny|100/100\n|switch|p1a: Pelipper|Pelipper, L50, M, shiny|29/100\n|-weather|RainDance|[from] ability: Drizzle|[of] p1a: Pelipper\n|turn|8\n|\n|t:|1776567622\n|move|p1a: Pelipper|Protect|p1a: Pelipper\n|-singleturn|p1a: Pelipper|Protect\n|move|p2a: Floette|Dazzling Gleam|p1b: Scovillain|[spread] p1b\n|-activate|p1a: Pelipper|move: Protect\n|-resisted|p1b: Scovillain|1\n|-damage|p1b: Scovillain|75/100\n|-status|p2a: Floette|brn|[from] ability: Spicy Spray|[of] p1b: Scovillain\n|move|p1b: Scovillain|Leech Seed|p2a: Floette\n|-start|p2a: Floette|move: Leech Seed\n|move|p2b: Torkoal|Earth Power|p1b: Scovillain\n|-damage|p1b: Scovillain|52/100\n|-immune|p2b: Torkoal\n|\n|-weather|RainDance|[upkeep]\n|-damage|p2a: Floette|88/100 brn|[from] Leech Seed|[of] p1b: Scovillain\n|-heal|p1b: Scovillain|64/100|[silent]\n|-damage|p2a: Floette|82/100 brn|[from] brn\n|upkeep\n|turn|9\n|\n|t:|1776567647\n|move|p1a: Pelipper|Wide Guard|p1a: Pelipper\n|-singleturn|p1a: Pelipper|Wide Guard\n|move|p2a: Floette|Dazzling Gleam|p1b: Scovillain|[spread] \n|-activate|p1a: Pelipper|move: Wide Guard\n|-activate|p1b: Scovillain|move: Wide Guard\n|move|p1b: Scovillain|Leech Seed|p2b: Torkoal\n|-start|p2b: Torkoal|move: Leech Seed\n|move|p2b: Torkoal|Heat Wave|p1b: Scovillain|[spread] \n|-activate|p1a: Pelipper|move: Wide Guard\n|-activate|p1b: Scovillain|move: Wide Guard\n|\n|-weather|RainDance|[upkeep]\n|-damage|p2a: Floette|70/100 brn|[from] Leech Seed|[of] p1b: Scovillain\n|-heal|p1b: Scovillain|77/100|[silent]\n|-damage|p2b: Torkoal|39/100|[from] Leech Seed|[of] p1b: Scovillain\n|-heal|p1b: Scovillain|88/100|[silent]\n|-damage|p2a: Floette|64/100 brn|[from] brn\n|upkeep\n|turn|10\n|\n|t:|1776567669\n|move|p1b: Scovillain|Rage Powder|p1b: Scovillain\n|-singleturn|p1b: Scovillain|move: Rage Powder\n|move|p2a: Floette|Giga Drain|p1b: Scovillain\n|-resisted|p1b: Scovillain|2\n|-damage|p1b: Scovillain|81/100\n|-heal|p2a: Floette|67/100 brn|[from] drain|[of] p1b: Scovillain\n|move|p1a: Pelipper|Weather Ball|p2b: Torkoal\n|-supereffective|p2b: Torkoal|1\n|-crit|p2b: Torkoal\n|-damage|p2b: Torkoal|0 fnt\n|faint|p2b: Torkoal\n|\n|-weather|RainDance|[upkeep]\n|-damage|p2a: Floette|55/100 brn|[from] Leech Seed|[of] p1b: Scovillain\n|-heal|p1b: Scovillain|94/100|[silent]\n|-damage|p2a: Floette|49/100 brn|[from] brn\n|upkeep\n|turn|11\n|\n|t:|1776567684\n|move|p1b: Scovillain|Rage Powder|p1b: Scovillain\n|-singleturn|p1b: Scovillain|move: Rage Powder\n|move|p2a: Floette|Moonblast|p1b: Scovillain\n|-resisted|p1b: Scovillain|1\n|-damage|p1b: Scovillain|56/100\n|move|p1a: Pelipper|Weather Ball|p2a: Floette\n|-damage|p2a: Floette|13/100 brn\n|\n|-weather|RainDance|[upkeep]\n|-damage|p2a: Floette|0 fnt|[from] Leech Seed|[of] p1b: Scovillain\n|-heal|p1b: Scovillain|69/100|[silent]\n|faint|p2a: Floette\n|\n|win|KilamanolaVGC\n|raw|KilamanolaVGC's rating: 1365 &rarr; <strong>1385</strong><br />(+20 for winning)\n|raw|NotAnOmen's rating: 1371 &rarr; <strong>1351</strong><br />(-20 for losing)\n|l|\u2606NotAnOmen\n|player|p2|\n",
  "uploadtime": 1776567724,
  "views": 17,
  "formatid": "gen9championsvgc2026regma",
  "rating": 1351,
  "private": 0,
  "password": null
}