{
  "id": "gen9championsvgc2026regma-2583463268",
  "format": "[Gen 9 Champions] VGC 2026 Reg M-A",
  "players": [
    "cheeseguy43",
    "vince0810"
  ],
  "log": "|j|\u2606cheeseguy43\n|j|\u2606vince0810\n|t:|1776177271\n|gametype|doubles\n|player|p1|cheeseguy43|clair|1013\n|player|p2|vince0810|ethan|1086\n|gen|9\n|tier|[Gen 9 Champions] VGC 2026 Reg M-A\n|rated|\n|rule|Species Clause: Limit one of each Pok\u00e9mon\n|rule|Item Clause: Limit 1 of each item\n|clearpoke\n|poke|p1|Whimsicott, L50, M|\n|poke|p1|Dragonite, L50, F|\n|poke|p1|Maushold, L50|\n|poke|p1|Garchomp, L50, M|\n|poke|p1|Basculegion, L50, M|\n|poke|p1|Delphox, L50, M|\n|poke|p2|Floette-Eternal, L50, F|\n|poke|p2|Sylveon, L50, M|\n|poke|p2|Excadrill, L50, F|\n|poke|p2|Tyranitar, L50, F|\n|poke|p2|Incineroar, L50, F|\n|poke|p2|Sinistcha, L50|\n|teampreview|4\n|c|\u2606cheeseguy43|glhf\ncheeseguy43 rejected open team sheets.\n|inactive|Battle timer is ON: inactive players will automatically lose when time's up. (requested by cheeseguy43)\n|\n|t:|1776177319\n|teamsize|p1|4\n|teamsize|p2|4\n|start\n|switch|p1a: Maushold|Maushold, L50|100/100\n|switch|p1b: Delphox|Delphox, L50, M|100/100\n|switch|p2a: Floette|Floette-Eternal, L50, F|100/100\n|switch|p2b: Sylveon|Sylveon, L50, M|100/100\n|turn|1\n|\n|t:|1776177338\n|detailschange|p1b: Delphox|Delphox-Mega, L50, M\n|-mega|p1b: Delphox|Delphox|Delphoxite\n|detailschange|p2a: Floette|Floette-Mega, L50, F\n|-mega|p2a: Floette|Floette|Floettite\n|-ability|p2a: Floette|Fairy Aura\n|move|p1a: Maushold|Helping Hand|p1b: Delphox\n|-singleturn|p1b: Delphox|Helping Hand|[of] p1a: Maushold\n|move|p2a: Floette|Protect|p2a: Floette\n|-singleturn|p2a: Floette|Protect\n|move|p1b: Delphox|Heat Wave|p2b: Sylveon|[spread] p2b\n|-activate|p2a: Floette|move: Protect\n|-damage|p2b: Sylveon|54/100\n|move|p2b: Sylveon|Hyper Voice|p1a: Maushold|[spread] p1a,p1b\n|-resisted|p1b: Delphox|1\n|-damage|p1a: Maushold|29/100\n|-damage|p1b: Delphox|80/100\n|-enditem|p1a: Maushold|Sitrus Berry|[eat]\n|-heal|p1a: Maushold|54/100|[from] item: Sitrus Berry\n|\n|upkeep\n|turn|2\n|inactive|vince0810 has 30 seconds left.\n|inactive|cheeseguy43 has 30 seconds left.\n|\n|t:|1776177371\n|move|p1a: Maushold|Helping Hand|p1b: Delphox\n|-singleturn|p1b: Delphox|Helping Hand|[of] p1a: Maushold\n|move|p1b: Delphox|Psychic|p2a: Floette\n|-damage|p2a: Floette|36/100\n|move|p2a: Floette|Dazzling Gleam|p1a: Maushold|[spread] p1a,p1b\n|-resisted|p1b: Delphox|1\n|-damage|p1a: Maushold|0 fnt\n|-damage|p1b: Delphox|60/100\n|faint|p1a: Maushold\n|move|p2b: Sylveon|Hyper Voice|p1b: Delphox\n|-resisted|p1b: Delphox|1\n|-damage|p1b: Delphox|24/100\n|\n|upkeep\n|\n|t:|1776177384\n|switch|p1a: Basculegion|Basculegion, L50, M|100/100\n|turn|3\n|\n|t:|1776177392\n|move|p2a: Floette|Protect|p2a: Floette\n|-singleturn|p2a: Floette|Protect\n|move|p2b: Sylveon|Quick Attack|p1b: Delphox\n|-resisted|p1b: Delphox|1\n|-damage|p1b: Delphox|10/100\n|move|p1a: Basculegion|Flip Turn|p2b: Sylveon\n|-damage|p2b: Sylveon|22/100\n|\n|t:|1776177399\n|switch|p1a: Garchomp|Garchomp, L50, M|100/100|[from] Flip Turn\n|move|p1b: Delphox|Heat Wave|p2b: Sylveon|[spread] p2b\n|-activate|p2a: Floette|move: Protect\n|-damage|p2b: Sylveon|0 fnt\n|faint|p2b: Sylveon\n|\n|upkeep\n|\n|t:|1776177411\n|switch|p2b: Incineroar|Incineroar, L50, F|100/100\n|-ability|p2b: Incineroar|Intimidate|boost\n|-unboost|p1a: Garchomp|atk|1\n|-unboost|p1b: Delphox|atk|1\n|turn|4\n|\n|t:|1776177422\n|move|p1b: Delphox|Protect|p1b: Delphox\n|-singleturn|p1b: Delphox|Protect\n|move|p2b: Incineroar|Fake Out|p1b: Delphox\n|-activate|p1b: Delphox|move: Protect\n|move|p1a: Garchomp|Iron Head|p2a: Floette\n|-supereffective|p2a: Floette|1\n|-damage|p2a: Floette|0 fnt\n|faint|p2a: Floette\n|\n|upkeep\n|\n|t:|1776177432\n|switch|p2a: Sinistcha|Sinistcha, L50|100/100\n|turn|5\n|\n|t:|1776177449\n|move|p2a: Sinistcha|Protect|p2a: Sinistcha\n|-singleturn|p2a: Sinistcha|Protect\n|move|p1b: Delphox|Heat Wave|p2b: Incineroar|[spread] p2b\n|-activate|p2a: Sinistcha|move: Protect\n|-resisted|p2b: Incineroar|1\n|-damage|p2b: Incineroar|84/100\n|move|p1a: Garchomp|Rock Slide|p2a: Sinistcha|[spread] p2b\n|-activate|p2a: Sinistcha|move: Protect\n|-supereffective|p2b: Incineroar|1\n|-damage|p2b: Incineroar|64/100\n|move|p2b: Incineroar|Darkest Lariat|p1b: Delphox\n|-supereffective|p1b: Delphox|1\n|-damage|p1b: Delphox|0 fnt\n|faint|p1b: Delphox\n|\n|upkeep\n|\n|t:|1776177461\n|switch|p1b: Basculegion|Basculegion, L50, M|100/100\n|turn|6\n|\n|t:|1776177484\n|move|p1b: Basculegion|Last Respects|p2a: Sinistcha\n|-supereffective|p2a: Sinistcha|1\n|-damage|p2a: Sinistcha|0 fnt\n|faint|p2a: Sinistcha\n|move|p1a: Garchomp|Earthquake|p2b: Incineroar|[spread] p1b,p2b\n|-supereffective|p2b: Incineroar|1\n|-damage|p1b: Basculegion|65/100\n|-damage|p2b: Incineroar|24/100\n|move|p2b: Incineroar|Darkest Lariat|p1b: Basculegion\n|-supereffective|p1b: Basculegion|1\n|-crit|p1b: Basculegion\n|-damage|p1b: Basculegion|0 fnt\n|faint|p1b: Basculegion\n|\n|upkeep\n|turn|7\n|\n|t:|1776177499\n|move|p1a: Garchomp|Earthquake|p2b: Incineroar\n|-supereffective|p2b: Incineroar|1\n|-damage|p2b: Incineroar|0 fnt\n|faint|p2b: Incineroar\n|\n|win|cheeseguy43\n|raw|cheeseguy43's rating: 1013 &rarr; <strong>1059</strong><br />(+46 for winning)\n|raw|vince0810's rating: 1086 &rarr; <strong>1058</strong><br />(-28 for losing)\n",
  "uploadtime": 1776177501,
  "views": 14,
  "formatid": "gen9championsvgc2026regma",
  "rating": 1058,
  "private": 0,
  "password": null
}