{
  "id": "gen9championsvgc2026regma-2583910838",
  "format": "[Gen 9 Champions] VGC 2026 Reg M-A",
  "players": [
    "animuforever",
    "13thskaven"
  ],
  "log": "|j|\u2606animuforever\n|j|\u260613thskaven\n|t:|1776207558\n|gametype|doubles\n|player|p1|animuforever|2|\n|player|p2|13thskaven|169|\n|gen|9\n|tier|[Gen 9 Champions] VGC 2026 Reg M-A\n|rule|Species Clause: Limit one of each Pok\u00e9mon\n|rule|Item Clause: Limit 1 of each item\n|clearpoke\n|poke|p1|Excadrill, L50, F|\n|poke|p1|Ceruledge, L50, F|\n|poke|p1|Corviknight, L50, F|\n|poke|p1|Hawlucha, L50, M|\n|poke|p1|Abomasnow, L50, F|\n|poke|p1|Espathra, L50, M|\n|poke|p2|Starmie, L50|\n|poke|p2|Kangaskhan, L50, F|\n|poke|p2|Gyarados, L50, M|\n|poke|p2|Talonflame, L50, F|\n|poke|p2|Aerodactyl, L50, F|\n|poke|p2|Rotom-Heat, L50|\n|teampreview|4\n|inactive|Battle timer is ON: inactive players will automatically lose when time's up. (requested by animuforever)\n|inactive|animuforever has 60 seconds left.\n|\n|t:|1776207597\n|teamsize|p1|4\n|teamsize|p2|4\n|start\n|switch|p1a: Ceruledge|Ceruledge, L50, F|100/100\n|switch|p1b: Corviknight|Corviknight, L50, F|100/100\n|switch|p2a: Gyarados|Gyarados, L50, M|100/100\n|switch|p2b: Talonflame|Talonflame, L50, F|100/100\n|-ability|p2a: Gyarados|Intimidate|boost\n|-unboost|p1a: Ceruledge|atk|1\n|-ability|p1b: Corviknight|Mirror Armor\n|-unboost|p2a: Gyarados|atk|1\n|turn|1\n|inactiveoff|Battle timer is now OFF.\n|\n|t:|1776207651\n|move|p2b: Talonflame|Tailwind|p2b: Talonflame\n|-sidestart|p2: 13thskaven|move: Tailwind\n|move|p2a: Gyarados|Thunder Wave|p1a: Ceruledge\n|-status|p1a: Ceruledge|par\n|move|p1b: Corviknight|Tailwind|p1b: Corviknight\n|-sidestart|p1: animuforever|move: Tailwind\n|move|p1a: Ceruledge|Swords Dance|p1a: Ceruledge\n|-boost|p1a: Ceruledge|atk|2\n|\n|upkeep\n|turn|2\n|\n|t:|1776207674\n|move|p2b: Talonflame|Heat Wave|p1a: Ceruledge|[spread] p1a,p1b\n|-resisted|p1a: Ceruledge|1\n|-supereffective|p1b: Corviknight|1\n|-enditem|p1b: Corviknight|Occa Berry|[eat]\n|-enditem|p1b: Corviknight|Occa Berry|[weaken]\n|-damage|p1a: Ceruledge|84/100 par\n|-damage|p1b: Corviknight|78/100\n|move|p2a: Gyarados|Waterfall|p1a: Ceruledge\n|-supereffective|p1a: Ceruledge|1\n|-damage|p1a: Ceruledge|39/100 par\n|-ability|p1a: Ceruledge|Weak Armor|boost\n|-unboost|p1a: Ceruledge|def|1\n|-boost|p1a: Ceruledge|spe|2\n|cant|p1a: Ceruledge|par\n|move|p1b: Corviknight|Iron Defense|p1b: Corviknight\n|-boost|p1b: Corviknight|def|2\n|\n|upkeep\n|turn|3\n|\n|t:|1776207701\n|move|p2b: Talonflame|Heat Wave|p1b: Corviknight|[spread] p1a\n|-miss|p2b: Talonflame|p1b: Corviknight\n|-resisted|p1a: Ceruledge|1\n|-damage|p1a: Ceruledge|25/100 par\n|move|p1a: Ceruledge|Poltergeist|p2b: Talonflame\n|-activate|p2b: Talonflame|move: Poltergeist|Focus Sash\n|-enditem|p2b: Talonflame|Focus Sash\n|-damage|p2b: Talonflame|1/100\n|move|p2a: Gyarados|Waterfall|p1a: Ceruledge\n|-supereffective|p1a: Ceruledge|1\n|-damage|p1a: Ceruledge|0 fnt\n|faint|p1a: Ceruledge\n|move|p1b: Corviknight|Body Press|p2a: Gyarados\n|-resisted|p2a: Gyarados|1\n|-damage|p2a: Gyarados|76/100\n|\n|upkeep\n|\n|t:|1776207720\n|switch|p1a: Excadrill|Excadrill, L50, F|100/100\n|turn|4\n|\n|t:|1776207740\n|move|p2a: Gyarados|Helping Hand|p2b: Talonflame\n|-singleturn|p2b: Talonflame|Helping Hand|[of] p2a: Gyarados\n|move|p2b: Talonflame|Heat Wave|p1b: Corviknight|[spread] p1a,p1b\n|-supereffective|p1a: Excadrill|1\n|-supereffective|p1b: Corviknight|1\n|-damage|p1a: Excadrill|0 fnt\n|-damage|p1b: Corviknight|10/100\n|faint|p1a: Excadrill\n|move|p1b: Corviknight|Iron Defense|p1b: Corviknight\n|-boost|p1b: Corviknight|def|2\n|\n|-sideend|p2: 13thskaven|move: Tailwind\n|-sideend|p1: animuforever|move: Tailwind\n|upkeep\n|\n|t:|1776207757\n|switch|p1a: Hawlucha|Hawlucha, L50, M|100/100\n|-ability|p1a: Hawlucha|Mold Breaker\n|turn|5\n|\n|t:|1776207777\n|detailschange|p1a: Hawlucha|Hawlucha-Mega, L50, M\n|-mega|p1a: Hawlucha|Hawlucha|Hawluchanite\n|move|p2b: Talonflame|Heat Wave|p1a: Hawlucha|[spread] p1a,p1b\n|-supereffective|p1b: Corviknight|1\n|-damage|p1a: Hawlucha|70/100\n|-damage|p1b: Corviknight|0 fnt\n|-status|p1a: Hawlucha|brn\n|faint|p1b: Corviknight\n|move|p1a: Hawlucha|Stone Edge|p2b: Talonflame\n|-supereffective|p2b: Talonflame|2\n|-damage|p2b: Talonflame|0 fnt\n|faint|p2b: Talonflame\n|move|p2a: Gyarados|Thunder Wave||[still]\n|-fail|p2a: Gyarados\n|\n|-damage|p1a: Hawlucha|65/100 brn|[from] brn\n|upkeep\n|\n|t:|1776207801\n|switch|p2b: Kangaskhan|Kangaskhan, L50, F|100/100\n|turn|6\n|\n|t:|1776207813\n|move|p2b: Kangaskhan|Fake Out|p1a: Hawlucha\n|-damage|p1a: Hawlucha|40/100 brn\n|cant|p1a: Hawlucha|flinch\n|move|p2a: Gyarados|Waterfall|p1a: Hawlucha\n|-damage|p1a: Hawlucha|16/100 brn\n|\n|-damage|p1a: Hawlucha|10/100 brn|[from] brn\n|upkeep\n|turn|7\n|\n|t:|1776207834\n|move|p2b: Kangaskhan|Protect|p2b: Kangaskhan\n|-singleturn|p2b: Kangaskhan|Protect\n|move|p1a: Hawlucha|Stone Edge|p2a: Gyarados\n|-supereffective|p2a: Gyarados|1\n|-crit|p2a: Gyarados\n|-damage|p2a: Gyarados|15/100\n|-enditem|p2a: Gyarados|Sitrus Berry|[eat]\n|-heal|p2a: Gyarados|40/100|[from] item: Sitrus Berry\n|move|p2a: Gyarados|Waterfall|p1a: Hawlucha\n|-damage|p1a: Hawlucha|0 fnt\n|faint|p1a: Hawlucha\n|\n|win|13thskaven\n|l|\u2606animuforever\n|player|p1|\n",
  "uploadtime": 1776207859,
  "views": 23,
  "formatid": "gen9championsvgc2026regma",
  "rating": null,
  "private": 0,
  "password": null
}