{
  "id": "gen9championsvgc2026regma-2581741968",
  "format": "[Gen 9 Champions] VGC 2026 Reg M-A",
  "players": [
    "leader-starmie",
    "banana superior"
  ],
  "log": "|j|\u2606leader-starmie\n|j|\u2606banana superior\n|t:|1776024893\n|gametype|doubles\n|player|p1|leader-starmie|lida|1321\n|player|p2|banana superior|smasher|1328\n|gen|9\n|tier|[Gen 9 Champions] VGC 2026 Reg M-A\n|rated|\n|rule|Species Clause: Limit one of each Pok\u00e9mon\n|rule|Item Clause: Limit 1 of each item\n|clearpoke\n|poke|p1|Lucario, L50, M|\n|poke|p1|Politoed, L50, M|\n|poke|p1|Incineroar, L50, M|\n|poke|p1|Archaludon, L50, M|\n|poke|p1|Kingambit, L50, M|\n|poke|p1|Dragonite, L50, F|\n|poke|p2|Floette-Eternal, L50, F|\n|poke|p2|Mimikyu, L50, F|\n|poke|p2|Incineroar, L50, M|\n|poke|p2|Torkoal, L50, M|\n|poke|p2|Scovillain, L50, F|\n|poke|p2|Camerupt, L50, M|\n|teampreview|4\n|inactive|Battle timer is ON: inactive players will automatically lose when time's up. (requested by banana superior)\n|\n|t:|1776024940\n|teamsize|p1|4\n|teamsize|p2|4\n|start\n|switch|p1a: Kingambit|Kingambit, L50, M|100/100\n|switch|p1b: Archaludon|Archaludon, L50, M|100/100\n|switch|p2a: Mimikyu|Mimikyu, L50, F, shiny|100/100\n|switch|p2b: Camerupt|Camerupt, L50, M|100/100\n|turn|1\n|j| Junglebolt\n|l| Junglebolt\n|\n|t:|1776024959\n|detailschange|p2b: Camerupt|Camerupt-Mega, L50, M\n|-mega|p2b: Camerupt|Camerupt|Cameruptite\n|move|p1b: Archaludon|Draco Meteor|p2b: Camerupt\n|-damage|p2b: Camerupt|25/100\n|-unboost|p1b: Archaludon|spa|2\n|move|p1a: Kingambit|Low Kick|p2b: Camerupt\n|-damage|p2b: Camerupt|0 fnt\n|faint|p2b: Camerupt\n|move|p2a: Mimikyu|Trick Room|p2a: Mimikyu\n|-fieldstart|move: Trick Room|[of] p2a: Mimikyu\n|\n|upkeep\n|\n|t:|1776024970\n|switch|p2b: Torkoal|Torkoal, L50, M|100/100\n|-weather|SunnyDay|[from] ability: Drought|[of] p2b: Torkoal\n|turn|2\n|\n|t:|1776024981\n|switch|p2b: Incineroar|Incineroar, L50, M, shiny|100/100\n|-ability|p2b: Incineroar|Intimidate|boost\n|-unboost|p1a: Kingambit|atk|1\n|-ability|p1a: Kingambit|Defiant|boost\n|-boost|p1a: Kingambit|atk|2\n|-unboost|p1b: Archaludon|atk|1\n|switch|p1b: Politoed|Politoed, L50, M|100/100\n|-weather|RainDance|[from] ability: Drizzle|[of] p1b: Politoed\n|move|p1a: Kingambit|Protect|p1a: Kingambit\n|-singleturn|p1a: Kingambit|Protect\n|move|p2a: Mimikyu|Play Rough|p1b: Politoed\n|-damage|p1b: Politoed|60/100\n|\n|-weather|RainDance|[upkeep]\n|-heal|p1b: Politoed|66/100|[from] item: Leftovers\n|upkeep\n|turn|3\n|inactive|leader-starmie has 30 seconds left.\n|inactive|leader-starmie has 20 seconds left.\n|inactive|leader-starmie has 15 seconds left.\n|\n|t:|1776025021\n|switch|p2a: Torkoal|Torkoal, L50, M|100/100\n|-weather|SunnyDay|[from] ability: Drought|[of] p2a: Torkoal\n|move|p2b: Incineroar|Flare Blitz|p1a: Kingambit\n|-supereffective|p1a: Kingambit|1\n|-enditem|p1a: Kingambit|Focus Sash\n|-damage|p1a: Kingambit|1/100\n|-damage|p2b: Incineroar|72/100|[from] Recoil\n|move|p1b: Politoed|Weather Ball|p2a: Torkoal\n|-resisted|p2a: Torkoal|1\n|-damage|p2a: Torkoal|75/100\n|move|p1a: Kingambit|Iron Head|p2a: Torkoal\n|-resisted|p2a: Torkoal|1\n|-damage|p2a: Torkoal|46/100\n|\n|-weather|SunnyDay|[upkeep]\n|-heal|p1b: Politoed|73/100|[from] item: Leftovers\n|upkeep\n|turn|4\n|inactive|leader-starmie has 30 seconds left.\n|inactive|banana superior has 30 seconds left.\n|\n|t:|1776025053\n|move|p1b: Politoed|Protect|p1b: Politoed\n|-singleturn|p1b: Politoed|Protect\n|move|p1a: Kingambit|Protect|p1a: Kingambit\n|-singleturn|p1a: Kingambit|Protect\n|move|p2a: Torkoal|Heat Wave|p1b: Politoed|[spread] \n|-activate|p1a: Kingambit|move: Protect\n|-activate|p1b: Politoed|move: Protect\n|move|p2b: Incineroar|Darkest Lariat|p1b: Politoed\n|-activate|p1b: Politoed|move: Protect\n|\n|-weather|SunnyDay|[upkeep]\n|-heal|p1b: Politoed|79/100|[from] item: Leftovers\n|upkeep\n|turn|5\n|j| danmca\n|\n|t:|1776025071\n|switch|p1b: Archaludon|Archaludon, L50, M|100/100\n|move|p1a: Kingambit|Sucker Punch|p2a: Torkoal\n|-damage|p2a: Torkoal|0 fnt\n|faint|p2a: Torkoal\n|move|p2b: Incineroar|Parting Shot|p1b: Archaludon\n|-unboost|p1b: Archaludon|atk|1\n|-unboost|p1b: Archaludon|spa|1\n|l| danmca\n|\n|t:|1776025079\n|switch|p2b: Mimikyu|Mimikyu, L50, F, shiny|100/100|[from] Parting Shot\n|\n|-weather|SunnyDay|[upkeep]\n|-fieldend|move: Trick Room\n|upkeep\n|\n|t:|1776025081\n|switch|p2a: Incineroar|Incineroar, L50, M, shiny|72/100\n|-ability|p2a: Incineroar|Intimidate|boost\n|-unboost|p1a: Kingambit|atk|1\n|-ability|p1a: Kingambit|Defiant|boost\n|-boost|p1a: Kingambit|atk|2\n|-unboost|p1b: Archaludon|atk|1\n|turn|6\n|\n|t:|1776025098\n|move|p2a: Incineroar|Fake Out|p1a: Kingambit\n|-resisted|p1a: Kingambit|1\n|-damage|p1a: Kingambit|0 fnt\n|faint|p1a: Kingambit\n|move|p1b: Archaludon|Flash Cannon|p2b: Mimikyu\n|-activate|p2b: Mimikyu|ability: Disguise\n|-damage|p2b: Mimikyu|100/100\n|detailschange|p2b: Mimikyu|Mimikyu-Busted, L50, F, shiny\n|-damage|p2b: Mimikyu|88/100|[from] pokemon: Mimikyu-Busted\n|move|p2b: Mimikyu|Trick Room|p2b: Mimikyu\n|-fieldstart|move: Trick Room|[of] p2b: Mimikyu\n|\n|-weather|SunnyDay|[upkeep]\n|upkeep\n|\n|t:|1776025109\n|switch|p1a: Politoed|Politoed, L50, M|79/100\n|-weather|RainDance|[from] ability: Drizzle|[of] p1a: Politoed\n|turn|7\n|inactive|banana superior has 30 seconds left.\n|\n|t:|1776025137\n|move|p2a: Incineroar|Darkest Lariat|p1a: Politoed\n|-damage|p1a: Politoed|42/100\n|move|p1a: Politoed|Weather Ball|p2a: Incineroar\n|-supereffective|p2a: Incineroar|1\n|-damage|p2a: Incineroar|0 fnt\n|faint|p2a: Incineroar\n|move|p2b: Mimikyu|Play Rough|p1a: Politoed|[miss]\n|-miss|p2b: Mimikyu|p1a: Politoed\n|move|p1b: Archaludon|Flash Cannon|p2b: Mimikyu\n|-supereffective|p2b: Mimikyu|1\n|-damage|p2b: Mimikyu|18/100\n|\n|-weather|RainDance|[upkeep]\n|-heal|p1a: Politoed|49/100|[from] item: Leftovers\n|upkeep\n|turn|8\n|-message|banana superior forfeited.\n|\n|win|leader-starmie\n|raw|leader-starmie's rating: 1321 &rarr; <strong>1341</strong><br />(+20 for winning)\n|raw|banana superior's rating: 1328 &rarr; <strong>1308</strong><br />(-20 for losing)\n|l|\u2606banana superior\n|player|p2|\n",
  "uploadtime": 1776025206,
  "views": 37,
  "formatid": "gen9championsvgc2026regma",
  "rating": 1308,
  "private": 0,
  "password": null
}