{
  "id": "gen9championsvgc2026regma-2584061392",
  "format": "[Gen 9 Champions] VGC 2026 Reg M-A",
  "players": [
    "Cheasleywithaw",
    "Phalaropus"
  ],
  "log": "|j|\u2606Cheasleywithaw\n|j|\u2606Phalaropus\n|t:|1776221264\n|gametype|doubles\n|player|p1|Cheasleywithaw|266|1429\n|player|p2|Phalaropus|101|1419\n|gen|9\n|tier|[Gen 9 Champions] VGC 2026 Reg M-A\n|rated|\n|rule|Species Clause: Limit one of each Pok\u00e9mon\n|rule|Item Clause: Limit 1 of each item\n|clearpoke\n|poke|p1|Incineroar, L50, F|\n|poke|p1|Milotic, L50, F|\n|poke|p1|Sinistcha-Masterpiece, L50|\n|poke|p1|Floette-Eternal, L50, F|\n|poke|p1|Aerodactyl, L50, F|\n|poke|p1|Garchomp, L50, M|\n|poke|p2|Incineroar, L50, F|\n|poke|p2|Gengar, L50, F|\n|poke|p2|Politoed, L50, M|\n|poke|p2|Blastoise, L50, F|\n|poke|p2|Archaludon, L50, F|\n|poke|p2|Sinistcha, L50|\n|teampreview|4\nCheasleywithaw has agreed to open team sheets.\n|j| forwhtthotypeshit\n|\n|t:|1776221294\n|teamsize|p1|4\n|teamsize|p2|4\n|start\n|switch|p1a: Garchomp|Garchomp, L50, M|100/100\n|switch|p1b: Incineroar|Incineroar, L50, F|100/100\n|switch|p2a: Blastoise|Blastoise, L50, F|100/100\n|switch|p2b: Archaludon|Archaludon, L50, F|100/100\n|-ability|p1b: Incineroar|Intimidate|boost\n|-unboost|p2a: Blastoise|atk|1\n|-unboost|p2b: Archaludon|atk|1\n|turn|1\n|inactive|Battle timer is ON: inactive players will automatically lose when time's up. (requested by Phalaropus)\n|\n|t:|1776221329\n|switch|p1a: Floette|Floette-Eternal, L50, F|100/100\n|detailschange|p2a: Blastoise|Blastoise-Mega, L50, F\n|-mega|p2a: Blastoise|Blastoise|Blastoisinite\n|move|p2b: Archaludon|Protect|p2b: Archaludon\n|-singleturn|p2b: Archaludon|Protect\n|move|p1b: Incineroar|Fake Out|p2a: Blastoise\n|-damage|p2a: Blastoise|91/100\n|cant|p2a: Blastoise|flinch\n|\n|upkeep\n|turn|2\n|j| hachiware\n|j| r4gn4r96\n|\n|t:|1776221349\n|switch|p2b: Politoed|Politoed, L50, M|100/100\n|-weather|RainDance|[from] ability: Drizzle|[of] p2b: Politoed\n|detailschange|p1a: Floette|Floette-Mega, L50, F\n|-mega|p1a: Floette|Floette|Floettite\n|-ability|p1a: Floette|Fairy Aura\n|move|p1a: Floette|Calm Mind|p1a: Floette\n|-boost|p1a: Floette|spa|1\n|-boost|p1a: Floette|spd|1\n|move|p2a: Blastoise|Muddy Water|p1a: Floette|[spread] p1a,p1b\n|-supereffective|p1b: Incineroar|1\n|-damage|p1a: Floette|76/100\n|-damage|p1b: Incineroar|7/100\n|-unboost|p1b: Incineroar|accuracy|1\n|-enditem|p1b: Incineroar|Sitrus Berry|[eat]\n|-heal|p1b: Incineroar|32/100|[from] item: Sitrus Berry\n|move|p1b: Incineroar|Parting Shot|p2b: Politoed\n|-unboost|p2b: Politoed|atk|1\n|-unboost|p2b: Politoed|spa|1\n|\n|t:|1776221367\n|switch|p1b: Sinistcha|Sinistcha-Masterpiece, L50|100/100|[from] Parting Shot\n|-heal|p1a: Floette|100/100|[from] ability: Hospitality|[of] p1b: Sinistcha\n|\n|-weather|RainDance|[upkeep]\n|upkeep\n|turn|3\n|\n|t:|1776221380\n|move|p2a: Blastoise|Protect|p2a: Blastoise\n|-singleturn|p2a: Blastoise|Protect\n|move|p1a: Floette|Calm Mind|p1a: Floette\n|-boost|p1a: Floette|spa|1\n|-boost|p1a: Floette|spd|1\n|move|p2b: Politoed|Perish Song|p2b: Politoed\n|-start|p1a: Floette|perish3|[silent]\n|-start|p1b: Sinistcha|perish3|[silent]\n|-start|p2a: Blastoise|perish3|[silent]\n|-start|p2b: Politoed|perish3|[silent]\n|-fieldactivate|move: Perish Song\n|move|p1b: Sinistcha|Matcha Gotcha|p2a: Blastoise|[spread] p2b\n|-activate|p2a: Blastoise|move: Protect\n|-supereffective|p2b: Politoed|1\n|-damage|p2b: Politoed|66/100\n|\n|-weather|RainDance|[upkeep]\n|-heal|p2b: Politoed|72/100|[from] item: Leftovers\n|-start|p1a: Floette|perish3\n|-start|p2a: Blastoise|perish3\n|-start|p2b: Politoed|perish3\n|-start|p1b: Sinistcha|perish3\n|upkeep\n|turn|4\n|inactive|Cheasleywithaw has 30 seconds left.\n|\n|t:|1776221409\n|switch|p2a: Archaludon|Archaludon, L50, F|100/100\n|move|p2b: Politoed|Protect|p2b: Politoed\n|-singleturn|p2b: Politoed|Protect\n|move|p1a: Floette|Dazzling Gleam|p2b: Politoed|[spread] p2a\n|-activate|p2b: Politoed|move: Protect\n|-damage|p2a: Archaludon|0 fnt\n|faint|p2a: Archaludon\n|move|p1b: Sinistcha|Matcha Gotcha|p2b: Politoed\n|-activate|p2b: Politoed|move: Protect\n|\n|-weather|RainDance|[upkeep]\n|-heal|p2b: Politoed|78/100|[from] item: Leftovers\n|-start|p1a: Floette|perish2\n|-start|p2b: Politoed|perish2\n|-start|p1b: Sinistcha|perish2\n|upkeep\n|l| hachiware\n|\n|t:|1776221429\n|switch|p2a: Blastoise|Blastoise-Mega, L50, F|91/100\n|turn|5\n|\n|t:|1776221446\n|switch|p1b: Incineroar|Incineroar, L50, F|32/100\n|-ability|p1b: Incineroar|Intimidate|boost\n|-unboost|p2a: Blastoise|atk|1\n|-unboost|p2b: Politoed|atk|1\n|move|p2a: Blastoise|Fake Out|p1a: Floette\n|-damage|p1a: Floette|95/100\n|cant|p1a: Floette|flinch\n|move|p2b: Politoed|Muddy Water|p1a: Floette|[spread] p1a\n|-miss|p2b: Politoed|p1b: Incineroar\n|-damage|p1a: Floette|88/100\n|\n|-weather|RainDance|[upkeep]\n|-heal|p2b: Politoed|84/100|[from] item: Leftovers\n|-start|p1a: Floette|perish1\n|-start|p2b: Politoed|perish1\n|upkeep\n|turn|6\n|\n|t:|1776221466\n|switch|p1a: Sinistcha|Sinistcha-Masterpiece, L50|100/100\n|-heal|p1b: Incineroar|57/100|[from] ability: Hospitality|[of] p1a: Sinistcha\n|switch|p2b: Sinistcha|Sinistcha, L50|100/100\n|-heal|p2a: Blastoise|100/100|[from] ability: Hospitality|[of] p2b: Sinistcha\n|move|p1b: Incineroar|Fake Out|p2a: Blastoise\n|-damage|p2a: Blastoise|91/100\n|cant|p2a: Blastoise|flinch\n|\n|-weather|none\n|upkeep\n|turn|7\n|inactive|Cheasleywithaw has 30 seconds left.\n|inactive|Cheasleywithaw has 20 seconds left.\n|\n|t:|1776221501\n|switch|p2b: Politoed|Politoed, L50, M|84/100\n|-weather|RainDance|[from] ability: Drizzle|[of] p2b: Politoed\n|switch|p1b: Floette|Floette-Mega, L50, F|88/100\n|-ability|p1b: Floette|Fairy Aura\n|move|p2a: Blastoise|Muddy Water|p1b: Floette|[spread] p1a,p1b\n|-resisted|p1a: Sinistcha|1\n|-damage|p1a: Sinistcha|75/100\n|-damage|p1b: Floette|55/100\n|-unboost|p1a: Sinistcha|accuracy|1\n|move|p1a: Sinistcha|Matcha Gotcha|p2b: Politoed|[spread] p2b\n|-miss|p1a: Sinistcha|p2a: Blastoise\n|-supereffective|p2b: Politoed|1\n|-damage|p2b: Politoed|45/100\n|-heal|p1a: Sinistcha|97/100|[from] drain|[of] p2b: Politoed\n|\n|-weather|RainDance|[upkeep]\n|-heal|p2b: Politoed|51/100|[from] item: Leftovers\n|upkeep\n|turn|8\n|\n|t:|1776221526\n|switch|p1a: Garchomp|Garchomp, L50, M|100/100\n|move|p1b: Floette|Calm Mind|p1b: Floette\n|-boost|p1b: Floette|spa|1\n|-boost|p1b: Floette|spd|1\n|move|p2a: Blastoise|Muddy Water|p1a: Garchomp|[spread] p1a\n|-miss|p2a: Blastoise|p1b: Floette\n|-damage|p1a: Garchomp|43/100\n|move|p2b: Politoed|Muddy Water|p1b: Floette|[spread] p1a,p1b\n|-damage|p1a: Garchomp|7/100\n|-damage|p1b: Floette|39/100\n|\n|-weather|RainDance|[upkeep]\n|-heal|p2b: Politoed|57/100|[from] item: Leftovers\n|upkeep\n|turn|9\n|j| shanehuang\n|inactive|Phalaropus has 30 seconds left.\n|j| MASSIVE67\n|inactive|Phalaropus has 20 seconds left.\n|\n|t:|1776221563\n|switch|p1a: Sinistcha|Sinistcha-Masterpiece, L50|97/100\n|-heal|p1b: Floette|64/100|[from] ability: Hospitality|[of] p1a: Sinistcha\n|move|p2b: Politoed|Protect|p2b: Politoed\n|-singleturn|p2b: Politoed|Protect\n|move|p1b: Floette|Moonblast|p2a: Blastoise\n|-damage|p2a: Blastoise|14/100\n|move|p2a: Blastoise|Muddy Water|p1b: Floette|[spread] p1b\n|-miss|p2a: Blastoise|p1a: Sinistcha\n|-damage|p1b: Floette|39/100\n|\n|-weather|RainDance|[upkeep]\n|-heal|p2b: Politoed|63/100|[from] item: Leftovers\n|upkeep\n|turn|10\n|\n|t:|1776221584\n|switch|p2a: Sinistcha|Sinistcha, L50|100/100\n|-heal|p2b: Politoed|88/100|[from] ability: Hospitality|[of] p2a: Sinistcha\n|move|p1b: Floette|Dazzling Gleam|p2a: Sinistcha|[spread] p2a,p2b\n|-damage|p2a: Sinistcha|24/100\n|-damage|p2b: Politoed|30/100\n|move|p2b: Politoed|Haze|p2b: Politoed\n|-clearallboost\n|move|p1a: Sinistcha|Matcha Gotcha|p2b: Politoed|[spread] p2a,p2b\n|-resisted|p2a: Sinistcha|1\n|-supereffective|p2b: Politoed|1\n|-damage|p2a: Sinistcha|12/100\n|-heal|p1a: Sinistcha|100/100|[from] drain|[of] p2a: Sinistcha\n|-damage|p2b: Politoed|0 fnt\n|faint|p2b: Politoed\n|\n|-weather|RainDance|[upkeep]\n|upkeep\n|\n|t:|1776221602\n|switch|p2b: Blastoise|Blastoise-Mega, L50, F|14/100\n|turn|11\n|\n|t:|1776221607\n|move|p1b: Floette|Protect|p1b: Floette\n|-singleturn|p1b: Floette|Protect\n|move|p2b: Blastoise|Fake Out|p1b: Floette\n|-activate|p1b: Floette|move: Protect\n|move|p2a: Sinistcha|Life Dew|p2a: Sinistcha|[spread] p2a,p2b\n|-heal|p2a: Sinistcha|37/100\n|-heal|p2b: Blastoise|40/100\n|move|p1a: Sinistcha|Matcha Gotcha|p2a: Sinistcha|[spread] p2a,p2b\n|-resisted|p2a: Sinistcha|1\n|-supereffective|p2b: Blastoise|1\n|-damage|p2a: Sinistcha|23/100\n|-damage|p2b: Blastoise|4/100\n|\n|-weather|none\n|upkeep\n|turn|12\n|c|\u2606Cheasleywithaw|ggs I think\n|c|\u2606Cheasleywithaw|Why are there 6 people here?\n|c|\u2606Cheasleywithaw|Is that you, wagon?\n|inactive|Cheasleywithaw has 30 seconds left.\n|\n|t:|1776221634\n|move|p1b: Floette|Dazzling Gleam|p2a: Sinistcha|[spread] p2a,p2b\n|-damage|p2a: Sinistcha|0 fnt\n|-damage|p2b: Blastoise|0 fnt\n|faint|p2a: Sinistcha\n|faint|p2b: Blastoise\n|\n|win|Cheasleywithaw\n|raw|Cheasleywithaw's rating: 1429 &rarr; <strong>1448</strong><br />(+19 for winning)\n|raw|Phalaropus's rating: 1419 &rarr; <strong>1400</strong><br />(-19 for losing)\n|l| r4gn4r96\n|l| forwhtthotypeshit\n|c|\u2606Cheasleywithaw|I thought I recognized the team\n|l|\u2606Phalaropus\n|player|p2|\n",
  "uploadtime": 1776221647,
  "views": 33,
  "formatid": "gen9championsvgc2026regma",
  "rating": 1400,
  "private": 0,
  "password": null
}