{
  "id": "gen9championsvgc2026regma-2588947762",
  "format": "[Gen 9 Champions] VGC 2026 Reg M-A",
  "players": [
    "MimikyuDiddler",
    "imatcia"
  ],
  "log": "|j|\u2606MimikyuDiddler\n|j|\u2606imatcia\n|t:|1776688562\n|gametype|doubles\n|player|p1|MimikyuDiddler|crasherwake|1064\n|player|p2|imatcia|169|1068\n|gen|9\n|tier|[Gen 9 Champions] VGC 2026 Reg M-A\n|rated|\n|rule|Species Clause: Limit one of each Pok\u00e9mon\n|rule|Item Clause: Limit 1 of each item\n|clearpoke\n|poke|p1|Feraligatr, L50, F|\n|poke|p1|Sneasler, L50, M|\n|poke|p1|Gliscor, L50, M|\n|poke|p1|Milotic, L50, F|\n|poke|p1|Sinistcha-Masterpiece, L50|\n|poke|p1|Charizard, L50, F|\n|poke|p2|Tyranitar, L50, M|\n|poke|p2|Gyarados, L50, F|\n|poke|p2|Delphox, L50, M|\n|poke|p2|Excadrill, L50, F|\n|poke|p2|Rotom-Wash, L50|\n|poke|p2|Dragapult, L50, F|\n|teampreview|4\n|inactive|Battle timer is ON: inactive players will automatically lose when time's up. (requested by MimikyuDiddler)\n|\n|t:|1776688583\n|teamsize|p1|4\n|teamsize|p2|4\n|start\n|switch|p1a: Gliscor|Gliscor, L50, M|100/100\n|switch|p1b: Sneasler|Sneasler, L50, M|100/100\n|switch|p2a: Delphox|Delphox, L50, M|100/100\n|switch|p2b: Excadrill|Excadrill, L50, F|100/100\n|turn|1\n|\n|t:|1776688598\n|move|p2a: Delphox|Protect|p2a: Delphox\n|-singleturn|p2a: Delphox|Protect\n|move|p2b: Excadrill|Protect|p2b: Excadrill\n|-singleturn|p2b: Excadrill|Protect\n|move|p1b: Sneasler|Fake Out|p2a: Delphox\n|-activate|p2a: Delphox|move: Protect\n|move|p1a: Gliscor|Tailwind|p1a: Gliscor\n|-sidestart|p1: MimikyuDiddler|move: Tailwind\n|\n|upkeep\n|turn|2\n|\n|t:|1776688614\n|switch|p1a: Feraligatr|Feraligatr, L50, F|100/100\n|detailschange|p2a: Delphox|Delphox-Mega, L50, M\n|-mega|p2a: Delphox|Delphox|Delphoxite\n|move|p1b: Sneasler|Close Combat|p2b: Excadrill\n|-supereffective|p2b: Excadrill|1\n|-enditem|p2b: Excadrill|Focus Sash\n|-damage|p2b: Excadrill|1/100\n|-unboost|p1b: Sneasler|def|1\n|-unboost|p1b: Sneasler|spd|1\n|-enditem|p1b: Sneasler|White Herb\n|-clearnegativeboost|p1b: Sneasler|[silent]\n|move|p2a: Delphox|Grass Knot|p1a: Feraligatr\n|-supereffective|p1a: Feraligatr|1\n|-damage|p1a: Feraligatr|34/100\n|move|p2b: Excadrill|High Horsepower|p1b: Sneasler\n|-supereffective|p1b: Sneasler|1\n|-damage|p1b: Sneasler|0 fnt\n|faint|p1b: Sneasler\n|\n|upkeep\n|\n|t:|1776688631\n|switch|p1b: Sinistcha|Sinistcha-Masterpiece, L50|100/100\n|-heal|p1a: Feraligatr|59/100|[from] ability: Hospitality|[of] p1b: Sinistcha\n|turn|3\n|\n|t:|1776688644\n|detailschange|p1a: Feraligatr|Feraligatr-Mega, L50, F\n|-mega|p1a: Feraligatr|Feraligatr|Feraligite\n|move|p1b: Sinistcha|Rage Powder|p1b: Sinistcha\n|-singleturn|p1b: Sinistcha|move: Rage Powder\n|move|p1a: Feraligatr|Liquidation|p2a: Delphox\n|-supereffective|p2a: Delphox|1\n|-damage|p2a: Delphox|0 fnt\n|faint|p2a: Delphox\n|move|p2b: Excadrill|Rock Slide|p1b: Sinistcha|[spread] p1a,p1b\n|-damage|p1a: Feraligatr|42/100\n|-damage|p1b: Sinistcha|80/100\n|\n|upkeep\n|\n|t:|1776688656\n|switch|p2a: Dragapult|Dragapult, L50, F|100/100\n|turn|4\n|\n|t:|1776688663\n|move|p2a: Dragapult|Protect|p2a: Dragapult\n|-singleturn|p2a: Dragapult|Protect\n|move|p2b: Excadrill|Protect|p2b: Excadrill\n|-singleturn|p2b: Excadrill|Protect\n|move|p1b: Sinistcha|Rage Powder|p1b: Sinistcha\n|-singleturn|p1b: Sinistcha|move: Rage Powder\n|move|p1a: Feraligatr|Double-Edge|p2a: Dragapult\n|-activate|p2a: Dragapult|move: Protect\n|\n|-sideend|p1: MimikyuDiddler|move: Tailwind\n|upkeep\n|turn|5\n|\n|t:|1776688683\n|switch|p1b: Gliscor|Gliscor, L50, M|100/100\n|move|p1a: Feraligatr|Protect|p1a: Feraligatr\n|-singleturn|p1a: Feraligatr|Protect\n|move|p2a: Dragapult|Dragon Darts|p1b: Gliscor\n|-damage|p1b: Gliscor|68/100\n|-anim|p2a: Dragapult|Dragon Darts|p1b: Gliscor\n|-damage|p1b: Gliscor|40/100\n|move|p2b: Excadrill|Iron Head|p1b: Gliscor\n|-damage|p1b: Gliscor|0 fnt\n|faint|p1b: Gliscor\n|\n|upkeep\n|\n|t:|1776688695\n|switch|p1b: Sinistcha|Sinistcha-Masterpiece, L50|80/100\n|-heal|p1a: Feraligatr|67/100|[from] ability: Hospitality|[of] p1b: Sinistcha\n|turn|6\n|\n|t:|1776688706\n|move|p2a: Dragapult|Dragon Darts|p1a: Feraligatr\n|-supereffective|p1a: Feraligatr|1\n|-crit|p1a: Feraligatr\n|-damage|p1a: Feraligatr|0 fnt\n|-anim|p2a: Dragapult|Dragon Darts|p1b: Sinistcha\n|-damage|p1b: Sinistcha|53/100\n|faint|p1a: Feraligatr\n|move|p2b: Excadrill|Rock Slide|p1b: Sinistcha\n|-damage|p1b: Sinistcha|28/100\n|-enditem|p1b: Sinistcha|Sitrus Berry|[eat]\n|-heal|p1b: Sinistcha|53/100|[from] item: Sitrus Berry\n|move|p1b: Sinistcha|Matcha Gotcha|p2b: Excadrill|[spread] p2b\n|-miss|p1b: Sinistcha|p2a: Dragapult\n|-damage|p2b: Excadrill|0 fnt\n|-heal|p1b: Sinistcha|53/100|[from] drain|[of] p2b: Excadrill\n|faint|p2b: Excadrill\n|\n|upkeep\n|\n|t:|1776688722\n|switch|p2b: Tyranitar|Tyranitar, L50, M|100/100\n|-weather|Sandstorm|[from] ability: Sand Stream|[of] p2b: Tyranitar\n|turn|7\n|\n|t:|1776688732\n|move|p2a: Dragapult|Phantom Force||[still]\n|-prepare|p2a: Dragapult|Phantom Force\n|move|p1b: Sinistcha|Shadow Ball|p2a: Dragapult|[miss]\n|-miss|p1b: Sinistcha|p2a: Dragapult\n|move|p2b: Tyranitar|Knock Off|p1b: Sinistcha\n|-supereffective|p1b: Sinistcha|1\n|-damage|p1b: Sinistcha|0 fnt\n|faint|p1b: Sinistcha\n|\n|win|imatcia\n|raw|MimikyuDiddler's rating: 1064 &rarr; <strong>1045</strong><br />(-19 for losing)\n|raw|imatcia's rating: 1068 &rarr; <strong>1097</strong><br />(+29 for winning)\n|l|\u2606MimikyuDiddler\n|player|p1|\n",
  "uploadtime": 1776688740,
  "views": 13,
  "formatid": "gen9championsvgc2026regma",
  "rating": 1045,
  "private": 0,
  "password": null
}