{
  "id": "gen9championsvgc2026regma-2586537795",
  "format": "[Gen 9 Champions] VGC 2026 Reg M-A",
  "players": [
    "mr.nyo",
    "vuclump"
  ],
  "log": "|j|\u2606mr.nyo\n|j|\u2606vuclump\n|t:|1776441525\n|gametype|doubles\n|player|p1|mr.nyo|veteran|1319\n|player|p2|vuclump|preschooler|1368\n|gen|9\n|tier|[Gen 9 Champions] VGC 2026 Reg M-A\n|rated|\n|rule|Species Clause: Limit one of each Pok\u00e9mon\n|rule|Item Clause: Limit 1 of each item\n|clearpoke\n|poke|p1|Torkoal, L50, M|\n|poke|p1|Oranguru, L50, M|\n|poke|p1|Drampa, L50, M|\n|poke|p1|Sinistcha, L50|\n|poke|p1|Lucario, L50, F|\n|poke|p1|Farigiraf, L50, F|\n|poke|p2|Aggron, L50, M|\n|poke|p2|Sinistcha, L50|\n|poke|p2|Sneasler, L50, M|\n|poke|p2|Pelipper, L50, F|\n|poke|p2|Basculegion, L50, M|\n|poke|p2|Archaludon, L50, M|\n|teampreview|4\n|inactive|Battle timer is ON: inactive players will automatically lose when time's up. (requested by vuclump)\n|\n|t:|1776441591\n|teamsize|p1|4\n|teamsize|p2|4\n|start\n|switch|p1a: Oranguru|Oranguru, L50, M|100/100\n|switch|p1b: Lucario|Lucario, L50, F, shiny|100/100\n|switch|p2a: Sneasler|Sneasler, L50, M|100/100\n|switch|p2b: Basculegion|Basculegion, L50, M|100/100\n|turn|1\n|\n|t:|1776441613\n|move|p1b: Lucario|Final Gambit|p2a: Sneasler\n|-enditem|p2a: Sneasler|Focus Sash\n|-damage|p2a: Sneasler|1/100\n|faint|p1b: Lucario\n|move|p2a: Sneasler|Close Combat|p1a: Oranguru\n|-damage|p1a: Oranguru|47/100\n|-unboost|p2a: Sneasler|def|1\n|-unboost|p2a: Sneasler|spd|1\n|move|p2b: Basculegion|Flip Turn|p1a: Oranguru\n|-damage|p1a: Oranguru|16/100\n|\n|t:|1776441628\n|switch|p2b: Aggron|Aggron, L50, M|100/100|[from] Flip Turn\n|move|p1a: Oranguru|Trick Room|p1a: Oranguru\n|-fieldstart|move: Trick Room|[of] p1a: Oranguru\n|\n|upkeep\n|\n|t:|1776441636\n|switch|p1b: Torkoal|Torkoal, L50, M, shiny|100/100\n|-weather|SunnyDay|[from] ability: Drought|[of] p1b: Torkoal\n|turn|2\n|\n|t:|1776441650\n|switch|p2a: Pelipper|Pelipper, L50, F|100/100\n|-weather|RainDance|[from] ability: Drizzle|[of] p2a: Pelipper\n|move|p2b: Aggron|Protect|p2b: Aggron\n|-singleturn|p2b: Aggron|Protect\n|move|p1b: Torkoal|Eruption|p2a: Pelipper|[spread] p2a\n|-activate|p2b: Aggron|move: Protect\n|-resisted|p2a: Pelipper|1\n|-damage|p2a: Pelipper|86/100\n|move|p1a: Oranguru|Instruct|p1b: Torkoal\n|-singleturn|p1b: Torkoal|move: Instruct|[of] p1a: Oranguru\n|move|p1b: Torkoal|Eruption|p2a: Pelipper|[spread] p2a\n|-activate|p2b: Aggron|move: Protect\n|-resisted|p2a: Pelipper|1\n|-damage|p2a: Pelipper|72/100\n|\n|-weather|RainDance|[upkeep]\n|upkeep\n|turn|3\n|\n|t:|1776441672\n|switch|p1b: Drampa|Drampa, L50, M, shiny|100/100\n|detailschange|p2b: Aggron|Aggron-Mega, L50, M\n|-mega|p2b: Aggron|Aggron|Aggronite\n|move|p1a: Oranguru|Protect|p1a: Oranguru\n|-singleturn|p1a: Oranguru|Protect\n|move|p2a: Pelipper|Wide Guard|p2a: Pelipper\n|-singleturn|p2a: Pelipper|Wide Guard\n|move|p2b: Aggron|Body Press|p1b: Drampa\n|-supereffective|p1b: Drampa|1\n|-damage|p1b: Drampa|18/100\n|-ability|p1b: Drampa|Berserk|boost\n|-boost|p1b: Drampa|spa|1\n|\n|-weather|RainDance|[upkeep]\n|upkeep\n|turn|4\n|inactive|mr.nyo has 30 seconds left.\n|inactive|vuclump has 30 seconds left.\n|inactive|mr.nyo has 20 seconds left.\n|inactive|mr.nyo has 15 seconds left.\n|inactive|mr.nyo has 10 seconds left.\n|\n|t:|1776441720\n|switch|p2a: Sneasler|Sneasler, L50, M|1/100\n|detailschange|p1b: Drampa|Drampa-Mega, L50, M, shiny\n|-mega|p1b: Drampa|Drampa|Drampanite\n|move|p1a: Oranguru|Protect||[still]\n|-fail|p1a: Oranguru\n|move|p1b: Drampa|Dragon Pulse|p2a: Sneasler\n|-damage|p2a: Sneasler|0 fnt\n|faint|p2a: Sneasler\n|move|p2b: Aggron|Body Press|p1a: Oranguru\n|-damage|p1a: Oranguru|0 fnt\n|faint|p1a: Oranguru\n|\n|-weather|RainDance|[upkeep]\n|upkeep\n|\n|t:|1776441736\n|switch|p1a: Torkoal|Torkoal, L50, M, shiny|100/100\n|switch|p2a: Basculegion|Basculegion, L50, M|100/100\n|-weather|SunnyDay|[from] ability: Drought|[of] p1a: Torkoal\n|turn|5\n|inactive|mr.nyo has 30 seconds left.\n|inactive|vuclump has 30 seconds left.\n|inactive|vuclump has 20 seconds left.\n|inactive|vuclump has 15 seconds left.\n|inactive|vuclump has 10 seconds left.\n|\n|t:|1776441782\n|switch|p2a: Pelipper|Pelipper, L50, F|72/100\n|-weather|RainDance|[from] ability: Drizzle|[of] p2a: Pelipper\n|move|p2b: Aggron|Protect|p2b: Aggron\n|-singleturn|p2b: Aggron|Protect\n|move|p1a: Torkoal|Earth Power|p2b: Aggron\n|-activate|p2b: Aggron|move: Protect\n|move|p1b: Drampa|Dragon Pulse|p2a: Pelipper\n|-damage|p2a: Pelipper|0 fnt\n|faint|p2a: Pelipper\n|\n|-weather|RainDance|[upkeep]\n|-fieldend|move: Trick Room\n|upkeep\n|\n|t:|1776441785\n|switch|p2a: Basculegion|Basculegion, L50, M|100/100\n|turn|6\n|\n|t:|1776441806\n|move|p1a: Torkoal|Protect|p1a: Torkoal\n|-singleturn|p1a: Torkoal|Protect\n|move|p2a: Basculegion|Wave Crash|p1a: Torkoal\n|-activate|p1a: Torkoal|move: Protect\n|move|p2b: Aggron|Body Press|p1b: Drampa\n|-supereffective|p1b: Drampa|1\n|-damage|p1b: Drampa|0 fnt\n|faint|p1b: Drampa\n|\n|-weather|RainDance|[upkeep]\n|upkeep\n|turn|7\n|-message|mr.nyo forfeited.\n|\n|win|vuclump\n|raw|mr.nyo's rating: 1319 &rarr; <strong>1302</strong><br />(-17 for losing)\n|raw|vuclump's rating: 1368 &rarr; <strong>1385</strong><br />(+17 for winning)\n|l|\u2606mr.nyo\n|player|p1|\n",
  "uploadtime": 1776441849,
  "views": 42,
  "formatid": "gen9championsvgc2026regma",
  "rating": 1302,
  "private": 0,
  "password": null
}