{
  "id": "gen9championsvgc2026regma-2585366324",
  "format": "[Gen 9 Champions] VGC 2026 Reg M-A",
  "players": [
    "bishmii",
    "TheWonderfulGirl"
  ],
  "log": "|j|\u2606bishmii\n|j|\u2606TheWonderfulGirl\n|t:|1776341757\n|gametype|doubles\n|player|p1|bishmii|265|1060\n|player|p2|TheWonderfulGirl|pokekid|1157\n|gen|9\n|tier|[Gen 9 Champions] VGC 2026 Reg M-A\n|rated|\n|rule|Species Clause: Limit one of each Pok\u00e9mon\n|rule|Item Clause: Limit 1 of each item\n|clearpoke\n|poke|p1|Blastoise, L50, M|\n|poke|p1|Farigiraf, L50, F|\n|poke|p1|Sinistcha-Masterpiece, L50|\n|poke|p1|Kangaskhan, L50, F|\n|poke|p1|Aerodactyl, L50, F|\n|poke|p1|Basculegion, L50, M|\n|poke|p2|Froslass, L50, F|\n|poke|p2|Garchomp, L50, F|\n|poke|p2|Rotom-Frost, L50|\n|poke|p2|Empoleon, L50, M|\n|poke|p2|Incineroar, L50, F|\n|poke|p2|Kingambit, L50, F|\n|teampreview|4\n|inactive|Battle timer is ON: inactive players will automatically lose when time's up. (requested by bishmii)\n|inactive|TheWonderfulGirl also wants the timer to be on.\n|\n|t:|1776341785\n|teamsize|p1|4\n|teamsize|p2|4\n|start\n|switch|p1a: Blastoise|Blastoise, L50, M|100/100\n|switch|p1b: Farigiraf|Farigiraf, L50, F|100/100\n|switch|p2a: Rotom|Rotom-Frost, L50|100/100\n|switch|p2b: Froslass|Froslass, L50, F|100/100\n|turn|1\n|inactive|TheWonderfulGirl has 30 seconds left.\n|c|\u2606bishmii|watch this\n|inactive|TheWonderfulGirl has 20 seconds left.\n|inactive|TheWonderfulGirl has 15 seconds left.\n|inactive|TheWonderfulGirl has 10 seconds left.\n|\n|t:|1776341833\n|detailschange|p2b: Froslass|Froslass-Mega, L50, F\n|-mega|p2b: Froslass|Froslass|Froslassite\n|-weather|Snowscape|[from] ability: Snow Warning|[of] p2b: Froslass\n|detailschange|p1a: Blastoise|Blastoise-Mega, L50, M\n|-mega|p1a: Blastoise|Blastoise|Blastoisinite\n|move|p1a: Blastoise|Fake Out|p2a: Rotom\n|-damage|p2a: Rotom|91/100\n|cant|p2a: Rotom|flinch\n|move|p2b: Froslass|Blizzard|p1a: Blastoise|[spread] p1a,p1b\n|-resisted|p1a: Blastoise|1\n|-damage|p1a: Blastoise|78/100\n|-damage|p1b: Farigiraf|63/100\n|move|p1b: Farigiraf|Trick Room|p1b: Farigiraf\n|-fieldstart|move: Trick Room|[of] p1b: Farigiraf\n|\n|-weather|Snowscape|[upkeep]\n|upkeep\n|turn|2\n|inactive|TheWonderfulGirl has 30 seconds left.\n|\n|t:|1776341862\n|move|p1b: Farigiraf|Rain Dance|p1b: Farigiraf\n|-weather|RainDance\n|move|p1a: Blastoise|Water Spout|p2a: Rotom|[spread] p2a,p2b\n|-damage|p2a: Rotom|0 fnt\n|-damage|p2b: Froslass|4/100\n|faint|p2a: Rotom\n|move|p2b: Froslass|Aurora Veil||[still]\n|-fail|p2b: Froslass\n|\n|-weather|RainDance|[upkeep]\n|upkeep\n|\n|t:|1776341872\n|switch|p2a: Empoleon|Empoleon, L50, M|100/100\n|turn|3\n|\n|t:|1776341884\n|move|p1b: Farigiraf|Helping Hand|p1a: Blastoise\n|-singleturn|p1a: Blastoise|Helping Hand|[of] p1b: Farigiraf\n|move|p2a: Empoleon|Protect|p2a: Empoleon\n|-singleturn|p2a: Empoleon|Protect\n|move|p2b: Froslass|Protect|p2b: Froslass\n|-singleturn|p2b: Froslass|Protect\n|move|p1a: Blastoise|Water Spout|p2a: Empoleon|[spread] \n|-activate|p2a: Empoleon|move: Protect\n|-activate|p2b: Froslass|move: Protect\n|\n|-weather|RainDance|[upkeep]\n|upkeep\n|turn|4\n|inactive|TheWonderfulGirl has 30 seconds left.\n|\n|t:|1776341919\n|move|p1b: Farigiraf|Helping Hand|p1a: Blastoise\n|-singleturn|p1a: Blastoise|Helping Hand|[of] p1b: Farigiraf\n|move|p1a: Blastoise|Water Spout|p2b: Froslass|[spread] p2a,p2b\n|-resisted|p2a: Empoleon|1\n|-damage|p2a: Empoleon|51/100\n|-damage|p2b: Froslass|0 fnt\n|faint|p2b: Froslass\n|move|p2a: Empoleon|Roar|p1a: Blastoise\n|drag|p1a: Basculegion|Basculegion, L50, M|100/100\n|\n|-weather|RainDance|[upkeep]\n|-heal|p2a: Empoleon|57/100|[from] item: Leftovers\n|upkeep\n|\n|t:|1776341926\n|switch|p2b: Kingambit|Kingambit, L50, F|100/100\n|turn|5\n|inactive|bishmii has 30 seconds left.\n|inactive|TheWonderfulGirl has 30 seconds left.\n|\n|t:|1776341955\n|move|p1b: Farigiraf|Psychic Noise|p2a: Empoleon\n|-resisted|p2a: Empoleon|1\n|-damage|p2a: Empoleon|43/100\n|-start|p2a: Empoleon|move: Heal Block\n|move|p2b: Kingambit|Low Kick|p1b: Farigiraf\n|-damage|p1b: Farigiraf|29/100\n|move|p1a: Basculegion|Flip Turn|p2b: Kingambit\n|-damage|p2b: Kingambit|55/100\n|\n|t:|1776341965\n|switch|p1a: Blastoise|Blastoise-Mega, L50, M|78/100|[from] Flip Turn\n|move|p2a: Empoleon|Roar|p1b: Farigiraf\n|drag|p1b: Sinistcha|Sinistcha-Masterpiece, L50|100/100\n|-heal|p1a: Blastoise|100/100|[from] ability: Hospitality|[of] p1b: Sinistcha\n|\n|-weather|RainDance|[upkeep]\n|-fieldend|move: Trick Room\n|upkeep\n|turn|6\n|-message|TheWonderfulGirl forfeited.\n|\n|win|bishmii\n|raw|bishmii's rating: 1060 &rarr; <strong>1099</strong><br />(+39 for winning)\n|raw|TheWonderfulGirl's rating: 1157 &rarr; <strong>1125</strong><br />(-32 for losing)\n",
  "uploadtime": 1776341976,
  "views": 23,
  "formatid": "gen9championsvgc2026regma",
  "rating": 1099,
  "private": 0,
  "password": null
}