{
  "id": "gen9championsvgc2026regma-2580714117",
  "format": "[Gen 9 Champions] VGC 2026 Reg M-A",
  "players": [
    "vgcsworstplayer",
    "Carnotaurusmil"
  ],
  "log": "|j|\u2606vgcsworstplayer\n|j|\u2606Carnotaurusmil\n|t:|1775926489\n|gametype|doubles\n|player|p1|vgcsworstplayer|winona|1030\n|player|p2|Carnotaurusmil|skyla|1000\n|gen|9\n|tier|[Gen 9 Champions] VGC 2026 Reg M-A\n|rated|\n|rule|Species Clause: Limit one of each Pok\u00e9mon\n|rule|Item Clause: Limit 1 of each item\n|clearpoke\n|poke|p1|Delphox, L50, F|\n|poke|p1|Sneasler, L50, F|\n|poke|p1|Clefable, L50, F|\n|poke|p1|Arcanine-Hisui, L50, F|\n|poke|p1|Dragonite, L50, F|\n|poke|p1|Araquanid, L50, M|\n|poke|p2|Charizard, L50, M|\n|poke|p2|Toxapex, L50, F|\n|poke|p2|Sinistcha, L50|\n|poke|p2|Sneasler, L50, M|\n|poke|p2|Farigiraf, L50, F|\n|poke|p2|Altaria, L50, F|\n|teampreview|4\n|inactive|Battle timer is ON: inactive players will automatically lose when time's up. (requested by vgcsworstplayer)\n|\n|t:|1775926514\n|teamsize|p1|4\n|teamsize|p2|4\n|start\n|switch|p1a: Delphox|Delphox, L50, F, shiny|100/100\n|switch|p1b: Sneasler|Sneasler, L50, F, shiny|100/100\n|switch|p2a: Farigiraf|Farigiraf, L50, F|100/100\n|switch|p2b: Charizard|Charizard, L50, M|100/100\n|turn|1\n|inactive|vgcsworstplayer has 30 seconds left.\n|inactive|Carnotaurusmil has 30 seconds left.\n|\n|t:|1775926546\n|switch|p1b: Araquanid|Araquanid, L50, M, shiny|100/100\n|detailschange|p1a: Delphox|Delphox-Mega, L50, F, shiny\n|-mega|p1a: Delphox|Delphox|Delphoxite\n|detailschange|p2b: Charizard|Charizard-Mega-X, L50, M\n|-mega|p2b: Charizard|Charizard|Charizardite X\n|move|p1a: Delphox|Nasty Plot|p1a: Delphox\n|-boost|p1a: Delphox|spa|2\n|move|p2b: Charizard|Earthquake|p1b: Araquanid|[spread] p2a,p1b\n|-immune|p1a: Delphox|[from] ability: Levitate\n|-resisted|p1b: Araquanid|1\n|-damage|p2a: Farigiraf|76/100\n|-damage|p1b: Araquanid|87/100\n|move|p2a: Farigiraf|Light Screen|p2a: Farigiraf\n|-sidestart|p2: Carnotaurusmil|move: Light Screen\n|\n|-heal|p1b: Araquanid|93/100|[from] item: Leftovers\n|upkeep\n|turn|2\n|inactive|vgcsworstplayer has 30 seconds left.\n|inactive|Carnotaurusmil has 30 seconds left.\n|inactive|vgcsworstplayer has 20 seconds left.\n|\n|t:|1775926583\n|switch|p2b: Sinistcha|Sinistcha, L50|100/100\n|-heal|p2a: Farigiraf|100/100|[from] ability: Hospitality|[of] p2b: Sinistcha\n|move|p1a: Delphox|Protect|p1a: Delphox\n|-singleturn|p1a: Delphox|Protect\n|move|p2a: Farigiraf|Hyper Voice|p1b: Araquanid|[spread] p1b\n|-activate|p1a: Delphox|move: Protect\n|-damage|p1b: Araquanid|70/100\n|move|p1b: Araquanid|Liquidation|p2b: Sinistcha\n|-resisted|p2b: Sinistcha|1\n|-damage|p2b: Sinistcha|72/100\n|-unboost|p2b: Sinistcha|def|1\n|\n|-heal|p1b: Araquanid|76/100|[from] item: Leftovers\n|upkeep\n|turn|3\n|inactive|Carnotaurusmil has 30 seconds left.\n|inactive|Carnotaurusmil has 20 seconds left.\n|\n|t:|1775926621\n|switch|p2b: Charizard|Charizard-Mega-X, L50, M|100/100\n|move|p1b: Araquanid|Wide Guard|p1b: Araquanid\n|-singleturn|p1b: Araquanid|Wide Guard\n|move|p1a: Delphox|Heat Wave|p2b: Charizard|[spread] p2a,p2b\n|-resisted|p2b: Charizard|2\n|-damage|p2a: Farigiraf|54/100\n|-damage|p2b: Charizard|87/100\n|move|p2a: Farigiraf|Hyper Voice|p1a: Delphox|[spread] \n|-activate|p1a: Delphox|move: Wide Guard\n|-activate|p1b: Araquanid|move: Wide Guard\n|\n|-heal|p1b: Araquanid|82/100|[from] item: Leftovers\n|upkeep\n|turn|4\n|inactive|vgcsworstplayer has 30 seconds left.\n|inactive|Carnotaurusmil has 30 seconds left.\n|inactive|Carnotaurusmil has 20 seconds left.\n|\n|t:|1775926659\n|switch|p2a: Sneasler|Sneasler, L50, M|100/100\n|move|p1a: Delphox|Protect|p1a: Delphox\n|-singleturn|p1a: Delphox|Protect\n|move|p2b: Charizard|Dragon Claw|p1b: Araquanid\n|-damage|p1b: Araquanid|24/100\n|move|p1b: Araquanid|Liquidation|p2b: Charizard\n|-damage|p2b: Charizard|27/100\n|-unboost|p2b: Charizard|def|1\n|\n|-heal|p1b: Araquanid|30/100|[from] item: Leftovers\n|upkeep\n|turn|5\n|\n|t:|1775926679\n|switch|p1b: Clefable|Clefable, L50, F|100/100\n|move|p2a: Sneasler|Fake Out|p1a: Delphox\n|-damage|p1a: Delphox|81/100\n|cant|p1a: Delphox|flinch\n|move|p2b: Charizard|Dragon Claw|p1b: Clefable\n|-immune|p1b: Clefable\n|\n|-sideend|p2: Carnotaurusmil|move: Light Screen\n|upkeep\n|turn|6\n|inactive|Carnotaurusmil has 30 seconds left.\n|inactive|Carnotaurusmil has 20 seconds left.\n|inactive|Carnotaurusmil has 15 seconds left.\n|\n|t:|1775926722\n|move|p1b: Clefable|Follow Me|p1b: Clefable\n|-singleturn|p1b: Clefable|move: Follow Me\n|move|p1a: Delphox|Psychic|p2a: Sneasler\n|-supereffective|p2a: Sneasler|2\n|-damage|p2a: Sneasler|0 fnt\n|faint|p2a: Sneasler\n|move|p2b: Charizard|Dragon Claw|p1b: Clefable\n|-immune|p1b: Clefable\n|\n|upkeep\n|\n|t:|1775926736\n|switch|p2a: Farigiraf|Farigiraf, L50, F|54/100\n|turn|7\n|c|\u2606vgcsworstplayer|are you choice scarf with no speed?\n|\n|t:|1775926748\n|move|p1a: Delphox|Heat Wave|p2b: Charizard|[spread] p2a,p2b\n|-resisted|p2b: Charizard|2\n|-damage|p2a: Farigiraf|0 fnt\n|-damage|p2b: Charizard|9/100\n|faint|p2a: Farigiraf\n|move|p2b: Charizard|Roost|p2b: Charizard\n|-heal|p2b: Charizard|59/100\n|-singleturn|p2b: Charizard|move: Roost\n|move|p1b: Clefable|Moonblast|p2b: Charizard\n|-damage|p2b: Charizard|27/100\n|\n|upkeep\n|\n|t:|1775926759\n|switch|p2a: Sinistcha|Sinistcha, L50|72/100\n|-heal|p2b: Charizard|51/100|[from] ability: Hospitality|[of] p2a: Sinistcha\n|turn|8\n|-message|Carnotaurusmil forfeited.\n|\n|win|vgcsworstplayer\n|raw|vgcsworstplayer's rating: 1030 &rarr; <strong>1062</strong><br />(+32 for winning)\n|raw|Carnotaurusmil's rating: 1000 &rarr; <strong>1000</strong><br />(+0 for losing)\n|l|\u2606Carnotaurusmil\n|player|p2|\n",
  "uploadtime": 1775926779,
  "views": 20,
  "formatid": "gen9championsvgc2026regma",
  "rating": 1000,
  "private": 0,
  "password": null
}