{
  "id": "gen9championsvgc2026regma-2585904620",
  "format": "[Gen 9 Champions] VGC 2026 Reg M-A",
  "players": [
    "MrNiqht",
    "BroDontFuckWithMe"
  ],
  "log": "|j|\u2606MrNiqht\n|j|\u2606BroDontFuckWithMe\n|t:|1776380099\n|gametype|doubles\n|player|p1|MrNiqht|grimsley|1328\n|player|p2|BroDontFuckWithMe|169|1254\n|gen|9\n|tier|[Gen 9 Champions] VGC 2026 Reg M-A\n|rated|\n|rule|Species Clause: Limit one of each Pok\u00e9mon\n|rule|Item Clause: Limit 1 of each item\n|clearpoke\n|poke|p1|Aggron, L50, M|\n|poke|p1|Sinistcha, L50|\n|poke|p1|Goodra, L50, F|\n|poke|p1|Dragapult, L50, F|\n|poke|p1|Rotom-Wash, L50|\n|poke|p1|Aerodactyl, L50, F|\n|poke|p2|Starmie, L50|\n|poke|p2|Rotom-Heat, L50|\n|poke|p2|Excadrill, L50, F|\n|poke|p2|Sinistcha, L50|\n|poke|p2|Tyranitar, L50, F|\n|poke|p2|Gardevoir, L50, M|\n|teampreview|4\n|inactive|Battle timer is ON: inactive players will automatically lose when time's up. (requested by BroDontFuckWithMe)\n|\n|t:|1776380133\n|teamsize|p1|4\n|teamsize|p2|4\n|start\n|switch|p1a: Dragapult|Dragapult, L50, F|100/100\n|switch|p1b: Goodra|Goodra, L50, F|100/100\n|switch|p2a: Gardevoir|Gardevoir, L50, M|100/100\n|switch|p2b: Starmie|Starmie, L50|100/100\n|turn|1\n|\n|t:|1776380157\n|detailschange|p2b: Starmie|Starmie-Mega, L50\n|-mega|p2b: Starmie|Starmie|Starminite\n|move|p1a: Dragapult|Light Screen|p1a: Dragapult\n|-sidestart|p1: MrNiqht|move: Light Screen\n|move|p2a: Gardevoir|Dazzling Gleam|p1a: Dragapult|[spread] p1a,p1b\n|-supereffective|p1a: Dragapult|1\n|-supereffective|p1b: Goodra|1\n|-damage|p1a: Dragapult|47/100\n|-damage|p1b: Goodra|74/100\n|move|p2b: Starmie|Zen Headbutt|p1a: Dragapult\n|-damage|p1a: Dragapult|0 fnt\n|faint|p1a: Dragapult\n|move|p1b: Goodra|Thunderbolt|p2b: Starmie\n|-supereffective|p2b: Starmie|1\n|-damage|p2b: Starmie|23/100\n|\n|upkeep\n|\n|t:|1776380170\n|switch|p1a: Aggron|Aggron, L50, M|100/100\n|turn|2\n|\n|t:|1776380177\n|detailschange|p1a: Aggron|Aggron-Mega, L50, M\n|-mega|p1a: Aggron|Aggron|Aggronite\n|move|p2a: Gardevoir|Dazzling Gleam|p1b: Goodra|[spread] p1a,p1b\n|-resisted|p1a: Aggron|1\n|-supereffective|p1b: Goodra|1\n|-damage|p1a: Aggron|91/100\n|-damage|p1b: Goodra|45/100\n|move|p2b: Starmie|Zen Headbutt|p1b: Goodra\n|-damage|p1b: Goodra|0 fnt\n|-ability|p1b: Goodra|Gooey\n|-unboost|p2b: Starmie|spe|1\n|faint|p1b: Goodra\n|move|p1a: Aggron|Curse|p1a: Aggron\n|-unboost|p1a: Aggron|spe|1\n|-boost|p1a: Aggron|atk|1\n|-boost|p1a: Aggron|def|1\n|\n|upkeep\n|\n|t:|1776380185\n|switch|p1b: Rotom|Rotom-Wash, L50|100/100\n|turn|3\n|\n|t:|1776380202\n|switch|p2a: Rotom|Rotom-Heat, L50|100/100\n|move|p2b: Starmie|Protect|p2b: Starmie\n|-singleturn|p2b: Starmie|Protect\n|move|p1b: Rotom|Volt Switch|p2b: Starmie\n|-activate|p2b: Starmie|move: Protect\n|move|p1a: Aggron|Heavy Slam|p2a: Rotom\n|-resisted|p2a: Rotom|2\n|-damage|p2a: Rotom|77/100\n|\n|upkeep\n|turn|4\n|\n|t:|1776380213\n|move|p1a: Aggron|Protect|p1a: Aggron\n|-singleturn|p1a: Aggron|Protect\n|move|p2a: Rotom|Volt Switch|p1b: Rotom\n|-damage|p1b: Rotom|78/100\n|\n|t:|1776380218\n|switch|p2a: Sinistcha|Sinistcha, L50|100/100|[from] Volt Switch\n|-heal|p2b: Starmie|48/100|[from] ability: Hospitality|[of] p2a: Sinistcha\n|move|p2b: Starmie|Zen Headbutt|p1b: Rotom\n|-damage|p1b: Rotom|0 fnt\n|faint|p1b: Rotom\n|\n|upkeep\n|turn|5\n|-message|MrNiqht forfeited.\n|\n|win|BroDontFuckWithMe\n|raw|MrNiqht's rating: 1328 &rarr; <strong>1304</strong><br />(-24 for losing)\n|raw|BroDontFuckWithMe's rating: 1254 &rarr; <strong>1284</strong><br />(+30 for winning)\n",
  "uploadtime": 1776380226,
  "views": 23,
  "formatid": "gen9championsvgc2026regma",
  "rating": 1284,
  "private": 0,
  "password": null
}