{
  "id": "gen9championsvgc2026regma-2583869133",
  "format": "[Gen 9 Champions] VGC 2026 Reg M-A",
  "players": [
    "PiniTera",
    "hgefii"
  ],
  "log": "|j|\u2606PiniTera\n|j|\u2606hgefii\n|t:|1776204084\n|gametype|doubles\n|player|p1|PiniTera|lucas|1094\n|player|p2|hgefii|ghetsis|1160\n|gen|9\n|tier|[Gen 9 Champions] VGC 2026 Reg M-A\n|rated|\n|rule|Species Clause: Limit one of each Pok\u00e9mon\n|rule|Item Clause: Limit 1 of each item\n|clearpoke\n|poke|p1|Clefable, L50, F|\n|poke|p1|Kingambit, L50, M|\n|poke|p1|Sneasler, L50, F|\n|poke|p1|Dragonite, L50, M|\n|poke|p1|Delphox, L50, M|\n|poke|p1|Basculegion, L50, M|\n|poke|p2|Froslass, L50, F|\n|poke|p2|Palafin, L50, M|\n|poke|p2|Kingambit, L50, F|\n|poke|p2|Sneasler, L50, M|\n|poke|p2|Sinistcha, L50|\n|poke|p2|Arcanine-Hisui, L50, M|\n|teampreview|4\n|inactive|Battle timer is ON: inactive players will automatically lose when time's up. (requested by hgefii)\n|\n|t:|1776204141\n|teamsize|p1|4\n|teamsize|p2|4\n|start\n|switch|p1a: Delphox|Delphox, L50, M|100/100\n|switch|p1b: Clefable|Clefable, L50, F|100/100\n|switch|p2a: Sneasler|Sneasler, L50, M, shiny|100/100\n|switch|p2b: Palafin|Palafin, L50, M, shiny|100/100\n|turn|1\n|\n|t:|1776204163\n|switch|p1b: Basculegion|Basculegion, L50, M|100/100\n|move|p1a: Delphox|Protect|p1a: Delphox\n|-singleturn|p1a: Delphox|Protect\n|move|p2a: Sneasler|Dire Claw|p1b: Basculegion\n|-resisted|p1b: Basculegion|1\n|-damage|p1b: Basculegion|77/100\n|move|p2b: Palafin|Wave Crash|p1a: Delphox\n|-activate|p1a: Delphox|move: Protect\n|\n|upkeep\n|turn|2\n|inactive|PiniTera has 30 seconds left.\n|\n|t:|1776204192\n|detailschange|p1a: Delphox|Delphox-Mega, L50, M\n|-mega|p1a: Delphox|Delphox|Delphoxite\n|move|p2a: Sneasler|Protect|p2a: Sneasler\n|-singleturn|p2a: Sneasler|Protect\n|move|p1a: Delphox|Psychic|p2a: Sneasler\n|-activate|p2a: Sneasler|move: Protect\n|move|p1b: Basculegion|Flip Turn|p2b: Palafin\n|-resisted|p2b: Palafin|1\n|-damage|p2b: Palafin|78/100\n|\n|t:|1776204209\n|switch|p1b: Sneasler|Sneasler, L50, F|100/100|[from] Flip Turn\n|move|p2b: Palafin|Wave Crash|p1a: Delphox\n|-supereffective|p1a: Delphox|1\n|-damage|p1a: Delphox|0 fnt\n|faint|p1a: Delphox\n|-damage|p2b: Palafin|54/100|[from] Recoil\n|\n|upkeep\n|\n|t:|1776204218\n|switch|p1a: Basculegion|Basculegion, L50, M|77/100\n|turn|3\n|\n|t:|1776204233\n|switch|p2a: Sinistcha|Sinistcha, L50, shiny|100/100\n|-heal|p2b: Palafin|78/100|[from] ability: Hospitality|[of] p2a: Sinistcha\n|detailschange|p2b: Palafin|Palafin-Hero, L50, M, shiny\n|switch|p2b: Kingambit|Kingambit, L50, F, shiny|100/100\n|move|p1a: Basculegion|Wave Crash|p2a: Sinistcha\n|-resisted|p2a: Sinistcha|1\n|-damage|p2a: Sinistcha|63/100\n|-damage|p1a: Basculegion|66/100|[from] Recoil\n|move|p1b: Sneasler|Close Combat|p2b: Kingambit\n|-supereffective|p2b: Kingambit|2\n|-damage|p2b: Kingambit|0 fnt\n|-unboost|p1b: Sneasler|def|1\n|-unboost|p1b: Sneasler|spd|1\n|faint|p2b: Kingambit\n|\n|upkeep\n|\n|t:|1776204255\n|switch|p2b: Sneasler|Sneasler, L50, M, shiny|100/100\n|turn|4\n|\n|t:|1776204269\n|switch|p1a: Clefable|Clefable, L50, F|100/100\n|move|p1b: Sneasler|Protect|p1b: Sneasler\n|-singleturn|p1b: Sneasler|Protect\n|move|p2b: Sneasler|Fake Out|p1b: Sneasler\n|-activate|p1b: Sneasler|move: Protect\n|move|p2a: Sinistcha|Matcha Gotcha|p1a: Clefable|[spread] \n|-activate|p1b: Sneasler|move: Protect\n|-miss|p2a: Sinistcha|p1a: Clefable\n|\n|upkeep\n|turn|5\n|\n|t:|1776204286\n|move|p1a: Clefable|Helping Hand|p1b: Sneasler\n|-singleturn|p1b: Sneasler|Helping Hand|[of] p1a: Clefable\n|move|p2a: Sinistcha|Rage Powder|p2a: Sinistcha\n|-singleturn|p2a: Sinistcha|move: Rage Powder\n|move|p1b: Sneasler|Dire Claw|p2a: Sinistcha\n|-damage|p2a: Sinistcha|11/100\n|-enditem|p2a: Sinistcha|Sitrus Berry|[eat]\n|-heal|p2a: Sinistcha|36/100|[from] item: Sitrus Berry\n|move|p2b: Sneasler|Dire Claw|p1a: Clefable\n|-supereffective|p1a: Clefable|1\n|-damage|p1a: Clefable|32/100\n|-status|p1a: Clefable|slp\n|-enditem|p1a: Clefable|Sitrus Berry|[eat]\n|-heal|p1a: Clefable|57/100 slp|[from] item: Sitrus Berry\n|\n|upkeep\n|turn|6\n|inactive|hgefii has 30 seconds left.\n|\n|t:|1776204311\n|cant|p1a: Clefable|slp\n|move|p2b: Sneasler|Dire Claw|p1a: Clefable\n|-supereffective|p1a: Clefable|1\n|-damage|p1a: Clefable|0 fnt\n|faint|p1a: Clefable\n|move|p1b: Sneasler|Dire Claw|p2a: Sinistcha\n|-damage|p2a: Sinistcha|0 fnt\n|faint|p2a: Sinistcha\n|\n|upkeep\n|\n|t:|1776204321\n|switch|p2a: Palafin|Palafin-Hero, L50, M, shiny|78/100\n|switch|p1a: Basculegion|Basculegion, L50, M|66/100\n|-activate|p2a: Palafin|ability: Zero to Hero\n|turn|7\n|inactive|hgefii has 30 seconds left.\n|\n|t:|1776204351\n|move|p1a: Basculegion|Last Respects|p2a: Palafin\n|-damage|p2a: Palafin|0 fnt\n|faint|p2a: Palafin\n|move|p1b: Sneasler|Close Combat|p2b: Sneasler\n|-resisted|p2b: Sneasler|1\n|-damage|p2b: Sneasler|51/100\n|-unboost|p1b: Sneasler|def|1\n|-unboost|p1b: Sneasler|spd|1\n|move|p2b: Sneasler|Dire Claw|p1a: Basculegion\n|-resisted|p1a: Basculegion|1\n|-damage|p1a: Basculegion|41/100\n|\n|upkeep\n|turn|8\n|\n|t:|1776204366\n|move|p2b: Sneasler|Protect|p2b: Sneasler\n|-singleturn|p2b: Sneasler|Protect\n|move|p1a: Basculegion|Last Respects|p2b: Sneasler\n|-activate|p2b: Sneasler|move: Protect\n|move|p1b: Sneasler|Close Combat|p2b: Sneasler\n|-activate|p2b: Sneasler|move: Protect\n|\n|upkeep\n|turn|9\n|\n|t:|1776204378\n|move|p1a: Basculegion|Last Respects|p2b: Sneasler\n|-damage|p2b: Sneasler|0 fnt\n|faint|p2b: Sneasler\n|\n|win|PiniTera\n|raw|PiniTera's rating: 1094 &rarr; <strong>1125</strong><br />(+31 for winning)\n|raw|hgefii's rating: 1160 &rarr; <strong>1130</strong><br />(-30 for losing)\n",
  "uploadtime": 1776204384,
  "views": 22,
  "formatid": "gen9championsvgc2026regma",
  "rating": 1125,
  "private": 0,
  "password": null
}