{
  "id": "gen9championsvgc2026regma-2580982939",
  "format": "[Gen 9 Champions] VGC 2026 Reg M-A",
  "players": [
    "tavinn_n",
    "yohanitaro"
  ],
  "log": "|j|\u2606tavinn_n\n|j|\u2606yohanitaro\n|t:|1775948901\n|gametype|doubles\n|player|p1|tavinn_n|ghetsis|1248\n|player|p2|yohanitaro|twins-gen4|1266\n|gen|9\n|tier|[Gen 9 Champions] VGC 2026 Reg M-A\n|rated|\n|rule|Species Clause: Limit one of each Pok\u00e9mon\n|rule|Item Clause: Limit 1 of each item\n|clearpoke\n|poke|p1|Aggron, L50, M|\n|poke|p1|Tyranitar, L50, F|\n|poke|p1|Sinistcha, L50|\n|poke|p1|Rotom-Wash, L50|\n|poke|p1|Arcanine-Hisui, L50, F|\n|poke|p1|Primarina, L50, F|\n|poke|p2|Delphox, L50, M|\n|poke|p2|Garchomp, L50, M|\n|poke|p2|Sneasler, L50, M|\n|poke|p2|Kingambit, L50, M|\n|poke|p2|Incineroar, L50, M|\n|poke|p2|Basculegion, L50, M|\n|teampreview|4\n|inactive|Battle timer is ON: inactive players will automatically lose when time's up. (requested by yohanitaro)\n|inactive|tavinn_n also wants the timer to be on.\n|inactive|yohanitaro has 60 seconds left.\n|j| gE1xjZRtuhW2DdT0AK\n|\n|t:|1775948961\n|teamsize|p1|4\n|teamsize|p2|4\n|start\n|switch|p1a: Rotom|Rotom-Wash, L50|100/100\n|switch|p1b: Sinistcha|Sinistcha, L50|100/100\n|switch|p2a: Sneasler|Sneasler, L50, M, shiny|100/100\n|switch|p2b: Basculegion|Basculegion, L50, M, shiny|100/100\n|turn|1\n|\n|t:|1775948985\n|move|p1a: Rotom|Volt Switch|p2b: Basculegion\n|-supereffective|p2b: Basculegion|1\n|-damage|p2b: Basculegion|28/100\n|\n|t:|1775948990\n|switch|p1a: Aggron|Aggron, L50, M|100/100|[from] Volt Switch\n|move|p2b: Basculegion|Flip Turn|p1a: Aggron\n|-supereffective|p1a: Aggron|1\n|-damage|p1a: Aggron|55/100\n|\n|t:|1775949004\n|switch|p2b: Delphox|Delphox, L50, M, shiny|100/100|[from] Flip Turn\n|move|p2a: Sneasler|Dire Claw|p1b: Sinistcha\n|-damage|p1b: Sinistcha|58/100\n|move|p1b: Sinistcha|Matcha Gotcha|p2a: Sneasler|[spread] p2a,p2b\n|-resisted|p2a: Sneasler|1\n|-resisted|p2b: Delphox|1\n|-damage|p2a: Sneasler|83/100\n|-heal|p1b: Sinistcha|66/100|[from] drain|[of] p2a: Sneasler\n|-damage|p2b: Delphox|88/100\n|-heal|p1b: Sinistcha|71/100|[from] drain|[of] p2b: Delphox\n|-status|p2a: Sneasler|brn\n|\n|-damage|p2a: Sneasler|77/100 brn|[from] brn\n|upkeep\n|turn|2\n|inactive|yohanitaro has 30 seconds left.\n|\n|t:|1775949030\n|detailschange|p2b: Delphox|Delphox-Mega, L50, M, shiny\n|-mega|p2b: Delphox|Delphox|Delphoxite\n|detailschange|p1a: Aggron|Aggron-Mega, L50, M\n|-mega|p1a: Aggron|Aggron|Aggronite\n|move|p2b: Delphox|Heat Wave|p1a: Aggron|[spread] p1a,p1b\n|-supereffective|p1a: Aggron|1\n|-supereffective|p1b: Sinistcha|1\n|-damage|p1a: Aggron|10/100\n|-damage|p1b: Sinistcha|7/100\n|-status|p1b: Sinistcha|brn\n|-enditem|p1b: Sinistcha|Sitrus Berry|[eat]\n|-heal|p1b: Sinistcha|32/100 brn|[from] item: Sitrus Berry\n|move|p2a: Sneasler|Close Combat|p1a: Aggron\n|-supereffective|p1a: Aggron|1\n|-damage|p1a: Aggron|0 fnt\n|-unboost|p2a: Sneasler|def|1\n|-unboost|p2a: Sneasler|spd|1\n|faint|p1a: Aggron\n|-enditem|p2a: Sneasler|White Herb\n|-clearnegativeboost|p2a: Sneasler|[silent]\n|move|p1b: Sinistcha|Life Dew|p1b: Sinistcha\n|-heal|p1b: Sinistcha|57/100 brn\n|\n|-damage|p2a: Sneasler|71/100 brn|[from] brn\n|-damage|p1b: Sinistcha|51/100 brn|[from] brn\n|upkeep\n|\n|t:|1775949042\n|switch|p1a: Primarina|Primarina, L50, F|100/100\n|turn|3\n|\n|t:|1775949061\n|switch|p1b: Rotom|Rotom-Wash, L50|100/100\n|move|p2b: Delphox|Protect|p2b: Delphox\n|-singleturn|p2b: Delphox|Protect\n|move|p2a: Sneasler|Dire Claw|p1a: Primarina\n|-supereffective|p1a: Primarina|1\n|-damage|p1a: Primarina|48/100\n|move|p1a: Primarina|Hyper Voice|p2a: Sneasler|[spread] p2a\n|-activate|p2b: Delphox|move: Protect\n|-damage|p2a: Sneasler|17/100 brn\n|\n|-heal|p1a: Primarina|54/100|[from] item: Leftovers\n|-damage|p2a: Sneasler|11/100 brn|[from] brn\n|upkeep\n|turn|4\n|\n|t:|1775949084\n|move|p2a: Sneasler|Dire Claw|p1a: Primarina\n|-supereffective|p1a: Primarina|1\n|-damage|p1a: Primarina|3/100\n|move|p1b: Rotom|Volt Switch|p2a: Sneasler\n|-damage|p2a: Sneasler|0 fnt\n|faint|p2a: Sneasler\n|\n|t:|1775949090\n|switch|p1b: Sinistcha|Sinistcha, L50|51/100 brn|[from] Volt Switch\n|-heal|p1a: Primarina|27/100|[from] ability: Hospitality|[of] p1b: Sinistcha\n|move|p2b: Delphox|Psychic|p1a: Primarina\n|-damage|p1a: Primarina|0 fnt\n|faint|p1a: Primarina\n|\n|-damage|p1b: Sinistcha|45/100 brn|[from] brn\n|upkeep\n|\n|t:|1775949105\n|switch|p2a: Kingambit|Kingambit, L50, M, shiny|100/100\n|switch|p1a: Rotom|Rotom-Wash, L50|100/100\n|turn|5\n|-message|tavinn_n forfeited.\n|\n|win|yohanitaro\n|raw|tavinn_n's rating: 1248 &rarr; <strong>1224</strong><br />(-24 for losing)\n|raw|yohanitaro's rating: 1266 &rarr; <strong>1290</strong><br />(+24 for winning)\n|l|\u2606tavinn_n\n|player|p1|\n",
  "uploadtime": 1775949121,
  "views": 19,
  "formatid": "gen9championsvgc2026regma",
  "rating": 1224,
  "private": 0,
  "password": null
}