{
  "id": "gen9championsvgc2026regma-2587496210",
  "format": "[Gen 9 Champions] VGC 2026 Reg M-A",
  "players": [
    "henitusec",
    "Blooddemo"
  ],
  "log": "|j|\u2606henitusec\n|j|\u2606Blooddemo\n|t:|1776536741\n|gametype|doubles\n|player|p1|henitusec|steven-masters|1154\n|player|p2|Blooddemo|pokemaniac|1133\n|gen|9\n|tier|[Gen 9 Champions] VGC 2026 Reg M-A\n|rated|\n|rule|Species Clause: Limit one of each Pok\u00e9mon\n|rule|Item Clause: Limit 1 of each item\n|clearpoke\n|poke|p1|Froslass, L50, F|\n|poke|p1|Garchomp, L50, F|\n|poke|p1|Rotom-Frost, L50|\n|poke|p1|Empoleon, L50, M|\n|poke|p1|Incineroar, L50, M|\n|poke|p1|Kingambit, L50, M|\n|poke|p2|Meganium, L50, F|\n|poke|p2|Whimsicott, L50, F|\n|poke|p2|Pelipper, L50, M|\n|poke|p2|Basculegion, L50, M|\n|poke|p2|Incineroar, L50, M|\n|poke|p2|Maushold-Four, L50|\n|teampreview|4\n|inactive|Battle timer is ON: inactive players will automatically lose when time's up. (requested by henitusec)\n|\n|t:|1776536760\n|teamsize|p1|4\n|teamsize|p2|4\n|start\n|switch|p1a: Incineroar|Incineroar, L50, M|100/100\n|switch|p1b: Empoleon|Empoleon, L50, M|100/100\n|switch|p2a: Whimsicott|Whimsicott, L50, F|100/100\n|switch|p2b: Pelipper|Pelipper, L50, M|100/100\n|-weather|RainDance|[from] ability: Drizzle|[of] p2b: Pelipper\n|-ability|p1a: Incineroar|Intimidate|boost\n|-unboost|p2a: Whimsicott|atk|1\n|-unboost|p2b: Pelipper|atk|1\n|turn|1\n|\n|t:|1776536779\n|move|p1a: Incineroar|Fake Out|p2b: Pelipper\n|-damage|p2b: Pelipper|86/100\n|move|p2a: Whimsicott|Tailwind|p2a: Whimsicott\n|-sidestart|p2: Blooddemo|move: Tailwind\n|cant|p2b: Pelipper|flinch\n|move|p1b: Empoleon|Flash Cannon|p2a: Whimsicott\n|-supereffective|p2a: Whimsicott|1\n|-damage|p2a: Whimsicott|20/100\n|\n|-weather|RainDance|[upkeep]\n|upkeep\n|turn|2\n|inactive|henitusec has 30 seconds left.\n|\n|t:|1776536810\n|move|p2a: Whimsicott|Grassy Terrain|p2a: Whimsicott\n|-fieldstart|move: Grassy Terrain\n|move|p2b: Pelipper|Muddy Water|p1a: Incineroar|[spread] p1a,p1b\n|-supereffective|p1a: Incineroar|1\n|-resisted|p1b: Empoleon|1\n|-damage|p1a: Incineroar|38/100\n|-damage|p1b: Empoleon|84/100\n|-enditem|p1a: Incineroar|Sitrus Berry|[eat]\n|-heal|p1a: Incineroar|63/100|[from] item: Sitrus Berry\n|move|p1b: Empoleon|Blizzard|p2b: Pelipper|[spread] \n|-miss|p1b: Empoleon|p2a: Whimsicott\n|-miss|p1b: Empoleon|p2b: Pelipper\n|move|p1a: Incineroar|Flare Blitz|p2a: Whimsicott\n|-supereffective|p2a: Whimsicott|1\n|-damage|p2a: Whimsicott|0 fnt\n|faint|p2a: Whimsicott\n|-damage|p1a: Incineroar|57/100|[from] Recoil\n|\n|-weather|RainDance|[upkeep]\n|-heal|p1b: Empoleon|90/100|[from] Grassy Terrain\n|-heal|p1b: Empoleon|96/100|[from] item: Leftovers\n|-heal|p1a: Incineroar|63/100|[from] Grassy Terrain\n|upkeep\n|inactive|Blooddemo has 30 seconds left.\n|\n|t:|1776536838\n|switch|p2a: Meganium|Meganium, L50, F|100/100\n|turn|3\n|\n|t:|1776536850\n|detailschange|p2a: Meganium|Meganium-Mega, L50, F\n|-mega|p2a: Meganium|Meganium|Meganiumite\n|move|p1b: Empoleon|Protect|p1b: Empoleon\n|-singleturn|p1b: Empoleon|Protect\n|move|p2a: Meganium|Solar Beam||[still]\n|-prepare|p2a: Meganium|Solar Beam\n|-activate|p2a: Meganium|ability: Mega Sol\n|-anim|p2a: Meganium|Solar Beam|p1b: Empoleon\n|-activate|p1b: Empoleon|move: Protect\n|move|p2b: Pelipper|Muddy Water|p1a: Incineroar|[spread] p1a\n|-activate|p1b: Empoleon|move: Protect\n|-supereffective|p1a: Incineroar|1\n|-damage|p1a: Incineroar|0 fnt\n|faint|p1a: Incineroar\n|\n|-weather|RainDance|[upkeep]\n|-heal|p1b: Empoleon|100/100|[from] Grassy Terrain\n|upkeep\n|\n|t:|1776536869\n|switch|p1a: Froslass|Froslass, L50, F|100/100\n|turn|4\n|\n|t:|1776536883\n|move|p1a: Froslass|Protect|p1a: Froslass\n|-singleturn|p1a: Froslass|Protect\n|move|p2a: Meganium|Weather Ball|p1a: Froslass\n|-activate|p1a: Froslass|move: Protect\n|move|p2b: Pelipper|Muddy Water|p1a: Froslass|[spread] p1b\n|-activate|p1a: Froslass|move: Protect\n|-resisted|p1b: Empoleon|1\n|-damage|p1b: Empoleon|85/100\n|move|p1b: Empoleon|Flash Cannon|p2a: Meganium\n|-supereffective|p2a: Meganium|1\n|-damage|p2a: Meganium|16/100\n|-unboost|p2a: Meganium|spd|1\n|\n|-weather|RainDance|[upkeep]\n|-heal|p2a: Meganium|22/100|[from] Grassy Terrain\n|-heal|p1b: Empoleon|91/100|[from] Grassy Terrain\n|-heal|p1b: Empoleon|96/100|[from] item: Leftovers\n|-sideend|p2: Blooddemo|move: Tailwind\n|upkeep\n|turn|5\n|\n|t:|1776536908\n|detailschange|p1a: Froslass|Froslass-Mega, L50, F\n|-mega|p1a: Froslass|Froslass|Froslassite\n|-weather|Snowscape|[from] ability: Snow Warning|[of] p1a: Froslass\n|move|p1a: Froslass|Blizzard|p2b: Pelipper|[spread] p2a,p2b\n|-supereffective|p2a: Meganium|1\n|-damage|p2a: Meganium|0 fnt\n|-damage|p2b: Pelipper|13/100\n|faint|p2a: Meganium\n|move|p2b: Pelipper|Muddy Water|p1a: Froslass|[spread] p1a,p1b\n|-resisted|p1b: Empoleon|1\n|-damage|p1a: Froslass|72/100\n|-damage|p1b: Empoleon|86/100\n|-unboost|p1b: Empoleon|accuracy|1\n|-ability|p1b: Empoleon|Competitive|boost\n|-boost|p1b: Empoleon|spa|2\n|move|p1b: Empoleon|Blizzard|p2b: Pelipper\n|-damage|p2b: Pelipper|0 fnt\n|faint|p2b: Pelipper\n|\n|-weather|Snowscape|[upkeep]\n|-heal|p1a: Froslass|78/100|[from] Grassy Terrain\n|-heal|p1b: Empoleon|92/100|[from] Grassy Terrain\n|-heal|p1b: Empoleon|97/100|[from] item: Leftovers\n|upkeep\n|\n|t:|1776536931\n|switch|p2a: Basculegion|Basculegion, L50, M|100/100\n|turn|6\n|\n|t:|1776536941\n|move|p1a: Froslass|Shadow Ball|p2a: Basculegion\n|-supereffective|p2a: Basculegion|1\n|-damage|p2a: Basculegion|0 fnt\n|faint|p2a: Basculegion\n|\n|win|henitusec\n|raw|henitusec's rating: 1154 &rarr; <strong>1177</strong><br />(+23 for winning)\n|raw|Blooddemo's rating: 1133 &rarr; <strong>1110</strong><br />(-23 for losing)\n",
  "uploadtime": 1776536944,
  "views": 12,
  "formatid": "gen9championsvgc2026regma",
  "rating": 1110,
  "private": 0,
  "password": null
}