{
  "id": "gen9championsvgc2026regma-2583785490",
  "format": "[Gen 9 Champions] VGC 2026 Reg M-A",
  "players": [
    "mura10900",
    "FizzyEnzo"
  ],
  "log": "|j|\u2606mura10900\n|j|\u2606FizzyEnzo\n|t:|1776197553\n|gametype|doubles\n|player|p1|mura10900|170|1046\n|player|p2|FizzyEnzo|lucas|1028\n|gen|9\n|tier|[Gen 9 Champions] VGC 2026 Reg M-A\n|rated|\n|rule|Species Clause: Limit one of each Pok\u00e9mon\n|rule|Item Clause: Limit 1 of each item\n|clearpoke\n|poke|p1|Lucario, L50, F|\n|poke|p1|Incineroar, L50, M|\n|poke|p1|Zoroark-Hisui, L50, M|\n|poke|p1|Torkoal, L50, M|\n|poke|p1|Gengar, L50, M|\n|poke|p1|Aerodactyl, L50, F|\n|poke|p2|Froslass, L50, F|\n|poke|p2|Incineroar, L50, M|\n|poke|p2|Aerodactyl, L50, F|\n|poke|p2|Archaludon, L50, F|\n|poke|p2|Rotom-Frost, L50|\n|poke|p2|Sneasler, L50, M|\n|teampreview|4\n|inactive|Battle timer is ON: inactive players will automatically lose when time's up. (requested by FizzyEnzo)\n|inactive|FizzyEnzo has 60 seconds left.\nmura10900 rejected open team sheets.\n|\n|t:|1776197592\n|teamsize|p1|4\n|teamsize|p2|4\n|start\n|switch|p1a: Lucario|Lucario, L50, F|100/100\n|switch|p1b: Gengar|Gengar, L50, M|100/100\n|switch|p2a: Sneasler|Sneasler, L50, M|100/100\n|switch|p2b: Incineroar|Incineroar, L50, M|100/100\n|-ability|p2b: Incineroar|Intimidate|boost\n|-unboost|p1a: Lucario|atk|1\n|-unboost|p1b: Gengar|atk|1\n|turn|1\n|inactive|FizzyEnzo has 30 seconds left.\n|\n|t:|1776197624\n|switch|p1a: Incineroar|Incineroar, L50, M|100/100\n|-ability|p1a: Incineroar|Intimidate|boost\n|-unboost|p2a: Sneasler|atk|1\n|-unboost|p2b: Incineroar|atk|1\n|-enditem|p2a: Sneasler|White Herb\n|-clearnegativeboost|p2a: Sneasler|[silent]\n|move|p2a: Sneasler|Close Combat|p1a: Incineroar\n|-supereffective|p1a: Incineroar|1\n|-damage|p1a: Incineroar|1/100\n|-unboost|p2a: Sneasler|def|1\n|-unboost|p2a: Sneasler|spd|1\n|-enditem|p1a: Incineroar|Sitrus Berry|[eat]\n|-heal|p1a: Incineroar|26/100|[from] item: Sitrus Berry\n|move|p1b: Gengar|Will-O-Wisp|p2a: Sneasler\n|-status|p2a: Sneasler|brn\n|move|p2b: Incineroar|Parting Shot|p1b: Gengar\n|-unboost|p1b: Gengar|atk|1\n|-unboost|p1b: Gengar|spa|1\n|\n|t:|1776197641\n|switch|p2b: Froslass|Froslass, L50, F|100/100|[from] Parting Shot\n|\n|-damage|p2a: Sneasler|95/100 brn|[from] brn\n|upkeep\n|turn|2\n|\n|t:|1776197664\n|switch|p1a: Lucario|Lucario, L50, F|100/100\n|move|p2b: Froslass|Protect|p2b: Froslass\n|-singleturn|p2b: Froslass|Protect\n|move|p2a: Sneasler|Close Combat|p1a: Lucario\n|-immune|p1a: Lucario\n|move|p1b: Gengar|Shadow Ball|p2b: Froslass\n|-activate|p2b: Froslass|move: Protect\n|\n|-damage|p2a: Sneasler|89/100 brn|[from] brn\n|upkeep\n|turn|3\n|\n|t:|1776197681\n|switch|p2b: Incineroar|Incineroar, L50, M|100/100\n|-ability|p2b: Incineroar|Intimidate|boost\n|-unboost|p1a: Lucario|atk|1\n|-unboost|p1b: Gengar|atk|1\n|move|p2a: Sneasler|Dire Claw|p1a: Lucario\n|-resisted|p1a: Lucario|1\n|-damage|p1a: Lucario|78/100\n|-status|p1a: Lucario|slp\n|replace|p1a: Zoroark|Zoroark-Hisui, L50, M\n|-end|p1a: Zoroark|Illusion\n|cant|p1a: Zoroark|slp\n|move|p1b: Gengar|Shadow Ball|p2b: Incineroar\n|-resisted|p2b: Incineroar|1\n|-damage|p2b: Incineroar|90/100\n|\n|-damage|p2a: Sneasler|83/100 brn|[from] brn\n|upkeep\n|turn|4\n|c|\u2606mura10900|NAWH\n|c|\u2606FizzyEnzo|my king\n|inactive|mura10900 has 30 seconds left.\n|inactive|FizzyEnzo has 30 seconds left.\n|c|\u2606mura10900|rngesus took the wheel\n|inactive|mura10900 has 20 seconds left.\n|inactive|mura10900 has 15 seconds left.\n|\n|t:|1776197725\n|move|p2a: Sneasler|Acrobatics|p1a: Zoroark\n|-damage|p1a: Zoroark|35/100 slp\n|cant|p1a: Zoroark|slp\n|move|p1b: Gengar|Disable|p2a: Sneasler\n|-start|p2a: Sneasler|Disable|Acrobatics\n|move|p2b: Incineroar|Flare Blitz|p1b: Gengar\n|-damage|p1b: Gengar|0 fnt\n|faint|p1b: Gengar\n|-damage|p2b: Incineroar|67/100|[from] Recoil\n|\n|-damage|p2a: Sneasler|77/100 brn|[from] brn\n|upkeep\n|\n|t:|1776197737\n|switch|p1b: Lucario|Lucario, L50, F|100/100\n|turn|5\n|\n|t:|1776197747\n|detailschange|p1b: Lucario|Lucario-Mega, L50, F\n|-mega|p1b: Lucario|Lucario|Lucarionite\n|move|p2a: Sneasler|Close Combat|p1b: Lucario\n|-supereffective|p1b: Lucario|1\n|-damage|p1b: Lucario|14/100\n|-unboost|p2a: Sneasler|def|1\n|-unboost|p2a: Sneasler|spd|1\n|-curestatus|p1a: Zoroark|slp|[msg]\n|move|p1a: Zoroark|Hyper Voice|p2b: Incineroar|[spread] p2a,p2b\n|-damage|p2a: Sneasler|0 fnt\n|-damage|p2b: Incineroar|39/100\n|-enditem|p2b: Incineroar|Sitrus Berry|[eat]\n|-heal|p2b: Incineroar|63/100|[from] item: Sitrus Berry\n|faint|p2a: Sneasler\n|move|p1b: Lucario|Close Combat|p2b: Incineroar\n|-supereffective|p2b: Incineroar|1\n|-damage|p2b: Incineroar|0 fnt\n|-unboost|p1b: Lucario|def|1\n|-unboost|p1b: Lucario|spd|1\n|faint|p2b: Incineroar\n|\n|upkeep\n|c|\u2606mura10900|WOAH\n|\n|t:|1776197762\n|switch|p2a: Froslass|Froslass, L50, F|100/100\n|switch|p2b: Rotom|Rotom-Frost, L50|100/100\n|turn|6\n|c|\u2606mura10900|HALF DAMAGE CC\n|inactive|FizzyEnzo has 30 seconds left.\n|\n|t:|1776197793\n|switch|p1a: Incineroar|Incineroar, L50, M|26/100\n|-ability|p1a: Incineroar|Intimidate|boost\n|-unboost|p2a: Froslass|atk|1\n|-unboost|p2b: Rotom|atk|1\n|detailschange|p2a: Froslass|Froslass-Mega, L50, F\n|-mega|p2a: Froslass|Froslass|Froslassite\n|-weather|Snowscape|[from] ability: Snow Warning|[of] p2a: Froslass\n|move|p1b: Lucario|Detect|p1b: Lucario\n|-singleturn|p1b: Lucario|Protect\n|move|p2a: Froslass|Aurora Veil|p2a: Froslass\n|-sidestart|p2: FizzyEnzo|move: Aurora Veil\n|move|p2b: Rotom|Blizzard|p1b: Lucario|[spread] p1a\n|-activate|p1b: Lucario|move: Protect\n|-resisted|p1a: Incineroar|1\n|-damage|p1a: Incineroar|12/100\n|-status|p1a: Incineroar|frz\n|\n|-weather|Snowscape|[upkeep]\n|upkeep\n|turn|7\n|c|\u2606mura10900|WHAT\n|c|\u2606FizzyEnzo|I'm a lucky boy\n|c|\u2606mura10900|this is rigged\n|inactive|mura10900 has 30 seconds left.\n|\n|t:|1776197822\n|move|p1b: Lucario|Bullet Punch|p2a: Froslass\n|-supereffective|p2a: Froslass|1\n|-crit|p2a: Froslass\n|-damage|p2a: Froslass|0 fnt\n|faint|p2a: Froslass\n|move|p2b: Rotom|Blizzard|p1b: Lucario|[spread] p1a,p1b\n|-resisted|p1a: Incineroar|1\n|-resisted|p1b: Lucario|1\n|-damage|p1a: Incineroar|0 fnt\n|-damage|p1b: Lucario|0 fnt\n|faint|p1a: Incineroar\n|faint|p1b: Lucario\n|\n|-weather|Snowscape|[upkeep]\n|upkeep\n|c|\u2606FizzyEnzo|I AUGh\n|c|\u2606mura10900|i ddi not know that happened\n|c|\u2606mura10900|well ggs anyway\n|\n|t:|1776197838\n|switch|p1a: Zoroark|Zoroark-Hisui, L50, M|35/100\n|turn|8\n|c|\u2606FizzyEnzo|gg\n|\n|t:|1776197846\n|move|p1a: Zoroark|Hyper Voice|p2b: Rotom\n|-damage|p2b: Rotom|71/100\n|move|p2b: Rotom|Blizzard|p1a: Zoroark\n|-damage|p1a: Zoroark|0 fnt\n|faint|p1a: Zoroark\n|\n|win|FizzyEnzo\n|raw|mura10900's rating: 1046 &rarr; <strong>1028</strong><br />(-18 for losing)\n|raw|FizzyEnzo's rating: 1028 &rarr; <strong>1066</strong><br />(+38 for winning)\n|c|\u2606mura10900|crazy rngesus\n",
  "uploadtime": 1776197857,
  "views": 15,
  "formatid": "gen9championsvgc2026regma",
  "rating": 1028,
  "private": 0,
  "password": null
}