{
  "id": "gen9championsvgc2026regma-2583937823",
  "format": "[Gen 9 Champions] VGC 2026 Reg M-A",
  "players": [
    "XxStpYTxX",
    "frikyman"
  ],
  "log": "|j|\u2606XxStpYTxX\n|j|\u2606frikyman\n|t:|1776209941\n|gametype|doubles\n|player|p1|XxStpYTxX|169|1133\n|player|p2|frikyman|fisherman-gen4|1098\n|gen|9\n|tier|[Gen 9 Champions] VGC 2026 Reg M-A\n|rated|\n|rule|Species Clause: Limit one of each Pok\u00e9mon\n|rule|Item Clause: Limit 1 of each item\n|clearpoke\n|poke|p1|Meganium, L50, F|\n|poke|p1|Archaludon, L50, M|\n|poke|p1|Aerodactyl, L50, M|\n|poke|p1|Typhlosion-Hisui, L50, F|\n|poke|p1|Tauros-Paldea-Aqua, L50, M|\n|poke|p1|Kangaskhan, L50, F|\n|poke|p2|Starmie, L50|\n|poke|p2|Sneasler, L50, M|\n|poke|p2|Sinistcha, L50|\n|poke|p2|Kingambit, L50, M|\n|poke|p2|Dragonite, L50, M|\n|poke|p2|Pelipper, L50, F|\n|teampreview|4\n|\n|t:|1776209998\n|teamsize|p1|4\n|teamsize|p2|4\n|start\n|switch|p1a: Byrd V2|Aerodactyl, L50, M, shiny|100/100\n|switch|p1b: Dad|Tauros-Paldea-Aqua, L50, M, shiny|100/100\n|switch|p2a: Sneasler|Sneasler, L50, M|100/100\n|switch|p2b: Dragonite|Dragonite, L50, M|100/100\n|-ability|p1a: Byrd V2|Unnerve\n|-ability|p1b: Dad|Intimidate|boost\n|-unboost|p2a: Sneasler|atk|1\n|-fail|p2b: Dragonite|unboost|Attack|[from] ability: Inner Focus|[of] p2b: Dragonite\n|turn|1\n|\n|t:|1776210023\n|detailschange|p2b: Dragonite|Dragonite-Mega, L50, M\n|-mega|p2b: Dragonite|Dragonite|Dragoninite\n|move|p2a: Sneasler|Fake Out|p1a: Byrd V2\n|-resisted|p1a: Byrd V2|1\n|-damage|p1a: Byrd V2|93/100\n|cant|p1a: Byrd V2|flinch\n|move|p2b: Dragonite|Tailwind|p2b: Dragonite\n|-sidestart|p2: frikyman|move: Tailwind\n|move|p1b: Dad|Wave Crash|p2a: Sneasler\n|-damage|p2a: Sneasler|9/100\n|-damage|p1b: Dad|70/100|[from] Recoil\n|\n|upkeep\n|turn|2\n|j| zulf4ri\n|\n|t:|1776210060\n|switch|p2a: Kingambit|Kingambit, L50, M|100/100\n|move|p1b: Dad|Aqua Jet|p2a: Kingambit\n|-damage|p2a: Kingambit|85/100\n|move|p2b: Dragonite|Hurricane|p1b: Dad\n|-supereffective|p1b: Dad|1\n|-damage|p1b: Dad|0 fnt\n|faint|p1b: Dad\n|move|p1a: Byrd V2|Tailwind|p1a: Byrd V2\n|-sidestart|p1: XxStpYTxX|move: Tailwind\n|\n|upkeep\n|\n|t:|1776210073\n|switch|p1b: Mizi|Meganium, L50, F|100/100\n|turn|3\n|\n|t:|1776210083\n|detailschange|p1b: Mizi|Meganium-Mega, L50, F\n|-mega|p1b: Mizi|Meganium|Meganiumite\n|move|p1a: Byrd V2|Rock Slide|p2a: Kingambit|[spread] p2a,p2b\n|-resisted|p2a: Kingambit|1\n|-supereffective|p2b: Dragonite|1\n|-damage|p2a: Kingambit|75/100\n|-damage|p2b: Dragonite|79/100\n|move|p2b: Dragonite|Hurricane|p1b: Mizi|[miss]\n|-miss|p2b: Dragonite|p1b: Mizi\n|move|p1b: Mizi|Weather Ball|p2a: Kingambit\n|-supereffective|p2a: Kingambit|1\n|-damage|p2a: Kingambit|0 fnt\n|faint|p2a: Kingambit\n|\n|upkeep\n|l| zulf4ri\n|\n|t:|1776210099\n|switch|p2a: Sneasler|Sneasler, L50, M|9/100\n|turn|4\n|\n|t:|1776210122\n|move|p1a: Byrd V2|Protect|p1a: Byrd V2\n|-singleturn|p1a: Byrd V2|Protect\n|move|p1b: Mizi|Protect|p1b: Mizi\n|-singleturn|p1b: Mizi|Protect\n|move|p2a: Sneasler|Dire Claw|p1b: Mizi\n|-activate|p1b: Mizi|move: Protect\n|move|p2b: Dragonite|Hurricane|p1b: Mizi\n|-activate|p1b: Mizi|move: Protect\n|\n|-sideend|p2: frikyman|move: Tailwind\n|upkeep\n|turn|5\n|\n|t:|1776210136\n|switch|p2a: Sinistcha|Sinistcha, L50|100/100\n|-heal|p2b: Dragonite|100/100|[from] ability: Hospitality|[of] p2a: Sinistcha\n|move|p1a: Byrd V2|Rock Slide|p2b: Dragonite|[spread] p2a,p2b\n|-supereffective|p2b: Dragonite|1\n|-damage|p2a: Sinistcha|79/100\n|-damage|p2b: Dragonite|77/100\n|move|p1b: Mizi|Dazzling Gleam|p2b: Dragonite|[spread] p2a,p2b\n|-supereffective|p2b: Dragonite|1\n|-damage|p2a: Sinistcha|45/100\n|-damage|p2b: Dragonite|15/100\n|move|p2b: Dragonite|Tailwind|p2b: Dragonite\n|-sidestart|p2: frikyman|move: Tailwind\n|\n|-sideend|p1: XxStpYTxX|move: Tailwind\n|upkeep\n|turn|6\n|\n|t:|1776210158\n|move|p1b: Mizi|Protect|p1b: Mizi\n|-singleturn|p1b: Mizi|Protect\n|move|p2a: Sinistcha|Rage Powder|p2a: Sinistcha\n|-singleturn|p2a: Sinistcha|move: Rage Powder\n|move|p2b: Dragonite|Hurricane|p1b: Mizi\n|-activate|p1b: Mizi|move: Protect\n|move|p1a: Byrd V2|Dual Wingbeat|p2a: Sinistcha\n|-supereffective|p2a: Sinistcha|1\n|-damage|p2a: Sinistcha|13/100\n|-supereffective|p2a: Sinistcha|1\n|-damage|p2a: Sinistcha|0 fnt\n|faint|p2a: Sinistcha\n|-hitcount|p2: Sinistcha|2\n|\n|upkeep\n|\n|t:|1776210169\n|switch|p2a: Sneasler|Sneasler, L50, M|9/100\n|turn|7\n|\n|t:|1776210178\n|move|p1a: Byrd V2|Protect|p1a: Byrd V2\n|-singleturn|p1a: Byrd V2|Protect\n|move|p2a: Sneasler|Close Combat|p1a: Byrd V2\n|-activate|p1a: Byrd V2|move: Protect\n|move|p2b: Dragonite|Hurricane|p1b: Mizi\n|-supereffective|p1b: Mizi|1\n|-damage|p1b: Mizi|0 fnt\n|faint|p1b: Mizi\n|\n|upkeep\n|\n|t:|1776210186\n|switch|p1b: The Tower|Archaludon, L50, M|100/100\n|turn|8\n|\n|t:|1776210196\n|move|p1a: Byrd V2|Protect|p1a: Byrd V2\n|-singleturn|p1a: Byrd V2|Protect\n|move|p2a: Sneasler|Close Combat|p1b: The Tower\n|-supereffective|p1b: The Tower|1\n|-damage|p1b: The Tower|4/100\n|-unboost|p2a: Sneasler|def|1\n|-unboost|p2a: Sneasler|spd|1\n|move|p2b: Dragonite|Dragon Pulse|p1b: The Tower\n|-damage|p1b: The Tower|0 fnt\n|faint|p1b: The Tower\n|\n|-sideend|p2: frikyman|move: Tailwind\n|upkeep\n|turn|9\n|\n|t:|1776210215\n|move|p1a: Byrd V2|Rock Slide|p2b: Dragonite|[spread] p2a,p2b\n|-resisted|p2a: Sneasler|1\n|-supereffective|p2b: Dragonite|1\n|-damage|p2a: Sneasler|0 fnt\n|-damage|p2b: Dragonite|0 fnt\n|faint|p2a: Sneasler\n|faint|p2b: Dragonite\n|\n|win|XxStpYTxX\n|raw|XxStpYTxX's rating: 1133 &rarr; <strong>1155</strong><br />(+22 for winning)\n|raw|frikyman's rating: 1098 &rarr; <strong>1076</strong><br />(-22 for losing)\n|c|\u2606XxStpYTxX|Gg\n|l|\u2606frikyman\n|player|p2|\n",
  "uploadtime": 1776210229,
  "views": 12,
  "formatid": "gen9championsvgc2026regma",
  "rating": 1076,
  "private": 0,
  "password": null
}