{
  "id": "gen9championsvgc2026regma-2588119245",
  "format": "[Gen 9 Champions] VGC 2026 Reg M-A",
  "players": [
    "kari_0817",
    "gwonyul"
  ],
  "log": "|j|\u2606kari_0817\n|j|\u2606gwonyul\n|t:|1776606344\n|gametype|doubles\n|player|p1|kari_0817|265|\n|player|p2|gwonyul|102|\n|gen|9\n|tier|[Gen 9 Champions] VGC 2026 Reg M-A\n|rule|Species Clause: Limit one of each Pok\u00e9mon\n|rule|Item Clause: Limit 1 of each item\n|clearpoke\n|poke|p1|Basculegion, L50, M, shiny|\n|poke|p1|Dragonite, L50, F, shiny|\n|poke|p1|Archaludon, L50, F, shiny|\n|poke|p1|Pelipper, L50, M, shiny|\n|poke|p1|Floette-Eternal, L50, F|\n|poke|p1|Kingambit, L50, F, shiny|\n|poke|p2|Gardevoir, L50, F|\n|poke|p2|Empoleon, L50, M|\n|poke|p2|Lopunny, L50, F|\n|poke|p2|Garchomp, L50, M|\n|poke|p2|Alcremie, L50, F|\n|poke|p2|Alakazam, L50, M|\n|teampreview|4\n|\n|t:|1776606372\n|teamsize|p1|4\n|teamsize|p2|4\n|start\n|switch|p1a: Pelipper|Pelipper, L50, M, shiny|100/100\n|switch|p1b: Basculegion|Basculegion, L50, M, shiny|100/100\n|switch|p2a: Garchomp|Garchomp, L50, M|100/100\n|switch|p2b: Lopunny|Lopunny, L50, F|100/100\n|-weather|RainDance|[from] ability: Drizzle|[of] p1a: Pelipper\n|turn|1\n|\n|t:|1776606399\n|move|p2b: Lopunny|Protect|p2b: Lopunny\n|-singleturn|p2b: Lopunny|Protect\n|move|p1b: Basculegion|Flip Turn|p2a: Garchomp\n|-damage|p2a: Garchomp|54/100\n|-damage|p1b: Basculegion|88/100|[from] ability: Rough Skin|[of] p2a: Garchomp\n|\n|t:|1776606406\n|switch|p1b: Archaludon|Archaludon, L50, F, shiny|100/100|[from] Flip Turn\n|move|p2a: Garchomp|Earthquake|p1b: Archaludon|[spread] p1b\n|-activate|p2b: Lopunny|move: Protect\n|-immune|p1a: Pelipper\n|-supereffective|p1b: Archaludon|1\n|-damage|p1b: Archaludon|40/100\n|-ability|p1b: Archaludon|Stamina|boost\n|-boost|p1b: Archaludon|def|1\n|move|p1a: Pelipper|Tailwind|p1a: Pelipper\n|-sidestart|p1: kari_0817|move: Tailwind\n|\n|-weather|RainDance|[upkeep]\n|-heal|p1b: Archaludon|46/100|[from] item: Leftovers\n|upkeep\n|turn|2\n|\n|t:|1776606436\n|switch|p2b: Empoleon|Empoleon, L50, M|100/100\n|move|p1b: Archaludon|Protect|p1b: Archaludon\n|-singleturn|p1b: Archaludon|Protect\n|move|p1a: Pelipper|Hurricane|p2b: Empoleon\n|-resisted|p2b: Empoleon|1\n|-damage|p2b: Empoleon|84/100\n|move|p2a: Garchomp|Earthquake|p1b: Archaludon|[spread] p2b\n|-activate|p1b: Archaludon|move: Protect\n|-immune|p1a: Pelipper\n|-supereffective|p2b: Empoleon|1\n|-damage|p2b: Empoleon|10/100\n|\n|-weather|RainDance|[upkeep]\n|-heal|p1b: Archaludon|53/100|[from] item: Leftovers\n|upkeep\n|turn|3\n|\n|t:|1776606455\n|move|p1a: Pelipper|Wide Guard|p1a: Pelipper\n|-singleturn|p1a: Pelipper|Wide Guard\n|move|p1b: Archaludon|Electro Shot||[still]\n|-prepare|p1b: Archaludon|Electro Shot\n|-boost|p1b: Archaludon|spa|1\n|-anim|p1b: Archaludon|Electro Shot|p2b: Empoleon\n|-supereffective|p2b: Empoleon|1\n|-damage|p2b: Empoleon|0 fnt\n|faint|p2b: Empoleon\n|move|p2a: Garchomp|Earthquake|p1b: Archaludon|[spread] \n|-activate|p1a: Pelipper|move: Wide Guard\n|-activate|p1b: Archaludon|move: Wide Guard\n|\n|-weather|RainDance|[upkeep]\n|-heal|p1b: Archaludon|59/100|[from] item: Leftovers\n|upkeep\n|\n|t:|1776606462\n|switch|p2b: Lopunny|Lopunny, L50, F|100/100\n|turn|4\n|\n|t:|1776606472\n|switch|p2a: Alcremie|Alcremie, L50, F|100/100\n|move|p1b: Archaludon|Protect|p1b: Archaludon\n|-singleturn|p1b: Archaludon|Protect\n|move|p2b: Lopunny|Protect|p2b: Lopunny\n|-singleturn|p2b: Lopunny|Protect\n|move|p1a: Pelipper|Hurricane|p2b: Lopunny\n|-activate|p2b: Lopunny|move: Protect\n|\n|-weather|RainDance|[upkeep]\n|-heal|p1b: Archaludon|65/100|[from] item: Leftovers\n|-sideend|p1: kari_0817|move: Tailwind\n|upkeep\n|turn|5\n|\n|t:|1776606501\n|switch|p1b: Basculegion|Basculegion, L50, M, shiny|88/100\n|detailschange|p2b: Lopunny|Lopunny-Mega, L50, F\n|-mega|p2b: Lopunny|Lopunny|Lopunnite\n|move|p2b: Lopunny|High Jump Kick|p1b: Basculegion\n|-damage|p1b: Basculegion|0 fnt\n|faint|p1b: Basculegion\n|move|p1a: Pelipper|Tailwind|p1a: Pelipper\n|-sidestart|p1: kari_0817|move: Tailwind\n|move|p2a: Alcremie|Mystical Fire|p1a: Pelipper\n|-resisted|p1a: Pelipper|1\n|-damage|p1a: Pelipper|93/100\n|-unboost|p1a: Pelipper|spa|1\n|\n|-weather|none\n|upkeep\n|\n|t:|1776606521\n|switch|p1b: Archaludon|Archaludon, L50, F, shiny|65/100\n|turn|6\n|\n|t:|1776606552\n|switch|p1a: Dragonite|Dragonite, L50, F, shiny|100/100\n|move|p1b: Archaludon|Protect|p1b: Archaludon\n|-singleturn|p1b: Archaludon|Protect\n|move|p2b: Lopunny|Mega Kick|p1a: Dragonite|[miss]\n|-miss|p2b: Lopunny|p1a: Dragonite\n|move|p2a: Alcremie|Decorate|p2b: Lopunny\n|-boost|p2b: Lopunny|atk|2\n|-boost|p2b: Lopunny|spa|2\n|\n|-heal|p1b: Archaludon|71/100|[from] item: Leftovers\n|upkeep\n|turn|7\n|\n|t:|1776606571\n|switch|p1b: Pelipper|Pelipper, L50, M, shiny|93/100\n|-weather|RainDance|[from] ability: Drizzle|[of] p1b: Pelipper\n|detailschange|p1a: Dragonite|Dragonite-Mega, L50, F, shiny\n|-mega|p1a: Dragonite|Dragonite|Dragoninite\n|move|p1a: Dragonite|Hurricane|p2b: Lopunny\n|-supereffective|p2b: Lopunny|1\n|-damage|p2b: Lopunny|0 fnt\n|faint|p2b: Lopunny\n|move|p2a: Alcremie|Endeavor|p1a: Dragonite\n|-immune|p1a: Dragonite\n|\n|-weather|RainDance|[upkeep]\n|upkeep\n|\n|t:|1776606578\n|switch|p2b: Garchomp|Garchomp, L50, M|54/100\n|turn|8\n|\n|t:|1776606597\n|move|p1a: Dragonite|Hurricane|p2a: Alcremie\n|-damage|p2a: Alcremie|58/100\n|-start|p2a: Alcremie|confusion\n|move|p1b: Pelipper|Weather Ball|p2b: Garchomp\n|-damage|p2b: Garchomp|0 fnt\n|faint|p2b: Garchomp\n|-activate|p2a: Alcremie|confusion\n|move|p2a: Alcremie|Mystical Fire|p1a: Dragonite\n|-resisted|p1a: Dragonite|1\n|-crit|p1a: Dragonite\n|-damage|p1a: Dragonite|98/100\n|-unboost|p1a: Dragonite|spa|1\n|\n|-weather|RainDance|[upkeep]\n|-sideend|p1: kari_0817|move: Tailwind\n|upkeep\n|turn|9\n|\n|t:|1776606612\n|move|p1a: Dragonite|Hurricane|p2a: Alcremie\n|-damage|p2a: Alcremie|28/100\n|move|p1b: Pelipper|Weather Ball|p2a: Alcremie\n|-damage|p2a: Alcremie|0 fnt\n|faint|p2a: Alcremie\n|\n|win|kari_0817\n",
  "uploadtime": 1776606613,
  "views": 5,
  "formatid": "gen9championsvgc2026regma",
  "rating": null,
  "private": 0,
  "password": null
}