{
  "id": "gen9championsvgc2026regma-2588032095",
  "format": "[Gen 9 Champions] VGC 2026 Reg M-A",
  "players": [
    "chihftkf",
    "Vizaco72"
  ],
  "log": "|j|\u2606chihftkf\n|j|\u2606Vizaco72\n|t:|1776595599\n|gametype|doubles\n|player|p1|chihftkf|266|1000\n|player|p2|Vizaco72|swimmer-gen4|1094\n|gen|9\n|tier|[Gen 9 Champions] VGC 2026 Reg M-A\n|rated|\n|rule|Species Clause: Limit one of each Pok\u00e9mon\n|rule|Item Clause: Limit 1 of each item\n|clearpoke\n|poke|p1|Aggron, L50, M|\n|poke|p1|Pelipper, L50, F, shiny|\n|poke|p1|Farigiraf, L50, M|\n|poke|p1|Sylveon, L50, M, shiny|\n|poke|p1|Tauros-Paldea-Aqua, L50, M|\n|poke|p1|Golurk, L50|\n|poke|p2|Gengar, L50, M|\n|poke|p2|Garchomp, L50, F|\n|poke|p2|Incineroar, L50, F|\n|poke|p2|Sinistcha, L50|\n|poke|p2|Primarina, L50, M|\n|poke|p2|Corviknight, L50, M|\n|teampreview|4\n|inactive|Battle timer is ON: inactive players will automatically lose when time's up. (requested by Vizaco72)\n|inactive|chihftkf has 60 seconds left.\n|inactive|Vizaco72 has 60 seconds left.\n|inactive|chihftkf has 30 seconds left.\n|inactive|chihftkf has 20 seconds left.\n|\n|t:|1776595674\n|teamsize|p1|4\n|teamsize|p2|4\n|start\n|switch|p1a: Aggron|Aggron, L50, M|100/100\n|switch|p1b: Pelipper|Pelipper, L50, F, shiny|100/100\n|switch|p2a: Garchomp|Garchomp, L50, F|100/100\n|switch|p2b: Sinistcha|Sinistcha, L50|100/100\n|-weather|RainDance|[from] ability: Drizzle|[of] p1b: Pelipper\n|turn|1\n|inactive|chihftkf has 30 seconds left.\n|inactive|Vizaco72 has 30 seconds left.\n|\n|t:|1776595702\n|switch|p2b: Corviknight|Corviknight, L50, M|100/100\n|detailschange|p1a: Aggron|Aggron-Mega, L50, M\n|-mega|p1a: Aggron|Aggron|Aggronite\n|move|p1b: Pelipper|Wide Guard|p1b: Pelipper\n|-singleturn|p1b: Pelipper|Wide Guard\n|move|p2a: Garchomp|Rock Slide|p1a: Aggron|[spread] \n|-activate|p1a: Aggron|move: Wide Guard\n|-activate|p1b: Pelipper|move: Wide Guard\n|move|p1a: Aggron|Heavy Slam|p2b: Corviknight\n|-resisted|p2b: Corviknight|1\n|-damage|p2b: Corviknight|81/100\n|\n|-weather|RainDance|[upkeep]\n|upkeep\n|turn|2\n|\n|t:|1776595726\n|move|p2a: Garchomp|Rock Slide|p1a: Aggron|[spread] p1a,p1b\n|-resisted|p1a: Aggron|1\n|-supereffective|p1b: Pelipper|1\n|-damage|p1a: Aggron|97/100\n|-damage|p1b: Pelipper|46/100\n|move|p1b: Pelipper|Weather Ball|p2b: Corviknight\n|-damage|p2b: Corviknight|6/100\n|move|p2b: Corviknight|Body Press|p1a: Aggron\n|-supereffective|p1a: Aggron|1\n|-damage|p1a: Aggron|79/100\n|move|p1a: Aggron|Body Press|p2b: Corviknight\n|-damage|p2b: Corviknight|0 fnt\n|faint|p2b: Corviknight\n|\n|-weather|RainDance|[upkeep]\n|upkeep\n|\n|t:|1776595740\n|switch|p2b: Gengar|Gengar, L50, M|100/100\n|turn|3\n|\n|t:|1776595761\n|detailschange|p2b: Gengar|Gengar-Mega, L50, M\n|-mega|p2b: Gengar|Gengar|Gengarite\n|move|p1b: Pelipper|Wide Guard|p1b: Pelipper\n|-singleturn|p1b: Pelipper|Wide Guard\n|move|p2b: Gengar|Shadow Ball|p1a: Aggron\n|-damage|p1a: Aggron|19/100\n|move|p2a: Garchomp|Dragon Claw|p1b: Pelipper\n|-damage|p1b: Pelipper|0 fnt\n|faint|p1b: Pelipper\n|move|p1a: Aggron|Heavy Slam|p2b: Gengar\n|-damage|p2b: Gengar|0 fnt\n|faint|p2b: Gengar\n|\n|-weather|RainDance|[upkeep]\n|upkeep\n|inactive|chihftkf has 30 seconds left.\n|\n|t:|1776595793\n|switch|p2b: Sinistcha|Sinistcha, L50|100/100\n|switch|p1b: Sylveon|Sylveon, L50, M, shiny|100/100\n|turn|4\n|\n|t:|1776595809\n|move|p1a: Aggron|Protect|p1a: Aggron\n|-singleturn|p1a: Aggron|Protect\n|move|p2a: Garchomp|Earthquake|p1b: Sylveon|[spread] p2b,p1b\n|-activate|p1a: Aggron|move: Protect\n|-resisted|p2b: Sinistcha|1\n|-damage|p2b: Sinistcha|85/100\n|-damage|p1b: Sylveon|49/100\n|move|p2b: Sinistcha|Matcha Gotcha|p1b: Sylveon|[spread] p1b\n|-activate|p1a: Aggron|move: Protect\n|-damage|p1b: Sylveon|32/100\n|-heal|p2b: Sinistcha|94/100|[from] drain|[of] p1b: Sylveon\n|move|p1b: Sylveon|Hyper Voice|p2a: Garchomp|[spread] p2a,p2b\n|-supereffective|p2a: Garchomp|1\n|-enditem|p2a: Garchomp|Focus Sash\n|-damage|p2a: Garchomp|1/100\n|-damage|p2b: Sinistcha|39/100\n|\n|-weather|RainDance|[upkeep]\n|-heal|p2b: Sinistcha|45/100|[from] item: Leftovers\n|upkeep\n|turn|5\n|\n|t:|1776595832\n|move|p1b: Sylveon|Quick Attack|p2a: Garchomp\n|-supereffective|p2a: Garchomp|1\n|-damage|p2a: Garchomp|0 fnt\n|-damage|p1b: Sylveon|20/100|[from] ability: Rough Skin|[of] p2a: Garchomp\n|faint|p2a: Garchomp\n|move|p2b: Sinistcha|Matcha Gotcha|p1b: Sylveon|[spread] p1b\n|-miss|p2b: Sinistcha|p1a: Aggron\n|-damage|p1b: Sylveon|3/100\n|-heal|p2b: Sinistcha|54/100|[from] drain|[of] p1b: Sylveon\n|move|p1a: Aggron|Heavy Slam|p2b: Sinistcha\n|-damage|p2b: Sinistcha|0 fnt\n|faint|p2b: Sinistcha\n|\n|win|chihftkf\n|raw|chihftkf's rating: 1000 &rarr; <strong>1051</strong><br />(+51 for winning)\n|raw|Vizaco72's rating: 1094 &rarr; <strong>1064</strong><br />(-30 for losing)\n|l|\u2606Vizaco72\n|player|p2|\n",
  "uploadtime": 1776595848,
  "views": 18,
  "formatid": "gen9championsvgc2026regma",
  "rating": 1051,
  "private": 0,
  "password": null
}