{
  "id": "gen9championsvgc2026regma-2584692433",
  "format": "[Gen 9 Champions] VGC 2026 Reg M-A",
  "players": [
    "jacinthespuppy",
    "BIG MAN PRINGLE!!!"
  ],
  "log": "|j|\u2606jacinthespuppy\n|j|\u2606BIG MAN PRINGLE!!!\n|t:|1776277149\n|gametype|doubles\n|player|p1|jacinthespuppy|dawn-gen4pt|1343\n|player|p2|BIG MAN PRINGLE!!!|steven|1425\n|gen|9\n|tier|[Gen 9 Champions] VGC 2026 Reg M-A\n|rated|\n|rule|Species Clause: Limit one of each Pok\u00e9mon\n|rule|Item Clause: Limit 1 of each item\n|clearpoke\n|poke|p1|Tyranitar, L50, F|\n|poke|p1|Excadrill, L50, M|\n|poke|p1|Dragapult, L50, M|\n|poke|p1|Rotom-Heat, L50|\n|poke|p1|Sinistcha, L50|\n|poke|p1|Basculegion, L50, M|\n|poke|p2|Floette-Eternal, L50, F|\n|poke|p2|Incineroar, L50, F|\n|poke|p2|Basculegion, L50, M|\n|poke|p2|Sinistcha, L50|\n|poke|p2|Aerodactyl, L50, M|\n|poke|p2|Sneasler, L50, M|\n|teampreview|4\n|inactive|Battle timer is ON: inactive players will automatically lose when time's up. (requested by jacinthespuppy)\n|inactive|jacinthespuppy has 60 seconds left.\n|\n|t:|1776277186\n|teamsize|p1|4\n|teamsize|p2|4\n|start\n|switch|p1a: big boss|Tyranitar, L50, F|100/100\n|switch|p1b: austrian painter|Basculegion, L50, M, shiny|100/100\n|switch|p2a: Aerodactyl|Aerodactyl, L50, M|100/100\n|switch|p2b: Basculegion|Basculegion, L50, M|100/100\n|-ability|p2a: Aerodactyl|Unnerve\n|-weather|Sandstorm|[from] ability: Sand Stream|[of] p1a: big boss\n|turn|1\n|\n|t:|1776277202\n|switch|p2b: Incineroar|Incineroar, L50, F|100/100\n|-ability|p2b: Incineroar|Intimidate|boost\n|-unboost|p1a: big boss|atk|1\n|-unboost|p1b: austrian painter|atk|1\n|move|p1a: big boss|Protect|p1a: big boss\n|-singleturn|p1a: big boss|Protect\n|move|p1b: austrian painter|Flip Turn|p2a: Aerodactyl\n|-supereffective|p2a: Aerodactyl|1\n|-damage|p2a: Aerodactyl|22/100\n|\n|t:|1776277217\n|switch|p1b: vomit|Sinistcha, L50|100/100|[from] Flip Turn\n|move|p2a: Aerodactyl|Tailwind|p2a: Aerodactyl\n|-sidestart|p2: BIG MAN PRINGLE!!!|move: Tailwind\n|\n|-weather|Sandstorm|[upkeep]\n|-damage|p2b: Incineroar|95/100|[from] Sandstorm\n|-damage|p1b: vomit|95/100|[from] Sandstorm\n|upkeep\n|turn|2\n|\n|t:|1776277226\n|switch|p1a: austrian painter|Basculegion, L50, M, shiny|100/100\n|move|p2b: Incineroar|Fake Out|p1a: austrian painter\n|-immune|p1a: austrian painter\n|move|p2a: Aerodactyl|Dual Wingbeat|p1b: vomit\n|-supereffective|p1b: vomit|1\n|-damage|p1b: vomit|66/100\n|-supereffective|p1b: vomit|1\n|-damage|p1b: vomit|37/100\n|-hitcount|p1b: vomit|2\n|move|p1b: vomit|Matcha Gotcha|p2a: Aerodactyl|[spread] p2a,p2b\n|-resisted|p2b: Incineroar|1\n|-damage|p2a: Aerodactyl|0 fnt\n|-heal|p1b: vomit|46/100|[from] drain|[of] p2a: Aerodactyl\n|-damage|p2b: Incineroar|86/100\n|-heal|p1b: vomit|52/100|[from] drain|[of] p2b: Incineroar\n|faint|p2a: Aerodactyl\n|\n|-weather|Sandstorm|[upkeep]\n|-damage|p1a: austrian painter|94/100|[from] Sandstorm\n|-damage|p2b: Incineroar|80/100|[from] Sandstorm\n|-damage|p1b: vomit|46/100|[from] Sandstorm\n|-enditem|p1b: vomit|Sitrus Berry|[eat]\n|-heal|p1b: vomit|71/100|[from] item: Sitrus Berry\n|upkeep\n|inactive|BIG MAN PRINGLE!!! has 30 seconds left.\n|\n|t:|1776277258\n|switch|p2a: Basculegion|Basculegion, L50, M|100/100\n|turn|3\n|\n|t:|1776277282\n|move|p1b: vomit|Rage Powder|p1b: vomit\n|-singleturn|p1b: vomit|move: Rage Powder\n|move|p2a: Basculegion|Last Respects|p1b: vomit\n|-supereffective|p1b: vomit|1\n|-damage|p1b: vomit|0 fnt\n|faint|p1b: vomit\n|move|p1a: austrian painter|Last Respects|p2a: Basculegion\n|-supereffective|p2a: Basculegion|1\n|-damage|p2a: Basculegion|0 fnt\n|faint|p2a: Basculegion\n|move|p2b: Incineroar|Throat Chop|p1a: austrian painter\n|-supereffective|p1a: austrian painter|1\n|-damage|p1a: austrian painter|11/100\n|-start|p1a: austrian painter|Throat Chop|[silent]\n|\n|-weather|Sandstorm|[upkeep]\n|-damage|p1a: austrian painter|5/100|[from] Sandstorm\n|-damage|p2b: Incineroar|74/100|[from] Sandstorm\n|upkeep\n|\n|t:|1776277296\n|switch|p2a: Floette|Floette-Eternal, L50, F|100/100\n|switch|p1b: resetti|Excadrill, L50, M|100/100\n|turn|4\n|\n|t:|1776277311\n|detailschange|p2a: Floette|Floette-Mega, L50, F\n|-mega|p2a: Floette|Floette|Floettite\n|-ability|p2a: Floette|Fairy Aura\n|move|p1b: resetti|Protect|p1b: resetti\n|-singleturn|p1b: resetti|Protect\n|move|p2a: Floette|Protect|p2a: Floette\n|-singleturn|p2a: Floette|Protect\n|move|p1a: austrian painter|Last Respects|p2a: Floette\n|-activate|p2a: Floette|move: Protect\n|move|p2b: Incineroar|Flare Blitz|p1b: resetti\n|-activate|p1b: resetti|move: Protect\n|\n|-weather|Sandstorm|[upkeep]\n|-damage|p2a: Floette|94/100|[from] Sandstorm\n|-damage|p1a: austrian painter|0 fnt|[from] Sandstorm\n|-damage|p2b: Incineroar|68/100|[from] Sandstorm\n|faint|p1a: austrian painter\n|-sideend|p2: BIG MAN PRINGLE!!!|move: Tailwind\n|upkeep\n|\n|t:|1776277325\n|switch|p1a: big boss|Tyranitar, L50, F|100/100\n|turn|5\n|\n|t:|1776277330\n|move|p2a: Floette|Protect|p2a: Floette\n|-singleturn|p2a: Floette|Protect\n|move|p1a: big boss|Protect|p1a: big boss\n|-singleturn|p1a: big boss|Protect\n|move|p1b: resetti|Iron Head|p2a: Floette\n|-activate|p2a: Floette|move: Protect\n|move|p2b: Incineroar|Flare Blitz|p1b: resetti\n|-supereffective|p1b: resetti|1\n|-enditem|p1b: resetti|Focus Sash\n|-damage|p1b: resetti|1/100\n|-status|p1b: resetti|brn\n|-damage|p2b: Incineroar|38/100|[from] Recoil\n|-enditem|p2b: Incineroar|Sitrus Berry|[eat]\n|-heal|p2b: Incineroar|62/100|[from] item: Sitrus Berry\n|\n|-weather|none\n|-damage|p1b: resetti|0 fnt|[from] brn\n|faint|p1b: resetti\n|upkeep\n|turn|6\n|\n|t:|1776277349\n|detailschange|p1a: big boss|Tyranitar-Mega, L50, F\n|-mega|p1a: big boss|Tyranitar|Tyranitarite\n|-weather|Sandstorm|[from] ability: Sand Stream|[of] p1a: big boss\n|move|p2a: Floette|Moonblast|p1a: big boss\n|-supereffective|p1a: big boss|1\n|-damage|p1a: big boss|15/100\n|move|p1a: big boss|Rock Slide|p2b: Incineroar|[spread] p2a,p2b\n|-supereffective|p2b: Incineroar|1\n|-damage|p2a: Floette|54/100\n|-damage|p2b: Incineroar|3/100\n|move|p2b: Incineroar|Flare Blitz|p1a: big boss\n|-resisted|p1a: big boss|1\n|-damage|p1a: big boss|1/100\n|-damage|p2b: Incineroar|0 fnt|[from] Recoil\n|faint|p2b: Incineroar\n|\n|-weather|Sandstorm|[upkeep]\n|-damage|p2a: Floette|48/100|[from] Sandstorm\n|upkeep\n|turn|7\n|c|\u2606jacinthespuppy|10%\n|c|\u2606jacinthespuppy|we cant be srs\n|\n|t:|1776277368\n|move|p1a: big boss|Protect|p1a: big boss\n|-singleturn|p1a: big boss|Protect\n|move|p2a: Floette|Moonblast|p1a: big boss\n|-activate|p1a: big boss|move: Protect\n|\n|-weather|Sandstorm|[upkeep]\n|-damage|p2a: Floette|42/100|[from] Sandstorm\n|upkeep\n|turn|8\n|\n|t:|1776277376\n|move|p2a: Floette|Moonblast|p1a: big boss\n|-supereffective|p1a: big boss|1\n|-damage|p1a: big boss|0 fnt\n|faint|p1a: big boss\n|\n|win|BIG MAN PRINGLE!!!\n|raw|jacinthespuppy's rating: 1343 &rarr; <strong>1328</strong><br />(-15 for losing)\n|raw|BIG MAN PRINGLE!!!'s rating: 1425 &rarr; <strong>1440</strong><br />(+15 for winning)\n|c|\u2606jacinthespuppy|ultima luck\n|l|\u2606jacinthespuppy\n|player|p1|\n",
  "uploadtime": 1776277392,
  "views": 31,
  "formatid": "gen9championsvgc2026regma",
  "rating": 1328,
  "private": 0,
  "password": null
}