{
  "id": "gen9championsvgc2026regma-2586202954",
  "format": "[Gen 9 Champions] VGC 2026 Reg M-A",
  "players": [
    "Maxti077",
    "GodofSOHAI"
  ],
  "log": "|j|\u2606Maxti077\n|j|\u2606GodofSOHAI\n|t:|1776411916\n|gametype|doubles\n|player|p1|Maxti077|102|1129\n|player|p2|GodofSOHAI|266|1188\n|gen|9\n|tier|[Gen 9 Champions] VGC 2026 Reg M-A\n|rated|\n|rule|Species Clause: Limit one of each Pok\u00e9mon\n|rule|Item Clause: Limit 1 of each item\n|clearpoke\n|poke|p1|Delphox, L50, F|\n|poke|p1|Basculegion, L50, M|\n|poke|p1|Clefable, L50, F|\n|poke|p1|Kingambit, L50, M|\n|poke|p1|Dragonite, L50, M|\n|poke|p1|Sneasler, L50, M|\n|poke|p2|Garchomp, L50, F|\n|poke|p2|Froslass, L50, F|\n|poke|p2|Milotic, L50, F|\n|poke|p2|Aerodactyl, L50, F|\n|poke|p2|Aegislash, L50, M|\n|poke|p2|Kingambit, L50, F|\n|teampreview|4\n|inactive|Battle timer is ON: inactive players will automatically lose when time's up. (requested by GodofSOHAI)\n|\n|t:|1776411929\n|teamsize|p1|4\n|teamsize|p2|4\n|start\n|switch|p1a: Basculegion|Basculegion, L50, M|100/100\n|switch|p1b: Sneasler|Sneasler, L50, M|100/100\n|switch|p2a: Aerodactyl|Aerodactyl, L50, F|100/100\n|switch|p2b: Aegislash|Aegislash, L50, M|100/100\n|-ability|p2a: Aerodactyl|Unnerve\n|turn|1\n|\n|t:|1776411947\n|move|p1b: Sneasler|Fake Out|p2a: Aerodactyl\n|-resisted|p2a: Aerodactyl|1\n|-damage|p2a: Aerodactyl|90/100\n|move|p1a: Basculegion|Flip Turn|p2a: Aerodactyl\n|-supereffective|p2a: Aerodactyl|1\n|-damage|p2a: Aerodactyl|0 fnt\n|faint|p2a: Aerodactyl\n|\n|t:|1776411955\n|switch|p1a: Delphox|Delphox, L50, F|100/100|[from] Flip Turn\n|-formechange|p2b: Aegislash|Aegislash-Blade|\n|move|p2b: Aegislash|Poltergeist|p1a: Delphox\n|-activate|p1a: Delphox|move: Poltergeist|Delphoxite\n|-supereffective|p1a: Delphox|1\n|-damage|p1a: Delphox|0 fnt\n|faint|p1a: Delphox\n|\n|upkeep\n|\n|t:|1776411968\n|switch|p2a: Milotic|Milotic, L50, F|100/100\n|switch|p1a: Clefable|Clefable, L50, F|100/100\n|turn|2\n|\n|t:|1776411981\n|move|p1a: Clefable|Helping Hand|p1b: Sneasler\n|-singleturn|p1b: Sneasler|Helping Hand|[of] p1a: Clefable\n|move|p1b: Sneasler|Close Combat|p2a: Milotic\n|-damage|p2a: Milotic|32/100\n|-unboost|p1b: Sneasler|def|1\n|-unboost|p1b: Sneasler|spd|1\n|move|p2a: Milotic|Coil|p2a: Milotic\n|-boost|p2a: Milotic|atk|1\n|-boost|p2a: Milotic|def|1\n|-boost|p2a: Milotic|accuracy|1\n|move|p2b: Aegislash|Poltergeist|p1b: Sneasler\n|-activate|p1b: Sneasler|move: Poltergeist|Focus Sash\n|-enditem|p1b: Sneasler|Focus Sash\n|-damage|p1b: Sneasler|1/100\n|\n|-heal|p2a: Milotic|38/100|[from] item: Leftovers\n|upkeep\n|turn|3\n|\n|t:|1776412004\n|move|p1a: Clefable|Follow Me|p1a: Clefable\n|-singleturn|p1a: Clefable|move: Follow Me\n|move|p2b: Aegislash|Shadow Sneak|p1a: Clefable\n|-damage|p1a: Clefable|80/100\n|move|p1b: Sneasler|Close Combat|p2a: Milotic\n|-damage|p2a: Milotic|5/100\n|-unboost|p1b: Sneasler|def|1\n|-unboost|p1b: Sneasler|spd|1\n|move|p2a: Milotic|Recover|p2a: Milotic\n|-heal|p2a: Milotic|55/100\n|\n|-heal|p2a: Milotic|61/100|[from] item: Leftovers\n|upkeep\n|turn|4\n|\n|t:|1776412028\n|switch|p1b: Basculegion|Basculegion, L50, M|100/100\n|move|p1a: Clefable|Follow Me|p1a: Clefable\n|-singleturn|p1a: Clefable|move: Follow Me\n|move|p2a: Milotic|Recover|p2a: Milotic\n|-heal|p2a: Milotic|100/100\n|move|p2b: Aegislash|Poltergeist|p1a: Clefable\n|-activate|p1a: Clefable|move: Poltergeist|Sitrus Berry\n|-damage|p1a: Clefable|20/100\n|-enditem|p1a: Clefable|Sitrus Berry|[eat]\n|-heal|p1a: Clefable|45/100|[from] item: Sitrus Berry\n|\n|upkeep\n|turn|5\n|\n|t:|1776412051\n|switch|p2b: Kingambit|Kingambit, L50, F|100/100\n|move|p1a: Clefable|Follow Me|p1a: Clefable\n|-singleturn|p1a: Clefable|move: Follow Me\n|move|p1b: Basculegion|Last Respects|p2a: Milotic\n|-damage|p2a: Milotic|67/100\n|move|p2a: Milotic|Coil|p2a: Milotic\n|-boost|p2a: Milotic|atk|1\n|-boost|p2a: Milotic|def|1\n|-boost|p2a: Milotic|accuracy|1\n|\n|-heal|p2a: Milotic|73/100|[from] item: Leftovers\n|upkeep\n|turn|6\n|-message|Maxti077 forfeited.\n|\n|win|GodofSOHAI\n|raw|Maxti077's rating: 1129 &rarr; <strong>1108</strong><br />(-21 for losing)\n|raw|GodofSOHAI's rating: 1188 &rarr; <strong>1209</strong><br />(+21 for winning)\n|l|\u2606Maxti077\n|player|p1|\n",
  "uploadtime": 1776412109,
  "views": 21,
  "formatid": "gen9championsvgc2026regma",
  "rating": 1108,
  "private": 0,
  "password": null
}