{
  "id": "gen9championsvgc2026regma-2581241364",
  "format": "[Gen 9 Champions] VGC 2026 Reg M-A",
  "players": [
    "Okari958",
    "mdamudamudamudamu"
  ],
  "log": "|j|\u2606Okari958\n|j|\u2606mdamudamudamudamu\n|t:|1775975105\n|gametype|doubles\n|player|p1|Okari958|266|1062\n|player|p2|mdamudamudamudamu|2|1061\n|gen|9\n|tier|[Gen 9 Champions] VGC 2026 Reg M-A\n|rated|\n|rule|Species Clause: Limit one of each Pok\u00e9mon\n|rule|Item Clause: Limit 1 of each item\n|clearpoke\n|poke|p1|Politoed, L50, F|\n|poke|p1|Sinistcha, L50|\n|poke|p1|Meganium, L50, M|\n|poke|p1|Incineroar, L50, F|\n|poke|p1|Basculegion, L50, M|\n|poke|p1|Gengar, L50, M|\n|poke|p2|Farigiraf, L50, F|\n|poke|p2|Basculegion, L50, M|\n|poke|p2|Camerupt, L50, F|\n|poke|p2|Crabominable, L50, F|\n|poke|p2|Kangaskhan, L50, F|\n|poke|p2|Medicham, L50, F|\n|teampreview|4\n|inactive|Battle timer is ON: inactive players will automatically lose when time's up. (requested by mdamudamudamudamu)\n|\n|t:|1775975129\n|teamsize|p1|4\n|teamsize|p2|4\n|start\n|switch|p1a: Meganium|Meganium, L50, M|100/100\n|switch|p1b: Incineroar|Incineroar, L50, F|100/100\n|switch|p2a: Farigiraf|Farigiraf, L50, F|100/100\n|switch|p2b: Kangaskhan|Kangaskhan, L50, F|100/100\n|-ability|p1b: Incineroar|Intimidate|boost\n|-unboost|p2a: Farigiraf|atk|1\n|-fail|p2b: Kangaskhan|unboost|Attack|[from] ability: Inner Focus|[of] p2b: Kangaskhan\n|turn|1\n|inactive|Okari958 has 30 seconds left.\n|inactive|Okari958 has 20 seconds left.\n|\n|t:|1775975167\n|detailschange|p1a: Meganium|Meganium-Mega, L50, M\n|-mega|p1a: Meganium|Meganium|Meganiumite\n|move|p2b: Kangaskhan|Fake Out|p1b: Incineroar\n|-damage|p1b: Incineroar|87/100\n|move|p1a: Meganium|Energy Ball|p2b: Kangaskhan\n|-damage|p2b: Kangaskhan|47/100\n|cant|p1b: Incineroar|flinch\n|move|p2a: Farigiraf|Trick Room|p2a: Farigiraf\n|-fieldstart|move: Trick Room|[of] p2a: Farigiraf\n|\n|upkeep\n|turn|2\n|inactive|mdamudamudamudamu has 30 seconds left.\n|inactive|mdamudamudamudamu has 20 seconds left.\n|\n|t:|1775975205\n|move|p2a: Farigiraf|Protect|p2a: Farigiraf\n|-singleturn|p2a: Farigiraf|Protect\n|move|p1b: Incineroar|Darkest Lariat|p2a: Farigiraf\n|-activate|p2a: Farigiraf|move: Protect\n|move|p1a: Meganium|Energy Ball|p2b: Kangaskhan\n|-damage|p2b: Kangaskhan|0 fnt\n|faint|p2b: Kangaskhan\n|\n|upkeep\n|\n|t:|1775975216\n|switch|p2b: Crabominable|Crabominable, L50, F|100/100\n|turn|3\n|\n|t:|1775975230\n|detailschange|p2b: Crabominable|Crabominable-Mega, L50, F\n|-mega|p2b: Crabominable|Crabominable|Crabominite\n|move|p2b: Crabominable|Ice Hammer|p1a: Meganium\n|-supereffective|p1a: Meganium|1\n|-damage|p1a: Meganium|0 fnt\n|-unboost|p2b: Crabominable|spe|1\n|faint|p1a: Meganium\n|move|p2a: Farigiraf|Hyper Voice|p1b: Incineroar\n|-damage|p1b: Incineroar|54/100\n|move|p1b: Incineroar|Will-O-Wisp|p2b: Crabominable\n|-status|p2b: Crabominable|brn\n|\n|-damage|p2b: Crabominable|95/100 brn|[from] brn\n|upkeep\n|\n|t:|1775975248\n|switch|p1a: Basculegion|Basculegion, L50, M|100/100\n|turn|4\n|\n|t:|1775975261\n|move|p2b: Crabominable|Knock Off|p1a: Basculegion\n|-supereffective|p1a: Basculegion|1\n|-damage|p1a: Basculegion|47/100\n|-enditem|p1a: Basculegion|Mystic Water|[from] move: Knock Off|[of] p2b: Crabominable\n|move|p2a: Farigiraf|Hyper Voice|p1a: Basculegion|[spread] p1b\n|-immune|p1a: Basculegion\n|-damage|p1b: Incineroar|32/100\n|move|p1b: Incineroar|Darkest Lariat|p2a: Farigiraf\n|-supereffective|p2a: Farigiraf|1\n|-damage|p2a: Farigiraf|53/100\n|move|p1a: Basculegion|Wave Crash|p2b: Crabominable\n|-crit|p2b: Crabominable\n|-damage|p2b: Crabominable|34/100 brn\n|-damage|p1a: Basculegion|26/100|[from] Recoil\n|\n|-damage|p2b: Crabominable|28/100 brn|[from] brn\n|upkeep\n|turn|5\n|\n|t:|1775975284\n|switch|p1b: Politoed|Politoed, L50, F|100/100\n|-weather|RainDance|[from] ability: Drizzle|[of] p1b: Politoed\n|move|p1a: Basculegion|Aqua Jet||[still]\n|cant|p2a: Farigiraf|ability: Armor Tail|Aqua Jet|[of] p1a: Basculegion\n|move|p2b: Crabominable|Drain Punch|p1b: Politoed\n|-damage|p1b: Politoed|74/100\n|-heal|p2b: Crabominable|41/100 brn|[from] drain|[of] p1b: Politoed\n|move|p2a: Farigiraf|Hyper Voice|p1b: Politoed|[spread] p1b\n|-immune|p1a: Basculegion\n|-damage|p1b: Politoed|51/100\n|\n|-weather|RainDance|[upkeep]\n|-damage|p2b: Crabominable|35/100 brn|[from] brn\n|-fieldend|move: Trick Room\n|upkeep\n|turn|6\n|\n|t:|1775975304\n|move|p1a: Basculegion|Flip Turn|p2b: Crabominable\n|-damage|p2b: Crabominable|3/100 brn\n|\n|t:|1775975307\n|switch|p1a: Incineroar|Incineroar, L50, F|32/100|[from] Flip Turn\n|-ability|p1a: Incineroar|Intimidate|boost\n|-unboost|p2a: Farigiraf|atk|1\n|-unboost|p2b: Crabominable|atk|1\n|move|p1b: Politoed|Weather Ball|p2a: Farigiraf\n|-damage|p2a: Farigiraf|1/100\n|move|p2b: Crabominable|Knock Off|p1a: Incineroar\n|-resisted|p1a: Incineroar|1\n|-damage|p1a: Incineroar|27/100\n|-enditem|p1a: Incineroar|Shuca Berry|[from] move: Knock Off|[of] p2b: Crabominable\n|move|p2a: Farigiraf|Trick Room|p2a: Farigiraf\n|-fieldstart|move: Trick Room|[of] p2a: Farigiraf\n|\n|-weather|RainDance|[upkeep]\n|-damage|p2b: Crabominable|0 fnt|[from] brn\n|faint|p2b: Crabominable\n|upkeep\n|\n|t:|1775975309\n|switch|p2b: Basculegion|Basculegion, L50, M|100/100\n|turn|7\n|\n|t:|1775975331\n|move|p2a: Farigiraf|Protect|p2a: Farigiraf\n|-singleturn|p2a: Farigiraf|Protect\n|move|p1a: Incineroar|Darkest Lariat|p2b: Basculegion\n|-supereffective|p2b: Basculegion|1\n|-damage|p2b: Basculegion|20/100\n|move|p1b: Politoed|Weather Ball|p2a: Farigiraf\n|-activate|p2a: Farigiraf|move: Protect\n|move|p2b: Basculegion|Last Respects|p1a: Incineroar\n|-resisted|p1a: Incineroar|1\n|-damage|p1a: Incineroar|0 fnt\n|faint|p1a: Incineroar\n|\n|-weather|RainDance|[upkeep]\n|upkeep\n|\n|t:|1775975337\n|switch|p1a: Basculegion|Basculegion, L50, M|26/100\n|turn|8\n|\n|t:|1775975360\n|move|p2a: Farigiraf|Twin Beam|p1a: Basculegion\n|-damage|p1a: Basculegion|7/100\n|-damage|p1a: Basculegion|0 fnt\n|faint|p1a: Basculegion\n|-hitcount|p1: Basculegion|2\n|move|p1b: Politoed|Weather Ball|p2b: Basculegion\n|-resisted|p2b: Basculegion|1\n|-damage|p2b: Basculegion|0 fnt\n|faint|p2b: Basculegion\n|\n|-weather|RainDance|[upkeep]\n|upkeep\n|turn|9\n|\n|t:|1775975372\n|move|p2a: Farigiraf|Twin Beam|p1b: Politoed\n|-crit|p1b: Politoed\n|-damage|p1b: Politoed|29/100\n|-damage|p1b: Politoed|15/100\n|-hitcount|p1b: Politoed|2\n|move|p1b: Politoed|Weather Ball|p2a: Farigiraf\n|-damage|p2a: Farigiraf|0 fnt\n|faint|p2a: Farigiraf\n|\n|win|Okari958\n|raw|Okari958's rating: 1062 &rarr; <strong>1093</strong><br />(+31 for winning)\n|raw|mdamudamudamudamu's rating: 1061 &rarr; <strong>1042</strong><br />(-19 for losing)\n|l|\u2606mdamudamudamudamu\n|player|p2|\n",
  "uploadtime": 1775975383,
  "views": 12,
  "formatid": "gen9championsvgc2026regma",
  "rating": 1042,
  "private": 0,
  "password": null
}