{
  "id": "gen9championsvgc2026regma-2582480423",
  "format": "[Gen 9 Champions] VGC 2026 Reg M-A",
  "players": [
    "Nippy G",
    "gangstabrowt"
  ],
  "log": "|j|\u2606Nippy G\n|j|\u2606gangstabrowt\n|t:|1776094412\n|gametype|doubles\n|player|p1|Nippy G|2|1160\n|player|p2|gangstabrowt|elesa|1132\n|gen|9\n|tier|[Gen 9 Champions] VGC 2026 Reg M-A\n|rated|\n|rule|Species Clause: Limit one of each Pok\u00e9mon\n|rule|Item Clause: Limit 1 of each item\n|clearpoke\n|poke|p1|Aerodactyl, L50, M|\n|poke|p1|Chandelure, L50, F|\n|poke|p1|Basculegion, L50, M|\n|poke|p1|Kingambit, L50, M|\n|poke|p1|Conkeldurr, L50, M|\n|poke|p1|Clefable, L50, F|\n|poke|p2|Incineroar, L50, F|\n|poke|p2|Slowking, L50, F|\n|poke|p2|Crabominable, L50, F|\n|poke|p2|Hatterene, L50, F|\n|poke|p2|Camerupt, L50, F|\n|poke|p2|Sinistcha, L50|\n|teampreview|4\n|inactive|Battle timer is ON: inactive players will automatically lose when time's up. (requested by gangstabrowt)\n|inactive|Nippy G also wants the timer to be on.\nNippy G rejected open team sheets.\n|inactive|Nippy G has 60 seconds left.\n|inactive|gangstabrowt has 60 seconds left.\n|\n|t:|1776094450\n|teamsize|p1|4\n|teamsize|p2|4\n|start\n|switch|p1a: Chandelure|Chandelure, L50, F, shiny|100/100\n|switch|p1b: Aerodactyl|Aerodactyl, L50, M, shiny|100/100\n|switch|p2a: Incineroar|Incineroar, L50, F, shiny|100/100\n|switch|p2b: Slowking|Slowking, L50, F, shiny|100/100\n|-ability|p1b: Aerodactyl|Unnerve\n|-ability|p2a: Incineroar|Intimidate|boost\n|-unboost|p1a: Chandelure|atk|1\n|-unboost|p1b: Aerodactyl|atk|1\n|turn|1\n|inactive|gangstabrowt has 30 seconds left.\n|\n|t:|1776094479\n|move|p1b: Aerodactyl|Protect|p1b: Aerodactyl\n|-singleturn|p1b: Aerodactyl|Protect\n|move|p1a: Chandelure|Shadow Ball|p2b: Slowking\n|-supereffective|p2b: Slowking|1\n|-damage|p2b: Slowking|25/100\n|-unboost|p2b: Slowking|spd|1\n|move|p2a: Incineroar|Darkest Lariat|p1a: Chandelure\n|-supereffective|p1a: Chandelure|1\n|-enditem|p1a: Chandelure|Focus Sash\n|-damage|p1a: Chandelure|1/100\n|move|p2b: Slowking|Trick Room|p2b: Slowking\n|-fieldstart|move: Trick Room|[of] p2b: Slowking\n|\n|upkeep\n|turn|2\n|\n|t:|1776094500\n|detailschange|p1b: Aerodactyl|Aerodactyl-Mega, L50, M, shiny\n|-mega|p1b: Aerodactyl|Aerodactyl|Aerodactylite\n|-prepare|p2b: Slowking|Chilly Reception|[premajor]\n|move|p2b: Slowking|Chilly Reception|p2b: Slowking\n|-weather|Snowscape\n|\n|t:|1776094505\n|switch|p2b: Crabominable|Crabominable, L50, F|100/100|[from] Chilly Reception\n|move|p2a: Incineroar|Darkest Lariat|p1a: Chandelure\n|-supereffective|p1a: Chandelure|1\n|-damage|p1a: Chandelure|0 fnt\n|faint|p1a: Chandelure\n|move|p1b: Aerodactyl|Rock Slide|p2a: Incineroar|[spread] p2a,p2b\n|-supereffective|p2a: Incineroar|1\n|-damage|p2a: Incineroar|62/100\n|-damage|p2b: Crabominable|85/100\n|\n|-weather|Snowscape|[upkeep]\n|upkeep\n|\n|t:|1776094518\n|switch|p1a: Kingambit|Kingambit, L50, M|100/100\n|turn|3\n|\n|t:|1776094528\n|detailschange|p2b: Crabominable|Crabominable-Mega, L50, F\n|-mega|p2b: Crabominable|Crabominable|Crabominite\n|move|p2b: Crabominable|Drain Punch|p1a: Kingambit\n|-supereffective|p1a: Kingambit|2\n|-damage|p1a: Kingambit|0 fnt\n|-heal|p2b: Crabominable|100/100|[from] drain|[of] p1a: Kingambit\n|faint|p1a: Kingambit\n|move|p2a: Incineroar|Parting Shot|p1b: Aerodactyl\n|-unboost|p1b: Aerodactyl|atk|1\n|-unboost|p1b: Aerodactyl|spa|1\n|\n|t:|1776094538\n|switch|p2a: Hatterene|Hatterene, L50, F|100/100|[from] Parting Shot\n|move|p1b: Aerodactyl|Rock Slide|p2b: Crabominable|[spread] p2a,p2b\n|-damage|p2a: Hatterene|86/100\n|-damage|p2b: Crabominable|93/100\n|\n|-weather|Snowscape|[upkeep]\n|upkeep\n|\n|t:|1776094541\n|switch|p1a: Basculegion|Basculegion, L50, M, shiny|100/100\n|turn|4\n|\n|t:|1776094554\n|move|p2a: Hatterene|Dazzling Gleam|p1a: Basculegion|[spread] p1a,p1b\n|-damage|p1a: Basculegion|56/100\n|-damage|p1b: Aerodactyl|57/100\n|move|p2b: Crabominable|Thunder Punch|p1a: Basculegion\n|-supereffective|p1a: Basculegion|1\n|-damage|p1a: Basculegion|0 fnt\n|faint|p1a: Basculegion\n|move|p1b: Aerodactyl|Dual Wingbeat|p2b: Crabominable|[miss]\n|-miss|p1b: Aerodactyl|p2b: Crabominable\n|\n|-weather|Snowscape|[upkeep]\n|upkeep\n|turn|5\n|\n|t:|1776094565\n|move|p2a: Hatterene|Psychic|p1b: Aerodactyl\n|-damage|p1b: Aerodactyl|4/100\n|move|p2b: Crabominable|Ice Hammer|p1b: Aerodactyl\n|-supereffective|p1b: Aerodactyl|1\n|-damage|p1b: Aerodactyl|0 fnt\n|-unboost|p2b: Crabominable|spe|1\n|faint|p1b: Aerodactyl\n|\n|win|gangstabrowt\n|raw|Nippy G's rating: 1160 &rarr; <strong>1133</strong><br />(-27 for losing)\n|raw|gangstabrowt's rating: 1132 &rarr; <strong>1159</strong><br />(+27 for winning)\n|l|\u2606Nippy G\n|player|p1|\n",
  "uploadtime": 1776094581,
  "views": 20,
  "formatid": "gen9championsvgc2026regma",
  "rating": 1133,
  "private": 0,
  "password": null
}