{
  "id": "gen9championsvgc2026regma-2588290383",
  "format": "[Gen 9 Champions] VGC 2026 Reg M-A",
  "players": [
    "The_PaleoNerd7",
    "shangenb"
  ],
  "log": "|j|\u2606The_PaleoNerd7\n|j|\u2606shangenb\n|t:|1776621404\n|gametype|doubles\n|player|p1|The_PaleoNerd7|lance|1298\n|player|p2|shangenb|102|1404\n|gen|9\n|tier|[Gen 9 Champions] VGC 2026 Reg M-A\n|rated|\n|rule|Species Clause: Limit one of each Pok\u00e9mon\n|rule|Item Clause: Limit 1 of each item\n|clearpoke\n|poke|p1|Aggron, L50, M|\n|poke|p1|Sinistcha, L50|\n|poke|p1|Incineroar, L50, F|\n|poke|p1|Primarina, L50, F|\n|poke|p1|Sableye, L50, M|\n|poke|p1|Drampa, L50, F|\n|poke|p2|Floette-Eternal, L50, F|\n|poke|p2|Garchomp, L50, F|\n|poke|p2|Sneasler, L50, M|\n|poke|p2|Basculegion-F, L50, F|\n|poke|p2|Aerodactyl, L50, F|\n|poke|p2|Incineroar, L50, M|\n|teampreview|4\n|inactive|Battle timer is ON: inactive players will automatically lose when time's up. (requested by shangenb)\n|inactive|The_PaleoNerd7 also wants the timer to be on.\n|inactive|The_PaleoNerd7 has 60 seconds left.\n|inactive|shangenb has 60 seconds left.\n|\n|t:|1776621459\n|teamsize|p1|4\n|teamsize|p2|4\n|start\n|switch|p1a: Sableye|Sableye, L50, M|100/100\n|switch|p1b: Sinistcha|Sinistcha, L50|100/100\n|switch|p2a: Basculegion|Basculegion-F, L50, F|100/100\n|switch|p2b: Floette|Floette-Eternal, L50, F|100/100\n|turn|1\n|inactive|shangenb has 30 seconds left.\n|\n|t:|1776621485\n|detailschange|p2b: Floette|Floette-Mega, L50, F\n|-mega|p2b: Floette|Floette|Floettite\n|-ability|p2b: Floette|Fairy Aura\n|move|p1a: Sableye|Light Screen|p1a: Sableye\n|-sidestart|p1: The_PaleoNerd7|move: Light Screen\n|move|p2a: Basculegion|Shadow Ball|p1b: Sinistcha\n|-supereffective|p1b: Sinistcha|1\n|-damage|p1b: Sinistcha|29/100\n|-enditem|p1b: Sinistcha|Sitrus Berry|[eat]\n|-heal|p1b: Sinistcha|53/100|[from] item: Sitrus Berry\n|move|p2b: Floette|Dazzling Gleam|p1b: Sinistcha|[spread] p1a,p1b\n|-supereffective|p1a: Sableye|1\n|-damage|p1a: Sableye|29/100\n|-damage|p1b: Sinistcha|15/100\n|move|p1b: Sinistcha|Trick Room|p1b: Sinistcha\n|-fieldstart|move: Trick Room|[of] p1b: Sinistcha\n|\n|upkeep\n|turn|2\n|inactive|shangenb has 30 seconds left.\n|\n|t:|1776621510\n|switch|p1b: Incineroar|Incineroar, L50, F|100/100\n|-ability|p1b: Incineroar|Intimidate|boost\n|-unboost|p2a: Basculegion|atk|1\n|-unboost|p2b: Floette|atk|1\n|switch|p2a: Incineroar|Incineroar, L50, M|100/100\n|-ability|p2a: Incineroar|Intimidate|boost\n|-unboost|p1a: Sableye|atk|1\n|-unboost|p1b: Incineroar|atk|1\n|move|p1a: Sableye|Foul Play|p2a: Incineroar\n|-resisted|p2a: Incineroar|1\n|-damage|p2a: Incineroar|86/100\n|move|p2b: Floette|Dazzling Gleam|p1b: Incineroar|[spread] p1a,p1b\n|-supereffective|p1a: Sableye|1\n|-damage|p1a: Sableye|0 fnt\n|-damage|p1b: Incineroar|80/100\n|faint|p1a: Sableye\n|\n|-heal|p1b: Incineroar|86/100|[from] item: Leftovers\n|upkeep\n|\n|t:|1776621518\n|switch|p1a: Aggron|Aggron, L50, M|100/100\n|turn|3\n|\n|t:|1776621539\n|detailschange|p1a: Aggron|Aggron-Mega, L50, M\n|-mega|p1a: Aggron|Aggron|Aggronite\n|move|p1b: Incineroar|Fake Out|p2a: Incineroar\n|-damage|p2a: Incineroar|80/100\n|cant|p2a: Incineroar|flinch\n|move|p1a: Aggron|Iron Defense|p1a: Aggron\n|-boost|p1a: Aggron|def|2\n|move|p2b: Floette|Moonblast|p1b: Incineroar\n|-damage|p1b: Incineroar|52/100\n|\n|-heal|p1b: Incineroar|58/100|[from] item: Leftovers\n|upkeep\n|turn|4\n|\n|t:|1776621558\n|move|p2b: Floette|Protect|p2b: Floette\n|-singleturn|p2b: Floette|Protect\n|move|p1a: Aggron|Heavy Slam|p2b: Floette\n|-activate|p2b: Floette|move: Protect\n|move|p1b: Incineroar|Snarl|p2b: Floette|[spread] p2a\n|-activate|p2b: Floette|move: Protect\n|-resisted|p2a: Incineroar|1\n|-damage|p2a: Incineroar|75/100\n|-unboost|p2a: Incineroar|spa|1\n|move|p2a: Incineroar|Parting Shot|p1a: Aggron\n|-unboost|p1a: Aggron|atk|1\n|-unboost|p1a: Aggron|spa|1\n|\n|t:|1776621572\n|switch|p2a: Basculegion|Basculegion-F, L50, F|100/100|[from] Parting Shot\n|\n|-heal|p1b: Incineroar|64/100|[from] item: Leftovers\n|upkeep\n|turn|5\n|\n|t:|1776621583\n|switch|p2b: Incineroar|Incineroar, L50, M|75/100\n|-ability|p2b: Incineroar|Intimidate|boost\n|-unboost|p1a: Aggron|atk|1\n|-unboost|p1b: Incineroar|atk|1\n|move|p1a: Aggron|Iron Defense|p1a: Aggron\n|-boost|p1a: Aggron|def|2\n|move|p1b: Incineroar|Darkest Lariat|p2a: Basculegion\n|-supereffective|p2a: Basculegion|1\n|-damage|p2a: Basculegion|60/100\n|move|p2a: Basculegion|Muddy Water|p1b: Incineroar|[spread] p1a,p1b\n|-supereffective|p1b: Incineroar|1\n|-damage|p1a: Aggron|80/100\n|-damage|p1b: Incineroar|24/100\n|\n|-heal|p1b: Incineroar|30/100|[from] item: Leftovers\n|-sideend|p1: The_PaleoNerd7|move: Light Screen\n|-fieldend|move: Trick Room\n|upkeep\n|turn|6\n|\n|t:|1776621604\n|move|p1a: Aggron|Protect|p1a: Aggron\n|-singleturn|p1a: Aggron|Protect\n|move|p2b: Incineroar|Fake Out|p1a: Aggron\n|-activate|p1a: Aggron|move: Protect\n|move|p2a: Basculegion|Muddy Water|p1b: Incineroar|[spread] p1b\n|-activate|p1a: Aggron|move: Protect\n|-supereffective|p1b: Incineroar|1\n|-damage|p1b: Incineroar|0 fnt\n|faint|p1b: Incineroar\n|\n|upkeep\n|\n|t:|1776621611\n|switch|p1b: Sinistcha|Sinistcha, L50|15/100\n|-heal|p1a: Aggron|100/100|[from] ability: Hospitality|[of] p1b: Sinistcha\n|turn|7\n|\n|t:|1776621621\n|move|p2a: Basculegion|Muddy Water|p1a: Aggron|[spread] p1a,p1b\n|-resisted|p1b: Sinistcha|1\n|-damage|p1a: Aggron|67/100\n|-damage|p1b: Sinistcha|0 fnt\n|faint|p1b: Sinistcha\n|move|p2b: Incineroar|Parting Shot|p1a: Aggron\n|-unboost|p1a: Aggron|atk|1\n|-unboost|p1a: Aggron|spa|1\n|\n|t:|1776621628\n|switch|p2b: Sneasler|Sneasler, L50, M|100/100|[from] Parting Shot\n|move|p1a: Aggron|Body Press|p2b: Sneasler\n|-resisted|p2b: Sneasler|1\n|-damage|p2b: Sneasler|14/100\n|\n|upkeep\n|turn|8\n|\n|t:|1776621639\n|switch|p2b: Incineroar|Incineroar, L50, M|75/100\n|-ability|p2b: Incineroar|Intimidate|boost\n|-unboost|p1a: Aggron|atk|1\n|move|p2a: Basculegion|Muddy Water|p1a: Aggron\n|-damage|p1a: Aggron|23/100\n|move|p1a: Aggron|Body Press|p2b: Incineroar\n|-supereffective|p2b: Incineroar|1\n|-damage|p2b: Incineroar|0 fnt\n|faint|p2b: Incineroar\n|\n|upkeep\n|-message|The_PaleoNerd7 forfeited.\n|\n|win|shangenb\n|raw|The_PaleoNerd7's rating: 1298 &rarr; <strong>1280</strong><br />(-18 for losing)\n|raw|shangenb's rating: 1404 &rarr; <strong>1418</strong><br />(+14 for winning)\n|l|\u2606The_PaleoNerd7\n|player|p1|\n",
  "uploadtime": 1776621652,
  "views": 11,
  "formatid": "gen9championsvgc2026regma",
  "rating": 1280,
  "private": 0,
  "password": null
}