{
  "id": "gen9championsvgc2026regma-2585983910",
  "format": "[Gen 9 Champions] VGC 2026 Reg M-A",
  "players": [
    "idrhr8ihrhr",
    "ShadowS3raph"
  ],
  "log": "|j|\u2606idrhr8ihrhr\n|j|\u2606ShadowS3raph\n|t:|1776387492\n|gametype|doubles\n|player|p1|idrhr8ihrhr|102|1069\n|player|p2|ShadowS3raph|102|1035\n|gen|9\n|tier|[Gen 9 Champions] VGC 2026 Reg M-A\n|rated|\n|rule|Species Clause: Limit one of each Pok\u00e9mon\n|rule|Item Clause: Limit 1 of each item\n|clearpoke\n|poke|p1|Dragonite, L50, M|\n|poke|p1|Incineroar, L50, M|\n|poke|p1|Whimsicott, L50, M|\n|poke|p1|Excadrill, L50, M|\n|poke|p1|Hydreigon, L50, F|\n|poke|p1|Froslass, L50, F|\n|poke|p2|Archaludon, L50, M|\n|poke|p2|Pelipper, L50, F|\n|poke|p2|Gyarados, L50, F|\n|poke|p2|Heliolisk, L50, M|\n|poke|p2|Sinistcha, L50|\n|poke|p2|Scizor, L50, M|\n|teampreview|4\n|\n|t:|1776387526\n|teamsize|p1|4\n|teamsize|p2|4\n|start\n|switch|p1a: Froslass|Froslass, L50, F, shiny|100/100\n|switch|p1b: Whimsicott|Whimsicott, L50, M|100/100\n|switch|p2a: Pelipper|Pelipper, L50, F|100/100\n|switch|p2b: Heliolisk|Heliolisk, L50, M|100/100\n|-weather|RainDance|[from] ability: Drizzle|[of] p2a: Pelipper\n|turn|1\n|\n|t:|1776387536\n|detailschange|p1a: Froslass|Froslass-Mega, L50, F, shiny\n|-mega|p1a: Froslass|Froslass|Froslassite\n|-weather|Snowscape|[from] ability: Snow Warning|[of] p1a: Froslass\n|move|p1b: Whimsicott|Taunt|p2a: Pelipper\n|-start|p2a: Pelipper|move: Taunt\n|move|p1a: Froslass|Aurora Veil|p1a: Froslass\n|-sidestart|p1: idrhr8ihrhr|move: Aurora Veil\n|move|p2b: Heliolisk|Thunder Wave|p1a: Froslass\n|-status|p1a: Froslass|par\n|cant|p2a: Pelipper|move: Taunt|Tailwind\n|\n|-weather|Snowscape|[upkeep]\n|upkeep\n|turn|2\n|\n|t:|1776387557\n|switch|p2a: Archaludon|Archaludon, L50, M|100/100\n|move|p2b: Heliolisk|Protect|p2b: Heliolisk\n|-singleturn|p2b: Heliolisk|Protect\n|move|p1b: Whimsicott|Taunt|p2b: Heliolisk\n|-activate|p2b: Heliolisk|move: Protect\n|move|p1a: Froslass|Thunderbolt|p2a: Archaludon\n|-resisted|p2a: Archaludon|1\n|-damage|p2a: Archaludon|80/100\n|-ability|p2a: Archaludon|Stamina|boost\n|-boost|p2a: Archaludon|def|1\n|\n|-weather|Snowscape|[upkeep]\n|-heal|p2a: Archaludon|87/100|[from] item: Leftovers\n|upkeep\n|turn|3\n|inactive|Battle timer is ON: inactive players will automatically lose when time's up. (requested by ShadowS3raph)\n|\n|t:|1776387573\n|switch|p2b: Pelipper|Pelipper, L50, F|100/100\n|-weather|RainDance|[from] ability: Drizzle|[of] p2b: Pelipper\n|move|p1b: Whimsicott|Encore||[still]\n|-fail|p1b: Whimsicott\n|move|p2a: Archaludon|Electro Shot||[still]\n|-prepare|p2a: Archaludon|Electro Shot\n|-boost|p2a: Archaludon|spa|1\n|-anim|p2a: Archaludon|Electro Shot|p1a: Froslass\n|-damage|p1a: Froslass|47/100 par\n|cant|p1a: Froslass|par\n|\n|-weather|RainDance|[upkeep]\n|-heal|p2a: Archaludon|93/100|[from] item: Leftovers\n|upkeep\n|turn|4\n|\n|t:|1776387597\n|switch|p1a: Dragonite|Dragonite, L50, M, shiny|100/100\n|move|p1b: Whimsicott|Taunt|p2b: Pelipper\n|-start|p2b: Pelipper|move: Taunt\n|move|p2a: Archaludon|Electro Shot||[still]\n|-prepare|p2a: Archaludon|Electro Shot\n|-boost|p2a: Archaludon|spa|1\n|-anim|p2a: Archaludon|Electro Shot|p1a: Dragonite\n|-damage|p1a: Dragonite|72/100\n|move|p2b: Pelipper|Hurricane|p1b: Whimsicott\n|-supereffective|p1b: Whimsicott|1\n|-damage|p1b: Whimsicott|35/100\n|\n|-weather|RainDance|[upkeep]\n|-heal|p2a: Archaludon|99/100|[from] item: Leftovers\n|upkeep\n|turn|5\n|inactive|idrhr8ihrhr has 30 seconds left.\n|inactive|ShadowS3raph has 30 seconds left.\n|\n|t:|1776387629\n|switch|p2b: Heliolisk|Heliolisk, L50, M|100/100\n|move|p2a: Archaludon|Protect|p2a: Archaludon\n|-singleturn|p2a: Archaludon|Protect\n|move|p1b: Whimsicott|Tailwind|p1b: Whimsicott\n|-sidestart|p1: idrhr8ihrhr|move: Tailwind\n|move|p1a: Dragonite|Dragon Dance|p1a: Dragonite\n|-boost|p1a: Dragonite|atk|1\n|-boost|p1a: Dragonite|spe|1\n|\n|-weather|RainDance|[upkeep]\n|-heal|p2a: Archaludon|100/100|[from] item: Leftovers\n|-sideend|p1: idrhr8ihrhr|move: Aurora Veil\n|upkeep\n|turn|6\n|\n|t:|1776387656\n|move|p1b: Whimsicott|Taunt|p2b: Heliolisk\n|-start|p2b: Heliolisk|move: Taunt\n|move|p1a: Dragonite|Dragon Claw|p2a: Archaludon\n|-damage|p2a: Archaludon|60/100\n|-ability|p2a: Archaludon|Stamina|boost\n|-boost|p2a: Archaludon|def|1\n|cant|p2b: Heliolisk|move: Taunt|Thunder Wave\n|move|p2a: Archaludon|Electro Shot||[still]\n|-prepare|p2a: Archaludon|Electro Shot\n|-boost|p2a: Archaludon|spa|1\n|-anim|p2a: Archaludon|Electro Shot|p1a: Dragonite\n|-damage|p1a: Dragonite|0 fnt\n|faint|p1a: Dragonite\n|\n|-weather|RainDance|[upkeep]\n|-heal|p2a: Archaludon|66/100|[from] item: Leftovers\n|upkeep\n|\n|t:|1776387667\n|switch|p1a: Froslass|Froslass-Mega, L50, F, shiny|47/100 par\n|-weather|Snowscape|[from] ability: Snow Warning|[of] p1a: Froslass\n|turn|7\n|\n|t:|1776387683\n|switch|p2b: Pelipper|Pelipper, L50, F|100/100\n|-weather|RainDance|[from] ability: Drizzle|[of] p2b: Pelipper\n|move|p1b: Whimsicott|Moonblast|p2a: Archaludon\n|-damage|p2a: Archaludon|37/100\n|-ability|p2a: Archaludon|Stamina|boost\n|-boost|p2a: Archaludon|def|1\n|move|p1a: Froslass|Blizzard|p2a: Archaludon|[spread] p2a,p2b\n|-damage|p2a: Archaludon|0 fnt\n|-damage|p2b: Pelipper|43/100\n|-enditem|p2b: Pelipper|Sitrus Berry|[eat]\n|-heal|p2b: Pelipper|68/100|[from] item: Sitrus Berry\n|faint|p2a: Archaludon\n|\n|-weather|RainDance|[upkeep]\n|upkeep\n|\n|t:|1776387696\n|switch|p2a: Heliolisk|Heliolisk, L50, M|100/100\n|turn|8\n|\n|t:|1776387711\n|switch|p1a: Excadrill|Excadrill, L50, M|100/100\n|-ability|p1a: Excadrill|Mold Breaker\n|move|p1b: Whimsicott|Taunt|p2b: Pelipper\n|-start|p2b: Pelipper|move: Taunt\n|move|p2a: Heliolisk|Thunder|p1a: Excadrill\n|-immune|p1a: Excadrill\n|move|p2b: Pelipper|Hurricane|p1b: Whimsicott\n|-supereffective|p1b: Whimsicott|1\n|-damage|p1b: Whimsicott|0 fnt\n|faint|p1b: Whimsicott\n|\n|-weather|RainDance|[upkeep]\n|-sideend|p1: idrhr8ihrhr|move: Tailwind\n|upkeep\n|\n|t:|1776387723\n|switch|p1b: Froslass|Froslass-Mega, L50, F, shiny|47/100 par\n|-weather|Snowscape|[from] ability: Snow Warning|[of] p1b: Froslass\n|turn|9\n|\n|t:|1776387737\n|move|p2a: Heliolisk|Thunder|p1b: Froslass|[miss]\n|-miss|p2a: Heliolisk|p1b: Froslass\n|move|p1a: Excadrill|High Horsepower|p2a: Heliolisk\n|-supereffective|p2a: Heliolisk|1\n|-enditem|p2a: Heliolisk|Focus Sash\n|-damage|p2a: Heliolisk|1/100\n|move|p1b: Froslass|Blizzard|p2a: Heliolisk|[spread] p2a,p2b\n|-crit|p2a: Heliolisk\n|-damage|p2a: Heliolisk|0 fnt\n|-damage|p2b: Pelipper|10/100\n|faint|p2a: Heliolisk\n|move|p2b: Pelipper|Surf|p1a: Excadrill|[spread] p1a,p1b\n|-supereffective|p1a: Excadrill|1\n|-damage|p1a: Excadrill|35/100\n|-damage|p1b: Froslass|15/100 par\n|\n|-weather|Snowscape|[upkeep]\n|-heal|p1a: Excadrill|41/100|[from] item: Leftovers\n|upkeep\n|\n|t:|1776387753\n|switch|p2a: Gyarados|Gyarados, L50, F|100/100\n|-ability|p2a: Gyarados|Intimidate|boost\n|-unboost|p1a: Excadrill|atk|1\n|-unboost|p1b: Froslass|atk|1\n|turn|10\n|inactive|idrhr8ihrhr has 30 seconds left.\n|inactive|idrhr8ihrhr has 20 seconds left.\n|\n|t:|1776387788\n|detailschange|p2a: Gyarados|Gyarados-Mega, L50, F\n|-mega|p2a: Gyarados|Gyarados|Gyaradosite\n|-ability|p2a: Gyarados|Mold Breaker\n|move|p1a: Excadrill|Iron Head|p2b: Pelipper\n|-resisted|p2b: Pelipper|1\n|-damage|p2b: Pelipper|0 fnt\n|faint|p2b: Pelipper\n|move|p2a: Gyarados|Waterfall|p1a: Excadrill\n|-supereffective|p1a: Excadrill|1\n|-damage|p1a: Excadrill|0 fnt\n|faint|p1a: Excadrill\n|cant|p1b: Froslass|par\n|\n|-weather|Snowscape|[upkeep]\n|upkeep\n|turn|11\n|\n|t:|1776387803\n|move|p2a: Gyarados|Crunch|p1b: Froslass\n|-supereffective|p1b: Froslass|1\n|-damage|p1b: Froslass|0 fnt\n|faint|p1b: Froslass\n|\n|win|ShadowS3raph\n|raw|idrhr8ihrhr's rating: 1069 &rarr; <strong>1047</strong><br />(-22 for losing)\n|raw|ShadowS3raph's rating: 1035 &rarr; <strong>1073</strong><br />(+38 for winning)\n|c|\u2606ShadowS3raph|Gg\n",
  "uploadtime": 1776387813,
  "views": 28,
  "formatid": "gen9championsvgc2026regma",
  "rating": 1047,
  "private": 0,
  "password": null
}