{
  "id": "gen9championsvgc2026regma-2580901665",
  "format": "[Gen 9 Champions] VGC 2026 Reg M-A",
  "players": [
    "CallMeKokko",
    "kouros26"
  ],
  "log": "|j|\u2606CallMeKokko\n|j|\u2606kouros26\n|t:|1775941835\n|gametype|doubles\n|player|p1|CallMeKokko|waiter-gen4|1106\n|player|p2|kouros26|1|1050\n|gen|9\n|tier|[Gen 9 Champions] VGC 2026 Reg M-A\n|rated|\n|rule|Species Clause: Limit one of each Pok\u00e9mon\n|rule|Item Clause: Limit 1 of each item\n|clearpoke\n|poke|p1|Whimsicott, L50, M|\n|poke|p1|Sneasler, L50, M|\n|poke|p1|Basculegion, L50, M|\n|poke|p1|Politoed, L50, F|\n|poke|p1|Incineroar, L50, F|\n|poke|p1|Gengar, L50, M|\n|poke|p2|Chandelure, L50, M|\n|poke|p2|Orthworm, L50, M|\n|poke|p2|Whimsicott, L50, F|\n|poke|p2|Torkoal, L50, F|\n|poke|p2|Clefable, L50, F|\n|poke|p2|Garchomp, L50, M|\n|teampreview|4\n|inactive|Battle timer is ON: inactive players will automatically lose when time's up. (requested by CallMeKokko)\n|inactive|CallMeKokko has 60 seconds left.\n|inactive|kouros26 has 60 seconds left.\n|\n|t:|1775941888\n|teamsize|p1|4\n|teamsize|p2|4\n|start\n|switch|p1a: Politoed|Politoed, L50, F|100/100\n|switch|p1b: Basculegion|Basculegion, L50, M|100/100\n|switch|p2a: Orthworm|Orthworm, L50, M, shiny|100/100\n|switch|p2b: Whimsicott|Whimsicott, L50, F|100/100\n|-weather|RainDance|[from] ability: Drizzle|[of] p1a: Politoed\n|turn|1\n|\n|t:|1775941902\n|move|p2b: Whimsicott|Sunny Day|p2b: Whimsicott\n|-weather|SunnyDay\n|move|p1b: Basculegion|Wave Crash|p2a: Orthworm\n|-damage|p2a: Orthworm|80/100\n|-damage|p1b: Basculegion|94/100|[from] Recoil\n|move|p1a: Politoed|Perish Song|p1a: Politoed\n|-start|p1a: Politoed|perish3|[silent]\n|-start|p1b: Basculegion|perish3|[silent]\n|-start|p2a: Orthworm|perish3|[silent]\n|-start|p2b: Whimsicott|perish3|[silent]\n|-fieldactivate|move: Perish Song\n|move|p2a: Orthworm|Iron Defense|p2a: Orthworm\n|-boost|p2a: Orthworm|def|2\n|\n|-weather|SunnyDay|[upkeep]\n|-start|p2b: Whimsicott|perish3\n|-start|p1b: Basculegion|perish3\n|-start|p1a: Politoed|perish3\n|-start|p2a: Orthworm|perish3\n|upkeep\n|turn|2\n|\n|t:|1775941925\n|switch|p2b: Torkoal|Torkoal, L50, F|100/100\n|switch|p1b: Gengar|Gengar, L50, M|100/100\n|move|p1a: Politoed|Encore|p2a: Orthworm\n|-start|p2a: Orthworm|Encore\n|move|p2a: Orthworm|Iron Defense|p2a: Orthworm\n|-boost|p2a: Orthworm|def|2\n|\n|-weather|SunnyDay|[upkeep]\n|-start|p1a: Politoed|perish2\n|-start|p2a: Orthworm|perish2\n|upkeep\n|turn|3\n|inactive|CallMeKokko has 30 seconds left.\n|\n|t:|1775941953\n|switch|p1a: Basculegion|Basculegion, L50, M|94/100\n|switch|p2a: Chandelure|Chandelure, L50, M|100/100\n|detailschange|p1b: Gengar|Gengar-Mega, L50, M\n|-mega|p1b: Gengar|Gengar|Gengarite\n|move|p1b: Gengar|Perish Song|p1b: Gengar\n|-start|p1a: Basculegion|perish3|[silent]\n|-start|p1b: Gengar|perish3|[silent]\n|-start|p2a: Chandelure|perish3|[silent]\n|-start|p2b: Torkoal|perish3|[silent]\n|-fieldactivate|move: Perish Song\n|move|p2b: Torkoal|Lava Plume|p1b: Gengar|[spread] p1a,p1b\n|-start|p2a: Chandelure|ability: Flash Fire\n|-resisted|p1a: Basculegion|1\n|-damage|p1a: Basculegion|78/100\n|-damage|p1b: Gengar|58/100\n|-status|p1a: Basculegion|brn\n|\n|-weather|SunnyDay|[upkeep]\n|-damage|p1a: Basculegion|71/100 brn|[from] brn\n|-start|p1b: Gengar|perish3\n|-start|p2a: Chandelure|perish3\n|-start|p1a: Basculegion|perish3\n|-start|p2b: Torkoal|perish3\n|upkeep\n|turn|4\n|inactive|CallMeKokko has 30 seconds left.\n|inactive|kouros26 has 30 seconds left.\n|inactive|CallMeKokko has 20 seconds left.\n|inactive|CallMeKokko has 15 seconds left.\n|\n|t:|1775941995\n|detailschange|p2a: Chandelure|Chandelure-Mega, L50, M\n|-mega|p2a: Chandelure|Chandelure|Chandelurite\n|-end|p2a: Chandelure|ability: Flash Fire|[silent]\n|move|p1b: Gengar|Protect|p1b: Gengar\n|-singleturn|p1b: Gengar|Protect\n|move|p2a: Chandelure|Heat Wave|p1b: Gengar|[spread] p1a\n|-activate|p1b: Gengar|move: Protect\n|-resisted|p1a: Basculegion|1\n|-damage|p1a: Basculegion|29/100 brn\n|move|p1a: Basculegion|Wave Crash|p2a: Chandelure\n|-supereffective|p2a: Chandelure|1\n|-damage|p2a: Chandelure|58/100\n|-damage|p1a: Basculegion|19/100 brn|[from] Recoil\n|move|p2b: Torkoal|Heat Wave|p1b: Gengar|[spread] p1a\n|-activate|p1b: Gengar|move: Protect\n|-resisted|p1a: Basculegion|1\n|-damage|p1a: Basculegion|0 fnt\n|faint|p1a: Basculegion\n|\n|-weather|SunnyDay|[upkeep]\n|-start|p1b: Gengar|perish2\n|-start|p2a: Chandelure|perish2\n|-start|p2b: Torkoal|perish2\n|upkeep\n|\n|t:|1775942008\n|switch|p1a: Politoed|Politoed, L50, F|100/100\n|-weather|RainDance|[from] ability: Drizzle|[of] p1a: Politoed\n|turn|5\n|inactive|kouros26 has 30 seconds left.\n|\n|t:|1775942037\n|switch|p2a: Whimsicott|Whimsicott, L50, F|100/100\n|move|p1b: Gengar|Shadow Ball|p2a: Whimsicott\n|-damage|p2a: Whimsicott|17/100\n|move|p1a: Politoed|Weather Ball|p2b: Torkoal\n|-supereffective|p2b: Torkoal|1\n|-damage|p2b: Torkoal|0 fnt\n|faint|p2b: Torkoal\n|\n|-weather|RainDance|[upkeep]\n|-start|p1b: Gengar|perish1\n|upkeep\n|\n|t:|1775942056\n|switch|p2b: Chandelure|Chandelure-Mega, L50, M|58/100\n|turn|6\n|\n|t:|1775942065\n|switch|p1a: Whimsicott|Whimsicott, L50, M|100/100\n|move|p2b: Chandelure|Protect|p2b: Chandelure\n|-singleturn|p2b: Chandelure|Protect\n|move|p2a: Whimsicott|Sunny Day|p2a: Whimsicott\n|-weather|SunnyDay\n|move|p1b: Gengar|Shadow Ball|p2b: Chandelure\n|-activate|p2b: Chandelure|move: Protect\n|\n|-weather|SunnyDay|[upkeep]\n|-start|p1b: Gengar|perish0\n|faint|p1b: Gengar\n|upkeep\n|\n|t:|1775942070\n|switch|p1b: Politoed|Politoed, L50, F|100/100\n|-weather|RainDance|[from] ability: Drizzle|[of] p1b: Politoed\n|turn|7\n|inactive|kouros26 has 30 seconds left.\n|\n|t:|1775942097\n|move|p2a: Whimsicott|Sunny Day|p2a: Whimsicott\n|-weather|SunnyDay\n|move|p1a: Whimsicott|Encore|p2b: Chandelure\n|-start|p2b: Chandelure|Encore\n|move|p2b: Chandelure|Protect||[still]\n|-fail|p2b: Chandelure\n|move|p1b: Politoed|Weather Ball|p2a: Whimsicott\n|-supereffective|p2a: Whimsicott|1\n|-damage|p2a: Whimsicott|0 fnt\n|faint|p2a: Whimsicott\n|\n|-weather|SunnyDay|[upkeep]\n|upkeep\n|\n|t:|1775942102\n|switch|p2a: Orthworm|Orthworm, L50, M, shiny|80/100\n|turn|8\n|\n|t:|1775942113\n|move|p1a: Whimsicott|Protect|p1a: Whimsicott\n|-singleturn|p1a: Whimsicott|Protect\n|move|p2b: Chandelure|Protect|p2b: Chandelure\n|-singleturn|p2b: Chandelure|Protect\n|move|p1b: Politoed|Perish Song|p1b: Politoed\n|-start|p1a: Whimsicott|perish3|[silent]\n|-start|p1b: Politoed|perish3|[silent]\n|-start|p2a: Orthworm|perish3|[silent]\n|-start|p2b: Chandelure|perish3|[silent]\n|-fieldactivate|move: Perish Song\n|move|p2a: Orthworm|Body Press|p1b: Politoed\n|-damage|p1b: Politoed|63/100\n|\n|-weather|SunnyDay|[upkeep]\n|-heal|p1b: Politoed|70/100|[from] item: Leftovers\n|-start|p1a: Whimsicott|perish3\n|-start|p2b: Chandelure|perish3\n|-start|p1b: Politoed|perish3\n|-start|p2a: Orthworm|perish3\n|upkeep\n|turn|9\n|\n|t:|1775942129\n|move|p2b: Chandelure|Protect|p2b: Chandelure\n|-singleturn|p2b: Chandelure|Protect\n|move|p1a: Whimsicott|Moonblast|p2a: Orthworm\n|-resisted|p2a: Orthworm|1\n|-damage|p2a: Orthworm|46/100\n|-enditem|p2a: Orthworm|Sitrus Berry|[eat]\n|-heal|p2a: Orthworm|71/100|[from] item: Sitrus Berry\n|move|p1b: Politoed|Weather Ball|p2a: Orthworm\n|-supereffective|p2a: Orthworm|1\n|-damage|p2a: Orthworm|0 fnt\n|faint|p2a: Orthworm\n|\n|-weather|SunnyDay|[upkeep]\n|-heal|p1b: Politoed|76/100|[from] item: Leftovers\n|-end|p2b: Chandelure|Encore\n|-start|p1a: Whimsicott|perish2\n|-start|p2b: Chandelure|perish2\n|-start|p1b: Politoed|perish2\n|upkeep\n|turn|10\n|-message|kouros26 forfeited.\n|\n|win|CallMeKokko\n|raw|CallMeKokko's rating: 1106 &rarr; <strong>1127</strong><br />(+21 for winning)\n|raw|kouros26's rating: 1050 &rarr; <strong>1035</strong><br />(-15 for losing)\n|l|\u2606kouros26\n|player|p2|\n",
  "uploadtime": 1775942141,
  "views": 10,
  "formatid": "gen9championsvgc2026regma",
  "rating": 1035,
  "private": 0,
  "password": null
}