{
  "id": "gen9championsvgc2026regma-2583490919",
  "format": "[Gen 9 Champions] VGC 2026 Reg M-A",
  "players": [
    "Phoop06",
    "redravencellinia"
  ],
  "log": "|j|\u2606Phoop06\n|j|\u2606redravencellinia\n|t:|1776179003\n|gametype|doubles\n|player|p1|Phoop06|266|1114\n|player|p2|redravencellinia|265|1064\n|gen|9\n|tier|[Gen 9 Champions] VGC 2026 Reg M-A\n|rated|\n|rule|Species Clause: Limit one of each Pok\u00e9mon\n|rule|Item Clause: Limit 1 of each item\n|clearpoke\n|poke|p1|Kangaskhan, L50, F|\n|poke|p1|Talonflame, L50, M|\n|poke|p1|Clefable, L50, M|\n|poke|p1|Sneasler, L50, M|\n|poke|p1|Basculegion, L50, M|\n|poke|p1|Kingambit, L50, M|\n|poke|p2|Gardevoir, L50, F|\n|poke|p2|Sneasler, L50, F|\n|poke|p2|Whimsicott, L50, F|\n|poke|p2|Farigiraf, L50, M|\n|poke|p2|Kingambit, L50, F|\n|poke|p2|Basculegion, L50, M|\n|teampreview|4\n|\n|t:|1776179047\n|teamsize|p1|4\n|teamsize|p2|4\n|start\n|switch|p1a: Kangaskhan|Kangaskhan, L50, F, shiny|100/100\n|switch|p1b: Talonflame|Talonflame, L50, M|100/100\n|switch|p2a: Oody|Whimsicott, L50, F, shiny|100/100\n|switch|p2b: Unhappy Angel|Gardevoir, L50, F, shiny|100/100\n|turn|1\n|c|\u2606Phoop06|this talonflame should be dual wingbeat I now realize...\n|\n|t:|1776179086\n|detailschange|p2b: Unhappy Angel|Gardevoir-Mega, L50, F, shiny\n|-mega|p2b: Unhappy Angel|Gardevoir|Gardevoirite\n|detailschange|p1a: Kangaskhan|Kangaskhan-Mega, L50, F, shiny\n|-mega|p1a: Kangaskhan|Kangaskhan|Kangaskhanite\n|move|p1a: Kangaskhan|Fake Out|p2b: Unhappy Angel\n|-damage|p2b: Unhappy Angel|61/100\n|-damage|p2b: Unhappy Angel|52/100\n|-hitcount|p2b: Unhappy Angel|2\n|move|p2a: Oody|Tailwind|p2a: Oody\n|-sidestart|p2: redravencellinia|move: Tailwind\n|cant|p2b: Unhappy Angel|flinch\n|move|p1b: Talonflame|Will-O-Wisp|p2a: Oody\n|-status|p2a: Oody|brn\n|\n|-damage|p2a: Oody|95/100 brn|[from] brn\n|upkeep\n|turn|2\n|c|\u2606redravencellinia|probably, i wouldnt know i dont usually play it\n|\n|t:|1776179133\n|move|p2a: Oody|Encore|p1a: Kangaskhan\n|-start|p1a: Kangaskhan|Encore\n|move|p1a: Kangaskhan|Fake Out||[still]\n|-hint|Fake Out only works on your first turn out.\n|-fail|p1a: Kangaskhan\n|move|p1b: Talonflame|Brave Bird|p2a: Oody\n|-supereffective|p2a: Oody|1\n|-damage|p2a: Oody|0 fnt\n|faint|p2a: Oody\n|-damage|p1b: Talonflame|67/100|[from] Recoil\n|move|p2b: Unhappy Angel|Hyper Voice|p1b: Talonflame|[spread] p1a,p1b\n|-resisted|p1b: Talonflame|1\n|-damage|p1a: Kangaskhan|50/100\n|-damage|p1b: Talonflame|30/100\n|\n|upkeep\n|\n|t:|1776179148\n|switch|p2a: Fih|Basculegion, L50, M|100/100\n|turn|3\n|\n|t:|1776179164\n|move|p1b: Talonflame|Protect|p1b: Talonflame\n|-singleturn|p1b: Talonflame|Protect\n|move|p2a: Fih|Flip Turn|p1b: Talonflame\n|-activate|p1b: Talonflame|move: Protect\n|move|p2b: Unhappy Angel|Hyper Voice|p1a: Kangaskhan|[spread] p1a\n|-activate|p1b: Talonflame|move: Protect\n|-damage|p1a: Kangaskhan|0 fnt\n|faint|p1a: Kangaskhan\n|\n|upkeep\n|\n|t:|1776179172\n|switch|p1a: Kingambit|Kingambit, L50, M|100/100\n|turn|4\n|\n|t:|1776179183\n|move|p1a: Kingambit|Protect|p1a: Kingambit\n|-singleturn|p1a: Kingambit|Protect\n|move|p2a: Fih|Flip Turn|p1b: Talonflame\n|-supereffective|p1b: Talonflame|1\n|-damage|p1b: Talonflame|0 fnt\n|faint|p1b: Talonflame\n|\n|t:|1776179190\n|switch|p2a: Katt|Sneasler, L50, F|100/100|[from] Flip Turn\n|move|p2b: Unhappy Angel|Mystical Fire|p1a: Kingambit\n|-activate|p1a: Kingambit|move: Protect\n|\n|-sideend|p2: redravencellinia|move: Tailwind\n|upkeep\n|\n|t:|1776179194\n|switch|p1b: Clefable|Clefable, L50, M|100/100\n|turn|5\n|\n|t:|1776179218\n|move|p1b: Clefable|Follow Me|p1b: Clefable\n|-singleturn|p1b: Clefable|move: Follow Me\n|move|p2a: Katt|Dire Claw|p1b: Clefable\n|-supereffective|p1b: Clefable|1\n|-damage|p1b: Clefable|37/100\n|move|p2b: Unhappy Angel|Hyper Voice|p1a: Kingambit|[spread] p1a,p1b\n|-damage|p1a: Kingambit|53/100\n|-damage|p1b: Clefable|0 fnt\n|faint|p1b: Clefable\n|move|p1a: Kingambit|Kowtow Cleave|p2b: Unhappy Angel\n|-damage|p2b: Unhappy Angel|0 fnt\n|faint|p2b: Unhappy Angel\n|\n|upkeep\n|\n|t:|1776179230\n|switch|p2b: Fih|Basculegion, L50, M|100/100\n|turn|6\n|c|\u2606Phoop06|ggs\n|c|\u2606redravencellinia|gg\n|c|\u2606redravencellinia|have a nice day ^^\n|c|\u2606Phoop06|u2\n|\n|t:|1776179244\n|move|p1a: Kingambit|Sucker Punch|p2b: Fih\n|-supereffective|p2b: Fih|1\n|-damage|p2b: Fih|0 fnt\n|faint|p2b: Fih\n|move|p2a: Katt|Close Combat|p1a: Kingambit\n|-supereffective|p1a: Kingambit|2\n|-damage|p1a: Kingambit|0 fnt\n|-unboost|p2a: Katt|def|1\n|-unboost|p2a: Katt|spd|1\n|faint|p1a: Kingambit\n|\n|win|redravencellinia\n|raw|Phoop06's rating: 1114 &rarr; <strong>1085</strong><br />(-29 for losing)\n|raw|redravencellinia's rating: 1064 &rarr; <strong>1099</strong><br />(+35 for winning)\n|l|\u2606Phoop06\n|player|p1|\n",
  "uploadtime": 1776179253,
  "views": 20,
  "formatid": "gen9championsvgc2026regma",
  "rating": 1085,
  "private": 0,
  "password": null
}