{
  "id": "gen9championsvgc2026regma-2584942101",
  "format": "[Gen 9 Champions] VGC 2026 Reg M-A",
  "players": [
    "arespatatero51",
    "wecouldbepalafins"
  ],
  "log": "|j|\u2606arespatatero51\n|j|\u2606wecouldbepalafins\n|t:|1776296642\n|gametype|doubles\n|player|p1|arespatatero51|miku-ghost|\n|player|p2|wecouldbepalafins|265|\n|gen|9\n|tier|[Gen 9 Champions] VGC 2026 Reg M-A\n|rated|Tournament battle\n|rule|Species Clause: Limit one of each Pok\u00e9mon\n|rule|Item Clause: Limit 1 of each item\n|clearpoke\n|poke|p1|Kingambit, L50, M|\n|poke|p1|Sneasler, L50, M|\n|poke|p1|Aerodactyl, L50, F|\n|poke|p1|Milotic, L50, F|\n|poke|p1|Starmie, L50|\n|poke|p1|Sinistcha, L50|\n|poke|p2|Floette-Eternal, L50, F|\n|poke|p2|Espathra, L50, F|\n|poke|p2|Incineroar, L50, M|\n|poke|p2|Sneasler, L50, M|\n|poke|p2|Basculegion, L50, M|\n|poke|p2|Kingambit, L50, M|\n|teampreview|4\n|inactive|Battle timer is ON: inactive players will automatically lose when time's up. (requested by wecouldbepalafins)\narespatatero51 has agreed to open team sheets.\nwecouldbepalafins has agreed to open team sheets.\n|showteam|p1|Kingambit||BlackGlasses|Defiant|SuckerPunch,KowtowCleave,Protect,SwordsDance|||M|||50|]Sneasler||WhiteHerb|Unburden|Protect,FakeOut,CloseCombat,DireClaw|||M|||50|]Aerodactyl||FocusSash|Unnerve|Tailwind,DualWingbeat,WideGuard,RockSlide|||F|||50|]Milotic||MysticWater|Competitive|Scald,IcyWind,Protect,Recover|||F|||50|]Starmie||Starminite|NaturalCure|AquaJet,Liquidation,Protect,ZenHeadbutt||||||50|]Sinistcha||SitrusBerry|Hospitality|MatchaGotcha,RagePowder,LifeDew,Protect||||||50|\n|showteam|p2|Floette-Eternal||Floettite|FlowerVeil|Protect,Moonblast,DazzlingGleam,Substitute|||F|||50|]Espathra||FocusSash|SpeedBoost|Protect,LuminaCrash,HelpingHand,TrickRoom|||F|||50|]Incineroar||SitrusBerry|Intimidate|FakeOut,PartingShot,FlareBlitz,Taunt|||M|||50|]Sneasler||WhiteHerb|Unburden|Protect,DireClaw,CloseCombat,FakeOut|||M|||50|]Basculegion||ChoiceScarf|Adaptability|WaveCrash,FlipTurn,AquaJet,LastRespects|||M|||50|]Kingambit||BlackGlasses|Defiant|Protect,SuckerPunch,SwordsDance,KowtowCleave|||M|||50|\n|inactive|arespatatero51 has 60 seconds left.\n|inactive|arespatatero51 has 30 seconds left.\n|\n|t:|1776296705\n|teamsize|p1|4\n|teamsize|p2|4\n|start\n|switch|p1a: Kingambit|Kingambit, L50, M|100/100\n|switch|p1b: Milotic|Milotic, L50, F|100/100\n|switch|p2a: Just Dance|Floette-Eternal, L50, F|100/100\n|switch|p2b: Bad Romance|Espathra, L50, F|100/100\n|turn|1\n|inactive|arespatatero51 has 30 seconds left.\n|inactive|wecouldbepalafins has 30 seconds left.\n|inactive|wecouldbepalafins has 20 seconds left.\n|inactive|wecouldbepalafins has 15 seconds left.\n|inactive|wecouldbepalafins has 10 seconds left.\n|inactive|wecouldbepalafins has 5 seconds left.\n|\n|t:|1776296760\n|move|p2b: Bad Romance|Protect|p2b: Bad Romance\n|-singleturn|p2b: Bad Romance|Protect\n|move|p2a: Just Dance|Protect|p2a: Just Dance\n|-singleturn|p2a: Just Dance|Protect\n|move|p1b: Milotic|Scald|p2b: Bad Romance\n|-activate|p2b: Bad Romance|move: Protect\n|move|p1a: Kingambit|Kowtow Cleave|p2b: Bad Romance\n|-activate|p2b: Bad Romance|move: Protect\n|\n|-ability|p2b: Bad Romance|Speed Boost|boost\n|-boost|p2b: Bad Romance|spe|1\n|upkeep\n|turn|2\n|inactive|arespatatero51 has 30 seconds left.\n|\n|t:|1776296788\n|detailschange|p2a: Just Dance|Floette-Mega, L50, F\n|-mega|p2a: Just Dance|Floette|Floettite\n|-ability|p2a: Just Dance|Fairy Aura\n|move|p2b: Bad Romance|Lumina Crash|p1b: Milotic\n|-damage|p1b: Milotic|72/100\n|-unboost|p1b: Milotic|spd|2\n|-ability|p1b: Milotic|Competitive|boost\n|-boost|p1b: Milotic|spa|2\n|move|p2a: Just Dance|Moonblast|p1b: Milotic\n|-damage|p1b: Milotic|0 fnt\n|faint|p1b: Milotic\n|move|p1a: Kingambit|Kowtow Cleave|p2b: Bad Romance\n|-supereffective|p2b: Bad Romance|1\n|-enditem|p2b: Bad Romance|Focus Sash\n|-damage|p2b: Bad Romance|1/100\n|\n|-ability|p2b: Bad Romance|Speed Boost|boost\n|-boost|p2b: Bad Romance|spe|1\n|upkeep\n|\n|t:|1776296811\n|switch|p1b: Sneasler|Sneasler, L50, M|100/100\n|turn|3\n|inactive|wecouldbepalafins has 30 seconds left.\n|inactive|wecouldbepalafins has 20 seconds left.\n|inactive|wecouldbepalafins has 15 seconds left.\n|\n|t:|1776296856\n|move|p2b: Bad Romance|Helping Hand|p2a: Just Dance\n|-singleturn|p2a: Just Dance|Helping Hand|[of] p2b: Bad Romance\n|move|p1b: Sneasler|Protect|p1b: Sneasler\n|-singleturn|p1b: Sneasler|Protect\n|move|p1a: Kingambit|Sucker Punch||[still]\n|-fail|p1a: Kingambit\n|move|p2a: Just Dance|Moonblast|p1b: Sneasler\n|-activate|p1b: Sneasler|move: Protect\n|\n|-ability|p2b: Bad Romance|Speed Boost|boost\n|-boost|p2b: Bad Romance|spe|1\n|upkeep\n|turn|4\n|\n|t:|1776296871\n|switch|p1b: Aerodactyl|Aerodactyl, L50, F|100/100\n|-ability|p1b: Aerodactyl|Unnerve\n|move|p2b: Bad Romance|Helping Hand|p2a: Just Dance\n|-singleturn|p2a: Just Dance|Helping Hand|[of] p2b: Bad Romance\n|move|p2a: Just Dance|Moonblast|p1b: Aerodactyl\n|-enditem|p1b: Aerodactyl|Focus Sash\n|-damage|p1b: Aerodactyl|1/100\n|move|p1a: Kingambit|Kowtow Cleave|p2b: Bad Romance\n|-supereffective|p2b: Bad Romance|1\n|-crit|p2b: Bad Romance\n|-damage|p2b: Bad Romance|0 fnt\n|faint|p2b: Bad Romance\n|\n|upkeep\n|inactive|wecouldbepalafins has 30 seconds left.\n|inactive|wecouldbepalafins has 20 seconds left.\n|inactive|wecouldbepalafins has 15 seconds left.\n|inactive|wecouldbepalafins has 10 seconds left.\n|\n|t:|1776296920\n|switch|p2b: Poker Face|Sneasler, L50, M|100/100\n|turn|5\n|\n|t:|1776296929\n|move|p2b: Poker Face|Fake Out|p1b: Aerodactyl\n|-resisted|p1b: Aerodactyl|1\n|-damage|p1b: Aerodactyl|0 fnt\n|faint|p1b: Aerodactyl\n|move|p2a: Just Dance|Substitute|p2a: Just Dance\n|-start|p2a: Just Dance|Substitute\n|-damage|p2a: Just Dance|76/100\n|move|p1a: Kingambit|Swords Dance|p1a: Kingambit\n|-boost|p1a: Kingambit|atk|2\n|\n|upkeep\n|\n|t:|1776296938\n|switch|p1b: Sneasler|Sneasler, L50, M|100/100\n|turn|6\n|inactive|arespatatero51 has 30 seconds left.\n|inactive|wecouldbepalafins has 30 seconds left.\n|\n|t:|1776296967\n|move|p2b: Poker Face|Protect|p2b: Poker Face\n|-singleturn|p2b: Poker Face|Protect\n|move|p2a: Just Dance|Protect|p2a: Just Dance\n|-singleturn|p2a: Just Dance|Protect\n|move|p1b: Sneasler|Dire Claw|p2a: Just Dance\n|-activate|p2a: Just Dance|move: Protect\n|move|p1a: Kingambit|Kowtow Cleave|p2b: Poker Face\n|-activate|p2b: Poker Face|move: Protect\n|\n|upkeep\n|turn|7\n|\n|t:|1776296981\n|move|p1a: Kingambit|Sucker Punch|p2b: Poker Face\n|-resisted|p2b: Poker Face|1\n|-damage|p2b: Poker Face|15/100\n|move|p1b: Sneasler|Dire Claw|p2a: Just Dance\n|-supereffective|p2a: Just Dance|1\n|-end|p2a: Just Dance|Substitute\n|move|p2b: Poker Face|Close Combat|p1a: Kingambit\n|-supereffective|p1a: Kingambit|2\n|-damage|p1a: Kingambit|0 fnt\n|-unboost|p2b: Poker Face|def|1\n|-unboost|p2b: Poker Face|spd|1\n|faint|p1a: Kingambit\n|-enditem|p2b: Poker Face|White Herb\n|-clearnegativeboost|p2b: Poker Face|[silent]\n|move|p2a: Just Dance|Moonblast|p1b: Sneasler\n|-damage|p1b: Sneasler|11/100\n|-unboost|p1b: Sneasler|spa|1\n|-enditem|p1b: Sneasler|White Herb\n|-clearnegativeboost|p1b: Sneasler|[silent]\n|\n|upkeep\n|turn|8\n|c|\u2606wecouldbepalafins|gg wp\n|inactive|arespatatero51 has 30 seconds left.\n|c|\u2606arespatatero51|gg i did not expect sneasler to survive that icl\n|inactive|arespatatero51 has 20 seconds left.\n|-message|arespatatero51 forfeited.\n|\n|win|wecouldbepalafins\n|n|\u2606arespatatero51|arespatatero51\n|n|\u2606wecouldbepalafins|wecouldbepalafins\n",
  "uploadtime": 1776297029,
  "views": 16,
  "formatid": "gen9championsvgc2026regma",
  "rating": null,
  "private": 0,
  "password": null
}