{
  "id": "gen9championsvgc2026regma-2585951695",
  "format": "[Gen 9 Champions] VGC 2026 Reg M-A",
  "players": [
    "gr777",
    "ImYuukiShiro"
  ],
  "log": "|j|\u2606gr777\n|j|\u2606ImYuukiShiro\n|t:|1776384480\n|gametype|doubles\n|player|p1|gr777|265|1115\n|player|p2|ImYuukiShiro|colress|1202\n|gen|9\n|tier|[Gen 9 Champions] VGC 2026 Reg M-A\n|rated|\n|rule|Species Clause: Limit one of each Pok\u00e9mon\n|rule|Item Clause: Limit 1 of each item\n|clearpoke\n|poke|p1|Froslass, L50, F|\n|poke|p1|Avalugg, L50, M|\n|poke|p1|Empoleon, L50, M|\n|poke|p1|Sableye, L50, F|\n|poke|p1|Oranguru, L50, M|\n|poke|p1|Tauros-Paldea-Blaze, L50, M|\n|poke|p2|Chimecho, L50, M|\n|poke|p2|Incineroar, L50, F|\n|poke|p2|Garchomp, L50, M|\n|poke|p2|Archaludon, L50, M|\n|poke|p2|Torkoal, L50, M|\n|poke|p2|Sylveon, L50, M|\n|teampreview|4\n|inactive|Battle timer is ON: inactive players will automatically lose when time's up. (requested by ImYuukiShiro)\n|\n|t:|1776384506\n|teamsize|p1|4\n|teamsize|p2|4\n|start\n|switch|p1a: Avalugg|Avalugg, L50, M|100/100\n|switch|p1b: Oranguru|Oranguru, L50, M|100/100\n|switch|p2a: Torkoal|Torkoal, L50, M|100/100\n|switch|p2b: Chimecho|Chimecho, L50, M|100/100\n|-weather|SunnyDay|[from] ability: Drought|[of] p2a: Torkoal\n|turn|1\n|\n|t:|1776384520\n|detailschange|p2b: Chimecho|Chimecho-Mega, L50, M\n|-mega|p2b: Chimecho|Chimecho|Chimechite\n|move|p2b: Chimecho|Flash Cannon|p1b: Oranguru\n|-damage|p1b: Oranguru|62/100\n|move|p1b: Oranguru|Instruct||[still]\n|-fail|p1b: Oranguru\n|move|p1a: Avalugg|Icy Wind|p2a: Torkoal|[spread] p2a,p2b\n|-resisted|p2a: Torkoal|1\n|-crit|p2a: Torkoal\n|-resisted|p2b: Chimecho|1\n|-damage|p2a: Torkoal|94/100\n|-damage|p2b: Chimecho|97/100\n|-unboost|p2a: Torkoal|spe|1\n|-unboost|p2b: Chimecho|spe|1\n|move|p2a: Torkoal|Eruption|p1b: Oranguru|[spread] p1a,p1b\n|-supereffective|p1a: Avalugg|1\n|-damage|p1a: Avalugg|0 fnt\n|-damage|p1b: Oranguru|1/100\n|faint|p1a: Avalugg\n|\n|-weather|SunnyDay|[upkeep]\n|upkeep\n|\n|t:|1776384540\n|switch|p1a: Froslass|Froslass, L50, F|100/100\n|turn|2\n|\n|t:|1776384557\n|detailschange|p1a: Froslass|Froslass-Mega, L50, F\n|-mega|p1a: Froslass|Froslass|Froslassite\n|-weather|Snowscape|[from] ability: Snow Warning|[of] p1a: Froslass\n|move|p2b: Chimecho|Protect|p2b: Chimecho\n|-singleturn|p2b: Chimecho|Protect\n|move|p1a: Froslass|Shadow Ball|p2b: Chimecho\n|-activate|p2b: Chimecho|move: Protect\n|move|p1b: Oranguru|Instruct|p2b: Chimecho\n|-activate|p2b: Chimecho|move: Protect\n|move|p2a: Torkoal|Heat Wave|p1a: Froslass|[spread] p1a,p1b\n|-supereffective|p1a: Froslass|1\n|-damage|p1a: Froslass|16/100\n|-damage|p1b: Oranguru|0 fnt\n|faint|p1b: Oranguru\n|\n|-weather|Snowscape|[upkeep]\n|upkeep\n|\n|t:|1776384571\n|switch|p1b: Empoleon|Empoleon, L50, M|100/100\n|turn|3\n|\n|t:|1776384582\n|switch|p2b: Incineroar|Incineroar, L50, F|100/100\n|-ability|p2b: Incineroar|Intimidate|boost\n|-unboost|p1a: Froslass|atk|1\n|-unboost|p1b: Empoleon|atk|1\n|-ability|p1b: Empoleon|Competitive|boost\n|-boost|p1b: Empoleon|spa|2\n|-enditem|p1b: Empoleon|White Herb\n|-clearnegativeboost|p1b: Empoleon|[silent]\n|move|p2a: Torkoal|Protect|p2a: Torkoal\n|-singleturn|p2a: Torkoal|Protect\n|move|p1a: Froslass|Blizzard|p2a: Torkoal|[spread] p2b\n|-activate|p2a: Torkoal|move: Protect\n|-resisted|p2b: Incineroar|1\n|-damage|p2b: Incineroar|83/100\n|move|p1b: Empoleon|Blizzard|p2b: Incineroar|[spread] p2b\n|-activate|p2a: Torkoal|move: Protect\n|-resisted|p2b: Incineroar|1\n|-damage|p2b: Incineroar|63/100\n|-status|p2b: Incineroar|frz\n|\n|-weather|Snowscape|[upkeep]\n|upkeep\n|turn|4\n|c|\u2606ImYuukiShiro|HA\n|c|\u2606ImYuukiShiro|HA\n|c|\u2606ImYuukiShiro|HA\n|c|\u2606ImYuukiShiro|AWESOME\n|inactive|gr777 has 30 seconds left.\n|inactive|ImYuukiShiro has 30 seconds left.\n|inactive|ImYuukiShiro has 20 seconds left.\n|\n|t:|1776384620\n|cant|p2b: Incineroar|frz\n|move|p1a: Froslass|Blizzard|p2b: Incineroar|[spread] p2a,p2b\n|-resisted|p2a: Torkoal|1\n|-resisted|p2b: Incineroar|1\n|-damage|p2a: Torkoal|63/100\n|-damage|p2b: Incineroar|45/100 frz\n|-enditem|p2b: Incineroar|Sitrus Berry|[eat]\n|-heal|p2b: Incineroar|70/100 frz|[from] item: Sitrus Berry\n|move|p1b: Empoleon|Hydro Pump|p2a: Torkoal\n|-supereffective|p2a: Torkoal|1\n|-damage|p2a: Torkoal|0 fnt\n|faint|p2a: Torkoal\n|\n|-weather|Snowscape|[upkeep]\n|upkeep\n|\n|t:|1776384634\n|switch|p2a: Chimecho|Chimecho-Mega, L50, M|97/100\n|turn|5\n|\n|t:|1776384645\n|move|p2a: Chimecho|Protect|p2a: Chimecho\n|-singleturn|p2a: Chimecho|Protect\n|move|p1a: Froslass|Shadow Ball|p2a: Chimecho\n|-activate|p2a: Chimecho|move: Protect\n|move|p1b: Empoleon|Hydro Pump|p2b: Incineroar\n|-supereffective|p2b: Incineroar|1\n|-damage|p2b: Incineroar|0 fnt\n|faint|p2b: Incineroar\n|\n|-weather|Snowscape|[upkeep]\n|upkeep\n|\n|t:|1776384652\n|switch|p2b: Sylveon|Sylveon, L50, M, shiny|100/100\n|turn|6\n|\n|t:|1776384671\n|move|p1a: Froslass|Shadow Ball|p2a: Chimecho\n|-supereffective|p2a: Chimecho|1\n|-damage|p2a: Chimecho|8/100\n|move|p1b: Empoleon|Steel Beam|p2b: Sylveon\n|-supereffective|p2b: Sylveon|1\n|-damage|p2b: Sylveon|0 fnt\n|-damage|p1b: Empoleon|50/100|[from] steelbeam\n|faint|p2b: Sylveon\n|move|p2a: Chimecho|Trick Room|p2a: Chimecho\n|-fieldstart|move: Trick Room|[of] p2a: Chimecho\n|\n|-weather|none\n|upkeep\n|turn|7\n|c|\u2606ImYuukiShiro|nah, this game sucks\n|c|\u2606ImYuukiShiro|Freeze is insane\n|n|!ImYuukiShiro|imyuukishiro\n|inactive|ImYuukiShiro has 30 seconds left.\n|-message|ImYuukiShiro forfeited.\n|\n|win|gr777\n",
  "uploadtime": 1776384695,
  "views": 17,
  "formatid": "gen9championsvgc2026regma",
  "rating": null,
  "private": 0,
  "password": null
}