{
  "id": "gen9championsvgc2026regma-2587116728",
  "format": "[Gen 9 Champions] VGC 2026 Reg M-A",
  "players": [
    "MrBrand",
    "chaini xD"
  ],
  "log": "|j|\u2606MrBrand\n|j|\u2606chaini xD\n|t:|1776495754\n|gametype|doubles\n|player|p1|MrBrand|266|1144\n|player|p2|chaini xD|nurseryaide|1208\n|gen|9\n|tier|[Gen 9 Champions] VGC 2026 Reg M-A\n|rated|\n|rule|Species Clause: Limit one of each Pok\u00e9mon\n|rule|Item Clause: Limit 1 of each item\n|clearpoke\n|poke|p1|Gardevoir, L50, M|\n|poke|p1|Gallade, L50, M|\n|poke|p1|Farigiraf, L50, F|\n|poke|p1|Incineroar, L50, M|\n|poke|p1|Torkoal, L50, F|\n|poke|p1|Sableye, L50, M|\n|poke|p2|Skarmory, L50, F|\n|poke|p2|Sneasler, L50, M, shiny|\n|poke|p2|Tyranitar, L50, F|\n|poke|p2|Sinistcha, L50|\n|poke|p2|Incineroar, L50, M, shiny|\n|poke|p2|Rotom-Wash, L50, shiny|\n|teampreview|4\n|\n|t:|1776495807\n|teamsize|p1|4\n|teamsize|p2|4\n|start\n|switch|p1a: Farigiraf|Farigiraf, L50, F|100/100\n|switch|p1b: Gallade|Gallade, L50, M|100/100\n|switch|p2a: Tyranitar|Tyranitar, L50, F|100/100\n|switch|p2b: Sneasler|Sneasler, L50, M, shiny|100/100\n|-weather|Sandstorm|[from] ability: Sand Stream|[of] p2a: Tyranitar\n|turn|1\n|inactive|Battle timer is ON: inactive players will automatically lose when time's up. (requested by chaini xD)\n|\n|t:|1776495834\n|switch|p2a: Sinistcha|Sinistcha, L50|100/100\n|move|p2b: Sneasler|Dire Claw|p1a: Farigiraf\n|-damage|p1a: Farigiraf|59/100\n|-status|p1a: Farigiraf|slp\n|move|p1b: Gallade|Close Combat|p2a: Sinistcha\n|-immune|p2a: Sinistcha\n|cant|p1a: Farigiraf|slp\n|\n|-weather|Sandstorm|[upkeep]\n|-damage|p2b: Sneasler|94/100|[from] Sandstorm\n|-damage|p2a: Sinistcha|95/100|[from] Sandstorm\n|-damage|p1b: Gallade|95/100|[from] Sandstorm\n|-damage|p1a: Farigiraf|53/100 slp|[from] Sandstorm\n|upkeep\n|turn|2\n|\n|t:|1776495857\n|switch|p2b: Tyranitar|Tyranitar, L50, F|100/100\n|move|p2a: Sinistcha|Matcha Gotcha|p1b: Gallade|[spread] p1a,p1b\n|-damage|p1a: Farigiraf|31/100 slp\n|-heal|p2a: Sinistcha|100/100|[from] drain|[of] p1a: Farigiraf\n|-damage|p1b: Gallade|74/100\n|move|p1b: Gallade|Psycho Cut|p2b: Tyranitar\n|-immune|p2b: Tyranitar\n|cant|p1a: Farigiraf|slp\n|\n|-weather|Sandstorm|[upkeep]\n|-damage|p1b: Gallade|68/100|[from] Sandstorm\n|-damage|p2a: Sinistcha|95/100|[from] Sandstorm\n|-damage|p1a: Farigiraf|25/100 slp|[from] Sandstorm\n|upkeep\n|turn|3\n|\n|t:|1776495880\n|move|p2a: Sinistcha|Rage Powder|p2a: Sinistcha\n|-singleturn|p2a: Sinistcha|move: Rage Powder\n|move|p1b: Gallade|Psycho Cut|p2a: Sinistcha\n|-damage|p2a: Sinistcha|50/100\n|-enditem|p2a: Sinistcha|Sitrus Berry|[eat]\n|-heal|p2a: Sinistcha|75/100|[from] item: Sitrus Berry\n|move|p2b: Tyranitar|Rock Slide|p1a: Farigiraf|[spread] p1a,p1b\n|-resisted|p1b: Gallade|1\n|-damage|p1a: Farigiraf|0 fnt\n|-damage|p1b: Gallade|44/100\n|-enditem|p1b: Gallade|Sitrus Berry|[eat]\n|-heal|p1b: Gallade|69/100|[from] item: Sitrus Berry\n|faint|p1a: Farigiraf\n|\n|-weather|Sandstorm|[upkeep]\n|-damage|p2a: Sinistcha|69/100|[from] Sandstorm\n|-damage|p1b: Gallade|63/100|[from] Sandstorm\n|upkeep\n|\n|t:|1776495897\n|switch|p1a: Torkoal|Torkoal, L50, F|100/100\n|-weather|SunnyDay|[from] ability: Drought|[of] p1a: Torkoal\n|turn|4\n|\n|t:|1776495917\n|detailschange|p2b: Tyranitar|Tyranitar-Mega, L50, F\n|-mega|p2b: Tyranitar|Tyranitar|Tyranitarite\n|-weather|Sandstorm|[from] ability: Sand Stream|[of] p2b: Tyranitar\n|move|p2a: Sinistcha|Rage Powder|p2a: Sinistcha\n|-singleturn|p2a: Sinistcha|move: Rage Powder\n|move|p2b: Tyranitar|Rock Slide|p1b: Gallade|[spread] p1a,p1b\n|-supereffective|p1a: Torkoal|1\n|-resisted|p1b: Gallade|1\n|-damage|p1a: Torkoal|42/100\n|-damage|p1b: Gallade|39/100\n|move|p1b: Gallade|Psycho Cut|p2a: Sinistcha\n|-damage|p2a: Sinistcha|23/100\n|move|p1a: Torkoal|Eruption|p2a: Sinistcha|[spread] p2a,p2b\n|-supereffective|p2a: Sinistcha|1\n|-resisted|p2b: Tyranitar|1\n|-damage|p2a: Sinistcha|0 fnt\n|-damage|p2b: Tyranitar|95/100\n|faint|p2a: Sinistcha\n|\n|-weather|Sandstorm|[upkeep]\n|-damage|p1b: Gallade|34/100|[from] Sandstorm\n|-damage|p1a: Torkoal|36/100|[from] Sandstorm\n|upkeep\n|\n|t:|1776495935\n|switch|p2a: Rotom|Rotom-Wash, L50, shiny|100/100\n|turn|5\n|\n|t:|1776495951\n|switch|p1a: Gardevoir|Gardevoir, L50, M|100/100\n|-ability|p1a: Gardevoir|Sand Stream|Trace|[from] ability: Trace|[of] p2b: Tyranitar\n|move|p2a: Rotom|Electroweb|p1b: Gallade|[spread] p1a,p1b\n|-damage|p1a: Gardevoir|84/100\n|-damage|p1b: Gallade|20/100\n|-unboost|p1a: Gardevoir|spe|1\n|-unboost|p1b: Gallade|spe|1\n|move|p2b: Tyranitar|Rock Slide|p1a: Gardevoir|[spread] p1a,p1b\n|-resisted|p1b: Gallade|1\n|-damage|p1a: Gardevoir|32/100\n|-damage|p1b: Gallade|0 fnt\n|faint|p1b: Gallade\n|\n|-weather|Sandstorm|[upkeep]\n|-damage|p2a: Rotom|95/100|[from] Sandstorm\n|-damage|p1a: Gardevoir|26/100|[from] Sandstorm\n|upkeep\n|\n|t:|1776495970\n|switch|p1b: Torkoal|Torkoal, L50, F|36/100\n|-weather|SunnyDay|[from] ability: Drought|[of] p1b: Torkoal\n|turn|6\n|\n|t:|1776495976\n|detailschange|p1a: Gardevoir|Gardevoir-Mega, L50, M\n|-mega|p1a: Gardevoir|Gardevoir|Gardevoirite\n|move|p2a: Rotom|Electroweb|p1a: Gardevoir|[spread] p1a,p1b\n|-damage|p1a: Gardevoir|12/100\n|-damage|p1b: Torkoal|13/100\n|-unboost|p1a: Gardevoir|spe|1\n|-unboost|p1b: Torkoal|spe|1\n|move|p2b: Tyranitar|Rock Slide|p1a: Gardevoir|[spread] p1a,p1b\n|-supereffective|p1b: Torkoal|1\n|-damage|p1a: Gardevoir|0 fnt\n|-damage|p1b: Torkoal|0 fnt\n|faint|p1a: Gardevoir\n|faint|p1b: Torkoal\n|\n|win|chaini xD\n|raw|MrBrand's rating: 1144 &rarr; <strong>1124</strong><br />(-20 for losing)\n|raw|chaini xD's rating: 1208 &rarr; <strong>1228</strong><br />(+20 for winning)\n|l|\u2606MrBrand\n|player|p1|\n",
  "uploadtime": 1776495985,
  "views": 22,
  "formatid": "gen9championsvgc2026regma",
  "rating": 1124,
  "private": 0,
  "password": null
}