{
  "id": "gen9championsvgc2026regma-2581115179",
  "format": "[Gen 9 Champions] VGC 2026 Reg M-A",
  "players": [
    "LordSnorlax2727",
    "prismene"
  ],
  "log": "|j|\u2606LordSnorlax2727\n|j|\u2606prismene\n|t:|1775961302\n|gametype|doubles\n|player|p1|LordSnorlax2727|266|1357\n|player|p2|prismene|rosa|1285\n|gen|9\n|tier|[Gen 9 Champions] VGC 2026 Reg M-A\n|rated|\n|rule|Species Clause: Limit one of each Pok\u00e9mon\n|rule|Item Clause: Limit 1 of each item\n|clearpoke\n|poke|p1|Scizor, L50, M|\n|poke|p1|Glimmora, L50, M|\n|poke|p1|Basculegion, L50, M|\n|poke|p1|Incineroar, L50, F|\n|poke|p1|Whimsicott, L50, M|\n|poke|p1|Maushold-Four, L50|\n|poke|p2|Primarina, L50, M|\n|poke|p2|Incineroar, L50, F|\n|poke|p2|Glimmora, L50, M|\n|poke|p2|Whimsicott, L50, M|\n|poke|p2|Farigiraf, L50, F|\n|poke|p2|Mamoswine, L50, M|\n|teampreview|4\n|inactive|Battle timer is ON: inactive players will automatically lose when time's up. (requested by prismene)\n|inactive|LordSnorlax2727 has 60 seconds left.\n|\n|t:|1775961333\n|teamsize|p1|4\n|teamsize|p2|4\n|start\n|switch|p1a: Scizor|Scizor, L50, M|100/100\n|switch|p1b: Maushold|Maushold-Four, L50|100/100\n|switch|p2a: Whimsicott|Whimsicott, L50, M|100/100\n|switch|p2b: Glimmora|Glimmora, L50, M|100/100\n|turn|1\n|\n|t:|1775961350\n|switch|p2b: Incineroar|Incineroar, L50, F|100/100\n|-ability|p2b: Incineroar|Intimidate|boost\n|-unboost|p1a: Scizor|atk|1\n|-unboost|p1b: Maushold|atk|1\n|detailschange|p1a: Scizor|Scizor-Mega, L50, M\n|-mega|p1a: Scizor|Scizor|Scizorite\n|move|p2a: Whimsicott|Tailwind|p2a: Whimsicott\n|-sidestart|p2: prismene|move: Tailwind\n|move|p1b: Maushold|Super Fang|p2a: Whimsicott\n|-damage|p2a: Whimsicott|51/100\n|move|p1a: Scizor|Swords Dance|p1a: Scizor\n|-boost|p1a: Scizor|atk|2\n|\n|upkeep\n|turn|2\n|inactive|prismene has 30 seconds left.\n|\n|t:|1775961375\n|move|p1b: Maushold|Protect|p1b: Maushold\n|-singleturn|p1b: Maushold|Protect\n|move|p1a: Scizor|Protect|p1a: Scizor\n|-singleturn|p1a: Scizor|Protect\n|move|p2b: Incineroar|Fake Out|p1b: Maushold\n|-activate|p1b: Maushold|move: Protect\n|move|p2a: Whimsicott|Encore|p1a: Scizor\n|-activate|p1a: Scizor|move: Protect\n|\n|upkeep\n|turn|3\n|\n|t:|1775961393\n|move|p1b: Maushold|Follow Me|p1b: Maushold\n|-singleturn|p1b: Maushold|move: Follow Me\n|move|p2a: Whimsicott|Encore|p1b: Maushold\n|-start|p1b: Maushold|Encore\n|move|p2b: Incineroar|Flare Blitz|p1b: Maushold\n|-damage|p1b: Maushold|37/100\n|-damage|p2b: Incineroar|82/100|[from] Recoil\n|move|p1a: Scizor|Bug Bite|p2b: Incineroar\n|-damage|p2b: Incineroar|12/100\n|-enditem|p2b: Incineroar|Passho Berry|[from] stealeat|[move] Bug Bite|[of] p1a: Scizor\n|\n|upkeep\n|turn|4\n|\n|t:|1775961408\n|switch|p2b: Glimmora|Glimmora, L50, M|100/100\n|move|p1b: Maushold|Follow Me|p1b: Maushold\n|-singleturn|p1b: Maushold|move: Follow Me\n|move|p1a: Scizor|Bullet Punch|p2b: Glimmora\n|-supereffective|p2b: Glimmora|1\n|-damage|p2b: Glimmora|0 fnt\n|-activate|p2b: Glimmora|ability: Toxic Debris\n|-sidestart|p1: LordSnorlax2727|move: Toxic Spikes\n|faint|p2b: Glimmora\n|move|p2a: Whimsicott|Moonblast|p1b: Maushold\n|-damage|p1b: Maushold|7/100\n|\n|-sideend|p2: prismene|move: Tailwind\n|upkeep\n|\n|t:|1775961413\n|switch|p2b: Farigiraf|Farigiraf, L50, F|100/100\n|turn|5\n|\n|t:|1775961420\n|move|p1b: Maushold|Follow Me|p1b: Maushold\n|-singleturn|p1b: Maushold|move: Follow Me\n|move|p2a: Whimsicott|Moonblast|p1b: Maushold\n|-damage|p1b: Maushold|0 fnt\n|faint|p1b: Maushold\n|move|p1a: Scizor|Bug Bite|p2b: Farigiraf\n|-supereffective|p2b: Farigiraf|1\n|-damage|p2b: Farigiraf|0 fnt\n|-enditem|p2b: Farigiraf|Sitrus Berry|[from] stealeat|[move] Bug Bite|[of] p1a: Scizor\n|faint|p2b: Farigiraf\n|\n|upkeep\n|-message|prismene forfeited.\n|\n|win|LordSnorlax2727\n|raw|LordSnorlax2727's rating: 1357 &rarr; <strong>1373</strong><br />(+16 for winning)\n|raw|prismene's rating: 1285 &rarr; <strong>1265</strong><br />(-20 for losing)\n|l|\u2606prismene\n|player|p2|\n|l|\u2606LordSnorlax2727\n|player|p1|\n",
  "uploadtime": 1775962228,
  "views": 33,
  "formatid": "gen9championsvgc2026regma",
  "rating": 1265,
  "private": 0,
  "password": null
}