{
  "id": "gen9championsvgc2026regma-2580674092",
  "format": "[Gen 9 Champions] VGC 2026 Reg M-A",
  "players": [
    "Zelda04",
    "the_ag_is_fake"
  ],
  "log": "|j|\u2606Zelda04\n|j|\u2606the_ag_is_fake\n|t:|1775923249\n|gametype|doubles\n|player|p1|Zelda04|169|1046\n|player|p2|the_ag_is_fake|rika|1040\n|gen|9\n|tier|[Gen 9 Champions] VGC 2026 Reg M-A\n|rated|\n|rule|Species Clause: Limit one of each Pok\u00e9mon\n|rule|Item Clause: Limit 1 of each item\n|clearpoke\n|poke|p1|Kingambit, L50, M|\n|poke|p1|Rotom-Wash, L50|\n|poke|p1|Froslass, L50, F|\n|poke|p1|Farigiraf, L50, M|\n|poke|p1|Kangaskhan, L50, F|\n|poke|p1|Whimsicott, L50, M|\n|poke|p2|Aerodactyl, L50, F|\n|poke|p2|Floette-Eternal, L50, F|\n|poke|p2|Garchomp, L50, M|\n|poke|p2|Kingambit, L50, F|\n|poke|p2|Sneasler, L50, M|\n|poke|p2|Rotom-Heat, L50|\n|teampreview|4\n|inactive|Battle timer is ON: inactive players will automatically lose when time's up. (requested by the_ag_is_fake)\n|inactive|the_ag_is_fake has 60 seconds left.\n|\n|t:|1775923288\n|teamsize|p1|4\n|teamsize|p2|4\n|start\n|switch|p1a: Rotom|Rotom-Wash, L50|100/100\n|switch|p1b: Whimsicott|Whimsicott, L50, M|100/100\n|switch|p2a: Rotom|Rotom-Heat, L50|100/100\n|switch|p2b: Garchomp|Garchomp, L50, M|100/100\n|turn|1\n|\n|t:|1775923312\n|move|p1b: Whimsicott|Protect|p1b: Whimsicott\n|-singleturn|p1b: Whimsicott|Protect\n|move|p2b: Garchomp|Rock Slide|p1b: Whimsicott|[spread] p1a\n|-activate|p1b: Whimsicott|move: Protect\n|-damage|p1a: Rotom|79/100\n|move|p2a: Rotom|Volt Switch|p1a: Rotom\n|-damage|p1a: Rotom|42/100\n|-enditem|p1a: Rotom|Sitrus Berry|[eat]\n|-heal|p1a: Rotom|67/100|[from] item: Sitrus Berry\n|\n|t:|1775923322\n|switch|p2a: Kingambit|Kingambit, L50, F|100/100|[from] Volt Switch\n|move|p1a: Rotom|Will-O-Wisp|p2b: Garchomp|[miss]\n|-miss|p1a: Rotom|p2b: Garchomp\n|\n|upkeep\n|turn|2\n|\n|t:|1775923334\n|switch|p2b: Rotom|Rotom-Heat, L50|100/100\n|switch|p1a: Farigiraf|Farigiraf, L50, M|100/100\n|move|p1b: Whimsicott|Moonblast|p2b: Rotom\n|-resisted|p2b: Rotom|1\n|-damage|p2b: Rotom|82/100\n|-unboost|p2b: Rotom|spa|1\n|move|p2a: Kingambit|Kowtow Cleave|p1a: Farigiraf\n|-supereffective|p1a: Farigiraf|1\n|-damage|p1a: Farigiraf|0 fnt\n|faint|p1a: Farigiraf\n|\n|upkeep\n|\n|t:|1775923347\n|switch|p1a: Kangaskhan|Kangaskhan, L50, F|100/100\n|turn|3\n|\n|t:|1775923366\n|detailschange|p1a: Kangaskhan|Kangaskhan-Mega, L50, F\n|-mega|p1a: Kangaskhan|Kangaskhan|Kangaskhanite\n|move|p1a: Kangaskhan|Fake Out|p2b: Rotom\n|-damage|p2b: Rotom|51/100\n|-damage|p2b: Rotom|44/100\n|-hitcount|p2b: Rotom|2\n|move|p1b: Whimsicott|Tailwind|p1b: Whimsicott\n|-sidestart|p1: Zelda04|move: Tailwind\n|cant|p2b: Rotom|flinch\n|move|p2a: Kingambit|Kowtow Cleave|p1a: Kangaskhan\n|-damage|p1a: Kangaskhan|49/100\n|\n|upkeep\n|turn|4\n|\n|t:|1775923380\n|move|p1b: Whimsicott|Moonblast|p2b: Rotom\n|-resisted|p2b: Rotom|1\n|-damage|p2b: Rotom|23/100\n|move|p1a: Kangaskhan|Drain Punch|p2a: Kingambit\n|-supereffective|p2a: Kingambit|2\n|-damage|p2a: Kingambit|11/100\n|-heal|p1a: Kangaskhan|95/100|[from] drain|[of] p2a: Kingambit\n|-supereffective|p2a: Kingambit|2\n|-damage|p2a: Kingambit|0 fnt\n|-heal|p1a: Kangaskhan|100/100|[from] drain|[of] p2a: Kingambit\n|faint|p2a: Kingambit\n|-hitcount|p2: Kingambit|2\n|move|p2b: Rotom|Volt Switch|p1b: Whimsicott\n|-resisted|p1b: Whimsicott|1\n|-damage|p1b: Whimsicott|84/100\n|\n|t:|1775923391\n|switch|p2b: Floette|Floette-Eternal, L50, F|100/100|[from] Volt Switch\n|\n|upkeep\n|\n|t:|1775923394\n|switch|p2a: Garchomp|Garchomp, L50, M|100/100\n|turn|5\n|\n|t:|1775923407\n|detailschange|p2b: Floette|Floette-Mega, L50, F\n|-mega|p2b: Floette|Floette|Floettite\n|-ability|p2b: Floette|Fairy Aura\n|move|p1b: Whimsicott|Moonblast|p2a: Garchomp\n|-supereffective|p2a: Garchomp|1\n|-damage|p2a: Garchomp|18/100\n|move|p1a: Kangaskhan|Body Slam|p2b: Floette\n|-damage|p2b: Floette|36/100\n|-damage|p2b: Floette|20/100\n|-hitcount|p2b: Floette|2\n|move|p2a: Garchomp|Rock Slide|p1b: Whimsicott|[spread] p1a,p1b\n|-damage|p1a: Kangaskhan|82/100\n|-damage|p1b: Whimsicott|60/100\n|move|p2b: Floette|Moonblast|p1a: Kangaskhan\n|-damage|p1a: Kangaskhan|16/100\n|\n|upkeep\n|turn|6\n|\n|t:|1775923427\n|switch|p2a: Rotom|Rotom-Heat, L50|23/100\n|move|p2b: Floette|Protect|p2b: Floette\n|-singleturn|p2b: Floette|Protect\n|move|p1b: Whimsicott|Moonblast|p2a: Rotom\n|-resisted|p2a: Rotom|1\n|-damage|p2a: Rotom|0 fnt\n|faint|p2a: Rotom\n|move|p1a: Kangaskhan|Body Slam|p2b: Floette\n|-activate|p2b: Floette|move: Protect\n|\n|-sideend|p1: Zelda04|move: Tailwind\n|upkeep\n|\n|t:|1775923433\n|switch|p2a: Garchomp|Garchomp, L50, M|18/100\n|turn|7\n|\n|t:|1775923448\n|move|p1b: Whimsicott|Tailwind|p1b: Whimsicott\n|-sidestart|p1: Zelda04|move: Tailwind\n|move|p1a: Kangaskhan|Body Slam|p2b: Floette\n|-crit|p2b: Floette\n|-damage|p2b: Floette|0 fnt\n|faint|p2b: Floette\n|-hitcount|p2: Floette|1\n|move|p2a: Garchomp|Rock Slide|p1b: Whimsicott|[spread] p1a,p1b\n|-damage|p1a: Kangaskhan|0 fnt\n|-damage|p1b: Whimsicott|35/100\n|faint|p1a: Kangaskhan\n|\n|upkeep\n|c|\u2606the_ag_is_fake|gg\n|-message|the_ag_is_fake forfeited.\n|\n|win|Zelda04\n|raw|Zelda04's rating: 1046 &rarr; <strong>1079</strong><br />(+33 for winning)\n|raw|the_ag_is_fake's rating: 1040 &rarr; <strong>1024</strong><br />(-16 for losing)\n",
  "uploadtime": 1775923458,
  "views": 13,
  "formatid": "gen9championsvgc2026regma",
  "rating": 1024,
  "private": 0,
  "password": null
}