{
  "id": "gen9championsvgc2026regma-2582195732",
  "format": "[Gen 9 Champions] VGC 2026 Reg M-A",
  "players": [
    "LJJLONGER\u6211\u4e43\u9f99\u5c06\u519b",
    "DavidTIS"
  ],
  "log": "|j|\u2606LJJLONGER\u6211\u4e43\u9f99\u5c06\u519b\n|j|\u2606DavidTIS\n|t:|1776069967\n|gametype|doubles\n|player|p1|LJJLONGER\u6211\u4e43\u9f99\u5c06\u519b|n|1176\n|player|p2|DavidTIS|volkner|1185\n|gen|9\n|tier|[Gen 9 Champions] VGC 2026 Reg M-A\n|rated|\n|rule|Species Clause: Limit one of each Pok\u00e9mon\n|rule|Item Clause: Limit 1 of each item\n|clearpoke\n|poke|p1|Charizard, L50, M|\n|poke|p1|Whimsicott, L50, M|\n|poke|p1|Rotom-Wash, L50|\n|poke|p1|Garchomp, L50, F|\n|poke|p1|Sneasler, L50, M|\n|poke|p1|Incineroar, L50, F|\n|poke|p2|Garganacl, L50, M|\n|poke|p2|Mimikyu, L50, F|\n|poke|p2|Chimecho, L50, F|\n|poke|p2|Slowbro, L50, F|\n|poke|p2|Lucario, L50, F|\n|poke|p2|Drampa, L50, M|\n|teampreview|4\n|inactive|Battle timer is ON: inactive players will automatically lose when time's up. (requested by DavidTIS)\n|inactive|LJJLONGER\u6211\u4e43\u9f99\u5c06\u519b has 60 seconds left.\n|inactive|DavidTIS has 60 seconds left.\n|\n|t:|1776070011\n|teamsize|p1|4\n|teamsize|p2|4\n|start\n|switch|p1a: Rotom|Rotom-Wash, L50|100/100\n|switch|p1b: Garchomp|Garchomp, L50, F|100/100\n|switch|p2a: Garganacl|Garganacl, L50, M|100/100\n|switch|p2b: Mimikyu|Mimikyu, L50, F|100/100\n|turn|1\n|\n|t:|1776070027\n|move|p2a: Garganacl|Protect|p2a: Garganacl\n|-singleturn|p2a: Garganacl|Protect\n|move|p1b: Garchomp|Earthquake|p2b: Mimikyu|[spread] p2b\n|-activate|p2a: Garganacl|move: Protect\n|-immune|p1a: Rotom|[from] ability: Levitate\n|-activate|p2b: Mimikyu|ability: Disguise\n|-damage|p2b: Mimikyu|100/100\n|detailschange|p2b: Mimikyu|Mimikyu-Busted, L50, F\n|-damage|p2b: Mimikyu|88/100|[from] pokemon: Mimikyu-Busted\n|move|p1a: Rotom|Thunderbolt|p2b: Mimikyu\n|-damage|p2b: Mimikyu|43/100\n|-enditem|p2b: Mimikyu|Sitrus Berry|[eat]\n|-heal|p2b: Mimikyu|68/100|[from] item: Sitrus Berry\n|move|p2b: Mimikyu|Trick Room|p2b: Mimikyu\n|-fieldstart|move: Trick Room|[of] p2b: Mimikyu\n|\n|upkeep\n|turn|2\n|inactive|LJJLONGER\u6211\u4e43\u9f99\u5c06\u519b has 30 seconds left.\n|-activate|p2a: Garganacl|item: Quick Claw\n|\n|t:|1776070059\n|move|p2b: Mimikyu|Shadow Claw|p1a: Rotom\n|-damage|p1a: Rotom|67/100\n|move|p1a: Rotom|Thunderbolt|p2b: Mimikyu\n|-damage|p2b: Mimikyu|24/100\n|move|p1b: Garchomp|Earthquake|p2a: Garganacl|[spread] p2a,p2b\n|-immune|p1a: Rotom|[from] ability: Levitate\n|-supereffective|p2a: Garganacl|1\n|-damage|p2a: Garganacl|52/100\n|-damage|p2b: Mimikyu|0 fnt\n|faint|p2b: Mimikyu\n|move|p2a: Garganacl|Avalanche|p1b: Garchomp\n|-supereffective|p1b: Garchomp|2\n|-damage|p1b: Garchomp|0 fnt\n|-damage|p2a: Garganacl|40/100|[from] ability: Rough Skin|[of] p1b: Garchomp\n|faint|p1b: Garchomp\n|\n|-heal|p1a: Rotom|73/100|[from] item: Leftovers\n|upkeep\n|\n|t:|1776070080\n|switch|p2b: Drampa|Drampa, L50, M|100/100\n|switch|p1b: Sneasler|Sneasler, L50, M|100/100\n|-ability|p2b: Drampa|Cloud Nine\n|turn|3\n|\n|t:|1776070098\n|move|p1a: Rotom|Protect|p1a: Rotom\n|-singleturn|p1a: Rotom|Protect\n|move|p1b: Sneasler|Fake Out|p2a: Garganacl\n|-resisted|p2a: Garganacl|1\n|-damage|p2a: Garganacl|36/100\n|cant|p2a: Garganacl|flinch\n|move|p2b: Drampa|Hyper Voice|p1b: Sneasler|[spread] p1b\n|-activate|p1a: Rotom|move: Protect\n|-damage|p1b: Sneasler|44/100\n|\n|-heal|p1a: Rotom|79/100|[from] item: Leftovers\n|upkeep\n|turn|4\n|-activate|p2a: Garganacl|item: Quick Claw\n|\n|t:|1776070121\n|move|p1b: Sneasler|Protect|p1b: Sneasler\n|-singleturn|p1b: Sneasler|Protect\n|move|p2a: Garganacl|Rock Slide|p1b: Sneasler|[spread] p1a\n|-activate|p1b: Sneasler|move: Protect\n|-damage|p1a: Rotom|53/100\n|move|p2b: Drampa|Hyper Voice|p1a: Rotom|[spread] p1a\n|-activate|p1b: Sneasler|move: Protect\n|-damage|p1a: Rotom|13/100\n|move|p1a: Rotom|Thunderbolt|p2b: Drampa\n|-resisted|p2b: Drampa|1\n|-damage|p2b: Drampa|76/100\n|\n|-heal|p1a: Rotom|19/100|[from] item: Leftovers\n|upkeep\n|turn|5\n|\n|t:|1776070142\n|move|p1a: Rotom|Protect|p1a: Rotom\n|-singleturn|p1a: Rotom|Protect\n|move|p1b: Sneasler|Protect||[still]\n|-fail|p1b: Sneasler\n|move|p2a: Garganacl|Rock Slide|p1b: Sneasler|[spread] p1b\n|-activate|p1a: Rotom|move: Protect\n|-resisted|p1b: Sneasler|1\n|-damage|p1b: Sneasler|22/100\n|move|p2b: Drampa|Hyper Voice|p1b: Sneasler|[spread] p1b\n|-activate|p1a: Rotom|move: Protect\n|-damage|p1b: Sneasler|0 fnt\n|faint|p1b: Sneasler\n|\n|-heal|p1a: Rotom|25/100|[from] item: Leftovers\n|-fieldend|move: Trick Room\n|upkeep\n|\n|t:|1776070156\n|switch|p1b: Charizard|Charizard, L50, M|100/100\n|turn|6\n|\n|t:|1776070166\n|detailschange|p1b: Charizard|Charizard-Mega-Y, L50, M\n|-mega|p1b: Charizard|Charizard|Charizardite Y\n|-weather|SunnyDay|[from] ability: Drought|[of] p1b: Charizard\n|move|p2a: Garganacl|Protect|p2a: Garganacl\n|-singleturn|p2a: Garganacl|Protect\n|move|p1b: Charizard|Heat Wave|p2b: Drampa|[spread] p2b\n|-activate|p2a: Garganacl|move: Protect\n|-resisted|p2b: Drampa|1\n|-damage|p2b: Drampa|52/100\n|move|p1a: Rotom|Thunderbolt|p2b: Drampa\n|-resisted|p2b: Drampa|1\n|-damage|p2b: Drampa|30/100\n|move|p2b: Drampa|Draco Meteor|p1b: Charizard\n|-damage|p1b: Charizard|21/100\n|-unboost|p2b: Drampa|spa|2\n|-enditem|p2b: Drampa|White Herb\n|-clearnegativeboost|p2b: Drampa|[silent]\n|\n|-weather|SunnyDay|[upkeep]\n|-heal|p1a: Rotom|30/100|[from] item: Leftovers\n|upkeep\n|turn|7\n|\n|t:|1776070189\n|switch|p2b: Slowbro|Slowbro, L50, F|100/100\n|move|p1b: Charizard|Heat Wave|p2a: Garganacl|[spread] p2a,p2b\n|-resisted|p2a: Garganacl|1\n|-resisted|p2b: Slowbro|1\n|-damage|p2a: Garganacl|0 fnt\n|-damage|p2b: Slowbro|69/100\n|faint|p2a: Garganacl\n|move|p1a: Rotom|Thunderbolt|p2b: Slowbro\n|-supereffective|p2b: Slowbro|1\n|-damage|p2b: Slowbro|0 fnt\n|faint|p2b: Slowbro\n|\n|-weather|SunnyDay|[upkeep]\n|-heal|p1a: Rotom|36/100|[from] item: Leftovers\n|upkeep\n|\n|t:|1776070202\n|switch|p2b: Drampa|Drampa, L50, M|30/100\n|-ability|p2b: Drampa|Cloud Nine\n|turn|8\n|\n|t:|1776070210\n|move|p1b: Charizard|Protect|p1b: Charizard\n|-singleturn|p1b: Charizard|Protect\n|move|p1a: Rotom|Protect|p1a: Rotom\n|-singleturn|p1a: Rotom|Protect\n|move|p2b: Drampa|Hyper Voice|p1a: Rotom|[spread] \n|-activate|p1a: Rotom|move: Protect\n|-activate|p1b: Charizard|move: Protect\n|\n|-weather|SunnyDay|[upkeep]\n|-heal|p1a: Rotom|42/100|[from] item: Leftovers\n|upkeep\n|turn|9\n|\n|t:|1776070225\n|move|p1b: Charizard|Scorching Sands|p2b: Drampa\n|-damage|p2b: Drampa|0 fnt\n|faint|p2b: Drampa\n|\n|win|LJJLONGER\u6211\u4e43\u9f99\u5c06\u519b\n|raw|LJJLONGER\u6211\u4e43\u9f99\u5c06\u519b's rating: 1176 &rarr; <strong>1202</strong><br />(+26 for winning)\n|raw|DavidTIS's rating: 1185 &rarr; <strong>1159</strong><br />(-26 for losing)\n",
  "uploadtime": 1776070228,
  "views": 13,
  "formatid": "gen9championsvgc2026regma",
  "rating": 1159,
  "private": 0,
  "password": null
}