{
  "id": "gen9championsvgc2026regma-2581534287",
  "format": "[Gen 9 Champions] VGC 2026 Reg M-A",
  "players": [
    "R0SSELL",
    "pootis34"
  ],
  "log": "|j|\u2606R0SSELL\n|j|\u2606pootis34\n|t:|1776008910\n|gametype|doubles\n|player|p1|R0SSELL|red|1018\n|player|p2|pootis34|cilan|1019\n|gen|9\n|tier|[Gen 9 Champions] VGC 2026 Reg M-A\n|rated|\n|rule|Species Clause: Limit one of each Pok\u00e9mon\n|rule|Item Clause: Limit 1 of each item\n|clearpoke\n|poke|p1|Tyranitar, L50, M|\n|poke|p1|Gengar, L50, M|\n|poke|p1|Incineroar, L50, M|\n|poke|p1|Kingambit, L50, M|\n|poke|p1|Kommo-o, L50, M|\n|poke|p1|Sinistcha, L50|\n|poke|p2|Starmie, L50|\n|poke|p2|Garchomp, L50, M|\n|poke|p2|Tyranitar, L50, F|\n|poke|p2|Aegislash, L50, F|\n|poke|p2|Talonflame, L50, F|\n|poke|p2|Sinistcha-Masterpiece, L50|\n|teampreview|4\n|inactive|Battle timer is ON: inactive players will automatically lose when time's up. (requested by R0SSELL)\n|inactive|pootis34 also wants the timer to be on.\n|\n|t:|1776008934\n|teamsize|p1|4\n|teamsize|p2|4\n|start\n|switch|p1a: Gengar|Gengar, L50, M, shiny|100/100\n|switch|p1b: Incineroar|Incineroar, L50, M, shiny|100/100\n|switch|p2a: Starmie|Starmie, L50|100/100\n|switch|p2b: Garchomp|Garchomp, L50, M|100/100\n|-ability|p1b: Incineroar|Intimidate|boost\n|-unboost|p2a: Starmie|atk|1\n|-unboost|p2b: Garchomp|atk|1\n|-enditem|p2b: Garchomp|White Herb\n|-clearnegativeboost|p2b: Garchomp|[silent]\n|turn|1\n|\n|t:|1776008956\n|detailschange|p1a: Gengar|Gengar-Mega, L50, M, shiny\n|-mega|p1a: Gengar|Gengar|Gengarite\n|move|p2a: Starmie|Protect|p2a: Starmie\n|-singleturn|p2a: Starmie|Protect\n|move|p2b: Garchomp|Protect|p2b: Garchomp\n|-singleturn|p2b: Garchomp|Protect\n|move|p1b: Incineroar|Fake Out|p2a: Starmie\n|-activate|p2a: Starmie|move: Protect\n|move|p1a: Gengar|Perish Song|p1a: Gengar\n|-start|p1a: Gengar|perish3|[silent]\n|-start|p1b: Incineroar|perish3|[silent]\n|-start|p2a: Starmie|perish3|[silent]\n|-start|p2b: Garchomp|perish3|[silent]\n|-fieldactivate|move: Perish Song\n|\n|-start|p1a: Gengar|perish3\n|-start|p2a: Starmie|perish3\n|-start|p2b: Garchomp|perish3\n|-start|p1b: Incineroar|perish3\n|upkeep\n|turn|2\n|inactive|R0SSELL has 30 seconds left.\n|\n|t:|1776008986\n|detailschange|p2a: Starmie|Starmie-Mega, L50\n|-mega|p2a: Starmie|Starmie|Starminite\n|move|p1a: Gengar|Protect|p1a: Gengar\n|-singleturn|p1a: Gengar|Protect\n|move|p1b: Incineroar|Protect|p1b: Incineroar\n|-singleturn|p1b: Incineroar|Protect\n|move|p2a: Starmie|Skill Swap|p2b: Garchomp\n|-activate|p2a: Starmie|Skill Swap|||[of] p2b: Garchomp\n|move|p2b: Garchomp|Earthquake|p1b: Incineroar|[spread] p2a\n|-activate|p1a: Gengar|move: Protect\n|-activate|p1b: Incineroar|move: Protect\n|-damage|p2a: Starmie|7/100\n|\n|-start|p1a: Gengar|perish2\n|-start|p2a: Starmie|perish2\n|-start|p2b: Garchomp|perish2\n|-start|p1b: Incineroar|perish2\n|upkeep\n|turn|3\n|inactive|R0SSELL has 30 seconds left.\n|inactive|R0SSELL has 20 seconds left.\n|inactive|R0SSELL has 15 seconds left.\n|inactive|R0SSELL has 10 seconds left.\n|inactive|R0SSELL has 5 seconds left.\n|\n|t:|1776009036\n|switch|p1b: Sinistcha|Sinistcha, L50, shiny|100/100\n|move|p2a: Starmie|Protect|p2a: Starmie\n|-singleturn|p2a: Starmie|Protect\n|move|p1a: Gengar|Substitute|p1a: Gengar\n|-start|p1a: Gengar|Substitute\n|-damage|p1a: Gengar|76/100\n|move|p2b: Garchomp|Earthquake|p1a: Gengar|[spread] p1a,p1b\n|-activate|p2a: Starmie|move: Protect\n|-supereffective|p1a: Gengar|1\n|-end|p1a: Gengar|Substitute\n|-resisted|p1b: Sinistcha|1\n|-damage|p1b: Sinistcha|70/100\n|\n|-start|p1a: Gengar|perish1\n|-start|p2a: Starmie|perish1\n|-start|p2b: Garchomp|perish1\n|upkeep\n|turn|4\n|inactive|R0SSELL has 30 seconds left.\n|inactive|pootis34 has 30 seconds left.\n|inactive|R0SSELL has 20 seconds left.\n|inactive|R0SSELL has 15 seconds left.\n|inactive|R0SSELL has 10 seconds left.\n|inactive|R0SSELL has 5 seconds left.\n|\n|t:|1776009088\n|move|p1b: Sinistcha|Protect|p1b: Sinistcha\n|-singleturn|p1b: Sinistcha|Protect\n|move|p1a: Gengar|Substitute|p1a: Gengar\n|-start|p1a: Gengar|Substitute\n|-damage|p1a: Gengar|51/100\n|move|p2a: Starmie|Zen Headbutt|p1b: Sinistcha\n|-activate|p1b: Sinistcha|move: Protect\n|move|p2b: Garchomp|Earthquake|p1a: Gengar|[spread] p2a,p1a\n|-activate|p1b: Sinistcha|move: Protect\n|-supereffective|p1a: Gengar|1\n|-end|p1a: Gengar|Substitute\n|-damage|p2a: Starmie|0 fnt\n|faint|p2a: Starmie\n|\n|-start|p1a: Gengar|perish0\n|-start|p2b: Garchomp|perish0\n|faint|p1a: Gengar\n|faint|p2b: Garchomp\n|upkeep\n|\n|t:|1776009104\n|switch|p1a: Incineroar|Incineroar, L50, M, shiny|100/100\n|switch|p2a: Talonflame|Talonflame, L50, F|100/100\n|switch|p2b: Aegislash|Aegislash, L50, F|100/100\n|-ability|p1a: Incineroar|Intimidate|boost\n|-unboost|p2a: Talonflame|atk|1\n|-unboost|p2b: Aegislash|atk|1\n|turn|5\n|\n|t:|1776009119\n|switch|p1b: Kingambit|Kingambit, L50, M, shiny|100/100\n|move|p2a: Talonflame|Protect|p2a: Talonflame\n|-singleturn|p2a: Talonflame|Protect\n|move|p1a: Incineroar|Fake Out|p2a: Talonflame\n|-activate|p2a: Talonflame|move: Protect\n|-formechange|p2b: Aegislash|Aegislash-Blade|\n|move|p2b: Aegislash|Shadow Ball|p1b: Kingambit\n|-resisted|p1b: Kingambit|1\n|-crit|p1b: Kingambit\n|-damage|p1b: Kingambit|75/100\n|\n|upkeep\n|turn|6\n|\n|t:|1776009145\n|-formechange|p2b: Aegislash|Aegislash|\n|move|p2b: Aegislash|King's Shield|p2b: Aegislash\n|-singleturn|p2b: Aegislash|Protect\n|move|p2a: Talonflame|Flare Blitz|p1b: Kingambit\n|-supereffective|p1b: Kingambit|1\n|-damage|p1b: Kingambit|25/100\n|-damage|p2a: Talonflame|78/100|[from] Recoil\n|move|p1a: Incineroar|Throat Chop|p2a: Talonflame\n|-damage|p2a: Talonflame|27/100\n|-start|p2a: Talonflame|Throat Chop|[silent]\n|move|p1b: Kingambit|Iron Head|p2a: Talonflame\n|-resisted|p2a: Talonflame|1\n|-damage|p2a: Talonflame|0 fnt\n|faint|p2a: Talonflame\n|\n|upkeep\n|turn|7\n|-message|pootis34 forfeited.\n|\n|win|R0SSELL\n|raw|R0SSELL's rating: 1018 &rarr; <strong>1055</strong><br />(+37 for winning)\n|raw|pootis34's rating: 1019 &rarr; <strong>1006</strong><br />(-13 for losing)\n|l|\u2606pootis34\n|player|p2|\n",
  "uploadtime": 1776009167,
  "views": 13,
  "formatid": "gen9championsvgc2026regma",
  "rating": 1006,
  "private": 0,
  "password": null
}