{
  "id": "gen9championsvgc2026regma-2586876077",
  "format": "[Gen 9 Champions] VGC 2026 Reg M-A",
  "players": [
    "bickbad",
    "Millygan15"
  ],
  "log": "|j|\u2606bickbad\n|j|\u2606Millygan15\n|t:|1776467592\n|gametype|doubles\n|player|p1|bickbad|2|1039\n|player|p2|Millygan15|volkner|1055\n|gen|9\n|tier|[Gen 9 Champions] VGC 2026 Reg M-A\n|rated|\n|rule|Species Clause: Limit one of each Pok\u00e9mon\n|rule|Item Clause: Limit 1 of each item\n|clearpoke\n|poke|p1|Beedrill, L50, M|\n|poke|p1|Farigiraf, L50, F|\n|poke|p1|Incineroar, L50, M|\n|poke|p1|Sinistcha, L50|\n|poke|p1|Slowking, L50, F|\n|poke|p1|Beartic, L50, F|\n|poke|p2|Zoroark-Hisui, L50, M|\n|poke|p2|Ditto, L50|\n|poke|p2|Incineroar, L50, F|\n|poke|p2|Dragonite, L50, F|\n|poke|p2|Rotom-Wash, L50|\n|poke|p2|Sneasler, L50, M|\n|teampreview|4\n|inactive|Battle timer is ON: inactive players will automatically lose when time's up. (requested by Millygan15)\nMillygan15 rejected open team sheets.\n|\n|t:|1776467625\n|teamsize|p1|4\n|teamsize|p2|4\n|start\n|switch|p1a: Beedrill|Beedrill, L50, M|100/100\n|switch|p1b: Slowking|Slowking, L50, F|100/100\n|switch|p2a: Sneasler|Sneasler, L50, M|100/100\n|switch|p2b: Ditto|Ditto, L50|100/100\n|-transform|p2b: Ditto|p1a: Beedrill|[from] ability: Imposter\n|turn|1\n|\n|t:|1776467649\n|detailschange|p1a: Beedrill|Beedrill-Mega, L50, M\n|-mega|p1a: Beedrill|Beedrill|Beedrillite\n|move|p1a: Beedrill|Protect|p1a: Beedrill\n|-singleturn|p1a: Beedrill|Protect\n|move|p2a: Sneasler|Icy Wind|p1b: Slowking|[spread] \n|-activate|p1a: Beedrill|move: Protect\n|-miss|p2a: Sneasler|p1b: Slowking\n|move|p2b: Ditto|U-turn|p1b: Slowking\n|-supereffective|p1b: Slowking|1\n|-damage|p1b: Slowking|42/100\n|-enditem|p1b: Slowking|Sitrus Berry|[eat]\n|-heal|p1b: Slowking|67/100|[from] item: Sitrus Berry\n|\n|t:|1776467661\n|switch|p2b: Sneasler|Sneasler, L50, M|100/100|[from] U-turn\n|-prepare|p1b: Slowking|Chilly Reception|[premajor]\n|move|p1b: Slowking|Chilly Reception|p1b: Slowking\n|-weather|Snowscape\n|\n|t:|1776467672\n|switch|p1b: Beartic|Beartic, L50, F|100/100|[from] Chilly Reception\n|\n|-weather|Snowscape|[upkeep]\n|upkeep\n|turn|2\n|\n|t:|1776467691\n|move|p2b: Sneasler|Fake Out|p1b: Beartic\n|-damage|p1b: Beartic|91/100\n|move|p1a: Beedrill|Drill Run|p2b: Sneasler\n|-supereffective|p2b: Sneasler|1\n|-crit|p2b: Sneasler\n|-damage|p2b: Sneasler|0 fnt\n|faint|p2b: Sneasler\n|move|p2a: Sneasler|Icy Wind|p1b: Beartic|[spread] p1a,p1b\n|-resisted|p1b: Beartic|1\n|-damage|p1a: Beedrill|81/100\n|-damage|p1b: Beartic|83/100\n|-unboost|p1a: Beedrill|spe|1\n|-unboost|p1b: Beartic|spe|1\n|cant|p1b: Beartic|flinch\n|\n|-weather|Snowscape|[upkeep]\n|upkeep\n|\n|t:|1776467704\n|switch|p2b: Ditto|Ditto, L50|100/100\n|-transform|p2b: Ditto|p1a: Beedrill|[from] ability: Imposter\n|turn|3\n|inactive|bickbad has 30 seconds left.\n|inactive|bickbad has 20 seconds left.\n|inactive|bickbad has 15 seconds left.\n|\n|t:|1776467746\n|move|p2b: Ditto|Protect|p2b: Ditto\n|-singleturn|p2b: Ditto|Protect\n|move|p1b: Beartic|Aqua Jet|p2b: Ditto\n|-activate|p2b: Ditto|move: Protect\n|move|p2a: Sneasler|Icy Wind|p1b: Beartic|[spread] p1b\n|-miss|p2a: Sneasler|p1a: Beedrill\n|-resisted|p1b: Beartic|1\n|-damage|p1b: Beartic|76/100\n|-unboost|p1b: Beartic|spe|1\n|move|p1a: Beedrill|U-turn|p2a: Sneasler\n|-resisted|p2a: Sneasler|1\n|-damage|p2a: Sneasler|55/100\n|replace|p2a: Zoroark|Zoroark-Hisui, L50, M\n|-end|p2a: Zoroark|Illusion\n|\n|t:|1776467771\n|switch|p1a: Slowking|Slowking, L50, F|99/100|[from] U-turn\n|\n|-weather|Snowscape|[upkeep]\n|upkeep\n|turn|4\n|\n|t:|1776467786\n|move|p1b: Beartic|Aqua Jet|p2a: Zoroark\n|-damage|p2a: Zoroark|31/100\n|move|p2a: Zoroark|Will-O-Wisp|p1b: Beartic|[miss]\n|-miss|p2a: Zoroark|p1b: Beartic\n|move|p2b: Ditto|U-turn|p1a: Slowking\n|-supereffective|p1a: Slowking|1\n|-damage|p1a: Slowking|0 fnt\n|faint|p1a: Slowking\n|\n|t:|1776467808\n|switch|p2b: Dragonite|Dragonite, L50, F|100/100|[from] U-turn\n|\n|-weather|Snowscape|[upkeep]\n|upkeep\n|\n|t:|1776467820\n|switch|p1a: Beedrill|Beedrill-Mega, L50, M|81/100\n|turn|5\n|\n|t:|1776467834\n|switch|p2b: Ditto|Ditto, L50|100/100\n|-transform|p2b: Ditto|p1a: Beedrill|[from] ability: Imposter\n|move|p1a: Beedrill|U-turn|p2b: Ditto\n|-resisted|p2b: Ditto|1\n|-damage|p2b: Ditto|40/100\n|\n|t:|1776467838\n|switch|p1a: Sinistcha|Sinistcha, L50|100/100|[from] U-turn\n|-heal|p1b: Beartic|100/100|[from] ability: Hospitality|[of] p1a: Sinistcha\n|move|p2a: Zoroark|Icy Wind|p1a: Sinistcha|[spread] p1a,p1b\n|-supereffective|p1a: Sinistcha|1\n|-resisted|p1b: Beartic|1\n|-damage|p1a: Sinistcha|67/100\n|-damage|p1b: Beartic|94/100\n|-unboost|p1a: Sinistcha|spe|1\n|-unboost|p1b: Beartic|spe|1\n|move|p1b: Beartic|Icicle Crash|p2b: Ditto\n|-damage|p2b: Ditto|0 fnt\n|faint|p2b: Ditto\n|\n|-weather|none\n|upkeep\n|\n|t:|1776467850\n|switch|p2b: Dragonite|Dragonite, L50, F|100/100\n|turn|6\n|\n|t:|1776467868\n|detailschange|p2b: Dragonite|Dragonite-Mega, L50, F\n|-mega|p2b: Dragonite|Dragonite|Dragoninite\n|move|p1b: Beartic|Aqua Jet|p2b: Dragonite\n|-resisted|p2b: Dragonite|1\n|-damage|p2b: Dragonite|97/100\n|move|p2a: Zoroark|Will-O-Wisp|p1b: Beartic|[miss]\n|-miss|p2a: Zoroark|p1b: Beartic\n|move|p2b: Dragonite|Air Slash|p1a: Sinistcha\n|-supereffective|p1a: Sinistcha|1\n|-damage|p1a: Sinistcha|0 fnt\n|faint|p1a: Sinistcha\n|\n|upkeep\n|\n|t:|1776467870\n|switch|p1a: Beedrill|Beedrill-Mega, L50, M|81/100\n|turn|7\n|\n|t:|1776467895\n|move|p1a: Beedrill|Protect|p1a: Beedrill\n|-singleturn|p1a: Beedrill|Protect\n|move|p2a: Zoroark|Icy Wind|p1b: Beartic|[spread] p1b\n|-activate|p1a: Beedrill|move: Protect\n|-resisted|p1b: Beartic|1\n|-damage|p1b: Beartic|86/100\n|-unboost|p1b: Beartic|spe|1\n|move|p2b: Dragonite|Roost|p2b: Dragonite\n|-heal|p2b: Dragonite|100/100\n|-singleturn|p2b: Dragonite|move: Roost\n|move|p1b: Beartic|Icicle Crash|p2a: Zoroark|[miss]\n|-miss|p1b: Beartic|p2a: Zoroark\n|\n|upkeep\n|turn|8\n|inactive|bickbad has 30 seconds left.\n|\n|t:|1776467923\n|move|p1b: Beartic|Aqua Jet|p2a: Zoroark\n|-damage|p2a: Zoroark|6/100\n|move|p1a: Beedrill|Poison Jab|p2a: Zoroark\n|-resisted|p2a: Zoroark|1\n|-damage|p2a: Zoroark|0 fnt\n|faint|p2a: Zoroark\n|move|p2b: Dragonite|Air Slash|p1a: Beedrill\n|-supereffective|p1a: Beedrill|1\n|-damage|p1a: Beedrill|0 fnt\n|faint|p1a: Beedrill\n|\n|upkeep\n|turn|9\n|inactive|Millygan15 has 30 seconds left.\n|inactive|Millygan15 has 20 seconds left.\n|inactive|Millygan15 has 15 seconds left.\n|\n|t:|1776467964\n|move|p2b: Dragonite|Draco Meteor|p1b: Beartic\n|-damage|p1b: Beartic|0 fnt\n|-unboost|p2b: Dragonite|spa|2\n|faint|p1b: Beartic\n|\n|win|Millygan15\n|raw|bickbad's rating: 1039 &rarr; <strong>1024</strong><br />(-15 for losing)\n|raw|Millygan15's rating: 1055 &rarr; <strong>1085</strong><br />(+30 for winning)\n|l|\u2606bickbad\n|player|p1|\n",
  "uploadtime": 1776467972,
  "views": 20,
  "formatid": "gen9championsvgc2026regma",
  "rating": 1024,
  "private": 0,
  "password": null
}