{
  "id": "gen9championsvgc2026regma-2584833423",
  "format": "[Gen 9 Champions] VGC 2026 Reg M-A",
  "players": [
    "tridean",
    "ohfxld"
  ],
  "log": "|j|\u2606tridean\n|j|\u2606ohfxld\n|t:|1776287195\n|gametype|doubles\n|player|p1|tridean|sonia-masters|1126\n|player|p2|ohfxld|n|1124\n|gen|9\n|tier|[Gen 9 Champions] VGC 2026 Reg M-A\n|rated|\n|rule|Species Clause: Limit one of each Pok\u00e9mon\n|rule|Item Clause: Limit 1 of each item\n|clearpoke\n|poke|p1|Aerodactyl, L50, M|\n|poke|p1|Incineroar, L50, M|\n|poke|p1|Tyranitar, L50, F|\n|poke|p1|Sinistcha, L50|\n|poke|p1|Rotom-Wash, L50|\n|poke|p1|Sneasler, L50, F|\n|poke|p2|Delphox, L50, F|\n|poke|p2|Torkoal, L50, M|\n|poke|p2|Primarina, L50, M|\n|poke|p2|Mimikyu, L50, F|\n|poke|p2|Tyranitar, L50, M|\n|poke|p2|Meowstic, L50, M|\n|teampreview|4\nohfxld rejected open team sheets.\n|inactive|Battle timer is ON: inactive players will automatically lose when time's up. (requested by ohfxld)\n|\n|t:|1776287238\n|teamsize|p1|4\n|teamsize|p2|4\n|start\n|switch|p1a: Tyranitar|Tyranitar, L50, F|100/100\n|switch|p1b: Rotom|Rotom-Wash, L50|100/100\n|switch|p2a: Mimikyu|Mimikyu, L50, F|100/100\n|switch|p2b: Torkoal|Torkoal, L50, M|100/100\n|-weather|Sandstorm|[from] ability: Sand Stream|[of] p1a: Tyranitar\n|-weather|SunnyDay|[from] ability: Drought|[of] p2b: Torkoal\n|turn|1\n|inactive|tridean has 30 seconds left.\n|\n|t:|1776287270\n|detailschange|p1a: Tyranitar|Tyranitar-Mega, L50, F\n|-mega|p1a: Tyranitar|Tyranitar|Tyranitarite\n|-weather|Sandstorm|[from] ability: Sand Stream|[of] p1a: Tyranitar\n|move|p2b: Torkoal|Protect|p2b: Torkoal\n|-singleturn|p2b: Torkoal|Protect\n|move|p1b: Rotom|Hydro Pump|p2b: Torkoal\n|-activate|p2b: Torkoal|move: Protect\n|move|p1a: Tyranitar|Rock Slide|p2b: Torkoal|[spread] p2a\n|-activate|p2b: Torkoal|move: Protect\n|-activate|p2a: Mimikyu|ability: Disguise\n|-damage|p2a: Mimikyu|100/100\n|detailschange|p2a: Mimikyu|Mimikyu-Busted, L50, F\n|-damage|p2a: Mimikyu|88/100|[from] pokemon: Mimikyu-Busted\n|move|p2a: Mimikyu|Trick Room|p2a: Mimikyu\n|-fieldstart|move: Trick Room|[of] p2a: Mimikyu\n|\n|-weather|Sandstorm|[upkeep]\n|-damage|p2b: Torkoal|94/100|[from] Sandstorm\n|-damage|p2a: Mimikyu|82/100|[from] Sandstorm\n|-damage|p1b: Rotom|95/100|[from] Sandstorm\n|upkeep\n|turn|2\n|inactive|tridean has 30 seconds left.\n|\n|t:|1776287301\n|switch|p2b: Primarina|Primarina, L50, M, shiny|100/100\n|move|p1a: Tyranitar|Rock Slide|p2b: Primarina|[spread] p2a,p2b\n|-damage|p2a: Mimikyu|45/100\n|-damage|p2b: Primarina|68/100\n|cant|p2a: Mimikyu|flinch\n|move|p1b: Rotom|Hydro Pump|p2b: Primarina\n|-resisted|p2b: Primarina|1\n|-damage|p2b: Primarina|49/100\n|\n|-weather|Sandstorm|[upkeep]\n|-damage|p2b: Primarina|43/100|[from] Sandstorm\n|-damage|p2a: Mimikyu|39/100|[from] Sandstorm\n|-damage|p1b: Rotom|89/100|[from] Sandstorm\n|-heal|p2b: Primarina|49/100|[from] item: Leftovers\n|upkeep\n|turn|3\n|inactive|tridean has 30 seconds left.\n|\n|t:|1776287331\n|move|p2b: Primarina|Hyper Voice|p1b: Rotom|[spread] p1a,p1b\n|-supereffective|p1a: Tyranitar|1\n|-resisted|p1b: Rotom|1\n|-damage|p1a: Tyranitar|71/100\n|-damage|p1b: Rotom|70/100\n|move|p1a: Tyranitar|Knock Off|p2b: Primarina\n|-resisted|p2b: Primarina|1\n|-damage|p2b: Primarina|22/100\n|-enditem|p2b: Primarina|Leftovers|[from] move: Knock Off|[of] p1a: Tyranitar\n|move|p2a: Mimikyu|Play Rough|p1a: Tyranitar\n|-supereffective|p1a: Tyranitar|1\n|-damage|p1a: Tyranitar|35/100\n|move|p1b: Rotom|Hydro Pump|p2a: Mimikyu|[miss]\n|-miss|p1b: Rotom|p2a: Mimikyu\n|\n|-weather|Sandstorm|[upkeep]\n|-damage|p2b: Primarina|17/100|[from] Sandstorm\n|-damage|p2a: Mimikyu|33/100|[from] Sandstorm\n|-damage|p1b: Rotom|64/100|[from] Sandstorm\n|upkeep\n|turn|4\n|inactive|tridean has 30 seconds left.\n|\n|t:|1776287357\n|move|p2b: Primarina|Moonblast|p1b: Rotom\n|-damage|p1b: Rotom|8/100\n|move|p1a: Tyranitar|Rock Slide|p2b: Primarina|[spread] p2a,p2b\n|-damage|p2a: Mimikyu|0 fnt\n|-damage|p2b: Primarina|0 fnt\n|faint|p2a: Mimikyu\n|faint|p2b: Primarina\n|move|p1b: Rotom|Hydro Pump|p2: Mimikyu|[notarget]\n|-fail|p1b: Rotom\n|\n|-weather|Sandstorm|[upkeep]\n|-damage|p1b: Rotom|2/100|[from] Sandstorm\n|upkeep\n|\n|t:|1776287366\n|switch|p2b: Torkoal|Torkoal, L50, M|94/100\n|switch|p2a: Delphox|Delphox, L50, F, shiny|100/100\n|-weather|SunnyDay|[from] ability: Drought|[of] p2b: Torkoal\n|turn|5\n|\n|t:|1776287388\n|detailschange|p2a: Delphox|Delphox-Mega, L50, F, shiny\n|-mega|p2a: Delphox|Delphox|Delphoxite\n|move|p2a: Delphox|Protect|p2a: Delphox\n|-singleturn|p2a: Delphox|Protect\n|move|p2b: Torkoal|Solar Beam||[still]\n|-prepare|p2b: Torkoal|Solar Beam\n|-anim|p2b: Torkoal|Solar Beam|p1a: Tyranitar\n|-supereffective|p1a: Tyranitar|1\n|-damage|p1a: Tyranitar|0 fnt\n|faint|p1a: Tyranitar\n|move|p1b: Rotom|Hydro Pump|p2b: Torkoal\n|-supereffective|p2b: Torkoal|1\n|-damage|p2b: Torkoal|25/100\n|\n|-weather|SunnyDay|[upkeep]\n|-fieldend|move: Trick Room\n|upkeep\n|\n|t:|1776287403\n|switch|p1a: Aerodactyl|Aerodactyl, L50, M|100/100\n|-ability|p1a: Aerodactyl|Unnerve\n|turn|6\n|-activate|p2b: Torkoal|item: Quick Claw\n|\n|t:|1776287421\n|move|p2b: Torkoal|Solar Beam||[still]\n|-prepare|p2b: Torkoal|Solar Beam\n|-anim|p2b: Torkoal|Solar Beam|p1a: Aerodactyl\n|-damage|p1a: Aerodactyl|55/100\n|move|p1b: Rotom|Hydro Pump|p2a: Delphox\n|-supereffective|p2a: Delphox|1\n|-damage|p2a: Delphox|60/100\n|move|p1a: Aerodactyl|Dual Wingbeat|p2b: Torkoal\n|-damage|p2b: Torkoal|10/100\n|-damage|p2b: Torkoal|0 fnt\n|faint|p2b: Torkoal\n|-hitcount|p2: Torkoal|2\n|move|p2a: Delphox|Heat Wave|p1a: Aerodactyl|[spread] p1a,p1b\n|-resisted|p1a: Aerodactyl|1\n|-resisted|p1b: Rotom|1\n|-damage|p1a: Aerodactyl|11/100\n|-damage|p1b: Rotom|0 fnt\n|faint|p1b: Rotom\n|\n|-weather|SunnyDay|[upkeep]\n|upkeep\n|\n|t:|1776287444\n|switch|p1b: Sneasler|Sneasler, L50, F|100/100\n|turn|7\n|\n|t:|1776287456\n|move|p2a: Delphox|Protect|p2a: Delphox\n|-singleturn|p2a: Delphox|Protect\n|move|p1b: Sneasler|Fake Out|p2a: Delphox\n|-activate|p2a: Delphox|move: Protect\n|move|p1a: Aerodactyl|Dual Wingbeat|p2a: Delphox\n|-activate|p2a: Delphox|move: Protect\n|\n|-weather|SunnyDay|[upkeep]\n|upkeep\n|turn|8\n|\n|t:|1776287476\n|move|p1a: Aerodactyl|Dual Wingbeat|p2a: Delphox\n|-damage|p2a: Delphox|36/100\n|-damage|p2a: Delphox|9/100\n|-hitcount|p2a: Delphox|2\n|move|p2a: Delphox|Heat Wave|p1a: Aerodactyl|[spread] p1a,p1b\n|-resisted|p1a: Aerodactyl|1\n|-damage|p1a: Aerodactyl|0 fnt\n|-damage|p1b: Sneasler|17/100\n|faint|p1a: Aerodactyl\n|move|p1b: Sneasler|Dire Claw|p2a: Delphox\n|-damage|p2a: Delphox|0 fnt\n|faint|p2a: Delphox\n|\n|win|tridean\n|raw|tridean's rating: 1126 &rarr; <strong>1151</strong><br />(+25 for winning)\n|raw|ohfxld's rating: 1124 &rarr; <strong>1099</strong><br />(-25 for losing)\n|l|\u2606ohfxld\n|player|p2|\n",
  "uploadtime": 1776287497,
  "views": 34,
  "formatid": "gen9championsvgc2026regma",
  "rating": 1099,
  "private": 0,
  "password": null
}