{
  "id": "gen9championsvgc2026regma-2584263770",
  "format": "[Gen 9 Champions] VGC 2026 Reg M-A",
  "players": [
    "PlazaRayquaza",
    "WalkEmDownM0rt"
  ],
  "log": "|j|\u2606PlazaRayquaza\n|j|\u2606WalkEmDownM0rt\n|t:|1776244753\n|gametype|doubles\n|player|p1|PlazaRayquaza|calem-masters|1436\n|player|p2|WalkEmDownM0rt|boarder|1501\n|gen|9\n|tier|[Gen 9 Champions] VGC 2026 Reg M-A\n|rated|\n|rule|Species Clause: Limit one of each Pok\u00e9mon\n|rule|Item Clause: Limit 1 of each item\n|clearpoke\n|poke|p1|Delphox, L50, M|\n|poke|p1|Farigiraf, L50, F|\n|poke|p1|Pangoro, L50, M|\n|poke|p1|Whimsicott, L50, F|\n|poke|p1|Mamoswine, L50, M|\n|poke|p1|Starmie, L50|\n|poke|p2|Garchomp, L50, F|\n|poke|p2|Delphox, L50, F|\n|poke|p2|Basculegion, L50, M|\n|poke|p2|Sneasler, L50, M|\n|poke|p2|Kingambit, L50, M|\n|poke|p2|Clefable, L50, M|\n|teampreview|4\n|\n|t:|1776244784\n|teamsize|p1|4\n|teamsize|p2|4\n|start\n|switch|p1a: Patricio|Starmie, L50, shiny|100/100\n|switch|p1b: Po|Pangoro, L50, M, shiny|100/100\n|switch|p2a: Delphox|Delphox, L50, F|100/100\n|switch|p2b: Clefable|Clefable, L50, M|100/100\n|turn|1\n|\n|t:|1776244796\n|detailschange|p1a: Patricio|Starmie-Mega, L50, shiny\n|-mega|p1a: Patricio|Starmie|Starminite\n|move|p2a: Delphox|Protect|p2a: Delphox\n|-singleturn|p2a: Delphox|Protect\n|move|p1b: Po|Protect|p1b: Po\n|-singleturn|p1b: Po|Protect\n|move|p2b: Clefable|Protect|p2b: Clefable\n|-singleturn|p2b: Clefable|Protect\n|move|p1a: Patricio|Liquidation|p2a: Delphox\n|-activate|p2a: Delphox|move: Protect\n|\n|upkeep\n|turn|2\n|\n|t:|1776244809\n|switch|p1b: Escalator|Farigiraf, L50, F, shiny|100/100\n|detailschange|p2a: Delphox|Delphox-Mega, L50, F\n|-mega|p2a: Delphox|Delphox|Delphoxite\n|move|p2b: Clefable|Follow Me|p2b: Clefable\n|-singleturn|p2b: Clefable|move: Follow Me\n|move|p2a: Delphox|Will-O-Wisp|p1a: Patricio\n|-status|p1a: Patricio|brn\n|move|p1a: Patricio|Liquidation|p2b: Clefable\n|-damage|p2b: Clefable|71/100\n|\n|-damage|p1a: Patricio|95/100 brn|[from] brn\n|upkeep\n|turn|3\n|\n|t:|1776244821\n|move|p2a: Delphox|Protect|p2a: Delphox\n|-singleturn|p2a: Delphox|Protect\n|move|p1a: Patricio|Liquidation|p2a: Delphox\n|-activate|p2a: Delphox|move: Protect\n|move|p2b: Clefable|Moonblast|p1a: Patricio\n|-damage|p1a: Patricio|52/100 brn\n|move|p1b: Escalator|Imprison|p1b: Escalator\n|-start|p1b: Escalator|move: Imprison\n|\n|-damage|p1a: Patricio|46/100 brn|[from] brn\n|upkeep\n|turn|4\n|\n|t:|1776244833\n|move|p2b: Clefable|Follow Me|p2b: Clefable\n|-singleturn|p2b: Clefable|move: Follow Me\n|move|p2a: Delphox|Heat Wave|p1b: Escalator|[spread] p1a,p1b\n|-resisted|p1a: Patricio|1\n|-damage|p1a: Patricio|23/100 brn\n|-damage|p1b: Escalator|67/100\n|move|p1a: Patricio|Liquidation|p2b: Clefable\n|-damage|p2b: Clefable|41/100\n|-enditem|p2b: Clefable|Sitrus Berry|[eat]\n|-heal|p2b: Clefable|65/100|[from] item: Sitrus Berry\n|move|p1b: Escalator|Psychic Noise|p2b: Clefable\n|-damage|p2b: Clefable|34/100\n|-start|p2b: Clefable|move: Heal Block\n|\n|-damage|p1a: Patricio|17/100 brn|[from] brn\n|upkeep\n|turn|5\n|\n|t:|1776244841\n|move|p2b: Clefable|Helping Hand|p2a: Delphox\n|-singleturn|p2a: Delphox|Helping Hand|[of] p2b: Clefable\n|move|p1a: Patricio|Protect|p1a: Patricio\n|-singleturn|p1a: Patricio|Protect\n|move|p2a: Delphox|Heat Wave|p1b: Escalator|[spread] p1b\n|-activate|p1a: Patricio|move: Protect\n|-damage|p1b: Escalator|14/100\n|-enditem|p1b: Escalator|Sitrus Berry|[eat]\n|-heal|p1b: Escalator|39/100|[from] item: Sitrus Berry\n|move|p1b: Escalator|Psychic Noise|p2b: Clefable\n|-damage|p2b: Clefable|7/100\n|\n|-damage|p1a: Patricio|11/100 brn|[from] brn\n|-end|p2b: Clefable|move: Heal Block\n|upkeep\n|turn|6\n|\n|t:|1776244856\n|switch|p1a: Po|Pangoro, L50, M, shiny|100/100\n|move|p2b: Clefable|Helping Hand|p2a: Delphox\n|-singleturn|p2a: Delphox|Helping Hand|[of] p2b: Clefable\n|move|p2a: Delphox|Heat Wave|p1a: Po|[spread] p1a,p1b\n|-damage|p1a: Po|26/100\n|-damage|p1b: Escalator|0 fnt\n|-status|p1a: Po|brn\n|faint|p1b: Escalator\n|\n|-damage|p1a: Po|20/100 brn|[from] brn\n|upkeep\n|\n|t:|1776244862\n|switch|p1b: FluffPuff|Whimsicott, L50, F, shiny|100/100\n|turn|7\n|\n|t:|1776244868\n|move|p2b: Clefable|Follow Me|p2b: Clefable\n|-singleturn|p2b: Clefable|move: Follow Me\n|move|p1b: FluffPuff|Tailwind|p1b: FluffPuff\n|-sidestart|p1: PlazaRayquaza|move: Tailwind\n|move|p1a: Po|Bullet Punch|p2b: Clefable\n|-supereffective|p2b: Clefable|1\n|-damage|p2b: Clefable|0 fnt\n|faint|p2b: Clefable\n|move|p2a: Delphox|Heat Wave|p1a: Po|[spread] p1a,p1b\n|-supereffective|p1b: FluffPuff|1\n|-damage|p1a: Po|0 fnt\n|-enditem|p1b: FluffPuff|Focus Sash\n|-damage|p1b: FluffPuff|1/100\n|faint|p1a: Po\n|\n|upkeep\n|\n|t:|1776244882\n|switch|p1a: Patricio|Starmie-Mega, L50, shiny|11/100 brn\n|switch|p2b: Sneasler|Sneasler, L50, M|100/100\n|turn|8\n|\n|t:|1776244889\n|move|p1a: Patricio|Protect|p1a: Patricio\n|-singleturn|p1a: Patricio|Protect\n|move|p2b: Sneasler|Fake Out|p1b: FluffPuff\n|-damage|p1b: FluffPuff|0 fnt\n|faint|p1b: FluffPuff\n|move|p2a: Delphox|Heat Wave|p1a: Patricio\n|-activate|p1a: Patricio|move: Protect\n|\n|-damage|p1a: Patricio|6/100 brn|[from] brn\n|upkeep\n|turn|9\n|\n|t:|1776244894\n|move|p2a: Delphox|Protect|p2a: Delphox\n|-singleturn|p2a: Delphox|Protect\n|move|p2b: Sneasler|Protect|p2b: Sneasler\n|-singleturn|p2b: Sneasler|Protect\n|move|p1a: Patricio|Psycho Cut|p2b: Sneasler\n|-activate|p2b: Sneasler|move: Protect\n|\n|-damage|p1a: Patricio|0 fnt|[from] brn\n|faint|p1a: Patricio\n|\n|win|WalkEmDownM0rt\n|raw|PlazaRayquaza's rating: 1436 &rarr; <strong>1420</strong><br />(-16 for losing)\n|raw|WalkEmDownM0rt's rating: 1501 &rarr; <strong>1517</strong><br />(+16 for winning)\n|l|\u2606PlazaRayquaza\n|player|p1|\n",
  "uploadtime": 1776244907,
  "views": 51,
  "formatid": "gen9championsvgc2026regma",
  "rating": 1420,
  "private": 0,
  "password": null
}