{
  "id": "gen9championsvgc2026regma-2586638448",
  "format": "[Gen 9 Champions] VGC 2026 Reg M-A",
  "players": [
    "Ghostkller",
    "CounterDraw"
  ],
  "log": "|j|\u2606Ghostkller\n|j|\u2606CounterDraw\n|t:|1776448617\n|gametype|doubles\n|player|p1|Ghostkller|169|1172\n|player|p2|CounterDraw|170|1234\n|gen|9\n|tier|[Gen 9 Champions] VGC 2026 Reg M-A\n|rated|\n|rule|Species Clause: Limit one of each Pok\u00e9mon\n|rule|Item Clause: Limit 1 of each item\n|clearpoke\n|poke|p1|Floette-Eternal, L50, F|\n|poke|p1|Talonflame, L50, F|\n|poke|p1|Aggron, L50, M|\n|poke|p1|Milotic, L50, F|\n|poke|p1|Sableye, L50, M|\n|poke|p1|Basculegion, L50, M|\n|poke|p2|Farigiraf, L50, M|\n|poke|p2|Scovillain, L50, F|\n|poke|p2|Kingambit, L50, F|\n|poke|p2|Gallade, L50, M|\n|poke|p2|Incineroar, L50, F|\n|poke|p2|Primarina, L50, F|\n|teampreview|4\n|inactive|Battle timer is ON: inactive players will automatically lose when time's up. (requested by Ghostkller)\n|inactive|Ghostkller has 60 seconds left.\nCounterDraw rejected open team sheets.\n|\n|t:|1776448667\n|teamsize|p1|4\n|teamsize|p2|4\n|start\n|switch|p1a: Milotic|Milotic, L50, F|100/100\n|switch|p1b: Talonflame|Talonflame, L50, F|100/100\n|switch|p2a: Farigiraf|Farigiraf, L50, M, shiny|100/100\n|switch|p2b: Scovillain|Scovillain, L50, F, shiny|100/100\n|turn|1\n|inactive|Ghostkller has 30 seconds left.\n|\n|t:|1776448694\n|detailschange|p2b: Scovillain|Scovillain-Mega, L50, F, shiny\n|-mega|p2b: Scovillain|Scovillain|Scovillainite\n|move|p1b: Talonflame|Flare Blitz|p2a: Farigiraf\n|-damage|p2a: Farigiraf|50/100\n|-enditem|p2a: Farigiraf|Sitrus Berry|[eat]\n|-heal|p2a: Farigiraf|75/100|[from] item: Sitrus Berry\n|-damage|p1b: Talonflame|77/100|[from] Recoil\n|move|p1a: Milotic|Scald|p2a: Farigiraf\n|-damage|p2a: Farigiraf|39/100\n|-status|p2a: Farigiraf|brn\n|move|p2b: Scovillain|Giga Drain|p1a: Milotic\n|-supereffective|p1a: Milotic|1\n|-damage|p1a: Milotic|41/100\n|move|p2a: Farigiraf|Trick Room|p2a: Farigiraf\n|-fieldstart|move: Trick Room|[of] p2a: Farigiraf\n|\n|-heal|p1a: Milotic|47/100|[from] item: Leftovers\n|-damage|p2a: Farigiraf|33/100 brn|[from] brn\n|upkeep\n|turn|2\n|inactive|CounterDraw has 30 seconds left.\n|\n|t:|1776448721\n|move|p1a: Milotic|Protect|p1a: Milotic\n|-singleturn|p1a: Milotic|Protect\n|move|p2a: Farigiraf|Psychic|p1b: Talonflame\n|-damage|p1b: Talonflame|16/100\n|move|p2b: Scovillain|Giga Drain|p1a: Milotic\n|-activate|p1a: Milotic|move: Protect\n|move|p1b: Talonflame|Flare Blitz|p2a: Farigiraf\n|-damage|p2a: Farigiraf|0 fnt\n|faint|p2a: Farigiraf\n|-damage|p1b: Talonflame|1/100|[from] Recoil\n|\n|-heal|p1a: Milotic|53/100|[from] item: Leftovers\n|upkeep\n|\n|t:|1776448740\n|switch|p2a: Kingambit|Kingambit, L50, F, shiny|100/100\n|turn|3\n|\n|t:|1776448756\n|switch|p1a: Sableye|Sableye, L50, M|100/100\n|switch|p1b: Aggron|Aggron, L50, M, shiny|100/100\n|move|p2a: Kingambit|Kowtow Cleave|p1b: Aggron\n|-damage|p1b: Aggron|56/100\n|move|p2b: Scovillain|Giga Drain|p1a: Sableye\n|-damage|p1a: Sableye|53/100\n|\n|upkeep\n|turn|4\n|\n|t:|1776448775\n|detailschange|p1b: Aggron|Aggron-Mega, L50, M, shiny\n|-mega|p1b: Aggron|Aggron|Aggronite\n|move|p1a: Sableye|Disable|p2b: Scovillain\n|-start|p2b: Scovillain|Disable|Giga Drain\n|move|p1b: Aggron|Iron Defense|p1b: Aggron\n|-boost|p1b: Aggron|def|2\n|move|p2a: Kingambit|Kowtow Cleave|p1a: Sableye\n|-crit|p1a: Sableye\n|-damage|p1a: Sableye|0 fnt\n|faint|p1a: Sableye\n|move|p2b: Scovillain|Flare Blitz|p1b: Aggron\n|-supereffective|p1b: Aggron|1\n|-damage|p1b: Aggron|33/100\n|-damage|p2b: Scovillain|94/100|[from] Recoil\n|\n|upkeep\n|\n|t:|1776448791\n|switch|p1a: Milotic|Milotic, L50, F|53/100\n|turn|5\n|\n|t:|1776448802\n|move|p1a: Milotic|Protect|p1a: Milotic\n|-singleturn|p1a: Milotic|Protect\n|move|p2b: Scovillain|Rage Powder|p2b: Scovillain\n|-singleturn|p2b: Scovillain|move: Rage Powder\n|move|p1b: Aggron|Body Press|p2b: Scovillain\n|-damage|p2b: Scovillain|7/100\n|-status|p1b: Aggron|brn|[from] ability: Spicy Spray|[of] p2b: Scovillain\n|move|p2a: Kingambit|Kowtow Cleave|p1a: Milotic\n|-activate|p1a: Milotic|move: Protect\n|\n|-heal|p1a: Milotic|59/100|[from] item: Leftovers\n|-damage|p1b: Aggron|27/100 brn|[from] brn\n|-fieldend|move: Trick Room\n|upkeep\n|turn|6\n|\n|t:|1776448829\n|move|p2b: Scovillain|Rage Powder|p2b: Scovillain\n|-singleturn|p2b: Scovillain|move: Rage Powder\n|move|p1a: Milotic|Muddy Water|p2b: Scovillain|[spread] p2b\n|-miss|p1a: Milotic|p2a: Kingambit\n|-damage|p2b: Scovillain|0 fnt\n|-status|p1a: Milotic|brn|[from] ability: Spicy Spray|[of] p2b: Scovillain\n|faint|p2b: Scovillain\n|move|p2a: Kingambit|Swords Dance|p2a: Kingambit\n|-boost|p2a: Kingambit|atk|2\n|move|p1b: Aggron|Body Press|p2a: Kingambit\n|-supereffective|p2a: Kingambit|2\n|-damage|p2a: Kingambit|0 fnt\n|faint|p2a: Kingambit\n|\n|-heal|p1a: Milotic|65/100 brn|[from] item: Leftovers\n|-damage|p1a: Milotic|59/100 brn|[from] brn\n|-damage|p1b: Aggron|21/100 brn|[from] brn\n|upkeep\n|\n|t:|1776448850\n|switch|p2a: Gallade|Gallade, L50, M, shiny|100/100\n|turn|7\n|\n|t:|1776448863\n|move|p2a: Gallade|Protect|p2a: Gallade\n|-singleturn|p2a: Gallade|Protect\n|move|p1a: Milotic|Scald|p2a: Gallade\n|-activate|p2a: Gallade|move: Protect\n|move|p1b: Aggron|Body Press|p2a: Gallade\n|-activate|p2a: Gallade|move: Protect\n|\n|-heal|p1a: Milotic|65/100 brn|[from] item: Leftovers\n|-damage|p1a: Milotic|59/100 brn|[from] brn\n|-damage|p1b: Aggron|15/100 brn|[from] brn\n|upkeep\n|turn|8\n|\n|t:|1776448880\n|move|p1a: Milotic|Scald|p2a: Gallade\n|-damage|p2a: Gallade|67/100\n|move|p2a: Gallade|Sacred Sword|p1b: Aggron\n|-supereffective|p1b: Aggron|1\n|-damage|p1b: Aggron|0 fnt\n|faint|p1b: Aggron\n|\n|-heal|p1a: Milotic|65/100 brn|[from] item: Leftovers\n|-damage|p1a: Milotic|59/100 brn|[from] brn\n|upkeep\n|\n|t:|1776448892\n|switch|p1b: Talonflame|Talonflame, L50, F|1/100\n|turn|9\n|\n|t:|1776448901\n|move|p1b: Talonflame|Dual Wingbeat|p2a: Gallade\n|-supereffective|p2a: Gallade|1\n|-damage|p2a: Gallade|18/100\n|-supereffective|p2a: Gallade|1\n|-damage|p2a: Gallade|0 fnt\n|faint|p2a: Gallade\n|-hitcount|p2: Gallade|2\n|\n|win|Ghostkller\n|raw|Ghostkller's rating: 1172 &rarr; <strong>1201</strong><br />(+29 for winning)\n|raw|CounterDraw's rating: 1234 &rarr; <strong>1205</strong><br />(-29 for losing)\n|l|\u2606CounterDraw\n|player|p2|\n",
  "uploadtime": 1776448913,
  "views": 47,
  "formatid": "gen9championsvgc2026regma",
  "rating": 1201,
  "private": 0,
  "password": null
}