{
  "id": "gen9championsvgc2026regma-2587139979",
  "format": "[Gen 9 Champions] VGC 2026 Reg M-A",
  "players": [
    "Disfrazdetigre",
    "T_jame"
  ],
  "log": "|j|\u2606Disfrazdetigre\n|j|\u2606T_jame\n|t:|1776499227\n|gametype|doubles\n|player|p1|Disfrazdetigre|102|1395\n|player|p2|T_jame|2|1411\n|gen|9\n|tier|[Gen 9 Champions] VGC 2026 Reg M-A\n|rated|\n|rule|Species Clause: Limit one of each Pok\u00e9mon\n|rule|Item Clause: Limit 1 of each item\n|clearpoke\n|poke|p1|Orthworm, L50, M|\n|poke|p1|Milotic, L50, M|\n|poke|p1|Medicham, L50, M|\n|poke|p1|Arcanine-Hisui, L50, M|\n|poke|p1|Heliolisk, L50, F|\n|poke|p1|Hydreigon, L50, F|\n|poke|p2|Floette-Eternal, L50, F|\n|poke|p2|Farigiraf, L50, F|\n|poke|p2|Sinistcha, L50|\n|poke|p2|Incineroar, L50, F|\n|poke|p2|Rotom-Wash, L50|\n|poke|p2|Garchomp, L50, M|\n|teampreview|4\n|inactive|Battle timer is ON: inactive players will automatically lose when time's up. (requested by T_jame)\n|inactive|Disfrazdetigre has 60 seconds left.\n|\n|t:|1776499284\n|teamsize|p1|4\n|teamsize|p2|4\n|start\n|switch|p1a: Milotic|Milotic, L50, M|100/100\n|switch|p1b: Medicham|Medicham, L50, M|100/100\n|switch|p2a: Floette|Floette-Eternal, L50, F|100/100\n|switch|p2b: Incineroar|Incineroar, L50, F|100/100\n|-ability|p2b: Incineroar|Intimidate|boost\n|-unboost|p1a: Milotic|atk|1\n|-ability|p1a: Milotic|Competitive|boost\n|-boost|p1a: Milotic|spa|2\n|-unboost|p1b: Medicham|atk|1\n|turn|1\n|\n|t:|1776499306\n|detailschange|p2a: Floette|Floette-Mega, L50, F\n|-mega|p2a: Floette|Floette|Floettite\n|-ability|p2a: Floette|Fairy Aura\n|detailschange|p1b: Medicham|Medicham-Mega, L50, M\n|-mega|p1b: Medicham|Medicham|Medichamite\n|move|p1b: Medicham|Fake Out|p2a: Floette\n|-damage|p2a: Floette|77/100\n|move|p2b: Incineroar|Fake Out|p1a: Milotic\n|-damage|p1a: Milotic|88/100\n|cant|p2a: Floette|flinch\n|cant|p1a: Milotic|flinch\n|\n|-heal|p1a: Milotic|94/100|[from] item: Leftovers\n|upkeep\n|turn|2\n|j| Crvstal_K!tty\n|inactive|T_jame has 30 seconds left.\n|\n|t:|1776499335\n|switch|p2b: Rotom|Rotom-Wash, L50|100/100\n|move|p2a: Floette|Protect|p2a: Floette\n|-singleturn|p2a: Floette|Protect\n|move|p1b: Medicham|Poison Jab|p2a: Floette\n|-activate|p2a: Floette|move: Protect\n|move|p1a: Milotic|Scald|p2b: Rotom\n|-resisted|p2b: Rotom|1\n|-damage|p2b: Rotom|68/100\n|\n|-heal|p1a: Milotic|99/100|[from] item: Leftovers\n|upkeep\n|turn|3\n|inactive|Disfrazdetigre has 30 seconds left.\n|\n|t:|1776499369\n|switch|p2a: Incineroar|Incineroar, L50, F|100/100\n|-ability|p2a: Incineroar|Intimidate|boost\n|-unboost|p1a: Milotic|atk|1\n|-ability|p1a: Milotic|Competitive|boost\n|-boost|p1a: Milotic|spa|2\n|-unboost|p1b: Medicham|atk|1\n|move|p1a: Milotic|Protect|p1a: Milotic\n|-singleturn|p1a: Milotic|Protect\n|move|p1b: Medicham|Close Combat|p2b: Rotom\n|-damage|p2b: Rotom|8/100\n|-unboost|p1b: Medicham|def|1\n|-unboost|p1b: Medicham|spd|1\n|-enditem|p2b: Rotom|Sitrus Berry|[eat]\n|-heal|p2b: Rotom|33/100|[from] item: Sitrus Berry\n|move|p2b: Rotom|Electroweb|p1b: Medicham|[spread] p1b\n|-activate|p1a: Milotic|move: Protect\n|-damage|p1b: Medicham|58/100\n|-unboost|p1b: Medicham|spe|1\n|\n|-heal|p1a: Milotic|100/100|[from] item: Leftovers\n|upkeep\n|turn|4\n|\n|t:|1776499393\n|switch|p1b: Orthworm|Orthworm, L50, M|100/100\n|move|p2a: Incineroar|Fake Out|p1a: Milotic\n|-damage|p1a: Milotic|87/100\n|move|p2b: Rotom|Electroweb|p1a: Milotic|[spread] p1a,p1b\n|-supereffective|p1a: Milotic|1\n|-damage|p1a: Milotic|57/100\n|-damage|p1b: Orthworm|80/100\n|-unboost|p1a: Milotic|spe|1\n|-ability|p1a: Milotic|Competitive|boost\n|-boost|p1a: Milotic|spa|2\n|-unboost|p1b: Orthworm|spe|1\n|cant|p1a: Milotic|flinch\n|\n|-heal|p1a: Milotic|63/100|[from] item: Leftovers\n|upkeep\n|turn|5\n|\n|t:|1776499404\n|move|p2b: Rotom|Electroweb|p1a: Milotic|[spread] p1a,p1b\n|-supereffective|p1a: Milotic|1\n|-damage|p1a: Milotic|34/100\n|-damage|p1b: Orthworm|59/100\n|-unboost|p1a: Milotic|spe|1\n|-boost|p1a: Milotic|spa|0\n|-unboost|p1b: Orthworm|spe|1\n|move|p2a: Incineroar|Darkest Lariat|p1a: Milotic\n|-damage|p1a: Milotic|0 fnt\n|faint|p1a: Milotic\n|move|p1b: Orthworm|Shed Tail|p1b: Orthworm\n|-start|p1b: Orthworm|Substitute|[from] move: Shed Tail\n|-damage|p1b: Orthworm|9/100\n|-enditem|p1b: Orthworm|Sitrus Berry|[eat]\n|-heal|p1b: Orthworm|34/100|[from] item: Sitrus Berry\n|\n|t:|1776499421\n|switch|p1b: Medicham|Medicham-Mega, L50, M|58/100|[from] Shed Tail\n|\n|upkeep\n|\n|t:|1776499426\n|switch|p1a: Hydreigon|Hydreigon, L50, F|100/100\n|turn|6\n|\n|t:|1776499439\n|move|p1b: Medicham|Close Combat|p2a: Incineroar\n|-supereffective|p2a: Incineroar|1\n|-enditem|p2a: Incineroar|Chople Berry|[eat]\n|-enditem|p2a: Incineroar|Chople Berry|[weaken]\n|-damage|p2a: Incineroar|0 fnt\n|-unboost|p1b: Medicham|def|1\n|-unboost|p1b: Medicham|spd|1\n|faint|p2a: Incineroar\n|move|p1a: Hydreigon|Tailwind|p1a: Hydreigon\n|-sidestart|p1: Disfrazdetigre|move: Tailwind\n|move|p2b: Rotom|Electroweb|p1b: Medicham|[spread] p1a,p1b\n|-end|p1b: Medicham|Substitute\n|-resisted|p1a: Hydreigon|1\n|-damage|p1a: Hydreigon|91/100\n|-unboost|p1a: Hydreigon|spe|1\n|\n|upkeep\n|\n|t:|1776499449\n|switch|p2a: Floette|Floette-Mega, L50, F|77/100\n|-ability|p2a: Floette|Fairy Aura\n|turn|7\n|\n|t:|1776499467\n|move|p1b: Medicham|Poison Jab|p2a: Floette\n|-supereffective|p2a: Floette|1\n|-damage|p2a: Floette|0 fnt\n|faint|p2a: Floette\n|move|p1a: Hydreigon|Throat Chop|p2b: Rotom\n|-damage|p2b: Rotom|0 fnt\n|faint|p2b: Rotom\n|\n|upkeep\n|\n|t:|1776499470\n|switch|p2b: Garchomp|Garchomp, L50, M|100/100\n|turn|8\n|\n|t:|1776499484\n|move|p1b: Medicham|Close Combat|p2b: Garchomp\n|-damage|p2b: Garchomp|0 fnt\n|-unboost|p1b: Medicham|def|1\n|-unboost|p1b: Medicham|spd|1\n|-damage|p1b: Medicham|46/100|[from] ability: Rough Skin|[of] p2b: Garchomp\n|faint|p2b: Garchomp\n|\n|win|Disfrazdetigre\n|raw|Disfrazdetigre's rating: 1395 &rarr; <strong>1416</strong><br />(+21 for winning)\n|raw|T_jame's rating: 1411 &rarr; <strong>1390</strong><br />(-21 for losing)\n|l|\u2606T_jame\n|player|p2|\n",
  "uploadtime": 1776499493,
  "views": 29,
  "formatid": "gen9championsvgc2026regma",
  "rating": 1390,
  "private": 0,
  "password": null
}