{
  "id": "gen9championsvgc2026regma-2582584636",
  "format": "[Gen 9 Champions] VGC 2026 Reg M-A",
  "players": [
    "alkdfe",
    "4letters1wordyeet"
  ],
  "log": "|j|\u2606alkdfe\n|j|\u26064letters1wordyeet\n|t:|1776100910\n|gametype|doubles\n|player|p1|alkdfe|elesa|1135\n|player|p2|4letters1wordyeet|cynthia-gen4|1047\n|gen|9\n|tier|[Gen 9 Champions] VGC 2026 Reg M-A\n|rated|\n|rule|Species Clause: Limit one of each Pok\u00e9mon\n|rule|Item Clause: Limit 1 of each item\n|clearpoke\n|poke|p1|Froslass, L50, F|\n|poke|p1|Kingambit, L50, M|\n|poke|p1|Sneasler, L50, M|\n|poke|p1|Palafin, L50, M|\n|poke|p1|Sinistcha, L50|\n|poke|p1|Arcanine-Hisui, L50, M|\n|poke|p2|Alakazam, L50, M|\n|poke|p2|Crabominable, L50, M|\n|poke|p2|Polteageist-Antique, L50|\n|poke|p2|Blastoise, L50, F|\n|poke|p2|Incineroar, L50, F|\n|poke|p2|Whimsicott, L50, F|\n|teampreview|4\n|inactive|Battle timer is ON: inactive players will automatically lose when time's up. (requested by 4letters1wordyeet)\n|inactive|alkdfe has 60 seconds left.\n|\n|t:|1776100953\n|teamsize|p1|4\n|teamsize|p2|4\n|start\n|switch|p1a: Kingambit|Kingambit, L50, M|100/100\n|switch|p1b: Arcanine|Arcanine-Hisui, L50, M|100/100\n|switch|p2a: Incineroar|Incineroar, L50, F|100/100\n|switch|p2b: Whimsicott|Whimsicott, L50, F|100/100\n|-ability|p1b: Arcanine|Intimidate|boost\n|-unboost|p2a: Incineroar|atk|1\n|-unboost|p2b: Whimsicott|atk|1\n|-ability|p2a: Incineroar|Intimidate|boost\n|-unboost|p1a: Kingambit|atk|1\n|-ability|p1a: Kingambit|Defiant|boost\n|-boost|p1a: Kingambit|atk|2\n|-unboost|p1b: Arcanine|atk|1\n|turn|1\n|\n|t:|1776100977\n|move|p1a: Kingambit|Protect|p1a: Kingambit\n|-singleturn|p1a: Kingambit|Protect\n|move|p2a: Incineroar|Fake Out|p1a: Kingambit\n|-activate|p1a: Kingambit|move: Protect\n|move|p2b: Whimsicott|Stun Spore|p1b: Arcanine\n|-status|p1b: Arcanine|par\n|cant|p1b: Arcanine|par\n|\n|upkeep\n|turn|2\n|\n|t:|1776101000\n|move|p1b: Arcanine|Extreme Speed|p2a: Incineroar\n|-damage|p2a: Incineroar|82/100\n|move|p2b: Whimsicott|Leech Seed|p1a: Kingambit\n|-hint|Since gen 7, Dark is immune to Prankster moves.\n|-immune|p1a: Kingambit\n|move|p1a: Kingambit|Sucker Punch||[still]\n|-fail|p1a: Kingambit\n|move|p2a: Incineroar|Will-O-Wisp|p1a: Kingambit\n|-status|p1a: Kingambit|brn\n|\n|-heal|p2a: Incineroar|88/100|[from] item: Leftovers\n|-damage|p1a: Kingambit|95/100 brn|[from] brn\n|upkeep\n|turn|3\n|inactive|alkdfe has 30 seconds left.\n|\n|t:|1776101032\n|move|p2b: Whimsicott|Leech Seed|p1a: Kingambit\n|-hint|Since gen 7, Dark is immune to Prankster moves.\n|-immune|p1a: Kingambit\n|move|p2a: Incineroar|Parting Shot|p1b: Arcanine\n|-unboost|p1b: Arcanine|atk|1\n|-unboost|p1b: Arcanine|spa|1\n|\n|t:|1776101042\n|switch|p2a: Blastoise|Blastoise, L50, F|100/100|[from] Parting Shot\n|move|p1b: Arcanine|Flare Blitz|p2b: Whimsicott\n|-supereffective|p2b: Whimsicott|1\n|-damage|p2b: Whimsicott|38/100\n|-damage|p1b: Arcanine|84/100 par|[from] Recoil\n|move|p1a: Kingambit|Swords Dance|p1a: Kingambit\n|-boost|p1a: Kingambit|atk|2\n|\n|-damage|p1a: Kingambit|89/100 brn|[from] brn\n|upkeep\n|turn|4\n|inactive|alkdfe has 30 seconds left.\n|\n|t:|1776101070\n|switch|p1b: Sinistcha|Sinistcha, L50|100/100\n|-heal|p1a: Kingambit|100/100 brn|[from] ability: Hospitality|[of] p1b: Sinistcha\n|move|p2b: Whimsicott|Leech Seed|p1b: Sinistcha\n|-immune|p1b: Sinistcha\n|move|p2a: Blastoise|Shell Smash|p2a: Blastoise\n|-unboost|p2a: Blastoise|def|1\n|-unboost|p2a: Blastoise|spd|1\n|-boost|p2a: Blastoise|atk|2\n|-boost|p2a: Blastoise|spa|2\n|-boost|p2a: Blastoise|spe|2\n|move|p1a: Kingambit|Kowtow Cleave|p2a: Blastoise\n|-damage|p2a: Blastoise|0 fnt\n|faint|p2a: Blastoise\n|\n|-damage|p1a: Kingambit|95/100 brn|[from] brn\n|upkeep\n|\n|t:|1776101079\n|switch|p2a: Crabominable|Crabominable, L50, M|100/100\n|turn|5\n|\n|t:|1776101104\n|switch|p1b: Arcanine|Arcanine-Hisui, L50, M|84/100 par\n|-ability|p1b: Arcanine|Intimidate|boost\n|-unboost|p2a: Crabominable|atk|1\n|-unboost|p2b: Whimsicott|atk|1\n|detailschange|p2a: Crabominable|Crabominable-Mega, L50, M\n|-mega|p2a: Crabominable|Crabominable|Crabominite\n|move|p1a: Kingambit|Protect|p1a: Kingambit\n|-singleturn|p1a: Kingambit|Protect\n|move|p2b: Whimsicott|Tailwind|p2b: Whimsicott\n|-sidestart|p2: 4letters1wordyeet|move: Tailwind\n|move|p2a: Crabominable|Bulk Up|p2a: Crabominable\n|-boost|p2a: Crabominable|atk|1\n|-boost|p2a: Crabominable|def|1\n|\n|-damage|p1a: Kingambit|89/100 brn|[from] brn\n|upkeep\n|turn|6\n|inactive|alkdfe has 30 seconds left.\n|\n|t:|1776101129\n|switch|p2b: Incineroar|Incineroar, L50, F|88/100\n|-ability|p2b: Incineroar|Intimidate|boost\n|-unboost|p1a: Kingambit|atk|1\n|-ability|p1a: Kingambit|Defiant|boost\n|-boost|p1a: Kingambit|atk|2\n|-unboost|p1b: Arcanine|atk|1\n|move|p2a: Crabominable|Mach Punch|p1a: Kingambit\n|-supereffective|p1a: Kingambit|2\n|-damage|p1a: Kingambit|8/100 brn\n|move|p1a: Kingambit|Sucker Punch||[still]\n|-fail|p1a: Kingambit\n|move|p1b: Arcanine|Flare Blitz|p2a: Crabominable\n|-supereffective|p2a: Crabominable|1\n|-damage|p2a: Crabominable|64/100\n|-damage|p1b: Arcanine|70/100 par|[from] Recoil\n|\n|-heal|p2b: Incineroar|93/100|[from] item: Leftovers\n|-damage|p1a: Kingambit|2/100 brn|[from] brn\n|upkeep\n|turn|7\n|inactive|alkdfe has 30 seconds left.\n|\n|t:|1776101161\n|switch|p1a: Sinistcha|Sinistcha, L50|100/100\n|-heal|p1b: Arcanine|95/100 par|[from] ability: Hospitality|[of] p1a: Sinistcha\n|move|p1b: Arcanine|Protect|p1b: Arcanine\n|-singleturn|p1b: Arcanine|Protect\n|move|p2b: Incineroar|Fake Out|p1a: Sinistcha\n|-immune|p1a: Sinistcha\n|move|p2a: Crabominable|Mach Punch|p1b: Arcanine\n|-activate|p1b: Arcanine|move: Protect\n|\n|-heal|p2b: Incineroar|99/100|[from] item: Leftovers\n|upkeep\n|turn|8\n|\n|t:|1776101185\n|switch|p1b: Froslass|Froslass, L50, F|100/100\n|move|p1a: Sinistcha|Protect|p1a: Sinistcha\n|-singleturn|p1a: Sinistcha|Protect\n|move|p2b: Incineroar|Darkest Lariat|p1a: Sinistcha\n|-activate|p1a: Sinistcha|move: Protect\n|move|p2a: Crabominable|Drain Punch|p1b: Froslass\n|-immune|p1b: Froslass\n|\n|-heal|p2b: Incineroar|100/100|[from] item: Leftovers\n|-sideend|p2: 4letters1wordyeet|move: Tailwind\n|upkeep\n|turn|9\n|inactive|alkdfe has 30 seconds left.\n|inactive|alkdfe has 20 seconds left.\n|inactive|alkdfe has 15 seconds left.\n|\n|t:|1776101228\n|switch|p2a: Whimsicott|Whimsicott, L50, F|38/100\n|detailschange|p1b: Froslass|Froslass-Mega, L50, F\n|-mega|p1b: Froslass|Froslass|Froslassite\n|-weather|Snowscape|[from] ability: Snow Warning|[of] p1b: Froslass\n|move|p1a: Sinistcha|Rage Powder|p1a: Sinistcha\n|-singleturn|p1a: Sinistcha|move: Rage Powder\n|move|p1b: Froslass|Shadow Ball|p2a: Whimsicott\n|-damage|p2a: Whimsicott|0 fnt\n|faint|p2a: Whimsicott\n|move|p2b: Incineroar|Darkest Lariat|p1a: Sinistcha\n|-supereffective|p1a: Sinistcha|1\n|-crit|p1a: Sinistcha\n|-damage|p1a: Sinistcha|1/100\n|-enditem|p1a: Sinistcha|Sitrus Berry|[eat]\n|-heal|p1a: Sinistcha|26/100|[from] item: Sitrus Berry\n|\n|-weather|Snowscape|[upkeep]\n|upkeep\n|\n|t:|1776101239\n|switch|p2a: Crabominable|Crabominable-Mega, L50, M|64/100\n|turn|10\n|\n|t:|1776101252\n|move|p1a: Sinistcha|Rage Powder|p1a: Sinistcha\n|-singleturn|p1a: Sinistcha|move: Rage Powder\n|move|p1b: Froslass|Shadow Ball|p2a: Crabominable\n|-damage|p2a: Crabominable|32/100\n|move|p2b: Incineroar|Darkest Lariat|p1a: Sinistcha\n|-supereffective|p1a: Sinistcha|1\n|-damage|p1a: Sinistcha|0 fnt\n|faint|p1a: Sinistcha\n|move|p2a: Crabominable|Bulk Up|p2a: Crabominable\n|-boost|p2a: Crabominable|atk|1\n|-boost|p2a: Crabominable|def|1\n|\n|-weather|Snowscape|[upkeep]\n|upkeep\n|\n|t:|1776101265\n|switch|p1a: Arcanine|Arcanine-Hisui, L50, M|95/100 par\n|-ability|p1a: Arcanine|Intimidate|boost\n|-unboost|p2a: Crabominable|atk|1\n|-unboost|p2b: Incineroar|atk|1\n|turn|11\n|\n|t:|1776101278\n|move|p1b: Froslass|Blizzard|p2a: Crabominable|[spread] p2a,p2b\n|-resisted|p2a: Crabominable|1\n|-resisted|p2b: Incineroar|1\n|-damage|p2a: Crabominable|15/100\n|-damage|p2b: Incineroar|80/100\n|move|p2b: Incineroar|Darkest Lariat|p1b: Froslass\n|-supereffective|p1b: Froslass|1\n|-damage|p1b: Froslass|48/100\n|move|p1a: Arcanine|Flare Blitz|p2a: Crabominable\n|-supereffective|p2a: Crabominable|1\n|-damage|p2a: Crabominable|0 fnt\n|faint|p2a: Crabominable\n|-damage|p1a: Arcanine|89/100 par|[from] Recoil\n|\n|-weather|Snowscape|[upkeep]\n|-heal|p2b: Incineroar|86/100|[from] item: Leftovers\n|upkeep\n|turn|12\n|\n|t:|1776101297\n|move|p1b: Froslass|Protect|p1b: Froslass\n|-singleturn|p1b: Froslass|Protect\n|move|p2b: Incineroar|Darkest Lariat|p1b: Froslass\n|-activate|p1b: Froslass|move: Protect\n|move|p1a: Arcanine|Rock Slide|p2b: Incineroar\n|-supereffective|p2b: Incineroar|1\n|-damage|p2b: Incineroar|0 fnt\n|faint|p2b: Incineroar\n|\n|win|alkdfe\n|raw|alkdfe's rating: 1135 &rarr; <strong>1154</strong><br />(+19 for winning)\n|raw|4letters1wordyeet's rating: 1047 &rarr; <strong>1034</strong><br />(-13 for losing)\n|l|\u26064letters1wordyeet\n|player|p2|\n",
  "uploadtime": 1776101308,
  "views": 72,
  "formatid": "gen9championsvgc2026regma",
  "rating": 1034,
  "private": 0,
  "password": null
}