{
  "id": "gen9championsvgc2026regma-2586536985",
  "format": "[Gen 9 Champions] VGC 2026 Reg M-A",
  "players": [
    "caarlos.g_7",
    "FortuneMC"
  ],
  "log": "|j|\u2606caarlos.g_7\n|j|\u2606FortuneMC\n|t:|1776441472\n|gametype|doubles\n|player|p1|caarlos.g_7|grimsley|1316\n|player|p2|FortuneMC|veteran|1361\n|gen|9\n|tier|[Gen 9 Champions] VGC 2026 Reg M-A\n|rated|\n|rule|Species Clause: Limit one of each Pok\u00e9mon\n|rule|Item Clause: Limit 1 of each item\n|clearpoke\n|poke|p1|Dragonite, L50, M|\n|poke|p1|Venusaur, L50, M|\n|poke|p1|Incineroar, L50, M|\n|poke|p1|Basculegion, L50, M|\n|poke|p1|Sneasler, L50, M|\n|poke|p1|Kingambit, L50, F|\n|poke|p2|Serperior, L50, F|\n|poke|p2|Whimsicott, L50, F|\n|poke|p2|Garchomp, L50, F|\n|poke|p2|Gengar, L50, F|\n|poke|p2|Charizard, L50, F|\n|poke|p2|Farigiraf, L50, F|\n|teampreview|4\n|inactive|Battle timer is ON: inactive players will automatically lose when time's up. (requested by caarlos.g_7)\n|\n|t:|1776441500\n|teamsize|p1|4\n|teamsize|p2|4\n|start\n|switch|p1a: Dragonite|Dragonite, L50, M|100/100\n|switch|p1b: Incineroar|Incineroar, L50, M, shiny|100/100\n|switch|p2a: Charizard|Charizard, L50, F|100/100\n|switch|p2b: Whimsicott|Whimsicott, L50, F|100/100\n|-ability|p1b: Incineroar|Intimidate|boost\n|-unboost|p2a: Charizard|atk|1\n|-unboost|p2b: Whimsicott|atk|1\n|turn|1\n|\n|t:|1776441521\n|switch|p2a: Farigiraf|Farigiraf, L50, F|100/100\n|detailschange|p1a: Dragonite|Dragonite-Mega, L50, M\n|-mega|p1a: Dragonite|Dragonite|Dragoninite\n|move|p1b: Incineroar|Fake Out||[still]\n|cant|p2a: Farigiraf|ability: Armor Tail|Fake Out|[of] p1b: Incineroar\n|move|p2b: Whimsicott|Moonblast|p1a: Dragonite\n|-supereffective|p1a: Dragonite|1\n|-damage|p1a: Dragonite|81/100\n|-unboost|p1a: Dragonite|spa|1\n|move|p1a: Dragonite|Icy Wind|p2b: Whimsicott|[spread] p2a,p2b\n|-supereffective|p2b: Whimsicott|1\n|-damage|p2a: Farigiraf|89/100\n|-damage|p2b: Whimsicott|69/100\n|-unboost|p2a: Farigiraf|spe|1\n|-unboost|p2b: Whimsicott|spe|1\n|\n|-heal|p2a: Farigiraf|95/100|[from] item: Leftovers\n|upkeep\n|turn|2\n|\n|t:|1776441543\n|switch|p1a: Sneasler|Sneasler, L50, M|100/100\n|switch|p1b: Basculegion|Basculegion, L50, M|100/100\n|move|p2b: Whimsicott|Encore||[still]\n|-fail|p2b: Whimsicott\n|move|p2a: Farigiraf|Trick Room|p2a: Farigiraf\n|-fieldstart|move: Trick Room|[of] p2a: Farigiraf\n|\n|-heal|p2a: Farigiraf|100/100|[from] item: Leftovers\n|upkeep\n|turn|3\n|\n|t:|1776441561\n|switch|p1a: Incineroar|Incineroar, L50, M, shiny|100/100\n|-ability|p1a: Incineroar|Intimidate|boost\n|-unboost|p2a: Farigiraf|atk|1\n|-unboost|p2b: Whimsicott|atk|1\n|move|p2a: Farigiraf|Psychic|p1a: Incineroar\n|-immune|p1a: Incineroar\n|move|p2b: Whimsicott|Moonblast|p1a: Incineroar\n|-damage|p1a: Incineroar|76/100\n|-unboost|p1a: Incineroar|spa|1\n|move|p1b: Basculegion|Flip Turn|p2a: Farigiraf\n|-damage|p2a: Farigiraf|69/100\n|\n|t:|1776441575\n|switch|p1b: Dragonite|Dragonite-Mega, L50, M|81/100|[from] Flip Turn\n|\n|-heal|p2a: Farigiraf|75/100|[from] item: Leftovers\n|upkeep\n|turn|4\n|\n|t:|1776441589\n|move|p2b: Whimsicott|Fake Tears|p1b: Dragonite\n|-unboost|p1b: Dragonite|spd|2\n|move|p2a: Farigiraf|Hyper Voice|p1a: Incineroar|[spread] p1a,p1b\n|-damage|p1a: Incineroar|54/100\n|-damage|p1b: Dragonite|43/100\n|move|p1a: Incineroar|Flare Blitz|p2b: Whimsicott\n|-supereffective|p2b: Whimsicott|1\n|-damage|p2b: Whimsicott|0 fnt\n|faint|p2b: Whimsicott\n|-damage|p1a: Incineroar|35/100|[from] Recoil\n|move|p1b: Dragonite|Roost|p1b: Dragonite\n|-heal|p1b: Dragonite|93/100\n|-singleturn|p1b: Dragonite|move: Roost\n|\n|-heal|p2a: Farigiraf|81/100|[from] item: Leftovers\n|upkeep\n|\n|t:|1776441600\n|switch|p2b: Charizard|Charizard, L50, F|100/100\n|turn|5\n|\n|t:|1776441614\n|detailschange|p2b: Charizard|Charizard-Mega-Y, L50, F\n|-mega|p2b: Charizard|Charizard|Charizardite Y\n|-weather|SunnyDay|[from] ability: Drought|[of] p2b: Charizard\n|move|p1b: Dragonite|Protect|p1b: Dragonite\n|-singleturn|p1b: Dragonite|Protect\n|move|p2a: Farigiraf|Hyper Voice|p1a: Incineroar|[spread] p1a\n|-activate|p1b: Dragonite|move: Protect\n|-damage|p1a: Incineroar|11/100\n|move|p1a: Incineroar|Parting Shot|p2b: Charizard\n|-unboost|p2b: Charizard|atk|1\n|-unboost|p2b: Charizard|spa|1\n|\n|t:|1776441625\n|switch|p1a: Basculegion|Basculegion, L50, M|100/100|[from] Parting Shot\n|move|p2b: Charizard|Heat Wave|p1a: Basculegion|[spread] p1a\n|-activate|p1b: Dragonite|move: Protect\n|-resisted|p1a: Basculegion|1\n|-damage|p1a: Basculegion|71/100\n|-status|p1a: Basculegion|brn\n|\n|-weather|SunnyDay|[upkeep]\n|-heal|p2a: Farigiraf|87/100|[from] item: Leftovers\n|-damage|p1a: Basculegion|65/100 brn|[from] brn\n|upkeep\n|turn|6\n|\n|t:|1776441648\n|switch|p1b: Incineroar|Incineroar, L50, M, shiny|11/100\n|-ability|p1b: Incineroar|Intimidate|boost\n|-unboost|p2a: Farigiraf|atk|1\n|-unboost|p2b: Charizard|atk|1\n|move|p2a: Farigiraf|Psychic|p1b: Incineroar\n|-immune|p1b: Incineroar\n|move|p2b: Charizard|Heat Wave|p1a: Basculegion|[spread] p1a,p1b\n|-resisted|p1a: Basculegion|1\n|-resisted|p1b: Incineroar|1\n|-damage|p1a: Basculegion|36/100 brn\n|-damage|p1b: Incineroar|0 fnt\n|faint|p1b: Incineroar\n|move|p1a: Basculegion|Wave Crash|p2b: Charizard\n|-supereffective|p2b: Charizard|1\n|-damage|p2b: Charizard|45/100\n|-damage|p1a: Basculegion|22/100 brn|[from] Recoil\n|\n|-weather|SunnyDay|[upkeep]\n|-heal|p2a: Farigiraf|93/100|[from] item: Leftovers\n|-damage|p1a: Basculegion|15/100 brn|[from] brn\n|-fieldend|move: Trick Room\n|upkeep\n|\n|t:|1776441671\n|switch|p1b: Sneasler|Sneasler, L50, M|100/100\n|turn|7\n|\n|t:|1776441681\n|move|p2b: Charizard|Protect|p2b: Charizard\n|-singleturn|p2b: Charizard|Protect\n|move|p1a: Basculegion|Wave Crash|p2a: Farigiraf\n|-damage|p2a: Farigiraf|79/100\n|-damage|p1a: Basculegion|10/100 brn|[from] Recoil\n|move|p1b: Sneasler|Rock Tomb|p2b: Charizard\n|-activate|p2b: Charizard|move: Protect\n|move|p2a: Farigiraf|Psychic|p1a: Basculegion\n|-damage|p1a: Basculegion|0 fnt\n|faint|p1a: Basculegion\n|\n|-weather|SunnyDay|[upkeep]\n|-heal|p2a: Farigiraf|86/100|[from] item: Leftovers\n|upkeep\n|\n|t:|1776441693\n|switch|p1a: Dragonite|Dragonite-Mega, L50, M|93/100\n|turn|8\n|\n|t:|1776441704\n|switch|p2b: Garchomp|Garchomp, L50, F|100/100\n|move|p1b: Sneasler|Rock Tomb|p2b: Garchomp\n|-resisted|p2b: Garchomp|1\n|-damage|p2b: Garchomp|90/100\n|-unboost|p2b: Garchomp|spe|1\n|move|p1a: Dragonite|Dragon Pulse|p2a: Farigiraf\n|-damage|p2a: Farigiraf|35/100\n|move|p2a: Farigiraf|Psychic|p1b: Sneasler\n|-supereffective|p1b: Sneasler|2\n|-crit|p1b: Sneasler\n|-enditem|p1b: Sneasler|Focus Sash\n|-damage|p1b: Sneasler|1/100\n|\n|-weather|SunnyDay|[upkeep]\n|-heal|p2a: Farigiraf|41/100|[from] item: Leftovers\n|upkeep\n|turn|9\n|\n|t:|1776441729\n|move|p1b: Sneasler|Close Combat|p2a: Farigiraf\n|-damage|p2a: Farigiraf|0 fnt\n|-unboost|p1b: Sneasler|def|1\n|-unboost|p1b: Sneasler|spd|1\n|faint|p2a: Farigiraf\n|move|p2b: Garchomp|Rock Slide|p1b: Sneasler|[spread] p1a,p1b\n|-supereffective|p1a: Dragonite|1\n|-resisted|p1b: Sneasler|1\n|-crit|p1b: Sneasler\n|-damage|p1a: Dragonite|63/100\n|-damage|p1b: Sneasler|0 fnt\n|faint|p1b: Sneasler\n|move|p1a: Dragonite|Dragon Pulse|p2b: Garchomp\n|-supereffective|p2b: Garchomp|1\n|-damage|p2b: Garchomp|0 fnt\n|faint|p2b: Garchomp\n|\n|-weather|none\n|upkeep\n|\n|t:|1776441732\n|switch|p2a: Charizard|Charizard-Mega-Y, L50, F|45/100\n|-weather|SunnyDay|[from] ability: Drought|[of] p2a: Charizard\n|turn|10\n|\n|t:|1776441746\n|move|p2a: Charizard|Weather Ball|p1a: Dragonite\n|-resisted|p1a: Dragonite|1\n|-crit|p1a: Dragonite\n|-damage|p1a: Dragonite|8/100\n|move|p1a: Dragonite|Roost|p1a: Dragonite\n|-heal|p1a: Dragonite|58/100\n|-singleturn|p1a: Dragonite|move: Roost\n|\n|-weather|SunnyDay|[upkeep]\n|upkeep\n|turn|11\n|\n|t:|1776441757\n|move|p1a: Dragonite|Protect|p1a: Dragonite\n|-singleturn|p1a: Dragonite|Protect\n|move|p2a: Charizard|Weather Ball|p1a: Dragonite\n|-activate|p1a: Dragonite|move: Protect\n|\n|-weather|SunnyDay|[upkeep]\n|upkeep\n|turn|12\n|\n|t:|1776441762\n|move|p2a: Charizard|Weather Ball|p1a: Dragonite\n|-resisted|p1a: Dragonite|1\n|-crit|p1a: Dragonite\n|-damage|p1a: Dragonite|0 fnt\n|faint|p1a: Dragonite\n|\n|win|FortuneMC\n|raw|caarlos.g_7's rating: 1316 &rarr; <strong>1299</strong><br />(-17 for losing)\n|raw|FortuneMC's rating: 1361 &rarr; <strong>1378</strong><br />(+17 for winning)\n",
  "uploadtime": 1776441768,
  "views": 35,
  "formatid": "gen9championsvgc2026regma",
  "rating": 1299,
  "private": 0,
  "password": null
}