{
  "id": "gen9championsvgc2026regma-2583656612",
  "format": "[Gen 9 Champions] VGC 2026 Reg M-A",
  "players": [
    "lhugoyftdiy",
    "NEONxTOKYO"
  ],
  "log": "|j|\u2606lhugoyftdiy\n|j|\u2606NEONxTOKYO\n|t:|1776189156\n|gametype|doubles\n|player|p1|lhugoyftdiy|1|1079\n|player|p2|NEONxTOKYO|unknown|1154\n|gen|9\n|tier|[Gen 9 Champions] VGC 2026 Reg M-A\n|rated|\n|rule|Species Clause: Limit one of each Pok\u00e9mon\n|rule|Item Clause: Limit 1 of each item\n|clearpoke\n|poke|p1|Alakazam, L50, F|\n|poke|p1|Weavile, L50, M|\n|poke|p1|Whimsicott, L50, F|\n|poke|p1|Tauros-Paldea-Blaze, L50, M|\n|poke|p1|Skarmory, L50, M|\n|poke|p1|Basculegion, L50, M|\n|poke|p2|Garchomp, L50, F|\n|poke|p2|Tyranitar, L50, M|\n|poke|p2|Excadrill, L50, F|\n|poke|p2|Corviknight, L50, M|\n|poke|p2|Rotom-Wash, L50|\n|poke|p2|Archaludon, L50, M|\n|teampreview|4\n|\n|t:|1776189203\n|teamsize|p1|4\n|teamsize|p2|4\n|start\n|switch|p1a: Tauros|Tauros-Paldea-Blaze, L50, M|100/100\n|switch|p1b: Whimsicott|Whimsicott, L50, F|100/100\n|switch|p2a: Tyranitar|Tyranitar, L50, M|100/100\n|switch|p2b: Excadrill|Excadrill, L50, F|100/100\n|-ability|p1a: Tauros|Intimidate|boost\n|-unboost|p2a: Tyranitar|atk|1\n|-unboost|p2b: Excadrill|atk|1\n|-weather|Sandstorm|[from] ability: Sand Stream|[of] p2a: Tyranitar\n|turn|1\n|\n|t:|1776189240\n|detailschange|p2a: Tyranitar|Tyranitar-Mega, L50, M\n|-mega|p2a: Tyranitar|Tyranitar|Tyranitarite\n|move|p2a: Tyranitar|Protect|p2a: Tyranitar\n|-singleturn|p2a: Tyranitar|Protect\n|move|p1b: Whimsicott|Tailwind|p1b: Whimsicott\n|-sidestart|p1: lhugoyftdiy|move: Tailwind\n|move|p2b: Excadrill|High Horsepower|p1a: Tauros\n|-supereffective|p1a: Tauros|1\n|-damage|p1a: Tauros|20/100\n|move|p1a: Tauros|Flame Charge|p2b: Excadrill\n|-supereffective|p2b: Excadrill|1\n|-damage|p2b: Excadrill|29/100\n|-boost|p1a: Tauros|spe|1\n|\n|-weather|Sandstorm|[upkeep]\n|-damage|p1a: Tauros|14/100|[from] Sandstorm\n|-damage|p1b: Whimsicott|95/100|[from] Sandstorm\n|upkeep\n|turn|2\n|\n|t:|1776189275\n|move|p2a: Tyranitar|Protect||[still]\n|-fail|p2a: Tyranitar\n|move|p1a: Tauros|Close Combat|p2a: Tyranitar\n|-supereffective|p2a: Tyranitar|2\n|-damage|p2a: Tyranitar|0 fnt\n|-unboost|p1a: Tauros|def|1\n|-unboost|p1a: Tauros|spd|1\n|faint|p2a: Tyranitar\n|-enditem|p1a: Tauros|White Herb\n|-clearnegativeboost|p1a: Tauros|[silent]\n|move|p1b: Whimsicott|Moonblast|p2b: Excadrill\n|-resisted|p2b: Excadrill|1\n|-damage|p2b: Excadrill|4/100\n|move|p2b: Excadrill|Iron Head|p1a: Tauros\n|-resisted|p1a: Tauros|1\n|-damage|p1a: Tauros|0 fnt\n|faint|p1a: Tauros\n|\n|-weather|Sandstorm|[upkeep]\n|-damage|p1b: Whimsicott|89/100|[from] Sandstorm\n|upkeep\n|\n|t:|1776189297\n|switch|p1a: Basculegion|Basculegion, L50, M|100/100\n|switch|p2a: Corviknight|Corviknight, L50, M|100/100\n|turn|3\n|\n|t:|1776189308\n|move|p1a: Basculegion|Wave Crash|p2a: Corviknight\n|-damage|p2a: Corviknight|50/100\n|-damage|p1a: Basculegion|84/100|[from] Recoil\n|move|p1b: Whimsicott|Moonblast|p2b: Excadrill\n|-resisted|p2b: Excadrill|1\n|-damage|p2b: Excadrill|0 fnt\n|faint|p2b: Excadrill\n|move|p2a: Corviknight|Iron Defense|p2a: Corviknight\n|-boost|p2a: Corviknight|def|2\n|\n|-weather|Sandstorm|[upkeep]\n|-damage|p1a: Basculegion|78/100|[from] Sandstorm\n|-damage|p1b: Whimsicott|83/100|[from] Sandstorm\n|-heal|p2a: Corviknight|56/100|[from] item: Leftovers\n|upkeep\n|\n|t:|1776189320\n|switch|p2b: Archaludon|Archaludon, L50, M|100/100\n|turn|4\n|\n|t:|1776189366\n|move|p2a: Corviknight|Protect|p2a: Corviknight\n|-singleturn|p2a: Corviknight|Protect\n|move|p1a: Basculegion|Wave Crash|p2a: Corviknight\n|-activate|p2a: Corviknight|move: Protect\n|move|p1b: Whimsicott|Moonblast|p2b: Archaludon\n|-damage|p2b: Archaludon|54/100\n|-unboost|p2b: Archaludon|spa|1\n|-ability|p2b: Archaludon|Stamina|boost\n|-boost|p2b: Archaludon|def|1\n|move|p2b: Archaludon|Flash Cannon|p1b: Whimsicott\n|-supereffective|p1b: Whimsicott|1\n|-damage|p1b: Whimsicott|0 fnt\n|faint|p1b: Whimsicott\n|\n|-weather|Sandstorm|[upkeep]\n|-damage|p1a: Basculegion|72/100|[from] Sandstorm\n|-heal|p2a: Corviknight|61/100|[from] item: Leftovers\n|-sideend|p1: lhugoyftdiy|move: Tailwind\n|upkeep\n|\n|t:|1776189383\n|switch|p1b: Weavile|Weavile, L50, M|100/100\n|-ability|p1b: Weavile|Pressure\n|turn|5\n|\n|t:|1776189425\n|move|p1a: Basculegion|Wave Crash|p2a: Corviknight\n|-damage|p2a: Corviknight|39/100\n|-damage|p1a: Basculegion|64/100|[from] Recoil\n|move|p1b: Weavile|Knock Off|p2a: Corviknight\n|-damage|p2a: Corviknight|24/100\n|-enditem|p2a: Corviknight|Leftovers|[from] move: Knock Off|[of] p1b: Weavile\n|move|p2b: Archaludon|Thunderbolt|p1a: Basculegion\n|-supereffective|p1a: Basculegion|1\n|-crit|p1a: Basculegion\n|-damage|p1a: Basculegion|0 fnt\n|faint|p1a: Basculegion\n|move|p2a: Corviknight|Iron Defense|p2a: Corviknight\n|-boost|p2a: Corviknight|def|2\n|\n|-weather|none\n|upkeep\n|turn|6\n|l|\u2606lhugoyftdiy\n|player|p1|\n|inactive|Battle timer is ON: inactive players will automatically lose when time's up. (requested by NEONxTOKYO)\n|inactive|lhugoyftdiy has 30 seconds to reconnect!\n|inactive|lhugoyftdiy has 20 seconds to reconnect!\n|inactive|lhugoyftdiy has 15 seconds to reconnect!\n|inactive|lhugoyftdiy has 10 seconds to reconnect!\n|inactive|lhugoyftdiy has 5 seconds to reconnect!\n|-message|lhugoyftdiy lost due to inactivity.\n|\n|win|NEONxTOKYO\n|raw|lhugoyftdiy's rating: 1079 &rarr; <strong>1062</strong><br />(-17 for losing)\n|raw|NEONxTOKYO's rating: 1154 &rarr; <strong>1174</strong><br />(+20 for winning)\n",
  "uploadtime": 1776189547,
  "views": 13,
  "formatid": "gen9championsvgc2026regma",
  "rating": 1062,
  "private": 0,
  "password": null
}