{
  "id": "gen9championsvgc2026regma-2589468044",
  "format": "[Gen 9 Champions] VGC 2026 Reg M-A",
  "players": [
    "rng go brrr",
    "Abelius"
  ],
  "log": "|j|\u2606rng go brrr\n|j|\u2606Abelius\n|t:|1776725625\n|gametype|doubles\n|player|p1|rng go brrr|lucian|1195\n|player|p2|Abelius|2|1148\n|gen|9\n|tier|[Gen 9 Champions] VGC 2026 Reg M-A\n|rated|\n|rule|Species Clause: Limit one of each Pok\u00e9mon\n|rule|Item Clause: Limit 1 of each item\n|clearpoke\n|poke|p1|Gallade, L50, M|\n|poke|p1|Torkoal, L50, F|\n|poke|p1|Farigiraf, L50, M|\n|poke|p1|Incineroar, L50, F|\n|poke|p1|Typhlosion-Hisui, L50, F|\n|poke|p1|Emboar, L50, M|\n|poke|p2|Gengar, L50, M|\n|poke|p2|Corviknight, L50, F|\n|poke|p2|Whimsicott, L50, F|\n|poke|p2|Incineroar, L50, F|\n|poke|p2|Sinistcha, L50|\n|poke|p2|Ninetales-Alola, L50, F, shiny|\n|teampreview|4\nrng go brrr has agreed to open team sheets.\n|\n|t:|1776725688\n|teamsize|p1|4\n|teamsize|p2|4\n|start\n|switch|p1a: Gallade|Gallade, L50, M|100/100\n|switch|p1b: Farigiraf|Farigiraf, L50, M|100/100\n|switch|p2a: Gengar|Gengar, L50, M|100/100\n|switch|p2b: Incineroar|Incineroar, L50, F|100/100\n|-ability|p2b: Incineroar|Intimidate|boost\n|-unboost|p1a: Gallade|atk|1\n|-unboost|p1b: Farigiraf|atk|1\n|turn|1\n|\n|t:|1776725709\n|detailschange|p2a: Gengar|Gengar-Mega, L50, M\n|-mega|p2a: Gengar|Gengar|Gengarite\n|move|p2a: Gengar|Protect|p2a: Gengar\n|-singleturn|p2a: Gengar|Protect\n|move|p1a: Gallade|Sacred Sword|p2b: Incineroar\n|-supereffective|p2b: Incineroar|1\n|-damage|p2b: Incineroar|25/100\n|move|p2b: Incineroar|Parting Shot|p1a: Gallade\n|-unboost|p1a: Gallade|atk|1\n|-unboost|p1a: Gallade|spa|1\n|\n|t:|1776725723\n|switch|p2b: Ninetales|Ninetales-Alola, L50, F, shiny|100/100|[from] Parting Shot\n|-weather|Snowscape|[from] ability: Snow Warning|[of] p2b: Ninetales\n|move|p1b: Farigiraf|Psyshock|p2a: Gengar\n|-activate|p2a: Gengar|move: Protect\n|\n|-weather|Snowscape|[upkeep]\n|upkeep\n|turn|2\n|\n|t:|1776725748\n|move|p2b: Ninetales|Aurora Veil|p2b: Ninetales\n|-sidestart|p2: Abelius|move: Aurora Veil\n|move|p2a: Gengar|Disable|p1b: Farigiraf\n|-start|p1b: Farigiraf|Disable|Psyshock\n|-enditem|p1b: Farigiraf|Mental Herb\n|-end|p1b: Farigiraf|Disable\n|move|p1a: Gallade|Psycho Cut|p2a: Gengar\n|-supereffective|p2a: Gengar|1\n|-damage|p2a: Gengar|57/100\n|move|p1b: Farigiraf|Psyshock|p2a: Gengar\n|-supereffective|p2a: Gengar|1\n|-damage|p2a: Gengar|12/100\n|\n|-weather|Snowscape|[upkeep]\n|upkeep\n|turn|3\n|\n|t:|1776725776\n|switch|p2b: Sinistcha|Sinistcha, L50|100/100\n|-heal|p2a: Gengar|36/100|[from] ability: Hospitality|[of] p2b: Sinistcha\n|move|p2a: Gengar|Protect|p2a: Gengar\n|-singleturn|p2a: Gengar|Protect\n|move|p1b: Farigiraf|Psyshock|p2a: Gengar\n|-activate|p2a: Gengar|move: Protect\n|move|p1a: Gallade|Trick Room|p1a: Gallade\n|-fieldstart|move: Trick Room|[of] p1a: Gallade\n|\n|-weather|Snowscape|[upkeep]\n|upkeep\n|turn|4\n|\n|t:|1776725798\n|switch|p2a: Incineroar|Incineroar, L50, F|25/100\n|-ability|p2a: Incineroar|Intimidate|boost\n|-unboost|p1a: Gallade|atk|1\n|-unboost|p1b: Farigiraf|atk|1\n|move|p1b: Farigiraf|Baton Pass|p1b: Farigiraf\n|\n|t:|1776725802\n|switch|p1b: Emboar|Emboar, L50, M|100/100|[from] Baton Pass\n|move|p1a: Gallade|Psycho Cut|p2a: Incineroar\n|-immune|p2a: Incineroar\n|move|p2b: Sinistcha|Life Dew||[still]|[spread] p2a,p2b\n|-heal|p2a: Incineroar|50/100\n|-fail|p2b: Sinistcha|heal\n|\n|-weather|Snowscape|[upkeep]\n|upkeep\n|turn|5\n|\n|t:|1776725826\n|switch|p1a: Torkoal|Torkoal, L50, F|100/100\n|-weather|SunnyDay|[from] ability: Drought|[of] p1a: Torkoal\n|detailschange|p1b: Emboar|Emboar-Mega, L50, M\n|-mega|p1b: Emboar|Emboar|Emboarite\n|-ability|p1b: Emboar|Mold Breaker\n|move|p2a: Incineroar|Fake Out|p1b: Emboar\n|-damage|p1b: Emboar|89/100\n|move|p2b: Sinistcha|Rage Powder|p2b: Sinistcha\n|-singleturn|p2b: Sinistcha|move: Rage Powder\n|cant|p1b: Emboar|flinch\n|\n|-weather|SunnyDay|[upkeep]\n|upkeep\n|turn|6\n|\n|t:|1776725845\n|switch|p2b: Ninetales|Ninetales-Alola, L50, F, shiny|100/100\n|-weather|Snowscape|[from] ability: Snow Warning|[of] p2b: Ninetales\n|move|p2a: Incineroar|Protect|p2a: Incineroar\n|-singleturn|p2a: Incineroar|Protect\n|move|p1a: Torkoal|Eruption|p2a: Incineroar|[spread] p2b\n|-activate|p2a: Incineroar|move: Protect\n|-supereffective|p2b: Ninetales|1\n|-damage|p2b: Ninetales|19/100\n|move|p1b: Emboar|Drain Punch|p2a: Incineroar\n|-activate|p2a: Incineroar|move: Protect\n|\n|-weather|Snowscape|[upkeep]\n|-sideend|p2: Abelius|move: Aurora Veil\n|upkeep\n|turn|7\n|\n|t:|1776725866\n|switch|p1a: Gallade|Gallade, L50, M|100/100\n|switch|p1b: Farigiraf|Farigiraf, L50, M|100/100\n|move|p2a: Incineroar|Protect|p2a: Incineroar\n|-singleturn|p2a: Incineroar|Protect\n|move|p2b: Ninetales|Protect||[still]\n|-fail|p2b: Ninetales\n|\n|-weather|Snowscape|[upkeep]\n|-fieldend|move: Trick Room\n|upkeep\n|turn|8\n|\n|t:|1776725884\n|move|p2b: Ninetales|Aurora Veil|p2b: Ninetales\n|-sidestart|p2: Abelius|move: Aurora Veil\n|move|p1a: Gallade|Sacred Sword|p2b: Ninetales\n|-damage|p2b: Ninetales|0 fnt\n|faint|p2b: Ninetales\n|move|p2a: Incineroar|Parting Shot|p1a: Gallade\n|-unboost|p1a: Gallade|atk|1\n|-unboost|p1a: Gallade|spa|1\n|\n|t:|1776725888\n|switch|p2a: Sinistcha|Sinistcha, L50|100/100|[from] Parting Shot\n|move|p1b: Farigiraf|Trick Room|p1b: Farigiraf\n|-fieldstart|move: Trick Room|[of] p1b: Farigiraf\n|\n|-weather|Snowscape|[upkeep]\n|upkeep\n|\n|t:|1776725891\n|switch|p2b: Gengar|Gengar-Mega, L50, M|36/100\n|turn|9\n|\n|t:|1776725902\n|move|p1b: Farigiraf|Baton Pass|p1b: Farigiraf\n|\n|t:|1776725904\n|switch|p1b: Torkoal|Torkoal, L50, F|100/100|[from] Baton Pass\n|-weather|SunnyDay|[from] ability: Drought|[of] p1b: Torkoal\n|move|p1a: Gallade|Psycho Cut|p2a: Sinistcha\n|-damage|p2a: Sinistcha|76/100\n|move|p2a: Sinistcha|Matcha Gotcha|p1b: Torkoal|[spread] p1a,p1b\n|-resisted|p1b: Torkoal|1\n|-damage|p1a: Gallade|78/100\n|-heal|p2a: Sinistcha|87/100|[from] drain|[of] p1a: Gallade\n|-damage|p1b: Torkoal|86/100\n|-heal|p2a: Sinistcha|93/100|[from] drain|[of] p1b: Torkoal\n|move|p2b: Gengar|Perish Song|p2b: Gengar\n|-start|p1a: Gallade|perish3|[silent]\n|-start|p1b: Torkoal|perish3|[silent]\n|-start|p2a: Sinistcha|perish3|[silent]\n|-start|p2b: Gengar|perish3|[silent]\n|-fieldactivate|move: Perish Song\n|\n|-weather|SunnyDay|[upkeep]\n|-start|p1b: Torkoal|perish3\n|-start|p1a: Gallade|perish3\n|-start|p2a: Sinistcha|perish3\n|-start|p2b: Gengar|perish3\n|upkeep\n|turn|10\n|\n|t:|1776725928\n|move|p2a: Sinistcha|Protect|p2a: Sinistcha\n|-singleturn|p2a: Sinistcha|Protect\n|move|p2b: Gengar|Protect|p2b: Gengar\n|-singleturn|p2b: Gengar|Protect\n|move|p1b: Torkoal|Eruption|p2b: Gengar|[spread] \n|-activate|p2a: Sinistcha|move: Protect\n|-activate|p2b: Gengar|move: Protect\n|move|p1a: Gallade|Psycho Cut|p2b: Gengar\n|-activate|p2b: Gengar|move: Protect\n|\n|-weather|SunnyDay|[upkeep]\n|-start|p1b: Torkoal|perish2\n|-start|p1a: Gallade|perish2\n|-start|p2a: Sinistcha|perish2\n|-start|p2b: Gengar|perish2\n|upkeep\n|turn|11\n|\n|t:|1776725949\n|switch|p2b: Incineroar|Incineroar, L50, F|50/100\n|-ability|p2b: Incineroar|Intimidate|boost\n|-unboost|p1a: Gallade|atk|1\n|-unboost|p1b: Torkoal|atk|1\n|move|p1b: Torkoal|Eruption|p2b: Incineroar|[spread] p2a,p2b\n|-supereffective|p2a: Sinistcha|1\n|-resisted|p2b: Incineroar|1\n|-damage|p2a: Sinistcha|0 fnt\n|-damage|p2b: Incineroar|31/100\n|faint|p2a: Sinistcha\n|move|p1a: Gallade|Psycho Cut|p2b: Incineroar\n|-immune|p2b: Incineroar\n|\n|-weather|SunnyDay|[upkeep]\n|-start|p1b: Torkoal|perish1\n|-start|p1a: Gallade|perish1\n|upkeep\n|\n|t:|1776725964\n|switch|p2a: Gengar|Gengar-Mega, L50, M|36/100\n|turn|12\n|\n|t:|1776725974\n|move|p2b: Incineroar|Protect|p2b: Incineroar\n|-singleturn|p2b: Incineroar|Protect\n|move|p2a: Gengar|Protect|p2a: Gengar\n|-singleturn|p2a: Gengar|Protect\n|move|p1b: Torkoal|Eruption|p2a: Gengar|[spread] \n|-activate|p2a: Gengar|move: Protect\n|-activate|p2b: Incineroar|move: Protect\n|move|p1a: Gallade|Sacred Sword|p2b: Incineroar\n|-activate|p2b: Incineroar|move: Protect\n|\n|-weather|SunnyDay|[upkeep]\n|-start|p1b: Torkoal|perish0\n|-start|p1a: Gallade|perish0\n|-sideend|p2: Abelius|move: Aurora Veil\n|-fieldend|move: Trick Room\n|faint|p1b: Torkoal\n|faint|p1a: Gallade\n|upkeep\n|\n|t:|1776725978\n|switch|p1a: Farigiraf|Farigiraf, L50, M|100/100\n|switch|p1b: Emboar|Emboar-Mega, L50, M|89/100\n|-ability|p1b: Emboar|Mold Breaker\n|turn|13\n|\n|t:|1776726014\n|move|p2a: Gengar|Perish Song|p2a: Gengar\n|-start|p1a: Farigiraf|perish3|[silent]\n|-start|p1b: Emboar|perish3|[silent]\n|-start|p2a: Gengar|perish3|[silent]\n|-start|p2b: Incineroar|perish3|[silent]\n|-fieldactivate|move: Perish Song\n|move|p1b: Emboar|Bulk Up|p1b: Emboar\n|-boost|p1b: Emboar|atk|1\n|-boost|p1b: Emboar|def|1\n|move|p2b: Incineroar|Parting Shot|p1b: Emboar\n|-unboost|p1b: Emboar|atk|1\n|-unboost|p1b: Emboar|spa|1\n|move|p1a: Farigiraf|Psyshock|p2a: Gengar\n|-supereffective|p2a: Gengar|1\n|-damage|p2a: Gengar|0 fnt\n|faint|p2a: Gengar\n|\n|-weather|none\n|-start|p1b: Emboar|perish3\n|-start|p2b: Incineroar|perish3\n|-start|p1a: Farigiraf|perish3\n|upkeep\n|turn|14\n|\n|t:|1776726035\n|move|p2b: Incineroar|Protect|p2b: Incineroar\n|-singleturn|p2b: Incineroar|Protect\n|move|p1b: Emboar|Close Combat|p2b: Incineroar\n|-activate|p2b: Incineroar|move: Protect\n|move|p1a: Farigiraf|Trick Room|p1a: Farigiraf\n|-fieldstart|move: Trick Room|[of] p1a: Farigiraf\n|\n|-start|p1a: Farigiraf|perish2\n|-start|p2b: Incineroar|perish2\n|-start|p1b: Emboar|perish2\n|upkeep\n|turn|15\n|\n|t:|1776726047\n|move|p2b: Incineroar|Protect|p2b: Incineroar\n|-singleturn|p2b: Incineroar|Protect\n|move|p1a: Farigiraf|Nasty Plot|p1a: Farigiraf\n|-boost|p1a: Farigiraf|spa|2\n|move|p1b: Emboar|Close Combat|p2b: Incineroar\n|-activate|p2b: Incineroar|move: Protect\n|\n|-start|p1a: Farigiraf|perish1\n|-start|p2b: Incineroar|perish1\n|-start|p1b: Emboar|perish1\n|upkeep\n|turn|16\n|\n|t:|1776726062\n|move|p2b: Incineroar|Protect|p2b: Incineroar\n|-singleturn|p2b: Incineroar|Protect\n|move|p1a: Farigiraf|Nasty Plot|p1a: Farigiraf\n|-boost|p1a: Farigiraf|spa|2\n|move|p1b: Emboar|Close Combat|p2b: Incineroar\n|-activate|p2b: Incineroar|move: Protect\n|\n|-start|p1a: Farigiraf|perish0\n|-start|p2b: Incineroar|perish0\n|-start|p1b: Emboar|perish0\n|faint|p1a: Farigiraf\n|faint|p2b: Incineroar\n|faint|p1b: Emboar\n|\n|win|rng go brrr\n|raw|rng go brrr's rating: 1195 &rarr; <strong>1217</strong><br />(+22 for winning)\n|raw|Abelius's rating: 1148 &rarr; <strong>1126</strong><br />(-22 for losing)\n|c|\u2606rng go brrr|WHATATTT\n|c|\u2606rng go brrr|'WHAAAAAT]\n|c|\u2606rng go brrr|HOOOOS\n|c|\u2606rng go brrr|HOOOOOW\n|l|\u2606Abelius\n|player|p2|\n|l|\u2606rng go brrr\n|player|p1|\n|j|\u2606rng go brrr\n|player|p1|rng go brrr|lucian|\n",
  "uploadtime": 1776726389,
  "views": 12,
  "formatid": "gen9championsvgc2026regma",
  "rating": 1126,
  "private": 0,
  "password": null
}