{
  "id": "gen9championsvgc2026regma-2582775088",
  "format": "[Gen 9 Champions] VGC 2026 Reg M-A",
  "players": [
    "Juya",
    "jwillc"
  ],
  "log": "|j|\u2606Juya\n|j|\u2606jwillc\n|t:|1776113223\n|gametype|doubles\n|player|p1|Juya|265|1172\n|player|p2|jwillc|170|1201\n|gen|9\n|tier|[Gen 9 Champions] VGC 2026 Reg M-A\n|rated|\n|rule|Species Clause: Limit one of each Pok\u00e9mon\n|rule|Item Clause: Limit 1 of each item\n|clearpoke\n|poke|p1|Gengar, L50, M|\n|poke|p1|Azumarill, L50, F|\n|poke|p1|Tsareena, L50, F|\n|poke|p1|Corviknight, L50, M|\n|poke|p1|Garchomp, L50, M|\n|poke|p1|Incineroar, L50, M|\n|poke|p2|Floette-Eternal, L50, F|\n|poke|p2|Basculegion, L50, M|\n|poke|p2|Corviknight, L50, M|\n|poke|p2|Garchomp, L50, F|\n|poke|p2|Sneasler, L50, M|\n|poke|p2|Rotom-Wash, L50|\n|teampreview|4\n|inactive|Battle timer is ON: inactive players will automatically lose when time's up. (requested by Juya)\n|inactive|Juya has 60 seconds left.\n|\n|t:|1776113254\n|teamsize|p1|4\n|teamsize|p2|4\n|start\n|switch|p1a: Tsareena|Tsareena, L50, F|100/100\n|switch|p1b: Corviknight|Corviknight, L50, M|100/100\n|switch|p2a: Basculegion|Basculegion, L50, M|100/100\n|switch|p2b: Corviknight|Corviknight, L50, M|100/100\n|turn|1\n|\n|t:|1776113278\n|move|p1a: Tsareena|Protect|p1a: Tsareena\n|-singleturn|p1a: Tsareena|Protect\n|move|p2a: Basculegion|Flip Turn|p1b: Corviknight\n|-damage|p1b: Corviknight|77/100\n|\n|t:|1776113287\n|switch|p2a: Rotom|Rotom-Wash, L50|100/100|[from] Flip Turn\n|move|p2b: Corviknight|Iron Defense|p2b: Corviknight\n|-boost|p2b: Corviknight|def|2\n|move|p1b: Corviknight|Tailwind|p1b: Corviknight\n|-sidestart|p1: Juya|move: Tailwind\n|\n|-heal|p1b: Corviknight|83/100|[from] item: Leftovers\n|upkeep\n|turn|2\n|\n|t:|1776113300\n|switch|p1b: Gengar|Gengar, L50, M|100/100\n|move|p2a: Rotom|Protect|p2a: Rotom\n|-singleturn|p2a: Rotom|Protect\n|move|p1a: Tsareena|Trop Kick|p2a: Rotom\n|-activate|p2a: Rotom|move: Protect\n|move|p2b: Corviknight|Tailwind|p2b: Corviknight\n|-sidestart|p2: jwillc|move: Tailwind\n|\n|upkeep\n|turn|3\n|inactive|jwillc has 30 seconds left.\n|inactive|jwillc has 20 seconds left.\n|\n|t:|1776113339\n|detailschange|p1b: Gengar|Gengar-Mega, L50, M\n|-mega|p1b: Gengar|Gengar|Gengarite\n|move|p1b: Gengar|Perish Song|p1b: Gengar\n|-start|p1a: Tsareena|perish3|[silent]\n|-start|p1b: Gengar|perish3|[silent]\n|-start|p2a: Rotom|perish3|[silent]\n|-start|p2b: Corviknight|perish3|[silent]\n|-fieldactivate|move: Perish Song\n|move|p2a: Rotom|Volt Switch|p1b: Gengar\n|-damage|p1b: Gengar|60/100\n|\n|t:|1776113358\n|switch|p2a: Basculegion|Basculegion, L50, M|100/100|[from] Volt Switch\n|move|p1a: Tsareena|Trop Kick|p2a: Basculegion\n|-supereffective|p2a: Basculegion|1\n|-damage|p2a: Basculegion|0 fnt\n|faint|p2a: Basculegion\n|move|p2b: Corviknight|Brave Bird|p1a: Tsareena\n|-supereffective|p1a: Tsareena|1\n|-damage|p1a: Tsareena|16/100\n|-damage|p2b: Corviknight|74/100|[from] Recoil\n|\n|-heal|p2b: Corviknight|80/100|[from] item: Leftovers\n|-start|p1b: Gengar|perish3\n|-start|p1a: Tsareena|perish3\n|-start|p2b: Corviknight|perish3\n|upkeep\n|\n|t:|1776113375\n|switch|p2a: Rotom|Rotom-Wash, L50|100/100\n|turn|4\n|\n|t:|1776113396\n|move|p1b: Gengar|Protect|p1b: Gengar\n|-singleturn|p1b: Gengar|Protect\n|move|p2a: Rotom|Hydro Pump|p1a: Tsareena\n|-resisted|p1a: Tsareena|1\n|-damage|p1a: Tsareena|0 fnt\n|faint|p1a: Tsareena\n|move|p2b: Corviknight|Brave Bird|p1b: Gengar\n|-activate|p1b: Gengar|move: Protect\n|\n|-heal|p2b: Corviknight|86/100|[from] item: Leftovers\n|-start|p1b: Gengar|perish2\n|-start|p2b: Corviknight|perish2\n|-sideend|p1: Juya|move: Tailwind\n|upkeep\n|\n|t:|1776113410\n|switch|p1a: Incineroar|Incineroar, L50, M|100/100\n|-ability|p1a: Incineroar|Intimidate|boost\n|-unboost|p2a: Rotom|atk|1\n|-ability|p2b: Corviknight|Mirror Armor\n|-unboost|p1a: Incineroar|atk|1\n|turn|5\n|\n|t:|1776113431\n|move|p1a: Incineroar|Fake Out|p2a: Rotom\n|-damage|p2a: Rotom|92/100\n|cant|p2a: Rotom|flinch\n|move|p1b: Gengar|Shadow Ball|p2a: Rotom\n|-damage|p2a: Rotom|33/100\n|-enditem|p2a: Rotom|Sitrus Berry|[eat]\n|-heal|p2a: Rotom|58/100|[from] item: Sitrus Berry\n|move|p2b: Corviknight|Body Press|p1a: Incineroar\n|-supereffective|p1a: Incineroar|1\n|-damage|p1a: Incineroar|9/100\n|-enditem|p1a: Incineroar|Sitrus Berry|[eat]\n|-heal|p1a: Incineroar|34/100|[from] item: Sitrus Berry\n|\n|-heal|p2b: Corviknight|92/100|[from] item: Leftovers\n|-start|p1b: Gengar|perish1\n|-start|p2b: Corviknight|perish1\n|-sideend|p2: jwillc|move: Tailwind\n|upkeep\n|turn|6\n|\n|t:|1776113453\n|switch|p1b: Corviknight|Corviknight, L50, M|83/100\n|move|p1a: Incineroar|Protect|p1a: Incineroar\n|-singleturn|p1a: Incineroar|Protect\n|move|p2a: Rotom|Hydro Pump|p1a: Incineroar\n|-activate|p1a: Incineroar|move: Protect\n|move|p2b: Corviknight|Tailwind|p2b: Corviknight\n|-sidestart|p2: jwillc|move: Tailwind\n|\n|-heal|p2b: Corviknight|98/100|[from] item: Leftovers\n|-heal|p1b: Corviknight|89/100|[from] item: Leftovers\n|-start|p2b: Corviknight|perish0\n|faint|p2b: Corviknight\n|upkeep\n|\n|t:|1776113464\n|switch|p2b: Floette|Floette-Eternal, L50, F|100/100\n|turn|7\n|\n|t:|1776113480\n|detailschange|p2b: Floette|Floette-Mega, L50, F\n|-mega|p2b: Floette|Floette|Floettite\n|-ability|p2b: Floette|Fairy Aura\n|move|p2b: Floette|Moonblast|p1b: Corviknight\n|-resisted|p1b: Corviknight|1\n|-damage|p1b: Corviknight|46/100\n|move|p2a: Rotom|Volt Switch|p1b: Corviknight\n|-supereffective|p1b: Corviknight|1\n|-damage|p1b: Corviknight|0 fnt\n|faint|p1b: Corviknight\n|move|p1a: Incineroar|Parting Shot|p2a: Rotom\n|-unboost|p2a: Rotom|atk|1\n|-unboost|p2a: Rotom|spa|1\n|\n|t:|1776113491\n|switch|p1a: Gengar|Gengar-Mega, L50, M|60/100|[from] Parting Shot\n|\n|upkeep\n|\n|t:|1776113494\n|switch|p1b: Incineroar|Incineroar, L50, M|34/100\n|-ability|p1b: Incineroar|Intimidate|boost\n|-unboost|p2a: Rotom|atk|1\n|-unboost|p2b: Floette|atk|1\n|turn|8\n|inactive|Juya has 30 seconds left.\n|\n|t:|1776113528\n|move|p1b: Incineroar|Fake Out|p2a: Rotom\n|-damage|p2a: Rotom|46/100\n|move|p2b: Floette|Moonblast|p1b: Incineroar\n|-damage|p1b: Incineroar|0 fnt\n|faint|p1b: Incineroar\n|cant|p2a: Rotom|flinch\n|move|p1a: Gengar|Sludge Bomb|p2b: Floette\n|-supereffective|p2b: Floette|1\n|-damage|p2b: Floette|0 fnt\n|faint|p2b: Floette\n|\n|upkeep\n|turn|9\n|\n|t:|1776113540\n|move|p1a: Gengar|Protect|p1a: Gengar\n|-singleturn|p1a: Gengar|Protect\n|move|p2a: Rotom|Hydro Pump|p1a: Gengar\n|-activate|p1a: Gengar|move: Protect\n|\n|-sideend|p2: jwillc|move: Tailwind\n|upkeep\n|turn|10\n|\n|t:|1776113549\n|move|p1a: Gengar|Sludge Bomb|p2a: Rotom\n|-damage|p2a: Rotom|0 fnt\n|faint|p2a: Rotom\n|\n|win|Juya\n|raw|Juya's rating: 1172 &rarr; <strong>1199</strong><br />(+27 for winning)\n|raw|jwillc's rating: 1201 &rarr; <strong>1174</strong><br />(-27 for losing)\n",
  "uploadtime": 1776113554,
  "views": 16,
  "formatid": "gen9championsvgc2026regma",
  "rating": 1174,
  "private": 0,
  "password": null
}