{
  "id": "gen9championsvgc2026regma-2583938540",
  "format": "[Gen 9 Champions] VGC 2026 Reg M-A",
  "players": [
    "smp on whimsicott",
    "KFC commander"
  ],
  "log": "|j|\u2606smp on whimsicott\n|j|\u203dKFC commander\n|t:|1776210003\n|gametype|doubles\n|player|p1|smp on whimsicott|artist-gen4|1111\n|player|p2|KFC commander|hilbert-wonderlauncher|1123\n|gen|9\n|tier|[Gen 9 Champions] VGC 2026 Reg M-A\n|rated|\n|rule|Species Clause: Limit one of each Pok\u00e9mon\n|rule|Item Clause: Limit 1 of each item\n|clearpoke\n|poke|p1|Floette-Eternal, L50, F|\n|poke|p1|Aegislash, L50, M|\n|poke|p1|Talonflame, L50, F|\n|poke|p1|Basculegion, L50, M|\n|poke|p1|Milotic, L50, F|\n|poke|p1|Garchomp, L50, F|\n|poke|p2|Tyranitar, L50, M|\n|poke|p2|Excadrill, L50, M|\n|poke|p2|Charizard, L50, M|\n|poke|p2|Arcanine-Hisui, L50, M|\n|poke|p2|Incineroar, L50, F|\n|poke|p2|Garchomp, L50, M|\n|teampreview|4\n|\n|t:|1776210048\n|teamsize|p1|4\n|teamsize|p2|4\n|start\n|switch|p1a: Milotic|Milotic, L50, F|100/100\n|switch|p1b: Garchomp|Garchomp, L50, F|100/100\n|switch|p2a: Tyranitar|Tyranitar, L50, M|100/100\n|switch|p2b: Excadrill|Excadrill, L50, M|100/100\n|-weather|Sandstorm|[from] ability: Sand Stream|[of] p2a: Tyranitar\n|turn|1\n|inactive|Battle timer is ON: inactive players will automatically lose when time's up. (requested by smp on whimsicott)\n|\n|t:|1776210124\n|move|p1b: Garchomp|Protect|p1b: Garchomp\n|-singleturn|p1b: Garchomp|Protect\n|move|p2b: Excadrill|High Horsepower|p1b: Garchomp\n|-activate|p1b: Garchomp|move: Protect\n|move|p1a: Milotic|Icy Wind|p2a: Tyranitar|[spread] p2a,p2b\n|-damage|p2a: Tyranitar|94/100\n|-damage|p2b: Excadrill|84/100\n|-unboost|p2a: Tyranitar|spe|1\n|-unboost|p2b: Excadrill|spe|1\n|move|p2a: Tyranitar|Low Kick|p1a: Milotic\n|-damage|p1a: Milotic|65/100\n|\n|-weather|Sandstorm|[upkeep]\n|-damage|p1a: Milotic|59/100|[from] Sandstorm\n|-heal|p1a: Milotic|65/100|[from] item: Leftovers\n|upkeep\n|turn|2\n|inactive|KFC commander has 30 seconds left.\n|\n|t:|1776210152\n|move|p1a: Milotic|Protect|p1a: Milotic\n|-singleturn|p1a: Milotic|Protect\n|move|p2b: Excadrill|High Horsepower|p1a: Milotic\n|-activate|p1a: Milotic|move: Protect\n|move|p1b: Garchomp|Earthquake|p2b: Excadrill|[spread] p2a,p2b\n|-activate|p1a: Milotic|move: Protect\n|-supereffective|p2a: Tyranitar|1\n|-supereffective|p2b: Excadrill|1\n|-damage|p2a: Tyranitar|30/100\n|-damage|p2b: Excadrill|0 fnt\n|faint|p2b: Excadrill\n|move|p2a: Tyranitar|Crunch|p1a: Milotic\n|-activate|p1a: Milotic|move: Protect\n|\n|-weather|Sandstorm|[upkeep]\n|-damage|p1a: Milotic|59/100|[from] Sandstorm\n|-heal|p1a: Milotic|65/100|[from] item: Leftovers\n|upkeep\n|inactive|KFC commander has 30 seconds left.\n|inactive|KFC commander has 20 seconds left.\n|inactive|KFC commander has 15 seconds left.\n|inactive|KFC commander has 10 seconds left.\n|inactive|KFC commander has 5 seconds left.\n|\n|t:|1776210202\n|switch|p2b: Garchomp|Garchomp, L50, M|100/100\n|turn|3\n|inactive|smp on whimsicott has 30 seconds left.\n|\n|t:|1776210228\n|move|p2b: Garchomp|Dragon Claw|p1b: Garchomp\n|-supereffective|p1b: Garchomp|1\n|-damage|p1b: Garchomp|29/100\n|-damage|p2b: Garchomp|88/100|[from] ability: Rough Skin|[of] p1b: Garchomp\n|move|p1b: Garchomp|Dragon Claw|p2a: Tyranitar\n|-damage|p2a: Tyranitar|0 fnt\n|faint|p2a: Tyranitar\n|move|p1a: Milotic|Icy Wind|p2b: Garchomp|[miss]\n|-miss|p1a: Milotic|p2b: Garchomp\n|\n|-weather|Sandstorm|[upkeep]\n|-damage|p1a: Milotic|59/100|[from] Sandstorm\n|-heal|p1a: Milotic|65/100|[from] item: Leftovers\n|upkeep\n|\n|t:|1776210241\n|switch|p2a: Charizard|Charizard, L50, M|100/100\n|turn|4\n|\n|t:|1776210249\n|detailschange|p2a: Charizard|Charizard-Mega-X, L50, M\n|-mega|p2a: Charizard|Charizard|Charizardite X\n|move|p1b: Garchomp|Protect|p1b: Garchomp\n|-singleturn|p1b: Garchomp|Protect\n|move|p2b: Garchomp|Dragon Claw|p1b: Garchomp\n|-activate|p1b: Garchomp|move: Protect\n|move|p2a: Charizard|Thunder Punch|p1a: Milotic\n|-supereffective|p1a: Milotic|1\n|-damage|p1a: Milotic|8/100\n|move|p1a: Milotic|Icy Wind|p2b: Garchomp|[spread] p2b\n|-miss|p1a: Milotic|p2a: Charizard\n|-supereffective|p2b: Garchomp|2\n|-damage|p2b: Garchomp|36/100\n|-unboost|p2b: Garchomp|spe|1\n|\n|-weather|Sandstorm|[upkeep]\n|-damage|p2a: Charizard|95/100|[from] Sandstorm\n|-damage|p1a: Milotic|2/100|[from] Sandstorm\n|-heal|p1a: Milotic|8/100|[from] item: Leftovers\n|upkeep\n|turn|5\n|inactive|smp on whimsicott has 30 seconds left.\n|inactive|KFC commander has 30 seconds left.\n|inactive|smp on whimsicott has 20 seconds left.\n|\n|t:|1776210288\n|move|p1b: Garchomp|Rock Slide|p2a: Charizard|[spread] p2b\n|-miss|p1b: Garchomp|p2a: Charizard\n|-resisted|p2b: Garchomp|1\n|-damage|p2b: Garchomp|26/100\n|move|p2a: Charizard|Dragon Claw|p1b: Garchomp\n|-supereffective|p1b: Garchomp|1\n|-damage|p1b: Garchomp|0 fnt\n|-damage|p2a: Charizard|82/100|[from] ability: Rough Skin|[of] p1b: Garchomp\n|faint|p1b: Garchomp\n|cant|p2b: Garchomp|flinch\n|move|p1a: Milotic|Icy Wind|p2b: Garchomp|[spread] p2a,p2b\n|-supereffective|p2b: Garchomp|2\n|-damage|p2a: Charizard|68/100\n|-damage|p2b: Garchomp|0 fnt\n|-unboost|p2a: Charizard|spe|1\n|faint|p2b: Garchomp\n|\n|-weather|none\n|-heal|p1a: Milotic|14/100|[from] item: Leftovers\n|upkeep\n|\n|t:|1776210301\n|switch|p1b: Talonflame|Talonflame, L50, F|100/100\n|turn|6\n|\n|t:|1776210311\n|move|p1b: Talonflame|Tailwind|p1b: Talonflame\n|-sidestart|p1: smp on whimsicott|move: Tailwind\n|move|p1a: Milotic|Scald|p2a: Charizard\n|-damage|p2a: Charizard|22/100\n|move|p2a: Charizard|Dragon Claw|p1a: Milotic\n|-damage|p1a: Milotic|0 fnt\n|faint|p1a: Milotic\n|\n|upkeep\n|-message|KFC commander forfeited.\n|\n|win|smp on whimsicott\n|raw|smp on whimsicott's rating: 1111 &rarr; <strong>1137</strong><br />(+26 for winning)\n|raw|KFC commander's rating: 1123 &rarr; <strong>1097</strong><br />(-26 for losing)\n",
  "uploadtime": 1776210316,
  "views": 12,
  "formatid": "gen9championsvgc2026regma",
  "rating": 1097,
  "private": 0,
  "password": null
}