{
  "id": "gen9championsvgc2026regma-2586172332",
  "format": "[Gen 9 Champions] VGC 2026 Reg M-A",
  "players": [
    "Greensoul1",
    "gdmk"
  ],
  "log": "|j|\u2606Greensoul1\n|j|\u2606gdmk\n|t:|1776408208\n|gametype|doubles\n|player|p1|Greensoul1|102|1014\n|player|p2|gdmk|169|1090\n|gen|9\n|tier|[Gen 9 Champions] VGC 2026 Reg M-A\n|rated|\n|rule|Species Clause: Limit one of each Pok\u00e9mon\n|rule|Item Clause: Limit 1 of each item\n|clearpoke\n|poke|p1|Tyranitar, L50, F|\n|poke|p1|Medicham, L50, F|\n|poke|p1|Sinistcha, L50|\n|poke|p1|Kommo-o, L50, F|\n|poke|p1|Excadrill, L50, F|\n|poke|p1|Klefki, L50, M|\n|poke|p2|Incineroar, L50, M|\n|poke|p2|Floette-Eternal, L50, F|\n|poke|p2|Basculegion, L50, M|\n|poke|p2|Farigiraf, L50, F|\n|poke|p2|Sinistcha-Masterpiece, L50|\n|poke|p2|Pelipper, L50, M|\n|teampreview|4\n|\n|t:|1776408243\n|teamsize|p1|4\n|teamsize|p2|4\n|start\n|switch|p1a: Tyranitar|Tyranitar, L50, F|100/100\n|switch|p1b: Kommo-o|Kommo-o, L50, F|100/100\n|switch|p2a: Incineroar|Incineroar, L50, M|100/100\n|switch|p2b: Basculegion|Basculegion, L50, M|100/100\n|-ability|p2a: Incineroar|Intimidate|boost\n|-unboost|p1a: Tyranitar|atk|1\n|-unboost|p1b: Kommo-o|atk|1\n|-weather|Sandstorm|[from] ability: Sand Stream|[of] p1a: Tyranitar\n|turn|1\n|\n|t:|1776408265\n|move|p1b: Kommo-o|Protect|p1b: Kommo-o\n|-singleturn|p1b: Kommo-o|Protect\n|move|p1a: Tyranitar|Protect|p1a: Tyranitar\n|-singleturn|p1a: Tyranitar|Protect\n|move|p2a: Incineroar|Fake Out|p1b: Kommo-o\n|-activate|p1b: Kommo-o|move: Protect\n|move|p2b: Basculegion|Wave Crash|p1a: Tyranitar\n|-activate|p1a: Tyranitar|move: Protect\n|\n|-weather|Sandstorm|[upkeep]\n|-damage|p2b: Basculegion|94/100|[from] Sandstorm\n|-damage|p2a: Incineroar|95/100|[from] Sandstorm\n|upkeep\n|turn|2\n|\n|t:|1776408292\n|switch|p2a: Pelipper|Pelipper, L50, M|100/100\n|-weather|RainDance|[from] ability: Drizzle|[of] p2a: Pelipper\n|move|p2b: Basculegion|Wave Crash|p1a: Tyranitar\n|-supereffective|p1a: Tyranitar|1\n|-enditem|p1a: Tyranitar|Passho Berry|[eat]\n|-enditem|p1a: Tyranitar|Passho Berry|[weaken]\n|-damage|p1a: Tyranitar|7/100\n|-damage|p2b: Basculegion|62/100|[from] Recoil\n|move|p1b: Kommo-o|Clanging Scales|p2a: Pelipper|[spread] p2a,p2b\n|-damage|p2a: Pelipper|47/100\n|-damage|p2b: Basculegion|15/100\n|-unboost|p1b: Kommo-o|def|1\n|move|p1a: Tyranitar|Knock Off|p2b: Basculegion\n|-supereffective|p2b: Basculegion|1\n|-damage|p2b: Basculegion|0 fnt\n|-enditem|p2b: Basculegion|Choice Scarf|[from] move: Knock Off|[of] p1a: Tyranitar\n|faint|p2b: Basculegion\n|\n|-weather|RainDance|[upkeep]\n|upkeep\n|\n|t:|1776408311\n|switch|p2b: Incineroar|Incineroar, L50, M|95/100\n|-ability|p2b: Incineroar|Intimidate|boost\n|-unboost|p1a: Tyranitar|atk|1\n|-unboost|p1b: Kommo-o|atk|1\n|turn|3\n|\n|t:|1776408368\n|move|p1b: Kommo-o|Protect|p1b: Kommo-o\n|-singleturn|p1b: Kommo-o|Protect\n|move|p1a: Tyranitar|Protect|p1a: Tyranitar\n|-singleturn|p1a: Tyranitar|Protect\n|move|p2b: Incineroar|Fake Out|p1b: Kommo-o\n|-activate|p1b: Kommo-o|move: Protect\n|move|p2a: Pelipper|Weather Ball|p1a: Tyranitar\n|-activate|p1a: Tyranitar|move: Protect\n|\n|-weather|RainDance|[upkeep]\n|upkeep\n|turn|4\n|inactive|Battle timer is ON: inactive players will automatically lose when time's up. (requested by gdmk)\n|inactive|Greensoul1 has 60 seconds left.\n|\n|t:|1776408413\n|switch|p1a: Excadrill|Excadrill, L50, F|100/100\n|move|p2b: Incineroar|Will-O-Wisp|p1b: Kommo-o\n|-status|p1b: Kommo-o|brn\n|move|p1b: Kommo-o|Clangorous Soul|p1b: Kommo-o\n|-boost|p1b: Kommo-o|atk|1\n|-boost|p1b: Kommo-o|def|1\n|-boost|p1b: Kommo-o|spa|1\n|-boost|p1b: Kommo-o|spd|1\n|-boost|p1b: Kommo-o|spe|1\n|-damage|p1b: Kommo-o|68/100 brn\n|move|p2a: Pelipper|Weather Ball|p1a: Excadrill\n|-supereffective|p1a: Excadrill|1\n|-damage|p1a: Excadrill|0 fnt\n|faint|p1a: Excadrill\n|\n|-weather|RainDance|[upkeep]\n|-damage|p1b: Kommo-o|61/100 brn|[from] brn\n|upkeep\n|inactive|Greensoul1 has 30 seconds left.\n|\n|t:|1776408439\n|switch|p1a: Medicham|Medicham, L50, F|100/100\n|turn|5\n|inactive|Greensoul1 has 30 seconds left.\n|inactive|Greensoul1 has 20 seconds left.\n|inactive|Greensoul1 has 15 seconds left.\n|inactive|Greensoul1 has 10 seconds left.\n|\n|t:|1776408487\n|switch|p2b: Farigiraf|Farigiraf, L50, F|100/100\n|detailschange|p1a: Medicham|Medicham-Mega, L50, F\n|-mega|p1a: Medicham|Medicham|Medichamite\n|move|p2a: Pelipper|Wide Guard|p2a: Pelipper\n|-singleturn|p2a: Pelipper|Wide Guard\n|move|p1b: Kommo-o|Clanging Scales|p2b: Farigiraf|[spread] \n|-activate|p2a: Pelipper|move: Wide Guard\n|-activate|p2b: Farigiraf|move: Wide Guard\n|move|p1a: Medicham|Close Combat|p2b: Farigiraf\n|-damage|p2b: Farigiraf|0 fnt\n|-unboost|p1a: Medicham|def|1\n|-unboost|p1a: Medicham|spd|1\n|faint|p2b: Farigiraf\n|\n|-weather|RainDance|[upkeep]\n|-damage|p1b: Kommo-o|55/100 brn|[from] brn\n|upkeep\n|\n|t:|1776408502\n|switch|p2b: Incineroar|Incineroar, L50, M|95/100\n|-ability|p2b: Incineroar|Intimidate|boost\n|-unboost|p1a: Medicham|atk|1\n|-unboost|p1b: Kommo-o|atk|1\n|turn|6\n|inactive|Greensoul1 has 30 seconds left.\n|inactive|Greensoul1 has 20 seconds left.\n|\n|t:|1776408540\n|move|p2b: Incineroar|Fake Out|p1b: Kommo-o\n|-damage|p1b: Kommo-o|47/100 brn\n|cant|p1b: Kommo-o|flinch\n|move|p1a: Medicham|Close Combat|p2b: Incineroar\n|-supereffective|p2b: Incineroar|1\n|-damage|p2b: Incineroar|0 fnt\n|-unboost|p1a: Medicham|def|1\n|-unboost|p1a: Medicham|spd|1\n|faint|p2b: Incineroar\n|move|p2a: Pelipper|Hurricane|p1a: Medicham\n|-supereffective|p1a: Medicham|1\n|-damage|p1a: Medicham|0 fnt\n|faint|p1a: Medicham\n|\n|-weather|none\n|-damage|p1b: Kommo-o|40/100 brn|[from] brn\n|upkeep\n|\n|t:|1776408557\n|switch|p1a: Tyranitar|Tyranitar, L50, F|7/100\n|-weather|Sandstorm|[from] ability: Sand Stream|[of] p1a: Tyranitar\n|turn|7\n|\n|t:|1776408581\n|move|p2a: Pelipper|Protect|p2a: Pelipper\n|-singleturn|p2a: Pelipper|Protect\n|move|p1b: Kommo-o|Clanging Scales|p2a: Pelipper\n|-activate|p2a: Pelipper|move: Protect\n|move|p1a: Tyranitar|Knock Off|p2a: Pelipper\n|-activate|p2a: Pelipper|move: Protect\n|\n|-weather|Sandstorm|[upkeep]\n|-damage|p2a: Pelipper|41/100|[from] Sandstorm\n|-damage|p1b: Kommo-o|34/100 brn|[from] brn\n|upkeep\n|turn|8\n|inactive|Greensoul1 has 30 seconds left.\n|\n|t:|1776408608\n|move|p1b: Kommo-o|Clanging Scales|p2a: Pelipper\n|-damage|p2a: Pelipper|0 fnt\n|faint|p2a: Pelipper\n|\n|win|Greensoul1\n|raw|Greensoul1's rating: 1014 &rarr; <strong>1060</strong><br />(+46 for winning)\n|raw|gdmk's rating: 1090 &rarr; <strong>1061</strong><br />(-29 for losing)\n|l|\u2606gdmk\n|player|p2|\n",
  "uploadtime": 1776408619,
  "views": 17,
  "formatid": "gen9championsvgc2026regma",
  "rating": 1060,
  "private": 0,
  "password": null
}