{
  "id": "gen9championsvgc2026regma-2587844949",
  "format": "[Gen 9 Champions] VGC 2026 Reg M-A",
  "players": [
    "12457a",
    "navinsachump"
  ],
  "log": "|j|\u260612457a\n|j|\u2606navinsachump\n|t:|1776569927\n|gametype|doubles\n|player|p1|12457a|102|1392\n|player|p2|navinsachump|smasher|1571\n|gen|9\n|tier|[Gen 9 Champions] VGC 2026 Reg M-A\n|rated|\n|rule|Species Clause: Limit one of each Pok\u00e9mon\n|rule|Item Clause: Limit 1 of each item\n|clearpoke\n|poke|p1|Floette-Eternal, L50, F|\n|poke|p1|Araquanid, L50, M|\n|poke|p1|Farigiraf, L50, M|\n|poke|p1|Kingambit, L50, F|\n|poke|p1|Aerodactyl, L50, M|\n|poke|p1|Rotom-Heat, L50|\n|poke|p2|Charizard, L50, F|\n|poke|p2|Sneasler, L50, F|\n|poke|p2|Basculegion, L50, M|\n|poke|p2|Garchomp, L50, M|\n|poke|p2|Incineroar, L50, M|\n|poke|p2|Venusaur, L50, F|\n|teampreview|4\n|inactive|Battle timer is ON: inactive players will automatically lose when time's up. (requested by 12457a)\n|inactive|12457a has 60 seconds left.\n|\n|t:|1776569966\n|teamsize|p1|4\n|teamsize|p2|4\n|start\n|switch|p1a: Aerodactyl|Aerodactyl, L50, M|100/100\n|switch|p1b: Rotom|Rotom-Heat, L50|100/100\n|switch|p2a: Basculegion|Basculegion, L50, M|100/100\n|switch|p2b: Sneasler|Sneasler, L50, F|100/100\n|-ability|p1a: Aerodactyl|Unnerve\n|turn|1\n|\n|t:|1776569978\n|move|p1a: Aerodactyl|Protect|p1a: Aerodactyl\n|-singleturn|p1a: Aerodactyl|Protect\n|move|p1b: Rotom|Protect|p1b: Rotom\n|-singleturn|p1b: Rotom|Protect\n|move|p2a: Basculegion|Flip Turn|p1b: Rotom\n|-activate|p1b: Rotom|move: Protect\n|move|p2b: Sneasler|Close Combat|p1b: Rotom\n|-activate|p1b: Rotom|move: Protect\n|\n|upkeep\n|turn|2\n|inactive|12457a has 30 seconds left.\n|\n|t:|1776570008\n|switch|p2b: Garchomp|Garchomp, L50, M|100/100\n|move|p2a: Basculegion|Flip Turn|p1a: Aerodactyl\n|-supereffective|p1a: Aerodactyl|1\n|-enditem|p1a: Aerodactyl|Focus Sash\n|-damage|p1a: Aerodactyl|1/100\n|\n|t:|1776570022\n|switch|p2a: Charizard|Charizard, L50, F|100/100|[from] Flip Turn\n|move|p1a: Aerodactyl|Dual Wingbeat|p2b: Garchomp\n|-damage|p2b: Garchomp|83/100\n|-damage|p1a: Aerodactyl|0 fnt|[from] ability: Rough Skin|[of] p2b: Garchomp\n|faint|p1a: Aerodactyl\n|-hitcount|p2b: Garchomp|1\n|move|p1b: Rotom|Overheat|p2a: Charizard|[miss]\n|-miss|p1b: Rotom|p2a: Charizard\n|\n|upkeep\n|\n|t:|1776570035\n|switch|p1a: Farigiraf|Farigiraf, L50, M|100/100\n|turn|3\n|inactive|navinsachump has 30 seconds left.\n|inactive|navinsachump has 20 seconds left.\n|inactive|navinsachump has 15 seconds left.\n|\n|t:|1776570075\n|detailschange|p2a: Charizard|Charizard-Mega-Y, L50, F\n|-mega|p2a: Charizard|Charizard|Charizardite Y\n|-weather|SunnyDay|[from] ability: Drought|[of] p2a: Charizard\n|move|p2b: Garchomp|Earthquake|p1a: Farigiraf|[spread] p1a\n|-immune|p2a: Charizard\n|-immune|p1b: Rotom|[from] ability: Levitate\n|-damage|p1a: Farigiraf|62/100\n|move|p2a: Charizard|Heat Wave|p1a: Farigiraf|[spread] p1a,p1b\n|-resisted|p1b: Rotom|1\n|-damage|p1a: Farigiraf|14/100\n|-damage|p1b: Rotom|63/100\n|move|p1b: Rotom|Nasty Plot|p1b: Rotom\n|-boost|p1b: Rotom|spa|2\n|move|p1a: Farigiraf|Trick Room|p1a: Farigiraf\n|-fieldstart|move: Trick Room|[of] p1a: Farigiraf\n|\n|-weather|SunnyDay|[upkeep]\n|upkeep\n|turn|4\n|inactive|12457a has 30 seconds left.\n|inactive|12457a has 20 seconds left.\n|\n|t:|1776570111\n|move|p2a: Charizard|Protect|p2a: Charizard\n|-singleturn|p2a: Charizard|Protect\n|move|p1a: Farigiraf|Hyper Voice|p2b: Garchomp|[spread] p2b\n|-activate|p2a: Charizard|move: Protect\n|-damage|p2b: Garchomp|57/100\n|move|p1b: Rotom|Thunderbolt|p2a: Charizard\n|-activate|p2a: Charizard|move: Protect\n|move|p2b: Garchomp|Rock Slide|p1a: Farigiraf|[spread] p1a,p1b\n|-supereffective|p1b: Rotom|1\n|-damage|p1a: Farigiraf|0 fnt\n|-damage|p1b: Rotom|19/100\n|faint|p1a: Farigiraf\n|\n|-weather|SunnyDay|[upkeep]\n|upkeep\n|\n|t:|1776570119\n|switch|p1a: Araquanid|Araquanid, L50, M|100/100\n|turn|5\n|\n|t:|1776570136\n|switch|p2a: Sneasler|Sneasler, L50, F|100/100\n|move|p1a: Araquanid|Liquidation|p2b: Garchomp\n|-damage|p2b: Garchomp|22/100\n|-damage|p1a: Araquanid|88/100|[from] ability: Rough Skin|[of] p2b: Garchomp\n|move|p1b: Rotom|Thunderbolt|p2a: Sneasler\n|-damage|p2a: Sneasler|0 fnt\n|faint|p2a: Sneasler\n|move|p2b: Garchomp|Dragon Claw|p1b: Rotom\n|-damage|p1b: Rotom|0 fnt\n|faint|p1b: Rotom\n|\n|-weather|SunnyDay|[upkeep]\n|upkeep\n|\n|t:|1776570145\n|switch|p2a: Charizard|Charizard-Mega-Y, L50, F|100/100\n|turn|6\n|-message|12457a forfeited.\n|\n|win|navinsachump\n|raw|12457a's rating: 1392 &rarr; <strong>1381</strong><br />(-11 for losing)\n|raw|navinsachump's rating: 1571 &rarr; <strong>1582</strong><br />(+11 for winning)\n|l|\u260612457a\n|player|p1|\n|l|\u2606navinsachump\n|player|p2|\n",
  "uploadtime": 1776570215,
  "views": 16,
  "formatid": "gen9championsvgc2026regma",
  "rating": 1381,
  "private": 0,
  "password": null
}