{
  "id": "gen9championsvgc2026regma-2581060650",
  "format": "[Gen 9 Champions] VGC 2026 Reg M-A",
  "players": [
    "ttectonicc",
    "CappyCappy"
  ],
  "log": "|j|\u2606ttectonicc\n|j|\u2606CappyCappy\n|t:|1775956130\n|gametype|doubles\n|player|p1|ttectonicc|emmet|1028\n|player|p2|CappyCappy|miku-fairy|1000\n|gen|9\n|tier|[Gen 9 Champions] VGC 2026 Reg M-A\n|rated|\n|rule|Species Clause: Limit one of each Pok\u00e9mon\n|rule|Item Clause: Limit 1 of each item\n|clearpoke\n|poke|p1|Sinistcha-Masterpiece, L50|\n|poke|p1|Whimsicott, L50, F|\n|poke|p1|Camerupt, L50, F|\n|poke|p1|Torkoal, L50, F|\n|poke|p1|Primarina, L50, F|\n|poke|p1|Pelipper, L50, F|\n|poke|p2|Politoed, L50, M|\n|poke|p2|Gengar, L50, M|\n|poke|p2|Sinistcha, L50|\n|poke|p2|Tyranitar, L50, F|\n|poke|p2|Goodra-Hisui, L50, F|\n|poke|p2|Incineroar, L50, M|\n|teampreview|4\nCappyCappy rejected open team sheets.\n|inactive|Battle timer is ON: inactive players will automatically lose when time's up. (requested by ttectonicc)\n|\n|t:|1775956205\n|teamsize|p1|4\n|teamsize|p2|4\n|start\n|switch|p1a: Sinistcha|Sinistcha-Masterpiece, L50|100/100\n|switch|p1b: Whimsicott|Whimsicott, L50, F|100/100\n|switch|p2a: Goodra|Goodra-Hisui, L50, F|100/100\n|switch|p2b: Politoed|Politoed, L50, M|100/100\n|-weather|RainDance|[from] ability: Drizzle|[of] p2b: Politoed\n|turn|1\n|\n|t:|1775956223\n|switch|p2a: Gengar|Gengar, L50, M, shiny|100/100\n|move|p1b: Whimsicott|Moonblast|p2b: Politoed|[miss]\n|-miss|p1b: Whimsicott|p2b: Politoed\n|move|p2b: Politoed|Perish Song|p2b: Politoed\n|-start|p1a: Sinistcha|perish3|[silent]\n|-start|p1b: Whimsicott|perish3|[silent]\n|-start|p2a: Gengar|perish3|[silent]\n|-start|p2b: Politoed|perish3|[silent]\n|-fieldactivate|move: Perish Song\n|move|p1a: Sinistcha|Trick Room|p1a: Sinistcha\n|-fieldstart|move: Trick Room|[of] p1a: Sinistcha\n|\n|-weather|RainDance|[upkeep]\n|-start|p1a: Sinistcha|perish3\n|-start|p2b: Politoed|perish3\n|-start|p2a: Gengar|perish3\n|-start|p1b: Whimsicott|perish3\n|upkeep\n|turn|2\n|\n|t:|1775956245\n|switch|p2b: Goodra|Goodra-Hisui, L50, F|100/100\n|detailschange|p2a: Gengar|Gengar-Mega, L50, M, shiny\n|-mega|p2a: Gengar|Gengar|Gengarite\n|move|p2a: Gengar|Protect|p2a: Gengar\n|-singleturn|p2a: Gengar|Protect\n|move|p1b: Whimsicott|Encore||[still]\n|-fail|p1b: Whimsicott\n|move|p1a: Sinistcha|Energy Ball|p2b: Goodra\n|-resisted|p2b: Goodra|2\n|-crit|p2b: Goodra\n|-damage|p2b: Goodra|89/100\n|\n|-weather|RainDance|[upkeep]\n|-heal|p2b: Goodra|95/100|[from] item: Leftovers\n|-start|p1a: Sinistcha|perish2\n|-start|p2a: Gengar|perish2\n|-start|p1b: Whimsicott|perish2\n|upkeep\n|turn|3\n|inactive|CappyCappy has 30 seconds left.\n|\n|t:|1775956271\n|switch|p1a: Pelipper|Pelipper, L50, F|100/100\n|move|p1b: Whimsicott|Encore|p2a: Gengar\n|-start|p2a: Gengar|Encore\n|move|p2a: Gengar|Protect||[still]\n|-fail|p2a: Gengar\n|move|p2b: Goodra|Life Dew||[still]|[spread] p2a,p2b\n|-fail|p2a: Gengar|heal\n|-heal|p2b: Goodra|100/100\n|\n|-weather|RainDance|[upkeep]\n|-start|p2a: Gengar|perish1\n|-start|p1b: Whimsicott|perish1\n|upkeep\n|turn|4\n|inactive|ttectonicc has 30 seconds left.\n|\n|t:|1775956298\n|switch|p2a: Politoed|Politoed, L50, M|100/100\n|move|p2b: Goodra|Shelter|p2b: Goodra\n|-boost|p2b: Goodra|def|2\n|move|p1a: Pelipper|Weather Ball|p2a: Politoed\n|-resisted|p2a: Politoed|1\n|-damage|p2a: Politoed|81/100\n|move|p1b: Whimsicott|Moonblast|p2b: Goodra\n|-damage|p2b: Goodra|78/100\n|\n|-weather|RainDance|[upkeep]\n|-heal|p2b: Goodra|83/100|[from] item: Leftovers\n|-start|p1b: Whimsicott|perish0\n|faint|p1b: Whimsicott\n|upkeep\n|\n|t:|1775956310\n|switch|p1b: Sinistcha|Sinistcha-Masterpiece, L50|100/100\n|turn|5\n|\n|t:|1775956334\n|switch|p2b: Gengar|Gengar-Mega, L50, M, shiny|100/100\n|move|p1b: Sinistcha|Energy Ball|p2a: Politoed\n|-supereffective|p2a: Politoed|1\n|-damage|p2a: Politoed|25/100\n|move|p2a: Politoed|Perish Song|p2a: Politoed\n|-start|p1a: Pelipper|perish3|[silent]\n|-start|p1b: Sinistcha|perish3|[silent]\n|-start|p2a: Politoed|perish3|[silent]\n|-start|p2b: Gengar|perish3|[silent]\n|-fieldactivate|move: Perish Song\n|move|p1a: Pelipper|Hurricane|p2a: Politoed\n|-damage|p2a: Politoed|0 fnt\n|faint|p2a: Politoed\n|\n|-weather|none\n|-start|p1b: Sinistcha|perish3\n|-start|p1a: Pelipper|perish3\n|-start|p2b: Gengar|perish3\n|-fieldend|move: Trick Room\n|upkeep\n|\n|t:|1775956345\n|switch|p2a: Tyranitar|Tyranitar, L50, F|100/100\n|-ability|p2a: Tyranitar|Unnerve\n|turn|6\n|inactive|ttectonicc has 30 seconds left.\n|\n|t:|1775956371\n|move|p2b: Gengar|Protect|p2b: Gengar\n|-singleturn|p2b: Gengar|Protect\n|move|p1a: Pelipper|Protect|p1a: Pelipper\n|-singleturn|p1a: Pelipper|Protect\n|move|p2a: Tyranitar|Knock Off|p1b: Sinistcha\n|-supereffective|p1b: Sinistcha|1\n|-damage|p1b: Sinistcha|0 fnt\n|-enditem|p1b: Sinistcha|Leftovers|[from] move: Knock Off|[of] p2a: Tyranitar\n|faint|p1b: Sinistcha\n|\n|-start|p2b: Gengar|perish2\n|-start|p1a: Pelipper|perish2\n|upkeep\n|\n|t:|1775956377\n|switch|p1b: Primarina|Primarina, L50, F|100/100\n|turn|7\n|\n|t:|1775956392\n|move|p2a: Tyranitar|Protect|p2a: Tyranitar\n|-singleturn|p2a: Tyranitar|Protect\n|move|p2b: Gengar|Perish Song|p2b: Gengar\n|-start|p1b: Primarina|perish3|[silent]\n|-start|p2a: Tyranitar|perish3|[silent]\n|-fieldactivate|move: Perish Song\n|move|p1a: Pelipper|Hurricane|p2b: Gengar\n|-damage|p2b: Gengar|50/100\n|-start|p2b: Gengar|confusion\n|move|p1b: Primarina|Hyper Voice|p2a: Tyranitar|[spread] p2b\n|-activate|p2a: Tyranitar|move: Protect\n|-damage|p2b: Gengar|6/100\n|\n|-start|p2b: Gengar|perish1\n|-start|p1a: Pelipper|perish1\n|-start|p2a: Tyranitar|perish3\n|-start|p1b: Primarina|perish3\n|upkeep\n|turn|8\n|\n|t:|1775956414\n|switch|p2b: Goodra|Goodra-Hisui, L50, F|83/100\n|move|p1a: Pelipper|Tailwind|p1a: Pelipper\n|-sidestart|p1: ttectonicc|move: Tailwind\n|move|p1b: Primarina|Draining Kiss|p2a: Tyranitar\n|-supereffective|p2a: Tyranitar|1\n|-damage|p2a: Tyranitar|45/100\n|move|p2a: Tyranitar|Rock Slide|p1b: Primarina|[spread] p1a,p1b\n|-supereffective|p1a: Pelipper|1\n|-damage|p1a: Pelipper|20/100\n|-damage|p1b: Primarina|62/100\n|\n|-heal|p2b: Goodra|89/100|[from] item: Leftovers\n|-start|p1a: Pelipper|perish0\n|-start|p1b: Primarina|perish2\n|faint|p1a: Pelipper\n|-start|p2a: Tyranitar|perish2\n|upkeep\n|turn|9\n|\n|t:|1775956429\n|move|p2a: Tyranitar|Protect|p2a: Tyranitar\n|-singleturn|p2a: Tyranitar|Protect\n|move|p1b: Primarina|Draining Kiss|p2a: Tyranitar\n|-activate|p2a: Tyranitar|move: Protect\n|move|p2b: Goodra|Life Dew|p2b: Goodra|[spread] p2a,p2b\n|-heal|p2a: Tyranitar|70/100\n|-heal|p2b: Goodra|100/100\n|\n|-start|p1b: Primarina|perish1\n|-start|p2a: Tyranitar|perish1\n|upkeep\n|turn|10\n|-message|ttectonicc forfeited.\n|\n|win|CappyCappy\n|raw|ttectonicc's rating: 1028 &rarr; <strong>1013</strong><br />(-15 for losing)\n|raw|CappyCappy's rating: 1000 &rarr; <strong>1043</strong><br />(+43 for winning)\n",
  "uploadtime": 1775956433,
  "views": 11,
  "formatid": "gen9championsvgc2026regma",
  "rating": 1013,
  "private": 0,
  "password": null
}