{
  "id": "gen9championsvgc2026regma-2584828085",
  "format": "[Gen 9 Champions] VGC 2026 Reg M-A",
  "players": [
    "Auayayayayayauaua",
    "RagingBerserker1"
  ],
  "log": "|j|\u2606Auayayayayayauaua\n|j|\u2606RagingBerserker1\n|t:|1776286756\n|gametype|doubles\n|player|p1|Auayayayayayauaua|2|1173\n|player|p2|RagingBerserker1|169|1106\n|gen|9\n|tier|[Gen 9 Champions] VGC 2026 Reg M-A\n|rated|\n|rule|Species Clause: Limit one of each Pok\u00e9mon\n|rule|Item Clause: Limit 1 of each item\n|clearpoke\n|poke|p1|Basculegion, L50, M|\n|poke|p1|Incineroar, L50, M|\n|poke|p1|Meganium, L50, M|\n|poke|p1|Garchomp, L50, M|\n|poke|p1|Sneasler, L50, M|\n|poke|p1|Talonflame, L50, F|\n|poke|p2|Camerupt, L50, F|\n|poke|p2|Oranguru, L50, M|\n|poke|p2|Bastiodon, L50, M|\n|poke|p2|Corviknight, L50, F|\n|poke|p2|Drampa, L50, M|\n|poke|p2|Hatterene, L50, F|\n|teampreview|4\nRagingBerserker1 rejected open team sheets.\n|inactive|Battle timer is ON: inactive players will automatically lose when time's up. (requested by RagingBerserker1)\n|inactive|Auayayayayayauaua has 60 seconds left.\n|inactive|RagingBerserker1 has 60 seconds left.\n|\n|t:|1776286807\n|teamsize|p1|4\n|teamsize|p2|4\n|start\n|switch|p1a: Incineroar|Incineroar, L50, M|100/100\n|switch|p1b: Sneasler|Sneasler, L50, M|100/100\n|switch|p2a: Oranguru|Oranguru, L50, M|100/100\n|switch|p2b: Corviknight|Corviknight, L50, F|100/100\n|-ability|p1a: Incineroar|Intimidate|boost\n|-fail|p2a: Oranguru|unboost|Attack|[from] ability: Inner Focus|[of] p2a: Oranguru\n|-ability|p2b: Corviknight|Mirror Armor\n|-unboost|p1a: Incineroar|atk|1\n|turn|1\n|inactive|Auayayayayayauaua has 30 seconds left.\n|\n|t:|1776286835\n|move|p1b: Sneasler|Fake Out|p2a: Oranguru\n|-damage|p2a: Oranguru|84/100\n|move|p1a: Incineroar|Darkest Lariat|p2a: Oranguru\n|-supereffective|p2a: Oranguru|1\n|-enditem|p2a: Oranguru|Colbur Berry|[eat]\n|-enditem|p2a: Oranguru|Colbur Berry|[weaken]\n|-damage|p2a: Oranguru|50/100\n|move|p2b: Corviknight|U-turn|p1b: Sneasler\n|-resisted|p1b: Sneasler|2\n|-damage|p1b: Sneasler|93/100\n|\n|t:|1776286850\n|switch|p2b: Drampa|Drampa, L50, M|100/100|[from] U-turn\n|move|p2a: Oranguru|Trick Room|p2a: Oranguru\n|-fieldstart|move: Trick Room|[of] p2a: Oranguru\n|\n|upkeep\n|turn|2\n|\n|t:|1776286870\n|detailschange|p2b: Drampa|Drampa-Mega, L50, M\n|-mega|p2b: Drampa|Drampa|Drampanite\n|move|p2b: Drampa|Draco Meteor|p1a: Incineroar|[miss]\n|-miss|p2b: Drampa|p1a: Incineroar\n|move|p2a: Oranguru|Psychic|p1b: Sneasler\n|-supereffective|p1b: Sneasler|2\n|-damage|p1b: Sneasler|0 fnt\n|faint|p1b: Sneasler\n|move|p1a: Incineroar|Darkest Lariat|p2a: Oranguru\n|-supereffective|p2a: Oranguru|1\n|-damage|p2a: Oranguru|0 fnt\n|faint|p2a: Oranguru\n|\n|upkeep\n|\n|t:|1776286884\n|switch|p2a: Bastiodon|Bastiodon, L50, M|100/100\n|switch|p1b: Meganium|Meganium, L50, M|100/100\n|turn|3\n|inactive|Auayayayayayauaua has 30 seconds left.\n|inactive|Auayayayayayauaua has 20 seconds left.\n|\n|t:|1776286923\n|detailschange|p1b: Meganium|Meganium-Mega, L50, M\n|-mega|p1b: Meganium|Meganium|Meganiumite\n|move|p2a: Bastiodon|Body Press|p1b: Meganium\n|-resisted|p1b: Meganium|1\n|-damage|p1b: Meganium|86/100\n|move|p2b: Drampa|Hurricane|p1b: Meganium\n|-supereffective|p1b: Meganium|1\n|-damage|p1b: Meganium|7/100\n|move|p1a: Incineroar|Flare Blitz|p2a: Bastiodon\n|-damage|p2a: Bastiodon|78/100\n|-damage|p1a: Incineroar|95/100|[from] Recoil\n|move|p1b: Meganium|Dazzling Gleam|p2b: Drampa|[spread] p2a,p2b\n|-resisted|p2a: Bastiodon|1\n|-supereffective|p2b: Drampa|1\n|-damage|p2a: Bastiodon|66/100\n|-damage|p2b: Drampa|45/100\n|-ability|p2b: Drampa|Berserk|boost\n|-boost|p2b: Drampa|spa|1\n|\n|upkeep\n|turn|4\n|\n|t:|1776286947\n|move|p1b: Meganium|Protect|p1b: Meganium\n|-singleturn|p1b: Meganium|Protect\n|move|p2b: Drampa|Hyper Voice|p1a: Incineroar|[spread] p1a\n|-activate|p1b: Meganium|move: Protect\n|-damage|p1a: Incineroar|25/100\n|move|p2a: Bastiodon|Body Press|p1b: Meganium\n|-activate|p1b: Meganium|move: Protect\n|move|p1a: Incineroar|Parting Shot|p2b: Drampa\n|-unboost|p2b: Drampa|atk|1\n|-unboost|p2b: Drampa|spa|1\n|\n|t:|1776286959\n|switch|p1a: Garchomp|Garchomp, L50, M|100/100|[from] Parting Shot\n|\n|upkeep\n|turn|5\n|\n|t:|1776286979\n|switch|p1b: Incineroar|Incineroar, L50, M|25/100\n|-ability|p1b: Incineroar|Intimidate|boost\n|-unboost|p2a: Bastiodon|atk|1\n|-unboost|p2b: Drampa|atk|1\n|move|p1a: Garchomp|Protect|p1a: Garchomp\n|-singleturn|p1a: Garchomp|Protect\n|move|p2a: Bastiodon|Body Press|p1a: Garchomp\n|-activate|p1a: Garchomp|move: Protect\n|move|p2b: Drampa|Hyper Voice|p1b: Incineroar|[spread] p1b\n|-activate|p1a: Garchomp|move: Protect\n|-damage|p1b: Incineroar|0 fnt\n|faint|p1b: Incineroar\n|\n|-fieldend|move: Trick Room\n|upkeep\n|\n|t:|1776286995\n|switch|p1b: Meganium|Meganium-Mega, L50, M|7/100\n|turn|6\n|\n|t:|1776287016\n|switch|p2b: Corviknight|Corviknight, L50, F|100/100\n|move|p1a: Garchomp|Rock Slide|p2a: Bastiodon|[spread] p2a,p2b\n|-resisted|p2a: Bastiodon|1\n|-damage|p2a: Bastiodon|60/100\n|-damage|p2b: Corviknight|84/100\n|move|p1b: Meganium|Dazzling Gleam|p2b: Corviknight|[spread] p2a,p2b\n|-resisted|p2a: Bastiodon|1\n|-resisted|p2b: Corviknight|1\n|-damage|p2a: Bastiodon|47/100\n|-damage|p2b: Corviknight|68/100\n|move|p2a: Bastiodon|Rest|p2a: Bastiodon\n|-status|p2a: Bastiodon|slp|[from] move: Rest\n|-enditem|p2a: Bastiodon|Lum Berry|[eat]\n|-curestatus|p2a: Bastiodon|slp|[msg]\n|-heal|p2a: Bastiodon|100/100|[silent]\n|\n|upkeep\n|turn|7\n|inactive|RagingBerserker1 has 30 seconds left.\n|inactive|Auayayayayayauaua has 30 seconds left.\n|\n|t:|1776287046\n|move|p1b: Meganium|Protect|p1b: Meganium\n|-singleturn|p1b: Meganium|Protect\n|move|p1a: Garchomp|Earthquake|p2a: Bastiodon|[spread] p2a\n|-activate|p1b: Meganium|move: Protect\n|-immune|p2b: Corviknight\n|-supereffective|p2a: Bastiodon|2\n|-ability|p2a: Bastiodon|Sturdy\n|-damage|p2a: Bastiodon|1/100\n|move|p2b: Corviknight|U-turn|p1b: Meganium\n|-activate|p1b: Meganium|move: Protect\n|move|p2a: Bastiodon|Counter|p1a: Garchomp\n|-damage|p1a: Garchomp|0 fnt\n|-damage|p2a: Bastiodon|0 fnt|[from] ability: Rough Skin|[of] p1a: Garchomp\n|faint|p1a: Garchomp\n|faint|p2a: Bastiodon\n|\n|upkeep\n|\n|t:|1776287061\n|switch|p2a: Drampa|Drampa-Mega, L50, M|45/100\n|turn|8\n|\n|t:|1776287072\n|move|p1b: Meganium|Weather Ball|p2b: Corviknight\n|-supereffective|p2b: Corviknight|1\n|-damage|p2b: Corviknight|0 fnt\n|faint|p2b: Corviknight\n|move|p2a: Drampa|Hyper Voice|p1b: Meganium\n|-damage|p1b: Meganium|0 fnt\n|faint|p1b: Meganium\n|\n|win|RagingBerserker1\n|raw|Auayayayayayauaua's rating: 1173 &rarr; <strong>1143</strong><br />(-30 for losing)\n|raw|RagingBerserker1's rating: 1106 &rarr; <strong>1136</strong><br />(+30 for winning)\n",
  "uploadtime": 1776287080,
  "views": 33,
  "formatid": "gen9championsvgc2026regma",
  "rating": 1136,
  "private": 0,
  "password": null
}