{
  "id": "gen9championsvgc2026regma-2588903641",
  "format": "[Gen 9 Champions] VGC 2026 Reg M-A",
  "players": [
    "Pulse0982",
    "Mini Herta #2434"
  ],
  "log": "|j|\u203dPulse0982\n|j|\u2606Mini Herta #2434\n|t:|1776684307\n|gametype|doubles\n|player|p1|Pulse0982|wicke|1220\n|player|p2|Mini Herta #2434|miku-water|1183\n|gen|9\n|tier|[Gen 9 Champions] VGC 2026 Reg M-A\n|rated|\n|rule|Species Clause: Limit one of each Pok\u00e9mon\n|rule|Item Clause: Limit 1 of each item\n|clearpoke\n|poke|p1|Incineroar, L50, F|\n|poke|p1|Corviknight, L50, F|\n|poke|p1|Garchomp, L50, F|\n|poke|p1|Floette-Eternal, L50, F|\n|poke|p1|Sneasler, L50, M|\n|poke|p1|Sinistcha, L50|\n|poke|p2|Delphox, L50, F|\n|poke|p2|Aerodactyl, L50, F|\n|poke|p2|Aegislash, L50, M|\n|poke|p2|Floette-Eternal, L50, F|\n|poke|p2|Garchomp, L50, F|\n|poke|p2|Sinistcha-Masterpiece, L50|\n|teampreview|4\n|inactive|Battle timer is ON: inactive players will automatically lose when time's up. (requested by Pulse0982)\n|inactive|Mini Herta #2434 has 60 seconds left.\n|\n|t:|1776684341\n|teamsize|p1|4\n|teamsize|p2|4\n|start\n|switch|p1a: Floette|Floette-Eternal, L50, F|100/100\n|switch|p1b: Incineroar|Incineroar, L50, F|100/100\n|switch|p2a: Cynthia's goat|Garchomp, L50, F|100/100\n|switch|p2b: Dinosaur|Aerodactyl, L50, F|100/100\n|-ability|p2b: Dinosaur|Unnerve\n|-ability|p1b: Incineroar|Intimidate|boost\n|-unboost|p2a: Cynthia's goat|atk|1\n|-unboost|p2b: Dinosaur|atk|1\n|turn|1\n|\n|t:|1776684365\n|detailschange|p1a: Floette|Floette-Mega, L50, F\n|-mega|p1a: Floette|Floette|Floettite\n|-ability|p1a: Floette|Fairy Aura\n|move|p1b: Incineroar|Fake Out|p2b: Dinosaur\n|-resisted|p2b: Dinosaur|1\n|-damage|p2b: Dinosaur|93/100\n|cant|p2b: Dinosaur|flinch\n|move|p2a: Cynthia's goat|Earthquake|p1a: Floette|[spread] p1a,p1b\n|-immune|p2b: Dinosaur\n|-supereffective|p1b: Incineroar|1\n|-damage|p1a: Floette|71/100\n|-damage|p1b: Incineroar|65/100\n|move|p1a: Floette|Calm Mind|p1a: Floette\n|-boost|p1a: Floette|spa|1\n|-boost|p1a: Floette|spd|1\n|\n|-heal|p2b: Dinosaur|99/100|[from] item: Leftovers\n|upkeep\n|turn|2\n|inactive|Mini Herta #2434 has 30 seconds left.\n|\n|t:|1776684397\n|move|p2b: Dinosaur|Rock Slide|p1a: Floette|[spread] p1a,p1b\n|-supereffective|p1b: Incineroar|1\n|-damage|p1a: Floette|51/100\n|-damage|p1b: Incineroar|40/100\n|move|p2a: Cynthia's goat|Poison Jab|p1a: Floette\n|-supereffective|p1a: Floette|1\n|-damage|p1a: Floette|7/100\n|move|p1a: Floette|Dazzling Gleam|p2a: Cynthia's goat|[spread] p2a,p2b\n|-supereffective|p2a: Cynthia's goat|1\n|-damage|p2a: Cynthia's goat|0 fnt\n|-damage|p2b: Dinosaur|10/100\n|faint|p2a: Cynthia's goat\n|move|p1b: Incineroar|Parting Shot|p2b: Dinosaur\n|-unboost|p2b: Dinosaur|atk|1\n|-unboost|p2b: Dinosaur|spa|1\n|\n|t:|1776684401\n|switch|p1b: Sinistcha|Sinistcha, L50|100/100|[from] Parting Shot\n|-heal|p1a: Floette|31/100|[from] ability: Hospitality|[of] p1b: Sinistcha\n|\n|-heal|p2b: Dinosaur|15/100|[from] item: Leftovers\n|upkeep\n|\n|t:|1776684418\n|switch|p2a: Wise wizard|Delphox, L50, F|100/100\n|turn|3\n|\n|t:|1776684443\n|detailschange|p2a: Wise wizard|Delphox-Mega, L50, F\n|-mega|p2a: Wise wizard|Delphox|Delphoxite\n|move|p1b: Sinistcha|Rage Powder|p1b: Sinistcha\n|-singleturn|p1b: Sinistcha|move: Rage Powder\n|move|p2a: Wise wizard|Heat Wave|p1b: Sinistcha|[spread] p1b\n|-miss|p2a: Wise wizard|p1a: Floette\n|-supereffective|p1b: Sinistcha|1\n|-damage|p1b: Sinistcha|18/100\n|move|p2b: Dinosaur|Rock Slide|p1b: Sinistcha|[spread] p1a,p1b\n|-damage|p1a: Floette|17/100\n|-damage|p1b: Sinistcha|6/100\n|move|p1a: Floette|Dazzling Gleam|p2b: Dinosaur|[spread] p2a,p2b\n|-resisted|p2a: Wise wizard|1\n|-damage|p2a: Wise wizard|70/100\n|-damage|p2b: Dinosaur|0 fnt\n|-enditem|p1b: Sinistcha|Sitrus Berry|[eat]\n|-heal|p1b: Sinistcha|31/100|[from] item: Sitrus Berry\n|faint|p2b: Dinosaur\n|\n|upkeep\n|\n|t:|1776684461\n|switch|p2b: Matcha tea|Sinistcha-Masterpiece, L50|100/100\n|-heal|p2a: Wise wizard|95/100|[from] ability: Hospitality|[of] p2b: Matcha tea\n|turn|4\n|\n|t:|1776684478\n|switch|p1b: Corviknight|Corviknight, L50, F|100/100\n|move|p1a: Floette|Protect|p1a: Floette\n|-singleturn|p1a: Floette|Protect\n|move|p2a: Wise wizard|Nasty Plot|p2a: Wise wizard\n|-boost|p2a: Wise wizard|spa|2\n|move|p2b: Matcha tea|Shadow Ball|p1b: Corviknight\n|-damage|p1b: Corviknight|71/100\n|\n|-heal|p1b: Corviknight|77/100|[from] item: Leftovers\n|upkeep\n|turn|5\n|inactive|Mini Herta #2434 has 30 seconds left.\n|\n|t:|1776684503\n|switch|p1a: Incineroar|Incineroar, L50, F|40/100\n|-ability|p1a: Incineroar|Intimidate|boost\n|-unboost|p2a: Wise wizard|atk|1\n|-unboost|p2b: Matcha tea|atk|1\n|move|p2b: Matcha tea|Rage Powder|p2b: Matcha tea\n|-singleturn|p2b: Matcha tea|move: Rage Powder\n|move|p2a: Wise wizard|Heat Wave|p1a: Incineroar|[spread] p1a,p1b\n|-resisted|p1a: Incineroar|1\n|-supereffective|p1b: Corviknight|1\n|-damage|p1a: Incineroar|1/100\n|-damage|p1b: Corviknight|0 fnt\n|faint|p1b: Corviknight\n|\n|upkeep\n|\n|t:|1776684512\n|switch|p1b: Floette|Floette-Mega, L50, F|17/100\n|-ability|p1b: Floette|Fairy Aura\n|turn|6\n|l|\u2606Mini Herta #2434\n|inactive|Mini Herta #2434 disconnected and has a minute to reconnect!\n|player|p2|\n|j|\u2606Mini Herta #2434\n|inactive|Mini Herta #2434 reconnected and has 45 seconds left.\n|player|p2|Mini Herta #2434|miku-water|\n|\n|t:|1776684533\n|switch|p1a: Sinistcha|Sinistcha, L50|31/100\n|-heal|p1b: Floette|41/100|[from] ability: Hospitality|[of] p1a: Sinistcha\n|move|p2a: Wise wizard|Protect|p2a: Wise wizard\n|-singleturn|p2a: Wise wizard|Protect\n|move|p1b: Floette|Dazzling Gleam|p2a: Wise wizard|[spread] p2b\n|-activate|p2a: Wise wizard|move: Protect\n|-damage|p2b: Matcha tea|45/100\n|move|p2b: Matcha tea|Matcha Gotcha|p1a: Sinistcha|[spread] p1a\n|-miss|p2b: Matcha tea|p1b: Floette\n|-resisted|p1a: Sinistcha|1\n|-damage|p1a: Sinistcha|18/100\n|-heal|p2b: Matcha tea|53/100|[from] drain|[of] p1a: Sinistcha\n|\n|upkeep\n|turn|7\n|\n|t:|1776684558\n|move|p2b: Matcha tea|Rage Powder|p2b: Matcha tea\n|-singleturn|p2b: Matcha tea|move: Rage Powder\n|move|p2a: Wise wizard|Heat Wave|p1b: Floette|[spread] p1a,p1b\n|-supereffective|p1a: Sinistcha|1\n|-damage|p1a: Sinistcha|0 fnt\n|-damage|p1b: Floette|0 fnt\n|faint|p1a: Sinistcha\n|faint|p1b: Floette\n|\n|upkeep\n|\n|t:|1776684563\n|switch|p1b: Incineroar|Incineroar, L50, F|1/100\n|-ability|p1b: Incineroar|Intimidate|boost\n|-unboost|p2a: Wise wizard|atk|1\n|-unboost|p2b: Matcha tea|atk|1\n|turn|8\n|\n|t:|1776684575\n|move|p1b: Incineroar|Fake Out|p2a: Wise wizard\n|-damage|p2a: Wise wizard|78/100\n|cant|p2a: Wise wizard|flinch\n|move|p2b: Matcha tea|Shadow Ball|p1b: Incineroar\n|-resisted|p1b: Incineroar|1\n|-damage|p1b: Incineroar|0 fnt\n|faint|p1b: Incineroar\n|\n|win|Mini Herta #2434\n|raw|Pulse0982's rating: 1220 &rarr; <strong>1192</strong><br />(-28 for losing)\n|raw|Mini Herta #2434's rating: 1183 &rarr; <strong>1211</strong><br />(+28 for winning)\n",
  "uploadtime": 1776684585,
  "views": 11,
  "formatid": "gen9championsvgc2026regma",
  "rating": 1192,
  "private": 0,
  "password": null
}