{
  "id": "gen9championsvgc2026regma-2585468580",
  "format": "[Gen 9 Champions] VGC 2026 Reg M-A",
  "players": [
    "hububuladefcb",
    "Yamimari"
  ],
  "log": "|j|\u2606hububuladefcb\n|j|\u2606Yamimari\n|t:|1776349324\n|gametype|doubles\n|player|p1|hububuladefcb|veteran|1104\n|player|p2|Yamimari|n|1116\n|gen|9\n|tier|[Gen 9 Champions] VGC 2026 Reg M-A\n|rated|\n|rule|Species Clause: Limit one of each Pok\u00e9mon\n|rule|Item Clause: Limit 1 of each item\n|clearpoke\n|poke|p1|Gengar, L50, M|\n|poke|p1|Incineroar, L50, F|\n|poke|p1|Aerodactyl, L50, F|\n|poke|p1|Palafin, L50, F|\n|poke|p1|Rotom-Mow, L50|\n|poke|p1|Floette-Eternal, L50, F|\n|poke|p2|Blastoise, L50, M|\n|poke|p2|Raichu, L50, M|\n|poke|p2|Pelipper, L50, M|\n|poke|p2|Sinistcha, L50|\n|poke|p2|Archaludon, L50, M|\n|poke|p2|Lycanroc, L50, M|\n|teampreview|4\n|inactive|Battle timer is ON: inactive players will automatically lose when time's up. (requested by hububuladefcb)\n|\n|t:|1776349354\n|teamsize|p1|4\n|teamsize|p2|4\n|start\n|switch|p1a: Gengar|Gengar, L50, M, shiny|100/100\n|switch|p1b: Aerodactyl|Aerodactyl, L50, F|100/100\n|switch|p2a: Pippins|Raichu, L50, M|100/100\n|switch|p2b: Archaludon|Archaludon, L50, M|100/100\n|turn|1\n|\n|t:|1776349369\n|detailschange|p1a: Gengar|Gengar-Mega, L50, M, shiny\n|-mega|p1a: Gengar|Gengar|Gengarite\n|move|p1b: Aerodactyl|Protect|p1b: Aerodactyl\n|-singleturn|p1b: Aerodactyl|Protect\n|move|p2a: Pippins|Fake Out|p1b: Aerodactyl\n|-activate|p1b: Aerodactyl|move: Protect\n|move|p1a: Gengar|Perish Song|p1a: Gengar\n|-start|p1a: Gengar|perish3|[silent]\n|-start|p1b: Aerodactyl|perish3|[silent]\n|-start|p2a: Pippins|perish3|[silent]\n|-start|p2b: Archaludon|perish3|[silent]\n|-fieldactivate|move: Perish Song\n|move|p2b: Archaludon|Flash Cannon|p1b: Aerodactyl\n|-activate|p1b: Aerodactyl|move: Protect\n|\n|-start|p1b: Aerodactyl|perish3\n|-start|p1a: Gengar|perish3\n|-start|p2a: Pippins|perish3\n|-start|p2b: Archaludon|perish3\n|upkeep\n|turn|2\n|inactive|hububuladefcb has 30 seconds left.\n|inactive|hububuladefcb has 20 seconds left.\n|\n|t:|1776349404\n|switch|p1b: Rotom|Rotom-Mow, L50|100/100\n|move|p1a: Gengar|Protect|p1a: Gengar\n|-singleturn|p1a: Gengar|Protect\n|move|p2a: Pippins|Electroweb|p1b: Rotom|[spread] p1b\n|-activate|p1a: Gengar|move: Protect\n|-resisted|p1b: Rotom|2\n|-damage|p1b: Rotom|97/100\n|-unboost|p1b: Rotom|spe|1\n|move|p2b: Archaludon|Aura Sphere|p1b: Rotom\n|-damage|p1b: Rotom|69/100\n|\n|-start|p1a: Gengar|perish2\n|-start|p2a: Pippins|perish2\n|-start|p2b: Archaludon|perish2\n|upkeep\n|turn|3\n|inactive|hububuladefcb has 30 seconds left.\n|\n|t:|1776349433\n|switch|p1a: Palafin|Palafin, L50, F|100/100\n|move|p2a: Pippins|Nuzzle|p1a: Palafin\n|-supereffective|p1a: Palafin|1\n|-damage|p1a: Palafin|84/100\n|-status|p1a: Palafin|par\n|move|p1b: Rotom|Leaf Storm|p2a: Pippins\n|-damage|p2a: Pippins|26/100\n|-unboost|p1b: Rotom|spa|2\n|move|p2b: Archaludon|Flash Cannon|p1b: Rotom\n|-resisted|p1b: Rotom|1\n|-damage|p1b: Rotom|50/100\n|\n|-start|p2a: Pippins|perish1\n|-start|p2b: Archaludon|perish1\n|upkeep\n|turn|4\n|inactive|Yamimari has 30 seconds left.\n|\n|t:|1776349461\n|switch|p2a: MineMine|Pelipper, L50, M|100/100\n|-weather|RainDance|[from] ability: Drizzle|[of] p2a: MineMine\n|switch|p2b: Harbor|Blastoise, L50, M|100/100\n|detailschange|p1a: Palafin|Palafin-Hero, L50, F\n|switch|p1a: Gengar|Gengar-Mega, L50, M, shiny|100/100\n|move|p1b: Rotom|Leaf Storm|p2a: MineMine\n|-damage|p2a: MineMine|60/100\n|-unboost|p1b: Rotom|spa|2\n|\n|-weather|RainDance|[upkeep]\n|upkeep\n|turn|5\n|inactive|hububuladefcb has 30 seconds left.\n|\n|t:|1776349489\n|switch|p1b: Aerodactyl|Aerodactyl, L50, F|100/100\n|detailschange|p2b: Harbor|Blastoise-Mega, L50, M\n|-mega|p2b: Harbor|Blastoise|Blastoisinite\n|move|p1a: Gengar|Perish Song|p1a: Gengar\n|-start|p1a: Gengar|perish3|[silent]\n|-start|p1b: Aerodactyl|perish3|[silent]\n|-start|p2a: MineMine|perish3|[silent]\n|-start|p2b: Harbor|perish3|[silent]\n|-fieldactivate|move: Perish Song\n|move|p2b: Harbor|Water Spout|p1a: Gengar|[spread] p1a,p1b\n|-supereffective|p1b: Aerodactyl|1\n|-damage|p1a: Gengar|3/100\n|-enditem|p1b: Aerodactyl|Focus Sash\n|-damage|p1b: Aerodactyl|1/100\n|move|p2a: MineMine|Tailwind|p2a: MineMine\n|-sidestart|p2: Yamimari|move: Tailwind\n|\n|-weather|RainDance|[upkeep]\n|-start|p2b: Harbor|perish3\n|-start|p1b: Aerodactyl|perish3\n|-start|p2a: MineMine|perish3\n|-start|p1a: Gengar|perish3\n|upkeep\n|turn|6\n|inactive|hububuladefcb has 30 seconds left.\n|\n|t:|1776349515\n|move|p1a: Gengar|Protect|p1a: Gengar\n|-singleturn|p1a: Gengar|Protect\n|move|p2b: Harbor|Ice Beam|p1b: Aerodactyl\n|-supereffective|p1b: Aerodactyl|1\n|-damage|p1b: Aerodactyl|0 fnt\n|faint|p1b: Aerodactyl\n|move|p2a: MineMine|Hurricane|p1a: Gengar\n|-activate|p1a: Gengar|move: Protect\n|\n|-weather|RainDance|[upkeep]\n|-start|p2b: Harbor|perish2\n|-start|p2a: MineMine|perish2\n|-start|p1a: Gengar|perish2\n|upkeep\n|\n|t:|1776349523\n|switch|p1b: Rotom|Rotom-Mow, L50|50/100\n|turn|7\n|\n|t:|1776349536\n|switch|p1a: Palafin|Palafin-Hero, L50, F|84/100 par\n|-activate|p1a: Palafin|ability: Zero to Hero\n|move|p2b: Harbor|Water Spout|p1a: Palafin|[spread] p1a,p1b\n|-resisted|p1a: Palafin|1\n|-resisted|p1b: Rotom|1\n|-damage|p1a: Palafin|43/100 par\n|-damage|p1b: Rotom|0 fnt\n|faint|p1b: Rotom\n|move|p2a: MineMine|Hurricane|p1a: Palafin\n|-damage|p1a: Palafin|0 fnt\n|faint|p1a: Palafin\n|\n|-weather|RainDance|[upkeep]\n|-start|p2b: Harbor|perish1\n|-start|p2a: MineMine|perish1\n|upkeep\n|\n|t:|1776349547\n|switch|p1b: Gengar|Gengar-Mega, L50, M, shiny|3/100\n|turn|8\n|-message|hububuladefcb forfeited.\n|\n|win|Yamimari\n|raw|hububuladefcb's rating: 1104 &rarr; <strong>1080</strong><br />(-24 for losing)\n|raw|Yamimari's rating: 1116 &rarr; <strong>1140</strong><br />(+24 for winning)\n|l|\u2606hububuladefcb\n|player|p1|\n",
  "uploadtime": 1776349552,
  "views": 26,
  "formatid": "gen9championsvgc2026regma",
  "rating": 1080,
  "private": 0,
  "password": null
}