{
  "id": "gen9championsvgc2026regma-2588561431",
  "format": "[Gen 9 Champions] VGC 2026 Reg M-A",
  "players": [
    "Amukhan",
    "Brightpool353"
  ],
  "log": "|j|\u2606Amukhan\n|j|\u2606Brightpool353\n|t:|1776645145\n|gametype|doubles\n|player|p1|Amukhan|ingo|1155\n|player|p2|Brightpool353|dawn|1118\n|gen|9\n|tier|[Gen 9 Champions] VGC 2026 Reg M-A\n|rated|\n|rule|Species Clause: Limit one of each Pok\u00e9mon\n|rule|Item Clause: Limit 1 of each item\n|clearpoke\n|poke|p1|Whimsicott, L50, M, shiny|\n|poke|p1|Tyranitar, L50, F|\n|poke|p1|Garchomp, L50, F|\n|poke|p1|Basculegion, L50, M|\n|poke|p1|Glimmora, L50, F, shiny|\n|poke|p1|Corviknight, L50, F, shiny|\n|poke|p2|Gengar, L50, F, shiny|\n|poke|p2|Garchomp, L50, F|\n|poke|p2|Orthworm, L50, F|\n|poke|p2|Aegislash, L50, F|\n|poke|p2|Meowscarada, L50, M|\n|poke|p2|Talonflame, L50, M|\n|teampreview|4\n|inactive|Battle timer is ON: inactive players will automatically lose when time's up. (requested by Brightpool353)\nBrightpool353 has agreed to open team sheets.\n|inactive|Amukhan has 60 seconds left.\n|inactive|Amukhan has 30 seconds left.\n|\n|t:|1776645205\n|teamsize|p1|4\n|teamsize|p2|4\n|start\n|switch|p1a: Garchomp|Garchomp, L50, F|100/100\n|switch|p1b: Whimsicott|Whimsicott, L50, M, shiny|100/100\n|switch|p2a: Talonflame|Talonflame, L50, M|100/100\n|switch|p2b: Spriggy|Meowscarada, L50, M|100/100\n|turn|1\n|\n|t:|1776645226\n|detailschange|p1a: Garchomp|Garchomp-Mega, L50, F\n|-mega|p1a: Garchomp|Garchomp|Garchompite\n|move|p1a: Garchomp|Protect|p1a: Garchomp\n|-singleturn|p1a: Garchomp|Protect\n|move|p2a: Talonflame|Tailwind|p2a: Talonflame\n|-sidestart|p2: Brightpool353|move: Tailwind\n|move|p1b: Whimsicott|Tailwind|p1b: Whimsicott\n|-sidestart|p1: Amukhan|move: Tailwind\n|move|p2b: Spriggy|Flower Trick|p1a: Garchomp\n|-start|p2b: Spriggy|typechange|Grass|[from] ability: Protean\n|-activate|p1a: Garchomp|move: Protect\n|\n|upkeep\n|turn|2\n|inactive|Amukhan has 30 seconds left.\n|inactive|Amukhan has 20 seconds left.\n|inactive|Amukhan has 15 seconds left.\n|\n|t:|1776645268\n|switch|p1b: Tyranitar|Tyranitar, L50, F|100/100\n|-weather|Sandstorm|[from] ability: Sand Stream|[of] p1b: Tyranitar\n|move|p2a: Talonflame|Dual Wingbeat|p1b: Tyranitar\n|-resisted|p1b: Tyranitar|1\n|-damage|p1b: Tyranitar|93/100\n|-resisted|p1b: Tyranitar|1\n|-damage|p1b: Tyranitar|85/100\n|-hitcount|p1b: Tyranitar|2\n|move|p2b: Spriggy|Flower Trick|p1a: Garchomp\n|-crit|p1a: Garchomp\n|-damage|p1a: Garchomp|58/100\n|move|p1a: Garchomp|Rock Slide|p2b: Spriggy|[spread] p2a,p2b\n|-supereffective|p2a: Talonflame|2\n|-damage|p2a: Talonflame|0 fnt\n|-damage|p2b: Spriggy|44/100\n|faint|p2a: Talonflame\n|\n|-weather|Sandstorm|[upkeep]\n|-damage|p2b: Spriggy|38/100|[from] Sandstorm\n|upkeep\n|\n|t:|1776645284\n|switch|p2a: Aegislash|Aegislash, L50, F|100/100\n|turn|3\n|inactive|Amukhan has 30 seconds left.\n|inactive|Amukhan has 20 seconds left.\n|inactive|Amukhan has 15 seconds left.\n|\n|t:|1776645324\n|switch|p1b: Corviknight|Corviknight, L50, F, shiny|100/100\n|move|p1a: Garchomp|Protect|p1a: Garchomp\n|-singleturn|p1a: Garchomp|Protect\n|move|p2a: Aegislash|Wide Guard|p2a: Aegislash\n|-singleturn|p2a: Aegislash|Wide Guard\n|move|p2b: Spriggy|Flower Trick|p1b: Corviknight\n|-resisted|p1b: Corviknight|2\n|-crit|p1b: Corviknight\n|-damage|p1b: Corviknight|91/100\n|\n|-weather|Sandstorm|[upkeep]\n|-damage|p2b: Spriggy|32/100|[from] Sandstorm\n|-heal|p1b: Corviknight|97/100|[from] item: Leftovers\n|upkeep\n|turn|4\n|inactive|Amukhan has 30 seconds left.\n|inactive|Brightpool353 has 30 seconds left.\n|inactive|Amukhan has 20 seconds left.\n|inactive|Amukhan has 15 seconds left.\n|inactive|Amukhan has 10 seconds left.\n|\n|t:|1776645370\n|move|p2b: Spriggy|Sucker Punch|p1a: Garchomp\n|-damage|p1a: Garchomp|38/100\n|move|p1a: Garchomp|Scale Shot|p2b: Spriggy\n|-crit|p2b: Spriggy\n|-damage|p2b: Spriggy|0 fnt\n|faint|p2b: Spriggy\n|-hitcount|p2: Spriggy|1\n|-unboost|p1a: Garchomp|def|1\n|-boost|p1a: Garchomp|spe|1\n|-formechange|p2a: Aegislash|Aegislash-Blade|\n|move|p2a: Aegislash|Shadow Ball|p1b: Corviknight\n|-damage|p1b: Corviknight|57/100\n|move|p1b: Corviknight|Drill Peck|p2a: Aegislash\n|-resisted|p2a: Aegislash|1\n|-damage|p2a: Aegislash|69/100\n|\n|-weather|Sandstorm|[upkeep]\n|-heal|p1b: Corviknight|63/100|[from] item: Leftovers\n|-sideend|p2: Brightpool353|move: Tailwind\n|-sideend|p1: Amukhan|move: Tailwind\n|upkeep\n|inactive|Brightpool353 has 30 seconds left.\n|\n|t:|1776645398\n|switch|p2b: Gengar|Gengar, L50, F, shiny|100/100\n|turn|5\n|\n|t:|1776645407\n|detailschange|p2b: Gengar|Gengar-Mega, L50, F, shiny\n|-mega|p2b: Gengar|Gengar|Gengarite\n|move|p1a: Garchomp|Protect|p1a: Garchomp\n|-singleturn|p1a: Garchomp|Protect\n|move|p2a: Aegislash|Wide Guard|p2a: Aegislash\n|-singleturn|p2a: Aegislash|Wide Guard\n|move|p2b: Gengar|Shadow Ball|p1a: Garchomp\n|-activate|p1a: Garchomp|move: Protect\n|move|p1b: Corviknight|Tailwind|p1b: Corviknight\n|-sidestart|p1: Amukhan|move: Tailwind\n|\n|-weather|Sandstorm|[upkeep]\n|-damage|p2b: Gengar|95/100|[from] Sandstorm\n|-heal|p1b: Corviknight|69/100|[from] item: Leftovers\n|upkeep\n|turn|6\n|inactive|Amukhan has 30 seconds left.\n|\n|t:|1776645434\n|move|p2a: Aegislash|Wide Guard|p2a: Aegislash\n|-singleturn|p2a: Aegislash|Wide Guard\n|move|p1a: Garchomp|Scale Shot|p2b: Gengar\n|-damage|p2b: Gengar|70/100\n|-damage|p2b: Gengar|45/100\n|-damage|p2b: Gengar|20/100\n|-damage|p2b: Gengar|0 fnt\n|faint|p2b: Gengar\n|-hitcount|p2: Gengar|4\n|-unboost|p1a: Garchomp|def|1\n|-boost|p1a: Garchomp|spe|1\n|move|p1b: Corviknight|Iron Head|p2a: Aegislash\n|-resisted|p2a: Aegislash|1\n|-damage|p2a: Aegislash|42/100\n|\n|-weather|none\n|-heal|p1b: Corviknight|75/100|[from] item: Leftovers\n|upkeep\n|turn|7\n|-message|Brightpool353 forfeited.\n|\n|win|Amukhan\n|raw|Amukhan's rating: 1155 &rarr; <strong>1177</strong><br />(+22 for winning)\n|raw|Brightpool353's rating: 1118 &rarr; <strong>1096</strong><br />(-22 for losing)\n|l|\u2606Brightpool353\n|player|p2|\n",
  "uploadtime": 1776645454,
  "views": 7,
  "formatid": "gen9championsvgc2026regma",
  "rating": 1096,
  "private": 0,
  "password": null
}