{
  "id": "gen9championsvgc2026regma-2586320141",
  "format": "[Gen 9 Champions] VGC 2026 Reg M-A",
  "players": [
    "v1shnu17",
    "tsukifrombilllie"
  ],
  "log": "|j|\u2606v1shnu17\n|j|\u2606tsukifrombilllie\n|t:|1776424945\n|gametype|doubles\n|player|p1|v1shnu17|miku-ghost|1111\n|player|p2|tsukifrombilllie|lyra|1180\n|gen|9\n|tier|[Gen 9 Champions] VGC 2026 Reg M-A\n|rated|\n|rule|Species Clause: Limit one of each Pok\u00e9mon\n|rule|Item Clause: Limit 1 of each item\n|clearpoke\n|poke|p1|Venusaur, L50, F|\n|poke|p1|Espathra, L50, M|\n|poke|p1|Sneasler, L50, M|\n|poke|p1|Milotic, L50, M|\n|poke|p1|Incineroar, L50, M|\n|poke|p1|Gardevoir, L50, F|\n|poke|p2|Meganium, L50, M|\n|poke|p2|Excadrill, L50, M|\n|poke|p2|Tyranitar, L50, F|\n|poke|p2|Rotom-Wash, L50|\n|poke|p2|Dragapult, L50, M|\n|poke|p2|Sneasler, L50, M|\n|teampreview|4\n|inactive|Battle timer is ON: inactive players will automatically lose when time's up. (requested by v1shnu17)\n|inactive|v1shnu17 has 60 seconds left.\n|inactive|tsukifrombilllie has 60 seconds left.\n|\n|t:|1776424992\n|teamsize|p1|4\n|teamsize|p2|4\n|start\n|switch|p1a: Incineroar|Incineroar, L50, M|100/100\n|switch|p1b: Espathra|Espathra, L50, M, shiny|100/100\n|switch|p2a: Sneasler|Sneasler, L50, M|100/100\n|switch|p2b: Dragapult|Dragapult, L50, M, shiny|100/100\n|-ability|p1a: Incineroar|Intimidate|boost\n|-unboost|p2a: Sneasler|atk|1\n|-fail|p2b: Dragapult|unboost|[from] ability: Clear Body|[of] p2b: Dragapult\n|-enditem|p2a: Sneasler|White Herb\n|-clearnegativeboost|p2a: Sneasler|[silent]\n|turn|1\n|inactive|v1shnu17 has 30 seconds left.\n|\n|t:|1776425024\n|move|p1a: Incineroar|Fake Out|p2a: Sneasler\n|-damage|p2a: Sneasler|87/100\n|cant|p2a: Sneasler|flinch\n|move|p2b: Dragapult|Phantom Force||[still]\n|-prepare|p2b: Dragapult|Phantom Force\n|move|p1b: Espathra|Calm Mind|p1b: Espathra\n|-boost|p1b: Espathra|spa|1\n|-boost|p1b: Espathra|spd|1\n|\n|-ability|p1b: Espathra|Speed Boost|boost\n|-boost|p1b: Espathra|spe|1\n|upkeep\n|turn|2\n|inactive|v1shnu17 has 30 seconds left.\n|\n|t:|1776425053\n|move|p1b: Espathra|Protect|p1b: Espathra\n|-singleturn|p1b: Espathra|Protect\n|move|p2a: Sneasler|Close Combat|p1a: Incineroar\n|-supereffective|p1a: Incineroar|1\n|-damage|p1a: Incineroar|0 fnt\n|-unboost|p2a: Sneasler|def|1\n|-unboost|p2a: Sneasler|spd|1\n|faint|p1a: Incineroar\n|move|p2b: Dragapult|Phantom Force|p1b: Espathra|[from] lockedmove\n|-activate|p1b: Espathra|move: Phantom Force|[broken]\n|-supereffective|p1b: Espathra|1\n|-enditem|p1b: Espathra|Focus Sash\n|-damage|p1b: Espathra|1/100\n|\n|-ability|p1b: Espathra|Speed Boost|boost\n|-boost|p1b: Espathra|spe|1\n|upkeep\n|\n|t:|1776425059\n|switch|p1a: Milotic|Milotic, L50, M, shiny|100/100\n|turn|3\n|inactive|v1shnu17 has 30 seconds left.\n|inactive|v1shnu17 has 20 seconds left.\n|inactive|v1shnu17 has 15 seconds left.\n|inactive|v1shnu17 has 10 seconds left.\n|inactive|v1shnu17 has 5 seconds left.\n|\n|t:|1776425110\n|move|p2a: Sneasler|Dire Claw|p1b: Espathra\n|-damage|p1b: Espathra|0 fnt\n|faint|p1b: Espathra\n|move|p2b: Dragapult|Phantom Force||[still]\n|-prepare|p2b: Dragapult|Phantom Force\n|move|p1a: Milotic|Icy Wind|p2b: Dragapult|[spread] p2a\n|-miss|p1a: Milotic|p2b: Dragapult\n|-damage|p2a: Sneasler|69/100\n|-unboost|p2a: Sneasler|spe|1\n|\n|upkeep\n|\n|t:|1776425119\n|switch|p1b: Venusaur|Venusaur, L50, F|100/100\n|turn|4\n|\n|t:|1776425136\n|detailschange|p1b: Venusaur|Venusaur-Mega, L50, F\n|-mega|p1b: Venusaur|Venusaur|Venusaurite\n|move|p2b: Dragapult|Phantom Force|p1b: Venusaur|[from] lockedmove\n|-damage|p1b: Venusaur|61/100\n|move|p2a: Sneasler|Dire Claw|p1b: Venusaur\n|-damage|p1b: Venusaur|22/100\n|move|p1b: Venusaur|Earth Power|p2a: Sneasler\n|-supereffective|p2a: Sneasler|1\n|-damage|p2a: Sneasler|0 fnt\n|faint|p2a: Sneasler\n|move|p1a: Milotic|Icy Wind|p2b: Dragapult\n|-supereffective|p2b: Dragapult|1\n|-damage|p2b: Dragapult|68/100\n|\n|upkeep\n|inactive|tsukifrombilllie has 30 seconds left.\n|\n|t:|1776425162\n|switch|p2a: Meganium|Meganium, L50, M, shiny|100/100\n|turn|5\n|\n|t:|1776425176\n|detailschange|p2a: Meganium|Meganium-Mega, L50, M, shiny\n|-mega|p2a: Meganium|Meganium|Meganiumite\n|move|p2b: Dragapult|Dragon Darts|p1b: Venusaur\n|-damage|p1b: Venusaur|0 fnt\n|-anim|p2b: Dragapult|Dragon Darts|p1a: Milotic\n|-damage|p1a: Milotic|75/100\n|faint|p1b: Venusaur\n|move|p2a: Meganium|Solar Beam||[still]\n|-prepare|p2a: Meganium|Solar Beam\n|-activate|p2a: Meganium|ability: Mega Sol\n|-anim|p2a: Meganium|Solar Beam|p1a: Milotic\n|-supereffective|p1a: Milotic|1\n|-crit|p1a: Milotic\n|-damage|p1a: Milotic|0 fnt\n|faint|p1a: Milotic\n|\n|win|tsukifrombilllie\n|raw|v1shnu17's rating: 1111 &rarr; <strong>1091</strong><br />(-20 for losing)\n|raw|tsukifrombilllie's rating: 1180 &rarr; <strong>1200</strong><br />(+20 for winning)\n",
  "uploadtime": 1776425192,
  "views": 29,
  "formatid": "gen9championsvgc2026regma",
  "rating": 1091,
  "private": 0,
  "password": null
}