{
  "id": "gen9championsvgc2026regma-2589570315",
  "format": "[Gen 9 Champions] VGC 2026 Reg M-A",
  "players": [
    "guioguoguo",
    "pun1sher2"
  ],
  "log": "|j|\u2606guioguoguo\n|j|\u2606pun1sher2\n|t:|1776735112\n|gametype|doubles\n|player|p1|guioguoguo|266|1176\n|player|p2|pun1sher2|266|1252\n|gen|9\n|tier|[Gen 9 Champions] VGC 2026 Reg M-A\n|rated|\n|rule|Species Clause: Limit one of each Pok\u00e9mon\n|rule|Item Clause: Limit 1 of each item\n|clearpoke\n|poke|p1|Excadrill, L50, F, shiny|\n|poke|p1|Hawlucha, L50, F, shiny|\n|poke|p1|Tyranitar, L50, M, shiny|\n|poke|p1|Espathra, L50, F, shiny|\n|poke|p1|Sinistcha, L50, shiny|\n|poke|p1|Incineroar, L50, F, shiny|\n|poke|p2|Aerodactyl, L50, M|\n|poke|p2|Feraligatr, L50, M|\n|poke|p2|Sinistcha, L50|\n|poke|p2|Kingambit, L50, M|\n|poke|p2|Incineroar, L50, M|\n|poke|p2|Sylveon, L50, F|\n|teampreview|4\n|inactive|Battle timer is ON: inactive players will automatically lose when time's up. (requested by guioguoguo)\nguioguoguo rejected open team sheets.\n|inactive|pun1sher2 has 60 seconds left.\n|\n|t:|1776735145\n|teamsize|p1|4\n|teamsize|p2|4\n|start\n|switch|p1a: Excadrill|Excadrill, L50, F, shiny|100/100\n|switch|p1b: Hawlucha|Hawlucha, L50, F, shiny|100/100\n|switch|p2a: Feraligatr|Feraligatr, L50, M|100/100\n|switch|p2b: Incineroar|Incineroar, L50, M|100/100\n|-ability|p1b: Hawlucha|Mold Breaker\n|-ability|p2b: Incineroar|Intimidate|boost\n|-unboost|p1a: Excadrill|atk|1\n|-unboost|p1b: Hawlucha|atk|1\n|turn|1\n|inactive|guioguoguo has 30 seconds left.\n|\n|t:|1776735175\n|detailschange|p1b: Hawlucha|Hawlucha-Mega, L50, F, shiny\n|-mega|p1b: Hawlucha|Hawlucha|Hawluchanite\n|detailschange|p2a: Feraligatr|Feraligatr-Mega, L50, M\n|-mega|p2a: Feraligatr|Feraligatr|Feraligite\n|move|p2b: Incineroar|Fake Out|p1a: Excadrill\n|-resisted|p1a: Excadrill|1\n|-damage|p1a: Excadrill|95/100\n|move|p1b: Hawlucha|Entrainment|p1a: Excadrill\n|-ability|p1a: Excadrill|No Guard|Sand Rush|[from] move: Entrainment|[of] p1b: Hawlucha\n|cant|p1a: Excadrill|flinch\n|move|p2a: Feraligatr|Double-Edge|p1b: Hawlucha\n|-damage|p1b: Hawlucha|0 fnt\n|faint|p1b: Hawlucha\n|-damage|p2a: Feraligatr|74/100|[from] Recoil\n|\n|upkeep\n|inactive|guioguoguo has 30 seconds left.\n|\n|t:|1776735200\n|switch|p1b: Espathra|Espathra, L50, F, shiny|100/100\n|turn|2\n|\n|t:|1776735212\n|switch|p2b: Sinistcha|Sinistcha, L50|100/100\n|-heal|p2a: Feraligatr|99/100|[from] ability: Hospitality|[of] p2b: Sinistcha\n|move|p1b: Espathra|Calm Mind|p1b: Espathra\n|-boost|p1b: Espathra|spa|1\n|-boost|p1b: Espathra|spd|1\n|move|p1a: Excadrill|Fissure|p2b: Sinistcha\n|-damage|p2b: Sinistcha|0 fnt\n|faint|p2b: Sinistcha\n|-ohko\n|move|p2a: Feraligatr|Liquidation|p1a: Excadrill\n|-supereffective|p1a: Excadrill|1\n|-damage|p1a: Excadrill|12/100\n|\n|-ability|p1b: Espathra|Speed Boost|boost\n|-boost|p1b: Espathra|spe|1\n|upkeep\n|\n|t:|1776735224\n|switch|p2b: Incineroar|Incineroar, L50, M|100/100\n|-ability|p2b: Incineroar|Intimidate|boost\n|-unboost|p1a: Excadrill|atk|1\n|-unboost|p1b: Espathra|atk|1\n|turn|3\n|\n|t:|1776735243\n|move|p1b: Espathra|Protect|p1b: Espathra\n|-singleturn|p1b: Espathra|Protect\n|move|p1a: Excadrill|Protect|p1a: Excadrill\n|-singleturn|p1a: Excadrill|Protect\n|move|p2b: Incineroar|Fake Out|p1a: Excadrill\n|-activate|p1a: Excadrill|move: Protect\n|move|p2a: Feraligatr|Double-Edge|p1b: Espathra\n|-activate|p1b: Espathra|move: Protect\n|\n|-ability|p1b: Espathra|Speed Boost|boost\n|-boost|p1b: Espathra|spe|1\n|upkeep\n|turn|4\n|inactive|guioguoguo has 30 seconds left.\n|inactive|guioguoguo has 20 seconds left.\n|inactive|guioguoguo has 15 seconds left.\n|\n|t:|1776735285\n|move|p2a: Feraligatr|Aqua Jet|p1a: Excadrill\n|-supereffective|p1a: Excadrill|1\n|-damage|p1a: Excadrill|0 fnt\n|faint|p1a: Excadrill\n|move|p1b: Espathra|Stored Power|p2a: Feraligatr\n|-damage|p2a: Feraligatr|33/100\n|move|p2b: Incineroar|Darkest Lariat|p1b: Espathra\n|-supereffective|p1b: Espathra|1\n|-damage|p1b: Espathra|0 fnt\n|faint|p1b: Espathra\n|\n|upkeep\n|\n|t:|1776735296\n|switch|p1b: Sinistcha|Sinistcha, L50, shiny|100/100\n|turn|5\n|\n|t:|1776735300\n|move|p1b: Sinistcha|Matcha Gotcha|p2a: Feraligatr|[spread] p2a,p2b\n|-resisted|p2b: Incineroar|1\n|-damage|p2a: Feraligatr|6/100\n|-damage|p2b: Incineroar|89/100\n|-status|p2a: Feraligatr|brn\n|move|p2a: Feraligatr|Double-Edge|p1b: Sinistcha\n|-damage|p1b: Sinistcha|48/100\n|-damage|p2a: Feraligatr|0 fnt|[from] Recoil\n|faint|p2a: Feraligatr\n|move|p2b: Incineroar|Flare Blitz|p1b: Sinistcha\n|-supereffective|p1b: Sinistcha|1\n|-crit|p1b: Sinistcha\n|-damage|p1b: Sinistcha|0 fnt\n|faint|p1b: Sinistcha\n|-damage|p2b: Incineroar|77/100|[from] Recoil\n|\n|win|pun1sher2\n|raw|guioguoguo's rating: 1176 &rarr; <strong>1156</strong><br />(-20 for losing)\n|raw|pun1sher2's rating: 1252 &rarr; <strong>1272</strong><br />(+20 for winning)\n|l|\u2606pun1sher2\n|player|p2|\n",
  "uploadtime": 1776735305,
  "views": 3,
  "formatid": "gen9championsvgc2026regma",
  "rating": 1156,
  "private": 0,
  "password": null
}