{
  "id": "gen9championsvgc2026regma-2583814960",
  "format": "[Gen 9 Champions] VGC 2026 Reg M-A",
  "players": [
    "sdf812x",
    "C00ldude8"
  ],
  "log": "|j|\u2606sdf812x\n|j|\u2606C00ldude8\n|t:|1776199817\n|gametype|doubles\n|player|p1|sdf812x|1|1000\n|player|p2|C00ldude8|169|1000\n|gen|9\n|tier|[Gen 9 Champions] VGC 2026 Reg M-A\n|rated|\n|rule|Species Clause: Limit one of each Pok\u00e9mon\n|rule|Item Clause: Limit 1 of each item\n|clearpoke\n|poke|p1|Scovillain, L50, M|\n|poke|p1|Slowking-Galar, L50, M|\n|poke|p1|Ninetales-Alola, L50, F|\n|poke|p1|Incineroar, L50, M|\n|poke|p1|Sinistcha, L50|\n|poke|p1|Florges, L50, F|\n|poke|p2|Froslass, L50, F|\n|poke|p2|Incineroar, L50, F|\n|poke|p2|Garchomp, L50, F|\n|poke|p2|Rotom-Frost, L50|\n|poke|p2|Kingambit, L50, M|\n|poke|p2|Empoleon, L50, F|\n|teampreview|4\nC00ldude8 rejected open team sheets.\n|\n|t:|1776199849\n|teamsize|p1|4\n|teamsize|p2|4\n|start\n|switch|p1a: Slowking|Slowking-Galar, L50, M|100/100\n|switch|p1b: Scovillain|Scovillain, L50, M|100/100\n|switch|p2a: Froslass|Froslass, L50, F|100/100\n|switch|p2b: Rotom|Rotom-Frost, L50|100/100\n|turn|1\n|\n|t:|1776199876\n|detailschange|p2a: Froslass|Froslass-Mega, L50, F\n|-mega|p2a: Froslass|Froslass|Froslassite\n|-weather|Snowscape|[from] ability: Snow Warning|[of] p2a: Froslass\n|detailschange|p1b: Scovillain|Scovillain-Mega, L50, M\n|-mega|p1b: Scovillain|Scovillain|Scovillainite\n|move|p2b: Rotom|Electroweb|p1b: Scovillain|[spread] p1a,p1b\n|-resisted|p1b: Scovillain|1\n|-damage|p1a: Slowking|89/100\n|-damage|p1b: Scovillain|94/100\n|-unboost|p1a: Slowking|spe|1\n|-unboost|p1b: Scovillain|spe|1\n|-status|p2b: Rotom|brn|[from] ability: Spicy Spray|[of] p1b: Scovillain\n|move|p2a: Froslass|Aurora Veil|p2a: Froslass\n|-sidestart|p2: C00ldude8|move: Aurora Veil\n|move|p1b: Scovillain|Leech Seed|p2a: Froslass|[miss]\n|-miss|p1b: Scovillain|p2a: Froslass\n|move|p1a: Slowking|Snarl|p2b: Rotom|[spread] p2a,p2b\n|-supereffective|p2a: Froslass|1\n|-crit|p2b: Rotom\n|-damage|p2a: Froslass|83/100\n|-damage|p2b: Rotom|82/100 brn\n|-unboost|p2a: Froslass|spa|1\n|-unboost|p2b: Rotom|spa|1\n|\n|-weather|Snowscape|[upkeep]\n|-heal|p1a: Slowking|95/100|[from] item: Leftovers\n|-damage|p2b: Rotom|77/100 brn|[from] brn\n|upkeep\n|turn|2\n|\n|t:|1776199904\n|switch|p2b: Incineroar|Incineroar, L50, F|100/100\n|-ability|p2b: Incineroar|Intimidate|boost\n|-unboost|p1a: Slowking|atk|1\n|-unboost|p1b: Scovillain|atk|1\n|move|p2a: Froslass|Blizzard|p1b: Scovillain|[spread] p1a,p1b\n|-damage|p1a: Slowking|74/100\n|-damage|p1b: Scovillain|67/100\n|-status|p2a: Froslass|brn|[from] ability: Spicy Spray|[of] p1b: Scovillain\n|move|p1b: Scovillain|Leech Seed|p2a: Froslass\n|-start|p2a: Froslass|move: Leech Seed\n|move|p1a: Slowking|Snarl|p2b: Incineroar|[spread] p2a,p2b\n|-supereffective|p2a: Froslass|1\n|-resisted|p2b: Incineroar|1\n|-damage|p2a: Froslass|67/100 brn\n|-damage|p2b: Incineroar|98/100\n|-unboost|p2a: Froslass|spa|1\n|-unboost|p2b: Incineroar|spa|1\n|\n|-weather|Snowscape|[upkeep]\n|-heal|p1a: Slowking|80/100|[from] item: Leftovers\n|-damage|p2a: Froslass|55/100 brn|[from] Leech Seed|[of] p1b: Scovillain\n|-heal|p1b: Scovillain|78/100|[silent]\n|-damage|p2a: Froslass|49/100 brn|[from] brn\n|upkeep\n|turn|3\n|\n|t:|1776199930\n|switch|p2a: Rotom|Rotom-Frost, L50|77/100 brn\n|move|p2b: Incineroar|Fake Out|p1b: Scovillain\n|-damage|p1b: Scovillain|62/100\n|-immune|p2b: Incineroar\n|cant|p1b: Scovillain|flinch\n|move|p1a: Slowking|Whirlpool|p2a: Rotom\n|-damage|p2a: Rotom|70/100 brn\n|-activate|p2a: Rotom|move: Whirlpool|[of] p1a: Slowking\n|\n|-weather|Snowscape|[upkeep]\n|-heal|p1a: Slowking|86/100|[from] item: Leftovers\n|-damage|p2a: Rotom|64/100 brn|[from] brn\n|-damage|p2a: Rotom|52/100 brn|[from] move: Whirlpool|[partiallytrapped]\n|upkeep\n|turn|4\n|\n|t:|1776199952\n|move|p2a: Rotom|Blizzard|p1b: Scovillain|[spread] p1a,p1b\n|-damage|p1a: Slowking|61/100\n|-damage|p1b: Scovillain|28/100\n|move|p2b: Incineroar|Darkest Lariat|p1a: Slowking\n|-supereffective|p1a: Slowking|1\n|-damage|p1a: Slowking|0 fnt\n|faint|p1a: Slowking\n|move|p1b: Scovillain|Leech Seed|p2a: Rotom\n|-start|p2a: Rotom|move: Leech Seed\n|\n|-weather|Snowscape|[upkeep]\n|-damage|p2a: Rotom|41/100 brn|[from] Leech Seed|[of] p1b: Scovillain\n|-heal|p1b: Scovillain|37/100|[silent]\n|-damage|p2a: Rotom|35/100 brn|[from] brn\n|-end|p2a: Rotom|Whirlpool|[partiallytrapped]|[silent]\n|upkeep\n|\n|t:|1776199974\n|switch|p1a: Sinistcha|Sinistcha, L50|100/100\n|-heal|p1b: Scovillain|62/100|[from] ability: Hospitality|[of] p1a: Sinistcha\n|turn|5\n|\n|t:|1776199988\n|move|p1a: Sinistcha|Protect|p1a: Sinistcha\n|-singleturn|p1a: Sinistcha|Protect\n|move|p2a: Rotom|Blizzard|p1b: Scovillain|[spread] p1b\n|-activate|p1a: Sinistcha|move: Protect\n|-damage|p1b: Scovillain|31/100\n|-status|p1b: Scovillain|frz\n|move|p2b: Incineroar|Flare Blitz|p1a: Sinistcha\n|-activate|p1a: Sinistcha|move: Protect\n|cant|p1b: Scovillain|frz\n|\n|-weather|none\n|-damage|p2a: Rotom|23/100 brn|[from] Leech Seed|[of] p1b: Scovillain\n|-heal|p1b: Scovillain|40/100 frz|[silent]\n|-damage|p2a: Rotom|18/100 brn|[from] brn\n|-sideend|p2: C00ldude8|move: Aurora Veil\n|upkeep\n|turn|6\n|\n|t:|1776200013\n|switch|p1a: Ninetales|Ninetales-Alola, L50, F|100/100\n|-weather|Snowscape|[from] ability: Snow Warning|[of] p1a: Ninetales\n|switch|p2b: Froslass|Froslass-Mega, L50, F|49/100 brn\n|move|p2a: Rotom|Blizzard|p1a: Ninetales|[spread] p1a,p1b\n|-resisted|p1a: Ninetales|1\n|-damage|p1a: Ninetales|87/100\n|-damage|p1b: Scovillain|7/100 frz\n|cant|p1b: Scovillain|frz\n|\n|-weather|Snowscape|[upkeep]\n|-damage|p2a: Rotom|6/100 brn|[from] Leech Seed|[of] p1b: Scovillain\n|-heal|p1b: Scovillain|16/100 frz|[silent]\n|-damage|p2a: Rotom|0 fnt|[from] brn\n|faint|p2a: Rotom\n|-damage|p2b: Froslass|43/100 brn|[from] brn\n|upkeep\n|\n|t:|1776200031\n|switch|p2a: Incineroar|Incineroar, L50, F|98/100\n|-ability|p2a: Incineroar|Intimidate|boost\n|-unboost|p1a: Ninetales|atk|1\n|-unboost|p1b: Scovillain|atk|1\n|turn|7\n|\n|t:|1776200040\n|switch|p1a: Sinistcha|Sinistcha, L50|100/100\n|-heal|p1b: Scovillain|41/100 frz|[from] ability: Hospitality|[of] p1a: Sinistcha\n|move|p2a: Incineroar|Fake Out|p1a: Sinistcha\n|-immune|p1a: Sinistcha\n|move|p2b: Froslass|Blizzard|p1a: Sinistcha|[spread] p1a,p1b\n|-supereffective|p1a: Sinistcha|1\n|-damage|p1a: Sinistcha|0 fnt\n|-damage|p1b: Scovillain|2/100 frz\n|faint|p1a: Sinistcha\n|-curestatus|p1b: Scovillain|frz|[msg]\n|move|p1b: Scovillain|Leech Seed|p2b: Froslass\n|-start|p2b: Froslass|move: Leech Seed\n|\n|-weather|Snowscape|[upkeep]\n|-damage|p2b: Froslass|30/100 brn|[from] Leech Seed|[of] p1b: Scovillain\n|-heal|p1b: Scovillain|13/100|[silent]\n|-damage|p2b: Froslass|24/100 brn|[from] brn\n|upkeep\n|\n|t:|1776200056\n|switch|p1a: Ninetales|Ninetales-Alola, L50, F|87/100\n|turn|8\n|\n|t:|1776200067\n|move|p1b: Scovillain|Protect|p1b: Scovillain\n|-singleturn|p1b: Scovillain|Protect\n|move|p2b: Froslass|Aurora Veil|p2b: Froslass\n|-sidestart|p2: C00ldude8|move: Aurora Veil\n|move|p1a: Ninetales|Aurora Veil|p1a: Ninetales\n|-sidestart|p1: sdf812x|move: Aurora Veil\n|move|p2a: Incineroar|Darkest Lariat|p1b: Scovillain\n|-activate|p1b: Scovillain|move: Protect\n|\n|-weather|Snowscape|[upkeep]\n|-damage|p2b: Froslass|12/100 brn|[from] Leech Seed|[of] p1b: Scovillain\n|-heal|p1b: Scovillain|23/100|[silent]\n|-damage|p2b: Froslass|6/100 brn|[from] brn\n|upkeep\n|turn|9\n|\n|t:|1776200082\n|move|p2b: Froslass|Blizzard|p1a: Ninetales|[spread] p1a,p1b\n|-resisted|p1a: Ninetales|1\n|-crit|p1a: Ninetales\n|-damage|p1a: Ninetales|58/100\n|-damage|p1b: Scovillain|0 fnt\n|faint|p1b: Scovillain\n|move|p1a: Ninetales|Dazzling Gleam|p2b: Froslass|[spread] p2a,p2b\n|-damage|p2a: Incineroar|86/100\n|-damage|p2b: Froslass|0 fnt\n|faint|p2b: Froslass\n|move|p2a: Incineroar|Darkest Lariat|p1a: Ninetales\n|-resisted|p1a: Ninetales|1\n|-damage|p1a: Ninetales|45/100\n|\n|-weather|Snowscape|[upkeep]\n|upkeep\n|\n|t:|1776200093\n|switch|p2b: Garchomp|Garchomp, L50, F|100/100\n|turn|10\n|\n|t:|1776200102\n|move|p2b: Garchomp|Rock Slide|p1a: Ninetales\n|-supereffective|p1a: Ninetales|1\n|-damage|p1a: Ninetales|16/100\n|move|p1a: Ninetales|Blizzard|p2b: Garchomp|[spread] p2a,p2b\n|-resisted|p2a: Incineroar|1\n|-supereffective|p2b: Garchomp|2\n|-damage|p2a: Incineroar|79/100\n|-damage|p2b: Garchomp|27/100\n|move|p2a: Incineroar|Flare Blitz|p1a: Ninetales\n|-supereffective|p1a: Ninetales|1\n|-damage|p1a: Ninetales|0 fnt\n|faint|p1a: Ninetales\n|-damage|p2a: Incineroar|74/100|[from] Recoil\n|\n|win|C00ldude8\n|raw|sdf812x's rating: 1000 &rarr; <strong>1000</strong><br />(+0 for losing)\n|raw|C00ldude8's rating: 1000 &rarr; <strong>1040</strong><br />(+40 for winning)\n",
  "uploadtime": 1776200113,
  "views": 14,
  "formatid": "gen9championsvgc2026regma",
  "rating": 1000,
  "private": 0,
  "password": null
}