{
  "id": "gen9championsvgc2026regma-2587619256",
  "format": "[Gen 9 Champions] VGC 2026 Reg M-A",
  "players": [
    "gasertheegyptain",
    "thewxfr"
  ],
  "log": "|j|\u2606gasertheegyptain\n|j|\u2606thewxfr\n|t:|1776547539\n|gametype|doubles\n|player|p1|gasertheegyptain|unknown|\n|player|p2|thewxfr|1|\n|gen|9\n|tier|[Gen 9 Champions] VGC 2026 Reg M-A\n|rule|Species Clause: Limit one of each Pok\u00e9mon\n|rule|Item Clause: Limit 1 of each item\n|clearpoke\n|poke|p1|Primarina, L50, M, shiny|\n|poke|p1|Sneasler, L50, F, shiny|\n|poke|p1|Delphox, L50, F, shiny|\n|poke|p1|Kingambit, L50, F, shiny|\n|poke|p1|Meowscarada, L50, F, shiny|\n|poke|p1|Clefable, L50, F|\n|poke|p2|Manectric, L50, F|\n|poke|p2|Pikachu, L50, F|\n|poke|p2|Vaporeon, L50, M|\n|poke|p2|Politoed, L50, F|\n|poke|p2|Forretress, L50, M|\n|poke|p2|Gallade, L50, M|\n|teampreview|4\n|c|\u2606gasertheegyptain|what the sex?\nthewxfr rejected open team sheets.\n|c|\u2606thewxfr|beware\n|c|\u2606thewxfr|of my Frenchiness\n|c|\u2606thewxfr|**(no but fr this team sucks)**\n|\n|t:|1776547574\n|teamsize|p1|4\n|teamsize|p2|4\n|start\n|switch|p1a: Clefable|Clefable, L50, F|100/100\n|switch|p1b: Delphox|Delphox, L50, F, shiny|100/100\n|switch|p2a: Vaporeon|Vaporeon, L50, M|100/100\n|switch|p2b: Politoed|Politoed, L50, F|100/100\n|turn|1\n|c|\u2606gasertheegyptain|uh\n|c|\u2606gasertheegyptain|that shit doesnt have drizzle\n|c|\u2606thewxfr|no\n|\n|t:|1776547592\n|detailschange|p1b: Delphox|Delphox-Mega, L50, F, shiny\n|-mega|p1b: Delphox|Delphox|Delphoxite\n|move|p1a: Clefable|Follow Me|p1a: Clefable\n|-singleturn|p1a: Clefable|move: Follow Me\n|move|p1b: Delphox|Substitute|p1b: Delphox\n|-start|p1b: Delphox|Substitute\n|-damage|p1b: Delphox|75/100\n|move|p2b: Politoed|Surf|p1a: Clefable|[spread] p1a,p1b\n|-immune|p2a: Vaporeon|[from] ability: Water Absorb\n|-supereffective|p1b: Delphox|1\n|-end|p1b: Delphox|Substitute\n|-damage|p1a: Clefable|81/100\n|move|p2a: Vaporeon|Surf|p1b: Delphox|[spread] p1a,p1b\n|-immune|p2b: Politoed|[from] ability: Water Absorb\n|-supereffective|p1b: Delphox|1\n|-damage|p1a: Clefable|59/100\n|-damage|p1b: Delphox|24/100\n|\n|upkeep\n|turn|2\n|c|\u2606thewxfr|spammable surf :D\n|\n|t:|1776547613\n|move|p1a: Clefable|Helping Hand|p1b: Delphox\n|-singleturn|p1b: Delphox|Helping Hand|[of] p1a: Clefable\n|move|p1b: Delphox|Psychic|p2b: Politoed\n|-damage|p2b: Politoed|20/100\n|-enditem|p2b: Politoed|Sitrus Berry|[eat]\n|-heal|p2b: Politoed|45/100|[from] item: Sitrus Berry\n|move|p2b: Politoed|Surf|p1b: Delphox|[spread] p1a,p1b\n|-immune|p2a: Vaporeon|[from] ability: Water Absorb\n|-supereffective|p1b: Delphox|1\n|-damage|p1a: Clefable|39/100\n|-damage|p1b: Delphox|0 fnt\n|faint|p1b: Delphox\n|move|p2a: Vaporeon|Surf|p1a: Clefable|[spread] p1a\n|-heal|p2b: Politoed|70/100|[from] ability: Water Absorb|[of] p2a: Vaporeon\n|-damage|p1a: Clefable|20/100\n|\n|upkeep\n|\n|t:|1776547618\n|switch|p1b: Sneasler|Sneasler, L50, F, shiny|100/100\n|turn|3\n|\n|t:|1776547635\n|move|p2a: Vaporeon|Protect|p2a: Vaporeon\n|-singleturn|p2a: Vaporeon|Protect\n|move|p1b: Sneasler|Fake Out|p2a: Vaporeon\n|-activate|p2a: Vaporeon|move: Protect\n|move|p2b: Politoed|Icy Wind|p1a: Clefable|[spread] p1b\n|-miss|p2b: Politoed|p1a: Clefable\n|-damage|p1b: Sneasler|88/100\n|-unboost|p1b: Sneasler|spe|1\n|-enditem|p1b: Sneasler|White Herb\n|-clearnegativeboost|p1b: Sneasler|[silent]\n|move|p1a: Clefable|Moonblast|p2b: Politoed\n|-damage|p2b: Politoed|41/100\n|\n|upkeep\n|turn|4\n|\n|t:|1776547651\n|move|p1b: Sneasler|Close Combat|p2a: Vaporeon\n|-crit|p2a: Vaporeon\n|-damage|p2a: Vaporeon|31/100\n|-unboost|p1b: Sneasler|def|1\n|-unboost|p1b: Sneasler|spd|1\n|move|p2b: Politoed|Surf|p1b: Sneasler|[spread] p1a,p1b\n|-heal|p2a: Vaporeon|56/100|[from] ability: Water Absorb|[of] p2b: Politoed\n|-damage|p1a: Clefable|2/100\n|-damage|p1b: Sneasler|44/100\n|move|p2a: Vaporeon|Surf|p1a: Clefable|[spread] p1a,p1b\n|-heal|p2b: Politoed|65/100|[from] ability: Water Absorb|[of] p2a: Vaporeon\n|-damage|p1a: Clefable|0 fnt\n|-damage|p1b: Sneasler|0 fnt\n|faint|p1a: Clefable\n|faint|p1b: Sneasler\n|\n|-heal|p2a: Vaporeon|62/100|[from] item: Leftovers\n|upkeep\n|\n|t:|1776547663\n|switch|p1b: Meowscarada|Meowscarada, L50, F, shiny|100/100\n|turn|5\n|\n|t:|1776547670\n|move|p1b: Meowscarada|Flower Trick|p2b: Politoed\n|-supereffective|p2b: Politoed|1\n|-crit|p2b: Politoed\n|-damage|p2b: Politoed|0 fnt\n|faint|p2b: Politoed\n|move|p2a: Vaporeon|Icy Wind|p1b: Meowscarada\n|-supereffective|p1b: Meowscarada|1\n|-damage|p1b: Meowscarada|59/100\n|-unboost|p1b: Meowscarada|spe|1\n|\n|-heal|p2a: Vaporeon|68/100|[from] item: Leftovers\n|upkeep\n|\n|t:|1776547674\n|switch|p2b: Forretress|Forretress, L50, M|100/100\n|turn|6\n|\n|t:|1776547678\n|move|p1b: Meowscarada|Flower Trick|p2a: Vaporeon\n|-supereffective|p2a: Vaporeon|1\n|-crit|p2a: Vaporeon\n|-damage|p2a: Vaporeon|1/100\n|move|p2a: Vaporeon|Icy Wind|p1b: Meowscarada\n|-supereffective|p1b: Meowscarada|1\n|-damage|p1b: Meowscarada|12/100\n|-unboost|p1b: Meowscarada|spe|1\n|move|p2b: Forretress|Ice Spinner|p1b: Meowscarada\n|-supereffective|p1b: Meowscarada|1\n|-damage|p1b: Meowscarada|0 fnt\n|faint|p1b: Meowscarada\n|\n|win|thewxfr\n|c|\u2606thewxfr|good one btw\n|c|\u2606thewxfr|i would have perish songed you otherwise\n|c|\u2606gasertheegyptain|holy bro\n|l|\u2606gasertheegyptain\n|player|p1|\n|c|\u2606thewxfr|this strat is what i do in mystery dungeon teams lol\n",
  "uploadtime": 1776547700,
  "views": 11,
  "formatid": "gen9championsvgc2026regma",
  "rating": null,
  "private": 0,
  "password": null
}