{
  "id": "gen9championsvgc2026regma-2588084310",
  "format": "[Gen 9 Champions] VGC 2026 Reg M-A",
  "players": [
    "MattCol",
    "YornOnTheCobb"
  ],
  "log": "|j|\u2606MattCol\n|j|\u2606YornOnTheCobb\n|t:|1776602446\n|gametype|doubles\n|player|p1|MattCol|169|1000\n|player|p2|YornOnTheCobb|chuck|1052\n|gen|9\n|tier|[Gen 9 Champions] VGC 2026 Reg M-A\n|rated|\n|rule|Species Clause: Limit one of each Pok\u00e9mon\n|rule|Item Clause: Limit 1 of each item\n|clearpoke\n|poke|p1|Sableye, L50, M, shiny|\n|poke|p1|Emboar, L50, M, shiny|\n|poke|p1|Slowbro, L50, F, shiny|\n|poke|p1|Clefable, L50, M|\n|poke|p1|Kingambit, L50, M|\n|poke|p1|Snorlax, L50, F|\n|poke|p2|Aggron, L50, F|\n|poke|p2|Sinistcha-Masterpiece, L50, shiny|\n|poke|p2|Noivern, L50, F|\n|poke|p2|Incineroar, L50, F|\n|poke|p2|Rotom-Wash, L50|\n|poke|p2|Conkeldurr, L50, M|\n|teampreview|4\n|\n|t:|1776602477\n|teamsize|p1|4\n|teamsize|p2|4\n|start\n|switch|p1a: Sableye|Sableye, L50, M, shiny|100/100\n|switch|p1b: Slowbro|Slowbro, L50, F, shiny|100/100\n|switch|p2a: Rotom|Rotom-Wash, L50|100/100\n|switch|p2b: Noivern|Noivern, L50, F|100/100\n|turn|1\n|\n|t:|1776602508\n|move|p1a: Sableye|Fake Out|p2a: Rotom\n|-damage|p2a: Rotom|88/100\n|move|p2b: Noivern|Hurricane|p1a: Sableye|[miss]\n|-miss|p2b: Noivern|p1a: Sableye\n|cant|p2a: Rotom|flinch\n|move|p1b: Slowbro|Trick Room|p1b: Slowbro\n|-fieldstart|move: Trick Room|[of] p1b: Slowbro\n|\n|upkeep\n|turn|2\n|-activate|p2a: Rotom|item: Quick Claw\n|\n|t:|1776602541\n|switch|p1b: Snorlax|Snorlax, L50, F|100/100\n|move|p2b: Noivern|Protect|p2b: Noivern\n|-singleturn|p2b: Noivern|Protect\n|move|p1a: Sableye|Taunt|p2a: Rotom\n|-start|p2a: Rotom|move: Taunt\n|move|p2a: Rotom|Volt Switch|p1b: Snorlax\n|-damage|p1b: Snorlax|81/100\n|\n|t:|1776602551\n|switch|p2a: Incineroar|Incineroar, L50, F|100/100|[from] Volt Switch\n|-ability|p2a: Incineroar|Intimidate|boost\n|-unboost|p1a: Sableye|atk|1\n|-unboost|p1b: Snorlax|atk|1\n|\n|upkeep\n|turn|3\n|\n|t:|1776602563\n|switch|p1a: Clefable|Clefable, L50, M|100/100\n|switch|p2b: Conkeldurr|Conkeldurr, L50, M|100/100\n|move|p2a: Incineroar|Protect|p2a: Incineroar\n|-singleturn|p2a: Incineroar|Protect\n|move|p1b: Snorlax|Belly Drum|p1b: Snorlax\n|-damage|p1b: Snorlax|31/100\n|-setboost|p1b: Snorlax|atk|6|[from] move: Belly Drum\n|-enditem|p1b: Snorlax|Sitrus Berry|[eat]\n|-heal|p1b: Snorlax|56/100|[from] item: Sitrus Berry\n|\n|upkeep\n|turn|4\n|\n|t:|1776602589\n|move|p1a: Clefable|Follow Me|p1a: Clefable\n|-singleturn|p1a: Clefable|move: Follow Me\n|move|p1b: Snorlax|Rock Slide|p2a: Incineroar|[spread] p2a,p2b\n|-supereffective|p2a: Incineroar|1\n|-resisted|p2b: Conkeldurr|1\n|-damage|p2a: Incineroar|16/100\n|-damage|p2b: Conkeldurr|77/100\n|move|p2b: Conkeldurr|Drain Punch|p1a: Clefable\n|-resisted|p1a: Clefable|1\n|-damage|p1a: Clefable|78/100\n|-heal|p2b: Conkeldurr|89/100|[from] drain|[of] p1a: Clefable\n|move|p2a: Incineroar|Will-O-Wisp|p1a: Clefable\n|-status|p1a: Clefable|brn\n|\n|-heal|p2a: Incineroar|22/100|[from] item: Leftovers\n|upkeep\n|turn|5\n|\n|t:|1776602619\n|move|p2a: Incineroar|Protect|p2a: Incineroar\n|-singleturn|p2a: Incineroar|Protect\n|move|p1b: Snorlax|Rock Slide|p2b: Conkeldurr|[spread] p2b\n|-activate|p2a: Incineroar|move: Protect\n|-resisted|p2b: Conkeldurr|1\n|-damage|p2b: Conkeldurr|66/100\n|cant|p2b: Conkeldurr|flinch\n|move|p1a: Clefable|Moonblast|p2b: Conkeldurr\n|-supereffective|p2b: Conkeldurr|1\n|-damage|p2b: Conkeldurr|0 fnt\n|faint|p2b: Conkeldurr\n|\n|-heal|p2a: Incineroar|28/100|[from] item: Leftovers\n|-fieldend|move: Trick Room\n|upkeep\n|\n|t:|1776602636\n|switch|p2b: Noivern|Noivern, L50, F|100/100\n|turn|6\n|\n|t:|1776602664\n|move|p1a: Clefable|Follow Me|p1a: Clefable\n|-singleturn|p1a: Clefable|move: Follow Me\n|move|p2b: Noivern|Dragon Claw|p1a: Clefable\n|-immune|p1a: Clefable\n|move|p2a: Incineroar|Parting Shot|p1a: Clefable\n|-unboost|p1a: Clefable|atk|1\n|-unboost|p1a: Clefable|spa|1\n|\n|t:|1776602673\n|switch|p2a: Rotom|Rotom-Wash, L50|88/100|[from] Parting Shot\n|move|p1b: Snorlax|Rock Slide|p2b: Noivern|[spread] p2b\n|-miss|p1b: Snorlax|p2a: Rotom\n|-supereffective|p2b: Noivern|1\n|-damage|p2b: Noivern|0 fnt\n|faint|p2b: Noivern\n|\n|upkeep\n|\n|t:|1776602681\n|switch|p2b: Incineroar|Incineroar, L50, F|28/100\n|-ability|p2b: Incineroar|Intimidate|boost\n|-unboost|p1a: Clefable|atk|1\n|-unboost|p1b: Snorlax|atk|1\n|turn|7\n|\n|t:|1776602702\n|move|p1a: Clefable|Protect|p1a: Clefable\n|-singleturn|p1a: Clefable|Protect\n|move|p1b: Snorlax|Protect|p1b: Snorlax\n|-singleturn|p1b: Snorlax|Protect\n|move|p2b: Incineroar|Fake Out|p1b: Snorlax\n|-activate|p1b: Snorlax|move: Protect\n|move|p2a: Rotom|Thunder|p1a: Clefable\n|-activate|p1a: Clefable|move: Protect\n|\n|-heal|p2b: Incineroar|34/100|[from] item: Leftovers\n|upkeep\n|turn|8\n|\n|t:|1776602735\n|move|p1a: Clefable|Helping Hand|p1b: Snorlax\n|-singleturn|p1b: Snorlax|Helping Hand|[of] p1a: Clefable\n|move|p2b: Incineroar|Fake Out||[still]\n|-hint|Fake Out only works on your first turn out.\n|-fail|p2b: Incineroar\n|move|p2a: Rotom|Thunder|p1b: Snorlax\n|-damage|p1b: Snorlax|24/100\n|move|p1b: Snorlax|Rock Slide|p2a: Rotom|[spread] p2a,p2b\n|-supereffective|p2b: Incineroar|1\n|-damage|p2a: Rotom|0 fnt\n|-damage|p2b: Incineroar|0 fnt\n|faint|p2a: Rotom\n|faint|p2b: Incineroar\n|\n|win|MattCol\n|raw|MattCol's rating: 1000 &rarr; <strong>1046</strong><br />(+46 for winning)\n|raw|YornOnTheCobb's rating: 1052 &rarr; <strong>1032</strong><br />(-20 for losing)\n|l|\u2606MattCol\n|player|p1|\n|c|\u2606YornOnTheCobb|gg\n|l|\u2606YornOnTheCobb\n|player|p2|\n|j|\u2606MattCol\n|player|p1|MattCol|169|\n",
  "uploadtime": 1776602755,
  "views": 24,
  "formatid": "gen9championsvgc2026regma",
  "rating": 1032,
  "private": 0,
  "password": null
}