{
  "id": "gen9championsvgc2026regma-2586232672",
  "format": "[Gen 9 Champions] VGC 2026 Reg M-A",
  "players": [
    "iliasdelm",
    "Forbranna"
  ],
  "log": "|j|\u2606iliasdelm\n|j|\u2606Forbranna\n|t:|1776415362\n|gametype|doubles\n|player|p1|iliasdelm|gambler|1403\n|player|p2|Forbranna|265|1476\n|gen|9\n|tier|[Gen 9 Champions] VGC 2026 Reg M-A\n|rated|\n|rule|Species Clause: Limit one of each Pok\u00e9mon\n|rule|Item Clause: Limit 1 of each item\n|clearpoke\n|poke|p1|Heracross, L50, F|\n|poke|p1|Pelipper, L50, M|\n|poke|p1|Archaludon, L50, F|\n|poke|p1|Sneasler, L50, M|\n|poke|p1|Basculegion, L50, M|\n|poke|p1|Incineroar, L50, M|\n|poke|p2|Meganium, L50, F|\n|poke|p2|Tyranitar, L50, M|\n|poke|p2|Excadrill, L50, F|\n|poke|p2|Aegislash, L50, M|\n|poke|p2|Sinistcha, L50|\n|poke|p2|Talonflame, L50, M|\n|teampreview|4\n|inactive|Battle timer is ON: inactive players will automatically lose when time's up. (requested by Forbranna)\n|inactive|iliasdelm has 60 seconds left.\n|inactive|Forbranna has 60 seconds left.\n|inactive|iliasdelm has 30 seconds left.\n|inactive|iliasdelm has 20 seconds left.\n|inactive|iliasdelm has 15 seconds left.\n|inactive|iliasdelm has 10 seconds left.\n|inactive|iliasdelm has 5 seconds left.\n|\n|t:|1776415452\n|teamsize|p1|4\n|teamsize|p2|4\n|start\n|switch|p1a: Archaludon|Archaludon, L50, F|100/100\n|switch|p1b: Incineroar|Incineroar, L50, M, shiny|100/100\n|switch|p2a: Malcom X|Talonflame, L50, M, shiny|100/100\n|switch|p2b: Ivan IV|Tyranitar, L50, M, shiny|100/100\n|-weather|Sandstorm|[from] ability: Sand Stream|[of] p2b: Ivan IV\n|-ability|p1b: Incineroar|Intimidate|boost\n|-unboost|p2a: Malcom X|atk|1\n|-unboost|p2b: Ivan IV|atk|1\n|turn|1\n|\n|t:|1776415476\n|switch|p2b: Sappho|Meganium, L50, F|100/100\n|move|p1b: Incineroar|Fake Out|p2a: Malcom X\n|-damage|p2a: Malcom X|84/100\n|cant|p2a: Malcom X|flinch\n|move|p1a: Archaludon|Flash Cannon|p2b: Sappho\n|-damage|p2b: Sappho|64/100\n|\n|-weather|Sandstorm|[upkeep]\n|-damage|p2a: Malcom X|79/100|[from] Sandstorm\n|-damage|p2b: Sappho|58/100|[from] Sandstorm\n|-damage|p1b: Incineroar|94/100|[from] Sandstorm\n|-heal|p2a: Malcom X|84/100|[from] item: Leftovers\n|-heal|p1b: Incineroar|100/100|[from] item: Leftovers\n|upkeep\n|turn|2\n|\n|t:|1776415493\n|switch|p1b: Pelipper|Pelipper, L50, M|100/100\n|-weather|RainDance|[from] ability: Drizzle|[of] p1b: Pelipper\n|move|p2b: Sappho|Protect|p2b: Sappho\n|-singleturn|p2b: Sappho|Protect\n|move|p2a: Malcom X|Tailwind|p2a: Malcom X\n|-sidestart|p2: Forbranna|move: Tailwind\n|move|p1a: Archaludon|Electro Shot||[still]\n|-prepare|p1a: Archaludon|Electro Shot\n|-boost|p1a: Archaludon|spa|1\n|-anim|p1a: Archaludon|Electro Shot|p2a: Malcom X\n|-supereffective|p2a: Malcom X|1\n|-damage|p2a: Malcom X|0 fnt\n|faint|p2a: Malcom X\n|\n|-weather|RainDance|[upkeep]\n|upkeep\n|\n|t:|1776415510\n|switch|p2a: Ivan IV|Tyranitar, L50, M, shiny|100/100\n|-weather|Sandstorm|[from] ability: Sand Stream|[of] p2a: Ivan IV\n|turn|3\n|\n|t:|1776415521\n|switch|p1b: Incineroar|Incineroar, L50, M, shiny|100/100\n|-ability|p1b: Incineroar|Intimidate|boost\n|-unboost|p2a: Ivan IV|atk|1\n|-unboost|p2b: Sappho|atk|1\n|detailschange|p2b: Sappho|Meganium-Mega, L50, F\n|-mega|p2b: Sappho|Meganium|Meganiumite\n|move|p1a: Archaludon|Protect|p1a: Archaludon\n|-singleturn|p1a: Archaludon|Protect\n|move|p2b: Sappho|Weather Ball|p1a: Archaludon\n|-activate|p1a: Archaludon|move: Protect\n|move|p2a: Ivan IV|Knock Off|p1a: Archaludon\n|-activate|p1a: Archaludon|move: Protect\n|\n|-weather|Sandstorm|[upkeep]\n|-damage|p2b: Sappho|52/100|[from] Sandstorm\n|-damage|p1b: Incineroar|94/100|[from] Sandstorm\n|-heal|p1b: Incineroar|100/100|[from] item: Leftovers\n|upkeep\n|turn|4\n|\n|t:|1776415541\n|switch|p2b: Robespierre|Excadrill, L50, F, shiny|100/100\n|move|p1b: Incineroar|Fake Out|p2a: Ivan IV\n|-resisted|p2a: Ivan IV|1\n|-damage|p2a: Ivan IV|96/100\n|cant|p2a: Ivan IV|flinch\n|move|p1a: Archaludon|Flash Cannon|p2b: Robespierre\n|-resisted|p2b: Robespierre|1\n|-damage|p2b: Robespierre|66/100\n|-unboost|p2b: Robespierre|spd|1\n|\n|-weather|Sandstorm|[upkeep]\n|-damage|p1b: Incineroar|94/100|[from] Sandstorm\n|-heal|p1b: Incineroar|100/100|[from] item: Leftovers\n|upkeep\n|turn|5\n|\n|t:|1776415558\n|switch|p1b: Pelipper|Pelipper, L50, M|100/100\n|-weather|RainDance|[from] ability: Drizzle|[of] p1b: Pelipper\n|move|p2b: Robespierre|Earthquake|p1a: Archaludon|[spread] p2a,p1a\n|-immune|p1b: Pelipper\n|-supereffective|p2a: Ivan IV|1\n|-supereffective|p1a: Archaludon|1\n|-damage|p2a: Ivan IV|27/100\n|-damage|p1a: Archaludon|40/100\n|-ability|p1a: Archaludon|Stamina|boost\n|-boost|p1a: Archaludon|def|1\n|-enditem|p1a: Archaludon|Sitrus Berry|[eat]\n|-heal|p1a: Archaludon|64/100|[from] item: Sitrus Berry\n|move|p2a: Ivan IV|High Horsepower|p1a: Archaludon\n|-supereffective|p1a: Archaludon|1\n|-damage|p1a: Archaludon|42/100\n|-ability|p1a: Archaludon|Stamina|boost\n|-boost|p1a: Archaludon|def|1\n|move|p1a: Archaludon|Flash Cannon|p2a: Ivan IV\n|-supereffective|p2a: Ivan IV|1\n|-damage|p2a: Ivan IV|0 fnt\n|faint|p2a: Ivan IV\n|\n|-weather|RainDance|[upkeep]\n|-sideend|p2: Forbranna|move: Tailwind\n|upkeep\n|-message|Forbranna forfeited.\n|\n|win|iliasdelm\n|raw|iliasdelm's rating: 1403 &rarr; <strong>1427</strong><br />(+24 for winning)\n|raw|Forbranna's rating: 1476 &rarr; <strong>1452</strong><br />(-24 for losing)\n",
  "uploadtime": 1776415583,
  "views": 47,
  "formatid": "gen9championsvgc2026regma",
  "rating": 1427,
  "private": 0,
  "password": null
}