{
  "id": "gen9championsvgc2026regma-2586558081",
  "format": "[Gen 9 Champions] VGC 2026 Reg M-A",
  "players": [
    "wendingooo",
    "GenericEdgeLrd"
  ],
  "log": "|j|\u2606wendingooo\n|j|\u2606GenericEdgeLrd\n|t:|1776442925\n|gametype|doubles\n|player|p1|wendingooo|102|1178\n|player|p2|GenericEdgeLrd|gentleman-gen4|1087\n|gen|9\n|tier|[Gen 9 Champions] VGC 2026 Reg M-A\n|rated|\n|rule|Species Clause: Limit one of each Pok\u00e9mon\n|rule|Item Clause: Limit 1 of each item\n|clearpoke\n|poke|p1|Charizard, L50, M|\n|poke|p1|Incineroar, L50, F|\n|poke|p1|Sneasler, L50, M|\n|poke|p1|Milotic, L50, F|\n|poke|p1|Sinistcha, L50|\n|poke|p1|Tyranitar, L50, F|\n|poke|p2|Glimmora, L50, F|\n|poke|p2|Orthworm, L50, M|\n|poke|p2|Garchomp, L50, M|\n|poke|p2|Sinistcha, L50|\n|poke|p2|Lucario, L50, F|\n|poke|p2|Ninetales-Alola, L50, M|\n|teampreview|4\n|inactive|Battle timer is ON: inactive players will automatically lose when time's up. (requested by GenericEdgeLrd)\n|\n|t:|1776442986\n|teamsize|p1|4\n|teamsize|p2|4\n|start\n|switch|p1a: Sneasler|Sneasler, L50, M|100/100\n|switch|p1b: Tyranitar|Tyranitar, L50, F|100/100\n|switch|p2a: Orthworm|Orthworm, L50, M|100/100\n|switch|p2b: Garchomp|Garchomp, L50, M|100/100\n|-weather|Sandstorm|[from] ability: Sand Stream|[of] p1b: Tyranitar\n|turn|1\n|\n|t:|1776443008\n|move|p1b: Tyranitar|Protect|p1b: Tyranitar\n|-singleturn|p1b: Tyranitar|Protect\n|move|p1a: Sneasler|Close Combat|p2a: Orthworm\n|-supereffective|p2a: Orthworm|1\n|-damage|p2a: Orthworm|29/100\n|-unboost|p1a: Sneasler|def|1\n|-unboost|p1a: Sneasler|spd|1\n|-enditem|p1a: Sneasler|White Herb\n|-clearnegativeboost|p1a: Sneasler|[silent]\n|move|p2b: Garchomp|Earthquake|p1a: Sneasler|[spread] p1a\n|-activate|p1b: Tyranitar|move: Protect\n|-heal|p2a: Orthworm|54/100|[from] ability: Earth Eater|[of] p2b: Garchomp\n|-supereffective|p1a: Sneasler|1\n|-damage|p1a: Sneasler|0 fnt\n|faint|p1a: Sneasler\n|move|p2a: Orthworm|Shed Tail|p2a: Orthworm\n|-start|p2a: Orthworm|Substitute|[from] move: Shed Tail\n|-damage|p2a: Orthworm|4/100\n|\n|t:|1776443021\n|switch|p2a: Glimmora|Glimmora, L50, F, shiny|100/100|[from] Shed Tail\n|\n|-weather|Sandstorm|[upkeep]\n|upkeep\n|\n|t:|1776443031\n|switch|p1a: Milotic|Milotic, L50, F|100/100\n|turn|2\n|inactive|GenericEdgeLrd has 30 seconds left.\n|\n|t:|1776443057\n|detailschange|p2a: Glimmora|Glimmora-Mega, L50, F, shiny\n|-mega|p2a: Glimmora|Glimmora|Glimmoranite\n|detailschange|p1b: Tyranitar|Tyranitar-Mega, L50, F\n|-mega|p1b: Tyranitar|Tyranitar|Tyranitarite\n|move|p2b: Garchomp|Dragon Claw|p1a: Milotic\n|-damage|p1a: Milotic|68/100\n|move|p2a: Glimmora|Mortal Spin|p1b: Tyranitar|[spread] p1a,p1b\n|-resisted|p1b: Tyranitar|1\n|-damage|p1a: Milotic|60/100\n|-damage|p1b: Tyranitar|98/100\n|-status|p1a: Milotic|psn\n|-status|p1b: Tyranitar|psn\n|move|p1a: Milotic|Icy Wind|p2b: Garchomp|[spread] p2a,p2b\n|-activate|p2a: Glimmora|move: Substitute|[damage]\n|-supereffective|p2b: Garchomp|2\n|-damage|p2b: Garchomp|57/100\n|-unboost|p2b: Garchomp|spe|1\n|move|p1b: Tyranitar|Crunch|p2b: Garchomp\n|-damage|p2b: Garchomp|15/100\n|\n|-weather|Sandstorm|[upkeep]\n|-damage|p1a: Milotic|54/100 psn|[from] Sandstorm\n|-heal|p1a: Milotic|60/100 psn|[from] item: Leftovers\n|-damage|p1a: Milotic|48/100 psn|[from] psn\n|-damage|p1b: Tyranitar|86/100 psn|[from] psn\n|upkeep\n|turn|3\n|inactive|wendingooo has 30 seconds left.\n|inactive|GenericEdgeLrd has 30 seconds left.\n|\n|t:|1776443091\n|move|p2b: Garchomp|Protect|p2b: Garchomp\n|-singleturn|p2b: Garchomp|Protect\n|move|p1b: Tyranitar|Protect|p1b: Tyranitar\n|-singleturn|p1b: Tyranitar|Protect\n|move|p2a: Glimmora|Sludge Wave|p1b: Tyranitar|[spread] p1a\n|-activate|p2b: Garchomp|move: Protect\n|-activate|p1b: Tyranitar|move: Protect\n|-damage|p1a: Milotic|4/100 psn\n|move|p1a: Milotic|Scald|p2a: Glimmora\n|-supereffective|p2a: Glimmora|1\n|-end|p2a: Glimmora|Substitute\n|\n|-weather|Sandstorm|[upkeep]\n|-damage|p1a: Milotic|0 fnt|[from] Sandstorm\n|faint|p1a: Milotic\n|-damage|p1b: Tyranitar|74/100 psn|[from] psn\n|upkeep\n|\n|t:|1776443110\n|switch|p1a: Incineroar|Incineroar, L50, F|100/100\n|-ability|p1a: Incineroar|Intimidate|boost\n|-unboost|p2a: Glimmora|atk|1\n|-unboost|p2b: Garchomp|atk|1\n|turn|4\n|\n|t:|1776443123\n|move|p1a: Incineroar|Fake Out|p2b: Garchomp\n|-damage|p2b: Garchomp|5/100\n|move|p2a: Glimmora|Power Gem|p1a: Incineroar\n|-supereffective|p1a: Incineroar|1\n|-damage|p1a: Incineroar|1/100\n|-enditem|p1a: Incineroar|Sitrus Berry|[eat]\n|-heal|p1a: Incineroar|26/100|[from] item: Sitrus Berry\n|cant|p2b: Garchomp|flinch\n|move|p1b: Tyranitar|High Horsepower|p2a: Glimmora\n|-supereffective|p2a: Glimmora|2\n|-damage|p2a: Glimmora|0 fnt\n|faint|p2a: Glimmora\n|\n|-weather|Sandstorm|[upkeep]\n|-damage|p1a: Incineroar|20/100|[from] Sandstorm\n|-damage|p1b: Tyranitar|62/100 psn|[from] psn\n|upkeep\n|\n|t:|1776443133\n|switch|p2a: Sinistcha|Sinistcha, L50|100/100\n|-heal|p2b: Garchomp|29/100|[from] ability: Hospitality|[of] p2a: Sinistcha\n|turn|5\n|\n|t:|1776443151\n|switch|p2b: Orthworm|Orthworm, L50, M|4/100\n|move|p1b: Tyranitar|Crunch|p2a: Sinistcha\n|-supereffective|p2a: Sinistcha|1\n|-damage|p2a: Sinistcha|40/100\n|-enditem|p2a: Sinistcha|Sitrus Berry|[eat]\n|-heal|p2a: Sinistcha|65/100|[from] item: Sitrus Berry\n|move|p2a: Sinistcha|Matcha Gotcha|p1a: Incineroar|[spread] p1a,p1b\n|-resisted|p1a: Incineroar|1\n|-supereffective|p1b: Tyranitar|1\n|-damage|p1a: Incineroar|11/100\n|-heal|p2a: Sinistcha|70/100|[from] drain|[of] p1a: Incineroar\n|-damage|p1b: Tyranitar|39/100 psn\n|-heal|p2a: Sinistcha|84/100|[from] drain|[of] p1b: Tyranitar\n|move|p1a: Incineroar|Darkest Lariat|p2a: Sinistcha\n|-supereffective|p2a: Sinistcha|1\n|-damage|p2a: Sinistcha|40/100\n|\n|-weather|none\n|-heal|p2b: Orthworm|10/100|[from] item: Leftovers\n|-damage|p1b: Tyranitar|27/100 psn|[from] psn\n|upkeep\n|turn|6\n|inactive|wendingooo has 30 seconds left.\n|\n|t:|1776443178\n|move|p2b: Orthworm|Protect|p2b: Orthworm\n|-singleturn|p2b: Orthworm|Protect\n|move|p1b: Tyranitar|Crunch|p2a: Sinistcha\n|-supereffective|p2a: Sinistcha|1\n|-damage|p2a: Sinistcha|0 fnt\n|faint|p2a: Sinistcha\n|move|p1a: Incineroar|Flare Blitz|p2b: Orthworm\n|-activate|p2b: Orthworm|move: Protect\n|\n|-heal|p2b: Orthworm|16/100|[from] item: Leftovers\n|-damage|p1b: Tyranitar|15/100 psn|[from] psn\n|upkeep\n|\n|t:|1776443183\n|switch|p2a: Garchomp|Garchomp, L50, M|29/100\n|turn|7\n|\n|t:|1776443196\n|move|p2a: Garchomp|Earthquake|p1b: Tyranitar|[spread] p1a,p1b\n|-heal|p2b: Orthworm|41/100|[from] ability: Earth Eater|[of] p2a: Garchomp\n|-supereffective|p1a: Incineroar|1\n|-supereffective|p1b: Tyranitar|1\n|-crit|p1b: Tyranitar\n|-damage|p1a: Incineroar|0 fnt\n|-damage|p1b: Tyranitar|0 fnt\n|faint|p1a: Incineroar\n|faint|p1b: Tyranitar\n|\n|win|GenericEdgeLrd\n|raw|wendingooo's rating: 1178 &rarr; <strong>1147</strong><br />(-31 for losing)\n|raw|GenericEdgeLrd's rating: 1087 &rarr; <strong>1121</strong><br />(+34 for winning)\n|l|\u2606wendingooo\n|player|p1|\n",
  "uploadtime": 1776443213,
  "views": 20,
  "formatid": "gen9championsvgc2026regma",
  "rating": 1121,
  "private": 0,
  "password": null
}