{
  "id": "gen9championsvgc2026regma-2582027132",
  "format": "[Gen 9 Champions] VGC 2026 Reg M-A",
  "players": [
    "miseria010",
    "defiantvgc"
  ],
  "log": "|j|\u2606miseria010\n|j|\u2606defiantvgc\n|html|<table width=\"100%\"><tr><td align=\"left\">miseria010</td><td align=\"right\">defiantvgc</tr><tr><td align=\"left\"><i class=\"fa fa-circle-o\"></i> <i class=\"fa fa-circle-o\"></i> </td><td align=\"right\"><i class=\"fa fa-circle-o\"></i> <i class=\"fa fa-circle\"></i> </tr></table>\n|uhtml|bestof|<h2><strong>Game 2</strong> of <a href=\"/game-bestof3-gen9championsvgc2026regma-2582024805\">a best-of-3</a></h2>\n|t:|1776049673\n|gametype|doubles\n|player|p1|miseria010|unknown|\n|player|p2|defiantvgc|spark-casual|\n|gen|9\n|tier|[Gen 9 Champions] VGC 2026 Reg M-A\n|rated|Tournament battle\n|rule|Species Clause: Limit one of each Pok\u00e9mon\n|rule|Item Clause: Limit 1 of each item\n|raw|<div class=\"infobox\"><details class=\"readmore\" open><summary><strong>2 custom rules:</strong></summary> Force Open Team Sheets, Best of = 3</details></div>\n|clearpoke\n|poke|p1|Charizard, L50, M|\n|poke|p1|Venusaur, L50, M|\n|poke|p1|Garchomp, L50, M|\n|poke|p1|Incineroar, L50, M|\n|poke|p1|Conkeldurr, L50, M|\n|poke|p1|Whimsicott, L50, F|\n|poke|p2|Glimmora, L50, M|\n|poke|p2|Incineroar, L50, M|\n|poke|p2|Kommo-o, L50, M|\n|poke|p2|Whimsicott, L50, M|\n|poke|p2|Ninetales-Alola, L50, F|\n|poke|p2|Rotom-Wash, L50|\n|teampreview|4\n|showteam|p1|Charizard||CharizarditeY|Blaze|HeatWave,Flamethrower,SolarBeam,Protect|||M|||50|]Venusaur||Leftovers|Chlorophyll|EnergyBall,SludgeBomb,SleepPowder,Protect|||M|||50|]Garchomp||WhiteHerb|RoughSkin|Earthquake,DragonClaw,RockSlide,Protect|||M|||50|]Incineroar||SitrusBerry|Intimidate|FlareBlitz,ThroatChop,PartingShot,FakeOut|||M|||50|]Conkeldurr||RoseliBerry|IronFist|DrainPunch,MachPunch,IcePunch,Protect|||M|||50|]Whimsicott||FocusSash|Prankster|Moonblast,Tailwind,FakeTears,Protect|||F|||50|\n|showteam|p2|Glimmora||Glimmoranite|ToxicDebris|SludgeBomb,PowerGem,EarthPower,SpikyShield|||M|||50|]Incineroar||ShucaBerry|Intimidate|ThroatChop,FlareBlitz,FakeOut,PartingShot|||M|||50|]Kommo-o||Leftovers|Overcoat|BodyPress,Flamethrower,IronDefense,Protect|||M|||50|]Whimsicott||OccaBerry|Prankster|Tailwind,Moonblast,FakeTears,Protect|||M|||50|]Ninetales-Alola||FocusSash|SnowWarning|Blizzard,IcyWind,Disable,Protect|||F|||50|]Rotom-Wash||SitrusBerry|Levitate|HydroPump,Thunderbolt,Protect,WillOWisp||||||50|\n|j|@Radio Free C-Side\n|\n|t:|1776049717\n|teamsize|p1|4\n|teamsize|p2|4\n|start\n|switch|p1a: Whimsicott|Whimsicott, L50, F|100/100\n|switch|p1b: Venusaur|Venusaur, L50, M|100/100\n|switch|p2a: Ninetales|Ninetales-Alola, L50, F|100/100\n|switch|p2b: Whimsicott|Whimsicott, L50, M|100/100\n|-weather|Snowscape|[from] ability: Snow Warning|[of] p2a: Ninetales\n|turn|1\n|\n|t:|1776049749\n|switch|p1b: Charizard|Charizard, L50, M, shiny|100/100\n|move|p2b: Whimsicott|Protect|p2b: Whimsicott\n|-singleturn|p2b: Whimsicott|Protect\n|move|p1a: Whimsicott|Tailwind|p1a: Whimsicott\n|-sidestart|p1: miseria010|move: Tailwind\n|move|p2a: Ninetales|Blizzard|p1b: Charizard|[spread] p1a,p1b\n|-supereffective|p1a: Whimsicott|1\n|-enditem|p1a: Whimsicott|Focus Sash\n|-damage|p1a: Whimsicott|1/100\n|-damage|p1b: Charizard|60/100\n|\n|-weather|Snowscape|[upkeep]\n|upkeep\n|turn|2\n|j|+holdingb\n|\n|t:|1776049769\n|switch|p2a: Rotom|Rotom-Wash, L50|100/100\n|detailschange|p1b: Charizard|Charizard-Mega-Y, L50, M, shiny\n|-mega|p1b: Charizard|Charizard|Charizardite Y\n|-weather|SunnyDay|[from] ability: Drought|[of] p1b: Charizard\n|move|p2b: Whimsicott|Tailwind|p2b: Whimsicott\n|-sidestart|p2: defiantvgc|move: Tailwind\n|move|p1a: Whimsicott|Moonblast|p2a: Rotom\n|-damage|p2a: Rotom|65/100\n|move|p1b: Charizard|Heat Wave|p2a: Rotom|[spread] p2a,p2b\n|-resisted|p2a: Rotom|1\n|-supereffective|p2b: Whimsicott|1\n|-enditem|p2b: Whimsicott|Occa Berry|[eat]\n|-enditem|p2b: Whimsicott|Occa Berry|[weaken]\n|-damage|p2a: Rotom|31/100\n|-damage|p2b: Whimsicott|16/100\n|-enditem|p2a: Rotom|Sitrus Berry|[eat]\n|-heal|p2a: Rotom|56/100|[from] item: Sitrus Berry\n|\n|-weather|SunnyDay|[upkeep]\n|upkeep\n|turn|3\n|\n|t:|1776049792\n|move|p2a: Rotom|Protect|p2a: Rotom\n|-singleturn|p2a: Rotom|Protect\n|move|p1a: Whimsicott|Moonblast|p2b: Whimsicott\n|-damage|p2b: Whimsicott|0 fnt\n|faint|p2b: Whimsicott\n|move|p1b: Charizard|Solar Beam||[still]\n|-prepare|p1b: Charizard|Solar Beam\n|-anim|p1b: Charizard|Solar Beam|p2a: Rotom\n|-activate|p2a: Rotom|move: Protect\n|\n|-weather|SunnyDay|[upkeep]\n|upkeep\n|\n|t:|1776049797\n|switch|p2b: Ninetales|Ninetales-Alola, L50, F|100/100\n|-weather|Snowscape|[from] ability: Snow Warning|[of] p2b: Ninetales\n|turn|4\n|\n|t:|1776049818\n|move|p1a: Whimsicott|Moonblast|p2b: Ninetales\n|-damage|p2b: Ninetales|60/100\n|move|p2b: Ninetales|Blizzard|p1a: Whimsicott|[spread] p1a,p1b\n|-supereffective|p1a: Whimsicott|1\n|-damage|p1a: Whimsicott|0 fnt\n|-damage|p1b: Charizard|28/100\n|faint|p1a: Whimsicott\n|move|p1b: Charizard|Flamethrower|p2b: Ninetales\n|-supereffective|p2b: Ninetales|1\n|-damage|p2b: Ninetales|0 fnt\n|faint|p2b: Ninetales\n|move|p2a: Rotom|Thunderbolt|p1b: Charizard\n|-supereffective|p1b: Charizard|1\n|-damage|p1b: Charizard|0 fnt\n|faint|p1b: Charizard\n|\n|-weather|Snowscape|[upkeep]\n|-sideend|p1: miseria010|move: Tailwind\n|upkeep\n|\n|t:|1776049833\n|switch|p1a: Venusaur|Venusaur, L50, M|100/100\n|switch|p2b: Glimmora|Glimmora, L50, M|100/100\n|switch|p1b: Garchomp|Garchomp, L50, M|100/100\n|turn|5\n|\n|t:|1776049841\n|detailschange|p2b: Glimmora|Glimmora-Mega, L50, M\n|-mega|p2b: Glimmora|Glimmora|Glimmoranite\n|move|p1b: Garchomp|Protect|p1b: Garchomp\n|-singleturn|p1b: Garchomp|Protect\n|move|p1a: Venusaur|Protect|p1a: Venusaur\n|-singleturn|p1a: Venusaur|Protect\n|move|p2b: Glimmora|Power Gem|p1b: Garchomp\n|-activate|p1b: Garchomp|move: Protect\n|move|p2a: Rotom|Hydro Pump|p1b: Garchomp\n|-activate|p1b: Garchomp|move: Protect\n|\n|-weather|Snowscape|[upkeep]\n|-sideend|p2: defiantvgc|move: Tailwind\n|upkeep\n|turn|6\n|-message|defiantvgc forfeited.\n|\n|win|miseria010\n||defiantvgc is ready for game 3.\n|l|\u2606defiantvgc\n|player|p2|\n||miseria010 is ready for game 3.\n|uhtml|next|Next: <a href=\"/battle-gen9championsvgc2026regma-2582028915\"><strong>Game 3 of 3</strong></a>\n|l|@Radio Free C-Side\n",
  "uploadtime": 1776049859,
  "views": 13,
  "formatid": "gen9championsvgc2026regma",
  "rating": null,
  "private": 0,
  "password": null
}