{
  "id": "gen9championsvgc2026regma-2586760441",
  "format": "[Gen 9 Champions] VGC 2026 Reg M-A",
  "players": [
    "shaulas0lid",
    "Carlosbenz123"
  ],
  "log": "|j|\u2606shaulas0lid\n|j|\u2606Carlosbenz123\n|t:|1776457763\n|gametype|doubles\n|player|p1|shaulas0lid|aromalady|1035\n|player|p2|Carlosbenz123|misty|1102\n|gen|9\n|tier|[Gen 9 Champions] VGC 2026 Reg M-A\n|rated|\n|rule|Species Clause: Limit one of each Pok\u00e9mon\n|rule|Item Clause: Limit 1 of each item\n|clearpoke\n|poke|p1|Farigiraf, L50, F|\n|poke|p1|Crabominable, L50, F|\n|poke|p1|Slowking-Galar, L50, M|\n|poke|p1|Glimmora, L50, F|\n|poke|p1|Milotic, L50, F|\n|poke|p1|Aerodactyl, L50, F|\n|poke|p2|Meganium, L50, M|\n|poke|p2|Aerodactyl, L50, F|\n|poke|p2|Pelipper, L50, M|\n|poke|p2|Goodra-Hisui, L50, M|\n|poke|p2|Beartic, L50, M|\n|poke|p2|Lopunny, L50, F|\n|teampreview|4\n|\n|t:|1776457793\n|teamsize|p1|4\n|teamsize|p2|4\n|start\n|switch|p1a: Farigiraf|Farigiraf, L50, F, shiny|100/100\n|switch|p1b: Slowking|Slowking-Galar, L50, M|100/100\n|switch|p2a: Pelipper|Pelipper, L50, M|100/100\n|switch|p2b: Beartic|Beartic, L50, M|100/100\n|-weather|RainDance|[from] ability: Drizzle|[of] p2a: Pelipper\n|turn|1\n|\n|t:|1776457810\n|move|p2b: Beartic|Earthquake|p1a: Farigiraf|[spread] p1a,p1b\n|-immune|p2a: Pelipper\n|-supereffective|p1b: Slowking|1\n|-damage|p1a: Farigiraf|76/100\n|-damage|p1b: Slowking|44/100\n|move|p2a: Pelipper|Weather Ball|p1a: Farigiraf\n|-damage|p1a: Farigiraf|31/100\n|-prepare|p1b: Slowking|Chilly Reception|[premajor]\n|move|p1b: Slowking|Chilly Reception|p1b: Slowking\n|-weather|Snowscape\n|\n|t:|1776457821\n|switch|p1b: Crabominable|Crabominable, L50, F, shiny|100/100|[from] Chilly Reception\n|move|p1a: Farigiraf|Trick Room|p1a: Farigiraf\n|-fieldstart|move: Trick Room|[of] p1a: Farigiraf\n|\n|-weather|Snowscape|[upkeep]\n|upkeep\n|turn|2\n|\n|t:|1776457834\n|detailschange|p1b: Crabominable|Crabominable-Mega, L50, F, shiny\n|-mega|p1b: Crabominable|Crabominable|Crabominite\n|move|p2a: Pelipper|Protect|p2a: Pelipper\n|-singleturn|p2a: Pelipper|Protect\n|move|p1b: Crabominable|Drain Punch|p2b: Beartic\n|-supereffective|p2b: Beartic|1\n|-damage|p2b: Beartic|2/100\n|move|p1a: Farigiraf|Imprison|p1a: Farigiraf\n|-start|p1a: Farigiraf|move: Imprison\n|move|p2b: Beartic|Close Combat|p1b: Crabominable\n|-supereffective|p1b: Crabominable|1\n|-damage|p1b: Crabominable|55/100\n|-unboost|p2b: Beartic|def|1\n|-unboost|p2b: Beartic|spd|1\n|\n|-weather|Snowscape|[upkeep]\n|upkeep\n|turn|3\n|\n|t:|1776457879\n|switch|p2b: Meganium|Meganium, L50, M, shiny|100/100\n|move|p1b: Crabominable|Ice Hammer|p2a: Pelipper\n|-damage|p2a: Pelipper|32/100\n|-unboost|p1b: Crabominable|spe|1\n|-enditem|p2a: Pelipper|Sitrus Berry|[eat]\n|-heal|p2a: Pelipper|56/100|[from] item: Sitrus Berry\n|move|p1a: Farigiraf|Psyshock|p2b: Meganium\n|-damage|p2b: Meganium|67/100\n|move|p2a: Pelipper|Hurricane|p1b: Crabominable|[miss]\n|-miss|p2a: Pelipper|p1b: Crabominable\n|\n|-weather|Snowscape|[upkeep]\n|upkeep\n|turn|4\n|\n|t:|1776457906\n|switch|p1b: Slowking|Slowking-Galar, L50, M|77/100\n|switch|p2b: Beartic|Beartic, L50, M|2/100\n|move|p1a: Farigiraf|Psyshock|p2a: Pelipper\n|-damage|p2a: Pelipper|31/100\n|move|p2a: Pelipper|Hurricane|p1b: Slowking|[miss]\n|-miss|p2a: Pelipper|p1b: Slowking\n|\n|-weather|Snowscape|[upkeep]\n|upkeep\n|turn|5\n|\n|t:|1776457933\n|move|p2a: Pelipper|Tailwind|p2a: Pelipper\n|-sidestart|p2: Carlosbenz123|move: Tailwind\n|move|p2b: Beartic|Earthquake|p1a: Farigiraf|[spread] p1a,p1b\n|-immune|p2a: Pelipper\n|-supereffective|p1b: Slowking|1\n|-damage|p1a: Farigiraf|6/100\n|-damage|p1b: Slowking|19/100\n|move|p1b: Slowking|Trick Room|p1b: Slowking\n|-fieldend|move: Trick Room\n|move|p1a: Farigiraf|Trick Room|p1a: Farigiraf\n|-fieldstart|move: Trick Room|[of] p1a: Farigiraf\n|\n|-weather|none\n|upkeep\n|turn|6\n|\n|t:|1776457952\n|move|p1a: Farigiraf|Protect|p1a: Farigiraf\n|-singleturn|p1a: Farigiraf|Protect\n|-prepare|p1b: Slowking|Chilly Reception|[premajor]\n|move|p1b: Slowking|Chilly Reception|p1b: Slowking\n|-weather|Snowscape\n|\n|t:|1776457957\n|switch|p1b: Crabominable|Crabominable-Mega, L50, F, shiny|55/100|[from] Chilly Reception\n|move|p2a: Pelipper|Weather Ball|p1b: Crabominable\n|-resisted|p1b: Crabominable|1\n|-damage|p1b: Crabominable|45/100\n|move|p2b: Beartic|Earthquake|p1b: Crabominable|[spread] p1b\n|-activate|p1a: Farigiraf|move: Protect\n|-immune|p2a: Pelipper\n|-damage|p1b: Crabominable|33/100\n|\n|-weather|Snowscape|[upkeep]\n|upkeep\n|turn|7\n|\n|t:|1776457972\n|move|p1b: Crabominable|Ice Hammer|p2a: Pelipper\n|-damage|p2a: Pelipper|0 fnt\n|-unboost|p1b: Crabominable|spe|1\n|faint|p2a: Pelipper\n|move|p1a: Farigiraf|Psyshock|p2b: Beartic\n|-damage|p2b: Beartic|0 fnt\n|faint|p2b: Beartic\n|\n|-weather|Snowscape|[upkeep]\n|upkeep\n|\n|t:|1776457979\n|switch|p2a: Aerodactyl|Aerodactyl, L50, F|100/100\n|switch|p2b: Meganium|Meganium, L50, M, shiny|67/100\n|-ability|p2a: Aerodactyl|Pressure\n|turn|8\n|\n|t:|1776458004\n|detailschange|p2b: Meganium|Meganium-Mega, L50, M, shiny\n|-mega|p2b: Meganium|Meganium|Meganiumite\n|move|p1b: Crabominable|Ice Hammer|p2b: Meganium\n|-supereffective|p2b: Meganium|1\n|-damage|p2b: Meganium|0 fnt\n|-unboost|p1b: Crabominable|spe|1\n|faint|p2b: Meganium\n|move|p1a: Farigiraf|Psyshock|p2a: Aerodactyl\n|-damage|p2a: Aerodactyl|52/100\n|move|p2a: Aerodactyl|Rock Slide|p1b: Crabominable|[spread] p1a,p1b\n|-damage|p1a: Farigiraf|0 fnt\n|-damage|p1b: Crabominable|20/100\n|faint|p1a: Farigiraf\n|\n|-weather|Snowscape|[upkeep]\n|-sideend|p2: Carlosbenz123|move: Tailwind\n|upkeep\n|\n|t:|1776458022\n|switch|p1a: Milotic|Milotic, L50, F|100/100\n|turn|9\n|c|\u2606shaulas0lid|Gg\n|\n|t:|1776458041\n|move|p2a: Aerodactyl|Protect|p2a: Aerodactyl\n|-singleturn|p2a: Aerodactyl|Protect\n|move|p1b: Crabominable|Drain Punch|p2a: Aerodactyl\n|-activate|p2a: Aerodactyl|move: Protect\n|move|p1a: Milotic|Scald|p2a: Aerodactyl\n|-activate|p2a: Aerodactyl|move: Protect\n|\n|-weather|Snowscape|[upkeep]\n|-fieldend|move: Trick Room\n|upkeep\n|turn|10\n|\n|t:|1776458048\n|move|p1b: Crabominable|Mach Punch|p2a: Aerodactyl\n|-damage|p2a: Aerodactyl|0 fnt\n|faint|p2a: Aerodactyl\n|\n|win|shaulas0lid\n|raw|shaulas0lid's rating: 1035 &rarr; <strong>1076</strong><br />(+41 for winning)\n|raw|Carlosbenz123's rating: 1102 &rarr; <strong>1072</strong><br />(-30 for losing)\n",
  "uploadtime": 1776458064,
  "views": 43,
  "formatid": "gen9championsvgc2026regma",
  "rating": 1072,
  "private": 0,
  "password": null
}