{
  "id": "gen9championsvgc2026regma-2586109462",
  "format": "[Gen 9 Champions] VGC 2026 Reg M-A",
  "players": [
    "jiren2026",
    "zh199"
  ],
  "log": "|j|\u2606jiren2026\n|j|\u2606zh199\n|t:|1776400099\n|gametype|doubles\n|player|p1|jiren2026|n|1113\n|player|p2|zh199|265|1051\n|gen|9\n|tier|[Gen 9 Champions] VGC 2026 Reg M-A\n|rated|\n|rule|Species Clause: Limit one of each Pok\u00e9mon\n|rule|Item Clause: Limit 1 of each item\n|clearpoke\n|poke|p1|Garchomp, L50, F|\n|poke|p1|Talonflame, L50, M|\n|poke|p1|Tyranitar, L50, F|\n|poke|p1|Sinistcha, L50|\n|poke|p1|Milotic, L50, M|\n|poke|p1|Sneasler, L50, M|\n|poke|p2|Gyarados, L50, F|\n|poke|p2|Raichu, L50, M|\n|poke|p2|Pelipper, L50, F|\n|poke|p2|Tyranitar, L50, M|\n|poke|p2|Basculegion-F, L50, F|\n|poke|p2|Gourgeist-*, L50, M|\n|teampreview|4\n|inactive|Battle timer is ON: inactive players will automatically lose when time's up. (requested by jiren2026)\n|\n|t:|1776400115\n|teamsize|p1|4\n|teamsize|p2|4\n|start\n|switch|p1a: Garchomp|Garchomp, L50, F|100/100\n|switch|p1b: Talonflame|Talonflame, L50, M|100/100\n|switch|p2a: Gourgeist|Gourgeist-Super, L50, M|100/100\n|switch|p2b: Tyranitar|Tyranitar, L50, M|100/100\n|-item|p1a: Garchomp|Garchompite|[from] ability: Frisk|[of] p2a: Gourgeist\n|-item|p1b: Talonflame|Focus Sash|[from] ability: Frisk|[of] p2a: Gourgeist\n|-weather|Sandstorm|[from] ability: Sand Stream|[of] p2b: Tyranitar\n|turn|1\n|\n|t:|1776400129\n|switch|p2b: Gyarados|Gyarados, L50, F|100/100\n|-ability|p2b: Gyarados|Intimidate|boost\n|-unboost|p1a: Garchomp|atk|1\n|-unboost|p1b: Talonflame|atk|1\n|detailschange|p1a: Garchomp|Garchomp-Mega, L50, F\n|-mega|p1a: Garchomp|Garchomp|Garchompite\n|move|p1b: Talonflame|Brave Bird|p2a: Gourgeist\n|-supereffective|p2a: Gourgeist|1\n|-damage|p2a: Gourgeist|56/100\n|-damage|p1b: Talonflame|82/100|[from] Recoil\n|move|p1a: Garchomp|Earthquake|p2b: Gyarados|[spread] p2a\n|-immune|p1b: Talonflame\n|-immune|p2b: Gyarados\n|-resisted|p2a: Gourgeist|1\n|-damage|p2a: Gourgeist|40/100\n|-enditem|p2a: Gourgeist|Sitrus Berry|[eat]\n|-heal|p2a: Gourgeist|65/100|[from] item: Sitrus Berry\n|move|p2a: Gourgeist|Will-O-Wisp|p1a: Garchomp\n|-status|p1a: Garchomp|brn\n|\n|-weather|Sandstorm|[upkeep]\n|-damage|p1b: Talonflame|76/100|[from] Sandstorm\n|-damage|p2b: Gyarados|95/100|[from] Sandstorm\n|-damage|p2a: Gourgeist|59/100|[from] Sandstorm\n|-damage|p1a: Garchomp|94/100 brn|[from] brn\n|upkeep\n|turn|2\n|inactive|zh199 has 30 seconds left.\n|\n|t:|1776400157\n|switch|p1b: Sinistcha|Sinistcha, L50|100/100\n|-heal|p1a: Garchomp|100/100 brn|[from] ability: Hospitality|[of] p1b: Sinistcha\n|detailschange|p2b: Gyarados|Gyarados-Mega, L50, F\n|-mega|p2b: Gyarados|Gyarados|Gyaradosite\n|-ability|p2b: Gyarados|Mold Breaker\n|move|p2a: Gourgeist|Ally Switch|p2a: Gourgeist\n|swap|p2a: Gourgeist|1|[from] move: Ally Switch\n|move|p1a: Garchomp|Rock Slide|p2b: Gourgeist|[spread] p2a,p2b\n|-damage|p2a: Gyarados|85/100\n|-damage|p2b: Gourgeist|50/100\n|move|p2a: Gyarados|Waterfall|p1b: Sinistcha\n|-resisted|p1b: Sinistcha|1\n|-damage|p1b: Sinistcha|83/100\n|\n|-weather|Sandstorm|[upkeep]\n|-damage|p2a: Gyarados|79/100|[from] Sandstorm\n|-damage|p1b: Sinistcha|76/100|[from] Sandstorm\n|-damage|p2b: Gourgeist|44/100|[from] Sandstorm\n|-damage|p1a: Garchomp|94/100 brn|[from] brn\n|upkeep\n|turn|3\n|\n|t:|1776400173\n|switch|p1a: Talonflame|Talonflame, L50, M|76/100\n|move|p2a: Gyarados|Crunch|p1b: Sinistcha\n|-supereffective|p1b: Sinistcha|1\n|-damage|p1b: Sinistcha|8/100\n|-enditem|p1b: Sinistcha|Sitrus Berry|[eat]\n|-heal|p1b: Sinistcha|33/100|[from] item: Sitrus Berry\n|move|p1b: Sinistcha|Matcha Gotcha|p2a: Gyarados|[spread] p2a,p2b\n|-supereffective|p2a: Gyarados|1\n|-resisted|p2b: Gourgeist|1\n|-crit|p2b: Gourgeist\n|-damage|p2a: Gyarados|36/100\n|-heal|p1b: Sinistcha|53/100|[from] drain|[of] p2a: Gyarados\n|-damage|p2b: Gourgeist|30/100\n|-heal|p1b: Sinistcha|61/100|[from] drain|[of] p2b: Gourgeist\n|move|p2b: Gourgeist|Trick-or-Treat|p1a: Talonflame\n|-start|p1a: Talonflame|typeadd|Ghost|[from] move: Trick-or-Treat\n|\n|-weather|Sandstorm|[upkeep]\n|-damage|p1a: Talonflame|70/100|[from] Sandstorm\n|-damage|p2a: Gyarados|30/100|[from] Sandstorm\n|-damage|p1b: Sinistcha|54/100|[from] Sandstorm\n|-damage|p2b: Gourgeist|24/100|[from] Sandstorm\n|upkeep\n|turn|4\n|\n|t:|1776400193\n|move|p2b: Gourgeist|Ally Switch|p2b: Gourgeist\n|swap|p2b: Gourgeist|0|[from] move: Ally Switch\n|move|p1a: Talonflame|Tailwind|p1a: Talonflame\n|-sidestart|p1: jiren2026|move: Tailwind\n|move|p1b: Sinistcha|Matcha Gotcha|p2a: Gourgeist|[spread] p2a,p2b\n|-resisted|p2a: Gourgeist|1\n|-supereffective|p2b: Gyarados|1\n|-damage|p2a: Gourgeist|14/100\n|-heal|p1b: Sinistcha|60/100|[from] drain|[of] p2a: Gourgeist\n|-damage|p2b: Gyarados|0 fnt\n|-heal|p1b: Sinistcha|75/100|[from] drain|[of] p2b: Gyarados\n|faint|p2b: Gyarados\n|\n|-weather|Sandstorm|[upkeep]\n|-damage|p1a: Talonflame|65/100|[from] Sandstorm\n|-damage|p1b: Sinistcha|68/100|[from] Sandstorm\n|-damage|p2a: Gourgeist|7/100|[from] Sandstorm\n|upkeep\n|\n|t:|1776400199\n|switch|p2b: Tyranitar|Tyranitar, L50, M|100/100\n|turn|5\n|\n|t:|1776400208\n|switch|p1a: Garchomp|Garchomp-Mega, L50, F|94/100 brn\n|switch|p2a: Basculegion|Basculegion-F, L50, F|100/100\n|move|p1b: Sinistcha|Matcha Gotcha|p2b: Tyranitar|[spread] p2a,p2b\n|-supereffective|p2a: Basculegion|1\n|-supereffective|p2b: Tyranitar|1\n|-damage|p2a: Basculegion|49/100\n|-heal|p1b: Sinistcha|97/100|[from] drain|[of] p2a: Basculegion\n|-damage|p2b: Tyranitar|71/100\n|-heal|p1b: Sinistcha|100/100|[from] drain|[of] p2b: Tyranitar\n|move|p2b: Tyranitar|Knock Off|p1b: Sinistcha\n|-supereffective|p1b: Sinistcha|1\n|-damage|p1b: Sinistcha|40/100\n|\n|-weather|none\n|-damage|p1a: Garchomp|88/100 brn|[from] brn\n|upkeep\n|turn|6\n|\n|t:|1776400227\n|move|p1a: Garchomp|Earthquake|p2b: Tyranitar|[spread] p1b,p2a,p2b\n|-resisted|p1b: Sinistcha|1\n|-supereffective|p2b: Tyranitar|1\n|-damage|p1b: Sinistcha|31/100\n|-damage|p2a: Basculegion|18/100\n|-damage|p2b: Tyranitar|32/100\n|move|p2a: Basculegion|Ice Beam|p1a: Garchomp\n|-supereffective|p1a: Garchomp|2\n|-damage|p1a: Garchomp|0 fnt\n|faint|p1a: Garchomp\n|move|p1b: Sinistcha|Matcha Gotcha|p2b: Tyranitar|[spread] p2a,p2b\n|-supereffective|p2a: Basculegion|1\n|-supereffective|p2b: Tyranitar|1\n|-damage|p2a: Basculegion|0 fnt\n|-heal|p1b: Sinistcha|40/100|[from] drain|[of] p2a: Basculegion\n|-damage|p2b: Tyranitar|0 fnt\n|-heal|p1b: Sinistcha|59/100|[from] drain|[of] p2b: Tyranitar\n|faint|p2a: Basculegion\n|faint|p2b: Tyranitar\n|\n|upkeep\n|-message|zh199 forfeited.\n|\n|win|jiren2026\n|raw|jiren2026's rating: 1113 &rarr; <strong>1134</strong><br />(+21 for winning)\n|raw|zh199's rating: 1051 &rarr; <strong>1036</strong><br />(-15 for losing)\n|l|\u2606zh199\n|player|p2|\n",
  "uploadtime": 1776400247,
  "views": 18,
  "formatid": "gen9championsvgc2026regma",
  "rating": 1036,
  "private": 0,
  "password": null
}