{
  "id": "gen9championsvgc2026regma-2588281390",
  "format": "[Gen 9 Champions] VGC 2026 Reg M-A",
  "players": [
    "mariclena",
    "Mareastra"
  ],
  "log": "|j|\u2606mariclena\n|j|\u2606Mareastra\n|t:|1776620666\n|gametype|doubles\n|player|p1|mariclena|1|1186\n|player|p2|Mareastra|clair|1213\n|gen|9\n|tier|[Gen 9 Champions] VGC 2026 Reg M-A\n|rated|\n|rule|Species Clause: Limit one of each Pok\u00e9mon\n|rule|Item Clause: Limit 1 of each item\n|clearpoke\n|poke|p1|Greninja, L50, M|\n|poke|p1|Dragapult, L50, F|\n|poke|p1|Whimsicott, L50, M|\n|poke|p1|Arcanine-Hisui, L50, M|\n|poke|p1|Meganium, L50, M|\n|poke|p1|Pelipper, L50, M|\n|poke|p2|Gengar, L50, F|\n|poke|p2|Politoed, L50, M|\n|poke|p2|Incineroar, L50, M|\n|poke|p2|Sinistcha, L50|\n|poke|p2|Kommo-o, L50, F|\n|poke|p2|Aggron, L50, M|\n|teampreview|4\n|inactive|Battle timer is ON: inactive players will automatically lose when time's up. (requested by Mareastra)\n|inactive|mariclena has 60 seconds left.\n|\n|t:|1776620705\n|teamsize|p1|4\n|teamsize|p2|4\n|start\n|switch|p1a: Dragapult|Dragapult, L50, F|100/100\n|switch|p1b: Whimsicott|Whimsicott, L50, M|100/100\n|switch|p2a: Incineroar|Incineroar, L50, M|100/100\n|switch|p2b: Kommo-o|Kommo-o, L50, F|100/100\n|-ability|p2a: Incineroar|Intimidate|boost\n|-fail|p1a: Dragapult|unboost|[from] ability: Clear Body|[of] p1a: Dragapult\n|-unboost|p1b: Whimsicott|atk|1\n|turn|1\n|\n|t:|1776620717\n|move|p1b: Whimsicott|Helping Hand|p1a: Dragapult\n|-singleturn|p1a: Dragapult|Helping Hand|[of] p1b: Whimsicott\n|move|p2a: Incineroar|Fake Out|p1b: Whimsicott\n|-damage|p1b: Whimsicott|90/100\n|move|p1a: Dragapult|Dragon Darts|p2b: Kommo-o\n|-supereffective|p2b: Kommo-o|1\n|-damage|p2b: Kommo-o|32/100\n|-anim|p1a: Dragapult|Dragon Darts|p2a: Incineroar\n|-damage|p2a: Incineroar|70/100\n|move|p2b: Kommo-o|Clangorous Soul||[still]\n|-fail|p2b: Kommo-o\n|\n|-heal|p2b: Kommo-o|38/100|[from] item: Leftovers\n|upkeep\n|turn|2\n|\n|t:|1776620735\n|move|p2b: Kommo-o|Protect|p2b: Kommo-o\n|-singleturn|p2b: Kommo-o|Protect\n|move|p1b: Whimsicott|Tailwind|p1b: Whimsicott\n|-sidestart|p1: mariclena|move: Tailwind\n|move|p1a: Dragapult|Dragon Darts|p2a: Incineroar\n|-damage|p2a: Incineroar|49/100\n|-anim|p1a: Dragapult|Dragon Darts|p2a: Incineroar\n|-damage|p2a: Incineroar|28/100\n|move|p2a: Incineroar|Flare Blitz|p1b: Whimsicott\n|-supereffective|p1b: Whimsicott|1\n|-damage|p1b: Whimsicott|0 fnt\n|faint|p1b: Whimsicott\n|-damage|p2a: Incineroar|6/100|[from] Recoil\n|\n|-heal|p2b: Kommo-o|44/100|[from] item: Leftovers\n|upkeep\n|\n|t:|1776620750\n|switch|p1b: Arcanine|Arcanine-Hisui, L50, M|100/100\n|turn|3\n|\n|t:|1776620759\n|switch|p2a: Sinistcha|Sinistcha, L50|100/100\n|-heal|p2b: Kommo-o|69/100|[from] ability: Hospitality|[of] p2a: Sinistcha\n|move|p1b: Arcanine|Head Smash|p2a: Sinistcha\n|-damage|p2a: Sinistcha|47/100\n|move|p1a: Dragapult|Dragon Darts|p2b: Kommo-o\n|-supereffective|p2b: Kommo-o|1\n|-damage|p2b: Kommo-o|24/100\n|-anim|p1a: Dragapult|Dragon Darts|p2a: Sinistcha\n|-damage|p2a: Sinistcha|26/100\n|move|p2b: Kommo-o|Clanging Scales|p1b: Arcanine|[spread] p1a,p1b\n|-supereffective|p1a: Dragapult|1\n|-damage|p1a: Dragapult|5/100\n|-damage|p1b: Arcanine|52/100\n|-unboost|p2b: Kommo-o|def|1\n|\n|-heal|p2b: Kommo-o|30/100|[from] item: Leftovers\n|upkeep\n|turn|4\n|\n|t:|1776620783\n|switch|p1b: Greninja|Greninja, L50, M|100/100\n|switch|p2a: Incineroar|Incineroar, L50, M|6/100\n|-ability|p2a: Incineroar|Intimidate|boost\n|-fail|p1a: Dragapult|unboost|[from] ability: Clear Body|[of] p1a: Dragapult\n|-unboost|p1b: Greninja|atk|1\n|move|p2b: Kommo-o|Protect|p2b: Kommo-o\n|-singleturn|p2b: Kommo-o|Protect\n|move|p1a: Dragapult|Phantom Force||[still]\n|-prepare|p1a: Dragapult|Phantom Force\n|\n|-heal|p2b: Kommo-o|36/100|[from] item: Leftovers\n|upkeep\n|turn|5\n|\n|t:|1776620805\n|switch|p1b: Arcanine|Arcanine-Hisui, L50, M|52/100\n|move|p2a: Incineroar|Fake Out|p1b: Arcanine\n|-resisted|p1b: Arcanine|1\n|-damage|p1b: Arcanine|45/100\n|move|p1a: Dragapult|Phantom Force|p2a: Incineroar|[from] lockedmove\n|-resisted|p2a: Incineroar|1\n|-crit|p2a: Incineroar\n|-damage|p2a: Incineroar|0 fnt\n|faint|p2a: Incineroar\n|move|p2b: Kommo-o|Clanging Scales|p1a: Dragapult|[spread] p1a,p1b\n|-supereffective|p1a: Dragapult|1\n|-damage|p1a: Dragapult|0 fnt\n|-damage|p1b: Arcanine|0 fnt\n|faint|p1a: Dragapult\n|faint|p1b: Arcanine\n|-unboost|p2b: Kommo-o|def|1\n|\n|-heal|p2b: Kommo-o|42/100|[from] item: Leftovers\n|-sideend|p1: mariclena|move: Tailwind\n|upkeep\n|\n|t:|1776620822\n|switch|p1b: Greninja|Greninja, L50, M|100/100\n|switch|p2a: Sinistcha|Sinistcha, L50|26/100\n|-heal|p2b: Kommo-o|67/100|[from] ability: Hospitality|[of] p2a: Sinistcha\n|turn|6\n|\n|t:|1776620847\n|move|p2a: Sinistcha|Rage Powder|p2a: Sinistcha\n|-singleturn|p2a: Sinistcha|move: Rage Powder\n|move|p1b: Greninja|Ice Beam|p2a: Sinistcha\n|-start|p1b: Greninja|typechange|Ice|[from] ability: Protean\n|-supereffective|p2a: Sinistcha|1\n|-damage|p2a: Sinistcha|0 fnt\n|faint|p2a: Sinistcha\n|move|p2b: Kommo-o|Aura Sphere|p1b: Greninja\n|-supereffective|p1b: Greninja|1\n|-damage|p1b: Greninja|0 fnt\n|faint|p1b: Greninja\n|\n|win|Mareastra\n|raw|mariclena's rating: 1186 &rarr; <strong>1163</strong><br />(-23 for losing)\n|raw|Mareastra's rating: 1213 &rarr; <strong>1236</strong><br />(+23 for winning)\n|l|\u2606mariclena\n|player|p1|\n",
  "uploadtime": 1776620889,
  "views": 16,
  "formatid": "gen9championsvgc2026regma",
  "rating": 1163,
  "private": 0,
  "password": null
}