{
  "id": "gen9championsvgc2026regma-2582416553",
  "format": "[Gen 9 Champions] VGC 2026 Reg M-A",
  "players": [
    "Gkeast34",
    "heyitsmegiff"
  ],
  "log": "|j|\u2606Gkeast34\n|j|\u2606heyitsmegiff\n|t:|1776090277\n|gametype|doubles\n|player|p1|Gkeast34|101|1073\n|player|p2|heyitsmegiff|hiker-gen4|1000\n|gen|9\n|tier|[Gen 9 Champions] VGC 2026 Reg M-A\n|rated|\n|rule|Species Clause: Limit one of each Pok\u00e9mon\n|rule|Item Clause: Limit 1 of each item\n|clearpoke\n|poke|p1|Sneasler, L50, F|\n|poke|p1|Charizard, L50, M|\n|poke|p1|Garchomp, L50, M|\n|poke|p1|Glimmora, L50, M|\n|poke|p1|Rotom-Wash, L50|\n|poke|p1|Maushold-Four, L50|\n|poke|p2|Feraligatr, L50, F|\n|poke|p2|Talonflame, L50, M|\n|poke|p2|Sinistcha, L50|\n|poke|p2|Sneasler, L50, F|\n|poke|p2|Kingambit, L50, F|\n|poke|p2|Farigiraf, L50, M|\n|teampreview|4\nheyitsmegiff has agreed to open team sheets.\n|\n|t:|1776090334\n|teamsize|p1|4\n|teamsize|p2|4\n|start\n|switch|p1a: Sneasler|Sneasler, L50, F|100/100\n|switch|p1b: Rotom|Rotom-Wash, L50|100/100\n|switch|p2a: Feraligatr|Feraligatr, L50, F|100/100\n|switch|p2b: Sneasler|Sneasler, L50, F|100/100\n|turn|1\n|\n|t:|1776090344\n|detailschange|p2a: Feraligatr|Feraligatr-Mega, L50, F\n|-mega|p2a: Feraligatr|Feraligatr|Feraligite\n|move|p2b: Sneasler|Fake Out|p1a: Sneasler\n|-damage|p1a: Sneasler|77/100\n|cant|p1a: Sneasler|flinch\n|move|p2a: Feraligatr|Dragon Dance|p2a: Feraligatr\n|-boost|p2a: Feraligatr|atk|1\n|-boost|p2a: Feraligatr|spe|1\n|move|p1b: Rotom|Electroweb|p2a: Feraligatr|[spread] p2a,p2b\n|-damage|p2a: Feraligatr|85/100\n|-damage|p2b: Sneasler|77/100\n|-unboost|p2a: Feraligatr|spe|1\n|-unboost|p2b: Sneasler|spe|1\n|-enditem|p2b: Sneasler|White Herb\n|-clearnegativeboost|p2b: Sneasler|[silent]\n|\n|upkeep\n|turn|2\n|\n|t:|1776090372\n|move|p2b: Sneasler|Dire Claw|p1b: Rotom\n|-damage|p1b: Rotom|60/100\n|move|p1a: Sneasler|Dire Claw|p2a: Feraligatr\n|-crit|p2a: Feraligatr\n|-damage|p2a: Feraligatr|27/100\n|move|p2a: Feraligatr|Liquidation|p1a: Sneasler\n|-damage|p1a: Sneasler|0 fnt\n|faint|p1a: Sneasler\n|move|p1b: Rotom|Electroweb|p2a: Feraligatr|[spread] p2a,p2b\n|-damage|p2a: Feraligatr|10/100\n|-damage|p2b: Sneasler|56/100\n|-unboost|p2a: Feraligatr|spe|1\n|-unboost|p2b: Sneasler|spe|1\n|\n|upkeep\n|\n|t:|1776090382\n|switch|p1a: Glimmora|Glimmora, L50, M|100/100\n|turn|3\n|\n|t:|1776090402\n|detailschange|p1a: Glimmora|Glimmora-Mega, L50, M\n|-mega|p1a: Glimmora|Glimmora|Glimmoranite\n|move|p2a: Feraligatr|Protect|p2a: Feraligatr\n|-singleturn|p2a: Feraligatr|Protect\n|move|p2b: Sneasler|Close Combat|p1b: Rotom\n|-damage|p1b: Rotom|1/100\n|-unboost|p2b: Sneasler|def|1\n|-unboost|p2b: Sneasler|spd|1\n|-enditem|p1b: Rotom|Sitrus Berry|[eat]\n|-heal|p1b: Rotom|26/100|[from] item: Sitrus Berry\n|move|p1a: Glimmora|Earth Power|p2b: Sneasler\n|-supereffective|p2b: Sneasler|1\n|-damage|p2b: Sneasler|0 fnt\n|faint|p2b: Sneasler\n|move|p1b: Rotom|Electroweb|p2a: Feraligatr\n|-activate|p2a: Feraligatr|move: Protect\n|\n|upkeep\n|\n|t:|1776090415\n|switch|p2b: Sinistcha|Sinistcha, L50|100/100\n|-heal|p2a: Feraligatr|35/100|[from] ability: Hospitality|[of] p2b: Sinistcha\n|turn|4\n|\n|t:|1776090429\n|switch|p2a: Talonflame|Talonflame, L50, M|100/100\n|move|p1a: Glimmora|Spiky Shield|p1a: Glimmora\n|-singleturn|p1a: Glimmora|move: Protect\n|move|p1b: Rotom|Electroweb|p2a: Talonflame|[spread] p2a,p2b\n|-supereffective|p2a: Talonflame|1\n|-resisted|p2b: Sinistcha|1\n|-damage|p2a: Talonflame|50/100\n|-damage|p2b: Sinistcha|93/100\n|-unboost|p2a: Talonflame|spe|1\n|-unboost|p2b: Sinistcha|spe|1\n|move|p2b: Sinistcha|Matcha Gotcha|p1a: Glimmora|[spread] p1b\n|-activate|p1a: Glimmora|move: Protect\n|-supereffective|p1b: Rotom|1\n|-crit|p1b: Rotom\n|-damage|p1b: Rotom|0 fnt\n|-heal|p2b: Sinistcha|100/100|[from] drain|[of] p1b: Rotom\n|faint|p1b: Rotom\n|\n|upkeep\n|\n|t:|1776090442\n|switch|p1b: Garchomp|Garchomp, L50, M|100/100\n|turn|5\n|\n|t:|1776090460\n|move|p1b: Garchomp|Rock Slide|p2b: Sinistcha|[spread] p2a,p2b\n|-supereffective|p2a: Talonflame|2\n|-damage|p2a: Talonflame|0 fnt\n|-damage|p2b: Sinistcha|80/100\n|faint|p2a: Talonflame\n|move|p1a: Glimmora|Sludge Bomb|p2b: Sinistcha\n|-crit|p2b: Sinistcha\n|-damage|p2b: Sinistcha|0 fnt\n|faint|p2b: Sinistcha\n|\n|upkeep\n|\n|t:|1776090483\n|switch|p2a: Feraligatr|Feraligatr-Mega, L50, F|35/100\n|turn|6\n|-message|heyitsmegiff forfeited.\n|\n|win|Gkeast34\n|raw|Gkeast34's rating: 1073 &rarr; <strong>1096</strong><br />(+23 for winning)\n|raw|heyitsmegiff's rating: 1000 &rarr; <strong>1000</strong><br />(+0 for losing)\n|l|\u2606Gkeast34\n|player|p1|\n",
  "uploadtime": 1776090490,
  "views": 20,
  "formatid": "gen9championsvgc2026regma",
  "rating": 1000,
  "private": 0,
  "password": null
}