{
  "id": "gen9championsvgc2026regma-2580969944",
  "format": "[Gen 9 Champions] VGC 2026 Reg M-A",
  "players": [
    "dabster2187",
    "KEKW no way"
  ],
  "log": "|j|\u2606dabster2187\n|j|\u2606KEKW no way\n|t:|1775947723\n|gametype|doubles\n|player|p1|dabster2187|lady-gen4|1100\n|player|p2|KEKW no way|1|1139\n|gen|9\n|tier|[Gen 9 Champions] VGC 2026 Reg M-A\n|rated|\n|rule|Species Clause: Limit one of each Pok\u00e9mon\n|rule|Item Clause: Limit 1 of each item\n|clearpoke\n|poke|p1|Gengar, L50, M|\n|poke|p1|Incineroar, L50, F|\n|poke|p1|Kommo-o, L50, M|\n|poke|p1|Noivern, L50, M|\n|poke|p1|Farigiraf, L50, M|\n|poke|p1|Maushold, L50|\n|poke|p2|Sinistcha, L50|\n|poke|p2|Azumarill, L50, M|\n|poke|p2|Incineroar, L50, M|\n|poke|p2|Sneasler, L50, F|\n|poke|p2|Gengar, L50, F|\n|poke|p2|Clefable, L50, F|\n|teampreview|4\n|inactive|Battle timer is ON: inactive players will automatically lose when time's up. (requested by dabster2187)\n|c|\u2606dabster2187|perish trap\ndabster2187 has agreed to open team sheets.\n|c|\u2606dabster2187|azumaril perish song\n|c|\u2606dabster2187|ik\n|inactive|dabster2187 has 60 seconds left.\n|c|\u2606dabster2187|just accept open team\nKEKW no way rejected open team sheets.\n|c|\u2606dabster2187|ok gl hf\n|inactive|dabster2187 has 30 seconds left.\n|inactive|dabster2187 has 20 seconds left.\n|\n|t:|1775947795\n|teamsize|p1|4\n|teamsize|p2|4\n|start\n|switch|p1a: Kommo-o|Kommo-o, L50, M|100/100\n|switch|p1b: Incineroar|Incineroar, L50, F|100/100\n|switch|p2a: Sneasler|Sneasler, L50, F|100/100\n|switch|p2b: Gengar|Gengar, L50, F|100/100\n|-ability|p1b: Incineroar|Intimidate|boost\n|-unboost|p2a: Sneasler|atk|1\n|-unboost|p2b: Gengar|atk|1\n|turn|1\n|n|\u2606KEKW no way|kekwnoway\n|\n|t:|1775947815\n|detailschange|p2b: Gengar|Gengar-Mega, L50, F\n|-mega|p2b: Gengar|Gengar|Gengarite\n|move|p2a: Sneasler|Fake Out|p1b: Incineroar\n|-damage|p1b: Incineroar|92/100\n|-status|p1b: Incineroar|psn|[from] ability: Poison Touch|[of] p2a: Sneasler\n|-enditem|p1b: Incineroar|Lum Berry|[eat]\n|-curestatus|p1b: Incineroar|psn|[msg]\n|move|p2b: Gengar|Perish Song|p2b: Gengar\n|-immune|p1a: Kommo-o|[from] ability: Soundproof\n|-start|p1b: Incineroar|perish3|[silent]\n|-start|p2a: Sneasler|perish3|[silent]\n|-start|p2b: Gengar|perish3|[silent]\n|-fieldactivate|move: Perish Song\n|move|p1a: Kommo-o|Iron Defense|p1a: Kommo-o\n|-boost|p1a: Kommo-o|def|2\n|cant|p1b: Incineroar|flinch\n|\n|-start|p2b: Gengar|perish3\n|-start|p2a: Sneasler|perish3\n|-start|p1b: Incineroar|perish3\n|upkeep\n|turn|2\n|c|\u2606KEKW no way|good luck\n|inactive|dabster2187 has 30 seconds left.\n|inactive|KEKW no way has 30 seconds left.\n|\n|t:|1775947848\n|move|p2b: Gengar|Substitute|p2b: Gengar\n|-start|p2b: Gengar|Substitute\n|-damage|p2b: Gengar|76/100\n|move|p2a: Sneasler|Fling|p1b: Incineroar\n|-resisted|p1b: Incineroar|1\n|-damage|p1b: Incineroar|89/100\n|-enditem|p2a: Sneasler|King's Rock|[from] move: Fling\n|move|p1a: Kommo-o|Iron Defense|p1a: Kommo-o\n|-boost|p1a: Kommo-o|def|2\n|cant|p1b: Incineroar|flinch\n|\n|-start|p2b: Gengar|perish2\n|-start|p2a: Sneasler|perish2\n|-start|p1b: Incineroar|perish2\n|upkeep\n|turn|3\n|inactive|dabster2187 has 30 seconds left.\n|\n|t:|1775947876\n|switch|p2b: Azumarill|Azumarill, L50, M|100/100\n|move|p2a: Sneasler|U-turn|p1a: Kommo-o\n|-resisted|p1a: Kommo-o|1\n|-damage|p1a: Kommo-o|99/100\n|\n|t:|1775947883\n|switch|p2a: Gengar|Gengar-Mega, L50, F|76/100|[from] U-turn\n|move|p1a: Kommo-o|Iron Defense|p1a: Kommo-o\n|-boost|p1a: Kommo-o|def|2\n|move|p1b: Incineroar|Parting Shot|p2a: Gengar\n|-unboost|p2a: Gengar|atk|1\n|-unboost|p2a: Gengar|spa|1\n|\n|t:|1775947890\n|switch|p1b: Maushold|Maushold, L50|100/100|[from] Parting Shot\n|\n|-heal|p1a: Kommo-o|100/100|[from] item: Leftovers\n|upkeep\n|turn|4\n|\n|t:|1775947906\n|move|p1b: Maushold|Follow Me|p1b: Maushold\n|-singleturn|p1b: Maushold|move: Follow Me\n|move|p2a: Gengar|Hex|p1b: Maushold\n|-immune|p1b: Maushold\n|move|p1a: Kommo-o|Body Press|p2b: Azumarill\n|-resisted|p2b: Azumarill|1\n|-damage|p2b: Azumarill|28/100\n|move|p2b: Azumarill|Chilling Water|p1b: Maushold\n|-damage|p1b: Maushold|86/100\n|-unboost|p1b: Maushold|atk|1\n|\n|-heal|p2b: Azumarill|34/100|[from] item: Leftovers\n|upkeep\n|turn|5\n|\n|t:|1775947921\n|switch|p2a: Clefable|Clefable, L50, F|100/100\n|move|p2b: Azumarill|Protect|p2b: Azumarill\n|-singleturn|p2b: Azumarill|Protect\n|move|p1b: Maushold|Follow Me|p1b: Maushold\n|-singleturn|p1b: Maushold|move: Follow Me\n|move|p1a: Kommo-o|Body Press|p2b: Azumarill\n|-activate|p2b: Azumarill|move: Protect\n|\n|-heal|p2b: Azumarill|40/100|[from] item: Leftovers\n|upkeep\n|turn|6\n|inactive|KEKW no way has 30 seconds left.\n|\n|t:|1775947946\n|move|p2b: Azumarill|Protect|p2b: Azumarill\n|-singleturn|p2b: Azumarill|Protect\n|move|p1b: Maushold|Follow Me|p1b: Maushold\n|-singleturn|p1b: Maushold|move: Follow Me\n|move|p1a: Kommo-o|Body Press|p2a: Clefable\n|-resisted|p2a: Clefable|1\n|-damage|p2a: Clefable|78/100\n|move|p2a: Clefable|Heal Pulse|p1b: Maushold\n|-heal|p1b: Maushold|100/100\n|\n|-heal|p2b: Azumarill|46/100|[from] item: Leftovers\n|upkeep\n|turn|7\n|c|\u2606KEKW no way|o wait\n|c|\u2606KEKW no way|KEKW\n|inactive|KEKW no way has 30 seconds left.\n|c|\u2606dabster2187|no way\n|\n|t:|1775947975\n|move|p1b: Maushold|Super Fang|p2a: Clefable\n|-damage|p2a: Clefable|39/100\n|move|p1a: Kommo-o|Body Press|p2b: Azumarill\n|-resisted|p2b: Azumarill|1\n|-damage|p2b: Azumarill|0 fnt\n|faint|p2b: Azumarill\n|move|p2a: Clefable|Wish|p2a: Clefable\n|\n|upkeep\n|\n|t:|1775947982\n|switch|p2b: Gengar|Gengar-Mega, L50, F|76/100\n|turn|8\n|\n|t:|1775947999\n|move|p2a: Clefable|Follow Me|p2a: Clefable\n|-singleturn|p2a: Clefable|move: Follow Me\n|move|p2b: Gengar|Hex|p1a: Kommo-o\n|-damage|p1a: Kommo-o|82/100\n|move|p1b: Maushold|U-turn|p2a: Clefable\n|-resisted|p2a: Clefable|1\n|-damage|p2a: Clefable|31/100\n|\n|t:|1775948006\n|switch|p1b: Incineroar|Incineroar, L50, F|89/100|[from] U-turn\n|-ability|p1b: Incineroar|Intimidate|boost\n|-unboost|p2a: Clefable|atk|1\n|-unboost|p2b: Gengar|atk|1\n|move|p1a: Kommo-o|Body Press|p2a: Clefable\n|-resisted|p2a: Clefable|1\n|-damage|p2a: Clefable|10/100\n|\n|-heal|p2a: Clefable|60/100|[from] move: Wish|[wisher] Clefable\n|-heal|p1a: Kommo-o|88/100|[from] item: Leftovers\n|upkeep\n|turn|9\n|\n|t:|1775948026\n|move|p2b: Gengar|Substitute|p2b: Gengar\n|-start|p2b: Gengar|Substitute\n|-damage|p2b: Gengar|51/100\n|move|p1a: Kommo-o|Body Press|p2a: Clefable\n|-resisted|p2a: Clefable|1\n|-damage|p2a: Clefable|39/100\n|move|p2a: Clefable|Heal Pulse||[still]\n|-fail|p2a: Clefable\n|move|p1b: Incineroar|Snarl|p2b: Gengar|[spread] p2a,p2b\n|-resisted|p2a: Clefable|1\n|-supereffective|p2b: Gengar|1\n|-damage|p2a: Clefable|35/100\n|-damage|p2b: Gengar|25/100\n|-unboost|p2a: Clefable|spa|1\n|-unboost|p2b: Gengar|spa|1\n|\n|-heal|p1a: Kommo-o|94/100|[from] item: Leftovers\n|upkeep\n|turn|10\n|\n|t:|1775948044\n|move|p2b: Gengar|Hex|p1a: Kommo-o\n|-damage|p1a: Kommo-o|77/100\n|move|p1a: Kommo-o|Body Press|p2a: Clefable\n|-resisted|p2a: Clefable|1\n|-damage|p2a: Clefable|14/100\n|move|p2a: Clefable|Wish|p2a: Clefable\n|move|p1b: Incineroar|Snarl|p2b: Gengar|[spread] p2a,p2b\n|-resisted|p2a: Clefable|1\n|-crit|p2a: Clefable\n|-supereffective|p2b: Gengar|1\n|-damage|p2a: Clefable|7/100\n|-damage|p2b: Gengar|0 fnt\n|-unboost|p2a: Clefable|spa|1\n|faint|p2b: Gengar\n|\n|-heal|p1a: Kommo-o|83/100|[from] item: Leftovers\n|upkeep\n|-message|KEKW no way forfeited.\n|\n|win|dabster2187\n|raw|dabster2187's rating: 1100 &rarr; <strong>1128</strong><br />(+28 for winning)\n|raw|KEKW no way's rating: 1139 &rarr; <strong>1111</strong><br />(-28 for losing)\n|l|\u2606KEKW no way\n|player|p2|\n",
  "uploadtime": 1775948059,
  "views": 17,
  "formatid": "gen9championsvgc2026regma",
  "rating": 1111,
  "private": 0,
  "password": null
}