{
  "id": "gen9championsvgc2026regma-2580838263",
  "format": "[Gen 9 Champions] VGC 2026 Reg M-A",
  "players": [
    "capt levivgc",
    "vnunesp12"
  ],
  "log": "|j|\u2606capt levivgc\n|j|\u2606vnunesp12\n|t:|1775936610\n|gametype|doubles\n|player|p1|capt levivgc|2|1000\n|player|p2|vnunesp12|red|1037\n|gen|9\n|tier|[Gen 9 Champions] VGC 2026 Reg M-A\n|rated|\n|rule|Species Clause: Limit one of each Pok\u00e9mon\n|rule|Item Clause: Limit 1 of each item\n|clearpoke\n|poke|p1|Charizard, L50, M|\n|poke|p1|Dragonite, L50, M|\n|poke|p1|Primarina, L50, F|\n|poke|p1|Aegislash, L50, F|\n|poke|p1|Serperior, L50, M|\n|poke|p1|Farigiraf, L50, M|\n|poke|p2|Manectric, L50, M|\n|poke|p2|Pelipper, L50, F|\n|poke|p2|Sinistcha, L50|\n|poke|p2|Dragonite, L50, F|\n|poke|p2|Basculegion, L50, M|\n|poke|p2|Sneasler, L50, F|\n|teampreview|4\n|inactive|Battle timer is ON: inactive players will automatically lose when time's up. (requested by vnunesp12)\n|inactive|vnunesp12 has 60 seconds left.\n|\n|t:|1775936672\n|teamsize|p1|4\n|teamsize|p2|4\n|start\n|switch|p1a: Aegislash|Aegislash, L50, F|100/100\n|switch|p1b: Dragonite|Dragonite, L50, M|100/100\n|switch|p2a: Pelipper|Pelipper, L50, F|100/100\n|switch|p2b: Basculegion|Basculegion, L50, M|100/100\n|-weather|RainDance|[from] ability: Drizzle|[of] p2a: Pelipper\n|turn|1\n|\n|t:|1775936695\n|move|p2b: Basculegion|Ice Fang|p1b: Dragonite\n|-supereffective|p1b: Dragonite|2\n|-damage|p1b: Dragonite|28/100\n|move|p1b: Dragonite|Tailwind|p1b: Dragonite\n|-sidestart|p1: capt levivgc|move: Tailwind\n|move|p1a: Aegislash|Swords Dance|p1a: Aegislash\n|-boost|p1a: Aegislash|atk|2\n|move|p2a: Pelipper|Tailwind|p2a: Pelipper\n|-sidestart|p2: vnunesp12|move: Tailwind\n|\n|-weather|RainDance|[upkeep]\n|upkeep\n|turn|2\n|\n|t:|1775936718\n|move|p2a: Pelipper|Protect|p2a: Pelipper\n|-singleturn|p2a: Pelipper|Protect\n|move|p1b: Dragonite|Extreme Speed|p2a: Pelipper\n|-activate|p2a: Pelipper|move: Protect\n|move|p2b: Basculegion|Ice Fang|p1b: Dragonite\n|-supereffective|p1b: Dragonite|2\n|-damage|p1b: Dragonite|0 fnt\n|faint|p1b: Dragonite\n|-formechange|p1a: Aegislash|Aegislash-Blade|\n|move|p1a: Aegislash|Shadow Claw|p2b: Basculegion\n|-supereffective|p2b: Basculegion|1\n|-crit|p2b: Basculegion\n|-damage|p2b: Basculegion|0 fnt\n|faint|p2b: Basculegion\n|\n|-weather|RainDance|[upkeep]\n|upkeep\n|inactive|capt levivgc has 30 seconds left.\n|\n|t:|1775936746\n|switch|p1b: Charizard|Charizard, L50, M|100/100\n|switch|p2b: Manectric|Manectric, L50, M|100/100\n|turn|3\n|inactive|vnunesp12 has 30 seconds left.\n|inactive|vnunesp12 has 20 seconds left.\n|\n|t:|1775936785\n|switch|p2a: Sneasler|Sneasler, L50, F|100/100\n|detailschange|p2b: Manectric|Manectric-Mega, L50, M\n|-mega|p2b: Manectric|Manectric|Manectite\n|-ability|p2b: Manectric|Intimidate|boost\n|-unboost|p1a: Aegislash|atk|1\n|-unboost|p1b: Charizard|atk|1\n|detailschange|p1b: Charizard|Charizard-Mega-Y, L50, M\n|-mega|p1b: Charizard|Charizard|Charizardite Y\n|-weather|SunnyDay|[from] ability: Drought|[of] p1b: Charizard\n|move|p2b: Manectric|Flamethrower|p1a: Aegislash\n|-supereffective|p1a: Aegislash|1\n|-damage|p1a: Aegislash|0 fnt\n|faint|p1a: Aegislash\n|move|p1b: Charizard|Heat Wave|p2b: Manectric|[spread] p2a\n|-miss|p1b: Charizard|p2b: Manectric\n|-damage|p2a: Sneasler|38/100\n|\n|-weather|SunnyDay|[upkeep]\n|upkeep\n|\n|t:|1775936804\n|switch|p1a: Primarina|Primarina, L50, F|100/100\n|turn|4\n|inactive|vnunesp12 has 30 seconds left.\n|\n|t:|1775936832\n|move|p2b: Manectric|Volt Switch|p1b: Charizard\n|-supereffective|p1b: Charizard|1\n|-damage|p1b: Charizard|26/100\n|\n|t:|1775936836\n|switch|p2b: Pelipper|Pelipper, L50, F|100/100|[from] Volt Switch\n|-weather|RainDance|[from] ability: Drizzle|[of] p2b: Pelipper\n|move|p2a: Sneasler|Dire Claw|p1a: Primarina\n|-supereffective|p1a: Primarina|1\n|-damage|p1a: Primarina|29/100\n|move|p1b: Charizard|Heat Wave|p2a: Sneasler|[spread] p2b\n|-miss|p1b: Charizard|p2a: Sneasler\n|-resisted|p2b: Pelipper|1\n|-damage|p2b: Pelipper|86/100\n|move|p1a: Primarina|Weather Ball|p2b: Pelipper\n|-resisted|p2b: Pelipper|1\n|-damage|p2b: Pelipper|38/100\n|\n|-weather|RainDance|[upkeep]\n|-sideend|p2: vnunesp12|move: Tailwind\n|-sideend|p1: capt levivgc|move: Tailwind\n|upkeep\n|turn|5\n|inactive|vnunesp12 has 30 seconds left.\n|\n|t:|1775936864\n|move|p1b: Charizard|Protect|p1b: Charizard\n|-singleturn|p1b: Charizard|Protect\n|move|p2a: Sneasler|Dire Claw|p1a: Primarina\n|-supereffective|p1a: Primarina|1\n|-damage|p1a: Primarina|0 fnt\n|faint|p1a: Primarina\n|move|p2b: Pelipper|Weather Ball|p1b: Charizard\n|-activate|p1b: Charizard|move: Protect\n|\n|-weather|RainDance|[upkeep]\n|upkeep\n|turn|6\n|\n|t:|1775936882\n|move|p2a: Sneasler|Dire Claw|p1b: Charizard\n|-damage|p1b: Charizard|0 fnt\n|faint|p1b: Charizard\n|\n|win|vnunesp12\n|raw|capt levivgc's rating: 1000 &rarr; <strong>1000</strong><br />(+0 for losing)\n|raw|vnunesp12's rating: 1037 &rarr; <strong>1068</strong><br />(+31 for winning)\n|l|\u2606capt levivgc\n|player|p1|\n",
  "uploadtime": 1775936889,
  "views": 41,
  "formatid": "gen9championsvgc2026regma",
  "rating": 1000,
  "private": 0,
  "password": null
}