{
  "id": "gen9championsvgc2026regma-2584128905",
  "format": "[Gen 9 Champions] VGC 2026 Reg M-A",
  "players": [
    "potaajyu_jv",
    "kevin7195"
  ],
  "log": "|j|\u2606potaajyu_jv\n|j|\u2606kevin7195\n|t:|1776228352\n|gametype|doubles\n|player|p1|potaajyu_jv|cheryl|1177\n|player|p2|kevin7195|2|1077\n|gen|9\n|tier|[Gen 9 Champions] VGC 2026 Reg M-A\n|rated|\n|rule|Species Clause: Limit one of each Pok\u00e9mon\n|rule|Item Clause: Limit 1 of each item\n|clearpoke\n|poke|p1|Primarina, L50, M|\n|poke|p1|Drampa, L50, F|\n|poke|p1|Sneasler, L50, F|\n|poke|p1|Sinistcha, L50|\n|poke|p1|Farigiraf, L50, M|\n|poke|p1|Crabominable, L50, F|\n|poke|p2|Charizard, L50, M|\n|poke|p2|Venusaur, L50, M|\n|poke|p2|Rotom-Wash, L50|\n|poke|p2|Incineroar, L50, M|\n|poke|p2|Garchomp, L50, M|\n|poke|p2|Sneasler, L50, F|\n|teampreview|4\n|inactive|Battle timer is ON: inactive players will automatically lose when time's up. (requested by kevin7195)\n|\n|t:|1776228409\n|teamsize|p1|4\n|teamsize|p2|4\n|start\n|switch|p1a: \u30a2\u30b7\u30ec\u30fc\u30cc|Primarina, L50, M|100/100\n|switch|p1b: \u30ea\u30ad\u30ad\u30ea\u30f3|Farigiraf, L50, M|100/100\n|switch|p2a: Garchomp|Garchomp, L50, M|100/100\n|switch|p2b: Charizard|Charizard, L50, M|100/100\n|turn|1\n|inactive|potaajyu_jv has 30 seconds left.\n|inactive|potaajyu_jv has 20 seconds left.\n|\n|t:|1776228447\n|detailschange|p2b: Charizard|Charizard-Mega-Y, L50, M\n|-mega|p2b: Charizard|Charizard|Charizardite Y\n|-weather|SunnyDay|[from] ability: Drought|[of] p2b: Charizard\n|move|p1b: \u30ea\u30ad\u30ad\u30ea\u30f3|Ally Switch|p1b: \u30ea\u30ad\u30ad\u30ea\u30f3\n|swap|p1b: \u30ea\u30ad\u30ad\u30ea\u30f3|0|[from] move: Ally Switch\n|move|p2a: Garchomp|Earthquake|p1a: \u30ea\u30ad\u30ad\u30ea\u30f3|[spread] p1a,p1b\n|-immune|p2b: Charizard\n|-damage|p1a: \u30ea\u30ad\u30ad\u30ea\u30f3|61/100\n|-damage|p1b: \u30a2\u30b7\u30ec\u30fc\u30cc|47/100\n|move|p2b: Charizard|Heat Wave|p1a: \u30ea\u30ad\u30ad\u30ea\u30f3|[spread] p1a\n|-miss|p2b: Charizard|p1b: \u30a2\u30b7\u30ec\u30fc\u30cc\n|-damage|p1a: \u30ea\u30ad\u30ad\u30ea\u30f3|8/100\n|-enditem|p1a: \u30ea\u30ad\u30ad\u30ea\u30f3|Sitrus Berry|[eat]\n|-heal|p1a: \u30ea\u30ad\u30ad\u30ea\u30f3|32/100|[from] item: Sitrus Berry\n|move|p1b: \u30a2\u30b7\u30ec\u30fc\u30cc|Moonblast|p2a: Garchomp\n|-supereffective|p2a: Garchomp|1\n|-damage|p2a: Garchomp|0 fnt\n|faint|p2a: Garchomp\n|\n|-weather|SunnyDay|[upkeep]\n|upkeep\n|\n|t:|1776228468\n|switch|p2a: Incineroar|Incineroar, L50, M|100/100\n|-ability|p2a: Incineroar|Intimidate|boost\n|-unboost|p1a: \u30ea\u30ad\u30ad\u30ea\u30f3|atk|1\n|-unboost|p1b: \u30a2\u30b7\u30ec\u30fc\u30cc|atk|1\n|turn|2\n|\n|t:|1776228481\n|switch|p1a: \u30b8\u30b8\u30fc\u30ed\u30f3|Drampa, L50, F|100/100\n|-ability|p1a: \u30b8\u30b8\u30fc\u30ed\u30f3|Cloud Nine\n|move|p2b: Charizard|Solar Beam||[still]\n|-prepare|p2b: Charizard|Solar Beam\n|move|p2a: Incineroar|Darkest Lariat|p1a: \u30b8\u30b8\u30fc\u30ed\u30f3\n|-damage|p1a: \u30b8\u30b8\u30fc\u30ed\u30f3|59/100\n|move|p1b: \u30a2\u30b7\u30ec\u30fc\u30cc|Hyper Voice|p2b: Charizard|[spread] p2a,p2b\n|-supereffective|p2a: Incineroar|1\n|-supereffective|p2b: Charizard|1\n|-damage|p2a: Incineroar|44/100\n|-damage|p2b: Charizard|26/100\n|-enditem|p2a: Incineroar|Sitrus Berry|[eat]\n|-heal|p2a: Incineroar|69/100|[from] item: Sitrus Berry\n|\n|-weather|SunnyDay|[upkeep]\n|upkeep\n|turn|3\n|inactive|potaajyu_jv has 30 seconds left.\n|inactive|potaajyu_jv has 20 seconds left.\n|inactive|potaajyu_jv has 15 seconds left.\n|inactive|potaajyu_jv has 10 seconds left.\n|inactive|potaajyu_jv has 5 seconds left.\n|\n|t:|1776228536\n|switch|p1b: \u30aa\u30aa\u30cb\u30e5\u30fc\u30e9|Sneasler, L50, F, shiny|100/100\n|move|p2b: Charizard|Solar Beam|p1b: \u30aa\u30aa\u30cb\u30e5\u30fc\u30e9|[from] lockedmove\n|-resisted|p1b: \u30aa\u30aa\u30cb\u30e5\u30fc\u30e9|1\n|-damage|p1b: \u30aa\u30aa\u30cb\u30e5\u30fc\u30e9|68/100\n|move|p2a: Incineroar|Darkest Lariat|p1a: \u30b8\u30b8\u30fc\u30ed\u30f3\n|-damage|p1a: \u30b8\u30b8\u30fc\u30ed\u30f3|23/100\n|move|p1a: \u30b8\u30b8\u30fc\u30ed\u30f3|Earth Power|p2a: Incineroar\n|-supereffective|p2a: Incineroar|1\n|-damage|p2a: Incineroar|24/100\n|\n|-weather|SunnyDay|[upkeep]\n|upkeep\n|turn|4\n|inactive|potaajyu_jv has 30 seconds left.\n|\n|t:|1776228566\n|switch|p2a: Rotom|Rotom-Wash, L50|100/100\n|move|p2b: Charizard|Protect|p2b: Charizard\n|-singleturn|p2b: Charizard|Protect\n|move|p1a: \u30b8\u30b8\u30fc\u30ed\u30f3|Protect|p1a: \u30b8\u30b8\u30fc\u30ed\u30f3\n|-singleturn|p1a: \u30b8\u30b8\u30fc\u30ed\u30f3|Protect\n|move|p1b: \u30aa\u30aa\u30cb\u30e5\u30fc\u30e9|Close Combat|p2a: Rotom\n|-damage|p2a: Rotom|37/100\n|-unboost|p1b: \u30aa\u30aa\u30cb\u30e5\u30fc\u30e9|def|1\n|-unboost|p1b: \u30aa\u30aa\u30cb\u30e5\u30fc\u30e9|spd|1\n|-enditem|p1b: \u30aa\u30aa\u30cb\u30e5\u30fc\u30e9|White Herb\n|-clearnegativeboost|p1b: \u30aa\u30aa\u30cb\u30e5\u30fc\u30e9|[silent]\n|\n|-weather|SunnyDay|[upkeep]\n|-heal|p2a: Rotom|43/100|[from] item: Leftovers\n|upkeep\n|turn|5\n|inactive|potaajyu_jv has 30 seconds left.\n|\n|t:|1776228595\n|move|p1b: \u30aa\u30aa\u30cb\u30e5\u30fc\u30e9|Dire Claw|p2b: Charizard\n|-damage|p2b: Charizard|0 fnt\n|faint|p2b: Charizard\n|move|p2a: Rotom|Hydro Pump|p1b: \u30aa\u30aa\u30cb\u30e5\u30fc\u30e9\n|-damage|p1b: \u30aa\u30aa\u30cb\u30e5\u30fc\u30e9|3/100\n|move|p1a: \u30b8\u30b8\u30fc\u30ed\u30f3|Hyper Voice|p2a: Rotom\n|-damage|p2a: Rotom|0 fnt\n|faint|p2a: Rotom\n|\n|-weather|none\n|upkeep\n|l|\u2606kevin7195\n|inactive|kevin7195 disconnected and has a minute to reconnect!\n|player|p2|\n|inactive|kevin7195 has 30 seconds left.\n|inactive|kevin7195 has 20 seconds left.\n|inactive|kevin7195 has 15 seconds left.\n|inactive|kevin7195 has 10 seconds left.\n|inactive|kevin7195 has 5 seconds left.\n|-message|kevin7195 lost due to inactivity.\n|\n|win|potaajyu_jv\n|raw|potaajyu_jv's rating: 1177 &rarr; <strong>1195</strong><br />(+18 for winning)\n|raw|kevin7195's rating: 1077 &rarr; <strong>1061</strong><br />(-16 for losing)\n",
  "uploadtime": 1776228654,
  "views": 22,
  "formatid": "gen9championsvgc2026regma",
  "rating": 1061,
  "private": 0,
  "password": null
}