{
  "id": "gen9championsvgc2026regma-2584822174",
  "format": "[Gen 9 Champions] VGC 2026 Reg M-A",
  "players": [
    "tonypepperoni25",
    "Pinkirbs"
  ],
  "log": "|j|\u2606tonypepperoni25\n|j|\u2606Pinkirbs\n|t:|1776286276\n|gametype|doubles\n|player|p1|tonypepperoni25|102|1078\n|player|p2|Pinkirbs|skier|1099\n|gen|9\n|tier|[Gen 9 Champions] VGC 2026 Reg M-A\n|rated|\n|rule|Species Clause: Limit one of each Pok\u00e9mon\n|rule|Item Clause: Limit 1 of each item\n|clearpoke\n|poke|p1|Sneasler, L50, M|\n|poke|p1|Tyranitar, L50, F|\n|poke|p1|Rotom-Wash, L50|\n|poke|p1|Excadrill, L50, F|\n|poke|p1|Dragapult, L50, F|\n|poke|p1|Meganium, L50, F|\n|poke|p2|Sneasler, L50, M|\n|poke|p2|Arcanine-Hisui, L50, F|\n|poke|p2|Kingambit, L50, M|\n|poke|p2|Palafin, L50, M|\n|poke|p2|Clefable, L50, M|\n|poke|p2|Froslass, L50, F|\n|teampreview|4\n|\n|t:|1776286322\n|teamsize|p1|4\n|teamsize|p2|4\n|start\n|switch|p1a: Sneasler|Sneasler, L50, M|100/100\n|switch|p1b: Excadrill|Excadrill, L50, F|100/100\n|switch|p2a: Palafin|Palafin, L50, M, shiny|100/100\n|switch|p2b: Froslass|Froslass, L50, F, shiny|100/100\n|turn|1\n|\n|t:|1776286356\n|move|p2b: Froslass|Protect|p2b: Froslass\n|-singleturn|p2b: Froslass|Protect\n|move|p2a: Palafin|Protect|p2a: Palafin\n|-singleturn|p2a: Palafin|Protect\n|move|p1a: Sneasler|Fake Out|p2a: Palafin\n|-activate|p2a: Palafin|move: Protect\n|move|p1b: Excadrill|Iron Head|p2b: Froslass\n|-activate|p2b: Froslass|move: Protect\n|\n|upkeep\n|turn|2\n|\n|t:|1776286393\n|switch|p2b: Sneasler|Sneasler, L50, M|100/100\n|move|p1a: Sneasler|Protect|p1a: Sneasler\n|-singleturn|p1a: Sneasler|Protect\n|move|p1b: Excadrill|Protect|p1b: Excadrill\n|-singleturn|p1b: Excadrill|Protect\n|move|p2a: Palafin|Flip Turn|p1b: Excadrill\n|-activate|p1b: Excadrill|move: Protect\n|\n|upkeep\n|turn|3\n|inactive|Battle timer is ON: inactive players will automatically lose when time's up. (requested by tonypepperoni25)\n|\n|t:|1776286437\n|switch|p1a: Tyranitar|Tyranitar, L50, F, shiny|100/100\n|-weather|Sandstorm|[from] ability: Sand Stream|[of] p1a: Tyranitar\n|move|p2b: Sneasler|Fake Out|p1b: Excadrill\n|-resisted|p1b: Excadrill|1\n|-damage|p1b: Excadrill|90/100\n|cant|p1b: Excadrill|flinch\n|move|p2a: Palafin|Flip Turn|p1b: Excadrill\n|-supereffective|p1b: Excadrill|1\n|-damage|p1b: Excadrill|12/100\n|\n|t:|1776286452\n|detailschange|p2a: Palafin|Palafin-Hero, L50, M, shiny\n|switch|p2a: Clefable|Clefable, L50, M|100/100|[from] Flip Turn\n|\n|-weather|Sandstorm|[upkeep]\n|-damage|p2b: Sneasler|95/100|[from] Sandstorm\n|-damage|p2a: Clefable|95/100|[from] Sandstorm\n|upkeep\n|turn|4\n|\n|t:|1776286476\n|move|p2b: Sneasler|Protect|p2b: Sneasler\n|-singleturn|p2b: Sneasler|Protect\n|move|p1a: Tyranitar|Protect|p1a: Tyranitar\n|-singleturn|p1a: Tyranitar|Protect\n|move|p2a: Clefable|Protect|p2a: Clefable\n|-singleturn|p2a: Clefable|Protect\n|move|p1b: Excadrill|Earthquake|p2b: Sneasler|[spread] \n|-activate|p1a: Tyranitar|move: Protect\n|-activate|p2a: Clefable|move: Protect\n|-activate|p2b: Sneasler|move: Protect\n|\n|-weather|Sandstorm|[upkeep]\n|-damage|p2b: Sneasler|89/100|[from] Sandstorm\n|-damage|p2a: Clefable|89/100|[from] Sandstorm\n|upkeep\n|turn|5\n|inactive|Pinkirbs has 30 seconds left.\n|inactive|Pinkirbs has 20 seconds left.\n|\n|t:|1776286514\n|switch|p2b: Froslass|Froslass, L50, F, shiny|100/100\n|switch|p2a: Palafin|Palafin-Hero, L50, M, shiny|100/100\n|-activate|p2a: Palafin|ability: Zero to Hero\n|move|p1b: Excadrill|Iron Head|p2a: Palafin\n|-resisted|p2a: Palafin|1\n|-damage|p2a: Palafin|79/100\n|move|p1a: Tyranitar|Rock Slide|p2b: Froslass|[spread] p2a\n|-miss|p1a: Tyranitar|p2b: Froslass\n|-damage|p2a: Palafin|51/100\n|\n|-weather|Sandstorm|[upkeep]\n|-damage|p2b: Froslass|94/100|[from] Sandstorm\n|-damage|p2a: Palafin|45/100|[from] Sandstorm\n|upkeep\n|turn|6\n|inactive|tonypepperoni25 has 30 seconds left.\n|inactive|Pinkirbs has 30 seconds left.\n|\n|t:|1776286545\n|move|p1b: Excadrill|Protect|p1b: Excadrill\n|-singleturn|p1b: Excadrill|Protect\n|move|p2b: Froslass|Protect|p2b: Froslass\n|-singleturn|p2b: Froslass|Protect\n|move|p2a: Palafin|Protect|p2a: Palafin\n|-singleturn|p2a: Palafin|Protect\n|move|p1a: Tyranitar|Rock Slide|p2a: Palafin|[spread] \n|-activate|p2a: Palafin|move: Protect\n|-activate|p2b: Froslass|move: Protect\n|\n|-weather|Sandstorm|[upkeep]\n|-damage|p2b: Froslass|88/100|[from] Sandstorm\n|-damage|p2a: Palafin|39/100|[from] Sandstorm\n|upkeep\n|turn|7\n|c|\u2606tonypepperoni25|you are annoying\n|\n|t:|1776286568\n|switch|p1b: Meganium|Meganium, L50, F|100/100\n|detailschange|p2b: Froslass|Froslass-Mega, L50, F, shiny\n|-mega|p2b: Froslass|Froslass|Froslassite\n|-weather|Snowscape|[from] ability: Snow Warning|[of] p2b: Froslass\n|move|p2a: Palafin|Jet Punch|p1b: Meganium\n|-resisted|p1b: Meganium|1\n|-damage|p1b: Meganium|78/100\n|move|p2b: Froslass|Aurora Veil|p2b: Froslass\n|-sidestart|p2: Pinkirbs|move: Aurora Veil\n|move|p1a: Tyranitar|Rock Slide|p2b: Froslass|[spread] p2a\n|-miss|p1a: Tyranitar|p2b: Froslass\n|-damage|p2a: Palafin|22/100\n|\n|-weather|Snowscape|[upkeep]\n|upkeep\n|turn|8\n|inactive|tonypepperoni25 has 30 seconds left.\n|inactive|tonypepperoni25 has 20 seconds left.\n|inactive|tonypepperoni25 has 15 seconds left.\n|\n|t:|1776286614\n|switch|p1a: Excadrill|Excadrill, L50, F|12/100\n|detailschange|p1b: Meganium|Meganium-Mega, L50, F\n|-mega|p1b: Meganium|Meganium|Meganiumite\n|move|p2b: Froslass|Blizzard|p1a: Excadrill|[spread] p1a,p1b\n|-supereffective|p1b: Meganium|1\n|-damage|p1a: Excadrill|0 fnt\n|-damage|p1b: Meganium|0 fnt\n|faint|p1a: Excadrill\n|faint|p1b: Meganium\n|move|p2a: Palafin|Wave Crash|p1: Excadrill|[notarget]\n|-fail|p2a: Palafin\n|\n|-weather|Snowscape|[upkeep]\n|upkeep\n|\n|t:|1776286625\n|switch|p1a: Sneasler|Sneasler, L50, M|100/100\n|switch|p1b: Tyranitar|Tyranitar, L50, F, shiny|100/100\n|-weather|Sandstorm|[from] ability: Sand Stream|[of] p1b: Tyranitar\n|turn|9\n|c|\u2606tonypepperoni25|double protect?\n|\n|t:|1776286647\n|switch|p2b: Clefable|Clefable, L50, M|89/100\n|move|p2a: Palafin|Protect|p2a: Palafin\n|-singleturn|p2a: Palafin|Protect\n|move|p1a: Sneasler|Fake Out|p2a: Palafin\n|-activate|p2a: Palafin|move: Protect\n|move|p1b: Tyranitar|Rock Slide|p2a: Palafin|[spread] p2b\n|-activate|p2a: Palafin|move: Protect\n|-damage|p2b: Clefable|74/100\n|\n|-weather|Sandstorm|[upkeep]\n|-damage|p1a: Sneasler|95/100|[from] Sandstorm\n|-damage|p2a: Palafin|16/100|[from] Sandstorm\n|-damage|p2b: Clefable|68/100|[from] Sandstorm\n|upkeep\n|turn|10\n|inactive|tonypepperoni25 has 30 seconds left.\n|inactive|Pinkirbs has 30 seconds left.\n|inactive|tonypepperoni25 has 20 seconds left.\n|\n|t:|1776286682\n|move|p2b: Clefable|Follow Me|p2b: Clefable\n|-singleturn|p2b: Clefable|move: Follow Me\n|move|p1a: Sneasler|Dire Claw|p2b: Clefable\n|-supereffective|p2b: Clefable|1\n|-damage|p2b: Clefable|18/100\n|-status|p2b: Clefable|par\n|-enditem|p2b: Clefable|Sitrus Berry|[eat]\n|-heal|p2b: Clefable|43/100 par|[from] item: Sitrus Berry\n|move|p2a: Palafin|Wave Crash|p1b: Tyranitar\n|-supereffective|p1b: Tyranitar|1\n|-damage|p1b: Tyranitar|0 fnt\n|faint|p1b: Tyranitar\n|-damage|p2a: Palafin|0 fnt|[from] Recoil\n|faint|p2a: Palafin\n|\n|-weather|Sandstorm|[upkeep]\n|-damage|p1a: Sneasler|89/100|[from] Sandstorm\n|-damage|p2b: Clefable|37/100 par|[from] Sandstorm\n|upkeep\n|\n|t:|1776286702\n|switch|p2a: Sneasler|Sneasler, L50, M|89/100\n|turn|11\n|\n|t:|1776286713\n|move|p2b: Clefable|Helping Hand|p2a: Sneasler\n|-singleturn|p2a: Sneasler|Helping Hand|[of] p2b: Clefable\n|move|p2a: Sneasler|Fake Out|p1a: Sneasler\n|-crit|p1a: Sneasler\n|-damage|p1a: Sneasler|24/100\n|cant|p1a: Sneasler|flinch\n|\n|-weather|Sandstorm|[upkeep]\n|-damage|p1a: Sneasler|18/100|[from] Sandstorm\n|-damage|p2a: Sneasler|83/100|[from] Sandstorm\n|-damage|p2b: Clefable|31/100 par|[from] Sandstorm\n|-sideend|p2: Pinkirbs|move: Aurora Veil\n|upkeep\n|turn|12\n|-message|tonypepperoni25 forfeited.\n|\n|win|Pinkirbs\n|raw|tonypepperoni25's rating: 1078 &rarr; <strong>1058</strong><br />(-20 for losing)\n|raw|Pinkirbs's rating: 1099 &rarr; <strong>1123</strong><br />(+24 for winning)\n",
  "uploadtime": 1776286777,
  "views": 23,
  "formatid": "gen9championsvgc2026regma",
  "rating": 1058,
  "private": 0,
  "password": null
}