{
  "id": "gen9championsvgc2026regma-2587104566",
  "format": "[Gen 9 Champions] VGC 2026 Reg M-A",
  "players": [
    "bassv991",
    "4realhustler"
  ],
  "log": "|j|\u2606bassv991\n|j|\u26064realhustler\n|t:|1776493998\n|gametype|doubles\n|player|p1|bassv991|102|1361\n|player|p2|4realhustler|clown|1368\n|gen|9\n|tier|[Gen 9 Champions] VGC 2026 Reg M-A\n|rated|\n|rule|Species Clause: Limit one of each Pok\u00e9mon\n|rule|Item Clause: Limit 1 of each item\n|clearpoke\n|poke|p1|Gengar, L50, F|\n|poke|p1|Sneasler, L50, F|\n|poke|p1|Kingambit, L50, F|\n|poke|p1|Hydreigon, L50, F|\n|poke|p1|Pelipper, L50, F|\n|poke|p1|Basculegion, L50, M|\n|poke|p2|Incineroar, L50, F, shiny|\n|poke|p2|Aegislash, L50, M, shiny|\n|poke|p2|Garchomp, L50, M, shiny|\n|poke|p2|Floette-Eternal, L50, F|\n|poke|p2|Milotic, L50, M, shiny|\n|poke|p2|Whimsicott, L50, F, shiny|\n|teampreview|4\n|\n|t:|1776494070\n|teamsize|p1|4\n|teamsize|p2|4\n|start\n|switch|p1a: Sneasler|Sneasler, L50, F|100/100\n|switch|p1b: Hydreigon|Hydreigon, L50, F|100/100\n|switch|p2a: Garchomp|Garchomp, L50, M, shiny|100/100\n|switch|p2b: Milotic|Milotic, L50, M, shiny|100/100\n|turn|1\n|\n|t:|1776494097\n|move|p1a: Sneasler|Fake Out|p2b: Milotic\n|-crit|p2b: Milotic\n|-damage|p2b: Milotic|82/100\n|move|p1b: Hydreigon|Draco Meteor|p2a: Garchomp\n|-supereffective|p2a: Garchomp|1\n|-damage|p2a: Garchomp|0 fnt\n|-unboost|p1b: Hydreigon|spa|2\n|faint|p2a: Garchomp\n|cant|p2b: Milotic|flinch\n|\n|-heal|p2b: Milotic|88/100|[from] item: Leftovers\n|upkeep\n|\n|t:|1776494106\n|switch|p2a: Aegislash|Aegislash, L50, M, shiny|100/100\n|turn|2\n|\n|t:|1776494117\n|switch|p1b: Pelipper|Pelipper, L50, F|100/100\n|-weather|RainDance|[from] ability: Drizzle|[of] p1b: Pelipper\n|move|p1a: Sneasler|Protect|p1a: Sneasler\n|-singleturn|p1a: Sneasler|Protect\n|-formechange|p2a: Aegislash|Aegislash-Blade|\n|move|p2a: Aegislash|Shadow Sneak|p1a: Sneasler\n|-activate|p1a: Sneasler|move: Protect\n|move|p2b: Milotic|Icy Wind|p1a: Sneasler|[spread] p1b\n|-activate|p1a: Sneasler|move: Protect\n|-damage|p1b: Pelipper|81/100\n|-unboost|p1b: Pelipper|spe|1\n|\n|-weather|RainDance|[upkeep]\n|-heal|p2b: Milotic|94/100|[from] item: Leftovers\n|upkeep\n|turn|3\n|\n|t:|1776494142\n|move|p1a: Sneasler|Close Combat|p2b: Milotic\n|-damage|p2b: Milotic|36/100\n|-unboost|p1a: Sneasler|def|1\n|-unboost|p1a: Sneasler|spd|1\n|-enditem|p1a: Sneasler|White Herb\n|-clearnegativeboost|p1a: Sneasler|[silent]\n|move|p2b: Milotic|Scald|p1a: Sneasler\n|-damage|p1a: Sneasler|40/100\n|move|p2a: Aegislash|Poltergeist|p1b: Pelipper\n|-activate|p1b: Pelipper|move: Poltergeist|Focus Sash\n|-damage|p1b: Pelipper|0 fnt\n|faint|p1b: Pelipper\n|\n|-weather|RainDance|[upkeep]\n|-heal|p2b: Milotic|42/100|[from] item: Leftovers\n|upkeep\n|\n|t:|1776494160\n|switch|p1b: Basculegion|Basculegion, L50, M|100/100\n|turn|4\n|\n|t:|1776494205\n|-formechange|p2a: Aegislash|Aegislash|\n|move|p2a: Aegislash|King's Shield|p2a: Aegislash\n|-singleturn|p2a: Aegislash|Protect\n|move|p1a: Sneasler|Close Combat|p2b: Milotic\n|-damage|p2b: Milotic|0 fnt\n|-unboost|p1a: Sneasler|def|1\n|-unboost|p1a: Sneasler|spd|1\n|faint|p2b: Milotic\n|move|p1b: Basculegion|Last Respects|p2a: Aegislash\n|-activate|p2a: Aegislash|move: Protect\n|\n|-weather|RainDance|[upkeep]\n|upkeep\n|\n|t:|1776494211\n|switch|p2b: Floette|Floette-Eternal, L50, F|100/100\n|turn|5\n|\n|t:|1776494253\n|detailschange|p2b: Floette|Floette-Mega, L50, F\n|-mega|p2b: Floette|Floette|Floettite\n|-ability|p2b: Floette|Fairy Aura\n|move|p1a: Sneasler|Protect|p1a: Sneasler\n|-singleturn|p1a: Sneasler|Protect\n|-formechange|p2a: Aegislash|Aegislash-Blade|\n|move|p2a: Aegislash|Shadow Sneak|p1b: Basculegion\n|-supereffective|p1b: Basculegion|1\n|-damage|p1b: Basculegion|37/100\n|move|p1b: Basculegion|Last Respects|p2a: Aegislash\n|-supereffective|p2a: Aegislash|1\n|-crit|p2a: Aegislash\n|-damage|p2a: Aegislash|0 fnt\n|faint|p2a: Aegislash\n|move|p2b: Floette|Dazzling Gleam|p1a: Sneasler|[spread] p1b\n|-activate|p1a: Sneasler|move: Protect\n|-damage|p1b: Basculegion|0 fnt\n|faint|p1b: Basculegion\n|\n|-weather|RainDance|[upkeep]\n|upkeep\n|\n|t:|1776494272\n|switch|p1b: Hydreigon|Hydreigon, L50, F|100/100\n|turn|6\n|\n|t:|1776494288\n|move|p1a: Sneasler|Dire Claw|p2b: Floette\n|-supereffective|p2b: Floette|1\n|-damage|p2b: Floette|27/100\n|move|p1b: Hydreigon|Dark Pulse|p2b: Floette\n|-resisted|p2b: Floette|1\n|-damage|p2b: Floette|12/100\n|move|p2b: Floette|Dazzling Gleam|p1a: Sneasler|[spread] p1a,p1b\n|-supereffective|p1b: Hydreigon|2\n|-damage|p1a: Sneasler|0 fnt\n|-damage|p1b: Hydreigon|0 fnt\n|faint|p1a: Sneasler\n|faint|p1b: Hydreigon\n|\n|win|4realhustler\n|raw|bassv991's rating: 1361 &rarr; <strong>1341</strong><br />(-20 for losing)\n|raw|4realhustler's rating: 1368 &rarr; <strong>1388</strong><br />(+20 for winning)\n|l|\u26064realhustler\n|player|p2|\n|l|\u2606bassv991\n|player|p1|\n",
  "uploadtime": 1776494303,
  "views": 39,
  "formatid": "gen9championsvgc2026regma",
  "rating": 1341,
  "private": 0,
  "password": null
}