{
  "id": "gen9championsvgc2026regma-2582777476",
  "format": "[Gen 9 Champions] VGC 2026 Reg M-A",
  "players": [
    "pkmemes19",
    "supersmashpro007"
  ],
  "log": "|j|\u2606pkmemes19\n|j|\u2606supersmashpro007\n|t:|1776113393\n|gametype|doubles\n|player|p1|pkmemes19|burgh|1249\n|player|p2|supersmashpro007|2|1221\n|gen|9\n|tier|[Gen 9 Champions] VGC 2026 Reg M-A\n|rated|\n|rule|Species Clause: Limit one of each Pok\u00e9mon\n|rule|Item Clause: Limit 1 of each item\n|clearpoke\n|poke|p1|Pelipper, L50, M|\n|poke|p1|Dragonite, L50, M|\n|poke|p1|Archaludon, L50, M|\n|poke|p1|Basculegion, L50, M|\n|poke|p1|Sneasler, L50, M|\n|poke|p1|Rotom-Heat, L50|\n|poke|p2|Morpeko, L50, M|\n|poke|p2|Altaria, L50, M|\n|poke|p2|Incineroar, L50, F|\n|poke|p2|Kommo-o, L50, F|\n|poke|p2|Blastoise, L50, F|\n|poke|p2|Gengar, L50, M|\n|teampreview|4\n|\n|t:|1776113422\n|teamsize|p1|4\n|teamsize|p2|4\n|start\n|switch|p1a: Pelipper|Pelipper, L50, M, shiny|100/100\n|switch|p1b: Sneasler|Sneasler, L50, M|100/100\n|switch|p2a: Gengar|Gengar, L50, M, shiny|100/100\n|switch|p2b: Incineroar|Incineroar, L50, F|100/100\n|-weather|RainDance|[from] ability: Drizzle|[of] p1a: Pelipper\n|-ability|p2b: Incineroar|Intimidate|boost\n|-unboost|p1a: Pelipper|atk|1\n|-unboost|p1b: Sneasler|atk|1\n|-enditem|p1b: Sneasler|White Herb\n|-clearnegativeboost|p1b: Sneasler|[silent]\n|turn|1\n|\n|t:|1776113448\n|detailschange|p2a: Gengar|Gengar-Mega, L50, M, shiny\n|-mega|p2a: Gengar|Gengar|Gengarite\n|move|p2b: Incineroar|Protect|p2b: Incineroar\n|-singleturn|p2b: Incineroar|Protect\n|move|p1b: Sneasler|Fake Out|p2b: Incineroar\n|-activate|p2b: Incineroar|move: Protect\n|move|p2a: Gengar|Perish Song|p2a: Gengar\n|-start|p1a: Pelipper|perish3|[silent]\n|-start|p1b: Sneasler|perish3|[silent]\n|-start|p2a: Gengar|perish3|[silent]\n|-start|p2b: Incineroar|perish3|[silent]\n|-fieldactivate|move: Perish Song\n|move|p1a: Pelipper|Weather Ball|p2a: Gengar\n|-damage|p2a: Gengar|19/100\n|\n|-weather|RainDance|[upkeep]\n|-start|p1b: Sneasler|perish3\n|-start|p2a: Gengar|perish3\n|-start|p1a: Pelipper|perish3\n|-start|p2b: Incineroar|perish3\n|upkeep\n|turn|2\n|\n|t:|1776113479\n|switch|p2b: Blastoise|Blastoise, L50, F|100/100\n|move|p2a: Gengar|Protect|p2a: Gengar\n|-singleturn|p2a: Gengar|Protect\n|move|p1b: Sneasler|Close Combat|p2b: Blastoise\n|-damage|p2b: Blastoise|46/100\n|-unboost|p1b: Sneasler|def|1\n|-unboost|p1b: Sneasler|spd|1\n|move|p1a: Pelipper|Weather Ball|p2a: Gengar\n|-activate|p2a: Gengar|move: Protect\n|\n|-weather|RainDance|[upkeep]\n|-heal|p2b: Blastoise|52/100|[from] ability: Rain Dish\n|-heal|p2b: Blastoise|57/100|[from] item: Leftovers\n|-start|p1b: Sneasler|perish2\n|-start|p2a: Gengar|perish2\n|-start|p1a: Pelipper|perish2\n|upkeep\n|turn|3\n|\n|t:|1776113507\n|switch|p2a: Incineroar|Incineroar, L50, F|100/100\n|-ability|p2a: Incineroar|Intimidate|boost\n|-unboost|p1a: Pelipper|atk|1\n|-unboost|p1b: Sneasler|atk|1\n|move|p1b: Sneasler|Dire Claw|p2b: Blastoise\n|-damage|p2b: Blastoise|32/100\n|-status|p2b: Blastoise|slp\n|move|p1a: Pelipper|Weather Ball|p2a: Incineroar\n|-supereffective|p2a: Incineroar|1\n|-damage|p2a: Incineroar|0 fnt\n|faint|p2a: Incineroar\n|cant|p2b: Blastoise|slp\n|\n|-weather|RainDance|[upkeep]\n|-heal|p2b: Blastoise|38/100 slp|[from] ability: Rain Dish\n|-heal|p2b: Blastoise|44/100 slp|[from] item: Leftovers\n|-start|p1b: Sneasler|perish1\n|-start|p1a: Pelipper|perish1\n|upkeep\n|\n|t:|1776113528\n|switch|p2a: Gengar|Gengar-Mega, L50, M, shiny|19/100\n|turn|4\n|\n|t:|1776113535\n|move|p2a: Gengar|Protect|p2a: Gengar\n|-singleturn|p2a: Gengar|Protect\n|-curestatus|p2b: Blastoise|slp|[msg]\n|move|p2b: Blastoise|Protect|p2b: Blastoise\n|-singleturn|p2b: Blastoise|Protect\n|move|p1b: Sneasler|Close Combat|p2b: Blastoise\n|-activate|p2b: Blastoise|move: Protect\n|move|p1a: Pelipper|Tailwind|p1a: Pelipper\n|-sidestart|p1: pkmemes19|move: Tailwind\n|\n|-weather|RainDance|[upkeep]\n|-heal|p2b: Blastoise|49/100|[from] ability: Rain Dish\n|-heal|p2b: Blastoise|55/100|[from] item: Leftovers\n|-start|p1b: Sneasler|perish0\n|-start|p1a: Pelipper|perish0\n|faint|p1b: Sneasler\n|faint|p1a: Pelipper\n|upkeep\n|\n|t:|1776113542\n|switch|p1b: Basculegion|Basculegion, L50, M|100/100\n|switch|p1a: Dragonite|Dragonite, L50, M|100/100\n|turn|5\n|\n|t:|1776113565\n|switch|p2a: Altaria|Altaria, L50, M|100/100\n|-ability|p2a: Altaria|Cloud Nine\n|detailschange|p1a: Dragonite|Dragonite-Mega, L50, M\n|-mega|p1a: Dragonite|Dragonite|Dragoninite\n|move|p1a: Dragonite|Thunder|p2b: Blastoise\n|-supereffective|p2b: Blastoise|1\n|-damage|p2b: Blastoise|0 fnt\n|faint|p2b: Blastoise\n|move|p1b: Basculegion|Last Respects|p2a: Altaria\n|-damage|p2a: Altaria|14/100\n|\n|-weather|none\n|upkeep\n|\n|t:|1776113579\n|switch|p2b: Gengar|Gengar-Mega, L50, M, shiny|19/100\n|turn|6\n|\n|t:|1776113590\n|move|p2b: Gengar|Protect|p2b: Gengar\n|-singleturn|p2b: Gengar|Protect\n|move|p1a: Dragonite|Dragon Pulse|p2b: Gengar\n|-activate|p2b: Gengar|move: Protect\n|move|p1b: Basculegion|Last Respects|p2a: Altaria\n|-damage|p2a: Altaria|0 fnt\n|faint|p2a: Altaria\n|\n|upkeep\n|turn|7\n|\n|t:|1776113601\n|move|p1b: Basculegion|Aqua Jet|p2b: Gengar\n|-damage|p2b: Gengar|0 fnt\n|faint|p2b: Gengar\n|\n|win|pkmemes19\n|raw|pkmemes19's rating: 1249 &rarr; <strong>1272</strong><br />(+23 for winning)\n|raw|supersmashpro007's rating: 1221 &rarr; <strong>1198</strong><br />(-23 for losing)\n|c|\u2606pkmemes19|ggs\n|l|\u2606supersmashpro007\n|player|p2|\n",
  "uploadtime": 1776113611,
  "views": 31,
  "formatid": "gen9championsvgc2026regma",
  "rating": 1198,
  "private": 0,
  "password": null
}