{
  "id": "gen9championsvgc2026regma-2583815659",
  "format": "[Gen 9 Champions] VGC 2026 Reg M-A",
  "players": [
    "UnloshTheWash",
    "ScribbleScribble"
  ],
  "log": "|j|\u2606UnloshTheWash\n|j|\u2606ScribbleScribble\n|t:|1776199873\n|gametype|doubles\n|player|p1|UnloshTheWash|red|1459\n|player|p2|ScribbleScribble|mina-lgpe|1562\n|gen|9\n|tier|[Gen 9 Champions] VGC 2026 Reg M-A\n|rated|\n|rule|Species Clause: Limit one of each Pok\u00e9mon\n|rule|Item Clause: Limit 1 of each item\n|clearpoke\n|poke|p1|Delphox, L50, F|\n|poke|p1|Mamoswine, L50, M|\n|poke|p1|Orthworm, L50, F|\n|poke|p1|Rotom-Wash, L50|\n|poke|p1|Maushold-Four, L50|\n|poke|p1|Sneasler, L50, M|\n|poke|p2|Floette-Eternal, L50, F|\n|poke|p2|Sneasler, L50, F|\n|poke|p2|Aerodactyl, L50, M|\n|poke|p2|Basculegion, L50, M|\n|poke|p2|Farigiraf, L50, F|\n|poke|p2|Kingambit, L50, F|\n|teampreview|4\n|inactive|Battle timer is ON: inactive players will automatically lose when time's up. (requested by ScribbleScribble)\n|inactive|ScribbleScribble has 60 seconds left.\n|\n|t:|1776199905\n|teamsize|p1|4\n|teamsize|p2|4\n|start\n|switch|p1a: Rotom|Rotom-Wash, L50|100/100\n|switch|p1b: Sneasler|Sneasler, L50, M|100/100\n|switch|p2a: Basculegion|Basculegion, L50, M|100/100\n|switch|p2b: Sneasler|Sneasler, L50, F, shiny|100/100\n|turn|1\n|\n|t:|1776199913\n|move|p2b: Sneasler|Fake Out|p1a: Rotom\n|-damage|p1a: Rotom|83/100\n|cant|p1a: Rotom|flinch\n|move|p2a: Basculegion|Wave Crash|p1b: Sneasler\n|-crit|p1b: Sneasler\n|-damage|p1b: Sneasler|0 fnt\n|faint|p1b: Sneasler\n|-damage|p2a: Basculegion|73/100|[from] Recoil\n|\n|upkeep\n|\n|t:|1776199921\n|switch|p1b: Delphox|Delphox, L50, F|100/100\n|turn|2\n|\n|t:|1776199929\n|switch|p2a: Farigiraf|Farigiraf, L50, F|100/100\n|move|p1b: Delphox|Protect|p1b: Delphox\n|-singleturn|p1b: Delphox|Protect\n|move|p1a: Rotom|Electroweb|p2a: Farigiraf|[spread] p2a,p2b\n|-damage|p2a: Farigiraf|89/100\n|-damage|p2b: Sneasler|81/100\n|-unboost|p2a: Farigiraf|spe|1\n|-unboost|p2b: Sneasler|spe|1\n|-enditem|p2b: Sneasler|White Herb\n|-clearnegativeboost|p2b: Sneasler|[silent]\n|move|p2b: Sneasler|Close Combat|p1a: Rotom\n|-damage|p1a: Rotom|8/100\n|-unboost|p2b: Sneasler|def|1\n|-unboost|p2b: Sneasler|spd|1\n|\n|upkeep\n|turn|3\n|\n|t:|1776199945\n|switch|p1a: Maushold|Maushold-Four, L50|100/100\n|detailschange|p1b: Delphox|Delphox-Mega, L50, F\n|-mega|p1b: Delphox|Delphox|Delphoxite\n|move|p2b: Sneasler|Close Combat|p1a: Maushold\n|-supereffective|p1a: Maushold|1\n|-enditem|p1a: Maushold|Chople Berry|[eat]\n|-enditem|p1a: Maushold|Chople Berry|[weaken]\n|-damage|p1a: Maushold|28/100\n|-unboost|p2b: Sneasler|def|1\n|-unboost|p2b: Sneasler|spd|1\n|move|p1b: Delphox|Nasty Plot|p1b: Delphox\n|-boost|p1b: Delphox|spa|2\n|move|p2a: Farigiraf|Hyper Voice|p1b: Delphox|[spread] p1a,p1b\n|-damage|p1a: Maushold|0 fnt\n|-damage|p1b: Delphox|82/100\n|faint|p1a: Maushold\n|\n|upkeep\n|\n|t:|1776199963\n|switch|p1a: Rotom|Rotom-Wash, L50|8/100\n|turn|4\n|\n|t:|1776199977\n|move|p2b: Sneasler|Close Combat|p1a: Rotom\n|-damage|p1a: Rotom|0 fnt\n|-unboost|p2b: Sneasler|def|1\n|-unboost|p2b: Sneasler|spd|1\n|faint|p1a: Rotom\n|move|p1b: Delphox|Heat Wave|p2a: Farigiraf|[spread] p2a,p2b\n|-damage|p2a: Farigiraf|24/100\n|-damage|p2b: Sneasler|0 fnt\n|-enditem|p2a: Farigiraf|Sitrus Berry|[eat]\n|-heal|p2a: Farigiraf|48/100|[from] item: Sitrus Berry\n|faint|p2b: Sneasler\n|move|p2a: Farigiraf|Hyper Voice|p1b: Delphox\n|-damage|p1b: Delphox|46/100\n|\n|upkeep\n|\n|t:|1776199979\n|switch|p2b: Basculegion|Basculegion, L50, M|73/100\n|turn|5\n|\n|t:|1776199991\n|move|p2b: Basculegion|Wave Crash|p1b: Delphox\n|-supereffective|p1b: Delphox|1\n|-damage|p1b: Delphox|0 fnt\n|faint|p1b: Delphox\n|-damage|p2b: Basculegion|60/100|[from] Recoil\n|\n|win|ScribbleScribble\n|raw|UnloshTheWash's rating: 1459 &rarr; <strong>1445</strong><br />(-14 for losing)\n|raw|ScribbleScribble's rating: 1562 &rarr; <strong>1576</strong><br />(+14 for winning)\n",
  "uploadtime": 1776199994,
  "views": 82,
  "formatid": "gen9championsvgc2026regma",
  "rating": 1445,
  "private": 0,
  "password": null
}