{
  "id": "gen9championsvgc2026regma-2587544449",
  "format": "[Gen 9 Champions] VGC 2026 Reg M-A",
  "players": [
    "po1arrr",
    "garciaandreu105"
  ],
  "log": "|j|\u2606po1arrr\n|j|\u2606garciaandreu105\n|t:|1776540948\n|gametype|doubles\n|player|p1|po1arrr|1|1058\n|player|p2|garciaandreu105|266|1130\n|gen|9\n|tier|[Gen 9 Champions] VGC 2026 Reg M-A\n|rated|\n|rule|Species Clause: Limit one of each Pok\u00e9mon\n|rule|Item Clause: Limit 1 of each item\n|clearpoke\n|poke|p1|Gyarados, L50, M, shiny|\n|poke|p1|Tyranitar, L50, M, shiny|\n|poke|p1|Garchomp, L50, M, shiny|\n|poke|p1|Talonflame, L50, F, shiny|\n|poke|p1|Gengar, L50, M, shiny|\n|poke|p1|Sinistcha, L50, shiny|\n|poke|p2|Oranguru, L50, F|\n|poke|p2|Crabominable, L50, M|\n|poke|p2|Hatterene, L50, F|\n|poke|p2|Rotom-Wash, L50|\n|poke|p2|Goodra-Hisui, L50, M|\n|poke|p2|Incineroar, L50, M|\n|teampreview|4\n|inactive|Battle timer is ON: inactive players will automatically lose when time's up. (requested by garciaandreu105)\n|inactive|po1arrr has 60 seconds left.\n|\n|t:|1776541013\n|teamsize|p1|4\n|teamsize|p2|4\n|start\n|switch|p1a: Gengar|Gengar, L50, M, shiny|100/100\n|switch|p1b: Gyarados|Gyarados, L50, M, shiny|100/100\n|switch|p2a: Oranguru|Oranguru, L50, F|100/100\n|switch|p2b: Crabominable|Crabominable, L50, M|100/100\n|-ability|p1b: Gyarados|Intimidate|boost\n|-fail|p2a: Oranguru|unboost|Attack|[from] ability: Inner Focus|[of] p2a: Oranguru\n|-unboost|p2b: Crabominable|atk|1\n|turn|1\n|inactive|po1arrr has 30 seconds left.\n|\n|t:|1776541046\n|detailschange|p1a: Gengar|Gengar-Mega, L50, M, shiny\n|-mega|p1a: Gengar|Gengar|Gengarite\n|detailschange|p2b: Crabominable|Crabominable-Mega, L50, M\n|-mega|p2b: Crabominable|Crabominable|Crabominite\n|move|p2b: Crabominable|Protect|p2b: Crabominable\n|-singleturn|p2b: Crabominable|Protect\n|move|p1a: Gengar|Will-O-Wisp|p2b: Crabominable\n|-activate|p2b: Crabominable|move: Protect\n|move|p1b: Gyarados|Crunch|p2a: Oranguru\n|-supereffective|p2a: Oranguru|1\n|-damage|p2a: Oranguru|37/100\n|move|p2a: Oranguru|Trick Room|p2a: Oranguru\n|-fieldstart|move: Trick Room|[of] p2a: Oranguru\n|\n|upkeep\n|turn|2\n|inactive|po1arrr has 30 seconds left.\n|inactive|po1arrr has 20 seconds left.\n|\n|t:|1776541084\n|switch|p1b: Sinistcha|Sinistcha, L50, shiny|100/100\n|move|p2b: Crabominable|Ice Hammer|p1a: Gengar\n|-damage|p1a: Gengar|29/100\n|-unboost|p2b: Crabominable|spe|1\n|move|p2a: Oranguru|Instruct|p2b: Crabominable\n|-singleturn|p2b: Crabominable|move: Instruct|[of] p2a: Oranguru\n|move|p2b: Crabominable|Ice Hammer|p1a: Gengar\n|-damage|p1a: Gengar|0 fnt\n|-unboost|p2b: Crabominable|spe|1\n|faint|p1a: Gengar\n|\n|upkeep\n|\n|t:|1776541095\n|switch|p1a: Gyarados|Gyarados, L50, M, shiny|100/100\n|-ability|p1a: Gyarados|Intimidate|boost\n|-fail|p2a: Oranguru|unboost|Attack|[from] ability: Inner Focus|[of] p2a: Oranguru\n|-unboost|p2b: Crabominable|atk|1\n|turn|3\n|\n|t:|1776541111\n|switch|p2b: Rotom|Rotom-Wash, L50|100/100\n|move|p2a: Oranguru|Protect|p2a: Oranguru\n|-singleturn|p2a: Oranguru|Protect\n|move|p1b: Sinistcha|Rage Powder|p1b: Sinistcha\n|-singleturn|p1b: Sinistcha|move: Rage Powder\n|move|p1a: Gyarados|Crunch|p2a: Oranguru\n|-activate|p2a: Oranguru|move: Protect\n|\n|upkeep\n|turn|4\n|\n|t:|1776541126\n|move|p2a: Oranguru|Psychic|p1b: Sinistcha\n|-damage|p1b: Sinistcha|61/100\n|move|p1b: Sinistcha|Matcha Gotcha|p2a: Oranguru|[spread] p2a,p2b\n|-supereffective|p2b: Rotom|1\n|-damage|p2a: Oranguru|19/100\n|-heal|p1b: Sinistcha|72/100|[from] drain|[of] p2a: Oranguru\n|-damage|p2b: Rotom|32/100\n|-heal|p1b: Sinistcha|100/100|[from] drain|[of] p2b: Rotom\n|move|p1a: Gyarados|Crunch|p2a: Oranguru\n|-supereffective|p2a: Oranguru|1\n|-damage|p2a: Oranguru|0 fnt\n|faint|p2a: Oranguru\n|move|p2b: Rotom|Volt Switch|p1a: Gyarados\n|-supereffective|p1a: Gyarados|2\n|-damage|p1a: Gyarados|0 fnt\n|faint|p1a: Gyarados\n|\n|t:|1776541138\n|switch|p2b: Crabominable|Crabominable-Mega, L50, M|100/100|[from] Volt Switch\n|\n|upkeep\n|\n|t:|1776541141\n|switch|p2a: Incineroar|Incineroar, L50, M|100/100\n|switch|p1a: Talonflame|Talonflame, L50, F, shiny|100/100\n|-ability|p2a: Incineroar|Intimidate|boost\n|-unboost|p1a: Talonflame|atk|1\n|-unboost|p1b: Sinistcha|atk|1\n|turn|5\n|\n|t:|1776541166\n|move|p2a: Incineroar|Fake Out|p1a: Talonflame\n|-damage|p1a: Talonflame|84/100\n|move|p1b: Sinistcha|Rage Powder|p1b: Sinistcha\n|-singleturn|p1b: Sinistcha|move: Rage Powder\n|move|p2b: Crabominable|Ice Hammer|p1b: Sinistcha\n|-supereffective|p1b: Sinistcha|1\n|-damage|p1b: Sinistcha|0 fnt\n|-unboost|p2b: Crabominable|spe|1\n|faint|p1b: Sinistcha\n|cant|p1a: Talonflame|flinch\n|\n|-fieldend|move: Trick Room\n|upkeep\n|turn|6\n|\n|t:|1776541181\n|move|p1a: Talonflame|Flare Blitz|p2b: Crabominable\n|-supereffective|p2b: Crabominable|1\n|-damage|p2b: Crabominable|52/100\n|-damage|p1a: Talonflame|63/100|[from] Recoil\n|move|p2a: Incineroar|Flare Blitz|p1a: Talonflame\n|-resisted|p1a: Talonflame|1\n|-damage|p1a: Talonflame|27/100\n|-damage|p2a: Incineroar|92/100|[from] Recoil\n|move|p2b: Crabominable|Thunder Punch|p1a: Talonflame\n|-supereffective|p1a: Talonflame|1\n|-damage|p1a: Talonflame|0 fnt\n|faint|p1a: Talonflame\n|\n|win|garciaandreu105\n|raw|po1arrr's rating: 1058 &rarr; <strong>1043</strong><br />(-15 for losing)\n|raw|garciaandreu105's rating: 1130 &rarr; <strong>1150</strong><br />(+20 for winning)\n|l|\u2606po1arrr\n|player|p1|\n",
  "uploadtime": 1776541193,
  "views": 21,
  "formatid": "gen9championsvgc2026regma",
  "rating": 1043,
  "private": 0,
  "password": null
}