{
  "id": "gen9championsvgc2026regma-2588355913",
  "format": "[Gen 9 Champions] VGC 2026 Reg M-A",
  "players": [
    "tikini",
    "XeonNjic"
  ],
  "log": "|j|\u2606tikini\n|j|\u2606XeonNjic\n|t:|1776626722\n|gametype|doubles\n|player|p1|tikini|swimmerf-gen4|\n|player|p2|XeonNjic|flannery|\n|gen|9\n|tier|[Gen 9 Champions] VGC 2026 Reg M-A\n|rated|Tournament battle\n|rule|Species Clause: Limit one of each Pok\u00e9mon\n|rule|Item Clause: Limit 1 of each item\n|clearpoke\n|poke|p1|Floette-Eternal, L50, F|\n|poke|p1|Tinkaton, L50, F|\n|poke|p1|Sinistcha-Masterpiece, L50|\n|poke|p1|Incineroar, L50, F|\n|poke|p1|Garchomp, L50, F|\n|poke|p1|Rotom-Wash, L50|\n|poke|p2|Rotom-Wash, L50|\n|poke|p2|Froslass, L50, F, shiny|\n|poke|p2|Aerodactyl, L50, M, shiny|\n|poke|p2|Sneasler, L50, F|\n|poke|p2|Floette-Eternal, L50, F|\n|poke|p2|Incineroar, L50, M, shiny|\n|teampreview|4\n|inactive|Battle timer is ON: inactive players will automatically lose when time's up. (requested by XeonNjic)\n|c|\u2606XeonNjic|glhf\n|c|\u2606tikini|u2\n|inactive|tikini has 60 seconds left.\n|inactive|XeonNjic has 60 seconds left.\n|j| MajorStar\n|l| MajorStar\n|inactive|tikini has 30 seconds left.\nXeonNjic has agreed to open team sheets.\n|inactive|tikini has 20 seconds left.\ntikini has agreed to open team sheets.\n|showteam|p1|Floette-Eternal||Floettite|FlowerVeil|Moonblast,DazzlingGleam,CalmMind,Protect|||F|||50|]Tinkaton||OccaBerry|OwnTempo|GigatonHammer,PlayRough,FakeOut,Encore|||F|||50|]Sinistcha-Masterpiece||Leftovers|Hospitality|MatchaGotcha,Protect,RagePowder,TrickRoom||||||50|]Incineroar||SitrusBerry|Intimidate|FlareBlitz,DarkestLariat,PartingShot,FakeOut|||F|||50|]Garchomp||SoftSand|RoughSkin|StompingTantrum,Earthquake,RockTomb,Protect|||F|||50|]Rotom-Wash||ChoiceScarf|Levitate|VoltSwitch,Electroweb,WillOWisp,HydroPump||||||50|\n|showteam|p2|Rotom-Wash||Leftovers|Levitate|Electroweb,Protect,VoltSwitch,HelpingHand||||||50|]Froslass||Froslassite|SnowCloak|AuroraVeil,ShadowBall,Blizzard,Protect|||F|||50|]Aerodactyl||WhiteHerb|Unnerve|RockSlide,DualWingbeat,Tailwind,Protect|||M|||50|]Sneasler||FocusSash|Unburden|FakeOut,DireClaw,CloseCombat,Protect|||F|||50|]Floette-Eternal||Floettite|FlowerVeil|DazzlingGleam,Protect,CalmMind,Moonblast|||F|||50|]Incineroar||SitrusBerry|Intimidate|FakeOut,PartingShot,Protect,FlareBlitz|||M|||50|\n|inactive|tikini has 15 seconds left.\n|inactive|tikini has 10 seconds left.\n|\n|t:|1776626807\n|teamsize|p1|4\n|teamsize|p2|4\n|start\n|switch|p1a: Tinkaton|Tinkaton, L50, F|100/100\n|switch|p1b: Rotom|Rotom-Wash, L50|100/100\n|switch|p2a: Aerodactyl|Aerodactyl, L50, M, shiny|100/100\n|switch|p2b: Sneasler|Sneasler, L50, F|100/100\n|-ability|p2a: Aerodactyl|Unnerve\n|turn|1\n|inactive|tikini has 30 seconds left.\n|inactive|XeonNjic has 30 seconds left.\n|inactive|XeonNjic has 20 seconds left.\n|j| Red Fang X\n|inactive|XeonNjic has 15 seconds left.\n|\n|t:|1776626849\n|move|p2b: Sneasler|Fake Out|p1b: Rotom\n|-damage|p1b: Rotom|84/100\n|cant|p1b: Rotom|flinch\n|move|p2a: Aerodactyl|Tailwind|p2a: Aerodactyl\n|-sidestart|p2: XeonNjic|move: Tailwind\n|move|p1a: Tinkaton|Gigaton Hammer|p2a: Aerodactyl\n|-supereffective|p2a: Aerodactyl|1\n|-damage|p2a: Aerodactyl|0 fnt\n|faint|p2a: Aerodactyl\n|\n|upkeep\n|\n|t:|1776626857\n|switch|p2a: Incineroar|Incineroar, L50, M, shiny|100/100\n|-ability|p2a: Incineroar|Intimidate|boost\n|-fail|p1a: Tinkaton|unboost|Attack|[from] ability: Own Tempo|[of] p1a: Tinkaton\n|-unboost|p1b: Rotom|atk|1\n|turn|2\n|\n|t:|1776626880\n|switch|p1a: Incineroar|Incineroar, L50, F|100/100\n|-ability|p1a: Incineroar|Intimidate|boost\n|-unboost|p2a: Incineroar|atk|1\n|-unboost|p2b: Sneasler|atk|1\n|move|p2b: Sneasler|Dire Claw|p1b: Rotom\n|-damage|p1b: Rotom|51/100\n|move|p1b: Rotom|Volt Switch|p2b: Sneasler\n|-damage|p2b: Sneasler|64/100\n|\n|t:|1776626899\n|switch|p1b: Tinkaton|Tinkaton, L50, F|100/100|[from] Volt Switch\n|move|p2a: Incineroar|Flare Blitz|p1a: Incineroar\n|-resisted|p1a: Incineroar|1\n|-damage|p1a: Incineroar|86/100\n|-damage|p2a: Incineroar|96/100|[from] Recoil\n|\n|upkeep\n|turn|3\n|inactive|tikini has 30 seconds left.\n|inactive|XeonNjic has 30 seconds left.\n|inactive|tikini has 20 seconds left.\n|inactive|tikini has 15 seconds left.\n|inactive|tikini has 10 seconds left.\n|\n|t:|1776626947\n|move|p2b: Sneasler|Protect|p2b: Sneasler\n|-singleturn|p2b: Sneasler|Protect\n|move|p2a: Incineroar|Protect|p2a: Incineroar\n|-singleturn|p2a: Incineroar|Protect\n|move|p1b: Tinkaton|Play Rough|p2b: Sneasler\n|-activate|p2b: Sneasler|move: Protect\n|move|p1a: Incineroar|Parting Shot|p2a: Incineroar\n|-activate|p2a: Incineroar|move: Protect\n|\n|upkeep\n|turn|4\n|inactive|tikini has 30 seconds left.\n|\n|t:|1776626980\n|switch|p2b: Floette|Floette-Eternal, L50, F|100/100\n|move|p2a: Incineroar|Parting Shot|p1a: Incineroar\n|-unboost|p1a: Incineroar|atk|1\n|-unboost|p1a: Incineroar|spa|1\n|\n|t:|1776626986\n|switch|p2a: Sneasler|Sneasler, L50, F|64/100|[from] Parting Shot\n|move|p1b: Tinkaton|Gigaton Hammer|p2b: Floette\n|-supereffective|p2b: Floette|1\n|-damage|p2b: Floette|0 fnt\n|faint|p2b: Floette\n|move|p1a: Incineroar|Parting Shot|p2a: Sneasler\n|-unboost|p2a: Sneasler|atk|1\n|-unboost|p2a: Sneasler|spa|1\n|c|\u2606XeonNjic|gg\n|\n|t:|1776626996\n|switch|p1a: Rotom|Rotom-Wash, L50|51/100|[from] Parting Shot\n|\n|-sideend|p2: XeonNjic|move: Tailwind\n|upkeep\n|\n|t:|1776626999\n|switch|p2b: Incineroar|Incineroar, L50, M, shiny|96/100\n|-ability|p2b: Incineroar|Intimidate|boost\n|-unboost|p1a: Rotom|atk|1\n|-fail|p1b: Tinkaton|unboost|Attack|[from] ability: Own Tempo|[of] p1b: Tinkaton\n|turn|5\n|\n|t:|1776627006\n|switch|p1a: Incineroar|Incineroar, L50, F|86/100\n|-ability|p1a: Incineroar|Intimidate|boost\n|-unboost|p2a: Sneasler|atk|1\n|-unboost|p2b: Incineroar|atk|1\n|move|p2a: Sneasler|Dire Claw|p1a: Incineroar\n|-damage|p1a: Incineroar|68/100\n|move|p1b: Tinkaton|Play Rough|p2a: Sneasler\n|-damage|p2a: Sneasler|20/100\n|move|p2b: Incineroar|Flare Blitz|p1b: Tinkaton\n|-supereffective|p1b: Tinkaton|1\n|-enditem|p1b: Tinkaton|Occa Berry|[eat]\n|-enditem|p1b: Tinkaton|Occa Berry|[weaken]\n|-damage|p1b: Tinkaton|64/100\n|-damage|p2b: Incineroar|86/100|[from] Recoil\n|\n|upkeep\n|turn|6\n|\n|t:|1776627030\n|switch|p1b: Rotom|Rotom-Wash, L50|51/100\n|move|p2a: Sneasler|Protect|p2a: Sneasler\n|-singleturn|p2a: Sneasler|Protect\n|move|p2b: Incineroar|Protect|p2b: Incineroar\n|-singleturn|p2b: Incineroar|Protect\n|move|p1a: Incineroar|Fake Out|p2a: Sneasler\n|-activate|p2a: Sneasler|move: Protect\n|\n|upkeep\n|turn|7\n|\n|t:|1776627037\n|move|p1b: Rotom|Volt Switch|p2a: Sneasler\n|-damage|p2a: Sneasler|0 fnt\n|faint|p2a: Sneasler\n|\n|t:|1776627042\n|switch|p1b: Floette|Floette-Eternal, L50, F|100/100|[from] Volt Switch\n|move|p1a: Incineroar|Parting Shot|p2b: Incineroar\n|-unboost|p2b: Incineroar|atk|1\n|-unboost|p2b: Incineroar|spa|1\n|\n|t:|1776627047\n|switch|p1a: Rotom|Rotom-Wash, L50|51/100|[from] Parting Shot\n|move|p2b: Incineroar|Parting Shot|p1b: Floette\n|-unboost|p1b: Floette|atk|1\n|-unboost|p1b: Floette|spa|1\n|\n|upkeep\n|turn|8\n|\n|t:|1776627061\n|detailschange|p1b: Floette|Floette-Mega, L50, F\n|-mega|p1b: Floette|Floette|Floettite\n|-ability|p1b: Floette|Fairy Aura\n|move|p1a: Rotom|Hydro Pump|p2b: Incineroar\n|-supereffective|p2b: Incineroar|1\n|-damage|p2b: Incineroar|1/100\n|-enditem|p2b: Incineroar|Sitrus Berry|[eat]\n|-heal|p2b: Incineroar|26/100|[from] item: Sitrus Berry\n|move|p1b: Floette|Moonblast|p2b: Incineroar\n|-damage|p2b: Incineroar|0 fnt\n|faint|p2b: Incineroar\n|\n|win|tikini\n|n|\u2606tikini|tikini\n|n|\u2606XeonNjic|xeonnjic\n|n| Red Fang X|redfangx\n",
  "uploadtime": 1776627075,
  "views": 7,
  "formatid": "gen9championsvgc2026regma",
  "rating": null,
  "private": 0,
  "password": null
}