{
  "id": "gen9championsvgc2026regma-2588289612",
  "format": "[Gen 9 Champions] VGC 2026 Reg M-A",
  "players": [
    "brix_2006",
    "bluedragonsmith"
  ],
  "log": "|j|\u2606brix_2006\n|j|\u2606bluedragonsmith\n|t:|1776621342\n|gametype|doubles\n|player|p1|brix_2006|266|1079\n|player|p2|bluedragonsmith|265|1000\n|gen|9\n|tier|[Gen 9 Champions] VGC 2026 Reg M-A\n|rated|\n|rule|Species Clause: Limit one of each Pok\u00e9mon\n|rule|Item Clause: Limit 1 of each item\n|clearpoke\n|poke|p1|Sableye, L50, F, shiny|\n|poke|p1|Camerupt, L50, F|\n|poke|p1|Orthworm, L50, M|\n|poke|p1|Sinistcha-Masterpiece, L50|\n|poke|p1|Mimikyu, L50, F|\n|poke|p1|Farigiraf, L50, M|\n|poke|p2|Incineroar, L50, M, shiny|\n|poke|p2|Sinistcha, L50|\n|poke|p2|Sylveon, L50, F, shiny|\n|poke|p2|Aggron, L50, M|\n|poke|p2|Gengar, L50, M, shiny|\n|poke|p2|Aerodactyl, L50, M, shiny|\n|teampreview|4\n|inactive|Battle timer is ON: inactive players will automatically lose when time's up. (requested by bluedragonsmith)\n|inactive|brix_2006 has 60 seconds left.\n|inactive|bluedragonsmith has 60 seconds left.\n|\n|t:|1776621384\n|teamsize|p1|4\n|teamsize|p2|4\n|start\n|switch|p1a: Farigiraf|Farigiraf, L50, M|100/100\n|switch|p1b: come comde|Orthworm, L50, M|100/100\n|switch|p2a: Sylveon|Sylveon, L50, F, shiny|100/100\n|switch|p2b: Incineroar|Incineroar, L50, M, shiny|100/100\n|-ability|p2b: Incineroar|Intimidate|boost\n|-unboost|p1a: Farigiraf|atk|1\n|-unboost|p1b: come comde|atk|1\n|turn|1\n|\n|t:|1776621405\n|move|p2b: Incineroar|Fake Out||[still]\n|cant|p1a: Farigiraf|ability: Armor Tail|Fake Out|[of] p2b: Incineroar\n|move|p1b: come comde|Shed Tail|p1b: come comde\n|-start|p1b: come comde|Substitute|[from] move: Shed Tail\n|-damage|p1b: come comde|50/100\n|-enditem|p1b: come comde|Sitrus Berry|[eat]\n|-heal|p1b: come comde|75/100|[from] item: Sitrus Berry\n|\n|t:|1776621414\n|switch|p1b: matador de veno|Camerupt, L50, F|100/100|[from] Shed Tail\n|move|p2a: Sylveon|Reflect|p2a: Sylveon\n|-sidestart|p2: bluedragonsmith|Reflect\n|move|p1a: Farigiraf|Trick Room|p1a: Farigiraf\n|-fieldstart|move: Trick Room|[of] p1a: Farigiraf\n|\n|upkeep\n|turn|2\n|\n|t:|1776621431\n|detailschange|p1b: matador de veno|Camerupt-Mega, L50, F\n|-mega|p1b: matador de veno|Camerupt|Cameruptite\n|move|p2a: Sylveon|Protect|p2a: Sylveon\n|-singleturn|p2a: Sylveon|Protect\n|move|p1b: matador de veno|Eruption|p2a: Sylveon|[spread] p2b\n|-activate|p2a: Sylveon|move: Protect\n|-resisted|p2b: Incineroar|1\n|-damage|p2b: Incineroar|71/100\n|move|p2b: Incineroar|Throat Chop|p1a: Farigiraf\n|-supereffective|p1a: Farigiraf|1\n|-damage|p1a: Farigiraf|23/100\n|-start|p1a: Farigiraf|Throat Chop|[silent]\n|cant|p1a: Farigiraf|move: Throat Chop\n|\n|upkeep\n|turn|3\n|inactive|bluedragonsmith has 30 seconds left.\n|\n|t:|1776621464\n|move|p1a: Farigiraf|Protect|p1a: Farigiraf\n|-singleturn|p1a: Farigiraf|Protect\n|move|p1b: matador de veno|Earthquake|p2b: Incineroar|[spread] p2a,p2b\n|-activate|p1a: Farigiraf|move: Protect\n|-supereffective|p2b: Incineroar|1\n|-damage|p2a: Sylveon|68/100\n|-damage|p2b: Incineroar|26/100\n|move|p2a: Sylveon|Light Screen|p2a: Sylveon\n|-sidestart|p2: bluedragonsmith|move: Light Screen\n|move|p2b: Incineroar|Parting Shot|p1b: matador de veno\n|-unboost|p1b: matador de veno|atk|1\n|-unboost|p1b: matador de veno|spa|1\n|\n|t:|1776621475\n|switch|p2b: THE WALL|Aggron, L50, M|100/100|[from] Parting Shot\n|\n|-end|p1a: Farigiraf|Throat Chop|[silent]\n|upkeep\n|turn|4\n|\n|t:|1776621490\n|switch|p1a: come comde|Orthworm, L50, M|75/100\n|detailschange|p2b: THE WALL|Aggron-Mega, L50, M\n|-mega|p2b: THE WALL|Aggron|Aggronite\n|move|p1b: matador de veno|Earthquake|p2b: THE WALL|[spread] p2a,p2b\n|-heal|p1a: come comde|99/100|[from] ability: Earth Eater|[of] p1b: matador de veno\n|-supereffective|p2b: THE WALL|1\n|-damage|p2a: Sylveon|45/100\n|-damage|p2b: THE WALL|91/100\n|move|p2b: THE WALL|Iron Defense|p2b: THE WALL\n|-boost|p2b: THE WALL|def|2\n|move|p2a: Sylveon|Hyper Voice|p1b: matador de veno|[spread] p1a,p1b\n|-resisted|p1a: come comde|1\n|-crit|p1a: come comde\n|-resisted|p1b: matador de veno|1\n|-damage|p1a: come comde|51/100\n|-damage|p1b: matador de veno|80/100\n|\n|upkeep\n|turn|5\n|\n|t:|1776621515\n|move|p2a: Sylveon|Protect|p2a: Sylveon\n|-singleturn|p2a: Sylveon|Protect\n|move|p1b: matador de veno|Eruption|p2b: THE WALL|[spread] p2b\n|-activate|p2a: Sylveon|move: Protect\n|-supereffective|p2b: THE WALL|1\n|-damage|p2b: THE WALL|52/100\n|move|p2b: THE WALL|Body Press|p1a: come comde\n|-supereffective|p1a: come comde|1\n|-damage|p1a: come comde|0 fnt\n|faint|p1a: come comde\n|\n|-sideend|p2: bluedragonsmith|Reflect\n|-fieldend|move: Trick Room\n|upkeep\n|\n|t:|1776621527\n|switch|p1a: Farigiraf|Farigiraf, L50, M|23/100\n|turn|6\n|\n|t:|1776621540\n|move|p2a: Sylveon|Reflect|p2a: Sylveon\n|-sidestart|p2: bluedragonsmith|Reflect\n|move|p2b: THE WALL|Iron Defense|p2b: THE WALL\n|-boost|p2b: THE WALL|def|2\n|move|p1b: matador de veno|Eruption|p2b: THE WALL|[spread] p2a,p2b\n|-supereffective|p2b: THE WALL|1\n|-damage|p2a: Sylveon|29/100\n|-damage|p2b: THE WALL|13/100\n|move|p1a: Farigiraf|Trick Room|p1a: Farigiraf\n|-fieldstart|move: Trick Room|[of] p1a: Farigiraf\n|\n|upkeep\n|turn|7\n|\n|t:|1776621557\n|switch|p2a: Sinistcha|Sinistcha, L50|100/100\n|-heal|p2b: THE WALL|38/100|[from] ability: Hospitality|[of] p2a: Sinistcha\n|move|p2b: THE WALL|Protect|p2b: THE WALL\n|-singleturn|p2b: THE WALL|Protect\n|move|p1a: Farigiraf|Protect|p1a: Farigiraf\n|-singleturn|p1a: Farigiraf|Protect\n|move|p1b: matador de veno|Earthquake|p2a: Sinistcha|[spread] p2a\n|-activate|p1a: Farigiraf|move: Protect\n|-activate|p2b: THE WALL|move: Protect\n|-resisted|p2a: Sinistcha|1\n|-damage|p2a: Sinistcha|93/100\n|\n|-sideend|p2: bluedragonsmith|move: Light Screen\n|upkeep\n|turn|8\n|inactive|bluedragonsmith has 30 seconds left.\n|inactive|bluedragonsmith has 20 seconds left.\n|inactive|bluedragonsmith has 15 seconds left.\n|\n|t:|1776621598\n|move|p1b: matador de veno|Eruption|p2b: THE WALL|[spread] p2a,p2b\n|-supereffective|p2a: Sinistcha|1\n|-supereffective|p2b: THE WALL|1\n|-damage|p2a: Sinistcha|20/100\n|-damage|p2b: THE WALL|0 fnt\n|-enditem|p2a: Sinistcha|Sitrus Berry|[eat]\n|-heal|p2a: Sinistcha|45/100|[from] item: Sitrus Berry\n|faint|p2b: THE WALL\n|move|p2a: Sinistcha|Trick Room|p2a: Sinistcha\n|-fieldend|move: Trick Room\n|move|p1a: Farigiraf|Trick Room|p1a: Farigiraf\n|-fieldstart|move: Trick Room|[of] p1a: Farigiraf\n|\n|upkeep\n|\n|t:|1776621615\n|switch|p2b: Incineroar|Incineroar, L50, M, shiny|26/100\n|-ability|p2b: Incineroar|Intimidate|boost\n|-unboost|p1a: Farigiraf|atk|1\n|-immune|p1b: matador de veno\n|turn|9\n|\n|t:|1776621637\n|move|p2a: Sinistcha|Protect|p2a: Sinistcha\n|-singleturn|p2a: Sinistcha|Protect\n|move|p1b: matador de veno|Eruption|p2b: Incineroar|[spread] p2b\n|-activate|p2a: Sinistcha|move: Protect\n|-resisted|p2b: Incineroar|1\n|-damage|p2b: Incineroar|10/100\n|move|p2b: Incineroar|Throat Chop|p1a: Farigiraf\n|-supereffective|p1a: Farigiraf|1\n|-damage|p1a: Farigiraf|0 fnt\n|faint|p1a: Farigiraf\n|\n|upkeep\n|\n|t:|1776621645\n|switch|p1a: dono|Sableye, L50, F, shiny|100/100\n|turn|10\n|\n|t:|1776621656\n|switch|p2b: Sylveon|Sylveon, L50, F, shiny|29/100\n|move|p1a: dono|Sunny Day|p1a: dono\n|-weather|SunnyDay\n|move|p1b: matador de veno|Eruption|p2b: Sylveon|[spread] p2a,p2b\n|-supereffective|p2a: Sinistcha|1\n|-damage|p2a: Sinistcha|0 fnt\n|-damage|p2b: Sylveon|0 fnt\n|faint|p2a: Sinistcha\n|faint|p2b: Sylveon\n|\n|-weather|SunnyDay|[upkeep]\n|-sideend|p2: bluedragonsmith|Reflect\n|upkeep\n|-message|bluedragonsmith forfeited.\n|\n|win|brix_2006\n|raw|brix_2006's rating: 1079 &rarr; <strong>1101</strong><br />(+22 for winning)\n|raw|bluedragonsmith's rating: 1000 &rarr; <strong>1000</strong><br />(+0 for losing)\n|l|\u2606bluedragonsmith\n|player|p2|\n|c|\u2606brix_2006|gggggggggggggg\n",
  "uploadtime": 1776621676,
  "views": 16,
  "formatid": "gen9championsvgc2026regma",
  "rating": 1000,
  "private": 0,
  "password": null
}