{
  "id": "gen9championsvgc2026regma-2585593808",
  "format": "[Gen 9 Champions] VGC 2026 Reg M-A",
  "players": [
    "Acerx",
    "el choro 37"
  ],
  "log": "|j|\u2606Acerx\n|j|\u203del choro 37\n|t:|1776357686\n|gametype|doubles\n|player|p1|Acerx|dancer|1168\n|player|p2|el choro 37|cyrus|1088\n|gen|9\n|tier|[Gen 9 Champions] VGC 2026 Reg M-A\n|rated|\n|rule|Species Clause: Limit one of each Pok\u00e9mon\n|rule|Item Clause: Limit 1 of each item\n|clearpoke\n|poke|p1|Victreebel, L50, F|\n|poke|p1|Corviknight, L50, F|\n|poke|p1|Arcanine-Hisui, L50, M|\n|poke|p1|Milotic, L50, F|\n|poke|p1|Sneasler, L50, M|\n|poke|p1|Torkoal, L50, F|\n|poke|p2|Starmie, L50|\n|poke|p2|Aegislash, L50, M|\n|poke|p2|Rotom-Wash, L50|\n|poke|p2|Incineroar, L50, F|\n|poke|p2|Sneasler, L50, F|\n|poke|p2|Whimsicott, L50, M|\n|teampreview|4\nel choro 37 has agreed to open team sheets.\nAcerx has agreed to open team sheets.\n|showteam|p1|Victreebel||Victreebelite|Chlorophyll|StrengthSap,Protect,SleepPowder,SludgeBomb|||F|||50|]Corviknight||OccaBerry|MirrorArmor|BulkUp,BraveBird,Roost,BodyPress|||F|||50|]Arcanine-Hisui||ShucaBerry|Intimidate|FlareBlitz,RockSlide,Protect,ExtremeSpeed|||M|||50|]Milotic||Leftovers|Competitive|IcyWind,Scald,Protect,IceBeam|||F|||50|]Sneasler||WhiteHerb|Unburden|CloseCombat,DireClaw,FakeOut,Protect|||M|||50|]Torkoal||QuickClaw|Drought|HeatWave,EarthPower,Protect,SolarBeam|||F|||50|\n|showteam|p2|Starmie||Starminite|NaturalCure|ZenHeadbutt,Liquidation,IceSpinner,FlipTurn||||||50|]Aegislash||Leftovers|StanceChange|CloseCombat,ShadowSneak,SwordsDance,KingsShield|||M|||50|]Rotom-Wash||SitrusBerry|Levitate|HydroPump,VoltSwitch,WillOWisp,Protect||||||50|]Incineroar||BrightPowder|Intimidate|FakeOut,PartingShot,FlareBlitz,DarkestLariat|||F|||50|]Sneasler||WhiteHerb|Unburden|DireClaw,CloseCombat,FakeOut,ThroatChop|||F|||50|]Whimsicott||FocusSash|Prankster|Tailwind,StunSpore,Encore,Moonblast|||M|||50|\n|\n|t:|1776357736\n|teamsize|p1|4\n|teamsize|p2|4\n|start\n|switch|p1a: Victreebel|Victreebel, L50, F|100/100\n|switch|p1b: Milotic|Milotic, L50, F|100/100\n|switch|p2a: Incineroar|Incineroar, L50, F|100/100\n|switch|p2b: Starmie|Starmie, L50|100/100\n|-ability|p2a: Incineroar|Intimidate|boost\n|-unboost|p1a: Victreebel|atk|1\n|-unboost|p1b: Milotic|atk|1\n|-ability|p1b: Milotic|Competitive|boost\n|-boost|p1b: Milotic|spa|2\n|turn|1\n|\n|t:|1776357774\n|detailschange|p2b: Starmie|Starmie-Mega, L50\n|-mega|p2b: Starmie|Starmie|Starminite\n|detailschange|p1a: Victreebel|Victreebel-Mega, L50, F\n|-mega|p1a: Victreebel|Victreebel|Victreebelite\n|move|p2a: Incineroar|Fake Out|p1b: Milotic\n|-damage|p1b: Milotic|90/100\n|move|p2b: Starmie|Zen Headbutt|p1a: Victreebel\n|-supereffective|p1a: Victreebel|1\n|-crit|p1a: Victreebel\n|-damage|p1a: Victreebel|0 fnt\n|-damage|p2b: Starmie|0 fnt|[from] ability: Innards Out|[of] p1a: Victreebel\n|faint|p1a: Victreebel\n|faint|p2b: Starmie\n|cant|p1b: Milotic|flinch\n|\n|-heal|p1b: Milotic|96/100|[from] item: Leftovers\n|upkeep\n|\n|t:|1776357797\n|switch|p2b: Rotom|Rotom-Wash, L50|100/100\n|switch|p1a: Corviknight|Corviknight, L50, F|100/100\n|turn|2\n|\n|t:|1776357824\n|move|p2b: Rotom|Volt Switch|p1b: Milotic\n|-supereffective|p1b: Milotic|1\n|-damage|p1b: Milotic|49/100\n|\n|t:|1776357829\n|switch|p2b: Aegislash|Aegislash, L50, M|100/100|[from] Volt Switch\n|move|p1b: Milotic|Scald|p2b: Aegislash\n|-damage|p2b: Aegislash|41/100\n|-status|p2b: Aegislash|brn\n|move|p1a: Corviknight|Body Press|p2b: Aegislash\n|-immune|p2b: Aegislash\n|move|p2a: Incineroar|Flare Blitz|p1a: Corviknight\n|-supereffective|p1a: Corviknight|1\n|-enditem|p1a: Corviknight|Occa Berry|[eat]\n|-enditem|p1a: Corviknight|Occa Berry|[weaken]\n|-damage|p1a: Corviknight|56/100\n|-damage|p2a: Incineroar|86/100|[from] Recoil\n|\n|-heal|p1b: Milotic|54/100|[from] item: Leftovers\n|-heal|p2b: Aegislash|47/100 brn|[from] item: Leftovers\n|-damage|p2b: Aegislash|41/100 brn|[from] brn\n|upkeep\n|turn|3\n|\n|t:|1776357857\n|move|p1b: Milotic|Scald|p2b: Aegislash\n|-damage|p2b: Aegislash|0 fnt\n|faint|p2b: Aegislash\n|move|p1a: Corviknight|Body Press|p2a: Incineroar\n|-supereffective|p2a: Incineroar|1\n|-damage|p2a: Incineroar|46/100\n|move|p2a: Incineroar|Flare Blitz|p1a: Corviknight\n|-supereffective|p1a: Corviknight|1\n|-damage|p1a: Corviknight|0 fnt\n|faint|p1a: Corviknight\n|-damage|p2a: Incineroar|27/100|[from] Recoil\n|\n|-heal|p1b: Milotic|60/100|[from] item: Leftovers\n|upkeep\n|\n|t:|1776357869\n|switch|p1a: Torkoal|Torkoal, L50, F|100/100\n|switch|p2b: Rotom|Rotom-Wash, L50|100/100\n|-weather|SunnyDay|[from] ability: Drought|[of] p1a: Torkoal\n|turn|4\n|\n|t:|1776357898\n|move|p1b: Milotic|Protect|p1b: Milotic\n|-singleturn|p1b: Milotic|Protect\n|move|p2b: Rotom|Hydro Pump|p1a: Torkoal\n|-supereffective|p1a: Torkoal|1\n|-damage|p1a: Torkoal|36/100\n|move|p2a: Incineroar|Parting Shot|p1a: Torkoal\n|-unboost|p1a: Torkoal|atk|1\n|-unboost|p1a: Torkoal|spa|1\n|move|p1a: Torkoal|Heat Wave|p2b: Rotom|[spread] p2a,p2b\n|-resisted|p2a: Incineroar|1\n|-resisted|p2b: Rotom|1\n|-damage|p2a: Incineroar|15/100\n|-damage|p2b: Rotom|84/100\n|\n|-weather|SunnyDay|[upkeep]\n|-heal|p1b: Milotic|66/100|[from] item: Leftovers\n|upkeep\n|turn|5\n|\n|t:|1776357933\n|move|p2b: Rotom|Volt Switch|p1b: Milotic\n|-supereffective|p1b: Milotic|1\n|-damage|p1b: Milotic|22/100\n|move|p1b: Milotic|Scald|p2b: Rotom\n|-resisted|p2b: Rotom|1\n|-damage|p2b: Rotom|68/100\n|-status|p2b: Rotom|brn\n|move|p2a: Incineroar|Darkest Lariat|p1b: Milotic\n|-damage|p1b: Milotic|0 fnt\n|faint|p1b: Milotic\n|move|p1a: Torkoal|Earth Power|p2a: Incineroar\n|-supereffective|p2a: Incineroar|1\n|-damage|p2a: Incineroar|0 fnt\n|faint|p2a: Incineroar\n|\n|-weather|SunnyDay|[upkeep]\n|-damage|p2b: Rotom|62/100 brn|[from] brn\n|upkeep\n|turn|6\n|\n|t:|1776357957\n|move|p2b: Rotom|Hydro Pump|p1a: Torkoal\n|-supereffective|p1a: Torkoal|1\n|-damage|p1a: Torkoal|0 fnt\n|faint|p1a: Torkoal\n|\n|win|el choro 37\n|raw|Acerx's rating: 1168 &rarr; <strong>1137</strong><br />(-31 for losing)\n|raw|el choro 37's rating: 1088 &rarr; <strong>1121</strong><br />(+33 for winning)\n|l|\u2606Acerx\n|player|p1|\n",
  "uploadtime": 1776358052,
  "views": 18,
  "formatid": "gen9championsvgc2026regma",
  "rating": 1121,
  "private": 0,
  "password": null
}