{
  "id": "gen9championsvgc2026regma-2582226946",
  "format": "[Gen 9 Champions] VGC 2026 Reg M-A",
  "players": [
    "Fefepokeman",
    "Rengas"
  ],
  "log": "|j|\u2606Fefepokeman\n|j|\u2606Rengas\n|t:|1776073556\n|gametype|doubles\n|player|p1|Fefepokeman|pokemaniac|\n|player|p2|Rengas|266|\n|gen|9\n|tier|[Gen 9 Champions] VGC 2026 Reg M-A\n|rule|Species Clause: Limit one of each Pok\u00e9mon\n|rule|Item Clause: Limit 1 of each item\n|clearpoke\n|poke|p1|Floette-Eternal, L50, F|\n|poke|p1|Maushold, L50|\n|poke|p1|Garchomp, L50, F|\n|poke|p1|Talonflame, L50, M|\n|poke|p1|Rotom-Wash, L50|\n|poke|p1|Aegislash, L50, M|\n|poke|p2|Lopunny, L50, F|\n|poke|p2|Gardevoir, L50, F|\n|poke|p2|Tinkaton, L50, F|\n|poke|p2|Meowscarada, L50, F|\n|poke|p2|Noivern, L50, M|\n|poke|p2|Umbreon, L50, M|\n|teampreview|4\nFefepokeman has agreed to open team sheets.\nRengas has agreed to open team sheets.\n|showteam|p1|Floette-Eternal||Floettite|FlowerVeil|Moonblast,DazzlingGleam,CalmMind,Protect|||F|||50|]Maushold||FocusSash|FriendGuard|SuperFang,Taunt,FollowMe,Protect||||||50|]Garchomp||SoftSand|RoughSkin|Earthquake,StompingTantrum,StoneEdge,Protect|||F|||50|]Talonflame|||GaleWings|Acrobatics,FlareBlitz,Tailwind,Protect|||M|||50|]Rotom-Wash||SitrusBerry|Levitate|HydroPump,VoltSwitch,Thunderbolt,HelpingHand||||||50|]Aegislash||SpellTag|StanceChange|Poltergeist,ShadowSneak,IronHead,KingsShield|||M|||50|\n|showteam|p2|Lopunny||Lopunnite|Limber|Protect,CloseCombat,TripleAxel,SwordsDance|||F|||50|]Gardevoir||ChoiceScarf|Trace|Moonblast,Trick,Psychic,IcyWind|||F|||50|]Tinkaton||ShucaBerry|OwnTempo|FakeOut,GigatonHammer,Protect,Feint|||F|||50|]Meowscarada||FocusSash|Overgrow|FlowerTrick,SuckerPunch,Protect,KnockOff|||F|||50|]Noivern||RoseliBerry|Infiltrator|DracoMeteor,Tailwind,Taunt,Uturn|||M|||50|]Umbreon||SitrusBerry|Synchronize|Reflect,LightScreen,HelpingHand,FoulPlay|||M|||50|\n|\n|t:|1776073573\n|teamsize|p1|4\n|teamsize|p2|4\n|start\n|switch|p1a: Floette|Floette-Eternal, L50, F|100/100\n|switch|p1b: Maushold|Maushold, L50|100/100\n|switch|p2a: Tinkaton|Tinkaton, L50, F, shiny|100/100\n|switch|p2b: Lopunny|Lopunny, L50, F, shiny|100/100\n|turn|1\n|\n|t:|1776073644\n|detailschange|p2b: Lopunny|Lopunny-Mega, L50, F, shiny\n|-mega|p2b: Lopunny|Lopunny|Lopunnite\n|detailschange|p1a: Floette|Floette-Mega, L50, F\n|-mega|p1a: Floette|Floette|Floettite\n|-ability|p1a: Floette|Fairy Aura\n|move|p2a: Tinkaton|Fake Out|p1b: Maushold\n|-damage|p1b: Maushold|88/100\n|cant|p1b: Maushold|flinch\n|move|p2b: Lopunny|Close Combat|p1b: Maushold\n|-supereffective|p1b: Maushold|1\n|-damage|p1b: Maushold|0 fnt\n|-unboost|p2b: Lopunny|def|1\n|-unboost|p2b: Lopunny|spd|1\n|faint|p1b: Maushold\n|move|p1a: Floette|Calm Mind|p1a: Floette\n|-boost|p1a: Floette|spa|1\n|-boost|p1a: Floette|spd|1\n|\n|upkeep\n|\n|t:|1776073659\n|switch|p1b: Talonflame|Talonflame, L50, M|100/100\n|turn|2\n|\n|t:|1776073680\n|switch|p2b: Meowscarada|Meowscarada, L50, F|100/100\n|move|p1a: Floette|Protect|p1a: Floette\n|-singleturn|p1a: Floette|Protect\n|move|p1b: Talonflame|Acrobatics|p2b: Meowscarada\n|-supereffective|p2b: Meowscarada|1\n|-enditem|p2b: Meowscarada|Focus Sash\n|-damage|p2b: Meowscarada|1/100\n|move|p2a: Tinkaton|Gigaton Hammer|p1a: Floette\n|-activate|p1a: Floette|move: Protect\n|\n|upkeep\n|turn|3\n|\n|t:|1776073735\n|move|p2a: Tinkaton|Protect|p2a: Tinkaton\n|-singleturn|p2a: Tinkaton|Protect\n|move|p1b: Talonflame|Tailwind|p1b: Talonflame\n|-sidestart|p1: Fefepokeman|move: Tailwind\n|move|p2b: Meowscarada|Sucker Punch||[still]\n|-fail|p2b: Meowscarada\n|move|p1a: Floette|Dazzling Gleam|p2a: Tinkaton|[spread] p2b\n|-activate|p2a: Tinkaton|move: Protect\n|-supereffective|p2b: Meowscarada|1\n|-damage|p2b: Meowscarada|0 fnt\n|faint|p2b: Meowscarada\n|\n|upkeep\n|\n|t:|1776073763\n|switch|p2b: Umbreon|Umbreon, L50, M, shiny|100/100\n|turn|4\n|\n|t:|1776073800\n|move|p1a: Floette|Protect|p1a: Floette\n|-singleturn|p1a: Floette|Protect\n|move|p2a: Tinkaton|Feint|p1b: Talonflame\n|-damage|p1b: Talonflame|89/100\n|move|p1b: Talonflame|Flare Blitz|p2a: Tinkaton\n|-supereffective|p2a: Tinkaton|1\n|-damage|p2a: Tinkaton|0 fnt\n|faint|p2a: Tinkaton\n|-damage|p1b: Talonflame|55/100|[from] Recoil\n|move|p2b: Umbreon|Foul Play|p1b: Talonflame\n|-damage|p1b: Talonflame|0 fnt\n|faint|p1b: Talonflame\n|\n|upkeep\n|\n|t:|1776073812\n|switch|p1b: Garchomp|Garchomp, L50, F|100/100\n|switch|p2a: Lopunny|Lopunny-Mega, L50, F, shiny|100/100\n|turn|5\n|\n|t:|1776073876\n|move|p1b: Garchomp|Protect|p1b: Garchomp\n|-singleturn|p1b: Garchomp|Protect\n|move|p2a: Lopunny|Protect|p2a: Lopunny\n|-singleturn|p2a: Lopunny|Protect\n|move|p1a: Floette|Dazzling Gleam|p2a: Lopunny|[spread] p2b\n|-activate|p2a: Lopunny|move: Protect\n|-supereffective|p2b: Umbreon|1\n|-damage|p2b: Umbreon|20/100\n|-enditem|p2b: Umbreon|Sitrus Berry|[eat]\n|-heal|p2b: Umbreon|45/100|[from] item: Sitrus Berry\n|move|p2b: Umbreon|Light Screen|p2b: Umbreon\n|-sidestart|p2: Rengas|move: Light Screen\n|\n|upkeep\n|turn|6\n|\n|t:|1776073902\n|move|p2b: Umbreon|Helping Hand|p2a: Lopunny\n|-singleturn|p2a: Lopunny|Helping Hand|[of] p2b: Umbreon\n|move|p1b: Garchomp|Stomping Tantrum|p2b: Umbreon\n|-damage|p2b: Umbreon|6/100\n|move|p1a: Floette|Dazzling Gleam|p2b: Umbreon|[spread] p2a,p2b\n|-supereffective|p2a: Lopunny|1\n|-supereffective|p2b: Umbreon|1\n|-damage|p2a: Lopunny|0 fnt\n|-damage|p2b: Umbreon|0 fnt\n|faint|p2a: Lopunny\n|faint|p2b: Umbreon\n|\n|win|Fefepokeman\n",
  "uploadtime": 1776073946,
  "views": 13,
  "formatid": "gen9championsvgc2026regma",
  "rating": null,
  "private": 0,
  "password": null
}