{
  "id": "gen9championsvgc2026regma-2582466609",
  "format": "[Gen 9 Champions] VGC 2026 Reg M-A",
  "players": [
    "RainCalc",
    "awdsdgfregng"
  ],
  "log": "|j|\u2606RainCalc\n|j|\u2606awdsdgfregng\n|t:|1776093535\n|gametype|doubles\n|player|p1|RainCalc|volkner|1040\n|player|p2|awdsdgfregng|2|1042\n|gen|9\n|tier|[Gen 9 Champions] VGC 2026 Reg M-A\n|rated|\n|rule|Species Clause: Limit one of each Pok\u00e9mon\n|rule|Item Clause: Limit 1 of each item\n|clearpoke\n|poke|p1|Aggron, L50, M|\n|poke|p1|Incineroar, L50, M|\n|poke|p1|Sinistcha, L50|\n|poke|p1|Tyranitar, L50, F|\n|poke|p1|Sneasler, L50, F|\n|poke|p1|Lycanroc, L50, M|\n|poke|p2|Charizard, L50, M|\n|poke|p2|Krookodile, L50, M|\n|poke|p2|Absol, L50, F|\n|poke|p2|Rotom-Wash, L50|\n|poke|p2|Talonflame, L50, F|\n|poke|p2|Sinistcha, L50|\n|teampreview|4\n|inactive|Battle timer is ON: inactive players will automatically lose when time's up. (requested by awdsdgfregng)\n|\n|t:|1776093582\n|teamsize|p1|4\n|teamsize|p2|4\n|start\n|switch|p1a: Lycanroc|Lycanroc, L50, M, shiny|100/100\n|switch|p1b: Tyranitar|Tyranitar, L50, F|100/100\n|switch|p2a: Krookodile|Krookodile, L50, M|100/100\n|switch|p2b: Absol|Absol, L50, F|100/100\n|-weather|Sandstorm|[from] ability: Sand Stream|[of] p1b: Tyranitar\n|turn|1\n|inactive|RainCalc has 30 seconds left.\n|\n|t:|1776093607\n|move|p2b: Absol|Shadow Sneak|p2a: Krookodile\n|-resisted|p2a: Krookodile|1\n|-crit|p2a: Krookodile\n|-damage|p2a: Krookodile|90/100\n|-setboost|p2a: Krookodile|atk|6|[from] ability: Anger Point\n|move|p1a: Lycanroc|Rock Slide|p2a: Krookodile|[spread] p2a\n|-miss|p1a: Lycanroc|p2b: Absol\n|-resisted|p2a: Krookodile|1\n|-damage|p2a: Krookodile|71/100\n|cant|p2a: Krookodile|flinch\n|move|p1b: Tyranitar|Low Kick|p2a: Krookodile\n|-supereffective|p2a: Krookodile|1\n|-damage|p2a: Krookodile|0 fnt\n|faint|p2a: Krookodile\n|\n|-weather|Sandstorm|[upkeep]\n|-damage|p2b: Absol|95/100|[from] Sandstorm\n|upkeep\n|c|\u2606RainCalc|awesome\n|\n|t:|1776093625\n|switch|p2a: Rotom|Rotom-Wash, L50|100/100\n|turn|2\n|\n|t:|1776093644\n|move|p1a: Lycanroc|Rock Slide|p2a: Rotom|[spread] p2a,p2b\n|-damage|p2a: Rotom|66/100\n|-damage|p2b: Absol|48/100\n|move|p2b: Absol|Foul Play|p1a: Lycanroc\n|-crit|p1a: Lycanroc\n|-enditem|p1a: Lycanroc|Focus Sash\n|-damage|p1a: Lycanroc|1/100\n|cant|p2a: Rotom|flinch\n|move|p1b: Tyranitar|Low Kick|p2b: Absol\n|-supereffective|p2b: Absol|1\n|-damage|p2b: Absol|0 fnt\n|faint|p2b: Absol\n|\n|-weather|Sandstorm|[upkeep]\n|-damage|p2a: Rotom|60/100|[from] Sandstorm\n|upkeep\n|\n|t:|1776093656\n|switch|p2b: Sinistcha|Sinistcha, L50|100/100\n|-heal|p2a: Rotom|85/100|[from] ability: Hospitality|[of] p2b: Sinistcha\n|turn|3\n|\n|t:|1776093673\n|move|p2a: Rotom|Protect|p2a: Rotom\n|-singleturn|p2a: Rotom|Protect\n|move|p1a: Lycanroc|Endeavor|p2a: Rotom\n|-activate|p2a: Rotom|move: Protect\n|move|p2b: Sinistcha|Matcha Gotcha|p1a: Lycanroc|[spread] p1a,p1b\n|-supereffective|p1a: Lycanroc|1\n|-supereffective|p1b: Tyranitar|1\n|-damage|p1a: Lycanroc|0 fnt\n|-damage|p1b: Tyranitar|77/100\n|faint|p1a: Lycanroc\n|move|p1b: Tyranitar|Crunch|p2b: Sinistcha\n|-supereffective|p2b: Sinistcha|1\n|-damage|p2b: Sinistcha|15/100\n|-enditem|p2b: Sinistcha|Sitrus Berry|[eat]\n|-heal|p2b: Sinistcha|40/100|[from] item: Sitrus Berry\n|\n|-weather|Sandstorm|[upkeep]\n|-damage|p2a: Rotom|79/100|[from] Sandstorm\n|-damage|p2b: Sinistcha|34/100|[from] Sandstorm\n|upkeep\n|\n|t:|1776093684\n|switch|p1a: Sinistcha|Sinistcha, L50|100/100\n|-heal|p1b: Tyranitar|100/100|[from] ability: Hospitality|[of] p1a: Sinistcha\n|turn|4\n|\n|t:|1776093699\n|move|p2a: Rotom|Hydro Pump|p1b: Tyranitar\n|-supereffective|p1b: Tyranitar|1\n|-damage|p1b: Tyranitar|46/100\n|move|p2b: Sinistcha|Life Dew|p2b: Sinistcha|[spread] p2a,p2b\n|-heal|p2a: Rotom|100/100\n|-heal|p2b: Sinistcha|59/100\n|move|p1a: Sinistcha|Matcha Gotcha|p2b: Sinistcha|[spread] p2a,p2b\n|-supereffective|p2a: Rotom|1\n|-resisted|p2b: Sinistcha|1\n|-crit|p2b: Sinistcha\n|-damage|p2a: Rotom|50/100\n|-damage|p2b: Sinistcha|43/100\n|move|p1b: Tyranitar|Crunch|p2b: Sinistcha\n|-supereffective|p2b: Sinistcha|1\n|-damage|p2b: Sinistcha|0 fnt\n|faint|p2b: Sinistcha\n|\n|-weather|Sandstorm|[upkeep]\n|-damage|p2a: Rotom|44/100|[from] Sandstorm\n|-damage|p1a: Sinistcha|94/100|[from] Sandstorm\n|upkeep\n|turn|5\n|\n|t:|1776093717\n|move|p2a: Rotom|Hydro Pump|p1b: Tyranitar\n|-supereffective|p1b: Tyranitar|1\n|-damage|p1b: Tyranitar|0 fnt\n|faint|p1b: Tyranitar\n|move|p1a: Sinistcha|Matcha Gotcha|p2a: Rotom\n|-supereffective|p2a: Rotom|1\n|-damage|p2a: Rotom|0 fnt\n|-heal|p1a: Sinistcha|100/100|[from] drain|[of] p2a: Rotom\n|faint|p2a: Rotom\n|\n|win|RainCalc\n|raw|RainCalc's rating: 1040 &rarr; <strong>1074</strong><br />(+34 for winning)\n|raw|awdsdgfregng's rating: 1042 &rarr; <strong>1026</strong><br />(-16 for losing)\n",
  "uploadtime": 1776093719,
  "views": 28,
  "formatid": "gen9championsvgc2026regma",
  "rating": 1026,
  "private": 0,
  "password": null
}