{
  "id": "gen9championsvgc2026regma-2587885410",
  "format": "[Gen 9 Champions] VGC 2026 Reg M-A",
  "players": [
    "123456547g",
    "Anditto612"
  ],
  "log": "|j|\u2606123456547g\n|j|\u2606Anditto612\n|t:|1776574581\n|gametype|doubles\n|player|p1|123456547g|cilan|1084\n|player|p2|Anditto612|265|1062\n|gen|9\n|tier|[Gen 9 Champions] VGC 2026 Reg M-A\n|rated|\n|rule|Species Clause: Limit one of each Pok\u00e9mon\n|rule|Item Clause: Limit 1 of each item\n|clearpoke\n|poke|p1|Castform, L50, F|\n|poke|p1|Meganium, L50, M|\n|poke|p1|Sneasler, L50, M|\n|poke|p1|Pelipper, L50, F|\n|poke|p1|Ariados, L50, M, shiny|\n|poke|p1|Basculegion, L50, M|\n|poke|p2|Typhlosion-Hisui, L50, M|\n|poke|p2|Whimsicott, L50, F|\n|poke|p2|Garchomp, L50, M|\n|poke|p2|Farigiraf, L50, F|\n|poke|p2|Primarina, L50, F|\n|poke|p2|Venusaur, L50, M|\n|teampreview|4\n|inactive|Battle timer is ON: inactive players will automatically lose when time's up. (requested by 123456547g)\n|inactive|Anditto612 has 60 seconds left.\n|\n|t:|1776574623\n|teamsize|p1|4\n|teamsize|p2|4\n|start\n|switch|p1a: Pelipper|Pelipper, L50, F|100/100\n|switch|p1b: Ariados|Ariados, L50, M, shiny|100/100\n|switch|p2a: Whimsicott|Whimsicott, L50, F|100/100\n|switch|p2b: Razor|Venusaur, L50, M|100/100\n|-weather|RainDance|[from] ability: Drizzle|[of] p1a: Pelipper\n|turn|1\n|\n|t:|1776574642\n|move|p2a: Whimsicott|Tailwind|p2a: Whimsicott\n|-sidestart|p2: Anditto612|move: Tailwind\n|move|p2b: Razor|Sleep Powder|p1a: Pelipper\n|-status|p1a: Pelipper|slp|[from] move: Sleep Powder\n|cant|p1a: Pelipper|slp\n|move|p1b: Ariados|String Shot|p2b: Razor|[spread] p2a,p2b\n|-unboost|p2a: Whimsicott|spe|2\n|-unboost|p2b: Razor|spe|2\n|\n|-weather|RainDance|[upkeep]\n|upkeep\n|turn|2\n|\n|t:|1776574667\n|move|p2a: Whimsicott|Sunny Day|p2a: Whimsicott\n|-weather|SunnyDay\n|move|p2b: Razor|Sleep Powder|p1b: Ariados\n|-immune|p1b: Ariados|[from] ability: Insomnia\n|cant|p1a: Pelipper|slp\n|move|p1b: Ariados|Psychic|p2b: Razor\n|-supereffective|p2b: Razor|1\n|-damage|p2b: Razor|78/100\n|\n|-weather|SunnyDay|[upkeep]\n|upkeep\n|turn|3\n|\n|t:|1776574680\n|move|p2b: Razor|Giga Drain|p1a: Pelipper\n|-damage|p1a: Pelipper|42/100 slp\n|-heal|p2b: Razor|99/100|[from] drain|[of] p1a: Pelipper\n|move|p2a: Whimsicott|Moonblast|p1a: Pelipper\n|-damage|p1a: Pelipper|0 fnt\n|faint|p1a: Pelipper\n|move|p1b: Ariados|Struggle Bug|p2a: Whimsicott|[spread] p2a,p2b\n|-damage|p2a: Whimsicott|85/100\n|-damage|p2b: Razor|92/100\n|-unboost|p2a: Whimsicott|spa|1\n|-unboost|p2b: Razor|spa|1\n|\n|-weather|SunnyDay|[upkeep]\n|upkeep\n|\n|t:|1776574691\n|switch|p1a: Sneasler|Sneasler, L50, M|100/100\n|turn|4\n|\n|t:|1776574708\n|move|p1a: Sneasler|Fake Out|p2b: Razor\n|-damage|p2b: Razor|74/100\n|move|p1b: Ariados|Rage Powder|p1b: Ariados\n|-singleturn|p1b: Ariados|move: Rage Powder\n|cant|p2b: Razor|flinch\n|move|p2a: Whimsicott|Moonblast|p1a: Sneasler\n|-damage|p1a: Sneasler|68/100\n|-unboost|p1a: Sneasler|spa|1\n|-enditem|p1a: Sneasler|White Herb\n|-clearnegativeboost|p1a: Sneasler|[silent]\n|\n|-weather|SunnyDay|[upkeep]\n|-sideend|p2: Anditto612|move: Tailwind\n|upkeep\n|turn|5\n|\n|t:|1776574728\n|move|p2a: Whimsicott|Tailwind|p2a: Whimsicott\n|-sidestart|p2: Anditto612|move: Tailwind\n|move|p2b: Razor|Earth Power|p1a: Sneasler\n|-supereffective|p1a: Sneasler|1\n|-damage|p1a: Sneasler|18/100\n|move|p1a: Sneasler|Dire Claw|p2a: Whimsicott\n|-supereffective|p2a: Whimsicott|2\n|-damage|p2a: Whimsicott|0 fnt\n|faint|p2a: Whimsicott\n|move|p1b: Ariados|Psychic|p2b: Razor\n|-supereffective|p2b: Razor|1\n|-damage|p2b: Razor|48/100\n|\n|-weather|SunnyDay|[upkeep]\n|upkeep\n|\n|t:|1776574739\n|switch|p2a: Igni|Typhlosion-Hisui, L50, M|100/100\n|-item|p1b: Ariados|Focus Sash|[from] ability: Frisk|[of] p2a: Igni\n|turn|6\n|\n|t:|1776574761\n|move|p1a: Sneasler|Protect|p1a: Sneasler\n|-singleturn|p1a: Sneasler|Protect\n|move|p2a: Igni|Eruption|p1b: Ariados|[spread] p1b\n|-activate|p1a: Sneasler|move: Protect\n|-supereffective|p1b: Ariados|1\n|-enditem|p1b: Ariados|Focus Sash\n|-damage|p1b: Ariados|1/100\n|move|p2b: Razor|Sleep Powder|p1b: Ariados|[miss]\n|-miss|p2b: Razor|p1b: Ariados\n|move|p1b: Ariados|Struggle Bug|p2b: Razor|[spread] p2a,p2b\n|-resisted|p2a: Igni|2\n|-damage|p2a: Igni|98/100\n|-damage|p2b: Razor|42/100\n|-unboost|p2a: Igni|spa|1\n|-unboost|p2b: Razor|spa|1\n|\n|-weather|none\n|upkeep\n|turn|7\n|inactive|123456547g has 30 seconds left.\n|\n|t:|1776574787\n|switch|p2a: Garchomp|Garchomp, L50, M|100/100\n|move|p1a: Sneasler|Dire Claw|p2a: Garchomp\n|-resisted|p2a: Garchomp|1\n|-damage|p2a: Garchomp|76/100\n|move|p2b: Razor|Earth Power|p1a: Sneasler\n|-supereffective|p1a: Sneasler|1\n|-damage|p1a: Sneasler|0 fnt\n|faint|p1a: Sneasler\n|move|p1b: Ariados|String Shot|p2b: Razor|[spread] p2a,p2b\n|-unboost|p2a: Garchomp|spe|2\n|-unboost|p2b: Razor|spe|2\n|\n|upkeep\n|\n|t:|1776574799\n|switch|p1a: Meganium|Meganium, L50, M|100/100\n|turn|8\n|inactive|123456547g has 30 seconds left.\n|inactive|123456547g has 20 seconds left.\n|inactive|123456547g has 15 seconds left.\n|\n|t:|1776574841\n|detailschange|p1a: Meganium|Meganium-Mega, L50, M\n|-mega|p1a: Meganium|Meganium|Meganiumite\n|detailschange|p2b: Razor|Venusaur-Mega, L50, M\n|-mega|p2b: Razor|Venusaur|Venusaurite\n|move|p2a: Garchomp|Protect|p2a: Garchomp\n|-singleturn|p2a: Garchomp|Protect\n|move|p1a: Meganium|Weather Ball|p2b: Razor\n|-supereffective|p2b: Razor|1\n|-damage|p2b: Razor|3/100\n|move|p2b: Razor|Sludge Bomb|p1a: Meganium\n|-supereffective|p1a: Meganium|2\n|-damage|p1a: Meganium|23/100\n|-status|p1a: Meganium|psn\n|move|p1b: Ariados|String Shot|p2a: Garchomp|[spread] p2b\n|-activate|p2a: Garchomp|move: Protect\n|-unboost|p2b: Razor|spe|2\n|\n|-damage|p1a: Meganium|11/100 psn|[from] psn\n|-sideend|p2: Anditto612|move: Tailwind\n|upkeep\n|turn|9\n|inactive|Anditto612 has 30 seconds left.\n|\n|t:|1776574867\n|move|p1a: Meganium|Synthesis|p1a: Meganium\n|-heal|p1a: Meganium|77/100 psn\n|move|p2a: Garchomp|Rock Slide|p1b: Ariados|[spread] p1a,p1b\n|-supereffective|p1b: Ariados|1\n|-damage|p1a: Meganium|58/100 psn\n|-damage|p1b: Ariados|0 fnt\n|faint|p1b: Ariados\n|move|p2b: Razor|Sludge Bomb|p1a: Meganium\n|-supereffective|p1a: Meganium|2\n|-damage|p1a: Meganium|0 fnt\n|faint|p1a: Meganium\n|\n|win|Anditto612\n|raw|123456547g's rating: 1084 &rarr; <strong>1060</strong><br />(-24 for losing)\n|raw|Anditto612's rating: 1062 &rarr; <strong>1095</strong><br />(+33 for winning)\n|c|\u2606Anditto612|Gg\n",
  "uploadtime": 1776574879,
  "views": 17,
  "formatid": "gen9championsvgc2026regma",
  "rating": 1060,
  "private": 0,
  "password": null
}