{
  "id": "gen9championsvgc2026regma-2584477634",
  "format": "[Gen 9 Champions] VGC 2026 Reg M-A",
  "players": [
    "DeShawn Banks",
    "mrmikeoos787"
  ],
  "log": "|j|\u2606DeShawn Banks\n|j|\u2606mrmikeoos787\n|t:|1776263502\n|gametype|doubles\n|player|p1|DeShawn Banks|2|1054\n|player|p2|mrmikeoos787|265|1033\n|gen|9\n|tier|[Gen 9 Champions] VGC 2026 Reg M-A\n|rated|\n|rule|Species Clause: Limit one of each Pok\u00e9mon\n|rule|Item Clause: Limit 1 of each item\n|clearpoke\n|poke|p1|Golurk, L50|\n|poke|p1|Farigiraf, L50, M|\n|poke|p1|Torkoal, L50, M|\n|poke|p1|Sneasler, L50, M|\n|poke|p1|Appletun, L50, F|\n|poke|p1|Incineroar, L50, M|\n|poke|p2|Empoleon, L50, F|\n|poke|p2|Incineroar, L50, F|\n|poke|p2|Whimsicott, L50, M|\n|poke|p2|Garchomp, L50, F|\n|poke|p2|Palafin, L50, M|\n|poke|p2|Meganium, L50, M|\n|teampreview|4\n|inactive|Battle timer is ON: inactive players will automatically lose when time's up. (requested by mrmikeoos787)\n|\n|t:|1776263525\n|teamsize|p1|4\n|teamsize|p2|4\n|start\n|switch|p1a: Sneasler|Sneasler, L50, M|100/100\n|switch|p1b: Farigiraf|Farigiraf, L50, M, shiny|100/100\n|switch|p2a: Empoleon|Empoleon, L50, F|100/100\n|switch|p2b: Meganium|Meganium, L50, M|100/100\n|turn|1\n|\n|t:|1776263537\n|move|p2b: Meganium|Protect|p2b: Meganium\n|-singleturn|p2b: Meganium|Protect\n|move|p2a: Empoleon|Protect|p2a: Empoleon\n|-singleturn|p2a: Empoleon|Protect\n|move|p1a: Sneasler|Fake Out|p2a: Empoleon\n|-activate|p2a: Empoleon|move: Protect\n|move|p1b: Farigiraf|Trick Room|p1b: Farigiraf\n|-fieldstart|move: Trick Room|[of] p1b: Farigiraf\n|\n|upkeep\n|turn|2\n|\n|t:|1776263563\n|switch|p1b: Golurk|Golurk, L50, shiny|100/100\n|move|p2a: Empoleon|Chilling Water|p1a: Sneasler\n|-damage|p1a: Sneasler|70/100\n|-unboost|p1a: Sneasler|atk|1\n|-enditem|p1a: Sneasler|White Herb\n|-clearnegativeboost|p1a: Sneasler|[silent]\n|move|p2b: Meganium|Dazzling Gleam|p1b: Golurk|[spread] p1a,p1b\n|-damage|p1a: Sneasler|49/100\n|-damage|p1b: Golurk|84/100\n|move|p1a: Sneasler|Dire Claw|p2b: Meganium\n|-supereffective|p2b: Meganium|1\n|-damage|p2b: Meganium|5/100\n|\n|upkeep\n|turn|3\n|\n|t:|1776263584\n|detailschange|p1b: Golurk|Golurk-Mega, L50, shiny\n|-mega|p1b: Golurk|Golurk|Golurkite\n|move|p2a: Empoleon|Protect|p2a: Empoleon\n|-singleturn|p2a: Empoleon|Protect\n|move|p2b: Meganium|Protect|p2b: Meganium\n|-singleturn|p2b: Meganium|Protect\n|move|p1b: Golurk|Drain Punch|p2a: Empoleon\n|-supereffective|p2a: Empoleon|1\n|-ability|p1b: Golurk|Unseen Fist\n|-zbroken|p2a: Empoleon\n|-damage|p2a: Empoleon|87/100\n|-heal|p1b: Golurk|90/100|[from] drain|[of] p2a: Empoleon\n|move|p1a: Sneasler|Coaching|p1b: Golurk\n|-boost|p1b: Golurk|atk|1\n|-boost|p1b: Golurk|def|1\n|\n|-heal|p2a: Empoleon|93/100|[from] item: Leftovers\n|upkeep\n|turn|4\n|inactive|DeShawn Banks has 30 seconds left.\n|\n|t:|1776263611\n|move|p1b: Golurk|Drain Punch|p2a: Empoleon\n|-supereffective|p2a: Empoleon|1\n|-damage|p2a: Empoleon|12/100\n|-heal|p1b: Golurk|100/100|[from] drain|[of] p2a: Empoleon\n|move|p2a: Empoleon|Chilling Water|p1b: Golurk\n|-supereffective|p1b: Golurk|1\n|-damage|p1b: Golurk|66/100\n|-unboost|p1b: Golurk|atk|1\n|move|p2b: Meganium|Dazzling Gleam|p1b: Golurk|[spread] p1a,p1b\n|-damage|p1a: Sneasler|27/100\n|-damage|p1b: Golurk|51/100\n|move|p1a: Sneasler|Coaching|p1b: Golurk\n|-boost|p1b: Golurk|atk|1\n|-boost|p1b: Golurk|def|1\n|\n|-heal|p2a: Empoleon|18/100|[from] item: Leftovers\n|upkeep\n|turn|5\n|\n|t:|1776263629\n|move|p1b: Golurk|Drain Punch|p2a: Empoleon\n|-supereffective|p2a: Empoleon|1\n|-damage|p2a: Empoleon|0 fnt\n|-heal|p1b: Golurk|60/100|[from] drain|[of] p2a: Empoleon\n|faint|p2a: Empoleon\n|move|p2b: Meganium|Dazzling Gleam|p1b: Golurk|[spread] p1a,p1b\n|-damage|p1a: Sneasler|6/100\n|-damage|p1b: Golurk|46/100\n|move|p1a: Sneasler|Dire Claw|p2b: Meganium\n|-supereffective|p2b: Meganium|1\n|-damage|p2b: Meganium|0 fnt\n|faint|p2b: Meganium\n|\n|-fieldend|move: Trick Room\n|upkeep\n|\n|t:|1776263641\n|switch|p2b: Garchomp|Garchomp, L50, F|100/100\n|switch|p2a: Incineroar|Incineroar, L50, F|100/100\n|-ability|p2a: Incineroar|Intimidate|boost\n|-unboost|p1a: Sneasler|atk|1\n|-unboost|p1b: Golurk|atk|1\n|turn|6\n|inactive|mrmikeoos787 has 30 seconds left.\n|inactive|mrmikeoos787 has 20 seconds left.\n|inactive|mrmikeoos787 has 15 seconds left.\n|\n|t:|1776263682\n|switch|p1a: Farigiraf|Farigiraf, L50, M, shiny|100/100\n|detailschange|p2b: Garchomp|Garchomp-Mega, L50, F\n|-mega|p2b: Garchomp|Garchomp|Garchompite\n|move|p2b: Garchomp|Rock Slide|p1a: Farigiraf|[spread] p1a,p1b\n|-resisted|p1b: Golurk|1\n|-damage|p1a: Farigiraf|78/100\n|-damage|p1b: Golurk|41/100\n|move|p2a: Incineroar|Flare Blitz|p1b: Golurk\n|-damage|p1b: Golurk|14/100\n|-damage|p2a: Incineroar|92/100|[from] Recoil\n|cant|p1b: Golurk|flinch\n|\n|-heal|p1a: Farigiraf|84/100|[from] item: Leftovers\n|upkeep\n|turn|7\n|inactive|mrmikeoos787 has 30 seconds left.\n|\n|t:|1776263708\n|switch|p1b: Appletun|Appletun, L50, F|100/100\n|move|p2b: Garchomp|Rock Slide|p1a: Farigiraf|[spread] p1a,p1b\n|-damage|p1a: Farigiraf|57/100\n|-damage|p1b: Appletun|77/100\n|move|p2a: Incineroar|Flare Blitz|p1b: Appletun\n|-damage|p1b: Appletun|47/100\n|-damage|p2a: Incineroar|81/100|[from] Recoil\n|move|p1a: Farigiraf|Trick Room|p1a: Farigiraf\n|-fieldstart|move: Trick Room|[of] p1a: Farigiraf\n|\n|-heal|p1a: Farigiraf|63/100|[from] item: Leftovers\n|upkeep\n|turn|8\n|inactive|DeShawn Banks has 30 seconds left.\n|inactive|mrmikeoos787 has 30 seconds left.\n|inactive|mrmikeoos787 has 20 seconds left.\n|inactive|mrmikeoos787 has 15 seconds left.\n|\n|t:|1776263753\n|move|p2a: Incineroar|Protect|p2a: Incineroar\n|-singleturn|p2a: Incineroar|Protect\n|move|p1b: Appletun|Leech Seed|p2a: Incineroar\n|-activate|p2a: Incineroar|move: Protect\n|move|p1a: Farigiraf|Hyper Voice|p2a: Incineroar|[spread] p2b\n|-activate|p2a: Incineroar|move: Protect\n|-damage|p2b: Garchomp|74/100\n|move|p2b: Garchomp|Earthquake|p1a: Farigiraf|[spread] p1a,p1b\n|-activate|p2a: Incineroar|move: Protect\n|-resisted|p1b: Appletun|1\n|-damage|p1a: Farigiraf|11/100\n|-damage|p1b: Appletun|25/100\n|\n|-heal|p1a: Farigiraf|17/100|[from] item: Leftovers\n|upkeep\n|turn|9\n|\n|t:|1776263774\n|move|p1b: Appletun|Leech Seed|p2a: Incineroar\n|-start|p2a: Incineroar|move: Leech Seed\n|move|p1a: Farigiraf|Hyper Voice|p2a: Incineroar|[spread] p2a,p2b\n|-damage|p2a: Incineroar|61/100\n|-damage|p2b: Garchomp|50/100\n|move|p2a: Incineroar|Flare Blitz|p1b: Appletun\n|-damage|p1b: Appletun|0 fnt\n|faint|p1b: Appletun\n|-damage|p2a: Incineroar|53/100|[from] Recoil\n|move|p2b: Garchomp|Rock Slide|p1a: Farigiraf\n|-damage|p1a: Farigiraf|0 fnt\n|faint|p1a: Farigiraf\n|\n|upkeep\n|\n|t:|1776263782\n|switch|p1b: Golurk|Golurk-Mega, L50, shiny|14/100\n|switch|p1a: Sneasler|Sneasler, L50, M|6/100\n|turn|10\n|\n|t:|1776263801\n|move|p1a: Sneasler|Fake Out|p2b: Garchomp\n|-damage|p2b: Garchomp|38/100\n|move|p1b: Golurk|Headlong Rush|p2a: Incineroar\n|-supereffective|p2a: Incineroar|1\n|-damage|p2a: Incineroar|0 fnt\n|-unboost|p1b: Golurk|def|1\n|-unboost|p1b: Golurk|spd|1\n|faint|p2a: Incineroar\n|cant|p2b: Garchomp|flinch\n|\n|upkeep\n|turn|11\n|\n|t:|1776263813\n|move|p2b: Garchomp|Protect|p2b: Garchomp\n|-singleturn|p2b: Garchomp|Protect\n|move|p1b: Golurk|Ice Punch|p2b: Garchomp\n|-supereffective|p2b: Garchomp|2\n|-ability|p1b: Golurk|Unseen Fist\n|-zbroken|p2b: Garchomp\n|-damage|p2b: Garchomp|8/100\n|move|p1a: Sneasler|Dire Claw|p2b: Garchomp\n|-activate|p2b: Garchomp|move: Protect\n|\n|-fieldend|move: Trick Room\n|upkeep\n|turn|12\n|\n|t:|1776263824\n|move|p1a: Sneasler|Protect|p1a: Sneasler\n|-singleturn|p1a: Sneasler|Protect\n|move|p2b: Garchomp|Earthquake|p1a: Sneasler|[spread] p1b\n|-activate|p1a: Sneasler|move: Protect\n|-damage|p1b: Golurk|0 fnt\n|faint|p1b: Golurk\n|\n|upkeep\n|turn|13\n|\n|t:|1776263833\n|move|p1a: Sneasler|Dire Claw|p2b: Garchomp\n|-resisted|p2b: Garchomp|1\n|-damage|p2b: Garchomp|0 fnt\n|faint|p2b: Garchomp\n|\n|win|DeShawn Banks\n|raw|DeShawn Banks's rating: 1054 &rarr; <strong>1084</strong><br />(+30 for winning)\n|raw|mrmikeoos787's rating: 1033 &rarr; <strong>1019</strong><br />(-14 for losing)\n|c|\u2606DeShawn Banks|Close\n|l|\u2606mrmikeoos787\n|player|p2|\n",
  "uploadtime": 1776263846,
  "views": 32,
  "formatid": "gen9championsvgc2026regma",
  "rating": 1019,
  "private": 0,
  "password": null
}