{
  "id": "gen9championsvgc2026regma-2589422358",
  "format": "[Gen 9 Champions] VGC 2026 Reg M-A",
  "players": [
    "soulamoule",
    "SirNeru"
  ],
  "log": "|j|\u2606soulamoule\n|j|\u2606SirNeru\n|t:|1776721635\n|gametype|doubles\n|player|p1|soulamoule|101|1319\n|player|p2|SirNeru|101|1324\n|gen|9\n|tier|[Gen 9 Champions] VGC 2026 Reg M-A\n|rated|\n|rule|Species Clause: Limit one of each Pok\u00e9mon\n|rule|Item Clause: Limit 1 of each item\n|clearpoke\n|poke|p1|Tyranitar, L50, M|\n|poke|p1|Incineroar, L50, F|\n|poke|p1|Sneasler, L50, F|\n|poke|p1|Sinistcha, L50|\n|poke|p1|Meganium, L50, F|\n|poke|p1|Excadrill, L50, F|\n|poke|p2|Tsareena, L50, F, shiny|\n|poke|p2|Blastoise, L50, M, shiny|\n|poke|p2|Pelipper, L50, F, shiny|\n|poke|p2|Talonflame, L50, F, shiny|\n|poke|p2|Medicham, L50, F|\n|poke|p2|Froslass, L50, F|\n|teampreview|4\n|\n|t:|1776721669\n|teamsize|p1|4\n|teamsize|p2|4\n|start\n|switch|p1a: Tyranitar|Tyranitar, L50, M|100/100\n|switch|p1b: Incineroar|Incineroar, L50, F|100/100\n|switch|p2a: Blastoise|Blastoise, L50, M, shiny|100/100\n|switch|p2b: Tsareena|Tsareena, L50, F, shiny|100/100\n|-weather|Sandstorm|[from] ability: Sand Stream|[of] p1a: Tyranitar\n|-ability|p1b: Incineroar|Intimidate|boost\n|-unboost|p2a: Blastoise|atk|1\n|-unboost|p2b: Tsareena|atk|1\n|turn|1\n|inactive|Battle timer is ON: inactive players will automatically lose when time's up. (requested by soulamoule)\n|\n|t:|1776721694\n|detailschange|p2a: Blastoise|Blastoise-Mega, L50, M, shiny\n|-mega|p2a: Blastoise|Blastoise|Blastoisinite\n|move|p1a: Tyranitar|Protect|p1a: Tyranitar\n|-singleturn|p1a: Tyranitar|Protect\n|move|p1b: Incineroar|Fake Out||[still]\n|cant|p2b: Tsareena|ability: Queenly Majesty|Fake Out|[of] p1b: Incineroar\n|move|p2a: Blastoise|Shell Smash|p2a: Blastoise\n|-unboost|p2a: Blastoise|def|1\n|-unboost|p2a: Blastoise|spd|1\n|-boost|p2a: Blastoise|atk|2\n|-boost|p2a: Blastoise|spa|2\n|-boost|p2a: Blastoise|spe|2\n|move|p2b: Tsareena|Power Whip|p1a: Tyranitar\n|-activate|p1a: Tyranitar|move: Protect\n|\n|-weather|Sandstorm|[upkeep]\n|-damage|p2a: Blastoise|95/100|[from] Sandstorm\n|-damage|p1b: Incineroar|95/100|[from] Sandstorm\n|-damage|p2b: Tsareena|94/100|[from] Sandstorm\n|upkeep\n|turn|2\n|\n|t:|1776721719\n|switch|p1a: Sinistcha|Sinistcha, L50|100/100\n|-heal|p1b: Incineroar|100/100|[from] ability: Hospitality|[of] p1a: Sinistcha\n|move|p2b: Tsareena|Helping Hand|p2a: Blastoise\n|-singleturn|p2a: Blastoise|Helping Hand|[of] p2b: Tsareena\n|move|p2a: Blastoise|Water Spout|p1a: Sinistcha|[spread] p1a,p1b\n|-resisted|p1a: Sinistcha|1\n|-supereffective|p1b: Incineroar|1\n|-damage|p1a: Sinistcha|28/100\n|-damage|p1b: Incineroar|0 fnt\n|faint|p1b: Incineroar\n|\n|-weather|Sandstorm|[upkeep]\n|-damage|p2a: Blastoise|89/100|[from] Sandstorm\n|-damage|p2b: Tsareena|88/100|[from] Sandstorm\n|-damage|p1a: Sinistcha|22/100|[from] Sandstorm\n|-heal|p1a: Sinistcha|28/100|[from] item: Leftovers\n|upkeep\n|\n|t:|1776721729\n|switch|p1b: Excadrill|Excadrill, L50, F|100/100\n|turn|3\n|\n|t:|1776721749\n|move|p2a: Blastoise|Protect|p2a: Blastoise\n|-singleturn|p2a: Blastoise|Protect\n|move|p1b: Excadrill|Protect|p1b: Excadrill\n|-singleturn|p1b: Excadrill|Protect\n|move|p1a: Sinistcha|Protect|p1a: Sinistcha\n|-singleturn|p1a: Sinistcha|Protect\n|move|p2b: Tsareena|Power Whip|p1b: Excadrill\n|-activate|p1b: Excadrill|move: Protect\n|\n|-weather|Sandstorm|[upkeep]\n|-damage|p2a: Blastoise|83/100|[from] Sandstorm\n|-damage|p2b: Tsareena|82/100|[from] Sandstorm\n|-damage|p1a: Sinistcha|22/100|[from] Sandstorm\n|-heal|p1a: Sinistcha|28/100|[from] item: Leftovers\n|upkeep\n|turn|4\n|\n|t:|1776721764\n|switch|p2b: Pelipper|Pelipper, L50, F, shiny|100/100\n|-weather|RainDance|[from] ability: Drizzle|[of] p2b: Pelipper\n|move|p1a: Sinistcha|Rage Powder|p1a: Sinistcha\n|-singleturn|p1a: Sinistcha|move: Rage Powder\n|move|p2a: Blastoise|Water Spout|p1b: Excadrill|[spread] p1a,p1b\n|-resisted|p1a: Sinistcha|1\n|-supereffective|p1b: Excadrill|1\n|-damage|p1a: Sinistcha|0 fnt\n|-enditem|p1b: Excadrill|Focus Sash\n|-damage|p1b: Excadrill|1/100\n|faint|p1a: Sinistcha\n|move|p1b: Excadrill|High Horsepower|p2a: Blastoise\n|-damage|p2a: Blastoise|6/100\n|\n|-weather|RainDance|[upkeep]\n|upkeep\n|\n|t:|1776721774\n|switch|p1a: Tyranitar|Tyranitar, L50, M|100/100\n|-weather|Sandstorm|[from] ability: Sand Stream|[of] p1a: Tyranitar\n|turn|5\n|inactive|SirNeru has 30 seconds left.\n|\n|t:|1776721807\n|switch|p2b: Tsareena|Tsareena, L50, F, shiny|82/100\n|move|p2a: Blastoise|Protect|p2a: Blastoise\n|-singleturn|p2a: Blastoise|Protect\n|move|p1b: Excadrill|Protect|p1b: Excadrill\n|-singleturn|p1b: Excadrill|Protect\n|move|p1a: Tyranitar|Protect||[still]\n|-fail|p1a: Tyranitar\n|\n|-weather|Sandstorm|[upkeep]\n|-damage|p2a: Blastoise|0 fnt|[from] Sandstorm\n|-damage|p2b: Tsareena|76/100|[from] Sandstorm\n|faint|p2a: Blastoise\n|upkeep\n|\n|t:|1776721809\n|switch|p2a: Pelipper|Pelipper, L50, F, shiny|100/100\n|-weather|RainDance|[from] ability: Drizzle|[of] p2a: Pelipper\n|turn|6\n|\n|t:|1776721830\n|detailschange|p1a: Tyranitar|Tyranitar-Mega, L50, M\n|-mega|p1a: Tyranitar|Tyranitar|Tyranitarite\n|-weather|Sandstorm|[from] ability: Sand Stream|[of] p1a: Tyranitar\n|move|p2a: Pelipper|Wide Guard|p2a: Pelipper\n|-singleturn|p2a: Pelipper|Wide Guard\n|move|p1b: Excadrill|Rock Slide|p2a: Pelipper|[spread] \n|-activate|p2a: Pelipper|move: Wide Guard\n|-activate|p2b: Tsareena|move: Wide Guard\n|move|p1a: Tyranitar|Rock Slide|p2b: Tsareena|[spread] \n|-activate|p2a: Pelipper|move: Wide Guard\n|-activate|p2b: Tsareena|move: Wide Guard\n|move|p2b: Tsareena|Power Whip|p1b: Excadrill\n|-damage|p1b: Excadrill|0 fnt\n|faint|p1b: Excadrill\n|\n|-weather|Sandstorm|[upkeep]\n|-damage|p2a: Pelipper|95/100|[from] Sandstorm\n|-damage|p2b: Tsareena|70/100|[from] Sandstorm\n|upkeep\n|turn|7\n|\n|t:|1776721841\n|move|p2a: Pelipper|Wide Guard|p2a: Pelipper\n|-singleturn|p2a: Pelipper|Wide Guard\n|move|p1a: Tyranitar|Rock Slide|p2a: Pelipper|[spread] \n|-activate|p2a: Pelipper|move: Wide Guard\n|-activate|p2b: Tsareena|move: Wide Guard\n|move|p2b: Tsareena|Power Whip|p1a: Tyranitar\n|-supereffective|p1a: Tyranitar|1\n|-damage|p1a: Tyranitar|6/100\n|\n|-weather|Sandstorm|[upkeep]\n|-damage|p2a: Pelipper|89/100|[from] Sandstorm\n|-damage|p2b: Tsareena|64/100|[from] Sandstorm\n|upkeep\n|turn|8\n|-message|soulamoule forfeited.\n|\n|win|SirNeru\n|raw|soulamoule's rating: 1319 &rarr; <strong>1299</strong><br />(-20 for losing)\n|raw|SirNeru's rating: 1324 &rarr; <strong>1344</strong><br />(+20 for winning)\n|l|\u2606soulamoule\n|player|p1|\n",
  "uploadtime": 1776721856,
  "views": 12,
  "formatid": "gen9championsvgc2026regma",
  "rating": 1299,
  "private": 0,
  "password": null
}