{
  "id": "gen9championsvgc2026regma-2587840979",
  "format": "[Gen 9 Champions] VGC 2026 Reg M-A",
  "players": [
    "freshveggies2",
    "Scyche"
  ],
  "log": "|j|\u2606freshveggies2\n|j|\u2606Scyche\n|html|<table width=\"100%\"><tr><td align=\"left\">freshveggies2</td><td align=\"right\">Scyche</tr><tr><td align=\"left\"><i class=\"fa fa-circle-o\"></i> <i class=\"fa fa-circle-o\"></i> </td><td align=\"right\"><i class=\"fa fa-circle-o\"></i> <i class=\"fa fa-circle-o\"></i> </tr></table>\n|uhtml|bestof|<h2><strong>Game 1</strong> of <a href=\"/game-bestof3-gen9championsvgc2026regma-2587840978\">a best-of-3</a></h2>\n|t:|1776569499\n|gametype|doubles\n|player|p1|freshveggies2|102|\n|player|p2|Scyche|morty|\n|gen|9\n|tier|[Gen 9 Champions] VGC 2026 Reg M-A\n|rule|Species Clause: Limit one of each Pok\u00e9mon\n|rule|Item Clause: Limit 1 of each item\n|raw|<div class=\"infobox\"><details class=\"readmore\" open><summary><strong>1 custom rule:</strong></summary> Best of = 3</details></div>\n|clearpoke\n|poke|p1|Aerodactyl, L50, M|\n|poke|p1|Charizard, L50, F|\n|poke|p1|Farigiraf, L50, M|\n|poke|p1|Basculegion-F, L50, F|\n|poke|p1|Tinkaton, L50, F|\n|poke|p1|Garchomp, L50, M|\n|poke|p2|Floette-Eternal, L50, F|\n|poke|p2|Vivillon, L50, F, shiny|\n|poke|p2|Dragapult, L50, M, shiny|\n|poke|p2|Slowking-Galar, L50, M, shiny|\n|poke|p2|Delphox, L50, F, shiny|\n|poke|p2|Garganacl, L50, F, shiny|\n|teampreview|4\n|c|\u2606freshveggies2|glhf\n|c|\u2606Scyche|you too\n|\n|t:|1776569611\n|teamsize|p1|4\n|teamsize|p2|4\n|start\n|switch|p1a: Tinkaton|Tinkaton, L50, F|100/100\n|switch|p1b: Aerodactyl|Aerodactyl, L50, M|100/100\n|switch|p2a: Dragapult|Dragapult, L50, M, shiny|100/100\n|switch|p2b: Vivillon|Vivillon, L50, F, shiny|100/100\n|turn|1\n|\n|t:|1776569642\n|move|p2a: Dragapult|Thunder|p1b: Aerodactyl\n|-supereffective|p1b: Aerodactyl|1\n|-enditem|p1b: Aerodactyl|Focus Sash\n|-damage|p1b: Aerodactyl|1/100\n|move|p1b: Aerodactyl|Rock Slide|p2b: Vivillon|[spread] p2a,p2b\n|-supereffective|p2b: Vivillon|2\n|-damage|p2a: Dragapult|75/100\n|-enditem|p2b: Vivillon|Focus Sash\n|-damage|p2b: Vivillon|1/100\n|cant|p2b: Vivillon|flinch\n|move|p1a: Tinkaton|Knock Off|p2a: Dragapult\n|-supereffective|p2a: Dragapult|1\n|-damage|p2a: Dragapult|23/100\n|-enditem|p2a: Dragapult|Magnet|[from] move: Knock Off|[of] p1a: Tinkaton\n|\n|upkeep\n|turn|2\n|\n|t:|1776569706\n|move|p1b: Aerodactyl|Protect|p1b: Aerodactyl\n|-singleturn|p1b: Aerodactyl|Protect\n|move|p2b: Vivillon|Protect|p2b: Vivillon\n|-singleturn|p2b: Vivillon|Protect\n|move|p2a: Dragapult|U-turn|p1b: Aerodactyl\n|-activate|p1b: Aerodactyl|move: Protect\n|move|p1a: Tinkaton|Rock Slide|p2b: Vivillon|[spread] p2a\n|-activate|p2b: Vivillon|move: Protect\n|-damage|p2a: Dragapult|8/100\n|\n|upkeep\n|turn|3\n|\n|t:|1776569741\n|switch|p1b: Garchomp|Garchomp, L50, M|100/100\n|move|p2a: Dragapult|U-turn|p1b: Garchomp\n|-damage|p1b: Garchomp|84/100\n|-damage|p2a: Dragapult|0 fnt|[from] ability: Rough Skin|[of] p1b: Garchomp\n|faint|p2a: Dragapult\n|move|p2b: Vivillon|Tailwind|p2b: Vivillon\n|-sidestart|p2: Scyche|move: Tailwind\n|move|p1a: Tinkaton|Rock Slide|p2b: Vivillon\n|-supereffective|p2b: Vivillon|2\n|-damage|p2b: Vivillon|0 fnt\n|faint|p2b: Vivillon\n|\n|upkeep\n|\n|t:|1776569752\n|switch|p2a: Floette|Floette-Eternal, L50, F|100/100\n|switch|p2b: Garganacl|Garganacl, L50, F, shiny|100/100\n|turn|4\n|\n|t:|1776569788\n|detailschange|p2a: Floette|Floette-Mega, L50, F\n|-mega|p2a: Floette|Floette|Floettite\n|-ability|p2a: Floette|Fairy Aura\n|move|p1b: Garchomp|Protect|p1b: Garchomp\n|-singleturn|p1b: Garchomp|Protect\n|move|p2a: Floette|Dazzling Gleam|p1a: Tinkaton|[spread] p1a\n|-activate|p1b: Garchomp|move: Protect\n|-resisted|p1a: Tinkaton|1\n|-damage|p1a: Tinkaton|81/100\n|move|p1a: Tinkaton|Gigaton Hammer|p2a: Floette\n|-supereffective|p2a: Floette|1\n|-damage|p2a: Floette|0 fnt\n|faint|p2a: Floette\n|move|p2b: Garganacl|Iron Defense|p2b: Garganacl\n|-boost|p2b: Garganacl|def|2\n|\n|upkeep\n|turn|5\n|\n|t:|1776569815\n|move|p1b: Garchomp|Dragon Claw|p2b: Garganacl\n|-damage|p2b: Garganacl|84/100\n|move|p1a: Tinkaton|Knock Off|p2b: Garganacl\n|-damage|p2b: Garganacl|75/100\n|-enditem|p2b: Garganacl|Leftovers|[from] move: Knock Off|[of] p1a: Tinkaton\n|move|p2b: Garganacl|Rock Slide|p1a: Tinkaton|[spread] p1a\n|-miss|p2b: Garganacl|p1b: Garchomp\n|-resisted|p1a: Tinkaton|1\n|-damage|p1a: Tinkaton|70/100\n|\n|upkeep\n|turn|6\n|\n|t:|1776569825\n|move|p1b: Garchomp|Dragon Claw|p2b: Garganacl\n|-damage|p2b: Garganacl|59/100\n|move|p1a: Tinkaton|Gigaton Hammer|p2b: Garganacl\n|-supereffective|p2b: Garganacl|1\n|-damage|p2b: Garganacl|15/100\n|move|p2b: Garganacl|Iron Defense|p2b: Garganacl\n|-boost|p2b: Garganacl|def|2\n|\n|-sideend|p2: Scyche|move: Tailwind\n|upkeep\n|turn|7\n|\n|t:|1776569835\n|move|p1b: Garchomp|Dragon Claw|p2b: Garganacl\n|-damage|p2b: Garganacl|4/100\n|move|p1a: Tinkaton|Knock Off|p2b: Garganacl\n|-damage|p2b: Garganacl|0 fnt\n|faint|p2b: Garganacl\n|\n|win|freshveggies2\n||freshveggies2 is ready for game 2.\n||Scyche is ready for game 2.\n|uhtml|next|Next: <a href=\"/battle-gen9championsvgc2026regma-2587844159\"><strong>Game 2 of 3</strong></a>\n",
  "uploadtime": 1776570033,
  "views": 24,
  "formatid": "gen9championsvgc2026regma",
  "rating": null,
  "private": 0,
  "password": null
}