{
  "id": "gen9championsvgc2026regma-2588963384",
  "format": "[Gen 9 Champions] VGC 2026 Reg M-A",
  "players": [
    "Chef204",
    "Sublamb"
  ],
  "log": "|j|\u2606Chef204\n|j|\u2606Sublamb\n|t:|1776689912\n|gametype|doubles\n|player|p1|Chef204|cynthia-gen4|1174\n|player|p2|Sublamb|266|1095\n|gen|9\n|tier|[Gen 9 Champions] VGC 2026 Reg M-A\n|rated|\n|rule|Species Clause: Limit one of each Pok\u00e9mon\n|rule|Item Clause: Limit 1 of each item\n|clearpoke\n|poke|p1|Scovillain, L50, M|\n|poke|p1|Incineroar, L50, M|\n|poke|p1|Politoed, L50, M|\n|poke|p1|Sneasler, L50, M|\n|poke|p1|Milotic, L50, F|\n|poke|p1|Glimmora, L50, F, shiny|\n|poke|p2|Basculegion, L50, M|\n|poke|p2|Gyarados, L50, M|\n|poke|p2|Archaludon, L50, M|\n|poke|p2|Milotic, L50, M|\n|poke|p2|Banette, L50, F|\n|poke|p2|Sinistcha, L50|\n|teampreview|4\n|inactive|Battle timer is ON: inactive players will automatically lose when time's up. (requested by Chef204)\n|inactive|Chef204 has 60 seconds left.\n|inactive|Chef204 has 30 seconds left.\n|inactive|Chef204 has 20 seconds left.\n|inactive|Chef204 has 15 seconds left.\n|inactive|Chef204 has 10 seconds left.\n|\n|t:|1776689997\n|teamsize|p1|4\n|teamsize|p2|4\n|start\n|switch|p1a: I hate myself|Scovillain, L50, M|100/100\n|switch|p1b: Sneasler|Sneasler, L50, M|100/100\n|switch|p2a: Milotic|Milotic, L50, M|100/100\n|switch|p2b: Banette|Banette, L50, F|100/100\n|-item|p1a: I hate myself|Scovillainite|[from] ability: Frisk|[of] p2b: Banette\n|-item|p1b: Sneasler|White Herb|[from] ability: Frisk|[of] p2b: Banette\n|turn|1\n|\n|t:|1776690013\n|detailschange|p2b: Banette|Banette-Mega, L50, F\n|-mega|p2b: Banette|Banette|Banettite\n|move|p1a: I hate myself|Protect|p1a: I hate myself\n|-singleturn|p1a: I hate myself|Protect\n|move|p1b: Sneasler|Fake Out|p2a: Milotic\n|-damage|p2a: Milotic|86/100\n|move|p2b: Banette|Will-O-Wisp|p1b: Sneasler\n|-status|p1b: Sneasler|brn\n|cant|p2a: Milotic|flinch\n|\n|-damage|p1b: Sneasler|94/100 brn|[from] brn\n|-ability|p1a: I hate myself|Moody|boost\n|-boost|p1a: I hate myself|spe|2\n|-unboost|p1a: I hate myself|def|1\n|upkeep\n|turn|2\n|\n|t:|1776690038\n|detailschange|p1a: I hate myself|Scovillain-Mega, L50, M\n|-mega|p1a: I hate myself|Scovillain|Scovillainite\n|move|p1a: I hate myself|Super Fang|p2a: Milotic\n|-damage|p2a: Milotic|44/100\n|move|p1b: Sneasler|Close Combat|p2a: Milotic\n|-damage|p2a: Milotic|12/100\n|-unboost|p1b: Sneasler|def|1\n|-unboost|p1b: Sneasler|spd|1\n|-enditem|p1b: Sneasler|White Herb\n|-clearnegativeboost|p1b: Sneasler|[silent]\n|move|p2b: Banette|Poltergeist||[still]\n|-fail|p2b: Banette\n|move|p2a: Milotic|Coil|p2a: Milotic\n|-boost|p2a: Milotic|atk|1\n|-boost|p2a: Milotic|def|1\n|-boost|p2a: Milotic|accuracy|1\n|\n|-damage|p1b: Sneasler|88/100 brn|[from] brn\n|upkeep\n|turn|3\n|\n|t:|1776690058\n|move|p2b: Banette|Rain Dance|p2b: Banette\n|-weather|RainDance\n|move|p1b: Sneasler|Close Combat|p2a: Milotic\n|-damage|p2a: Milotic|0 fnt\n|-unboost|p1b: Sneasler|def|1\n|-unboost|p1b: Sneasler|spd|1\n|faint|p2a: Milotic\n|move|p1a: I hate myself|Overheat|p2b: Banette\n|-damage|p2b: Banette|57/100\n|-unboost|p1a: I hate myself|spa|2\n|\n|-weather|RainDance|[upkeep]\n|-damage|p1b: Sneasler|82/100 brn|[from] brn\n|upkeep\n|\n|t:|1776690070\n|switch|p2a: Basculegion|Basculegion, L50, M|100/100\n|turn|4\n|\n|t:|1776690081\n|move|p1a: I hate myself|Rage Powder|p1a: I hate myself\n|-singleturn|p1a: I hate myself|move: Rage Powder\n|move|p2b: Banette|Destiny Bond|p2b: Banette\n|-singlemove|p2b: Banette|Destiny Bond\n|move|p1b: Sneasler|Dire Claw|p2b: Banette\n|-resisted|p2b: Banette|1\n|-damage|p2b: Banette|40/100\n|move|p2a: Basculegion|Liquidation|p1a: I hate myself\n|-damage|p1a: I hate myself|0 fnt\n|-status|p2a: Basculegion|brn|[from] ability: Spicy Spray|[of] p1a: I hate myself\n|faint|p1a: I hate myself\n|\n|-weather|RainDance|[upkeep]\n|-damage|p1b: Sneasler|75/100 brn|[from] brn\n|-damage|p2a: Basculegion|94/100 brn|[from] brn\n|upkeep\n|\n|t:|1776690094\n|switch|p1a: Lillie|Milotic, L50, F|100/100\n|turn|5\n|\n|t:|1776690103\n|switch|p2a: Sinistcha|Sinistcha, L50|100/100\n|-heal|p2b: Banette|64/100|[from] ability: Hospitality|[of] p2a: Sinistcha\n|move|p1b: Sneasler|Dire Claw|p2b: Banette\n|-resisted|p2b: Banette|1\n|-damage|p2b: Banette|47/100\n|move|p2b: Banette|Poltergeist|p1a: Lillie\n|-activate|p1a: Lillie|move: Poltergeist|Leftovers\n|-damage|p1a: Lillie|33/100\n|move|p1a: Lillie|Coil|p1a: Lillie\n|-boost|p1a: Lillie|atk|1\n|-boost|p1a: Lillie|def|1\n|-boost|p1a: Lillie|accuracy|1\n|\n|-weather|RainDance|[upkeep]\n|-heal|p1a: Lillie|40/100|[from] item: Leftovers\n|-damage|p1b: Sneasler|69/100 brn|[from] brn\n|upkeep\n|turn|6\n|\n|t:|1776690124\n|move|p1a: Lillie|Protect|p1a: Lillie\n|-singleturn|p1a: Lillie|Protect\n|move|p1b: Sneasler|Dire Claw|p2b: Banette\n|-resisted|p2b: Banette|1\n|-damage|p2b: Banette|28/100\n|move|p2b: Banette|Poltergeist|p1a: Lillie\n|-activate|p1a: Lillie|move: Protect\n|move|p2a: Sinistcha|Matcha Gotcha|p1a: Lillie|[spread] p1b\n|-activate|p1a: Lillie|move: Protect\n|-resisted|p1b: Sneasler|1\n|-damage|p1b: Sneasler|45/100 brn\n|\n|-weather|RainDance|[upkeep]\n|-heal|p1a: Lillie|46/100|[from] item: Leftovers\n|-damage|p1b: Sneasler|39/100 brn|[from] brn\n|upkeep\n|turn|7\n|\n|t:|1776690142\n|move|p2b: Banette|Destiny Bond|p2b: Banette\n|-singlemove|p2b: Banette|Destiny Bond\n|move|p1b: Sneasler|Dire Claw|p2b: Banette\n|-resisted|p2b: Banette|1\n|-damage|p2b: Banette|10/100\n|move|p1a: Lillie|Life Dew|p1a: Lillie|[spread] p1a,p1b\n|-heal|p1a: Lillie|71/100\n|-heal|p1b: Sneasler|64/100 brn\n|move|p2a: Sinistcha|Matcha Gotcha|p1a: Lillie|[spread] p1a,p1b\n|-supereffective|p1a: Lillie|1\n|-resisted|p1b: Sneasler|1\n|-damage|p1a: Lillie|43/100\n|-damage|p1b: Sneasler|40/100 brn\n|\n|-weather|none\n|-heal|p1a: Lillie|49/100|[from] item: Leftovers\n|-damage|p1b: Sneasler|34/100 brn|[from] brn\n|upkeep\n|turn|8\n|\n|t:|1776690160\n|move|p1a: Lillie|Protect|p1a: Lillie\n|-singleturn|p1a: Lillie|Protect\n|move|p1b: Sneasler|Dire Claw|p2b: Banette\n|-resisted|p2b: Banette|1\n|-damage|p2b: Banette|0 fnt\n|faint|p2b: Banette\n|-activate|p2b: Banette|move: Destiny Bond\n|faint|p1b: Sneasler\n|move|p2a: Sinistcha|Matcha Gotcha|p1a: Lillie\n|-activate|p1a: Lillie|move: Protect\n|\n|-heal|p1a: Lillie|55/100|[from] item: Leftovers\n|upkeep\n|\n|t:|1776690172\n|switch|p1b: Paul Y Toed|Politoed, L50, M|100/100\n|switch|p2b: Basculegion|Basculegion, L50, M|94/100 brn\n|-weather|RainDance|[from] ability: Drizzle|[of] p1b: Paul Y Toed\n|turn|9\n|\n|t:|1776690179\n|move|p2b: Basculegion|Last Respects|p1a: Lillie\n|-damage|p1a: Lillie|29/100\n|move|p1a: Lillie|Life Dew||[still]|[spread] p1a,p1b\n|-heal|p1a: Lillie|54/100\n|-fail|p1b: Paul Y Toed|heal\n|move|p2a: Sinistcha|Matcha Gotcha|p1a: Lillie|[spread] p1a,p1b\n|-supereffective|p1a: Lillie|1\n|-supereffective|p1b: Paul Y Toed|1\n|-damage|p1a: Lillie|22/100\n|-damage|p1b: Paul Y Toed|57/100\n|move|p1b: Paul Y Toed|Perish Song|p1b: Paul Y Toed\n|-start|p1a: Lillie|perish3|[silent]\n|-start|p1b: Paul Y Toed|perish3|[silent]\n|-start|p2a: Sinistcha|perish3|[silent]\n|-start|p2b: Basculegion|perish3|[silent]\n|-fieldactivate|move: Perish Song\n|\n|-weather|RainDance|[upkeep]\n|-heal|p1a: Lillie|28/100|[from] item: Leftovers\n|-damage|p2b: Basculegion|88/100 brn|[from] brn\n|-start|p2b: Basculegion|perish3\n|-start|p1a: Lillie|perish3\n|-start|p2a: Sinistcha|perish3\n|-start|p1b: Paul Y Toed|perish3\n|upkeep\n|turn|10\n|\n|t:|1776690199\n|move|p1a: Lillie|Protect|p1a: Lillie\n|-singleturn|p1a: Lillie|Protect\n|move|p1b: Paul Y Toed|Protect|p1b: Paul Y Toed\n|-singleturn|p1b: Paul Y Toed|Protect\n|move|p2b: Basculegion|Last Respects|p1a: Lillie\n|-activate|p1a: Lillie|move: Protect\n|move|p2a: Sinistcha|Matcha Gotcha|p1b: Paul Y Toed|[spread] \n|-activate|p1a: Lillie|move: Protect\n|-activate|p1b: Paul Y Toed|move: Protect\n|\n|-weather|RainDance|[upkeep]\n|-heal|p1a: Lillie|34/100|[from] item: Leftovers\n|-damage|p2b: Basculegion|82/100 brn|[from] brn\n|-start|p2b: Basculegion|perish2\n|-start|p1a: Lillie|perish2\n|-start|p1b: Paul Y Toed|perish2\n|-start|p2a: Sinistcha|perish2\n|upkeep\n|turn|11\n|\n|t:|1776690219\n|move|p2b: Basculegion|Last Respects|p1a: Lillie\n|-damage|p1a: Lillie|8/100\n|move|p1a: Lillie|Life Dew|p1a: Lillie|[spread] p1a,p1b\n|-heal|p1a: Lillie|33/100\n|-heal|p1b: Paul Y Toed|82/100\n|move|p2a: Sinistcha|Matcha Gotcha|p1b: Paul Y Toed|[spread] p1a,p1b\n|-supereffective|p1a: Lillie|1\n|-supereffective|p1b: Paul Y Toed|1\n|-damage|p1a: Lillie|2/100\n|-damage|p1b: Paul Y Toed|35/100\n|-status|p1b: Paul Y Toed|brn\n|-enditem|p1b: Paul Y Toed|Sitrus Berry|[eat]\n|-heal|p1b: Paul Y Toed|60/100 brn|[from] item: Sitrus Berry\n|move|p1b: Paul Y Toed|Psychic|p2a: Sinistcha\n|-damage|p2a: Sinistcha|82/100\n|\n|-weather|RainDance|[upkeep]\n|-heal|p1a: Lillie|8/100|[from] item: Leftovers\n|-damage|p2b: Basculegion|76/100 brn|[from] brn\n|-damage|p1b: Paul Y Toed|54/100 brn|[from] brn\n|-start|p2b: Basculegion|perish1\n|-start|p1a: Lillie|perish1\n|-start|p1b: Paul Y Toed|perish1\n|-start|p2a: Sinistcha|perish1\n|upkeep\n|turn|12\n|c|\u2606Chef204|Gg\n|inactive|Sublamb has 30 seconds left.\n|\n|t:|1776690246\n|move|p1a: Lillie|Protect|p1a: Lillie\n|-singleturn|p1a: Lillie|Protect\n|move|p1b: Paul Y Toed|Protect|p1b: Paul Y Toed\n|-singleturn|p1b: Paul Y Toed|Protect\n|move|p2b: Basculegion|Last Respects|p1a: Lillie\n|-activate|p1a: Lillie|move: Protect\n|move|p2a: Sinistcha|Matcha Gotcha|p1b: Paul Y Toed|[spread] \n|-activate|p1a: Lillie|move: Protect\n|-activate|p1b: Paul Y Toed|move: Protect\n|\n|-weather|RainDance|[upkeep]\n|-heal|p1a: Lillie|14/100|[from] item: Leftovers\n|-damage|p2b: Basculegion|70/100 brn|[from] brn\n|-damage|p1b: Paul Y Toed|47/100 brn|[from] brn\n|-start|p2b: Basculegion|perish0\n|-start|p1a: Lillie|perish0\n|-start|p2a: Sinistcha|perish0\n|-start|p1b: Paul Y Toed|perish0\n|faint|p2b: Basculegion\n|faint|p1a: Lillie\n|faint|p2a: Sinistcha\n|faint|p1b: Paul Y Toed\n|\n|win|Chef204\n|raw|Chef204's rating: 1174 &rarr; <strong>1193</strong><br />(+19 for winning)\n|raw|Sublamb's rating: 1095 &rarr; <strong>1076</strong><br />(-19 for losing)\n|l|\u2606Sublamb\n|player|p2|\n",
  "uploadtime": 1776690268,
  "views": 2,
  "formatid": "gen9championsvgc2026regma",
  "rating": 1076,
  "private": 0,
  "password": null
}