{
  "id": "gen9championsvgc2026regma-2583497325",
  "format": "[Gen 9 Champions] VGC 2026 Reg M-A",
  "players": [
    "M2P Mikey",
    "TreePotato"
  ],
  "log": "|j|\u2606M2P Mikey\n|j|\u2606TreePotato\n|t:|1776179402\n|gametype|doubles\n|player|p1|M2P Mikey|scientist|1072\n|player|p2|TreePotato|cheren|1012\n|gen|9\n|tier|[Gen 9 Champions] VGC 2026 Reg M-A\n|rated|\n|rule|Species Clause: Limit one of each Pok\u00e9mon\n|rule|Item Clause: Limit 1 of each item\n|clearpoke\n|poke|p1|Sableye, L50, F|\n|poke|p1|Glimmora, L50, F|\n|poke|p1|Corviknight, L50, M|\n|poke|p1|Incineroar, L50, M|\n|poke|p1|Milotic, L50, F|\n|poke|p1|Sinistcha-Masterpiece, L50|\n|poke|p2|Liepard, L50, F|\n|poke|p2|Charizard, L50, F|\n|poke|p2|Heliolisk, L50, F|\n|poke|p2|Leafeon, L50, M|\n|poke|p2|Aerodactyl, L50, M|\n|poke|p2|Sneasler, L50, M|\n|teampreview|4\nM2P Mikey rejected open team sheets.\n|\n|t:|1776179426\n|teamsize|p1|4\n|teamsize|p2|4\n|start\n|switch|p1a: Sableye|Sableye, L50, F|100/100\n|switch|p1b: Glimmora|Glimmora, L50, F|100/100\n|switch|p2a: Charizard|Charizard, L50, F, shiny|100/100\n|switch|p2b: Liepard|Liepard, L50, F, shiny|100/100\n|turn|1\n|\n|t:|1776179447\n|detailschange|p2a: Charizard|Charizard-Mega-Y, L50, F, shiny\n|-mega|p2a: Charizard|Charizard|Charizardite Y\n|-weather|SunnyDay|[from] ability: Drought|[of] p2a: Charizard\n|move|p1b: Glimmora|Spiky Shield|p1b: Glimmora\n|-singleturn|p1b: Glimmora|move: Protect\n|move|p2b: Liepard|Fake Out|p1b: Glimmora\n|-activate|p1b: Glimmora|move: Protect\n|-damage|p2b: Liepard|88/100|[from] Spiky Shield|[of] p1b: Glimmora\n|move|p1a: Sableye|Light Screen|p1a: Sableye\n|-sidestart|p1: M2P Mikey|move: Light Screen\n|move|p2a: Charizard|Heat Wave|p1a: Sableye|[spread] p1a\n|-activate|p1b: Glimmora|move: Protect\n|-damage|p1a: Sableye|48/100\n|\n|-weather|SunnyDay|[upkeep]\n|upkeep\n|turn|2\n|\n|t:|1776179475\n|detailschange|p1b: Glimmora|Glimmora-Mega, L50, F\n|-mega|p1b: Glimmora|Glimmora|Glimmoranite\n|move|p1a: Sableye|Rain Dance|p1a: Sableye\n|-weather|RainDance\n|move|p2b: Liepard|U-turn|p1a: Sableye\n|-damage|p1a: Sableye|26/100\n|\n|t:|1776179483\n|switch|p2b: Leafeon|Leafeon, L50, M|100/100|[from] U-turn\n|move|p1b: Glimmora|Power Gem|p2a: Charizard\n|-supereffective|p2a: Charizard|2\n|-damage|p2a: Charizard|0 fnt\n|faint|p2a: Charizard\n|\n|-weather|RainDance|[upkeep]\n|upkeep\n|\n|t:|1776179494\n|switch|p2a: Aerodactyl|Aerodactyl, L50, M|100/100\n|turn|3\n|\n|t:|1776179512\n|switch|p1a: Milotic|Milotic, L50, F|100/100\n|move|p1b: Glimmora|Spiky Shield|p1b: Glimmora\n|-singleturn|p1b: Glimmora|move: Protect\n|move|p2a: Aerodactyl|Tailwind|p2a: Aerodactyl\n|-sidestart|p2: TreePotato|move: Tailwind\n|move|p2b: Leafeon|Leaf Blade|p1a: Milotic\n|-supereffective|p1a: Milotic|1\n|-crit|p1a: Milotic\n|-damage|p1a: Milotic|0 fnt\n|faint|p1a: Milotic\n|\n|-weather|RainDance|[upkeep]\n|upkeep\n|\n|t:|1776179523\n|switch|p1a: Sableye|Sableye, L50, F|26/100\n|turn|4\n|\n|t:|1776179540\n|move|p1a: Sableye|Quash|p2a: Aerodactyl\n|-activate|p2a: Aerodactyl|move: Quash\n|move|p2b: Leafeon|Leaf Blade|p1a: Sableye\n|-damage|p1a: Sableye|0 fnt\n|faint|p1a: Sableye\n|move|p1b: Glimmora|Power Gem|p2a: Aerodactyl\n|-supereffective|p2a: Aerodactyl|1\n|-damage|p2a: Aerodactyl|0 fnt\n|faint|p2a: Aerodactyl\n|\n|-weather|RainDance|[upkeep]\n|upkeep\n|\n|t:|1776179553\n|switch|p2a: Liepard|Liepard, L50, F, shiny|88/100\n|switch|p1a: Sinistcha|Sinistcha-Masterpiece, L50|100/100\n|turn|5\n|\n|t:|1776179566\n|move|p1b: Glimmora|Spiky Shield|p1b: Glimmora\n|-singleturn|p1b: Glimmora|move: Protect\n|move|p2a: Liepard|Fake Out|p1b: Glimmora\n|-activate|p1b: Glimmora|move: Protect\n|-damage|p2a: Liepard|76/100|[from] Spiky Shield|[of] p1b: Glimmora\n|move|p2b: Leafeon|Leaf Blade|p1b: Glimmora\n|-activate|p1b: Glimmora|move: Protect\n|-damage|p2b: Leafeon|88/100|[from] Spiky Shield|[of] p1b: Glimmora\n|move|p1a: Sinistcha|Matcha Gotcha|p2a: Liepard|[spread] p2a,p2b\n|-resisted|p2b: Leafeon|1\n|-damage|p2a: Liepard|25/100\n|-damage|p2b: Leafeon|68/100\n|\n|-weather|RainDance|[upkeep]\n|-sideend|p1: M2P Mikey|move: Light Screen\n|upkeep\n|turn|6\n|\n|t:|1776179592\n|move|p1a: Sinistcha|Rage Powder|p1a: Sinistcha\n|-singleturn|p1a: Sinistcha|move: Rage Powder\n|move|p2a: Liepard|Crunch|p1a: Sinistcha\n|-supereffective|p1a: Sinistcha|1\n|-damage|p1a: Sinistcha|33/100\n|-enditem|p1a: Sinistcha|Sitrus Berry|[eat]\n|-heal|p1a: Sinistcha|58/100|[from] item: Sitrus Berry\n|move|p2b: Leafeon|Synthesis|p2b: Leafeon\n|-heal|p2b: Leafeon|93/100\n|move|p1b: Glimmora|Sludge Bomb|p2b: Leafeon\n|-supereffective|p2b: Leafeon|1\n|-damage|p2b: Leafeon|0 fnt\n|faint|p2b: Leafeon\n|\n|-weather|none\n|-sideend|p2: TreePotato|move: Tailwind\n|upkeep\n|turn|7\n|\n|t:|1776179621\n|move|p2a: Liepard|Crunch|p1a: Sinistcha\n|-supereffective|p1a: Sinistcha|1\n|-damage|p1a: Sinistcha|0 fnt\n|faint|p1a: Sinistcha\n|move|p1b: Glimmora|Sludge Bomb|p2a: Liepard\n|-damage|p2a: Liepard|0 fnt\n|faint|p2a: Liepard\n|\n|win|M2P Mikey\n|raw|M2P Mikey's rating: 1072 &rarr; <strong>1096</strong><br />(+24 for winning)\n|raw|TreePotato's rating: 1012 &rarr; <strong>1002</strong><br />(-10 for losing)\n",
  "uploadtime": 1776179630,
  "views": 23,
  "formatid": "gen9championsvgc2026regma",
  "rating": 1002,
  "private": 0,
  "password": null
}