{
  "id": "gen9championsvgc2026regma-2585125007",
  "format": "[Gen 9 Champions] VGC 2026 Reg M-A",
  "players": [
    "Senpai_1987",
    "zhz2021"
  ],
  "log": "|j|\u2606Senpai_1987\n|j|\u2606zhz2021\n|t:|1776314702\n|gametype|doubles\n|player|p1|Senpai_1987|aromalady|1466\n|player|p2|zhz2021|marley|1497\n|gen|9\n|tier|[Gen 9 Champions] VGC 2026 Reg M-A\n|rated|\n|rule|Species Clause: Limit one of each Pok\u00e9mon\n|rule|Item Clause: Limit 1 of each item\n|clearpoke\n|poke|p1|Pelipper, L50, M|\n|poke|p1|Basculegion, L50, M|\n|poke|p1|Archaludon, L50, F|\n|poke|p1|Feraligatr, L50, F|\n|poke|p1|Scizor, L50, F|\n|poke|p1|Incineroar, L50, M|\n|poke|p2|Sableye, L50, M|\n|poke|p2|Archaludon, L50, M|\n|poke|p2|Scovillain, L50, M|\n|poke|p2|Basculegion-F, L50, F|\n|poke|p2|Primarina, L50, F|\n|poke|p2|Aegislash, L50, M|\n|teampreview|4\n|\n|t:|1776314735\n|teamsize|p1|4\n|teamsize|p2|4\n|start\n|switch|p1a: The Sink|Archaludon, L50, F|100/100\n|switch|p1b: The Curry|Incineroar, L50, M|100/100\n|switch|p2a: Scovillain|Scovillain, L50, M, shiny|100/100\n|switch|p2b: Archaludon|Archaludon, L50, M|100/100\n|-ability|p1b: The Curry|Intimidate|boost\n|-unboost|p2a: Scovillain|atk|1\n|-unboost|p2b: Archaludon|atk|1\n|turn|1\n|inactive|Battle timer is ON: inactive players will automatically lose when time's up. (requested by Senpai_1987)\n|\n|t:|1776314756\n|detailschange|p2a: Scovillain|Scovillain-Mega, L50, M, shiny\n|-mega|p2a: Scovillain|Scovillain|Scovillainite\n|move|p2b: Archaludon|Protect|p2b: Archaludon\n|-singleturn|p2b: Archaludon|Protect\n|move|p1a: The Sink|Aura Sphere|p2b: Archaludon\n|-activate|p2b: Archaludon|move: Protect\n|move|p2a: Scovillain|Overheat|p1a: The Sink\n|-damage|p1a: The Sink|0 fnt\n|-unboost|p2a: Scovillain|spa|2\n|faint|p1a: The Sink\n|move|p1b: The Curry|Parting Shot|p2a: Scovillain\n|-unboost|p2a: Scovillain|atk|1\n|-unboost|p2a: Scovillain|spa|1\n|\n|t:|1776314768\n|switch|p1b: The Bowl|Pelipper, L50, M|100/100|[from] Parting Shot\n|-weather|RainDance|[from] ability: Drizzle|[of] p1b: The Bowl\n|\n|-weather|RainDance|[upkeep]\n|upkeep\n|\n|t:|1776314770\n|switch|p1a: The Curry|Incineroar, L50, M|100/100\n|-ability|p1a: The Curry|Intimidate|boost\n|-unboost|p2a: Scovillain|atk|1\n|-unboost|p2b: Archaludon|atk|1\n|turn|2\n|\n|t:|1776314784\n|switch|p2b: Basculegion|Basculegion-F, L50, F, shiny|100/100\n|switch|p2a: Aegislash|Aegislash, L50, M|100/100\n|move|p1a: The Curry|Fake Out|p2a: Aegislash\n|-immune|p2a: Aegislash\n|move|p1b: The Bowl|Tailwind|p1b: The Bowl\n|-sidestart|p1: Senpai_1987|move: Tailwind\n|\n|-weather|RainDance|[upkeep]\n|upkeep\n|turn|3\n|\n|t:|1776314799\n|move|p1b: The Bowl|Weather Ball|p2a: Aegislash\n|-damage|p2a: Aegislash|48/100\n|move|p2b: Basculegion|Muddy Water|p1b: The Bowl|[spread] p1a\n|-miss|p2b: Basculegion|p1b: The Bowl\n|-supereffective|p1a: The Curry|1\n|-damage|p1a: The Curry|25/100\n|-unboost|p1a: The Curry|accuracy|1\n|-enditem|p1a: The Curry|Sitrus Berry|[eat]\n|-heal|p1a: The Curry|50/100|[from] item: Sitrus Berry\n|move|p1a: The Curry|Throat Chop|p2b: Basculegion|[miss]\n|-miss|p1a: The Curry|p2b: Basculegion\n|-formechange|p2a: Aegislash|Aegislash-Blade|\n|move|p2a: Aegislash|Poltergeist|p1b: The Bowl\n|-activate|p1b: The Bowl|move: Poltergeist|Focus Sash\n|-damage|p1b: The Bowl|12/100\n|\n|-weather|RainDance|[upkeep]\n|upkeep\n|turn|4\n|\n|t:|1776314821\n|move|p2a: Aegislash|Shadow Sneak|p1b: The Bowl\n|-damage|p1b: The Bowl|0 fnt\n|faint|p1b: The Bowl\n|move|p2b: Basculegion|Muddy Water|p1a: The Curry|[miss]\n|-miss|p2b: Basculegion|p1a: The Curry\n|move|p1a: The Curry|Throat Chop|p2b: Basculegion\n|-supereffective|p2b: Basculegion|1\n|-enditem|p2b: Basculegion|Colbur Berry|[eat]\n|-enditem|p2b: Basculegion|Colbur Berry|[weaken]\n|-damage|p2b: Basculegion|66/100\n|-start|p2b: Basculegion|Throat Chop|[silent]\n|\n|-weather|RainDance|[upkeep]\n|upkeep\n|\n|t:|1776314823\n|switch|p1b: The Lid|Feraligatr, L50, F|100/100\n|turn|5\n|\n|t:|1776314838\n|switch|p2b: Scovillain|Scovillain-Mega, L50, M, shiny|100/100\n|detailschange|p1b: The Lid|Feraligatr-Mega, L50, F\n|-mega|p1b: The Lid|Feraligatr|Feraligite\n|-formechange|p2a: Aegislash|Aegislash|\n|move|p2a: Aegislash|King's Shield|p2a: Aegislash\n|-singleturn|p2a: Aegislash|Protect\n|move|p1b: The Lid|Dragon Dance|p1b: The Lid\n|-boost|p1b: The Lid|atk|1\n|-boost|p1b: The Lid|spe|1\n|move|p1a: The Curry|Parting Shot|p2b: Scovillain\n|-unboost|p2b: Scovillain|atk|1\n|-unboost|p2b: Scovillain|spa|1\n|\n|-weather|none\n|-sideend|p1: Senpai_1987|move: Tailwind\n|upkeep\n|turn|6\n|j| ashujd\n|\n|t:|1776314851\n|move|p1b: The Lid|Protect|p1b: The Lid\n|-singleturn|p1b: The Lid|Protect\n|move|p2b: Scovillain|Rage Powder|p2b: Scovillain\n|-singleturn|p2b: Scovillain|move: Rage Powder\n|-formechange|p2a: Aegislash|Aegislash-Blade|\n|move|p2a: Aegislash|Poltergeist|p1b: The Lid\n|-activate|p1b: The Lid|move: Protect\n|move|p1a: The Curry|Roar|p2b: Scovillain\n|drag|p2b: Archaludon|Archaludon, L50, M|100/100\n|\n|upkeep\n|turn|7\n|\n|t:|1776314867\n|-formechange|p2a: Aegislash|Aegislash|\n|move|p2a: Aegislash|King's Shield|p2a: Aegislash\n|-singleturn|p2a: Aegislash|Protect\n|move|p1b: The Lid|Double-Edge|p2b: Archaludon\n|-damage|p2b: Archaludon|0 fnt\n|faint|p2b: Archaludon\n|-damage|p1b: The Lid|62/100|[from] Recoil\n|move|p1a: The Curry|Parting Shot|p2a: Aegislash\n|-unboost|p2a: Aegislash|atk|1\n|-unboost|p2a: Aegislash|spa|1\n|\n|upkeep\n|\n|t:|1776314877\n|switch|p2b: Scovillain|Scovillain-Mega, L50, M, shiny|100/100\n|turn|8\n|j| Syachilove0408\n|\n|t:|1776314894\n|switch|p2a: Basculegion|Basculegion-F, L50, F, shiny|66/100\n|move|p1b: The Lid|Protect|p1b: The Lid\n|-singleturn|p1b: The Lid|Protect\n|move|p2b: Scovillain|Protect|p2b: Scovillain\n|-singleturn|p2b: Scovillain|Protect\n|move|p1a: The Curry|Roar|p2b: Scovillain\n|drag|p2b: Aegislash|Aegislash, L50, M|48/100\n|\n|upkeep\n|turn|9\n|l| Syachilove0408\n|c|\u2606Senpai_1987|wait what\n|c|\u2606Senpai_1987|it goes through protect?\n|inactive|Senpai_1987 has 30 seconds left.\n|\n|t:|1776314925\n|move|p1b: The Lid|Liquidation|p2b: Aegislash\n|-damage|p2b: Aegislash|0 fnt\n|faint|p2b: Aegislash\n|move|p2a: Basculegion|Muddy Water|p1b: The Lid|[spread] p1a\n|-miss|p2a: Basculegion|p1b: The Lid\n|-supereffective|p1a: The Curry|1\n|-damage|p1a: The Curry|1/100\n|-unboost|p1a: The Curry|accuracy|1\n|move|p1a: The Curry|Throat Chop|p2a: Basculegion\n|-supereffective|p2a: Basculegion|1\n|-damage|p2a: Basculegion|5/100\n|-start|p2a: Basculegion|Throat Chop|[silent]\n|\n|upkeep\n|\n|t:|1776314932\n|switch|p2b: Scovillain|Scovillain-Mega, L50, M, shiny|100/100\n|turn|10\n|\n|t:|1776314942\n|move|p2b: Scovillain|Rage Powder|p2b: Scovillain\n|-singleturn|p2b: Scovillain|move: Rage Powder\n|move|p1b: The Lid|Double-Edge|p2b: Scovillain\n|-damage|p2b: Scovillain|0 fnt\n|-status|p1b: The Lid|brn|[from] ability: Spicy Spray|[of] p2b: Scovillain\n|faint|p2b: Scovillain\n|-damage|p1b: The Lid|27/100 brn|[from] Recoil\n|move|p2a: Basculegion|Icy Wind|p1b: The Lid|[spread] p1a,p1b\n|-resisted|p1a: The Curry|1\n|-damage|p1a: The Curry|0 fnt\n|-damage|p1b: The Lid|13/100 brn\n|-unboost|p1b: The Lid|spe|1\n|faint|p1a: The Curry\n|\n|-damage|p1b: The Lid|7/100 brn|[from] brn\n|-end|p2a: Basculegion|Throat Chop|[silent]\n|upkeep\n|turn|11\n|\n|t:|1776314955\n|move|p2a: Basculegion|Protect|p2a: Basculegion\n|-singleturn|p2a: Basculegion|Protect\n|move|p1b: The Lid|Liquidation|p2a: Basculegion\n|-activate|p2a: Basculegion|move: Protect\n|\n|-damage|p1b: The Lid|0 fnt|[from] brn\n|faint|p1b: The Lid\n|\n|win|zhz2021\n|raw|Senpai_1987's rating: 1466 &rarr; <strong>1448</strong><br />(-18 for losing)\n|raw|zhz2021's rating: 1497 &rarr; <strong>1515</strong><br />(+18 for winning)\n|c|\u2606Senpai_1987|ggwp\n|l|\u2606zhz2021\n|player|p2|\n",
  "uploadtime": 1776314967,
  "views": 33,
  "formatid": "gen9championsvgc2026regma",
  "rating": 1448,
  "private": 0,
  "password": null
}