{
  "id": "gen9championsvgc2026regma-2582793282",
  "format": "[Gen 9 Champions] VGC 2026 Reg M-A",
  "players": [
    "SxHards",
    "ravioliez"
  ],
  "log": "|j|\u2606SxHards\n|j|\u2606ravioliez\n|t:|1776114556\n|gametype|doubles\n|player|p1|SxHards|fisherman-gen4|1151\n|player|p2|ravioliez|pokemonranger-gen6|1150\n|gen|9\n|tier|[Gen 9 Champions] VGC 2026 Reg M-A\n|rated|\n|rule|Species Clause: Limit one of each Pok\u00e9mon\n|rule|Item Clause: Limit 1 of each item\n|clearpoke\n|poke|p1|Gengar, L50, F|\n|poke|p1|Kingambit, L50, M|\n|poke|p1|Farigiraf, L50, M|\n|poke|p1|Incineroar, L50, M|\n|poke|p1|Primarina, L50, M|\n|poke|p1|Sinistcha, L50|\n|poke|p2|Charizard, L50, M|\n|poke|p2|Sneasler, L50, F|\n|poke|p2|Whimsicott, L50, M|\n|poke|p2|Kingambit, L50, F|\n|poke|p2|Primarina, L50, F|\n|poke|p2|Kleavor, L50, M|\n|teampreview|4\n|inactive|Battle timer is ON: inactive players will automatically lose when time's up. (requested by SxHards)\n|\n|t:|1776114586\n|teamsize|p1|4\n|teamsize|p2|4\n|start\n|switch|p1a: Gengar|Gengar, L50, F|100/100\n|switch|p1b: Incineroar|Incineroar, L50, M|100/100\n|switch|p2a: Tramontina|Kingambit, L50, F|100/100\n|switch|p2b: Bisturi|Sneasler, L50, F|100/100\n|-ability|p2b: Bisturi|Pressure\n|-ability|p1b: Incineroar|Intimidate|boost\n|-unboost|p2a: Tramontina|atk|1\n|-ability|p2a: Tramontina|Defiant|boost\n|-boost|p2a: Tramontina|atk|2\n|-unboost|p2b: Bisturi|atk|1\n|-enditem|p2b: Bisturi|White Herb\n|-clearnegativeboost|p2b: Bisturi|[silent]\n|turn|1\n|\n|t:|1776114610\n|switch|p1b: Sinistcha|Sinistcha, L50|100/100\n|detailschange|p1a: Gengar|Gengar-Mega, L50, F\n|-mega|p1a: Gengar|Gengar|Gengarite\n|move|p1a: Gengar|Protect|p1a: Gengar\n|-singleturn|p1a: Gengar|Protect\n|move|p2b: Bisturi|Fake Out|p1b: Sinistcha\n|-immune|p1b: Sinistcha\n|move|p2a: Tramontina|Kowtow Cleave|p1a: Gengar\n|-activate|p1a: Gengar|move: Protect\n|\n|upkeep\n|turn|2\n|\n|t:|1776114627\n|move|p1b: Sinistcha|Rage Powder|p1b: Sinistcha\n|-singleturn|p1b: Sinistcha|move: Rage Powder\n|move|p2b: Bisturi|Dire Claw|p1b: Sinistcha\n|-damage|p1b: Sinistcha|63/100\n|move|p1a: Gengar|Perish Song|p1a: Gengar\n|-start|p1a: Gengar|perish3|[silent]\n|-start|p1b: Sinistcha|perish3|[silent]\n|-start|p2a: Tramontina|perish3|[silent]\n|-start|p2b: Bisturi|perish3|[silent]\n|-fieldactivate|move: Perish Song\n|move|p2a: Tramontina|Kowtow Cleave|p1b: Sinistcha\n|-supereffective|p1b: Sinistcha|1\n|-damage|p1b: Sinistcha|0 fnt\n|faint|p1b: Sinistcha\n|\n|-start|p2b: Bisturi|perish3\n|-start|p1a: Gengar|perish3\n|-start|p2a: Tramontina|perish3\n|upkeep\n|\n|t:|1776114644\n|switch|p1b: Incineroar|Incineroar, L50, M|100/100\n|-ability|p1b: Incineroar|Intimidate|boost\n|-unboost|p2a: Tramontina|atk|1\n|-ability|p2a: Tramontina|Defiant|boost\n|-boost|p2a: Tramontina|atk|2\n|-unboost|p2b: Bisturi|atk|1\n|turn|3\n|\n|t:|1776114662\n|move|p1a: Gengar|Protect|p1a: Gengar\n|-singleturn|p1a: Gengar|Protect\n|move|p1b: Incineroar|Fake Out|p2a: Tramontina\n|-resisted|p2a: Tramontina|1\n|-damage|p2a: Tramontina|96/100\n|move|p2b: Bisturi|Dire Claw|p1b: Incineroar\n|-damage|p1b: Incineroar|72/100\n|cant|p2a: Tramontina|flinch\n|\n|-start|p2b: Bisturi|perish2\n|-start|p1a: Gengar|perish2\n|-start|p2a: Tramontina|perish2\n|upkeep\n|turn|4\n|\n|t:|1776114684\n|switch|p1a: Primarina|Primarina, L50, M|100/100\n|move|p2b: Bisturi|Coaching|p2a: Tramontina\n|-boost|p2a: Tramontina|atk|1\n|-boost|p2a: Tramontina|def|1\n|move|p1b: Incineroar|Parting Shot|p2b: Bisturi\n|-unboost|p2b: Bisturi|atk|1\n|-unboost|p2b: Bisturi|spa|1\n|\n|t:|1776114692\n|switch|p1b: Gengar|Gengar-Mega, L50, F|100/100|[from] Parting Shot\n|move|p2a: Tramontina|Kowtow Cleave|p1a: Primarina\n|-resisted|p1a: Primarina|1\n|-damage|p1a: Primarina|31/100\n|\n|-heal|p1a: Primarina|37/100|[from] item: Leftovers\n|-start|p2b: Bisturi|perish1\n|-start|p2a: Tramontina|perish1\n|upkeep\n|turn|5\n|inactive|ravioliez has 30 seconds left.\n|inactive|ravioliez has 20 seconds left.\n|inactive|ravioliez has 15 seconds left.\n|\n|t:|1776114733\n|move|p1b: Gengar|Protect|p1b: Gengar\n|-singleturn|p1b: Gengar|Protect\n|move|p1a: Primarina|Protect|p1a: Primarina\n|-singleturn|p1a: Primarina|Protect\n|move|p2b: Bisturi|Dire Claw|p1a: Primarina\n|-activate|p1a: Primarina|move: Protect\n|move|p2a: Tramontina|Kowtow Cleave|p1b: Gengar\n|-activate|p1b: Gengar|move: Protect\n|\n|-heal|p1a: Primarina|43/100|[from] item: Leftovers\n|-start|p2b: Bisturi|perish0\n|-start|p2a: Tramontina|perish0\n|faint|p2b: Bisturi\n|faint|p2a: Tramontina\n|upkeep\n|\n|t:|1776114749\n|switch|p2b: Mondial|Whimsicott, L50, M|100/100\n|switch|p2a: Nitro|Charizard, L50, M|100/100\n|turn|6\n|\n|t:|1776114771\n|switch|p1b: Incineroar|Incineroar, L50, M|72/100\n|-ability|p1b: Incineroar|Intimidate|boost\n|-unboost|p2a: Nitro|atk|1\n|-unboost|p2b: Mondial|atk|1\n|detailschange|p2a: Nitro|Charizard-Mega-X, L50, M\n|-mega|p2a: Nitro|Charizard|Charizardite X\n|move|p2b: Mondial|Encore|p1b: Incineroar\n|-hint|Since gen 7, Dark is immune to Prankster moves.\n|-immune|p1b: Incineroar\n|move|p2a: Nitro|Dragon Dance|p2a: Nitro\n|-boost|p2a: Nitro|atk|1\n|-boost|p2a: Nitro|spe|1\n|move|p1a: Primarina|Calm Mind|p1a: Primarina\n|-boost|p1a: Primarina|spa|1\n|-boost|p1a: Primarina|spd|1\n|\n|-heal|p1a: Primarina|49/100|[from] item: Leftovers\n|upkeep\n|turn|7\n|\n|t:|1776114795\n|move|p2a: Nitro|Protect|p2a: Nitro\n|-singleturn|p2a: Nitro|Protect\n|move|p1b: Incineroar|Fake Out|p2b: Mondial\n|-damage|p2b: Mondial|85/100\n|cant|p2b: Mondial|flinch\n|move|p1a: Primarina|Hyper Voice|p2b: Mondial|[spread] p2b\n|-activate|p2a: Nitro|move: Protect\n|-resisted|p2b: Mondial|1\n|-damage|p2b: Mondial|47/100\n|\n|-heal|p1a: Primarina|56/100|[from] item: Leftovers\n|upkeep\n|turn|8\n|\n|t:|1776114817\n|move|p2b: Mondial|Sunny Day|p2b: Mondial\n|-weather|SunnyDay\n|move|p2a: Nitro|Flare Blitz|p1a: Primarina\n|-resisted|p1a: Primarina|1\n|-damage|p1a: Primarina|0 fnt\n|faint|p1a: Primarina\n|-damage|p2a: Nitro|80/100|[from] Recoil\n|move|p1b: Incineroar|Flare Blitz|p2b: Mondial\n|-supereffective|p2b: Mondial|1\n|-damage|p2b: Mondial|0 fnt\n|faint|p2b: Mondial\n|-damage|p1b: Incineroar|60/100|[from] Recoil\n|\n|-weather|SunnyDay|[upkeep]\n|upkeep\n|\n|t:|1776114829\n|switch|p1a: Gengar|Gengar-Mega, L50, F|100/100\n|turn|9\n|\n|t:|1776114840\n|move|p1a: Gengar|Protect|p1a: Gengar\n|-singleturn|p1a: Gengar|Protect\n|move|p2a: Nitro|Dragon Claw|p1b: Incineroar\n|-damage|p1b: Incineroar|0 fnt\n|faint|p1b: Incineroar\n|\n|-weather|SunnyDay|[upkeep]\n|upkeep\n|turn|10\n|\n|t:|1776114853\n|move|p2a: Nitro|Flare Blitz|p1a: Gengar\n|-damage|p1a: Gengar|0 fnt\n|faint|p1a: Gengar\n|-damage|p2a: Nitro|44/100|[from] Recoil\n|\n|win|ravioliez\n|raw|SxHards's rating: 1151 &rarr; <strong>1126</strong><br />(-25 for losing)\n|raw|ravioliez's rating: 1150 &rarr; <strong>1175</strong><br />(+25 for winning)\n|l|\u2606SxHards\n|player|p1|\n",
  "uploadtime": 1776114867,
  "views": 20,
  "formatid": "gen9championsvgc2026regma",
  "rating": 1126,
  "private": 0,
  "password": null
}