{
  "id": "gen9championsvgc2026regma-2587260871",
  "format": "[Gen 9 Champions] VGC 2026 Reg M-A",
  "players": [
    "KaizoIV",
    "BlackStar150520"
  ],
  "log": "|j|\u2606KaizoIV\n|j|\u2606BlackStar150520\n|t:|1776515645\n|gametype|doubles\n|player|p1|KaizoIV|2|1061\n|player|p2|BlackStar150520|unknown|1019\n|gen|9\n|tier|[Gen 9 Champions] VGC 2026 Reg M-A\n|rated|\n|rule|Species Clause: Limit one of each Pok\u00e9mon\n|rule|Item Clause: Limit 1 of each item\n|clearpoke\n|poke|p1|Archaludon, L50, M|\n|poke|p1|Dragonite, L50, F, shiny|\n|poke|p1|Pelipper, L50, M, shiny|\n|poke|p1|Sneasler, L50, F|\n|poke|p1|Basculegion, L50, M|\n|poke|p1|Rotom-Heat, L50|\n|poke|p2|Starmie, L50|\n|poke|p2|Sinistcha-Masterpiece, L50|\n|poke|p2|Sneasler, L50, F, shiny|\n|poke|p2|Arcanine-Hisui, L50, F|\n|poke|p2|Clefable, L50, M|\n|poke|p2|Kingambit, L50, F, shiny|\n|teampreview|4\n|inactive|Battle timer is ON: inactive players will automatically lose when time's up. (requested by BlackStar150520)\n|inactive|KaizoIV has 60 seconds left.\n|inactive|BlackStar150520 has 60 seconds left.\n|\n|t:|1776515698\n|teamsize|p1|4\n|teamsize|p2|4\n|start\n|switch|p1a: Pelipper|Pelipper, L50, M, shiny|100/100\n|switch|p1b: Archaludon|Archaludon, L50, M|100/100\n|switch|p2a: Arcanine|Arcanine-Hisui, L50, F|100/100\n|switch|p2b: Sinistcha|Sinistcha-Masterpiece, L50|100/100\n|-weather|RainDance|[from] ability: Drizzle|[of] p1a: Pelipper\n|-ability|p2a: Arcanine|Intimidate|boost\n|-unboost|p1a: Pelipper|atk|1\n|-unboost|p1b: Archaludon|atk|1\n|turn|1\n|inactive|KaizoIV has 30 seconds left.\n|\n|t:|1776515729\n|move|p2b: Sinistcha|Rage Powder|p2b: Sinistcha\n|-singleturn|p2b: Sinistcha|move: Rage Powder\n|move|p1a: Pelipper|Tailwind|p1a: Pelipper\n|-sidestart|p1: KaizoIV|move: Tailwind\n|move|p1b: Archaludon|Electro Shot||[still]\n|-prepare|p1b: Archaludon|Electro Shot\n|-boost|p1b: Archaludon|spa|1\n|-anim|p1b: Archaludon|Electro Shot|p2b: Sinistcha\n|-resisted|p2b: Sinistcha|1\n|-damage|p2b: Sinistcha|68/100\n|move|p2a: Arcanine|Stealth Rock|p1b: Archaludon\n|-sidestart|p1: KaizoIV|move: Stealth Rock\n|\n|-weather|RainDance|[upkeep]\n|upkeep\n|turn|2\n|inactive|KaizoIV has 30 seconds left.\n|\n|t:|1776515761\n|move|p1a: Pelipper|Hurricane|p2b: Sinistcha\n|-supereffective|p2b: Sinistcha|1\n|-damage|p2b: Sinistcha|0 fnt\n|faint|p2b: Sinistcha\n|move|p1b: Archaludon|Electro Shot||[still]\n|-prepare|p1b: Archaludon|Electro Shot\n|-boost|p1b: Archaludon|spa|1\n|-anim|p1b: Archaludon|Electro Shot|p2a: Arcanine\n|-damage|p2a: Arcanine|43/100\n|move|p2a: Arcanine|Will-O-Wisp|p1b: Archaludon\n|-status|p1b: Archaludon|brn\n|\n|-weather|RainDance|[upkeep]\n|-heal|p2a: Arcanine|49/100|[from] item: Leftovers\n|-damage|p1b: Archaludon|94/100 brn|[from] brn\n|upkeep\n|\n|t:|1776515769\n|switch|p2b: Kingambit|Kingambit, L50, F, shiny|100/100\n|turn|3\n|\n|t:|1776515784\n|move|p1a: Pelipper|Weather Ball|p2a: Arcanine\n|-supereffective|p2a: Arcanine|2\n|-damage|p2a: Arcanine|0 fnt\n|faint|p2a: Arcanine\n|move|p1b: Archaludon|Electro Shot||[still]\n|-prepare|p1b: Archaludon|Electro Shot\n|-boost|p1b: Archaludon|spa|1\n|-anim|p1b: Archaludon|Electro Shot|p2b: Kingambit\n|-damage|p2b: Kingambit|7/100\n|move|p2b: Kingambit|Swords Dance|p2b: Kingambit\n|-boost|p2b: Kingambit|atk|2\n|\n|-weather|RainDance|[upkeep]\n|-heal|p1b: Archaludon|100/100 brn|[from] item: Leftovers\n|-damage|p1b: Archaludon|94/100 brn|[from] brn\n|upkeep\n|\n|t:|1776515802\n|switch|p2a: Starmie|Starmie, L50|100/100\n|turn|4\n|\n|t:|1776515812\n|detailschange|p2a: Starmie|Starmie-Mega, L50\n|-mega|p2a: Starmie|Starmie|Starminite\n|move|p1a: Pelipper|Protect|p1a: Pelipper\n|-singleturn|p1a: Pelipper|Protect\n|move|p2a: Starmie|Protect|p2a: Starmie\n|-singleturn|p2a: Starmie|Protect\n|move|p2b: Kingambit|Sucker Punch|p1b: Archaludon\n|-damage|p1b: Archaludon|27/100 brn\n|-ability|p1b: Archaludon|Stamina|boost\n|-boost|p1b: Archaludon|def|1\n|move|p1b: Archaludon|Electro Shot||[still]\n|-prepare|p1b: Archaludon|Electro Shot\n|-boost|p1b: Archaludon|spa|1\n|-anim|p1b: Archaludon|Electro Shot|p2a: Starmie\n|-activate|p2a: Starmie|move: Protect\n|\n|-weather|RainDance|[upkeep]\n|-heal|p1b: Archaludon|33/100 brn|[from] item: Leftovers\n|-damage|p1b: Archaludon|27/100 brn|[from] brn\n|-sideend|p1: KaizoIV|move: Tailwind\n|upkeep\n|turn|5\n|\n|t:|1776515835\n|move|p1b: Archaludon|Protect|p1b: Archaludon\n|-singleturn|p1b: Archaludon|Protect\n|move|p2b: Kingambit|Sucker Punch||[still]\n|-fail|p2b: Kingambit\n|move|p2a: Starmie|Psycho Cut|p1a: Pelipper\n|-damage|p1a: Pelipper|26/100\n|move|p1a: Pelipper|Tailwind|p1a: Pelipper\n|-sidestart|p1: KaizoIV|move: Tailwind\n|\n|-weather|none\n|-heal|p1b: Archaludon|33/100 brn|[from] item: Leftovers\n|-damage|p1b: Archaludon|27/100 brn|[from] brn\n|upkeep\n|turn|6\n|inactive|KaizoIV has 30 seconds left.\n|inactive|BlackStar150520 has 30 seconds left.\n|inactive|KaizoIV has 20 seconds left.\n|inactive|BlackStar150520 has 20 seconds left.\n|inactive|KaizoIV has 15 seconds left.\n|\n|t:|1776515878\n|switch|p1a: Dragonite|Dragonite, L50, F, shiny|100/100\n|-damage|p1a: Dragonite|75/100|[from] Stealth Rock\n|move|p2b: Kingambit|Sucker Punch|p1b: Archaludon\n|-damage|p1b: Archaludon|0 fnt\n|faint|p1b: Archaludon\n|move|p2a: Starmie|Psycho Cut|p1a: Dragonite\n|-damage|p1a: Dragonite|11/100\n|\n|upkeep\n|\n|t:|1776515888\n|switch|p1b: Pelipper|Pelipper, L50, M, shiny|26/100\n|-damage|p1b: Pelipper|1/100|[from] Stealth Rock\n|-weather|RainDance|[from] ability: Drizzle|[of] p1b: Pelipper\n|turn|7\n|inactive|BlackStar150520 has 30 seconds left.\n|\n|t:|1776515914\n|detailschange|p1a: Dragonite|Dragonite-Mega, L50, F, shiny\n|-mega|p1a: Dragonite|Dragonite|Dragoninite\n|move|p2a: Starmie|Aqua Jet|p1a: Dragonite\n|-resisted|p1a: Dragonite|1\n|-damage|p1a: Dragonite|0 fnt\n|faint|p1a: Dragonite\n|move|p2b: Kingambit|Sucker Punch|p1b: Pelipper\n|-damage|p1b: Pelipper|0 fnt\n|faint|p1b: Pelipper\n|\n|-weather|RainDance|[upkeep]\n|upkeep\n|\n|t:|1776515928\n|switch|p1a: Basculegion|Basculegion, L50, M|100/100\n|-damage|p1a: Basculegion|88/100|[from] Stealth Rock\n|turn|8\n|inactive|BlackStar150520 has 30 seconds left.\n|\n|t:|1776515961\n|move|p1a: Basculegion|Aqua Jet|p2b: Kingambit\n|-damage|p2b: Kingambit|0 fnt\n|faint|p2b: Kingambit\n|move|p2a: Starmie|Psycho Cut|p1a: Basculegion\n|-damage|p1a: Basculegion|5/100\n|\n|-weather|RainDance|[upkeep]\n|-sideend|p1: KaizoIV|move: Tailwind\n|upkeep\n|turn|9\n|\n|t:|1776515970\n|move|p2a: Starmie|Aqua Jet|p1a: Basculegion\n|-resisted|p1a: Basculegion|1\n|-damage|p1a: Basculegion|0 fnt\n|faint|p1a: Basculegion\n|\n|win|BlackStar150520\n|raw|KaizoIV's rating: 1061 &rarr; <strong>1040</strong><br />(-21 for losing)\n|raw|BlackStar150520's rating: 1019 &rarr; <strong>1061</strong><br />(+42 for winning)\n|l|\u2606KaizoIV\n|player|p1|\n",
  "uploadtime": 1776515982,
  "views": 12,
  "formatid": "gen9championsvgc2026regma",
  "rating": 1040,
  "private": 0,
  "password": null
}