{
  "id": "gen9championsvgc2026regma-2584759838",
  "format": "[Gen 9 Champions] VGC 2026 Reg M-A",
  "players": [
    "EchoShadowYT",
    "SapoDx"
  ],
  "log": "|j|\u2606EchoShadowYT\n|j|\u2606SapoDx\n|t:|1776281695\n|gametype|doubles\n|player|p1|EchoShadowYT|skierf|1174\n|player|p2|SapoDx|benga|1207\n|gen|9\n|tier|[Gen 9 Champions] VGC 2026 Reg M-A\n|rated|\n|rule|Species Clause: Limit one of each Pok\u00e9mon\n|rule|Item Clause: Limit 1 of each item\n|clearpoke\n|poke|p1|Tyranitar, L50, F|\n|poke|p1|Basculegion, L50, M|\n|poke|p1|Arcanine, L50, M|\n|poke|p1|Sinistcha, L50|\n|poke|p1|Scizor, L50, F|\n|poke|p1|Sneasler, L50, F|\n|poke|p2|Arcanine, L50, M|\n|poke|p2|Rotom-Wash, L50|\n|poke|p2|Garchomp, L50, M|\n|poke|p2|Venusaur, L50, F|\n|poke|p2|Corviknight, L50, F|\n|poke|p2|Sneasler, L50, M|\n|teampreview|4\n|inactive|Battle timer is ON: inactive players will automatically lose when time's up. (requested by EchoShadowYT)\n|inactive|SapoDx has 60 seconds left.\n|\n|t:|1776281727\n|teamsize|p1|4\n|teamsize|p2|4\n|start\n|switch|p1a: Sneasler|Sneasler, L50, F|100/100\n|switch|p1b: Basculegion|Basculegion, L50, M|100/100\n|switch|p2a: Venusaur|Venusaur, L50, F|100/100\n|switch|p2b: Corviknight|Corviknight, L50, F|100/100\n|turn|1\n|\n|t:|1776281742\n|detailschange|p2a: Venusaur|Venusaur-Mega, L50, F\n|-mega|p2a: Venusaur|Venusaur|Venusaurite\n|move|p2b: Corviknight|Protect|p2b: Corviknight\n|-singleturn|p2b: Corviknight|Protect\n|move|p1a: Sneasler|Fake Out|p2a: Venusaur\n|-damage|p2a: Venusaur|90/100\n|move|p1b: Basculegion|Wave Crash|p2b: Corviknight\n|-activate|p2b: Corviknight|move: Protect\n|cant|p2a: Venusaur|flinch\n|\n|upkeep\n|turn|2\n|\n|t:|1776281763\n|switch|p2b: Sneasler|Sneasler, L50, M|100/100\n|move|p1b: Basculegion|Wave Crash|p2b: Sneasler\n|-enditem|p2b: Sneasler|Focus Sash\n|-damage|p2b: Sneasler|1/100\n|-damage|p1b: Basculegion|75/100|[from] Recoil\n|move|p1a: Sneasler|Gunk Shot|p2a: Venusaur|[miss]\n|-miss|p1a: Sneasler|p2a: Venusaur\n|move|p2a: Venusaur|Leech Seed|p1b: Basculegion\n|-start|p1b: Basculegion|move: Leech Seed\n|\n|-damage|p1b: Basculegion|62/100|[from] Leech Seed|[of] p2a: Venusaur\n|-heal|p2a: Venusaur|100/100|[silent]\n|upkeep\n|turn|3\n|\n|t:|1776281786\n|switch|p1b: Sinistcha|Sinistcha, L50|100/100\n|move|p2b: Sneasler|Fake Out|p1b: Sinistcha\n|-immune|p1b: Sinistcha\n|move|p1a: Sneasler|Gunk Shot|p2a: Venusaur|[miss]\n|-miss|p1a: Sneasler|p2a: Venusaur\n|move|p2a: Venusaur|Leech Seed|p1a: Sneasler\n|-start|p1a: Sneasler|move: Leech Seed\n|\n|-damage|p1a: Sneasler|88/100|[from] Leech Seed|[of] p2a: Venusaur\n|upkeep\n|turn|4\n|\n|t:|1776281807\n|move|p2b: Sneasler|Coaching|p2a: Venusaur\n|-boost|p2a: Venusaur|atk|1\n|-boost|p2a: Venusaur|def|1\n|move|p1a: Sneasler|Gunk Shot|p2a: Venusaur|[miss]\n|-miss|p1a: Sneasler|p2a: Venusaur\n|move|p2a: Venusaur|Sludge Bomb|p1b: Sinistcha\n|-damage|p1b: Sinistcha|63/100\n|-status|p1b: Sinistcha|psn\n|move|p1b: Sinistcha|Matcha Gotcha|p2b: Sneasler|[spread] p2a,p2b\n|-resisted|p2a: Venusaur|2\n|-resisted|p2b: Sneasler|1\n|-damage|p2a: Venusaur|96/100\n|-heal|p1b: Sinistcha|66/100 psn|[from] drain|[of] p2a: Venusaur\n|-damage|p2b: Sneasler|0 fnt\n|-heal|p1b: Sinistcha|67/100 psn|[from] drain|[of] p2b: Sneasler\n|faint|p2b: Sneasler\n|\n|-damage|p1a: Sneasler|76/100|[from] Leech Seed|[of] p2a: Venusaur\n|-heal|p2a: Venusaur|100/100|[silent]\n|-damage|p1b: Sinistcha|54/100 psn|[from] psn\n|upkeep\n|\n|t:|1776281828\n|switch|p2b: Corviknight|Corviknight, L50, F|100/100\n|turn|5\n|\n|t:|1776281837\n|switch|p1b: Basculegion|Basculegion, L50, M|62/100\n|move|p1a: Sneasler|Gunk Shot|p2a: Venusaur|[miss]\n|-miss|p1a: Sneasler|p2a: Venusaur\n|move|p2a: Venusaur|Sludge Bomb|p1b: Basculegion\n|-resisted|p1b: Basculegion|1\n|-damage|p1b: Basculegion|40/100\n|move|p2b: Corviknight|Tailwind|p2b: Corviknight\n|-sidestart|p2: SapoDx|move: Tailwind\n|\n|-damage|p1a: Sneasler|64/100|[from] Leech Seed|[of] p2a: Venusaur\n|upkeep\n|turn|6\n|\n|t:|1776281854\n|switch|p1b: Sinistcha|Sinistcha, L50|54/100 psn\n|-heal|p1a: Sneasler|89/100|[from] ability: Hospitality|[of] p1b: Sinistcha\n|move|p2a: Venusaur|Giga Drain|p1b: Sinistcha\n|-resisted|p1b: Sinistcha|1\n|-damage|p1b: Sinistcha|40/100 psn\n|-enditem|p1b: Sinistcha|Sitrus Berry|[eat]\n|-heal|p1b: Sinistcha|65/100 psn|[from] item: Sitrus Berry\n|move|p2b: Corviknight|Brave Bird|p1a: Sneasler\n|-supereffective|p1a: Sneasler|1\n|-damage|p1a: Sneasler|0 fnt\n|faint|p1a: Sneasler\n|-damage|p2b: Corviknight|78/100|[from] Recoil\n|\n|-heal|p2b: Corviknight|84/100|[from] item: Leftovers\n|-damage|p1b: Sinistcha|52/100 psn|[from] psn\n|upkeep\n|\n|t:|1776281873\n|switch|p1a: Tyranitar|Tyranitar, L50, F|100/100\n|-weather|Sandstorm|[from] ability: Sand Stream|[of] p1a: Tyranitar\n|turn|7\n|\n|t:|1776281880\n|detailschange|p1a: Tyranitar|Tyranitar-Mega, L50, F\n|-mega|p1a: Tyranitar|Tyranitar|Tyranitarite\n|move|p2a: Venusaur|Giga Drain|p1a: Tyranitar\n|-supereffective|p1a: Tyranitar|1\n|-damage|p1a: Tyranitar|65/100\n|move|p2b: Corviknight|Brave Bird|p1b: Sinistcha\n|-supereffective|p1b: Sinistcha|1\n|-damage|p1b: Sinistcha|0 fnt\n|faint|p1b: Sinistcha\n|-damage|p2b: Corviknight|69/100|[from] Recoil\n|move|p1a: Tyranitar|Dragon Dance|p1a: Tyranitar\n|-boost|p1a: Tyranitar|atk|1\n|-boost|p1a: Tyranitar|spe|1\n|\n|-weather|Sandstorm|[upkeep]\n|-damage|p2a: Venusaur|95/100|[from] Sandstorm\n|-heal|p2b: Corviknight|75/100|[from] item: Leftovers\n|upkeep\n|\n|t:|1776281897\n|switch|p1b: Basculegion|Basculegion, L50, M|40/100\n|turn|8\n|\n|t:|1776281906\n|move|p2b: Corviknight|Protect|p2b: Corviknight\n|-singleturn|p2b: Corviknight|Protect\n|move|p1a: Tyranitar|Protect|p1a: Tyranitar\n|-singleturn|p1a: Tyranitar|Protect\n|move|p2a: Venusaur|Giga Drain|p1b: Basculegion\n|-supereffective|p1b: Basculegion|1\n|-damage|p1b: Basculegion|0 fnt\n|-heal|p2a: Venusaur|100/100|[from] drain|[of] p1b: Basculegion\n|faint|p1b: Basculegion\n|\n|-weather|Sandstorm|[upkeep]\n|-damage|p2a: Venusaur|95/100|[from] Sandstorm\n|-heal|p2b: Corviknight|81/100|[from] item: Leftovers\n|-sideend|p2: SapoDx|move: Tailwind\n|upkeep\n|turn|9\n|\n|t:|1776281928\n|move|p1a: Tyranitar|Rock Slide|p2a: Venusaur|[spread] p2a,p2b\n|-damage|p2a: Venusaur|66/100\n|-damage|p2b: Corviknight|34/100\n|move|p2a: Venusaur|Giga Drain|p1a: Tyranitar\n|-supereffective|p1a: Tyranitar|1\n|-damage|p1a: Tyranitar|28/100\n|-heal|p2a: Venusaur|85/100|[from] drain|[of] p1a: Tyranitar\n|move|p2b: Corviknight|Iron Head|p1a: Tyranitar\n|-supereffective|p1a: Tyranitar|1\n|-damage|p1a: Tyranitar|0 fnt\n|faint|p1a: Tyranitar\n|\n|win|SapoDx\n|raw|EchoShadowYT's rating: 1174 &rarr; <strong>1151</strong><br />(-23 for losing)\n|raw|SapoDx's rating: 1207 &rarr; <strong>1230</strong><br />(+23 for winning)\n",
  "uploadtime": 1776281941,
  "views": 25,
  "formatid": "gen9championsvgc2026regma",
  "rating": 1151,
  "private": 0,
  "password": null
}