{
  "id": "gen9championsvgc2026regma-2587261049",
  "format": "[Gen 9 Champions] VGC 2026 Reg M-A",
  "players": [
    "aaassasa",
    "henitusec"
  ],
  "log": "|j|\u2606aaassasa\n|j|\u2606henitusec\n|t:|1776515663\n|gametype|doubles\n|player|p1|aaassasa|2|1109\n|player|p2|henitusec|steven-masters|1146\n|gen|9\n|tier|[Gen 9 Champions] VGC 2026 Reg M-A\n|rated|\n|rule|Species Clause: Limit one of each Pok\u00e9mon\n|rule|Item Clause: Limit 1 of each item\n|clearpoke\n|poke|p1|Dragapult, L50, F|\n|poke|p1|Blastoise, L50, M|\n|poke|p1|Corviknight, L50, F|\n|poke|p1|Farigiraf, L50, F|\n|poke|p1|Tauros-Paldea-Blaze, L50, M|\n|poke|p1|Froslass, L50, F|\n|poke|p2|Froslass, L50, F|\n|poke|p2|Garchomp, L50, F|\n|poke|p2|Rotom-Frost, L50|\n|poke|p2|Empoleon, L50, M|\n|poke|p2|Incineroar, L50, F|\n|poke|p2|Kingambit, L50, M|\n|teampreview|4\n|inactive|Battle timer is ON: inactive players will automatically lose when time's up. (requested by henitusec)\nhenitusec rejected open team sheets.\n|inactive|aaassasa has 60 seconds left.\n|\n|t:|1776515703\n|teamsize|p1|4\n|teamsize|p2|4\n|start\n|switch|p1a: Blastoise|Blastoise, L50, M|100/100\n|switch|p1b: Froslass|Froslass, L50, F|100/100\n|switch|p2a: Froslass|Froslass, L50, F|100/100\n|switch|p2b: Empoleon|Empoleon, L50, M|100/100\n|turn|1\n|inactive|aaassasa has 30 seconds left.\n|inactive|aaassasa has 20 seconds left.\n|\n|t:|1776515743\n|detailschange|p2a: Froslass|Froslass-Mega, L50, F\n|-mega|p2a: Froslass|Froslass|Froslassite\n|-weather|Snowscape|[from] ability: Snow Warning|[of] p2a: Froslass\n|detailschange|p1a: Blastoise|Blastoise-Mega, L50, M\n|-mega|p1a: Blastoise|Blastoise|Blastoisinite\n|move|p1b: Froslass|Aurora Veil|p1b: Froslass\n|-sidestart|p1: aaassasa|move: Aurora Veil\n|move|p2a: Froslass|Aurora Veil|p2a: Froslass\n|-sidestart|p2: henitusec|move: Aurora Veil\n|move|p1a: Blastoise|Aura Sphere|p2b: Empoleon\n|-supereffective|p2b: Empoleon|1\n|-damage|p2b: Empoleon|38/100\n|move|p2b: Empoleon|Flash Cannon|p1b: Froslass\n|-supereffective|p1b: Froslass|1\n|-damage|p1b: Froslass|30/100\n|-start|p2b: Empoleon|Disable|Flash Cannon|[from] ability: Cursed Body|[of] p1b: Froslass\n|\n|-weather|Snowscape|[upkeep]\n|-heal|p2b: Empoleon|43/100|[from] item: Leftovers\n|upkeep\n|turn|2\n|inactive|aaassasa has 30 seconds left.\n|\n|t:|1776515770\n|move|p1b: Froslass|Protect|p1b: Froslass\n|-singleturn|p1b: Froslass|Protect\n|move|p2b: Empoleon|Protect|p2b: Empoleon\n|-singleturn|p2b: Empoleon|Protect\n|move|p2a: Froslass|Blizzard|p1b: Froslass|[spread] p1a\n|-activate|p1b: Froslass|move: Protect\n|-resisted|p1a: Blastoise|1\n|-damage|p1a: Blastoise|84/100\n|move|p1a: Blastoise|Water Spout|p2a: Froslass|[spread] p2a\n|-activate|p2b: Empoleon|move: Protect\n|-damage|p2a: Froslass|59/100\n|\n|-weather|Snowscape|[upkeep]\n|-heal|p2b: Empoleon|49/100|[from] item: Leftovers\n|upkeep\n|turn|3\n|\n|t:|1776515795\n|switch|p1b: Corviknight|Corviknight, L50, F|100/100\n|move|p2a: Froslass|Blizzard|p1a: Blastoise|[spread] p1a,p1b\n|-resisted|p1a: Blastoise|1\n|-damage|p1a: Blastoise|68/100\n|-damage|p1b: Corviknight|69/100\n|-status|p1b: Corviknight|frz\n|move|p1a: Blastoise|Aura Sphere|p2b: Empoleon\n|-supereffective|p2b: Empoleon|1\n|-damage|p2b: Empoleon|0 fnt\n|faint|p2b: Empoleon\n|\n|-weather|Snowscape|[upkeep]\n|-heal|p1b: Corviknight|75/100 frz|[from] item: Leftovers\n|upkeep\n|\n|t:|1776515808\n|switch|p2b: Rotom|Rotom-Frost, L50|100/100\n|turn|4\n|inactive|aaassasa has 30 seconds left.\n|\n|t:|1776515835\n|move|p2b: Rotom|Electroweb|p1b: Corviknight|[spread] p1b\n|-miss|p2b: Rotom|p1a: Blastoise\n|-supereffective|p1b: Corviknight|1\n|-damage|p1b: Corviknight|47/100 frz\n|-ability|p1b: Corviknight|Mirror Armor\n|-unboost|p2b: Rotom|spe|1\n|move|p2a: Froslass|Blizzard|p1a: Blastoise|[spread] p1a,p1b\n|-resisted|p1a: Blastoise|1\n|-crit|p1b: Corviknight\n|-damage|p1a: Blastoise|54/100\n|-damage|p1b: Corviknight|0 fnt\n|faint|p1b: Corviknight\n|move|p1a: Blastoise|Flash Cannon|p2a: Froslass\n|-supereffective|p2a: Froslass|1\n|-damage|p2a: Froslass|9/100\n|\n|-weather|Snowscape|[upkeep]\n|upkeep\n|\n|t:|1776515849\n|switch|p1b: Dragapult|Dragapult, L50, F|100/100\n|turn|5\n|\n|t:|1776515869\n|move|p1b: Dragapult|Shadow Ball|p2b: Rotom\n|-damage|p2b: Rotom|70/100\n|move|p2a: Froslass|Blizzard|p1a: Blastoise|[spread] p1a,p1b\n|-resisted|p1a: Blastoise|1\n|-supereffective|p1b: Dragapult|1\n|-damage|p1a: Blastoise|40/100\n|-damage|p1b: Dragapult|7/100\n|move|p2b: Rotom|Electroweb|p1a: Blastoise|[spread] p1a,p1b\n|-supereffective|p1a: Blastoise|1\n|-resisted|p1b: Dragapult|1\n|-damage|p1a: Blastoise|17/100\n|-damage|p1b: Dragapult|0 fnt\n|-unboost|p1a: Blastoise|spe|1\n|faint|p1b: Dragapult\n|move|p1a: Blastoise|Aura Sphere|p2b: Rotom\n|-supereffective|p2b: Rotom|1\n|-damage|p2b: Rotom|0 fnt\n|faint|p2b: Rotom\n|\n|-weather|none\n|-sideend|p1: aaassasa|move: Aurora Veil\n|-sideend|p2: henitusec|move: Aurora Veil\n|upkeep\n|\n|t:|1776515885\n|switch|p1b: Froslass|Froslass, L50, F|30/100\n|switch|p2b: Kingambit|Kingambit, L50, M|100/100\n|turn|6\n|\n|t:|1776515903\n|move|p2a: Froslass|Protect|p2a: Froslass\n|-singleturn|p2a: Froslass|Protect\n|move|p2b: Kingambit|Protect|p2b: Kingambit\n|-singleturn|p2b: Kingambit|Protect\n|move|p1b: Froslass|Shadow Ball|p2a: Froslass\n|-activate|p2a: Froslass|move: Protect\n|move|p1a: Blastoise|Aura Sphere|p2b: Kingambit\n|-activate|p2b: Kingambit|move: Protect\n|\n|upkeep\n|turn|7\n|\n|t:|1776515917\n|move|p2b: Kingambit|Sucker Punch|p1a: Blastoise\n|-damage|p1a: Blastoise|0 fnt\n|faint|p1a: Blastoise\n|move|p1b: Froslass|Shadow Ball|p2a: Froslass\n|-supereffective|p2a: Froslass|1\n|-damage|p2a: Froslass|0 fnt\n|faint|p2a: Froslass\n|\n|upkeep\n|turn|8\n|\n|t:|1776515932\n|move|p1b: Froslass|Blizzard|p2b: Kingambit\n|-resisted|p2b: Kingambit|1\n|-damage|p2b: Kingambit|80/100\n|move|p2b: Kingambit|Iron Head|p1b: Froslass\n|-supereffective|p1b: Froslass|1\n|-damage|p1b: Froslass|0 fnt\n|faint|p1b: Froslass\n|\n|win|henitusec\n|raw|aaassasa's rating: 1109 &rarr; <strong>1087</strong><br />(-22 for losing)\n|raw|henitusec's rating: 1146 &rarr; <strong>1168</strong><br />(+22 for winning)\n",
  "uploadtime": 1776515937,
  "views": 13,
  "formatid": "gen9championsvgc2026regma",
  "rating": 1087,
  "private": 0,
  "password": null
}