{
  "id": "gen9championsvgc2026regma-2585534610",
  "format": "[Gen 9 Champions] VGC 2026 Reg M-A",
  "players": [
    "smp on whimsicott",
    "Unova First"
  ],
  "log": "|j|\u2606smp on whimsicott\n|j|\u2606Unova First\n|t:|1776353925\n|gametype|doubles\n|player|p1|smp on whimsicott|artist-gen4|1440\n|player|p2|Unova First|drayton|1362\n|gen|9\n|tier|[Gen 9 Champions] VGC 2026 Reg M-A\n|rated|\n|rule|Species Clause: Limit one of each Pok\u00e9mon\n|rule|Item Clause: Limit 1 of each item\n|clearpoke\n|poke|p1|Aerodactyl, L50, M|\n|poke|p1|Garchomp, L50, F|\n|poke|p1|Milotic, L50, F|\n|poke|p1|Hydreigon, L50, M|\n|poke|p1|Mimikyu, L50, M|\n|poke|p1|Scizor, L50, F|\n|poke|p2|Aerodactyl, L50, F|\n|poke|p2|Basculegion, L50, M|\n|poke|p2|Kommo-o, L50, F|\n|poke|p2|Scizor, L50, F|\n|poke|p2|Scovillain, L50, F|\n|poke|p2|Sneasler, L50, M|\n|teampreview|4\n|inactive|Battle timer is ON: inactive players will automatically lose when time's up. (requested by Unova First)\n|inactive|smp on whimsicott has 60 seconds left.\n|inactive|Unova First has 60 seconds left.\n|c|\u2606Unova First|glhf\n|inactive|smp on whimsicott has 30 seconds left.\n|inactive|smp on whimsicott has 20 seconds left.\n|inactive|smp on whimsicott has 15 seconds left.\n|\n|t:|1776354004\n|teamsize|p1|4\n|teamsize|p2|4\n|start\n|switch|p1a: Milotic|Milotic, L50, F|100/100\n|switch|p1b: Hydreigon|Hydreigon, L50, M|100/100\n|switch|p2a: Lancelot|Scizor, L50, F|100/100\n|switch|p2b: Pop Smoke|Scovillain, L50, F|100/100\n|turn|1\n|\n|t:|1776354027\n|detailschange|p2b: Pop Smoke|Scovillain-Mega, L50, F\n|-mega|p2b: Pop Smoke|Scovillain|Scovillainite\n|move|p2b: Pop Smoke|Rage Powder|p2b: Pop Smoke\n|-singleturn|p2b: Pop Smoke|move: Rage Powder\n|move|p1b: Hydreigon|Fire Blast|p2b: Pop Smoke\n|-damage|p2b: Pop Smoke|60/100\n|-status|p1b: Hydreigon|brn|[from] ability: Spicy Spray|[of] p2b: Pop Smoke\n|move|p1a: Milotic|Muddy Water|p2a: Lancelot|[spread] p2a,p2b\n|-damage|p2a: Lancelot|68/100\n|-damage|p2b: Pop Smoke|28/100\n|-status|p1a: Milotic|brn|[from] ability: Spicy Spray|[of] p2b: Pop Smoke\n|move|p2a: Lancelot|Swords Dance|p2a: Lancelot\n|-boost|p2a: Lancelot|atk|2\n|\n|-damage|p1b: Hydreigon|94/100 brn|[from] brn\n|-damage|p1a: Milotic|95/100 brn|[from] brn\n|upkeep\n|turn|2\n|inactive|smp on whimsicott has 30 seconds left.\n|\n|t:|1776354057\n|move|p2b: Pop Smoke|Protect|p2b: Pop Smoke\n|-singleturn|p2b: Pop Smoke|Protect\n|move|p2a: Lancelot|Bullet Punch|p1b: Hydreigon\n|-damage|p1b: Hydreigon|0 fnt\n|faint|p1b: Hydreigon\n|move|p1a: Milotic|Icy Wind|p2a: Lancelot|[spread] p2a\n|-activate|p2b: Pop Smoke|move: Protect\n|-resisted|p2a: Lancelot|1\n|-damage|p2a: Lancelot|62/100\n|-unboost|p2a: Lancelot|spe|1\n|\n|-heal|p1a: Milotic|100/100 brn|[from] item: Leftovers\n|-damage|p1a: Milotic|95/100 brn|[from] brn\n|upkeep\n|\n|t:|1776354066\n|switch|p1b: Garchomp|Garchomp, L50, F|100/100\n|turn|3\n|\n|t:|1776354076\n|move|p1b: Garchomp|Protect|p1b: Garchomp\n|-singleturn|p1b: Garchomp|Protect\n|move|p2b: Pop Smoke|Rage Powder|p2b: Pop Smoke\n|-singleturn|p2b: Pop Smoke|move: Rage Powder\n|move|p1a: Milotic|Muddy Water|p2a: Lancelot|[spread] p2a,p2b\n|-damage|p2a: Lancelot|29/100\n|-damage|p2b: Pop Smoke|0 fnt\n|faint|p2b: Pop Smoke\n|move|p2a: Lancelot|Bug Bite|p1a: Milotic\n|-damage|p1a: Milotic|0 fnt\n|faint|p1a: Milotic\n|\n|upkeep\n|\n|t:|1776354086\n|switch|p1a: Scizor|Scizor, L50, F|100/100\n|switch|p2b: OG Sama|Aerodactyl, L50, F|100/100\n|-ability|p2b: OG Sama|Unnerve\n|turn|4\n|\n|t:|1776354093\n|detailschange|p1a: Scizor|Scizor-Mega, L50, F\n|-mega|p1a: Scizor|Scizor|Scizorite\n|move|p1a: Scizor|Bullet Punch|p2b: OG Sama\n|-supereffective|p2b: OG Sama|1\n|-enditem|p2b: OG Sama|Focus Sash\n|-damage|p2b: OG Sama|1/100\n|move|p2a: Lancelot|Bullet Punch|p1b: Garchomp\n|-damage|p1b: Garchomp|26/100\n|-damage|p2a: Lancelot|17/100|[from] ability: Rough Skin|[of] p1b: Garchomp\n|move|p2b: OG Sama|Dual Wingbeat|p1a: Scizor\n|-damage|p1a: Scizor|85/100\n|-damage|p1a: Scizor|71/100\n|-hitcount|p1a: Scizor|2\n|move|p1b: Garchomp|Stomping Tantrum|p2a: Lancelot\n|-damage|p2a: Lancelot|0 fnt\n|faint|p2a: Lancelot\n|\n|upkeep\n|\n|t:|1776354102\n|switch|p2a: CrashoutGod|Basculegion, L50, M|100/100\n|turn|5\n|\n|t:|1776354115\n|move|p2b: OG Sama|Protect|p2b: OG Sama\n|-singleturn|p2b: OG Sama|Protect\n|move|p1b: Garchomp|Protect|p1b: Garchomp\n|-singleturn|p1b: Garchomp|Protect\n|move|p2a: CrashoutGod|Wave Crash|p1a: Scizor\n|-crit|p1a: Scizor\n|-damage|p1a: Scizor|0 fnt\n|faint|p1a: Scizor\n|-damage|p2a: CrashoutGod|80/100|[from] Recoil\n|\n|upkeep\n|turn|6\n|\n|t:|1776354127\n|move|p2a: CrashoutGod|Aqua Jet|p1b: Garchomp\n|-damage|p1b: Garchomp|1/100\n|-damage|p2a: CrashoutGod|68/100|[from] ability: Rough Skin|[of] p1b: Garchomp\n|move|p2b: OG Sama|Rock Slide|p1b: Garchomp|[miss]\n|-miss|p2b: OG Sama|p1b: Garchomp\n|move|p1b: Garchomp|Earthquake|p2b: OG Sama|[spread] p2a\n|-immune|p2b: OG Sama\n|-damage|p2a: CrashoutGod|28/100\n|-enditem|p2a: CrashoutGod|Sitrus Berry|[eat]\n|-heal|p2a: CrashoutGod|53/100|[from] item: Sitrus Berry\n|\n|upkeep\n|turn|7\n|\n|t:|1776354139\n|move|p2a: CrashoutGod|Aqua Jet|p1b: Garchomp\n|-damage|p1b: Garchomp|0 fnt\n|-damage|p2a: CrashoutGod|41/100|[from] ability: Rough Skin|[of] p1b: Garchomp\n|faint|p1b: Garchomp\n|\n|win|Unova First\n|raw|smp on whimsicott's rating: 1440 &rarr; <strong>1416</strong><br />(-24 for losing)\n|raw|Unova First's rating: 1362 &rarr; <strong>1386</strong><br />(+24 for winning)\n",
  "uploadtime": 1776354140,
  "views": 36,
  "formatid": "gen9championsvgc2026regma",
  "rating": 1386,
  "private": 0,
  "password": null
}