{
  "id": "gen9championsvgc2026regma-2584483546",
  "format": "[Gen 9 Champions] VGC 2026 Reg M-A",
  "players": [
    "Erasertor",
    "CrosspoisonVGC"
  ],
  "log": "|j|\u2606Erasertor\n|j|\u2606CrosspoisonVGC\n|t:|1776263885\n|gametype|doubles\n|player|p1|Erasertor|gambler|1141\n|player|p2|CrosspoisonVGC|101|1109\n|gen|9\n|tier|[Gen 9 Champions] VGC 2026 Reg M-A\n|rated|\n|rule|Species Clause: Limit one of each Pok\u00e9mon\n|rule|Item Clause: Limit 1 of each item\n|clearpoke\n|poke|p1|Froslass, L50, F|\n|poke|p1|Incineroar, L50, F|\n|poke|p1|Orthworm, L50, F|\n|poke|p1|Garchomp, L50, M|\n|poke|p1|Basculegion, L50, M|\n|poke|p1|Sneasler, L50, M|\n|poke|p2|Torkoal, L50, F|\n|poke|p2|Whimsicott, L50, F|\n|poke|p2|Garchomp, L50, M|\n|poke|p2|Sneasler, L50, F|\n|poke|p2|Delphox, L50, F|\n|poke|p2|Farigiraf, L50, F|\n|teampreview|4\n|\n|t:|1776263916\n|teamsize|p1|4\n|teamsize|p2|4\n|start\n|switch|p1a: Orthworm|Orthworm, L50, F|100/100\n|switch|p1b: Garchomp|Garchomp, L50, M|100/100\n|switch|p2a: FieryAffinity|Delphox, L50, F|100/100\n|switch|p2b: Sneasler|Sneasler, L50, F|100/100\n|turn|1\n|\n|t:|1776263931\n|detailschange|p2a: FieryAffinity|Delphox-Mega, L50, F\n|-mega|p2a: FieryAffinity|Delphox|Delphoxite\n|move|p1b: Garchomp|Protect|p1b: Garchomp\n|-singleturn|p1b: Garchomp|Protect\n|move|p1a: Orthworm|Protect|p1a: Orthworm\n|-singleturn|p1a: Orthworm|Protect\n|move|p2a: FieryAffinity|Heat Wave|p1b: Garchomp|[spread] \n|-activate|p1a: Orthworm|move: Protect\n|-activate|p1b: Garchomp|move: Protect\n|move|p2b: Sneasler|Close Combat|p1b: Garchomp\n|-activate|p1b: Garchomp|move: Protect\n|\n|upkeep\n|turn|2\n|\n|t:|1776263956\n|move|p2a: FieryAffinity|Heat Wave|p1b: Garchomp|[spread] p1b\n|-miss|p2a: FieryAffinity|p1a: Orthworm\n|-resisted|p1b: Garchomp|1\n|-damage|p1b: Garchomp|77/100\n|move|p2b: Sneasler|Close Combat|p1b: Garchomp\n|-damage|p1b: Garchomp|10/100\n|-unboost|p2b: Sneasler|def|1\n|-unboost|p2b: Sneasler|spd|1\n|-enditem|p2b: Sneasler|White Herb\n|-clearnegativeboost|p2b: Sneasler|[silent]\n|move|p1b: Garchomp|Earthquake|p2a: FieryAffinity|[spread] p2b\n|-immune|p1a: Orthworm|[from] ability: Earth Eater\n|-immune|p2a: FieryAffinity|[from] ability: Levitate\n|-supereffective|p2b: Sneasler|1\n|-damage|p2b: Sneasler|0 fnt\n|faint|p2b: Sneasler\n|move|p1a: Orthworm|Shed Tail|p1a: Orthworm\n|-start|p1a: Orthworm|Substitute|[from] move: Shed Tail\n|-damage|p1a: Orthworm|50/100\n|-enditem|p1a: Orthworm|Sitrus Berry|[eat]\n|-heal|p1a: Orthworm|75/100|[from] item: Sitrus Berry\n|\n|t:|1776263979\n|switch|p1a: Basculegion|Basculegion, L50, M|100/100|[from] Shed Tail\n|\n|upkeep\n|l|\u2606CrosspoisonVGC\n|player|p2|\n|j|\u2606CrosspoisonVGC\n|player|p2|CrosspoisonVGC|101|\n|\n|t:|1776264010\n|switch|p2b: Garchomp|Garchomp, L50, M|100/100\n|turn|3\n|\n|t:|1776264028\n|move|p2b: Garchomp|Earthquake|p1a: Basculegion|[spread] p1a,p1b\n|-immune|p2a: FieryAffinity|[from] ability: Levitate\n|-end|p1a: Basculegion|Substitute\n|-damage|p1b: Garchomp|0 fnt\n|faint|p1b: Garchomp\n|move|p1a: Basculegion|Last Respects|p2a: FieryAffinity\n|-supereffective|p2a: FieryAffinity|1\n|-damage|p2a: FieryAffinity|0 fnt\n|faint|p2a: FieryAffinity\n|\n|upkeep\n|\n|t:|1776264040\n|switch|p2a: Farigiraf|Farigiraf, L50, F|100/100\n|switch|p1b: Sneasler|Sneasler, L50, M|100/100\n|turn|4\n|\n|t:|1776264056\n|move|p1b: Sneasler|Fake Out||[still]\n|cant|p2a: Farigiraf|ability: Armor Tail|Fake Out|[of] p1b: Sneasler\n|move|p2b: Garchomp|Earthquake|p1b: Sneasler|[spread] p2a,p1a,p1b\n|-supereffective|p1b: Sneasler|1\n|-damage|p2a: Farigiraf|66/100\n|-damage|p1a: Basculegion|50/100\n|-damage|p1b: Sneasler|0 fnt\n|faint|p1b: Sneasler\n|move|p1a: Basculegion|Last Respects|p2b: Garchomp\n|-damage|p2b: Garchomp|1/100\n|move|p2a: Farigiraf|Psychic|p1a: Basculegion\n|-damage|p1a: Basculegion|9/100\n|\n|upkeep\n|\n|t:|1776264069\n|switch|p1b: Orthworm|Orthworm, L50, F|75/100\n|turn|5\n|\n|t:|1776264098\n|move|p2b: Garchomp|Earthquake|p1a: Basculegion|[spread] p2a,p1a\n|-heal|p1b: Orthworm|99/100|[from] ability: Earth Eater|[of] p2b: Garchomp\n|-damage|p2a: Farigiraf|30/100\n|-damage|p1a: Basculegion|0 fnt\n|-enditem|p2a: Farigiraf|Sitrus Berry|[eat]\n|-heal|p2a: Farigiraf|55/100|[from] item: Sitrus Berry\n|faint|p1a: Basculegion\n|move|p1b: Orthworm|Body Slam|p2a: Farigiraf\n|-damage|p2a: Farigiraf|36/100\n|move|p2a: Farigiraf|Psychic|p2b: Garchomp\n|-damage|p2b: Garchomp|0 fnt\n|faint|p2b: Garchomp\n|\n|upkeep\n|turn|6\n|\n|t:|1776264115\n|move|p1b: Orthworm|Earthquake|p2a: Farigiraf\n|-damage|p2a: Farigiraf|12/100\n|move|p2a: Farigiraf|Psychic|p1b: Orthworm\n|-resisted|p1b: Orthworm|1\n|-crit|p1b: Orthworm\n|-damage|p1b: Orthworm|40/100\n|\n|upkeep\n|turn|7\n|\n|t:|1776264122\n|move|p1b: Orthworm|Earthquake|p2a: Farigiraf\n|-crit|p2a: Farigiraf\n|-damage|p2a: Farigiraf|0 fnt\n|faint|p2a: Farigiraf\n|\n|win|Erasertor\n|raw|Erasertor's rating: 1141 &rarr; <strong>1164</strong><br />(+23 for winning)\n|raw|CrosspoisonVGC's rating: 1109 &rarr; <strong>1086</strong><br />(-23 for losing)\n|l|\u2606Erasertor\n|player|p1|\n",
  "uploadtime": 1776264127,
  "views": 32,
  "formatid": "gen9championsvgc2026regma",
  "rating": 1086,
  "private": 0,
  "password": null
}