{
  "id": "gen9championsvgc2026regma-2584407360",
  "format": "[Gen 9 Champions] VGC 2026 Reg M-A",
  "players": [
    "jsajsajs",
    "Pyukumuku513"
  ],
  "log": "|j|\u2606jsajsajs\n|j|\u2606Pyukumuku513\n|t:|1776258657\n|gametype|doubles\n|player|p1|jsajsajs|blue|1122\n|player|p2|Pyukumuku513|102|1147\n|gen|9\n|tier|[Gen 9 Champions] VGC 2026 Reg M-A\n|rated|\n|rule|Species Clause: Limit one of each Pok\u00e9mon\n|rule|Item Clause: Limit 1 of each item\n|clearpoke\n|poke|p1|Feraligatr, L50, M|\n|poke|p1|Farigiraf, L50, M|\n|poke|p1|Politoed, L50, F|\n|poke|p1|Whimsicott, L50, M|\n|poke|p1|Sneasler, L50, M|\n|poke|p1|Kingambit, L50, M|\n|poke|p2|Delphox, L50, F|\n|poke|p2|Floette-Eternal, L50, F|\n|poke|p2|Sneasler, L50, F|\n|poke|p2|Kingambit, L50, F|\n|poke|p2|Garchomp, L50, F|\n|poke|p2|Sinistcha, L50|\n|teampreview|4\n|inactive|Battle timer is ON: inactive players will automatically lose when time's up. (requested by jsajsajs)\n|inactive|jsajsajs has 60 seconds left.\n|inactive|Pyukumuku513 has 60 seconds left.\n|\n|t:|1776258712\n|teamsize|p1|4\n|teamsize|p2|4\n|start\n|switch|p1a: Feraligatr|Feraligatr, L50, M, shiny|100/100\n|switch|p1b: Farigiraf|Farigiraf, L50, M, shiny|100/100\n|switch|p2a: Floette|Floette-Eternal, L50, F|100/100\n|switch|p2b: Sinistcha|Sinistcha, L50|100/100\n|turn|1\n|\n|t:|1776258730\n|detailschange|p2a: Floette|Floette-Mega, L50, F\n|-mega|p2a: Floette|Floette|Floettite\n|-ability|p2a: Floette|Fairy Aura\n|move|p2b: Sinistcha|Rage Powder|p2b: Sinistcha\n|-singleturn|p2b: Sinistcha|move: Rage Powder\n|move|p2a: Floette|Dazzling Gleam|p1a: Feraligatr|[spread] p1a,p1b\n|-damage|p1a: Feraligatr|54/100\n|-damage|p1b: Farigiraf|50/100\n|move|p1a: Feraligatr|Swords Dance|p1a: Feraligatr\n|-boost|p1a: Feraligatr|atk|2\n|move|p1b: Farigiraf|Trick Room|p1b: Farigiraf\n|-fieldstart|move: Trick Room|[of] p1b: Farigiraf\n|\n|upkeep\n|turn|2\n|\n|t:|1776258755\n|detailschange|p1a: Feraligatr|Feraligatr-Mega, L50, M, shiny\n|-mega|p1a: Feraligatr|Feraligatr|Feraligite\n|move|p1b: Farigiraf|Protect|p1b: Farigiraf\n|-singleturn|p1b: Farigiraf|Protect\n|move|p1a: Feraligatr|Body Slam|p2b: Sinistcha\n|-damage|p2b: Sinistcha|6/100\n|move|p2b: Sinistcha|Matcha Gotcha|p1a: Feraligatr|[spread] p1a\n|-activate|p1b: Farigiraf|move: Protect\n|-damage|p1a: Feraligatr|30/100\n|-heal|p2b: Sinistcha|19/100|[from] drain|[of] p1a: Feraligatr\n|-status|p1a: Feraligatr|brn\n|move|p2a: Floette|Dazzling Gleam|p1a: Feraligatr|[spread] p1a\n|-activate|p1b: Farigiraf|move: Protect\n|-supereffective|p1a: Feraligatr|1\n|-damage|p1a: Feraligatr|0 fnt\n|faint|p1a: Feraligatr\n|\n|-heal|p2b: Sinistcha|25/100|[from] item: Leftovers\n|upkeep\n|\n|t:|1776258774\n|switch|p1a: Politoed|Politoed, L50, F, shiny|100/100\n|-weather|RainDance|[from] ability: Drizzle|[of] p1a: Politoed\n|turn|3\n|\n|t:|1776258794\n|move|p2a: Floette|Protect|p2a: Floette\n|-singleturn|p2a: Floette|Protect\n|move|p1b: Farigiraf|Psychic Noise|p2b: Sinistcha\n|-damage|p2b: Sinistcha|0 fnt\n|faint|p2b: Sinistcha\n|move|p1a: Politoed|Muddy Water|p2a: Floette\n|-activate|p2a: Floette|move: Protect\n|\n|-weather|RainDance|[upkeep]\n|upkeep\n|\n|t:|1776258801\n|switch|p2b: Garchomp|Garchomp, L50, F|100/100\n|turn|4\n|\n|t:|1776258812\n|move|p1b: Farigiraf|Psychic Noise|p2a: Floette\n|-damage|p2a: Floette|68/100\n|-start|p2a: Floette|move: Heal Block\n|move|p1a: Politoed|Muddy Water|p2b: Garchomp|[spread] p2a,p2b\n|-damage|p2a: Floette|18/100\n|-damage|p2b: Garchomp|37/100\n|-unboost|p2b: Garchomp|accuracy|1\n|-enditem|p2b: Garchomp|Sitrus Berry|[eat]\n|-heal|p2b: Garchomp|61/100|[from] item: Sitrus Berry\n|move|p2a: Floette|Dazzling Gleam|p1b: Farigiraf|[spread] p1a,p1b\n|-damage|p1a: Politoed|62/100\n|-damage|p1b: Farigiraf|0 fnt\n|faint|p1b: Farigiraf\n|move|p2b: Garchomp|Rock Slide|p1a: Politoed\n|-damage|p1a: Politoed|31/100\n|\n|-weather|RainDance|[upkeep]\n|upkeep\n|\n|t:|1776258828\n|switch|p1b: Whimsicott|Whimsicott, L50, M, shiny|100/100\n|turn|5\n|\n|t:|1776258840\n|switch|p2a: Sneasler|Sneasler, L50, F|100/100\n|move|p1a: Politoed|Muddy Water|p2a: Sneasler|[spread] p2a\n|-miss|p1a: Politoed|p2b: Garchomp\n|-damage|p2a: Sneasler|33/100\n|move|p2b: Garchomp|Rock Slide|p1a: Politoed|[spread] p1a\n|-miss|p2b: Garchomp|p1b: Whimsicott\n|-damage|p1a: Politoed|10/100\n|move|p1b: Whimsicott|Moonblast|p2b: Garchomp\n|-supereffective|p2b: Garchomp|1\n|-damage|p2b: Garchomp|0 fnt\n|faint|p2b: Garchomp\n|\n|-weather|RainDance|[upkeep]\n|-fieldend|move: Trick Room\n|upkeep\n|\n|t:|1776258862\n|switch|p2b: Floette|Floette-Mega, L50, F|18/100\n|-ability|p2b: Floette|Fairy Aura\n|turn|6\n|\n|t:|1776258868\n|move|p1b: Whimsicott|Protect|p1b: Whimsicott\n|-singleturn|p1b: Whimsicott|Protect\n|move|p1a: Politoed|Protect|p1a: Politoed\n|-singleturn|p1a: Politoed|Protect\n|move|p2a: Sneasler|Dire Claw|p1b: Whimsicott\n|-activate|p1b: Whimsicott|move: Protect\n|move|p2b: Floette|Dazzling Gleam|p1b: Whimsicott|[spread] \n|-activate|p1a: Politoed|move: Protect\n|-activate|p1b: Whimsicott|move: Protect\n|\n|-weather|RainDance|[upkeep]\n|upkeep\n|turn|7\n|\n|t:|1776258881\n|move|p1b: Whimsicott|Tailwind|p1b: Whimsicott\n|-sidestart|p1: jsajsajs|move: Tailwind\n|move|p2a: Sneasler|Dire Claw|p1b: Whimsicott\n|-supereffective|p1b: Whimsicott|2\n|-enditem|p1b: Whimsicott|Focus Sash\n|-damage|p1b: Whimsicott|1/100\n|move|p1a: Politoed|Muddy Water|p2a: Sneasler|[spread] p2a,p2b\n|-damage|p2a: Sneasler|0 fnt\n|-damage|p2b: Floette|0 fnt\n|faint|p2a: Sneasler\n|faint|p2b: Floette\n|\n|win|jsajsajs\n|raw|jsajsajs's rating: 1122 &rarr; <strong>1149</strong><br />(+27 for winning)\n|raw|Pyukumuku513's rating: 1147 &rarr; <strong>1120</strong><br />(-27 for losing)\n|c|\u2606jsajsajs|gg\n|c|\u2606Pyukumuku513|gg\n|l|\u2606Pyukumuku513\n|player|p2|\n",
  "uploadtime": 1776258908,
  "views": 28,
  "formatid": "gen9championsvgc2026regma",
  "rating": 1120,
  "private": 0,
  "password": null
}