{
  "id": "gen9championsvgc2026regma-2589558277",
  "format": "[Gen 9 Champions] VGC 2026 Reg M-A",
  "players": [
    "halcony",
    "Duy1m8"
  ],
  "log": "|j|\u2606halcony\n|j|\u2606Duy1m8\n|t:|1776734004\n|gametype|doubles\n|player|p1|halcony|266|1261\n|player|p2|Duy1m8|101|1234\n|gen|9\n|tier|[Gen 9 Champions] VGC 2026 Reg M-A\n|rated|\n|rule|Species Clause: Limit one of each Pok\u00e9mon\n|rule|Item Clause: Limit 1 of each item\n|clearpoke\n|poke|p1|Farigiraf, L50, M|\n|poke|p1|Snorlax, L50, F|\n|poke|p1|Sinistcha, L50|\n|poke|p1|Abomasnow, L50, F|\n|poke|p1|Camerupt, L50, F|\n|poke|p1|Sneasler, L50, F|\n|poke|p2|Meganium, L50, M|\n|poke|p2|Pelipper, L50, F|\n|poke|p2|Garchomp, L50, M|\n|poke|p2|Archaludon, L50, F|\n|poke|p2|Meowstic, L50, M|\n|poke|p2|Glimmora, L50, F|\n|teampreview|4\n|inactive|Battle timer is ON: inactive players will automatically lose when time's up. (requested by Duy1m8)\n|\n|t:|1776734025\n|teamsize|p1|4\n|teamsize|p2|4\n|start\n|switch|p1a: Farigiraf|Farigiraf, L50, M|100/100\n|switch|p1b: Snorlax|Snorlax, L50, F|100/100\n|switch|p2a: Meowstic|Meowstic, L50, M|100/100\n|switch|p2b: Meganium|Meganium, L50, M|100/100\n|turn|1\n|inactive|Duy1m8 has 30 seconds left.\n|\n|t:|1776734050\n|detailschange|p2b: Meganium|Meganium-Mega, L50, M\n|-mega|p2b: Meganium|Meganium|Meganiumite\n|move|p2a: Meowstic|Thunder Wave||[still]\n|cant|p1a: Farigiraf|ability: Armor Tail|Thunder Wave|[of] p2a: Meowstic\n|move|p2b: Meganium|Dazzling Gleam|p1a: Farigiraf|[spread] p1a,p1b\n|-damage|p1a: Farigiraf|61/100\n|-damage|p1b: Snorlax|77/100\n|move|p1b: Snorlax|Belly Drum|p1b: Snorlax\n|-damage|p1b: Snorlax|27/100\n|-setboost|p1b: Snorlax|atk|6|[from] move: Belly Drum\n|-enditem|p1b: Snorlax|Sitrus Berry|[eat]\n|-heal|p1b: Snorlax|52/100|[from] item: Sitrus Berry\n|move|p1a: Farigiraf|Trick Room|p1a: Farigiraf\n|-fieldstart|move: Trick Room|[of] p1a: Farigiraf\n|\n|upkeep\n|turn|2\n|inactive|Duy1m8 has 30 seconds left.\n|\n|t:|1776734076\n|move|p2b: Meganium|Protect|p2b: Meganium\n|-singleturn|p2b: Meganium|Protect\n|move|p1b: Snorlax|Rock Slide|p2a: Meowstic|[spread] p2a\n|-activate|p2b: Meganium|move: Protect\n|-enditem|p2a: Meowstic|Focus Sash\n|-damage|p2a: Meowstic|1/100\n|move|p1a: Farigiraf|Psychic Noise|p2b: Meganium\n|-activate|p2b: Meganium|move: Protect\n|move|p2a: Meowstic|Psyshock|p1b: Snorlax\n|-damage|p1b: Snorlax|24/100\n|\n|upkeep\n|turn|3\n|inactive|Duy1m8 has 30 seconds left.\n|\n|t:|1776734106\n|switch|p1a: Sinistcha|Sinistcha, L50|100/100\n|-heal|p1b: Snorlax|49/100|[from] ability: Hospitality|[of] p1a: Sinistcha\n|move|p2a: Meowstic|Rain Dance|p2a: Meowstic\n|-weather|RainDance\n|move|p1b: Snorlax|Rock Slide|p2b: Meganium|[spread] p2a\n|-miss|p1b: Snorlax|p2b: Meganium\n|-damage|p2a: Meowstic|0 fnt\n|faint|p2a: Meowstic\n|move|p2b: Meganium|Dazzling Gleam|p1a: Sinistcha|[spread] p1a,p1b\n|-damage|p1a: Sinistcha|59/100\n|-damage|p1b: Snorlax|29/100\n|\n|-weather|RainDance|[upkeep]\n|-heal|p1a: Sinistcha|66/100|[from] item: Leftovers\n|upkeep\n|\n|t:|1776734121\n|switch|p2a: Archaludon|Archaludon, L50, F|100/100\n|turn|4\n|\n|t:|1776734135\n|move|p1b: Snorlax|Brick Break|p2a: Archaludon\n|-supereffective|p2a: Archaludon|1\n|-damage|p2a: Archaludon|0 fnt\n|faint|p2a: Archaludon\n|move|p1a: Sinistcha|Life Dew|p1a: Sinistcha|[spread] p1a,p1b\n|-heal|p1a: Sinistcha|91/100\n|-heal|p1b: Snorlax|54/100\n|move|p2b: Meganium|Weather Ball|p1a: Sinistcha\n|-supereffective|p1a: Sinistcha|1\n|-damage|p1a: Sinistcha|0 fnt\n|faint|p1a: Sinistcha\n|\n|-weather|RainDance|[upkeep]\n|upkeep\n|\n|t:|1776734151\n|switch|p1a: Abomasnow|Abomasnow, L50, F|100/100\n|switch|p2a: Pelipper|Pelipper, L50, F|100/100\n|-weather|Snowscape|[from] ability: Snow Warning|[of] p1a: Abomasnow\n|-weather|RainDance|[from] ability: Drizzle|[of] p2a: Pelipper\n|turn|5\n|\n|t:|1776734165\n|detailschange|p1a: Abomasnow|Abomasnow-Mega, L50, F\n|-mega|p1a: Abomasnow|Abomasnow|Abomasite\n|-weather|Snowscape|[from] ability: Snow Warning|[of] p1a: Abomasnow\n|move|p2a: Pelipper|Wide Guard|p2a: Pelipper\n|-singleturn|p2a: Pelipper|Wide Guard\n|move|p1a: Abomasnow|Blizzard|p2a: Pelipper|[spread] \n|-activate|p2a: Pelipper|move: Wide Guard\n|-activate|p2b: Meganium|move: Wide Guard\n|move|p1b: Snorlax|Rock Slide|p2a: Pelipper|[spread] \n|-activate|p2a: Pelipper|move: Wide Guard\n|-activate|p2b: Meganium|move: Wide Guard\n|move|p2b: Meganium|Weather Ball|p1a: Abomasnow\n|-supereffective|p1a: Abomasnow|2\n|-damage|p1a: Abomasnow|0 fnt\n|faint|p1a: Abomasnow\n|\n|-weather|Snowscape|[upkeep]\n|-fieldend|move: Trick Room\n|upkeep\n|\n|t:|1776734169\n|switch|p1a: Farigiraf|Farigiraf, L50, M|61/100\n|turn|6\n|\n|t:|1776734193\n|move|p2a: Pelipper|Wide Guard|p2a: Pelipper\n|-singleturn|p2a: Pelipper|Wide Guard\n|move|p2b: Meganium|Solar Beam||[still]\n|-prepare|p2b: Meganium|Solar Beam\n|-activate|p2b: Meganium|ability: Mega Sol\n|-anim|p2b: Meganium|Solar Beam|p1b: Snorlax\n|-damage|p1b: Snorlax|10/100\n|move|p1b: Snorlax|Crunch|p2a: Pelipper\n|-damage|p2a: Pelipper|0 fnt\n|faint|p2a: Pelipper\n|move|p1a: Farigiraf|Trick Room|p1a: Farigiraf\n|-fieldstart|move: Trick Room|[of] p1a: Farigiraf\n|\n|-weather|Snowscape|[upkeep]\n|upkeep\n|turn|7\n|\n|t:|1776734208\n|move|p1b: Snorlax|Rock Slide|p2b: Meganium\n|-damage|p2b: Meganium|9/100\n|move|p1a: Farigiraf|Psychic Noise|p2b: Meganium\n|-damage|p2b: Meganium|0 fnt\n|faint|p2b: Meganium\n|\n|win|halcony\n|raw|halcony's rating: 1261 &rarr; <strong>1284</strong><br />(+23 for winning)\n|raw|Duy1m8's rating: 1234 &rarr; <strong>1211</strong><br />(-23 for losing)\n",
  "uploadtime": 1776734214,
  "views": 4,
  "formatid": "gen9championsvgc2026regma",
  "rating": 1211,
  "private": 0,
  "password": null
}