{
  "id": "gen9championsvgc2026regma-2586812077",
  "format": "[Gen 9 Champions] VGC 2026 Reg M-A",
  "players": [
    "iBuzztVGC",
    "Brawnzy"
  ],
  "log": "|j|\u2606iBuzztVGC\n|j|\u2606Brawnzy\n|t:|1776461910\n|gametype|doubles\n|player|p1|iBuzztVGC|1|1227\n|player|p2|Brawnzy|cyrus|1157\n|gen|9\n|tier|[Gen 9 Champions] VGC 2026 Reg M-A\n|rated|\n|rule|Species Clause: Limit one of each Pok\u00e9mon\n|rule|Item Clause: Limit 1 of each item\n|clearpoke\n|poke|p1|Floette-Eternal, L50, F|\n|poke|p1|Aerodactyl, L50, F|\n|poke|p1|Incineroar, L50, M|\n|poke|p1|Sneasler, L50, F|\n|poke|p1|Kingambit, L50, M|\n|poke|p1|Ninetales-Alola, L50, F|\n|poke|p2|Garchomp, L50, F|\n|poke|p2|Tyranitar, L50, M|\n|poke|p2|Maushold-Four, L50|\n|poke|p2|Talonflame, L50, F|\n|poke|p2|Sinistcha, L50|\n|poke|p2|Mimikyu, L50, F|\n|teampreview|4\n|inactive|Battle timer is ON: inactive players will automatically lose when time's up. (requested by Brawnzy)\n|inactive|iBuzztVGC has 60 seconds left.\n|\n|t:|1776461956\n|teamsize|p1|4\n|teamsize|p2|4\n|start\n|switch|p1a: Floette|Floette-Eternal, L50, F|100/100\n|switch|p1b: Incineroar|Incineroar, L50, M|100/100\n|switch|p2a: Garchomp|Garchomp, L50, F|100/100\n|switch|p2b: Tyranitar|Tyranitar, L50, M|100/100\n|-weather|Sandstorm|[from] ability: Sand Stream|[of] p2b: Tyranitar\n|-ability|p1b: Incineroar|Intimidate|boost\n|-unboost|p2a: Garchomp|atk|1\n|-unboost|p2b: Tyranitar|atk|1\n|turn|1\n|inactive|iBuzztVGC has 30 seconds left.\n|inactive|iBuzztVGC has 20 seconds left.\n|inactive|iBuzztVGC has 15 seconds left.\n|inactive|iBuzztVGC has 10 seconds left.\n|inactive|iBuzztVGC has 5 seconds left.\n|\n|t:|1776462009\n|detailschange|p1a: Floette|Floette-Mega, L50, F\n|-mega|p1a: Floette|Floette|Floettite\n|-ability|p1a: Floette|Fairy Aura\n|move|p2b: Tyranitar|Protect|p2b: Tyranitar\n|-singleturn|p2b: Tyranitar|Protect\n|move|p1b: Incineroar|Fake Out|p2b: Tyranitar\n|-activate|p2b: Tyranitar|move: Protect\n|move|p2a: Garchomp|Earthquake|p1a: Floette|[spread] p1a,p1b\n|-activate|p2b: Tyranitar|move: Protect\n|-supereffective|p1b: Incineroar|1\n|-damage|p1a: Floette|78/100\n|-damage|p1b: Incineroar|62/100\n|move|p1a: Floette|Moonblast|p2a: Garchomp|[miss]\n|-miss|p1a: Floette|p2a: Garchomp\n|\n|-weather|Sandstorm|[upkeep]\n|-damage|p1a: Floette|72/100|[from] Sandstorm\n|-damage|p1b: Incineroar|56/100|[from] Sandstorm\n|upkeep\n|turn|2\n|c|\u2606iBuzztVGC|sand veil bright powder huh\n|inactive|iBuzztVGC has 30 seconds left.\n|\n|t:|1776462039\n|switch|p2b: Maushold|Maushold-Four, L50|100/100\n|switch|p1b: Aerodactyl|Aerodactyl, L50, F|100/100\n|-ability|p1b: Aerodactyl|Unnerve\n|move|p1a: Floette|Protect|p1a: Floette\n|-singleturn|p1a: Floette|Protect\n|move|p2a: Garchomp|Rock Slide|p1b: Aerodactyl|[spread] p1b\n|-activate|p1a: Floette|move: Protect\n|-supereffective|p1b: Aerodactyl|1\n|-damage|p1b: Aerodactyl|66/100\n|\n|-weather|Sandstorm|[upkeep]\n|-damage|p2b: Maushold|94/100|[from] Sandstorm\n|-damage|p1a: Floette|66/100|[from] Sandstorm\n|upkeep\n|turn|3\n|c|\u2606Brawnzy|i wanted to test it lmao\n|c|\u2606Brawnzy|just to be evil\n|c|\u2606iBuzztVGC|yeah, evil is right\n|inactive|iBuzztVGC has 30 seconds left.\n|inactive|Brawnzy has 30 seconds left.\n|inactive|iBuzztVGC has 20 seconds left.\n|inactive|iBuzztVGC has 15 seconds left.\n|inactive|iBuzztVGC has 10 seconds left.\n|inactive|iBuzztVGC has 5 seconds left.\n|\n|t:|1776462092\n|switch|p1b: Incineroar|Incineroar, L50, M|56/100\n|-ability|p1b: Incineroar|Intimidate|boost\n|-unboost|p2a: Garchomp|atk|1\n|-unboost|p2b: Maushold|atk|1\n|move|p2b: Maushold|Population Bomb|p1a: Floette\n|-damage|p1a: Floette|62/100\n|-damage|p1a: Floette|58/100\n|-damage|p1a: Floette|54/100\n|-damage|p1a: Floette|50/100\n|-hitcount|p1a: Floette|4\n|move|p2a: Garchomp|Rock Slide|p1b: Incineroar|[spread] p1a,p1b\n|-supereffective|p1b: Incineroar|1\n|-crit|p1b: Incineroar\n|-damage|p1a: Floette|42/100\n|-damage|p1b: Incineroar|12/100\n|-enditem|p1b: Incineroar|Sitrus Berry|[eat]\n|-heal|p1b: Incineroar|37/100|[from] item: Sitrus Berry\n|move|p1a: Floette|Calm Mind|p1a: Floette\n|-boost|p1a: Floette|spa|1\n|-boost|p1a: Floette|spd|1\n|\n|-weather|Sandstorm|[upkeep]\n|-damage|p2b: Maushold|88/100|[from] Sandstorm\n|-damage|p1a: Floette|36/100|[from] Sandstorm\n|-damage|p1b: Incineroar|31/100|[from] Sandstorm\n|upkeep\n|turn|4\n|c|\u2606Brawnzy|it gets better\n|inactive|iBuzztVGC has 30 seconds left.\n|inactive|Brawnzy has 30 seconds left.\n|\n|t:|1776462121\n|switch|p2a: Tyranitar|Tyranitar, L50, M|100/100\n|move|p1b: Incineroar|Fake Out|p2b: Maushold\n|-damage|p2b: Maushold|73/100\n|cant|p2b: Maushold|flinch\n|move|p1a: Floette|Draining Kiss|p2a: Tyranitar\n|-supereffective|p2a: Tyranitar|1\n|-crit|p2a: Tyranitar\n|-damage|p2a: Tyranitar|27/100\n|-heal|p1a: Floette|100/100|[from] drain|[of] p2a: Tyranitar\n|\n|-weather|Sandstorm|[upkeep]\n|-damage|p2b: Maushold|67/100|[from] Sandstorm\n|-damage|p1a: Floette|94/100|[from] Sandstorm\n|-damage|p1b: Incineroar|24/100|[from] Sandstorm\n|upkeep\n|turn|5\n|c|\u2606iBuzztVGC|elaborate\n|c|\u2606iBuzztVGC|i\u2019m intrigued\n|inactive|iBuzztVGC has 30 seconds left.\n|inactive|Brawnzy has 30 seconds left.\n|inactive|iBuzztVGC has 20 seconds left.\n|c|\u2606Brawnzy|maushold has a kings rock\n|inactive|iBuzztVGC has 15 seconds left.\n|c|\u2606iBuzztVGC|oh lmao\n|inactive|iBuzztVGC has 10 seconds left.\n|c|\u2606Brawnzy|also if you couldnt tell im not taking this too seriously\n|inactive|iBuzztVGC has 5 seconds left.\n|\n|t:|1776462172\n|switch|p2b: Garchomp|Garchomp, L50, F|100/100\n|move|p2a: Tyranitar|Protect|p2a: Tyranitar\n|-singleturn|p2a: Tyranitar|Protect\n|move|p1a: Floette|Moonblast|p2a: Tyranitar\n|-activate|p2a: Tyranitar|move: Protect\n|move|p1b: Incineroar|Flare Blitz|p2a: Tyranitar\n|-activate|p2a: Tyranitar|move: Protect\n|\n|-weather|none\n|upkeep\n|turn|6\n|\n|t:|1776462190\n|detailschange|p2a: Tyranitar|Tyranitar-Mega, L50, M\n|-mega|p2a: Tyranitar|Tyranitar|Tyranitarite\n|-weather|Sandstorm|[from] ability: Sand Stream|[of] p2a: Tyranitar\n|move|p2b: Garchomp|Rock Slide|p1b: Incineroar|[spread] p1a,p1b\n|-supereffective|p1b: Incineroar|1\n|-damage|p1a: Floette|78/100\n|-damage|p1b: Incineroar|0 fnt\n|faint|p1b: Incineroar\n|cant|p1a: Floette|flinch\n|move|p2a: Tyranitar|Rock Slide|p1a: Floette\n|-damage|p1a: Floette|31/100\n|\n|-weather|Sandstorm|[upkeep]\n|-damage|p1a: Floette|24/100|[from] Sandstorm\n|upkeep\n|\n|t:|1776462199\n|switch|p1b: Sneasler|Sneasler, L50, F|100/100\n|turn|7\n|\n|t:|1776462217\n|switch|p2a: Maushold|Maushold-Four, L50|67/100\n|move|p1b: Sneasler|Fake Out|p2b: Garchomp\n|-damage|p2b: Garchomp|92/100\n|cant|p2b: Garchomp|flinch\n|move|p1a: Floette|Draining Kiss|p2b: Garchomp\n|-supereffective|p2b: Garchomp|1\n|-damage|p2b: Garchomp|18/100\n|-heal|p1a: Floette|92/100|[from] drain|[of] p2b: Garchomp\n|\n|-weather|Sandstorm|[upkeep]\n|-damage|p1b: Sneasler|95/100|[from] Sandstorm\n|-damage|p2a: Maushold|61/100|[from] Sandstorm\n|-damage|p1a: Floette|86/100|[from] Sandstorm\n|upkeep\n|turn|8\n|c|\u2606Brawnzy|NOOOO\n|c|\u2606iBuzztVGC|huge\n|inactive|iBuzztVGC has 30 seconds left.\n|inactive|Brawnzy has 30 seconds left.\n|c|\u2606iBuzztVGC|floette is so annoying bro\n|inactive|iBuzztVGC has 20 seconds left.\n|inactive|Brawnzy has 20 seconds left.\n|inactive|iBuzztVGC has 15 seconds left.\n|inactive|Brawnzy has 15 seconds left.\n|inactive|iBuzztVGC has 10 seconds left.\n|inactive|Brawnzy has 10 seconds left.\n|\n|t:|1776462264\n|move|p2a: Maushold|Follow Me|p2a: Maushold\n|-singleturn|p2a: Maushold|move: Follow Me\n|move|p1b: Sneasler|Close Combat|p2a: Maushold\n|-supereffective|p2a: Maushold|1\n|-damage|p2a: Maushold|0 fnt\n|-unboost|p1b: Sneasler|def|1\n|-unboost|p1b: Sneasler|spd|1\n|faint|p2a: Maushold\n|-enditem|p1b: Sneasler|White Herb\n|-clearnegativeboost|p1b: Sneasler|[silent]\n|move|p2b: Garchomp|Rock Slide|p1a: Floette|[spread] \n|-miss|p2b: Garchomp|p1a: Floette\n|-miss|p2b: Garchomp|p1b: Sneasler\n|move|p1a: Floette|Draining Kiss|p2b: Garchomp\n|-supereffective|p2b: Garchomp|1\n|-damage|p2b: Garchomp|0 fnt\n|-heal|p1a: Floette|100/100|[from] drain|[of] p2b: Garchomp\n|faint|p2b: Garchomp\n|\n|-weather|Sandstorm|[upkeep]\n|-damage|p1b: Sneasler|89/100|[from] Sandstorm\n|-damage|p1a: Floette|94/100|[from] Sandstorm\n|upkeep\n|c|\u2606Brawnzy|man\n|c|\u2606iBuzztVGC|omg\n|c|\u2606Brawnzy|your a better dodger than me\n|\n|t:|1776462285\n|switch|p2a: Tyranitar|Tyranitar-Mega, L50, M|27/100\n|switch|p2b: Mimikyu|Mimikyu, L50, F|100/100\n|turn|9\n|c|\u2606iBuzztVGC|i\u2019m the evil one now\n|\n|t:|1776462298\n|move|p2a: Tyranitar|Protect|p2a: Tyranitar\n|-singleturn|p2a: Tyranitar|Protect\n|move|p1b: Sneasler|Dire Claw|p2b: Mimikyu\n|-activate|p2b: Mimikyu|ability: Disguise\n|-damage|p2b: Mimikyu|100/100\n|-status|p2b: Mimikyu|psn\n|detailschange|p2b: Mimikyu|Mimikyu-Busted, L50, F\n|-damage|p2b: Mimikyu|88/100 psn|[from] pokemon: Mimikyu-Busted\n|move|p2b: Mimikyu|Swords Dance|p2b: Mimikyu\n|-boost|p2b: Mimikyu|atk|2\n|move|p1a: Floette|Moonblast|p2b: Mimikyu\n|-damage|p2b: Mimikyu|0 fnt\n|faint|p2b: Mimikyu\n|\n|-weather|Sandstorm|[upkeep]\n|-damage|p1b: Sneasler|83/100|[from] Sandstorm\n|-damage|p1a: Floette|88/100|[from] Sandstorm\n|upkeep\n|turn|10\n|c|\u2606Brawnzy|gg lol\n|c|\u2606iBuzztVGC|ggwp man\n|c|\u2606iBuzztVGC|we should run it back sometime\n|inactive|iBuzztVGC has 30 seconds left.\n|\n|t:|1776462324\n|move|p1b: Sneasler|Close Combat|p2a: Tyranitar\n|-supereffective|p2a: Tyranitar|2\n|-damage|p2a: Tyranitar|0 fnt\n|-unboost|p1b: Sneasler|def|1\n|-unboost|p1b: Sneasler|spd|1\n|faint|p2a: Tyranitar\n|\n|win|iBuzztVGC\n|raw|iBuzztVGC's rating: 1227 &rarr; <strong>1247</strong><br />(+20 for winning)\n|raw|Brawnzy's rating: 1157 &rarr; <strong>1137</strong><br />(-20 for losing)\n|l|\u2606Brawnzy\n|player|p2|\n|l|\u2606iBuzztVGC\n|player|p1|\n|j|\u2606iBuzztVGC\n|player|p1|iBuzztVGC|1|\n|l|\u2606iBuzztVGC\n|player|p1|\n|j|\u2606iBuzztVGC\n|player|p1|iBuzztVGC|1|\n",
  "uploadtime": 1776462518,
  "views": 36,
  "formatid": "gen9championsvgc2026regma",
  "rating": 1137,
  "private": 0,
  "password": null
}