{
  "id": "gen9championsvgc2026regma-2581534596",
  "format": "[Gen 9 Champions] VGC 2026 Reg M-A",
  "players": [
    "Tree653",
    "rauliito_adh"
  ],
  "log": "|j|\u2606Tree653\n|j|\u2606rauliito_adh\n|t:|1776008936\n|gametype|doubles\n|player|p1|Tree653|1|1103\n|player|p2|rauliito_adh|hilbert|1049\n|gen|9\n|tier|[Gen 9 Champions] VGC 2026 Reg M-A\n|rated|\n|rule|Species Clause: Limit one of each Pok\u00e9mon\n|rule|Item Clause: Limit 1 of each item\n|clearpoke\n|poke|p1|Tyranitar, L50, F|\n|poke|p1|Torkoal, L50, M|\n|poke|p1|Charizard, L50, F|\n|poke|p1|Sableye, L50, F|\n|poke|p1|Garchomp, L50, F|\n|poke|p1|Slowbro, L50, F|\n|poke|p2|Arcanine, L50, M|\n|poke|p2|Rotom-Wash, L50|\n|poke|p2|Garchomp, L50, M|\n|poke|p2|Venusaur, L50, F|\n|poke|p2|Corviknight, L50, M|\n|poke|p2|Sneasler, L50, M|\n|teampreview|4\n|inactive|Battle timer is ON: inactive players will automatically lose when time's up. (requested by Tree653)\n|\n|t:|1776008978\n|teamsize|p1|4\n|teamsize|p2|4\n|start\n|switch|p1a: Slowbro|Slowbro, L50, F|100/100\n|switch|p1b: Charizard|Charizard, L50, F|100/100\n|switch|p2a: Rotom|Rotom-Wash, L50|100/100\n|switch|p2b: Garchomp|Garchomp, L50, M|100/100\n|turn|1\n|\n|t:|1776008994\n|move|p1b: Charizard|Protect|p1b: Charizard\n|-singleturn|p1b: Charizard|Protect\n|move|p2a: Rotom|Thunderbolt|p1a: Slowbro\n|-supereffective|p1a: Slowbro|1\n|-damage|p1a: Slowbro|4/100\n|move|p2b: Garchomp|Stone Edge|p1b: Charizard\n|-activate|p1b: Charizard|move: Protect\n|move|p1a: Slowbro|Iron Defense|p1a: Slowbro\n|-boost|p1a: Slowbro|def|2\n|\n|-heal|p1a: Slowbro|10/100|[from] item: Leftovers\n|upkeep\n|turn|2\n|\n|t:|1776009019\n|switch|p1b: Garchomp|Garchomp, L50, F|100/100\n|move|p1a: Slowbro|Protect|p1a: Slowbro\n|-singleturn|p1a: Slowbro|Protect\n|move|p2a: Rotom|Thunderbolt|p1b: Garchomp\n|-immune|p1b: Garchomp\n|move|p2b: Garchomp|Earthquake|p1a: Slowbro|[spread] p1b\n|-activate|p1a: Slowbro|move: Protect\n|-immune|p2a: Rotom|[from] ability: Levitate\n|-damage|p1b: Garchomp|59/100\n|\n|-heal|p1a: Slowbro|16/100|[from] item: Leftovers\n|upkeep\n|turn|3\n|inactive|rauliito_adh has 30 seconds left.\n|\n|t:|1776009046\n|detailschange|p1b: Garchomp|Garchomp-Mega, L50, F\n|-mega|p1b: Garchomp|Garchomp|Garchompite\n|move|p2a: Rotom|Thunderbolt|p1a: Slowbro\n|-supereffective|p1a: Slowbro|1\n|-damage|p1a: Slowbro|0 fnt\n|faint|p1a: Slowbro\n|move|p2b: Garchomp|Dragon Claw|p1b: Garchomp\n|-supereffective|p1b: Garchomp|1\n|-damage|p1b: Garchomp|0 fnt\n|faint|p1b: Garchomp\n|\n|upkeep\n|\n|t:|1776009058\n|switch|p1b: Torkoal|Torkoal, L50, M|100/100\n|switch|p1a: Charizard|Charizard, L50, F|100/100\n|-weather|SunnyDay|[from] ability: Drought|[of] p1b: Torkoal\n|turn|4\n|inactive|rauliito_adh has 30 seconds left.\n|\n|t:|1776009085\n|move|p2a: Rotom|Thunderbolt|p1a: Charizard\n|-supereffective|p1a: Charizard|1\n|-damage|p1a: Charizard|0 fnt\n|faint|p1a: Charizard\n|move|p2b: Garchomp|Earthquake|p1b: Torkoal|[spread] p1b\n|-immune|p2a: Rotom|[from] ability: Levitate\n|-supereffective|p1b: Torkoal|1\n|-damage|p1b: Torkoal|42/100\n|move|p1b: Torkoal|Eruption|p2a: Rotom|[spread] p2a,p2b\n|-resisted|p2a: Rotom|1\n|-resisted|p2b: Garchomp|1\n|-damage|p2a: Rotom|82/100\n|-damage|p2b: Garchomp|85/100\n|\n|-weather|SunnyDay|[upkeep]\n|upkeep\n|turn|5\n|\n|t:|1776009099\n|move|p2a: Rotom|Thunderbolt|p1b: Torkoal\n|-damage|p1b: Torkoal|0 fnt\n|faint|p1b: Torkoal\n|\n|win|rauliito_adh\n|raw|Tree653's rating: 1103 &rarr; <strong>1074</strong><br />(-29 for losing)\n|raw|rauliito_adh's rating: 1049 &rarr; <strong>1087</strong><br />(+38 for winning)\n",
  "uploadtime": 1776009099,
  "views": 11,
  "formatid": "gen9championsvgc2026regma",
  "rating": 1074,
  "private": 0,
  "password": null
}