{
  "id": "gen9championsvgc2026regma-2580744334",
  "format": "[Gen 9 Champions] VGC 2026 Reg M-A",
  "players": [
    "pigzillla",
    "user638468286"
  ],
  "log": "|j|\u2606pigzillla\n|j|\u2606user638468286\n|t:|1775928935\n|gametype|doubles\n|player|p1|pigzillla|brycenman|1096\n|player|p2|user638468286|101|1136\n|gen|9\n|tier|[Gen 9 Champions] VGC 2026 Reg M-A\n|rated|\n|rule|Species Clause: Limit one of each Pok\u00e9mon\n|rule|Item Clause: Limit 1 of each item\n|clearpoke\n|poke|p1|Kingambit, L50, M|\n|poke|p1|Gardevoir, L50, M|\n|poke|p1|Victreebel, L50, F|\n|poke|p1|Garchomp, L50, M|\n|poke|p1|Espathra, L50, F|\n|poke|p1|Farigiraf, L50, F|\n|poke|p2|Sinistcha-Masterpiece, L50|\n|poke|p2|Alcremie, L50, F|\n|poke|p2|Meganium, L50, F|\n|poke|p2|Excadrill, L50, M|\n|poke|p2|Tyranitar, L50, M|\n|poke|p2|Incineroar, L50, M|\n|teampreview|4\n|inactive|Battle timer is ON: inactive players will automatically lose when time's up. (requested by pigzillla)\nuser638468286 has agreed to open team sheets.\n|inactive|pigzillla has 60 seconds left.\n|inactive|user638468286 has 60 seconds left.\n|inactive|pigzillla has 30 seconds left.\n|inactive|user638468286 has 30 seconds left.\npigzillla has agreed to open team sheets.\n|showteam|p1|Kingambit||BlackGlasses|Defiant|SuckerPunch,IronHead,SwordsDance,Protect|||M|||50|]Gardevoir||BabiriBerry|Telepathy|TrickRoom,AuraSphere,Moonblast,Protect|||M|||50|]Victreebel||Victreebelite|Chlorophyll|SludgeWave,StrengthSap,Encore,GrassKnot|||F|||50|]Garchomp||ChoiceScarf|RoughSkin|RockSlide,Earthquake,DragonClaw,PoisonJab|||M|||50|]Espathra||ColburBerry|SpeedBoost|Protect,LuminaCrash,BatonPass,LightScreen|||F|||50|]Farigiraf||SitrusBerry|ArmorTail|Protect,Psychic,HyperVoice,HelpingHand|||F|||50|\n|showteam|p2|Sinistcha-Masterpiece||BrightPowder|Hospitality|MatchaGotcha,LifeDew,TrickRoom,Protect||||||50|]Alcremie||ChoiceScarf|AromaVeil|DazzlingGleam,MysticalFire,Decorate,MagicRoom|||F|||50|]Meganium||Meganiumite|Overgrow|SolarBeam,DazzlingGleam,WeatherBall,Protect|||F|||50|]Excadrill||Excadrite|SandRush|IronHead,HighHorsepower,RockSlide,Protect|||M|||50|]Tyranitar||ChopleBerry|SandStream|RockSlide,Snarl,BreakingSwipe,Protect|||M|||50|]Incineroar||ShucaBerry|Intimidate|FlareBlitz,FakeOut,PartingShot,WillOWisp|||M|||50|\n|\n|t:|1775929002\n|teamsize|p1|4\n|teamsize|p2|4\n|start\n|switch|p1a: Espathra|Espathra, L50, F|100/100\n|switch|p1b: Garchomp|Garchomp, L50, M|100/100\n|switch|p2a: The angry guy|Tyranitar, L50, M|100/100\n|switch|p2b: The girl|Alcremie, L50, F|100/100\n|-weather|Sandstorm|[from] ability: Sand Stream|[of] p2a: The angry guy\n|turn|1\n|c|\u2606pigzillla|I made this team like 30 secs ago\n|\n|t:|1775929022\n|move|p1a: Espathra|Protect|p1a: Espathra\n|-singleturn|p1a: Espathra|Protect\n|move|p1b: Garchomp|Earthquake|p2a: The angry guy|[spread] p2a,p2b\n|-activate|p1a: Espathra|move: Protect\n|-supereffective|p2a: The angry guy|1\n|-damage|p2a: The angry guy|51/100\n|-damage|p2b: The girl|46/100\n|move|p2b: The girl|Decorate|p2a: The angry guy\n|-boost|p2a: The angry guy|atk|2\n|-boost|p2a: The angry guy|spa|2\n|move|p2a: The angry guy|Breaking Swipe|p1a: Espathra|[spread] p1b\n|-activate|p1a: Espathra|move: Protect\n|-supereffective|p1b: Garchomp|1\n|-damage|p1b: Garchomp|57/100\n|-unboost|p1b: Garchomp|atk|1\n|-damage|p2a: The angry guy|39/100|[from] ability: Rough Skin|[of] p1b: Garchomp\n|\n|-weather|Sandstorm|[upkeep]\n|-damage|p2b: The girl|40/100|[from] Sandstorm\n|-damage|p1a: Espathra|95/100|[from] Sandstorm\n|-ability|p1a: Espathra|Speed Boost|boost\n|-boost|p1a: Espathra|spe|1\n|upkeep\n|turn|2\n|\n|t:|1775929046\n|switch|p2b: The cup|Sinistcha-Masterpiece, L50|100/100\n|-heal|p2a: The angry guy|64/100|[from] ability: Hospitality|[of] p2b: The cup\n|move|p1a: Espathra|Baton Pass|p1a: Espathra\n|\n|t:|1775929051\n|switch|p1a: Victreebel|Victreebel, L50, F|100/100|[from] Baton Pass\n|move|p1b: Garchomp|Earthquake|p2b: The cup|[spread] p1a,p2a,p2b\n|-supereffective|p2a: The angry guy|1\n|-resisted|p2b: The cup|1\n|-damage|p1a: Victreebel|59/100\n|-damage|p2a: The angry guy|32/100\n|-damage|p2b: The cup|88/100\n|move|p2a: The angry guy|Snarl|p1b: Garchomp|[spread] p1a,p1b\n|-damage|p1a: Victreebel|23/100\n|-damage|p1b: Garchomp|24/100\n|-unboost|p1a: Victreebel|spa|1\n|-unboost|p1b: Garchomp|spa|1\n|\n|-weather|Sandstorm|[upkeep]\n|-damage|p1a: Victreebel|18/100|[from] Sandstorm\n|-damage|p2b: The cup|81/100|[from] Sandstorm\n|upkeep\n|turn|3\n|inactive|user638468286 has 30 seconds left.\n|inactive|user638468286 has 20 seconds left.\n|inactive|user638468286 has 15 seconds left.\n|\n|t:|1775929099\n|switch|p1b: Gardevoir|Gardevoir, L50, M|100/100\n|detailschange|p1a: Victreebel|Victreebel-Mega, L50, F\n|-mega|p1a: Victreebel|Victreebel|Victreebelite\n|move|p2a: The angry guy|Protect|p2a: The angry guy\n|-singleturn|p2a: The angry guy|Protect\n|move|p1a: Victreebel|Strength Sap|p2a: The angry guy\n|-activate|p2a: The angry guy|move: Protect\n|move|p2b: The cup|Trick Room|p2b: The cup\n|-fieldstart|move: Trick Room|[of] p2b: The cup\n|\n|-weather|Sandstorm|[upkeep]\n|-damage|p2b: The cup|75/100|[from] Sandstorm\n|-damage|p1b: Gardevoir|94/100|[from] Sandstorm\n|-damage|p1a: Victreebel|12/100|[from] Sandstorm\n|upkeep\n|turn|4\n|\n|t:|1775929118\n|move|p2a: The angry guy|Rock Slide|p1b: Gardevoir|[spread] p1a,p1b\n|-damage|p1a: Victreebel|0 fnt\n|-damage|p1b: Gardevoir|42/100\n|-damage|p2a: The angry guy|22/100|[from] ability: Innards Out|[of] p1a: Victreebel\n|faint|p1a: Victreebel\n|move|p2b: The cup|Life Dew|p2b: The cup|[spread] p2a,p2b\n|-heal|p2a: The angry guy|47/100\n|-heal|p2b: The cup|100/100\n|cant|p1b: Gardevoir|flinch\n|\n|-weather|Sandstorm|[upkeep]\n|-damage|p2b: The cup|94/100|[from] Sandstorm\n|-damage|p1b: Gardevoir|36/100|[from] Sandstorm\n|upkeep\n|\n|t:|1775929124\n|switch|p1a: Garchomp|Garchomp, L50, M|24/100\n|turn|5\n|-message|pigzillla forfeited.\n|\n|win|user638468286\n|raw|pigzillla's rating: 1096 &rarr; <strong>1074</strong><br />(-22 for losing)\n|raw|user638468286's rating: 1136 &rarr; <strong>1158</strong><br />(+22 for winning)\n|l|\u2606pigzillla\n|player|p1|\n",
  "uploadtime": 1775929136,
  "views": 17,
  "formatid": "gen9championsvgc2026regma",
  "rating": 1074,
  "private": 0,
  "password": null
}