{
  "id": "gen9championsvgc2026regma-2586850285",
  "format": "[Gen 9 Champions] VGC 2026 Reg M-A",
  "players": [
    "UncleW0z",
    "pingualdo"
  ],
  "log": "|j|\u2606UncleW0z\n|j|\u2606pingualdo\n|t:|1776465221\n|gametype|doubles\n|player|p1|UncleW0z|2|1000\n|player|p2|pingualdo|unknownf|1000\n|gen|9\n|tier|[Gen 9 Champions] VGC 2026 Reg M-A\n|rated|\n|rule|Species Clause: Limit one of each Pok\u00e9mon\n|rule|Item Clause: Limit 1 of each item\n|clearpoke\n|poke|p1|Tyranitar, L50, F|\n|poke|p1|Snorlax, L50, M|\n|poke|p1|Skarmory, L50, F|\n|poke|p1|Sandaconda, L50, F|\n|poke|p1|Tinkaton, L50, F|\n|poke|p1|Jolteon, L50, M|\n|poke|p2|Espathra, L50, F|\n|poke|p2|Meowstic-F, L50, F|\n|poke|p2|Incineroar, L50, M|\n|poke|p2|Farigiraf, L50, F|\n|poke|p2|Sneasler, L50, M|\n|poke|p2|Garchomp, L50, M|\n|teampreview|4\nUncleW0z has agreed to open team sheets.\n|inactive|Battle timer is ON: inactive players will automatically lose when time's up. (requested by UncleW0z)\n|\n|t:|1776465280\n|teamsize|p1|4\n|teamsize|p2|4\n|start\n|switch|p1a: Sandaconda|Sandaconda, L50, F, shiny|100/100\n|switch|p1b: Tyranitar|Tyranitar, L50, F, shiny|100/100\n|switch|p2a: Incineroar|Incineroar, L50, M|100/100\n|switch|p2b: Farigiraf|Farigiraf, L50, F|100/100\n|-ability|p2a: Incineroar|Intimidate|boost\n|-unboost|p1a: Sandaconda|atk|1\n|-unboost|p1b: Tyranitar|atk|1\n|-weather|Sandstorm|[from] ability: Sand Stream|[of] p1b: Tyranitar\n|turn|1\n|inactive|UncleW0z has 30 seconds left.\n|\n|t:|1776465310\n|detailschange|p1b: Tyranitar|Tyranitar-Mega, L50, F, shiny\n|-mega|p1b: Tyranitar|Tyranitar|Tyranitarite\n|move|p2a: Incineroar|Fake Out|p1b: Tyranitar\n|-resisted|p1b: Tyranitar|1\n|-damage|p1b: Tyranitar|98/100\n|cant|p1b: Tyranitar|flinch\n|move|p1a: Sandaconda|Minimize|p1a: Sandaconda\n|-boost|p1a: Sandaconda|evasion|2\n|move|p2b: Farigiraf|Psychic Terrain|p2b: Farigiraf\n|-fieldstart|move: Psychic Terrain\n|\n|-weather|Sandstorm|[upkeep]\n|-damage|p2a: Incineroar|95/100|[from] Sandstorm\n|-damage|p2b: Farigiraf|94/100|[from] Sandstorm\n|-heal|p2a: Incineroar|100/100|[from] item: Leftovers\n|upkeep\n|turn|2\n|\n|t:|1776465333\n|move|p1a: Sandaconda|Minimize|p1a: Sandaconda\n|-boost|p1a: Sandaconda|evasion|2\n|move|p2a: Incineroar|Parting Shot|p1a: Sandaconda\n|-unboost|p1a: Sandaconda|atk|1\n|-unboost|p1a: Sandaconda|spa|1\n|\n|t:|1776465353\n|switch|p2a: Meowstic|Meowstic-F, L50, F|100/100|[from] Parting Shot\n|move|p2b: Farigiraf|Dazzling Gleam|p1a: Sandaconda|[spread] p1b\n|-miss|p2b: Farigiraf|p1a: Sandaconda\n|-supereffective|p1b: Tyranitar|1\n|-damage|p1b: Tyranitar|78/100\n|move|p1b: Tyranitar|Roar|p2a: Meowstic\n|drag|p2a: Garchomp|Garchomp, L50, M|100/100\n|\n|-weather|Sandstorm|[upkeep]\n|-damage|p2b: Farigiraf|88/100|[from] Sandstorm\n|upkeep\n|turn|3\n|inactive|UncleW0z has 30 seconds left.\n|inactive|pingualdo has 30 seconds left.\n|inactive|pingualdo has 20 seconds left.\n|\n|t:|1776465391\n|move|p2b: Farigiraf|Helping Hand|p2a: Garchomp\n|-singleturn|p2a: Garchomp|Helping Hand|[of] p2b: Farigiraf\n|move|p2a: Garchomp|Iron Head|p1b: Tyranitar\n|-supereffective|p1b: Tyranitar|1\n|-damage|p1b: Tyranitar|32/100\n|move|p1b: Tyranitar|Knock Off|p2b: Farigiraf\n|-supereffective|p2b: Farigiraf|1\n|-enditem|p2b: Farigiraf|Colbur Berry|[eat]\n|-enditem|p2b: Farigiraf|Colbur Berry|[weaken]\n|-damage|p2b: Farigiraf|41/100\n|move|p1a: Sandaconda|Minimize|p1a: Sandaconda\n|-boost|p1a: Sandaconda|evasion|2\n|\n|-weather|Sandstorm|[upkeep]\n|-damage|p2b: Farigiraf|35/100|[from] Sandstorm\n|upkeep\n|turn|4\n|inactive|UncleW0z has 30 seconds left.\n|inactive|pingualdo has 30 seconds left.\n|\n|t:|1776465420\n|switch|p1b: Snorlax|Snorlax, L50, M, shiny|100/100\n|move|p2a: Garchomp|Rock Slide|p1a: Sandaconda|[spread] p1a,p1b\n|-resisted|p1a: Sandaconda|1\n|-damage|p1a: Sandaconda|92/100\n|-damage|p1b: Snorlax|89/100\n|move|p1a: Sandaconda|Sand Tomb|p2b: Farigiraf\n|-damage|p2b: Farigiraf|27/100\n|-activate|p2b: Farigiraf|move: Sand Tomb|[of] p1a: Sandaconda\n|move|p2b: Farigiraf|Dazzling Gleam|p1a: Sandaconda|[spread] p1a,p1b\n|-damage|p1a: Sandaconda|71/100\n|-damage|p1b: Snorlax|77/100\n|\n|-weather|Sandstorm|[upkeep]\n|-damage|p2b: Farigiraf|21/100|[from] Sandstorm\n|-damage|p1b: Snorlax|70/100|[from] Sandstorm\n|-heal|p1b: Snorlax|77/100|[from] item: Leftovers\n|-damage|p2b: Farigiraf|9/100|[from] move: Sand Tomb|[partiallytrapped]\n|upkeep\n|turn|5\n|inactive|UncleW0z has 30 seconds left.\n|\n|t:|1776465448\n|move|p2b: Farigiraf|Helping Hand|p2a: Garchomp\n|-singleturn|p2a: Garchomp|Helping Hand|[of] p2b: Farigiraf\n|move|p2a: Garchomp|Earthquake|p1b: Snorlax|[spread] p2b,p1b\n|-miss|p2a: Garchomp|p1a: Sandaconda\n|-damage|p2b: Farigiraf|0 fnt\n|-damage|p1b: Snorlax|37/100\n|faint|p2b: Farigiraf\n|move|p1a: Sandaconda|Sand Tomb|p2a: Garchomp\n|-damage|p2a: Garchomp|92/100\n|-activate|p2a: Garchomp|move: Sand Tomb|[of] p1a: Sandaconda\n|move|p1b: Snorlax|Fissure|p2a: Garchomp|[miss]\n|-miss|p1b: Snorlax|p2a: Garchomp\n|\n|-weather|none\n|-heal|p1b: Snorlax|43/100|[from] item: Leftovers\n|-damage|p2a: Garchomp|80/100|[from] move: Sand Tomb|[partiallytrapped]\n|-fieldend|move: Psychic Terrain\n|upkeep\n|\n|t:|1776465470\n|switch|p2b: Meowstic|Meowstic-F, L50, F|100/100\n|turn|6\n|inactive|UncleW0z has 30 seconds left.\n|\n|t:|1776465498\n|move|p2b: Meowstic|Protect|p2b: Meowstic\n|-singleturn|p2b: Meowstic|Protect\n|move|p2a: Garchomp|Earthquake|p1b: Snorlax|[spread] p1b\n|-activate|p2b: Meowstic|move: Protect\n|-miss|p2a: Garchomp|p1a: Sandaconda\n|-damage|p1b: Snorlax|18/100\n|move|p1a: Sandaconda|Sand Tomb|p2b: Meowstic\n|-activate|p2b: Meowstic|move: Protect\n|move|p1b: Snorlax|Rest|p1b: Snorlax\n|-status|p1b: Snorlax|slp|[from] move: Rest\n|-heal|p1b: Snorlax|100/100 slp|[silent]\n|\n|-damage|p2a: Garchomp|67/100|[from] move: Sand Tomb|[partiallytrapped]\n|upkeep\n|turn|7\n|inactive|UncleW0z has 30 seconds left.\n|inactive|pingualdo has 30 seconds left.\n|inactive|pingualdo has 20 seconds left.\n|inactive|pingualdo has 15 seconds left.\n|\n|t:|1776465542\n|detailschange|p2b: Meowstic|Meowstic-F-Mega, L50, F\n|-mega|p2b: Meowstic|Meowstic|Meowsticite\n|-ability|p2b: Meowstic|Thick Fat|Trace|[from] ability: Trace|[of] p1b: Snorlax\n|move|p2b: Meowstic|Shadow Ball|p1a: Sandaconda|[miss]\n|-miss|p2b: Meowstic|p1a: Sandaconda\n|move|p2a: Garchomp|Rock Slide|p1b: Snorlax|[spread] p1b\n|-miss|p2a: Garchomp|p1a: Sandaconda\n|-damage|p1b: Snorlax|88/100 slp\n|move|p1a: Sandaconda|Sand Tomb|p2a: Garchomp\n|-damage|p2a: Garchomp|59/100\n|cant|p1b: Snorlax|slp\n|move|p1b: Snorlax|Sleep Talk|p1b: Snorlax\n|move|p1b: Snorlax|Rest||[from] move: Sleep Talk|[still]\n|-fail|p1b: Snorlax\n|\n|-heal|p1b: Snorlax|94/100 slp|[from] item: Leftovers\n|-damage|p2a: Garchomp|47/100|[from] move: Sand Tomb|[partiallytrapped]\n|upkeep\n|-enditem|p2a: Garchomp|Sitrus Berry|[eat]\n|-heal|p2a: Garchomp|72/100|[from] item: Sitrus Berry\n|turn|8\n|inactive|UncleW0z has 30 seconds left.\n|inactive|UncleW0z has 20 seconds left.\n|inactive|UncleW0z has 15 seconds left.\n|inactive|UncleW0z has 10 seconds left.\n|inactive|UncleW0z has 5 seconds left.\n|\n|t:|1776465597\n|move|p2b: Meowstic|Shadow Ball|p1a: Sandaconda|[miss]\n|-miss|p2b: Meowstic|p1a: Sandaconda\n|move|p2a: Garchomp|Rock Slide|p1b: Snorlax|[spread] p1a,p1b\n|-resisted|p1a: Sandaconda|1\n|-damage|p1a: Sandaconda|64/100\n|-damage|p1b: Snorlax|81/100 slp\n|move|p1a: Sandaconda|Rest|p1a: Sandaconda\n|-status|p1a: Sandaconda|slp|[from] move: Rest\n|-heal|p1a: Sandaconda|100/100 slp|[silent]\n|cant|p1b: Snorlax|slp\n|\n|-heal|p1b: Snorlax|88/100 slp|[from] item: Leftovers\n|-damage|p2a: Garchomp|59/100|[from] move: Sand Tomb|[partiallytrapped]\n|upkeep\n|turn|9\n|inactive|pingualdo has 30 seconds left.\n|\n|t:|1776465624\n|move|p2b: Meowstic|Thunderbolt|p1b: Snorlax\n|-damage|p1b: Snorlax|65/100 slp\n|move|p2a: Garchomp|Rock Slide|p1b: Snorlax|[spread] p1b\n|-miss|p2a: Garchomp|p1a: Sandaconda\n|-damage|p1b: Snorlax|53/100 slp\n|cant|p1a: Sandaconda|slp\n|move|p1a: Sandaconda|Sleep Talk|p1a: Sandaconda\n|move|p1a: Sandaconda|Sand Tomb|p2b: Meowstic|[from] move: Sleep Talk\n|-damage|p2b: Meowstic|88/100\n|-activate|p2b: Meowstic|move: Sand Tomb|[of] p1a: Sandaconda\n|-curestatus|p1b: Snorlax|slp|[msg]\n|cant|p1b: Snorlax|flinch\n|\n|-heal|p1b: Snorlax|59/100|[from] item: Leftovers\n|-damage|p2b: Meowstic|76/100|[from] move: Sand Tomb|[partiallytrapped]\n|-damage|p2a: Garchomp|47/100|[from] move: Sand Tomb|[partiallytrapped]\n|upkeep\n|turn|10\n|inactive|UncleW0z has 30 seconds left.\n|inactive|pingualdo has 30 seconds left.\n|\n|t:|1776465655\n|move|p2b: Meowstic|Expanding Force|p1b: Snorlax\n|-damage|p1b: Snorlax|31/100\n|move|p2a: Garchomp|Dragon Claw|p1b: Snorlax\n|-damage|p1b: Snorlax|4/100\n|cant|p1a: Sandaconda|slp\n|move|p1a: Sandaconda|Sleep Talk|p1a: Sandaconda\n|move|p1a: Sandaconda|Rest||[from] move: Sleep Talk|[still]\n|-fail|p1a: Sandaconda\n|move|p1b: Snorlax|Stomping Tantrum|p2b: Meowstic\n|-damage|p2b: Meowstic|15/100\n|\n|-heal|p1b: Snorlax|11/100|[from] item: Leftovers\n|-damage|p2b: Meowstic|3/100|[from] move: Sand Tomb|[partiallytrapped]\n|-end|p2a: Garchomp|Sand Tomb|[partiallytrapped]\n|upkeep\n|turn|11\n|inactive|UncleW0z has 30 seconds left.\n|\n|t:|1776465689\n|move|p2b: Meowstic|Expanding Force|p1a: Sandaconda|[miss]\n|-miss|p2b: Meowstic|p1a: Sandaconda\n|move|p2a: Garchomp|Dragon Claw|p1b: Snorlax\n|-damage|p1b: Snorlax|0 fnt\n|faint|p1b: Snorlax\n|-curestatus|p1a: Sandaconda|slp|[msg]\n|move|p1a: Sandaconda|Sand Tomb|p2b: Meowstic\n|-crit|p2b: Meowstic\n|-damage|p2b: Meowstic|0 fnt\n|faint|p2b: Meowstic\n|\n|upkeep\n|\n|t:|1776465706\n|switch|p2b: Incineroar|Incineroar, L50, M|100/100\n|switch|p1b: Tyranitar|Tyranitar-Mega, L50, F, shiny|32/100\n|-weather|Sandstorm|[from] ability: Sand Stream|[of] p1b: Tyranitar\n|-ability|p2b: Incineroar|Intimidate|boost\n|-unboost|p1a: Sandaconda|atk|1\n|-unboost|p1b: Tyranitar|atk|1\n|turn|12\n|\n|t:|1776465728\n|move|p2b: Incineroar|Fake Out|p1b: Tyranitar\n|-resisted|p1b: Tyranitar|1\n|-damage|p1b: Tyranitar|29/100\n|move|p2a: Garchomp|Iron Head|p1b: Tyranitar\n|-supereffective|p1b: Tyranitar|1\n|-damage|p1b: Tyranitar|0 fnt\n|faint|p1b: Tyranitar\n|move|p1a: Sandaconda|Sand Tomb|p2a: Garchomp\n|-damage|p2a: Garchomp|40/100\n|-activate|p2a: Garchomp|move: Sand Tomb|[of] p1a: Sandaconda\n|\n|-weather|Sandstorm|[upkeep]\n|-damage|p2b: Incineroar|95/100|[from] Sandstorm\n|-heal|p2b: Incineroar|100/100|[from] item: Leftovers\n|-damage|p2a: Garchomp|28/100|[from] move: Sand Tomb|[partiallytrapped]\n|upkeep\n|\n|t:|1776465743\n|switch|p1b: Jolteon|Jolteon, L50, M, shiny|100/100\n|turn|13\n|\n|t:|1776465758\n|move|p2a: Garchomp|Rock Slide|p1a: Sandaconda|[spread] p1b\n|-miss|p2a: Garchomp|p1a: Sandaconda\n|-damage|p1b: Jolteon|80/100\n|move|p1b: Jolteon|Wish|p1b: Jolteon\n|move|p1a: Sandaconda|Sand Tomb|p2a: Garchomp\n|-damage|p2a: Garchomp|22/100\n|move|p2b: Incineroar|Parting Shot|p1a: Sandaconda|[miss]\n|-miss|p2b: Incineroar|p1a: Sandaconda\n|\n|-weather|Sandstorm|[upkeep]\n|-damage|p1b: Jolteon|74/100|[from] Sandstorm\n|-damage|p2b: Incineroar|95/100|[from] Sandstorm\n|-heal|p2b: Incineroar|100/100|[from] item: Leftovers\n|-damage|p2a: Garchomp|9/100|[from] move: Sand Tomb|[partiallytrapped]\n|upkeep\n|turn|14\n|inactive|UncleW0z has 30 seconds left.\n|inactive|pingualdo has 30 seconds left.\n|\n|t:|1776465793\n|move|p2a: Garchomp|Dragon Claw|p1b: Jolteon\n|-damage|p1b: Jolteon|32/100\n|move|p1b: Jolteon|Charge Beam|p2b: Incineroar\n|-damage|p2b: Incineroar|83/100\n|-boost|p1b: Jolteon|spa|1\n|move|p1a: Sandaconda|Sand Tomb|p2a: Garchomp\n|-damage|p2a: Garchomp|3/100\n|move|p2b: Incineroar|Flare Blitz|p1b: Jolteon\n|-damage|p1b: Jolteon|0 fnt\n|faint|p1b: Jolteon\n|-damage|p2b: Incineroar|75/100|[from] Recoil\n|\n|-weather|Sandstorm|[upkeep]\n|-damage|p2b: Incineroar|69/100|[from] Sandstorm\n|-heal|p2b: Incineroar|75/100|[from] item: Leftovers\n|-damage|p2a: Garchomp|0 fnt|[from] move: Sand Tomb|[partiallytrapped]\n|faint|p2a: Garchomp\n|upkeep\n|turn|15\n|inactive|UncleW0z has 30 seconds left this turn.\n|inactive|UncleW0z has 20 seconds left.\n|inactive|UncleW0z has 15 seconds left.\n|inactive|UncleW0z has 10 seconds left.\n|inactive|UncleW0z has 5 seconds left.\n|-message|UncleW0z lost due to inactivity.\n|\n|win|pingualdo\n|raw|UncleW0z's rating: 1000 &rarr; <strong>1000</strong><br />(+0 for losing)\n|raw|pingualdo's rating: 1000 &rarr; <strong>1040</strong><br />(+40 for winning)\n",
  "uploadtime": 1776465832,
  "views": 23,
  "formatid": "gen9championsvgc2026regma",
  "rating": 1000,
  "private": 0,
  "password": null
}