{
  "id": "gen9championsvgc2026regma-2581071420",
  "format": "[Gen 9 Champions] VGC 2026 Reg M-A",
  "players": [
    "loklastaji",
    "evilkyatt"
  ],
  "log": "|j|\u2606loklastaji\n|j|\u2606evilkyatt\n|t:|1775957144\n|gametype|doubles\n|player|p1|loklastaji|101|1103\n|player|p2|evilkyatt|scientist-gen4dp|1127\n|gen|9\n|tier|[Gen 9 Champions] VGC 2026 Reg M-A\n|rated|\n|rule|Species Clause: Limit one of each Pok\u00e9mon\n|rule|Item Clause: Limit 1 of each item\n|clearpoke\n|poke|p1|Samurott-Hisui, L50, M|\n|poke|p1|Mamoswine, L50, M|\n|poke|p1|Delphox, L50, M|\n|poke|p1|Clefable, L50, M|\n|poke|p1|Corviknight, L50, M|\n|poke|p1|Dragonite, L50, M|\n|poke|p2|Floette-Eternal, L50, F|\n|poke|p2|Archaludon, L50, M|\n|poke|p2|Kingambit, L50, M|\n|poke|p2|Sinistcha-Masterpiece, L50|\n|poke|p2|Incineroar, L50, M|\n|poke|p2|Pelipper, L50, M|\n|teampreview|4\n|inactive|Battle timer is ON: inactive players will automatically lose when time's up. (requested by evilkyatt)\n|\n|t:|1775957161\n|teamsize|p1|4\n|teamsize|p2|4\n|start\n|switch|p1a: Mamoswine|Mamoswine, L50, M|100/100\n|switch|p1b: Corviknight|Corviknight, L50, M|100/100\n|switch|p2a: Floette|Floette-Eternal, L50, F|100/100\n|switch|p2b: Incineroar|Incineroar, L50, M|100/100\n|-ability|p2b: Incineroar|Intimidate|boost\n|-fail|p1a: Mamoswine|unboost|Attack|[from] ability: Oblivious|[of] p1a: Mamoswine\n|-ability|p1b: Corviknight|Mirror Armor\n|-unboost|p2b: Incineroar|atk|1\n|turn|1\n|inactive|loklastaji has 30 seconds left.\n|\n|t:|1775957187\n|detailschange|p2a: Floette|Floette-Mega, L50, F\n|-mega|p2a: Floette|Floette|Floettite\n|-ability|p2a: Floette|Fairy Aura\n|move|p2b: Incineroar|Fake Out|p1a: Mamoswine\n|-damage|p1a: Mamoswine|92/100\n|cant|p1a: Mamoswine|flinch\n|move|p2a: Floette|Calm Mind|p2a: Floette\n|-boost|p2a: Floette|spa|1\n|-boost|p2a: Floette|spd|1\n|move|p1b: Corviknight|Iron Head|p2a: Floette\n|-supereffective|p2a: Floette|1\n|-damage|p2a: Floette|30/100\n|\n|upkeep\n|turn|2\n|inactive|loklastaji has 30 seconds left.\n|inactive|evilkyatt has 30 seconds left.\n|\n|t:|1775957221\n|move|p2a: Floette|Protect|p2a: Floette\n|-singleturn|p2a: Floette|Protect\n|move|p1a: Mamoswine|Earthquake|p2b: Incineroar|[spread] p2b\n|-activate|p2a: Floette|move: Protect\n|-immune|p1b: Corviknight\n|-supereffective|p2b: Incineroar|1\n|-damage|p2b: Incineroar|29/100\n|-enditem|p2b: Incineroar|Sitrus Berry|[eat]\n|-heal|p2b: Incineroar|54/100|[from] item: Sitrus Berry\n|move|p1b: Corviknight|Brave Bird|p2b: Incineroar\n|-damage|p2b: Incineroar|2/100\n|-damage|p1b: Corviknight|80/100|[from] Recoil\n|move|p2b: Incineroar|Parting Shot|p1a: Mamoswine\n|-unboost|p1a: Mamoswine|atk|1\n|-unboost|p1a: Mamoswine|spa|1\n|\n|t:|1775957226\n|switch|p2b: Sinistcha|Sinistcha-Masterpiece, L50|100/100|[from] Parting Shot\n|-heal|p2a: Floette|55/100|[from] ability: Hospitality|[of] p2b: Sinistcha\n|\n|-heal|p1b: Corviknight|86/100|[from] item: Leftovers\n|upkeep\n|turn|3\n|inactive|loklastaji has 30 seconds left.\n|inactive|loklastaji has 20 seconds left.\n|inactive|loklastaji has 15 seconds left.\n|inactive|loklastaji has 10 seconds left.\n|\n|t:|1775957275\n|move|p2b: Sinistcha|Rage Powder|p2b: Sinistcha\n|-singleturn|p2b: Sinistcha|move: Rage Powder\n|move|p1a: Mamoswine|Earthquake|p2a: Floette|[spread] p2a,p2b\n|-immune|p1b: Corviknight\n|-resisted|p2b: Sinistcha|1\n|-damage|p2a: Floette|28/100\n|-damage|p2b: Sinistcha|90/100\n|move|p2a: Floette|Calm Mind|p2a: Floette\n|-boost|p2a: Floette|spa|1\n|-boost|p2a: Floette|spd|1\n|move|p1b: Corviknight|Brave Bird|p2b: Sinistcha\n|-supereffective|p2b: Sinistcha|1\n|-damage|p2b: Sinistcha|8/100\n|-damage|p1b: Corviknight|58/100|[from] Recoil\n|\n|-heal|p1b: Corviknight|64/100|[from] item: Leftovers\n|-heal|p2b: Sinistcha|15/100|[from] item: Leftovers\n|upkeep\n|turn|4\n|\n|t:|1775957296\n|switch|p2b: Incineroar|Incineroar, L50, M|2/100\n|-ability|p2b: Incineroar|Intimidate|boost\n|-fail|p1a: Mamoswine|unboost|Attack|[from] ability: Oblivious|[of] p1a: Mamoswine\n|-ability|p1b: Corviknight|Mirror Armor\n|-unboost|p2b: Incineroar|atk|1\n|move|p2a: Floette|Protect|p2a: Floette\n|-singleturn|p2a: Floette|Protect\n|move|p1a: Mamoswine|Earthquake|p2a: Floette|[spread] p2b\n|-activate|p2a: Floette|move: Protect\n|-immune|p1b: Corviknight\n|-supereffective|p2b: Incineroar|1\n|-damage|p2b: Incineroar|0 fnt\n|faint|p2b: Incineroar\n|move|p1b: Corviknight|Iron Head|p2a: Floette\n|-activate|p2a: Floette|move: Protect\n|\n|-heal|p1b: Corviknight|70/100|[from] item: Leftovers\n|upkeep\n|\n|t:|1775957313\n|switch|p2b: Sinistcha|Sinistcha-Masterpiece, L50|15/100\n|-heal|p2a: Floette|53/100|[from] ability: Hospitality|[of] p2b: Sinistcha\n|turn|5\n|\n|t:|1775957329\n|move|p2b: Sinistcha|Rage Powder|p2b: Sinistcha\n|-singleturn|p2b: Sinistcha|move: Rage Powder\n|move|p1a: Mamoswine|Earthquake|p2b: Sinistcha|[spread] p2a,p2b\n|-immune|p1b: Corviknight\n|-resisted|p2b: Sinistcha|1\n|-damage|p2a: Floette|26/100\n|-damage|p2b: Sinistcha|4/100\n|move|p2a: Floette|Light of Ruin|p1b: Corviknight\n|-resisted|p1b: Corviknight|1\n|-damage|p1b: Corviknight|0 fnt\n|faint|p1b: Corviknight\n|-damage|p2a: Floette|0 fnt|[from] Recoil\n|faint|p2a: Floette\n|\n|-heal|p2b: Sinistcha|11/100|[from] item: Leftovers\n|upkeep\n|-message|evilkyatt forfeited.\n|\n|win|loklastaji\n|raw|loklastaji's rating: 1103 &rarr; <strong>1130</strong><br />(+27 for winning)\n|raw|evilkyatt's rating: 1127 &rarr; <strong>1100</strong><br />(-27 for losing)\n|l|\u2606evilkyatt\n|player|p2|\n",
  "uploadtime": 1775957346,
  "views": 11,
  "formatid": "gen9championsvgc2026regma",
  "rating": 1100,
  "private": 0,
  "password": null
}