{
  "id": "gen9championsvgc2026regma-2585937547",
  "format": "[Gen 9 Champions] VGC 2026 Reg M-A",
  "players": [
    "nikbutawesome",
    "P0keJr"
  ],
  "log": "|j|\u2606nikbutawesome\n|j|\u2606P0keJr\n|t:|1776383136\n|gametype|doubles\n|player|p1|nikbutawesome|pokemaniac|1215\n|player|p2|P0keJr|1|1153\n|gen|9\n|tier|[Gen 9 Champions] VGC 2026 Reg M-A\n|rated|\n|rule|Species Clause: Limit one of each Pok\u00e9mon\n|rule|Item Clause: Limit 1 of each item\n|clearpoke\n|poke|p1|Floette-Eternal, L50, F|\n|poke|p1|Aerodactyl, L50, F|\n|poke|p1|Incineroar, L50, F|\n|poke|p1|Scizor, L50, F|\n|poke|p1|Sinistcha, L50|\n|poke|p1|Sneasler, L50, F|\n|poke|p2|Kingambit, L50, M|\n|poke|p2|Charizard, L50, F|\n|poke|p2|Aerodactyl, L50, M|\n|poke|p2|Floette-Eternal, L50, F|\n|poke|p2|Sneasler, L50, F|\n|poke|p2|Incineroar, L50, M|\n|teampreview|4\n|\n|t:|1776383173\n|teamsize|p1|4\n|teamsize|p2|4\n|start\n|switch|p1a: Bird|Aerodactyl, L50, F|100/100\n|switch|p1b: Freak|Sneasler, L50, F|100/100\n|switch|p2a: Aerodactyl|Aerodactyl, L50, M|100/100\n|switch|p2b: Incineroar|Incineroar, L50, M|100/100\n|-ability|p1a: Bird|Unnerve\n|-ability|p2a: Aerodactyl|Unnerve\n|-ability|p2b: Incineroar|Intimidate|boost\n|-unboost|p1a: Bird|atk|1\n|-unboost|p1b: Freak|atk|1\n|-enditem|p1b: Freak|White Herb\n|-clearnegativeboost|p1b: Freak|[silent]\n|turn|1\n|inactive|Battle timer is ON: inactive players will automatically lose when time's up. (requested by P0keJr)\n|\n|t:|1776383203\n|move|p1b: Freak|Fake Out|p2a: Aerodactyl\n|-resisted|p2a: Aerodactyl|1\n|-damage|p2a: Aerodactyl|89/100\n|move|p2b: Incineroar|Fake Out|p1a: Bird\n|-resisted|p1a: Bird|1\n|-damage|p1a: Bird|93/100\n|cant|p2a: Aerodactyl|flinch\n|cant|p1a: Bird|flinch\n|\n|upkeep\n|turn|2\n|inactive|P0keJr has 30 seconds left.\n|\n|t:|1776383233\n|move|p1b: Freak|Close Combat|p2b: Incineroar\n|-supereffective|p2b: Incineroar|1\n|-crit|p2b: Incineroar\n|-damage|p2b: Incineroar|0 fnt\n|-unboost|p1b: Freak|def|1\n|-unboost|p1b: Freak|spd|1\n|faint|p2b: Incineroar\n|move|p1a: Bird|Rock Slide|p2a: Aerodactyl\n|-supereffective|p2a: Aerodactyl|1\n|-damage|p2a: Aerodactyl|20/100\n|move|p2a: Aerodactyl|Rock Slide|p1a: Bird|[spread] p1b\n|-miss|p2a: Aerodactyl|p1a: Bird\n|-resisted|p1b: Freak|1\n|-damage|p1b: Freak|67/100\n|\n|upkeep\n|\n|t:|1776383237\n|switch|p2b: Floette|Floette-Eternal, L50, F|100/100\n|turn|3\n|inactive|nikbutawesome has 30 seconds left.\n|\n|t:|1776383265\n|detailschange|p2b: Floette|Floette-Mega, L50, F\n|-mega|p2b: Floette|Floette|Floettite\n|-ability|p2b: Floette|Fairy Aura\n|move|p2a: Aerodactyl|Protect|p2a: Aerodactyl\n|-singleturn|p2a: Aerodactyl|Protect\n|move|p1b: Freak|Dire Claw|p2b: Floette\n|-supereffective|p2b: Floette|1\n|-damage|p2b: Floette|16/100\n|move|p1a: Bird|Tailwind|p1a: Bird\n|-sidestart|p1: nikbutawesome|move: Tailwind\n|move|p2b: Floette|Dazzling Gleam|p1a: Bird|[spread] p1a,p1b\n|-damage|p1a: Bird|31/100\n|-damage|p1b: Freak|0 fnt\n|faint|p1b: Freak\n|\n|upkeep\n|\n|t:|1776383277\n|switch|p1b: Bug|Scizor, L50, F|100/100\n|turn|4\n|\n|t:|1776383293\n|detailschange|p1b: Bug|Scizor-Mega, L50, F\n|-mega|p1b: Bug|Scizor|Scizorite\n|move|p2b: Floette|Protect|p2b: Floette\n|-singleturn|p2b: Floette|Protect\n|move|p1a: Bird|Rock Slide|p2a: Aerodactyl|[spread] p2a\n|-activate|p2b: Floette|move: Protect\n|-supereffective|p2a: Aerodactyl|1\n|-damage|p2a: Aerodactyl|0 fnt\n|faint|p2a: Aerodactyl\n|move|p1b: Bug|Swords Dance|p1b: Bug\n|-boost|p1b: Bug|atk|2\n|\n|upkeep\n|\n|t:|1776383301\n|switch|p2a: Kingambit|Kingambit, L50, M|100/100\n|turn|5\n|\n|t:|1776383322\n|move|p1a: Bird|Rock Slide|p2b: Floette|[spread] p2a,p2b\n|-resisted|p2a: Kingambit|1\n|-damage|p2a: Kingambit|93/100\n|-damage|p2b: Floette|2/100\n|move|p1b: Bug|Bug Bite|p2a: Kingambit\n|-damage|p2a: Kingambit|12/100\n|move|p2b: Floette|Moonblast|p1b: Bug\n|-resisted|p1b: Bug|1\n|-damage|p1b: Bug|65/100\n|-unboost|p1b: Bug|spa|1\n|move|p2a: Kingambit|Kowtow Cleave|p1a: Bird\n|-damage|p1a: Bird|0 fnt\n|faint|p1a: Bird\n|\n|upkeep\n|\n|t:|1776383332\n|switch|p1a: Cat|Incineroar, L50, F|100/100\n|-ability|p1a: Cat|Intimidate|boost\n|-unboost|p2a: Kingambit|atk|1\n|-ability|p2a: Kingambit|Defiant|boost\n|-boost|p2a: Kingambit|atk|2\n|-unboost|p2b: Floette|atk|1\n|turn|6\n|-message|P0keJr forfeited.\n|\n|win|nikbutawesome\n|raw|nikbutawesome's rating: 1215 &rarr; <strong>1236</strong><br />(+21 for winning)\n|raw|P0keJr's rating: 1153 &rarr; <strong>1132</strong><br />(-21 for losing)\n|l|\u2606P0keJr\n|player|p2|\n",
  "uploadtime": 1776383347,
  "views": 15,
  "formatid": "gen9championsvgc2026regma",
  "rating": 1132,
  "private": 0,
  "password": null
}