{
  "id": "gen9championsvgc2026regma-2588595637",
  "format": "[Gen 9 Champions] VGC 2026 Reg M-A",
  "players": [
    "NAPOLITANA07",
    "bandite"
  ],
  "log": "|j|\u2606NAPOLITANA07\n|j|\u2606bandite\n|t:|1776648469\n|gametype|doubles\n|player|p1|NAPOLITANA07|pokemonbreederf|1187\n|player|p2|bandite|102|1251\n|gen|9\n|tier|[Gen 9 Champions] VGC 2026 Reg M-A\n|rated|\n|rule|Species Clause: Limit one of each Pok\u00e9mon\n|rule|Item Clause: Limit 1 of each item\n|clearpoke\n|poke|p1|Luxray, L50, M|\n|poke|p1|Slowbro, L50, M|\n|poke|p1|Mimikyu, L50, M, shiny|\n|poke|p1|Garchomp, L50, M|\n|poke|p1|Tyranitar, L50, M|\n|poke|p1|Talonflame, L50, M|\n|poke|p2|Gengar, L50, M|\n|poke|p2|Corviknight, L50, M|\n|poke|p2|Aegislash, L50, M|\n|poke|p2|Lucario, L50, F|\n|poke|p2|Aerodactyl, L50, F|\n|poke|p2|Tinkaton, L50, F|\n|teampreview|4\n|\n|t:|1776648504\n|teamsize|p1|4\n|teamsize|p2|4\n|start\n|switch|p1a: Talonflame|Talonflame, L50, M|100/100\n|switch|p1b: Mimikyu|Mimikyu, L50, M, shiny|100/100\n|switch|p2a: Tinkaton|Tinkaton, L50, F|100/100\n|switch|p2b: Lucario|Lucario, L50, F|100/100\n|-ability|p2a: Tinkaton|Mold Breaker\n|turn|1\n|\n|t:|1776648556\n|move|p1b: Mimikyu|Protect|p1b: Mimikyu\n|-singleturn|p1b: Mimikyu|Protect\n|move|p1a: Talonflame|Tailwind|p1a: Talonflame\n|-sidestart|p1: NAPOLITANA07|move: Tailwind\n|move|p2b: Lucario|Final Gambit|p1a: Talonflame\n|-damage|p1a: Talonflame|0 fnt\n|faint|p2b: Lucario\n|faint|p1a: Talonflame\n|move|p2a: Tinkaton|Gigaton Hammer|p1b: Mimikyu\n|-activate|p1b: Mimikyu|move: Protect\n|\n|upkeep\n|\n|t:|1776648585\n|switch|p1a: Garchomp|Garchomp, L50, M|100/100\n|switch|p2b: Gengar|Gengar, L50, M|100/100\n|turn|2\n|\n|t:|1776648609\n|switch|p2b: Corviknight|Corviknight, L50, M|100/100\n|move|p1b: Mimikyu|Bulk Up|p1b: Mimikyu\n|-boost|p1b: Mimikyu|atk|1\n|-boost|p1b: Mimikyu|def|1\n|move|p1a: Garchomp|Earthquake|p2b: Corviknight|[spread] p1b,p2a\n|-immune|p2b: Corviknight\n|-supereffective|p2a: Tinkaton|1\n|-enditem|p2a: Tinkaton|Shuca Berry|[eat]\n|-enditem|p2a: Tinkaton|Shuca Berry|[weaken]\n|-activate|p1b: Mimikyu|ability: Disguise\n|-damage|p1b: Mimikyu|100/100\n|-damage|p2a: Tinkaton|48/100\n|detailschange|p1b: Mimikyu|Mimikyu-Busted, L50, M, shiny\n|-damage|p1b: Mimikyu|88/100|[from] pokemon: Mimikyu-Busted\n|move|p2a: Tinkaton|Ice Hammer|p1a: Garchomp\n|-supereffective|p1a: Garchomp|2\n|-damage|p1a: Garchomp|2/100\n|-unboost|p2a: Tinkaton|spe|1\n|\n|upkeep\n|turn|3\n|\n|t:|1776648656\n|switch|p1a: Tyranitar|Tyranitar, L50, M|100/100\n|-weather|Sandstorm|[from] ability: Sand Stream|[of] p1a: Tyranitar\n|move|p1b: Mimikyu|Protect|p1b: Mimikyu\n|-singleturn|p1b: Mimikyu|Protect\n|move|p2b: Corviknight|Iron Defense|p2b: Corviknight\n|-boost|p2b: Corviknight|def|2\n|move|p2a: Tinkaton|Gigaton Hammer|p1b: Mimikyu\n|-activate|p1b: Mimikyu|move: Protect\n|\n|-weather|Sandstorm|[upkeep]\n|-damage|p1b: Mimikyu|82/100|[from] Sandstorm\n|upkeep\n|turn|4\n|\n|t:|1776648713\n|detailschange|p1a: Tyranitar|Tyranitar-Mega, L50, M\n|-mega|p1a: Tyranitar|Tyranitar|Tyranitarite\n|move|p2a: Tinkaton|Protect|p2a: Tinkaton\n|-singleturn|p2a: Tinkaton|Protect\n|move|p1b: Mimikyu|Shadow Claw|p2a: Tinkaton\n|-activate|p2a: Tinkaton|move: Protect\n|move|p1a: Tyranitar|Rock Slide|p2b: Corviknight|[spread] p2b\n|-activate|p2a: Tinkaton|move: Protect\n|-damage|p2b: Corviknight|90/100\n|move|p2b: Corviknight|Iron Defense|p2b: Corviknight\n|-boost|p2b: Corviknight|def|2\n|\n|-weather|Sandstorm|[upkeep]\n|-damage|p1b: Mimikyu|76/100|[from] Sandstorm\n|-heal|p2b: Corviknight|96/100|[from] item: Leftovers\n|-sideend|p1: NAPOLITANA07|move: Tailwind\n|upkeep\n|turn|5\n|\n|t:|1776648738\n|move|p1a: Tyranitar|Protect|p1a: Tyranitar\n|-singleturn|p1a: Tyranitar|Protect\n|move|p1b: Mimikyu|Shadow Claw|p2a: Tinkaton\n|-damage|p2a: Tinkaton|0 fnt\n|faint|p2a: Tinkaton\n|move|p2b: Corviknight|Body Press|p1a: Tyranitar\n|-activate|p1a: Tyranitar|move: Protect\n|\n|-weather|Sandstorm|[upkeep]\n|-damage|p1b: Mimikyu|70/100|[from] Sandstorm\n|-heal|p2b: Corviknight|100/100|[from] item: Leftovers\n|upkeep\n|\n|t:|1776648742\n|switch|p2a: Gengar|Gengar, L50, M|100/100\n|turn|6\n|\n|t:|1776648797\n|detailschange|p2a: Gengar|Gengar-Mega, L50, M\n|-mega|p2a: Gengar|Gengar|Gengarite\n|move|p1a: Tyranitar|Protect|p1a: Tyranitar\n|-singleturn|p1a: Tyranitar|Protect\n|move|p2a: Gengar|Sludge Wave|p1a: Tyranitar|[spread] p1b\n|-activate|p1a: Tyranitar|move: Protect\n|-immune|p2b: Corviknight\n|-damage|p1b: Mimikyu|8/100\n|move|p1b: Mimikyu|Shadow Claw|p2a: Gengar\n|-supereffective|p2a: Gengar|1\n|-crit|p2a: Gengar\n|-damage|p2a: Gengar|0 fnt\n|faint|p2a: Gengar\n|move|p2b: Corviknight|Body Press|p1a: Tyranitar\n|-activate|p1a: Tyranitar|move: Protect\n|\n|-weather|Sandstorm|[upkeep]\n|-damage|p1b: Mimikyu|2/100|[from] Sandstorm\n|upkeep\n|turn|7\n|\n|t:|1776648825\n|move|p1a: Tyranitar|Protect|p1a: Tyranitar\n|-singleturn|p1a: Tyranitar|Protect\n|move|p1b: Mimikyu|Shadow Claw|p2b: Corviknight\n|-damage|p2b: Corviknight|91/100\n|move|p2b: Corviknight|Body Press|p1a: Tyranitar\n|-activate|p1a: Tyranitar|move: Protect\n|\n|-weather|none\n|-heal|p2b: Corviknight|97/100|[from] item: Leftovers\n|upkeep\n|turn|8\n|c|\u2606bandite|Okay triple protect\n|\n|t:|1776648857\n|move|p1a: Tyranitar|Protect|p1a: Tyranitar\n|-singleturn|p1a: Tyranitar|Protect\n|move|p1b: Mimikyu|Bulk Up|p1b: Mimikyu\n|-boost|p1b: Mimikyu|atk|1\n|-boost|p1b: Mimikyu|def|1\n|move|p2b: Corviknight|Brave Bird|p1b: Mimikyu\n|-damage|p1b: Mimikyu|0 fnt\n|faint|p1b: Mimikyu\n|-damage|p2b: Corviknight|97/100|[from] Recoil\n|\n|-heal|p2b: Corviknight|100/100|[from] item: Leftovers\n|upkeep\n|c|\u2606bandite|bro quad???\n|\n|t:|1776648872\n|switch|p1b: Garchomp|Garchomp, L50, M|2/100\n|turn|9\n|\n|t:|1776648896\n|move|p1b: Garchomp|Rock Slide|p2b: Corviknight\n|-damage|p2b: Corviknight|94/100\n|move|p1a: Tyranitar|Low Kick|p2b: Corviknight\n|-crit|p2b: Corviknight\n|-damage|p2b: Corviknight|61/100\n|move|p2b: Corviknight|Body Press|p1a: Tyranitar\n|-supereffective|p1a: Tyranitar|2\n|-damage|p1a: Tyranitar|0 fnt\n|faint|p1a: Tyranitar\n|\n|-heal|p2b: Corviknight|67/100|[from] item: Leftovers\n|upkeep\n|turn|10\n|\n|t:|1776648911\n|move|p1b: Garchomp|Rock Slide|p2b: Corviknight\n|-damage|p2b: Corviknight|61/100\n|cant|p2b: Corviknight|flinch\n|\n|-heal|p2b: Corviknight|67/100|[from] item: Leftovers\n|upkeep\n|turn|11\n|\n|t:|1776648920\n|move|p1b: Garchomp|Rock Slide|p2b: Corviknight\n|-damage|p2b: Corviknight|60/100\n|move|p2b: Corviknight|Body Press|p1b: Garchomp\n|-damage|p1b: Garchomp|0 fnt\n|faint|p1b: Garchomp\n|\n|win|bandite\n|raw|NAPOLITANA07's rating: 1187 &rarr; <strong>1167</strong><br />(-20 for losing)\n|raw|bandite's rating: 1251 &rarr; <strong>1271</strong><br />(+20 for winning)\n",
  "uploadtime": 1776648922,
  "views": 9,
  "formatid": "gen9championsvgc2026regma",
  "rating": 1167,
  "private": 0,
  "password": null
}