{
  "id": "gen9championsvgc2026regma-2582177179",
  "format": "[Gen 9 Champions] VGC 2026 Reg M-A",
  "players": [
    "SunTufo",
    "Pa7mmm"
  ],
  "log": "|j|\u2606SunTufo\n|j|\u2606Pa7mmm\n|t:|1776067763\n|gametype|doubles\n|player|p1|SunTufo|li|1323\n|player|p2|Pa7mmm|101|1321\n|gen|9\n|tier|[Gen 9 Champions] VGC 2026 Reg M-A\n|rated|\n|rule|Species Clause: Limit one of each Pok\u00e9mon\n|rule|Item Clause: Limit 1 of each item\n|clearpoke\n|poke|p1|Aerodactyl, L50, M|\n|poke|p1|Aegislash, L50, F|\n|poke|p1|Floette-Eternal, L50, F|\n|poke|p1|Kommo-o, L50, M|\n|poke|p1|Maushold-Four, L50|\n|poke|p2|Garchomp, L50, M|\n|poke|p2|Corviknight, L50, F|\n|poke|p2|Sinistcha, L50|\n|poke|p2|Incineroar, L50, M|\n|poke|p2|Whimsicott, L50, M|\n|poke|p2|Gardevoir, L50, F|\n|teampreview|4\n|inactive|Battle timer is ON: inactive players will automatically lose when time's up. (requested by Pa7mmm)\n|inactive|Pa7mmm has 60 seconds left.\n|\n|t:|1776067802\n|teamsize|p1|4\n|teamsize|p2|4\n|start\n|switch|p1a: Floette|Floette-Eternal, L50, F|100/100\n|switch|p1b: Maushold|Maushold-Four, L50|100/100\n|switch|p2a: Whimsicott|Whimsicott, L50, M|100/100\n|switch|p2b: Gardevoir|Gardevoir, L50, F|100/100\n|-ability|p2b: Gardevoir|Friend Guard|Trace|[from] ability: Trace|[of] p1b: Maushold\n|turn|1\n|j| CARtu348rjf90\n|\n|t:|1776067814\n|detailschange|p1a: Floette|Floette-Mega, L50, F\n|-mega|p1a: Floette|Floette|Floettite\n|-ability|p1a: Floette|Fairy Aura\n|detailschange|p2b: Gardevoir|Gardevoir-Mega, L50, F\n|-mega|p2b: Gardevoir|Gardevoir|Gardevoirite\n|move|p1b: Maushold|Protect|p1b: Maushold\n|-singleturn|p1b: Maushold|Protect\n|move|p2a: Whimsicott|Light Screen|p2a: Whimsicott\n|-sidestart|p2: Pa7mmm|move: Light Screen\n|move|p1a: Floette|Calm Mind|p1a: Floette\n|-boost|p1a: Floette|spa|1\n|-boost|p1a: Floette|spd|1\n|move|p2b: Gardevoir|Hyper Voice|p1b: Maushold|[spread] p1a\n|-activate|p1b: Maushold|move: Protect\n|-damage|p1a: Floette|74/100\n|\n|upkeep\n|turn|2\n|\n|t:|1776067840\n|move|p1b: Maushold|Follow Me|p1b: Maushold\n|-singleturn|p1b: Maushold|move: Follow Me\n|move|p2a: Whimsicott|Moonblast|p1b: Maushold\n|-damage|p1b: Maushold|51/100\n|move|p1a: Floette|Draining Kiss|p2a: Whimsicott\n|-damage|p2a: Whimsicott|29/100\n|-heal|p1a: Floette|100/100|[from] drain|[of] p2a: Whimsicott\n|move|p2b: Gardevoir|Hyper Voice|p1b: Maushold|[spread] p1a,p1b\n|-damage|p1a: Floette|74/100\n|-damage|p1b: Maushold|0 fnt\n|faint|p1b: Maushold\n|\n|upkeep\n|\n|t:|1776067846\n|switch|p1b: Aerodactyl|Aerodactyl, L50, M|100/100\n|-ability|p1b: Aerodactyl|Unnerve\n|turn|3\n|\n|t:|1776067862\n|move|p2a: Whimsicott|Tailwind|p2a: Whimsicott\n|-sidestart|p2: Pa7mmm|move: Tailwind\n|move|p2b: Gardevoir|Psyshock|p1a: Floette\n|-damage|p1a: Floette|25/100\n|move|p1b: Aerodactyl|Tailwind|p1b: Aerodactyl\n|-sidestart|p1: SunTufo|move: Tailwind\n|move|p1a: Floette|Draining Kiss|p2a: Whimsicott\n|-damage|p2a: Whimsicott|0 fnt\n|-heal|p1a: Floette|42/100|[from] drain|[of] p2a: Whimsicott\n|faint|p2a: Whimsicott\n|\n|upkeep\n|\n|t:|1776067872\n|switch|p2a: Corviknight|Corviknight, L50, F|100/100\n|turn|4\n|\n|t:|1776067880\n|move|p1a: Floette|Protect|p1a: Floette\n|-singleturn|p1a: Floette|Protect\n|move|p1b: Aerodactyl|Rock Slide|p2b: Gardevoir|[spread] p2a,p2b\n|-damage|p2a: Corviknight|80/100\n|-damage|p2b: Gardevoir|64/100\n|move|p2b: Gardevoir|Hyper Voice|p1b: Aerodactyl|[spread] p1b\n|-activate|p1a: Floette|move: Protect\n|-damage|p1b: Aerodactyl|0 fnt\n|faint|p1b: Aerodactyl\n|move|p2a: Corviknight|Iron Head|p1a: Floette\n|-activate|p1a: Floette|move: Protect\n|\n|-heal|p2a: Corviknight|86/100|[from] item: Leftovers\n|upkeep\n|\n|t:|1776067889\n|switch|p1b: Aegislash|Aegislash, L50, F|100/100\n|turn|5\n|\n|t:|1776067900\n|-formechange|p1b: Aegislash|Aegislash-Blade|\n|move|p1b: Aegislash|Shadow Sneak|p2b: Gardevoir\n|-supereffective|p2b: Gardevoir|1\n|-damage|p2b: Gardevoir|0 fnt\n|faint|p2b: Gardevoir\n|move|p1a: Floette|Draining Kiss|p2a: Corviknight\n|-resisted|p2a: Corviknight|1\n|-damage|p2a: Corviknight|68/100\n|-heal|p1a: Floette|58/100|[from] drain|[of] p2a: Corviknight\n|move|p2a: Corviknight|Iron Head|p1a: Floette\n|-supereffective|p1a: Floette|1\n|-damage|p1a: Floette|0 fnt\n|faint|p1a: Floette\n|\n|-heal|p2a: Corviknight|74/100|[from] item: Leftovers\n|-sideend|p2: Pa7mmm|move: Light Screen\n|upkeep\n|\n|t:|1776067909\n|switch|p2b: Garchomp|Garchomp, L50, M|100/100\n|turn|6\n|\n|t:|1776067913\n|-formechange|p1b: Aegislash|Aegislash|\n|move|p1b: Aegislash|King's Shield|p1b: Aegislash\n|-singleturn|p1b: Aegislash|Protect\n|move|p2b: Garchomp|Earthquake|p1b: Aegislash|[spread] \n|-activate|p1b: Aegislash|move: Protect\n|-immune|p2a: Corviknight\n|move|p2a: Corviknight|Bulk Up|p2a: Corviknight\n|-boost|p2a: Corviknight|atk|1\n|-boost|p2a: Corviknight|def|1\n|\n|-heal|p2a: Corviknight|80/100|[from] item: Leftovers\n|-sideend|p2: Pa7mmm|move: Tailwind\n|-sideend|p1: SunTufo|move: Tailwind\n|upkeep\n|turn|7\n|inactive|SunTufo has 30 seconds left.\n|inactive|SunTufo has 20 seconds left.\n|inactive|SunTufo has 15 seconds left.\n|inactive|SunTufo has 10 seconds left.\n|inactive|SunTufo has 5 seconds left.\n|\n|t:|1776067969\n|move|p2b: Garchomp|Earthquake|p1b: Aegislash|[spread] p1b\n|-immune|p2a: Corviknight\n|-supereffective|p1b: Aegislash|1\n|-damage|p1b: Aegislash|41/100\n|move|p2a: Corviknight|Bulk Up|p2a: Corviknight\n|-boost|p2a: Corviknight|atk|1\n|-boost|p2a: Corviknight|def|1\n|-formechange|p1b: Aegislash|Aegislash-Blade|\n|move|p1b: Aegislash|Poltergeist|p2a: Corviknight\n|-activate|p2a: Corviknight|move: Poltergeist|Leftovers\n|-damage|p2a: Corviknight|46/100\n|\n|-heal|p2a: Corviknight|52/100|[from] item: Leftovers\n|upkeep\n|turn|8\n|inactive|SunTufo has 30 seconds left.\n|inactive|Pa7mmm has 30 seconds left.\n|inactive|SunTufo has 20 seconds left.\n|inactive|Pa7mmm has 20 seconds left.\n|inactive|SunTufo has 15 seconds left.\n|inactive|Pa7mmm has 15 seconds left.\n|inactive|SunTufo has 10 seconds left.\n|inactive|SunTufo has 5 seconds left.\n|\n|t:|1776068024\n|move|p2b: Garchomp|Earthquake|p1b: Aegislash|[spread] p1b\n|-immune|p2a: Corviknight\n|-supereffective|p1b: Aegislash|1\n|-damage|p1b: Aegislash|0 fnt\n|faint|p1b: Aegislash\n|\n|win|Pa7mmm\n|raw|SunTufo's rating: 1323 &rarr; <strong>1303</strong><br />(-20 for losing)\n|raw|Pa7mmm's rating: 1321 &rarr; <strong>1341</strong><br />(+20 for winning)\n|l|\u2606SunTufo\n|player|p1|\n|l|\u2606Pa7mmm\n|player|p2|\n",
  "uploadtime": 1776068133,
  "views": 21,
  "formatid": "gen9championsvgc2026regma",
  "rating": 1303,
  "private": 0,
  "password": null
}