{
  "id": "gen9championsvgc2026regma-2583154739",
  "format": "[Gen 9 Champions] VGC 2026 Reg M-A",
  "players": [
    "superG195",
    "Prohxy"
  ],
  "log": "|j|\u2606superG195\n|j|\u2606Prohxy\n|t:|1776148680\n|gametype|doubles\n|player|p1|superG195|brawly|1145\n|player|p2|Prohxy|lorelei-lgpe|1119\n|gen|9\n|tier|[Gen 9 Champions] VGC 2026 Reg M-A\n|rated|\n|rule|Species Clause: Limit one of each Pok\u00e9mon\n|rule|Item Clause: Limit 1 of each item\n|clearpoke\n|poke|p1|Jolteon, L50, F|\n|poke|p1|Dragonite, L50, M|\n|poke|p1|Incineroar, L50, M|\n|poke|p1|Pelipper, L50, F|\n|poke|p1|Garchomp, L50, M|\n|poke|p1|Basculegion, L50, M|\n|poke|p2|Alcremie, L50, F|\n|poke|p2|Sinistcha, L50|\n|poke|p2|Scizor, L50, M|\n|poke|p2|Politoed, L50, F|\n|poke|p2|Basculegion, L50, M|\n|poke|p2|Stunfisk, L50, F|\n|teampreview|4\nProhxy rejected open team sheets.\n|inactive|Battle timer is ON: inactive players will automatically lose when time's up. (requested by Prohxy)\n|\n|t:|1776148747\n|teamsize|p1|4\n|teamsize|p2|4\n|start\n|switch|p1a: Incineroar|Incineroar, L50, M|100/100\n|switch|p1b: Jolteon|Jolteon, L50, F|100/100\n|switch|p2a: Politoed|Politoed, L50, F, shiny|100/100\n|switch|p2b: Stunfisk|Stunfisk, L50, F, shiny|100/100\n|-weather|RainDance|[from] ability: Drizzle|[of] p2a: Politoed\n|-ability|p1a: Incineroar|Intimidate|boost\n|-unboost|p2a: Politoed|atk|1\n|-unboost|p2b: Stunfisk|atk|1\n|turn|1\n|inactive|superG195 has 30 seconds left.\n|\n|t:|1776148779\n|move|p1a: Incineroar|Fake Out|p2a: Politoed\n|-damage|p2a: Politoed|91/100\n|move|p1b: Jolteon|Weather Ball|p2b: Stunfisk\n|-supereffective|p2b: Stunfisk|1\n|-damage|p2b: Stunfisk|20/100\n|cant|p2a: Politoed|flinch\n|move|p2b: Stunfisk|Earth Power|p1b: Jolteon\n|-supereffective|p1b: Jolteon|1\n|-damage|p1b: Jolteon|3/100\n|\n|-weather|RainDance|[upkeep]\n|-heal|p2b: Stunfisk|26/100|[from] item: Leftovers\n|upkeep\n|turn|2\n|inactive|superG195 has 30 seconds left.\n|\n|t:|1776148806\n|move|p1b: Jolteon|Thunderbolt|p2a: Politoed\n|-supereffective|p2a: Politoed|1\n|-damage|p2a: Politoed|3/100\n|move|p2a: Politoed|Icy Wind|p1b: Jolteon|[spread] p1a,p1b\n|-resisted|p1a: Incineroar|1\n|-damage|p1a: Incineroar|97/100\n|-damage|p1b: Jolteon|0 fnt\n|-unboost|p1a: Incineroar|spe|1\n|faint|p1b: Jolteon\n|move|p2b: Stunfisk|Reflect Type|p1a: Incineroar\n|-start|p2b: Stunfisk|typechange|[from] move: Reflect Type|[of] p1a: Incineroar\n|move|p1a: Incineroar|Darkest Lariat|p2b: Stunfisk\n|-resisted|p2b: Stunfisk|1\n|-damage|p2b: Stunfisk|9/100\n|\n|-weather|RainDance|[upkeep]\n|-heal|p2b: Stunfisk|15/100|[from] item: Leftovers\n|upkeep\n|\n|t:|1776148823\n|switch|p1b: Basculegion|Basculegion, L50, M|100/100\n|-start|p2b: Stunfisk|typechange|Fire/Dark|[silent]\n|turn|3\n|\n|t:|1776148836\n|switch|p1a: Dragonite|Dragonite, L50, M|100/100\n|move|p1b: Basculegion|Aqua Jet|p2b: Stunfisk\n|-supereffective|p2b: Stunfisk|1\n|-damage|p2b: Stunfisk|0 fnt\n|faint|p2b: Stunfisk\n|move|p2a: Politoed|Icy Wind|p1b: Basculegion|[spread] p1a,p1b\n|-supereffective|p1a: Dragonite|2\n|-resisted|p1b: Basculegion|1\n|-damage|p1a: Dragonite|79/100\n|-damage|p1b: Basculegion|96/100\n|-unboost|p1a: Dragonite|spe|1\n|-unboost|p1b: Basculegion|spe|1\n|\n|-weather|RainDance|[upkeep]\n|upkeep\n|\n|t:|1776148852\n|switch|p2b: Sinistcha|Sinistcha, L50|100/100\n|-heal|p2a: Politoed|27/100|[from] ability: Hospitality|[of] p2b: Sinistcha\n|turn|4\n|\n|t:|1776148863\n|detailschange|p1a: Dragonite|Dragonite-Mega, L50, M\n|-mega|p1a: Dragonite|Dragonite|Dragoninite\n|move|p1b: Basculegion|Last Respects|p2b: Sinistcha\n|-supereffective|p2b: Sinistcha|1\n|-damage|p2b: Sinistcha|5/100\n|-enditem|p2b: Sinistcha|Sitrus Berry|[eat]\n|-heal|p2b: Sinistcha|30/100|[from] item: Sitrus Berry\n|move|p1a: Dragonite|Hurricane|p2b: Sinistcha\n|-supereffective|p2b: Sinistcha|1\n|-damage|p2b: Sinistcha|0 fnt\n|faint|p2b: Sinistcha\n|move|p2a: Politoed|Icy Wind|p1a: Dragonite|[spread] p1a,p1b\n|-supereffective|p1a: Dragonite|2\n|-resisted|p1b: Basculegion|1\n|-damage|p1a: Dragonite|43/100\n|-damage|p1b: Basculegion|91/100\n|-unboost|p1a: Dragonite|spe|1\n|-unboost|p1b: Basculegion|spe|1\n|\n|-weather|RainDance|[upkeep]\n|upkeep\n|\n|t:|1776148878\n|switch|p2b: Basculegion|Basculegion, L50, M|100/100\n|turn|5\n|\n|t:|1776148889\n|switch|p1b: Incineroar|Incineroar, L50, M|97/100\n|-ability|p1b: Incineroar|Intimidate|boost\n|-unboost|p2a: Politoed|atk|1\n|-unboost|p2b: Basculegion|atk|1\n|move|p1a: Dragonite|Protect|p1a: Dragonite\n|-singleturn|p1a: Dragonite|Protect\n|move|p2b: Basculegion|Last Respects|p1b: Incineroar\n|-resisted|p1b: Incineroar|1\n|-damage|p1b: Incineroar|75/100\n|move|p2a: Politoed|Icy Wind|p1b: Incineroar|[spread] p1b\n|-activate|p1a: Dragonite|move: Protect\n|-resisted|p1b: Incineroar|1\n|-damage|p1b: Incineroar|72/100\n|-unboost|p1b: Incineroar|spe|1\n|\n|-weather|none\n|upkeep\n|turn|6\n|inactive|Prohxy has 30 seconds left.\n|inactive|superG195 has 30 seconds left.\n|\n|t:|1776148919\n|move|p1a: Dragonite|Extreme Speed|p2a: Politoed\n|-damage|p2a: Politoed|9/100\n|move|p2b: Basculegion|Wave Crash|p1b: Incineroar\n|-supereffective|p1b: Incineroar|1\n|-damage|p1b: Incineroar|0 fnt\n|faint|p1b: Incineroar\n|-damage|p2b: Basculegion|76/100|[from] Recoil\n|move|p2a: Politoed|Icy Wind|p1a: Dragonite\n|-supereffective|p1a: Dragonite|2\n|-damage|p1a: Dragonite|0 fnt\n|faint|p1a: Dragonite\n|\n|upkeep\n|\n|t:|1776148932\n|switch|p1b: Basculegion|Basculegion, L50, M|91/100\n|turn|7\n|\n|t:|1776148952\n|move|p2a: Politoed|Helping Hand|p2b: Basculegion\n|-singleturn|p2b: Basculegion|Helping Hand|[of] p2a: Politoed\n|move|p2b: Basculegion|Last Respects|p1b: Basculegion\n|-supereffective|p1b: Basculegion|1\n|-damage|p1b: Basculegion|0 fnt\n|faint|p1b: Basculegion\n|\n|win|Prohxy\n|raw|superG195's rating: 1145 &rarr; <strong>1118</strong><br />(-27 for losing)\n|raw|Prohxy's rating: 1119 &rarr; <strong>1146</strong><br />(+27 for winning)\n",
  "uploadtime": 1776148959,
  "views": 19,
  "formatid": "gen9championsvgc2026regma",
  "rating": 1118,
  "private": 0,
  "password": null
}