{
  "id": "gen9championsvgc2026regma-2588267000",
  "format": "[Gen 9 Champions] VGC 2026 Reg M-A",
  "players": [
    "gorbyjorby",
    "palasero"
  ],
  "log": "|j|\u2606gorbyjorby\n|j|\u2606palasero\n|t:|1776619462\n|gametype|doubles\n|player|p1|gorbyjorby|101|1186\n|player|p2|palasero|101|1196\n|gen|9\n|tier|[Gen 9 Champions] VGC 2026 Reg M-A\n|rated|\n|rule|Species Clause: Limit one of each Pok\u00e9mon\n|rule|Item Clause: Limit 1 of each item\n|clearpoke\n|poke|p1|Aggron, L50, F|\n|poke|p1|Farigiraf, L50, M|\n|poke|p1|Pelipper, L50, M|\n|poke|p1|Camerupt, L50, M|\n|poke|p1|Araquanid, L50, F|\n|poke|p1|Starmie, L50|\n|poke|p2|Aerodactyl, L50, M|\n|poke|p2|Garchomp, L50, F|\n|poke|p2|Froslass, L50, F|\n|poke|p2|Rotom-Frost, L50|\n|poke|p2|Incineroar, L50, F|\n|poke|p2|Orthworm, L50, F|\n|teampreview|4\n|\n|t:|1776619513\n|teamsize|p1|4\n|teamsize|p2|4\n|start\n|switch|p1a: Farigiraf|Farigiraf, L50, M|100/100\n|switch|p1b: Araquanid|Araquanid, L50, F|100/100\n|switch|p2a: Garchomp|Garchomp, L50, F|100/100\n|switch|p2b: Rotom|Rotom-Frost, L50|100/100\n|turn|1\n|\n|t:|1776619532\n|move|p1b: Araquanid|Wide Guard|p1b: Araquanid\n|-singleturn|p1b: Araquanid|Wide Guard\n|move|p2a: Garchomp|Swords Dance|p2a: Garchomp\n|-boost|p2a: Garchomp|atk|2\n|move|p2b: Rotom|Discharge|p1a: Farigiraf|[spread] \n|-activate|p1a: Farigiraf|move: Wide Guard\n|-activate|p1b: Araquanid|move: Wide Guard\n|-immune|p2a: Garchomp\n|move|p1a: Farigiraf|Trick Room|p1a: Farigiraf\n|-fieldstart|move: Trick Room|[of] p1a: Farigiraf\n|\n|upkeep\n|turn|2\n|\n|t:|1776619547\n|move|p1b: Araquanid|Liquidation|p2a: Garchomp\n|-damage|p2a: Garchomp|30/100\n|-damage|p1b: Araquanid|88/100|[from] ability: Rough Skin|[of] p2a: Garchomp\n|move|p1a: Farigiraf|Psychic Noise|p2a: Garchomp\n|-damage|p2a: Garchomp|0 fnt\n|faint|p2a: Garchomp\n|move|p2b: Rotom|Will-O-Wisp|p1a: Farigiraf\n|-status|p1a: Farigiraf|brn\n|\n|-damage|p1a: Farigiraf|94/100 brn|[from] brn\n|upkeep\n|\n|t:|1776619556\n|switch|p2a: Aerodactyl|Aerodactyl, L50, M|100/100\n|-ability|p2a: Aerodactyl|Unnerve\n|turn|3\n|\n|t:|1776619584\n|move|p2b: Rotom|Protect|p2b: Rotom\n|-singleturn|p2b: Rotom|Protect\n|move|p2a: Aerodactyl|Protect|p2a: Aerodactyl\n|-singleturn|p2a: Aerodactyl|Protect\n|move|p1b: Araquanid|Liquidation|p2a: Aerodactyl\n|-activate|p2a: Aerodactyl|move: Protect\n|move|p1a: Farigiraf|Hyper Voice|p2b: Rotom|[spread] \n|-activate|p2a: Aerodactyl|move: Protect\n|-activate|p2b: Rotom|move: Protect\n|\n|-damage|p1a: Farigiraf|88/100 brn|[from] brn\n|upkeep\n|turn|4\n|\n|t:|1776619600\n|move|p1b: Araquanid|Liquidation|p2a: Aerodactyl\n|-supereffective|p2a: Aerodactyl|1\n|-enditem|p2a: Aerodactyl|Focus Sash\n|-damage|p2a: Aerodactyl|1/100\n|move|p1a: Farigiraf|Hyper Voice|p2a: Aerodactyl|[spread] p2a,p2b\n|-resisted|p2a: Aerodactyl|1\n|-damage|p2a: Aerodactyl|0 fnt\n|-damage|p2b: Rotom|66/100\n|faint|p2a: Aerodactyl\n|move|p2b: Rotom|Blizzard|p1a: Farigiraf|[spread] p1a\n|-miss|p2b: Rotom|p1b: Araquanid\n|-damage|p1a: Farigiraf|43/100 brn\n|\n|-damage|p1a: Farigiraf|37/100 brn|[from] brn\n|upkeep\n|\n|t:|1776619604\n|switch|p2a: Froslass|Froslass, L50, F|100/100\n|turn|5\n|\n|t:|1776619617\n|move|p1a: Farigiraf|Helping Hand|p1b: Araquanid\n|-singleturn|p1b: Araquanid|Helping Hand|[of] p1a: Farigiraf\n|move|p2b: Rotom|Protect|p2b: Rotom\n|-singleturn|p2b: Rotom|Protect\n|move|p1b: Araquanid|Liquidation|p2a: Froslass\n|-damage|p2a: Froslass|0 fnt\n|faint|p2a: Froslass\n|\n|-damage|p1a: Farigiraf|31/100 brn|[from] brn\n|-fieldend|move: Trick Room\n|upkeep\n|turn|6\n|-message|palasero forfeited.\n|\n|win|gorbyjorby\n|raw|gorbyjorby's rating: 1186 &rarr; <strong>1212</strong><br />(+26 for winning)\n|raw|palasero's rating: 1196 &rarr; <strong>1170</strong><br />(-26 for losing)\n|l|\u2606palasero\n|player|p2|\n",
  "uploadtime": 1776619634,
  "views": 15,
  "formatid": "gen9championsvgc2026regma",
  "rating": 1170,
  "private": 0,
  "password": null
}