{
  "id": "gen9championsvgc2026regma-2580634396",
  "format": "[Gen 9 Champions] VGC 2026 Reg M-A",
  "players": [
    "Juytre",
    "joymaxxing"
  ],
  "log": "|j|\u2606Juytre\n|j|\u2606joymaxxing\n|t:|1775919984\n|gametype|doubles\n|player|p1|Juytre|roxie-masters|1241\n|player|p2|joymaxxing|elesa|1253\n|gen|9\n|tier|[Gen 9 Champions] VGC 2026 Reg M-A\n|rated|\n|rule|Species Clause: Limit one of each Pok\u00e9mon\n|rule|Item Clause: Limit 1 of each item\n|clearpoke\n|poke|p1|Dragonite, L50, F|\n|poke|p1|Basculegion, L50, M|\n|poke|p1|Pelipper, L50, M|\n|poke|p1|Archaludon, L50, M|\n|poke|p1|Sneasler, L50, M|\n|poke|p1|Meganium, L50, M|\n|poke|p2|Lopunny, L50, F|\n|poke|p2|Milotic, L50, F|\n|poke|p2|Tsareena, L50, F|\n|poke|p2|Incineroar, L50, M|\n|poke|p2|Dragapult, L50, F|\n|poke|p2|Farigiraf, L50, F|\n|teampreview|4\n|\n|t:|1775920013\n|teamsize|p1|4\n|teamsize|p2|4\n|start\n|switch|p1a: Pelipper|Pelipper, L50, M|100/100\n|switch|p1b: Basculegion|Basculegion, L50, M|100/100\n|switch|p2a: Lopunny|Lopunny, L50, F|100/100\n|switch|p2b: Dragapult|Dragapult, L50, F, shiny|100/100\n|-weather|RainDance|[from] ability: Drizzle|[of] p1a: Pelipper\n|turn|1\n|\n|t:|1775920046\n|detailschange|p2a: Lopunny|Lopunny-Mega, L50, F\n|-mega|p2a: Lopunny|Lopunny|Lopunnite\n|move|p2a: Lopunny|Fake Out|p1b: Basculegion\n|-damage|p1b: Basculegion|70/100\n|cant|p1b: Basculegion|flinch\n|move|p2b: Dragapult|Shadow Ball|p1b: Basculegion\n|-supereffective|p1b: Basculegion|1\n|-damage|p1b: Basculegion|0 fnt\n|faint|p1b: Basculegion\n|move|p1a: Pelipper|Tailwind|p1a: Pelipper\n|-sidestart|p1: Juytre|move: Tailwind\n|\n|-weather|RainDance|[upkeep]\n|upkeep\n|\n|t:|1775920051\n|switch|p1b: Sneasler|Sneasler, L50, M|100/100\n|turn|2\n|\n|t:|1775920067\n|switch|p2a: Milotic|Milotic, L50, F|100/100\n|move|p1b: Sneasler|Close Combat|p2a: Milotic\n|-damage|p2a: Milotic|57/100\n|-unboost|p1b: Sneasler|def|1\n|-unboost|p1b: Sneasler|spd|1\n|-enditem|p1b: Sneasler|White Herb\n|-clearnegativeboost|p1b: Sneasler|[silent]\n|move|p2b: Dragapult|Shadow Ball|p1a: Pelipper\n|-damage|p1a: Pelipper|47/100\n|-unboost|p1a: Pelipper|spd|1\n|move|p1a: Pelipper|Weather Ball|p2b: Dragapult\n|-resisted|p2b: Dragapult|1\n|-damage|p2b: Dragapult|67/100\n|\n|-weather|RainDance|[upkeep]\n|-heal|p2a: Milotic|63/100|[from] item: Leftovers\n|upkeep\n|turn|3\n|\n|t:|1775920082\n|move|p1b: Sneasler|Dire Claw|p2b: Dragapult\n|-resisted|p2b: Dragapult|1\n|-damage|p2b: Dragapult|38/100\n|move|p2b: Dragapult|Shadow Ball|p1a: Pelipper\n|-damage|p1a: Pelipper|0 fnt\n|faint|p1a: Pelipper\n|move|p2a: Milotic|Scald|p1b: Sneasler\n|-damage|p1b: Sneasler|41/100\n|\n|-weather|RainDance|[upkeep]\n|-heal|p2a: Milotic|69/100|[from] item: Leftovers\n|upkeep\n|\n|t:|1775920085\n|switch|p1a: Meganium|Meganium, L50, M|100/100\n|turn|4\n|\n|t:|1775920094\n|detailschange|p1a: Meganium|Meganium-Mega, L50, M\n|-mega|p1a: Meganium|Meganium|Meganiumite\n|move|p2a: Milotic|Protect|p2a: Milotic\n|-singleturn|p2a: Milotic|Protect\n|move|p1b: Sneasler|Dire Claw|p2b: Dragapult\n|-resisted|p2b: Dragapult|1\n|-damage|p2b: Dragapult|8/100\n|move|p2b: Dragapult|Shadow Ball|p1b: Sneasler\n|-damage|p1b: Sneasler|0 fnt\n|faint|p1b: Sneasler\n|move|p1a: Meganium|Solar Beam||[still]\n|-prepare|p1a: Meganium|Solar Beam\n|-activate|p1a: Meganium|ability: Mega Sol\n|-anim|p1a: Meganium|Solar Beam|p2a: Milotic\n|-activate|p2a: Milotic|move: Protect\n|\n|-weather|RainDance|[upkeep]\n|-heal|p2a: Milotic|75/100|[from] item: Leftovers\n|-sideend|p1: Juytre|move: Tailwind\n|upkeep\n|turn|5\n|\n|t:|1775920102\n|move|p2b: Dragapult|Flamethrower|p1a: Meganium\n|-supereffective|p1a: Meganium|1\n|-damage|p1a: Meganium|82/100\n|move|p2a: Milotic|Icy Wind|p1a: Meganium\n|-supereffective|p1a: Meganium|1\n|-damage|p1a: Meganium|60/100\n|-unboost|p1a: Meganium|spe|1\n|move|p1a: Meganium|Dazzling Gleam|p2a: Milotic|[spread] p2a,p2b\n|-supereffective|p2b: Dragapult|1\n|-damage|p2a: Milotic|50/100\n|-damage|p2b: Dragapult|0 fnt\n|faint|p2b: Dragapult\n|\n|-weather|none\n|-heal|p2a: Milotic|55/100|[from] item: Leftovers\n|upkeep\n|\n|t:|1775920104\n|switch|p2b: Lopunny|Lopunny-Mega, L50, F|100/100\n|turn|6\n|\n|t:|1775920118\n|move|p2b: Lopunny|Giga Impact|p1a: Meganium|[miss]\n|-miss|p2b: Lopunny|p1a: Meganium\n|move|p2a: Milotic|Icy Wind|p1a: Meganium\n|-supereffective|p1a: Meganium|1\n|-damage|p1a: Meganium|41/100\n|-unboost|p1a: Meganium|spe|1\n|move|p1a: Meganium|Synthesis|p1a: Meganium\n|-heal|p1a: Meganium|100/100\n|\n|-heal|p2a: Milotic|61/100|[from] item: Leftovers\n|upkeep\n|turn|7\n|\n|t:|1775920131\n|move|p2b: Lopunny|Giga Impact|p1a: Meganium\n|-damage|p1a: Meganium|36/100\n|-mustrecharge|p2b: Lopunny\n|move|p2a: Milotic|Icy Wind|p1a: Meganium\n|-supereffective|p1a: Meganium|1\n|-damage|p1a: Meganium|15/100\n|-unboost|p1a: Meganium|spe|1\n|move|p1a: Meganium|Dazzling Gleam|p2a: Milotic|[spread] p2a,p2b\n|-supereffective|p2b: Lopunny|1\n|-damage|p2a: Milotic|38/100\n|-damage|p2b: Lopunny|15/100\n|\n|-heal|p2a: Milotic|44/100|[from] item: Leftovers\n|upkeep\n|turn|8\n|\n|t:|1775920136\n|cant|p2b: Lopunny|recharge\n|move|p2a: Milotic|Icy Wind|p1a: Meganium\n|-supereffective|p1a: Meganium|1\n|-damage|p1a: Meganium|0 fnt\n|faint|p1a: Meganium\n|\n|win|joymaxxing\n|raw|Juytre's rating: 1241 &rarr; <strong>1217</strong><br />(-24 for losing)\n|raw|joymaxxing's rating: 1253 &rarr; <strong>1277</strong><br />(+24 for winning)\n|l|\u2606Juytre\n|player|p1|\n",
  "uploadtime": 1775920144,
  "views": 26,
  "formatid": "gen9championsvgc2026regma",
  "rating": 1217,
  "private": 0,
  "password": null
}