{
  "id": "gen9championsvgc2026regma-2582826110",
  "format": "[Gen 9 Champions] VGC 2026 Reg M-A",
  "players": [
    "silkandiron",
    "Houb"
  ],
  "log": "|j|\u2606silkandiron\n|j|\u2606Houb\n|t:|1776117042\n|gametype|doubles\n|player|p1|silkandiron|1|1179\n|player|p2|Houb|170|1187\n|gen|9\n|tier|[Gen 9 Champions] VGC 2026 Reg M-A\n|rated|\n|rule|Species Clause: Limit one of each Pok\u00e9mon\n|rule|Item Clause: Limit 1 of each item\n|clearpoke\n|poke|p1|Sneasler, L50, M|\n|poke|p1|Tyranitar, L50, M|\n|poke|p1|Rotom-Wash, L50|\n|poke|p1|Excadrill, L50, M|\n|poke|p1|Dragapult, L50, F|\n|poke|p1|Meganium, L50, M|\n|poke|p2|Gyarados, L50, F|\n|poke|p2|Tyranitar, L50, F|\n|poke|p2|Rotom-Wash, L50|\n|poke|p2|Volcarona, L50, F|\n|poke|p2|Milotic, L50, M|\n|poke|p2|Aerodactyl, L50, M|\n|teampreview|4\n|inactive|Battle timer is ON: inactive players will automatically lose when time's up. (requested by Houb)\n|inactive|silkandiron has 60 seconds left.\n|inactive|Houb has 60 seconds left.\n|inactive|silkandiron has 30 seconds left.\nHoub has agreed to open team sheets.\n|inactive|silkandiron has 20 seconds left.\n|\n|t:|1776117115\n|teamsize|p1|4\n|teamsize|p2|4\n|start\n|switch|p1a: Dragapult|Dragapult, L50, F|100/100\n|switch|p1b: Rotom|Rotom-Wash, L50|100/100\n|switch|p2a: Aerodactyl|Aerodactyl, L50, M|100/100\n|switch|p2b: Rotom|Rotom-Wash, L50|100/100\n|-ability|p2a: Aerodactyl|Unnerve\n|turn|1\n|inactive|silkandiron has 30 seconds left.\n|\n|t:|1776117147\n|move|p1a: Dragapult|Dragon Darts|p2a: Aerodactyl\n|-damage|p2a: Aerodactyl|66/100\n|-anim|p1a: Dragapult|Dragon Darts|p2b: Rotom\n|-damage|p2b: Rotom|81/100\n|move|p2a: Aerodactyl|Rock Slide|p1b: Rotom|[spread] p1b\n|-miss|p2a: Aerodactyl|p1a: Dragapult\n|-damage|p1b: Rotom|78/100\n|move|p1b: Rotom|Volt Switch|p2a: Aerodactyl\n|-supereffective|p2a: Aerodactyl|1\n|-damage|p2a: Aerodactyl|0 fnt\n|faint|p2a: Aerodactyl\n|\n|t:|1776117165\n|switch|p1b: Meganium|Meganium, L50, M|100/100|[from] Volt Switch\n|move|p2b: Rotom|Will-O-Wisp|p1a: Dragapult\n|-status|p1a: Dragapult|brn\n|\n|-heal|p2b: Rotom|86/100|[from] item: Leftovers\n|-damage|p1a: Dragapult|94/100 brn|[from] brn\n|upkeep\n|\n|t:|1776117173\n|switch|p2a: Volcarona|Volcarona, L50, F|100/100\n|turn|2\n|\n|t:|1776117192\n|detailschange|p1b: Meganium|Meganium-Mega, L50, M\n|-mega|p1b: Meganium|Meganium|Meganiumite\n|move|p1a: Dragapult|Phantom Force||[still]\n|-prepare|p1a: Dragapult|Phantom Force\n|move|p2a: Volcarona|Quiver Dance|p2a: Volcarona\n|-boost|p2a: Volcarona|spa|1\n|-boost|p2a: Volcarona|spd|1\n|-boost|p2a: Volcarona|spe|1\n|move|p2b: Rotom|Volt Switch|p1b: Meganium\n|-resisted|p1b: Meganium|1\n|-damage|p1b: Meganium|90/100\n|\n|t:|1776117202\n|switch|p2b: Gyarados|Gyarados, L50, F|100/100|[from] Volt Switch\n|-ability|p2b: Gyarados|Intimidate|boost\n|-fail|p1a: Dragapult|unboost|[from] ability: Clear Body|[of] p1a: Dragapult\n|-unboost|p1b: Meganium|atk|1\n|move|p1b: Meganium|Solar Beam||[still]\n|-prepare|p1b: Meganium|Solar Beam\n|-activate|p1b: Meganium|ability: Mega Sol\n|-anim|p1b: Meganium|Solar Beam|p2b: Gyarados\n|-damage|p2b: Gyarados|41/100\n|\n|-damage|p1a: Dragapult|88/100 brn|[from] brn\n|upkeep\n|turn|3\n|inactive|Houb has 30 seconds left.\n|\n|t:|1776117230\n|switch|p1b: Tyranitar|Tyranitar, L50, M|100/100\n|-weather|Sandstorm|[from] ability: Sand Stream|[of] p1b: Tyranitar\n|move|p1a: Dragapult|Phantom Force|p2a: Volcarona|[from] lockedmove\n|-damage|p2a: Volcarona|75/100\n|move|p2a: Volcarona|Heat Wave|p1a: Dragapult|[spread] p1b\n|-miss|p2a: Volcarona|p1a: Dragapult\n|-resisted|p1b: Tyranitar|1\n|-damage|p1b: Tyranitar|87/100\n|move|p2b: Gyarados|Icy Wind|p1a: Dragapult|[spread] p1a,p1b\n|-supereffective|p1a: Dragapult|1\n|-damage|p1a: Dragapult|73/100 brn\n|-damage|p1b: Tyranitar|84/100\n|-unboost|p1b: Tyranitar|spe|1\n|\n|-weather|Sandstorm|[upkeep]\n|-damage|p1a: Dragapult|67/100 brn|[from] Sandstorm\n|-damage|p2a: Volcarona|69/100|[from] Sandstorm\n|-damage|p2b: Gyarados|35/100|[from] Sandstorm\n|-damage|p1a: Dragapult|60/100 brn|[from] brn\n|upkeep\n|turn|4\n|inactive|Houb has 30 seconds left.\n|\n|t:|1776117263\n|move|p1a: Dragapult|Dragon Darts|p2a: Volcarona\n|-damage|p2a: Volcarona|54/100\n|-anim|p1a: Dragapult|Dragon Darts|p2b: Gyarados\n|-damage|p2b: Gyarados|24/100\n|move|p2a: Volcarona|Giga Drain|p1b: Tyranitar\n|-supereffective|p1b: Tyranitar|1\n|-damage|p1b: Tyranitar|44/100\n|-heal|p2a: Volcarona|75/100|[from] drain|[of] p1b: Tyranitar\n|move|p2b: Gyarados|Waterfall|p1b: Tyranitar\n|-supereffective|p1b: Tyranitar|1\n|-damage|p1b: Tyranitar|0 fnt\n|faint|p1b: Tyranitar\n|\n|-weather|Sandstorm|[upkeep]\n|-damage|p1a: Dragapult|54/100 brn|[from] Sandstorm\n|-damage|p2a: Volcarona|69/100|[from] Sandstorm\n|-damage|p2b: Gyarados|18/100|[from] Sandstorm\n|-damage|p1a: Dragapult|48/100 brn|[from] brn\n|upkeep\n|\n|t:|1776117276\n|switch|p1b: Meganium|Meganium-Mega, L50, M|90/100\n|turn|5\n|inactive|silkandiron has 30 seconds left.\n|\n|t:|1776117301\n|move|p1a: Dragapult|Dragon Darts|p2a: Volcarona\n|-damage|p2a: Volcarona|54/100\n|-anim|p1a: Dragapult|Dragon Darts|p2b: Gyarados\n|-damage|p2b: Gyarados|8/100\n|move|p2a: Volcarona|Heat Wave|p1b: Meganium|[spread] p1b\n|-miss|p2a: Volcarona|p1a: Dragapult\n|-supereffective|p1b: Meganium|1\n|-damage|p1b: Meganium|15/100\n|move|p2b: Gyarados|Waterfall|p1a: Dragapult\n|-resisted|p1a: Dragapult|1\n|-crit|p1a: Dragapult\n|-damage|p1a: Dragapult|12/100 brn\n|move|p1b: Meganium|Weather Ball|p2a: Volcarona\n|-damage|p2a: Volcarona|19/100\n|-enditem|p2a: Volcarona|Sitrus Berry|[eat]\n|-heal|p2a: Volcarona|44/100|[from] item: Sitrus Berry\n|\n|-weather|Sandstorm|[upkeep]\n|-damage|p1a: Dragapult|6/100 brn|[from] Sandstorm\n|-damage|p2a: Volcarona|37/100|[from] Sandstorm\n|-damage|p2b: Gyarados|2/100|[from] Sandstorm\n|-damage|p1b: Meganium|9/100|[from] Sandstorm\n|-damage|p1a: Dragapult|0 fnt|[from] brn\n|faint|p1a: Dragapult\n|upkeep\n|\n|t:|1776117317\n|switch|p1a: Rotom|Rotom-Wash, L50|78/100\n|turn|6\n|\n|t:|1776117325\n|move|p1b: Meganium|Protect|p1b: Meganium\n|-singleturn|p1b: Meganium|Protect\n|move|p2a: Volcarona|Giga Drain|p1a: Rotom\n|-supereffective|p1a: Rotom|1\n|-damage|p1a: Rotom|2/100\n|-heal|p2a: Volcarona|68/100|[from] drain|[of] p1a: Rotom\n|-enditem|p1a: Rotom|Sitrus Berry|[eat]\n|-heal|p1a: Rotom|27/100|[from] item: Sitrus Berry\n|move|p1a: Rotom|Hydro Pump|p2a: Volcarona|[miss]\n|-miss|p1a: Rotom|p2a: Volcarona\n|move|p2b: Gyarados|Waterfall|p1b: Meganium\n|-activate|p1b: Meganium|move: Protect\n|\n|-weather|Sandstorm|[upkeep]\n|-damage|p2a: Volcarona|62/100|[from] Sandstorm\n|-damage|p1a: Rotom|22/100|[from] Sandstorm\n|-damage|p2b: Gyarados|0 fnt|[from] Sandstorm\n|-damage|p1b: Meganium|3/100|[from] Sandstorm\n|faint|p2b: Gyarados\n|upkeep\n|\n|t:|1776117335\n|switch|p2b: Rotom|Rotom-Wash, L50|86/100\n|turn|7\n|-message|silkandiron forfeited.\n|\n|win|Houb\n|raw|silkandiron's rating: 1179 &rarr; <strong>1155</strong><br />(-24 for losing)\n|raw|Houb's rating: 1187 &rarr; <strong>1211</strong><br />(+24 for winning)\n|l|\u2606Houb\n|player|p2|\n",
  "uploadtime": 1776119358,
  "views": 33,
  "formatid": "gen9championsvgc2026regma",
  "rating": 1155,
  "private": 0,
  "password": null
}