{
  "id": "gen9championsvgc2026regma-2586183553",
  "format": "[Gen 9 Champions] VGC 2026 Reg M-A",
  "players": [
    "Mambrilla",
    "noRNGplz"
  ],
  "log": "|j|\u2606Mambrilla\n|j|\u2606noRNGplz\n|t:|1776409585\n|gametype|doubles\n|player|p1|Mambrilla|bugcatcher-gen4dp|1409\n|player|p2|noRNGplz|1|1435\n|gen|9\n|tier|[Gen 9 Champions] VGC 2026 Reg M-A\n|rated|\n|rule|Species Clause: Limit one of each Pok\u00e9mon\n|rule|Item Clause: Limit 1 of each item\n|clearpoke\n|poke|p1|Scovillain, L50, M|\n|poke|p1|Incineroar, L50, F|\n|poke|p1|Farigiraf, L50, M|\n|poke|p1|Gallade, L50, M|\n|poke|p1|Kingambit, L50, F|\n|poke|p1|Pelipper, L50, F|\n|poke|p2|Pidgeot, L50, F|\n|poke|p2|Goodra-Hisui, L50, M|\n|poke|p2|Sneasler, L50, F|\n|poke|p2|Basculegion, L50, M|\n|poke|p2|Heliolisk, L50, M|\n|poke|p2|Arcanine-Hisui, L50, F|\n|teampreview|4\n|\n|t:|1776409609\n|teamsize|p1|4\n|teamsize|p2|4\n|start\n|switch|p1a: Farigiraf|Farigiraf, L50, M|100/100\n|switch|p1b: Scovillain|Scovillain, L50, M, shiny|100/100\n|switch|p2a: Pidgeot|Pidgeot, L50, F|100/100\n|switch|p2b: Basculegion|Basculegion, L50, M|100/100\n|turn|1\n|inactive|Battle timer is ON: inactive players will automatically lose when time's up. (requested by Mambrilla)\n|j| suibiandajiba\n|\n|t:|1776409633\n|detailschange|p2a: Pidgeot|Pidgeot-Mega, L50, F\n|-mega|p2a: Pidgeot|Pidgeot|Pidgeotite\n|detailschange|p1b: Scovillain|Scovillain-Mega, L50, M, shiny\n|-mega|p1b: Scovillain|Scovillain|Scovillainite\n|move|p1b: Scovillain|Rage Powder|p1b: Scovillain\n|-singleturn|p1b: Scovillain|move: Rage Powder\n|move|p2b: Basculegion|Flip Turn|p1b: Scovillain\n|-damage|p1b: Scovillain|60/100\n|-status|p2b: Basculegion|brn|[from] ability: Spicy Spray|[of] p1b: Scovillain\n|\n|t:|1776409641\n|switch|p2b: Goodra|Goodra-Hisui, L50, M|100/100|[from] Flip Turn\n|move|p2a: Pidgeot|Hurricane|p1b: Scovillain\n|-supereffective|p1b: Scovillain|1\n|-damage|p1b: Scovillain|0 fnt\n|-status|p2a: Pidgeot|brn|[from] ability: Spicy Spray|[of] p1b: Scovillain\n|faint|p1b: Scovillain\n|move|p1a: Farigiraf|Trick Room|p1a: Farigiraf\n|-fieldstart|move: Trick Room|[of] p1a: Farigiraf\n|\n|-damage|p2a: Pidgeot|95/100 brn|[from] brn\n|upkeep\n|\n|t:|1776409652\n|switch|p1b: Incineroar|Incineroar, L50, F, shiny|100/100\n|-ability|p1b: Incineroar|Intimidate|boost\n|-unboost|p2a: Pidgeot|atk|1\n|-unboost|p2b: Goodra|atk|1\n|turn|2\n|\n|t:|1776409664\n|switch|p2a: Arcanine|Arcanine-Hisui, L50, F|100/100\n|-ability|p2a: Arcanine|Intimidate|boost\n|-unboost|p1a: Farigiraf|atk|1\n|-unboost|p1b: Incineroar|atk|1\n|-enditem|p1b: Incineroar|White Herb\n|-clearnegativeboost|p1b: Incineroar|[silent]\n|move|p1b: Incineroar|Fake Out|p2a: Arcanine\n|-resisted|p2a: Arcanine|1\n|-crit|p2a: Arcanine\n|-damage|p2a: Arcanine|88/100\n|move|p1a: Farigiraf|Nasty Plot|p1a: Farigiraf\n|-boost|p1a: Farigiraf|spa|2\n|move|p2b: Goodra|Shelter|p2b: Goodra\n|-boost|p2b: Goodra|def|2\n|\n|upkeep\n|turn|3\n|j| Glaceon0404\n|\n|t:|1776409687\n|switch|p2a: Basculegion|Basculegion, L50, M|100/100 brn\n|move|p1b: Incineroar|Close Combat|p2a: Basculegion\n|-immune|p2a: Basculegion\n|move|p1a: Farigiraf|Psychic|p2b: Goodra\n|-resisted|p2b: Goodra|1\n|-damage|p2b: Goodra|74/100\n|move|p2b: Goodra|Shelter|p2b: Goodra\n|-boost|p2b: Goodra|def|2\n|\n|-heal|p2b: Goodra|80/100|[from] item: Leftovers\n|-damage|p2a: Basculegion|94/100 brn|[from] brn\n|upkeep\n|turn|4\n|l| suibiandajiba\n|\n|t:|1776409709\n|move|p1a: Farigiraf|Psychic|p2b: Goodra\n|-resisted|p2b: Goodra|1\n|-damage|p2b: Goodra|50/100\n|move|p1b: Incineroar|Close Combat|p2b: Goodra\n|-supereffective|p2b: Goodra|1\n|-damage|p2b: Goodra|28/100\n|-unboost|p1b: Incineroar|def|1\n|-unboost|p1b: Incineroar|spd|1\n|move|p2b: Goodra|Body Press|p1a: Farigiraf\n|-damage|p1a: Farigiraf|22/100\n|-enditem|p1a: Farigiraf|Sitrus Berry|[eat]\n|-heal|p1a: Farigiraf|47/100|[from] item: Sitrus Berry\n|move|p2a: Basculegion|Wave Crash|p1a: Farigiraf\n|-damage|p1a: Farigiraf|9/100\n|-damage|p2a: Basculegion|80/100 brn|[from] Recoil\n|\n|-heal|p2b: Goodra|34/100|[from] item: Leftovers\n|-damage|p2a: Basculegion|74/100 brn|[from] brn\n|upkeep\n|turn|5\n|\n|t:|1776409724\n|move|p2b: Goodra|Protect|p2b: Goodra\n|-singleturn|p2b: Goodra|Protect\n|move|p1a: Farigiraf|Psychic|p2b: Goodra\n|-activate|p2b: Goodra|move: Protect\n|move|p1b: Incineroar|Close Combat|p2b: Goodra\n|-activate|p2b: Goodra|move: Protect\n|move|p2a: Basculegion|Wave Crash|p1a: Farigiraf\n|-damage|p1a: Farigiraf|0 fnt\n|faint|p1a: Farigiraf\n|-damage|p2a: Basculegion|71/100 brn|[from] Recoil\n|\n|-heal|p2b: Goodra|40/100|[from] item: Leftovers\n|-damage|p2a: Basculegion|65/100 brn|[from] brn\n|-fieldend|move: Trick Room\n|upkeep\n|\n|t:|1776409726\n|switch|p1a: Gallade|Gallade, L50, M, shiny|100/100\n|turn|6\n|\n|t:|1776409735\n|move|p2a: Basculegion|Wave Crash|p1b: Incineroar\n|-supereffective|p1b: Incineroar|1\n|-damage|p1b: Incineroar|0 fnt\n|faint|p1b: Incineroar\n|-damage|p2a: Basculegion|31/100 brn|[from] Recoil\n|move|p2b: Goodra|Body Press|p1a: Gallade\n|-resisted|p1a: Gallade|1\n|-damage|p1a: Gallade|43/100\n|move|p1a: Gallade|Trick Room|p1a: Gallade\n|-fieldstart|move: Trick Room|[of] p1a: Gallade\n|\n|-heal|p2b: Goodra|46/100|[from] item: Leftovers\n|-damage|p2a: Basculegion|25/100 brn|[from] brn\n|upkeep\n|turn|7\n|\n|t:|1776409739\n|move|p2b: Goodra|Body Press|p1a: Gallade\n|-resisted|p1a: Gallade|1\n|-damage|p1a: Gallade|0 fnt\n|faint|p1a: Gallade\n|\n|win|noRNGplz\n|raw|Mambrilla's rating: 1409 &rarr; <strong>1390</strong><br />(-19 for losing)\n|raw|noRNGplz's rating: 1435 &rarr; <strong>1454</strong><br />(+19 for winning)\n|l|\u2606Mambrilla\n|player|p1|\n|c|\u2606noRNGplz|\u6211\u600e\u9ebc\u90fd\u9047\u5230\u602a\u6771\u897f\n|l| Glaceon0404\n",
  "uploadtime": 1776409747,
  "views": 74,
  "formatid": "gen9championsvgc2026regma",
  "rating": 1390,
  "private": 0,
  "password": null
}