{
  "id": "gen9championsvgc2026regma-2582943838",
  "format": "[Gen 9 Champions] VGC 2026 Reg M-A",
  "players": [
    "fallacy277",
    "tf2026"
  ],
  "log": "|j|\u2606fallacy277\n|j|\u2606tf2026\n|t:|1776127181\n|gametype|doubles\n|player|p1|fallacy277|2|1371\n|player|p2|tf2026|2|1409\n|gen|9\n|tier|[Gen 9 Champions] VGC 2026 Reg M-A\n|rated|\n|rule|Species Clause: Limit one of each Pok\u00e9mon\n|rule|Item Clause: Limit 1 of each item\n|clearpoke\n|poke|p1|Kangaskhan, L50, F|\n|poke|p1|Farigiraf, L50, F|\n|poke|p1|Typhlosion-Hisui, L50, M|\n|poke|p1|Torkoal, L50, F|\n|poke|p1|Sylveon, L50, F|\n|poke|p1|Vivillon, L50, M|\n|poke|p2|Aerodactyl, L50, F|\n|poke|p2|Aegislash, L50, M|\n|poke|p2|Froslass, L50, F|\n|poke|p2|Incineroar, L50, M|\n|poke|p2|Milotic, L50, F|\n|poke|p2|Sneasler, L50, M|\n|teampreview|4\n|inactive|Battle timer is ON: inactive players will automatically lose when time's up. (requested by fallacy277)\n|\n|t:|1776127211\n|teamsize|p1|4\n|teamsize|p2|4\n|start\n|switch|p1a: Farigiraf|Farigiraf, L50, F|100/100\n|switch|p1b: Kangaskhan|Kangaskhan, L50, F|100/100\n|switch|p2a: Incineroar|Incineroar, L50, M|100/100\n|switch|p2b: Milotic|Milotic, L50, F|100/100\n|-ability|p2a: Incineroar|Intimidate|boost\n|-unboost|p1a: Farigiraf|atk|1\n|-fail|p1b: Kangaskhan|unboost|Attack|[from] ability: Scrappy|[of] p1b: Kangaskhan\n|turn|1\n|\n|t:|1776127228\n|detailschange|p1b: Kangaskhan|Kangaskhan-Mega, L50, F\n|-mega|p1b: Kangaskhan|Kangaskhan|Kangaskhanite\n|move|p1b: Kangaskhan|Hammer Arm|p2a: Incineroar\n|-supereffective|p2a: Incineroar|1\n|-damage|p2a: Incineroar|46/100\n|-unboost|p1b: Kangaskhan|spe|1\n|-enditem|p2a: Incineroar|Sitrus Berry|[eat]\n|-heal|p2a: Incineroar|71/100|[from] item: Sitrus Berry\n|-supereffective|p2a: Incineroar|1\n|-damage|p2a: Incineroar|57/100\n|-unboost|p1b: Kangaskhan|spe|1\n|-hitcount|p2a: Incineroar|2\n|move|p2b: Milotic|Coil|p2b: Milotic\n|-boost|p2b: Milotic|atk|1\n|-boost|p2b: Milotic|def|1\n|-boost|p2b: Milotic|accuracy|1\n|move|p2a: Incineroar|Parting Shot|p1b: Kangaskhan\n|-unboost|p1b: Kangaskhan|atk|1\n|-unboost|p1b: Kangaskhan|spa|1\n|\n|t:|1776127244\n|switch|p2a: Aegislash|Aegislash, L50, M|100/100|[from] Parting Shot\n|move|p1a: Farigiraf|Trick Room|p1a: Farigiraf\n|-fieldstart|move: Trick Room|[of] p1a: Farigiraf\n|\n|upkeep\n|turn|2\n|j| UltimatheoryPK\n|\n|t:|1776127264\n|switch|p1b: Torkoal|Torkoal, L50, F|100/100\n|-weather|SunnyDay|[from] ability: Drought|[of] p1b: Torkoal\n|-formechange|p2a: Aegislash|Aegislash-Blade|\n|move|p2a: Aegislash|Close Combat|p1b: Torkoal\n|-damage|p1b: Torkoal|65/100\n|-unboost|p2a: Aegislash|def|1\n|-unboost|p2a: Aegislash|spd|1\n|move|p1a: Farigiraf|Psychic|p2b: Milotic\n|-damage|p2b: Milotic|71/100\n|move|p2b: Milotic|Hypnosis|p1a: Farigiraf\n|-status|p1a: Farigiraf|slp|[from] move: Hypnosis\n|\n|-weather|SunnyDay|[upkeep]\n|-heal|p2b: Milotic|77/100|[from] item: Leftovers\n|upkeep\n|turn|3\n|\n|t:|1776127289\n|switch|p2a: Incineroar|Incineroar, L50, M|57/100\n|-ability|p2a: Incineroar|Intimidate|boost\n|-unboost|p1a: Farigiraf|atk|1\n|-unboost|p1b: Torkoal|atk|1\n|move|p1b: Torkoal|Eruption|p2b: Milotic|[spread] p2a,p2b\n|-resisted|p2a: Incineroar|1\n|-resisted|p2b: Milotic|1\n|-damage|p2a: Incineroar|36/100\n|-damage|p2b: Milotic|58/100\n|cant|p1a: Farigiraf|slp\n|move|p2b: Milotic|Hypnosis|p1b: Torkoal\n|-status|p1b: Torkoal|slp|[from] move: Hypnosis\n|\n|-weather|SunnyDay|[upkeep]\n|-heal|p2b: Milotic|64/100|[from] item: Leftovers\n|upkeep\n|turn|4\n|\n|t:|1776127303\n|cant|p1b: Torkoal|slp\n|-curestatus|p1a: Farigiraf|slp|[msg]\n|move|p1a: Farigiraf|Psychic|p2b: Milotic\n|-damage|p2b: Milotic|37/100\n|move|p2a: Incineroar|Throat Chop|p1a: Farigiraf\n|-supereffective|p1a: Farigiraf|1\n|-damage|p1a: Farigiraf|43/100\n|-start|p1a: Farigiraf|Throat Chop|[silent]\n|move|p2b: Milotic|Recover|p2b: Milotic\n|-heal|p2b: Milotic|87/100\n|\n|-weather|SunnyDay|[upkeep]\n|-heal|p2b: Milotic|93/100|[from] item: Leftovers\n|upkeep\n|turn|5\n|\n|t:|1776127326\n|cant|p1b: Torkoal|slp\n|move|p1a: Farigiraf|Psychic|p2b: Milotic\n|-damage|p2b: Milotic|67/100\n|move|p2a: Incineroar|Throat Chop|p1a: Farigiraf\n|-supereffective|p1a: Farigiraf|1\n|-damage|p1a: Farigiraf|0 fnt\n|faint|p1a: Farigiraf\n|move|p2b: Milotic|Coil|p2b: Milotic\n|-boost|p2b: Milotic|atk|1\n|-boost|p2b: Milotic|def|1\n|-boost|p2b: Milotic|accuracy|1\n|\n|-weather|SunnyDay|[upkeep]\n|-heal|p2b: Milotic|73/100|[from] item: Leftovers\n|-fieldend|move: Trick Room\n|upkeep\n|\n|t:|1776127333\n|switch|p1a: Kangaskhan|Kangaskhan-Mega, L50, F|100/100\n|turn|6\n|\n|t:|1776127342\n|switch|p2a: Aegislash|Aegislash, L50, M|100/100\n|switch|p1b: Typhlosion|Typhlosion-Hisui, L50, M|100/100\n|-item|p2a: Aegislash|Spell Tag|[from] ability: Frisk|[of] p1b: Typhlosion\n|-item|p2b: Milotic|Leftovers|[from] ability: Frisk|[of] p1b: Typhlosion\n|move|p1a: Kangaskhan|Fake Out|p2b: Milotic\n|-damage|p2b: Milotic|64/100\n|-damage|p2b: Milotic|63/100\n|-hitcount|p2b: Milotic|2\n|cant|p2b: Milotic|flinch\n|\n|-weather|none\n|-heal|p2b: Milotic|69/100|[from] item: Leftovers\n|upkeep\n|turn|7\n|\n|t:|1776127358\n|-formechange|p2a: Aegislash|Aegislash-Blade|\n|move|p2a: Aegislash|Shadow Sneak|p1b: Typhlosion\n|-supereffective|p1b: Typhlosion|1\n|-damage|p1b: Typhlosion|13/100\n|move|p1b: Typhlosion|Heat Wave|p2b: Milotic|[spread] p2a,p2b\n|-supereffective|p2a: Aegislash|1\n|-resisted|p2b: Milotic|1\n|-damage|p2a: Aegislash|0 fnt\n|-damage|p2b: Milotic|55/100\n|faint|p2a: Aegislash\n|move|p1a: Kangaskhan|Double-Edge|p2b: Milotic\n|-damage|p2b: Milotic|28/100\n|-damage|p2b: Milotic|22/100\n|-hitcount|p2b: Milotic|2\n|-damage|p1a: Kangaskhan|90/100|[from] Recoil\n|move|p2b: Milotic|Hypnosis|p1a: Kangaskhan\n|-status|p1a: Kangaskhan|slp|[from] move: Hypnosis\n|\n|-heal|p2b: Milotic|28/100|[from] item: Leftovers\n|upkeep\n|\n|t:|1776127373\n|switch|p2a: Incineroar|Incineroar, L50, M|36/100\n|-ability|p2a: Incineroar|Intimidate|boost\n|-unboost|p1a: Kangaskhan|atk|1\n|-unboost|p1b: Typhlosion|atk|1\n|turn|8\n|\n|t:|1776127381\n|switch|p1a: Torkoal|Torkoal, L50, F|65/100 slp\n|-weather|SunnyDay|[from] ability: Drought|[of] p1a: Torkoal\n|move|p1b: Typhlosion|Heat Wave|p2b: Milotic|[spread] p2a,p2b\n|-resisted|p2a: Incineroar|1\n|-resisted|p2b: Milotic|1\n|-damage|p2a: Incineroar|10/100\n|-damage|p2b: Milotic|8/100\n|move|p2b: Milotic|Recover|p2b: Milotic\n|-heal|p2b: Milotic|59/100\n|move|p2a: Incineroar|Throat Chop|p1b: Typhlosion\n|-supereffective|p1b: Typhlosion|1\n|-damage|p1b: Typhlosion|0 fnt\n|faint|p1b: Typhlosion\n|\n|-weather|SunnyDay|[upkeep]\n|-heal|p2b: Milotic|65/100|[from] item: Leftovers\n|upkeep\n|-message|fallacy277 forfeited.\n|\n|win|tf2026\n|raw|fallacy277's rating: 1371 &rarr; <strong>1353</strong><br />(-18 for losing)\n|raw|tf2026's rating: 1409 &rarr; <strong>1427</strong><br />(+18 for winning)\n|l|\u2606fallacy277\n|player|p1|\n",
  "uploadtime": 1776127432,
  "views": 35,
  "formatid": "gen9championsvgc2026regma",
  "rating": 1353,
  "private": 0,
  "password": null
}