{
  "id": "gen9championsvgc2026regma-2587176486",
  "format": "[Gen 9 Champions] VGC 2026 Reg M-A",
  "players": [
    "MinasDevilCrobats",
    "nsbnsb"
  ],
  "log": "|j|\u2606MinasDevilCrobats\n|j|\u2606nsbnsb\n|t:|1776504618\n|gametype|doubles\n|player|p1|MinasDevilCrobats|darach-caitlin|1379\n|player|p2|nsbnsb|ghetsis|1502\n|gen|9\n|tier|[Gen 9 Champions] VGC 2026 Reg M-A\n|rated|\n|rule|Species Clause: Limit one of each Pok\u00e9mon\n|rule|Item Clause: Limit 1 of each item\n|clearpoke\n|poke|p1|Glimmora, L50, M|\n|poke|p1|Garchomp, L50, F|\n|poke|p1|Corviknight, L50, M|\n|poke|p1|Ninetales-Alola, L50, F|\n|poke|p1|Weavile, L50, M|\n|poke|p1|Starmie, L50|\n|poke|p2|Crabominable, L50, M|\n|poke|p2|Farigiraf, L50, M|\n|poke|p2|Kingambit, L50, M, shiny|\n|poke|p2|Sinistcha, L50|\n|poke|p2|Camerupt, L50, M|\n|poke|p2|Sneasler, L50, M|\n|teampreview|4\n|inactive|Battle timer is ON: inactive players will automatically lose when time's up. (requested by nsbnsb)\n|inactive|MinasDevilCrobats has 60 seconds left.\n|\n|t:|1776504661\n|teamsize|p1|4\n|teamsize|p2|4\n|start\n|switch|p1a: Garchomp|Garchomp, L50, F|100/100\n|switch|p1b: Corviknight|Corviknight, L50, M|100/100\n|switch|p2a: Sinistcha|Sinistcha, L50|100/100\n|switch|p2b: Sneasler|Sneasler, L50, M|100/100\n|turn|1\n|inactive|nsbnsb has 30 seconds left.\n|inactive|nsbnsb has 20 seconds left.\n|\n|t:|1776504700\n|move|p2b: Sneasler|Fake Out|p1b: Corviknight\n|-resisted|p1b: Corviknight|1\n|-damage|p1b: Corviknight|94/100\n|move|p1a: Garchomp|Earthquake|p2a: Sinistcha|[spread] p2a,p2b\n|-immune|p1b: Corviknight\n|-resisted|p2a: Sinistcha|1\n|-supereffective|p2b: Sneasler|1\n|-damage|p2a: Sinistcha|81/100\n|-damage|p2b: Sneasler|0 fnt\n|faint|p2b: Sneasler\n|cant|p1b: Corviknight|flinch\n|move|p2a: Sinistcha|Trick Room|p2a: Sinistcha\n|-fieldstart|move: Trick Room|[of] p2a: Sinistcha\n|\n|-heal|p1b: Corviknight|99/100|[from] item: Leftovers\n|upkeep\n|\n|t:|1776504706\n|switch|p2b: Camerupt|Camerupt, L50, M|100/100\n|turn|2\n|\n|t:|1776504726\n|switch|p1b: Starmie|Starmie, L50|100/100\n|detailschange|p2b: Camerupt|Camerupt-Mega, L50, M\n|-mega|p2b: Camerupt|Camerupt|Cameruptite\n|move|p2b: Camerupt|Eruption|p1b: Starmie|[spread] p1a,p1b\n|-resisted|p1a: Garchomp|1\n|-resisted|p1b: Starmie|1\n|-damage|p1a: Garchomp|61/100\n|-damage|p1b: Starmie|44/100\n|move|p2a: Sinistcha|Shadow Ball|p1a: Garchomp\n|-damage|p1a: Garchomp|10/100\n|move|p1a: Garchomp|Earthquake|p2a: Sinistcha|[spread] p1b,p2a,p2b\n|-resisted|p2a: Sinistcha|1\n|-supereffective|p2b: Camerupt|1\n|-damage|p1b: Starmie|0 fnt\n|-damage|p2a: Sinistcha|62/100\n|-damage|p2b: Camerupt|16/100\n|faint|p1b: Starmie\n|\n|upkeep\n|\n|t:|1776504742\n|switch|p1b: Weavile|Weavile, L50, M|100/100\n|-ability|p1b: Weavile|Pressure\n|turn|3\n|\n|t:|1776504755\n|move|p2b: Camerupt|Protect|p2b: Camerupt\n|-singleturn|p2b: Camerupt|Protect\n|move|p1b: Weavile|Feint|p2b: Camerupt\n|-activate|p2b: Camerupt|move: Feint\n|-damage|p2b: Camerupt|5/100\n|move|p2a: Sinistcha|Matcha Gotcha|p1a: Garchomp|[spread] p1a,p1b\n|-damage|p1a: Garchomp|0 fnt\n|-heal|p2a: Sinistcha|68/100|[from] drain|[of] p1a: Garchomp\n|-damage|p1b: Weavile|55/100\n|-heal|p2a: Sinistcha|92/100|[from] drain|[of] p1b: Weavile\n|faint|p1a: Garchomp\n|\n|upkeep\n|\n|t:|1776504766\n|switch|p1a: Corviknight|Corviknight, L50, M|99/100\n|turn|4\n|\n|t:|1776504779\n|move|p1b: Weavile|Feint|p2b: Camerupt\n|-damage|p2b: Camerupt|0 fnt\n|faint|p2b: Camerupt\n|move|p2a: Sinistcha|Shadow Ball|p1a: Corviknight\n|-damage|p1a: Corviknight|68/100\n|-ability|p1a: Corviknight|Mirror Armor\n|-unboost|p2a: Sinistcha|spd|1\n|move|p1a: Corviknight|Iron Defense|p1a: Corviknight\n|-boost|p1a: Corviknight|def|2\n|\n|-heal|p1a: Corviknight|74/100|[from] item: Leftovers\n|upkeep\n|\n|t:|1776504791\n|switch|p2b: Kingambit|Kingambit, L50, M, shiny|100/100\n|turn|5\n|\n|t:|1776504798\n|move|p2b: Kingambit|Iron Head|p1b: Weavile\n|-supereffective|p1b: Weavile|1\n|-damage|p1b: Weavile|0 fnt\n|faint|p1b: Weavile\n|move|p2a: Sinistcha|Shadow Ball|p1a: Corviknight\n|-damage|p1a: Corviknight|41/100\n|move|p1a: Corviknight|Body Press|p2b: Kingambit\n|-supereffective|p2b: Kingambit|2\n|-damage|p2b: Kingambit|0 fnt\n|faint|p2b: Kingambit\n|\n|-heal|p1a: Corviknight|47/100|[from] item: Leftovers\n|-fieldend|move: Trick Room\n|upkeep\n|turn|6\n|\n|t:|1776504808\n|move|p1a: Corviknight|Roost|p1a: Corviknight\n|-heal|p1a: Corviknight|98/100\n|-singleturn|p1a: Corviknight|move: Roost\n|move|p2a: Sinistcha|Shadow Ball|p1a: Corviknight\n|-damage|p1a: Corviknight|68/100\n|\n|-heal|p1a: Corviknight|74/100|[from] item: Leftovers\n|upkeep\n|turn|7\n|\n|t:|1776504813\n|move|p1a: Corviknight|Brave Bird|p2a: Sinistcha\n|-supereffective|p2a: Sinistcha|1\n|-damage|p2a: Sinistcha|9/100\n|-damage|p1a: Corviknight|55/100|[from] Recoil\n|move|p2a: Sinistcha|Shadow Ball|p1a: Corviknight\n|-damage|p1a: Corviknight|25/100\n|\n|-heal|p1a: Corviknight|31/100|[from] item: Leftovers\n|upkeep\n|turn|8\n|\n|t:|1776504822\n|move|p1a: Corviknight|Brave Bird|p2a: Sinistcha\n|-supereffective|p2a: Sinistcha|1\n|-damage|p2a: Sinistcha|0 fnt\n|faint|p2a: Sinistcha\n|-damage|p1a: Corviknight|29/100|[from] Recoil\n|\n|win|MinasDevilCrobats\n|raw|MinasDevilCrobats's rating: 1379 &rarr; <strong>1405</strong><br />(+26 for winning)\n|raw|nsbnsb's rating: 1480 &rarr; <strong>1454</strong><br />(-26 for losing)\n|l|\u2606MinasDevilCrobats\n|player|p1|\n",
  "uploadtime": 1776504847,
  "views": 36,
  "formatid": "gen9championsvgc2026regma",
  "rating": 1405,
  "private": 0,
  "password": null
}