{
  "id": "gen9championsvgc2026regma-2588119834",
  "format": "[Gen 9 Champions] VGC 2026 Reg M-A",
  "players": [
    "Juya",
    "Linfan_A"
  ],
  "log": "|j|\u2606Juya\n|j|\u2606Linfan_A\n|t:|1776606407\n|gametype|doubles\n|player|p1|Juya|170|1345\n|player|p2|Linfan_A|169|1317\n|gen|9\n|tier|[Gen 9 Champions] VGC 2026 Reg M-A\n|rated|\n|rule|Species Clause: Limit one of each Pok\u00e9mon\n|rule|Item Clause: Limit 1 of each item\n|clearpoke\n|poke|p1|Floette-Eternal, L50, F|\n|poke|p1|Whimsicott, L50, M, shiny|\n|poke|p1|Tyranitar, L50, M|\n|poke|p1|Garchomp, L50, M|\n|poke|p1|Typhlosion-Hisui, L50, F|\n|poke|p1|Tsareena, L50, F|\n|poke|p2|Skeledirge, L50, M|\n|poke|p2|Aerodactyl, L50, M|\n|poke|p2|Gardevoir, L50, F|\n|poke|p2|Primarina, L50, F|\n|poke|p2|Farigiraf, L50, M|\n|poke|p2|Chesnaught, L50, F|\n|teampreview|4\n|inactive|Battle timer is ON: inactive players will automatically lose when time's up. (requested by Juya)\n|inactive|Juya has 60 seconds left.\n|inactive|Linfan_A has 60 seconds left.\n|\n|t:|1776606462\n|teamsize|p1|4\n|teamsize|p2|4\n|start\n|switch|p1a: Tyranitar|Tyranitar, L50, M|100/100\n|switch|p1b: Floette|Floette-Eternal, L50, F|100/100\n|switch|p2a: Primarina|Primarina, L50, F|100/100\n|switch|p2b: Aerodactyl|Aerodactyl, L50, M|100/100\n|-ability|p2b: Aerodactyl|Unnerve\n|-weather|Sandstorm|[from] ability: Sand Stream|[of] p1a: Tyranitar\n|turn|1\n|\n|t:|1776606482\n|move|p2b: Aerodactyl|Dual Wingbeat|p1b: Floette\n|-damage|p1b: Floette|72/100\n|-damage|p1b: Floette|43/100\n|-hitcount|p1b: Floette|2\n|move|p1b: Floette|Moonblast|p2b: Aerodactyl\n|-damage|p2b: Aerodactyl|53/100\n|move|p1a: Tyranitar|Rock Slide|p2a: Primarina|[spread] p2a,p2b\n|-supereffective|p2b: Aerodactyl|1\n|-damage|p2a: Primarina|69/100\n|-damage|p2b: Aerodactyl|0 fnt\n|faint|p2b: Aerodactyl\n|cant|p2a: Primarina|flinch\n|\n|-weather|Sandstorm|[upkeep]\n|-damage|p1b: Floette|37/100|[from] Sandstorm\n|-damage|p2a: Primarina|64/100|[from] Sandstorm\n|upkeep\n|\n|t:|1776606500\n|switch|p2b: Chesnaught|Chesnaught, L50, F|100/100\n|turn|2\n|\n|t:|1776606512\n|switch|p1a: Whimsicott|Whimsicott, L50, M, shiny|100/100\n|detailschange|p1b: Floette|Floette-Mega, L50, F\n|-mega|p1b: Floette|Floette|Floettite\n|-ability|p1b: Floette|Fairy Aura\n|move|p2b: Chesnaught|Wide Guard|p2b: Chesnaught\n|-singleturn|p2b: Chesnaught|Wide Guard\n|move|p1b: Floette|Dazzling Gleam|p2a: Primarina|[spread] \n|-activate|p2a: Primarina|move: Wide Guard\n|-activate|p2b: Chesnaught|move: Wide Guard\n|move|p2a: Primarina|Hyper Voice|p1b: Floette|[spread] p1a,p1b\n|-resisted|p1a: Whimsicott|1\n|-damage|p1a: Whimsicott|69/100\n|-damage|p1b: Floette|0 fnt\n|faint|p1b: Floette\n|\n|-weather|Sandstorm|[upkeep]\n|-damage|p1a: Whimsicott|63/100|[from] Sandstorm\n|-damage|p2b: Chesnaught|94/100|[from] Sandstorm\n|-damage|p2a: Primarina|58/100|[from] Sandstorm\n|upkeep\n|\n|t:|1776606523\n|switch|p1b: Garchomp|Garchomp, L50, M|100/100\n|turn|3\n|inactive|Linfan_A has 30 seconds left.\n|inactive|Linfan_A has 20 seconds left.\n|\n|t:|1776606562\n|move|p2b: Chesnaught|Spiky Shield||[still]\n|-fail|p2b: Chesnaught\n|move|p1a: Whimsicott|Encore|p2b: Chesnaught\n|-start|p2b: Chesnaught|Encore\n|move|p1b: Garchomp|Swords Dance|p1b: Garchomp\n|-boost|p1b: Garchomp|atk|2\n|move|p2a: Primarina|Moonblast|p1b: Garchomp\n|-supereffective|p1b: Garchomp|1\n|-enditem|p1b: Garchomp|Roseli Berry|[eat]\n|-enditem|p1b: Garchomp|Roseli Berry|[weaken]\n|-damage|p1b: Garchomp|38/100\n|\n|-weather|Sandstorm|[upkeep]\n|-damage|p1a: Whimsicott|58/100|[from] Sandstorm\n|-damage|p2b: Chesnaught|88/100|[from] Sandstorm\n|-damage|p2a: Primarina|52/100|[from] Sandstorm\n|upkeep\n|turn|4\n|inactive|Linfan_A has 30 seconds left.\n|\n|t:|1776606590\n|switch|p2b: Gardevoir|Gardevoir, L50, F|100/100\n|move|p2a: Primarina|Protect|p2a: Primarina\n|-singleturn|p2a: Primarina|Protect\n|move|p1a: Whimsicott|Moonblast|p2b: Gardevoir\n|-damage|p2b: Gardevoir|63/100\n|move|p1b: Garchomp|Stomping Tantrum|p2a: Primarina\n|-activate|p2a: Primarina|move: Protect\n|\n|-weather|Sandstorm|[upkeep]\n|-damage|p1a: Whimsicott|52/100|[from] Sandstorm\n|-damage|p2b: Gardevoir|57/100|[from] Sandstorm\n|-damage|p2a: Primarina|46/100|[from] Sandstorm\n|upkeep\n|turn|5\n|\n|t:|1776606614\n|move|p1b: Garchomp|Protect|p1b: Garchomp\n|-singleturn|p1b: Garchomp|Protect\n|move|p2b: Gardevoir|Protect|p2b: Gardevoir\n|-singleturn|p2b: Gardevoir|Protect\n|move|p1a: Whimsicott|Encore|p2a: Primarina\n|-start|p2a: Primarina|Encore\n|move|p2a: Primarina|Protect||[still]\n|-fail|p2a: Primarina\n|\n|-weather|none\n|upkeep\n|turn|6\n|inactive|Linfan_A has 30 seconds left.\n|inactive|Juya has 30 seconds left.\n|inactive|Linfan_A has 20 seconds left.\n|\n|t:|1776606652\n|switch|p2a: Chesnaught|Chesnaught, L50, F|88/100\n|move|p1a: Whimsicott|Encore|p2b: Gardevoir\n|-start|p2b: Gardevoir|Encore\n|move|p2b: Gardevoir|Protect||[still]\n|-fail|p2b: Gardevoir\n|move|p1b: Garchomp|Swords Dance|p1b: Garchomp\n|-boost|p1b: Garchomp|atk|2\n|\n|upkeep\n|turn|7\n|\n|t:|1776606674\n|switch|p2b: Primarina|Primarina, L50, F|46/100\n|detailschange|p2a: Chesnaught|Chesnaught-Mega, L50, F\n|-mega|p2a: Chesnaught|Chesnaught|Chesnaughtite\n|move|p1a: Whimsicott|Moonblast|p2a: Chesnaught\n|-supereffective|p2a: Chesnaught|1\n|-damage|p2a: Chesnaught|34/100\n|move|p1b: Garchomp|Dragon Claw|p2a: Chesnaught\n|-damage|p2a: Chesnaught|0 fnt\n|faint|p2a: Chesnaught\n|\n|upkeep\n|\n|t:|1776606684\n|switch|p2a: Gardevoir|Gardevoir, L50, F|57/100\n|turn|8\n|\n|t:|1776606691\n|move|p1b: Garchomp|Protect|p1b: Garchomp\n|-singleturn|p1b: Garchomp|Protect\n|move|p1a: Whimsicott|Tailwind|p1a: Whimsicott\n|-sidestart|p1: Juya|move: Tailwind\n|move|p2a: Gardevoir|Hyper Voice|p1a: Whimsicott|[spread] p1a\n|-activate|p1b: Garchomp|move: Protect\n|-damage|p1a: Whimsicott|17/100\n|move|p2b: Primarina|Hyper Voice|p1b: Garchomp|[spread] p1a\n|-activate|p1b: Garchomp|move: Protect\n|-resisted|p1a: Whimsicott|1\n|-damage|p1a: Whimsicott|0 fnt\n|faint|p1a: Whimsicott\n|\n|upkeep\n|\n|t:|1776606704\n|switch|p1a: Tyranitar|Tyranitar, L50, M|100/100\n|-weather|Sandstorm|[from] ability: Sand Stream|[of] p1a: Tyranitar\n|turn|9\n|inactive|Juya has 30 seconds left.\n|\n|t:|1776606739\n|move|p1b: Garchomp|Stomping Tantrum|p2b: Primarina\n|-damage|p2b: Primarina|0 fnt\n|faint|p2b: Primarina\n|move|p1a: Tyranitar|Rock Slide|p2a: Gardevoir\n|-damage|p2a: Gardevoir|0 fnt\n|faint|p2a: Gardevoir\n|\n|win|Juya\n|raw|Juya's rating: 1345 &rarr; <strong>1363</strong><br />(+18 for winning)\n|raw|Linfan_A's rating: 1317 &rarr; <strong>1299</strong><br />(-18 for losing)\n",
  "uploadtime": 1776606747,
  "views": 13,
  "formatid": "gen9championsvgc2026regma",
  "rating": 1299,
  "private": 0,
  "password": null
}