{
  "id": "gen9championsvgc2026regma-2584132273",
  "format": "[Gen 9 Champions] VGC 2026 Reg M-A",
  "players": [
    "SageDippi",
    "WailordK"
  ],
  "log": "|j|\u2606SageDippi\n|j|\u2606WailordK\n|t:|1776228750\n|gametype|doubles\n|player|p1|SageDippi|buck|1095\n|player|p2|WailordK|roughneck-gen4|1027\n|gen|9\n|tier|[Gen 9 Champions] VGC 2026 Reg M-A\n|rated|\n|rule|Species Clause: Limit one of each Pok\u00e9mon\n|rule|Item Clause: Limit 1 of each item\n|clearpoke\n|poke|p1|Sneasler, L50, F|\n|poke|p1|Floette-Eternal, L50, F|\n|poke|p1|Aerodactyl, L50, M|\n|poke|p1|Maushold, L50|\n|poke|p1|Kingambit, L50, F|\n|poke|p1|Delphox, L50, F|\n|poke|p2|Rampardos, L50, F|\n|poke|p2|Whimsicott, L50, F|\n|poke|p2|Incineroar, L50, M|\n|poke|p2|Froslass, L50, F|\n|poke|p2|Hatterene, L50, F|\n|poke|p2|Kingambit, L50, M|\n|teampreview|4\n|\n|t:|1776228789\n|teamsize|p1|4\n|teamsize|p2|4\n|start\n|switch|p1a: Delphox|Delphox, L50, F|100/100\n|switch|p1b: Maushold|Maushold, L50|100/100\n|switch|p2a: Rampardos|Rampardos, L50, F|100/100\n|switch|p2b: Hatterene|Hatterene, L50, F|100/100\n|turn|1\n|\n|t:|1776228803\n|detailschange|p1a: Delphox|Delphox-Mega, L50, F\n|-mega|p1a: Delphox|Delphox|Delphoxite\n|move|p2a: Rampardos|Protect|p2a: Rampardos\n|-singleturn|p2a: Rampardos|Protect\n|move|p1a: Delphox|Heat Wave|p2b: Hatterene|[spread] p2b\n|-activate|p2a: Rampardos|move: Protect\n|-damage|p2b: Hatterene|52/100\n|-status|p2b: Hatterene|brn\n|move|p1b: Maushold|Super Fang|p2b: Hatterene\n|-damage|p2b: Hatterene|27/100 brn\n|move|p2b: Hatterene|Trick Room|p2b: Hatterene\n|-fieldstart|move: Trick Room|[of] p2b: Hatterene\n|\n|-damage|p2b: Hatterene|21/100 brn|[from] brn\n|upkeep\n|turn|2\n|\n|t:|1776228827\n|move|p1a: Delphox|Protect|p1a: Delphox\n|-singleturn|p1a: Delphox|Protect\n|move|p2b: Hatterene|Dazzling Gleam|p1a: Delphox|[spread] p1b\n|-activate|p1a: Delphox|move: Protect\n|-damage|p1b: Maushold|47/100\n|move|p2a: Rampardos|Rock Slide|p1a: Delphox|[spread] p1b\n|-activate|p1a: Delphox|move: Protect\n|-damage|p1b: Maushold|0 fnt\n|faint|p1b: Maushold\n|\n|-damage|p2b: Hatterene|15/100 brn|[from] brn\n|upkeep\n|\n|t:|1776228839\n|switch|p1b: Kingambit|Kingambit, L50, F|100/100\n|turn|3\n|\n|t:|1776228860\n|move|p2b: Hatterene|Dazzling Gleam|p1b: Kingambit|[spread] p1a,p1b\n|-resisted|p1a: Delphox|1\n|-damage|p1a: Delphox|81/100\n|-damage|p1b: Kingambit|56/100\n|move|p1b: Kingambit|Swords Dance|p1b: Kingambit\n|-boost|p1b: Kingambit|atk|2\n|move|p2a: Rampardos|Earthquake|p1a: Delphox|[spread] p2b,p1b\n|-immune|p1a: Delphox|[from] ability: Levitate\n|-supereffective|p1b: Kingambit|1\n|-damage|p2b: Hatterene|0 fnt\n|-damage|p1b: Kingambit|8/100\n|faint|p2b: Hatterene\n|move|p1a: Delphox|Heat Wave|p2a: Rampardos\n|-resisted|p2a: Rampardos|1\n|-damage|p2a: Rampardos|49/100\n|\n|upkeep\n|\n|t:|1776228877\n|switch|p2b: Kingambit|Kingambit, L50, M|100/100\n|turn|4\n|\n|t:|1776228891\n|move|p1b: Kingambit|Protect|p1b: Kingambit\n|-singleturn|p1b: Kingambit|Protect\n|move|p2b: Kingambit|Sucker Punch|p1a: Delphox\n|-supereffective|p1a: Delphox|1\n|-damage|p1a: Delphox|0 fnt\n|faint|p1a: Delphox\n|move|p2a: Rampardos|Rock Slide|p1b: Kingambit\n|-activate|p1b: Kingambit|move: Protect\n|\n|upkeep\n|\n|t:|1776228900\n|switch|p1a: Sneasler|Sneasler, L50, F|100/100\n|turn|5\n|\n|t:|1776228912\n|move|p1a: Sneasler|Fake Out|p2b: Kingambit\n|-resisted|p2b: Kingambit|1\n|-damage|p2b: Kingambit|95/100\n|move|p1b: Kingambit|Sucker Punch|p2a: Rampardos\n|-crit|p2a: Rampardos\n|-damage|p2a: Rampardos|0 fnt\n|faint|p2a: Rampardos\n|cant|p2b: Kingambit|flinch\n|\n|-fieldend|move: Trick Room\n|upkeep\n|\n|t:|1776228924\n|switch|p2a: Incineroar|Incineroar, L50, M|100/100\n|-ability|p2a: Incineroar|Intimidate|boost\n|-unboost|p1a: Sneasler|atk|1\n|-unboost|p1b: Kingambit|atk|1\n|-ability|p1b: Kingambit|Defiant|boost\n|-boost|p1b: Kingambit|atk|2\n|-enditem|p1a: Sneasler|White Herb\n|-clearnegativeboost|p1a: Sneasler|[silent]\n|turn|6\n|\n|t:|1776228946\n|move|p1b: Kingambit|Protect|p1b: Kingambit\n|-singleturn|p1b: Kingambit|Protect\n|move|p2b: Kingambit|Sucker Punch||[still]\n|-fail|p2b: Kingambit\n|move|p1a: Sneasler|Close Combat|p2b: Kingambit\n|-supereffective|p2b: Kingambit|2\n|-damage|p2b: Kingambit|0 fnt\n|-unboost|p1a: Sneasler|def|1\n|-unboost|p1a: Sneasler|spd|1\n|faint|p2b: Kingambit\n|move|p2a: Incineroar|Flare Blitz|p1b: Kingambit\n|-activate|p1b: Kingambit|move: Protect\n|\n|upkeep\n|turn|7\n|-message|WailordK forfeited.\n|\n|win|SageDippi\n|raw|SageDippi's rating: 1095 &rarr; <strong>1116</strong><br />(+21 for winning)\n|raw|WailordK's rating: 1027 &rarr; <strong>1016</strong><br />(-11 for losing)\n|l|\u2606WailordK\n|player|p2|\n|l|\u2606SageDippi\n|player|p1|\n|j|\u2606SageDippi\n|player|p1|SageDippi|buck|\n",
  "uploadtime": 1776228969,
  "views": 33,
  "formatid": "gen9championsvgc2026regma",
  "rating": 1016,
  "private": 0,
  "password": null
}