{
  "id": "gen9championsvgc2026regma-2582440266",
  "format": "[Gen 9 Champions] VGC 2026 Reg M-A",
  "players": [
    "evyeltal",
    "NegaiFreak"
  ],
  "log": "|j|\u2606evyeltal\n|j|\u2606NegaiFreak\n|t:|1776091825\n|gametype|doubles\n|player|p1|evyeltal|2|1116\n|player|p2|NegaiFreak|170|1094\n|gen|9\n|tier|[Gen 9 Champions] VGC 2026 Reg M-A\n|rated|\n|rule|Species Clause: Limit one of each Pok\u00e9mon\n|rule|Item Clause: Limit 1 of each item\n|clearpoke\n|poke|p1|Charizard, L50, F|\n|poke|p1|Whimsicott, L50, M|\n|poke|p1|Venusaur, L50, M|\n|poke|p1|Incineroar, L50, F|\n|poke|p1|Farigiraf, L50, F|\n|poke|p1|Torkoal, L50, M|\n|poke|p2|Archaludon, L50, F|\n|poke|p2|Pelipper, L50, M|\n|poke|p2|Basculegion, L50, M|\n|poke|p2|Meganium, L50, M|\n|poke|p2|Maushold-Four, L50|\n|poke|p2|Farigiraf, L50, M|\n|teampreview|4\n|inactive|Battle timer is ON: inactive players will automatically lose when time's up. (requested by NegaiFreak)\n|c|\u2606NegaiFreak|GLHF\n|inactive|evyeltal has 60 seconds left.\n|\n|t:|1776091869\n|teamsize|p1|4\n|teamsize|p2|4\n|start\n|switch|p1a: Charizard|Charizard, L50, F, shiny|100/100\n|switch|p1b: Whimsicott|Whimsicott, L50, M|100/100\n|switch|p2a: Pelipper|Pelipper, L50, M|100/100\n|switch|p2b: Archaludon|Archaludon, L50, F|100/100\n|-weather|RainDance|[from] ability: Drizzle|[of] p2a: Pelipper\n|turn|1\n|\n|t:|1776091892\n|switch|p2a: Farigiraf|Farigiraf, L50, M|100/100\n|detailschange|p1a: Charizard|Charizard-Mega-Y, L50, F, shiny\n|-mega|p1a: Charizard|Charizard|Charizardite Y\n|-weather|SunnyDay|[from] ability: Drought|[of] p1a: Charizard\n|move|p1b: Whimsicott|Tailwind|p1b: Whimsicott\n|-sidestart|p1: evyeltal|move: Tailwind\n|move|p1a: Charizard|Solar Beam||[still]\n|-prepare|p1a: Charizard|Solar Beam\n|-anim|p1a: Charizard|Solar Beam|p2a: Farigiraf\n|-damage|p2a: Farigiraf|47/100\n|move|p2b: Archaludon|Flash Cannon|p1b: Whimsicott\n|-supereffective|p1b: Whimsicott|1\n|-enditem|p1b: Whimsicott|Focus Sash\n|-damage|p1b: Whimsicott|1/100\n|\n|-weather|SunnyDay|[upkeep]\n|upkeep\n|turn|2\n|inactive|evyeltal has 30 seconds left.\n|\n|t:|1776091925\n|switch|p2a: Pelipper|Pelipper, L50, M|100/100\n|-weather|RainDance|[from] ability: Drizzle|[of] p2a: Pelipper\n|move|p1b: Whimsicott|Sunny Day|p1b: Whimsicott\n|-weather|SunnyDay\n|move|p1a: Charizard|Heat Wave|p2a: Pelipper|[spread] p2a,p2b\n|-resisted|p2a: Pelipper|1\n|-damage|p2a: Pelipper|36/100\n|-ability|p2b: Archaludon|Sturdy\n|-damage|p2b: Archaludon|1/100\n|move|p2b: Archaludon|Electro Shot||[still]\n|-prepare|p2b: Archaludon|Electro Shot\n|-boost|p2b: Archaludon|spa|1\n|\n|-weather|SunnyDay|[upkeep]\n|upkeep\n|turn|3\n|inactive|evyeltal has 30 seconds left.\n|inactive|NegaiFreak has 30 seconds left.\n|c|\u2606NegaiFreak|Should\u2019ve figured\n|c|\u2606NegaiFreak|GG, WP\n|inactive|NegaiFreak has 20 seconds left.\n|c|\u2606NegaiFreak|I suck\n|inactive|NegaiFreak has 15 seconds left.\n|\n|t:|1776091968\n|switch|p1b: Venusaur|Venusaur, L50, M|100/100\n|move|p1a: Charizard|Heat Wave|p2a: Pelipper|[spread] p2a\n|-miss|p1a: Charizard|p2b: Archaludon\n|-resisted|p2a: Pelipper|1\n|-damage|p2a: Pelipper|0 fnt\n|faint|p2a: Pelipper\n|move|p2b: Archaludon|Electro Shot|p1b: Venusaur|[from] lockedmove\n|-resisted|p1b: Venusaur|1\n|-damage|p1b: Venusaur|66/100\n|\n|-weather|SunnyDay|[upkeep]\n|upkeep\n|\n|t:|1776091977\n|switch|p2a: Farigiraf|Farigiraf, L50, M|47/100\n|turn|4\n|\n|t:|1776091991\n|move|p1b: Venusaur|Energy Ball|p2a: Farigiraf\n|-damage|p2a: Farigiraf|3/100\n|move|p1a: Charizard|Heat Wave|p2a: Farigiraf|[spread] p2a\n|-miss|p1a: Charizard|p2b: Archaludon\n|-damage|p2a: Farigiraf|0 fnt\n|faint|p2a: Farigiraf\n|move|p2b: Archaludon|Dragon Pulse|p1a: Charizard\n|-damage|p1a: Charizard|37/100\n|\n|-weather|SunnyDay|[upkeep]\n|-sideend|p1: evyeltal|move: Tailwind\n|upkeep\n|\n|t:|1776092007\n|switch|p2a: Meganium|Meganium, L50, M|100/100\n|turn|5\n|l|\u2606evyeltal\n|inactive|evyeltal disconnected and has a minute to reconnect!\n|player|p1|\n|j|\u2606evyeltal\n|inactive|evyeltal reconnected and has 35 seconds left.\n|player|p1|evyeltal|2|\n|inactive|evyeltal has 30 seconds left.\n|\n|t:|1776092041\n|detailschange|p2a: Meganium|Meganium-Mega, L50, M\n|-mega|p2a: Meganium|Meganium|Meganiumite\n|move|p1b: Venusaur|Sludge Bomb|p2a: Meganium\n|-supereffective|p2a: Meganium|2\n|-damage|p2a: Meganium|0 fnt\n|faint|p2a: Meganium\n|move|p2b: Archaludon|Dragon Pulse|p1a: Charizard\n|-damage|p1a: Charizard|0 fnt\n|faint|p1a: Charizard\n|\n|-weather|SunnyDay|[upkeep]\n|upkeep\n|\n|t:|1776092055\n|switch|p1a: Whimsicott|Whimsicott, L50, M|1/100\n|turn|6\n|\n|t:|1776092067\n|move|p1a: Whimsicott|Tailwind|p1a: Whimsicott\n|-sidestart|p1: evyeltal|move: Tailwind\n|move|p1b: Venusaur|Energy Ball|p2b: Archaludon\n|-resisted|p2b: Archaludon|2\n|-damage|p2b: Archaludon|0 fnt\n|faint|p2b: Archaludon\n|\n|win|evyeltal\n|raw|evyeltal's rating: 1116 &rarr; <strong>1139</strong><br />(+23 for winning)\n|raw|NegaiFreak's rating: 1094 &rarr; <strong>1071</strong><br />(-23 for losing)\n",
  "uploadtime": 1776092084,
  "views": 10,
  "formatid": "gen9championsvgc2026regma",
  "rating": 1071,
  "private": 0,
  "password": null
}