{
  "id": "gen9championsvgc2026regma-2586772630",
  "format": "[Gen 9 Champions] VGC 2026 Reg M-A",
  "players": [
    "chitominchia",
    "zizoudz"
  ],
  "log": "|j|\u2606chitominchia\n|j|\u2606zizoudz\n|t:|1776458718\n|gametype|doubles\n|player|p1|chitominchia|hiker-gen4|1107\n|player|p2|zizoudz|zinnia|1173\n|gen|9\n|tier|[Gen 9 Champions] VGC 2026 Reg M-A\n|rated|\n|rule|Species Clause: Limit one of each Pok\u00e9mon\n|rule|Item Clause: Limit 1 of each item\n|clearpoke\n|poke|p1|Charizard, L50, M|\n|poke|p1|Typhlosion-Hisui, L50, F|\n|poke|p1|Garchomp, L50, M|\n|poke|p1|Sneasler, L50, M|\n|poke|p1|Whimsicott, L50, M|\n|poke|p1|Conkeldurr, L50, M|\n|poke|p2|Pelipper, L50, F|\n|poke|p2|Basculegion, L50, M|\n|poke|p2|Archaludon, L50, M|\n|poke|p2|Scizor, L50, M|\n|poke|p2|Garchomp, L50, F|\n|poke|p2|Sinistcha, L50|\n|teampreview|4\n|inactive|Battle timer is ON: inactive players will automatically lose when time's up. (requested by chitominchia)\n|inactive|zizoudz also wants the timer to be on.\n|inactive|chitominchia has 60 seconds left.\n|inactive|zizoudz has 60 seconds left.\n|\n|t:|1776458757\n|teamsize|p1|4\n|teamsize|p2|4\n|start\n|switch|p1a: Typhlosion|Typhlosion-Hisui, L50, F|100/100\n|switch|p1b: Charizard|Charizard, L50, M|100/100\n|switch|p2a: Basculegion|Basculegion, L50, M|100/100\n|switch|p2b: Scizor|Scizor, L50, M|100/100\n|-item|p2a: Basculegion|Mystic Water|[from] ability: Frisk|[of] p1a: Typhlosion\n|-item|p2b: Scizor|Scizorite|[from] ability: Frisk|[of] p1a: Typhlosion\n|turn|1\n|\n|t:|1776458775\n|detailschange|p1b: Charizard|Charizard-Mega-Y, L50, M\n|-mega|p1b: Charizard|Charizard|Charizardite Y\n|-weather|SunnyDay|[from] ability: Drought|[of] p1b: Charizard\n|move|p2a: Basculegion|Protect|p2a: Basculegion\n|-singleturn|p2a: Basculegion|Protect\n|move|p2b: Scizor|Protect|p2b: Scizor\n|-singleturn|p2b: Scizor|Protect\n|move|p1a: Typhlosion|Shadow Ball|p2a: Basculegion\n|-activate|p2a: Basculegion|move: Protect\n|move|p1b: Charizard|Weather Ball|p2b: Scizor\n|-activate|p2b: Scizor|move: Protect\n|\n|-weather|SunnyDay|[upkeep]\n|upkeep\n|turn|2\n|inactive|zizoudz has 30 seconds left.\n|\n|t:|1776458804\n|switch|p1b: Sneasler|Sneasler, L50, M|100/100\n|switch|p2b: Pelipper|Pelipper, L50, F|100/100\n|-weather|RainDance|[from] ability: Drizzle|[of] p2b: Pelipper\n|move|p2a: Basculegion|Wave Crash|p1a: Typhlosion\n|-supereffective|p1a: Typhlosion|1\n|-damage|p1a: Typhlosion|0 fnt\n|faint|p1a: Typhlosion\n|-damage|p2a: Basculegion|75/100|[from] Recoil\n|\n|-weather|RainDance|[upkeep]\n|upkeep\n|\n|t:|1776458818\n|switch|p1a: Charizard|Charizard-Mega-Y, L50, M|100/100\n|-weather|SunnyDay|[from] ability: Drought|[of] p1a: Charizard\n|turn|3\n|\n|t:|1776458824\n|switch|p2b: Garchomp|Garchomp, L50, F|100/100\n|move|p2a: Basculegion|Protect|p2a: Basculegion\n|-singleturn|p2a: Basculegion|Protect\n|move|p1b: Sneasler|Fake Out|p2b: Garchomp\n|-damage|p2b: Garchomp|84/100\n|-damage|p1b: Sneasler|88/100|[from] ability: Rough Skin|[of] p2b: Garchomp\n|move|p1a: Charizard|Heat Wave|p2b: Garchomp|[spread] p2b\n|-activate|p2a: Basculegion|move: Protect\n|-resisted|p2b: Garchomp|1\n|-damage|p2b: Garchomp|46/100\n|\n|-weather|SunnyDay|[upkeep]\n|upkeep\n|turn|4\n|inactive|chitominchia has 30 seconds left.\n|\n|t:|1776458856\n|switch|p2b: Pelipper|Pelipper, L50, F|100/100\n|-weather|RainDance|[from] ability: Drizzle|[of] p2b: Pelipper\n|move|p1b: Sneasler|Protect|p1b: Sneasler\n|-singleturn|p1b: Sneasler|Protect\n|move|p2a: Basculegion|Wave Crash|p1b: Sneasler\n|-activate|p1b: Sneasler|move: Protect\n|move|p1a: Charizard|Weather Ball|p2a: Basculegion\n|-resisted|p2a: Basculegion|1\n|-damage|p2a: Basculegion|35/100\n|\n|-weather|RainDance|[upkeep]\n|upkeep\n|turn|5\n|\n|t:|1776458879\n|switch|p1a: Garchomp|Garchomp, L50, M|100/100\n|move|p1b: Sneasler|Protect|p1b: Sneasler\n|-singleturn|p1b: Sneasler|Protect\n|move|p2a: Basculegion|Wave Crash|p1b: Sneasler\n|-activate|p1b: Sneasler|move: Protect\n|move|p2b: Pelipper|Tailwind|p2b: Pelipper\n|-sidestart|p2: zizoudz|move: Tailwind\n|\n|-weather|RainDance|[upkeep]\n|upkeep\n|turn|6\n|inactive|zizoudz has 30 seconds left.\n|\n|t:|1776458913\n|move|p1a: Garchomp|Protect|p1a: Garchomp\n|-singleturn|p1a: Garchomp|Protect\n|move|p2a: Basculegion|Wave Crash|p1a: Garchomp\n|-activate|p1a: Garchomp|move: Protect\n|move|p2b: Pelipper|Hurricane|p1b: Sneasler\n|-supereffective|p1b: Sneasler|1\n|-damage|p1b: Sneasler|0 fnt\n|faint|p1b: Sneasler\n|\n|-weather|RainDance|[upkeep]\n|upkeep\n|\n|t:|1776458935\n|switch|p1b: Charizard|Charizard-Mega-Y, L50, M|100/100\n|-weather|SunnyDay|[from] ability: Drought|[of] p1b: Charizard\n|turn|7\n|\n|t:|1776458947\n|switch|p2b: Garchomp|Garchomp, L50, F|46/100\n|move|p2a: Basculegion|Protect|p2a: Basculegion\n|-singleturn|p2a: Basculegion|Protect\n|move|p1a: Garchomp|Earthquake|p2b: Garchomp|[spread] p2b\n|-activate|p2a: Basculegion|move: Protect\n|-immune|p1b: Charizard\n|-damage|p2b: Garchomp|9/100\n|move|p1b: Charizard|Heat Wave|p2a: Basculegion|[spread] p2b\n|-activate|p2a: Basculegion|move: Protect\n|-resisted|p2b: Garchomp|1\n|-damage|p2b: Garchomp|0 fnt\n|faint|p2b: Garchomp\n|\n|-weather|SunnyDay|[upkeep]\n|upkeep\n|-message|chitominchia forfeited.\n|\n|win|zizoudz\n|raw|chitominchia's rating: 1107 &rarr; <strong>1087</strong><br />(-20 for losing)\n|raw|zizoudz's rating: 1173 &rarr; <strong>1193</strong><br />(+20 for winning)\n|l|\u2606chitominchia\n|player|p1|\n",
  "uploadtime": 1776458976,
  "views": 30,
  "formatid": "gen9championsvgc2026regma",
  "rating": 1087,
  "private": 0,
  "password": null
}