{
  "id": "gen9championsvgc2026regma-2581595916",
  "format": "[Gen 9 Champions] VGC 2026 Reg M-A",
  "players": [
    "reznob",
    "lukelby"
  ],
  "log": "|j|\u2606reznob\n|j|\u2606lukelby\n|t:|1776013793\n|gametype|doubles\n|player|p1|reznob|266|1095\n|player|p2|lukelby|hiker-gen4|1103\n|gen|9\n|tier|[Gen 9 Champions] VGC 2026 Reg M-A\n|rated|\n|rule|Species Clause: Limit one of each Pok\u00e9mon\n|rule|Item Clause: Limit 1 of each item\n|clearpoke\n|poke|p1|Scizor, L50, M|\n|poke|p1|Politoed, L50, F|\n|poke|p1|Dragonite, L50, F|\n|poke|p1|Sinistcha, L50|\n|poke|p1|Rotom-Heat, L50|\n|poke|p1|Excadrill, L50, F|\n|poke|p2|Ninetales-Alola, L50, F|\n|poke|p2|Sinistcha, L50|\n|poke|p2|Crabominable, L50, M|\n|poke|p2|Sneasler, L50, F|\n|poke|p2|Incineroar, L50, F|\n|poke|p2|Farigiraf, L50, F|\n|teampreview|4\nlukelby has agreed to open team sheets.\n|\n|t:|1776013830\n|teamsize|p1|4\n|teamsize|p2|4\n|start\n|switch|p1a: Sinistcha|Sinistcha, L50|100/100\n|switch|p1b: Dragonite|Dragonite, L50, F|100/100\n|switch|p2a: Broly|Crabominable, L50, M|100/100\n|switch|p2b: mimmer|Incineroar, L50, F|100/100\n|-ability|p2b: mimmer|Intimidate|boost\n|-unboost|p1a: Sinistcha|atk|1\n|-fail|p1b: Dragonite|unboost|Attack|[from] ability: Inner Focus|[of] p1b: Dragonite\n|turn|1\n|\n|t:|1776013846\n|detailschange|p2a: Broly|Crabominable-Mega, L50, M\n|-mega|p2a: Broly|Crabominable|Crabominite\n|move|p2b: mimmer|Fake Out|p1b: Dragonite\n|-damage|p1b: Dragonite|90/100\n|move|p1a: Sinistcha|Matcha Gotcha|p2a: Broly|[spread] p2a,p2b\n|-resisted|p2b: mimmer|1\n|-damage|p2a: Broly|75/100\n|-damage|p2b: mimmer|90/100\n|move|p1b: Dragonite|Draco Meteor|p2a: Broly\n|-damage|p2a: Broly|24/100\n|-unboost|p1b: Dragonite|spa|2\n|move|p2a: Broly|Ice Hammer|p1a: Sinistcha\n|-supereffective|p1a: Sinistcha|1\n|-enditem|p1a: Sinistcha|Focus Sash\n|-damage|p1a: Sinistcha|1/100\n|-unboost|p2a: Broly|spe|1\n|\n|upkeep\n|turn|2\n|c|\u2606lukelby|incredible play dude, i'm impressed\n|c|\u2606lukelby|i tought you would have gone mega dragonigt\n|\n|t:|1776013923\n|switch|p1a: Rotom|Rotom-Heat, L50|100/100\n|switch|p2a: miinnie|Ninetales-Alola, L50, F|100/100\n|-weather|Snowscape|[from] ability: Snow Warning|[of] p2a: miinnie\n|move|p1b: Dragonite|Protect|p1b: Dragonite\n|-singleturn|p1b: Dragonite|Protect\n|move|p2b: mimmer|Darkest Lariat|p1a: Rotom\n|-damage|p1a: Rotom|71/100\n|\n|-weather|Snowscape|[upkeep]\n|-heal|p1a: Rotom|77/100|[from] item: Leftovers\n|upkeep\n|turn|3\n|c|\u2606reznob|haha been testing timings on when to mega\n|\n|t:|1776013943\n|switch|p1b: Scizor|Scizor, L50, M|100/100\n|move|p2a: miinnie|Blizzard|p1a: Rotom|[spread] p1a,p1b\n|-resisted|p1a: Rotom|1\n|-resisted|p1b: Scizor|1\n|-damage|p1a: Rotom|64/100\n|-damage|p1b: Scizor|87/100\n|-status|p1a: Rotom|frz\n|cant|p1a: Rotom|frz\n|move|p2b: mimmer|Parting Shot|p1a: Rotom\n|-unboost|p1a: Rotom|atk|1\n|-unboost|p1a: Rotom|spa|1\n|\n|t:|1776013954\n|switch|p2b: Farigiraf|Farigiraf, L50, F|100/100|[from] Parting Shot\n|\n|-weather|Snowscape|[upkeep]\n|-heal|p1a: Rotom|69/100 frz|[from] item: Leftovers\n|upkeep\n|turn|4\n|\n|t:|1776013966\n|switch|p1b: Sinistcha|Sinistcha, L50|1/100\n|-heal|p1a: Rotom|94/100 frz|[from] ability: Hospitality|[of] p1b: Sinistcha\n|move|p2a: miinnie|Aurora Veil|p2a: miinnie\n|-sidestart|p2: lukelby|move: Aurora Veil\n|cant|p1a: Rotom|frz\n|move|p2b: Farigiraf|Trick Room|p2b: Farigiraf\n|-fieldstart|move: Trick Room|[of] p2b: Farigiraf\n|\n|-weather|Snowscape|[upkeep]\n|-heal|p1a: Rotom|99/100 frz|[from] item: Leftovers\n|upkeep\n|turn|5\n|\n|t:|1776013984\n|switch|p2a: mimmer|Incineroar, L50, F|90/100\n|-ability|p2a: mimmer|Intimidate|boost\n|-unboost|p1a: Rotom|atk|1\n|-unboost|p1b: Sinistcha|atk|1\n|move|p2b: Farigiraf|Dazzling Gleam|p1a: Rotom|[spread] p1a,p1b\n|-resisted|p1a: Rotom|1\n|-damage|p1a: Rotom|92/100 frz\n|-damage|p1b: Sinistcha|0 fnt\n|faint|p1b: Sinistcha\n|-curestatus|p1a: Rotom|frz|[msg]\n|move|p1a: Rotom|Discharge|p2b: Farigiraf|[spread] p2a,p2b\n|-damage|p2a: mimmer|82/100\n|-damage|p2b: Farigiraf|92/100\n|-status|p2a: mimmer|par\n|\n|-weather|Snowscape|[upkeep]\n|-heal|p1a: Rotom|98/100|[from] item: Leftovers\n|upkeep\n|\n|t:|1776014000\n|switch|p1b: Scizor|Scizor, L50, M|87/100\n|turn|6\n|\n|t:|1776014022\n|switch|p2b: Broly|Crabominable-Mega, L50, M|24/100\n|move|p1b: Scizor|Protect|p1b: Scizor\n|-singleturn|p1b: Scizor|Protect\n|move|p2a: mimmer|Will-O-Wisp|p1b: Scizor\n|-activate|p1b: Scizor|move: Protect\n|move|p1a: Rotom|Volt Switch|p2a: mimmer\n|-damage|p2a: mimmer|72/100 par\n|\n|t:|1776014032\n|switch|p1a: Dragonite|Dragonite, L50, F|90/100|[from] Volt Switch\n|\n|-weather|none\n|upkeep\n|turn|7\n|\n|t:|1776014046\n|switch|p2a: Farigiraf|Farigiraf, L50, F|92/100\n|switch|p1b: Rotom|Rotom-Heat, L50|98/100\n|move|p1a: Dragonite|Protect|p1a: Dragonite\n|-singleturn|p1a: Dragonite|Protect\n|move|p2b: Broly|Drain Punch|p1b: Rotom\n|-damage|p1b: Rotom|46/100\n|-heal|p2b: Broly|44/100|[from] drain|[of] p1b: Rotom\n|\n|-heal|p1b: Rotom|52/100|[from] item: Leftovers\n|upkeep\n|turn|8\n|\n|t:|1776014069\n|switch|p1a: Scizor|Scizor, L50, M|87/100\n|move|p2b: Broly|Ice Hammer|p1a: Scizor\n|-resisted|p1a: Scizor|1\n|-damage|p1a: Scizor|50/100\n|-unboost|p2b: Broly|spe|1\n|move|p2a: Farigiraf|Dazzling Gleam|p1b: Rotom|[spread] p1a,p1b\n|-resisted|p1a: Scizor|1\n|-resisted|p1b: Rotom|1\n|-damage|p1a: Scizor|40/100\n|-damage|p1b: Rotom|44/100\n|move|p1b: Rotom|Volt Switch|p2b: Broly\n|-damage|p2b: Broly|27/100\n|\n|t:|1776014081\n|switch|p1b: Dragonite|Dragonite, L50, F|90/100|[from] Volt Switch\n|\n|-sideend|p2: lukelby|move: Aurora Veil\n|-fieldend|move: Trick Room\n|upkeep\n|turn|9\n|\n|t:|1776014107\n|switch|p2b: mimmer|Incineroar, L50, F|72/100 par\n|-ability|p2b: mimmer|Intimidate|boost\n|-unboost|p1a: Scizor|atk|1\n|-fail|p1b: Dragonite|unboost|Attack|[from] ability: Inner Focus|[of] p1b: Dragonite\n|detailschange|p1b: Dragonite|Dragonite-Mega, L50, F\n|-mega|p1b: Dragonite|Dragonite|Dragoninite\n|move|p1b: Dragonite|Draco Meteor|p2a: Farigiraf\n|-damage|p2a: Farigiraf|35/100\n|-unboost|p1b: Dragonite|spa|2\n|-enditem|p2a: Farigiraf|Sitrus Berry|[eat]\n|-heal|p2a: Farigiraf|60/100|[from] item: Sitrus Berry\n|move|p1a: Scizor|Close Combat|p2b: mimmer\n|-supereffective|p2b: mimmer|1\n|-enditem|p2b: mimmer|Chople Berry|[eat]\n|-enditem|p2b: mimmer|Chople Berry|[weaken]\n|-damage|p2b: mimmer|43/100 par\n|-unboost|p1a: Scizor|def|1\n|-unboost|p1a: Scizor|spd|1\n|move|p2a: Farigiraf|Trick Room|p2a: Farigiraf\n|-fieldstart|move: Trick Room|[of] p2a: Farigiraf\n|\n|upkeep\n|turn|10\n|\n|t:|1776014134\n|switch|p2b: miinnie|Ninetales-Alola, L50, F|100/100\n|-weather|Snowscape|[from] ability: Snow Warning|[of] p2b: miinnie\n|switch|p1a: Rotom|Rotom-Heat, L50|44/100\n|move|p1b: Dragonite|Protect|p1b: Dragonite\n|-singleturn|p1b: Dragonite|Protect\n|move|p2a: Farigiraf|Dazzling Gleam|p1b: Dragonite|[spread] p1a\n|-activate|p1b: Dragonite|move: Protect\n|-resisted|p1a: Rotom|1\n|-damage|p1a: Rotom|36/100\n|\n|-weather|Snowscape|[upkeep]\n|-heal|p1a: Rotom|41/100|[from] item: Leftovers\n|upkeep\n|turn|11\n|\n|t:|1776014151\n|switch|p1b: Scizor|Scizor, L50, M|40/100\n|move|p2a: Farigiraf|Dazzling Gleam|p1a: Rotom|[spread] p1a,p1b\n|-resisted|p1a: Rotom|1\n|-resisted|p1b: Scizor|1\n|-damage|p1a: Rotom|33/100\n|-damage|p1b: Scizor|31/100\n|move|p1a: Rotom|Overheat|p2a: Farigiraf|[miss]\n|-miss|p1a: Rotom|p2a: Farigiraf\n|move|p2b: miinnie|Blizzard|p1a: Rotom|[spread] p1a,p1b\n|-resisted|p1a: Rotom|1\n|-resisted|p1b: Scizor|1\n|-damage|p1a: Rotom|20/100\n|-damage|p1b: Scizor|16/100\n|-status|p1b: Scizor|frz\n|\n|-weather|Snowscape|[upkeep]\n|-heal|p1a: Rotom|26/100|[from] item: Leftovers\n|upkeep\n|turn|12\n|c|\u2606lukelby|damn\n|c|\u2606lukelby|twice\n|c|\u2606lukelby|I should go buy some lottery tickets\n|\n|t:|1776014204\n|switch|p2b: Broly|Crabominable-Mega, L50, M|27/100\n|move|p2a: Farigiraf|Psychic Noise|p1a: Rotom\n|-damage|p1a: Rotom|0 fnt\n|faint|p1a: Rotom\n|cant|p1b: Scizor|frz\n|\n|-weather|Snowscape|[upkeep]\n|upkeep\n|\n|t:|1776014212\n|switch|p1a: Dragonite|Dragonite-Mega, L50, F|90/100\n|turn|13\n|\n|t:|1776014242\n|switch|p2a: mimmer|Incineroar, L50, F|43/100 par\n|-ability|p2a: mimmer|Intimidate|boost\n|-unboost|p1a: Dragonite|atk|1\n|-unboost|p1b: Scizor|atk|1\n|cant|p1b: Scizor|frz\n|move|p1a: Dragonite|Protect|p1a: Dragonite\n|-singleturn|p1a: Dragonite|Protect\n|move|p2b: Broly|Drain Punch|p1b: Scizor\n|-damage|p1b: Scizor|0 fnt\n|-heal|p2b: Broly|34/100|[from] drain|[of] p1b: Scizor\n|faint|p1b: Scizor\n|\n|-weather|Snowscape|[upkeep]\n|-fieldend|move: Trick Room\n|upkeep\n|turn|14\n|\n|t:|1776014256\n|move|p2a: mimmer|Fake Out|p1a: Dragonite\n|-damage|p1a: Dragonite|80/100\n|cant|p1a: Dragonite|flinch\n|move|p2b: Broly|Ice Hammer|p1a: Dragonite\n|-supereffective|p1a: Dragonite|2\n|-damage|p1a: Dragonite|0 fnt\n|-unboost|p2b: Broly|spe|1\n|faint|p1a: Dragonite\n|\n|win|lukelby\n|raw|reznob's rating: 1095 &rarr; <strong>1071</strong><br />(-24 for losing)\n|raw|lukelby's rating: 1103 &rarr; <strong>1127</strong><br />(+24 for winning)\n|c|\u2606lukelby|gg wp\n|c|\u2606reznob|ggs\n",
  "uploadtime": 1776014267,
  "views": 18,
  "formatid": "gen9championsvgc2026regma",
  "rating": 1071,
  "private": 0,
  "password": null
}