{
  "id": "gen9championsvgc2026regma-2587660696",
  "format": "[Gen 9 Champions] VGC 2026 Reg M-A",
  "players": [
    "Danievania",
    "Savaqa"
  ],
  "log": "|j|\u2606Danievania\n|j|\u203dSavaqa\n|t:|1776551367\n|gametype|doubles\n|player|p1|Danievania|byron|1417\n|player|p2|Savaqa|rocketgruntf|1422\n|gen|9\n|tier|[Gen 9 Champions] VGC 2026 Reg M-A\n|rated|\n|rule|Species Clause: Limit one of each Pok\u00e9mon\n|rule|Item Clause: Limit 1 of each item\n|clearpoke\n|poke|p1|Delphox, L50, M, shiny|\n|poke|p1|Sneasler, L50, F, shiny|\n|poke|p1|Garchomp, L50, M, shiny|\n|poke|p1|Aerodactyl, L50, F|\n|poke|p1|Kingambit, L50, F|\n|poke|p1|Sinistcha, L50|\n|poke|p2|Camerupt, L50, M|\n|poke|p2|Farigiraf, L50, M|\n|poke|p2|Torkoal, L50, F|\n|poke|p2|Incineroar, L50, F|\n|poke|p2|Slowking, L50, F|\n|poke|p2|Sinistcha, L50|\n|teampreview|4\n|inactive|Battle timer is ON: inactive players will automatically lose when time's up. (requested by Savaqa)\nDanievania rejected open team sheets.\n|j| direc_t10n\n|inactive|Danievania has 60 seconds left.\n|inactive|Danievania has 30 seconds left.\n|inactive|Danievania has 20 seconds left.\n|\n|t:|1776551442\n|teamsize|p1|4\n|teamsize|p2|4\n|start\n|switch|p1a: Kingambit|Kingambit, L50, F|100/100\n|switch|p1b: Garchomp|Garchomp, L50, M, shiny|100/100\n|switch|p2a: Farigiraf|Farigiraf, L50, M|100/100\n|switch|p2b: Slowking|Slowking, L50, F|100/100\n|turn|1\n|\n|t:|1776551462\n|move|p1b: Garchomp|Stomping Tantrum|p2a: Farigiraf\n|-damage|p2a: Farigiraf|67/100\n|move|p1a: Kingambit|Kowtow Cleave|p2a: Farigiraf\n|-supereffective|p2a: Farigiraf|1\n|-damage|p2a: Farigiraf|0 fnt\n|faint|p2a: Farigiraf\n|move|p2b: Slowking|Yawn|p1b: Garchomp\n|-start|p1b: Garchomp|move: Yawn|[of] p2b: Slowking\n|\n|upkeep\n|\n|t:|1776551474\n|switch|p2a: Torkoal|Torkoal, L50, F|100/100\n|-weather|SunnyDay|[from] ability: Drought|[of] p2a: Torkoal\n|turn|2\n|inactive|Danievania has 30 seconds left.\n|inactive|Danievania has 20 seconds left.\n|\n|t:|1776551514\n|move|p2a: Torkoal|Protect|p2a: Torkoal\n|-singleturn|p2a: Torkoal|Protect\n|move|p1b: Garchomp|Earthquake|p2b: Slowking|[spread] p1a,p2b\n|-activate|p2a: Torkoal|move: Protect\n|-supereffective|p1a: Kingambit|1\n|-damage|p1a: Kingambit|34/100\n|-damage|p2b: Slowking|57/100\n|move|p1a: Kingambit|Kowtow Cleave|p2b: Slowking\n|-supereffective|p2b: Slowking|1\n|-damage|p2b: Slowking|0 fnt\n|faint|p2b: Slowking\n|\n|-weather|SunnyDay|[upkeep]\n|-end|p1b: Garchomp|move: Yawn|[silent]\n|-status|p1b: Garchomp|slp\n|upkeep\n|\n|t:|1776551526\n|switch|p2b: Camerupt|Camerupt, L50, M|100/100\n|turn|3\n|l| direc_t10n\n|\n|t:|1776551540\n|switch|p1b: Sinistcha|Sinistcha, L50|100/100\n|-heal|p1a: Kingambit|58/100|[from] ability: Hospitality|[of] p1b: Sinistcha\n|detailschange|p2b: Camerupt|Camerupt-Mega, L50, M\n|-mega|p2b: Camerupt|Camerupt|Cameruptite\n|move|p1a: Kingambit|Protect|p1a: Kingambit\n|-singleturn|p1a: Kingambit|Protect\n|move|p2b: Camerupt|Earth Power|p1b: Sinistcha\n|-resisted|p1b: Sinistcha|1\n|-damage|p1b: Sinistcha|68/100\n|move|p2a: Torkoal|Heat Wave|p1b: Sinistcha|[spread] p1b\n|-activate|p1a: Kingambit|move: Protect\n|-supereffective|p1b: Sinistcha|1\n|-damage|p1b: Sinistcha|0 fnt\n|faint|p1b: Sinistcha\n|\n|-weather|SunnyDay|[upkeep]\n|upkeep\n|\n|t:|1776551557\n|switch|p1b: Delphox|Delphox, L50, M, shiny|100/100\n|turn|4\n|\n|t:|1776551580\n|detailschange|p1b: Delphox|Delphox-Mega, L50, M, shiny\n|-mega|p1b: Delphox|Delphox|Delphoxite\n|move|p1b: Delphox|Psyshock|p2b: Camerupt\n|-damage|p2b: Camerupt|54/100\n|move|p1a: Kingambit|Kowtow Cleave|p2b: Camerupt\n|-damage|p2b: Camerupt|0 fnt\n|faint|p2b: Camerupt\n|move|p2a: Torkoal|Heat Wave|p1a: Kingambit|[spread] p1a,p1b\n|-supereffective|p1a: Kingambit|1\n|-resisted|p1b: Delphox|1\n|-damage|p1a: Kingambit|0 fnt\n|-damage|p1b: Delphox|71/100\n|faint|p1a: Kingambit\n|\n|-weather|SunnyDay|[upkeep]\n|upkeep\n|\n|t:|1776551588\n|switch|p1a: Garchomp|Garchomp, L50, M, shiny|100/100 slp\n|turn|5\n|-message|Savaqa forfeited.\n|\n|win|Danievania\n|raw|Danievania's rating: 1417 &rarr; <strong>1437</strong><br />(+20 for winning)\n|raw|Savaqa's rating: 1422 &rarr; <strong>1402</strong><br />(-20 for losing)\n|l|\u203dSavaqa\n|player|p2|\n",
  "uploadtime": 1776551660,
  "views": 25,
  "formatid": "gen9championsvgc2026regma",
  "rating": 1402,
  "private": 0,
  "password": null
}