{
  "id": "gen9championsvgc2026regma-2580962010",
  "format": "[Gen 9 Champions] VGC 2026 Reg M-A",
  "players": [
    "froggityfrogfrog",
    "cbcChefee0707"
  ],
  "log": "|j|\u2606froggityfrogfrog\n|j|\u2606cbcChefee0707\n|t:|1775947021\n|gametype|doubles\n|player|p1|froggityfrogfrog|burgh|1132\n|player|p2|cbcChefee0707|steven|1124\n|gen|9\n|tier|[Gen 9 Champions] VGC 2026 Reg M-A\n|rated|\n|rule|Species Clause: Limit one of each Pok\u00e9mon\n|rule|Item Clause: Limit 1 of each item\n|clearpoke\n|poke|p1|Camerupt, L50, F|\n|poke|p1|Torkoal, L50, F|\n|poke|p1|Farigiraf, L50, M|\n|poke|p1|Primarina, L50, M|\n|poke|p1|Incineroar, L50, F|\n|poke|p1|Drampa, L50, F|\n|poke|p2|Pikachu, L50, M|\n|poke|p2|Pelipper, L50, F|\n|poke|p2|Basculegion, L50, M|\n|poke|p2|Meganium, L50, M|\n|poke|p2|Incineroar, L50, F|\n|poke|p2|Toxicroak, L50, F|\n|teampreview|4\n|c|\u2606cbcChefee0707|magma armor\n|\n|t:|1775947105\n|teamsize|p1|4\n|teamsize|p2|4\n|start\n|switch|p1a: SandyEggo|Farigiraf, L50, M, shiny|100/100\n|switch|p1b: Old Man|Drampa, L50, F|100/100\n|switch|p2a: Incineroar|Incineroar, L50, F|100/100\n|switch|p2b: Pelipper|Pelipper, L50, F|100/100\n|-weather|RainDance|[from] ability: Drizzle|[of] p2b: Pelipper\n|-ability|p2a: Incineroar|Intimidate|boost\n|-unboost|p1a: SandyEggo|atk|1\n|-unboost|p1b: Old Man|atk|1\n|-ability|p1b: Old Man|Cloud Nine\n|turn|1\n|c|\u2606froggityfrogfrog|magma armor\n|\n|t:|1775947129\n|move|p2b: Pelipper|Weather Ball|p1a: SandyEggo\n|-damage|p1a: SandyEggo|89/100\n|move|p2a: Incineroar|Throat Chop|p1a: SandyEggo\n|-supereffective|p1a: SandyEggo|1\n|-damage|p1a: SandyEggo|31/100\n|-start|p1a: SandyEggo|Throat Chop|[silent]\n|move|p1b: Old Man|Focus Blast|p2a: Incineroar\n|-supereffective|p2a: Incineroar|1\n|-damage|p2a: Incineroar|30/100\n|-enditem|p2a: Incineroar|Sitrus Berry|[eat]\n|-heal|p2a: Incineroar|55/100|[from] item: Sitrus Berry\n|move|p1a: SandyEggo|Trick Room|p1a: SandyEggo\n|-fieldstart|move: Trick Room|[of] p1a: SandyEggo\n|\n|-weather|RainDance|[upkeep]\n|-heal|p1a: SandyEggo|37/100|[from] item: Leftovers\n|upkeep\n|turn|2\n|\n|t:|1775947171\n|switch|p1a: Molpe|Primarina, L50, M|100/100\n|move|p1b: Old Man|Calm Mind|p1b: Old Man\n|-boost|p1b: Old Man|spa|1\n|-boost|p1b: Old Man|spd|1\n|move|p2a: Incineroar|Throat Chop|p1a: Molpe\n|-resisted|p1a: Molpe|1\n|-damage|p1a: Molpe|82/100\n|-start|p1a: Molpe|Throat Chop|[silent]\n|move|p2b: Pelipper|Hurricane|p1b: Old Man\n|-damage|p1b: Old Man|76/100\n|-start|p1b: Old Man|confusion\n|\n|-weather|RainDance|[upkeep]\n|upkeep\n|turn|3\n|\n|t:|1775947198\n|detailschange|p1b: Old Man|Drampa-Mega, L50, F\n|-mega|p1b: Old Man|Drampa|Drampanite\n|-activate|p1b: Old Man|confusion\n|move|p1b: Old Man|Thunder|p2b: Pelipper\n|-supereffective|p2b: Pelipper|2\n|-enditem|p2b: Pelipper|Wacan Berry|[eat]\n|-enditem|p2b: Pelipper|Wacan Berry|[weaken]\n|-damage|p2b: Pelipper|0 fnt\n|faint|p2b: Pelipper\n|move|p1a: Molpe|Dazzling Gleam|p2a: Incineroar\n|-damage|p2a: Incineroar|15/100\n|move|p2a: Incineroar|Parting Shot|p1b: Old Man\n|-unboost|p1b: Old Man|atk|1\n|-unboost|p1b: Old Man|spa|1\n|\n|t:|1775947211\n|switch|p2a: Toxicroak|Toxicroak, L50, F|100/100|[from] Parting Shot\n|\n|-weather|RainDance|[upkeep]\n|-end|p1a: Molpe|Throat Chop|[silent]\n|upkeep\n|\n|t:|1775947216\n|switch|p2b: Incineroar|Incineroar, L50, F|15/100\n|-ability|p2b: Incineroar|Intimidate|boost\n|-unboost|p1a: Molpe|atk|1\n|-unboost|p1b: Old Man|atk|1\n|turn|4\n|\n|t:|1775947227\n|switch|p1b: SandyEggo|Farigiraf, L50, M, shiny|37/100\n|move|p2b: Incineroar|Fake Out||[still]\n|cant|p1b: SandyEggo|ability: Armor Tail|Fake Out|[of] p2b: Incineroar\n|move|p1a: Molpe|Moonblast|p2a: Toxicroak\n|-damage|p2a: Toxicroak|17/100\n|move|p2a: Toxicroak|Substitute|p2a: Toxicroak\n|-fail|p2a: Toxicroak|move: Substitute|[weak]\n|\n|-weather|RainDance|[upkeep]\n|-heal|p2a: Toxicroak|30/100|[from] ability: Dry Skin\n|-heal|p1b: SandyEggo|43/100|[from] item: Leftovers\n|-heal|p2a: Toxicroak|36/100|[from] item: Leftovers\n|upkeep\n|turn|5\n|\n|t:|1775947243\n|move|p1a: Molpe|Dazzling Gleam|p2b: Incineroar|[spread] p2a,p2b\n|-damage|p2a: Toxicroak|0 fnt\n|-damage|p2b: Incineroar|0 fnt\n|faint|p2a: Toxicroak\n|faint|p2b: Incineroar\n|move|p1b: SandyEggo|Hyper Voice|p2: Toxicroak|[notarget]\n|-fail|p1b: SandyEggo\n|\n|-weather|none\n|-heal|p1b: SandyEggo|49/100|[from] item: Leftovers\n|-fieldend|move: Trick Room\n|upkeep\n|-message|cbcChefee0707 forfeited.\n|\n|win|froggityfrogfrog\n|raw|froggityfrogfrog's rating: 1132 &rarr; <strong>1156</strong><br />(+24 for winning)\n|raw|cbcChefee0707's rating: 1124 &rarr; <strong>1100</strong><br />(-24 for losing)\n|l|\u2606cbcChefee0707\n|player|p2|\n",
  "uploadtime": 1775947253,
  "views": 25,
  "formatid": "gen9championsvgc2026regma",
  "rating": 1100,
  "private": 0,
  "password": null
}