{
  "id": "gen9championsvgc2026regma-2586663109",
  "format": "[Gen 9 Champions] VGC 2026 Reg M-A",
  "players": [
    "megarekuzza",
    "pokeseanz"
  ],
  "log": "|j|\u2606megarekuzza\n|j|\u2606pokeseanz\n|t:|1776450312\n|gametype|doubles\n|player|p1|megarekuzza|brycenman|1124\n|player|p2|pokeseanz|265|1051\n|gen|9\n|tier|[Gen 9 Champions] VGC 2026 Reg M-A\n|rated|\n|rule|Species Clause: Limit one of each Pok\u00e9mon\n|rule|Item Clause: Limit 1 of each item\n|clearpoke\n|poke|p1|Froslass, L50, F|\n|poke|p1|Palafin, L50, M|\n|poke|p1|Sneasler, L50, F|\n|poke|p1|Meowscarada, L50, F|\n|poke|p1|Incineroar, L50, M|\n|poke|p1|Sinistcha, L50|\n|poke|p2|Venusaur, L50, F|\n|poke|p2|Rotom-Wash, L50|\n|poke|p2|Politoed, L50, F|\n|poke|p2|Incineroar, L50, M|\n|poke|p2|Sinistcha, L50|\n|poke|p2|Kingambit, L50, F|\n|teampreview|4\n|inactive|Battle timer is ON: inactive players will automatically lose when time's up. (requested by pokeseanz)\n|\n|t:|1776450338\n|teamsize|p1|4\n|teamsize|p2|4\n|start\n|switch|p1a: Toxic claws \ud83d\ude08\ud83d\ude08|Sneasler, L50, F, shiny|100/100\n|switch|p1b: Wolfey|Incineroar, L50, M, shiny|100/100\n|switch|p2a: Venusaur|Venusaur, L50, F|100/100\n|switch|p2b: Incineroar|Incineroar, L50, M|100/100\n|-ability|p2b: Incineroar|Intimidate|boost\n|-unboost|p1a: Toxic claws \ud83d\ude08\ud83d\ude08|atk|1\n|-unboost|p1b: Wolfey|atk|1\n|-ability|p1b: Wolfey|Intimidate|boost\n|-unboost|p2a: Venusaur|atk|1\n|-unboost|p2b: Incineroar|atk|1\n|-enditem|p1a: Toxic claws \ud83d\ude08\ud83d\ude08|White Herb\n|-clearnegativeboost|p1a: Toxic claws \ud83d\ude08\ud83d\ude08|[silent]\n|turn|1\n|inactive|pokeseanz has 30 seconds left.\n|\n|t:|1776450372\n|detailschange|p2a: Venusaur|Venusaur-Mega, L50, F\n|-mega|p2a: Venusaur|Venusaur|Venusaurite\n|move|p1a: Toxic claws \ud83d\ude08\ud83d\ude08|Fake Out|p2b: Incineroar\n|-damage|p2b: Incineroar|87/100\n|cant|p2b: Incineroar|flinch\n|move|p1b: Wolfey|Fake Out|p2a: Venusaur\n|-damage|p2a: Venusaur|93/100\n|cant|p2a: Venusaur|flinch\n|\n|upkeep\n|turn|2\n|\n|t:|1776450394\n|move|p1a: Toxic claws \ud83d\ude08\ud83d\ude08|Protect|p1a: Toxic claws \ud83d\ude08\ud83d\ude08\n|-singleturn|p1a: Toxic claws \ud83d\ude08\ud83d\ude08|Protect\n|move|p2a: Venusaur|Leech Seed|p1b: Wolfey\n|-start|p1b: Wolfey|move: Leech Seed\n|move|p2b: Incineroar|Parting Shot|p1a: Toxic claws \ud83d\ude08\ud83d\ude08\n|-activate|p1a: Toxic claws \ud83d\ude08\ud83d\ude08|move: Protect\n|move|p1b: Wolfey|Flare Blitz|p2a: Venusaur\n|-supereffective|p2a: Venusaur|1\n|-damage|p2a: Venusaur|63/100\n|-damage|p1b: Wolfey|92/100|[from] Recoil\n|\n|-damage|p1b: Wolfey|79/100|[from] Leech Seed|[of] p2a: Venusaur\n|-heal|p2a: Venusaur|77/100|[silent]\n|upkeep\n|turn|3\n|\n|t:|1776450415\n|switch|p1b: Liko's Masquernya|Meowscarada, L50, F|100/100\n|move|p1a: Toxic claws \ud83d\ude08\ud83d\ude08|Close Combat|p2b: Incineroar\n|-supereffective|p2b: Incineroar|1\n|-enditem|p2b: Incineroar|Chople Berry|[eat]\n|-enditem|p2b: Incineroar|Chople Berry|[weaken]\n|-damage|p2b: Incineroar|30/100\n|-unboost|p1a: Toxic claws \ud83d\ude08\ud83d\ude08|def|1\n|-unboost|p1a: Toxic claws \ud83d\ude08\ud83d\ude08|spd|1\n|move|p2a: Venusaur|Leech Seed|p1a: Toxic claws \ud83d\ude08\ud83d\ude08\n|-start|p1a: Toxic claws \ud83d\ude08\ud83d\ude08|move: Leech Seed\n|move|p2b: Incineroar|Parting Shot|p1a: Toxic claws \ud83d\ude08\ud83d\ude08\n|-unboost|p1a: Toxic claws \ud83d\ude08\ud83d\ude08|atk|1\n|-unboost|p1a: Toxic claws \ud83d\ude08\ud83d\ude08|spa|1\n|\n|t:|1776450439\n|switch|p2b: Politoed|Politoed, L50, F|100/100|[from] Parting Shot\n|-weather|RainDance|[from] ability: Drizzle|[of] p2b: Politoed\n|\n|-weather|RainDance|[upkeep]\n|-damage|p1a: Toxic claws \ud83d\ude08\ud83d\ude08|88/100|[from] Leech Seed|[of] p2a: Venusaur\n|-heal|p2a: Venusaur|87/100|[silent]\n|upkeep\n|turn|4\n|\n|t:|1776450451\n|switch|p1a: Wolfey|Incineroar, L50, M, shiny|79/100\n|-ability|p1a: Wolfey|Intimidate|boost\n|-unboost|p2a: Venusaur|atk|1\n|-unboost|p2b: Politoed|atk|1\n|move|p1b: Liko's Masquernya|Flower Trick|p2b: Politoed\n|-supereffective|p2b: Politoed|1\n|-crit|p2b: Politoed\n|-damage|p2b: Politoed|0 fnt\n|faint|p2b: Politoed\n|move|p2a: Venusaur|Sludge Bomb|p1b: Liko's Masquernya\n|-supereffective|p1b: Liko's Masquernya|1\n|-enditem|p1b: Liko's Masquernya|Focus Sash\n|-damage|p1b: Liko's Masquernya|1/100\n|\n|-weather|RainDance|[upkeep]\n|upkeep\n|\n|t:|1776450463\n|switch|p2b: Incineroar|Incineroar, L50, M|30/100\n|-ability|p2b: Incineroar|Intimidate|boost\n|-unboost|p1a: Wolfey|atk|1\n|-unboost|p1b: Liko's Masquernya|atk|1\n|turn|5\n|inactive|pokeseanz has 30 seconds left.\n|\n|t:|1776450492\n|move|p2b: Incineroar|Fake Out|p1a: Wolfey\n|-damage|p1a: Wolfey|68/100\n|cant|p1a: Wolfey|flinch\n|move|p1b: Liko's Masquernya|Flower Trick|p2b: Incineroar\n|-resisted|p2b: Incineroar|1\n|-crit|p2b: Incineroar\n|-damage|p2b: Incineroar|3/100\n|move|p2a: Venusaur|Giga Drain|p1b: Liko's Masquernya\n|-resisted|p1b: Liko's Masquernya|1\n|-damage|p1b: Liko's Masquernya|0 fnt\n|-heal|p2a: Venusaur|87/100|[from] drain|[of] p1b: Liko's Masquernya\n|faint|p1b: Liko's Masquernya\n|\n|-weather|RainDance|[upkeep]\n|upkeep\n|\n|t:|1776450504\n|switch|p1b: Toxic claws \ud83d\ude08\ud83d\ude08|Sneasler, L50, F, shiny|88/100\n|turn|6\n|\n|t:|1776450521\n|move|p1b: Toxic claws \ud83d\ude08\ud83d\ude08|Fake Out|p2a: Venusaur\n|-damage|p2a: Venusaur|76/100\n|cant|p2a: Venusaur|flinch\n|move|p2b: Incineroar|Parting Shot|p1b: Toxic claws \ud83d\ude08\ud83d\ude08\n|-unboost|p1b: Toxic claws \ud83d\ude08\ud83d\ude08|atk|1\n|-unboost|p1b: Toxic claws \ud83d\ude08\ud83d\ude08|spa|1\n|\n|t:|1776450525\n|switch|p2b: Kingambit|Kingambit, L50, F|100/100|[from] Parting Shot\n|move|p1a: Wolfey|Flare Blitz|p2b: Kingambit\n|-supereffective|p2b: Kingambit|1\n|-damage|p2b: Kingambit|71/100\n|-damage|p1a: Wolfey|58/100|[from] Recoil\n|\n|-weather|RainDance|[upkeep]\n|upkeep\n|turn|7\n|\n|t:|1776450539\n|switch|p1a: Girl Freeze'em|Froslass, L50, F|100/100\n|move|p2b: Kingambit|Protect|p2b: Kingambit\n|-singleturn|p2b: Kingambit|Protect\n|move|p1b: Toxic claws \ud83d\ude08\ud83d\ude08|Close Combat|p2b: Kingambit\n|-activate|p2b: Kingambit|move: Protect\n|move|p2a: Venusaur|Sludge Bomb|p1b: Toxic claws \ud83d\ude08\ud83d\ude08\n|-resisted|p1b: Toxic claws \ud83d\ude08\ud83d\ude08|1\n|-damage|p1b: Toxic claws \ud83d\ude08\ud83d\ude08|62/100\n|\n|-weather|none\n|upkeep\n|turn|8\n|\n|t:|1776450558\n|switch|p1b: Wolfey|Incineroar, L50, M, shiny|58/100\n|-ability|p1b: Wolfey|Intimidate|boost\n|-unboost|p2a: Venusaur|atk|1\n|-unboost|p2b: Kingambit|atk|1\n|-ability|p2b: Kingambit|Defiant|boost\n|-boost|p2b: Kingambit|atk|2\n|switch|p2b: Incineroar|Incineroar, L50, M|3/100\n|-ability|p2b: Incineroar|Intimidate|boost\n|-unboost|p1a: Girl Freeze'em|atk|1\n|-unboost|p1b: Wolfey|atk|1\n|detailschange|p1a: Girl Freeze'em|Froslass-Mega, L50, F\n|-mega|p1a: Girl Freeze'em|Froslass|Froslassite\n|-weather|Snowscape|[from] ability: Snow Warning|[of] p1a: Girl Freeze'em\n|move|p1a: Girl Freeze'em|Aurora Veil|p1a: Girl Freeze'em\n|-sidestart|p1: megarekuzza|move: Aurora Veil\n|move|p2a: Venusaur|Leech Seed|p1a: Girl Freeze'em\n|-start|p1a: Girl Freeze'em|move: Leech Seed\n|\n|-weather|Snowscape|[upkeep]\n|-damage|p1a: Girl Freeze'em|88/100|[from] Leech Seed|[of] p2a: Venusaur\n|-heal|p2a: Venusaur|86/100|[silent]\n|upkeep\n|turn|9\n|inactive|pokeseanz has 30 seconds left.\n|\n|t:|1776450586\n|move|p2b: Incineroar|Fake Out|p1b: Wolfey\n|-damage|p1b: Wolfey|50/100\n|move|p1a: Girl Freeze'em|Blizzard|p2a: Venusaur|[spread] p2a,p2b\n|-supereffective|p2a: Venusaur|1\n|-resisted|p2b: Incineroar|1\n|-damage|p2a: Venusaur|47/100\n|-damage|p2b: Incineroar|0 fnt\n|faint|p2b: Incineroar\n|move|p2a: Venusaur|Leech Seed|p1b: Wolfey\n|-start|p1b: Wolfey|move: Leech Seed\n|cant|p1b: Wolfey|flinch\n|\n|-weather|Snowscape|[upkeep]\n|-damage|p1a: Girl Freeze'em|76/100|[from] Leech Seed|[of] p2a: Venusaur\n|-heal|p2a: Venusaur|56/100|[silent]\n|-damage|p1b: Wolfey|38/100|[from] Leech Seed|[of] p2a: Venusaur\n|-heal|p2a: Venusaur|70/100|[silent]\n|upkeep\n|\n|t:|1776450600\n|switch|p2b: Kingambit|Kingambit, L50, F|71/100\n|turn|10\n|\n|t:|1776450616\n|switch|p1b: Toxic claws \ud83d\ude08\ud83d\ude08|Sneasler, L50, F, shiny|62/100\n|move|p1a: Girl Freeze'em|Protect|p1a: Girl Freeze'em\n|-singleturn|p1a: Girl Freeze'em|Protect\n|move|p2b: Kingambit|Sucker Punch||[still]\n|-fail|p2b: Kingambit\n|move|p2a: Venusaur|Sludge Bomb|p1b: Toxic claws \ud83d\ude08\ud83d\ude08\n|-resisted|p1b: Toxic claws \ud83d\ude08\ud83d\ude08|1\n|-damage|p1b: Toxic claws \ud83d\ude08\ud83d\ude08|43/100\n|\n|-weather|Snowscape|[upkeep]\n|-damage|p1a: Girl Freeze'em|63/100|[from] Leech Seed|[of] p2a: Venusaur\n|-heal|p2a: Venusaur|80/100|[silent]\n|upkeep\n|turn|11\n|\n|t:|1776450635\n|move|p2b: Kingambit|Protect|p2b: Kingambit\n|-singleturn|p2b: Kingambit|Protect\n|move|p1a: Girl Freeze'em|Blizzard|p2a: Venusaur|[spread] p2a\n|-activate|p2b: Kingambit|move: Protect\n|-supereffective|p2a: Venusaur|1\n|-damage|p2a: Venusaur|41/100\n|move|p1b: Toxic claws \ud83d\ude08\ud83d\ude08|Close Combat|p2b: Kingambit\n|-activate|p2b: Kingambit|move: Protect\n|move|p2a: Venusaur|Sludge Bomb|p1b: Toxic claws \ud83d\ude08\ud83d\ude08\n|-resisted|p1b: Toxic claws \ud83d\ude08\ud83d\ude08|1\n|-damage|p1b: Toxic claws \ud83d\ude08\ud83d\ude08|26/100\n|\n|-weather|Snowscape|[upkeep]\n|-damage|p1a: Girl Freeze'em|51/100|[from] Leech Seed|[of] p2a: Venusaur\n|-heal|p2a: Venusaur|50/100|[silent]\n|upkeep\n|turn|12\n|\n|t:|1776450661\n|move|p1a: Girl Freeze'em|Protect|p1a: Girl Freeze'em\n|-singleturn|p1a: Girl Freeze'em|Protect\n|move|p2b: Kingambit|Sucker Punch|p1b: Toxic claws \ud83d\ude08\ud83d\ude08\n|-resisted|p1b: Toxic claws \ud83d\ude08\ud83d\ude08|1\n|-damage|p1b: Toxic claws \ud83d\ude08\ud83d\ude08|0 fnt\n|faint|p1b: Toxic claws \ud83d\ude08\ud83d\ude08\n|move|p2a: Venusaur|Giga Drain|p1a: Girl Freeze'em\n|-activate|p1a: Girl Freeze'em|move: Protect\n|\n|-weather|none\n|-damage|p1a: Girl Freeze'em|38/100|[from] Leech Seed|[of] p2a: Venusaur\n|-heal|p2a: Venusaur|60/100|[silent]\n|-sideend|p1: megarekuzza|move: Aurora Veil\n|upkeep\n|\n|t:|1776450666\n|switch|p1b: Wolfey|Incineroar, L50, M, shiny|38/100\n|-ability|p1b: Wolfey|Intimidate|boost\n|-unboost|p2a: Venusaur|atk|1\n|-unboost|p2b: Kingambit|atk|1\n|-ability|p2b: Kingambit|Defiant|boost\n|-boost|p2b: Kingambit|atk|2\n|turn|13\n|\n|t:|1776450685\n|move|p2a: Venusaur|Protect|p2a: Venusaur\n|-singleturn|p2a: Venusaur|Protect\n|move|p2b: Kingambit|Protect|p2b: Kingambit\n|-singleturn|p2b: Kingambit|Protect\n|move|p1b: Wolfey|Fake Out|p2b: Kingambit\n|-activate|p2b: Kingambit|move: Protect\n|move|p1a: Girl Freeze'em|Shadow Ball|p2a: Venusaur\n|-activate|p2a: Venusaur|move: Protect\n|\n|-damage|p1a: Girl Freeze'em|26/100|[from] Leech Seed|[of] p2a: Venusaur\n|-heal|p2a: Venusaur|70/100|[silent]\n|upkeep\n|turn|14\n|\n|t:|1776450705\n|move|p1a: Girl Freeze'em|Protect|p1a: Girl Freeze'em\n|-singleturn|p1a: Girl Freeze'em|Protect\n|move|p2b: Kingambit|Sucker Punch|p1b: Wolfey\n|-resisted|p1b: Wolfey|1\n|-damage|p1b: Wolfey|3/100\n|move|p2a: Venusaur|Sludge Bomb|p1b: Wolfey\n|-damage|p1b: Wolfey|0 fnt\n|faint|p1b: Wolfey\n|\n|-damage|p1a: Girl Freeze'em|14/100|[from] Leech Seed|[of] p2a: Venusaur\n|-heal|p2a: Venusaur|80/100|[silent]\n|upkeep\n|turn|15\n|\n|t:|1776450715\n|move|p2b: Kingambit|Sucker Punch|p1a: Girl Freeze'em\n|-supereffective|p1a: Girl Freeze'em|1\n|-damage|p1a: Girl Freeze'em|0 fnt\n|faint|p1a: Girl Freeze'em\n|\n|win|pokeseanz\n|raw|megarekuzza's rating: 1124 &rarr; <strong>1094</strong><br />(-30 for losing)\n|raw|pokeseanz's rating: 1051 &rarr; <strong>1090</strong><br />(+39 for winning)\n|l|\u2606megarekuzza\n|player|p1|\n|c|\u2606pokeseanz|gg\n",
  "uploadtime": 1776450720,
  "views": 36,
  "formatid": "gen9championsvgc2026regma",
  "rating": 1090,
  "private": 0,
  "password": null
}