{
  "id": "gen9championsvgc2026regma-2585158314",
  "format": "[Gen 9 Champions] VGC 2026 Reg M-A",
  "players": [
    "etrdyfyiu",
    "Pixied22"
  ],
  "log": "|j|\u2606etrdyfyiu\n|j|\u2606Pixied22\n|t:|1776319002\n|gametype|doubles\n|player|p1|etrdyfyiu|169|1172\n|player|p2|Pixied22|266|1103\n|gen|9\n|tier|[Gen 9 Champions] VGC 2026 Reg M-A\n|rated|\n|rule|Species Clause: Limit one of each Pok\u00e9mon\n|rule|Item Clause: Limit 1 of each item\n|clearpoke\n|poke|p1|Sinistcha, L50|\n|poke|p1|Drampa, L50, M|\n|poke|p1|Pelipper, L50, F|\n|poke|p1|Alakazam, L50, M|\n|poke|p1|Scizor, L50, F|\n|poke|p1|Basculegion, L50, M|\n|poke|p2|Gengar, L50, F|\n|poke|p2|Liepard, L50, F|\n|poke|p2|Politoed, L50, F|\n|poke|p2|Palafin, L50, M|\n|poke|p2|Incineroar, L50, M|\n|poke|p2|Golurk, L50|\n|teampreview|4\nPixied22 has agreed to open team sheets.\n|inactive|Battle timer is ON: inactive players will automatically lose when time's up. (requested by Pixied22)\netrdyfyiu has agreed to open team sheets.\n|showteam|p1|Sinistcha||SitrusBerry|Hospitality|MatchaGotcha,LifeDew,TrickRoom,RagePowder||||||50|]Drampa||Drampanite|CloudNine|HyperVoice,CalmMind,Protect,EarthPower|||M|||50|]Pelipper||FocusSash|Drizzle|Tailwind,Protect,Hurricane,WeatherBall|||F|||50|]Alakazam||ColburBerry|InnerFocus|SpeedSwap,Psychic,LightScreen,Reflect|||M|||50|]Scizor||Scizorite|Technician|BulletPunch,BugBite,Protect,SwordsDance|||F|||50|]Basculegion||MysticWater|SwiftSwim|WaveCrash,AquaJet,LastRespects,Protect|||M|||50|\n|showteam|p2|Gengar||Gengarite|CursedBody|ShadowBall,Disable,PerishSong,Protect|||F|||50|]Liepard||FocusSash|Prankster|FakeOut,Encore,Taunt,Protect|||F|||50|]Politoed||SitrusBerry|Drizzle|WeatherBall,PerishSong,Protect,Encore|||F|||50|]Palafin||MysticWater|ZerotoHero|Protect,JetPunch,WaveCrash,FlipTurn|||M|||50|]Incineroar||ChopleBerry|Intimidate|FakeOut,Protect,PartingShot,WillOWisp|||M|||50|]Golurk||Golurkite|NoGuard|HeadlongRush,DrainPunch,Protect,DynamicPunch||||||50|\n|inactive|Pixied22 has 30 seconds left.\n|inactive|etrdyfyiu has 60 seconds left.\n|\n|t:|1776319054\n|teamsize|p1|4\n|teamsize|p2|4\n|start\n|switch|p1a: Drampa|Drampa, L50, M|100/100\n|switch|p1b: Alakazam|Alakazam, L50, M|100/100\n|switch|p2a: Liepard|Liepard, L50, F|100/100\n|switch|p2b: Gengar|Gengar, L50, F, shiny|100/100\n|-ability|p1a: Drampa|Cloud Nine\n|turn|1\n|inactive|etrdyfyiu has 30 seconds left.\n|inactive|Pixied22 has 30 seconds left.\n|\n|t:|1776319081\n|detailschange|p2b: Gengar|Gengar-Mega, L50, F, shiny\n|-mega|p2b: Gengar|Gengar|Gengarite\n|detailschange|p1a: Drampa|Drampa-Mega, L50, M\n|-mega|p1a: Drampa|Drampa|Drampanite\n|move|p2a: Liepard|Fake Out|p1b: Alakazam\n|-damage|p1b: Alakazam|84/100\n|move|p2b: Gengar|Perish Song|p2b: Gengar\n|-start|p1a: Drampa|perish3|[silent]\n|-start|p1b: Alakazam|perish3|[silent]\n|-start|p2a: Liepard|perish3|[silent]\n|-start|p2b: Gengar|perish3|[silent]\n|-fieldactivate|move: Perish Song\n|move|p1b: Alakazam|Speed Swap|p1a: Drampa\n|-activate|p1b: Alakazam|move: Speed Swap|[of] p1a: Drampa\n|move|p1a: Drampa|Earth Power|p2b: Gengar\n|-supereffective|p2b: Gengar|1\n|-damage|p2b: Gengar|11/100\n|\n|-start|p2b: Gengar|perish3\n|-start|p1a: Drampa|perish3\n|-start|p2a: Liepard|perish3\n|-start|p1b: Alakazam|perish3\n|upkeep\n|turn|2\n|\n|t:|1776319105\n|move|p2b: Gengar|Protect|p2b: Gengar\n|-singleturn|p2b: Gengar|Protect\n|move|p2a: Liepard|Encore|p1b: Alakazam\n|-start|p1b: Alakazam|Encore\n|move|p1a: Drampa|Calm Mind|p1a: Drampa\n|-boost|p1a: Drampa|spa|1\n|-boost|p1a: Drampa|spd|1\n|move|p1b: Alakazam|Speed Swap|p2b: Gengar\n|-activate|p2b: Gengar|move: Protect\n|\n|-start|p2b: Gengar|perish2\n|-start|p1a: Drampa|perish2\n|-start|p2a: Liepard|perish2\n|-start|p1b: Alakazam|perish2\n|upkeep\n|turn|3\n|inactive|Pixied22 has 30 seconds left.\n|inactive|Pixied22 has 20 seconds left.\n|inactive|etrdyfyiu has 30 seconds left.\n|inactive|Pixied22 has 15 seconds left.\n|inactive|Pixied22 has 10 seconds left.\n|inactive|Pixied22 has 5 seconds left.\n|\n|t:|1776319163\n|move|p2b: Gengar|Protect|p2b: Gengar\n|-singleturn|p2b: Gengar|Protect\n|move|p2a: Liepard|Encore|p1a: Drampa\n|-start|p1a: Drampa|Encore\n|move|p1a: Drampa|Calm Mind|p1a: Drampa\n|-boost|p1a: Drampa|spa|1\n|-boost|p1a: Drampa|spd|1\n|move|p1b: Alakazam|Speed Swap|p2a: Liepard\n|-activate|p1b: Alakazam|move: Speed Swap|[of] p2a: Liepard\n|\n|-start|p2b: Gengar|perish1\n|-start|p1a: Drampa|perish1\n|-start|p1b: Alakazam|perish1\n|-start|p2a: Liepard|perish1\n|upkeep\n|turn|4\n|inactive|etrdyfyiu has 30 seconds left.\n|\n|t:|1776319202\n|switch|p2b: Incineroar|Incineroar, L50, M|100/100\n|-ability|p2b: Incineroar|Intimidate|boost\n|-unboost|p1a: Drampa|atk|1\n|-fail|p1b: Alakazam|unboost|Attack|[from] ability: Inner Focus|[of] p1b: Alakazam\n|switch|p2a: Politoed|Politoed, L50, F|100/100\n|-weather|RainDance|[from] ability: Drizzle|[of] p2a: Politoed\n|move|p1a: Drampa|Calm Mind|p1a: Drampa\n|-boost|p1a: Drampa|spa|1\n|-boost|p1a: Drampa|spd|1\n|move|p1b: Alakazam|Speed Swap|p2a: Politoed\n|-activate|p1b: Alakazam|move: Speed Swap|[of] p2a: Politoed\n|\n|-weather|RainDance|[upkeep]\n|-end|p1b: Alakazam|Encore\n|-start|p1a: Drampa|perish0\n|-start|p1b: Alakazam|perish0\n|upkeep\n|faint|p1a: Drampa\n|faint|p1b: Alakazam\n|\n|t:|1776319212\n|switch|p1b: Sinistcha|Sinistcha, L50|100/100\n|switch|p1a: Pelipper|Pelipper, L50, F|100/100\n|turn|5\n|\n|t:|1776319224\n|move|p2b: Incineroar|Fake Out|p1a: Pelipper\n|-damage|p1a: Pelipper|85/100\n|move|p2a: Politoed|Perish Song|p2a: Politoed\n|-start|p1a: Pelipper|perish3|[silent]\n|-start|p1b: Sinistcha|perish3|[silent]\n|-start|p2a: Politoed|perish3|[silent]\n|-start|p2b: Incineroar|perish3|[silent]\n|-fieldactivate|move: Perish Song\n|cant|p1a: Pelipper|flinch\n|move|p1b: Sinistcha|Matcha Gotcha|p2b: Incineroar|[spread] p2a,p2b\n|-supereffective|p2a: Politoed|1\n|-resisted|p2b: Incineroar|1\n|-damage|p2a: Politoed|61/100\n|-damage|p2b: Incineroar|90/100\n|\n|-weather|RainDance|[upkeep]\n|-start|p2a: Politoed|perish3\n|-start|p1a: Pelipper|perish3\n|-start|p1b: Sinistcha|perish3\n|-start|p2b: Incineroar|perish3\n|upkeep\n|turn|6\n|c|\u2606etrdyfyiu|gg\n|-message|etrdyfyiu forfeited.\n|\n|win|Pixied22\n|raw|etrdyfyiu's rating: 1172 &rarr; <strong>1142</strong><br />(-30 for losing)\n|raw|Pixied22's rating: 1103 &rarr; <strong>1133</strong><br />(+30 for winning)\n|l|\u2606etrdyfyiu\n|player|p1|\n|l|\u2606Pixied22\n|player|p2|\n|j|\u2606etrdyfyiu\n|player|p1|etrdyfyiu|169|\n",
  "uploadtime": 1776319277,
  "views": 23,
  "formatid": "gen9championsvgc2026regma",
  "rating": 1133,
  "private": 0,
  "password": null
}