{
  "id": "gen9championsvgc2026regma-2584160324",
  "format": "[Gen 9 Champions] VGC 2026 Reg M-A",
  "players": [
    "darthbear1976",
    "thecascader34"
  ],
  "log": "|j|\u2606darthbear1976\n|j|\u2606thecascader34\n|t:|1776232396\n|gametype|doubles\n|player|p1|darthbear1976|pokemonranger-gen4|1167\n|player|p2|thecascader34|170|1125\n|gen|9\n|tier|[Gen 9 Champions] VGC 2026 Reg M-A\n|rated|\n|rule|Species Clause: Limit one of each Pok\u00e9mon\n|rule|Item Clause: Limit 1 of each item\n|clearpoke\n|poke|p1|Hawlucha, L50, M|\n|poke|p1|Garchomp, L50, M|\n|poke|p1|Tinkaton, L50, F|\n|poke|p1|Incineroar, L50, M|\n|poke|p1|Whimsicott, L50, F|\n|poke|p1|Milotic, L50, F|\n|poke|p2|Gliscor, L50, M|\n|poke|p2|Tyranitar, L50, M|\n|poke|p2|Torterra, L50, F|\n|poke|p2|Sinistcha, L50|\n|poke|p2|Aggron, L50, M|\n|poke|p2|Arcanine-Hisui, L50, F|\n|teampreview|4\n|inactive|Battle timer is ON: inactive players will automatically lose when time's up. (requested by darthbear1976)\n|inactive|darthbear1976 has 60 seconds left.\n|inactive|thecascader34 has 60 seconds left.\n|\n|t:|1776232444\n|teamsize|p1|4\n|teamsize|p2|4\n|start\n|switch|p1a: Whimsicott|Whimsicott, L50, F|100/100\n|switch|p1b: Milotic|Milotic, L50, F|100/100\n|switch|p2a: Sand Setter|Tyranitar, L50, M|100/100\n|switch|p2b: THE WALL|Aggron, L50, M|100/100\n|-weather|Sandstorm|[from] ability: Sand Stream|[of] p2a: Sand Setter\n|turn|1\n|\n|t:|1776232463\n|detailschange|p2b: THE WALL|Aggron-Mega, L50, M\n|-mega|p2b: THE WALL|Aggron|Aggronite\n|move|p1a: Whimsicott|Tailwind|p1a: Whimsicott\n|-sidestart|p1: darthbear1976|move: Tailwind\n|move|p1b: Milotic|Scald|p2b: THE WALL\n|-damage|p2b: THE WALL|58/100\n|-status|p2b: THE WALL|brn\n|move|p2a: Sand Setter|Knock Off|p1b: Milotic\n|-damage|p1b: Milotic|38/100\n|-enditem|p1b: Milotic|Leftovers|[from] move: Knock Off|[of] p2a: Sand Setter\n|move|p2b: THE WALL|Avalanche|p1a: Whimsicott\n|-supereffective|p1a: Whimsicott|1\n|-damage|p1a: Whimsicott|69/100\n|\n|-weather|Sandstorm|[upkeep]\n|-damage|p1a: Whimsicott|63/100|[from] Sandstorm\n|-damage|p1b: Milotic|32/100|[from] Sandstorm\n|-damage|p2b: THE WALL|52/100 brn|[from] brn\n|upkeep\n|turn|2\n|\n|t:|1776232487\n|switch|p2b: EQ Immune|Gliscor, L50, M|100/100\n|move|p1a: Whimsicott|Fake Tears|p2a: Sand Setter\n|-hint|Since gen 7, Dark is immune to Prankster moves.\n|-immune|p2a: Sand Setter\n|move|p1b: Milotic|Scald|p2a: Sand Setter\n|-supereffective|p2a: Sand Setter|1\n|-damage|p2a: Sand Setter|60/100\n|move|p2a: Sand Setter|Rock Slide|p1b: Milotic|[spread] p1a,p1b\n|-damage|p1a: Whimsicott|16/100\n|-damage|p1b: Milotic|0 fnt\n|faint|p1b: Milotic\n|\n|-weather|Sandstorm|[upkeep]\n|-damage|p1a: Whimsicott|10/100|[from] Sandstorm\n|upkeep\n|c|\u2606thecascader34|happens to us all\n|\n|t:|1776232506\n|switch|p1b: Garchomp|Garchomp, L50, M|100/100\n|turn|3\n|c|\u2606darthbear1976|it does lol pay me no attention\n|\n|t:|1776232531\n|switch|p2a: THE WALL|Aggron-Mega, L50, M|52/100 brn\n|move|p1a: Whimsicott|Moonblast|p2a: THE WALL\n|-resisted|p2a: THE WALL|1\n|-damage|p2a: THE WALL|32/100 brn\n|-unboost|p2a: THE WALL|spa|1\n|move|p1b: Garchomp|Swords Dance|p1b: Garchomp\n|-boost|p1b: Garchomp|atk|2\n|move|p2b: EQ Immune|Swords Dance|p2b: EQ Immune\n|-boost|p2b: EQ Immune|atk|2\n|\n|-weather|Sandstorm|[upkeep]\n|-damage|p1a: Whimsicott|4/100|[from] Sandstorm\n|-damage|p2a: THE WALL|26/100 brn|[from] brn\n|upkeep\n|turn|4\n|\n|t:|1776232551\n|move|p1a: Whimsicott|Moonblast|p2b: EQ Immune\n|-damage|p2b: EQ Immune|50/100\n|move|p1b: Garchomp|Dragon Claw|p2b: EQ Immune\n|-damage|p2b: EQ Immune|0 fnt\n|faint|p2b: EQ Immune\n|move|p2a: THE WALL|Avalanche|p1b: Garchomp\n|-supereffective|p1b: Garchomp|2\n|-damage|p1b: Garchomp|63/100\n|-damage|p2a: THE WALL|13/100 brn|[from] ability: Rough Skin|[of] p1b: Garchomp\n|\n|-weather|Sandstorm|[upkeep]\n|-damage|p1a: Whimsicott|0 fnt|[from] Sandstorm\n|faint|p1a: Whimsicott\n|-damage|p2a: THE WALL|7/100 brn|[from] brn\n|-sideend|p1: darthbear1976|move: Tailwind\n|upkeep\n|\n|t:|1776232565\n|switch|p1a: Hawlucha|Hawlucha, L50, M|100/100\n|switch|p2b: Bulky Support|Sinistcha, L50|100/100\n|-heal|p2a: THE WALL|32/100 brn|[from] ability: Hospitality|[of] p2b: Bulky Support\n|turn|5\n|\n|t:|1776232589\n|detailschange|p1a: Hawlucha|Hawlucha-Mega, L50, M\n|-mega|p1a: Hawlucha|Hawlucha|Hawluchanite\n|move|p1b: Garchomp|Earthquake|p2b: Bulky Support|[spread] p2a,p2b\n|-immune|p1a: Hawlucha\n|-supereffective|p2a: THE WALL|1\n|-resisted|p2b: Bulky Support|1\n|-damage|p2a: THE WALL|0 fnt\n|-damage|p2b: Bulky Support|75/100\n|faint|p2a: THE WALL\n|move|p1a: Hawlucha|Dual Wingbeat|p2b: Bulky Support\n|-supereffective|p2b: Bulky Support|1\n|-damage|p2b: Bulky Support|44/100\n|-supereffective|p2b: Bulky Support|1\n|-damage|p2b: Bulky Support|12/100\n|-hitcount|p2b: Bulky Support|2\n|move|p2b: Bulky Support|Stun Spore|p1b: Garchomp\n|-status|p1b: Garchomp|par\n|\n|-weather|none\n|-heal|p2b: Bulky Support|18/100|[from] item: Leftovers\n|upkeep\n|\n|t:|1776232604\n|switch|p2a: Sand Setter|Tyranitar, L50, M|60/100\n|-weather|Sandstorm|[from] ability: Sand Stream|[of] p2a: Sand Setter\n|turn|6\n|\n|t:|1776232615\n|move|p2b: Bulky Support|Protect|p2b: Bulky Support\n|-singleturn|p2b: Bulky Support|Protect\n|move|p1a: Hawlucha|Rock Slide|p2b: Bulky Support|[spread] p2a\n|-activate|p2b: Bulky Support|move: Protect\n|-damage|p2a: Sand Setter|43/100\n|move|p1b: Garchomp|Earthquake|p2a: Sand Setter|[spread] p2a\n|-activate|p2b: Bulky Support|move: Protect\n|-immune|p1a: Hawlucha\n|-supereffective|p2a: Sand Setter|1\n|-damage|p2a: Sand Setter|0 fnt\n|faint|p2a: Sand Setter\n|\n|-weather|Sandstorm|[upkeep]\n|-damage|p1a: Hawlucha|95/100|[from] Sandstorm\n|-damage|p2b: Bulky Support|12/100|[from] Sandstorm\n|-heal|p2b: Bulky Support|18/100|[from] item: Leftovers\n|upkeep\n|turn|7\n|inactive|thecascader34 has 30 seconds left.\n|\n|t:|1776232643\n|move|p1a: Hawlucha|Dual Wingbeat|p2b: Bulky Support\n|-supereffective|p2b: Bulky Support|1\n|-damage|p2b: Bulky Support|0 fnt\n|faint|p2b: Bulky Support\n|-hitcount|p2: Bulky Support|1\n|\n|win|darthbear1976\n|raw|darthbear1976's rating: 1167 &rarr; <strong>1189</strong><br />(+22 for winning)\n|raw|thecascader34's rating: 1125 &rarr; <strong>1103</strong><br />(-22 for losing)\n|c|\u2606thecascader34|had me thinking Garchomp got Fissure with that lucha there\n|c|\u2606thecascader34|but no just an honest mega lucha\n|c|\u2606darthbear1976|I try to be lol. The OHKO Entrainment sets are annoying, I just like accurate rock and flying attacks.\n|c|\u2606darthbear1976|Besides, real chads dont need entrainment to land their OHKO moves. ;)\n|c|\u2606thecascader34|dead ass\n|l|\u2606thecascader34\n|player|p2|\n|c|\u2606darthbear1976|have a good night!\n",
  "uploadtime": 1776232648,
  "views": 28,
  "formatid": "gen9championsvgc2026regma",
  "rating": 1103,
  "private": 0,
  "password": null
}