{
  "id": "gen9championsvgc2026regma-2588357023",
  "format": "[Gen 9 Champions] VGC 2026 Reg M-A",
  "players": [
    "rob_vgc3",
    "Platydactyl"
  ],
  "log": "|j|\u2606rob_vgc3\n|j|\u2606Platydactyl\n|t:|1776626812\n|gametype|doubles\n|player|p1|rob_vgc3|workerice|1095\n|player|p2|Platydactyl|lady|1035\n|gen|9\n|tier|[Gen 9 Champions] VGC 2026 Reg M-A\n|rated|\n|rule|Species Clause: Limit one of each Pok\u00e9mon\n|rule|Item Clause: Limit 1 of each item\n|clearpoke\n|poke|p1|Feraligatr, L50, M|\n|poke|p1|Gardevoir, L50, F|\n|poke|p1|Sinistcha, L50|\n|poke|p1|Sneasler, L50, F|\n|poke|p1|Talonflame, L50, M|\n|poke|p1|Kingambit, L50, M|\n|poke|p2|Ninetales-Alola, L50, M|\n|poke|p2|Lucario, L50, M|\n|poke|p2|Aerodactyl, L50, F|\n|poke|p2|Maushold-Four, L50|\n|poke|p2|Sinistcha, L50|\n|poke|p2|Milotic, L50, M|\n|teampreview|4\n|\n|t:|1776626833\n|teamsize|p1|4\n|teamsize|p2|4\n|start\n|switch|p1a: Gardevoir|Gardevoir, L50, F|100/100\n|switch|p1b: Talonflame|Talonflame, L50, M|100/100\n|switch|p2a: Ninetales|Ninetales-Alola, L50, M|100/100\n|switch|p2b: Aerodactyl|Aerodactyl, L50, F|100/100\n|-ability|p2b: Aerodactyl|Unnerve\n|-weather|Snowscape|[from] ability: Snow Warning|[of] p2a: Ninetales\n|-ability|p1a: Gardevoir|Snow Warning|Trace|[from] ability: Trace|[of] p2a: Ninetales\n|turn|1\n|\n|t:|1776626862\n|switch|p1b: Feraligatr|Feraligatr, L50, M|100/100\n|move|p2b: Aerodactyl|Taunt|p1b: Feraligatr\n|-start|p1b: Feraligatr|move: Taunt\n|move|p2a: Ninetales|Aurora Veil|p2a: Ninetales\n|-sidestart|p2: Platydactyl|move: Aurora Veil\n|move|p1a: Gardevoir|Trick Room|p1a: Gardevoir\n|-fieldstart|move: Trick Room|[of] p1a: Gardevoir\n|\n|-weather|Snowscape|[upkeep]\n|upkeep\n|turn|2\n|\n|t:|1776626895\n|switch|p2b: Lucario|Lucario, L50, M|100/100\n|detailschange|p1b: Feraligatr|Feraligatr-Mega, L50, M\n|-mega|p1b: Feraligatr|Feraligatr|Feraligite\n|move|p1a: Gardevoir|Hyper Voice|p2a: Ninetales|[spread] p2a,p2b\n|-resisted|p2b: Lucario|1\n|-damage|p2a: Ninetales|84/100\n|-damage|p2b: Lucario|88/100\n|move|p1b: Feraligatr|Double-Edge|p2a: Ninetales\n|-immune|p2a: Ninetales\n|move|p2a: Ninetales|Encore|p1a: Gardevoir\n|-start|p1a: Gardevoir|Encore\n|\n|-weather|Snowscape|[upkeep]\n|upkeep\n|turn|3\n|c|\u2606Platydactyl|?\n|\n|t:|1776626950\n|switch|p1b: Talonflame|Talonflame, L50, M|100/100\n|detailschange|p2b: Lucario|Lucario-Mega, L50, M\n|-mega|p2b: Lucario|Lucario|Lucarionite\n|move|p2b: Lucario|Bullet Punch|p1a: Gardevoir\n|-supereffective|p1a: Gardevoir|1\n|-damage|p1a: Gardevoir|14/100\n|move|p1a: Gardevoir|Hyper Voice|p2b: Lucario|[spread] p2a,p2b\n|-resisted|p2b: Lucario|1\n|-damage|p2a: Ninetales|69/100\n|-damage|p2b: Lucario|75/100\n|move|p2a: Ninetales|Blizzard|p1a: Gardevoir|[spread] p1a,p1b\n|-damage|p1a: Gardevoir|0 fnt\n|-damage|p1b: Talonflame|63/100\n|faint|p1a: Gardevoir\n|\n|-weather|Snowscape|[upkeep]\n|upkeep\n|\n|t:|1776626979\n|switch|p1a: Feraligatr|Feraligatr-Mega, L50, M|100/100\n|turn|4\n|\n|t:|1776626990\n|move|p1a: Feraligatr|Double-Edge|p2b: Lucario\n|-resisted|p2b: Lucario|1\n|-damage|p2b: Lucario|33/100\n|-damage|p1a: Feraligatr|90/100|[from] Recoil\n|move|p2b: Lucario|Swords Dance|p2b: Lucario\n|-boost|p2b: Lucario|atk|2\n|move|p2a: Ninetales|Blizzard|p1a: Feraligatr|[spread] p1a,p1b\n|-damage|p1a: Feraligatr|65/100\n|-damage|p1b: Talonflame|24/100\n|move|p1b: Talonflame|Flare Blitz|p2a: Ninetales\n|-supereffective|p2a: Ninetales|1\n|-damage|p2a: Ninetales|22/100\n|-damage|p1b: Talonflame|6/100|[from] Recoil\n|\n|-weather|Snowscape|[upkeep]\n|upkeep\n|turn|5\n|\n|t:|1776627033\n|move|p1b: Talonflame|Protect|p1b: Talonflame\n|-singleturn|p1b: Talonflame|Protect\n|move|p1a: Feraligatr|Double-Edge|p2b: Lucario\n|-resisted|p2b: Lucario|1\n|-crit|p2b: Lucario\n|-damage|p2b: Lucario|0 fnt\n|faint|p2b: Lucario\n|-damage|p1a: Feraligatr|57/100|[from] Recoil\n|move|p2a: Ninetales|Blizzard|p1b: Talonflame|[spread] p1a\n|-activate|p1b: Talonflame|move: Protect\n|-damage|p1a: Feraligatr|31/100\n|\n|-weather|none\n|-sideend|p2: Platydactyl|move: Aurora Veil\n|-fieldend|move: Trick Room\n|upkeep\n|\n|t:|1776627047\n|switch|p2b: Aerodactyl|Aerodactyl, L50, F|100/100\n|-ability|p2b: Aerodactyl|Unnerve\n|turn|6\n|\n|t:|1776627057\n|switch|p2a: Maushold|Maushold-Four, L50|100/100\n|move|p1b: Talonflame|Tailwind|p1b: Talonflame\n|-sidestart|p1: rob_vgc3|move: Tailwind\n|move|p1a: Feraligatr|Liquidation|p2b: Aerodactyl\n|-supereffective|p2b: Aerodactyl|1\n|-damage|p2b: Aerodactyl|0 fnt\n|faint|p2b: Aerodactyl\n|\n|upkeep\n|\n|t:|1776627060\n|switch|p2b: Ninetales|Ninetales-Alola, L50, M|22/100\n|-weather|Snowscape|[from] ability: Snow Warning|[of] p2b: Ninetales\n|turn|7\n|\n|t:|1776627076\n|switch|p1b: Sinistcha|Sinistcha, L50|100/100\n|-heal|p1a: Feraligatr|55/100|[from] ability: Hospitality|[of] p1b: Sinistcha\n|move|p2a: Maushold|Follow Me|p2a: Maushold\n|-singleturn|p2a: Maushold|move: Follow Me\n|move|p1a: Feraligatr|Double-Edge|p2a: Maushold\n|-damage|p2a: Maushold|0 fnt\n|faint|p2a: Maushold\n|-damage|p1a: Feraligatr|24/100|[from] Recoil\n|move|p2b: Ninetales|Blizzard|p1b: Sinistcha|[spread] p1a,p1b\n|-supereffective|p1b: Sinistcha|1\n|-damage|p1a: Feraligatr|0 fnt\n|-damage|p1b: Sinistcha|49/100\n|-status|p1b: Sinistcha|frz\n|-enditem|p1b: Sinistcha|Sitrus Berry|[eat]\n|-heal|p1b: Sinistcha|74/100 frz|[from] item: Sitrus Berry\n|faint|p1a: Feraligatr\n|\n|-weather|Snowscape|[upkeep]\n|upkeep\n|\n|t:|1776627097\n|switch|p1a: Talonflame|Talonflame, L50, M|6/100\n|turn|8\n|\n|t:|1776627110\n|move|p1a: Talonflame|Flare Blitz|p2b: Ninetales\n|-supereffective|p2b: Ninetales|1\n|-damage|p2b: Ninetales|0 fnt\n|faint|p2b: Ninetales\n|-damage|p1a: Talonflame|0 fnt|[from] Recoil\n|faint|p1a: Talonflame\n|\n|win|rob_vgc3\n|raw|rob_vgc3's rating: 1095 &rarr; <strong>1116</strong><br />(+21 for winning)\n|raw|Platydactyl's rating: 1035 &rarr; <strong>1022</strong><br />(-13 for losing)\n|l|\u2606Platydactyl\n|player|p2|\n",
  "uploadtime": 1776627122,
  "views": 19,
  "formatid": "gen9championsvgc2026regma",
  "rating": 1022,
  "private": 0,
  "password": null
}