{
  "id": "gen9championsvgc2026regma-2589405619",
  "format": "[Gen 9 Champions] VGC 2026 Reg M-A",
  "players": [
    "heroisemcalssa",
    "nk.luna"
  ],
  "log": "|j|\u2606heroisemcalssa\n|j|\u2606nk.luna\n|t:|1776720292\n|gametype|doubles\n|player|p1|heroisemcalssa|swimmer|1209\n|player|p2|nk.luna|marley|1177\n|gen|9\n|tier|[Gen 9 Champions] VGC 2026 Reg M-A\n|rated|\n|rule|Species Clause: Limit one of each Pok\u00e9mon\n|rule|Item Clause: Limit 1 of each item\n|clearpoke\n|poke|p1|Garchomp, L50, F, shiny|\n|poke|p1|Venusaur, L50, F, shiny|\n|poke|p1|Whimsicott, L50, M, shiny|\n|poke|p1|Charizard, L50, F, shiny|\n|poke|p1|Kingambit, L50, F|\n|poke|p1|Sneasler, L50, M|\n|poke|p2|Gardevoir, L50, F, shiny|\n|poke|p2|Whimsicott, L50, M|\n|poke|p2|Primarina, L50, M|\n|poke|p2|Meowstic, L50, M|\n|poke|p2|Ceruledge, L50, F|\n|poke|p2|Meowscarada, L50, M|\n|teampreview|4\n|inactive|Battle timer is ON: inactive players will automatically lose when time's up. (requested by nk.luna)\n|inactive|heroisemcalssa has 60 seconds left.\n|\n|t:|1776720352\n|teamsize|p1|4\n|teamsize|p2|4\n|start\n|switch|p1a: Sneasler|Sneasler, L50, M|100/100\n|switch|p1b: Garchomp|Garchomp, L50, F, shiny|100/100\n|switch|p2a: whimsi|Whimsicott, L50, M|100/100\n|switch|p2b: Meowstic|Meowstic, L50, M|100/100\n|turn|1\n|\n|t:|1776720376\n|move|p2a: whimsi|Tailwind|p2a: whimsi\n|-sidestart|p2: nk.luna|move: Tailwind\n|move|p2b: Meowstic|Expanding Force|p1a: Sneasler\n|-supereffective|p1a: Sneasler|2\n|-damage|p1a: Sneasler|0 fnt\n|faint|p1a: Sneasler\n|move|p1b: Garchomp|Rock Slide|p2a: whimsi|[spread] p2a,p2b\n|-damage|p2a: whimsi|77/100\n|-damage|p2b: Meowstic|80/100\n|\n|upkeep\n|\n|t:|1776720389\n|switch|p1a: Charizard|Charizard, L50, F, shiny|100/100\n|turn|2\n|\n|t:|1776720397\n|detailschange|p1a: Charizard|Charizard-Mega-Y, L50, F, shiny\n|-mega|p1a: Charizard|Charizard|Charizardite Y\n|-weather|SunnyDay|[from] ability: Drought|[of] p1a: Charizard\n|move|p2b: Meowstic|Psychic Terrain|p2b: Meowstic\n|-fieldstart|move: Psychic Terrain\n|move|p2a: whimsi|Moonblast|p1b: Garchomp\n|-supereffective|p1b: Garchomp|1\n|-damage|p1b: Garchomp|40/100\n|move|p1a: Charizard|Heat Wave|p2a: whimsi|[spread] p2a,p2b\n|-supereffective|p2a: whimsi|1\n|-damage|p2a: whimsi|0 fnt\n|-damage|p2b: Meowstic|8/100\n|faint|p2a: whimsi\n|move|p1b: Garchomp|Rock Slide|p2b: Meowstic\n|-damage|p2b: Meowstic|0 fnt\n|faint|p2b: Meowstic\n|\n|-weather|SunnyDay|[upkeep]\n|upkeep\n|\n|t:|1776720412\n|switch|p2a: Primarina|Primarina, L50, M|100/100\n|switch|p2b: Gardevoir|Gardevoir, L50, F, shiny|100/100\n|turn|3\n|inactive|heroisemcalssa has 30 seconds left.\n|\n|t:|1776720438\n|detailschange|p2b: Gardevoir|Gardevoir-Mega, L50, F, shiny\n|-mega|p2b: Gardevoir|Gardevoir|Gardevoirite\n|move|p1a: Charizard|Protect|p1a: Charizard\n|-singleturn|p1a: Charizard|Protect\n|move|p1b: Garchomp|Protect|p1b: Garchomp\n|-singleturn|p1b: Garchomp|Protect\n|move|p2b: Gardevoir|Expanding Force|p1a: Charizard|[spread] \n|-activate|p1a: Charizard|move: Protect\n|-activate|p1b: Garchomp|move: Protect\n|move|p2a: Primarina|Hyper Voice|p1b: Garchomp|[spread] \n|-activate|p1a: Charizard|move: Protect\n|-activate|p1b: Garchomp|move: Protect\n|\n|-weather|SunnyDay|[upkeep]\n|upkeep\n|turn|4\n|\n|t:|1776720453\n|move|p2b: Gardevoir|Expanding Force|p1a: Charizard|[spread] p1a,p1b\n|-damage|p1a: Charizard|27/100\n|-damage|p1b: Garchomp|0 fnt\n|faint|p1b: Garchomp\n|move|p2a: Primarina|Hyper Voice|p1a: Charizard\n|-supereffective|p1a: Charizard|1\n|-damage|p1a: Charizard|0 fnt\n|faint|p1a: Charizard\n|\n|-weather|SunnyDay|[upkeep]\n|-sideend|p2: nk.luna|move: Tailwind\n|upkeep\n|\n|t:|1776720456\n|switch|p1a: Venusaur|Venusaur, L50, F, shiny|100/100\n|turn|5\n|\n|t:|1776720472\n|move|p2b: Gardevoir|Protect|p2b: Gardevoir\n|-singleturn|p2b: Gardevoir|Protect\n|move|p1a: Venusaur|Sludge Bomb|p2b: Gardevoir\n|-activate|p2b: Gardevoir|move: Protect\n|move|p2a: Primarina|Moonblast|p1a: Venusaur\n|-resisted|p1a: Venusaur|1\n|-damage|p1a: Venusaur|71/100\n|\n|-weather|SunnyDay|[upkeep]\n|upkeep\n|turn|6\n|\n|t:|1776720489\n|move|p2b: Gardevoir|Protect|p2b: Gardevoir\n|-singleturn|p2b: Gardevoir|Protect\n|move|p1a: Venusaur|Sludge Bomb|p2b: Gardevoir\n|-activate|p2b: Gardevoir|move: Protect\n|move|p2a: Primarina|Moonblast|p1a: Venusaur\n|-resisted|p1a: Venusaur|1\n|-damage|p1a: Venusaur|45/100\n|\n|-weather|none\n|-fieldend|move: Psychic Terrain\n|upkeep\n|turn|7\n|\n|t:|1776720500\n|move|p2b: Gardevoir|Expanding Force|p1a: Venusaur\n|-supereffective|p1a: Venusaur|1\n|-damage|p1a: Venusaur|0 fnt\n|faint|p1a: Venusaur\n|\n|win|nk.luna\n|raw|heroisemcalssa's rating: 1209 &rarr; <strong>1182</strong><br />(-27 for losing)\n|raw|nk.luna's rating: 1177 &rarr; <strong>1204</strong><br />(+27 for winning)\n",
  "uploadtime": 1776720504,
  "views": 6,
  "formatid": "gen9championsvgc2026regma",
  "rating": 1182,
  "private": 0,
  "password": null
}