{
  "id": "gen9championsvgc2026regma-2582100876",
  "format": "[Gen 9 Champions] VGC 2026 Reg M-A",
  "players": [
    "matthematical",
    "miyukivgc2021"
  ],
  "log": "|j|\u2606matthematical\n|j|\u2606miyukivgc2021\n|t:|1776057951\n|gametype|doubles\n|player|p1|matthematical|red|1091\n|player|p2|miyukivgc2021|266|1173\n|gen|9\n|tier|[Gen 9 Champions] VGC 2026 Reg M-A\n|rated|\n|rule|Species Clause: Limit one of each Pok\u00e9mon\n|rule|Item Clause: Limit 1 of each item\n|clearpoke\n|poke|p1|Torkoal, L50, M|\n|poke|p1|Heliolisk, L50, M|\n|poke|p1|Scizor, L50, M|\n|poke|p1|Politoed, L50, M|\n|poke|p1|Sneasler, L50, F|\n|poke|p1|Decidueye, L50, M|\n|poke|p2|Kangaskhan, L50, F|\n|poke|p2|Pelipper, L50, F|\n|poke|p2|Sneasler, L50, M|\n|poke|p2|Farigiraf, L50, F|\n|poke|p2|Basculegion, L50, M|\n|poke|p2|Manectric, L50, M|\n|teampreview|4\n|inactive|Battle timer is ON: inactive players will automatically lose when time's up. (requested by matthematical)\n|inactive|miyukivgc2021 has 60 seconds left.\n|\n|t:|1776057993\n|teamsize|p1|4\n|teamsize|p2|4\n|start\n|switch|p1a: Torkoal|Torkoal, L50, M|100/100\n|switch|p1b: Heliolisk|Heliolisk, L50, M|100/100\n|switch|p2a: Kangaskhan|Kangaskhan, L50, F|100/100\n|switch|p2b: Basculegion|Basculegion, L50, M, shiny|100/100\n|-weather|SunnyDay|[from] ability: Drought|[of] p1a: Torkoal\n|turn|1\n|\n|t:|1776058017\n|move|p1b: Heliolisk|Protect|p1b: Heliolisk\n|-singleturn|p1b: Heliolisk|Protect\n|move|p2a: Kangaskhan|Fake Out|p1b: Heliolisk\n|-activate|p1b: Heliolisk|move: Protect\n|move|p2b: Basculegion|Flip Turn|p1a: Torkoal\n|-supereffective|p1a: Torkoal|1\n|-damage|p1a: Torkoal|78/100\n|\n|t:|1776058024\n|switch|p2b: Pelipper|Pelipper, L50, F|100/100|[from] Flip Turn\n|-weather|RainDance|[from] ability: Drizzle|[of] p2b: Pelipper\n|move|p1a: Torkoal|Solar Beam||[still]\n|-prepare|p1a: Torkoal|Solar Beam\n|\n|-weather|RainDance|[upkeep]\n|upkeep\n|turn|2\n|\n|t:|1776058036\n|move|p1b: Heliolisk|Thunder|p2b: Pelipper\n|-supereffective|p2b: Pelipper|2\n|-enditem|p2b: Pelipper|Focus Sash\n|-damage|p2b: Pelipper|1/100\n|move|p2a: Kangaskhan|Last Resort|p1b: Heliolisk\n|-crit|p1b: Heliolisk\n|-damage|p1b: Heliolisk|0 fnt\n|faint|p1b: Heliolisk\n|move|p2b: Pelipper|Weather Ball|p1a: Torkoal\n|-supereffective|p1a: Torkoal|1\n|-damage|p1a: Torkoal|0 fnt\n|faint|p1a: Torkoal\n|\n|-weather|RainDance|[upkeep]\n|upkeep\n|\n|t:|1776058049\n|switch|p1b: Politoed|Politoed, L50, M|100/100\n|switch|p1a: Scizor|Scizor, L50, M, shiny|100/100\n|turn|3\n|\n|t:|1776058056\n|detailschange|p1a: Scizor|Scizor-Mega, L50, M, shiny\n|-mega|p1a: Scizor|Scizor|Scizorite\n|move|p1b: Politoed|Protect|p1b: Politoed\n|-singleturn|p1b: Politoed|Protect\n|move|p1a: Scizor|Bullet Punch|p2b: Pelipper\n|-resisted|p2b: Pelipper|1\n|-damage|p2b: Pelipper|0 fnt\n|faint|p2b: Pelipper\n|move|p2a: Kangaskhan|Last Resort|p1b: Politoed\n|-activate|p1b: Politoed|move: Protect\n|\n|-weather|RainDance|[upkeep]\n|upkeep\n|\n|t:|1776058066\n|switch|p2b: Manectric|Manectric, L50, M|100/100\n|turn|4\n|\n|t:|1776058075\n|detailschange|p2b: Manectric|Manectric-Mega, L50, M\n|-mega|p2b: Manectric|Manectric|Manectite\n|-ability|p2b: Manectric|Intimidate|boost\n|-unboost|p1a: Scizor|atk|1\n|-unboost|p1b: Politoed|atk|1\n|move|p2b: Manectric|Thunder Wave|p1a: Scizor\n|-status|p1a: Scizor|par\n|move|p2a: Kangaskhan|Last Resort|p1b: Politoed\n|-damage|p1b: Politoed|35/100\n|move|p1b: Politoed|Weather Ball|p2b: Manectric\n|-damage|p2b: Manectric|38/100\n|move|p1a: Scizor|Hard Press|p2a: Kangaskhan\n|-damage|p2a: Kangaskhan|57/100\n|\n|-weather|RainDance|[upkeep]\n|-heal|p1b: Politoed|41/100|[from] item: Leftovers\n|upkeep\n|turn|5\n|\n|t:|1776058092\n|move|p1b: Politoed|Protect|p1b: Politoed\n|-singleturn|p1b: Politoed|Protect\n|move|p2b: Manectric|Thunderbolt|p1a: Scizor\n|-damage|p1a: Scizor|60/100 par\n|move|p2a: Kangaskhan|Last Resort|p1a: Scizor\n|-resisted|p1a: Scizor|1\n|-damage|p1a: Scizor|33/100 par\n|move|p1a: Scizor|Hard Press|p2a: Kangaskhan\n|-damage|p2a: Kangaskhan|18/100\n|\n|-weather|none\n|-heal|p1b: Politoed|47/100|[from] item: Leftovers\n|upkeep\n|turn|6\n|\n|t:|1776058107\n|move|p1a: Scizor|Bullet Punch|p2a: Kangaskhan\n|-damage|p2a: Kangaskhan|0 fnt\n|faint|p2a: Kangaskhan\n|move|p2b: Manectric|Thunderbolt|p1b: Politoed\n|-supereffective|p1b: Politoed|1\n|-damage|p1b: Politoed|0 fnt\n|faint|p1b: Politoed\n|\n|upkeep\n|\n|t:|1776058113\n|switch|p2a: Basculegion|Basculegion, L50, M, shiny|100/100\n|turn|7\n|\n|t:|1776058121\n|move|p2b: Manectric|Thunderbolt|p1a: Scizor\n|-damage|p1a: Scizor|0 fnt\n|faint|p1a: Scizor\n|\n|win|miyukivgc2021\n|raw|matthematical's rating: 1091 &rarr; <strong>1073</strong><br />(-18 for losing)\n|raw|miyukivgc2021's rating: 1173 &rarr; <strong>1192</strong><br />(+19 for winning)\n|c|\u2606matthematical|gg\n|l|\u2606matthematical\n|player|p1|\n",
  "uploadtime": 1776058155,
  "views": 10,
  "formatid": "gen9championsvgc2026regma",
  "rating": 1073,
  "private": 0,
  "password": null
}