{
  "id": "gen9championsvgc2026regma-2580367338",
  "format": "[Gen 9 Champions] VGC 2026 Reg M-A",
  "players": [
    "KinimaP",
    "AndreHero007"
  ],
  "log": "|j|\u2606KinimaP\n|j|\u2606AndreHero007\n|t:|1775886086\n|gametype|doubles\n|player|p1|KinimaP|2|1040\n|player|p2|AndreHero007|scientist|1000\n|gen|9\n|tier|[Gen 9 Champions] VGC 2026 Reg M-A\n|rated|\n|rule|Species Clause: Limit one of each Pok\u00e9mon\n|rule|Item Clause: Limit 1 of each item\n|clearpoke\n|poke|p1|Floette-Eternal, L50, F|\n|poke|p1|Delphox, L50, F|\n|poke|p1|Maushold-Four, L50|\n|poke|p1|Aerodactyl, L50, M|\n|poke|p1|Garchomp, L50, M|\n|poke|p1|Incineroar, L50, M|\n|poke|p2|Clefable, L50, F|\n|poke|p2|Ampharos, L50, F|\n|poke|p2|Garchomp, L50, M|\n|poke|p2|Beedrill, L50, F|\n|poke|p2|Venusaur, L50, F|\n|poke|p2|Greninja-*, L50, F|\n|teampreview|4\n|inactive|Battle timer is ON: inactive players will automatically lose when time's up. (requested by AndreHero007)\n|\n|t:|1775886112\n|teamsize|p1|4\n|teamsize|p2|4\n|start\n|switch|p1a: Floette|Floette-Eternal, L50, F|100/100\n|switch|p1b: Maushold|Maushold-Four, L50|100/100\n|switch|p2a: Greninja|Greninja, L50, F|100/100\n|switch|p2b: Marchomp|Garchomp, L50, M|100/100\n|turn|1\n|\n|t:|1775886136\n|detailschange|p1a: Floette|Floette-Mega, L50, F\n|-mega|p1a: Floette|Floette|Floettite\n|-ability|p1a: Floette|Fairy Aura\n|move|p1b: Maushold|Follow Me|p1b: Maushold\n|-singleturn|p1b: Maushold|move: Follow Me\n|move|p2a: Greninja|Surf|p1b: Maushold|[spread] p2b,p1a,p1b\n|-start|p2a: Greninja|typechange|Water|[from] ability: Protean\n|-crit|p2b: Marchomp\n|-crit|p1b: Maushold\n|-damage|p2b: Marchomp|61/100\n|-damage|p1a: Floette|83/100\n|-damage|p1b: Maushold|47/100\n|move|p2b: Marchomp|Swords Dance|p2b: Marchomp\n|-boost|p2b: Marchomp|atk|2\n|move|p1a: Floette|Calm Mind|p1a: Floette\n|-boost|p1a: Floette|spa|1\n|-boost|p1a: Floette|spd|1\n|\n|upkeep\n|turn|2\n|\n|t:|1775886157\n|move|p2a: Greninja|Protect|p2a: Greninja\n|-singleturn|p2a: Greninja|Protect\n|move|p1b: Maushold|Protect|p1b: Maushold\n|-singleturn|p1b: Maushold|Protect\n|move|p2b: Marchomp|Earthquake|p1a: Floette|[spread] p1a\n|-activate|p2a: Greninja|move: Protect\n|-activate|p1b: Maushold|move: Protect\n|-damage|p1a: Floette|16/100\n|move|p1a: Floette|Dazzling Gleam|p2a: Greninja|[spread] p2b\n|-activate|p2a: Greninja|move: Protect\n|-supereffective|p2b: Marchomp|1\n|-damage|p2b: Marchomp|0 fnt\n|faint|p2b: Marchomp\n|\n|upkeep\n|\n|t:|1775886176\n|switch|p2b: Ampharos|Ampharos, L50, F|100/100\n|turn|3\n|\n|t:|1775886191\n|detailschange|p2b: Ampharos|Ampharos-Mega, L50, F\n|-mega|p2b: Ampharos|Ampharos|Ampharosite\n|-ability|p2b: Ampharos|Mold Breaker\n|move|p2a: Greninja|Surf|p1b: Maushold|[spread] p2b,p1a,p1b\n|-resisted|p2b: Ampharos|1\n|-damage|p2b: Ampharos|84/100\n|-damage|p1a: Floette|6/100\n|-damage|p1b: Maushold|10/100\n|move|p1b: Maushold|Super Fang|p2a: Greninja\n|-damage|p2a: Greninja|51/100\n|move|p1a: Floette|Dazzling Gleam|p2b: Ampharos|[spread] p2a,p2b\n|-supereffective|p2b: Ampharos|1\n|-damage|p2a: Greninja|0 fnt\n|-damage|p2b: Ampharos|0 fnt\n|faint|p2a: Greninja\n|faint|p2b: Ampharos\n|\n|upkeep\n|\n|t:|1775886205\n|switch|p2a: Clefable|Clefable, L50, F|100/100\n|turn|4\n|\n|t:|1775886219\n|move|p1b: Maushold|Super Fang|p2a: Clefable\n|-damage|p2a: Clefable|50/100\n|move|p2a: Clefable|Alluring Voice|p1a: Floette\n|-damage|p1a: Floette|0 fnt\n|faint|p1a: Floette\n|\n|upkeep\n|\n|t:|1775886229\n|switch|p1a: Aerodactyl|Aerodactyl, L50, M|100/100\n|-ability|p1a: Aerodactyl|Unnerve\n|turn|5\n|\n|t:|1775886241\n|move|p1a: Aerodactyl|Rock Slide|p2a: Clefable|[miss]\n|-miss|p1a: Aerodactyl|p2a: Clefable\n|move|p1b: Maushold|Taunt|p2a: Clefable\n|-start|p2a: Clefable|move: Taunt\n|move|p2a: Clefable|Alluring Voice|p1b: Maushold\n|-damage|p1b: Maushold|0 fnt\n|faint|p1b: Maushold\n|\n|upkeep\n|\n|t:|1775886251\n|switch|p1b: Garchomp|Garchomp, L50, M|100/100\n|turn|6\n|\n|t:|1775886258\n|move|p1a: Aerodactyl|Rock Slide|p2a: Clefable\n|-damage|p2a: Clefable|19/100\n|move|p2a: Clefable|Alluring Voice|p1b: Garchomp\n|-supereffective|p1b: Garchomp|1\n|-damage|p1b: Garchomp|43/100\n|move|p1b: Garchomp|Earthquake|p2a: Clefable|[spread] p2a\n|-immune|p1a: Aerodactyl\n|-damage|p2a: Clefable|0 fnt\n|faint|p2a: Clefable\n|\n|win|KinimaP\n|raw|KinimaP's rating: 1040 &rarr; <strong>1070</strong><br />(+30 for winning)\n|raw|AndreHero007's rating: 1000 &rarr; <strong>1000</strong><br />(+0 for losing)\n|l|\u2606AndreHero007\n|player|p2|\n",
  "uploadtime": 1775886272,
  "views": 28,
  "formatid": "gen9championsvgc2026regma",
  "rating": 1000,
  "private": 0,
  "password": null
}