{
  "id": "gen9championsvgc2026regma-2583421616",
  "format": "[Gen 9 Champions] VGC 2026 Reg M-A",
  "players": [
    "Czxcdx",
    "Ndkdsdd"
  ],
  "log": "|j|\u2606Czxcdx\n|j|\u2606Ndkdsdd\n|t:|1776174555\n|gametype|doubles\n|player|p1|Czxcdx|101|1115\n|player|p2|Ndkdsdd|265|1049\n|gen|9\n|tier|[Gen 9 Champions] VGC 2026 Reg M-A\n|rated|\n|rule|Species Clause: Limit one of each Pok\u00e9mon\n|rule|Item Clause: Limit 1 of each item\n|clearpoke\n|poke|p1|Dragonite, L50, M|\n|poke|p1|Pelipper, L50, M|\n|poke|p1|Incineroar, L50, M|\n|poke|p1|Sinistcha, L50|\n|poke|p1|Hawlucha, L50, M|\n|poke|p1|Archaludon, L50, M|\n|poke|p2|Sableye, L50, F|\n|poke|p2|Corviknight, L50, F|\n|poke|p2|Luxray, L50, M|\n|poke|p2|Aggron, L50, M|\n|poke|p2|Tyranitar, L50, M|\n|poke|p2|Bellibolt, L50, M|\n|teampreview|4\n|\n|t:|1776174586\n|teamsize|p1|4\n|teamsize|p2|4\n|start\n|switch|p1a: Incineroar|Incineroar, L50, M|100/100\n|switch|p1b: Archaludon|Archaludon, L50, M|100/100\n|switch|p2a: Aggron|Aggron, L50, M, shiny|100/100\n|switch|p2b: Luxray|Luxray, L50, M, shiny|100/100\n|-ability|p2b: Luxray|Intimidate|boost\n|-unboost|p1a: Incineroar|atk|1\n|-unboost|p1b: Archaludon|atk|1\n|-ability|p1a: Incineroar|Intimidate|boost\n|-unboost|p2a: Aggron|atk|1\n|-unboost|p2b: Luxray|atk|1\n|turn|1\n|inactive|Battle timer is ON: inactive players will automatically lose when time's up. (requested by Czxcdx)\n|\n|t:|1776174619\n|detailschange|p2a: Aggron|Aggron-Mega, L50, M, shiny\n|-mega|p2a: Aggron|Aggron|Aggronite\n|move|p1b: Archaludon|Protect|p1b: Archaludon\n|-singleturn|p1b: Archaludon|Protect\n|move|p2a: Aggron|Protect|p2a: Aggron\n|-singleturn|p2a: Aggron|Protect\n|move|p2b: Luxray|Volt Switch|p1a: Incineroar\n|-damage|p1a: Incineroar|81/100\n|\n|t:|1776174630\n|switch|p2b: Tyranitar|Tyranitar, L50, M, shiny|100/100|[from] Volt Switch\n|-weather|Sandstorm|[from] ability: Sand Stream|[of] p2b: Tyranitar\n|move|p1a: Incineroar|Parting Shot|p2a: Aggron\n|-activate|p2a: Aggron|move: Protect\n|\n|-weather|Sandstorm|[upkeep]\n|-damage|p1a: Incineroar|75/100|[from] Sandstorm\n|upkeep\n|turn|2\n|\n|t:|1776174645\n|switch|p1a: Pelipper|Pelipper, L50, M|100/100\n|-weather|RainDance|[from] ability: Drizzle|[of] p1a: Pelipper\n|move|p2b: Tyranitar|Sandstorm|p2b: Tyranitar\n|-weather|Sandstorm\n|move|p1b: Archaludon|Flash Cannon|p2b: Tyranitar\n|-supereffective|p2b: Tyranitar|1\n|-damage|p2b: Tyranitar|35/100\n|move|p2a: Aggron|Iron Defense|p2a: Aggron\n|-boost|p2a: Aggron|def|2\n|\n|-weather|Sandstorm|[upkeep]\n|-damage|p1a: Pelipper|95/100|[from] Sandstorm\n|upkeep\n|turn|3\n|\n|t:|1776174663\n|move|p2b: Tyranitar|Rock Slide|p1a: Pelipper|[spread] p1a,p1b\n|-supereffective|p1a: Pelipper|1\n|-resisted|p1b: Archaludon|1\n|-damage|p1a: Pelipper|29/100\n|-damage|p1b: Archaludon|88/100\n|move|p1b: Archaludon|Flash Cannon|p2b: Tyranitar\n|-supereffective|p2b: Tyranitar|1\n|-damage|p2b: Tyranitar|0 fnt\n|faint|p2b: Tyranitar\n|move|p1a: Pelipper|Tailwind|p1a: Pelipper\n|-sidestart|p1: Czxcdx|move: Tailwind\n|move|p2a: Aggron|Body Press|p1b: Archaludon\n|-supereffective|p1b: Archaludon|1\n|-damage|p1b: Archaludon|0 fnt\n|faint|p1b: Archaludon\n|\n|-weather|Sandstorm|[upkeep]\n|-damage|p1a: Pelipper|23/100|[from] Sandstorm\n|upkeep\n|\n|t:|1776174681\n|switch|p2b: Bellibolt|Bellibolt, L50, M, shiny|100/100\n|switch|p1b: Incineroar|Incineroar, L50, M|75/100\n|-ability|p1b: Incineroar|Intimidate|boost\n|-unboost|p2a: Aggron|atk|1\n|-unboost|p2b: Bellibolt|atk|1\n|turn|4\n|\n|t:|1776174690\n|move|p1a: Pelipper|Protect|p1a: Pelipper\n|-singleturn|p1a: Pelipper|Protect\n|move|p1b: Incineroar|Flamethrower|p2a: Aggron\n|-supereffective|p2a: Aggron|1\n|-damage|p2a: Aggron|65/100\n|move|p2a: Aggron|Body Press|p1b: Incineroar\n|-supereffective|p1b: Incineroar|1\n|-damage|p1b: Incineroar|0 fnt\n|faint|p1b: Incineroar\n|move|p2b: Bellibolt|Parabolic Charge|p1a: Pelipper|[spread] p2a\n|-activate|p1a: Pelipper|move: Protect\n|-damage|p2a: Aggron|51/100\n|\n|-weather|Sandstorm|[upkeep]\n|-damage|p1a: Pelipper|17/100|[from] Sandstorm\n|-damage|p2b: Bellibolt|94/100|[from] Sandstorm\n|upkeep\n|\n|t:|1776174706\n|switch|p1b: Hawlucha|Hawlucha, L50, M|100/100\n|turn|5\n|\n|t:|1776174717\n|detailschange|p1b: Hawlucha|Hawlucha-Mega, L50, M\n|-mega|p1b: Hawlucha|Hawlucha|Hawluchanite\n|move|p2a: Aggron|Protect|p2a: Aggron\n|-singleturn|p2a: Aggron|Protect\n|move|p1b: Hawlucha|Close Combat|p2a: Aggron\n|-activate|p2a: Aggron|move: Protect\n|move|p1a: Pelipper|Weather Ball|p2b: Bellibolt\n|-damage|p2b: Bellibolt|79/100\n|-start|p2b: Bellibolt|Charge|Weather Ball|[from] ability: Electromorphosis\n|move|p2b: Bellibolt|Parabolic Charge|p1b: Hawlucha|[spread] p1a,p1b\n|-activate|p2a: Aggron|move: Protect\n|-supereffective|p1a: Pelipper|2\n|-supereffective|p1b: Hawlucha|1\n|-damage|p1a: Pelipper|0 fnt\n|-heal|p2b: Bellibolt|86/100|[from] drain|[of] p1a: Pelipper\n|-damage|p1b: Hawlucha|22/100\n|-heal|p2b: Bellibolt|100/100|[from] drain|[of] p1b: Hawlucha\n|faint|p1a: Pelipper\n|-end|p2b: Bellibolt|Charge|[silent]\n|\n|-weather|Sandstorm|[upkeep]\n|-damage|p1b: Hawlucha|16/100|[from] Sandstorm\n|-damage|p2b: Bellibolt|94/100|[from] Sandstorm\n|upkeep\n|turn|6\n|-message|Czxcdx forfeited.\n|\n|win|Ndkdsdd\n|raw|Czxcdx's rating: 1115 &rarr; <strong>1085</strong><br />(-30 for losing)\n|raw|Ndkdsdd's rating: 1049 &rarr; <strong>1088</strong><br />(+39 for winning)\n|l|\u2606Czxcdx\n|player|p1|\n",
  "uploadtime": 1776174739,
  "views": 17,
  "formatid": "gen9championsvgc2026regma",
  "rating": 1085,
  "private": 0,
  "password": null
}