{
  "id": "gen9championsvgc2026regma-2582288239",
  "format": "[Gen 9 Champions] VGC 2026 Reg M-A",
  "players": [
    "dabhae",
    "Lucid021"
  ],
  "log": "|j|\u2606dabhae\n|j|\u2606Lucid021\n|t:|1776080077\n|gametype|doubles\n|player|p1|dabhae|guzma|1020\n|player|p2|Lucid021|caitlin|1000\n|gen|9\n|tier|[Gen 9 Champions] VGC 2026 Reg M-A\n|rated|\n|rule|Species Clause: Limit one of each Pok\u00e9mon\n|rule|Item Clause: Limit 1 of each item\n|clearpoke\n|poke|p1|Gengar, L50, F|\n|poke|p1|Politoed, L50, F|\n|poke|p1|Altaria, L50, F|\n|poke|p1|Sneasler, L50, M|\n|poke|p1|Archaludon, L50, F|\n|poke|p1|Rotom-Wash, L50|\n|poke|p2|Sneasler, L50, M|\n|poke|p2|Aerodactyl, L50, M|\n|poke|p2|Incineroar, L50, M|\n|poke|p2|Garchomp, L50, M|\n|poke|p2|Froslass, L50, F|\n|poke|p2|Tinkaton, L50, F|\n|teampreview|4\n|\n|t:|1776080116\n|teamsize|p1|4\n|teamsize|p2|4\n|start\n|switch|p1a: Gengar|Gengar, L50, F|100/100\n|switch|p1b: Sneasler|Sneasler, L50, M|100/100\n|switch|p2a: Incineroar|Incineroar, L50, M|100/100\n|switch|p2b: Aerodactyl|Aerodactyl, L50, M|100/100\n|-ability|p2b: Aerodactyl|Unnerve\n|-ability|p2a: Incineroar|Intimidate|boost\n|-unboost|p1a: Gengar|atk|1\n|-unboost|p1b: Sneasler|atk|1\n|-enditem|p1b: Sneasler|White Herb\n|-clearnegativeboost|p1b: Sneasler|[silent]\n|turn|1\n|\n|t:|1776080142\n|detailschange|p1a: Gengar|Gengar-Mega, L50, F\n|-mega|p1a: Gengar|Gengar|Gengarite\n|move|p1b: Sneasler|Fake Out|p2b: Aerodactyl\n|-resisted|p2b: Aerodactyl|1\n|-damage|p2b: Aerodactyl|88/100\n|move|p2a: Incineroar|Fake Out|p1b: Sneasler\n|-damage|p1b: Sneasler|81/100\n|move|p1a: Gengar|Substitute|p1a: Gengar\n|-start|p1a: Gengar|Substitute\n|-damage|p1a: Gengar|76/100\n|cant|p2b: Aerodactyl|flinch\n|\n|upkeep\n|turn|2\n|\n|t:|1776080169\n|switch|p1b: Politoed|Politoed, L50, F|100/100\n|-weather|RainDance|[from] ability: Drizzle|[of] p1b: Politoed\n|move|p1a: Gengar|Shadow Ball|p2b: Aerodactyl\n|-damage|p2b: Aerodactyl|15/100\n|-unboost|p2b: Aerodactyl|spd|1\n|move|p2b: Aerodactyl|Tailwind|p2b: Aerodactyl\n|-sidestart|p2: Lucid021|move: Tailwind\n|move|p2a: Incineroar|Parting Shot|p1b: Politoed\n|-unboost|p1b: Politoed|atk|1\n|-unboost|p1b: Politoed|spa|1\n|\n|t:|1776080183\n|switch|p2a: Froslass|Froslass, L50, F|100/100|[from] Parting Shot\n|\n|-weather|RainDance|[upkeep]\n|upkeep\n|turn|3\n|\n|t:|1776080197\n|detailschange|p2a: Froslass|Froslass-Mega, L50, F\n|-mega|p2a: Froslass|Froslass|Froslassite\n|-weather|Snowscape|[from] ability: Snow Warning|[of] p2a: Froslass\n|move|p2b: Aerodactyl|Rock Slide|p1b: Politoed|[spread] p1a,p1b\n|-end|p1a: Gengar|Substitute\n|-damage|p1b: Politoed|73/100\n|move|p2a: Froslass|Blizzard|p1a: Gengar|[spread] p1a,p1b\n|-resisted|p1b: Politoed|1\n|-damage|p1a: Gengar|20/100\n|-damage|p1b: Politoed|58/100\n|-status|p1a: Gengar|frz\n|cant|p1a: Gengar|frz\n|cant|p1b: Politoed|flinch\n|\n|-weather|Snowscape|[upkeep]\n|upkeep\n|turn|4\n|\n|t:|1776080224\n|move|p2b: Aerodactyl|Rock Slide|p1a: Gengar|[spread] p1a,p1b\n|-crit|p1a: Gengar\n|-damage|p1a: Gengar|0 fnt\n|-damage|p1b: Politoed|31/100\n|faint|p1a: Gengar\n|move|p2a: Froslass|Blizzard|p1b: Politoed\n|-resisted|p1b: Politoed|1\n|-damage|p1b: Politoed|11/100\n|move|p1b: Politoed|Perish Song|p1b: Politoed\n|-start|p1b: Politoed|perish3|[silent]\n|-start|p2a: Froslass|perish3|[silent]\n|-start|p2b: Aerodactyl|perish3|[silent]\n|-fieldactivate|move: Perish Song\n|\n|-weather|Snowscape|[upkeep]\n|-start|p2b: Aerodactyl|perish3\n|-start|p2a: Froslass|perish3\n|-start|p1b: Politoed|perish3\n|upkeep\n|\n|t:|1776080231\n|switch|p1a: Sneasler|Sneasler, L50, M|81/100\n|turn|5\n|\n|t:|1776080259\n|switch|p2a: Incineroar|Incineroar, L50, M|100/100\n|-ability|p2a: Incineroar|Intimidate|boost\n|-unboost|p1a: Sneasler|atk|1\n|-unboost|p1b: Politoed|atk|1\n|switch|p1b: Rotom|Rotom-Wash, L50|100/100\n|move|p1a: Sneasler|Fake Out|p2b: Aerodactyl\n|-resisted|p2b: Aerodactyl|1\n|-damage|p2b: Aerodactyl|7/100\n|cant|p2b: Aerodactyl|flinch\n|\n|-weather|Snowscape|[upkeep]\n|-start|p2b: Aerodactyl|perish2\n|-sideend|p2: Lucid021|move: Tailwind\n|upkeep\n|turn|6\n|\n|t:|1776080285\n|switch|p2b: Froslass|Froslass-Mega, L50, F|100/100\n|switch|p1a: Politoed|Politoed, L50, F|11/100\n|-enditem|p1a: Politoed|Sitrus Berry|[eat]\n|-heal|p1a: Politoed|36/100|[from] item: Sitrus Berry\n|-weather|RainDance|[from] ability: Drizzle|[of] p1a: Politoed\n|move|p2a: Incineroar|Fake Out|p1b: Rotom\n|-damage|p1b: Rotom|86/100\n|cant|p1b: Rotom|flinch\n|\n|-weather|RainDance|[upkeep]\n|upkeep\n|turn|7\n|\n|t:|1776080307\n|move|p1b: Rotom|Hydro Pump|p2a: Incineroar\n|-supereffective|p2a: Incineroar|1\n|-damage|p2a: Incineroar|0 fnt\n|faint|p2a: Incineroar\n|move|p2b: Froslass|Nasty Plot|p2b: Froslass\n|-boost|p2b: Froslass|spa|2\n|move|p1a: Politoed|Perish Song|p1a: Politoed\n|-start|p1a: Politoed|perish3|[silent]\n|-start|p1b: Rotom|perish3|[silent]\n|-start|p2b: Froslass|perish3|[silent]\n|-fieldactivate|move: Perish Song\n|\n|-weather|RainDance|[upkeep]\n|-start|p1b: Rotom|perish3\n|-start|p2b: Froslass|perish3\n|-start|p1a: Politoed|perish3\n|upkeep\n|\n|t:|1776080320\n|switch|p2a: Sneasler|Sneasler, L50, M|100/100\n|turn|8\n|\n|t:|1776080337\n|switch|p1b: Sneasler|Sneasler, L50, M|81/100\n|move|p1a: Politoed|Protect|p1a: Politoed\n|-singleturn|p1a: Politoed|Protect\n|move|p2a: Sneasler|Fake Out|p1b: Sneasler\n|-damage|p1b: Sneasler|53/100\n|move|p2b: Froslass|Blizzard|p1b: Sneasler|[spread] \n|-activate|p1a: Politoed|move: Protect\n|-miss|p2b: Froslass|p1b: Sneasler\n|\n|-weather|RainDance|[upkeep]\n|-start|p2b: Froslass|perish2\n|-start|p1a: Politoed|perish2\n|upkeep\n|turn|9\n|\n|t:|1776080361\n|move|p2b: Froslass|Shadow Ball|p1a: Politoed\n|-damage|p1a: Politoed|0 fnt\n|faint|p1a: Politoed\n|move|p1b: Sneasler|Dire Claw|p2a: Sneasler\n|-resisted|p2a: Sneasler|1\n|-damage|p2a: Sneasler|64/100\n|move|p2a: Sneasler|Fling|p1b: Sneasler\n|-resisted|p1b: Sneasler|1\n|-damage|p1b: Sneasler|44/100\n|-status|p1b: Sneasler|par\n|-enditem|p2a: Sneasler|Light Ball|[from] move: Fling\n|\n|-weather|RainDance|[upkeep]\n|-start|p2b: Froslass|perish1\n|upkeep\n|\n|t:|1776080373\n|switch|p1a: Rotom|Rotom-Wash, L50|86/100\n|turn|10\n|\n|t:|1776080413\n|switch|p2b: Aerodactyl|Aerodactyl, L50, M|7/100\n|-ability|p2b: Aerodactyl|Unnerve\n|move|p2a: Sneasler|Dire Claw|p1a: Rotom\n|-damage|p1a: Rotom|22/100\n|move|p1a: Rotom|Hydro Pump|p2a: Sneasler\n|-damage|p2a: Sneasler|0 fnt\n|faint|p2a: Sneasler\n|move|p1b: Sneasler|Dire Claw|p2b: Aerodactyl\n|-resisted|p2b: Aerodactyl|1\n|-damage|p2b: Aerodactyl|0 fnt\n|faint|p2b: Aerodactyl\n|\n|-weather|none\n|upkeep\n|\n|t:|1776080428\n|switch|p2b: Froslass|Froslass-Mega, L50, F|100/100\n|-weather|Snowscape|[from] ability: Snow Warning|[of] p2b: Froslass\n|turn|11\n|\n|t:|1776080436\n|move|p1b: Sneasler|Protect|p1b: Sneasler\n|-singleturn|p1b: Sneasler|Protect\n|move|p1a: Rotom|Hydro Pump|p2b: Froslass\n|-damage|p2b: Froslass|43/100\n|move|p2b: Froslass|Blizzard|p1b: Sneasler|[spread] p1a\n|-activate|p1b: Sneasler|move: Protect\n|-resisted|p1a: Rotom|1\n|-damage|p1a: Rotom|0 fnt\n|faint|p1a: Rotom\n|\n|-weather|Snowscape|[upkeep]\n|upkeep\n|turn|12\n|\n|t:|1776080441\n|move|p2b: Froslass|Blizzard|p1b: Sneasler\n|-damage|p1b: Sneasler|0 fnt\n|faint|p1b: Sneasler\n|\n|win|Lucid021\n|raw|dabhae's rating: 1020 &rarr; <strong>1006</strong><br />(-14 for losing)\n|raw|Lucid021's rating: 1000 &rarr; <strong>1042</strong><br />(+42 for winning)\n|l|\u2606dabhae\n|player|p1|\n",
  "uploadtime": 1776080448,
  "views": 25,
  "formatid": "gen9championsvgc2026regma",
  "rating": 1006,
  "private": 0,
  "password": null
}