{
  "id": "gen9championsvgc2026regma-2580476582",
  "format": "[Gen 9 Champions] VGC 2026 Reg M-A",
  "players": [
    "JustReilly",
    "ferenainexi"
  ],
  "log": "|j|\u2606JustReilly\n|j|\u2606ferenainexi\n|t:|1775902240\n|gametype|doubles\n|player|p1|JustReilly|266|1035\n|player|p2|ferenainexi|scientistf|1043\n|gen|9\n|tier|[Gen 9 Champions] VGC 2026 Reg M-A\n|rated|\n|rule|Species Clause: Limit one of each Pok\u00e9mon\n|rule|Item Clause: Limit 1 of each item\n|clearpoke\n|poke|p1|Gengar, L50, M|\n|poke|p1|Flapple, L50, F|\n|poke|p1|Sableye, L50, F|\n|poke|p1|Incineroar, L50, M|\n|poke|p1|Aegislash, L50, F|\n|poke|p1|Aerodactyl, L50, M|\n|poke|p2|Pinsir, L50, M|\n|poke|p2|Heracross, L50, M|\n|poke|p2|Vivillon, L50, F|\n|poke|p2|Orthworm, L50, F|\n|poke|p2|Kleavor, L50, M|\n|poke|p2|Clawitzer, L50, F|\n|teampreview|4\n|c|\u2606JustReilly|Sick team\nJustReilly rejected open team sheets.\n|c|\u2606ferenainexi|you too\n|\n|t:|1775902290\n|teamsize|p1|4\n|teamsize|p2|4\n|start\n|switch|p1a: Sableye|Sableye, L50, F, shiny|100/100\n|switch|p1b: Gengar|Gengar, L50, M, shiny|100/100\n|switch|p2a: Vivillon|Vivillon, L50, F|100/100\n|switch|p2b: Kleavor|Kleavor, L50, M|100/100\n|turn|1\n|\n|t:|1775902312\n|detailschange|p1b: Gengar|Gengar-Mega, L50, M, shiny\n|-mega|p1b: Gengar|Gengar|Gengarite\n|move|p1a: Sableye|Gravity|p1a: Sableye\n|-fieldstart|move: Gravity\n|move|p1b: Gengar|Hypnosis|p2a: Vivillon\n|-status|p2a: Vivillon|slp|[from] move: Hypnosis\n|cant|p2a: Vivillon|slp\n|move|p2b: Kleavor|Stone Axe|p1b: Gengar\n|-damage|p1b: Gengar|20/100\n|-sidestart|p1: JustReilly|move: Stealth Rock\n|\n|upkeep\n|turn|2\n|\n|t:|1775902340\n|switch|p1b: Incineroar|Incineroar, L50, M, shiny|100/100\n|-damage|p1b: Incineroar|76/100|[from] Stealth Rock\n|-ability|p1b: Incineroar|Intimidate|boost\n|-unboost|p2a: Vivillon|atk|1\n|-unboost|p2b: Kleavor|atk|1\n|move|p1a: Sableye|Reflect|p1a: Sableye\n|-sidestart|p1: JustReilly|Reflect\n|-curestatus|p2a: Vivillon|slp|[msg]\n|move|p2a: Vivillon|Sleep Powder|p1a: Sableye\n|-status|p1a: Sableye|slp|[from] move: Sleep Powder\n|move|p2b: Kleavor|Stone Axe|p1b: Incineroar\n|-supereffective|p1b: Incineroar|1\n|-crit|p1b: Incineroar\n|-damage|p1b: Incineroar|0 fnt\n|faint|p1b: Incineroar\n|\n|upkeep\n|\n|t:|1775902353\n|switch|p1b: Aerodactyl|Aerodactyl, L50, M, shiny|100/100\n|-ability|p1b: Aerodactyl|Unnerve\n|-damage|p1b: Aerodactyl|76/100|[from] Stealth Rock\n|turn|3\n|\n|t:|1775902363\n|cant|p1a: Sableye|slp\n|move|p1b: Aerodactyl|Rock Slide|p2b: Kleavor|[spread] p2a,p2b\n|-supereffective|p2a: Vivillon|2\n|-supereffective|p2b: Kleavor|1\n|-enditem|p2a: Vivillon|Focus Sash\n|-damage|p2a: Vivillon|1/100\n|-damage|p2b: Kleavor|50/100\n|move|p2a: Vivillon|Tailwind|p2a: Vivillon\n|-sidestart|p2: ferenainexi|move: Tailwind\n|move|p2b: Kleavor|Stone Axe|p1b: Aerodactyl\n|-supereffective|p1b: Aerodactyl|1\n|-damage|p1b: Aerodactyl|0 fnt\n|faint|p1b: Aerodactyl\n|\n|upkeep\n|\n|t:|1775902372\n|switch|p1b: Gengar|Gengar-Mega, L50, M, shiny|20/100\n|-damage|p1b: Gengar|8/100|[from] Stealth Rock\n|turn|4\n|c|\u2606JustReilly|Was not ready for Klevor\n|c|\u2606JustReilly|gg\n|\n|t:|1775902395\n|-curestatus|p1a: Sableye|slp|[msg]\n|move|p1a: Sableye|Light Screen|p1a: Sableye\n|-sidestart|p1: JustReilly|move: Light Screen\n|move|p2a: Vivillon|Hurricane|p1b: Gengar\n|-damage|p1b: Gengar|0 fnt\n|faint|p1b: Gengar\n|move|p2b: Kleavor|Stone Axe|p1a: Sableye\n|-damage|p1a: Sableye|63/100\n|\n|upkeep\n|turn|5\n|-message|JustReilly forfeited.\n|\n|win|ferenainexi\n|raw|JustReilly's rating: 1035 &rarr; <strong>1020</strong><br />(-15 for losing)\n|raw|ferenainexi's rating: 1043 &rarr; <strong>1076</strong><br />(+33 for winning)\n|l|\u2606JustReilly\n|player|p1|\n|c|\u2606ferenainexi|gg\n",
  "uploadtime": 1775902412,
  "views": 25,
  "formatid": "gen9championsvgc2026regma",
  "rating": 1020,
  "private": 0,
  "password": null
}