{
  "id": "gen9championsvgc2026regma-2583403546",
  "format": "[Gen 9 Champions] VGC 2026 Reg M-A",
  "players": [
    "Gengarhaterrr",
    "ferro4"
  ],
  "log": "|j|\u2606Gengarhaterrr\n|j|\u2606ferro4\n|t:|1776173313\n|gametype|doubles\n|player|p1|Gengarhaterrr|dragontamer|1107\n|player|p2|ferro4|elesa|1156\n|gen|9\n|tier|[Gen 9 Champions] VGC 2026 Reg M-A\n|rated|\n|rule|Species Clause: Limit one of each Pok\u00e9mon\n|rule|Item Clause: Limit 1 of each item\n|clearpoke\n|poke|p1|Venusaur, L50, F|\n|poke|p1|Sinistcha-Masterpiece, L50|\n|poke|p1|Clefable, L50, M|\n|poke|p1|Incineroar, L50, F|\n|poke|p1|Charizard, L50, M|\n|poke|p1|Sneasler, L50, F|\n|poke|p2|Floette-Eternal, L50, F|\n|poke|p2|Aerodactyl, L50, M|\n|poke|p2|Slowking, L50, F|\n|poke|p2|Sneasler, L50, M|\n|poke|p2|Garchomp, L50, M|\n|poke|p2|Chesnaught, L50, F|\n|teampreview|4\n|inactive|Battle timer is ON: inactive players will automatically lose when time's up. (requested by Gengarhaterrr)\nferro4 rejected open team sheets.\n|inactive|Gengarhaterrr has 60 seconds left.\n|\n|t:|1776173350\n|teamsize|p1|4\n|teamsize|p2|4\n|start\n|switch|p1a: Sneasler|Sneasler, L50, F, shiny|100/100\n|switch|p1b: Venusaur|Venusaur, L50, F, shiny|100/100\n|switch|p2a: Aerodactyl|Aerodactyl, L50, M|100/100\n|switch|p2b: Garchomp|Garchomp, L50, M|100/100\n|-ability|p2a: Aerodactyl|Unnerve\n|-ability|p1a: Sneasler|Pressure\n|turn|1\n|\n|t:|1776173368\n|move|p1a: Sneasler|Fake Out|p2a: Aerodactyl\n|-resisted|p2a: Aerodactyl|1\n|-damage|p2a: Aerodactyl|90/100\n|cant|p2a: Aerodactyl|flinch\n|move|p2b: Garchomp|Earthquake|p1b: Venusaur|[spread] p1a,p1b\n|-immune|p2a: Aerodactyl\n|-supereffective|p1a: Sneasler|1\n|-damage|p1a: Sneasler|0 fnt\n|-damage|p1b: Venusaur|63/100\n|faint|p1a: Sneasler\n|move|p1b: Venusaur|Leech Seed|p2b: Garchomp|[miss]\n|-miss|p1b: Venusaur|p2b: Garchomp\n|\n|upkeep\n|\n|t:|1776173376\n|switch|p1a: Incineroar|Incineroar, L50, F, shiny|100/100\n|-ability|p1a: Incineroar|Intimidate|boost\n|-unboost|p2a: Aerodactyl|atk|1\n|-unboost|p2b: Garchomp|atk|1\n|turn|2\n|\n|t:|1776173395\n|detailschange|p1b: Venusaur|Venusaur-Mega, L50, F, shiny\n|-mega|p1b: Venusaur|Venusaur|Venusaurite\n|move|p1a: Incineroar|Fake Out|p2b: Garchomp\n|-damage|p2b: Garchomp|91/100\n|move|p2a: Aerodactyl|Dual Wingbeat|p1b: Venusaur\n|-supereffective|p1b: Venusaur|1\n|-damage|p1b: Venusaur|46/100\n|-supereffective|p1b: Venusaur|1\n|-damage|p1b: Venusaur|26/100\n|-hitcount|p1b: Venusaur|2\n|cant|p2b: Garchomp|flinch\n|move|p1b: Venusaur|Giga Drain|p2a: Aerodactyl\n|-damage|p2a: Aerodactyl|42/100\n|-heal|p1b: Venusaur|47/100|[from] drain|[of] p2a: Aerodactyl\n|\n|upkeep\n|turn|3\n|c|\u2606Gengarhaterrr|High key forgot to mega\n|\n|t:|1776173416\n|move|p1b: Venusaur|Protect|p1b: Venusaur\n|-singleturn|p1b: Venusaur|Protect\n|move|p2a: Aerodactyl|Rock Slide|p1a: Incineroar|[spread] p1a\n|-activate|p1b: Venusaur|move: Protect\n|-supereffective|p1a: Incineroar|1\n|-damage|p1a: Incineroar|73/100\n|move|p2b: Garchomp|Earthquake|p1b: Venusaur|[spread] p1a\n|-activate|p1b: Venusaur|move: Protect\n|-immune|p2a: Aerodactyl\n|-supereffective|p1a: Incineroar|1\n|-damage|p1a: Incineroar|27/100\n|move|p1a: Incineroar|Parting Shot|p2a: Aerodactyl\n|-unboost|p2a: Aerodactyl|atk|1\n|-unboost|p2a: Aerodactyl|spa|1\n|\n|t:|1776173426\n|switch|p1a: Clefable|Clefable, L50, M, shiny|100/100|[from] Parting Shot\n|\n|upkeep\n|turn|4\n|\n|t:|1776173438\n|move|p2a: Aerodactyl|Dual Wingbeat|p1b: Venusaur|[miss]\n|-miss|p2a: Aerodactyl|p1b: Venusaur\n|move|p2b: Garchomp|Earthquake|p1a: Clefable|[spread] p1a,p1b\n|-immune|p2a: Aerodactyl\n|-damage|p1a: Clefable|58/100\n|-damage|p1b: Venusaur|25/100\n|move|p1b: Venusaur|Leech Seed|p2b: Garchomp\n|-start|p2b: Garchomp|move: Leech Seed\n|move|p1a: Clefable|Life Dew|p1a: Clefable|[spread] p1a,p1b\n|-heal|p1a: Clefable|84/100\n|-heal|p1b: Venusaur|50/100\n|\n|-heal|p1a: Clefable|90/100|[from] item: Leftovers\n|-damage|p2b: Garchomp|79/100|[from] Leech Seed|[of] p1b: Venusaur\n|-heal|p1b: Venusaur|64/100|[silent]\n|upkeep\n|turn|5\n|\n|t:|1776173461\n|move|p2a: Aerodactyl|Rock Slide|p1b: Venusaur|[spread] p1a,p1b\n|-damage|p1a: Clefable|67/100\n|-damage|p1b: Venusaur|56/100\n|move|p2b: Garchomp|Earthquake|p1b: Venusaur|[spread] p1a,p1b\n|-immune|p2a: Aerodactyl\n|-damage|p1a: Clefable|23/100\n|-damage|p1b: Venusaur|35/100\n|cant|p1b: Venusaur|flinch\n|move|p1a: Clefable|Moonblast|p2b: Garchomp\n|-supereffective|p2b: Garchomp|1\n|-damage|p2b: Garchomp|20/100\n|\n|-heal|p1a: Clefable|29/100|[from] item: Leftovers\n|-damage|p2b: Garchomp|8/100|[from] Leech Seed|[of] p1b: Venusaur\n|-heal|p1b: Venusaur|49/100|[silent]\n|upkeep\n|turn|6\n|\n|t:|1776173481\n|move|p1b: Venusaur|Protect|p1b: Venusaur\n|-singleturn|p1b: Venusaur|Protect\n|move|p1a: Clefable|Protect|p1a: Clefable\n|-singleturn|p1a: Clefable|Protect\n|move|p2a: Aerodactyl|Dual Wingbeat|p1b: Venusaur\n|-activate|p1b: Venusaur|move: Protect\n|move|p2b: Garchomp|Earthquake|p1a: Clefable|[spread] \n|-activate|p1a: Clefable|move: Protect\n|-activate|p1b: Venusaur|move: Protect\n|-immune|p2a: Aerodactyl\n|\n|-heal|p1a: Clefable|35/100|[from] item: Leftovers\n|-damage|p2b: Garchomp|0 fnt|[from] Leech Seed|[of] p1b: Venusaur\n|-heal|p1b: Venusaur|57/100|[silent]\n|faint|p2b: Garchomp\n|upkeep\n|\n|t:|1776173490\n|switch|p2b: Sneasler|Sneasler, L50, M|100/100\n|turn|7\n|\n|t:|1776173506\n|switch|p1a: Incineroar|Incineroar, L50, F, shiny|27/100\n|-ability|p1a: Incineroar|Intimidate|boost\n|-unboost|p2a: Aerodactyl|atk|1\n|-unboost|p2b: Sneasler|atk|1\n|-enditem|p2b: Sneasler|White Herb\n|-clearnegativeboost|p2b: Sneasler|[silent]\n|move|p2b: Sneasler|Dire Claw|p1a: Incineroar\n|-damage|p1a: Incineroar|0 fnt\n|faint|p1a: Incineroar\n|move|p2a: Aerodactyl|Dual Wingbeat|p1b: Venusaur\n|-supereffective|p1b: Venusaur|1\n|-damage|p1b: Venusaur|46/100\n|-supereffective|p1b: Venusaur|1\n|-damage|p1b: Venusaur|35/100\n|-hitcount|p1b: Venusaur|2\n|move|p1b: Venusaur|Leech Seed|p2b: Sneasler\n|-start|p2b: Sneasler|move: Leech Seed\n|\n|-damage|p2b: Sneasler|88/100|[from] Leech Seed|[of] p1b: Venusaur\n|-heal|p1b: Venusaur|46/100|[silent]\n|upkeep\n|\n|t:|1776173518\n|switch|p1a: Clefable|Clefable, L50, M, shiny|35/100\n|turn|8\n|\n|t:|1776173532\n|move|p1b: Venusaur|Protect|p1b: Venusaur\n|-singleturn|p1b: Venusaur|Protect\n|move|p1a: Clefable|Protect|p1a: Clefable\n|-singleturn|p1a: Clefable|Protect\n|move|p2b: Sneasler|Dire Claw|p1a: Clefable\n|-activate|p1a: Clefable|move: Protect\n|move|p2a: Aerodactyl|Rock Slide|p1a: Clefable|[spread] \n|-activate|p1a: Clefable|move: Protect\n|-activate|p1b: Venusaur|move: Protect\n|\n|-heal|p1a: Clefable|41/100|[from] item: Leftovers\n|-damage|p2b: Sneasler|76/100|[from] Leech Seed|[of] p1b: Venusaur\n|-heal|p1b: Venusaur|56/100|[silent]\n|upkeep\n|turn|9\n|\n|t:|1776173550\n|move|p2b: Sneasler|Dire Claw|p1a: Clefable\n|-supereffective|p1a: Clefable|1\n|-damage|p1a: Clefable|0 fnt\n|faint|p1a: Clefable\n|move|p2a: Aerodactyl|Dual Wingbeat|p1b: Venusaur\n|-supereffective|p1b: Venusaur|1\n|-damage|p1b: Venusaur|46/100\n|-supereffective|p1b: Venusaur|1\n|-damage|p1b: Venusaur|35/100\n|-hitcount|p1b: Venusaur|2\n|move|p1b: Venusaur|Leech Seed|p2a: Aerodactyl\n|-start|p2a: Aerodactyl|move: Leech Seed\n|\n|-damage|p2b: Sneasler|64/100|[from] Leech Seed|[of] p1b: Venusaur\n|-heal|p1b: Venusaur|46/100|[silent]\n|-damage|p2a: Aerodactyl|30/100|[from] Leech Seed|[of] p1b: Venusaur\n|-heal|p1b: Venusaur|56/100|[silent]\n|upkeep\n|turn|10\n|\n|t:|1776173571\n|switch|p2a: Floette|Floette-Eternal, L50, F|100/100\n|move|p1b: Venusaur|Protect|p1b: Venusaur\n|-singleturn|p1b: Venusaur|Protect\n|move|p2b: Sneasler|Dire Claw|p1b: Venusaur\n|-activate|p1b: Venusaur|move: Protect\n|\n|-damage|p2b: Sneasler|52/100|[from] Leech Seed|[of] p1b: Venusaur\n|-heal|p1b: Venusaur|66/100|[silent]\n|upkeep\n|turn|11\n|\n|t:|1776173583\n|detailschange|p2a: Floette|Floette-Mega, L50, F\n|-mega|p2a: Floette|Floette|Floettite\n|-ability|p2a: Floette|Fairy Aura\n|move|p2b: Sneasler|Dire Claw|p1b: Venusaur\n|-damage|p1b: Venusaur|39/100\n|move|p2a: Floette|Moonblast|p1b: Venusaur\n|-resisted|p1b: Venusaur|1\n|-damage|p1b: Venusaur|17/100\n|move|p1b: Venusaur|Leech Seed|p2a: Floette\n|-start|p2a: Floette|move: Leech Seed\n|\n|-damage|p2b: Sneasler|40/100|[from] Leech Seed|[of] p1b: Venusaur\n|-heal|p1b: Venusaur|27/100|[silent]\n|-damage|p2a: Floette|88/100|[from] Leech Seed|[of] p1b: Venusaur\n|-heal|p1b: Venusaur|39/100|[silent]\n|upkeep\n|turn|12\n|c|\u2606ferro4|bro what is this strat\n|\n|t:|1776173606\n|move|p1b: Venusaur|Protect|p1b: Venusaur\n|-singleturn|p1b: Venusaur|Protect\n|move|p2b: Sneasler|Dire Claw|p1b: Venusaur\n|-activate|p1b: Venusaur|move: Protect\n|move|p2a: Floette|Moonblast|p1b: Venusaur\n|-activate|p1b: Venusaur|move: Protect\n|\n|-damage|p2b: Sneasler|28/100|[from] Leech Seed|[of] p1b: Venusaur\n|-heal|p1b: Venusaur|49/100|[silent]\n|-damage|p2a: Floette|76/100|[from] Leech Seed|[of] p1b: Venusaur\n|-heal|p1b: Venusaur|61/100|[silent]\n|upkeep\n|turn|13\n|c|\u2606Gengarhaterrr|Tbf this is an alt and ive won every game so far lmao\n|c|\u2606Gengarhaterrr|Not this tho ggs i reckon\n|\n|t:|1776173627\n|move|p2b: Sneasler|Dire Claw|p1b: Venusaur\n|-damage|p1b: Venusaur|30/100\n|move|p2a: Floette|Moonblast|p1b: Venusaur\n|-resisted|p1b: Venusaur|1\n|-damage|p1b: Venusaur|6/100\n|move|p1b: Venusaur|Giga Drain|p2a: Floette\n|-damage|p2a: Floette|59/100\n|-heal|p1b: Venusaur|14/100|[from] drain|[of] p2a: Floette\n|\n|-damage|p2b: Sneasler|16/100|[from] Leech Seed|[of] p1b: Venusaur\n|-heal|p1b: Venusaur|24/100|[silent]\n|-damage|p2a: Floette|47/100|[from] Leech Seed|[of] p1b: Venusaur\n|-heal|p1b: Venusaur|36/100|[silent]\n|upkeep\n|turn|14\n|c|\u2606ferro4|its just waiting until dire claw status\n|c|\u2606Gengarhaterrr|Yea ik\n|\n|t:|1776173650\n|move|p1b: Venusaur|Protect|p1b: Venusaur\n|-singleturn|p1b: Venusaur|Protect\n|move|p2b: Sneasler|Dire Claw|p1b: Venusaur\n|-activate|p1b: Venusaur|move: Protect\n|move|p2a: Floette|Draining Kiss|p1b: Venusaur\n|-activate|p1b: Venusaur|move: Protect\n|\n|-damage|p2b: Sneasler|4/100|[from] Leech Seed|[of] p1b: Venusaur\n|-heal|p1b: Venusaur|46/100|[silent]\n|-damage|p2a: Floette|35/100|[from] Leech Seed|[of] p1b: Venusaur\n|-heal|p1b: Venusaur|58/100|[silent]\n|upkeep\n|turn|15\n|\n|t:|1776173671\n|move|p2b: Sneasler|Dire Claw|p1b: Venusaur\n|-damage|p1b: Venusaur|29/100\n|move|p2a: Floette|Draining Kiss|p1b: Venusaur\n|-resisted|p1b: Venusaur|1\n|-damage|p1b: Venusaur|16/100\n|-heal|p2a: Floette|45/100|[from] drain|[of] p1b: Venusaur\n|move|p1b: Venusaur|Giga Drain|p2a: Floette\n|-damage|p2a: Floette|28/100\n|-heal|p1b: Venusaur|24/100|[from] drain|[of] p2a: Floette\n|\n|-damage|p2b: Sneasler|0 fnt|[from] Leech Seed|[of] p1b: Venusaur\n|-heal|p1b: Venusaur|27/100|[silent]\n|faint|p2b: Sneasler\n|-damage|p2a: Floette|16/100|[from] Leech Seed|[of] p1b: Venusaur\n|-heal|p1b: Venusaur|39/100|[silent]\n|upkeep\n|\n|t:|1776173685\n|switch|p2b: Aerodactyl|Aerodactyl, L50, M|30/100\n|-ability|p2b: Aerodactyl|Unnerve\n|turn|16\n|\n|t:|1776173695\n|move|p1b: Venusaur|Protect|p1b: Venusaur\n|-singleturn|p1b: Venusaur|Protect\n|move|p2b: Aerodactyl|Dual Wingbeat|p1b: Venusaur\n|-activate|p1b: Venusaur|move: Protect\n|move|p2a: Floette|Moonblast|p1b: Venusaur\n|-activate|p1b: Venusaur|move: Protect\n|\n|-damage|p2a: Floette|4/100|[from] Leech Seed|[of] p1b: Venusaur\n|-heal|p1b: Venusaur|50/100|[silent]\n|upkeep\n|turn|17\n|c|\u2606Gengarhaterrr|Yeah aero booms me\n|\n|t:|1776173705\n|move|p2b: Aerodactyl|Dual Wingbeat|p1b: Venusaur|[miss]\n|-miss|p2b: Aerodactyl|p1b: Venusaur\n|move|p2a: Floette|Moonblast|p1b: Venusaur\n|-resisted|p1b: Venusaur|1\n|-damage|p1b: Venusaur|29/100\n|move|p1b: Venusaur|Giga Drain|p2b: Aerodactyl\n|-damage|p2b: Aerodactyl|0 fnt\n|-heal|p1b: Venusaur|41/100|[from] drain|[of] p2b: Aerodactyl\n|faint|p2b: Aerodactyl\n|\n|-damage|p2a: Floette|0 fnt|[from] Leech Seed|[of] p1b: Venusaur\n|-heal|p1b: Venusaur|45/100|[silent]\n|faint|p2a: Floette\n|\n|win|Gengarhaterrr\n|raw|Gengarhaterrr's rating: 1107 &rarr; <strong>1136</strong><br />(+29 for winning)\n|raw|ferro4's rating: 1156 &rarr; <strong>1127</strong><br />(-29 for losing)\n|c|\u2606ferro4|NAH\n|c|\u2606Gengarhaterrr|Ggs\n|c|\u2606Gengarhaterrr|thats what i was hoping for lol\n",
  "uploadtime": 1776173720,
  "views": 16,
  "formatid": "gen9championsvgc2026regma",
  "rating": 1127,
  "private": 0,
  "password": null
}