{
  "id": "gen9championsvgc2026regma-2585104718",
  "format": "[Gen 9 Champions] VGC 2026 Reg M-A",
  "players": [
    "tastytjuice",
    "breloomassassin"
  ],
  "log": "|j|\u2606tastytjuice\n|j|\u2606breloomassassin\n|t:|1776312278\n|gametype|doubles\n|player|p1|tastytjuice|1|1358\n|player|p2|breloomassassin|1|1329\n|gen|9\n|tier|[Gen 9 Champions] VGC 2026 Reg M-A\n|rated|\n|rule|Species Clause: Limit one of each Pok\u00e9mon\n|rule|Item Clause: Limit 1 of each item\n|clearpoke\n|poke|p1|Tyranitar, L50, F|\n|poke|p1|Excadrill, L50, M|\n|poke|p1|Incineroar, L50, M|\n|poke|p1|Rotom-Wash, L50|\n|poke|p1|Basculegion, L50, M|\n|poke|p1|Milotic, L50, F|\n|poke|p2|Aerodactyl, L50, F|\n|poke|p2|Incineroar, L50, F|\n|poke|p2|Floette-Eternal, L50, F|\n|poke|p2|Basculegion, L50, M|\n|poke|p2|Garchomp, L50, F|\n|poke|p2|Sneasler, L50, F|\n|teampreview|4\n|inactive|Battle timer is ON: inactive players will automatically lose when time's up. (requested by breloomassassin)\n|\n|t:|1776312302\n|teamsize|p1|4\n|teamsize|p2|4\n|start\n|switch|p1a: Tyranitar|Tyranitar, L50, F, shiny|100/100\n|switch|p1b: Excadrill|Excadrill, L50, M|100/100\n|switch|p2a: Incineroar|Incineroar, L50, F|100/100\n|switch|p2b: Floette|Floette-Eternal, L50, F|100/100\n|-weather|Sandstorm|[from] ability: Sand Stream|[of] p1a: Tyranitar\n|-ability|p2a: Incineroar|Intimidate|boost\n|-unboost|p1a: Tyranitar|atk|1\n|-unboost|p1b: Excadrill|atk|1\n|turn|1\n|inactive|breloomassassin has 30 seconds left.\n|\n|t:|1776312328\n|switch|p1b: Incineroar|Incineroar, L50, M|100/100\n|-ability|p1b: Incineroar|Intimidate|boost\n|-unboost|p2a: Incineroar|atk|1\n|-unboost|p2b: Floette|atk|1\n|detailschange|p2b: Floette|Floette-Mega, L50, F\n|-mega|p2b: Floette|Floette|Floettite\n|-ability|p2b: Floette|Fairy Aura\n|detailschange|p1a: Tyranitar|Tyranitar-Mega, L50, F, shiny\n|-mega|p1a: Tyranitar|Tyranitar|Tyranitarite\n|move|p2a: Incineroar|Fake Out|p1b: Incineroar\n|-damage|p1b: Incineroar|95/100\n|move|p2b: Floette|Moonblast|p1a: Tyranitar\n|-supereffective|p1a: Tyranitar|1\n|-damage|p1a: Tyranitar|16/100\n|move|p1a: Tyranitar|Rock Slide|p2a: Incineroar|[spread] p2a,p2b\n|-supereffective|p2a: Incineroar|1\n|-damage|p2a: Incineroar|52/100\n|-damage|p2b: Floette|68/100\n|\n|-weather|Sandstorm|[upkeep]\n|-damage|p2b: Floette|62/100|[from] Sandstorm\n|-damage|p2a: Incineroar|46/100|[from] Sandstorm\n|-damage|p1b: Incineroar|89/100|[from] Sandstorm\n|-enditem|p2a: Incineroar|Sitrus Berry|[eat]\n|-heal|p2a: Incineroar|71/100|[from] item: Sitrus Berry\n|upkeep\n|turn|2\n|inactive|breloomassassin has 30 seconds left.\n|\n|t:|1776312355\n|move|p2b: Floette|Protect|p2b: Floette\n|-singleturn|p2b: Floette|Protect\n|move|p1b: Incineroar|Fake Out|p2b: Floette\n|-activate|p2b: Floette|move: Protect\n|move|p1a: Tyranitar|Rock Slide|p2a: Incineroar|[spread] p2a\n|-activate|p2b: Floette|move: Protect\n|-supereffective|p2a: Incineroar|1\n|-damage|p2a: Incineroar|23/100\n|move|p2a: Incineroar|Parting Shot|p1a: Tyranitar\n|-unboost|p1a: Tyranitar|atk|1\n|-unboost|p1a: Tyranitar|spa|1\n|\n|t:|1776312367\n|switch|p2a: Sneasler|Sneasler, L50, F|100/100|[from] Parting Shot\n|\n|-weather|Sandstorm|[upkeep]\n|-damage|p2a: Sneasler|95/100|[from] Sandstorm\n|-damage|p2b: Floette|56/100|[from] Sandstorm\n|-damage|p1b: Incineroar|83/100|[from] Sandstorm\n|upkeep\n|turn|3\n|\n|t:|1776312379\n|move|p1a: Tyranitar|Protect|p1a: Tyranitar\n|-singleturn|p1a: Tyranitar|Protect\n|move|p2a: Sneasler|Close Combat|p1b: Incineroar\n|-supereffective|p1b: Incineroar|1\n|-damage|p1b: Incineroar|0 fnt\n|-unboost|p2a: Sneasler|def|1\n|-unboost|p2a: Sneasler|spd|1\n|faint|p1b: Incineroar\n|-enditem|p2a: Sneasler|White Herb\n|-clearnegativeboost|p2a: Sneasler|[silent]\n|move|p2b: Floette|Dazzling Gleam|p1a: Tyranitar\n|-activate|p1a: Tyranitar|move: Protect\n|\n|-weather|Sandstorm|[upkeep]\n|-damage|p2a: Sneasler|89/100|[from] Sandstorm\n|-damage|p2b: Floette|50/100|[from] Sandstorm\n|upkeep\n|\n|t:|1776312395\n|switch|p1b: Excadrill|Excadrill, L50, M|100/100\n|turn|4\n|\n|t:|1776312404\n|move|p2a: Sneasler|Protect|p2a: Sneasler\n|-singleturn|p2a: Sneasler|Protect\n|move|p1b: Excadrill|Protect|p1b: Excadrill\n|-singleturn|p1b: Excadrill|Protect\n|move|p2b: Floette|Protect|p2b: Floette\n|-singleturn|p2b: Floette|Protect\n|move|p1a: Tyranitar|Rock Slide|p2a: Sneasler|[spread] \n|-activate|p2a: Sneasler|move: Protect\n|-activate|p2b: Floette|move: Protect\n|\n|-weather|Sandstorm|[upkeep]\n|-damage|p2a: Sneasler|83/100|[from] Sandstorm\n|-damage|p2b: Floette|44/100|[from] Sandstorm\n|upkeep\n|turn|5\n|\n|t:|1776312421\n|move|p2a: Sneasler|Close Combat|p1b: Excadrill\n|-supereffective|p1b: Excadrill|1\n|-enditem|p1b: Excadrill|Focus Sash\n|-damage|p1b: Excadrill|1/100\n|-unboost|p2a: Sneasler|def|1\n|-unboost|p2a: Sneasler|spd|1\n|move|p1b: Excadrill|Iron Head|p2b: Floette\n|-supereffective|p2b: Floette|1\n|-damage|p2b: Floette|0 fnt\n|faint|p2b: Floette\n|move|p1a: Tyranitar|Rock Slide|p2a: Sneasler\n|-resisted|p2a: Sneasler|1\n|-damage|p2a: Sneasler|50/100\n|\n|-weather|none\n|upkeep\n|\n|t:|1776312440\n|switch|p2b: Basculegion|Basculegion, L50, M|100/100\n|turn|6\n|\n|t:|1776312462\n|switch|p1b: Basculegion|Basculegion, L50, M|100/100\n|move|p2a: Sneasler|Close Combat|p1a: Tyranitar\n|-supereffective|p1a: Tyranitar|2\n|-damage|p1a: Tyranitar|0 fnt\n|-unboost|p2a: Sneasler|def|1\n|-unboost|p2a: Sneasler|spd|1\n|faint|p1a: Tyranitar\n|move|p2b: Basculegion|Last Respects|p1b: Basculegion\n|-supereffective|p1b: Basculegion|1\n|-damage|p1b: Basculegion|0 fnt\n|faint|p1b: Basculegion\n|\n|upkeep\n|c|\u2606breloomassassin|gg\n|c|\u2606tastytjuice|gg\n|-message|tastytjuice forfeited.\n|\n|win|breloomassassin\n|raw|tastytjuice's rating: 1358 &rarr; <strong>1336</strong><br />(-22 for losing)\n|raw|breloomassassin's rating: 1329 &rarr; <strong>1351</strong><br />(+22 for winning)\n|l|\u2606tastytjuice\n|player|p1|\n|l|\u2606breloomassassin\n|player|p2|\n|j|\u2606breloomassassin\n|player|p2|breloomassassin|1|\n",
  "uploadtime": 1776312546,
  "views": 29,
  "formatid": "gen9championsvgc2026regma",
  "rating": 1336,
  "private": 0,
  "password": null
}