{
  "id": "gen9championsvgc2026regma-2583789350",
  "format": "[Gen 9 Champions] VGC 2026 Reg M-A",
  "players": [
    "Pip0 de clown",
    "benflamebow"
  ],
  "log": "|j|\u2606Pip0 de clown\n|j|\u2606benflamebow\n|t:|1776197832\n|gametype|doubles\n|player|p1|Pip0 de clown|101|1000\n|player|p2|benflamebow|101|1078\n|gen|9\n|tier|[Gen 9 Champions] VGC 2026 Reg M-A\n|rated|\n|rule|Species Clause: Limit one of each Pok\u00e9mon\n|rule|Item Clause: Limit 1 of each item\n|clearpoke\n|poke|p1|Heracross, L50, F|\n|poke|p1|Alakazam, L50, F|\n|poke|p1|Orthworm, L50, F|\n|poke|p1|Garchomp, L50, F|\n|poke|p1|Aerodactyl, L50, F|\n|poke|p1|Sinistcha, L50|\n|poke|p2|Aggron, L50, M|\n|poke|p2|Pelipper, L50, F|\n|poke|p2|Sinistcha, L50|\n|poke|p2|Scizor, L50, M|\n|poke|p2|Azumarill, L50, M|\n|poke|p2|Gyarados, L50, F|\n|teampreview|4\n|inactive|Battle timer is ON: inactive players will automatically lose when time's up. (requested by Pip0 de clown)\n|inactive|Pip0 de clown has 60 seconds left.\n|inactive|Pip0 de clown has 30 seconds left.\n|inactive|Pip0 de clown has 20 seconds left.\n|inactive|Pip0 de clown has 15 seconds left.\n|\n|t:|1776197947\n|teamsize|p1|4\n|teamsize|p2|4\n|start\n|switch|p1a: Orthworm|Orthworm, L50, F|100/100\n|switch|p1b: Alakazam|Alakazam, L50, F|100/100\n|switch|p2a: Aggron|Aggron, L50, M|100/100\n|switch|p2b: Gyarados|Gyarados, L50, F|100/100\n|-ability|p2b: Gyarados|Intimidate|boost\n|-unboost|p1a: Orthworm|atk|1\n|-fail|p1b: Alakazam|unboost|Attack|[from] ability: Inner Focus|[of] p1b: Alakazam\n|turn|1\n|inactive|Pip0 de clown has 30 seconds left.\n|inactive|benflamebow has 30 seconds left.\n|inactive|Pip0 de clown has 20 seconds left.\n|inactive|Pip0 de clown has 15 seconds left.\n|\n|t:|1776197992\n|detailschange|p2a: Aggron|Aggron-Mega, L50, M\n|-mega|p2a: Aggron|Aggron|Aggronite\n|move|p1b: Alakazam|Light Screen|p1b: Alakazam\n|-sidestart|p1: Pip0 de clown|move: Light Screen\n|move|p2b: Gyarados|Dragon Dance|p2b: Gyarados\n|-boost|p2b: Gyarados|atk|1\n|-boost|p2b: Gyarados|spe|1\n|move|p1a: Orthworm|Shed Tail|p1a: Orthworm\n|-start|p1a: Orthworm|Substitute|[from] move: Shed Tail\n|-damage|p1a: Orthworm|50/100\n|-enditem|p1a: Orthworm|Sitrus Berry|[eat]\n|-heal|p1a: Orthworm|75/100|[from] item: Sitrus Berry\n|\n|t:|1776198005\n|switch|p1a: Heracross|Heracross, L50, F|100/100|[from] Shed Tail\n|move|p2a: Aggron|Iron Defense|p2a: Aggron\n|-boost|p2a: Aggron|def|2\n|\n|upkeep\n|turn|2\n|inactive|Pip0 de clown has 30 seconds left.\n|inactive|Pip0 de clown has 20 seconds left.\n|inactive|Pip0 de clown has 15 seconds left.\n|\n|t:|1776198045\n|detailschange|p1a: Heracross|Heracross-Mega, L50, F\n|-mega|p1a: Heracross|Heracross|Heracronite\n|move|p2b: Gyarados|Waterfall|p1b: Alakazam\n|-enditem|p1b: Alakazam|Focus Sash\n|-damage|p1b: Alakazam|1/100\n|move|p1b: Alakazam|Speed Swap|p1a: Heracross\n|-activate|p1b: Alakazam|move: Speed Swap|[of] p1a: Heracross\n|move|p1a: Heracross|Close Combat|p2a: Aggron\n|-supereffective|p2a: Aggron|1\n|-damage|p2a: Aggron|68/100\n|-unboost|p1a: Heracross|def|1\n|-unboost|p1a: Heracross|spd|1\n|move|p2a: Aggron|Rock Slide|p1a: Heracross|[spread] p1a,p1b\n|-end|p1a: Heracross|Substitute\n|-damage|p1b: Alakazam|0 fnt\n|faint|p1b: Alakazam\n|\n|upkeep\n|\n|t:|1776198068\n|switch|p1b: Orthworm|Orthworm, L50, F|75/100\n|turn|3\n|inactive|Pip0 de clown has 30 seconds left.\n|inactive|benflamebow has 30 seconds left.\n|\n|t:|1776198107\n|move|p1a: Heracross|Protect|p1a: Heracross\n|-singleturn|p1a: Heracross|Protect\n|move|p2b: Gyarados|Waterfall|p1a: Heracross\n|-activate|p1a: Heracross|move: Protect\n|move|p1b: Orthworm|Iron Defense|p1b: Orthworm\n|-boost|p1b: Orthworm|def|2\n|move|p2a: Aggron|Body Press|p1b: Orthworm\n|-supereffective|p1b: Orthworm|1\n|-damage|p1b: Orthworm|34/100\n|\n|upkeep\n|turn|4\n|inactive|Pip0 de clown has 30 seconds left.\n|inactive|Pip0 de clown has 20 seconds left.\n|inactive|Pip0 de clown has 15 seconds left.\n|\n|t:|1776198151\n|move|p1b: Orthworm|Protect|p1b: Orthworm\n|-singleturn|p1b: Orthworm|Protect\n|move|p2b: Gyarados|Hurricane|p1a: Heracross\n|-supereffective|p1a: Heracross|2\n|-damage|p1a: Heracross|9/100\n|move|p1a: Heracross|Close Combat|p2a: Aggron\n|-supereffective|p2a: Aggron|1\n|-damage|p2a: Aggron|32/100\n|-unboost|p1a: Heracross|def|1\n|-unboost|p1a: Heracross|spd|1\n|move|p2a: Aggron|Body Press|p1b: Orthworm\n|-activate|p1b: Orthworm|move: Protect\n|\n|upkeep\n|turn|5\n|\n|t:|1776198173\n|switch|p1b: Sinistcha|Sinistcha, L50|100/100\n|-heal|p1a: Heracross|34/100|[from] ability: Hospitality|[of] p1b: Sinistcha\n|move|p1a: Heracross|Protect|p1a: Heracross\n|-singleturn|p1a: Heracross|Protect\n|move|p2b: Gyarados|Waterfall|p1a: Heracross\n|-activate|p1a: Heracross|move: Protect\n|move|p2a: Aggron|Body Press|p1b: Sinistcha\n|-immune|p1b: Sinistcha\n|\n|-sideend|p1: Pip0 de clown|move: Light Screen\n|upkeep\n|turn|6\n|inactive|Pip0 de clown has 30 seconds left.\n|inactive|Pip0 de clown has 20 seconds left.\n|inactive|Pip0 de clown has 15 seconds left.\n|inactive|Pip0 de clown has 10 seconds left.\n|\n|t:|1776198220\n|switch|p1a: Orthworm|Orthworm, L50, F|34/100\n|move|p2b: Gyarados|Waterfall|p1a: Orthworm\n|-damage|p1a: Orthworm|0 fnt\n|faint|p1a: Orthworm\n|move|p1b: Sinistcha|Matcha Gotcha|p2a: Aggron|[spread] p2a,p2b\n|-resisted|p2a: Aggron|1\n|-damage|p2a: Aggron|19/100\n|-damage|p2b: Gyarados|74/100\n|move|p2a: Aggron|Heavy Slam|p1b: Sinistcha\n|-damage|p1b: Sinistcha|47/100\n|\n|upkeep\n|\n|t:|1776198235\n|switch|p1a: Heracross|Heracross-Mega, L50, F|34/100\n|turn|7\n|inactive|Pip0 de clown has 30 seconds left.\n|\n|t:|1776198261\n|move|p1a: Heracross|Protect|p1a: Heracross\n|-singleturn|p1a: Heracross|Protect\n|move|p2b: Gyarados|Waterfall|p1a: Heracross\n|-activate|p1a: Heracross|move: Protect\n|move|p2a: Aggron|Rock Slide|p1b: Sinistcha|[spread] p1b\n|-activate|p1a: Heracross|move: Protect\n|-damage|p1b: Sinistcha|31/100\n|cant|p1b: Sinistcha|flinch\n|\n|upkeep\n|turn|8\n|\n|t:|1776198286\n|switch|p2a: Sinistcha|Sinistcha, L50|100/100\n|-heal|p2b: Gyarados|99/100|[from] ability: Hospitality|[of] p2a: Sinistcha\n|move|p1a: Heracross|Protect|p1a: Heracross\n|-singleturn|p1a: Heracross|Protect\n|move|p2b: Gyarados|Waterfall|p1a: Heracross\n|-activate|p1a: Heracross|move: Protect\n|move|p1b: Sinistcha|Trick Room|p1b: Sinistcha\n|-fieldstart|move: Trick Room|[of] p1b: Sinistcha\n|\n|upkeep\n|turn|9\n|inactive|benflamebow has 30 seconds left.\n|\n|t:|1776198321\n|move|p2b: Gyarados|Protect|p2b: Gyarados\n|-singleturn|p2b: Gyarados|Protect\n|move|p1b: Sinistcha|Life Dew|p1b: Sinistcha|[spread] p1a,p1b\n|-heal|p1a: Heracross|59/100\n|-heal|p1b: Sinistcha|57/100\n|move|p1a: Heracross|Lunge|p2a: Sinistcha\n|-damage|p2a: Sinistcha|55/100\n|-unboost|p2a: Sinistcha|atk|1\n|move|p2a: Sinistcha|Trick Room|p2a: Sinistcha\n|-fieldend|move: Trick Room\n|\n|upkeep\n|turn|10\n|\n|t:|1776198346\n|move|p1a: Heracross|Protect|p1a: Heracross\n|-singleturn|p1a: Heracross|Protect\n|move|p2b: Gyarados|Waterfall|p1a: Heracross\n|-activate|p1a: Heracross|move: Protect\n|move|p2a: Sinistcha|Matcha Gotcha|p1b: Sinistcha|[spread] p1b\n|-activate|p1a: Heracross|move: Protect\n|-resisted|p1b: Sinistcha|1\n|-crit|p1b: Sinistcha\n|-damage|p1b: Sinistcha|28/100\n|-heal|p2a: Sinistcha|70/100|[from] drain|[of] p1b: Sinistcha\n|move|p1b: Sinistcha|Trick Room|p1b: Sinistcha\n|-fieldstart|move: Trick Room|[of] p1b: Sinistcha\n|\n|upkeep\n|turn|11\n|inactive|Pip0 de clown has 30 seconds left.\n|\n|t:|1776198377\n|move|p2b: Gyarados|Protect|p2b: Gyarados\n|-singleturn|p2b: Gyarados|Protect\n|move|p1b: Sinistcha|Life Dew|p1b: Sinistcha|[spread] p1a,p1b\n|-heal|p1a: Heracross|84/100\n|-heal|p1b: Sinistcha|53/100\n|move|p1a: Heracross|Lunge|p2a: Sinistcha\n|-damage|p2a: Sinistcha|29/100\n|-unboost|p2a: Sinistcha|atk|1\n|move|p2a: Sinistcha|Trick Room|p2a: Sinistcha\n|-fieldend|move: Trick Room\n|\n|upkeep\n|turn|12\n|inactive|Pip0 de clown has 30 seconds left.\n|\n|t:|1776198406\n|move|p1a: Heracross|Protect|p1a: Heracross\n|-singleturn|p1a: Heracross|Protect\n|move|p2b: Gyarados|Dragon Dance|p2b: Gyarados\n|-boost|p2b: Gyarados|atk|1\n|-boost|p2b: Gyarados|spe|1\n|move|p2a: Sinistcha|Trick Room|p2a: Sinistcha\n|-fieldstart|move: Trick Room|[of] p2a: Sinistcha\n|move|p1b: Sinistcha|Trick Room|p1b: Sinistcha\n|-fieldend|move: Trick Room\n|\n|upkeep\n|turn|13\n|inactive|Pip0 de clown has 30 seconds left.\n|\n|t:|1776198423\n|move|p1a: Heracross|Protect|p1a: Heracross\n|-singleturn|p1a: Heracross|Protect\n|move|p2b: Gyarados|Waterfall|p1a: Heracross\n|-activate|p1a: Heracross|move: Protect\n|move|p2a: Sinistcha|Life Dew|p2a: Sinistcha|[spread] p2a,p2b\n|-heal|p2a: Sinistcha|54/100\n|-heal|p2b: Gyarados|100/100\n|move|p1b: Sinistcha|Trick Room|p1b: Sinistcha\n|-fieldstart|move: Trick Room|[of] p1b: Sinistcha\n|\n|upkeep\n|turn|14\n|inactive|Pip0 de clown has 25 seconds left this turn.\n|inactive|Pip0 de clown has 20 seconds left.\n|inactive|Pip0 de clown has 15 seconds left.\n|c|\u2606benflamebow|I cant believe u keep hitting the dbl protects\n|inactive|Pip0 de clown has 10 seconds left.\n|inactive|Pip0 de clown has 5 seconds left.\n|\n|t:|1776198446\n|move|p1b: Sinistcha|Life Dew|p1b: Sinistcha|[spread] p1a,p1b\n|-heal|p1a: Heracross|100/100\n|-heal|p1b: Sinistcha|79/100\n|move|p1a: Heracross|Lunge|p2a: Sinistcha\n|-damage|p2a: Sinistcha|12/100\n|-unboost|p2a: Sinistcha|atk|1\n|move|p2b: Gyarados|Hurricane|p1b: Sinistcha\n|-supereffective|p1b: Sinistcha|1\n|-damage|p1b: Sinistcha|21/100\n|move|p2a: Sinistcha|Trick Room|p2a: Sinistcha\n|-fieldend|move: Trick Room\n|\n|upkeep\n|turn|15\n|inactive|Pip0 de clown has 5 seconds left this turn.\n|-message|Pip0 de clown lost due to inactivity.\n|\n|win|benflamebow\n|raw|Pip0 de clown's rating: 1000 &rarr; <strong>1000</strong><br />(+0 for losing)\n|raw|benflamebow's rating: 1078 &rarr; <strong>1100</strong><br />(+22 for winning)\n",
  "uploadtime": 1776198465,
  "views": 27,
  "formatid": "gen9championsvgc2026regma",
  "rating": 1000,
  "private": 0,
  "password": null
}