{
  "id": "gen9championsvgc2026regma-2588923803",
  "format": "[Gen 9 Champions] VGC 2026 Reg M-A",
  "players": [
    "preston williard",
    "jolib94"
  ],
  "log": "|j|\u2606preston williard\n|j|\u2606jolib94\n|t:|1776686311\n|gametype|doubles\n|player|p1|preston williard|colress|1053\n|player|p2|jolib94|266|1123\n|gen|9\n|tier|[Gen 9 Champions] VGC 2026 Reg M-A\n|rated|\n|rule|Species Clause: Limit one of each Pok\u00e9mon\n|rule|Item Clause: Limit 1 of each item\n|clearpoke\n|poke|p1|Sneasler, L50, M|\n|poke|p1|Sinistcha-Masterpiece, L50|\n|poke|p1|Feraligatr, L50, F|\n|poke|p1|Kingambit, L50, F|\n|poke|p1|Talonflame, L50, F|\n|poke|p1|Gardevoir, L50, M|\n|poke|p2|Tsareena, L50, F|\n|poke|p2|Pelipper, L50, F|\n|poke|p2|Archaludon, L50, F|\n|poke|p2|Sneasler, L50, M|\n|poke|p2|Kingambit, L50, F|\n|poke|p2|Sableye, L50, M|\n|teampreview|4\n|\n|t:|1776686347\n|teamsize|p1|4\n|teamsize|p2|4\n|start\n|switch|p1a: Big Croc|Feraligatr, L50, F|100/100\n|switch|p1b: The Sneasler|Sneasler, L50, M|100/100\n|switch|p2a: Pelipper|Pelipper, L50, F|100/100\n|switch|p2b: Archaludon|Archaludon, L50, F|100/100\n|-weather|RainDance|[from] ability: Drizzle|[of] p2a: Pelipper\n|turn|1\n|\n|t:|1776686376\n|detailschange|p1a: Big Croc|Feraligatr-Mega, L50, F\n|-mega|p1a: Big Croc|Feraligatr|Feraligite\n|move|p2b: Archaludon|Protect|p2b: Archaludon\n|-singleturn|p2b: Archaludon|Protect\n|move|p1b: The Sneasler|Coaching|p1a: Big Croc\n|-boost|p1a: Big Croc|atk|1\n|-boost|p1a: Big Croc|def|1\n|move|p2a: Pelipper|Tailwind|p2a: Pelipper\n|-sidestart|p2: jolib94|move: Tailwind\n|move|p1a: Big Croc|Double-Edge|p2b: Archaludon\n|-activate|p2b: Archaludon|move: Protect\n|\n|-weather|RainDance|[upkeep]\n|upkeep\n|turn|2\n|\n|t:|1776686395\n|move|p2a: Pelipper|Hurricane|p1b: The Sneasler\n|-supereffective|p1b: The Sneasler|1\n|-enditem|p1b: The Sneasler|Focus Sash\n|-damage|p1b: The Sneasler|1/100\n|move|p2b: Archaludon|Electro Shot||[still]\n|-prepare|p2b: Archaludon|Electro Shot\n|-boost|p2b: Archaludon|spa|1\n|-anim|p2b: Archaludon|Electro Shot|p1a: Big Croc\n|-damage|p1a: Big Croc|29/100\n|move|p1b: The Sneasler|Dire Claw|p2a: Pelipper\n|-damage|p2a: Pelipper|47/100\n|-status|p2a: Pelipper|psn|[from] ability: Poison Touch|[of] p1b: The Sneasler\n|move|p1a: Big Croc|Double-Edge|p2b: Archaludon\n|-damage|p2b: Archaludon|0 fnt\n|faint|p2b: Archaludon\n|-damage|p1a: Big Croc|0 fnt|[from] Recoil\n|faint|p1a: Big Croc\n|\n|-weather|RainDance|[upkeep]\n|-damage|p2a: Pelipper|35/100 psn|[from] psn\n|upkeep\n|\n|t:|1776686421\n|switch|p1a: CupaTee|Sinistcha-Masterpiece, L50|100/100\n|switch|p2b: Sableye|Sableye, L50, M|100/100\n|-heal|p1b: The Sneasler|26/100|[from] ability: Hospitality|[of] p1a: CupaTee\n|turn|3\n|\n|t:|1776686433\n|move|p1a: CupaTee|Rage Powder|p1a: CupaTee\n|-singleturn|p1a: CupaTee|move: Rage Powder\n|move|p2b: Sableye|Will-O-Wisp|p1a: CupaTee\n|-status|p1a: CupaTee|brn\n|move|p2a: Pelipper|Hurricane|p1a: CupaTee\n|-supereffective|p1a: CupaTee|1\n|-damage|p1a: CupaTee|0 fnt\n|faint|p1a: CupaTee\n|move|p1b: The Sneasler|Dire Claw|p2a: Pelipper\n|-crit|p2a: Pelipper\n|-damage|p2a: Pelipper|0 fnt\n|faint|p2a: Pelipper\n|\n|-weather|RainDance|[upkeep]\n|upkeep\n|\n|t:|1776686448\n|switch|p2a: Tsareena|Tsareena, L50, F|100/100\n|switch|p1a: I know who you are|Gardevoir, L50, M|100/100\n|-ability|p1a: I know who you are|Queenly Majesty|Trace|[from] ability: Trace|[of] p2a: Tsareena\n|turn|4\n|\n|t:|1776686474\n|move|p2b: Sableye|Will-O-Wisp||[still]\n|cant|p1a: I know who you are|ability: Queenly Majesty|Will-O-Wisp|[of] p2b: Sableye\n|move|p2a: Tsareena|Power Whip|p1a: I know who you are|[miss]\n|-miss|p2a: Tsareena|p1a: I know who you are\n|move|p1b: The Sneasler|Dire Claw|p2a: Tsareena\n|-supereffective|p2a: Tsareena|1\n|-damage|p2a: Tsareena|0 fnt\n|faint|p2a: Tsareena\n|move|p1a: I know who you are|Trick Room|p1a: I know who you are\n|-fieldstart|move: Trick Room|[of] p1a: I know who you are\n|\n|-weather|RainDance|[upkeep]\n|-sideend|p2: jolib94|move: Tailwind\n|upkeep\n|turn|5\n|-message|jolib94 forfeited.\n|\n|win|preston williard\n|raw|preston williard's rating: 1053 &rarr; <strong>1091</strong><br />(+38 for winning)\n|raw|jolib94's rating: 1123 &rarr; <strong>1093</strong><br />(-30 for losing)\n|l|\u2606jolib94\n|player|p2|\n|l|\u2606preston williard\n|player|p1|\n|j|\u2606preston williard\n|player|p1|preston williard|colress|\n",
  "uploadtime": 1776686594,
  "views": 7,
  "formatid": "gen9championsvgc2026regma",
  "rating": 1091,
  "private": 0,
  "password": null
}