{
  "id": "gen9championsvgc2026regma-2585963309",
  "format": "[Gen 9 Champions] VGC 2026 Reg M-A",
  "players": [
    "dem0n2011",
    "Gojirafanboy1"
  ],
  "log": "|j|\u203ddem0n2011\n|j|\u2606Gojirafanboy1\n|t:|1776385564\n|gametype|doubles\n|player|p1|dem0n2011|benga|1129\n|player|p2|Gojirafanboy1|170|1150\n|gen|9\n|tier|[Gen 9 Champions] VGC 2026 Reg M-A\n|rated|\n|rule|Species Clause: Limit one of each Pok\u00e9mon\n|rule|Item Clause: Limit 1 of each item\n|clearpoke\n|poke|p1|Abomasnow, L50, M|\n|poke|p1|Farigiraf, L50, M|\n|poke|p1|Gyarados, L50, F|\n|poke|p1|Feraligatr, L50, M|\n|poke|p1|Sneasler, L50, M|\n|poke|p1|Kingambit, L50, M|\n|poke|p2|Charizard, L50, F|\n|poke|p2|Venusaur, L50, F|\n|poke|p2|Archaludon, L50, M|\n|poke|p2|Sneasler, L50, M|\n|poke|p2|Milotic, L50, M|\n|poke|p2|Whimsicott, L50, M|\n|teampreview|4\n|\n|t:|1776385592\n|teamsize|p1|4\n|teamsize|p2|4\n|start\n|switch|p1a: Farigiraf|Farigiraf, L50, M|100/100\n|switch|p1b: Abomasnow|Abomasnow, L50, M, shiny|100/100\n|switch|p2a: Sneasler|Sneasler, L50, M|100/100\n|switch|p2b: Venusaur|Venusaur, L50, F|100/100\n|-weather|Snowscape|[from] ability: Snow Warning|[of] p1b: Abomasnow\n|turn|1\n|inactive|Battle timer is ON: inactive players will automatically lose when time's up. (requested by dem0n2011)\n|\n|t:|1776385611\n|detailschange|p2b: Venusaur|Venusaur-Mega, L50, F\n|-mega|p2b: Venusaur|Venusaur|Venusaurite\n|move|p1b: Abomasnow|Protect|p1b: Abomasnow\n|-singleturn|p1b: Abomasnow|Protect\n|move|p2a: Sneasler|Close Combat|p1b: Abomasnow\n|-activate|p1b: Abomasnow|move: Protect\n|move|p2b: Venusaur|Sleep Powder|p1a: Farigiraf\n|-status|p1a: Farigiraf|slp|[from] move: Sleep Powder\n|cant|p1a: Farigiraf|slp\n|\n|-weather|Snowscape|[upkeep]\n|upkeep\n|turn|2\n|\n|t:|1776385628\n|switch|p1b: Kingambit|Kingambit, L50, M|100/100\n|move|p2a: Sneasler|Close Combat|p1a: Farigiraf\n|-damage|p1a: Farigiraf|48/100 slp\n|-unboost|p2a: Sneasler|def|1\n|-unboost|p2a: Sneasler|spd|1\n|move|p2b: Venusaur|Sludge Bomb|p1b: Kingambit\n|-immune|p1b: Kingambit\n|-curestatus|p1a: Farigiraf|slp|[msg]\n|move|p1a: Farigiraf|Psychic|p2a: Sneasler\n|-supereffective|p2a: Sneasler|2\n|-damage|p2a: Sneasler|0 fnt\n|faint|p2a: Sneasler\n|\n|-weather|Snowscape|[upkeep]\n|upkeep\n|\n|t:|1776385645\n|switch|p2a: Archaludon|Archaludon, L50, M|100/100\n|turn|3\n|\n|t:|1776385662\n|move|p2a: Archaludon|Aura Sphere|p1b: Kingambit\n|-supereffective|p1b: Kingambit|2\n|-enditem|p1b: Kingambit|Chople Berry|[eat]\n|-enditem|p1b: Kingambit|Chople Berry|[weaken]\n|-damage|p1b: Kingambit|45/100\n|move|p2b: Venusaur|Giga Drain|p1a: Farigiraf\n|-damage|p1a: Farigiraf|4/100\n|move|p1b: Kingambit|Kowtow Cleave|p2a: Archaludon\n|-damage|p2a: Archaludon|60/100\n|move|p1a: Farigiraf|Trick Room|p1a: Farigiraf\n|-fieldstart|move: Trick Room|[of] p1a: Farigiraf\n|\n|-weather|Snowscape|[upkeep]\n|upkeep\n|turn|4\n|inactive|dem0n2011 has 30 seconds left.\n|\n|t:|1776385692\n|move|p2b: Venusaur|Protect|p2b: Venusaur\n|-singleturn|p2b: Venusaur|Protect\n|move|p1a: Farigiraf|Psychic|p2b: Venusaur\n|-activate|p2b: Venusaur|move: Protect\n|move|p1b: Kingambit|Kowtow Cleave|p2a: Archaludon\n|-damage|p2a: Archaludon|22/100\n|move|p2a: Archaludon|Aura Sphere|p1a: Farigiraf\n|-damage|p1a: Farigiraf|0 fnt\n|faint|p1a: Farigiraf\n|\n|-weather|Snowscape|[upkeep]\n|upkeep\n|\n|t:|1776385701\n|switch|p1a: Abomasnow|Abomasnow, L50, M, shiny|100/100\n|turn|5\n|\n|t:|1776385711\n|detailschange|p1a: Abomasnow|Abomasnow-Mega, L50, M, shiny\n|-mega|p1a: Abomasnow|Abomasnow|Abomasite\n|move|p1a: Abomasnow|Blizzard|p2a: Archaludon|[spread] p2a,p2b\n|-supereffective|p2b: Venusaur|1\n|-crit|p2b: Venusaur\n|-damage|p2a: Archaludon|0 fnt\n|-damage|p2b: Venusaur|43/100\n|faint|p2a: Archaludon\n|move|p1b: Kingambit|Kowtow Cleave|p2b: Venusaur\n|-damage|p2b: Venusaur|7/100\n|move|p2b: Venusaur|Sludge Bomb|p1a: Abomasnow\n|-supereffective|p1a: Abomasnow|1\n|-damage|p1a: Abomasnow|21/100\n|-status|p1a: Abomasnow|psn\n|\n|-weather|none\n|-damage|p1a: Abomasnow|9/100 psn|[from] psn\n|upkeep\n|\n|t:|1776385727\n|switch|p2a: Milotic|Milotic, L50, M|100/100\n|turn|6\n|\n|t:|1776385734\n|move|p2b: Venusaur|Protect|p2b: Venusaur\n|-singleturn|p2b: Venusaur|Protect\n|move|p2a: Milotic|Protect|p2a: Milotic\n|-singleturn|p2a: Milotic|Protect\n|move|p1a: Abomasnow|Giga Drain|p2a: Milotic\n|-activate|p2a: Milotic|move: Protect\n|move|p1b: Kingambit|Kowtow Cleave|p2b: Venusaur\n|-activate|p2b: Venusaur|move: Protect\n|\n|-damage|p1a: Abomasnow|0 fnt|[from] psn\n|faint|p1a: Abomasnow\n|upkeep\n|\n|t:|1776385738\n|switch|p1a: Feraligatr|Feraligatr, L50, M|100/100\n|turn|7\n|\n|t:|1776385753\n|move|p2b: Venusaur|Protect||[still]\n|-fail|p2b: Venusaur\n|move|p1b: Kingambit|Kowtow Cleave|p2b: Venusaur\n|-damage|p2b: Venusaur|0 fnt\n|faint|p2b: Venusaur\n|move|p1a: Feraligatr|Dragon Dance|p1a: Feraligatr\n|-boost|p1a: Feraligatr|atk|1\n|-boost|p1a: Feraligatr|spe|1\n|move|p2a: Milotic|Scald|p1b: Kingambit\n|-damage|p1b: Kingambit|10/100\n|-status|p1b: Kingambit|brn\n|\n|-damage|p1b: Kingambit|4/100 brn|[from] brn\n|-fieldend|move: Trick Room\n|upkeep\n|turn|8\n|\n|t:|1776385770\n|move|p1b: Kingambit|Sucker Punch|p2a: Milotic\n|-damage|p2a: Milotic|81/100\n|move|p1a: Feraligatr|Dragon Dance|p1a: Feraligatr\n|-boost|p1a: Feraligatr|atk|1\n|-boost|p1a: Feraligatr|spe|1\n|move|p2a: Milotic|Scald|p1a: Feraligatr\n|-resisted|p1a: Feraligatr|1\n|-damage|p1a: Feraligatr|82/100\n|\n|-heal|p2a: Milotic|87/100|[from] item: Leftovers\n|-damage|p1b: Kingambit|0 fnt|[from] brn\n|faint|p1b: Kingambit\n|upkeep\n|turn|9\n|\n|t:|1776385784\n|move|p1a: Feraligatr|Double-Edge|p2a: Milotic\n|-damage|p2a: Milotic|10/100\n|-damage|p1a: Feraligatr|51/100|[from] Recoil\n|move|p2a: Milotic|Scald|p1a: Feraligatr\n|-resisted|p1a: Feraligatr|1\n|-damage|p1a: Feraligatr|31/100\n|\n|-heal|p2a: Milotic|16/100|[from] item: Leftovers\n|upkeep\n|turn|10\n|\n|t:|1776385794\n|move|p1a: Feraligatr|Double-Edge|p2a: Milotic\n|-damage|p2a: Milotic|0 fnt\n|faint|p2a: Milotic\n|-damage|p1a: Feraligatr|25/100|[from] Recoil\n|\n|win|dem0n2011\n|raw|dem0n2011's rating: 1129 &rarr; <strong>1156</strong><br />(+27 for winning)\n|raw|Gojirafanboy1's rating: 1150 &rarr; <strong>1123</strong><br />(-27 for losing)\n|l|\u2606Gojirafanboy1\n|player|p2|\n",
  "uploadtime": 1776385826,
  "views": 17,
  "formatid": "gen9championsvgc2026regma",
  "rating": 1123,
  "private": 0,
  "password": null
}