{
  "id": "gen9championsvgc2026regma-2586781710",
  "format": "[Gen 9 Champions] VGC 2026 Reg M-A",
  "players": [
    "mapotofusauce",
    "AragonVGC"
  ],
  "log": "|j|\u2606mapotofusauce\n|j|\u2606AragonVGC\n|t:|1776459436\n|gametype|doubles\n|player|p1|mapotofusauce|2|1132\n|player|p2|AragonVGC|adaman|1101\n|gen|9\n|tier|[Gen 9 Champions] VGC 2026 Reg M-A\n|rated|\n|rule|Species Clause: Limit one of each Pok\u00e9mon\n|rule|Item Clause: Limit 1 of each item\n|clearpoke\n|poke|p1|Farigiraf, L50, F|\n|poke|p1|Torkoal, L50, F|\n|poke|p1|Oranguru, L50, F|\n|poke|p1|Crabominable, L50, F|\n|poke|p1|Slowbro, L50, F|\n|poke|p1|Goodra-Hisui, L50, F|\n|poke|p2|Golurk, L50|\n|poke|p2|Farigiraf, L50, M|\n|poke|p2|Incineroar, L50, F|\n|poke|p2|Torkoal, L50, M|\n|poke|p2|Sneasler, L50, M|\n|poke|p2|Venusaur, L50, F|\n|teampreview|4\n|\n|t:|1776459515\n|teamsize|p1|4\n|teamsize|p2|4\n|start\n|switch|p1a: Farigiraf|Farigiraf, L50, F|100/100\n|switch|p1b: Torkoal|Torkoal, L50, F|100/100\n|switch|p2a: Farigiraf|Farigiraf, L50, M|100/100\n|switch|p2b: Torkoal|Torkoal, L50, M|100/100\n|-weather|SunnyDay|[from] ability: Drought|[of] p2b: Torkoal\n|turn|1\n|\n|t:|1776459538\n|move|p1a: Farigiraf|Helping Hand|p1b: Torkoal\n|-singleturn|p1b: Torkoal|Helping Hand|[of] p1a: Farigiraf\n|move|p2b: Torkoal|Protect|p2b: Torkoal\n|-singleturn|p2b: Torkoal|Protect\n|move|p2a: Farigiraf|Hyper Voice|p1a: Farigiraf|[spread] p1a,p1b\n|-damage|p1a: Farigiraf|72/100\n|-damage|p1b: Torkoal|60/100\n|move|p1b: Torkoal|Eruption|p2b: Torkoal|[spread] p2a\n|-activate|p2b: Torkoal|move: Protect\n|-damage|p2a: Farigiraf|31/100\n|-enditem|p2a: Farigiraf|Sitrus Berry|[eat]\n|-heal|p2a: Farigiraf|56/100|[from] item: Sitrus Berry\n|\n|-weather|SunnyDay|[upkeep]\n|upkeep\n|turn|2\n|\n|t:|1776459569\n|move|p1a: Farigiraf|Helping Hand|p1b: Torkoal\n|-singleturn|p1b: Torkoal|Helping Hand|[of] p1a: Farigiraf\n|move|p1b: Torkoal|Eruption|p2b: Torkoal|[spread] p2a,p2b\n|-resisted|p2b: Torkoal|1\n|-damage|p2a: Farigiraf|0 fnt\n|-damage|p2b: Torkoal|54/100\n|faint|p2a: Farigiraf\n|move|p2b: Torkoal|Eruption|p1a: Farigiraf|[spread] p1a,p1b\n|-resisted|p1b: Torkoal|1\n|-damage|p1a: Farigiraf|26/100\n|-damage|p1b: Torkoal|29/100\n|\n|-weather|SunnyDay|[upkeep]\n|upkeep\n|\n|t:|1776459582\n|switch|p2a: Golurk|Golurk, L50, shiny|100/100\n|turn|3\n|\n|t:|1776459628\n|detailschange|p2a: Golurk|Golurk-Mega, L50, shiny\n|-mega|p2a: Golurk|Golurk|Golurkite\n|move|p2a: Golurk|Headlong Rush|p1b: Torkoal\n|-supereffective|p1b: Torkoal|1\n|-damage|p1b: Torkoal|0 fnt\n|-unboost|p2a: Golurk|def|1\n|-unboost|p2a: Golurk|spd|1\n|faint|p1b: Torkoal\n|move|p1a: Farigiraf|Hyper Voice|p2b: Torkoal|[spread] p2b\n|-immune|p2a: Golurk\n|-damage|p2b: Torkoal|23/100\n|move|p2b: Torkoal|Weather Ball|p1a: Farigiraf\n|-damage|p1a: Farigiraf|0 fnt\n|faint|p1a: Farigiraf\n|\n|-weather|SunnyDay|[upkeep]\n|upkeep\n|\n|t:|1776459650\n|switch|p1a: Slowbro|Slowbro, L50, F|100/100\n|switch|p1b: Goodra|Goodra-Hisui, L50, F|100/100\n|turn|4\n|\n|t:|1776459690\n|detailschange|p1a: Slowbro|Slowbro-Mega, L50, F\n|-mega|p1a: Slowbro|Slowbro|Slowbronite\n|move|p2a: Golurk|Poltergeist|p1a: Slowbro\n|-activate|p1a: Slowbro|move: Poltergeist|Slowbronite\n|-supereffective|p1a: Slowbro|1\n|-damage|p1a: Slowbro|17/100\n|move|p1b: Goodra|Shelter|p1b: Goodra\n|-boost|p1b: Goodra|def|2\n|move|p1a: Slowbro|Expanding Force|p2b: Torkoal\n|-damage|p2b: Torkoal|0 fnt\n|faint|p2b: Torkoal\n|\n|-weather|SunnyDay|[upkeep]\n|upkeep\n|\n|t:|1776459707\n|switch|p2b: Sneasler|Sneasler, L50, M|100/100\n|turn|5\n|\n|t:|1776459731\n|move|p2b: Sneasler|Dire Claw|p1a: Slowbro\n|-damage|p1a: Slowbro|0 fnt\n|faint|p1a: Slowbro\n|move|p2a: Golurk|Headlong Rush|p1b: Goodra\n|-supereffective|p1b: Goodra|1\n|-damage|p1b: Goodra|17/100\n|-unboost|p2a: Golurk|def|1\n|-unboost|p2a: Golurk|spd|1\n|move|p1b: Goodra|Dragon Pulse|p2a: Golurk\n|-damage|p2a: Golurk|47/100\n|\n|-weather|none\n|-heal|p1b: Goodra|23/100|[from] item: Leftovers\n|upkeep\n|turn|6\n|\n|t:|1776459760\n|move|p2b: Sneasler|Coaching|p2a: Golurk\n|-boost|p2a: Golurk|atk|1\n|-boost|p2a: Golurk|def|1\n|move|p2a: Golurk|Headlong Rush|p1b: Goodra\n|-supereffective|p1b: Goodra|1\n|-damage|p1b: Goodra|0 fnt\n|-unboost|p2a: Golurk|def|1\n|-unboost|p2a: Golurk|spd|1\n|faint|p1b: Goodra\n|\n|win|AragonVGC\n|raw|mapotofusauce's rating: 1132 &rarr; <strong>1105</strong><br />(-27 for losing)\n|raw|AragonVGC's rating: 1101 &rarr; <strong>1128</strong><br />(+27 for winning)\n",
  "uploadtime": 1776459771,
  "views": 24,
  "formatid": "gen9championsvgc2026regma",
  "rating": 1105,
  "private": 0,
  "password": null
}