{
  "id": "gen9championsvgc2026regma-2580366515",
  "format": "[Gen 9 Champions] VGC 2026 Reg M-A",
  "players": [
    "SaioSeli",
    "MOMAMIADOPTED"
  ],
  "log": "|j|\u2606SaioSeli\n|j|\u2606MOMAMIADOPTED\n|t:|1775885976\n|gametype|doubles\n|player|p1|SaioSeli|selene|1050\n|player|p2|MOMAMIADOPTED|youngster|1041\n|gen|9\n|tier|[Gen 9 Champions] VGC 2026 Reg M-A\n|rated|\n|rule|Species Clause: Limit one of each Pok\u00e9mon\n|rule|Item Clause: Limit 1 of each item\n|clearpoke\n|poke|p1|Slurpuff, L50, M|\n|poke|p1|Aerodactyl, L50, F|\n|poke|p1|Raichu, L50, M|\n|poke|p1|Sneasler, L50, M|\n|poke|p1|Charizard, L50, M|\n|poke|p1|Whimsicott, L50, F|\n|poke|p2|Excadrill, L50, M|\n|poke|p2|Orthworm, L50, M|\n|poke|p2|Incineroar, L50, F|\n|poke|p2|Greninja-*, L50, F|\n|poke|p2|Gyarados, L50, M|\n|poke|p2|Hatterene, L50, F|\n|teampreview|4\n|l|\u2606SaioSeli\n|player|p1|\n|j|\u2606SaioSeli\n|player|p1|SaioSeli|selene|\nMOMAMIADOPTED has agreed to open team sheets.\n|\n|t:|1775886034\n|teamsize|p1|4\n|teamsize|p2|4\n|start\n|switch|p1a: Raichu|Raichu, L50, M|100/100\n|switch|p1b: Charizard|Charizard, L50, M|100/100\n|switch|p2a: Orthworm|Orthworm, L50, M|100/100\n|switch|p2b: Incineroar|Incineroar, L50, F|100/100\n|-ability|p2b: Incineroar|Intimidate|boost\n|-unboost|p1a: Raichu|atk|1\n|-unboost|p1b: Charizard|atk|1\n|turn|1\n|\n|t:|1775886049\n|move|p1a: Raichu|Fake Out|p2b: Incineroar\n|-damage|p2b: Incineroar|95/100\n|cant|p2b: Incineroar|flinch\n|move|p1b: Charizard|Heat Wave|p2b: Incineroar|[spread] p2a,p2b\n|-supereffective|p2a: Orthworm|1\n|-resisted|p2b: Incineroar|1\n|-damage|p2a: Orthworm|35/100\n|-damage|p2b: Incineroar|84/100\n|-enditem|p2a: Orthworm|Sitrus Berry|[eat]\n|-heal|p2a: Orthworm|60/100|[from] item: Sitrus Berry\n|move|p2a: Orthworm|Shed Tail|p2a: Orthworm\n|-start|p2a: Orthworm|Substitute|[from] move: Shed Tail\n|-damage|p2a: Orthworm|10/100\n|\n|t:|1775886064\n|switch|p2a: Excadrill|Excadrill, L50, M|100/100|[from] Shed Tail\n|-ability|p2a: Excadrill|Mold Breaker\n|\n|upkeep\n|turn|2\n|\n|t:|1775886091\n|switch|p1a: Whimsicott|Whimsicott, L50, F|100/100\n|detailschange|p1b: Charizard|Charizard-Mega-Y, L50, M\n|-mega|p1b: Charizard|Charizard|Charizardite Y\n|-weather|SunnyDay|[from] ability: Drought|[of] p1b: Charizard\n|detailschange|p2a: Excadrill|Excadrill-Mega, L50, M\n|-mega|p2a: Excadrill|Excadrill|Excadrite\n|move|p1b: Charizard|Protect|p1b: Charizard\n|-singleturn|p1b: Charizard|Protect\n|move|p2a: Excadrill|Rock Slide|p1b: Charizard|[spread] p1a\n|-activate|p1b: Charizard|move: Protect\n|-damage|p1a: Whimsicott|75/100\n|move|p2b: Incineroar|Parting Shot|p1a: Whimsicott\n|-unboost|p1a: Whimsicott|atk|1\n|-unboost|p1a: Whimsicott|spa|1\n|\n|t:|1775886102\n|switch|p2b: Greninja|Greninja, L50, F|100/100|[from] Parting Shot\n|\n|-weather|SunnyDay|[upkeep]\n|upkeep\n|turn|3\n|\n|t:|1775886157\n|switch|p1b: Sneasler|Sneasler, L50, M|100/100\n|move|p2b: Greninja|Protect|p2b: Greninja\n|-singleturn|p2b: Greninja|Protect\n|move|p1a: Whimsicott|Tailwind|p1a: Whimsicott\n|-sidestart|p1: SaioSeli|move: Tailwind\n|move|p2a: Excadrill|Rock Slide|p1a: Whimsicott|[spread] p1a,p1b\n|-resisted|p1b: Sneasler|1\n|-damage|p1a: Whimsicott|53/100\n|-damage|p1b: Sneasler|80/100\n|\n|-weather|SunnyDay|[upkeep]\n|upkeep\n|turn|4\n|\n|t:|1775886185\n|move|p1b: Sneasler|Close Combat|p2a: Excadrill\n|-supereffective|p2a: Excadrill|1\n|-end|p2a: Excadrill|Substitute\n|-unboost|p1b: Sneasler|def|1\n|-unboost|p1b: Sneasler|spd|1\n|-enditem|p1b: Sneasler|White Herb\n|-clearnegativeboost|p1b: Sneasler|[silent]\n|move|p1a: Whimsicott|Moonblast|p2b: Greninja\n|-supereffective|p2b: Greninja|1\n|-damage|p2b: Greninja|55/100\n|move|p2b: Greninja|Icy Wind|p1b: Sneasler|[spread] p1a\n|-miss|p2b: Greninja|p1b: Sneasler\n|-supereffective|p1a: Whimsicott|1\n|-damage|p1a: Whimsicott|28/100\n|-unboost|p1a: Whimsicott|spe|1\n|move|p2a: Excadrill|Earthquake|p1b: Sneasler|[spread] p2b,p1a,p1b\n|-resisted|p1a: Whimsicott|1\n|-crit|p1a: Whimsicott\n|-supereffective|p1b: Sneasler|1\n|-damage|p2b: Greninja|0 fnt\n|-damage|p1a: Whimsicott|0 fnt\n|-damage|p1b: Sneasler|0 fnt\n|faint|p2b: Greninja\n|faint|p1a: Whimsicott\n|faint|p1b: Sneasler\n|\n|-weather|SunnyDay|[upkeep]\n|upkeep\n|\n|t:|1775886212\n|switch|p1b: Raichu|Raichu, L50, M|100/100\n|switch|p2b: Incineroar|Incineroar, L50, F|84/100\n|switch|p1a: Charizard|Charizard-Mega-Y, L50, M|100/100\n|-ability|p2b: Incineroar|Intimidate|boost\n|-unboost|p1a: Charizard|atk|1\n|-unboost|p1b: Raichu|atk|1\n|turn|5\n|\n|t:|1775886229\n|move|p2a: Excadrill|Protect|p2a: Excadrill\n|-singleturn|p2a: Excadrill|Protect\n|move|p1b: Raichu|Fake Out|p2b: Incineroar\n|-damage|p2b: Incineroar|79/100\n|cant|p2b: Incineroar|flinch\n|move|p1a: Charizard|Heat Wave|p2b: Incineroar|[spread] p2b\n|-activate|p2a: Excadrill|move: Protect\n|-resisted|p2b: Incineroar|1\n|-damage|p2b: Incineroar|55/100\n|\n|-weather|SunnyDay|[upkeep]\n|upkeep\n|turn|6\n|\n|t:|1775886246\n|switch|p2b: Orthworm|Orthworm, L50, M|10/100\n|move|p1b: Raichu|Dazzling Gleam|p2b: Orthworm|[spread] p2a,p2b\n|-resisted|p2a: Excadrill|1\n|-resisted|p2b: Orthworm|1\n|-damage|p2a: Excadrill|91/100\n|-damage|p2b: Orthworm|1/100\n|move|p1a: Charizard|Heat Wave|p2a: Excadrill|[spread] p2a,p2b\n|-supereffective|p2a: Excadrill|1\n|-supereffective|p2b: Orthworm|1\n|-damage|p2a: Excadrill|0 fnt\n|-damage|p2b: Orthworm|0 fnt\n|faint|p2a: Excadrill\n|faint|p2b: Orthworm\n|\n|-weather|none\n|-sideend|p1: SaioSeli|move: Tailwind\n|upkeep\n|-message|MOMAMIADOPTED forfeited.\n|\n|win|SaioSeli\n|raw|SaioSeli's rating: 1050 &rarr; <strong>1082</strong><br />(+32 for winning)\n|raw|MOMAMIADOPTED's rating: 1041 &rarr; <strong>1025</strong><br />(-16 for losing)\n|l|\u2606MOMAMIADOPTED\n|player|p2|\n",
  "uploadtime": 1775886270,
  "views": 14,
  "formatid": "gen9championsvgc2026regma",
  "rating": 1025,
  "private": 0,
  "password": null
}