{
  "id": "gen9championsvgc2026regma-2583186936",
  "format": "[Gen 9 Champions] VGC 2026 Reg M-A",
  "players": [
    "ysaw411",
    "randomn1ck"
  ],
  "log": "|j|\u2606ysaw411\n|j|\u2606randomn1ck\n|t:|1776152476\n|gametype|doubles\n|player|p1|ysaw411|1|1150\n|player|p2|randomn1ck|266|1208\n|gen|9\n|tier|[Gen 9 Champions] VGC 2026 Reg M-A\n|rated|\n|rule|Species Clause: Limit one of each Pok\u00e9mon\n|rule|Item Clause: Limit 1 of each item\n|clearpoke\n|poke|p1|Milotic, L50, F|\n|poke|p1|Delphox, L50, M|\n|poke|p1|Garchomp, L50, F|\n|poke|p1|Aerodactyl, L50, M|\n|poke|p1|Sneasler, L50, M|\n|poke|p1|Maushold-Four, L50|\n|poke|p2|Charizard, L50, F|\n|poke|p2|Venusaur, L50, M|\n|poke|p2|Garchomp, L50, F|\n|poke|p2|Rotom-Wash, L50|\n|poke|p2|Sneasler, L50, M|\n|poke|p2|Incineroar, L50, F|\n|teampreview|4\nrandomn1ck rejected open team sheets.\n|inactive|Battle timer is ON: inactive players will automatically lose when time's up. (requested by randomn1ck)\n|\n|t:|1776152521\n|teamsize|p1|4\n|teamsize|p2|4\n|start\n|switch|p1a: Aerodactyl|Aerodactyl, L50, M|100/100\n|switch|p1b: Maushold|Maushold-Four, L50|100/100\n|switch|p2a: Rotom|Rotom-Wash, L50|100/100\n|switch|p2b: Garchomp|Garchomp, L50, F|100/100\n|-ability|p1a: Aerodactyl|Unnerve\n|turn|1\n|inactive|ysaw411 has 30 seconds left.\n|inactive|ysaw411 has 20 seconds left.\n|\n|t:|1776152556\n|switch|p1a: Milotic|Milotic, L50, F, shiny|100/100\n|move|p2b: Garchomp|Rock Slide|p1b: Maushold|[spread] p1a\n|-miss|p2b: Garchomp|p1b: Maushold\n|-damage|p1a: Milotic|87/100\n|move|p1b: Maushold|Super Fang|p2b: Garchomp|[miss]\n|-miss|p1b: Maushold|p2b: Garchomp\n|move|p2a: Rotom|Will-O-Wisp|p1b: Maushold\n|-status|p1b: Maushold|brn\n|\n|-damage|p1b: Maushold|94/100 brn|[from] brn\n|upkeep\n|turn|2\n|\n|t:|1776152579\n|move|p2b: Garchomp|Rock Slide|p1b: Maushold|[spread] p1a,p1b\n|-damage|p1a: Milotic|74/100\n|-damage|p1b: Maushold|76/100 brn\n|cant|p1b: Maushold|flinch\n|move|p2a: Rotom|Thunderbolt|p1a: Milotic\n|-supereffective|p1a: Milotic|1\n|-damage|p1a: Milotic|40/100\n|-enditem|p1a: Milotic|Sitrus Berry|[eat]\n|-heal|p1a: Milotic|65/100|[from] item: Sitrus Berry\n|move|p1a: Milotic|Coil|p1a: Milotic\n|-boost|p1a: Milotic|atk|1\n|-boost|p1a: Milotic|def|1\n|-boost|p1a: Milotic|accuracy|1\n|\n|-damage|p1b: Maushold|70/100 brn|[from] brn\n|upkeep\n|turn|3\n|\n|t:|1776152598\n|move|p1b: Maushold|Follow Me|p1b: Maushold\n|-singleturn|p1b: Maushold|move: Follow Me\n|move|p2b: Garchomp|Rock Slide|p1a: Milotic|[spread] p1a\n|-miss|p2b: Garchomp|p1b: Maushold\n|-damage|p1a: Milotic|57/100\n|move|p2a: Rotom|Thunderbolt|p1b: Maushold\n|-damage|p1b: Maushold|29/100 brn\n|move|p1a: Milotic|Blizzard|p2a: Rotom|[spread] p2a,p2b\n|-resisted|p2a: Rotom|1\n|-supereffective|p2b: Garchomp|2\n|-damage|p2a: Rotom|92/100\n|-damage|p2b: Garchomp|14/100\n|\n|-heal|p2a: Rotom|98/100|[from] item: Leftovers\n|-damage|p1b: Maushold|23/100 brn|[from] brn\n|upkeep\n|turn|4\n|\n|t:|1776152616\n|move|p1b: Maushold|Follow Me|p1b: Maushold\n|-singleturn|p1b: Maushold|move: Follow Me\n|move|p2b: Garchomp|Rock Slide|p1b: Maushold|[spread] p1a,p1b\n|-damage|p1a: Milotic|49/100\n|-damage|p1b: Maushold|5/100 brn\n|move|p2a: Rotom|Thunderbolt|p1b: Maushold\n|-damage|p1b: Maushold|0 fnt\n|faint|p1b: Maushold\n|cant|p1a: Milotic|flinch\n|\n|-heal|p2a: Rotom|100/100|[from] item: Leftovers\n|upkeep\n|\n|t:|1776152627\n|switch|p1b: Aerodactyl|Aerodactyl, L50, M|100/100\n|-ability|p1b: Aerodactyl|Unnerve\n|turn|5\n|\n|t:|1776152648\n|move|p2b: Garchomp|Rock Slide|p1b: Aerodactyl|[spread] p1a,p1b\n|-supereffective|p1b: Aerodactyl|1\n|-damage|p1a: Milotic|37/100\n|-damage|p1b: Aerodactyl|35/100\n|cant|p1b: Aerodactyl|flinch\n|move|p2a: Rotom|Thunderbolt|p1b: Aerodactyl\n|-supereffective|p1b: Aerodactyl|1\n|-damage|p1b: Aerodactyl|0 fnt\n|faint|p1b: Aerodactyl\n|cant|p1a: Milotic|flinch\n|\n|upkeep\n|-message|ysaw411 forfeited.\n|\n|win|randomn1ck\n|raw|ysaw411's rating: 1150 &rarr; <strong>1129</strong><br />(-21 for losing)\n|raw|randomn1ck's rating: 1208 &rarr; <strong>1229</strong><br />(+21 for winning)\n|l|\u2606ysaw411\n|player|p1|\n",
  "uploadtime": 1776152667,
  "views": 23,
  "formatid": "gen9championsvgc2026regma",
  "rating": 1129,
  "private": 0,
  "password": null
}