{
  "id": "gen9championsvgc2026regma-2588883254",
  "format": "[Gen 9 Champions] VGC 2026 Reg M-A",
  "players": [
    "Elias Evernhart",
    "Zapdos79"
  ],
  "log": "|j|\u2606Elias Evernhart\n|j|\u2606Zapdos79\n|t:|1776682129\n|gametype|doubles\n|player|p1|Elias Evernhart|265|1188\n|player|p2|Zapdos79|flannery|1222\n|gen|9\n|tier|[Gen 9 Champions] VGC 2026 Reg M-A\n|rated|\n|rule|Species Clause: Limit one of each Pok\u00e9mon\n|rule|Item Clause: Limit 1 of each item\n|clearpoke\n|poke|p1|Mimikyu, L50, M|\n|poke|p1|Camerupt, L50, M, shiny|\n|poke|p1|Goodra-Hisui, L50, M|\n|poke|p1|Incineroar, L50, F|\n|poke|p1|Araquanid, L50, F, shiny|\n|poke|p1|Scovillain, L50, M|\n|poke|p2|Tyranitar, L50, F|\n|poke|p2|Basculegion, L50, M|\n|poke|p2|Excadrill, L50, F|\n|poke|p2|Meganium, L50, M|\n|poke|p2|Farigiraf, L50, F|\n|poke|p2|Incineroar, L50, M|\n|teampreview|4\n|inactive|Battle timer is ON: inactive players will automatically lose when time's up. (requested by Elias Evernhart)\n|\n|t:|1776682223\n|teamsize|p1|4\n|teamsize|p2|4\n|start\n|switch|p1a: Mimikyu|Mimikyu, L50, M|100/100\n|switch|p1b: Incineroar|Incineroar, L50, F|100/100\n|switch|p2a: Tyranitar|Tyranitar, L50, F|100/100\n|switch|p2b: Incineroar|Incineroar, L50, M|100/100\n|-weather|Sandstorm|[from] ability: Sand Stream|[of] p2a: Tyranitar\n|-ability|p1b: Incineroar|Intimidate|boost\n|-unboost|p2a: Tyranitar|atk|1\n|-unboost|p2b: Incineroar|atk|1\n|-ability|p2b: Incineroar|Intimidate|boost\n|-unboost|p1a: Mimikyu|atk|1\n|-unboost|p1b: Incineroar|atk|1\n|turn|1\n|\n|t:|1776682248\n|switch|p2b: Farigiraf|Farigiraf, L50, F|100/100\n|move|p2a: Tyranitar|Rock Slide|p1b: Incineroar|[spread] p1a,p1b\n|-supereffective|p1b: Incineroar|1\n|-activate|p1a: Mimikyu|ability: Disguise\n|-damage|p1a: Mimikyu|100/100\n|-damage|p1b: Incineroar|53/100\n|detailschange|p1a: Mimikyu|Mimikyu-Busted, L50, M\n|-damage|p1a: Mimikyu|88/100|[from] pokemon: Mimikyu-Busted\n|move|p1b: Incineroar|Parting Shot|p2a: Tyranitar\n|-unboost|p2a: Tyranitar|atk|1\n|-unboost|p2a: Tyranitar|spa|1\n|\n|t:|1776682263\n|switch|p1b: Scovillain|Scovillain, L50, M|100/100|[from] Parting Shot\n|cant|p1a: Mimikyu|flinch\n|\n|-weather|Sandstorm|[upkeep]\n|-damage|p1a: Mimikyu|82/100|[from] Sandstorm\n|-damage|p1b: Scovillain|95/100|[from] Sandstorm\n|-damage|p2b: Farigiraf|94/100|[from] Sandstorm\n|-heal|p2b: Farigiraf|100/100|[from] item: Leftovers\n|upkeep\n|turn|2\n|inactive|Zapdos79 has 30 seconds left.\n|\n|t:|1776682289\n|switch|p2b: Incineroar|Incineroar, L50, M|100/100\n|-ability|p2b: Incineroar|Intimidate|boost\n|-unboost|p1a: Mimikyu|atk|1\n|-unboost|p1b: Scovillain|atk|1\n|detailschange|p1b: Scovillain|Scovillain-Mega, L50, M\n|-mega|p1b: Scovillain|Scovillain|Scovillainite\n|move|p2a: Tyranitar|Knock Off|p1a: Mimikyu\n|-damage|p1a: Mimikyu|48/100\n|-enditem|p1a: Mimikyu|Mental Herb|[from] move: Knock Off|[of] p2a: Tyranitar\n|move|p1b: Scovillain|Giga Drain|p2a: Tyranitar\n|-supereffective|p2a: Tyranitar|1\n|-damage|p2a: Tyranitar|39/100\n|-heal|p1b: Scovillain|100/100|[from] drain|[of] p2a: Tyranitar\n|move|p1a: Mimikyu|Trick Room|p1a: Mimikyu\n|-fieldstart|move: Trick Room|[of] p1a: Mimikyu\n|\n|-weather|Sandstorm|[upkeep]\n|-damage|p2b: Incineroar|95/100|[from] Sandstorm\n|-damage|p1b: Scovillain|95/100|[from] Sandstorm\n|-damage|p1a: Mimikyu|42/100|[from] Sandstorm\n|upkeep\n|turn|3\n|inactive|Elias Evernhart has 30 seconds left.\n|\n|t:|1776682317\n|switch|p1a: Araquanid|Araquanid, L50, F, shiny|100/100\n|detailschange|p2a: Tyranitar|Tyranitar-Mega, L50, F\n|-mega|p2a: Tyranitar|Tyranitar|Tyranitarite\n|move|p2b: Incineroar|Fake Out|p1b: Scovillain\n|-damage|p1b: Scovillain|79/100\n|-immune|p2b: Incineroar\n|cant|p1b: Scovillain|flinch\n|move|p2a: Tyranitar|Rock Slide|p1a: Araquanid|[spread] p1a,p1b\n|-supereffective|p1a: Araquanid|1\n|-supereffective|p1b: Scovillain|1\n|-damage|p1a: Araquanid|60/100\n|-damage|p1b: Scovillain|31/100\n|-status|p2a: Tyranitar|brn|[from] ability: Spicy Spray|[of] p1b: Scovillain\n|\n|-weather|Sandstorm|[upkeep]\n|-damage|p1a: Araquanid|54/100|[from] Sandstorm\n|-damage|p2b: Incineroar|89/100|[from] Sandstorm\n|-damage|p1b: Scovillain|25/100|[from] Sandstorm\n|-damage|p2a: Tyranitar|33/100 brn|[from] brn\n|upkeep\n|turn|4\n|\n|t:|1776682339\n|move|p1a: Araquanid|Liquidation|p2b: Incineroar\n|-supereffective|p2b: Incineroar|1\n|-crit|p2b: Incineroar\n|-damage|p2b: Incineroar|0 fnt\n|faint|p2b: Incineroar\n|move|p1b: Scovillain|Giga Drain|p2a: Tyranitar\n|-supereffective|p2a: Tyranitar|1\n|-damage|p2a: Tyranitar|0 fnt\n|-heal|p1b: Scovillain|44/100|[from] drain|[of] p2a: Tyranitar\n|faint|p2a: Tyranitar\n|\n|-weather|Sandstorm|[upkeep]\n|-damage|p1a: Araquanid|48/100|[from] Sandstorm\n|-damage|p1b: Scovillain|38/100|[from] Sandstorm\n|upkeep\n|\n|t:|1776682349\n|switch|p2b: Farigiraf|Farigiraf, L50, F|100/100\n|switch|p2a: Excadrill|Excadrill, L50, F|100/100\n|turn|5\n|inactive|Elias Evernhart has 30 seconds left.\n|\n|t:|1776682377\n|move|p2b: Farigiraf|Ally Switch|p2b: Farigiraf\n|swap|p2b: Farigiraf|0|[from] move: Ally Switch\n|move|p1a: Araquanid|Liquidation|p2a: Farigiraf\n|-damage|p2a: Farigiraf|30/100\n|move|p1b: Scovillain|Giga Drain|p2a: Farigiraf\n|-damage|p2a: Farigiraf|0 fnt\n|-heal|p1b: Scovillain|60/100|[from] drain|[of] p2a: Farigiraf\n|faint|p2a: Farigiraf\n|move|p2b: Excadrill|Rock Slide|p1a: Araquanid|[spread] p1a,p1b\n|-supereffective|p1a: Araquanid|1\n|-supereffective|p1b: Scovillain|1\n|-damage|p1a: Araquanid|6/100\n|-damage|p1b: Scovillain|11/100\n|-status|p2b: Excadrill|brn|[from] ability: Spicy Spray|[of] p1b: Scovillain\n|\n|-weather|none\n|-damage|p2b: Excadrill|94/100 brn|[from] brn\n|upkeep\n|turn|6\n|\n|t:|1776682400\n|move|p1a: Araquanid|Liquidation|p2b: Excadrill\n|-supereffective|p2b: Excadrill|1\n|-damage|p2b: Excadrill|0 fnt\n|faint|p2b: Excadrill\n|\n|win|Elias Evernhart\n|raw|Elias Evernhart's rating: 1188 &rarr; <strong>1215</strong><br />(+27 for winning)\n|raw|Zapdos79's rating: 1222 &rarr; <strong>1195</strong><br />(-27 for losing)\n|c|\u2606Zapdos79|gg\n",
  "uploadtime": 1776682405,
  "views": 9,
  "formatid": "gen9championsvgc2026regma",
  "rating": 1195,
  "private": 0,
  "password": null
}