{
  "id": "gen9championsvgc2026regma-2584128105",
  "format": "[Gen 9 Champions] VGC 2026 Reg M-A",
  "players": [
    "arneslotvgc",
    "colfox"
  ],
  "log": "|j|\u2606arneslotvgc\n|j|\u203dcolfox\n|t:|1776228257\n|gametype|doubles\n|player|p1|arneslotvgc|266|1088\n|player|p2|colfox|169|1115\n|gen|9\n|tier|[Gen 9 Champions] VGC 2026 Reg M-A\n|rated|\n|rule|Species Clause: Limit one of each Pok\u00e9mon\n|rule|Item Clause: Limit 1 of each item\n|clearpoke\n|poke|p1|Aerodactyl, L50, M|\n|poke|p1|Incineroar, L50, F|\n|poke|p1|Floette-Eternal, L50, F|\n|poke|p1|Basculegion, L50, M|\n|poke|p1|Garchomp, L50, F|\n|poke|p1|Sneasler, L50, F|\n|poke|p2|Sylveon, L50, M|\n|poke|p2|Garchomp, L50, F|\n|poke|p2|Milotic, L50, M|\n|poke|p2|Ninetales, L50, M|\n|poke|p2|Raichu, L50, M|\n|poke|p2|Scizor, L50, F|\n|teampreview|4\n|\n|t:|1776228275\n|teamsize|p1|4\n|teamsize|p2|4\n|start\n|switch|p1a: Aerodactyl|Aerodactyl, L50, M|100/100\n|switch|p1b: Incineroar|Incineroar, L50, F|100/100\n|switch|p2a: Milotic|Milotic, L50, M|100/100\n|switch|p2b: Raichu|Raichu, L50, M|100/100\n|-ability|p1a: Aerodactyl|Unnerve\n|-ability|p1b: Incineroar|Intimidate|boost\n|-unboost|p2a: Milotic|atk|1\n|-ability|p2a: Milotic|Competitive|boost\n|-boost|p2a: Milotic|spa|2\n|-unboost|p2b: Raichu|atk|1\n|turn|1\n|\n|t:|1776228305\n|move|p1a: Aerodactyl|Protect|p1a: Aerodactyl\n|-singleturn|p1a: Aerodactyl|Protect\n|move|p2b: Raichu|Fake Out|p1b: Incineroar\n|-damage|p1b: Incineroar|96/100\n|cant|p1b: Incineroar|flinch\n|move|p2a: Milotic|Icy Wind|p1a: Aerodactyl|[spread] p1b\n|-activate|p1a: Aerodactyl|move: Protect\n|-resisted|p1b: Incineroar|1\n|-damage|p1b: Incineroar|87/100\n|-unboost|p1b: Incineroar|spe|1\n|\n|upkeep\n|turn|2\n|\n|t:|1776228321\n|move|p1a: Aerodactyl|Rock Slide|p2a: Milotic|[spread] p2b\n|-miss|p1a: Aerodactyl|p2a: Milotic\n|-damage|p2b: Raichu|49/100\n|cant|p2b: Raichu|flinch\n|move|p2a: Milotic|Scald|p1b: Incineroar\n|-supereffective|p1b: Incineroar|1\n|-damage|p1b: Incineroar|0 fnt\n|faint|p1b: Incineroar\n|\n|upkeep\n|\n|t:|1776228325\n|switch|p1b: Floette|Floette-Eternal, L50, F|100/100\n|turn|3\n|\n|t:|1776228350\n|detailschange|p1b: Floette|Floette-Mega, L50, F\n|-mega|p1b: Floette|Floette|Floettite\n|-ability|p1b: Floette|Fairy Aura\n|move|p2b: Raichu|Protect|p2b: Raichu\n|-singleturn|p2b: Raichu|Protect\n|move|p1a: Aerodactyl|Rock Slide|p2b: Raichu|[spread] p2a\n|-activate|p2b: Raichu|move: Protect\n|-damage|p2a: Milotic|73/100\n|move|p1b: Floette|Light of Ruin|p2a: Milotic\n|-damage|p2a: Milotic|0 fnt\n|faint|p2a: Milotic\n|-damage|p1b: Floette|51/100|[from] Recoil\n|\n|upkeep\n|\n|t:|1776228366\n|switch|p2a: Ninetales|Ninetales, L50, M|100/100\n|-weather|SunnyDay|[from] ability: Drought|[of] p2a: Ninetales\n|turn|4\n|\n|t:|1776228385\n|move|p1b: Floette|Protect|p1b: Floette\n|-singleturn|p1b: Floette|Protect\n|move|p1a: Aerodactyl|Rock Slide|p2b: Raichu|[spread] p2a,p2b\n|-supereffective|p2a: Ninetales|1\n|-damage|p2a: Ninetales|37/100\n|-damage|p2b: Raichu|0 fnt\n|faint|p2b: Raichu\n|move|p2a: Ninetales|Heat Wave|p1a: Aerodactyl|[spread] p1a\n|-activate|p1b: Floette|move: Protect\n|-resisted|p1a: Aerodactyl|1\n|-crit|p1a: Aerodactyl\n|-damage|p1a: Aerodactyl|60/100\n|\n|-weather|SunnyDay|[upkeep]\n|upkeep\n|\n|t:|1776228398\n|switch|p2b: Garchomp|Garchomp, L50, F|100/100\n|turn|5\n|\n|t:|1776228407\n|move|p2a: Ninetales|Helping Hand|p2b: Garchomp\n|-singleturn|p2b: Garchomp|Helping Hand|[of] p2a: Ninetales\n|move|p1a: Aerodactyl|Tailwind|p1a: Aerodactyl\n|-sidestart|p1: arneslotvgc|move: Tailwind\n|move|p1b: Floette|Dazzling Gleam|p2a: Ninetales|[spread] p2a,p2b\n|-resisted|p2a: Ninetales|1\n|-supereffective|p2b: Garchomp|1\n|-damage|p2a: Ninetales|10/100\n|-damage|p2b: Garchomp|0 fnt\n|faint|p2b: Garchomp\n|\n|-weather|SunnyDay|[upkeep]\n|upkeep\n|turn|6\n|\n|t:|1776228420\n|move|p1a: Aerodactyl|Dual Wingbeat|p2a: Ninetales|[miss]\n|-miss|p1a: Aerodactyl|p2a: Ninetales\n|move|p1b: Floette|Dazzling Gleam|p2a: Ninetales\n|-resisted|p2a: Ninetales|1\n|-damage|p2a: Ninetales|0 fnt\n|faint|p2a: Ninetales\n|\n|win|arneslotvgc\n|raw|arneslotvgc's rating: 1088 &rarr; <strong>1117</strong><br />(+29 for winning)\n|raw|colfox's rating: 1115 &rarr; <strong>1088</strong><br />(-27 for losing)\n",
  "uploadtime": 1776228423,
  "views": 43,
  "formatid": "gen9championsvgc2026regma",
  "rating": 1088,
  "private": 0,
  "password": null
}