{
  "id": "gen9championsvgc2026regma-2587280521",
  "format": "[Gen 9 Champions] VGC 2026 Reg M-A",
  "players": [
    "at the summit",
    "Reubz123"
  ],
  "log": "|j|\u2606at the summit\n|j|\u2606Reubz123\n|t:|1776517823\n|gametype|doubles\n|player|p1|at the summit|266|1203\n|player|p2|Reubz123|1|1171\n|gen|9\n|tier|[Gen 9 Champions] VGC 2026 Reg M-A\n|rated|\n|rule|Species Clause: Limit one of each Pok\u00e9mon\n|rule|Item Clause: Limit 1 of each item\n|clearpoke\n|poke|p1|Delphox, L50, F, shiny|\n|poke|p1|Garchomp, L50, M|\n|poke|p1|Rotom-Wash, L50|\n|poke|p1|Whimsicott, L50, M|\n|poke|p1|Gyarados, L50, M|\n|poke|p1|Sneasler, L50, M|\n|poke|p2|Archaludon, L50, M|\n|poke|p2|Pelipper, L50, F|\n|poke|p2|Sneasler, L50, M|\n|poke|p2|Incineroar, L50, F|\n|poke|p2|Basculegion, L50, M|\n|poke|p2|Meganium, L50, M|\n|teampreview|4\n|j| amsnal\n|l| amsnal\n|\n|t:|1776517868\n|teamsize|p1|4\n|teamsize|p2|4\n|start\n|switch|p1a: Sneasler|Sneasler, L50, M|100/100\n|switch|p1b: Rotom|Rotom-Wash, L50|100/100\n|switch|p2a: Pelipper|Pelipper, L50, F|100/100\n|switch|p2b: Basculegion|Basculegion, L50, M|100/100\n|-weather|RainDance|[from] ability: Drizzle|[of] p2a: Pelipper\n|turn|1\n|inactive|Battle timer is ON: inactive players will automatically lose when time's up. (requested by Reubz123)\n|\n|t:|1776517891\n|switch|p2b: Incineroar|Incineroar, L50, F|100/100\n|-ability|p2b: Incineroar|Intimidate|boost\n|-unboost|p1a: Sneasler|atk|1\n|-unboost|p1b: Rotom|atk|1\n|-enditem|p1a: Sneasler|White Herb\n|-clearnegativeboost|p1a: Sneasler|[silent]\n|move|p2a: Pelipper|Protect|p2a: Pelipper\n|-singleturn|p2a: Pelipper|Protect\n|move|p1a: Sneasler|Fake Out|p2a: Pelipper\n|-activate|p2a: Pelipper|move: Protect\n|move|p1b: Rotom|Electroweb|p2b: Incineroar|[spread] p2b\n|-activate|p2a: Pelipper|move: Protect\n|-damage|p2b: Incineroar|89/100\n|-unboost|p2b: Incineroar|spe|1\n|\n|-weather|RainDance|[upkeep]\n|upkeep\n|turn|2\n|inactive|at the summit has 30 seconds left.\n|inactive|Reubz123 has 30 seconds left.\n|inactive|at the summit has 20 seconds left.\n|\n|t:|1776517930\n|switch|p2b: Basculegion|Basculegion, L50, M|100/100\n|move|p1a: Sneasler|Close Combat|p2b: Basculegion\n|-immune|p2b: Basculegion\n|move|p2a: Pelipper|Tailwind|p2a: Pelipper\n|-sidestart|p2: Reubz123|move: Tailwind\n|move|p1b: Rotom|Electroweb|p2a: Pelipper|[spread] p2a,p2b\n|-supereffective|p2a: Pelipper|2\n|-supereffective|p2b: Basculegion|1\n|-enditem|p2a: Pelipper|Focus Sash\n|-damage|p2a: Pelipper|1/100\n|-damage|p2b: Basculegion|66/100\n|-unboost|p2a: Pelipper|spe|1\n|-unboost|p2b: Basculegion|spe|1\n|\n|-weather|RainDance|[upkeep]\n|upkeep\n|turn|3\n|inactive|Reubz123 has 30 seconds left.\n|\n|t:|1776517955\n|switch|p2a: Archaludon|Archaludon, L50, M|100/100\n|move|p1a: Sneasler|Protect|p1a: Sneasler\n|-singleturn|p1a: Sneasler|Protect\n|move|p2b: Basculegion|Wave Crash|p1b: Rotom\n|-resisted|p1b: Rotom|1\n|-damage|p1b: Rotom|45/100\n|-damage|p2b: Basculegion|51/100|[from] Recoil\n|move|p1b: Rotom|Will-O-Wisp|p2b: Basculegion|[miss]\n|-miss|p1b: Rotom|p2b: Basculegion\n|\n|-weather|RainDance|[upkeep]\n|-heal|p1b: Rotom|51/100|[from] item: Leftovers\n|upkeep\n|turn|4\n|\n|t:|1776517979\n|switch|p1a: Whimsicott|Whimsicott, L50, M|100/100\n|move|p1b: Rotom|Protect|p1b: Rotom\n|-singleturn|p1b: Rotom|Protect\n|move|p2b: Basculegion|Wave Crash|p1a: Whimsicott\n|-resisted|p1a: Whimsicott|1\n|-damage|p1a: Whimsicott|24/100\n|-damage|p2b: Basculegion|33/100|[from] Recoil\n|move|p2a: Archaludon|Electro Shot||[still]\n|-prepare|p2a: Archaludon|Electro Shot\n|-boost|p2a: Archaludon|spa|1\n|-anim|p2a: Archaludon|Electro Shot|p1b: Rotom\n|-activate|p1b: Rotom|move: Protect\n|\n|-weather|RainDance|[upkeep]\n|-heal|p1b: Rotom|57/100|[from] item: Leftovers\n|upkeep\n|turn|5\n|inactive|at the summit has 30 seconds left.\n|inactive|at the summit has 20 seconds left.\n|inactive|at the summit has 15 seconds left.\n|inactive|at the summit has 10 seconds left.\n|inactive|at the summit has 5 seconds left.\n|\n|t:|1776518034\n|move|p1b: Rotom|Protect|p1b: Rotom\n|-singleturn|p1b: Rotom|Protect\n|move|p2b: Basculegion|Aqua Jet|p1a: Whimsicott\n|-resisted|p1a: Whimsicott|1\n|-damage|p1a: Whimsicott|0 fnt\n|faint|p1a: Whimsicott\n|move|p2a: Archaludon|Electro Shot||[still]\n|-prepare|p2a: Archaludon|Electro Shot\n|-boost|p2a: Archaludon|spa|1\n|-anim|p2a: Archaludon|Electro Shot|p1b: Rotom\n|-activate|p1b: Rotom|move: Protect\n|\n|-weather|none\n|-heal|p1b: Rotom|62/100|[from] item: Leftovers\n|-sideend|p2: Reubz123|move: Tailwind\n|upkeep\n|\n|t:|1776518046\n|switch|p1a: Delphox|Delphox, L50, F, shiny|100/100\n|turn|6\n|\n|t:|1776518064\n|switch|p2b: Pelipper|Pelipper, L50, F|1/100\n|-weather|RainDance|[from] ability: Drizzle|[of] p2b: Pelipper\n|detailschange|p1a: Delphox|Delphox-Mega, L50, F, shiny\n|-mega|p1a: Delphox|Delphox|Delphoxite\n|move|p1a: Delphox|Heat Wave|p2a: Archaludon|[spread] p2a,p2b\n|-resisted|p2b: Pelipper|1\n|-damage|p2a: Archaludon|79/100\n|-damage|p2b: Pelipper|0 fnt\n|-ability|p2a: Archaludon|Stamina|boost\n|-boost|p2a: Archaludon|def|1\n|faint|p2b: Pelipper\n|move|p1b: Rotom|Hydro Pump|p2a: Archaludon\n|-resisted|p2a: Archaludon|1\n|-damage|p2a: Archaludon|48/100\n|-ability|p2a: Archaludon|Stamina|boost\n|-boost|p2a: Archaludon|def|1\n|move|p2a: Archaludon|Electro Shot||[still]\n|-prepare|p2a: Archaludon|Electro Shot\n|-boost|p2a: Archaludon|spa|1\n|-anim|p2a: Archaludon|Electro Shot|p1b: Rotom\n|-damage|p1b: Rotom|0 fnt\n|faint|p1b: Rotom\n|\n|-weather|RainDance|[upkeep]\n|-heal|p2a: Archaludon|54/100|[from] item: Leftovers\n|upkeep\n|\n|t:|1776518082\n|switch|p2b: Basculegion|Basculegion, L50, M|33/100\n|switch|p1b: Sneasler|Sneasler, L50, M|100/100\n|turn|7\n|inactive|at the summit has 30 seconds left.\n|\n|t:|1776518114\n|move|p2b: Basculegion|Protect|p2b: Basculegion\n|-singleturn|p2b: Basculegion|Protect\n|move|p1b: Sneasler|Protect|p1b: Sneasler\n|-singleturn|p1b: Sneasler|Protect\n|move|p2a: Archaludon|Protect|p2a: Archaludon\n|-singleturn|p2a: Archaludon|Protect\n|move|p1a: Delphox|Psychic|p2b: Basculegion\n|-activate|p2b: Basculegion|move: Protect\n|\n|-weather|RainDance|[upkeep]\n|-heal|p2a: Archaludon|60/100|[from] item: Leftovers\n|upkeep\n|turn|8\n|\n|t:|1776518135\n|move|p2b: Basculegion|Wave Crash|p1b: Sneasler\n|-damage|p1b: Sneasler|0 fnt\n|faint|p1b: Sneasler\n|-damage|p2b: Basculegion|7/100|[from] Recoil\n|move|p1a: Delphox|Encore|p2a: Archaludon\n|-start|p2a: Archaludon|Encore\n|move|p2a: Archaludon|Protect||[still]\n|-fail|p2a: Archaludon\n|\n|-weather|RainDance|[upkeep]\n|-heal|p2a: Archaludon|66/100|[from] item: Leftovers\n|upkeep\n|turn|9\n|\n|t:|1776518147\n|move|p2a: Archaludon|Protect|p2a: Archaludon\n|-singleturn|p2a: Archaludon|Protect\n|move|p2b: Basculegion|Wave Crash|p1a: Delphox\n|-supereffective|p1a: Delphox|1\n|-damage|p1a: Delphox|0 fnt\n|faint|p1a: Delphox\n|-damage|p2b: Basculegion|0 fnt|[from] Recoil\n|faint|p2b: Basculegion\n|\n|win|Reubz123\n|raw|at the summit's rating: 1203 &rarr; <strong>1176</strong><br />(-27 for losing)\n|raw|Reubz123's rating: 1171 &rarr; <strong>1198</strong><br />(+27 for winning)\n|c|\u2606Reubz123|gg\n",
  "uploadtime": 1776518151,
  "views": 18,
  "formatid": "gen9championsvgc2026regma",
  "rating": 1176,
  "private": 0,
  "password": null
}