{
  "id": "gen9championsvgc2026regma-2589476920",
  "format": "[Gen 9 Champions] VGC 2026 Reg M-A",
  "players": [
    "SDLT 2KRL March",
    "tarn7"
  ],
  "log": "|raw|<div class=\"broadcast-blue\"><strong>This battle is required to be public due to a player having a name starting with 'sdlt'.</div>\n|j|\u2606SDLT 2KRL March\n|j|\u2606tarn7\n|t:|1776726447\n|gametype|doubles\n|player|p1|SDLT 2KRL March|valerie|1446\n|player|p2|tarn7|byron|1421\n|gen|9\n|tier|[Gen 9 Champions] VGC 2026 Reg M-A\n|rated|\n|rule|Species Clause: Limit one of each Pok\u00e9mon\n|rule|Item Clause: Limit 1 of each item\n|clearpoke\n|poke|p1|Kangaskhan, L50, F, shiny|\n|poke|p1|Farigiraf, L50, M, shiny|\n|poke|p1|Talonflame, L50, F, shiny|\n|poke|p1|Sneasler, L50, M, shiny|\n|poke|p1|Basculegion, L50, M|\n|poke|p1|Froslass, L50, F|\n|poke|p2|Golurk, L50|\n|poke|p2|Tyranitar, L50, M|\n|poke|p2|Archaludon, L50, M|\n|poke|p2|Sinistcha, L50|\n|poke|p2|Farigiraf, L50, F|\n|poke|p2|Slowbro, L50, F|\n|teampreview|4\n|inactive|Battle timer is ON: inactive players will automatically lose when time's up. (requested by SDLT 2KRL March)\n|inactive|SDLT 2KRL March has 60 seconds left.\n|\n|t:|1776726487\n|teamsize|p1|4\n|teamsize|p2|4\n|start\n|switch|p1a: Sneasler|Sneasler, L50, M, shiny|100/100\n|switch|p1b: Froslass|Froslass, L50, F|100/100\n|switch|p2a: Slowbro|Slowbro, L50, F|100/100\n|switch|p2b: Archaludon|Archaludon, L50, M|100/100\n|turn|1\n|inactive|SDLT 2KRL March has 30 seconds left.\n|\n|t:|1776726522\n|detailschange|p1b: Froslass|Froslass-Mega, L50, F\n|-mega|p1b: Froslass|Froslass|Froslassite\n|-weather|Snowscape|[from] ability: Snow Warning|[of] p1b: Froslass\n|move|p1b: Froslass|Shadow Ball|p2a: Slowbro\n|-supereffective|p2a: Slowbro|1\n|-damage|p2a: Slowbro|10/100\n|move|p1a: Sneasler|Dire Claw|p2a: Slowbro\n|-damage|p2a: Slowbro|0 fnt\n|faint|p2a: Slowbro\n|move|p2b: Archaludon|Flash Cannon|p1b: Froslass\n|-supereffective|p1b: Froslass|1\n|-damage|p1b: Froslass|5/100\n|\n|-weather|Snowscape|[upkeep]\n|upkeep\n|\n|t:|1776726537\n|switch|p2a: Sinistcha|Sinistcha, L50|100/100\n|turn|2\n|\n|t:|1776726544\n|move|p2a: Sinistcha|Protect|p2a: Sinistcha\n|-singleturn|p2a: Sinistcha|Protect\n|move|p1b: Froslass|Blizzard|p2a: Sinistcha|[spread] p2b\n|-activate|p2a: Sinistcha|move: Protect\n|-damage|p2b: Archaludon|41/100\n|-ability|p2b: Archaludon|Stamina|boost\n|-boost|p2b: Archaludon|def|1\n|-enditem|p2b: Archaludon|Sitrus Berry|[eat]\n|-heal|p2b: Archaludon|66/100|[from] item: Sitrus Berry\n|move|p1a: Sneasler|Dire Claw|p2a: Sinistcha\n|-activate|p2a: Sinistcha|move: Protect\n|move|p2b: Archaludon|Flash Cannon|p1b: Froslass\n|-supereffective|p1b: Froslass|1\n|-damage|p1b: Froslass|0 fnt\n|faint|p1b: Froslass\n|\n|-weather|Snowscape|[upkeep]\n|upkeep\n|\n|t:|1776726547\n|switch|p1b: Basculegion|Basculegion, L50, M|100/100\n|turn|3\n|\n|t:|1776726568\n|move|p1a: Sneasler|Dire Claw|p2a: Sinistcha\n|-crit|p2a: Sinistcha\n|-damage|p2a: Sinistcha|47/100\n|-status|p2a: Sinistcha|par\n|move|p2b: Archaludon|Dragon Pulse|p1a: Sneasler\n|-damage|p1a: Sneasler|30/100\n|move|p1b: Basculegion|Last Respects|p2a: Sinistcha\n|-supereffective|p2a: Sinistcha|1\n|-damage|p2a: Sinistcha|0 fnt\n|faint|p2a: Sinistcha\n|\n|-weather|Snowscape|[upkeep]\n|upkeep\n|\n|t:|1776726578\n|switch|p2a: Golurk|Golurk, L50|100/100\n|turn|4\n|\n|t:|1776726594\n|detailschange|p2a: Golurk|Golurk-Mega, L50\n|-mega|p2a: Golurk|Golurk|Golurkite\n|move|p2a: Golurk|Protect|p2a: Golurk\n|-singleturn|p2a: Golurk|Protect\n|move|p1a: Sneasler|Close Combat|p2b: Archaludon\n|-supereffective|p2b: Archaludon|1\n|-damage|p2b: Archaludon|0 fnt\n|-unboost|p1a: Sneasler|def|1\n|-unboost|p1a: Sneasler|spd|1\n|faint|p2b: Archaludon\n|move|p1b: Basculegion|Last Respects|p2a: Golurk\n|-activate|p2a: Golurk|move: Protect\n|\n|-weather|Snowscape|[upkeep]\n|upkeep\n|turn|5\n|\n|t:|1776726605\n|move|p1a: Sneasler|Dire Claw|p2a: Golurk\n|-resisted|p2a: Golurk|2\n|-damage|p2a: Golurk|91/100\n|move|p1b: Basculegion|Last Respects|p2a: Golurk\n|-supereffective|p2a: Golurk|1\n|-damage|p2a: Golurk|0 fnt\n|faint|p2a: Golurk\n|\n|win|SDLT 2KRL March\n|raw|SDLT 2KRL March's rating: 1446 &rarr; <strong>1465</strong><br />(+19 for winning)\n|raw|tarn7's rating: 1421 &rarr; <strong>1402</strong><br />(-19 for losing)\n",
  "uploadtime": 1776726605,
  "views": 9,
  "formatid": "gen9championsvgc2026regma",
  "rating": 1402,
  "private": 0,
  "password": null
}