{
  "id": "gen9championsvgc2026regma-2584943125",
  "format": "[Gen 9 Champions] VGC 2026 Reg M-A",
  "players": [
    "ffttossenz",
    "Playinhdisgaem4fun"
  ],
  "log": "|j|\u2606ffttossenz\n|j|\u2606Playinhdisgaem4fun\n|t:|1776296735\n|gametype|doubles\n|player|p1|ffttossenz|miku-flying|1084\n|player|p2|Playinhdisgaem4fun|maid-gen6|1046\n|gen|9\n|tier|[Gen 9 Champions] VGC 2026 Reg M-A\n|rated|\n|rule|Species Clause: Limit one of each Pok\u00e9mon\n|rule|Item Clause: Limit 1 of each item\n|clearpoke\n|poke|p1|Manectric, L50, M|\n|poke|p1|Slowbro, L50, F|\n|poke|p1|Chimecho, L50, M|\n|poke|p1|Sneasler, L50, M|\n|poke|p1|Floette-Eternal, L50, F|\n|poke|p1|Raichu, L50, M|\n|poke|p2|Pelipper, L50, F|\n|poke|p2|Basculegion, L50, M|\n|poke|p2|Incineroar, L50, F|\n|poke|p2|Sneasler, L50, F|\n|poke|p2|Hatterene, L50, F|\n|poke|p2|Meganium, L50, F|\n|teampreview|4\n|inactive|Battle timer is ON: inactive players will automatically lose when time's up. (requested by Playinhdisgaem4fun)\nPlayinhdisgaem4fun rejected open team sheets.\n|\n|t:|1776296757\n|teamsize|p1|4\n|teamsize|p2|4\n|start\n|switch|p1a: \u26a0\ufe0fPLS NO TIMER\u26a0\ufe0f|Raichu, L50, M|100/100\n|switch|p1b: \ud83d\ude1fPLS NO FORFEIT\ud83d\ude1f|Manectric, L50, M|100/100\n|switch|p2a: Meganium|Meganium, L50, F|100/100\n|switch|p2b: Incineroar|Incineroar, L50, F|100/100\n|-ability|p2b: Incineroar|Intimidate|boost\n|-unboost|p1a: \u26a0\ufe0fPLS NO TIMER\u26a0\ufe0f|atk|1\n|-unboost|p1b: \ud83d\ude1fPLS NO FORFEIT\ud83d\ude1f|atk|1\n|turn|1\n|inactive|Playinhdisgaem4fun has 30 seconds left.\n|\n|t:|1776296787\n|detailschange|p2a: Meganium|Meganium-Mega, L50, F\n|-mega|p2a: Meganium|Meganium|Meganiumite\n|move|p1a: \u26a0\ufe0fPLS NO TIMER\u26a0\ufe0f|Discharge|p2b: Incineroar|[spread] p2a,p2b\n|-ability|p1b: \ud83d\ude1fPLS NO FORFEIT\ud83d\ude1f|Lightning Rod|boost\n|-boost|p1b: \ud83d\ude1fPLS NO FORFEIT\ud83d\ude1f|spa|1\n|-resisted|p2a: Meganium|1\n|-damage|p2a: Meganium|89/100\n|-damage|p2b: Incineroar|81/100\n|-status|p2a: Meganium|par\n|move|p1b: \ud83d\ude1fPLS NO FORFEIT\ud83d\ude1f|Discharge|p2a: Meganium|[spread] p2a,p2b\n|-ability|p1a: \u26a0\ufe0fPLS NO TIMER\u26a0\ufe0f|Lightning Rod|boost\n|-boost|p1a: \u26a0\ufe0fPLS NO TIMER\u26a0\ufe0f|spa|1\n|-resisted|p2a: Meganium|1\n|-damage|p2a: Meganium|70/100 par\n|-damage|p2b: Incineroar|51/100\n|move|p2b: Incineroar|Parting Shot|p1b: \ud83d\ude1fPLS NO FORFEIT\ud83d\ude1f\n|-unboost|p1b: \ud83d\ude1fPLS NO FORFEIT\ud83d\ude1f|atk|1\n|-unboost|p1b: \ud83d\ude1fPLS NO FORFEIT\ud83d\ude1f|spa|1\n|\n|t:|1776296802\n|switch|p2b: Sneasler|Sneasler, L50, F|100/100|[from] Parting Shot\n|move|p2a: Meganium|Dazzling Gleam|p1b: \ud83d\ude1fPLS NO FORFEIT\ud83d\ude1f|[spread] p1a,p1b\n|-damage|p1a: \u26a0\ufe0fPLS NO TIMER\u26a0\ufe0f|50/100\n|-damage|p1b: \ud83d\ude1fPLS NO FORFEIT\ud83d\ude1f|39/100\n|\n|upkeep\n|turn|2\n|\n|t:|1776296821\n|switch|p2b: Incineroar|Incineroar, L50, F|51/100\n|-ability|p2b: Incineroar|Intimidate|boost\n|-unboost|p1a: \u26a0\ufe0fPLS NO TIMER\u26a0\ufe0f|atk|1\n|-unboost|p1b: \ud83d\ude1fPLS NO FORFEIT\ud83d\ude1f|atk|1\n|move|p1a: \u26a0\ufe0fPLS NO TIMER\u26a0\ufe0f|Discharge|p2a: Meganium|[spread] p2a,p2b\n|-ability|p1b: \ud83d\ude1fPLS NO FORFEIT\ud83d\ude1f|Lightning Rod|boost\n|-boost|p1b: \ud83d\ude1fPLS NO FORFEIT\ud83d\ude1f|spa|1\n|-resisted|p2a: Meganium|1\n|-damage|p2a: Meganium|51/100 par\n|-damage|p2b: Incineroar|23/100\n|-status|p2b: Incineroar|par\n|-enditem|p2b: Incineroar|Sitrus Berry|[eat]\n|-heal|p2b: Incineroar|48/100 par|[from] item: Sitrus Berry\n|move|p1b: \ud83d\ude1fPLS NO FORFEIT\ud83d\ude1f|Discharge|p2a: Meganium|[spread] p2a,p2b\n|-ability|p1a: \u26a0\ufe0fPLS NO TIMER\u26a0\ufe0f|Lightning Rod|boost\n|-boost|p1a: \u26a0\ufe0fPLS NO TIMER\u26a0\ufe0f|spa|1\n|-resisted|p2a: Meganium|1\n|-damage|p2a: Meganium|31/100 par\n|-damage|p2b: Incineroar|18/100 par\n|cant|p2a: Meganium|par\n|\n|upkeep\n|turn|3\n|inactive|Playinhdisgaem4fun has 30 seconds left.\n|c|\u2606ffttossenz|can u turn off timer pls <3\n|inactiveoff|Battle timer is now OFF.\n|c|\u2606ffttossenz|ty :D\n|\n|t:|1776296857\n|move|p2b: Incineroar|Fake Out|p1b: \ud83d\ude1fPLS NO FORFEIT\ud83d\ude1f\n|-damage|p1b: \ud83d\ude1fPLS NO FORFEIT\ud83d\ude1f|18/100\n|move|p1a: \u26a0\ufe0fPLS NO TIMER\u26a0\ufe0f|Discharge|p2b: Incineroar|[spread] p2a,p2b\n|-ability|p1b: \ud83d\ude1fPLS NO FORFEIT\ud83d\ude1f|Lightning Rod|boost\n|-boost|p1b: \ud83d\ude1fPLS NO FORFEIT\ud83d\ude1f|spa|1\n|-resisted|p2a: Meganium|1\n|-damage|p2a: Meganium|9/100 par\n|-damage|p2b: Incineroar|0 fnt\n|faint|p2b: Incineroar\n|cant|p1b: \ud83d\ude1fPLS NO FORFEIT\ud83d\ude1f|flinch\n|move|p2a: Meganium|Dazzling Gleam|p1b: \ud83d\ude1fPLS NO FORFEIT\ud83d\ude1f|[spread] p1a,p1b\n|-damage|p1a: \u26a0\ufe0fPLS NO TIMER\u26a0\ufe0f|0 fnt\n|-damage|p1b: \ud83d\ude1fPLS NO FORFEIT\ud83d\ude1f|0 fnt\n|faint|p1a: \u26a0\ufe0fPLS NO TIMER\u26a0\ufe0f\n|faint|p1b: \ud83d\ude1fPLS NO FORFEIT\ud83d\ude1f\n|\n|upkeep\n|\n|t:|1776296866\n|switch|p1a: \ud83c\udfcb\ufe0fNO GIVE UP\ud83c\udfcb\ufe0f|Slowbro, L50, F|100/100\n|switch|p1b: (\u3065\u1d17 _\u1d17)\u3065\u26f0\ufe0fSisyphus|Chimecho, L50, M, shiny|100/100\n|switch|p2b: Pelipper|Pelipper, L50, F|100/100\n|-weather|RainDance|[from] ability: Drizzle|[of] p2b: Pelipper\n|turn|4\n|\n|t:|1776296876\n|detailschange|p1a: \ud83c\udfcb\ufe0fNO GIVE UP\ud83c\udfcb\ufe0f|Slowbro-Mega, L50, F\n|-mega|p1a: \ud83c\udfcb\ufe0fNO GIVE UP\ud83c\udfcb\ufe0f|Slowbro|Slowbronite\n|move|p2b: Pelipper|Hurricane|p1b: (\u3065\u1d17 _\u1d17)\u3065\u26f0\ufe0fSisyphus\n|-damage|p1b: (\u3065\u1d17 _\u1d17)\u3065\u26f0\ufe0fSisyphus|54/100\n|move|p1b: (\u3065\u1d17 _\u1d17)\u3065\u26f0\ufe0fSisyphus|Cosmic Power|p1b: (\u3065\u1d17 _\u1d17)\u3065\u26f0\ufe0fSisyphus\n|-boost|p1b: (\u3065\u1d17 _\u1d17)\u3065\u26f0\ufe0fSisyphus|def|1\n|-boost|p1b: (\u3065\u1d17 _\u1d17)\u3065\u26f0\ufe0fSisyphus|spd|1\n|move|p2a: Meganium|Solar Beam||[still]\n|-prepare|p2a: Meganium|Solar Beam\n|-activate|p2a: Meganium|ability: Mega Sol\n|-anim|p2a: Meganium|Solar Beam|p1a: \ud83c\udfcb\ufe0fNO GIVE UP\ud83c\udfcb\ufe0f\n|-supereffective|p1a: \ud83c\udfcb\ufe0fNO GIVE UP\ud83c\udfcb\ufe0f|1\n|-damage|p1a: \ud83c\udfcb\ufe0fNO GIVE UP\ud83c\udfcb\ufe0f|0 fnt\n|faint|p1a: \ud83c\udfcb\ufe0fNO GIVE UP\ud83c\udfcb\ufe0f\n|\n|-weather|RainDance|[upkeep]\n|upkeep\n|turn|5\n|\n|t:|1776296889\n|move|p2b: Pelipper|Tailwind|p2b: Pelipper\n|-sidestart|p2: Playinhdisgaem4fun|move: Tailwind\n|move|p2a: Meganium|Solar Beam||[still]\n|-prepare|p2a: Meganium|Solar Beam\n|-activate|p2a: Meganium|ability: Mega Sol\n|-anim|p2a: Meganium|Solar Beam|p1b: (\u3065\u1d17 _\u1d17)\u3065\u26f0\ufe0fSisyphus\n|-damage|p1b: (\u3065\u1d17 _\u1d17)\u3065\u26f0\ufe0fSisyphus|8/100\n|move|p1b: (\u3065\u1d17 _\u1d17)\u3065\u26f0\ufe0fSisyphus|Recover|p1b: (\u3065\u1d17 _\u1d17)\u3065\u26f0\ufe0fSisyphus\n|-heal|p1b: (\u3065\u1d17 _\u1d17)\u3065\u26f0\ufe0fSisyphus|58/100\n|\n|-weather|RainDance|[upkeep]\n|upkeep\n|turn|6\n|\n|t:|1776296898\n|switch|p2b: Sneasler|Sneasler, L50, F|100/100\n|move|p2a: Meganium|Solar Beam||[still]\n|-prepare|p2a: Meganium|Solar Beam\n|-activate|p2a: Meganium|ability: Mega Sol\n|-anim|p2a: Meganium|Solar Beam|p1b: (\u3065\u1d17 _\u1d17)\u3065\u26f0\ufe0fSisyphus\n|-damage|p1b: (\u3065\u1d17 _\u1d17)\u3065\u26f0\ufe0fSisyphus|13/100\n|move|p1b: (\u3065\u1d17 _\u1d17)\u3065\u26f0\ufe0fSisyphus|Recover|p1b: (\u3065\u1d17 _\u1d17)\u3065\u26f0\ufe0fSisyphus\n|-heal|p1b: (\u3065\u1d17 _\u1d17)\u3065\u26f0\ufe0fSisyphus|63/100\n|\n|-weather|RainDance|[upkeep]\n|upkeep\n|turn|7\n|\n|t:|1776296908\n|move|p2b: Sneasler|Dire Claw|p1b: (\u3065\u1d17 _\u1d17)\u3065\u26f0\ufe0fSisyphus\n|-damage|p1b: (\u3065\u1d17 _\u1d17)\u3065\u26f0\ufe0fSisyphus|40/100\n|cant|p2a: Meganium|par\n|move|p1b: (\u3065\u1d17 _\u1d17)\u3065\u26f0\ufe0fSisyphus|Cosmic Power|p1b: (\u3065\u1d17 _\u1d17)\u3065\u26f0\ufe0fSisyphus\n|-boost|p1b: (\u3065\u1d17 _\u1d17)\u3065\u26f0\ufe0fSisyphus|def|1\n|-boost|p1b: (\u3065\u1d17 _\u1d17)\u3065\u26f0\ufe0fSisyphus|spd|1\n|\n|-weather|RainDance|[upkeep]\n|upkeep\n|turn|8\n|\n|t:|1776296917\n|move|p2b: Sneasler|Dire Claw|p1b: (\u3065\u1d17 _\u1d17)\u3065\u26f0\ufe0fSisyphus\n|-damage|p1b: (\u3065\u1d17 _\u1d17)\u3065\u26f0\ufe0fSisyphus|19/100\n|move|p2a: Meganium|Solar Beam||[still]\n|-prepare|p2a: Meganium|Solar Beam\n|-activate|p2a: Meganium|ability: Mega Sol\n|-anim|p2a: Meganium|Solar Beam|p1b: (\u3065\u1d17 _\u1d17)\u3065\u26f0\ufe0fSisyphus\n|-damage|p1b: (\u3065\u1d17 _\u1d17)\u3065\u26f0\ufe0fSisyphus|0 fnt\n|faint|p1b: (\u3065\u1d17 _\u1d17)\u3065\u26f0\ufe0fSisyphus\n|\n|win|Playinhdisgaem4fun\n|raw|ffttossenz's rating: 1084 &rarr; <strong>1059</strong><br />(-25 for losing)\n|raw|Playinhdisgaem4fun's rating: 1046 &rarr; <strong>1083</strong><br />(+37 for winning)\n|c|\u2606ffttossenz|gg\n|c|\u2606Playinhdisgaem4fun|ggwp\n|c|\u2606ffttossenz|u2\n|l|\u2606ffttossenz\n|player|p1|\n|c|\u2606Playinhdisgaem4fun|yuh\n",
  "uploadtime": 1776296933,
  "views": 23,
  "formatid": "gen9championsvgc2026regma",
  "rating": 1059,
  "private": 0,
  "password": null
}