{
  "id": "gen9championsvgc2026regma-2585123593",
  "format": "[Gen 9 Champions] VGC 2026 Reg M-A",
  "players": [
    "Leemo1218",
    "jeftop"
  ],
  "log": "|j|\u2606Leemo1218\n|j|\u2606jeftop\n|t:|1776314526\n|gametype|doubles\n|player|p1|Leemo1218|riley|1130\n|player|p2|jeftop|265|1092\n|gen|9\n|tier|[Gen 9 Champions] VGC 2026 Reg M-A\n|rated|\n|rule|Species Clause: Limit one of each Pok\u00e9mon\n|rule|Item Clause: Limit 1 of each item\n|clearpoke\n|poke|p1|Incineroar, L50, F|\n|poke|p1|Gengar, L50, M|\n|poke|p1|Kingambit, L50, M|\n|poke|p1|Maushold-Four, L50|\n|poke|p1|Palafin, L50, M|\n|poke|p1|Kommo-o, L50, M|\n|poke|p2|Froslass, L50, F|\n|poke|p2|Orthworm, L50, M|\n|poke|p2|Garchomp, L50, F|\n|poke|p2|Basculegion, L50, M|\n|poke|p2|Incineroar, L50, M|\n|poke|p2|Clefable, L50, M|\n|teampreview|4\n|inactive|Battle timer is ON: inactive players will automatically lose when time's up. (requested by Leemo1218)\n|\n|t:|1776314559\n|teamsize|p1|4\n|teamsize|p2|4\n|start\n|switch|p1a: Gengar|Gengar, L50, M, shiny|100/100\n|switch|p1b: Incineroar|Incineroar, L50, F|100/100\n|switch|p2a: Orthworm|Orthworm, L50, M|100/100\n|switch|p2b: Garchomp|Garchomp, L50, F|100/100\n|-ability|p1b: Incineroar|Intimidate|boost\n|-unboost|p2a: Orthworm|atk|1\n|-unboost|p2b: Garchomp|atk|1\n|-enditem|p2b: Garchomp|White Herb\n|-clearnegativeboost|p2b: Garchomp|[silent]\n|turn|1\n|\n|t:|1776314576\n|detailschange|p1a: Gengar|Gengar-Mega, L50, M, shiny\n|-mega|p1a: Gengar|Gengar|Gengarite\n|move|p1b: Incineroar|Fake Out|p2b: Garchomp\n|-damage|p2b: Garchomp|91/100\n|-damage|p1b: Incineroar|88/100|[from] ability: Rough Skin|[of] p2b: Garchomp\n|move|p1a: Gengar|Perish Song|p1a: Gengar\n|-start|p1a: Gengar|perish3|[silent]\n|-start|p1b: Incineroar|perish3|[silent]\n|-start|p2a: Orthworm|perish3|[silent]\n|-start|p2b: Garchomp|perish3|[silent]\n|-fieldactivate|move: Perish Song\n|cant|p2b: Garchomp|flinch\n|move|p2a: Orthworm|Shed Tail|p2a: Orthworm\n|-start|p2a: Orthworm|Substitute|[from] move: Shed Tail\n|-damage|p2a: Orthworm|50/100\n|\n|t:|1776314586\n|switch|p2a: Froslass|Froslass, L50, F|100/100|[from] Shed Tail\n|\n|-start|p1a: Gengar|perish3\n|-start|p2b: Garchomp|perish3\n|-start|p1b: Incineroar|perish3\n|upkeep\n|turn|2\n|\n|t:|1776314597\n|move|p1a: Gengar|Protect|p1a: Gengar\n|-singleturn|p1a: Gengar|Protect\n|move|p2a: Froslass|Nasty Plot|p2a: Froslass\n|-boost|p2a: Froslass|spa|2\n|move|p2b: Garchomp|Rock Slide|p1a: Gengar|[spread] p1b\n|-activate|p1a: Gengar|move: Protect\n|-supereffective|p1b: Incineroar|1\n|-damage|p1b: Incineroar|50/100\n|-enditem|p1b: Incineroar|Sitrus Berry|[eat]\n|-heal|p1b: Incineroar|74/100|[from] item: Sitrus Berry\n|cant|p1b: Incineroar|flinch\n|\n|-start|p1a: Gengar|perish2\n|-start|p2b: Garchomp|perish2\n|-start|p1b: Incineroar|perish2\n|upkeep\n|turn|3\n|inactive|Leemo1218 has 30 seconds left.\n|inactive|jeftop has 30 seconds left.\n|\n|t:|1776314632\n|switch|p1a: Maushold|Maushold-Four, L50|100/100\n|detailschange|p2a: Froslass|Froslass-Mega, L50, F\n|-mega|p2a: Froslass|Froslass|Froslassite\n|-weather|Snowscape|[from] ability: Snow Warning|[of] p2a: Froslass\n|move|p2a: Froslass|Blizzard|p1b: Incineroar|[spread] p1a,p1b\n|-resisted|p1b: Incineroar|1\n|-damage|p1a: Maushold|27/100\n|-damage|p1b: Incineroar|50/100\n|move|p2b: Garchomp|Rock Slide|p1a: Maushold|[spread] p1a,p1b\n|-supereffective|p1b: Incineroar|1\n|-damage|p1a: Maushold|2/100\n|-damage|p1b: Incineroar|20/100\n|move|p1b: Incineroar|Parting Shot|p2b: Garchomp\n|-unboost|p2b: Garchomp|atk|1\n|-unboost|p2b: Garchomp|spa|1\n|\n|t:|1776314647\n|switch|p1b: Gengar|Gengar-Mega, L50, M, shiny|100/100|[from] Parting Shot\n|\n|-weather|Snowscape|[upkeep]\n|-start|p2b: Garchomp|perish1\n|upkeep\n|turn|4\n|\n|t:|1776314663\n|move|p1b: Gengar|Protect|p1b: Gengar\n|-singleturn|p1b: Gengar|Protect\n|move|p1a: Maushold|Protect|p1a: Maushold\n|-singleturn|p1a: Maushold|Protect\n|move|p2a: Froslass|Blizzard|p1a: Maushold|[spread] \n|-activate|p1a: Maushold|move: Protect\n|-activate|p1b: Gengar|move: Protect\n|move|p2b: Garchomp|Rock Slide|p1a: Maushold|[spread] \n|-activate|p1a: Maushold|move: Protect\n|-activate|p1b: Gengar|move: Protect\n|\n|-weather|Snowscape|[upkeep]\n|-start|p2b: Garchomp|perish0\n|faint|p2b: Garchomp\n|upkeep\n|\n|t:|1776314679\n|switch|p2b: Clefable|Clefable, L50, M|100/100\n|turn|5\n|\n|t:|1776314699\n|move|p1a: Maushold|Follow Me|p1a: Maushold\n|-singleturn|p1a: Maushold|move: Follow Me\n|move|p2b: Clefable|Follow Me|p2b: Clefable\n|-singleturn|p2b: Clefable|move: Follow Me\n|move|p1b: Gengar|Perish Song|p1b: Gengar\n|-start|p1a: Maushold|perish3|[silent]\n|-start|p1b: Gengar|perish3|[silent]\n|-start|p2a: Froslass|perish3|[silent]\n|-start|p2b: Clefable|perish3|[silent]\n|-fieldactivate|move: Perish Song\n|move|p2a: Froslass|Blizzard|p1a: Maushold|[spread] p1a,p1b\n|-damage|p1a: Maushold|0 fnt\n|-damage|p1b: Gengar|21/100\n|faint|p1a: Maushold\n|\n|-weather|Snowscape|[upkeep]\n|-start|p1b: Gengar|perish3\n|-start|p2a: Froslass|perish3\n|-start|p2b: Clefable|perish3\n|upkeep\n|\n|t:|1776314714\n|switch|p1a: Palafin|Palafin, L50, M|100/100\n|turn|6\n|\n|t:|1776314732\n|move|p2b: Clefable|Helping Hand|p2a: Froslass\n|-singleturn|p2a: Froslass|Helping Hand|[of] p2b: Clefable\n|move|p1b: Gengar|Protect|p1b: Gengar\n|-singleturn|p1b: Gengar|Protect\n|move|p1a: Palafin|Protect|p1a: Palafin\n|-singleturn|p1a: Palafin|Protect\n|move|p2a: Froslass|Blizzard|p1a: Palafin|[spread] \n|-activate|p1a: Palafin|move: Protect\n|-activate|p1b: Gengar|move: Protect\n|\n|-weather|Snowscape|[upkeep]\n|-start|p1b: Gengar|perish2\n|-start|p2a: Froslass|perish2\n|-start|p2b: Clefable|perish2\n|upkeep\n|turn|7\n|\n|t:|1776314748\n|switch|p1b: Incineroar|Incineroar, L50, F|20/100\n|-ability|p1b: Incineroar|Intimidate|boost\n|-immune|p2a: Froslass\n|-unboost|p2b: Clefable|atk|1\n|move|p2b: Clefable|Helping Hand|p2a: Froslass\n|-singleturn|p2a: Froslass|Helping Hand|[of] p2b: Clefable\n|move|p2a: Froslass|Blizzard|p1a: Palafin|[spread] p1a,p1b\n|-resisted|p1a: Palafin|1\n|-resisted|p1b: Incineroar|1\n|-damage|p1a: Palafin|2/100\n|-damage|p1b: Incineroar|0 fnt\n|faint|p1b: Incineroar\n|move|p1a: Palafin|Flip Turn|p2b: Clefable\n|-damage|p2b: Clefable|78/100\n|\n|t:|1776314762\n|detailschange|p1a: Palafin|Palafin-Hero, L50, M\n|switch|p1a: Gengar|Gengar-Mega, L50, M, shiny|21/100|[from] Flip Turn\n|\n|-weather|none\n|-start|p2a: Froslass|perish1\n|-start|p2b: Clefable|perish1\n|upkeep\n|\n|t:|1776314764\n|switch|p1b: Palafin|Palafin-Hero, L50, M|2/100\n|-activate|p1b: Palafin|ability: Zero to Hero\n|turn|8\n|inactive|jeftop has 30 seconds left.\n|inactive|jeftop has 20 seconds left.\n|inactive|jeftop has 15 seconds left.\n|inactive|jeftop has 10 seconds left.\n|inactive|jeftop has 5 seconds left.\n|\n|t:|1776314815\n|move|p1a: Gengar|Protect|p1a: Gengar\n|-singleturn|p1a: Gengar|Protect\n|move|p1b: Palafin|Protect|p1b: Palafin\n|-singleturn|p1b: Palafin|Protect\n|move|p2a: Froslass|Blizzard|p1a: Gengar|[spread] \n|-activate|p1a: Gengar|move: Protect\n|-activate|p1b: Palafin|move: Protect\n|move|p2b: Clefable|Moonblast|p1b: Palafin\n|-activate|p1b: Palafin|move: Protect\n|\n|-start|p2a: Froslass|perish0\n|-start|p2b: Clefable|perish0\n|faint|p2a: Froslass\n|faint|p2b: Clefable\n|upkeep\n|\n|t:|1776314830\n|switch|p2b: Orthworm|Orthworm, L50, M|50/100\n|turn|9\n|\n|t:|1776314851\n|move|p1a: Gengar|Protect||[still]\n|-fail|p1a: Gengar\n|move|p2b: Orthworm|Protect|p2b: Orthworm\n|-singleturn|p2b: Orthworm|Protect\n|move|p1b: Palafin|Wave Crash|p2b: Orthworm\n|-activate|p2b: Orthworm|move: Protect\n|\n|-heal|p2b: Orthworm|56/100|[from] item: Leftovers\n|upkeep\n|turn|10\n|\n|t:|1776314863\n|move|p1a: Gengar|Protect|p1a: Gengar\n|-singleturn|p1a: Gengar|Protect\n|move|p1b: Palafin|Wave Crash|p2b: Orthworm\n|-damage|p2b: Orthworm|0 fnt\n|faint|p2b: Orthworm\n|-damage|p1b: Palafin|0 fnt|[from] Recoil\n|faint|p1b: Palafin\n|\n|win|Leemo1218\n|raw|Leemo1218's rating: 1130 &rarr; <strong>1152</strong><br />(+22 for winning)\n|raw|jeftop's rating: 1092 &rarr; <strong>1071</strong><br />(-21 for losing)\n",
  "uploadtime": 1776314868,
  "views": 17,
  "formatid": "gen9championsvgc2026regma",
  "rating": 1071,
  "private": 0,
  "password": null
}