{
  "id": "gen9championsvgc2026regma-2588598579",
  "format": "[Gen 9 Champions] VGC 2026 Reg M-A",
  "players": [
    "nk.luna",
    "Miiv"
  ],
  "log": "|j|\u2606nk.luna\n|j|\u2606Miiv\n|t:|1776648751\n|gametype|doubles\n|player|p1|nk.luna|marley|1074\n|player|p2|Miiv|morty-masters2|1144\n|gen|9\n|tier|[Gen 9 Champions] VGC 2026 Reg M-A\n|rated|\n|rule|Species Clause: Limit one of each Pok\u00e9mon\n|rule|Item Clause: Limit 1 of each item\n|clearpoke\n|poke|p1|Gardevoir, L50, F, shiny|\n|poke|p1|Whimsicott, L50, F|\n|poke|p1|Incineroar, L50, F|\n|poke|p1|Primarina, L50, M|\n|poke|p1|Meowstic, L50, M|\n|poke|p1|Farigiraf, L50, F|\n|poke|p2|Chimecho, L50, F|\n|poke|p2|Maushold, L50, shiny|\n|poke|p2|Kommo-o, L50, M|\n|poke|p2|Sinistcha, L50|\n|poke|p2|Arcanine-Hisui, L50, M, shiny|\n|poke|p2|Scizor, L50, M|\n|teampreview|4\n|inactive|Battle timer is ON: inactive players will automatically lose when time's up. (requested by nk.luna)\n|\n|t:|1776648764\n|teamsize|p1|4\n|teamsize|p2|4\n|start\n|switch|p1a: fire bear|Incineroar, L50, F|100/100\n|switch|p1b: Primarina|Primarina, L50, M|100/100\n|switch|p2a: Chimecho|Chimecho, L50, F|100/100\n|switch|p2b: Maushold|Maushold, L50, shiny|100/100\n|-ability|p1a: fire bear|Intimidate|boost\n|-unboost|p2a: Chimecho|atk|1\n|-unboost|p2b: Maushold|atk|1\n|turn|1\n|\n|t:|1776648786\n|switch|p1b: Meowstic|Meowstic, L50, M|100/100\n|detailschange|p2a: Chimecho|Chimecho-Mega, L50, F\n|-mega|p2a: Chimecho|Chimecho|Chimechite\n|move|p1a: fire bear|Fake Out|p2b: Maushold\n|-damage|p2b: Maushold|88/100\n|cant|p2b: Maushold|flinch\n|move|p2a: Chimecho|Cosmic Power|p2a: Chimecho\n|-boost|p2a: Chimecho|def|1\n|-boost|p2a: Chimecho|spd|1\n|\n|upkeep\n|turn|2\n|\n|t:|1776648807\n|move|p1b: Meowstic|Psychic Terrain|p1b: Meowstic\n|-fieldstart|move: Psychic Terrain\n|move|p2b: Maushold|Taunt|p1b: Meowstic\n|-start|p1b: Meowstic|move: Taunt\n|move|p1a: fire bear|Flare Blitz|p2a: Chimecho\n|-supereffective|p2a: Chimecho|1\n|-damage|p2a: Chimecho|67/100\n|-damage|p1a: fire bear|90/100|[from] Recoil\n|move|p2a: Chimecho|Cosmic Power|p2a: Chimecho\n|-boost|p2a: Chimecho|def|1\n|-boost|p2a: Chimecho|spd|1\n|\n|upkeep\n|turn|3\n|\n|t:|1776648823\n|switch|p1b: Gardevoir|Gardevoir, L50, F, shiny|100/100\n|move|p2b: Maushold|Population Bomb|p1a: fire bear\n|-damage|p1a: fire bear|86/100\n|-damage|p1a: fire bear|82/100\n|-damage|p1a: fire bear|79/100\n|-damage|p1a: fire bear|75/100\n|-damage|p1a: fire bear|72/100\n|-damage|p1a: fire bear|68/100\n|-damage|p1a: fire bear|64/100\n|-damage|p1a: fire bear|60/100\n|-damage|p1a: fire bear|57/100\n|-damage|p1a: fire bear|53/100\n|-hitcount|p1a: fire bear|10\n|move|p1a: fire bear|Flare Blitz|p2a: Chimecho\n|-supereffective|p2a: Chimecho|1\n|-damage|p2a: Chimecho|42/100\n|-damage|p1a: fire bear|45/100|[from] Recoil\n|-enditem|p1a: fire bear|Sitrus Berry|[eat]\n|-heal|p1a: fire bear|70/100|[from] item: Sitrus Berry\n|move|p2a: Chimecho|Cosmic Power|p2a: Chimecho\n|-boost|p2a: Chimecho|def|1\n|-boost|p2a: Chimecho|spd|1\n|\n|upkeep\n|turn|4\n|\n|t:|1776648841\n|switch|p2b: Sinistcha|Sinistcha, L50|100/100\n|-heal|p2a: Chimecho|67/100|[from] ability: Hospitality|[of] p2b: Sinistcha\n|detailschange|p1b: Gardevoir|Gardevoir-Mega, L50, F, shiny\n|-mega|p1b: Gardevoir|Gardevoir|Gardevoirite\n|move|p1b: Gardevoir|Aura Sphere|p2a: Chimecho\n|-damage|p2a: Chimecho|56/100\n|move|p1a: fire bear|Flare Blitz|p2a: Chimecho\n|-supereffective|p2a: Chimecho|1\n|-damage|p2a: Chimecho|26/100\n|-damage|p1a: fire bear|61/100|[from] Recoil\n|move|p2a: Chimecho|Boomburst|p1a: fire bear|[spread] p1a,p1b\n|-immune|p2b: Sinistcha\n|-damage|p1a: fire bear|33/100\n|-damage|p1b: Gardevoir|69/100\n|\n|upkeep\n|turn|5\n|inactive|Miiv has 30 seconds left.\n|inactive|Miiv has 20 seconds left.\n|inactive|Miiv has 15 seconds left.\n|\n|t:|1776648882\n|move|p1b: Gardevoir|Expanding Force|p2a: Chimecho|[spread] p2a,p2b\n|-resisted|p2a: Chimecho|2\n|-damage|p2a: Chimecho|21/100\n|-damage|p2b: Sinistcha|38/100\n|-enditem|p2b: Sinistcha|Sitrus Berry|[eat]\n|-heal|p2b: Sinistcha|63/100|[from] item: Sitrus Berry\n|move|p1a: fire bear|Flare Blitz|p2a: Chimecho\n|-supereffective|p2a: Chimecho|1\n|-damage|p2a: Chimecho|0 fnt\n|faint|p2a: Chimecho\n|-damage|p1a: fire bear|27/100|[from] Recoil\n|move|p2b: Sinistcha|Life Dew|p2b: Sinistcha\n|-heal|p2b: Sinistcha|88/100\n|\n|upkeep\n|\n|t:|1776648900\n|switch|p2a: Arcanine|Arcanine-Hisui, L50, M, shiny|100/100\n|turn|6\n|\n|t:|1776648919\n|move|p2b: Sinistcha|Rage Powder|p2b: Sinistcha\n|-singleturn|p2b: Sinistcha|move: Rage Powder\n|move|p2a: Arcanine|Head Smash|p1a: fire bear\n|-supereffective|p1a: fire bear|1\n|-damage|p1a: fire bear|0 fnt\n|faint|p1a: fire bear\n|move|p1b: Gardevoir|Expanding Force|p2b: Sinistcha|[spread] p2a,p2b\n|-damage|p2a: Arcanine|18/100\n|-damage|p2b: Sinistcha|16/100\n|\n|-fieldend|move: Psychic Terrain\n|upkeep\n|\n|t:|1776648927\n|switch|p1a: Primarina|Primarina, L50, M|100/100\n|turn|7\n|\n|t:|1776648936\n|move|p1b: Gardevoir|Protect|p1b: Gardevoir\n|-singleturn|p1b: Gardevoir|Protect\n|move|p2a: Arcanine|Head Smash|p1b: Gardevoir\n|-activate|p1b: Gardevoir|move: Protect\n|move|p2b: Sinistcha|Matcha Gotcha|p1a: Primarina|[spread] p1a\n|-activate|p1b: Gardevoir|move: Protect\n|-supereffective|p1a: Primarina|1\n|-damage|p1a: Primarina|61/100\n|-heal|p2b: Sinistcha|37/100|[from] drain|[of] p1a: Primarina\n|move|p1a: Primarina|Hyper Voice|p2a: Arcanine|[spread] p2a,p2b\n|-supereffective|p2a: Arcanine|2\n|-resisted|p2b: Sinistcha|1\n|-damage|p2a: Arcanine|0 fnt\n|-damage|p2b: Sinistcha|20/100\n|faint|p2a: Arcanine\n|\n|-heal|p1a: Primarina|67/100|[from] item: Leftovers\n|upkeep\n|\n|t:|1776648939\n|switch|p2a: Maushold|Maushold, L50, shiny|88/100\n|turn|8\n|inactive|nk.luna has 30 seconds left.\n|\n|t:|1776648965\n|move|p2a: Maushold|Protect|p2a: Maushold\n|-singleturn|p2a: Maushold|Protect\n|move|p1b: Gardevoir|Aura Sphere|p2a: Maushold\n|-activate|p2a: Maushold|move: Protect\n|move|p2b: Sinistcha|Matcha Gotcha|p1b: Gardevoir|[spread] p1a,p1b\n|-supereffective|p1a: Primarina|1\n|-damage|p1a: Primarina|25/100\n|-heal|p2b: Sinistcha|42/100|[from] drain|[of] p1a: Primarina\n|-damage|p1b: Gardevoir|45/100\n|-heal|p2b: Sinistcha|52/100|[from] drain|[of] p1b: Gardevoir\n|-status|p1a: Primarina|brn\n|-status|p1b: Gardevoir|brn\n|move|p1a: Primarina|Hyper Voice|p2b: Sinistcha|[spread] p2b\n|-activate|p2a: Maushold|move: Protect\n|-resisted|p2b: Sinistcha|1\n|-damage|p2b: Sinistcha|40/100\n|\n|-heal|p1a: Primarina|31/100 brn|[from] item: Leftovers\n|-damage|p1b: Gardevoir|38/100 brn|[from] brn\n|-damage|p1a: Primarina|25/100 brn|[from] brn\n|upkeep\n|turn|9\n|inactive|Miiv has 30 seconds left.\n|\n|t:|1776648997\n|switch|p1a: Meowstic|Meowstic, L50, M|100/100\n|move|p2b: Sinistcha|Rage Powder|p2b: Sinistcha\n|-singleturn|p2b: Sinistcha|move: Rage Powder\n|move|p1b: Gardevoir|Hyper Voice|p2b: Sinistcha|[spread] p2a,p2b\n|-damage|p2a: Maushold|35/100\n|-damage|p2b: Sinistcha|4/100\n|move|p2a: Maushold|Population Bomb|p1b: Gardevoir\n|-damage|p1b: Gardevoir|29/100 brn\n|-hitcount|p1b: Gardevoir|1\n|\n|-damage|p1b: Gardevoir|23/100 brn|[from] brn\n|upkeep\n|turn|10\n|\n|t:|1776649015\n|move|p1a: Meowstic|Psychic Terrain|p1a: Meowstic\n|-fieldstart|move: Psychic Terrain\n|move|p1b: Gardevoir|Expanding Force|p2a: Maushold|[spread] p2a,p2b\n|-damage|p2a: Maushold|0 fnt\n|-damage|p2b: Sinistcha|0 fnt\n|faint|p2a: Maushold\n|faint|p2b: Sinistcha\n|\n|win|nk.luna\n|raw|nk.luna's rating: 1074 &rarr; <strong>1109</strong><br />(+35 for winning)\n|raw|Miiv's rating: 1144 &rarr; <strong>1114</strong><br />(-30 for losing)\n|l|\u2606Miiv\n|player|p2|\n",
  "uploadtime": 1776649031,
  "views": 12,
  "formatid": "gen9championsvgc2026regma",
  "rating": 1109,
  "private": 0,
  "password": null
}