{
  "id": "gen9championsvgc2026regma-2582694152",
  "format": "[Gen 9 Champions] VGC 2026 Reg M-A",
  "players": [
    "ruinationn",
    "nescuaiko"
  ],
  "log": "|j|\u2606ruinationn\n|j|\u2606nescuaiko\n|t:|1776107766\n|gametype|doubles\n|player|p1|ruinationn|cyrus-masters|1089\n|player|p2|nescuaiko|ethan|1066\n|gen|9\n|tier|[Gen 9 Champions] VGC 2026 Reg M-A\n|rated|\n|rule|Species Clause: Limit one of each Pok\u00e9mon\n|rule|Item Clause: Limit 1 of each item\n|clearpoke\n|poke|p1|Meowstic, L50, M|\n|poke|p1|Archaludon, L50, M|\n|poke|p1|Sneasler, L50, M|\n|poke|p1|Alakazam, L50, F|\n|poke|p1|Floette-Eternal, L50, F|\n|poke|p1|Incineroar, L50, F|\n|poke|p2|Kingambit, L50, M|\n|poke|p2|Sylveon, L50, M|\n|poke|p2|Incineroar, L50, F|\n|poke|p2|Sneasler, L50, F|\n|poke|p2|Starmie, L50|\n|poke|p2|Sinistcha, L50|\n|teampreview|4\nruinationn rejected open team sheets.\n|\n|t:|1776107810\n|teamsize|p1|4\n|teamsize|p2|4\n|start\n|switch|p1a: Floette|Floette-Eternal, L50, F|100/100\n|switch|p1b: Incineroar|Incineroar, L50, F|100/100\n|switch|p2a: Sneasler|Sneasler, L50, F|100/100\n|switch|p2b: Sinistcha|Sinistcha, L50|100/100\n|-ability|p1b: Incineroar|Intimidate|boost\n|-unboost|p2a: Sneasler|atk|1\n|-unboost|p2b: Sinistcha|atk|1\n|turn|1\n|\n|t:|1776107826\n|move|p1a: Floette|Protect|p1a: Floette\n|-singleturn|p1a: Floette|Protect\n|move|p1b: Incineroar|Fake Out|p2a: Sneasler\n|-damage|p2a: Sneasler|83/100\n|cant|p2a: Sneasler|flinch\n|move|p2b: Sinistcha|Shadow Ball|p1a: Floette\n|-activate|p1a: Floette|move: Protect\n|\n|upkeep\n|turn|2\n|\n|t:|1776107837\n|move|p2a: Sneasler|Close Combat|p1b: Incineroar\n|-supereffective|p1b: Incineroar|1\n|-damage|p1b: Incineroar|19/100\n|-unboost|p2a: Sneasler|def|1\n|-unboost|p2a: Sneasler|spd|1\n|move|p1a: Floette|Dazzling Gleam|p2a: Sneasler|[spread] p2a,p2b\n|-damage|p2a: Sneasler|20/100\n|-damage|p2b: Sinistcha|75/100\n|move|p2b: Sinistcha|Shadow Ball|p1a: Floette\n|-damage|p1a: Floette|78/100\n|move|p1b: Incineroar|Flare Blitz|p2a: Sneasler\n|-damage|p2a: Sneasler|0 fnt\n|faint|p2a: Sneasler\n|-damage|p1b: Incineroar|14/100|[from] Recoil\n|\n|-heal|p2b: Sinistcha|81/100|[from] item: Leftovers\n|-heal|p1b: Incineroar|20/100|[from] item: Leftovers\n|upkeep\n|\n|t:|1776107854\n|switch|p2a: Sylveon|Sylveon, L50, M|100/100\n|turn|3\n|\n|t:|1776107867\n|move|p1a: Floette|Calm Mind|p1a: Floette\n|-boost|p1a: Floette|spa|1\n|-boost|p1a: Floette|spd|1\n|move|p2a: Sylveon|Hyper Voice|p1b: Incineroar|[spread] p1a,p1b\n|-damage|p1a: Floette|57/100\n|-damage|p1b: Incineroar|0 fnt\n|faint|p1b: Incineroar\n|move|p2b: Sinistcha|Trick Room|p2b: Sinistcha\n|-fieldstart|move: Trick Room|[of] p2b: Sinistcha\n|\n|-heal|p2b: Sinistcha|88/100|[from] item: Leftovers\n|upkeep\n|\n|t:|1776107879\n|switch|p1b: Meowstic|Meowstic, L50, M|100/100\n|turn|4\n|\n|t:|1776107894\n|move|p1b: Meowstic|Fake Out|p2a: Sylveon\n|-damage|p2a: Sylveon|95/100\n|cant|p2a: Sylveon|flinch\n|move|p2b: Sinistcha|Matcha Gotcha|p1a: Floette|[spread] p1a,p1b\n|-damage|p1a: Floette|44/100\n|-heal|p2b: Sinistcha|94/100|[from] drain|[of] p1a: Floette\n|-damage|p1b: Meowstic|77/100\n|-heal|p2b: Sinistcha|100/100|[from] drain|[of] p1b: Meowstic\n|-enditem|p1a: Floette|Sitrus Berry|[eat]\n|-heal|p1a: Floette|69/100|[from] item: Sitrus Berry\n|move|p1a: Floette|Dazzling Gleam|p2a: Sylveon|[spread] p2a,p2b\n|-damage|p2a: Sylveon|65/100\n|-damage|p2b: Sinistcha|58/100\n|\n|-heal|p2b: Sinistcha|64/100|[from] item: Leftovers\n|upkeep\n|turn|5\n|\n|t:|1776107929\n|move|p1b: Meowstic|Helping Hand|p1a: Floette\n|-singleturn|p1a: Floette|Helping Hand|[of] p1b: Meowstic\n|move|p2a: Sylveon|Hyper Voice|p1b: Meowstic|[spread] p1a,p1b\n|-damage|p1a: Floette|48/100\n|-damage|p1b: Meowstic|39/100\n|move|p2b: Sinistcha|Matcha Gotcha|p1b: Meowstic|[spread] p1b\n|-miss|p2b: Sinistcha|p1a: Floette\n|-damage|p1b: Meowstic|17/100\n|-heal|p2b: Sinistcha|75/100|[from] drain|[of] p1b: Meowstic\n|-status|p1b: Meowstic|brn\n|move|p1a: Floette|Dazzling Gleam|p2a: Sylveon|[spread] p2a,p2b\n|-damage|p2a: Sylveon|17/100\n|-damage|p2b: Sinistcha|19/100\n|\n|-heal|p2b: Sinistcha|25/100|[from] item: Leftovers\n|-damage|p1b: Meowstic|11/100 brn|[from] brn\n|upkeep\n|turn|6\n|\n|t:|1776107951\n|move|p1a: Floette|Protect|p1a: Floette\n|-singleturn|p1a: Floette|Protect\n|move|p1b: Meowstic|Psychic Terrain|p1b: Meowstic\n|-fieldstart|move: Psychic Terrain\n|move|p2a: Sylveon|Hyper Voice|p1b: Meowstic|[spread] p1b\n|-activate|p1a: Floette|move: Protect\n|-damage|p1b: Meowstic|0 fnt\n|faint|p1b: Meowstic\n|move|p2b: Sinistcha|Matcha Gotcha|p1a: Floette\n|-activate|p1a: Floette|move: Protect\n|\n|-heal|p2b: Sinistcha|31/100|[from] item: Leftovers\n|upkeep\n|\n|t:|1776107961\n|switch|p1b: Alakazam|Alakazam, L50, F|100/100\n|turn|7\n|\n|t:|1776107968\n|detailschange|p1b: Alakazam|Alakazam-Mega, L50, F\n|-mega|p1b: Alakazam|Alakazam|Alakazite\n|-ability|p1b: Alakazam|Pixilate|Trace|[from] ability: Trace|[of] p2a: Sylveon\n|move|p1b: Alakazam|Protect|p1b: Alakazam\n|-singleturn|p1b: Alakazam|Protect\n|move|p2a: Sylveon|Hyper Voice|p1b: Alakazam|[spread] p1a\n|-activate|p1b: Alakazam|move: Protect\n|-damage|p1a: Floette|26/100\n|move|p1a: Floette|Wish|p1a: Floette\n|move|p2b: Sinistcha|Trick Room|p2b: Sinistcha\n|-fieldend|move: Trick Room\n|\n|-heal|p2b: Sinistcha|37/100|[from] item: Leftovers\n|upkeep\n|turn|8\n|\n|t:|1776107989\n|move|p1b: Alakazam|Expanding Force|p2b: Sinistcha|[spread] p2a,p2b\n|-damage|p2a: Sylveon|0 fnt\n|-damage|p2b: Sinistcha|0 fnt\n|faint|p2a: Sylveon\n|faint|p2b: Sinistcha\n|move|p1a: Floette|Dazzling Gleam|p2: Sylveon|[notarget]\n|-fail|p1a: Floette\n|\n|-heal|p1a: Floette|75/100|[from] move: Wish|[wisher] Floette\n|upkeep\n|\n|t:|1776108004\n|switch|p2b: Kingambit|Kingambit, L50, M|100/100\n|turn|9\n|\n|t:|1776108014\n|move|p2b: Kingambit|Sucker Punch|p1b: Alakazam\n|-activate|p1b: Alakazam|move: Psychic Terrain\n|move|p1b: Alakazam|Focus Blast|p2b: Kingambit\n|-supereffective|p2b: Kingambit|2\n|-enditem|p2b: Kingambit|Chople Berry|[eat]\n|-enditem|p2b: Kingambit|Chople Berry|[weaken]\n|-damage|p2b: Kingambit|1/100\n|move|p1a: Floette|Dazzling Gleam|p2b: Kingambit\n|-damage|p2b: Kingambit|0 fnt\n|faint|p2b: Kingambit\n|\n|win|ruinationn\n|raw|ruinationn's rating: 1089 &rarr; <strong>1114</strong><br />(+25 for winning)\n|raw|nescuaiko's rating: 1066 &rarr; <strong>1047</strong><br />(-19 for losing)\n|l|\u2606nescuaiko\n|player|p2|\n",
  "uploadtime": 1776108052,
  "views": 9,
  "formatid": "gen9championsvgc2026regma",
  "rating": 1047,
  "private": 0,
  "password": null
}