{
  "id": "gen9championsvgc2026regma-2587551406",
  "format": "[Gen 9 Champions] VGC 2026 Reg M-A",
  "players": [
    "strickhon",
    "yyssummer"
  ],
  "log": "|j|\u2606strickhon\n|j|\u2606yyssummer\n|t:|1776541558\n|gametype|doubles\n|player|p1|strickhon|2|1178\n|player|p2|yyssummer|170|1231\n|gen|9\n|tier|[Gen 9 Champions] VGC 2026 Reg M-A\n|rated|\n|rule|Species Clause: Limit one of each Pok\u00e9mon\n|rule|Item Clause: Limit 1 of each item\n|clearpoke\n|poke|p1|Emboar, L50, M|\n|poke|p1|Rotom-Wash, L50|\n|poke|p1|Milotic, L50, F|\n|poke|p1|Sinistcha, L50|\n|poke|p1|Talonflame, L50, F|\n|poke|p1|Aegislash, L50, M|\n|poke|p2|Aerodactyl, L50, F, shiny|\n|poke|p2|Farigiraf, L50, F, shiny|\n|poke|p2|Sneasler, L50, M|\n|poke|p2|Meowscarada, L50, F|\n|poke|p2|Primarina, L50, F, shiny|\n|poke|p2|Camerupt, L50, M, shiny|\n|teampreview|4\n|\n|t:|1776541609\n|teamsize|p1|4\n|teamsize|p2|4\n|start\n|switch|p1a: Rotom|Rotom-Wash, L50|100/100\n|switch|p1b: Sinistcha|Sinistcha, L50|100/100\n|switch|p2a: Aerodactyl|Aerodactyl, L50, F, shiny|100/100\n|switch|p2b: Sneasler|Sneasler, L50, M|100/100\n|-ability|p2a: Aerodactyl|Unnerve\n|turn|1\n|\n|t:|1776541640\n|switch|p2a: Meowscarada|Meowscarada, L50, F|100/100\n|move|p2b: Sneasler|Fake Out|p1a: Rotom\n|-damage|p1a: Rotom|86/100\n|cant|p1a: Rotom|flinch\n|move|p1b: Sinistcha|Trick Room|p1b: Sinistcha\n|-fieldstart|move: Trick Room|[of] p1b: Sinistcha\n|\n|upkeep\n|turn|2\n|\n|t:|1776541675\n|switch|p1a: Emboar|Emboar, L50, M|100/100\n|move|p1b: Sinistcha|Matcha Gotcha|p2a: Meowscarada|[spread] p2a,p2b\n|-resisted|p2a: Meowscarada|1\n|-resisted|p2b: Sneasler|1\n|-damage|p2a: Meowscarada|81/100\n|-damage|p2b: Sneasler|83/100\n|move|p2b: Sneasler|Dire Claw|p1b: Sinistcha\n|-damage|p1b: Sinistcha|67/100\n|move|p2a: Meowscarada|Knock Off|p1a: Emboar\n|-start|p2a: Meowscarada|typechange|Dark|[from] ability: Protean\n|-resisted|p1a: Emboar|1\n|-damage|p1a: Emboar|84/100\n|\n|upkeep\n|turn|3\n|inactive|Battle timer is ON: inactive players will automatically lose when time's up. (requested by strickhon)\n|inactive|yyssummer has 60 seconds left.\n|\n|t:|1776541710\n|switch|p2a: Aerodactyl|Aerodactyl, L50, F, shiny|100/100\n|-ability|p2a: Aerodactyl|Unnerve\n|detailschange|p1a: Emboar|Emboar-Mega, L50, M\n|-mega|p1a: Emboar|Emboar|Emboarite\n|-ability|p1a: Emboar|Mold Breaker\n|move|p1b: Sinistcha|Life Dew|p1b: Sinistcha|[spread] p1a,p1b\n|-heal|p1a: Emboar|100/100\n|-heal|p1b: Sinistcha|92/100\n|move|p1a: Emboar|Close Combat|p2a: Aerodactyl\n|-damage|p2a: Aerodactyl|0 fnt\n|-unboost|p1a: Emboar|def|1\n|-unboost|p1a: Emboar|spd|1\n|faint|p2a: Aerodactyl\n|move|p2b: Sneasler|Dire Claw|p1b: Sinistcha\n|-crit|p1b: Sinistcha\n|-damage|p1b: Sinistcha|46/100\n|-status|p1b: Sinistcha|psn\n|-enditem|p1b: Sinistcha|Sitrus Berry|[eat]\n|-heal|p1b: Sinistcha|71/100 psn|[from] item: Sitrus Berry\n|\n|-damage|p1b: Sinistcha|58/100 psn|[from] psn\n|upkeep\n|\n|t:|1776541735\n|switch|p2a: Camerupt|Camerupt, L50, M, shiny|100/100\n|turn|4\n|inactive|strickhon has 30 seconds left.\n|\n|t:|1776541769\n|switch|p1a: Rotom|Rotom-Wash, L50|86/100\n|detailschange|p2a: Camerupt|Camerupt-Mega, L50, M, shiny\n|-mega|p2a: Camerupt|Camerupt|Cameruptite\n|move|p2b: Sneasler|Protect|p2b: Sneasler\n|-singleturn|p2b: Sneasler|Protect\n|move|p2a: Camerupt|Heat Wave|p1b: Sinistcha|[spread] p1b\n|-miss|p2a: Camerupt|p1a: Rotom\n|-supereffective|p1b: Sinistcha|1\n|-damage|p1b: Sinistcha|0 fnt\n|faint|p1b: Sinistcha\n|\n|upkeep\n|\n|t:|1776541784\n|switch|p1b: Milotic|Milotic, L50, F|100/100\n|turn|5\n|\n|t:|1776541797\n|switch|p2b: Meowscarada|Meowscarada, L50, F|81/100\n|move|p2a: Camerupt|Protect|p2a: Camerupt\n|-singleturn|p2a: Camerupt|Protect\n|move|p1b: Milotic|Scald|p2a: Camerupt\n|-activate|p2a: Camerupt|move: Protect\n|move|p1a: Rotom|Electroweb|p2a: Camerupt|[spread] p2b\n|-activate|p2a: Camerupt|move: Protect\n|-resisted|p2b: Meowscarada|1\n|-damage|p2b: Meowscarada|68/100\n|-unboost|p2b: Meowscarada|spe|1\n|\n|-fieldend|move: Trick Room\n|upkeep\n|turn|6\n|inactive|strickhon has 30 seconds left.\n|\n|t:|1776541823\n|switch|p2a: Sneasler|Sneasler, L50, M|83/100\n|move|p1b: Milotic|Protect|p1b: Milotic\n|-singleturn|p1b: Milotic|Protect\n|move|p1a: Rotom|Electroweb|p2a: Sneasler|[spread] p2a,p2b\n|-resisted|p2b: Meowscarada|1\n|-damage|p2a: Sneasler|58/100\n|-damage|p2b: Meowscarada|55/100\n|-unboost|p2a: Sneasler|spe|1\n|-unboost|p2b: Meowscarada|spe|1\n|-enditem|p2a: Sneasler|White Herb\n|-clearnegativeboost|p2a: Sneasler|[silent]\n|move|p2b: Meowscarada|Flower Trick|p1a: Rotom\n|-start|p2b: Meowscarada|typechange|Grass|[from] ability: Protean\n|-supereffective|p1a: Rotom|1\n|-crit|p1a: Rotom\n|-damage|p1a: Rotom|0 fnt\n|faint|p1a: Rotom\n|\n|upkeep\n|\n|t:|1776541837\n|switch|p1a: Emboar|Emboar-Mega, L50, M|100/100\n|-ability|p1a: Emboar|Mold Breaker\n|turn|7\n|inactive|strickhon has 30 seconds left.\n|inactive|yyssummer has 30 seconds left.\n|inactive|yyssummer has 20 seconds left.\n|inactive|yyssummer has 15 seconds left.\n|\n|t:|1776541878\n|switch|p2b: Camerupt|Camerupt-Mega, L50, M, shiny|100/100\n|move|p2a: Sneasler|Fake Out|p1b: Milotic\n|-damage|p1b: Milotic|85/100\n|cant|p1b: Milotic|flinch\n|move|p1a: Emboar|Close Combat|p2a: Sneasler\n|-resisted|p2a: Sneasler|1\n|-damage|p2a: Sneasler|0 fnt\n|-unboost|p1a: Emboar|def|1\n|-unboost|p1a: Emboar|spd|1\n|faint|p2a: Sneasler\n|\n|-heal|p1b: Milotic|91/100|[from] item: Leftovers\n|upkeep\n|\n|t:|1776541894\n|switch|p2a: Meowscarada|Meowscarada, L50, F|55/100\n|turn|8\n|inactive|strickhon has 30 seconds left.\n|\n|t:|1776541922\n|move|p1b: Milotic|Protect|p1b: Milotic\n|-singleturn|p1b: Milotic|Protect\n|move|p1a: Emboar|Protect|p1a: Emboar\n|-singleturn|p1a: Emboar|Protect\n|move|p2a: Meowscarada|Flower Trick|p1b: Milotic\n|-start|p2a: Meowscarada|typechange|Grass|[from] ability: Protean\n|-activate|p1b: Milotic|move: Protect\n|move|p2b: Camerupt|Earth Power|p1a: Emboar\n|-activate|p1a: Emboar|move: Protect\n|\n|-heal|p1b: Milotic|97/100|[from] item: Leftovers\n|upkeep\n|turn|9\n|inactive|strickhon has 30 seconds left.\n|\n|t:|1776541949\n|move|p2a: Meowscarada|Flower Trick|p1b: Milotic\n|-supereffective|p1b: Milotic|1\n|-crit|p1b: Milotic\n|-damage|p1b: Milotic|0 fnt\n|faint|p1b: Milotic\n|move|p1a: Emboar|Close Combat|p2b: Camerupt\n|-damage|p2b: Camerupt|30/100\n|-unboost|p1a: Emboar|def|1\n|-unboost|p1a: Emboar|spd|1\n|move|p2b: Camerupt|Earth Power|p1a: Emboar\n|-supereffective|p1a: Emboar|1\n|-damage|p1a: Emboar|0 fnt\n|faint|p1a: Emboar\n|\n|win|yyssummer\n|raw|strickhon's rating: 1178 &rarr; <strong>1157</strong><br />(-21 for losing)\n|raw|yyssummer's rating: 1231 &rarr; <strong>1252</strong><br />(+21 for winning)\n",
  "uploadtime": 1776541970,
  "views": 28,
  "formatid": "gen9championsvgc2026regma",
  "rating": 1157,
  "private": 0,
  "password": null
}