{
  "id": "gen9championsvgc2026regma-2587702672",
  "format": "[Gen 9 Champions] VGC 2026 Reg M-A",
  "players": [
    "Dabigmurph",
    "SuperSonic1990"
  ],
  "log": "|j|\u2606Dabigmurph\n|j|\u2606SuperSonic1990\n|t:|1776555462\n|gametype|doubles\n|player|p1|Dabigmurph|hiker-gen4|1079\n|player|p2|SuperSonic1990|2|1117\n|gen|9\n|tier|[Gen 9 Champions] VGC 2026 Reg M-A\n|rated|\n|rule|Species Clause: Limit one of each Pok\u00e9mon\n|rule|Item Clause: Limit 1 of each item\n|clearpoke\n|poke|p1|Aerodactyl, L50, M|\n|poke|p1|Gyarados, L50, M|\n|poke|p1|Garchomp, L50, F|\n|poke|p1|Incineroar, L50, F|\n|poke|p1|Farigiraf, L50, M|\n|poke|p1|Delphox, L50, M|\n|poke|p2|Starmie, L50|\n|poke|p2|Scovillain, L50, F|\n|poke|p2|Rotom-Wash, L50, shiny|\n|poke|p2|Aerodactyl, L50, F|\n|poke|p2|Aegislash, L50, F, shiny|\n|poke|p2|Garchomp, L50, F|\n|teampreview|4\n|\n|t:|1776555521\n|teamsize|p1|4\n|teamsize|p2|4\n|start\n|switch|p1a: Aerodactyl|Aerodactyl, L50, M|100/100\n|switch|p1b: Garchomp|Garchomp, L50, F|100/100\n|switch|p2a: Aerodactyl|Aerodactyl, L50, F|100/100\n|switch|p2b: Scovillain|Scovillain, L50, F|100/100\n|-ability|p1a: Aerodactyl|Unnerve\n|turn|1\n|\n|t:|1776555558\n|detailschange|p2b: Scovillain|Scovillain-Mega, L50, F\n|-mega|p2b: Scovillain|Scovillain|Scovillainite\n|move|p1b: Garchomp|Protect|p1b: Garchomp\n|-singleturn|p1b: Garchomp|Protect\n|move|p2b: Scovillain|Rage Powder|p2b: Scovillain\n|-singleturn|p2b: Scovillain|move: Rage Powder\n|move|p1a: Aerodactyl|Tailwind|p1a: Aerodactyl\n|-sidestart|p1: Dabigmurph|move: Tailwind\n|move|p2a: Aerodactyl|Tailwind|p2a: Aerodactyl\n|-sidestart|p2: SuperSonic1990|move: Tailwind\n|\n|upkeep\n|turn|2\n|\n|t:|1776555573\n|move|p2b: Scovillain|Rage Powder|p2b: Scovillain\n|-singleturn|p2b: Scovillain|move: Rage Powder\n|move|p1a: Aerodactyl|Dual Wingbeat|p2b: Scovillain\n|-supereffective|p2b: Scovillain|1\n|-damage|p2b: Scovillain|62/100\n|-status|p1a: Aerodactyl|brn|[from] ability: Spicy Spray|[of] p2b: Scovillain\n|-supereffective|p2b: Scovillain|1\n|-damage|p2b: Scovillain|41/100\n|-hitcount|p2b: Scovillain|2\n|move|p2a: Aerodactyl|Rock Slide|p1a: Aerodactyl|[spread] p1a,p1b\n|-supereffective|p1a: Aerodactyl|1\n|-resisted|p1b: Garchomp|1\n|-damage|p1a: Aerodactyl|14/100 brn\n|-damage|p1b: Garchomp|87/100\n|move|p1b: Garchomp|Rock Slide|p2a: Aerodactyl|[spread] p2a,p2b\n|-supereffective|p2a: Aerodactyl|1\n|-supereffective|p2b: Scovillain|1\n|-damage|p2a: Aerodactyl|25/100\n|-damage|p2b: Scovillain|0 fnt\n|-status|p1b: Garchomp|brn|[from] ability: Spicy Spray|[of] p2b: Scovillain\n|faint|p2b: Scovillain\n|\n|-damage|p1a: Aerodactyl|8/100 brn|[from] brn\n|-damage|p1b: Garchomp|81/100 brn|[from] brn\n|upkeep\n|\n|t:|1776555596\n|switch|p2b: Garchomp|Garchomp, L50, F|100/100\n|turn|3\n|\n|t:|1776555607\n|switch|p1a: Incineroar|Incineroar, L50, F|100/100\n|-ability|p1a: Incineroar|Intimidate|boost\n|-unboost|p2a: Aerodactyl|atk|1\n|-unboost|p2b: Garchomp|atk|1\n|move|p2a: Aerodactyl|Rock Slide|p1b: Garchomp|[spread] p1a,p1b\n|-supereffective|p1a: Incineroar|1\n|-resisted|p1b: Garchomp|1\n|-damage|p1a: Incineroar|74/100\n|-damage|p1b: Garchomp|73/100 brn\n|move|p2b: Garchomp|Dragon Claw|p1b: Garchomp\n|-supereffective|p1b: Garchomp|1\n|-damage|p1b: Garchomp|16/100 brn\n|-damage|p2b: Garchomp|88/100|[from] ability: Rough Skin|[of] p1b: Garchomp\n|move|p1b: Garchomp|Dragon Claw|p2b: Garchomp\n|-supereffective|p2b: Garchomp|1\n|-damage|p2b: Garchomp|38/100\n|-damage|p1b: Garchomp|4/100 brn|[from] ability: Rough Skin|[of] p2b: Garchomp\n|\n|-damage|p1b: Garchomp|0 fnt|[from] brn\n|faint|p1b: Garchomp\n|upkeep\n|\n|t:|1776555616\n|switch|p1b: Gyarados|Gyarados, L50, M|100/100\n|-ability|p1b: Gyarados|Intimidate|boost\n|-unboost|p2a: Aerodactyl|atk|1\n|-unboost|p2b: Garchomp|atk|1\n|turn|4\n|\n|t:|1776555645\n|detailschange|p1b: Gyarados|Gyarados-Mega, L50, M\n|-mega|p1b: Gyarados|Gyarados|Gyaradosite\n|-ability|p1b: Gyarados|Mold Breaker\n|move|p2a: Aerodactyl|Protect|p2a: Aerodactyl\n|-singleturn|p2a: Aerodactyl|Protect\n|move|p1a: Incineroar|Fake Out|p2b: Garchomp\n|-damage|p2b: Garchomp|27/100\n|-damage|p1a: Incineroar|61/100|[from] ability: Rough Skin|[of] p2b: Garchomp\n|cant|p2b: Garchomp|flinch\n|move|p1b: Gyarados|Waterfall|p2a: Aerodactyl\n|-activate|p2a: Aerodactyl|move: Protect\n|\n|-sideend|p1: Dabigmurph|move: Tailwind\n|-sideend|p2: SuperSonic1990|move: Tailwind\n|upkeep\n|turn|5\n|\n|t:|1776555662\n|move|p2a: Aerodactyl|Tailwind|p2a: Aerodactyl\n|-sidestart|p2: SuperSonic1990|move: Tailwind\n|move|p2b: Garchomp|Earthquake|p1b: Gyarados|[spread] p1a,p1b\n|-immune|p2a: Aerodactyl\n|-supereffective|p1a: Incineroar|1\n|-damage|p1a: Incineroar|29/100\n|-damage|p1b: Gyarados|81/100\n|move|p1b: Gyarados|Waterfall|p2a: Aerodactyl\n|-supereffective|p2a: Aerodactyl|1\n|-damage|p2a: Aerodactyl|0 fnt\n|faint|p2a: Aerodactyl\n|move|p1a: Incineroar|Parting Shot|p2b: Garchomp\n|-unboost|p2b: Garchomp|atk|1\n|-unboost|p2b: Garchomp|spa|1\n|\n|t:|1776555675\n|switch|p1a: Aerodactyl|Aerodactyl, L50, M|8/100 brn|[from] Parting Shot\n|-ability|p1a: Aerodactyl|Unnerve\n|\n|-damage|p1a: Aerodactyl|2/100 brn|[from] brn\n|upkeep\n|\n|t:|1776555677\n|switch|p2a: Rotom|Rotom-Wash, L50, shiny|100/100\n|turn|6\n|\n|t:|1776555692\n|switch|p1a: Incineroar|Incineroar, L50, F|29/100\n|-ability|p1a: Incineroar|Intimidate|boost\n|-unboost|p2a: Rotom|atk|1\n|-unboost|p2b: Garchomp|atk|1\n|move|p2b: Garchomp|Protect|p2b: Garchomp\n|-singleturn|p2b: Garchomp|Protect\n|move|p2a: Rotom|Nasty Plot|p2a: Rotom\n|-boost|p2a: Rotom|spa|2\n|move|p1b: Gyarados|Earthquake|p2b: Garchomp|[spread] p1a,p2a\n|-activate|p2b: Garchomp|move: Protect\n|-supereffective|p1a: Incineroar|1\n|-supereffective|p2a: Rotom|1\n|-damage|p1a: Incineroar|0 fnt\n|-damage|p2a: Rotom|36/100\n|-enditem|p2a: Rotom|Sitrus Berry|[eat]\n|-heal|p2a: Rotom|60/100|[from] item: Sitrus Berry\n|faint|p1a: Incineroar\n|\n|upkeep\n|\n|t:|1776555707\n|switch|p1a: Aerodactyl|Aerodactyl, L50, M|2/100 brn\n|-ability|p1a: Aerodactyl|Unnerve\n|turn|7\n|\n|t:|1776555717\n|move|p2b: Garchomp|Dragon Claw|p1b: Gyarados\n|-damage|p1b: Gyarados|68/100\n|move|p2a: Rotom|Thunderbolt|p1b: Gyarados\n|-supereffective|p1b: Gyarados|1\n|-damage|p1b: Gyarados|0 fnt\n|faint|p1b: Gyarados\n|move|p1a: Aerodactyl|Tailwind|p1a: Aerodactyl\n|-sidestart|p1: Dabigmurph|move: Tailwind\n|\n|-damage|p1a: Aerodactyl|0 fnt|[from] brn\n|faint|p1a: Aerodactyl\n|\n|win|SuperSonic1990\n|raw|Dabigmurph's rating: 1079 &rarr; <strong>1060</strong><br />(-19 for losing)\n|raw|SuperSonic1990's rating: 1117 &rarr; <strong>1139</strong><br />(+22 for winning)\n|l|\u2606Dabigmurph\n|player|p1|\n|j|\u2606Dabigmurph\n|player|p1|Dabigmurph|hiker-gen4|\n|l|\u2606Dabigmurph\n|player|p1|\n",
  "uploadtime": 1776555789,
  "views": 13,
  "formatid": "gen9championsvgc2026regma",
  "rating": 1060,
  "private": 0,
  "password": null
}