{
  "id": "gen9championsvgc2026regma-2582760982",
  "format": "[Gen 9 Champions] VGC 2026 Reg M-A",
  "players": [
    "Gooberslax",
    "n8_dawgg"
  ],
  "log": "|j|\u2606Gooberslax\n|j|\u2606n8_dawgg\n|t:|1776112235\n|gametype|doubles\n|player|p1|Gooberslax|101|1200\n|player|p2|n8_dawgg|170|1105\n|gen|9\n|tier|[Gen 9 Champions] VGC 2026 Reg M-A\n|rated|\n|rule|Species Clause: Limit one of each Pok\u00e9mon\n|rule|Item Clause: Limit 1 of each item\n|clearpoke\n|poke|p1|Archaludon, L50, F|\n|poke|p1|Pelipper, L50, F|\n|poke|p1|Greninja-*, L50, F|\n|poke|p1|Zoroark-Hisui, L50, M|\n|poke|p1|Basculegion, L50, M|\n|poke|p1|Araquanid, L50, M|\n|poke|p2|Alcremie, L50, F|\n|poke|p2|Farigiraf, L50, F|\n|poke|p2|Incineroar, L50, M|\n|poke|p2|Crabominable, L50, M|\n|poke|p2|Delphox, L50, F|\n|poke|p2|Torkoal, L50, M|\n|teampreview|4\n|\n|t:|1776112257\n|teamsize|p1|4\n|teamsize|p2|4\n|start\n|switch|p1a: Pelipper|Pelipper, L50, F|100/100\n|switch|p1b: Basculegion|Basculegion, L50, M|100/100\n|switch|p2a: Alcremie|Alcremie, L50, F|100/100\n|switch|p2b: Farigiraf|Farigiraf, L50, F|100/100\n|-weather|RainDance|[from] ability: Drizzle|[of] p1a: Pelipper\n|turn|1\n|\n|t:|1776112277\n|move|p1b: Basculegion|Hyper Voice|p2b: Farigiraf|[spread] p2a,p2b\n|-damage|p2a: Alcremie|74/100\n|-damage|p2b: Farigiraf|65/100\n|move|p1a: Pelipper|Hurricane|p2b: Farigiraf\n|-damage|p2b: Farigiraf|29/100\n|-start|p2b: Farigiraf|confusion\n|move|p2a: Alcremie|Decorate|p2b: Farigiraf\n|-boost|p2b: Farigiraf|atk|2\n|-boost|p2b: Farigiraf|spa|2\n|-activate|p2b: Farigiraf|confusion\n|move|p2b: Farigiraf|Baton Pass|p2b: Farigiraf\n|\n|t:|1776112287\n|switch|p2b: Delphox|Delphox, L50, F|100/100|[from] Baton Pass\n|\n|-weather|RainDance|[upkeep]\n|upkeep\n|turn|2\n|\n|t:|1776112297\n|switch|p2a: Torkoal|Torkoal, L50, M|100/100\n|-weather|SunnyDay|[from] ability: Drought|[of] p2a: Torkoal\n|detailschange|p2b: Delphox|Delphox-Mega, L50, F\n|-mega|p2b: Delphox|Delphox|Delphoxite\n|-activate|p2b: Delphox|confusion\n|move|p2b: Delphox|Heat Wave|p1a: Pelipper|[spread] p1a,p1b\n|-resisted|p1a: Pelipper|1\n|-damage|p1a: Pelipper|39/100\n|-enditem|p1b: Basculegion|Focus Sash\n|-damage|p1b: Basculegion|1/100\n|replace|p1b: Zoroark|Zoroark-Hisui, L50, M\n|-end|p1b: Zoroark|Illusion\n|move|p1b: Zoroark|Bitter Malice|p2b: Delphox\n|-supereffective|p2b: Delphox|1\n|-damage|p2b: Delphox|31/100\n|-unboost|p2b: Delphox|atk|1\n|move|p1a: Pelipper|Weather Ball|p2b: Delphox\n|-resisted|p2b: Delphox|1\n|-damage|p2b: Delphox|14/100\n|\n|-weather|SunnyDay|[upkeep]\n|upkeep\n|turn|3\n|\n|t:|1776112333\n|switch|p1a: Araquanid|Araquanid, L50, M|100/100\n|switch|p2a: Farigiraf|Farigiraf, L50, F|29/100\n|-activate|p2b: Delphox|confusion\n|move|p2b: Delphox|Heat Wave|p1b: Zoroark|[spread] p1a,p1b\n|-damage|p1a: Araquanid|47/100\n|-damage|p1b: Zoroark|0 fnt\n|faint|p1b: Zoroark\n|\n|-weather|SunnyDay|[upkeep]\n|upkeep\n|\n|t:|1776112341\n|switch|p1b: Pelipper|Pelipper, L50, F|39/100\n|-weather|RainDance|[from] ability: Drizzle|[of] p1b: Pelipper\n|turn|4\n|\n|t:|1776112356\n|-activate|p2b: Delphox|confusion\n|move|p2b: Delphox|Protect|p2b: Delphox\n|-singleturn|p2b: Delphox|Protect\n|move|p1b: Pelipper|Protect|p1b: Pelipper\n|-singleturn|p1b: Pelipper|Protect\n|move|p2a: Farigiraf|Psychic|p1a: Araquanid\n|-damage|p1a: Araquanid|20/100\n|move|p1a: Araquanid|Crunch|p2b: Delphox\n|-activate|p2b: Delphox|move: Protect\n|\n|-weather|RainDance|[upkeep]\n|upkeep\n|turn|5\n|\n|t:|1776112369\n|switch|p2a: Torkoal|Torkoal, L50, M|100/100\n|-weather|SunnyDay|[from] ability: Drought|[of] p2a: Torkoal\n|-end|p2b: Delphox|confusion\n|move|p2b: Delphox|Heat Wave|p1a: Araquanid|[spread] p1a,p1b\n|-resisted|p1b: Pelipper|1\n|-damage|p1a: Araquanid|0 fnt\n|-damage|p1b: Pelipper|0 fnt\n|faint|p1a: Araquanid\n|faint|p1b: Pelipper\n|\n|-weather|SunnyDay|[upkeep]\n|upkeep\n|\n|t:|1776112376\n|switch|p1b: Basculegion|Basculegion, L50, M|100/100\n|turn|6\n|\n|t:|1776112399\n|switch|p2a: Farigiraf|Farigiraf, L50, F|29/100\n|move|p2b: Delphox|Protect|p2b: Delphox\n|-singleturn|p2b: Delphox|Protect\n|move|p1b: Basculegion|Last Respects|p2b: Delphox\n|-activate|p2b: Delphox|move: Protect\n|\n|-weather|SunnyDay|[upkeep]\n|upkeep\n|turn|7\n|-message|Gooberslax forfeited.\n|\n|win|n8_dawgg\n|raw|Gooberslax's rating: 1200 &rarr; <strong>1168</strong><br />(-32 for losing)\n|raw|n8_dawgg's rating: 1105 &rarr; <strong>1137</strong><br />(+32 for winning)\n|l|\u2606Gooberslax\n|player|p1|\n",
  "uploadtime": 1776112409,
  "views": 32,
  "formatid": "gen9championsvgc2026regma",
  "rating": 1137,
  "private": 0,
  "password": null
}