{
  "id": "gen9championsvgc2026regma-2586655207",
  "format": "[Gen 9 Champions] VGC 2026 Reg M-A",
  "players": [
    "Flygonbgon19",
    "crepeofthecrop"
  ],
  "log": "|j|\u2606Flygonbgon19\n|j|\u2606crepeofthecrop\n|t:|1776449769\n|gametype|doubles\n|player|p1|Flygonbgon19|169|1129\n|player|p2|crepeofthecrop|2|1192\n|gen|9\n|tier|[Gen 9 Champions] VGC 2026 Reg M-A\n|rated|\n|rule|Species Clause: Limit one of each Pok\u00e9mon\n|rule|Item Clause: Limit 1 of each item\n|clearpoke\n|poke|p1|Excadrill, L50, F|\n|poke|p1|Farigiraf, L50, M|\n|poke|p1|Incineroar, L50, F|\n|poke|p1|Tyranitar, L50, F|\n|poke|p1|Garchomp, L50, F|\n|poke|p1|Sableye, L50, F|\n|poke|p2|Dragonite, L50, M|\n|poke|p2|Sneasler, L50, M|\n|poke|p2|Basculegion, L50, M|\n|poke|p2|Pelipper, L50, M|\n|poke|p2|Sinistcha, L50|\n|poke|p2|Archaludon, L50, M|\n|teampreview|4\n|inactive|Battle timer is ON: inactive players will automatically lose when time's up. (requested by Flygonbgon19)\n|\n|t:|1776449830\n|teamsize|p1|4\n|teamsize|p2|4\n|start\n|switch|p1a: Incineroar|Incineroar, L50, F|100/100\n|switch|p1b: Tyranitar|Tyranitar, L50, F|100/100\n|switch|p2a: Basculegion|Basculegion, L50, M|100/100\n|switch|p2b: Dragonite|Dragonite, L50, M, shiny|100/100\n|-ability|p1a: Incineroar|Intimidate|boost\n|-unboost|p2a: Basculegion|atk|1\n|-unboost|p2b: Dragonite|atk|1\n|-weather|Sandstorm|[from] ability: Sand Stream|[of] p1b: Tyranitar\n|turn|1\n|inactive|Flygonbgon19 has 30 seconds left.\n|inactive|crepeofthecrop has 30 seconds left.\n|inactive|Flygonbgon19 has 20 seconds left.\n|inactive|Flygonbgon19 has 15 seconds left.\n|inactive|Flygonbgon19 has 10 seconds left.\n|\n|t:|1776449879\n|detailschange|p2b: Dragonite|Dragonite-Mega, L50, M, shiny\n|-mega|p2b: Dragonite|Dragonite|Dragoninite\n|move|p1b: Tyranitar|Protect|p1b: Tyranitar\n|-singleturn|p1b: Tyranitar|Protect\n|move|p1a: Incineroar|Fake Out|p2b: Dragonite\n|-damage|p2b: Dragonite|96/100\n|move|p2a: Basculegion|Wave Crash|p1b: Tyranitar\n|-activate|p1b: Tyranitar|move: Protect\n|cant|p2b: Dragonite|flinch\n|\n|-weather|Sandstorm|[upkeep]\n|-damage|p2a: Basculegion|94/100|[from] Sandstorm\n|-damage|p2b: Dragonite|90/100|[from] Sandstorm\n|-damage|p1a: Incineroar|95/100|[from] Sandstorm\n|-heal|p1a: Incineroar|100/100|[from] item: Leftovers\n|upkeep\n|turn|2\n|\n|t:|1776449898\n|switch|p2a: Sinistcha|Sinistcha, L50|100/100\n|-heal|p2b: Dragonite|100/100|[from] ability: Hospitality|[of] p2a: Sinistcha\n|switch|p1b: Farigiraf|Farigiraf, L50, M|100/100\n|move|p2b: Dragonite|Weather Ball|p1a: Incineroar\n|-supereffective|p1a: Incineroar|1\n|-damage|p1a: Incineroar|28/100\n|move|p1a: Incineroar|Parting Shot|p2a: Sinistcha\n|-unboost|p2a: Sinistcha|atk|1\n|-unboost|p2a: Sinistcha|spa|1\n|\n|t:|1776449913\n|switch|p1a: Excadrill|Excadrill, L50, F|100/100|[from] Parting Shot\n|\n|-weather|Sandstorm|[upkeep]\n|-damage|p2b: Dragonite|95/100|[from] Sandstorm\n|-damage|p2a: Sinistcha|94/100|[from] Sandstorm\n|-damage|p1b: Farigiraf|94/100|[from] Sandstorm\n|upkeep\n|turn|3\n|\n|t:|1776449928\n|move|p2b: Dragonite|Protect|p2b: Dragonite\n|-singleturn|p2b: Dragonite|Protect\n|move|p1a: Excadrill|Rock Slide|p2a: Sinistcha|[spread] p2a\n|-activate|p2b: Dragonite|move: Protect\n|-damage|p2a: Sinistcha|67/100\n|move|p1b: Farigiraf|Hyper Voice|p2b: Dragonite|[spread] \n|-activate|p2b: Dragonite|move: Protect\n|-immune|p2a: Sinistcha\n|move|p2a: Sinistcha|Trick Room|p2a: Sinistcha\n|-fieldstart|move: Trick Room|[of] p2a: Sinistcha\n|\n|-weather|Sandstorm|[upkeep]\n|-damage|p1b: Farigiraf|88/100|[from] Sandstorm\n|-damage|p2a: Sinistcha|61/100|[from] Sandstorm\n|-damage|p2b: Dragonite|89/100|[from] Sandstorm\n|upkeep\n|turn|4\n|inactive|Flygonbgon19 has 30 seconds left.\n|\n|t:|1776449958\n|switch|p1a: Incineroar|Incineroar, L50, F|28/100\n|-ability|p1a: Incineroar|Intimidate|boost\n|-unboost|p2a: Sinistcha|atk|1\n|-unboost|p2b: Dragonite|atk|1\n|move|p1b: Farigiraf|Hyper Voice|p2a: Sinistcha|[spread] p2b\n|-immune|p2a: Sinistcha\n|-damage|p2b: Dragonite|62/100\n|move|p2a: Sinistcha|Life Dew|p2a: Sinistcha|[spread] p2a,p2b\n|-heal|p2a: Sinistcha|86/100\n|-heal|p2b: Dragonite|87/100\n|move|p2b: Dragonite|Hurricane|p1b: Farigiraf|[miss]\n|-miss|p2b: Dragonite|p1b: Farigiraf\n|\n|-weather|Sandstorm|[upkeep]\n|-damage|p1b: Farigiraf|82/100|[from] Sandstorm\n|-damage|p1a: Incineroar|22/100|[from] Sandstorm\n|-damage|p2a: Sinistcha|80/100|[from] Sandstorm\n|-damage|p2b: Dragonite|81/100|[from] Sandstorm\n|-heal|p1a: Incineroar|28/100|[from] item: Leftovers\n|upkeep\n|turn|5\n|inactive|Flygonbgon19 has 30 seconds left.\n|inactive|crepeofthecrop has 30 seconds left.\n|inactive|Flygonbgon19 has 20 seconds left.\n|\n|t:|1776450000\n|move|p2a: Sinistcha|Rage Powder|p2a: Sinistcha\n|-singleturn|p2a: Sinistcha|move: Rage Powder\n|move|p1b: Farigiraf|Hyper Voice|p2b: Dragonite|[spread] p2b\n|-immune|p2a: Sinistcha\n|-damage|p2b: Dragonite|55/100\n|move|p1a: Incineroar|Parting Shot|p2a: Sinistcha\n|-unboost|p2a: Sinistcha|atk|1\n|-unboost|p2a: Sinistcha|spa|1\n|\n|t:|1776450012\n|switch|p1a: Tyranitar|Tyranitar, L50, F|100/100|[from] Parting Shot\n|move|p2b: Dragonite|Weather Ball|p1a: Tyranitar\n|-damage|p1a: Tyranitar|78/100\n|\n|-weather|none\n|upkeep\n|turn|6\n|\n|t:|1776450029\n|detailschange|p1a: Tyranitar|Tyranitar-Mega, L50, F\n|-mega|p1a: Tyranitar|Tyranitar|Tyranitarite\n|-weather|Sandstorm|[from] ability: Sand Stream|[of] p1a: Tyranitar\n|move|p2b: Dragonite|Protect|p2b: Dragonite\n|-singleturn|p2b: Dragonite|Protect\n|move|p1b: Farigiraf|Hyper Voice|p2a: Sinistcha|[spread] \n|-activate|p2b: Dragonite|move: Protect\n|-immune|p2a: Sinistcha\n|move|p1a: Tyranitar|Rock Slide|p2b: Dragonite|[spread] p2a\n|-activate|p2b: Dragonite|move: Protect\n|-damage|p2a: Sinistcha|44/100\n|-enditem|p2a: Sinistcha|Sitrus Berry|[eat]\n|-heal|p2a: Sinistcha|69/100|[from] item: Sitrus Berry\n|cant|p2a: Sinistcha|flinch\n|\n|-weather|Sandstorm|[upkeep]\n|-damage|p1b: Farigiraf|76/100|[from] Sandstorm\n|-damage|p2a: Sinistcha|63/100|[from] Sandstorm\n|-damage|p2b: Dragonite|49/100|[from] Sandstorm\n|upkeep\n|turn|7\n|inactive|Flygonbgon19 has 30 seconds left.\n|\n|t:|1776450056\n|switch|p1b: Incineroar|Incineroar, L50, F|28/100\n|-ability|p1b: Incineroar|Intimidate|boost\n|-unboost|p2a: Sinistcha|atk|1\n|-unboost|p2b: Dragonite|atk|1\n|switch|p2b: Basculegion|Basculegion, L50, M|94/100\n|move|p1a: Tyranitar|Rock Slide|p2b: Basculegion|[spread] p2a,p2b\n|-damage|p2a: Sinistcha|29/100\n|-damage|p2b: Basculegion|44/100\n|cant|p2a: Sinistcha|flinch\n|\n|-weather|Sandstorm|[upkeep]\n|-damage|p1b: Incineroar|22/100|[from] Sandstorm\n|-damage|p2a: Sinistcha|23/100|[from] Sandstorm\n|-damage|p2b: Basculegion|38/100|[from] Sandstorm\n|-heal|p1b: Incineroar|28/100|[from] item: Leftovers\n|-fieldend|move: Trick Room\n|upkeep\n|turn|8\n|c|\u2606crepeofthecrop|im just fucking chopped i guess\n|inactive|crepeofthecrop has 30 seconds left.\n|\n|t:|1776450084\n|switch|p1a: Farigiraf|Farigiraf, L50, M|76/100\n|move|p2b: Basculegion|Wave Crash|p1a: Farigiraf\n|-damage|p1a: Farigiraf|0 fnt\n|faint|p1a: Farigiraf\n|-damage|p2b: Basculegion|13/100|[from] Recoil\n|move|p2a: Sinistcha|Life Dew|p2a: Sinistcha|[spread] p2a,p2b\n|-heal|p2a: Sinistcha|48/100\n|-heal|p2b: Basculegion|38/100\n|move|p1b: Incineroar|Parting Shot|p2b: Basculegion\n|-unboost|p2b: Basculegion|atk|1\n|-unboost|p2b: Basculegion|spa|1\n|\n|t:|1776450099\n|switch|p1b: Excadrill|Excadrill, L50, F|100/100|[from] Parting Shot\n|\n|-weather|Sandstorm|[upkeep]\n|-damage|p2b: Basculegion|31/100|[from] Sandstorm\n|-damage|p2a: Sinistcha|42/100|[from] Sandstorm\n|upkeep\n|\n|t:|1776450106\n|switch|p1a: Incineroar|Incineroar, L50, F|28/100\n|-ability|p1a: Incineroar|Intimidate|boost\n|-unboost|p2a: Sinistcha|atk|1\n|-unboost|p2b: Basculegion|atk|1\n|turn|9\n|\n|t:|1776450119\n|switch|p2a: Pelipper|Pelipper, L50, M|100/100\n|-weather|RainDance|[from] ability: Drizzle|[of] p2a: Pelipper\n|move|p1b: Excadrill|Rock Slide|p2b: Basculegion|[spread] p2a,p2b\n|-supereffective|p2a: Pelipper|1\n|-crit|p2a: Pelipper\n|-damage|p2a: Pelipper|9/100\n|-damage|p2b: Basculegion|3/100\n|cant|p2b: Basculegion|flinch\n|move|p1a: Incineroar|Flare Blitz|p2a: Pelipper\n|-resisted|p2a: Pelipper|1\n|-damage|p2a: Pelipper|0 fnt\n|faint|p2a: Pelipper\n|-damage|p1a: Incineroar|26/100|[from] Recoil\n|\n|-weather|RainDance|[upkeep]\n|-heal|p1a: Incineroar|32/100|[from] item: Leftovers\n|upkeep\n|c|\u2606crepeofthecrop|holy fucking shit lmfao\n|\n|t:|1776450133\n|switch|p2a: Dragonite|Dragonite-Mega, L50, M, shiny|49/100\n|turn|10\n|\n|t:|1776450142\n|switch|p2b: Sinistcha|Sinistcha, L50|42/100\n|-heal|p2a: Dragonite|74/100|[from] ability: Hospitality|[of] p2b: Sinistcha\n|switch|p1a: Tyranitar|Tyranitar-Mega, L50, F|78/100\n|-weather|Sandstorm|[from] ability: Sand Stream|[of] p1a: Tyranitar\n|move|p1b: Excadrill|Rock Slide|p2a: Dragonite|[spread] p2a\n|-miss|p1b: Excadrill|p2b: Sinistcha\n|-supereffective|p2a: Dragonite|1\n|-damage|p2a: Dragonite|17/100\n|cant|p2a: Dragonite|flinch\n|\n|-weather|Sandstorm|[upkeep]\n|-damage|p2a: Dragonite|11/100|[from] Sandstorm\n|-damage|p2b: Sinistcha|36/100|[from] Sandstorm\n|upkeep\n|turn|11\n|c|\u2606crepeofthecrop|just crazy man\n|-message|crepeofthecrop forfeited.\n|\n|win|Flygonbgon19\n",
  "uploadtime": 1776450130,
  "views": 26,
  "formatid": "gen9championsvgc2026regma",
  "rating": null,
  "private": 0,
  "password": null
}