{
  "id": "gen9championsvgc2026regma-2587871123",
  "format": "[Gen 9 Champions] VGC 2026 Reg M-A",
  "players": [
    "asubircomolaespuma",
    "jaesun0810"
  ],
  "log": "|j|\u203dasubircomolaespuma\n|j|\u2606jaesun0810\n|t:|1776572869\n|gametype|doubles\n|player|p1|asubircomolaespuma|102|1510\n|player|p2|jaesun0810|102|1562\n|gen|9\n|tier|[Gen 9 Champions] VGC 2026 Reg M-A\n|rated|\n|rule|Species Clause: Limit one of each Pok\u00e9mon\n|rule|Item Clause: Limit 1 of each item\n|clearpoke\n|poke|p1|Charizard, L50, F|\n|poke|p1|Basculegion, L50, M|\n|poke|p1|Garchomp, L50, M|\n|poke|p1|Whimsicott, L50, M|\n|poke|p1|Kingambit, L50, M|\n|poke|p1|Sneasler, L50, F|\n|poke|p2|Basculegion, L50, M|\n|poke|p2|Sableye, L50, F|\n|poke|p2|Archaludon, L50, M|\n|poke|p2|Meganium, L50, F|\n|poke|p2|Pelipper, L50, F|\n|poke|p2|Sneasler, L50, F|\n|teampreview|4\n|\n|t:|1776572915\n|teamsize|p1|4\n|teamsize|p2|4\n|start\n|switch|p1a: Sneasler|Sneasler, L50, F|100/100\n|switch|p1b: Kingambit|Kingambit, L50, M|100/100\n|switch|p2a: Basculegion|Basculegion, L50, M|100/100\n|switch|p2b: Sableye|Sableye, L50, F|100/100\n|turn|1\n|\n|t:|1776572942\n|move|p2b: Sableye|Fake Out|p1b: Kingambit\n|-resisted|p1b: Kingambit|1\n|-damage|p1b: Kingambit|97/100\n|cant|p1b: Kingambit|flinch\n|move|p1a: Sneasler|Close Combat|p2a: Basculegion\n|-immune|p2a: Basculegion\n|move|p2a: Basculegion|Wave Crash|p1a: Sneasler\n|-damage|p1a: Sneasler|0 fnt\n|faint|p1a: Sneasler\n|-damage|p2a: Basculegion|74/100|[from] Recoil\n|\n|upkeep\n|\n|t:|1776572952\n|switch|p1a: Basculegion|Basculegion, L50, M|100/100\n|turn|2\n|\n|t:|1776572959\n|switch|p2a: Archaludon|Archaludon, L50, M|100/100\n|move|p2b: Sableye|Sucker Punch|p1a: Basculegion\n|-supereffective|p1a: Basculegion|1\n|-damage|p1a: Basculegion|35/100\n|move|p1a: Basculegion|Last Respects|p2a: Archaludon\n|-damage|p2a: Archaludon|54/100\n|-ability|p2a: Archaludon|Stamina|boost\n|-boost|p2a: Archaludon|def|1\n|move|p1b: Kingambit|Kowtow Cleave|p2b: Sableye\n|-damage|p2b: Sableye|34/100\n|\n|-heal|p2a: Archaludon|60/100|[from] item: Leftovers\n|upkeep\n|turn|3\n|\n|t:|1776572986\n|switch|p1a: Charizard|Charizard, L50, F|100/100\n|move|p2b: Sableye|Rain Dance|p2b: Sableye\n|-weather|RainDance\n|move|p2a: Archaludon|Electro Shot||[still]\n|-prepare|p2a: Archaludon|Electro Shot\n|-boost|p2a: Archaludon|spa|1\n|-anim|p2a: Archaludon|Electro Shot|p1a: Charizard\n|-supereffective|p1a: Charizard|1\n|-damage|p1a: Charizard|0 fnt\n|faint|p1a: Charizard\n|move|p1b: Kingambit|Iron Head|p2b: Sableye\n|-damage|p2b: Sableye|0 fnt\n|faint|p2b: Sableye\n|\n|-weather|RainDance|[upkeep]\n|-heal|p2a: Archaludon|66/100|[from] item: Leftovers\n|upkeep\n|\n|t:|1776572993\n|switch|p1a: Basculegion|Basculegion, L50, M|35/100\n|switch|p2b: Basculegion|Basculegion, L50, M|74/100\n|turn|4\n|\n|t:|1776573006\n|move|p2b: Basculegion|Aqua Jet|p1b: Kingambit\n|-damage|p1b: Kingambit|69/100\n|move|p1b: Kingambit|Sucker Punch||[still]\n|-fail|p1b: Kingambit\n|move|p1a: Basculegion|Last Respects|p2a: Archaludon\n|-damage|p2a: Archaludon|20/100\n|-ability|p2a: Archaludon|Stamina|boost\n|-boost|p2a: Archaludon|def|1\n|move|p2a: Archaludon|Electro Shot||[still]\n|-prepare|p2a: Archaludon|Electro Shot\n|-boost|p2a: Archaludon|spa|1\n|-anim|p2a: Archaludon|Electro Shot|p1a: Basculegion\n|-supereffective|p1a: Basculegion|1\n|-damage|p1a: Basculegion|0 fnt\n|faint|p1a: Basculegion\n|\n|-weather|RainDance|[upkeep]\n|-heal|p2a: Archaludon|27/100|[from] item: Leftovers\n|upkeep\n|turn|5\n|\n|t:|1776573016\n|move|p1b: Kingambit|Sucker Punch|p2b: Basculegion\n|-supereffective|p2b: Basculegion|1\n|-damage|p2b: Basculegion|0 fnt\n|faint|p2b: Basculegion\n|move|p2a: Archaludon|Electro Shot||[still]\n|-prepare|p2a: Archaludon|Electro Shot\n|-boost|p2a: Archaludon|spa|1\n|-anim|p2a: Archaludon|Electro Shot|p1b: Kingambit\n|-damage|p1b: Kingambit|0 fnt\n|faint|p1b: Kingambit\n|\n|win|jaesun0810\n|raw|asubircomolaespuma's rating: 1510 &rarr; <strong>1493</strong><br />(-17 for losing)\n|raw|jaesun0810's rating: 1562 &rarr; <strong>1579</strong><br />(+17 for winning)\n|l|\u2606jaesun0810\n|player|p2|\n",
  "uploadtime": 1776573040,
  "views": 15,
  "formatid": "gen9championsvgc2026regma",
  "rating": 1493,
  "private": 0,
  "password": null
}