{
  "id": "gen9championsvgc2026regma-2588444190",
  "format": "[Gen 9 Champions] VGC 2026 Reg M-A",
  "players": [
    "MrMythicorn",
    "Valvas"
  ],
  "log": "|j|\u2606MrMythicorn\n|j|\u2606Valvas\n|t:|1776634065\n|gametype|doubles\n|player|p1|MrMythicorn|shauna-masters|1172\n|player|p2|Valvas|veteran|1211\n|gen|9\n|tier|[Gen 9 Champions] VGC 2026 Reg M-A\n|rated|\n|rule|Species Clause: Limit one of each Pok\u00e9mon\n|rule|Item Clause: Limit 1 of each item\n|clearpoke\n|poke|p1|Drampa, L50, F, shiny|\n|poke|p1|Mimikyu, L50, M, shiny|\n|poke|p1|Pelipper, L50, M|\n|poke|p1|Sharpedo, L50, M, shiny|\n|poke|p1|Incineroar, L50, F|\n|poke|p1|Slowking-Galar, L50, F, shiny|\n|poke|p2|Scovillain, L50, F, shiny|\n|poke|p2|Sneasler, L50, M|\n|poke|p2|Dragonite, L50, F, shiny|\n|poke|p2|Kingambit, L50, M, shiny|\n|poke|p2|Garchomp, L50, F|\n|poke|p2|Primarina, L50, M, shiny|\n|teampreview|4\n|inactive|Battle timer is ON: inactive players will automatically lose when time's up. (requested by MrMythicorn)\n|inactive|MrMythicorn has 60 seconds left.\n|inactive|Valvas has 60 seconds left.\n|inactive|MrMythicorn has 30 seconds left.\n|inactive|MrMythicorn has 20 seconds left.\n|inactive|MrMythicorn has 15 seconds left.\n|\n|t:|1776634141\n|teamsize|p1|4\n|teamsize|p2|4\n|start\n|switch|p1a: Unction|Drampa, L50, F, shiny|100/100\n|switch|p1b: Miffy|Mimikyu, L50, M, shiny|100/100\n|switch|p2a: Sneasler|Sneasler, L50, M|100/100\n|switch|p2b: Primarina|Primarina, L50, M, shiny|100/100\n|-ability|p1a: Unction|Cloud Nine\n|turn|1\n|\n|t:|1776634158\n|move|p1a: Unction|Protect|p1a: Unction\n|-singleturn|p1a: Unction|Protect\n|move|p2a: Sneasler|Fake Out|p1a: Unction\n|-activate|p1a: Unction|move: Protect\n|move|p2b: Primarina|Calm Mind|p2b: Primarina\n|-boost|p2b: Primarina|spa|1\n|-boost|p2b: Primarina|spd|1\n|move|p1b: Miffy|Trick Room|p1b: Miffy\n|-fieldstart|move: Trick Room|[of] p1b: Miffy\n|\n|upkeep\n|turn|2\n|inactive|MrMythicorn has 30 seconds left.\n|\n|t:|1776634185\n|switch|p1b: Bowlmouth|Pelipper, L50, M|100/100\n|-weather|RainDance|[from] ability: Drizzle|[of] p1b: Bowlmouth\n|move|p1a: Unction|Hurricane|p2a: Sneasler\n|-supereffective|p2a: Sneasler|1\n|-damage|p2a: Sneasler|0 fnt\n|faint|p2a: Sneasler\n|move|p2b: Primarina|Moonblast|p1a: Unction\n|-supereffective|p1a: Unction|1\n|-damage|p1a: Unction|0 fnt\n|faint|p1a: Unction\n|\n|-weather|RainDance|[upkeep]\n|upkeep\n|\n|t:|1776634199\n|switch|p1a: Miffy|Mimikyu, L50, M, shiny|100/100\n|switch|p2a: Scovillain|Scovillain, L50, F, shiny|100/100\n|turn|3\n|\n|t:|1776634223\n|move|p2a: Scovillain|Protect|p2a: Scovillain\n|-singleturn|p2a: Scovillain|Protect\n|move|p2b: Primarina|Hyper Voice|p1b: Bowlmouth|[spread] p1a,p1b\n|-resisted|p1b: Bowlmouth|1\n|-activate|p1a: Miffy|ability: Disguise\n|-damage|p1a: Miffy|100/100\n|-damage|p1b: Bowlmouth|49/100\n|detailschange|p1a: Miffy|Mimikyu-Busted, L50, M, shiny\n|-damage|p1a: Miffy|88/100|[from] pokemon: Mimikyu-Busted\n|move|p1b: Bowlmouth|Hurricane|p2a: Scovillain\n|-activate|p2a: Scovillain|move: Protect\n|move|p1a: Miffy|Play Rough|p2b: Primarina\n|-damage|p2b: Primarina|52/100\n|\n|-weather|RainDance|[upkeep]\n|-heal|p2b: Primarina|58/100|[from] item: Leftovers\n|-ability|p2a: Scovillain|Moody|boost\n|-boost|p2a: Scovillain|atk|2\n|-unboost|p2a: Scovillain|spd|1\n|upkeep\n|turn|4\n|inactive|Valvas has 30 seconds left.\n|\n|t:|1776634257\n|detailschange|p2a: Scovillain|Scovillain-Mega, L50, F, shiny\n|-mega|p2a: Scovillain|Scovillain|Scovillainite\n|move|p2a: Scovillain|Rage Powder|p2a: Scovillain\n|-singleturn|p2a: Scovillain|move: Rage Powder\n|move|p2b: Primarina|Hyper Voice|p1a: Miffy|[spread] p1a,p1b\n|-resisted|p1b: Bowlmouth|1\n|-damage|p1a: Miffy|0 fnt\n|-damage|p1b: Bowlmouth|1/100\n|faint|p1a: Miffy\n|move|p1b: Bowlmouth|Hurricane|p2a: Scovillain\n|-supereffective|p2a: Scovillain|1\n|-damage|p2a: Scovillain|0 fnt\n|-status|p1b: Bowlmouth|brn|[from] ability: Spicy Spray|[of] p2a: Scovillain\n|faint|p2a: Scovillain\n|\n|-weather|RainDance|[upkeep]\n|-heal|p2b: Primarina|64/100|[from] item: Leftovers\n|-damage|p1b: Bowlmouth|0 fnt|[from] brn\n|faint|p1b: Bowlmouth\n|upkeep\n|\n|t:|1776634273\n|switch|p1b: GOAT|Incineroar, L50, F|100/100\n|switch|p2a: Kingambit|Kingambit, L50, M, shiny|100/100\n|-ability|p1b: GOAT|Intimidate|boost\n|-unboost|p2a: Kingambit|atk|1\n|-ability|p2a: Kingambit|Defiant|boost\n|-boost|p2a: Kingambit|atk|2\n|-unboost|p2b: Primarina|atk|1\n|turn|5\n|\n|t:|1776634293\n|move|p1b: GOAT|Fake Out|p2a: Kingambit\n|-resisted|p2a: Kingambit|1\n|-damage|p2a: Kingambit|97/100\n|cant|p2a: Kingambit|flinch\n|move|p2b: Primarina|Hyper Voice|p1b: GOAT\n|-supereffective|p1b: GOAT|1\n|-damage|p1b: GOAT|0 fnt\n|faint|p1b: GOAT\n|\n|win|Valvas\n|raw|MrMythicorn's rating: 1172 &rarr; <strong>1150</strong><br />(-22 for losing)\n|raw|Valvas's rating: 1211 &rarr; <strong>1233</strong><br />(+22 for winning)\n",
  "uploadtime": 1776634300,
  "views": 15,
  "formatid": "gen9championsvgc2026regma",
  "rating": 1150,
  "private": 0,
  "password": null
}