{
  "id": "gen9championsvgc2026regma-2582753688",
  "format": "[Gen 9 Champions] VGC 2026 Reg M-A",
  "players": [
    "Unsuspecting Dude",
    "the_ag_is_fake"
  ],
  "log": "|j|\u2606Unsuspecting Dude\n|j|\u2606the_ag_is_fake\n|t:|1776111738\n|gametype|doubles\n|player|p1|Unsuspecting Dude|larry|1241\n|player|p2|the_ag_is_fake|rika|1331\n|gen|9\n|tier|[Gen 9 Champions] VGC 2026 Reg M-A\n|rated|\n|rule|Species Clause: Limit one of each Pok\u00e9mon\n|rule|Item Clause: Limit 1 of each item\n|clearpoke\n|poke|p1|Starmie, L50|\n|poke|p1|Tyranitar, L50, F|\n|poke|p1|Garchomp, L50, F|\n|poke|p1|Aegislash, L50, M|\n|poke|p1|Whimsicott, L50, M|\n|poke|p1|Dragapult, L50, F|\n|poke|p2|Clefable, L50, F|\n|poke|p2|Incineroar, L50, M|\n|poke|p2|Kingambit, L50, M|\n|poke|p2|Sneasler, L50, M|\n|poke|p2|Kommo-o, L50, M|\n|poke|p2|Froslass, L50, F|\n|teampreview|4\n|inactive|Battle timer is ON: inactive players will automatically lose when time's up. (requested by the_ag_is_fake)\n|inactive|the_ag_is_fake has 60 seconds left.\n|inactive|the_ag_is_fake has 30 seconds left.\n|inactive|the_ag_is_fake has 20 seconds left.\n|inactive|the_ag_is_fake has 15 seconds left.\n|inactive|the_ag_is_fake has 10 seconds left.\n|\n|t:|1776111820\n|teamsize|p1|4\n|teamsize|p2|4\n|start\n|switch|p1a: Starmie|Starmie, L50|100/100\n|switch|p1b: Dragapult|Dragapult, L50, F|100/100\n|switch|p2a: Incineroar|Incineroar, L50, M|100/100\n|switch|p2b: Kommo-o|Kommo-o, L50, M|100/100\n|-ability|p2a: Incineroar|Intimidate|boost\n|-unboost|p1a: Starmie|atk|1\n|-fail|p1b: Dragapult|unboost|[from] ability: Clear Body|[of] p1b: Dragapult\n|turn|1\n|inactive|the_ag_is_fake has 30 seconds left.\n|\n|t:|1776111849\n|switch|p2b: Kingambit|Kingambit, L50, M|100/100\n|detailschange|p1a: Starmie|Starmie-Mega, L50\n|-mega|p1a: Starmie|Starmie|Starminite\n|move|p1a: Starmie|Protect|p1a: Starmie\n|-singleturn|p1a: Starmie|Protect\n|move|p2a: Incineroar|Fake Out|p1a: Starmie\n|-activate|p1a: Starmie|move: Protect\n|move|p1b: Dragapult|Dragon Darts|p2b: Kingambit\n|-resisted|p2b: Kingambit|1\n|-damage|p2b: Kingambit|92/100\n|-anim|p1b: Dragapult|Dragon Darts|p2a: Incineroar\n|-damage|p2a: Incineroar|76/100\n|\n|upkeep\n|turn|2\n|inactive|the_ag_is_fake has 30 seconds left.\n|inactive|the_ag_is_fake has 20 seconds left.\n|inactive|the_ag_is_fake has 15 seconds left.\n|inactive|the_ag_is_fake has 10 seconds left.\n|\n|t:|1776111898\n|move|p2b: Kingambit|Sucker Punch||[still]\n|-fail|p2b: Kingambit\n|move|p1b: Dragapult|Substitute|p1b: Dragapult\n|-start|p1b: Dragapult|Substitute\n|-damage|p1b: Dragapult|76/100\n|move|p1a: Starmie|Skill Swap|p1b: Dragapult\n|-activate|p1a: Starmie|Skill Swap|||[of] p1b: Dragapult\n|move|p2a: Incineroar|Parting Shot|p1a: Starmie\n|-fail|p1a: Starmie|unboost|[from] ability: Clear Body|[of] p1a: Starmie\n|\n|-heal|p1b: Dragapult|82/100|[from] item: Leftovers\n|upkeep\n|turn|3\n|\n|t:|1776111921\n|move|p2b: Kingambit|Sucker Punch|p1a: Starmie\n|-supereffective|p1a: Starmie|1\n|-damage|p1a: Starmie|0 fnt\n|faint|p1a: Starmie\n|move|p1b: Dragapult|Dragon Dance|p1b: Dragapult\n|-boost|p1b: Dragapult|atk|1\n|-boost|p1b: Dragapult|spe|1\n|move|p2a: Incineroar|Parting Shot|p1b: Dragapult\n|-unboost|p1b: Dragapult|atk|1\n|-unboost|p1b: Dragapult|spa|1\n|\n|t:|1776111937\n|switch|p2a: Kommo-o|Kommo-o, L50, M|100/100|[from] Parting Shot\n|\n|-heal|p1b: Dragapult|88/100|[from] item: Leftovers\n|upkeep\n|\n|t:|1776111944\n|switch|p1a: Tyranitar|Tyranitar, L50, F|100/100\n|-weather|Sandstorm|[from] ability: Sand Stream|[of] p1a: Tyranitar\n|turn|4\n|inactive|the_ag_is_fake has 30 seconds left.\n|inactive|the_ag_is_fake has 20 seconds left.\n|\n|t:|1776111981\n|move|p2b: Kingambit|Protect|p2b: Kingambit\n|-singleturn|p2b: Kingambit|Protect\n|move|p1b: Dragapult|Dragon Darts|p2a: Kommo-o\n|-supereffective|p2a: Kommo-o|1\n|-damage|p2a: Kommo-o|11/100\n|-anim|p1b: Dragapult|Dragon Darts|p2a: Kommo-o\n|-supereffective|p2a: Kommo-o|1\n|-damage|p2a: Kommo-o|0 fnt\n|faint|p2a: Kommo-o\n|move|p1a: Tyranitar|Superpower|p2b: Kingambit\n|-activate|p2b: Kingambit|move: Protect\n|\n|-weather|Sandstorm|[upkeep]\n|-damage|p1b: Dragapult|82/100|[from] Sandstorm\n|-heal|p1b: Dragapult|88/100|[from] item: Leftovers\n|upkeep\n|\n|t:|1776112001\n|switch|p2a: Froslass|Froslass, L50, F|100/100\n|turn|5\n|\n|t:|1776112007\n|switch|p1a: Aegislash|Aegislash, L50, M|100/100\n|detailschange|p2a: Froslass|Froslass-Mega, L50, F\n|-mega|p2a: Froslass|Froslass|Froslassite\n|-weather|Snowscape|[from] ability: Snow Warning|[of] p2a: Froslass\n|move|p2b: Kingambit|Sucker Punch||[still]\n|-fail|p2b: Kingambit\n|move|p1b: Dragapult|Dragon Dance|p1b: Dragapult\n|-boost|p1b: Dragapult|atk|1\n|-boost|p1b: Dragapult|spe|1\n|move|p2a: Froslass|Blizzard|p1a: Aegislash|[spread] p1a,p1b\n|-supereffective|p1b: Dragapult|1\n|-end|p1b: Dragapult|Substitute\n|-resisted|p1a: Aegislash|1\n|-damage|p1a: Aegislash|85/100\n|\n|-weather|Snowscape|[upkeep]\n|-heal|p1b: Dragapult|94/100|[from] item: Leftovers\n|upkeep\n|turn|6\n|\n|t:|1776112032\n|move|p1a: Aegislash|Wide Guard|p1a: Aegislash\n|-singleturn|p1a: Aegislash|Wide Guard\n|move|p2b: Kingambit|Sucker Punch||[still]\n|-fail|p2b: Kingambit\n|move|p1b: Dragapult|Substitute|p1b: Dragapult\n|-start|p1b: Dragapult|Substitute\n|-damage|p1b: Dragapult|69/100\n|move|p2a: Froslass|Blizzard|p1b: Dragapult|[spread] \n|-activate|p1a: Aegislash|move: Wide Guard\n|-activate|p1b: Dragapult|move: Wide Guard\n|\n|-weather|Snowscape|[upkeep]\n|-heal|p1b: Dragapult|75/100|[from] item: Leftovers\n|upkeep\n|turn|7\n|\n|t:|1776112047\n|switch|p1a: Tyranitar|Tyranitar, L50, F|100/100\n|-weather|Sandstorm|[from] ability: Sand Stream|[of] p1a: Tyranitar\n|move|p2b: Kingambit|Sucker Punch|p1b: Dragapult\n|-supereffective|p1b: Dragapult|1\n|-end|p1b: Dragapult|Substitute\n|move|p1b: Dragapult|Dragon Darts|p2a: Froslass\n|-damage|p2a: Froslass|0 fnt\n|-anim|p1b: Dragapult|Dragon Darts|p2b: Kingambit\n|-resisted|p2b: Kingambit|1\n|-damage|p2b: Kingambit|63/100\n|faint|p2a: Froslass\n|\n|-weather|Sandstorm|[upkeep]\n|-damage|p1b: Dragapult|69/100|[from] Sandstorm\n|-heal|p1b: Dragapult|75/100|[from] item: Leftovers\n|upkeep\n|\n|t:|1776112050\n|switch|p2a: Incineroar|Incineroar, L50, M|76/100\n|-ability|p2a: Incineroar|Intimidate|boost\n|-unboost|p1a: Tyranitar|atk|1\n|-unboost|p1b: Dragapult|atk|1\n|turn|8\n|\n|t:|1776112069\n|move|p2a: Incineroar|Fake Out|p1a: Tyranitar\n|-resisted|p1a: Tyranitar|1\n|-damage|p1a: Tyranitar|95/100\n|move|p1b: Dragapult|Dragon Dance|p1b: Dragapult\n|-boost|p1b: Dragapult|atk|1\n|-boost|p1b: Dragapult|spe|1\n|cant|p1a: Tyranitar|flinch\n|move|p2b: Kingambit|Kowtow Cleave|p1b: Dragapult\n|-supereffective|p1b: Dragapult|1\n|-damage|p1b: Dragapult|0 fnt\n|faint|p1b: Dragapult\n|\n|-weather|Sandstorm|[upkeep]\n|-damage|p2a: Incineroar|70/100|[from] Sandstorm\n|upkeep\n|\n|t:|1776112074\n|switch|p1b: Aegislash|Aegislash, L50, M|85/100\n|turn|9\n|\n|t:|1776112097\n|move|p1b: Aegislash|King's Shield|p1b: Aegislash\n|-singleturn|p1b: Aegislash|Protect\n|move|p2b: Kingambit|Protect|p2b: Kingambit\n|-singleturn|p2b: Kingambit|Protect\n|move|p1a: Tyranitar|Superpower|p2b: Kingambit\n|-activate|p2b: Kingambit|move: Protect\n|move|p2a: Incineroar|Parting Shot|p1a: Tyranitar\n|-unboost|p1a: Tyranitar|atk|1\n|-unboost|p1a: Tyranitar|spa|1\n|\n|-weather|Sandstorm|[upkeep]\n|-damage|p2a: Incineroar|64/100|[from] Sandstorm\n|upkeep\n|turn|10\n|inactive|the_ag_is_fake has 30 seconds left.\n|\n|t:|1776112122\n|move|p1b: Aegislash|King's Shield||[still]\n|-fail|p1b: Aegislash\n|move|p2b: Kingambit|Sucker Punch||[still]\n|-fail|p2b: Kingambit\n|move|p1a: Tyranitar|Superpower|p2b: Kingambit\n|-supereffective|p2b: Kingambit|2\n|-damage|p2b: Kingambit|0 fnt\n|-unboost|p1a: Tyranitar|atk|1\n|-unboost|p1a: Tyranitar|def|1\n|faint|p2b: Kingambit\n|move|p2a: Incineroar|Flare Blitz|p1b: Aegislash\n|-supereffective|p1b: Aegislash|1\n|-damage|p1b: Aegislash|2/100\n|-enditem|p1b: Aegislash|Sitrus Berry|[eat]\n|-heal|p1b: Aegislash|27/100|[from] item: Sitrus Berry\n|-damage|p2a: Incineroar|41/100|[from] Recoil\n|-enditem|p2a: Incineroar|Sitrus Berry|[eat]\n|-heal|p2a: Incineroar|66/100|[from] item: Sitrus Berry\n|\n|-weather|Sandstorm|[upkeep]\n|-damage|p2a: Incineroar|60/100|[from] Sandstorm\n|upkeep\n|turn|11\n|inactive|the_ag_is_fake has 30 seconds left.\n|\n|t:|1776112147\n|move|p1b: Aegislash|King's Shield|p1b: Aegislash\n|-singleturn|p1b: Aegislash|Protect\n|move|p1a: Tyranitar|Superpower|p2a: Incineroar\n|-supereffective|p2a: Incineroar|1\n|-crit|p2a: Incineroar\n|-damage|p2a: Incineroar|0 fnt\n|-unboost|p1a: Tyranitar|atk|1\n|-unboost|p1a: Tyranitar|def|1\n|faint|p2a: Incineroar\n|\n|win|Unsuspecting Dude\n|raw|Unsuspecting Dude's rating: 1241 &rarr; <strong>1272</strong><br />(+31 for winning)\n|raw|the_ag_is_fake's rating: 1331 &rarr; <strong>1306</strong><br />(-25 for losing)\n",
  "uploadtime": 1776112148,
  "views": 22,
  "formatid": "gen9championsvgc2026regma",
  "rating": 1272,
  "private": 0,
  "password": null
}