{
  "id": "gen9championsvgc2026regma-2583819730",
  "format": "[Gen 9 Champions] VGC 2026 Reg M-A",
  "players": [
    "SunTufo",
    "Maggoroni"
  ],
  "log": "|j|\u2606SunTufo\n|j|\u2606Maggoroni\n|t:|1776200208\n|gametype|doubles\n|player|p1|SunTufo|li|1352\n|player|p2|Maggoroni|265|1268\n|gen|9\n|tier|[Gen 9 Champions] VGC 2026 Reg M-A\n|rated|\n|rule|Species Clause: Limit one of each Pok\u00e9mon\n|rule|Item Clause: Limit 1 of each item\n|clearpoke\n|poke|p1|Chandelure, L50, M|\n|poke|p1|Tsareena, L50, F|\n|poke|p1|Milotic, L50, F|\n|poke|p1|Corviknight, L50, F|\n|poke|p1|Clefable, L50, M|\n|poke|p2|Basculegion, L50, M|\n|poke|p2|Pelipper, L50, F|\n|poke|p2|Meganium, L50, M|\n|poke|p2|Archaludon, L50, M|\n|poke|p2|Incineroar, L50, F|\n|poke|p2|Farigiraf, L50, M|\n|teampreview|4\n|inactive|Battle timer is ON: inactive players will automatically lose when time's up. (requested by SunTufo)\n|inactive|SunTufo has 60 seconds left.\n|\n|t:|1776200262\n|teamsize|p1|4\n|teamsize|p2|4\n|start\n|switch|p1a: Chandelure|Chandelure, L50, M|100/100\n|switch|p1b: Corviknight|Corviknight, L50, F|100/100\n|switch|p2a: Basculegion|Basculegion, L50, M|100/100\n|switch|p2b: Meganium|Meganium, L50, M|100/100\n|turn|1\n|\n|t:|1776200276\n|switch|p2b: Pelipper|Pelipper, L50, F|100/100\n|-weather|RainDance|[from] ability: Drizzle|[of] p2b: Pelipper\n|move|p1a: Chandelure|Protect|p1a: Chandelure\n|-singleturn|p1a: Chandelure|Protect\n|move|p2a: Basculegion|Wave Crash|p1a: Chandelure\n|-activate|p1a: Chandelure|move: Protect\n|move|p1b: Corviknight|Tailwind|p1b: Corviknight\n|-sidestart|p1: SunTufo|move: Tailwind\n|\n|-weather|RainDance|[upkeep]\n|upkeep\n|turn|2\n|inactive|SunTufo has 30 seconds left.\n|inactive|Maggoroni has 30 seconds left.\n|\n|t:|1776200310\n|switch|p1a: Clefable|Clefable, L50, M|100/100\n|move|p2a: Basculegion|Protect|p2a: Basculegion\n|-singleturn|p2a: Basculegion|Protect\n|move|p1b: Corviknight|Dual Wingbeat|p2b: Pelipper\n|-damage|p2b: Pelipper|80/100\n|-damage|p2b: Pelipper|64/100\n|-hitcount|p2b: Pelipper|2\n|move|p2b: Pelipper|Tailwind|p2b: Pelipper\n|-sidestart|p2: Maggoroni|move: Tailwind\n|\n|-weather|RainDance|[upkeep]\n|upkeep\n|turn|3\n|\n|t:|1776200329\n|move|p1a: Clefable|Protect|p1a: Clefable\n|-singleturn|p1a: Clefable|Protect\n|move|p2a: Basculegion|Wave Crash|p1a: Clefable\n|-activate|p1a: Clefable|move: Protect\n|move|p2b: Pelipper|Weather Ball|p1b: Corviknight\n|-damage|p1b: Corviknight|51/100\n|move|p1b: Corviknight|Dual Wingbeat|p2b: Pelipper\n|-damage|p2b: Pelipper|46/100\n|-damage|p2b: Pelipper|26/100\n|-hitcount|p2b: Pelipper|2\n|\n|-weather|RainDance|[upkeep]\n|upkeep\n|turn|4\n|\n|t:|1776200344\n|switch|p2b: Archaludon|Archaludon, L50, M|100/100\n|move|p2a: Basculegion|Wave Crash|p1a: Clefable\n|-damage|p1a: Clefable|23/100\n|-damage|p2a: Basculegion|74/100|[from] Recoil\n|move|p1b: Corviknight|Dual Wingbeat|p2b: Archaludon\n|-resisted|p2b: Archaludon|1\n|-damage|p2b: Archaludon|94/100\n|-ability|p2b: Archaludon|Stamina|boost\n|-boost|p2b: Archaludon|def|1\n|-resisted|p2b: Archaludon|1\n|-damage|p2b: Archaludon|89/100\n|-ability|p2b: Archaludon|Stamina|boost\n|-boost|p2b: Archaludon|def|1\n|-hitcount|p2b: Archaludon|2\n|move|p1a: Clefable|Moonblast|p2a: Basculegion\n|-damage|p2a: Basculegion|42/100\n|\n|-weather|RainDance|[upkeep]\n|-heal|p2b: Archaludon|95/100|[from] item: Leftovers\n|-sideend|p1: SunTufo|move: Tailwind\n|upkeep\n|turn|5\n|\n|t:|1776200366\n|move|p1a: Clefable|Follow Me|p1a: Clefable\n|-singleturn|p1a: Clefable|move: Follow Me\n|move|p2a: Basculegion|Wave Crash|p1a: Clefable\n|-damage|p1a: Clefable|0 fnt\n|faint|p1a: Clefable\n|-damage|p2a: Basculegion|34/100|[from] Recoil\n|move|p2b: Archaludon|Electro Shot||[still]\n|-prepare|p2b: Archaludon|Electro Shot\n|-boost|p2b: Archaludon|spa|1\n|-anim|p2b: Archaludon|Electro Shot|p1b: Corviknight\n|-supereffective|p1b: Corviknight|1\n|-damage|p1b: Corviknight|0 fnt\n|faint|p1b: Corviknight\n|\n|-weather|none\n|-heal|p2b: Archaludon|100/100|[from] item: Leftovers\n|-sideend|p2: Maggoroni|move: Tailwind\n|upkeep\n|\n|t:|1776200371\n|switch|p1b: Tsareena|Tsareena, L50, F, shiny|100/100\n|switch|p1a: Chandelure|Chandelure, L50, M|100/100\n|turn|6\n|inactive|Maggoroni has 30 seconds left.\n|\n|t:|1776200401\n|switch|p2a: Pelipper|Pelipper, L50, F|26/100\n|-weather|RainDance|[from] ability: Drizzle|[of] p2a: Pelipper\n|move|p1a: Chandelure|Protect|p1a: Chandelure\n|-singleturn|p1a: Chandelure|Protect\n|move|p1b: Tsareena|Power Whip|p2a: Pelipper\n|-damage|p2a: Pelipper|0 fnt\n|faint|p2a: Pelipper\n|move|p2b: Archaludon|Electro Shot||[still]\n|-prepare|p2b: Archaludon|Electro Shot\n|-boost|p2b: Archaludon|spa|1\n|-anim|p2b: Archaludon|Electro Shot|p1b: Tsareena\n|-resisted|p1b: Tsareena|1\n|-damage|p1b: Tsareena|39/100\n|\n|-weather|RainDance|[upkeep]\n|upkeep\n|\n|t:|1776200412\n|switch|p2a: Basculegion|Basculegion, L50, M|34/100\n|turn|7\n|\n|t:|1776200433\n|move|p1a: Chandelure|Protect||[still]\n|-fail|p1a: Chandelure\n|move|p2a: Basculegion|Wave Crash|p1a: Chandelure\n|-supereffective|p1a: Chandelure|1\n|-damage|p1a: Chandelure|0 fnt\n|faint|p1a: Chandelure\n|-damage|p2a: Basculegion|6/100|[from] Recoil\n|move|p1b: Tsareena|Power Whip|p2a: Basculegion|[miss]\n|-miss|p1b: Tsareena|p2a: Basculegion\n|move|p2b: Archaludon|Electro Shot||[still]\n|-prepare|p2b: Archaludon|Electro Shot\n|-boost|p2b: Archaludon|spa|1\n|-anim|p2b: Archaludon|Electro Shot|p1b: Tsareena\n|-resisted|p1b: Tsareena|1\n|-damage|p1b: Tsareena|0 fnt\n|faint|p1b: Tsareena\n|\n|win|Maggoroni\n|raw|SunTufo's rating: 1352 &rarr; <strong>1327</strong><br />(-25 for losing)\n|raw|Maggoroni's rating: 1268 &rarr; <strong>1299</strong><br />(+31 for winning)\n",
  "uploadtime": 1776200434,
  "views": 39,
  "formatid": "gen9championsvgc2026regma",
  "rating": 1299,
  "private": 0,
  "password": null
}