{
  "id": "gen9championsvgc2026regma-2580556756",
  "format": "[Gen 9 Champions] VGC 2026 Reg M-A",
  "players": [
    "Migolazo04",
    "zach eddie"
  ],
  "log": "|j|\u2606Migolazo04\n|j|\u2606zach eddie\n|t:|1775912527\n|gametype|doubles\n|player|p1|Migolazo04|2|1104\n|player|p2|zach eddie|101|1075\n|gen|9\n|tier|[Gen 9 Champions] VGC 2026 Reg M-A\n|rated|\n|rule|Species Clause: Limit one of each Pok\u00e9mon\n|rule|Item Clause: Limit 1 of each item\n|clearpoke\n|poke|p1|Starmie, L50|\n|poke|p1|Sneasler, L50, M|\n|poke|p1|Sinistcha, L50|\n|poke|p1|Kingambit, L50, M|\n|poke|p1|Dragonite, L50, M|\n|poke|p1|Pelipper, L50, F|\n|poke|p2|Liepard, L50, M|\n|poke|p2|Lucario, L50, M|\n|poke|p2|Arcanine-Hisui, L50, F|\n|poke|p2|Garchomp, L50, M|\n|poke|p2|Talonflame, L50, M|\n|poke|p2|Sylveon, L50, M|\n|teampreview|4\n|inactive|Battle timer is ON: inactive players will automatically lose when time's up. (requested by zach eddie)\n|\n|t:|1775912566\n|teamsize|p1|4\n|teamsize|p2|4\n|start\n|switch|p1a: Sneasler|Sneasler, L50, M|100/100\n|switch|p1b: Kingambit|Kingambit, L50, M|100/100\n|switch|p2a: Talonflame|Talonflame, L50, M|100/100\n|switch|p2b: Sylveon|Sylveon, L50, M|100/100\n|turn|1\n|inactive|Migolazo04 has 30 seconds left.\n|inactive|Migolazo04 has 20 seconds left.\n|inactive|Migolazo04 has 15 seconds left.\n|inactive|Migolazo04 has 10 seconds left.\n|\n|t:|1775912615\n|move|p2a: Talonflame|Upper Hand|p1a: Sneasler\n|-resisted|p1a: Sneasler|1\n|-damage|p1a: Sneasler|86/100\n|cant|p1a: Sneasler|flinch\n|move|p2b: Sylveon|Hyper Voice|p1a: Sneasler|[spread] p1a,p1b\n|-damage|p1a: Sneasler|26/100\n|-damage|p1b: Kingambit|58/100\n|move|p1b: Kingambit|Iron Head|p2b: Sylveon\n|-supereffective|p2b: Sylveon|1\n|-damage|p2b: Sylveon|8/100\n|\n|upkeep\n|turn|2\n|\n|t:|1775912638\n|switch|p1a: Pelipper|Pelipper, L50, F|100/100\n|-weather|RainDance|[from] ability: Drizzle|[of] p1a: Pelipper\n|move|p2a: Talonflame|Tailwind|p2a: Talonflame\n|-sidestart|p2: zach eddie|move: Tailwind\n|move|p2b: Sylveon|Quick Attack|p1a: Pelipper\n|-damage|p1a: Pelipper|83/100\n|move|p1b: Kingambit|Sucker Punch||[still]\n|-fail|p1b: Kingambit\n|\n|-weather|RainDance|[upkeep]\n|upkeep\n|turn|3\n|inactive|Migolazo04 has 30 seconds left.\n|inactive|zach eddie has 30 seconds left.\n|inactive|Migolazo04 has 20 seconds left.\n|inactive|Migolazo04 has 15 seconds left.\n|\n|t:|1775912679\n|move|p1b: Kingambit|Protect|p1b: Kingambit\n|-singleturn|p1b: Kingambit|Protect\n|move|p2a: Talonflame|Brave Bird|p1a: Pelipper\n|-damage|p1a: Pelipper|6/100\n|-damage|p2a: Talonflame|78/100|[from] Recoil\n|move|p1a: Pelipper|Muddy Water|p2b: Sylveon|[spread] p2a,p2b\n|-supereffective|p2a: Talonflame|1\n|-damage|p2a: Talonflame|0 fnt\n|-damage|p2b: Sylveon|0 fnt\n|faint|p2a: Talonflame\n|faint|p2b: Sylveon\n|\n|-weather|RainDance|[upkeep]\n|upkeep\n|\n|t:|1775912691\n|switch|p2a: Lucario|Lucario, L50, M|100/100\n|switch|p2b: Garchomp|Garchomp, L50, M|100/100\n|turn|4\n|inactive|Migolazo04 has 30 seconds left.\n|inactive|Migolazo04 has 20 seconds left.\n|inactive|Migolazo04 has 15 seconds left.\n|\n|t:|1775912732\n|switch|p1a: Sneasler|Sneasler, L50, M|26/100\n|move|p2b: Garchomp|Dragon Claw|p1a: Sneasler\n|-damage|p1a: Sneasler|0 fnt\n|faint|p1a: Sneasler\n|move|p2a: Lucario|Aura Sphere|p1b: Kingambit\n|-supereffective|p1b: Kingambit|2\n|-enditem|p1b: Kingambit|Chople Berry|[eat]\n|-enditem|p1b: Kingambit|Chople Berry|[weaken]\n|-damage|p1b: Kingambit|0 fnt\n|faint|p1b: Kingambit\n|\n|-weather|RainDance|[upkeep]\n|upkeep\n|\n|t:|1775912745\n|switch|p1a: Starmie|Starmie, L50|100/100\n|switch|p1b: Pelipper|Pelipper, L50, F|6/100\n|turn|5\n|inactive|Migolazo04 has 30 seconds left.\n|\n|t:|1775912778\n|detailschange|p2a: Lucario|Lucario-Mega, L50, M\n|-mega|p2a: Lucario|Lucario|Lucarionite\n|detailschange|p1a: Starmie|Starmie-Mega, L50\n|-mega|p1a: Starmie|Starmie|Starminite\n|move|p1a: Starmie|Protect|p1a: Starmie\n|-singleturn|p1a: Starmie|Protect\n|move|p2a: Lucario|Aura Sphere|p1b: Pelipper\n|-resisted|p1b: Pelipper|1\n|-crit|p1b: Pelipper\n|-damage|p1b: Pelipper|0 fnt\n|faint|p1b: Pelipper\n|move|p2b: Garchomp|Dragon Claw|p1a: Starmie\n|-activate|p1a: Starmie|move: Protect\n|\n|-weather|RainDance|[upkeep]\n|-sideend|p2: zach eddie|move: Tailwind\n|upkeep\n|turn|6\n|\n|t:|1775912797\n|move|p2a: Lucario|Detect|p2a: Lucario\n|-singleturn|p2a: Lucario|Protect\n|move|p2b: Garchomp|Protect|p2b: Garchomp\n|-singleturn|p2b: Garchomp|Protect\n|move|p1a: Starmie|Psycho Cut|p2a: Lucario\n|-activate|p2a: Lucario|move: Protect\n|\n|-weather|none\n|upkeep\n|turn|7\n|\n|t:|1775912810\n|move|p1a: Starmie|Psycho Cut|p2a: Lucario\n|-crit|p2a: Lucario\n|-damage|p2a: Lucario|0 fnt\n|faint|p2a: Lucario\n|move|p2b: Garchomp|Dragon Claw|p1a: Starmie\n|-crit|p1a: Starmie\n|-damage|p1a: Starmie|14/100\n|\n|upkeep\n|turn|8\n|\n|t:|1775912825\n|move|p1a: Starmie|Psycho Cut|p2b: Garchomp\n|-crit|p2b: Garchomp\n|-damage|p2b: Garchomp|15/100\n|move|p2b: Garchomp|Earthquake|p1a: Starmie\n|-damage|p1a: Starmie|0 fnt\n|faint|p1a: Starmie\n|\n|win|zach eddie\n|raw|Migolazo04's rating: 1104 &rarr; <strong>1077</strong><br />(-27 for losing)\n|raw|zach eddie's rating: 1075 &rarr; <strong>1106</strong><br />(+31 for winning)\n",
  "uploadtime": 1775912836,
  "views": 13,
  "formatid": "gen9championsvgc2026regma",
  "rating": 1077,
  "private": 0,
  "password": null
}