{
  "id": "gen9championsvgc2026regma-2588128378",
  "format": "[Gen 9 Champions] VGC 2026 Reg M-A",
  "players": [
    "Chiahk",
    "bendomexo100"
  ],
  "log": "|j|\u2606Chiahk\n|j|\u2606bendomexo100\n|t:|1776607266\n|gametype|doubles\n|player|p1|Chiahk|266|1110\n|player|p2|bendomexo100|ltsurge|1135\n|gen|9\n|tier|[Gen 9 Champions] VGC 2026 Reg M-A\n|rated|\n|rule|Species Clause: Limit one of each Pok\u00e9mon\n|rule|Item Clause: Limit 1 of each item\n|clearpoke\n|poke|p1|Beedrill, L50, F|\n|poke|p1|Sylveon, L50, M|\n|poke|p1|Kommo-o, L50, F|\n|poke|p1|Incineroar, L50, F|\n|poke|p1|Garchomp, L50, M|\n|poke|p1|Sinistcha, L50|\n|poke|p2|Clefable, L50, F|\n|poke|p2|Crabominable, L50, F|\n|poke|p2|Slowking-Galar, L50, F|\n|poke|p2|Farigiraf, L50, M|\n|poke|p2|Torkoal, L50, F|\n|poke|p2|Basculegion, L50, M|\n|teampreview|4\nChiahk rejected open team sheets.\n|inactive|Battle timer is ON: inactive players will automatically lose when time's up. (requested by Chiahk)\n|\n|t:|1776607301\n|teamsize|p1|4\n|teamsize|p2|4\n|start\n|switch|p1a: Beedrill|Beedrill, L50, F|100/100\n|switch|p1b: Sylveon|Sylveon, L50, M|100/100\n|switch|p2a: Slowking|Slowking-Galar, L50, F|100/100\n|switch|p2b: Basculegion|Basculegion, L50, M|100/100\n|turn|1\n|inactive|Chiahk has 30 seconds left.\n|\n|t:|1776607332\n|detailschange|p1a: Beedrill|Beedrill-Mega, L50, F\n|-mega|p1a: Beedrill|Beedrill|Beedrillite\n|move|p1a: Beedrill|U-turn|p2a: Slowking\n|-damage|p2a: Slowking|63/100\n|\n|t:|1776607339\n|switch|p1a: Sinistcha|Sinistcha, L50|100/100|[from] U-turn\n|move|p2b: Basculegion|Wave Crash|p1a: Sinistcha\n|-resisted|p1a: Sinistcha|1\n|-damage|p1a: Sinistcha|64/100\n|-damage|p2b: Basculegion|90/100|[from] Recoil\n|move|p1b: Sylveon|Hyper Voice|p2a: Slowking|[spread] p2a,p2b\n|-resisted|p2a: Slowking|1\n|-damage|p2a: Slowking|44/100\n|-damage|p2b: Basculegion|30/100\n|move|p2a: Slowking|Trick Room|p2a: Slowking\n|-fieldstart|move: Trick Room|[of] p2a: Slowking\n|\n|upkeep\n|turn|2\n|inactive|Chiahk has 30 seconds left.\n|inactive|Chiahk has 20 seconds left.\n|inactive|bendomexo100 has 30 seconds left.\n|inactive|bendomexo100 has 20 seconds left.\n|inactive|bendomexo100 has 15 seconds left.\n|inactive|bendomexo100 has 10 seconds left.\n|inactive|bendomexo100 has 5 seconds left.\n|\n|t:|1776607400\n|move|p1b: Sylveon|Protect|p1b: Sylveon\n|-singleturn|p1b: Sylveon|Protect\n|-prepare|p2a: Slowking|Chilly Reception|[premajor]\n|move|p2a: Slowking|Chilly Reception|p2a: Slowking\n|-weather|Snowscape\n|\n|t:|1776607406\n|switch|p2a: Crabominable|Crabominable, L50, F|100/100|[from] Chilly Reception\n|move|p1a: Sinistcha|Matcha Gotcha|p2b: Basculegion|[spread] p2a,p2b\n|-supereffective|p2b: Basculegion|1\n|-damage|p2a: Crabominable|71/100\n|-heal|p1a: Sinistcha|81/100|[from] drain|[of] p2a: Crabominable\n|-damage|p2b: Basculegion|0 fnt\n|-heal|p1a: Sinistcha|98/100|[from] drain|[of] p2b: Basculegion\n|faint|p2b: Basculegion\n|\n|-weather|Snowscape|[upkeep]\n|upkeep\n|\n|t:|1776607411\n|switch|p2b: Clefable|Clefable, L50, F|100/100\n|turn|3\n|inactive|Chiahk has 30 seconds left.\n|\n|t:|1776607446\n|detailschange|p2a: Crabominable|Crabominable-Mega, L50, F\n|-mega|p2a: Crabominable|Crabominable|Crabominite\n|move|p2a: Crabominable|Ice Hammer|p1b: Sylveon|[miss]\n|-miss|p2a: Crabominable|p1b: Sylveon\n|move|p2b: Clefable|Encore|p1b: Sylveon\n|-start|p1b: Sylveon|Encore\n|move|p1b: Sylveon|Protect|p1b: Sylveon\n|-singleturn|p1b: Sylveon|Protect\n|move|p1a: Sinistcha|Matcha Gotcha|p2b: Clefable|[spread] p2a,p2b\n|-crit|p2b: Clefable\n|-damage|p2a: Crabominable|50/100\n|-heal|p1a: Sinistcha|100/100|[from] drain|[of] p2a: Crabominable\n|-damage|p2b: Clefable|65/100\n|\n|-weather|Snowscape|[upkeep]\n|-heal|p2b: Clefable|71/100|[from] item: Leftovers\n|upkeep\n|turn|4\n|\n|t:|1776607467\n|switch|p2b: Slowking|Slowking-Galar, L50, F|77/100\n|move|p1b: Sylveon|Protect||[still]\n|-fail|p1b: Sylveon\n|move|p2a: Crabominable|Ice Hammer|p1b: Sylveon\n|-damage|p1b: Sylveon|0 fnt\n|-unboost|p2a: Crabominable|spe|1\n|faint|p1b: Sylveon\n|move|p1a: Sinistcha|Matcha Gotcha|p2b: Slowking|[spread] p2a,p2b\n|-resisted|p2b: Slowking|1\n|-crit|p2b: Slowking\n|-damage|p2a: Crabominable|30/100\n|-damage|p2b: Slowking|61/100\n|-status|p2b: Slowking|brn\n|\n|-weather|Snowscape|[upkeep]\n|-damage|p2b: Slowking|55/100 brn|[from] brn\n|upkeep\n|\n|t:|1776607491\n|switch|p1b: Beedrill|Beedrill-Mega, L50, F|100/100\n|turn|5\n|inactive|bendomexo100 has 30 seconds left.\n|\n|t:|1776607522\n|move|p1b: Beedrill|Protect|p1b: Beedrill\n|-singleturn|p1b: Beedrill|Protect\n|move|p2a: Crabominable|Ice Hammer|p1b: Beedrill\n|-activate|p1b: Beedrill|move: Protect\n|move|p2b: Slowking|Future Sight|p1a: Sinistcha\n|-start|p2b: Slowking|move: Future Sight\n|move|p1a: Sinistcha|Matcha Gotcha|p2b: Slowking|[spread] p2b\n|-miss|p1a: Sinistcha|p2a: Crabominable\n|-resisted|p2b: Slowking|1\n|-damage|p2b: Slowking|46/100 brn\n|\n|-weather|Snowscape|[upkeep]\n|-damage|p2b: Slowking|40/100 brn|[from] brn\n|-fieldend|move: Trick Room\n|upkeep\n|turn|6\n|inactive|Chiahk has 30 seconds left.\n|inactive|Chiahk has 20 seconds left.\n|\n|t:|1776607559\n|switch|p2b: Clefable|Clefable, L50, F|71/100\n|move|p2a: Crabominable|Protect|p2a: Crabominable\n|-singleturn|p2a: Crabominable|Protect\n|move|p1b: Beedrill|U-turn|p2b: Clefable\n|-resisted|p2b: Clefable|1\n|-damage|p2b: Clefable|51/100\n|\n|t:|1776607567\n|switch|p1b: Kommo-o|Kommo-o, L50, F|100/100|[from] U-turn\n|move|p1a: Sinistcha|Matcha Gotcha|p2a: Crabominable|[spread] p2b\n|-activate|p2a: Crabominable|move: Protect\n|-damage|p2b: Clefable|29/100\n|\n|-weather|none\n|-heal|p2b: Clefable|35/100|[from] item: Leftovers\n|upkeep\n|turn|7\n|inactive|Chiahk has 30 seconds left.\n|inactive|bendomexo100 has 30 seconds left.\n|inactive|bendomexo100 has 20 seconds left.\n|inactive|bendomexo100 has 15 seconds left.\n|\n|t:|1776607610\n|switch|p2a: Slowking|Slowking-Galar, L50, F|73/100 brn\n|move|p1b: Kommo-o|Clangorous Soul|p1b: Kommo-o\n|-boost|p1b: Kommo-o|atk|1\n|-boost|p1b: Kommo-o|def|1\n|-boost|p1b: Kommo-o|spa|1\n|-boost|p1b: Kommo-o|spd|1\n|-boost|p1b: Kommo-o|spe|1\n|-damage|p1b: Kommo-o|68/100\n|move|p1a: Sinistcha|Matcha Gotcha|p2b: Clefable|[spread] p2a,p2b\n|-resisted|p2a: Slowking|1\n|-damage|p2a: Slowking|63/100 brn\n|-damage|p2b: Clefable|12/100\n|move|p2b: Clefable|Moonblast|p1b: Kommo-o\n|-supereffective|p1b: Kommo-o|2\n|-damage|p1b: Kommo-o|0 fnt\n|faint|p1b: Kommo-o\n|\n|-end|p1a: Sinistcha|move: Future Sight\n|-damage|p1a: Sinistcha|53/100\n|-heal|p2b: Clefable|18/100|[from] item: Leftovers\n|-damage|p2a: Slowking|57/100 brn|[from] brn\n|upkeep\n|\n|t:|1776607627\n|switch|p1b: Beedrill|Beedrill-Mega, L50, F|100/100\n|turn|8\n|\n|t:|1776607650\n|move|p1a: Sinistcha|Protect|p1a: Sinistcha\n|-singleturn|p1a: Sinistcha|Protect\n|move|p2b: Clefable|Follow Me|p2b: Clefable\n|-singleturn|p2b: Clefable|move: Follow Me\n|move|p1b: Beedrill|Poison Jab|p2b: Clefable\n|-supereffective|p2b: Clefable|1\n|-damage|p2b: Clefable|0 fnt\n|faint|p2b: Clefable\n|move|p2a: Slowking|Trick Room|p2a: Slowking\n|-fieldstart|move: Trick Room|[of] p2a: Slowking\n|\n|-damage|p2a: Slowking|51/100 brn|[from] brn\n|upkeep\n|\n|t:|1776607659\n|switch|p2b: Crabominable|Crabominable-Mega, L50, F|30/100\n|turn|9\n|inactive|bendomexo100 has 30 seconds left.\n|\n|t:|1776607684\n|move|p2a: Slowking|Sludge Bomb|p1a: Sinistcha\n|-damage|p1a: Sinistcha|20/100\n|move|p2b: Crabominable|Ice Hammer|p1b: Beedrill|[miss]\n|-miss|p2b: Crabominable|p1b: Beedrill\n|move|p1a: Sinistcha|Matcha Gotcha|p2b: Crabominable|[spread] p2a\n|-miss|p1a: Sinistcha|p2b: Crabominable\n|-resisted|p2a: Slowking|1\n|-damage|p2a: Slowking|43/100 brn\n|-heal|p1a: Sinistcha|25/100|[from] drain|[of] p2a: Slowking\n|move|p1b: Beedrill|U-turn|p2a: Slowking\n|-damage|p2a: Slowking|4/100 brn\n|\n|-damage|p2a: Slowking|0 fnt|[from] brn\n|faint|p2a: Slowking\n|upkeep\n|turn|10\n|\n|t:|1776607702\n|move|p2b: Crabominable|Ice Hammer|p1b: Beedrill|[miss]\n|-miss|p2b: Crabominable|p1b: Beedrill\n|move|p1a: Sinistcha|Matcha Gotcha|p2b: Crabominable\n|-damage|p2b: Crabominable|4/100\n|-heal|p1a: Sinistcha|40/100|[from] drain|[of] p2b: Crabominable\n|move|p1b: Beedrill|Poison Jab|p2b: Crabominable\n|-damage|p2b: Crabominable|0 fnt\n|faint|p2b: Crabominable\n|\n|win|Chiahk\n|raw|Chiahk's rating: 1110 &rarr; <strong>1137</strong><br />(+27 for winning)\n|raw|bendomexo100's rating: 1135 &rarr; <strong>1108</strong><br />(-27 for losing)\n|c|\u2606bendomexo100|youre joking\n|c|\u2606bendomexo100|gg\n|c|\u2606bendomexo100|1/100 to lose\n",
  "uploadtime": 1776607735,
  "views": 12,
  "formatid": "gen9championsvgc2026regma",
  "rating": 1108,
  "private": 0,
  "password": null
}