{
  "id": "gen9championsvgc2026regma-2586344776",
  "format": "[Gen 9 Champions] VGC 2026 Reg M-A",
  "players": [
    "zacharyalt451",
    "blog2"
  ],
  "log": "|j|\u2606zacharyalt451\n|j|\u2606blog2\n|t:|1776427293\n|gametype|doubles\n|player|p1|zacharyalt451|102|1050\n|player|p2|blog2|2|1067\n|gen|9\n|tier|[Gen 9 Champions] VGC 2026 Reg M-A\n|rated|\n|rule|Species Clause: Limit one of each Pok\u00e9mon\n|rule|Item Clause: Limit 1 of each item\n|clearpoke\n|poke|p1|Whimsicott, L50, M|\n|poke|p1|Garchomp, L50, M|\n|poke|p1|Froslass, L50, F|\n|poke|p1|Volcarona, L50, M|\n|poke|p1|Tsareena, L50, F|\n|poke|p1|Rotom-Wash, L50|\n|poke|p2|Dragonite, L50, M|\n|poke|p2|Sneasler, L50, M|\n|poke|p2|Sinistcha, L50|\n|poke|p2|Tinkaton, L50, F|\n|poke|p2|Krookodile, L50, F|\n|poke|p2|Greninja-*, L50, F|\n|teampreview|4\n|inactive|Battle timer is ON: inactive players will automatically lose when time's up. (requested by zacharyalt451)\n|\n|t:|1776427317\n|teamsize|p1|4\n|teamsize|p2|4\n|start\n|switch|p1a: Tsareena|Tsareena, L50, F|100/100\n|switch|p1b: Whimsicott|Whimsicott, L50, M|100/100\n|switch|p2a: Tinkaton|Tinkaton, L50, F|100/100\n|switch|p2b: Dragonite|Dragonite, L50, M|100/100\n|turn|1\n|\n|t:|1776427330\n|detailschange|p2b: Dragonite|Dragonite-Mega, L50, M\n|-mega|p2b: Dragonite|Dragonite|Dragoninite\n|move|p2a: Tinkaton|Fake Out||[still]\n|cant|p1a: Tsareena|ability: Queenly Majesty|Fake Out|[of] p2a: Tinkaton\n|move|p1b: Whimsicott|Tailwind|p1b: Whimsicott\n|-sidestart|p1: zacharyalt451|move: Tailwind\n|move|p1a: Tsareena|Triple Axel|p2b: Dragonite\n|-supereffective|p2b: Dragonite|2\n|-damage|p2b: Dragonite|87/100\n|-supereffective|p2b: Dragonite|2\n|-damage|p2b: Dragonite|37/100\n|-hitcount|p2b: Dragonite|2\n|move|p2b: Dragonite|Flamethrower|p1b: Whimsicott\n|-supereffective|p1b: Whimsicott|1\n|-enditem|p1b: Whimsicott|Focus Sash\n|-damage|p1b: Whimsicott|1/100\n|\n|upkeep\n|turn|2\n|inactive|zacharyalt451 has 30 seconds left.\n|inactive|blog2 has 30 seconds left.\n|\n|t:|1776427360\n|move|p2b: Dragonite|Protect|p2b: Dragonite\n|-singleturn|p2b: Dragonite|Protect\n|move|p1b: Whimsicott|Encore|p2a: Tinkaton\n|-start|p2a: Tinkaton|Encore\n|move|p2a: Tinkaton|Fake Out||[still]\n|cant|p1a: Tsareena|ability: Queenly Majesty|Fake Out|[of] p2a: Tinkaton\n|move|p1a: Tsareena|Triple Axel|p2b: Dragonite\n|-activate|p2b: Dragonite|move: Protect\n|\n|upkeep\n|turn|3\n|l|\u2606blog2\n|inactive|blog2 disconnected and has a minute to reconnect!\n|player|p2|\n|inactive|blog2 has 30 seconds left.\n|j|\u2606blog2\n|inactive|blog2 reconnected and has 25 seconds left.\n|player|p2|blog2|2|\n|inactive|blog2 has 20 seconds left.\n|inactive|blog2 has 15 seconds left.\n|inactive|blog2 has 10 seconds left.\n|\n|t:|1776427407\n|switch|p1b: Froslass|Froslass, L50, F|100/100\n|switch|p2b: Greninja|Greninja, L50, F, shiny|100/100\n|switch|p2a: Sinistcha|Sinistcha, L50|100/100\n|move|p1a: Tsareena|Triple Axel|p2b: Greninja\n|-resisted|p2b: Greninja|1\n|-damage|p2b: Greninja|94/100\n|-resisted|p2b: Greninja|1\n|-damage|p2b: Greninja|81/100\n|-resisted|p2b: Greninja|1\n|-damage|p2b: Greninja|62/100\n|-hitcount|p2b: Greninja|3\n|\n|upkeep\n|turn|4\n|\n|t:|1776427431\n|detailschange|p1b: Froslass|Froslass-Mega, L50, F\n|-mega|p1b: Froslass|Froslass|Froslassite\n|-weather|Snowscape|[from] ability: Snow Warning|[of] p1b: Froslass\n|move|p1b: Froslass|Shadow Ball|p2b: Greninja\n|-resisted|p2b: Greninja|1\n|-damage|p2b: Greninja|26/100\n|move|p1a: Tsareena|Triple Axel|p2a: Sinistcha\n|-supereffective|p2a: Sinistcha|1\n|-damage|p2a: Sinistcha|87/100\n|-supereffective|p2a: Sinistcha|1\n|-damage|p2a: Sinistcha|60/100\n|-supereffective|p2a: Sinistcha|1\n|-damage|p2a: Sinistcha|17/100\n|-hitcount|p2a: Sinistcha|3\n|move|p2b: Greninja|Icy Wind|p1b: Froslass|[spread] p1a,p1b\n|-start|p2b: Greninja|typechange|Ice|[from] ability: Protean\n|-supereffective|p1a: Tsareena|1\n|-crit|p1a: Tsareena\n|-resisted|p1b: Froslass|1\n|-damage|p1a: Tsareena|20/100\n|-damage|p1b: Froslass|88/100\n|-unboost|p1a: Tsareena|spe|1\n|-unboost|p1b: Froslass|spe|1\n|move|p2a: Sinistcha|Matcha Gotcha|p1b: Froslass|[spread] p1a,p1b\n|-resisted|p1a: Tsareena|1\n|-damage|p1a: Tsareena|4/100\n|-heal|p2a: Sinistcha|24/100|[from] drain|[of] p1a: Tsareena\n|-damage|p1b: Froslass|55/100\n|-heal|p2a: Sinistcha|38/100|[from] drain|[of] p1b: Froslass\n|-status|p1b: Froslass|brn\n|\n|-weather|Snowscape|[upkeep]\n|-heal|p2a: Sinistcha|44/100|[from] item: Leftovers\n|-damage|p1b: Froslass|49/100 brn|[from] brn\n|-sideend|p1: zacharyalt451|move: Tailwind\n|upkeep\n|turn|5\n|inactive|zacharyalt451 has 30 seconds left.\n|inactive|blog2 has 30 seconds left.\n|inactive|blog2 has 20 seconds left.\n|inactive|blog2 has 15 seconds left.\n|\n|t:|1776427471\n|switch|p2a: Tinkaton|Tinkaton, L50, F|100/100\n|move|p1b: Froslass|Protect|p1b: Froslass\n|-singleturn|p1b: Froslass|Protect\n|move|p2b: Greninja|Icy Wind|p1b: Froslass|[spread] p1a\n|-activate|p1b: Froslass|move: Protect\n|-supereffective|p1a: Tsareena|1\n|-damage|p1a: Tsareena|0 fnt\n|faint|p1a: Tsareena\n|\n|-weather|Snowscape|[upkeep]\n|-damage|p1b: Froslass|43/100 brn|[from] brn\n|upkeep\n|\n|t:|1776427480\n|switch|p1a: Whimsicott|Whimsicott, L50, M|1/100\n|turn|6\n|\n|t:|1776427496\n|move|p2a: Tinkaton|Fake Out|p1a: Whimsicott\n|-damage|p1a: Whimsicott|0 fnt\n|faint|p1a: Whimsicott\n|move|p2b: Greninja|Dark Pulse|p1b: Froslass\n|-supereffective|p1b: Froslass|1\n|-damage|p1b: Froslass|0 fnt\n|faint|p1b: Froslass\n|\n|-weather|Snowscape|[upkeep]\n|upkeep\n|\n|t:|1776427499\n|switch|p1b: Garchomp|Garchomp, L50, M|100/100\n|turn|7\n|\n|t:|1776427505\n|move|p2b: Greninja|Icy Wind|p1b: Garchomp\n|-supereffective|p1b: Garchomp|2\n|-damage|p1b: Garchomp|0 fnt\n|faint|p1b: Garchomp\n|\n|win|blog2\n|raw|zacharyalt451's rating: 1050 &rarr; <strong>1033</strong><br />(-17 for losing)\n|raw|blog2's rating: 1067 &rarr; <strong>1095</strong><br />(+28 for winning)\n|c|\u2606zacharyalt451|Gg\n|c|\u2606blog2|gg\n|l|\u2606zacharyalt451\n|player|p1|\n",
  "uploadtime": 1776427564,
  "views": 25,
  "formatid": "gen9championsvgc2026regma",
  "rating": 1033,
  "private": 0,
  "password": null
}