{
  "id": "gen9championsvgc2026regma-2581774798",
  "format": "[Gen 9 Champions] VGC 2026 Reg M-A",
  "players": [
    "zizoudz",
    "Plaweh"
  ],
  "log": "|j|\u2606zizoudz\n|j|\u2606Plaweh\n|t:|1776027397\n|gametype|doubles\n|player|p1|zizoudz|zinnia|1084\n|player|p2|Plaweh|elesa|1029\n|gen|9\n|tier|[Gen 9 Champions] VGC 2026 Reg M-A\n|rated|\n|rule|Species Clause: Limit one of each Pok\u00e9mon\n|rule|Item Clause: Limit 1 of each item\n|clearpoke\n|poke|p1|Excadrill, L50, M|\n|poke|p1|Tyranitar, L50, F|\n|poke|p1|Garchomp, L50, M|\n|poke|p1|Corviknight, L50, F|\n|poke|p1|Gyarados, L50, F|\n|poke|p1|Sinistcha, L50|\n|poke|p2|Basculegion, L50, M|\n|poke|p2|Pelipper, L50, F|\n|poke|p2|Archaludon, L50, F|\n|poke|p2|Incineroar, L50, F|\n|poke|p2|Venusaur, L50, F|\n|poke|p2|Farigiraf, L50, M|\n|teampreview|4\n|inactive|Battle timer is ON: inactive players will automatically lose when time's up. (requested by zizoudz)\n|\n|t:|1776027418\n|teamsize|p1|4\n|teamsize|p2|4\n|start\n|switch|p1a: Tyranitar|Tyranitar, L50, F|100/100\n|switch|p1b: Excadrill|Excadrill, L50, M|100/100\n|switch|p2a: Incineroar|Incineroar, L50, F|100/100\n|switch|p2b: Archaludon|Archaludon, L50, F|100/100\n|-weather|Sandstorm|[from] ability: Sand Stream|[of] p1a: Tyranitar\n|-ability|p2a: Incineroar|Intimidate|boost\n|-unboost|p1a: Tyranitar|atk|1\n|-unboost|p1b: Excadrill|atk|1\n|turn|1\n|\n|t:|1776027440\n|switch|p1b: Sinistcha|Sinistcha, L50|100/100\n|switch|p1a: Garchomp|Garchomp, L50, M|100/100\n|move|p2a: Incineroar|Fake Out|p1b: Sinistcha\n|-immune|p1b: Sinistcha\n|move|p2b: Archaludon|Flash Cannon|p1a: Garchomp|[miss]\n|-miss|p2b: Archaludon|p1a: Garchomp\n|\n|-weather|Sandstorm|[upkeep]\n|-damage|p1b: Sinistcha|94/100|[from] Sandstorm\n|-damage|p2a: Incineroar|95/100|[from] Sandstorm\n|upkeep\n|turn|2\n|inactive|zizoudz has 30 seconds left.\n|inactive|Plaweh has 30 seconds left.\n|\n|t:|1776027471\n|move|p1b: Sinistcha|Rage Powder|p1b: Sinistcha\n|-singleturn|p1b: Sinistcha|move: Rage Powder\n|move|p1a: Garchomp|Earthquake|p2a: Incineroar|[spread] p1b,p2a,p2b\n|-resisted|p1b: Sinistcha|1\n|-supereffective|p2a: Incineroar|1\n|-supereffective|p2b: Archaludon|1\n|-damage|p1b: Sinistcha|76/100\n|-damage|p2a: Incineroar|43/100\n|-damage|p2b: Archaludon|42/100\n|-ability|p2b: Archaludon|Stamina|boost\n|-boost|p2b: Archaludon|def|1\n|-enditem|p2a: Incineroar|Sitrus Berry|[eat]\n|-heal|p2a: Incineroar|68/100|[from] item: Sitrus Berry\n|move|p2b: Archaludon|Flash Cannon|p1b: Sinistcha\n|-damage|p1b: Sinistcha|27/100\n|-enditem|p1b: Sinistcha|Sitrus Berry|[eat]\n|-heal|p1b: Sinistcha|52/100|[from] item: Sitrus Berry\n|move|p2a: Incineroar|Parting Shot|p1b: Sinistcha\n|-unboost|p1b: Sinistcha|atk|1\n|-unboost|p1b: Sinistcha|spa|1\n|\n|t:|1776027489\n|switch|p2a: Pelipper|Pelipper, L50, F|100/100|[from] Parting Shot\n|-weather|RainDance|[from] ability: Drizzle|[of] p2a: Pelipper\n|\n|-weather|RainDance|[upkeep]\n|upkeep\n|turn|3\n|\n|t:|1776027513\n|switch|p1a: Tyranitar|Tyranitar, L50, F|100/100\n|-weather|Sandstorm|[from] ability: Sand Stream|[of] p1a: Tyranitar\n|move|p1b: Sinistcha|Rage Powder|p1b: Sinistcha\n|-singleturn|p1b: Sinistcha|move: Rage Powder\n|move|p2a: Pelipper|Hurricane|p1b: Sinistcha\n|-supereffective|p1b: Sinistcha|1\n|-damage|p1b: Sinistcha|0 fnt\n|faint|p1b: Sinistcha\n|move|p2b: Archaludon|Dragon Pulse|p1a: Tyranitar\n|-damage|p1a: Tyranitar|72/100\n|\n|-weather|Sandstorm|[upkeep]\n|-damage|p2a: Pelipper|95/100|[from] Sandstorm\n|upkeep\n|\n|t:|1776027530\n|switch|p1b: Garchomp|Garchomp, L50, M|100/100\n|turn|4\n|\n|t:|1776027549\n|switch|p2a: Incineroar|Incineroar, L50, F|68/100\n|-ability|p2a: Incineroar|Intimidate|boost\n|-unboost|p1a: Tyranitar|atk|1\n|-unboost|p1b: Garchomp|atk|1\n|detailschange|p1a: Tyranitar|Tyranitar-Mega, L50, F\n|-mega|p1a: Tyranitar|Tyranitar|Tyranitarite\n|move|p1b: Garchomp|Dragon Claw|p2b: Archaludon\n|-damage|p2b: Archaludon|29/100\n|-ability|p2b: Archaludon|Stamina|boost\n|-boost|p2b: Archaludon|def|1\n|move|p2b: Archaludon|Dragon Pulse|p1b: Garchomp\n|-supereffective|p1b: Garchomp|1\n|-damage|p1b: Garchomp|1/100\n|move|p1a: Tyranitar|Rock Slide|p2a: Incineroar|[spread] p2a\n|-miss|p1a: Tyranitar|p2b: Archaludon\n|-supereffective|p2a: Incineroar|1\n|-damage|p2a: Incineroar|35/100\n|\n|-weather|Sandstorm|[upkeep]\n|-damage|p2a: Incineroar|29/100|[from] Sandstorm\n|upkeep\n|turn|5\n|inactive|Plaweh has 30 seconds left.\n|\n|t:|1776027578\n|move|p1b: Garchomp|Protect|p1b: Garchomp\n|-singleturn|p1b: Garchomp|Protect\n|move|p2a: Incineroar|Fake Out|p1b: Garchomp\n|-activate|p1b: Garchomp|move: Protect\n|move|p2b: Archaludon|Flash Cannon|p1a: Tyranitar\n|-supereffective|p1a: Tyranitar|1\n|-damage|p1a: Tyranitar|17/100\n|move|p1a: Tyranitar|Rock Slide|p2b: Archaludon|[spread] p2a,p2b\n|-supereffective|p2a: Incineroar|1\n|-crit|p2a: Incineroar\n|-resisted|p2b: Archaludon|1\n|-damage|p2a: Incineroar|0 fnt\n|-damage|p2b: Archaludon|25/100\n|-ability|p2b: Archaludon|Stamina|boost\n|-boost|p2b: Archaludon|def|1\n|faint|p2a: Incineroar\n|\n|-weather|Sandstorm|[upkeep]\n|upkeep\n|\n|t:|1776027592\n|switch|p2a: Pelipper|Pelipper, L50, F|95/100\n|-weather|RainDance|[from] ability: Drizzle|[of] p2a: Pelipper\n|turn|6\n|\n|t:|1776027615\n|switch|p1a: Excadrill|Excadrill, L50, M|100/100\n|move|p1b: Garchomp|Rock Slide|p2a: Pelipper|[spread] p2b\n|-miss|p1b: Garchomp|p2a: Pelipper\n|-resisted|p2b: Archaludon|1\n|-damage|p2b: Archaludon|23/100\n|-ability|p2b: Archaludon|Stamina|boost\n|-boost|p2b: Archaludon|def|1\n|move|p2a: Pelipper|Chilling Water|p1a: Excadrill\n|-supereffective|p1a: Excadrill|1\n|-damage|p1a: Excadrill|29/100\n|-unboost|p1a: Excadrill|atk|1\n|move|p2b: Archaludon|Dragon Pulse|p1b: Garchomp|[miss]\n|-miss|p2b: Archaludon|p1b: Garchomp\n|\n|-weather|RainDance|[upkeep]\n|upkeep\n|turn|7\n|inactive|Plaweh has 30 seconds left.\n|\n|t:|1776027642\n|switch|p1b: Tyranitar|Tyranitar-Mega, L50, F|17/100\n|-weather|Sandstorm|[from] ability: Sand Stream|[of] p1b: Tyranitar\n|move|p1a: Excadrill|Rock Slide|p2a: Pelipper|[spread] p2b\n|-miss|p1a: Excadrill|p2a: Pelipper\n|-resisted|p2b: Archaludon|1\n|-damage|p2b: Archaludon|21/100\n|-ability|p2b: Archaludon|Stamina|boost\n|-boost|p2b: Archaludon|def|1\n|move|p2a: Pelipper|Chilling Water|p1a: Excadrill\n|-supereffective|p1a: Excadrill|1\n|-crit|p1a: Excadrill\n|-damage|p1a: Excadrill|0 fnt\n|faint|p1a: Excadrill\n|move|p2b: Archaludon|Dragon Pulse|p1b: Tyranitar\n|-damage|p1b: Tyranitar|0 fnt\n|faint|p1b: Tyranitar\n|\n|-weather|Sandstorm|[upkeep]\n|-damage|p2a: Pelipper|89/100|[from] Sandstorm\n|upkeep\n|-message|zizoudz forfeited.\n|\n|win|Plaweh\n|raw|zizoudz's rating: 1084 &rarr; <strong>1058</strong><br />(-26 for losing)\n|raw|Plaweh's rating: 1029 &rarr; <strong>1070</strong><br />(+41 for winning)\n|l|\u2606zizoudz\n|player|p1|\n",
  "uploadtime": 1776027663,
  "views": 12,
  "formatid": "gen9championsvgc2026regma",
  "rating": 1058,
  "private": 0,
  "password": null
}