{
  "id": "gen9championsvgc2026regma-2586813849",
  "format": "[Gen 9 Champions] VGC 2026 Reg M-A",
  "players": [
    "BM_bryka",
    "regufe"
  ],
  "log": "|j|\u2606BM_bryka\n|j|\u2606regufe\n|t:|1776462059\n|gametype|doubles\n|player|p1|BM_bryka|hilbert-wonderlauncher|1139\n|player|p2|regufe|pokemonbreeder|1181\n|gen|9\n|tier|[Gen 9 Champions] VGC 2026 Reg M-A\n|rated|\n|rule|Species Clause: Limit one of each Pok\u00e9mon\n|rule|Item Clause: Limit 1 of each item\n|clearpoke\n|poke|p1|Charizard, L50, M|\n|poke|p1|Ninetales-Alola, L50, F|\n|poke|p1|Kingambit, L50, M|\n|poke|p1|Milotic, L50, F|\n|poke|p1|Sinistcha-Masterpiece, L50|\n|poke|p1|Sneasler, L50, F|\n|poke|p2|Lopunny, L50, F|\n|poke|p2|Basculegion, L50, M|\n|poke|p2|Zoroark-Hisui, L50, F|\n|poke|p2|Gardevoir, L50, F|\n|poke|p2|Aerodactyl, L50, F|\n|poke|p2|Meowscarada, L50, F|\n|teampreview|4\n|inactive|Battle timer is ON: inactive players will automatically lose when time's up. (requested by BM_bryka)\nBM_bryka rejected open team sheets.\n|\n|t:|1776462105\n|teamsize|p1|4\n|teamsize|p2|4\n|start\n|switch|p1a: Charizard|Charizard, L50, M|100/100\n|switch|p1b: Sneasler|Sneasler, L50, F, shiny|100/100\n|switch|p2a: Basculegion|Basculegion, L50, M|100/100\n|switch|p2b: Lopunny|Lopunny, L50, F|100/100\n|turn|1\n|\n|t:|1776462124\n|detailschange|p1a: Charizard|Charizard-Mega-X, L50, M\n|-mega|p1a: Charizard|Charizard|Charizardite X\n|move|p1a: Charizard|Protect|p1a: Charizard\n|-singleturn|p1a: Charizard|Protect\n|move|p2a: Basculegion|Wave Crash|p1a: Charizard\n|-activate|p1a: Charizard|move: Protect\n|move|p2b: Lopunny|Hyper Voice|p1b: Sneasler|[spread] p1b\n|-activate|p1a: Charizard|move: Protect\n|-damage|p1b: Sneasler|40/100\n|move|p1b: Sneasler|Coaching|p1a: Charizard\n|-boost|p1a: Charizard|atk|1\n|-boost|p1a: Charizard|def|1\n|\n|upkeep\n|turn|2\n|inactive|regufe has 30 seconds left.\n|\n|t:|1776462158\n|move|p2a: Basculegion|Wave Crash|p1a: Charizard\n|-damage|p1a: Charizard|52/100\n|-damage|p2a: Basculegion|86/100|[from] Recoil\n|move|p2b: Lopunny|Hyper Voice|p1b: Sneasler|[spread] p1a,p1b\n|-damage|p1a: Charizard|7/100\n|-damage|p1b: Sneasler|0 fnt\n|faint|p1b: Sneasler\n|move|p1a: Charizard|Dragon Dance|p1a: Charizard\n|-boost|p1a: Charizard|atk|1\n|-boost|p1a: Charizard|spe|1\n|\n|upkeep\n|\n|t:|1776462162\n|switch|p1b: Sinistcha|Sinistcha-Masterpiece, L50|100/100\n|-heal|p1a: Charizard|32/100|[from] ability: Hospitality|[of] p1b: Sinistcha\n|turn|3\n|inactive|regufe has 30 seconds left.\n|inactive|regufe has 20 seconds left.\n|\n|t:|1776462201\n|move|p1a: Charizard|Protect|p1a: Charizard\n|-singleturn|p1a: Charizard|Protect\n|move|p2a: Basculegion|Wave Crash|p1b: Sinistcha\n|-resisted|p1b: Sinistcha|1\n|-damage|p1b: Sinistcha|64/100\n|-damage|p2a: Basculegion|76/100|[from] Recoil\n|move|p2b: Lopunny|Hyper Voice|p1a: Charizard|[spread] \n|-activate|p1a: Charizard|move: Protect\n|-immune|p1b: Sinistcha\n|move|p1b: Sinistcha|Life Dew|p1b: Sinistcha|[spread] p1a,p1b\n|-heal|p1a: Charizard|57/100\n|-heal|p1b: Sinistcha|89/100\n|\n|upkeep\n|turn|4\n|inactive|regufe has 30 seconds left.\n|\n|t:|1776462234\n|move|p1a: Charizard|Breaking Swipe|p2a: Basculegion|[spread] p2a,p2b\n|-damage|p2a: Basculegion|12/100\n|-damage|p2b: Lopunny|0 fnt\n|-unboost|p2a: Basculegion|atk|1\n|replace|p2b: Zoroark|Zoroark-Hisui, L50, F\n|-end|p2b: Zoroark|Illusion\n|faint|p2b: Zoroark\n|move|p2a: Basculegion|Wave Crash|p1a: Charizard\n|-damage|p1a: Charizard|28/100\n|-damage|p2a: Basculegion|4/100|[from] Recoil\n|move|p1b: Sinistcha|Life Dew|p1b: Sinistcha|[spread] p1a,p1b\n|-heal|p1a: Charizard|53/100\n|-heal|p1b: Sinistcha|100/100\n|\n|upkeep\n|\n|t:|1776462250\n|switch|p2b: Lopunny|Lopunny, L50, F|100/100\n|turn|5\n|\n|t:|1776462255\n|detailschange|p2b: Lopunny|Lopunny-Mega, L50, F\n|-mega|p2b: Lopunny|Lopunny|Lopunnite\n|move|p1a: Charizard|Protect|p1a: Charizard\n|-singleturn|p1a: Charizard|Protect\n|move|p2b: Lopunny|Fake Out|p1a: Charizard\n|-activate|p1a: Charizard|move: Protect\n|move|p2a: Basculegion|Wave Crash|p1a: Charizard\n|-activate|p1a: Charizard|move: Protect\n|move|p1b: Sinistcha|Life Dew||[still]|[spread] p1a,p1b\n|-heal|p1a: Charizard|78/100\n|-fail|p1b: Sinistcha|heal\n|\n|upkeep\n|turn|6\n|inactive|regufe has 30 seconds left.\n|\n|t:|1776462287\n|switch|p2a: Meowscarada|Meowscarada, L50, F|100/100\n|move|p1b: Sinistcha|Rage Powder|p1b: Sinistcha\n|-singleturn|p1b: Sinistcha|move: Rage Powder\n|move|p1a: Charizard|Breaking Swipe|p2a: Meowscarada|[spread] p2a,p2b\n|-damage|p2a: Meowscarada|20/100\n|-damage|p2b: Lopunny|37/100\n|-unboost|p2a: Meowscarada|atk|1\n|-unboost|p2b: Lopunny|atk|1\n|move|p2b: Lopunny|Giga Impact|p1b: Sinistcha\n|-damage|p1b: Sinistcha|55/100\n|-mustrecharge|p2b: Lopunny\n|\n|upkeep\n|turn|7\n|\n|t:|1776462305\n|move|p1b: Sinistcha|Rage Powder|p1b: Sinistcha\n|-singleturn|p1b: Sinistcha|move: Rage Powder\n|move|p1a: Charizard|Breaking Swipe|p2b: Lopunny|[spread] p2a,p2b\n|-damage|p2a: Meowscarada|0 fnt\n|-damage|p2b: Lopunny|0 fnt\n|faint|p2a: Meowscarada\n|faint|p2b: Lopunny\n|\n|upkeep\n|\n|t:|1776462312\n|switch|p2b: Basculegion|Basculegion, L50, M|4/100\n|turn|8\n|\n|t:|1776462317\n|move|p1b: Sinistcha|Rage Powder|p1b: Sinistcha\n|-singleturn|p1b: Sinistcha|move: Rage Powder\n|move|p1a: Charizard|Breaking Swipe|p2b: Basculegion\n|-damage|p2b: Basculegion|0 fnt\n|faint|p2b: Basculegion\n|\n|win|BM_bryka\n|raw|BM_bryka's rating: 1139 &rarr; <strong>1167</strong><br />(+28 for winning)\n|raw|regufe's rating: 1181 &rarr; <strong>1153</strong><br />(-28 for losing)\n|l|\u2606regufe\n|player|p2|\n",
  "uploadtime": 1776462476,
  "views": 23,
  "formatid": "gen9championsvgc2026regma",
  "rating": 1153,
  "private": 0,
  "password": null
}