{
  "id": "gen9championsvgc2026regma-2587276685",
  "format": "[Gen 9 Champions] VGC 2026 Reg M-A",
  "players": [
    "yyssummer",
    "littlewhblack"
  ],
  "log": "|j|\u2606yyssummer\n|j|\u2606littlewhblack\n|t:|1776517421\n|gametype|doubles\n|player|p1|yyssummer|1|1254\n|player|p2|littlewhblack|266|1182\n|gen|9\n|tier|[Gen 9 Champions] VGC 2026 Reg M-A\n|rated|\n|rule|Species Clause: Limit one of each Pok\u00e9mon\n|rule|Item Clause: Limit 1 of each item\n|clearpoke\n|poke|p1|Aerodactyl, L50, F, shiny|\n|poke|p1|Farigiraf, L50, M, shiny|\n|poke|p1|Sneasler, L50, M|\n|poke|p1|Meowscarada, L50, M|\n|poke|p1|Primarina, L50, F, shiny|\n|poke|p1|Camerupt, L50, F, shiny|\n|poke|p2|Charizard, L50, M, shiny|\n|poke|p2|Incineroar, L50, F|\n|poke|p2|Garchomp, L50, F|\n|poke|p2|Whimsicott, L50, M|\n|poke|p2|Corviknight, L50, M|\n|poke|p2|Rotom-Wash, L50|\n|teampreview|4\n|\n|t:|1776517490\n|teamsize|p1|4\n|teamsize|p2|4\n|start\n|switch|p1a: Aerodactyl|Aerodactyl, L50, F, shiny|100/100\n|switch|p1b: Sneasler|Sneasler, L50, M|100/100\n|switch|p2a: Incineroar|Incineroar, L50, F|100/100\n|switch|p2b: \u5730\u9f99\u795e|Garchomp, L50, F|100/100\n|-ability|p1a: Aerodactyl|Unnerve\n|-ability|p2a: Incineroar|Intimidate|boost\n|-unboost|p1a: Aerodactyl|atk|1\n|-unboost|p1b: Sneasler|atk|1\n|-enditem|p1b: Sneasler|White Herb\n|-clearnegativeboost|p1b: Sneasler|[silent]\n|turn|1\n|\n|t:|1776517537\n|detailschange|p1a: Aerodactyl|Aerodactyl-Mega, L50, F, shiny\n|-mega|p1a: Aerodactyl|Aerodactyl|Aerodactylite\n|move|p1b: Sneasler|Fake Out|p2a: Incineroar\n|-damage|p2a: Incineroar|89/100\n|cant|p2a: Incineroar|flinch\n|move|p2b: \u5730\u9f99\u795e|Rock Slide|p1a: Aerodactyl|[spread] p1a,p1b\n|-supereffective|p1a: Aerodactyl|1\n|-resisted|p1b: Sneasler|1\n|-damage|p1a: Aerodactyl|57/100\n|-damage|p1b: Sneasler|81/100\n|move|p1a: Aerodactyl|Ice Fang|p2b: \u5730\u9f99\u795e\n|-supereffective|p2b: \u5730\u9f99\u795e|2\n|-damage|p2b: \u5730\u9f99\u795e|22/100\n|-damage|p1a: Aerodactyl|44/100|[from] ability: Rough Skin|[of] p2b: \u5730\u9f99\u795e\n|\n|upkeep\n|turn|2\n|\n|t:|1776517563\n|switch|p2a: Charizard|Charizard, L50, M, shiny|100/100\n|move|p1b: Sneasler|Close Combat|p2a: Charizard\n|-resisted|p2a: Charizard|1\n|-damage|p2a: Charizard|70/100\n|-unboost|p1b: Sneasler|def|1\n|-unboost|p1b: Sneasler|spd|1\n|move|p2b: \u5730\u9f99\u795e|Rock Slide|p1a: Aerodactyl|[spread] p1a,p1b\n|-supereffective|p1a: Aerodactyl|1\n|-resisted|p1b: Sneasler|1\n|-damage|p1a: Aerodactyl|2/100\n|-damage|p1b: Sneasler|53/100\n|move|p1a: Aerodactyl|Tailwind|p1a: Aerodactyl\n|-sidestart|p1: yyssummer|move: Tailwind\n|\n|upkeep\n|turn|3\n|\n|t:|1776517588\n|move|p2a: Charizard|Protect|p2a: Charizard\n|-singleturn|p2a: Charizard|Protect\n|move|p1b: Sneasler|Close Combat|p2b: \u5730\u9f99\u795e\n|-damage|p2b: \u5730\u9f99\u795e|0 fnt\n|-unboost|p1b: Sneasler|def|1\n|-unboost|p1b: Sneasler|spd|1\n|-damage|p1b: Sneasler|41/100|[from] ability: Rough Skin|[of] p2b: \u5730\u9f99\u795e\n|faint|p2b: \u5730\u9f99\u795e\n|move|p1a: Aerodactyl|Rock Slide|p2a: Charizard\n|-activate|p2a: Charizard|move: Protect\n|\n|upkeep\n|\n|t:|1776517601\n|switch|p2b: Incineroar|Incineroar, L50, F|89/100\n|-ability|p2b: Incineroar|Intimidate|boost\n|-unboost|p1a: Aerodactyl|atk|1\n|-unboost|p1b: Sneasler|atk|1\n|turn|4\n|\n|t:|1776517610\n|detailschange|p2a: Charizard|Charizard-Mega-Y, L50, M, shiny\n|-mega|p2a: Charizard|Charizard|Charizardite Y\n|-weather|SunnyDay|[from] ability: Drought|[of] p2a: Charizard\n|move|p2b: Incineroar|Fake Out|p1a: Aerodactyl\n|-resisted|p1a: Aerodactyl|1\n|-damage|p1a: Aerodactyl|0 fnt\n|faint|p1a: Aerodactyl\n|move|p1b: Sneasler|Close Combat|p2b: Incineroar\n|-supereffective|p2b: Incineroar|1\n|-damage|p2b: Incineroar|31/100\n|-unboost|p1b: Sneasler|def|1\n|-unboost|p1b: Sneasler|spd|1\n|-enditem|p2b: Incineroar|Sitrus Berry|[eat]\n|-heal|p2b: Incineroar|56/100|[from] item: Sitrus Berry\n|move|p2a: Charizard|Weather Ball|p1b: Sneasler\n|-damage|p1b: Sneasler|0 fnt\n|faint|p1b: Sneasler\n|\n|-weather|SunnyDay|[upkeep]\n|upkeep\n|\n|t:|1776517630\n|switch|p1a: Meowscarada|Meowscarada, L50, M|100/100\n|switch|p1b: Primarina|Primarina, L50, F, shiny|100/100\n|turn|5\n|\n|t:|1776517654\n|move|p1b: Primarina|Protect|p1b: Primarina\n|-singleturn|p1b: Primarina|Protect\n|move|p1a: Meowscarada|Knock Off|p2a: Charizard\n|-damage|p2a: Charizard|38/100\n|move|p2a: Charizard|Solar Beam||[still]\n|-prepare|p2a: Charizard|Solar Beam\n|-anim|p2a: Charizard|Solar Beam|p1b: Primarina\n|-activate|p1b: Primarina|move: Protect\n|move|p2b: Incineroar|Flare Blitz|p1a: Meowscarada\n|-supereffective|p1a: Meowscarada|1\n|-enditem|p1a: Meowscarada|Focus Sash\n|-damage|p1a: Meowscarada|1/100\n|-damage|p2b: Incineroar|31/100|[from] Recoil\n|\n|-weather|SunnyDay|[upkeep]\n|-sideend|p1: yyssummer|move: Tailwind\n|upkeep\n|turn|6\n|\n|t:|1776517682\n|move|p1a: Meowscarada|Triple Axel|p2a: Charizard\n|-damage|p2a: Charizard|31/100\n|-damage|p2a: Charizard|19/100\n|-damage|p2a: Charizard|0 fnt\n|faint|p2a: Charizard\n|-hitcount|p2: Charizard|3\n|move|p2b: Incineroar|Snarl|p1b: Primarina|[spread] p1a,p1b\n|-resisted|p1a: Meowscarada|1\n|-resisted|p1b: Primarina|1\n|-damage|p1a: Meowscarada|0 fnt\n|-damage|p1b: Primarina|96/100\n|-unboost|p1b: Primarina|spa|1\n|faint|p1a: Meowscarada\n|move|p1b: Primarina|Hyper Voice|p2b: Incineroar\n|-supereffective|p2b: Incineroar|1\n|-damage|p2b: Incineroar|0 fnt\n|faint|p2b: Incineroar\n|\n|-weather|SunnyDay|[upkeep]\n|upkeep\n|\n|t:|1776517702\n|switch|p2b: Rotom|Rotom-Wash, L50|100/100\n|turn|7\n|\n|t:|1776517710\n|move|p2b: Rotom|Volt Switch|p1b: Primarina\n|-supereffective|p1b: Primarina|1\n|-damage|p1b: Primarina|32/100\n|move|p1b: Primarina|Moonblast|p2b: Rotom\n|-damage|p2b: Rotom|52/100\n|\n|-weather|SunnyDay|[upkeep]\n|upkeep\n|turn|8\n|\n|t:|1776517721\n|move|p2b: Rotom|Volt Switch|p1b: Primarina\n|-supereffective|p1b: Primarina|1\n|-damage|p1b: Primarina|0 fnt\n|faint|p1b: Primarina\n|\n|win|littlewhblack\n|raw|yyssummer's rating: 1254 &rarr; <strong>1224</strong><br />(-30 for losing)\n|raw|littlewhblack's rating: 1182 &rarr; <strong>1212</strong><br />(+30 for winning)\n",
  "uploadtime": 1776517731,
  "views": 20,
  "formatid": "gen9championsvgc2026regma",
  "rating": 1212,
  "private": 0,
  "password": null
}