{
  "id": "gen9championsvgc2026regma-2582639765",
  "format": "[Gen 9 Champions] VGC 2026 Reg M-A",
  "players": [
    "Nachofrize",
    "khbs"
  ],
  "log": "|j|\u2606Nachofrize\n|j|\u2606khbs\n|t:|1776104303\n|gametype|doubles\n|player|p1|Nachofrize|cynthia|1036\n|player|p2|khbs|102|1005\n|gen|9\n|tier|[Gen 9 Champions] VGC 2026 Reg M-A\n|rated|\n|rule|Species Clause: Limit one of each Pok\u00e9mon\n|rule|Item Clause: Limit 1 of each item\n|clearpoke\n|poke|p1|Lopunny, L50, F|\n|poke|p1|Slowking, L50, F|\n|poke|p1|Hydreigon, L50, F|\n|poke|p1|Kleavor, L50, F|\n|poke|p1|Rotom-Frost, L50|\n|poke|p1|Dragonite, L50, M|\n|poke|p2|Pelipper, L50, F|\n|poke|p2|Dragonite, L50, F|\n|poke|p2|Archaludon, L50, M|\n|poke|p2|Basculegion, L50, M|\n|poke|p2|Incineroar, L50, F|\n|poke|p2|Milotic, L50, M|\n|teampreview|4\n|\n|t:|1776104324\n|teamsize|p1|4\n|teamsize|p2|4\n|start\n|switch|p1a: Lopunny|Lopunny, L50, F|100/100\n|switch|p1b: Kleavor|Kleavor, L50, F|100/100\n|switch|p2a: Incineroar|Incineroar, L50, F|100/100\n|switch|p2b: Pelipper|Pelipper, L50, F|100/100\n|-weather|RainDance|[from] ability: Drizzle|[of] p2b: Pelipper\n|-ability|p2a: Incineroar|Intimidate|boost\n|-unboost|p1a: Lopunny|atk|1\n|-unboost|p1b: Kleavor|atk|1\n|turn|1\n|\n|t:|1776104343\n|detailschange|p1a: Lopunny|Lopunny-Mega, L50, F\n|-mega|p1a: Lopunny|Lopunny|Lopunnite\n|move|p1a: Lopunny|Fake Out|p2a: Incineroar\n|-damage|p2a: Incineroar|86/100\n|cant|p2a: Incineroar|flinch\n|move|p1b: Kleavor|Stone Axe|p2b: Pelipper\n|-supereffective|p2b: Pelipper|1\n|-damage|p2b: Pelipper|44/100\n|-sidestart|p2: khbs|move: Stealth Rock\n|move|p2b: Pelipper|Weather Ball|p1b: Kleavor\n|-supereffective|p1b: Kleavor|1\n|-enditem|p1b: Kleavor|Focus Sash\n|-damage|p1b: Kleavor|1/100\n|\n|-weather|RainDance|[upkeep]\n|upkeep\n|turn|2\n|\n|t:|1776104362\n|switch|p2a: Milotic|Milotic, L50, M|100/100\n|-damage|p2a: Milotic|88/100|[from] Stealth Rock\n|move|p2b: Pelipper|Protect|p2b: Pelipper\n|-singleturn|p2b: Pelipper|Protect\n|move|p1a: Lopunny|Close Combat|p2a: Milotic\n|-damage|p2a: Milotic|49/100\n|-unboost|p1a: Lopunny|def|1\n|-unboost|p1a: Lopunny|spd|1\n|move|p1b: Kleavor|Tailwind|p1b: Kleavor\n|-sidestart|p1: Nachofrize|move: Tailwind\n|\n|-weather|RainDance|[upkeep]\n|-heal|p2a: Milotic|55/100|[from] item: Leftovers\n|upkeep\n|turn|3\n|\n|t:|1776104387\n|move|p1a: Lopunny|U-turn|p2a: Milotic\n|-damage|p2a: Milotic|38/100\n|\n|t:|1776104390\n|switch|p1a: Slowking|Slowking, L50, F|100/100|[from] U-turn\n|move|p1b: Kleavor|Stone Axe|p2b: Pelipper\n|-supereffective|p2b: Pelipper|1\n|-damage|p2b: Pelipper|0 fnt\n|faint|p2b: Pelipper\n|move|p2a: Milotic|Draining Kiss|p1a: Slowking\n|-damage|p1a: Slowking|92/100\n|-heal|p2a: Milotic|45/100|[from] drain|[of] p1a: Slowking\n|\n|-weather|RainDance|[upkeep]\n|-heal|p2a: Milotic|51/100|[from] item: Leftovers\n|upkeep\n|\n|t:|1776104404\n|switch|p2b: Basculegion|Basculegion, L50, M|100/100\n|-damage|p2b: Basculegion|88/100|[from] Stealth Rock\n|turn|4\n|\n|t:|1776104422\n|move|p1b: Kleavor|Stone Axe|p2a: Milotic\n|-damage|p2a: Milotic|21/100\n|move|p2b: Basculegion|Last Respects|p1a: Slowking\n|-supereffective|p1a: Slowking|1\n|-damage|p1a: Slowking|3/100\n|-enditem|p1a: Slowking|Sitrus Berry|[eat]\n|-heal|p1a: Slowking|28/100|[from] item: Sitrus Berry\n|move|p2a: Milotic|Recover|p2a: Milotic\n|-heal|p2a: Milotic|71/100\n|-prepare|p1a: Slowking|Chilly Reception|[premajor]\n|move|p1a: Slowking|Chilly Reception|p1a: Slowking\n|-weather|Snowscape\n|\n|t:|1776104438\n|switch|p1a: Rotom|Rotom-Frost, L50|100/100|[from] Chilly Reception\n|\n|-weather|Snowscape|[upkeep]\n|-heal|p2a: Milotic|77/100|[from] item: Leftovers\n|upkeep\n|turn|5\n|\n|t:|1776104466\n|move|p2b: Basculegion|Aqua Jet|p1b: Kleavor\n|-supereffective|p1b: Kleavor|1\n|-damage|p1b: Kleavor|0 fnt\n|faint|p1b: Kleavor\n|move|p1a: Rotom|Electroweb|p2a: Milotic|[spread] p2a,p2b\n|-supereffective|p2a: Milotic|1\n|-supereffective|p2b: Basculegion|1\n|-damage|p2a: Milotic|49/100\n|-damage|p2b: Basculegion|35/100\n|-unboost|p2a: Milotic|spe|1\n|-ability|p2a: Milotic|Competitive|boost\n|-boost|p2a: Milotic|spa|2\n|-unboost|p2b: Basculegion|spe|1\n|move|p2a: Milotic|Recover|p2a: Milotic\n|-heal|p2a: Milotic|99/100\n|\n|-weather|Snowscape|[upkeep]\n|-heal|p2a: Milotic|100/100|[from] item: Leftovers\n|-sideend|p1: Nachofrize|move: Tailwind\n|upkeep\n|\n|t:|1776104480\n|switch|p1b: Lopunny|Lopunny-Mega, L50, F|100/100\n|turn|6\n|\n|t:|1776104504\n|switch|p2b: Incineroar|Incineroar, L50, F|86/100\n|-damage|p2b: Incineroar|61/100|[from] Stealth Rock\n|-ability|p2b: Incineroar|Intimidate|boost\n|-unboost|p1a: Rotom|atk|1\n|-fail|p1b: Lopunny|unboost|Attack|[from] ability: Scrappy|[of] p1b: Lopunny\n|move|p1b: Lopunny|Fake Out|p2a: Milotic\n|-damage|p2a: Milotic|81/100\n|move|p1a: Rotom|Volt Switch|p2b: Incineroar\n|-damage|p2b: Incineroar|37/100\n|\n|t:|1776104516\n|switch|p1a: Slowking|Slowking, L50, F|61/100|[from] Volt Switch\n|cant|p2a: Milotic|flinch\n|\n|-weather|Snowscape|[upkeep]\n|-heal|p2a: Milotic|87/100|[from] item: Leftovers\n|upkeep\n|turn|7\n|\n|t:|1776104536\n|move|p2b: Incineroar|Fake Out|p1b: Lopunny\n|-damage|p1b: Lopunny|86/100\n|cant|p1b: Lopunny|flinch\n|move|p2a: Milotic|Recover|p2a: Milotic\n|-heal|p2a: Milotic|100/100\n|move|p1a: Slowking|Yawn|p2a: Milotic\n|-start|p2a: Milotic|move: Yawn|[of] p1a: Slowking\n|\n|-weather|Snowscape|[upkeep]\n|upkeep\n|turn|8\n|\n|t:|1776104577\n|switch|p1a: Rotom|Rotom-Frost, L50|100/100\n|move|p1b: Lopunny|Protect|p1b: Lopunny\n|-singleturn|p1b: Lopunny|Protect\n|move|p2b: Incineroar|Flare Blitz|p1b: Lopunny\n|-activate|p1b: Lopunny|move: Protect\n|move|p2a: Milotic|Draining Kiss|p1b: Lopunny\n|-activate|p1b: Lopunny|move: Protect\n|\n|-weather|none\n|-end|p2a: Milotic|move: Yawn|[silent]\n|-status|p2a: Milotic|slp\n|upkeep\n|turn|9\n|\n|t:|1776104601\n|move|p1b: Lopunny|Close Combat|p2a: Milotic\n|-damage|p2a: Milotic|34/100 slp\n|-unboost|p1b: Lopunny|def|1\n|-unboost|p1b: Lopunny|spd|1\n|move|p1a: Rotom|Volt Switch|p2a: Milotic\n|-supereffective|p2a: Milotic|1\n|-damage|p2a: Milotic|0 fnt\n|faint|p2a: Milotic\n|\n|t:|1776104611\n|switch|p1a: Slowking|Slowking, L50, F|94/100|[from] Volt Switch\n|move|p2b: Incineroar|Flare Blitz|p1a: Slowking\n|-resisted|p1a: Slowking|1\n|-damage|p1a: Slowking|72/100\n|-damage|p2b: Incineroar|30/100|[from] Recoil\n|\n|upkeep\n|\n|t:|1776104620\n|switch|p2a: Basculegion|Basculegion, L50, M|35/100\n|-damage|p2a: Basculegion|23/100|[from] Stealth Rock\n|turn|10\n|\n|t:|1776104640\n|move|p1b: Lopunny|Protect|p1b: Lopunny\n|-singleturn|p1b: Lopunny|Protect\n|move|p2a: Basculegion|Last Respects|p1a: Slowking\n|-supereffective|p1a: Slowking|1\n|-damage|p1a: Slowking|0 fnt\n|faint|p1a: Slowking\n|move|p2b: Incineroar|Taunt|p1b: Lopunny\n|-activate|p1b: Lopunny|move: Protect\n|\n|upkeep\n|\n|t:|1776104645\n|switch|p1a: Rotom|Rotom-Frost, L50|100/100\n|turn|11\n|\n|t:|1776104665\n|move|p1b: Lopunny|Close Combat|p2b: Incineroar\n|-supereffective|p2b: Incineroar|1\n|-damage|p2b: Incineroar|0 fnt\n|-unboost|p1b: Lopunny|def|1\n|-unboost|p1b: Lopunny|spd|1\n|faint|p2b: Incineroar\n|move|p2a: Basculegion|Wave Crash|p1a: Rotom\n|-damage|p1a: Rotom|28/100\n|-damage|p2a: Basculegion|3/100|[from] Recoil\n|move|p1a: Rotom|Electroweb|p2a: Basculegion\n|-supereffective|p2a: Basculegion|1\n|-damage|p2a: Basculegion|0 fnt\n|faint|p2a: Basculegion\n|\n|win|Nachofrize\n|raw|Nachofrize's rating: 1036 &rarr; <strong>1068</strong><br />(+32 for winning)\n|raw|khbs's rating: 1005 &rarr; <strong>1000</strong><br />(-5 for losing)\n",
  "uploadtime": 1776104681,
  "views": 18,
  "formatid": "gen9championsvgc2026regma",
  "rating": 1000,
  "private": 0,
  "password": null
}