{
  "id": "gen9championsvgc2026regma-2585812939",
  "format": "[Gen 9 Champions] VGC 2026 Reg M-A",
  "players": [
    "Laur3tta",
    "rooxer9"
  ],
  "log": "|j|\u2606Laur3tta\n|j|\u2606rooxer9\n|t:|1776372484\n|gametype|doubles\n|player|p1|Laur3tta|265|1072\n|player|p2|rooxer9|169|1077\n|gen|9\n|tier|[Gen 9 Champions] VGC 2026 Reg M-A\n|rated|\n|rule|Species Clause: Limit one of each Pok\u00e9mon\n|rule|Item Clause: Limit 1 of each item\n|clearpoke\n|poke|p1|Meganium, L50, F|\n|poke|p1|Scizor, L50, F|\n|poke|p1|Sneasler, L50, F|\n|poke|p1|Aerodactyl, L50, F|\n|poke|p1|Basculegion, L50, M|\n|poke|p1|Pelipper, L50, F|\n|poke|p2|Froslass, L50, F|\n|poke|p2|Incineroar, L50, M|\n|poke|p2|Sneasler, L50, M|\n|poke|p2|Sinistcha-Masterpiece, L50|\n|poke|p2|Mamoswine, L50, F|\n|poke|p2|Basculegion, L50, M|\n|teampreview|4\n|inactive|Battle timer is ON: inactive players will automatically lose when time's up. (requested by rooxer9)\nrooxer9 rejected open team sheets.\n|\n|t:|1776372521\n|teamsize|p1|4\n|teamsize|p2|4\n|start\n|switch|p1a: Scizor|Scizor, L50, F|100/100\n|switch|p1b: Sneasler|Sneasler, L50, F|100/100\n|switch|p2a: Basculegion|Basculegion, L50, M, shiny|100/100\n|switch|p2b: Mamoswine|Mamoswine, L50, F, shiny|100/100\n|turn|1\n|inactive|Laur3tta has 30 seconds left.\n|inactive|rooxer9 has 30 seconds left.\n|\n|t:|1776372548\n|switch|p2a: Sinistcha|Sinistcha-Masterpiece, L50, shiny|100/100\n|move|p1b: Sneasler|Fake Out|p2b: Mamoswine\n|-damage|p2b: Mamoswine|84/100\n|cant|p2b: Mamoswine|flinch\n|move|p1a: Scizor|Swords Dance|p1a: Scizor\n|-boost|p1a: Scizor|atk|2\n|\n|upkeep\n|turn|2\n|inactive|Laur3tta has 30 seconds left.\n|\n|t:|1776372576\n|switch|p2b: Basculegion|Basculegion, L50, M, shiny|100/100\n|move|p1a: Scizor|Bullet Punch|p2a: Sinistcha\n|-damage|p2a: Sinistcha|29/100\n|move|p1b: Sneasler|Close Combat|p2b: Basculegion\n|-immune|p2b: Basculegion\n|move|p2a: Sinistcha|Matcha Gotcha|p1b: Sneasler|[spread] p1a,p1b\n|-resisted|p1a: Scizor|2\n|-resisted|p1b: Sneasler|1\n|-damage|p1a: Scizor|92/100\n|-heal|p2a: Sinistcha|34/100|[from] drain|[of] p1a: Scizor\n|-damage|p1b: Sneasler|83/100\n|-heal|p2a: Sinistcha|42/100|[from] drain|[of] p1b: Sneasler\n|\n|-heal|p2a: Sinistcha|48/100|[from] item: Leftovers\n|upkeep\n|turn|3\n|inactive|Laur3tta has 30 seconds left.\n|inactive|Laur3tta has 20 seconds left.\n|inactive|Laur3tta has 15 seconds left.\n|\n|t:|1776372620\n|move|p2a: Sinistcha|Protect|p2a: Sinistcha\n|-singleturn|p2a: Sinistcha|Protect\n|move|p2b: Basculegion|Flip Turn|p1b: Sneasler\n|-damage|p1b: Sneasler|22/100\n|\n|t:|1776372627\n|switch|p2b: Mamoswine|Mamoswine, L50, F, shiny|84/100|[from] Flip Turn\n|move|p1b: Sneasler|Dire Claw|p2a: Sinistcha\n|-activate|p2a: Sinistcha|move: Protect\n|move|p1a: Scizor|Swords Dance|p1a: Scizor\n|-boost|p1a: Scizor|atk|2\n|\n|-heal|p2a: Sinistcha|54/100|[from] item: Leftovers\n|upkeep\n|turn|4\n|\n|t:|1776372650\n|switch|p2a: Basculegion|Basculegion, L50, M, shiny|100/100\n|move|p1a: Scizor|Bullet Punch|p2b: Mamoswine\n|-supereffective|p2b: Mamoswine|1\n|-damage|p2b: Mamoswine|0 fnt\n|faint|p2b: Mamoswine\n|move|p1b: Sneasler|Dire Claw|p2a: Basculegion\n|-resisted|p2a: Basculegion|1\n|-crit|p2a: Basculegion\n|-damage|p2a: Basculegion|59/100\n|\n|upkeep\n|\n|t:|1776372660\n|switch|p2b: Sinistcha|Sinistcha-Masterpiece, L50, shiny|54/100\n|-heal|p2a: Basculegion|84/100|[from] ability: Hospitality|[of] p2b: Sinistcha\n|turn|5\n|\n|t:|1776372672\n|move|p1b: Sneasler|Protect|p1b: Sneasler\n|-singleturn|p1b: Sneasler|Protect\n|move|p2b: Sinistcha|Protect|p2b: Sinistcha\n|-singleturn|p2b: Sinistcha|Protect\n|move|p1a: Scizor|Bullet Punch|p2a: Basculegion\n|-resisted|p2a: Basculegion|1\n|-damage|p2a: Basculegion|12/100\n|move|p2a: Basculegion|Flip Turn|p1b: Sneasler\n|-activate|p1b: Sneasler|move: Protect\n|\n|-heal|p2b: Sinistcha|60/100|[from] item: Leftovers\n|upkeep\n|turn|6\n|-message|rooxer9 forfeited.\n|\n|win|Laur3tta\n|raw|Laur3tta's rating: 1072 &rarr; <strong>1102</strong><br />(+30 for winning)\n|raw|rooxer9's rating: 1077 &rarr; <strong>1055</strong><br />(-22 for losing)\n|l|\u2606rooxer9\n|player|p2|\n",
  "uploadtime": 1776372696,
  "views": 24,
  "formatid": "gen9championsvgc2026regma",
  "rating": 1055,
  "private": 0,
  "password": null
}