{
  "id": "gen9championsvgc2026regma-2582155596",
  "format": "[Gen 9 Champions] VGC 2026 Reg M-A",
  "players": [
    "OJ32",
    "Punchbecken"
  ],
  "log": "|j|\u2606OJ32\n|j|\u2606Punchbecken\n|t:|1776065130\n|gametype|doubles\n|player|p1|OJ32|169|1034\n|player|p2|Punchbecken|169|1040\n|gen|9\n|tier|[Gen 9 Champions] VGC 2026 Reg M-A\n|rated|\n|rule|Species Clause: Limit one of each Pok\u00e9mon\n|rule|Item Clause: Limit 1 of each item\n|clearpoke\n|poke|p1|Sneasler, L50, M|\n|poke|p1|Froslass, L50, F|\n|poke|p1|Incineroar, L50, F|\n|poke|p1|Garchomp, L50, M|\n|poke|p1|Sinistcha, L50|\n|poke|p1|Archaludon, L50, F|\n|poke|p2|Beedrill, L50, F|\n|poke|p2|Kommo-o, L50, M|\n|poke|p2|Incineroar, L50, M|\n|poke|p2|Empoleon, L50, M|\n|poke|p2|Sinistcha, L50|\n|poke|p2|Garganacl, L50, M|\n|teampreview|4\n|inactive|Battle timer is ON: inactive players will automatically lose when time's up. (requested by OJ32)\n|inactive|Punchbecken also wants the timer to be on.\n|inactive|Punchbecken has 60 seconds left.\n|inactive|Punchbecken has 30 seconds left.\n|\n|t:|1776065196\n|teamsize|p1|4\n|teamsize|p2|4\n|start\n|switch|p1a: Incineroar|Incineroar, L50, F|100/100\n|switch|p1b: Sneasler|Sneasler, L50, M|100/100\n|switch|p2a: Empoleon|Empoleon, L50, M|100/100\n|switch|p2b: Kommo-o|Kommo-o, L50, M|100/100\n|-ability|p1a: Incineroar|Intimidate|boost\n|-unboost|p2a: Empoleon|atk|1\n|-ability|p2a: Empoleon|Competitive|boost\n|-boost|p2a: Empoleon|spa|2\n|-unboost|p2b: Kommo-o|atk|1\n|turn|1\n|\n|t:|1776065216\n|move|p1b: Sneasler|Fake Out|p2b: Kommo-o\n|-damage|p2b: Kommo-o|88/100\n|move|p1a: Incineroar|Fake Out|p2a: Empoleon\n|-resisted|p2a: Empoleon|1\n|-damage|p2a: Empoleon|92/100\n|cant|p2a: Empoleon|flinch\n|cant|p2b: Kommo-o|flinch\n|\n|upkeep\n|turn|2\n|\n|t:|1776065226\n|move|p2b: Kommo-o|Protect|p2b: Kommo-o\n|-singleturn|p2b: Kommo-o|Protect\n|move|p1b: Sneasler|Close Combat|p2a: Empoleon\n|-supereffective|p2a: Empoleon|1\n|-damage|p2a: Empoleon|0 fnt\n|-unboost|p1b: Sneasler|def|1\n|-unboost|p1b: Sneasler|spd|1\n|faint|p2a: Empoleon\n|-enditem|p1b: Sneasler|White Herb\n|-clearnegativeboost|p1b: Sneasler|[silent]\n|move|p1a: Incineroar|Parting Shot|p2b: Kommo-o\n|-activate|p2b: Kommo-o|move: Protect\n|\n|upkeep\n|\n|t:|1776065236\n|switch|p2a: Sinistcha|Sinistcha, L50|100/100\n|-heal|p2b: Kommo-o|100/100|[from] ability: Hospitality|[of] p2a: Sinistcha\n|turn|3\n|\n|t:|1776065254\n|move|p1b: Sneasler|Dire Claw|p2a: Sinistcha\n|-damage|p2a: Sinistcha|66/100\n|-status|p2a: Sinistcha|slp\n|move|p2b: Kommo-o|Aura Sphere|p1a: Incineroar\n|-supereffective|p1a: Incineroar|1\n|-damage|p1a: Incineroar|35/100\n|-enditem|p1a: Incineroar|Sitrus Berry|[eat]\n|-heal|p1a: Incineroar|60/100|[from] item: Sitrus Berry\n|cant|p2a: Sinistcha|slp\n|move|p1a: Incineroar|Flare Blitz|p2a: Sinistcha\n|-supereffective|p2a: Sinistcha|1\n|-damage|p2a: Sinistcha|0 fnt\n|faint|p2a: Sinistcha\n|-damage|p1a: Incineroar|44/100|[from] Recoil\n|\n|upkeep\n|\n|t:|1776065263\n|switch|p2a: Beedrill|Beedrill, L50, F|100/100\n|turn|4\n|inactive|Punchbecken has 30 seconds left.\n|\n|t:|1776065289\n|detailschange|p2a: Beedrill|Beedrill-Mega, L50, F\n|-mega|p2a: Beedrill|Beedrill|Beedrillite\n|move|p1b: Sneasler|Throat Chop|p2a: Beedrill\n|-damage|p2a: Beedrill|35/100\n|-start|p2a: Beedrill|Throat Chop|[silent]\n|move|p2a: Beedrill|Lunge|p1a: Incineroar\n|-damage|p1a: Incineroar|0 fnt\n|faint|p1a: Incineroar\n|move|p2b: Kommo-o|Clanging Scales|p1b: Sneasler\n|-crit|p1b: Sneasler\n|-damage|p1b: Sneasler|0 fnt\n|faint|p1b: Sneasler\n|-unboost|p2b: Kommo-o|def|1\n|\n|upkeep\n|\n|t:|1776065297\n|switch|p1b: Garchomp|Garchomp, L50, M|100/100\n|switch|p1a: Froslass|Froslass, L50, F|100/100\n|turn|5\n|inactive|Punchbecken has 30 seconds left.\n|\n|t:|1776065325\n|detailschange|p1a: Froslass|Froslass-Mega, L50, F\n|-mega|p1a: Froslass|Froslass|Froslassite\n|-weather|Snowscape|[from] ability: Snow Warning|[of] p1a: Froslass\n|move|p1b: Garchomp|Rock Slide|p2b: Kommo-o|[spread] p2a,p2b\n|-supereffective|p2a: Beedrill|1\n|-resisted|p2b: Kommo-o|1\n|-damage|p2a: Beedrill|0 fnt\n|-damage|p2b: Kommo-o|89/100\n|faint|p2a: Beedrill\n|move|p1a: Froslass|Blizzard|p2b: Kommo-o\n|-supereffective|p2b: Kommo-o|1\n|-damage|p2b: Kommo-o|0 fnt\n|faint|p2b: Kommo-o\n|\n|win|OJ32\n|raw|OJ32's rating: 1034 &rarr; <strong>1070</strong><br />(+36 for winning)\n|raw|Punchbecken's rating: 1040 &rarr; <strong>1024</strong><br />(-16 for losing)\n",
  "uploadtime": 1776065325,
  "views": 9,
  "formatid": "gen9championsvgc2026regma",
  "rating": 1024,
  "private": 0,
  "password": null
}