{
  "id": "gen9championsvgc2026regma-2588294865",
  "format": "[Gen 9 Champions] VGC 2026 Reg M-A",
  "players": [
    "popelasdasd",
    "H2OCrow"
  ],
  "log": "|j|\u2606popelasdasd\n|j|\u2606H2OCrow\n|t:|1776621770\n|gametype|doubles\n|player|p1|popelasdasd|101|1043\n|player|p2|H2OCrow|brawly|1000\n|gen|9\n|tier|[Gen 9 Champions] VGC 2026 Reg M-A\n|rated|\n|rule|Species Clause: Limit one of each Pok\u00e9mon\n|rule|Item Clause: Limit 1 of each item\n|clearpoke\n|poke|p1|Alakazam, L50, M, shiny|\n|poke|p1|Meowstic, L50, M, shiny|\n|poke|p1|Tyranitar, L50, F, shiny|\n|poke|p1|Excadrill, L50, M, shiny|\n|poke|p1|Sableye, L50, M, shiny|\n|poke|p1|Sneasler, L50, M, shiny|\n|poke|p2|Tyranitar, L50, F|\n|poke|p2|Whimsicott, L50, M|\n|poke|p2|Arcanine-Hisui, L50, M|\n|poke|p2|Scizor, L50, F|\n|poke|p2|Farigiraf, L50, F|\n|poke|p2|Aerodactyl, L50, F|\n|teampreview|4\n|inactive|Battle timer is ON: inactive players will automatically lose when time's up. (requested by H2OCrow)\nH2OCrow rejected open team sheets.\n|inactive|H2OCrow has 60 seconds left.\n|\n|t:|1776621819\n|teamsize|p1|4\n|teamsize|p2|4\n|start\n|switch|p1a: Sneasler|Sneasler, L50, M, shiny|100/100\n|switch|p1b: Sableye|Sableye, L50, M, shiny|100/100\n|switch|p2a: Farigiraf|Farigiraf, L50, F|100/100\n|switch|p2b: Arcanine|Arcanine-Hisui, L50, M|100/100\n|-ability|p2b: Arcanine|Intimidate|boost\n|-unboost|p1a: Sneasler|atk|1\n|-unboost|p1b: Sableye|atk|1\n|turn|1\n|inactive|popelasdasd has 30 seconds left.\n|inactive|popelasdasd has 20 seconds left.\n|inactive|popelasdasd has 15 seconds left.\n|\n|t:|1776621860\n|move|p1b: Sableye|Swagger|p1a: Sneasler\n|-boost|p1a: Sneasler|atk|2\n|-start|p1a: Sneasler|confusion\n|-enditem|p1a: Sneasler|Lum Berry|[eat]\n|-end|p1a: Sneasler|confusion\n|move|p1a: Sneasler|Rock Slide|p2a: Farigiraf|[spread] p2b\n|-miss|p1a: Sneasler|p2a: Farigiraf\n|-supereffective|p2b: Arcanine|1\n|-damage|p2b: Arcanine|33/100\n|move|p2b: Arcanine|Psychic Fangs|p1a: Sneasler\n|-supereffective|p1a: Sneasler|2\n|-damage|p1a: Sneasler|0 fnt\n|faint|p1a: Sneasler\n|move|p2a: Farigiraf|Trick Room|p2a: Farigiraf\n|-fieldstart|move: Trick Room|[of] p2a: Farigiraf\n|\n|upkeep\n|\n|t:|1776621874\n|switch|p1a: Tyranitar|Tyranitar, L50, F, shiny|100/100\n|-weather|Sandstorm|[from] ability: Sand Stream|[of] p1a: Tyranitar\n|turn|2\n|inactive|popelasdasd has 30 seconds left.\n|inactive|popelasdasd has 20 seconds left.\n|inactive|popelasdasd has 15 seconds left.\n|\n|t:|1776621917\n|switch|p2b: Scizor|Scizor, L50, F|100/100\n|move|p1b: Sableye|Will-O-Wisp||[still]\n|cant|p2a: Farigiraf|ability: Armor Tail|Will-O-Wisp|[of] p1b: Sableye\n|move|p2a: Farigiraf|Hyper Voice|p1b: Sableye|[spread] p1a\n|-immune|p1b: Sableye\n|-resisted|p1a: Tyranitar|1\n|-damage|p1a: Tyranitar|90/100\n|move|p1a: Tyranitar|Knock Off|p2a: Farigiraf\n|-supereffective|p2a: Farigiraf|1\n|-damage|p2a: Farigiraf|0 fnt\n|-enditem|p2a: Farigiraf|Bright Powder|[from] move: Knock Off|[of] p1a: Tyranitar\n|faint|p2a: Farigiraf\n|\n|-weather|Sandstorm|[upkeep]\n|-damage|p1b: Sableye|95/100|[from] Sandstorm\n|upkeep\n|\n|t:|1776621934\n|switch|p2a: Tyranitar|Tyranitar, L50, F|100/100\n|turn|3\n|\n|t:|1776621949\n|detailschange|p2a: Tyranitar|Tyranitar-Mega, L50, F\n|-mega|p2a: Tyranitar|Tyranitar|Tyranitarite\n|detailschange|p1a: Tyranitar|Tyranitar-Mega, L50, F, shiny\n|-mega|p1a: Tyranitar|Tyranitar|Tyranitarite\n|move|p1b: Sableye|Will-O-Wisp|p2a: Tyranitar\n|-hint|Since gen 7, Dark is immune to Prankster moves.\n|-immune|p2a: Tyranitar\n|move|p2b: Scizor|Bullet Punch|p1b: Sableye\n|-damage|p1b: Sableye|47/100\n|move|p2a: Tyranitar|Body Press|p1a: Tyranitar\n|-supereffective|p1a: Tyranitar|2\n|-damage|p1a: Tyranitar|3/100\n|move|p1a: Tyranitar|Rock Slide|p2a: Tyranitar|[spread] p2a,p2b\n|-damage|p2a: Tyranitar|82/100\n|-damage|p2b: Scizor|64/100\n|\n|-weather|Sandstorm|[upkeep]\n|-damage|p1b: Sableye|41/100|[from] Sandstorm\n|upkeep\n|turn|4\n|inactive|popelasdasd has 30 seconds left.\n|inactive|H2OCrow has 30 seconds left.\n|inactive|popelasdasd has 20 seconds left.\n|inactive|H2OCrow has 20 seconds left.\n|inactive|popelasdasd has 15 seconds left.\n|\n|t:|1776621992\n|move|p1b: Sableye|Quash|p2a: Tyranitar\n|-hint|Since gen 7, Dark is immune to Prankster moves.\n|-immune|p2a: Tyranitar\n|move|p2b: Scizor|Roost|p2b: Scizor\n|-heal|p2b: Scizor|100/100\n|-singleturn|p2b: Scizor|move: Roost\n|move|p2a: Tyranitar|Body Press|p1a: Tyranitar\n|-supereffective|p1a: Tyranitar|2\n|-damage|p1a: Tyranitar|0 fnt\n|faint|p1a: Tyranitar\n|\n|-weather|Sandstorm|[upkeep]\n|-damage|p1b: Sableye|36/100|[from] Sandstorm\n|upkeep\n|\n|t:|1776622002\n|switch|p1a: Excadrill|Excadrill, L50, M, shiny|100/100\n|turn|5\n|\n|t:|1776622016\n|move|p1b: Sableye|Swagger|p1a: Excadrill\n|-boost|p1a: Excadrill|atk|2\n|-start|p1a: Excadrill|confusion\n|move|p2b: Scizor|Bullet Punch|p1b: Sableye\n|-damage|p1b: Sableye|0 fnt\n|faint|p1b: Sableye\n|move|p2a: Tyranitar|Body Press|p1a: Excadrill\n|-supereffective|p1a: Excadrill|1\n|-crit|p1a: Excadrill\n|-enditem|p1a: Excadrill|Focus Sash\n|-damage|p1a: Excadrill|1/100\n|-activate|p1a: Excadrill|confusion\n|move|p1a: Excadrill|High Horsepower|p2a: Tyranitar\n|-supereffective|p2a: Tyranitar|1\n|-damage|p2a: Tyranitar|0 fnt\n|faint|p2a: Tyranitar\n|\n|-weather|Sandstorm|[upkeep]\n|-fieldend|move: Trick Room\n|upkeep\n|\n|t:|1776622032\n|switch|p2a: Arcanine|Arcanine-Hisui, L50, M|33/100\n|-ability|p2a: Arcanine|Intimidate|boost\n|-unboost|p1a: Excadrill|atk|1\n|turn|6\n|\n|t:|1776622040\n|move|p2b: Scizor|Protect|p2b: Scizor\n|-singleturn|p2b: Scizor|Protect\n|move|p2a: Arcanine|Extreme Speed|p1a: Excadrill\n|-resisted|p1a: Excadrill|1\n|-damage|p1a: Excadrill|0 fnt\n|faint|p1a: Excadrill\n|\n|win|H2OCrow\n|raw|popelasdasd's rating: 1043 &rarr; <strong>1025</strong><br />(-18 for losing)\n|raw|H2OCrow's rating: 1000 &rarr; <strong>1045</strong><br />(+45 for winning)\n",
  "uploadtime": 1776622174,
  "views": 16,
  "formatid": "gen9championsvgc2026regma",
  "rating": 1025,
  "private": 0,
  "password": null
}