{
  "id": "gen9championsvgc2026regma-2580515826",
  "format": "[Gen 9 Champions] VGC 2026 Reg M-A",
  "players": [
    "elikokottero",
    "Alaskan_fisher"
  ],
  "log": "|j|\u2606elikokottero\n|j|\u2606Alaskan_fisher\n|t:|1775907538\n|gametype|doubles\n|player|p1|elikokottero|102|1078\n|player|p2|Alaskan_fisher|1|1124\n|gen|9\n|tier|[Gen 9 Champions] VGC 2026 Reg M-A\n|rated|\n|rule|Species Clause: Limit one of each Pok\u00e9mon\n|rule|Item Clause: Limit 1 of each item\n|clearpoke\n|poke|p1|Dragapult, L50, F|\n|poke|p1|Venusaur, L50, M|\n|poke|p1|Charizard, L50, F|\n|poke|p1|Sneasler, L50, M|\n|poke|p1|Sylveon, L50, M|\n|poke|p1|Sinistcha-Masterpiece, L50|\n|poke|p2|Gardevoir, L50, F|\n|poke|p2|Aegislash, L50, F|\n|poke|p2|Rotom-Heat, L50|\n|poke|p2|Aerodactyl, L50, M|\n|poke|p2|Hydreigon, L50, M|\n|poke|p2|Tauros-Paldea-Aqua, L50, M|\n|teampreview|4\nAlaskan_fisher has agreed to open team sheets.\n|inactive|Battle timer is ON: inactive players will automatically lose when time's up. (requested by elikokottero)\n|inactive|Alaskan_fisher has 60 seconds left.\n|\n|t:|1775907588\n|teamsize|p1|4\n|teamsize|p2|4\n|start\n|switch|p1a: Venusaur|Venusaur, L50, M|100/100\n|switch|p1b: Charizard|Charizard, L50, F|100/100\n|switch|p2a: Aerodactyl|Aerodactyl, L50, M|100/100\n|switch|p2b: Rotom|Rotom-Heat, L50|100/100\n|-ability|p2a: Aerodactyl|Unnerve\n|turn|1\n|\n|t:|1775907612\n|detailschange|p1b: Charizard|Charizard-Mega-Y, L50, F\n|-mega|p1b: Charizard|Charizard|Charizardite Y\n|-weather|SunnyDay|[from] ability: Drought|[of] p1b: Charizard\n|move|p1b: Charizard|Protect|p1b: Charizard\n|-singleturn|p1b: Charizard|Protect\n|move|p1a: Venusaur|Sleep Powder|p2a: Aerodactyl\n|-status|p2a: Aerodactyl|slp|[from] move: Sleep Powder\n|-enditem|p2a: Aerodactyl|Lum Berry|[eat]\n|-curestatus|p2a: Aerodactyl|slp|[msg]\n|move|p2b: Rotom|Electroweb|p1a: Venusaur|[spread] p1a\n|-activate|p1b: Charizard|move: Protect\n|-resisted|p1a: Venusaur|1\n|-damage|p1a: Venusaur|92/100\n|-unboost|p1a: Venusaur|spe|1\n|move|p2a: Aerodactyl|Tailwind|p2a: Aerodactyl\n|-sidestart|p2: Alaskan_fisher|move: Tailwind\n|\n|-weather|SunnyDay|[upkeep]\n|upkeep\n|turn|2\n|inactive|Alaskan_fisher has 30 seconds left.\n|\n|t:|1775907646\n|switch|p1b: Sneasler|Sneasler, L50, M|100/100\n|move|p2b: Rotom|Electroweb|p1a: Venusaur|[spread] p1a,p1b\n|-resisted|p1a: Venusaur|1\n|-crit|p1a: Venusaur\n|-damage|p1a: Venusaur|80/100\n|-damage|p1b: Sneasler|77/100\n|-unboost|p1a: Venusaur|spe|1\n|-unboost|p1b: Sneasler|spe|1\n|-enditem|p1b: Sneasler|White Herb\n|-clearnegativeboost|p1b: Sneasler|[silent]\n|move|p2a: Aerodactyl|Dual Wingbeat|p1a: Venusaur\n|-supereffective|p1a: Venusaur|1\n|-damage|p1a: Venusaur|42/100\n|-supereffective|p1a: Venusaur|1\n|-damage|p1a: Venusaur|0 fnt\n|faint|p1a: Venusaur\n|-hitcount|p1: Venusaur|2\n|\n|-weather|SunnyDay|[upkeep]\n|upkeep\n|\n|t:|1775907660\n|switch|p1a: Sylveon|Sylveon, L50, M|100/100\n|turn|3\n|\n|t:|1775907673\n|move|p1b: Sneasler|Protect|p1b: Sneasler\n|-singleturn|p1b: Sneasler|Protect\n|move|p2b: Rotom|Electroweb|p1b: Sneasler|[spread] p1a\n|-activate|p1b: Sneasler|move: Protect\n|-damage|p1a: Sylveon|87/100\n|-unboost|p1a: Sylveon|spe|1\n|move|p2a: Aerodactyl|Dual Wingbeat|p1b: Sneasler\n|-activate|p1b: Sneasler|move: Protect\n|move|p1a: Sylveon|Calm Mind|p1a: Sylveon\n|-boost|p1a: Sylveon|spa|1\n|-boost|p1a: Sylveon|spd|1\n|\n|-weather|SunnyDay|[upkeep]\n|-heal|p1a: Sylveon|93/100|[from] item: Leftovers\n|upkeep\n|turn|4\n|\n|t:|1775907688\n|move|p1b: Sneasler|Protect|p1b: Sneasler\n|-singleturn|p1b: Sneasler|Protect\n|move|p2b: Rotom|Electroweb|p1a: Sylveon|[spread] \n|-activate|p1b: Sneasler|move: Protect\n|-miss|p2b: Rotom|p1a: Sylveon\n|move|p2a: Aerodactyl|Dual Wingbeat|p1b: Sneasler\n|-activate|p1b: Sneasler|move: Protect\n|move|p1a: Sylveon|Hyper Voice|p2a: Aerodactyl|[spread] p2a,p2b\n|-resisted|p2b: Rotom|1\n|-damage|p2a: Aerodactyl|26/100\n|-damage|p2b: Rotom|67/100\n|\n|-weather|SunnyDay|[upkeep]\n|-heal|p1a: Sylveon|99/100|[from] item: Leftovers\n|-sideend|p2: Alaskan_fisher|move: Tailwind\n|upkeep\n|turn|5\n|inactive|elikokottero has 30 seconds left.\n|\n|t:|1775907719\n|move|p1b: Sneasler|Close Combat|p2b: Rotom\n|-crit|p2b: Rotom\n|-damage|p2b: Rotom|0 fnt\n|-unboost|p1b: Sneasler|def|1\n|-unboost|p1b: Sneasler|spd|1\n|faint|p2b: Rotom\n|move|p2a: Aerodactyl|Dual Wingbeat|p1b: Sneasler\n|-supereffective|p1b: Sneasler|1\n|-damage|p1b: Sneasler|0 fnt\n|faint|p1b: Sneasler\n|-hitcount|p1: Sneasler|1\n|move|p1a: Sylveon|Hyper Voice|p2a: Aerodactyl\n|-damage|p2a: Aerodactyl|0 fnt\n|faint|p2a: Aerodactyl\n|\n|-weather|none\n|-heal|p1a: Sylveon|100/100|[from] item: Leftovers\n|upkeep\n|\n|t:|1775907730\n|switch|p2a: Tauros|Tauros-Paldea-Aqua, L50, M|100/100\n|switch|p1b: Charizard|Charizard-Mega-Y, L50, F|100/100\n|switch|p2b: Aegislash|Aegislash, L50, F|100/100\n|-ability|p2a: Tauros|Intimidate|boost\n|-unboost|p1a: Sylveon|atk|1\n|-unboost|p1b: Charizard|atk|1\n|-weather|SunnyDay|[from] ability: Drought|[of] p1b: Charizard\n|turn|6\n|\n|t:|1775907744\n|move|p2b: Aegislash|Wide Guard|p2b: Aegislash\n|-singleturn|p2b: Aegislash|Wide Guard\n|move|p2a: Tauros|Wave Crash|p1b: Charizard\n|-supereffective|p1b: Charizard|1\n|-damage|p1b: Charizard|19/100\n|-damage|p2a: Tauros|68/100|[from] Recoil\n|move|p1b: Charizard|Weather Ball|p2b: Aegislash\n|-supereffective|p2b: Aegislash|1\n|-damage|p2b: Aegislash|0 fnt\n|faint|p2b: Aegislash\n|move|p1a: Sylveon|Hyper Voice|p2a: Tauros\n|-activate|p2a: Tauros|move: Wide Guard\n|\n|-weather|SunnyDay|[upkeep]\n|upkeep\n|turn|7\n|\n|t:|1775907761\n|move|p2a: Tauros|Wave Crash|p1a: Sylveon\n|-damage|p1a: Sylveon|65/100\n|-damage|p2a: Tauros|52/100|[from] Recoil\n|move|p1b: Charizard|Solar Beam||[still]\n|-prepare|p1b: Charizard|Solar Beam\n|-anim|p1b: Charizard|Solar Beam|p2a: Tauros\n|-supereffective|p2a: Tauros|1\n|-damage|p2a: Tauros|0 fnt\n|faint|p2a: Tauros\n|\n|win|elikokottero\n|raw|elikokottero's rating: 1078 &rarr; <strong>1110</strong><br />(+32 for winning)\n|raw|Alaskan_fisher's rating: 1124 &rarr; <strong>1096</strong><br />(-28 for losing)\n",
  "uploadtime": 1775907767,
  "views": 21,
  "formatid": "gen9championsvgc2026regma",
  "rating": 1096,
  "private": 0,
  "password": null
}