{
  "id": "gen9championsvgc2026regma-2585530662",
  "format": "[Gen 9 Champions] VGC 2026 Reg M-A",
  "players": [
    "cheesewatch",
    "jasonrfry"
  ],
  "log": "|j|\u2606cheesewatch\n|j|\u2606jasonrfry\n|t:|1776353677\n|gametype|doubles\n|player|p1|cheesewatch|caitlin|1150\n|player|p2|jasonrfry|102|1245\n|gen|9\n|tier|[Gen 9 Champions] VGC 2026 Reg M-A\n|rated|\n|rule|Species Clause: Limit one of each Pok\u00e9mon\n|rule|Item Clause: Limit 1 of each item\n|clearpoke\n|poke|p1|Tyranitar, L50, M|\n|poke|p1|Excadrill, L50, M|\n|poke|p1|Garchomp, L50, M|\n|poke|p1|Incineroar, L50, M|\n|poke|p1|Milotic, L50, F|\n|poke|p1|Aerodactyl, L50, F|\n|poke|p2|Mimikyu, L50, M|\n|poke|p2|Meganium, L50, F|\n|poke|p2|Primarina, L50, F|\n|poke|p2|Sneasler, L50, M|\n|poke|p2|Torkoal, L50, M|\n|poke|p2|Mudsdale, L50, F|\n|teampreview|4\n|inactive|Battle timer is ON: inactive players will automatically lose when time's up. (requested by jasonrfry)\n|\n|t:|1776353704\n|teamsize|p1|4\n|teamsize|p2|4\n|start\n|switch|p1a: Tyranitar|Tyranitar, L50, M|100/100\n|switch|p1b: Aerodactyl|Aerodactyl, L50, F|100/100\n|switch|p2a: Mimikyu|Mimikyu, L50, M, shiny|100/100\n|switch|p2b: Sneasler|Sneasler, L50, M|100/100\n|-ability|p1b: Aerodactyl|Unnerve\n|-weather|Sandstorm|[from] ability: Sand Stream|[of] p1a: Tyranitar\n|turn|1\n|\n|t:|1776353716\n|switch|p1a: Incineroar|Incineroar, L50, M|100/100\n|-ability|p1a: Incineroar|Intimidate|boost\n|-unboost|p2a: Mimikyu|atk|1\n|-unboost|p2b: Sneasler|atk|1\n|-enditem|p2b: Sneasler|White Herb\n|-clearnegativeboost|p2b: Sneasler|[silent]\n|move|p2b: Sneasler|Fake Out|p1b: Aerodactyl\n|-resisted|p1b: Aerodactyl|1\n|-damage|p1b: Aerodactyl|88/100\n|-status|p1b: Aerodactyl|psn|[from] ability: Poison Touch|[of] p2b: Sneasler\n|cant|p1b: Aerodactyl|flinch\n|move|p2a: Mimikyu|Will-O-Wisp||[still]\n|-fail|p2a: Mimikyu\n|\n|-weather|Sandstorm|[upkeep]\n|-damage|p2b: Sneasler|95/100|[from] Sandstorm\n|-damage|p2a: Mimikyu|94/100|[from] Sandstorm\n|-damage|p1a: Incineroar|95/100|[from] Sandstorm\n|-heal|p1a: Incineroar|100/100|[from] item: Leftovers\n|-damage|p1b: Aerodactyl|76/100 psn|[from] psn\n|upkeep\n|turn|2\n|\n|t:|1776353731\n|move|p1a: Incineroar|Fake Out|p2b: Sneasler\n|-damage|p2b: Sneasler|72/100\n|move|p1b: Aerodactyl|Tailwind|p1b: Aerodactyl\n|-sidestart|p1: cheesewatch|move: Tailwind\n|cant|p2b: Sneasler|flinch\n|move|p2a: Mimikyu|Trick Room|p2a: Mimikyu\n|-fieldstart|move: Trick Room|[of] p2a: Mimikyu\n|\n|-weather|Sandstorm|[upkeep]\n|-damage|p2a: Mimikyu|88/100|[from] Sandstorm\n|-damage|p1a: Incineroar|95/100|[from] Sandstorm\n|-damage|p2b: Sneasler|66/100|[from] Sandstorm\n|-heal|p1a: Incineroar|100/100|[from] item: Leftovers\n|-damage|p1b: Aerodactyl|64/100 psn|[from] psn\n|upkeep\n|turn|3\n|\n|t:|1776353744\n|move|p2a: Mimikyu|Curse|p1b: Aerodactyl\n|-start|p1b: Aerodactyl|Curse|[of] p2a: Mimikyu\n|-damage|p2a: Mimikyu|38/100\n|move|p1a: Incineroar|Parting Shot|p2a: Mimikyu\n|-unboost|p2a: Mimikyu|atk|1\n|-unboost|p2a: Mimikyu|spa|1\n|\n|t:|1776353753\n|switch|p1a: Excadrill|Excadrill, L50, M|100/100|[from] Parting Shot\n|move|p2b: Sneasler|Close Combat|p1b: Aerodactyl\n|-damage|p1b: Aerodactyl|0 fnt\n|-unboost|p2b: Sneasler|def|1\n|-unboost|p2b: Sneasler|spd|1\n|faint|p1b: Aerodactyl\n|\n|-weather|Sandstorm|[upkeep]\n|-damage|p2a: Mimikyu|32/100|[from] Sandstorm\n|-damage|p2b: Sneasler|60/100|[from] Sandstorm\n|upkeep\n|\n|t:|1776353767\n|switch|p1b: Incineroar|Incineroar, L50, M|100/100\n|-ability|p1b: Incineroar|Intimidate|boost\n|-unboost|p2a: Mimikyu|atk|1\n|-unboost|p2b: Sneasler|atk|1\n|turn|4\n|\n|t:|1776353775\n|move|p2a: Mimikyu|Curse|p1b: Incineroar\n|-start|p1b: Incineroar|Curse|[of] p2a: Mimikyu\n|-damage|p2a: Mimikyu|0 fnt\n|faint|p2a: Mimikyu\n|move|p1b: Incineroar|Flare Blitz|p2b: Sneasler\n|-damage|p2b: Sneasler|0 fnt\n|faint|p2b: Sneasler\n|-damage|p1b: Incineroar|85/100|[from] Recoil\n|move|p1a: Excadrill|High Horsepower|p2: Mimikyu|[notarget]\n|-fail|p1a: Excadrill\n|\n|-weather|Sandstorm|[upkeep]\n|-damage|p1b: Incineroar|79/100|[from] Sandstorm\n|-heal|p1b: Incineroar|85/100|[from] item: Leftovers\n|-damage|p1b: Incineroar|60/100|[from] Curse\n|upkeep\n|\n|t:|1776353779\n|switch|p2a: Primarina|Primarina, L50, F, shiny|100/100\n|switch|p2b: Meganium|Meganium, L50, F|100/100\n|turn|5\n|inactive|cheesewatch has 30 seconds left.\n|\n|t:|1776353814\n|detailschange|p2b: Meganium|Meganium-Mega, L50, F\n|-mega|p2b: Meganium|Meganium|Meganiumite\n|move|p1a: Excadrill|Protect|p1a: Excadrill\n|-singleturn|p1a: Excadrill|Protect\n|move|p2a: Primarina|Hyper Voice|p1a: Excadrill|[spread] p1b\n|-activate|p1a: Excadrill|move: Protect\n|-supereffective|p1b: Incineroar|1\n|-damage|p1b: Incineroar|0 fnt\n|faint|p1b: Incineroar\n|move|p2b: Meganium|Solar Beam||[still]\n|-prepare|p2b: Meganium|Solar Beam\n|-activate|p2b: Meganium|ability: Mega Sol\n|-anim|p2b: Meganium|Solar Beam|p1a: Excadrill\n|-activate|p1a: Excadrill|move: Protect\n|\n|-weather|none\n|-sideend|p1: cheesewatch|move: Tailwind\n|upkeep\n|\n|t:|1776353823\n|switch|p1b: Tyranitar|Tyranitar, L50, M|100/100\n|-weather|Sandstorm|[from] ability: Sand Stream|[of] p1b: Tyranitar\n|turn|6\n|\n|t:|1776353838\n|detailschange|p1b: Tyranitar|Tyranitar-Mega, L50, M\n|-mega|p1b: Tyranitar|Tyranitar|Tyranitarite\n|move|p2a: Primarina|Hyper Voice|p1a: Excadrill|[spread] p1a,p1b\n|-supereffective|p1a: Excadrill|1\n|-supereffective|p1b: Tyranitar|1\n|-enditem|p1a: Excadrill|Focus Sash\n|-damage|p1a: Excadrill|1/100\n|-damage|p1b: Tyranitar|55/100\n|move|p2b: Meganium|Weather Ball|p1a: Excadrill\n|-supereffective|p1a: Excadrill|1\n|-damage|p1a: Excadrill|0 fnt\n|faint|p1a: Excadrill\n|move|p1b: Tyranitar|Rock Slide|p2b: Meganium|[spread] p2a,p2b\n|-damage|p2a: Primarina|54/100\n|-damage|p2b: Meganium|66/100\n|\n|-weather|Sandstorm|[upkeep]\n|-damage|p2a: Primarina|48/100|[from] Sandstorm\n|-damage|p2b: Meganium|60/100|[from] Sandstorm\n|-fieldend|move: Trick Room\n|upkeep\n|turn|7\n|\n|t:|1776353853\n|move|p1b: Tyranitar|Protect|p1b: Tyranitar\n|-singleturn|p1b: Tyranitar|Protect\n|move|p2b: Meganium|Solar Beam||[still]\n|-prepare|p2b: Meganium|Solar Beam\n|-activate|p2b: Meganium|ability: Mega Sol\n|-anim|p2b: Meganium|Solar Beam|p1b: Tyranitar\n|-activate|p1b: Tyranitar|move: Protect\n|move|p2a: Primarina|Hyper Voice|p1b: Tyranitar\n|-activate|p1b: Tyranitar|move: Protect\n|\n|-weather|Sandstorm|[upkeep]\n|-damage|p2b: Meganium|55/100|[from] Sandstorm\n|-damage|p2a: Primarina|42/100|[from] Sandstorm\n|upkeep\n|turn|8\n|\n|t:|1776353857\n|move|p1b: Tyranitar|Rock Slide|p2a: Primarina|[spread] p2a,p2b\n|-damage|p2a: Primarina|0 fnt\n|-damage|p2b: Meganium|23/100\n|faint|p2a: Primarina\n|move|p2b: Meganium|Solar Beam||[still]\n|-prepare|p2b: Meganium|Solar Beam\n|-activate|p2b: Meganium|ability: Mega Sol\n|-anim|p2b: Meganium|Solar Beam|p1b: Tyranitar\n|-supereffective|p1b: Tyranitar|1\n|-damage|p1b: Tyranitar|0 fnt\n|faint|p1b: Tyranitar\n|\n|win|jasonrfry\n|raw|cheesewatch's rating: 1150 &rarr; <strong>1132</strong><br />(-18 for losing)\n|raw|jasonrfry's rating: 1245 &rarr; <strong>1263</strong><br />(+18 for winning)\n|l|\u2606cheesewatch\n|player|p1|\n",
  "uploadtime": 1776353874,
  "views": 29,
  "formatid": "gen9championsvgc2026regma",
  "rating": 1132,
  "private": 0,
  "password": null
}