{
  "id": "gen9championsvgc2026regma-2587159555",
  "format": "[Gen 9 Champions] VGC 2026 Reg M-A",
  "players": [
    "andy20648",
    "kimbrayen"
  ],
  "log": "|j|\u2606andy20648\n|j|\u2606kimbrayen\n|t:|1776502153\n|gametype|doubles\n|player|p1|andy20648|101|1246\n|player|p2|kimbrayen|265|1174\n|gen|9\n|tier|[Gen 9 Champions] VGC 2026 Reg M-A\n|rated|\n|rule|Species Clause: Limit one of each Pok\u00e9mon\n|rule|Item Clause: Limit 1 of each item\n|clearpoke\n|poke|p1|Pikachu, L50, F|\n|poke|p1|Froslass, L50, F|\n|poke|p1|Kingambit, L50, F|\n|poke|p1|Gyarados, L50, F|\n|poke|p1|Talonflame, L50, F|\n|poke|p1|Garchomp, L50, F|\n|poke|p2|Meganium, L50, F|\n|poke|p2|Archaludon, L50, F|\n|poke|p2|Aerodactyl, L50, F|\n|poke|p2|Typhlosion-Hisui, L50, F|\n|poke|p2|Tauros-Paldea-Aqua, L50, M|\n|poke|p2|Kangaskhan, L50, F|\n|teampreview|4\n|inactive|Battle timer is ON: inactive players will automatically lose when time's up. (requested by andy20648)\n|\n|t:|1776502183\n|teamsize|p1|4\n|teamsize|p2|4\n|start\n|switch|p1a: Kingambit|Kingambit, L50, F|100/100\n|switch|p1b: Pikachu|Pikachu, L50, F|100/100\n|switch|p2a: Aerodactyl|Aerodactyl, L50, F|100/100\n|switch|p2b: Tauros|Tauros-Paldea-Aqua, L50, M|100/100\n|-ability|p2a: Aerodactyl|Unnerve\n|-ability|p2b: Tauros|Intimidate|boost\n|-unboost|p1a: Kingambit|atk|1\n|-ability|p1a: Kingambit|Defiant|boost\n|-boost|p1a: Kingambit|atk|2\n|-unboost|p1b: Pikachu|atk|1\n|turn|1\n|\n|t:|1776502207\n|move|p1b: Pikachu|Fake Out|p2b: Tauros\n|-damage|p2b: Tauros|95/100\n|move|p2a: Aerodactyl|Rock Slide|p1a: Kingambit|[spread] p1a,p1b\n|-resisted|p1a: Kingambit|1\n|-damage|p1a: Kingambit|92/100\n|-damage|p1b: Pikachu|42/100\n|cant|p2b: Tauros|flinch\n|move|p1a: Kingambit|Kowtow Cleave|p2a: Aerodactyl\n|-enditem|p2a: Aerodactyl|Focus Sash\n|-damage|p2a: Aerodactyl|1/100\n|\n|upkeep\n|turn|2\n|\n|t:|1776502224\n|move|p1a: Kingambit|Protect|p1a: Kingambit\n|-singleturn|p1a: Kingambit|Protect\n|move|p2a: Aerodactyl|Tailwind|p2a: Aerodactyl\n|-sidestart|p2: kimbrayen|move: Tailwind\n|move|p2b: Tauros|Close Combat|p1a: Kingambit\n|-activate|p1a: Kingambit|move: Protect\n|move|p1b: Pikachu|Endeavor|p2b: Tauros\n|-damage|p2b: Tauros|31/100\n|\n|upkeep\n|turn|3\n|\n|t:|1776502242\n|move|p1a: Kingambit|Sucker Punch|p2b: Tauros\n|-resisted|p2b: Tauros|1\n|-damage|p2b: Tauros|0 fnt\n|faint|p2b: Tauros\n|move|p2a: Aerodactyl|Rock Slide|p1a: Kingambit|[spread] p1a,p1b\n|-resisted|p1a: Kingambit|1\n|-damage|p1a: Kingambit|83/100\n|-damage|p1b: Pikachu|0 fnt\n|faint|p1b: Pikachu\n|\n|upkeep\n|\n|t:|1776502254\n|switch|p2b: Archaludon|Archaludon, L50, F|100/100\n|switch|p1b: Talonflame|Talonflame, L50, F|100/100\n|turn|4\n|\n|t:|1776502266\n|move|p1b: Talonflame|Dual Wingbeat|p2a: Aerodactyl\n|-resisted|p2a: Aerodactyl|1\n|-damage|p2a: Aerodactyl|0 fnt\n|faint|p2a: Aerodactyl\n|-hitcount|p2: Aerodactyl|1\n|move|p2b: Archaludon|Thunderbolt|p1b: Talonflame\n|-supereffective|p1b: Talonflame|1\n|-damage|p1b: Talonflame|0 fnt\n|faint|p1b: Talonflame\n|move|p1a: Kingambit|Low Kick|p2b: Archaludon\n|-supereffective|p2b: Archaludon|1\n|-damage|p2b: Archaludon|20/100\n|\n|upkeep\n|\n|t:|1776502278\n|switch|p2a: Meganium|Meganium, L50, F|100/100\n|switch|p1b: Froslass|Froslass, L50, F|100/100\n|turn|5\n|\n|t:|1776502287\n|detailschange|p2a: Meganium|Meganium-Mega, L50, F\n|-mega|p2a: Meganium|Meganium|Meganiumite\n|detailschange|p1b: Froslass|Froslass-Mega, L50, F\n|-mega|p1b: Froslass|Froslass|Froslassite\n|-weather|Snowscape|[from] ability: Snow Warning|[of] p1b: Froslass\n|move|p1a: Kingambit|Sucker Punch|p2a: Meganium\n|-resisted|p2a: Meganium|1\n|-damage|p2a: Meganium|68/100\n|move|p2b: Archaludon|Flash Cannon|p1b: Froslass\n|-supereffective|p1b: Froslass|1\n|-damage|p1b: Froslass|0 fnt\n|faint|p1b: Froslass\n|move|p2a: Meganium|Weather Ball|p1a: Kingambit\n|-supereffective|p1a: Kingambit|1\n|-damage|p1a: Kingambit|0 fnt\n|faint|p1a: Kingambit\n|\n|win|kimbrayen\n|raw|andy20648's rating: 1246 &rarr; <strong>1216</strong><br />(-30 for losing)\n|raw|kimbrayen's rating: 1174 &rarr; <strong>1204</strong><br />(+30 for winning)\n|l|\u2606kimbrayen\n|player|p2|\n",
  "uploadtime": 1776502324,
  "views": 23,
  "formatid": "gen9championsvgc2026regma",
  "rating": 1204,
  "private": 0,
  "password": null
}