{
  "id": "gen9championsvgc2026regma-2584041190",
  "format": "[Gen 9 Champions] VGC 2026 Reg M-A",
  "players": [
    "chadcantlose",
    "nagatoyukii"
  ],
  "log": "|j|\u2606chadcantlose\n|j|\u2606nagatoyukii\n|t:|1776219344\n|gametype|doubles\n|player|p1|chadcantlose|policeman-gen4|1028\n|player|p2|nagatoyukii|lana|1000\n|gen|9\n|tier|[Gen 9 Champions] VGC 2026 Reg M-A\n|rated|\n|rule|Species Clause: Limit one of each Pok\u00e9mon\n|rule|Item Clause: Limit 1 of each item\n|clearpoke\n|poke|p1|Golurk, L50|\n|poke|p1|Sinistcha-Masterpiece, L50|\n|poke|p1|Aerodactyl, L50, F|\n|poke|p1|Archaludon, L50, F|\n|poke|p1|Primarina, L50, M|\n|poke|p1|Altaria, L50, F|\n|poke|p2|Floette-Eternal, L50, F|\n|poke|p2|Aerodactyl, L50, M|\n|poke|p2|Garchomp, L50, M|\n|poke|p2|Incineroar, L50, M|\n|poke|p2|Aegislash, L50, M|\n|poke|p2|Milotic, L50, F|\n|teampreview|4\n|inactive|Battle timer is ON: inactive players will automatically lose when time's up. (requested by nagatoyukii)\nchadcantlose rejected open team sheets.\n|inactive|nagatoyukii has 60 seconds left.\n|\n|t:|1776219381\n|teamsize|p1|4\n|teamsize|p2|4\n|start\n|switch|p1a: Primarina|Primarina, L50, M|100/100\n|switch|p1b: Sinistcha|Sinistcha-Masterpiece, L50|100/100\n|switch|p2a: Garchomp|Garchomp, L50, M|100/100\n|switch|p2b: Incineroar|Incineroar, L50, M|100/100\n|-ability|p2b: Incineroar|Intimidate|boost\n|-unboost|p1a: Primarina|atk|1\n|-unboost|p1b: Sinistcha|atk|1\n|turn|1\n|\n|t:|1776219403\n|switch|p2b: Aerodactyl|Aerodactyl, L50, M|100/100\n|-ability|p2b: Aerodactyl|Unnerve\n|move|p1b: Sinistcha|Protect|p1b: Sinistcha\n|-singleturn|p1b: Sinistcha|Protect\n|move|p2a: Garchomp|Earthquake|p1a: Primarina|[spread] p1a\n|-activate|p1b: Sinistcha|move: Protect\n|-immune|p2b: Aerodactyl\n|-damage|p1a: Primarina|50/100\n|move|p1a: Primarina|Hyper Voice|p2b: Aerodactyl|[spread] p2a,p2b\n|-supereffective|p2b: Aerodactyl|1\n|-damage|p2a: Garchomp|60/100\n|-enditem|p2b: Aerodactyl|Focus Sash\n|-damage|p2b: Aerodactyl|1/100\n|\n|upkeep\n|turn|2\n|inactive|nagatoyukii has 30 seconds left.\n|\n|t:|1776219436\n|move|p1a: Primarina|Protect|p1a: Primarina\n|-singleturn|p1a: Primarina|Protect\n|move|p2b: Aerodactyl|Tailwind|p2b: Aerodactyl\n|-sidestart|p2: nagatoyukii|move: Tailwind\n|move|p2a: Garchomp|Earthquake|p1b: Sinistcha|[spread] p1b\n|-activate|p1a: Primarina|move: Protect\n|-immune|p2b: Aerodactyl\n|-resisted|p1b: Sinistcha|1\n|-crit|p1b: Sinistcha\n|-damage|p1b: Sinistcha|67/100\n|move|p1b: Sinistcha|Trick Room|p1b: Sinistcha\n|-fieldstart|move: Trick Room|[of] p1b: Sinistcha\n|\n|upkeep\n|turn|3\n|\n|t:|1776219458\n|move|p2a: Garchomp|Protect|p2a: Garchomp\n|-singleturn|p2a: Garchomp|Protect\n|move|p2b: Aerodactyl|Protect|p2b: Aerodactyl\n|-singleturn|p2b: Aerodactyl|Protect\n|move|p1a: Primarina|Hyper Voice|p2a: Garchomp|[spread] \n|-activate|p2a: Garchomp|move: Protect\n|-activate|p2b: Aerodactyl|move: Protect\n|move|p1b: Sinistcha|Matcha Gotcha|p2b: Aerodactyl|[spread] \n|-activate|p2a: Garchomp|move: Protect\n|-activate|p2b: Aerodactyl|move: Protect\n|\n|upkeep\n|turn|4\n|inactive|nagatoyukii has 30 seconds left.\n|\n|t:|1776219490\n|switch|p1a: Golurk|Golurk, L50|100/100\n|move|p1b: Sinistcha|Matcha Gotcha|p2b: Aerodactyl|[spread] p2a,p2b\n|-damage|p2a: Garchomp|32/100\n|-heal|p1b: Sinistcha|87/100|[from] drain|[of] p2a: Garchomp\n|-damage|p2b: Aerodactyl|0 fnt\n|-heal|p1b: Sinistcha|87/100|[from] drain|[of] p2b: Aerodactyl\n|faint|p2b: Aerodactyl\n|move|p2a: Garchomp|Earthquake|p1b: Sinistcha|[spread] p1a,p1b\n|-resisted|p1b: Sinistcha|1\n|-damage|p1a: Golurk|61/100\n|-damage|p1b: Sinistcha|61/100\n|\n|upkeep\n|\n|t:|1776219509\n|switch|p2b: Incineroar|Incineroar, L50, M|100/100\n|-ability|p2b: Incineroar|Intimidate|boost\n|-unboost|p1a: Golurk|atk|1\n|-unboost|p1b: Sinistcha|atk|1\n|turn|5\n|\n|t:|1776219527\n|detailschange|p1a: Golurk|Golurk-Mega, L50\n|-mega|p1a: Golurk|Golurk|Golurkite\n|move|p2a: Garchomp|Protect|p2a: Garchomp\n|-singleturn|p2a: Garchomp|Protect\n|move|p1a: Golurk|Headlong Rush|p2b: Incineroar\n|-supereffective|p2b: Incineroar|1\n|-damage|p2b: Incineroar|20/100\n|-unboost|p1a: Golurk|def|1\n|-unboost|p1a: Golurk|spd|1\n|-enditem|p2b: Incineroar|Sitrus Berry|[eat]\n|-heal|p2b: Incineroar|45/100|[from] item: Sitrus Berry\n|move|p1b: Sinistcha|Matcha Gotcha|p2b: Incineroar|[spread] \n|-activate|p2a: Garchomp|move: Protect\n|-miss|p1b: Sinistcha|p2b: Incineroar\n|move|p2b: Incineroar|Parting Shot|p1a: Golurk\n|-unboost|p1a: Golurk|atk|1\n|-unboost|p1a: Golurk|spa|1\n|\n|t:|1776219545\n|switch|p2b: Floette|Floette-Eternal, L50, F|100/100|[from] Parting Shot\n|\n|-sideend|p2: nagatoyukii|move: Tailwind\n|upkeep\n|turn|6\n|\n|t:|1776219565\n|switch|p1a: Archaludon|Archaludon, L50, F|100/100\n|detailschange|p2b: Floette|Floette-Mega, L50, F\n|-mega|p2b: Floette|Floette|Floettite\n|-ability|p2b: Floette|Fairy Aura\n|move|p1b: Sinistcha|Matcha Gotcha|p2a: Garchomp|[spread] p2a,p2b\n|-damage|p2a: Garchomp|3/100\n|-heal|p1b: Sinistcha|81/100|[from] drain|[of] p2a: Garchomp\n|-damage|p2b: Floette|78/100\n|-heal|p1b: Sinistcha|95/100|[from] drain|[of] p2b: Floette\n|-status|p2b: Floette|brn\n|move|p2a: Garchomp|Rock Slide|p1a: Archaludon|[spread] p1a,p1b\n|-resisted|p1a: Archaludon|1\n|-damage|p1a: Archaludon|91/100\n|-damage|p1b: Sinistcha|70/100\n|-ability|p1a: Archaludon|Stamina|boost\n|-boost|p1a: Archaludon|def|1\n|move|p2b: Floette|Dazzling Gleam|p1b: Sinistcha|[spread] p1a,p1b\n|-damage|p1a: Archaludon|14/100\n|-damage|p1b: Sinistcha|12/100\n|-ability|p1a: Archaludon|Stamina|boost\n|-boost|p1a: Archaludon|def|1\n|\n|-heal|p1a: Archaludon|20/100|[from] item: Leftovers\n|-damage|p2b: Floette|72/100 brn|[from] brn\n|-fieldend|move: Trick Room\n|upkeep\n|turn|7\n|inactive|chadcantlose has 30 seconds left.\n|inactive|nagatoyukii has 30 seconds left.\n|inactive|nagatoyukii has 20 seconds left.\n|inactive|nagatoyukii has 15 seconds left.\n|inactive|nagatoyukii has 10 seconds left.\n|\n|t:|1776219614\n|move|p1b: Sinistcha|Protect|p1b: Sinistcha\n|-singleturn|p1b: Sinistcha|Protect\n|move|p1a: Archaludon|Flash Cannon|p2b: Floette\n|-supereffective|p2b: Floette|1\n|-damage|p2b: Floette|14/100 brn\n|move|p2b: Floette|Dazzling Gleam|p1a: Archaludon|[spread] p1a\n|-activate|p1b: Sinistcha|move: Protect\n|-damage|p1a: Archaludon|0 fnt\n|faint|p1a: Archaludon\n|move|p2a: Garchomp|Rock Slide|p1b: Sinistcha\n|-activate|p1b: Sinistcha|move: Protect\n|\n|-damage|p2b: Floette|8/100 brn|[from] brn\n|upkeep\n|\n|t:|1776219632\n|switch|p1a: Primarina|Primarina, L50, M|50/100\n|turn|8\n|\n|t:|1776219650\n|move|p2b: Floette|Protect|p2b: Floette\n|-singleturn|p2b: Floette|Protect\n|move|p1a: Primarina|Protect|p1a: Primarina\n|-singleturn|p1a: Primarina|Protect\n|move|p2a: Garchomp|Earthquake|p1b: Sinistcha|[spread] p1b\n|-activate|p2b: Floette|move: Protect\n|-activate|p1a: Primarina|move: Protect\n|-resisted|p1b: Sinistcha|1\n|-damage|p1b: Sinistcha|0 fnt\n|faint|p1b: Sinistcha\n|\n|-damage|p2b: Floette|2/100 brn|[from] brn\n|upkeep\n|\n|t:|1776219665\n|switch|p1b: Golurk|Golurk-Mega, L50|61/100\n|turn|9\n|\n|t:|1776219677\n|move|p1a: Primarina|Protect||[still]\n|-fail|p1a: Primarina\n|move|p1b: Golurk|Protect|p1b: Golurk\n|-singleturn|p1b: Golurk|Protect\n|move|p2a: Garchomp|Rock Slide|p1a: Primarina|[spread] p1a\n|-activate|p1b: Golurk|move: Protect\n|-damage|p1a: Primarina|23/100\n|move|p2b: Floette|Dazzling Gleam|p1b: Golurk|[spread] p1a\n|-activate|p1b: Golurk|move: Protect\n|-damage|p1a: Primarina|0 fnt\n|faint|p1a: Primarina\n|\n|-damage|p2b: Floette|0 fnt|[from] brn\n|faint|p2b: Floette\n|upkeep\n|\n|t:|1776219689\n|switch|p2b: Incineroar|Incineroar, L50, M|45/100\n|-ability|p2b: Incineroar|Intimidate|boost\n|-unboost|p1b: Golurk|atk|1\n|turn|10\n|\n|t:|1776219707\n|move|p2b: Incineroar|Helping Hand|p2a: Garchomp\n|-singleturn|p2a: Garchomp|Helping Hand|[of] p2b: Incineroar\n|move|p2a: Garchomp|Earthquake|p1b: Golurk|[spread] p2b,p1b\n|-supereffective|p2b: Incineroar|1\n|-damage|p2b: Incineroar|0 fnt\n|-damage|p1b: Golurk|10/100\n|faint|p2b: Incineroar\n|move|p1b: Golurk|Dynamic Punch|p2a: Garchomp\n|-damage|p2a: Garchomp|0 fnt\n|-damage|p1b: Golurk|0 fnt|[from] ability: Rough Skin|[of] p2a: Garchomp\n|faint|p2a: Garchomp\n|faint|p1b: Golurk\n|\n|win|chadcantlose\n|raw|chadcantlose's rating: 1028 &rarr; <strong>1061</strong><br />(+33 for winning)\n|raw|nagatoyukii's rating: 1000 &rarr; <strong>1000</strong><br />(+0 for losing)\n",
  "uploadtime": 1776219721,
  "views": 17,
  "formatid": "gen9championsvgc2026regma",
  "rating": 1000,
  "private": 0,
  "password": null
}