{
  "id": "gen9championsvgc2026regma-2585001356",
  "format": "[Gen 9 Champions] VGC 2026 Reg M-A",
  "players": [
    "2x2xl",
    "Mochatose"
  ],
  "log": "|j|\u26062x2xl\n|j|\u2606Mochatose\n|t:|1776302213\n|gametype|doubles\n|player|p1|2x2xl|clown|1086\n|player|p2|Mochatose|caitlin|1055\n|gen|9\n|tier|[Gen 9 Champions] VGC 2026 Reg M-A\n|rated|\n|rule|Species Clause: Limit one of each Pok\u00e9mon\n|rule|Item Clause: Limit 1 of each item\n|clearpoke\n|poke|p1|Watchog, L50, M|\n|poke|p1|Gardevoir, L50, F|\n|poke|p1|Garchomp, L50, F|\n|poke|p1|Rotom-Wash, L50|\n|poke|p1|Incineroar, L50, F|\n|poke|p1|Sinistcha, L50|\n|poke|p2|Floette-Eternal, L50, F|\n|poke|p2|Ninetales-Alola, L50, F|\n|poke|p2|Whimsicott, L50, F|\n|poke|p2|Maushold-Four, L50|\n|poke|p2|Incineroar, L50, F|\n|poke|p2|Castform, L50, M|\n|teampreview|4\n|inactive|Battle timer is ON: inactive players will automatically lose when time's up. (requested by 2x2xl)\n|inactive|Mochatose has 60 seconds left.\n|\n|t:|1776302273\n|teamsize|p1|4\n|teamsize|p2|4\n|start\n|switch|p1a: Watchog|Watchog, L50, M|100/100\n|switch|p1b: Rotom|Rotom-Wash, L50|100/100\n|switch|p2a: Whimsicott|Whimsicott, L50, F|100/100\n|switch|p2b: Floette|Floette-Eternal, L50, F|100/100\n|turn|1\n|inactive|Mochatose has 30 seconds left.\n|\n|t:|1776302302\n|move|p2a: Whimsicott|Tailwind|p2a: Whimsicott\n|-sidestart|p2: Mochatose|move: Tailwind\n|move|p1b: Rotom|Electroweb|p2a: Whimsicott|[spread] p2a,p2b\n|-resisted|p2a: Whimsicott|1\n|-damage|p2a: Whimsicott|89/100\n|-damage|p2b: Floette|87/100\n|-unboost|p2b: Floette|spe|1\n|move|p2b: Floette|Calm Mind|p2b: Floette\n|-boost|p2b: Floette|spa|1\n|-boost|p2b: Floette|spd|1\n|move|p1a: Watchog|Gunk Shot|p2b: Floette\n|-supereffective|p2b: Floette|1\n|-damage|p2b: Floette|0 fnt\n|faint|p2b: Floette\n|\n|upkeep\n|inactive|Mochatose has 30 seconds left.\n|\n|t:|1776302329\n|switch|p2b: Maushold|Maushold-Four, L50|100/100\n|turn|2\n|inactive|Mochatose has 30 seconds left.\n|\n|t:|1776302356\n|switch|p2a: Incineroar|Incineroar, L50, F|100/100\n|-ability|p2a: Incineroar|Intimidate|boost\n|-unboost|p1a: Watchog|atk|1\n|-unboost|p1b: Rotom|atk|1\n|switch|p1b: Incineroar|Incineroar, L50, F|100/100\n|-ability|p1b: Incineroar|Intimidate|boost\n|-unboost|p2a: Incineroar|atk|1\n|-unboost|p2b: Maushold|atk|1\n|move|p2b: Maushold|Super Fang|p1b: Incineroar\n|-damage|p1b: Incineroar|50/100\n|-enditem|p1b: Incineroar|Sitrus Berry|[eat]\n|-heal|p1b: Incineroar|75/100|[from] item: Sitrus Berry\n|move|p1a: Watchog|Gunk Shot|p2a: Incineroar\n|-damage|p2a: Incineroar|75/100\n|\n|upkeep\n|turn|3\n|inactive|2x2xl has 30 seconds left.\n|\n|t:|1776302383\n|move|p1b: Incineroar|Fake Out|p2b: Maushold\n|-damage|p2b: Maushold|84/100\n|cant|p2b: Maushold|flinch\n|move|p2a: Incineroar|Flare Blitz|p1a: Watchog\n|-damage|p1a: Watchog|33/100\n|-damage|p2a: Incineroar|59/100|[from] Recoil\n|move|p1a: Watchog|Thunder Wave|p2a: Incineroar|[miss]\n|-miss|p1a: Watchog|p2a: Incineroar\n|\n|upkeep\n|turn|4\n|\n|t:|1776302405\n|switch|p1a: Rotom|Rotom-Wash, L50|100/100\n|move|p2b: Maushold|Super Fang|p1b: Incineroar\n|-damage|p1b: Incineroar|38/100\n|move|p2a: Incineroar|Flare Blitz|p1a: Rotom\n|-resisted|p1a: Rotom|1\n|-damage|p1a: Rotom|74/100\n|-damage|p2a: Incineroar|54/100|[from] Recoil\n|move|p1b: Incineroar|Flare Blitz|p2b: Maushold\n|-damage|p2b: Maushold|16/100\n|-enditem|p2b: Maushold|Sitrus Berry|[eat]\n|-heal|p2b: Maushold|41/100|[from] item: Sitrus Berry\n|-damage|p1b: Incineroar|18/100|[from] Recoil\n|\n|-sideend|p2: Mochatose|move: Tailwind\n|upkeep\n|turn|5\n|\n|t:|1776302425\n|switch|p2a: Whimsicott|Whimsicott, L50, F|89/100\n|move|p1a: Rotom|Hydro Pump|p2a: Whimsicott\n|-resisted|p2a: Whimsicott|1\n|-damage|p2a: Whimsicott|65/100\n|move|p2b: Maushold|Low Kick|p1b: Incineroar\n|-supereffective|p1b: Incineroar|1\n|-crit|p1b: Incineroar\n|-damage|p1b: Incineroar|0 fnt\n|faint|p1b: Incineroar\n|\n|upkeep\n|\n|t:|1776302430\n|switch|p1b: Gardevoir|Gardevoir, L50, F|100/100\n|turn|6\n|\n|t:|1776302455\n|switch|p1a: Watchog|Watchog, L50, M|33/100\n|detailschange|p1b: Gardevoir|Gardevoir-Mega, L50, F\n|-mega|p1b: Gardevoir|Gardevoir|Gardevoirite\n|move|p2a: Whimsicott|Tailwind|p2a: Whimsicott\n|-sidestart|p2: Mochatose|move: Tailwind\n|move|p2b: Maushold|Super Fang|p1b: Gardevoir\n|-damage|p1b: Gardevoir|51/100\n|move|p1b: Gardevoir|Calm Mind|p1b: Gardevoir\n|-boost|p1b: Gardevoir|spa|1\n|-boost|p1b: Gardevoir|spd|1\n|\n|upkeep\n|turn|7\n|\n|t:|1776302467\n|move|p1b: Gardevoir|Protect|p1b: Gardevoir\n|-singleturn|p1b: Gardevoir|Protect\n|move|p2a: Whimsicott|Encore|p1b: Gardevoir\n|-activate|p1b: Gardevoir|move: Protect\n|move|p2b: Maushold|Low Kick|p1a: Watchog\n|-supereffective|p1a: Watchog|1\n|-damage|p1a: Watchog|8/100\n|move|p1a: Watchog|Gunk Shot|p2a: Whimsicott\n|-supereffective|p2a: Whimsicott|2\n|-damage|p2a: Whimsicott|0 fnt\n|faint|p2a: Whimsicott\n|\n|upkeep\n|\n|t:|1776302474\n|switch|p2a: Incineroar|Incineroar, L50, F|54/100\n|-ability|p2a: Incineroar|Intimidate|boost\n|-unboost|p1a: Watchog|atk|1\n|-unboost|p1b: Gardevoir|atk|1\n|turn|8\n|\n|t:|1776302484\n|move|p2b: Maushold|Low Kick|p1a: Watchog\n|-supereffective|p1a: Watchog|1\n|-damage|p1a: Watchog|0 fnt\n|faint|p1a: Watchog\n|move|p1b: Gardevoir|Hyper Voice|p2b: Maushold|[spread] p2a,p2b\n|-damage|p2a: Incineroar|17/100\n|-damage|p2b: Maushold|0 fnt\n|faint|p2b: Maushold\n|move|p2a: Incineroar|Flare Blitz|p1b: Gardevoir\n|-damage|p1b: Gardevoir|0 fnt\n|faint|p1b: Gardevoir\n|-damage|p2a: Incineroar|5/100|[from] Recoil\n|\n|upkeep\n|\n|t:|1776302492\n|switch|p1b: Rotom|Rotom-Wash, L50|74/100\n|turn|9\n|inactive|Mochatose has 30 seconds left.\n|\n|t:|1776302519\n|move|p1b: Rotom|Discharge|p2a: Incineroar\n|-damage|p2a: Incineroar|0 fnt\n|faint|p2a: Incineroar\n|\n|win|2x2xl\n|raw|2x2xl's rating: 1086 &rarr; <strong>1111</strong><br />(+25 for winning)\n|raw|Mochatose's rating: 1055 &rarr; <strong>1038</strong><br />(-17 for losing)\n|l|\u2606Mochatose\n|player|p2|\n",
  "uploadtime": 1776302532,
  "views": 35,
  "formatid": "gen9championsvgc2026regma",
  "rating": 1038,
  "private": 0,
  "password": null
}