{
  "id": "gen9championsvgc2026regma-2583688103",
  "format": "[Gen 9 Champions] VGC 2026 Reg M-A",
  "players": [
    "AidzPlayz",
    "saintrod"
  ],
  "log": "|j|\u2606AidzPlayz\n|j|\u2606saintrod\n|t:|1776191108\n|gametype|doubles\n|player|p1|AidzPlayz|ghetsis-gen5bw|1194\n|player|p2|saintrod|pokefan-gen4|1172\n|gen|9\n|tier|[Gen 9 Champions] VGC 2026 Reg M-A\n|rated|\n|rule|Species Clause: Limit one of each Pok\u00e9mon\n|rule|Item Clause: Limit 1 of each item\n|clearpoke\n|poke|p1|Aerodactyl, L50, M|\n|poke|p1|Incineroar, L50, F|\n|poke|p1|Floette-Eternal, L50, F|\n|poke|p1|Basculegion, L50, M|\n|poke|p1|Garchomp, L50, M|\n|poke|p1|Sneasler, L50, F|\n|poke|p2|Lycanroc-Dusk, L50, M|\n|poke|p2|Scovillain, L50, M|\n|poke|p2|Crabominable, L50, F|\n|poke|p2|Palafin, L50, M|\n|poke|p2|Clefable, L50, F|\n|poke|p2|Slowking-Galar, L50, M|\n|teampreview|4\n|inactive|Battle timer is ON: inactive players will automatically lose when time's up. (requested by AidzPlayz)\n|inactive|saintrod has 60 seconds left.\n|\n|t:|1776191209\n|teamsize|p1|4\n|teamsize|p2|4\n|start\n|switch|p1a: Incineroar|Incineroar, L50, F|100/100\n|switch|p1b: Basculegion|Basculegion, L50, M|100/100\n|switch|p2a: Crabominable|Crabominable, L50, F|100/100\n|switch|p2b: Slowking|Slowking-Galar, L50, M|100/100\n|-ability|p1a: Incineroar|Intimidate|boost\n|-fail|p2a: Crabominable|unboost|Attack|[from] ability: Hyper Cutter|[of] p2a: Crabominable\n|-unboost|p2b: Slowking|atk|1\n|-clearboost|p2a: Crabominable|[from] ability: Curious Medicine|[of] p2b: Slowking\n|turn|1\n|inactive|AidzPlayz has 30 seconds left.\n|inactive|saintrod has 30 seconds left.\n|\n|t:|1776191242\n|detailschange|p2a: Crabominable|Crabominable-Mega, L50, F\n|-mega|p2a: Crabominable|Crabominable|Crabominite\n|move|p1a: Incineroar|Fake Out|p2b: Slowking\n|-damage|p2b: Slowking|91/100\n|move|p1b: Basculegion|Liquidation|p2b: Slowking\n|-damage|p2b: Slowking|48/100\n|move|p2a: Crabominable|Thunder Punch|p1b: Basculegion\n|-supereffective|p1b: Basculegion|1\n|-damage|p1b: Basculegion|0 fnt\n|faint|p1b: Basculegion\n|cant|p2b: Slowking|flinch\n|\n|-heal|p2b: Slowking|53/100|[from] item: Leftovers\n|upkeep\n|\n|t:|1776191265\n|switch|p1b: Sneasler|Sneasler, L50, F|100/100\n|turn|2\n|\n|t:|1776191284\n|move|p2a: Crabominable|Protect|p2a: Crabominable\n|-singleturn|p2a: Crabominable|Protect\n|move|p1b: Sneasler|Dire Claw|p2b: Slowking\n|-resisted|p2b: Slowking|1\n|-damage|p2b: Slowking|36/100\n|-status|p2b: Slowking|slp\n|move|p1a: Incineroar|Flare Blitz|p2a: Crabominable\n|-activate|p2a: Crabominable|move: Protect\n|cant|p2b: Slowking|slp\n|\n|-heal|p2b: Slowking|42/100 slp|[from] item: Leftovers\n|upkeep\n|turn|3\n|inactive|saintrod has 30 seconds left.\n|inactive|saintrod has 20 seconds left.\n|\n|t:|1776191323\n|switch|p2a: Palafin|Palafin, L50, M, shiny|100/100\n|move|p1b: Sneasler|Close Combat|p2a: Palafin\n|-damage|p2a: Palafin|22/100\n|-unboost|p1b: Sneasler|def|1\n|-unboost|p1b: Sneasler|spd|1\n|-enditem|p1b: Sneasler|White Herb\n|-clearnegativeboost|p1b: Sneasler|[silent]\n|move|p1a: Incineroar|Parting Shot|p2a: Palafin\n|-unboost|p2a: Palafin|atk|1\n|-unboost|p2a: Palafin|spa|1\n|\n|t:|1776191335\n|switch|p1a: Floette|Floette-Eternal, L50, F|100/100|[from] Parting Shot\n|-curestatus|p2b: Slowking|slp|[msg]\n|move|p2b: Slowking|Trick Room|p2b: Slowking\n|-fieldstart|move: Trick Room|[of] p2b: Slowking\n|\n|-heal|p2b: Slowking|48/100|[from] item: Leftovers\n|upkeep\n|turn|4\n|inactive|AidzPlayz has 30 seconds left.\n|inactive|saintrod has 30 seconds left.\n|inactive|saintrod has 20 seconds left.\n|inactive|saintrod has 15 seconds left.\n|\n|t:|1776191377\n|detailschange|p1a: Floette|Floette-Mega, L50, F\n|-mega|p1a: Floette|Floette|Floettite\n|-ability|p1a: Floette|Fairy Aura\n|move|p1b: Sneasler|Protect|p1b: Sneasler\n|-singleturn|p1b: Sneasler|Protect\n|move|p2b: Slowking|Psychic|p1b: Sneasler\n|-activate|p1b: Sneasler|move: Protect\n|move|p2a: Palafin|Flip Turn|p1b: Sneasler\n|-activate|p1b: Sneasler|move: Protect\n|move|p1a: Floette|Dazzling Gleam|p2a: Palafin|[spread] p2a,p2b\n|-resisted|p2b: Slowking|1\n|-damage|p2a: Palafin|0 fnt\n|-damage|p2b: Slowking|27/100\n|faint|p2a: Palafin\n|\n|-heal|p2b: Slowking|33/100|[from] item: Leftovers\n|upkeep\n|\n|t:|1776191393\n|switch|p2a: Crabominable|Crabominable-Mega, L50, F|100/100\n|turn|5\n|inactive|AidzPlayz has 30 seconds left.\n|\n|t:|1776191419\n|switch|p1b: Incineroar|Incineroar, L50, F|100/100\n|-ability|p1b: Incineroar|Intimidate|boost\n|-unboost|p2a: Crabominable|atk|1\n|-unboost|p2b: Slowking|atk|1\n|move|p1a: Floette|Protect|p1a: Floette\n|-singleturn|p1a: Floette|Protect\n|move|p2b: Slowking|Psychic|p1b: Incineroar\n|-immune|p1b: Incineroar\n|move|p2a: Crabominable|Ice Hammer|p1a: Floette\n|-activate|p1a: Floette|move: Protect\n|\n|-heal|p2b: Slowking|39/100|[from] item: Leftovers\n|upkeep\n|turn|6\n|inactive|AidzPlayz has 30 seconds left.\n|\n|t:|1776191445\n|move|p1b: Incineroar|Fake Out|p2a: Crabominable\n|-crit|p2a: Crabominable\n|-damage|p2a: Crabominable|89/100\n|move|p2b: Slowking|Psychic|p1a: Floette\n|-damage|p1a: Floette|72/100\n|cant|p2a: Crabominable|flinch\n|move|p1a: Floette|Moonblast|p2b: Slowking\n|-resisted|p2b: Slowking|1\n|-damage|p2b: Slowking|11/100\n|\n|-heal|p2b: Slowking|17/100|[from] item: Leftovers\n|upkeep\n|turn|7\n|inactive|AidzPlayz has 30 seconds left.\n|inactive|saintrod has 30 seconds left.\n|inactive|AidzPlayz has 20 seconds left.\n|inactive|saintrod has 20 seconds left.\n|\n|t:|1776191484\n|move|p1a: Floette|Protect|p1a: Floette\n|-singleturn|p1a: Floette|Protect\n|-prepare|p2b: Slowking|Chilly Reception|[premajor]\n|move|p2b: Slowking|Chilly Reception|p2b: Slowking\n|-weather|Snowscape\n|\n|t:|1776191489\n|switch|p2b: Lycanroc|Lycanroc-Dusk, L50, M|100/100|[from] Chilly Reception\n|move|p2a: Crabominable|Thunder Punch|p1b: Incineroar\n|-crit|p1b: Incineroar\n|-damage|p1b: Incineroar|46/100\n|-enditem|p1b: Incineroar|Sitrus Berry|[eat]\n|-heal|p1b: Incineroar|70/100|[from] item: Sitrus Berry\n|move|p1b: Incineroar|Flare Blitz|p2a: Crabominable\n|-supereffective|p2a: Crabominable|1\n|-damage|p2a: Crabominable|41/100\n|-damage|p1b: Incineroar|54/100|[from] Recoil\n|\n|-weather|Snowscape|[upkeep]\n|-fieldend|move: Trick Room\n|upkeep\n|turn|8\n|inactive|AidzPlayz has 30 seconds left.\n|inactive|saintrod has 30 seconds left.\n|inactive|AidzPlayz has 20 seconds left.\n|inactive|AidzPlayz has 15 seconds left.\n|\n|t:|1776191530\n|move|p2a: Crabominable|Protect|p2a: Crabominable\n|-singleturn|p2a: Crabominable|Protect\n|move|p2b: Lycanroc|Accelerock|p1a: Floette\n|-damage|p1a: Floette|40/100\n|move|p1a: Floette|Dazzling Gleam|p2a: Crabominable|[spread] p2b\n|-activate|p2a: Crabominable|move: Protect\n|-damage|p2b: Lycanroc|8/100\n|move|p1b: Incineroar|Parting Shot|p2a: Crabominable\n|-activate|p2a: Crabominable|move: Protect\n|\n|-weather|Snowscape|[upkeep]\n|upkeep\n|turn|9\n|inactive|AidzPlayz has 30 seconds left.\n|\n|t:|1776191560\n|switch|p2b: Slowking|Slowking-Galar, L50, M|17/100\n|-clearboost|p2a: Crabominable|[from] ability: Curious Medicine|[of] p2b: Slowking\n|move|p2a: Crabominable|Wide Guard|p2a: Crabominable\n|-singleturn|p2a: Crabominable|Wide Guard\n|move|p1a: Floette|Dazzling Gleam|p2b: Slowking|[spread] \n|-activate|p2a: Crabominable|move: Wide Guard\n|-activate|p2b: Slowking|move: Wide Guard\n|move|p1b: Incineroar|Parting Shot|p2a: Crabominable\n|-unboost|p2a: Crabominable|atk|1\n|-unboost|p2a: Crabominable|spa|1\n|\n|t:|1776191572\n|switch|p1b: Sneasler|Sneasler, L50, F|100/100|[from] Parting Shot\n|\n|-weather|Snowscape|[upkeep]\n|-heal|p2b: Slowking|23/100|[from] item: Leftovers\n|upkeep\n|turn|10\n|inactive|saintrod has 30 seconds left.\n|inactive|saintrod has 20 seconds left.\n|inactive|saintrod has 15 seconds left.\n|\n|t:|1776191615\n|move|p2a: Crabominable|Wide Guard|p2a: Crabominable\n|-singleturn|p2a: Crabominable|Wide Guard\n|move|p1b: Sneasler|Dire Claw|p2b: Slowking\n|-resisted|p2b: Slowking|1\n|-damage|p2b: Slowking|6/100\n|move|p1a: Floette|Moonblast|p2b: Slowking\n|-resisted|p2b: Slowking|1\n|-damage|p2b: Slowking|0 fnt\n|faint|p2b: Slowking\n|\n|-weather|Snowscape|[upkeep]\n|upkeep\n|\n|t:|1776191623\n|switch|p2b: Lycanroc|Lycanroc-Dusk, L50, M|8/100\n|turn|11\n|\n|t:|1776191637\n|move|p1a: Floette|Protect|p1a: Floette\n|-singleturn|p1a: Floette|Protect\n|move|p2b: Lycanroc|Accelerock|p1a: Floette\n|-activate|p1a: Floette|move: Protect\n|move|p1b: Sneasler|Close Combat|p2b: Lycanroc\n|-supereffective|p2b: Lycanroc|1\n|-damage|p2b: Lycanroc|0 fnt\n|-unboost|p1b: Sneasler|def|1\n|-unboost|p1b: Sneasler|spd|1\n|faint|p2b: Lycanroc\n|move|p2a: Crabominable|Ice Hammer|p1a: Floette\n|-activate|p1a: Floette|move: Protect\n|\n|-weather|none\n|upkeep\n|turn|12\n|-message|saintrod forfeited.\n|\n|win|AidzPlayz\n|raw|AidzPlayz's rating: 1194 &rarr; <strong>1217</strong><br />(+23 for winning)\n|raw|saintrod's rating: 1172 &rarr; <strong>1149</strong><br />(-23 for losing)\n|l|\u2606saintrod\n|player|p2|\n",
  "uploadtime": 1776191641,
  "views": 18,
  "formatid": "gen9championsvgc2026regma",
  "rating": 1149,
  "private": 0,
  "password": null
}