{
  "id": "gen9championsvgc2026regma-2584221903",
  "format": "[Gen 9 Champions] VGC 2026 Reg M-A",
  "players": [
    "space9982",
    "wogusl"
  ],
  "log": "|j|\u2606space9982\n|j|\u2606wogusl\n|t:|1776239965\n|gametype|doubles\n|player|p1|space9982|170|1443\n|player|p2|wogusl|rosa|1404\n|gen|9\n|tier|[Gen 9 Champions] VGC 2026 Reg M-A\n|rated|\n|rule|Species Clause: Limit one of each Pok\u00e9mon\n|rule|Item Clause: Limit 1 of each item\n|clearpoke\n|poke|p1|Drampa, L50, M|\n|poke|p1|Pelipper, L50, M|\n|poke|p1|Sinistcha, L50|\n|poke|p1|Alakazam, L50, M|\n|poke|p1|Scizor, L50, M|\n|poke|p1|Basculegion, L50, M|\n|poke|p2|Floette-Eternal, L50, F|\n|poke|p2|Talonflame, L50, F|\n|poke|p2|Garchomp, L50, F|\n|poke|p2|Sneasler, L50, F|\n|poke|p2|Rotom-Wash, L50|\n|poke|p2|Maushold-Four, L50|\n|teampreview|4\n|inactive|Battle timer is ON: inactive players will automatically lose when time's up. (requested by space9982)\n|\n|t:|1776239985\n|teamsize|p1|4\n|teamsize|p2|4\n|start\n|switch|p1a: Drampa|Drampa, L50, M, shiny|100/100\n|switch|p1b: Alakazam|Alakazam, L50, M, shiny|100/100\n|switch|p2a: Floette|Floette-Eternal, L50, F|100/100\n|switch|p2b: Maushold|Maushold-Four, L50, shiny|100/100\n|turn|1\n|inactive|wogusl has 30 seconds left.\n|\n|t:|1776240019\n|detailschange|p2a: Floette|Floette-Mega, L50, F\n|-mega|p2a: Floette|Floette|Floettite\n|-ability|p2a: Floette|Fairy Aura\n|move|p2b: Maushold|Follow Me|p2b: Maushold\n|-singleturn|p2b: Maushold|move: Follow Me\n|move|p1b: Alakazam|Light Screen|p1b: Alakazam\n|-sidestart|p1: space9982|move: Light Screen\n|move|p2a: Floette|Dazzling Gleam|p1b: Alakazam|[spread] p1a,p1b\n|-supereffective|p1a: Drampa|1\n|-damage|p1a: Drampa|36/100\n|-damage|p1b: Alakazam|65/100\n|-ability|p1a: Drampa|Berserk|boost\n|-boost|p1a: Drampa|spa|1\n|move|p1a: Drampa|Calm Mind|p1a: Drampa\n|-boost|p1a: Drampa|spa|1\n|-boost|p1a: Drampa|spd|1\n|\n|upkeep\n|turn|2\n|\n|t:|1776240033\n|switch|p1b: Sinistcha|Sinistcha, L50, shiny|100/100\n|-heal|p1a: Drampa|60/100|[from] ability: Hospitality|[of] p1b: Sinistcha\n|move|p1a: Drampa|Protect|p1a: Drampa\n|-singleturn|p1a: Drampa|Protect\n|move|p2b: Maushold|Follow Me|p2b: Maushold\n|-singleturn|p2b: Maushold|move: Follow Me\n|move|p2a: Floette|Moonblast|p1a: Drampa\n|-activate|p1a: Drampa|move: Protect\n|\n|upkeep\n|turn|3\n|\n|t:|1776240047\n|detailschange|p1a: Drampa|Drampa-Mega, L50, M, shiny\n|-mega|p1a: Drampa|Drampa|Drampanite\n|move|p2b: Maushold|Taunt|p1b: Sinistcha\n|-start|p1b: Sinistcha|move: Taunt\n|move|p2a: Floette|Dazzling Gleam|p1a: Drampa|[spread] p1a,p1b\n|-supereffective|p1a: Drampa|1\n|-damage|p1a: Drampa|24/100\n|-damage|p1b: Sinistcha|70/100\n|-ability|p1a: Drampa|Berserk|boost\n|-boost|p1a: Drampa|spa|1\n|move|p1a: Drampa|Hyper Voice|p2a: Floette|[spread] p2a,p2b\n|-damage|p2a: Floette|35/100\n|-enditem|p2b: Maushold|Focus Sash\n|-damage|p2b: Maushold|1/100\n|cant|p1b: Sinistcha|move: Taunt|Trick Room\n|\n|upkeep\n|turn|4\n|\n|t:|1776240069\n|switch|p2b: Sneasler|Sneasler, L50, F, shiny|100/100\n|switch|p1b: Scizor|Scizor, L50, M, shiny|100/100\n|move|p1a: Drampa|Protect|p1a: Drampa\n|-singleturn|p1a: Drampa|Protect\n|move|p2a: Floette|Calm Mind|p2a: Floette\n|-boost|p2a: Floette|spa|1\n|-boost|p2a: Floette|spd|1\n|\n|upkeep\n|turn|5\n|\n|t:|1776240095\n|switch|p1b: Sinistcha|Sinistcha, L50, shiny|70/100\n|-heal|p1a: Drampa|49/100|[from] ability: Hospitality|[of] p1b: Sinistcha\n|move|p1a: Drampa|Protect||[still]\n|-fail|p1a: Drampa\n|move|p2b: Sneasler|Fake Out|p1b: Sinistcha\n|-immune|p1b: Sinistcha\n|move|p2a: Floette|Dazzling Gleam|p1a: Drampa|[spread] p1a,p1b\n|-supereffective|p1a: Drampa|1\n|-damage|p1a: Drampa|0 fnt\n|-damage|p1b: Sinistcha|18/100\n|-enditem|p1b: Sinistcha|Sitrus Berry|[eat]\n|-heal|p1b: Sinistcha|43/100|[from] item: Sitrus Berry\n|faint|p1a: Drampa\n|\n|-sideend|p1: space9982|move: Light Screen\n|upkeep\n|\n|t:|1776240111\n|switch|p1a: Scizor|Scizor, L50, M, shiny|100/100\n|turn|6\n|\n|t:|1776240119\n|move|p1a: Scizor|Bullet Punch|p2a: Floette\n|-supereffective|p2a: Floette|1\n|-damage|p2a: Floette|0 fnt\n|faint|p2a: Floette\n|move|p2b: Sneasler|Dire Claw|p1b: Sinistcha\n|-crit|p1b: Sinistcha\n|-damage|p1b: Sinistcha|0 fnt\n|faint|p1b: Sinistcha\n|\n|upkeep\n|\n|t:|1776240122\n|switch|p2a: Talonflame|Talonflame, L50, F, shiny|100/100\n|switch|p1b: Alakazam|Alakazam, L50, M, shiny|65/100\n|turn|7\n|\n|t:|1776240140\n|move|p2a: Talonflame|Tailwind|p2a: Talonflame\n|-sidestart|p2: wogusl|move: Tailwind\n|move|p2b: Sneasler|Dire Claw|p1b: Alakazam\n|-damage|p1b: Alakazam|0 fnt\n|faint|p1b: Alakazam\n|move|p1a: Scizor|Swords Dance|p1a: Scizor\n|-boost|p1a: Scizor|atk|2\n|\n|upkeep\n|turn|8\n|\n|t:|1776240147\n|move|p1a: Scizor|Bullet Punch|p2a: Talonflame\n|-resisted|p2a: Talonflame|1\n|-damage|p2a: Talonflame|50/100\n|move|p2a: Talonflame|Flare Blitz|p1a: Scizor\n|-supereffective|p1a: Scizor|2\n|-damage|p1a: Scizor|0 fnt\n|faint|p1a: Scizor\n|-damage|p2a: Talonflame|13/100|[from] Recoil\n|\n|win|wogusl\n|raw|space9982's rating: 1443 &rarr; <strong>1421</strong><br />(-22 for losing)\n|raw|wogusl's rating: 1404 &rarr; <strong>1426</strong><br />(+22 for winning)\n",
  "uploadtime": 1776240150,
  "views": 37,
  "formatid": "gen9championsvgc2026regma",
  "rating": 1421,
  "private": 0,
  "password": null
}