{
  "id": "gen9championsvgc2026regma-2588686769",
  "format": "[Gen 9 Champions] VGC 2026 Reg M-A",
  "players": [
    "NomadSM",
    "PleaseBuffRayquaza"
  ],
  "log": "|j|\u2606NomadSM\n|j|\u2606PleaseBuffRayquaza\n|t:|1776657730\n|gametype|doubles\n|player|p1|NomadSM|veteran|1219\n|player|p2|PleaseBuffRayquaza|cynthia-gen4|1212\n|gen|9\n|tier|[Gen 9 Champions] VGC 2026 Reg M-A\n|rated|\n|rule|Species Clause: Limit one of each Pok\u00e9mon\n|rule|Item Clause: Limit 1 of each item\n|clearpoke\n|poke|p1|Meganium, L50, F|\n|poke|p1|Pelipper, L50, M|\n|poke|p1|Basculegion, L50, M|\n|poke|p1|Dragonite, L50, F, shiny|\n|poke|p1|Sneasler, L50, M|\n|poke|p1|Archaludon, L50, M|\n|poke|p2|Heliolisk, L50, M|\n|poke|p2|Charizard, L50, M, shiny|\n|poke|p2|Noivern, L50, M, shiny|\n|poke|p2|Greninja, L50, M, shiny|\n|poke|p2|Rhyperior, L50, M|\n|poke|p2|Jolteon, L50, M|\n|teampreview|4\n|inactive|Battle timer is ON: inactive players will automatically lose when time's up. (requested by NomadSM)\n|\n|t:|1776657758\n|teamsize|p1|4\n|teamsize|p2|4\n|start\n|switch|p1a: Pelipper|Pelipper, L50, M|100/100\n|switch|p1b: Sneasler|Sneasler, L50, M|100/100\n|switch|p2a: A Bad Lizard|Heliolisk, L50, M|100/100\n|switch|p2b: Attack his heart|Noivern, L50, M, shiny|100/100\n|-weather|RainDance|[from] ability: Drizzle|[of] p1a: Pelipper\n|turn|1\n|\n|t:|1776657782\n|move|p2b: Attack his heart|Protect|p2b: Attack his heart\n|-singleturn|p2b: Attack his heart|Protect\n|move|p1b: Sneasler|Fake Out|p2b: Attack his heart\n|-activate|p2b: Attack his heart|move: Protect\n|move|p2a: A Bad Lizard|Discharge|p1a: Pelipper|[spread] p1a,p1b\n|-activate|p2b: Attack his heart|move: Protect\n|-supereffective|p1a: Pelipper|2\n|-enditem|p1a: Pelipper|Focus Sash\n|-damage|p1a: Pelipper|1/100\n|-damage|p1b: Sneasler|65/100\n|-status|p1b: Sneasler|par\n|move|p1a: Pelipper|Tailwind|p1a: Pelipper\n|-sidestart|p1: NomadSM|move: Tailwind\n|\n|-weather|RainDance|[upkeep]\n|upkeep\n|turn|2\n|inactive|NomadSM has 30 seconds left.\n|\n|t:|1776657815\n|switch|p1b: Basculegion|Basculegion, L50, M|100/100\n|move|p1a: Pelipper|Wide Guard|p1a: Pelipper\n|-singleturn|p1a: Pelipper|Wide Guard\n|move|p2a: A Bad Lizard|Discharge|p1a: Pelipper|[spread] \n|-activate|p1a: Pelipper|move: Wide Guard\n|-activate|p1b: Basculegion|move: Wide Guard\n|-activate|p2b: Attack his heart|ability: Telepathy\n|move|p2b: Attack his heart|Dual Wingbeat|p1b: Basculegion\n|-damage|p1b: Basculegion|82/100\n|-damage|p1b: Basculegion|62/100\n|-hitcount|p1b: Basculegion|2\n|\n|-weather|RainDance|[upkeep]\n|upkeep\n|turn|3\n|\n|t:|1776657838\n|switch|p2a: Birthday boy|Jolteon, L50, M|100/100\n|move|p1a: Pelipper|Helping Hand|p1b: Basculegion\n|-singleturn|p1b: Basculegion|Helping Hand|[of] p1a: Pelipper\n|move|p1b: Basculegion|Flip Turn|p2b: Attack his heart\n|-resisted|p2b: Attack his heart|1\n|-damage|p2b: Attack his heart|44/100\n|\n|t:|1776657848\n|switch|p1b: Sneasler|Sneasler, L50, M|65/100 par|[from] Flip Turn\n|move|p2b: Attack his heart|Tailwind|p2b: Attack his heart\n|-sidestart|p2: PleaseBuffRayquaza|move: Tailwind\n|\n|-weather|RainDance|[upkeep]\n|upkeep\n|turn|4\n|inactive|PleaseBuffRayquaza has 30 seconds left.\n|\n|t:|1776657874\n|switch|p1a: Meganium|Meganium, L50, F|100/100\n|cant|p1b: Sneasler|par\n|move|p2a: Birthday boy|Thunderbolt|p1a: Meganium\n|-resisted|p1a: Meganium|1\n|-damage|p1a: Meganium|78/100\n|move|p2b: Attack his heart|Dual Wingbeat|p1b: Sneasler\n|-supereffective|p1b: Sneasler|1\n|-damage|p1b: Sneasler|20/100 par\n|-supereffective|p1b: Sneasler|1\n|-damage|p1b: Sneasler|0 fnt\n|faint|p1b: Sneasler\n|-hitcount|p1: Sneasler|2\n|\n|-weather|RainDance|[upkeep]\n|-sideend|p1: NomadSM|move: Tailwind\n|upkeep\n|\n|t:|1776657892\n|switch|p1b: Pelipper|Pelipper, L50, M|1/100\n|turn|5\n|\n|t:|1776657904\n|detailschange|p1a: Meganium|Meganium-Mega, L50, F\n|-mega|p1a: Meganium|Meganium|Meganiumite\n|move|p2a: Birthday boy|Volt Switch|p1b: Pelipper\n|-supereffective|p1b: Pelipper|2\n|-damage|p1b: Pelipper|0 fnt\n|faint|p1b: Pelipper\n|\n|t:|1776657910\n|switch|p2a: Power of the Sun|Charizard, L50, M, shiny|100/100|[from] Volt Switch\n|move|p2b: Attack his heart|Dual Wingbeat|p1a: Meganium\n|-supereffective|p1a: Meganium|1\n|-damage|p1a: Meganium|50/100\n|-supereffective|p1a: Meganium|1\n|-damage|p1a: Meganium|23/100\n|-hitcount|p1a: Meganium|2\n|move|p1a: Meganium|Dazzling Gleam|p2b: Attack his heart|[spread] p2a,p2b\n|-resisted|p2a: Power of the Sun|1\n|-supereffective|p2b: Attack his heart|1\n|-damage|p2a: Power of the Sun|78/100\n|-damage|p2b: Attack his heart|0 fnt\n|faint|p2b: Attack his heart\n|\n|-weather|none\n|upkeep\n|\n|t:|1776657923\n|switch|p2b: A Bad Lizard|Heliolisk, L50, M|100/100\n|switch|p1b: Basculegion|Basculegion, L50, M|62/100\n|turn|6\n|\n|t:|1776657932\n|detailschange|p2a: Power of the Sun|Charizard-Mega-Y, L50, M, shiny\n|-mega|p2a: Power of the Sun|Charizard|Charizardite Y\n|-weather|SunnyDay|[from] ability: Drought|[of] p2a: Power of the Sun\n|move|p2a: Power of the Sun|Protect|p2a: Power of the Sun\n|-singleturn|p2a: Power of the Sun|Protect\n|move|p2b: A Bad Lizard|Discharge|p1a: Meganium|[spread] p1a,p1b\n|-activate|p2a: Power of the Sun|move: Protect\n|-resisted|p1a: Meganium|1\n|-supereffective|p1b: Basculegion|1\n|-crit|p1b: Basculegion\n|-damage|p1a: Meganium|0 fnt\n|-damage|p1b: Basculegion|0 fnt\n|faint|p1a: Meganium\n|faint|p1b: Basculegion\n|\n|win|PleaseBuffRayquaza\n|raw|NomadSM's rating: 1219 &rarr; <strong>1193</strong><br />(-26 for losing)\n|raw|PleaseBuffRayquaza's rating: 1212 &rarr; <strong>1238</strong><br />(+26 for winning)\n|l|\u2606NomadSM\n|player|p1|\n",
  "uploadtime": 1776657974,
  "views": 14,
  "formatid": "gen9championsvgc2026regma",
  "rating": 1193,
  "private": 0,
  "password": null
}