{
  "id": "gen9championsvgc2026regma-2581589458",
  "format": "[Gen 9 Champions] VGC 2026 Reg M-A",
  "players": [
    "KeoneSpirit",
    "jvmummy"
  ],
  "log": "|j|\u2606KeoneSpirit\n|j|\u2606jvmummy\n|t:|1776013288\n|gametype|doubles\n|player|p1|KeoneSpirit|101|1099\n|player|p2|jvmummy|169|1178\n|gen|9\n|tier|[Gen 9 Champions] VGC 2026 Reg M-A\n|rated|\n|rule|Species Clause: Limit one of each Pok\u00e9mon\n|rule|Item Clause: Limit 1 of each item\n|clearpoke\n|poke|p1|Slowbro, L50, M|\n|poke|p1|Oranguru, L50, M|\n|poke|p1|Torkoal, L50, M|\n|poke|p1|Sinistcha-Masterpiece, L50|\n|poke|p1|Venusaur, L50, M|\n|poke|p1|Golurk, L50|\n|poke|p2|Crabominable, L50, F|\n|poke|p2|Incineroar, L50, F|\n|poke|p2|Farigiraf, L50, M|\n|poke|p2|Ninetales-Alola, L50, M|\n|poke|p2|Basculegion, L50, M|\n|poke|p2|Torkoal, L50, M|\n|teampreview|4\n|inactive|Battle timer is ON: inactive players will automatically lose when time's up. (requested by KeoneSpirit)\n|\n|t:|1776013366\n|teamsize|p1|4\n|teamsize|p2|4\n|start\n|switch|p1a: Oranguru|Oranguru, L50, M, shiny|100/100\n|switch|p1b: Torkoal|Torkoal, L50, M, shiny|100/100\n|switch|p2a: Crabominable|Crabominable, L50, F|100/100\n|switch|p2b: Incineroar|Incineroar, L50, F|100/100\n|-ability|p2b: Incineroar|Intimidate|boost\n|-fail|p1a: Oranguru|unboost|Attack|[from] ability: Inner Focus|[of] p1a: Oranguru\n|-unboost|p1b: Torkoal|atk|1\n|-weather|SunnyDay|[from] ability: Drought|[of] p1b: Torkoal\n|turn|1\n|inactive|jvmummy has 30 seconds left.\n|\n|t:|1776013396\n|detailschange|p2a: Crabominable|Crabominable-Mega, L50, F\n|-mega|p2a: Crabominable|Crabominable|Crabominite\n|move|p2b: Incineroar|Fake Out|p1b: Torkoal\n|-damage|p1b: Torkoal|91/100\n|move|p2a: Crabominable|Drain Punch|p1b: Torkoal\n|-damage|p1b: Torkoal|43/100\n|cant|p1b: Torkoal|flinch\n|move|p1a: Oranguru|Trick Room|p1a: Oranguru\n|-fieldstart|move: Trick Room|[of] p1a: Oranguru\n|\n|-weather|SunnyDay|[upkeep]\n|upkeep\n|turn|2\n|inactive|KeoneSpirit has 30 seconds left.\n|inactive|jvmummy has 30 seconds left.\n|inactive|KeoneSpirit has 20 seconds left.\n|\n|t:|1776013431\n|switch|p2a: Ninetales|Ninetales-Alola, L50, M|100/100\n|-weather|Snowscape|[from] ability: Snow Warning|[of] p2a: Ninetales\n|move|p1b: Torkoal|Heat Wave|p2b: Incineroar|[spread] p2a\n|-miss|p1b: Torkoal|p2b: Incineroar\n|-supereffective|p2a: Ninetales|1\n|-damage|p2a: Ninetales|24/100\n|move|p1a: Oranguru|Instruct|p1b: Torkoal\n|-singleturn|p1b: Torkoal|move: Instruct|[of] p1a: Oranguru\n|move|p1b: Torkoal|Heat Wave|p2b: Incineroar|[spread] p2a,p2b\n|-supereffective|p2a: Ninetales|1\n|-resisted|p2b: Incineroar|1\n|-damage|p2a: Ninetales|0 fnt\n|-damage|p2b: Incineroar|84/100\n|faint|p2a: Ninetales\n|move|p2b: Incineroar|Parting Shot|p1b: Torkoal\n|-unboost|p1b: Torkoal|atk|1\n|-unboost|p1b: Torkoal|spa|1\n|\n|t:|1776013449\n|switch|p2b: Crabominable|Crabominable-Mega, L50, F|100/100|[from] Parting Shot\n|\n|-weather|Snowscape|[upkeep]\n|upkeep\n|\n|t:|1776013454\n|switch|p2a: Incineroar|Incineroar, L50, F|84/100\n|-ability|p2a: Incineroar|Intimidate|boost\n|-fail|p1a: Oranguru|unboost|Attack|[from] ability: Inner Focus|[of] p1a: Oranguru\n|-unboost|p1b: Torkoal|atk|1\n|turn|3\n|inactive|jvmummy has 30 seconds left.\n|\n|t:|1776013480\n|switch|p1b: Sinistcha|Sinistcha-Masterpiece, L50|100/100\n|move|p2b: Crabominable|Protect|p2b: Crabominable\n|-singleturn|p2b: Crabominable|Protect\n|move|p1a: Oranguru|Foul Play|p2b: Crabominable\n|-activate|p2b: Crabominable|move: Protect\n|move|p2a: Incineroar|Throat Chop|p1a: Oranguru\n|-supereffective|p1a: Oranguru|1\n|-damage|p1a: Oranguru|36/100\n|-start|p1a: Oranguru|Throat Chop|[silent]\n|\n|-weather|Snowscape|[upkeep]\n|upkeep\n|turn|4\n|inactive|KeoneSpirit has 30 seconds left.\n|inactive|jvmummy has 30 seconds left.\n|\n|t:|1776013510\n|switch|p1a: Torkoal|Torkoal, L50, M, shiny|43/100\n|-weather|SunnyDay|[from] ability: Drought|[of] p1a: Torkoal\n|move|p1b: Sinistcha|Rage Powder|p1b: Sinistcha\n|-singleturn|p1b: Sinistcha|move: Rage Powder\n|move|p2b: Crabominable|Ice Hammer|p1b: Sinistcha\n|-supereffective|p1b: Sinistcha|1\n|-damage|p1b: Sinistcha|0 fnt\n|-unboost|p2b: Crabominable|spe|1\n|faint|p1b: Sinistcha\n|move|p2a: Incineroar|Flare Blitz|p1a: Torkoal\n|-resisted|p1a: Torkoal|1\n|-damage|p1a: Torkoal|14/100\n|-damage|p2a: Incineroar|76/100|[from] Recoil\n|\n|-weather|SunnyDay|[upkeep]\n|upkeep\n|\n|t:|1776013521\n|switch|p1b: Golurk|Golurk, L50, shiny|100/100\n|turn|5\n|\n|t:|1776013537\n|switch|p2a: Basculegion|Basculegion, L50, M|100/100\n|move|p2b: Crabominable|Mach Punch|p1a: Torkoal\n|-damage|p1a: Torkoal|0 fnt\n|faint|p1a: Torkoal\n|move|p1b: Golurk|Dynamic Punch|p2a: Basculegion\n|-immune|p2a: Basculegion\n|\n|-weather|SunnyDay|[upkeep]\n|-fieldend|move: Trick Room\n|upkeep\n|\n|t:|1776013545\n|switch|p1a: Oranguru|Oranguru, L50, M, shiny|36/100\n|turn|6\n|\n|t:|1776013557\n|detailschange|p1b: Golurk|Golurk-Mega, L50, shiny\n|-mega|p1b: Golurk|Golurk|Golurkite\n|move|p2a: Basculegion|Last Respects|p1b: Golurk\n|-supereffective|p1b: Golurk|1\n|-damage|p1b: Golurk|0 fnt\n|faint|p1b: Golurk\n|move|p1a: Oranguru|Instruct|p1: Golurk|[notarget]\n|-fail|p1a: Oranguru\n|move|p2b: Crabominable|Ice Hammer|p1a: Oranguru\n|-damage|p1a: Oranguru|0 fnt\n|-unboost|p2b: Crabominable|spe|1\n|faint|p1a: Oranguru\n|\n|win|jvmummy\n|raw|KeoneSpirit's rating: 1099 &rarr; <strong>1080</strong><br />(-19 for losing)\n|raw|jvmummy's rating: 1178 &rarr; <strong>1197</strong><br />(+19 for winning)\n|l|\u2606KeoneSpirit\n|player|p1|\n",
  "uploadtime": 1776013572,
  "views": 11,
  "formatid": "gen9championsvgc2026regma",
  "rating": 1080,
  "private": 0,
  "password": null
}