{
  "id": "gen9championsvgc2026regma-2583220323",
  "format": "[Gen 9 Champions] VGC 2026 Reg M-A",
  "players": [
    "dgt52",
    "dragapultintin"
  ],
  "log": "|j|\u2606dgt52\n|j|\u2606dragapultintin\n|t:|1776156228\n|gametype|doubles\n|player|p1|dgt52|265|1082\n|player|p2|dragapultintin|ethan-gen2|1124\n|gen|9\n|tier|[Gen 9 Champions] VGC 2026 Reg M-A\n|rated|\n|rule|Species Clause: Limit one of each Pok\u00e9mon\n|rule|Item Clause: Limit 1 of each item\n|clearpoke\n|poke|p1|Clefable, L50, F|\n|poke|p1|Oranguru, L50, M|\n|poke|p1|Basculegion, L50, M|\n|poke|p1|Sneasler, L50, M|\n|poke|p1|Torkoal, L50, F|\n|poke|p1|Drampa, L50, F|\n|poke|p2|Floette-Eternal, L50, F|\n|poke|p2|Garchomp, L50, F|\n|poke|p2|Sinistcha-Masterpiece, L50|\n|poke|p2|Incineroar, L50, F|\n|poke|p2|Rotom-Wash, L50|\n|poke|p2|Kingambit, L50, F|\n|teampreview|4\n|inactive|Battle timer is ON: inactive players will automatically lose when time's up. (requested by dragapultintin)\n|inactive|dragapultintin has 60 seconds left.\n|inactive|dragapultintin has 30 seconds left.\n|\n|t:|1776156292\n|teamsize|p1|4\n|teamsize|p2|4\n|start\n|switch|p1a: Sneasler|Sneasler, L50, M|100/100\n|switch|p1b: Oranguru|Oranguru, L50, M|100/100\n|switch|p2a: Garchomp|Garchomp, L50, F|100/100\n|switch|p2b: Incineroar|Incineroar, L50, F|100/100\n|-ability|p2b: Incineroar|Intimidate|boost\n|-unboost|p1a: Sneasler|atk|1\n|-unboost|p1b: Oranguru|atk|1\n|-enditem|p1a: Sneasler|White Herb\n|-clearnegativeboost|p1a: Sneasler|[silent]\n|turn|1\n|\n|t:|1776156306\n|detailschange|p2a: Garchomp|Garchomp-Mega, L50, F\n|-mega|p2a: Garchomp|Garchomp|Garchompite\n|move|p1a: Sneasler|Fake Out|p2b: Incineroar\n|-damage|p2b: Incineroar|87/100\n|move|p2a: Garchomp|Rock Slide|p1a: Sneasler|[spread] p1a,p1b\n|-resisted|p1a: Sneasler|1\n|-crit|p1b: Oranguru\n|-damage|p1a: Sneasler|82/100\n|-damage|p1b: Oranguru|74/100\n|cant|p2b: Incineroar|flinch\n|cant|p1b: Oranguru|flinch\n|\n|upkeep\n|turn|2\n|\n|t:|1776156328\n|move|p1a: Sneasler|Close Combat|p2b: Incineroar\n|-supereffective|p2b: Incineroar|1\n|-damage|p2b: Incineroar|0 fnt\n|-unboost|p1a: Sneasler|def|1\n|-unboost|p1a: Sneasler|spd|1\n|faint|p2b: Incineroar\n|move|p2a: Garchomp|Rock Slide|p1a: Sneasler|[spread] p1a,p1b\n|-resisted|p1a: Sneasler|1\n|-damage|p1a: Sneasler|53/100\n|-damage|p1b: Oranguru|56/100\n|cant|p1b: Oranguru|flinch\n|\n|upkeep\n|\n|t:|1776156335\n|switch|p2b: Kingambit|Kingambit, L50, F|100/100\n|turn|3\n|\n|t:|1776156347\n|move|p2b: Kingambit|Protect|p2b: Kingambit\n|-singleturn|p2b: Kingambit|Protect\n|move|p1a: Sneasler|Close Combat|p2b: Kingambit\n|-activate|p2b: Kingambit|move: Protect\n|move|p2a: Garchomp|Earthquake|p1a: Sneasler|[spread] p1a,p1b\n|-activate|p2b: Kingambit|move: Protect\n|-supereffective|p1a: Sneasler|1\n|-damage|p1a: Sneasler|0 fnt\n|-damage|p1b: Oranguru|22/100\n|faint|p1a: Sneasler\n|move|p1b: Oranguru|Trick Room|p1b: Oranguru\n|-fieldstart|move: Trick Room|[of] p1b: Oranguru\n|\n|upkeep\n|\n|t:|1776156361\n|switch|p1a: Drampa|Drampa, L50, F|100/100\n|turn|4\n|inactive|dragapultintin has 30 seconds left.\n|inactive|dragapultintin has 20 seconds left.\n|\n|t:|1776156397\n|switch|p2a: Sinistcha|Sinistcha-Masterpiece, L50|100/100\n|detailschange|p1a: Drampa|Drampa-Mega, L50, F\n|-mega|p1a: Drampa|Drampa|Drampanite\n|move|p1a: Drampa|Hyper Voice|p2a: Sinistcha|[spread] p2b\n|-immune|p2a: Sinistcha\n|-resisted|p2b: Kingambit|1\n|-damage|p2b: Kingambit|80/100\n|move|p2b: Kingambit|Swords Dance|p2b: Kingambit\n|-boost|p2b: Kingambit|atk|2\n|move|p1b: Oranguru|Instruct|p1a: Drampa\n|-singleturn|p1a: Drampa|move: Instruct|[of] p1b: Oranguru\n|move|p1a: Drampa|Hyper Voice|p2b: Kingambit|[spread] p2b\n|-immune|p2a: Sinistcha\n|-resisted|p2b: Kingambit|1\n|-damage|p2b: Kingambit|57/100\n|\n|upkeep\n|turn|5\n|\n|t:|1776156419\n|move|p2b: Kingambit|Protect|p2b: Kingambit\n|-singleturn|p2b: Kingambit|Protect\n|move|p1a: Drampa|Calm Mind|p1a: Drampa\n|-boost|p1a: Drampa|spa|1\n|-boost|p1a: Drampa|spd|1\n|move|p1b: Oranguru|Encore|p2b: Kingambit\n|-activate|p2b: Kingambit|move: Protect\n|move|p2a: Sinistcha|Trick Room|p2a: Sinistcha\n|-fieldend|move: Trick Room\n|\n|upkeep\n|turn|6\n|\n|t:|1776156441\n|move|p1a: Drampa|Protect|p1a: Drampa\n|-singleturn|p1a: Drampa|Protect\n|move|p2a: Sinistcha|Matcha Gotcha|p1b: Oranguru|[spread] \n|-activate|p1a: Drampa|move: Protect\n|-miss|p2a: Sinistcha|p1b: Oranguru\n|move|p1b: Oranguru|Encore|p2b: Kingambit\n|-start|p2b: Kingambit|Encore\n|move|p2b: Kingambit|Protect||[still]\n|-fail|p2b: Kingambit\n|\n|upkeep\n|turn|7\n|inactive|dgt52 has 30 seconds left.\n|\n|t:|1776156472\n|switch|p2b: Garchomp|Garchomp-Mega, L50, F|100/100\n|move|p1a: Drampa|Calm Mind|p1a: Drampa\n|-boost|p1a: Drampa|spa|1\n|-boost|p1a: Drampa|spd|1\n|move|p2a: Sinistcha|Trick Room|p2a: Sinistcha\n|-fieldstart|move: Trick Room|[of] p2a: Sinistcha\n|move|p1b: Oranguru|Trick Room|p1b: Oranguru\n|-fieldend|move: Trick Room\n|\n|upkeep\n|turn|8\n|\n|t:|1776156489\n|switch|p2a: Kingambit|Kingambit, L50, F|57/100\n|move|p2b: Garchomp|Dragon Claw|p1a: Drampa\n|-supereffective|p1a: Drampa|1\n|-damage|p1a: Drampa|18/100\n|-ability|p1a: Drampa|Berserk|boost\n|-boost|p1a: Drampa|spa|1\n|move|p1b: Oranguru|Encore||[still]\n|-fail|p1b: Oranguru\n|move|p1a: Drampa|Dragon Pulse|p2b: Garchomp\n|-supereffective|p2b: Garchomp|1\n|-damage|p2b: Garchomp|0 fnt\n|faint|p2b: Garchomp\n|\n|upkeep\n|\n|t:|1776156492\n|switch|p2b: Sinistcha|Sinistcha-Masterpiece, L50|100/100\n|-heal|p2a: Kingambit|81/100|[from] ability: Hospitality|[of] p2b: Sinistcha\n|turn|9\n|\n|t:|1776156508\n|move|p1b: Oranguru|Protect|p1b: Oranguru\n|-singleturn|p1b: Oranguru|Protect\n|move|p1a: Drampa|Protect|p1a: Drampa\n|-singleturn|p1a: Drampa|Protect\n|move|p2b: Sinistcha|Matcha Gotcha|p1b: Oranguru|[spread] \n|-activate|p1a: Drampa|move: Protect\n|-activate|p1b: Oranguru|move: Protect\n|move|p2a: Kingambit|Kowtow Cleave|p1b: Oranguru\n|-activate|p1b: Oranguru|move: Protect\n|\n|upkeep\n|turn|10\n|inactive|dragapultintin has 30 seconds left.\n|inactive|dgt52 has 30 seconds left.\n|\n|t:|1776156548\n|move|p1b: Oranguru|Protect|p1b: Oranguru\n|-singleturn|p1b: Oranguru|Protect\n|move|p2b: Sinistcha|Matcha Gotcha|p1b: Oranguru|[spread] p1a\n|-activate|p1b: Oranguru|move: Protect\n|-resisted|p1a: Drampa|1\n|-damage|p1a: Drampa|13/100\n|-status|p1a: Drampa|brn\n|move|p2a: Kingambit|Kowtow Cleave|p1a: Drampa\n|-damage|p1a: Drampa|0 fnt\n|faint|p1a: Drampa\n|\n|upkeep\n|\n|t:|1776156562\n|switch|p1a: Basculegion|Basculegion, L50, M|100/100\n|turn|11\n|\n|t:|1776156571\n|move|p2a: Kingambit|Sucker Punch|p1a: Basculegion\n|-supereffective|p1a: Basculegion|1\n|-damage|p1a: Basculegion|0 fnt\n|faint|p1a: Basculegion\n|move|p2b: Sinistcha|Matcha Gotcha|p1b: Oranguru\n|-damage|p1b: Oranguru|0 fnt\n|faint|p1b: Oranguru\n|\n|win|dragapultintin\n|raw|dgt52's rating: 1082 &rarr; <strong>1062</strong><br />(-20 for losing)\n|raw|dragapultintin's rating: 1124 &rarr; <strong>1146</strong><br />(+22 for winning)\n",
  "uploadtime": 1776156574,
  "views": 18,
  "formatid": "gen9championsvgc2026regma",
  "rating": 1062,
  "private": 0,
  "password": null
}