{
  "id": "gen9championsvgc2026regma-2583228685",
  "format": "[Gen 9 Champions] VGC 2026 Reg M-A",
  "players": [
    "badpiplupvgc",
    "testhan92"
  ],
  "log": "|j|\u2606badpiplupvgc\n|j|\u2606testhan92\n|t:|1776157138\n|gametype|doubles\n|player|p1|badpiplupvgc|266|1275\n|player|p2|testhan92|170|1237\n|gen|9\n|tier|[Gen 9 Champions] VGC 2026 Reg M-A\n|rated|\n|rule|Species Clause: Limit one of each Pok\u00e9mon\n|rule|Item Clause: Limit 1 of each item\n|clearpoke\n|poke|p1|Tyranitar, L50, M|\n|poke|p1|Excadrill, L50, F|\n|poke|p1|Incineroar, L50, F|\n|poke|p1|Sinistcha, L50|\n|poke|p1|Rotom-Wash, L50|\n|poke|p1|Dragapult, L50, F|\n|poke|p2|Gardevoir, L50, M|\n|poke|p2|Rotom-Wash, L50|\n|poke|p2|Incineroar, L50, M|\n|poke|p2|Aerodactyl, L50, F|\n|poke|p2|Sneasler, L50, M|\n|poke|p2|Garchomp, L50, F|\n|teampreview|4\n|inactive|Battle timer is ON: inactive players will automatically lose when time's up. (requested by testhan92)\n|inactive|badpiplupvgc has 60 seconds left.\n|\n|t:|1776157213\n|teamsize|p1|4\n|teamsize|p2|4\n|start\n|switch|p1a: Dragapult|Dragapult, L50, F|100/100\n|switch|p1b: Rotom|Rotom-Wash, L50|100/100\n|switch|p2a: Gardevoir|Gardevoir, L50, M|100/100\n|switch|p2b: Incineroar|Incineroar, L50, M|100/100\n|-ability|p2b: Incineroar|Intimidate|boost\n|-fail|p1a: Dragapult|unboost|[from] ability: Clear Body|[of] p1a: Dragapult\n|-unboost|p1b: Rotom|atk|1\n|turn|1\n|inactive|badpiplupvgc has 30 seconds left.\n|\n|t:|1776157239\n|detailschange|p2a: Gardevoir|Gardevoir-Mega, L50, M\n|-mega|p2a: Gardevoir|Gardevoir|Gardevoirite\n|move|p1b: Rotom|Protect|p1b: Rotom\n|-singleturn|p1b: Rotom|Protect\n|move|p2b: Incineroar|Fake Out|p1b: Rotom\n|-activate|p1b: Rotom|move: Protect\n|move|p1a: Dragapult|Phantom Force||[still]\n|-prepare|p1a: Dragapult|Phantom Force\n|move|p2a: Gardevoir|Trick Room|p2a: Gardevoir\n|-fieldstart|move: Trick Room|[of] p2a: Gardevoir\n|\n|upkeep\n|turn|2\n|\n|t:|1776157264\n|switch|p2a: Garchomp|Garchomp, L50, F|100/100\n|move|p2b: Incineroar|Parting Shot|p1b: Rotom\n|-unboost|p1b: Rotom|atk|1\n|-unboost|p1b: Rotom|spa|1\n|\n|t:|1776157270\n|switch|p2b: Gardevoir|Gardevoir-Mega, L50, M|100/100|[from] Parting Shot\n|move|p1b: Rotom|Nasty Plot|p1b: Rotom\n|-boost|p1b: Rotom|spa|2\n|move|p1a: Dragapult|Phantom Force|p2a: Garchomp|[from] lockedmove\n|-damage|p2a: Garchomp|58/100\n|-damage|p1a: Dragapult|88/100|[from] ability: Rough Skin|[of] p2a: Garchomp\n|\n|upkeep\n|turn|3\n|inactive|badpiplupvgc has 30 seconds left.\n|\n|t:|1776157310\n|switch|p1a: Incineroar|Incineroar, L50, F|100/100\n|-ability|p1a: Incineroar|Intimidate|boost\n|-unboost|p2a: Garchomp|atk|1\n|-unboost|p2b: Gardevoir|atk|1\n|move|p2b: Gardevoir|Hyper Voice|p1b: Rotom|[spread] p1a,p1b\n|-damage|p1a: Incineroar|54/100\n|-damage|p1b: Rotom|36/100\n|-enditem|p1b: Rotom|Sitrus Berry|[eat]\n|-heal|p1b: Rotom|61/100|[from] item: Sitrus Berry\n|move|p2a: Garchomp|Dragon Claw|p1a: Incineroar|[miss]\n|-miss|p2a: Garchomp|p1a: Incineroar\n|move|p1b: Rotom|Thunderbolt|p2b: Gardevoir\n|-damage|p2b: Gardevoir|48/100\n|\n|upkeep\n|turn|4\n|inactive|testhan92 has 30 seconds left.\n|\n|t:|1776157344\n|switch|p2b: Incineroar|Incineroar, L50, M|100/100\n|-ability|p2b: Incineroar|Intimidate|boost\n|-unboost|p1a: Incineroar|atk|1\n|-unboost|p1b: Rotom|atk|1\n|move|p1a: Incineroar|Fake Out|p2b: Incineroar\n|-damage|p2b: Incineroar|95/100\n|move|p2a: Garchomp|Stomping Tantrum|p1a: Incineroar|[miss]\n|-miss|p2a: Garchomp|p1a: Incineroar\n|move|p1b: Rotom|Hydro Pump|p2a: Garchomp\n|-damage|p2a: Garchomp|0 fnt\n|faint|p2a: Garchomp\n|\n|upkeep\n|\n|t:|1776157365\n|switch|p2a: Gardevoir|Gardevoir-Mega, L50, M|48/100\n|turn|5\n|\n|t:|1776157371\n|move|p1b: Rotom|Protect|p1b: Rotom\n|-singleturn|p1b: Rotom|Protect\n|move|p2b: Incineroar|Fake Out|p1a: Incineroar\n|-damage|p1a: Incineroar|45/100\n|cant|p1a: Incineroar|flinch\n|move|p2a: Gardevoir|Hyper Voice|p1a: Incineroar|[spread] p1a\n|-activate|p1b: Rotom|move: Protect\n|-damage|p1a: Incineroar|4/100\n|\n|-fieldend|move: Trick Room\n|upkeep\n|turn|6\n|inactive|badpiplupvgc has 30 seconds left.\n|\n|t:|1776157403\n|switch|p2b: Aerodactyl|Aerodactyl, L50, F|100/100\n|-ability|p2b: Aerodactyl|Unnerve\n|move|p2a: Gardevoir|Protect|p2a: Gardevoir\n|-singleturn|p2a: Gardevoir|Protect\n|move|p1b: Rotom|Thunderbolt|p2a: Gardevoir\n|-activate|p2a: Gardevoir|move: Protect\n|move|p1a: Incineroar|Parting Shot|p2b: Aerodactyl\n|-unboost|p2b: Aerodactyl|atk|1\n|-unboost|p2b: Aerodactyl|spa|1\n|\n|t:|1776157423\n|switch|p1a: Dragapult|Dragapult, L50, F|88/100|[from] Parting Shot\n|\n|upkeep\n|turn|7\n|\n|t:|1776157440\n|move|p1a: Dragapult|Sucker Punch|p2a: Gardevoir\n|-damage|p2a: Gardevoir|12/100\n|move|p2b: Aerodactyl|Tailwind|p2b: Aerodactyl\n|-sidestart|p2: testhan92|move: Tailwind\n|move|p2a: Gardevoir|Hyper Voice|p1b: Rotom|[spread] p1a,p1b\n|-supereffective|p1a: Dragapult|1\n|-damage|p1a: Dragapult|0 fnt\n|-damage|p1b: Rotom|0 fnt\n|faint|p1a: Dragapult\n|faint|p1b: Rotom\n|\n|upkeep\n|\n|t:|1776157450\n|switch|p1a: Tyranitar|Tyranitar, L50, M, shiny|100/100\n|switch|p1b: Incineroar|Incineroar, L50, F|4/100\n|-weather|Sandstorm|[from] ability: Sand Stream|[of] p1a: Tyranitar\n|-ability|p1b: Incineroar|Intimidate|boost\n|-unboost|p2a: Gardevoir|atk|1\n|-unboost|p2b: Aerodactyl|atk|1\n|turn|8\n|\n|t:|1776157467\n|switch|p2a: Incineroar|Incineroar, L50, M|95/100\n|-ability|p2a: Incineroar|Intimidate|boost\n|-unboost|p1a: Tyranitar|atk|1\n|-unboost|p1b: Incineroar|atk|1\n|detailschange|p1a: Tyranitar|Tyranitar-Mega, L50, M, shiny\n|-mega|p1a: Tyranitar|Tyranitar|Tyranitarite\n|move|p2b: Aerodactyl|Protect|p2b: Aerodactyl\n|-singleturn|p2b: Aerodactyl|Protect\n|move|p1b: Incineroar|Fake Out|p2b: Aerodactyl\n|-activate|p2b: Aerodactyl|move: Protect\n|move|p1a: Tyranitar|Dragon Dance|p1a: Tyranitar\n|-boost|p1a: Tyranitar|atk|1\n|-boost|p1a: Tyranitar|spe|1\n|\n|-weather|Sandstorm|[upkeep]\n|-damage|p2a: Incineroar|89/100|[from] Sandstorm\n|-damage|p1b: Incineroar|0 fnt|[from] Sandstorm\n|faint|p1b: Incineroar\n|upkeep\n|turn|9\n|inactive|testhan92 has 30 seconds left.\n|\n|t:|1776157494\n|move|p2b: Aerodactyl|Rock Slide|p1a: Tyranitar\n|-damage|p1a: Tyranitar|90/100\n|move|p1a: Tyranitar|Dragon Dance|p1a: Tyranitar\n|-boost|p1a: Tyranitar|atk|1\n|-boost|p1a: Tyranitar|spe|1\n|move|p2a: Incineroar|Parting Shot|p1a: Tyranitar\n|-unboost|p1a: Tyranitar|atk|1\n|-unboost|p1a: Tyranitar|spa|1\n|\n|t:|1776157503\n|switch|p2a: Gardevoir|Gardevoir-Mega, L50, M|12/100|[from] Parting Shot\n|\n|-weather|Sandstorm|[upkeep]\n|-damage|p2a: Gardevoir|7/100|[from] Sandstorm\n|upkeep\n|turn|10\n|inactive|testhan92 has 30 seconds left.\n|\n|t:|1776157532\n|switch|p2a: Incineroar|Incineroar, L50, M|89/100\n|-ability|p2a: Incineroar|Intimidate|boost\n|-unboost|p1a: Tyranitar|atk|1\n|move|p2b: Aerodactyl|Rock Slide|p1a: Tyranitar\n|-damage|p1a: Tyranitar|79/100\n|cant|p1a: Tyranitar|flinch\n|\n|-weather|Sandstorm|[upkeep]\n|-damage|p2a: Incineroar|83/100|[from] Sandstorm\n|-sideend|p2: testhan92|move: Tailwind\n|upkeep\n|turn|11\n|\n|t:|1776157553\n|move|p2a: Incineroar|Fake Out|p1a: Tyranitar\n|-resisted|p1a: Tyranitar|1\n|-damage|p1a: Tyranitar|76/100\n|cant|p1a: Tyranitar|flinch\n|move|p2b: Aerodactyl|Rock Slide|p1a: Tyranitar\n|-damage|p1a: Tyranitar|64/100\n|\n|-weather|Sandstorm|[upkeep]\n|-damage|p2a: Incineroar|77/100|[from] Sandstorm\n|upkeep\n|turn|12\n|\n|t:|1776157572\n|move|p1a: Tyranitar|Rock Slide|p2b: Aerodactyl|[spread] p2a,p2b\n|-supereffective|p2a: Incineroar|1\n|-supereffective|p2b: Aerodactyl|1\n|-damage|p2a: Incineroar|38/100\n|-damage|p2b: Aerodactyl|28/100\n|-enditem|p2a: Incineroar|Sitrus Berry|[eat]\n|-heal|p2a: Incineroar|63/100|[from] item: Sitrus Berry\n|cant|p2b: Aerodactyl|flinch\n|move|p2a: Incineroar|Parting Shot|p1a: Tyranitar\n|-unboost|p1a: Tyranitar|atk|1\n|-unboost|p1a: Tyranitar|spa|1\n|\n|t:|1776157582\n|switch|p2a: Gardevoir|Gardevoir-Mega, L50, M|7/100|[from] Parting Shot\n|\n|-weather|none\n|upkeep\n|turn|13\n|\n|t:|1776157593\n|move|p2a: Gardevoir|Protect|p2a: Gardevoir\n|-singleturn|p2a: Gardevoir|Protect\n|move|p1a: Tyranitar|Rock Slide|p2a: Gardevoir|[spread] p2b\n|-activate|p2a: Gardevoir|move: Protect\n|-supereffective|p2b: Aerodactyl|1\n|-damage|p2b: Aerodactyl|0 fnt\n|faint|p2b: Aerodactyl\n|\n|upkeep\n|\n|t:|1776157599\n|switch|p2b: Incineroar|Incineroar, L50, M|63/100\n|-ability|p2b: Incineroar|Intimidate|boost\n|-unboost|p1a: Tyranitar|atk|1\n|turn|14\n|\n|t:|1776157604\n|move|p1a: Tyranitar|Protect|p1a: Tyranitar\n|-singleturn|p1a: Tyranitar|Protect\n|move|p2b: Incineroar|Fake Out|p1a: Tyranitar\n|-activate|p1a: Tyranitar|move: Protect\n|move|p2a: Gardevoir|Trick Room|p2a: Gardevoir\n|-fieldstart|move: Trick Room|[of] p2a: Gardevoir\n|\n|upkeep\n|turn|15\n|\n|t:|1776157612\n|move|p2b: Incineroar|Parting Shot|p1a: Tyranitar\n|-unboost|p1a: Tyranitar|atk|1\n|-unboost|p1a: Tyranitar|spa|1\n|move|p2a: Gardevoir|Hyper Voice|p1a: Tyranitar\n|-supereffective|p1a: Tyranitar|1\n|-damage|p1a: Tyranitar|0 fnt\n|faint|p1a: Tyranitar\n|\n|win|testhan92\n|raw|badpiplupvgc's rating: 1275 &rarr; <strong>1247</strong><br />(-28 for losing)\n|raw|testhan92's rating: 1237 &rarr; <strong>1265</strong><br />(+28 for winning)\n|l|\u2606badpiplupvgc\n|player|p1|\n",
  "uploadtime": 1776157620,
  "views": 34,
  "formatid": "gen9championsvgc2026regma",
  "rating": 1247,
  "private": 0,
  "password": null
}