{
  "id": "gen9championsvgc2026regma-2588536676",
  "format": "[Gen 9 Champions] VGC 2026 Reg M-A",
  "players": [
    "wilduce",
    "thicc latina lover"
  ],
  "log": "|j|\u2606wilduce\n|j|\u2606thicc latina lover\n|t:|1776642707\n|gametype|doubles\n|player|p1|wilduce|n|1374\n|player|p2|thicc latina lover|skyla|1431\n|gen|9\n|tier|[Gen 9 Champions] VGC 2026 Reg M-A\n|rated|\n|rule|Species Clause: Limit one of each Pok\u00e9mon\n|rule|Item Clause: Limit 1 of each item\n|clearpoke\n|poke|p1|Sneasler, L50, M|\n|poke|p1|Tauros-Paldea-Aqua, L50, M|\n|poke|p1|Basculegion, L50, M|\n|poke|p1|Froslass, L50, F|\n|poke|p1|Aerodactyl, L50, F|\n|poke|p1|Archaludon, L50, F|\n|poke|p2|Venusaur, L50, F, shiny|\n|poke|p2|Pelipper, L50, F, shiny|\n|poke|p2|Basculegion, L50, M|\n|poke|p2|Archaludon, L50, F|\n|poke|p2|Sneasler, L50, F|\n|poke|p2|Incineroar, L50, F|\n|teampreview|4\n|\n|t:|1776642741\n|teamsize|p1|4\n|teamsize|p2|4\n|start\n|switch|p1a: Aerodactyl|Aerodactyl, L50, F|100/100\n|switch|p1b: Sneasler|Sneasler, L50, M|100/100\n|switch|p2a: Venusaur|Venusaur, L50, F, shiny|100/100\n|switch|p2b: Sneasler|Sneasler, L50, F|100/100\n|-ability|p1a: Aerodactyl|Unnerve\n|turn|1\n|\n|t:|1776642755\n|detailschange|p2a: Venusaur|Venusaur-Mega, L50, F, shiny\n|-mega|p2a: Venusaur|Venusaur|Venusaurite\n|move|p2b: Sneasler|Fake Out|p1a: Aerodactyl\n|-resisted|p1a: Aerodactyl|1\n|-damage|p1a: Aerodactyl|90/100\n|move|p1b: Sneasler|Fake Out|p2b: Sneasler\n|-damage|p2b: Sneasler|79/100\n|cant|p1a: Aerodactyl|flinch\n|move|p2a: Venusaur|Leech Seed|p1b: Sneasler\n|-start|p1b: Sneasler|move: Leech Seed\n|\n|-damage|p1b: Sneasler|88/100|[from] Leech Seed|[of] p2a: Venusaur\n|upkeep\n|turn|2\n|\n|t:|1776642771\n|switch|p2b: Incineroar|Incineroar, L50, F|100/100\n|-ability|p2b: Incineroar|Intimidate|boost\n|-unboost|p1a: Aerodactyl|atk|1\n|-unboost|p1b: Sneasler|atk|1\n|-enditem|p1b: Sneasler|White Herb\n|-clearnegativeboost|p1b: Sneasler|[silent]\n|move|p1b: Sneasler|Dire Claw|p2a: Venusaur\n|-damage|p2a: Venusaur|68/100\n|move|p1a: Aerodactyl|Rock Slide|p2a: Venusaur|[spread] p2a,p2b\n|-supereffective|p2b: Incineroar|1\n|-damage|p2a: Venusaur|55/100\n|-damage|p2b: Incineroar|67/100\n|move|p2a: Venusaur|Giga Drain|p1a: Aerodactyl\n|-damage|p1a: Aerodactyl|42/100\n|-heal|p2a: Venusaur|75/100|[from] drain|[of] p1a: Aerodactyl\n|\n|-damage|p1b: Sneasler|76/100|[from] Leech Seed|[of] p2a: Venusaur\n|-heal|p2a: Venusaur|86/100|[silent]\n|upkeep\n|turn|3\n|\n|t:|1776642791\n|switch|p2b: Sneasler|Sneasler, L50, F|79/100\n|move|p1b: Sneasler|Close Combat|p2b: Sneasler\n|-resisted|p2b: Sneasler|1\n|-damage|p2b: Sneasler|29/100\n|-unboost|p1b: Sneasler|def|1\n|-unboost|p1b: Sneasler|spd|1\n|move|p1a: Aerodactyl|Rock Slide|p2b: Sneasler|[spread] p2a,p2b\n|-resisted|p2b: Sneasler|1\n|-damage|p2a: Venusaur|72/100\n|-damage|p2b: Sneasler|15/100\n|move|p2a: Venusaur|Giga Drain|p1a: Aerodactyl\n|-damage|p1a: Aerodactyl|0 fnt\n|-heal|p2a: Venusaur|90/100|[from] drain|[of] p1a: Aerodactyl\n|faint|p1a: Aerodactyl\n|\n|-damage|p1b: Sneasler|64/100|[from] Leech Seed|[of] p2a: Venusaur\n|-heal|p2a: Venusaur|99/100|[silent]\n|upkeep\n|\n|t:|1776642800\n|switch|p1a: Froslass|Froslass, L50, F|100/100\n|turn|4\n|\n|t:|1776642812\n|detailschange|p1a: Froslass|Froslass-Mega, L50, F\n|-mega|p1a: Froslass|Froslass|Froslassite\n|-weather|Snowscape|[from] ability: Snow Warning|[of] p1a: Froslass\n|move|p1b: Sneasler|Protect|p1b: Sneasler\n|-singleturn|p1b: Sneasler|Protect\n|move|p2b: Sneasler|Fake Out|p1b: Sneasler\n|-activate|p1b: Sneasler|move: Protect\n|move|p1a: Froslass|Nasty Plot|p1a: Froslass\n|-boost|p1a: Froslass|spa|2\n|move|p2a: Venusaur|Leech Seed|p1a: Froslass\n|-start|p1a: Froslass|move: Leech Seed\n|\n|-weather|Snowscape|[upkeep]\n|-damage|p1b: Sneasler|52/100|[from] Leech Seed|[of] p2a: Venusaur\n|-heal|p2a: Venusaur|100/100|[silent]\n|-damage|p1a: Froslass|88/100|[from] Leech Seed|[of] p2a: Venusaur\n|upkeep\n|turn|5\n|\n|t:|1776642831\n|move|p2a: Venusaur|Protect|p2a: Venusaur\n|-singleturn|p2a: Venusaur|Protect\n|move|p1b: Sneasler|Dire Claw|p2a: Venusaur\n|-activate|p2a: Venusaur|move: Protect\n|move|p1a: Froslass|Blizzard|p2a: Venusaur|[spread] p2b\n|-activate|p2a: Venusaur|move: Protect\n|-damage|p2b: Sneasler|0 fnt\n|faint|p2b: Sneasler\n|\n|-weather|Snowscape|[upkeep]\n|-damage|p1b: Sneasler|40/100|[from] Leech Seed|[of] p2a: Venusaur\n|-damage|p1a: Froslass|76/100|[from] Leech Seed|[of] p2a: Venusaur\n|upkeep\n|\n|t:|1776642838\n|switch|p2b: Basculegion|Basculegion, L50, M|100/100\n|turn|6\n|\n|t:|1776642851\n|move|p1b: Sneasler|Dire Claw|p2b: Basculegion\n|-resisted|p2b: Basculegion|1\n|-damage|p2b: Basculegion|74/100\n|-status|p2b: Basculegion|psn\n|move|p2b: Basculegion|Last Respects|p1a: Froslass\n|-supereffective|p1a: Froslass|1\n|-damage|p1a: Froslass|0 fnt\n|faint|p1a: Froslass\n|move|p2a: Venusaur|Giga Drain|p1b: Sneasler\n|-resisted|p1b: Sneasler|1\n|-damage|p1b: Sneasler|9/100\n|\n|-weather|Snowscape|[upkeep]\n|-damage|p1b: Sneasler|0 fnt|[from] Leech Seed|[of] p2a: Venusaur\n|faint|p1b: Sneasler\n|-damage|p2b: Basculegion|62/100 psn|[from] psn\n|upkeep\n|\n|t:|1776642862\n|switch|p1a: The Don|Archaludon, L50, F|100/100\n|turn|7\n|-message|wilduce forfeited.\n|\n|win|thicc latina lover\n|raw|wilduce's rating: 1374 &rarr; <strong>1357</strong><br />(-17 for losing)\n|raw|thicc latina lover's rating: 1431 &rarr; <strong>1448</strong><br />(+17 for winning)\n",
  "uploadtime": 1776642864,
  "views": 16,
  "formatid": "gen9championsvgc2026regma",
  "rating": 1357,
  "private": 0,
  "password": null
}