{
  "id": "gen9championsvgc2026regma-2584818508",
  "format": "[Gen 9 Champions] VGC 2026 Reg M-A",
  "players": [
    "SpecialEggs",
    "Mr.X&Y97"
  ],
  "log": "|j|\u2606SpecialEggs\n|j|\u2606Mr.X&Y97\n|t:|1776285979\n|gametype|doubles\n|player|p1|SpecialEggs|1|1124\n|player|p2|Mr.X&Y97|ingo|1130\n|gen|9\n|tier|[Gen 9 Champions] VGC 2026 Reg M-A\n|rated|\n|rule|Species Clause: Limit one of each Pok\u00e9mon\n|rule|Item Clause: Limit 1 of each item\n|clearpoke\n|poke|p1|Ninetales-Alola, L50, M|\n|poke|p1|Floette-Eternal, L50, F|\n|poke|p1|Incineroar, L50, F|\n|poke|p1|Aerodactyl, L50, F|\n|poke|p1|Sinistcha, L50|\n|poke|p1|Palafin, L50, M|\n|poke|p2|Aerodactyl, L50, F|\n|poke|p2|Garchomp, L50, F|\n|poke|p2|Incineroar, L50, F|\n|poke|p2|Froslass, L50, F|\n|poke|p2|Rotom-Frost, L50|\n|poke|p2|Kangaskhan, L50, F|\n|teampreview|4\n|inactive|Battle timer is ON: inactive players will automatically lose when time's up. (requested by Mr.X&Y97)\n|inactive|SpecialEggs has 60 seconds left.\n|\n|t:|1776286022\n|teamsize|p1|4\n|teamsize|p2|4\n|start\n|switch|p1a: Incineroar|Incineroar, L50, F|100/100\n|switch|p1b: Aerodactyl|Aerodactyl, L50, F|100/100\n|switch|p2a: Garchomp|Garchomp, L50, F|100/100\n|switch|p2b: Aerodactyl|Aerodactyl, L50, F|100/100\n|-ability|p2b: Aerodactyl|Unnerve\n|-ability|p1a: Incineroar|Intimidate|boost\n|-unboost|p2a: Garchomp|atk|1\n|-unboost|p2b: Aerodactyl|atk|1\n|-enditem|p2a: Garchomp|White Herb\n|-clearnegativeboost|p2a: Garchomp|[silent]\n|turn|1\n|\n|t:|1776286034\n|move|p2b: Aerodactyl|Protect|p2b: Aerodactyl\n|-singleturn|p2b: Aerodactyl|Protect\n|move|p1a: Incineroar|Fake Out|p2b: Aerodactyl\n|-activate|p2b: Aerodactyl|move: Protect\n|move|p1b: Aerodactyl|Tailwind|p1b: Aerodactyl\n|-sidestart|p1: SpecialEggs|move: Tailwind\n|move|p2a: Garchomp|Earthquake|p1b: Aerodactyl|[spread] p1a\n|-activate|p2b: Aerodactyl|move: Protect\n|-immune|p1b: Aerodactyl\n|-supereffective|p1a: Incineroar|1\n|-damage|p1a: Incineroar|22/100\n|\n|upkeep\n|turn|2\n|\n|t:|1776286052\n|move|p1b: Aerodactyl|Rock Slide|p2a: Garchomp|[spread] p2a,p2b\n|-resisted|p2a: Garchomp|1\n|-supereffective|p2b: Aerodactyl|1\n|-damage|p2a: Garchomp|86/100\n|-damage|p2b: Aerodactyl|15/100\n|move|p2b: Aerodactyl|Tailwind|p2b: Aerodactyl\n|-sidestart|p2: Mr.X&Y97|move: Tailwind\n|move|p2a: Garchomp|Rock Slide|p1a: Incineroar|[spread] p1a,p1b\n|-supereffective|p1a: Incineroar|1\n|-supereffective|p1b: Aerodactyl|1\n|-damage|p1a: Incineroar|0 fnt\n|-damage|p1b: Aerodactyl|48/100\n|faint|p1a: Incineroar\n|\n|upkeep\n|\n|t:|1776286063\n|switch|p1a: Ninetales|Ninetales-Alola, L50, M|100/100\n|-weather|Snowscape|[from] ability: Snow Warning|[of] p1a: Ninetales\n|turn|3\n|\n|t:|1776286073\n|move|p2b: Aerodactyl|Rock Slide|p1a: Ninetales|[spread] p1a,p1b\n|-supereffective|p1a: Ninetales|1\n|-supereffective|p1b: Aerodactyl|1\n|-damage|p1a: Ninetales|67/100\n|-damage|p1b: Aerodactyl|0 fnt\n|faint|p1b: Aerodactyl\n|move|p1a: Ninetales|Aurora Veil|p1a: Ninetales\n|-sidestart|p1: SpecialEggs|move: Aurora Veil\n|move|p2a: Garchomp|Poison Jab|p1a: Ninetales\n|-supereffective|p1a: Ninetales|1\n|-crit|p1a: Ninetales\n|-damage|p1a: Ninetales|0 fnt\n|faint|p1a: Ninetales\n|\n|-weather|Snowscape|[upkeep]\n|upkeep\n|\n|t:|1776286081\n|switch|p1b: Floette|Floette-Eternal, L50, F|100/100\n|turn|4\n|\n|t:|1776286084\n|detailschange|p1b: Floette|Floette-Mega, L50, F\n|-mega|p1b: Floette|Floette|Floettite\n|-ability|p1b: Floette|Fairy Aura\n|move|p2b: Aerodactyl|Rock Slide|p1b: Floette\n|-damage|p1b: Floette|85/100\n|move|p2a: Garchomp|Poison Jab|p1b: Floette\n|-supereffective|p1b: Floette|1\n|-damage|p1b: Floette|46/100\n|cant|p1b: Floette|flinch\n|\n|-weather|Snowscape|[upkeep]\n|-sideend|p1: SpecialEggs|move: Tailwind\n|upkeep\n|turn|5\n|-message|SpecialEggs forfeited.\n|\n|win|Mr.X&Y97\n|raw|SpecialEggs's rating: 1124 &rarr; <strong>1099</strong><br />(-25 for losing)\n|raw|Mr.X&amp;Y97's rating: 1130 &rarr; <strong>1155</strong><br />(+25 for winning)\n|l|\u2606SpecialEggs\n|player|p1|\n",
  "uploadtime": 1776286110,
  "views": 20,
  "formatid": "gen9championsvgc2026regma",
  "rating": 1099,
  "private": 0,
  "password": null
}