{
  "id": "gen9championsvgc2026regma-2581616758",
  "format": "[Gen 9 Champions] VGC 2026 Reg M-A",
  "players": [
    "helyo283",
    "teamvaro"
  ],
  "log": "|j|\u2606helyo283\n|j|\u2606teamvaro\n|t:|1776015424\n|gametype|doubles\n|player|p1|helyo283|266|1128\n|player|p2|teamvaro|266|1184\n|gen|9\n|tier|[Gen 9 Champions] VGC 2026 Reg M-A\n|rated|\n|rule|Species Clause: Limit one of each Pok\u00e9mon\n|rule|Item Clause: Limit 1 of each item\n|clearpoke\n|poke|p1|Charizard, L50, M|\n|poke|p1|Raichu, L50, F|\n|poke|p1|Venusaur, L50, F|\n|poke|p1|Gyarados, L50, F|\n|poke|p1|Garchomp, L50, M|\n|poke|p1|Glimmora, L50, F|\n|poke|p2|Tyranitar, L50, M|\n|poke|p2|Gliscor, L50, M|\n|poke|p2|Aegislash, L50, M|\n|poke|p2|Incineroar, L50, F|\n|poke|p2|Mamoswine, L50, F|\n|poke|p2|Rotom-Wash, L50|\n|teampreview|4\n|\n|t:|1776015465\n|teamsize|p1|4\n|teamsize|p2|4\n|start\n|switch|p1a: Glimmora|Glimmora, L50, F|100/100\n|switch|p1b: Raichu|Raichu, L50, F|100/100\n|switch|p2a: Gliscor|Gliscor, L50, M|100/100\n|switch|p2b: Rotom|Rotom-Wash, L50|100/100\n|turn|1\n|\n|t:|1776015505\n|move|p1a: Glimmora|Protect|p1a: Glimmora\n|-singleturn|p1a: Glimmora|Protect\n|move|p2b: Rotom|Protect|p2b: Rotom\n|-singleturn|p2b: Rotom|Protect\n|move|p1b: Raichu|Fake Out|p2a: Gliscor\n|-damage|p2a: Gliscor|95/100\n|cant|p2a: Gliscor|flinch\n|\n|-heal|p2a: Gliscor|100/100|[from] item: Leftovers\n|upkeep\n|turn|2\n|\n|t:|1776015543\n|switch|p1a: Gyarados|Gyarados, L50, F|100/100\n|-ability|p1a: Gyarados|Intimidate|boost\n|-unboost|p2a: Gliscor|atk|1\n|-unboost|p2b: Rotom|atk|1\n|move|p1b: Raichu|Protect|p1b: Raichu\n|-singleturn|p1b: Raichu|Protect\n|move|p2a: Gliscor|Substitute|p2a: Gliscor\n|-start|p2a: Gliscor|Substitute\n|-damage|p2a: Gliscor|76/100\n|move|p2b: Rotom|Hydro Pump|p1b: Raichu\n|-activate|p1b: Raichu|move: Protect\n|\n|-heal|p2a: Gliscor|82/100|[from] item: Leftovers\n|upkeep\n|turn|3\n|\n|t:|1776015565\n|move|p2b: Rotom|Protect|p2b: Rotom\n|-singleturn|p2b: Rotom|Protect\n|move|p1b: Raichu|Eerie Impulse|p2b: Rotom\n|-activate|p2b: Rotom|move: Protect\n|move|p2a: Gliscor|Toxic|p1a: Gyarados\n|-status|p1a: Gyarados|tox\n|move|p1a: Gyarados|Dragon Dance|p1a: Gyarados\n|-boost|p1a: Gyarados|atk|1\n|-boost|p1a: Gyarados|spe|1\n|\n|-heal|p2a: Gliscor|88/100|[from] item: Leftovers\n|-damage|p1a: Gyarados|94/100 tox|[from] psn\n|upkeep\n|turn|4\n|\n|t:|1776015586\n|switch|p1b: Garchomp|Garchomp, L50, M|100/100\n|move|p1a: Gyarados|Power Whip|p2b: Rotom\n|-supereffective|p2b: Rotom|1\n|-damage|p2b: Rotom|0 fnt\n|faint|p2b: Rotom\n|move|p2a: Gliscor|Earthquake|p1a: Gyarados|[spread] p1b\n|-immune|p1a: Gyarados\n|-damage|p1b: Garchomp|85/100\n|\n|-heal|p2a: Gliscor|94/100|[from] item: Leftovers\n|-damage|p1a: Gyarados|82/100 tox|[from] psn\n|upkeep\n|\n|t:|1776015599\n|switch|p2b: Incineroar|Incineroar, L50, F|100/100\n|-ability|p2b: Incineroar|Intimidate|boost\n|-unboost|p1a: Gyarados|atk|1\n|-unboost|p1b: Garchomp|atk|1\n|turn|5\n|\n|t:|1776015610\n|switch|p1a: Raichu|Raichu, L50, F|100/100\n|move|p2b: Incineroar|Fake Out|p1a: Raichu\n|-damage|p1a: Raichu|84/100\n|move|p1b: Garchomp|Rock Slide|p2a: Gliscor|[spread] p2a,p2b\n|-activate|p2a: Gliscor|move: Substitute|[damage]\n|-supereffective|p2b: Incineroar|1\n|-crit|p2b: Incineroar\n|-damage|p2b: Incineroar|43/100\n|-enditem|p2b: Incineroar|Sitrus Berry|[eat]\n|-heal|p2b: Incineroar|68/100|[from] item: Sitrus Berry\n|move|p2a: Gliscor|Toxic|p1b: Garchomp\n|-status|p1b: Garchomp|tox\n|\n|-heal|p2a: Gliscor|99/100|[from] item: Leftovers\n|-damage|p1b: Garchomp|79/100 tox|[from] psn\n|upkeep\n|turn|6\n|\n|t:|1776015642\n|switch|p1a: Gyarados|Gyarados, L50, F|82/100 tox\n|-ability|p1a: Gyarados|Intimidate|boost\n|-immune|p2a: Gliscor\n|-unboost|p2b: Incineroar|atk|1\n|move|p2a: Gliscor|Protect|p2a: Gliscor\n|-singleturn|p2a: Gliscor|Protect\n|move|p2b: Incineroar|Protect|p2b: Incineroar\n|-singleturn|p2b: Incineroar|Protect\n|move|p1b: Garchomp|Rock Slide|p2b: Incineroar|[spread] \n|-activate|p2a: Gliscor|move: Protect\n|-activate|p2b: Incineroar|move: Protect\n|\n|-heal|p2a: Gliscor|100/100|[from] item: Leftovers\n|-damage|p1b: Garchomp|66/100 tox|[from] psn\n|-damage|p1a: Gyarados|76/100 tox|[from] psn\n|upkeep\n|turn|7\n|\n|t:|1776015679\n|move|p1b: Garchomp|Rock Slide|p2b: Incineroar|[spread] p2a,p2b\n|-activate|p2a: Gliscor|move: Substitute|[damage]\n|-supereffective|p2b: Incineroar|1\n|-damage|p2b: Incineroar|46/100\n|move|p2a: Gliscor|Earthquake|p1a: Gyarados|[spread] p2b,p1b\n|-immune|p1a: Gyarados\n|-supereffective|p2b: Incineroar|1\n|-damage|p2b: Incineroar|19/100\n|-damage|p1b: Garchomp|52/100 tox\n|move|p1a: Gyarados|Waterfall|p2a: Gliscor\n|-supereffective|p2a: Gliscor|1\n|-end|p2a: Gliscor|Substitute\n|cant|p2b: Incineroar|flinch\n|\n|-damage|p1b: Garchomp|34/100 tox|[from] psn\n|-damage|p1a: Gyarados|64/100 tox|[from] psn\n|upkeep\n|turn|8\n|\n|t:|1776015704\n|switch|p2b: Tyranitar|Tyranitar, L50, M|100/100\n|-weather|Sandstorm|[from] ability: Sand Stream|[of] p2b: Tyranitar\n|move|p2a: Gliscor|Protect|p2a: Gliscor\n|-singleturn|p2a: Gliscor|Protect\n|move|p1b: Garchomp|Rock Slide|p2a: Gliscor|[spread] p2b\n|-activate|p2a: Gliscor|move: Protect\n|-damage|p2b: Tyranitar|89/100\n|move|p1a: Gyarados|Dragon Dance|p1a: Gyarados\n|-boost|p1a: Gyarados|atk|1\n|-boost|p1a: Gyarados|spe|1\n|\n|-weather|Sandstorm|[upkeep]\n|-damage|p1a: Gyarados|58/100 tox|[from] Sandstorm\n|-damage|p1a: Gyarados|40/100 tox|[from] psn\n|-damage|p1b: Garchomp|9/100 tox|[from] psn\n|upkeep\n|turn|9\n|\n|t:|1776015734\n|switch|p1b: Glimmora|Glimmora, L50, F|100/100\n|detailschange|p2b: Tyranitar|Tyranitar-Mega, L50, M\n|-mega|p2b: Tyranitar|Tyranitar|Tyranitarite\n|move|p2b: Tyranitar|Protect|p2b: Tyranitar\n|-singleturn|p2b: Tyranitar|Protect\n|move|p1a: Gyarados|Waterfall|p2a: Gliscor\n|-supereffective|p2a: Gliscor|1\n|-damage|p2a: Gliscor|17/100\n|cant|p2a: Gliscor|flinch\n|\n|-weather|Sandstorm|[upkeep]\n|-damage|p1a: Gyarados|34/100 tox|[from] Sandstorm\n|-heal|p2a: Gliscor|23/100|[from] item: Leftovers\n|-damage|p1a: Gyarados|10/100 tox|[from] psn\n|upkeep\n|turn|10\n|\n|t:|1776015782\n|detailschange|p1b: Glimmora|Glimmora-Mega, L50, F\n|-mega|p1b: Glimmora|Glimmora|Glimmoranite\n|move|p2a: Gliscor|Protect|p2a: Gliscor\n|-singleturn|p2a: Gliscor|Protect\n|move|p1b: Glimmora|Earth Power|p2b: Tyranitar\n|-supereffective|p2b: Tyranitar|1\n|-damage|p2b: Tyranitar|60/100\n|move|p1a: Gyarados|Waterfall|p2b: Tyranitar\n|-supereffective|p2b: Tyranitar|1\n|-damage|p2b: Tyranitar|0 fnt\n|faint|p2b: Tyranitar\n|\n|-weather|Sandstorm|[upkeep]\n|-damage|p1a: Gyarados|4/100 tox|[from] Sandstorm\n|-heal|p2a: Gliscor|29/100|[from] item: Leftovers\n|-damage|p1a: Gyarados|0 fnt|[from] psn\n|faint|p1a: Gyarados\n|upkeep\n|\n|t:|1776015798\n|switch|p1a: Raichu|Raichu, L50, F|84/100\n|switch|p2b: Incineroar|Incineroar, L50, F|19/100\n|-ability|p2b: Incineroar|Intimidate|boost\n|-unboost|p1a: Raichu|atk|1\n|-unboost|p1b: Glimmora|atk|1\n|turn|11\n|\n|t:|1776015818\n|move|p1a: Raichu|Fake Out|p2b: Incineroar\n|-damage|p2b: Incineroar|15/100\n|cant|p2b: Incineroar|flinch\n|move|p1b: Glimmora|Power Gem|p2a: Gliscor\n|-damage|p2a: Gliscor|0 fnt\n|faint|p2a: Gliscor\n|\n|-weather|Sandstorm|[upkeep]\n|-damage|p1a: Raichu|78/100|[from] Sandstorm\n|-damage|p2b: Incineroar|9/100|[from] Sandstorm\n|upkeep\n|turn|12\n|c|\u2606helyo283|Gg staller\n|-message|teamvaro forfeited.\n|\n|win|helyo283\n|raw|helyo283's rating: 1128 &rarr; <strong>1157</strong><br />(+29 for winning)\n|raw|teamvaro's rating: 1184 &rarr; <strong>1155</strong><br />(-29 for losing)\n|l|\u2606teamvaro\n|player|p2|\n|l|\u2606helyo283\n|player|p1|\n|j|\u2606helyo283\n|player|p1|helyo283|266|\n",
  "uploadtime": 1776015850,
  "views": 22,
  "formatid": "gen9championsvgc2026regma",
  "rating": 1155,
  "private": 0,
  "password": null
}