{
  "id": "gen9championsvgc2026regma-2587718013",
  "format": "[Gen 9 Champions] VGC 2026 Reg M-A",
  "players": [
    "Cheasleywithaw",
    "Ouraiti"
  ],
  "log": "|j|\u2606Cheasleywithaw\n|j|\u2606Ouraiti\n|t:|1776556983\n|gametype|doubles\n|player|p1|Cheasleywithaw|1|1362\n|player|p2|Ouraiti|dancer|1432\n|gen|9\n|tier|[Gen 9 Champions] VGC 2026 Reg M-A\n|rated|\n|rule|Species Clause: Limit one of each Pok\u00e9mon\n|rule|Item Clause: Limit 1 of each item\n|clearpoke\n|poke|p1|Incineroar, L50, M|\n|poke|p1|Sinistcha-Masterpiece, L50|\n|poke|p1|Floette-Eternal, L50, F|\n|poke|p1|Aerodactyl, L50, F|\n|poke|p1|Garchomp, L50, F|\n|poke|p1|Rotom-Wash, L50|\n|poke|p2|Garchomp, L50, M|\n|poke|p2|Talonflame, L50, F|\n|poke|p2|Sneasler, L50, F|\n|poke|p2|Kingambit, L50, M|\n|poke|p2|Sinistcha, L50|\n|poke|p2|Charizard, L50, F|\n|teampreview|4\nCheasleywithaw has agreed to open team sheets.\nOuraiti has agreed to open team sheets.\n|showteam|p1|Incineroar||SitrusBerry|Intimidate|FakeOut,PartingShot,DarkestLariat,FlareBlitz|||M|||50|]Sinistcha-Masterpiece||KasibBerry|Hospitality|RagePowder,StrengthSap,TrickRoom,MatchaGotcha||||||50|]Floette-Eternal||Floettite|FlowerVeil|Protect,DazzlingGleam,Moonblast,CalmMind|||F|||50|]Aerodactyl||FocusSash|Unnerve|Tailwind,DualWingbeat,RockSlide,Protect|||F|||50|]Garchomp||WhiteHerb|RoughSkin|ScaleShot,StompingTantrum,Earthquake,Protect|||F|||50|]Rotom-Wash||Leftovers|Levitate|VoltSwitch,Protect,WillOWisp,HydroPump||||||50|\n|showteam|p2|Garchomp||SoftSand|RoughSkin|Earthquake,StompingTantrum,RockSlide,Protect|||M|||50|]Talonflame||SharpBeak|GaleWings|DualWingbeat,Tailwind,SunnyDay,Protect|||F|||50|]Sneasler||FocusSash|Unburden|CloseCombat,DireClaw,FakeOut,Coaching|||F|||50|]Kingambit||LumBerry|Defiant|SuckerPunch,KowtowCleave,IronHead,Protect|||M|||50|]Sinistcha||OccaBerry|Hospitality|MatchaGotcha,RagePowder,TrickRoom,Imprison||||||50|]Charizard||CharizarditeX|Blaze|FlareBlitz,FlameCharge,BreakingSwipe,Protect|||F|||50|\n|\n|t:|1776557021\n|teamsize|p1|4\n|teamsize|p2|4\n|start\n|switch|p1a: Aerodactyl|Aerodactyl, L50, F|100/100\n|switch|p1b: Rotom|Rotom-Wash, L50|100/100\n|switch|p2a: Kingambit|Kingambit, L50, M|100/100\n|switch|p2b: Sneasler|Sneasler, L50, F|100/100\n|-ability|p1a: Aerodactyl|Unnerve\n|turn|1\n|\n|t:|1776557075\n|switch|p1b: Garchomp|Garchomp, L50, F|100/100\n|move|p1a: Aerodactyl|Protect|p1a: Aerodactyl\n|-singleturn|p1a: Aerodactyl|Protect\n|move|p2b: Sneasler|Fake Out|p1a: Aerodactyl\n|-activate|p1a: Aerodactyl|move: Protect\n|move|p2a: Kingambit|Kowtow Cleave|p1b: Garchomp\n|-damage|p1b: Garchomp|50/100\n|-damage|p2a: Kingambit|88/100|[from] ability: Rough Skin|[of] p1b: Garchomp\n|\n|upkeep\n|turn|2\n|\n|t:|1776557127\n|move|p2a: Kingambit|Protect|p2a: Kingambit\n|-singleturn|p2a: Kingambit|Protect\n|move|p1a: Aerodactyl|Dual Wingbeat|p2b: Sneasler\n|-supereffective|p2b: Sneasler|1\n|-damage|p2b: Sneasler|39/100\n|-supereffective|p2b: Sneasler|1\n|-damage|p2b: Sneasler|0 fnt\n|faint|p2b: Sneasler\n|-hitcount|p2: Sneasler|2\n|move|p1b: Garchomp|Stomping Tantrum|p2a: Kingambit\n|-activate|p2a: Kingambit|move: Protect\n|\n|upkeep\n|\n|t:|1776557137\n|switch|p2b: Sinistcha|Sinistcha, L50|100/100\n|-heal|p2a: Kingambit|100/100|[from] ability: Hospitality|[of] p2b: Sinistcha\n|turn|3\n|\n|t:|1776557149\n|move|p2a: Kingambit|Sucker Punch|p1a: Aerodactyl\n|-damage|p1a: Aerodactyl|29/100\n|move|p1a: Aerodactyl|Dual Wingbeat|p2b: Sinistcha\n|-supereffective|p2b: Sinistcha|1\n|-damage|p2b: Sinistcha|72/100\n|-supereffective|p2b: Sinistcha|1\n|-damage|p2b: Sinistcha|44/100\n|-hitcount|p2b: Sinistcha|2\n|move|p1b: Garchomp|Stomping Tantrum|p2a: Kingambit\n|-supereffective|p2a: Kingambit|1\n|-damage|p2a: Kingambit|43/100\n|move|p2b: Sinistcha|Trick Room|p2b: Sinistcha\n|-fieldstart|move: Trick Room|[of] p2b: Sinistcha\n|\n|upkeep\n|turn|4\n|\n|t:|1776557165\n|move|p1a: Aerodactyl|Protect|p1a: Aerodactyl\n|-singleturn|p1a: Aerodactyl|Protect\n|move|p2a: Kingambit|Kowtow Cleave|p1b: Garchomp\n|-damage|p1b: Garchomp|0 fnt\n|-damage|p2a: Kingambit|30/100|[from] ability: Rough Skin|[of] p1b: Garchomp\n|faint|p1b: Garchomp\n|move|p2b: Sinistcha|Matcha Gotcha|p1a: Aerodactyl\n|-activate|p1a: Aerodactyl|move: Protect\n|\n|upkeep\n|\n|t:|1776557171\n|switch|p1b: Rotom|Rotom-Wash, L50|100/100\n|turn|5\n|\n|t:|1776557180\n|move|p1a: Aerodactyl|Protect||[still]\n|-fail|p1a: Aerodactyl\n|move|p2a: Kingambit|Kowtow Cleave|p1b: Rotom\n|-damage|p1b: Rotom|43/100\n|move|p2b: Sinistcha|Matcha Gotcha|p1b: Rotom|[spread] p1a,p1b\n|-supereffective|p1b: Rotom|1\n|-damage|p1a: Aerodactyl|0 fnt\n|-heal|p2b: Sinistcha|57/100|[from] drain|[of] p1a: Aerodactyl\n|-damage|p1b: Rotom|0 fnt\n|-heal|p2b: Sinistcha|76/100|[from] drain|[of] p1b: Rotom\n|faint|p1a: Aerodactyl\n|faint|p1b: Rotom\n|\n|upkeep\n|-message|Cheasleywithaw forfeited.\n|\n|win|Ouraiti\n|raw|Cheasleywithaw's rating: 1362 &rarr; <strong>1346</strong><br />(-16 for losing)\n|raw|Ouraiti's rating: 1432 &rarr; <strong>1448</strong><br />(+16 for winning)\n|l|\u2606Cheasleywithaw\n|player|p1|\n",
  "uploadtime": 1776557197,
  "views": 24,
  "formatid": "gen9championsvgc2026regma",
  "rating": 1346,
  "private": 0,
  "password": null
}