{
  "id": "gen9championsvgc2026regma-2589396701",
  "format": "[Gen 9 Champions] VGC 2026 Reg M-A",
  "players": [
    "insertable194",
    "Darknight675"
  ],
  "log": "|j|\u2606insertable194\n|j|\u2606Darknight675\n|t:|1776719613\n|gametype|doubles\n|player|p1|insertable194|yancy|1369\n|player|p2|Darknight675|will|1460\n|gen|9\n|tier|[Gen 9 Champions] VGC 2026 Reg M-A\n|rated|\n|rule|Species Clause: Limit one of each Pok\u00e9mon\n|rule|Item Clause: Limit 1 of each item\n|clearpoke\n|poke|p1|Kommo-o, L50, M|\n|poke|p1|Whimsicott, L50, M|\n|poke|p1|Aerodactyl, L50, F|\n|poke|p1|Basculegion, L50, M|\n|poke|p1|Volcarona, L50, M|\n|poke|p1|Gengar, L50, M|\n|poke|p2|Charizard, L50, F|\n|poke|p2|Scizor, L50, M|\n|poke|p2|Incineroar, L50, F|\n|poke|p2|Sinistcha, L50|\n|poke|p2|Milotic, L50, F|\n|poke|p2|Sneasler, L50, F|\n|teampreview|4\n|inactive|Battle timer is ON: inactive players will automatically lose when time's up. (requested by insertable194)\n|inactive|insertable194 has 60 seconds left.\n|inactive|Darknight675 has 60 seconds left.\n|j| ForeverLovingDream\n|\n|t:|1776719659\n|teamsize|p1|4\n|teamsize|p2|4\n|start\n|switch|p1a: Aerodactyl|Aerodactyl, L50, F|100/100\n|switch|p1b: Volcarona|Volcarona, L50, M|100/100\n|switch|p2a: Charizard|Charizard, L50, F|100/100\n|switch|p2b: Incineroar|Incineroar, L50, F|100/100\n|-ability|p1a: Aerodactyl|Unnerve\n|-ability|p2b: Incineroar|Intimidate|boost\n|-unboost|p1a: Aerodactyl|atk|1\n|-unboost|p1b: Volcarona|atk|1\n|turn|1\n|\n|t:|1776719682\n|switch|p1b: Basculegion|Basculegion, L50, M|100/100\n|detailschange|p2a: Charizard|Charizard-Mega-X, L50, F\n|-mega|p2a: Charizard|Charizard|Charizardite X\n|move|p1a: Aerodactyl|Protect|p1a: Aerodactyl\n|-singleturn|p1a: Aerodactyl|Protect\n|move|p2b: Incineroar|Fake Out|p1a: Aerodactyl\n|-activate|p1a: Aerodactyl|move: Protect\n|move|p2a: Charizard|Dragon Dance|p2a: Charizard\n|-boost|p2a: Charizard|atk|1\n|-boost|p2a: Charizard|spe|1\n|\n|upkeep\n|turn|2\n|inactive|insertable194 has 30 seconds left.\n|\n|t:|1776719713\n|switch|p2b: Sinistcha|Sinistcha, L50|100/100\n|move|p2a: Charizard|Protect|p2a: Charizard\n|-singleturn|p2a: Charizard|Protect\n|move|p1b: Basculegion|Wave Crash|p2a: Charizard\n|-activate|p2a: Charizard|move: Protect\n|move|p1a: Aerodactyl|Rock Slide|p2a: Charizard|[spread] p2b\n|-activate|p2a: Charizard|move: Protect\n|-damage|p2b: Sinistcha|87/100\n|\n|upkeep\n|turn|3\n|\n|t:|1776719724\n|move|p2b: Sinistcha|Rage Powder|p2b: Sinistcha\n|-singleturn|p2b: Sinistcha|move: Rage Powder\n|move|p2a: Charizard|Dragon Claw|p1b: Basculegion\n|-damage|p1b: Basculegion|0 fnt\n|faint|p1b: Basculegion\n|move|p1a: Aerodactyl|Dual Wingbeat|p2b: Sinistcha\n|-supereffective|p2b: Sinistcha|1\n|-damage|p2b: Sinistcha|67/100\n|-supereffective|p2b: Sinistcha|1\n|-damage|p2b: Sinistcha|46/100\n|-hitcount|p2b: Sinistcha|2\n|\n|upkeep\n|\n|t:|1776719726\n|switch|p1b: Volcarona|Volcarona, L50, M|100/100\n|turn|4\n|\n|t:|1776719741\n|switch|p2b: Incineroar|Incineroar, L50, F|100/100\n|-ability|p2b: Incineroar|Intimidate|boost\n|-unboost|p1a: Aerodactyl|atk|1\n|-unboost|p1b: Volcarona|atk|1\n|detailschange|p1a: Aerodactyl|Aerodactyl-Mega, L50, F\n|-mega|p1a: Aerodactyl|Aerodactyl|Aerodactylite\n|move|p1b: Volcarona|Rage Powder|p1b: Volcarona\n|-singleturn|p1b: Volcarona|move: Rage Powder\n|move|p2a: Charizard|Flare Blitz|p1b: Volcarona\n|-damage|p1b: Volcarona|0 fnt\n|faint|p1b: Volcarona\n|-damage|p2a: Charizard|63/100|[from] Recoil\n|move|p1a: Aerodactyl|Rock Slide|p2b: Incineroar|[spread] p2a,p2b\n|-supereffective|p2a: Charizard|1\n|-supereffective|p2b: Incineroar|1\n|-damage|p2a: Charizard|33/100\n|-damage|p2b: Incineroar|72/100\n|\n|upkeep\n|\n|t:|1776719743\n|switch|p1b: Gengar|Gengar, L50, M|100/100\n|turn|5\n|-message|insertable194 forfeited.\n|\n|win|Darknight675\n|raw|insertable194's rating: 1369 &rarr; <strong>1354</strong><br />(-15 for losing)\n|raw|Darknight675's rating: 1460 &rarr; <strong>1475</strong><br />(+15 for winning)\n|l|\u2606Darknight675\n|player|p2|\n",
  "uploadtime": 1776719808,
  "views": 10,
  "formatid": "gen9championsvgc2026regma",
  "rating": 1354,
  "private": 0,
  "password": null
}