{
  "id": "gen9championsvgc2026regma-2583416001",
  "format": "[Gen 9 Champions] VGC 2026 Reg M-A",
  "players": [
    "monarca111",
    "soulo333"
  ],
  "log": "|j|\u2606monarca111\n|j|\u2606soulo333\n|t:|1776174176\n|gametype|doubles\n|player|p1|monarca111|veteran|1188\n|player|p2|soulo333|101|1177\n|gen|9\n|tier|[Gen 9 Champions] VGC 2026 Reg M-A\n|rated|\n|rule|Species Clause: Limit one of each Pok\u00e9mon\n|rule|Item Clause: Limit 1 of each item\n|clearpoke\n|poke|p1|Scizor, L50, M|\n|poke|p1|Pelipper, L50, M|\n|poke|p1|Palafin, L50, M|\n|poke|p1|Archaludon, L50, M|\n|poke|p1|Aegislash, L50, M|\n|poke|p1|Hydreigon, L50, M|\n|poke|p2|Charizard, L50, F|\n|poke|p2|Sneasler, L50, M|\n|poke|p2|Sinistcha, L50|\n|poke|p2|Incineroar, L50, F|\n|poke|p2|Milotic, L50, M|\n|poke|p2|Tyranitar, L50, F|\n|teampreview|4\nmonarca111 rejected open team sheets.\n|\n|t:|1776174205\n|teamsize|p1|4\n|teamsize|p2|4\n|start\n|switch|p1a: Palafin|Palafin, L50, M, shiny|100/100\n|switch|p1b: Scizor|Scizor, L50, M|100/100\n|switch|p2a: Incineroar|Incineroar, L50, F|100/100\n|switch|p2b: Milotic|Milotic, L50, M|100/100\n|-ability|p2a: Incineroar|Intimidate|boost\n|-unboost|p1a: Palafin|atk|1\n|-unboost|p1b: Scizor|atk|1\n|turn|1\n|\n|t:|1776174235\n|detailschange|p1b: Scizor|Scizor-Mega, L50, M\n|-mega|p1b: Scizor|Scizor|Scizorite\n|move|p1b: Scizor|Protect|p1b: Scizor\n|-singleturn|p1b: Scizor|Protect\n|move|p2a: Incineroar|Fake Out|p1a: Palafin\n|-damage|p1a: Palafin|87/100\n|cant|p1a: Palafin|flinch\n|move|p2b: Milotic|Icy Wind|p1a: Palafin|[spread] p1a\n|-activate|p1b: Scizor|move: Protect\n|-resisted|p1a: Palafin|1\n|-damage|p1a: Palafin|81/100\n|-unboost|p1a: Palafin|spe|1\n|\n|upkeep\n|turn|2\n|\n|t:|1776174258\n|switch|p1b: Pelipper|Pelipper, L50, M|100/100\n|-weather|RainDance|[from] ability: Drizzle|[of] p1b: Pelipper\n|move|p2b: Milotic|Icy Wind|p1a: Palafin|[spread] p1a,p1b\n|-resisted|p1a: Palafin|1\n|-crit|p1b: Pelipper\n|-damage|p1a: Palafin|74/100\n|-damage|p1b: Pelipper|78/100\n|-unboost|p1a: Palafin|spe|1\n|-unboost|p1b: Pelipper|spe|1\n|move|p2a: Incineroar|Flare Blitz|p1b: Pelipper\n|-resisted|p1b: Pelipper|1\n|-damage|p1b: Pelipper|67/100\n|-damage|p2a: Incineroar|98/100|[from] Recoil\n|move|p1a: Palafin|Flip Turn|p2a: Incineroar\n|-supereffective|p2a: Incineroar|1\n|-crit|p2a: Incineroar\n|-damage|p2a: Incineroar|0 fnt\n|faint|p2a: Incineroar\n|\n|t:|1776174280\n|detailschange|p1a: Palafin|Palafin-Hero, L50, M, shiny\n|switch|p1a: Hydreigon|Hydreigon, L50, M|100/100|[from] Flip Turn\n|\n|-weather|RainDance|[upkeep]\n|upkeep\n|\n|t:|1776174288\n|switch|p2a: Tyranitar|Tyranitar, L50, F|100/100\n|-weather|Sandstorm|[from] ability: Sand Stream|[of] p2a: Tyranitar\n|turn|3\n|\n|t:|1776174337\n|switch|p1b: Palafin|Palafin-Hero, L50, M, shiny|74/100\n|-activate|p1b: Palafin|ability: Zero to Hero\n|move|p1a: Hydreigon|Earth Power|p2a: Tyranitar\n|-supereffective|p2a: Tyranitar|1\n|-crit|p2a: Tyranitar\n|-damage|p2a: Tyranitar|46/100\n|move|p2b: Milotic|Icy Wind|p1b: Palafin|[spread] p1a,p1b\n|-supereffective|p1a: Hydreigon|1\n|-resisted|p1b: Palafin|1\n|-damage|p1a: Hydreigon|77/100\n|-damage|p1b: Palafin|69/100\n|-unboost|p1a: Hydreigon|spe|1\n|-unboost|p1b: Palafin|spe|1\n|move|p2a: Tyranitar|Knock Off|p1b: Palafin\n|-damage|p1b: Palafin|11/100\n|-enditem|p1b: Palafin|Mystic Water|[from] move: Knock Off|[of] p2a: Tyranitar\n|\n|-weather|Sandstorm|[upkeep]\n|-damage|p1a: Hydreigon|71/100|[from] Sandstorm\n|-damage|p2b: Milotic|95/100|[from] Sandstorm\n|-damage|p1b: Palafin|5/100|[from] Sandstorm\n|-heal|p2b: Milotic|100/100|[from] item: Leftovers\n|upkeep\n|turn|4\n|\n|t:|1776174361\n|switch|p1a: Pelipper|Pelipper, L50, M|67/100\n|-weather|RainDance|[from] ability: Drizzle|[of] p1a: Pelipper\n|move|p2a: Tyranitar|Protect|p2a: Tyranitar\n|-singleturn|p2a: Tyranitar|Protect\n|move|p1b: Palafin|Jet Punch|p2a: Tyranitar\n|-activate|p2a: Tyranitar|move: Protect\n|move|p2b: Milotic|Icy Wind|p1b: Palafin|[spread] p1a,p1b\n|-resisted|p1b: Palafin|1\n|-damage|p1a: Pelipper|54/100\n|-damage|p1b: Palafin|0 fnt\n|-unboost|p1a: Pelipper|spe|1\n|faint|p1b: Palafin\n|\n|-weather|RainDance|[upkeep]\n|upkeep\n|\n|t:|1776174375\n|switch|p1b: Scizor|Scizor-Mega, L50, M|100/100\n|turn|5\n|\n|t:|1776174392\n|switch|p2a: Charizard|Charizard, L50, F|100/100\n|move|p1b: Scizor|Protect|p1b: Scizor\n|-singleturn|p1b: Scizor|Protect\n|move|p2b: Milotic|Scald|p1b: Scizor\n|-activate|p1b: Scizor|move: Protect\n|move|p1a: Pelipper|Tailwind|p1a: Pelipper\n|-sidestart|p1: monarca111|move: Tailwind\n|\n|-weather|RainDance|[upkeep]\n|upkeep\n|turn|6\n|\n|t:|1776174435\n|switch|p1b: Hydreigon|Hydreigon, L50, M|71/100\n|switch|p2b: Tyranitar|Tyranitar, L50, F|46/100\n|-weather|Sandstorm|[from] ability: Sand Stream|[of] p2b: Tyranitar\n|detailschange|p2a: Charizard|Charizard-Mega-X, L50, F\n|-mega|p2a: Charizard|Charizard|Charizardite X\n|move|p1a: Pelipper|Protect|p1a: Pelipper\n|-singleturn|p1a: Pelipper|Protect\n|move|p2a: Charizard|Flare Blitz|p1b: Hydreigon\n|-resisted|p1b: Hydreigon|1\n|-damage|p1b: Hydreigon|27/100\n|-damage|p2a: Charizard|87/100|[from] Recoil\n|\n|-weather|Sandstorm|[upkeep]\n|-damage|p1b: Hydreigon|21/100|[from] Sandstorm\n|-damage|p2a: Charizard|81/100|[from] Sandstorm\n|-damage|p1a: Pelipper|48/100|[from] Sandstorm\n|upkeep\n|turn|7\n|\n|t:|1776174458\n|move|p2a: Charizard|Protect|p2a: Charizard\n|-singleturn|p2a: Charizard|Protect\n|move|p1b: Hydreigon|Earth Power|p2b: Tyranitar\n|-supereffective|p2b: Tyranitar|1\n|-damage|p2b: Tyranitar|10/100\n|move|p1a: Pelipper|Weather Ball|p2a: Charizard\n|-activate|p2a: Charizard|move: Protect\n|move|p2b: Tyranitar|Rock Slide|p1a: Pelipper|[spread] p1a,p1b\n|-supereffective|p1a: Pelipper|1\n|-crit|p1a: Pelipper\n|-damage|p1a: Pelipper|0 fnt\n|-damage|p1b: Hydreigon|0 fnt\n|faint|p1a: Pelipper\n|faint|p1b: Hydreigon\n|\n|-weather|Sandstorm|[upkeep]\n|-damage|p2a: Charizard|75/100|[from] Sandstorm\n|upkeep\n|-message|monarca111 forfeited.\n|\n|win|soulo333\n|raw|monarca111's rating: 1188 &rarr; <strong>1162</strong><br />(-26 for losing)\n|raw|soulo333's rating: 1177 &rarr; <strong>1203</strong><br />(+26 for winning)\n",
  "uploadtime": 1776174476,
  "views": 18,
  "formatid": "gen9championsvgc2026regma",
  "rating": 1162,
  "private": 0,
  "password": null
}