{
  "id": "gen9championsvgc2026regma-2583225443",
  "format": "[Gen 9 Champions] VGC 2026 Reg M-A",
  "players": [
    "campeondelfitness",
    "CaptainFP"
  ],
  "log": "|j|\u2606campeondelfitness\n|j|\u2606CaptainFP\n|t:|1776156781\n|gametype|doubles\n|player|p1|campeondelfitness|swimmer|1121\n|player|p2|CaptainFP|ethan|1063\n|gen|9\n|tier|[Gen 9 Champions] VGC 2026 Reg M-A\n|rated|\n|rule|Species Clause: Limit one of each Pok\u00e9mon\n|rule|Item Clause: Limit 1 of each item\n|clearpoke\n|poke|p1|Greninja-*, L50, M|\n|poke|p1|Aerodactyl, L50, F|\n|poke|p1|Tyranitar, L50, M|\n|poke|p1|Sneasler, L50, F|\n|poke|p1|Excadrill, L50, F|\n|poke|p1|Rotom-Mow, L50|\n|poke|p2|Typhlosion, L50, F|\n|poke|p2|Starmie, L50|\n|poke|p2|Rotom-Wash, L50|\n|poke|p2|Garchomp, L50, F|\n|poke|p2|Aegislash, L50, M|\n|poke|p2|Sylveon, L50, M|\n|teampreview|4\n|inactive|Battle timer is ON: inactive players will automatically lose when time's up. (requested by campeondelfitness)\ncampeondelfitness rejected open team sheets.\n|inactive|campeondelfitness has 60 seconds left.\n|inactive|CaptainFP has 60 seconds left.\n|\n|t:|1776156826\n|teamsize|p1|4\n|teamsize|p2|4\n|start\n|switch|p1a: Rotom|Rotom-Mow, L50|100/100\n|switch|p1b: Excadrill|Excadrill, L50, F|100/100\n|switch|p2a: Aegislash|Aegislash, L50, M|100/100\n|switch|p2b: Garchomp|Garchomp, L50, F|100/100\n|turn|1\n|inactive|campeondelfitness has 30 seconds left.\n|inactive|CaptainFP has 30 seconds left.\n|inactive|campeondelfitness has 20 seconds left.\n|inactive|CaptainFP has 20 seconds left.\n|inactive|campeondelfitness has 15 seconds left.\n|inactive|CaptainFP has 15 seconds left.\n|inactive|campeondelfitness has 10 seconds left.\n|inactive|CaptainFP has 10 seconds left.\n|\n|t:|1776156876\n|move|p1b: Excadrill|Protect|p1b: Excadrill\n|-singleturn|p1b: Excadrill|Protect\n|move|p2a: Aegislash|King's Shield|p2a: Aegislash\n|-singleturn|p2a: Aegislash|Protect\n|move|p1a: Rotom|Will-O-Wisp|p2b: Garchomp\n|-status|p2b: Garchomp|brn\n|move|p2b: Garchomp|Earthquake|p1b: Excadrill|[spread] \n|-activate|p2a: Aegislash|move: Protect\n|-activate|p1b: Excadrill|move: Protect\n|-immune|p1a: Rotom|[from] ability: Levitate\n|\n|-damage|p2b: Garchomp|94/100 brn|[from] brn\n|upkeep\n|turn|2\n|inactive|campeondelfitness has 30 seconds left.\n|inactive|CaptainFP has 30 seconds left.\n|\n|t:|1776156911\n|switch|p2b: Starmie|Starmie, L50|100/100\n|move|p1a: Rotom|Will-O-Wisp|p2a: Aegislash\n|-status|p2a: Aegislash|brn\n|move|p1b: Excadrill|Earthquake|p2b: Starmie|[spread] p2a,p2b\n|-immune|p1a: Rotom|[from] ability: Levitate\n|-supereffective|p2a: Aegislash|1\n|-damage|p2a: Aegislash|36/100 brn\n|-damage|p2b: Starmie|30/100\n|-formechange|p2a: Aegislash|Aegislash-Blade|\n|move|p2a: Aegislash|Shadow Ball|p1a: Rotom\n|-damage|p1a: Rotom|43/100\n|\n|-damage|p2a: Aegislash|30/100 brn|[from] brn\n|upkeep\n|turn|3\n|inactive|CaptainFP has 30 seconds left.\n|\n|t:|1776156938\n|switch|p1a: Tyranitar|Tyranitar, L50, M|100/100\n|-weather|Sandstorm|[from] ability: Sand Stream|[of] p1a: Tyranitar\n|detailschange|p2b: Starmie|Starmie-Mega, L50\n|-mega|p2b: Starmie|Starmie|Starminite\n|move|p2a: Aegislash|Wide Guard|p2a: Aegislash\n|-singleturn|p2a: Aegislash|Wide Guard\n|move|p1b: Excadrill|Earthquake|p2b: Starmie|[spread] p1a\n|-activate|p2a: Aegislash|move: Wide Guard\n|-activate|p2b: Starmie|move: Wide Guard\n|-supereffective|p1a: Tyranitar|1\n|-damage|p1a: Tyranitar|32/100\n|move|p2b: Starmie|Zen Headbutt|p1a: Tyranitar\n|-immune|p1a: Tyranitar\n|\n|-weather|Sandstorm|[upkeep]\n|-damage|p2b: Starmie|24/100|[from] Sandstorm\n|-damage|p2a: Aegislash|24/100 brn|[from] brn\n|upkeep\n|turn|4\n|\n|t:|1776156963\n|move|p2b: Starmie|Protect|p2b: Starmie\n|-singleturn|p2b: Starmie|Protect\n|-formechange|p2a: Aegislash|Aegislash|\n|move|p2a: Aegislash|King's Shield||[still]\n|-fail|p2a: Aegislash\n|move|p1b: Excadrill|Iron Head|p2b: Starmie\n|-activate|p2b: Starmie|move: Protect\n|move|p1a: Tyranitar|Knock Off|p2a: Aegislash\n|-supereffective|p2a: Aegislash|1\n|-damage|p2a: Aegislash|0 fnt\n|-enditem|p2a: Aegislash|Quick Claw|[from] move: Knock Off|[of] p1a: Tyranitar\n|faint|p2a: Aegislash\n|\n|-weather|Sandstorm|[upkeep]\n|-damage|p2b: Starmie|18/100|[from] Sandstorm\n|upkeep\n|\n|t:|1776156984\n|switch|p2a: Garchomp|Garchomp, L50, F|94/100 brn\n|turn|5\n|\n|t:|1776156997\n|move|p1a: Tyranitar|Protect|p1a: Tyranitar\n|-singleturn|p1a: Tyranitar|Protect\n|move|p1b: Excadrill|Earthquake|p2b: Starmie|[spread] p2a,p2b\n|-activate|p1a: Tyranitar|move: Protect\n|-damage|p2a: Garchomp|50/100 brn\n|-damage|p2b: Starmie|0 fnt\n|faint|p2b: Starmie\n|move|p2a: Garchomp|Dragon Claw|p1b: Excadrill\n|-resisted|p1b: Excadrill|1\n|-damage|p1b: Excadrill|86/100\n|\n|-weather|Sandstorm|[upkeep]\n|-damage|p2a: Garchomp|44/100 brn|[from] brn\n|upkeep\n|\n|t:|1776157002\n|switch|p2b: Typhlosion|Typhlosion, L50, F|100/100\n|turn|6\n|\n|t:|1776157017\n|move|p1a: Tyranitar|Helping Hand|p1b: Excadrill\n|-singleturn|p1b: Excadrill|Helping Hand|[of] p1a: Tyranitar\n|move|p1b: Excadrill|Earthquake|p2a: Garchomp|[spread] p1a,p2a,p2b\n|-supereffective|p1a: Tyranitar|1\n|-supereffective|p2b: Typhlosion|1\n|-damage|p1a: Tyranitar|0 fnt\n|-damage|p2a: Garchomp|0 fnt\n|-damage|p2b: Typhlosion|0 fnt\n|faint|p1a: Tyranitar\n|faint|p2a: Garchomp\n|faint|p2b: Typhlosion\n|\n|win|campeondelfitness\n|raw|campeondelfitness's rating: 1121 &rarr; <strong>1142</strong><br />(+21 for winning)\n|raw|CaptainFP's rating: 1063 &rarr; <strong>1047</strong><br />(-16 for losing)\n|l|\u2606CaptainFP\n|player|p2|\n",
  "uploadtime": 1776157028,
  "views": 26,
  "formatid": "gen9championsvgc2026regma",
  "rating": 1047,
  "private": 0,
  "password": null
}