{
  "id": "gen9championsvgc2026regma-2586397345",
  "format": "[Gen 9 Champions] VGC 2026 Reg M-A",
  "players": [
    "evo d zero",
    "MvillMpersonality"
  ],
  "log": "|j|\u2606evo d zero\n|j|\u2606MvillMpersonality\n|t:|1776431749\n|gametype|doubles\n|player|p1|evo d zero|n|1120\n|player|p2|MvillMpersonality|pokemaniac|1098\n|gen|9\n|tier|[Gen 9 Champions] VGC 2026 Reg M-A\n|rated|\n|rule|Species Clause: Limit one of each Pok\u00e9mon\n|rule|Item Clause: Limit 1 of each item\n|clearpoke\n|poke|p1|Avalugg-Hisui, L50, M|\n|poke|p1|Aurorus, L50, F|\n|poke|p1|Farigiraf, L50, F|\n|poke|p1|Aerodactyl, L50, M|\n|poke|p1|Meganium, L50, F|\n|poke|p1|Ceruledge, L50, M|\n|poke|p2|Scovillain, L50, F|\n|poke|p2|Sinistcha, L50|\n|poke|p2|Hatterene, L50, F|\n|poke|p2|Kingambit, L50, F|\n|poke|p2|Rhyperior, L50, F|\n|poke|p2|Tyranitar, L50, M|\n|teampreview|4\n|inactive|Battle timer is ON: inactive players will automatically lose when time's up. (requested by evo d zero)\nevo d zero rejected open team sheets.\n|\n|t:|1776431772\n|teamsize|p1|4\n|teamsize|p2|4\n|start\n|switch|p1a: Farigiraf|Farigiraf, L50, F|100/100\n|switch|p1b: Aurorus|Aurorus, L50, F, shiny|100/100\n|switch|p2a: Scovillain|Scovillain, L50, F|100/100\n|switch|p2b: Rhyperior|Rhyperior, L50, F|100/100\n|-weather|Snowscape|[from] ability: Snow Warning|[of] p1b: Aurorus\n|turn|1\n|\n|t:|1776431794\n|detailschange|p2a: Scovillain|Scovillain-Mega, L50, F\n|-mega|p2a: Scovillain|Scovillain|Scovillainite\n|move|p2b: Rhyperior|Protect|p2b: Rhyperior\n|-singleturn|p2b: Rhyperior|Protect\n|move|p2a: Scovillain|Leaf Storm|p1b: Aurorus|[miss]\n|-miss|p2a: Scovillain|p1b: Aurorus\n|move|p1a: Farigiraf|Hyper Voice|p2b: Rhyperior|[spread] p2a\n|-activate|p2b: Rhyperior|move: Protect\n|-damage|p2a: Scovillain|72/100\n|-status|p1a: Farigiraf|brn|[from] ability: Spicy Spray|[of] p2a: Scovillain\n|move|p1b: Aurorus|Aurora Veil|p1b: Aurorus\n|-sidestart|p1: evo d zero|move: Aurora Veil\n|\n|-weather|Snowscape|[upkeep]\n|-damage|p1a: Farigiraf|94/100 brn|[from] brn\n|upkeep\n|turn|2\n|inactive|MvillMpersonality has 30 seconds left.\n|\n|t:|1776431823\n|move|p2a: Scovillain|Rage Powder|p2a: Scovillain\n|-singleturn|p2a: Scovillain|move: Rage Powder\n|move|p1a: Farigiraf|Hyper Voice|p2b: Rhyperior|[spread] p2a,p2b\n|-resisted|p2b: Rhyperior|1\n|-damage|p2a: Scovillain|44/100\n|-damage|p2b: Rhyperior|86/100\n|move|p1b: Aurorus|Blizzard|p2a: Scovillain|[spread] p2a,p2b\n|-supereffective|p2b: Rhyperior|1\n|-damage|p2a: Scovillain|16/100\n|-damage|p2b: Rhyperior|43/100\n|-status|p1b: Aurorus|brn|[from] ability: Spicy Spray|[of] p2a: Scovillain\n|move|p2b: Rhyperior|Swords Dance|p2b: Rhyperior\n|-boost|p2b: Rhyperior|atk|2\n|\n|-weather|Snowscape|[upkeep]\n|-damage|p1a: Farigiraf|88/100 brn|[from] brn\n|-damage|p1b: Aurorus|94/100 brn|[from] brn\n|upkeep\n|turn|3\n|inactive|MvillMpersonality has 30 seconds left.\n|c|\u2606MvillMpersonality|So many of those 90% misses cost me the game\n|inactive|MvillMpersonality has 20 seconds left.\n|inactive|MvillMpersonality has 15 seconds left.\n|c|\u2606MvillMpersonality|People hand over their pokes to mscov on turn 1 all day\n|inactive|MvillMpersonality has 10 seconds left.\n|inactive|MvillMpersonality has 5 seconds left.\n|\n|t:|1776431874\n|switch|p2a: Sinistcha|Sinistcha, L50|100/100\n|-heal|p2b: Rhyperior|68/100|[from] ability: Hospitality|[of] p2a: Sinistcha\n|move|p2b: Rhyperior|Protect|p2b: Rhyperior\n|-singleturn|p2b: Rhyperior|Protect\n|move|p1a: Farigiraf|Hyper Voice|p2a: Sinistcha|[spread] \n|-activate|p2b: Rhyperior|move: Protect\n|-immune|p2a: Sinistcha\n|move|p1b: Aurorus|Blizzard|p2b: Rhyperior|[spread] p2a\n|-activate|p2b: Rhyperior|move: Protect\n|-supereffective|p2a: Sinistcha|1\n|-damage|p2a: Sinistcha|33/100\n|\n|-weather|Snowscape|[upkeep]\n|-damage|p1a: Farigiraf|82/100 brn|[from] brn\n|-damage|p1b: Aurorus|88/100 brn|[from] brn\n|upkeep\n|turn|4\n|c|\u2606evo d zero|i see\n|c|\u2606evo d zero|nice team after all\n|\n|t:|1776431895\n|switch|p2a: Tyranitar|Tyranitar, L50, M|100/100\n|-weather|Sandstorm|[from] ability: Sand Stream|[of] p2a: Tyranitar\n|move|p1a: Farigiraf|Hyper Voice|p2a: Tyranitar|[spread] p2a,p2b\n|-resisted|p2a: Tyranitar|1\n|-resisted|p2b: Rhyperior|1\n|-damage|p2a: Tyranitar|92/100\n|-damage|p2b: Rhyperior|58/100\n|move|p1b: Aurorus|Blizzard|p2b: Rhyperior|[spread] p2b\n|-miss|p1b: Aurorus|p2a: Tyranitar\n|-supereffective|p2b: Rhyperior|1\n|-damage|p2b: Rhyperior|25/100\n|move|p2b: Rhyperior|Rock Slide|p1a: Farigiraf|[spread] p1a,p1b\n|-supereffective|p1b: Aurorus|1\n|-damage|p1a: Farigiraf|42/100 brn\n|-damage|p1b: Aurorus|0 fnt\n|-enditem|p1a: Farigiraf|Sitrus Berry|[eat]\n|-heal|p1a: Farigiraf|67/100 brn|[from] item: Sitrus Berry\n|faint|p1b: Aurorus\n|\n|-weather|Sandstorm|[upkeep]\n|-damage|p1a: Farigiraf|60/100 brn|[from] Sandstorm\n|-damage|p1a: Farigiraf|54/100 brn|[from] brn\n|upkeep\n|c|\u2606MvillMpersonality|Thanks, you too! Interesting stuff\n|\n|t:|1776431911\n|switch|p1b: Meganium|Meganium, L50, F|100/100\n|turn|5\n|\n|t:|1776431925\n|switch|p2a: Sinistcha|Sinistcha, L50|33/100\n|-heal|p2b: Rhyperior|50/100|[from] ability: Hospitality|[of] p2a: Sinistcha\n|detailschange|p1b: Meganium|Meganium-Mega, L50, F\n|-mega|p1b: Meganium|Meganium|Meganiumite\n|move|p2b: Rhyperior|Protect|p2b: Rhyperior\n|-singleturn|p2b: Rhyperior|Protect\n|move|p1b: Meganium|Dazzling Gleam|p2a: Sinistcha|[spread] p2a\n|-activate|p2b: Rhyperior|move: Protect\n|-damage|p2a: Sinistcha|0 fnt\n|faint|p2a: Sinistcha\n|move|p1a: Farigiraf|Hyper Voice|p2b: Rhyperior\n|-activate|p2b: Rhyperior|move: Protect\n|\n|-weather|Sandstorm|[upkeep]\n|-damage|p1b: Meganium|95/100|[from] Sandstorm\n|-damage|p1a: Farigiraf|48/100 brn|[from] Sandstorm\n|-damage|p1a: Farigiraf|42/100 brn|[from] brn\n|-sideend|p1: evo d zero|move: Aurora Veil\n|upkeep\n|\n|t:|1776431950\n|switch|p2a: Tyranitar|Tyranitar, L50, M|92/100\n|turn|6\n|\n|t:|1776431962\n|move|p2b: Rhyperior|Protect|p2b: Rhyperior\n|-singleturn|p2b: Rhyperior|Protect\n|move|p1b: Meganium|Solar Beam||[still]\n|-prepare|p1b: Meganium|Solar Beam\n|-activate|p1b: Meganium|ability: Mega Sol\n|-anim|p1b: Meganium|Solar Beam|p2b: Rhyperior\n|-activate|p2b: Rhyperior|move: Protect\n|move|p1a: Farigiraf|Hyper Voice|p2a: Tyranitar|[spread] p2a\n|-activate|p2b: Rhyperior|move: Protect\n|-resisted|p2a: Tyranitar|1\n|-damage|p2a: Tyranitar|84/100\n|move|p2a: Tyranitar|Knock Off|p1a: Farigiraf\n|-supereffective|p1a: Farigiraf|1\n|-damage|p1a: Farigiraf|0 fnt\n|faint|p1a: Farigiraf\n|\n|-weather|Sandstorm|[upkeep]\n|-damage|p1b: Meganium|89/100|[from] Sandstorm\n|upkeep\n|\n|t:|1776431965\n|switch|p1a: Ceruledge|Ceruledge, L50, M|100/100\n|turn|7\n|inactive|MvillMpersonality has 30 seconds left.\n|inactive|MvillMpersonality has 20 seconds left.\n|inactive|MvillMpersonality has 15 seconds left.\n|\n|t:|1776432006\n|move|p1a: Ceruledge|Close Combat|p2a: Tyranitar\n|-supereffective|p2a: Tyranitar|2\n|-enditem|p2a: Tyranitar|Chople Berry|[eat]\n|-enditem|p2a: Tyranitar|Chople Berry|[weaken]\n|-damage|p2a: Tyranitar|8/100\n|-unboost|p1a: Ceruledge|def|1\n|-unboost|p1a: Ceruledge|spd|1\n|move|p1b: Meganium|Solar Beam||[still]\n|-prepare|p1b: Meganium|Solar Beam\n|-activate|p1b: Meganium|ability: Mega Sol\n|-anim|p1b: Meganium|Solar Beam|p2b: Rhyperior\n|-supereffective|p2b: Rhyperior|2\n|-damage|p2b: Rhyperior|0 fnt\n|faint|p2b: Rhyperior\n|move|p2a: Tyranitar|Rock Slide|p1a: Ceruledge|[spread] p1b\n|-miss|p2a: Tyranitar|p1a: Ceruledge\n|-damage|p1b: Meganium|60/100\n|\n|-weather|Sandstorm|[upkeep]\n|-damage|p1a: Ceruledge|94/100|[from] Sandstorm\n|-damage|p1b: Meganium|54/100|[from] Sandstorm\n|upkeep\n|c|\u2606MvillMpersonality|oh my god\n|c|\u2606evo d zero|dang\n|c|\u2606MvillMpersonality|The hax are just unreal\n|c|\u2606evo d zero|that miss does matter XD\n|\n|t:|1776432028\n|switch|p2b: Scovillain|Scovillain-Mega, L50, F|16/100\n|turn|8\n|c|\u2606MvillMpersonality|lmfao they both did, mscov picks that up I think\n|\n|t:|1776432046\n|move|p2b: Scovillain|Rage Powder|p2b: Scovillain\n|-singleturn|p2b: Scovillain|move: Rage Powder\n|move|p1a: Ceruledge|Close Combat|p2b: Scovillain\n|-damage|p2b: Scovillain|0 fnt\n|-unboost|p1a: Ceruledge|def|1\n|-unboost|p1a: Ceruledge|spd|1\n|-immune|p1a: Ceruledge\n|faint|p2b: Scovillain\n|move|p1b: Meganium|Dazzling Gleam|p2a: Tyranitar\n|-supereffective|p2a: Tyranitar|1\n|-damage|p2a: Tyranitar|0 fnt\n|faint|p2a: Tyranitar\n|\n|win|evo d zero\n|raw|evo d zero's rating: 1120 &rarr; <strong>1143</strong><br />(+23 for winning)\n|raw|MvillMpersonality's rating: 1098 &rarr; <strong>1075</strong><br />(-23 for losing)\n|c|\u2606MvillMpersonality|GG tho\n|c|\u2606evo d zero|what mscov mean?\n|c|\u2606MvillMpersonality|mega scovillain\n|c|\u2606evo d zero|ooo\n|c|\u2606evo d zero|well good team to play\n|c|\u2606MvillMpersonality|That dude h its like a truck, he one shots all the random megas. Starmie, aggron\n|c|\u2606evo d zero|danggg\n|c|\u2606evo d zero|with leaf storm?\n|c|\u2606MvillMpersonality|Overheat leaf storm rage and protect. The mindgames are so real, break people's ankles all day\n|c|\u2606evo d zero|danggg\n|c|\u2606MvillMpersonality|Him + rhyperior just annihilates some of the top pokes, garchomp, sneasler get pwnt\n|c|\u2606evo d zero|its mega ability really sick though\n|c|\u2606evo d zero|danggg\n|c|\u2606MvillMpersonality|It's too strong with trick room. TR was already saccing a mon\n|c|\u2606evo d zero|here me just playing around with my fav poke, aurorus XD\n|c|\u2606MvillMpersonality|Imagine also landing two wisps because aero dual wingebeat into garchomp earthquake doesn't pick up, and you get TR set up with him still alive to click the big button\n|c|\u2606MvillMpersonality|Aurorus is pretty neat!\n|c|\u2606evo d zero|yeah though... i could see it... one trick room and i booomeddd\n|c|\u2606MvillMpersonality|People aren't prepped for aurorus either, are they? XD\n|c|\u2606evo d zero|right, she cute... and buff to ice type now really make her a quite someplace\n|c|\u2606evo d zero|i mean she doesnt struggle like before\n|c|\u2606evo d zero|hahahahah\n|c|\u2606MvillMpersonality|Snow's one of my trickier matchups still\n|c|\u2606MvillMpersonality|I have the tools, they just have to work lol\n|c|\u2606evo d zero|aurorus was 6 invested in sp attack XD\n|c|\u2606evo d zero|yeah XD\n|c|\u2606evo d zero|really need rnd on your side XD\n|c|\u2606MvillMpersonality|Yeah for sure, a better player than me with better love from RNGesus could probably take this team pretty high, I'd like to see that\n|c|\u2606evo d zero|haahhahah yeah\n|c|\u2606evo d zero|hey come on let become friend XD\n|c|\u2606MvillMpersonality|Request sent!\n|c|\u2606MvillMpersonality|slash accepted lol\n|c|\u2606evo d zero|hahahha\n|c|\u2606MvillMpersonality|Oh right, I'm on like day 3, I haven't played pokemon since gen 2\n|c|\u2606evo d zero|its bro or what XD\n|c|\u2606evo d zero|oooo dang\n|c|\u2606evo d zero|happy to have you back XD\n|c|\u2606evo d zero|its gonna be more interesting game from now on XD\n|c|\u2606MvillMpersonality|Glad to be back, and glad my boi tyranitar is still not only relevant but meta\n|l|\u2606evo d zero\n|player|p1|\n",
  "uploadtime": 1776432476,
  "views": 28,
  "formatid": "gen9championsvgc2026regma",
  "rating": 1075,
  "private": 0,
  "password": null
}