{
  "id": "gen9championsvgc2026regma-2580583534",
  "format": "[Gen 9 Champions] VGC 2026 Reg M-A",
  "players": [
    "ojdokasod",
    "yuriimon"
  ],
  "log": "|j|\u2606ojdokasod\n|j|\u2606yuriimon\n|t:|1775915306\n|gametype|doubles\n|player|p1|ojdokasod|2|1000\n|player|p2|yuriimon|waitress-gen4|1085\n|gen|9\n|tier|[Gen 9 Champions] VGC 2026 Reg M-A\n|rated|\n|rule|Species Clause: Limit one of each Pok\u00e9mon\n|rule|Item Clause: Limit 1 of each item\n|clearpoke\n|poke|p1|Victreebel, L50, M|\n|poke|p1|Incineroar, L50, M|\n|poke|p1|Typhlosion-Hisui, L50, M|\n|poke|p1|Farigiraf, L50, M|\n|poke|p1|Abomasnow, L50, F|\n|poke|p1|Ninetales-Alola, L50, M|\n|poke|p2|Floette-Eternal, L50, F|\n|poke|p2|Maushold-Four, L50|\n|poke|p2|Glimmora, L50, M|\n|poke|p2|Talonflame, L50, F|\n|poke|p2|Garchomp, L50, M|\n|poke|p2|Farigiraf, L50, F|\n|teampreview|4\n|inactive|Battle timer is ON: inactive players will automatically lose when time's up. (requested by yuriimon)\n|\n|t:|1775915336\n|teamsize|p1|4\n|teamsize|p2|4\n|start\n|switch|p1a: Victreebel|Victreebel, L50, M|100/100\n|switch|p1b: Incineroar|Incineroar, L50, M|100/100\n|switch|p2a: Floette|Floette-Eternal, L50, F|100/100\n|switch|p2b: Talonflame|Talonflame, L50, F|100/100\n|-ability|p1b: Incineroar|Intimidate|boost\n|-unboost|p2a: Floette|atk|1\n|-unboost|p2b: Talonflame|atk|1\n|turn|1\n|\n|t:|1775915359\n|switch|p2a: Farigiraf|Farigiraf, L50, F|100/100\n|detailschange|p1a: Victreebel|Victreebel-Mega, L50, M\n|-mega|p1a: Victreebel|Victreebel|Victreebelite\n|move|p1b: Incineroar|Fake Out||[still]\n|cant|p2a: Farigiraf|ability: Armor Tail|Fake Out|[of] p1b: Incineroar\n|move|p2b: Talonflame|Tailwind|p2b: Talonflame\n|-sidestart|p2: yuriimon|move: Tailwind\n|move|p1a: Victreebel|Sludge Wave|p2b: Talonflame|[spread] p1b,p2a,p2b\n|-crit|p2a: Farigiraf\n|-damage|p1b: Incineroar|66/100\n|-damage|p2a: Farigiraf|54/100\n|-damage|p2b: Talonflame|33/100\n|\n|upkeep\n|turn|2\n|\n|t:|1775915383\n|move|p2a: Farigiraf|Helping Hand|p2b: Talonflame\n|-singleturn|p2b: Talonflame|Helping Hand|[of] p2a: Farigiraf\n|move|p2b: Talonflame|Brave Bird|p1a: Victreebel\n|-supereffective|p1a: Victreebel|1\n|-damage|p1a: Victreebel|0 fnt\n|-damage|p2b: Talonflame|0 fnt|[from] ability: Innards Out|[of] p1a: Victreebel\n|faint|p1a: Victreebel\n|faint|p2b: Talonflame\n|move|p1b: Incineroar|Throat Chop|p2a: Farigiraf\n|-supereffective|p2a: Farigiraf|1\n|-damage|p2a: Farigiraf|0 fnt\n|faint|p2a: Farigiraf\n|\n|upkeep\n|\n|t:|1775915399\n|switch|p2b: Garchomp|Garchomp, L50, M|100/100\n|switch|p1a: Ninetales|Ninetales-Alola, L50, M|100/100\n|switch|p2a: Floette|Floette-Eternal, L50, F|100/100\n|turn|3\n|\n|t:|1775915423\n|detailschange|p2a: Floette|Floette-Mega, L50, F\n|-mega|p2a: Floette|Floette|Floettite\n|-ability|p2a: Floette|Fairy Aura\n|move|p2b: Garchomp|Rock Slide|p1a: Ninetales|[spread] p1a,p1b\n|-supereffective|p1a: Ninetales|1\n|-supereffective|p1b: Incineroar|1\n|-damage|p1a: Ninetales|58/100\n|-damage|p1b: Incineroar|32/100\n|move|p2a: Floette|Light of Ruin|p1a: Ninetales\n|-damage|p1a: Ninetales|0 fnt\n|faint|p1a: Ninetales\n|-damage|p2a: Floette|77/100|[from] Recoil\n|move|p1b: Incineroar|Parting Shot|p2a: Floette\n|-unboost|p2a: Floette|atk|1\n|-unboost|p2a: Floette|spa|1\n|\n|t:|1775915437\n|switch|p1b: Abomasnow|Abomasnow, L50, F|100/100|[from] Parting Shot\n|-weather|Snowscape|[from] ability: Snow Warning|[of] p1b: Abomasnow\n|\n|-weather|Snowscape|[upkeep]\n|upkeep\n|\n|t:|1775915442\n|switch|p1a: Incineroar|Incineroar, L50, M|32/100\n|-ability|p1a: Incineroar|Intimidate|boost\n|-unboost|p2a: Floette|atk|1\n|-unboost|p2b: Garchomp|atk|1\n|-enditem|p2b: Garchomp|White Herb\n|-clearnegativeboost|p2b: Garchomp|[silent]\n|turn|4\n|\n|t:|1775915457\n|move|p2b: Garchomp|Protect|p2b: Garchomp\n|-singleturn|p2b: Garchomp|Protect\n|move|p2a: Floette|Protect|p2a: Floette\n|-singleturn|p2a: Floette|Protect\n|move|p1a: Incineroar|Fake Out|p2a: Floette\n|-activate|p2a: Floette|move: Protect\n|move|p1b: Abomasnow|Blizzard|p2a: Floette|[spread] \n|-activate|p2a: Floette|move: Protect\n|-activate|p2b: Garchomp|move: Protect\n|\n|-weather|Snowscape|[upkeep]\n|-sideend|p2: yuriimon|move: Tailwind\n|upkeep\n|turn|5\n|\n|t:|1775915482\n|move|p2b: Garchomp|Rock Slide|p1a: Incineroar|[spread] p1a,p1b\n|-supereffective|p1a: Incineroar|1\n|-supereffective|p1b: Abomasnow|1\n|-damage|p1a: Incineroar|0 fnt\n|-damage|p1b: Abomasnow|71/100\n|faint|p1a: Incineroar\n|move|p2a: Floette|Light of Ruin|p1b: Abomasnow|[miss]\n|-miss|p2a: Floette|p1b: Abomasnow\n|move|p1b: Abomasnow|Blizzard|p2b: Garchomp|[spread] p2a,p2b\n|-supereffective|p2b: Garchomp|2\n|-damage|p2a: Floette|53/100\n|-damage|p2b: Garchomp|0 fnt\n|faint|p2b: Garchomp\n|\n|-weather|Snowscape|[upkeep]\n|upkeep\n|turn|6\n|\n|t:|1775915502\n|move|p2a: Floette|Light of Ruin|p1b: Abomasnow\n|-damage|p1b: Abomasnow|0 fnt\n|faint|p1b: Abomasnow\n|-damage|p2a: Floette|20/100|[from] Recoil\n|\n|win|yuriimon\n|raw|ojdokasod's rating: 1000 &rarr; <strong>1000</strong><br />(+0 for losing)\n|raw|yuriimon's rating: 1085 &rarr; <strong>1106</strong><br />(+21 for winning)\n|l|\u2606ojdokasod\n|player|p1|\n|c|\u2606yuriimon|gg\n",
  "uploadtime": 1775915511,
  "views": 16,
  "formatid": "gen9championsvgc2026regma",
  "rating": 1000,
  "private": 0,
  "password": null
}