{
  "id": "gen9championsvgc2026regma-2584367381",
  "format": "[Gen 9 Champions] VGC 2026 Reg M-A",
  "players": [
    "frftrgftg",
    "YonkoLouis"
  ],
  "log": "|j|\u2606frftrgftg\n|j|\u2606YonkoLouis\n|t:|1776255406\n|gametype|doubles\n|player|p1|frftrgftg|wallace-masters|1029\n|player|p2|YonkoLouis|steven|1000\n|gen|9\n|tier|[Gen 9 Champions] VGC 2026 Reg M-A\n|rated|\n|rule|Species Clause: Limit one of each Pok\u00e9mon\n|rule|Item Clause: Limit 1 of each item\n|clearpoke\n|poke|p1|Charizard, L50, M|\n|poke|p1|Venusaur, L50, F|\n|poke|p1|Garchomp, L50, F|\n|poke|p1|Rotom-Wash, L50|\n|poke|p1|Sneasler, L50, F|\n|poke|p1|Incineroar, L50, F|\n|poke|p2|Greninja-*, L50, M|\n|poke|p2|Pelipper, L50, F|\n|poke|p2|Sneasler, L50, F|\n|poke|p2|Whimsicott, L50, F|\n|poke|p2|Maushold, L50|\n|poke|p2|Floette-Eternal, L50, F|\n|teampreview|4\n|inactive|Battle timer is ON: inactive players will automatically lose when time's up. (requested by frftrgftg)\n|inactive|YonkoLouis has 60 seconds left.\n|\n|t:|1776255444\n|teamsize|p1|4\n|teamsize|p2|4\n|start\n|switch|p1a: Incineroar|Incineroar, L50, F|100/100\n|switch|p1b: Charizard|Charizard, L50, M|100/100\n|switch|p2a: Arabian Weavile|Sneasler, L50, F, shiny|100/100\n|switch|p2b: Family Ties|Maushold, L50|100/100\n|-ability|p1a: Incineroar|Intimidate|boost\n|-unboost|p2a: Arabian Weavile|atk|1\n|-unboost|p2b: Family Ties|atk|1\n|-enditem|p2a: Arabian Weavile|White Herb\n|-clearnegativeboost|p2a: Arabian Weavile|[silent]\n|turn|1\n|inactive|YonkoLouis has 30 seconds left.\n|\n|t:|1776255474\n|detailschange|p1b: Charizard|Charizard-Mega-Y, L50, M\n|-mega|p1b: Charizard|Charizard|Charizardite Y\n|-weather|SunnyDay|[from] ability: Drought|[of] p1b: Charizard\n|move|p2a: Arabian Weavile|Fake Out|p1a: Incineroar\n|-damage|p1a: Incineroar|86/100\n|cant|p1a: Incineroar|flinch\n|move|p2b: Family Ties|Follow Me|p2b: Family Ties\n|-singleturn|p2b: Family Ties|move: Follow Me\n|move|p1b: Charizard|Heat Wave|p2a: Arabian Weavile|[spread] p2a,p2b\n|-damage|p2a: Arabian Weavile|39/100\n|-damage|p2b: Family Ties|15/100\n|-status|p2a: Arabian Weavile|brn\n|-enditem|p2b: Family Ties|Sitrus Berry|[eat]\n|-heal|p2b: Family Ties|40/100|[from] item: Sitrus Berry\n|\n|-weather|SunnyDay|[upkeep]\n|-damage|p2a: Arabian Weavile|33/100 brn|[from] brn\n|upkeep\n|turn|2\n|inactive|YonkoLouis has 30 seconds left.\n|inactive|YonkoLouis has 20 seconds left.\n|inactive|YonkoLouis has 15 seconds left.\n|\n|t:|1776255515\n|move|p2b: Family Ties|Protect|p2b: Family Ties\n|-singleturn|p2b: Family Ties|Protect\n|move|p1b: Charizard|Protect|p1b: Charizard\n|-singleturn|p1b: Charizard|Protect\n|move|p2a: Arabian Weavile|Close Combat|p1a: Incineroar\n|-supereffective|p1a: Incineroar|1\n|-damage|p1a: Incineroar|23/100\n|-unboost|p2a: Arabian Weavile|def|1\n|-unboost|p2a: Arabian Weavile|spd|1\n|-enditem|p1a: Incineroar|Sitrus Berry|[eat]\n|-heal|p1a: Incineroar|48/100|[from] item: Sitrus Berry\n|move|p1a: Incineroar|Parting Shot|p2b: Family Ties\n|-activate|p2b: Family Ties|move: Protect\n|\n|-weather|SunnyDay|[upkeep]\n|-damage|p2a: Arabian Weavile|28/100 brn|[from] brn\n|upkeep\n|turn|3\n|inactive|YonkoLouis has 30 seconds left.\n|inactive|YonkoLouis has 20 seconds left.\n|\n|t:|1776255555\n|switch|p1a: Venusaur|Venusaur, L50, F|100/100\n|move|p2a: Arabian Weavile|Dire Claw|p1b: Charizard\n|-damage|p1b: Charizard|68/100\n|-status|p1b: Charizard|slp\n|move|p2b: Family Ties|Beat Up|p1b: Charizard\n|-damage|p1b: Charizard|65/100 slp\n|-damage|p1b: Charizard|62/100 slp\n|-damage|p1b: Charizard|60/100 slp\n|-hitcount|p1b: Charizard|3\n|cant|p1b: Charizard|slp\n|\n|-weather|SunnyDay|[upkeep]\n|-damage|p2a: Arabian Weavile|22/100 brn|[from] brn\n|upkeep\n|turn|4\n|inactive|YonkoLouis has 30 seconds left.\n|inactive|YonkoLouis has 20 seconds left.\n|\n|t:|1776255592\n|move|p2b: Family Ties|Follow Me|p2b: Family Ties\n|-singleturn|p2b: Family Ties|move: Follow Me\n|move|p2a: Arabian Weavile|Dire Claw|p1b: Charizard\n|-damage|p1b: Charizard|26/100 slp\n|move|p1a: Venusaur|Sludge Bomb|p2b: Family Ties\n|-damage|p2b: Family Ties|0 fnt\n|faint|p2b: Family Ties\n|cant|p1b: Charizard|slp\n|\n|-weather|SunnyDay|[upkeep]\n|-damage|p2a: Arabian Weavile|16/100 brn|[from] brn\n|upkeep\n|\n|t:|1776255605\n|switch|p2b: The Rain Song|Pelipper, L50, F, shiny|100/100\n|-weather|RainDance|[from] ability: Drizzle|[of] p2b: The Rain Song\n|turn|5\n|\n|t:|1776255623\n|switch|p1b: Incineroar|Incineroar, L50, F|48/100\n|-ability|p1b: Incineroar|Intimidate|boost\n|-unboost|p2a: Arabian Weavile|atk|1\n|-unboost|p2b: The Rain Song|atk|1\n|move|p1a: Venusaur|Protect|p1a: Venusaur\n|-singleturn|p1a: Venusaur|Protect\n|move|p2a: Arabian Weavile|Dire Claw|p1b: Incineroar\n|-damage|p1b: Incineroar|33/100\n|move|p2b: The Rain Song|Tailwind|p2b: The Rain Song\n|-sidestart|p2: YonkoLouis|move: Tailwind\n|\n|-weather|RainDance|[upkeep]\n|-damage|p2a: Arabian Weavile|10/100 brn|[from] brn\n|upkeep\n|turn|6\n|inactive|frftrgftg has 30 seconds left.\n|inactive|YonkoLouis has 30 seconds left.\n|inactive|YonkoLouis has 20 seconds left.\n|\n|t:|1776255658\n|move|p1b: Incineroar|Fake Out|p2b: The Rain Song\n|-damage|p2b: The Rain Song|83/100\n|move|p2a: Arabian Weavile|Close Combat|p1b: Incineroar\n|-supereffective|p1b: Incineroar|1\n|-crit|p1b: Incineroar\n|-damage|p1b: Incineroar|0 fnt\n|-unboost|p2a: Arabian Weavile|def|1\n|-unboost|p2a: Arabian Weavile|spd|1\n|faint|p1b: Incineroar\n|cant|p2b: The Rain Song|flinch\n|move|p1a: Venusaur|Sludge Bomb|p2b: The Rain Song\n|-damage|p2b: The Rain Song|14/100\n|\n|-weather|RainDance|[upkeep]\n|-damage|p2a: Arabian Weavile|4/100 brn|[from] brn\n|upkeep\n|inactive|frftrgftg has 30 seconds left.\n|\n|t:|1776255685\n|switch|p1b: Charizard|Charizard-Mega-Y, L50, M|26/100 slp\n|-weather|SunnyDay|[from] ability: Drought|[of] p1b: Charizard\n|turn|7\n|inactive|YonkoLouis has 30 seconds left.\n|\n|t:|1776255719\n|-curestatus|p1b: Charizard|slp|[msg]\n|move|p1b: Charizard|Protect|p1b: Charizard\n|-singleturn|p1b: Charizard|Protect\n|move|p2a: Arabian Weavile|Dire Claw|p1b: Charizard\n|-activate|p1b: Charizard|move: Protect\n|move|p1a: Venusaur|Sludge Bomb|p2a: Arabian Weavile\n|-resisted|p2a: Arabian Weavile|1\n|-damage|p2a: Arabian Weavile|0 fnt\n|faint|p2a: Arabian Weavile\n|move|p2b: The Rain Song|Hurricane|p1a: Venusaur|[miss]\n|-miss|p2b: The Rain Song|p1a: Venusaur\n|\n|-weather|SunnyDay|[upkeep]\n|upkeep\n|\n|t:|1776255733\n|switch|p2a: Tenten|Greninja, L50, M, shiny|100/100\n|turn|8\n|inactive|YonkoLouis has 30 seconds left.\n|\n|t:|1776255761\n|detailschange|p2a: Tenten|Greninja-Mega, L50, M, shiny\n|-mega|p2a: Tenten|Greninja|Greninjite\n|move|p2b: The Rain Song|Wide Guard|p2b: The Rain Song\n|-singleturn|p2b: The Rain Song|Wide Guard\n|move|p2a: Tenten|Ice Beam|p1a: Venusaur\n|-start|p2a: Tenten|typechange|Ice|[from] ability: Protean\n|-supereffective|p1a: Venusaur|1\n|-enditem|p1a: Venusaur|Focus Sash\n|-damage|p1a: Venusaur|1/100\n|move|p1a: Venusaur|Leaf Storm|p2a: Tenten\n|-damage|p2a: Tenten|4/100\n|-unboost|p1a: Venusaur|spa|2\n|move|p1b: Charizard|Solar Beam||[still]\n|-prepare|p1b: Charizard|Solar Beam\n|-anim|p1b: Charizard|Solar Beam|p2a: Tenten\n|-damage|p2a: Tenten|0 fnt\n|faint|p2a: Tenten\n|\n|-weather|SunnyDay|[upkeep]\n|-sideend|p2: YonkoLouis|move: Tailwind\n|upkeep\n|turn|9\n|inactive|frftrgftg has 30 seconds left.\n|inactive|YonkoLouis has 30 seconds left.\n|inactive|YonkoLouis has 20 seconds left.\n|\n|t:|1776255797\n|move|p1b: Charizard|Protect|p1b: Charizard\n|-singleturn|p1b: Charizard|Protect\n|move|p1a: Venusaur|Sleep Powder|p2b: The Rain Song\n|-status|p2b: The Rain Song|slp|[from] move: Sleep Powder\n|cant|p2b: The Rain Song|slp\n|\n|-weather|SunnyDay|[upkeep]\n|upkeep\n|turn|10\n|n|!YonkoLouis|yonkolouis\n|inactive|YonkoLouis has 30 seconds left.\n|inactive|YonkoLouis has 20 seconds left.\n|inactive|YonkoLouis has 15 seconds left.\n|inactive|YonkoLouis has 10 seconds left.\n|inactive|YonkoLouis has 5 seconds left.\n|\n|t:|1776255850\n|switch|p1a: Sneasler|Sneasler, L50, F|100/100\n|move|p1b: Charizard|Protect||[still]\n|-fail|p1b: Charizard\n|cant|p2b: The Rain Song|slp\n|\n|-weather|SunnyDay|[upkeep]\n|upkeep\n|turn|11\n|inactive|YonkoLouis has 30 seconds left.\n|\n|t:|1776255877\n|switch|p1b: Venusaur|Venusaur, L50, F|1/100\n|move|p1a: Sneasler|Fake Out|p2b: The Rain Song\n|-damage|p2b: The Rain Song|0 fnt\n|faint|p2b: The Rain Song\n|\n|win|frftrgftg\n",
  "uploadtime": 1776255806,
  "views": 17,
  "formatid": "gen9championsvgc2026regma",
  "rating": null,
  "private": 0,
  "password": null
}