{
  "id": "gen9championsvgc2026regma-2581156184",
  "format": "[Gen 9 Champions] VGC 2026 Reg M-A",
  "players": [
    "Pablete5",
    "lolgz"
  ],
  "log": "|j|\u2606Pablete5\n|j|\u2606lolgz\n|t:|1775965308\n|gametype|doubles\n|player|p1|Pablete5|101|1153\n|player|p2|lolgz|170|1234\n|gen|9\n|tier|[Gen 9 Champions] VGC 2026 Reg M-A\n|rated|\n|rule|Species Clause: Limit one of each Pok\u00e9mon\n|rule|Item Clause: Limit 1 of each item\n|clearpoke\n|poke|p1|Gallade, L50, M|\n|poke|p1|Arcanine, L50, M|\n|poke|p1|Raichu, L50, M|\n|poke|p1|Ninetales-Alola, L50, F|\n|poke|p1|Milotic, L50, F|\n|poke|p1|Corviknight, L50, M|\n|poke|p2|Charizard, L50, M|\n|poke|p2|Whimsicott, L50, F|\n|poke|p2|Basculegion, L50, M|\n|poke|p2|Farigiraf, L50, M|\n|poke|p2|Sneasler, L50, F|\n|poke|p2|Floette-Eternal, L50, F|\n|teampreview|4\n|inactive|Battle timer is ON: inactive players will automatically lose when time's up. (requested by Pablete5)\n|inactive|Pablete5 has 60 seconds left.\n|inactive|Pablete5 has 30 seconds left.\n|\n|t:|1775965379\n|teamsize|p1|4\n|teamsize|p2|4\n|start\n|switch|p1a: Arcanine|Arcanine, L50, M|100/100\n|switch|p1b: Raichu|Raichu, L50, M|100/100\n|switch|p2a: Whimsicott|Whimsicott, L50, F|100/100\n|switch|p2b: Basculegion|Basculegion, L50, M|100/100\n|-ability|p1a: Arcanine|Intimidate|boost\n|-unboost|p2a: Whimsicott|atk|1\n|-unboost|p2b: Basculegion|atk|1\n|turn|1\n|inactive|Pablete5 has 30 seconds left.\n|\n|t:|1775965412\n|switch|p1a: Ninetales|Ninetales-Alola, L50, F|100/100\n|-weather|Snowscape|[from] ability: Snow Warning|[of] p1a: Ninetales\n|move|p2a: Whimsicott|Tailwind|p2a: Whimsicott\n|-sidestart|p2: lolgz|move: Tailwind\n|move|p2b: Basculegion|Wave Crash|p1a: Ninetales\n|-damage|p1a: Ninetales|58/100\n|-damage|p2b: Basculegion|88/100|[from] Recoil\n|move|p1b: Raichu|Electroweb|p2a: Whimsicott|[spread] p2a,p2b\n|-resisted|p2a: Whimsicott|1\n|-crit|p2a: Whimsicott\n|-supereffective|p2b: Basculegion|1\n|-damage|p2a: Whimsicott|79/100\n|-damage|p2b: Basculegion|50/100\n|-unboost|p2a: Whimsicott|spe|1\n|-unboost|p2b: Basculegion|spe|1\n|\n|-weather|Snowscape|[upkeep]\n|upkeep\n|turn|2\n|inactive|Pablete5 has 30 seconds left.\n|\n|t:|1775965438\n|move|p2a: Whimsicott|Sunny Day|p2a: Whimsicott\n|-weather|SunnyDay\n|move|p2b: Basculegion|Wave Crash|p1b: Raichu\n|-damage|p1b: Raichu|49/100\n|-damage|p2b: Basculegion|38/100|[from] Recoil\n|move|p1a: Ninetales|Blizzard|p2a: Whimsicott|[spread] p2a,p2b\n|-supereffective|p2a: Whimsicott|1\n|-resisted|p2b: Basculegion|1\n|-damage|p2a: Whimsicott|0 fnt\n|-damage|p2b: Basculegion|20/100\n|faint|p2a: Whimsicott\n|move|p1b: Raichu|Volt Switch|p2b: Basculegion\n|-supereffective|p2b: Basculegion|1\n|-damage|p2b: Basculegion|0 fnt\n|faint|p2b: Basculegion\n|\n|t:|1775965458\n|switch|p1b: Arcanine|Arcanine, L50, M|100/100|[from] Volt Switch\n|\n|-weather|SunnyDay|[upkeep]\n|upkeep\n|\n|t:|1775965461\n|switch|p2a: Charizard|Charizard, L50, M|100/100\n|switch|p2b: Sneasler|Sneasler, L50, F|100/100\n|turn|3\n|\n|t:|1775965474\n|switch|p1a: Raichu|Raichu, L50, M|49/100\n|move|p1b: Arcanine|Protect|p1b: Arcanine\n|-singleturn|p1b: Arcanine|Protect\n|move|p2b: Sneasler|Close Combat|p1b: Arcanine\n|-activate|p1b: Arcanine|move: Protect\n|move|p2a: Charizard|Heat Wave|p1a: Raichu|[spread] p1a\n|-activate|p1b: Arcanine|move: Protect\n|-damage|p1a: Raichu|0 fnt\n|faint|p1a: Raichu\n|\n|-weather|SunnyDay|[upkeep]\n|-damage|p2a: Charizard|88/100|[from] ability: Solar Power|[of] p2a: Charizard\n|upkeep\n|\n|t:|1775965492\n|switch|p1a: Gallade|Gallade, L50, M|100/100\n|turn|4\n|\n|t:|1775965502\n|detailschange|p1a: Gallade|Gallade-Mega, L50, M\n|-mega|p1a: Gallade|Gallade|Galladite\n|move|p1a: Gallade|Protect|p1a: Gallade\n|-singleturn|p1a: Gallade|Protect\n|move|p2b: Sneasler|Close Combat|p1a: Gallade\n|-activate|p1a: Gallade|move: Protect\n|move|p2a: Charizard|Heat Wave|p1a: Gallade|[spread] p1b\n|-activate|p1a: Gallade|move: Protect\n|-resisted|p1b: Arcanine|1\n|-damage|p1b: Arcanine|64/100\n|move|p1b: Arcanine|Snarl|p2a: Charizard|[spread] p2a,p2b\n|-crit|p2a: Charizard\n|-resisted|p2b: Sneasler|1\n|-damage|p2a: Charizard|71/100\n|-damage|p2b: Sneasler|94/100\n|-unboost|p2a: Charizard|spa|1\n|-unboost|p2b: Sneasler|spa|1\n|-enditem|p2b: Sneasler|White Herb\n|-clearnegativeboost|p2b: Sneasler|[silent]\n|\n|-weather|SunnyDay|[upkeep]\n|-damage|p2a: Charizard|59/100|[from] ability: Solar Power|[of] p2a: Charizard\n|-sideend|p2: lolgz|move: Tailwind\n|upkeep\n|turn|5\n|inactive|Pablete5 has 30 seconds left.\n|inactive|Pablete5 has 20 seconds left.\n|inactive|Pablete5 has 15 seconds left.\n|inactive|Pablete5 has 10 seconds left.\n|inactive|Pablete5 has 5 seconds left.\n|\n|t:|1775965552\n|move|p1b: Arcanine|Extreme Speed|p2a: Charizard\n|-damage|p2a: Charizard|30/100\n|move|p2b: Sneasler|Close Combat|p1b: Arcanine\n|-damage|p1b: Arcanine|0 fnt\n|-unboost|p2b: Sneasler|def|1\n|-unboost|p2b: Sneasler|spd|1\n|faint|p1b: Arcanine\n|move|p2a: Charizard|Weather Ball|p1a: Gallade\n|-damage|p1a: Gallade|34/100\n|move|p1a: Gallade|Psycho Cut|p2b: Sneasler\n|-supereffective|p2b: Sneasler|2\n|-damage|p2b: Sneasler|0 fnt\n|faint|p2b: Sneasler\n|\n|-weather|SunnyDay|[upkeep]\n|-damage|p2a: Charizard|18/100|[from] ability: Solar Power|[of] p2a: Charizard\n|upkeep\n|-message|lolgz forfeited.\n|\n|win|Pablete5\n|raw|Pablete5's rating: 1153 &rarr; <strong>1184</strong><br />(+31 for winning)\n|raw|lolgz's rating: 1234 &rarr; <strong>1203</strong><br />(-31 for losing)\n",
  "uploadtime": 1775965566,
  "views": 15,
  "formatid": "gen9championsvgc2026regma",
  "rating": 1184,
  "private": 0,
  "password": null
}