{
  "id": "gen9championsvgc2026regma-2586669625",
  "format": "[Gen 9 Champions] VGC 2026 Reg M-A",
  "players": [
    "aroswing",
    "BlueRockyboy"
  ],
  "log": "|j|\u2606aroswing\n|j|\u2606BlueRockyboy\n|t:|1776450766\n|gametype|doubles\n|player|p1|aroswing|marnie|1257\n|player|p2|BlueRockyboy|steven|1356\n|gen|9\n|tier|[Gen 9 Champions] VGC 2026 Reg M-A\n|rated|\n|rule|Species Clause: Limit one of each Pok\u00e9mon\n|rule|Item Clause: Limit 1 of each item\n|clearpoke\n|poke|p1|Aerodactyl, L50, M|\n|poke|p1|Gallade, L50, M|\n|poke|p1|Gardevoir, L50, F|\n|poke|p1|Garchomp, L50, F|\n|poke|p1|Rotom-Wash, L50|\n|poke|p1|Froslass, L50, F|\n|poke|p2|Sneasler, L50, M|\n|poke|p2|Sableye, L50, M|\n|poke|p2|Kangaskhan, L50, F|\n|poke|p2|Floette-Eternal, L50, F|\n|poke|p2|Basculegion, L50, M|\n|poke|p2|Dragonite, L50, F|\n|teampreview|4\n|inactive|Battle timer is ON: inactive players will automatically lose when time's up. (requested by aroswing)\n|inactive|aroswing has 60 seconds left.\n|inactive|BlueRockyboy has 60 seconds left.\n|\n|t:|1776450804\n|teamsize|p1|4\n|teamsize|p2|4\n|start\n|switch|p1a: Garchomp|Garchomp, L50, F|100/100\n|switch|p1b: Gardevoir|Gardevoir, L50, F, shiny|100/100\n|switch|p2a: Dragonite|Dragonite, L50, F, shiny|100/100\n|switch|p2b: Kangaskhan|Kangaskhan, L50, F, shiny|100/100\n|turn|1\n|\n|t:|1776450822\n|detailschange|p2b: Kangaskhan|Kangaskhan-Mega, L50, F, shiny\n|-mega|p2b: Kangaskhan|Kangaskhan|Kangaskhanite\n|move|p1a: Garchomp|Protect|p1a: Garchomp\n|-singleturn|p1a: Garchomp|Protect\n|move|p2b: Kangaskhan|Fake Out|p1a: Garchomp\n|-activate|p1a: Garchomp|move: Protect\n|move|p1b: Gardevoir|Icy Wind|p2b: Kangaskhan|[spread] p2a,p2b\n|-supereffective|p2a: Dragonite|2\n|-damage|p2a: Dragonite|43/100\n|-damage|p2b: Kangaskhan|86/100\n|-unboost|p2a: Dragonite|spe|1\n|-unboost|p2b: Kangaskhan|spe|1\n|move|p2a: Dragonite|Tailwind|p2a: Dragonite\n|-sidestart|p2: BlueRockyboy|move: Tailwind\n|\n|-heal|p2a: Dragonite|49/100|[from] item: Leftovers\n|upkeep\n|turn|2\n|\n|t:|1776450840\n|move|p1b: Gardevoir|Icy Wind|p2a: Dragonite|[spread] p2a,p2b\n|-supereffective|p2a: Dragonite|2\n|-damage|p2a: Dragonite|0 fnt\n|-damage|p2b: Kangaskhan|73/100\n|-unboost|p2b: Kangaskhan|spe|1\n|faint|p2a: Dragonite\n|move|p1a: Garchomp|Earthquake|p2b: Kangaskhan|[spread] p2b\n|-activate|p1b: Gardevoir|ability: Telepathy\n|-damage|p2b: Kangaskhan|30/100\n|move|p2b: Kangaskhan|Body Slam|p1b: Gardevoir\n|-damage|p1b: Gardevoir|20/100\n|-status|p1b: Gardevoir|par\n|-damage|p1b: Gardevoir|0 fnt\n|faint|p1b: Gardevoir\n|-hitcount|p1: Gardevoir|2\n|\n|upkeep\n|\n|t:|1776450860\n|switch|p1b: Rotom|Rotom-Wash, L50, shiny|100/100\n|switch|p2a: Sneasler|Sneasler, L50, M, shiny|100/100\n|turn|3\n|\n|t:|1776450874\n|move|p2a: Sneasler|Fake Out|p1a: Garchomp\n|-damage|p1a: Garchomp|85/100\n|-damage|p2a: Sneasler|88/100|[from] ability: Rough Skin|[of] p1a: Garchomp\n|cant|p1a: Garchomp|flinch\n|move|p2b: Kangaskhan|Drain Punch|p1b: Rotom\n|-damage|p1b: Rotom|69/100\n|-heal|p2b: Kangaskhan|42/100|[from] drain|[of] p1b: Rotom\n|-damage|p1b: Rotom|61/100\n|-heal|p2b: Kangaskhan|45/100|[from] drain|[of] p1b: Rotom\n|-hitcount|p1b: Rotom|2\n|move|p1b: Rotom|Will-O-Wisp|p2a: Sneasler|[miss]\n|-miss|p1b: Rotom|p2a: Sneasler\n|\n|upkeep\n|turn|4\n|\n|t:|1776450893\n|move|p2a: Sneasler|Close Combat|p1a: Garchomp\n|-damage|p1a: Garchomp|19/100\n|-unboost|p2a: Sneasler|def|1\n|-unboost|p2a: Sneasler|spd|1\n|-damage|p2a: Sneasler|76/100|[from] ability: Rough Skin|[of] p1a: Garchomp\n|-enditem|p2a: Sneasler|White Herb\n|-clearnegativeboost|p2a: Sneasler|[silent]\n|move|p1a: Garchomp|Earthquake|p2a: Sneasler|[spread] p2a,p2b\n|-immune|p1b: Rotom|[from] ability: Levitate\n|-supereffective|p2a: Sneasler|1\n|-damage|p2a: Sneasler|0 fnt\n|-damage|p2b: Kangaskhan|2/100\n|faint|p2a: Sneasler\n|move|p2b: Kangaskhan|Body Slam|p1b: Rotom\n|-damage|p1b: Rotom|13/100\n|-enditem|p1b: Rotom|Sitrus Berry|[eat]\n|-heal|p1b: Rotom|37/100|[from] item: Sitrus Berry\n|-damage|p1b: Rotom|23/100\n|-hitcount|p1b: Rotom|2\n|move|p1b: Rotom|Discharge|p2b: Kangaskhan|[spread] p2b\n|-immune|p1a: Garchomp\n|-damage|p2b: Kangaskhan|0 fnt\n|faint|p2b: Kangaskhan\n|\n|-sideend|p2: BlueRockyboy|move: Tailwind\n|upkeep\n|\n|t:|1776450914\n|switch|p2a: Basculegion|Basculegion, L50, M, shiny|100/100\n|turn|5\n|\n|t:|1776450924\n|move|p2a: Basculegion|Last Respects|p1b: Rotom\n|-damage|p1b: Rotom|0 fnt\n|faint|p1b: Rotom\n|move|p1a: Garchomp|Earthquake|p2a: Basculegion\n|-damage|p2a: Basculegion|22/100\n|\n|upkeep\n|\n|t:|1776450930\n|switch|p1b: Froslass|Froslass, L50, F|100/100\n|turn|6\n|\n|t:|1776450936\n|detailschange|p1b: Froslass|Froslass-Mega, L50, F\n|-mega|p1b: Froslass|Froslass|Froslassite\n|-weather|Snowscape|[from] ability: Snow Warning|[of] p1b: Froslass\n|move|p2a: Basculegion|Last Respects|p1a: Garchomp\n|-damage|p1a: Garchomp|0 fnt\n|faint|p1a: Garchomp\n|move|p1b: Froslass|Shadow Ball|p2a: Basculegion\n|-supereffective|p2a: Basculegion|1\n|-damage|p2a: Basculegion|0 fnt\n|faint|p2a: Basculegion\n|\n|win|aroswing\n|raw|aroswing's rating: 1257 &rarr; <strong>1289</strong><br />(+32 for winning)\n|raw|BlueRockyboy's rating: 1356 &rarr; <strong>1330</strong><br />(-26 for losing)\n|l|\u2606BlueRockyboy\n|player|p2|\n",
  "uploadtime": 1776450952,
  "views": 46,
  "formatid": "gen9championsvgc2026regma",
  "rating": 1289,
  "private": 0,
  "password": null
}