{
  "id": "gen9championsvgc2026regma-2581187667",
  "format": "[Gen 9 Champions] VGC 2026 Reg M-A",
  "players": [
    "jukasinjakudo",
    "meshiny"
  ],
  "log": "|j|\u2606jukasinjakudo\n|j|\u2606meshiny\n|t:|1775968621\n|gametype|doubles\n|player|p1|jukasinjakudo|n|1127\n|player|p2|meshiny|preschoolerf-gen7|1201\n|gen|9\n|tier|[Gen 9 Champions] VGC 2026 Reg M-A\n|rated|\n|rule|Species Clause: Limit one of each Pok\u00e9mon\n|rule|Item Clause: Limit 1 of each item\n|clearpoke\n|poke|p1|Whimsicott, L50, M|\n|poke|p1|Sylveon, L50, M|\n|poke|p1|Basculegion, L50, M|\n|poke|p1|Charizard, L50, M|\n|poke|p1|Milotic, L50, F|\n|poke|p1|Sneasler, L50, F|\n|poke|p2|Starmie, L50|\n|poke|p2|Kingambit, L50, F|\n|poke|p2|Incineroar, L50, M|\n|poke|p2|Sylveon, L50, F|\n|poke|p2|Sneasler, L50, M|\n|poke|p2|Sinistcha, L50|\n|teampreview|4\n|c|\u2606meshiny|Gl hf\n|inactive|Battle timer is ON: inactive players will automatically lose when time's up. (requested by meshiny)\n|c|\u2606jukasinjakudo|gl\n|inactive|meshiny has 60 seconds left.\n|\n|t:|1775968676\n|teamsize|p1|4\n|teamsize|p2|4\n|start\n|switch|p1a: Sylveon|Sylveon, L50, M|100/100\n|switch|p1b: Sneasler|Sneasler, L50, F|100/100\n|switch|p2a: Sneasler|Sneasler, L50, M|100/100\n|switch|p2b: Starmie|Starmie, L50|100/100\n|turn|1\n|\n|t:|1775968698\n|detailschange|p2b: Starmie|Starmie-Mega, L50\n|-mega|p2b: Starmie|Starmie|Starminite\n|move|p1a: Sylveon|Protect|p1a: Sylveon\n|-singleturn|p1a: Sylveon|Protect\n|move|p1b: Sneasler|Fake Out|p2b: Starmie\n|-damage|p2b: Starmie|82/100\n|move|p2a: Sneasler|Fake Out|p1b: Sneasler\n|-damage|p1b: Sneasler|76/100\n|cant|p2b: Starmie|flinch\n|\n|upkeep\n|turn|2\n|inactive|jukasinjakudo has 30 seconds left.\n|inactive|jukasinjakudo has 20 seconds left.\n|\n|t:|1775968737\n|switch|p2a: Incineroar|Incineroar, L50, M|100/100\n|-ability|p2a: Incineroar|Intimidate|boost\n|-unboost|p1a: Sylveon|atk|1\n|-unboost|p1b: Sneasler|atk|1\n|-enditem|p1b: Sneasler|White Herb\n|-clearnegativeboost|p1b: Sneasler|[silent]\n|switch|p1a: Basculegion|Basculegion, L50, M|100/100\n|move|p2b: Starmie|Protect|p2b: Starmie\n|-singleturn|p2b: Starmie|Protect\n|move|p1b: Sneasler|Close Combat|p2a: Incineroar\n|-supereffective|p2a: Incineroar|1\n|-damage|p2a: Incineroar|0 fnt\n|-unboost|p1b: Sneasler|def|1\n|-unboost|p1b: Sneasler|spd|1\n|faint|p2a: Incineroar\n|\n|upkeep\n|\n|t:|1775968759\n|switch|p2a: Sneasler|Sneasler, L50, M|100/100\n|turn|3\n|\n|t:|1775968778\n|move|p1b: Sneasler|Close Combat|p2a: Sneasler\n|-resisted|p2a: Sneasler|1\n|-damage|p2a: Sneasler|48/100\n|-unboost|p1b: Sneasler|def|1\n|-unboost|p1b: Sneasler|spd|1\n|move|p1a: Basculegion|Flip Turn|p2b: Starmie\n|-resisted|p2b: Starmie|1\n|-damage|p2b: Starmie|60/100\n|\n|t:|1775968786\n|switch|p1a: Sylveon|Sylveon, L50, M|100/100|[from] Flip Turn\n|move|p2a: Sneasler|Coaching|p2b: Starmie\n|-boost|p2b: Starmie|atk|1\n|-boost|p2b: Starmie|def|1\n|move|p2b: Starmie|Zen Headbutt|p1b: Sneasler|[miss]\n|-miss|p2b: Starmie|p1b: Sneasler\n|\n|upkeep\n|turn|4\n|inactive|meshiny has 30 seconds left.\n|\n|t:|1775968820\n|move|p1a: Sylveon|Protect|p1a: Sylveon\n|-singleturn|p1a: Sylveon|Protect\n|move|p1b: Sneasler|Close Combat|p2a: Sneasler\n|-resisted|p2a: Sneasler|1\n|-damage|p2a: Sneasler|0 fnt\n|-unboost|p1b: Sneasler|def|1\n|-unboost|p1b: Sneasler|spd|1\n|faint|p2a: Sneasler\n|move|p2b: Starmie|Liquidation|p1a: Sylveon\n|-activate|p1a: Sylveon|move: Protect\n|\n|upkeep\n|\n|t:|1775968826\n|switch|p2a: Kingambit|Kingambit, L50, F|100/100\n|turn|5\n|\n|t:|1775968840\n|switch|p1b: Basculegion|Basculegion, L50, M|100/100\n|move|p2a: Kingambit|Sucker Punch||[still]\n|-fail|p2a: Kingambit\n|move|p2b: Starmie|Liquidation|p1a: Sylveon\n|-damage|p1a: Sylveon|0 fnt\n|faint|p1a: Sylveon\n|\n|upkeep\n|\n|t:|1775968847\n|switch|p1a: Sneasler|Sneasler, L50, F|76/100\n|turn|6\n|inactive|meshiny has 30 seconds left.\n|\n|t:|1775968873\n|switch|p1b: Charizard|Charizard, L50, M|100/100\n|move|p2b: Starmie|Protect|p2b: Starmie\n|-singleturn|p2b: Starmie|Protect\n|move|p2a: Kingambit|Protect|p2a: Kingambit\n|-singleturn|p2a: Kingambit|Protect\n|move|p1a: Sneasler|Close Combat|p2a: Kingambit\n|-activate|p2a: Kingambit|move: Protect\n|\n|upkeep\n|turn|7\n|\n|t:|1775968898\n|detailschange|p1b: Charizard|Charizard-Mega-Y, L50, M\n|-mega|p1b: Charizard|Charizard|Charizardite Y\n|-weather|SunnyDay|[from] ability: Drought|[of] p1b: Charizard\n|move|p1b: Charizard|Protect|p1b: Charizard\n|-singleturn|p1b: Charizard|Protect\n|move|p2a: Kingambit|Sucker Punch||[still]\n|-fail|p2a: Kingambit\n|move|p1a: Sneasler|Close Combat|p2a: Kingambit\n|-supereffective|p2a: Kingambit|2\n|-damage|p2a: Kingambit|0 fnt\n|-unboost|p1a: Sneasler|def|1\n|-unboost|p1a: Sneasler|spd|1\n|faint|p2a: Kingambit\n|move|p2b: Starmie|Liquidation|p1b: Charizard\n|-activate|p1b: Charizard|move: Protect\n|\n|-weather|SunnyDay|[upkeep]\n|upkeep\n|turn|8\n|inactive|jukasinjakudo has 30 seconds left.\n|\n|t:|1775968926\n|move|p1a: Sneasler|Dire Claw|p2b: Starmie\n|-damage|p2b: Starmie|22/100\n|move|p2b: Starmie|Liquidation|p1b: Charizard\n|-supereffective|p1b: Charizard|1\n|-damage|p1b: Charizard|0 fnt\n|faint|p1b: Charizard\n|\n|-weather|SunnyDay|[upkeep]\n|upkeep\n|\n|t:|1775968931\n|switch|p1b: Basculegion|Basculegion, L50, M|100/100\n|turn|9\n|\n|t:|1775968940\n|move|p1b: Basculegion|Last Respects|p2b: Starmie\n|-supereffective|p2b: Starmie|1\n|-damage|p2b: Starmie|0 fnt\n|faint|p2b: Starmie\n|\n|win|jukasinjakudo\n|raw|jukasinjakudo's rating: 1127 &rarr; <strong>1157</strong><br />(+30 for winning)\n|raw|meshiny's rating: 1201 &rarr; <strong>1171</strong><br />(-30 for losing)\n|c|\u2606meshiny|Gg\n",
  "uploadtime": 1775968946,
  "views": 18,
  "formatid": "gen9championsvgc2026regma",
  "rating": 1157,
  "private": 0,
  "password": null
}