{
  "id": "gen9championsvgc2026regma-2584232531",
  "format": "[Gen 9 Champions] VGC 2026 Reg M-A",
  "players": [
    "trousersaflame",
    "HutilAlon"
  ],
  "log": "|j|\u2606trousersaflame\n|j|\u2606HutilAlon\n|t:|1776241197\n|gametype|doubles\n|player|p1|trousersaflame|2|1120\n|player|p2|HutilAlon|101|1046\n|gen|9\n|tier|[Gen 9 Champions] VGC 2026 Reg M-A\n|rated|\n|rule|Species Clause: Limit one of each Pok\u00e9mon\n|rule|Item Clause: Limit 1 of each item\n|clearpoke\n|poke|p1|Delphox, L50, M|\n|poke|p1|Rotom-Wash, L50|\n|poke|p1|Sinistcha, L50|\n|poke|p1|Tyranitar, L50, M|\n|poke|p1|Aerodactyl, L50, F|\n|poke|p1|Sneasler, L50, M|\n|poke|p2|Floette-Eternal, L50, F|\n|poke|p2|Aerodactyl, L50, M|\n|poke|p2|Incineroar, L50, M|\n|poke|p2|Sneasler, L50, M|\n|poke|p2|Kingambit, L50, M|\n|poke|p2|Sinistcha, L50|\n|teampreview|4\n|inactive|Battle timer is ON: inactive players will automatically lose when time's up. (requested by HutilAlon)\n|inactive|trousersaflame has 60 seconds left.\n|\n|t:|1776241239\n|teamsize|p1|4\n|teamsize|p2|4\n|start\n|switch|p1a: Delphox|Delphox, L50, M|100/100\n|switch|p1b: Sneasler|Sneasler, L50, M|100/100\n|switch|p2a: Floette|Floette-Eternal, L50, F|100/100\n|switch|p2b: Incineroar|Incineroar, L50, M, shiny|100/100\n|-ability|p2b: Incineroar|Intimidate|boost\n|-unboost|p1a: Delphox|atk|1\n|-unboost|p1b: Sneasler|atk|1\n|-enditem|p1b: Sneasler|White Herb\n|-clearnegativeboost|p1b: Sneasler|[silent]\n|turn|1\n|\n|t:|1776241255\n|detailschange|p1a: Delphox|Delphox-Mega, L50, M\n|-mega|p1a: Delphox|Delphox|Delphoxite\n|detailschange|p2a: Floette|Floette-Mega, L50, F\n|-mega|p2a: Floette|Floette|Floettite\n|-ability|p2a: Floette|Fairy Aura\n|move|p1b: Sneasler|Fake Out|p2b: Incineroar\n|-damage|p2b: Incineroar|86/100\n|-status|p2b: Incineroar|psn|[from] ability: Poison Touch|[of] p1b: Sneasler\n|cant|p2b: Incineroar|flinch\n|move|p1a: Delphox|Nasty Plot|p1a: Delphox\n|-boost|p1a: Delphox|spa|2\n|move|p2a: Floette|Calm Mind|p2a: Floette\n|-boost|p2a: Floette|spa|1\n|-boost|p2a: Floette|spd|1\n|\n|-damage|p2b: Incineroar|74/100 psn|[from] psn\n|upkeep\n|turn|2\n|inactive|HutilAlon has 30 seconds left.\n|\n|t:|1776241281\n|move|p1a: Delphox|Protect|p1a: Delphox\n|-singleturn|p1a: Delphox|Protect\n|move|p2a: Floette|Protect|p2a: Floette\n|-singleturn|p2a: Floette|Protect\n|move|p1b: Sneasler|Dire Claw|p2a: Floette\n|-activate|p2a: Floette|move: Protect\n|move|p2b: Incineroar|Parting Shot|p1a: Delphox\n|-activate|p1a: Delphox|move: Protect\n|\n|-damage|p2b: Incineroar|61/100 psn|[from] psn\n|upkeep\n|turn|3\n|\n|t:|1776241300\n|move|p1a: Delphox|Heat Wave|p2b: Incineroar|[spread] p2a,p2b\n|-resisted|p2b: Incineroar|1\n|-damage|p2a: Floette|62/100\n|-damage|p2b: Incineroar|33/100 psn\n|-status|p2a: Floette|brn\n|-enditem|p2b: Incineroar|Sitrus Berry|[eat]\n|-heal|p2b: Incineroar|58/100 psn|[from] item: Sitrus Berry\n|move|p1b: Sneasler|Dire Claw|p2a: Floette\n|-supereffective|p2a: Floette|1\n|-damage|p2a: Floette|0 fnt\n|faint|p2a: Floette\n|move|p2b: Incineroar|Parting Shot|p1a: Delphox\n|-unboost|p1a: Delphox|atk|1\n|-unboost|p1a: Delphox|spa|1\n|\n|t:|1776241315\n|switch|p2b: Aerodactyl|Aerodactyl, L50, M|100/100|[from] Parting Shot\n|-ability|p2b: Aerodactyl|Unnerve\n|\n|upkeep\n|\n|t:|1776241322\n|switch|p2a: Kingambit|Kingambit, L50, M|100/100\n|turn|4\n|inactive|trousersaflame has 30 seconds left.\n|\n|t:|1776241355\n|move|p1a: Delphox|Protect|p1a: Delphox\n|-singleturn|p1a: Delphox|Protect\n|move|p2b: Aerodactyl|Tailwind|p2b: Aerodactyl\n|-sidestart|p2: HutilAlon|move: Tailwind\n|move|p1b: Sneasler|Coaching|p1a: Delphox\n|-boost|p1a: Delphox|atk|1\n|-boost|p1a: Delphox|def|1\n|move|p2a: Kingambit|Kowtow Cleave|p1a: Delphox\n|-activate|p1a: Delphox|move: Protect\n|\n|upkeep\n|turn|5\n|inactive|trousersaflame has 30 seconds left.\n|\n|t:|1776241389\n|move|p2b: Aerodactyl|Rock Slide|p1a: Delphox|[spread] p1a,p1b\n|-supereffective|p1a: Delphox|1\n|-resisted|p1b: Sneasler|1\n|-damage|p1a: Delphox|48/100\n|-damage|p1b: Sneasler|80/100\n|move|p1a: Delphox|Heat Wave|p2b: Aerodactyl|[spread] p2a,p2b\n|-supereffective|p2a: Kingambit|1\n|-resisted|p2b: Aerodactyl|1\n|-damage|p2a: Kingambit|0 fnt\n|-damage|p2b: Aerodactyl|55/100\n|faint|p2a: Kingambit\n|move|p1b: Sneasler|Close Combat|p2b: Aerodactyl\n|-damage|p2b: Aerodactyl|0 fnt\n|-unboost|p1b: Sneasler|def|1\n|-unboost|p1b: Sneasler|spd|1\n|faint|p2b: Aerodactyl\n|\n|upkeep\n|-message|HutilAlon forfeited.\n|\n|win|trousersaflame\n|raw|trousersaflame's rating: 1120 &rarr; <strong>1140</strong><br />(+20 for winning)\n|raw|HutilAlon's rating: 1046 &rarr; <strong>1033</strong><br />(-13 for losing)\n|l|\u2606HutilAlon\n|player|p2|\n",
  "uploadtime": 1776241404,
  "views": 25,
  "formatid": "gen9championsvgc2026regma",
  "rating": 1033,
  "private": 0,
  "password": null
}