{
  "id": "gen9championsvgc2026regma-2588031996",
  "format": "[Gen 9 Champions] VGC 2026 Reg M-A",
  "players": [
    "freshnandez",
    "Chef204"
  ],
  "log": "|j|\u2606freshnandez\n|j|\u2606Chef204\n|t:|1776595584\n|gametype|doubles\n|player|p1|freshnandez|101|1147\n|player|p2|Chef204|cynthia-gen4|1252\n|gen|9\n|tier|[Gen 9 Champions] VGC 2026 Reg M-A\n|rated|\n|rule|Species Clause: Limit one of each Pok\u00e9mon\n|rule|Item Clause: Limit 1 of each item\n|clearpoke\n|poke|p1|Beedrill, L50, F|\n|poke|p1|Sylveon, L50, F|\n|poke|p1|Kommo-o, L50, F|\n|poke|p1|Incineroar, L50, F|\n|poke|p1|Garchomp, L50, F|\n|poke|p1|Sinistcha-Masterpiece, L50|\n|poke|p2|Milotic, L50, F|\n|poke|p2|Whimsicott, L50, F|\n|poke|p2|Delphox, L50, F|\n|poke|p2|Garchomp, L50, M|\n|poke|p2|Glimmora, L50, F, shiny|\n|poke|p2|Tyranitar, L50, M|\n|teampreview|4\n|inactive|Battle timer is ON: inactive players will automatically lose when time's up. (requested by Chef204)\n|\n|t:|1776595606\n|teamsize|p1|4\n|teamsize|p2|4\n|start\n|switch|p1a: Beedrill|Beedrill, L50, F|100/100\n|switch|p1b: Sylveon|Sylveon, L50, F|100/100\n|switch|p2a: Milotic|Milotic, L50, F|100/100\n|switch|p2b: Glimmora|Glimmora, L50, F, shiny|100/100\n|turn|1\n|\n|t:|1776595625\n|detailschange|p1a: Beedrill|Beedrill-Mega, L50, F\n|-mega|p1a: Beedrill|Beedrill|Beedrillite\n|move|p1a: Beedrill|U-turn|p2a: Milotic\n|-damage|p2a: Milotic|49/100\n|\n|t:|1776595641\n|switch|p1a: Kommo-o|Kommo-o, L50, F|100/100|[from] U-turn\n|move|p2b: Glimmora|Mortal Spin|p1b: Sylveon|[spread] p1a,p1b\n|-supereffective|p1b: Sylveon|1\n|-damage|p1a: Kommo-o|96/100\n|-damage|p1b: Sylveon|90/100\n|-status|p1a: Kommo-o|psn\n|-status|p1b: Sylveon|psn\n|move|p2a: Milotic|Muddy Water|p1b: Sylveon|[spread] p1a,p1b\n|-resisted|p1a: Kommo-o|1\n|-damage|p1a: Kommo-o|78/100 psn\n|-damage|p1b: Sylveon|69/100 psn\n|-unboost|p1a: Kommo-o|accuracy|1\n|move|p1b: Sylveon|Hyper Voice|p2a: Milotic|[spread] p2a,p2b\n|-resisted|p2b: Glimmora|1\n|-damage|p2a: Milotic|14/100\n|-damage|p2b: Glimmora|77/100\n|\n|-heal|p1a: Kommo-o|84/100 psn|[from] item: Leftovers\n|-heal|p2a: Milotic|20/100|[from] item: Leftovers\n|-damage|p1a: Kommo-o|72/100 psn|[from] psn\n|-damage|p1b: Sylveon|57/100 psn|[from] psn\n|upkeep\n|turn|2\n|inactive|freshnandez has 30 seconds left.\n|inactive|Chef204 has 30 seconds left.\n|\n|t:|1776595675\n|move|p1a: Kommo-o|Drain Punch|p2b: Glimmora\n|-damage|p2b: Glimmora|47/100\n|-heal|p1a: Kommo-o|89/100 psn|[from] drain|[of] p2b: Glimmora\n|-activate|p2b: Glimmora|ability: Toxic Debris\n|-sidestart|p1: freshnandez|move: Toxic Spikes\n|move|p2b: Glimmora|Sludge Bomb|p1b: Sylveon\n|-supereffective|p1b: Sylveon|1\n|-damage|p1b: Sylveon|0 fnt\n|faint|p1b: Sylveon\n|move|p2a: Milotic|Icy Wind|p1a: Kommo-o\n|-supereffective|p1a: Kommo-o|1\n|-damage|p1a: Kommo-o|52/100 psn\n|-unboost|p1a: Kommo-o|spe|1\n|\n|-heal|p2a: Milotic|26/100|[from] item: Leftovers\n|-heal|p1a: Kommo-o|58/100 psn|[from] item: Leftovers\n|-damage|p1a: Kommo-o|46/100 psn|[from] psn\n|upkeep\n|\n|t:|1776595687\n|switch|p1b: Garchomp|Garchomp, L50, F|100/100\n|-status|p1b: Garchomp|psn\n|turn|3\n|\n|t:|1776595708\n|move|p2b: Glimmora|Spiky Shield|p2b: Glimmora\n|-singleturn|p2b: Glimmora|move: Protect\n|move|p2a: Milotic|Protect|p2a: Milotic\n|-singleturn|p2a: Milotic|Protect\n|move|p1b: Garchomp|Rock Slide|p2b: Glimmora|[spread] \n|-activate|p2a: Milotic|move: Protect\n|-activate|p2b: Glimmora|move: Protect\n|move|p1a: Kommo-o|Drain Punch|p2b: Glimmora\n|-activate|p2b: Glimmora|move: Protect\n|-damage|p1a: Kommo-o|34/100 psn|[from] Spiky Shield|[of] p2b: Glimmora\n|\n|-heal|p2a: Milotic|32/100|[from] item: Leftovers\n|-heal|p1a: Kommo-o|40/100 psn|[from] item: Leftovers\n|-damage|p1b: Garchomp|88/100 psn|[from] psn\n|-damage|p1a: Kommo-o|28/100 psn|[from] psn\n|upkeep\n|turn|4\n|inactive|Chef204 has 30 seconds left.\n|inactive|Chef204 has 20 seconds left.\n|inactive|Chef204 has 15 seconds left.\n|\n|t:|1776595752\n|move|p1b: Garchomp|Rock Slide|p2b: Glimmora|[spread] p2a,p2b\n|-damage|p2a: Milotic|16/100\n|-damage|p2b: Glimmora|27/100\n|-activate|p2b: Glimmora|ability: Toxic Debris\n|-sidestart|p1: freshnandez|move: Toxic Spikes\n|move|p2b: Glimmora|Power Gem|p1b: Garchomp\n|-resisted|p1b: Garchomp|1\n|-damage|p1b: Garchomp|67/100 psn\n|move|p2a: Milotic|Icy Wind|p1b: Garchomp|[spread] p1b\n|-miss|p2a: Milotic|p1a: Kommo-o\n|-supereffective|p1b: Garchomp|2\n|-damage|p1b: Garchomp|16/100 psn\n|-unboost|p1b: Garchomp|spe|1\n|-enditem|p1b: Garchomp|Sitrus Berry|[eat]\n|-heal|p1b: Garchomp|40/100 psn|[from] item: Sitrus Berry\n|move|p1a: Kommo-o|Clanging Scales|p2a: Milotic|[spread] p2a,p2b\n|-damage|p2a: Milotic|0 fnt\n|-damage|p2b: Glimmora|0 fnt\n|faint|p2a: Milotic\n|faint|p2b: Glimmora\n|-unboost|p1a: Kommo-o|def|1\n|\n|-heal|p1a: Kommo-o|34/100 psn|[from] item: Leftovers\n|-damage|p1b: Garchomp|28/100 psn|[from] psn\n|-damage|p1a: Kommo-o|22/100 psn|[from] psn\n|upkeep\n|\n|t:|1776595772\n|switch|p2b: Garchomp|Garchomp, L50, M|100/100\n|switch|p2a: Not Da Mama|Tyranitar, L50, M|100/100\n|-weather|Sandstorm|[from] ability: Sand Stream|[of] p2a: Not Da Mama\n|turn|5\n|\n|t:|1776595790\n|move|p2a: Not Da Mama|Protect|p2a: Not Da Mama\n|-singleturn|p2a: Not Da Mama|Protect\n|move|p2b: Garchomp|Rock Slide|p1a: Kommo-o|[spread] p1a\n|-miss|p2b: Garchomp|p1b: Garchomp\n|-resisted|p1a: Kommo-o|1\n|-damage|p1a: Kommo-o|6/100 psn\n|move|p1b: Garchomp|Dragon Claw|p2b: Garchomp|[miss]\n|-miss|p1b: Garchomp|p2b: Garchomp\n|move|p1a: Kommo-o|Drain Punch|p2a: Not Da Mama\n|-activate|p2a: Not Da Mama|move: Protect\n|\n|-weather|Sandstorm|[upkeep]\n|-damage|p1a: Kommo-o|0 fnt|[from] Sandstorm\n|faint|p1a: Kommo-o\n|-damage|p1b: Garchomp|16/100 psn|[from] psn\n|upkeep\n|-message|freshnandez forfeited.\n|\n|win|Chef204\n|raw|freshnandez's rating: 1147 &rarr; <strong>1129</strong><br />(-18 for losing)\n|raw|Chef204's rating: 1252 &rarr; <strong>1270</strong><br />(+18 for winning)\n|l|\u2606freshnandez\n|player|p1|\n",
  "uploadtime": 1776595807,
  "views": 16,
  "formatid": "gen9championsvgc2026regma",
  "rating": 1129,
  "private": 0,
  "password": null
}