{
  "id": "gen9championsvgc2026regma-2582926999",
  "format": "[Gen 9 Champions] VGC 2026 Reg M-A",
  "players": [
    "loklastaji",
    "diego soria"
  ],
  "log": "|j|\u2606loklastaji\n|j|\u2606diego soria\n|t:|1776125670\n|gametype|doubles\n|player|p1|loklastaji|102|1227\n|player|p2|diego soria|2|1262\n|gen|9\n|tier|[Gen 9 Champions] VGC 2026 Reg M-A\n|rated|\n|rule|Species Clause: Limit one of each Pok\u00e9mon\n|rule|Item Clause: Limit 1 of each item\n|clearpoke\n|poke|p1|Samurott-Hisui, L50, F|\n|poke|p1|Mamoswine, L50, F|\n|poke|p1|Delphox, L50, M|\n|poke|p1|Tsareena, L50, F|\n|poke|p1|Corviknight, L50, M|\n|poke|p1|Altaria, L50, F|\n|poke|p2|Dragonite, L50, M|\n|poke|p2|Pelipper, L50, F|\n|poke|p2|Archaludon, L50, M|\n|poke|p2|Basculegion, L50, M|\n|poke|p2|Dragapult, L50, M|\n|poke|p2|Sneasler, L50, F|\n|teampreview|4\n|inactive|Battle timer is ON: inactive players will automatically lose when time's up. (requested by diego soria)\n|inactive|diego soria has 60 seconds left.\n|inactive|diego soria has 30 seconds left.\n|inactive|loklastaji has 60 seconds left.\n|\n|t:|1776125762\n|teamsize|p1|4\n|teamsize|p2|4\n|start\n|switch|p1a: Mamoswine|Mamoswine, L50, F|100/100\n|switch|p1b: Samurott|Samurott-Hisui, L50, F|100/100\n|switch|p2a: Dragapult|Dragapult, L50, M|100/100\n|switch|p2b: Sneasler|Sneasler, L50, F|100/100\n|turn|1\n|\n|t:|1776125784\n|switch|p1b: Tsareena|Tsareena, L50, F|100/100\n|move|p2a: Dragapult|Will-O-Wisp|p1b: Tsareena\n|-status|p1b: Tsareena|brn\n|move|p1a: Mamoswine|Earthquake|p2b: Sneasler|[spread] p1b,p2a,p2b\n|-resisted|p1b: Tsareena|1\n|-supereffective|p2b: Sneasler|1\n|-damage|p1b: Tsareena|78/100 brn\n|-damage|p2a: Dragapult|42/100\n|-damage|p2b: Sneasler|0 fnt\n|faint|p2b: Sneasler\n|\n|-damage|p1b: Tsareena|72/100 brn|[from] brn\n|upkeep\n|inactive|diego soria has 30 seconds left.\n|inactive|diego soria has 20 seconds left.\n|inactive|diego soria has 15 seconds left.\n|\n|t:|1776125826\n|switch|p2b: Pelipper|Pelipper, L50, F|100/100\n|-weather|RainDance|[from] ability: Drizzle|[of] p2b: Pelipper\n|turn|2\n|\n|t:|1776125843\n|switch|p1b: Altaria|Altaria, L50, F|100/100\n|-ability|p1b: Altaria|Cloud Nine\n|move|p2a: Dragapult|Will-O-Wisp|p1a: Mamoswine\n|-status|p1a: Mamoswine|brn\n|move|p1a: Mamoswine|Earthquake|p2b: Pelipper|[spread] p2a\n|-immune|p1b: Altaria\n|-immune|p2b: Pelipper\n|-damage|p2a: Dragapult|16/100\n|move|p2b: Pelipper|Tailwind|p2b: Pelipper\n|-sidestart|p2: diego soria|move: Tailwind\n|\n|-weather|RainDance|[upkeep]\n|-damage|p1a: Mamoswine|95/100 brn|[from] brn\n|upkeep\n|turn|3\n|inactive|loklastaji has 30 seconds left.\n|inactive|diego soria has 30 seconds left.\n|inactive|loklastaji has 20 seconds left.\n|inactive|diego soria has 20 seconds left.\n|inactive|diego soria has 15 seconds left.\n|\n|t:|1776125886\n|switch|p1a: Samurott|Samurott-Hisui, L50, F|100/100\n|detailschange|p1b: Altaria|Altaria-Mega, L50, F\n|-mega|p1b: Altaria|Altaria|Altarianite\n|move|p2a: Dragapult|Protect|p2a: Dragapult\n|-singleturn|p2a: Dragapult|Protect\n|move|p2b: Pelipper|Tailwind||[still]\n|-fail|p2b: Pelipper\n|move|p1b: Altaria|Hyper Voice|p2a: Dragapult|[spread] p2b\n|-activate|p2a: Dragapult|move: Protect\n|-damage|p2b: Pelipper|48/100\n|\n|-weather|RainDance|[upkeep]\n|upkeep\n|turn|4\n|inactive|diego soria has 30 seconds left.\n|\n|t:|1776125912\n|move|p1a: Samurott|Sucker Punch|p2a: Dragapult\n|-supereffective|p2a: Dragapult|1\n|-damage|p2a: Dragapult|0 fnt\n|faint|p2a: Dragapult\n|move|p2b: Pelipper|Hurricane|p1b: Altaria\n|-damage|p1b: Altaria|58/100\n|move|p1b: Altaria|Hyper Voice|p2b: Pelipper\n|-damage|p2b: Pelipper|0 fnt\n|faint|p2b: Pelipper\n|\n|-weather|RainDance|[upkeep]\n|upkeep\n|\n|t:|1776125916\n|switch|p2a: Dragonite|Dragonite, L50, M|100/100\n|turn|5\n|inactive|loklastaji has 30 seconds left.\n|\n|t:|1776125942\n|detailschange|p2a: Dragonite|Dragonite-Mega, L50, M\n|-mega|p2a: Dragonite|Dragonite|Dragoninite\n|move|p2a: Dragonite|Protect|p2a: Dragonite\n|-singleturn|p2a: Dragonite|Protect\n|move|p1b: Altaria|Hyper Voice|p2a: Dragonite\n|-activate|p2a: Dragonite|move: Protect\n|move|p1a: Samurott|Aqua Cutter|p2a: Dragonite\n|-activate|p2a: Dragonite|move: Protect\n|\n|-weather|RainDance|[upkeep]\n|-sideend|p2: diego soria|move: Tailwind\n|upkeep\n|turn|6\n|inactive|diego soria has 30 seconds left.\n|inactive|diego soria has 20 seconds left.\n|inactive|diego soria has 15 seconds left.\n|inactive|diego soria has 10 seconds left.\n|\n|t:|1776125988\n|move|p1b: Altaria|Protect|p1b: Altaria\n|-singleturn|p1b: Altaria|Protect\n|move|p2a: Dragonite|Hurricane|p1b: Altaria\n|-activate|p1b: Altaria|move: Protect\n|move|p1a: Samurott|Aqua Cutter|p2a: Dragonite\n|-resisted|p2a: Dragonite|1\n|-damage|p2a: Dragonite|82/100\n|\n|-weather|none\n|upkeep\n|turn|7\n|\n|t:|1776126001\n|move|p1a: Samurott|Sucker Punch|p2a: Dragonite\n|-damage|p2a: Dragonite|49/100\n|move|p2a: Dragonite|Hurricane|p1b: Altaria\n|-damage|p1b: Altaria|0 fnt\n|faint|p1b: Altaria\n|\n|upkeep\n|\n|t:|1776126009\n|switch|p1b: Mamoswine|Mamoswine, L50, F|95/100 brn\n|turn|8\n|\n|t:|1776126016\n|move|p2a: Dragonite|Protect|p2a: Dragonite\n|-singleturn|p2a: Dragonite|Protect\n|move|p1b: Mamoswine|Ice Shard|p2a: Dragonite\n|-activate|p2a: Dragonite|move: Protect\n|move|p1a: Samurott|Sucker Punch||[still]\n|-fail|p1a: Samurott\n|\n|-damage|p1b: Mamoswine|89/100 brn|[from] brn\n|upkeep\n|turn|9\n|\n|t:|1776126029\n|move|p1b: Mamoswine|Ice Shard|p2a: Dragonite\n|-supereffective|p2a: Dragonite|2\n|-damage|p2a: Dragonite|6/100\n|move|p1a: Samurott|Sucker Punch|p2a: Dragonite\n|-damage|p2a: Dragonite|0 fnt\n|faint|p2a: Dragonite\n|\n|win|loklastaji\n|raw|loklastaji's rating: 1227 &rarr; <strong>1255</strong><br />(+28 for winning)\n|raw|diego soria's rating: 1262 &rarr; <strong>1234</strong><br />(-28 for losing)\n|l|\u2606diego soria\n|player|p2|\n",
  "uploadtime": 1776126037,
  "views": 20,
  "formatid": "gen9championsvgc2026regma",
  "rating": 1234,
  "private": 0,
  "password": null
}