{
  "id": "gen9championsvgc2026regma-2584712186",
  "format": "[Gen 9 Champions] VGC 2026 Reg M-A",
  "players": [
    "Saco04",
    "jrsjr"
  ],
  "log": "|j|\u2606Saco04\n|j|\u2606jrsjr\n|t:|1776278431\n|gametype|doubles\n|player|p1|Saco04|wallace|1064\n|player|p2|jrsjr|rocketgrunt|1023\n|gen|9\n|tier|[Gen 9 Champions] VGC 2026 Reg M-A\n|rated|\n|rule|Species Clause: Limit one of each Pok\u00e9mon\n|rule|Item Clause: Limit 1 of each item\n|clearpoke\n|poke|p1|Pelipper, L50, M|\n|poke|p1|Milotic, L50, F|\n|poke|p1|Basculegion, L50, M|\n|poke|p1|Sinistcha, L50|\n|poke|p1|Manectric, L50, M|\n|poke|p1|Starmie, L50|\n|poke|p2|Feraligatr, L50, M|\n|poke|p2|Rotom-Wash, L50|\n|poke|p2|Aegislash, L50, M|\n|poke|p2|Sneasler, L50, M|\n|poke|p2|Maushold-Four, L50|\n|poke|p2|Aerodactyl, L50, M|\n|teampreview|4\n|inactive|Battle timer is ON: inactive players will automatically lose when time's up. (requested by Saco04)\n|\n|t:|1776278444\n|teamsize|p1|4\n|teamsize|p2|4\n|start\n|switch|p1a: Peecko|Pelipper, L50, M|100/100\n|switch|p1b: Starmie|Starmie, L50|100/100\n|switch|p2a: Feraligatr|Feraligatr, L50, M|100/100\n|switch|p2b: Aegislash|Aegislash, L50, M|100/100\n|-weather|RainDance|[from] ability: Drizzle|[of] p1a: Peecko\n|turn|1\n|\n|t:|1776278460\n|detailschange|p1b: Starmie|Starmie-Mega, L50\n|-mega|p1b: Starmie|Starmie|Starminite\n|move|p1b: Starmie|Protect|p1b: Starmie\n|-singleturn|p1b: Starmie|Protect\n|move|p2a: Feraligatr|Rock Slide|p1b: Starmie|[spread] \n|-activate|p1b: Starmie|move: Protect\n|-miss|p2a: Feraligatr|p1a: Peecko\n|move|p1a: Peecko|Weather Ball|p2b: Aegislash\n|-damage|p2b: Aegislash|46/100\n|-formechange|p2b: Aegislash|Aegislash-Blade|\n|move|p2b: Aegislash|Rock Slide|p1b: Starmie|[spread] p1a\n|-activate|p1b: Starmie|move: Protect\n|-supereffective|p1a: Peecko|1\n|-damage|p1a: Peecko|60/100\n|\n|-weather|RainDance|[upkeep]\n|upkeep\n|turn|2\n|inactive|Saco04 has 30 seconds left.\n|inactive|Saco04 has 20 seconds left.\n|\n|t:|1776278496\n|switch|p1a: Sinistcha|Sinistcha, L50|100/100\n|detailschange|p2a: Feraligatr|Feraligatr-Mega, L50, M\n|-mega|p2a: Feraligatr|Feraligatr|Feraligite\n|-formechange|p2b: Aegislash|Aegislash|\n|move|p2b: Aegislash|King's Shield|p2b: Aegislash\n|-singleturn|p2b: Aegislash|Protect\n|move|p1b: Starmie|Aqua Jet|p2b: Aegislash\n|-activate|p2b: Aegislash|move: Protect\n|-unboost|p1b: Starmie|atk|1\n|move|p2a: Feraligatr|Double-Edge|p1b: Starmie\n|-damage|p1b: Starmie|0 fnt\n|faint|p1b: Starmie\n|-damage|p2a: Feraligatr|72/100|[from] Recoil\n|\n|-weather|RainDance|[upkeep]\n|upkeep\n|\n|t:|1776278501\n|switch|p1b: Basculegion|Basculegion, L50, M|100/100\n|turn|3\n|inactive|jrsjr has 30 seconds left.\n|\n|t:|1776278528\n|move|p1a: Sinistcha|Rage Powder|p1a: Sinistcha\n|-singleturn|p1a: Sinistcha|move: Rage Powder\n|move|p1b: Basculegion|Last Respects|p2a: Feraligatr\n|-damage|p2a: Feraligatr|14/100\n|move|p2a: Feraligatr|Double-Edge|p1a: Sinistcha\n|-damage|p1a: Sinistcha|7/100\n|-enditem|p1a: Sinistcha|Sitrus Berry|[eat]\n|-heal|p1a: Sinistcha|32/100|[from] item: Sitrus Berry\n|-damage|p2a: Feraligatr|0 fnt|[from] Recoil\n|faint|p2a: Feraligatr\n|-formechange|p2b: Aegislash|Aegislash-Blade|\n|move|p2b: Aegislash|Night Slash|p1a: Sinistcha\n|-supereffective|p1a: Sinistcha|1\n|-damage|p1a: Sinistcha|0 fnt\n|faint|p1a: Sinistcha\n|\n|-weather|RainDance|[upkeep]\n|upkeep\n|inactive|Saco04 has 30 seconds left.\n|inactive|jrsjr has 30 seconds left.\n|inactive|Saco04 has 20 seconds left.\n|\n|t:|1776278565\n|switch|p2a: Sneasler|Sneasler, L50, M|100/100\n|switch|p1a: Peecko|Pelipper, L50, M|60/100\n|turn|4\n|\n|t:|1776278576\n|move|p2a: Sneasler|Close Combat|p1a: Peecko\n|-resisted|p1a: Peecko|1\n|-damage|p1a: Peecko|29/100\n|-unboost|p2a: Sneasler|def|1\n|-unboost|p2a: Sneasler|spd|1\n|-enditem|p2a: Sneasler|White Herb\n|-clearnegativeboost|p2a: Sneasler|[silent]\n|move|p1b: Basculegion|Last Respects|p2a: Sneasler\n|-damage|p2a: Sneasler|0 fnt\n|faint|p2a: Sneasler\n|move|p1a: Peecko|Weather Ball|p2b: Aegislash\n|-damage|p2b: Aegislash|0 fnt\n|faint|p2b: Aegislash\n|\n|-weather|RainDance|[upkeep]\n|upkeep\n|\n|t:|1776278592\n|switch|p2b: Maushold|Maushold-Four, L50|100/100\n|turn|5\n|\n|t:|1776278609\n|move|p1b: Basculegion|Last Respects|p1a: Peecko\n|-damage|p1a: Peecko|0 fnt\n|faint|p1a: Peecko\n|move|p2b: Maushold|Population Bomb|p1b: Basculegion\n|-immune|p1b: Basculegion\n|\n|-weather|none\n|upkeep\n|turn|6\n|c|\u2606Saco04|wlgejopiwerhoi veroitqr3 oi hghoier ghoi0erhoip qerhg oi0qer 9\u00b401y549 0\n|-message|Saco04 forfeited.\n|\n|win|jrsjr\n|raw|Saco04's rating: 1064 &rarr; <strong>1042</strong><br />(-22 for losing)\n|raw|jrsjr's rating: 1023 &rarr; <strong>1064</strong><br />(+41 for winning)\n|l|\u2606Saco04\n|player|p1|\n",
  "uploadtime": 1776278623,
  "views": 18,
  "formatid": "gen9championsvgc2026regma",
  "rating": 1042,
  "private": 0,
  "password": null
}