{
  "id": "gen9championsvgc2026regma-2583597105",
  "format": "[Gen 9 Champions] VGC 2026 Reg M-A",
  "players": [
    "mossytreefrog",
    "Zarc206"
  ],
  "log": "|j|\u2606mossytreefrog\n|j|\u2606Zarc206\n|t:|1776185586\n|gametype|doubles\n|player|p1|mossytreefrog|pokemaniac|1025\n|player|p2|Zarc206|266|1004\n|gen|9\n|tier|[Gen 9 Champions] VGC 2026 Reg M-A\n|rated|\n|rule|Species Clause: Limit one of each Pok\u00e9mon\n|rule|Item Clause: Limit 1 of each item\n|clearpoke\n|poke|p1|Heliolisk, L50, F|\n|poke|p1|Sinistcha, L50|\n|poke|p1|Empoleon, L50, M|\n|poke|p1|Maushold, L50|\n|poke|p1|Meganium, L50, M|\n|poke|p1|Pelipper, L50, F|\n|poke|p2|Maushold-Four, L50|\n|poke|p2|Archaludon, L50, F|\n|poke|p2|Pelipper, L50, F|\n|poke|p2|Starmie, L50|\n|poke|p2|Rotom-Mow, L50|\n|poke|p2|Aegislash, L50, F|\n|teampreview|4\n|inactive|Battle timer is ON: inactive players will automatically lose when time's up. (requested by mossytreefrog)\n|\n|t:|1776185620\n|teamsize|p1|4\n|teamsize|p2|4\n|start\n|switch|p1a: lizzy's in a box|Heliolisk, L50, F|100/100\n|switch|p1b: matcha|Sinistcha, L50|100/100\n|switch|p2a: Maushold|Maushold-Four, L50|100/100\n|switch|p2b: Archaludon|Archaludon, L50, F|100/100\n|turn|1\n|inactive|mossytreefrog has 30 seconds left.\n|\n|t:|1776185645\n|move|p1a: lizzy's in a box|Shed Tail|p1a: lizzy's in a box\n|-start|p1a: lizzy's in a box|Substitute|[from] move: Shed Tail\n|-damage|p1a: lizzy's in a box|50/100\n|\n|t:|1776185649\n|switch|p1a: leaf dino|Meganium, L50, M, shiny|100/100|[from] Shed Tail\n|move|p2a: Maushold|Population Bomb|p2b: Archaludon\n|-resisted|p2b: Archaludon|1\n|-damage|p2b: Archaludon|99/100\n|-ability|p2b: Archaludon|Stamina|boost\n|-boost|p2b: Archaludon|def|1\n|-resisted|p2b: Archaludon|1\n|-damage|p2b: Archaludon|98/100\n|-ability|p2b: Archaludon|Stamina|boost\n|-boost|p2b: Archaludon|def|1\n|-resisted|p2b: Archaludon|1\n|-damage|p2b: Archaludon|97/100\n|-ability|p2b: Archaludon|Stamina|boost\n|-boost|p2b: Archaludon|def|1\n|-resisted|p2b: Archaludon|1\n|-damage|p2b: Archaludon|96/100\n|-ability|p2b: Archaludon|Stamina|boost\n|-boost|p2b: Archaludon|def|1\n|-resisted|p2b: Archaludon|1\n|-damage|p2b: Archaludon|96/100\n|-ability|p2b: Archaludon|Stamina|boost\n|-boost|p2b: Archaludon|def|1\n|-resisted|p2b: Archaludon|1\n|-crit|p2b: Archaludon\n|-damage|p2b: Archaludon|93/100\n|-ability|p2b: Archaludon|Stamina|boost\n|-boost|p2b: Archaludon|def|1\n|-hitcount|p2b: Archaludon|6\n|move|p2b: Archaludon|Dragon Pulse|p1a: leaf dino\n|-end|p1a: leaf dino|Substitute\n|move|p1b: matcha|Trick Room|p1b: matcha\n|-fieldstart|move: Trick Room|[of] p1b: matcha\n|\n|upkeep\n|turn|2\n|inactive|mossytreefrog has 30 seconds left.\n|\n|t:|1776185682\n|switch|p1b: pelle pelle|Pelipper, L50, F, shiny|100/100\n|-weather|RainDance|[from] ability: Drizzle|[of] p1b: pelle pelle\n|detailschange|p1a: leaf dino|Meganium-Mega, L50, M, shiny\n|-mega|p1a: leaf dino|Meganium|Meganiumite\n|move|p1a: leaf dino|Protect|p1a: leaf dino\n|-singleturn|p1a: leaf dino|Protect\n|move|p2b: Archaludon|Dragon Pulse|p1b: pelle pelle\n|-damage|p1b: pelle pelle|42/100\n|move|p2a: Maushold|Population Bomb|p1a: leaf dino\n|-activate|p1a: leaf dino|move: Protect\n|\n|-weather|RainDance|[upkeep]\n|upkeep\n|turn|3\n|\n|t:|1776185707\n|move|p2a: Maushold|Helping Hand|p2b: Archaludon\n|-singleturn|p2b: Archaludon|Helping Hand|[of] p2a: Maushold\n|move|p1b: pelle pelle|Soak|p2b: Archaludon\n|-start|p2b: Archaludon|typechange|Water\n|move|p1a: leaf dino|Solar Beam||[still]\n|-prepare|p1a: leaf dino|Solar Beam\n|-activate|p1a: leaf dino|ability: Mega Sol\n|-anim|p1a: leaf dino|Solar Beam|p2b: Archaludon\n|-supereffective|p2b: Archaludon|1\n|-damage|p2b: Archaludon|0 fnt\n|faint|p2b: Archaludon\n|\n|-weather|RainDance|[upkeep]\n|upkeep\n|\n|t:|1776185720\n|switch|p2b: Starmie|Starmie, L50|100/100\n|turn|4\n|inactive|mossytreefrog has 30 seconds left.\n|\n|t:|1776185752\n|detailschange|p2b: Starmie|Starmie-Mega, L50\n|-mega|p2b: Starmie|Starmie|Starminite\n|move|p2b: Starmie|Protect|p2b: Starmie\n|-singleturn|p2b: Starmie|Protect\n|move|p1b: pelle pelle|Surf|p2b: Starmie|[spread] p1a,p2a\n|-activate|p2b: Starmie|move: Protect\n|-resisted|p1a: leaf dino|1\n|-damage|p1a: leaf dino|79/100\n|-damage|p2a: Maushold|38/100\n|move|p1a: leaf dino|Solar Beam||[still]\n|-prepare|p1a: leaf dino|Solar Beam\n|-activate|p1a: leaf dino|ability: Mega Sol\n|-anim|p1a: leaf dino|Solar Beam|p2b: Starmie\n|-activate|p2b: Starmie|move: Protect\n|move|p2a: Maushold|Population Bomb|p1a: leaf dino\n|-damage|p1a: leaf dino|73/100\n|-damage|p1a: leaf dino|66/100\n|-damage|p1a: leaf dino|60/100\n|-hitcount|p1a: leaf dino|3\n|\n|-weather|RainDance|[upkeep]\n|upkeep\n|turn|5\n|inactive|Zarc206 has 30 seconds left.\n|\n|t:|1776185780\n|move|p2a: Maushold|Follow Me|p2a: Maushold\n|-singleturn|p2a: Maushold|move: Follow Me\n|move|p1b: pelle pelle|Hurricane|p2a: Maushold\n|-damage|p2a: Maushold|0 fnt\n|faint|p2a: Maushold\n|move|p1a: leaf dino|Solar Beam||[still]\n|-prepare|p1a: leaf dino|Solar Beam\n|-activate|p1a: leaf dino|ability: Mega Sol\n|-anim|p1a: leaf dino|Solar Beam|p2b: Starmie\n|-supereffective|p2b: Starmie|1\n|-damage|p2b: Starmie|0 fnt\n|faint|p2b: Starmie\n|\n|-weather|RainDance|[upkeep]\n|-fieldend|move: Trick Room\n|upkeep\n|-message|Zarc206 forfeited.\n|\n|win|mossytreefrog\n|raw|mossytreefrog's rating: 1025 &rarr; <strong>1059</strong><br />(+34 for winning)\n|raw|Zarc206's rating: 1004 &rarr; <strong>1000</strong><br />(-4 for losing)\n|l|\u2606Zarc206\n|player|p2|\n",
  "uploadtime": 1776185794,
  "views": 19,
  "formatid": "gen9championsvgc2026regma",
  "rating": 1000,
  "private": 0,
  "password": null
}