{
  "id": "gen9championsvgc2026regma-2584421587",
  "format": "[Gen 9 Champions] VGC 2026 Reg M-A",
  "players": [
    "DryIceBros",
    "Titans34"
  ],
  "log": "|j|\u2606DryIceBros\n|j|\u2606Titans34\n|t:|1776259704\n|gametype|doubles\n|player|p1|DryIceBros|mars|1206\n|player|p2|Titans34|101|1225\n|gen|9\n|tier|[Gen 9 Champions] VGC 2026 Reg M-A\n|rated|\n|rule|Species Clause: Limit one of each Pok\u00e9mon\n|rule|Item Clause: Limit 1 of each item\n|clearpoke\n|poke|p1|Crabominable, L50, M|\n|poke|p1|Slowking-Galar, L50, M|\n|poke|p1|Incineroar, L50, F|\n|poke|p1|Sinistcha, L50|\n|poke|p1|Primarina, L50, F|\n|poke|p1|Kingambit, L50, F|\n|poke|p2|Charizard, L50, M|\n|poke|p2|Venusaur, L50, M|\n|poke|p2|Tauros-Paldea-Aqua, L50, M|\n|poke|p2|Camerupt, L50, F|\n|poke|p2|Meowstic, L50, M|\n|poke|p2|Incineroar, L50, F|\n|teampreview|4\nDryIceBros has agreed to open team sheets.\n|\n|t:|1776259755\n|teamsize|p1|4\n|teamsize|p2|4\n|start\n|switch|p1a: Incineroar|Incineroar, L50, F|100/100\n|switch|p1b: Slowking|Slowking-Galar, L50, M|100/100\n|switch|p2a: Tauros|Tauros-Paldea-Aqua, L50, M|100/100\n|switch|p2b: Meowstic|Meowstic, L50, M|100/100\n|-ability|p2a: Tauros|Intimidate|boost\n|-unboost|p1a: Incineroar|atk|1\n|-unboost|p1b: Slowking|atk|1\n|-ability|p1a: Incineroar|Intimidate|boost\n|-unboost|p2a: Tauros|atk|1\n|-unboost|p2b: Meowstic|atk|1\n|turn|1\n|\n|t:|1776259778\n|move|p2b: Meowstic|Fake Out|p1b: Slowking\n|-damage|p1b: Slowking|97/100\n|move|p1a: Incineroar|Fake Out|p2b: Meowstic\n|-damage|p2b: Meowstic|91/100\n|move|p2a: Tauros|Close Combat|p1a: Incineroar\n|-supereffective|p1a: Incineroar|1\n|-damage|p1a: Incineroar|19/100\n|-unboost|p2a: Tauros|def|1\n|-unboost|p2a: Tauros|spd|1\n|-enditem|p1a: Incineroar|Sitrus Berry|[eat]\n|-heal|p1a: Incineroar|44/100|[from] item: Sitrus Berry\n|-prepare|p1b: Slowking|Chilly Reception|[premajor]\n|cant|p1b: Slowking|flinch\n|\n|upkeep\n|turn|2\n|\n|t:|1776259794\n|move|p2b: Meowstic|Sunny Day|p2b: Meowstic\n|-weather|SunnyDay\n|move|p2a: Tauros|Raging Bull|p1a: Incineroar\n|-supereffective|p1a: Incineroar|1\n|-damage|p1a: Incineroar|19/100\n|move|p1a: Incineroar|Throat Chop|p2b: Meowstic\n|-supereffective|p2b: Meowstic|1\n|-damage|p2b: Meowstic|41/100\n|-start|p2b: Meowstic|Throat Chop|[silent]\n|-prepare|p1b: Slowking|Chilly Reception|[premajor]\n|move|p1b: Slowking|Chilly Reception|p1b: Slowking\n|-weather|Snowscape\n|\n|t:|1776259801\n|switch|p1b: Primarina|Primarina, L50, F|100/100|[from] Chilly Reception\n|\n|-weather|Snowscape|[upkeep]\n|upkeep\n|turn|3\n|\n|t:|1776259811\n|move|p2a: Tauros|Aqua Jet|p1a: Incineroar\n|-supereffective|p1a: Incineroar|1\n|-damage|p1a: Incineroar|0 fnt\n|faint|p1a: Incineroar\n|move|p1b: Primarina|Moonblast|p2a: Tauros\n|-supereffective|p2a: Tauros|1\n|-damage|p2a: Tauros|0 fnt\n|faint|p2a: Tauros\n|move|p2b: Meowstic|Trick Room|p2b: Meowstic\n|-fieldstart|move: Trick Room|[of] p2b: Meowstic\n|\n|-weather|Snowscape|[upkeep]\n|-end|p2b: Meowstic|Throat Chop|[silent]\n|upkeep\n|\n|t:|1776259826\n|switch|p1a: Crabominable|Crabominable, L50, M|100/100\n|switch|p2a: Camerupt|Camerupt, L50, F|100/100\n|turn|4\n|\n|t:|1776259842\n|move|p1a: Crabominable|Protect|p1a: Crabominable\n|-singleturn|p1a: Crabominable|Protect\n|move|p2a: Camerupt|Protect|p2a: Camerupt\n|-singleturn|p2a: Camerupt|Protect\n|move|p2b: Meowstic|Sunny Day|p2b: Meowstic\n|-weather|SunnyDay\n|move|p1b: Primarina|Hyper Voice|p2a: Camerupt|[spread] p2b\n|-activate|p2a: Camerupt|move: Protect\n|-damage|p2b: Meowstic|26/100\n|\n|-weather|SunnyDay|[upkeep]\n|upkeep\n|turn|5\n|\n|t:|1776259861\n|switch|p2b: Charizard|Charizard, L50, M|100/100\n|detailschange|p1a: Crabominable|Crabominable-Mega, L50, M\n|-mega|p1a: Crabominable|Crabominable|Crabominite\n|detailschange|p2a: Camerupt|Camerupt-Mega, L50, F\n|-mega|p2a: Camerupt|Camerupt|Cameruptite\n|move|p2a: Camerupt|Heat Wave|p1a: Crabominable|[spread] p1a,p1b\n|-supereffective|p1a: Crabominable|1\n|-resisted|p1b: Primarina|1\n|-damage|p1a: Crabominable|0 fnt\n|-damage|p1b: Primarina|63/100\n|faint|p1a: Crabominable\n|move|p1b: Primarina|Hyper Voice|p2b: Charizard|[spread] p2a,p2b\n|-supereffective|p2a: Camerupt|2\n|-supereffective|p2b: Charizard|1\n|-damage|p2a: Camerupt|39/100\n|-damage|p2b: Charizard|53/100\n|\n|-weather|SunnyDay|[upkeep]\n|-damage|p2b: Charizard|41/100|[from] ability: Solar Power|[of] p2b: Charizard\n|-heal|p1b: Primarina|69/100|[from] item: Leftovers\n|upkeep\n|\n|t:|1776259871\n|switch|p1a: Slowking|Slowking-Galar, L50, M|100/100\n|turn|6\n|\n|t:|1776259878\n|move|p1b: Primarina|Protect|p1b: Primarina\n|-singleturn|p1b: Primarina|Protect\n|move|p2a: Camerupt|Earth Power|p1a: Slowking\n|-supereffective|p1a: Slowking|1\n|-damage|p1a: Slowking|0 fnt\n|faint|p1a: Slowking\n|move|p2b: Charizard|Solar Beam||[still]\n|-prepare|p2b: Charizard|Solar Beam\n|-anim|p2b: Charizard|Solar Beam|p1b: Primarina\n|-activate|p1b: Primarina|move: Protect\n|\n|-weather|SunnyDay|[upkeep]\n|-damage|p2b: Charizard|29/100|[from] ability: Solar Power|[of] p2b: Charizard\n|-heal|p1b: Primarina|75/100|[from] item: Leftovers\n|upkeep\n|turn|7\n|\n|t:|1776259885\n|move|p2a: Camerupt|Earth Power|p1b: Primarina\n|-damage|p1b: Primarina|10/100\n|move|p1b: Primarina|Hyper Voice|p2b: Charizard|[spread] p2a,p2b\n|-supereffective|p2a: Camerupt|2\n|-supereffective|p2b: Charizard|1\n|-damage|p2a: Camerupt|0 fnt\n|-damage|p2b: Charizard|0 fnt\n|faint|p2a: Camerupt\n|faint|p2b: Charizard\n|\n|-weather|SunnyDay|[upkeep]\n|-heal|p1b: Primarina|16/100|[from] item: Leftovers\n|-fieldend|move: Trick Room\n|upkeep\n|\n|t:|1776259893\n|switch|p2a: Meowstic|Meowstic, L50, M|26/100\n|turn|8\n|\n|t:|1776259902\n|move|p2a: Meowstic|Fake Out|p1b: Primarina\n|-damage|p1b: Primarina|9/100\n|cant|p1b: Primarina|flinch\n|\n|-weather|none\n|-heal|p1b: Primarina|15/100|[from] item: Leftovers\n|upkeep\n|turn|9\n|-message|Titans34 forfeited.\n|\n|win|DryIceBros\n|raw|DryIceBros's rating: 1206 &rarr; <strong>1232</strong><br />(+26 for winning)\n|raw|Titans34's rating: 1225 &rarr; <strong>1199</strong><br />(-26 for losing)\n|l|\u2606Titans34\n|player|p2|\n",
  "uploadtime": 1776259916,
  "views": 21,
  "formatid": "gen9championsvgc2026regma",
  "rating": 1199,
  "private": 0,
  "password": null
}