{
  "id": "gen9championsvgc2026regma-2581474112",
  "format": "[Gen 9 Champions] VGC 2026 Reg M-A",
  "players": [
    "tt4fun",
    "Nerumy07"
  ],
  "log": "|j|\u2606tt4fun\n|j|\u2606Nerumy07\n|t:|1776003849\n|gametype|doubles\n|player|p1|tt4fun|265|1136\n|player|p2|Nerumy07|acetrainer|1129\n|gen|9\n|tier|[Gen 9 Champions] VGC 2026 Reg M-A\n|rated|\n|rule|Species Clause: Limit one of each Pok\u00e9mon\n|rule|Item Clause: Limit 1 of each item\n|clearpoke\n|poke|p1|Incineroar, L50, F|\n|poke|p1|Meganium, L50, M|\n|poke|p1|Garchomp, L50, M|\n|poke|p1|Pelipper, L50, F|\n|poke|p1|Basculegion, L50, M|\n|poke|p1|Sneasler, L50, F|\n|poke|p2|Dragonite, L50, M|\n|poke|p2|Politoed, L50, M|\n|poke|p2|Archaludon, L50, F|\n|poke|p2|Basculegion, L50, M|\n|poke|p2|Sinistcha, L50|\n|poke|p2|Sneasler, L50, M|\n|teampreview|4\n|\n|t:|1776003915\n|teamsize|p1|4\n|teamsize|p2|4\n|start\n|switch|p1a: Garchomp|Garchomp, L50, M|100/100\n|switch|p1b: Incineroar|Incineroar, L50, F|100/100\n|switch|p2a: Basculegion|Basculegion, L50, M|100/100\n|switch|p2b: Archaludon|Archaludon, L50, F|100/100\n|-ability|p1b: Incineroar|Intimidate|boost\n|-unboost|p2a: Basculegion|atk|1\n|-unboost|p2b: Archaludon|atk|1\n|-enditem|p2b: Archaludon|White Herb\n|-clearnegativeboost|p2b: Archaludon|[silent]\n|turn|1\n|\n|t:|1776003975\n|move|p2b: Archaludon|Protect|p2b: Archaludon\n|-singleturn|p2b: Archaludon|Protect\n|move|p2a: Basculegion|Flip Turn|p1b: Incineroar\n|-supereffective|p1b: Incineroar|1\n|-crit|p1b: Incineroar\n|-damage|p1b: Incineroar|1/100\n|-enditem|p1b: Incineroar|Sitrus Berry|[eat]\n|-heal|p1b: Incineroar|26/100|[from] item: Sitrus Berry\n|\n|t:|1776003983\n|switch|p2a: Politoed|Politoed, L50, M, shiny|100/100|[from] Flip Turn\n|-weather|RainDance|[from] ability: Drizzle|[of] p2a: Politoed\n|move|p1a: Garchomp|Dragon Claw|p2a: Politoed\n|-damage|p2a: Politoed|60/100\n|move|p1b: Incineroar|Snarl|p2a: Politoed|[spread] p2a\n|-activate|p2b: Archaludon|move: Protect\n|-damage|p2a: Politoed|51/100\n|-unboost|p2a: Politoed|spa|1\n|\n|-weather|RainDance|[upkeep]\n|upkeep\n|turn|2\n|\n|t:|1776004039\n|switch|p1b: Meganium|Meganium, L50, M|100/100\n|move|p1a: Garchomp|Stomping Tantrum|p2b: Archaludon\n|-supereffective|p2b: Archaludon|1\n|-crit|p2b: Archaludon\n|-damage|p2b: Archaludon|14/100\n|-ability|p2b: Archaludon|Stamina|boost\n|-boost|p2b: Archaludon|def|1\n|move|p2b: Archaludon|Dragon Pulse|p1a: Garchomp\n|-supereffective|p1a: Garchomp|1\n|-damage|p1a: Garchomp|0 fnt\n|faint|p1a: Garchomp\n|move|p2a: Politoed|Icy Wind|p1b: Meganium\n|-supereffective|p1b: Meganium|1\n|-damage|p1b: Meganium|84/100\n|-unboost|p1b: Meganium|spe|1\n|\n|-weather|RainDance|[upkeep]\n|upkeep\n|\n|t:|1776004057\n|switch|p1a: Basculegion|Basculegion, L50, M|100/100\n|turn|3\n|\n|t:|1776004093\n|switch|p2a: Dragonite|Dragonite, L50, M|100/100\n|detailschange|p1b: Meganium|Meganium-Mega, L50, M\n|-mega|p1b: Meganium|Meganium|Meganiumite\n|move|p2b: Archaludon|Protect|p2b: Archaludon\n|-singleturn|p2b: Archaludon|Protect\n|move|p1a: Basculegion|Flip Turn|p2a: Dragonite\n|-resisted|p2a: Dragonite|1\n|-damage|p2a: Dragonite|85/100\n|\n|t:|1776004102\n|switch|p1a: Incineroar|Incineroar, L50, F|26/100|[from] Flip Turn\n|-ability|p1a: Incineroar|Intimidate|boost\n|-unboost|p2a: Dragonite|atk|1\n|-unboost|p2b: Archaludon|atk|1\n|move|p1b: Meganium|Dazzling Gleam|p2b: Archaludon|[spread] p2a\n|-activate|p2b: Archaludon|move: Protect\n|-supereffective|p2a: Dragonite|1\n|-damage|p2a: Dragonite|13/100\n|\n|-weather|RainDance|[upkeep]\n|upkeep\n|turn|4\n|\n|t:|1776004118\n|move|p2a: Dragonite|Protect|p2a: Dragonite\n|-singleturn|p2a: Dragonite|Protect\n|move|p1a: Incineroar|Fake Out|p2b: Archaludon\n|-resisted|p2b: Archaludon|1\n|-damage|p2b: Archaludon|12/100\n|-ability|p2b: Archaludon|Stamina|boost\n|-boost|p2b: Archaludon|def|1\n|cant|p2b: Archaludon|flinch\n|move|p1b: Meganium|Dazzling Gleam|p2b: Archaludon|[spread] p2b\n|-activate|p2a: Dragonite|move: Protect\n|-damage|p2b: Archaludon|0 fnt\n|faint|p2b: Archaludon\n|\n|-weather|RainDance|[upkeep]\n|upkeep\n|\n|t:|1776004124\n|switch|p2b: Basculegion|Basculegion, L50, M|100/100\n|turn|5\n|\n|t:|1776004142\n|switch|p1a: Basculegion|Basculegion, L50, M|100/100\n|detailschange|p2a: Dragonite|Dragonite-Mega, L50, M\n|-mega|p2a: Dragonite|Dragonite|Dragoninite\n|move|p1b: Meganium|Protect|p1b: Meganium\n|-singleturn|p1b: Meganium|Protect\n|move|p2b: Basculegion|Wave Crash|p1a: Basculegion\n|-resisted|p1a: Basculegion|1\n|-damage|p1a: Basculegion|29/100\n|-damage|p2b: Basculegion|77/100|[from] Recoil\n|move|p2a: Dragonite|Hurricane|p1b: Meganium\n|-activate|p1b: Meganium|move: Protect\n|\n|-weather|none\n|upkeep\n|turn|6\n|\n|t:|1776004184\n|move|p2b: Basculegion|Wave Crash|p1a: Basculegion\n|-resisted|p1a: Basculegion|1\n|-damage|p1a: Basculegion|0 fnt\n|faint|p1a: Basculegion\n|-damage|p2b: Basculegion|67/100|[from] Recoil\n|move|p2a: Dragonite|Hurricane|p1b: Meganium\n|-supereffective|p1b: Meganium|1\n|-damage|p1b: Meganium|0 fnt\n|faint|p1b: Meganium\n|\n|upkeep\n|-message|tt4fun forfeited.\n|\n|win|Nerumy07\n|raw|tt4fun's rating: 1136 &rarr; <strong>1110</strong><br />(-26 for losing)\n|raw|Nerumy07's rating: 1129 &rarr; <strong>1155</strong><br />(+26 for winning)\n|l|\u2606tt4fun\n|player|p1|\n",
  "uploadtime": 1776004220,
  "views": 21,
  "formatid": "gen9championsvgc2026regma",
  "rating": 1110,
  "private": 0,
  "password": null
}