{
  "id": "gen9championsvgc2026regma-2585550603",
  "format": "[Gen 9 Champions] VGC 2026 Reg M-A",
  "players": [
    "prJuanma",
    "yamzinyobooty"
  ],
  "log": "|j|\u2606prJuanma\n|j|\u2606yamzinyobooty\n|t:|1776354931\n|gametype|doubles\n|player|p1|prJuanma|1|1013\n|player|p2|yamzinyobooty|266|1055\n|gen|9\n|tier|[Gen 9 Champions] VGC 2026 Reg M-A\n|rated|\n|rule|Species Clause: Limit one of each Pok\u00e9mon\n|rule|Item Clause: Limit 1 of each item\n|clearpoke\n|poke|p1|Meganium, L50, M|\n|poke|p1|Pelipper, L50, M|\n|poke|p1|Archaludon, L50, F|\n|poke|p1|Basculegion, L50, M|\n|poke|p1|Incineroar, L50, M|\n|poke|p1|Maushold-Four, L50|\n|poke|p2|Charizard, L50, M|\n|poke|p2|Venusaur, L50, F|\n|poke|p2|Garchomp, L50, M|\n|poke|p2|Incineroar, L50, F|\n|poke|p2|Gardevoir, L50, M|\n|poke|p2|Milotic, L50, F|\n|teampreview|4\n|inactive|Battle timer is ON: inactive players will automatically lose when time's up. (requested by yamzinyobooty)\n|\n|t:|1776354960\n|teamsize|p1|4\n|teamsize|p2|4\n|start\n|switch|p1a: Basculegion|Basculegion, L50, M|100/100\n|switch|p1b: Incineroar|Incineroar, L50, M|100/100\n|switch|p2a: Venusaur|Venusaur, L50, F|100/100\n|switch|p2b: Charizard|Charizard, L50, M|100/100\n|-ability|p1b: Incineroar|Intimidate|boost\n|-unboost|p2a: Venusaur|atk|1\n|-unboost|p2b: Charizard|atk|1\n|turn|1\n|\n|t:|1776354988\n|move|p2b: Charizard|Protect|p2b: Charizard\n|-singleturn|p2b: Charizard|Protect\n|move|p2a: Venusaur|Protect|p2a: Venusaur\n|-singleturn|p2a: Venusaur|Protect\n|move|p1b: Incineroar|Fake Out|p2b: Charizard\n|-activate|p2b: Charizard|move: Protect\n|move|p1a: Basculegion|Flip Turn|p2b: Charizard\n|-activate|p2b: Charizard|move: Protect\n|\n|upkeep\n|turn|2\n|\n|t:|1776355010\n|switch|p2b: Milotic|Milotic, L50, F|100/100\n|move|p1a: Basculegion|Flip Turn|p2b: Milotic\n|-resisted|p2b: Milotic|1\n|-damage|p2b: Milotic|86/100\n|\n|t:|1776355019\n|switch|p1a: Archaludon|Archaludon, L50, F|100/100|[from] Flip Turn\n|move|p2a: Venusaur|Sleep Powder|p1b: Incineroar\n|-status|p1b: Incineroar|slp|[from] move: Sleep Powder\n|cant|p1b: Incineroar|slp\n|\n|-heal|p2b: Milotic|92/100|[from] item: Leftovers\n|upkeep\n|turn|3\n|\n|t:|1776355036\n|move|p2b: Milotic|Protect|p2b: Milotic\n|-singleturn|p2b: Milotic|Protect\n|move|p2a: Venusaur|Sleep Powder|p1a: Archaludon\n|-status|p1a: Archaludon|slp|[from] move: Sleep Powder\n|cant|p1a: Archaludon|slp\n|cant|p1b: Incineroar|slp\n|\n|-heal|p2b: Milotic|98/100|[from] item: Leftovers\n|upkeep\n|turn|4\n|\n|t:|1776355054\n|switch|p2a: Charizard|Charizard, L50, M|100/100\n|-curestatus|p1a: Archaludon|slp|[msg]\n|move|p1a: Archaludon|Electro Shot||[still]\n|-prepare|p1a: Archaludon|Electro Shot\n|-boost|p1a: Archaludon|spa|1\n|move|p2b: Milotic|Scald|p1b: Incineroar\n|-supereffective|p1b: Incineroar|1\n|-damage|p1b: Incineroar|50/100 slp\n|-enditem|p1b: Incineroar|Sitrus Berry|[eat]\n|-heal|p1b: Incineroar|75/100 slp|[from] item: Sitrus Berry\n|-curestatus|p1b: Incineroar|slp|[msg]\n|move|p1b: Incineroar|Flare Blitz|p2a: Charizard\n|-resisted|p2a: Charizard|1\n|-damage|p2a: Charizard|63/100\n|-damage|p1b: Incineroar|65/100|[from] Recoil\n|\n|-heal|p2b: Milotic|100/100|[from] item: Leftovers\n|upkeep\n|turn|5\n|inactive|prJuanma has 30 seconds left.\n|inactive|yamzinyobooty has 30 seconds left.\n|inactive|prJuanma has 20 seconds left.\n|inactive|prJuanma has 15 seconds left.\n|\n|t:|1776355095\n|move|p2a: Charizard|Protect|p2a: Charizard\n|-singleturn|p2a: Charizard|Protect\n|move|p2b: Milotic|Protect|p2b: Milotic\n|-singleturn|p2b: Milotic|Protect\n|move|p1a: Archaludon|Electro Shot|p2b: Milotic|[from] lockedmove\n|-activate|p2b: Milotic|move: Protect\n|move|p1b: Incineroar|Parting Shot|p2a: Charizard\n|-activate|p2a: Charizard|move: Protect\n|\n|upkeep\n|turn|6\n|inactive|prJuanma has 30 seconds left.\n|inactive|yamzinyobooty has 30 seconds left.\n|\n|t:|1776355121\n|detailschange|p2a: Charizard|Charizard-Mega-Y, L50, M\n|-mega|p2a: Charizard|Charizard|Charizardite Y\n|-weather|SunnyDay|[from] ability: Drought|[of] p2a: Charizard\n|move|p2a: Charizard|Weather Ball|p1a: Archaludon\n|-damage|p1a: Archaludon|0 fnt\n|faint|p1a: Archaludon\n|move|p2b: Milotic|Scald|p1b: Incineroar\n|-supereffective|p1b: Incineroar|1\n|-damage|p1b: Incineroar|42/100\n|move|p1b: Incineroar|Parting Shot|p2b: Milotic\n|-unboost|p2b: Milotic|atk|1\n|-ability|p2b: Milotic|Competitive|boost\n|-boost|p2b: Milotic|spa|2\n|-unboost|p2b: Milotic|spa|1\n|-ability|p2b: Milotic|Competitive|boost\n|-boost|p2b: Milotic|spa|2\n|\n|t:|1776355138\n|switch|p1b: Pelipper|Pelipper, L50, M|100/100|[from] Parting Shot\n|-weather|RainDance|[from] ability: Drizzle|[of] p1b: Pelipper\n|\n|-weather|RainDance|[upkeep]\n|upkeep\n|\n|t:|1776355145\n|switch|p1a: Basculegion|Basculegion, L50, M|100/100\n|turn|7\n|inactive|yamzinyobooty has 30 seconds left.\n|\n|t:|1776355181\n|move|p2a: Charizard|Protect|p2a: Charizard\n|-singleturn|p2a: Charizard|Protect\n|move|p1a: Basculegion|Wave Crash|p2a: Charizard\n|-activate|p2a: Charizard|move: Protect\n|move|p1b: Pelipper|Hurricane|p2b: Milotic\n|-damage|p2b: Milotic|65/100\n|-start|p2b: Milotic|confusion\n|-activate|p2b: Milotic|confusion\n|move|p2b: Milotic|Ice Beam|p1b: Pelipper\n|-damage|p1b: Pelipper|9/100\n|\n|-weather|RainDance|[upkeep]\n|-heal|p1b: Pelipper|14/100|[from] item: Leftovers\n|-heal|p2b: Milotic|71/100|[from] item: Leftovers\n|upkeep\n|turn|8\n|inactive|yamzinyobooty has 30 seconds left.\n|\n|t:|1776355208\n|switch|p2a: Venusaur|Venusaur, L50, F|100/100\n|move|p1b: Pelipper|Protect|p1b: Pelipper\n|-singleturn|p1b: Pelipper|Protect\n|move|p1a: Basculegion|Wave Crash|p2a: Venusaur\n|-resisted|p2a: Venusaur|1\n|-damage|p2a: Venusaur|25/100\n|-damage|p1a: Basculegion|80/100|[from] Recoil\n|-activate|p2b: Milotic|confusion\n|move|p2b: Milotic|Scald|p1a: Basculegion\n|-resisted|p1a: Basculegion|1\n|-damage|p1a: Basculegion|16/100\n|-status|p1a: Basculegion|brn\n|\n|-weather|RainDance|[upkeep]\n|-heal|p1b: Pelipper|20/100|[from] item: Leftovers\n|-heal|p2b: Milotic|77/100|[from] item: Leftovers\n|-damage|p1a: Basculegion|10/100 brn|[from] brn\n|upkeep\n|turn|9\n|\n|t:|1776355234\n|move|p2a: Venusaur|Protect|p2a: Venusaur\n|-singleturn|p2a: Venusaur|Protect\n|move|p1a: Basculegion|Wave Crash|p2b: Milotic\n|-resisted|p2b: Milotic|1\n|-crit|p2b: Milotic\n|-damage|p2b: Milotic|46/100\n|-damage|p1a: Basculegion|0 fnt|[from] Recoil\n|faint|p1a: Basculegion\n|move|p1b: Pelipper|Hurricane|p2a: Venusaur\n|-activate|p2a: Venusaur|move: Protect\n|-end|p2b: Milotic|confusion\n|move|p2b: Milotic|Ice Beam|p1b: Pelipper\n|-damage|p1b: Pelipper|0 fnt\n|faint|p1b: Pelipper\n|\n|-weather|RainDance|[upkeep]\n|-heal|p2b: Milotic|51/100|[from] item: Leftovers\n|upkeep\n|\n|t:|1776355259\n|switch|p1b: Incineroar|Incineroar, L50, M|42/100\n|-ability|p1b: Incineroar|Intimidate|boost\n|-unboost|p2a: Venusaur|atk|1\n|-unboost|p2b: Milotic|atk|1\n|-ability|p2b: Milotic|Competitive|boost\n|-boost|p2b: Milotic|spa|2\n|turn|10\n|\n|t:|1776355267\n|move|p2a: Venusaur|Sleep Powder|p1b: Incineroar\n|-status|p1b: Incineroar|slp|[from] move: Sleep Powder\n|move|p2b: Milotic|Life Dew|p2b: Milotic|[spread] p2a,p2b\n|-heal|p2a: Venusaur|50/100\n|-heal|p2b: Milotic|77/100\n|cant|p1b: Incineroar|slp\n|\n|-weather|none\n|-heal|p2b: Milotic|83/100|[from] item: Leftovers\n|upkeep\n|turn|11\n|inactive|prJuanma has 30 seconds left.\n|inactive|prJuanma has 20 seconds left.\n|inactive|prJuanma has 15 seconds left.\n|inactive|prJuanma has 10 seconds left.\n|inactive|prJuanma has 5 seconds left.\n|\n|t:|1776355322\n|-curestatus|p1b: Incineroar|slp|[msg]\n|move|p1b: Incineroar|Fake Out||[still]\n|-hint|Fake Out only works on your first turn out.\n|-fail|p1b: Incineroar\n|move|p2a: Venusaur|Sleep Powder|p1b: Incineroar\n|-status|p1b: Incineroar|slp|[from] move: Sleep Powder\n|move|p2b: Milotic|Life Dew|p2b: Milotic|[spread] p2a,p2b\n|-heal|p2a: Venusaur|75/100\n|-heal|p2b: Milotic|100/100\n|\n|upkeep\n|turn|12\n|c|\u2606yamzinyobooty|ggs\n|inactive|prJuanma has 30 seconds left.\n|inactive|prJuanma has 20 seconds left.\n|inactive|prJuanma has 15 seconds left.\n|inactive|prJuanma has 10 seconds left.\n|inactive|prJuanma has 5 seconds left.\n|\n|t:|1776355377\n|move|p2a: Venusaur|Sleep Powder|p1b: Incineroar|[miss]\n|-miss|p2a: Venusaur|p1b: Incineroar\n|move|p2b: Milotic|Life Dew||[still]|[spread] p2a,p2b\n|-heal|p2a: Venusaur|100/100\n|-fail|p2b: Milotic|heal\n|cant|p1b: Incineroar|slp\n|\n|upkeep\n|turn|13\n|inactive|prJuanma has 30 seconds left.\n|inactive|prJuanma has 20 seconds left.\n|inactive|prJuanma has 15 seconds left.\n|inactive|prJuanma has 10 seconds left.\n|inactive|prJuanma has 5 seconds left.\n|\n|t:|1776355432\n|switch|p2a: Charizard|Charizard-Mega-Y, L50, M|63/100\n|-weather|SunnyDay|[from] ability: Drought|[of] p2a: Charizard\n|move|p2b: Milotic|Life Dew||[still]|[spread] p2a,p2b\n|-heal|p2a: Charizard|88/100\n|-fail|p2b: Milotic|heal\n|cant|p1b: Incineroar|slp\n|\n|-weather|SunnyDay|[upkeep]\n|upkeep\n|turn|14\n|inactive|prJuanma has 30 seconds left this turn.\n|inactive|prJuanma has 20 seconds left.\n|inactive|prJuanma has 15 seconds left.\n|inactive|prJuanma has 10 seconds left.\n|inactive|prJuanma has 5 seconds left.\n|-message|prJuanma lost due to inactivity.\n|\n|win|yamzinyobooty\n|raw|prJuanma's rating: 1013 &rarr; <strong>1002</strong><br />(-11 for losing)\n|raw|yamzinyobooty's rating: 1055 &rarr; <strong>1083</strong><br />(+28 for winning)\n",
  "uploadtime": 1776355463,
  "views": 17,
  "formatid": "gen9championsvgc2026regma",
  "rating": 1002,
  "private": 0,
  "password": null
}