{
  "id": "gen9championsvgc2026regma-2584159199",
  "format": "[Gen 9 Champions] VGC 2026 Reg M-A",
  "players": [
    "Maatiiiii",
    "TehPinguen"
  ],
  "log": "|j|\u2606Maatiiiii\n|j|\u2606TehPinguen\n|t:|1776232247\n|gametype|doubles\n|player|p1|Maatiiiii|firebreather|1227\n|player|p2|TehPinguen|lady|1151\n|gen|9\n|tier|[Gen 9 Champions] VGC 2026 Reg M-A\n|rated|\n|rule|Species Clause: Limit one of each Pok\u00e9mon\n|rule|Item Clause: Limit 1 of each item\n|clearpoke\n|poke|p1|Froslass, L50, F|\n|poke|p1|Garchomp, L50, M|\n|poke|p1|Kingambit, L50, M|\n|poke|p1|Sneasler, L50, F|\n|poke|p1|Rotom-Wash, L50|\n|poke|p1|Aerodactyl, L50, M|\n|poke|p2|Froslass, L50, F|\n|poke|p2|Ninetales-Alola, L50, F|\n|poke|p2|Conkeldurr, L50, F|\n|poke|p2|Clefable, L50, F|\n|poke|p2|Basculegion, L50, M|\n|poke|p2|Incineroar, L50, F|\n|teampreview|4\n|l|\u2606TehPinguen\n|player|p2|\n|inactive|Battle timer is ON: inactive players will automatically lose when time's up. (requested by Maatiiiii)\n|j|\u2606TehPinguen\n|inactive|TehPinguen reconnected and has 75 seconds left.\n|player|p2|TehPinguen|lady|\n|inactive|TehPinguen has 60 seconds left.\n|\n|t:|1776232304\n|teamsize|p1|4\n|teamsize|p2|4\n|start\n|switch|p1a: Rotom|Rotom-Wash, L50|100/100\n|switch|p1b: Froslass|Froslass, L50, F|100/100\n|switch|p2a: Ninetales|Ninetales-Alola, L50, F|100/100\n|switch|p2b: Basculegion|Basculegion, L50, M|100/100\n|-weather|Snowscape|[from] ability: Snow Warning|[of] p2a: Ninetales\n|turn|1\n|inactive|Maatiiiii has 30 seconds left.\n|inactive|Maatiiiii has 20 seconds left.\n|inactive|Maatiiiii has 15 seconds left.\n|inactive|Maatiiiii has 10 seconds left.\n|\n|t:|1776232349\n|detailschange|p1b: Froslass|Froslass-Mega, L50, F\n|-mega|p1b: Froslass|Froslass|Froslassite\n|move|p1a: Rotom|Electroweb|p2b: Basculegion|[spread] p2a,p2b\n|-supereffective|p2b: Basculegion|1\n|-damage|p2a: Ninetales|76/100\n|-damage|p2b: Basculegion|57/100\n|-unboost|p2a: Ninetales|spe|1\n|-unboost|p2b: Basculegion|spe|1\n|move|p1b: Froslass|Shadow Ball|p2b: Basculegion\n|-supereffective|p2b: Basculegion|1\n|-damage|p2b: Basculegion|0 fnt\n|faint|p2b: Basculegion\n|move|p2a: Ninetales|Aurora Veil|p2a: Ninetales\n|-sidestart|p2: TehPinguen|move: Aurora Veil\n|\n|-weather|Snowscape|[upkeep]\n|upkeep\n|\n|t:|1776232369\n|switch|p2b: Froslass|Froslass, L50, F|100/100\n|turn|2\n|\n|t:|1776232388\n|detailschange|p2b: Froslass|Froslass-Mega, L50, F\n|-mega|p2b: Froslass|Froslass|Froslassite\n|move|p1a: Rotom|Electroweb|p2b: Froslass|[spread] p2a,p2b\n|-damage|p2a: Ninetales|58/100\n|-damage|p2b: Froslass|83/100\n|-unboost|p2a: Ninetales|spe|1\n|-unboost|p2b: Froslass|spe|1\n|move|p1b: Froslass|Aurora Veil|p1b: Froslass\n|-sidestart|p1: Maatiiiii|move: Aurora Veil\n|move|p2b: Froslass|Shadow Ball|p1b: Froslass\n|-supereffective|p1b: Froslass|1\n|-damage|p1b: Froslass|24/100\n|-unboost|p1b: Froslass|spd|1\n|move|p2a: Ninetales|Moonblast|p1a: Rotom\n|-damage|p1a: Rotom|64/100\n|-unboost|p1a: Rotom|spa|1\n|\n|-weather|Snowscape|[upkeep]\n|upkeep\n|turn|3\n|inactive|Maatiiiii has 30 seconds left.\n|inactive|TehPinguen has 30 seconds left.\n|inactive|Maatiiiii has 20 seconds left.\n|inactive|Maatiiiii has 15 seconds left.\n|inactive|Maatiiiii has 10 seconds left.\n|\n|t:|1776232436\n|switch|p2b: Conkeldurr|Conkeldurr, L50, F|100/100\n|move|p1a: Rotom|Electroweb|p2b: Conkeldurr|[spread] p2a,p2b\n|-damage|p2a: Ninetales|47/100\n|-damage|p2b: Conkeldurr|93/100\n|-unboost|p2a: Ninetales|spe|1\n|-unboost|p2b: Conkeldurr|spe|1\n|move|p1b: Froslass|Shadow Ball|p2a: Ninetales\n|-damage|p2a: Ninetales|13/100\n|-unboost|p2a: Ninetales|spd|1\n|move|p2a: Ninetales|Moonblast|p1b: Froslass\n|-damage|p1b: Froslass|0 fnt\n|faint|p1b: Froslass\n|\n|-weather|Snowscape|[upkeep]\n|upkeep\n|\n|t:|1776232457\n|switch|p1b: Sneasler|Sneasler, L50, F|100/100\n|turn|4\n|inactive|Maatiiiii has 30 seconds left.\n|inactive|Maatiiiii has 20 seconds left.\n|inactive|Maatiiiii has 15 seconds left.\n|inactive|Maatiiiii has 10 seconds left.\n|inactive|Maatiiiii has 5 seconds left.\n|\n|t:|1776232508\n|move|p1a: Rotom|Electroweb|p2a: Ninetales|[spread] p2a,p2b\n|-damage|p2a: Ninetales|0 fnt\n|-damage|p2b: Conkeldurr|85/100\n|-unboost|p2b: Conkeldurr|spe|1\n|faint|p2a: Ninetales\n|move|p1b: Sneasler|Close Combat|p2b: Conkeldurr\n|-damage|p2b: Conkeldurr|42/100\n|-unboost|p1b: Sneasler|def|1\n|-unboost|p1b: Sneasler|spd|1\n|-enditem|p1b: Sneasler|White Herb\n|-clearnegativeboost|p1b: Sneasler|[silent]\n|move|p2b: Conkeldurr|Drain Punch|p1a: Rotom\n|-damage|p1a: Rotom|17/100\n|-heal|p2b: Conkeldurr|56/100|[from] drain|[of] p1a: Rotom\n|\n|-weather|Snowscape|[upkeep]\n|upkeep\n|\n|t:|1776232525\n|switch|p2a: Froslass|Froslass-Mega, L50, F|83/100\n|turn|5\n|inactive|TehPinguen has 30 seconds left.\n|\n|t:|1776232552\n|move|p2b: Conkeldurr|Mach Punch|p1a: Rotom\n|-damage|p1a: Rotom|0 fnt\n|faint|p1a: Rotom\n|move|p1b: Sneasler|Close Combat|p2b: Conkeldurr\n|-damage|p2b: Conkeldurr|18/100\n|-unboost|p1b: Sneasler|def|1\n|-unboost|p1b: Sneasler|spd|1\n|move|p2a: Froslass|Blizzard|p1b: Sneasler\n|-damage|p1b: Sneasler|20/100\n|\n|-weather|none\n|-sideend|p2: TehPinguen|move: Aurora Veil\n|upkeep\n|\n|t:|1776232563\n|switch|p1a: Kingambit|Kingambit, L50, M|100/100\n|turn|6\n|inactive|Maatiiiii has 30 seconds left.\n|inactive|Maatiiiii has 20 seconds left.\n|inactive|Maatiiiii has 15 seconds left.\n|\n|t:|1776232604\n|move|p2a: Froslass|Protect|p2a: Froslass\n|-singleturn|p2a: Froslass|Protect\n|move|p2b: Conkeldurr|Mach Punch|p1a: Kingambit\n|-supereffective|p1a: Kingambit|2\n|-damage|p1a: Kingambit|26/100\n|move|p1b: Sneasler|Close Combat|p2b: Conkeldurr\n|-damage|p2b: Conkeldurr|0 fnt\n|-unboost|p1b: Sneasler|def|1\n|-unboost|p1b: Sneasler|spd|1\n|faint|p2b: Conkeldurr\n|move|p1a: Kingambit|Kowtow Cleave|p2a: Froslass\n|-activate|p2a: Froslass|move: Protect\n|\n|-sideend|p1: Maatiiiii|move: Aurora Veil\n|upkeep\n|turn|7\n|\n|t:|1776232622\n|move|p1a: Kingambit|Sucker Punch|p2a: Froslass\n|-supereffective|p2a: Froslass|1\n|-damage|p2a: Froslass|0 fnt\n|faint|p2a: Froslass\n|\n|win|Maatiiiii\n|raw|Maatiiiii's rating: 1227 &rarr; <strong>1247</strong><br />(+20 for winning)\n|raw|TehPinguen's rating: 1151 &rarr; <strong>1131</strong><br />(-20 for losing)\n|l|\u2606Maatiiiii\n|player|p1|\n",
  "uploadtime": 1776232628,
  "views": 21,
  "formatid": "gen9championsvgc2026regma",
  "rating": 1131,
  "private": 0,
  "password": null
}