{
  "id": "gen9championsvgc2026regma-2582048152",
  "format": "[Gen 9 Champions] VGC 2026 Reg M-A",
  "players": [
    "LookItUpVGC",
    "plyingfress"
  ],
  "log": "|j|\u2606LookItUpVGC\n|j|\u2606plyingfress\n|t:|1776051781\n|gametype|doubles\n|player|p1|LookItUpVGC|falkner|1170\n|player|p2|plyingfress|169|1268\n|gen|9\n|tier|[Gen 9 Champions] VGC 2026 Reg M-A\n|rated|\n|rule|Species Clause: Limit one of each Pok\u00e9mon\n|rule|Item Clause: Limit 1 of each item\n|clearpoke\n|poke|p1|Sneasler, L50, F|\n|poke|p1|Snorlax, L50, F|\n|poke|p1|Gyarados, L50, M|\n|poke|p1|Sinistcha, L50|\n|poke|p1|Sylveon, L50, F|\n|poke|p1|Corviknight, L50, F|\n|poke|p2|Floette-Eternal, L50, F|\n|poke|p2|Garchomp, L50, M|\n|poke|p2|Aerodactyl, L50, F|\n|poke|p2|Incineroar, L50, M|\n|poke|p2|Sinistcha, L50|\n|poke|p2|Rotom-Wash, L50|\n|teampreview|4\n|inactive|Battle timer is ON: inactive players will automatically lose when time's up. (requested by LookItUpVGC)\n|inactive|plyingfress has 60 seconds left.\n|\n|t:|1776051831\n|teamsize|p1|4\n|teamsize|p2|4\n|start\n|switch|p1a: Corviknight|Corviknight, L50, F|100/100\n|switch|p1b: Sneasler|Sneasler, L50, F|100/100\n|switch|p2a: Incineroar|Incineroar, L50, M|100/100\n|switch|p2b: Rotom|Rotom-Wash, L50|100/100\n|-ability|p2a: Incineroar|Intimidate|boost\n|-ability|p1a: Corviknight|Mirror Armor\n|-unboost|p2a: Incineroar|atk|1\n|-unboost|p1b: Sneasler|atk|1\n|turn|1\n|inactive|LookItUpVGC has 30 seconds left.\n|\n|t:|1776051857\n|switch|p1a: Sylveon|Sylveon, L50, F|100/100\n|move|p1b: Sneasler|Fake Out|p2a: Incineroar\n|-damage|p2a: Incineroar|92/100\n|move|p2b: Rotom|Will-O-Wisp|p1a: Sylveon\n|-status|p1a: Sylveon|brn\n|cant|p2a: Incineroar|flinch\n|\n|-damage|p1a: Sylveon|95/100 brn|[from] brn\n|upkeep\n|turn|2\n|inactive|LookItUpVGC has 30 seconds left.\n|inactive|plyingfress has 30 seconds left.\n|\n|t:|1776051888\n|move|p1b: Sneasler|Close Combat|p2a: Incineroar\n|-supereffective|p2a: Incineroar|1\n|-enditem|p2a: Incineroar|Chople Berry|[eat]\n|-enditem|p2a: Incineroar|Chople Berry|[weaken]\n|-damage|p2a: Incineroar|54/100\n|-unboost|p1b: Sneasler|def|1\n|-unboost|p1b: Sneasler|spd|1\n|move|p2b: Rotom|Will-O-Wisp|p1b: Sneasler\n|-status|p1b: Sneasler|brn\n|move|p1a: Sylveon|Calm Mind|p1a: Sylveon\n|-boost|p1a: Sylveon|spa|1\n|-boost|p1a: Sylveon|spd|1\n|move|p2a: Incineroar|Parting Shot|p1a: Sylveon\n|-unboost|p1a: Sylveon|atk|1\n|-unboost|p1a: Sylveon|spa|1\n|\n|t:|1776051901\n|switch|p2a: Aerodactyl|Aerodactyl, L50, F|100/100|[from] Parting Shot\n|-ability|p2a: Aerodactyl|Unnerve\n|\n|-damage|p1b: Sneasler|95/100 brn|[from] brn\n|-damage|p1a: Sylveon|89/100 brn|[from] brn\n|upkeep\n|turn|3\n|\n|t:|1776051926\n|move|p2a: Aerodactyl|Rock Slide|p1a: Sylveon|[spread] p1a,p1b\n|-resisted|p1b: Sneasler|1\n|-damage|p1a: Sylveon|62/100 brn\n|-damage|p1b: Sneasler|60/100 brn\n|cant|p1b: Sneasler|flinch\n|move|p2b: Rotom|Thunderbolt|p1b: Sneasler\n|-damage|p1b: Sneasler|0 fnt\n|faint|p1b: Sneasler\n|cant|p1a: Sylveon|flinch\n|\n|-damage|p1a: Sylveon|56/100 brn|[from] brn\n|upkeep\n|\n|t:|1776051935\n|switch|p1b: Sinistcha|Sinistcha, L50|100/100\n|-heal|p1a: Sylveon|81/100 brn|[from] ability: Hospitality|[of] p1b: Sinistcha\n|turn|4\n|\n|t:|1776051948\n|switch|p2b: Incineroar|Incineroar, L50, M|54/100\n|-ability|p2b: Incineroar|Intimidate|boost\n|-unboost|p1a: Sylveon|atk|1\n|-unboost|p1b: Sinistcha|atk|1\n|move|p2a: Aerodactyl|Dual Wingbeat|p1b: Sinistcha\n|-supereffective|p1b: Sinistcha|1\n|-damage|p1b: Sinistcha|63/100\n|-supereffective|p1b: Sinistcha|1\n|-damage|p1b: Sinistcha|29/100\n|-hitcount|p1b: Sinistcha|2\n|move|p1a: Sylveon|Calm Mind|p1a: Sylveon\n|-boost|p1a: Sylveon|spa|1\n|-boost|p1a: Sylveon|spd|1\n|move|p1b: Sinistcha|Trick Room|p1b: Sinistcha\n|-fieldstart|move: Trick Room|[of] p1b: Sinistcha\n|\n|-damage|p1a: Sylveon|75/100 brn|[from] brn\n|upkeep\n|turn|5\n|\n|t:|1776051961\n|move|p2b: Incineroar|Fake Out|p1a: Sylveon\n|-damage|p1a: Sylveon|63/100 brn\n|cant|p1a: Sylveon|flinch\n|move|p1b: Sinistcha|Strength Sap|p2a: Aerodactyl\n|-unboost|p2a: Aerodactyl|atk|1\n|-heal|p1b: Sinistcha|100/100\n|move|p2a: Aerodactyl|Dual Wingbeat|p1b: Sinistcha\n|-supereffective|p1b: Sinistcha|1\n|-damage|p1b: Sinistcha|76/100\n|-supereffective|p1b: Sinistcha|1\n|-crit|p1b: Sinistcha\n|-damage|p1b: Sinistcha|27/100\n|-hitcount|p1b: Sinistcha|2\n|\n|-damage|p1a: Sylveon|57/100 brn|[from] brn\n|upkeep\n|turn|6\n|\n|t:|1776051976\n|move|p2a: Aerodactyl|Protect|p2a: Aerodactyl\n|-singleturn|p2a: Aerodactyl|Protect\n|move|p2b: Incineroar|Darkest Lariat|p1b: Sinistcha\n|-supereffective|p1b: Sinistcha|1\n|-damage|p1b: Sinistcha|0 fnt\n|faint|p1b: Sinistcha\n|move|p1a: Sylveon|Hyper Voice|p2b: Incineroar|[spread] p2b\n|-activate|p2a: Aerodactyl|move: Protect\n|-damage|p2b: Incineroar|12/100\n|\n|-damage|p1a: Sylveon|51/100 brn|[from] brn\n|upkeep\n|\n|t:|1776051981\n|switch|p1b: Corviknight|Corviknight, L50, F|100/100\n|turn|7\n|\n|t:|1776051989\n|switch|p2a: Rotom|Rotom-Wash, L50|100/100\n|move|p2b: Incineroar|Parting Shot|p1a: Sylveon\n|-unboost|p1a: Sylveon|atk|1\n|-unboost|p1a: Sylveon|spa|1\n|\n|t:|1776051998\n|switch|p2b: Floette|Floette-Eternal, L50, F|100/100|[from] Parting Shot\n|move|p1a: Sylveon|Hyper Voice|p2a: Rotom|[spread] p2a,p2b\n|-damage|p2a: Rotom|65/100\n|-damage|p2b: Floette|68/100\n|move|p1b: Corviknight|Iron Head|p2a: Rotom\n|-resisted|p2a: Rotom|2\n|-damage|p2a: Rotom|59/100\n|\n|-heal|p2a: Rotom|65/100|[from] item: Leftovers\n|-damage|p1a: Sylveon|45/100 brn|[from] brn\n|upkeep\n|turn|8\n|inactive|LookItUpVGC has 30 seconds left.\n|inactive|LookItUpVGC has 20 seconds left.\n|inactive|LookItUpVGC has 15 seconds left.\n|\n|t:|1776052042\n|move|p2b: Floette|Protect|p2b: Floette\n|-singleturn|p2b: Floette|Protect\n|move|p1a: Sylveon|Calm Mind|p1a: Sylveon\n|-boost|p1a: Sylveon|spa|1\n|-boost|p1a: Sylveon|spd|1\n|move|p1b: Corviknight|Tailwind|p1b: Corviknight\n|-sidestart|p1: LookItUpVGC|move: Tailwind\n|move|p2a: Rotom|Thunderbolt|p1b: Corviknight\n|-supereffective|p1b: Corviknight|1\n|-damage|p1b: Corviknight|20/100\n|-enditem|p1b: Corviknight|Sitrus Berry|[eat]\n|-heal|p1b: Corviknight|45/100|[from] item: Sitrus Berry\n|\n|-heal|p2a: Rotom|71/100|[from] item: Leftovers\n|-damage|p1a: Sylveon|39/100 brn|[from] brn\n|-fieldend|move: Trick Room\n|upkeep\n|turn|9\n|\n|t:|1776052059\n|switch|p2b: Incineroar|Incineroar, L50, M|12/100\n|-ability|p2b: Incineroar|Intimidate|boost\n|-unboost|p1a: Sylveon|atk|1\n|-ability|p1b: Corviknight|Mirror Armor\n|-unboost|p2b: Incineroar|atk|1\n|move|p1b: Corviknight|Iron Head|p2b: Incineroar\n|-resisted|p2b: Incineroar|1\n|-damage|p2b: Incineroar|0 fnt\n|faint|p2b: Incineroar\n|move|p1a: Sylveon|Hyper Voice|p2a: Rotom\n|-damage|p2a: Rotom|0 fnt\n|faint|p2a: Rotom\n|\n|-damage|p1a: Sylveon|33/100 brn|[from] brn\n|upkeep\n|\n|t:|1776052066\n|switch|p2a: Floette|Floette-Eternal, L50, F|68/100\n|switch|p2b: Aerodactyl|Aerodactyl, L50, F|100/100\n|-ability|p2b: Aerodactyl|Unnerve\n|turn|10\n|inactive|plyingfress has 30 seconds left.\n|\n|t:|1776052092\n|detailschange|p2a: Floette|Floette-Mega, L50, F\n|-mega|p2a: Floette|Floette|Floettite\n|-ability|p2a: Floette|Fairy Aura\n|move|p1b: Corviknight|Iron Head|p2b: Aerodactyl\n|-supereffective|p2b: Aerodactyl|1\n|-enditem|p2b: Aerodactyl|Focus Sash\n|-damage|p2b: Aerodactyl|1/100\n|cant|p2b: Aerodactyl|flinch\n|move|p2a: Floette|Moonblast|p1a: Sylveon\n|-damage|p1a: Sylveon|9/100 brn\n|move|p1a: Sylveon|Hyper Voice|p2a: Floette|[spread] p2a,p2b\n|-crit|p2b: Aerodactyl\n|-damage|p2a: Floette|4/100\n|-damage|p2b: Aerodactyl|0 fnt\n|faint|p2b: Aerodactyl\n|\n|-damage|p1a: Sylveon|3/100 brn|[from] brn\n|upkeep\n|turn|11\n|\n|t:|1776052107\n|move|p2a: Floette|Protect|p2a: Floette\n|-singleturn|p2a: Floette|Protect\n|move|p1b: Corviknight|Iron Head|p2a: Floette\n|-activate|p2a: Floette|move: Protect\n|move|p1a: Sylveon|Hyper Voice|p2a: Floette\n|-activate|p2a: Floette|move: Protect\n|\n|-damage|p1a: Sylveon|0 fnt|[from] brn\n|faint|p1a: Sylveon\n|-sideend|p1: LookItUpVGC|move: Tailwind\n|upkeep\n|turn|12\n|\n|t:|1776052113\n|move|p2a: Floette|Moonblast|p1b: Corviknight\n|-resisted|p1b: Corviknight|1\n|-damage|p1b: Corviknight|10/100\n|move|p1b: Corviknight|Iron Head|p2a: Floette\n|-supereffective|p2a: Floette|1\n|-crit|p2a: Floette\n|-damage|p2a: Floette|0 fnt\n|faint|p2a: Floette\n|\n|win|LookItUpVGC\n|raw|LookItUpVGC's rating: 1170 &rarr; <strong>1202</strong><br />(+32 for winning)\n|raw|plyingfress's rating: 1268 &rarr; <strong>1236</strong><br />(-32 for losing)\n|l|\u2606plyingfress\n|player|p2|\n",
  "uploadtime": 1776052142,
  "views": 15,
  "formatid": "gen9championsvgc2026regma",
  "rating": 1202,
  "private": 0,
  "password": null
}