{
  "id": "gen9championsvgc2026regma-2589593377",
  "format": "[Gen 9 Champions] VGC 2026 Reg M-A",
  "players": [
    "immatwork",
    "liiiiiiiiiiiiiii"
  ],
  "log": "|init|battle\n|title|immatwork vs. liiiiiiiiiiiiiii\n|j|\u2606immatwork\n|j|\u2606liiiiiiiiiiiiiii\n|t:|1776737282\n|gametype|doubles\n|player|p1|immatwork|170|1139\n|player|p2|liiiiiiiiiiiiiii|lusamine-nihilego|1077\n|gen|9\n|tier|[Gen 9 Champions] VGC 2026 Reg M-A\n|rated|\n|rule|Species Clause: Limit one of each Pok\u00e9mon\n|rule|Item Clause: Limit 1 of each item\n|clearpoke\n|poke|p1|Dragonite, L50, M|\n|poke|p1|Palafin, L50, F|\n|poke|p1|Basculegion, L50, M|\n|poke|p1|Raichu, L50, M|\n|poke|p1|Scizor, L50, F|\n|poke|p1|Politoed, L50, M|\n|poke|p2|Starmie, L50|\n|poke|p2|Kommo-o, L50, M|\n|poke|p2|Tinkaton, L50, F|\n|poke|p2|Sneasler, L50, M|\n|poke|p2|Pelipper, L50, F|\n|poke|p2|Basculegion, L50, M|\n|teampreview|4\n|inactive|Battle timer is ON: inactive players will automatically lose when time's up. (requested by liiiiiiiiiiiiiii)\n|\n|t:|1776737318\n|teamsize|p1|4\n|teamsize|p2|4\n|start\n|switch|p1a: Dragonite|Dragonite, L50, M|100/100\n|switch|p1b: Palafin|Palafin, L50, F|100/100\n|switch|p2a: Starmie|Starmie, L50|100/100\n|switch|p2b: Pelipper|Pelipper, L50, F|100/100\n|-weather|RainDance|[from] ability: Drizzle|[of] p2b: Pelipper\n|turn|1\n|inactive|liiiiiiiiiiiiiii has 30 seconds left.\n|\n|t:|1776737350\n|detailschange|p1b: Palafin|Palafin-Hero, L50, F\n|switch|p1b: Raichu|Raichu, L50, M|100/100\n|detailschange|p2a: Starmie|Starmie-Mega, L50\n|-mega|p2a: Starmie|Starmie|Starminite\n|detailschange|p1a: Dragonite|Dragonite-Mega, L50, M\n|-mega|p1a: Dragonite|Dragonite|Dragoninite\n|move|p2a: Starmie|Ice Spinner|p1a: Dragonite\n|-supereffective|p1a: Dragonite|2\n|-damage|p1a: Dragonite|12/100\n|move|p1a: Dragonite|Hurricane|p2a: Starmie\n|-damage|p2a: Starmie|26/100\n|move|p2b: Pelipper|Tailwind|p2b: Pelipper\n|-sidestart|p2: liiiiiiiiiiiiiii|move: Tailwind\n|\n|-weather|RainDance|[upkeep]\n|upkeep\n|turn|2\n|\n|t:|1776737364\n|move|p2a: Starmie|Protect|p2a: Starmie\n|-singleturn|p2a: Starmie|Protect\n|move|p1a: Dragonite|Protect|p1a: Dragonite\n|-singleturn|p1a: Dragonite|Protect\n|move|p1b: Raichu|Thunder|p2b: Pelipper\n|-supereffective|p2b: Pelipper|2\n|-enditem|p2b: Pelipper|Wacan Berry|[eat]\n|-enditem|p2b: Pelipper|Wacan Berry|[weaken]\n|-damage|p2b: Pelipper|0 fnt\n|faint|p2b: Pelipper\n|\n|-weather|RainDance|[upkeep]\n|upkeep\n|\n|t:|1776737376\n|switch|p2b: Basculegion|Basculegion, L50, M|100/100\n|turn|3\n|\n|t:|1776737386\n|switch|p1a: Palafin|Palafin-Hero, L50, F|100/100\n|-activate|p1a: Palafin|ability: Zero to Hero\n|move|p2b: Basculegion|Flip Turn|p1a: Palafin\n|-resisted|p1a: Palafin|1\n|-damage|p1a: Palafin|72/100\n|\n|t:|1776737392\n|switch|p2b: Kommo-o|Kommo-o, L50, M|100/100|[from] Flip Turn\n|move|p2a: Starmie|Flip Turn|p1b: Raichu\n|-enditem|p1b: Raichu|Focus Sash\n|-damage|p1b: Raichu|1/100\n|\n|t:|1776737394\n|switch|p2a: Basculegion|Basculegion, L50, M|100/100|[from] Flip Turn\n|move|p1b: Raichu|Thunder|p2b: Kommo-o\n|-resisted|p2b: Kommo-o|1\n|-damage|p2b: Kommo-o|72/100\n|\n|-weather|RainDance|[upkeep]\n|upkeep\n|turn|4\n|inactive|immatwork has 30 seconds left.\n|\n|t:|1776737420\n|switch|p1b: Basculegion|Basculegion, L50, M|100/100\n|move|p1a: Palafin|Protect|p1a: Palafin\n|-singleturn|p1a: Palafin|Protect\n|move|p2a: Basculegion|Flip Turn|p1b: Basculegion\n|-resisted|p1b: Basculegion|1\n|-damage|p1b: Basculegion|67/100\n|\n|t:|1776737423\n|switch|p2a: Starmie|Starmie-Mega, L50|26/100|[from] Flip Turn\n|move|p2b: Kommo-o|Clangorous Soul|p2b: Kommo-o\n|-boost|p2b: Kommo-o|atk|1\n|-boost|p2b: Kommo-o|def|1\n|-boost|p2b: Kommo-o|spa|1\n|-boost|p2b: Kommo-o|spd|1\n|-boost|p2b: Kommo-o|spe|1\n|-damage|p2b: Kommo-o|39/100\n|\n|-weather|RainDance|[upkeep]\n|-sideend|p2: liiiiiiiiiiiiiii|move: Tailwind\n|upkeep\n|turn|5\n|inactive|immatwork has 30 seconds left.\n|\n|t:|1776737449\n|move|p1a: Palafin|Jet Punch|p2a: Starmie\n|-resisted|p2a: Starmie|1\n|-crit|p2a: Starmie\n|-damage|p2a: Starmie|0 fnt\n|faint|p2a: Starmie\n|move|p1b: Basculegion|Last Respects|p2b: Kommo-o\n|-crit|p2b: Kommo-o\n|-damage|p2b: Kommo-o|0 fnt\n|faint|p2b: Kommo-o\n|\n|-weather|none\n|upkeep\n|\n|t:|1776737453\n|switch|p2a: Basculegion|Basculegion, L50, M|100/100\n|turn|6\n|\n|t:|1776737462\n|move|p1a: Palafin|Jet Punch|p2a: Basculegion\n|-resisted|p2a: Basculegion|1\n|-damage|p2a: Basculegion|70/100\n|move|p1b: Basculegion|Last Respects|p2a: Basculegion\n|-supereffective|p2a: Basculegion|1\n|-damage|p2a: Basculegion|0 fnt\n|faint|p2a: Basculegion\n|\n|win|immatwork",
  "uploadtime": 1776737462,
  "rating": 1139,
  "source": "spectated"
}