{
  "id": "gen9championsvgc2026regma-2584570679",
  "format": "[Gen 9 Champions] VGC 2026 Reg M-A",
  "players": [
    "piedidiconkeldurr",
    "seabear2112"
  ],
  "log": "|j|\u2606piedidiconkeldurr\n|j|\u2606seabear2112\n|t:|1776269457\n|gametype|doubles\n|player|p1|piedidiconkeldurr|266|1233\n|player|p2|seabear2112|guitarist|1330\n|gen|9\n|tier|[Gen 9 Champions] VGC 2026 Reg M-A\n|rated|\n|rule|Species Clause: Limit one of each Pok\u00e9mon\n|rule|Item Clause: Limit 1 of each item\n|clearpoke\n|poke|p1|Corviknight, L50, F|\n|poke|p1|Tyranitar, L50, F|\n|poke|p1|Incineroar, L50, M|\n|poke|p1|Rotom-Wash, L50|\n|poke|p1|Garchomp, L50, M|\n|poke|p1|Sinistcha, L50|\n|poke|p2|Glimmora, L50, M|\n|poke|p2|Incineroar, L50, M|\n|poke|p2|Rotom-Wash, L50|\n|poke|p2|Garchomp, L50, M|\n|poke|p2|Primarina, L50, F|\n|poke|p2|Aerodactyl, L50, F|\n|teampreview|4\n|\n|t:|1776269493\n|teamsize|p1|4\n|teamsize|p2|4\n|start\n|switch|p1a: Rotom|Rotom-Wash, L50|100/100\n|switch|p1b: Incineroar|Incineroar, L50, M|100/100\n|switch|p2a: Linetti|Primarina, L50, F, shiny|100/100\n|switch|p2b: Diaz|Aerodactyl, L50, F|100/100\n|-ability|p2b: Diaz|Unnerve\n|-ability|p1b: Incineroar|Intimidate|boost\n|-unboost|p2a: Linetti|atk|1\n|-unboost|p2b: Diaz|atk|1\n|turn|1\n|\n|t:|1776269525\n|switch|p2b: Jeffords|Garchomp, L50, M|100/100\n|move|p2a: Linetti|Protect|p2a: Linetti\n|-singleturn|p2a: Linetti|Protect\n|move|p1b: Incineroar|Fake Out|p2b: Jeffords\n|-damage|p2b: Jeffords|88/100\n|-damage|p1b: Incineroar|88/100|[from] ability: Rough Skin|[of] p2b: Jeffords\n|move|p1a: Rotom|Electroweb|p2b: Jeffords|[spread] \n|-activate|p2a: Linetti|move: Protect\n|-immune|p2b: Jeffords\n|\n|upkeep\n|turn|2\n|\n|t:|1776269548\n|switch|p1b: Sinistcha|Sinistcha, L50|100/100\n|move|p1a: Rotom|Electroweb|p2b: Jeffords|[spread] p2a\n|-immune|p2b: Jeffords\n|-supereffective|p2a: Linetti|1\n|-damage|p2a: Linetti|66/100\n|-unboost|p2a: Linetti|spe|1\n|move|p2b: Jeffords|Rock Slide|p1a: Rotom|[spread] p1a,p1b\n|-damage|p1a: Rotom|76/100\n|-damage|p1b: Sinistcha|81/100\n|move|p2a: Linetti|Moonblast|p1a: Rotom\n|-damage|p1a: Rotom|20/100\n|\n|-heal|p2a: Linetti|73/100|[from] item: Leftovers\n|upkeep\n|turn|3\n|\n|t:|1776269569\n|switch|p1a: Incineroar|Incineroar, L50, M|88/100\n|-ability|p1a: Incineroar|Intimidate|boost\n|-unboost|p2a: Linetti|atk|1\n|-unboost|p2b: Jeffords|atk|1\n|move|p2b: Jeffords|Dragon Claw|p1a: Incineroar\n|-damage|p1a: Incineroar|60/100\n|move|p1b: Sinistcha|Matcha Gotcha|p2b: Jeffords|[spread] p2a,p2b\n|-supereffective|p2a: Linetti|1\n|-damage|p2a: Linetti|18/100\n|-heal|p1b: Sinistcha|100/100|[from] drain|[of] p2a: Linetti\n|-damage|p2b: Jeffords|55/100\n|move|p2a: Linetti|Moonblast|p1b: Sinistcha\n|-crit|p1b: Sinistcha\n|-damage|p1b: Sinistcha|16/100\n|-enditem|p1b: Sinistcha|Sitrus Berry|[eat]\n|-heal|p1b: Sinistcha|41/100|[from] item: Sitrus Berry\n|\n|-heal|p2a: Linetti|24/100|[from] item: Leftovers\n|upkeep\n|turn|4\n|\n|t:|1776269612\n|switch|p1a: Rotom|Rotom-Wash, L50|20/100\n|move|p2b: Jeffords|Protect|p2b: Jeffords\n|-singleturn|p2b: Jeffords|Protect\n|move|p2a: Linetti|Protect|p2a: Linetti\n|-singleturn|p2a: Linetti|Protect\n|move|p1b: Sinistcha|Matcha Gotcha|p2b: Jeffords|[spread] \n|-activate|p2a: Linetti|move: Protect\n|-activate|p2b: Jeffords|move: Protect\n|\n|-heal|p2a: Linetti|31/100|[from] item: Leftovers\n|upkeep\n|turn|5\n|\n|t:|1776269636\n|move|p1a: Rotom|Volt Switch|p2a: Linetti\n|-supereffective|p2a: Linetti|1\n|-damage|p2a: Linetti|0 fnt\n|faint|p2a: Linetti\n|\n|t:|1776269643\n|switch|p1a: Incineroar|Incineroar, L50, M|60/100|[from] Volt Switch\n|-ability|p1a: Incineroar|Intimidate|boost\n|-unboost|p2b: Jeffords|atk|1\n|move|p2b: Jeffords|Dragon Claw|p1b: Sinistcha\n|-damage|p1b: Sinistcha|22/100\n|move|p1b: Sinistcha|Matcha Gotcha|p2b: Jeffords\n|-damage|p2b: Jeffords|10/100\n|-heal|p1b: Sinistcha|46/100|[from] drain|[of] p2b: Jeffords\n|\n|upkeep\n|\n|t:|1776269658\n|switch|p2a: Diaz|Aerodactyl, L50, F|100/100\n|-ability|p2a: Diaz|Unnerve\n|turn|6\n|\n|t:|1776269684\n|move|p1a: Incineroar|Fake Out|p2a: Diaz\n|-resisted|p2a: Diaz|1\n|-damage|p2a: Diaz|90/100\n|cant|p2a: Diaz|flinch\n|move|p2b: Jeffords|Rock Slide|p1b: Sinistcha|[spread] p1a,p1b\n|-supereffective|p1a: Incineroar|1\n|-damage|p1a: Incineroar|41/100\n|-damage|p1b: Sinistcha|36/100\n|move|p1b: Sinistcha|Matcha Gotcha|p2a: Diaz|[spread] p2a,p2b\n|-damage|p2a: Diaz|45/100\n|-heal|p1b: Sinistcha|56/100|[from] drain|[of] p2a: Diaz\n|-damage|p2b: Jeffords|0 fnt\n|-heal|p1b: Sinistcha|61/100|[from] drain|[of] p2b: Jeffords\n|-status|p2a: Diaz|brn\n|faint|p2b: Jeffords\n|\n|-damage|p2a: Diaz|39/100 brn|[from] brn\n|upkeep\n|-message|seabear2112 forfeited.\n|\n|win|piedidiconkeldurr\n|raw|piedidiconkeldurr's rating: 1233 &rarr; <strong>1265</strong><br />(+32 for winning)\n|raw|seabear2112's rating: 1330 &rarr; <strong>1305</strong><br />(-25 for losing)\n|l|\u2606seabear2112\n|player|p2|\n",
  "uploadtime": 1776269704,
  "views": 41,
  "formatid": "gen9championsvgc2026regma",
  "rating": 1265,
  "private": 0,
  "password": null
}