{
  "id": "gen9championsvgc2026regma-2582816036",
  "format": "[Gen 9 Champions] VGC 2026 Reg M-A",
  "players": [
    "VGChris6",
    "tf2026"
  ],
  "log": "|j|\u203dVGChris6\n|j|\u2606tf2026\n|t:|1776116266\n|gametype|doubles\n|player|p1|VGChris6|102|1431\n|player|p2|tf2026|2|1478\n|gen|9\n|tier|[Gen 9 Champions] VGC 2026 Reg M-A\n|rated|\n|rule|Species Clause: Limit one of each Pok\u00e9mon\n|rule|Item Clause: Limit 1 of each item\n|clearpoke\n|poke|p1|Charizard, L50, F|\n|poke|p1|Whimsicott, L50, F|\n|poke|p1|Incineroar, L50, M|\n|poke|p1|Garchomp, L50, F|\n|poke|p1|Rotom-Wash, L50|\n|poke|p1|Gardevoir, L50, M|\n|poke|p2|Aerodactyl, L50, F|\n|poke|p2|Aegislash, L50, F|\n|poke|p2|Froslass, L50, F|\n|poke|p2|Incineroar, L50, F|\n|poke|p2|Milotic, L50, M|\n|poke|p2|Sneasler, L50, F|\n|teampreview|4\n|inactive|Battle timer is ON: inactive players will automatically lose when time's up. (requested by VGChris6)\n|inactive|VGChris6 has 60 seconds left.\n|\n|t:|1776116300\n|teamsize|p1|4\n|teamsize|p2|4\n|start\n|switch|p1a: Garchomp|Garchomp, L50, F|100/100\n|switch|p1b: Rotom|Rotom-Wash, L50|100/100\n|switch|p2a: Aerodactyl|Aerodactyl, L50, F|100/100\n|switch|p2b: Aegislash|Aegislash, L50, F|100/100\n|-ability|p2a: Aerodactyl|Unnerve\n|turn|1\n|\n|t:|1776116313\n|move|p1a: Garchomp|Iron Head|p2a: Aerodactyl\n|-supereffective|p2a: Aerodactyl|1\n|-damage|p2a: Aerodactyl|9/100\n|move|p2a: Aerodactyl|Tailwind|p2a: Aerodactyl\n|-sidestart|p2: tf2026|move: Tailwind\n|move|p1b: Rotom|Will-O-Wisp|p2b: Aegislash\n|-status|p2b: Aegislash|brn\n|-formechange|p2b: Aegislash|Aegislash-Blade|\n|move|p2b: Aegislash|Poltergeist|p1b: Rotom\n|-activate|p1b: Rotom|move: Poltergeist|Leftovers\n|-damage|p1b: Rotom|48/100\n|\n|-heal|p1b: Rotom|53/100|[from] item: Leftovers\n|-damage|p2b: Aegislash|95/100 brn|[from] brn\n|upkeep\n|turn|2\n|inactive|VGChris6 has 30 seconds left.\n|\n|t:|1776116338\n|switch|p1a: Incineroar|Incineroar, L50, M|100/100\n|-ability|p1a: Incineroar|Intimidate|boost\n|-unboost|p2a: Aerodactyl|atk|1\n|-unboost|p2b: Aegislash|atk|1\n|move|p2a: Aerodactyl|Rock Slide|p1b: Rotom|[spread] p1a,p1b\n|-supereffective|p1a: Incineroar|1\n|-damage|p1a: Incineroar|71/100\n|-damage|p1b: Rotom|31/100\n|move|p1b: Rotom|Thunderbolt|p2a: Aerodactyl\n|-supereffective|p2a: Aerodactyl|1\n|-damage|p2a: Aerodactyl|0 fnt\n|faint|p2a: Aerodactyl\n|move|p2b: Aegislash|Poltergeist|p1b: Rotom\n|-activate|p1b: Rotom|move: Poltergeist|Leftovers\n|-damage|p1b: Rotom|0 fnt\n|faint|p1b: Rotom\n|\n|-damage|p2b: Aegislash|89/100 brn|[from] brn\n|upkeep\n|j| Adicire\n|\n|t:|1776116356\n|switch|p2a: Milotic|Milotic, L50, M|100/100\n|switch|p1b: Charizard|Charizard, L50, F|100/100\n|turn|3\n|\n|t:|1776116368\n|detailschange|p1b: Charizard|Charizard-Mega-Y, L50, F\n|-mega|p1b: Charizard|Charizard|Charizardite Y\n|-weather|SunnyDay|[from] ability: Drought|[of] p1b: Charizard\n|move|p1a: Incineroar|Fake Out|p2a: Milotic\n|-damage|p2a: Milotic|91/100\n|cant|p2a: Milotic|flinch\n|move|p1b: Charizard|Heat Wave|p2b: Aegislash|[spread] p2a,p2b\n|-resisted|p2a: Milotic|1\n|-supereffective|p2b: Aegislash|1\n|-damage|p2a: Milotic|67/100\n|-damage|p2b: Aegislash|0 fnt\n|faint|p2b: Aegislash\n|\n|-weather|SunnyDay|[upkeep]\n|-heal|p2a: Milotic|73/100|[from] item: Leftovers\n|upkeep\n|\n|t:|1776116374\n|switch|p2b: Froslass|Froslass, L50, F|100/100\n|turn|4\n|\n|t:|1776116389\n|detailschange|p2b: Froslass|Froslass-Mega, L50, F\n|-mega|p2b: Froslass|Froslass|Froslassite\n|-weather|Snowscape|[from] ability: Snow Warning|[of] p2b: Froslass\n|move|p1b: Charizard|Protect|p1b: Charizard\n|-singleturn|p1b: Charizard|Protect\n|move|p2b: Froslass|Aurora Veil|p2b: Froslass\n|-sidestart|p2: tf2026|move: Aurora Veil\n|move|p2a: Milotic|Coil|p2a: Milotic\n|-boost|p2a: Milotic|atk|1\n|-boost|p2a: Milotic|def|1\n|-boost|p2a: Milotic|accuracy|1\n|move|p1a: Incineroar|Flare Blitz|p2b: Froslass\n|-supereffective|p2b: Froslass|1\n|-damage|p2b: Froslass|28/100\n|-status|p2b: Froslass|brn\n|-damage|p1a: Incineroar|52/100|[from] Recoil\n|\n|-weather|Snowscape|[upkeep]\n|-heal|p2a: Milotic|79/100|[from] item: Leftovers\n|-damage|p2b: Froslass|22/100 brn|[from] brn\n|-sideend|p2: tf2026|move: Tailwind\n|upkeep\n|turn|5\n|inactive|VGChris6 has 30 seconds left.\n|inactive|tf2026 has 30 seconds left.\n|\n|t:|1776116424\n|switch|p1b: Garchomp|Garchomp, L50, F|100/100\n|move|p2b: Froslass|Protect|p2b: Froslass\n|-singleturn|p2b: Froslass|Protect\n|move|p2a: Milotic|Hypnosis|p1b: Garchomp\n|-status|p1b: Garchomp|slp|[from] move: Hypnosis\n|move|p1a: Incineroar|Throat Chop|p2b: Froslass\n|-activate|p2b: Froslass|move: Protect\n|\n|-weather|Snowscape|[upkeep]\n|-heal|p2a: Milotic|85/100|[from] item: Leftovers\n|-damage|p2b: Froslass|16/100 brn|[from] brn\n|upkeep\n|turn|6\n|inactive|VGChris6 has 30 seconds left.\n|\n|t:|1776116450\n|cant|p1b: Garchomp|slp\n|move|p2b: Froslass|Blizzard|p1a: Incineroar|[spread] p1a,p1b\n|-resisted|p1a: Incineroar|1\n|-supereffective|p1b: Garchomp|2\n|-damage|p1a: Incineroar|33/100\n|-damage|p1b: Garchomp|0 fnt\n|-enditem|p1a: Incineroar|Sitrus Berry|[eat]\n|-heal|p1a: Incineroar|57/100|[from] item: Sitrus Berry\n|faint|p1b: Garchomp\n|move|p2a: Milotic|Scald|p1a: Incineroar\n|-supereffective|p1a: Incineroar|1\n|-damage|p1a: Incineroar|4/100\n|move|p1a: Incineroar|Throat Chop|p2a: Milotic\n|-damage|p2a: Milotic|73/100\n|-start|p2a: Milotic|Throat Chop|[silent]\n|\n|-weather|Snowscape|[upkeep]\n|-heal|p2a: Milotic|79/100|[from] item: Leftovers\n|-damage|p2b: Froslass|11/100 brn|[from] brn\n|upkeep\n|\n|t:|1776116466\n|switch|p1b: Charizard|Charizard-Mega-Y, L50, F|100/100\n|-weather|SunnyDay|[from] ability: Drought|[of] p1b: Charizard\n|turn|7\n|inactive|tf2026 has 30 seconds left.\n|\n|t:|1776116494\n|move|p2b: Froslass|Shadow Ball|p1a: Incineroar\n|-resisted|p1a: Incineroar|1\n|-damage|p1a: Incineroar|0 fnt\n|faint|p1a: Incineroar\n|move|p1b: Charizard|Solar Beam||[still]\n|-prepare|p1b: Charizard|Solar Beam\n|-anim|p1b: Charizard|Solar Beam|p2a: Milotic\n|-supereffective|p2a: Milotic|1\n|-damage|p2a: Milotic|31/100\n|move|p2a: Milotic|Hypnosis|p1b: Charizard\n|-status|p1b: Charizard|slp|[from] move: Hypnosis\n|\n|-weather|SunnyDay|[upkeep]\n|-heal|p2a: Milotic|37/100|[from] item: Leftovers\n|-damage|p2b: Froslass|5/100 brn|[from] brn\n|-end|p2a: Milotic|Throat Chop|[silent]\n|upkeep\n|turn|8\n|\n|t:|1776116507\n|cant|p1b: Charizard|slp\n|move|p2b: Froslass|Shadow Ball|p1b: Charizard\n|-crit|p1b: Charizard\n|-damage|p1b: Charizard|24/100 slp\n|move|p2a: Milotic|Recover|p2a: Milotic\n|-heal|p2a: Milotic|87/100\n|\n|-weather|SunnyDay|[upkeep]\n|-heal|p2a: Milotic|93/100|[from] item: Leftovers\n|-damage|p2b: Froslass|0 fnt|[from] brn\n|faint|p2b: Froslass\n|-sideend|p2: tf2026|move: Aurora Veil\n|upkeep\n|turn|9\n|\n|t:|1776116529\n|cant|p1b: Charizard|slp\n|move|p2a: Milotic|Scald|p1b: Charizard\n|-supereffective|p1b: Charizard|1\n|-damage|p1b: Charizard|0 fnt\n|faint|p1b: Charizard\n|\n|win|tf2026\n|raw|VGChris6's rating: 1431 &rarr; <strong>1414</strong><br />(-17 for losing)\n|raw|tf2026's rating: 1478 &rarr; <strong>1495</strong><br />(+17 for winning)\n",
  "uploadtime": 1776116534,
  "views": 33,
  "formatid": "gen9championsvgc2026regma",
  "rating": 1414,
  "private": 0,
  "password": null
}