{
  "id": "gen9championsvgc2026regma-2580826323",
  "format": "[Gen 9 Champions] VGC 2026 Reg M-A",
  "players": [
    "CappyCappy",
    "SpaghettiBoy25"
  ],
  "log": "|j|\u2606CappyCappy\n|j|\u2606SpaghettiBoy25\n|t:|1775935625\n|gametype|doubles\n|player|p1|CappyCappy|miku-fairy|1000\n|player|p2|SpaghettiBoy25|fantina|1050\n|gen|9\n|tier|[Gen 9 Champions] VGC 2026 Reg M-A\n|rated|\n|rule|Species Clause: Limit one of each Pok\u00e9mon\n|rule|Item Clause: Limit 1 of each item\n|clearpoke\n|poke|p1|Starmie, L50|\n|poke|p1|Arcanine-Hisui, L50, F|\n|poke|p1|Archaludon, L50, M|\n|poke|p1|Sneasler, L50, M|\n|poke|p1|Whimsicott, L50, M|\n|poke|p1|Incineroar, L50, M|\n|poke|p2|Floette-Eternal, L50, F|\n|poke|p2|Gengar, L50, F|\n|poke|p2|Rotom-Wash, L50|\n|poke|p2|Garchomp, L50, F|\n|poke|p2|Sylveon, L50, M|\n|poke|p2|Orthworm, L50, M|\n|teampreview|4\nCappyCappy rejected open team sheets.\n|inactive|Battle timer is ON: inactive players will automatically lose when time's up. (requested by CappyCappy)\n|inactive|CappyCappy has 60 seconds left.\n|inactive|SpaghettiBoy25 has 60 seconds left.\n|\n|t:|1775935665\n|teamsize|p1|4\n|teamsize|p2|4\n|start\n|switch|p1a: Whimsicott|Whimsicott, L50, M|100/100\n|switch|p1b: Archaludon|Archaludon, L50, M|100/100\n|switch|p2a: Rotom|Rotom-Wash, L50|100/100\n|switch|p2b: Floette|Floette-Eternal, L50, F|100/100\n|turn|1\n|\n|t:|1775935679\n|move|p2b: Floette|Protect|p2b: Floette\n|-singleturn|p2b: Floette|Protect\n|move|p1a: Whimsicott|Tailwind|p1a: Whimsicott\n|-sidestart|p1: CappyCappy|move: Tailwind\n|move|p1b: Archaludon|Flash Cannon|p2b: Floette\n|-activate|p2b: Floette|move: Protect\n|move|p2a: Rotom|Electroweb|p1b: Archaludon|[spread] p1a,p1b\n|-resisted|p1a: Whimsicott|1\n|-resisted|p1b: Archaludon|1\n|-damage|p1a: Whimsicott|90/100\n|-damage|p1b: Archaludon|88/100\n|-unboost|p1a: Whimsicott|spe|1\n|-unboost|p1b: Archaludon|spe|1\n|\n|-heal|p1b: Archaludon|94/100|[from] item: Leftovers\n|upkeep\n|turn|2\n|inactive|CappyCappy has 30 seconds left.\n|inactive|SpaghettiBoy25 has 30 seconds left.\n|inactive|SpaghettiBoy25 has 20 seconds left.\n|inactive|SpaghettiBoy25 has 15 seconds left.\n|\n|t:|1775935722\n|detailschange|p2b: Floette|Floette-Mega, L50, F\n|-mega|p2b: Floette|Floette|Floettite\n|-ability|p2b: Floette|Fairy Aura\n|move|p1a: Whimsicott|Encore|p2b: Floette\n|-start|p2b: Floette|Encore\n|move|p2b: Floette|Protect||[still]\n|-fail|p2b: Floette\n|move|p1b: Archaludon|Flash Cannon|p2b: Floette\n|-supereffective|p2b: Floette|1\n|-damage|p2b: Floette|19/100\n|move|p2a: Rotom|Volt Switch|p1b: Archaludon\n|-resisted|p1b: Archaludon|1\n|-damage|p1b: Archaludon|71/100\n|\n|t:|1775935733\n|switch|p2a: Gengar|Gengar, L50, F, shiny|100/100|[from] Volt Switch\n|\n|-heal|p1b: Archaludon|77/100|[from] item: Leftovers\n|upkeep\n|turn|3\n|\n|t:|1775935753\n|move|p2b: Floette|Protect|p2b: Floette\n|-singleturn|p2b: Floette|Protect\n|move|p2a: Gengar|Dazzling Gleam|p1b: Archaludon|[spread] p1a,p1b\n|-damage|p1a: Whimsicott|56/100\n|-damage|p1b: Archaludon|33/100\n|move|p1b: Archaludon|Draco Meteor|p2a: Gengar\n|-damage|p2a: Gengar|0 fnt\n|-unboost|p1b: Archaludon|spa|2\n|-start|p1b: Archaludon|Disable|Draco Meteor|[from] ability: Cursed Body|[of] p2a: Gengar\n|faint|p2a: Gengar\n|move|p1a: Whimsicott|Moonblast|p2b: Floette\n|-activate|p2b: Floette|move: Protect\n|\n|-heal|p1b: Archaludon|39/100|[from] item: Leftovers\n|upkeep\n|\n|t:|1775935760\n|switch|p2a: Garchomp|Garchomp, L50, F|100/100\n|turn|4\n|\n|t:|1775935777\n|switch|p2b: Rotom|Rotom-Wash, L50|100/100\n|move|p1b: Archaludon|Flash Cannon|p2b: Rotom\n|-resisted|p2b: Rotom|2\n|-damage|p2b: Rotom|95/100\n|move|p1a: Whimsicott|Moonblast|p2a: Garchomp\n|-supereffective|p2a: Garchomp|1\n|-damage|p2a: Garchomp|39/100\n|move|p2a: Garchomp|Earthquake|p1a: Whimsicott|[spread] p1a,p1b\n|-immune|p2b: Rotom|[from] ability: Levitate\n|-resisted|p1a: Whimsicott|1\n|-supereffective|p1b: Archaludon|1\n|-damage|p1a: Whimsicott|38/100\n|-damage|p1b: Archaludon|0 fnt\n|faint|p1b: Archaludon\n|\n|-heal|p2b: Rotom|100/100|[from] item: Leftovers\n|-sideend|p1: CappyCappy|move: Tailwind\n|upkeep\n|\n|t:|1775935797\n|switch|p1b: Arcanine|Arcanine-Hisui, L50, F|100/100\n|-ability|p1b: Arcanine|Intimidate|boost\n|-unboost|p2a: Garchomp|atk|1\n|-unboost|p2b: Rotom|atk|1\n|turn|5\n|\n|t:|1775935813\n|move|p2a: Garchomp|Protect|p2a: Garchomp\n|-singleturn|p2a: Garchomp|Protect\n|move|p1b: Arcanine|Protect|p1b: Arcanine\n|-singleturn|p1b: Arcanine|Protect\n|move|p1a: Whimsicott|Tailwind|p1a: Whimsicott\n|-sidestart|p1: CappyCappy|move: Tailwind\n|move|p2b: Rotom|Thunderbolt|p1a: Whimsicott\n|-resisted|p1a: Whimsicott|1\n|-damage|p1a: Whimsicott|14/100\n|\n|upkeep\n|turn|6\n|\n|t:|1775935833\n|switch|p2a: Floette|Floette-Mega, L50, F|19/100\n|-ability|p2a: Floette|Fairy Aura\n|move|p1b: Arcanine|Rock Slide|p2a: Floette|[spread] p2a,p2b\n|-damage|p2a: Floette|0 fnt\n|-damage|p2b: Rotom|70/100\n|faint|p2a: Floette\n|move|p1a: Whimsicott|Moonblast|p2b: Rotom\n|-damage|p2b: Rotom|39/100\n|move|p2b: Rotom|Volt Switch|p1a: Whimsicott\n|-resisted|p1a: Whimsicott|1\n|-damage|p1a: Whimsicott|0 fnt\n|faint|p1a: Whimsicott\n|\n|t:|1775935839\n|switch|p2b: Garchomp|Garchomp, L50, F|39/100|[from] Volt Switch\n|\n|upkeep\n|\n|t:|1775935845\n|switch|p2a: Rotom|Rotom-Wash, L50|39/100\n|switch|p1a: Sneasler|Sneasler, L50, M|100/100\n|turn|7\n|inactive|CappyCappy has 30 seconds left.\n|\n|t:|1775935874\n|move|p1a: Sneasler|Close Combat|p2b: Garchomp\n|-crit|p2b: Garchomp\n|-damage|p2b: Garchomp|0 fnt\n|-unboost|p1a: Sneasler|def|1\n|-unboost|p1a: Sneasler|spd|1\n|faint|p2b: Garchomp\n|move|p1b: Arcanine|Rock Slide|p2a: Rotom\n|-damage|p2a: Rotom|0 fnt\n|faint|p2a: Rotom\n|\n|win|CappyCappy\n|raw|CappyCappy's rating: 1000 &rarr; <strong>1046</strong><br />(+46 for winning)\n|raw|SpaghettiBoy25's rating: 1050 &rarr; <strong>1030</strong><br />(-20 for losing)\n",
  "uploadtime": 1775935874,
  "views": 12,
  "formatid": "gen9championsvgc2026regma",
  "rating": 1030,
  "private": 0,
  "password": null
}