{
  "id": "gen9championsvgc2026regma-2586511141",
  "format": "[Gen 9 Champions] VGC 2026 Reg M-A",
  "players": [
    "fdrgsfafawdawd",
    "dfhdfhdj"
  ],
  "log": "|j|\u2606fdrgsfafawdawd\n|j|\u2606dfhdfhdj\n|t:|1776439673\n|gametype|doubles\n|player|p1|fdrgsfafawdawd|palmer|1048\n|player|p2|dfhdfhdj|265|1045\n|gen|9\n|tier|[Gen 9 Champions] VGC 2026 Reg M-A\n|rated|\n|rule|Species Clause: Limit one of each Pok\u00e9mon\n|rule|Item Clause: Limit 1 of each item\n|clearpoke\n|poke|p1|Pelipper, L50, F|\n|poke|p1|Charizard, L50, M|\n|poke|p1|Archaludon, L50, F|\n|poke|p1|Basculegion, L50, M|\n|poke|p1|Dragonite, L50, M|\n|poke|p1|Whimsicott, L50, M|\n|poke|p2|Dragonite, L50, F|\n|poke|p2|Garchomp, L50, F|\n|poke|p2|Aerodactyl, L50, M|\n|poke|p2|Basculegion, L50, M|\n|poke|p2|Skarmory, L50, F|\n|poke|p2|Charizard, L50, F|\n|teampreview|4\n|inactive|Battle timer is ON: inactive players will automatically lose when time's up. (requested by dfhdfhdj)\n|inactive|fdrgsfafawdawd has 60 seconds left.\n|\n|t:|1776439720\n|teamsize|p1|4\n|teamsize|p2|4\n|start\n|switch|p1a: Charizard|Charizard, L50, M|100/100\n|switch|p1b: Basculegion|Basculegion, L50, M, shiny|100/100\n|switch|p2a: Basculegion|Basculegion, L50, M|100/100\n|switch|p2b: Dragonite|Dragonite, L50, F|100/100\n|turn|1\n|inactive|fdrgsfafawdawd has 30 seconds left.\n|inactive|fdrgsfafawdawd has 20 seconds left.\n|inactive|fdrgsfafawdawd has 15 seconds left.\n|inactive|fdrgsfafawdawd has 10 seconds left.\n|\n|t:|1776439775\n|switch|p1a: Pelipper|Pelipper, L50, F|100/100\n|-weather|RainDance|[from] ability: Drizzle|[of] p1a: Pelipper\n|move|p1b: Basculegion|Flip Turn|p2b: Dragonite\n|-resisted|p2b: Dragonite|1\n|-damage|p2b: Dragonite|74/100\n|\n|t:|1776439782\n|switch|p1b: Archaludon|Archaludon, L50, F, shiny|100/100|[from] Flip Turn\n|move|p2a: Basculegion|Wave Crash|p1a: Pelipper\n|-resisted|p1a: Pelipper|1\n|-damage|p1a: Pelipper|30/100\n|-damage|p2a: Basculegion|83/100|[from] Recoil\n|move|p2b: Dragonite|Outrage|p1a: Pelipper\n|-damage|p1a: Pelipper|0 fnt\n|faint|p1a: Pelipper\n|\n|-weather|RainDance|[upkeep]\n|upkeep\n|\n|t:|1776439793\n|switch|p1a: Basculegion|Basculegion, L50, M, shiny|100/100\n|turn|2\n|\n|t:|1776439810\n|switch|p2a: Garchomp|Garchomp, L50, F|100/100\n|move|p1a: Basculegion|Last Respects|p2a: Garchomp\n|-damage|p2a: Garchomp|40/100\n|move|p1b: Archaludon|Electro Shot||[still]\n|-prepare|p1b: Archaludon|Electro Shot\n|-boost|p1b: Archaludon|spa|1\n|-anim|p1b: Archaludon|Electro Shot|p2b: Dragonite\n|-damage|p2b: Dragonite|25/100\n|move|p2b: Dragonite|Outrage|p1a: Basculegion|[from] lockedmove\n|-damage|p1a: Basculegion|16/100\n|-start|p2b: Dragonite|confusion|[fatigue]\n|-enditem|p2b: Dragonite|Lum Berry|[eat]\n|-end|p2b: Dragonite|confusion\n|\n|-weather|RainDance|[upkeep]\n|upkeep\n|turn|3\n|inactive|dfhdfhdj has 30 seconds left.\n|\n|t:|1776439838\n|move|p1a: Basculegion|Last Respects|p2a: Garchomp\n|-damage|p2a: Garchomp|0 fnt\n|faint|p2a: Garchomp\n|move|p1b: Archaludon|Electro Shot||[still]\n|-prepare|p1b: Archaludon|Electro Shot\n|-boost|p1b: Archaludon|spa|1\n|-anim|p1b: Archaludon|Electro Shot|p2b: Dragonite\n|-damage|p2b: Dragonite|0 fnt\n|faint|p2b: Dragonite\n|\n|-weather|RainDance|[upkeep]\n|upkeep\n|\n|t:|1776439852\n|switch|p2a: Basculegion|Basculegion, L50, M|83/100\n|switch|p2b: Aerodactyl|Aerodactyl, L50, M|100/100\n|turn|4\n|\n|t:|1776439872\n|detailschange|p2b: Aerodactyl|Aerodactyl-Mega, L50, M\n|-mega|p2b: Aerodactyl|Aerodactyl|Aerodactylite\n|move|p2b: Aerodactyl|Protect|p2b: Aerodactyl\n|-singleturn|p2b: Aerodactyl|Protect\n|move|p1a: Basculegion|Last Respects|p2a: Basculegion\n|-supereffective|p2a: Basculegion|1\n|-damage|p2a: Basculegion|0 fnt\n|faint|p2a: Basculegion\n|move|p1b: Archaludon|Electro Shot||[still]\n|-prepare|p1b: Archaludon|Electro Shot\n|-boost|p1b: Archaludon|spa|1\n|-anim|p1b: Archaludon|Electro Shot|p2b: Aerodactyl\n|-activate|p2b: Aerodactyl|move: Protect\n|\n|-weather|RainDance|[upkeep]\n|upkeep\n|turn|5\n|c|\u2606fdrgsfafawdawd|ggs\n|inactive|dfhdfhdj has 30 seconds left.\n|-message|dfhdfhdj forfeited.\n|\n|win|fdrgsfafawdawd\n|raw|fdrgsfafawdawd's rating: 1048 &rarr; <strong>1081</strong><br />(+33 for winning)\n|raw|dfhdfhdj's rating: 1045 &rarr; <strong>1028</strong><br />(-17 for losing)\n|l|\u2606dfhdfhdj\n|player|p2|\n",
  "uploadtime": 1776439901,
  "views": 23,
  "formatid": "gen9championsvgc2026regma",
  "rating": 1028,
  "private": 0,
  "password": null
}