{
  "id": "gen9championsvgc2026regma-2581880084",
  "format": "[Gen 9 Champions] VGC 2026 Reg M-A",
  "players": [
    "rattop",
    "zezsi"
  ],
  "log": "|j|\u2606rattop\n|j|\u2606zezsi\n|t:|1776036211\n|gametype|doubles\n|player|p1|rattop|102|1161\n|player|p2|zezsi|266|1156\n|gen|9\n|tier|[Gen 9 Champions] VGC 2026 Reg M-A\n|rated|\n|rule|Species Clause: Limit one of each Pok\u00e9mon\n|rule|Item Clause: Limit 1 of each item\n|clearpoke\n|poke|p1|Lopunny, L50, F|\n|poke|p1|Sneasler, L50, M|\n|poke|p1|Kingambit, L50, M|\n|poke|p1|Whimsicott, L50, F|\n|poke|p1|Farigiraf, L50, F|\n|poke|p1|Starmie, L50|\n|poke|p2|Delphox, L50, F|\n|poke|p2|Garchomp, L50, M|\n|poke|p2|Incineroar, L50, F|\n|poke|p2|Rotom-Wash, L50|\n|poke|p2|Sneasler, L50, F|\n|poke|p2|Corviknight, L50, M|\n|teampreview|4\n|inactive|Battle timer is ON: inactive players will automatically lose when time's up. (requested by zezsi)\n|inactive|rattop has 60 seconds left.\n|inactive|zezsi has 60 seconds left.\n|\n|t:|1776036259\n|teamsize|p1|4\n|teamsize|p2|4\n|start\n|switch|p1a: Farigiraf|Farigiraf, L50, F|100/100\n|switch|p1b: Kingambit|Kingambit, L50, M|100/100\n|switch|p2a: Delphox|Delphox, L50, F|100/100\n|switch|p2b: Corviknight|Corviknight, L50, M|100/100\n|turn|1\n|inactive|rattop has 30 seconds left.\n|inactive|rattop has 20 seconds left.\n|inactive|rattop has 15 seconds left.\n|inactive|rattop has 10 seconds left.\n|\n|t:|1776036305\n|detailschange|p2a: Delphox|Delphox-Mega, L50, F\n|-mega|p2a: Delphox|Delphox|Delphoxite\n|move|p1b: Kingambit|Sucker Punch|p2a: Delphox\n|-supereffective|p2a: Delphox|1\n|-damage|p2a: Delphox|0 fnt\n|faint|p2a: Delphox\n|move|p2b: Corviknight|Iron Head|p1a: Farigiraf\n|-damage|p1a: Farigiraf|77/100\n|cant|p1a: Farigiraf|flinch\n|\n|upkeep\n|\n|t:|1776036313\n|switch|p2a: Rotom|Rotom-Wash, L50|100/100\n|turn|2\n|inactive|rattop has 30 seconds left.\n|\n|t:|1776036339\n|move|p1b: Kingambit|Protect|p1b: Kingambit\n|-singleturn|p1b: Kingambit|Protect\n|move|p2a: Rotom|Will-O-Wisp|p1b: Kingambit\n|-activate|p1b: Kingambit|move: Protect\n|move|p2b: Corviknight|Iron Head|p1a: Farigiraf\n|-damage|p1a: Farigiraf|55/100\n|cant|p1a: Farigiraf|flinch\n|\n|upkeep\n|turn|3\n|inactive|rattop has 30 seconds left.\n|inactive|rattop has 20 seconds left.\n|\n|t:|1776036377\n|switch|p1a: Whimsicott|Whimsicott, L50, F|100/100\n|move|p1b: Kingambit|Protect||[still]\n|-fail|p1b: Kingambit\n|move|p2a: Rotom|Will-O-Wisp|p1b: Kingambit\n|-status|p1b: Kingambit|brn\n|move|p2b: Corviknight|Iron Defense|p2b: Corviknight\n|-boost|p2b: Corviknight|def|2\n|\n|-damage|p1b: Kingambit|94/100 brn|[from] brn\n|upkeep\n|turn|4\n|inactive|rattop has 30 seconds left.\n|inactive|zezsi has 30 seconds left.\n|\n|t:|1776036409\n|move|p1a: Whimsicott|Encore|p2b: Corviknight\n|-start|p2b: Corviknight|Encore\n|move|p2a: Rotom|Will-O-Wisp|p1a: Whimsicott\n|-status|p1a: Whimsicott|brn\n|move|p2b: Corviknight|Iron Defense|p2b: Corviknight\n|-boost|p2b: Corviknight|def|2\n|move|p1b: Kingambit|Kowtow Cleave|p2a: Rotom\n|-damage|p2a: Rotom|63/100\n|\n|-heal|p2a: Rotom|69/100|[from] item: Leftovers\n|-damage|p1a: Whimsicott|95/100 brn|[from] brn\n|-damage|p1b: Kingambit|88/100 brn|[from] brn\n|upkeep\n|turn|5\n|\n|t:|1776036432\n|move|p1a: Whimsicott|Encore|p2a: Rotom\n|-start|p2a: Rotom|Encore\n|move|p2a: Rotom|Will-O-Wisp|p1a: Whimsicott\n|-fail|p1a: Whimsicott|brn\n|move|p2b: Corviknight|Iron Defense|p2b: Corviknight\n|-boost|p2b: Corviknight|def|2\n|move|p1b: Kingambit|Kowtow Cleave|p2a: Rotom\n|-damage|p2a: Rotom|28/100\n|\n|-heal|p2a: Rotom|34/100|[from] item: Leftovers\n|-damage|p1a: Whimsicott|89/100 brn|[from] brn\n|-damage|p1b: Kingambit|82/100 brn|[from] brn\n|upkeep\n|turn|6\n|\n|t:|1776036454\n|switch|p2a: Garchomp|Garchomp, L50, M|100/100\n|move|p1a: Whimsicott|Tailwind|p1a: Whimsicott\n|-sidestart|p1: rattop|move: Tailwind\n|move|p1b: Kingambit|Kowtow Cleave|p2a: Garchomp\n|-damage|p2a: Garchomp|71/100\n|-damage|p1b: Kingambit|69/100 brn|[from] ability: Rough Skin|[of] p2a: Garchomp\n|move|p2b: Corviknight|Iron Defense|p2b: Corviknight\n|-boost|p2b: Corviknight|def|0\n|\n|-damage|p1a: Whimsicott|83/100 brn|[from] brn\n|-damage|p1b: Kingambit|63/100 brn|[from] brn\n|-end|p2b: Corviknight|Encore\n|upkeep\n|turn|7\n|\n|t:|1776036474\n|move|p1a: Whimsicott|Encore|p2b: Corviknight\n|-start|p2b: Corviknight|Encore\n|move|p2a: Garchomp|Earthquake|p1a: Whimsicott|[spread] p1a,p1b\n|-immune|p2b: Corviknight\n|-resisted|p1a: Whimsicott|1\n|-supereffective|p1b: Kingambit|1\n|-damage|p1a: Whimsicott|47/100 brn\n|-damage|p1b: Kingambit|0 fnt\n|faint|p1b: Kingambit\n|move|p2b: Corviknight|Iron Defense|p2b: Corviknight\n|-boost|p2b: Corviknight|def|0\n|\n|-damage|p1a: Whimsicott|41/100 brn|[from] brn\n|upkeep\n|\n|t:|1776036489\n|switch|p1b: Lopunny|Lopunny, L50, F|100/100\n|turn|8\n|\n|t:|1776036512\n|detailschange|p1b: Lopunny|Lopunny-Mega, L50, F\n|-mega|p1b: Lopunny|Lopunny|Lopunnite\n|move|p1b: Lopunny|Triple Axel|p2a: Garchomp|[miss]\n|-miss|p1b: Lopunny|p2a: Garchomp\n|move|p1a: Whimsicott|Moonblast|p2a: Garchomp\n|-supereffective|p2a: Garchomp|1\n|-damage|p2a: Garchomp|0 fnt\n|faint|p2a: Garchomp\n|move|p2b: Corviknight|Iron Defense|p2b: Corviknight\n|-boost|p2b: Corviknight|def|0\n|\n|-damage|p1a: Whimsicott|35/100 brn|[from] brn\n|upkeep\n|\n|t:|1776036520\n|switch|p2a: Rotom|Rotom-Wash, L50|34/100\n|turn|9\n|\n|t:|1776036543\n|move|p1a: Whimsicott|Taunt|p2a: Rotom\n|-start|p2a: Rotom|move: Taunt\n|move|p1b: Lopunny|Close Combat|p2a: Rotom\n|-damage|p2a: Rotom|0 fnt\n|-unboost|p1b: Lopunny|def|1\n|-unboost|p1b: Lopunny|spd|1\n|faint|p2a: Rotom\n|move|p2b: Corviknight|Iron Defense|p2b: Corviknight\n|-boost|p2b: Corviknight|def|0\n|\n|-damage|p1a: Whimsicott|29/100 brn|[from] brn\n|-end|p2b: Corviknight|Encore\n|-sideend|p1: rattop|move: Tailwind\n|upkeep\n|turn|10\n|inactive|rattop has 30 seconds left.\n|\n|t:|1776036571\n|move|p1a: Whimsicott|Encore|p2b: Corviknight\n|-start|p2b: Corviknight|Encore\n|move|p1b: Lopunny|U-turn|p2b: Corviknight\n|-resisted|p2b: Corviknight|2\n|-damage|p2b: Corviknight|99/100\n|\n|t:|1776036576\n|switch|p1b: Farigiraf|Farigiraf, L50, F|55/100|[from] U-turn\n|move|p2b: Corviknight|Iron Defense|p2b: Corviknight\n|-boost|p2b: Corviknight|def|0\n|\n|-damage|p1a: Whimsicott|23/100 brn|[from] brn\n|upkeep\n|turn|11\n|\n|t:|1776036586\n|move|p1a: Whimsicott|Moonblast|p2b: Corviknight\n|-resisted|p2b: Corviknight|1\n|-damage|p2b: Corviknight|81/100\n|move|p2b: Corviknight|Iron Defense|p2b: Corviknight\n|-boost|p2b: Corviknight|def|0\n|move|p1b: Farigiraf|Thunderbolt|p2b: Corviknight\n|-supereffective|p2b: Corviknight|1\n|-damage|p2b: Corviknight|16/100\n|\n|-damage|p1a: Whimsicott|18/100 brn|[from] brn\n|upkeep\n|turn|12\n|-message|zezsi forfeited.\n|\n|win|rattop\n|raw|rattop's rating: 1161 &rarr; <strong>1186</strong><br />(+25 for winning)\n|raw|zezsi's rating: 1156 &rarr; <strong>1131</strong><br />(-25 for losing)\n|l|\u2606zezsi\n|player|p2|\n",
  "uploadtime": 1776036604,
  "views": 14,
  "formatid": "gen9championsvgc2026regma",
  "rating": 1131,
  "private": 0,
  "password": null
}