{
  "id": "gen9championsvgc2026regma-2582504595",
  "format": "[Gen 9 Champions] VGC 2026 Reg M-A",
  "players": [
    "eva_044",
    "ColdSilver835"
  ],
  "log": "|j|\u2606eva_044\n|j|\u2606ColdSilver835\n|t:|1776095928\n|gametype|doubles\n|player|p1|eva_044|169|1092\n|player|p2|ColdSilver835|erika|1040\n|gen|9\n|tier|[Gen 9 Champions] VGC 2026 Reg M-A\n|rated|\n|rule|Species Clause: Limit one of each Pok\u00e9mon\n|rule|Item Clause: Limit 1 of each item\n|clearpoke\n|poke|p1|Glimmora, L50, F|\n|poke|p1|Ninetales-Alola, L50, M|\n|poke|p1|Maushold-Four, L50|\n|poke|p1|Aegislash, L50, M|\n|poke|p1|Basculegion, L50, M|\n|poke|p1|Rotom-Frost, L50|\n|poke|p2|Zoroark-Hisui, L50, F|\n|poke|p2|Garchomp, L50, M|\n|poke|p2|Dragapult, L50, F|\n|poke|p2|Serperior, L50, M|\n|poke|p2|Alakazam, L50, F|\n|poke|p2|Basculegion, L50, M|\n|teampreview|4\n|inactive|Battle timer is ON: inactive players will automatically lose when time's up. (requested by eva_044)\n|\n|t:|1776095947\n|teamsize|p1|4\n|teamsize|p2|4\n|start\n|switch|p1a: Glimmora|Glimmora, L50, F|100/100\n|switch|p1b: Ninetales|Ninetales-Alola, L50, M|100/100\n|switch|p2a: Garchomp|Garchomp, L50, M|100/100\n|switch|p2b: Alakazam|Alakazam, L50, F|100/100\n|-weather|Snowscape|[from] ability: Snow Warning|[of] p1b: Ninetales\n|turn|1\n|\n|t:|1776095968\n|detailschange|p2a: Garchomp|Garchomp-Mega, L50, M\n|-mega|p2a: Garchomp|Garchomp|Garchompite\n|detailschange|p1a: Glimmora|Glimmora-Mega, L50, F\n|-mega|p1a: Glimmora|Glimmora|Glimmoranite\n|move|p1a: Glimmora|Spiky Shield|p1a: Glimmora\n|-singleturn|p1a: Glimmora|move: Protect\n|move|p2b: Alakazam|Speed Swap|p2a: Garchomp\n|-activate|p2b: Alakazam|move: Speed Swap|[of] p2a: Garchomp\n|move|p2a: Garchomp|Stone Edge|p1b: Ninetales\n|-supereffective|p1b: Ninetales|1\n|-damage|p1b: Ninetales|19/100\n|move|p1b: Ninetales|Aurora Veil|p1b: Ninetales\n|-sidestart|p1: eva_044|move: Aurora Veil\n|\n|-weather|Snowscape|[upkeep]\n|upkeep\n|turn|2\n|inactive|eva_044 has 30 seconds left.\n|inactive|eva_044 has 20 seconds left.\n|inactive|eva_044 has 15 seconds left.\n|inactive|eva_044 has 10 seconds left.\n|\n|t:|1776096015\n|move|p2a: Garchomp|Earthquake|p1a: Glimmora|[spread] p2b,p1a,p1b\n|-supereffective|p1a: Glimmora|2\n|-enditem|p2b: Alakazam|Focus Sash\n|-damage|p2b: Alakazam|1/100\n|-damage|p1a: Glimmora|0 fnt\n|-damage|p1b: Ninetales|0 fnt\n|faint|p1a: Glimmora\n|faint|p1b: Ninetales\n|move|p2b: Alakazam|Reflect|p2b: Alakazam\n|-sidestart|p2: ColdSilver835|Reflect\n|\n|-weather|Snowscape|[upkeep]\n|upkeep\n|\n|t:|1776096020\n|switch|p1b: Basculegion|Basculegion, L50, M|100/100\n|switch|p1a: Aegislash|Aegislash, L50, M|100/100\n|turn|3\n|\n|t:|1776096043\n|move|p1a: Aegislash|Wide Guard|p1a: Aegislash\n|-singleturn|p1a: Aegislash|Wide Guard\n|move|p1b: Basculegion|Last Respects|p2b: Alakazam\n|-supereffective|p2b: Alakazam|1\n|-damage|p2b: Alakazam|0 fnt\n|faint|p2b: Alakazam\n|move|p2a: Garchomp|Earthquake|p1b: Basculegion|[spread] \n|-activate|p1a: Aegislash|move: Wide Guard\n|-activate|p1b: Basculegion|move: Wide Guard\n|\n|-weather|Snowscape|[upkeep]\n|upkeep\n|\n|t:|1776096058\n|switch|p2b: Basculegion|Basculegion, L50, M|100/100\n|turn|4\n|\n|t:|1776096072\n|move|p1a: Aegislash|Wide Guard|p1a: Aegislash\n|-singleturn|p1a: Aegislash|Wide Guard\n|move|p1b: Basculegion|Last Respects|p2b: Basculegion\n|-immune|p2b: Basculegion\n|move|p2a: Garchomp|Earthquake|p1a: Aegislash|[spread] p2b\n|-activate|p1a: Aegislash|move: Wide Guard\n|-activate|p1b: Basculegion|move: Wide Guard\n|-damage|p2b: Basculegion|37/100\n|replace|p2b: Zoroark|Zoroark-Hisui, L50, F, shiny\n|-end|p2b: Zoroark|Illusion\n|move|p2b: Zoroark|Bitter Malice|p1b: Basculegion\n|-supereffective|p1b: Basculegion|1\n|-damage|p1b: Basculegion|45/100\n|-unboost|p1b: Basculegion|atk|1\n|\n|-weather|Snowscape|[upkeep]\n|-heal|p2b: Zoroark|43/100|[from] item: Leftovers\n|upkeep\n|turn|5\n|-message|eva_044 forfeited.\n|\n|win|ColdSilver835\n|raw|eva_044's rating: 1092 &rarr; <strong>1065</strong><br />(-27 for losing)\n|raw|ColdSilver835's rating: 1040 &rarr; <strong>1079</strong><br />(+39 for winning)\n|l|\u2606eva_044\n|player|p1|\n",
  "uploadtime": 1776096095,
  "views": 11,
  "formatid": "gen9championsvgc2026regma",
  "rating": 1065,
  "private": 0,
  "password": null
}