{
  "id": "gen9championsvgc2026regma-2585998551",
  "format": "[Gen 9 Champions] VGC 2026 Reg M-A",
  "players": [
    "antimetaservant",
    "gabrie783"
  ],
  "log": "|j|\u2606antimetaservant\n|j|\u2606gabrie783\n|t:|1776388866\n|gametype|doubles\n|player|p1|antimetaservant|unknown|1000\n|player|p2|gabrie783|n|1040\n|gen|9\n|tier|[Gen 9 Champions] VGC 2026 Reg M-A\n|rated|\n|rule|Species Clause: Limit one of each Pok\u00e9mon\n|rule|Item Clause: Limit 1 of each item\n|clearpoke\n|poke|p1|Gengar, L50, M|\n|poke|p1|Incineroar, L50, F|\n|poke|p1|Politoed, L50, M|\n|poke|p1|Palafin, L50, M|\n|poke|p1|Feraligatr, L50, F|\n|poke|p1|Azumarill, L50, F|\n|poke|p2|Emboar, L50, F|\n|poke|p2|Conkeldurr, L50, M|\n|poke|p2|Hydreigon, L50, F|\n|poke|p2|Reuniclus, L50, F|\n|poke|p2|Cofagrigus, L50, M|\n|poke|p2|Incineroar, L50, F|\n|teampreview|4\nantimetaservant rejected open team sheets.\n|inactive|Battle timer is ON: inactive players will automatically lose when time's up. (requested by antimetaservant)\n|\n|t:|1776388904\n|teamsize|p1|4\n|teamsize|p2|4\n|start\n|switch|p1a: Yamuna|Incineroar, L50, F, shiny|100/100\n|switch|p1b: Politoed|Politoed, L50, M|100/100\n|switch|p2a: Hydreigon|Hydreigon, L50, F|100/100\n|switch|p2b: Conkeldurr|Conkeldurr, L50, M|100/100\n|-weather|RainDance|[from] ability: Drizzle|[of] p1b: Politoed\n|-ability|p1a: Yamuna|Intimidate|boost\n|-unboost|p2a: Hydreigon|atk|1\n|-unboost|p2b: Conkeldurr|atk|1\n|turn|1\n|\n|t:|1776388923\n|move|p1a: Yamuna|Fake Out|p2b: Conkeldurr\n|-damage|p2b: Conkeldurr|88/100\n|cant|p2b: Conkeldurr|flinch\n|move|p2a: Hydreigon|Tailwind|p2a: Hydreigon\n|-sidestart|p2: gabrie783|move: Tailwind\n|move|p1b: Politoed|Perish Song|p1b: Politoed\n|-start|p1a: Yamuna|perish3|[silent]\n|-start|p1b: Politoed|perish3|[silent]\n|-start|p2a: Hydreigon|perish3|[silent]\n|-start|p2b: Conkeldurr|perish3|[silent]\n|-fieldactivate|move: Perish Song\n|\n|-weather|RainDance|[upkeep]\n|-heal|p2b: Conkeldurr|94/100|[from] item: Leftovers\n|-start|p2a: Hydreigon|perish3\n|-start|p2b: Conkeldurr|perish3\n|-start|p1b: Politoed|perish3\n|-start|p1a: Yamuna|perish3\n|upkeep\n|turn|2\n|inactive|gabrie783 has 30 seconds left.\n|\n|t:|1776388948\n|move|p2b: Conkeldurr|Mach Punch|p1a: Yamuna\n|-supereffective|p1a: Yamuna|1\n|-damage|p1a: Yamuna|68/100\n|move|p2a: Hydreigon|Draco Meteor|p1a: Yamuna\n|-damage|p1a: Yamuna|11/100\n|-unboost|p2a: Hydreigon|spa|2\n|-enditem|p1a: Yamuna|Sitrus Berry|[eat]\n|-heal|p1a: Yamuna|36/100|[from] item: Sitrus Berry\n|move|p1b: Politoed|Whirlpool|p2b: Conkeldurr\n|-damage|p2b: Conkeldurr|71/100\n|-activate|p2b: Conkeldurr|move: Whirlpool|[of] p1b: Politoed\n|move|p1a: Yamuna|Parting Shot|p2b: Conkeldurr\n|-unboost|p2b: Conkeldurr|atk|1\n|-unboost|p2b: Conkeldurr|spa|1\n|\n|t:|1776388962\n|switch|p1a: Palafin|Palafin, L50, M|100/100|[from] Parting Shot\n|\n|-weather|RainDance|[upkeep]\n|-heal|p2b: Conkeldurr|77/100|[from] item: Leftovers\n|-damage|p2b: Conkeldurr|65/100|[from] move: Whirlpool|[partiallytrapped]\n|-start|p2a: Hydreigon|perish2\n|-start|p2b: Conkeldurr|perish2\n|-start|p1b: Politoed|perish2\n|upkeep\n|turn|3\n|inactive|gabrie783 has 30 seconds left.\n|\n|t:|1776388988\n|move|p2b: Conkeldurr|Mach Punch|p1b: Politoed\n|-damage|p1b: Politoed|85/100\n|move|p2a: Hydreigon|Dark Pulse|p1b: Politoed\n|-damage|p1b: Politoed|67/100\n|move|p1a: Palafin|Flip Turn|p2b: Conkeldurr\n|-damage|p2b: Conkeldurr|30/100\n|\n|t:|1776388997\n|detailschange|p1a: Palafin|Palafin-Hero, L50, M\n|switch|p1a: Feraligatr|Feraligatr, L50, F|100/100|[from] Flip Turn\n|cant|p1b: Politoed|flinch\n|\n|-weather|RainDance|[upkeep]\n|-heal|p2b: Conkeldurr|36/100|[from] item: Leftovers\n|-damage|p2b: Conkeldurr|24/100|[from] move: Whirlpool|[partiallytrapped]\n|-start|p2a: Hydreigon|perish1\n|-start|p2b: Conkeldurr|perish1\n|-start|p1b: Politoed|perish1\n|upkeep\n|turn|4\n|inactive|gabrie783 has 30 seconds left.\n|\n|t:|1776389030\n|switch|p2a: Incineroar|Incineroar, L50, F|100/100\n|-ability|p2a: Incineroar|Intimidate|boost\n|-unboost|p1a: Feraligatr|atk|1\n|-unboost|p1b: Politoed|atk|1\n|switch|p1b: Yamuna|Incineroar, L50, F, shiny|36/100\n|-ability|p1b: Yamuna|Intimidate|boost\n|-unboost|p2a: Incineroar|atk|1\n|-unboost|p2b: Conkeldurr|atk|1\n|detailschange|p1a: Feraligatr|Feraligatr-Mega, L50, F\n|-mega|p1a: Feraligatr|Feraligatr|Feraligite\n|move|p1a: Feraligatr|Protect|p1a: Feraligatr\n|-singleturn|p1a: Feraligatr|Protect\n|move|p2b: Conkeldurr|Knock Off|p1a: Feraligatr\n|-activate|p1a: Feraligatr|move: Protect\n|\n|-weather|RainDance|[upkeep]\n|-heal|p2b: Conkeldurr|30/100|[from] item: Leftovers\n|-end|p2b: Conkeldurr|Whirlpool|[partiallytrapped]|[silent]\n|-start|p2b: Conkeldurr|perish0\n|-sideend|p2: gabrie783|move: Tailwind\n|faint|p2b: Conkeldurr\n|upkeep\n|\n|t:|1776389048\n|switch|p2b: Hydreigon|Hydreigon, L50, F|100/100\n|turn|5\n|\n|t:|1776389062\n|move|p2b: Hydreigon|Protect|p2b: Hydreigon\n|-singleturn|p2b: Hydreigon|Protect\n|move|p1b: Yamuna|Fake Out|p2b: Hydreigon\n|-activate|p2b: Hydreigon|move: Protect\n|move|p2a: Incineroar|Fake Out|p1a: Feraligatr\n|-damage|p1a: Feraligatr|94/100\n|cant|p1a: Feraligatr|flinch\n|\n|-weather|none\n|upkeep\n|turn|6\n|\n|t:|1776389083\n|switch|p1a: Palafin|Palafin-Hero, L50, M|100/100\n|-activate|p1a: Palafin|ability: Zero to Hero\n|move|p2b: Hydreigon|Draco Meteor|p1a: Palafin\n|-damage|p1a: Palafin|33/100\n|-unboost|p2b: Hydreigon|spa|2\n|move|p1b: Yamuna|Parting Shot|p2a: Incineroar\n|-unboost|p2a: Incineroar|atk|1\n|-unboost|p2a: Incineroar|spa|1\n|\n|t:|1776389092\n|switch|p1b: Politoed|Politoed, L50, M|67/100|[from] Parting Shot\n|-weather|RainDance|[from] ability: Drizzle|[of] p1b: Politoed\n|move|p2a: Incineroar|Flare Blitz|p1b: Politoed\n|-resisted|p1b: Politoed|1\n|-damage|p1b: Politoed|59/100\n|-damage|p2a: Incineroar|98/100|[from] Recoil\n|\n|-weather|RainDance|[upkeep]\n|upkeep\n|turn|7\n|\n|t:|1776389112\n|move|p1a: Palafin|Protect|p1a: Palafin\n|-singleturn|p1a: Palafin|Protect\n|move|p2b: Hydreigon|Dark Pulse|p1a: Palafin\n|-activate|p1a: Palafin|move: Protect\n|move|p1b: Politoed|Perish Song|p1b: Politoed\n|-start|p1a: Palafin|perish3|[silent]\n|-start|p1b: Politoed|perish3|[silent]\n|-start|p2a: Incineroar|perish3|[silent]\n|-start|p2b: Hydreigon|perish3|[silent]\n|-fieldactivate|move: Perish Song\n|move|p2a: Incineroar|Throat Chop|p1b: Politoed\n|-damage|p1b: Politoed|33/100\n|-start|p1b: Politoed|Throat Chop|[silent]\n|\n|-weather|RainDance|[upkeep]\n|-start|p1a: Palafin|perish3\n|-start|p2b: Hydreigon|perish3\n|-start|p1b: Politoed|perish3\n|-start|p2a: Incineroar|perish3\n|upkeep\n|turn|8\n|\n|t:|1776389134\n|move|p1a: Palafin|Jet Punch|p2a: Incineroar\n|-supereffective|p2a: Incineroar|1\n|-damage|p2a: Incineroar|0 fnt\n|faint|p2a: Incineroar\n|move|p2b: Hydreigon|Tailwind|p2b: Hydreigon\n|-sidestart|p2: gabrie783|move: Tailwind\n|move|p1b: Politoed|Whirlpool|p2b: Hydreigon|[miss]\n|-miss|p1b: Politoed|p2b: Hydreigon\n|\n|-weather|RainDance|[upkeep]\n|-end|p1b: Politoed|Throat Chop|[silent]\n|-start|p2b: Hydreigon|perish2\n|-start|p1a: Palafin|perish2\n|-start|p1b: Politoed|perish2\n|upkeep\n|\n|t:|1776389145\n|switch|p2a: Emboar|Emboar, L50, F|100/100\n|turn|9\n|inactive|antimetaservant has 30 seconds left.\n|\n|t:|1776389174\n|detailschange|p2a: Emboar|Emboar-Mega, L50, F\n|-mega|p2a: Emboar|Emboar|Emboarite\n|-ability|p2a: Emboar|Mold Breaker\n|move|p2a: Emboar|Sucker Punch|p1a: Palafin\n|-damage|p1a: Palafin|6/100\n|move|p2b: Hydreigon|Dark Pulse|p1b: Politoed\n|-damage|p1b: Politoed|14/100\n|move|p1a: Palafin|Flip Turn|p2a: Emboar\n|-supereffective|p2a: Emboar|1\n|-damage|p2a: Emboar|0 fnt\n|faint|p2a: Emboar\n|\n|t:|1776389186\n|switch|p1a: Feraligatr|Feraligatr-Mega, L50, F|94/100|[from] Flip Turn\n|move|p1b: Politoed|Perish Song|p1b: Politoed\n|-start|p1a: Feraligatr|perish3|[silent]\n|-fieldactivate|move: Perish Song\n|\n|-weather|RainDance|[upkeep]\n|-start|p2b: Hydreigon|perish1\n|-start|p1b: Politoed|perish1\n|-start|p1a: Feraligatr|perish3\n|upkeep\n|turn|10\n|\n|t:|1776389198\n|move|p2b: Hydreigon|Dark Pulse|p1b: Politoed\n|-damage|p1b: Politoed|0 fnt\n|faint|p1b: Politoed\n|move|p1a: Feraligatr|Facade|p2b: Hydreigon\n|-supereffective|p2b: Hydreigon|1\n|-enditem|p2b: Hydreigon|Focus Sash\n|-damage|p2b: Hydreigon|1/100\n|\n|-weather|none\n|-start|p2b: Hydreigon|perish0\n|-start|p1a: Feraligatr|perish2\n|faint|p2b: Hydreigon\n|\n|win|antimetaservant\n|raw|antimetaservant's rating: 1000 &rarr; <strong>1045</strong><br />(+45 for winning)\n|raw|gabrie783's rating: 1040 &rarr; <strong>1022</strong><br />(-18 for losing)\n|l|\u2606gabrie783\n|player|p2|\n",
  "uploadtime": 1776389244,
  "views": 32,
  "formatid": "gen9championsvgc2026regma",
  "rating": 1022,
  "private": 0,
  "password": null
}