{
  "id": "gen9championsvgc2026regma-2584801820",
  "format": "[Gen 9 Champions] VGC 2026 Reg M-A",
  "players": [
    "AppleWalrus1",
    "benjiapollo"
  ],
  "log": "|j|\u2606AppleWalrus1\n|j|\u2606benjiapollo\n|t:|1776284705\n|gametype|doubles\n|player|p1|AppleWalrus1|caitlin|1261\n|player|p2|benjiapollo|giovanni|1187\n|gen|9\n|tier|[Gen 9 Champions] VGC 2026 Reg M-A\n|rated|\n|rule|Species Clause: Limit one of each Pok\u00e9mon\n|rule|Item Clause: Limit 1 of each item\n|clearpoke\n|poke|p1|Incineroar, L50, F|\n|poke|p1|Gardevoir, L50, F|\n|poke|p1|Milotic, L50, M|\n|poke|p1|Kingambit, L50, F|\n|poke|p1|Goodra-Hisui, L50, F|\n|poke|p1|Sinistcha-Masterpiece, L50|\n|poke|p2|Basculegion, L50, M|\n|poke|p2|Charizard, L50, F|\n|poke|p2|Kingambit, L50, F|\n|poke|p2|Sneasler, L50, M|\n|poke|p2|Venusaur, L50, M|\n|poke|p2|Talonflame, L50, F|\n|teampreview|4\n|inactive|Battle timer is ON: inactive players will automatically lose when time's up. (requested by AppleWalrus1)\n|inactive|AppleWalrus1 has 60 seconds left.\n|inactive|benjiapollo has 60 seconds left.\n|\n|t:|1776284757\n|teamsize|p1|4\n|teamsize|p2|4\n|start\n|switch|p1a: Milotic|Milotic, L50, M|100/100\n|switch|p1b: Gardevoir|Gardevoir, L50, F|100/100\n|switch|p2a: Talonflame|Talonflame, L50, F|100/100\n|switch|p2b: Charizard|Charizard, L50, F|100/100\n|turn|1\n|\n|t:|1776284781\n|switch|p1b: Goodra|Goodra-Hisui, L50, F|100/100\n|detailschange|p2b: Charizard|Charizard-Mega-X, L50, F\n|-mega|p2b: Charizard|Charizard|Charizardite X\n|move|p2a: Talonflame|Tailwind|p2a: Talonflame\n|-sidestart|p2: benjiapollo|move: Tailwind\n|move|p2b: Charizard|Flare Blitz|p1b: Goodra\n|-damage|p1b: Goodra|46/100\n|-damage|p2b: Charizard|78/100|[from] Recoil\n|move|p1a: Milotic|Icy Wind|p2b: Charizard|[spread] p2b\n|-miss|p1a: Milotic|p2a: Talonflame\n|-damage|p2b: Charizard|65/100\n|-unboost|p2b: Charizard|spe|1\n|\n|-heal|p1b: Goodra|52/100|[from] item: Leftovers\n|upkeep\n|turn|2\n|inactive|AppleWalrus1 has 30 seconds left.\n|inactive|benjiapollo has 30 seconds left.\n|inactive|AppleWalrus1 has 20 seconds left.\n|inactive|benjiapollo has 20 seconds left.\n|inactive|AppleWalrus1 has 15 seconds left.\n|inactive|benjiapollo has 15 seconds left.\n|\n|t:|1776284823\n|move|p1a: Milotic|Protect|p1a: Milotic\n|-singleturn|p1a: Milotic|Protect\n|move|p1b: Goodra|Protect|p1b: Goodra\n|-singleturn|p1b: Goodra|Protect\n|move|p2a: Talonflame|Brave Bird|p1a: Milotic\n|-activate|p1a: Milotic|move: Protect\n|move|p2b: Charizard|Flare Blitz|p1b: Goodra\n|-activate|p1b: Goodra|move: Protect\n|\n|-heal|p1b: Goodra|58/100|[from] item: Leftovers\n|upkeep\n|turn|3\n|\n|t:|1776284847\n|move|p2a: Talonflame|Brave Bird|p1a: Milotic\n|-damage|p1a: Milotic|54/100\n|-damage|p2a: Talonflame|80/100|[from] Recoil\n|move|p2b: Charizard|Flare Blitz|p1b: Goodra\n|-damage|p1b: Goodra|4/100\n|-damage|p2b: Charizard|43/100|[from] Recoil\n|move|p1a: Milotic|Scald|p2b: Charizard\n|-damage|p2b: Charizard|8/100\n|move|p1b: Goodra|Knock Off|p2a: Talonflame\n|-damage|p2a: Talonflame|46/100\n|-enditem|p2a: Talonflame|Focus Sash|[from] move: Knock Off|[of] p1b: Goodra\n|\n|-heal|p1b: Goodra|10/100|[from] item: Leftovers\n|upkeep\n|turn|4\n|inactive|AppleWalrus1 has 30 seconds left.\n|inactive|benjiapollo has 30 seconds left.\n|inactive|AppleWalrus1 has 20 seconds left.\n|\n|t:|1776284883\n|move|p2a: Talonflame|Flare Blitz|p1b: Goodra\n|-damage|p1b: Goodra|0 fnt\n|faint|p1b: Goodra\n|-damage|p2a: Talonflame|42/100|[from] Recoil\n|move|p2b: Charizard|Thunder Punch|p1a: Milotic\n|-supereffective|p1a: Milotic|1\n|-damage|p1a: Milotic|0 fnt\n|faint|p1a: Milotic\n|\n|-sideend|p2: benjiapollo|move: Tailwind\n|upkeep\n|\n|t:|1776284890\n|switch|p1a: Gardevoir|Gardevoir, L50, F|100/100\n|switch|p1b: Sinistcha|Sinistcha-Masterpiece, L50|100/100\n|turn|5\n|inactive|AppleWalrus1 has 30 seconds left.\n|\n|t:|1776284921\n|detailschange|p1a: Gardevoir|Gardevoir-Mega, L50, F\n|-mega|p1a: Gardevoir|Gardevoir|Gardevoirite\n|move|p2b: Charizard|Protect|p2b: Charizard\n|-singleturn|p2b: Charizard|Protect\n|move|p2a: Talonflame|Tailwind|p2a: Talonflame\n|-sidestart|p2: benjiapollo|move: Tailwind\n|move|p1b: Sinistcha|Strength Sap|p2b: Charizard\n|-activate|p2b: Charizard|move: Protect\n|move|p1a: Gardevoir|Trick Room|p1a: Gardevoir\n|-fieldstart|move: Trick Room|[of] p1a: Gardevoir\n|\n|upkeep\n|turn|6\n|inactive|AppleWalrus1 has 30 seconds left.\n|\n|t:|1776284946\n|move|p1b: Sinistcha|Strength Sap|p2a: Talonflame\n|-unboost|p2a: Talonflame|atk|1\n|move|p1a: Gardevoir|Hyper Voice|p2b: Charizard|[spread] p2a,p2b\n|-resisted|p2a: Talonflame|1\n|-damage|p2a: Talonflame|6/100\n|-damage|p2b: Charizard|0 fnt\n|faint|p2b: Charizard\n|move|p2a: Talonflame|Brave Bird|p1b: Sinistcha\n|-supereffective|p1b: Sinistcha|1\n|-damage|p1b: Sinistcha|45/100\n|-damage|p2a: Talonflame|0 fnt|[from] Recoil\n|faint|p2a: Talonflame\n|\n|upkeep\n|\n|t:|1776284958\n|switch|p2b: Basculegion|Basculegion, L50, M|100/100\n|switch|p2a: Sneasler|Sneasler, L50, M|100/100\n|turn|7\n|\n|t:|1776284968\n|move|p1a: Gardevoir|Protect|p1a: Gardevoir\n|-singleturn|p1a: Gardevoir|Protect\n|move|p2a: Sneasler|Fake Out|p1a: Gardevoir\n|-activate|p1a: Gardevoir|move: Protect\n|move|p1b: Sinistcha|Strength Sap|p2b: Basculegion\n|-unboost|p2b: Basculegion|atk|1\n|-heal|p1b: Sinistcha|100/100\n|move|p2b: Basculegion|Last Respects|p1b: Sinistcha\n|-supereffective|p1b: Sinistcha|1\n|-damage|p1b: Sinistcha|0 fnt\n|faint|p1b: Sinistcha\n|\n|upkeep\n|turn|8\n|\n|t:|1776284986\n|move|p1a: Gardevoir|Hyper Voice|p2b: Basculegion|[spread] p2a,p2b\n|-damage|p2a: Sneasler|35/100\n|-damage|p2b: Basculegion|43/100\n|move|p2a: Sneasler|Dire Claw|p1a: Gardevoir\n|-supereffective|p1a: Gardevoir|1\n|-damage|p1a: Gardevoir|0 fnt\n|faint|p1a: Gardevoir\n|\n|win|benjiapollo\n|raw|AppleWalrus1's rating: 1261 &rarr; <strong>1231</strong><br />(-30 for losing)\n|raw|benjiapollo's rating: 1187 &rarr; <strong>1217</strong><br />(+30 for winning)\n|l|\u2606AppleWalrus1\n|player|p1|\n",
  "uploadtime": 1776284996,
  "views": 30,
  "formatid": "gen9championsvgc2026regma",
  "rating": 1217,
  "private": 0,
  "password": null
}