{
  "id": "gen9championsvgc2026regma-2582176446",
  "format": "[Gen 9 Champions] VGC 2026 Reg M-A",
  "players": [
    "ScribbleScribble",
    "shadowofroserade04"
  ],
  "log": "|j|\u2606ScribbleScribble\n|j|\u2606shadowofroserade04\n|t:|1776067671\n|gametype|doubles\n|player|p1|ScribbleScribble|mina-lgpe|1434\n|player|p2|shadowofroserade04|roxie|1369\n|gen|9\n|tier|[Gen 9 Champions] VGC 2026 Reg M-A\n|rated|\n|rule|Species Clause: Limit one of each Pok\u00e9mon\n|rule|Item Clause: Limit 1 of each item\n|clearpoke\n|poke|p1|Floette-Eternal, L50, F|\n|poke|p1|Sneasler, L50, M|\n|poke|p1|Aerodactyl, L50, M|\n|poke|p1|Garchomp, L50, F|\n|poke|p1|Rotom-Heat, L50|\n|poke|p1|Basculegion, L50, M|\n|poke|p2|Incineroar, L50, F|\n|poke|p2|Sneasler, L50, M|\n|poke|p2|Zoroark-Hisui, L50, F|\n|poke|p2|Sinistcha, L50|\n|poke|p2|Gardevoir, L50, M|\n|poke|p2|Dragonite, L50, F|\n|teampreview|4\n|inactive|Battle timer is ON: inactive players will automatically lose when time's up. (requested by ScribbleScribble)\n|j| CARtu348rjf90\n|inactive|ScribbleScribble has 60 seconds left.\n|inactive|shadowofroserade04 has 60 seconds left.\n|\n|t:|1776067715\n|teamsize|p1|4\n|teamsize|p2|4\n|start\n|switch|p1a: Sneasler|Sneasler, L50, M|100/100\n|switch|p1b: Aerodactyl|Aerodactyl, L50, M|100/100\n|switch|p2a: Sneasler|Sneasler, L50, M|100/100\n|switch|p2b: Gardevoir|Gardevoir, L50, M|100/100\n|-ability|p1b: Aerodactyl|Unnerve\n|turn|1\n|inactive|shadowofroserade04 has 30 seconds left.\n|inactive|shadowofroserade04 has 20 seconds left.\n|inactive|shadowofroserade04 has 15 seconds left.\n|inactive|shadowofroserade04 has 10 seconds left.\n|\n|t:|1776067761\n|move|p1b: Aerodactyl|Protect|p1b: Aerodactyl\n|-singleturn|p1b: Aerodactyl|Protect\n|move|p1a: Sneasler|Protect|p1a: Sneasler\n|-singleturn|p1a: Sneasler|Protect\n|move|p2b: Gardevoir|Protect|p2b: Gardevoir\n|-singleturn|p2b: Gardevoir|Protect\n|move|p2a: Sneasler|Will-O-Wisp|p1a: Sneasler\n|-activate|p1a: Sneasler|move: Protect\n|\n|upkeep\n|turn|2\n|inactive|shadowofroserade04 has 30 seconds left.\n|\n|t:|1776067792\n|switch|p1a: Floette|Floette-Eternal, L50, F|100/100\n|switch|p2b: Incineroar|Incineroar, L50, F|100/100\n|-ability|p2b: Incineroar|Intimidate|boost\n|-unboost|p1a: Floette|atk|1\n|-unboost|p1b: Aerodactyl|atk|1\n|move|p1b: Aerodactyl|Rock Slide|p2a: Sneasler|[spread] p2a,p2b\n|-supereffective|p2b: Incineroar|1\n|-damage|p2a: Sneasler|68/100\n|-damage|p2b: Incineroar|67/100\n|replace|p2a: Zoroark|Zoroark-Hisui, L50, F\n|-end|p2a: Zoroark|Illusion\n|move|p2a: Zoroark|Bitter Malice|p1b: Aerodactyl\n|-damage|p1b: Aerodactyl|43/100\n|-unboost|p1b: Aerodactyl|atk|1\n|\n|upkeep\n|turn|3\n|inactive|shadowofroserade04 has 30 seconds left.\n|j| RottenPond\n|\n|t:|1776067822\n|move|p1b: Aerodactyl|Protect|p1b: Aerodactyl\n|-singleturn|p1b: Aerodactyl|Protect\n|move|p1a: Floette|Protect|p1a: Floette\n|-singleturn|p1a: Floette|Protect\n|move|p2b: Incineroar|Fake Out|p1a: Floette\n|-activate|p1a: Floette|move: Protect\n|move|p2a: Zoroark|Bitter Malice|p1b: Aerodactyl\n|-activate|p1b: Aerodactyl|move: Protect\n|\n|upkeep\n|turn|4\n|l| RottenPond\n|\n|t:|1776067834\n|detailschange|p1a: Floette|Floette-Mega, L50, F\n|-mega|p1a: Floette|Floette|Floettite\n|-ability|p1a: Floette|Fairy Aura\n|move|p1b: Aerodactyl|Tailwind|p1b: Aerodactyl\n|-sidestart|p1: ScribbleScribble|move: Tailwind\n|move|p1a: Floette|Dazzling Gleam|p2a: Zoroark|[spread] p2a,p2b\n|-damage|p2a: Zoroark|0 fnt\n|-damage|p2b: Incineroar|26/100\n|faint|p2a: Zoroark\n|move|p2b: Incineroar|Parting Shot|p1a: Floette\n|-unboost|p1a: Floette|atk|1\n|-unboost|p1a: Floette|spa|1\n|\n|t:|1776067850\n|switch|p2b: Gardevoir|Gardevoir, L50, M|100/100|[from] Parting Shot\n|\n|upkeep\n|\n|t:|1776067853\n|switch|p2a: Incineroar|Incineroar, L50, F|26/100\n|-ability|p2a: Incineroar|Intimidate|boost\n|-unboost|p1a: Floette|atk|1\n|-unboost|p1b: Aerodactyl|atk|1\n|turn|5\n|\n|t:|1776067859\n|detailschange|p2b: Gardevoir|Gardevoir-Mega, L50, M\n|-mega|p2b: Gardevoir|Gardevoir|Gardevoirite\n|move|p2a: Incineroar|Fake Out|p1a: Floette\n|-damage|p1a: Floette|86/100\n|move|p1b: Aerodactyl|Rock Slide|p2a: Incineroar|[spread] p2a,p2b\n|-supereffective|p2a: Incineroar|1\n|-damage|p2a: Incineroar|7/100\n|-damage|p2b: Gardevoir|88/100\n|cant|p1a: Floette|flinch\n|move|p2b: Gardevoir|Trick Room|p2b: Gardevoir\n|-fieldstart|move: Trick Room|[of] p2b: Gardevoir\n|\n|upkeep\n|turn|6\n|inactive|shadowofroserade04 has 30 seconds left.\n|inactive|shadowofroserade04 has 20 seconds left.\n|\n|t:|1776067895\n|switch|p2a: Sneasler|Sneasler, L50, M|100/100\n|move|p1a: Floette|Protect|p1a: Floette\n|-singleturn|p1a: Floette|Protect\n|move|p2b: Gardevoir|Calm Mind|p2b: Gardevoir\n|-boost|p2b: Gardevoir|spa|1\n|-boost|p2b: Gardevoir|spd|1\n|move|p1b: Aerodactyl|Rock Slide|p2a: Sneasler|[spread] p2a,p2b\n|-resisted|p2a: Sneasler|1\n|-damage|p2a: Sneasler|92/100\n|-damage|p2b: Gardevoir|78/100\n|\n|upkeep\n|turn|7\n|inactive|ScribbleScribble has 30 seconds left.\n|\n|t:|1776067920\n|switch|p2a: Incineroar|Incineroar, L50, F|7/100\n|-ability|p2a: Incineroar|Intimidate|boost\n|-unboost|p1a: Floette|atk|1\n|-unboost|p1b: Aerodactyl|atk|1\n|switch|p1a: Sneasler|Sneasler, L50, M|100/100\n|move|p2b: Gardevoir|Hyper Voice|p1a: Sneasler|[spread] p1a,p1b\n|-damage|p1a: Sneasler|2/100\n|-damage|p1b: Aerodactyl|0 fnt\n|faint|p1b: Aerodactyl\n|\n|-sideend|p1: ScribbleScribble|move: Tailwind\n|upkeep\n|\n|t:|1776067926\n|switch|p1b: Basculegion|Basculegion, L50, M|100/100\n|turn|8\n|j| toririn8000\n|\n|t:|1776067938\n|move|p2a: Incineroar|Fake Out|p1a: Sneasler\n|-damage|p1a: Sneasler|0 fnt\n|faint|p1a: Sneasler\n|move|p2b: Gardevoir|Hyper Voice|p1b: Basculegion\n|-damage|p1b: Basculegion|0 fnt\n|faint|p1b: Basculegion\n|\n|upkeep\n|\n|t:|1776067943\n|switch|p1b: Floette|Floette-Mega, L50, F|86/100\n|-ability|p1b: Floette|Fairy Aura\n|turn|9\n|\n|t:|1776067952\n|switch|p2a: Sneasler|Sneasler, L50, M|92/100\n|move|p2b: Gardevoir|Hyper Voice|p1b: Floette\n|-damage|p1b: Floette|0 fnt\n|faint|p1b: Floette\n|\n|win|shadowofroserade04\n|raw|ScribbleScribble's rating: 1434 &rarr; <strong>1410</strong><br />(-24 for losing)\n|raw|shadowofroserade04's rating: 1369 &rarr; <strong>1393</strong><br />(+24 for winning)\n|l|\u2606ScribbleScribble\n|player|p1|\n",
  "uploadtime": 1776067978,
  "views": 32,
  "formatid": "gen9championsvgc2026regma",
  "rating": 1393,
  "private": 0,
  "password": null
}