{
  "id": "gen9championsvgc2026regma-2585125594",
  "format": "[Gen 9 Champions] VGC 2026 Reg M-A",
  "players": [
    "ShimaTsu17",
    "uffbaba"
  ],
  "log": "|j|\u2606ShimaTsu17\n|j|\u2606uffbaba\n|t:|1776314778\n|gametype|doubles\n|player|p1|ShimaTsu17|ingo|1085\n|player|p2|uffbaba|blackbelt-gen4|1028\n|gen|9\n|tier|[Gen 9 Champions] VGC 2026 Reg M-A\n|rated|\n|rule|Species Clause: Limit one of each Pok\u00e9mon\n|rule|Item Clause: Limit 1 of each item\n|clearpoke\n|poke|p1|Mamoswine, L50, M|\n|poke|p1|Froslass, L50, F|\n|poke|p1|Reuniclus, L50, M|\n|poke|p1|Sinistcha, L50|\n|poke|p1|Kingambit, L50, M|\n|poke|p1|Snorlax, L50, M|\n|poke|p2|Mr. Rime, L50, F|\n|poke|p2|Golurk, L50|\n|poke|p2|Abomasnow, L50, F|\n|poke|p2|Arcanine-Hisui, L50, M|\n|poke|p2|Farigiraf, L50, M|\n|poke|p2|Archaludon, L50, F|\n|teampreview|4\n|\n|t:|1776314805\n|teamsize|p1|4\n|teamsize|p2|4\n|start\n|switch|p1a: YOKI|Froslass, L50, F, shiny|100/100\n|switch|p1b: BRAUM|Mamoswine, L50, M, shiny|100/100\n|switch|p2a: Farigiraf|Farigiraf, L50, M|100/100\n|switch|p2b: Abomasnow|Abomasnow, L50, F|100/100\n|-weather|Snowscape|[from] ability: Snow Warning|[of] p2b: Abomasnow\n|turn|1\n|\n|t:|1776314854\n|detailschange|p1a: YOKI|Froslass-Mega, L50, F, shiny\n|-mega|p1a: YOKI|Froslass|Froslassite\n|detailschange|p2b: Abomasnow|Abomasnow-Mega, L50, F\n|-mega|p2b: Abomasnow|Abomasnow|Abomasite\n|move|p1a: YOKI|Aurora Veil|p1a: YOKI\n|-sidestart|p1: ShimaTsu17|move: Aurora Veil\n|move|p1b: BRAUM|Icicle Crash|p2a: Farigiraf\n|-damage|p2a: Farigiraf|66/100\n|move|p2b: Abomasnow|Giga Drain|p1b: BRAUM\n|-supereffective|p1b: BRAUM|1\n|-damage|p1b: BRAUM|24/100\n|move|p2a: Farigiraf|Trick Room|p2a: Farigiraf\n|-fieldstart|move: Trick Room|[of] p2a: Farigiraf\n|\n|-weather|Snowscape|[upkeep]\n|upkeep\n|turn|2\n|\n|t:|1776314884\n|switch|p1b: MUSASHI|Kingambit, L50, M, shiny|100/100\n|move|p2b: Abomasnow|Aurora Veil|p2b: Abomasnow\n|-sidestart|p2: uffbaba|move: Aurora Veil\n|move|p2a: Farigiraf|Psychic|p1b: MUSASHI\n|-immune|p1b: MUSASHI\n|move|p1a: YOKI|Will-O-Wisp|p2b: Abomasnow\n|-status|p2b: Abomasnow|brn\n|\n|-weather|Snowscape|[upkeep]\n|-damage|p2b: Abomasnow|95/100 brn|[from] brn\n|upkeep\n|turn|3\n|\n|t:|1776314917\n|move|p2a: Farigiraf|Helping Hand|p2b: Abomasnow\n|-singleturn|p2b: Abomasnow|Helping Hand|[of] p2a: Farigiraf\n|move|p1b: MUSASHI|Sucker Punch||[still]\n|cant|p2a: Farigiraf|ability: Armor Tail|Sucker Punch|[of] p1b: MUSASHI\n|move|p2b: Abomasnow|Blizzard|p1a: YOKI|[spread] p1a,p1b\n|-resisted|p1a: YOKI|1\n|-resisted|p1b: MUSASHI|1\n|-damage|p1a: YOKI|74/100\n|-damage|p1b: MUSASHI|77/100\n|move|p1a: YOKI|Will-O-Wisp|p2a: Farigiraf\n|-status|p2a: Farigiraf|brn\n|\n|-weather|Snowscape|[upkeep]\n|-damage|p2b: Abomasnow|89/100 brn|[from] brn\n|-damage|p2a: Farigiraf|60/100 brn|[from] brn\n|upkeep\n|turn|4\n|\n|t:|1776314951\n|switch|p1a: ARIZONA|Sinistcha, L50, shiny|100/100\n|move|p2b: Abomasnow|Giga Drain|p1b: MUSASHI\n|-resisted|p1b: MUSASHI|1\n|-damage|p1b: MUSASHI|63/100\n|-heal|p2b: Abomasnow|98/100 brn|[from] drain|[of] p1b: MUSASHI\n|move|p1b: MUSASHI|Iron Head|p2b: Abomasnow\n|-supereffective|p2b: Abomasnow|1\n|-damage|p2b: Abomasnow|54/100 brn\n|move|p2a: Farigiraf|Psychic|p1a: ARIZONA\n|-damage|p1a: ARIZONA|80/100\n|\n|-weather|Snowscape|[upkeep]\n|-heal|p1a: ARIZONA|86/100|[from] item: Leftovers\n|-damage|p2b: Abomasnow|48/100 brn|[from] brn\n|-damage|p2a: Farigiraf|53/100 brn|[from] brn\n|upkeep\n|turn|5\n|\n|t:|1776314981\n|switch|p2b: Golurk|Golurk, L50|100/100\n|switch|p2a: Mr. Rime|Mr. Rime, L50, F|100/100\n|move|p1a: ARIZONA|Protect|p1a: ARIZONA\n|-singleturn|p1a: ARIZONA|Protect\n|move|p1b: MUSASHI|Kowtow Cleave|p2a: Mr. Rime\n|-supereffective|p2a: Mr. Rime|1\n|-damage|p2a: Mr. Rime|36/100\n|-enditem|p2a: Mr. Rime|Sitrus Berry|[eat]\n|-heal|p2a: Mr. Rime|61/100|[from] item: Sitrus Berry\n|\n|-weather|none\n|-heal|p1a: ARIZONA|92/100|[from] item: Leftovers\n|-sideend|p1: ShimaTsu17|move: Aurora Veil\n|-fieldend|move: Trick Room\n|upkeep\n|turn|6\n|\n|t:|1776315014\n|move|p1b: MUSASHI|Protect|p1b: MUSASHI\n|-singleturn|p1b: MUSASHI|Protect\n|move|p2a: Mr. Rime|Skill Swap|p2b: Golurk\n|-activate|p2a: Mr. Rime|Skill Swap|||[of] p2b: Golurk\n|move|p2b: Golurk|Dynamic Punch|p1b: MUSASHI\n|-activate|p1b: MUSASHI|move: Protect\n|move|p1a: ARIZONA|Trick Room|p1a: ARIZONA\n|-fieldstart|move: Trick Room|[of] p1a: ARIZONA\n|\n|-heal|p1a: ARIZONA|98/100|[from] item: Leftovers\n|-sideend|p2: uffbaba|move: Aurora Veil\n|upkeep\n|turn|7\n|\n|t:|1776315062\n|switch|p2b: Abomasnow|Abomasnow-Mega, L50, F|48/100 brn\n|-weather|Snowscape|[from] ability: Snow Warning|[of] p2b: Abomasnow\n|switch|p1a: YOKI|Froslass-Mega, L50, F, shiny|74/100\n|move|p2a: Mr. Rime|Protect|p2a: Mr. Rime\n|-singleturn|p2a: Mr. Rime|Protect\n|move|p1b: MUSASHI|Kowtow Cleave|p2a: Mr. Rime\n|-activate|p2a: Mr. Rime|move: Protect\n|\n|-weather|Snowscape|[upkeep]\n|-damage|p2b: Abomasnow|42/100 brn|[from] brn\n|upkeep\n|turn|8\n|\n|t:|1776315100\n|move|p1a: YOKI|Protect|p1a: YOKI\n|-singleturn|p1a: YOKI|Protect\n|move|p2b: Abomasnow|Aurora Veil|p2b: Abomasnow\n|-sidestart|p2: uffbaba|move: Aurora Veil\n|move|p1b: MUSASHI|Kowtow Cleave|p2a: Mr. Rime\n|-supereffective|p2a: Mr. Rime|1\n|-damage|p2a: Mr. Rime|0 fnt\n|faint|p2a: Mr. Rime\n|\n|-weather|Snowscape|[upkeep]\n|-damage|p2b: Abomasnow|37/100 brn|[from] brn\n|upkeep\n|\n|t:|1776315140\n|switch|p2a: Golurk|Golurk, L50|100/100\n|turn|9\n|\n|t:|1776315164\n|move|p2b: Abomasnow|Giga Drain|p1a: YOKI\n|-damage|p1a: YOKI|29/100\n|-heal|p2b: Abomasnow|56/100 brn|[from] drain|[of] p1a: YOKI\n|move|p1b: MUSASHI|Iron Head|p2b: Abomasnow\n|-supereffective|p2b: Abomasnow|1\n|-damage|p2b: Abomasnow|17/100 brn\n|move|p2a: Golurk|High Horsepower|p1b: MUSASHI\n|-supereffective|p1b: MUSASHI|1\n|-damage|p1b: MUSASHI|0 fnt\n|faint|p1b: MUSASHI\n|move|p1a: YOKI|Aurora Veil|p1a: YOKI\n|-sidestart|p1: ShimaTsu17|move: Aurora Veil\n|\n|-weather|Snowscape|[upkeep]\n|-damage|p2b: Abomasnow|11/100 brn|[from] brn\n|upkeep\n|\n|t:|1776315188\n|switch|p1b: BRAUM|Mamoswine, L50, M, shiny|24/100\n|turn|10\n|\n|t:|1776315206\n|move|p2b: Abomasnow|Giga Drain|p1b: BRAUM\n|-supereffective|p1b: BRAUM|1\n|-damage|p1b: BRAUM|0 fnt\n|-heal|p2b: Abomasnow|26/100 brn|[from] drain|[of] p1b: BRAUM\n|faint|p1b: BRAUM\n|move|p2a: Golurk|Phantom Force||[still]\n|-prepare|p2a: Golurk|Phantom Force\n|move|p1a: YOKI|Will-O-Wisp|p2a: Golurk\n|-status|p2a: Golurk|brn\n|\n|-weather|Snowscape|[upkeep]\n|-damage|p2b: Abomasnow|20/100 brn|[from] brn\n|-damage|p2a: Golurk|95/100 brn|[from] brn\n|-fieldend|move: Trick Room\n|upkeep\n|\n|t:|1776315219\n|switch|p1b: ARIZONA|Sinistcha, L50, shiny|98/100\n|turn|11\n|\n|t:|1776315230\n|move|p1a: YOKI|Protect|p1a: YOKI\n|-singleturn|p1a: YOKI|Protect\n|move|p2a: Golurk|Phantom Force|p1a: YOKI|[from] lockedmove\n|-activate|p1a: YOKI|move: Phantom Force|[broken]\n|-supereffective|p1a: YOKI|1\n|-damage|p1a: YOKI|0 fnt\n|faint|p1a: YOKI\n|move|p2b: Abomasnow|Blizzard|p1b: ARIZONA\n|-supereffective|p1b: ARIZONA|1\n|-damage|p1b: ARIZONA|33/100\n|move|p1b: ARIZONA|Trick Room|p1b: ARIZONA\n|-fieldstart|move: Trick Room|[of] p1b: ARIZONA\n|\n|-weather|none\n|-heal|p1b: ARIZONA|39/100|[from] item: Leftovers\n|-damage|p2b: Abomasnow|14/100 brn|[from] brn\n|-damage|p2a: Golurk|89/100 brn|[from] brn\n|upkeep\n|turn|12\n|\n|t:|1776315248\n|move|p1b: ARIZONA|Protect|p1b: ARIZONA\n|-singleturn|p1b: ARIZONA|Protect\n|move|p2b: Abomasnow|Blizzard|p1b: ARIZONA\n|-activate|p1b: ARIZONA|move: Protect\n|move|p2a: Golurk|Phantom Force||[still]\n|-prepare|p2a: Golurk|Phantom Force\n|\n|-heal|p1b: ARIZONA|45/100|[from] item: Leftovers\n|-damage|p2b: Abomasnow|9/100 brn|[from] brn\n|-damage|p2a: Golurk|83/100 brn|[from] brn\n|-sideend|p2: uffbaba|move: Aurora Veil\n|upkeep\n|turn|13\n|\n|t:|1776315262\n|switch|p2b: Farigiraf|Farigiraf, L50, M|53/100 brn\n|move|p2a: Golurk|Phantom Force|p1b: ARIZONA|[from] lockedmove\n|-supereffective|p1b: ARIZONA|1\n|-damage|p1b: ARIZONA|19/100\n|move|p1b: ARIZONA|Matcha Gotcha|p2b: Farigiraf|[spread] p2a,p2b\n|-supereffective|p2a: Golurk|1\n|-damage|p2a: Golurk|29/100 brn\n|-heal|p1b: ARIZONA|48/100|[from] drain|[of] p2a: Golurk\n|-damage|p2b: Farigiraf|33/100 brn\n|-heal|p1b: ARIZONA|61/100|[from] drain|[of] p2b: Farigiraf\n|\n|-heal|p1b: ARIZONA|67/100|[from] item: Leftovers\n|-damage|p2a: Golurk|24/100 brn|[from] brn\n|-damage|p2b: Farigiraf|27/100 brn|[from] brn\n|-sideend|p1: ShimaTsu17|move: Aurora Veil\n|upkeep\n|turn|14\n|\n|t:|1776315282\n|move|p1b: ARIZONA|Protect|p1b: ARIZONA\n|-singleturn|p1b: ARIZONA|Protect\n|move|p2a: Golurk|Phantom Force||[still]\n|-prepare|p2a: Golurk|Phantom Force\n|move|p2b: Farigiraf|Psychic|p1b: ARIZONA\n|-activate|p1b: ARIZONA|move: Protect\n|\n|-heal|p1b: ARIZONA|73/100|[from] item: Leftovers\n|-damage|p2a: Golurk|18/100 brn|[from] brn\n|-damage|p2b: Farigiraf|21/100 brn|[from] brn\n|upkeep\n|turn|15\n|\n|t:|1776315293\n|move|p2b: Farigiraf|Helping Hand|p2a: Golurk\n|-singleturn|p2a: Golurk|Helping Hand|[of] p2b: Farigiraf\n|move|p2a: Golurk|Phantom Force|p1b: ARIZONA|[from] lockedmove\n|-supereffective|p1b: ARIZONA|1\n|-damage|p1b: ARIZONA|13/100\n|move|p1b: ARIZONA|Matcha Gotcha|p2b: Farigiraf|[spread] p2a,p2b\n|-supereffective|p2a: Golurk|1\n|-damage|p2a: Golurk|0 fnt\n|-heal|p1b: ARIZONA|23/100|[from] drain|[of] p2a: Golurk\n|-damage|p2b: Farigiraf|0 fnt\n|-heal|p1b: ARIZONA|36/100|[from] drain|[of] p2b: Farigiraf\n|faint|p2a: Golurk\n|faint|p2b: Farigiraf\n|\n|-heal|p1b: ARIZONA|42/100|[from] item: Leftovers\n|-fieldend|move: Trick Room\n|upkeep\n|\n|t:|1776315296\n|switch|p2b: Abomasnow|Abomasnow-Mega, L50, F|9/100 brn\n|-weather|Snowscape|[from] ability: Snow Warning|[of] p2b: Abomasnow\n|turn|16\n|\n|t:|1776315327\n|move|p1b: ARIZONA|Protect|p1b: ARIZONA\n|-singleturn|p1b: ARIZONA|Protect\n|move|p2b: Abomasnow|Blizzard|p1b: ARIZONA\n|-activate|p1b: ARIZONA|move: Protect\n|\n|-weather|Snowscape|[upkeep]\n|-heal|p1b: ARIZONA|48/100|[from] item: Leftovers\n|-damage|p2b: Abomasnow|3/100 brn|[from] brn\n|upkeep\n|turn|17\n|\n|t:|1776315337\n|move|p1b: ARIZONA|Matcha Gotcha|p2b: Abomasnow|[miss]\n|-miss|p1b: ARIZONA|p2b: Abomasnow\n|move|p2b: Abomasnow|Blizzard|p1b: ARIZONA\n|-supereffective|p1b: ARIZONA|1\n|-damage|p1b: ARIZONA|0 fnt\n|faint|p1b: ARIZONA\n|\n|win|uffbaba\n|raw|ShimaTsu17's rating: 1085 &rarr; <strong>1059</strong><br />(-26 for losing)\n|raw|uffbaba's rating: 1028 &rarr; <strong>1070</strong><br />(+42 for winning)\n|l|\u2606uffbaba\n|player|p2|\n",
  "uploadtime": 1776315375,
  "views": 26,
  "formatid": "gen9championsvgc2026regma",
  "rating": 1059,
  "private": 0,
  "password": null
}