{
  "id": "gen9championsvgc2026regma-2581940998",
  "format": "[Gen 9 Champions] VGC 2026 Reg M-A",
  "players": [
    "SloaneRegard",
    "ryankun26"
  ],
  "log": "|j|\u2606SloaneRegard\n|j|\u2606ryankun26\n|t:|1776041700\n|gametype|doubles\n|player|p1|SloaneRegard|265|1201\n|player|p2|ryankun26|hilda|1199\n|gen|9\n|tier|[Gen 9 Champions] VGC 2026 Reg M-A\n|rated|\n|rule|Species Clause: Limit one of each Pok\u00e9mon\n|rule|Item Clause: Limit 1 of each item\n|clearpoke\n|poke|p1|Drampa, L50, F|\n|poke|p1|Archaludon, L50, F|\n|poke|p1|Pelipper, L50, F|\n|poke|p1|Farigiraf, L50, M|\n|poke|p1|Sinistcha, L50|\n|poke|p1|Incineroar, L50, F|\n|poke|p2|Talonflame, L50, F|\n|poke|p2|Glimmora, L50, F|\n|poke|p2|Tsareena, L50, F|\n|poke|p2|Gyarados, L50, M|\n|poke|p2|Clefable, L50, F|\n|poke|p2|Hydreigon, L50, F|\n|teampreview|4\n|inactive|Battle timer is ON: inactive players will automatically lose when time's up. (requested by ryankun26)\n|inactive|ryankun26 has 60 seconds left.\n|\n|t:|1776041754\n|teamsize|p1|4\n|teamsize|p2|4\n|start\n|switch|p1a: Farigiraf|Farigiraf, L50, M|100/100\n|switch|p1b: Incineroar|Incineroar, L50, F|100/100\n|switch|p2a: Tsareena|Tsareena, L50, F|100/100\n|switch|p2b: Gyarados|Gyarados, L50, M|100/100\n|-ability|p2b: Gyarados|Intimidate|boost\n|-unboost|p1a: Farigiraf|atk|1\n|-unboost|p1b: Incineroar|atk|1\n|-ability|p1b: Incineroar|Intimidate|boost\n|-unboost|p2a: Tsareena|atk|1\n|-unboost|p2b: Gyarados|atk|1\n|-enditem|p2a: Tsareena|White Herb\n|-clearnegativeboost|p2a: Tsareena|[silent]\n|turn|1\n|inactive|SloaneRegard has 30 seconds left.\n|\n|t:|1776041780\n|move|p1b: Incineroar|Fake Out||[still]\n|cant|p2a: Tsareena|ability: Queenly Majesty|Fake Out|[of] p1b: Incineroar\n|move|p2b: Gyarados|Taunt|p1a: Farigiraf\n|-start|p1a: Farigiraf|move: Taunt\n|-enditem|p1a: Farigiraf|Mental Herb\n|-end|p1a: Farigiraf|move: Taunt\n|move|p2a: Tsareena|Taunt|p1a: Farigiraf\n|-start|p1a: Farigiraf|move: Taunt\n|cant|p1a: Farigiraf|move: Taunt|Trick Room\n|\n|upkeep\n|turn|2\n|c|\u2606ryankun26|Gotta love the ol' double taunt\n|inactive|SloaneRegard has 30 seconds left.\n|inactive|ryankun26 has 30 seconds left.\n|inactive|SloaneRegard has 20 seconds left.\n|\n|t:|1776041819\n|move|p2b: Gyarados|Waterfall|p1b: Incineroar\n|-supereffective|p1b: Incineroar|1\n|-damage|p1b: Incineroar|55/100\n|move|p2a: Tsareena|Low Kick|p1b: Incineroar\n|-supereffective|p1b: Incineroar|1\n|-damage|p1b: Incineroar|9/100\n|cant|p1b: Incineroar|flinch\n|move|p1a: Farigiraf|Dazzling Gleam|p2a: Tsareena|[spread] p2a,p2b\n|-damage|p2a: Tsareena|81/100\n|-damage|p2b: Gyarados|84/100\n|\n|-heal|p2b: Gyarados|91/100|[from] item: Leftovers\n|-heal|p1b: Incineroar|15/100|[from] item: Leftovers\n|upkeep\n|turn|3\n|inactive|SloaneRegard has 30 seconds left.\n|\n|t:|1776041845\n|switch|p1b: Sinistcha|Sinistcha, L50|100/100\n|move|p2b: Gyarados|Waterfall|p1b: Sinistcha\n|-resisted|p1b: Sinistcha|1\n|-damage|p1b: Sinistcha|90/100\n|move|p2a: Tsareena|Trop Kick|p1a: Farigiraf\n|-damage|p1a: Farigiraf|63/100\n|-unboost|p1a: Farigiraf|atk|1\n|move|p1a: Farigiraf|Dazzling Gleam|p2b: Gyarados|[spread] p2a,p2b\n|-crit|p2b: Gyarados\n|-damage|p2a: Tsareena|62/100\n|-damage|p2b: Gyarados|67/100\n|\n|-heal|p2b: Gyarados|73/100|[from] item: Leftovers\n|-end|p1a: Farigiraf|move: Taunt\n|upkeep\n|turn|4\n|inactive|SloaneRegard has 30 seconds left.\n|\n|t:|1776041875\n|move|p2b: Gyarados|Taunt|p1b: Sinistcha\n|-start|p1b: Sinistcha|move: Taunt\n|move|p2a: Tsareena|Taunt|p1a: Farigiraf\n|-start|p1a: Farigiraf|move: Taunt\n|move|p1b: Sinistcha|Matcha Gotcha|p2b: Gyarados|[spread] p2a,p2b\n|-resisted|p2a: Tsareena|1\n|-damage|p2a: Tsareena|50/100\n|-heal|p1b: Sinistcha|97/100|[from] drain|[of] p2a: Tsareena\n|-damage|p2b: Gyarados|51/100\n|-heal|p1b: Sinistcha|100/100|[from] drain|[of] p2b: Gyarados\n|-status|p2a: Tsareena|brn\n|move|p1a: Farigiraf|Dazzling Gleam|p2a: Tsareena|[spread] p2a,p2b\n|-damage|p2a: Tsareena|31/100 brn\n|-damage|p2b: Gyarados|35/100\n|\n|-heal|p2b: Gyarados|42/100|[from] item: Leftovers\n|-damage|p2a: Tsareena|25/100 brn|[from] brn\n|upkeep\n|turn|5\n|inactive|ryankun26 has 30 seconds left.\n|\n|t:|1776041900\n|switch|p2a: Glimmora|Glimmora, L50, F|100/100\n|move|p2b: Gyarados|Waterfall|p1a: Farigiraf\n|-damage|p1a: Farigiraf|38/100\n|move|p1b: Sinistcha|Matcha Gotcha|p2b: Gyarados|[spread] p2a,p2b\n|-damage|p2a: Glimmora|70/100\n|-damage|p2b: Gyarados|19/100\n|-status|p2b: Gyarados|brn\n|cant|p1a: Farigiraf|flinch\n|\n|-heal|p2b: Gyarados|25/100 brn|[from] item: Leftovers\n|-damage|p2b: Gyarados|19/100 brn|[from] brn\n|upkeep\n|turn|6\n|inactive|SloaneRegard has 30 seconds left.\n|\n|t:|1776041934\n|switch|p2b: Tsareena|Tsareena, L50, F|25/100 brn\n|switch|p1b: Incineroar|Incineroar, L50, F|15/100\n|-ability|p1b: Incineroar|Intimidate|boost\n|-unboost|p2a: Glimmora|atk|1\n|-unboost|p2b: Tsareena|atk|1\n|detailschange|p2a: Glimmora|Glimmora-Mega, L50, F\n|-mega|p2a: Glimmora|Glimmora|Glimmoranite\n|move|p2a: Glimmora|Sludge Bomb|p1a: Farigiraf\n|-damage|p1a: Farigiraf|0 fnt\n|faint|p1a: Farigiraf\n|\n|-heal|p1b: Incineroar|21/100|[from] item: Leftovers\n|-damage|p2b: Tsareena|19/100 brn|[from] brn\n|upkeep\n|inactive|SloaneRegard has 30 seconds left.\n|\n|t:|1776041960\n|switch|p1a: Drampa|Drampa, L50, F|100/100\n|turn|7\n|\n|t:|1776041979\n|switch|p1b: Sinistcha|Sinistcha, L50|100/100\n|detailschange|p1a: Drampa|Drampa-Mega, L50, F\n|-mega|p1a: Drampa|Drampa|Drampanite\n|move|p2a: Glimmora|Sludge Bomb|p1a: Drampa\n|-damage|p1a: Drampa|45/100\n|-ability|p1a: Drampa|Berserk|boost\n|-boost|p1a: Drampa|spa|1\n|move|p2b: Tsareena|Low Kick|p1b: Sinistcha\n|-immune|p1b: Sinistcha\n|move|p1a: Drampa|Hyper Voice|p2b: Tsareena|[spread] p2a,p2b\n|-resisted|p2a: Glimmora|1\n|-damage|p2a: Glimmora|34/100\n|-damage|p2b: Tsareena|0 fnt\n|faint|p2b: Tsareena\n|\n|upkeep\n|\n|t:|1776041990\n|switch|p2b: Clefable|Clefable, L50, F|100/100\n|turn|8\n|\n|t:|1776042009\n|move|p1a: Drampa|Protect|p1a: Drampa\n|-singleturn|p1a: Drampa|Protect\n|move|p2a: Glimmora|Sludge Bomb|p1b: Sinistcha\n|-damage|p1b: Sinistcha|27/100\n|-enditem|p1b: Sinistcha|Sitrus Berry|[eat]\n|-heal|p1b: Sinistcha|52/100|[from] item: Sitrus Berry\n|move|p2b: Clefable|Moonblast|p1b: Sinistcha\n|-damage|p1b: Sinistcha|11/100\n|-unboost|p1b: Sinistcha|spa|1\n|move|p1b: Sinistcha|Trick Room|p1b: Sinistcha\n|-fieldstart|move: Trick Room|[of] p1b: Sinistcha\n|\n|upkeep\n|turn|9\n|inactive|SloaneRegard has 30 seconds left.\n|inactive|SloaneRegard has 20 seconds left.\n|inactive|SloaneRegard has 15 seconds left.\n|\n|t:|1776042050\n|move|p2a: Glimmora|Spiky Shield|p2a: Glimmora\n|-singleturn|p2a: Glimmora|move: Protect\n|move|p1b: Sinistcha|Rage Powder|p1b: Sinistcha\n|-singleturn|p1b: Sinistcha|move: Rage Powder\n|move|p1a: Drampa|Earth Power|p2a: Glimmora\n|-activate|p2a: Glimmora|move: Protect\n|move|p2b: Clefable|Moonblast|p1b: Sinistcha\n|-damage|p1b: Sinistcha|0 fnt\n|faint|p1b: Sinistcha\n|\n|upkeep\n|\n|t:|1776042059\n|switch|p1b: Incineroar|Incineroar, L50, F|21/100\n|-ability|p1b: Incineroar|Intimidate|boost\n|-unboost|p2a: Glimmora|atk|1\n|-unboost|p2b: Clefable|atk|1\n|turn|10\n|\n|t:|1776042077\n|switch|p2a: Gyarados|Gyarados, L50, M|19/100 brn\n|-ability|p2a: Gyarados|Intimidate|boost\n|-unboost|p1a: Drampa|atk|1\n|-unboost|p1b: Incineroar|atk|1\n|move|p2b: Clefable|Protect|p2b: Clefable\n|-singleturn|p2b: Clefable|Protect\n|move|p1b: Incineroar|Fake Out|p2b: Clefable\n|-activate|p2b: Clefable|move: Protect\n|move|p1a: Drampa|Earth Power|p2a: Gyarados\n|-immune|p2a: Gyarados\n|\n|-heal|p1b: Incineroar|27/100|[from] item: Leftovers\n|-heal|p2a: Gyarados|25/100 brn|[from] item: Leftovers\n|-damage|p2a: Gyarados|19/100 brn|[from] brn\n|upkeep\n|turn|11\n|inactive|SloaneRegard has 30 seconds left.\n|\n|t:|1776042106\n|move|p1a: Drampa|Hyper Voice|p2b: Clefable|[spread] p2a,p2b\n|-damage|p2a: Gyarados|0 fnt\n|-damage|p2b: Clefable|64/100\n|faint|p2a: Gyarados\n|move|p1b: Incineroar|Flare Blitz|p2b: Clefable\n|-damage|p2b: Clefable|10/100\n|-enditem|p2b: Clefable|Sitrus Berry|[eat]\n|-heal|p2b: Clefable|35/100|[from] item: Sitrus Berry\n|-damage|p1b: Incineroar|9/100|[from] Recoil\n|move|p2b: Clefable|Moonblast|p1a: Drampa\n|-supereffective|p1a: Drampa|1\n|-damage|p1a: Drampa|0 fnt\n|faint|p1a: Drampa\n|\n|-heal|p1b: Incineroar|15/100|[from] item: Leftovers\n|upkeep\n|\n|t:|1776042119\n|switch|p2a: Glimmora|Glimmora-Mega, L50, F|34/100\n|turn|12\n|\n|t:|1776042126\n|move|p2b: Clefable|Protect|p2b: Clefable\n|-singleturn|p2b: Clefable|Protect\n|move|p2a: Glimmora|Spiky Shield|p2a: Glimmora\n|-singleturn|p2a: Glimmora|move: Protect\n|move|p1b: Incineroar|Flare Blitz|p2b: Clefable\n|-activate|p2b: Clefable|move: Protect\n|\n|-heal|p1b: Incineroar|21/100|[from] item: Leftovers\n|-fieldend|move: Trick Room\n|upkeep\n|turn|13\n|c|\u2606SloaneRegard|gg\n|c|\u2606ryankun26|GG\n|\n|t:|1776042140\n|move|p2a: Glimmora|Power Gem|p1b: Incineroar\n|-supereffective|p1b: Incineroar|1\n|-damage|p1b: Incineroar|0 fnt\n|faint|p1b: Incineroar\n|\n|win|ryankun26\n|raw|SloaneRegard's rating: 1201 &rarr; <strong>1176</strong><br />(-25 for losing)\n|raw|ryankun26's rating: 1199 &rarr; <strong>1224</strong><br />(+25 for winning)\n",
  "uploadtime": 1776042150,
  "views": 12,
  "formatid": "gen9championsvgc2026regma",
  "rating": 1176,
  "private": 0,
  "password": null
}