{
  "id": "gen9championsvgc2026regma-2585702178",
  "format": "[Gen 9 Champions] VGC 2026 Reg M-A",
  "players": [
    "LilGrapes",
    "ZeroPops"
  ],
  "log": "|j|\u2606LilGrapes\n|j|\u2606ZeroPops\n|t:|1776364747\n|gametype|doubles\n|player|p1|LilGrapes|2|1263\n|player|p2|ZeroPops|1|1255\n|gen|9\n|tier|[Gen 9 Champions] VGC 2026 Reg M-A\n|rated|\n|rule|Species Clause: Limit one of each Pok\u00e9mon\n|rule|Item Clause: Limit 1 of each item\n|clearpoke\n|poke|p1|Aerodactyl, L50, M|\n|poke|p1|Sinistcha, L50|\n|poke|p1|Delphox, L50, F|\n|poke|p1|Milotic, L50, F|\n|poke|p1|Archaludon, L50, F|\n|poke|p1|Tyranitar, L50, M|\n|poke|p2|Floette-Eternal, L50, F|\n|poke|p2|Aerodactyl, L50, F|\n|poke|p2|Sneasler, L50, M|\n|poke|p2|Incineroar, L50, F|\n|poke|p2|Kingambit, L50, F|\n|poke|p2|Basculegion, L50, M|\n|teampreview|4\n|\n|t:|1776364768\n|teamsize|p1|4\n|teamsize|p2|4\n|start\n|switch|p1a: Sinistcha|Sinistcha, L50|100/100\n|switch|p1b: Milotic|Milotic, L50, F|100/100\n|switch|p2a: Incineroar|Incineroar, L50, F|100/100\n|switch|p2b: Floette|Floette-Eternal, L50, F|100/100\n|-ability|p2a: Incineroar|Intimidate|boost\n|-unboost|p1a: Sinistcha|atk|1\n|-unboost|p1b: Milotic|atk|1\n|-ability|p1b: Milotic|Competitive|boost\n|-boost|p1b: Milotic|spa|2\n|turn|1\n|\n|t:|1776364779\n|detailschange|p2b: Floette|Floette-Mega, L50, F\n|-mega|p2b: Floette|Floette|Floettite\n|-ability|p2b: Floette|Fairy Aura\n|move|p1b: Milotic|Protect|p1b: Milotic\n|-singleturn|p1b: Milotic|Protect\n|move|p2a: Incineroar|Fake Out|p1b: Milotic\n|-activate|p1b: Milotic|move: Protect\n|move|p2b: Floette|Calm Mind|p2b: Floette\n|-boost|p2b: Floette|spa|1\n|-boost|p2b: Floette|spd|1\n|move|p1a: Sinistcha|Trick Room|p1a: Sinistcha\n|-fieldstart|move: Trick Room|[of] p1a: Sinistcha\n|\n|upkeep\n|turn|2\n|\n|t:|1776364798\n|move|p1a: Sinistcha|Matcha Gotcha|p2a: Incineroar|[spread] p2a,p2b\n|-resisted|p2a: Incineroar|1\n|-damage|p2a: Incineroar|86/100\n|-damage|p2b: Floette|87/100\n|move|p2a: Incineroar|Throat Chop|p1a: Sinistcha\n|-supereffective|p1a: Sinistcha|1\n|-damage|p1a: Sinistcha|32/100\n|-start|p1a: Sinistcha|Throat Chop|[silent]\n|-enditem|p1a: Sinistcha|Sitrus Berry|[eat]\n|-heal|p1a: Sinistcha|57/100|[from] item: Sitrus Berry\n|move|p1b: Milotic|Scald|p2b: Floette\n|-damage|p2b: Floette|53/100\n|move|p2b: Floette|Dazzling Gleam|p1a: Sinistcha|[spread] p1a,p1b\n|-damage|p1a: Sinistcha|0 fnt\n|-damage|p1b: Milotic|47/100\n|faint|p1a: Sinistcha\n|\n|-heal|p1b: Milotic|53/100|[from] item: Leftovers\n|upkeep\n|\n|t:|1776364811\n|switch|p1a: Tyranitar|Tyranitar, L50, M|100/100\n|-weather|Sandstorm|[from] ability: Sand Stream|[of] p1a: Tyranitar\n|turn|3\n|\n|t:|1776364818\n|move|p2b: Floette|Protect|p2b: Floette\n|-singleturn|p2b: Floette|Protect\n|move|p1a: Tyranitar|Rock Slide|p2a: Incineroar|[spread] p2a\n|-activate|p2b: Floette|move: Protect\n|-supereffective|p2a: Incineroar|1\n|-damage|p2a: Incineroar|31/100\n|move|p2a: Incineroar|Parting Shot|p1a: Tyranitar\n|-unboost|p1a: Tyranitar|atk|1\n|-unboost|p1a: Tyranitar|spa|1\n|\n|t:|1776364826\n|switch|p2a: Aerodactyl|Aerodactyl, L50, F|100/100|[from] Parting Shot\n|-ability|p2a: Aerodactyl|Unnerve\n|move|p1b: Milotic|Scald|p2a: Aerodactyl\n|-supereffective|p2a: Aerodactyl|1\n|-enditem|p2a: Aerodactyl|Focus Sash\n|-damage|p2a: Aerodactyl|1/100\n|\n|-weather|Sandstorm|[upkeep]\n|-damage|p1b: Milotic|47/100|[from] Sandstorm\n|-damage|p2b: Floette|47/100|[from] Sandstorm\n|-heal|p1b: Milotic|53/100|[from] item: Leftovers\n|upkeep\n|turn|4\n|\n|t:|1776364835\n|switch|p1a: Archaludon|Archaludon, L50, F|100/100\n|switch|p2a: Incineroar|Incineroar, L50, F|31/100\n|-ability|p2a: Incineroar|Intimidate|boost\n|-unboost|p1a: Archaludon|atk|1\n|-unboost|p1b: Milotic|atk|1\n|-ability|p1b: Milotic|Competitive|boost\n|-boost|p1b: Milotic|spa|2\n|-enditem|p1a: Archaludon|White Herb\n|-clearnegativeboost|p1a: Archaludon|[silent]\n|move|p1b: Milotic|Icy Wind|p2b: Floette|[spread] p2a\n|-miss|p1b: Milotic|p2b: Floette\n|-resisted|p2a: Incineroar|1\n|-damage|p2a: Incineroar|12/100\n|-unboost|p2a: Incineroar|spe|1\n|move|p2b: Floette|Dazzling Gleam|p1a: Archaludon|[spread] p1a,p1b\n|-damage|p1a: Archaludon|1/100\n|-damage|p1b: Milotic|2/100\n|-ability|p1a: Archaludon|Stamina|boost\n|-boost|p1a: Archaludon|def|1\n|\n|-weather|Sandstorm|[upkeep]\n|-damage|p2a: Incineroar|6/100|[from] Sandstorm\n|-damage|p1b: Milotic|0 fnt|[from] Sandstorm\n|-damage|p2b: Floette|41/100|[from] Sandstorm\n|faint|p1b: Milotic\n|upkeep\n|\n|t:|1776364850\n|switch|p1b: Tyranitar|Tyranitar, L50, M|100/100\n|turn|5\n|\n|t:|1776364860\n|switch|p2a: Aerodactyl|Aerodactyl, L50, F|1/100\n|-ability|p2a: Aerodactyl|Unnerve\n|detailschange|p1b: Tyranitar|Tyranitar-Mega, L50, M\n|-mega|p1b: Tyranitar|Tyranitar|Tyranitarite\n|move|p1a: Archaludon|Protect|p1a: Archaludon\n|-singleturn|p1a: Archaludon|Protect\n|move|p2b: Floette|Protect|p2b: Floette\n|-singleturn|p2b: Floette|Protect\n|move|p1b: Tyranitar|Rock Slide|p2a: Aerodactyl|[spread] p2a\n|-activate|p2b: Floette|move: Protect\n|-supereffective|p2a: Aerodactyl|1\n|-damage|p2a: Aerodactyl|0 fnt\n|faint|p2a: Aerodactyl\n|\n|-weather|Sandstorm|[upkeep]\n|-damage|p2b: Floette|35/100|[from] Sandstorm\n|-fieldend|move: Trick Room\n|upkeep\n|\n|t:|1776364870\n|switch|p2a: Incineroar|Incineroar, L50, F|6/100\n|-ability|p2a: Incineroar|Intimidate|boost\n|-unboost|p1a: Archaludon|atk|1\n|-unboost|p1b: Tyranitar|atk|1\n|turn|6\n|c|\u2606ZeroPops|big quacker\n|\n|t:|1776364880\n|move|p1a: Archaludon|Protect|p1a: Archaludon\n|-singleturn|p1a: Archaludon|Protect\n|move|p2a: Incineroar|Fake Out|p1a: Archaludon\n|-activate|p1a: Archaludon|move: Protect\n|move|p2b: Floette|Moonblast|p1b: Tyranitar\n|-supereffective|p1b: Tyranitar|1\n|-crit|p1b: Tyranitar\n|-damage|p1b: Tyranitar|0 fnt\n|faint|p1b: Tyranitar\n|\n|-weather|Sandstorm|[upkeep]\n|-damage|p2b: Floette|29/100|[from] Sandstorm\n|-damage|p2a: Incineroar|0 fnt|[from] Sandstorm\n|faint|p2a: Incineroar\n|upkeep\n|\n|t:|1776364883\n|switch|p2a: Basculegion|Basculegion, L50, M|100/100\n|turn|7\n|\n|t:|1776364887\n|move|p2a: Basculegion|Last Respects|p1a: Archaludon\n|-damage|p1a: Archaludon|0 fnt\n|faint|p1a: Archaludon\n|\n|win|ZeroPops\n|raw|LilGrapes's rating: 1263 &rarr; <strong>1237</strong><br />(-26 for losing)\n|raw|ZeroPops's rating: 1255 &rarr; <strong>1281</strong><br />(+26 for winning)\n|l|\u2606LilGrapes\n|player|p1|\n",
  "uploadtime": 1776364891,
  "views": 51,
  "formatid": "gen9championsvgc2026regma",
  "rating": 1237,
  "private": 0,
  "password": null
}