{
  "id": "gen9championsvgc2026regma-2584543895",
  "format": "[Gen 9 Champions] VGC 2026 Reg M-A",
  "players": [
    "Hedgehogwarrior",
    "TechnoBooster"
  ],
  "log": "|j|\u2606Hedgehogwarrior\n|j|\u2606TechnoBooster\n|t:|1776267745\n|gametype|doubles\n|player|p1|Hedgehogwarrior|170|1090\n|player|p2|TechnoBooster|blackbelt-gen4|1069\n|gen|9\n|tier|[Gen 9 Champions] VGC 2026 Reg M-A\n|rated|\n|rule|Species Clause: Limit one of each Pok\u00e9mon\n|rule|Item Clause: Limit 1 of each item\n|clearpoke\n|poke|p1|Crabominable, L50, M|\n|poke|p1|Slowking-Galar, L50, F|\n|poke|p1|Sinistcha, L50|\n|poke|p1|Incineroar, L50, M|\n|poke|p1|Aurorus, L50, M|\n|poke|p1|Aerodactyl, L50, F|\n|poke|p2|Incineroar, L50, F|\n|poke|p2|Sneasler, L50, M|\n|poke|p2|Floette-Eternal, L50, F|\n|poke|p2|Kingambit, L50, F|\n|poke|p2|Zoroark-Hisui, L50, F|\n|poke|p2|Palafin, L50, F|\n|teampreview|4\n|\n|t:|1776267778\n|teamsize|p1|4\n|teamsize|p2|4\n|start\n|switch|p1a: Aerodactyl|Aerodactyl, L50, F|100/100\n|switch|p1b: Incineroar|Incineroar, L50, M|100/100\n|switch|p2a: Incineroar|Incineroar, L50, F|100/100\n|switch|p2b: Kingambit|Kingambit, L50, F|100/100\n|-ability|p1a: Aerodactyl|Unnerve\n|-ability|p1b: Incineroar|Intimidate|boost\n|-unboost|p2a: Incineroar|atk|1\n|-unboost|p2b: Kingambit|atk|1\n|-ability|p2a: Incineroar|Intimidate|boost\n|-unboost|p1a: Aerodactyl|atk|1\n|-unboost|p1b: Incineroar|atk|1\n|-enditem|p1a: Aerodactyl|White Herb\n|-clearnegativeboost|p1a: Aerodactyl|[silent]\n|turn|1\n|\n|t:|1776267825\n|move|p2a: Incineroar|Fake Out|p1a: Aerodactyl\n|-resisted|p1a: Aerodactyl|1\n|-damage|p1a: Aerodactyl|94/100\n|cant|p1a: Aerodactyl|flinch\n|move|p2b: Kingambit|Focus Blast|p1b: Incineroar\n|-supereffective|p1b: Incineroar|1\n|-damage|p1b: Incineroar|26/100\n|-enditem|p1b: Incineroar|Sitrus Berry|[eat]\n|-heal|p1b: Incineroar|51/100|[from] item: Sitrus Berry\n|move|p1b: Incineroar|Throat Chop|p2b: Kingambit\n|-supereffective|p2b: Kingambit|1\n|-enditem|p2b: Kingambit|Focus Sash\n|-damage|p2b: Kingambit|1/100\n|-start|p2b: Kingambit|Throat Chop|[silent]\n|replace|p2b: Zoroark|Zoroark-Hisui, L50, F\n|-end|p2b: Zoroark|Illusion\n|\n|upkeep\n|turn|2\n|\n|t:|1776267851\n|switch|p2b: Kingambit|Kingambit, L50, F|100/100\n|move|p1a: Aerodactyl|Rock Slide|p2a: Incineroar|[spread] p2a,p2b\n|-supereffective|p2a: Incineroar|1\n|-resisted|p2b: Kingambit|1\n|-damage|p2a: Incineroar|61/100\n|-damage|p2b: Kingambit|91/100\n|move|p1b: Incineroar|Parting Shot|p2a: Incineroar\n|-unboost|p2a: Incineroar|atk|1\n|-unboost|p2a: Incineroar|spa|1\n|\n|t:|1776267861\n|switch|p1b: Crabominable|Crabominable, L50, M|100/100|[from] Parting Shot\n|move|p2a: Incineroar|Parting Shot|p1a: Aerodactyl\n|-unboost|p1a: Aerodactyl|atk|1\n|-unboost|p1a: Aerodactyl|spa|1\n|\n|t:|1776267869\n|switch|p2a: Floette|Floette-Eternal, L50, F|100/100|[from] Parting Shot\n|\n|upkeep\n|turn|3\n|\n|t:|1776267892\n|detailschange|p1b: Crabominable|Crabominable-Mega, L50, M\n|-mega|p1b: Crabominable|Crabominable|Crabominite\n|move|p1a: Aerodactyl|Iron Head|p2a: Floette\n|-supereffective|p2a: Floette|1\n|-damage|p2a: Floette|47/100\n|move|p2a: Floette|Moonblast|p1b: Crabominable\n|-supereffective|p1b: Crabominable|1\n|-damage|p1b: Crabominable|14/100\n|move|p2b: Kingambit|Iron Head|p1a: Aerodactyl\n|-supereffective|p1a: Aerodactyl|1\n|-damage|p1a: Aerodactyl|0 fnt\n|faint|p1a: Aerodactyl\n|move|p1b: Crabominable|Drain Punch|p2b: Kingambit\n|-supereffective|p2b: Kingambit|2\n|-damage|p2b: Kingambit|0 fnt\n|-heal|p1b: Crabominable|60/100|[from] drain|[of] p2b: Kingambit\n|faint|p2b: Kingambit\n|\n|upkeep\n|\n|t:|1776267910\n|switch|p1a: Slowking|Slowking-Galar, L50, F|100/100\n|switch|p2b: Incineroar|Incineroar, L50, F|1/100\n|turn|4\n|\n|t:|1776267926\n|move|p1b: Crabominable|Protect|p1b: Crabominable\n|-singleturn|p1b: Crabominable|Protect\n|move|p2b: Incineroar|Shadow Ball|p1a: Slowking\n|-supereffective|p1a: Slowking|1\n|-damage|p1a: Slowking|43/100\n|move|p2a: Floette|Moonblast|p1b: Crabominable\n|-activate|p1b: Crabominable|move: Protect\n|move|p1a: Slowking|Trick Room|p1a: Slowking\n|-fieldstart|move: Trick Room|[of] p1a: Slowking\n|\n|upkeep\n|turn|5\n|\n|t:|1776267941\n|move|p2a: Floette|Protect|p2a: Floette\n|-singleturn|p2a: Floette|Protect\n|move|p1a: Slowking|Sludge Bomb|p1b: Crabominable\n|-damage|p1b: Crabominable|30/100\n|move|p1b: Crabominable|Ice Punch|p2a: Floette\n|-activate|p2a: Floette|move: Protect\n|move|p2b: Incineroar|Hyper Voice|p1b: Crabominable|[spread] p1a,p1b\n|-damage|p1a: Slowking|17/100\n|-damage|p1b: Crabominable|2/100\n|\n|upkeep\n|turn|6\n|\n|t:|1776267955\n|move|p1a: Slowking|Sludge Bomb|p2a: Floette\n|-supereffective|p2a: Floette|1\n|-damage|p2a: Floette|0 fnt\n|faint|p2a: Floette\n|move|p1b: Crabominable|Ice Punch|p2b: Incineroar\n|-damage|p2b: Incineroar|0 fnt\n|replace|p2b: Zoroark|Zoroark-Hisui, L50, F\n|-end|p2b: Zoroark|Illusion\n|faint|p2b: Zoroark\n|\n|upkeep\n|\n|t:|1776267960\n|switch|p2b: Incineroar|Incineroar, L50, F|61/100\n|-ability|p2b: Incineroar|Intimidate|boost\n|-unboost|p1a: Slowking|atk|1\n|-unboost|p1b: Crabominable|atk|1\n|turn|7\n|\n|t:|1776267971\n|move|p1b: Crabominable|Upper Hand|p2b: Incineroar\n|-supereffective|p2b: Incineroar|1\n|-crit|p2b: Incineroar\n|-damage|p2b: Incineroar|0 fnt\n|faint|p2b: Incineroar\n|\n|win|Hedgehogwarrior\n|raw|Hedgehogwarrior's rating: 1090 &rarr; <strong>1115</strong><br />(+25 for winning)\n|raw|TechnoBooster's rating: 1069 &rarr; <strong>1050</strong><br />(-19 for losing)\n|l|\u2606TechnoBooster\n|player|p2|\n",
  "uploadtime": 1776267977,
  "views": 19,
  "formatid": "gen9championsvgc2026regma",
  "rating": 1050,
  "private": 0,
  "password": null
}