{
  "id": "gen9championsvgc2026regma-2587009103",
  "format": "[Gen 9 Champions] VGC 2026 Reg M-A",
  "players": [
    "aggron",
    "Fatalno"
  ],
  "log": "|j|\u2606aggron\n|j|\u2606Fatalno\n|t:|1776480790\n|gametype|doubles\n|player|p1|aggron|2|1123\n|player|p2|Fatalno|cress|1045\n|gen|9\n|tier|[Gen 9 Champions] VGC 2026 Reg M-A\n|rated|\n|rule|Species Clause: Limit one of each Pok\u00e9mon\n|rule|Item Clause: Limit 1 of each item\n|clearpoke\n|poke|p1|Scovillain, L50, F|\n|poke|p1|Kingambit, L50, F|\n|poke|p1|Torkoal, L50, F|\n|poke|p1|Sinistcha, L50|\n|poke|p1|Sneasler, L50, M|\n|poke|p1|Arcanine-Hisui, L50, M|\n|poke|p2|Feraligatr, L50, M|\n|poke|p2|Aegislash, L50, F|\n|poke|p2|Aerodactyl, L50, F|\n|poke|p2|Sneasler, L50, F|\n|poke|p2|Incineroar, L50, F|\n|poke|p2|Garchomp, L50, F|\n|teampreview|4\n|inactive|Battle timer is ON: inactive players will automatically lose when time's up. (requested by aggron)\n|inactive|aggron has 60 seconds left.\n|\n|t:|1776480847\n|teamsize|p1|4\n|teamsize|p2|4\n|start\n|switch|p1a: Sneasler|Sneasler, L50, M|100/100\n|switch|p1b: Scovillain|Scovillain, L50, F|100/100\n|switch|p2a: Aerodactyl|Aerodactyl, L50, F|100/100\n|switch|p2b: Sneasler|Sneasler, L50, F|100/100\n|-ability|p2a: Aerodactyl|Unnerve\n|turn|1\n|\n|t:|1776480876\n|switch|p2b: Garchomp|Garchomp, L50, F|100/100\n|detailschange|p1b: Scovillain|Scovillain-Mega, L50, F\n|-mega|p1b: Scovillain|Scovillain|Scovillainite\n|move|p2a: Aerodactyl|Protect|p2a: Aerodactyl\n|-singleturn|p2a: Aerodactyl|Protect\n|move|p1a: Sneasler|Fake Out|p2a: Aerodactyl\n|-activate|p2a: Aerodactyl|move: Protect\n|move|p1b: Scovillain|Spicy Extract|p1a: Sneasler\n|-boost|p1a: Sneasler|atk|2\n|-unboost|p1a: Sneasler|def|2\n|-enditem|p1a: Sneasler|White Herb\n|-clearnegativeboost|p1a: Sneasler|[silent]\n|\n|upkeep\n|turn|2\n|inactive|Fatalno has 30 seconds left.\n|\n|t:|1776480903\n|move|p1b: Scovillain|Rage Powder|p1b: Scovillain\n|-singleturn|p1b: Scovillain|move: Rage Powder\n|move|p1a: Sneasler|Close Combat|p2b: Garchomp\n|-damage|p2b: Garchomp|0 fnt\n|-unboost|p1a: Sneasler|def|1\n|-unboost|p1a: Sneasler|spd|1\n|-damage|p1a: Sneasler|88/100|[from] ability: Rough Skin|[of] p2b: Garchomp\n|faint|p2b: Garchomp\n|move|p2a: Aerodactyl|Rock Slide|p1a: Sneasler|[spread] p1a,p1b\n|-resisted|p1a: Sneasler|1\n|-supereffective|p1b: Scovillain|1\n|-damage|p1a: Sneasler|55/100\n|-damage|p1b: Scovillain|40/100\n|-status|p2a: Aerodactyl|brn|[from] ability: Spicy Spray|[of] p1b: Scovillain\n|\n|-damage|p2a: Aerodactyl|95/100 brn|[from] brn\n|upkeep\n|\n|t:|1776480914\n|switch|p2b: Sneasler|Sneasler, L50, F|100/100\n|turn|3\n|\n|t:|1776480930\n|move|p1a: Sneasler|Upper Hand|p2b: Sneasler\n|-resisted|p2b: Sneasler|1\n|-damage|p2b: Sneasler|45/100\n|cant|p2b: Sneasler|flinch\n|move|p2a: Aerodactyl|Rock Slide|p1b: Scovillain|[spread] p1b\n|-miss|p2a: Aerodactyl|p1a: Sneasler\n|-supereffective|p1b: Scovillain|1\n|-crit|p1b: Scovillain\n|-damage|p1b: Scovillain|0 fnt\n|faint|p1b: Scovillain\n|\n|-damage|p2a: Aerodactyl|89/100 brn|[from] brn\n|upkeep\n|\n|t:|1776480949\n|switch|p1b: Arcanine|Arcanine-Hisui, L50, M|100/100\n|-ability|p1b: Arcanine|Intimidate|boost\n|-unboost|p2a: Aerodactyl|atk|1\n|-unboost|p2b: Sneasler|atk|1\n|-enditem|p2b: Sneasler|White Herb\n|-clearnegativeboost|p2b: Sneasler|[silent]\n|turn|4\n|\n|t:|1776480958\n|move|p1b: Arcanine|Extreme Speed|p2b: Sneasler\n|-damage|p2b: Sneasler|0 fnt\n|faint|p2b: Sneasler\n|move|p1a: Sneasler|Close Combat|p2a: Aerodactyl\n|-damage|p2a: Aerodactyl|0 fnt\n|-unboost|p1a: Sneasler|def|1\n|-unboost|p1a: Sneasler|spd|1\n|faint|p2a: Aerodactyl\n|\n|upkeep\n|\n|t:|1776480964\n|switch|p2b: Feraligatr|Feraligatr, L50, M|100/100\n|turn|5\n|\n|t:|1776480973\n|detailschange|p2b: Feraligatr|Feraligatr-Mega, L50, M\n|-mega|p2b: Feraligatr|Feraligatr|Feraligite\n|move|p1a: Sneasler|Close Combat|p2b: Feraligatr\n|-damage|p2b: Feraligatr|0 fnt\n|-unboost|p1a: Sneasler|def|1\n|-unboost|p1a: Sneasler|spd|1\n|faint|p2b: Feraligatr\n|\n|win|aggron\n|raw|aggron's rating: 1123 &rarr; <strong>1142</strong><br />(+19 for winning)\n|raw|Fatalno's rating: 1045 &rarr; <strong>1032</strong><br />(-13 for losing)\n|l|\u2606Fatalno\n|player|p2|\n",
  "uploadtime": 1776480983,
  "views": 14,
  "formatid": "gen9championsvgc2026regma",
  "rating": 1032,
  "private": 0,
  "password": null
}