{
  "id": "gen9championsvgc2026regma-2584903942",
  "format": "[Gen 9 Champions] VGC 2026 Reg M-A",
  "players": [
    "Strin",
    "Portallus"
  ],
  "log": "|j|\u2606Strin\n|j|\u2606Portallus\n|t:|1776293123\n|gametype|doubles\n|player|p1|Strin|2|1161\n|player|p2|Portallus|ethan-gen2|1101\n|gen|9\n|tier|[Gen 9 Champions] VGC 2026 Reg M-A\n|rated|\n|rule|Species Clause: Limit one of each Pok\u00e9mon\n|rule|Item Clause: Limit 1 of each item\n|clearpoke\n|poke|p1|Drampa, L50, M|\n|poke|p1|Blastoise, L50, F|\n|poke|p1|Sableye, L50, F|\n|poke|p1|Incineroar, L50, F|\n|poke|p1|Sinistcha, L50|\n|poke|p1|Tauros-Paldea-Blaze, L50, M|\n|poke|p2|Torkoal, L50, F|\n|poke|p2|Camerupt, L50, M|\n|poke|p2|Oranguru, L50, M|\n|poke|p2|Farigiraf, L50, M|\n|poke|p2|Tinkaton, L50, F|\n|poke|p2|Abomasnow, L50, M|\n|teampreview|4\n|inactive|Battle timer is ON: inactive players will automatically lose when time's up. (requested by Portallus)\n|inactive|Strin has 60 seconds left.\n|\n|t:|1776293166\n|teamsize|p1|4\n|teamsize|p2|4\n|start\n|switch|p1a: Drampa|Drampa, L50, M|100/100\n|switch|p1b: Blastoise|Blastoise, L50, F|100/100\n|switch|p2a: Farigiraf|Farigiraf, L50, M|100/100\n|switch|p2b: Oranguru|Oranguru, L50, M|100/100\n|-ability|p1a: Drampa|Cloud Nine\n|turn|1\n|\n|t:|1776293182\n|move|p1b: Blastoise|Water Spout|p2b: Oranguru|[spread] p2a,p2b\n|-damage|p2a: Farigiraf|56/100\n|-damage|p2b: Oranguru|70/100\n|move|p2a: Farigiraf|Dazzling Gleam|p1b: Blastoise|[spread] p1a,p1b\n|-supereffective|p1a: Drampa|1\n|-damage|p1a: Drampa|59/100\n|-damage|p1b: Blastoise|87/100\n|move|p1a: Drampa|Calm Mind|p1a: Drampa\n|-boost|p1a: Drampa|spa|1\n|-boost|p1a: Drampa|spd|1\n|move|p2b: Oranguru|Trick Room|p2b: Oranguru\n|-fieldstart|move: Trick Room|[of] p2b: Oranguru\n|\n|upkeep\n|turn|2\n|inactive|Strin has 30 seconds left.\n|inactive|Strin has 20 seconds left.\n|inactive|Strin has 15 seconds left.\n|\n|t:|1776293226\n|detailschange|p1a: Drampa|Drampa-Mega, L50, M\n|-mega|p1a: Drampa|Drampa|Drampanite\n|move|p1a: Drampa|Calm Mind|p1a: Drampa\n|-boost|p1a: Drampa|spa|1\n|-boost|p1a: Drampa|spd|1\n|move|p2a: Farigiraf|Hyper Voice|p1b: Blastoise|[spread] p1a,p1b\n|-damage|p1a: Drampa|45/100\n|-damage|p1b: Blastoise|65/100\n|-ability|p1a: Drampa|Berserk|boost\n|-boost|p1a: Drampa|spa|1\n|move|p2b: Oranguru|Instruct|p2a: Farigiraf\n|-singleturn|p2a: Farigiraf|move: Instruct|[of] p2b: Oranguru\n|move|p2a: Farigiraf|Hyper Voice|p1a: Drampa|[spread] p1a,p1b\n|-damage|p1a: Drampa|30/100\n|-damage|p1b: Blastoise|42/100\n|move|p1b: Blastoise|Yawn|p2b: Oranguru\n|-start|p2b: Oranguru|move: Yawn|[of] p1b: Blastoise\n|\n|upkeep\n|turn|3\n|\n|t:|1776293243\n|move|p1a: Drampa|Hyper Voice|p2b: Oranguru|[spread] p2a,p2b\n|-damage|p2a: Farigiraf|0 fnt\n|-damage|p2b: Oranguru|0 fnt\n|faint|p2a: Farigiraf\n|faint|p2b: Oranguru\n|move|p1b: Blastoise|Life Dew|p1b: Blastoise|[spread] p1a,p1b\n|-heal|p1a: Drampa|55/100\n|-heal|p1b: Blastoise|68/100\n|\n|upkeep\n|\n|t:|1776293252\n|switch|p2a: Abomasnow|Abomasnow, L50, M|100/100\n|switch|p2b: Tinkaton|Tinkaton, L50, F|100/100\n|-weather|Snowscape|[from] ability: Snow Warning|[of] p2a: Abomasnow\n|turn|4\n|\n|t:|1776293275\n|detailschange|p2a: Abomasnow|Abomasnow-Mega, L50, M\n|-mega|p2a: Abomasnow|Abomasnow|Abomasite\n|move|p2a: Abomasnow|Blizzard|p1a: Drampa|[spread] p1a,p1b\n|-supereffective|p1a: Drampa|1\n|-resisted|p1b: Blastoise|1\n|-damage|p1a: Drampa|15/100\n|-damage|p1b: Blastoise|53/100\n|-status|p1b: Blastoise|frz\n|-ability|p1a: Drampa|Berserk|boost\n|-boost|p1a: Drampa|spa|1\n|move|p1a: Drampa|Hyper Voice|p2a: Abomasnow|[spread] p2a,p2b\n|-resisted|p2b: Tinkaton|1\n|-damage|p2a: Abomasnow|0 fnt\n|-damage|p2b: Tinkaton|50/100\n|faint|p2a: Abomasnow\n|-curestatus|p1b: Blastoise|frz|[msg]\n|move|p1b: Blastoise|Chilling Water|p2b: Tinkaton\n|-damage|p2b: Tinkaton|34/100\n|-unboost|p2b: Tinkaton|atk|1\n|move|p2b: Tinkaton|Play Rough|p1a: Drampa\n|-supereffective|p1a: Drampa|1\n|-crit|p1a: Drampa\n|-damage|p1a: Drampa|0 fnt\n|faint|p1a: Drampa\n|\n|-weather|Snowscape|[upkeep]\n|upkeep\n|\n|t:|1776293288\n|switch|p1a: Incineroar|Incineroar, L50, F|100/100\n|-ability|p1a: Incineroar|Intimidate|boost\n|-fail|p2b: Tinkaton|unboost|Attack|[from] ability: Own Tempo|[of] p2b: Tinkaton\n|turn|5\n|\n|t:|1776293304\n|move|p2b: Tinkaton|Protect|p2b: Tinkaton\n|-singleturn|p2b: Tinkaton|Protect\n|move|p1a: Incineroar|Fake Out|p2b: Tinkaton\n|-activate|p2b: Tinkaton|move: Protect\n|move|p1b: Blastoise|Yawn|p2b: Tinkaton\n|-activate|p2b: Tinkaton|move: Protect\n|\n|-weather|Snowscape|[upkeep]\n|-fieldend|move: Trick Room\n|upkeep\n|turn|6\n|\n|t:|1776293313\n|move|p2b: Tinkaton|Brick Break|p1a: Incineroar\n|-supereffective|p1a: Incineroar|1\n|-damage|p1a: Incineroar|77/100\n|move|p1b: Blastoise|Yawn|p2b: Tinkaton\n|-start|p2b: Tinkaton|move: Yawn|[of] p1b: Blastoise\n|move|p1a: Incineroar|Flare Blitz|p2b: Tinkaton\n|-supereffective|p2b: Tinkaton|1\n|-damage|p2b: Tinkaton|0 fnt\n|faint|p2b: Tinkaton\n|-damage|p1a: Incineroar|66/100|[from] Recoil\n|\n|win|Strin\n|raw|Strin's rating: 1161 &rarr; <strong>1182</strong><br />(+21 for winning)\n|raw|Portallus's rating: 1101 &rarr; <strong>1080</strong><br />(-21 for losing)\n|l|\u2606Portallus\n|player|p2|\n",
  "uploadtime": 1776293331,
  "views": 29,
  "formatid": "gen9championsvgc2026regma",
  "rating": 1080,
  "private": 0,
  "password": null
}