{
  "id": "gen9championsvgc2026regma-2588783463",
  "format": "[Gen 9 Champions] VGC 2026 Reg M-A",
  "players": [
    "martisparkles",
    "pililin007"
  ],
  "log": "|j|\u2606martisparkles\n|j|\u2606pililin007\n|t:|1776670268\n|gametype|doubles\n|player|p1|martisparkles|lyra|1087\n|player|p2|pililin007|ninjaboy|1140\n|gen|9\n|tier|[Gen 9 Champions] VGC 2026 Reg M-A\n|rated|\n|rule|Species Clause: Limit one of each Pok\u00e9mon\n|rule|Item Clause: Limit 1 of each item\n|clearpoke\n|poke|p1|Delphox, L50, F|\n|poke|p1|Basculegion, L50, M|\n|poke|p1|Clefable, L50, M|\n|poke|p1|Kingambit, L50, F|\n|poke|p1|Dragonite, L50, F|\n|poke|p1|Sneasler, L50, F|\n|poke|p2|Sneasler, L50, M|\n|poke|p2|Feraligatr, L50, F|\n|poke|p2|Talonflame, L50, F|\n|poke|p2|Sinistcha, L50|\n|poke|p2|Kingambit, L50, F|\n|poke|p2|Gardevoir, L50, F|\n|teampreview|4\n|\n|t:|1776670291\n|teamsize|p1|4\n|teamsize|p2|4\n|start\n|switch|p1a: Basculegion|Basculegion, L50, M|100/100\n|switch|p1b: Delphox|Delphox, L50, F|100/100\n|switch|p2a: Sneasler|Sneasler, L50, M|100/100\n|switch|p2b: Feraligatr|Feraligatr, L50, F|100/100\n|turn|1\n|\n|t:|1776670317\n|detailschange|p1b: Delphox|Delphox-Mega, L50, F\n|-mega|p1b: Delphox|Delphox|Delphoxite\n|detailschange|p2b: Feraligatr|Feraligatr-Mega, L50, F\n|-mega|p2b: Feraligatr|Feraligatr|Feraligite\n|move|p1b: Delphox|Protect|p1b: Delphox\n|-singleturn|p1b: Delphox|Protect\n|move|p1a: Basculegion|Flip Turn|p2a: Sneasler\n|-damage|p2a: Sneasler|28/100\n|\n|t:|1776670328\n|switch|p1a: Sneasler|Sneasler, L50, F|100/100|[from] Flip Turn\n|move|p2a: Sneasler|Coaching|p2b: Feraligatr\n|-boost|p2b: Feraligatr|atk|1\n|-boost|p2b: Feraligatr|def|1\n|move|p2b: Feraligatr|Liquidation|p1b: Delphox\n|-activate|p1b: Delphox|move: Protect\n|\n|upkeep\n|turn|2\n|\n|t:|1776670358\n|switch|p2a: Talonflame|Talonflame, L50, F|100/100\n|move|p1a: Sneasler|Fake Out|p2b: Feraligatr\n|-damage|p2b: Feraligatr|93/100\n|cant|p2b: Feraligatr|flinch\n|move|p1b: Delphox|Heat Wave|p2b: Feraligatr|[spread] p2a,p2b\n|-resisted|p2a: Talonflame|1\n|-resisted|p2b: Feraligatr|2\n|-damage|p2a: Talonflame|69/100\n|-damage|p2b: Feraligatr|82/100\n|\n|upkeep\n|turn|3\n|\n|t:|1776670375\n|move|p2b: Feraligatr|Protect|p2b: Feraligatr\n|-singleturn|p2b: Feraligatr|Protect\n|move|p1b: Delphox|Psychic|p2b: Feraligatr\n|-activate|p2b: Feraligatr|move: Protect\n|move|p1a: Sneasler|Dire Claw|p2b: Feraligatr\n|-activate|p2b: Feraligatr|move: Protect\n|move|p2a: Talonflame|Tailwind|p2a: Talonflame\n|-sidestart|p2: pililin007|move: Tailwind\n|\n|upkeep\n|turn|4\n|\n|t:|1776670389\n|move|p1b: Delphox|Protect|p1b: Delphox\n|-singleturn|p1b: Delphox|Protect\n|move|p1a: Sneasler|Protect|p1a: Sneasler\n|-singleturn|p1a: Sneasler|Protect\n|move|p2a: Talonflame|Brave Bird|p1a: Sneasler\n|-activate|p1a: Sneasler|move: Protect\n|move|p2b: Feraligatr|Liquidation|p1b: Delphox\n|-activate|p1b: Delphox|move: Protect\n|\n|upkeep\n|turn|5\n|\n|t:|1776670408\n|move|p2a: Talonflame|Brave Bird|p1a: Sneasler\n|-supereffective|p1a: Sneasler|1\n|-enditem|p1a: Sneasler|Focus Sash\n|-damage|p1a: Sneasler|1/100\n|-damage|p2a: Talonflame|36/100|[from] Recoil\n|move|p1a: Sneasler|Dire Claw|p2a: Talonflame\n|-damage|p2a: Talonflame|0 fnt\n|faint|p2a: Talonflame\n|move|p2b: Feraligatr|Liquidation|p1b: Delphox\n|-supereffective|p1b: Delphox|1\n|-damage|p1b: Delphox|0 fnt\n|faint|p1b: Delphox\n|\n|upkeep\n|\n|t:|1776670430\n|switch|p1b: Kingambit|Kingambit, L50, F|100/100\n|switch|p2a: Sinistcha|Sinistcha, L50|100/100\n|-heal|p2b: Feraligatr|100/100|[from] ability: Hospitality|[of] p2a: Sinistcha\n|turn|6\n|\n|t:|1776670448\n|move|p1a: Sneasler|Protect|p1a: Sneasler\n|-singleturn|p1a: Sneasler|Protect\n|move|p1b: Kingambit|Protect|p1b: Kingambit\n|-singleturn|p1b: Kingambit|Protect\n|move|p2b: Feraligatr|Liquidation|p1b: Kingambit\n|-activate|p1b: Kingambit|move: Protect\n|move|p2a: Sinistcha|Matcha Gotcha|p1b: Kingambit|[spread] \n|-activate|p1a: Sneasler|move: Protect\n|-activate|p1b: Kingambit|move: Protect\n|\n|-sideend|p2: pililin007|move: Tailwind\n|upkeep\n|turn|7\n|\n|t:|1776670469\n|move|p2b: Feraligatr|Protect|p2b: Feraligatr\n|-singleturn|p2b: Feraligatr|Protect\n|move|p1b: Kingambit|Sucker Punch||[still]\n|-fail|p1b: Kingambit\n|move|p1a: Sneasler|Dire Claw|p2a: Sinistcha\n|-damage|p2a: Sinistcha|65/100\n|move|p2a: Sinistcha|Matcha Gotcha|p1b: Kingambit|[spread] p1b\n|-miss|p2a: Sinistcha|p1a: Sneasler\n|-resisted|p1b: Kingambit|1\n|-damage|p1b: Kingambit|89/100\n|-heal|p2a: Sinistcha|72/100|[from] drain|[of] p1b: Kingambit\n|\n|upkeep\n|turn|8\n|\n|t:|1776670511\n|move|p2b: Feraligatr|Aqua Jet|p1a: Sneasler\n|-damage|p1a: Sneasler|0 fnt\n|faint|p1a: Sneasler\n|move|p1b: Kingambit|Sucker Punch||[still]\n|-fail|p1b: Kingambit\n|move|p2a: Sinistcha|Shadow Ball|p1b: Kingambit\n|-resisted|p1b: Kingambit|1\n|-damage|p1b: Kingambit|72/100\n|-unboost|p1b: Kingambit|spd|1\n|-ability|p1b: Kingambit|Defiant|boost\n|-boost|p1b: Kingambit|atk|2\n|\n|upkeep\n|\n|t:|1776670522\n|switch|p1a: Basculegion|Basculegion, L50, M|100/100\n|turn|9\n|\n|t:|1776670536\n|move|p2b: Feraligatr|Protect|p2b: Feraligatr\n|-singleturn|p2b: Feraligatr|Protect\n|move|p1b: Kingambit|Protect|p1b: Kingambit\n|-singleturn|p1b: Kingambit|Protect\n|move|p1a: Basculegion|Last Respects|p2a: Sinistcha\n|-supereffective|p2a: Sinistcha|1\n|-damage|p2a: Sinistcha|0 fnt\n|faint|p2a: Sinistcha\n|\n|upkeep\n|\n|t:|1776670546\n|switch|p2a: Sneasler|Sneasler, L50, M|28/100\n|turn|10\n|\n|t:|1776670579\n|move|p2a: Sneasler|Fake Out|p1b: Kingambit\n|-resisted|p1b: Kingambit|1\n|-damage|p1b: Kingambit|67/100\n|cant|p1b: Kingambit|flinch\n|move|p1a: Basculegion|Last Respects|p2a: Sneasler\n|-damage|p2a: Sneasler|0 fnt\n|faint|p2a: Sneasler\n|move|p2b: Feraligatr|Double-Edge|p1a: Basculegion\n|-damage|p1a: Basculegion|0 fnt\n|faint|p1a: Basculegion\n|-damage|p2b: Feraligatr|67/100|[from] Recoil\n|\n|upkeep\n|turn|11\n|\n|t:|1776670618\n|move|p1b: Kingambit|Sucker Punch|p2b: Feraligatr\n|-damage|p2b: Feraligatr|14/100\n|move|p2b: Feraligatr|Double-Edge|p1b: Kingambit\n|-resisted|p1b: Kingambit|1\n|-damage|p1b: Kingambit|13/100\n|-damage|p2b: Feraligatr|0 fnt|[from] Recoil\n|faint|p2b: Feraligatr\n|\n|win|martisparkles\n|raw|martisparkles's rating: 1087 &rarr; <strong>1118</strong><br />(+31 for winning)\n|raw|pililin007's rating: 1140 &rarr; <strong>1111</strong><br />(-29 for losing)\n",
  "uploadtime": 1776670625,
  "views": 11,
  "formatid": "gen9championsvgc2026regma",
  "rating": 1111,
  "private": 0,
  "password": null
}