{
  "id": "gen9championsvgc2026regma-2582460096",
  "format": "[Gen 9 Champions] VGC 2026 Reg M-A",
  "players": [
    "battle sim trainer",
    "E-Series 1B"
  ],
  "log": "|j|\u2606battle sim trainer\n|j|\u2606E-Series 1B\n|t:|1776093116\n|gametype|doubles\n|player|p1|battle sim trainer|turo|1077\n|player|p2|E-Series 1B|blaine|1040\n|gen|9\n|tier|[Gen 9 Champions] VGC 2026 Reg M-A\n|rated|\n|rule|Species Clause: Limit one of each Pok\u00e9mon\n|rule|Item Clause: Limit 1 of each item\n|clearpoke\n|poke|p1|Gallade, L50, M|\n|poke|p1|Torkoal, L50, F|\n|poke|p1|Crabominable, L50, F|\n|poke|p1|Farigiraf, L50, F|\n|poke|p1|Kangaskhan, L50, F|\n|poke|p1|Sinistcha-Masterpiece, L50|\n|poke|p2|Crabominable, L50, M|\n|poke|p2|Farigiraf, L50, F|\n|poke|p2|Torkoal, L50, M|\n|poke|p2|Maushold, L50|\n|poke|p2|Incineroar, L50, F|\n|poke|p2|Cofagrigus, L50, M|\n|teampreview|4\nE-Series 1B rejected open team sheets.\n|c|\u2606battle sim trainer|omg\n|c|\u2606battle sim trainer|another htr player\n|c|\u2606E-Series 1B|hi hello\n|\n|t:|1776093170\n|teamsize|p1|4\n|teamsize|p2|4\n|start\n|switch|p1a: Sinistcha|Sinistcha-Masterpiece, L50|100/100\n|switch|p1b: Farigiraf|Farigiraf, L50, F|100/100\n|switch|p2a: Cofagrigus|Cofagrigus, L50, M, shiny|100/100\n|switch|p2b: Torkoal|Torkoal, L50, M|100/100\n|-weather|SunnyDay|[from] ability: Drought|[of] p2b: Torkoal\n|turn|1\n|\n|t:|1776093185\n|move|p1a: Sinistcha|Imprison|p1a: Sinistcha\n|-start|p1a: Sinistcha|move: Imprison\n|move|p1b: Farigiraf|Hyper Voice|p2b: Torkoal|[spread] p2b\n|-immune|p2a: Cofagrigus\n|-damage|p2b: Torkoal|69/100\n|cant|p2a: Cofagrigus|move: Imprison|Shadow Ball\n|move|p2b: Torkoal|Eruption|p1b: Farigiraf|[spread] p1a,p1b\n|-supereffective|p1a: Sinistcha|1\n|-enditem|p1a: Sinistcha|Focus Sash\n|-damage|p1a: Sinistcha|1/100\n|-damage|p1b: Farigiraf|53/100\n|\n|-weather|SunnyDay|[upkeep]\n|upkeep\n|turn|2\n|\n|t:|1776093206\n|move|p1a: Sinistcha|Shadow Ball|p2b: Torkoal\n|-damage|p2b: Torkoal|32/100\n|move|p1b: Farigiraf|Nasty Plot|p1b: Farigiraf\n|-boost|p1b: Farigiraf|spa|2\n|move|p2a: Cofagrigus|Body Press|p1b: Farigiraf\n|-damage|p1b: Farigiraf|20/100\n|-enditem|p1b: Farigiraf|Sitrus Berry|[eat]\n|-heal|p1b: Farigiraf|45/100|[from] item: Sitrus Berry\n|move|p2b: Torkoal|Heat Wave|p1a: Sinistcha|[spread] p1a,p1b\n|-supereffective|p1a: Sinistcha|1\n|-damage|p1a: Sinistcha|0 fnt\n|-damage|p1b: Farigiraf|0 fnt\n|faint|p1a: Sinistcha\n|faint|p1b: Farigiraf\n|\n|-weather|SunnyDay|[upkeep]\n|upkeep\n|\n|t:|1776093218\n|switch|p1a: Torkoal|Torkoal, L50, F|100/100\n|switch|p1b: Kangaskhan|Kangaskhan, L50, F|100/100\n|turn|3\n|\n|t:|1776093231\n|move|p1b: Kangaskhan|Fake Out|p2a: Cofagrigus\n|-damage|p2a: Cofagrigus|88/100\n|-activate|p2a: Cofagrigus|ability: Mummy|p1b: Kangaskhan|[ability] Scrappy\n|move|p2b: Torkoal|Heat Wave|p1b: Kangaskhan|[spread] p1a,p1b\n|-resisted|p1a: Torkoal|1\n|-damage|p1a: Torkoal|65/100\n|-damage|p1b: Kangaskhan|42/100\n|move|p1a: Torkoal|Eruption|p2b: Torkoal|[spread] p2a,p2b\n|-resisted|p2b: Torkoal|1\n|-crit|p2b: Torkoal\n|-damage|p2a: Cofagrigus|34/100\n|-damage|p2b: Torkoal|0 fnt\n|faint|p2b: Torkoal\n|cant|p2a: Cofagrigus|flinch\n|\n|-weather|SunnyDay|[upkeep]\n|upkeep\n|\n|t:|1776093251\n|switch|p2b: Incineroar|Incineroar, L50, F|100/100\n|-ability|p2b: Incineroar|Intimidate|boost\n|-unboost|p1a: Torkoal|atk|1\n|-unboost|p1b: Kangaskhan|atk|1\n|turn|4\n|\n|t:|1776093260\n|move|p1a: Torkoal|Protect|p1a: Torkoal\n|-singleturn|p1a: Torkoal|Protect\n|move|p2b: Incineroar|Fake Out|p1a: Torkoal\n|-activate|p1a: Torkoal|move: Protect\n|move|p1b: Kangaskhan|Last Resort|p2b: Incineroar\n|-crit|p2b: Incineroar\n|-damage|p2b: Incineroar|0 fnt\n|faint|p2b: Incineroar\n|move|p2a: Cofagrigus|Trick Room|p2a: Cofagrigus\n|-fieldstart|move: Trick Room|[of] p2a: Cofagrigus\n|\n|-weather|SunnyDay|[upkeep]\n|upkeep\n|\n|t:|1776093270\n|switch|p2b: Crabominable|Crabominable, L50, M|100/100\n|turn|5\n|\n|t:|1776093282\n|detailschange|p2b: Crabominable|Crabominable-Mega, L50, M\n|-mega|p2b: Crabominable|Crabominable|Crabominite\n|move|p1a: Torkoal|Weather Ball|p2b: Crabominable\n|-supereffective|p2b: Crabominable|1\n|-damage|p2b: Crabominable|0 fnt\n|faint|p2b: Crabominable\n|move|p2a: Cofagrigus|Body Press|p1b: Kangaskhan\n|-supereffective|p1b: Kangaskhan|1\n|-damage|p1b: Kangaskhan|0 fnt\n|faint|p1b: Kangaskhan\n|\n|-weather|none\n|upkeep\n|turn|6\n|\n|t:|1776093293\n|move|p1a: Torkoal|Eruption|p2a: Cofagrigus\n|-damage|p2a: Cofagrigus|0 fnt\n|faint|p2a: Cofagrigus\n|\n|win|battle sim trainer\n|raw|battle sim trainer's rating: 1077 &rarr; <strong>1102</strong><br />(+25 for winning)\n|raw|E-Series 1B's rating: 1040 &rarr; <strong>1026</strong><br />(-14 for losing)\n|l|\u2606E-Series 1B\n|player|p2|\n|c|\u2606battle sim trainer|ggwp\n",
  "uploadtime": 1776093300,
  "views": 13,
  "formatid": "gen9championsvgc2026regma",
  "rating": 1026,
  "private": 0,
  "password": null
}