{
  "id": "gen9championsvgc2026regma-2580858342",
  "format": "[Gen 9 Champions] VGC 2026 Reg M-A",
  "players": [
    "AgsAllDay12",
    "bossf23"
  ],
  "log": "|j|\u2606AgsAllDay12\n|j|\u2606bossf23\n|t:|1775938269\n|gametype|doubles\n|player|p1|AgsAllDay12|265|1047\n|player|p2|bossf23|265|1096\n|gen|9\n|tier|[Gen 9 Champions] VGC 2026 Reg M-A\n|rated|\n|rule|Species Clause: Limit one of each Pok\u00e9mon\n|rule|Item Clause: Limit 1 of each item\n|clearpoke\n|poke|p1|Aerodactyl, L50, F|\n|poke|p1|Incineroar, L50, M|\n|poke|p1|Floette-Eternal, L50, F|\n|poke|p1|Basculegion, L50, M|\n|poke|p1|Garchomp, L50, M|\n|poke|p1|Sneasler, L50, F|\n|poke|p2|Charizard, L50, F|\n|poke|p2|Maushold-Four, L50|\n|poke|p2|Garchomp, L50, F|\n|poke|p2|Kingambit, L50, F|\n|poke|p2|Sneasler, L50, M|\n|poke|p2|Gengar, L50, F|\n|teampreview|4\n|\n|t:|1775938346\n|teamsize|p1|4\n|teamsize|p2|4\n|start\n|switch|p1a: Sneasler|Sneasler, L50, F|100/100\n|switch|p1b: Garchomp|Garchomp, L50, M|100/100\n|switch|p2a: Maushold|Maushold-Four, L50|100/100\n|switch|p2b: Gengar|Gengar, L50, F|100/100\n|turn|1\n|inactive|Battle timer is ON: inactive players will automatically lose when time's up. (requested by AgsAllDay12)\n|\n|t:|1775938377\n|detailschange|p2b: Gengar|Gengar-Mega, L50, F\n|-mega|p2b: Gengar|Gengar|Gengarite\n|move|p2a: Maushold|Follow Me|p2a: Maushold\n|-singleturn|p2a: Maushold|move: Follow Me\n|move|p2b: Gengar|Substitute|p2b: Gengar\n|-start|p2b: Gengar|Substitute\n|-damage|p2b: Gengar|76/100\n|move|p1a: Sneasler|Close Combat|p2a: Maushold\n|-supereffective|p2a: Maushold|1\n|-enditem|p2a: Maushold|Chople Berry|[eat]\n|-enditem|p2a: Maushold|Chople Berry|[weaken]\n|-damage|p2a: Maushold|19/100\n|-unboost|p1a: Sneasler|def|1\n|-unboost|p1a: Sneasler|spd|1\n|-enditem|p1a: Sneasler|White Herb\n|-clearnegativeboost|p1a: Sneasler|[silent]\n|move|p1b: Garchomp|Rock Slide|p2a: Maushold|[spread] p2a\n|-miss|p1b: Garchomp|p2b: Gengar\n|-damage|p2a: Maushold|0 fnt\n|faint|p2a: Maushold\n|\n|upkeep\n|\n|t:|1775938397\n|switch|p2a: Garchomp|Garchomp, L50, F|100/100\n|turn|2\n|inactive|bossf23 has 30 seconds left.\n|\n|t:|1775938425\n|move|p1a: Sneasler|Protect|p1a: Sneasler\n|-singleturn|p1a: Sneasler|Protect\n|move|p2b: Gengar|Protect|p2b: Gengar\n|-singleturn|p2b: Gengar|Protect\n|move|p2a: Garchomp|Earthquake|p1b: Garchomp|[spread] p1b\n|-activate|p2b: Gengar|move: Protect\n|-activate|p1a: Sneasler|move: Protect\n|-damage|p1b: Garchomp|56/100\n|move|p1b: Garchomp|Earthquake|p2b: Gengar|[spread] p2a\n|-activate|p1a: Sneasler|move: Protect\n|-activate|p2b: Gengar|move: Protect\n|-damage|p2a: Garchomp|64/100\n|\n|upkeep\n|turn|3\n|inactive|bossf23 has 30 seconds left.\n|\n|t:|1775938454\n|switch|p2a: Kingambit|Kingambit, L50, F|100/100\n|move|p1b: Garchomp|Protect|p1b: Garchomp\n|-singleturn|p1b: Garchomp|Protect\n|move|p1a: Sneasler|Rock Tomb|p2b: Gengar\n|-end|p2b: Gengar|Substitute\n|move|p2b: Gengar|Icy Wind|p1b: Garchomp|[spread] p1a\n|-activate|p1b: Garchomp|move: Protect\n|-damage|p1a: Sneasler|80/100\n|-unboost|p1a: Sneasler|spe|1\n|\n|upkeep\n|turn|4\n|\n|t:|1775938479\n|move|p1a: Sneasler|Protect|p1a: Sneasler\n|-singleturn|p1a: Sneasler|Protect\n|move|p2a: Kingambit|Protect|p2a: Kingambit\n|-singleturn|p2a: Kingambit|Protect\n|move|p2b: Gengar|Shadow Ball|p1a: Sneasler\n|-activate|p1a: Sneasler|move: Protect\n|move|p1b: Garchomp|Earthquake|p2a: Kingambit|[spread] p2b\n|-activate|p1a: Sneasler|move: Protect\n|-activate|p2a: Kingambit|move: Protect\n|-supereffective|p2b: Gengar|1\n|-damage|p2b: Gengar|0 fnt\n|faint|p2b: Gengar\n|\n|upkeep\n|\n|t:|1775938483\n|switch|p2b: Garchomp|Garchomp, L50, F|64/100\n|turn|5\n|-message|bossf23 forfeited.\n|\n|win|AgsAllDay12\n",
  "uploadtime": 1775938271,
  "views": 15,
  "formatid": "gen9championsvgc2026regma",
  "rating": null,
  "private": 0,
  "password": null
}