{
  "id": "gen9championsvgc2026regma-2585060379",
  "format": "[Gen 9 Champions] VGC 2026 Reg M-A",
  "players": [
    "Jpatters",
    "Spinbomb"
  ],
  "log": "|j|\u2606Jpatters\n|j|\u2606Spinbomb\n|t:|1776307733\n|gametype|doubles\n|player|p1|Jpatters|scientist-gen4|1027\n|player|p2|Spinbomb|swimmer-gen4dp|1029\n|gen|9\n|tier|[Gen 9 Champions] VGC 2026 Reg M-A\n|rated|\n|rule|Species Clause: Limit one of each Pok\u00e9mon\n|rule|Item Clause: Limit 1 of each item\n|clearpoke\n|poke|p1|Chesnaught, L50, F|\n|poke|p1|Sinistcha, L50|\n|poke|p1|Farigiraf, L50, F|\n|poke|p1|Glimmora, L50, M|\n|poke|p1|Incineroar, L50, F|\n|poke|p1|Torterra, L50, M|\n|poke|p2|Excadrill, L50, M|\n|poke|p2|Rotom-Wash, L50|\n|poke|p2|Sinistcha, L50|\n|poke|p2|Talonflame, L50, F|\n|poke|p2|Garchomp, L50, M|\n|poke|p2|Incineroar, L50, M|\n|teampreview|4\n|\n|t:|1776307780\n|teamsize|p1|4\n|teamsize|p2|4\n|start\n|switch|p1a: Chesnaught|Chesnaught, L50, F|100/100\n|switch|p1b: Sinistcha|Sinistcha, L50|100/100\n|switch|p2a: Incineroar|Incineroar, L50, M|100/100\n|switch|p2b: Sinistcha|Sinistcha, L50|100/100\n|-ability|p2a: Incineroar|Intimidate|boost\n|-unboost|p1a: Chesnaught|atk|1\n|-unboost|p1b: Sinistcha|atk|1\n|turn|1\n|\n|t:|1776307808\n|switch|p1b: Farigiraf|Farigiraf, L50, F|100/100\n|detailschange|p1a: Chesnaught|Chesnaught-Mega, L50, F\n|-mega|p1a: Chesnaught|Chesnaught|Chesnaughtite\n|move|p2b: Sinistcha|Rage Powder|p2b: Sinistcha\n|-singleturn|p2b: Sinistcha|move: Rage Powder\n|move|p2a: Incineroar|Flare Blitz|p1a: Chesnaught\n|-supereffective|p1a: Chesnaught|1\n|-damage|p1a: Chesnaught|45/100\n|-damage|p2a: Incineroar|83/100|[from] Recoil\n|move|p1a: Chesnaught|Belly Drum||[still]\n|-fail|p1a: Chesnaught\n|\n|upkeep\n|turn|2\n|\n|t:|1776307835\n|switch|p1b: Sinistcha|Sinistcha, L50|100/100\n|-heal|p1a: Chesnaught|70/100|[from] ability: Hospitality|[of] p1b: Sinistcha\n|move|p1a: Chesnaught|Protect|p1a: Chesnaught\n|-singleturn|p1a: Chesnaught|Protect\n|move|p2b: Sinistcha|Matcha Gotcha|p1b: Sinistcha|[spread] p1b\n|-activate|p1a: Chesnaught|move: Protect\n|-resisted|p1b: Sinistcha|1\n|-damage|p1b: Sinistcha|90/100\n|move|p2a: Incineroar|Parting Shot|p1a: Chesnaught\n|-activate|p1a: Chesnaught|move: Protect\n|\n|upkeep\n|turn|3\n|\n|t:|1776307863\n|switch|p2b: Garchomp|Garchomp, L50, M|100/100\n|switch|p1a: Glimmora|Glimmora, L50, M|100/100\n|move|p2a: Incineroar|Parting Shot|p1a: Glimmora\n|-unboost|p1a: Glimmora|atk|1\n|-unboost|p1a: Glimmora|spa|1\n|\n|t:|1776307875\n|switch|p2a: Sinistcha|Sinistcha, L50|100/100|[from] Parting Shot\n|move|p1b: Sinistcha|Shadow Ball|p2b: Garchomp\n|-damage|p2b: Garchomp|63/100\n|\n|upkeep\n|turn|4\n|\n|t:|1776307889\n|switch|p1a: Farigiraf|Farigiraf, L50, F|100/100\n|move|p2b: Garchomp|Earthquake|p1b: Sinistcha|[spread] p2a,p1a,p1b\n|-resisted|p2a: Sinistcha|1\n|-resisted|p1b: Sinistcha|1\n|-damage|p2a: Sinistcha|86/100\n|-damage|p1a: Farigiraf|74/100\n|-damage|p1b: Sinistcha|72/100\n|move|p2a: Sinistcha|Matcha Gotcha|p1a: Farigiraf|[spread] p1a,p1b\n|-resisted|p1b: Sinistcha|1\n|-damage|p1a: Farigiraf|50/100\n|-heal|p2a: Sinistcha|100/100|[from] drain|[of] p1a: Farigiraf\n|-damage|p1b: Sinistcha|61/100\n|-enditem|p1a: Farigiraf|Sitrus Berry|[eat]\n|-heal|p1a: Farigiraf|75/100|[from] item: Sitrus Berry\n|move|p1b: Sinistcha|Grassy Terrain|p1b: Sinistcha\n|-fieldstart|move: Grassy Terrain\n|\n|-heal|p2b: Garchomp|69/100|[from] Grassy Terrain\n|-heal|p1b: Sinistcha|67/100|[from] Grassy Terrain\n|-heal|p1a: Farigiraf|81/100|[from] Grassy Terrain\n|upkeep\n|turn|5\n|\n|t:|1776307921\n|move|p1a: Farigiraf|Helping Hand|p1b: Sinistcha\n|-singleturn|p1b: Sinistcha|Helping Hand|[of] p1a: Farigiraf\n|move|p2b: Garchomp|Rock Slide|p1b: Sinistcha|[spread] p1a,p1b\n|-damage|p1a: Farigiraf|67/100\n|-damage|p1b: Sinistcha|49/100\n|move|p2a: Sinistcha|Matcha Gotcha|p1a: Farigiraf|[spread] p1a,p1b\n|-resisted|p1b: Sinistcha|1\n|-damage|p1a: Farigiraf|32/100\n|-damage|p1b: Sinistcha|35/100\n|move|p1b: Sinistcha|Shadow Ball|p2a: Sinistcha\n|-supereffective|p2a: Sinistcha|1\n|-crit|p2a: Sinistcha\n|-damage|p2a: Sinistcha|0 fnt\n|faint|p2a: Sinistcha\n|\n|-heal|p2b: Garchomp|75/100|[from] Grassy Terrain\n|-heal|p1b: Sinistcha|42/100|[from] Grassy Terrain\n|-heal|p1a: Farigiraf|38/100|[from] Grassy Terrain\n|upkeep\n|\n|t:|1776307946\n|switch|p2a: Excadrill|Excadrill, L50, M|100/100\n|turn|6\n|\n|t:|1776307964\n|detailschange|p2a: Excadrill|Excadrill-Mega, L50, M\n|-mega|p2a: Excadrill|Excadrill|Excadrite\n|move|p2a: Excadrill|Rock Slide|p1a: Farigiraf|[spread] p1a,p1b\n|-damage|p1a: Farigiraf|23/100\n|-damage|p1b: Sinistcha|20/100\n|move|p2b: Garchomp|Rock Slide|p1a: Farigiraf|[spread] p1a,p1b\n|-damage|p1a: Farigiraf|9/100\n|-damage|p1b: Sinistcha|2/100\n|move|p1b: Sinistcha|Matcha Gotcha|p2a: Excadrill|[spread] p2a,p2b\n|-crit|p2b: Garchomp\n|-damage|p2a: Excadrill|60/100\n|-heal|p1b: Sinistcha|23/100|[from] drain|[of] p2a: Excadrill\n|-damage|p2b: Garchomp|24/100\n|-heal|p1b: Sinistcha|49/100|[from] drain|[of] p2b: Garchomp\n|-status|p2a: Excadrill|brn\n|move|p1a: Farigiraf|Trick Room|p1a: Farigiraf\n|-fieldstart|move: Trick Room|[of] p1a: Farigiraf\n|\n|-heal|p1a: Farigiraf|15/100|[from] Grassy Terrain\n|-heal|p1b: Sinistcha|56/100|[from] Grassy Terrain\n|-heal|p2b: Garchomp|30/100|[from] Grassy Terrain\n|-heal|p2a: Excadrill|66/100 brn|[from] Grassy Terrain\n|-damage|p2a: Excadrill|60/100 brn|[from] brn\n|upkeep\n|turn|7\n|\n|t:|1776307990\n|switch|p2b: Incineroar|Incineroar, L50, M|83/100\n|-ability|p2b: Incineroar|Intimidate|boost\n|-unboost|p1a: Farigiraf|atk|1\n|-unboost|p1b: Sinistcha|atk|1\n|move|p1a: Farigiraf|Helping Hand|p1b: Sinistcha\n|-singleturn|p1b: Sinistcha|Helping Hand|[of] p1a: Farigiraf\n|move|p1b: Sinistcha|Matcha Gotcha|p2a: Excadrill|[spread] p2a,p2b\n|-resisted|p2b: Incineroar|1\n|-damage|p2a: Excadrill|2/100 brn\n|-heal|p1b: Sinistcha|86/100|[from] drain|[of] p2a: Excadrill\n|-damage|p2b: Incineroar|63/100\n|-heal|p1b: Sinistcha|98/100|[from] drain|[of] p2b: Incineroar\n|move|p2a: Excadrill|Rock Slide|p1b: Sinistcha|[spread] p1b\n|-miss|p2a: Excadrill|p1a: Farigiraf\n|-damage|p1b: Sinistcha|88/100\n|\n|-heal|p1a: Farigiraf|21/100|[from] Grassy Terrain\n|-heal|p1b: Sinistcha|94/100|[from] Grassy Terrain\n|-heal|p2b: Incineroar|69/100|[from] Grassy Terrain\n|-heal|p2a: Excadrill|7/100 brn|[from] Grassy Terrain\n|-damage|p2a: Excadrill|2/100 brn|[from] brn\n|upkeep\n|turn|8\n|-message|Spinbomb forfeited.\n|\n|win|Jpatters\n|raw|Jpatters's rating: 1027 &rarr; <strong>1063</strong><br />(+36 for winning)\n|raw|Spinbomb's rating: 1029 &rarr; <strong>1015</strong><br />(-14 for losing)\n|l|\u2606Spinbomb\n|player|p2|\n",
  "uploadtime": 1776308012,
  "views": 24,
  "formatid": "gen9championsvgc2026regma",
  "rating": 1015,
  "private": 0,
  "password": null
}