{
  "id": "gen9championsvgc2026regma-2587973547",
  "format": "[Gen 9 Champions] VGC 2026 Reg M-A",
  "players": [
    "AlakirYT",
    "tawka"
  ],
  "log": "|j|\u2606AlakirYT\n|j|\u2606tawka\n|t:|1776587108\n|gametype|doubles\n|player|p1|AlakirYT|red|1030\n|player|p2|tawka|102|1105\n|gen|9\n|tier|[Gen 9 Champions] VGC 2026 Reg M-A\n|rated|\n|rule|Species Clause: Limit one of each Pok\u00e9mon\n|rule|Item Clause: Limit 1 of each item\n|clearpoke\n|poke|p1|Tyranitar, L50, F|\n|poke|p1|Excadrill, L50, M|\n|poke|p1|Corviknight, L50, M|\n|poke|p1|Rotom-Wash, L50|\n|poke|p1|Sneasler, L50, M|\n|poke|p1|Talonflame, L50, M|\n|poke|p2|Feraligatr, L50, F|\n|poke|p2|Scizor, L50, M|\n|poke|p2|Sableye, L50, F|\n|poke|p2|Ninetales-Alola, L50, F|\n|poke|p2|Sneasler, L50, F|\n|poke|p2|Rotom-Frost, L50|\n|teampreview|4\n|inactive|Battle timer is ON: inactive players will automatically lose when time's up. (requested by AlakirYT)\n|inactive|tawka has 60 seconds left.\n|inactive|tawka has 30 seconds left.\n|inactive|tawka has 20 seconds left.\n|inactive|tawka has 15 seconds left.\nAlakirYT rejected open team sheets.\n|\n|t:|1776587188\n|teamsize|p1|4\n|teamsize|p2|4\n|start\n|switch|p1a: Talonflame|Talonflame, L50, M|100/100\n|switch|p1b: Rotom|Rotom-Wash, L50|100/100\n|switch|p2a: Sableye|Sableye, L50, F|100/100\n|switch|p2b: Sneasler|Sneasler, L50, F|100/100\n|turn|1\n|\n|t:|1776587215\n|move|p2b: Sneasler|Fake Out|p1b: Rotom\n|-damage|p1b: Rotom|83/100\n|move|p2a: Sableye|Fake Out|p1a: Talonflame\n|-damage|p1a: Talonflame|88/100\n|cant|p1a: Talonflame|flinch\n|cant|p1b: Rotom|flinch\n|\n|upkeep\n|turn|2\n|\n|t:|1776587230\n|switch|p2b: Ninetales|Ninetales-Alola, L50, F|100/100\n|-weather|Snowscape|[from] ability: Snow Warning|[of] p2b: Ninetales\n|move|p1a: Talonflame|Dual Wingbeat|p2b: Ninetales\n|-damage|p2b: Ninetales|84/100\n|-damage|p2b: Ninetales|67/100\n|-hitcount|p2b: Ninetales|2\n|-heal|p1a: Talonflame|92/100|[from] item: Shell Bell|[of] p2b: Ninetales\n|move|p1b: Rotom|Electroweb|p2b: Ninetales|[spread] p2a,p2b\n|-damage|p2a: Sableye|77/100\n|-damage|p2b: Ninetales|44/100\n|-unboost|p2a: Sableye|spe|1\n|-unboost|p2b: Ninetales|spe|1\n|move|p2a: Sableye|Light Screen|p2a: Sableye\n|-sidestart|p2: tawka|move: Light Screen\n|\n|-weather|Snowscape|[upkeep]\n|upkeep\n|turn|3\n|inactive|tawka has 30 seconds left.\n|\n|t:|1776587261\n|move|p1a: Talonflame|Tailwind|p1a: Talonflame\n|-sidestart|p1: AlakirYT|move: Tailwind\n|move|p1b: Rotom|Thunder Wave|p2a: Sableye\n|-status|p2a: Sableye|par\n|move|p2b: Ninetales|Blizzard|p1b: Rotom|[spread] p1a,p1b\n|-resisted|p1b: Rotom|1\n|-damage|p1a: Talonflame|43/100\n|-damage|p1b: Rotom|68/100\n|move|p2a: Sableye|Reflect|p2a: Sableye\n|-sidestart|p2: tawka|Reflect\n|\n|-weather|Snowscape|[upkeep]\n|upkeep\n|turn|4\n|\n|t:|1776587276\n|move|p1a: Talonflame|Blaze Kick|p2b: Ninetales\n|-supereffective|p2b: Ninetales|1\n|-damage|p2b: Ninetales|2/100\n|-heal|p1a: Talonflame|48/100|[from] item: Shell Bell|[of] p2b: Ninetales\n|move|p1b: Rotom|Electroweb|p2a: Sableye|[spread] p2a,p2b\n|-damage|p2a: Sableye|61/100 par\n|-damage|p2b: Ninetales|0 fnt\n|-unboost|p2a: Sableye|spe|1\n|faint|p2b: Ninetales\n|move|p2a: Sableye|Will-O-Wisp|p1b: Rotom\n|-status|p1b: Rotom|brn\n|\n|-weather|Snowscape|[upkeep]\n|-damage|p1b: Rotom|62/100 brn|[from] brn\n|upkeep\n|\n|t:|1776587287\n|switch|p2b: Feraligatr|Feraligatr, L50, F|100/100\n|turn|5\n|inactive|AlakirYT has 30 seconds left.\n|\n|t:|1776587315\n|switch|p2a: Sneasler|Sneasler, L50, F|100/100\n|detailschange|p2b: Feraligatr|Feraligatr-Mega, L50, F\n|-mega|p2b: Feraligatr|Feraligatr|Feraligite\n|move|p1a: Talonflame|Blaze Kick|p2a: Sneasler\n|-damage|p2a: Sneasler|63/100\n|-heal|p1a: Talonflame|53/100|[from] item: Shell Bell|[of] p2a: Sneasler\n|move|p1b: Rotom|Electroweb|p2b: Feraligatr|[spread] p2a,p2b\n|-crit|p2a: Sneasler\n|-damage|p2a: Sneasler|28/100\n|-damage|p2b: Feraligatr|89/100\n|-unboost|p2a: Sneasler|spe|1\n|-unboost|p2b: Feraligatr|spe|1\n|-enditem|p2a: Sneasler|White Herb\n|-clearnegativeboost|p2a: Sneasler|[silent]\n|move|p2b: Feraligatr|Dragon Dance|p2b: Feraligatr\n|-boost|p2b: Feraligatr|atk|1\n|-boost|p2b: Feraligatr|spe|1\n|\n|-weather|Snowscape|[upkeep]\n|-damage|p1b: Rotom|57/100 brn|[from] brn\n|upkeep\n|turn|6\n|inactive|AlakirYT has 30 seconds left.\n|inactive|tawka has 30 seconds left.\n|inactive|tawka has 20 seconds left.\n|\n|t:|1776587355\n|move|p2a: Sneasler|Fake Out|p1b: Rotom\n|-damage|p1b: Rotom|41/100 brn\n|-enditem|p1b: Rotom|Sitrus Berry|[eat]\n|-heal|p1b: Rotom|65/100 brn|[from] item: Sitrus Berry\n|move|p1a: Talonflame|Dual Wingbeat|p2a: Sneasler\n|-supereffective|p2a: Sneasler|1\n|-damage|p2a: Sneasler|0 fnt\n|faint|p2a: Sneasler\n|-hitcount|p2: Sneasler|1\n|-heal|p1a: Talonflame|56/100|[from] item: Shell Bell|[of] p2: Sneasler\n|cant|p1b: Rotom|flinch\n|move|p2b: Feraligatr|Liquidation|p1a: Talonflame\n|-supereffective|p1a: Talonflame|1\n|-damage|p1a: Talonflame|0 fnt\n|faint|p1a: Talonflame\n|\n|-weather|none\n|-damage|p1b: Rotom|60/100 brn|[from] brn\n|-sideend|p2: tawka|move: Light Screen\n|-sideend|p1: AlakirYT|move: Tailwind\n|upkeep\n|\n|t:|1776587372\n|switch|p1a: Tyranitar|Tyranitar, L50, F|100/100\n|switch|p2a: Sableye|Sableye, L50, F|61/100 par\n|-weather|Sandstorm|[from] ability: Sand Stream|[of] p1a: Tyranitar\n|turn|7\n|inactive|AlakirYT has 30 seconds left.\n|\n|t:|1776587400\n|detailschange|p1a: Tyranitar|Tyranitar-Mega, L50, F\n|-mega|p1a: Tyranitar|Tyranitar|Tyranitarite\n|move|p2a: Sableye|Fake Out|p1b: Rotom\n|-crit|p1b: Rotom\n|-damage|p1b: Rotom|46/100 brn\n|move|p1a: Tyranitar|Knock Off|p2b: Feraligatr\n|-damage|p2b: Feraligatr|64/100\n|cant|p1b: Rotom|flinch\n|move|p2b: Feraligatr|Liquidation|p1a: Tyranitar\n|-supereffective|p1a: Tyranitar|1\n|-damage|p1a: Tyranitar|0 fnt\n|faint|p1a: Tyranitar\n|\n|-weather|Sandstorm|[upkeep]\n|-damage|p1b: Rotom|40/100 brn|[from] Sandstorm\n|-damage|p2b: Feraligatr|58/100|[from] Sandstorm\n|-damage|p2a: Sableye|55/100 par|[from] Sandstorm\n|-damage|p1b: Rotom|34/100 brn|[from] brn\n|-sideend|p2: tawka|Reflect\n|upkeep\n|\n|t:|1776587411\n|switch|p1a: Excadrill|Excadrill, L50, M|100/100\n|turn|8\n|\n|t:|1776587422\n|move|p2b: Feraligatr|Protect|p2b: Feraligatr\n|-singleturn|p2b: Feraligatr|Protect\n|move|p1a: Excadrill|High Horsepower|p2b: Feraligatr\n|-activate|p2b: Feraligatr|move: Protect\n|move|p1b: Rotom|Electroweb|p2b: Feraligatr|[spread] p2a\n|-activate|p2b: Feraligatr|move: Protect\n|-damage|p2a: Sableye|34/100 par\n|-unboost|p2a: Sableye|spe|1\n|move|p2a: Sableye|Will-O-Wisp|p1a: Excadrill\n|-status|p1a: Excadrill|brn\n|\n|-weather|Sandstorm|[upkeep]\n|-damage|p1b: Rotom|29/100 brn|[from] Sandstorm\n|-damage|p2b: Feraligatr|52/100|[from] Sandstorm\n|-damage|p2a: Sableye|28/100 par|[from] Sandstorm\n|-damage|p1a: Excadrill|95/100 brn|[from] brn\n|-damage|p1b: Rotom|23/100 brn|[from] brn\n|upkeep\n|turn|9\n|inactive|tawka has 30 seconds left.\n|\n|t:|1776587452\n|move|p1a: Excadrill|High Horsepower|p2b: Feraligatr\n|-damage|p2b: Feraligatr|29/100\n|move|p1b: Rotom|Electroweb|p2b: Feraligatr|[spread] p2a\n|-miss|p1b: Rotom|p2b: Feraligatr\n|-damage|p2a: Sableye|7/100 par\n|-unboost|p2a: Sableye|spe|1\n|move|p2b: Feraligatr|Liquidation|p1a: Excadrill\n|-supereffective|p1a: Excadrill|1\n|-damage|p1a: Excadrill|0 fnt\n|faint|p1a: Excadrill\n|move|p2a: Sableye|Reflect|p2a: Sableye\n|-sidestart|p2: tawka|Reflect\n|\n|-weather|Sandstorm|[upkeep]\n|-damage|p1b: Rotom|17/100 brn|[from] Sandstorm\n|-damage|p2b: Feraligatr|23/100|[from] Sandstorm\n|-damage|p2a: Sableye|0 fnt|[from] Sandstorm\n|faint|p2a: Sableye\n|-damage|p1b: Rotom|11/100 brn|[from] brn\n|upkeep\n|turn|10\n|\n|t:|1776587474\n|move|p2b: Feraligatr|Protect|p2b: Feraligatr\n|-singleturn|p2b: Feraligatr|Protect\n|move|p1b: Rotom|Volt Switch|p2b: Feraligatr\n|-activate|p2b: Feraligatr|move: Protect\n|\n|-weather|Sandstorm|[upkeep]\n|-damage|p1b: Rotom|6/100 brn|[from] Sandstorm\n|-damage|p2b: Feraligatr|17/100|[from] Sandstorm\n|-damage|p1b: Rotom|0 fnt|[from] brn\n|faint|p1b: Rotom\n|\n|win|tawka\n|raw|AlakirYT's rating: 1030 &rarr; <strong>1019</strong><br />(-11 for losing)\n|raw|tawka's rating: 1105 &rarr; <strong>1125</strong><br />(+20 for winning)\n|l|\u2606AlakirYT\n|player|p1|\n",
  "uploadtime": 1776587488,
  "views": 18,
  "formatid": "gen9championsvgc2026regma",
  "rating": 1019,
  "private": 0,
  "password": null
}