{
  "id": "gen9championsvgc2026regma-2588796266",
  "format": "[Gen 9 Champions] VGC 2026 Reg M-A",
  "players": [
    "nmq0901",
    "LordKronos28"
  ],
  "log": "|j|\u2606nmq0901\n|j|\u2606LordKronos28\n|t:|1776671902\n|gametype|doubles\n|player|p1|nmq0901|265|1098\n|player|p2|LordKronos28|ghetsis|1000\n|gen|9\n|tier|[Gen 9 Champions] VGC 2026 Reg M-A\n|rated|\n|rule|Species Clause: Limit one of each Pok\u00e9mon\n|rule|Item Clause: Limit 1 of each item\n|clearpoke\n|poke|p1|Feraligatr, L50, F|\n|poke|p1|Aggron, L50, F|\n|poke|p1|Alakazam, L50, F|\n|poke|p1|Whimsicott, L50, F|\n|poke|p1|Pelipper, L50, F|\n|poke|p1|Tyranitar, L50, M|\n|poke|p2|Crabominable, L50, M|\n|poke|p2|Camerupt, L50, M|\n|poke|p2|Slowking, L50, F|\n|poke|p2|Hatterene, L50, F|\n|poke|p2|Incineroar, L50, M|\n|poke|p2|Tsareena, L50, F|\n|teampreview|4\n|inactive|Battle timer is ON: inactive players will automatically lose when time's up. (requested by LordKronos28)\n|\n|t:|1776671931\n|teamsize|p1|4\n|teamsize|p2|4\n|start\n|switch|p1a: Aggron|Aggron, L50, F|100/100\n|switch|p1b: Whimsicott|Whimsicott, L50, F|100/100\n|switch|p2a: Incineroar|Incineroar, L50, M|100/100\n|switch|p2b: Slowking|Slowking, L50, F|100/100\n|-ability|p2a: Incineroar|Intimidate|boost\n|-unboost|p1a: Aggron|atk|1\n|-unboost|p1b: Whimsicott|atk|1\n|turn|1\n|\n|t:|1776671938\n|detailschange|p1a: Aggron|Aggron-Mega, L50, F\n|-mega|p1a: Aggron|Aggron|Aggronite\n|move|p2a: Incineroar|Fake Out|p1b: Whimsicott\n|-damage|p1b: Whimsicott|89/100\n|cant|p1b: Whimsicott|flinch\n|move|p1a: Aggron|Iron Defense|p1a: Aggron\n|-boost|p1a: Aggron|def|2\n|move|p2b: Slowking|Hydro Pump|p1a: Aggron\n|-damage|p1a: Aggron|62/100\n|\n|upkeep\n|turn|2\n|\n|t:|1776671957\n|move|p1b: Whimsicott|Light Screen|p1b: Whimsicott\n|-sidestart|p1: nmq0901|move: Light Screen\n|move|p2a: Incineroar|Flare Blitz|p1b: Whimsicott\n|-supereffective|p1b: Whimsicott|1\n|-damage|p1b: Whimsicott|0 fnt\n|faint|p1b: Whimsicott\n|-damage|p2a: Incineroar|76/100|[from] Recoil\n|move|p1a: Aggron|Body Press|p2a: Incineroar\n|-supereffective|p2a: Incineroar|1\n|-damage|p2a: Incineroar|0 fnt\n|faint|p2a: Incineroar\n|move|p2b: Slowking|Hydro Pump|p1a: Aggron\n|-damage|p1a: Aggron|35/100\n|\n|upkeep\n|\n|t:|1776671975\n|switch|p1b: Alakazam|Alakazam, L50, F|100/100\n|switch|p2a: Tsareena|Tsareena, L50, F|100/100\n|turn|3\n|\n|t:|1776671985\n|move|p1b: Alakazam|Speed Swap|p1a: Aggron\n|-activate|p1b: Alakazam|move: Speed Swap|[of] p1a: Aggron\n|move|p1a: Aggron|Body Press|p2a: Tsareena\n|-damage|p2a: Tsareena|0 fnt\n|faint|p2a: Tsareena\n|move|p2b: Slowking|Trick Room|p2b: Slowking\n|-fieldstart|move: Trick Room|[of] p2b: Slowking\n|\n|upkeep\n|\n|t:|1776671990\n|switch|p2a: Crabominable|Crabominable, L50, M|100/100\n|turn|4\n|\n|t:|1776672007\n|detailschange|p2a: Crabominable|Crabominable-Mega, L50, M\n|-mega|p2a: Crabominable|Crabominable|Crabominite\n|move|p2b: Slowking|Hydro Pump|p1a: Aggron|[miss]\n|-miss|p2b: Slowking|p1a: Aggron\n|move|p2a: Crabominable|Close Combat|p1a: Aggron\n|-supereffective|p1a: Aggron|1\n|-damage|p1a: Aggron|10/100\n|-unboost|p2a: Crabominable|def|1\n|-unboost|p2a: Crabominable|spd|1\n|move|p1b: Alakazam|Psychic|p2a: Crabominable\n|-supereffective|p2a: Crabominable|1\n|-damage|p2a: Crabominable|0 fnt\n|faint|p2a: Crabominable\n|move|p1a: Aggron|Body Press|p2b: Slowking\n|-resisted|p2b: Slowking|1\n|-damage|p2b: Slowking|68/100\n|\n|upkeep\n|turn|5\n|-message|LordKronos28 forfeited.\n|\n|win|nmq0901\n|raw|nmq0901's rating: 1098 &rarr; <strong>1116</strong><br />(+18 for winning)\n|raw|LordKronos28's rating: 1000 &rarr; <strong>1000</strong><br />(+0 for losing)\n|l|\u2606LordKronos28\n|player|p2|\n|l|\u2606nmq0901\n|player|p1|\n|j|\u2606nmq0901\n|player|p1|nmq0901|265|\n",
  "uploadtime": 1776672054,
  "views": 17,
  "formatid": "gen9championsvgc2026regma",
  "rating": 1000,
  "private": 0,
  "password": null
}