{
  "id": "gen9championsvgc2026regma-2585577417",
  "format": "[Gen 9 Champions] VGC 2026 Reg M-A",
  "players": [
    "SourJupiter",
    "Leinad Noscaj"
  ],
  "log": "|j|\u2606SourJupiter\n|j|\u2606Leinad Noscaj\n|t:|1776356643\n|gametype|doubles\n|player|p1|SourJupiter|miku-ground|1088\n|player|p2|Leinad Noscaj|youngathlete|1042\n|gen|9\n|tier|[Gen 9 Champions] VGC 2026 Reg M-A\n|rated|\n|rule|Species Clause: Limit one of each Pok\u00e9mon\n|rule|Item Clause: Limit 1 of each item\n|clearpoke\n|poke|p1|Froslass, L50, F|\n|poke|p1|Sneasler, L50, F|\n|poke|p1|Kingambit, L50, M|\n|poke|p1|Incineroar, L50, M|\n|poke|p1|Orthworm, L50, M|\n|poke|p1|Garchomp, L50, F|\n|poke|p2|Palafin, L50, F|\n|poke|p2|Pelipper, L50, M|\n|poke|p2|Glalie, L50, M|\n|poke|p2|Raichu, L50, M|\n|poke|p2|Aerodactyl, L50, M|\n|poke|p2|Farigiraf, L50, F|\n|teampreview|4\nSourJupiter rejected open team sheets.\n|\n|t:|1776356675\n|teamsize|p1|4\n|teamsize|p2|4\n|start\n|switch|p1a: EEETAH|Orthworm, L50, M, shiny|100/100\n|switch|p1b: MUVAH|Incineroar, L50, M|100/100\n|switch|p2a: new floatzel 2|Palafin, L50, F, shiny|100/100\n|switch|p2b: Pelipper|Pelipper, L50, M|100/100\n|-weather|RainDance|[from] ability: Drizzle|[of] p2b: Pelipper\n|-ability|p1b: MUVAH|Intimidate|boost\n|-unboost|p2a: new floatzel 2|atk|1\n|-unboost|p2b: Pelipper|atk|1\n|turn|1\n|\n|t:|1776356702\n|detailschange|p2a: new floatzel 2|Palafin-Hero, L50, F, shiny\n|switch|p2a: Farigiraf|Farigiraf, L50, F, shiny|100/100\n|move|p1b: MUVAH|Fake Out||[still]\n|cant|p2a: Farigiraf|ability: Armor Tail|Fake Out|[of] p1b: MUVAH\n|move|p2b: Pelipper|Tailwind|p2b: Pelipper\n|-sidestart|p2: Leinad Noscaj|move: Tailwind\n|move|p1a: EEETAH|Stealth Rock|p2b: Pelipper\n|-sidestart|p2: Leinad Noscaj|move: Stealth Rock\n|\n|-weather|RainDance|[upkeep]\n|upkeep\n|turn|2\n|\n|t:|1776356722\n|move|p2a: Farigiraf|Protect|p2a: Farigiraf\n|-singleturn|p2a: Farigiraf|Protect\n|move|p2b: Pelipper|Weather Ball|p1b: MUVAH\n|-supereffective|p1b: MUVAH|1\n|-damage|p1b: MUVAH|0 fnt\n|faint|p1b: MUVAH\n|move|p1a: EEETAH|Shed Tail|p1a: EEETAH\n|-start|p1a: EEETAH|Substitute|[from] move: Shed Tail\n|-damage|p1a: EEETAH|50/100\n|\n|t:|1776356729\n|switch|p1a: Lady\ud83d\ude0a\ud83d\udc95|Froslass, L50, F, shiny|100/100|[from] Shed Tail\n|\n|-weather|RainDance|[upkeep]\n|upkeep\n|\n|t:|1776356733\n|switch|p1b: CUHTAH|Kingambit, L50, M, shiny|100/100\n|turn|3\n|\n|t:|1776356756\n|move|p2b: Pelipper|Weather Ball|p1a: Lady\ud83d\ude0a\ud83d\udc95\n|-end|p1a: Lady\ud83d\ude0a\ud83d\udc95|Substitute\n|move|p1a: Lady\ud83d\ude0a\ud83d\udc95|Nasty Plot|p1a: Lady\ud83d\ude0a\ud83d\udc95\n|-boost|p1a: Lady\ud83d\ude0a\ud83d\udc95|spa|2\n|move|p2a: Farigiraf|Psychic Noise|p1a: Lady\ud83d\ude0a\ud83d\udc95\n|-damage|p1a: Lady\ud83d\ude0a\ud83d\udc95|56/100\n|-start|p1a: Lady\ud83d\ude0a\ud83d\udc95|move: Heal Block\n|move|p1b: CUHTAH|Night Slash|p2a: Farigiraf\n|-supereffective|p2a: Farigiraf|1\n|-crit|p2a: Farigiraf\n|-damage|p2a: Farigiraf|0 fnt\n|faint|p2a: Farigiraf\n|\n|-weather|RainDance|[upkeep]\n|upkeep\n|c|\u2606Leinad Noscaj|one sec\n|c|\u2606Leinad Noscaj|explaining physics\n|c|\u2606SourJupiter|ur good\n|c|\u2606Leinad Noscaj|aight I'm back\n|c|\u2606Leinad Noscaj|ty for not starting timer\n|\n|t:|1776356834\n|switch|p2a: big bird|Aerodactyl, L50, M|100/100\n|-ability|p2a: big bird|Unnerve\n|-damage|p2a: big bird|76/100|[from] Stealth Rock\n|turn|4\n|\n|t:|1776356860\n|detailschange|p1a: Lady\ud83d\ude0a\ud83d\udc95|Froslass-Mega, L50, F, shiny\n|-mega|p1a: Lady\ud83d\ude0a\ud83d\udc95|Froslass|Froslassite\n|-weather|Snowscape|[from] ability: Snow Warning|[of] p1a: Lady\ud83d\ude0a\ud83d\udc95\n|move|p2a: big bird|Rock Slide|p1b: CUHTAH|[spread] p1a,p1b\n|-supereffective|p1a: Lady\ud83d\ude0a\ud83d\udc95|1\n|-resisted|p1b: CUHTAH|1\n|-damage|p1a: Lady\ud83d\ude0a\ud83d\udc95|0 fnt\n|-damage|p1b: CUHTAH|90/100\n|faint|p1a: Lady\ud83d\ude0a\ud83d\udc95\n|move|p2b: Pelipper|Weather Ball|p1b: CUHTAH\n|-resisted|p1b: CUHTAH|1\n|-damage|p1b: CUHTAH|78/100\n|move|p1b: CUHTAH|Iron Head|p2a: big bird\n|-supereffective|p2a: big bird|1\n|-damage|p2a: big bird|0 fnt\n|faint|p2a: big bird\n|\n|-weather|Snowscape|[upkeep]\n|-sideend|p2: Leinad Noscaj|move: Tailwind\n|upkeep\n|\n|t:|1776356892\n|switch|p2a: new floatzel 2|Palafin-Hero, L50, F, shiny|100/100\n|switch|p1a: EEETAH|Orthworm, L50, M, shiny|50/100\n|-damage|p2a: new floatzel 2|88/100|[from] Stealth Rock\n|-activate|p2a: new floatzel 2|ability: Zero to Hero\n|turn|5\n|\n|t:|1776357023\n|move|p2a: new floatzel 2|Close Combat|p1b: CUHTAH\n|-supereffective|p1b: CUHTAH|2\n|-damage|p1b: CUHTAH|0 fnt\n|-unboost|p2a: new floatzel 2|def|1\n|-unboost|p2a: new floatzel 2|spd|1\n|faint|p1b: CUHTAH\n|-heal|p2a: new floatzel 2|98/100|[from] item: Shell Bell|[of] p1: CUHTAH\n|move|p2b: Pelipper|Tailwind|p2b: Pelipper\n|-sidestart|p2: Leinad Noscaj|move: Tailwind\n|move|p1a: EEETAH|Body Slam|p2b: Pelipper\n|-damage|p2b: Pelipper|72/100\n|\n|-weather|Snowscape|[upkeep]\n|-heal|p1a: EEETAH|56/100|[from] item: Leftovers\n|upkeep\n|turn|6\n|c|\u2606SourJupiter|gg\n|c|\u2606Leinad Noscaj|gg\n|\n|t:|1776357093\n|move|p2a: new floatzel 2|Close Combat|p1a: EEETAH\n|-supereffective|p1a: EEETAH|1\n|-damage|p1a: EEETAH|0 fnt\n|-unboost|p2a: new floatzel 2|def|1\n|-unboost|p2a: new floatzel 2|spd|1\n|faint|p1a: EEETAH\n|-heal|p2a: new floatzel 2|100/100|[from] item: Shell Bell|[of] p1: EEETAH\n|\n|win|Leinad Noscaj\n|raw|SourJupiter's rating: 1088 &rarr; <strong>1062</strong><br />(-26 for losing)\n|raw|Leinad Noscaj's rating: 1042 &rarr; <strong>1080</strong><br />(+38 for winning)\n",
  "uploadtime": 1776357096,
  "views": 14,
  "formatid": "gen9championsvgc2026regma",
  "rating": 1062,
  "private": 0,
  "password": null
}