{
  "id": "gen9championsvgc2026regma-2580992447",
  "format": "[Gen 9 Champions] VGC 2026 Reg M-A",
  "players": [
    "frua",
    "nikbutawesome"
  ],
  "log": "|j|\u2606frua\n|j|\u2606nikbutawesome\n|t:|1775949771\n|gametype|doubles\n|player|p1|frua|170|1080\n|player|p2|nikbutawesome|pokemaniac|1059\n|gen|9\n|tier|[Gen 9 Champions] VGC 2026 Reg M-A\n|rated|\n|rule|Species Clause: Limit one of each Pok\u00e9mon\n|rule|Item Clause: Limit 1 of each item\n|clearpoke\n|poke|p1|Charizard, L50, F|\n|poke|p1|Sneasler, L50, M|\n|poke|p1|Whimsicott, L50, M|\n|poke|p1|Maushold, L50|\n|poke|p1|Garchomp, L50, M|\n|poke|p1|Kingambit, L50, M|\n|poke|p2|Charizard, L50, F|\n|poke|p2|Venusaur, L50, M|\n|poke|p2|Whimsicott, L50, F|\n|poke|p2|Maushold-Four, L50|\n|poke|p2|Garchomp, L50, F|\n|poke|p2|Incineroar, L50, M|\n|teampreview|4\n|\n|t:|1775949794\n|teamsize|p1|4\n|teamsize|p2|4\n|start\n|switch|p1a: Sneasler|Sneasler, L50, M|100/100\n|switch|p1b: Whimsicott|Whimsicott, L50, M|100/100\n|switch|p2a: Whimsicott|Whimsicott, L50, F, shiny|100/100\n|switch|p2b: Charizard|Charizard, L50, F|100/100\n|turn|1\n|\n|t:|1775949831\n|move|p2b: Charizard|Protect|p2b: Charizard\n|-singleturn|p2b: Charizard|Protect\n|move|p1a: Sneasler|Fake Out|p2b: Charizard\n|-activate|p2b: Charizard|move: Protect\n|move|p1b: Whimsicott|Tailwind|p1b: Whimsicott\n|-sidestart|p1: frua|move: Tailwind\n|move|p2a: Whimsicott|Moonblast|p1a: Sneasler\n|-damage|p1a: Sneasler|53/100\n|\n|upkeep\n|turn|2\n|\n|t:|1775949855\n|detailschange|p2b: Charizard|Charizard-Mega-Y, L50, F\n|-mega|p2b: Charizard|Charizard|Charizardite Y\n|-weather|SunnyDay|[from] ability: Drought|[of] p2b: Charizard\n|move|p1b: Whimsicott|Encore|p2b: Charizard\n|-start|p2b: Charizard|Encore\n|move|p2b: Charizard|Protect|p2b: Charizard\n|-singleturn|p2b: Charizard|Protect\n|move|p2a: Whimsicott|Tailwind|p2a: Whimsicott\n|-sidestart|p2: nikbutawesome|move: Tailwind\n|move|p1a: Sneasler|Dire Claw|p2a: Whimsicott\n|-supereffective|p2a: Whimsicott|2\n|-damage|p2a: Whimsicott|0 fnt\n|faint|p2a: Whimsicott\n|\n|-weather|SunnyDay|[upkeep]\n|upkeep\n|\n|t:|1775949866\n|switch|p2a: Venusaur|Venusaur, L50, M|100/100\n|turn|3\n|\n|t:|1775949902\n|switch|p1b: Kingambit|Kingambit, L50, M|100/100\n|switch|p1a: Charizard|Charizard, L50, F|100/100\n|switch|p2b: Garchomp|Garchomp, L50, F|100/100\n|move|p2a: Venusaur|Sludge Bomb|p1b: Kingambit\n|-immune|p1b: Kingambit\n|\n|-weather|SunnyDay|[upkeep]\n|-damage|p1a: Charizard|88/100|[from] ability: Solar Power|[of] p1a: Charizard\n|upkeep\n|turn|4\n|\n|t:|1775949948\n|switch|p1a: Sneasler|Sneasler, L50, M|53/100\n|move|p2a: Venusaur|Sleep Powder|p1a: Sneasler\n|-status|p1a: Sneasler|slp|[from] move: Sleep Powder\n|move|p2b: Garchomp|Stomping Tantrum|p1b: Kingambit\n|-supereffective|p1b: Kingambit|1\n|-damage|p1b: Kingambit|39/100\n|move|p1b: Kingambit|Swords Dance|p1b: Kingambit\n|-boost|p1b: Kingambit|atk|2\n|\n|-weather|SunnyDay|[upkeep]\n|-sideend|p1: frua|move: Tailwind\n|upkeep\n|turn|5\n|\n|t:|1775949974\n|switch|p2b: Charizard|Charizard-Mega-Y, L50, F|100/100\n|switch|p1a: Whimsicott|Whimsicott, L50, M|100/100\n|move|p1b: Kingambit|Sucker Punch||[still]\n|-fail|p1b: Kingambit\n|move|p2a: Venusaur|Sleep Powder|p1b: Kingambit\n|-status|p1b: Kingambit|slp|[from] move: Sleep Powder\n|\n|-weather|SunnyDay|[upkeep]\n|-sideend|p2: nikbutawesome|move: Tailwind\n|upkeep\n|turn|6\n|\n|t:|1775950007\n|move|p1a: Whimsicott|Tailwind|p1a: Whimsicott\n|-sidestart|p1: frua|move: Tailwind\n|cant|p1b: Kingambit|slp\n|move|p2a: Venusaur|Sludge Bomb|p1a: Whimsicott\n|-supereffective|p1a: Whimsicott|2\n|-enditem|p1a: Whimsicott|Focus Sash\n|-damage|p1a: Whimsicott|1/100\n|move|p2b: Charizard|Heat Wave|p1a: Whimsicott|[spread] p1a,p1b\n|-supereffective|p1a: Whimsicott|1\n|-supereffective|p1b: Kingambit|1\n|-damage|p1a: Whimsicott|0 fnt\n|-damage|p1b: Kingambit|0 fnt\n|faint|p1a: Whimsicott\n|faint|p1b: Kingambit\n|\n|-weather|none\n|upkeep\n|\n|t:|1775950019\n|switch|p1a: Charizard|Charizard, L50, F|88/100\n|switch|p1b: Sneasler|Sneasler, L50, M|53/100 slp\n|turn|7\n|\n|t:|1775950042\n|detailschange|p1a: Charizard|Charizard-Mega-Y, L50, F\n|-mega|p1a: Charizard|Charizard|Charizardite Y\n|-weather|SunnyDay|[from] ability: Drought|[of] p1a: Charizard\n|cant|p1b: Sneasler|slp\n|move|p2a: Venusaur|Sleep Powder|p1a: Charizard\n|-status|p1a: Charizard|slp|[from] move: Sleep Powder\n|cant|p1a: Charizard|slp\n|move|p2b: Charizard|Heat Wave|p1a: Charizard|[spread] p1a,p1b\n|-resisted|p1a: Charizard|1\n|-crit|p1b: Sneasler\n|-damage|p1a: Charizard|62/100 slp\n|-damage|p1b: Sneasler|0 fnt\n|faint|p1b: Sneasler\n|\n|-weather|SunnyDay|[upkeep]\n|upkeep\n|turn|8\n|\n|t:|1775950058\n|move|p2a: Venusaur|Sludge Bomb|p1a: Charizard\n|-damage|p1a: Charizard|24/100 slp\n|cant|p1a: Charizard|slp\n|move|p2b: Charizard|Air Slash|p1a: Charizard\n|-damage|p1a: Charizard|0 fnt\n|faint|p1a: Charizard\n|\n|win|nikbutawesome\n|raw|frua's rating: 1080 &rarr; <strong>1057</strong><br />(-23 for losing)\n|raw|nikbutawesome's rating: 1059 &rarr; <strong>1092</strong><br />(+33 for winning)\n",
  "uploadtime": 1775950068,
  "views": 11,
  "formatid": "gen9championsvgc2026regma",
  "rating": 1057,
  "private": 0,
  "password": null
}