{
  "id": "gen9championsvgc2026regma-2582221092",
  "format": "[Gen 9 Champions] VGC 2026 Reg M-A",
  "players": [
    "colfox",
    "bagigiba"
  ],
  "log": "|j|\u2606colfox\n|j|\u2606bagigiba\n|t:|1776072915\n|gametype|doubles\n|player|p1|colfox|1|1064\n|player|p2|bagigiba|169|1062\n|gen|9\n|tier|[Gen 9 Champions] VGC 2026 Reg M-A\n|rated|\n|rule|Species Clause: Limit one of each Pok\u00e9mon\n|rule|Item Clause: Limit 1 of each item\n|clearpoke\n|poke|p1|Ninetales, L50, F|\n|poke|p1|Dragonite, L50, M|\n|poke|p1|Sylveon, L50, F|\n|poke|p1|Whimsicott, L50, M|\n|poke|p1|Delphox, L50, M|\n|poke|p1|Garchomp, L50, M|\n|poke|p2|Froslass, L50, F|\n|poke|p2|Glaceon, L50, F|\n|poke|p2|Incineroar, L50, M|\n|poke|p2|Sneasler, L50, F|\n|poke|p2|Clefable, L50, F|\n|poke|p2|Farigiraf, L50, M|\n|teampreview|4\n|inactive|Battle timer is ON: inactive players will automatically lose when time's up. (requested by bagigiba)\n|c|\u2606bagigiba|yo\n|\n|t:|1776072961\n|teamsize|p1|4\n|teamsize|p2|4\n|start\n|switch|p1a: Whimsicott|Whimsicott, L50, M|100/100\n|switch|p1b: Delphox|Delphox, L50, M|100/100\n|switch|p2a: Incineroar|Incineroar, L50, M|100/100\n|switch|p2b: Farigiraf|Farigiraf, L50, M|100/100\n|-ability|p2a: Incineroar|Intimidate|boost\n|-unboost|p1a: Whimsicott|atk|1\n|-unboost|p1b: Delphox|atk|1\n|turn|1\n|c|\u2606bagigiba|glhf\n|inactive|colfox has 30 seconds left.\n|inactive|colfox has 20 seconds left.\n|\n|t:|1776072996\n|switch|p1a: Ninetales|Ninetales, L50, F|100/100\n|-weather|SunnyDay|[from] ability: Drought|[of] p1a: Ninetales\n|detailschange|p1b: Delphox|Delphox-Mega, L50, M\n|-mega|p1b: Delphox|Delphox|Delphoxite\n|move|p2a: Incineroar|Fake Out|p1a: Ninetales\n|-damage|p1a: Ninetales|81/100\n|move|p1b: Delphox|Nasty Plot|p1b: Delphox\n|-boost|p1b: Delphox|spa|2\n|move|p2b: Farigiraf|Trick Room|p2b: Farigiraf\n|-fieldstart|move: Trick Room|[of] p2b: Farigiraf\n|\n|-weather|SunnyDay|[upkeep]\n|upkeep\n|turn|2\n|\n|t:|1776073014\n|move|p2b: Farigiraf|Hyper Voice|p1a: Ninetales|[spread] p1a,p1b\n|-damage|p1a: Ninetales|46/100\n|-damage|p1b: Delphox|70/100\n|move|p2a: Incineroar|Parting Shot|p1b: Delphox\n|-unboost|p1b: Delphox|atk|1\n|-unboost|p1b: Delphox|spa|1\n|\n|t:|1776073021\n|switch|p2a: Glaceon|Glaceon, L50, F|100/100|[from] Parting Shot\n|move|p1a: Ninetales|Flamethrower|p2b: Farigiraf\n|-damage|p2b: Farigiraf|49/100\n|-enditem|p2b: Farigiraf|Sitrus Berry|[eat]\n|-heal|p2b: Farigiraf|73/100|[from] item: Sitrus Berry\n|move|p1b: Delphox|Flamethrower|p2b: Farigiraf\n|-damage|p2b: Farigiraf|0 fnt\n|faint|p2b: Farigiraf\n|\n|-weather|SunnyDay|[upkeep]\n|upkeep\n|\n|t:|1776073025\n|switch|p2b: Incineroar|Incineroar, L50, M|100/100\n|-ability|p2b: Incineroar|Intimidate|boost\n|-unboost|p1a: Ninetales|atk|1\n|-unboost|p1b: Delphox|atk|1\n|turn|3\n|\n|t:|1776073041\n|switch|p1b: Sylveon|Sylveon, L50, F|100/100\n|move|p2b: Incineroar|Fake Out|p1a: Ninetales\n|-damage|p1a: Ninetales|28/100\n|move|p2a: Glaceon|Shadow Ball|p1b: Sylveon\n|-damage|p1b: Sylveon|81/100\n|cant|p1a: Ninetales|flinch\n|\n|-weather|SunnyDay|[upkeep]\n|upkeep\n|turn|4\n|\n|t:|1776073062\n|move|p2a: Glaceon|Detect|p2a: Glaceon\n|-singleturn|p2a: Glaceon|Protect\n|move|p2b: Incineroar|Parting Shot|p1b: Sylveon\n|-unboost|p1b: Sylveon|atk|1\n|-unboost|p1b: Sylveon|spa|1\n|\n|t:|1776073067\n|switch|p2b: Froslass|Froslass, L50, F|100/100|[from] Parting Shot\n|move|p1b: Sylveon|Wish|p1b: Sylveon\n|move|p1a: Ninetales|Flamethrower|p2a: Glaceon\n|-activate|p2a: Glaceon|move: Protect\n|\n|-weather|SunnyDay|[upkeep]\n|upkeep\n|turn|5\n|\n|t:|1776073085\n|switch|p1a: Whimsicott|Whimsicott, L50, M|100/100\n|detailschange|p2b: Froslass|Froslass-Mega, L50, F\n|-mega|p2b: Froslass|Froslass|Froslassite\n|-weather|Snowscape|[from] ability: Snow Warning|[of] p2b: Froslass\n|move|p1b: Sylveon|Mystical Fire|p2b: Froslass\n|-supereffective|p2b: Froslass|1\n|-damage|p2b: Froslass|67/100\n|-unboost|p2b: Froslass|spa|1\n|move|p2a: Glaceon|Blizzard|p1b: Sylveon|[spread] p1a,p1b\n|-supereffective|p1a: Whimsicott|1\n|-enditem|p1a: Whimsicott|Focus Sash\n|-damage|p1a: Whimsicott|1/100\n|-damage|p1b: Sylveon|51/100\n|move|p2b: Froslass|Blizzard|p1a: Whimsicott|[spread] p1a,p1b\n|-supereffective|p1a: Whimsicott|1\n|-damage|p1a: Whimsicott|0 fnt\n|-damage|p1b: Sylveon|27/100\n|-enditem|p1b: Sylveon|Sitrus Berry|[eat]\n|-heal|p1b: Sylveon|51/100|[from] item: Sitrus Berry\n|faint|p1a: Whimsicott\n|\n|-weather|Snowscape|[upkeep]\n|-heal|p1b: Sylveon|100/100|[from] move: Wish|[wisher] Sylveon\n|-fieldend|move: Trick Room\n|upkeep\n|\n|t:|1776073106\n|switch|p1a: Ninetales|Ninetales, L50, F|28/100\n|-weather|SunnyDay|[from] ability: Drought|[of] p1a: Ninetales\n|turn|6\n|\n|t:|1776073119\n|switch|p2b: Incineroar|Incineroar, L50, M|100/100\n|-ability|p2b: Incineroar|Intimidate|boost\n|-unboost|p1a: Ninetales|atk|1\n|-unboost|p1b: Sylveon|atk|1\n|move|p2a: Glaceon|Detect|p2a: Glaceon\n|-singleturn|p2a: Glaceon|Protect\n|move|p1a: Ninetales|Memento|p2b: Incineroar\n|-unboost|p2b: Incineroar|atk|2\n|-unboost|p2b: Incineroar|spa|2\n|faint|p1a: Ninetales\n|move|p1b: Sylveon|Mystical Fire|p2a: Glaceon\n|-activate|p2a: Glaceon|move: Protect\n|\n|-weather|SunnyDay|[upkeep]\n|upkeep\n|\n|t:|1776073131\n|switch|p1a: Delphox|Delphox-Mega, L50, M|70/100\n|turn|7\n|\n|t:|1776073144\n|move|p2b: Incineroar|Fake Out|p1a: Delphox\n|-damage|p1a: Delphox|60/100\n|cant|p1a: Delphox|flinch\n|move|p2a: Glaceon|Shadow Ball|p1a: Delphox\n|-supereffective|p1a: Delphox|1\n|-damage|p1a: Delphox|0 fnt\n|faint|p1a: Delphox\n|move|p1b: Sylveon|Mystical Fire|p2a: Glaceon\n|-supereffective|p2a: Glaceon|1\n|-damage|p2a: Glaceon|35/100\n|-unboost|p2a: Glaceon|spa|1\n|\n|-weather|SunnyDay|[upkeep]\n|-heal|p2a: Glaceon|40/100|[from] item: Leftovers\n|upkeep\n|turn|8\n|\n|t:|1776073159\n|switch|p2b: Froslass|Froslass-Mega, L50, F|67/100\n|-weather|Snowscape|[from] ability: Snow Warning|[of] p2b: Froslass\n|move|p2a: Glaceon|Detect|p2a: Glaceon\n|-singleturn|p2a: Glaceon|Protect\n|move|p1b: Sylveon|Mystical Fire|p2a: Glaceon\n|-activate|p2a: Glaceon|move: Protect\n|\n|-weather|Snowscape|[upkeep]\n|-heal|p2a: Glaceon|46/100|[from] ability: Ice Body\n|-heal|p2a: Glaceon|52/100|[from] item: Leftovers\n|upkeep\n|turn|9\n|\n|t:|1776073179\n|switch|p2a: Incineroar|Incineroar, L50, M|100/100\n|-ability|p2a: Incineroar|Intimidate|boost\n|-unboost|p1b: Sylveon|atk|1\n|move|p2b: Froslass|Protect|p2b: Froslass\n|-singleturn|p2b: Froslass|Protect\n|move|p1b: Sylveon|Hyper Voice|p2a: Incineroar|[spread] p2a\n|-activate|p2b: Froslass|move: Protect\n|-damage|p2a: Incineroar|81/100\n|\n|-weather|Snowscape|[upkeep]\n|upkeep\n|turn|10\n|\n|t:|1776073193\n|move|p2a: Incineroar|Fake Out|p1b: Sylveon\n|-damage|p1b: Sylveon|86/100\n|move|p2b: Froslass|Aurora Veil|p2b: Froslass\n|-sidestart|p2: bagigiba|move: Aurora Veil\n|cant|p1b: Sylveon|flinch\n|\n|-weather|Snowscape|[upkeep]\n|upkeep\n|turn|11\n|\n|t:|1776073210\n|move|p2b: Froslass|Blizzard|p1b: Sylveon\n|-damage|p1b: Sylveon|38/100\n|move|p1b: Sylveon|Mystical Fire|p2b: Froslass\n|-supereffective|p2b: Froslass|1\n|-damage|p2b: Froslass|46/100\n|-unboost|p2b: Froslass|spa|1\n|move|p2a: Incineroar|Parting Shot|p1b: Sylveon\n|-unboost|p1b: Sylveon|atk|1\n|-unboost|p1b: Sylveon|spa|1\n|\n|t:|1776073220\n|switch|p2a: Glaceon|Glaceon, L50, F|52/100|[from] Parting Shot\n|\n|-weather|Snowscape|[upkeep]\n|-heal|p2a: Glaceon|58/100|[from] ability: Ice Body\n|-heal|p2a: Glaceon|63/100|[from] item: Leftovers\n|upkeep\n|turn|12\n|\n|t:|1776073228\n|move|p2b: Froslass|Blizzard|p1b: Sylveon\n|-damage|p1b: Sylveon|8/100\n|move|p2a: Glaceon|Blizzard|p1b: Sylveon\n|-damage|p1b: Sylveon|0 fnt\n|faint|p1b: Sylveon\n|\n|win|bagigiba\n|raw|colfox's rating: 1064 &rarr; <strong>1044</strong><br />(-20 for losing)\n|raw|bagigiba's rating: 1062 &rarr; <strong>1093</strong><br />(+31 for winning)\n|l|\u2606bagigiba\n|player|p2|\n",
  "uploadtime": 1776073244,
  "views": 11,
  "formatid": "gen9championsvgc2026regma",
  "rating": 1044,
  "private": 0,
  "password": null
}