{
  "id": "gen9championsvgc2026regma-2588752564",
  "format": "[Gen 9 Champions] VGC 2026 Reg M-A",
  "players": [
    "cats dream of you",
    "Tunio"
  ],
  "log": "|j|\u2606cats dream of you\n|j|\u2606Tunio\n|t:|1776666182\n|gametype|doubles\n|player|p1|cats dream of you|hilbert|1240\n|player|p2|Tunio|170|1251\n|gen|9\n|tier|[Gen 9 Champions] VGC 2026 Reg M-A\n|rated|\n|rule|Species Clause: Limit one of each Pok\u00e9mon\n|rule|Item Clause: Limit 1 of each item\n|clearpoke\n|poke|p1|Froslass, L50, F|\n|poke|p1|Milotic, L50, F|\n|poke|p1|Scizor, L50, F|\n|poke|p1|Sinistcha, L50|\n|poke|p1|Basculegion, L50, M|\n|poke|p1|Maushold-Four, L50|\n|poke|p2|Charizard, L50, F|\n|poke|p2|Venusaur, L50, M|\n|poke|p2|Raichu, L50, F|\n|poke|p2|Gyarados, L50, M|\n|poke|p2|Dragonite, L50, M|\n|poke|p2|Aerodactyl, L50, F|\n|teampreview|4\ncats dream of you has agreed to open team sheets.\n|inactive|Battle timer is ON: inactive players will automatically lose when time's up. (requested by cats dream of you)\n|\n|t:|1776666211\n|teamsize|p1|4\n|teamsize|p2|4\n|start\n|switch|p1a: Froslass|Froslass, L50, F|100/100\n|switch|p1b: Milotic|Milotic, L50, F|100/100\n|switch|p2a: Charizard|Charizard, L50, F|100/100\n|switch|p2b: Venusaur|Venusaur, L50, M|100/100\n|turn|1\n|\n|t:|1776666229\n|move|p2b: Venusaur|Protect|p2b: Venusaur\n|-singleturn|p2b: Venusaur|Protect\n|move|p1a: Froslass|Protect|p1a: Froslass\n|-singleturn|p1a: Froslass|Protect\n|move|p2a: Charizard|Heat Wave|p1b: Milotic|[spread] p1b\n|-activate|p1a: Froslass|move: Protect\n|-resisted|p1b: Milotic|1\n|-damage|p1b: Milotic|89/100\n|move|p1b: Milotic|Coil|p1b: Milotic\n|-boost|p1b: Milotic|atk|1\n|-boost|p1b: Milotic|def|1\n|-boost|p1b: Milotic|accuracy|1\n|\n|upkeep\n|turn|2\n|inactive|cats dream of you has 30 seconds left.\n|\n|t:|1776666255\n|switch|p2b: Raichu|Raichu, L50, F|100/100\n|detailschange|p1a: Froslass|Froslass-Mega, L50, F\n|-mega|p1a: Froslass|Froslass|Froslassite\n|-weather|Snowscape|[from] ability: Snow Warning|[of] p1a: Froslass\n|move|p2a: Charizard|Protect|p2a: Charizard\n|-singleturn|p2a: Charizard|Protect\n|move|p1a: Froslass|Aurora Veil|p1a: Froslass\n|-sidestart|p1: cats dream of you|move: Aurora Veil\n|move|p1b: Milotic|Hypnosis|p2b: Raichu\n|-status|p2b: Raichu|slp|[from] move: Hypnosis\n|\n|-weather|Snowscape|[upkeep]\n|upkeep\n|turn|3\n|\n|t:|1776666275\n|detailschange|p2a: Charizard|Charizard-Mega-Y, L50, F\n|-mega|p2a: Charizard|Charizard|Charizardite Y\n|-weather|SunnyDay|[from] ability: Drought|[of] p2a: Charizard\n|cant|p2b: Raichu|slp\n|move|p2a: Charizard|Solar Beam||[still]\n|-prepare|p2a: Charizard|Solar Beam\n|-anim|p2a: Charizard|Solar Beam|p1b: Milotic\n|-supereffective|p1b: Milotic|1\n|-damage|p1b: Milotic|45/100\n|move|p1a: Froslass|Blizzard|p2b: Raichu|[spread] p2a,p2b\n|-crit|p2a: Charizard\n|-damage|p2a: Charizard|25/100\n|-damage|p2b: Raichu|23/100 slp\n|move|p1b: Milotic|Hydro Pump|p2a: Charizard\n|-supereffective|p2a: Charizard|1\n|-damage|p2a: Charizard|0 fnt\n|faint|p2a: Charizard\n|\n|-weather|SunnyDay|[upkeep]\n|upkeep\n|\n|t:|1776666287\n|switch|p2a: Venusaur|Venusaur, L50, M|100/100\n|turn|4\n|\n|t:|1776666299\n|switch|p1a: Maushold|Maushold-Four, L50|100/100\n|move|p2a: Venusaur|Solar Beam||[still]\n|-prepare|p2a: Venusaur|Solar Beam\n|-anim|p2a: Venusaur|Solar Beam|p1b: Milotic\n|-supereffective|p1b: Milotic|1\n|-damage|p1b: Milotic|0 fnt\n|faint|p1b: Milotic\n|cant|p2b: Raichu|slp\n|\n|-weather|SunnyDay|[upkeep]\n|upkeep\n|\n|t:|1776666310\n|switch|p1b: Froslass|Froslass-Mega, L50, F|100/100\n|-weather|Snowscape|[from] ability: Snow Warning|[of] p1b: Froslass\n|turn|5\n|\n|t:|1776666329\n|move|p2a: Venusaur|Protect|p2a: Venusaur\n|-singleturn|p2a: Venusaur|Protect\n|move|p1a: Maushold|Follow Me|p1a: Maushold\n|-singleturn|p1a: Maushold|move: Follow Me\n|-curestatus|p2b: Raichu|slp|[msg]\n|move|p2b: Raichu|Electroweb|p1b: Froslass|[spread] p1a,p1b\n|-damage|p1a: Maushold|81/100\n|-damage|p1b: Froslass|91/100\n|-unboost|p1a: Maushold|spe|1\n|-unboost|p1b: Froslass|spe|1\n|move|p1b: Froslass|Blizzard|p2a: Venusaur|[spread] p2b\n|-activate|p2a: Venusaur|move: Protect\n|-damage|p2b: Raichu|0 fnt\n|faint|p2b: Raichu\n|\n|-weather|Snowscape|[upkeep]\n|upkeep\n|\n|t:|1776666331\n|switch|p2b: Aerodactyl|Aerodactyl, L50, F|100/100\n|-ability|p2b: Aerodactyl|Unnerve\n|turn|6\n|inactive|cats dream of you has 30 seconds left.\n|\n|t:|1776666358\n|move|p2b: Aerodactyl|Wide Guard|p2b: Aerodactyl\n|-singleturn|p2b: Aerodactyl|Wide Guard\n|move|p2a: Venusaur|Sludge Bomb|p1a: Maushold\n|-crit|p1a: Maushold\n|-damage|p1a: Maushold|0 fnt\n|faint|p1a: Maushold\n|move|p1b: Froslass|Blizzard|p2a: Venusaur|[spread] \n|-activate|p2a: Venusaur|move: Wide Guard\n|-activate|p2b: Aerodactyl|move: Wide Guard\n|\n|-weather|Snowscape|[upkeep]\n|-sideend|p1: cats dream of you|move: Aurora Veil\n|upkeep\n|\n|t:|1776666370\n|switch|p1a: Scizor|Scizor, L50, F|100/100\n|turn|7\n|-message|Tunio forfeited.\n|\n|win|cats dream of you\n|raw|cats dream of you's rating: 1240 &rarr; <strong>1266</strong><br />(+26 for winning)\n|raw|Tunio's rating: 1251 &rarr; <strong>1225</strong><br />(-26 for losing)\n|l|\u2606Tunio\n|player|p2|\n",
  "uploadtime": 1776666379,
  "views": 19,
  "formatid": "gen9championsvgc2026regma",
  "rating": 1225,
  "private": 0,
  "password": null
}