{
  "id": "gen9championsvgc2026regma-2586550426",
  "format": "[Gen 9 Champions] VGC 2026 Reg M-A",
  "players": [
    "pswolff",
    "jacklom"
  ],
  "log": "|j|\u2606pswolff\n|j|\u2606jacklom\n|t:|1776442390\n|gametype|doubles\n|player|p1|pswolff|ethan|1122\n|player|p2|jacklom|cheryl|1219\n|gen|9\n|tier|[Gen 9 Champions] VGC 2026 Reg M-A\n|rated|\n|rule|Species Clause: Limit one of each Pok\u00e9mon\n|rule|Item Clause: Limit 1 of each item\n|clearpoke\n|poke|p1|Basculegion, L50, M|\n|poke|p1|Sableye, L50, F|\n|poke|p1|Primarina, L50, M|\n|poke|p1|Incineroar, L50, F|\n|poke|p1|Dragonite, L50, F|\n|poke|p1|Pelipper, L50, M|\n|poke|p2|Chesnaught, L50, M|\n|poke|p2|Vivillon-Pokeball, L50, F|\n|poke|p2|Milotic, L50, M|\n|poke|p2|Incineroar, L50, M|\n|poke|p2|Gyarados, L50, F|\n|poke|p2|Excadrill, L50, M|\n|teampreview|4\n|\n|t:|1776442431\n|teamsize|p1|4\n|teamsize|p2|4\n|start\n|switch|p1a: Basculegion|Basculegion, L50, M|100/100\n|switch|p1b: Sableye|Sableye, L50, F|100/100\n|switch|p2a: Chesnaught|Chesnaught, L50, M|100/100\n|switch|p2b: Vivillon|Vivillon-Pokeball, L50, F|100/100\n|turn|1\n|\n|t:|1776442465\n|detailschange|p2a: Chesnaught|Chesnaught-Mega, L50, M\n|-mega|p2a: Chesnaught|Chesnaught|Chesnaughtite\n|move|p2b: Vivillon|Rage Powder|p2b: Vivillon\n|-singleturn|p2b: Vivillon|move: Rage Powder\n|move|p1b: Sableye|Will-O-Wisp|p2b: Vivillon\n|-status|p2b: Vivillon|brn\n|move|p1a: Basculegion|Psychic Fangs|p2b: Vivillon\n|-damage|p2b: Vivillon|70/100 brn\n|move|p2a: Chesnaught|Wood Hammer|p1a: Basculegion\n|-supereffective|p1a: Basculegion|1\n|-damage|p1a: Basculegion|0 fnt\n|faint|p1a: Basculegion\n|-damage|p2a: Chesnaught|61/100|[from] Recoil\n|\n|-damage|p2b: Vivillon|64/100 brn|[from] brn\n|upkeep\n|\n|t:|1776442485\n|switch|p1a: Dragonite|Dragonite, L50, F|100/100\n|turn|2\n|\n|t:|1776442506\n|switch|p2a: Milotic|Milotic, L50, M|100/100\n|detailschange|p1a: Dragonite|Dragonite-Mega, L50, F\n|-mega|p1a: Dragonite|Dragonite|Dragoninite\n|move|p1b: Sableye|Rain Dance|p1b: Sableye\n|-weather|RainDance\n|move|p1a: Dragonite|Hurricane|p2a: Milotic\n|-damage|p2a: Milotic|66/100\n|move|p2b: Vivillon|Tailwind|p2b: Vivillon\n|-sidestart|p2: jacklom|move: Tailwind\n|\n|-weather|RainDance|[upkeep]\n|-heal|p2a: Milotic|72/100|[from] item: Leftovers\n|-damage|p2b: Vivillon|58/100 brn|[from] brn\n|upkeep\n|turn|3\n|\n|t:|1776442527\n|switch|p1b: Primarina|Primarina, L50, M|100/100\n|move|p2b: Vivillon|Light Screen|p2b: Vivillon\n|-sidestart|p2: jacklom|move: Light Screen\n|move|p2a: Milotic|Icy Wind|p1a: Dragonite|[spread] p1a,p1b\n|-supereffective|p1a: Dragonite|2\n|-resisted|p1b: Primarina|1\n|-damage|p1a: Dragonite|84/100\n|-damage|p1b: Primarina|97/100\n|-unboost|p1a: Dragonite|spe|1\n|-unboost|p1b: Primarina|spe|1\n|move|p1a: Dragonite|Hurricane|p2b: Vivillon\n|-supereffective|p2b: Vivillon|1\n|-damage|p2b: Vivillon|0 fnt\n|faint|p2b: Vivillon\n|\n|-weather|RainDance|[upkeep]\n|-heal|p2a: Milotic|78/100|[from] item: Leftovers\n|-heal|p1b: Primarina|100/100|[from] item: Leftovers\n|upkeep\n|\n|t:|1776442538\n|switch|p2b: Excadrill|Excadrill, L50, M|100/100\n|-ability|p2b: Excadrill|Mold Breaker\n|turn|4\n|\n|t:|1776442552\n|move|p1a: Dragonite|Protect|p1a: Dragonite\n|-singleturn|p1a: Dragonite|Protect\n|move|p2b: Excadrill|High Horsepower|p1b: Primarina\n|-damage|p1b: Primarina|33/100\n|move|p2a: Milotic|Icy Wind|p1b: Primarina|[spread] p1b\n|-activate|p1a: Dragonite|move: Protect\n|-resisted|p1b: Primarina|1\n|-damage|p1b: Primarina|29/100\n|-unboost|p1b: Primarina|spe|1\n|move|p1b: Primarina|Hyper Voice|p2a: Milotic|[spread] p2a,p2b\n|-resisted|p2a: Milotic|1\n|-supereffective|p2b: Excadrill|1\n|-damage|p2a: Milotic|67/100\n|-damage|p2b: Excadrill|7/100\n|\n|-weather|RainDance|[upkeep]\n|-heal|p2a: Milotic|73/100|[from] item: Leftovers\n|-heal|p1b: Primarina|35/100|[from] item: Leftovers\n|upkeep\n|turn|5\n|\n|t:|1776442577\n|move|p2b: Excadrill|High Horsepower|p1b: Primarina\n|-damage|p1b: Primarina|0 fnt\n|faint|p1b: Primarina\n|move|p2a: Milotic|Icy Wind|p1a: Dragonite\n|-supereffective|p1a: Dragonite|2\n|-damage|p1a: Dragonite|38/100\n|-unboost|p1a: Dragonite|spe|1\n|move|p1a: Dragonite|Weather Ball|p2a: Milotic\n|-resisted|p2a: Milotic|1\n|-damage|p2a: Milotic|61/100\n|\n|-weather|RainDance|[upkeep]\n|-heal|p2a: Milotic|67/100|[from] item: Leftovers\n|-sideend|p2: jacklom|move: Tailwind\n|upkeep\n|-message|pswolff forfeited.\n|\n|win|jacklom\n|raw|pswolff's rating: 1122 &rarr; <strong>1104</strong><br />(-18 for losing)\n|raw|jacklom's rating: 1219 &rarr; <strong>1237</strong><br />(+18 for winning)\n|l|\u2606pswolff\n|player|p1|\n",
  "uploadtime": 1776442596,
  "views": 21,
  "formatid": "gen9championsvgc2026regma",
  "rating": 1104,
  "private": 0,
  "password": null
}