{
  "id": "gen9championsvgc2026regma-2587652537",
  "format": "[Gen 9 Champions] VGC 2026 Reg M-A",
  "players": [
    "DAVID867",
    "capacete5"
  ],
  "log": "|j|\u2606DAVID867\n|j|\u2606capacete5\n|t:|1776550614\n|gametype|doubles\n|player|p1|DAVID867|102|\n|player|p2|capacete5|byron|\n|gen|9\n|tier|[Gen 9 Champions] VGC 2026 Reg M-A\n|rule|Species Clause: Limit one of each Pok\u00e9mon\n|rule|Item Clause: Limit 1 of each item\n|clearpoke\n|poke|p1|Pelipper, L50, F|\n|poke|p1|Archaludon, L50, F|\n|poke|p1|Sneasler, L50, M|\n|poke|p1|Floette-Eternal, L50, F|\n|poke|p1|Sinistcha, L50|\n|poke|p1|Basculegion, L50, M|\n|poke|p2|Aerodactyl, L50, F|\n|poke|p2|Garchomp, L50, M|\n|poke|p2|Tyranitar, L50, M|\n|poke|p2|Aegislash, L50, F|\n|poke|p2|Excadrill, L50, M|\n|poke|p2|Rotom-Wash, L50|\n|teampreview|4\n|inactive|Battle timer is ON: inactive players will automatically lose when time's up. (requested by capacete5)\n|inactive|DAVID867 has 60 seconds left.\n|inactive|capacete5 has 60 seconds left.\ncapacete5 has agreed to open team sheets.\n|\n|t:|1776550652\n|teamsize|p1|4\n|teamsize|p2|4\n|start\n|switch|p1a: Pelipper|Pelipper, L50, F|100/100\n|switch|p1b: Archaludon|Archaludon, L50, F|100/100\n|switch|p2a: Tyranitar|Tyranitar, L50, M|100/100\n|switch|p2b: Excadrill|Excadrill, L50, M|100/100\n|-weather|RainDance|[from] ability: Drizzle|[of] p1a: Pelipper\n|-weather|Sandstorm|[from] ability: Sand Stream|[of] p2a: Tyranitar\n|turn|1\n|inactive|DAVID867 has 30 seconds left.\n|inactive|capacete5 has 30 seconds left.\n|\n|t:|1776550687\n|switch|p1a: Sneasler|Sneasler, L50, M|100/100\n|move|p1b: Archaludon|Protect|p1b: Archaludon\n|-singleturn|p1b: Archaludon|Protect\n|move|p2b: Excadrill|Drill Run|p1b: Archaludon\n|-activate|p1b: Archaludon|move: Protect\n|move|p2a: Tyranitar|Rock Slide|p1b: Archaludon|[spread] p1a\n|-activate|p1b: Archaludon|move: Protect\n|-resisted|p1a: Sneasler|1\n|-damage|p1a: Sneasler|75/100\n|\n|-weather|Sandstorm|[upkeep]\n|-damage|p1a: Sneasler|70/100|[from] Sandstorm\n|upkeep\n|turn|2\n|\n|t:|1776550711\n|switch|p1a: Pelipper|Pelipper, L50, F|100/100\n|-weather|RainDance|[from] ability: Drizzle|[of] p1a: Pelipper\n|switch|p2a: Aerodactyl|Aerodactyl, L50, F|100/100\n|move|p2b: Excadrill|Protect|p2b: Excadrill\n|-singleturn|p2b: Excadrill|Protect\n|move|p1b: Archaludon|Flash Cannon|p2a: Aerodactyl\n|-supereffective|p2a: Aerodactyl|1\n|-damage|p2a: Aerodactyl|0 fnt\n|faint|p2a: Aerodactyl\n|\n|-weather|RainDance|[upkeep]\n|upkeep\n|\n|t:|1776550724\n|switch|p2a: Tyranitar|Tyranitar, L50, M|100/100\n|-weather|Sandstorm|[from] ability: Sand Stream|[of] p2a: Tyranitar\n|turn|3\n|\n|t:|1776550735\n|switch|p2a: Garchomp|Garchomp, L50, M|100/100\n|move|p1b: Archaludon|Protect|p1b: Archaludon\n|-singleturn|p1b: Archaludon|Protect\n|move|p2b: Excadrill|Drill Run|p1a: Pelipper\n|-immune|p1a: Pelipper\n|move|p1a: Pelipper|Tailwind|p1a: Pelipper\n|-sidestart|p1: DAVID867|move: Tailwind\n|\n|-weather|Sandstorm|[upkeep]\n|-damage|p1a: Pelipper|95/100|[from] Sandstorm\n|upkeep\n|turn|4\n|inactive|DAVID867 has 30 seconds left.\n|\n|t:|1776550764\n|switch|p2a: Tyranitar|Tyranitar, L50, M|100/100\n|switch|p1a: Sneasler|Sneasler, L50, M|70/100\n|move|p2b: Excadrill|Drill Run|p1b: Archaludon\n|-supereffective|p1b: Archaludon|1\n|-damage|p1b: Archaludon|36/100\n|-ability|p1b: Archaludon|Stamina|boost\n|-boost|p1b: Archaludon|def|1\n|move|p1b: Archaludon|Dragon Pulse|p2a: Tyranitar\n|-damage|p2a: Tyranitar|71/100\n|\n|-weather|Sandstorm|[upkeep]\n|-damage|p1a: Sneasler|64/100|[from] Sandstorm\n|upkeep\n|turn|5\n|\n|t:|1776550789\n|move|p2a: Tyranitar|Protect|p2a: Tyranitar\n|-singleturn|p2a: Tyranitar|Protect\n|move|p1a: Sneasler|Close Combat|p2b: Excadrill\n|-supereffective|p2b: Excadrill|1\n|-enditem|p2b: Excadrill|Focus Sash\n|-damage|p2b: Excadrill|1/100\n|-unboost|p1a: Sneasler|def|1\n|-unboost|p1a: Sneasler|spd|1\n|move|p2b: Excadrill|Drill Run|p1a: Sneasler\n|-supereffective|p1a: Sneasler|1\n|-damage|p1a: Sneasler|0 fnt\n|faint|p1a: Sneasler\n|move|p1b: Archaludon|Flash Cannon|p2a: Tyranitar\n|-activate|p2a: Tyranitar|move: Protect\n|\n|-weather|Sandstorm|[upkeep]\n|upkeep\n|\n|t:|1776550803\n|switch|p1a: Pelipper|Pelipper, L50, F|95/100\n|-weather|RainDance|[from] ability: Drizzle|[of] p1a: Pelipper\n|turn|6\n|\n|t:|1776550817\n|move|p2b: Excadrill|Protect|p2b: Excadrill\n|-singleturn|p2b: Excadrill|Protect\n|move|p1b: Archaludon|Dragon Pulse|p2a: Tyranitar\n|-damage|p2a: Tyranitar|34/100\n|move|p1a: Pelipper|Weather Ball|p2b: Excadrill\n|-activate|p2b: Excadrill|move: Protect\n|move|p2a: Tyranitar|Rock Slide|p1b: Archaludon|[spread] p1a\n|-miss|p2a: Tyranitar|p1b: Archaludon\n|-supereffective|p1a: Pelipper|1\n|-damage|p1a: Pelipper|30/100\n|\n|-weather|RainDance|[upkeep]\n|-sideend|p1: DAVID867|move: Tailwind\n|upkeep\n|turn|7\n|\n|t:|1776550840\n|switch|p2b: Garchomp|Garchomp, L50, M|100/100\n|move|p2a: Tyranitar|Protect|p2a: Tyranitar\n|-singleturn|p2a: Tyranitar|Protect\n|move|p1b: Archaludon|Dragon Pulse|p2a: Tyranitar\n|-activate|p2a: Tyranitar|move: Protect\n|move|p1a: Pelipper|Weather Ball|p2b: Garchomp\n|-damage|p2b: Garchomp|40/100\n|\n|-weather|RainDance|[upkeep]\n|upkeep\n|turn|8\n|\n|t:|1776550866\n|switch|p2a: Excadrill|Excadrill, L50, M|1/100\n|move|p1b: Archaludon|Protect|p1b: Archaludon\n|-singleturn|p1b: Archaludon|Protect\n|move|p2b: Garchomp|Rock Slide|p1a: Pelipper|[spread] p1a\n|-activate|p1b: Archaludon|move: Protect\n|-supereffective|p1a: Pelipper|1\n|-crit|p1a: Pelipper\n|-damage|p1a: Pelipper|0 fnt\n|faint|p1a: Pelipper\n|\n|-weather|RainDance|[upkeep]\n|upkeep\n|\n|t:|1776550876\n|switch|p1a: Floette|Floette-Eternal, L50, F|100/100\n|turn|9\n|\n|t:|1776550890\n|switch|p2b: Tyranitar|Tyranitar, L50, M|34/100\n|-weather|Sandstorm|[from] ability: Sand Stream|[of] p2b: Tyranitar\n|detailschange|p1a: Floette|Floette-Mega, L50, F\n|-mega|p1a: Floette|Floette|Floettite\n|-ability|p1a: Floette|Fairy Aura\n|move|p2a: Excadrill|Protect|p2a: Excadrill\n|-singleturn|p2a: Excadrill|Protect\n|move|p1a: Floette|Dazzling Gleam|p2b: Tyranitar|[spread] p2b\n|-activate|p2a: Excadrill|move: Protect\n|-supereffective|p2b: Tyranitar|1\n|-damage|p2b: Tyranitar|0 fnt\n|faint|p2b: Tyranitar\n|move|p1b: Archaludon|Dragon Pulse|p2a: Excadrill\n|-activate|p2a: Excadrill|move: Protect\n|\n|-weather|Sandstorm|[upkeep]\n|-damage|p1a: Floette|94/100|[from] Sandstorm\n|upkeep\n|\n|t:|1776550906\n|switch|p2b: Garchomp|Garchomp, L50, M|40/100\n|turn|10\n|\n|t:|1776550927\n|move|p2a: Excadrill|Iron Head|p1a: Floette\n|-supereffective|p1a: Floette|1\n|-damage|p1a: Floette|5/100\n|move|p2b: Garchomp|Earthquake|p1a: Floette|[spread] p2a,p1a,p1b\n|-supereffective|p2a: Excadrill|1\n|-supereffective|p1b: Archaludon|1\n|-damage|p2a: Excadrill|0 fnt\n|-damage|p1a: Floette|0 fnt\n|-damage|p1b: Archaludon|0 fnt\n|faint|p2a: Excadrill\n|faint|p1a: Floette\n|faint|p1b: Archaludon\n|\n|win|capacete5\n",
  "uploadtime": 1776550927,
  "views": 10,
  "formatid": "gen9championsvgc2026regma",
  "rating": null,
  "private": 0,
  "password": null
}