{
  "id": "gen9championsvgc2026regma-2588611218",
  "format": "[Gen 9 Champions] VGC 2026 Reg M-A",
  "players": [
    "speedagan",
    "andrewisgood"
  ],
  "log": "|j|\u2606speedagan\n|j|\u2606andrewisgood\n|t:|1776649946\n|gametype|doubles\n|player|p1|speedagan|102|\n|player|p2|andrewisgood|veteran|\n|gen|9\n|tier|[Gen 9 Champions] VGC 2026 Reg M-A\n|rule|Species Clause: Limit one of each Pok\u00e9mon\n|rule|Item Clause: Limit 1 of each item\n|clearpoke\n|poke|p1|Floette-Eternal, L50, F|\n|poke|p1|Maushold, L50|\n|poke|p1|Goodra-Hisui, L50, F, shiny|\n|poke|p1|Archaludon, L50, F, shiny|\n|poke|p1|Rampardos, L50, M, shiny|\n|poke|p1|Toxicroak, L50, M|\n|poke|p2|Whimsicott, L50, M|\n|poke|p2|Steelix, L50, M|\n|poke|p2|Gallade, L50, M|\n|poke|p2|Charizard, L50, M|\n|poke|p2|Beedrill, L50, M|\n|poke|p2|Rotom, L50|\n|teampreview|4\nandrewisgood rejected open team sheets.\n|\n|t:|1776649971\n|teamsize|p1|4\n|teamsize|p2|4\n|start\n|switch|p1a: Floette|Floette-Eternal, L50, F|100/100\n|switch|p1b: Toxicroak|Toxicroak, L50, M|100/100\n|switch|p2a: Steelix|Steelix, L50, M|100/100\n|switch|p2b: Rotom|Rotom, L50|100/100\n|-ability|p1b: Toxicroak|Anticipation\n|turn|1\n|\n|t:|1776649996\n|detailschange|p1a: Floette|Floette-Mega, L50, F\n|-mega|p1a: Floette|Floette|Floettite\n|-ability|p1a: Floette|Fairy Aura\n|move|p1b: Toxicroak|Fake Out|p2a: Steelix\n|-resisted|p2a: Steelix|1\n|-damage|p2a: Steelix|97/100\n|move|p1a: Floette|Calm Mind|p1a: Floette\n|-boost|p1a: Floette|spa|1\n|-boost|p1a: Floette|spd|1\n|move|p2b: Rotom|Will-O-Wisp|p1b: Toxicroak\n|-status|p1b: Toxicroak|brn\n|cant|p2a: Steelix|flinch\n|\n|-damage|p1b: Toxicroak|95/100 brn|[from] brn\n|upkeep\n|turn|2\n|\n|t:|1776650025\n|switch|p1b: Maushold|Maushold, L50|100/100\n|move|p1a: Floette|Protect|p1a: Floette\n|-singleturn|p1a: Floette|Protect\n|move|p2b: Rotom|Hex|p1b: Maushold\n|-immune|p1b: Maushold\n|move|p2a: Steelix|Iron Head|p1a: Floette\n|-activate|p1a: Floette|move: Protect\n|\n|upkeep\n|turn|3\n|\n|t:|1776650047\n|switch|p2b: Charizard|Charizard, L50, M|100/100\n|move|p1b: Maushold|Follow Me|p1b: Maushold\n|-singleturn|p1b: Maushold|move: Follow Me\n|move|p1a: Floette|Light of Ruin|p2a: Steelix\n|-resisted|p2a: Steelix|1\n|-damage|p2a: Steelix|4/100\n|-damage|p1a: Floette|48/100|[from] Recoil\n|move|p2a: Steelix|Body Press|p1b: Maushold\n|-supereffective|p1b: Maushold|1\n|-damage|p1b: Maushold|16/100\n|\n|upkeep\n|turn|4\n|\n|t:|1776650071\n|detailschange|p2b: Charizard|Charizard-Mega-Y, L50, M\n|-mega|p2b: Charizard|Charizard|Charizardite Y\n|-weather|SunnyDay|[from] ability: Drought|[of] p2b: Charizard\n|move|p1a: Floette|Protect|p1a: Floette\n|-singleturn|p1a: Floette|Protect\n|move|p2a: Steelix|Protect|p2a: Steelix\n|-singleturn|p2a: Steelix|Protect\n|move|p1b: Maushold|Population Bomb|p2a: Steelix\n|-activate|p2a: Steelix|move: Protect\n|move|p2b: Charizard|Heat Wave|p1b: Maushold|[spread] p1b\n|-activate|p1a: Floette|move: Protect\n|-damage|p1b: Maushold|0 fnt\n|faint|p1b: Maushold\n|\n|-weather|SunnyDay|[upkeep]\n|upkeep\n|\n|t:|1776650080\n|switch|p1b: Toxicroak|Toxicroak, L50, M|95/100 brn\n|-ability|p1b: Toxicroak|Anticipation\n|turn|5\n|\n|t:|1776650124\n|move|p1a: Floette|Protect|p1a: Floette\n|-singleturn|p1a: Floette|Protect\n|move|p2b: Charizard|Protect|p2b: Charizard\n|-singleturn|p2b: Charizard|Protect\n|move|p1b: Toxicroak|Close Combat|p2a: Steelix\n|-supereffective|p2a: Steelix|1\n|-damage|p2a: Steelix|0 fnt\n|-unboost|p1b: Toxicroak|def|1\n|-unboost|p1b: Toxicroak|spd|1\n|faint|p2a: Steelix\n|-enditem|p1b: Toxicroak|White Herb\n|-clearnegativeboost|p1b: Toxicroak|[silent]\n|\n|-weather|SunnyDay|[upkeep]\n|-damage|p1b: Toxicroak|89/100 brn|[from] brn\n|upkeep\n|\n|t:|1776650132\n|switch|p2a: Whimsicott|Whimsicott, L50, M|100/100\n|turn|6\n|\n|t:|1776650149\n|move|p2a: Whimsicott|Tailwind|p2a: Whimsicott\n|-sidestart|p2: andrewisgood|move: Tailwind\n|move|p2b: Charizard|Heat Wave|p1b: Toxicroak|[spread] p1a,p1b\n|-damage|p1a: Floette|4/100\n|-damage|p1b: Toxicroak|0 fnt\n|faint|p1b: Toxicroak\n|move|p1a: Floette|Dazzling Gleam|p2b: Charizard|[spread] p2a,p2b\n|-resisted|p2b: Charizard|1\n|-damage|p2a: Whimsicott|7/100\n|-damage|p2b: Charizard|67/100\n|\n|-weather|SunnyDay|[upkeep]\n|upkeep\n|\n|t:|1776650158\n|switch|p1b: Archaludon|Archaludon, L50, F, shiny|100/100\n|turn|7\n|\n|t:|1776650226\n|move|p2a: Whimsicott|Moonblast|p1a: Floette\n|-damage|p1a: Floette|0 fnt\n|faint|p1a: Floette\n|move|p2b: Charizard|Weather Ball|p1b: Archaludon\n|-damage|p1b: Archaludon|0 fnt\n|faint|p1b: Archaludon\n|\n|win|andrewisgood\n|c|\u2606andrewisgood|gg\n",
  "uploadtime": 1776650236,
  "views": 7,
  "formatid": "gen9championsvgc2026regma",
  "rating": null,
  "private": 0,
  "password": null
}