{
  "id": "gen9championsvgc2026regma-2588608728",
  "format": "[Gen 9 Champions] VGC 2026 Reg M-A",
  "players": [
    "zachary lloyd sukz",
    "simontiger98"
  ],
  "log": "|j|\u2606zachary lloyd sukz\n|j|\u2606simontiger98\n|t:|1776649705\n|gametype|doubles\n|player|p1|zachary lloyd sukz|miku-ghost|1000\n|player|p2|simontiger98|volkner|1087\n|gen|9\n|tier|[Gen 9 Champions] VGC 2026 Reg M-A\n|rated|\n|rule|Species Clause: Limit one of each Pok\u00e9mon\n|rule|Item Clause: Limit 1 of each item\n|clearpoke\n|poke|p1|Meowstic, L50, M|\n|poke|p1|Espathra, L50, M|\n|poke|p1|Heracross, L50, F|\n|poke|p1|Scovillain, L50, M|\n|poke|p1|Aerodactyl, L50, M|\n|poke|p1|Krookodile, L50, M|\n|poke|p2|Basculegion, L50, M|\n|poke|p2|Maushold-Four, L50|\n|poke|p2|Froslass, L50, F|\n|poke|p2|Pelipper, L50, M|\n|poke|p2|Klefki, L50, F|\n|poke|p2|Scizor, L50, F|\n|teampreview|4\n|\n|t:|1776649741\n|teamsize|p1|4\n|teamsize|p2|4\n|start\n|switch|p1a: Heracross|Heracross, L50, F|100/100\n|switch|p1b: Scovillain|Scovillain, L50, M|100/100\n|switch|p2a: Pelipper|Pelipper, L50, M|100/100\n|switch|p2b: Scizor|Scizor, L50, F|100/100\n|-weather|RainDance|[from] ability: Drizzle|[of] p2a: Pelipper\n|turn|1\n|\n|t:|1776649788\n|detailschange|p1b: Scovillain|Scovillain-Mega, L50, M\n|-mega|p1b: Scovillain|Scovillain|Scovillainite\n|move|p2b: Scizor|Protect|p2b: Scizor\n|-singleturn|p2b: Scizor|Protect\n|move|p1b: Scovillain|Rage Powder|p1b: Scovillain\n|-singleturn|p1b: Scovillain|move: Rage Powder\n|move|p1a: Heracross|Knock Off|p2a: Pelipper\n|-damage|p2a: Pelipper|72/100\n|-enditem|p2a: Pelipper|Focus Sash|[from] move: Knock Off|[of] p1a: Heracross\n|move|p2a: Pelipper|Tailwind|p2a: Pelipper\n|-sidestart|p2: simontiger98|move: Tailwind\n|\n|-weather|RainDance|[upkeep]\n|upkeep\n|turn|2\n|\n|t:|1776649851\n|switch|p1a: Aerodactyl|Aerodactyl, L50, M|100/100\n|-ability|p1a: Aerodactyl|Unnerve\n|move|p2b: Scizor|Bug Bite|p1b: Scovillain\n|-damage|p1b: Scovillain|59/100\n|-status|p2b: Scizor|brn|[from] ability: Spicy Spray|[of] p1b: Scovillain\n|move|p2a: Pelipper|Hurricane|p1b: Scovillain\n|-supereffective|p1b: Scovillain|1\n|-damage|p1b: Scovillain|0 fnt\n|-status|p2a: Pelipper|brn|[from] ability: Spicy Spray|[of] p1b: Scovillain\n|faint|p1b: Scovillain\n|\n|-weather|RainDance|[upkeep]\n|-damage|p2b: Scizor|95/100 brn|[from] brn\n|-damage|p2a: Pelipper|66/100 brn|[from] brn\n|upkeep\n|\n|t:|1776649870\n|switch|p1b: Krookodile|Krookodile, L50, M|100/100\n|-ability|p1b: Krookodile|Intimidate|boost\n|-unboost|p2a: Pelipper|atk|1\n|-unboost|p2b: Scizor|atk|1\n|turn|3\n|-activate|p1b: Krookodile|item: Quick Claw\n|\n|t:|1776649908\n|switch|p2b: Froslass|Froslass, L50, F|100/100\n|switch|p2a: Maushold|Maushold-Four, L50|100/100\n|move|p1b: Krookodile|Knock Off|p2b: Froslass\n|-supereffective|p2b: Froslass|1\n|-damage|p2b: Froslass|14/100\n|move|p1a: Aerodactyl|Tailwind|p1a: Aerodactyl\n|-sidestart|p1: zachary lloyd sukz|move: Tailwind\n|\n|-weather|RainDance|[upkeep]\n|upkeep\n|turn|4\n|-activate|p1b: Krookodile|item: Quick Claw\n|\n|t:|1776649934\n|detailschange|p2b: Froslass|Froslass-Mega, L50, F\n|-mega|p2b: Froslass|Froslass|Froslassite\n|-weather|Snowscape|[from] ability: Snow Warning|[of] p2b: Froslass\n|move|p1b: Krookodile|Protect|p1b: Krookodile\n|-singleturn|p1b: Krookodile|Protect\n|move|p1a: Aerodactyl|Protect|p1a: Aerodactyl\n|-singleturn|p1a: Aerodactyl|Protect\n|move|p2a: Maushold|Follow Me|p2a: Maushold\n|-singleturn|p2a: Maushold|move: Follow Me\n|move|p2b: Froslass|Blizzard|p1a: Aerodactyl|[spread] \n|-activate|p1a: Aerodactyl|move: Protect\n|-activate|p1b: Krookodile|move: Protect\n|\n|-weather|Snowscape|[upkeep]\n|-sideend|p2: simontiger98|move: Tailwind\n|upkeep\n|turn|5\n|-activate|p1b: Krookodile|item: Quick Claw\n|\n|t:|1776649965\n|switch|p2b: Pelipper|Pelipper, L50, M|66/100 brn\n|-weather|RainDance|[from] ability: Drizzle|[of] p2b: Pelipper\n|move|p2a: Maushold|Follow Me|p2a: Maushold\n|-singleturn|p2a: Maushold|move: Follow Me\n|move|p1b: Krookodile|Close Combat|p2a: Maushold\n|-supereffective|p2a: Maushold|1\n|-damage|p2a: Maushold|18/100\n|-unboost|p1b: Krookodile|def|1\n|-unboost|p1b: Krookodile|spd|1\n|move|p1a: Aerodactyl|Rock Slide|p2a: Maushold|[spread] p2a,p2b\n|-supereffective|p2b: Pelipper|1\n|-damage|p2a: Maushold|0 fnt\n|-damage|p2b: Pelipper|33/100 brn\n|faint|p2a: Maushold\n|\n|-weather|RainDance|[upkeep]\n|-damage|p2b: Pelipper|27/100 brn|[from] brn\n|upkeep\n|\n|t:|1776649990\n|switch|p2a: Froslass|Froslass-Mega, L50, F|14/100\n|-weather|Snowscape|[from] ability: Snow Warning|[of] p2a: Froslass\n|turn|6\n|\n|t:|1776650010\n|move|p2a: Froslass|Protect|p2a: Froslass\n|-singleturn|p2a: Froslass|Protect\n|move|p2b: Pelipper|Protect|p2b: Pelipper\n|-singleturn|p2b: Pelipper|Protect\n|move|p1a: Aerodactyl|Rock Slide|p2a: Froslass|[spread] \n|-activate|p2a: Froslass|move: Protect\n|-activate|p2b: Pelipper|move: Protect\n|move|p1b: Krookodile|Knock Off|p2a: Froslass\n|-activate|p2a: Froslass|move: Protect\n|\n|-weather|Snowscape|[upkeep]\n|-damage|p2b: Pelipper|20/100 brn|[from] brn\n|-sideend|p1: zachary lloyd sukz|move: Tailwind\n|upkeep\n|turn|7\n|\n|t:|1776650038\n|move|p1a: Aerodactyl|Tailwind|p1a: Aerodactyl\n|-sidestart|p1: zachary lloyd sukz|move: Tailwind\n|move|p1b: Krookodile|Knock Off|p2a: Froslass\n|-supereffective|p2a: Froslass|1\n|-crit|p2a: Froslass\n|-damage|p2a: Froslass|0 fnt\n|faint|p2a: Froslass\n|move|p2b: Pelipper|Tailwind|p2b: Pelipper\n|-sidestart|p2: simontiger98|move: Tailwind\n|\n|-weather|Snowscape|[upkeep]\n|-damage|p2b: Pelipper|14/100 brn|[from] brn\n|upkeep\n|\n|t:|1776650043\n|switch|p2a: Scizor|Scizor, L50, F|95/100 brn\n|turn|8\n|-activate|p1b: Krookodile|item: Quick Claw\n|\n|t:|1776650059\n|move|p1b: Krookodile|Knock Off|p2a: Scizor\n|-damage|p2a: Scizor|54/100 brn\n|move|p1a: Aerodactyl|Rock Slide|p2a: Scizor|[spread] p2a,p2b\n|-supereffective|p2b: Pelipper|1\n|-damage|p2a: Scizor|23/100 brn\n|-damage|p2b: Pelipper|0 fnt\n|faint|p2b: Pelipper\n|cant|p2a: Scizor|flinch\n|\n|-weather|Snowscape|[upkeep]\n|-damage|p2a: Scizor|17/100 brn|[from] brn\n|upkeep\n|turn|9\n|-message|simontiger98 forfeited.\n|\n|win|zachary lloyd sukz\n|raw|zachary lloyd sukz's rating: 1000 &rarr; <strong>1050</strong><br />(+50 for winning)\n|raw|simontiger98's rating: 1087 &rarr; <strong>1058</strong><br />(-29 for losing)\n|l|\u2606simontiger98\n|player|p2|\n",
  "uploadtime": 1776650099,
  "views": 10,
  "formatid": "gen9championsvgc2026regma",
  "rating": 1050,
  "private": 0,
  "password": null
}