{
  "id": "gen9championsvgc2026regma-2588580885",
  "format": "[Gen 9 Champions] VGC 2026 Reg M-A",
  "players": [
    "adalove",
    "comet092"
  ],
  "log": "|j|\u2606adalove\n|j|\u2606comet092\n|t:|1776647036\n|gametype|doubles\n|player|p1|adalove|dragontamer|1125\n|player|p2|comet092|veteranf|1178\n|gen|9\n|tier|[Gen 9 Champions] VGC 2026 Reg M-A\n|rated|\n|rule|Species Clause: Limit one of each Pok\u00e9mon\n|rule|Item Clause: Limit 1 of each item\n|clearpoke\n|poke|p1|Tyranitar, L50, F|\n|poke|p1|Excadrill, L50, F|\n|poke|p1|Corviknight, L50, F|\n|poke|p1|Milotic, L50, M|\n|poke|p1|Farigiraf, L50, F|\n|poke|p1|Floette-Eternal, L50, F|\n|poke|p2|Tyranitar, L50, M, shiny|\n|poke|p2|Garchomp, L50, M, shiny|\n|poke|p2|Empoleon, L50, M, shiny|\n|poke|p2|Zoroark-Hisui, L50, M, shiny|\n|poke|p2|Corviknight, L50, F, shiny|\n|poke|p2|Noivern, L50, F, shiny|\n|teampreview|4\n|inactive|Battle timer is ON: inactive players will automatically lose when time's up. (requested by comet092)\n|inactive|adalove also wants the timer to be on.\n|inactive|adalove has 60 seconds left.\n|\n|t:|1776647083\n|teamsize|p1|4\n|teamsize|p2|4\n|start\n|switch|p1a: Farigiraf|Farigiraf, L50, F|100/100\n|switch|p1b: Corviknight|Corviknight, L50, F|100/100\n|switch|p2a: Tachyon|Garchomp, L50, M, shiny|100/100\n|switch|p2b: Corviknight|Corviknight, L50, F, shiny|100/100\n|turn|1\n|inactive|comet092 has 30 seconds left.\n|\n|t:|1776647111\n|detailschange|p2a: Tachyon|Garchomp-Mega, L50, M, shiny\n|-mega|p2a: Tachyon|Garchomp|Garchompite\n|move|p2a: Tachyon|Dragon Claw|p1a: Farigiraf\n|-damage|p1a: Farigiraf|56/100\n|move|p2b: Corviknight|Brave Bird|p1a: Farigiraf\n|-damage|p1a: Farigiraf|10/100\n|-damage|p2b: Corviknight|81/100|[from] Recoil\n|move|p1b: Corviknight|Bulk Up|p1b: Corviknight\n|-boost|p1b: Corviknight|atk|1\n|-boost|p1b: Corviknight|def|1\n|move|p1a: Farigiraf|Trick Room|p1a: Farigiraf\n|-fieldstart|move: Trick Room|[of] p1a: Farigiraf\n|\n|upkeep\n|turn|2\n|inactive|adalove has 30 seconds left.\n|inactive|adalove has 20 seconds left.\n|inactive|adalove has 15 seconds left.\n|inactive|adalove has 10 seconds left.\n|\n|t:|1776647158\n|switch|p1a: Floette|Floette-Eternal, L50, F|100/100\n|move|p1b: Corviknight|Body Press|p2a: Tachyon\n|-damage|p2a: Tachyon|69/100\n|move|p2b: Corviknight|Bulk Up|p2b: Corviknight\n|-boost|p2b: Corviknight|atk|1\n|-boost|p2b: Corviknight|def|1\n|move|p2a: Tachyon|Rock Slide|p1a: Floette|[spread] p1a,p1b\n|-damage|p1a: Floette|58/100\n|-damage|p1b: Corviknight|90/100\n|\n|upkeep\n|turn|3\n|inactive|adalove has 30 seconds left.\n|\n|t:|1776647186\n|switch|p1a: Milotic|Milotic, L50, M|100/100\n|move|p2a: Tachyon|Protect|p2a: Tachyon\n|-singleturn|p2a: Tachyon|Protect\n|move|p1b: Corviknight|Brave Bird|p2a: Tachyon\n|-activate|p2a: Tachyon|move: Protect\n|move|p2b: Corviknight|Brave Bird|p1a: Milotic\n|-damage|p1a: Milotic|27/100\n|-damage|p2b: Corviknight|54/100|[from] Recoil\n|\n|-heal|p1a: Milotic|33/100|[from] item: Leftovers\n|upkeep\n|turn|4\n|\n|t:|1776647202\n|switch|p2a: Tyranitar|Tyranitar, L50, M, shiny|100/100\n|-weather|Sandstorm|[from] ability: Sand Stream|[of] p2a: Tyranitar\n|move|p1b: Corviknight|Bulk Up|p1b: Corviknight\n|-boost|p1b: Corviknight|atk|1\n|-boost|p1b: Corviknight|def|1\n|move|p2b: Corviknight|Brave Bird|p1a: Milotic\n|-damage|p1a: Milotic|0 fnt\n|faint|p1a: Milotic\n|-damage|p2b: Corviknight|42/100|[from] Recoil\n|-enditem|p2b: Corviknight|Sitrus Berry|[eat]\n|-heal|p2b: Corviknight|66/100|[from] item: Sitrus Berry\n|\n|-weather|Sandstorm|[upkeep]\n|upkeep\n|\n|t:|1776647213\n|switch|p1a: Floette|Floette-Eternal, L50, F|58/100\n|turn|5\n|\n|t:|1776647223\n|detailschange|p1a: Floette|Floette-Mega, L50, F\n|-mega|p1a: Floette|Floette|Floettite\n|-ability|p1a: Floette|Fairy Aura\n|move|p2a: Tyranitar|Knock Off|p1b: Corviknight\n|-damage|p1b: Corviknight|69/100\n|-enditem|p1b: Corviknight|Sitrus Berry|[from] move: Knock Off|[of] p2a: Tyranitar\n|move|p1b: Corviknight|Body Press|p2a: Tyranitar\n|-supereffective|p2a: Tyranitar|2\n|-damage|p2a: Tyranitar|0 fnt\n|faint|p2a: Tyranitar\n|move|p2b: Corviknight|Brave Bird|p1a: Floette\n|-damage|p1a: Floette|0 fnt\n|faint|p1a: Floette\n|-damage|p2b: Corviknight|50/100|[from] Recoil\n|\n|-weather|Sandstorm|[upkeep]\n|-fieldend|move: Trick Room\n|upkeep\n|\n|t:|1776647240\n|switch|p1a: Farigiraf|Farigiraf, L50, F|10/100\n|switch|p2a: Empoleon|Empoleon, L50, M, shiny|100/100\n|turn|6\n|\n|t:|1776647260\n|move|p1a: Farigiraf|Helping Hand|p1b: Corviknight\n|-singleturn|p1b: Corviknight|Helping Hand|[of] p1a: Farigiraf\n|move|p2b: Corviknight|Body Press|p1b: Corviknight\n|-damage|p1b: Corviknight|55/100\n|move|p2a: Empoleon|Flash Cannon|p1a: Farigiraf\n|-damage|p1a: Farigiraf|0 fnt\n|faint|p1a: Farigiraf\n|move|p1b: Corviknight|Body Press|p2a: Empoleon\n|-supereffective|p2a: Empoleon|1\n|-damage|p2a: Empoleon|0 fnt\n|faint|p2a: Empoleon\n|\n|-weather|Sandstorm|[upkeep]\n|upkeep\n|\n|t:|1776647270\n|switch|p2a: Tachyon|Garchomp-Mega, L50, M, shiny|69/100\n|turn|7\n|\n|t:|1776647277\n|move|p2a: Tachyon|Protect|p2a: Tachyon\n|-singleturn|p2a: Tachyon|Protect\n|move|p2b: Corviknight|Bulk Up|p2b: Corviknight\n|-boost|p2b: Corviknight|atk|1\n|-boost|p2b: Corviknight|def|1\n|move|p1b: Corviknight|Body Press|p2a: Tachyon\n|-activate|p2a: Tachyon|move: Protect\n|\n|-weather|Sandstorm|[upkeep]\n|upkeep\n|turn|8\n|\n|t:|1776647288\n|move|p2a: Tachyon|Rock Slide|p1b: Corviknight\n|-damage|p1b: Corviknight|41/100\n|move|p2b: Corviknight|Body Press|p1b: Corviknight\n|-damage|p1b: Corviknight|24/100\n|move|p1b: Corviknight|Body Press|p2a: Tachyon\n|-damage|p2a: Tachyon|30/100\n|\n|-weather|none\n|upkeep\n|turn|9\n|\n|t:|1776647300\n|move|p2a: Tachyon|Rock Slide|p1b: Corviknight\n|-damage|p1b: Corviknight|13/100\n|move|p2b: Corviknight|Body Press|p1b: Corviknight\n|-damage|p1b: Corviknight|0 fnt\n|faint|p1b: Corviknight\n|\n|win|comet092\n|raw|adalove's rating: 1125 &rarr; <strong>1104</strong><br />(-21 for losing)\n|raw|comet092's rating: 1178 &rarr; <strong>1199</strong><br />(+21 for winning)\n",
  "uploadtime": 1776647300,
  "views": 6,
  "formatid": "gen9championsvgc2026regma",
  "rating": 1104,
  "private": 0,
  "password": null
}