{
  "id": "gen9championsvgc2026regma-2585596389",
  "format": "[Gen 9 Champions] VGC 2026 Reg M-A",
  "players": [
    "Iceisnice_44",
    "byableorange4"
  ],
  "log": "|j|\u2606Iceisnice_44\n|j|\u2606byableorange4\n|t:|1776357850\n|gametype|doubles\n|player|p1|Iceisnice_44|266|1192\n|player|p2|byableorange4|n|1234\n|gen|9\n|tier|[Gen 9 Champions] VGC 2026 Reg M-A\n|rated|\n|rule|Species Clause: Limit one of each Pok\u00e9mon\n|rule|Item Clause: Limit 1 of each item\n|clearpoke\n|poke|p1|Gengar, L50, M|\n|poke|p1|Politoed, L50, M|\n|poke|p1|Incineroar, L50, F|\n|poke|p1|Archaludon, L50, F|\n|poke|p1|Dragonite, L50, F|\n|poke|p1|Basculegion, L50, M|\n|poke|p2|Camerupt, L50, M|\n|poke|p2|Sinistcha, L50|\n|poke|p2|Incineroar, L50, F|\n|poke|p2|Farigiraf, L50, M|\n|poke|p2|Kingambit, L50, F|\n|poke|p2|Dragonite, L50, F|\n|teampreview|4\n|inactive|Battle timer is ON: inactive players will automatically lose when time's up. (requested by byableorange4)\nIceisnice_44 rejected open team sheets.\n|\n|t:|1776357874\n|teamsize|p1|4\n|teamsize|p2|4\n|start\n|switch|p1a: Gengar|Gengar, L50, M|100/100\n|switch|p1b: Incineroar|Incineroar, L50, F|100/100\n|switch|p2a: Sinistcha|Sinistcha, L50|100/100\n|switch|p2b: Dragonite|Dragonite, L50, F|100/100\n|-ability|p1b: Incineroar|Intimidate|boost\n|-unboost|p2a: Sinistcha|atk|1\n|-unboost|p2b: Dragonite|atk|1\n|-enditem|p2b: Dragonite|White Herb\n|-clearnegativeboost|p2b: Dragonite|[silent]\n|turn|1\n|\n|t:|1776357899\n|switch|p2b: Camerupt|Camerupt, L50, M|100/100\n|detailschange|p1a: Gengar|Gengar-Mega, L50, M\n|-mega|p1a: Gengar|Gengar|Gengarite\n|move|p1b: Incineroar|Fake Out|p2b: Camerupt\n|-damage|p2b: Camerupt|86/100\n|move|p1a: Gengar|Perish Song|p1a: Gengar\n|-start|p1a: Gengar|perish3|[silent]\n|-start|p1b: Incineroar|perish3|[silent]\n|-start|p2a: Sinistcha|perish3|[silent]\n|-start|p2b: Camerupt|perish3|[silent]\n|-fieldactivate|move: Perish Song\n|move|p2a: Sinistcha|Trick Room|p2a: Sinistcha\n|-fieldstart|move: Trick Room|[of] p2a: Sinistcha\n|\n|-start|p2b: Camerupt|perish3\n|-start|p1b: Incineroar|perish3\n|-start|p2a: Sinistcha|perish3\n|-start|p1a: Gengar|perish3\n|upkeep\n|turn|2\n|inactive|byableorange4 has 30 seconds left.\n|\n|t:|1776357929\n|switch|p1a: Politoed|Politoed, L50, M|100/100\n|-weather|RainDance|[from] ability: Drizzle|[of] p1a: Politoed\n|detailschange|p2b: Camerupt|Camerupt-Mega, L50, M\n|-mega|p2b: Camerupt|Camerupt|Cameruptite\n|move|p2a: Sinistcha|Rage Powder|p2a: Sinistcha\n|-singleturn|p2a: Sinistcha|move: Rage Powder\n|move|p2b: Camerupt|Earth Power|p1b: Incineroar\n|-supereffective|p1b: Incineroar|1\n|-damage|p1b: Incineroar|0 fnt\n|faint|p1b: Incineroar\n|\n|-weather|RainDance|[upkeep]\n|-start|p2b: Camerupt|perish2\n|-start|p2a: Sinistcha|perish2\n|upkeep\n|\n|t:|1776357944\n|switch|p1b: Gengar|Gengar-Mega, L50, M|100/100\n|turn|3\n|\n|t:|1776357959\n|move|p1b: Gengar|Protect|p1b: Gengar\n|-singleturn|p1b: Gengar|Protect\n|move|p2b: Camerupt|Earth Power|p1a: Politoed\n|-damage|p1a: Politoed|47/100\n|move|p2a: Sinistcha|Matcha Gotcha|p1a: Politoed|[spread] p1a\n|-activate|p1b: Gengar|move: Protect\n|-supereffective|p1a: Politoed|1\n|-crit|p1a: Politoed\n|-damage|p1a: Politoed|0 fnt\n|faint|p1a: Politoed\n|\n|-weather|RainDance|[upkeep]\n|-start|p2b: Camerupt|perish1\n|-start|p2a: Sinistcha|perish1\n|upkeep\n|\n|t:|1776357974\n|switch|p1a: Archaludon|Archaludon, L50, F|100/100\n|turn|4\n|\n|t:|1776357994\n|move|p1a: Archaludon|Protect|p1a: Archaludon\n|-singleturn|p1a: Archaludon|Protect\n|move|p1b: Gengar|Protect|p1b: Gengar\n|-singleturn|p1b: Gengar|Protect\n|move|p2a: Sinistcha|Rage Powder|p2a: Sinistcha\n|-singleturn|p2a: Sinistcha|move: Rage Powder\n|move|p2b: Camerupt|Earth Power|p1b: Gengar\n|-activate|p1b: Gengar|move: Protect\n|\n|-weather|RainDance|[upkeep]\n|-start|p2b: Camerupt|perish0\n|-start|p2a: Sinistcha|perish0\n|faint|p2b: Camerupt\n|faint|p2a: Sinistcha\n|upkeep\n|\n|t:|1776358001\n|switch|p2b: Dragonite|Dragonite, L50, F|100/100\n|switch|p2a: Farigiraf|Farigiraf, L50, M|100/100\n|turn|5\n|\n|t:|1776358025\n|move|p2a: Farigiraf|Psyshock|p1b: Gengar\n|-supereffective|p1b: Gengar|1\n|-damage|p1b: Gengar|0 fnt\n|faint|p1b: Gengar\n|move|p2b: Dragonite|Dragon Claw|p1a: Archaludon\n|-damage|p1a: Archaludon|65/100\n|-ability|p1a: Archaludon|Stamina|boost\n|-boost|p1a: Archaludon|def|1\n|move|p1a: Archaludon|Electro Shot||[still]\n|-prepare|p1a: Archaludon|Electro Shot\n|-boost|p1a: Archaludon|spa|1\n|-anim|p1a: Archaludon|Electro Shot|p2a: Farigiraf\n|-damage|p2a: Farigiraf|38/100\n|\n|-weather|RainDance|[upkeep]\n|-heal|p1a: Archaludon|71/100|[from] item: Leftovers\n|-fieldend|move: Trick Room\n|upkeep\n|turn|6\n|\n|t:|1776358047\n|move|p2b: Dragonite|Protect|p2b: Dragonite\n|-singleturn|p2b: Dragonite|Protect\n|move|p2a: Farigiraf|Protect|p2a: Farigiraf\n|-singleturn|p2a: Farigiraf|Protect\n|move|p1a: Archaludon|Electro Shot||[still]\n|-prepare|p1a: Archaludon|Electro Shot\n|-boost|p1a: Archaludon|spa|1\n|-anim|p1a: Archaludon|Electro Shot|p2a: Farigiraf\n|-activate|p2a: Farigiraf|move: Protect\n|\n|-weather|none\n|-heal|p1a: Archaludon|77/100|[from] item: Leftovers\n|upkeep\n|turn|7\n|\n|t:|1776358060\n|move|p1a: Archaludon|Protect|p1a: Archaludon\n|-singleturn|p1a: Archaludon|Protect\n|move|p2b: Dragonite|Dragon Claw|p1a: Archaludon\n|-activate|p1a: Archaludon|move: Protect\n|move|p2a: Farigiraf|Hyper Voice|p1a: Archaludon\n|-activate|p1a: Archaludon|move: Protect\n|\n|-heal|p1a: Archaludon|83/100|[from] item: Leftovers\n|upkeep\n|turn|8\n|\n|t:|1776358070\n|move|p1a: Archaludon|Flash Cannon|p2a: Farigiraf\n|-damage|p2a: Farigiraf|0 fnt\n|faint|p2a: Farigiraf\n|move|p2b: Dragonite|Dragon Claw|p1a: Archaludon\n|-damage|p1a: Archaludon|62/100\n|-ability|p1a: Archaludon|Stamina|boost\n|-boost|p1a: Archaludon|def|1\n|\n|-heal|p1a: Archaludon|68/100|[from] item: Leftovers\n|upkeep\n|turn|9\n|-message|byableorange4 forfeited.\n|\n|win|Iceisnice_44\n|raw|Iceisnice_44's rating: 1192 &rarr; <strong>1220</strong><br />(+28 for winning)\n|raw|byableorange4's rating: 1234 &rarr; <strong>1206</strong><br />(-28 for losing)\n|l|\u2606byableorange4\n|player|p2|\n",
  "uploadtime": 1776358081,
  "views": 32,
  "formatid": "gen9championsvgc2026regma",
  "rating": 1206,
  "private": 0,
  "password": null
}