{
  "id": "gen9championsvgc2026regma-2584971249",
  "format": "[Gen 9 Champions] VGC 2026 Reg M-A",
  "players": [
    "moartae",
    "dwarfypig"
  ],
  "log": "|j|\u2606moartae\n|j|\u2606dwarfypig\n|t:|1776299379\n|gametype|doubles\n|player|p1|moartae|winona|1040\n|player|p2|dwarfypig|scientist-gen4dp|1000\n|gen|9\n|tier|[Gen 9 Champions] VGC 2026 Reg M-A\n|rated|\n|rule|Species Clause: Limit one of each Pok\u00e9mon\n|rule|Item Clause: Limit 1 of each item\n|clearpoke\n|poke|p1|Crabominable, L50, F|\n|poke|p1|Chimecho, L50, F|\n|poke|p1|Kommo-o, L50, M|\n|poke|p1|Milotic, L50, F|\n|poke|p1|Chandelure, L50, F|\n|poke|p1|Azumarill, L50, M|\n|poke|p2|Glimmora, L50, M|\n|poke|p2|Politoed, L50, M|\n|poke|p2|Basculegion, L50, M|\n|poke|p2|Talonflame, L50, M|\n|poke|p2|Archaludon, L50, F|\n|poke|p2|Maushold-Four, L50|\n|teampreview|4\n|inactive|Battle timer is ON: inactive players will automatically lose when time's up. (requested by dwarfypig)\n|inactive|moartae has 60 seconds left.\n|inactive|dwarfypig has 60 seconds left.\n|inactive|dwarfypig has 30 seconds left.\n|\n|t:|1776299448\n|teamsize|p1|4\n|teamsize|p2|4\n|start\n|switch|p1a: Lumi|Chandelure, L50, F|100/100\n|switch|p1b: Eggo|Azumarill, L50, M|100/100\n|switch|p2a: Glimmora|Glimmora, L50, M|100/100\n|switch|p2b: Maushold|Maushold-Four, L50|100/100\n|turn|1\n|inactive|moartae has 30 seconds left.\n|inactive|dwarfypig has 30 seconds left.\n|inactive|moartae has 20 seconds left.\n|inactive|dwarfypig has 20 seconds left.\n|\n|t:|1776299486\n|detailschange|p2a: Glimmora|Glimmora-Mega, L50, M\n|-mega|p2a: Glimmora|Glimmora|Glimmoranite\n|move|p2b: Maushold|Taunt|p1b: Eggo\n|-start|p1b: Eggo|move: Taunt\n|move|p2a: Glimmora|Power Gem|p1a: Lumi\n|-supereffective|p1a: Lumi|1\n|-enditem|p1a: Lumi|Focus Sash\n|-damage|p1a: Lumi|1/100\n|move|p1b: Eggo|Liquidation|p2a: Glimmora\n|-supereffective|p2a: Glimmora|1\n|-damage|p2a: Glimmora|0 fnt\n|faint|p2a: Glimmora\n|move|p1a: Lumi|Trick Room|p1a: Lumi\n|-fieldstart|move: Trick Room|[of] p1a: Lumi\n|\n|upkeep\n|\n|t:|1776299499\n|switch|p2a: Politoed|Politoed, L50, M|100/100\n|-weather|RainDance|[from] ability: Drizzle|[of] p2a: Politoed\n|turn|2\n|inactive|moartae has 30 seconds left.\n|\n|t:|1776299533\n|move|p1a: Lumi|Protect|p1a: Lumi\n|-singleturn|p1a: Lumi|Protect\n|move|p2b: Maushold|Follow Me|p2b: Maushold\n|-singleturn|p2b: Maushold|move: Follow Me\n|move|p1b: Eggo|Play Rough|p2b: Maushold\n|-damage|p2b: Maushold|42/100\n|move|p2a: Politoed|Icy Wind|p1b: Eggo|[spread] p1b\n|-activate|p1a: Lumi|move: Protect\n|-resisted|p1b: Eggo|1\n|-damage|p1b: Eggo|96/100\n|-unboost|p1b: Eggo|spe|1\n|\n|-weather|RainDance|[upkeep]\n|upkeep\n|turn|3\n|inactive|moartae has 30 seconds left.\n|inactive|dwarfypig has 30 seconds left.\n|\n|t:|1776299567\n|move|p2a: Politoed|Protect|p2a: Politoed\n|-singleturn|p2a: Politoed|Protect\n|move|p2b: Maushold|Protect|p2b: Maushold\n|-singleturn|p2b: Maushold|Protect\n|move|p1b: Eggo|Play Rough|p2b: Maushold\n|-activate|p2b: Maushold|move: Protect\n|move|p1a: Lumi|Shadow Ball|p2a: Politoed\n|-activate|p2a: Politoed|move: Protect\n|\n|-weather|RainDance|[upkeep]\n|-end|p1b: Eggo|move: Taunt\n|upkeep\n|turn|4\n|inactive|moartae has 30 seconds left.\n|inactive|dwarfypig has 30 seconds left.\n|inactive|dwarfypig has 20 seconds left.\n|\n|t:|1776299604\n|move|p2b: Maushold|Follow Me|p2b: Maushold\n|-singleturn|p2b: Maushold|move: Follow Me\n|move|p1b: Eggo|Play Rough|p2b: Maushold\n|-damage|p2b: Maushold|0 fnt\n|faint|p2b: Maushold\n|move|p2a: Politoed|Icy Wind|p1b: Eggo|[spread] p1a,p1b\n|-resisted|p1a: Lumi|1\n|-resisted|p1b: Eggo|1\n|-damage|p1a: Lumi|0 fnt\n|-damage|p1b: Eggo|91/100\n|-unboost|p1b: Eggo|spe|1\n|faint|p1a: Lumi\n|\n|-weather|RainDance|[upkeep]\n|upkeep\n|\n|t:|1776299623\n|switch|p1a: Dookie|Kommo-o, L50, M|100/100\n|switch|p2b: Archaludon|Archaludon, L50, F|100/100\n|turn|5\n|inactive|dwarfypig has 30 seconds left.\n|inactive|dwarfypig has 20 seconds left.\n|\n|t:|1776299660\n|move|p2a: Politoed|Protect|p2a: Politoed\n|-singleturn|p2a: Politoed|Protect\n|move|p1b: Eggo|Play Rough|p2b: Archaludon\n|-damage|p2b: Archaludon|53/100\n|move|p1a: Dookie|Clanging Scales|p2b: Archaludon|[spread] p2b\n|-activate|p2a: Politoed|move: Protect\n|-damage|p2b: Archaludon|0 fnt\n|faint|p2b: Archaludon\n|-unboost|p1a: Dookie|def|1\n|\n|-weather|RainDance|[upkeep]\n|-fieldend|move: Trick Room\n|upkeep\n|turn|6\n|inactive|moartae has 30 seconds left.\n|-message|dwarfypig forfeited.\n|\n|win|moartae\n|raw|moartae's rating: 1040 &rarr; <strong>1070</strong><br />(+30 for winning)\n|raw|dwarfypig's rating: 1000 &rarr; <strong>1000</strong><br />(+0 for losing)\n|l|\u2606dwarfypig\n|player|p2|\n",
  "uploadtime": 1776299705,
  "views": 21,
  "formatid": "gen9championsvgc2026regma",
  "rating": 1000,
  "private": 0,
  "password": null
}