{
  "id": "gen9championsvgc2026regma-2581766977",
  "format": "[Gen 9 Champions] VGC 2026 Reg M-A",
  "players": [
    "lukelby",
    "TaggyV"
  ],
  "log": "|j|\u2606lukelby\n|j|\u2606TaggyV\n|t:|1776026794\n|gametype|doubles\n|player|p1|lukelby|hiker-gen4|1119\n|player|p2|TaggyV|266|1100\n|gen|9\n|tier|[Gen 9 Champions] VGC 2026 Reg M-A\n|rated|\n|rule|Species Clause: Limit one of each Pok\u00e9mon\n|rule|Item Clause: Limit 1 of each item\n|clearpoke\n|poke|p1|Ninetales-Alola, L50, F|\n|poke|p1|Sinistcha, L50|\n|poke|p1|Crabominable, L50, F|\n|poke|p1|Sneasler, L50, F|\n|poke|p1|Incineroar, L50, F|\n|poke|p1|Farigiraf, L50, M|\n|poke|p2|Sneasler, L50, F|\n|poke|p2|Mr. Rime, L50, F|\n|poke|p2|Rotom-Frost, L50|\n|poke|p2|Slowbro, L50, M|\n|poke|p2|Delphox, L50, M|\n|poke|p2|Garganacl, L50, M|\n|teampreview|4\n|inactive|Battle timer is ON: inactive players will automatically lose when time's up. (requested by TaggyV)\nlukelby has agreed to open team sheets.\n|inactive|lukelby has 60 seconds left.\n|\n|t:|1776026835\n|teamsize|p1|4\n|teamsize|p2|4\n|start\n|switch|p1a: Farigiraf|Farigiraf, L50, M|100/100\n|switch|p1b: mimmer|Incineroar, L50, F|100/100\n|switch|p2a: Mr. Rime|Mr. Rime, L50, F|100/100\n|switch|p2b: Delphox|Delphox, L50, M|100/100\n|-ability|p1b: mimmer|Intimidate|boost\n|-unboost|p2a: Mr. Rime|atk|1\n|-unboost|p2b: Delphox|atk|1\n|turn|1\n|\n|t:|1776026853\n|move|p2b: Delphox|Nasty Plot|p2b: Delphox\n|-boost|p2b: Delphox|spa|2\n|move|p2a: Mr. Rime|Teeter Dance|p1a: Farigiraf|[spread] p2b,p1a,p1b\n|-start|p2b: Delphox|confusion\n|-start|p1a: Farigiraf|confusion\n|-start|p1b: mimmer|confusion\n|-activate|p1b: mimmer|confusion\n|move|p1b: mimmer|Darkest Lariat|p2a: Mr. Rime\n|-supereffective|p2a: Mr. Rime|1\n|-damage|p2a: Mr. Rime|22/100\n|-activate|p1a: Farigiraf|confusion\n|move|p1a: Farigiraf|Trick Room|p1a: Farigiraf\n|-fieldstart|move: Trick Room|[of] p1a: Farigiraf\n|\n|-heal|p2a: Mr. Rime|28/100|[from] item: Leftovers\n|upkeep\n|turn|2\n|inactive|lukelby has 30 seconds left.\n|inactive|TaggyV has 30 seconds left.\n|\n|t:|1776026881\n|-end|p1a: Farigiraf|confusion\n|move|p1a: Farigiraf|Dazzling Gleam|p2a: Mr. Rime|[spread] p2a,p2b\n|-resisted|p2b: Delphox|1\n|-damage|p2a: Mr. Rime|18/100\n|-damage|p2b: Delphox|92/100\n|-activate|p1b: mimmer|confusion\n|-damage|p1b: mimmer|91/100|[from] confusion\n|move|p2a: Mr. Rime|Snowscape|p2a: Mr. Rime\n|-weather|Snowscape\n|-activate|p2b: Delphox|confusion\n|move|p2b: Delphox|Dazzling Gleam|p1b: mimmer|[spread] p1a,p1b\n|-damage|p1a: Farigiraf|75/100\n|-damage|p1b: mimmer|65/100\n|\n|-weather|Snowscape|[upkeep]\n|-heal|p2a: Mr. Rime|23/100|[from] ability: Ice Body\n|-heal|p2a: Mr. Rime|29/100|[from] item: Leftovers\n|upkeep\n|turn|3\n|c|\u2606lukelby|now that is something new\n|inactive|lukelby has 30 seconds left.\n|inactive|TaggyV has 30 seconds left.\n|\n|t:|1776026913\n|switch|p2a: Sneasler|Sneasler, L50, F|100/100\n|detailschange|p2b: Delphox|Delphox-Mega, L50, M\n|-mega|p2b: Delphox|Delphox|Delphoxite\n|move|p1a: Farigiraf|Thunderbolt|p2b: Delphox\n|-damage|p2b: Delphox|68/100\n|-status|p2b: Delphox|par\n|-end|p1b: mimmer|confusion\n|move|p1b: mimmer|Darkest Lariat|p2b: Delphox\n|-supereffective|p2b: Delphox|1\n|-damage|p2b: Delphox|0 fnt\n|faint|p2b: Delphox\n|\n|-weather|Snowscape|[upkeep]\n|upkeep\n|\n|t:|1776026928\n|switch|p2b: Mr. Rime|Mr. Rime, L50, F|29/100\n|turn|4\n|\n|t:|1776026941\n|move|p1a: Farigiraf|Psychic Noise|p2a: Sneasler\n|-supereffective|p2a: Sneasler|2\n|-crit|p2a: Sneasler\n|-damage|p2a: Sneasler|0 fnt\n|faint|p2a: Sneasler\n|move|p1b: mimmer|Parting Shot|p2b: Mr. Rime\n|-unboost|p2b: Mr. Rime|atk|1\n|-unboost|p2b: Mr. Rime|spa|1\n|\n|t:|1776026948\n|switch|p1b: Broly|Crabominable, L50, F|100/100|[from] Parting Shot\n|move|p2b: Mr. Rime|Teeter Dance|p1b: Broly|[spread] p1a,p1b\n|-start|p1a: Farigiraf|confusion\n|-start|p1b: Broly|confusion\n|\n|-weather|Snowscape|[upkeep]\n|-heal|p2b: Mr. Rime|35/100|[from] ability: Ice Body\n|-heal|p2b: Mr. Rime|41/100|[from] item: Leftovers\n|upkeep\n|\n|t:|1776026969\n|switch|p2a: Rotom|Rotom-Frost, L50|100/100\n|turn|5\n|\n|t:|1776026992\n|detailschange|p1b: Broly|Crabominable-Mega, L50, F\n|-mega|p1b: Broly|Crabominable|Crabominite\n|-activate|p1b: Broly|confusion\n|move|p1b: Broly|Drain Punch|p2a: Rotom\n|-supereffective|p2a: Rotom|1\n|-damage|p2a: Rotom|15/100\n|-activate|p1a: Farigiraf|confusion\n|move|p1a: Farigiraf|Psychic Noise|p2a: Rotom\n|-damage|p2a: Rotom|0 fnt\n|faint|p2a: Rotom\n|move|p2b: Mr. Rime|Teeter Dance||[still]|[spread] \n|-fail|p2b: Mr. Rime\n|\n|-weather|Snowscape|[upkeep]\n|-heal|p2b: Mr. Rime|47/100|[from] ability: Ice Body\n|-heal|p2b: Mr. Rime|53/100|[from] item: Leftovers\n|-fieldend|move: Trick Room\n|upkeep\n|turn|6\n|-message|TaggyV forfeited.\n|\n|win|lukelby\n|raw|lukelby's rating: 1119 &rarr; <strong>1143</strong><br />(+24 for winning)\n|raw|TaggyV's rating: 1100 &rarr; <strong>1076</strong><br />(-24 for losing)\n|l|\u2606TaggyV\n|player|p2|\n",
  "uploadtime": 1776027010,
  "views": 16,
  "formatid": "gen9championsvgc2026regma",
  "rating": 1076,
  "private": 0,
  "password": null
}