{
  "id": "gen9championsvgc2026regma-2585944802",
  "format": "[Gen 9 Champions] VGC 2026 Reg M-A",
  "players": [
    "old fisherman ned",
    "Piko"
  ],
  "log": "|j|\u2606old fisherman ned\n|j|\u2606Piko\n|t:|1776383817\n|gametype|doubles\n|player|p1|old fisherman ned|fisherman|1035\n|player|p2|Piko|266|1081\n|gen|9\n|tier|[Gen 9 Champions] VGC 2026 Reg M-A\n|rated|\n|rule|Species Clause: Limit one of each Pok\u00e9mon\n|rule|Item Clause: Limit 1 of each item\n|clearpoke\n|poke|p1|Torkoal, L50, M|\n|poke|p1|Floette-Eternal, L50, F|\n|poke|p1|Sableye, L50, F|\n|poke|p1|Charizard, L50, F|\n|poke|p1|Incineroar, L50, M|\n|poke|p1|Oranguru, L50, F|\n|poke|p2|Sneasler, L50, F|\n|poke|p2|Basculegion, L50, M|\n|poke|p2|Incineroar, L50, F|\n|poke|p2|Charizard, L50, F|\n|poke|p2|Venusaur, L50, M|\n|poke|p2|Garchomp, L50, M|\n|teampreview|4\n|\n|t:|1776383835\n|teamsize|p1|4\n|teamsize|p2|4\n|start\n|switch|p1a: Sableye|Sableye, L50, F|100/100\n|switch|p1b: Oranguru|Oranguru, L50, F|100/100\n|switch|p2a: Charizard|Charizard, L50, F|100/100\n|switch|p2b: Venusaur|Venusaur, L50, M|100/100\n|turn|1\n|\n|t:|1776383848\n|detailschange|p2a: Charizard|Charizard-Mega-Y, L50, F\n|-mega|p2a: Charizard|Charizard|Charizardite Y\n|-weather|SunnyDay|[from] ability: Drought|[of] p2a: Charizard\n|move|p1b: Oranguru|Protect|p1b: Oranguru\n|-singleturn|p1b: Oranguru|Protect\n|move|p1a: Sableye|Light Screen|p1a: Sableye\n|-sidestart|p1: old fisherman ned|move: Light Screen\n|move|p2b: Venusaur|Sleep Powder|p1b: Oranguru\n|-activate|p1b: Oranguru|move: Protect\n|move|p2a: Charizard|Heat Wave|p1b: Oranguru|[spread] \n|-activate|p1b: Oranguru|move: Protect\n|-miss|p2a: Charizard|p1a: Sableye\n|\n|-weather|SunnyDay|[upkeep]\n|upkeep\n|turn|2\n|\n|t:|1776383870\n|move|p1a: Sableye|Skill Swap|p1b: Oranguru\n|-activate|p1a: Sableye|Skill Swap|||[of] p1b: Oranguru\n|move|p2b: Venusaur|Sleep Powder|p1b: Oranguru|[miss]\n|-miss|p2b: Venusaur|p1b: Oranguru\n|move|p2a: Charizard|Heat Wave|p1a: Sableye|[spread] p1a,p1b\n|-damage|p1a: Sableye|57/100\n|-damage|p1b: Oranguru|78/100\n|move|p1b: Oranguru|Psychic|p2b: Venusaur\n|-supereffective|p2b: Venusaur|1\n|-damage|p2b: Venusaur|28/100\n|\n|-weather|SunnyDay|[upkeep]\n|-heal|p1b: Oranguru|84/100|[from] item: Leftovers\n|upkeep\n|turn|3\n|\n|t:|1776383888\n|move|p1b: Oranguru|Protect|p1b: Oranguru\n|-singleturn|p1b: Oranguru|Protect\n|move|p2b: Venusaur|Sludge Bomb|p1b: Oranguru\n|-activate|p1b: Oranguru|move: Protect\n|move|p2a: Charizard|Heat Wave|p1a: Sableye|[spread] p1a\n|-activate|p1b: Oranguru|move: Protect\n|-damage|p1a: Sableye|15/100\n|move|p1a: Sableye|Reflect|p1a: Sableye\n|-sidestart|p1: old fisherman ned|Reflect\n|\n|-weather|SunnyDay|[upkeep]\n|-heal|p1b: Oranguru|90/100|[from] item: Leftovers\n|upkeep\n|turn|4\n|\n|t:|1776383908\n|move|p1b: Oranguru|After You|p1a: Sableye\n|-activate|p1a: Sableye|move: After You\n|move|p1a: Sableye|Knock Off|p2b: Venusaur\n|-damage|p2b: Venusaur|0 fnt\n|-enditem|p2b: Venusaur|Focus Sash|[from] move: Knock Off|[of] p1a: Sableye\n|faint|p2b: Venusaur\n|move|p2a: Charizard|Heat Wave|p1a: Sableye|[spread] p1a,p1b\n|-damage|p1a: Sableye|0 fnt\n|-damage|p1b: Oranguru|67/100\n|faint|p1a: Sableye\n|\n|-weather|SunnyDay|[upkeep]\n|-heal|p1b: Oranguru|73/100|[from] item: Leftovers\n|upkeep\n|\n|t:|1776383918\n|switch|p2b: Garchomp|Garchomp, L50, M|100/100\n|switch|p1a: Floette|Floette-Eternal, L50, F|100/100\n|turn|5\n|\n|t:|1776383925\n|detailschange|p1a: Floette|Floette-Mega, L50, F\n|-mega|p1a: Floette|Floette|Floettite\n|-ability|p1a: Floette|Fairy Aura\n|move|p1b: Oranguru|Protect|p1b: Oranguru\n|-singleturn|p1b: Oranguru|Protect\n|move|p1a: Floette|Protect|p1a: Floette\n|-singleturn|p1a: Floette|Protect\n|move|p2b: Garchomp|Earthquake|p1a: Floette|[spread] \n|-activate|p1a: Floette|move: Protect\n|-activate|p1b: Oranguru|move: Protect\n|-immune|p2a: Charizard\n|move|p2a: Charizard|Heat Wave|p1a: Floette|[spread] \n|-activate|p1a: Floette|move: Protect\n|-activate|p1b: Oranguru|move: Protect\n|\n|-weather|none\n|-heal|p1b: Oranguru|79/100|[from] item: Leftovers\n|-sideend|p1: old fisherman ned|move: Light Screen\n|upkeep\n|turn|6\n|\n|t:|1776383942\n|move|p1b: Oranguru|Instruct|p1a: Floette\n|-singleturn|p1a: Floette|move: Instruct|[of] p1b: Oranguru\n|move|p1a: Floette|Protect|p1a: Floette\n|-singleturn|p1a: Floette|Protect\n|move|p2b: Garchomp|Earthquake|p1a: Floette|[spread] p1b\n|-activate|p1a: Floette|move: Protect\n|-immune|p2a: Charizard\n|-damage|p1b: Oranguru|52/100\n|move|p2a: Charizard|Heat Wave|p1b: Oranguru|[spread] p1b\n|-activate|p1a: Floette|move: Protect\n|-damage|p1b: Oranguru|27/100\n|move|p1a: Floette|Calm Mind|p1a: Floette\n|-boost|p1a: Floette|spa|1\n|-boost|p1a: Floette|spd|1\n|\n|-heal|p1b: Oranguru|33/100|[from] item: Leftovers\n|upkeep\n|turn|7\n|\n|t:|1776383974\n|move|p1b: Oranguru|Protect|p1b: Oranguru\n|-singleturn|p1b: Oranguru|Protect\n|move|p2b: Garchomp|Earthquake|p1a: Floette|[spread] p1a\n|-activate|p1b: Oranguru|move: Protect\n|-immune|p2a: Charizard\n|-damage|p1a: Floette|81/100\n|move|p2a: Charizard|Heat Wave|p1b: Oranguru|[spread] p1a\n|-activate|p1b: Oranguru|move: Protect\n|-damage|p1a: Floette|62/100\n|move|p1a: Floette|Dazzling Gleam|p2a: Charizard|[spread] p2a,p2b\n|-resisted|p2a: Charizard|1\n|-supereffective|p2b: Garchomp|1\n|-damage|p2a: Charizard|70/100\n|-damage|p2b: Garchomp|0 fnt\n|faint|p2b: Garchomp\n|\n|-heal|p1b: Oranguru|40/100|[from] item: Leftovers\n|-sideend|p1: old fisherman ned|Reflect\n|upkeep\n|\n|t:|1776383987\n|switch|p2b: Basculegion|Basculegion, L50, M|100/100\n|turn|8\n|\n|t:|1776384010\n|move|p1b: Oranguru|Instruct|p1a: Floette\n|-singleturn|p1a: Floette|move: Instruct|[of] p1b: Oranguru\n|move|p1a: Floette|Dazzling Gleam|p2a: Charizard|[spread] p2a,p2b\n|-resisted|p2a: Charizard|1\n|-damage|p2a: Charizard|40/100\n|-damage|p2b: Basculegion|30/100\n|move|p2b: Basculegion|Last Respects|p1a: Floette\n|-damage|p1a: Floette|0 fnt\n|faint|p1a: Floette\n|move|p2a: Charizard|Heat Wave|p1b: Oranguru\n|-damage|p1b: Oranguru|9/100\n|\n|-heal|p1b: Oranguru|15/100|[from] item: Leftovers\n|upkeep\n|\n|t:|1776384023\n|switch|p1a: Torkoal|Torkoal, L50, M|100/100\n|-weather|SunnyDay|[from] ability: Drought|[of] p1a: Torkoal\n|turn|9\n|\n|t:|1776384030\n|move|p1b: Oranguru|After You|p1a: Torkoal\n|-activate|p1a: Torkoal|move: After You\n|move|p1a: Torkoal|Eruption|p2b: Basculegion|[spread] p2a,p2b\n|-resisted|p2a: Charizard|1\n|-resisted|p2b: Basculegion|1\n|-damage|p2a: Charizard|0 fnt\n|-damage|p2b: Basculegion|0 fnt\n|faint|p2a: Charizard\n|faint|p2b: Basculegion\n|\n|win|old fisherman ned\n|raw|old fisherman ned's rating: 1035 &rarr; <strong>1074</strong><br />(+39 for winning)\n|raw|Piko's rating: 1081 &rarr; <strong>1056</strong><br />(-25 for losing)\n|l|\u2606Piko\n|player|p2|\n",
  "uploadtime": 1776384035,
  "views": 25,
  "formatid": "gen9championsvgc2026regma",
  "rating": 1056,
  "private": 0,
  "password": null
}