{
  "id": "gen9championsvgc2026regma-2583782414",
  "format": "[Gen 9 Champions] VGC 2026 Reg M-A",
  "players": [
    "LILSCOTTY11",
    "Viijohnny07"
  ],
  "log": "|j|\u2606LILSCOTTY11\n|j|\u2606Viijohnny07\n|t:|1776197337\n|gametype|doubles\n|player|p1|LILSCOTTY11|170|1085\n|player|p2|Viijohnny07|1|1129\n|gen|9\n|tier|[Gen 9 Champions] VGC 2026 Reg M-A\n|rated|\n|rule|Species Clause: Limit one of each Pok\u00e9mon\n|rule|Item Clause: Limit 1 of each item\n|clearpoke\n|poke|p1|Dragonite, L50, M|\n|poke|p1|Basculegion, L50, M|\n|poke|p1|Kingambit, L50, M|\n|poke|p1|Sneasler, L50, M|\n|poke|p1|Delphox, L50, M|\n|poke|p1|Clefable, L50, F|\n|poke|p2|Ampharos, L50, M|\n|poke|p2|Politoed, L50, F|\n|poke|p2|Tinkaton, L50, F|\n|poke|p2|Machamp, L50, M|\n|poke|p2|Incineroar, L50, F|\n|poke|p2|Farigiraf, L50, M|\n|teampreview|4\n|inactive|Battle timer is ON: inactive players will automatically lose when time's up. (requested by Viijohnny07)\n|c|\u2606LILSCOTTY11|GL\n|\n|t:|1776197367\n|teamsize|p1|4\n|teamsize|p2|4\n|start\n|switch|p1a: Kingambit|Kingambit, L50, M|100/100\n|switch|p1b: Sneasler|Sneasler, L50, M|100/100\n|switch|p2a: Farigiraf|Farigiraf, L50, M|100/100\n|switch|p2b: Machamp|Machamp, L50, M|100/100\n|turn|1\n|\n|t:|1776197387\n|move|p2a: Farigiraf|Protect|p2a: Farigiraf\n|-singleturn|p2a: Farigiraf|Protect\n|move|p1b: Sneasler|Close Combat|p2a: Farigiraf\n|-activate|p2a: Farigiraf|move: Protect\n|move|p1a: Kingambit|Kowtow Cleave|p2a: Farigiraf\n|-activate|p2a: Farigiraf|move: Protect\n|move|p2b: Machamp|Cross Chop|p1a: Kingambit\n|-supereffective|p1a: Kingambit|2\n|-crit|p1a: Kingambit\n|-damage|p1a: Kingambit|0 fnt\n|faint|p1a: Kingambit\n|\n|upkeep\n|\n|t:|1776197399\n|switch|p1a: Clefable|Clefable, L50, F|100/100\n|turn|2\n|\n|t:|1776197410\n|switch|p2b: Politoed|Politoed, L50, F|100/100\n|-weather|RainDance|[from] ability: Drizzle|[of] p2b: Politoed\n|move|p1a: Clefable|Helping Hand|p1b: Sneasler\n|-singleturn|p1b: Sneasler|Helping Hand|[of] p1a: Clefable\n|move|p1b: Sneasler|Close Combat|p2a: Farigiraf\n|-damage|p2a: Farigiraf|21/100\n|-unboost|p1b: Sneasler|def|1\n|-unboost|p1b: Sneasler|spd|1\n|move|p2a: Farigiraf|Trick Room|p2a: Farigiraf\n|-fieldstart|move: Trick Room|[of] p2a: Farigiraf\n|\n|-weather|RainDance|[upkeep]\n|upkeep\n|turn|3\n|\n|t:|1776197429\n|move|p1a: Clefable|Follow Me|p1a: Clefable\n|-singleturn|p1a: Clefable|move: Follow Me\n|move|p2a: Farigiraf|Psychic|p1a: Clefable\n|-damage|p1a: Clefable|67/100\n|move|p2b: Politoed|Muddy Water|p1b: Sneasler|[spread] p1a,p1b\n|-damage|p1a: Clefable|36/100\n|-damage|p1b: Sneasler|26/100\n|-unboost|p1a: Clefable|accuracy|1\n|-enditem|p1a: Clefable|Sitrus Berry|[eat]\n|-heal|p1a: Clefable|60/100|[from] item: Sitrus Berry\n|move|p1b: Sneasler|Close Combat|p2b: Politoed\n|-damage|p2b: Politoed|50/100\n|-unboost|p1b: Sneasler|def|1\n|-unboost|p1b: Sneasler|spd|1\n|\n|-weather|RainDance|[upkeep]\n|-heal|p2b: Politoed|56/100|[from] item: Leftovers\n|upkeep\n|turn|4\n|\n|t:|1776197454\n|move|p1b: Sneasler|Protect|p1b: Sneasler\n|-singleturn|p1b: Sneasler|Protect\n|move|p2a: Farigiraf|Psychic|p1b: Sneasler\n|-activate|p1b: Sneasler|move: Protect\n|move|p1a: Clefable|Moonblast|p2a: Farigiraf\n|-damage|p2a: Farigiraf|0 fnt\n|faint|p2a: Farigiraf\n|move|p2b: Politoed|Muddy Water|p1a: Clefable|[spread] p1a\n|-activate|p1b: Sneasler|move: Protect\n|-damage|p1a: Clefable|29/100\n|\n|-weather|RainDance|[upkeep]\n|-heal|p2b: Politoed|62/100|[from] item: Leftovers\n|upkeep\n|\n|t:|1776197461\n|switch|p2a: Ampharos|Ampharos, L50, M|100/100\n|turn|5\n|\n|t:|1776197482\n|detailschange|p2a: Ampharos|Ampharos-Mega, L50, M\n|-mega|p2a: Ampharos|Ampharos|Ampharosite\n|-ability|p2a: Ampharos|Mold Breaker\n|move|p2a: Ampharos|Dazzling Gleam|p1a: Clefable|[spread] p1a,p1b\n|-damage|p1a: Clefable|4/100\n|-damage|p1b: Sneasler|0 fnt\n|faint|p1b: Sneasler\n|move|p1a: Clefable|Moonblast|p2b: Politoed\n|-damage|p2b: Politoed|33/100\n|move|p2b: Politoed|Muddy Water|p1a: Clefable\n|-damage|p1a: Clefable|0 fnt\n|faint|p1a: Clefable\n|\n|-weather|RainDance|[upkeep]\n|-heal|p2b: Politoed|39/100|[from] item: Leftovers\n|upkeep\n|\n|t:|1776197496\n|switch|p1b: Delphox|Delphox, L50, M|100/100\n|turn|6\n|\n|t:|1776197505\n|move|p1b: Delphox|Protect|p1b: Delphox\n|-singleturn|p1b: Delphox|Protect\n|move|p2a: Ampharos|Thunder|p1b: Delphox\n|-activate|p1b: Delphox|move: Protect\n|move|p2b: Politoed|Perish Song|p2b: Politoed\n|-start|p1b: Delphox|perish3|[silent]\n|-start|p2a: Ampharos|perish3|[silent]\n|-start|p2b: Politoed|perish3|[silent]\n|-fieldactivate|move: Perish Song\n|\n|-weather|none\n|-heal|p2b: Politoed|45/100|[from] item: Leftovers\n|-start|p2a: Ampharos|perish3\n|-start|p2b: Politoed|perish3\n|-start|p1b: Delphox|perish3\n|-fieldend|move: Trick Room\n|upkeep\n|turn|7\n|c|\u2606Viijohnny07|Gg\n|\n|t:|1776197525\n|detailschange|p1b: Delphox|Delphox-Mega, L50, M\n|-mega|p1b: Delphox|Delphox|Delphoxite\n|move|p2a: Ampharos|Protect|p2a: Ampharos\n|-singleturn|p2a: Ampharos|Protect\n|move|p1b: Delphox|Psychic|p2b: Politoed\n|-damage|p2b: Politoed|0 fnt\n|faint|p2b: Politoed\n|\n|-start|p1b: Delphox|perish2\n|-start|p2a: Ampharos|perish2\n|upkeep\n|\n|t:|1776197528\n|switch|p2b: Machamp|Machamp, L50, M|100/100\n|turn|8\n|\n|t:|1776197541\n|move|p1b: Delphox|Psychic|p2b: Machamp\n|-supereffective|p2b: Machamp|1\n|-damage|p2b: Machamp|0 fnt\n|faint|p2b: Machamp\n|move|p2a: Ampharos|Dragon Pulse|p1b: Delphox\n|-damage|p1b: Delphox|40/100\n|\n|-start|p1b: Delphox|perish1\n|-start|p2a: Ampharos|perish1\n|upkeep\n|turn|9\n|\n|t:|1776197552\n|move|p1b: Delphox|Protect|p1b: Delphox\n|-singleturn|p1b: Delphox|Protect\n|move|p2a: Ampharos|Protect||[still]\n|-fail|p2a: Ampharos\n|\n|-start|p1b: Delphox|perish0\n|-start|p2a: Ampharos|perish0\n|faint|p1b: Delphox\n|faint|p2a: Ampharos\n|\n|win|Viijohnny07\n|raw|LILSCOTTY11's rating: 1085 &rarr; <strong>1065</strong><br />(-20 for losing)\n|raw|Viijohnny07's rating: 1129 &rarr; <strong>1151</strong><br />(+22 for winning)\n|c|\u2606LILSCOTTY11|GG\n|l|\u2606LILSCOTTY11\n|player|p1|\n",
  "uploadtime": 1776197595,
  "views": 26,
  "formatid": "gen9championsvgc2026regma",
  "rating": 1065,
  "private": 0,
  "password": null
}