{
  "id": "gen9championsvgc2026regma-2587620266",
  "format": "[Gen 9 Champions] VGC 2026 Reg M-A",
  "players": [
    "akramdznl",
    "haderec"
  ],
  "log": "|j|\u2606akramdznl\n|j|\u2606haderec\n|t:|1776547627\n|gametype|doubles\n|player|p1|akramdznl|backers|1005\n|player|p2|haderec|102|1000\n|gen|9\n|tier|[Gen 9 Champions] VGC 2026 Reg M-A\n|rated|\n|rule|Species Clause: Limit one of each Pok\u00e9mon\n|rule|Item Clause: Limit 1 of each item\n|clearpoke\n|poke|p1|Pelipper, L50, M|\n|poke|p1|Dragonite, L50, M|\n|poke|p1|Archaludon, L50, F|\n|poke|p1|Basculegion, L50, M|\n|poke|p1|Sinistcha, L50|\n|poke|p1|Incineroar, L50, M|\n|poke|p2|Charizard, L50, M|\n|poke|p2|Arcanine-Hisui, L50, F|\n|poke|p2|Dragonite, L50, M|\n|poke|p2|Gengar, L50, F|\n|poke|p2|Blastoise, L50, M|\n|poke|p2|Greninja, L50, F|\n|teampreview|4\n|\n|t:|1776547641\n|teamsize|p1|4\n|teamsize|p2|4\n|start\n|switch|p1a: ability slave|Pelipper, L50, M|100/100\n|switch|p1b: tower|Archaludon, L50, F|100/100\n|switch|p2a: Dragonite|Dragonite, L50, M|100/100\n|switch|p2b: Arcanine|Arcanine-Hisui, L50, F|100/100\n|-weather|RainDance|[from] ability: Drizzle|[of] p1a: ability slave\n|turn|1\n|\n|t:|1776547665\n|move|p1b: tower|Protect|p1b: tower\n|-singleturn|p1b: tower|Protect\n|move|p1a: ability slave|Weather Ball|p2b: Arcanine\n|-supereffective|p2b: Arcanine|2\n|-damage|p2b: Arcanine|0 fnt\n|faint|p2b: Arcanine\n|move|p2a: Dragonite|Body Press|p1a: ability slave\n|-resisted|p1a: ability slave|1\n|-damage|p1a: ability slave|86/100\n|\n|-weather|RainDance|[upkeep]\n|upkeep\n|\n|t:|1776547677\n|switch|p2b: Charizard|Charizard, L50, M|100/100\n|turn|2\n|\n|t:|1776547688\n|move|p2a: Dragonite|Aqua Jet|p1a: ability slave\n|-resisted|p1a: ability slave|1\n|-damage|p1a: ability slave|75/100\n|move|p2b: Charizard|Double-Edge|p1a: ability slave\n|-damage|p1a: ability slave|34/100\n|-damage|p2b: Charizard|91/100|[from] Recoil\n|move|p1a: ability slave|Tailwind|p1a: ability slave\n|-sidestart|p1: akramdznl|move: Tailwind\n|move|p1b: tower|Electro Shot||[still]\n|-prepare|p1b: tower|Electro Shot\n|-boost|p1b: tower|spa|1\n|-anim|p1b: tower|Electro Shot|p2b: Charizard\n|-supereffective|p2b: Charizard|1\n|-damage|p2b: Charizard|0 fnt\n|faint|p2b: Charizard\n|\n|-weather|RainDance|[upkeep]\n|upkeep\n|inactive|Battle timer is ON: inactive players will automatically lose when time's up. (requested by akramdznl)\n|inactive|haderec has 60 seconds left.\n|inactive|haderec has 30 seconds left.\n|inactive|haderec has 20 seconds left.\n|inactive|haderec has 15 seconds left.\n|inactive|haderec has 10 seconds left.\n|inactive|haderec has 5 seconds left.\n|\n|t:|1776547804\n|switch|p2b: Gengar|Gengar, L50, F|100/100\n|turn|3\n|c|\u2606akramdznl|ihate you\n|inactive|akramdznl has 30 seconds left.\n|inactive|haderec has 30 seconds left.\n|inactive|haderec has 20 seconds left.\n|inactive|haderec has 15 seconds left.\n|inactive|haderec has 10 seconds left.\n|inactive|haderec has 5 seconds left.\n|\n|t:|1776547859\n|move|p1a: ability slave|Protect|p1a: ability slave\n|-singleturn|p1a: ability slave|Protect\n|move|p2a: Dragonite|Aqua Jet|p1b: tower\n|-resisted|p1b: tower|1\n|-damage|p1b: tower|93/100\n|-ability|p1b: tower|Stamina|boost\n|-boost|p1b: tower|def|1\n|move|p1b: tower|Draco Meteor|p2a: Dragonite|[miss]\n|-miss|p1b: tower|p2a: Dragonite\n|move|p2b: Gengar|Dazzling Gleam|p1a: ability slave|[spread] p1b\n|-activate|p1a: ability slave|move: Protect\n|-damage|p1b: tower|67/100\n|-ability|p1b: tower|Stamina|boost\n|-boost|p1b: tower|def|1\n|\n|-weather|RainDance|[upkeep]\n|-heal|p1b: tower|73/100|[from] item: Leftovers\n|upkeep\n|turn|4\n|inactive|akramdznl has 30 seconds left.\n|inactive|haderec has 30 seconds left.\n|inactive|haderec has 20 seconds left.\n|inactive|haderec has 15 seconds left.\n|inactive|haderec has 10 seconds left.\n|inactive|haderec has 5 seconds left.\n|\n|t:|1776547914\n|move|p2a: Dragonite|Aqua Jet|p1b: tower\n|-resisted|p1b: tower|1\n|-damage|p1b: tower|68/100\n|-ability|p1b: tower|Stamina|boost\n|-boost|p1b: tower|def|1\n|move|p1a: ability slave|Hurricane|p2b: Gengar\n|-damage|p2b: Gengar|35/100\n|move|p1b: tower|Electro Shot||[still]\n|-prepare|p1b: tower|Electro Shot\n|-boost|p1b: tower|spa|1\n|-anim|p1b: tower|Electro Shot|p2a: Dragonite\n|-damage|p2a: Dragonite|63/100\n|move|p2b: Gengar|Dazzling Gleam|p1b: tower|[spread] p1a,p1b\n|-damage|p1a: ability slave|3/100\n|-damage|p1b: tower|42/100\n|-ability|p1b: tower|Stamina|boost\n|-boost|p1b: tower|def|1\n|\n|-weather|RainDance|[upkeep]\n|-heal|p1b: tower|48/100|[from] item: Leftovers\n|upkeep\n|turn|5\n|c|\u2606akramdznl|stop wasting my time ni_____\n|inactive|akramdznl has 30 seconds left.\n|inactive|haderec has 30 seconds left.\n|inactive|haderec has 20 seconds left.\n|inactive|haderec has 15 seconds left.\n|inactive|haderec has 10 seconds left.\n|inactive|haderec has 5 seconds left.\n|c|\u2606akramdznl|ANNOYING NI%GGER\n|\n|t:|1776547969\n|switch|p1a: scary cat|Incineroar, L50, M|100/100\n|-ability|p1a: scary cat|Intimidate|boost\n|-unboost|p2a: Dragonite|atk|1\n|-unboost|p2b: Gengar|atk|1\n|move|p2a: Dragonite|Aqua Jet|p1a: scary cat\n|-supereffective|p1a: scary cat|1\n|-damage|p1a: scary cat|79/100\n|move|p1b: tower|Flash Cannon|p2b: Gengar\n|-damage|p2b: Gengar|0 fnt\n|faint|p2b: Gengar\n|\n|-weather|none\n|-heal|p1b: tower|54/100|[from] item: Leftovers\n|-sideend|p1: akramdznl|move: Tailwind\n|upkeep\n|turn|6\n|inactive|haderec has 30 seconds left.\n|inactive|haderec has 20 seconds left.\n|inactive|haderec has 15 seconds left.\n|inactive|haderec has 10 seconds left.\n|inactive|haderec has 5 seconds left.\n|\n|t:|1776548024\n|move|p1a: scary cat|Fake Out|p2a: Dragonite\n|-damage|p2a: Dragonite|51/100\n|cant|p2a: Dragonite|flinch\n|move|p1b: tower|Electro Shot||[still]\n|-prepare|p1b: tower|Electro Shot\n|-boost|p1b: tower|spa|1\n|\n|-heal|p1b: tower|60/100|[from] item: Leftovers\n|upkeep\n|turn|7\n|inactive|haderec has 30 seconds left.\n|c|\u2606akramdznl|nagger\n|inactive|haderec has 20 seconds left.\n|inactive|haderec has 15 seconds left.\n|inactive|haderec has 10 seconds left.\n|c|\u2606akramdznl|N%IGGER\n|inactive|haderec has 5 seconds left.\n|\n|t:|1776548079\n|switch|p1a: ability slave|Pelipper, L50, M|3/100\n|-weather|RainDance|[from] ability: Drizzle|[of] p1a: ability slave\n|move|p2a: Dragonite|Aqua Jet|p1a: ability slave\n|-resisted|p1a: ability slave|1\n|-damage|p1a: ability slave|0 fnt\n|faint|p1a: ability slave\n|move|p1b: tower|Electro Shot|p2a: Dragonite|[from] lockedmove\n|-damage|p2a: Dragonite|0 fnt\n|faint|p2a: Dragonite\n|\n|win|akramdznl\n",
  "uploadtime": 1776547969,
  "views": 9,
  "formatid": "gen9championsvgc2026regma",
  "rating": null,
  "private": 0,
  "password": null
}