{
  "id": "gen9championsvgc2026regma-2580785461",
  "format": "[Gen 9 Champions] VGC 2026 Reg M-A",
  "players": [
    "kingcoleman",
    "atfalse"
  ],
  "log": "|j|\u2606kingcoleman\n|j|\u2606atfalse\n|t:|1775932306\n|gametype|doubles\n|player|p1|kingcoleman|miku-water|1260\n|player|p2|atfalse|shadowtriad|1259\n|gen|9\n|tier|[Gen 9 Champions] VGC 2026 Reg M-A\n|rated|\n|rule|Species Clause: Limit one of each Pok\u00e9mon\n|rule|Item Clause: Limit 1 of each item\n|clearpoke\n|poke|p1|Whimsicott, L50, M|\n|poke|p1|Volcarona, L50, M|\n|poke|p1|Skarmory, L50, M|\n|poke|p1|Sneasler, L50, M|\n|poke|p1|Kingambit, L50, M|\n|poke|p1|Primarina, L50, M|\n|poke|p2|Maushold, L50|\n|poke|p2|Garchomp, L50, F|\n|poke|p2|Rotom-Wash, L50|\n|poke|p2|Floette-Eternal, L50, F|\n|poke|p2|Talonflame, L50, M|\n|poke|p2|Aegislash, L50, F|\n|teampreview|4\n|j| soapeggs\n|\n|t:|1775932366\n|teamsize|p1|4\n|teamsize|p2|4\n|start\n|switch|p1a: Whimsicott|Whimsicott, L50, M|100/100\n|switch|p1b: Skarmory|Skarmory, L50, M|100/100\n|switch|p2a: Floette|Floette-Eternal, L50, F|100/100\n|switch|p2b: Maushold|Maushold, L50|100/100\n|turn|1\n|c| soapeggs|the one use case where stalwart actually comes handy\n|j| icefang001\n|\n|t:|1775932435\n|switch|p2b: Talonflame|Talonflame, L50, M|100/100\n|switch|p2a: Rotom|Rotom-Wash, L50|100/100\n|detailschange|p1b: Skarmory|Skarmory-Mega, L50, M\n|-mega|p1b: Skarmory|Skarmory|Skarmorite\n|move|p1a: Whimsicott|Tailwind|p1a: Whimsicott\n|-sidestart|p1: kingcoleman|move: Tailwind\n|move|p1b: Skarmory|Iron Head|p2a: Rotom\n|-resisted|p2a: Rotom|2\n|-damage|p2a: Rotom|88/100\n|\n|upkeep\n|turn|2\n|\n|t:|1775932479\n|move|p2b: Talonflame|Tailwind|p2b: Talonflame\n|-sidestart|p2: atfalse|move: Tailwind\n|move|p1a: Whimsicott|Energy Ball|p2a: Rotom\n|-supereffective|p2a: Rotom|1\n|-damage|p2a: Rotom|18/100\n|-enditem|p2a: Rotom|Sitrus Berry|[eat]\n|-heal|p2a: Rotom|43/100|[from] item: Sitrus Berry\n|move|p1b: Skarmory|Rock Slide|p2b: Talonflame|[spread] p2a,p2b\n|-supereffective|p2b: Talonflame|2\n|-damage|p2a: Rotom|23/100\n|-damage|p2b: Talonflame|0 fnt\n|faint|p2b: Talonflame\n|move|p2a: Rotom|Thunderbolt|p1b: Skarmory\n|-supereffective|p1b: Skarmory|1\n|-damage|p1b: Skarmory|0 fnt\n|faint|p1b: Skarmory\n|\n|upkeep\n|\n|t:|1775932498\n|switch|p2b: Floette|Floette-Eternal, L50, F|100/100\n|switch|p1b: Kingambit|Kingambit, L50, M|100/100\n|turn|3\n|\n|t:|1775932518\n|detailschange|p2b: Floette|Floette-Mega, L50, F\n|-mega|p2b: Floette|Floette|Floettite\n|-ability|p2b: Floette|Fairy Aura\n|move|p2a: Rotom|Helping Hand|p2b: Floette\n|-singleturn|p2b: Floette|Helping Hand|[of] p2a: Rotom\n|move|p1a: Whimsicott|Moonblast|p2a: Rotom\n|-crit|p2a: Rotom\n|-damage|p2a: Rotom|0 fnt\n|faint|p2a: Rotom\n|move|p2b: Floette|Moonblast|p1b: Kingambit\n|-damage|p1b: Kingambit|0 fnt\n|faint|p1b: Kingambit\n|\n|upkeep\n|\n|t:|1775932537\n|switch|p2a: Maushold|Maushold, L50|100/100\n|switch|p1b: Primarina|Primarina, L50, M|100/100\n|turn|4\n|\n|t:|1775932576\n|move|p1a: Whimsicott|Moonblast|p2b: Floette\n|-damage|p2b: Floette|78/100\n|-unboost|p2b: Floette|spa|1\n|move|p2a: Maushold|Super Fang|p1a: Whimsicott\n|-damage|p1a: Whimsicott|51/100\n|move|p2b: Floette|Dazzling Gleam|p1a: Whimsicott|[spread] p1a,p1b\n|-damage|p1a: Whimsicott|0 fnt\n|-damage|p1b: Primarina|72/100\n|faint|p1a: Whimsicott\n|move|p1b: Primarina|Hyper Voice|p2a: Maushold|[spread] p2a,p2b\n|-damage|p2a: Maushold|57/100\n|-damage|p2b: Floette|58/100\n|\n|-sideend|p1: kingcoleman|move: Tailwind\n|upkeep\n|turn|5\n|l| soapeggs\n|\n|t:|1775932598\n|move|p2a: Maushold|Super Fang|p1b: Primarina\n|-damage|p1b: Primarina|37/100\n|-enditem|p1b: Primarina|Sitrus Berry|[eat]\n|-heal|p1b: Primarina|61/100|[from] item: Sitrus Berry\n|move|p2b: Floette|Moonblast|p1b: Primarina\n|-damage|p1b: Primarina|18/100\n|move|p1b: Primarina|Moonblast|p2b: Floette\n|-damage|p2b: Floette|20/100\n|\n|-sideend|p2: atfalse|move: Tailwind\n|upkeep\n|turn|6\n|\n|t:|1775932612\n|move|p2a: Maushold|Follow Me|p2a: Maushold\n|-singleturn|p2a: Maushold|move: Follow Me\n|move|p2b: Floette|Moonblast|p1b: Primarina\n|-damage|p1b: Primarina|0 fnt\n|faint|p1b: Primarina\n|\n|win|atfalse\n|raw|kingcoleman's rating: 1260 &rarr; <strong>1235</strong><br />(-25 for losing)\n|raw|atfalse's rating: 1259 &rarr; <strong>1284</strong><br />(+25 for winning)\n|l|\u2606atfalse\n|player|p2|\n|l|\u2606kingcoleman\n|player|p1|\n",
  "uploadtime": 1775932639,
  "views": 67,
  "formatid": "gen9championsvgc2026regma",
  "rating": 1235,
  "private": 0,
  "password": null
}