{
  "id": "gen9championsvgc2026regma-2588462853",
  "format": "[Gen 9 Champions] VGC 2026 Reg M-A",
  "players": [
    "central_executive",
    "sdlt 2krl coolguy"
  ],
  "log": "|raw|<div class=\"broadcast-blue\"><strong>This battle is required to be public due to a player having a name starting with 'sdlt'.</div>\n|j|\u2606central_executive\n|j|\u2606sdlt 2krl coolguy\n|t:|1776635703\n|gametype|doubles\n|player|p1|central_executive|170|1187\n|player|p2|sdlt 2krl coolguy|leon-masters2|1269\n|gen|9\n|tier|[Gen 9 Champions] VGC 2026 Reg M-A\n|rated|\n|rule|Species Clause: Limit one of each Pok\u00e9mon\n|rule|Item Clause: Limit 1 of each item\n|clearpoke\n|poke|p1|Floette-Eternal, L50, F|\n|poke|p1|Talonflame, L50, F, shiny|\n|poke|p1|Garchomp, L50, F|\n|poke|p1|Maushold-Four, L50|\n|poke|p1|Aegislash, L50, F|\n|poke|p1|Rotom-Wash, L50|\n|poke|p2|Floette-Eternal, L50, F|\n|poke|p2|Incineroar, L50, M|\n|poke|p2|Sinistcha, L50|\n|poke|p2|Garchomp, L50, F|\n|poke|p2|Sneasler, L50, F|\n|poke|p2|Kingambit, L50, F|\n|teampreview|4\n|inactive|Battle timer is ON: inactive players will automatically lose when time's up. (requested by sdlt 2krl coolguy)\n|inactive|central_executive has 60 seconds left.\n|inactive|central_executive has 30 seconds left.\n|\n|t:|1776635767\n|teamsize|p1|4\n|teamsize|p2|4\n|start\n|switch|p1a: Garchomp|Garchomp, L50, F|100/100\n|switch|p1b: Talonflame|Talonflame, L50, F, shiny|100/100\n|switch|p2a: Sneasler|Sneasler, L50, F|100/100\n|switch|p2b: Garchomp|Garchomp, L50, F|100/100\n|turn|1\n|\n|t:|1776635781\n|move|p2a: Sneasler|Fake Out|p1b: Talonflame\n|-crit|p1b: Talonflame\n|-damage|p1b: Talonflame|70/100\n|move|p1a: Garchomp|Earthquake|p2b: Garchomp|[spread] p2a,p2b\n|-immune|p1b: Talonflame\n|-supereffective|p2a: Sneasler|1\n|-damage|p2a: Sneasler|0 fnt\n|-damage|p2b: Garchomp|61/100\n|faint|p2a: Sneasler\n|cant|p1b: Talonflame|flinch\n|move|p2b: Garchomp|Rock Slide|p1b: Talonflame|[spread] p1a\n|-miss|p2b: Garchomp|p1b: Talonflame\n|-resisted|p1a: Garchomp|1\n|-damage|p1a: Garchomp|90/100\n|\n|upkeep\n|\n|t:|1776635799\n|switch|p2a: Floette|Floette-Eternal, L50, F|100/100\n|turn|2\n|\n|t:|1776635821\n|switch|p1a: Floette|Floette-Eternal, L50, F|100/100\n|detailschange|p2a: Floette|Floette-Mega, L50, F\n|-mega|p2a: Floette|Floette|Floettite\n|-ability|p2a: Floette|Fairy Aura\n|move|p1b: Talonflame|Tailwind|p1b: Talonflame\n|-sidestart|p1: central_executive|move: Tailwind\n|move|p2b: Garchomp|Rock Slide|p1a: Floette|[spread] p1a,p1b\n|-crit|p1a: Floette\n|-supereffective|p1b: Talonflame|2\n|-damage|p1a: Floette|62/100\n|-damage|p1b: Talonflame|0 fnt\n|faint|p1b: Talonflame\n|move|p2a: Floette|Dazzling Gleam|p1a: Floette\n|-damage|p1a: Floette|5/100\n|\n|upkeep\n|\n|t:|1776635840\n|switch|p1b: Garchomp|Garchomp, L50, F|90/100\n|turn|3\n|\n|t:|1776635852\n|detailschange|p1a: Floette|Floette-Mega, L50, F\n|-mega|p1a: Floette|Floette|Floettite\n|-ability|p1a: Floette|Fairy Aura\n|move|p2b: Garchomp|Protect|p2b: Garchomp\n|-singleturn|p2b: Garchomp|Protect\n|move|p1b: Garchomp|Stomping Tantrum|p2a: Floette\n|-damage|p2a: Floette|61/100\n|move|p1a: Floette|Dazzling Gleam|p2a: Floette|[spread] p2a\n|-activate|p2b: Garchomp|move: Protect\n|-damage|p2a: Floette|29/100\n|move|p2a: Floette|Dazzling Gleam|p1b: Garchomp|[spread] p1a,p1b\n|-supereffective|p1b: Garchomp|1\n|-damage|p1a: Floette|0 fnt\n|-damage|p1b: Garchomp|0 fnt\n|faint|p1a: Floette\n|faint|p1b: Garchomp\n|\n|upkeep\n|\n|t:|1776635871\n|switch|p1b: Rotom|Rotom-Wash, L50|100/100\n|turn|4\n|\n|t:|1776635887\n|move|p1b: Rotom|Thunderbolt|p2a: Floette\n|-damage|p2a: Floette|0 fnt\n|faint|p2a: Floette\n|move|p2b: Garchomp|Dragon Claw|p1b: Rotom\n|-damage|p1b: Rotom|51/100\n|\n|upkeep\n|\n|t:|1776635901\n|switch|p2a: Kingambit|Kingambit, L50, F|100/100\n|turn|5\n|\n|t:|1776635911\n|move|p1b: Rotom|Hydro Pump|p2b: Garchomp\n|-damage|p2b: Garchomp|2/100\n|move|p2b: Garchomp|Dragon Claw|p1b: Rotom\n|-damage|p1b: Rotom|8/100\n|-enditem|p1b: Rotom|Sitrus Berry|[eat]\n|-heal|p1b: Rotom|33/100|[from] item: Sitrus Berry\n|move|p2a: Kingambit|Kowtow Cleave|p1b: Rotom\n|-damage|p1b: Rotom|0 fnt\n|faint|p1b: Rotom\n|\n|win|sdlt 2krl coolguy\n|raw|central_executive's rating: 1187 &rarr; <strong>1168</strong><br />(-19 for losing)\n|raw|sdlt 2krl coolguy's rating: 1269 &rarr; <strong>1288</strong><br />(+19 for winning)\n",
  "uploadtime": 1776635911,
  "views": 11,
  "formatid": "gen9championsvgc2026regma",
  "rating": 1168,
  "private": 0,
  "password": null
}