{
  "id": "gen9championsvgc2026regma-2581889567",
  "format": "[Gen 9 Champions] VGC 2026 Reg M-A",
  "players": [
    "Unsuspecting Dude",
    "A5h3r"
  ],
  "log": "|j|\u2606Unsuspecting Dude\n|j|\u2606A5h3r\n|t:|1776037056\n|gametype|doubles\n|player|p1|Unsuspecting Dude|larry|1109\n|player|p2|A5h3r|alder|1165\n|gen|9\n|tier|[Gen 9 Champions] VGC 2026 Reg M-A\n|rated|\n|rule|Species Clause: Limit one of each Pok\u00e9mon\n|rule|Item Clause: Limit 1 of each item\n|clearpoke\n|poke|p1|Starmie, L50|\n|poke|p1|Tyranitar, L50, M|\n|poke|p1|Garchomp, L50, F|\n|poke|p1|Aegislash, L50, F|\n|poke|p1|Sinistcha, L50|\n|poke|p1|Dragapult, L50, M|\n|poke|p2|Froslass, L50, F|\n|poke|p2|Sneasler, L50, M|\n|poke|p2|Rotom-Wash, L50|\n|poke|p2|Sinistcha-Masterpiece, L50|\n|poke|p2|Garchomp, L50, M|\n|poke|p2|Incineroar, L50, M|\n|teampreview|4\n|c|\u2606A5h3r|glhf\n|inactive|Battle timer is ON: inactive players will automatically lose when time's up. (requested by Unsuspecting Dude)\n|\n|t:|1776037094\n|teamsize|p1|4\n|teamsize|p2|4\n|start\n|switch|p1a: Starmie|Starmie, L50|100/100\n|switch|p1b: Tyranitar|Tyranitar, L50, M|100/100\n|switch|p2a: Incineroar|Incineroar, L50, M|100/100\n|switch|p2b: Rotom|Rotom-Wash, L50, shiny|100/100\n|-weather|Sandstorm|[from] ability: Sand Stream|[of] p1b: Tyranitar\n|-ability|p2a: Incineroar|Intimidate|boost\n|-unboost|p1a: Starmie|atk|1\n|-unboost|p1b: Tyranitar|atk|1\n|turn|1\n|\n|t:|1776037110\n|detailschange|p1a: Starmie|Starmie-Mega, L50\n|-mega|p1a: Starmie|Starmie|Starminite\n|move|p1a: Starmie|Protect|p1a: Starmie\n|-singleturn|p1a: Starmie|Protect\n|move|p2a: Incineroar|Fake Out|p1a: Starmie\n|-activate|p1a: Starmie|move: Protect\n|move|p1b: Tyranitar|Rock Slide|p2a: Incineroar|[spread] p2a,p2b\n|-supereffective|p2a: Incineroar|1\n|-damage|p2a: Incineroar|62/100\n|-damage|p2b: Rotom|81/100\n|move|p2b: Rotom|Electroweb|p1a: Starmie|[spread] p1b\n|-activate|p1a: Starmie|move: Protect\n|-crit|p1b: Tyranitar\n|-damage|p1b: Tyranitar|81/100\n|-unboost|p1b: Tyranitar|spe|1\n|\n|-weather|Sandstorm|[upkeep]\n|-damage|p1a: Starmie|95/100|[from] Sandstorm\n|-damage|p2b: Rotom|76/100|[from] Sandstorm\n|-damage|p2a: Incineroar|56/100|[from] Sandstorm\n|upkeep\n|turn|2\n|inactive|A5h3r has 30 seconds left.\n|\n|t:|1776037139\n|move|p1a: Starmie|Skill Swap|p1b: Tyranitar\n|-activate|p1a: Starmie|Skill Swap|||[of] p1b: Tyranitar\n|move|p1b: Tyranitar|Rock Slide|p2b: Rotom|[spread] p2a,p2b\n|-supereffective|p2a: Incineroar|1\n|-damage|p2a: Incineroar|0 fnt\n|-damage|p2b: Rotom|36/100\n|faint|p2a: Incineroar\n|move|p2b: Rotom|Electroweb|p1a: Starmie|[spread] p1a,p1b\n|-supereffective|p1a: Starmie|1\n|-damage|p1a: Starmie|42/100\n|-damage|p1b: Tyranitar|67/100\n|-unboost|p1a: Starmie|spe|1\n|-unboost|p1b: Tyranitar|spe|1\n|\n|-weather|Sandstorm|[upkeep]\n|-damage|p1a: Starmie|36/100|[from] Sandstorm\n|-damage|p2b: Rotom|30/100|[from] Sandstorm\n|upkeep\n|c|\u2606A5h3r|oh cool i think ive seen this strat before\n|inactive|A5h3r has 30 seconds left.\n|c|\u2606A5h3r|wolfe n alpha\n|\n|t:|1776037171\n|switch|p2a: Froslass|Froslass, L50, F|100/100\n|turn|3\n|\n|t:|1776037185\n|detailschange|p2a: Froslass|Froslass-Mega, L50, F\n|-mega|p2a: Froslass|Froslass|Froslassite\n|-weather|Snowscape|[from] ability: Snow Warning|[of] p2a: Froslass\n|move|p2a: Froslass|Protect|p2a: Froslass\n|-singleturn|p2a: Froslass|Protect\n|move|p1a: Starmie|Protect|p1a: Starmie\n|-singleturn|p1a: Starmie|Protect\n|move|p2b: Rotom|Volt Switch|p1a: Starmie\n|-activate|p1a: Starmie|move: Protect\n|move|p1b: Tyranitar|Rock Slide|p2b: Rotom|[spread] p2b\n|-activate|p2a: Froslass|move: Protect\n|-damage|p2b: Rotom|0 fnt\n|faint|p2b: Rotom\n|\n|-weather|Snowscape|[upkeep]\n|upkeep\n|\n|t:|1776037203\n|switch|p2b: Sneasler|Sneasler, L50, M, shiny|100/100\n|turn|4\n|\n|t:|1776037217\n|switch|p1b: Aegislash|Aegislash, L50, F|100/100\n|move|p2b: Sneasler|Close Combat|p1b: Aegislash\n|-immune|p1b: Aegislash\n|move|p2a: Froslass|Shadow Ball|p1a: Starmie\n|-supereffective|p1a: Starmie|1\n|-damage|p1a: Starmie|0 fnt\n|faint|p1a: Starmie\n|\n|-weather|Snowscape|[upkeep]\n|upkeep\n|\n|t:|1776037229\n|switch|p1a: Garchomp|Garchomp, L50, F|100/100\n|turn|5\n|\n|t:|1776037237\n|move|p1b: Aegislash|Wide Guard|p1b: Aegislash\n|-singleturn|p1b: Aegislash|Wide Guard\n|move|p2a: Froslass|Blizzard|p1b: Aegislash|[spread] \n|-activate|p1a: Garchomp|move: Wide Guard\n|-activate|p1b: Aegislash|move: Wide Guard\n|move|p2b: Sneasler|Throat Chop|p1b: Aegislash\n|-supereffective|p1b: Aegislash|1\n|-damage|p1b: Aegislash|55/100\n|-start|p1b: Aegislash|Throat Chop|[silent]\n|move|p1a: Garchomp|Earthquake|p2b: Sneasler|[spread] p2a,p2b\n|-activate|p1b: Aegislash|move: Wide Guard\n|-supereffective|p2b: Sneasler|1\n|-damage|p2a: Froslass|64/100\n|-damage|p2b: Sneasler|0 fnt\n|faint|p2b: Sneasler\n|\n|-weather|Snowscape|[upkeep]\n|upkeep\n|turn|6\n|\n|t:|1776037252\n|move|p2a: Froslass|Aurora Veil|p2a: Froslass\n|-sidestart|p2: A5h3r|move: Aurora Veil\n|move|p1a: Garchomp|Iron Head|p2a: Froslass\n|-supereffective|p2a: Froslass|1\n|-damage|p2a: Froslass|29/100\n|-formechange|p1b: Aegislash|Aegislash-Blade|\n|move|p1b: Aegislash|Flash Cannon|p2a: Froslass\n|-supereffective|p2a: Froslass|1\n|-damage|p2a: Froslass|0 fnt\n|faint|p2a: Froslass\n|\n|win|Unsuspecting Dude\n|raw|Unsuspecting Dude's rating: 1109 &rarr; <strong>1138</strong><br />(+29 for winning)\n|raw|A5h3r's rating: 1165 &rarr; <strong>1136</strong><br />(-29 for losing)\n|l|\u2606Unsuspecting Dude\n|player|p1|\n|c|\u2606A5h3r|ggwp\n",
  "uploadtime": 1776037269,
  "views": 33,
  "formatid": "gen9championsvgc2026regma",
  "rating": 1136,
  "private": 0,
  "password": null
}