{
  "id": "gen9championsvgc2026regma-2588324637",
  "format": "[Gen 9 Champions] VGC 2026 Reg M-A",
  "players": [
    "Avoertioloko5",
    "SunTufo"
  ],
  "log": "|j|\u2606Avoertioloko5\n|j|\u2606SunTufo\n|t:|1776624184\n|gametype|doubles\n|player|p1|Avoertioloko5|shadowtriad|1396\n|player|p2|SunTufo|li|1470\n|gen|9\n|tier|[Gen 9 Champions] VGC 2026 Reg M-A\n|rated|\n|rule|Species Clause: Limit one of each Pok\u00e9mon\n|rule|Item Clause: Limit 1 of each item\n|clearpoke\n|poke|p1|Gardevoir, L50, F, shiny|\n|poke|p1|Kingambit, L50, M, shiny|\n|poke|p1|Maushold-Four, L50|\n|poke|p1|Basculegion, L50, M, shiny|\n|poke|p1|Talonflame, L50, F|\n|poke|p1|Garchomp, L50, M|\n|poke|p2|Delphox, L50, M, shiny|\n|poke|p2|Aerodactyl, L50, M, shiny|\n|poke|p2|Sneasler, L50, M|\n|poke|p2|Tsareena, L50, F, shiny|\n|poke|p2|Milotic, L50, F, shiny|\n|poke|p2|Garchomp, L50, F|\n|teampreview|4\n|inactive|Battle timer is ON: inactive players will automatically lose when time's up. (requested by SunTufo)\n|inactive|Avoertioloko5 has 60 seconds left.\n|\n|t:|1776624217\n|teamsize|p1|4\n|teamsize|p2|4\n|start\n|switch|p1a: Basculegion|Basculegion, L50, M, shiny|100/100\n|switch|p1b: Talonflame|Talonflame, L50, F|100/100\n|switch|p2a: Aerodactyl|Aerodactyl, L50, M, shiny|100/100\n|switch|p2b: Sneasler|Sneasler, L50, M|100/100\n|-ability|p2a: Aerodactyl|Unnerve\n|turn|1\n|\n|t:|1776624229\n|detailschange|p2a: Aerodactyl|Aerodactyl-Mega, L50, M, shiny\n|-mega|p2a: Aerodactyl|Aerodactyl|Aerodactylite\n|move|p1b: Talonflame|Protect|p1b: Talonflame\n|-singleturn|p1b: Talonflame|Protect\n|move|p1a: Basculegion|Protect|p1a: Basculegion\n|-singleturn|p1a: Basculegion|Protect\n|move|p2b: Sneasler|Fake Out|p1b: Talonflame\n|-activate|p1b: Talonflame|move: Protect\n|move|p2a: Aerodactyl|Tailwind|p2a: Aerodactyl\n|-sidestart|p2: SunTufo|move: Tailwind\n|\n|upkeep\n|turn|2\n|\n|t:|1776624248\n|move|p1b: Talonflame|Acrobatics|p2b: Sneasler\n|-supereffective|p2b: Sneasler|1\n|-enditem|p2b: Sneasler|Focus Sash\n|-damage|p2b: Sneasler|1/100\n|move|p1a: Basculegion|Aqua Jet|p2a: Aerodactyl\n|-supereffective|p2a: Aerodactyl|1\n|-damage|p2a: Aerodactyl|24/100\n|move|p2b: Sneasler|Dire Claw|p1a: Basculegion\n|-resisted|p1a: Basculegion|1\n|-damage|p1a: Basculegion|75/100\n|move|p2a: Aerodactyl|Rock Slide|p1b: Talonflame|[spread] p1a,p1b\n|-supereffective|p1b: Talonflame|2\n|-damage|p1a: Basculegion|41/100\n|-damage|p1b: Talonflame|0 fnt\n|-enditem|p1a: Basculegion|Sitrus Berry|[eat]\n|-heal|p1a: Basculegion|65/100|[from] item: Sitrus Berry\n|faint|p1b: Talonflame\n|\n|upkeep\n|\n|t:|1776624263\n|switch|p1b: Garchomp|Garchomp, L50, M|100/100\n|turn|3\n|\n|t:|1776624276\n|switch|p2a: Tsareena|Tsareena, L50, F, shiny|100/100\n|move|p1a: Basculegion|Aqua Jet||[still]\n|cant|p2a: Tsareena|ability: Queenly Majesty|Aqua Jet|[of] p1a: Basculegion\n|move|p2b: Sneasler|Coaching|p2a: Tsareena\n|-boost|p2a: Tsareena|atk|1\n|-boost|p2a: Tsareena|def|1\n|move|p1b: Garchomp|Rock Slide|p2b: Sneasler|[spread] p2b\n|-miss|p1b: Garchomp|p2a: Tsareena\n|-resisted|p2b: Sneasler|1\n|-damage|p2b: Sneasler|0 fnt\n|faint|p2b: Sneasler\n|\n|upkeep\n|\n|t:|1776624288\n|switch|p2b: Aerodactyl|Aerodactyl-Mega, L50, M, shiny|24/100\n|turn|4\n|\n|t:|1776624311\n|move|p2b: Aerodactyl|Protect|p2b: Aerodactyl\n|-singleturn|p2b: Aerodactyl|Protect\n|move|p2a: Tsareena|Power Whip|p1a: Basculegion\n|-supereffective|p1a: Basculegion|1\n|-damage|p1a: Basculegion|0 fnt\n|faint|p1a: Basculegion\n|move|p1b: Garchomp|Rock Slide|p2b: Aerodactyl|[spread] p2a\n|-activate|p2b: Aerodactyl|move: Protect\n|-damage|p2a: Tsareena|84/100\n|\n|-sideend|p2: SunTufo|move: Tailwind\n|upkeep\n|\n|t:|1776624316\n|switch|p1a: Elowen|Gardevoir, L50, F, shiny|100/100\n|turn|5\n|\n|t:|1776624329\n|move|p1a: Elowen|Protect|p1a: Elowen\n|-singleturn|p1a: Elowen|Protect\n|move|p2b: Aerodactyl|Tailwind|p2b: Aerodactyl\n|-sidestart|p2: SunTufo|move: Tailwind\n|move|p2a: Tsareena|Power Whip|p1a: Elowen\n|-activate|p1a: Elowen|move: Protect\n|move|p1b: Garchomp|Rock Slide|p2a: Tsareena|[spread] p2a,p2b\n|-supereffective|p2b: Aerodactyl|1\n|-damage|p2a: Tsareena|69/100\n|-damage|p2b: Aerodactyl|0 fnt\n|faint|p2b: Aerodactyl\n|\n|upkeep\n|\n|t:|1776624332\n|switch|p2b: Milotic|Milotic, L50, F, shiny|100/100\n|turn|6\n|\n|t:|1776624350\n|detailschange|p1a: Elowen|Gardevoir-Mega, L50, F, shiny\n|-mega|p1a: Elowen|Gardevoir|Gardevoirite\n|move|p1b: Garchomp|Protect|p1b: Garchomp\n|-singleturn|p1b: Garchomp|Protect\n|move|p2a: Tsareena|Power Whip|p1a: Elowen\n|-damage|p1a: Elowen|0 fnt\n|faint|p1a: Elowen\n|move|p2b: Milotic|Muddy Water|p1b: Garchomp\n|-activate|p1b: Garchomp|move: Protect\n|\n|upkeep\n|turn|7\n|\n|t:|1776624361\n|move|p2a: Tsareena|Triple Axel|p1b: Garchomp\n|-supereffective|p1b: Garchomp|2\n|-damage|p1b: Garchomp|56/100\n|-damage|p2a: Tsareena|57/100|[from] ability: Rough Skin|[of] p1b: Garchomp\n|-supereffective|p1b: Garchomp|2\n|-damage|p1b: Garchomp|0 fnt\n|-damage|p2a: Tsareena|44/100|[from] ability: Rough Skin|[of] p1b: Garchomp\n|faint|p1b: Garchomp\n|-hitcount|p1: Garchomp|2\n|\n|win|SunTufo\n|raw|Avoertioloko5's rating: 1396 &rarr; <strong>1380</strong><br />(-16 for losing)\n|raw|SunTufo's rating: 1470 &rarr; <strong>1486</strong><br />(+16 for winning)\n",
  "uploadtime": 1776624362,
  "views": 16,
  "formatid": "gen9championsvgc2026regma",
  "rating": 1380,
  "private": 0,
  "password": null
}