{
  "id": "gen9championsvgc2026regma-2586437996",
  "format": "[Gen 9 Champions] VGC 2026 Reg M-A",
  "players": [
    "O Pausanias",
    "MyceliaMocha"
  ],
  "log": "|j|\u2606O Pausanias\n|j|\u2606MyceliaMocha\n|t:|1776434687\n|gametype|doubles\n|player|p1|O Pausanias|az|1220\n|player|p2|MyceliaMocha|bellelba|1321\n|gen|9\n|tier|[Gen 9 Champions] VGC 2026 Reg M-A\n|rated|\n|rule|Species Clause: Limit one of each Pok\u00e9mon\n|rule|Item Clause: Limit 1 of each item\n|clearpoke\n|poke|p1|Gardevoir, L50, F|\n|poke|p1|Charizard, L50, M|\n|poke|p1|Venusaur, L50, M|\n|poke|p1|Milotic, L50, F|\n|poke|p1|Garchomp, L50, F|\n|poke|p1|Incineroar, L50, M|\n|poke|p2|Incineroar, L50, M|\n|poke|p2|Farigiraf, L50, M|\n|poke|p2|Golurk, L50|\n|poke|p2|Sneasler, L50, M|\n|poke|p2|Torkoal, L50, F|\n|poke|p2|Venusaur, L50, M|\n|teampreview|4\n|\n|t:|1776434723\n|teamsize|p1|4\n|teamsize|p2|4\n|start\n|switch|p1a: Charizard|Charizard, L50, M|100/100\n|switch|p1b: Incineroar|Incineroar, L50, M|100/100\n|switch|p2a: Farigiraf|Farigiraf, L50, M|100/100\n|switch|p2b: Incineroar|Incineroar, L50, M|100/100\n|-ability|p2b: Incineroar|Intimidate|boost\n|-unboost|p1a: Charizard|atk|1\n|-unboost|p1b: Incineroar|atk|1\n|-ability|p1b: Incineroar|Intimidate|boost\n|-unboost|p2a: Farigiraf|atk|1\n|-unboost|p2b: Incineroar|atk|1\n|turn|1\n|\n|t:|1776434746\n|detailschange|p1a: Charizard|Charizard-Mega-Y, L50, M\n|-mega|p1a: Charizard|Charizard|Charizardite Y\n|-weather|SunnyDay|[from] ability: Drought|[of] p1a: Charizard\n|move|p2b: Incineroar|Fake Out|p1b: Incineroar\n|-damage|p1b: Incineroar|94/100\n|move|p1a: Charizard|Weather Ball|p2a: Farigiraf\n|-damage|p2a: Farigiraf|22/100\n|-enditem|p2a: Farigiraf|Sitrus Berry|[eat]\n|-heal|p2a: Farigiraf|46/100|[from] item: Sitrus Berry\n|cant|p1b: Incineroar|flinch\n|move|p2a: Farigiraf|Trick Room|p2a: Farigiraf\n|-fieldstart|move: Trick Room|[of] p2a: Farigiraf\n|\n|-weather|SunnyDay|[upkeep]\n|upkeep\n|turn|2\n|\n|t:|1776434769\n|move|p2a: Farigiraf|Hyper Voice|p1b: Incineroar|[spread] p1a,p1b\n|-crit|p1b: Incineroar\n|-damage|p1a: Charizard|71/100\n|-damage|p1b: Incineroar|59/100\n|move|p1b: Incineroar|Throat Chop|p2a: Farigiraf\n|-supereffective|p2a: Farigiraf|1\n|-damage|p2a: Farigiraf|6/100\n|-start|p2a: Farigiraf|Throat Chop|[silent]\n|move|p2b: Incineroar|Parting Shot|p1a: Charizard\n|-unboost|p1a: Charizard|atk|1\n|-unboost|p1a: Charizard|spa|1\n|\n|t:|1776434779\n|switch|p2b: Torkoal|Torkoal, L50, F|100/100|[from] Parting Shot\n|move|p1a: Charizard|Heat Wave|p2b: Torkoal|[spread] p2a,p2b\n|-resisted|p2b: Torkoal|1\n|-damage|p2a: Farigiraf|0 fnt\n|-damage|p2b: Torkoal|74/100\n|faint|p2a: Farigiraf\n|\n|-weather|SunnyDay|[upkeep]\n|upkeep\n|\n|t:|1776434789\n|switch|p2a: Golurk|Golurk, L50|100/100\n|turn|3\n|\n|t:|1776434827\n|detailschange|p2a: Golurk|Golurk-Mega, L50\n|-mega|p2a: Golurk|Golurk|Golurkite\n|move|p2a: Golurk|Protect|p2a: Golurk\n|-singleturn|p2a: Golurk|Protect\n|move|p2b: Torkoal|Eruption|p1a: Charizard|[spread] p1a,p1b\n|-resisted|p1a: Charizard|1\n|-resisted|p1b: Incineroar|1\n|-damage|p1a: Charizard|45/100\n|-damage|p1b: Incineroar|36/100\n|-enditem|p1b: Incineroar|Sitrus Berry|[eat]\n|-heal|p1b: Incineroar|61/100|[from] item: Sitrus Berry\n|move|p1b: Incineroar|Parting Shot|p2a: Golurk\n|-activate|p2a: Golurk|move: Protect\n|move|p1a: Charizard|Solar Beam||[still]\n|-prepare|p1a: Charizard|Solar Beam\n|-anim|p1a: Charizard|Solar Beam|p2a: Golurk\n|-activate|p2a: Golurk|move: Protect\n|\n|-weather|SunnyDay|[upkeep]\n|upkeep\n|turn|4\n|\n|t:|1776434864\n|switch|p1a: Garchomp|Garchomp, L50, F|100/100\n|move|p2b: Torkoal|Weather Ball|p1b: Incineroar\n|-resisted|p1b: Incineroar|1\n|-crit|p1b: Incineroar\n|-damage|p1b: Incineroar|13/100\n|move|p2a: Golurk|Ice Punch|p1a: Garchomp\n|-supereffective|p1a: Garchomp|2\n|-enditem|p1a: Garchomp|Yache Berry|[eat]\n|-enditem|p1a: Garchomp|Yache Berry|[weaken]\n|-damage|p1a: Garchomp|38/100\n|-damage|p2a: Golurk|88/100|[from] ability: Rough Skin|[of] p1a: Garchomp\n|move|p1b: Incineroar|Parting Shot|p2a: Golurk\n|-unboost|p2a: Golurk|atk|1\n|-unboost|p2a: Golurk|spa|1\n|\n|t:|1776434880\n|switch|p1b: Venusaur|Venusaur, L50, M|100/100|[from] Parting Shot\n|\n|-weather|SunnyDay|[upkeep]\n|upkeep\n|turn|5\n|\n|t:|1776434902\n|move|p1b: Venusaur|Protect|p1b: Venusaur\n|-singleturn|p1b: Venusaur|Protect\n|move|p2b: Torkoal|Eruption|p1a: Garchomp|[spread] p1a\n|-activate|p1b: Venusaur|move: Protect\n|-resisted|p1a: Garchomp|1\n|-damage|p1a: Garchomp|2/100\n|move|p2a: Golurk|Ice Punch|p1b: Venusaur\n|-supereffective|p1b: Venusaur|1\n|-ability|p2a: Golurk|Unseen Fist\n|-zbroken|p1b: Venusaur\n|-damage|p1b: Venusaur|86/100\n|move|p1a: Garchomp|Earthquake|p2a: Golurk|[spread] p2a,p2b\n|-activate|p1b: Venusaur|move: Protect\n|-supereffective|p2b: Torkoal|1\n|-damage|p2a: Golurk|57/100\n|-damage|p2b: Torkoal|19/100\n|\n|-weather|none\n|-fieldend|move: Trick Room\n|upkeep\n|turn|6\n|\n|t:|1776434951\n|switch|p2a: Incineroar|Incineroar, L50, M|100/100\n|-ability|p2a: Incineroar|Intimidate|boost\n|-unboost|p1a: Garchomp|atk|1\n|-unboost|p1b: Venusaur|atk|1\n|move|p2b: Torkoal|Protect|p2b: Torkoal\n|-singleturn|p2b: Torkoal|Protect\n|move|p1a: Garchomp|Earthquake|p2a: Incineroar|[spread] p1b,p2a\n|-activate|p2b: Torkoal|move: Protect\n|-supereffective|p2a: Incineroar|1\n|-enditem|p2a: Incineroar|Shuca Berry|[eat]\n|-enditem|p2a: Incineroar|Shuca Berry|[weaken]\n|-damage|p1b: Venusaur|53/100\n|-damage|p2a: Incineroar|75/100\n|move|p1b: Venusaur|Energy Ball|p2a: Incineroar\n|-resisted|p2a: Incineroar|1\n|-damage|p2a: Incineroar|60/100\n|\n|upkeep\n|turn|7\n|\n|t:|1776434971\n|move|p1b: Venusaur|Protect|p1b: Venusaur\n|-singleturn|p1b: Venusaur|Protect\n|move|p2a: Incineroar|Fake Out|p1a: Garchomp\n|-damage|p1a: Garchomp|0 fnt\n|-damage|p2a: Incineroar|48/100|[from] ability: Rough Skin|[of] p1a: Garchomp\n|faint|p1a: Garchomp\n|move|p2b: Torkoal|Heat Wave|p1b: Venusaur\n|-activate|p1b: Venusaur|move: Protect\n|\n|upkeep\n|\n|t:|1776434983\n|switch|p1a: Charizard|Charizard-Mega-Y, L50, M|45/100\n|-weather|SunnyDay|[from] ability: Drought|[of] p1a: Charizard\n|turn|8\n|\n|t:|1776435000\n|move|p1b: Venusaur|Sludge Bomb|p2b: Torkoal\n|-damage|p2b: Torkoal|0 fnt\n|faint|p2b: Torkoal\n|move|p1a: Charizard|Weather Ball|p2a: Incineroar\n|-resisted|p2a: Incineroar|1\n|-damage|p2a: Incineroar|14/100\n|move|p2a: Incineroar|Flare Blitz|p1b: Venusaur\n|-supereffective|p1b: Venusaur|1\n|-damage|p1b: Venusaur|0 fnt\n|faint|p1b: Venusaur\n|-damage|p2a: Incineroar|0 fnt|[from] Recoil\n|faint|p2a: Incineroar\n|\n|-weather|SunnyDay|[upkeep]\n|upkeep\n|\n|t:|1776435016\n|switch|p1b: Incineroar|Incineroar, L50, M|13/100\n|switch|p2b: Golurk|Golurk-Mega, L50|57/100\n|-ability|p1b: Incineroar|Intimidate|boost\n|-unboost|p2b: Golurk|atk|1\n|turn|9\n|\n|t:|1776435028\n|move|p1a: Charizard|Solar Beam||[still]\n|-prepare|p1a: Charizard|Solar Beam\n|-anim|p1a: Charizard|Solar Beam|p2b: Golurk\n|-supereffective|p2b: Golurk|1\n|-damage|p2b: Golurk|0 fnt\n|faint|p2b: Golurk\n|\n|win|O Pausanias\n|raw|O Pausanias's rating: 1220 &rarr; <strong>1252</strong><br />(+32 for winning)\n|raw|MyceliaMocha's rating: 1321 &rarr; <strong>1295</strong><br />(-26 for losing)\n|c|\u2606MyceliaMocha|gg\n",
  "uploadtime": 1776435036,
  "views": 35,
  "formatid": "gen9championsvgc2026regma",
  "rating": 1252,
  "private": 0,
  "password": null
}