{
  "id": "gen9championsvgc2026regma-2586182841",
  "format": "[Gen 9 Champions] VGC 2026 Reg M-A",
  "players": [
    "musashiblue",
    "Rusl2"
  ],
  "log": "|j|\u2606musashiblue\n|j|\u2606Rusl2\n|t:|1776409498\n|gametype|doubles\n|player|p1|musashiblue|doctor|1072\n|player|p2|Rusl2|1|1148\n|gen|9\n|tier|[Gen 9 Champions] VGC 2026 Reg M-A\n|rated|\n|rule|Species Clause: Limit one of each Pok\u00e9mon\n|rule|Item Clause: Limit 1 of each item\n|clearpoke\n|poke|p1|Tyranitar, L50, M|\n|poke|p1|Excadrill, L50, M|\n|poke|p1|Kangaskhan, L50, F|\n|poke|p1|Rotom-Wash, L50|\n|poke|p1|Hydreigon, L50, F|\n|poke|p1|Gyarados, L50, F|\n|poke|p2|Aerodactyl, L50, M|\n|poke|p2|Basculegion, L50, M|\n|poke|p2|Pinsir, L50, F|\n|poke|p2|Garchomp, L50, F|\n|poke|p2|Rotom-Wash, L50|\n|poke|p2|Sneasler, L50, F|\n|teampreview|4\n|\n|t:|1776409529\n|teamsize|p1|4\n|teamsize|p2|4\n|start\n|switch|p1a: Tyranitar|Tyranitar, L50, M|100/100\n|switch|p1b: Excadrill|Excadrill, L50, M|100/100\n|switch|p2a: Basculegion|Basculegion, L50, M, shiny|100/100\n|switch|p2b: Pinsir|Pinsir, L50, F|100/100\n|-weather|Sandstorm|[from] ability: Sand Stream|[of] p1a: Tyranitar\n|turn|1\n|inactive|Battle timer is ON: inactive players will automatically lose when time's up. (requested by musashiblue)\n|\n|t:|1776409554\n|detailschange|p2b: Pinsir|Pinsir-Mega, L50, F\n|-mega|p2b: Pinsir|Pinsir|Pinsirite\n|move|p2b: Pinsir|Feint|p1a: Tyranitar\n|-resisted|p1a: Tyranitar|1\n|-damage|p1a: Tyranitar|90/100\n|move|p1b: Excadrill|Rock Slide|p2b: Pinsir|[spread] p2a\n|-miss|p1b: Excadrill|p2b: Pinsir\n|-damage|p2a: Basculegion|70/100\n|move|p2a: Basculegion|Flip Turn|p1a: Tyranitar\n|-supereffective|p1a: Tyranitar|1\n|-damage|p1a: Tyranitar|11/100\n|\n|t:|1776409566\n|switch|p2a: Garchomp|Garchomp, L50, F|100/100|[from] Flip Turn\n|move|p1a: Tyranitar|Assurance|p2a: Garchomp\n|-damage|p2a: Garchomp|68/100\n|-damage|p1a: Tyranitar|0 fnt|[from] ability: Rough Skin|[of] p2a: Garchomp\n|faint|p1a: Tyranitar\n|\n|-weather|Sandstorm|[upkeep]\n|-damage|p2b: Pinsir|95/100|[from] Sandstorm\n|upkeep\n|\n|t:|1776409578\n|switch|p1a: Gyarados|Gyarados, L50, F|100/100\n|-ability|p1a: Gyarados|Intimidate|boost\n|-unboost|p2a: Garchomp|atk|1\n|-unboost|p2b: Pinsir|atk|1\n|turn|2\n|\n|t:|1776409595\n|switch|p1b: Rotom|Rotom-Wash, L50|100/100\n|switch|p2b: Rotom|Rotom-Wash, L50|100/100\n|move|p2a: Garchomp|Earthquake|p1b: Rotom|[spread] \n|-immune|p2b: Rotom|[from] ability: Levitate\n|-immune|p1a: Gyarados\n|-immune|p1b: Rotom|[from] ability: Levitate\n|move|p1a: Gyarados|Dragon Dance|p1a: Gyarados\n|-boost|p1a: Gyarados|atk|1\n|-boost|p1a: Gyarados|spe|1\n|\n|-weather|Sandstorm|[upkeep]\n|-damage|p1a: Gyarados|94/100|[from] Sandstorm\n|-damage|p2b: Rotom|95/100|[from] Sandstorm\n|-damage|p1b: Rotom|95/100|[from] Sandstorm\n|-heal|p1b: Rotom|100/100|[from] item: Leftovers\n|upkeep\n|turn|3\n|c|\u2606Rusl2|Most useless eq known to man\n|inactive|Rusl2 has 30 seconds left.\n|\n|t:|1776409622\n|move|p1a: Gyarados|Protect|p1a: Gyarados\n|-singleturn|p1a: Gyarados|Protect\n|move|p2a: Garchomp|Protect|p2a: Garchomp\n|-singleturn|p2a: Garchomp|Protect\n|move|p2b: Rotom|Thunderbolt|p1a: Gyarados\n|-activate|p1a: Gyarados|move: Protect\n|move|p1b: Rotom|Will-O-Wisp|p2a: Garchomp\n|-activate|p2a: Garchomp|move: Protect\n|\n|-weather|Sandstorm|[upkeep]\n|-damage|p1a: Gyarados|88/100|[from] Sandstorm\n|-damage|p2b: Rotom|89/100|[from] Sandstorm\n|-damage|p1b: Rotom|95/100|[from] Sandstorm\n|-heal|p1b: Rotom|100/100|[from] item: Leftovers\n|upkeep\n|turn|4\n|\n|t:|1776409644\n|switch|p1a: Excadrill|Excadrill, L50, M|100/100\n|move|p2a: Garchomp|Rock Slide|p1a: Excadrill|[spread] p1a,p1b\n|-resisted|p1a: Excadrill|2\n|-damage|p1a: Excadrill|96/100\n|-damage|p1b: Rotom|88/100\n|move|p2b: Rotom|Will-O-Wisp|p1a: Excadrill\n|-status|p1a: Excadrill|brn\n|move|p1b: Rotom|Will-O-Wisp|p2a: Garchomp\n|-status|p2a: Garchomp|brn\n|\n|-weather|Sandstorm|[upkeep]\n|-damage|p2b: Rotom|83/100|[from] Sandstorm\n|-damage|p1b: Rotom|83/100|[from] Sandstorm\n|-heal|p1b: Rotom|88/100|[from] item: Leftovers\n|-damage|p1a: Excadrill|90/100 brn|[from] brn\n|-damage|p2a: Garchomp|62/100 brn|[from] brn\n|upkeep\n|turn|5\n|inactive|musashiblue has 30 seconds left.\n|\n|t:|1776409672\n|move|p1a: Excadrill|Rock Slide|p2b: Rotom|[spread] p2a\n|-miss|p1a: Excadrill|p2b: Rotom\n|-resisted|p2a: Garchomp|1\n|-damage|p2a: Garchomp|57/100 brn\n|move|p2a: Garchomp|Earthquake|p1a: Excadrill|[spread] p1a\n|-immune|p2b: Rotom|[from] ability: Levitate\n|-immune|p1b: Rotom|[from] ability: Levitate\n|-supereffective|p1a: Excadrill|1\n|-damage|p1a: Excadrill|45/100 brn\n|move|p2b: Rotom|Thunderbolt|p1b: Rotom\n|-damage|p1b: Rotom|57/100\n|move|p1b: Rotom|Hydro Pump|p2a: Garchomp\n|-damage|p2a: Garchomp|12/100 brn\n|\n|-weather|none\n|-heal|p1b: Rotom|62/100|[from] item: Leftovers\n|-damage|p1a: Excadrill|39/100 brn|[from] brn\n|-damage|p2a: Garchomp|6/100 brn|[from] brn\n|upkeep\n|turn|6\n|\n|t:|1776409697\n|switch|p1a: Gyarados|Gyarados, L50, F|88/100\n|-ability|p1a: Gyarados|Intimidate|boost\n|-unboost|p2a: Garchomp|atk|1\n|-unboost|p2b: Rotom|atk|1\n|move|p2a: Garchomp|Dragon Claw|p1b: Rotom\n|-damage|p1b: Rotom|52/100\n|move|p2b: Rotom|Will-O-Wisp|p1b: Rotom\n|-status|p1b: Rotom|brn\n|move|p1b: Rotom|Pain Split|p2b: Rotom\n|-sethp|p2b: Rotom|65/100|[from] move: Pain Split|[silent]\n|-sethp|p1b: Rotom|72/100 brn|[from] move: Pain Split\n|\n|-heal|p1b: Rotom|78/100 brn|[from] item: Leftovers\n|-damage|p2a: Garchomp|0 fnt|[from] brn\n|faint|p2a: Garchomp\n|-damage|p1b: Rotom|72/100 brn|[from] brn\n|upkeep\n|\n|t:|1776409722\n|switch|p2a: Pinsir|Pinsir-Mega, L50, F|95/100\n|turn|7\n|\n|t:|1776409739\n|switch|p1a: Excadrill|Excadrill, L50, M|39/100 brn\n|move|p2a: Pinsir|Protect|p2a: Pinsir\n|-singleturn|p2a: Pinsir|Protect\n|move|p2b: Rotom|Thunderbolt|p1b: Rotom\n|-damage|p1b: Rotom|40/100 brn\n|move|p1b: Rotom|Discharge|p2b: Rotom|[spread] p2b\n|-activate|p2a: Pinsir|move: Protect\n|-immune|p1a: Excadrill\n|-damage|p2b: Rotom|45/100\n|-enditem|p2b: Rotom|Sitrus Berry|[eat]\n|-heal|p2b: Rotom|70/100|[from] item: Sitrus Berry\n|\n|-heal|p1b: Rotom|46/100 brn|[from] item: Leftovers\n|-damage|p1a: Excadrill|33/100 brn|[from] brn\n|-damage|p1b: Rotom|40/100 brn|[from] brn\n|upkeep\n|turn|8\n|\n|t:|1776409760\n|move|p2a: Pinsir|Close Combat|p1b: Rotom\n|-damage|p1b: Rotom|0 fnt\n|-unboost|p2a: Pinsir|def|1\n|-unboost|p2a: Pinsir|spd|1\n|faint|p1b: Rotom\n|move|p1a: Excadrill|Rock Slide|p2b: Rotom|[spread] p2a,p2b\n|-supereffective|p2a: Pinsir|2\n|-damage|p2a: Pinsir|29/100\n|-damage|p2b: Rotom|60/100\n|move|p2b: Rotom|Thunderbolt|p1a: Excadrill\n|-immune|p1a: Excadrill\n|\n|-damage|p1a: Excadrill|27/100 brn|[from] brn\n|upkeep\n|\n|t:|1776409774\n|switch|p1b: Gyarados|Gyarados, L50, F|88/100\n|-ability|p1b: Gyarados|Intimidate|boost\n|-unboost|p2a: Pinsir|atk|1\n|-unboost|p2b: Rotom|atk|1\n|turn|9\n|\n|t:|1776409786\n|move|p2a: Pinsir|Feint|p1b: Gyarados\n|-damage|p1b: Gyarados|70/100\n|move|p1a: Excadrill|Rock Slide|p2a: Pinsir|[spread] p2a,p2b\n|-supereffective|p2a: Pinsir|2\n|-damage|p2a: Pinsir|0 fnt\n|-damage|p2b: Rotom|49/100\n|faint|p2a: Pinsir\n|move|p1b: Gyarados|Waterfall|p2b: Rotom\n|-resisted|p2b: Rotom|1\n|-damage|p2b: Rotom|27/100\n|move|p2b: Rotom|Thunderbolt|p1b: Gyarados\n|-supereffective|p1b: Gyarados|2\n|-damage|p1b: Gyarados|0 fnt\n|faint|p1b: Gyarados\n|\n|-damage|p1a: Excadrill|21/100 brn|[from] brn\n|upkeep\n|\n|t:|1776409799\n|switch|p2a: Basculegion|Basculegion, L50, M, shiny|70/100\n|turn|10\n|\n|t:|1776409806\n|move|p2a: Basculegion|Wave Crash|p1a: Excadrill\n|-supereffective|p1a: Excadrill|1\n|-damage|p1a: Excadrill|0 fnt\n|faint|p1a: Excadrill\n|-damage|p2a: Basculegion|63/100|[from] Recoil\n|\n|win|Rusl2\n|raw|musashiblue's rating: 1072 &rarr; <strong>1056</strong><br />(-16 for losing)\n|raw|Rusl2's rating: 1148 &rarr; <strong>1168</strong><br />(+20 for winning)\n|c|\u2606Rusl2|Gg\n|c|\u2606musashiblue|Gg\n",
  "uploadtime": 1776409827,
  "views": 35,
  "formatid": "gen9championsvgc2026regma",
  "rating": 1056,
  "private": 0,
  "password": null
}