{
  "id": "gen9championsvgc2026regma-2582424213",
  "format": "[Gen 9 Champions] VGC 2026 Reg M-A",
  "players": [
    "Paviskii",
    "theilldigi"
  ],
  "log": "|j|\u2606Paviskii\n|j|\u2606theilldigi\n|t:|1776090785\n|gametype|doubles\n|player|p1|Paviskii|medium|1170\n|player|p2|theilldigi|101|1130\n|gen|9\n|tier|[Gen 9 Champions] VGC 2026 Reg M-A\n|rated|\n|rule|Species Clause: Limit one of each Pok\u00e9mon\n|rule|Item Clause: Limit 1 of each item\n|clearpoke\n|poke|p1|Chandelure, L50, F|\n|poke|p1|Kingambit, L50, F|\n|poke|p1|Farigiraf, L50, F|\n|poke|p1|Hatterene, L50, F|\n|poke|p1|Incineroar, L50, F|\n|poke|p1|Drampa, L50, F|\n|poke|p2|Lopunny, L50, M|\n|poke|p2|Incineroar, L50, M|\n|poke|p2|Primarina, L50, F|\n|poke|p2|Sneasler, L50, M|\n|poke|p2|Typhlosion-Hisui, L50, M|\n|poke|p2|Tsareena, L50, F|\n|teampreview|4\n|inactive|Battle timer is ON: inactive players will automatically lose when time's up. (requested by Paviskii)\n|inactive|theilldigi has 60 seconds left.\n|\n|t:|1776090842\n|teamsize|p1|4\n|teamsize|p2|4\n|start\n|switch|p1a: Farigiraf|Farigiraf, L50, F|100/100\n|switch|p1b: Incineroar|Incineroar, L50, F|100/100\n|switch|p2a: Sneasler|Sneasler, L50, M|100/100\n|switch|p2b: Typhlosion|Typhlosion-Hisui, L50, M|100/100\n|-item|p1a: Farigiraf|Mental Herb|[from] ability: Frisk|[of] p2b: Typhlosion\n|-item|p1b: Incineroar|Sitrus Berry|[from] ability: Frisk|[of] p2b: Typhlosion\n|-ability|p1b: Incineroar|Intimidate|boost\n|-unboost|p2a: Sneasler|atk|1\n|-unboost|p2b: Typhlosion|atk|1\n|-enditem|p2a: Sneasler|White Herb\n|-clearnegativeboost|p2a: Sneasler|[silent]\n|turn|1\n|inactive|theilldigi has 30 seconds left.\n|inactive|theilldigi has 20 seconds left.\n|inactive|theilldigi has 15 seconds left.\n|\n|t:|1776090883\n|move|p2a: Sneasler|Protect|p2a: Sneasler\n|-singleturn|p2a: Sneasler|Protect\n|move|p1b: Incineroar|Fake Out|p2a: Sneasler\n|-activate|p2a: Sneasler|move: Protect\n|move|p2b: Typhlosion|Heat Wave|p1b: Incineroar|[spread] p1a\n|-miss|p2b: Typhlosion|p1b: Incineroar\n|-damage|p1a: Farigiraf|65/100\n|move|p1a: Farigiraf|Trick Room|p1a: Farigiraf\n|-fieldstart|move: Trick Room|[of] p1a: Farigiraf\n|\n|upkeep\n|turn|2\n|\n|t:|1776090897\n|move|p1a: Farigiraf|Psychic|p2a: Sneasler\n|-supereffective|p2a: Sneasler|2\n|-damage|p2a: Sneasler|0 fnt\n|faint|p2a: Sneasler\n|move|p1b: Incineroar|Parting Shot|p2b: Typhlosion\n|-unboost|p2b: Typhlosion|atk|1\n|-unboost|p2b: Typhlosion|spa|1\n|\n|t:|1776090899\n|switch|p1b: Chandelure|Chandelure, L50, F|100/100|[from] Parting Shot\n|move|p2b: Typhlosion|Heat Wave|p1b: Chandelure|[spread] p1a\n|-start|p1b: Chandelure|ability: Flash Fire\n|-damage|p1a: Farigiraf|41/100\n|\n|upkeep\n|\n|t:|1776090907\n|switch|p2a: Primarina|Primarina, L50, F|100/100\n|turn|3\n|inactive|Paviskii has 30 seconds left.\n|inactive|Paviskii has 20 seconds left.\n|inactive|Paviskii has 15 seconds left.\n|inactive|Paviskii has 10 seconds left.\n|\n|t:|1776090952\n|switch|p1a: Incineroar|Incineroar, L50, F|100/100\n|-ability|p1a: Incineroar|Intimidate|boost\n|-unboost|p2a: Primarina|atk|1\n|-unboost|p2b: Typhlosion|atk|1\n|switch|p2b: Lopunny|Lopunny, L50, M, shiny|100/100\n|detailschange|p1b: Chandelure|Chandelure-Mega, L50, F\n|-mega|p1b: Chandelure|Chandelure|Chandelurite\n|-end|p1b: Chandelure|ability: Flash Fire|[silent]\n|move|p1b: Chandelure|Protect|p1b: Chandelure\n|-singleturn|p1b: Chandelure|Protect\n|move|p2a: Primarina|Hyper Voice|p1a: Incineroar|[spread] p1a\n|-activate|p1b: Chandelure|move: Protect\n|-damage|p1a: Incineroar|85/100\n|\n|upkeep\n|turn|4\n|inactive|theilldigi has 30 seconds left.\n|\n|t:|1776090977\n|move|p2b: Lopunny|Protect|p2b: Lopunny\n|-singleturn|p2b: Lopunny|Protect\n|move|p1a: Incineroar|Fake Out|p2b: Lopunny\n|-activate|p2b: Lopunny|move: Protect\n|move|p2a: Primarina|Calm Mind|p2a: Primarina\n|-boost|p2a: Primarina|spa|1\n|-boost|p2a: Primarina|spd|1\n|move|p1b: Chandelure|Shadow Ball|p2a: Primarina\n|-damage|p2a: Primarina|72/100\n|\n|-heal|p2a: Primarina|78/100|[from] item: Leftovers\n|upkeep\n|turn|5\n|inactive|theilldigi has 30 seconds left.\n|\n|t:|1776091006\n|move|p1b: Chandelure|Protect|p1b: Chandelure\n|-singleturn|p1b: Chandelure|Protect\n|move|p2a: Primarina|Calm Mind|p2a: Primarina\n|-boost|p2a: Primarina|spa|1\n|-boost|p2a: Primarina|spd|1\n|move|p1a: Incineroar|Parting Shot|p2a: Primarina\n|-unboost|p2a: Primarina|atk|1\n|-unboost|p2a: Primarina|spa|1\n|\n|t:|1776091014\n|switch|p1a: Farigiraf|Farigiraf, L50, F|41/100|[from] Parting Shot\n|move|p2b: Lopunny|Close Combat|p1a: Farigiraf\n|-damage|p1a: Farigiraf|18/100\n|-unboost|p2b: Lopunny|def|1\n|-unboost|p2b: Lopunny|spd|1\n|\n|-heal|p2a: Primarina|83/100|[from] item: Leftovers\n|-fieldend|move: Trick Room\n|upkeep\n|turn|6\n|\n|t:|1776091037\n|move|p1a: Farigiraf|Ally Switch|p1a: Farigiraf\n|swap|p1a: Farigiraf|1|[from] move: Ally Switch\n|move|p2b: Lopunny|U-turn|p1a: Chandelure\n|-resisted|p1a: Chandelure|2\n|-damage|p1a: Chandelure|97/100\n|\n|t:|1776091042\n|switch|p2b: Typhlosion|Typhlosion-Hisui, L50, M|100/100|[from] U-turn\n|-item|p1a: Chandelure|Chandelurite|[from] ability: Frisk|[of] p2b: Typhlosion\n|-item|p1b: Farigiraf|Mental Herb|[from] ability: Frisk|[of] p2b: Typhlosion\n|move|p1a: Chandelure|Shadow Ball|p2a: Primarina\n|-damage|p2a: Primarina|63/100\n|move|p2a: Primarina|Calm Mind|p2a: Primarina\n|-boost|p2a: Primarina|spa|1\n|-boost|p2a: Primarina|spd|1\n|\n|-heal|p2a: Primarina|68/100|[from] item: Leftovers\n|upkeep\n|turn|7\n|\n|t:|1776091056\n|move|p1a: Chandelure|Protect|p1a: Chandelure\n|-singleturn|p1a: Chandelure|Protect\n|move|p2b: Typhlosion|Overheat|p1b: Farigiraf\n|-damage|p1b: Farigiraf|0 fnt\n|-unboost|p2b: Typhlosion|spa|2\n|faint|p1b: Farigiraf\n|move|p2a: Primarina|Draining Kiss|p1a: Chandelure\n|-activate|p1a: Chandelure|move: Protect\n|\n|-heal|p2a: Primarina|74/100|[from] item: Leftovers\n|upkeep\n|\n|t:|1776091062\n|switch|p1b: Incineroar|Incineroar, L50, F|85/100\n|-ability|p1b: Incineroar|Intimidate|boost\n|-unboost|p2a: Primarina|atk|1\n|-unboost|p2b: Typhlosion|atk|1\n|turn|8\n|\n|t:|1776091074\n|switch|p2b: Lopunny|Lopunny, L50, M, shiny|100/100\n|move|p1b: Incineroar|Fake Out|p2a: Primarina\n|-damage|p2a: Primarina|64/100\n|cant|p2a: Primarina|flinch\n|move|p1a: Chandelure|Trick Room|p1a: Chandelure\n|-fieldstart|move: Trick Room|[of] p1a: Chandelure\n|\n|-heal|p2a: Primarina|70/100|[from] item: Leftovers\n|upkeep\n|turn|9\n|\n|t:|1776091092\n|switch|p1a: Kingambit|Kingambit, L50, F|100/100\n|detailschange|p2b: Lopunny|Lopunny-Mega, L50, M, shiny\n|-mega|p2b: Lopunny|Lopunny|Lopunnite\n|move|p2b: Lopunny|Fake Out|p1a: Kingambit\n|-resisted|p1a: Kingambit|1\n|-damage|p1a: Kingambit|93/100\n|move|p2a: Primarina|Calm Mind|p2a: Primarina\n|-boost|p2a: Primarina|spa|1\n|-boost|p2a: Primarina|spd|1\n|move|p1b: Incineroar|Parting Shot|p2a: Primarina\n|-unboost|p2a: Primarina|atk|1\n|-unboost|p2a: Primarina|spa|1\n|\n|t:|1776091102\n|switch|p1b: Chandelure|Chandelure-Mega, L50, F|97/100|[from] Parting Shot\n|\n|-heal|p2a: Primarina|76/100|[from] item: Leftovers\n|upkeep\n|turn|10\n|\n|t:|1776091108\n|move|p2a: Primarina|Protect|p2a: Primarina\n|-singleturn|p2a: Primarina|Protect\n|move|p1a: Kingambit|Iron Head|p2a: Primarina\n|-activate|p2a: Primarina|move: Protect\n|move|p1b: Chandelure|Heat Wave|p2b: Lopunny|[spread] \n|-activate|p2a: Primarina|move: Protect\n|-miss|p1b: Chandelure|p2b: Lopunny\n|move|p2b: Lopunny|Close Combat|p1a: Kingambit\n|-supereffective|p1a: Kingambit|2\n|-enditem|p1a: Kingambit|Chople Berry|[eat]\n|-enditem|p1a: Kingambit|Chople Berry|[weaken]\n|-damage|p1a: Kingambit|0 fnt\n|-unboost|p2b: Lopunny|def|1\n|-unboost|p2b: Lopunny|spd|1\n|faint|p1a: Kingambit\n|\n|-heal|p2a: Primarina|82/100|[from] item: Leftovers\n|upkeep\n|-message|Paviskii forfeited.\n|\n|win|theilldigi\n",
  "uploadtime": 1776090787,
  "views": 12,
  "formatid": "gen9championsvgc2026regma",
  "rating": null,
  "private": 0,
  "password": null
}