{
  "id": "gen9championsvgc2026regma-2584042884",
  "format": "[Gen 9 Champions] VGC 2026 Reg M-A",
  "players": [
    "Zeroarck76",
    "freakmazenta"
  ],
  "log": "|j|\u2606Zeroarck76\n|j|\u2606freakmazenta\n|t:|1776219504\n|gametype|doubles\n|player|p1|Zeroarck76|petrel|1284\n|player|p2|freakmazenta|emma|1218\n|gen|9\n|tier|[Gen 9 Champions] VGC 2026 Reg M-A\n|rated|\n|rule|Species Clause: Limit one of each Pok\u00e9mon\n|rule|Item Clause: Limit 1 of each item\n|clearpoke\n|poke|p1|Golurk, L50|\n|poke|p1|Farigiraf, L50, F|\n|poke|p1|Torkoal, L50, F|\n|poke|p1|Gallade, L50, M|\n|poke|p1|Clefable, L50, F|\n|poke|p1|Incineroar, L50, M|\n|poke|p2|Scovillain, L50, F|\n|poke|p2|Tyranitar, L50, M|\n|poke|p2|Excadrill, L50, F|\n|poke|p2|Incineroar, L50, M|\n|poke|p2|Rotom-Wash, L50|\n|poke|p2|Aerodactyl, L50, F|\n|teampreview|4\n|inactive|Battle timer is ON: inactive players will automatically lose when time's up. (requested by freakmazenta)\n|\n|t:|1776219532\n|teamsize|p1|4\n|teamsize|p2|4\n|start\n|switch|p1a: Farigiraf|Farigiraf, L50, F|100/100\n|switch|p1b: Clefable|Clefable, L50, F|100/100\n|switch|p2a: Scovillain|Scovillain, L50, F|100/100\n|switch|p2b: Tyranitar|Tyranitar, L50, M|100/100\n|-weather|Sandstorm|[from] ability: Sand Stream|[of] p2b: Tyranitar\n|turn|1\n|\n|t:|1776219551\n|move|p1b: Clefable|Follow Me|p1b: Clefable\n|-singleturn|p1b: Clefable|move: Follow Me\n|move|p2b: Tyranitar|Rock Slide|p1a: Farigiraf|[spread] p1a,p1b\n|-damage|p1a: Farigiraf|72/100\n|-damage|p1b: Clefable|73/100\n|move|p2a: Scovillain|Leech Seed|p1b: Clefable\n|-start|p1b: Clefable|move: Leech Seed\n|cant|p1a: Farigiraf|flinch\n|\n|-weather|Sandstorm|[upkeep]\n|-damage|p2a: Scovillain|95/100|[from] Sandstorm\n|-damage|p1b: Clefable|67/100|[from] Sandstorm\n|-damage|p1a: Farigiraf|66/100|[from] Sandstorm\n|-heal|p1a: Farigiraf|72/100|[from] item: Leftovers\n|-damage|p1b: Clefable|55/100|[from] Leech Seed|[of] p2a: Scovillain\n|-heal|p2a: Scovillain|100/100|[silent]\n|-ability|p2a: Scovillain|Moody|boost\n|-boost|p2a: Scovillain|spd|2\n|-unboost|p2a: Scovillain|def|1\n|upkeep\n|turn|2\n|\n|t:|1776219574\n|move|p1b: Clefable|Follow Me|p1b: Clefable\n|-singleturn|p1b: Clefable|move: Follow Me\n|move|p2b: Tyranitar|Knock Off|p1b: Clefable\n|-resisted|p1b: Clefable|1\n|-damage|p1b: Clefable|32/100\n|-enditem|p1b: Clefable|Focus Sash|[from] move: Knock Off|[of] p2b: Tyranitar\n|move|p2a: Scovillain|Flamethrower|p1b: Clefable\n|-damage|p1b: Clefable|2/100\n|move|p1a: Farigiraf|Trick Room|p1a: Farigiraf\n|-fieldstart|move: Trick Room|[of] p1a: Farigiraf\n|\n|-weather|Sandstorm|[upkeep]\n|-damage|p1a: Farigiraf|66/100|[from] Sandstorm\n|-damage|p1b: Clefable|0 fnt|[from] Sandstorm\n|-damage|p2a: Scovillain|95/100|[from] Sandstorm\n|faint|p1b: Clefable\n|-heal|p1a: Farigiraf|72/100|[from] item: Leftovers\n|-ability|p2a: Scovillain|Moody|boost\n|-boost|p2a: Scovillain|spe|2\n|-unboost|p2a: Scovillain|def|1\n|upkeep\n|\n|t:|1776219595\n|switch|p1b: Torkoal|Torkoal, L50, F|100/100\n|-weather|SunnyDay|[from] ability: Drought|[of] p1b: Torkoal\n|turn|3\n|inactive|freakmazenta has 30 seconds left.\n|\n|t:|1776219621\n|detailschange|p2a: Scovillain|Scovillain-Mega, L50, F\n|-mega|p2a: Scovillain|Scovillain|Scovillainite\n|move|p2a: Scovillain|Protect|p2a: Scovillain\n|-singleturn|p2a: Scovillain|Protect\n|move|p1b: Torkoal|Eruption|p2b: Tyranitar|[spread] p2b\n|-activate|p2a: Scovillain|move: Protect\n|-resisted|p2b: Tyranitar|1\n|-damage|p2b: Tyranitar|54/100\n|move|p1a: Farigiraf|Dazzling Gleam|p2b: Tyranitar|[spread] p2b\n|-activate|p2a: Scovillain|move: Protect\n|-supereffective|p2b: Tyranitar|1\n|-enditem|p2b: Tyranitar|Roseli Berry|[eat]\n|-enditem|p2b: Tyranitar|Roseli Berry|[weaken]\n|-damage|p2b: Tyranitar|32/100\n|move|p2b: Tyranitar|Knock Off|p1b: Torkoal\n|-damage|p1b: Torkoal|58/100\n|-enditem|p1b: Torkoal|Charcoal|[from] move: Knock Off|[of] p2b: Tyranitar\n|\n|-weather|SunnyDay|[upkeep]\n|-heal|p1a: Farigiraf|78/100|[from] item: Leftovers\n|upkeep\n|turn|4\n|inactive|Zeroarck76 has 30 seconds left.\n|inactive|freakmazenta has 30 seconds left.\n|\n|t:|1776219650\n|switch|p2b: Incineroar|Incineroar, L50, M|100/100\n|-ability|p2b: Incineroar|Intimidate|boost\n|-unboost|p1a: Farigiraf|atk|1\n|-unboost|p1b: Torkoal|atk|1\n|move|p1b: Torkoal|Weather Ball|p2a: Scovillain\n|-damage|p2a: Scovillain|65/100\n|-immune|p1b: Torkoal\n|move|p1a: Farigiraf|Dazzling Gleam|p2a: Scovillain|[spread] p2a,p2b\n|-resisted|p2a: Scovillain|1\n|-damage|p2a: Scovillain|62/100\n|-damage|p2b: Incineroar|85/100\n|-status|p1a: Farigiraf|brn|[from] ability: Spicy Spray|[of] p2a: Scovillain\n|move|p2a: Scovillain|Flamethrower|p1a: Farigiraf\n|-damage|p1a: Farigiraf|7/100 brn\n|\n|-weather|SunnyDay|[upkeep]\n|-heal|p1a: Farigiraf|13/100 brn|[from] item: Leftovers\n|-damage|p1a: Farigiraf|7/100 brn|[from] brn\n|upkeep\n|turn|5\n|inactive|Zeroarck76 has 30 seconds left.\n|inactive|freakmazenta has 30 seconds left.\n|inactive|Zeroarck76 has 20 seconds left.\n|\n|t:|1776219685\n|move|p1b: Torkoal|Eruption|p2a: Scovillain|[spread] p2a,p2b\n|-resisted|p2b: Incineroar|1\n|-damage|p2a: Scovillain|45/100\n|-damage|p2b: Incineroar|69/100\n|-immune|p1b: Torkoal\n|move|p1a: Farigiraf|Hyper Voice|p2b: Incineroar|[spread] p2a,p2b\n|-damage|p2a: Scovillain|31/100\n|-damage|p2b: Incineroar|43/100\n|move|p2b: Incineroar|Throat Chop|p1a: Farigiraf\n|-supereffective|p1a: Farigiraf|1\n|-damage|p1a: Farigiraf|0 fnt\n|faint|p1a: Farigiraf\n|move|p2a: Scovillain|Leech Seed|p1b: Torkoal\n|-start|p1b: Torkoal|move: Leech Seed\n|\n|-weather|SunnyDay|[upkeep]\n|-damage|p1b: Torkoal|45/100|[from] Leech Seed|[of] p2a: Scovillain\n|-heal|p2a: Scovillain|44/100|[silent]\n|upkeep\n|\n|t:|1776219704\n|switch|p1a: Golurk|Golurk, L50|100/100\n|turn|6\n|\n|t:|1776219714\n|switch|p2b: Rotom|Rotom-Wash, L50|100/100\n|detailschange|p1a: Golurk|Golurk-Mega, L50\n|-mega|p1a: Golurk|Golurk|Golurkite\n|move|p1b: Torkoal|Protect|p1b: Torkoal\n|-singleturn|p1b: Torkoal|Protect\n|move|p2a: Scovillain|Protect|p2a: Scovillain\n|-singleturn|p2a: Scovillain|Protect\n|move|p1a: Golurk|Headlong Rush|p2b: Rotom\n|-immune|p2b: Rotom|[from] ability: Levitate\n|\n|-weather|SunnyDay|[upkeep]\n|-damage|p1b: Torkoal|33/100|[from] Leech Seed|[of] p2a: Scovillain\n|-heal|p2a: Scovillain|56/100|[silent]\n|-fieldend|move: Trick Room\n|upkeep\n|turn|7\n|inactive|freakmazenta has 30 seconds left.\n|\n|t:|1776219742\n|switch|p2b: Incineroar|Incineroar, L50, M|43/100\n|-ability|p2b: Incineroar|Intimidate|boost\n|-unboost|p1a: Golurk|atk|1\n|-unboost|p1b: Torkoal|atk|1\n|move|p2a: Scovillain|Leech Seed|p1a: Golurk\n|-start|p1a: Golurk|move: Leech Seed\n|move|p1a: Golurk|Poltergeist|p2b: Incineroar\n|-activate|p2b: Incineroar|move: Poltergeist|Lum Berry\n|-resisted|p2b: Incineroar|1\n|-damage|p2b: Incineroar|22/100\n|move|p1b: Torkoal|Eruption|p2a: Scovillain|[spread] p2a,p2b\n|-resisted|p2b: Incineroar|1\n|-crit|p2b: Incineroar\n|-damage|p2a: Scovillain|46/100\n|-damage|p2b: Incineroar|8/100\n|-immune|p1b: Torkoal\n|\n|-weather|none\n|-damage|p1a: Golurk|88/100|[from] Leech Seed|[of] p2a: Scovillain\n|-heal|p2a: Scovillain|60/100|[silent]\n|-damage|p1b: Torkoal|20/100|[from] Leech Seed|[of] p2a: Scovillain\n|-heal|p2a: Scovillain|73/100|[silent]\n|upkeep\n|turn|8\n|-message|Zeroarck76 forfeited.\n|\n|win|freakmazenta\n|raw|Zeroarck76's rating: 1284 &rarr; <strong>1254</strong><br />(-30 for losing)\n|raw|freakmazenta's rating: 1218 &rarr; <strong>1248</strong><br />(+30 for winning)\n|l|\u2606Zeroarck76\n|player|p1|\n",
  "uploadtime": 1776219768,
  "views": 25,
  "formatid": "gen9championsvgc2026regma",
  "rating": 1248,
  "private": 0,
  "password": null
}