{
  "id": "gen9championsvgc2026regma-2586489359",
  "format": "[Gen 9 Champions] VGC 2026 Reg M-A",
  "players": [
    "WeissLackierteToes",
    "antarcticbeluga"
  ],
  "log": "|j|\u2606WeissLackierteToes\n|j|\u2606antarcticbeluga\n|t:|1776438187\n|gametype|doubles\n|player|p1|WeissLackierteToes|lady|1253\n|player|p2|antarcticbeluga|266|1187\n|gen|9\n|tier|[Gen 9 Champions] VGC 2026 Reg M-A\n|rated|\n|rule|Species Clause: Limit one of each Pok\u00e9mon\n|rule|Item Clause: Limit 1 of each item\n|clearpoke\n|poke|p1|Venusaur, L50, F|\n|poke|p1|Ninetales, L50, M|\n|poke|p1|Dragonite, L50, F|\n|poke|p1|Gardevoir, L50, F|\n|poke|p1|Typhlosion-Hisui, L50, M|\n|poke|p1|Arcanine-Hisui, L50, F|\n|poke|p2|Sneasler, L50, F|\n|poke|p2|Tyranitar, L50, M|\n|poke|p2|Rotom-Wash, L50|\n|poke|p2|Excadrill, L50, M|\n|poke|p2|Dragapult, L50, M|\n|poke|p2|Meganium, L50, F|\n|teampreview|4\n|inactive|Battle timer is ON: inactive players will automatically lose when time's up. (requested by WeissLackierteToes)\n|inactive|WeissLackierteToes has 60 seconds left.\n|inactive|antarcticbeluga has 60 seconds left.\nWeissLackierteToes has agreed to open team sheets.\n|\n|t:|1776438265\n|teamsize|p1|4\n|teamsize|p2|4\n|start\n|switch|p1a: Venusaur|Venusaur, L50, F|100/100\n|switch|p1b: Typhlosion|Typhlosion-Hisui, L50, M|100/100\n|switch|p2a: Dragapult|Dragapult, L50, M|100/100\n|switch|p2b: Tyranitar|Tyranitar, L50, M|100/100\n|-item|p2a: Dragapult|Lum Berry|[from] ability: Frisk|[of] p1b: Typhlosion\n|-item|p2b: Tyranitar|Chople Berry|[from] ability: Frisk|[of] p1b: Typhlosion\n|-weather|Sandstorm|[from] ability: Sand Stream|[of] p2b: Tyranitar\n|turn|1\n|inactive|WeissLackierteToes has 30 seconds left.\n|\n|t:|1776438300\n|switch|p1b: Ninetales|Ninetales, L50, M|100/100\n|-weather|SunnyDay|[from] ability: Drought|[of] p1b: Ninetales\n|move|p1a: Venusaur|Solar Beam||[still]\n|-prepare|p1a: Venusaur|Solar Beam\n|-anim|p1a: Venusaur|Solar Beam|p2b: Tyranitar\n|-supereffective|p2b: Tyranitar|1\n|-damage|p2b: Tyranitar|8/100\n|move|p2a: Dragapult|Dragon Darts|p1a: Venusaur\n|-damage|p1a: Venusaur|69/100\n|-anim|p2a: Dragapult|Dragon Darts|p1b: Ninetales\n|-damage|p1b: Ninetales|62/100\n|move|p2b: Tyranitar|Knock Off|p1b: Ninetales\n|-damage|p1b: Ninetales|0 fnt\n|-enditem|p1b: Ninetales|Focus Sash|[from] move: Knock Off|[of] p2b: Tyranitar\n|faint|p1b: Ninetales\n|\n|-weather|SunnyDay|[upkeep]\n|upkeep\n|\n|t:|1776438317\n|switch|p1b: Typhlosion|Typhlosion-Hisui, L50, M|100/100\n|-item|p2a: Dragapult|Lum Berry|[from] ability: Frisk|[of] p1b: Typhlosion\n|-item|p2b: Tyranitar|Chople Berry|[from] ability: Frisk|[of] p1b: Typhlosion\n|turn|2\n|\n|t:|1776438325\n|switch|p2b: Rotom|Rotom-Wash, L50|100/100\n|move|p2a: Dragapult|Protect|p2a: Dragapult\n|-singleturn|p2a: Dragapult|Protect\n|move|p1a: Venusaur|Solar Beam||[still]\n|-prepare|p1a: Venusaur|Solar Beam\n|-anim|p1a: Venusaur|Solar Beam|p2a: Dragapult\n|-activate|p2a: Dragapult|move: Protect\n|move|p1b: Typhlosion|Eruption|p2b: Rotom|[spread] p2b\n|-activate|p2a: Dragapult|move: Protect\n|-resisted|p2b: Rotom|1\n|-damage|p2b: Rotom|52/100\n|\n|-weather|SunnyDay|[upkeep]\n|upkeep\n|turn|3\n|inactive|WeissLackierteToes has 30 seconds left.\n|\n|t:|1776438354\n|switch|p2b: Tyranitar|Tyranitar, L50, M|8/100\n|-weather|Sandstorm|[from] ability: Sand Stream|[of] p2b: Tyranitar\n|move|p1b: Typhlosion|Eruption|p2b: Tyranitar|[spread] p2a,p2b\n|-resisted|p2a: Dragapult|1\n|-resisted|p2b: Tyranitar|1\n|-damage|p2a: Dragapult|62/100\n|-damage|p2b: Tyranitar|0 fnt\n|faint|p2b: Tyranitar\n|move|p2a: Dragapult|Dragon Darts|p1a: Venusaur\n|-damage|p1a: Venusaur|37/100\n|-enditem|p1a: Venusaur|Sitrus Berry|[eat]\n|-heal|p1a: Venusaur|62/100|[from] item: Sitrus Berry\n|-anim|p2a: Dragapult|Dragon Darts|p1b: Typhlosion\n|-damage|p1b: Typhlosion|66/100\n|move|p1a: Venusaur|Solar Beam||[still]\n|-prepare|p1a: Venusaur|Solar Beam\n|\n|-weather|Sandstorm|[upkeep]\n|-damage|p1b: Typhlosion|60/100|[from] Sandstorm\n|-damage|p2a: Dragapult|56/100|[from] Sandstorm\n|-damage|p1a: Venusaur|56/100|[from] Sandstorm\n|upkeep\n|\n|t:|1776438372\n|switch|p2b: Excadrill|Excadrill, L50, M|100/100\n|turn|4\n|\n|t:|1776438384\n|move|p2a: Dragapult|Protect|p2a: Dragapult\n|-singleturn|p2a: Dragapult|Protect\n|move|p2b: Excadrill|Earthquake|p1b: Typhlosion|[spread] p1a,p1b\n|-activate|p2a: Dragapult|move: Protect\n|-supereffective|p1b: Typhlosion|1\n|-damage|p1a: Venusaur|0 fnt\n|-damage|p1b: Typhlosion|0 fnt\n|faint|p1a: Venusaur\n|faint|p1b: Typhlosion\n|\n|-weather|Sandstorm|[upkeep]\n|-damage|p2a: Dragapult|50/100|[from] Sandstorm\n|upkeep\n|\n|t:|1776438394\n|switch|p1a: Gardevoir|Gardevoir, L50, F|100/100\n|-ability|p1a: Gardevoir|Clear Body|Trace|[from] ability: Trace|[of] p2a: Dragapult\n|turn|5\n|\n|t:|1776438405\n|detailschange|p1a: Gardevoir|Gardevoir-Mega, L50, F\n|-mega|p1a: Gardevoir|Gardevoir|Gardevoirite\n|move|p2b: Excadrill|Iron Head|p1a: Gardevoir\n|-supereffective|p1a: Gardevoir|1\n|-damage|p1a: Gardevoir|0 fnt\n|faint|p1a: Gardevoir\n|\n|win|antarcticbeluga\n|raw|WeissLackierteToes's rating: 1253 &rarr; <strong>1223</strong><br />(-30 for losing)\n|raw|antarcticbeluga's rating: 1187 &rarr; <strong>1217</strong><br />(+30 for winning)\n|l|\u2606antarcticbeluga\n|player|p2|\n|j|\u2606antarcticbeluga\n|player|p2|antarcticbeluga|266|\n",
  "uploadtime": 1776438418,
  "views": 56,
  "formatid": "gen9championsvgc2026regma",
  "rating": 1217,
  "private": 0,
  "password": null
}