{
  "id": "gen9championsvgc2026regma-2581925691",
  "format": "[Gen 9 Champions] VGC 2026 Reg M-A",
  "players": [
    "pasaelsol",
    "J4zinn"
  ],
  "log": "|j|\u2606pasaelsol\n|j|\u2606J4zinn\n|t:|1776040324\n|gametype|doubles\n|player|p1|pasaelsol|picnicker|1000\n|player|p2|J4zinn|preschooler|1007\n|gen|9\n|tier|[Gen 9 Champions] VGC 2026 Reg M-A\n|rated|\n|rule|Species Clause: Limit one of each Pok\u00e9mon\n|rule|Item Clause: Limit 1 of each item\n|clearpoke\n|poke|p1|Sableye, L50, F|\n|poke|p1|Garchomp, L50, F|\n|poke|p1|Sinistcha, L50|\n|poke|p1|Rotom-Wash, L50|\n|poke|p1|Delphox, L50, F|\n|poke|p1|Diggersby, L50, M|\n|poke|p2|Heliolisk, L50, F|\n|poke|p2|Pelipper, L50, M|\n|poke|p2|Basculegion, L50, M|\n|poke|p2|Feraligatr, L50, M|\n|poke|p2|Arcanine-Hisui, L50, M|\n|poke|p2|Tinkaton, L50, F|\n|teampreview|4\n|\n|t:|1776040353\n|teamsize|p1|4\n|teamsize|p2|4\n|start\n|switch|p1a: Sableye|Sableye, L50, F|100/100\n|switch|p1b: Garchomp|Garchomp, L50, F|100/100\n|switch|p2a: Tinkaton|Tinkaton, L50, F|100/100\n|switch|p2b: Basculegion|Basculegion, L50, M|100/100\n|-ability|p2a: Tinkaton|Mold Breaker\n|turn|1\n|\n|t:|1776040382\n|detailschange|p1b: Garchomp|Garchomp-Mega, L50, F\n|-mega|p1b: Garchomp|Garchomp|Garchompite\n|move|p2a: Tinkaton|Fake Out|p1b: Garchomp\n|-damage|p1b: Garchomp|93/100\n|move|p1a: Sableye|Will-O-Wisp|p2b: Basculegion\n|-status|p2b: Basculegion|brn\n|cant|p1b: Garchomp|flinch\n|move|p2b: Basculegion|Wave Crash|p1b: Garchomp\n|-damage|p1b: Garchomp|64/100\n|-damage|p2b: Basculegion|91/100 brn|[from] Recoil\n|\n|-damage|p2b: Basculegion|85/100 brn|[from] brn\n|upkeep\n|turn|2\n|\n|t:|1776040403\n|move|p1a: Sableye|Will-O-Wisp|p2a: Tinkaton\n|-status|p2a: Tinkaton|brn\n|move|p2a: Tinkaton|Encore|p1a: Sableye\n|-start|p1a: Sableye|Encore\n|move|p1b: Garchomp|Earthquake|p2a: Tinkaton|[spread] p1a,p2a,p2b\n|-supereffective|p2a: Tinkaton|1\n|-damage|p1a: Sableye|23/100\n|-damage|p2a: Tinkaton|0 fnt\n|-damage|p2b: Basculegion|21/100 brn\n|-enditem|p1a: Sableye|Sitrus Berry|[eat]\n|-heal|p1a: Sableye|48/100|[from] item: Sitrus Berry\n|faint|p2a: Tinkaton\n|move|p2b: Basculegion|Flip Turn|p1b: Garchomp\n|-damage|p1b: Garchomp|49/100\n|\n|t:|1776040416\n|switch|p2b: Pelipper|Pelipper, L50, M|100/100|[from] Flip Turn\n|-weather|RainDance|[from] ability: Drizzle|[of] p2b: Pelipper\n|\n|-weather|RainDance|[upkeep]\n|upkeep\n|\n|t:|1776040421\n|switch|p2a: Feraligatr|Feraligatr, L50, M|100/100\n|turn|3\n|\n|t:|1776040432\n|detailschange|p2a: Feraligatr|Feraligatr-Mega, L50, M\n|-mega|p2a: Feraligatr|Feraligatr|Feraligite\n|move|p1a: Sableye|Will-O-Wisp|p2a: Feraligatr\n|-status|p2a: Feraligatr|brn\n|move|p1b: Garchomp|Scale Shot|p2b: Pelipper|[miss]\n|-miss|p1b: Garchomp|p2b: Pelipper\n|move|p2a: Feraligatr|Ice Fang|p1b: Garchomp\n|-supereffective|p1b: Garchomp|2\n|-crit|p1b: Garchomp\n|-damage|p1b: Garchomp|0 fnt\n|faint|p1b: Garchomp\n|move|p2b: Pelipper|Tailwind|p2b: Pelipper\n|-sidestart|p2: J4zinn|move: Tailwind\n|\n|-weather|RainDance|[upkeep]\n|-damage|p2a: Feraligatr|94/100 brn|[from] brn\n|upkeep\n|\n|t:|1776040459\n|switch|p1b: Rotom|Rotom-Wash, L50|100/100\n|turn|4\n|\n|t:|1776040481\n|switch|p1a: Sinistcha|Sinistcha, L50|100/100\n|move|p2a: Feraligatr|Protect|p2a: Feraligatr\n|-singleturn|p2a: Feraligatr|Protect\n|move|p2b: Pelipper|Weather Ball|p1a: Sinistcha\n|-resisted|p1a: Sinistcha|1\n|-damage|p1a: Sinistcha|65/100\n|move|p1b: Rotom|Discharge|p2b: Pelipper|[spread] p1a,p2b\n|-activate|p2a: Feraligatr|move: Protect\n|-resisted|p1a: Sinistcha|1\n|-supereffective|p2b: Pelipper|2\n|-damage|p1a: Sinistcha|52/100\n|-damage|p2b: Pelipper|0 fnt\n|faint|p2b: Pelipper\n|\n|-weather|RainDance|[upkeep]\n|-damage|p2a: Feraligatr|88/100 brn|[from] brn\n|upkeep\n|\n|t:|1776040496\n|switch|p2b: Basculegion|Basculegion, L50, M|21/100 brn\n|turn|5\n|\n|t:|1776040511\n|move|p1b: Rotom|Protect|p1b: Rotom\n|-singleturn|p1b: Rotom|Protect\n|move|p2b: Basculegion|Phantom Force||[still]\n|-prepare|p2b: Basculegion|Phantom Force\n|move|p2a: Feraligatr|Dragon Claw|p1b: Rotom\n|-activate|p1b: Rotom|move: Protect\n|move|p1a: Sinistcha|Matcha Gotcha|p2b: Basculegion|[spread] p2a\n|-miss|p1a: Sinistcha|p2b: Basculegion\n|-damage|p2a: Feraligatr|62/100 brn\n|-heal|p1a: Sinistcha|64/100|[from] drain|[of] p2a: Feraligatr\n|\n|-weather|RainDance|[upkeep]\n|-damage|p2b: Basculegion|15/100 brn|[from] brn\n|-damage|p2a: Feraligatr|56/100 brn|[from] brn\n|upkeep\n|turn|6\n|\n|t:|1776040535\n|move|p2a: Feraligatr|Protect|p2a: Feraligatr\n|-singleturn|p2a: Feraligatr|Protect\n|move|p2b: Basculegion|Phantom Force|p1a: Sinistcha|[from] lockedmove\n|-supereffective|p1a: Sinistcha|1\n|-damage|p1a: Sinistcha|26/100\n|move|p1b: Rotom|Discharge|p2b: Basculegion|[spread] p1a,p2b\n|-activate|p2a: Feraligatr|move: Protect\n|-resisted|p1a: Sinistcha|1\n|-supereffective|p2b: Basculegion|1\n|-damage|p1a: Sinistcha|12/100\n|-damage|p2b: Basculegion|0 fnt\n|faint|p2b: Basculegion\n|move|p1a: Sinistcha|Strength Sap|p2a: Feraligatr\n|-activate|p2a: Feraligatr|move: Protect\n|\n|-weather|none\n|-damage|p2a: Feraligatr|50/100 brn|[from] brn\n|-sideend|p2: J4zinn|move: Tailwind\n|upkeep\n|turn|7\n|\n|t:|1776040557\n|move|p1b: Rotom|Volt Switch|p2a: Feraligatr\n|-damage|p2a: Feraligatr|26/100 brn\n|\n|t:|1776040562\n|switch|p1b: Sableye|Sableye, L50, F|48/100|[from] Volt Switch\n|move|p2a: Feraligatr|Ice Fang|p1b: Sableye\n|-damage|p1b: Sableye|34/100\n|move|p1a: Sinistcha|Strength Sap|p2a: Feraligatr\n|-unboost|p2a: Feraligatr|atk|1\n|-heal|p1a: Sinistcha|100/100\n|\n|-damage|p2a: Feraligatr|20/100 brn|[from] brn\n|upkeep\n|turn|8\n|\n|t:|1776040580\n|move|p1b: Sableye|Fake Out|p2a: Feraligatr\n|-damage|p2a: Feraligatr|15/100 brn\n|cant|p2a: Feraligatr|flinch\n|move|p1a: Sinistcha|Shadow Ball|p2a: Feraligatr\n|-damage|p2a: Feraligatr|0 fnt\n|faint|p2a: Feraligatr\n|\n|win|pasaelsol\n|raw|pasaelsol's rating: 1000 &rarr; <strong>1041</strong><br />(+41 for winning)\n|raw|J4zinn's rating: 1007 &rarr; <strong>1000</strong><br />(-7 for losing)\n|l|\u2606J4zinn\n|player|p2|\n",
  "uploadtime": 1776040845,
  "views": 10,
  "formatid": "gen9championsvgc2026regma",
  "rating": 1000,
  "private": 0,
  "password": null
}