{
  "id": "gen9championsvgc2026regma-2587793987",
  "format": "[Gen 9 Champions] VGC 2026 Reg M-A",
  "players": [
    "yuyutuyu",
    "coberdt"
  ],
  "log": "|j|\u2606yuyutuyu\n|j|\u2606coberdt\n|t:|1776564649\n|gametype|doubles\n|player|p1|yuyutuyu|lass-gen4dp|1293\n|player|p2|coberdt|lebanne|1329\n|gen|9\n|tier|[Gen 9 Champions] VGC 2026 Reg M-A\n|rated|\n|rule|Species Clause: Limit one of each Pok\u00e9mon\n|rule|Item Clause: Limit 1 of each item\n|clearpoke\n|poke|p1|Sableye, L50, F|\n|poke|p1|Basculegion, L50, M|\n|poke|p1|Skarmory, L50, M|\n|poke|p1|Sneasler, L50, M|\n|poke|p1|Hydreigon, L50, F|\n|poke|p1|Rotom-Mow, L50|\n|poke|p2|Archaludon, L50, M|\n|poke|p2|Pelipper, L50, F|\n|poke|p2|Basculegion, L50, M|\n|poke|p2|Incineroar, L50, M|\n|poke|p2|Sneasler, L50, M|\n|poke|p2|Gengar, L50, F|\n|teampreview|4\ncoberdt has agreed to open team sheets.\n|inactive|Battle timer is ON: inactive players will automatically lose when time's up. (requested by coberdt)\n|inactive|yuyutuyu has 60 seconds left.\n|\n|t:|1776564693\n|teamsize|p1|4\n|teamsize|p2|4\n|start\n|switch|p1a: Hydreigon|Hydreigon, L50, F|100/100\n|switch|p1b: Sneasler|Sneasler, L50, M|100/100\n|switch|p2a: Sneasler|Sneasler, L50, M|100/100\n|switch|p2b: Basculegion|Basculegion, L50, M|100/100\n|turn|1\n|\n|t:|1776564713\n|move|p2a: Sneasler|Fake Out|p1a: Hydreigon\n|-damage|p1a: Hydreigon|85/100\n|move|p1b: Sneasler|Fake Out|p2a: Sneasler\n|-damage|p2a: Sneasler|74/100\n|move|p2b: Basculegion|Flip Turn|p1b: Sneasler\n|-damage|p1b: Sneasler|32/100\n|\n|t:|1776564724\n|switch|p2b: Gengar|Gengar, L50, F|100/100|[from] Flip Turn\n|cant|p1a: Hydreigon|flinch\n|\n|upkeep\n|turn|2\n|inactive|yuyutuyu has 30 seconds left.\n|\n|t:|1776564751\n|switch|p1a: Basculegion|Basculegion, L50, M|100/100\n|detailschange|p2b: Gengar|Gengar-Mega, L50, F\n|-mega|p2b: Gengar|Gengar|Gengarite\n|move|p2b: Gengar|Protect|p2b: Gengar\n|-singleturn|p2b: Gengar|Protect\n|move|p1b: Sneasler|Close Combat|p2a: Sneasler\n|-resisted|p2a: Sneasler|1\n|-damage|p2a: Sneasler|17/100\n|-unboost|p1b: Sneasler|def|1\n|-unboost|p1b: Sneasler|spd|1\n|-enditem|p1b: Sneasler|White Herb\n|-clearnegativeboost|p1b: Sneasler|[silent]\n|move|p2a: Sneasler|Close Combat|p1a: Basculegion\n|-immune|p1a: Basculegion\n|\n|upkeep\n|turn|3\n|inactive|yuyutuyu has 30 seconds left.\n|inactive|coberdt has 30 seconds left.\n|inactive|coberdt has 20 seconds left.\n|\n|t:|1776564791\n|switch|p2b: Incineroar|Incineroar, L50, M|100/100\n|-ability|p2b: Incineroar|Intimidate|boost\n|-unboost|p1a: Basculegion|atk|1\n|-unboost|p1b: Sneasler|atk|1\n|move|p1b: Sneasler|Coaching|p1a: Basculegion\n|-boost|p1a: Basculegion|atk|1\n|-boost|p1a: Basculegion|def|1\n|move|p1a: Basculegion|Last Respects|p2b: Incineroar\n|-resisted|p2b: Incineroar|1\n|-damage|p2b: Incineroar|86/100\n|move|p2a: Sneasler|Dire Claw|p1b: Sneasler\n|-resisted|p1b: Sneasler|1\n|-damage|p1b: Sneasler|0 fnt\n|faint|p1b: Sneasler\n|\n|upkeep\n|inactive|yuyutuyu has 30 seconds left.\n|\n|t:|1776564816\n|switch|p1b: Hydreigon|Hydreigon, L50, F|85/100\n|turn|4\n|\n|t:|1776564841\n|move|p2a: Sneasler|Protect|p2a: Sneasler\n|-singleturn|p2a: Sneasler|Protect\n|move|p2b: Incineroar|Fake Out|p1b: Hydreigon\n|-damage|p1b: Hydreigon|72/100\n|move|p1a: Basculegion|Last Respects|p2a: Sneasler\n|-activate|p2a: Sneasler|move: Protect\n|cant|p1b: Hydreigon|flinch\n|\n|upkeep\n|turn|5\n|\n|t:|1776564854\n|move|p1a: Basculegion|Last Respects|p2a: Sneasler\n|-damage|p2a: Sneasler|0 fnt\n|faint|p2a: Sneasler\n|move|p1b: Hydreigon|Tailwind|p1b: Hydreigon\n|-sidestart|p1: yuyutuyu|move: Tailwind\n|move|p2b: Incineroar|Darkest Lariat|p1a: Basculegion\n|-supereffective|p1a: Basculegion|1\n|-damage|p1a: Basculegion|6/100\n|\n|upkeep\n|\n|t:|1776564864\n|switch|p2a: Basculegion|Basculegion, L50, M|100/100\n|turn|6\n|inactive|yuyutuyu has 30 seconds left.\n|inactive|yuyutuyu has 20 seconds left.\n|\n|t:|1776564901\n|switch|p1a: Rotom|Rotom-Mow, L50|100/100\n|move|p2a: Basculegion|Aqua Jet|p1a: Rotom\n|-resisted|p1a: Rotom|1\n|-damage|p1a: Rotom|87/100\n|move|p1b: Hydreigon|Draco Meteor|p2b: Incineroar\n|-damage|p2b: Incineroar|8/100\n|-unboost|p1b: Hydreigon|spa|2\n|-enditem|p2b: Incineroar|Sitrus Berry|[eat]\n|-heal|p2b: Incineroar|33/100|[from] item: Sitrus Berry\n|move|p2b: Incineroar|Parting Shot|p1b: Hydreigon\n|-unboost|p1b: Hydreigon|atk|1\n|-unboost|p1b: Hydreigon|spa|1\n|\n|t:|1776564913\n|switch|p2b: Gengar|Gengar-Mega, L50, F|100/100|[from] Parting Shot\n|\n|-heal|p1a: Rotom|93/100|[from] item: Leftovers\n|upkeep\n|turn|7\n|inactive|yuyutuyu has 30 seconds left.\n|inactive|yuyutuyu has 20 seconds left.\n|inactive|yuyutuyu has 15 seconds left.\n|inactive|yuyutuyu has 10 seconds left.\n|\n|t:|1776564959\n|switch|p2a: Incineroar|Incineroar, L50, M|33/100\n|-ability|p2a: Incineroar|Intimidate|boost\n|-unboost|p1a: Rotom|atk|1\n|-unboost|p1b: Hydreigon|atk|1\n|move|p2b: Gengar|Protect|p2b: Gengar\n|-singleturn|p2b: Gengar|Protect\n|move|p1b: Hydreigon|Draco Meteor|p2a: Incineroar\n|-damage|p2a: Incineroar|4/100\n|-unboost|p1b: Hydreigon|spa|2\n|move|p1a: Rotom|Thunderbolt|p2a: Incineroar\n|-damage|p2a: Incineroar|0 fnt\n|faint|p2a: Incineroar\n|\n|-heal|p1a: Rotom|99/100|[from] item: Leftovers\n|upkeep\n|\n|t:|1776564971\n|switch|p2a: Basculegion|Basculegion, L50, M|100/100\n|turn|8\n|inactive|yuyutuyu has 30 seconds left.\n|\n|t:|1776565003\n|move|p1b: Hydreigon|Draco Meteor|p2b: Gengar\n|-damage|p2b: Gengar|65/100\n|-unboost|p1b: Hydreigon|spa|1\n|move|p1a: Rotom|Leaf Storm|p2a: Basculegion\n|-supereffective|p2a: Basculegion|1\n|-damage|p2a: Basculegion|0 fnt\n|-unboost|p1a: Rotom|spa|2\n|faint|p2a: Basculegion\n|move|p2b: Gengar|Icy Wind|p1a: Rotom|[spread] p1a,p1b\n|-supereffective|p1a: Rotom|1\n|-supereffective|p1b: Hydreigon|1\n|-damage|p1a: Rotom|63/100\n|-damage|p1b: Hydreigon|36/100\n|-unboost|p1a: Rotom|spe|1\n|-unboost|p1b: Hydreigon|spe|1\n|\n|-heal|p1a: Rotom|69/100|[from] item: Leftovers\n|-sideend|p1: yuyutuyu|move: Tailwind\n|upkeep\n|turn|9\n|\n|t:|1776565022\n|move|p2b: Gengar|Sludge Bomb|p1a: Rotom\n|-supereffective|p1a: Rotom|1\n|-damage|p1a: Rotom|0 fnt\n|faint|p1a: Rotom\n|move|p1b: Hydreigon|Tailwind|p1b: Hydreigon\n|-sidestart|p1: yuyutuyu|move: Tailwind\n|\n|upkeep\n|\n|t:|1776565025\n|switch|p1a: Basculegion|Basculegion, L50, M|6/100\n|turn|10\n|\n|t:|1776565031\n|move|p1a: Basculegion|Last Respects|p2b: Gengar\n|-supereffective|p2b: Gengar|1\n|-damage|p2b: Gengar|0 fnt\n|faint|p2b: Gengar\n|\n|win|yuyutuyu\n|raw|yuyutuyu's rating: 1293 &rarr; <strong>1321</strong><br />(+28 for winning)\n|raw|coberdt's rating: 1329 &rarr; <strong>1307</strong><br />(-22 for losing)\n",
  "uploadtime": 1776565032,
  "views": 78,
  "formatid": "gen9championsvgc2026regma",
  "rating": 1307,
  "private": 0,
  "password": null
}