{
  "id": "gen9championsvgc2026regma-2586356246",
  "format": "[Gen 9 Champions] VGC 2026 Reg M-A",
  "players": [
    "yusakusaki",
    "guguchu"
  ],
  "log": "|j|\u2606yusakusaki\n|j|\u2606guguchu\n|t:|1776428337\n|gametype|doubles\n|player|p1|yusakusaki|marley|1240\n|player|p2|guguchu|1|1230\n|gen|9\n|tier|[Gen 9 Champions] VGC 2026 Reg M-A\n|rated|\n|rule|Species Clause: Limit one of each Pok\u00e9mon\n|rule|Item Clause: Limit 1 of each item\n|clearpoke\n|poke|p1|Floette-Eternal, L50, F|\n|poke|p1|Delphox, L50, M|\n|poke|p1|Aerodactyl, L50, M|\n|poke|p1|Incineroar, L50, F|\n|poke|p1|Sinistcha, L50|\n|poke|p1|Sneasler, L50, M|\n|poke|p2|Delphox, L50, F|\n|poke|p2|Araquanid, L50, M|\n|poke|p2|Garchomp, L50, M|\n|poke|p2|Maushold-Four, L50|\n|poke|p2|Incineroar, L50, M|\n|poke|p2|Dragonite, L50, F|\n|teampreview|4\n|inactive|Battle timer is ON: inactive players will automatically lose when time's up. (requested by yusakusaki)\n|inactive|yusakusaki has 60 seconds left.\n|\n|t:|1776428374\n|teamsize|p1|4\n|teamsize|p2|4\n|start\n|switch|p1a: Incineroar|Incineroar, L50, F|100/100\n|switch|p1b: Floette|Floette-Eternal, L50, F|100/100\n|switch|p2a: goat|Araquanid, L50, M, shiny|100/100\n|switch|p2b: Garchomp|Garchomp, L50, M|100/100\n|-ability|p1a: Incineroar|Intimidate|boost\n|-unboost|p2a: goat|atk|1\n|-unboost|p2b: Garchomp|atk|1\n|turn|1\n|inactive|guguchu has 30 seconds left.\n|inactive|yusakusaki has 30 seconds left.\n|\n|t:|1776428413\n|detailschange|p1b: Floette|Floette-Mega, L50, F\n|-mega|p1b: Floette|Floette|Floettite\n|-ability|p1b: Floette|Fairy Aura\n|move|p1a: Incineroar|Fake Out|p2a: goat\n|-damage|p2a: goat|89/100\n|move|p1b: Floette|Dazzling Gleam|p2b: Garchomp|[spread] p2a,p2b\n|-supereffective|p2b: Garchomp|1\n|-damage|p2a: goat|56/100\n|-damage|p2b: Garchomp|16/100\n|move|p2b: Garchomp|Swords Dance|p2b: Garchomp\n|-boost|p2b: Garchomp|atk|2\n|cant|p2a: goat|flinch\n|\n|-heal|p2a: goat|62/100|[from] item: Leftovers\n|upkeep\n|turn|2\n|inactive|guguchu has 30 seconds left.\n|\n|t:|1776428446\n|move|p2a: goat|Wide Guard|p2a: goat\n|-singleturn|p2a: goat|Wide Guard\n|move|p1b: Floette|Dazzling Gleam|p2a: goat|[spread] \n|-activate|p2a: goat|move: Wide Guard\n|-activate|p2b: Garchomp|move: Wide Guard\n|move|p2b: Garchomp|Earthquake|p1a: Incineroar|[spread] p1a,p1b\n|-activate|p2a: goat|move: Wide Guard\n|-supereffective|p1a: Incineroar|1\n|-crit|p1b: Floette\n|-damage|p1a: Incineroar|10/100\n|-damage|p1b: Floette|9/100\n|move|p1a: Incineroar|Parting Shot|p2a: goat\n|-unboost|p2a: goat|atk|1\n|-unboost|p2a: goat|spa|1\n|\n|t:|1776428465\n|switch|p1a: Sinistcha|Sinistcha, L50|100/100|[from] Parting Shot\n|-heal|p1b: Floette|34/100|[from] ability: Hospitality|[of] p1a: Sinistcha\n|\n|-heal|p2a: goat|68/100|[from] item: Leftovers\n|upkeep\n|turn|3\n|\n|t:|1776428485\n|move|p2a: goat|Wide Guard|p2a: goat\n|-singleturn|p2a: goat|Wide Guard\n|move|p1b: Floette|Light of Ruin|p2b: Garchomp\n|-supereffective|p2b: Garchomp|1\n|-damage|p2b: Garchomp|0 fnt\n|faint|p2b: Garchomp\n|-damage|p1b: Floette|25/100|[from] Recoil\n|move|p1a: Sinistcha|Matcha Gotcha|p2a: goat\n|-activate|p2a: goat|move: Wide Guard\n|\n|-heal|p2a: goat|74/100|[from] item: Leftovers\n|upkeep\n|\n|t:|1776428503\n|switch|p2b: Delphox|Delphox, L50, F, shiny|100/100\n|turn|4\n|\n|t:|1776428520\n|switch|p1b: Incineroar|Incineroar, L50, F|10/100\n|-ability|p1b: Incineroar|Intimidate|boost\n|-unboost|p2a: goat|atk|1\n|-unboost|p2b: Delphox|atk|1\n|detailschange|p2b: Delphox|Delphox-Mega, L50, F, shiny\n|-mega|p2b: Delphox|Delphox|Delphoxite\n|move|p2b: Delphox|Heat Wave|p1b: Incineroar|[spread] p1a,p1b\n|-supereffective|p1a: Sinistcha|1\n|-resisted|p1b: Incineroar|1\n|-damage|p1a: Sinistcha|8/100\n|-damage|p1b: Incineroar|0 fnt\n|-enditem|p1a: Sinistcha|Sitrus Berry|[eat]\n|-heal|p1a: Sinistcha|33/100|[from] item: Sitrus Berry\n|faint|p1b: Incineroar\n|move|p1a: Sinistcha|Life Dew|p1a: Sinistcha\n|-heal|p1a: Sinistcha|58/100\n|move|p2a: goat|Sticky Web|p1a: Sinistcha\n|-sidestart|p1: yusakusaki|move: Sticky Web\n|\n|-heal|p2a: goat|79/100|[from] item: Leftovers\n|upkeep\n|\n|t:|1776428539\n|switch|p1b: Aerodactyl|Aerodactyl, L50, M|100/100\n|turn|5\n|\n|t:|1776428549\n|move|p2b: Delphox|Protect|p2b: Delphox\n|-singleturn|p2b: Delphox|Protect\n|move|p1b: Aerodactyl|Rock Slide|p2b: Delphox|[spread] p2a\n|-activate|p2b: Delphox|move: Protect\n|-supereffective|p2a: goat|1\n|-damage|p2a: goat|23/100\n|move|p1a: Sinistcha|Matcha Gotcha|p2a: goat|[spread] p2a\n|-activate|p2b: Delphox|move: Protect\n|-damage|p2a: goat|6/100\n|-heal|p1a: Sinistcha|66/100|[from] drain|[of] p2a: goat\n|move|p2a: goat|Liquidation|p1b: Aerodactyl\n|-supereffective|p1b: Aerodactyl|1\n|-damage|p1b: Aerodactyl|32/100\n|-unboost|p1b: Aerodactyl|def|1\n|\n|-heal|p2a: goat|12/100|[from] item: Leftovers\n|upkeep\n|turn|6\n|\n|t:|1776428573\n|move|p2a: goat|Wide Guard|p2a: goat\n|-singleturn|p2a: goat|Wide Guard\n|move|p1a: Sinistcha|Rage Powder|p1a: Sinistcha\n|-singleturn|p1a: Sinistcha|move: Rage Powder\n|move|p1b: Aerodactyl|Rock Slide|p2a: goat|[spread] \n|-activate|p2a: goat|move: Wide Guard\n|-activate|p2b: Delphox|move: Wide Guard\n|move|p2b: Delphox|Heat Wave|p1a: Sinistcha|[spread] p1a,p1b\n|-supereffective|p1a: Sinistcha|1\n|-resisted|p1b: Aerodactyl|1\n|-damage|p1a: Sinistcha|0 fnt\n|-damage|p1b: Aerodactyl|0 fnt\n|faint|p1a: Sinistcha\n|faint|p1b: Aerodactyl\n|\n|-heal|p2a: goat|18/100|[from] item: Leftovers\n|upkeep\n|inactive|yusakusaki has 30 seconds left.\n|\n|t:|1776428602\n|switch|p1b: Floette|Floette-Mega, L50, F|25/100\n|-activate|p1b: Floette|move: Sticky Web\n|-unboost|p1b: Floette|spe|1\n|-ability|p1b: Floette|Fairy Aura\n|turn|7\n|-message|yusakusaki forfeited.\n|\n|win|guguchu\n|raw|yusakusaki's rating: 1240 &rarr; <strong>1214</strong><br />(-26 for losing)\n|raw|guguchu's rating: 1230 &rarr; <strong>1256</strong><br />(+26 for winning)\n|l|\u2606yusakusaki\n|player|p1|\n|l|\u2606guguchu\n|player|p2|\n|j|\u2606guguchu\n|player|p2|guguchu|1|\n|l|\u2606guguchu\n|player|p2|\n|j|\u2606guguchu\n|player|p2|guguchu|1|\n",
  "uploadtime": 1776429197,
  "views": 38,
  "formatid": "gen9championsvgc2026regma",
  "rating": 1214,
  "private": 0,
  "password": null
}