{
  "id": "gen9championsvgc2026regma-2585069097",
  "format": "[Gen 9 Champions] VGC 2026 Reg M-A",
  "players": [
    "gymnmons",
    "Mishsire"
  ],
  "log": "|j|\u2606gymnmons\n|j|\u2606Mishsire\n|t:|1776308580\n|gametype|doubles\n|player|p1|gymnmons|lance|\n|player|p2|Mishsire|chili|\n|gen|9\n|tier|[Gen 9 Champions] VGC 2026 Reg M-A\n|rated|Tournament battle\n|rule|Species Clause: Limit one of each Pok\u00e9mon\n|rule|Item Clause: Limit 1 of each item\n|clearpoke\n|poke|p1|Kangaskhan, L50, F|\n|poke|p1|Delphox, L50, F|\n|poke|p1|Hydreigon, L50, M|\n|poke|p1|Garchomp, L50, F|\n|poke|p1|Sneasler, L50, M|\n|poke|p1|Farigiraf, L50, M|\n|poke|p2|Glimmora, L50, F|\n|poke|p2|Whimsicott, L50, F|\n|poke|p2|Basculegion, L50, M|\n|poke|p2|Incineroar, L50, F|\n|poke|p2|Garchomp, L50, M|\n|poke|p2|Decidueye-Hisui, L50, F|\n|teampreview|4\n|j| ShirtlessRayRizzo\n|c|\u2606Mishsire|glhf\n|j| khungcanh\n|j| OnToTheOther\n|c|\u2606gymnmons|u2\n|j| chumba03\n|j| Rainpelt103\n|\n|t:|1776308675\n|teamsize|p1|4\n|teamsize|p2|4\n|start\n|switch|p1a: Delphox|Delphox, L50, F, shiny|100/100\n|switch|p1b: Sneasler|Sneasler, L50, M|100/100\n|switch|p2a: orange sherbet|Whimsicott, L50, F|100/100\n|switch|p2b: salt&pepper shrimp|Basculegion, L50, M|100/100\n|turn|1\n|\n|t:|1776308690\n|move|p1a: Delphox|Protect|p1a: Delphox\n|-singleturn|p1a: Delphox|Protect\n|move|p2a: orange sherbet|Tailwind|p2a: orange sherbet\n|-sidestart|p2: Mishsire|move: Tailwind\n|move|p2b: salt&pepper shrimp|Wave Crash|p1b: Sneasler\n|-damage|p1b: Sneasler|0 fnt\n|faint|p1b: Sneasler\n|-damage|p2b: salt&pepper shrimp|72/100|[from] Recoil\n|\n|upkeep\n|\n|t:|1776308700\n|switch|p1b: Garchomp|Garchomp, L50, F|100/100\n|turn|2\n|j| teal_knight\n|\n|t:|1776308716\n|switch|p1a: Hydreigon|Hydreigon, L50, M|100/100\n|move|p2a: orange sherbet|Encore|p1a: Hydreigon\n|-hint|Since gen 7, Dark is immune to Prankster moves.\n|-immune|p1a: Hydreigon\n|move|p2b: salt&pepper shrimp|Wave Crash|p1b: Garchomp\n|-damage|p1b: Garchomp|13/100\n|-damage|p2b: salt&pepper shrimp|59/100|[from] ability: Rough Skin|[of] p1b: Garchomp\n|-damage|p2b: salt&pepper shrimp|29/100|[from] Recoil\n|move|p1b: Garchomp|Earthquake|p2b: salt&pepper shrimp|[spread] p2a,p2b\n|-immune|p1a: Hydreigon|[from] ability: Levitate\n|-resisted|p2a: orange sherbet|1\n|-damage|p2a: orange sherbet|66/100\n|-damage|p2b: salt&pepper shrimp|0 fnt\n|faint|p2b: salt&pepper shrimp\n|\n|upkeep\n|\n|t:|1776308726\n|switch|p2b: steak yakisoba|Glimmora, L50, F|100/100\n|turn|3\n|\n|t:|1776308739\n|switch|p1a: Delphox|Delphox, L50, F, shiny|100/100\n|detailschange|p2b: steak yakisoba|Glimmora-Mega, L50, F\n|-mega|p2b: steak yakisoba|Glimmora|Glimmoranite\n|move|p1b: Garchomp|Protect|p1b: Garchomp\n|-singleturn|p1b: Garchomp|Protect\n|move|p2a: orange sherbet|Moonblast|p1a: Delphox\n|-resisted|p1a: Delphox|1\n|-damage|p1a: Delphox|79/100\n|move|p2b: steak yakisoba|Power Gem|p1b: Garchomp\n|-activate|p1b: Garchomp|move: Protect\n|\n|upkeep\n|turn|4\n|\n|t:|1776308770\n|switch|p1b: Hydreigon|Hydreigon, L50, M|100/100\n|move|p1a: Delphox|Protect|p1a: Delphox\n|-singleturn|p1a: Delphox|Protect\n|move|p2a: orange sherbet|Moonblast|p1b: Hydreigon\n|-supereffective|p1b: Hydreigon|2\n|-damage|p1b: Hydreigon|0 fnt\n|faint|p1b: Hydreigon\n|move|p2b: steak yakisoba|Power Gem|p1a: Delphox\n|-activate|p1a: Delphox|move: Protect\n|\n|-sideend|p2: Mishsire|move: Tailwind\n|upkeep\n|\n|t:|1776308776\n|switch|p1b: Garchomp|Garchomp, L50, F|13/100\n|turn|5\n|\n|t:|1776308801\n|detailschange|p1a: Delphox|Delphox-Mega, L50, F, shiny\n|-mega|p1a: Delphox|Delphox|Delphoxite\n|move|p2a: orange sherbet|Tailwind|p2a: orange sherbet\n|-sidestart|p2: Mishsire|move: Tailwind\n|move|p2b: steak yakisoba|Power Gem|p1b: Garchomp\n|-resisted|p1b: Garchomp|1\n|-damage|p1b: Garchomp|0 fnt\n|faint|p1b: Garchomp\n|move|p1a: Delphox|Heat Wave|p2b: steak yakisoba|[spread] p2a,p2b\n|-supereffective|p2a: orange sherbet|1\n|-resisted|p2b: steak yakisoba|1\n|-damage|p2a: orange sherbet|0 fnt\n|-damage|p2b: steak yakisoba|75/100\n|faint|p2a: orange sherbet\n|\n|upkeep\n|c|\u2606gymnmons|gg\n|\n|t:|1776308812\n|switch|p2a: pastrami sandwich|Garchomp, L50, M|100/100\n|turn|6\n|c|\u2606Mishsire|gg\n|-message|gymnmons forfeited.\n|\n|win|Mishsire\n|n|\u2606gymnmons|gymnmons\n|n|\u2606Mishsire|mishsire\n|n| ShirtlessRayRizzo|shirtlessrayrizzo\n|n| khungcanh|khungcanh\n|n| OnToTheOther|ontotheother\n|n| chumba03|chumba03\n|n| Rainpelt103|rainpelt103\n|n| teal_knight|tealknight\n",
  "uploadtime": 1776308815,
  "views": 18,
  "formatid": "gen9championsvgc2026regma",
  "rating": null,
  "private": 0,
  "password": null
}