{
  "id": "gen9championsvgc2026regma-2585025659",
  "format": "[Gen 9 Champions] VGC 2026 Reg M-A",
  "players": [
    "Fatalno",
    "Gobloney"
  ],
  "log": "|j|\u2606Fatalno\n|j|\u2606Gobloney\n|t:|1776304473\n|gametype|doubles\n|player|p1|Fatalno|cress|1135\n|player|p2|Gobloney|pokemaniac-gen3rs|1042\n|gen|9\n|tier|[Gen 9 Champions] VGC 2026 Reg M-A\n|rated|\n|rule|Species Clause: Limit one of each Pok\u00e9mon\n|rule|Item Clause: Limit 1 of each item\n|clearpoke\n|poke|p1|Aegislash, L50, M|\n|poke|p1|Feraligatr, L50, F|\n|poke|p1|Aerodactyl, L50, F|\n|poke|p1|Tauros-Paldea-Blaze, L50, M|\n|poke|p1|Decidueye-Hisui, L50, F|\n|poke|p1|Dragapult, L50, F|\n|poke|p2|Tyranitar, L50, F|\n|poke|p2|Garchomp, L50, F|\n|poke|p2|Starmie, L50|\n|poke|p2|Aegislash, L50, M|\n|poke|p2|Aerodactyl, L50, M|\n|poke|p2|Rotom-Heat, L50|\n|teampreview|4\n|\n|t:|1776304514\n|teamsize|p1|4\n|teamsize|p2|4\n|start\n|switch|p1a: Tauros|Tauros-Paldea-Blaze, L50, M|100/100\n|switch|p1b: Dragapult|Dragapult, L50, F|100/100\n|switch|p2a: Mog Champ|Aerodactyl, L50, M, shiny|100/100\n|switch|p2b: Shirafugi|Tyranitar, L50, F, shiny|100/100\n|-ability|p2a: Mog Champ|Unnerve\n|-weather|Sandstorm|[from] ability: Sand Stream|[of] p2b: Shirafugi\n|-ability|p1a: Tauros|Intimidate|boost\n|-unboost|p2a: Mog Champ|atk|1\n|-unboost|p2b: Shirafugi|atk|1\n|turn|1\n|\n|t:|1776304533\n|switch|p2b: Conqueror Starro|Starmie, L50, shiny|100/100\n|move|p1b: Dragapult|Dragon Darts|p2a: Mog Champ\n|-damage|p2a: Mog Champ|58/100\n|-anim|p1b: Dragapult|Dragon Darts|p2b: Conqueror Starro\n|-damage|p2b: Conqueror Starro|65/100\n|move|p2a: Mog Champ|Tailwind|p2a: Mog Champ\n|-sidestart|p2: Gobloney|move: Tailwind\n|move|p1a: Tauros|Wild Charge|p2a: Mog Champ\n|-supereffective|p2a: Mog Champ|1\n|-damage|p2a: Mog Champ|0 fnt\n|faint|p2a: Mog Champ\n|-damage|p1a: Tauros|88/100|[from] Recoil\n|\n|-weather|Sandstorm|[upkeep]\n|-damage|p2b: Conqueror Starro|59/100|[from] Sandstorm\n|-damage|p1b: Dragapult|94/100|[from] Sandstorm\n|-damage|p1a: Tauros|82/100|[from] Sandstorm\n|upkeep\n|\n|t:|1776304556\n|switch|p2a: Shirahagi|Garchomp, L50, F, shiny|100/100\n|turn|2\n|\n|t:|1776304566\n|detailschange|p2b: Conqueror Starro|Starmie-Mega, L50, shiny\n|-mega|p2b: Conqueror Starro|Starmie|Starminite\n|move|p1a: Tauros|Protect|p1a: Tauros\n|-singleturn|p1a: Tauros|Protect\n|move|p2b: Conqueror Starro|Skill Swap|p2a: Shirahagi\n|-activate|p2b: Conqueror Starro|Skill Swap|||[of] p2a: Shirahagi\n|move|p2a: Shirahagi|Dragon Claw|p1b: Dragapult\n|-supereffective|p1b: Dragapult|1\n|-damage|p1b: Dragapult|0 fnt\n|faint|p1b: Dragapult\n|\n|-weather|Sandstorm|[upkeep]\n|-damage|p1a: Tauros|76/100|[from] Sandstorm\n|upkeep\n|\n|t:|1776304579\n|switch|p1b: Decidueye|Decidueye-Hisui, L50, F|100/100\n|turn|3\n|\n|t:|1776304623\n|switch|p1a: Feraligatr|Feraligatr, L50, F|100/100\n|move|p1b: Decidueye|Shadow Sneak|p2b: Conqueror Starro|[miss]\n|-miss|p1b: Decidueye|p2b: Conqueror Starro\n|move|p2b: Conqueror Starro|Liquidation|p1a: Feraligatr\n|-resisted|p1a: Feraligatr|1\n|-damage|p1a: Feraligatr|78/100\n|move|p2a: Shirahagi|Dragon Claw|p1b: Decidueye\n|-damage|p1b: Decidueye|24/100\n|\n|-weather|Sandstorm|[upkeep]\n|-damage|p1a: Feraligatr|72/100|[from] Sandstorm\n|-damage|p1b: Decidueye|17/100|[from] Sandstorm\n|upkeep\n|turn|4\n|\n|t:|1776304643\n|switch|p1b: Tauros|Tauros-Paldea-Blaze, L50, M|76/100\n|-ability|p1b: Tauros|Intimidate|boost\n|-unboost|p2a: Shirahagi|atk|1\n|-unboost|p2b: Conqueror Starro|atk|1\n|-enditem|p2a: Shirahagi|White Herb\n|-clearnegativeboost|p2a: Shirahagi|[silent]\n|detailschange|p1a: Feraligatr|Feraligatr-Mega, L50, F\n|-mega|p1a: Feraligatr|Feraligatr|Feraligite\n|move|p2b: Conqueror Starro|Protect|p2b: Conqueror Starro\n|-singleturn|p2b: Conqueror Starro|Protect\n|move|p1a: Feraligatr|Protect|p1a: Feraligatr\n|-singleturn|p1a: Feraligatr|Protect\n|move|p2a: Shirahagi|Earthquake|p1a: Feraligatr|[spread] p1b\n|-activate|p2b: Conqueror Starro|move: Protect\n|-activate|p1a: Feraligatr|move: Protect\n|-supereffective|p1b: Tauros|1\n|-damage|p1b: Tauros|0 fnt\n|faint|p1b: Tauros\n|\n|-weather|Sandstorm|[upkeep]\n|-damage|p1a: Feraligatr|66/100|[from] Sandstorm\n|-sideend|p2: Gobloney|move: Tailwind\n|upkeep\n|\n|t:|1776304658\n|switch|p1b: Decidueye|Decidueye-Hisui, L50, F|17/100\n|turn|5\n|\n|t:|1776304675\n|switch|p2b: Shirafugi|Tyranitar, L50, F, shiny|100/100\n|move|p1b: Decidueye|Shadow Sneak|p2b: Shirafugi\n|-resisted|p2b: Shirafugi|1\n|-damage|p2b: Shirafugi|95/100\n|move|p2a: Shirahagi|Dragon Claw|p1a: Feraligatr\n|-supereffective|p1a: Feraligatr|1\n|-damage|p1a: Feraligatr|0 fnt\n|faint|p1a: Feraligatr\n|\n|-weather|none\n|upkeep\n|turn|6\n|\n|t:|1776304692\n|move|p2b: Shirafugi|Ice Punch|p1b: Decidueye\n|-supereffective|p1b: Decidueye|1\n|-damage|p1b: Decidueye|0 fnt\n|faint|p1b: Decidueye\n|\n|win|Gobloney\n|raw|Fatalno's rating: 1135 &rarr; <strong>1103</strong><br />(-32 for losing)\n|raw|Gobloney's rating: 1042 &rarr; <strong>1085</strong><br />(+43 for winning)\n|c|\u2606Fatalno|gg\n|l|\u2606Fatalno\n|player|p1|\n|c|\u2606Gobloney|GGs\n",
  "uploadtime": 1776304810,
  "views": 42,
  "formatid": "gen9championsvgc2026regma",
  "rating": 1085,
  "private": 0,
  "password": null
}