{
  "id": "gen9championsvgc2026regma-2588591450",
  "format": "[Gen 9 Champions] VGC 2026 Reg M-A",
  "players": [
    "V GPF V",
    "CarajilloMan"
  ],
  "log": "|j|\u2606V GPF V\n|j|\u2606CarajilloMan\n|t:|1776648067\n|gametype|doubles\n|player|p1|V GPF V|juan|1514\n|player|p2|CarajilloMan|ninjaboy|1505\n|gen|9\n|tier|[Gen 9 Champions] VGC 2026 Reg M-A\n|rated|\n|rule|Species Clause: Limit one of each Pok\u00e9mon\n|rule|Item Clause: Limit 1 of each item\n|clearpoke\n|poke|p1|Glimmora, L50, F|\n|poke|p1|Farigiraf, L50, F|\n|poke|p1|Sneasler, L50, F|\n|poke|p1|Pelipper, L50, M|\n|poke|p1|Archaludon, L50, F|\n|poke|p1|Basculegion, L50, M|\n|poke|p2|Froslass, L50, F|\n|poke|p2|Milotic, L50, F|\n|poke|p2|Rotom-Frost, L50|\n|poke|p2|Excadrill, L50, M|\n|poke|p2|Incineroar, L50, M|\n|poke|p2|Corviknight, L50, M|\n|teampreview|4\n|j| ReZeroGrav1ty\n|j| TheWiseMonk\n|j| zSpacePirate\n|c| TheWiseMonk|hello\n|c|\u2606CarajilloMan|glhf\n|c|\u2606V GPF V|hi guys\n|c|\u2606V GPF V|u too\n|c| TheWiseMonk|put on a good show for me :D\n|\n|t:|1776648128\n|teamsize|p1|4\n|teamsize|p2|4\n|start\n|switch|p1a: Glimmora|Glimmora, L50, F|100/100\n|switch|p1b: Farigiraf|Farigiraf, L50, F|100/100\n|switch|p2a: Rotom|Rotom-Frost, L50|100/100\n|switch|p2b: Excadrill|Excadrill, L50, M|100/100\n|-ability|p2b: Excadrill|Mold Breaker\n|turn|1\n|\n|t:|1776648159\n|move|p1a: Glimmora|Spiky Shield|p1a: Glimmora\n|-singleturn|p1a: Glimmora|move: Protect\n|move|p2a: Rotom|Volt Switch|p1b: Farigiraf\n|-damage|p1b: Farigiraf|78/100\n|\n|t:|1776648168\n|switch|p2a: Incineroar|Incineroar, L50, M|100/100|[from] Volt Switch\n|-ability|p2a: Incineroar|Intimidate|boost\n|-unboost|p1a: Glimmora|atk|1\n|-unboost|p1b: Farigiraf|atk|1\n|move|p2b: Excadrill|High Horsepower|p1b: Farigiraf|[miss]\n|-miss|p2b: Excadrill|p1b: Farigiraf\n|move|p1b: Farigiraf|Psychic|p2b: Excadrill\n|-resisted|p2b: Excadrill|1\n|-damage|p2b: Excadrill|78/100\n|\n|upkeep\n|turn|2\n|\n|t:|1776648190\n|switch|p1a: Pelipper|Pelipper, L50, M|100/100\n|-weather|RainDance|[from] ability: Drizzle|[of] p1a: Pelipper\n|switch|p1b: Archaludon|Archaludon, L50, F|100/100\n|move|p2b: Excadrill|High Horsepower|p1a: Pelipper\n|-immune|p1a: Pelipper\n|move|p2a: Incineroar|Parting Shot|p1b: Archaludon\n|-unboost|p1b: Archaludon|atk|1\n|-unboost|p1b: Archaludon|spa|1\n|l| ReZeroGrav1ty\n|\n|t:|1776648201\n|switch|p2a: Rotom|Rotom-Frost, L50|100/100|[from] Parting Shot\n|\n|-weather|RainDance|[upkeep]\n|upkeep\n|turn|3\n|\n|t:|1776648230\n|switch|p1a: Farigiraf|Farigiraf, L50, F|78/100\n|move|p1b: Archaludon|Protect|p1b: Archaludon\n|-singleturn|p1b: Archaludon|Protect\n|move|p2a: Rotom|Volt Switch|p1a: Farigiraf\n|-damage|p1a: Farigiraf|56/100\n|\n|t:|1776648238\n|switch|p2a: Froslass|Froslass, L50, F|100/100|[from] Volt Switch\n|move|p2b: Excadrill|Iron Head|p1a: Farigiraf\n|-damage|p1a: Farigiraf|14/100\n|\n|-weather|RainDance|[upkeep]\n|upkeep\n|turn|4\n|\n|t:|1776648261\n|detailschange|p2a: Froslass|Froslass-Mega, L50, F\n|-mega|p2a: Froslass|Froslass|Froslassite\n|-weather|Snowscape|[from] ability: Snow Warning|[of] p2a: Froslass\n|move|p2a: Froslass|Blizzard|p1a: Farigiraf|[spread] p1a,p1b\n|-damage|p1a: Farigiraf|0 fnt\n|-damage|p1b: Archaludon|62/100\n|-ability|p1b: Archaludon|Stamina|boost\n|-boost|p1b: Archaludon|def|1\n|faint|p1a: Farigiraf\n|move|p2b: Excadrill|High Horsepower|p1b: Archaludon\n|-supereffective|p1b: Archaludon|1\n|-damage|p1b: Archaludon|16/100\n|-ability|p1b: Archaludon|Stamina|boost\n|-boost|p1b: Archaludon|def|1\n|move|p1b: Archaludon|Flash Cannon|p2a: Froslass\n|-supereffective|p2a: Froslass|1\n|-damage|p2a: Froslass|43/100\n|\n|-weather|Snowscape|[upkeep]\n|-heal|p1b: Archaludon|22/100|[from] item: Leftovers\n|upkeep\n|\n|t:|1776648274\n|switch|p1a: Glimmora|Glimmora, L50, F|100/100\n|turn|5\n|\n|t:|1776648286\n|switch|p1b: Pelipper|Pelipper, L50, M|100/100\n|-weather|RainDance|[from] ability: Drizzle|[of] p1b: Pelipper\n|detailschange|p1a: Glimmora|Glimmora-Mega, L50, F\n|-mega|p1a: Glimmora|Glimmora|Glimmoranite\n|move|p2a: Froslass|Protect|p2a: Froslass\n|-singleturn|p2a: Froslass|Protect\n|move|p1a: Glimmora|Earth Power|p2b: Excadrill\n|-supereffective|p2b: Excadrill|1\n|-damage|p2b: Excadrill|0 fnt\n|faint|p2b: Excadrill\n|\n|-weather|RainDance|[upkeep]\n|upkeep\n|\n|t:|1776648302\n|switch|p2b: Rotom|Rotom-Frost, L50|100/100\n|turn|6\n|\n|t:|1776648313\n|switch|p2a: Incineroar|Incineroar, L50, M|100/100\n|-ability|p2a: Incineroar|Intimidate|boost\n|-unboost|p1a: Glimmora|atk|1\n|-unboost|p1b: Pelipper|atk|1\n|switch|p1b: Archaludon|Archaludon, L50, F|22/100\n|move|p2b: Rotom|Volt Switch|p1b: Archaludon\n|-resisted|p1b: Archaludon|1\n|-damage|p1b: Archaludon|9/100\n|-ability|p1b: Archaludon|Stamina|boost\n|-boost|p1b: Archaludon|def|1\n|\n|t:|1776648321\n|switch|p2b: Froslass|Froslass-Mega, L50, F|43/100|[from] Volt Switch\n|-weather|Snowscape|[from] ability: Snow Warning|[of] p2b: Froslass\n|move|p1a: Glimmora|Sludge Bomb|p2b: Froslass\n|-resisted|p2b: Froslass|1\n|-damage|p2b: Froslass|0 fnt\n|faint|p2b: Froslass\n|\n|-weather|Snowscape|[upkeep]\n|-heal|p1b: Archaludon|15/100|[from] item: Leftovers\n|upkeep\n|\n|t:|1776648323\n|switch|p2b: Rotom|Rotom-Frost, L50|100/100\n|turn|7\n|\n|t:|1776648336\n|move|p1a: Glimmora|Spiky Shield|p1a: Glimmora\n|-singleturn|p1a: Glimmora|move: Protect\n|move|p1b: Archaludon|Protect|p1b: Archaludon\n|-singleturn|p1b: Archaludon|Protect\n|move|p2a: Incineroar|Fake Out|p1a: Glimmora\n|-activate|p1a: Glimmora|move: Protect\n|-damage|p2a: Incineroar|88/100|[from] Spiky Shield|[of] p1a: Glimmora\n|move|p2b: Rotom|Thunderbolt|p1b: Archaludon\n|-activate|p1b: Archaludon|move: Protect\n|\n|-weather|Snowscape|[upkeep]\n|-heal|p1b: Archaludon|21/100|[from] item: Leftovers\n|upkeep\n|turn|8\n|\n|t:|1776648354\n|move|p2b: Rotom|Thunderbolt|p1b: Archaludon\n|-resisted|p1b: Archaludon|1\n|-damage|p1b: Archaludon|3/100\n|-ability|p1b: Archaludon|Stamina|boost\n|-boost|p1b: Archaludon|def|1\n|move|p1a: Glimmora|Power Gem|p2a: Incineroar\n|-supereffective|p2a: Incineroar|1\n|-damage|p2a: Incineroar|0 fnt\n|faint|p2a: Incineroar\n|move|p1b: Archaludon|Flash Cannon|p2b: Rotom\n|-damage|p2b: Rotom|58/100\n|\n|-weather|Snowscape|[upkeep]\n|-heal|p1b: Archaludon|9/100|[from] item: Leftovers\n|upkeep\n|turn|9\n|c|\u2606CarajilloMan|gg\n|-message|CarajilloMan forfeited.\n|\n|win|V GPF V\n|raw|V GPF V's rating: 1514 &rarr; <strong>1533</strong><br />(+19 for winning)\n|raw|CarajilloMan's rating: 1505 &rarr; <strong>1486</strong><br />(-19 for losing)\n|c|\u2606V GPF V|gg\n|l|\u2606CarajilloMan\n|player|p2|\n|c| TheWiseMonk|gg\n|l| TheWiseMonk\n|l| zSpacePirate\n|l|\u2606V GPF V\n|player|p1|\n|j|\u2606V GPF V\n|player|p1|V GPF V|juan|\n",
  "uploadtime": 1776648401,
  "views": 10,
  "formatid": "gen9championsvgc2026regma",
  "rating": 1486,
  "private": 0,
  "password": null
}