{
  "id": "gen9championsvgc2026regma-2588389245",
  "format": "[Gen 9 Champions] VGC 2026 Reg M-A",
  "players": [
    "PhantomSnorlax",
    "adeiza9"
  ],
  "log": "|j|\u2606PhantomSnorlax\n|j|\u2606adeiza9\n|t:|1776629423\n|gametype|doubles\n|player|p1|PhantomSnorlax|pokemonbreeder-gen4|1231\n|player|p2|adeiza9|steven|1133\n|gen|9\n|tier|[Gen 9 Champions] VGC 2026 Reg M-A\n|rated|\n|rule|Species Clause: Limit one of each Pok\u00e9mon\n|rule|Item Clause: Limit 1 of each item\n|clearpoke\n|poke|p1|Floette-Eternal, L50, F|\n|poke|p1|Dragapult, L50, M|\n|poke|p1|Rotom-Wash, L50|\n|poke|p1|Arcanine-Hisui, L50, F|\n|poke|p1|Sneasler, L50, F|\n|poke|p1|Kingambit, L50, F|\n|poke|p2|Basculegion, L50, M, shiny|\n|poke|p2|Garchomp, L50, M|\n|poke|p2|Pelipper, L50, M|\n|poke|p2|Blastoise, L50, M|\n|poke|p2|Archaludon, L50, M, shiny|\n|poke|p2|Farigiraf, L50, F|\n|teampreview|4\n|inactive|Battle timer is ON: inactive players will automatically lose when time's up. (requested by adeiza9)\n|\n|t:|1776629449\n|teamsize|p1|4\n|teamsize|p2|4\n|start\n|switch|p1a: Sneasler|Sneasler, L50, F|100/100\n|switch|p1b: Dragapult|Dragapult, L50, M|100/100\n|switch|p2a: Farigiraf|Farigiraf, L50, F|100/100\n|switch|p2b: Garchomp|Garchomp, L50, M|100/100\n|turn|1\n|\n|t:|1776629469\n|move|p1b: Dragapult|Dragon Pulse|p2b: Garchomp\n|-supereffective|p2b: Garchomp|1\n|-damage|p2b: Garchomp|37/100\n|move|p1a: Sneasler|Close Combat|p2b: Garchomp\n|-damage|p2b: Garchomp|0 fnt\n|-unboost|p1a: Sneasler|def|1\n|-unboost|p1a: Sneasler|spd|1\n|-damage|p1a: Sneasler|88/100|[from] ability: Rough Skin|[of] p2b: Garchomp\n|faint|p2b: Garchomp\n|-enditem|p1a: Sneasler|White Herb\n|-clearnegativeboost|p1a: Sneasler|[silent]\n|move|p2a: Farigiraf|Trick Room|p2a: Farigiraf\n|-fieldstart|move: Trick Room|[of] p2a: Farigiraf\n|\n|upkeep\n|\n|t:|1776629482\n|switch|p2b: Blastoise|Blastoise, L50, M|100/100\n|turn|2\n|\n|t:|1776629493\n|detailschange|p2b: Blastoise|Blastoise-Mega, L50, M\n|-mega|p2b: Blastoise|Blastoise|Blastoisinite\n|move|p1a: Sneasler|Protect|p1a: Sneasler\n|-singleturn|p1a: Sneasler|Protect\n|move|p2a: Farigiraf|Psychic Noise|p1a: Sneasler\n|-activate|p1a: Sneasler|move: Protect\n|move|p2b: Blastoise|Ice Beam|p1b: Dragapult\n|-supereffective|p1b: Dragapult|1\n|-damage|p1b: Dragapult|8/100\n|-status|p1b: Dragapult|frz\n|-start|p2b: Blastoise|Disable|Ice Beam|[from] ability: Cursed Body|[of] p1b: Dragapult\n|cant|p1b: Dragapult|frz\n|\n|upkeep\n|turn|3\n|\n|t:|1776629517\n|switch|p2a: Pelipper|Pelipper, L50, M|100/100\n|-weather|RainDance|[from] ability: Drizzle|[of] p2a: Pelipper\n|switch|p1a: Kingambit|Kingambit, L50, F|100/100\n|move|p2b: Blastoise|Water Spout|p1b: Dragapult|[spread] p1a,p1b\n|-resisted|p1b: Dragapult|1\n|-damage|p1a: Kingambit|7/100\n|-damage|p1b: Dragapult|0 fnt\n|faint|p1b: Dragapult\n|\n|-weather|RainDance|[upkeep]\n|upkeep\n|\n|t:|1776629530\n|switch|p1b: Sneasler|Sneasler, L50, F|88/100\n|turn|4\n|\n|t:|1776629554\n|switch|p2b: Farigiraf|Farigiraf, L50, F|100/100\n|move|p1b: Sneasler|Fake Out||[still]\n|cant|p2b: Farigiraf|ability: Armor Tail|Fake Out|[of] p1b: Sneasler\n|move|p1a: Kingambit|Sucker Punch||[still]\n|cant|p2b: Farigiraf|ability: Armor Tail|Sucker Punch|[of] p1a: Kingambit\n|move|p2a: Pelipper|Weather Ball|p1a: Kingambit\n|-damage|p1a: Kingambit|0 fnt\n|faint|p1a: Kingambit\n|\n|-weather|RainDance|[upkeep]\n|upkeep\n|\n|t:|1776629559\n|switch|p1a: Rotom|Rotom-Wash, L50|100/100\n|turn|5\n|\n|t:|1776629582\n|move|p2a: Pelipper|Helping Hand|p2b: Farigiraf\n|-singleturn|p2b: Farigiraf|Helping Hand|[of] p2a: Pelipper\n|move|p1b: Sneasler|Protect|p1b: Sneasler\n|-singleturn|p1b: Sneasler|Protect\n|move|p2b: Farigiraf|Hyper Voice|p1a: Rotom|[spread] p1a\n|-activate|p1b: Sneasler|move: Protect\n|-damage|p1a: Rotom|43/100\n|move|p1a: Rotom|Nasty Plot|p1a: Rotom\n|-boost|p1a: Rotom|spa|2\n|\n|-weather|RainDance|[upkeep]\n|-heal|p1a: Rotom|49/100|[from] item: Leftovers\n|-fieldend|move: Trick Room\n|upkeep\n|turn|6\n|inactive|adeiza9 has 30 seconds left.\n|\n|t:|1776629609\n|move|p1b: Sneasler|Close Combat|p2b: Farigiraf\n|-damage|p2b: Farigiraf|16/100\n|-unboost|p1b: Sneasler|def|1\n|-unboost|p1b: Sneasler|spd|1\n|move|p1a: Rotom|Thunderbolt|p2b: Farigiraf\n|-damage|p2b: Farigiraf|0 fnt\n|faint|p2b: Farigiraf\n|move|p2a: Pelipper|Hurricane|p1b: Sneasler\n|-supereffective|p1b: Sneasler|1\n|-damage|p1b: Sneasler|0 fnt\n|faint|p1b: Sneasler\n|\n|-weather|RainDance|[upkeep]\n|-heal|p1a: Rotom|55/100|[from] item: Leftovers\n|upkeep\n|\n|t:|1776629627\n|switch|p2b: Blastoise|Blastoise-Mega, L50, M|100/100\n|turn|7\n|\n|t:|1776629643\n|move|p1a: Rotom|Protect|p1a: Rotom\n|-singleturn|p1a: Rotom|Protect\n|move|p2b: Blastoise|Fake Out|p1a: Rotom\n|-activate|p1a: Rotom|move: Protect\n|move|p2a: Pelipper|Weather Ball|p1a: Rotom\n|-activate|p1a: Rotom|move: Protect\n|\n|-weather|none\n|-heal|p1a: Rotom|60/100|[from] item: Leftovers\n|upkeep\n|turn|8\n|inactive|adeiza9 has 30 seconds left.\n|\n|t:|1776629676\n|move|p1a: Rotom|Thunderbolt|p2b: Blastoise\n|-supereffective|p2b: Blastoise|1\n|-damage|p2b: Blastoise|0 fnt\n|faint|p2b: Blastoise\n|move|p2a: Pelipper|Tailwind|p2a: Pelipper\n|-sidestart|p2: adeiza9|move: Tailwind\n|\n|-heal|p1a: Rotom|66/100|[from] item: Leftovers\n|upkeep\n|turn|9\n|-message|adeiza9 forfeited.\n|\n|win|PhantomSnorlax\n|raw|PhantomSnorlax's rating: 1231 &rarr; <strong>1249</strong><br />(+18 for winning)\n|raw|adeiza9's rating: 1133 &rarr; <strong>1115</strong><br />(-18 for losing)\n|l|\u2606adeiza9\n|player|p2|\n",
  "uploadtime": 1776629697,
  "views": 10,
  "formatid": "gen9championsvgc2026regma",
  "rating": 1115,
  "private": 0,
  "password": null
}