{
  "id": "gen9championsvgc2026regma-2583008554",
  "format": "[Gen 9 Champions] VGC 2026 Reg M-A",
  "players": [
    "velvet132",
    "TassoAlcolemico35"
  ],
  "log": "|j|\u2606velvet132\n|j|\u2606TassoAlcolemico35\n|t:|1776132914\n|gametype|doubles\n|player|p1|velvet132|bruno|1093\n|player|p2|TassoAlcolemico35|169|1000\n|gen|9\n|tier|[Gen 9 Champions] VGC 2026 Reg M-A\n|rated|\n|rule|Species Clause: Limit one of each Pok\u00e9mon\n|rule|Item Clause: Limit 1 of each item\n|clearpoke\n|poke|p1|Starmie, L50|\n|poke|p1|Incineroar, L50, F|\n|poke|p1|Sneasler, L50, F|\n|poke|p1|Dragonite, L50, M|\n|poke|p1|Pelipper, L50, F|\n|poke|p1|Archaludon, L50, F|\n|poke|p2|Charizard, L50, M|\n|poke|p2|Whimsicott, L50, F|\n|poke|p2|Venusaur, L50, M|\n|poke|p2|Farigiraf, L50, F|\n|poke|p2|Crabominable, L50, F|\n|poke|p2|Torkoal, L50, F|\n|teampreview|4\n|inactive|Battle timer is ON: inactive players will automatically lose when time's up. (requested by velvet132)\n|inactive|TassoAlcolemico35 has 60 seconds left.\n|\n|t:|1776132961\n|teamsize|p1|4\n|teamsize|p2|4\n|start\n|switch|p1a: :V|Pelipper, L50, F, shiny|100/100\n|switch|p1b: To\u00f1o the Tiger|Incineroar, L50, F, shiny|100/100\n|switch|p2a: Charizard|Charizard, L50, M, shiny|100/100\n|switch|p2b: Whimsicott|Whimsicott, L50, F|100/100\n|-weather|RainDance|[from] ability: Drizzle|[of] p1a: :V\n|-ability|p1b: To\u00f1o the Tiger|Intimidate|boost\n|-unboost|p2a: Charizard|atk|1\n|-unboost|p2b: Whimsicott|atk|1\n|turn|1\n|inactive|TassoAlcolemico35 has 30 seconds left.\n|\n|t:|1776132996\n|detailschange|p2a: Charizard|Charizard-Mega-Y, L50, M, shiny\n|-mega|p2a: Charizard|Charizard|Charizardite Y\n|-weather|SunnyDay|[from] ability: Drought|[of] p2a: Charizard\n|move|p1b: To\u00f1o the Tiger|Fake Out|p2b: Whimsicott\n|-crit|p2b: Whimsicott\n|-damage|p2b: Whimsicott|68/100\n|cant|p2b: Whimsicott|flinch\n|move|p2a: Charizard|Heat Wave|p1a: :V|[spread] p1b\n|-miss|p2a: Charizard|p1a: :V\n|-resisted|p1b: To\u00f1o the Tiger|1\n|-damage|p1b: To\u00f1o the Tiger|64/100\n|move|p1a: :V|Weather Ball|p2b: Whimsicott\n|-supereffective|p2b: Whimsicott|1\n|-damage|p2b: Whimsicott|0 fnt\n|faint|p2b: Whimsicott\n|\n|-weather|SunnyDay|[upkeep]\n|upkeep\n|\n|t:|1776133013\n|switch|p2b: Venusaur|Venusaur, L50, M|100/100\n|turn|2\n|\n|t:|1776133025\n|move|p2b: Venusaur|Sleep Powder|p1b: To\u00f1o the Tiger|[miss]\n|-miss|p2b: Venusaur|p1b: To\u00f1o the Tiger\n|move|p2a: Charizard|Heat Wave|p1a: :V|[spread] p1a,p1b\n|-resisted|p1a: :V|1\n|-resisted|p1b: To\u00f1o the Tiger|1\n|-damage|p1a: :V|40/100\n|-damage|p1b: To\u00f1o the Tiger|28/100\n|-enditem|p1b: To\u00f1o the Tiger|Sitrus Berry|[eat]\n|-heal|p1b: To\u00f1o the Tiger|53/100|[from] item: Sitrus Berry\n|move|p1a: :V|Weather Ball|p2b: Venusaur\n|-supereffective|p2b: Venusaur|1\n|-damage|p2b: Venusaur|1/100\n|move|p1b: To\u00f1o the Tiger|Parting Shot|p2a: Charizard\n|-unboost|p2a: Charizard|atk|1\n|-unboost|p2a: Charizard|spa|1\n|\n|t:|1776133042\n|switch|p1b: Yeri Mua|Sneasler, L50, F|100/100|[from] Parting Shot\n|\n|-weather|SunnyDay|[upkeep]\n|upkeep\n|turn|3\n|\n|t:|1776133050\n|switch|p1a: To\u00f1o the Tiger|Incineroar, L50, F, shiny|53/100\n|-ability|p1a: To\u00f1o the Tiger|Intimidate|boost\n|-unboost|p2a: Charizard|atk|1\n|-unboost|p2b: Venusaur|atk|1\n|move|p2b: Venusaur|Protect|p2b: Venusaur\n|-singleturn|p2b: Venusaur|Protect\n|move|p1b: Yeri Mua|Fake Out|p2a: Charizard\n|-damage|p2a: Charizard|80/100\n|cant|p2a: Charizard|flinch\n|\n|-weather|SunnyDay|[upkeep]\n|upkeep\n|turn|4\n|inactive|TassoAlcolemico35 has 30 seconds left.\n|inactive|TassoAlcolemico35 has 20 seconds left.\n|\n|t:|1776133089\n|move|p2b: Venusaur|Protect||[still]\n|-fail|p2b: Venusaur\n|move|p1a: To\u00f1o the Tiger|Fake Out|p2b: Venusaur\n|-damage|p2b: Venusaur|0 fnt\n|faint|p2b: Venusaur\n|move|p1b: Yeri Mua|Dire Claw|p2a: Charizard\n|-damage|p2a: Charizard|16/100\n|-status|p2a: Charizard|par\n|move|p2a: Charizard|Overheat|p1a: To\u00f1o the Tiger\n|-resisted|p1a: To\u00f1o the Tiger|1\n|-damage|p1a: To\u00f1o the Tiger|10/100\n|-unboost|p2a: Charizard|spa|2\n|\n|-weather|SunnyDay|[upkeep]\n|upkeep\n|\n|t:|1776133102\n|switch|p2b: Torkoal|Torkoal, L50, F|100/100\n|turn|5\n|\n|t:|1776133112\n|switch|p1a: :V|Pelipper, L50, F, shiny|40/100\n|-weather|RainDance|[from] ability: Drizzle|[of] p1a: :V\n|move|p1b: Yeri Mua|Close Combat|p2b: Torkoal\n|-damage|p2b: Torkoal|43/100\n|-unboost|p1b: Yeri Mua|def|1\n|-unboost|p1b: Yeri Mua|spd|1\n|-enditem|p1b: Yeri Mua|White Herb\n|-clearnegativeboost|p1b: Yeri Mua|[silent]\n|cant|p2a: Charizard|par\n|move|p2b: Torkoal|Earth Power|p1b: Yeri Mua\n|-supereffective|p1b: Yeri Mua|1\n|-damage|p1b: Yeri Mua|33/100\n|\n|-weather|RainDance|[upkeep]\n|upkeep\n|turn|6\n|-message|TassoAlcolemico35 forfeited.\n|\n|win|velvet132\n|raw|velvet132's rating: 1093 &rarr; <strong>1112</strong><br />(+19 for winning)\n|raw|TassoAlcolemico35's rating: 1000 &rarr; <strong>1000</strong><br />(+0 for losing)\n|l|\u2606TassoAlcolemico35\n|player|p2|\n",
  "uploadtime": 1776133140,
  "views": 12,
  "formatid": "gen9championsvgc2026regma",
  "rating": 1000,
  "private": 0,
  "password": null
}