{
  "id": "gen9championsvgc2026regma-2581862857",
  "format": "[Gen 9 Champions] VGC 2026 Reg M-A",
  "players": [
    "banana superior",
    "eriylia"
  ],
  "log": "|j|\u2606banana superior\n|j|\u2606eriylia\n|t:|1776034678\n|gametype|doubles\n|player|p1|banana superior|smasher|1342\n|player|p2|eriylia|whitney|1345\n|gen|9\n|tier|[Gen 9 Champions] VGC 2026 Reg M-A\n|rated|\n|rule|Species Clause: Limit one of each Pok\u00e9mon\n|rule|Item Clause: Limit 1 of each item\n|clearpoke\n|poke|p1|Floette-Eternal, L50, F|\n|poke|p1|Mimikyu, L50, F|\n|poke|p1|Incineroar, L50, F|\n|poke|p1|Torkoal, L50, F|\n|poke|p1|Whimsicott, L50, F|\n|poke|p1|Heliolisk, L50, F|\n|poke|p2|Basculegion, L50, M|\n|poke|p2|Pelipper, L50, F|\n|poke|p2|Sneasler, L50, M|\n|poke|p2|Sinistcha, L50|\n|poke|p2|Gardevoir, L50, F|\n|poke|p2|Archaludon, L50, F|\n|teampreview|4\n|inactive|Battle timer is ON: inactive players will automatically lose when time's up. (requested by banana superior)\n|inactive|eriylia has 60 seconds left.\n|\n|t:|1776034748\n|teamsize|p1|4\n|teamsize|p2|4\n|start\n|switch|p1a: Whimsicott|Whimsicott, L50, F|100/100\n|switch|p1b: Heliolisk|Heliolisk, L50, F|100/100\n|switch|p2a: Wysteria|Basculegion, L50, M, shiny|100/100\n|switch|p2b: Blackjack|Sneasler, L50, M|100/100\n|turn|1\n|inactive|banana superior has 30 seconds left.\n|inactive|eriylia has 30 seconds left.\n|\n|t:|1776034776\n|move|p2a: Wysteria|Protect|p2a: Wysteria\n|-singleturn|p2a: Wysteria|Protect\n|move|p1a: Whimsicott|Sunny Day|p1a: Whimsicott\n|-weather|SunnyDay\n|move|p1b: Heliolisk|Volt Switch|p2a: Wysteria\n|-activate|p2a: Wysteria|move: Protect\n|move|p2b: Blackjack|Close Combat|p1b: Heliolisk\n|-supereffective|p1b: Heliolisk|1\n|-damage|p1b: Heliolisk|0 fnt\n|-unboost|p2b: Blackjack|def|1\n|-unboost|p2b: Blackjack|spd|1\n|faint|p1b: Heliolisk\n|-enditem|p2b: Blackjack|White Herb\n|-clearnegativeboost|p2b: Blackjack|[silent]\n|\n|-weather|SunnyDay|[upkeep]\n|upkeep\n|\n|t:|1776034783\n|switch|p1b: Floette|Floette-Eternal, L50, F|100/100\n|turn|2\n|\n|t:|1776034803\n|switch|p2a: Pungus|Pelipper, L50, F, shiny|100/100\n|-weather|RainDance|[from] ability: Drizzle|[of] p2a: Pungus\n|detailschange|p1b: Floette|Floette-Mega, L50, F\n|-mega|p1b: Floette|Floette|Floettite\n|-ability|p1b: Floette|Fairy Aura\n|move|p1a: Whimsicott|Encore|p2b: Blackjack\n|-start|p2b: Blackjack|Encore\n|move|p2b: Blackjack|Close Combat|p1a: Whimsicott\n|-resisted|p1a: Whimsicott|1\n|-damage|p1a: Whimsicott|57/100\n|-unboost|p2b: Blackjack|def|1\n|-unboost|p2b: Blackjack|spd|1\n|move|p1b: Floette|Calm Mind|p1b: Floette\n|-boost|p1b: Floette|spa|1\n|-boost|p1b: Floette|spd|1\n|\n|-weather|RainDance|[upkeep]\n|upkeep\n|turn|3\n|inactive|banana superior has 30 seconds left.\n|inactive|eriylia has 30 seconds left.\n|\n|t:|1776034834\n|move|p1a: Whimsicott|Fake Tears|p2a: Pungus\n|-unboost|p2a: Pungus|spd|2\n|move|p2b: Blackjack|Close Combat|p1a: Whimsicott\n|-resisted|p1a: Whimsicott|1\n|-damage|p1a: Whimsicott|8/100\n|-unboost|p2b: Blackjack|def|1\n|-unboost|p2b: Blackjack|spd|1\n|move|p1b: Floette|Dazzling Gleam|p2b: Blackjack|[spread] p2a,p2b\n|-enditem|p2a: Pungus|Focus Sash\n|-damage|p2a: Pungus|1/100\n|-damage|p2b: Blackjack|0 fnt\n|faint|p2b: Blackjack\n|move|p2a: Pungus|Tailwind|p2a: Pungus\n|-sidestart|p2: eriylia|move: Tailwind\n|\n|-weather|RainDance|[upkeep]\n|upkeep\n|\n|t:|1776034855\n|switch|p2b: Gardevoir|Gardevoir, L50, F, shiny|100/100\n|-ability|p2b: Gardevoir|Fairy Aura|Trace|[from] ability: Trace|[of] p1b: Floette\n|-ability|p2b: Gardevoir|Fairy Aura\n|turn|4\n|inactive|eriylia has 30 seconds left.\n|\n|t:|1776034881\n|detailschange|p2b: Gardevoir|Gardevoir-Mega, L50, F, shiny\n|-mega|p2b: Gardevoir|Gardevoir|Gardevoirite\n|move|p1a: Whimsicott|Tailwind|p1a: Whimsicott\n|-sidestart|p1: banana superior|move: Tailwind\n|move|p1b: Floette|Moonblast|p2b: Gardevoir\n|-damage|p2b: Gardevoir|7/100\n|-unboost|p2b: Gardevoir|spa|1\n|move|p2b: Gardevoir|Moonblast|p1b: Floette\n|-damage|p1b: Floette|73/100\n|move|p2a: Pungus|Weather Ball|p1a: Whimsicott\n|-resisted|p1a: Whimsicott|1\n|-damage|p1a: Whimsicott|0 fnt\n|faint|p1a: Whimsicott\n|\n|-weather|RainDance|[upkeep]\n|upkeep\n|\n|t:|1776034893\n|switch|p1a: Torkoal|Torkoal, L50, F|100/100\n|-weather|SunnyDay|[from] ability: Drought|[of] p1a: Torkoal\n|turn|5\n|\n|t:|1776034907\n|switch|p2a: Wysteria|Basculegion, L50, M, shiny|100/100\n|move|p2b: Gardevoir|Protect|p2b: Gardevoir\n|-singleturn|p2b: Gardevoir|Protect\n|move|p1b: Floette|Dazzling Gleam|p2b: Gardevoir|[spread] p2a\n|-activate|p2b: Gardevoir|move: Protect\n|-damage|p2a: Wysteria|25/100\n|move|p1a: Torkoal|Eruption|p2a: Wysteria|[spread] p2a\n|-activate|p2b: Gardevoir|move: Protect\n|-resisted|p2a: Wysteria|1\n|-damage|p2a: Wysteria|0 fnt\n|faint|p2a: Wysteria\n|\n|-weather|SunnyDay|[upkeep]\n|upkeep\n|c|\u2606eriylia|gg\n|\n|t:|1776034913\n|switch|p2a: Pungus|Pelipper, L50, F, shiny|1/100\n|-weather|RainDance|[from] ability: Drizzle|[of] p2a: Pungus\n|turn|6\n|\n|t:|1776034926\n|move|p1b: Floette|Dazzling Gleam|p2b: Gardevoir|[spread] p2a,p2b\n|-damage|p2a: Pungus|0 fnt\n|-damage|p2b: Gardevoir|0 fnt\n|faint|p2a: Pungus\n|faint|p2b: Gardevoir\n|\n|win|banana superior\n|raw|banana superior's rating: 1342 &rarr; <strong>1362</strong><br />(+20 for winning)\n|raw|eriylia's rating: 1345 &rarr; <strong>1325</strong><br />(-20 for losing)\n|l|\u2606eriylia\n|player|p2|\n|l|\u2606banana superior\n|player|p1|\n",
  "uploadtime": 1776034950,
  "views": 24,
  "formatid": "gen9championsvgc2026regma",
  "rating": 1325,
  "private": 0,
  "password": null
}