{
  "id": "gen9championsvgc2026regma-2583241493",
  "format": "[Gen 9 Champions] VGC 2026 Reg M-A",
  "players": [
    "RandomGuyInSchool",
    "trinciastokke"
  ],
  "log": "|j|\u2606RandomGuyInSchool\n|j|\u2606trinciastokke\n|t:|1776158561\n|gametype|doubles\n|player|p1|RandomGuyInSchool|schoolkid-gen4|1055\n|player|p2|trinciastokke|n|1119\n|gen|9\n|tier|[Gen 9 Champions] VGC 2026 Reg M-A\n|rated|\n|rule|Species Clause: Limit one of each Pok\u00e9mon\n|rule|Item Clause: Limit 1 of each item\n|clearpoke\n|poke|p1|Rotom-Wash, L50|\n|poke|p1|Incineroar, L50, M|\n|poke|p1|Sinistcha, L50|\n|poke|p1|Drampa, L50, F|\n|poke|p1|Floette-Eternal, L50, F|\n|poke|p1|Sneasler, L50, F|\n|poke|p2|Charizard, L50, M|\n|poke|p2|Basculegion, L50, M|\n|poke|p2|Venusaur, L50, M|\n|poke|p2|Sneasler, L50, M|\n|poke|p2|Garchomp, L50, M|\n|poke|p2|Kingambit, L50, F|\n|teampreview|4\n|inactive|Battle timer is ON: inactive players will automatically lose when time's up. (requested by RandomGuyInSchool)\nRandomGuyInSchool rejected open team sheets.\n|inactive|RandomGuyInSchool has 60 seconds left.\n|inactive|trinciastokke has 60 seconds left.\n|inactive|RandomGuyInSchool has 30 seconds left.\n|inactive|RandomGuyInSchool has 20 seconds left.\n|inactive|RandomGuyInSchool has 15 seconds left.\n|\n|t:|1776158644\n|teamsize|p1|4\n|teamsize|p2|4\n|start\n|switch|p1a: Drampa|Drampa, L50, F|100/100\n|switch|p1b: Rotom|Rotom-Wash, L50|100/100\n|switch|p2a: Sneasler|Sneasler, L50, M|100/100\n|switch|p2b: Charizard|Charizard, L50, M, shiny|100/100\n|-ability|p1a: Drampa|Cloud Nine\n|turn|1\n|inactive|trinciastokke has 30 seconds left.\n|inactive|RandomGuyInSchool has 30 seconds left.\n|\n|t:|1776158679\n|detailschange|p2b: Charizard|Charizard-Mega-Y, L50, M, shiny\n|-mega|p2b: Charizard|Charizard|Charizardite Y\n|-weather|SunnyDay|[from] ability: Drought|[of] p2b: Charizard\n|move|p1a: Drampa|Protect|p1a: Drampa\n|-singleturn|p1a: Drampa|Protect\n|move|p2a: Sneasler|Fake Out|p1b: Rotom\n|-damage|p1b: Rotom|84/100\n|cant|p1b: Rotom|flinch\n|move|p2b: Charizard|Weather Ball|p1a: Drampa\n|-activate|p1a: Drampa|move: Protect\n|\n|-weather|SunnyDay|[upkeep]\n|upkeep\n|turn|2\n|\n|t:|1776158696\n|switch|p2b: Venusaur|Venusaur, L50, M, shiny|100/100\n|switch|p1a: Sinistcha|Sinistcha, L50|100/100\n|-heal|p1b: Rotom|100/100|[from] ability: Hospitality|[of] p1a: Sinistcha\n|move|p1b: Rotom|Thunderbolt|p2b: Venusaur\n|-resisted|p2b: Venusaur|1\n|-damage|p2b: Venusaur|83/100\n|move|p2a: Sneasler|Close Combat|p1a: Sinistcha\n|-immune|p1a: Sinistcha\n|\n|-weather|SunnyDay|[upkeep]\n|upkeep\n|turn|3\n|\n|t:|1776158717\n|switch|p1a: Drampa|Drampa, L50, F|100/100\n|-ability|p1a: Drampa|Cloud Nine\n|move|p1b: Rotom|Thunderbolt|p2a: Sneasler\n|-damage|p2a: Sneasler|57/100\n|move|p2a: Sneasler|Close Combat|p1b: Rotom\n|-damage|p1b: Rotom|27/100\n|-unboost|p2a: Sneasler|def|1\n|-unboost|p2a: Sneasler|spd|1\n|-enditem|p2a: Sneasler|White Herb\n|-clearnegativeboost|p2a: Sneasler|[silent]\n|move|p2b: Venusaur|Sludge Bomb|p1a: Drampa\n|-damage|p1a: Drampa|49/100\n|\n|-weather|SunnyDay|[upkeep]\n|upkeep\n|turn|4\n|inactive|trinciastokke has 30 seconds left.\n|\n|t:|1776158747\n|move|p1a: Drampa|Protect|p1a: Drampa\n|-singleturn|p1a: Drampa|Protect\n|move|p2a: Sneasler|Dire Claw|p1a: Drampa\n|-activate|p1a: Drampa|move: Protect\n|move|p1b: Rotom|Thunderbolt|p2a: Sneasler\n|-damage|p2a: Sneasler|14/100\n|move|p2b: Venusaur|Sludge Bomb|p1b: Rotom\n|-damage|p1b: Rotom|0 fnt\n|faint|p1b: Rotom\n|\n|-weather|SunnyDay|[upkeep]\n|upkeep\n|\n|t:|1776158757\n|switch|p1b: Sinistcha|Sinistcha, L50|100/100\n|-heal|p1a: Drampa|73/100|[from] ability: Hospitality|[of] p1b: Sinistcha\n|turn|5\n|\n|t:|1776158774\n|detailschange|p1a: Drampa|Drampa-Mega, L50, F\n|-mega|p1a: Drampa|Drampa|Drampanite\n|move|p1b: Sinistcha|Rage Powder|p1b: Sinistcha\n|-singleturn|p1b: Sinistcha|move: Rage Powder\n|move|p2a: Sneasler|Dire Claw|p1b: Sinistcha\n|-damage|p1b: Sinistcha|61/100\n|move|p2b: Venusaur|Sleep Powder|p1a: Drampa\n|-status|p1a: Drampa|slp|[from] move: Sleep Powder\n|cant|p1a: Drampa|slp\n|\n|-weather|none\n|upkeep\n|turn|6\n|\n|t:|1776158791\n|move|p2a: Sneasler|Dire Claw|p1b: Sinistcha\n|-damage|p1b: Sinistcha|25/100\n|-enditem|p1b: Sinistcha|Sitrus Berry|[eat]\n|-heal|p1b: Sinistcha|50/100|[from] item: Sitrus Berry\n|move|p2b: Venusaur|Sludge Bomb|p1b: Sinistcha\n|-damage|p1b: Sinistcha|3/100\n|cant|p1a: Drampa|slp\n|move|p1b: Sinistcha|Trick Room|p1b: Sinistcha\n|-fieldstart|move: Trick Room|[of] p1b: Sinistcha\n|\n|upkeep\n|turn|7\n|\n|t:|1776158814\n|-curestatus|p1a: Drampa|slp|[msg]\n|move|p1a: Drampa|Calm Mind|p1a: Drampa\n|-boost|p1a: Drampa|spa|1\n|-boost|p1a: Drampa|spd|1\n|move|p1b: Sinistcha|Matcha Gotcha|p2a: Sneasler|[spread] p2a,p2b\n|-resisted|p2a: Sneasler|1\n|-resisted|p2b: Venusaur|2\n|-damage|p2a: Sneasler|0 fnt\n|-heal|p1b: Sinistcha|9/100|[from] drain|[of] p2a: Sneasler\n|-damage|p2b: Venusaur|78/100\n|-heal|p1b: Sinistcha|12/100|[from] drain|[of] p2b: Venusaur\n|faint|p2a: Sneasler\n|move|p2b: Venusaur|Sleep Powder|p1b: Sinistcha\n|-immune|p1b: Sinistcha\n|\n|upkeep\n|\n|t:|1776158832\n|switch|p2a: Garchomp|Garchomp, L50, M|100/100\n|turn|8\n|\n|t:|1776158844\n|switch|p2a: Charizard|Charizard-Mega-Y, L50, M, shiny|100/100\n|-weather|SunnyDay|[from] ability: Drought|[of] p2a: Charizard\n|move|p1a: Drampa|Protect|p1a: Drampa\n|-singleturn|p1a: Drampa|Protect\n|move|p1b: Sinistcha|Life Dew|p1b: Sinistcha|[spread] p1a,p1b\n|-heal|p1a: Drampa|98/100\n|-heal|p1b: Sinistcha|38/100\n|move|p2b: Venusaur|Sleep Powder|p1a: Drampa\n|-activate|p1a: Drampa|move: Protect\n|\n|-weather|SunnyDay|[upkeep]\n|upkeep\n|turn|9\n|\n|t:|1776158866\n|move|p1a: Drampa|Calm Mind|p1a: Drampa\n|-boost|p1a: Drampa|spa|1\n|-boost|p1a: Drampa|spd|1\n|move|p1b: Sinistcha|Life Dew|p1b: Sinistcha|[spread] p1a,p1b\n|-heal|p1a: Drampa|100/100\n|-heal|p1b: Sinistcha|63/100\n|move|p2a: Charizard|Heat Wave|p1b: Sinistcha|[spread] p1a,p1b\n|-resisted|p1a: Drampa|1\n|-supereffective|p1b: Sinistcha|1\n|-damage|p1a: Drampa|87/100\n|-damage|p1b: Sinistcha|0 fnt\n|-status|p1a: Drampa|brn\n|faint|p1b: Sinistcha\n|move|p2b: Venusaur|Sludge Bomb|p1a: Drampa\n|-damage|p1a: Drampa|64/100 brn\n|\n|-weather|SunnyDay|[upkeep]\n|-damage|p1a: Drampa|58/100 brn|[from] brn\n|upkeep\n|\n|t:|1776158880\n|switch|p1b: Sneasler|Sneasler, L50, F|100/100\n|turn|10\n|inactive|RandomGuyInSchool has 30 seconds left.\n|inactive|RandomGuyInSchool has 20 seconds left.\n|inactive|RandomGuyInSchool has 15 seconds left.\n|inactive|RandomGuyInSchool has 10 seconds left.\n|\n|t:|1776158928\n|move|p2a: Charizard|Protect|p2a: Charizard\n|-singleturn|p2a: Charizard|Protect\n|move|p1b: Sneasler|Fake Out|p2a: Charizard\n|-activate|p2a: Charizard|move: Protect\n|move|p1a: Drampa|Hyper Voice|p2a: Charizard|[spread] p2b\n|-activate|p2a: Charizard|move: Protect\n|-damage|p2b: Venusaur|0 fnt\n|faint|p2b: Venusaur\n|\n|-weather|SunnyDay|[upkeep]\n|-damage|p1a: Drampa|52/100 brn|[from] brn\n|-fieldend|move: Trick Room\n|upkeep\n|\n|t:|1776158939\n|switch|p2b: Garchomp|Garchomp, L50, M|100/100\n|turn|11\n|\n|t:|1776158964\n|move|p1a: Drampa|Protect|p1a: Drampa\n|-singleturn|p1a: Drampa|Protect\n|move|p1b: Sneasler|Dire Claw|p2a: Charizard\n|-damage|p2a: Charizard|31/100\n|move|p2b: Garchomp|Dragon Claw|p1a: Drampa\n|-activate|p1a: Drampa|move: Protect\n|move|p2a: Charizard|Heat Wave|p1a: Drampa|[spread] p1b\n|-activate|p1a: Drampa|move: Protect\n|-damage|p1b: Sneasler|11/100\n|\n|-weather|SunnyDay|[upkeep]\n|-damage|p1a: Drampa|46/100 brn|[from] brn\n|upkeep\n|turn|12\n|inactive|RandomGuyInSchool has 30 seconds left.\n|\n|t:|1776158994\n|move|p2a: Charizard|Protect|p2a: Charizard\n|-singleturn|p2a: Charizard|Protect\n|move|p1b: Sneasler|Close Combat|p2b: Garchomp\n|-damage|p2b: Garchomp|31/100\n|-unboost|p1b: Sneasler|def|1\n|-unboost|p1b: Sneasler|spd|1\n|-damage|p1b: Sneasler|0 fnt|[from] ability: Rough Skin|[of] p2b: Garchomp\n|faint|p1b: Sneasler\n|move|p2b: Garchomp|Dragon Claw|p1a: Drampa\n|-supereffective|p1a: Drampa|1\n|-damage|p1a: Drampa|0 fnt\n|faint|p1a: Drampa\n|\n|win|trinciastokke\n|raw|RandomGuyInSchool's rating: 1055 &rarr; <strong>1040</strong><br />(-15 for losing)\n|raw|trinciastokke's rating: 1119 &rarr; <strong>1139</strong><br />(+20 for winning)\n",
  "uploadtime": 1776159004,
  "views": 15,
  "formatid": "gen9championsvgc2026regma",
  "rating": 1040,
  "private": 0,
  "password": null
}