{
  "id": "gen9championsvgc2026regma-2586907243",
  "format": "[Gen 9 Champions] VGC 2026 Reg M-A",
  "players": [
    "Sarrow5",
    "satanisdaddy"
  ],
  "log": "|j|\u2606Sarrow5\n|j|\u2606satanisdaddy\n|t:|1776470626\n|gametype|doubles\n|player|p1|Sarrow5|ghetsis|1069\n|player|p2|satanisdaddy|boarder|1080\n|gen|9\n|tier|[Gen 9 Champions] VGC 2026 Reg M-A\n|rated|\n|rule|Species Clause: Limit one of each Pok\u00e9mon\n|rule|Item Clause: Limit 1 of each item\n|clearpoke\n|poke|p1|Meganium, L50, F|\n|poke|p1|Pelipper, L50, F|\n|poke|p1|Basculegion, L50, M|\n|poke|p1|Kingambit, L50, F|\n|poke|p1|Sneasler, L50, M|\n|poke|p1|Noivern, L50, M|\n|poke|p2|Tyranitar, L50, F|\n|poke|p2|Oranguru, L50, F|\n|poke|p2|Primarina, L50, M|\n|poke|p2|Gallade, L50, M|\n|poke|p2|Steelix, L50, M|\n|poke|p2|Trevenant, L50, M|\n|teampreview|4\n|inactive|Battle timer is ON: inactive players will automatically lose when time's up. (requested by Sarrow5)\n|inactive|satanisdaddy has 60 seconds left.\n|\n|t:|1776470659\n|teamsize|p1|4\n|teamsize|p2|4\n|start\n|switch|p1a: Sneasler|Sneasler, L50, M, shiny|100/100\n|switch|p1b: Noivern|Noivern, L50, M, shiny|100/100\n|switch|p2a: Tyranitar|Tyranitar, L50, F|100/100\n|switch|p2b: Oranguru|Oranguru, L50, F|100/100\n|-weather|Sandstorm|[from] ability: Sand Stream|[of] p2a: Tyranitar\n|turn|1\n|\n|t:|1776470680\n|detailschange|p2a: Tyranitar|Tyranitar-Mega, L50, F\n|-mega|p2a: Tyranitar|Tyranitar|Tyranitarite\n|move|p2a: Tyranitar|Protect|p2a: Tyranitar\n|-singleturn|p2a: Tyranitar|Protect\n|move|p1a: Sneasler|Fake Out|p2b: Oranguru\n|-damage|p2b: Oranguru|85/100\n|move|p1b: Noivern|Boomburst|p2a: Tyranitar|[spread] p1a,p2b\n|-activate|p2a: Tyranitar|move: Protect\n|-damage|p1a: Sneasler|57/100\n|-damage|p2b: Oranguru|62/100\n|move|p2b: Oranguru|Trick Room|p2b: Oranguru\n|-fieldstart|move: Trick Room|[of] p2b: Oranguru\n|\n|-weather|Sandstorm|[upkeep]\n|-damage|p2b: Oranguru|56/100|[from] Sandstorm\n|-damage|p1b: Noivern|94/100|[from] Sandstorm\n|-damage|p1a: Sneasler|51/100|[from] Sandstorm\n|upkeep\n|turn|2\n|inactive|Sarrow5 has 30 seconds left.\n|inactive|satanisdaddy has 30 seconds left.\n|inactive|satanisdaddy has 20 seconds left.\n|\n|t:|1776470720\n|move|p2b: Oranguru|Psychic Noise|p1a: Sneasler\n|-supereffective|p1a: Sneasler|2\n|-damage|p1a: Sneasler|0 fnt\n|faint|p1a: Sneasler\n|move|p2a: Tyranitar|Rock Slide|p1b: Noivern\n|-supereffective|p1b: Noivern|1\n|-damage|p1b: Noivern|0 fnt\n|faint|p1b: Noivern\n|\n|-weather|Sandstorm|[upkeep]\n|-damage|p2b: Oranguru|50/100|[from] Sandstorm\n|upkeep\n|\n|t:|1776470742\n|switch|p1b: Pelipper|Pelipper, L50, F, shiny|100/100\n|switch|p1a: Meganium|Meganium, L50, F, shiny|100/100\n|-weather|RainDance|[from] ability: Drizzle|[of] p1b: Pelipper\n|turn|3\n|inactive|Sarrow5 has 30 seconds left.\n|inactive|satanisdaddy has 30 seconds left.\n|inactive|satanisdaddy has 20 seconds left.\n|inactive|satanisdaddy has 15 seconds left.\n|\n|t:|1776470785\n|detailschange|p1a: Meganium|Meganium-Mega, L50, F, shiny\n|-mega|p1a: Meganium|Meganium|Meganiumite\n|move|p2a: Tyranitar|Protect|p2a: Tyranitar\n|-singleturn|p2a: Tyranitar|Protect\n|move|p1b: Pelipper|Protect|p1b: Pelipper\n|-singleturn|p1b: Pelipper|Protect\n|move|p2b: Oranguru|Psychic Noise|p1a: Meganium\n|-damage|p1a: Meganium|79/100\n|-start|p1a: Meganium|move: Heal Block\n|move|p1a: Meganium|Solar Beam||[still]\n|-prepare|p1a: Meganium|Solar Beam\n|-activate|p1a: Meganium|ability: Mega Sol\n|-anim|p1a: Meganium|Solar Beam|p2a: Tyranitar\n|-activate|p2a: Tyranitar|move: Protect\n|\n|-weather|RainDance|[upkeep]\n|upkeep\n|turn|4\n|inactive|Sarrow5 has 30 seconds left.\n|inactive|satanisdaddy has 30 seconds left.\n|inactive|satanisdaddy has 20 seconds left.\n|\n|t:|1776470823\n|switch|p2b: Primarina|Primarina, L50, M|100/100\n|move|p2a: Tyranitar|Rock Slide|p1a: Meganium|[spread] p1a,p1b\n|-supereffective|p1b: Pelipper|1\n|-damage|p1a: Meganium|51/100\n|-damage|p1b: Pelipper|31/100\n|move|p1a: Meganium|Solar Beam||[still]\n|-prepare|p1a: Meganium|Solar Beam\n|-activate|p1a: Meganium|ability: Mega Sol\n|-anim|p1a: Meganium|Solar Beam|p2a: Tyranitar\n|-supereffective|p2a: Tyranitar|1\n|-damage|p2a: Tyranitar|0 fnt\n|faint|p2a: Tyranitar\n|cant|p1b: Pelipper|flinch\n|\n|-weather|RainDance|[upkeep]\n|-end|p1a: Meganium|move: Heal Block\n|upkeep\n|\n|t:|1776470838\n|switch|p2a: Oranguru|Oranguru, L50, F|50/100\n|turn|5\n|\n|t:|1776470860\n|move|p2b: Primarina|Ice Beam|p1a: Meganium\n|-supereffective|p1a: Meganium|1\n|-crit|p1a: Meganium\n|-damage|p1a: Meganium|0 fnt\n|faint|p1a: Meganium\n|move|p2a: Oranguru|Taunt|p1b: Pelipper\n|-start|p1b: Pelipper|move: Taunt\n|move|p1b: Pelipper|Hurricane|p2a: Oranguru\n|-damage|p2a: Oranguru|24/100\n|-start|p2a: Oranguru|confusion\n|\n|-weather|RainDance|[upkeep]\n|-fieldend|move: Trick Room\n|upkeep\n|turn|6\n|-message|Sarrow5 forfeited.\n|\n|win|satanisdaddy\n|raw|Sarrow5's rating: 1069 &rarr; <strong>1049</strong><br />(-20 for losing)\n|raw|satanisdaddy's rating: 1080 &rarr; <strong>1107</strong><br />(+27 for winning)\n|l|\u2606Sarrow5\n|player|p1|\n",
  "uploadtime": 1776470875,
  "views": 25,
  "formatid": "gen9championsvgc2026regma",
  "rating": 1049,
  "private": 0,
  "password": null
}