{
  "id": "gen9championsvgc2026regma-2587177459",
  "format": "[Gen 9 Champions] VGC 2026 Reg M-A",
  "players": [
    "mattun",
    "LBLFUSION"
  ],
  "log": "|j|\u2606mattun\n|j|\u2606LBLFUSION\n|t:|1776504762\n|gametype|doubles\n|player|p1|mattun|169|1467\n|player|p2|LBLFUSION|169|1476\n|gen|9\n|tier|[Gen 9 Champions] VGC 2026 Reg M-A\n|rated|\n|rule|Species Clause: Limit one of each Pok\u00e9mon\n|rule|Item Clause: Limit 1 of each item\n|clearpoke\n|poke|p1|Floette-Eternal, L50, F|\n|poke|p1|Incineroar, L50, F|\n|poke|p1|Whimsicott, L50, F|\n|poke|p1|Sinistcha, L50|\n|poke|p1|Excadrill, L50, M|\n|poke|p1|Dragonite, L50, F|\n|poke|p2|Dragonite, L50, M|\n|poke|p2|Raichu, L50, F|\n|poke|p2|Blastoise, L50, M|\n|poke|p2|Farigiraf, L50, M|\n|poke|p2|Pelipper, L50, F|\n|poke|p2|Basculegion, L50, M|\n|teampreview|4\n|inactive|Battle timer is ON: inactive players will automatically lose when time's up. (requested by mattun)\n|\n|t:|1776504866\n|teamsize|p1|4\n|teamsize|p2|4\n|start\n|switch|p1a: Whimsicott|Whimsicott, L50, F|100/100\n|switch|p1b: Dragonite|Dragonite, L50, F|100/100\n|switch|p2a: Pelipper|Pelipper, L50, F|100/100\n|switch|p2b: Raichu|Raichu, L50, F|100/100\n|-weather|RainDance|[from] ability: Drizzle|[of] p2a: Pelipper\n|turn|1\n|\n|t:|1776504890\n|move|p2b: Raichu|Fake Out|p1a: Whimsicott\n|-damage|p1a: Whimsicott|89/100\n|cant|p1a: Whimsicott|flinch\n|move|p1b: Dragonite|Air Slash|p2a: Pelipper\n|-damage|p2a: Pelipper|49/100\n|-enditem|p2a: Pelipper|Sitrus Berry|[eat]\n|-heal|p2a: Pelipper|74/100|[from] item: Sitrus Berry\n|move|p2a: Pelipper|Hurricane|p1b: Dragonite\n|-damage|p1b: Dragonite|50/100\n|\n|-weather|RainDance|[upkeep]\n|upkeep\n|turn|2\n|j| nyoomington\n|inactive|LBLFUSION has 30 seconds left.\n|\n|t:|1776504928\n|move|p1a: Whimsicott|Sunny Day|p1a: Whimsicott\n|-weather|SunnyDay\n|move|p2b: Raichu|Nuzzle|p1b: Dragonite\n|-crit|p1b: Dragonite\n|-damage|p1b: Dragonite|41/100\n|-status|p1b: Dragonite|par\n|move|p2a: Pelipper|Hurricane|p1a: Whimsicott\n|-supereffective|p1a: Whimsicott|1\n|-damage|p1a: Whimsicott|0 fnt\n|faint|p1a: Whimsicott\n|move|p1b: Dragonite|Draco Meteor|p2a: Pelipper\n|-damage|p2a: Pelipper|0 fnt\n|-unboost|p1b: Dragonite|spa|2\n|faint|p2a: Pelipper\n|\n|-weather|SunnyDay|[upkeep]\n|upkeep\n|\n|t:|1776504945\n|switch|p1a: Floette|Floette-Eternal, L50, F|100/100\n|switch|p2a: Blastoise|Blastoise, L50, M|100/100\n|turn|3\n|\n|t:|1776504953\n|detailschange|p2a: Blastoise|Blastoise-Mega, L50, M\n|-mega|p2a: Blastoise|Blastoise|Blastoisinite\n|move|p1a: Floette|Protect|p1a: Floette\n|-singleturn|p1a: Floette|Protect\n|move|p2b: Raichu|Nuzzle|p1a: Floette\n|-activate|p1a: Floette|move: Protect\n|move|p2a: Blastoise|Dark Pulse|p1a: Floette\n|-activate|p1a: Floette|move: Protect\n|move|p1b: Dragonite|Draco Meteor|p2a: Blastoise\n|-damage|p2a: Blastoise|73/100\n|-unboost|p1b: Dragonite|spa|2\n|\n|-weather|SunnyDay|[upkeep]\n|upkeep\n|turn|4\n|\n|t:|1776504977\n|detailschange|p1a: Floette|Floette-Mega, L50, F\n|-mega|p1a: Floette|Floette|Floettite\n|-ability|p1a: Floette|Fairy Aura\n|move|p2b: Raichu|Encore|p1a: Floette\n|-start|p1a: Floette|Encore\n|move|p1a: Floette|Protect|p1a: Floette\n|-singleturn|p1a: Floette|Protect\n|move|p2a: Blastoise|Dark Pulse|p1b: Dragonite\n|-damage|p1b: Dragonite|0 fnt\n|faint|p1b: Dragonite\n|\n|-weather|SunnyDay|[upkeep]\n|upkeep\n|\n|t:|1776504988\n|switch|p1b: Sinistcha|Sinistcha, L50|100/100\n|turn|5\n|\n|t:|1776504996\n|move|p1a: Floette|Protect||[still]\n|-fail|p1a: Floette\n|move|p2b: Raichu|Nuzzle|p1b: Sinistcha\n|-resisted|p1b: Sinistcha|1\n|-damage|p1b: Sinistcha|98/100\n|-status|p1b: Sinistcha|par\n|move|p2a: Blastoise|Dark Pulse|p1b: Sinistcha\n|-supereffective|p1b: Sinistcha|1\n|-damage|p1b: Sinistcha|0 fnt\n|faint|p1b: Sinistcha\n|\n|-weather|SunnyDay|[upkeep]\n|upkeep\n|turn|6\n|-message|mattun forfeited.\n|\n|win|LBLFUSION\n|raw|mattun's rating: 1467 &rarr; <strong>1448</strong><br />(-19 for losing)\n|raw|LBLFUSION's rating: 1476 &rarr; <strong>1495</strong><br />(+19 for winning)\n|c|\u2606LBLFUSION|:)\n|l|\u2606mattun\n|player|p1|\n|l| nyoomington\n",
  "uploadtime": 1776505029,
  "views": 30,
  "formatid": "gen9championsvgc2026regma",
  "rating": 1448,
  "private": 0,
  "password": null
}