{
  "id": "gen9championsvgc2026regma-2587245533",
  "format": "[Gen 9 Champions] VGC 2026 Reg M-A",
  "players": [
    "koomsburg",
    "chrisjhall11"
  ],
  "log": "|j|\u2606koomsburg\n|j|\u2606chrisjhall11\n|t:|1776513842\n|gametype|doubles\n|player|p1|koomsburg|clerk|1315\n|player|p2|chrisjhall11|dawn|1406\n|gen|9\n|tier|[Gen 9 Champions] VGC 2026 Reg M-A\n|rated|\n|rule|Species Clause: Limit one of each Pok\u00e9mon\n|rule|Item Clause: Limit 1 of each item\n|clearpoke\n|poke|p1|Politoed, L50, M|\n|poke|p1|Archaludon, L50, F|\n|poke|p1|Blastoise, L50, F|\n|poke|p1|Sinistcha, L50|\n|poke|p1|Talonflame, L50, M|\n|poke|p1|Mudsdale, L50, M|\n|poke|p2|Froslass, L50, F|\n|poke|p2|Kingambit, L50, F|\n|poke|p2|Garchomp, L50, F|\n|poke|p2|Clefable, L50, M|\n|poke|p2|Rotom-Heat, L50|\n|poke|p2|Sneasler, L50, M|\n|teampreview|4\n|\n|t:|1776513904\n|teamsize|p1|4\n|teamsize|p2|4\n|start\n|switch|p1a: Talonflame|Talonflame, L50, M|100/100\n|switch|p1b: Blastoise|Blastoise, L50, F|100/100\n|switch|p2a: Garchomp|Garchomp, L50, F|100/100\n|switch|p2b: Clefable|Clefable, L50, M|100/100\n|turn|1\n|\n|t:|1776513915\n|move|p2a: Garchomp|Protect|p2a: Garchomp\n|-singleturn|p2a: Garchomp|Protect\n|move|p1b: Blastoise|Protect|p1b: Blastoise\n|-singleturn|p1b: Blastoise|Protect\n|move|p1a: Talonflame|Tailwind|p1a: Talonflame\n|-sidestart|p1: koomsburg|move: Tailwind\n|move|p2b: Clefable|Thunder Wave|p1b: Blastoise\n|-activate|p1b: Blastoise|move: Protect\n|\n|upkeep\n|turn|2\n|\n|t:|1776513930\n|detailschange|p1b: Blastoise|Blastoise-Mega, L50, F\n|-mega|p1b: Blastoise|Blastoise|Blastoisinite\n|move|p1a: Talonflame|Rain Dance|p1a: Talonflame\n|-weather|RainDance\n|move|p1b: Blastoise|Water Spout|p2b: Clefable|[spread] p2a,p2b\n|-damage|p2a: Garchomp|0 fnt\n|-damage|p2b: Clefable|14/100\n|-enditem|p2b: Clefable|Sitrus Berry|[eat]\n|-heal|p2b: Clefable|39/100|[from] item: Sitrus Berry\n|faint|p2a: Garchomp\n|move|p2b: Clefable|Thunder Wave|p1b: Blastoise\n|-status|p1b: Blastoise|par\n|\n|-weather|RainDance|[upkeep]\n|upkeep\n|\n|t:|1776513939\n|switch|p2a: Froslass|Froslass, L50, F|100/100\n|turn|3\n|\n|t:|1776513950\n|detailschange|p2a: Froslass|Froslass-Mega, L50, F\n|-mega|p2a: Froslass|Froslass|Froslassite\n|-weather|Snowscape|[from] ability: Snow Warning|[of] p2a: Froslass\n|move|p2b: Clefable|Helping Hand|p2a: Froslass\n|-singleturn|p2a: Froslass|Helping Hand|[of] p2b: Clefable\n|move|p1a: Talonflame|Hurricane|p2a: Froslass\n|-damage|p2a: Froslass|53/100\n|move|p2a: Froslass|Blizzard|p1b: Blastoise|[spread] p1a,p1b\n|-resisted|p1b: Blastoise|1\n|-enditem|p1a: Talonflame|Focus Sash\n|-damage|p1a: Talonflame|1/100\n|-damage|p1b: Blastoise|69/100 par\n|move|p1b: Blastoise|Water Spout|p2b: Clefable|[spread] p2a,p2b\n|-damage|p2a: Froslass|6/100\n|-damage|p2b: Clefable|3/100\n|\n|-weather|Snowscape|[upkeep]\n|upkeep\n|turn|4\n|\n|t:|1776513993\n|move|p2b: Clefable|Follow Me|p2b: Clefable\n|-singleturn|p2b: Clefable|move: Follow Me\n|move|p1a: Talonflame|Rain Dance|p1a: Talonflame\n|-weather|RainDance\n|move|p2a: Froslass|Blizzard|p1a: Talonflame|[spread] p1a,p1b\n|-resisted|p1b: Blastoise|1\n|-damage|p1a: Talonflame|0 fnt\n|-damage|p1b: Blastoise|49/100 par\n|faint|p1a: Talonflame\n|move|p1b: Blastoise|Water Pulse|p2b: Clefable\n|-damage|p2b: Clefable|0 fnt\n|faint|p2b: Clefable\n|\n|-weather|RainDance|[upkeep]\n|-sideend|p1: koomsburg|move: Tailwind\n|upkeep\n|\n|t:|1776514003\n|switch|p1a: Archaludon|Archaludon, L50, F|100/100\n|switch|p2b: Sneasler|Sneasler, L50, M|100/100\n|turn|5\n|\n|t:|1776514032\n|move|p1a: Archaludon|Protect|p1a: Archaludon\n|-singleturn|p1a: Archaludon|Protect\n|move|p2a: Froslass|Shadow Ball|p1a: Archaludon\n|-activate|p1a: Archaludon|move: Protect\n|move|p2b: Sneasler|Close Combat|p1b: Blastoise\n|-damage|p1b: Blastoise|0 fnt\n|-unboost|p2b: Sneasler|def|1\n|-unboost|p2b: Sneasler|spd|1\n|faint|p1b: Blastoise\n|-enditem|p2b: Sneasler|White Herb\n|-clearnegativeboost|p2b: Sneasler|[silent]\n|\n|-weather|RainDance|[upkeep]\n|upkeep\n|\n|t:|1776514041\n|switch|p1b: Politoed|Politoed, L50, M|100/100\n|turn|6\n|\n|t:|1776514053\n|move|p2b: Sneasler|Close Combat|p1a: Archaludon\n|-supereffective|p1a: Archaludon|1\n|-damage|p1a: Archaludon|10/100\n|-unboost|p2b: Sneasler|def|1\n|-unboost|p2b: Sneasler|spd|1\n|-ability|p1a: Archaludon|Stamina|boost\n|-boost|p1a: Archaludon|def|1\n|move|p1b: Politoed|Weather Ball|p2a: Froslass\n|-damage|p2a: Froslass|0 fnt\n|faint|p2a: Froslass\n|move|p1a: Archaludon|Electro Shot||[still]\n|-prepare|p1a: Archaludon|Electro Shot\n|-boost|p1a: Archaludon|spa|1\n|-anim|p1a: Archaludon|Electro Shot|p2b: Sneasler\n|-damage|p2b: Sneasler|0 fnt\n|faint|p2b: Sneasler\n|\n|win|koomsburg\n|raw|koomsburg's rating: 1315 &rarr; <strong>1340</strong><br />(+25 for winning)\n|raw|chrisjhall11's rating: 1406 &rarr; <strong>1381</strong><br />(-25 for losing)\n|l|\u2606chrisjhall11\n|player|p2|\n",
  "uploadtime": 1776514173,
  "views": 32,
  "formatid": "gen9championsvgc2026regma",
  "rating": 1340,
  "private": 0,
  "password": null
}