{
  "id": "gen9championsvgc2026regma-2585315421",
  "format": "[Gen 9 Champions] VGC 2026 Reg M-A",
  "players": [
    "turo's assistant",
    "argentop"
  ],
  "log": "|j|\u2606turo's assistant\n|j|\u2606argentop\n|t:|1776336960\n|gametype|doubles\n|player|p1|turo's assistant|scientistf-gen6|1107\n|player|p2|argentop|102|1150\n|gen|9\n|tier|[Gen 9 Champions] VGC 2026 Reg M-A\n|rated|\n|rule|Species Clause: Limit one of each Pok\u00e9mon\n|rule|Item Clause: Limit 1 of each item\n|clearpoke\n|poke|p1|Hatterene, L50, F|\n|poke|p1|Sinistcha, L50|\n|poke|p1|Farigiraf, L50, F|\n|poke|p1|Golurk, L50|\n|poke|p1|Crabominable, L50, F|\n|poke|p1|Araquanid, L50, M|\n|poke|p2|Basculegion, L50, M|\n|poke|p2|Charizard, L50, F|\n|poke|p2|Garchomp, L50, M|\n|poke|p2|Whimsicott, L50, M|\n|poke|p2|Sneasler, L50, F|\n|poke|p2|Glimmora, L50, F|\n|teampreview|4\n|inactive|Battle timer is ON: inactive players will automatically lose when time's up. (requested by turo's assistant)\n|inactive|turo's assistant has 60 seconds left.\n|inactive|argentop has 60 seconds left.\n|\n|t:|1776337003\n|teamsize|p1|4\n|teamsize|p2|4\n|start\n|switch|p1a: Marissa|Hatterene, L50, F|100/100\n|switch|p1b: Farigiraf|Farigiraf, L50, F|100/100\n|switch|p2a: Sneasler|Sneasler, L50, F|100/100\n|switch|p2b: Basculegion|Basculegion, L50, M|100/100\n|turn|1\n|j| Pennys No.1 Fan\n|inactive|argentop has 30 seconds left.\n|inactive|argentop has 20 seconds left.\n|inactive|argentop has 15 seconds left.\n|\n|t:|1776337044\n|move|p2b: Basculegion|Last Respects|p1a: Marissa\n|-supereffective|p1a: Marissa|1\n|-damage|p1a: Marissa|25/100\n|move|p2a: Sneasler|Dire Claw|p1a: Marissa\n|-supereffective|p1a: Marissa|1\n|-damage|p1a: Marissa|0 fnt\n|faint|p1a: Marissa\n|move|p1b: Farigiraf|Trick Room|p1b: Farigiraf\n|-fieldstart|move: Trick Room|[of] p1b: Farigiraf\n|\n|upkeep\n|\n|t:|1776337052\n|switch|p1a: Araquanid|Araquanid, L50, M|100/100\n|turn|2\n|\n|t:|1776337062\n|switch|p2b: Whimsicott|Whimsicott, L50, M|100/100\n|move|p2a: Sneasler|Protect|p2a: Sneasler\n|-singleturn|p2a: Sneasler|Protect\n|move|p1a: Araquanid|Liquidation|p2b: Whimsicott\n|-resisted|p2b: Whimsicott|1\n|-damage|p2b: Whimsicott|63/100\n|move|p1b: Farigiraf|Psyshock|p2a: Sneasler\n|-activate|p2a: Sneasler|move: Protect\n|\n|upkeep\n|turn|3\n|inactive|argentop has 30 seconds left.\n|inactive|argentop has 20 seconds left.\n|inactive|argentop has 15 seconds left.\n|inactive|argentop has 10 seconds left.\n|inactive|argentop has 5 seconds left.\n|\n|t:|1776337113\n|move|p1a: Araquanid|Liquidation|p2b: Whimsicott\n|-resisted|p2b: Whimsicott|1\n|-damage|p2b: Whimsicott|22/100\n|-unboost|p2b: Whimsicott|def|1\n|move|p1b: Farigiraf|Psyshock|p2a: Sneasler\n|-supereffective|p2a: Sneasler|2\n|-damage|p2a: Sneasler|0 fnt\n|faint|p2a: Sneasler\n|move|p2b: Whimsicott|Moonblast|p1a: Araquanid\n|-damage|p1a: Araquanid|73/100\n|\n|upkeep\n|\n|t:|1776337124\n|switch|p2a: Charizard|Charizard, L50, F|100/100\n|turn|4\n|\n|t:|1776337149\n|move|p2a: Charizard|Protect|p2a: Charizard\n|-singleturn|p2a: Charizard|Protect\n|move|p1a: Araquanid|Wide Guard|p1a: Araquanid\n|-singleturn|p1a: Araquanid|Wide Guard\n|move|p2b: Whimsicott|Tailwind|p2b: Whimsicott\n|-sidestart|p2: argentop|move: Tailwind\n|move|p1b: Farigiraf|Hyper Voice|p2b: Whimsicott|[spread] p2b\n|-activate|p2a: Charizard|move: Protect\n|-damage|p2b: Whimsicott|0 fnt\n|faint|p2b: Whimsicott\n|\n|upkeep\n|\n|t:|1776337160\n|switch|p2b: Basculegion|Basculegion, L50, M|100/100\n|turn|5\n|\n|t:|1776337173\n|detailschange|p2a: Charizard|Charizard-Mega-Y, L50, F\n|-mega|p2a: Charizard|Charizard|Charizardite Y\n|-weather|SunnyDay|[from] ability: Drought|[of] p2a: Charizard\n|move|p1b: Farigiraf|Helping Hand|p1a: Araquanid\n|-singleturn|p1a: Araquanid|Helping Hand|[of] p1b: Farigiraf\n|move|p1a: Araquanid|Liquidation|p2a: Charizard\n|-supereffective|p2a: Charizard|1\n|-damage|p2a: Charizard|0 fnt\n|faint|p2a: Charizard\n|move|p2b: Basculegion|Last Respects|p1a: Araquanid\n|-damage|p1a: Araquanid|0 fnt\n|faint|p1a: Araquanid\n|\n|-weather|SunnyDay|[upkeep]\n|-fieldend|move: Trick Room\n|upkeep\n|\n|t:|1776337180\n|switch|p1a: Crabominable|Crabominable, L50, F|100/100\n|turn|6\n|\n|t:|1776337188\n|detailschange|p1a: Crabominable|Crabominable-Mega, L50, F\n|-mega|p1a: Crabominable|Crabominable|Crabominite\n|move|p1a: Crabominable|Protect|p1a: Crabominable\n|-singleturn|p1a: Crabominable|Protect\n|move|p2b: Basculegion|Last Respects|p1a: Crabominable\n|-activate|p1a: Crabominable|move: Protect\n|move|p1b: Farigiraf|Trick Room|p1b: Farigiraf\n|-fieldstart|move: Trick Room|[of] p1b: Farigiraf\n|\n|-weather|SunnyDay|[upkeep]\n|upkeep\n|turn|7\n|\n|t:|1776337196\n|move|p1a: Crabominable|Ice Hammer|p2b: Basculegion\n|-resisted|p2b: Basculegion|1\n|-damage|p2b: Basculegion|54/100\n|-unboost|p1a: Crabominable|spe|1\n|move|p1b: Farigiraf|Psyshock|p2b: Basculegion\n|-damage|p2b: Basculegion|6/100\n|move|p2b: Basculegion|Last Respects|p1a: Crabominable\n|-damage|p1a: Crabominable|11/100\n|\n|-weather|SunnyDay|[upkeep]\n|-sideend|p2: argentop|move: Tailwind\n|upkeep\n|turn|8\n|-message|argentop forfeited.\n|\n|win|turo's assistant\n|raw|turo&apos;s assistant's rating: 1107 &rarr; <strong>1135</strong><br />(+28 for winning)\n|raw|argentop's rating: 1150 &rarr; <strong>1122</strong><br />(-28 for losing)\n|l|\u2606argentop\n|player|p2|\n",
  "uploadtime": 1776337216,
  "views": 29,
  "formatid": "gen9championsvgc2026regma",
  "rating": 1122,
  "private": 0,
  "password": null
}