{
  "id": "gen9championsvgc2026regma-2589573738",
  "format": "[Gen 9 Champions] VGC 2026 Reg M-A",
  "players": [
    "tety2mnygfs",
    "biquita"
  ],
  "log": "|j|\u2606tety2mnygfs\n|j|\u2606biquita\n|t:|1776735428\n|gametype|doubles\n|player|p1|tety2mnygfs|266|1120\n|player|p2|biquita|brycenman|1040\n|gen|9\n|tier|[Gen 9 Champions] VGC 2026 Reg M-A\n|rated|\n|rule|Species Clause: Limit one of each Pok\u00e9mon\n|rule|Item Clause: Limit 1 of each item\n|clearpoke\n|poke|p1|Kingambit, L50, F|\n|poke|p1|Skeledirge, L50, F|\n|poke|p1|Sinistcha, L50|\n|poke|p1|Palafin, L50, F|\n|poke|p1|Scizor, L50, M|\n|poke|p1|Kommo-o, L50, F|\n|poke|p2|Oranguru, L50, M|\n|poke|p2|Rampardos, L50, F|\n|poke|p2|Golurk, L50|\n|poke|p2|Torkoal, L50, F|\n|poke|p2|Lopunny, L50, F|\n|poke|p2|Venusaur, L50, M|\n|teampreview|4\n|\n|t:|1776735473\n|teamsize|p1|4\n|teamsize|p2|4\n|start\n|switch|p1a: Kingambit|Kingambit, L50, F|100/100\n|switch|p1b: Palafin|Palafin, L50, F|100/100\n|switch|p2a: Venusaur|Venusaur, L50, M|100/100\n|switch|p2b: Torkoal|Torkoal, L50, F|100/100\n|-weather|SunnyDay|[from] ability: Drought|[of] p2b: Torkoal\n|turn|1\n|\n|t:|1776735496\n|move|p1b: Palafin|Jet Punch|p2b: Torkoal\n|-supereffective|p2b: Torkoal|1\n|-damage|p2b: Torkoal|77/100\n|move|p1a: Kingambit|Sucker Punch|p2b: Torkoal\n|-damage|p2b: Torkoal|34/100\n|move|p2a: Venusaur|Leaf Storm|p1b: Palafin\n|-supereffective|p1b: Palafin|1\n|-damage|p1b: Palafin|0 fnt\n|-unboost|p2a: Venusaur|spa|2\n|faint|p1b: Palafin\n|move|p2b: Torkoal|Heat Wave|p1a: Kingambit\n|-supereffective|p1a: Kingambit|1\n|-damage|p1a: Kingambit|0 fnt\n|faint|p1a: Kingambit\n|\n|-weather|SunnyDay|[upkeep]\n|upkeep\n|\n|t:|1776735506\n|switch|p1b: Skeledirge|Skeledirge, L50, F|100/100\n|switch|p1a: Scizor|Scizor, L50, M|100/100\n|turn|2\n|\n|t:|1776735530\n|switch|p2a: Lopunny|Lopunny, L50, F|100/100\n|detailschange|p1a: Scizor|Scizor-Mega, L50, M\n|-mega|p1a: Scizor|Scizor|Scizorite\n|move|p2b: Torkoal|Protect|p2b: Torkoal\n|-singleturn|p2b: Torkoal|Protect\n|move|p1a: Scizor|Swords Dance|p1a: Scizor\n|-boost|p1a: Scizor|atk|2\n|move|p1b: Skeledirge|Shadow Ball|p2b: Torkoal\n|-activate|p2b: Torkoal|move: Protect\n|\n|-weather|SunnyDay|[upkeep]\n|upkeep\n|turn|3\n|\n|t:|1776735571\n|switch|p2b: Venusaur|Venusaur, L50, M|100/100\n|detailschange|p2a: Lopunny|Lopunny-Mega, L50, F\n|-mega|p2a: Lopunny|Lopunny|Lopunnite\n|move|p2a: Lopunny|Fake Out|p1a: Scizor\n|-resisted|p1a: Scizor|1\n|-damage|p1a: Scizor|92/100\n|cant|p1a: Scizor|flinch\n|move|p1b: Skeledirge|Shadow Ball|p2b: Venusaur\n|-damage|p2b: Venusaur|57/100\n|\n|-weather|SunnyDay|[upkeep]\n|upkeep\n|turn|4\n|\n|t:|1776735600\n|move|p1a: Scizor|Bullet Punch|p2a: Lopunny\n|-damage|p2a: Lopunny|4/100\n|move|p2b: Venusaur|Earth Power|p1a: Scizor\n|-damage|p1a: Scizor|63/100\n|move|p2a: Lopunny|Close Combat|p1a: Scizor\n|-crit|p1a: Scizor\n|-damage|p1a: Scizor|0 fnt\n|-unboost|p2a: Lopunny|def|1\n|-unboost|p2a: Lopunny|spd|1\n|faint|p1a: Scizor\n|move|p1b: Skeledirge|Torch Song|p2a: Lopunny\n|-damage|p2a: Lopunny|0 fnt\n|-boost|p1b: Skeledirge|spa|1\n|faint|p2a: Lopunny\n|\n|-weather|SunnyDay|[upkeep]\n|upkeep\n|\n|t:|1776735621\n|switch|p2a: Rampardos|Rampardos, L50, F|100/100\n|turn|5\n|\n|t:|1776735632\n|move|p2b: Venusaur|Earth Power|p1b: Skeledirge\n|-supereffective|p1b: Skeledirge|1\n|-damage|p1b: Skeledirge|50/100\n|-enditem|p1b: Skeledirge|Sitrus Berry|[eat]\n|-heal|p1b: Skeledirge|75/100|[from] item: Sitrus Berry\n|move|p1b: Skeledirge|Shadow Ball|p2a: Rampardos\n|-damage|p2a: Rampardos|20/100\n|-unboost|p2a: Rampardos|spd|1\n|move|p2a: Rampardos|Rock Slide|p1b: Skeledirge\n|-supereffective|p1b: Skeledirge|1\n|-damage|p1b: Skeledirge|0 fnt\n|faint|p1b: Skeledirge\n|\n|win|biquita\n|raw|tety2mnygfs's rating: 1120 &rarr; <strong>1089</strong><br />(-31 for losing)\n|raw|biquita's rating: 1040 &rarr; <strong>1082</strong><br />(+42 for winning)\n|l|\u2606tety2mnygfs\n|player|p1|\n",
  "uploadtime": 1776735648,
  "views": 6,
  "formatid": "gen9championsvgc2026regma",
  "rating": 1082,
  "private": 0,
  "password": null
}