{
  "id": "gen9championsvgc2026regma-2586567726",
  "format": "[Gen 9 Champions] VGC 2026 Reg M-A",
  "players": [
    "isarachocolate",
    "Valerdo"
  ],
  "log": "|j|\u2606isarachocolate\n|j|\u2606Valerdo\n|t:|1776443574\n|gametype|doubles\n|player|p1|isarachocolate|169|1116\n|player|p2|Valerdo|170|1071\n|gen|9\n|tier|[Gen 9 Champions] VGC 2026 Reg M-A\n|rated|\n|rule|Species Clause: Limit one of each Pok\u00e9mon\n|rule|Item Clause: Limit 1 of each item\n|clearpoke\n|poke|p1|Rhyperior, L50, M|\n|poke|p1|Meowstic, L50, M|\n|poke|p1|Arbok, L50, M|\n|poke|p1|Armarouge, L50, M|\n|poke|p1|Milotic, L50, F|\n|poke|p1|Dragonite, L50, M|\n|poke|p2|Dragonite, L50, M|\n|poke|p2|Kingambit, L50, F|\n|poke|p2|Clefable, L50, M|\n|poke|p2|Pelipper, L50, F|\n|poke|p2|Sneasler, L50, F|\n|poke|p2|Sinistcha, L50|\n|teampreview|4\n|inactive|Battle timer is ON: inactive players will automatically lose when time's up. (requested by Valerdo)\n|\n|t:|1776443663\n|teamsize|p1|4\n|teamsize|p2|4\n|start\n|switch|p1a: Meowstic|Meowstic, L50, M|100/100\n|switch|p1b: Rhyperior|Rhyperior, L50, M|100/100\n|switch|p2a: Dragonite|Dragonite, L50, M|100/100\n|switch|p2b: Sneasler|Sneasler, L50, F|100/100\n|turn|1\n|inactive|Valerdo has 30 seconds left.\n|\n|t:|1776443694\n|detailschange|p2a: Dragonite|Dragonite-Mega, L50, M\n|-mega|p2a: Dragonite|Dragonite|Dragoninite\n|move|p1b: Rhyperior|Protect|p1b: Rhyperior\n|-singleturn|p1b: Rhyperior|Protect\n|move|p2b: Sneasler|Fake Out|p1a: Meowstic\n|-damage|p1a: Meowstic|87/100\n|cant|p1a: Meowstic|flinch\n|move|p2a: Dragonite|Draco Meteor|p1a: Meowstic\n|-damage|p1a: Meowstic|9/100\n|-unboost|p2a: Dragonite|spa|2\n|\n|upkeep\n|turn|2\n|\n|t:|1776443718\n|switch|p2a: Kingambit|Kingambit, L50, F|100/100\n|move|p1a: Meowstic|Gravity|p1a: Meowstic\n|-fieldstart|move: Gravity\n|move|p2b: Sneasler|Close Combat|p1b: Rhyperior\n|-supereffective|p1b: Rhyperior|1\n|-damage|p1b: Rhyperior|4/100\n|-unboost|p2b: Sneasler|def|1\n|-unboost|p2b: Sneasler|spd|1\n|move|p1b: Rhyperior|Stone Edge|p2a: Kingambit\n|-resisted|p2a: Kingambit|1\n|-damage|p2a: Kingambit|76/100\n|\n|upkeep\n|turn|3\n|inactive|Valerdo has 30 seconds left.\n|\n|t:|1776443748\n|move|p2b: Sneasler|Protect|p2b: Sneasler\n|-singleturn|p2b: Sneasler|Protect\n|move|p1a: Meowstic|Light Screen|p1a: Meowstic\n|-sidestart|p1: isarachocolate|move: Light Screen\n|move|p2a: Kingambit|Swords Dance|p2a: Kingambit\n|-boost|p2a: Kingambit|atk|2\n|move|p1b: Rhyperior|Drill Run|p2a: Kingambit\n|-supereffective|p2a: Kingambit|1\n|-damage|p2a: Kingambit|4/100\n|\n|upkeep\n|turn|4\n|\n|t:|1776443797\n|switch|p2b: Clefable|Clefable, L50, M|100/100\n|move|p2a: Kingambit|Sucker Punch|p1b: Rhyperior\n|-damage|p1b: Rhyperior|0 fnt\n|faint|p1b: Rhyperior\n|move|p1a: Meowstic|Trick Room|p1a: Meowstic\n|-fieldstart|move: Trick Room|[of] p1a: Meowstic\n|\n|upkeep\n|inactive|isarachocolate has 30 seconds left.\n|inactive|isarachocolate has 20 seconds left.\n|inactive|isarachocolate has 15 seconds left.\n|inactive|isarachocolate has 10 seconds left.\n|inactive|isarachocolate has 5 seconds left.\n|\n|t:|1776443879\n|switch|p1b: Armarouge|Armarouge, L50, M|100/100\n|turn|5\n|inactive|isarachocolate has 30 seconds left.\n|inactive|Valerdo has 30 seconds left.\n|inactive|isarachocolate has 20 seconds left.\n|inactive|Valerdo has 20 seconds left.\n|inactive|isarachocolate has 15 seconds left.\n|inactive|Valerdo has 15 seconds left.\n|inactive|isarachocolate has 10 seconds left.\n|inactive|Valerdo has 10 seconds left.\n|inactive|Valerdo has 5 seconds left.\n|\n|t:|1776443934\n|switch|p1a: Arbok|Arbok, L50, M|100/100\n|-ability|p1a: Arbok|Intimidate|boost\n|-unboost|p2a: Kingambit|atk|1\n|-ability|p2a: Kingambit|Defiant|boost\n|-boost|p2a: Kingambit|atk|2\n|-unboost|p2b: Clefable|atk|1\n|move|p2a: Kingambit|Sucker Punch||[still]\n|-fail|p2a: Kingambit\n|move|p2b: Clefable|Flamethrower|p1b: Armarouge\n|-start|p1b: Armarouge|ability: Flash Fire\n|move|p1b: Armarouge|Calm Mind|p1b: Armarouge\n|-boost|p1b: Armarouge|spa|1\n|-boost|p1b: Armarouge|spd|1\n|\n|upkeep\n|turn|6\n|\n|t:|1776443956\n|switch|p2b: Sneasler|Sneasler, L50, F|100/100\n|move|p1b: Armarouge|Protect|p1b: Armarouge\n|-singleturn|p1b: Armarouge|Protect\n|move|p2a: Kingambit|Sucker Punch||[still]\n|-fail|p2a: Kingambit\n|move|p1a: Arbok|Earthquake|p2b: Sneasler|[spread] p2a,p2b\n|-activate|p1b: Armarouge|move: Protect\n|-supereffective|p2a: Kingambit|1\n|-supereffective|p2b: Sneasler|1\n|-damage|p2a: Kingambit|0 fnt\n|-damage|p2b: Sneasler|23/100\n|faint|p2a: Kingambit\n|\n|-fieldend|move: Gravity\n|upkeep\n|\n|t:|1776443968\n|switch|p2a: Dragonite|Dragonite-Mega, L50, M|100/100\n|turn|7\n|inactive|Valerdo has 30 seconds left.\n|inactive|Valerdo has 20 seconds left.\n|inactive|Valerdo has 15 seconds left.\n|\n|t:|1776444010\n|move|p1b: Armarouge|Expanding Force|p2b: Sneasler\n|-supereffective|p2b: Sneasler|2\n|-damage|p2b: Sneasler|0 fnt\n|faint|p2b: Sneasler\n|move|p1a: Arbok|Gunk Shot|p2a: Dragonite\n|-damage|p2a: Dragonite|67/100\n|-status|p2a: Dragonite|psn\n|move|p2a: Dragonite|Draco Meteor|p1b: Armarouge\n|-damage|p1b: Armarouge|63/100\n|-unboost|p2a: Dragonite|spa|2\n|\n|-damage|p2a: Dragonite|55/100 psn|[from] psn\n|-sideend|p1: isarachocolate|move: Light Screen\n|upkeep\n|\n|t:|1776444022\n|switch|p2b: Clefable|Clefable, L50, M|100/100\n|turn|8\n|-message|Valerdo forfeited.\n|\n|win|isarachocolate\n|raw|isarachocolate's rating: 1116 &rarr; <strong>1138</strong><br />(+22 for winning)\n|raw|Valerdo's rating: 1071 &rarr; <strong>1053</strong><br />(-18 for losing)\n|l|\u2606Valerdo\n|player|p2|\n",
  "uploadtime": 1776444044,
  "views": 27,
  "formatid": "gen9championsvgc2026regma",
  "rating": 1053,
  "private": 0,
  "password": null
}