{
  "id": "gen9championsvgc2026regma-2587032359",
  "format": "[Gen 9 Champions] VGC 2026 Reg M-A",
  "players": [
    "kingcoleman",
    "shiver419"
  ],
  "log": "|j|\u2606kingcoleman\n|j|\u2606shiver419\n|t:|1776483287\n|gametype|doubles\n|player|p1|kingcoleman|miku-water|1378\n|player|p2|shiver419|102|1420\n|gen|9\n|tier|[Gen 9 Champions] VGC 2026 Reg M-A\n|rated|\n|rule|Species Clause: Limit one of each Pok\u00e9mon\n|rule|Item Clause: Limit 1 of each item\n|clearpoke\n|poke|p1|Excadrill, L50, M|\n|poke|p1|Tyranitar, L50, F|\n|poke|p1|Kommo-o, L50, F|\n|poke|p1|Corviknight, L50, F|\n|poke|p1|Sinistcha, L50|\n|poke|p1|Incineroar, L50, F|\n|poke|p2|Venusaur, L50, F|\n|poke|p2|Incineroar, L50, F|\n|poke|p2|Garchomp, L50, F|\n|poke|p2|Farigiraf, L50, F|\n|poke|p2|Primarina, L50, M|\n|poke|p2|Kingambit, L50, M|\n|teampreview|4\n|\n|t:|1776483360\n|teamsize|p1|4\n|teamsize|p2|4\n|start\n|switch|p1a: Sinistcha|Sinistcha, L50|100/100\n|switch|p1b: Tyranitar|Tyranitar, L50, F|100/100\n|switch|p2a: Farigiraf|Farigiraf, L50, F|100/100\n|switch|p2b: Incineroar|Incineroar, L50, F|100/100\n|-ability|p2b: Incineroar|Intimidate|boost\n|-unboost|p1a: Sinistcha|atk|1\n|-unboost|p1b: Tyranitar|atk|1\n|-weather|Sandstorm|[from] ability: Sand Stream|[of] p1b: Tyranitar\n|turn|1\n|\n|t:|1776483385\n|switch|p2a: Venusaur|Venusaur, L50, F|100/100\n|detailschange|p1b: Tyranitar|Tyranitar-Mega, L50, F\n|-mega|p1b: Tyranitar|Tyranitar|Tyranitarite\n|move|p1b: Tyranitar|Crunch|p2a: Venusaur\n|-crit|p2a: Venusaur\n|-damage|p2a: Venusaur|31/100\n|move|p1a: Sinistcha|Matcha Gotcha|p2b: Incineroar|[spread] p2a,p2b\n|-resisted|p2a: Venusaur|2\n|-resisted|p2b: Incineroar|1\n|-damage|p2a: Venusaur|27/100\n|-damage|p2b: Incineroar|91/100\n|move|p2b: Incineroar|Parting Shot|p1b: Tyranitar\n|-unboost|p1b: Tyranitar|atk|1\n|-unboost|p1b: Tyranitar|spa|1\n|\n|t:|1776483392\n|switch|p2b: Kingambit|Kingambit, L50, M|100/100|[from] Parting Shot\n|\n|-weather|Sandstorm|[upkeep]\n|-damage|p2a: Venusaur|21/100|[from] Sandstorm\n|-damage|p1a: Sinistcha|94/100|[from] Sandstorm\n|upkeep\n|turn|2\n|\n|t:|1776483410\n|switch|p2a: Incineroar|Incineroar, L50, F|91/100\n|-ability|p2a: Incineroar|Intimidate|boost\n|-unboost|p1a: Sinistcha|atk|1\n|-unboost|p1b: Tyranitar|atk|1\n|switch|p1b: Corviknight|Corviknight, L50, F|100/100\n|move|p1a: Sinistcha|Matcha Gotcha|p2a: Incineroar|[spread] p2a,p2b\n|-resisted|p2a: Incineroar|1\n|-resisted|p2b: Kingambit|1\n|-damage|p2a: Incineroar|80/100\n|-heal|p1a: Sinistcha|100/100|[from] drain|[of] p2a: Incineroar\n|-damage|p2b: Kingambit|89/100\n|move|p2b: Kingambit|Kowtow Cleave|p1a: Sinistcha\n|-supereffective|p1a: Sinistcha|1\n|-damage|p1a: Sinistcha|3/100\n|-enditem|p1a: Sinistcha|Sitrus Berry|[eat]\n|-heal|p1a: Sinistcha|27/100|[from] item: Sitrus Berry\n|\n|-weather|Sandstorm|[upkeep]\n|-damage|p1a: Sinistcha|21/100|[from] Sandstorm\n|-damage|p2a: Incineroar|74/100|[from] Sandstorm\n|upkeep\n|turn|3\n|\n|t:|1776483437\n|switch|p1a: Tyranitar|Tyranitar-Mega, L50, F|100/100\n|move|p2a: Incineroar|Fake Out|p1b: Corviknight\n|-resisted|p1b: Corviknight|1\n|-damage|p1b: Corviknight|97/100\n|cant|p1b: Corviknight|flinch\n|move|p2b: Kingambit|Iron Head|p1a: Tyranitar\n|-supereffective|p1a: Tyranitar|1\n|-damage|p1a: Tyranitar|38/100\n|\n|-weather|Sandstorm|[upkeep]\n|-damage|p2a: Incineroar|68/100|[from] Sandstorm\n|-heal|p1b: Corviknight|100/100|[from] item: Leftovers\n|upkeep\n|turn|4\n|\n|t:|1776483454\n|switch|p1b: Sinistcha|Sinistcha, L50|21/100\n|-heal|p1a: Tyranitar|63/100|[from] ability: Hospitality|[of] p1b: Sinistcha\n|-end|p2b: Kingambit|fallenundefined|[silent]\n|switch|p2b: Farigiraf|Farigiraf, L50, F|100/100\n|move|p1a: Tyranitar|Low Kick|p2b: Farigiraf\n|-damage|p2b: Farigiraf|61/100\n|move|p2a: Incineroar|Parting Shot|p1a: Tyranitar\n|-unboost|p1a: Tyranitar|atk|1\n|-unboost|p1a: Tyranitar|spa|1\n|\n|t:|1776483472\n|switch|p2a: Venusaur|Venusaur, L50, F|21/100|[from] Parting Shot\n|\n|-weather|Sandstorm|[upkeep]\n|-damage|p2a: Venusaur|15/100|[from] Sandstorm\n|-damage|p1b: Sinistcha|15/100|[from] Sandstorm\n|-damage|p2b: Farigiraf|55/100|[from] Sandstorm\n|-heal|p2b: Farigiraf|61/100|[from] item: Leftovers\n|upkeep\n|turn|5\n|\n|t:|1776483482\n|move|p2a: Venusaur|Sludge Bomb|p1b: Sinistcha\n|-damage|p1b: Sinistcha|0 fnt\n|faint|p1b: Sinistcha\n|move|p1a: Tyranitar|Rock Slide|p2a: Venusaur|[spread] p2a,p2b\n|-damage|p2a: Venusaur|0 fnt\n|-damage|p2b: Farigiraf|36/100\n|faint|p2a: Venusaur\n|move|p2b: Farigiraf|Thunderbolt|p1a: Tyranitar\n|-damage|p1a: Tyranitar|52/100\n|\n|-weather|none\n|-heal|p2b: Farigiraf|42/100|[from] item: Leftovers\n|upkeep\n|\n|t:|1776483492\n|switch|p2a: Kingambit|Kingambit, L50, M|89/100\n|switch|p1b: Corviknight|Corviknight, L50, F|100/100\n|-activate|p2a: Kingambit|ability: Supreme Overlord\n|-start|p2a: Kingambit|fallen1|[silent]\n|turn|6\n|\n|t:|1776483503\n|move|p2b: Farigiraf|Protect|p2b: Farigiraf\n|-singleturn|p2b: Farigiraf|Protect\n|move|p1b: Corviknight|Bulk Up|p1b: Corviknight\n|-boost|p1b: Corviknight|atk|1\n|-boost|p1b: Corviknight|def|1\n|move|p1a: Tyranitar|Crunch|p2b: Farigiraf\n|-activate|p2b: Farigiraf|move: Protect\n|move|p2a: Kingambit|Low Kick|p1a: Tyranitar\n|-supereffective|p1a: Tyranitar|2\n|-damage|p1a: Tyranitar|0 fnt\n|faint|p1a: Tyranitar\n|\n|-heal|p2b: Farigiraf|48/100|[from] item: Leftovers\n|upkeep\n|\n|t:|1776483505\n|switch|p1a: Excadrill|Excadrill, L50, M|100/100\n|turn|7\n|\n|t:|1776483516\n|-end|p2a: Kingambit|fallen1|[silent]\n|switch|p2a: Incineroar|Incineroar, L50, F|68/100\n|-ability|p2a: Incineroar|Intimidate|boost\n|-unboost|p1a: Excadrill|atk|1\n|-ability|p1b: Corviknight|Mirror Armor\n|-unboost|p2a: Incineroar|atk|1\n|move|p1a: Excadrill|High Horsepower|p2b: Farigiraf\n|-damage|p2b: Farigiraf|11/100\n|move|p1b: Corviknight|Bulk Up|p1b: Corviknight\n|-boost|p1b: Corviknight|atk|1\n|-boost|p1b: Corviknight|def|1\n|move|p2b: Farigiraf|Trick Room|p2b: Farigiraf\n|-fieldstart|move: Trick Room|[of] p2b: Farigiraf\n|\n|-heal|p2b: Farigiraf|17/100|[from] item: Leftovers\n|upkeep\n|turn|8\n|\n|t:|1776483538\n|move|p1a: Excadrill|Protect|p1a: Excadrill\n|-singleturn|p1a: Excadrill|Protect\n|move|p2b: Farigiraf|Twin Beam|p1a: Excadrill\n|-activate|p1a: Excadrill|move: Protect\n|move|p2a: Incineroar|Flare Blitz|p1a: Excadrill\n|-activate|p1a: Excadrill|move: Protect\n|move|p1b: Corviknight|Roost||[still]\n|-fail|p1b: Corviknight|heal\n|\n|-heal|p2b: Farigiraf|23/100|[from] item: Leftovers\n|upkeep\n|turn|9\n|\n|t:|1776483546\n|move|p2b: Farigiraf|Twin Beam|p1a: Excadrill\n|-resisted|p1a: Excadrill|1\n|-damage|p1a: Excadrill|90/100\n|-resisted|p1a: Excadrill|1\n|-damage|p1a: Excadrill|80/100\n|-hitcount|p1a: Excadrill|2\n|move|p2a: Incineroar|Flare Blitz|p1a: Excadrill\n|-supereffective|p1a: Excadrill|1\n|-damage|p1a: Excadrill|0 fnt\n|faint|p1a: Excadrill\n|-damage|p2a: Incineroar|44/100|[from] Recoil\n|-enditem|p2a: Incineroar|Sitrus Berry|[eat]\n|-heal|p2a: Incineroar|69/100|[from] item: Sitrus Berry\n|move|p1b: Corviknight|Roost||[still]\n|-fail|p1b: Corviknight|heal\n|\n|-heal|p2b: Farigiraf|29/100|[from] item: Leftovers\n|upkeep\n|turn|10\n|\n|t:|1776483571\n|move|p2b: Farigiraf|Thunderbolt|p1b: Corviknight\n|-supereffective|p1b: Corviknight|1\n|-crit|p1b: Corviknight\n|-damage|p1b: Corviknight|36/100\n|-status|p1b: Corviknight|par\n|move|p1b: Corviknight|Roost|p1b: Corviknight\n|-heal|p1b: Corviknight|87/100 par\n|-singleturn|p1b: Corviknight|move: Roost\n|move|p2a: Incineroar|Flare Blitz|p1b: Corviknight\n|-supereffective|p1b: Corviknight|1\n|-damage|p1b: Corviknight|57/100 par\n|-damage|p2a: Incineroar|59/100|[from] Recoil\n|\n|-heal|p1b: Corviknight|63/100 par|[from] item: Leftovers\n|-heal|p2b: Farigiraf|34/100|[from] item: Leftovers\n|upkeep\n|turn|11\n|\n|t:|1776483581\n|move|p1b: Corviknight|Roost|p1b: Corviknight\n|-heal|p1b: Corviknight|100/100 par\n|-singleturn|p1b: Corviknight|move: Roost\n|move|p2b: Farigiraf|Thunderbolt|p1b: Corviknight\n|-damage|p1b: Corviknight|80/100 par\n|move|p2a: Incineroar|Flare Blitz|p1b: Corviknight\n|-supereffective|p1b: Corviknight|1\n|-damage|p1b: Corviknight|56/100 par\n|-damage|p2a: Incineroar|50/100|[from] Recoil\n|\n|-heal|p1b: Corviknight|62/100 par|[from] item: Leftovers\n|-heal|p2b: Farigiraf|40/100|[from] item: Leftovers\n|-fieldend|move: Trick Room\n|upkeep\n|turn|12\n|\n|t:|1776483592\n|move|p2a: Incineroar|Flare Blitz|p1b: Corviknight\n|-supereffective|p1b: Corviknight|1\n|-damage|p1b: Corviknight|34/100 par\n|-damage|p2a: Incineroar|41/100|[from] Recoil\n|move|p2b: Farigiraf|Thunderbolt|p1b: Corviknight\n|-supereffective|p1b: Corviknight|1\n|-damage|p1b: Corviknight|0 fnt\n|faint|p1b: Corviknight\n|\n|win|shiver419\n|raw|kingcoleman's rating: 1378 &rarr; <strong>1360</strong><br />(-18 for losing)\n|raw|shiver419's rating: 1420 &rarr; <strong>1438</strong><br />(+18 for winning)\n|l|\u2606kingcoleman\n|player|p1|\n",
  "uploadtime": 1776483608,
  "views": 46,
  "formatid": "gen9championsvgc2026regma",
  "rating": 1360,
  "private": 0,
  "password": null
}