{
  "id": "gen9championsvgc2026regma-2581489485",
  "format": "[Gen 9 Champions] VGC 2026 Reg M-A",
  "players": [
    "fuckv1",
    "yoyotheyogurt"
  ],
  "log": "|j|\u2606fuckv1\n|j|\u2606yoyotheyogurt\n|t:|1776005198\n|gametype|doubles\n|player|p1|fuckv1|cynthia|1179\n|player|p2|yoyotheyogurt|101|1152\n|gen|9\n|tier|[Gen 9 Champions] VGC 2026 Reg M-A\n|rated|\n|rule|Species Clause: Limit one of each Pok\u00e9mon\n|rule|Item Clause: Limit 1 of each item\n|clearpoke\n|poke|p1|Kangaskhan, L50, F|\n|poke|p1|Incineroar, L50, M|\n|poke|p1|Serperior, L50, M|\n|poke|p1|Aegislash, L50, F|\n|poke|p1|Kommo-o, L50, M|\n|poke|p1|Milotic, L50, M|\n|poke|p2|Dragonite, L50, M|\n|poke|p2|Snorlax, L50, M|\n|poke|p2|Aggron, L50, M|\n|poke|p2|Gyarados, L50, M|\n|poke|p2|Sinistcha, L50|\n|poke|p2|Garchomp, L50, M|\n|teampreview|4\n|inactive|Battle timer is ON: inactive players will automatically lose when time's up. (requested by fuckv1)\n|\n|t:|1776005245\n|teamsize|p1|4\n|teamsize|p2|4\n|start\n|switch|p1a: Kangaskhan|Kangaskhan, L50, F|100/100\n|switch|p1b: Kommo-o|Kommo-o, L50, M|100/100\n|switch|p2a: Garchomp|Garchomp, L50, M, shiny|100/100\n|switch|p2b: Dragonite|Dragonite, L50, M, shiny|100/100\n|turn|1\n|inactive|yoyotheyogurt has 30 seconds left.\n|\n|t:|1776005271\n|detailschange|p1a: Kangaskhan|Kangaskhan-Mega, L50, F\n|-mega|p1a: Kangaskhan|Kangaskhan|Kangaskhanite\n|move|p1a: Kangaskhan|Fake Out|p2a: Garchomp\n|-damage|p2a: Garchomp|78/100\n|-damage|p1a: Kangaskhan|88/100|[from] ability: Rough Skin|[of] p2a: Garchomp\n|-damage|p2a: Garchomp|73/100\n|-damage|p1a: Kangaskhan|76/100|[from] ability: Rough Skin|[of] p2a: Garchomp\n|-hitcount|p2a: Garchomp|2\n|cant|p2a: Garchomp|flinch\n|move|p1b: Kommo-o|Clanging Scales|p2b: Dragonite|[spread] p2a,p2b\n|-supereffective|p2a: Garchomp|1\n|-supereffective|p2b: Dragonite|1\n|-damage|p2a: Garchomp|1/100\n|-damage|p2b: Dragonite|40/100\n|-unboost|p1b: Kommo-o|def|1\n|move|p2b: Dragonite|Dragon Claw|p1b: Kommo-o\n|-supereffective|p1b: Kommo-o|1\n|-damage|p1b: Kommo-o|0 fnt\n|faint|p1b: Kommo-o\n|\n|upkeep\n|\n|t:|1776005288\n|switch|p1b: Milotic|Milotic, L50, M|100/100\n|turn|2\n|inactive|yoyotheyogurt has 30 seconds left.\n|\n|t:|1776005317\n|move|p2b: Dragonite|Protect|p2b: Dragonite\n|-singleturn|p2b: Dragonite|Protect\n|move|p1a: Kangaskhan|Sucker Punch||[still]\n|-fail|p1a: Kangaskhan\n|move|p2a: Garchomp|Earthquake|p1b: Milotic|[spread] p1a,p1b\n|-activate|p2b: Dragonite|move: Protect\n|-damage|p1a: Kangaskhan|33/100\n|-damage|p1b: Milotic|64/100\n|move|p1b: Milotic|Icy Wind|p2a: Garchomp|[spread] p2a\n|-activate|p2b: Dragonite|move: Protect\n|-supereffective|p2a: Garchomp|2\n|-damage|p2a: Garchomp|0 fnt\n|faint|p2a: Garchomp\n|\n|upkeep\n|\n|t:|1776005337\n|switch|p2a: Sinistcha|Sinistcha, L50, shiny|100/100\n|-heal|p2b: Dragonite|64/100|[from] ability: Hospitality|[of] p2a: Sinistcha\n|turn|3\n|\n|t:|1776005360\n|move|p2b: Dragonite|Extreme Speed|p1a: Kangaskhan\n|-damage|p1a: Kangaskhan|4/100\n|move|p1a: Kangaskhan|Sucker Punch|p2a: Sinistcha\n|-supereffective|p2a: Sinistcha|1\n|-damage|p2a: Sinistcha|54/100\n|-supereffective|p2a: Sinistcha|1\n|-damage|p2a: Sinistcha|43/100\n|-hitcount|p2a: Sinistcha|2\n|move|p1b: Milotic|Icy Wind|p2a: Sinistcha|[spread] p2a,p2b\n|-supereffective|p2a: Sinistcha|1\n|-supereffective|p2b: Dragonite|2\n|-damage|p2a: Sinistcha|24/100\n|-damage|p2b: Dragonite|32/100\n|-unboost|p2a: Sinistcha|spe|1\n|-unboost|p2b: Dragonite|spe|1\n|move|p2a: Sinistcha|Matcha Gotcha|p1b: Milotic|[spread] p1a\n|-miss|p2a: Sinistcha|p1b: Milotic\n|-damage|p1a: Kangaskhan|0 fnt\n|-heal|p2a: Sinistcha|26/100|[from] drain|[of] p1a: Kangaskhan\n|faint|p1a: Kangaskhan\n|\n|-heal|p2a: Sinistcha|32/100|[from] item: Leftovers\n|upkeep\n|\n|t:|1776005372\n|switch|p1a: Serperior|Serperior, L50, M|100/100\n|turn|4\n|\n|t:|1776005394\n|move|p2b: Dragonite|Protect|p2b: Dragonite\n|-singleturn|p2b: Dragonite|Protect\n|move|p1a: Serperior|Dragon Pulse|p2b: Dragonite\n|-activate|p2b: Dragonite|move: Protect\n|move|p1b: Milotic|Icy Wind|p2b: Dragonite|[spread] p2a\n|-activate|p2b: Dragonite|move: Protect\n|-supereffective|p2a: Sinistcha|1\n|-damage|p2a: Sinistcha|16/100\n|-unboost|p2a: Sinistcha|spe|1\n|move|p2a: Sinistcha|Life Dew|p2a: Sinistcha|[spread] p2a,p2b\n|-heal|p2a: Sinistcha|42/100\n|-heal|p2b: Dragonite|57/100\n|\n|-heal|p2a: Sinistcha|48/100|[from] item: Leftovers\n|upkeep\n|turn|5\n|\n|t:|1776005417\n|switch|p2b: Aggron|Aggron, L50, M, shiny|100/100\n|move|p1a: Serperior|Dragon Pulse|p2b: Aggron\n|-resisted|p2b: Aggron|1\n|-damage|p2b: Aggron|88/100\n|move|p1b: Milotic|Icy Wind|p2a: Sinistcha|[spread] p2a\n|-miss|p1b: Milotic|p2b: Aggron\n|-supereffective|p2a: Sinistcha|1\n|-damage|p2a: Sinistcha|30/100\n|-unboost|p2a: Sinistcha|spe|1\n|move|p2a: Sinistcha|Trick Room|p2a: Sinistcha\n|-fieldstart|move: Trick Room|[of] p2a: Sinistcha\n|\n|-heal|p2a: Sinistcha|36/100|[from] item: Leftovers\n|upkeep\n|turn|6\n|inactive|yoyotheyogurt has 30 seconds left.\n|\n|t:|1776005444\n|detailschange|p2b: Aggron|Aggron-Mega, L50, M, shiny\n|-mega|p2b: Aggron|Aggron|Aggronite\n|move|p2a: Sinistcha|Life Dew|p2a: Sinistcha|[spread] p2a,p2b\n|-heal|p2a: Sinistcha|61/100\n|-heal|p2b: Aggron|100/100\n|move|p2b: Aggron|Heavy Slam|p1a: Serperior\n|-damage|p1a: Serperior|35/100\n|move|p1b: Milotic|Scald|p2b: Aggron\n|-damage|p2b: Aggron|74/100\n|move|p1a: Serperior|Dragon Pulse|p2a: Sinistcha\n|-damage|p2a: Sinistcha|43/100\n|\n|-heal|p2a: Sinistcha|49/100|[from] item: Leftovers\n|upkeep\n|turn|7\n|\n|t:|1776005460\n|move|p2a: Sinistcha|Life Dew|p2a: Sinistcha|[spread] p2a,p2b\n|-heal|p2a: Sinistcha|74/100\n|-heal|p2b: Aggron|99/100\n|move|p2b: Aggron|Heavy Slam|p1a: Serperior\n|-damage|p1a: Serperior|0 fnt\n|faint|p1a: Serperior\n|move|p1b: Milotic|Life Dew|p1b: Milotic\n|-heal|p1b: Milotic|90/100\n|\n|-heal|p2a: Sinistcha|80/100|[from] item: Leftovers\n|upkeep\n|turn|8\n|\n|t:|1776005474\n|move|p2a: Sinistcha|Matcha Gotcha|p1b: Milotic\n|-supereffective|p1b: Milotic|1\n|-damage|p1b: Milotic|39/100\n|-heal|p2a: Sinistcha|100/100|[from] drain|[of] p1b: Milotic\n|move|p2b: Aggron|Body Press|p1b: Milotic\n|-damage|p1b: Milotic|2/100\n|move|p1b: Milotic|Scald|p2b: Aggron\n|-damage|p2b: Aggron|73/100\n|-status|p2b: Aggron|brn\n|\n|-damage|p2b: Aggron|67/100 brn|[from] brn\n|upkeep\n|turn|9\n|-message|fuckv1 forfeited.\n|\n|win|yoyotheyogurt\n|raw|fuckv1's rating: 1179 &rarr; <strong>1152</strong><br />(-27 for losing)\n|raw|yoyotheyogurt's rating: 1152 &rarr; <strong>1179</strong><br />(+27 for winning)\n|l|\u2606fuckv1\n|player|p1|\n",
  "uploadtime": 1776005488,
  "views": 20,
  "formatid": "gen9championsvgc2026regma",
  "rating": 1152,
  "private": 0,
  "password": null
}