{
  "id": "gen9championsvgc2026regma-2583657262",
  "format": "[Gen 9 Champions] VGC 2026 Reg M-A",
  "players": [
    "realcomrade379",
    "pokemonpengu"
  ],
  "log": "|j|\u2606realcomrade379\n|j|\u2606pokemonpengu\n|html|<table width=\"100%\"><tr><td align=\"left\">realcomrade379</td><td align=\"right\">pokemonpengu</tr><tr><td align=\"left\"><i class=\"fa fa-circle\"></i> <i class=\"fa fa-circle-o\"></i> </td><td align=\"right\"><i class=\"fa fa-circle-o\"></i> <i class=\"fa fa-circle-o\"></i> </tr></table>\n|uhtml|bestof|<h2><strong>Game 2</strong> of <a href=\"/game-bestof3-gen9championsvgc2026regma-2583653940\">a best-of-3</a></h2>\n|t:|1776189198\n|gametype|doubles\n|player|p1|realcomrade379|shadowtriad|\n|player|p2|pokemonpengu|265|\n|gen|9\n|tier|[Gen 9 Champions] VGC 2026 Reg M-A\n|rated|Tournament battle\n|rule|Species Clause: Limit one of each Pok\u00e9mon\n|rule|Item Clause: Limit 1 of each item\n|raw|<div class=\"infobox\"><details class=\"readmore\" open><summary><strong>2 custom rules:</strong></summary> Force Open Team Sheets, Best of = 3</details></div>\n|clearpoke\n|poke|p1|Tyranitar, L50, F|\n|poke|p1|Floette-Eternal, L50, F|\n|poke|p1|Excadrill, L50, F|\n|poke|p1|Basculegion, L50, M|\n|poke|p1|Sinistcha, L50|\n|poke|p1|Incineroar, L50, F|\n|poke|p2|Aegislash, L50, M|\n|poke|p2|Dragonite, L50, F|\n|poke|p2|Froslass, L50, F|\n|poke|p2|Medicham, L50, F|\n|poke|p2|Glimmora, L50, M|\n|poke|p2|Farigiraf, L50, F|\n|teampreview|4\n|showteam|p1|Tyranitar||Tyranitarite|SandStream|Protect,LowKick,KnockOff,RockSlide|||F|||50|]Floette-Eternal||Floettite|FlowerVeil|Protect,CalmMind,DazzlingGleam,Moonblast|||F|||50|]Excadrill||FocusSash|SandRush|Protect,HighHorsepower,IronHead,Earthquake|||F|||50|]Basculegion||ChoiceScarf|Adaptability|LastRespects,WaveCrash,FlipTurn,AquaJet|||M|||50|]Sinistcha||SitrusBerry|Hospitality|MatchaGotcha,TrickRoom,RagePowder,LifeDew||||||50|]Incineroar||ChopleBerry|Intimidate|FlareBlitz,WillOWisp,FakeOut,PartingShot|||F|||50|\n|showteam|p2|Aegislash||Leftovers|StanceChange|IronHead,KingsShield,Poltergeist,NightSlash|||M|||50|]Dragonite||ChoiceScarf|Multiscale|HydroPump,DracoMeteor,Hurricane,HeatWave|||F|||50|]Froslass||Froslassite|CursedBody|Blizzard,ShadowBall,IcyWind,Protect|||F|||50|]Medicham||TwistedSpoon|PurePower|CloseCombat,ZenHeadbutt,FakeOut,Protect|||F|||50|]Glimmora||FocusSash|ToxicDebris|PowerGem,SludgeBomb,SpikyShield,AcidSpray|||M|||50|]Farigiraf||SitrusBerry|ArmorTail|HyperVoice,PsychicNoise,Protect,TrickRoom|||F|||50|\n|inactive|Battle timer is ON: inactive players will automatically lose when time's up. (requested by pokemonpengu)\n|\n|t:|1776189216\n|teamsize|p1|4\n|teamsize|p2|4\n|start\n|switch|p1a: Basculegion|Basculegion, L50, M|100/100\n|switch|p1b: Excadrill|Excadrill, L50, F|100/100\n|switch|p2a: Dragonite|Dragonite, L50, F|100/100\n|switch|p2b: Medicham|Medicham, L50, F|100/100\n|turn|1\n|\n|t:|1776189229\n|switch|p1b: Incineroar|Incineroar, L50, F|100/100\n|-ability|p1b: Incineroar|Intimidate|boost\n|-unboost|p2a: Dragonite|atk|1\n|-unboost|p2b: Medicham|atk|1\n|move|p1a: Basculegion|Flip Turn|p2a: Dragonite\n|-resisted|p2a: Dragonite|1\n|-damage|p2a: Dragonite|90/100\n|\n|t:|1776189239\n|switch|p1a: Tyranitar|Tyranitar, L50, F|100/100|[from] Flip Turn\n|-weather|Sandstorm|[from] ability: Sand Stream|[of] p1a: Tyranitar\n|move|p2a: Dragonite|Hydro Pump|p1b: Incineroar\n|-supereffective|p1b: Incineroar|1\n|-damage|p1b: Incineroar|37/100\n|move|p2b: Medicham|Zen Headbutt|p1b: Incineroar\n|-immune|p1b: Incineroar\n|\n|-weather|Sandstorm|[upkeep]\n|-damage|p2a: Dragonite|84/100|[from] Sandstorm\n|-damage|p2b: Medicham|95/100|[from] Sandstorm\n|-damage|p1b: Incineroar|31/100|[from] Sandstorm\n|upkeep\n|turn|2\n|\n|t:|1776189259\n|move|p1b: Incineroar|Fake Out|p2b: Medicham\n|-damage|p2b: Medicham|76/100\n|move|p2a: Dragonite|Hydro Pump|p1b: Incineroar\n|-supereffective|p1b: Incineroar|1\n|-damage|p1b: Incineroar|0 fnt\n|faint|p1b: Incineroar\n|cant|p2b: Medicham|flinch\n|move|p1a: Tyranitar|Rock Slide|p2a: Dragonite|[spread] p2a,p2b\n|-supereffective|p2a: Dragonite|1\n|-resisted|p2b: Medicham|1\n|-damage|p2a: Dragonite|15/100\n|-damage|p2b: Medicham|50/100\n|\n|-weather|Sandstorm|[upkeep]\n|-damage|p2a: Dragonite|9/100|[from] Sandstorm\n|-damage|p2b: Medicham|44/100|[from] Sandstorm\n|upkeep\n|\n|t:|1776189271\n|switch|p1b: Basculegion|Basculegion, L50, M|100/100\n|turn|3\n|\n|t:|1776189278\n|detailschange|p1a: Tyranitar|Tyranitar-Mega, L50, F\n|-mega|p1a: Tyranitar|Tyranitar|Tyranitarite\n|move|p2b: Medicham|Protect|p2b: Medicham\n|-singleturn|p2b: Medicham|Protect\n|move|p1b: Basculegion|Last Respects|p2b: Medicham\n|-activate|p2b: Medicham|move: Protect\n|move|p2a: Dragonite|Hydro Pump|p1a: Tyranitar\n|-supereffective|p1a: Tyranitar|1\n|-damage|p1a: Tyranitar|73/100\n|move|p1a: Tyranitar|Rock Slide|p2b: Medicham|[spread] p2a\n|-activate|p2b: Medicham|move: Protect\n|-supereffective|p2a: Dragonite|1\n|-damage|p2a: Dragonite|0 fnt\n|faint|p2a: Dragonite\n|\n|-weather|Sandstorm|[upkeep]\n|-damage|p1b: Basculegion|94/100|[from] Sandstorm\n|-damage|p2b: Medicham|38/100|[from] Sandstorm\n|upkeep\n|\n|t:|1776189293\n|switch|p2a: Froslass|Froslass, L50, F|100/100\n|turn|4\n|\n|t:|1776189302\n|switch|p1a: Excadrill|Excadrill, L50, F|100/100\n|detailschange|p2a: Froslass|Froslass-Mega, L50, F\n|-mega|p2a: Froslass|Froslass|Froslassite\n|-weather|Snowscape|[from] ability: Snow Warning|[of] p2a: Froslass\n|move|p1b: Basculegion|Last Respects|p2b: Medicham\n|-supereffective|p2b: Medicham|1\n|-damage|p2b: Medicham|0 fnt\n|faint|p2b: Medicham\n|move|p2a: Froslass|Shadow Ball|p1b: Basculegion\n|-supereffective|p1b: Basculegion|1\n|-damage|p1b: Basculegion|0 fnt\n|faint|p1b: Basculegion\n|\n|-weather|Snowscape|[upkeep]\n|upkeep\n|\n|t:|1776189313\n|switch|p2b: Glimmora|Glimmora, L50, M|100/100\n|switch|p1b: Tyranitar|Tyranitar-Mega, L50, F|73/100\n|-weather|Sandstorm|[from] ability: Sand Stream|[of] p1b: Tyranitar\n|turn|5\n|\n|t:|1776189331\n|move|p1a: Excadrill|Protect|p1a: Excadrill\n|-singleturn|p1a: Excadrill|Protect\n|move|p2a: Froslass|Protect|p2a: Froslass\n|-singleturn|p2a: Froslass|Protect\n|move|p1b: Tyranitar|Protect|p1b: Tyranitar\n|-singleturn|p1b: Tyranitar|Protect\n|move|p2b: Glimmora|Acid Spray|p1b: Tyranitar\n|-activate|p1b: Tyranitar|move: Protect\n|\n|-weather|Sandstorm|[upkeep]\n|-damage|p2a: Froslass|94/100|[from] Sandstorm\n|upkeep\n|turn|6\n|\n|t:|1776189342\n|move|p1a: Excadrill|High Horsepower|p2b: Glimmora\n|-supereffective|p2b: Glimmora|2\n|-enditem|p2b: Glimmora|Focus Sash\n|-damage|p2b: Glimmora|1/100\n|-activate|p2b: Glimmora|ability: Toxic Debris\n|-sidestart|p1: realcomrade379|move: Toxic Spikes\n|move|p2a: Froslass|Icy Wind|p1a: Excadrill|[spread] p1a,p1b\n|-damage|p1a: Excadrill|69/100\n|-damage|p1b: Tyranitar|62/100\n|-unboost|p1a: Excadrill|spe|1\n|-unboost|p1b: Tyranitar|spe|1\n|move|p2b: Glimmora|Acid Spray|p1b: Tyranitar\n|-resisted|p1b: Tyranitar|1\n|-damage|p1b: Tyranitar|57/100\n|-unboost|p1b: Tyranitar|spd|2\n|move|p1b: Tyranitar|Rock Slide|p2a: Froslass|[spread] p2a,p2b\n|-supereffective|p2a: Froslass|1\n|-damage|p2a: Froslass|0 fnt\n|-damage|p2b: Glimmora|0 fnt\n|-activate|p2b: Glimmora|ability: Toxic Debris\n|-sidestart|p1: realcomrade379|move: Toxic Spikes\n|faint|p2a: Froslass\n|faint|p2b: Glimmora\n|\n|win|realcomrade379\n",
  "uploadtime": 1776189355,
  "views": 14,
  "formatid": "gen9championsvgc2026regma",
  "rating": null,
  "private": 0,
  "password": null
}