{
  "id": "gen9championsvgc2026regma-2587057511",
  "format": "[Gen 9 Champions] VGC 2026 Reg M-A",
  "players": [
    "mrbluejello",
    "Kuckooopa"
  ],
  "log": "|j|\u2606mrbluejello\n|j|\u2606Kuckooopa\n|t:|1776487779\n|gametype|doubles\n|player|p1|mrbluejello|265|1028\n|player|p2|Kuckooopa|1|1072\n|gen|9\n|tier|[Gen 9 Champions] VGC 2026 Reg M-A\n|rated|\n|rule|Species Clause: Limit one of each Pok\u00e9mon\n|rule|Item Clause: Limit 1 of each item\n|clearpoke\n|poke|p1|Tyranitar, L50, M|\n|poke|p1|Excadrill, L50, F|\n|poke|p1|Garchomp, L50, M|\n|poke|p1|Aerodactyl, L50, F|\n|poke|p1|Gardevoir, L50, M|\n|poke|p1|Incineroar, L50, F|\n|poke|p2|Dragonite, L50, M|\n|poke|p2|Basculegion, L50, M|\n|poke|p2|Sinistcha, L50|\n|poke|p2|Incineroar, L50, M, shiny|\n|poke|p2|Politoed, L50, F|\n|poke|p2|Torterra, L50, F|\n|teampreview|4\n|\n|t:|1776487805\n|teamsize|p1|4\n|teamsize|p2|4\n|start\n|switch|p1a: Aerodactyl|Aerodactyl, L50, F|100/100\n|switch|p1b: Incineroar|Incineroar, L50, F|100/100\n|switch|p2a: Gerald the dragon|Dragonite, L50, M|100/100\n|switch|p2b: Frogman|Politoed, L50, F|100/100\n|-ability|p1a: Aerodactyl|Unnerve\n|-weather|RainDance|[from] ability: Drizzle|[of] p2b: Frogman\n|-ability|p1b: Incineroar|Intimidate|boost\n|-fail|p2a: Gerald the dragon|unboost|Attack|[from] ability: Inner Focus|[of] p2a: Gerald the dragon\n|-unboost|p2b: Frogman|atk|1\n|turn|1\n|\n|t:|1776487833\n|move|p1b: Incineroar|Fake Out|p2b: Frogman\n|-damage|p2b: Frogman|90/100\n|move|p1a: Aerodactyl|Tailwind|p1a: Aerodactyl\n|-sidestart|p1: mrbluejello|move: Tailwind\n|move|p2a: Gerald the dragon|Tailwind|p2a: Gerald the dragon\n|-sidestart|p2: Kuckooopa|move: Tailwind\n|cant|p2b: Frogman|flinch\n|\n|-weather|RainDance|[upkeep]\n|upkeep\n|turn|2\n|\n|t:|1776487870\n|detailschange|p2a: Gerald the dragon|Dragonite-Mega, L50, M\n|-mega|p2a: Gerald the dragon|Dragonite|Dragoninite\n|move|p1a: Aerodactyl|Rock Slide|p2b: Frogman|[spread] p2a,p2b\n|-supereffective|p2a: Gerald the dragon|1\n|-damage|p2a: Gerald the dragon|79/100\n|-damage|p2b: Frogman|64/100\n|move|p2a: Gerald the dragon|Hurricane|p1b: Incineroar\n|-damage|p1b: Incineroar|31/100\n|-enditem|p1b: Incineroar|Sitrus Berry|[eat]\n|-heal|p1b: Incineroar|55/100|[from] item: Sitrus Berry\n|cant|p2b: Frogman|flinch\n|move|p1b: Incineroar|Parting Shot|p2a: Gerald the dragon\n|-unboost|p2a: Gerald the dragon|atk|1\n|-unboost|p2a: Gerald the dragon|spa|1\n|\n|t:|1776487893\n|switch|p1b: Garchomp|Garchomp, L50, M|100/100|[from] Parting Shot\n|\n|-weather|RainDance|[upkeep]\n|upkeep\n|turn|3\n|\n|t:|1776487905\n|move|p1b: Garchomp|Dragon Claw|p2a: Gerald the dragon\n|-supereffective|p2a: Gerald the dragon|1\n|-damage|p2a: Gerald the dragon|11/100\n|move|p1a: Aerodactyl|Rock Slide|p2b: Frogman|[spread] p2a,p2b\n|-supereffective|p2a: Gerald the dragon|1\n|-damage|p2a: Gerald the dragon|0 fnt\n|-damage|p2b: Frogman|40/100\n|faint|p2a: Gerald the dragon\n|move|p2b: Frogman|Icy Wind|p1a: Aerodactyl|[spread] p1a,p1b\n|-supereffective|p1a: Aerodactyl|1\n|-supereffective|p1b: Garchomp|2\n|-damage|p1a: Aerodactyl|77/100\n|-damage|p1b: Garchomp|62/100\n|-unboost|p1a: Aerodactyl|spe|1\n|-unboost|p1b: Garchomp|spe|1\n|\n|-weather|RainDance|[upkeep]\n|upkeep\n|\n|t:|1776487920\n|switch|p2a: Angry tuna|Basculegion, L50, M|100/100\n|turn|4\n|\n|t:|1776487934\n|move|p2a: Angry tuna|Liquidation|p1a: Aerodactyl\n|-supereffective|p1a: Aerodactyl|1\n|-damage|p1a: Aerodactyl|0 fnt\n|-enditem|p2b: Frogman|Sitrus Berry|[eat]\n|-heal|p2b: Frogman|64/100|[from] item: Sitrus Berry\n|faint|p1a: Aerodactyl\n|move|p1b: Garchomp|Dragon Claw|p2b: Frogman\n|-damage|p2b: Frogman|17/100\n|move|p2b: Frogman|Icy Wind|p1b: Garchomp\n|-supereffective|p1b: Garchomp|2\n|-damage|p1b: Garchomp|8/100\n|-unboost|p1b: Garchomp|spe|1\n|\n|-weather|RainDance|[upkeep]\n|-sideend|p2: Kuckooopa|move: Tailwind\n|-sideend|p1: mrbluejello|move: Tailwind\n|upkeep\n|\n|t:|1776487940\n|switch|p1a: Incineroar|Incineroar, L50, F|55/100\n|-ability|p1a: Incineroar|Intimidate|boost\n|-unboost|p2a: Angry tuna|atk|1\n|-unboost|p2b: Frogman|atk|1\n|turn|5\n|\n|t:|1776487960\n|move|p1a: Incineroar|Fake Out|p2b: Frogman\n|-damage|p2b: Frogman|6/100\n|move|p2a: Angry tuna|Liquidation|p1a: Incineroar\n|-supereffective|p1a: Incineroar|1\n|-damage|p1a: Incineroar|0 fnt\n|faint|p1a: Incineroar\n|move|p1b: Garchomp|Dragon Claw|p2a: Angry tuna\n|-damage|p2a: Angry tuna|47/100\n|cant|p2b: Frogman|flinch\n|\n|-weather|none\n|upkeep\n|\n|t:|1776487966\n|switch|p1a: Gardevoir|Gardevoir, L50, M|100/100\n|turn|6\n|\n|t:|1776487976\n|detailschange|p1a: Gardevoir|Gardevoir-Mega, L50, M\n|-mega|p1a: Gardevoir|Gardevoir|Gardevoirite\n|move|p1a: Gardevoir|Hyper Voice|p2a: Angry tuna|[spread] p2a,p2b\n|-damage|p2a: Angry tuna|0 fnt\n|-damage|p2b: Frogman|0 fnt\n|faint|p2a: Angry tuna\n|faint|p2b: Frogman\n|move|p1b: Garchomp|Dragon Claw|p2: Angry tuna|[notarget]\n|-fail|p1b: Garchomp\n|\n|upkeep\n|-message|Kuckooopa forfeited.\n|\n|win|mrbluejello\n|raw|mrbluejello's rating: 1028 &rarr; <strong>1068</strong><br />(+40 for winning)\n|raw|Kuckooopa's rating: 1072 &rarr; <strong>1049</strong><br />(-23 for losing)\n|l|\u2606Kuckooopa\n|player|p2|\n",
  "uploadtime": 1776488002,
  "views": 17,
  "formatid": "gen9championsvgc2026regma",
  "rating": 1049,
  "private": 0,
  "password": null
}