{
  "id": "gen9championsvgc2026regma-2581758205",
  "format": "[Gen 9 Champions] VGC 2026 Reg M-A",
  "players": [
    "kfjtdhynd",
    "lobbychatlagsmypc"
  ],
  "log": "|j|\u2606kfjtdhynd\n|j|\u2606lobbychatlagsmypc\n|t:|1776026120\n|gametype|doubles\n|player|p1|kfjtdhynd|2|1343\n|player|p2|lobbychatlagsmypc|266|1324\n|gen|9\n|tier|[Gen 9 Champions] VGC 2026 Reg M-A\n|rated|\n|rule|Species Clause: Limit one of each Pok\u00e9mon\n|rule|Item Clause: Limit 1 of each item\n|clearpoke\n|poke|p1|Slowbro, L50, M|\n|poke|p1|Sinistcha, L50|\n|poke|p1|Sneasler, L50, M|\n|poke|p1|Pelipper, L50, M|\n|poke|p1|Archaludon, L50, F|\n|poke|p1|Incineroar, L50, M|\n|poke|p2|Mudsdale, L50, M|\n|poke|p2|Chimecho, L50, F|\n|poke|p2|Volcarona, L50, M|\n|poke|p2|Blastoise, L50, F|\n|poke|p2|Whimsicott, L50, M|\n|poke|p2|Tyranitar, L50, M|\n|teampreview|4\n|inactive|Battle timer is ON: inactive players will automatically lose when time's up. (requested by lobbychatlagsmypc)\nkfjtdhynd rejected open team sheets.\n|inactive|kfjtdhynd has 60 seconds left.\n|inactive|lobbychatlagsmypc has 60 seconds left.\n|\n|t:|1776026171\n|teamsize|p1|4\n|teamsize|p2|4\n|start\n|switch|p1a: Incineroar|Incineroar, L50, M|100/100\n|switch|p1b: Slowbro|Slowbro, L50, M|100/100\n|switch|p2a: Volcarona|Volcarona, L50, M|100/100\n|switch|p2b: Mudsdale|Mudsdale, L50, M|100/100\n|-ability|p1a: Incineroar|Intimidate|boost\n|-unboost|p2a: Volcarona|atk|1\n|-fail|p2b: Mudsdale|unboost|Attack|[from] ability: Inner Focus|[of] p2b: Mudsdale\n|turn|1\n|\n|t:|1776026181\n|detailschange|p1b: Slowbro|Slowbro-Mega, L50, M\n|-mega|p1b: Slowbro|Slowbro|Slowbronite\n|move|p1a: Incineroar|Fake Out|p2a: Volcarona\n|-damage|p2a: Volcarona|89/100\n|-immune|p1a: Incineroar\n|cant|p2a: Volcarona|flinch\n|move|p2b: Mudsdale|Curse|p2b: Mudsdale\n|-unboost|p2b: Mudsdale|spe|1\n|-boost|p2b: Mudsdale|atk|1\n|-boost|p2b: Mudsdale|def|1\n|move|p1b: Slowbro|Muddy Water|p2b: Mudsdale|[spread] p2a,p2b\n|-supereffective|p2a: Volcarona|1\n|-supereffective|p2b: Mudsdale|1\n|-damage|p2a: Volcarona|19/100\n|-damage|p2b: Mudsdale|24/100\n|\n|-heal|p2a: Volcarona|25/100|[from] item: Leftovers\n|upkeep\n|turn|2\n|\n|t:|1776026199\n|move|p2a: Volcarona|Struggle Bug|p1a: Incineroar|[spread] p1a,p1b\n|-supereffective|p1b: Slowbro|1\n|-damage|p1a: Incineroar|84/100\n|-damage|p1b: Slowbro|61/100\n|-unboost|p1a: Incineroar|spa|1\n|-unboost|p1b: Slowbro|spa|1\n|move|p1a: Incineroar|Flare Blitz|p2a: Volcarona\n|-damage|p2a: Volcarona|0 fnt\n|faint|p2a: Volcarona\n|-damage|p1a: Incineroar|76/100|[from] Recoil\n|move|p2b: Mudsdale|High Horsepower|p1b: Slowbro\n|-damage|p1b: Slowbro|17/100\n|move|p1b: Slowbro|Muddy Water|p2b: Mudsdale\n|-supereffective|p2b: Mudsdale|1\n|-damage|p2b: Mudsdale|0 fnt\n|faint|p2b: Mudsdale\n|\n|upkeep\n|\n|t:|1776026203\n|switch|p2a: Tyranitar|Tyranitar, L50, M|100/100\n|switch|p2b: Blastoise|Blastoise, L50, F|100/100\n|-weather|Sandstorm|[from] ability: Sand Stream|[of] p2a: Tyranitar\n|turn|3\n|\n|t:|1776026216\n|switch|p1a: Archaludon|Archaludon, L50, F|100/100\n|detailschange|p2b: Blastoise|Blastoise-Mega, L50, F\n|-mega|p2b: Blastoise|Blastoise|Blastoisinite\n|move|p1b: Slowbro|Protect|p1b: Slowbro\n|-singleturn|p1b: Slowbro|Protect\n|move|p2b: Blastoise|Water Spout|p1a: Archaludon|[spread] p1a\n|-activate|p1b: Slowbro|move: Protect\n|-resisted|p1a: Archaludon|1\n|-damage|p1a: Archaludon|68/100\n|-ability|p1a: Archaludon|Stamina|boost\n|-boost|p1a: Archaludon|def|1\n|move|p2a: Tyranitar|Low Kick|p1a: Archaludon\n|-supereffective|p1a: Archaludon|1\n|-damage|p1a: Archaludon|38/100\n|-ability|p1a: Archaludon|Stamina|boost\n|-boost|p1a: Archaludon|def|1\n|\n|-weather|Sandstorm|[upkeep]\n|-damage|p2b: Blastoise|94/100|[from] Sandstorm\n|-damage|p1b: Slowbro|11/100|[from] Sandstorm\n|-heal|p1a: Archaludon|44/100|[from] item: Leftovers\n|upkeep\n|turn|4\n|\n|t:|1776026231\n|move|p1a: Archaludon|Protect|p1a: Archaludon\n|-singleturn|p1a: Archaludon|Protect\n|move|p2b: Blastoise|Water Spout|p1b: Slowbro|[spread] p1b\n|-activate|p1a: Archaludon|move: Protect\n|-resisted|p1b: Slowbro|1\n|-damage|p1b: Slowbro|0 fnt\n|faint|p1b: Slowbro\n|move|p2a: Tyranitar|Low Kick|p1a: Archaludon\n|-activate|p1a: Archaludon|move: Protect\n|\n|-weather|Sandstorm|[upkeep]\n|-damage|p2b: Blastoise|88/100|[from] Sandstorm\n|-heal|p1a: Archaludon|50/100|[from] item: Leftovers\n|upkeep\n|\n|t:|1776026232\n|switch|p1b: Incineroar|Incineroar, L50, M|76/100\n|-ability|p1b: Incineroar|Intimidate|boost\n|-unboost|p2a: Tyranitar|atk|1\n|-unboost|p2b: Blastoise|atk|1\n|turn|5\n|\n|t:|1776026253\n|move|p2b: Blastoise|Protect|p2b: Blastoise\n|-singleturn|p2b: Blastoise|Protect\n|move|p1b: Incineroar|Fake Out|p2a: Tyranitar\n|-resisted|p2a: Tyranitar|1\n|-damage|p2a: Tyranitar|96/100\n|move|p1a: Archaludon|Draco Meteor|p2b: Blastoise\n|-activate|p2b: Blastoise|move: Protect\n|cant|p2a: Tyranitar|flinch\n|\n|-weather|Sandstorm|[upkeep]\n|-damage|p2b: Blastoise|82/100|[from] Sandstorm\n|-damage|p1b: Incineroar|70/100|[from] Sandstorm\n|-heal|p1a: Archaludon|56/100|[from] item: Leftovers\n|upkeep\n|turn|6\n|\n|t:|1776026277\n|move|p2b: Blastoise|Water Spout|p1b: Incineroar|[spread] p1a,p1b\n|-resisted|p1a: Archaludon|1\n|-supereffective|p1b: Incineroar|1\n|-damage|p1a: Archaludon|30/100\n|-damage|p1b: Incineroar|0 fnt\n|-ability|p1a: Archaludon|Stamina|boost\n|-boost|p1a: Archaludon|def|1\n|faint|p1b: Incineroar\n|move|p1a: Archaludon|Draco Meteor|p2b: Blastoise\n|-damage|p2b: Blastoise|27/100\n|-unboost|p1a: Archaludon|spa|2\n|move|p2a: Tyranitar|Low Kick|p1a: Archaludon\n|-supereffective|p1a: Archaludon|1\n|-damage|p1a: Archaludon|18/100\n|-ability|p1a: Archaludon|Stamina|boost\n|-boost|p1a: Archaludon|def|1\n|\n|-weather|Sandstorm|[upkeep]\n|-damage|p2b: Blastoise|21/100|[from] Sandstorm\n|-heal|p1a: Archaludon|24/100|[from] item: Leftovers\n|upkeep\n|\n|t:|1776026279\n|switch|p1b: Pelipper|Pelipper, L50, M|100/100\n|-weather|RainDance|[from] ability: Drizzle|[of] p1b: Pelipper\n|turn|7\n|\n|t:|1776026290\n|move|p1b: Pelipper|Muddy Water|p2a: Tyranitar|[spread] p2a,p2b\n|-supereffective|p2a: Tyranitar|1\n|-resisted|p2b: Blastoise|1\n|-damage|p2a: Tyranitar|14/100\n|-damage|p2b: Blastoise|0 fnt\n|-unboost|p2a: Tyranitar|accuracy|1\n|faint|p2b: Blastoise\n|move|p1a: Archaludon|Flash Cannon|p2a: Tyranitar\n|-supereffective|p2a: Tyranitar|1\n|-damage|p2a: Tyranitar|0 fnt\n|faint|p2a: Tyranitar\n|\n|win|kfjtdhynd\n|raw|kfjtdhynd's rating: 1343 &rarr; <strong>1362</strong><br />(+19 for winning)\n|raw|lobbychatlagsmypc's rating: 1324 &rarr; <strong>1305</strong><br />(-19 for losing)\n|l|\u2606kfjtdhynd\n|player|p1|\n",
  "uploadtime": 1776026294,
  "views": 30,
  "formatid": "gen9championsvgc2026regma",
  "rating": 1305,
  "private": 0,
  "password": null
}