{
  "id": "gen9championsvgc2026regma-2584465702",
  "format": "[Gen 9 Champions] VGC 2026 Reg M-A",
  "players": [
    "Jah_08",
    "juadravgc"
  ],
  "log": "|j|\u2606Jah_08\n|j|\u2606juadravgc\n|t:|1776262735\n|gametype|doubles\n|player|p1|Jah_08|alder|1367\n|player|p2|juadravgc|1|1335\n|gen|9\n|tier|[Gen 9 Champions] VGC 2026 Reg M-A\n|rated|\n|rule|Species Clause: Limit one of each Pok\u00e9mon\n|rule|Item Clause: Limit 1 of each item\n|clearpoke\n|poke|p1|Excadrill, L50, M|\n|poke|p1|Whimsicott, L50, M|\n|poke|p1|Chandelure, L50, M|\n|poke|p1|Zoroark-Hisui, L50, M|\n|poke|p1|Basculegion, L50, M|\n|poke|p1|Hydreigon, L50, M|\n|poke|p2|Delphox, L50, M|\n|poke|p2|Sneasler, L50, M|\n|poke|p2|Kingambit, L50, M|\n|poke|p2|Aerodactyl, L50, F|\n|poke|p2|Garchomp, L50, F|\n|poke|p2|Gardevoir, L50, F|\n|teampreview|4\n|inactive|Battle timer is ON: inactive players will automatically lose when time's up. (requested by juadravgc)\n|inactive|Jah_08 has 60 seconds left.\n|inactive|juadravgc has 60 seconds left.\nJah_08 rejected open team sheets.\n|\n|t:|1776262786\n|teamsize|p1|4\n|teamsize|p2|4\n|start\n|switch|p1a: Basculegion|Basculegion, L50, M|100/100\n|switch|p1b: Excadrill|Excadrill, L50, M|100/100\n|switch|p2a: Delphox|Delphox, L50, M|100/100\n|switch|p2b: Kingambit|Kingambit, L50, M|100/100\n|-ability|p1b: Excadrill|Mold Breaker\n|turn|1\n|inactive|Jah_08 has 30 seconds left.\n|\n|t:|1776262819\n|detailschange|p2a: Delphox|Delphox-Mega, L50, M\n|-mega|p2a: Delphox|Delphox|Delphoxite\n|move|p1a: Basculegion|Aqua Jet|p2a: Delphox\n|-supereffective|p2a: Delphox|1\n|-damage|p2a: Delphox|27/100\n|move|p2b: Kingambit|Sucker Punch||[still]\n|-fail|p2b: Kingambit\n|move|p2a: Delphox|Heat Wave|p1a: Basculegion|[spread] p1a,p1b\n|-resisted|p1a: Basculegion|1\n|-supereffective|p1b: Excadrill|1\n|-damage|p1a: Basculegion|75/100\n|-enditem|p1b: Excadrill|Focus Sash\n|-damage|p1b: Excadrill|1/100\n|move|p1b: Excadrill|Rock Slide|p2a: Delphox|[spread] p2a,p2b\n|-supereffective|p2a: Delphox|1\n|-resisted|p2b: Kingambit|1\n|-damage|p2a: Delphox|0 fnt\n|-damage|p2b: Kingambit|93/100\n|faint|p2a: Delphox\n|\n|upkeep\n|\n|t:|1776262836\n|switch|p2a: Sneasler|Sneasler, L50, M|100/100\n|turn|2\n|inactive|Jah_08 has 30 seconds left.\n|inactive|Jah_08 has 20 seconds left.\n|inactive|Jah_08 has 15 seconds left.\n|inactive|Jah_08 has 10 seconds left.\n|\n|t:|1776262881\n|move|p1b: Excadrill|Protect|p1b: Excadrill\n|-singleturn|p1b: Excadrill|Protect\n|move|p2a: Sneasler|Fake Out|p1b: Excadrill\n|-activate|p1b: Excadrill|move: Protect\n|move|p1a: Basculegion|Aqua Jet|p2a: Sneasler\n|-damage|p2a: Sneasler|58/100\n|move|p2b: Kingambit|Kowtow Cleave|p1a: Basculegion\n|-supereffective|p1a: Basculegion|1\n|-damage|p1a: Basculegion|0 fnt\n|faint|p1a: Basculegion\n|\n|upkeep\n|\n|t:|1776262896\n|switch|p1a: Chandelure|Chandelure, L50, M|100/100\n|turn|3\n|\n|t:|1776262908\n|switch|p1b: Whimsicott|Whimsicott, L50, M, shiny|100/100\n|detailschange|p1a: Chandelure|Chandelure-Mega, L50, M\n|-mega|p1a: Chandelure|Chandelure|Chandelurite\n|move|p2b: Kingambit|Sucker Punch||[still]\n|-fail|p2b: Kingambit\n|move|p2a: Sneasler|Close Combat|p1b: Whimsicott\n|-resisted|p1b: Whimsicott|1\n|-damage|p1b: Whimsicott|56/100\n|-unboost|p2a: Sneasler|def|1\n|-unboost|p2a: Sneasler|spd|1\n|-enditem|p2a: Sneasler|White Herb\n|-clearnegativeboost|p2a: Sneasler|[silent]\n|move|p1a: Chandelure|Substitute|p1a: Chandelure\n|-start|p1a: Chandelure|Substitute\n|-damage|p1a: Chandelure|76/100\n|\n|upkeep\n|turn|4\n|\n|t:|1776262933\n|move|p1b: Whimsicott|Encore|p2a: Sneasler\n|-start|p2a: Sneasler|Encore\n|move|p2b: Kingambit|Sucker Punch|p1a: Chandelure\n|-supereffective|p1a: Chandelure|1\n|-end|p1a: Chandelure|Substitute\n|move|p2a: Sneasler|Close Combat|p1b: Whimsicott\n|-resisted|p1b: Whimsicott|1\n|-damage|p1b: Whimsicott|17/100\n|-unboost|p2a: Sneasler|def|1\n|-unboost|p2a: Sneasler|spd|1\n|move|p1a: Chandelure|Heat Wave|p2a: Sneasler|[spread] p2b\n|-miss|p1a: Chandelure|p2a: Sneasler\n|-supereffective|p2b: Kingambit|1\n|-damage|p2b: Kingambit|0 fnt\n|faint|p2b: Kingambit\n|\n|upkeep\n|\n|t:|1776262945\n|switch|p2b: Gardevoir|Gardevoir, L50, F|100/100\n|-ability|p2b: Gardevoir|Prankster|Trace|[from] ability: Trace|[of] p1b: Whimsicott\n|turn|5\n|\n|t:|1776262957\n|move|p1b: Whimsicott|Tailwind|p1b: Whimsicott\n|-sidestart|p1: Jah_08|move: Tailwind\n|move|p2a: Sneasler|Close Combat|p1b: Whimsicott\n|-resisted|p1b: Whimsicott|1\n|-damage|p1b: Whimsicott|0 fnt\n|-unboost|p2a: Sneasler|def|1\n|-unboost|p2a: Sneasler|spd|1\n|faint|p1b: Whimsicott\n|move|p1a: Chandelure|Shadow Ball|p2b: Gardevoir\n|-supereffective|p2b: Gardevoir|1\n|-damage|p2b: Gardevoir|0 fnt\n|faint|p2b: Gardevoir\n|\n|upkeep\n|-message|juadravgc forfeited.\n|\n|win|Jah_08\n|raw|Jah_08's rating: 1367 &rarr; <strong>1385</strong><br />(+18 for winning)\n|raw|juadravgc's rating: 1335 &rarr; <strong>1317</strong><br />(-18 for losing)\n|l|\u2606juadravgc\n|player|p2|\n",
  "uploadtime": 1776262976,
  "views": 29,
  "formatid": "gen9championsvgc2026regma",
  "rating": 1317,
  "private": 0,
  "password": null
}