{
  "id": "gen9championsvgc2026regma-2587038094",
  "format": "[Gen 9 Champions] VGC 2026 Reg M-A",
  "players": [
    "FearZero",
    "jab017"
  ],
  "log": "|j|\u2606FearZero\n|j|\u2606jab017\n|t:|1776483941\n|gametype|doubles\n|player|p1|FearZero|169|1220\n|player|p2|jab017|linebacker|1209\n|gen|9\n|tier|[Gen 9 Champions] VGC 2026 Reg M-A\n|rated|\n|rule|Species Clause: Limit one of each Pok\u00e9mon\n|rule|Item Clause: Limit 1 of each item\n|clearpoke\n|poke|p1|Rotom-Wash, L50|\n|poke|p1|Sinistcha, L50|\n|poke|p1|Gallade, L50, M|\n|poke|p1|Tyranitar, L50, M|\n|poke|p1|Arcanine-Hisui, L50, M|\n|poke|p1|Gengar, L50, M|\n|poke|p2|Farigiraf, L50, F|\n|poke|p2|Kangaskhan, L50, F|\n|poke|p2|Aerodactyl, L50, M|\n|poke|p2|Scizor, L50, M|\n|poke|p2|Primarina, L50, M|\n|poke|p2|Tyranitar, L50, F|\n|teampreview|4\n|inactive|Battle timer is ON: inactive players will automatically lose when time's up. (requested by jab017)\n|inactive|FearZero has 60 seconds left.\n|inactive|jab017 has 60 seconds left.\n|inactive|FearZero has 30 seconds left.\n|\n|t:|1776484009\n|teamsize|p1|4\n|teamsize|p2|4\n|start\n|switch|p1a: Arcanine|Arcanine-Hisui, L50, M|100/100\n|switch|p1b: Sinistcha|Sinistcha, L50|100/100\n|switch|p2a: Aerodactyl|Aerodactyl, L50, M|100/100\n|switch|p2b: Kangaskhan|Kangaskhan, L50, F|100/100\n|-ability|p2a: Aerodactyl|Unnerve\n|-ability|p1a: Arcanine|Intimidate|boost\n|-unboost|p2a: Aerodactyl|atk|1\n|-fail|p2b: Kangaskhan|unboost|Attack|[from] ability: Scrappy|[of] p2b: Kangaskhan\n|turn|1\n|inactive|FearZero has 30 seconds left.\n|inactive|jab017 has 30 seconds left.\n|inactive|jab017 has 20 seconds left.\n|\n|t:|1776484045\n|detailschange|p2b: Kangaskhan|Kangaskhan-Mega, L50, F\n|-mega|p2b: Kangaskhan|Kangaskhan|Kangaskhanite\n|move|p1b: Sinistcha|Protect|p1b: Sinistcha\n|-singleturn|p1b: Sinistcha|Protect\n|move|p1a: Arcanine|Rock Slide|p2b: Kangaskhan|[spread] p2b\n|-miss|p1a: Arcanine|p2a: Aerodactyl\n|-damage|p2b: Kangaskhan|75/100\n|move|p2a: Aerodactyl|Dual Wingbeat|p1b: Sinistcha\n|-activate|p1b: Sinistcha|move: Protect\n|move|p2b: Kangaskhan|Low Kick|p1a: Arcanine\n|-supereffective|p1a: Arcanine|1\n|-damage|p1a: Arcanine|8/100\n|-supereffective|p1a: Arcanine|1\n|-damage|p1a: Arcanine|0 fnt\n|faint|p1a: Arcanine\n|-hitcount|p1: Arcanine|2\n|\n|upkeep\n|c|\u2606FearZero|amazing\n|c|\u2606FearZero|love the missess\n|\n|t:|1776484067\n|switch|p1a: Gallade|Gallade, L50, M|100/100\n|turn|2\n|inactive|jab017 has 30 seconds left.\n|\n|t:|1776484097\n|switch|p2b: Primarina|Primarina, L50, M|100/100\n|move|p2a: Aerodactyl|Dual Wingbeat|p1a: Gallade|[miss]\n|-miss|p2a: Aerodactyl|p1a: Gallade\n|move|p1a: Gallade|Sacred Sword|p2b: Primarina\n|-resisted|p2b: Primarina|1\n|-damage|p2b: Primarina|62/100\n|move|p1b: Sinistcha|Trick Room|p1b: Sinistcha\n|-fieldstart|move: Trick Room|[of] p1b: Sinistcha\n|\n|-heal|p2b: Primarina|68/100|[from] item: Leftovers\n|upkeep\n|turn|3\n|\n|t:|1776484117\n|move|p1b: Sinistcha|Matcha Gotcha|p2b: Primarina|[spread] p2a\n|-miss|p1b: Sinistcha|p2b: Primarina\n|-damage|p2a: Aerodactyl|61/100\n|move|p2b: Primarina|Moonblast|p1a: Gallade\n|-supereffective|p1a: Gallade|1\n|-damage|p1a: Gallade|16/100\n|move|p1a: Gallade|Sacred Sword|p2a: Aerodactyl\n|-damage|p2a: Aerodactyl|0 fnt\n|faint|p2a: Aerodactyl\n|\n|-heal|p2b: Primarina|74/100|[from] item: Leftovers\n|upkeep\n|c|\u2606FearZero|AMAZING\n|c|\u2606FearZero|ANOTHER SUPER EFFECTIVE MISS\n|\n|t:|1776484133\n|switch|p2a: Kangaskhan|Kangaskhan-Mega, L50, F|75/100\n|turn|4\n|\n|t:|1776484148\n|move|p1a: Gallade|Protect|p1a: Gallade\n|-singleturn|p1a: Gallade|Protect\n|move|p2a: Kangaskhan|Fake Out|p1a: Gallade\n|-activate|p1a: Gallade|move: Protect\n|move|p1b: Sinistcha|Matcha Gotcha|p2a: Kangaskhan|[spread] p2b\n|-miss|p1b: Sinistcha|p2a: Kangaskhan\n|-supereffective|p2b: Primarina|1\n|-damage|p2b: Primarina|26/100\n|-status|p2b: Primarina|brn\n|move|p2b: Primarina|Calm Mind|p2b: Primarina\n|-boost|p2b: Primarina|spa|1\n|-boost|p2b: Primarina|spd|1\n|\n|-heal|p2b: Primarina|32/100 brn|[from] item: Leftovers\n|-damage|p2b: Primarina|26/100 brn|[from] brn\n|upkeep\n|turn|5\n|c|\u2606FearZero|do WE GET A THIRD\n|c|\u2606FearZero|IN\n|c|\u2606FearZero|CRE\n|c|\u2606FearZero|DI\n|c|\u2606FearZero|BLE\n|inactive|jab017 has 30 seconds left.\n|c|\u2606FearZero|DO I HEAR *FIVE*\n|\n|t:|1776484175\n|move|p1b: Sinistcha|Matcha Gotcha|p2b: Primarina|[spread] p2a,p2b\n|-supereffective|p2b: Primarina|1\n|-damage|p2a: Kangaskhan|52/100\n|-damage|p2b: Primarina|0 fnt\n|faint|p2b: Primarina\n|move|p1a: Gallade|Sacred Sword|p2a: Kangaskhan\n|-supereffective|p2a: Kangaskhan|1\n|-damage|p2a: Kangaskhan|0 fnt\n|faint|p2a: Kangaskhan\n|\n|upkeep\n|-message|jab017 forfeited.\n|\n|win|FearZero\n|raw|FearZero's rating: 1220 &rarr; <strong>1244</strong><br />(+24 for winning)\n|raw|jab017's rating: 1209 &rarr; <strong>1185</strong><br />(-24 for losing)\n|l|\u2606jab017\n|player|p2|\n|c|\u2606FearZero|fkn cringe\n",
  "uploadtime": 1776484195,
  "views": 15,
  "formatid": "gen9championsvgc2026regma",
  "rating": 1185,
  "private": 0,
  "password": null
}