{
  "id": "gen9championsvgc2026regma-2581010581",
  "format": "[Gen 9 Champions] VGC 2026 Reg M-A",
  "players": [
    "danz12",
    "efwefwefwefweifier"
  ],
  "log": "|j|\u2606danz12\n|j|\u2606efwefwefwefweifier\n|t:|1775951452\n|gametype|doubles\n|player|p1|danz12|101|1081\n|player|p2|efwefwefwefweifier|clown|1040\n|gen|9\n|tier|[Gen 9 Champions] VGC 2026 Reg M-A\n|rated|\n|rule|Species Clause: Limit one of each Pok\u00e9mon\n|rule|Item Clause: Limit 1 of each item\n|clearpoke\n|poke|p1|Charizard, L50, M|\n|poke|p1|Venusaur, L50, M|\n|poke|p1|Incineroar, L50, M|\n|poke|p1|Whimsicott, L50, F|\n|poke|p1|Farigiraf, L50, F|\n|poke|p1|Kangaskhan, L50, F|\n|poke|p2|Slowbro, L50, M|\n|poke|p2|Maushold, L50|\n|poke|p2|Incineroar, L50, M|\n|poke|p2|Sinistcha, L50|\n|poke|p2|Lucario, L50, M|\n|poke|p2|Typhlosion-Hisui, L50, M|\n|teampreview|4\n|inactive|Battle timer is ON: inactive players will automatically lose when time's up. (requested by efwefwefwefweifier)\n|\n|t:|1775951478\n|teamsize|p1|4\n|teamsize|p2|4\n|start\n|switch|p1a: Drax|Charizard, L50, M|100/100\n|switch|p1b: Tigre To\u00f1o|Incineroar, L50, M|100/100\n|switch|p2a: Maushold|Maushold, L50|100/100\n|switch|p2b: Typhlosion|Typhlosion-Hisui, L50, M|100/100\n|-item|p1a: Drax|Charizardite Y|[from] ability: Frisk|[of] p2b: Typhlosion\n|-item|p1b: Tigre To\u00f1o|Black Glasses|[from] ability: Frisk|[of] p2b: Typhlosion\n|-ability|p1b: Tigre To\u00f1o|Intimidate|boost\n|-unboost|p2a: Maushold|atk|1\n|-unboost|p2b: Typhlosion|atk|1\n|turn|1\n|inactive|efwefwefwefweifier has 30 seconds left.\n|\n|t:|1775951511\n|move|p1a: Drax|Protect|p1a: Drax\n|-singleturn|p1a: Drax|Protect\n|move|p2a: Maushold|Follow Me|p2a: Maushold\n|-singleturn|p2a: Maushold|move: Follow Me\n|move|p2b: Typhlosion|Eruption|p1b: Tigre To\u00f1o|[spread] p1b\n|-activate|p1a: Drax|move: Protect\n|-resisted|p1b: Tigre To\u00f1o|1\n|-damage|p1b: Tigre To\u00f1o|79/100\n|move|p1b: Tigre To\u00f1o|Parting Shot|p2a: Maushold\n|-unboost|p2a: Maushold|atk|1\n|-unboost|p2a: Maushold|spa|1\n|\n|t:|1775951519\n|switch|p1b: Kristell|Farigiraf, L50, F|100/100|[from] Parting Shot\n|\n|upkeep\n|turn|2\n|\n|t:|1775951529\n|detailschange|p1a: Drax|Charizard-Mega-Y, L50, M\n|-mega|p1a: Drax|Charizard|Charizardite Y\n|-weather|SunnyDay|[from] ability: Drought|[of] p1a: Drax\n|move|p2a: Maushold|Helping Hand|p2b: Typhlosion\n|-singleturn|p2b: Typhlosion|Helping Hand|[of] p2a: Maushold\n|move|p1b: Kristell|Helping Hand|p1a: Drax\n|-singleturn|p1a: Drax|Helping Hand|[of] p1b: Kristell\n|move|p2b: Typhlosion|Eruption|p1b: Kristell|[spread] p1a,p1b\n|-resisted|p1a: Drax|1\n|-damage|p1a: Drax|32/100\n|-damage|p1b: Kristell|0 fnt\n|faint|p1b: Kristell\n|move|p1a: Drax|Heat Wave|p2b: Typhlosion|[spread] p2a,p2b\n|-resisted|p2b: Typhlosion|1\n|-enditem|p2a: Maushold|Focus Sash\n|-damage|p2a: Maushold|1/100\n|-damage|p2b: Typhlosion|49/100\n|\n|-weather|SunnyDay|[upkeep]\n|upkeep\n|\n|t:|1775951547\n|switch|p1b: Pardo|Venusaur, L50, M, shiny|100/100\n|turn|3\n|\n|t:|1775951559\n|move|p2a: Maushold|Follow Me|p2a: Maushold\n|-singleturn|p2a: Maushold|move: Follow Me\n|move|p1b: Pardo|Earth Power|p2a: Maushold\n|-damage|p2a: Maushold|0 fnt\n|faint|p2a: Maushold\n|move|p2b: Typhlosion|Eruption|p1b: Pardo|[spread] p1a,p1b\n|-resisted|p1a: Drax|1\n|-supereffective|p1b: Pardo|1\n|-damage|p1a: Drax|11/100\n|-damage|p1b: Pardo|4/100\n|move|p1a: Drax|Heat Wave|p2b: Typhlosion\n|-resisted|p2b: Typhlosion|1\n|-damage|p2b: Typhlosion|0 fnt\n|faint|p2b: Typhlosion\n|\n|-weather|SunnyDay|[upkeep]\n|upkeep\n|\n|t:|1775951567\n|switch|p2a: Slowbro|Slowbro, L50, M|100/100\n|switch|p2b: Incineroar|Incineroar, L50, M|100/100\n|-ability|p2b: Incineroar|Intimidate|boost\n|-unboost|p1a: Drax|atk|1\n|-unboost|p1b: Pardo|atk|1\n|turn|4\n|\n|t:|1775951577\n|detailschange|p2a: Slowbro|Slowbro-Mega, L50, M\n|-mega|p2a: Slowbro|Slowbro|Slowbronite\n|move|p2b: Incineroar|Fake Out|p1b: Pardo\n|-damage|p1b: Pardo|0 fnt\n|faint|p1b: Pardo\n|move|p1a: Drax|Solar Beam||[still]\n|-prepare|p1a: Drax|Solar Beam\n|-anim|p1a: Drax|Solar Beam|p2a: Slowbro\n|-supereffective|p2a: Slowbro|1\n|-damage|p2a: Slowbro|15/100\n|move|p2a: Slowbro|Calm Mind|p2a: Slowbro\n|-boost|p2a: Slowbro|spa|1\n|-boost|p2a: Slowbro|spd|1\n|\n|-weather|SunnyDay|[upkeep]\n|upkeep\n|\n|t:|1775951580\n|switch|p1b: Tigre To\u00f1o|Incineroar, L50, M|79/100\n|-ability|p1b: Tigre To\u00f1o|Intimidate|boost\n|-unboost|p2a: Slowbro|atk|1\n|-unboost|p2b: Incineroar|atk|1\n|turn|5\n|inactive|efwefwefwefweifier has 30 seconds left.\n|\n|t:|1775951610\n|move|p1a: Drax|Protect|p1a: Drax\n|-singleturn|p1a: Drax|Protect\n|move|p2a: Slowbro|Protect|p2a: Slowbro\n|-singleturn|p2a: Slowbro|Protect\n|move|p2b: Incineroar|Darkest Lariat|p1a: Drax\n|-activate|p1a: Drax|move: Protect\n|move|p1b: Tigre To\u00f1o|Darkest Lariat|p2a: Slowbro\n|-activate|p2a: Slowbro|move: Protect\n|\n|-weather|SunnyDay|[upkeep]\n|upkeep\n|turn|6\n|\n|t:|1775951619\n|move|p2a: Slowbro|Protect||[still]\n|-fail|p2a: Slowbro\n|move|p1a: Drax|Air Slash|p2b: Incineroar\n|-damage|p2b: Incineroar|66/100\n|move|p2b: Incineroar|Darkest Lariat|p1a: Drax\n|-damage|p1a: Drax|0 fnt\n|faint|p1a: Drax\n|move|p1b: Tigre To\u00f1o|Darkest Lariat|p2a: Slowbro\n|-supereffective|p2a: Slowbro|1\n|-damage|p2a: Slowbro|0 fnt\n|faint|p2a: Slowbro\n|\n|-weather|none\n|upkeep\n|turn|7\n|\n|t:|1775951630\n|move|p2b: Incineroar|Darkest Lariat|p1b: Tigre To\u00f1o\n|-resisted|p1b: Tigre To\u00f1o|1\n|-damage|p1b: Tigre To\u00f1o|69/100\n|move|p1b: Tigre To\u00f1o|Darkest Lariat|p2b: Incineroar\n|-resisted|p2b: Incineroar|1\n|-damage|p2b: Incineroar|49/100\n|-enditem|p2b: Incineroar|Sitrus Berry|[eat]\n|-heal|p2b: Incineroar|74/100|[from] item: Sitrus Berry\n|\n|upkeep\n|turn|8\n|\n|t:|1775951637\n|move|p2b: Incineroar|Darkest Lariat|p1b: Tigre To\u00f1o\n|-resisted|p1b: Tigre To\u00f1o|1\n|-damage|p1b: Tigre To\u00f1o|60/100\n|move|p1b: Tigre To\u00f1o|Darkest Lariat|p2b: Incineroar\n|-resisted|p2b: Incineroar|1\n|-damage|p2b: Incineroar|58/100\n|\n|upkeep\n|turn|9\n|\n|t:|1775951642\n|move|p2b: Incineroar|Darkest Lariat|p1b: Tigre To\u00f1o\n|-resisted|p1b: Tigre To\u00f1o|1\n|-damage|p1b: Tigre To\u00f1o|50/100\n|move|p1b: Tigre To\u00f1o|Darkest Lariat|p2b: Incineroar\n|-resisted|p2b: Incineroar|1\n|-damage|p2b: Incineroar|42/100\n|\n|upkeep\n|turn|10\n|\n|t:|1775951646\n|move|p2b: Incineroar|Darkest Lariat|p1b: Tigre To\u00f1o\n|-resisted|p1b: Tigre To\u00f1o|1\n|-damage|p1b: Tigre To\u00f1o|40/100\n|move|p1b: Tigre To\u00f1o|Darkest Lariat|p2b: Incineroar\n|-resisted|p2b: Incineroar|1\n|-damage|p2b: Incineroar|27/100\n|\n|upkeep\n|turn|11\n|\n|t:|1775951649\n|move|p2b: Incineroar|Darkest Lariat|p1b: Tigre To\u00f1o\n|-resisted|p1b: Tigre To\u00f1o|1\n|-damage|p1b: Tigre To\u00f1o|31/100\n|move|p1b: Tigre To\u00f1o|Darkest Lariat|p2b: Incineroar\n|-resisted|p2b: Incineroar|1\n|-damage|p2b: Incineroar|11/100\n|\n|upkeep\n|turn|12\n|\n|t:|1775951652\n|move|p2b: Incineroar|Flare Blitz|p1b: Tigre To\u00f1o\n|-resisted|p1b: Tigre To\u00f1o|1\n|-damage|p1b: Tigre To\u00f1o|19/100\n|-damage|p2b: Incineroar|7/100|[from] Recoil\n|move|p1b: Tigre To\u00f1o|Darkest Lariat|p2b: Incineroar\n|-resisted|p2b: Incineroar|1\n|-damage|p2b: Incineroar|0 fnt\n|faint|p2b: Incineroar\n|\n|win|danz12\n|raw|danz12's rating: 1081 &rarr; <strong>1106</strong><br />(+25 for winning)\n|raw|efwefwefwefweifier's rating: 1040 &rarr; <strong>1026</strong><br />(-14 for losing)\n|c|\u2606danz12|Gg\n",
  "uploadtime": 1775951658,
  "views": 12,
  "formatid": "gen9championsvgc2026regma",
  "rating": 1026,
  "private": 0,
  "password": null
}