{
  "id": "gen9championsvgc2026regma-2585722413",
  "format": "[Gen 9 Champions] VGC 2026 Reg M-A",
  "players": [
    "lonely 1 kenobi",
    "boysenorange"
  ],
  "log": "|j|\u2606lonely 1 kenobi\n|j|\u2606boysenorange\n|t:|1776366094\n|gametype|doubles\n|player|p1|lonely 1 kenobi|lucas|1230\n|player|p2|boysenorange|turo|1266\n|gen|9\n|tier|[Gen 9 Champions] VGC 2026 Reg M-A\n|rated|\n|rule|Species Clause: Limit one of each Pok\u00e9mon\n|rule|Item Clause: Limit 1 of each item\n|clearpoke\n|poke|p1|Charizard, L50, F|\n|poke|p1|Garchomp, L50, M|\n|poke|p1|Venusaur, L50, F|\n|poke|p1|Incineroar, L50, M|\n|poke|p1|Rotom-Wash, L50|\n|poke|p1|Sneasler, L50, F|\n|poke|p2|Farigiraf, L50, F|\n|poke|p2|Sinistcha, L50|\n|poke|p2|Medicham, L50, M|\n|poke|p2|Torkoal, L50, F|\n|poke|p2|Golurk, L50|\n|poke|p2|Decidueye-Hisui, L50, M|\n|teampreview|4\n|\n|t:|1776366146\n|teamsize|p1|4\n|teamsize|p2|4\n|start\n|switch|p1a: Garchomp|Garchomp, L50, M|100/100\n|switch|p1b: Incineroar|Incineroar, L50, M|100/100\n|switch|p2a: Farigiraf|Farigiraf, L50, F|100/100\n|switch|p2b: Medicham|Medicham, L50, M|100/100\n|-ability|p1b: Incineroar|Intimidate|boost\n|-unboost|p2a: Farigiraf|atk|1\n|-unboost|p2b: Medicham|atk|1\n|turn|1\n|inactive|Battle timer is ON: inactive players will automatically lose when time's up. (requested by lonely 1 kenobi)\n|inactive|lonely 1 kenobi has 60 seconds left.\n|\n|t:|1776366180\n|switch|p1b: Rotom|Rotom-Wash, L50|100/100\n|move|p2b: Medicham|Fake Out|p1b: Rotom\n|-damage|p1b: Rotom|89/100\n|move|p1a: Garchomp|Earthquake|p2a: Farigiraf|[spread] p2a,p2b\n|-immune|p1b: Rotom|[from] ability: Levitate\n|-damage|p2a: Farigiraf|63/100\n|-damage|p2b: Medicham|39/100\n|move|p2a: Farigiraf|Trick Room|p2a: Farigiraf\n|-fieldstart|move: Trick Room|[of] p2a: Farigiraf\n|\n|-heal|p1b: Rotom|95/100|[from] item: Leftovers\n|upkeep\n|turn|2\n|\n|t:|1776366201\n|move|p2a: Farigiraf|Nasty Plot|p2a: Farigiraf\n|-boost|p2a: Farigiraf|spa|2\n|move|p2b: Medicham|Close Combat|p1a: Garchomp\n|-damage|p1a: Garchomp|45/100\n|-unboost|p2b: Medicham|def|1\n|-unboost|p2b: Medicham|spd|1\n|-damage|p2b: Medicham|27/100|[from] ability: Rough Skin|[of] p1a: Garchomp\n|move|p1b: Rotom|Thunderbolt|p2a: Farigiraf\n|-damage|p2a: Farigiraf|34/100\n|-enditem|p2a: Farigiraf|Sitrus Berry|[eat]\n|-heal|p2a: Farigiraf|58/100|[from] item: Sitrus Berry\n|move|p1a: Garchomp|Earthquake|p2b: Medicham|[spread] p2a,p2b\n|-immune|p1b: Rotom|[from] ability: Levitate\n|-damage|p2a: Farigiraf|22/100\n|-damage|p2b: Medicham|0 fnt\n|faint|p2b: Medicham\n|\n|-heal|p1b: Rotom|100/100|[from] item: Leftovers\n|upkeep\n|\n|t:|1776366221\n|switch|p2b: Golurk|Golurk, L50|100/100\n|turn|3\n|inactive|boysenorange has 30 seconds left.\n|inactive|boysenorange has 20 seconds left.\n|\n|t:|1776366257\n|switch|p1a: Incineroar|Incineroar, L50, M|100/100\n|-ability|p1a: Incineroar|Intimidate|boost\n|-unboost|p2a: Farigiraf|atk|1\n|-unboost|p2b: Golurk|atk|1\n|detailschange|p2b: Golurk|Golurk-Mega, L50\n|-mega|p2b: Golurk|Golurk|Golurkite\n|move|p1b: Rotom|Protect|p1b: Rotom\n|-singleturn|p1b: Rotom|Protect\n|move|p2b: Golurk|Headlong Rush|p1a: Incineroar\n|-supereffective|p1a: Incineroar|1\n|-damage|p1a: Incineroar|7/100\n|-unboost|p2b: Golurk|def|1\n|-unboost|p2b: Golurk|spd|1\n|-enditem|p1a: Incineroar|Sitrus Berry|[eat]\n|-heal|p1a: Incineroar|32/100|[from] item: Sitrus Berry\n|move|p2a: Farigiraf|Hyper Voice|p1a: Incineroar|[spread] p1a\n|-activate|p1b: Rotom|move: Protect\n|-damage|p1a: Incineroar|0 fnt\n|faint|p1a: Incineroar\n|\n|upkeep\n|\n|t:|1776366281\n|switch|p1a: Garchomp|Garchomp, L50, M|45/100\n|turn|4\n|\n|t:|1776366302\n|move|p2b: Golurk|Close Combat|p1b: Rotom\n|-damage|p1b: Rotom|71/100\n|-unboost|p2b: Golurk|def|1\n|-unboost|p2b: Golurk|spd|1\n|move|p2a: Farigiraf|Hyper Voice|p1a: Garchomp|[spread] p1a,p1b\n|-damage|p1a: Garchomp|0 fnt\n|-damage|p1b: Rotom|18/100\n|faint|p1a: Garchomp\n|move|p1b: Rotom|Hydro Pump|p2b: Golurk|[miss]\n|-miss|p1b: Rotom|p2b: Golurk\n|\n|-heal|p1b: Rotom|24/100|[from] item: Leftovers\n|upkeep\n|\n|t:|1776366315\n|switch|p1a: Charizard|Charizard, L50, F|100/100\n|turn|5\n|inactive|lonely 1 kenobi has 30 seconds left.\n|\n|t:|1776366345\n|detailschange|p1a: Charizard|Charizard-Mega-Y, L50, F\n|-mega|p1a: Charizard|Charizard|Charizardite Y\n|-weather|SunnyDay|[from] ability: Drought|[of] p1a: Charizard\n|move|p2b: Golurk|Close Combat|p1b: Rotom\n|-damage|p1b: Rotom|0 fnt\n|-unboost|p2b: Golurk|def|1\n|-unboost|p2b: Golurk|spd|1\n|faint|p1b: Rotom\n|move|p2a: Farigiraf|Hyper Voice|p1a: Charizard\n|-damage|p1a: Charizard|33/100\n|move|p1a: Charizard|Heat Wave|p2b: Golurk|[spread] p2a,p2b\n|-damage|p2a: Farigiraf|0 fnt\n|-damage|p2b: Golurk|0 fnt\n|faint|p2a: Farigiraf\n|faint|p2b: Golurk\n|\n|-weather|SunnyDay|[upkeep]\n|-fieldend|move: Trick Room\n|upkeep\n|\n|t:|1776366359\n|switch|p2a: Decidueye|Decidueye-Hisui, L50, M|100/100\n|turn|6\n|\n|t:|1776366365\n|move|p1a: Charizard|Protect|p1a: Charizard\n|-singleturn|p1a: Charizard|Protect\n|move|p2a: Decidueye|Triple Arrows|p1a: Charizard\n|-activate|p1a: Charizard|move: Protect\n|\n|-weather|SunnyDay|[upkeep]\n|upkeep\n|turn|7\n|\n|t:|1776366377\n|move|p1a: Charizard|Heat Wave|p2a: Decidueye\n|-supereffective|p2a: Decidueye|1\n|-damage|p2a: Decidueye|0 fnt\n|faint|p2a: Decidueye\n|\n|win|lonely 1 kenobi\n|raw|lonely 1 kenobi's rating: 1230 &rarr; <strong>1258</strong><br />(+28 for winning)\n|raw|boysenorange's rating: 1266 &rarr; <strong>1238</strong><br />(-28 for losing)\n",
  "uploadtime": 1776366380,
  "views": 23,
  "formatid": "gen9championsvgc2026regma",
  "rating": 1238,
  "private": 0,
  "password": null
}