{
  "id": "gen9championsvgc2026regma-2582736872",
  "format": "[Gen 9 Champions] VGC 2026 Reg M-A",
  "players": [
    "zane121",
    "Sonocheese"
  ],
  "log": "|j|\u2606zane121\n|j|\u2606Sonocheese\n|t:|1776110593\n|gametype|doubles\n|player|p1|zane121|swimmerf-gen4dp|1135\n|player|p2|Sonocheese|265|1038\n|gen|9\n|tier|[Gen 9 Champions] VGC 2026 Reg M-A\n|rated|\n|rule|Species Clause: Limit one of each Pok\u00e9mon\n|rule|Item Clause: Limit 1 of each item\n|clearpoke\n|poke|p1|Kleavor, L50, M|\n|poke|p1|Scizor, L50, M|\n|poke|p1|Pinsir, L50, M|\n|poke|p1|Meganium, L50, F|\n|poke|p1|Pelipper, L50, M|\n|poke|p1|Basculegion, L50, M|\n|poke|p2|Meganium, L50, M|\n|poke|p2|Archaludon, L50, M|\n|poke|p2|Basculegion, L50, M|\n|poke|p2|Maushold, L50|\n|poke|p2|Politoed, L50, M|\n|poke|p2|Talonflame, L50, M|\n|teampreview|4\n|inactive|Battle timer is ON: inactive players will automatically lose when time's up. (requested by zane121)\nzane121 rejected open team sheets.\n|\n|t:|1776110638\n|teamsize|p1|4\n|teamsize|p2|4\n|start\n|switch|p1a: Pelipper|Pelipper, L50, M|100/100\n|switch|p1b: Basculegion|Basculegion, L50, M|100/100\n|switch|p2a: Meganium|Meganium, L50, M|100/100\n|switch|p2b: Talonflame|Talonflame, L50, M|100/100\n|-weather|RainDance|[from] ability: Drizzle|[of] p1a: Pelipper\n|turn|1\n|inactive|zane121 has 30 seconds left.\n|inactive|Sonocheese has 30 seconds left.\n|inactive|zane121 has 20 seconds left.\n|inactive|zane121 has 15 seconds left.\n|\n|t:|1776110678\n|detailschange|p2a: Meganium|Meganium-Mega, L50, M\n|-mega|p2a: Meganium|Meganium|Meganiumite\n|move|p1b: Basculegion|Aqua Jet|p2b: Talonflame\n|-supereffective|p2b: Talonflame|1\n|-damage|p2b: Talonflame|0 fnt\n|faint|p2b: Talonflame\n|move|p1a: Pelipper|Tailwind|p1a: Pelipper\n|-sidestart|p1: zane121|move: Tailwind\n|move|p2a: Meganium|Solar Beam||[still]\n|-prepare|p2a: Meganium|Solar Beam\n|-activate|p2a: Meganium|ability: Mega Sol\n|-anim|p2a: Meganium|Solar Beam|p1a: Pelipper\n|-enditem|p1a: Pelipper|Focus Sash\n|-damage|p1a: Pelipper|1/100\n|\n|-weather|RainDance|[upkeep]\n|upkeep\n|\n|t:|1776110701\n|switch|p2b: Basculegion|Basculegion, L50, M|100/100\n|turn|2\n|inactive|zane121 has 30 seconds left.\n|\n|t:|1776110727\n|move|p2a: Meganium|Protect|p2a: Meganium\n|-singleturn|p2a: Meganium|Protect\n|move|p2b: Basculegion|Aqua Jet|p1a: Pelipper\n|-resisted|p1a: Pelipper|1\n|-damage|p1a: Pelipper|0 fnt\n|faint|p1a: Pelipper\n|move|p1b: Basculegion|Last Respects|p2b: Basculegion\n|-supereffective|p2b: Basculegion|1\n|-damage|p2b: Basculegion|0 fnt\n|faint|p2b: Basculegion\n|\n|-weather|RainDance|[upkeep]\n|upkeep\n|\n|t:|1776110740\n|switch|p2b: Maushold|Maushold, L50|100/100\n|switch|p1a: Pinsir|Pinsir, L50, M|100/100\n|turn|3\n|\n|t:|1776110761\n|detailschange|p1a: Pinsir|Pinsir-Mega, L50, M\n|-mega|p1a: Pinsir|Pinsir|Pinsirite\n|move|p2b: Maushold|Follow Me|p2b: Maushold\n|-singleturn|p2b: Maushold|move: Follow Me\n|move|p1b: Basculegion|Wave Crash|p2b: Maushold\n|-enditem|p2b: Maushold|Focus Sash\n|-damage|p2b: Maushold|1/100\n|-damage|p1b: Basculegion|76/100|[from] Recoil\n|move|p1a: Pinsir|Body Slam|p2b: Maushold\n|-damage|p2b: Maushold|0 fnt\n|faint|p2b: Maushold\n|move|p2a: Meganium|Dazzling Gleam|p1a: Pinsir|[spread] p1a,p1b\n|-damage|p1a: Pinsir|60/100\n|-damage|p1b: Basculegion|32/100\n|\n|-weather|RainDance|[upkeep]\n|upkeep\n|turn|4\n|inactive|zane121 has 30 seconds left.\n|\n|t:|1776110791\n|move|p1a: Pinsir|Feint|p2a: Meganium\n|-supereffective|p2a: Meganium|1\n|-damage|p2a: Meganium|53/100\n|move|p1b: Basculegion|Last Respects|p2a: Meganium\n|-damage|p2a: Meganium|3/100\n|move|p2a: Meganium|Dazzling Gleam|p1b: Basculegion|[spread] p1a,p1b\n|-damage|p1a: Pinsir|18/100\n|-damage|p1b: Basculegion|0 fnt\n|faint|p1b: Basculegion\n|\n|-weather|RainDance|[upkeep]\n|-sideend|p1: zane121|move: Tailwind\n|upkeep\n|\n|t:|1776110800\n|switch|p1b: Kleavor|Kleavor, L50, M|100/100\n|turn|5\n|\n|t:|1776110816\n|move|p1a: Pinsir|Feint|p2a: Meganium\n|-supereffective|p2a: Meganium|1\n|-damage|p2a: Meganium|0 fnt\n|faint|p2a: Meganium\n|\n|win|zane121\n|raw|zane121's rating: 1135 &rarr; <strong>1153</strong><br />(+18 for winning)\n|raw|Sonocheese's rating: 1038 &rarr; <strong>1027</strong><br />(-11 for losing)\n|l|\u2606Sonocheese\n|player|p2|\n",
  "uploadtime": 1776110889,
  "views": 16,
  "formatid": "gen9championsvgc2026regma",
  "rating": 1027,
  "private": 0,
  "password": null
}