{
  "id": "gen9championsvgc2026regma-2583668302",
  "format": "[Gen 9 Champions] VGC 2026 Reg M-A",
  "players": [
    "Renovador_popular",
    "corek"
  ],
  "log": "|j|\u2606Renovador_popular\n|j|\u2606corek\n|t:|1776189887\n|gametype|doubles\n|player|p1|Renovador_popular|1|1151\n|player|p2|corek|lucas|1077\n|gen|9\n|tier|[Gen 9 Champions] VGC 2026 Reg M-A\n|rated|\n|rule|Species Clause: Limit one of each Pok\u00e9mon\n|rule|Item Clause: Limit 1 of each item\n|clearpoke\n|poke|p1|Pelipper, L50, M|\n|poke|p1|Archaludon, L50, M|\n|poke|p1|Basculegion, L50, M|\n|poke|p1|Ditto, L50|\n|poke|p1|Dragonite, L50, M|\n|poke|p1|Incineroar, L50, F|\n|poke|p2|Lucario, L50, F|\n|poke|p2|Meowscarada, L50, F|\n|poke|p2|Infernape, L50, M|\n|poke|p2|Alakazam, L50, M|\n|poke|p2|Scizor, L50, M|\n|poke|p2|Kleavor, L50, M|\n|teampreview|4\n|inactive|Battle timer is ON: inactive players will automatically lose when time's up. (requested by corek)\n|inactive|Renovador_popular has 60 seconds left.\n|j| okijnbvx\n|\n|t:|1776189922\n|teamsize|p1|4\n|teamsize|p2|4\n|start\n|switch|p1a: Cuevita|Pelipper, L50, M|100/100\n|switch|p1b: Jairoco|Archaludon, L50, M|100/100\n|switch|p2a: Meowscarada|Meowscarada, L50, F|100/100\n|switch|p2b: Scizor|Scizor, L50, M|100/100\n|-weather|RainDance|[from] ability: Drizzle|[of] p1a: Cuevita\n|turn|1\n|inactive|Renovador_popular has 30 seconds left.\n|\n|t:|1776189953\n|move|p1b: Jairoco|Protect|p1b: Jairoco\n|-singleturn|p1b: Jairoco|Protect\n|move|p2b: Scizor|Bullet Punch|p1a: Cuevita\n|-resisted|p1a: Cuevita|1\n|-damage|p1a: Cuevita|76/100\n|move|p2a: Meowscarada|Thunder Punch|p1a: Cuevita\n|-start|p2a: Meowscarada|typechange|Electric|[from] ability: Protean\n|-supereffective|p1a: Cuevita|2\n|-damage|p1a: Cuevita|0 fnt\n|faint|p1a: Cuevita\n|\n|-weather|RainDance|[upkeep]\n|upkeep\n|l| okijnbvx\n|\n|t:|1776189967\n|switch|p1a: El Tunche|Basculegion, L50, M|100/100\n|turn|2\n|\n|t:|1776189981\n|switch|p2a: Infernape|Infernape, L50, M|100/100\n|move|p1a: El Tunche|Wave Crash|p2b: Scizor\n|-damage|p2b: Scizor|2/100\n|-damage|p1a: El Tunche|75/100|[from] Recoil\n|move|p1b: Jairoco|Electro Shot||[still]\n|-prepare|p1b: Jairoco|Electro Shot\n|-boost|p1b: Jairoco|spa|1\n|-anim|p1b: Jairoco|Electro Shot|p2b: Scizor\n|-damage|p2b: Scizor|0 fnt\n|faint|p2b: Scizor\n|\n|-weather|RainDance|[upkeep]\n|upkeep\n|\n|t:|1776189993\n|switch|p2b: Meowscarada|Meowscarada, L50, F|100/100\n|turn|3\n|\n|t:|1776190003\n|move|p2b: Meowscarada|Knock Off|p1a: El Tunche\n|-start|p2b: Meowscarada|typechange|Dark|[from] ability: Protean\n|-supereffective|p1a: El Tunche|1\n|-damage|p1a: El Tunche|0 fnt\n|-enditem|p1a: El Tunche|Mystic Water|[from] move: Knock Off|[of] p2b: Meowscarada\n|faint|p1a: El Tunche\n|move|p2a: Infernape|Close Combat|p1b: Jairoco\n|-supereffective|p1b: Jairoco|1\n|-damage|p1b: Jairoco|21/100\n|-unboost|p2a: Infernape|def|1\n|-unboost|p2a: Infernape|spd|1\n|-ability|p1b: Jairoco|Stamina|boost\n|-boost|p1b: Jairoco|def|1\n|-enditem|p2a: Infernape|White Herb\n|-clearnegativeboost|p2a: Infernape|[silent]\n|move|p1b: Jairoco|Dragon Pulse|p2b: Meowscarada\n|-damage|p2b: Meowscarada|0 fnt\n|faint|p2b: Meowscarada\n|\n|-weather|RainDance|[upkeep]\n|upkeep\n|\n|t:|1776190020\n|switch|p2b: Lucario|Lucario, L50, F|100/100\n|switch|p1a: Valera|Dragonite, L50, M|100/100\n|turn|4\n|\n|t:|1776190032\n|detailschange|p1a: Valera|Dragonite-Mega, L50, M\n|-mega|p1a: Valera|Dragonite|Dragoninite\n|move|p1b: Jairoco|Protect|p1b: Jairoco\n|-singleturn|p1b: Jairoco|Protect\n|move|p2a: Infernape|Close Combat|p1b: Jairoco\n|-activate|p1b: Jairoco|move: Protect\n|move|p2b: Lucario|Ice Punch|p1a: Valera\n|-supereffective|p1a: Valera|2\n|-damage|p1a: Valera|59/100\n|move|p1a: Valera|Dragon Claw|p2a: Infernape\n|-damage|p2a: Infernape|34/100\n|\n|-weather|RainDance|[upkeep]\n|upkeep\n|turn|5\n|\n|t:|1776190055\n|move|p2a: Infernape|Upper Hand|p1a: Valera\n|-resisted|p1a: Valera|1\n|-damage|p1a: Valera|48/100\n|cant|p1a: Valera|flinch\n|move|p2b: Lucario|Ice Punch|p1a: Valera\n|-supereffective|p1a: Valera|2\n|-damage|p1a: Valera|0 fnt\n|faint|p1a: Valera\n|move|p1b: Jairoco|Electro Shot||[still]\n|-prepare|p1b: Jairoco|Electro Shot\n|-boost|p1b: Jairoco|spa|1\n|-anim|p1b: Jairoco|Electro Shot|p2b: Lucario\n|-enditem|p2b: Lucario|Focus Sash\n|-damage|p2b: Lucario|1/100\n|\n|-weather|none\n|upkeep\n|turn|6\n|-message|Renovador_popular forfeited.\n|\n|win|corek\n|raw|Renovador_popular's rating: 1151 &rarr; <strong>1121</strong><br />(-30 for losing)\n|raw|corek's rating: 1077 &rarr; <strong>1111</strong><br />(+34 for winning)\n|l|\u2606Renovador_popular\n|player|p1|\n",
  "uploadtime": 1776190104,
  "views": 31,
  "formatid": "gen9championsvgc2026regma",
  "rating": 1111,
  "private": 0,
  "password": null
}