{
  "id": "gen9championsvgc2026regma-2587246805",
  "format": "[Gen 9 Champions] VGC 2026 Reg M-A",
  "players": [
    "Seanketchum",
    "Trabgiaco"
  ],
  "log": "|j|\u2606Seanketchum\n|j|\u2606Trabgiaco\n|t:|1776513997\n|gametype|doubles\n|player|p1|Seanketchum|pokefan|1172\n|player|p2|Trabgiaco|266|1201\n|gen|9\n|tier|[Gen 9 Champions] VGC 2026 Reg M-A\n|rated|\n|rule|Species Clause: Limit one of each Pok\u00e9mon\n|rule|Item Clause: Limit 1 of each item\n|clearpoke\n|poke|p1|Charizard, L50, F|\n|poke|p1|Venusaur, L50, M|\n|poke|p1|Sneasler, L50, M|\n|poke|p1|Heliolisk, L50, M|\n|poke|p1|Garchomp, L50, F|\n|poke|p1|Kleavor, L50, F|\n|poke|p2|Charizard, L50, M, shiny|\n|poke|p2|Basculegion, L50, M|\n|poke|p2|Incineroar, L50, F|\n|poke|p2|Sneasler, L50, F|\n|poke|p2|Garchomp, L50, F|\n|poke|p2|Venusaur, L50, M, shiny|\n|teampreview|4\n|\n|t:|1776514015\n|teamsize|p1|4\n|teamsize|p2|4\n|start\n|switch|p1a: Charizard|Charizard, L50, F|100/100\n|switch|p1b: Kleavor|Kleavor, L50, F|100/100\n|switch|p2a: Sneasler|Sneasler, L50, F|100/100\n|switch|p2b: Charizard|Charizard, L50, M, shiny|100/100\n|turn|1\n|\n|t:|1776514039\n|switch|p2b: Incineroar|Incineroar, L50, F|100/100\n|-ability|p2b: Incineroar|Intimidate|boost\n|-unboost|p1a: Charizard|atk|1\n|-unboost|p1b: Kleavor|atk|1\n|detailschange|p1a: Charizard|Charizard-Mega-Y, L50, F\n|-mega|p1a: Charizard|Charizard|Charizardite Y\n|-weather|SunnyDay|[from] ability: Drought|[of] p1a: Charizard\n|move|p2a: Sneasler|Fake Out|p1b: Kleavor\n|-resisted|p1b: Kleavor|1\n|-damage|p1b: Kleavor|90/100\n|move|p1a: Charizard|Scorching Sands|p2a: Sneasler\n|-supereffective|p2a: Sneasler|1\n|-damage|p2a: Sneasler|20/100\n|cant|p1b: Kleavor|flinch\n|\n|-weather|SunnyDay|[upkeep]\n|upkeep\n|turn|2\n|\n|t:|1776514071\n|move|p2a: Sneasler|Dire Claw|p1a: Charizard\n|-damage|p1a: Charizard|37/100\n|move|p1a: Charizard|Air Cutter|p2a: Sneasler|[spread] p2a,p2b\n|-supereffective|p2a: Sneasler|1\n|-damage|p2a: Sneasler|0 fnt\n|-damage|p2b: Incineroar|78/100\n|faint|p2a: Sneasler\n|move|p1b: Kleavor|Tailwind|p1b: Kleavor\n|-sidestart|p1: Seanketchum|move: Tailwind\n|move|p2b: Incineroar|Parting Shot|p1b: Kleavor\n|-unboost|p1b: Kleavor|atk|1\n|-unboost|p1b: Kleavor|spa|1\n|\n|t:|1776514091\n|switch|p2b: Garchomp|Garchomp, L50, F|100/100|[from] Parting Shot\n|\n|-weather|SunnyDay|[upkeep]\n|upkeep\n|\n|t:|1776514097\n|switch|p2a: Incineroar|Incineroar, L50, F|78/100\n|-ability|p2a: Incineroar|Intimidate|boost\n|-unboost|p1a: Charizard|atk|1\n|-unboost|p1b: Kleavor|atk|1\n|turn|3\n|\n|t:|1776514120\n|switch|p1b: Garchomp|Garchomp, L50, F|100/100\n|move|p1a: Charizard|Air Cutter|p2a: Incineroar|[spread] p2a,p2b\n|-damage|p2a: Incineroar|56/100\n|-damage|p2b: Garchomp|76/100\n|move|p2b: Garchomp|Rock Slide|p1a: Charizard|[spread] p1a,p1b\n|-supereffective|p1a: Charizard|2\n|-resisted|p1b: Garchomp|1\n|-damage|p1a: Charizard|0 fnt\n|-damage|p1b: Garchomp|91/100\n|faint|p1a: Charizard\n|move|p2a: Incineroar|Flare Blitz|p1b: Garchomp\n|-resisted|p1b: Garchomp|1\n|-damage|p1b: Garchomp|53/100\n|-damage|p2a: Incineroar|45/100|[from] Recoil\n|-enditem|p2a: Incineroar|Sitrus Berry|[eat]\n|-heal|p2a: Incineroar|70/100|[from] item: Sitrus Berry\n|\n|-weather|SunnyDay|[upkeep]\n|upkeep\n|\n|t:|1776514138\n|switch|p1a: Heliolisk|Heliolisk, L50, M|100/100\n|turn|4\n|\n|t:|1776514150\n|move|p1a: Heliolisk|Protect|p1a: Heliolisk\n|-singleturn|p1a: Heliolisk|Protect\n|move|p1b: Garchomp|Earthquake|p2b: Garchomp|[spread] p2a,p2b\n|-activate|p1a: Heliolisk|move: Protect\n|-supereffective|p2a: Incineroar|1\n|-damage|p2a: Incineroar|0 fnt\n|-damage|p2b: Garchomp|42/100\n|faint|p2a: Incineroar\n|move|p2b: Garchomp|Earthquake|p1b: Garchomp|[spread] p1b\n|-activate|p1a: Heliolisk|move: Protect\n|-damage|p1b: Garchomp|11/100\n|\n|-weather|SunnyDay|[upkeep]\n|-damage|p1a: Heliolisk|88/100|[from] ability: Solar Power|[of] p1a: Heliolisk\n|upkeep\n|\n|t:|1776514165\n|switch|p2a: Charizard|Charizard, L50, M, shiny|100/100\n|turn|5\n|\n|t:|1776514184\n|detailschange|p2a: Charizard|Charizard-Mega-Y, L50, M, shiny\n|-mega|p2a: Charizard|Charizard|Charizardite Y\n|move|p2b: Garchomp|Protect|p2b: Garchomp\n|-singleturn|p2b: Garchomp|Protect\n|move|p1a: Heliolisk|Thunderbolt|p2a: Charizard\n|-supereffective|p2a: Charizard|1\n|-damage|p2a: Charizard|0 fnt\n|faint|p2a: Charizard\n|move|p1b: Garchomp|Dragon Claw|p2b: Garchomp\n|-activate|p2b: Garchomp|move: Protect\n|\n|-weather|none\n|-sideend|p1: Seanketchum|move: Tailwind\n|upkeep\n|turn|6\n|\n|t:|1776514200\n|move|p1a: Heliolisk|Hyper Voice|p2b: Garchomp\n|-damage|p2b: Garchomp|5/100\n|move|p1b: Garchomp|Dragon Claw|p2b: Garchomp\n|-supereffective|p2b: Garchomp|1\n|-enditem|p2b: Garchomp|Haban Berry|[eat]\n|-enditem|p2b: Garchomp|Haban Berry|[weaken]\n|-damage|p2b: Garchomp|0 fnt\n|-damage|p1b: Garchomp|0 fnt|[from] ability: Rough Skin|[of] p2b: Garchomp\n|faint|p2b: Garchomp\n|faint|p1b: Garchomp\n|\n|win|Seanketchum\n|raw|Seanketchum's rating: 1172 &rarr; <strong>1199</strong><br />(+27 for winning)\n|raw|Trabgiaco's rating: 1201 &rarr; <strong>1174</strong><br />(-27 for losing)\n|l|\u2606Trabgiaco\n|player|p2|\n",
  "uploadtime": 1776514256,
  "views": 25,
  "formatid": "gen9championsvgc2026regma",
  "rating": 1174,
  "private": 0,
  "password": null
}