{
  "id": "gen9championsvgc2026regma-2583594266",
  "format": "[Gen 9 Champions] VGC 2026 Reg M-A",
  "players": [
    "Paluzzu",
    "chris466"
  ],
  "log": "|j|\u203dPaluzzu\n|j|\u2606chris466\n|t:|1776185422\n|gametype|doubles\n|player|p1|Paluzzu|lucas|1077\n|player|p2|chris466|red|1065\n|gen|9\n|tier|[Gen 9 Champions] VGC 2026 Reg M-A\n|rated|\n|rule|Species Clause: Limit one of each Pok\u00e9mon\n|rule|Item Clause: Limit 1 of each item\n|clearpoke\n|poke|p1|Orthworm, L50, F|\n|poke|p1|Incineroar, L50, M|\n|poke|p1|Froslass, L50, F|\n|poke|p1|Basculegion, L50, M|\n|poke|p1|Milotic, L50, F|\n|poke|p1|Garchomp, L50, F|\n|poke|p2|Primarina, L50, F|\n|poke|p2|Incineroar, L50, F|\n|poke|p2|Ninetales-Alola, L50, M|\n|poke|p2|Feraligatr, L50, F|\n|poke|p2|Torterra, L50, M|\n|poke|p2|Maushold, L50|\n|teampreview|4\n|inactive|Battle timer is ON: inactive players will automatically lose when time's up. (requested by Paluzzu)\n|inactive|Paluzzu has 60 seconds left.\n|\n|t:|1776185456\n|teamsize|p1|4\n|teamsize|p2|4\n|start\n|switch|p1a: Orthworm|Orthworm, L50, F|100/100\n|switch|p1b: Incineroar|Incineroar, L50, M|100/100\n|switch|p2a: Incineroar|Incineroar, L50, F|100/100\n|switch|p2b: Ninetales|Ninetales-Alola, L50, M|100/100\n|-weather|Snowscape|[from] ability: Snow Warning|[of] p2b: Ninetales\n|-ability|p1b: Incineroar|Intimidate|boost\n|-unboost|p2a: Incineroar|atk|1\n|-unboost|p2b: Ninetales|atk|1\n|-ability|p2a: Incineroar|Intimidate|boost\n|-unboost|p1a: Orthworm|atk|1\n|-unboost|p1b: Incineroar|atk|1\n|turn|1\n|\n|t:|1776185473\n|move|p2a: Incineroar|Fake Out|p1a: Orthworm\n|-resisted|p1a: Orthworm|1\n|-damage|p1a: Orthworm|99/100\n|move|p2b: Ninetales|Aurora Veil|p2b: Ninetales\n|-sidestart|p2: chris466|move: Aurora Veil\n|move|p1b: Incineroar|Flare Blitz|p2b: Ninetales\n|-supereffective|p2b: Ninetales|1\n|-damage|p2b: Ninetales|78/100\n|-damage|p1b: Incineroar|94/100|[from] Recoil\n|cant|p1a: Orthworm|flinch\n|\n|-weather|Snowscape|[upkeep]\n|upkeep\n|turn|2\n|\n|t:|1776185495\n|move|p2b: Ninetales|Icy Wind|p1b: Incineroar|[spread] p1a,p1b\n|-resisted|p1a: Orthworm|1\n|-resisted|p1b: Incineroar|1\n|-damage|p1a: Orthworm|90/100\n|-damage|p1b: Incineroar|88/100\n|-unboost|p1a: Orthworm|spe|1\n|-unboost|p1b: Incineroar|spe|1\n|move|p1b: Incineroar|Parting Shot|p2b: Ninetales\n|-unboost|p2b: Ninetales|atk|1\n|-unboost|p2b: Ninetales|spa|1\n|\n|t:|1776185505\n|switch|p1b: Milotic|Milotic, L50, F|100/100|[from] Parting Shot\n|move|p2a: Incineroar|Will-O-Wisp|p1a: Orthworm|[miss]\n|-miss|p2a: Incineroar|p1a: Orthworm\n|move|p1a: Orthworm|Shed Tail|p1a: Orthworm\n|-start|p1a: Orthworm|Substitute|[from] move: Shed Tail\n|-damage|p1a: Orthworm|40/100\n|-enditem|p1a: Orthworm|Sitrus Berry|[eat]\n|-heal|p1a: Orthworm|65/100|[from] item: Sitrus Berry\n|\n|t:|1776185514\n|switch|p1a: Froslass|Froslass, L50, F|100/100|[from] Shed Tail\n|\n|-weather|Snowscape|[upkeep]\n|upkeep\n|turn|3\n|\n|t:|1776185525\n|move|p1a: Froslass|Nasty Plot|p1a: Froslass\n|-boost|p1a: Froslass|spa|2\n|move|p2b: Ninetales|Freeze-Dry|p1b: Milotic\n|-supereffective|p1b: Milotic|1\n|-damage|p1b: Milotic|86/100\n|move|p1b: Milotic|Scald|p2a: Incineroar\n|-supereffective|p2a: Incineroar|1\n|-enditem|p2a: Incineroar|Passho Berry|[eat]\n|-enditem|p2a: Incineroar|Passho Berry|[weaken]\n|-damage|p2a: Incineroar|89/100\n|move|p2a: Incineroar|Throat Chop|p1a: Froslass\n|-supereffective|p1a: Froslass|1\n|-end|p1a: Froslass|Substitute\n|\n|-weather|Snowscape|[upkeep]\n|-heal|p1b: Milotic|92/100|[from] item: Leftovers\n|upkeep\n|turn|4\n|\n|t:|1776185545\n|switch|p2b: Primarina|Primarina, L50, F|100/100\n|detailschange|p1a: Froslass|Froslass-Mega, L50, F\n|-mega|p1a: Froslass|Froslass|Froslassite\n|move|p1a: Froslass|Shadow Ball|p2b: Primarina\n|-damage|p2b: Primarina|49/100\n|move|p1b: Milotic|Scald|p2a: Incineroar\n|-supereffective|p2a: Incineroar|1\n|-damage|p2a: Incineroar|64/100\n|move|p2a: Incineroar|Throat Chop|p1a: Froslass\n|-supereffective|p1a: Froslass|1\n|-damage|p1a: Froslass|50/100\n|-start|p1a: Froslass|Throat Chop|[silent]\n|\n|-weather|Snowscape|[upkeep]\n|-heal|p1b: Milotic|98/100|[from] item: Leftovers\n|upkeep\n|turn|5\n|\n|t:|1776185569\n|switch|p2b: Ninetales|Ninetales-Alola, L50, M|78/100\n|move|p1a: Froslass|Protect|p1a: Froslass\n|-singleturn|p1a: Froslass|Protect\n|move|p1b: Milotic|Scald|p2a: Incineroar\n|-supereffective|p2a: Incineroar|1\n|-damage|p2a: Incineroar|39/100\n|move|p2a: Incineroar|Throat Chop|p1a: Froslass\n|-activate|p1a: Froslass|move: Protect\n|\n|-weather|none\n|-heal|p1b: Milotic|100/100|[from] item: Leftovers\n|-end|p1a: Froslass|Throat Chop|[silent]\n|-sideend|p2: chris466|move: Aurora Veil\n|upkeep\n|turn|6\n|\n|t:|1776185591\n|switch|p1a: Orthworm|Orthworm, L50, F|65/100\n|move|p2b: Ninetales|Encore||[still]\n|-fail|p2b: Ninetales\n|move|p1b: Milotic|Icy Wind|p2b: Ninetales|[spread] p2a,p2b\n|-resisted|p2a: Incineroar|1\n|-resisted|p2b: Ninetales|1\n|-damage|p2a: Incineroar|36/100\n|-damage|p2b: Ninetales|73/100\n|-unboost|p2a: Incineroar|spe|1\n|-unboost|p2b: Ninetales|spe|1\n|move|p2a: Incineroar|Throat Chop|p1a: Orthworm\n|-damage|p1a: Orthworm|54/100\n|-start|p1a: Orthworm|Throat Chop|[silent]\n|\n|upkeep\n|turn|7\n|\n|t:|1776185609\n|switch|p2b: Primarina|Primarina, L50, F|49/100\n|move|p1b: Milotic|Scald|p2a: Incineroar\n|-supereffective|p2a: Incineroar|1\n|-damage|p2a: Incineroar|0 fnt\n|faint|p2a: Incineroar\n|move|p1a: Orthworm|Heavy Slam|p2b: Primarina\n|-damage|p2b: Primarina|4/100\n|\n|-end|p1a: Orthworm|Throat Chop|[silent]\n|upkeep\n|\n|t:|1776185617\n|switch|p2a: Ninetales|Ninetales-Alola, L50, M|73/100\n|-weather|Snowscape|[from] ability: Snow Warning|[of] p2a: Ninetales\n|turn|8\n|\n|t:|1776185624\n|move|p2a: Ninetales|Aurora Veil|p2a: Ninetales\n|-sidestart|p2: chris466|move: Aurora Veil\n|move|p1b: Milotic|Icy Wind|p2b: Primarina|[spread] p2a,p2b\n|-resisted|p2a: Ninetales|1\n|-resisted|p2b: Primarina|1\n|-damage|p2a: Ninetales|70/100\n|-damage|p2b: Primarina|1/100\n|-unboost|p2a: Ninetales|spe|1\n|-unboost|p2b: Primarina|spe|1\n|move|p1a: Orthworm|Heavy Slam|p2a: Ninetales\n|-supereffective|p2a: Ninetales|2\n|-enditem|p2a: Ninetales|Babiri Berry|[eat]\n|-enditem|p2a: Ninetales|Babiri Berry|[weaken]\n|-damage|p2a: Ninetales|43/100\n|move|p2b: Primarina|Rest|p2b: Primarina\n|-status|p2b: Primarina|slp|[from] move: Rest\n|-heal|p2b: Primarina|100/100 slp|[silent]\n|-enditem|p2b: Primarina|Chesto Berry|[eat]\n|-curestatus|p2b: Primarina|slp|[msg]\n|\n|-weather|Snowscape|[upkeep]\n|upkeep\n|turn|9\n|inactive|Paluzzu has 30 seconds left.\n|\n|t:|1776185652\n|move|p1b: Milotic|Icy Wind|p2b: Primarina|[spread] p2a,p2b\n|-resisted|p2a: Ninetales|1\n|-resisted|p2b: Primarina|1\n|-crit|p2b: Primarina\n|-damage|p2a: Ninetales|39/100\n|-damage|p2b: Primarina|95/100\n|-unboost|p2a: Ninetales|spe|1\n|-unboost|p2b: Primarina|spe|1\n|move|p1a: Orthworm|Heavy Slam|p2a: Ninetales\n|-supereffective|p2a: Ninetales|2\n|-damage|p2a: Ninetales|0 fnt\n|faint|p2a: Ninetales\n|move|p2b: Primarina|Hyper Voice|p1a: Orthworm|[spread] p1a,p1b\n|-resisted|p1b: Milotic|1\n|-damage|p1a: Orthworm|0 fnt\n|-damage|p1b: Milotic|91/100\n|faint|p1a: Orthworm\n|\n|-weather|Snowscape|[upkeep]\n|-heal|p1b: Milotic|97/100|[from] item: Leftovers\n|upkeep\n|\n|t:|1776185669\n|switch|p2a: Feraligatr|Feraligatr, L50, F|100/100\n|switch|p1a: Froslass|Froslass-Mega, L50, F|50/100\n|turn|10\n|\n|t:|1776185687\n|detailschange|p2a: Feraligatr|Feraligatr-Mega, L50, F\n|-mega|p2a: Feraligatr|Feraligatr|Feraligite\n|move|p1a: Froslass|Shadow Ball|p2b: Primarina\n|-damage|p2b: Primarina|70/100\n|move|p2a: Feraligatr|Swords Dance|p2a: Feraligatr\n|-boost|p2a: Feraligatr|atk|2\n|move|p1b: Milotic|Ice Beam|p2a: Feraligatr\n|-damage|p2a: Feraligatr|84/100\n|move|p2b: Primarina|Hyper Voice|p1a: Froslass|[spread] p1a,p1b\n|-resisted|p1b: Milotic|1\n|-damage|p1a: Froslass|5/100\n|-damage|p1b: Milotic|87/100\n|\n|-weather|Snowscape|[upkeep]\n|-heal|p1b: Milotic|93/100|[from] item: Leftovers\n|upkeep\n|turn|11\n|\n|t:|1776185707\n|move|p2a: Feraligatr|Aqua Jet|p1a: Froslass\n|-damage|p1a: Froslass|0 fnt\n|faint|p1a: Froslass\n|move|p1b: Milotic|Ice Beam|p2a: Feraligatr\n|-damage|p2a: Feraligatr|68/100\n|move|p2b: Primarina|Hydro Pump|p1b: Milotic\n|-resisted|p1b: Milotic|1\n|-damage|p1b: Milotic|78/100\n|\n|-weather|Snowscape|[upkeep]\n|-heal|p1b: Milotic|84/100|[from] item: Leftovers\n|upkeep\n|\n|t:|1776185711\n|switch|p1a: Incineroar|Incineroar, L50, M|88/100\n|-ability|p1a: Incineroar|Intimidate|boost\n|-unboost|p2a: Feraligatr|atk|1\n|-unboost|p2b: Primarina|atk|1\n|turn|12\n|-message|Paluzzu forfeited.\n|\n|win|chris466\n|raw|Paluzzu's rating: 1077 &rarr; <strong>1055</strong><br />(-22 for losing)\n|raw|chris466's rating: 1065 &rarr; <strong>1096</strong><br />(+31 for winning)\n|l|\u203dPaluzzu\n|player|p1|\n",
  "uploadtime": 1776185724,
  "views": 16,
  "formatid": "gen9championsvgc2026regma",
  "rating": 1055,
  "private": 0,
  "password": null
}