{
  "id": "gen9championsvgc2026regma-2581405352",
  "format": "[Gen 9 Champions] VGC 2026 Reg M-A",
  "players": [
    "taotietsu",
    "y0yio"
  ],
  "log": "|j|\u2606taotietsu\n|j|\u2606y0yio\n|t:|1775997017\n|gametype|doubles\n|player|p1|taotietsu|emmet|1186\n|player|p2|y0yio|pokemaniac|1104\n|gen|9\n|tier|[Gen 9 Champions] VGC 2026 Reg M-A\n|rated|\n|rule|Species Clause: Limit one of each Pok\u00e9mon\n|rule|Item Clause: Limit 1 of each item\n|clearpoke\n|poke|p1|Basculegion, L50, M|\n|poke|p1|Sableye, L50, F|\n|poke|p1|Meganium, L50, F|\n|poke|p1|Pelipper, L50, M|\n|poke|p1|Archaludon, L50, F|\n|poke|p1|Raichu, L50, M|\n|poke|p2|Aggron, L50, M|\n|poke|p2|Mimikyu, L50, F|\n|poke|p2|Primarina, L50, M|\n|poke|p2|Dragapult, L50, F|\n|poke|p2|Camerupt, L50, M|\n|poke|p2|Tyranitar, L50, M|\n|teampreview|4\n|inactive|Battle timer is ON: inactive players will automatically lose when time's up. (requested by taotietsu)\n|inactive|taotietsu has 60 seconds left.\n|\n|t:|1775997074\n|teamsize|p1|4\n|teamsize|p2|4\n|start\n|switch|p1a: Pelipper|Pelipper, L50, M|100/100\n|switch|p1b: Basculegion|Basculegion, L50, M|100/100\n|switch|p2a: Aggron|Aggron, L50, M|100/100\n|switch|p2b: Mimikyu|Mimikyu, L50, F|100/100\n|-weather|RainDance|[from] ability: Drizzle|[of] p1a: Pelipper\n|turn|1\n|\n|t:|1775997092\n|switch|p2b: Tyranitar|Tyranitar, L50, M|100/100\n|-weather|Sandstorm|[from] ability: Sand Stream|[of] p2b: Tyranitar\n|detailschange|p2a: Aggron|Aggron-Mega, L50, M\n|-mega|p2a: Aggron|Aggron|Aggronite\n|move|p1b: Basculegion|Flip Turn|p2b: Tyranitar\n|-supereffective|p2b: Tyranitar|1\n|-damage|p2b: Tyranitar|42/100\n|\n|t:|1775997106\n|switch|p1b: Raichu|Raichu, L50, M, shiny|100/100|[from] Flip Turn\n|move|p1a: Pelipper|Tailwind|p1a: Pelipper\n|-sidestart|p1: taotietsu|move: Tailwind\n|move|p2a: Aggron|Iron Defense|p2a: Aggron\n|-boost|p2a: Aggron|def|2\n|\n|-weather|Sandstorm|[upkeep]\n|-damage|p1b: Raichu|95/100|[from] Sandstorm\n|-damage|p1a: Pelipper|95/100|[from] Sandstorm\n|upkeep\n|turn|2\n|\n|t:|1775997122\n|switch|p1a: Meganium|Meganium, L50, F, shiny|100/100\n|switch|p2b: Primarina|Primarina, L50, M|100/100\n|move|p1b: Raichu|Encore|p2a: Aggron\n|-start|p2a: Aggron|Encore\n|move|p2a: Aggron|Iron Defense|p2a: Aggron\n|-boost|p2a: Aggron|def|2\n|\n|-weather|Sandstorm|[upkeep]\n|-damage|p1b: Raichu|89/100|[from] Sandstorm\n|-damage|p1a: Meganium|94/100|[from] Sandstorm\n|-damage|p2b: Primarina|95/100|[from] Sandstorm\n|-heal|p2b: Primarina|100/100|[from] item: Leftovers\n|upkeep\n|turn|3\n|inactive|y0yio has 30 seconds left.\n|\n|t:|1775997153\n|switch|p2b: Mimikyu|Mimikyu, L50, F|100/100\n|detailschange|p1a: Meganium|Meganium-Mega, L50, F, shiny\n|-mega|p1a: Meganium|Meganium|Meganiumite\n|move|p1b: Raichu|Electroweb|p2a: Aggron|[spread] p2a,p2b\n|-damage|p2a: Aggron|81/100\n|-activate|p2b: Mimikyu|ability: Disguise\n|-damage|p2b: Mimikyu|100/100\n|-unboost|p2a: Aggron|spe|1\n|-unboost|p2b: Mimikyu|spe|1\n|detailschange|p2b: Mimikyu|Mimikyu-Busted, L50, F\n|-damage|p2b: Mimikyu|88/100|[from] pokemon: Mimikyu-Busted\n|move|p1a: Meganium|Weather Ball|p2a: Aggron\n|-supereffective|p2a: Aggron|1\n|-damage|p2a: Aggron|0 fnt\n|faint|p2a: Aggron\n|\n|-weather|Sandstorm|[upkeep]\n|-damage|p1b: Raichu|83/100|[from] Sandstorm\n|-damage|p1a: Meganium|88/100|[from] Sandstorm\n|-damage|p2b: Mimikyu|82/100|[from] Sandstorm\n|upkeep\n|\n|t:|1775997178\n|switch|p2a: Tyranitar|Tyranitar, L50, M|42/100\n|turn|4\n|\n|t:|1775997202\n|move|p1b: Raichu|Electroweb|p2b: Mimikyu|[spread] p2a,p2b\n|-damage|p2a: Tyranitar|31/100\n|-damage|p2b: Mimikyu|63/100\n|-unboost|p2a: Tyranitar|spe|1\n|-unboost|p2b: Mimikyu|spe|1\n|move|p1a: Meganium|Solar Beam||[still]\n|-prepare|p1a: Meganium|Solar Beam\n|-activate|p1a: Meganium|ability: Mega Sol\n|-anim|p1a: Meganium|Solar Beam|p2b: Mimikyu\n|-damage|p2b: Mimikyu|0 fnt\n|faint|p2b: Mimikyu\n|move|p2a: Tyranitar|Rock Slide|p1a: Meganium|[spread] p1a,p1b\n|-damage|p1a: Meganium|57/100\n|-damage|p1b: Raichu|18/100\n|\n|-weather|Sandstorm|[upkeep]\n|-damage|p1b: Raichu|12/100|[from] Sandstorm\n|-damage|p1a: Meganium|51/100|[from] Sandstorm\n|-sideend|p1: taotietsu|move: Tailwind\n|upkeep\n|\n|t:|1775997220\n|switch|p2b: Primarina|Primarina, L50, M|100/100\n|turn|5\n|\n|t:|1775997239\n|move|p1b: Raichu|Electroweb|p2b: Primarina|[spread] p2a,p2b\n|-supereffective|p2b: Primarina|1\n|-damage|p2a: Tyranitar|21/100\n|-damage|p2b: Primarina|74/100\n|-unboost|p2a: Tyranitar|spe|1\n|-unboost|p2b: Primarina|spe|1\n|move|p1a: Meganium|Dazzling Gleam|p2a: Tyranitar|[spread] p2a,p2b\n|-supereffective|p2a: Tyranitar|1\n|-damage|p2a: Tyranitar|0 fnt\n|-damage|p2b: Primarina|41/100\n|faint|p2a: Tyranitar\n|move|p2b: Primarina|Draining Kiss|p1a: Meganium\n|-damage|p1a: Meganium|24/100\n|-heal|p2b: Primarina|60/100|[from] drain|[of] p1a: Meganium\n|\n|-weather|none\n|-heal|p2b: Primarina|66/100|[from] item: Leftovers\n|upkeep\n|turn|6\n|\n|t:|1775997257\n|move|p1b: Raichu|Fake Tears|p2b: Primarina\n|-unboost|p2b: Primarina|spd|2\n|move|p1a: Meganium|Solar Beam||[still]\n|-prepare|p1a: Meganium|Solar Beam\n|-activate|p1a: Meganium|ability: Mega Sol\n|-anim|p1a: Meganium|Solar Beam|p2b: Primarina\n|-supereffective|p2b: Primarina|1\n|-damage|p2b: Primarina|0 fnt\n|faint|p2b: Primarina\n|\n|win|taotietsu\n|raw|taotietsu's rating: 1186 &rarr; <strong>1205</strong><br />(+19 for winning)\n|raw|y0yio's rating: 1104 &rarr; <strong>1085</strong><br />(-19 for losing)\n|l|\u2606y0yio\n|player|p2|\n",
  "uploadtime": 1775997266,
  "views": 19,
  "formatid": "gen9championsvgc2026regma",
  "rating": 1085,
  "private": 0,
  "password": null
}