{
  "id": "gen9championsvgc2026regma-2587409913",
  "format": "[Gen 9 Champions] VGC 2026 Reg M-A",
  "players": [
    "plini123456",
    "Xernos123"
  ],
  "log": "|j|\u2606plini123456\n|j|\u2606Xernos123\n|t:|1776529463\n|gametype|doubles\n|player|p1|plini123456|brycenman|1032\n|player|p2|Xernos123|169|1099\n|gen|9\n|tier|[Gen 9 Champions] VGC 2026 Reg M-A\n|rated|\n|rule|Species Clause: Limit one of each Pok\u00e9mon\n|rule|Item Clause: Limit 1 of each item\n|clearpoke\n|poke|p1|Gengar, L50, M|\n|poke|p1|Politoed, L50, F|\n|poke|p1|Clefable, L50, M|\n|poke|p1|Sinistcha, L50|\n|poke|p1|Incineroar, L50, F|\n|poke|p1|Toxapex, L50, F|\n|poke|p2|Incineroar, L50, F|\n|poke|p2|Whimsicott, L50, M|\n|poke|p2|Blastoise, L50, F|\n|poke|p2|Runerigus, L50, M|\n|poke|p2|Clefable, L50, M|\n|poke|p2|Pelipper, L50, F|\n|teampreview|4\n|inactive|Battle timer is ON: inactive players will automatically lose when time's up. (requested by Xernos123)\n|\n|t:|1776529490\n|teamsize|p1|4\n|teamsize|p2|4\n|start\n|switch|p1a: Gengar|Gengar, L50, M|100/100\n|switch|p1b: Sinistcha|Sinistcha, L50|100/100\n|switch|p2a: Pelipper|Pelipper, L50, F|100/100\n|switch|p2b: Incineroar|Incineroar, L50, F|100/100\n|-weather|RainDance|[from] ability: Drizzle|[of] p2a: Pelipper\n|-ability|p2b: Incineroar|Intimidate|boost\n|-unboost|p1a: Gengar|atk|1\n|-unboost|p1b: Sinistcha|atk|1\n|turn|1\n|inactive|plini123456 has 30 seconds left.\n|\n|t:|1776529515\n|detailschange|p1a: Gengar|Gengar-Mega, L50, M\n|-mega|p1a: Gengar|Gengar|Gengarite\n|move|p1b: Sinistcha|Protect|p1b: Sinistcha\n|-singleturn|p1b: Sinistcha|Protect\n|move|p1a: Gengar|Substitute|p1a: Gengar\n|-start|p1a: Gengar|Substitute\n|-damage|p1a: Gengar|76/100\n|move|p2a: Pelipper|U-turn|p1b: Sinistcha\n|-activate|p1b: Sinistcha|move: Protect\n|move|p2b: Incineroar|Parting Shot|p1a: Gengar\n|-unboost|p1a: Gengar|atk|1\n|-unboost|p1a: Gengar|spa|1\n|\n|t:|1776529522\n|switch|p2b: Clefable|Clefable, L50, M|100/100|[from] Parting Shot\n|\n|-weather|RainDance|[upkeep]\n|upkeep\n|turn|2\n|inactive|plini123456 has 30 seconds left.\n|inactive|plini123456 has 20 seconds left.\n|inactive|plini123456 has 15 seconds left.\n|\n|t:|1776529563\n|switch|p1b: Clefable|Clefable, L50, M|100/100\n|move|p1a: Gengar|Perish Song|p1a: Gengar\n|-start|p1a: Gengar|perish3|[silent]\n|-start|p1b: Clefable|perish3|[silent]\n|-start|p2a: Pelipper|perish3|[silent]\n|-start|p2b: Clefable|perish3|[silent]\n|-fieldactivate|move: Perish Song\n|move|p2a: Pelipper|Knock Off|p1a: Gengar\n|-supereffective|p1a: Gengar|1\n|-activate|p1a: Gengar|move: Substitute|[damage]\n|move|p2b: Clefable|Encore||[still]\n|-fail|p2b: Clefable\n|\n|-weather|RainDance|[upkeep]\n|-start|p1a: Gengar|perish3\n|-start|p2a: Pelipper|perish3\n|-start|p2b: Clefable|perish3\n|-start|p1b: Clefable|perish3\n|upkeep\n|turn|3\n|inactive|plini123456 has 30 seconds left.\n|inactive|Xernos123 has 30 seconds left.\n|inactive|plini123456 has 20 seconds left.\n|inactive|plini123456 has 15 seconds left.\n|\n|t:|1776529604\n|move|p1a: Gengar|Protect|p1a: Gengar\n|-singleturn|p1a: Gengar|Protect\n|move|p2a: Pelipper|U-turn|p1a: Gengar\n|-activate|p1a: Gengar|move: Protect\n|move|p2b: Clefable|Copycat|p2b: Clefable\n|move|p2b: Clefable|U-turn|p1b: Clefable|[from] move: Copycat\n|-resisted|p1b: Clefable|1\n|-damage|p1b: Clefable|96/100\n|\n|t:|1776529610\n|switch|p2b: Incineroar|Incineroar, L50, F|100/100|[from] U-turn\n|-ability|p2b: Incineroar|Intimidate|boost\n|-immune|p1a: Gengar\n|-unboost|p1b: Clefable|atk|1\n|move|p1b: Clefable|Encore||[still]\n|-fail|p1b: Clefable\n|\n|-weather|RainDance|[upkeep]\n|-heal|p1b: Clefable|100/100|[from] item: Leftovers\n|-start|p1a: Gengar|perish2\n|-start|p2a: Pelipper|perish2\n|-start|p1b: Clefable|perish2\n|upkeep\n|turn|4\n|inactive|plini123456 has 30 seconds left.\n|\n|t:|1776529636\n|switch|p1b: Sinistcha|Sinistcha, L50|100/100\n|-heal|p1a: Gengar|100/100|[from] ability: Hospitality|[of] p1b: Sinistcha\n|move|p1a: Gengar|Perish Song|p1a: Gengar\n|-start|p1b: Sinistcha|perish3|[silent]\n|-start|p2b: Incineroar|perish3|[silent]\n|-fieldactivate|move: Perish Song\n|move|p2a: Pelipper|U-turn|p1a: Gengar\n|-resisted|p1a: Gengar|2\n|-end|p1a: Gengar|Substitute\n|\n|t:|1776529644\n|switch|p2a: Blastoise|Blastoise, L50, F|100/100|[from] U-turn\n|move|p2b: Incineroar|Parting Shot|p1a: Gengar\n|-unboost|p1a: Gengar|atk|1\n|-unboost|p1a: Gengar|spa|1\n|\n|t:|1776529647\n|switch|p2b: Clefable|Clefable, L50, M|100/100|[from] Parting Shot\n|\n|-weather|RainDance|[upkeep]\n|-start|p1a: Gengar|perish1\n|-start|p1b: Sinistcha|perish3\n|upkeep\n|turn|5\n|\n|t:|1776529667\n|switch|p1a: Politoed|Politoed, L50, F|100/100\n|detailschange|p2a: Blastoise|Blastoise-Mega, L50, F\n|-mega|p2a: Blastoise|Blastoise|Blastoisinite\n|move|p1b: Sinistcha|Rage Powder|p1b: Sinistcha\n|-singleturn|p1b: Sinistcha|move: Rage Powder\n|move|p2a: Blastoise|Shell Smash|p2a: Blastoise\n|-unboost|p2a: Blastoise|def|1\n|-unboost|p2a: Blastoise|spd|1\n|-boost|p2a: Blastoise|atk|2\n|-boost|p2a: Blastoise|spa|2\n|-boost|p2a: Blastoise|spe|2\n|move|p2b: Clefable|Encore|p1b: Sinistcha\n|-start|p1b: Sinistcha|Encore\n|\n|-weather|none\n|-start|p1b: Sinistcha|perish2\n|upkeep\n|turn|6\n|\n|t:|1776529688\n|switch|p1b: Clefable|Clefable, L50, M|100/100\n|switch|p2b: Pelipper|Pelipper, L50, F|100/100\n|-weather|RainDance|[from] ability: Drizzle|[of] p2b: Pelipper\n|move|p2a: Blastoise|Water Spout|p1b: Clefable|[spread] p1a,p1b\n|-resisted|p1a: Politoed|1\n|-damage|p1a: Politoed|15/100\n|-damage|p1b: Clefable|9/100\n|move|p1a: Politoed|Perish Song|p1a: Politoed\n|-start|p1a: Politoed|perish3|[silent]\n|-start|p1b: Clefable|perish3|[silent]\n|-start|p2a: Blastoise|perish3|[silent]\n|-start|p2b: Pelipper|perish3|[silent]\n|-fieldactivate|move: Perish Song\n|\n|-weather|RainDance|[upkeep]\n|-heal|p1b: Clefable|15/100|[from] item: Leftovers\n|-start|p2a: Blastoise|perish3\n|-start|p1a: Politoed|perish3\n|-start|p2b: Pelipper|perish3\n|-start|p1b: Clefable|perish3\n|upkeep\n|turn|7\n|\n|t:|1776529714\n|move|p1a: Politoed|Protect|p1a: Politoed\n|-singleturn|p1a: Politoed|Protect\n|move|p1b: Clefable|Protect|p1b: Clefable\n|-singleturn|p1b: Clefable|Protect\n|move|p2a: Blastoise|Water Spout|p1a: Politoed|[spread] \n|-activate|p1a: Politoed|move: Protect\n|-activate|p1b: Clefable|move: Protect\n|move|p2b: Pelipper|U-turn|p1a: Politoed\n|-activate|p1a: Politoed|move: Protect\n|\n|-weather|RainDance|[upkeep]\n|-heal|p1b: Clefable|21/100|[from] item: Leftovers\n|-start|p2a: Blastoise|perish2\n|-start|p1a: Politoed|perish2\n|-start|p2b: Pelipper|perish2\n|-start|p1b: Clefable|perish2\n|upkeep\n|turn|8\n|inactive|plini123456 has 30 seconds left.\n|\n|t:|1776529748\n|switch|p2a: Clefable|Clefable, L50, M|100/100\n|move|p1a: Politoed|Protect|p1a: Politoed\n|-singleturn|p1a: Politoed|Protect\n|move|p1b: Clefable|Protect||[still]\n|-fail|p1b: Clefable\n|move|p2b: Pelipper|Hurricane|p1a: Politoed\n|-activate|p1a: Politoed|move: Protect\n|\n|-weather|RainDance|[upkeep]\n|-heal|p1b: Clefable|27/100|[from] item: Leftovers\n|-start|p1a: Politoed|perish1\n|-start|p2b: Pelipper|perish1\n|-start|p1b: Clefable|perish1\n|upkeep\n|turn|9\n|\n|t:|1776529767\n|switch|p1a: Gengar|Gengar-Mega, L50, M|100/100\n|switch|p2b: Blastoise|Blastoise-Mega, L50, F|100/100\n|switch|p1b: Sinistcha|Sinistcha, L50|100/100\n|move|p2a: Clefable|Encore||[still]\n|-fail|p2a: Clefable\n|\n|-weather|RainDance|[upkeep]\n|upkeep\n|turn|10\n|inactive|plini123456 has 30 seconds left.\n|\n|t:|1776529801\n|switch|p1b: Politoed|Politoed, L50, F|15/100\n|move|p2a: Clefable|Helping Hand|p2b: Blastoise\n|-singleturn|p2b: Blastoise|Helping Hand|[of] p2a: Clefable\n|move|p1a: Gengar|Substitute|p1a: Gengar\n|-start|p1a: Gengar|Substitute\n|-damage|p1a: Gengar|76/100\n|move|p2b: Blastoise|Water Spout|p1a: Gengar|[spread] p1a,p1b\n|-end|p1a: Gengar|Substitute\n|-resisted|p1b: Politoed|1\n|-damage|p1b: Politoed|0 fnt\n|faint|p1b: Politoed\n|\n|-weather|none\n|upkeep\n|\n|t:|1776529819\n|switch|p1b: Sinistcha|Sinistcha, L50|100/100\n|-heal|p1a: Gengar|100/100|[from] ability: Hospitality|[of] p1b: Sinistcha\n|turn|11\n|\n|t:|1776529832\n|move|p1a: Gengar|Protect|p1a: Gengar\n|-singleturn|p1a: Gengar|Protect\n|move|p2b: Blastoise|Dark Pulse|p1a: Gengar\n|-activate|p1a: Gengar|move: Protect\n|move|p1b: Sinistcha|Shadow Ball|p2b: Blastoise\n|-crit|p2b: Blastoise\n|-damage|p2b: Blastoise|51/100\n|-unboost|p2b: Blastoise|spd|1\n|move|p2a: Clefable|Encore|p1a: Gengar\n|-activate|p1a: Gengar|move: Protect\n|\n|upkeep\n|turn|12\n|\n|t:|1776529850\n|move|p2a: Clefable|Helping Hand|p2b: Blastoise\n|-singleturn|p2b: Blastoise|Helping Hand|[of] p2a: Clefable\n|move|p1a: Gengar|Substitute|p1a: Gengar\n|-start|p1a: Gengar|Substitute\n|-damage|p1a: Gengar|76/100\n|move|p2b: Blastoise|Dark Pulse|p1b: Sinistcha\n|-supereffective|p1b: Sinistcha|1\n|-damage|p1b: Sinistcha|0 fnt\n|faint|p1b: Sinistcha\n|\n|upkeep\n|\n|t:|1776529860\n|switch|p1b: Clefable|Clefable, L50, M|27/100\n|turn|13\n|\n|t:|1776529877\n|move|p1b: Clefable|Protect|p1b: Clefable\n|-singleturn|p1b: Clefable|Protect\n|move|p1a: Gengar|Perish Song|p1a: Gengar\n|-start|p1a: Gengar|perish3|[silent]\n|-start|p1b: Clefable|perish3|[silent]\n|-start|p2a: Clefable|perish3|[silent]\n|-start|p2b: Blastoise|perish3|[silent]\n|-fieldactivate|move: Perish Song\n|move|p2b: Blastoise|Water Spout|p1a: Gengar|[spread] p1a\n|-activate|p1b: Clefable|move: Protect\n|-end|p1a: Gengar|Substitute\n|move|p2a: Clefable|Encore|p1a: Gengar\n|-start|p1a: Gengar|Encore\n|\n|-heal|p1b: Clefable|33/100|[from] item: Leftovers\n|-start|p1a: Gengar|perish3\n|-start|p2b: Blastoise|perish3\n|-start|p2a: Clefable|perish3\n|-start|p1b: Clefable|perish3\n|upkeep\n|turn|14\n|\n|t:|1776529898\n|move|p1a: Gengar|Perish Song||[still]\n|-fail|p1a: Gengar\n|move|p2b: Blastoise|Water Spout|p1a: Gengar|[spread] p1a,p1b\n|-damage|p1a: Gengar|37/100\n|-damage|p1b: Clefable|6/100\n|move|p1b: Clefable|Life Dew|p1b: Clefable|[spread] p1a,p1b\n|-heal|p1a: Gengar|62/100\n|-heal|p1b: Clefable|32/100\n|move|p2a: Clefable|Copycat|p2a: Clefable\n|move|p2a: Clefable|Life Dew||[from] move: Copycat|[still]|[spread] p2a,p2b\n|-fail|p2a: Clefable|heal\n|-heal|p2b: Blastoise|76/100\n|\n|-heal|p1b: Clefable|38/100|[from] item: Leftovers\n|-start|p1a: Gengar|perish2\n|-start|p2b: Blastoise|perish2\n|-start|p2a: Clefable|perish2\n|-start|p1b: Clefable|perish2\n|upkeep\n|turn|15\n|inactive|plini123456 has 30 seconds left.\n|\n|t:|1776529925\n|move|p2a: Clefable|Helping Hand|p2b: Blastoise\n|-singleturn|p2b: Blastoise|Helping Hand|[of] p2a: Clefable\n|move|p1a: Gengar|Perish Song||[still]\n|-fail|p1a: Gengar\n|move|p2b: Blastoise|Water Spout|p1a: Gengar|[spread] p1a,p1b\n|-crit|p1a: Gengar\n|-damage|p1a: Gengar|0 fnt\n|-damage|p1b: Clefable|0 fnt\n|faint|p1a: Gengar\n|faint|p1b: Clefable\n|\n|win|Xernos123\n|raw|plini123456's rating: 1032 &rarr; <strong>1020</strong><br />(-12 for losing)\n|raw|Xernos123's rating: 1099 &rarr; <strong>1119</strong><br />(+20 for winning)\n",
  "uploadtime": 1776529932,
  "views": 12,
  "formatid": "gen9championsvgc2026regma",
  "rating": 1020,
  "private": 0,
  "password": null
}