{
  "id": "gen9championsvgc2026regma-2589549213",
  "format": "[Gen 9 Champions] VGC 2026 Reg M-A",
  "players": [
    "shefjig",
    "rubybunnies"
  ],
  "log": "|j|\u2606shefjig\n|j|\u2606rubybunnies\n|t:|1776733161\n|gametype|doubles\n|player|p1|shefjig|102|1000\n|player|p2|rubybunnies|lyra|1085\n|gen|9\n|tier|[Gen 9 Champions] VGC 2026 Reg M-A\n|rated|\n|rule|Species Clause: Limit one of each Pok\u00e9mon\n|rule|Item Clause: Limit 1 of each item\n|clearpoke\n|poke|p1|Liepard, L50, M|\n|poke|p1|Gardevoir, L50, F|\n|poke|p1|Talonflame, L50, F|\n|poke|p1|Maushold-Four, L50|\n|poke|p1|Garchomp, L50, F|\n|poke|p1|Archaludon, L50, F|\n|poke|p2|Victreebel, L50, M|\n|poke|p2|Garchomp, L50, F|\n|poke|p2|Aerodactyl, L50, F|\n|poke|p2|Kingambit, L50, F|\n|poke|p2|Pelipper, L50, M|\n|poke|p2|Sneasler, L50, F|\n|teampreview|4\nrubybunnies rejected open team sheets.\n|\n|t:|1776733208\n|teamsize|p1|4\n|teamsize|p2|4\n|start\n|switch|p1a: Liepard|Liepard, L50, M|100/100\n|switch|p1b: Talonflame|Talonflame, L50, F|100/100\n|switch|p2a: Aerodactyl|Aerodactyl, L50, F|100/100\n|switch|p2b: Sneasler|Sneasler, L50, F|100/100\n|-ability|p2a: Aerodactyl|Unnerve\n|turn|1\n|inactive|Battle timer is ON: inactive players will automatically lose when time's up. (requested by shefjig)\n|\n|t:|1776733268\n|move|p1b: Talonflame|Protect|p1b: Talonflame\n|-singleturn|p1b: Talonflame|Protect\n|move|p2b: Sneasler|Fake Out|p1b: Talonflame\n|-activate|p1b: Talonflame|move: Protect\n|move|p1a: Liepard|Yawn|p2a: Aerodactyl\n|-start|p2a: Aerodactyl|move: Yawn|[of] p1a: Liepard\n|move|p2a: Aerodactyl|Tailwind|p2a: Aerodactyl\n|-sidestart|p2: rubybunnies|move: Tailwind\n|\n|upkeep\n|turn|2\n|inactive|shefjig has 30 seconds left.\n|\n|t:|1776733294\n|move|p1b: Talonflame|Tailwind|p1b: Talonflame\n|-sidestart|p1: shefjig|move: Tailwind\n|move|p1a: Liepard|Encore|p2b: Sneasler\n|-start|p2b: Sneasler|Encore\n|move|p2b: Sneasler|Fake Out||[still]\n|-hint|Fake Out only works on your first turn out.\n|-fail|p2b: Sneasler\n|move|p2a: Aerodactyl|Rock Slide|p1b: Talonflame|[spread] p1a,p1b\n|-supereffective|p1b: Talonflame|2\n|-damage|p1a: Liepard|49/100\n|-enditem|p1b: Talonflame|Focus Sash\n|-damage|p1b: Talonflame|1/100\n|\n|-end|p2a: Aerodactyl|move: Yawn|[silent]\n|-status|p2a: Aerodactyl|slp\n|upkeep\n|turn|3\n|\n|t:|1776733319\n|switch|p2b: Kingambit|Kingambit, L50, F|100/100\n|switch|p1a: Gardevoir|Gardevoir, L50, F|100/100\n|cant|p2a: Aerodactyl|slp\n|move|p1b: Talonflame|Dual Wingbeat|p2b: Kingambit\n|-resisted|p2b: Kingambit|1\n|-damage|p2b: Kingambit|95/100\n|-resisted|p2b: Kingambit|1\n|-damage|p2b: Kingambit|89/100\n|-hitcount|p2b: Kingambit|2\n|\n|upkeep\n|turn|4\n|inactive|shefjig has 30 seconds left.\n|\n|t:|1776733346\n|switch|p1b: Liepard|Liepard, L50, M|49/100\n|move|p2b: Kingambit|Protect|p2b: Kingambit\n|-singleturn|p2b: Kingambit|Protect\n|-curestatus|p2a: Aerodactyl|slp|[msg]\n|move|p2a: Aerodactyl|Rock Slide|p1b: Liepard|[spread] p1a,p1b\n|-damage|p1a: Gardevoir|60/100\n|-damage|p1b: Liepard|0 fnt\n|faint|p1b: Liepard\n|cant|p1a: Gardevoir|flinch\n|\n|-sideend|p2: rubybunnies|move: Tailwind\n|upkeep\n|\n|t:|1776733361\n|switch|p1b: Talonflame|Talonflame, L50, F|1/100\n|turn|5\n|-message|shefjig forfeited.\n|\n|win|rubybunnies\n|raw|shefjig's rating: 1000 &rarr; <strong>1000</strong><br />(+0 for losing)\n|raw|rubybunnies's rating: 1085 &rarr; <strong>1106</strong><br />(+21 for winning)\n|l|\u2606shefjig\n|player|p1|\n|c|\u2606rubybunnies|ggs\n",
  "uploadtime": 1776733400,
  "views": 4,
  "formatid": "gen9championsvgc2026regma",
  "rating": 1000,
  "private": 0,
  "password": null
}