{
  "id": "gen9championsvgc2026regma-2584372793",
  "format": "[Gen 9 Champions] VGC 2026 Reg M-A",
  "players": [
    "PolitoedReal",
    "astenar"
  ],
  "log": "|j|\u2606PolitoedReal\n|j|\u2606astenar\n|t:|1776255867\n|gametype|doubles\n|player|p1|PolitoedReal|169|1233\n|player|p2|astenar|266|1243\n|gen|9\n|tier|[Gen 9 Champions] VGC 2026 Reg M-A\n|rated|\n|rule|Species Clause: Limit one of each Pok\u00e9mon\n|rule|Item Clause: Limit 1 of each item\n|clearpoke\n|poke|p1|Pelipper, L50, F|\n|poke|p1|Archaludon, L50, F|\n|poke|p1|Dragonite, L50, M|\n|poke|p1|Basculegion, L50, M|\n|poke|p1|Incineroar, L50, M|\n|poke|p1|Sneasler, L50, F|\n|poke|p2|Zoroark-Hisui, L50, M|\n|poke|p2|Excadrill, L50, F|\n|poke|p2|Tyranitar, L50, M|\n|poke|p2|Hatterene, L50, F|\n|poke|p2|Kingambit, L50, M|\n|poke|p2|Ampharos, L50, M|\n|teampreview|4\n|inactive|Battle timer is ON: inactive players will automatically lose when time's up. (requested by PolitoedReal)\nastenar has agreed to open team sheets.\n|inactive|astenar has 60 seconds left.\n|\n|t:|1776255899\n|teamsize|p1|4\n|teamsize|p2|4\n|start\n|switch|p1a: Incineroar|Incineroar, L50, M|100/100\n|switch|p1b: Basculegion|Basculegion, L50, M|100/100\n|switch|p2a: Tyranitar|Tyranitar, L50, M|100/100\n|switch|p2b: Kingambit|Kingambit, L50, M|100/100\n|-ability|p1a: Incineroar|Intimidate|boost\n|-unboost|p2a: Tyranitar|atk|1\n|-unboost|p2b: Kingambit|atk|1\n|-weather|Sandstorm|[from] ability: Sand Stream|[of] p2a: Tyranitar\n|turn|1\n|inactive|PolitoedReal has 30 seconds left.\n|\n|t:|1776255929\n|move|p2a: Tyranitar|Protect|p2a: Tyranitar\n|-singleturn|p2a: Tyranitar|Protect\n|move|p1a: Incineroar|Fake Out|p2b: Kingambit\n|-immune|p2b: Kingambit\n|move|p2b: Kingambit|Foul Play|p1b: Basculegion\n|-supereffective|p1b: Basculegion|1\n|-damage|p1b: Basculegion|10/100\n|move|p1b: Basculegion|Wave Crash|p2a: Tyranitar\n|-activate|p2a: Tyranitar|move: Protect\n|\n|-weather|Sandstorm|[upkeep]\n|-damage|p2b: Kingambit|94/100|[from] Sandstorm\n|-damage|p1b: Basculegion|4/100|[from] Sandstorm\n|-damage|p1a: Incineroar|95/100|[from] Sandstorm\n|upkeep\n|turn|2\n|inactive|astenar has 30 seconds left.\n|\n|t:|1776255963\n|switch|p1a: Pelipper|Pelipper, L50, F|100/100\n|-weather|RainDance|[from] ability: Drizzle|[of] p1a: Pelipper\n|move|p1b: Basculegion|Wave Crash|p2a: Tyranitar\n|-supereffective|p2a: Tyranitar|1\n|-enditem|p2a: Tyranitar|Focus Sash\n|-damage|p2a: Tyranitar|1/100\n|-damage|p1b: Basculegion|0 fnt|[from] Recoil\n|faint|p1b: Basculegion\n|move|p2b: Kingambit|Foul Play|p1a: Pelipper\n|-damage|p1a: Pelipper|86/100\n|move|p2a: Tyranitar|Rock Slide|p1a: Pelipper\n|-supereffective|p1a: Pelipper|1\n|-damage|p1a: Pelipper|17/100\n|\n|-weather|RainDance|[upkeep]\n|upkeep\n|\n|t:|1776255975\n|switch|p1b: Incineroar|Incineroar, L50, M|95/100\n|-ability|p1b: Incineroar|Intimidate|boost\n|-unboost|p2a: Tyranitar|atk|1\n|-unboost|p2b: Kingambit|atk|1\n|turn|3\n|\n|t:|1776255989\n|switch|p2a: Kingambit|Kingambit, L50, M|100/100\n|move|p1b: Incineroar|Fake Out|p2a: Kingambit\n|-resisted|p2a: Kingambit|1\n|-damage|p2a: Kingambit|97/100\n|move|p2b: Kingambit|Foul Play|p1a: Pelipper\n|-damage|p1a: Pelipper|3/100\n|move|p1a: Pelipper|Tailwind|p1a: Pelipper\n|-sidestart|p1: PolitoedReal|move: Tailwind\n|\n|-weather|RainDance|[upkeep]\n|upkeep\n|turn|4\n|\n|t:|1776256007\n|switch|p2b: Tyranitar|Tyranitar, L50, M|1/100\n|-weather|Sandstorm|[from] ability: Sand Stream|[of] p2b: Tyranitar\n|move|p2a: Kingambit|Sucker Punch|p1a: Pelipper\n|-damage|p1a: Pelipper|0 fnt\n|faint|p1a: Pelipper\n|move|p1b: Incineroar|Darkest Lariat|p2b: Tyranitar\n|-resisted|p2b: Tyranitar|1\n|-damage|p2b: Tyranitar|0 fnt\n|faint|p2b: Tyranitar\n|\n|-weather|Sandstorm|[upkeep]\n|-damage|p1b: Incineroar|89/100|[from] Sandstorm\n|upkeep\n|\n|t:|1776256020\n|switch|p1a: Sneasler|Sneasler, L50, F|100/100\n|switch|p2b: Excadrill|Excadrill, L50, F|100/100\n|turn|5\n|\n|t:|1776256034\n|move|p2b: Excadrill|Protect|p2b: Excadrill\n|-singleturn|p2b: Excadrill|Protect\n|move|p2a: Kingambit|Protect|p2a: Kingambit\n|-singleturn|p2a: Kingambit|Protect\n|move|p1a: Sneasler|Close Combat|p2a: Kingambit\n|-activate|p2a: Kingambit|move: Protect\n|move|p1b: Incineroar|Darkest Lariat|p2b: Excadrill\n|-activate|p2b: Excadrill|move: Protect\n|\n|-weather|Sandstorm|[upkeep]\n|-damage|p1a: Sneasler|95/100|[from] Sandstorm\n|-damage|p1b: Incineroar|83/100|[from] Sandstorm\n|upkeep\n|turn|6\n|inactive|astenar has 30 seconds left.\n|\n|t:|1776256059\n|switch|p2a: Kingambit|Kingambit, L50, M|94/100\n|move|p1a: Sneasler|Close Combat|p2a: Kingambit\n|-immune|p2a: Kingambit\n|move|p2b: Excadrill|High Horsepower|p1a: Sneasler\n|-supereffective|p1a: Sneasler|1\n|-damage|p1a: Sneasler|0 fnt\n|faint|p1a: Sneasler\n|move|p1b: Incineroar|Flare Blitz|p2b: Excadrill\n|-supereffective|p2b: Excadrill|1\n|-damage|p2b: Excadrill|0 fnt\n|faint|p2b: Excadrill\n|-damage|p1b: Incineroar|48/100|[from] Recoil\n|\n|-weather|Sandstorm|[upkeep]\n|-damage|p2a: Kingambit|88/100|[from] Sandstorm\n|-damage|p1b: Incineroar|42/100|[from] Sandstorm\n|-sideend|p1: PolitoedReal|move: Tailwind\n|upkeep\n|\n|t:|1776256074\n|switch|p2b: Kingambit|Kingambit, L50, M|97/100\n|turn|7\n|-message|PolitoedReal forfeited.\n|\n|win|astenar\n|raw|PolitoedReal's rating: 1233 &rarr; <strong>1209</strong><br />(-24 for losing)\n|raw|astenar's rating: 1243 &rarr; <strong>1267</strong><br />(+24 for winning)\n|l|\u2606PolitoedReal\n|player|p1|\n",
  "uploadtime": 1776256082,
  "views": 41,
  "formatid": "gen9championsvgc2026regma",
  "rating": 1209,
  "private": 0,
  "password": null
}