{
  "id": "gen9championsvgc2026regma-2584077485",
  "format": "[Gen 9 Champions] VGC 2026 Reg M-A",
  "players": [
    "PokeRari",
    "bosxg"
  ],
  "log": "|j|\u2606PokeRari\n|j|\u2606bosxg\n|t:|1776222830\n|gametype|doubles\n|player|p1|PokeRari|169|1163\n|player|p2|bosxg|wallace|1076\n|gen|9\n|tier|[Gen 9 Champions] VGC 2026 Reg M-A\n|rated|\n|rule|Species Clause: Limit one of each Pok\u00e9mon\n|rule|Item Clause: Limit 1 of each item\n|clearpoke\n|poke|p1|Politoed, L50, F|\n|poke|p1|Heliolisk, L50, M|\n|poke|p1|Meganium, L50, M|\n|poke|p1|Gallade, L50, M|\n|poke|p1|Kingambit, L50, M|\n|poke|p1|Vivillon, L50, M|\n|poke|p2|Orthworm, L50, F|\n|poke|p2|Garchomp, L50, F|\n|poke|p2|Kingambit, L50, M|\n|poke|p2|Armarouge, L50, F|\n|poke|p2|Banette, L50, F|\n|poke|p2|Froslass, L50, F|\n|teampreview|4\n|inactive|Battle timer is ON: inactive players will automatically lose when time's up. (requested by bosxg)\n|inactive|PokeRari has 60 seconds left.\n|\n|t:|1776222865\n|teamsize|p1|4\n|teamsize|p2|4\n|start\n|switch|p1a: Politoed|Politoed, L50, F|100/100\n|switch|p1b: Heliolisk|Heliolisk, L50, M|100/100\n|switch|p2a: Armarouge|Armarouge, L50, F, shiny|100/100\n|switch|p2b: Kingambit|Kingambit, L50, M|100/100\n|-weather|RainDance|[from] ability: Drizzle|[of] p1a: Politoed\n|turn|1\n|\n|t:|1776222883\n|move|p2a: Armarouge|Helping Hand|p2b: Kingambit\n|-singleturn|p2b: Kingambit|Helping Hand|[of] p2a: Armarouge\n|move|p1b: Heliolisk|Shed Tail|p1b: Heliolisk\n|-start|p1b: Heliolisk|Substitute|[from] move: Shed Tail\n|-damage|p1b: Heliolisk|50/100\n|\n|t:|1776222890\n|switch|p1b: Meganium|Meganium, L50, M|100/100|[from] Shed Tail\n|move|p1a: Politoed|Weather Ball|p2a: Armarouge\n|-supereffective|p2a: Armarouge|1\n|-damage|p2a: Armarouge|0 fnt\n|faint|p2a: Armarouge\n|move|p2b: Kingambit|Kowtow Cleave|p1b: Meganium\n|-end|p1b: Meganium|Substitute\n|\n|-weather|RainDance|[upkeep]\n|upkeep\n|\n|t:|1776222908\n|switch|p2a: Banette|Banette, L50, F|100/100\n|turn|2\n|\n|t:|1776222931\n|detailschange|p1b: Meganium|Meganium-Mega, L50, M\n|-mega|p1b: Meganium|Meganium|Meganiumite\n|detailschange|p2a: Banette|Banette-Mega, L50, F\n|-mega|p2a: Banette|Banette|Banettite\n|move|p2b: Kingambit|Protect|p2b: Kingambit\n|-singleturn|p2b: Kingambit|Protect\n|move|p2a: Banette|Shadow Sneak|p1b: Meganium\n|-damage|p1b: Meganium|78/100\n|move|p1b: Meganium|Weather Ball|p2b: Kingambit\n|-activate|p2b: Kingambit|move: Protect\n|move|p1a: Politoed|Icy Wind|p2b: Kingambit|[spread] p2a\n|-activate|p2b: Kingambit|move: Protect\n|-damage|p2a: Banette|93/100\n|-unboost|p2a: Banette|spe|1\n|\n|-weather|RainDance|[upkeep]\n|upkeep\n|turn|3\n|inactive|PokeRari has 30 seconds left.\n|\n|t:|1776222956\n|move|p2a: Banette|Disable|p1b: Meganium\n|-start|p1b: Meganium|Disable|Weather Ball\n|cant|p1b: Meganium|Disable|Weather Ball\n|move|p1a: Politoed|Weather Ball|p2a: Banette\n|-damage|p2a: Banette|39/100\n|move|p2b: Kingambit|Iron Head|p1b: Meganium\n|-supereffective|p1b: Meganium|1\n|-crit|p1b: Meganium\n|-damage|p1b: Meganium|0 fnt\n|faint|p1b: Meganium\n|\n|-weather|RainDance|[upkeep]\n|upkeep\n|\n|t:|1776222971\n|switch|p1b: Kingambit|Kingambit, L50, M|100/100\n|turn|4\n|\n|t:|1776222979\n|move|p2b: Kingambit|Protect|p2b: Kingambit\n|-singleturn|p2b: Kingambit|Protect\n|move|p2a: Banette|Destiny Bond|p2a: Banette\n|-singlemove|p2a: Banette|Destiny Bond\n|move|p1a: Politoed|Weather Ball|p2b: Kingambit\n|-activate|p2b: Kingambit|move: Protect\n|move|p1b: Kingambit|Kowtow Cleave|p2a: Banette\n|-supereffective|p2a: Banette|1\n|-damage|p2a: Banette|0 fnt\n|faint|p2a: Banette\n|-activate|p2a: Banette|move: Destiny Bond\n|faint|p1b: Kingambit\n|\n|-weather|RainDance|[upkeep]\n|upkeep\n|c|\u2606bosxg|unlucky\n|\n|t:|1776222995\n|switch|p2a: Garchomp|Garchomp, L50, F|100/100\n|switch|p1b: Heliolisk|Heliolisk, L50, M|50/100\n|turn|5\n|\n|t:|1776223008\n|move|p2a: Garchomp|Protect|p2a: Garchomp\n|-singleturn|p2a: Garchomp|Protect\n|move|p1b: Heliolisk|Weather Ball|p2a: Garchomp\n|-activate|p2a: Garchomp|move: Protect\n|move|p1a: Politoed|Icy Wind|p2b: Kingambit|[spread] p2b\n|-activate|p2a: Garchomp|move: Protect\n|-resisted|p2b: Kingambit|1\n|-crit|p2b: Kingambit\n|-damage|p2b: Kingambit|93/100\n|-unboost|p2b: Kingambit|spe|1\n|-ability|p2b: Kingambit|Defiant|boost\n|-boost|p2b: Kingambit|atk|2\n|move|p2b: Kingambit|Kowtow Cleave|p1b: Heliolisk\n|-damage|p1b: Heliolisk|0 fnt\n|faint|p1b: Heliolisk\n|\n|-weather|none\n|upkeep\n|turn|6\n|-message|PokeRari forfeited.\n|\n|win|bosxg\n|raw|PokeRari's rating: 1163 &rarr; <strong>1132</strong><br />(-31 for losing)\n|raw|bosxg's rating: 1076 &rarr; <strong>1112</strong><br />(+36 for winning)\n|l|\u2606PokeRari\n|player|p1|\n",
  "uploadtime": 1776223027,
  "views": 18,
  "formatid": "gen9championsvgc2026regma",
  "rating": 1112,
  "private": 0,
  "password": null
}