{
  "id": "gen9championsvgc2026regma-2582441434",
  "format": "[Gen 9 Champions] VGC 2026 Reg M-A",
  "players": [
    "XFGNHF",
    "sjysjysjy6"
  ],
  "log": "|j|\u203dXFGNHF\n|j|\u2606sjysjysjy6\n|t:|1776091902\n|gametype|doubles\n|player|p1|XFGNHF|170|1254\n|player|p2|sjysjysjy6|265|1350\n|gen|9\n|tier|[Gen 9 Champions] VGC 2026 Reg M-A\n|rated|\n|rule|Species Clause: Limit one of each Pok\u00e9mon\n|rule|Item Clause: Limit 1 of each item\n|clearpoke\n|poke|p1|Gengar, L50, F|\n|poke|p1|Whimsicott, L50, F|\n|poke|p1|Palafin, L50, F|\n|poke|p1|Politoed, L50, M|\n|poke|p1|Incineroar, L50, F|\n|poke|p1|Kommo-o, L50, M|\n|poke|p2|Gengar, L50, M|\n|poke|p2|Garchomp, L50, M|\n|poke|p2|Whimsicott, L50, M|\n|poke|p2|Kingambit, L50, F|\n|poke|p2|Rotom-Wash, L50|\n|poke|p2|Delphox, L50, F|\n|teampreview|4\n|inactive|Battle timer is ON: inactive players will automatically lose when time's up. (requested by sjysjysjy6)\n|inactive|XFGNHF has 60 seconds left.\n|\n|t:|1776091990\n|teamsize|p1|4\n|teamsize|p2|4\n|start\n|switch|p1a: Gengar|Gengar, L50, F|100/100\n|switch|p1b: Whimsicott|Whimsicott, L50, F|100/100\n|switch|p2a: Whimsicott|Whimsicott, L50, M|100/100\n|switch|p2b: Delphox|Delphox, L50, F|100/100\n|turn|1\n|\n|t:|1776092014\n|detailschange|p2b: Delphox|Delphox-Mega, L50, F\n|-mega|p2b: Delphox|Delphox|Delphoxite\n|detailschange|p1a: Gengar|Gengar-Mega, L50, F\n|-mega|p1a: Gengar|Gengar|Gengarite\n|move|p2a: Whimsicott|Tailwind|p2a: Whimsicott\n|-sidestart|p2: sjysjysjy6|move: Tailwind\n|move|p1b: Whimsicott|Encore|p2a: Whimsicott\n|-start|p2a: Whimsicott|Encore\n|move|p2b: Delphox|Heat Wave|p1b: Whimsicott|[spread] p1a,p1b\n|-supereffective|p1b: Whimsicott|1\n|-damage|p1a: Gengar|54/100\n|-damage|p1b: Whimsicott|17/100\n|-status|p1b: Whimsicott|brn\n|move|p1a: Gengar|Shadow Ball|p2b: Delphox\n|-supereffective|p2b: Delphox|1\n|-damage|p2b: Delphox|16/100\n|-unboost|p2b: Delphox|spd|1\n|\n|-damage|p1b: Whimsicott|11/100 brn|[from] brn\n|upkeep\n|turn|2\n|inactive|sjysjysjy6 has 30 seconds left.\n|\n|t:|1776092040\n|move|p1b: Whimsicott|Protect|p1b: Whimsicott\n|-singleturn|p1b: Whimsicott|Protect\n|move|p2a: Whimsicott|Tailwind||[still]\n|-fail|p2a: Whimsicott\n|move|p2b: Delphox|Psychic|p1a: Gengar\n|-supereffective|p1a: Gengar|1\n|-damage|p1a: Gengar|0 fnt\n|faint|p1a: Gengar\n|\n|-damage|p1b: Whimsicott|5/100 brn|[from] brn\n|upkeep\n|\n|t:|1776092051\n|switch|p1a: Kommo-o|Kommo-o, L50, M|100/100\n|turn|3\n|\n|t:|1776092065\n|switch|p2a: Rotom|Rotom-Wash, L50|100/100\n|move|p2b: Delphox|Protect|p2b: Delphox\n|-singleturn|p2b: Delphox|Protect\n|move|p1a: Kommo-o|Protect|p1a: Kommo-o\n|-singleturn|p1a: Kommo-o|Protect\n|move|p1b: Whimsicott|Moonblast|p2b: Delphox\n|-activate|p2b: Delphox|move: Protect\n|\n|-damage|p1b: Whimsicott|0 fnt|[from] brn\n|faint|p1b: Whimsicott\n|upkeep\n|\n|t:|1776092076\n|switch|p1b: Politoed|Politoed, L50, M|100/100\n|-weather|RainDance|[from] ability: Drizzle|[of] p1b: Politoed\n|turn|4\n|\n|t:|1776092091\n|move|p2b: Delphox|Encore|p1a: Kommo-o\n|-start|p1a: Kommo-o|Encore\n|move|p1a: Kommo-o|Protect|p1a: Kommo-o\n|-singleturn|p1a: Kommo-o|Protect\n|move|p2a: Rotom|Thunderbolt|p1b: Politoed\n|-supereffective|p1b: Politoed|1\n|-damage|p1b: Politoed|39/100\n|move|p1b: Politoed|Perish Song|p1b: Politoed\n|-start|p1a: Kommo-o|perish3|[silent]\n|-start|p1b: Politoed|perish3|[silent]\n|-start|p2a: Rotom|perish3|[silent]\n|-start|p2b: Delphox|perish3|[silent]\n|-fieldactivate|move: Perish Song\n|\n|-weather|RainDance|[upkeep]\n|-heal|p1b: Politoed|45/100|[from] item: Leftovers\n|-start|p2b: Delphox|perish3\n|-start|p2a: Rotom|perish3\n|-start|p1a: Kommo-o|perish3\n|-start|p1b: Politoed|perish3\n|-sideend|p2: sjysjysjy6|move: Tailwind\n|upkeep\n|turn|5\n|-message|XFGNHF forfeited.\n|\n|win|sjysjysjy6\n|raw|XFGNHF's rating: 1254 &rarr; <strong>1236</strong><br />(-18 for losing)\n|raw|sjysjysjy6's rating: 1350 &rarr; <strong>1365</strong><br />(+15 for winning)\n|l|\u203dXFGNHF\n|player|p1|\n",
  "uploadtime": 1776092160,
  "views": 22,
  "formatid": "gen9championsvgc2026regma",
  "rating": 1236,
  "private": 0,
  "password": null
}