{
  "id": "gen9championsvgc2026regma-2582989111",
  "format": "[Gen 9 Champions] VGC 2026 Reg M-A",
  "players": [
    "loklastaji",
    "Suspenceful"
  ],
  "log": "|j|\u2606loklastaji\n|j|\u2606Suspenceful\n|t:|1776131185\n|gametype|doubles\n|player|p1|loklastaji|102|1304\n|player|p2|Suspenceful|steven|1224\n|gen|9\n|tier|[Gen 9 Champions] VGC 2026 Reg M-A\n|rated|\n|rule|Species Clause: Limit one of each Pok\u00e9mon\n|rule|Item Clause: Limit 1 of each item\n|clearpoke\n|poke|p1|Samurott-Hisui, L50, F|\n|poke|p1|Mamoswine, L50, F|\n|poke|p1|Delphox, L50, M|\n|poke|p1|Tsareena, L50, F|\n|poke|p1|Corviknight, L50, M|\n|poke|p1|Floette-Eternal, L50, F|\n|poke|p2|Aerodactyl, L50, F|\n|poke|p2|Garchomp, L50, M|\n|poke|p2|Incineroar, L50, F|\n|poke|p2|Clefable, L50, M|\n|poke|p2|Sinistcha, L50|\n|poke|p2|Empoleon, L50, F|\n|teampreview|4\n|inactive|Battle timer is ON: inactive players will automatically lose when time's up. (requested by Suspenceful)\n|inactive|Suspenceful has 60 seconds left.\n|\n|t:|1776131231\n|teamsize|p1|4\n|teamsize|p2|4\n|start\n|switch|p1a: Mamoswine|Mamoswine, L50, F|100/100\n|switch|p1b: Samurott|Samurott-Hisui, L50, F|100/100\n|switch|p2a: Incineroar|Incineroar, L50, F|100/100\n|switch|p2b: Aerodactyl|Aerodactyl, L50, F|100/100\n|-ability|p2b: Aerodactyl|Unnerve\n|-ability|p2a: Incineroar|Intimidate|boost\n|-fail|p1a: Mamoswine|unboost|Attack|[from] ability: Oblivious|[of] p1a: Mamoswine\n|-unboost|p1b: Samurott|atk|1\n|-enditem|p1b: Samurott|White Herb\n|-clearnegativeboost|p1b: Samurott|[silent]\n|turn|1\n|inactive|loklastaji has 30 seconds left.\n|inactive|Suspenceful has 30 seconds left.\n|inactive|Suspenceful has 20 seconds left.\n|inactive|Suspenceful has 15 seconds left.\n|\n|t:|1776131276\n|switch|p1b: Tsareena|Tsareena, L50, F|100/100\n|move|p2a: Incineroar|Fake Out||[still]\n|cant|p1b: Tsareena|ability: Queenly Majesty|Fake Out|[of] p2a: Incineroar\n|move|p1a: Mamoswine|Hard Press|p2b: Aerodactyl\n|-supereffective|p2b: Aerodactyl|1\n|-enditem|p2b: Aerodactyl|Focus Sash\n|-damage|p2b: Aerodactyl|1/100\n|move|p2b: Aerodactyl|Rock Slide|p1b: Tsareena|[spread] p1a,p1b\n|-damage|p1a: Mamoswine|73/100\n|-damage|p1b: Tsareena|68/100\n|\n|upkeep\n|turn|2\n|inactive|loklastaji has 30 seconds left.\n|inactive|Suspenceful has 30 seconds left.\n|inactive|Suspenceful has 20 seconds left.\n|\n|t:|1776131315\n|switch|p2b: Sinistcha|Sinistcha, L50|100/100\n|move|p1a: Mamoswine|Hard Press|p2b: Sinistcha\n|-damage|p2b: Sinistcha|75/100\n|move|p1b: Tsareena|High Jump Kick|p2a: Incineroar\n|-supereffective|p2a: Incineroar|1\n|-damage|p2a: Incineroar|3/100\n|-enditem|p2a: Incineroar|Sitrus Berry|[eat]\n|-heal|p2a: Incineroar|28/100|[from] item: Sitrus Berry\n|move|p2a: Incineroar|Parting Shot|p1a: Mamoswine\n|-unboost|p1a: Mamoswine|atk|1\n|-unboost|p1a: Mamoswine|spa|1\n|\n|t:|1776131331\n|switch|p2a: Empoleon|Empoleon, L50, F|100/100|[from] Parting Shot\n|\n|upkeep\n|turn|3\n|\n|t:|1776131342\n|switch|p1a: Corviknight|Corviknight, L50, M|100/100\n|move|p2a: Empoleon|Protect|p2a: Empoleon\n|-singleturn|p2a: Empoleon|Protect\n|move|p1b: Tsareena|High Jump Kick|p2a: Empoleon\n|-activate|p2a: Empoleon|move: Protect\n|-damage|p1b: Tsareena|18/100|[from] highjumpkick\n|move|p2b: Sinistcha|Trick Room|p2b: Sinistcha\n|-fieldstart|move: Trick Room|[of] p2b: Sinistcha\n|\n|upkeep\n|turn|4\n|inactive|loklastaji has 30 seconds left.\n|\n|t:|1776131367\n|move|p2b: Sinistcha|Protect|p2b: Sinistcha\n|-singleturn|p2b: Sinistcha|Protect\n|move|p1b: Tsareena|Protect|p1b: Tsareena\n|-singleturn|p1b: Tsareena|Protect\n|move|p2a: Empoleon|Ice Beam|p1b: Tsareena\n|-activate|p1b: Tsareena|move: Protect\n|move|p1a: Corviknight|Brave Bird|p2b: Sinistcha\n|-activate|p2b: Sinistcha|move: Protect\n|\n|upkeep\n|turn|5\n|\n|t:|1776131392\n|switch|p2b: Incineroar|Incineroar, L50, F|28/100\n|-ability|p2b: Incineroar|Intimidate|boost\n|-ability|p1a: Corviknight|Mirror Armor\n|-unboost|p2b: Incineroar|atk|1\n|-unboost|p1b: Tsareena|atk|1\n|switch|p1b: Samurott|Samurott-Hisui, L50, F|100/100\n|move|p2a: Empoleon|Ice Beam|p1b: Samurott\n|-resisted|p1b: Samurott|1\n|-damage|p1b: Samurott|78/100\n|move|p1a: Corviknight|Brave Bird|p2b: Incineroar\n|-damage|p2b: Incineroar|0 fnt\n|faint|p2b: Incineroar\n|-damage|p1a: Corviknight|90/100|[from] Recoil\n|\n|-heal|p1a: Corviknight|96/100|[from] item: Leftovers\n|upkeep\n|\n|t:|1776131403\n|switch|p2b: Sinistcha|Sinistcha, L50|75/100\n|turn|6\n|inactive|loklastaji has 30 seconds left.\n|\n|t:|1776131433\n|move|p1b: Samurott|Sucker Punch|p2b: Sinistcha\n|-supereffective|p2b: Sinistcha|1\n|-crit|p2b: Sinistcha\n|-damage|p2b: Sinistcha|0 fnt\n|faint|p2b: Sinistcha\n|move|p2a: Empoleon|Hydro Pump|p1a: Corviknight\n|-damage|p1a: Corviknight|35/100\n|move|p1a: Corviknight|Brave Bird|p2a: Empoleon\n|-resisted|p2a: Empoleon|1\n|-damage|p2a: Empoleon|72/100\n|-damage|p1a: Corviknight|26/100|[from] Recoil\n|\n|-heal|p1a: Corviknight|32/100|[from] item: Leftovers\n|upkeep\n|\n|t:|1776131455\n|switch|p2b: Aerodactyl|Aerodactyl, L50, F|1/100\n|-ability|p2b: Aerodactyl|Unnerve\n|turn|7\n|inactive|loklastaji has 30 seconds left.\n|\n|t:|1776131483\n|move|p2a: Empoleon|Ice Beam|p1a: Corviknight\n|-damage|p1a: Corviknight|0 fnt\n|faint|p1a: Corviknight\n|move|p1b: Samurott|Sacred Sword|p2a: Empoleon\n|-supereffective|p2a: Empoleon|1\n|-damage|p2a: Empoleon|0 fnt\n|faint|p2a: Empoleon\n|move|p2b: Aerodactyl|Tailwind|p2b: Aerodactyl\n|-sidestart|p2: Suspenceful|move: Tailwind\n|\n|-fieldend|move: Trick Room\n|upkeep\n|-message|Suspenceful forfeited.\n|\n|win|loklastaji\n|raw|loklastaji's rating: 1304 &rarr; <strong>1319</strong><br />(+15 for winning)\n|raw|Suspenceful's rating: 1224 &rarr; <strong>1205</strong><br />(-19 for losing)\n|l|\u2606Suspenceful\n|player|p2|\n",
  "uploadtime": 1776131496,
  "views": 25,
  "formatid": "gen9championsvgc2026regma",
  "rating": 1205,
  "private": 0,
  "password": null
}