{
  "id": "gen9championsvgc2026regma-2585069978",
  "format": "[Gen 9 Champions] VGC 2026 Reg M-A",
  "players": [
    "Mr. ScaldBurn",
    "rorbert"
  ],
  "log": "|j|\u2606Mr. ScaldBurn\n|j|\u2606rorbert\n|t:|1776308662\n|gametype|doubles\n|player|p1|Mr. ScaldBurn|skyla|1221\n|player|p2|rorbert|grimsley|1142\n|gen|9\n|tier|[Gen 9 Champions] VGC 2026 Reg M-A\n|rated|\n|rule|Species Clause: Limit one of each Pok\u00e9mon\n|rule|Item Clause: Limit 1 of each item\n|clearpoke\n|poke|p1|Floette-Eternal, L50, F|\n|poke|p1|Maushold-Four, L50|\n|poke|p1|Sinistcha, L50|\n|poke|p1|Volcarona, L50, F|\n|poke|p1|Basculegion, L50, M|\n|poke|p1|Drampa, L50, F|\n|poke|p2|Aerodactyl, L50, F|\n|poke|p2|Basculegion, L50, M|\n|poke|p2|Sneasler, L50, F|\n|poke|p2|Floette-Eternal, L50, F|\n|poke|p2|Maushold, L50|\n|poke|p2|Kingambit, L50, F|\n|teampreview|4\n|inactive|Battle timer is ON: inactive players will automatically lose when time's up. (requested by Mr. ScaldBurn)\n|inactive|Mr. ScaldBurn has 60 seconds left.\n|inactive|rorbert has 60 seconds left.\n|inactive|Mr. ScaldBurn has 30 seconds left.\n|inactive|rorbert has 30 seconds left.\n|inactive|rorbert has 20 seconds left.\n|\n|t:|1776308736\n|teamsize|p1|4\n|teamsize|p2|4\n|start\n|switch|p1a: Basculegion|Basculegion, L50, M|100/100\n|switch|p1b: Maushold|Maushold-Four, L50|100/100\n|switch|p2a: Sneasler|Sneasler, L50, F|100/100\n|switch|p2b: Aerodactyl|Aerodactyl, L50, F|100/100\n|-ability|p2b: Aerodactyl|Unnerve\n|turn|1\n|inactive|Mr. ScaldBurn has 30 seconds left.\n|inactive|rorbert has 30 seconds left.\n|inactive|rorbert has 20 seconds left.\n|inactive|Mr. ScaldBurn has 20 seconds left.\n|inactive|Mr. ScaldBurn has 15 seconds left.\n|\n|t:|1776308783\n|move|p1b: Maushold|Protect|p1b: Maushold\n|-singleturn|p1b: Maushold|Protect\n|move|p2a: Sneasler|Fake Out|p1b: Maushold\n|-activate|p1b: Maushold|move: Protect\n|move|p1a: Basculegion|Flip Turn|p2a: Sneasler\n|-damage|p2a: Sneasler|33/100\n|\n|t:|1776308785\n|switch|p1a: Sinistcha|Sinistcha, L50|100/100|[from] Flip Turn\n|move|p2b: Aerodactyl|Tailwind|p2b: Aerodactyl\n|-sidestart|p2: rorbert|move: Tailwind\n|\n|upkeep\n|turn|2\n|inactive|Mr. ScaldBurn has 30 seconds left.\n|inactive|rorbert has 30 seconds left.\n|inactive|rorbert has 20 seconds left.\n|inactive|rorbert has 15 seconds left.\n|inactive|rorbert has 10 seconds left.\n|\n|t:|1776308833\n|move|p2b: Aerodactyl|Dual Wingbeat|p1a: Sinistcha\n|-supereffective|p1a: Sinistcha|1\n|-damage|p1a: Sinistcha|85/100\n|-supereffective|p1a: Sinistcha|1\n|-damage|p1a: Sinistcha|67/100\n|-hitcount|p1a: Sinistcha|2\n|move|p2a: Sneasler|Dire Claw|p1a: Sinistcha\n|-damage|p1a: Sinistcha|42/100\n|move|p1b: Maushold|Super Fang|p2b: Aerodactyl\n|-damage|p2b: Aerodactyl|51/100\n|move|p1a: Sinistcha|Trick Room|p1a: Sinistcha\n|-fieldstart|move: Trick Room|[of] p1a: Sinistcha\n|\n|upkeep\n|turn|3\n|inactive|Mr. ScaldBurn has 30 seconds left.\n|inactive|rorbert has 30 seconds left.\n|inactive|Mr. ScaldBurn has 20 seconds left.\n|\n|t:|1776308871\n|switch|p1b: Floette|Floette-Eternal, L50, F|100/100\n|move|p2a: Sneasler|Protect|p2a: Sneasler\n|-singleturn|p2a: Sneasler|Protect\n|move|p2b: Aerodactyl|Protect|p2b: Aerodactyl\n|-singleturn|p2b: Aerodactyl|Protect\n|move|p1a: Sinistcha|Matcha Gotcha|p2b: Aerodactyl|[spread] \n|-activate|p2a: Sneasler|move: Protect\n|-activate|p2b: Aerodactyl|move: Protect\n|\n|upkeep\n|turn|4\n|inactive|rorbert has 30 seconds left.\n|inactive|rorbert has 20 seconds left.\n|inactive|rorbert has 15 seconds left.\n|inactive|rorbert has 10 seconds left.\n|\n|t:|1776308917\n|switch|p2a: Kingambit|Kingambit, L50, F|100/100\n|switch|p2b: Floette|Floette-Eternal, L50, F|100/100\n|-enditem|p1a: Sinistcha|Sitrus Berry|[eat]\n|-heal|p1a: Sinistcha|67/100|[from] item: Sitrus Berry\n|detailschange|p1b: Floette|Floette-Mega, L50, F\n|-mega|p1b: Floette|Floette|Floettite\n|-ability|p1b: Floette|Fairy Aura\n|move|p1b: Floette|Dazzling Gleam|p2b: Floette|[spread] p2a,p2b\n|-damage|p2a: Kingambit|57/100\n|-damage|p2b: Floette|57/100\n|move|p1a: Sinistcha|Trick Room|p1a: Sinistcha\n|-fieldend|move: Trick Room\n|\n|-sideend|p2: rorbert|move: Tailwind\n|upkeep\n|turn|5\n|inactive|Mr. ScaldBurn has 30 seconds left.\n|inactive|rorbert has 30 seconds left.\n|inactive|Mr. ScaldBurn has 20 seconds left.\n|inactive|rorbert has 20 seconds left.\n|inactive|rorbert has 15 seconds left.\n|\n|t:|1776308961\n|detailschange|p2b: Floette|Floette-Mega, L50, F\n|-mega|p2b: Floette|Floette|Floettite\n|-ability|p2b: Floette|Fairy Aura\n|move|p1a: Sinistcha|Rage Powder|p1a: Sinistcha\n|-singleturn|p1a: Sinistcha|move: Rage Powder\n|move|p1b: Floette|Calm Mind|p1b: Floette\n|-boost|p1b: Floette|spa|1\n|-boost|p1b: Floette|spd|1\n|move|p2b: Floette|Calm Mind|p2b: Floette\n|-boost|p2b: Floette|spa|1\n|-boost|p2b: Floette|spd|1\n|move|p2a: Kingambit|Iron Head|p1a: Sinistcha\n|-damage|p1a: Sinistcha|30/100\n|\n|upkeep\n|turn|6\n|inactive|Mr. ScaldBurn has 30 seconds left.\n|inactive|rorbert has 30 seconds left.\n|inactive|rorbert has 20 seconds left.\n|inactive|rorbert has 15 seconds left.\n|inactive|rorbert has 10 seconds left.\n|inactive|rorbert has 5 seconds left.\n|\n|t:|1776309014\n|move|p1b: Floette|Dazzling Gleam|p2a: Kingambit|[spread] p2a,p2b\n|-damage|p2a: Kingambit|0 fnt\n|-damage|p2b: Floette|19/100\n|faint|p2a: Kingambit\n|move|p2b: Floette|Dazzling Gleam|p1b: Floette|[spread] p1a,p1b\n|-damage|p1a: Sinistcha|0 fnt\n|-damage|p1b: Floette|61/100\n|faint|p1a: Sinistcha\n|\n|upkeep\n|\n|t:|1776309024\n|switch|p1a: Basculegion|Basculegion, L50, M|100/100\n|switch|p2a: Sneasler|Sneasler, L50, F|33/100\n|turn|7\n|inactive|Mr. ScaldBurn has 30 seconds left.\n|\n|t:|1776309053\n|move|p1b: Floette|Protect|p1b: Floette\n|-singleturn|p1b: Floette|Protect\n|move|p1a: Basculegion|Flip Turn|p2b: Floette\n|-damage|p2b: Floette|0 fnt\n|faint|p2b: Floette\n|\n|t:|1776309055\n|switch|p1a: Maushold|Maushold-Four, L50|100/100|[from] Flip Turn\n|move|p2a: Sneasler|Dire Claw|p1b: Floette\n|-activate|p1b: Floette|move: Protect\n|\n|upkeep\n|\n|t:|1776309058\n|switch|p2b: Aerodactyl|Aerodactyl, L50, F|51/100\n|-ability|p2b: Aerodactyl|Unnerve\n|turn|8\n|\n|t:|1776309061\n|move|p2a: Sneasler|Protect|p2a: Sneasler\n|-singleturn|p2a: Sneasler|Protect\n|move|p1a: Maushold|Follow Me|p1a: Maushold\n|-singleturn|p1a: Maushold|move: Follow Me\n|move|p2b: Aerodactyl|Tailwind|p2b: Aerodactyl\n|-sidestart|p2: rorbert|move: Tailwind\n|move|p1b: Floette|Dazzling Gleam|p2a: Sneasler|[spread] p2b\n|-activate|p2a: Sneasler|move: Protect\n|-damage|p2b: Aerodactyl|0 fnt\n|faint|p2b: Aerodactyl\n|\n|upkeep\n|turn|9\n|c|\u2606rorbert|gg\n|-message|rorbert forfeited.\n|\n|win|Mr. ScaldBurn\n|raw|Mr. ScaldBurn's rating: 1221 &rarr; <strong>1240</strong><br />(+19 for winning)\n|raw|rorbert's rating: 1142 &rarr; <strong>1123</strong><br />(-19 for losing)\n",
  "uploadtime": 1776309081,
  "views": 60,
  "formatid": "gen9championsvgc2026regma",
  "rating": 1123,
  "private": 0,
  "password": null
}