{
  "id": "gen9championsvgc2026regma-2588623158",
  "format": "[Gen 9 Champions] VGC 2026 Reg M-A",
  "players": [
    "yaoyaoi",
    "45ghjnm"
  ],
  "log": "|j|\u2606yaoyaoi\n|j|\u260645ghjnm\n|t:|1776651115\n|gametype|doubles\n|player|p1|yaoyaoi|170|1082\n|player|p2|45ghjnm|101|1048\n|gen|9\n|tier|[Gen 9 Champions] VGC 2026 Reg M-A\n|rated|\n|rule|Species Clause: Limit one of each Pok\u00e9mon\n|rule|Item Clause: Limit 1 of each item\n|clearpoke\n|poke|p1|Gyarados, L50, F|\n|poke|p1|Incineroar, L50, F|\n|poke|p1|Garchomp, L50, F|\n|poke|p1|Clefable, L50, F|\n|poke|p1|Hydreigon, L50, F|\n|poke|p1|Floette-Eternal, L50, F|\n|poke|p2|Drampa, L50, M, shiny|\n|poke|p2|Spiritomb, L50, F|\n|poke|p2|Torkoal, L50, M|\n|poke|p2|Kingambit, L50, M|\n|poke|p2|Clawitzer, L50, F|\n|poke|p2|Dragapult, L50, M|\n|teampreview|4\n|inactive|Battle timer is ON: inactive players will automatically lose when time's up. (requested by yaoyaoi)\n|\n|t:|1776651125\n|teamsize|p1|4\n|teamsize|p2|4\n|start\n|switch|p1a: Garchomp|Garchomp, L50, F|100/100\n|switch|p1b: Hydreigon|Hydreigon, L50, F|100/100\n|switch|p2a: Drampa|Drampa, L50, M, shiny|100/100\n|switch|p2b: Spiritomb|Spiritomb, L50, F|100/100\n|-ability|p2a: Drampa|Cloud Nine\n|turn|1\n|inactive|yaoyaoi has 30 seconds left.\n|\n|t:|1776651155\n|move|p2a: Drampa|Protect|p2a: Drampa\n|-singleturn|p2a: Drampa|Protect\n|move|p1a: Garchomp|Earthquake|p2b: Spiritomb|[spread] p2b\n|-activate|p2a: Drampa|move: Protect\n|-immune|p1b: Hydreigon|[from] ability: Levitate\n|-damage|p2b: Spiritomb|67/100\n|move|p1b: Hydreigon|Dragon Pulse|p2b: Spiritomb\n|-damage|p2b: Spiritomb|25/100\n|move|p2b: Spiritomb|Trick Room|p2b: Spiritomb\n|-fieldstart|move: Trick Room|[of] p2b: Spiritomb\n|\n|upkeep\n|turn|2\n|\n|t:|1776651179\n|detailschange|p2a: Drampa|Drampa-Mega, L50, M, shiny\n|-mega|p2a: Drampa|Drampa|Drampanite\n|move|p2b: Spiritomb|Destiny Bond|p2b: Spiritomb\n|-singlemove|p2b: Spiritomb|Destiny Bond\n|move|p2a: Drampa|Dragon Pulse|p1b: Hydreigon\n|-supereffective|p1b: Hydreigon|1\n|-damage|p1b: Hydreigon|0 fnt\n|faint|p1b: Hydreigon\n|move|p1a: Garchomp|Dragon Claw|p2a: Drampa\n|-supereffective|p2a: Drampa|1\n|-damage|p2a: Drampa|24/100\n|-ability|p2a: Drampa|Berserk|boost\n|-boost|p2a: Drampa|spa|1\n|\n|upkeep\n|\n|t:|1776651193\n|switch|p1b: Clefable|Clefable, L50, F|100/100\n|turn|3\n|\n|t:|1776651201\n|move|p1b: Clefable|Follow Me|p1b: Clefable\n|-singleturn|p1b: Clefable|move: Follow Me\n|move|p2b: Spiritomb|Toxic|p1b: Clefable\n|-status|p1b: Clefable|tox\n|move|p2a: Drampa|Hyper Voice|p1a: Garchomp|[spread] p1a,p1b\n|-damage|p1a: Garchomp|29/100\n|-damage|p1b: Clefable|49/100 tox\n|move|p1a: Garchomp|Dragon Claw|p2a: Drampa\n|-supereffective|p2a: Drampa|1\n|-damage|p2a: Drampa|0 fnt\n|faint|p2a: Drampa\n|\n|-heal|p1b: Clefable|54/100 tox|[from] item: Leftovers\n|upkeep\n|\n|t:|1776651209\n|switch|p2a: Torkoal|Torkoal, L50, M|100/100\n|-weather|SunnyDay|[from] ability: Drought|[of] p2a: Torkoal\n|turn|4\n|\n|t:|1776651227\n|move|p1b: Clefable|Follow Me|p1b: Clefable\n|-singleturn|p1b: Clefable|move: Follow Me\n|move|p2a: Torkoal|Eruption|p1a: Garchomp|[spread] p1a,p1b\n|-resisted|p1a: Garchomp|1\n|-damage|p1a: Garchomp|0 fnt\n|-damage|p1b: Clefable|11/100 tox\n|faint|p1a: Garchomp\n|move|p2b: Spiritomb|Foul Play|p1b: Clefable\n|-resisted|p1b: Clefable|1\n|-damage|p1b: Clefable|0 fnt\n|faint|p1b: Clefable\n|\n|-weather|SunnyDay|[upkeep]\n|upkeep\n|\n|t:|1776651241\n|switch|p1b: Gyarados|Gyarados, L50, F|100/100\n|-ability|p1b: Gyarados|Intimidate|boost\n|-unboost|p2a: Torkoal|atk|1\n|-unboost|p2b: Spiritomb|atk|1\n|turn|5\n|\n|t:|1776651252\n|detailschange|p1b: Gyarados|Gyarados-Mega, L50, F\n|-mega|p1b: Gyarados|Gyarados|Gyaradosite\n|-ability|p1b: Gyarados|Mold Breaker\n|move|p1b: Gyarados|Protect|p1b: Gyarados\n|-singleturn|p1b: Gyarados|Protect\n|move|p2a: Torkoal|Eruption|p1b: Gyarados\n|-activate|p1b: Gyarados|move: Protect\n|move|p2b: Spiritomb|Destiny Bond|p2b: Spiritomb\n|-singlemove|p2b: Spiritomb|Destiny Bond\n|\n|-weather|SunnyDay|[upkeep]\n|-fieldend|move: Trick Room\n|upkeep\n|turn|6\n|\n|t:|1776651267\n|move|p2a: Torkoal|Protect|p2a: Torkoal\n|-singleturn|p2a: Torkoal|Protect\n|move|p1b: Gyarados|Waterfall|p2b: Spiritomb\n|-damage|p2b: Spiritomb|4/100\n|move|p2b: Spiritomb|Trick Room|p2b: Spiritomb\n|-fieldstart|move: Trick Room|[of] p2b: Spiritomb\n|\n|-weather|SunnyDay|[upkeep]\n|upkeep\n|turn|7\n|-message|yaoyaoi forfeited.\n|\n|win|45ghjnm\n|raw|yaoyaoi's rating: 1082 &rarr; <strong>1058</strong><br />(-24 for losing)\n|raw|45ghjnm's rating: 1048 &rarr; <strong>1084</strong><br />(+36 for winning)\n|l|\u2606yaoyaoi\n|player|p1|\n",
  "uploadtime": 1776651276,
  "views": 7,
  "formatid": "gen9championsvgc2026regma",
  "rating": 1058,
  "private": 0,
  "password": null
}