{
  "id": "gen9championsvgc2026regma-2587477308",
  "format": "[Gen 9 Champions] VGC 2026 Reg M-A",
  "players": [
    "Poglu",
    "crazyshit14"
  ],
  "log": "|j|\u2606Poglu\n|j|\u2606crazyshit14\n|t:|1776535123\n|gametype|doubles\n|player|p1|Poglu|caitlin|1267\n|player|p2|crazyshit14|2|1341\n|gen|9\n|tier|[Gen 9 Champions] VGC 2026 Reg M-A\n|rated|\n|rule|Species Clause: Limit one of each Pok\u00e9mon\n|rule|Item Clause: Limit 1 of each item\n|clearpoke\n|poke|p1|Aegislash, L50, M|\n|poke|p1|Delphox, L50, F|\n|poke|p1|Garchomp, L50, M|\n|poke|p1|Talonflame, L50, F|\n|poke|p1|Sinistcha, L50|\n|poke|p1|Floette-Eternal, L50, F|\n|poke|p2|Manectric, L50, M|\n|poke|p2|Incineroar, L50, M|\n|poke|p2|Sneasler, L50, M|\n|poke|p2|Snorlax, L50, F|\n|poke|p2|Mimikyu, L50, M|\n|poke|p2|Sinistcha, L50|\n|teampreview|4\n|\n|t:|1776535142\n|teamsize|p1|4\n|teamsize|p2|4\n|start\n|switch|p1a: Garchomp|Garchomp, L50, M|100/100\n|switch|p1b: Delphox|Delphox, L50, F|100/100\n|switch|p2a: Manectric|Manectric, L50, M|100/100\n|switch|p2b: Incineroar|Incineroar, L50, M|100/100\n|-ability|p2b: Incineroar|Intimidate|boost\n|-unboost|p1a: Garchomp|atk|1\n|-unboost|p1b: Delphox|atk|1\n|turn|1\n|\n|t:|1776535149\n|detailschange|p2a: Manectric|Manectric-Mega, L50, M\n|-mega|p2a: Manectric|Manectric|Manectite\n|-ability|p2a: Manectric|Intimidate|boost\n|-unboost|p1a: Garchomp|atk|1\n|-unboost|p1b: Delphox|atk|1\n|detailschange|p1b: Delphox|Delphox-Mega, L50, F\n|-mega|p1b: Delphox|Delphox|Delphoxite\n|move|p2a: Manectric|Protect|p2a: Manectric\n|-singleturn|p2a: Manectric|Protect\n|move|p1b: Delphox|Calm Mind|p1b: Delphox\n|-boost|p1b: Delphox|spa|1\n|-boost|p1b: Delphox|spd|1\n|move|p1a: Garchomp|Earthquake|p2b: Incineroar|[spread] p2b\n|-activate|p2a: Manectric|move: Protect\n|-immune|p1b: Delphox|[from] ability: Levitate\n|-supereffective|p2b: Incineroar|1\n|-damage|p2b: Incineroar|61/100\n|move|p2b: Incineroar|Parting Shot|p1a: Garchomp\n|-unboost|p1a: Garchomp|atk|1\n|-unboost|p1a: Garchomp|spa|1\n|\n|t:|1776535174\n|switch|p2b: Snorlax|Snorlax, L50, F|100/100|[from] Parting Shot\n|\n|upkeep\n|turn|2\n|\n|t:|1776535183\n|move|p2a: Manectric|Snarl|p1a: Garchomp|[spread] p1a,p1b\n|-supereffective|p1b: Delphox|1\n|-damage|p1a: Garchomp|86/100\n|-damage|p1b: Delphox|86/100\n|-unboost|p1a: Garchomp|spa|1\n|-unboost|p1b: Delphox|spa|1\n|move|p1b: Delphox|Heat Wave|p2b: Snorlax|[spread] p2a,p2b\n|-damage|p2a: Manectric|51/100\n|-damage|p2b: Snorlax|89/100\n|move|p1a: Garchomp|Earthquake|p2b: Snorlax|[spread] p2a,p2b\n|-immune|p1b: Delphox|[from] ability: Levitate\n|-supereffective|p2a: Manectric|1\n|-damage|p2a: Manectric|6/100\n|-damage|p2b: Snorlax|78/100\n|move|p2b: Snorlax|Belly Drum|p2b: Snorlax\n|-damage|p2b: Snorlax|28/100\n|-setboost|p2b: Snorlax|atk|6|[from] move: Belly Drum\n|-enditem|p2b: Snorlax|Sitrus Berry|[eat]\n|-heal|p2b: Snorlax|53/100|[from] item: Sitrus Berry\n|\n|upkeep\n|turn|3\n|\n|t:|1776535211\n|switch|p2a: Sinistcha|Sinistcha, L50|100/100\n|-heal|p2b: Snorlax|78/100|[from] ability: Hospitality|[of] p2a: Sinistcha\n|move|p1b: Delphox|Psychic|p2b: Snorlax\n|-damage|p2b: Snorlax|51/100\n|move|p1a: Garchomp|Earthquake|p2b: Snorlax|[spread] p2a,p2b\n|-immune|p1b: Delphox|[from] ability: Levitate\n|-resisted|p2a: Sinistcha|1\n|-damage|p2a: Sinistcha|94/100\n|-damage|p2b: Snorlax|39/100\n|move|p2b: Snorlax|Body Slam|p1b: Delphox\n|-damage|p1b: Delphox|0 fnt\n|faint|p1b: Delphox\n|\n|upkeep\n|\n|t:|1776535222\n|switch|p1b: Talonflame|Talonflame, L50, F|100/100\n|turn|4\n|\n|t:|1776535237\n|switch|p1a: Sinistcha|Sinistcha, L50|100/100\n|switch|p2a: Incineroar|Incineroar, L50, M|61/100\n|-ability|p2a: Incineroar|Intimidate|boost\n|-unboost|p1a: Sinistcha|atk|1\n|-unboost|p1b: Talonflame|atk|1\n|move|p2b: Snorlax|Protect|p2b: Snorlax\n|-singleturn|p2b: Snorlax|Protect\n|move|p1b: Talonflame|Acrobatics|p2a: Incineroar\n|-damage|p2a: Incineroar|34/100\n|\n|upkeep\n|turn|5\n|\n|t:|1776535270\n|move|p1b: Talonflame|Protect|p1b: Talonflame\n|-singleturn|p1b: Talonflame|Protect\n|move|p1a: Sinistcha|Matcha Gotcha|p2a: Incineroar|[spread] p2a,p2b\n|-resisted|p2a: Incineroar|1\n|-damage|p2a: Incineroar|26/100\n|-damage|p2b: Snorlax|26/100\n|move|p2a: Incineroar|Darkest Lariat|p1a: Sinistcha\n|-supereffective|p1a: Sinistcha|1\n|-damage|p1a: Sinistcha|26/100\n|move|p2b: Snorlax|Body Slam|p1b: Talonflame\n|-activate|p1b: Talonflame|move: Protect\n|\n|-heal|p1a: Sinistcha|32/100|[from] item: Leftovers\n|upkeep\n|turn|6\n|\n|t:|1776535289\n|switch|p2a: Sinistcha|Sinistcha, L50|94/100\n|-heal|p2b: Snorlax|51/100|[from] ability: Hospitality|[of] p2a: Sinistcha\n|move|p1b: Talonflame|Acrobatics|p2b: Snorlax\n|-damage|p2b: Snorlax|28/100\n|move|p1a: Sinistcha|Matcha Gotcha|p2a: Sinistcha|[spread] p2a\n|-miss|p1a: Sinistcha|p2b: Snorlax\n|-resisted|p2a: Sinistcha|1\n|-damage|p2a: Sinistcha|81/100\n|-heal|p1a: Sinistcha|40/100|[from] drain|[of] p2a: Sinistcha\n|move|p2b: Snorlax|Earthquake|p1b: Talonflame|[spread] p2a,p1a\n|-immune|p1b: Talonflame\n|-resisted|p2a: Sinistcha|1\n|-resisted|p1a: Sinistcha|1\n|-crit|p1a: Sinistcha\n|-damage|p2a: Sinistcha|46/100\n|-damage|p1a: Sinistcha|0 fnt\n|faint|p1a: Sinistcha\n|\n|upkeep\n|\n|t:|1776535300\n|switch|p1a: Garchomp|Garchomp, L50, M|86/100\n|turn|7\n|\n|t:|1776535317\n|switch|p2a: Incineroar|Incineroar, L50, M|26/100\n|-ability|p2a: Incineroar|Intimidate|boost\n|-unboost|p1a: Garchomp|atk|1\n|-unboost|p1b: Talonflame|atk|1\n|move|p2b: Snorlax|Protect|p2b: Snorlax\n|-singleturn|p2b: Snorlax|Protect\n|move|p1b: Talonflame|Tailwind|p1b: Talonflame\n|-sidestart|p1: Poglu|move: Tailwind\n|move|p1a: Garchomp|Earthquake|p2a: Incineroar|[spread] p2a\n|-activate|p2b: Snorlax|move: Protect\n|-immune|p1b: Talonflame\n|-supereffective|p2a: Incineroar|1\n|-damage|p2a: Incineroar|0 fnt\n|faint|p2a: Incineroar\n|\n|upkeep\n|\n|t:|1776535334\n|switch|p2a: Sinistcha|Sinistcha, L50|46/100\n|-heal|p2b: Snorlax|53/100|[from] ability: Hospitality|[of] p2a: Sinistcha\n|turn|8\n|\n|t:|1776535365\n|switch|p2a: Manectric|Manectric-Mega, L50, M|6/100\n|-ability|p2a: Manectric|Intimidate|boost\n|-unboost|p1a: Garchomp|atk|1\n|-unboost|p1b: Talonflame|atk|1\n|move|p1b: Talonflame|Acrobatics|p2a: Manectric\n|-resisted|p2a: Manectric|1\n|-damage|p2a: Manectric|0 fnt\n|faint|p2a: Manectric\n|move|p1a: Garchomp|Dragon Claw|p2b: Snorlax\n|-damage|p2b: Snorlax|37/100\n|move|p2b: Snorlax|Body Slam|p1a: Garchomp\n|-damage|p1a: Garchomp|0 fnt\n|-damage|p2b: Snorlax|25/100|[from] ability: Rough Skin|[of] p1a: Garchomp\n|faint|p1a: Garchomp\n|\n|upkeep\n|c|\u2606Poglu|gg\n|\n|t:|1776535382\n|switch|p2a: Sinistcha|Sinistcha, L50|46/100\n|-heal|p2b: Snorlax|50/100|[from] ability: Hospitality|[of] p2a: Sinistcha\n|turn|9\n|-message|Poglu forfeited.\n|\n|win|crazyshit14\n|raw|Poglu's rating: 1267 &rarr; <strong>1247</strong><br />(-20 for losing)\n|raw|crazyshit14's rating: 1341 &rarr; <strong>1357</strong><br />(+16 for winning)\n",
  "uploadtime": 1776535394,
  "views": 35,
  "formatid": "gen9championsvgc2026regma",
  "rating": 1247,
  "private": 0,
  "password": null
}