{
  "id": "gen9championsvgc2026regma-2585602363",
  "format": "[Gen 9 Champions] VGC 2026 Reg M-A",
  "players": [
    "luiz red",
    "Loppagen22"
  ],
  "log": "|j|\u2606luiz red\n|j|\u2606Loppagen22\n|t:|1776358225\n|gametype|doubles\n|player|p1|luiz red|veteran|1052\n|player|p2|Loppagen22|grimsley|1067\n|gen|9\n|tier|[Gen 9 Champions] VGC 2026 Reg M-A\n|rated|\n|rule|Species Clause: Limit one of each Pok\u00e9mon\n|rule|Item Clause: Limit 1 of each item\n|clearpoke\n|poke|p1|Infernape, L50, M|\n|poke|p1|Sinistcha, L50|\n|poke|p1|Empoleon, L50, F|\n|poke|p1|Hippowdon, L50, F|\n|poke|p1|Garchomp, L50, F|\n|poke|p1|Corviknight, L50, F|\n|poke|p2|Blastoise, L50, M|\n|poke|p2|Typhlosion-Hisui, L50, F|\n|poke|p2|Torkoal, L50, F|\n|poke|p2|Oranguru, L50, F|\n|poke|p2|Hydreigon, L50, M|\n|poke|p2|Venusaur, L50, M|\n|teampreview|4\nluiz red rejected open team sheets.\n|\n|t:|1776358277\n|teamsize|p1|4\n|teamsize|p2|4\n|start\n|switch|p1a: Infernape|Infernape, L50, M|100/100\n|switch|p1b: Empoleon|Empoleon, L50, F|100/100\n|switch|p2a: Torkoal|Torkoal, L50, F|100/100\n|switch|p2b: Oranguru|Oranguru, L50, F|100/100\n|-weather|SunnyDay|[from] ability: Drought|[of] p2a: Torkoal\n|turn|1\n|\n|t:|1776358335\n|move|p2a: Torkoal|Protect|p2a: Torkoal\n|-singleturn|p2a: Torkoal|Protect\n|move|p1a: Infernape|Heat Wave|p2a: Torkoal|[spread] p2b\n|-activate|p2a: Torkoal|move: Protect\n|-damage|p2b: Oranguru|61/100\n|move|p1b: Empoleon|Ice Beam|p2b: Oranguru\n|-damage|p2b: Oranguru|35/100\n|move|p2b: Oranguru|Trick Room|p2b: Oranguru\n|-fieldstart|move: Trick Room|[of] p2b: Oranguru\n|\n|-weather|SunnyDay|[upkeep]\n|upkeep\n|turn|2\n|\n|t:|1776358372\n|switch|p1a: Hippowdon|Hippowdon, L50, F|100/100\n|-weather|Sandstorm|[from] ability: Sand Stream|[of] p1a: Hippowdon\n|move|p2a: Torkoal|Eruption|p1b: Empoleon|[spread] p1a,p1b\n|-damage|p1a: Hippowdon|52/100\n|-damage|p1b: Empoleon|45/100\n|move|p2b: Oranguru|Instruct|p2a: Torkoal\n|-singleturn|p2a: Torkoal|move: Instruct|[of] p2b: Oranguru\n|move|p2a: Torkoal|Eruption|p1a: Hippowdon|[spread] p1a,p1b\n|-damage|p1a: Hippowdon|12/100\n|-damage|p1b: Empoleon|0 fnt\n|-enditem|p1a: Hippowdon|Sitrus Berry|[eat]\n|-heal|p1a: Hippowdon|37/100|[from] item: Sitrus Berry\n|faint|p1b: Empoleon\n|\n|-weather|Sandstorm|[upkeep]\n|-damage|p2a: Torkoal|94/100|[from] Sandstorm\n|-damage|p2b: Oranguru|29/100|[from] Sandstorm\n|upkeep\n|\n|t:|1776358389\n|switch|p1b: Garchomp|Garchomp, L50, F|100/100\n|turn|3\n|\n|t:|1776358406\n|detailschange|p1b: Garchomp|Garchomp-Mega, L50, F\n|-mega|p1b: Garchomp|Garchomp|Garchompite\n|move|p2a: Torkoal|Eruption|p1b: Garchomp|[spread] p1a,p1b\n|-resisted|p1b: Garchomp|1\n|-damage|p1a: Hippowdon|0 fnt\n|-damage|p1b: Garchomp|72/100\n|faint|p1a: Hippowdon\n|move|p2b: Oranguru|Instruct|p2a: Torkoal\n|-singleturn|p2a: Torkoal|move: Instruct|[of] p2b: Oranguru\n|move|p2a: Torkoal|Eruption|p1b: Garchomp\n|-resisted|p1b: Garchomp|1\n|-damage|p1b: Garchomp|34/100\n|move|p1b: Garchomp|Rock Slide|p2a: Torkoal|[spread] p2a,p2b\n|-supereffective|p2a: Torkoal|1\n|-damage|p2a: Torkoal|35/100\n|-damage|p2b: Oranguru|5/100\n|\n|-weather|Sandstorm|[upkeep]\n|-damage|p2a: Torkoal|28/100|[from] Sandstorm\n|-damage|p2b: Oranguru|0 fnt|[from] Sandstorm\n|faint|p2b: Oranguru\n|upkeep\n|\n|t:|1776358426\n|switch|p1a: Infernape|Infernape, L50, M|100/100\n|switch|p2b: Hydreigon|Hydreigon, L50, M|100/100\n|turn|4\n|\n|t:|1776358439\n|move|p1b: Garchomp|Protect|p1b: Garchomp\n|-singleturn|p1b: Garchomp|Protect\n|move|p2a: Torkoal|Eruption|p1b: Garchomp|[spread] p1a\n|-activate|p1b: Garchomp|move: Protect\n|-resisted|p1a: Infernape|1\n|-damage|p1a: Infernape|90/100\n|move|p2b: Hydreigon|Draco Meteor|p1b: Garchomp\n|-activate|p1b: Garchomp|move: Protect\n|move|p1a: Infernape|Aura Sphere|p2b: Hydreigon\n|-supereffective|p2b: Hydreigon|1\n|-damage|p2b: Hydreigon|29/100\n|\n|-weather|Sandstorm|[upkeep]\n|-damage|p2a: Torkoal|22/100|[from] Sandstorm\n|-damage|p2b: Hydreigon|23/100|[from] Sandstorm\n|-damage|p1a: Infernape|84/100|[from] Sandstorm\n|-heal|p2b: Hydreigon|29/100|[from] item: Leftovers\n|upkeep\n|turn|5\n|\n|t:|1776358468\n|move|p2a: Torkoal|Eruption|p1a: Infernape|[spread] p1a,p1b\n|-resisted|p1a: Infernape|1\n|-resisted|p1b: Garchomp|1\n|-damage|p1a: Infernape|74/100\n|-damage|p1b: Garchomp|28/100\n|move|p2b: Hydreigon|Tailwind|p2b: Hydreigon\n|-sidestart|p2: Loppagen22|move: Tailwind\n|move|p1b: Garchomp|Rock Slide|p2b: Hydreigon|[spread] p2a,p2b\n|-supereffective|p2a: Torkoal|1\n|-damage|p2a: Torkoal|0 fnt\n|-damage|p2b: Hydreigon|2/100\n|faint|p2a: Torkoal\n|move|p1a: Infernape|Aura Sphere|p2b: Hydreigon\n|-supereffective|p2b: Hydreigon|1\n|-damage|p2b: Hydreigon|0 fnt\n|faint|p2b: Hydreigon\n|\n|-weather|Sandstorm|[upkeep]\n|-damage|p1a: Infernape|68/100|[from] Sandstorm\n|-fieldend|move: Trick Room\n|upkeep\n|\n|t:|1776358486\n|switch|p2a: Typhlosion|Typhlosion-Hisui, L50, F|100/100\n|turn|6\n|\n|t:|1776358495\n|move|p1b: Garchomp|Protect|p1b: Garchomp\n|-singleturn|p1b: Garchomp|Protect\n|move|p2a: Typhlosion|Extrasensory|p1b: Garchomp\n|-activate|p1b: Garchomp|move: Protect\n|move|p1a: Infernape|Aura Sphere|p2a: Typhlosion\n|-immune|p2a: Typhlosion\n|\n|-weather|none\n|upkeep\n|turn|7\n|\n|t:|1776358511\n|move|p2a: Typhlosion|Extrasensory|p1b: Garchomp\n|-damage|p1b: Garchomp|2/100\n|move|p1a: Infernape|Aura Sphere|p2a: Typhlosion\n|-immune|p2a: Typhlosion\n|move|p1b: Garchomp|Earthquake|p2a: Typhlosion|[spread] p1a,p2a\n|-supereffective|p1a: Infernape|1\n|-supereffective|p2a: Typhlosion|1\n|-crit|p2a: Typhlosion\n|-damage|p1a: Infernape|0 fnt\n|-damage|p2a: Typhlosion|0 fnt\n|faint|p1a: Infernape\n|faint|p2a: Typhlosion\n|\n|win|luiz red\n|raw|luiz red's rating: 1052 &rarr; <strong>1086</strong><br />(+34 for winning)\n|raw|Loppagen22's rating: 1067 &rarr; <strong>1046</strong><br />(-21 for losing)\n|c|\u2606Loppagen22|is infernape scarfed?\n",
  "uploadtime": 1776358521,
  "views": 18,
  "formatid": "gen9championsvgc2026regma",
  "rating": 1046,
  "private": 0,
  "password": null
}