{
  "id": "gen9championsvgc2026regma-2582061754",
  "format": "[Gen 9 Champions] VGC 2026 Reg M-A",
  "players": [
    "kurosakeZ2",
    "SirNomAlot82"
  ],
  "log": "|j|\u2606kurosakeZ2\n|j|\u2606SirNomAlot82\n|t:|1776053244\n|gametype|doubles\n|player|p1|kurosakeZ2|1|1084\n|player|p2|SirNomAlot82|cynthia-masters4|1000\n|gen|9\n|tier|[Gen 9 Champions] VGC 2026 Reg M-A\n|rated|\n|rule|Species Clause: Limit one of each Pok\u00e9mon\n|rule|Item Clause: Limit 1 of each item\n|clearpoke\n|poke|p1|Lucario, L50, F|\n|poke|p1|Maushold, L50|\n|poke|p1|Sylveon, L50, M|\n|poke|p1|Pelipper, L50, F|\n|poke|p1|Zoroark-Hisui, L50, F|\n|poke|p1|Archaludon, L50, M|\n|poke|p2|Hawlucha, L50, F|\n|poke|p2|Vanilluxe, L50, M|\n|poke|p2|Charizard, L50, M|\n|poke|p2|Typhlosion-Hisui, L50, F|\n|poke|p2|Tsareena, L50, F|\n|poke|p2|Gallade, L50, M|\n|teampreview|4\n|inactive|Battle timer is ON: inactive players will automatically lose when time's up. (requested by SirNomAlot82)\n|c|\u2606SirNomAlot82|Glhf!\n|\n|t:|1776053295\n|teamsize|p1|4\n|teamsize|p2|4\n|start\n|switch|p1a: Maushold|Maushold, L50|100/100\n|switch|p1b: Pelipper|Pelipper, L50, F|100/100\n|switch|p2a: Entrainment|Hawlucha, L50, F, shiny|100/100\n|switch|p2b: Sheer Cold|Vanilluxe, L50, M, shiny|100/100\n|-weather|RainDance|[from] ability: Drizzle|[of] p1b: Pelipper\n|turn|1\n|inactive|kurosakeZ2 has 30 seconds left.\n|\n|t:|1776053328\n|move|p2a: Entrainment|Agility|p2a: Entrainment\n|-boost|p2a: Entrainment|spe|2\n|move|p1a: Maushold|Focus Blast|p2b: Sheer Cold|[miss]\n|-miss|p1a: Maushold|p2b: Sheer Cold\n|move|p2b: Sheer Cold|Freeze-Dry|p1b: Pelipper\n|-supereffective|p1b: Pelipper|2\n|-damage|p1b: Pelipper|0 fnt\n|faint|p1b: Pelipper\n|\n|-weather|RainDance|[upkeep]\n|upkeep\n|\n|t:|1776053344\n|switch|p1b: Maushold|Maushold, L50|100/100\n|turn|2\n|\n|t:|1776053352\n|move|p1b: Maushold|Protect|p1b: Maushold\n|-singleturn|p1b: Maushold|Protect\n|move|p2b: Sheer Cold|Ally Switch|p2b: Sheer Cold\n|swap|p2b: Sheer Cold|0|[from] move: Ally Switch\n|move|p2b: Entrainment|Baton Pass|p2b: Entrainment\n|\n|t:|1776053357\n|switch|p2b: Physical Attacker|Charizard, L50, M, shiny|100/100|[from] Baton Pass\n|move|p1a: Maushold|Focus Blast|p2b: Physical Attacker\n|-resisted|p2b: Physical Attacker|1\n|-damage|p2b: Physical Attacker|73/100\n|\n|-weather|RainDance|[upkeep]\n|upkeep\n|turn|3\n|inactive|kurosakeZ2 has 30 seconds left.\n|\n|t:|1776053386\n|switch|p2a: NglBroIt'sEruption|Typhlosion-Hisui, L50, F|100/100\n|-item|p1a: Maushold|Scope Lens|[from] ability: Frisk|[of] p2a: NglBroIt'sEruption\n|-item|p1b: Maushold|Focus Sash|[from] ability: Frisk|[of] p2a: NglBroIt'sEruption\n|detailschange|p2b: Physical Attacker|Charizard-Mega-Y, L50, M, shiny\n|-mega|p2b: Physical Attacker|Charizard|Charizardite Y\n|-weather|SunnyDay|[from] ability: Drought|[of] p2b: Physical Attacker\n|move|p2b: Physical Attacker|Heat Wave|p1a: Maushold|[spread] p1a,p1b\n|-crit|p1b: Maushold\n|-damage|p1a: Maushold|4/100\n|-enditem|p1b: Maushold|Focus Sash\n|-damage|p1b: Maushold|1/100\n|replace|p1a: Zoroark|Zoroark-Hisui, L50, F, shiny\n|-end|p1a: Zoroark|Illusion\n|move|p1a: Zoroark|Focus Blast|p2a: NglBroIt'sEruption\n|-immune|p2a: NglBroIt'sEruption\n|move|p1b: Maushold|Beat Up|p2b: Physical Attacker\n|-damage|p2b: Physical Attacker|68/100\n|-damage|p2b: Physical Attacker|64/100\n|-damage|p2b: Physical Attacker|59/100\n|-hitcount|p2b: Physical Attacker|3\n|\n|-weather|SunnyDay|[upkeep]\n|upkeep\n|turn|4\n|inactive|kurosakeZ2 has 30 seconds left.\n|inactive|SirNomAlot82 has 30 seconds left.\n|\n|t:|1776053416\n|move|p2b: Physical Attacker|Heat Wave|p1b: Maushold|[spread] p1a\n|-miss|p2b: Physical Attacker|p1b: Maushold\n|-damage|p1a: Zoroark|0 fnt\n|faint|p1a: Zoroark\n|move|p2a: NglBroIt'sEruption|Eruption|p1b: Maushold\n|-damage|p1b: Maushold|0 fnt\n|faint|p1b: Maushold\n|\n|-weather|SunnyDay|[upkeep]\n|upkeep\n|\n|t:|1776053428\n|switch|p1b: Lucario|Lucario, L50, F, shiny|100/100\n|turn|5\n|\n|t:|1776053436\n|move|p1b: Lucario|Extreme Speed|p2b: Physical Attacker\n|-damage|p2b: Physical Attacker|23/100\n|move|p2b: Physical Attacker|Heat Wave|p1b: Lucario\n|-supereffective|p1b: Lucario|1\n|-damage|p1b: Lucario|0 fnt\n|faint|p1b: Lucario\n|\n|win|SirNomAlot82\n|raw|kurosakeZ2's rating: 1084 &rarr; <strong>1056</strong><br />(-28 for losing)\n|raw|SirNomAlot82's rating: 1000 &rarr; <strong>1049</strong><br />(+49 for winning)\n",
  "uploadtime": 1776053440,
  "views": 63,
  "formatid": "gen9championsvgc2026regma",
  "rating": 1049,
  "private": 0,
  "password": null
}