{
  "id": "gen9championsvgc2026regma-2586684109",
  "format": "[Gen 9 Champions] VGC 2026 Reg M-A",
  "players": [
    "ivanpema",
    "Sammias"
  ],
  "log": "|j|\u2606ivanpema\n|j|\u2606Sammias\n|t:|1776451975\n|gametype|doubles\n|player|p1|ivanpema|266|1167\n|player|p2|Sammias|miku-ground|1210\n|gen|9\n|tier|[Gen 9 Champions] VGC 2026 Reg M-A\n|rated|\n|rule|Species Clause: Limit one of each Pok\u00e9mon\n|rule|Item Clause: Limit 1 of each item\n|clearpoke\n|poke|p1|Basculegion, L50, M|\n|poke|p1|Charizard, L50, M|\n|poke|p1|Incineroar, L50, M|\n|poke|p1|Venusaur, L50, M|\n|poke|p1|Garchomp, L50, F|\n|poke|p1|Milotic, L50, M|\n|poke|p2|Typhlosion-Hisui, L50, F|\n|poke|p2|Whimsicott, L50, M|\n|poke|p2|Floette-Eternal, L50, F|\n|poke|p2|Sinistcha, L50|\n|poke|p2|Aerodactyl, L50, F|\n|poke|p2|Garchomp, L50, F|\n|teampreview|4\n|inactive|Battle timer is ON: inactive players will automatically lose when time's up. (requested by Sammias)\n|\n|t:|1776451997\n|teamsize|p1|4\n|teamsize|p2|4\n|start\n|switch|p1a: Garchomp|Garchomp, L50, F|100/100\n|switch|p1b: Milotic|Milotic, L50, M|100/100\n|switch|p2a: Typhlosion|Typhlosion-Hisui, L50, F|100/100\n|switch|p2b: Aerodactyl|Aerodactyl, L50, F|100/100\n|-ability|p2b: Aerodactyl|Unnerve\n|turn|1\n|\n|t:|1776452019\n|switch|p2a: Whimsicott|Whimsicott, L50, M, shiny|100/100\n|move|p2b: Aerodactyl|Protect|p2b: Aerodactyl\n|-singleturn|p2b: Aerodactyl|Protect\n|move|p1a: Garchomp|Rock Slide|p2b: Aerodactyl|[spread] p2a\n|-activate|p2b: Aerodactyl|move: Protect\n|-damage|p2a: Whimsicott|74/100\n|move|p1b: Milotic|Scald|p2b: Aerodactyl\n|-activate|p2b: Aerodactyl|move: Protect\n|\n|upkeep\n|turn|2\n|\n|t:|1776452041\n|move|p2a: Whimsicott|Tailwind|p2a: Whimsicott\n|-sidestart|p2: Sammias|move: Tailwind\n|move|p2b: Aerodactyl|Rock Slide|p1a: Garchomp|[spread] p1a,p1b\n|-resisted|p1a: Garchomp|1\n|-damage|p1a: Garchomp|88/100\n|-damage|p1b: Milotic|78/100\n|move|p1a: Garchomp|Rock Slide|p2b: Aerodactyl|[spread] p2a,p2b\n|-supereffective|p2b: Aerodactyl|1\n|-damage|p2a: Whimsicott|47/100\n|-damage|p2b: Aerodactyl|34/100\n|move|p1b: Milotic|Icy Wind|p2a: Whimsicott|[spread] p2a,p2b\n|-supereffective|p2a: Whimsicott|1\n|-supereffective|p2b: Aerodactyl|1\n|-damage|p2a: Whimsicott|19/100\n|-damage|p2b: Aerodactyl|8/100\n|-unboost|p2a: Whimsicott|spe|1\n|-unboost|p2b: Aerodactyl|spe|1\n|\n|-heal|p1b: Milotic|84/100|[from] item: Leftovers\n|upkeep\n|turn|3\n|\n|t:|1776452064\n|move|p2b: Aerodactyl|Rock Slide|p1a: Garchomp|[spread] p1a,p1b\n|-resisted|p1a: Garchomp|1\n|-damage|p1a: Garchomp|73/100\n|-damage|p1b: Milotic|63/100\n|move|p2a: Whimsicott|Moonblast|p1a: Garchomp\n|-supereffective|p1a: Garchomp|1\n|-damage|p1a: Garchomp|15/100\n|move|p1a: Garchomp|Rock Slide|p2b: Aerodactyl|[spread] p2a,p2b\n|-supereffective|p2b: Aerodactyl|1\n|-crit|p2b: Aerodactyl\n|-damage|p2a: Whimsicott|0 fnt\n|-damage|p2b: Aerodactyl|0 fnt\n|-enditem|p1a: Garchomp|Sitrus Berry|[eat]\n|-heal|p1a: Garchomp|40/100|[from] item: Sitrus Berry\n|faint|p2a: Whimsicott\n|faint|p2b: Aerodactyl\n|move|p1b: Milotic|Icy Wind|p2: Whimsicott|[notarget]\n|-fail|p1b: Milotic\n|\n|-heal|p1b: Milotic|69/100|[from] item: Leftovers\n|upkeep\n|\n|t:|1776452074\n|switch|p2b: Floette|Floette-Eternal, L50, F|100/100\n|switch|p2a: Typhlosion|Typhlosion-Hisui, L50, F|100/100\n|turn|4\n|\n|t:|1776452090\n|detailschange|p2b: Floette|Floette-Mega, L50, F\n|-mega|p2b: Floette|Floette|Floettite\n|-ability|p2b: Floette|Fairy Aura\n|move|p2a: Typhlosion|Shadow Ball|p1b: Milotic\n|-damage|p1b: Milotic|38/100\n|move|p2b: Floette|Dazzling Gleam|p1b: Milotic|[spread] p1a,p1b\n|-supereffective|p1a: Garchomp|1\n|-damage|p1a: Garchomp|0 fnt\n|-damage|p1b: Milotic|5/100\n|faint|p1a: Garchomp\n|move|p1b: Milotic|Icy Wind|p2b: Floette|[spread] p2b\n|-miss|p1b: Milotic|p2a: Typhlosion\n|-damage|p2b: Floette|93/100\n|-unboost|p2b: Floette|spe|1\n|\n|-heal|p1b: Milotic|11/100|[from] item: Leftovers\n|upkeep\n|inactive|ivanpema has 30 seconds left.\n|\n|t:|1776452117\n|switch|p1a: Charizard|Charizard, L50, M|100/100\n|turn|5\n|\n|t:|1776452124\n|move|p1a: Charizard|Protect|p1a: Charizard\n|-singleturn|p1a: Charizard|Protect\n|move|p1b: Milotic|Protect|p1b: Milotic\n|-singleturn|p1b: Milotic|Protect\n|move|p2a: Typhlosion|Shadow Ball|p1a: Charizard\n|-activate|p1a: Charizard|move: Protect\n|move|p2b: Floette|Light of Ruin|p1a: Charizard\n|-activate|p1a: Charizard|move: Protect\n|\n|-heal|p1b: Milotic|17/100|[from] item: Leftovers\n|-sideend|p2: Sammias|move: Tailwind\n|upkeep\n|turn|6\n|\n|t:|1776452147\n|detailschange|p1a: Charizard|Charizard-Mega-Y, L50, M\n|-mega|p1a: Charizard|Charizard|Charizardite Y\n|-weather|SunnyDay|[from] ability: Drought|[of] p1a: Charizard\n|move|p2a: Typhlosion|Shadow Ball|p1b: Milotic\n|-damage|p1b: Milotic|0 fnt\n|faint|p1b: Milotic\n|move|p1a: Charizard|Weather Ball|p2b: Floette\n|-damage|p2b: Floette|20/100\n|move|p2b: Floette|Moonblast|p1a: Charizard\n|-resisted|p1a: Charizard|1\n|-damage|p1a: Charizard|70/100\n|\n|-weather|SunnyDay|[upkeep]\n|upkeep\n|\n|t:|1776452164\n|switch|p1b: Incineroar|Incineroar, L50, M|100/100\n|-ability|p1b: Incineroar|Intimidate|boost\n|-unboost|p2a: Typhlosion|atk|1\n|-unboost|p2b: Floette|atk|1\n|turn|7\n|\n|t:|1776452175\n|move|p2b: Floette|Protect|p2b: Floette\n|-singleturn|p2b: Floette|Protect\n|move|p2a: Typhlosion|Shadow Ball|p1a: Charizard\n|-damage|p1a: Charizard|31/100\n|move|p1a: Charizard|Heat Wave|p2a: Typhlosion|[spread] p2a\n|-activate|p2b: Floette|move: Protect\n|-resisted|p2a: Typhlosion|1\n|-damage|p2a: Typhlosion|56/100\n|move|p1b: Incineroar|Darkest Lariat|p2a: Typhlosion\n|-supereffective|p2a: Typhlosion|1\n|-damage|p2a: Typhlosion|0 fnt\n|faint|p2a: Typhlosion\n|\n|-weather|SunnyDay|[upkeep]\n|upkeep\n|turn|8\n|\n|t:|1776452193\n|move|p2b: Floette|Protect||[still]\n|-fail|p2b: Floette\n|move|p1a: Charizard|Weather Ball|p2b: Floette\n|-damage|p2b: Floette|0 fnt\n|faint|p2b: Floette\n|\n|win|ivanpema\n|raw|ivanpema's rating: 1167 &rarr; <strong>1195</strong><br />(+28 for winning)\n|raw|Sammias's rating: 1210 &rarr; <strong>1182</strong><br />(-28 for losing)\n|l|\u2606Sammias\n|player|p2|\n|j|\u2606Sammias\n|player|p2|Sammias|miku-ground|\n",
  "uploadtime": 1776452200,
  "views": 30,
  "formatid": "gen9championsvgc2026regma",
  "rating": 1182,
  "private": 0,
  "password": null
}