{
  "id": "gen9championsvgc2026regma-2588590748",
  "format": "[Gen 9 Champions] VGC 2026 Reg M-A",
  "players": [
    "anthonyp03",
    "DannyMcCake"
  ],
  "log": "|j|\u2606anthonyp03\n|j|\u2606DannyMcCake\n|t:|1776647999\n|gametype|doubles\n|player|p1|anthonyp03|1|1078\n|player|p2|DannyMcCake|hiker-gen4|1174\n|gen|9\n|tier|[Gen 9 Champions] VGC 2026 Reg M-A\n|rated|\n|rule|Species Clause: Limit one of each Pok\u00e9mon\n|rule|Item Clause: Limit 1 of each item\n|clearpoke\n|poke|p1|Incineroar, L50, F|\n|poke|p1|Sinistcha, L50|\n|poke|p1|Archaludon, L50, F|\n|poke|p1|Hydreigon, L50, M|\n|poke|p1|Corviknight, L50, F|\n|poke|p1|Pelipper, L50, F|\n|poke|p2|Typhlosion-Hisui, L50, F|\n|poke|p2|Lopunny, L50, F|\n|poke|p2|Aerodactyl, L50, F|\n|poke|p2|Sinistcha, L50|\n|poke|p2|Basculegion, L50, M|\n|poke|p2|Kingambit, L50, F|\n|teampreview|4\n|\n|t:|1776648035\n|teamsize|p1|4\n|teamsize|p2|4\n|start\n|switch|p1a: Sinistcha|Sinistcha, L50|100/100\n|switch|p1b: Corviknight|Corviknight, L50, F|100/100\n|switch|p2a: Lopunny|Lopunny, L50, F|100/100\n|switch|p2b: Kingambit|Kingambit, L50, F|100/100\n|turn|1\n|\n|t:|1776648055\n|detailschange|p2a: Lopunny|Lopunny-Mega, L50, F\n|-mega|p2a: Lopunny|Lopunny|Lopunnite\n|move|p2a: Lopunny|Fake Out|p1b: Corviknight\n|-resisted|p1b: Corviknight|1\n|-damage|p1b: Corviknight|89/100\n|cant|p1b: Corviknight|flinch\n|move|p2b: Kingambit|Kowtow Cleave|p1a: Sinistcha\n|-supereffective|p1a: Sinistcha|1\n|-enditem|p1a: Sinistcha|Focus Sash\n|-damage|p1a: Sinistcha|1/100\n|move|p1a: Sinistcha|Trick Room|p1a: Sinistcha\n|-fieldstart|move: Trick Room|[of] p1a: Sinistcha\n|\n|-heal|p1b: Corviknight|95/100|[from] item: Leftovers\n|upkeep\n|turn|2\n|\n|t:|1776648079\n|switch|p2a: Typhlosion|Typhlosion-Hisui, L50, F|100/100\n|move|p1a: Sinistcha|Rage Powder|p1a: Sinistcha\n|-singleturn|p1a: Sinistcha|move: Rage Powder\n|move|p2b: Kingambit|Sucker Punch||[still]\n|-fail|p2b: Kingambit\n|move|p1b: Corviknight|Body Press|p2b: Kingambit\n|-supereffective|p2b: Kingambit|2\n|-damage|p2b: Kingambit|46/100\n|\n|-heal|p1b: Corviknight|100/100|[from] item: Leftovers\n|upkeep\n|turn|3\n|\n|t:|1776648097\n|move|p2b: Kingambit|Protect|p2b: Kingambit\n|-singleturn|p2b: Kingambit|Protect\n|move|p1a: Sinistcha|Matcha Gotcha|p2b: Kingambit|[spread] p2a\n|-activate|p2b: Kingambit|move: Protect\n|-resisted|p2a: Typhlosion|1\n|-damage|p2a: Typhlosion|82/100\n|-heal|p1a: Sinistcha|11/100|[from] drain|[of] p2a: Typhlosion\n|move|p1b: Corviknight|Rain Dance|p1b: Corviknight\n|-weather|RainDance\n|move|p2a: Typhlosion|Eruption|p1a: Sinistcha|[spread] p1a,p1b\n|-supereffective|p1a: Sinistcha|1\n|-supereffective|p1b: Corviknight|1\n|-damage|p1a: Sinistcha|0 fnt\n|-damage|p1b: Corviknight|52/100\n|faint|p1a: Sinistcha\n|\n|-weather|RainDance|[upkeep]\n|-heal|p1b: Corviknight|58/100|[from] item: Leftovers\n|upkeep\n|\n|t:|1776648113\n|switch|p1a: Archaludon|Archaludon, L50, F|100/100\n|turn|4\n|\n|t:|1776648140\n|switch|p2a: Lopunny|Lopunny-Mega, L50, F|100/100\n|move|p2b: Kingambit|Kowtow Cleave|p1a: Archaludon\n|-damage|p1a: Archaludon|48/100\n|-ability|p1a: Archaludon|Stamina|boost\n|-boost|p1a: Archaludon|def|1\n|move|p1b: Corviknight|Body Press|p2b: Kingambit\n|-supereffective|p2b: Kingambit|2\n|-damage|p2b: Kingambit|0 fnt\n|faint|p2b: Kingambit\n|move|p1a: Archaludon|Electro Shot||[still]\n|-prepare|p1a: Archaludon|Electro Shot\n|-boost|p1a: Archaludon|spa|1\n|-anim|p1a: Archaludon|Electro Shot|p2a: Lopunny\n|-damage|p2a: Lopunny|8/100\n|\n|-weather|RainDance|[upkeep]\n|-heal|p1b: Corviknight|64/100|[from] item: Leftovers\n|upkeep\n|\n|t:|1776648151\n|switch|p2b: Basculegion|Basculegion, L50, M|100/100\n|turn|5\n|\n|t:|1776648169\n|move|p1a: Archaludon|Protect|p1a: Archaludon\n|-singleturn|p1a: Archaludon|Protect\n|move|p2a: Lopunny|Fake Out|p1a: Archaludon\n|-activate|p1a: Archaludon|move: Protect\n|move|p1b: Corviknight|Brave Bird|p2b: Basculegion\n|-damage|p2b: Basculegion|32/100\n|-damage|p1b: Corviknight|38/100|[from] Recoil\n|move|p2b: Basculegion|Last Respects|p1a: Archaludon\n|-activate|p1a: Archaludon|move: Protect\n|\n|-weather|RainDance|[upkeep]\n|-heal|p1b: Corviknight|44/100|[from] item: Leftovers\n|-fieldend|move: Trick Room\n|upkeep\n|turn|6\n|\n|t:|1776648188\n|move|p2a: Lopunny|Thunder Punch|p1b: Corviknight\n|-supereffective|p1b: Corviknight|1\n|-damage|p1b: Corviknight|0 fnt\n|faint|p1b: Corviknight\n|move|p2b: Basculegion|Last Respects|p1a: Archaludon\n|-damage|p1a: Archaludon|9/100\n|-ability|p1a: Archaludon|Stamina|boost\n|-boost|p1a: Archaludon|def|1\n|move|p1a: Archaludon|Electro Shot||[still]\n|-prepare|p1a: Archaludon|Electro Shot\n|-boost|p1a: Archaludon|spa|1\n|-anim|p1a: Archaludon|Electro Shot|p2b: Basculegion\n|-supereffective|p2b: Basculegion|1\n|-damage|p2b: Basculegion|0 fnt\n|faint|p2b: Basculegion\n|\n|-weather|RainDance|[upkeep]\n|upkeep\n|\n|t:|1776648201\n|switch|p2b: Typhlosion|Typhlosion-Hisui, L50, F|82/100\n|switch|p1b: Pelipper|Pelipper, L50, F|100/100\n|turn|7\n|\n|t:|1776648218\n|move|p2a: Lopunny|Thunder Punch|p1b: Pelipper\n|-supereffective|p1b: Pelipper|2\n|-damage|p1b: Pelipper|0 fnt\n|faint|p1b: Pelipper\n|move|p2b: Typhlosion|Shadow Ball|p1a: Archaludon\n|-damage|p1a: Archaludon|0 fnt\n|faint|p1a: Archaludon\n|\n|win|DannyMcCake\n|raw|anthonyp03's rating: 1078 &rarr; <strong>1062</strong><br />(-16 for losing)\n|raw|DannyMcCake's rating: 1174 &rarr; <strong>1192</strong><br />(+18 for winning)\n|l|\u2606anthonyp03\n|player|p1|\n",
  "uploadtime": 1776648238,
  "views": 15,
  "formatid": "gen9championsvgc2026regma",
  "rating": 1062,
  "private": 0,
  "password": null
}