{
  "id": "gen9championsvgc2026regma-2587010207",
  "format": "[Gen 9 Champions] VGC 2026 Reg M-A",
  "players": [
    "arianagrandeislop",
    "HornetXxPvP"
  ],
  "log": "|j|\u2606arianagrandeislop\n|j|\u2606HornetXxPvP\n|t:|1776480901\n|gametype|doubles\n|player|p1|arianagrandeislop|170|1038\n|player|p2|HornetXxPvP|bellelba|1017\n|gen|9\n|tier|[Gen 9 Champions] VGC 2026 Reg M-A\n|rated|\n|rule|Species Clause: Limit one of each Pok\u00e9mon\n|rule|Item Clause: Limit 1 of each item\n|clearpoke\n|poke|p1|Charizard, L50, M|\n|poke|p1|Sneasler, L50, F|\n|poke|p1|Basculegion, L50, M|\n|poke|p1|Garchomp, L50, F|\n|poke|p1|Incineroar, L50, M|\n|poke|p1|Venusaur, L50, F|\n|poke|p2|Delphox, L50, M|\n|poke|p2|Rotom-Wash, L50|\n|poke|p2|Incineroar, L50, M|\n|poke|p2|Sinistcha-Masterpiece, L50|\n|poke|p2|Sneasler, L50, M|\n|poke|p2|Ninetales-Alola, L50, F|\n|teampreview|4\n|inactive|Battle timer is ON: inactive players will automatically lose when time's up. (requested by arianagrandeislop)\n|\n|t:|1776480931\n|teamsize|p1|4\n|teamsize|p2|4\n|start\n|switch|p1a: Incineroar|Incineroar, L50, M|100/100\n|switch|p1b: Sneasler|Sneasler, L50, F|100/100\n|switch|p2a: Rotom|Rotom-Wash, L50|100/100\n|switch|p2b: Incineroar|Incineroar, L50, M|100/100\n|-ability|p1a: Incineroar|Intimidate|boost\n|-unboost|p2a: Rotom|atk|1\n|-unboost|p2b: Incineroar|atk|1\n|-ability|p2b: Incineroar|Intimidate|boost\n|-unboost|p1a: Incineroar|atk|1\n|-unboost|p1b: Sneasler|atk|1\n|-enditem|p1b: Sneasler|White Herb\n|-clearnegativeboost|p1b: Sneasler|[silent]\n|turn|1\n|\n|t:|1776480952\n|move|p1b: Sneasler|Protect|p1b: Sneasler\n|-singleturn|p1b: Sneasler|Protect\n|move|p2a: Rotom|Protect|p2a: Rotom\n|-singleturn|p2a: Rotom|Protect\n|move|p2b: Incineroar|Protect|p2b: Incineroar\n|-singleturn|p2b: Incineroar|Protect\n|move|p1a: Incineroar|Parting Shot|p2b: Incineroar\n|-activate|p2b: Incineroar|move: Protect\n|\n|upkeep\n|turn|2\n|inactive|HornetXxPvP has 30 seconds left.\n|\n|t:|1776480983\n|switch|p2b: Delphox|Delphox, L50, M|100/100\n|move|p1b: Sneasler|Close Combat|p2b: Delphox\n|-resisted|p2b: Delphox|1\n|-damage|p2b: Delphox|48/100\n|-unboost|p1b: Sneasler|def|1\n|-unboost|p1b: Sneasler|spd|1\n|move|p2a: Rotom|Hydro Pump|p1a: Incineroar\n|-supereffective|p1a: Incineroar|1\n|-damage|p1a: Incineroar|0 fnt\n|faint|p1a: Incineroar\n|\n|upkeep\n|\n|t:|1776480998\n|switch|p1a: Venusaur|Venusaur, L50, F|100/100\n|turn|3\n|\n|t:|1776481013\n|detailschange|p2b: Delphox|Delphox-Mega, L50, M\n|-mega|p2b: Delphox|Delphox|Delphoxite\n|move|p2b: Delphox|Protect|p2b: Delphox\n|-singleturn|p2b: Delphox|Protect\n|move|p1b: Sneasler|Dire Claw|p2b: Delphox\n|-activate|p2b: Delphox|move: Protect\n|move|p1a: Venusaur|Sleep Powder|p2a: Rotom|[miss]\n|-miss|p1a: Venusaur|p2a: Rotom\n|move|p2a: Rotom|Volt Switch|p1b: Sneasler\n|-damage|p1b: Sneasler|35/100\n|\n|t:|1776481025\n|switch|p2a: Incineroar|Incineroar, L50, M|100/100|[from] Volt Switch\n|-ability|p2a: Incineroar|Intimidate|boost\n|-unboost|p1a: Venusaur|atk|1\n|-unboost|p1b: Sneasler|atk|1\n|\n|upkeep\n|turn|4\n|\n|t:|1776481036\n|switch|p1b: Charizard|Charizard, L50, M|100/100\n|move|p2a: Incineroar|Fake Out|p1a: Venusaur\n|-damage|p1a: Venusaur|85/100\n|move|p2b: Delphox|Psychic|p1b: Charizard\n|-damage|p1b: Charizard|34/100\n|cant|p1a: Venusaur|flinch\n|\n|upkeep\n|turn|5\n|\n|t:|1776481060\n|detailschange|p1b: Charizard|Charizard-Mega-Y, L50, M\n|-mega|p1b: Charizard|Charizard|Charizardite Y\n|-weather|SunnyDay|[from] ability: Drought|[of] p1b: Charizard\n|move|p1a: Venusaur|Earth Power|p2b: Delphox\n|-immune|p2b: Delphox|[from] ability: Levitate\n|move|p2b: Delphox|Psychic|p1b: Charizard\n|-damage|p1b: Charizard|0 fnt\n|faint|p1b: Charizard\n|move|p2a: Incineroar|Flare Blitz|p1a: Venusaur\n|-supereffective|p1a: Venusaur|1\n|-damage|p1a: Venusaur|0 fnt\n|faint|p1a: Venusaur\n|-damage|p2a: Incineroar|78/100|[from] Recoil\n|\n|-weather|SunnyDay|[upkeep]\n|upkeep\n|-message|arianagrandeislop forfeited.\n|\n|win|HornetXxPvP\n|raw|arianagrandeislop's rating: 1038 &rarr; <strong>1021</strong><br />(-17 for losing)\n|raw|HornetXxPvP's rating: 1017 &rarr; <strong>1057</strong><br />(+40 for winning)\n|l|\u2606arianagrandeislop\n|player|p1|\n",
  "uploadtime": 1776481077,
  "views": 25,
  "formatid": "gen9championsvgc2026regma",
  "rating": 1021,
  "private": 0,
  "password": null
}