{
  "id": "gen9championsvgc2026regma-2586803598",
  "format": "[Gen 9 Champions] VGC 2026 Reg M-A",
  "players": [
    "maksimilian123",
    "tubbatub"
  ],
  "log": "|j|\u2606maksimilian123\n|j|\u2606tubbatub\n|t:|1776461198\n|gametype|doubles\n|player|p1|maksimilian123|265|1074\n|player|p2|tubbatub|fantina|1089\n|gen|9\n|tier|[Gen 9 Champions] VGC 2026 Reg M-A\n|rated|\n|rule|Species Clause: Limit one of each Pok\u00e9mon\n|rule|Item Clause: Limit 1 of each item\n|clearpoke\n|poke|p1|Delphox, L50, F|\n|poke|p1|Palafin, L50, M|\n|poke|p1|Whimsicott, L50, F|\n|poke|p1|Dragonite, L50, F|\n|poke|p1|Sneasler, L50, M|\n|poke|p1|Sylveon, L50, M|\n|poke|p2|Floette-Eternal, L50, F|\n|poke|p2|Aegislash, L50, F|\n|poke|p2|Ninetales-Alola, L50, F|\n|poke|p2|Incineroar, L50, M|\n|poke|p2|Aerodactyl, L50, M|\n|poke|p2|Sneasler, L50, M|\n|teampreview|4\n|inactive|Battle timer is ON: inactive players will automatically lose when time's up. (requested by tubbatub)\nmaksimilian123 has agreed to open team sheets.\n|inactive|tubbatub has 60 seconds left.\n|\n|t:|1776461235\n|teamsize|p1|4\n|teamsize|p2|4\n|start\n|switch|p1a: Palafin|Palafin, L50, M|100/100\n|switch|p1b: Sneasler|Sneasler, L50, M|100/100\n|switch|p2a: Ninetales|Ninetales-Alola, L50, F|100/100\n|switch|p2b: Aerodactyl|Aerodactyl, L50, M|100/100\n|-ability|p2b: Aerodactyl|Unnerve\n|-weather|Snowscape|[from] ability: Snow Warning|[of] p2a: Ninetales\n|turn|1\n|\n|t:|1776461251\n|move|p2b: Aerodactyl|Protect|p2b: Aerodactyl\n|-singleturn|p2b: Aerodactyl|Protect\n|move|p2a: Ninetales|Protect|p2a: Ninetales\n|-singleturn|p2a: Ninetales|Protect\n|move|p1b: Sneasler|Fake Out|p2a: Ninetales\n|-activate|p2a: Ninetales|move: Protect\n|move|p1a: Palafin|Flip Turn|p2b: Aerodactyl\n|-activate|p2b: Aerodactyl|move: Protect\n|\n|-weather|Snowscape|[upkeep]\n|upkeep\n|turn|2\n|\n|t:|1776461274\n|move|p1a: Palafin|Flip Turn|p2b: Aerodactyl\n|-supereffective|p2b: Aerodactyl|1\n|-damage|p2b: Aerodactyl|39/100\n|\n|t:|1776461280\n|detailschange|p1a: Palafin|Palafin-Hero, L50, M\n|switch|p1a: Dragonite|Dragonite, L50, F|100/100|[from] Flip Turn\n|move|p2b: Aerodactyl|Dual Wingbeat|p1b: Sneasler\n|-supereffective|p1b: Sneasler|1\n|-damage|p1b: Sneasler|46/100\n|-supereffective|p1b: Sneasler|1\n|-damage|p1b: Sneasler|0 fnt\n|faint|p1b: Sneasler\n|-hitcount|p1: Sneasler|2\n|move|p2a: Ninetales|Aurora Veil|p2a: Ninetales\n|-sidestart|p2: tubbatub|move: Aurora Veil\n|\n|-weather|Snowscape|[upkeep]\n|upkeep\n|\n|t:|1776461286\n|switch|p1b: Delphox|Delphox, L50, F|100/100\n|turn|3\n|\n|t:|1776461295\n|detailschange|p1b: Delphox|Delphox-Mega, L50, F\n|-mega|p1b: Delphox|Delphox|Delphoxite\n|move|p2a: Ninetales|Protect|p2a: Ninetales\n|-singleturn|p2a: Ninetales|Protect\n|move|p1b: Delphox|Heat Wave|p2b: Aerodactyl|[spread] p2b\n|-activate|p2a: Ninetales|move: Protect\n|-resisted|p2b: Aerodactyl|1\n|-crit|p2b: Aerodactyl\n|-damage|p2b: Aerodactyl|4/100\n|move|p2b: Aerodactyl|Rock Slide|p1b: Delphox|[spread] p1a\n|-miss|p2b: Aerodactyl|p1b: Delphox\n|-supereffective|p1a: Dragonite|1\n|-damage|p1a: Dragonite|82/100\n|cant|p1a: Dragonite|flinch\n|\n|-weather|Snowscape|[upkeep]\n|upkeep\n|turn|4\n|\n|t:|1776461314\n|switch|p2a: Incineroar|Incineroar, L50, M|100/100\n|-ability|p2a: Incineroar|Intimidate|boost\n|-unboost|p1a: Dragonite|atk|1\n|-unboost|p1b: Delphox|atk|1\n|move|p2b: Aerodactyl|Protect|p2b: Aerodactyl\n|-singleturn|p2b: Aerodactyl|Protect\n|move|p1a: Dragonite|Extreme Speed|p2b: Aerodactyl\n|-activate|p2b: Aerodactyl|move: Protect\n|move|p1b: Delphox|Heat Wave|p2a: Incineroar|[spread] p2a\n|-activate|p2b: Aerodactyl|move: Protect\n|-resisted|p2a: Incineroar|1\n|-damage|p2a: Incineroar|87/100\n|\n|-weather|Snowscape|[upkeep]\n|upkeep\n|turn|5\n|\n|t:|1776461338\n|move|p2a: Incineroar|Fake Out|p1b: Delphox\n|-damage|p1b: Delphox|85/100\n|move|p1a: Dragonite|Extreme Speed|p2b: Aerodactyl\n|-resisted|p2b: Aerodactyl|1\n|-damage|p2b: Aerodactyl|0 fnt\n|faint|p2b: Aerodactyl\n|cant|p1b: Delphox|flinch\n|\n|-weather|none\n|upkeep\n|\n|t:|1776461345\n|switch|p2b: Ninetales|Ninetales-Alola, L50, F|100/100\n|-weather|Snowscape|[from] ability: Snow Warning|[of] p2b: Ninetales\n|turn|6\n|\n|t:|1776461360\n|move|p2b: Ninetales|Protect|p2b: Ninetales\n|-singleturn|p2b: Ninetales|Protect\n|move|p1b: Delphox|Heat Wave|p2a: Incineroar|[spread] p2a\n|-activate|p2b: Ninetales|move: Protect\n|-resisted|p2a: Incineroar|1\n|-damage|p2a: Incineroar|74/100\n|move|p1a: Dragonite|Dragon Claw|p2a: Incineroar\n|-damage|p2a: Incineroar|57/100\n|move|p2a: Incineroar|Throat Chop|p1b: Delphox\n|-supereffective|p1b: Delphox|1\n|-damage|p1b: Delphox|0 fnt\n|faint|p1b: Delphox\n|\n|-weather|Snowscape|[upkeep]\n|-sideend|p2: tubbatub|move: Aurora Veil\n|upkeep\n|\n|t:|1776461366\n|switch|p1b: Palafin|Palafin-Hero, L50, M|100/100\n|-activate|p1b: Palafin|ability: Zero to Hero\n|turn|7\n|\n|t:|1776461380\n|move|p1a: Dragonite|Extreme Speed|p2b: Ninetales\n|-damage|p2b: Ninetales|80/100\n|move|p1b: Palafin|Wave Crash|p2a: Incineroar\n|-supereffective|p2a: Incineroar|1\n|-damage|p2a: Incineroar|0 fnt\n|faint|p2a: Incineroar\n|-damage|p1b: Palafin|80/100|[from] Recoil\n|move|p2b: Ninetales|Blizzard|p1a: Dragonite|[spread] p1a,p1b\n|-supereffective|p1a: Dragonite|2\n|-resisted|p1b: Palafin|1\n|-damage|p1a: Dragonite|0 fnt\n|-damage|p1b: Palafin|63/100\n|-status|p1b: Palafin|frz\n|faint|p1a: Dragonite\n|\n|-weather|Snowscape|[upkeep]\n|upkeep\n|-message|maksimilian123 forfeited.\n|\n|win|tubbatub\n|raw|maksimilian123's rating: 1074 &rarr; <strong>1054</strong><br />(-20 for losing)\n|raw|tubbatub's rating: 1089 &rarr; <strong>1115</strong><br />(+26 for winning)\n|l|\u2606maksimilian123\n|player|p1|\n",
  "uploadtime": 1776461396,
  "views": 23,
  "formatid": "gen9championsvgc2026regma",
  "rating": 1054,
  "private": 0,
  "password": null
}