{
  "id": "gen9championsvgc2026regma-2589572525",
  "format": "[Gen 9 Champions] VGC 2026 Reg M-A",
  "players": [
    "guioguoguo",
    "RK9 Only"
  ],
  "log": "|j|\u2606guioguoguo\n|j|\u2606RK9 Only\n|t:|1776735316\n|gametype|doubles\n|player|p1|guioguoguo|266|1156\n|player|p2|RK9 Only|crasherwake|1237\n|gen|9\n|tier|[Gen 9 Champions] VGC 2026 Reg M-A\n|rated|\n|rule|Species Clause: Limit one of each Pok\u00e9mon\n|rule|Item Clause: Limit 1 of each item\n|clearpoke\n|poke|p1|Excadrill, L50, M, shiny|\n|poke|p1|Hawlucha, L50, F, shiny|\n|poke|p1|Tyranitar, L50, M, shiny|\n|poke|p1|Espathra, L50, M, shiny|\n|poke|p1|Sinistcha, L50, shiny|\n|poke|p1|Incineroar, L50, F, shiny|\n|poke|p2|Venusaur, L50, M|\n|poke|p2|Archaludon, L50, F|\n|poke|p2|Slowking-Galar, L50, F|\n|poke|p2|Basculegion, L50, M|\n|poke|p2|Pelipper, L50, M|\n|poke|p2|Sableye, L50, M|\n|teampreview|4\n|inactive|Battle timer is ON: inactive players will automatically lose when time's up. (requested by RK9 Only)\nRK9 Only rejected open team sheets.\n|\n|t:|1776735345\n|teamsize|p1|4\n|teamsize|p2|4\n|start\n|switch|p1a: Excadrill|Excadrill, L50, M, shiny|100/100\n|switch|p1b: Hawlucha|Hawlucha, L50, F, shiny|100/100\n|switch|p2a: Sableye|Sableye, L50, M|100/100\n|switch|p2b: Archaludon|Archaludon, L50, F|100/100\n|-ability|p1b: Hawlucha|Mold Breaker\n|turn|1\n|\n|t:|1776735370\n|detailschange|p1b: Hawlucha|Hawlucha-Mega, L50, F, shiny\n|-mega|p1b: Hawlucha|Hawlucha|Hawluchanite\n|move|p2b: Archaludon|Protect|p2b: Archaludon\n|-singleturn|p2b: Archaludon|Protect\n|move|p2a: Sableye|Will-O-Wisp|p1a: Excadrill\n|-status|p1a: Excadrill|brn\n|move|p1b: Hawlucha|Entrainment|p1a: Excadrill\n|-ability|p1a: Excadrill|No Guard|Sand Rush|[from] move: Entrainment|[of] p1b: Hawlucha\n|move|p1a: Excadrill|Fissure|p2b: Archaludon\n|-activate|p2b: Archaludon|move: Protect\n|\n|-damage|p1a: Excadrill|94/100 brn|[from] brn\n|upkeep\n|turn|2\n|c|\u2606RK9 Only|thats so busted\n|inactive|RK9 Only has 30 seconds left.\n|\n|t:|1776735403\n|switch|p1b: Sinistcha|Sinistcha, L50, shiny|100/100\n|-heal|p1a: Excadrill|100/100 brn|[from] ability: Hospitality|[of] p1b: Sinistcha\n|switch|p2b: Pelipper|Pelipper, L50, M|100/100\n|-weather|RainDance|[from] ability: Drizzle|[of] p2b: Pelipper\n|move|p2a: Sableye|Will-O-Wisp|p1b: Sinistcha\n|-status|p1b: Sinistcha|brn\n|move|p1a: Excadrill|Fissure|p2b: Pelipper\n|-immune|p2b: Pelipper\n|\n|-weather|RainDance|[upkeep]\n|-damage|p1b: Sinistcha|94/100 brn|[from] brn\n|-damage|p1a: Excadrill|94/100 brn|[from] brn\n|upkeep\n|turn|3\n|\n|t:|1776735427\n|switch|p1b: Hawlucha|Hawlucha-Mega, L50, F, shiny|100/100\n|move|p1a: Excadrill|Protect|p1a: Excadrill\n|-singleturn|p1a: Excadrill|Protect\n|move|p2a: Sableye|Rain Dance||[still]\n|-fail|p2a: Sableye\n|move|p2b: Pelipper|Muddy Water|p1a: Excadrill|[spread] p1b\n|-activate|p1a: Excadrill|move: Protect\n|-damage|p1b: Hawlucha|48/100\n|\n|-weather|RainDance|[upkeep]\n|-damage|p1a: Excadrill|88/100 brn|[from] brn\n|upkeep\n|turn|4\n|\n|t:|1776735445\n|switch|p1b: Sinistcha|Sinistcha, L50, shiny|94/100 brn\n|-heal|p1a: Excadrill|100/100 brn|[from] ability: Hospitality|[of] p1b: Sinistcha\n|move|p2a: Sableye|Rain Dance||[still]\n|-fail|p2a: Sableye\n|move|p2b: Pelipper|Muddy Water|p1b: Sinistcha|[spread] p1a,p1b\n|-supereffective|p1a: Excadrill|1\n|-resisted|p1b: Sinistcha|1\n|-damage|p1a: Excadrill|2/100 brn\n|-damage|p1b: Sinistcha|63/100 brn\n|move|p1a: Excadrill|Horn Drill|p2b: Pelipper\n|-damage|p2b: Pelipper|0 fnt\n|faint|p2b: Pelipper\n|-ohko\n|\n|-weather|RainDance|[upkeep]\n|-damage|p1b: Sinistcha|57/100 brn|[from] brn\n|-damage|p1a: Excadrill|0 fnt|[from] brn\n|faint|p1a: Excadrill\n|upkeep\n|inactive|RK9 Only has 30 seconds left.\n|\n|t:|1776735471\n|switch|p2b: Archaludon|Archaludon, L50, F|100/100\n|switch|p1a: Espathra|Espathra, L50, M, shiny|100/100\n|turn|5\n|\n|t:|1776735485\n|move|p1a: Espathra|Protect|p1a: Espathra\n|-singleturn|p1a: Espathra|Protect\n|move|p2a: Sableye|Light Screen|p2a: Sableye\n|-sidestart|p2: RK9 Only|move: Light Screen\n|move|p1b: Sinistcha|Matcha Gotcha|p2a: Sableye|[spread] p2a,p2b\n|-resisted|p2b: Archaludon|2\n|-damage|p2a: Sableye|75/100\n|-heal|p1b: Sinistcha|70/100 brn|[from] drain|[of] p2a: Sableye\n|-damage|p2b: Archaludon|96/100\n|-heal|p1b: Sinistcha|73/100 brn|[from] drain|[of] p2b: Archaludon\n|-status|p2a: Sableye|brn\n|-status|p2b: Archaludon|brn\n|-ability|p2b: Archaludon|Stamina|boost\n|-boost|p2b: Archaludon|def|1\n|move|p2b: Archaludon|Snarl|p1a: Espathra|[spread] \n|-activate|p1a: Espathra|move: Protect\n|-miss|p2b: Archaludon|p1b: Sinistcha\n|\n|-weather|RainDance|[upkeep]\n|-damage|p1b: Sinistcha|67/100 brn|[from] brn\n|-damage|p2b: Archaludon|90/100 brn|[from] brn\n|-damage|p2a: Sableye|69/100 brn|[from] brn\n|-ability|p1a: Espathra|Speed Boost|boost\n|-boost|p1a: Espathra|spe|1\n|upkeep\n|turn|6\n|inactive|guioguoguo has 30 seconds left.\n|\n|t:|1776735513\n|switch|p1b: Hawlucha|Hawlucha-Mega, L50, F, shiny|48/100\n|move|p2a: Sableye|Taunt|p1a: Espathra\n|-start|p1a: Espathra|move: Taunt\n|cant|p1a: Espathra|move: Taunt|Calm Mind\n|move|p2b: Archaludon|Electro Shot||[still]\n|-prepare|p2b: Archaludon|Electro Shot\n|-boost|p2b: Archaludon|spa|1\n|-anim|p2b: Archaludon|Electro Shot|p1a: Espathra\n|-damage|p1a: Espathra|23/100\n|\n|-weather|none\n|-damage|p2b: Archaludon|84/100 brn|[from] brn\n|-damage|p2a: Sableye|64/100 brn|[from] brn\n|-ability|p1a: Espathra|Speed Boost|boost\n|-boost|p1a: Espathra|spe|1\n|upkeep\n|turn|7\n|inactive|guioguoguo has 30 seconds left.\n|inactive|guioguoguo has 20 seconds left.\n|inactive|guioguoguo has 15 seconds left.\n|inactive|guioguoguo has 10 seconds left.\n|\n|t:|1776735561\n|switch|p1a: Sinistcha|Sinistcha, L50, shiny|67/100 brn\n|-heal|p1b: Hawlucha|73/100|[from] ability: Hospitality|[of] p1a: Sinistcha\n|move|p2a: Sableye|Will-O-Wisp|p1b: Hawlucha\n|-status|p1b: Hawlucha|brn\n|move|p1b: Hawlucha|Cross Chop|p2b: Archaludon\n|-supereffective|p2b: Archaludon|1\n|-enditem|p2b: Archaludon|Chople Berry|[eat]\n|-enditem|p2b: Archaludon|Chople Berry|[weaken]\n|-damage|p2b: Archaludon|71/100 brn\n|-ability|p2b: Archaludon|Stamina|boost\n|-boost|p2b: Archaludon|def|1\n|move|p2b: Archaludon|Snarl|p1a: Sinistcha|[spread] p1a,p1b\n|-supereffective|p1a: Sinistcha|1\n|-resisted|p1b: Hawlucha|1\n|-damage|p1a: Sinistcha|18/100 brn\n|-damage|p1b: Hawlucha|63/100 brn\n|-unboost|p1a: Sinistcha|spa|1\n|-unboost|p1b: Hawlucha|spa|1\n|\n|-damage|p1a: Sinistcha|12/100 brn|[from] brn\n|-damage|p1b: Hawlucha|58/100 brn|[from] brn\n|-damage|p2b: Archaludon|65/100 brn|[from] brn\n|-damage|p2a: Sableye|58/100 brn|[from] brn\n|upkeep\n|turn|8\n|c|\u2606guioguoguo|gg\n|c|\u2606RK9 Only|gg\n|inactive|guioguoguo has 30 seconds left.\n|\n|t:|1776735592\n|move|p2a: Sableye|Rain Dance|p2a: Sableye\n|-weather|RainDance\n|move|p1a: Sinistcha|Matcha Gotcha|p2a: Sableye|[spread] p2a,p2b\n|-resisted|p2b: Archaludon|2\n|-damage|p2a: Sableye|40/100 brn\n|-heal|p1a: Sinistcha|21/100 brn|[from] drain|[of] p2a: Sableye\n|-damage|p2b: Archaludon|62/100 brn\n|-heal|p1a: Sinistcha|23/100 brn|[from] drain|[of] p2b: Archaludon\n|-ability|p2b: Archaludon|Stamina|boost\n|-boost|p2b: Archaludon|def|1\n|-enditem|p2a: Sableye|Sitrus Berry|[eat]\n|-heal|p2a: Sableye|65/100 brn|[from] item: Sitrus Berry\n|move|p1b: Hawlucha|Cross Chop|p2b: Archaludon\n|-supereffective|p2b: Archaludon|1\n|-crit|p2b: Archaludon\n|-damage|p2b: Archaludon|1/100 brn\n|-ability|p2b: Archaludon|Stamina|boost\n|-boost|p2b: Archaludon|def|1\n|move|p2b: Archaludon|Electro Shot||[still]\n|-prepare|p2b: Archaludon|Electro Shot\n|-boost|p2b: Archaludon|spa|1\n|-anim|p2b: Archaludon|Electro Shot|p1b: Hawlucha\n|-supereffective|p1b: Hawlucha|1\n|-crit|p1b: Hawlucha\n|-damage|p1b: Hawlucha|0 fnt\n|faint|p1b: Hawlucha\n|\n|-weather|RainDance|[upkeep]\n|-damage|p1a: Sinistcha|17/100 brn|[from] brn\n|-damage|p2b: Archaludon|0 fnt|[from] brn\n|faint|p2b: Archaludon\n|-damage|p2a: Sableye|59/100 brn|[from] brn\n|upkeep\n|c|\u2606RK9 Only|damn crit lol\n|inactive|guioguoguo has 30 seconds left.\n|inactive|RK9 Only has 30 seconds left.\n|\n|t:|1776735618\n|switch|p1b: Espathra|Espathra, L50, M, shiny|23/100\n|switch|p2b: Basculegion|Basculegion, L50, M|100/100\n|turn|9\n|\n|t:|1776735631\n|move|p2b: Basculegion|Protect|p2b: Basculegion\n|-singleturn|p2b: Basculegion|Protect\n|move|p1b: Espathra|Protect|p1b: Espathra\n|-singleturn|p1b: Espathra|Protect\n|move|p2a: Sableye|Will-O-Wisp|p1b: Espathra\n|-activate|p1b: Espathra|move: Protect\n|move|p1a: Sinistcha|Matcha Gotcha|p2a: Sableye|[spread] \n|-activate|p2b: Basculegion|move: Protect\n|-miss|p1a: Sinistcha|p2a: Sableye\n|\n|-weather|RainDance|[upkeep]\n|-damage|p1a: Sinistcha|11/100 brn|[from] brn\n|-damage|p2a: Sableye|53/100 brn|[from] brn\n|-sideend|p2: RK9 Only|move: Light Screen\n|-ability|p1b: Espathra|Speed Boost|boost\n|-boost|p1b: Espathra|spe|1\n|upkeep\n|turn|10\n|\n|t:|1776735649\n|move|p2b: Basculegion|Aqua Jet|p1b: Espathra\n|-damage|p1b: Espathra|0 fnt\n|faint|p1b: Espathra\n|move|p2a: Sableye|Light Screen|p2a: Sableye\n|-sidestart|p2: RK9 Only|move: Light Screen\n|move|p1a: Sinistcha|Matcha Gotcha|p2b: Basculegion|[spread] p2a,p2b\n|-supereffective|p2b: Basculegion|1\n|-damage|p2a: Sableye|37/100 brn\n|-heal|p1a: Sinistcha|20/100 brn|[from] drain|[of] p2a: Sableye\n|-damage|p2b: Basculegion|71/100\n|-heal|p1a: Sinistcha|40/100 brn|[from] drain|[of] p2b: Basculegion\n|\n|-weather|RainDance|[upkeep]\n|-damage|p1a: Sinistcha|34/100 brn|[from] brn\n|-damage|p2a: Sableye|32/100 brn|[from] brn\n|upkeep\n|turn|11\n|\n|t:|1776735666\n|move|p2a: Sableye|Taunt|p1a: Sinistcha\n|-start|p1a: Sinistcha|move: Taunt\n|move|p2b: Basculegion|Last Respects|p1a: Sinistcha\n|-supereffective|p1a: Sinistcha|1\n|-damage|p1a: Sinistcha|0 fnt\n|faint|p1a: Sinistcha\n|\n|win|RK9 Only\n|raw|guioguoguo's rating: 1156 &rarr; <strong>1137</strong><br />(-19 for losing)\n|raw|RK9 Only's rating: 1237 &rarr; <strong>1256</strong><br />(+19 for winning)\n",
  "uploadtime": 1776735673,
  "views": 3,
  "formatid": "gen9championsvgc2026regma",
  "rating": 1137,
  "private": 0,
  "password": null
}