{
  "id": "gen9championsvgc2026regma-2582870873",
  "format": "[Gen 9 Champions] VGC 2026 Reg M-A",
  "players": [
    "MewtwOficial",
    "rgeee"
  ],
  "log": "|j|\u2606MewtwOficial\n|j|\u2606rgeee\n|t:|1776120745\n|gametype|doubles\n|player|p1|MewtwOficial|roxie|1365\n|player|p2|rgeee|170|1367\n|gen|9\n|tier|[Gen 9 Champions] VGC 2026 Reg M-A\n|rated|\n|rule|Species Clause: Limit one of each Pok\u00e9mon\n|rule|Item Clause: Limit 1 of each item\n|clearpoke\n|poke|p1|Sneasler, L50, M|\n|poke|p1|Pelipper, L50, F|\n|poke|p1|Sinistcha, L50|\n|poke|p1|Archaludon, L50, M|\n|poke|p1|Raichu, L50, F|\n|poke|p1|Dragonite, L50, F|\n|poke|p2|Floette-Eternal, L50, F|\n|poke|p2|Maushold, L50|\n|poke|p2|Garchomp, L50, F|\n|poke|p2|Talonflame, L50, M|\n|poke|p2|Rotom-Wash, L50|\n|poke|p2|Aegislash, L50, F|\n|teampreview|4\n|inactive|Battle timer is ON: inactive players will automatically lose when time's up. (requested by MewtwOficial)\n|c|\u2606MewtwOficial|glhf\n|c|\u2606rgeee|glhf\n|inactive|MewtwOficial has 60 seconds left.\n|inactive|MewtwOficial has 30 seconds left.\n|inactive|MewtwOficial has 20 seconds left.\n|\n|t:|1776120821\n|teamsize|p1|4\n|teamsize|p2|4\n|start\n|switch|p1a: Raichu|Raichu, L50, F|100/100\n|switch|p1b: Archaludon|Archaludon, L50, M|100/100\n|switch|p2a: Garchomp|Garchomp, L50, F|100/100\n|switch|p2b: Talonflame|Talonflame, L50, M|100/100\n|turn|1\n|\n|t:|1776120843\n|move|p2b: Talonflame|Protect|p2b: Talonflame\n|-singleturn|p2b: Talonflame|Protect\n|move|p2a: Garchomp|Protect|p2a: Garchomp\n|-singleturn|p2a: Garchomp|Protect\n|move|p1a: Raichu|Fake Out|p2a: Garchomp\n|-activate|p2a: Garchomp|move: Protect\n|move|p1b: Archaludon|Dragon Pulse|p2a: Garchomp\n|-activate|p2a: Garchomp|move: Protect\n|\n|upkeep\n|turn|2\n|j| Vaporeon1021\n|inactive|MewtwOficial has 30 seconds left.\n|\n|t:|1776120875\n|move|p2b: Talonflame|Tailwind|p2b: Talonflame\n|-sidestart|p2: rgeee|move: Tailwind\n|move|p2a: Garchomp|Earthquake|p1a: Raichu|[spread] p1a,p1b\n|-immune|p2b: Talonflame\n|-supereffective|p1a: Raichu|1\n|-supereffective|p1b: Archaludon|1\n|-enditem|p1a: Raichu|Focus Sash\n|-damage|p1a: Raichu|1/100\n|-damage|p1b: Archaludon|38/100\n|-ability|p1b: Archaludon|Stamina|boost\n|-boost|p1b: Archaludon|def|1\n|move|p1a: Raichu|Volt Switch|p2b: Talonflame\n|-supereffective|p2b: Talonflame|1\n|-damage|p2b: Talonflame|15/100\n|j| XungLao\n|l| XungLao\n|\n|t:|1776120887\n|switch|p1a: Sinistcha|Sinistcha, L50|100/100|[from] Volt Switch\n|-heal|p1b: Archaludon|63/100|[from] ability: Hospitality|[of] p1a: Sinistcha\n|move|p1b: Archaludon|Dragon Pulse|p2a: Garchomp\n|-supereffective|p2a: Garchomp|1\n|-damage|p2a: Garchomp|0 fnt\n|faint|p2a: Garchomp\n|\n|-heal|p1b: Archaludon|69/100|[from] item: Leftovers\n|upkeep\n|\n|t:|1776120898\n|switch|p2a: Floette|Floette-Eternal, L50, F|100/100\n|turn|3\n|inactive|MewtwOficial has 30 seconds left.\n|\n|t:|1776120930\n|switch|p1a: Raichu|Raichu, L50, F|1/100\n|detailschange|p2a: Floette|Floette-Mega, L50, F\n|-mega|p2a: Floette|Floette|Floettite\n|-ability|p2a: Floette|Fairy Aura\n|move|p1b: Archaludon|Protect|p1b: Archaludon\n|-singleturn|p1b: Archaludon|Protect\n|move|p2b: Talonflame|Acrobatics|p1a: Raichu\n|-resisted|p1a: Raichu|1\n|-damage|p1a: Raichu|0 fnt\n|faint|p1a: Raichu\n|move|p2a: Floette|Dazzling Gleam|p1b: Archaludon\n|-activate|p1b: Archaludon|move: Protect\n|\n|-heal|p1b: Archaludon|75/100|[from] item: Leftovers\n|upkeep\n|j| XungLao\n|\n|t:|1776120952\n|switch|p1a: Sinistcha|Sinistcha, L50|100/100\n|-heal|p1b: Archaludon|99/100|[from] ability: Hospitality|[of] p1a: Sinistcha\n|turn|4\n|\n|t:|1776120964\n|move|p2a: Floette|Protect|p2a: Floette\n|-singleturn|p2a: Floette|Protect\n|move|p1a: Sinistcha|Protect|p1a: Sinistcha\n|-singleturn|p1a: Sinistcha|Protect\n|move|p2b: Talonflame|Flare Blitz|p1a: Sinistcha\n|-activate|p1a: Sinistcha|move: Protect\n|move|p1b: Archaludon|Dragon Pulse|p2b: Talonflame\n|-damage|p2b: Talonflame|0 fnt\n|faint|p2b: Talonflame\n|\n|-heal|p1b: Archaludon|100/100|[from] item: Leftovers\n|upkeep\n|\n|t:|1776120970\n|switch|p2b: Aegislash|Aegislash, L50, F|100/100\n|turn|5\n|\n|t:|1776120981\n|switch|p1a: Sneasler|Sneasler, L50, M|100/100\n|move|p2a: Floette|Dazzling Gleam|p1b: Archaludon|[spread] p1a,p1b\n|-crit|p1a: Sneasler\n|-damage|p1a: Sneasler|4/100\n|-damage|p1b: Archaludon|34/100\n|-ability|p1b: Archaludon|Stamina|boost\n|-boost|p1b: Archaludon|def|1\n|-formechange|p2b: Aegislash|Aegislash-Blade|\n|move|p2b: Aegislash|Poltergeist|p1a: Sneasler\n|-activate|p1a: Sneasler|move: Poltergeist|White Herb\n|-damage|p1a: Sneasler|0 fnt\n|faint|p1a: Sneasler\n|move|p1b: Archaludon|Flash Cannon|p2a: Floette\n|-supereffective|p2a: Floette|1\n|-damage|p2a: Floette|36/100\n|\n|-heal|p1b: Archaludon|40/100|[from] item: Leftovers\n|-sideend|p2: rgeee|move: Tailwind\n|upkeep\n|\n|t:|1776120991\n|switch|p1a: Sinistcha|Sinistcha, L50|100/100\n|-heal|p1b: Archaludon|65/100|[from] ability: Hospitality|[of] p1a: Sinistcha\n|turn|6\n|\n|t:|1776121002\n|move|p2a: Floette|Protect|p2a: Floette\n|-singleturn|p2a: Floette|Protect\n|move|p1b: Archaludon|Protect|p1b: Archaludon\n|-singleturn|p1b: Archaludon|Protect\n|move|p1a: Sinistcha|Shadow Ball|p2b: Aegislash\n|-supereffective|p2b: Aegislash|1\n|-damage|p2b: Aegislash|0 fnt\n|faint|p2b: Aegislash\n|\n|-heal|p1b: Archaludon|71/100|[from] item: Leftovers\n|upkeep\n|turn|7\n|j| UltimatheoryPK\n|c|\u2606MewtwOficial|GG\n|\n|t:|1776121011\n|move|p2a: Floette|Dazzling Gleam|p1b: Archaludon|[spread] p1a,p1b\n|-damage|p1a: Sinistcha|41/100\n|-damage|p1b: Archaludon|3/100\n|-ability|p1b: Archaludon|Stamina|boost\n|-boost|p1b: Archaludon|def|1\n|-enditem|p1a: Sinistcha|Sitrus Berry|[eat]\n|-heal|p1a: Sinistcha|66/100|[from] item: Sitrus Berry\n|move|p1b: Archaludon|Flash Cannon|p2a: Floette\n|-supereffective|p2a: Floette|1\n|-crit|p2a: Floette\n|-damage|p2a: Floette|0 fnt\n|faint|p2a: Floette\n|\n|win|MewtwOficial\n|raw|MewtwOficial's rating: 1365 &rarr; <strong>1385</strong><br />(+20 for winning)\n|raw|rgeee's rating: 1367 &rarr; <strong>1347</strong><br />(-20 for losing)\n|l|\u2606rgeee\n|player|p2|\n|l|\u2606MewtwOficial\n|player|p1|\n",
  "uploadtime": 1776121023,
  "views": 71,
  "formatid": "gen9championsvgc2026regma",
  "rating": 1347,
  "private": 0,
  "password": null
}