{
  "id": "gen9championsvgc2026regma-2585707045",
  "format": "[Gen 9 Champions] VGC 2026 Reg M-A",
  "players": [
    "ErringSleet6",
    "Darkwurmy05"
  ],
  "log": "|j|\u2606ErringSleet6\n|j|\u2606Darkwurmy05\n|t:|1776365060\n|gametype|doubles\n|player|p1|ErringSleet6|266|1101\n|player|p2|Darkwurmy05|1|1105\n|gen|9\n|tier|[Gen 9 Champions] VGC 2026 Reg M-A\n|rated|\n|rule|Species Clause: Limit one of each Pok\u00e9mon\n|rule|Item Clause: Limit 1 of each item\n|clearpoke\n|poke|p1|Aggron, L50, F|\n|poke|p1|Sinistcha, L50|\n|poke|p1|Incineroar, L50, F|\n|poke|p1|Pelipper, L50, F|\n|poke|p1|Aerodactyl, L50, M|\n|poke|p1|Meganium, L50, M|\n|poke|p2|Tyranitar, L50, M|\n|poke|p2|Corviknight, L50, M|\n|poke|p2|Rotom-Wash, L50|\n|poke|p2|Garchomp, L50, F|\n|poke|p2|Sneasler, L50, M|\n|poke|p2|Sinistcha, L50|\n|teampreview|4\n|inactive|Battle timer is ON: inactive players will automatically lose when time's up. (requested by Darkwurmy05)\nErringSleet6 has agreed to open team sheets.\n|inactive|Darkwurmy05 has 60 seconds left.\n|\n|t:|1776365092\n|teamsize|p1|4\n|teamsize|p2|4\n|start\n|switch|p1a: Incineroar|Incineroar, L50, F|100/100\n|switch|p1b: Pelipper|Pelipper, L50, F|100/100\n|switch|p2a: Rotom|Rotom-Wash, L50|100/100\n|switch|p2b: Tyranitar|Tyranitar, L50, M|100/100\n|-weather|Sandstorm|[from] ability: Sand Stream|[of] p2b: Tyranitar\n|-weather|RainDance|[from] ability: Drizzle|[of] p1b: Pelipper\n|-ability|p1a: Incineroar|Intimidate|boost\n|-unboost|p2a: Rotom|atk|1\n|-unboost|p2b: Tyranitar|atk|1\n|turn|1\n|\n|t:|1776365110\n|move|p2b: Tyranitar|Protect|p2b: Tyranitar\n|-singleturn|p2b: Tyranitar|Protect\n|move|p1a: Incineroar|Fake Out|p2a: Rotom\n|-damage|p2a: Rotom|90/100\n|cant|p2a: Rotom|flinch\n|move|p1b: Pelipper|Weather Ball|p2b: Tyranitar\n|-activate|p2b: Tyranitar|move: Protect\n|\n|-weather|RainDance|[upkeep]\n|-heal|p2a: Rotom|95/100|[from] item: Leftovers\n|upkeep\n|turn|2\n|inactive|ErringSleet6 has 30 seconds left.\n|inactive|Darkwurmy05 has 30 seconds left.\n|\n|t:|1776365136\n|switch|p1b: Aggron|Aggron, L50, F|100/100\n|move|p2b: Tyranitar|Rock Slide|p1a: Incineroar|[spread] p1a,p1b\n|-supereffective|p1a: Incineroar|1\n|-resisted|p1b: Aggron|1\n|-damage|p1a: Incineroar|71/100\n|-damage|p1b: Aggron|95/100\n|move|p2a: Rotom|Electroweb|p1a: Incineroar|[spread] p1a,p1b\n|-damage|p1a: Incineroar|55/100\n|-damage|p1b: Aggron|76/100\n|-unboost|p1a: Incineroar|spe|1\n|-unboost|p1b: Aggron|spe|1\n|move|p1a: Incineroar|Parting Shot|p2a: Rotom\n|-unboost|p2a: Rotom|atk|1\n|-unboost|p2a: Rotom|spa|1\n|\n|t:|1776365150\n|switch|p1a: Sinistcha|Sinistcha, L50|100/100|[from] Parting Shot\n|-heal|p1b: Aggron|100/100|[from] ability: Hospitality|[of] p1a: Sinistcha\n|\n|-weather|RainDance|[upkeep]\n|-heal|p2a: Rotom|100/100|[from] item: Leftovers\n|upkeep\n|turn|3\n|\n|t:|1776365165\n|detailschange|p2b: Tyranitar|Tyranitar-Mega, L50, M\n|-mega|p2b: Tyranitar|Tyranitar|Tyranitarite\n|-weather|Sandstorm|[from] ability: Sand Stream|[of] p2b: Tyranitar\n|detailschange|p1b: Aggron|Aggron-Mega, L50, F\n|-mega|p1b: Aggron|Aggron|Aggronite\n|move|p2b: Tyranitar|Knock Off|p1a: Sinistcha\n|-supereffective|p1a: Sinistcha|1\n|-damage|p1a: Sinistcha|33/100\n|-enditem|p1a: Sinistcha|Leftovers|[from] move: Knock Off|[of] p2b: Tyranitar\n|move|p2a: Rotom|Hydro Pump|p1b: Aggron\n|-damage|p1b: Aggron|71/100\n|move|p1b: Aggron|Iron Defense|p1b: Aggron\n|-boost|p1b: Aggron|def|2\n|move|p1a: Sinistcha|Trick Room|p1a: Sinistcha\n|-fieldstart|move: Trick Room|[of] p1a: Sinistcha\n|\n|-weather|Sandstorm|[upkeep]\n|-damage|p1a: Sinistcha|27/100|[from] Sandstorm\n|-damage|p2a: Rotom|95/100|[from] Sandstorm\n|-heal|p2a: Rotom|100/100|[from] item: Leftovers\n|upkeep\n|turn|4\n|\n|t:|1776365189\n|switch|p1a: Pelipper|Pelipper, L50, F|100/100\n|-weather|RainDance|[from] ability: Drizzle|[of] p1a: Pelipper\n|move|p2b: Tyranitar|Protect|p2b: Tyranitar\n|-singleturn|p2b: Tyranitar|Protect\n|move|p1b: Aggron|Body Press|p2b: Tyranitar\n|-activate|p2b: Tyranitar|move: Protect\n|move|p2a: Rotom|Volt Switch|p1a: Pelipper\n|-supereffective|p1a: Pelipper|2\n|-damage|p1a: Pelipper|15/100\n|-enditem|p1a: Pelipper|Sitrus Berry|[eat]\n|-heal|p1a: Pelipper|40/100|[from] item: Sitrus Berry\n|\n|t:|1776365208\n|switch|p2a: Garchomp|Garchomp, L50, F|100/100|[from] Volt Switch\n|\n|-weather|RainDance|[upkeep]\n|upkeep\n|turn|5\n|\n|t:|1776365227\n|switch|p2b: Rotom|Rotom-Wash, L50|100/100\n|move|p1b: Aggron|Body Press|p2b: Rotom\n|-damage|p2b: Rotom|22/100\n|move|p1a: Pelipper|Weather Ball|p2a: Garchomp\n|-damage|p2a: Garchomp|46/100\n|move|p2a: Garchomp|Earthquake|p1b: Aggron|[spread] p1b\n|-immune|p2b: Rotom|[from] ability: Levitate\n|-immune|p1a: Pelipper\n|-supereffective|p1b: Aggron|1\n|-damage|p1b: Aggron|56/100\n|\n|-weather|RainDance|[upkeep]\n|-heal|p2b: Rotom|28/100|[from] item: Leftovers\n|upkeep\n|turn|6\n|\n|t:|1776365251\n|switch|p2a: Sneasler|Sneasler, L50, M|100/100\n|move|p1b: Aggron|Body Press|p2a: Sneasler\n|-resisted|p2a: Sneasler|1\n|-damage|p2a: Sneasler|57/100\n|move|p1a: Pelipper|Weather Ball|p2b: Rotom\n|-resisted|p2b: Rotom|1\n|-damage|p2b: Rotom|3/100\n|move|p2b: Rotom|Volt Switch|p1a: Pelipper\n|-supereffective|p1a: Pelipper|2\n|-crit|p1a: Pelipper\n|-damage|p1a: Pelipper|0 fnt\n|faint|p1a: Pelipper\n|\n|t:|1776365265\n|switch|p2b: Tyranitar|Tyranitar-Mega, L50, M|100/100|[from] Volt Switch\n|-weather|Sandstorm|[from] ability: Sand Stream|[of] p2b: Tyranitar\n|\n|-weather|Sandstorm|[upkeep]\n|-damage|p2a: Sneasler|51/100|[from] Sandstorm\n|upkeep\n|\n|t:|1776365271\n|switch|p1a: Incineroar|Incineroar, L50, F|55/100\n|-ability|p1a: Incineroar|Intimidate|boost\n|-unboost|p2a: Sneasler|atk|1\n|-unboost|p2b: Tyranitar|atk|1\n|-enditem|p2a: Sneasler|White Herb\n|-clearnegativeboost|p2a: Sneasler|[silent]\n|turn|7\n|\n|t:|1776365281\n|move|p2b: Tyranitar|Protect|p2b: Tyranitar\n|-singleturn|p2b: Tyranitar|Protect\n|move|p2a: Sneasler|Protect|p2a: Sneasler\n|-singleturn|p2a: Sneasler|Protect\n|move|p1a: Incineroar|Fake Out|p2a: Sneasler\n|-activate|p2a: Sneasler|move: Protect\n|move|p1b: Aggron|Body Press|p2b: Tyranitar\n|-activate|p2b: Tyranitar|move: Protect\n|\n|-weather|Sandstorm|[upkeep]\n|-damage|p1a: Incineroar|49/100|[from] Sandstorm\n|-damage|p2a: Sneasler|45/100|[from] Sandstorm\n|-fieldend|move: Trick Room\n|upkeep\n|turn|8\n|inactive|Darkwurmy05 has 30 seconds left.\n|\n|t:|1776365312\n|switch|p2b: Garchomp|Garchomp, L50, F|46/100\n|move|p2a: Sneasler|Close Combat|p1b: Aggron\n|-supereffective|p1b: Aggron|1\n|-damage|p1b: Aggron|36/100\n|-unboost|p2a: Sneasler|def|1\n|-unboost|p2a: Sneasler|spd|1\n|move|p1a: Incineroar|Parting Shot|p2a: Sneasler\n|-unboost|p2a: Sneasler|atk|1\n|-unboost|p2a: Sneasler|spa|1\n|\n|t:|1776365322\n|switch|p1a: Sinistcha|Sinistcha, L50|27/100|[from] Parting Shot\n|-heal|p1b: Aggron|60/100|[from] ability: Hospitality|[of] p1a: Sinistcha\n|move|p1b: Aggron|Body Press|p2b: Garchomp\n|-damage|p2b: Garchomp|0 fnt\n|-damage|p1b: Aggron|48/100|[from] ability: Rough Skin|[of] p2b: Garchomp\n|faint|p2b: Garchomp\n|\n|-weather|Sandstorm|[upkeep]\n|-damage|p2a: Sneasler|40/100|[from] Sandstorm\n|-damage|p1a: Sinistcha|21/100|[from] Sandstorm\n|upkeep\n|\n|t:|1776365332\n|switch|p2b: Tyranitar|Tyranitar-Mega, L50, M|100/100\n|turn|9\n|inactive|ErringSleet6 has 30 seconds left.\n|\n|t:|1776365362\n|switch|p2a: Rotom|Rotom-Wash, L50|3/100\n|move|p2b: Tyranitar|Protect|p2b: Tyranitar\n|-singleturn|p2b: Tyranitar|Protect\n|move|p1b: Aggron|Body Press|p2b: Tyranitar\n|-activate|p2b: Tyranitar|move: Protect\n|move|p1a: Sinistcha|Trick Room|p1a: Sinistcha\n|-fieldstart|move: Trick Room|[of] p1a: Sinistcha\n|\n|-weather|Sandstorm|[upkeep]\n|-damage|p1a: Sinistcha|15/100|[from] Sandstorm\n|-damage|p2a: Rotom|0 fnt|[from] Sandstorm\n|faint|p2a: Rotom\n|upkeep\n|\n|t:|1776365373\n|switch|p2a: Sneasler|Sneasler, L50, M|40/100\n|turn|10\n|\n|t:|1776365379\n|move|p1a: Sinistcha|Rage Powder|p1a: Sinistcha\n|-singleturn|p1a: Sinistcha|move: Rage Powder\n|move|p1b: Aggron|Body Press|p2b: Tyranitar\n|-supereffective|p2b: Tyranitar|2\n|-crit|p2b: Tyranitar\n|-damage|p2b: Tyranitar|0 fnt\n|faint|p2b: Tyranitar\n|move|p2a: Sneasler|Close Combat|p1a: Sinistcha\n|-immune|p1a: Sinistcha\n|\n|-weather|none\n|upkeep\n|turn|11\n|-message|Darkwurmy05 forfeited.\n|\n|win|ErringSleet6\n|raw|ErringSleet6's rating: 1101 &rarr; <strong>1126</strong><br />(+25 for winning)\n|raw|Darkwurmy05's rating: 1105 &rarr; <strong>1080</strong><br />(-25 for losing)\n|l|\u2606Darkwurmy05\n|player|p2|\n",
  "uploadtime": 1776365404,
  "views": 27,
  "formatid": "gen9championsvgc2026regma",
  "rating": 1080,
  "private": 0,
  "password": null
}