{
  "id": "gen9championsvgc2026regma-2584205922",
  "format": "[Gen 9 Champions] VGC 2026 Reg M-A",
  "players": [
    "colfox",
    "hgksqhgksq"
  ],
  "log": "|j|\u203dcolfox\n|j|\u2606hgksqhgksq\n|t:|1776238084\n|gametype|doubles\n|player|p1|colfox|2|1112\n|player|p2|hgksqhgksq|2|1146\n|gen|9\n|tier|[Gen 9 Champions] VGC 2026 Reg M-A\n|rated|\n|rule|Species Clause: Limit one of each Pok\u00e9mon\n|rule|Item Clause: Limit 1 of each item\n|clearpoke\n|poke|p1|Sylveon, L50, F|\n|poke|p1|Garchomp, L50, F|\n|poke|p1|Milotic, L50, M|\n|poke|p1|Ninetales, L50, F|\n|poke|p1|Raichu, L50, F|\n|poke|p1|Scizor, L50, F|\n|poke|p2|Chesnaught, L50, M|\n|poke|p2|Farigiraf, L50, M|\n|poke|p2|Incineroar, L50, M|\n|poke|p2|Rotom-Wash, L50|\n|poke|p2|Maushold, L50|\n|poke|p2|Kingambit, L50, M|\n|teampreview|4\n|\n|t:|1776238152\n|teamsize|p1|4\n|teamsize|p2|4\n|start\n|switch|p1a: Raichu|Raichu, L50, F|100/100\n|switch|p1b: Scizor|Scizor, L50, F|100/100\n|switch|p2a: Chesnaught|Chesnaught, L50, M|100/100\n|switch|p2b: Farigiraf|Farigiraf, L50, M|100/100\n|turn|1\n|\n|t:|1776238180\n|detailschange|p1b: Scizor|Scizor-Mega, L50, F\n|-mega|p1b: Scizor|Scizor|Scizorite\n|detailschange|p2a: Chesnaught|Chesnaught-Mega, L50, M\n|-mega|p2a: Chesnaught|Chesnaught|Chesnaughtite\n|move|p1a: Raichu|Electroweb|p2b: Farigiraf|[spread] p2a\n|-miss|p1a: Raichu|p2b: Farigiraf\n|-resisted|p2a: Chesnaught|1\n|-damage|p2a: Chesnaught|93/100\n|-unboost|p2a: Chesnaught|spe|1\n|move|p1b: Scizor|Bug Bite|p2b: Farigiraf\n|-supereffective|p2b: Farigiraf|1\n|-damage|p2b: Farigiraf|11/100\n|move|p2a: Chesnaught|Iron Defense|p2a: Chesnaught\n|-boost|p2a: Chesnaught|def|2\n|move|p2b: Farigiraf|Trick Room|p2b: Farigiraf\n|-fieldstart|move: Trick Room|[of] p2b: Farigiraf\n|\n|upkeep\n|turn|2\n|\n|t:|1776238209\n|switch|p2b: Incineroar|Incineroar, L50, M|100/100\n|-ability|p2b: Incineroar|Intimidate|boost\n|-unboost|p1a: Raichu|atk|1\n|-unboost|p1b: Scizor|atk|1\n|move|p1b: Scizor|Protect|p1b: Scizor\n|-singleturn|p1b: Scizor|Protect\n|move|p2a: Chesnaught|Body Press|p1b: Scizor\n|-activate|p1b: Scizor|move: Protect\n|move|p1a: Raichu|Volt Switch|p2b: Incineroar\n|-damage|p2b: Incineroar|74/100\n|\n|t:|1776238227\n|switch|p1a: Sylveon|Sylveon, L50, F|100/100|[from] Volt Switch\n|\n|upkeep\n|turn|3\n|\n|t:|1776238240\n|switch|p1b: Raichu|Raichu, L50, F|100/100\n|move|p1a: Sylveon|Protect|p1a: Sylveon\n|-singleturn|p1a: Sylveon|Protect\n|move|p2b: Incineroar|Fake Out|p1a: Sylveon\n|-activate|p1a: Sylveon|move: Protect\n|move|p2a: Chesnaught|Body Press|p1b: Raichu\n|-damage|p1b: Raichu|0 fnt\n|faint|p1b: Raichu\n|\n|upkeep\n|\n|t:|1776238254\n|switch|p1b: Ninetales|Ninetales, L50, F|100/100\n|-weather|SunnyDay|[from] ability: Drought|[of] p1b: Ninetales\n|turn|4\n|\n|t:|1776238267\n|move|p2a: Chesnaught|Spiky Shield|p2a: Chesnaught\n|-singleturn|p2a: Chesnaught|move: Protect\n|move|p2b: Incineroar|Snarl|p1b: Ninetales|[spread] p1a\n|-miss|p2b: Incineroar|p1b: Ninetales\n|-resisted|p1a: Sylveon|1\n|-damage|p1a: Sylveon|97/100\n|-unboost|p1a: Sylveon|spa|1\n|move|p1a: Sylveon|Hyper Voice|p2b: Incineroar|[spread] p2b\n|-activate|p2a: Chesnaught|move: Protect\n|-damage|p2b: Incineroar|48/100\n|-enditem|p2b: Incineroar|Sitrus Berry|[eat]\n|-heal|p2b: Incineroar|73/100|[from] item: Sitrus Berry\n|move|p1b: Ninetales|Heat Wave|p2a: Chesnaught|[spread] p2b\n|-activate|p2a: Chesnaught|move: Protect\n|-resisted|p2b: Incineroar|1\n|-damage|p2b: Incineroar|58/100\n|\n|-weather|SunnyDay|[upkeep]\n|upkeep\n|turn|5\n|\n|t:|1776238291\n|move|p2a: Chesnaught|Body Press|p1b: Ninetales\n|-damage|p1b: Ninetales|0 fnt\n|faint|p1b: Ninetales\n|move|p2b: Incineroar|Parting Shot|p1a: Sylveon\n|-unboost|p1a: Sylveon|atk|1\n|-unboost|p1a: Sylveon|spa|1\n|\n|t:|1776238302\n|switch|p2b: Farigiraf|Farigiraf, L50, M|11/100|[from] Parting Shot\n|move|p1a: Sylveon|Hyper Voice|p2a: Chesnaught|[spread] p2a,p2b\n|-supereffective|p2a: Chesnaught|1\n|-damage|p2a: Chesnaught|55/100\n|-damage|p2b: Farigiraf|0 fnt\n|faint|p2b: Farigiraf\n|\n|-weather|SunnyDay|[upkeep]\n|-fieldend|move: Trick Room\n|upkeep\n|\n|t:|1776238313\n|switch|p1b: Scizor|Scizor-Mega, L50, F|100/100\n|switch|p2b: Incineroar|Incineroar, L50, M|58/100\n|-ability|p2b: Incineroar|Intimidate|boost\n|-unboost|p1a: Sylveon|atk|1\n|-unboost|p1b: Scizor|atk|1\n|turn|6\n|\n|t:|1776238330\n|move|p1b: Scizor|Protect|p1b: Scizor\n|-singleturn|p1b: Scizor|Protect\n|move|p2b: Incineroar|Fake Out|p1a: Sylveon\n|-damage|p1a: Sylveon|84/100\n|cant|p1a: Sylveon|flinch\n|move|p2a: Chesnaught|Body Press|p1b: Scizor\n|-activate|p1b: Scizor|move: Protect\n|\n|-weather|SunnyDay|[upkeep]\n|upkeep\n|turn|7\n|\n|t:|1776238359\n|move|p1b: Scizor|Bug Bite|p2a: Chesnaught\n|-damage|p2a: Chesnaught|46/100\n|move|p1a: Sylveon|Hyper Voice|p2a: Chesnaught|[spread] p2a,p2b\n|-supereffective|p2a: Chesnaught|1\n|-damage|p2a: Chesnaught|5/100\n|-damage|p2b: Incineroar|39/100\n|move|p2b: Incineroar|Snarl|p1b: Scizor|[spread] p1a,p1b\n|-resisted|p1a: Sylveon|1\n|-damage|p1a: Sylveon|80/100\n|-damage|p1b: Scizor|89/100\n|-unboost|p1a: Sylveon|spa|1\n|-unboost|p1b: Scizor|spa|1\n|move|p2a: Chesnaught|Body Press|p1b: Scizor\n|-damage|p1b: Scizor|0 fnt\n|faint|p1b: Scizor\n|\n|-weather|SunnyDay|[upkeep]\n|upkeep\n|turn|8\n|\n|t:|1776238379\n|move|p2a: Chesnaught|Spiky Shield|p2a: Chesnaught\n|-singleturn|p2a: Chesnaught|move: Protect\n|move|p2b: Incineroar|Flare Blitz|p1a: Sylveon\n|-damage|p1a: Sylveon|0 fnt\n|faint|p1a: Sylveon\n|-damage|p2b: Incineroar|12/100|[from] Recoil\n|\n|win|hgksqhgksq\n|raw|colfox's rating: 1112 &rarr; <strong>1089</strong><br />(-23 for losing)\n|raw|hgksqhgksq's rating: 1146 &rarr; <strong>1169</strong><br />(+23 for winning)\n",
  "uploadtime": 1776238390,
  "views": 39,
  "formatid": "gen9championsvgc2026regma",
  "rating": 1089,
  "private": 0,
  "password": null
}