{
  "id": "gen9championsvgc2026regma-2584976845",
  "format": "[Gen 9 Champions] VGC 2026 Reg M-A",
  "players": [
    "anxodiosdel",
    "RainIsForPussies23"
  ],
  "log": "|j|\u2606anxodiosdel\n|j|\u2606RainIsForPussies23\n|t:|1776299907\n|gametype|doubles\n|player|p1|anxodiosdel|rosa|1000\n|player|p2|RainIsForPussies23|hilbert-wonderlauncher|1086\n|gen|9\n|tier|[Gen 9 Champions] VGC 2026 Reg M-A\n|rated|\n|rule|Species Clause: Limit one of each Pok\u00e9mon\n|rule|Item Clause: Limit 1 of each item\n|clearpoke\n|poke|p1|Torkoal, L50, F|\n|poke|p1|Farigiraf, L50, M|\n|poke|p1|Sableye, L50, F|\n|poke|p1|Camerupt, L50, M|\n|poke|p1|Sneasler, L50, F|\n|poke|p1|Arbok, L50, M|\n|poke|p2|Garchomp, L50, M|\n|poke|p2|Gengar, L50, M|\n|poke|p2|Incineroar, L50, M|\n|poke|p2|Sneasler, L50, M|\n|poke|p2|Froslass, L50, F|\n|poke|p2|Whimsicott, L50, F|\n|teampreview|4\n|inactive|Battle timer is ON: inactive players will automatically lose when time's up. (requested by anxodiosdel)\n|\n|t:|1776299926\n|teamsize|p1|4\n|teamsize|p2|4\n|start\n|switch|p1a: Torkoal|Torkoal, L50, F|100/100\n|switch|p1b: Farigiraf|Farigiraf, L50, M|100/100\n|switch|p2a: Whimsicott|Whimsicott, L50, F|100/100\n|switch|p2b: Incineroar|Incineroar, L50, M|100/100\n|-ability|p2b: Incineroar|Intimidate|boost\n|-unboost|p1a: Torkoal|atk|1\n|-unboost|p1b: Farigiraf|atk|1\n|-weather|SunnyDay|[from] ability: Drought|[of] p1a: Torkoal\n|turn|1\n|\n|t:|1776299939\n|move|p1a: Torkoal|Protect|p1a: Torkoal\n|-singleturn|p1a: Torkoal|Protect\n|move|p2a: Whimsicott|Tailwind|p2a: Whimsicott\n|-sidestart|p2: RainIsForPussies23|move: Tailwind\n|move|p2b: Incineroar|Darkest Lariat|p1b: Farigiraf\n|-supereffective|p1b: Farigiraf|1\n|-damage|p1b: Farigiraf|28/100\n|-enditem|p1b: Farigiraf|Sitrus Berry|[eat]\n|-heal|p1b: Farigiraf|53/100|[from] item: Sitrus Berry\n|move|p1b: Farigiraf|Trick Room|p1b: Farigiraf\n|-fieldstart|move: Trick Room|[of] p1b: Farigiraf\n|\n|-weather|SunnyDay|[upkeep]\n|upkeep\n|turn|2\n|\n|t:|1776299959\n|move|p2a: Whimsicott|Encore||[still]\n|cant|p1b: Farigiraf|ability: Armor Tail|Encore|[of] p2a: Whimsicott\n|move|p1a: Torkoal|Eruption|p2b: Incineroar|[spread] p2a,p2b\n|-supereffective|p2a: Whimsicott|1\n|-resisted|p2b: Incineroar|1\n|-enditem|p2a: Whimsicott|Focus Sash\n|-damage|p2a: Whimsicott|1/100\n|-damage|p2b: Incineroar|60/100\n|move|p1b: Farigiraf|Hyper Voice|p2a: Whimsicott|[spread] p2a,p2b\n|-damage|p2a: Whimsicott|0 fnt\n|-damage|p2b: Incineroar|36/100\n|-enditem|p2b: Incineroar|Sitrus Berry|[eat]\n|-heal|p2b: Incineroar|61/100|[from] item: Sitrus Berry\n|faint|p2a: Whimsicott\n|move|p2b: Incineroar|Darkest Lariat|p1b: Farigiraf\n|-supereffective|p1b: Farigiraf|1\n|-damage|p1b: Farigiraf|0 fnt\n|faint|p1b: Farigiraf\n|\n|-weather|SunnyDay|[upkeep]\n|upkeep\n|\n|t:|1776299977\n|switch|p1b: Sableye|Sableye, L50, F|100/100\n|switch|p2a: Garchomp|Garchomp, L50, M, shiny|100/100\n|turn|3\n|\n|t:|1776299991\n|move|p2a: Garchomp|Protect|p2a: Garchomp\n|-singleturn|p2a: Garchomp|Protect\n|move|p1b: Sableye|Fake Out|p2a: Garchomp\n|-activate|p2a: Garchomp|move: Protect\n|move|p1a: Torkoal|Eruption|p2b: Incineroar|[spread] p2b\n|-activate|p2a: Garchomp|move: Protect\n|-resisted|p2b: Incineroar|1\n|-damage|p2b: Incineroar|21/100\n|move|p2b: Incineroar|Flare Blitz|p1b: Sableye\n|-damage|p1b: Sableye|1/100\n|-damage|p2b: Incineroar|0 fnt|[from] Recoil\n|faint|p2b: Incineroar\n|\n|-weather|SunnyDay|[upkeep]\n|upkeep\n|\n|t:|1776300005\n|switch|p2b: Gengar|Gengar, L50, M|100/100\n|turn|4\n|\n|t:|1776300019\n|detailschange|p2b: Gengar|Gengar-Mega, L50, M\n|-mega|p2b: Gengar|Gengar|Gengarite\n|move|p2a: Garchomp|Protect|p2a: Garchomp\n|-singleturn|p2a: Garchomp|Protect\n|move|p2b: Gengar|Protect|p2b: Gengar\n|-singleturn|p2b: Gengar|Protect\n|move|p1a: Torkoal|Eruption|p2b: Gengar|[spread] \n|-activate|p2a: Garchomp|move: Protect\n|-activate|p2b: Gengar|move: Protect\n|move|p1b: Sableye|Knock Off|p2b: Gengar\n|-activate|p2b: Gengar|move: Protect\n|\n|-weather|SunnyDay|[upkeep]\n|-sideend|p2: RainIsForPussies23|move: Tailwind\n|upkeep\n|turn|5\n|\n|t:|1776300042\n|move|p1b: Sableye|Protect|p1b: Sableye\n|-singleturn|p1b: Sableye|Protect\n|move|p2b: Gengar|Protect|p2b: Gengar\n|-singleturn|p2b: Gengar|Protect\n|move|p1a: Torkoal|Eruption|p2b: Gengar|[spread] p2a\n|-activate|p2b: Gengar|move: Protect\n|-resisted|p2a: Garchomp|1\n|-damage|p2a: Garchomp|50/100\n|move|p2a: Garchomp|Rock Slide|p1b: Sableye|[spread] p1a\n|-activate|p1b: Sableye|move: Protect\n|-supereffective|p1a: Torkoal|1\n|-damage|p1a: Torkoal|72/100\n|\n|-weather|none\n|-fieldend|move: Trick Room\n|upkeep\n|turn|6\n|\n|t:|1776300063\n|move|p2b: Gengar|Protect|p2b: Gengar\n|-singleturn|p2b: Gengar|Protect\n|move|p1b: Sableye|Quash|p2a: Garchomp\n|-activate|p2a: Garchomp|move: Quash\n|move|p1a: Torkoal|Heat Wave|p2b: Gengar|[spread] p2a\n|-activate|p2b: Gengar|move: Protect\n|-resisted|p2a: Garchomp|1\n|-damage|p2a: Garchomp|32/100\n|move|p2a: Garchomp|Earthquake|p1b: Sableye|[spread] p1a,p1b\n|-activate|p2b: Gengar|move: Protect\n|-supereffective|p1a: Torkoal|1\n|-damage|p1a: Torkoal|11/100\n|-damage|p1b: Sableye|0 fnt\n|faint|p1b: Sableye\n|\n|upkeep\n|inactive|anxodiosdel has 30 seconds left.\n|inactive|anxodiosdel has 20 seconds left.\n|\n|t:|1776300099\n|switch|p1b: Camerupt|Camerupt, L50, M|100/100\n|turn|7\n|\n|t:|1776300115\n|detailschange|p1b: Camerupt|Camerupt-Mega, L50, M\n|-mega|p1b: Camerupt|Camerupt|Cameruptite\n|move|p2a: Garchomp|Protect|p2a: Garchomp\n|-singleturn|p2a: Garchomp|Protect\n|move|p1b: Camerupt|Protect|p1b: Camerupt\n|-singleturn|p1b: Camerupt|Protect\n|move|p2b: Gengar|Sludge Wave|p1b: Camerupt|[spread] p1a\n|-activate|p2a: Garchomp|move: Protect\n|-activate|p1b: Camerupt|move: Protect\n|-damage|p1a: Torkoal|0 fnt\n|faint|p1a: Torkoal\n|\n|upkeep\n|turn|8\n|\n|t:|1776300127\n|move|p2b: Gengar|Protect|p2b: Gengar\n|-singleturn|p2b: Gengar|Protect\n|move|p2a: Garchomp|Earthquake|p1b: Camerupt|[spread] p1b\n|-activate|p2b: Gengar|move: Protect\n|-supereffective|p1b: Camerupt|1\n|-damage|p1b: Camerupt|28/100\n|move|p1b: Camerupt|Eruption|p2b: Gengar|[spread] p2a\n|-activate|p2b: Gengar|move: Protect\n|-resisted|p2a: Garchomp|1\n|-damage|p2a: Garchomp|23/100\n|\n|upkeep\n|turn|9\n|-message|anxodiosdel forfeited.\n|\n|win|RainIsForPussies23\n|raw|anxodiosdel's rating: 1000 &rarr; <strong>1000</strong><br />(+0 for losing)\n|raw|RainIsForPussies23's rating: 1086 &rarr; <strong>1107</strong><br />(+21 for winning)\n|l|\u2606anxodiosdel\n|player|p1|\n",
  "uploadtime": 1776300142,
  "views": 22,
  "formatid": "gen9championsvgc2026regma",
  "rating": 1000,
  "private": 0,
  "password": null
}