{
  "id": "gen9championsvgc2026regma-2588961936",
  "format": "[Gen 9 Champions] VGC 2026 Reg M-A",
  "players": [
    "Jun BF",
    "Reznov69"
  ],
  "log": "|j|\u2606Jun BF\n|j|\u2606Reznov69\n|t:|1776689791\n|gametype|doubles\n|player|p1|Jun BF|burglar|1171\n|player|p2|Reznov69|102|1077\n|gen|9\n|tier|[Gen 9 Champions] VGC 2026 Reg M-A\n|rated|\n|rule|Species Clause: Limit one of each Pok\u00e9mon\n|rule|Item Clause: Limit 1 of each item\n|clearpoke\n|poke|p1|Floette-Eternal, L50, F|\n|poke|p1|Basculegion, L50, M|\n|poke|p1|Pelipper, L50, F|\n|poke|p1|Incineroar, L50, F|\n|poke|p1|Sinistcha, L50|\n|poke|p1|Sneasler, L50, F|\n|poke|p2|Blastoise, L50, M|\n|poke|p2|Slowbro, L50, M|\n|poke|p2|Archaludon, L50, M|\n|poke|p2|Incineroar, L50, F|\n|poke|p2|Raichu, L50, F|\n|poke|p2|Basculegion, L50, M|\n|teampreview|4\n|\n|t:|1776689819\n|teamsize|p1|4\n|teamsize|p2|4\n|start\n|switch|p1a: Basculegion|Basculegion, L50, M|100/100\n|switch|p1b: Sneasler|Sneasler, L50, F|100/100\n|switch|p2a: Blastoise|Blastoise, L50, M|100/100\n|switch|p2b: Slowbro|Slowbro, L50, M|100/100\n|turn|1\n|inactive|Battle timer is ON: inactive players will automatically lose when time's up. (requested by Reznov69)\n|inactive|Jun BF has 60 seconds left.\n|\n|t:|1776689867\n|switch|p1b: Sinistcha|Sinistcha, L50|100/100\n|move|p2a: Blastoise|Protect|p2a: Blastoise\n|-singleturn|p2a: Blastoise|Protect\n|move|p1a: Basculegion|Flip Turn|p2a: Blastoise\n|-activate|p2a: Blastoise|move: Protect\n|move|p2b: Slowbro|Trick Room|p2b: Slowbro\n|-fieldstart|move: Trick Room|[of] p2b: Slowbro\n|\n|upkeep\n|turn|2\n|\n|t:|1776689882\n|detailschange|p2a: Blastoise|Blastoise-Mega, L50, M\n|-mega|p2a: Blastoise|Blastoise|Blastoisinite\n|move|p2b: Slowbro|Rain Dance|p2b: Slowbro\n|-weather|RainDance\n|move|p2a: Blastoise|Water Spout|p1a: Basculegion|[spread] p1a,p1b\n|-resisted|p1a: Basculegion|1\n|-resisted|p1b: Sinistcha|1\n|-damage|p1a: Basculegion|50/100\n|-damage|p1b: Sinistcha|56/100\n|move|p1a: Basculegion|Flip Turn|p2a: Blastoise\n|-resisted|p2a: Blastoise|1\n|-damage|p2a: Blastoise|75/100\n|\n|t:|1776689895\n|switch|p1a: Floette|Floette-Eternal, L50, F|100/100|[from] Flip Turn\n|move|p1b: Sinistcha|Trick Room|p1b: Sinistcha\n|-fieldend|move: Trick Room\n|\n|-weather|RainDance|[upkeep]\n|upkeep\n|turn|3\n|\n|t:|1776689913\n|detailschange|p1a: Floette|Floette-Mega, L50, F\n|-mega|p1a: Floette|Floette|Floettite\n|-ability|p1a: Floette|Fairy Aura\n|move|p2a: Blastoise|Protect|p2a: Blastoise\n|-singleturn|p2a: Blastoise|Protect\n|move|p1a: Floette|Calm Mind|p1a: Floette\n|-boost|p1a: Floette|spa|1\n|-boost|p1a: Floette|spd|1\n|move|p1b: Sinistcha|Matcha Gotcha|p2a: Blastoise|[spread] p2b\n|-activate|p2a: Blastoise|move: Protect\n|-supereffective|p2b: Slowbro|1\n|-damage|p2b: Slowbro|50/100\n|-heal|p1b: Sinistcha|85/100|[from] drain|[of] p2b: Slowbro\n|move|p2b: Slowbro|Trick Room|p2b: Slowbro\n|-fieldstart|move: Trick Room|[of] p2b: Slowbro\n|\n|-weather|RainDance|[upkeep]\n|-heal|p2b: Slowbro|56/100|[from] item: Leftovers\n|upkeep\n|turn|4\n|inactive|Jun BF has 30 seconds left.\n|inactive|Reznov69 has 30 seconds left.\n|\n|t:|1776689938\n|move|p2b: Slowbro|Scald|p1b: Sinistcha\n|-resisted|p1b: Sinistcha|1\n|-damage|p1b: Sinistcha|66/100\n|move|p2a: Blastoise|Dragon Pulse|p1b: Sinistcha\n|-damage|p1b: Sinistcha|22/100\n|move|p1a: Floette|Dazzling Gleam|p2a: Blastoise|[spread] p2a,p2b\n|-damage|p2a: Blastoise|20/100\n|-damage|p2b: Slowbro|0 fnt\n|faint|p2b: Slowbro\n|move|p1b: Sinistcha|Trick Room|p1b: Sinistcha\n|-fieldend|move: Trick Room\n|\n|-weather|RainDance|[upkeep]\n|upkeep\n|\n|t:|1776689951\n|switch|p2b: Basculegion|Basculegion, L50, M|100/100\n|turn|5\n|\n|t:|1776689971\n|move|p1b: Sinistcha|Rage Powder|p1b: Sinistcha\n|-singleturn|p1b: Sinistcha|move: Rage Powder\n|move|p2b: Basculegion|Wave Crash|p1b: Sinistcha\n|-resisted|p1b: Sinistcha|1\n|-damage|p1b: Sinistcha|0 fnt\n|faint|p1b: Sinistcha\n|-damage|p2b: Basculegion|95/100|[from] Recoil\n|move|p1a: Floette|Dazzling Gleam|p2a: Blastoise|[spread] p2a,p2b\n|-damage|p2a: Blastoise|0 fnt\n|-damage|p2b: Basculegion|31/100\n|faint|p2a: Blastoise\n|\n|-weather|RainDance|[upkeep]\n|upkeep\n|\n|t:|1776689982\n|switch|p1b: Basculegion|Basculegion, L50, M|50/100\n|switch|p2a: Archaludon|Archaludon, L50, M|100/100\n|turn|6\n|\n|t:|1776689992\n|move|p1b: Basculegion|Last Respects|p2b: Basculegion\n|-supereffective|p2b: Basculegion|1\n|-damage|p2b: Basculegion|0 fnt\n|faint|p2b: Basculegion\n|move|p1a: Floette|Dazzling Gleam|p2a: Archaludon\n|-damage|p2a: Archaludon|0 fnt\n|faint|p2a: Archaludon\n|\n|win|Jun BF\n|raw|Jun BF's rating: 1171 &rarr; <strong>1189</strong><br />(+18 for winning)\n|raw|Reznov69's rating: 1077 &rarr; <strong>1061</strong><br />(-16 for losing)\n|l|\u2606Reznov69\n|player|p2|\n",
  "uploadtime": 1776690003,
  "views": 1,
  "formatid": "gen9championsvgc2026regma",
  "rating": 1061,
  "private": 0,
  "password": null
}