{
  "id": "gen9championsvgc2026regma-2585434562",
  "format": "[Gen 9 Champions] VGC 2026 Reg M-A",
  "players": [
    "fuuuuuuuuuunnn",
    "ones_upon_a_time"
  ],
  "log": "|j|\u2606fuuuuuuuuuunnn\n|j|\u2606ones_upon_a_time\n|t:|1776347056\n|gametype|doubles\n|player|p1|fuuuuuuuuuunnn|ethan|1085\n|player|p2|ones_upon_a_time|101|1111\n|gen|9\n|tier|[Gen 9 Champions] VGC 2026 Reg M-A\n|rated|\n|rule|Species Clause: Limit one of each Pok\u00e9mon\n|rule|Item Clause: Limit 1 of each item\n|clearpoke\n|poke|p1|Dragonite, L50, M|\n|poke|p1|Pelipper, L50, M|\n|poke|p1|Basculegion, L50, M|\n|poke|p1|Sneasler, L50, F|\n|poke|p1|Scizor, L50, M|\n|poke|p1|Beartic, L50, F|\n|poke|p2|Espathra, L50, F|\n|poke|p2|Sneasler, L50, F|\n|poke|p2|Dragonite, L50, F|\n|poke|p2|Pelipper, L50, F|\n|poke|p2|Archaludon, L50, F|\n|poke|p2|Venusaur, L50, M|\n|teampreview|4\n|inactive|Battle timer is ON: inactive players will automatically lose when time's up. (requested by fuuuuuuuuuunnn)\n|\n|t:|1776347096\n|teamsize|p1|4\n|teamsize|p2|4\n|start\n|switch|p1a: I LOVE WATER|Pelipper, L50, M|100/100\n|switch|p1b: Beartic|Beartic, L50, F|100/100\n|switch|p2a: Espathra|Espathra, L50, F|100/100\n|switch|p2b: Sneasler|Sneasler, L50, F|100/100\n|-weather|RainDance|[from] ability: Drizzle|[of] p1a: I LOVE WATER\n|turn|1\n|\n|t:|1776347114\n|move|p2a: Espathra|Protect|p2a: Espathra\n|-singleturn|p2a: Espathra|Protect\n|move|p1b: Beartic|Icicle Crash|p2a: Espathra\n|-activate|p2a: Espathra|move: Protect\n|move|p2b: Sneasler|Close Combat|p1b: Beartic\n|-supereffective|p1b: Beartic|1\n|-crit|p1b: Beartic\n|-damage|p1b: Beartic|0 fnt\n|-unboost|p2b: Sneasler|def|1\n|-unboost|p2b: Sneasler|spd|1\n|faint|p1b: Beartic\n|-enditem|p2b: Sneasler|White Herb\n|-clearnegativeboost|p2b: Sneasler|[silent]\n|move|p1a: I LOVE WATER|Tailwind|p1a: I LOVE WATER\n|-sidestart|p1: fuuuuuuuuuunnn|move: Tailwind\n|\n|-weather|RainDance|[upkeep]\n|-ability|p2a: Espathra|Speed Boost|boost\n|-boost|p2a: Espathra|spe|1\n|upkeep\n|\n|t:|1776347119\n|switch|p1b: Biggie|Dragonite, L50, M, shiny|100/100\n|turn|2\n|inactive|fuuuuuuuuuunnn has 30 seconds left.\n|\n|t:|1776347146\n|detailschange|p1b: Biggie|Dragonite-Mega, L50, M, shiny\n|-mega|p1b: Biggie|Dragonite|Dragoninite\n|move|p1a: I LOVE WATER|Helping Hand|p1b: Biggie\n|-singleturn|p1b: Biggie|Helping Hand|[of] p1a: I LOVE WATER\n|move|p2b: Sneasler|Dire Claw|p1b: Biggie\n|-damage|p1b: Biggie|77/100\n|move|p1b: Biggie|Hurricane|p2a: Espathra\n|-enditem|p2a: Espathra|Focus Sash\n|-damage|p2a: Espathra|1/100\n|move|p2a: Espathra|Calm Mind|p2a: Espathra\n|-boost|p2a: Espathra|spa|1\n|-boost|p2a: Espathra|spd|1\n|\n|-weather|RainDance|[upkeep]\n|-ability|p2a: Espathra|Speed Boost|boost\n|-boost|p2a: Espathra|spe|1\n|upkeep\n|turn|3\n|\n|t:|1776347166\n|move|p2a: Espathra|Protect|p2a: Espathra\n|-singleturn|p2a: Espathra|Protect\n|move|p1b: Biggie|Extreme Speed|p2a: Espathra\n|-activate|p2a: Espathra|move: Protect\n|move|p2b: Sneasler|Dire Claw|p1b: Biggie\n|-damage|p1b: Biggie|31/100\n|move|p1a: I LOVE WATER|Hurricane|p2b: Sneasler\n|-supereffective|p2b: Sneasler|1\n|-damage|p2b: Sneasler|0 fnt\n|faint|p2b: Sneasler\n|\n|-weather|RainDance|[upkeep]\n|-ability|p2a: Espathra|Speed Boost|boost\n|-boost|p2a: Espathra|spe|1\n|upkeep\n|\n|t:|1776347178\n|switch|p2b: Archaludon|Archaludon, L50, F|100/100\n|turn|4\n|\n|t:|1776347187\n|move|p1b: Biggie|Extreme Speed|p2a: Espathra\n|-damage|p2a: Espathra|0 fnt\n|faint|p2a: Espathra\n|move|p1a: I LOVE WATER|Hydro Pump|p2b: Archaludon\n|-resisted|p2b: Archaludon|1\n|-damage|p2b: Archaludon|60/100\n|-ability|p2b: Archaludon|Stamina|boost\n|-boost|p2b: Archaludon|def|1\n|move|p2b: Archaludon|Electro Shot||[still]\n|-prepare|p2b: Archaludon|Electro Shot\n|-boost|p2b: Archaludon|spa|1\n|-anim|p2b: Archaludon|Electro Shot|p1a: I LOVE WATER\n|-supereffective|p1a: I LOVE WATER|2\n|-damage|p1a: I LOVE WATER|0 fnt\n|faint|p1a: I LOVE WATER\n|\n|-weather|RainDance|[upkeep]\n|-sideend|p1: fuuuuuuuuuunnn|move: Tailwind\n|upkeep\n|\n|t:|1776347200\n|switch|p2a: Dragonite|Dragonite, L50, F|100/100\n|switch|p1a: Comeback Chuck|Basculegion, L50, M|100/100\n|turn|5\n|\n|t:|1776347212\n|detailschange|p2a: Dragonite|Dragonite-Mega, L50, F\n|-mega|p2a: Dragonite|Dragonite|Dragoninite\n|move|p1a: Comeback Chuck|Last Respects|p2a: Dragonite\n|-damage|p2a: Dragonite|63/100\n|move|p1b: Biggie|Draco Meteor|p2b: Archaludon\n|-damage|p2b: Archaludon|0 fnt\n|-unboost|p1b: Biggie|spa|2\n|faint|p2b: Archaludon\n|move|p2a: Dragonite|Dragon Pulse|p1b: Biggie\n|-supereffective|p1b: Biggie|1\n|-damage|p1b: Biggie|0 fnt\n|faint|p1b: Biggie\n|\n|-weather|none\n|upkeep\n|turn|6\n|\n|t:|1776347227\n|move|p2a: Dragonite|Protect|p2a: Dragonite\n|-singleturn|p2a: Dragonite|Protect\n|move|p1a: Comeback Chuck|Last Respects|p2a: Dragonite\n|-activate|p2a: Dragonite|move: Protect\n|\n|upkeep\n|turn|7\n|\n|t:|1776347237\n|move|p1a: Comeback Chuck|Last Respects|p2a: Dragonite\n|-damage|p2a: Dragonite|0 fnt\n|faint|p2a: Dragonite\n|\n|win|fuuuuuuuuuunnn\n|raw|fuuuuuuuuuunnn's rating: 1085 &rarr; <strong>1114</strong><br />(+29 for winning)\n|raw|ones_upon_a_time's rating: 1111 &rarr; <strong>1084</strong><br />(-27 for losing)\n",
  "uploadtime": 1776347240,
  "views": 32,
  "formatid": "gen9championsvgc2026regma",
  "rating": 1084,
  "private": 0,
  "password": null
}