{
  "id": "gen9championsvgc2026regma-2585270756",
  "format": "[Gen 9 Champions] VGC 2026 Reg M-A",
  "players": [
    "randomn1ck",
    "silvermagicianvgc"
  ],
  "log": "|j|\u2606randomn1ck\n|j|\u2606silvermagicianvgc\n|t:|1776332241\n|gametype|doubles\n|player|p1|randomn1ck|102|1360\n|player|p2|silvermagicianvgc|silver|1392\n|gen|9\n|tier|[Gen 9 Champions] VGC 2026 Reg M-A\n|rated|\n|rule|Species Clause: Limit one of each Pok\u00e9mon\n|rule|Item Clause: Limit 1 of each item\n|clearpoke\n|poke|p1|Floette-Eternal, L50, F|\n|poke|p1|Sinistcha, L50|\n|poke|p1|Aerodactyl, L50, F|\n|poke|p1|Garchomp, L50, M|\n|poke|p1|Incineroar, L50, M|\n|poke|p1|Rotom-Wash, L50|\n|poke|p2|Archaludon, L50, M|\n|poke|p2|Basculegion, L50, M|\n|poke|p2|Sableye, L50, M|\n|poke|p2|Sneasler, L50, F|\n|poke|p2|Pelipper, L50, F|\n|poke|p2|Dragonite, L50, M|\n|teampreview|4\n|inactive|Battle timer is ON: inactive players will automatically lose when time's up. (requested by randomn1ck)\n|inactive|silvermagicianvgc has 60 seconds left.\n|\n|t:|1776332287\n|teamsize|p1|4\n|teamsize|p2|4\n|start\n|switch|p1a: Incineroar|Incineroar, L50, M|100/100\n|switch|p1b: Floette|Floette-Eternal, L50, F|100/100\n|switch|p2a: Dragonite|Dragonite, L50, M, shiny|100/100\n|switch|p2b: Basculegion|Basculegion, L50, M, shiny|100/100\n|-ability|p1a: Incineroar|Intimidate|boost\n|-fail|p2a: Dragonite|unboost|Attack|[from] ability: Inner Focus|[of] p2a: Dragonite\n|-unboost|p2b: Basculegion|atk|1\n|turn|1\n|inactive|randomn1ck has 30 seconds left.\n|inactive|silvermagicianvgc has 30 seconds left.\n|inactive|randomn1ck has 20 seconds left.\n|inactive|silvermagicianvgc has 20 seconds left.\n|inactive|randomn1ck has 15 seconds left.\n|inactive|silvermagicianvgc has 15 seconds left.\n|\n|t:|1776332329\n|switch|p1a: Rotom|Rotom-Wash, L50|100/100\n|move|p1b: Floette|Protect|p1b: Floette\n|-singleturn|p1b: Floette|Protect\n|move|p2a: Dragonite|Protect|p2a: Dragonite\n|-singleturn|p2a: Dragonite|Protect\n|move|p2b: Basculegion|Flip Turn|p1a: Rotom\n|-resisted|p1a: Rotom|1\n|-damage|p1a: Rotom|87/100\n|\n|t:|1776332341\n|switch|p2b: Sneasler|Sneasler, L50, F|100/100|[from] Flip Turn\n|\n|upkeep\n|turn|2\n|\n|t:|1776332357\n|switch|p1b: Incineroar|Incineroar, L50, M|100/100\n|-ability|p1b: Incineroar|Intimidate|boost\n|-fail|p2a: Dragonite|unboost|Attack|[from] ability: Inner Focus|[of] p2a: Dragonite\n|-unboost|p2b: Sneasler|atk|1\n|-enditem|p2b: Sneasler|White Herb\n|-clearnegativeboost|p2b: Sneasler|[silent]\n|detailschange|p2a: Dragonite|Dragonite-Mega, L50, M, shiny\n|-mega|p2a: Dragonite|Dragonite|Dragoninite\n|move|p2b: Sneasler|Fake Out|p1a: Rotom\n|-damage|p1a: Rotom|72/100\n|move|p2a: Dragonite|Tailwind|p2a: Dragonite\n|-sidestart|p2: silvermagicianvgc|move: Tailwind\n|cant|p1a: Rotom|flinch\n|\n|upkeep\n|turn|3\n|inactive|silvermagicianvgc has 30 seconds left.\n|inactive|silvermagicianvgc has 20 seconds left.\n|\n|t:|1776332392\n|move|p2b: Sneasler|Protect|p2b: Sneasler\n|-singleturn|p2b: Sneasler|Protect\n|move|p2a: Dragonite|Protect|p2a: Dragonite\n|-singleturn|p2a: Dragonite|Protect\n|move|p1b: Incineroar|Fake Out|p2a: Dragonite\n|-activate|p2a: Dragonite|move: Protect\n|move|p1a: Rotom|Will-O-Wisp|p2b: Sneasler\n|-activate|p2b: Sneasler|move: Protect\n|\n|upkeep\n|turn|4\n|\n|t:|1776332416\n|switch|p1b: Floette|Floette-Eternal, L50, F|100/100\n|move|p2b: Sneasler|Close Combat|p1b: Floette\n|-resisted|p1b: Floette|1\n|-crit|p1b: Floette\n|-damage|p1b: Floette|49/100\n|-unboost|p2b: Sneasler|def|1\n|-unboost|p2b: Sneasler|spd|1\n|move|p2a: Dragonite|Draco Meteor|p1a: Rotom\n|-crit|p1a: Rotom\n|-damage|p1a: Rotom|0 fnt\n|-unboost|p2a: Dragonite|spa|2\n|faint|p1a: Rotom\n|\n|upkeep\n|\n|t:|1776332430\n|switch|p1a: Incineroar|Incineroar, L50, M|100/100\n|-ability|p1a: Incineroar|Intimidate|boost\n|-unboost|p2a: Dragonite|atk|1\n|-unboost|p2b: Sneasler|atk|1\n|turn|5\n|\n|t:|1776332448\n|switch|p1a: Garchomp|Garchomp, L50, M|100/100\n|detailschange|p1b: Floette|Floette-Mega, L50, F\n|-mega|p1b: Floette|Floette|Floettite\n|-ability|p1b: Floette|Fairy Aura\n|move|p2b: Sneasler|Protect|p2b: Sneasler\n|-singleturn|p2b: Sneasler|Protect\n|move|p2a: Dragonite|Protect|p2a: Dragonite\n|-singleturn|p2a: Dragonite|Protect\n|move|p1b: Floette|Calm Mind|p1b: Floette\n|-boost|p1b: Floette|spa|1\n|-boost|p1b: Floette|spd|1\n|\n|-sideend|p2: silvermagicianvgc|move: Tailwind\n|upkeep\n|turn|6\n|inactive|randomn1ck has 30 seconds left.\n|inactive|silvermagicianvgc has 30 seconds left.\n|inactive|silvermagicianvgc has 20 seconds left.\n|\n|t:|1776332485\n|move|p1b: Floette|Protect|p1b: Floette\n|-singleturn|p1b: Floette|Protect\n|move|p2b: Sneasler|Dire Claw|p1b: Floette\n|-activate|p1b: Floette|move: Protect\n|move|p1a: Garchomp|Earthquake|p2b: Sneasler|[spread] p2b\n|-activate|p1b: Floette|move: Protect\n|-immune|p2a: Dragonite\n|-supereffective|p2b: Sneasler|1\n|-damage|p2b: Sneasler|0 fnt\n|faint|p2b: Sneasler\n|move|p2a: Dragonite|Tailwind|p2a: Dragonite\n|-sidestart|p2: silvermagicianvgc|move: Tailwind\n|\n|upkeep\n|inactive|silvermagicianvgc has 30 seconds left.\n|\n|t:|1776332512\n|switch|p2b: Pelipper|Pelipper, L50, F|100/100\n|-weather|RainDance|[from] ability: Drizzle|[of] p2b: Pelipper\n|turn|7\n|\n|t:|1776332531\n|switch|p2a: Basculegion|Basculegion, L50, M, shiny|100/100\n|move|p2b: Pelipper|Weather Ball|p1b: Floette\n|-damage|p1b: Floette|13/100\n|move|p1a: Garchomp|Dragon Claw|p2a: Basculegion\n|-damage|p2a: Basculegion|46/100\n|move|p1b: Floette|Moonblast|p2a: Basculegion\n|-damage|p2a: Basculegion|0 fnt\n|faint|p2a: Basculegion\n|\n|-weather|RainDance|[upkeep]\n|upkeep\n|\n|t:|1776332542\n|switch|p2a: Dragonite|Dragonite-Mega, L50, M, shiny|100/100\n|turn|8\n|\n|t:|1776332550\n|move|p1a: Garchomp|Protect|p1a: Garchomp\n|-singleturn|p1a: Garchomp|Protect\n|move|p1b: Floette|Protect|p1b: Floette\n|-singleturn|p1b: Floette|Protect\n|move|p2a: Dragonite|Hurricane|p1a: Garchomp\n|-activate|p1a: Garchomp|move: Protect\n|move|p2b: Pelipper|Icy Wind|p1b: Floette|[spread] \n|-activate|p1a: Garchomp|move: Protect\n|-activate|p1b: Floette|move: Protect\n|\n|-weather|RainDance|[upkeep]\n|upkeep\n|turn|9\n|inactive|silvermagicianvgc has 30 seconds left.\n|inactive|silvermagicianvgc has 20 seconds left.\n|inactive|silvermagicianvgc has 15 seconds left.\n|\n|t:|1776332593\n|move|p2a: Dragonite|Hurricane|p1a: Garchomp\n|-damage|p1a: Garchomp|26/100\n|move|p2b: Pelipper|Weather Ball|p1b: Floette\n|-damage|p1b: Floette|0 fnt\n|faint|p1b: Floette\n|move|p1a: Garchomp|Dragon Claw|p2a: Dragonite\n|-supereffective|p2a: Dragonite|1\n|-damage|p2a: Dragonite|59/100\n|\n|-weather|RainDance|[upkeep]\n|-sideend|p2: silvermagicianvgc|move: Tailwind\n|upkeep\n|\n|t:|1776332598\n|switch|p1b: Incineroar|Incineroar, L50, M|100/100\n|-ability|p1b: Incineroar|Intimidate|boost\n|-unboost|p2a: Dragonite|atk|1\n|-unboost|p2b: Pelipper|atk|1\n|turn|10\n|\n|t:|1776332607\n|move|p2a: Dragonite|Protect|p2a: Dragonite\n|-singleturn|p2a: Dragonite|Protect\n|move|p2b: Pelipper|Protect|p2b: Pelipper\n|-singleturn|p2b: Pelipper|Protect\n|move|p1b: Incineroar|Fake Out|p2b: Pelipper\n|-activate|p2b: Pelipper|move: Protect\n|move|p1a: Garchomp|Dragon Claw|p2a: Dragonite\n|-activate|p2a: Dragonite|move: Protect\n|\n|-weather|RainDance|[upkeep]\n|upkeep\n|turn|11\n|\n|t:|1776332629\n|move|p1a: Garchomp|Dragon Claw|p2a: Dragonite\n|-supereffective|p2a: Dragonite|1\n|-damage|p2a: Dragonite|0 fnt\n|faint|p2a: Dragonite\n|move|p2b: Pelipper|Weather Ball|p1b: Incineroar\n|-supereffective|p1b: Incineroar|1\n|-damage|p1b: Incineroar|0 fnt\n|faint|p1b: Incineroar\n|\n|-weather|none\n|upkeep\n|turn|12\n|\n|t:|1776332638\n|move|p1a: Garchomp|Dragon Claw|p2b: Pelipper\n|-crit|p2b: Pelipper\n|-damage|p2b: Pelipper|6/100\n|move|p2b: Pelipper|Icy Wind|p1a: Garchomp\n|-supereffective|p1a: Garchomp|2\n|-damage|p1a: Garchomp|0 fnt\n|faint|p1a: Garchomp\n|\n|win|silvermagicianvgc\n|raw|randomn1ck's rating: 1360 &rarr; <strong>1342</strong><br />(-18 for losing)\n|raw|silvermagicianvgc's rating: 1392 &rarr; <strong>1410</strong><br />(+18 for winning)\n",
  "uploadtime": 1776332644,
  "views": 27,
  "formatid": "gen9championsvgc2026regma",
  "rating": 1342,
  "private": 0,
  "password": null
}