{
  "id": "gen9championsvgc2026regma-2586334253",
  "format": "[Gen 9 Champions] VGC 2026 Reg M-A",
  "players": [
    "mommy ruby",
    "clpb"
  ],
  "log": "|j|\u2606mommy ruby\n|j|\u2606clpb\n|t:|1776426306\n|gametype|doubles\n|player|p1|mommy ruby|erika|1082\n|player|p2|clpb|170|1046\n|gen|9\n|tier|[Gen 9 Champions] VGC 2026 Reg M-A\n|rated|\n|rule|Species Clause: Limit one of each Pok\u00e9mon\n|rule|Item Clause: Limit 1 of each item\n|clearpoke\n|poke|p1|Froslass, L50, F|\n|poke|p1|Glaceon, L50, F|\n|poke|p1|Tsareena, L50, F|\n|poke|p1|Flareon, L50, F|\n|poke|p1|Tinkaton, L50, F|\n|poke|p1|Espeon, L50, F|\n|poke|p2|Tinkaton, L50, F|\n|poke|p2|Altaria, L50, M|\n|poke|p2|Basculegion, L50, M|\n|poke|p2|Excadrill, L50, F|\n|poke|p2|Floette-Eternal, L50, F|\n|poke|p2|Rotom-Wash, L50|\n|teampreview|4\n|inactive|Battle timer is ON: inactive players will automatically lose when time's up. (requested by clpb)\n|inactive|mommy ruby also wants the timer to be on.\nmommy ruby has agreed to open team sheets.\n|\n|t:|1776426325\n|teamsize|p1|4\n|teamsize|p2|4\n|start\n|switch|p1a: Sage|Froslass, L50, F, shiny|100/100\n|switch|p1b: Fiora|Flareon, L50, F, shiny|100/100\n|switch|p2a: Altaria|Altaria, L50, M|100/100\n|switch|p2b: Tinkaton|Tinkaton, L50, F|100/100\n|-ability|p2a: Altaria|Cloud Nine\n|turn|1\n|\n|t:|1776426348\n|detailschange|p1a: Sage|Froslass-Mega, L50, F, shiny\n|-mega|p1a: Sage|Froslass|Froslassite\n|-weather|Snowscape|[from] ability: Snow Warning|[of] p1a: Sage\n|move|p2b: Tinkaton|Fake Out|p1b: Fiora\n|-damage|p1b: Fiora|82/100\n|move|p1a: Sage|Blizzard|p2a: Altaria|[spread] p2b\n|-miss|p1a: Sage|p2a: Altaria\n|-resisted|p2b: Tinkaton|1\n|-damage|p2b: Tinkaton|77/100\n|move|p2a: Altaria|Tailwind|p2a: Altaria\n|-sidestart|p2: clpb|move: Tailwind\n|cant|p1b: Fiora|flinch\n|\n|-weather|Snowscape|[upkeep]\n|upkeep\n|turn|2\n|inactive|clpb has 30 seconds left.\n|\n|t:|1776426376\n|move|p2b: Tinkaton|Gigaton Hammer|p1a: Sage\n|-supereffective|p1a: Sage|1\n|-damage|p1a: Sage|0 fnt\n|faint|p1a: Sage\n|move|p2a: Altaria|Draco Meteor|p1b: Fiora|[miss]\n|-miss|p2a: Altaria|p1b: Fiora\n|move|p1b: Fiora|Flare Blitz|p2b: Tinkaton\n|-supereffective|p2b: Tinkaton|1\n|-damage|p2b: Tinkaton|0 fnt\n|faint|p2b: Tinkaton\n|-damage|p1b: Fiora|51/100|[from] Recoil\n|\n|-weather|Snowscape|[upkeep]\n|upkeep\n|\n|t:|1776426387\n|switch|p1a: Tinkaton|Tinkaton, L50, F|100/100\n|switch|p2b: Excadrill|Excadrill, L50, F|100/100\n|turn|3\n|\n|t:|1776426401\n|switch|p1b: Empress|Tsareena, L50, F, shiny|100/100\n|detailschange|p2b: Excadrill|Excadrill-Mega, L50, F\n|-mega|p2b: Excadrill|Excadrill|Excadrite\n|move|p2b: Excadrill|Earthquake|p1a: Tinkaton|[spread] p1a,p1b\n|-immune|p2a: Altaria\n|-supereffective|p1a: Tinkaton|1\n|-resisted|p1b: Empress|1\n|-damage|p1a: Tinkaton|10/100\n|-damage|p1b: Empress|78/100\n|move|p2a: Altaria|Draco Meteor|p1b: Empress\n|-damage|p1b: Empress|41/100\n|-unboost|p2a: Altaria|spa|2\n|move|p1a: Tinkaton|Play Rough|p2a: Altaria\n|-supereffective|p2a: Altaria|1\n|-damage|p2a: Altaria|32/100\n|\n|-weather|Snowscape|[upkeep]\n|upkeep\n|turn|4\n|inactive|clpb has 30 seconds left.\n|\n|t:|1776426429\n|move|p2a: Altaria|Protect|p2a: Altaria\n|-singleturn|p2a: Altaria|Protect\n|move|p2b: Excadrill|Megahorn|p1b: Empress\n|-supereffective|p1b: Empress|1\n|-damage|p1b: Empress|0 fnt\n|faint|p1b: Empress\n|move|p1a: Tinkaton|Play Rough|p2a: Altaria\n|-activate|p2a: Altaria|move: Protect\n|\n|-weather|Snowscape|[upkeep]\n|-sideend|p2: clpb|move: Tailwind\n|upkeep\n|\n|t:|1776426437\n|switch|p1b: Fiora|Flareon, L50, F, shiny|51/100\n|turn|5\n|\n|t:|1776426453\n|switch|p2a: Rotom|Rotom-Wash, L50|100/100\n|move|p2b: Excadrill|Earthquake|p1a: Tinkaton|[spread] p1a,p1b\n|-immune|p2a: Rotom|[from] ability: Levitate\n|-supereffective|p1a: Tinkaton|1\n|-supereffective|p1b: Fiora|1\n|-damage|p1a: Tinkaton|0 fnt\n|-damage|p1b: Fiora|0 fnt\n|faint|p1a: Tinkaton\n|faint|p1b: Fiora\n|\n|win|clpb\n|raw|mommy ruby's rating: 1082 &rarr; <strong>1057</strong><br />(-25 for losing)\n|raw|clpb's rating: 1046 &rarr; <strong>1083</strong><br />(+37 for winning)\n|l|\u2606mommy ruby\n|player|p1|\n",
  "uploadtime": 1776426468,
  "views": 26,
  "formatid": "gen9championsvgc2026regma",
  "rating": 1057,
  "private": 0,
  "password": null
}