{
  "id": "gen9championsvgc2026regma-2581583088",
  "format": "[Gen 9 Champions] VGC 2026 Reg M-A",
  "players": [
    "gonorrea001",
    "Braute"
  ],
  "log": "|j|\u2606gonorrea001\n|j|\u2606Braute\n|t:|1776012790\n|gametype|doubles\n|player|p1|gonorrea001|brawly|1138\n|player|p2|Braute|miku-fire|1224\n|gen|9\n|tier|[Gen 9 Champions] VGC 2026 Reg M-A\n|rated|\n|rule|Species Clause: Limit one of each Pok\u00e9mon\n|rule|Item Clause: Limit 1 of each item\n|clearpoke\n|poke|p1|Tyranitar, L50, M|\n|poke|p1|Sneasler, L50, M|\n|poke|p1|Excadrill, L50, M|\n|poke|p1|Sinistcha, L50|\n|poke|p1|Rotom-Heat, L50|\n|poke|p1|Milotic, L50, F|\n|poke|p2|Beedrill, L50, M|\n|poke|p2|Incineroar, L50, F|\n|poke|p2|Talonflame, L50, M|\n|poke|p2|Kingambit, L50, M|\n|poke|p2|Tyranitar, L50, F|\n|poke|p2|Excadrill, L50, M|\n|teampreview|4\n|inactive|Battle timer is ON: inactive players will automatically lose when time's up. (requested by Braute)\n|inactive|Braute has 60 seconds left.\n|\n|t:|1776012839\n|teamsize|p1|4\n|teamsize|p2|4\n|start\n|switch|p1a: Milotic|Milotic, L50, F, shiny|100/100\n|switch|p1b: Sneasler|Sneasler, L50, M|100/100\n|switch|p2a: Talonflame|Talonflame, L50, M|100/100\n|switch|p2b: Kingambit|Kingambit, L50, M, shiny|100/100\n|turn|1\n|\n|t:|1776012862\n|move|p1b: Sneasler|Fake Out|p2a: Talonflame\n|-damage|p2a: Talonflame|76/100\n|cant|p2a: Talonflame|flinch\n|move|p1a: Milotic|Scald|p2a: Talonflame\n|-supereffective|p2a: Talonflame|1\n|-damage|p2a: Talonflame|0 fnt\n|faint|p2a: Talonflame\n|move|p2b: Kingambit|Kowtow Cleave|p1a: Milotic\n|-damage|p1a: Milotic|41/100\n|\n|-heal|p1a: Milotic|47/100|[from] item: Leftovers\n|upkeep\n|\n|t:|1776012879\n|switch|p2a: Excadrill|Excadrill, L50, M|100/100\n|turn|2\n|\n|t:|1776012891\n|move|p1a: Milotic|Protect|p1a: Milotic\n|-singleturn|p1a: Milotic|Protect\n|move|p2b: Kingambit|Sucker Punch||[still]\n|-fail|p2b: Kingambit\n|move|p1b: Sneasler|Close Combat|p2b: Kingambit\n|-supereffective|p2b: Kingambit|2\n|-damage|p2b: Kingambit|0 fnt\n|-unboost|p1b: Sneasler|def|1\n|-unboost|p1b: Sneasler|spd|1\n|faint|p2b: Kingambit\n|-enditem|p1b: Sneasler|White Herb\n|-clearnegativeboost|p1b: Sneasler|[silent]\n|move|p2a: Excadrill|High Horsepower|p1b: Sneasler\n|-supereffective|p1b: Sneasler|1\n|-damage|p1b: Sneasler|0 fnt\n|faint|p1b: Sneasler\n|\n|-heal|p1a: Milotic|53/100|[from] item: Leftovers\n|upkeep\n|\n|t:|1776012911\n|switch|p1b: Excadrill|Excadrill, L50, M, shiny|100/100\n|switch|p2b: Tyranitar|Tyranitar, L50, F|100/100\n|-weather|Sandstorm|[from] ability: Sand Stream|[of] p2b: Tyranitar\n|turn|3\n|\n|t:|1776012925\n|detailschange|p2b: Tyranitar|Tyranitar-Mega, L50, F\n|-mega|p2b: Tyranitar|Tyranitar|Tyranitarite\n|move|p2a: Excadrill|High Horsepower|p1b: Excadrill\n|-supereffective|p1b: Excadrill|1\n|-enditem|p1b: Excadrill|Focus Sash\n|-damage|p1b: Excadrill|1/100\n|move|p1b: Excadrill|Iron Head|p2b: Tyranitar\n|-supereffective|p2b: Tyranitar|1\n|-damage|p2b: Tyranitar|44/100\n|move|p1a: Milotic|Scald|p2a: Excadrill\n|-supereffective|p2a: Excadrill|1\n|-damage|p2a: Excadrill|29/100\n|-status|p2a: Excadrill|brn\n|move|p2b: Tyranitar|Knock Off|p1a: Milotic\n|-damage|p1a: Milotic|0 fnt\n|-enditem|p1a: Milotic|Leftovers|[from] move: Knock Off|[of] p2b: Tyranitar\n|faint|p1a: Milotic\n|\n|-weather|Sandstorm|[upkeep]\n|-damage|p2a: Excadrill|23/100 brn|[from] brn\n|upkeep\n|\n|t:|1776012943\n|switch|p1a: Tyranitar|Tyranitar, L50, M, shiny|100/100\n|turn|4\n|\n|t:|1776012957\n|detailschange|p1a: Tyranitar|Tyranitar-Mega, L50, M, shiny\n|-mega|p1a: Tyranitar|Tyranitar|Tyranitarite\n|move|p2b: Tyranitar|Protect|p2b: Tyranitar\n|-singleturn|p2b: Tyranitar|Protect\n|move|p1a: Tyranitar|Protect|p1a: Tyranitar\n|-singleturn|p1a: Tyranitar|Protect\n|move|p1b: Excadrill|Earthquake|p2b: Tyranitar|[spread] p2a\n|-activate|p1a: Tyranitar|move: Protect\n|-activate|p2b: Tyranitar|move: Protect\n|-supereffective|p2a: Excadrill|1\n|-damage|p2a: Excadrill|0 fnt\n|faint|p2a: Excadrill\n|\n|-weather|Sandstorm|[upkeep]\n|upkeep\n|turn|5\n|\n|t:|1776012976\n|move|p1b: Excadrill|Iron Head|p2b: Tyranitar\n|-supereffective|p2b: Tyranitar|1\n|-damage|p2b: Tyranitar|0 fnt\n|faint|p2b: Tyranitar\n|\n|win|gonorrea001\n|raw|gonorrea001's rating: 1138 &rarr; <strong>1169</strong><br />(+31 for winning)\n|raw|Braute's rating: 1224 &rarr; <strong>1193</strong><br />(-31 for losing)\n",
  "uploadtime": 1776012976,
  "views": 48,
  "formatid": "gen9championsvgc2026regma",
  "rating": 1169,
  "private": 0,
  "password": null
}