{
  "id": "gen9championsvgc2026regma-2583261562",
  "format": "[Gen 9 Champions] VGC 2026 Reg M-A",
  "players": [
    "Mega Bocchi",
    "RandomGuyInSchool"
  ],
  "log": "|j|\u2606Mega Bocchi\n|j|\u2606RandomGuyInSchool\n|t:|1776160694\n|gametype|doubles\n|player|p1|Mega Bocchi|pokemaniac|1113\n|player|p2|RandomGuyInSchool|schoolkid-gen4|1084\n|gen|9\n|tier|[Gen 9 Champions] VGC 2026 Reg M-A\n|rated|\n|rule|Species Clause: Limit one of each Pok\u00e9mon\n|rule|Item Clause: Limit 1 of each item\n|clearpoke\n|poke|p1|Charizard, L50, M|\n|poke|p1|Kingambit, L50, M|\n|poke|p1|Sneasler, L50, F|\n|poke|p1|Corviknight, L50, F|\n|poke|p1|Incineroar, L50, M|\n|poke|p1|Maushold, L50|\n|poke|p2|Rotom-Wash, L50|\n|poke|p2|Incineroar, L50, M|\n|poke|p2|Sinistcha, L50|\n|poke|p2|Drampa, L50, F|\n|poke|p2|Floette-Eternal, L50, F|\n|poke|p2|Sneasler, L50, M|\n|teampreview|4\n|inactive|Battle timer is ON: inactive players will automatically lose when time's up. (requested by Mega Bocchi)\n|inactive|RandomGuyInSchool also wants the timer to be on.\n|inactive|RandomGuyInSchool has 60 seconds left.\nMega Bocchi rejected open team sheets.\n|inactive|RandomGuyInSchool has 30 seconds left.\n|inactive|RandomGuyInSchool has 20 seconds left.\n|inactive|RandomGuyInSchool has 15 seconds left.\n|inactive|RandomGuyInSchool has 10 seconds left.\n|inactive|RandomGuyInSchool has 5 seconds left.\n|\n|t:|1776160783\n|teamsize|p1|4\n|teamsize|p2|4\n|start\n|switch|p1a: \u9ed1\u5929\u5927\u8001\u7237|Charizard, L50, M, shiny|100/100\n|switch|p1b: \u98df\u7334\u9e70|Corviknight, L50, F|100/100\n|switch|p2a: Rotom|Rotom-Wash, L50|100/100\n|switch|p2b: Sneasler|Sneasler, L50, M|100/100\n|turn|1\n|\n|t:|1776160802\n|move|p1a: \u9ed1\u5929\u5927\u8001\u7237|Protect|p1a: \u9ed1\u5929\u5927\u8001\u7237\n|-singleturn|p1a: \u9ed1\u5929\u5927\u8001\u7237|Protect\n|move|p2b: Sneasler|Fake Out|p1a: \u9ed1\u5929\u5927\u8001\u7237\n|-activate|p1a: \u9ed1\u5929\u5927\u8001\u7237|move: Protect\n|move|p2a: Rotom|Thunderbolt|p1b: \u98df\u7334\u9e70\n|-supereffective|p1b: \u98df\u7334\u9e70|1\n|-damage|p1b: \u98df\u7334\u9e70|41/100\n|-enditem|p1b: \u98df\u7334\u9e70|Sitrus Berry|[eat]\n|-heal|p1b: \u98df\u7334\u9e70|66/100|[from] item: Sitrus Berry\n|move|p1b: \u98df\u7334\u9e70|Brave Bird|p2b: Sneasler\n|-supereffective|p2b: Sneasler|1\n|-damage|p2b: Sneasler|0 fnt\n|faint|p2b: Sneasler\n|-damage|p1b: \u98df\u7334\u9e70|40/100|[from] Recoil\n|\n|upkeep\n|\n|t:|1776160816\n|switch|p2b: Floette|Floette-Eternal, L50, F|100/100\n|turn|2\n|inactive|Mega Bocchi has 30 seconds left.\n|\n|t:|1776160847\n|switch|p1a: \u76d7\u8d3c|Sneasler, L50, F|100/100\n|detailschange|p2b: Floette|Floette-Mega, L50, F\n|-mega|p2b: Floette|Floette|Floettite\n|-ability|p2b: Floette|Fairy Aura\n|move|p2a: Rotom|Thunderbolt|p1b: \u98df\u7334\u9e70\n|-supereffective|p1b: \u98df\u7334\u9e70|1\n|-damage|p1b: \u98df\u7334\u9e70|0 fnt\n|faint|p1b: \u98df\u7334\u9e70\n|move|p2b: Floette|Calm Mind|p2b: Floette\n|-boost|p2b: Floette|spa|1\n|-boost|p2b: Floette|spd|1\n|\n|upkeep\n|inactive|Mega Bocchi has 30 seconds left.\n|inactive|Mega Bocchi has 20 seconds left.\n|\n|t:|1776160885\n|switch|p1b: \u539f\u751f\u5bb6\u5ead|Maushold, L50|100/100\n|turn|3\n|\n|t:|1776160892\n|switch|p2a: Sinistcha|Sinistcha, L50|100/100\n|move|p2b: Floette|Protect|p2b: Floette\n|-singleturn|p2b: Floette|Protect\n|move|p1b: \u539f\u751f\u5bb6\u5ead|Follow Me|p1b: \u539f\u751f\u5bb6\u5ead\n|-singleturn|p1b: \u539f\u751f\u5bb6\u5ead|move: Follow Me\n|move|p1a: \u76d7\u8d3c|Dire Claw|p2b: Floette\n|-activate|p2b: Floette|move: Protect\n|\n|upkeep\n|turn|4\n|\n|t:|1776160903\n|move|p1b: \u539f\u751f\u5bb6\u5ead|Follow Me|p1b: \u539f\u751f\u5bb6\u5ead\n|-singleturn|p1b: \u539f\u751f\u5bb6\u5ead|move: Follow Me\n|move|p2a: Sinistcha|Rage Powder|p2a: Sinistcha\n|-singleturn|p2a: Sinistcha|move: Rage Powder\n|move|p1a: \u76d7\u8d3c|Dire Claw|p2a: Sinistcha\n|-damage|p2a: Sinistcha|58/100\n|move|p2b: Floette|Dazzling Gleam|p1b: \u539f\u751f\u5bb6\u5ead|[spread] p1a,p1b\n|-damage|p1a: \u76d7\u8d3c|26/100\n|-damage|p1b: \u539f\u751f\u5bb6\u5ead|15/100\n|\n|upkeep\n|turn|5\n|\n|t:|1776160924\n|switch|p1a: \u9ed1\u5929\u5927\u8001\u7237|Charizard, L50, M, shiny|100/100\n|move|p2a: Sinistcha|Rage Powder|p2a: Sinistcha\n|-singleturn|p2a: Sinistcha|move: Rage Powder\n|move|p1b: \u539f\u751f\u5bb6\u5ead|Encore|p2a: Sinistcha\n|-start|p2a: Sinistcha|Encore\n|move|p2b: Floette|Dazzling Gleam|p1b: \u539f\u751f\u5bb6\u5ead|[spread] p1a,p1b\n|-resisted|p1a: \u9ed1\u5929\u5927\u8001\u7237|1\n|-damage|p1a: \u9ed1\u5929\u5927\u8001\u7237|68/100\n|-damage|p1b: \u539f\u751f\u5bb6\u5ead|0 fnt\n|faint|p1b: \u539f\u751f\u5bb6\u5ead\n|\n|upkeep\n|\n|t:|1776160931\n|switch|p1b: \u76d7\u8d3c|Sneasler, L50, F|26/100\n|turn|6\n|\n|t:|1776160939\n|detailschange|p1a: \u9ed1\u5929\u5927\u8001\u7237|Charizard-Mega-Y, L50, M, shiny\n|-mega|p1a: \u9ed1\u5929\u5927\u8001\u7237|Charizard|Charizardite Y\n|-weather|SunnyDay|[from] ability: Drought|[of] p1a: \u9ed1\u5929\u5927\u8001\u7237\n|move|p1b: \u76d7\u8d3c|Fake Out|p2b: Floette\n|-crit|p2b: Floette\n|-damage|p2b: Floette|67/100\n|move|p2a: Sinistcha|Rage Powder|p2a: Sinistcha\n|-singleturn|p2a: Sinistcha|move: Rage Powder\n|cant|p2b: Floette|flinch\n|move|p1a: \u9ed1\u5929\u5927\u8001\u7237|Heat Wave|p2b: Floette|[spread] p2b\n|-miss|p1a: \u9ed1\u5929\u5927\u8001\u7237|p2a: Sinistcha\n|-damage|p2b: Floette|33/100\n|\n|-weather|SunnyDay|[upkeep]\n|upkeep\n|turn|7\n|\n|t:|1776160956\n|switch|p2a: Rotom|Rotom-Wash, L50|100/100\n|move|p2b: Floette|Protect|p2b: Floette\n|-singleturn|p2b: Floette|Protect\n|move|p1b: \u76d7\u8d3c|Dire Claw|p2b: Floette\n|-activate|p2b: Floette|move: Protect\n|move|p1a: \u9ed1\u5929\u5927\u8001\u7237|Heat Wave|p2b: Floette|[spread] p2a\n|-activate|p2b: Floette|move: Protect\n|-resisted|p2a: Rotom|1\n|-damage|p2a: Rotom|67/100\n|\n|-weather|SunnyDay|[upkeep]\n|upkeep\n|turn|8\n|\n|t:|1776160979\n|move|p1a: \u9ed1\u5929\u5927\u8001\u7237|Protect|p1a: \u9ed1\u5929\u5927\u8001\u7237\n|-singleturn|p1a: \u9ed1\u5929\u5927\u8001\u7237|Protect\n|move|p2a: Rotom|Volt Switch|p1b: \u76d7\u8d3c\n|-damage|p1b: \u76d7\u8d3c|0 fnt\n|faint|p1b: \u76d7\u8d3c\n|\n|t:|1776160985\n|switch|p2a: Sinistcha|Sinistcha, L50|58/100|[from] Volt Switch\n|-heal|p2b: Floette|57/100|[from] ability: Hospitality|[of] p2a: Sinistcha\n|move|p2b: Floette|Dazzling Gleam|p1a: \u9ed1\u5929\u5927\u8001\u7237\n|-activate|p1a: \u9ed1\u5929\u5927\u8001\u7237|move: Protect\n|\n|-weather|SunnyDay|[upkeep]\n|upkeep\n|turn|9\n|c|\u2606RandomGuyInSchool|gg\n|\n|t:|1776161005\n|switch|p2a: Rotom|Rotom-Wash, L50|67/100\n|move|p2b: Floette|Protect|p2b: Floette\n|-singleturn|p2b: Floette|Protect\n|move|p1a: \u9ed1\u5929\u5927\u8001\u7237|Heat Wave|p2b: Floette|[spread] p2a\n|-activate|p2b: Floette|move: Protect\n|-resisted|p2a: Rotom|1\n|-damage|p2a: Rotom|32/100\n|\n|-weather|SunnyDay|[upkeep]\n|upkeep\n|turn|10\n|\n|t:|1776161020\n|move|p2a: Rotom|Volt Switch|p1a: \u9ed1\u5929\u5927\u8001\u7237\n|-supereffective|p1a: \u9ed1\u5929\u5927\u8001\u7237|1\n|-damage|p1a: \u9ed1\u5929\u5927\u8001\u7237|9/100\n|\n|t:|1776161024\n|switch|p2a: Sinistcha|Sinistcha, L50|58/100|[from] Volt Switch\n|-heal|p2b: Floette|82/100|[from] ability: Hospitality|[of] p2a: Sinistcha\n|move|p2b: Floette|Calm Mind|p2b: Floette\n|-boost|p2b: Floette|spa|1\n|-boost|p2b: Floette|spd|1\n|move|p1a: \u9ed1\u5929\u5927\u8001\u7237|Heat Wave|p2a: Sinistcha|[spread] p2a,p2b\n|-supereffective|p2a: Sinistcha|1\n|-damage|p2a: Sinistcha|0 fnt\n|-damage|p2b: Floette|51/100\n|-status|p2b: Floette|brn\n|faint|p2a: Sinistcha\n|\n|-weather|none\n|-damage|p2b: Floette|46/100 brn|[from] brn\n|upkeep\n|\n|t:|1776161035\n|switch|p2a: Rotom|Rotom-Wash, L50|32/100\n|turn|11\n|c|\u2606Mega Bocchi|gg\n|\n|t:|1776161044\n|move|p2a: Rotom|Thunderbolt|p1a: \u9ed1\u5929\u5927\u8001\u7237\n|-supereffective|p1a: \u9ed1\u5929\u5927\u8001\u7237|1\n|-damage|p1a: \u9ed1\u5929\u5927\u8001\u7237|0 fnt\n|faint|p1a: \u9ed1\u5929\u5927\u8001\u7237\n|\n|win|RandomGuyInSchool\n|raw|Mega Bocchi's rating: 1113 &rarr; <strong>1086</strong><br />(-27 for losing)\n|raw|RandomGuyInSchool's rating: 1084 &rarr; <strong>1114</strong><br />(+30 for winning)\n|l|\u2606Mega Bocchi\n|player|p1|\n",
  "uploadtime": 1776161051,
  "views": 13,
  "formatid": "gen9championsvgc2026regma",
  "rating": 1086,
  "private": 0,
  "password": null
}