{
  "id": "gen9championsvgc2026regma-2585892262",
  "format": "[Gen 9 Champions] VGC 2026 Reg M-A",
  "players": [
    "mason9283",
    "Kyooby"
  ],
  "log": "|j|\u2606mason9283\n|j|\u2606Kyooby\n|t:|1776378986\n|gametype|doubles\n|player|p1|mason9283|gentleman-gen4|1117\n|player|p2|Kyooby|volkner|1117\n|gen|9\n|tier|[Gen 9 Champions] VGC 2026 Reg M-A\n|rated|\n|rule|Species Clause: Limit one of each Pok\u00e9mon\n|rule|Item Clause: Limit 1 of each item\n|clearpoke\n|poke|p1|Tyranitar, L50, F|\n|poke|p1|Excadrill, L50, F|\n|poke|p1|Meganium, L50, F|\n|poke|p1|Primarina, L50, M|\n|poke|p1|Dragonite, L50, M|\n|poke|p1|Infernape, L50, F|\n|poke|p2|Maushold-Four, L50|\n|poke|p2|Gardevoir, L50, M|\n|poke|p2|Espathra, L50, M|\n|poke|p2|Kommo-o, L50, M|\n|poke|p2|Gyarados, L50, M|\n|poke|p2|Heliolisk, L50, M|\n|teampreview|4\n|inactive|Battle timer is ON: inactive players will automatically lose when time's up. (requested by Kyooby)\n|inactive|mason9283 has 60 seconds left.\n|inactive|Kyooby has 60 seconds left.\n|\n|t:|1776379029\n|teamsize|p1|4\n|teamsize|p2|4\n|start\n|switch|p1a: Tyranitar|Tyranitar, L50, F, shiny|100/100\n|switch|p1b: Excadrill|Excadrill, L50, F, shiny|100/100\n|switch|p2a: Espathra|Espathra, L50, M|100/100\n|switch|p2b: Kommo-o|Kommo-o, L50, M|100/100\n|-weather|Sandstorm|[from] ability: Sand Stream|[of] p1a: Tyranitar\n|turn|1\n|\n|t:|1776379051\n|switch|p1a: Primarina|Primarina, L50, M, shiny|100/100\n|move|p1b: Excadrill|High Horsepower|p2b: Kommo-o\n|-damage|p2b: Kommo-o|51/100\n|move|p2a: Espathra|Rain Dance|p2a: Espathra\n|-weather|RainDance\n|move|p2b: Kommo-o|Aura Sphere|p1a: Primarina\n|-resisted|p1a: Primarina|1\n|-damage|p1a: Primarina|84/100\n|\n|-weather|RainDance|[upkeep]\n|-heal|p2b: Kommo-o|57/100|[from] item: Leftovers\n|-ability|p2a: Espathra|Speed Boost|boost\n|-boost|p2a: Espathra|spe|1\n|upkeep\n|turn|2\n|inactive|mason9283 has 30 seconds left.\n|\n|t:|1776379078\n|switch|p1b: Tyranitar|Tyranitar, L50, F, shiny|100/100\n|-weather|Sandstorm|[from] ability: Sand Stream|[of] p1b: Tyranitar\n|move|p2b: Kommo-o|Protect|p2b: Kommo-o\n|-singleturn|p2b: Kommo-o|Protect\n|move|p2a: Espathra|Lumina Crash|p1a: Primarina\n|-damage|p1a: Primarina|60/100\n|-unboost|p1a: Primarina|spd|2\n|move|p1a: Primarina|Hyper Voice|p2b: Kommo-o|[spread] p2a\n|-activate|p2b: Kommo-o|move: Protect\n|-damage|p2a: Espathra|46/100\n|\n|-weather|Sandstorm|[upkeep]\n|-damage|p2a: Espathra|40/100|[from] Sandstorm\n|-damage|p1a: Primarina|54/100|[from] Sandstorm\n|-heal|p2b: Kommo-o|63/100|[from] item: Leftovers\n|-ability|p2a: Espathra|Speed Boost|boost\n|-boost|p2a: Espathra|spe|1\n|upkeep\n|turn|3\n|inactive|Kyooby has 30 seconds left.\n|inactive|Kyooby has 20 seconds left.\n|inactive|Kyooby has 15 seconds left.\n|inactive|Kyooby has 10 seconds left.\n|\n|t:|1776379124\n|switch|p1b: Infernape|Infernape, L50, F|100/100\n|switch|p1a: Excadrill|Excadrill, L50, F, shiny|100/100\n|move|p2a: Espathra|Lumina Crash|p1a: Excadrill\n|-resisted|p1a: Excadrill|1\n|-damage|p1a: Excadrill|78/100\n|-unboost|p1a: Excadrill|spd|2\n|move|p2b: Kommo-o|Aura Sphere|p1a: Excadrill\n|-supereffective|p1a: Excadrill|1\n|-damage|p1a: Excadrill|0 fnt\n|faint|p1a: Excadrill\n|\n|-weather|Sandstorm|[upkeep]\n|-damage|p2a: Espathra|34/100|[from] Sandstorm\n|-damage|p1b: Infernape|95/100|[from] Sandstorm\n|-heal|p2b: Kommo-o|69/100|[from] item: Leftovers\n|-ability|p2a: Espathra|Speed Boost|boost\n|-boost|p2a: Espathra|spe|1\n|upkeep\n|\n|t:|1776379139\n|switch|p1a: Primarina|Primarina, L50, M, shiny|54/100\n|turn|4\n|\n|t:|1776379150\n|move|p2a: Espathra|Protect|p2a: Espathra\n|-singleturn|p2a: Espathra|Protect\n|move|p2b: Kommo-o|Protect|p2b: Kommo-o\n|-singleturn|p2b: Kommo-o|Protect\n|move|p1b: Infernape|Fake Out|p2a: Espathra\n|-activate|p2a: Espathra|move: Protect\n|move|p1a: Primarina|Moonblast|p2b: Kommo-o\n|-activate|p2b: Kommo-o|move: Protect\n|\n|-weather|Sandstorm|[upkeep]\n|-damage|p2a: Espathra|28/100|[from] Sandstorm\n|-damage|p1b: Infernape|89/100|[from] Sandstorm\n|-damage|p1a: Primarina|48/100|[from] Sandstorm\n|-heal|p2b: Kommo-o|75/100|[from] item: Leftovers\n|-ability|p2a: Espathra|Speed Boost|boost\n|-boost|p2a: Espathra|spe|1\n|upkeep\n|turn|5\n|\n|t:|1776379168\n|switch|p1b: Tyranitar|Tyranitar, L50, F, shiny|100/100\n|move|p2a: Espathra|Lumina Crash|p1a: Primarina\n|-damage|p1a: Primarina|24/100\n|-unboost|p1a: Primarina|spd|2\n|move|p2b: Kommo-o|Aura Sphere|p1a: Primarina\n|-resisted|p1a: Primarina|1\n|-damage|p1a: Primarina|0 fnt\n|faint|p1a: Primarina\n|\n|-weather|Sandstorm|[upkeep]\n|-damage|p2a: Espathra|22/100|[from] Sandstorm\n|-heal|p2b: Kommo-o|80/100|[from] item: Leftovers\n|-ability|p2a: Espathra|Speed Boost|boost\n|-boost|p2a: Espathra|spe|1\n|upkeep\n|\n|t:|1776379178\n|switch|p1a: Infernape|Infernape, L50, F|89/100\n|turn|6\n|-message|mason9283 forfeited.\n|\n|win|Kyooby\n|raw|mason9283's rating: 1117 &rarr; <strong>1092</strong><br />(-25 for losing)\n|raw|Kyooby's rating: 1117 &rarr; <strong>1142</strong><br />(+25 for winning)\n",
  "uploadtime": 1776379184,
  "views": 14,
  "formatid": "gen9championsvgc2026regma",
  "rating": 1092,
  "private": 0,
  "password": null
}