{
  "id": "gen9championsvgc2026regma-2586213049",
  "format": "[Gen 9 Champions] VGC 2026 Reg M-A",
  "players": [
    "Tokimeki Heart",
    "xershhhhh"
  ],
  "log": "|j|\u2606Tokimeki Heart\n|j|\u2606xershhhhh\n|t:|1776413112\n|gametype|doubles\n|player|p1|Tokimeki Heart|170|1202\n|player|p2|xershhhhh|102|1216\n|gen|9\n|tier|[Gen 9 Champions] VGC 2026 Reg M-A\n|rated|\n|rule|Species Clause: Limit one of each Pok\u00e9mon\n|rule|Item Clause: Limit 1 of each item\n|clearpoke\n|poke|p1|Greninja-*, L50, M|\n|poke|p1|Sinistcha, L50|\n|poke|p1|Pelipper, L50, F|\n|poke|p1|Palafin, L50, F|\n|poke|p1|Steelix, L50, M|\n|poke|p1|Archaludon, L50, M|\n|poke|p2|Gengar, L50, F|\n|poke|p2|Noivern, L50, M|\n|poke|p2|Incineroar, L50, F|\n|poke|p2|Sinistcha, L50|\n|poke|p2|Tyranitar, L50, F|\n|poke|p2|Kingambit, L50, F|\n|teampreview|4\n|\n|t:|1776413147\n|teamsize|p1|4\n|teamsize|p2|4\n|start\n|switch|p1a: Greninja|Greninja, L50, M, shiny|100/100\n|switch|p1b: Palafin|Palafin, L50, F|100/100\n|switch|p2a: Gengar|Gengar, L50, F|100/100\n|switch|p2b: Noivern|Noivern, L50, M|100/100\n|turn|1\n|\n|t:|1776413172\n|detailschange|p1a: Greninja|Greninja-Mega, L50, M, shiny\n|-mega|p1a: Greninja|Greninja|Greninjite\n|move|p1a: Greninja|Protect|p1a: Greninja\n|-start|p1a: Greninja|typechange|Normal|[from] ability: Protean\n|-singleturn|p1a: Greninja|Protect\n|move|p2a: Gengar|Protect|p2a: Gengar\n|-singleturn|p2a: Gengar|Protect\n|move|p1b: Palafin|Flip Turn|p2b: Noivern\n|-resisted|p2b: Noivern|1\n|-damage|p2b: Noivern|86/100\n|\n|t:|1776413184\n|detailschange|p1b: Palafin|Palafin-Hero, L50, F\n|switch|p1b: Pelipper|Pelipper, L50, F|100/100|[from] Flip Turn\n|-weather|RainDance|[from] ability: Drizzle|[of] p1b: Pelipper\n|move|p2b: Noivern|Draco Meteor|p1a: Greninja\n|-activate|p1a: Greninja|move: Protect\n|\n|-weather|RainDance|[upkeep]\n|upkeep\n|turn|2\n|\n|t:|1776413209\n|switch|p2a: Tyranitar|Tyranitar, L50, F, shiny|100/100\n|-weather|Sandstorm|[from] ability: Sand Stream|[of] p2a: Tyranitar\n|move|p1a: Greninja|Extrasensory|p2a: Tyranitar\n|-immune|p2a: Tyranitar\n|move|p2b: Noivern|Draco Meteor|p1a: Greninja\n|-damage|p1a: Greninja|27/100\n|-unboost|p2b: Noivern|spa|2\n|move|p1b: Pelipper|Tailwind|p1b: Pelipper\n|-sidestart|p1: Tokimeki Heart|move: Tailwind\n|\n|-weather|Sandstorm|[upkeep]\n|-damage|p1a: Greninja|21/100|[from] Sandstorm\n|-damage|p2b: Noivern|80/100|[from] Sandstorm\n|-damage|p1b: Pelipper|94/100|[from] Sandstorm\n|upkeep\n|turn|3\n|\n|t:|1776413245\n|switch|p2a: Gengar|Gengar, L50, F|100/100\n|move|p1a: Greninja|Ice Beam|p2b: Noivern\n|-supereffective|p2b: Noivern|2\n|-damage|p2b: Noivern|0 fnt\n|faint|p2b: Noivern\n|move|p1b: Pelipper|Weather Ball|p2a: Gengar\n|-damage|p2a: Gengar|51/100\n|\n|-weather|Sandstorm|[upkeep]\n|-damage|p1a: Greninja|15/100|[from] Sandstorm\n|-damage|p2a: Gengar|45/100|[from] Sandstorm\n|-damage|p1b: Pelipper|88/100|[from] Sandstorm\n|upkeep\n|\n|t:|1776413257\n|switch|p2b: Kingambit|Kingambit, L50, F|100/100\n|turn|4\n|\n|t:|1776413283\n|detailschange|p2a: Gengar|Gengar-Mega, L50, F\n|-mega|p2a: Gengar|Gengar|Gengarite\n|move|p2a: Gengar|Protect|p2a: Gengar\n|-singleturn|p2a: Gengar|Protect\n|move|p2b: Kingambit|Sucker Punch|p1a: Greninja\n|-damage|p1a: Greninja|0 fnt\n|faint|p1a: Greninja\n|move|p1b: Pelipper|Hurricane|p2b: Kingambit|[miss]\n|-miss|p1b: Pelipper|p2b: Kingambit\n|\n|-weather|Sandstorm|[upkeep]\n|-damage|p2a: Gengar|39/100|[from] Sandstorm\n|-damage|p1b: Pelipper|82/100|[from] Sandstorm\n|upkeep\n|\n|t:|1776413299\n|switch|p1a: Palafin|Palafin-Hero, L50, F|100/100\n|-activate|p1a: Palafin|ability: Zero to Hero\n|turn|5\n|\n|t:|1776413328\n|switch|p2a: Tyranitar|Tyranitar, L50, F, shiny|100/100\n|move|p2b: Kingambit|Protect|p2b: Kingambit\n|-singleturn|p2b: Kingambit|Protect\n|move|p1a: Palafin|Wave Crash|p2b: Kingambit\n|-activate|p2b: Kingambit|move: Protect\n|move|p1b: Pelipper|Hurricane|p2a: Tyranitar|[miss]\n|-miss|p1b: Pelipper|p2a: Tyranitar\n|\n|-weather|Sandstorm|[upkeep]\n|-damage|p1a: Palafin|95/100|[from] Sandstorm\n|-damage|p1b: Pelipper|76/100|[from] Sandstorm\n|-sideend|p1: Tokimeki Heart|move: Tailwind\n|upkeep\n|turn|6\n|\n|t:|1776413347\n|switch|p1b: Archaludon|Archaludon, L50, M|100/100\n|move|p2b: Kingambit|Sucker Punch|p1a: Palafin\n|-damage|p1a: Palafin|52/100\n|move|p1a: Palafin|Wave Crash|p2a: Tyranitar\n|-supereffective|p2a: Tyranitar|1\n|-crit|p2a: Tyranitar\n|-damage|p2a: Tyranitar|0 fnt\n|faint|p2a: Tyranitar\n|-damage|p1a: Palafin|19/100|[from] Recoil\n|\n|-weather|none\n|upkeep\n|\n|t:|1776413355\n|switch|p2a: Gengar|Gengar-Mega, L50, F|39/100\n|turn|7\n|\n|t:|1776413376\n|move|p2b: Kingambit|Protect|p2b: Kingambit\n|-singleturn|p2b: Kingambit|Protect\n|move|p1a: Palafin|Wave Crash|p2b: Kingambit\n|-activate|p2b: Kingambit|move: Protect\n|move|p2a: Gengar|Shadow Ball|p1a: Palafin\n|-damage|p1a: Palafin|0 fnt\n|faint|p1a: Palafin\n|move|p1b: Archaludon|Dragon Pulse|p2b: Kingambit\n|-activate|p2b: Kingambit|move: Protect\n|\n|upkeep\n|\n|t:|1776413390\n|switch|p1a: Pelipper|Pelipper, L50, F|76/100\n|-weather|RainDance|[from] ability: Drizzle|[of] p1a: Pelipper\n|turn|8\n|\n|t:|1776413416\n|move|p2a: Gengar|Sludge Wave|p1b: Archaludon|[spread] p1a\n|-immune|p2b: Kingambit\n|-immune|p1b: Archaludon\n|-damage|p1a: Pelipper|20/100\n|move|p1b: Archaludon|Electro Shot||[still]\n|-prepare|p1b: Archaludon|Electro Shot\n|-boost|p1b: Archaludon|spa|1\n|-anim|p1b: Archaludon|Electro Shot|p2a: Gengar\n|-damage|p2a: Gengar|0 fnt\n|faint|p2a: Gengar\n|move|p1a: Pelipper|Tailwind|p1a: Pelipper\n|-sidestart|p1: Tokimeki Heart|move: Tailwind\n|move|p2b: Kingambit|Low Kick|p1a: Pelipper\n|-resisted|p1a: Pelipper|1\n|-damage|p1a: Pelipper|6/100\n|\n|-weather|RainDance|[upkeep]\n|upkeep\n|turn|9\n|\n|t:|1776413441\n|move|p2b: Kingambit|Sucker Punch|p1a: Pelipper\n|-damage|p1a: Pelipper|0 fnt\n|faint|p1a: Pelipper\n|move|p1b: Archaludon|Electro Shot||[still]\n|-prepare|p1b: Archaludon|Electro Shot\n|-boost|p1b: Archaludon|spa|1\n|-anim|p1b: Archaludon|Electro Shot|p2b: Kingambit\n|-damage|p2b: Kingambit|15/100\n|\n|-weather|RainDance|[upkeep]\n|upkeep\n|turn|10\n|\n|t:|1776413453\n|move|p1b: Archaludon|Electro Shot||[still]\n|-prepare|p1b: Archaludon|Electro Shot\n|-boost|p1b: Archaludon|spa|1\n|-anim|p1b: Archaludon|Electro Shot|p2b: Kingambit\n|-damage|p2b: Kingambit|0 fnt\n|faint|p2b: Kingambit\n|\n|win|Tokimeki Heart\n|raw|Tokimeki Heart's rating: 1202 &rarr; <strong>1228</strong><br />(+26 for winning)\n|raw|xershhhhh's rating: 1216 &rarr; <strong>1190</strong><br />(-26 for losing)\n",
  "uploadtime": 1776413456,
  "views": 18,
  "formatid": "gen9championsvgc2026regma",
  "rating": 1190,
  "private": 0,
  "password": null
}