{
  "id": "gen9championsvgc2026regma-2587185617",
  "format": "[Gen 9 Champions] VGC 2026 Reg M-A",
  "players": [
    "lolgz",
    "lato_18"
  ],
  "log": "|j|\u2606lolgz\n|j|\u2606lato_18\n|t:|1776505912\n|gametype|doubles\n|player|p1|lolgz|dawn|1229\n|player|p2|lato_18|2|1159\n|gen|9\n|tier|[Gen 9 Champions] VGC 2026 Reg M-A\n|rated|\n|rule|Species Clause: Limit one of each Pok\u00e9mon\n|rule|Item Clause: Limit 1 of each item\n|clearpoke\n|poke|p1|Floette-Eternal, L50, F|\n|poke|p1|Maushold, L50|\n|poke|p1|Garchomp, L50, F|\n|poke|p1|Aerodactyl, L50, M|\n|poke|p1|Delphox, L50, M|\n|poke|p1|Milotic, L50, M|\n|poke|p2|Scizor, L50, M|\n|poke|p2|Pelipper, L50, M|\n|poke|p2|Basculegion, L50, M|\n|poke|p2|Sableye, L50, M|\n|poke|p2|Sneasler, L50, M|\n|poke|p2|Incineroar, L50, F|\n|teampreview|4\n|\n|t:|1776505969\n|teamsize|p1|4\n|teamsize|p2|4\n|start\n|switch|p1a: Aerodactyl|Aerodactyl, L50, M|100/100\n|switch|p1b: Garchomp|Garchomp, L50, F|100/100\n|switch|p2a: Pelipper|Pelipper, L50, M|100/100\n|switch|p2b: Basculegion|Basculegion, L50, M|100/100\n|-ability|p1a: Aerodactyl|Unnerve\n|-weather|RainDance|[from] ability: Drizzle|[of] p2a: Pelipper\n|turn|1\n|\n|t:|1776505985\n|move|p2b: Basculegion|Flip Turn|p1a: Aerodactyl\n|-supereffective|p1a: Aerodactyl|1\n|-enditem|p1a: Aerodactyl|Focus Sash\n|-damage|p1a: Aerodactyl|1/100\n|\n|t:|1776505990\n|switch|p2b: Sableye|Sableye, L50, M|100/100|[from] Flip Turn\n|move|p1a: Aerodactyl|Tailwind|p1a: Aerodactyl\n|-sidestart|p1: lolgz|move: Tailwind\n|move|p1b: Garchomp|Dragon Claw|p2b: Sableye\n|-damage|p2b: Sableye|43/100\n|move|p2a: Pelipper|Tailwind|p2a: Pelipper\n|-sidestart|p2: lato_18|move: Tailwind\n|\n|-weather|RainDance|[upkeep]\n|upkeep\n|turn|2\n|\n|t:|1776506035\n|move|p2a: Pelipper|Wide Guard|p2a: Pelipper\n|-singleturn|p2a: Pelipper|Wide Guard\n|move|p2b: Sableye|Will-O-Wisp|p1b: Garchomp\n|-status|p1b: Garchomp|brn\n|move|p1a: Aerodactyl|Rock Slide|p2a: Pelipper|[spread] \n|-activate|p2a: Pelipper|move: Wide Guard\n|-activate|p2b: Sableye|move: Wide Guard\n|move|p1b: Garchomp|Dragon Claw|p2b: Sableye\n|-damage|p2b: Sableye|14/100\n|\n|-weather|RainDance|[upkeep]\n|-damage|p1b: Garchomp|94/100 brn|[from] brn\n|upkeep\n|turn|3\n|\n|t:|1776506074\n|move|p2b: Sableye|Will-O-Wisp|p1a: Aerodactyl\n|-status|p1a: Aerodactyl|brn\n|move|p1a: Aerodactyl|Rock Slide|p2a: Pelipper|[spread] p2a,p2b\n|-supereffective|p2a: Pelipper|1\n|-damage|p2a: Pelipper|70/100\n|-damage|p2b: Sableye|0 fnt\n|faint|p2b: Sableye\n|move|p1b: Garchomp|Dragon Claw|p2a: Pelipper\n|-damage|p2a: Pelipper|43/100\n|move|p2a: Pelipper|Weather Ball|p1b: Garchomp\n|-damage|p1b: Garchomp|20/100 brn\n|\n|-weather|RainDance|[upkeep]\n|-damage|p1a: Aerodactyl|0 fnt|[from] brn\n|faint|p1a: Aerodactyl\n|-damage|p1b: Garchomp|14/100 brn|[from] brn\n|upkeep\n|\n|t:|1776506089\n|switch|p1a: Floette|Floette-Eternal, L50, F|100/100\n|switch|p2b: Scizor|Scizor, L50, M|100/100\n|turn|4\n|\n|t:|1776506116\n|switch|p2a: Basculegion|Basculegion, L50, M|100/100\n|detailschange|p2b: Scizor|Scizor-Mega, L50, M\n|-mega|p2b: Scizor|Scizor|Scizorite\n|move|p1a: Floette|Protect|p1a: Floette\n|-singleturn|p1a: Floette|Protect\n|move|p1b: Garchomp|Dragon Claw|p2a: Basculegion\n|-damage|p2a: Basculegion|70/100\n|move|p2b: Scizor|Swords Dance|p2b: Scizor\n|-boost|p2b: Scizor|atk|2\n|\n|-weather|RainDance|[upkeep]\n|-damage|p1b: Garchomp|8/100 brn|[from] brn\n|-sideend|p1: lolgz|move: Tailwind\n|-sideend|p2: lato_18|move: Tailwind\n|upkeep\n|turn|5\n|-message|lolgz forfeited.\n|\n|win|lato_18\n|raw|lolgz's rating: 1229 &rarr; <strong>1199</strong><br />(-30 for losing)\n|raw|lato_18's rating: 1159 &rarr; <strong>1189</strong><br />(+30 for winning)\n",
  "uploadtime": 1776506129,
  "views": 13,
  "formatid": "gen9championsvgc2026regma",
  "rating": 1189,
  "private": 0,
  "password": null
}