{
  "id": "gen9championsvgc2026regma-2587183764",
  "format": "[Gen 9 Champions] VGC 2026 Reg M-A",
  "players": [
    "Noobilio",
    "crazyshit14"
  ],
  "log": "|j|\u2606Noobilio\n|j|\u2606crazyshit14\n|t:|1776505643\n|gametype|doubles\n|player|p1|Noobilio|nurse|1302\n|player|p2|crazyshit14|1|1343\n|gen|9\n|tier|[Gen 9 Champions] VGC 2026 Reg M-A\n|rated|\n|rule|Species Clause: Limit one of each Pok\u00e9mon\n|rule|Item Clause: Limit 1 of each item\n|clearpoke\n|poke|p1|Froslass, L50, F|\n|poke|p1|Palafin, L50, F|\n|poke|p1|Kingambit, L50, F|\n|poke|p1|Arcanine-Hisui, L50, F|\n|poke|p1|Sinistcha, L50|\n|poke|p1|Sneasler, L50, M|\n|poke|p2|Starmie, L50|\n|poke|p2|Typhlosion-Hisui, L50, M|\n|poke|p2|Basculegion, L50, M|\n|poke|p2|Zoroark-Hisui, L50, M|\n|poke|p2|Kingambit, L50, M|\n|poke|p2|Talonflame, L50, F|\n|teampreview|4\n|inactive|Battle timer is ON: inactive players will automatically lose when time's up. (requested by Noobilio)\n|\n|t:|1776505708\n|teamsize|p1|4\n|teamsize|p2|4\n|start\n|switch|p1a: Kingambit|Kingambit, L50, F|100/100\n|switch|p1b: Palafin|Palafin, L50, F|100/100\n|switch|p2a: Typhlosion|Typhlosion-Hisui, L50, M|100/100\n|switch|p2b: Talonflame|Talonflame, L50, F|100/100\n|-item|p1a: Kingambit|Black Glasses|[from] ability: Frisk|[of] p2a: Typhlosion\n|-item|p1b: Palafin|Mystic Water|[from] ability: Frisk|[of] p2a: Typhlosion\n|turn|1\n|inactive|Noobilio has 30 seconds left.\n|\n|t:|1776505738\n|detailschange|p1b: Palafin|Palafin-Hero, L50, F\n|switch|p1b: Sneasler|Sneasler, L50, M|100/100\n|move|p2b: Talonflame|Tailwind|p2b: Talonflame\n|-sidestart|p2: crazyshit14|move: Tailwind\n|move|p1a: Kingambit|Sucker Punch|p2a: Typhlosion\n|-supereffective|p2a: Typhlosion|1\n|-damage|p2a: Typhlosion|0 fnt\n|faint|p2a: Typhlosion\n|\n|upkeep\n|\n|t:|1776505757\n|switch|p2a: Starmie|Starmie, L50|100/100\n|turn|2\n|\n|t:|1776505765\n|detailschange|p2a: Starmie|Starmie-Mega, L50\n|-mega|p2a: Starmie|Starmie|Starminite\n|move|p2a: Starmie|Protect|p2a: Starmie\n|-singleturn|p2a: Starmie|Protect\n|move|p1b: Sneasler|Fake Out|p2b: Talonflame\n|-damage|p2b: Talonflame|79/100\n|cant|p2b: Talonflame|flinch\n|move|p1a: Kingambit|Swords Dance|p1a: Kingambit\n|-boost|p1a: Kingambit|atk|2\n|\n|upkeep\n|turn|3\n|\n|t:|1776505780\n|move|p2a: Starmie|Protect||[still]\n|-fail|p2a: Starmie\n|move|p1a: Kingambit|Sucker Punch|p2b: Talonflame\n|-damage|p2b: Talonflame|0 fnt\n|faint|p2b: Talonflame\n|move|p1b: Sneasler|Close Combat|p2a: Starmie\n|-resisted|p2a: Starmie|1\n|-damage|p2a: Starmie|57/100\n|-unboost|p1b: Sneasler|def|1\n|-unboost|p1b: Sneasler|spd|1\n|-enditem|p1b: Sneasler|White Herb\n|-clearnegativeboost|p1b: Sneasler|[silent]\n|\n|upkeep\n|\n|t:|1776505786\n|switch|p2b: Basculegion|Basculegion, L50, M|100/100\n|turn|4\n|\n|t:|1776505796\n|move|p1b: Sneasler|Protect|p1b: Sneasler\n|-singleturn|p1b: Sneasler|Protect\n|move|p1a: Kingambit|Protect|p1a: Kingambit\n|-singleturn|p1a: Kingambit|Protect\n|move|p2b: Basculegion|Last Respects|p1b: Sneasler\n|-activate|p1b: Sneasler|move: Protect\n|move|p2a: Starmie|Waterfall|p1a: Kingambit\n|-activate|p1a: Kingambit|move: Protect\n|\n|-sideend|p2: crazyshit14|move: Tailwind\n|upkeep\n|turn|5\n|\n|t:|1776505809\n|move|p1a: Kingambit|Sucker Punch|p2b: Basculegion\n|-supereffective|p2b: Basculegion|1\n|-damage|p2b: Basculegion|0 fnt\n|faint|p2b: Basculegion\n|move|p1b: Sneasler|Dire Claw|p2a: Starmie\n|-damage|p2a: Starmie|0 fnt\n|faint|p2a: Starmie\n|\n|win|Noobilio\n|raw|Noobilio's rating: 1302 &rarr; <strong>1324</strong><br />(+22 for winning)\n|raw|crazyshit14's rating: 1343 &rarr; <strong>1321</strong><br />(-22 for losing)\n",
  "uploadtime": 1776505812,
  "views": 42,
  "formatid": "gen9championsvgc2026regma",
  "rating": 1321,
  "private": 0,
  "password": null
}