{
  "id": "gen9championsvgc2026regma-2583085157",
  "format": "[Gen 9 Champions] VGC 2026 Reg M-A",
  "players": [
    "streetledeetledoo",
    "Alucinas"
  ],
  "log": "|j|\u2606streetledeetledoo\n|j|\u2606Alucinas\n|t:|1776140276\n|gametype|doubles\n|player|p1|streetledeetledoo|dancer|1079\n|player|p2|Alucinas|lusamine|1175\n|gen|9\n|tier|[Gen 9 Champions] VGC 2026 Reg M-A\n|rated|\n|rule|Species Clause: Limit one of each Pok\u00e9mon\n|rule|Item Clause: Limit 1 of each item\n|clearpoke\n|poke|p1|Charizard, L50, M|\n|poke|p1|Venusaur, L50, F|\n|poke|p1|Garchomp, L50, M|\n|poke|p1|Rotom-Wash, L50|\n|poke|p1|Sneasler, L50, F|\n|poke|p1|Incineroar, L50, M|\n|poke|p2|Tyranitar, L50, M|\n|poke|p2|Glimmora, L50, F|\n|poke|p2|Kommo-o, L50, M|\n|poke|p2|Sinistcha, L50|\n|poke|p2|Gyarados, L50, M|\n|poke|p2|Gardevoir, L50, M|\n|teampreview|4\n|\n|t:|1776140301\n|teamsize|p1|4\n|teamsize|p2|4\n|start\n|switch|p1a: Charizard|Charizard, L50, M|100/100\n|switch|p1b: Venusaur|Venusaur, L50, F|100/100\n|switch|p2a: Tyranitar|Tyranitar, L50, M|100/100\n|switch|p2b: Glimmora|Glimmora, L50, F|100/100\n|-weather|Sandstorm|[from] ability: Sand Stream|[of] p2a: Tyranitar\n|turn|1\n|\n|t:|1776140320\n|detailschange|p1a: Charizard|Charizard-Mega-Y, L50, M\n|-mega|p1a: Charizard|Charizard|Charizardite Y\n|-weather|SunnyDay|[from] ability: Drought|[of] p1a: Charizard\n|move|p2b: Glimmora|Spiky Shield|p2b: Glimmora\n|-singleturn|p2b: Glimmora|move: Protect\n|move|p2a: Tyranitar|Protect|p2a: Tyranitar\n|-singleturn|p2a: Tyranitar|Protect\n|move|p1b: Venusaur|Sleep Powder|p2b: Glimmora\n|-activate|p2b: Glimmora|move: Protect\n|move|p1a: Charizard|Solar Beam||[still]\n|-prepare|p1a: Charizard|Solar Beam\n|-anim|p1a: Charizard|Solar Beam|p2a: Tyranitar\n|-activate|p2a: Tyranitar|move: Protect\n|\n|-weather|SunnyDay|[upkeep]\n|upkeep\n|turn|2\n|\n|t:|1776140338\n|detailschange|p2a: Tyranitar|Tyranitar-Mega, L50, M\n|-mega|p2a: Tyranitar|Tyranitar|Tyranitarite\n|-weather|Sandstorm|[from] ability: Sand Stream|[of] p2a: Tyranitar\n|move|p1a: Charizard|Heat Wave|p2a: Tyranitar|[spread] p2b\n|-miss|p1a: Charizard|p2a: Tyranitar\n|-resisted|p2b: Glimmora|1\n|-damage|p2b: Glimmora|81/100\n|move|p2b: Glimmora|Stealth Rock|p1a: Charizard\n|-sidestart|p1: streetledeetledoo|move: Stealth Rock\n|move|p1b: Venusaur|Leaf Storm|p2a: Tyranitar\n|-supereffective|p2a: Tyranitar|1\n|-damage|p2a: Tyranitar|28/100\n|-unboost|p1b: Venusaur|spa|2\n|move|p2a: Tyranitar|Rock Slide|p1a: Charizard|[spread] p1b\n|-miss|p2a: Tyranitar|p1a: Charizard\n|-damage|p1b: Venusaur|52/100\n|\n|-weather|Sandstorm|[upkeep]\n|-damage|p1a: Charizard|95/100|[from] Sandstorm\n|-damage|p1b: Venusaur|46/100|[from] Sandstorm\n|upkeep\n|turn|3\n|\n|t:|1776140361\n|switch|p1a: Garchomp|Garchomp, L50, M|100/100\n|-damage|p1a: Garchomp|95/100|[from] Stealth Rock\n|move|p1b: Venusaur|Protect|p1b: Venusaur\n|-singleturn|p1b: Venusaur|Protect\n|move|p2b: Glimmora|Power Gem|p1a: Garchomp\n|-resisted|p1a: Garchomp|1\n|-damage|p1a: Garchomp|70/100\n|move|p2a: Tyranitar|Knock Off|p1b: Venusaur\n|-activate|p1b: Venusaur|move: Protect\n|\n|-weather|Sandstorm|[upkeep]\n|-damage|p1b: Venusaur|40/100|[from] Sandstorm\n|upkeep\n|turn|4\n|inactive|Battle timer is ON: inactive players will automatically lose when time's up. (requested by streetledeetledoo)\n|\n|t:|1776140402\n|switch|p1b: Charizard|Charizard-Mega-Y, L50, M|95/100\n|-damage|p1b: Charizard|45/100|[from] Stealth Rock\n|-weather|SunnyDay|[from] ability: Drought|[of] p1b: Charizard\n|switch|p2a: Sinistcha|Sinistcha, L50|100/100\n|-heal|p2b: Glimmora|100/100|[from] ability: Hospitality|[of] p2a: Sinistcha\n|move|p1a: Garchomp|Bulldoze|p2b: Glimmora|[spread] p2a,p2b\n|-immune|p1b: Charizard\n|-resisted|p2a: Sinistcha|1\n|-supereffective|p2b: Glimmora|2\n|-damage|p2a: Sinistcha|89/100\n|-enditem|p2b: Glimmora|Focus Sash\n|-damage|p2b: Glimmora|1/100\n|-unboost|p2a: Sinistcha|spe|1\n|-unboost|p2b: Glimmora|spe|1\n|-activate|p2b: Glimmora|ability: Toxic Debris\n|-sidestart|p1: streetledeetledoo|move: Toxic Spikes\n|move|p2b: Glimmora|Sludge Bomb|p1a: Garchomp\n|-resisted|p1a: Garchomp|1\n|-damage|p1a: Garchomp|46/100\n|\n|-weather|SunnyDay|[upkeep]\n|upkeep\n|turn|5\n|inactive|streetledeetledoo has 30 seconds left.\n|\n|t:|1776140435\n|switch|p1a: Venusaur|Venusaur, L50, F|40/100\n|-damage|p1a: Venusaur|28/100|[from] Stealth Rock\n|-sideend|p1: streetledeetledoo|move: Toxic Spikes|[of] p1a: Venusaur\n|switch|p2b: Tyranitar|Tyranitar-Mega, L50, M|28/100\n|-weather|Sandstorm|[from] ability: Sand Stream|[of] p2b: Tyranitar\n|move|p1b: Charizard|Heat Wave|p2a: Sinistcha|[spread] \n|-miss|p1b: Charizard|p2a: Sinistcha\n|-miss|p1b: Charizard|p2b: Tyranitar\n|move|p2a: Sinistcha|Trick Room|p2a: Sinistcha\n|-fieldstart|move: Trick Room|[of] p2a: Sinistcha\n|\n|-weather|Sandstorm|[upkeep]\n|-damage|p2a: Sinistcha|83/100|[from] Sandstorm\n|-damage|p1a: Venusaur|22/100|[from] Sandstorm\n|-damage|p1b: Charizard|39/100|[from] Sandstorm\n|upkeep\n|turn|6\n|\n|t:|1776140459\n|move|p1b: Charizard|Protect|p1b: Charizard\n|-singleturn|p1b: Charizard|Protect\n|move|p2a: Sinistcha|Life Dew|p2a: Sinistcha|[spread] p2a,p2b\n|-heal|p2a: Sinistcha|100/100\n|-heal|p2b: Tyranitar|53/100\n|move|p2b: Tyranitar|Rock Slide|p1a: Venusaur|[spread] p1a\n|-activate|p1b: Charizard|move: Protect\n|-damage|p1a: Venusaur|0 fnt\n|faint|p1a: Venusaur\n|\n|-weather|Sandstorm|[upkeep]\n|-damage|p2a: Sinistcha|94/100|[from] Sandstorm\n|-damage|p1b: Charizard|33/100|[from] Sandstorm\n|upkeep\n|\n|t:|1776140473\n|switch|p1a: Rotom|Rotom-Wash, L50|100/100\n|-damage|p1a: Rotom|88/100|[from] Stealth Rock\n|turn|7\n|\n|t:|1776140487\n|move|p2a: Sinistcha|Rage Powder|p2a: Sinistcha\n|-singleturn|p2a: Sinistcha|move: Rage Powder\n|move|p1a: Rotom|Hydro Pump|p2a: Sinistcha\n|-resisted|p2a: Sinistcha|1\n|-crit|p2a: Sinistcha\n|-damage|p2a: Sinistcha|59/100\n|move|p2b: Tyranitar|Rock Slide|p1b: Charizard|[spread] p1a,p1b\n|-supereffective|p1b: Charizard|2\n|-damage|p1a: Rotom|51/100\n|-damage|p1b: Charizard|0 fnt\n|faint|p1b: Charizard\n|\n|-weather|Sandstorm|[upkeep]\n|-damage|p2a: Sinistcha|53/100|[from] Sandstorm\n|-damage|p1a: Rotom|46/100|[from] Sandstorm\n|-heal|p1a: Rotom|51/100|[from] item: Leftovers\n|upkeep\n|\n|t:|1776140505\n|switch|p1b: Garchomp|Garchomp, L50, M|46/100\n|-damage|p1b: Garchomp|40/100|[from] Stealth Rock\n|turn|8\n|\n|t:|1776140522\n|move|p1a: Rotom|Protect|p1a: Rotom\n|-singleturn|p1a: Rotom|Protect\n|move|p2a: Sinistcha|Matcha Gotcha|p1a: Rotom|[spread] \n|-activate|p1a: Rotom|move: Protect\n|-miss|p2a: Sinistcha|p1b: Garchomp\n|move|p2b: Tyranitar|Knock Off|p1b: Garchomp\n|-damage|p1b: Garchomp|0 fnt\n|-damage|p2b: Tyranitar|40/100|[from] ability: Rough Skin|[of] p1b: Garchomp\n|-enditem|p1b: Garchomp|Choice Scarf|[from] move: Knock Off|[of] p2b: Tyranitar\n|faint|p1b: Garchomp\n|\n|-weather|Sandstorm|[upkeep]\n|-damage|p2a: Sinistcha|47/100|[from] Sandstorm\n|-damage|p1a: Rotom|46/100|[from] Sandstorm\n|-enditem|p2a: Sinistcha|Sitrus Berry|[eat]\n|-heal|p2a: Sinistcha|72/100|[from] item: Sitrus Berry\n|-heal|p1a: Rotom|51/100|[from] item: Leftovers\n|upkeep\n|turn|9\n|\n|t:|1776140543\n|move|p2a: Sinistcha|Life Dew|p2a: Sinistcha|[spread] p2a,p2b\n|-heal|p2a: Sinistcha|97/100\n|-heal|p2b: Tyranitar|65/100\n|move|p1a: Rotom|Hydro Pump|p2b: Tyranitar\n|-supereffective|p2b: Tyranitar|1\n|-damage|p2b: Tyranitar|16/100\n|move|p2b: Tyranitar|Knock Off|p1a: Rotom\n|-damage|p1a: Rotom|0 fnt\n|-enditem|p1a: Rotom|Leftovers|[from] move: Knock Off|[of] p2b: Tyranitar\n|faint|p1a: Rotom\n|\n|win|Alucinas\n|raw|streetledeetledoo's rating: 1079 &rarr; <strong>1063</strong><br />(-16 for losing)\n|raw|Alucinas's rating: 1175 &rarr; <strong>1193</strong><br />(+18 for winning)\n|l|\u2606streetledeetledoo\n|player|p1|\n",
  "uploadtime": 1776140726,
  "views": 32,
  "formatid": "gen9championsvgc2026regma",
  "rating": 1063,
  "private": 0,
  "password": null
}