{
  "id": "gen9championsvgc2026regma-2586957044",
  "format": "[Gen 9 Champions] VGC 2026 Reg M-A",
  "players": [
    "iqsolid",
    "dtownbrown447"
  ],
  "log": "|j|\u2606iqsolid\n|j|\u2606dtownbrown447\n|t:|1776475509\n|gametype|doubles\n|player|p1|iqsolid|steven|1363\n|player|p2|dtownbrown447|169|1316\n|gen|9\n|tier|[Gen 9 Champions] VGC 2026 Reg M-A\n|rated|\n|rule|Species Clause: Limit one of each Pok\u00e9mon\n|rule|Item Clause: Limit 1 of each item\n|clearpoke\n|poke|p1|Maushold, L50|\n|poke|p1|Rotom-Wash, L50|\n|poke|p1|Incineroar, L50, M|\n|poke|p1|Whimsicott, L50, M|\n|poke|p1|Gengar, L50, M|\n|poke|p1|Goodra-Hisui, L50, F|\n|poke|p2|Blastoise, L50, M|\n|poke|p2|Sneasler, L50, M|\n|poke|p2|Talonflame, L50, M|\n|poke|p2|Tsareena, L50, F|\n|poke|p2|Garchomp, L50, M|\n|poke|p2|Sableye, L50, M|\n|teampreview|4\n|inactive|Battle timer is ON: inactive players will automatically lose when time's up. (requested by dtownbrown447)\n|\n|t:|1776475583\n|teamsize|p1|4\n|teamsize|p2|4\n|start\n|switch|p1a: Maushold|Maushold, L50|100/100\n|switch|p1b: Gengar|Gengar, L50, M|100/100\n|switch|p2a: Blastoise|Blastoise, L50, M|100/100\n|switch|p2b: Tsareena|Tsareena, L50, F|100/100\n|turn|1\n|\n|t:|1776475603\n|detailschange|p1b: Gengar|Gengar-Mega, L50, M\n|-mega|p1b: Gengar|Gengar|Gengarite\n|detailschange|p2a: Blastoise|Blastoise-Mega, L50, M\n|-mega|p2a: Blastoise|Blastoise|Blastoisinite\n|move|p2b: Tsareena|U-turn|p1a: Maushold\n|-damage|p1a: Maushold|70/100\n|\n|t:|1776475610\n|switch|p2b: Garchomp|Garchomp, L50, M|100/100|[from] U-turn\n|move|p1a: Maushold|Super Fang|p2a: Blastoise\n|-damage|p2a: Blastoise|50/100\n|move|p1b: Gengar|Sludge Bomb|p2a: Blastoise\n|-damage|p2a: Blastoise|0 fnt\n|faint|p2a: Blastoise\n|\n|upkeep\n|\n|t:|1776475619\n|switch|p2a: Talonflame|Talonflame, L50, M|100/100\n|turn|2\n|\n|t:|1776475643\n|switch|p1b: Incineroar|Incineroar, L50, M|100/100\n|-ability|p1b: Incineroar|Intimidate|boost\n|-unboost|p2a: Talonflame|atk|1\n|-unboost|p2b: Garchomp|atk|1\n|move|p2a: Talonflame|Tailwind|p2a: Talonflame\n|-sidestart|p2: dtownbrown447|move: Tailwind\n|move|p2b: Garchomp|Earthquake|p1b: Incineroar|[spread] p1a,p1b\n|-immune|p2a: Talonflame\n|-supereffective|p1b: Incineroar|1\n|-damage|p1a: Maushold|26/100\n|-damage|p1b: Incineroar|55/100\n|move|p1a: Maushold|Encore|p2a: Talonflame\n|-start|p2a: Talonflame|Encore\n|\n|upkeep\n|turn|3\n|\n|t:|1776475660\n|switch|p2a: Tsareena|Tsareena, L50, F|100/100\n|move|p1a: Maushold|Protect|p1a: Maushold\n|-singleturn|p1a: Maushold|Protect\n|move|p2b: Garchomp|Stomping Tantrum|p1b: Incineroar\n|-supereffective|p1b: Incineroar|1\n|-damage|p1b: Incineroar|10/100\n|-enditem|p1b: Incineroar|Sitrus Berry|[eat]\n|-heal|p1b: Incineroar|35/100|[from] item: Sitrus Berry\n|move|p1b: Incineroar|Flare Blitz|p2a: Tsareena\n|-supereffective|p2a: Tsareena|1\n|-damage|p2a: Tsareena|0 fnt\n|faint|p2a: Tsareena\n|-damage|p1b: Incineroar|11/100|[from] Recoil\n|\n|upkeep\n|\n|t:|1776475673\n|switch|p2a: Talonflame|Talonflame, L50, M|100/100\n|turn|4\n|inactive|iqsolid has 30 seconds left.\n|\n|t:|1776475706\n|switch|p1b: Rotom|Rotom-Wash, L50|100/100\n|move|p2a: Talonflame|Dual Wingbeat|p1b: Rotom\n|-resisted|p1b: Rotom|1\n|-damage|p1b: Rotom|93/100\n|-resisted|p1b: Rotom|1\n|-damage|p1b: Rotom|85/100\n|-hitcount|p1b: Rotom|2\n|move|p2b: Garchomp|Earthquake|p1a: Maushold|[spread] p1a\n|-immune|p2a: Talonflame\n|-immune|p1b: Rotom|[from] ability: Levitate\n|-damage|p1a: Maushold|0 fnt\n|faint|p1a: Maushold\n|\n|upkeep\n|\n|t:|1776475726\n|switch|p1a: Gengar|Gengar-Mega, L50, M|100/100\n|turn|5\n|\n|t:|1776475736\n|move|p2a: Talonflame|Protect|p2a: Talonflame\n|-singleturn|p2a: Talonflame|Protect\n|move|p1a: Gengar|Protect|p1a: Gengar\n|-singleturn|p1a: Gengar|Protect\n|move|p2b: Garchomp|Dragon Claw|p1b: Rotom\n|-damage|p1b: Rotom|49/100\n|move|p1b: Rotom|Volt Switch|p2a: Talonflame\n|-activate|p2a: Talonflame|move: Protect\n|\n|-sideend|p2: dtownbrown447|move: Tailwind\n|upkeep\n|turn|6\n|inactive|dtownbrown447 has 30 seconds left.\n|\n|t:|1776475762\n|switch|p1a: Incineroar|Incineroar, L50, M|11/100\n|-ability|p1a: Incineroar|Intimidate|boost\n|-unboost|p2a: Talonflame|atk|1\n|-unboost|p2b: Garchomp|atk|1\n|move|p2a: Talonflame|Dual Wingbeat|p1b: Rotom\n|-resisted|p1b: Rotom|1\n|-damage|p1b: Rotom|42/100\n|-resisted|p1b: Rotom|1\n|-damage|p1b: Rotom|35/100\n|-hitcount|p1b: Rotom|2\n|move|p1b: Rotom|Volt Switch|p2a: Talonflame\n|-supereffective|p2a: Talonflame|1\n|-damage|p2a: Talonflame|6/100\n|\n|t:|1776475774\n|switch|p1b: Gengar|Gengar-Mega, L50, M|100/100|[from] Volt Switch\n|move|p2b: Garchomp|Dragon Claw|p1b: Gengar\n|-damage|p1b: Gengar|74/100\n|\n|upkeep\n|turn|7\n|\n|t:|1776475788\n|move|p2a: Talonflame|Protect|p2a: Talonflame\n|-singleturn|p2a: Talonflame|Protect\n|move|p1a: Incineroar|Fake Out|p2b: Garchomp\n|-damage|p2b: Garchomp|88/100\n|-damage|p1a: Incineroar|0 fnt|[from] ability: Rough Skin|[of] p2b: Garchomp\n|faint|p1a: Incineroar\n|move|p1b: Gengar|Will-O-Wisp|p2b: Garchomp\n|-status|p2b: Garchomp|brn\n|cant|p2b: Garchomp|flinch\n|\n|-damage|p2b: Garchomp|82/100 brn|[from] brn\n|upkeep\n|\n|t:|1776475797\n|switch|p1a: Rotom|Rotom-Wash, L50|35/100\n|turn|8\n|\n|t:|1776475813\n|move|p1a: Rotom|Hydro Pump|p2a: Talonflame|[miss]\n|-miss|p1a: Rotom|p2a: Talonflame\n|move|p2a: Talonflame|Dual Wingbeat|p1a: Rotom\n|-resisted|p1a: Rotom|1\n|-damage|p1a: Rotom|28/100\n|-resisted|p1a: Rotom|1\n|-damage|p1a: Rotom|21/100\n|-hitcount|p1a: Rotom|2\n|move|p1b: Gengar|Shadow Ball|p2b: Garchomp\n|-damage|p2b: Garchomp|28/100 brn\n|move|p2b: Garchomp|Dragon Claw|p1a: Rotom\n|-damage|p1a: Rotom|8/100\n|\n|-damage|p2b: Garchomp|22/100 brn|[from] brn\n|upkeep\n|turn|9\n|\n|t:|1776475836\n|move|p2b: Garchomp|Protect|p2b: Garchomp\n|-singleturn|p2b: Garchomp|Protect\n|move|p1a: Rotom|Hydro Pump|p2a: Talonflame\n|-supereffective|p2a: Talonflame|1\n|-damage|p2a: Talonflame|0 fnt\n|faint|p2a: Talonflame\n|move|p1b: Gengar|Shadow Ball|p2b: Garchomp\n|-activate|p2b: Garchomp|move: Protect\n|\n|-damage|p2b: Garchomp|16/100 brn|[from] brn\n|upkeep\n|turn|10\n|-message|dtownbrown447 forfeited.\n|\n|win|iqsolid\n|raw|iqsolid's rating: 1363 &rarr; <strong>1380</strong><br />(+17 for winning)\n|raw|dtownbrown447's rating: 1316 &rarr; <strong>1299</strong><br />(-17 for losing)\n|l|\u2606dtownbrown447\n|player|p2|\n",
  "uploadtime": 1776476083,
  "views": 31,
  "formatid": "gen9championsvgc2026regma",
  "rating": 1299,
  "private": 0,
  "password": null
}