{
  "id": "gen9championsvgc2026regma-2581684591",
  "format": "[Gen 9 Champions] VGC 2026 Reg M-A",
  "players": [
    "nextxenp",
    "RadarUndetectable"
  ],
  "log": "|j|\u2606nextxenp\n|j|\u2606RadarUndetectable\n|t:|1776020531\n|gametype|doubles\n|player|p1|nextxenp|skier|1052\n|player|p2|RadarUndetectable|dawn|1000\n|gen|9\n|tier|[Gen 9 Champions] VGC 2026 Reg M-A\n|rated|\n|rule|Species Clause: Limit one of each Pok\u00e9mon\n|rule|Item Clause: Limit 1 of each item\n|clearpoke\n|poke|p1|Gengar, L50, M|\n|poke|p1|Incineroar, L50, F|\n|poke|p1|Sinistcha, L50|\n|poke|p1|Kingambit, L50, F|\n|poke|p1|Tyranitar, L50, M|\n|poke|p1|Kommo-o, L50, F|\n|poke|p2|Zoroark-Hisui, L50, F|\n|poke|p2|Altaria, L50, F|\n|poke|p2|Kingambit, L50, M|\n|poke|p2|Charizard, L50, M|\n|poke|p2|Sinistcha, L50|\n|poke|p2|Audino, L50, F|\n|teampreview|4\n|c|\u2606RadarUndetectable|How does this work\n|c|\u2606nextxenp|what u mean?\n|inactive|Battle timer is ON: inactive players will automatically lose when time's up. (requested by nextxenp)\n|c|\u2606RadarUndetectable|Lol nothing first time playing any kinda vgc format\n|inactive|RadarUndetectable has 60 seconds left.\n|\n|t:|1776020635\n|teamsize|p1|4\n|teamsize|p2|4\n|start\n|switch|p1a: Incineroar|Incineroar, L50, F|100/100\n|switch|p1b: Kingambit|Kingambit, L50, F|100/100\n|switch|p2a: Kingambit|Kingambit, L50, M|100/100\n|switch|p2b: Altaria|Altaria, L50, F|100/100\n|-ability|p2b: Altaria|Cloud Nine\n|-ability|p1a: Incineroar|Intimidate|boost\n|-unboost|p2a: Kingambit|atk|1\n|-unboost|p2b: Altaria|atk|1\n|turn|1\n|inactive|nextxenp has 30 seconds left.\n|inactive|RadarUndetectable has 30 seconds left.\n|\n|t:|1776020670\n|switch|p2b: Charizard|Charizard, L50, M, shiny|100/100\n|move|p2a: Kingambit|Protect|p2a: Kingambit\n|-singleturn|p2a: Kingambit|Protect\n|move|p1a: Incineroar|Fake Out|p2b: Charizard\n|-damage|p2b: Charizard|85/100\n|move|p1b: Kingambit|Low Kick|p2a: Kingambit\n|-activate|p2a: Kingambit|move: Protect\n|\n|upkeep\n|turn|2\n|inactive|nextxenp has 30 seconds left.\n|inactive|RadarUndetectable has 30 seconds left.\n|inactive|nextxenp has 20 seconds left.\n|inactive|RadarUndetectable has 20 seconds left.\n|inactive|RadarUndetectable has 15 seconds left.\n|\n|t:|1776020717\n|move|p1b: Kingambit|Protect|p1b: Kingambit\n|-singleturn|p1b: Kingambit|Protect\n|move|p2b: Charizard|Dragon Dance|p2b: Charizard\n|-boost|p2b: Charizard|atk|1\n|-boost|p2b: Charizard|spe|1\n|move|p2a: Kingambit|Low Kick|p1b: Kingambit\n|-activate|p1b: Kingambit|move: Protect\n|move|p1a: Incineroar|Parting Shot|p2b: Charizard\n|-unboost|p2b: Charizard|atk|1\n|-unboost|p2b: Charizard|spa|1\n|\n|t:|1776020735\n|switch|p1a: Gengar|Gengar, L50, M|100/100|[from] Parting Shot\n|\n|upkeep\n|turn|3\n|inactive|RadarUndetectable has 30 seconds left.\n|inactive|RadarUndetectable has 20 seconds left.\n|inactive|RadarUndetectable has 15 seconds left.\n|inactive|RadarUndetectable has 10 seconds left.\n|\n|t:|1776020784\n|switch|p1a: Incineroar|Incineroar, L50, F|100/100\n|-ability|p1a: Incineroar|Intimidate|boost\n|-unboost|p2a: Kingambit|atk|1\n|-unboost|p2b: Charizard|atk|1\n|detailschange|p2b: Charizard|Charizard-Mega-X, L50, M, shiny\n|-mega|p2b: Charizard|Charizard|Charizardite X\n|move|p2b: Charizard|Dragon Claw|p1a: Incineroar\n|-damage|p1a: Incineroar|65/100\n|move|p2a: Kingambit|Low Kick|p1b: Kingambit\n|-supereffective|p1b: Kingambit|2\n|-enditem|p1b: Kingambit|Chople Berry|[eat]\n|-enditem|p1b: Kingambit|Chople Berry|[weaken]\n|-damage|p1b: Kingambit|77/100\n|move|p1b: Kingambit|Low Kick|p2a: Kingambit\n|-immune|p2a: Kingambit\n|\n|upkeep\n|turn|4\n|inactive|nextxenp has 30 seconds left.\n|inactive|RadarUndetectable has 30 seconds left.\n|inactive|RadarUndetectable has 20 seconds left.\n|inactive|RadarUndetectable has 15 seconds left.\n|\n|t:|1776020829\n|switch|p2b: Altaria|Altaria, L50, F|100/100\n|-ability|p2b: Altaria|Cloud Nine\n|move|p1a: Incineroar|Fake Out|p2b: Altaria\n|-damage|p2b: Altaria|87/100\n|move|p1b: Kingambit|Sucker Punch|p2a: Kingambit\n|-supereffective|p2a: Kingambit|1\n|-enditem|p2a: Kingambit|Focus Sash\n|-damage|p2a: Kingambit|1/100\n|replace|p2a: Zoroark|Zoroark-Hisui, L50, F, shiny\n|-end|p2a: Zoroark|Illusion\n|move|p2a: Zoroark|Knock Off|p1a: Incineroar\n|-resisted|p1a: Incineroar|1\n|-damage|p1a: Incineroar|58/100\n|-enditem|p1a: Incineroar|Shuca Berry|[from] move: Knock Off|[of] p2a: Zoroark\n|\n|upkeep\n|turn|5\n|inactive|nextxenp has 30 seconds left.\n|inactive|RadarUndetectable has 30 seconds left.\n|inactive|nextxenp has 20 seconds left.\n|\n|t:|1776020868\n|move|p2a: Zoroark|Protect|p2a: Zoroark\n|-singleturn|p2a: Zoroark|Protect\n|move|p1b: Kingambit|Protect|p1b: Kingambit\n|-singleturn|p1b: Kingambit|Protect\n|move|p2b: Altaria|Tailwind|p2b: Altaria\n|-sidestart|p2: RadarUndetectable|move: Tailwind\n|move|p1a: Incineroar|Throat Chop|p2a: Zoroark\n|-activate|p2a: Zoroark|move: Protect\n|\n|upkeep\n|turn|6\n|inactive|nextxenp has 30 seconds left.\n|inactive|RadarUndetectable has 30 seconds left.\n|inactive|nextxenp has 20 seconds left.\n|inactive|RadarUndetectable has 20 seconds left.\n|inactive|RadarUndetectable has 15 seconds left.\n|\n|t:|1776020909\n|switch|p2a: Kingambit|Kingambit, L50, M|100/100\n|switch|p1b: Tyranitar|Tyranitar, L50, M|100/100\n|-weather|Sandstorm|[from] ability: Sand Stream|[of] p1b: Tyranitar\n|move|p2b: Altaria|Dual Wingbeat|p1a: Incineroar\n|-damage|p1a: Incineroar|43/100\n|-damage|p1a: Incineroar|28/100\n|-hitcount|p1a: Incineroar|2\n|move|p1a: Incineroar|Throat Chop|p2a: Kingambit\n|-resisted|p2a: Kingambit|1\n|-damage|p2a: Kingambit|89/100\n|-start|p2a: Kingambit|Throat Chop|[silent]\n|\n|-weather|Sandstorm|[upkeep]\n|upkeep\n|turn|7\n|inactive|nextxenp has 30 seconds left.\n|inactive|RadarUndetectable has 30 seconds left.\n|inactive|RadarUndetectable has 20 seconds left.\n|inactive|RadarUndetectable has 15 seconds left.\n|\n|t:|1776020951\n|switch|p1a: Gengar|Gengar, L50, M|100/100\n|move|p2b: Altaria|Dual Wingbeat|p1a: Gengar\n|-damage|p1a: Gengar|77/100\n|-damage|p1a: Gengar|56/100\n|-start|p2b: Altaria|Disable|Dual Wingbeat|[from] ability: Cursed Body|[of] p1a: Gengar\n|-hitcount|p1a: Gengar|2\n|move|p1b: Tyranitar|Low Kick|p2a: Kingambit\n|-supereffective|p2a: Kingambit|2\n|-damage|p2a: Kingambit|0 fnt\n|faint|p2a: Kingambit\n|\n|-weather|Sandstorm|[upkeep]\n|upkeep\n|\n|t:|1776020974\n|switch|p2a: Charizard|Charizard-Mega-X, L50, M, shiny|1/100\n|turn|8\n|inactive|nextxenp has 30 seconds left.\n|inactive|RadarUndetectable has 30 seconds left.\n|\n|t:|1776021005\n|switch|p1b: Kingambit|Kingambit, L50, F|77/100\n|detailschange|p1a: Gengar|Gengar-Mega, L50, M\n|-mega|p1a: Gengar|Gengar|Gengarite\n|move|p1a: Gengar|Protect|p1a: Gengar\n|-singleturn|p1a: Gengar|Protect\n|move|p2a: Charizard|Low Kick|p1b: Kingambit\n|-supereffective|p1b: Kingambit|2\n|-damage|p1b: Kingambit|0 fnt\n|faint|p1b: Kingambit\n|move|p2b: Altaria|Double-Edge|p1a: Gengar\n|-activate|p1a: Gengar|move: Protect\n|\n|-weather|Sandstorm|[upkeep]\n|-sideend|p2: RadarUndetectable|move: Tailwind\n|upkeep\n|\n|t:|1776021025\n|switch|p1b: Incineroar|Incineroar, L50, F|28/100\n|-ability|p1b: Incineroar|Intimidate|boost\n|-unboost|p2a: Charizard|atk|1\n|-unboost|p2b: Altaria|atk|1\n|turn|9\n|\n|t:|1776021043\n|move|p2a: Charizard|Protect|p2a: Charizard\n|-singleturn|p2a: Charizard|Protect\n|move|p1b: Incineroar|Fake Out|p2a: Charizard\n|-activate|p2a: Charizard|move: Protect\n|move|p1a: Gengar|Shadow Ball|p2a: Charizard\n|-activate|p2a: Charizard|move: Protect\n|move|p2b: Altaria|Tailwind|p2b: Altaria\n|-sidestart|p2: RadarUndetectable|move: Tailwind\n|\n|-weather|Sandstorm|[upkeep]\n|upkeep\n|turn|10\n|inactive|nextxenp has 30 seconds left.\n|inactive|RadarUndetectable has 30 seconds left.\n|inactive|nextxenp has 20 seconds left.\n|inactive|RadarUndetectable has 20 seconds left.\n|inactive|RadarUndetectable has 15 seconds left.\n|inactive|RadarUndetectable has 10 seconds left.\n|inactive|RadarUndetectable has 5 seconds left.\n|\n|t:|1776021094\n|switch|p1a: Tyranitar|Tyranitar, L50, M|100/100\n|move|p2a: Charizard|Poltergeist|p1a: Tyranitar\n|-activate|p1a: Tyranitar|move: Poltergeist|Choice Scarf\n|-resisted|p1a: Tyranitar|1\n|-damage|p1a: Tyranitar|85/100\n|move|p2b: Altaria|Double-Edge|p1b: Incineroar\n|-damage|p1b: Incineroar|11/100\n|-damage|p2b: Altaria|79/100|[from] Recoil\n|move|p1b: Incineroar|Throat Chop|p2a: Charizard\n|-supereffective|p2a: Charizard|1\n|-damage|p2a: Charizard|0 fnt\n|replace|p2a: Zoroark|Zoroark-Hisui, L50, F, shiny\n|-end|p2a: Zoroark|Illusion\n|faint|p2a: Zoroark\n|\n|-weather|none\n|-end|p2b: Altaria|Disable\n|upkeep\n|inactive|RadarUndetectable has 30 seconds left.\n|\n|t:|1776021107\n|switch|p2a: Charizard|Charizard-Mega-X, L50, M, shiny|85/100\n|turn|11\n|inactive|RadarUndetectable has 30 seconds left this turn.\n|inactive|RadarUndetectable has 20 seconds left.\n|inactive|RadarUndetectable has 15 seconds left.\n|inactive|RadarUndetectable has 10 seconds left.\n|inactive|RadarUndetectable has 5 seconds left.\n|\n|t:|1776021133\n|switch|p1b: Gengar|Gengar-Mega, L50, M|56/100\n|move|p2a: Charizard|Dragon Claw|p1b: Gengar\n|-damage|p1b: Gengar|0 fnt\n|faint|p1b: Gengar\n|move|p2b: Altaria|Dual Wingbeat|p1a: Tyranitar\n|-resisted|p1a: Tyranitar|1\n|-damage|p1a: Tyranitar|80/100\n|-resisted|p1a: Tyranitar|1\n|-crit|p1a: Tyranitar\n|-damage|p1a: Tyranitar|70/100\n|-hitcount|p1a: Tyranitar|2\n|move|p1a: Tyranitar|Stone Edge|p2a: Charizard\n|-supereffective|p2a: Charizard|1\n|-crit|p2a: Charizard\n|-damage|p2a: Charizard|0 fnt\n|faint|p2a: Charizard\n|\n|upkeep\n|\n|t:|1776021148\n|switch|p1b: Incineroar|Incineroar, L50, F|11/100\n|-ability|p1b: Incineroar|Intimidate|boost\n|-unboost|p2b: Altaria|atk|1\n|turn|12\n|inactive|RadarUndetectable has 5 seconds left this turn.\n|c|\u2606RadarUndetectable|gg\n|-message|RadarUndetectable lost due to inactivity.\n|\n|win|nextxenp\n|raw|nextxenp's rating: 1052 &rarr; <strong>1079</strong><br />(+27 for winning)\n|raw|RadarUndetectable's rating: 1000 &rarr; <strong>1000</strong><br />(+0 for losing)\n|c|\u2606nextxenp|gg\n|c|\u2606RadarUndetectable|my team probaly bad lol\n|c|\u2606nextxenp|i think that good\n|c|\u2606nextxenp|but its hard to play zoroark\n|c|\u2606nextxenp|have to make them think that not zoroark fake\n|l|\u2606nextxenp\n|player|p1|\n",
  "uploadtime": 1776021167,
  "views": 20,
  "formatid": "gen9championsvgc2026regma",
  "rating": 1000,
  "private": 0,
  "password": null
}