{
  "id": "gen9championsvgc2026regma-2588267143",
  "format": "[Gen 9 Champions] VGC 2026 Reg M-A",
  "players": [
    "jamppa500",
    "Gonroadtotop500"
  ],
  "log": "|j|\u2606jamppa500\n|j|\u2606Gonroadtotop500\n|t:|1776619474\n|gametype|doubles\n|player|p1|jamppa500|hiker|1319\n|player|p2|Gonroadtotop500|veteran|1375\n|gen|9\n|tier|[Gen 9 Champions] VGC 2026 Reg M-A\n|rated|\n|rule|Species Clause: Limit one of each Pok\u00e9mon\n|rule|Item Clause: Limit 1 of each item\n|clearpoke\n|poke|p1|Milotic, L50, F|\n|poke|p1|Dragapult, L50, F|\n|poke|p1|Volcarona, L50, F|\n|poke|p1|Sneasler, L50, F|\n|poke|p1|Floette-Eternal, L50, F|\n|poke|p1|Sinistcha, L50|\n|poke|p2|Archaludon, L50, M|\n|poke|p2|Garchomp, L50, M|\n|poke|p2|Basculegion, L50, M, shiny|\n|poke|p2|Floette-Eternal, L50, F|\n|poke|p2|Pelipper, L50, M|\n|poke|p2|Sinistcha, L50|\n|teampreview|4\n|\n|t:|1776619512\n|teamsize|p1|4\n|teamsize|p2|4\n|start\n|switch|p1a: Volcarona|Volcarona, L50, F|100/100\n|switch|p1b: Dragapult|Dragapult, L50, F|100/100\n|switch|p2a: Basculegion|Basculegion, L50, M, shiny|100/100\n|switch|p2b: Archaludon|Archaludon, L50, M|100/100\n|turn|1\n|inactive|Battle timer is ON: inactive players will automatically lose when time's up. (requested by Gonroadtotop500)\n|inactive|Gonroadtotop500 has 60 seconds left.\n|\n|t:|1776619546\n|move|p1a: Volcarona|Protect|p1a: Volcarona\n|-singleturn|p1a: Volcarona|Protect\n|move|p2a: Basculegion|Flip Turn|p1a: Volcarona\n|-activate|p1a: Volcarona|move: Protect\n|move|p1b: Dragapult|Phantom Force||[still]\n|-prepare|p1b: Dragapult|Phantom Force\n|move|p2b: Archaludon|Dragon Pulse|p1b: Dragapult|[miss]\n|-miss|p2b: Archaludon|p1b: Dragapult\n|\n|upkeep\n|turn|2\n|inactive|jamppa500 has 30 seconds left.\n|inactive|Gonroadtotop500 has 30 seconds left.\n|\n|t:|1776619576\n|switch|p1a: Milotic|Milotic, L50, F|100/100\n|move|p2a: Basculegion|Flip Turn|p1a: Milotic\n|-resisted|p1a: Milotic|1\n|-damage|p1a: Milotic|80/100\n|\n|t:|1776619582\n|switch|p2a: Pelipper|Pelipper, L50, M|100/100|[from] Flip Turn\n|-weather|RainDance|[from] ability: Drizzle|[of] p2a: Pelipper\n|move|p1b: Dragapult|Phantom Force|p2a: Pelipper|[from] lockedmove\n|-damage|p2a: Pelipper|48/100\n|move|p2b: Archaludon|Dragon Pulse|p1b: Dragapult\n|-supereffective|p1b: Dragapult|1\n|-enditem|p1b: Dragapult|Focus Sash\n|-damage|p1b: Dragapult|1/100\n|\n|-weather|RainDance|[upkeep]\n|-heal|p1a: Milotic|86/100|[from] item: Leftovers\n|upkeep\n|turn|3\n|\n|t:|1776619604\n|move|p1b: Dragapult|Dragon Darts|p2a: Pelipper\n|-damage|p2a: Pelipper|16/100\n|-anim|p1b: Dragapult|Dragon Darts|p2b: Archaludon\n|-damage|p2b: Archaludon|82/100\n|-ability|p2b: Archaludon|Stamina|boost\n|-boost|p2b: Archaludon|def|1\n|move|p2b: Archaludon|Electro Shot||[still]\n|-prepare|p2b: Archaludon|Electro Shot\n|-boost|p2b: Archaludon|spa|1\n|-anim|p2b: Archaludon|Electro Shot|p1a: Milotic\n|-supereffective|p1a: Milotic|1\n|-damage|p1a: Milotic|12/100\n|move|p1a: Milotic|Scald|p2a: Pelipper\n|-resisted|p2a: Pelipper|1\n|-damage|p2a: Pelipper|0 fnt\n|faint|p2a: Pelipper\n|\n|-weather|RainDance|[upkeep]\n|-heal|p1a: Milotic|18/100|[from] item: Leftovers\n|upkeep\n|\n|t:|1776619619\n|switch|p2a: Garchomp|Garchomp, L50, M|100/100\n|turn|4\n|\n|t:|1776619635\n|move|p2a: Garchomp|Protect|p2a: Garchomp\n|-singleturn|p2a: Garchomp|Protect\n|move|p1b: Dragapult|Dragon Darts|p2b: Archaludon\n|-crit|p2b: Archaludon\n|-damage|p2b: Archaludon|50/100\n|-ability|p2b: Archaludon|Stamina|boost\n|-boost|p2b: Archaludon|def|1\n|-enditem|p2b: Archaludon|Sitrus Berry|[eat]\n|-heal|p2b: Archaludon|75/100|[from] item: Sitrus Berry\n|-anim|p1b: Dragapult|Dragon Darts|p2b: Archaludon\n|-damage|p2b: Archaludon|65/100\n|-ability|p2b: Archaludon|Stamina|boost\n|-boost|p2b: Archaludon|def|1\n|move|p2b: Archaludon|Electro Shot||[still]\n|-prepare|p2b: Archaludon|Electro Shot\n|-boost|p2b: Archaludon|spa|1\n|-anim|p2b: Archaludon|Electro Shot|p1b: Dragapult\n|-resisted|p1b: Dragapult|1\n|-damage|p1b: Dragapult|0 fnt\n|faint|p1b: Dragapult\n|move|p1a: Milotic|Ice Beam|p2a: Garchomp\n|-activate|p2a: Garchomp|move: Protect\n|\n|-weather|RainDance|[upkeep]\n|-heal|p1a: Milotic|24/100|[from] item: Leftovers\n|upkeep\n|\n|t:|1776619650\n|switch|p1b: Floette|Floette-Eternal, L50, F|100/100\n|turn|5\n|inactive|Gonroadtotop500 has 30 seconds left.\n|inactive|Gonroadtotop500 has 20 seconds left.\n|inactive|Gonroadtotop500 has 15 seconds left.\n|inactive|Gonroadtotop500 has 10 seconds left.\n|\n|t:|1776619700\n|detailschange|p1b: Floette|Floette-Mega, L50, F\n|-mega|p1b: Floette|Floette|Floettite\n|-ability|p1b: Floette|Fairy Aura\n|move|p1a: Milotic|Protect|p1a: Milotic\n|-singleturn|p1a: Milotic|Protect\n|move|p2a: Garchomp|Dragon Claw|p1a: Milotic\n|-activate|p1a: Milotic|move: Protect\n|move|p1b: Floette|Dazzling Gleam|p2b: Archaludon|[spread] p2a,p2b\n|-supereffective|p2a: Garchomp|1\n|-damage|p2a: Garchomp|0 fnt\n|-damage|p2b: Archaludon|13/100\n|-ability|p2b: Archaludon|Stamina|boost\n|-boost|p2b: Archaludon|def|1\n|faint|p2a: Garchomp\n|move|p2b: Archaludon|Flash Cannon|p1b: Floette\n|-supereffective|p1b: Floette|1\n|-damage|p1b: Floette|0 fnt\n|faint|p1b: Floette\n|\n|-weather|RainDance|[upkeep]\n|-heal|p1a: Milotic|30/100|[from] item: Leftovers\n|upkeep\n|\n|t:|1776619717\n|switch|p2a: Basculegion|Basculegion, L50, M, shiny|100/100\n|switch|p1b: Volcarona|Volcarona, L50, F|100/100\n|turn|6\n|\n|t:|1776619741\n|move|p1b: Volcarona|Rage Powder|p1b: Volcarona\n|-singleturn|p1b: Volcarona|move: Rage Powder\n|move|p2a: Basculegion|Last Respects|p1b: Volcarona\n|-damage|p1b: Volcarona|0 fnt\n|faint|p1b: Volcarona\n|move|p2b: Archaludon|Electro Shot||[still]\n|-prepare|p2b: Archaludon|Electro Shot\n|-boost|p2b: Archaludon|spa|1\n|-anim|p2b: Archaludon|Electro Shot|p1a: Milotic\n|-supereffective|p1a: Milotic|1\n|-damage|p1a: Milotic|0 fnt\n|faint|p1a: Milotic\n|\n|win|Gonroadtotop500\n|raw|jamppa500's rating: 1319 &rarr; <strong>1302</strong><br />(-17 for losing)\n|raw|Gonroadtotop500's rating: 1375 &rarr; <strong>1392</strong><br />(+17 for winning)\n|l|\u2606jamppa500\n|player|p1|\n|c|\u2606Gonroadtotop500|gg\n",
  "uploadtime": 1776619757,
  "views": 14,
  "formatid": "gen9championsvgc2026regma",
  "rating": 1302,
  "private": 0,
  "password": null
}