{
  "id": "gen9championsvgc2026regma-2583329201",
  "format": "[Gen 9 Champions] VGC 2026 Reg M-A",
  "players": [
    "Menrad",
    "cottonface"
  ],
  "log": "|j|\u2606Menrad\n|j|\u2606cottonface\n|t:|1776167398\n|gametype|doubles\n|player|p1|Menrad|benga|1024\n|player|p2|cottonface|collector|1030\n|gen|9\n|tier|[Gen 9 Champions] VGC 2026 Reg M-A\n|rated|\n|rule|Species Clause: Limit one of each Pok\u00e9mon\n|rule|Item Clause: Limit 1 of each item\n|clearpoke\n|poke|p1|Gardevoir, L50, F|\n|poke|p1|Maushold, L50|\n|poke|p1|Sneasler, L50, M|\n|poke|p1|Talonflame, L50, F|\n|poke|p1|Excadrill, L50, M|\n|poke|p1|Polteageist, L50|\n|poke|p2|Snorlax, L50, M|\n|poke|p2|Audino, L50, M|\n|poke|p2|Zoroark-Hisui, L50, F|\n|poke|p2|Ditto, L50|\n|poke|p2|Farigiraf, L50, F|\n|poke|p2|Toucannon, L50, F|\n|teampreview|4\n|inactive|Battle timer is ON: inactive players will automatically lose when time's up. (requested by Menrad)\n|inactive|Menrad has 60 seconds left.\n|\n|t:|1776167448\n|teamsize|p1|4\n|teamsize|p2|4\n|start\n|switch|p1a: Talonflame|Talonflame, L50, F|100/100\n|switch|p1b: Sneasler|Sneasler, L50, M|100/100\n|switch|p2a: Audino|Audino, L50, M|100/100\n|switch|p2b: Ditto|Ditto, L50|100/100\n|-ability|p1b: Sneasler|Pressure\n|-transform|p2b: Ditto|p1a: Talonflame|[from] ability: Imposter\n|turn|1\n|\n|t:|1776167465\n|move|p1b: Sneasler|Fake Out|p2b: Ditto\n|-damage|p2b: Ditto|84/100\n|move|p1a: Talonflame|Tailwind|p1a: Talonflame\n|-sidestart|p1: Menrad|move: Tailwind\n|cant|p2b: Ditto|flinch\n|move|p2a: Audino|Shadow Ball|p1b: Sneasler\n|-damage|p1b: Sneasler|48/100\n|-unboost|p1b: Sneasler|spd|1\n|\n|upkeep\n|turn|2\n|inactive|Menrad has 30 seconds left.\n|inactive|Menrad has 20 seconds left.\n|\n|t:|1776167503\n|move|p1b: Sneasler|U-turn|p2a: Audino\n|-resisted|p2a: Audino|1\n|-damage|p2a: Audino|76/100\n|replace|p2a: Zoroark|Zoroark-Hisui, L50, F\n|-end|p2a: Zoroark|Illusion\n|\n|t:|1776167512\n|switch|p1b: Polteageist|Polteageist, L50|100/100|[from] U-turn\n|move|p2b: Ditto|U-turn|p1b: Polteageist\n|-resisted|p1b: Polteageist|1\n|-damage|p1b: Polteageist|91/100\n|-start|p2b: Ditto|Disable|U-turn|[from] ability: Cursed Body|[of] p1b: Polteageist\n|\n|t:|1776167520\n|switch|p2b: Audino|Audino, L50, M|100/100|[from] U-turn\n|move|p2a: Zoroark|Shadow Ball|p1b: Polteageist\n|-supereffective|p1b: Polteageist|1\n|-damage|p1b: Polteageist|21/100\n|-start|p2a: Zoroark|Disable|Shadow Ball|[from] ability: Cursed Body|[of] p1b: Polteageist\n|move|p1a: Talonflame|Whirlwind|p2b: Audino\n|drag|p2b: Ditto|Ditto, L50|84/100\n|-transform|p2b: Ditto|p1a: Talonflame|[from] ability: Imposter\n|\n|upkeep\n|turn|3\n|inactive|Menrad has 30 seconds left.\n|inactive|cottonface has 30 seconds left.\n|inactive|Menrad has 20 seconds left.\n|inactive|Menrad has 15 seconds left.\n|\n|t:|1776167561\n|switch|p2a: Snorlax|Snorlax, L50, M|100/100\n|move|p1a: Talonflame|Flare Blitz|p2a: Snorlax\n|-damage|p2a: Snorlax|80/100\n|-damage|p1a: Talonflame|89/100|[from] Recoil\n|move|p1b: Polteageist|Shell Smash|p1b: Polteageist\n|-unboost|p1b: Polteageist|def|1\n|-unboost|p1b: Polteageist|spd|1\n|-boost|p1b: Polteageist|atk|2\n|-boost|p1b: Polteageist|spa|2\n|-boost|p1b: Polteageist|spe|2\n|-enditem|p1b: Polteageist|White Herb\n|-clearnegativeboost|p1b: Polteageist|[silent]\n|move|p2b: Ditto|Whirlwind|p1a: Talonflame\n|drag|p1a: Sneasler|Sneasler, L50, M|48/100\n|-ability|p1a: Sneasler|Pressure\n|\n|-heal|p2a: Snorlax|86/100|[from] item: Leftovers\n|upkeep\n|turn|4\n|\n|t:|1776167586\n|move|p1a: Sneasler|Fake Out|p2a: Snorlax\n|-damage|p2a: Snorlax|72/100\n|move|p1b: Polteageist|Baton Pass|p1b: Polteageist\n|\n|t:|1776167595\n|switch|p1b: Gardevoir|Gardevoir, L50, F|100/100|[from] Baton Pass\n|cant|p2a: Snorlax|flinch\n|move|p2b: Ditto|Whirlwind|p1a: Sneasler\n|drag|p1a: Talonflame|Talonflame, L50, F|89/100\n|\n|-heal|p1a: Talonflame|95/100|[from] item: Leftovers\n|-heal|p2a: Snorlax|78/100|[from] item: Leftovers\n|-sideend|p1: Menrad|move: Tailwind\n|upkeep\n|turn|5\n|inactive|Menrad has 30 seconds left.\n|\n|t:|1776167621\n|detailschange|p1b: Gardevoir|Gardevoir-Mega, L50, F\n|-mega|p1b: Gardevoir|Gardevoir|Gardevoirite\n|move|p1b: Gardevoir|Hyper Beam|p2b: Ditto\n|-resisted|p2b: Ditto|1\n|-damage|p2b: Ditto|0 fnt\n|-mustrecharge|p1b: Gardevoir\n|faint|p2b: Ditto\n|move|p1a: Talonflame|Tailwind|p1a: Talonflame\n|-sidestart|p1: Menrad|move: Tailwind\n|move|p2a: Snorlax|Curse|p2a: Snorlax\n|-unboost|p2a: Snorlax|spe|1\n|-boost|p2a: Snorlax|atk|1\n|-boost|p2a: Snorlax|def|1\n|\n|-heal|p1a: Talonflame|100/100|[from] item: Leftovers\n|-heal|p2a: Snorlax|84/100|[from] item: Leftovers\n|upkeep\n|\n|t:|1776167633\n|switch|p2b: Audino|Audino, L50, M|100/100\n|turn|6\n|inactive|Menrad has 30 seconds left.\n|\n|t:|1776167662\n|detailschange|p2b: Audino|Audino-Mega, L50, M\n|-mega|p2b: Audino|Audino|Audinite\n|cant|p1b: Gardevoir|recharge\n|move|p1a: Talonflame|Flare Blitz|p2b: Audino\n|-damage|p2b: Audino|72/100\n|-damage|p1a: Talonflame|88/100|[from] Recoil\n|move|p2a: Snorlax|Crunch|p1a: Talonflame\n|-damage|p1a: Talonflame|44/100\n|move|p2b: Audino|Trick Room|p2b: Audino\n|-fieldstart|move: Trick Room|[of] p2b: Audino\n|\n|-heal|p2a: Snorlax|90/100|[from] item: Leftovers\n|-heal|p1a: Talonflame|50/100|[from] item: Leftovers\n|upkeep\n|turn|7\n|inactive|Menrad has 30 seconds left.\n|\n|t:|1776167692\n|move|p2a: Snorlax|Double-Edge|p1b: Gardevoir\n|-crit|p1b: Gardevoir\n|-damage|p1b: Gardevoir|0 fnt\n|faint|p1b: Gardevoir\n|-damage|p2a: Snorlax|72/100|[from] Recoil\n|move|p2b: Audino|Wish|p2b: Audino\n|move|p1a: Talonflame|Whirlwind|p2a: Snorlax\n|drag|p2a: Snorlax|Snorlax, L50, M|76/100\n|\n|-heal|p1a: Talonflame|55/100|[from] item: Leftovers\n|upkeep\n|\n|t:|1776167707\n|switch|p1b: Sneasler|Sneasler, L50, M|48/100\n|-ability|p1b: Sneasler|Pressure\n|turn|8\n|\n|t:|1776167717\n|switch|p2b: Snorlax|Snorlax, L50, M|72/100\n|move|p2a: Snorlax|Shadow Ball|p1b: Sneasler\n|-damage|p1b: Sneasler|0 fnt\n|faint|p1b: Sneasler\n|move|p1a: Talonflame|Flare Blitz|p2b: Snorlax\n|-damage|p2b: Snorlax|50/100\n|-damage|p1a: Talonflame|43/100|[from] Recoil\n|\n|-heal|p2b: Snorlax|89/100|[from] move: Wish|[wisher] Audino\n|-heal|p2b: Snorlax|95/100|[from] item: Leftovers\n|-heal|p1a: Talonflame|49/100|[from] item: Leftovers\n|-sideend|p1: Menrad|move: Tailwind\n|upkeep\n|\n|t:|1776167727\n|switch|p1b: Polteageist|Polteageist, L50|21/100\n|turn|9\n|\n|t:|1776167750\n|move|p2b: Snorlax|Crunch|p1b: Polteageist\n|-supereffective|p1b: Polteageist|1\n|-damage|p1b: Polteageist|0 fnt\n|-start|p2b: Snorlax|Disable|Crunch|[from] ability: Cursed Body|[of] p1b: Polteageist\n|faint|p1b: Polteageist\n|move|p1a: Talonflame|Flare Blitz|p2a: Snorlax\n|-damage|p2a: Snorlax|0 fnt\n|replace|p2a: Zoroark|Zoroark-Hisui, L50, F\n|-end|p2a: Zoroark|Illusion\n|faint|p2a: Zoroark\n|-damage|p1a: Talonflame|28/100|[from] Recoil\n|\n|-heal|p2b: Snorlax|100/100|[from] item: Leftovers\n|-heal|p1a: Talonflame|34/100|[from] item: Leftovers\n|upkeep\n|\n|t:|1776167762\n|switch|p2a: Audino|Audino-Mega, L50, M|72/100\n|turn|10\n|-message|Menrad forfeited.\n|\n|win|cottonface\n|raw|Menrad's rating: 1024 &rarr; <strong>1011</strong><br />(-13 for losing)\n|raw|cottonface's rating: 1030 &rarr; <strong>1065</strong><br />(+35 for winning)\n|l|\u2606Menrad\n|player|p1|\n|c|\u2606cottonface|gg\n",
  "uploadtime": 1776167778,
  "views": 21,
  "formatid": "gen9championsvgc2026regma",
  "rating": 1011,
  "private": 0,
  "password": null
}