{
  "id": "gen9championsvgc2026regma-2581029247",
  "format": "[Gen 9 Champions] VGC 2026 Reg M-A",
  "players": [
    "PokiMikey",
    "Lemonale"
  ],
  "log": "|j|\u2606PokiMikey\n|j|\u2606Lemonale\n|t:|1775953215\n|gametype|doubles\n|player|p1|PokiMikey|alder|1067\n|player|p2|Lemonale|169|1000\n|gen|9\n|tier|[Gen 9 Champions] VGC 2026 Reg M-A\n|rated|\n|rule|Species Clause: Limit one of each Pok\u00e9mon\n|rule|Item Clause: Limit 1 of each item\n|clearpoke\n|poke|p1|Pelipper, L50, F|\n|poke|p1|Feraligatr, L50, F|\n|poke|p1|Incineroar, L50, M|\n|poke|p1|Sneasler, L50, F|\n|poke|p1|Primarina, L50, F|\n|poke|p1|Hydreigon, L50, F|\n|poke|p2|Rotom-Wash, L50|\n|poke|p2|Sinistcha, L50|\n|poke|p2|Whimsicott, L50, F|\n|poke|p2|Pelipper, L50, F|\n|poke|p2|Empoleon, L50, F|\n|poke|p2|Milotic, L50, M|\n|teampreview|4\n|inactive|Battle timer is ON: inactive players will automatically lose when time's up. (requested by PokiMikey)\nPokiMikey has agreed to open team sheets.\n|inactive|PokiMikey has 60 seconds left.\n|\n|t:|1775953246\n|teamsize|p1|4\n|teamsize|p2|4\n|start\n|switch|p1a: Sneasler|Sneasler, L50, F|100/100\n|switch|p1b: Primarina|Primarina, L50, F|100/100\n|switch|p2a: Rotom|Rotom-Wash, L50, shiny|100/100\n|switch|p2b: Pelipper|Pelipper, L50, F|100/100\n|-weather|RainDance|[from] ability: Drizzle|[of] p2b: Pelipper\n|turn|1\n|\n|t:|1775953261\n|move|p1a: Sneasler|Fake Out|p2a: Rotom\n|-damage|p2a: Rotom|84/100\n|cant|p2a: Rotom|flinch\n|move|p1b: Primarina|Dazzling Gleam|p2b: Pelipper|[spread] p2a,p2b\n|-damage|p2a: Rotom|40/100\n|-damage|p2b: Pelipper|56/100\n|move|p2b: Pelipper|Hurricane|p1a: Sneasler\n|-supereffective|p1a: Sneasler|1\n|-damage|p1a: Sneasler|0 fnt\n|faint|p1a: Sneasler\n|\n|-weather|RainDance|[upkeep]\n|upkeep\n|inactive|PokiMikey has 30 seconds left.\n|\n|t:|1775953289\n|switch|p1a: Hydreigon|Hydreigon, L50, F|100/100\n|turn|2\n|\n|t:|1775953295\n|switch|p2b: Sinistcha|Sinistcha, L50|100/100\n|-heal|p2a: Rotom|65/100|[from] ability: Hospitality|[of] p2b: Sinistcha\n|move|p1b: Primarina|Protect|p1b: Primarina\n|-singleturn|p1b: Primarina|Protect\n|move|p1a: Hydreigon|Tailwind|p1a: Hydreigon\n|-sidestart|p1: PokiMikey|move: Tailwind\n|move|p2a: Rotom|Volt Switch|p1b: Primarina\n|-activate|p1b: Primarina|move: Protect\n|\n|-weather|RainDance|[upkeep]\n|upkeep\n|turn|3\n|\n|t:|1775953318\n|switch|p2b: Empoleon|Empoleon, L50, F|100/100\n|move|p1a: Hydreigon|Dark Pulse|p2b: Empoleon\n|-damage|p2b: Empoleon|57/100\n|move|p1b: Primarina|Dazzling Gleam|p2b: Empoleon|[spread] p2a,p2b\n|-resisted|p2b: Empoleon|1\n|-damage|p2a: Rotom|17/100\n|-damage|p2b: Empoleon|38/100\n|move|p2a: Rotom|Thunder|p1b: Primarina\n|-supereffective|p1b: Primarina|1\n|-damage|p1b: Primarina|4/100\n|\n|-weather|RainDance|[upkeep]\n|upkeep\n|turn|4\n|inactive|Lemonale has 30 seconds left.\n|\n|t:|1775953346\n|move|p2a: Rotom|Protect|p2a: Rotom\n|-singleturn|p2a: Rotom|Protect\n|move|p1a: Hydreigon|Dark Pulse|p2a: Rotom\n|-activate|p2a: Rotom|move: Protect\n|move|p1b: Primarina|Dazzling Gleam|p2a: Rotom|[spread] p2b\n|-activate|p2a: Rotom|move: Protect\n|-resisted|p2b: Empoleon|1\n|-damage|p2b: Empoleon|21/100\n|move|p2b: Empoleon|Flash Cannon|p1b: Primarina\n|-damage|p1b: Primarina|0 fnt\n|faint|p1b: Primarina\n|\n|-weather|RainDance|[upkeep]\n|upkeep\n|\n|t:|1775953358\n|switch|p1b: Feraligatr|Feraligatr, L50, F|100/100\n|turn|5\n|inactive|PokiMikey has 30 seconds left.\n|\n|t:|1775953386\n|switch|p2a: Sinistcha|Sinistcha, L50|100/100\n|-heal|p2b: Empoleon|46/100|[from] ability: Hospitality|[of] p2a: Sinistcha\n|switch|p2b: Pelipper|Pelipper, L50, F|56/100\n|detailschange|p1b: Feraligatr|Feraligatr-Mega, L50, F\n|-mega|p1b: Feraligatr|Feraligatr|Feraligite\n|move|p1a: Hydreigon|Dark Pulse|p2b: Pelipper\n|-damage|p2b: Pelipper|2/100\n|-enditem|p2b: Pelipper|Sitrus Berry|[eat]\n|-heal|p2b: Pelipper|26/100|[from] item: Sitrus Berry\n|move|p1b: Feraligatr|Double-Edge|p2a: Sinistcha\n|-damage|p2a: Sinistcha|0 fnt\n|faint|p2a: Sinistcha\n|-damage|p1b: Feraligatr|70/100|[from] Recoil\n|\n|-weather|none\n|-sideend|p1: PokiMikey|move: Tailwind\n|upkeep\n|\n|t:|1775953399\n|switch|p2a: Empoleon|Empoleon, L50, F|46/100\n|turn|6\n|inactive|PokiMikey has 30 seconds left.\n|inactive|PokiMikey has 20 seconds left.\n|inactive|PokiMikey has 15 seconds left.\n|\n|t:|1775953440\n|switch|p2b: Rotom|Rotom-Wash, L50, shiny|17/100\n|move|p1a: Hydreigon|Draco Meteor|p2b: Rotom\n|-damage|p2b: Rotom|0 fnt\n|-unboost|p1a: Hydreigon|spa|2\n|faint|p2b: Rotom\n|move|p1b: Feraligatr|Liquidation|p2a: Empoleon\n|-resisted|p2a: Empoleon|1\n|-damage|p2a: Empoleon|17/100\n|move|p2a: Empoleon|Flash Cannon|p1b: Feraligatr\n|-resisted|p1b: Feraligatr|1\n|-damage|p1b: Feraligatr|47/100\n|\n|upkeep\n|\n|t:|1775953451\n|switch|p2b: Pelipper|Pelipper, L50, F|26/100\n|-weather|RainDance|[from] ability: Drizzle|[of] p2b: Pelipper\n|turn|7\n|inactive|PokiMikey has 30 seconds left.\n|\n|t:|1775953481\n|move|p1a: Hydreigon|Dark Pulse|p2a: Empoleon\n|-damage|p2a: Empoleon|0 fnt\n|faint|p2a: Empoleon\n|move|p1b: Feraligatr|Double-Edge|p2b: Pelipper\n|-damage|p2b: Pelipper|0 fnt\n|faint|p2b: Pelipper\n|-damage|p1b: Feraligatr|39/100|[from] Recoil\n|\n|win|PokiMikey\n|raw|PokiMikey's rating: 1067 &rarr; <strong>1091</strong><br />(+24 for winning)\n|raw|Lemonale's rating: 1000 &rarr; <strong>1000</strong><br />(+0 for losing)\n|l|\u2606Lemonale\n|player|p2|\n",
  "uploadtime": 1775953503,
  "views": 11,
  "formatid": "gen9championsvgc2026regma",
  "rating": 1000,
  "private": 0,
  "password": null
}