{
  "id": "gen9championsvgc2026regma-2582645289",
  "format": "[Gen 9 Champions] VGC 2026 Reg M-A",
  "players": [
    "mmmsnickers",
    "Eon_Edge"
  ],
  "log": "|j|\u203dmmmsnickers\n|j|\u2606Eon_Edge\n|t:|1776104642\n|gametype|doubles\n|player|p1|mmmsnickers|266|1104\n|player|p2|Eon_Edge|coin|1176\n|gen|9\n|tier|[Gen 9 Champions] VGC 2026 Reg M-A\n|rated|\n|rule|Species Clause: Limit one of each Pok\u00e9mon\n|rule|Item Clause: Limit 1 of each item\n|clearpoke\n|poke|p1|Sneasler, L50, M|\n|poke|p1|Gyarados, L50, F|\n|poke|p1|Ninetales-Alola, L50, M|\n|poke|p1|Garchomp, L50, F|\n|poke|p1|Orthworm, L50, F|\n|poke|p1|Delphox, L50, M|\n|poke|p2|Banette, L50, M|\n|poke|p2|Aerodactyl, L50, M|\n|poke|p2|Empoleon, L50, F|\n|poke|p2|Garchomp, L50, F|\n|poke|p2|Charizard, L50, F|\n|poke|p2|Maushold, L50|\n|teampreview|4\n|\n|t:|1776104731\n|teamsize|p1|4\n|teamsize|p2|4\n|start\n|switch|p1a: Garchomp|Garchomp, L50, F|100/100\n|switch|p1b: Orthworm|Orthworm, L50, F|100/100\n|switch|p2a: Charizard|Charizard, L50, F|100/100\n|switch|p2b: Maushold|Maushold, L50|100/100\n|turn|1\n|\n|t:|1776104758\n|detailschange|p2a: Charizard|Charizard-Mega-Y, L50, F\n|-mega|p2a: Charizard|Charizard|Charizardite Y\n|-weather|SunnyDay|[from] ability: Drought|[of] p2a: Charizard\n|move|p1a: Garchomp|Rock Slide|p2b: Maushold|[spread] p2a,p2b\n|-supereffective|p2a: Charizard|2\n|-damage|p2a: Charizard|8/100\n|-damage|p2b: Maushold|74/100\n|move|p2b: Maushold|Super Fang|p1a: Garchomp|[miss]\n|-miss|p2b: Maushold|p1a: Garchomp\n|move|p2a: Charizard|Heat Wave|p1b: Orthworm|[spread] p1a,p1b\n|-resisted|p1a: Garchomp|1\n|-supereffective|p1b: Orthworm|1\n|-damage|p1a: Garchomp|67/100\n|-damage|p1b: Orthworm|0 fnt\n|faint|p1b: Orthworm\n|\n|-weather|SunnyDay|[upkeep]\n|upkeep\n|inactive|Battle timer is ON: inactive players will automatically lose when time's up. (requested by Eon_Edge)\n|\n|t:|1776104772\n|switch|p1b: Ninetales|Ninetales-Alola, L50, M|100/100\n|-weather|Snowscape|[from] ability: Snow Warning|[of] p1b: Ninetales\n|turn|2\n|inactive|Eon_Edge has 30 seconds left.\n|\n|t:|1776104800\n|move|p2b: Maushold|Protect|p2b: Maushold\n|-singleturn|p2b: Maushold|Protect\n|move|p1a: Garchomp|Rock Slide|p2a: Charizard|[spread] p2a\n|-activate|p2b: Maushold|move: Protect\n|-supereffective|p2a: Charizard|2\n|-damage|p2a: Charizard|0 fnt\n|faint|p2a: Charizard\n|move|p1b: Ninetales|Aurora Veil|p1b: Ninetales\n|-sidestart|p1: mmmsnickers|move: Aurora Veil\n|\n|-weather|Snowscape|[upkeep]\n|upkeep\n|\n|t:|1776104807\n|switch|p2a: Garchomp|Garchomp, L50, F|100/100\n|turn|3\n|\n|t:|1776104819\n|switch|p1a: Gyarados|Gyarados, L50, F|100/100\n|-ability|p1a: Gyarados|Intimidate|boost\n|-unboost|p2a: Garchomp|atk|1\n|-unboost|p2b: Maushold|atk|1\n|-enditem|p2a: Garchomp|White Herb\n|-clearnegativeboost|p2a: Garchomp|[silent]\n|move|p2b: Maushold|Encore|p1b: Ninetales\n|-start|p1b: Ninetales|Encore\n|move|p1b: Ninetales|Aurora Veil||[still]\n|-fail|p1b: Ninetales\n|move|p2a: Garchomp|Dragon Claw|p1a: Gyarados\n|-damage|p1a: Gyarados|71/100\n|\n|-weather|Snowscape|[upkeep]\n|upkeep\n|turn|4\n|\n|t:|1776104840\n|switch|p1b: Garchomp|Garchomp, L50, F|67/100\n|detailschange|p1a: Gyarados|Gyarados-Mega, L50, F\n|-mega|p1a: Gyarados|Gyarados|Gyaradosite\n|-ability|p1a: Gyarados|Mold Breaker\n|move|p2b: Maushold|Super Fang|p1a: Gyarados\n|-damage|p1a: Gyarados|36/100\n|move|p2a: Garchomp|Dragon Claw|p1a: Gyarados\n|-damage|p1a: Gyarados|10/100\n|move|p1a: Gyarados|Dragon Dance|p1a: Gyarados\n|-boost|p1a: Gyarados|atk|1\n|-boost|p1a: Gyarados|spe|1\n|\n|-weather|Snowscape|[upkeep]\n|upkeep\n|turn|5\n|inactive|Eon_Edge has 30 seconds left.\n|\n|t:|1776104868\n|move|p2b: Maushold|Protect|p2b: Maushold\n|-singleturn|p2b: Maushold|Protect\n|move|p1b: Garchomp|Dragon Claw|p2a: Garchomp\n|-supereffective|p2a: Garchomp|1\n|-damage|p2a: Garchomp|35/100\n|-damage|p1b: Garchomp|55/100|[from] ability: Rough Skin|[of] p2a: Garchomp\n|move|p1a: Gyarados|Waterfall|p2b: Maushold\n|-activate|p2b: Maushold|move: Protect\n|move|p2a: Garchomp|Earthquake|p1a: Gyarados|[spread] p1a,p1b\n|-activate|p2b: Maushold|move: Protect\n|-damage|p1a: Gyarados|0 fnt\n|-damage|p1b: Garchomp|27/100\n|faint|p1a: Gyarados\n|\n|-weather|Snowscape|[upkeep]\n|upkeep\n|\n|t:|1776104882\n|switch|p1a: Ninetales|Ninetales-Alola, L50, M|100/100\n|turn|6\n|inactive|Eon_Edge has 30 seconds left.\n|\n|t:|1776104915\n|switch|p2a: Banette|Banette, L50, M|100/100\n|-item|p1a: Ninetales|Occa Berry|[from] ability: Frisk|[of] p2a: Banette\n|-item|p1b: Garchomp|Choice Scarf|[from] ability: Frisk|[of] p2a: Banette\n|move|p1b: Garchomp|Dragon Claw|p2a: Banette\n|-damage|p2a: Banette|38/100\n|move|p2b: Maushold|Super Fang|p1a: Ninetales\n|-damage|p1a: Ninetales|50/100\n|move|p1a: Ninetales|Blizzard|p2a: Banette|[spread] p2a,p2b\n|-damage|p2a: Banette|8/100\n|-damage|p2b: Maushold|44/100\n|\n|-weather|none\n|-sideend|p1: mmmsnickers|move: Aurora Veil\n|upkeep\n|turn|7\n|\n|t:|1776104934\n|move|p2b: Maushold|Follow Me|p2b: Maushold\n|-singleturn|p2b: Maushold|move: Follow Me\n|move|p1b: Garchomp|Dragon Claw|p2b: Maushold\n|-damage|p2b: Maushold|0 fnt\n|faint|p2b: Maushold\n|move|p1a: Ninetales|Encore||[still]\n|-fail|p1a: Ninetales\n|move|p2a: Banette|Poltergeist|p1a: Ninetales\n|-activate|p1a: Ninetales|move: Poltergeist|Occa Berry\n|-damage|p1a: Ninetales|0 fnt\n|faint|p1a: Ninetales\n|\n|upkeep\n|\n|t:|1776104943\n|switch|p2b: Garchomp|Garchomp, L50, F|35/100\n|turn|8\n|\n|t:|1776104952\n|move|p1b: Garchomp|Dragon Claw|p2b: Garchomp\n|-supereffective|p2b: Garchomp|1\n|-damage|p2b: Garchomp|0 fnt\n|-damage|p1b: Garchomp|15/100|[from] ability: Rough Skin|[of] p2b: Garchomp\n|faint|p2b: Garchomp\n|move|p2a: Banette|Poltergeist|p1b: Garchomp\n|-activate|p1b: Garchomp|move: Poltergeist|Choice Scarf\n|-crit|p1b: Garchomp\n|-damage|p1b: Garchomp|0 fnt\n|faint|p1b: Garchomp\n|\n|win|Eon_Edge\n|raw|mmmsnickers's rating: 1104 &rarr; <strong>1084</strong><br />(-20 for losing)\n|raw|Eon_Edge's rating: 1176 &rarr; <strong>1196</strong><br />(+20 for winning)\n",
  "uploadtime": 1776104957,
  "views": 14,
  "formatid": "gen9championsvgc2026regma",
  "rating": 1084,
  "private": 0,
  "password": null
}