{
  "id": "gen9championsvgc2026regma-2589548325",
  "format": "[Gen 9 Champions] VGC 2026 Reg M-A",
  "players": [
    "Obamna4",
    "duvay"
  ],
  "log": "|j|\u2606Obamna4\n|j|\u2606duvay\n|t:|1776733081\n|gametype|doubles\n|player|p1|Obamna4|101|1246\n|player|p2|duvay|102|1169\n|gen|9\n|tier|[Gen 9 Champions] VGC 2026 Reg M-A\n|rated|\n|rule|Species Clause: Limit one of each Pok\u00e9mon\n|rule|Item Clause: Limit 1 of each item\n|clearpoke\n|poke|p1|Charizard, L50, M|\n|poke|p1|Venusaur, L50, M|\n|poke|p1|Rotom-Wash, L50|\n|poke|p1|Garchomp, L50, F|\n|poke|p1|Whimsicott, L50, M|\n|poke|p1|Sneasler, L50, M|\n|poke|p2|Tyrantrum, L50, F|\n|poke|p2|Talonflame, L50, M|\n|poke|p2|Sinistcha, L50|\n|poke|p2|Milotic, L50, F|\n|poke|p2|Gardevoir, L50, M|\n|poke|p2|Sneasler, L50, M|\n|teampreview|4\n|inactive|Battle timer is ON: inactive players will automatically lose when time's up. (requested by duvay)\nduvay rejected open team sheets.\n|inactive|duvay has 60 seconds left.\n|\n|t:|1776733122\n|teamsize|p1|4\n|teamsize|p2|4\n|start\n|switch|p1a: Garchomp|Garchomp, L50, F|100/100\n|switch|p1b: Sneasler|Sneasler, L50, M|100/100\n|switch|p2a: Tyrantrum|Tyrantrum, L50, F|100/100\n|switch|p2b: Talonflame|Talonflame, L50, M|100/100\n|turn|1\n|inactive|duvay has 30 seconds left.\n|\n|t:|1776733153\n|switch|p2a: Gardevoir|Gardevoir, L50, M|100/100\n|-ability|p2a: Gardevoir|Rough Skin|Trace|[from] ability: Trace|[of] p1a: Garchomp\n|move|p2b: Talonflame|Protect|p2b: Talonflame\n|-singleturn|p2b: Talonflame|Protect\n|move|p1b: Sneasler|Fake Out|p2b: Talonflame\n|-activate|p2b: Talonflame|move: Protect\n|move|p1a: Garchomp|Rock Slide|p2a: Gardevoir|[spread] p2a\n|-activate|p2b: Talonflame|move: Protect\n|-damage|p2a: Gardevoir|76/100\n|\n|upkeep\n|turn|2\n|inactive|duvay has 30 seconds left.\n|\n|t:|1776733181\n|switch|p1a: Charizard|Charizard, L50, M|100/100\n|detailschange|p2a: Gardevoir|Gardevoir-Mega, L50, M\n|-mega|p2a: Gardevoir|Gardevoir|Gardevoirite\n|move|p2b: Talonflame|Brave Bird|p1b: Sneasler\n|-supereffective|p1b: Sneasler|1\n|-enditem|p1b: Sneasler|Focus Sash\n|-damage|p1b: Sneasler|1/100\n|-damage|p2b: Talonflame|67/100|[from] Recoil\n|move|p1b: Sneasler|Dire Claw|p2a: Gardevoir\n|-supereffective|p2a: Gardevoir|1\n|-damage|p2a: Gardevoir|0 fnt\n|faint|p2a: Gardevoir\n|\n|upkeep\n|\n|t:|1776733194\n|switch|p2a: Tyrantrum|Tyrantrum, L50, F|100/100\n|turn|3\n|\n|t:|1776733203\n|move|p1a: Charizard|Protect|p1a: Charizard\n|-singleturn|p1a: Charizard|Protect\n|move|p2b: Talonflame|Tailwind|p2b: Talonflame\n|-sidestart|p2: duvay|move: Tailwind\n|move|p1b: Sneasler|Close Combat|p2a: Tyrantrum\n|-supereffective|p2a: Tyrantrum|1\n|-damage|p2a: Tyrantrum|0 fnt\n|-unboost|p1b: Sneasler|def|1\n|-unboost|p1b: Sneasler|spd|1\n|faint|p2a: Tyrantrum\n|\n|upkeep\n|\n|t:|1776733209\n|switch|p2a: Sinistcha|Sinistcha, L50|100/100\n|-heal|p2b: Talonflame|92/100|[from] ability: Hospitality|[of] p2a: Sinistcha\n|turn|4\n|inactive|duvay has 30 seconds left.\n|\n|t:|1776733235\n|detailschange|p1a: Charizard|Charizard-Mega-Y, L50, M\n|-mega|p1a: Charizard|Charizard|Charizardite Y\n|-weather|SunnyDay|[from] ability: Drought|[of] p1a: Charizard\n|move|p2b: Talonflame|Brave Bird|p1a: Charizard\n|-damage|p1a: Charizard|36/100\n|-damage|p2b: Talonflame|70/100|[from] Recoil\n|move|p2a: Sinistcha|Shadow Ball|p1a: Charizard\n|-damage|p1a: Charizard|1/100\n|move|p1b: Sneasler|Dire Claw|p2a: Sinistcha\n|-damage|p2a: Sinistcha|68/100\n|-status|p2a: Sinistcha|psn\n|move|p1a: Charizard|Heat Wave|p2a: Sinistcha|[spread] p2a,p2b\n|-supereffective|p2a: Sinistcha|1\n|-resisted|p2b: Talonflame|1\n|-damage|p2a: Sinistcha|0 fnt\n|-damage|p2b: Talonflame|16/100\n|faint|p2a: Sinistcha\n|\n|-weather|SunnyDay|[upkeep]\n|upkeep\n|turn|5\n|-message|duvay forfeited.\n|\n|win|Obamna4\n|raw|Obamna4's rating: 1246 &rarr; <strong>1266</strong><br />(+20 for winning)\n|raw|duvay's rating: 1169 &rarr; <strong>1149</strong><br />(-20 for losing)\n",
  "uploadtime": 1776733254,
  "views": 3,
  "formatid": "gen9championsvgc2026regma",
  "rating": 1149,
  "private": 0,
  "password": null
}