{
  "id": "gen9championsvgc2026regma-2585912680",
  "format": "[Gen 9 Champions] VGC 2026 Reg M-A",
  "players": [
    "gltch_grl",
    "wazawaa"
  ],
  "log": "|j|\u2606gltch_grl\n|j|\u2606wazawaa\n|t:|1776380848\n|gametype|doubles\n|player|p1|gltch_grl|2|1119\n|player|p2|wazawaa|fisherman-gen4|1070\n|gen|9\n|tier|[Gen 9 Champions] VGC 2026 Reg M-A\n|rated|\n|rule|Species Clause: Limit one of each Pok\u00e9mon\n|rule|Item Clause: Limit 1 of each item\n|clearpoke\n|poke|p1|Ceruledge, L50, F|\n|poke|p1|Sinistcha, L50|\n|poke|p1|Aerodactyl, L50, M|\n|poke|p1|Archaludon, L50, M|\n|poke|p1|Gyarados, L50, F|\n|poke|p1|Ninetales-Alola, L50, M|\n|poke|p2|Chandelure, L50, F|\n|poke|p2|Aerodactyl, L50, M|\n|poke|p2|Milotic, L50, F|\n|poke|p2|Archaludon, L50, M|\n|poke|p2|Whimsicott, L50, F|\n|poke|p2|Decidueye-Hisui, L50, F|\n|teampreview|4\n|inactive|Battle timer is ON: inactive players will automatically lose when time's up. (requested by gltch_grl)\ngltch_grl rejected open team sheets.\n|\n|t:|1776380910\n|teamsize|p1|4\n|teamsize|p2|4\n|start\n|switch|p1a: Aerodactyl|Aerodactyl, L50, M|100/100\n|switch|p1b: Ceruledge|Ceruledge, L50, F|100/100\n|switch|p2a: Decidueye|Decidueye-Hisui, L50, F, shiny|100/100\n|switch|p2b: Whimsicott|Whimsicott, L50, F|100/100\n|-ability|p1a: Aerodactyl|Unnerve\n|turn|1\n|\n|t:|1776380927\n|move|p2b: Whimsicott|Tailwind|p2b: Whimsicott\n|-sidestart|p2: wazawaa|move: Tailwind\n|move|p2a: Decidueye|Sucker Punch||[still]\n|-fail|p2a: Decidueye\n|move|p1a: Aerodactyl|Tailwind|p1a: Aerodactyl\n|-sidestart|p1: gltch_grl|move: Tailwind\n|move|p1b: Ceruledge|Swords Dance|p1b: Ceruledge\n|-boost|p1b: Ceruledge|atk|2\n|\n|upkeep\n|turn|2\n|inactive|gltch_grl has 30 seconds left.\n|inactive|wazawaa has 30 seconds left.\n|inactive|gltch_grl has 20 seconds left.\n|\n|t:|1776380967\n|switch|p2b: Chandelure|Chandelure, L50, F|100/100\n|move|p1b: Ceruledge|Shadow Sneak|p2a: Decidueye\n|-damage|p2a: Decidueye|51/100\n|move|p2a: Decidueye|Sucker Punch||[still]\n|-fail|p2a: Decidueye\n|move|p1a: Aerodactyl|Dual Wingbeat|p2a: Decidueye\n|-supereffective|p2a: Decidueye|2\n|-damage|p2a: Decidueye|0 fnt\n|faint|p2a: Decidueye\n|-hitcount|p2: Decidueye|1\n|\n|upkeep\n|\n|t:|1776380978\n|switch|p2a: Archaludon|Archaludon, L50, M|100/100\n|turn|3\n|\n|t:|1776381002\n|detailschange|p2b: Chandelure|Chandelure-Mega, L50, F\n|-mega|p2b: Chandelure|Chandelure|Chandelurite\n|move|p1a: Aerodactyl|Rock Slide|p2b: Chandelure|[spread] p2a\n|-miss|p1a: Aerodactyl|p2b: Chandelure\n|-resisted|p2a: Archaludon|1\n|-damage|p2a: Archaludon|91/100\n|-ability|p2a: Archaludon|Stamina|boost\n|-boost|p2a: Archaludon|def|1\n|move|p2b: Chandelure|Shadow Ball|p1b: Ceruledge\n|-supereffective|p1b: Ceruledge|1\n|-enditem|p1b: Ceruledge|Focus Sash\n|-damage|p1b: Ceruledge|1/100\n|-unboost|p1b: Ceruledge|spd|1\n|cant|p2a: Archaludon|flinch\n|move|p1b: Ceruledge|Shadow Claw|p2b: Chandelure\n|-supereffective|p2b: Chandelure|1\n|-damage|p2b: Chandelure|0 fnt\n|faint|p2b: Chandelure\n|\n|upkeep\n|\n|t:|1776381020\n|switch|p2b: Whimsicott|Whimsicott, L50, F|100/100\n|turn|4\n|\n|t:|1776381035\n|switch|p1a: Sinistcha|Sinistcha, L50|100/100\n|-heal|p1b: Ceruledge|26/100|[from] ability: Hospitality|[of] p1a: Sinistcha\n|move|p2b: Whimsicott|Dazzling Gleam|p1a: Sinistcha|[spread] p1a,p1b\n|-resisted|p1b: Ceruledge|1\n|-damage|p1a: Sinistcha|72/100\n|-damage|p1b: Ceruledge|4/100\n|move|p2a: Archaludon|Flash Cannon|p1a: Sinistcha\n|-damage|p1a: Sinistcha|30/100\n|-enditem|p1a: Sinistcha|Sitrus Berry|[eat]\n|-heal|p1a: Sinistcha|54/100|[from] item: Sitrus Berry\n|move|p1b: Ceruledge|Bitter Blade|p2b: Whimsicott\n|-supereffective|p2b: Whimsicott|1\n|-damage|p2b: Whimsicott|0 fnt\n|-heal|p1b: Ceruledge|50/100|[from] drain|[of] p2b: Whimsicott\n|faint|p2b: Whimsicott\n|\n|-sideend|p1: gltch_grl|move: Tailwind\n|-sideend|p2: wazawaa|move: Tailwind\n|upkeep\n|turn|5\n|-message|wazawaa forfeited.\n|\n|win|gltch_grl\n|raw|gltch_grl's rating: 1119 &rarr; <strong>1140</strong><br />(+21 for winning)\n|raw|wazawaa's rating: 1070 &rarr; <strong>1052</strong><br />(-18 for losing)\n|l|\u2606wazawaa\n|player|p2|\n",
  "uploadtime": 1776381067,
  "views": 33,
  "formatid": "gen9championsvgc2026regma",
  "rating": 1052,
  "private": 0,
  "password": null
}