{
  "id": "gen9championsvgc2026regma-2587825160",
  "format": "[Gen 9 Champions] VGC 2026 Reg M-A",
  "players": [
    "imu isnt him",
    "arstgmneio"
  ],
  "log": "|j|\u2606imu isnt him\n|j|\u2606arstgmneio\n|t:|1776567844\n|gametype|doubles\n|player|p1|imu isnt him|266|1075\n|player|p2|arstgmneio|2|1118\n|gen|9\n|tier|[Gen 9 Champions] VGC 2026 Reg M-A\n|rated|\n|rule|Species Clause: Limit one of each Pok\u00e9mon\n|rule|Item Clause: Limit 1 of each item\n|clearpoke\n|poke|p1|Crabominable, L50, M, shiny|\n|poke|p1|Slowking-Galar, L50, F, shiny|\n|poke|p1|Incineroar, L50, M, shiny|\n|poke|p1|Azumarill, L50, M|\n|poke|p1|Sinistcha-Masterpiece, L50, shiny|\n|poke|p1|Rotom-Frost, L50|\n|poke|p2|Froslass, L50, F|\n|poke|p2|Garchomp, L50, F|\n|poke|p2|Rotom-Frost, L50|\n|poke|p2|Empoleon, L50, M|\n|poke|p2|Incineroar, L50, F|\n|poke|p2|Kingambit, L50, F|\n|teampreview|4\n|inactive|Battle timer is ON: inactive players will automatically lose when time's up. (requested by arstgmneio)\n|inactive|imu isnt him has 60 seconds left.\n|inactive|imu isnt him has 30 seconds left.\n|inactive|imu isnt him has 20 seconds left.\n|inactive|imu isnt him has 15 seconds left.\n|inactive|imu isnt him has 10 seconds left.\n|\n|t:|1776567926\n|teamsize|p1|4\n|teamsize|p2|4\n|start\n|switch|p1a: Sinistcha|Sinistcha-Masterpiece, L50, shiny|100/100\n|switch|p1b: Rotom|Rotom-Frost, L50|100/100\n|switch|p2a: Kingambit|Kingambit, L50, F|100/100\n|switch|p2b: Incineroar|Incineroar, L50, F|100/100\n|-ability|p2b: Incineroar|Intimidate|boost\n|-unboost|p1a: Sinistcha|atk|1\n|-unboost|p1b: Rotom|atk|1\n|turn|1\n|inactive|arstgmneio has 30 seconds left.\n|\n|t:|1776567957\n|switch|p1a: Azumarill|Azumarill, L50, M|100/100\n|move|p2a: Kingambit|Low Kick|p1b: Rotom\n|-supereffective|p1b: Rotom|1\n|-enditem|p1b: Rotom|Chople Berry|[eat]\n|-enditem|p1b: Rotom|Chople Berry|[weaken]\n|-damage|p1b: Rotom|92/100\n|move|p1b: Rotom|Will-O-Wisp|p2a: Kingambit\n|-status|p2a: Kingambit|brn\n|move|p2b: Incineroar|Flare Blitz|p1a: Azumarill\n|-resisted|p1a: Azumarill|1\n|-damage|p1a: Azumarill|69/100\n|-damage|p2b: Incineroar|90/100|[from] Recoil\n|\n|-damage|p2a: Kingambit|95/100 brn|[from] brn\n|upkeep\n|turn|2\n|inactive|arstgmneio has 30 seconds left.\n|inactive|arstgmneio has 20 seconds left.\n|inactive|arstgmneio has 15 seconds left.\n|\n|t:|1776567998\n|switch|p2a: Froslass|Froslass, L50, F|100/100\n|move|p1b: Rotom|Volt Switch|p2a: Froslass\n|-damage|p2a: Froslass|57/100\n|\n|t:|1776568009\n|switch|p1b: Sinistcha|Sinistcha-Masterpiece, L50, shiny|100/100|[from] Volt Switch\n|-heal|p1a: Azumarill|93/100|[from] ability: Hospitality|[of] p1b: Sinistcha\n|move|p2b: Incineroar|Flare Blitz|p1b: Sinistcha\n|-supereffective|p1b: Sinistcha|1\n|-enditem|p1b: Sinistcha|Focus Sash\n|-damage|p1b: Sinistcha|1/100\n|-damage|p2b: Incineroar|62/100|[from] Recoil\n|move|p1a: Azumarill|Liquidation|p2b: Incineroar\n|-supereffective|p2b: Incineroar|1\n|-crit|p2b: Incineroar\n|-damage|p2b: Incineroar|0 fnt\n|faint|p2b: Incineroar\n|\n|upkeep\n|\n|t:|1776568034\n|switch|p2b: Rotom|Rotom-Frost, L50|100/100\n|turn|3\n|\n|t:|1776568050\n|detailschange|p2a: Froslass|Froslass-Mega, L50, F\n|-mega|p2a: Froslass|Froslass|Froslassite\n|-weather|Snowscape|[from] ability: Snow Warning|[of] p2a: Froslass\n|move|p2a: Froslass|Protect|p2a: Froslass\n|-singleturn|p2a: Froslass|Protect\n|move|p1b: Sinistcha|Protect|p1b: Sinistcha\n|-singleturn|p1b: Sinistcha|Protect\n|move|p2b: Rotom|Electroweb|p1a: Azumarill|[spread] p1a\n|-activate|p1b: Sinistcha|move: Protect\n|-supereffective|p1a: Azumarill|1\n|-damage|p1a: Azumarill|55/100\n|-unboost|p1a: Azumarill|spe|1\n|move|p1a: Azumarill|Liquidation|p2a: Froslass\n|-activate|p2a: Froslass|move: Protect\n|\n|-weather|Snowscape|[upkeep]\n|upkeep\n|turn|4\n|\n|t:|1776568071\n|switch|p1b: Incineroar|Incineroar, L50, M, shiny|100/100\n|-ability|p1b: Incineroar|Intimidate|boost\n|-unboost|p2a: Froslass|atk|1\n|-unboost|p2b: Rotom|atk|1\n|move|p1a: Azumarill|Aqua Jet|p2a: Froslass\n|-damage|p2a: Froslass|20/100\n|move|p2b: Rotom|Electroweb|p1a: Azumarill|[spread] p1a,p1b\n|-supereffective|p1a: Azumarill|1\n|-damage|p1a: Azumarill|13/100\n|-damage|p1b: Incineroar|84/100\n|-unboost|p1a: Azumarill|spe|1\n|-unboost|p1b: Incineroar|spe|1\n|move|p2a: Froslass|Blizzard|p1b: Incineroar|[spread] p1a,p1b\n|-resisted|p1a: Azumarill|1\n|-resisted|p1b: Incineroar|1\n|-damage|p1a: Azumarill|0 fnt\n|-damage|p1b: Incineroar|64/100\n|-status|p1b: Incineroar|frz\n|faint|p1a: Azumarill\n|\n|-weather|Snowscape|[upkeep]\n|upkeep\n|\n|t:|1776568088\n|switch|p1a: Sinistcha|Sinistcha-Masterpiece, L50, shiny|1/100\n|-heal|p1b: Incineroar|89/100 frz|[from] ability: Hospitality|[of] p1a: Sinistcha\n|turn|5\n|\n|t:|1776568095\n|move|p2a: Froslass|Protect|p2a: Froslass\n|-singleturn|p2a: Froslass|Protect\n|move|p1a: Sinistcha|Protect|p1a: Sinistcha\n|-singleturn|p1a: Sinistcha|Protect\n|move|p2b: Rotom|Electroweb|p1a: Sinistcha|[spread] p1b\n|-activate|p1a: Sinistcha|move: Protect\n|-damage|p1b: Incineroar|72/100 frz\n|-unboost|p1b: Incineroar|spe|1\n|-curestatus|p1b: Incineroar|frz|[from] move: Flare Blitz\n|move|p1b: Incineroar|Flare Blitz|p2b: Rotom\n|-supereffective|p2b: Rotom|1\n|-damage|p2b: Rotom|0 fnt\n|faint|p2b: Rotom\n|-damage|p1b: Incineroar|51/100|[from] Recoil\n|\n|-weather|Snowscape|[upkeep]\n|upkeep\n|\n|t:|1776568113\n|switch|p2b: Kingambit|Kingambit, L50, F|95/100 brn\n|turn|6\n|\n|t:|1776568127\n|switch|p1a: Rotom|Rotom-Frost, L50|92/100\n|move|p2b: Kingambit|Sucker Punch|p1b: Incineroar\n|-resisted|p1b: Incineroar|1\n|-damage|p1b: Incineroar|43/100\n|-enditem|p1b: Incineroar|Sitrus Berry|[eat]\n|-heal|p1b: Incineroar|68/100|[from] item: Sitrus Berry\n|move|p2a: Froslass|Blizzard|p1a: Rotom|[spread] p1a,p1b\n|-resisted|p1a: Rotom|1\n|-resisted|p1b: Incineroar|1\n|-damage|p1a: Rotom|64/100\n|-damage|p1b: Incineroar|45/100\n|move|p1b: Incineroar|Flare Blitz|p2a: Froslass\n|-supereffective|p2a: Froslass|1\n|-damage|p2a: Froslass|0 fnt\n|faint|p2a: Froslass\n|-damage|p1b: Incineroar|40/100|[from] Recoil\n|\n|-weather|Snowscape|[upkeep]\n|-damage|p2b: Kingambit|89/100 brn|[from] brn\n|upkeep\n|turn|7\n|inactive|imu isnt him has 30 seconds left.\n|inactive|arstgmneio has 30 seconds left.\n|\n|t:|1776568152\n|move|p2b: Kingambit|Low Kick|p1b: Incineroar\n|-supereffective|p1b: Incineroar|1\n|-damage|p1b: Incineroar|11/100\n|move|p1a: Rotom|Volt Switch|p2b: Kingambit\n|-damage|p2b: Kingambit|58/100 brn\n|\n|t:|1776568159\n|switch|p1a: Sinistcha|Sinistcha-Masterpiece, L50, shiny|1/100|[from] Volt Switch\n|-heal|p1b: Incineroar|36/100|[from] ability: Hospitality|[of] p1a: Sinistcha\n|move|p1b: Incineroar|Flare Blitz|p2b: Kingambit\n|-supereffective|p2b: Kingambit|1\n|-damage|p2b: Kingambit|0 fnt\n|faint|p2b: Kingambit\n|-damage|p1b: Incineroar|20/100|[from] Recoil\n|\n|win|imu isnt him\n|raw|imu isnt him's rating: 1075 &rarr; <strong>1107</strong><br />(+32 for winning)\n|raw|arstgmneio's rating: 1118 &rarr; <strong>1090</strong><br />(-28 for losing)\n",
  "uploadtime": 1776568174,
  "views": 12,
  "formatid": "gen9championsvgc2026regma",
  "rating": 1090,
  "private": 0,
  "password": null
}