{
  "id": "gen9championsvgc2026regma-2584841878",
  "format": "[Gen 9 Champions] VGC 2026 Reg M-A",
  "players": [
    "WizardGibby",
    "RagingBerserker1"
  ],
  "log": "|j|\u2606WizardGibby\n|j|\u2606RagingBerserker1\n|t:|1776287872\n|gametype|doubles\n|player|p1|WizardGibby|scientistf|1103\n|player|p2|RagingBerserker1|169|1187\n|gen|9\n|tier|[Gen 9 Champions] VGC 2026 Reg M-A\n|rated|\n|rule|Species Clause: Limit one of each Pok\u00e9mon\n|rule|Item Clause: Limit 1 of each item\n|clearpoke\n|poke|p1|Hawlucha, L50, F|\n|poke|p1|Mr. Rime, L50, F|\n|poke|p1|Aurorus, L50, F|\n|poke|p1|Aerodactyl, L50, F|\n|poke|p1|Sneasler, L50, M|\n|poke|p1|Snorlax, L50, F|\n|poke|p2|Camerupt, L50, F|\n|poke|p2|Oranguru, L50, F|\n|poke|p2|Bastiodon, L50, F|\n|poke|p2|Corviknight, L50, M|\n|poke|p2|Drampa, L50, M|\n|poke|p2|Hatterene, L50, F|\n|teampreview|4\nRagingBerserker1 rejected open team sheets.\n|inactive|Battle timer is ON: inactive players will automatically lose when time's up. (requested by RagingBerserker1)\n|\n|t:|1776287900\n|teamsize|p1|4\n|teamsize|p2|4\n|start\n|switch|p1a: Hawlucha|Hawlucha, L50, F|100/100\n|switch|p1b: Snorlax|Snorlax, L50, F|100/100\n|switch|p2a: Oranguru|Oranguru, L50, F|100/100\n|switch|p2b: Corviknight|Corviknight, L50, M|100/100\n|turn|1\n|\n|t:|1776287925\n|detailschange|p1a: Hawlucha|Hawlucha-Mega, L50, F\n|-mega|p1a: Hawlucha|Hawlucha|Hawluchanite\n|move|p1a: Hawlucha|Entrainment|p1b: Snorlax\n|-ability|p1b: Snorlax|No Guard|Thick Fat|[from] move: Entrainment|[of] p1a: Hawlucha\n|move|p2b: Corviknight|U-turn|p1b: Snorlax\n|-crit|p1b: Snorlax\n|-damage|p1b: Snorlax|82/100\n|\n|t:|1776287941\n|switch|p2b: Bastiodon|Bastiodon, L50, F|100/100|[from] U-turn\n|move|p1b: Snorlax|Fissure|p2a: Oranguru\n|-damage|p2a: Oranguru|0 fnt\n|faint|p2a: Oranguru\n|-ohko\n|\n|-heal|p1b: Snorlax|88/100|[from] item: Leftovers\n|upkeep\n|\n|t:|1776287955\n|switch|p2a: Corviknight|Corviknight, L50, M|100/100\n|turn|2\n|\n|t:|1776287969\n|move|p1a: Hawlucha|U-turn|p2a: Corviknight\n|-resisted|p2a: Corviknight|2\n|-damage|p2a: Corviknight|97/100\n|\n|t:|1776287974\n|switch|p1a: Aurorus|Aurorus, L50, F|100/100|[from] U-turn\n|-weather|Snowscape|[from] ability: Snow Warning|[of] p1a: Aurorus\n|move|p2a: Corviknight|Brave Bird|p1a: Aurorus\n|-resisted|p1a: Aurorus|1\n|-damage|p1a: Aurorus|84/100\n|-damage|p2a: Corviknight|90/100|[from] Recoil\n|move|p1b: Snorlax|Fissure|p2b: Bastiodon\n|-immune|p2b: Bastiodon|[from] ability: Sturdy\n|move|p2b: Bastiodon|Counter||[still]\n|-fail|p2b: Bastiodon\n|\n|-weather|Snowscape|[upkeep]\n|-heal|p1b: Snorlax|94/100|[from] item: Leftovers\n|upkeep\n|turn|3\n|\n|t:|1776287995\n|move|p2a: Corviknight|Iron Head|p1a: Aurorus\n|-supereffective|p1a: Aurorus|2\n|-damage|p1a: Aurorus|0 fnt\n|faint|p1a: Aurorus\n|move|p2b: Bastiodon|Body Press|p1b: Snorlax\n|-supereffective|p1b: Snorlax|1\n|-damage|p1b: Snorlax|48/100\n|move|p1b: Snorlax|Thunder Punch|p2a: Corviknight\n|-supereffective|p2a: Corviknight|1\n|-enditem|p2a: Corviknight|Wacan Berry|[eat]\n|-enditem|p2a: Corviknight|Wacan Berry|[weaken]\n|-damage|p2a: Corviknight|76/100\n|\n|-weather|Snowscape|[upkeep]\n|-heal|p1b: Snorlax|54/100|[from] item: Leftovers\n|upkeep\n|\n|t:|1776288014\n|switch|p1a: Sneasler|Sneasler, L50, M|100/100\n|turn|4\n|\n|t:|1776288034\n|switch|p2b: Camerupt|Camerupt, L50, F|100/100\n|move|p1a: Sneasler|Close Combat|p2b: Camerupt\n|-damage|p2b: Camerupt|23/100\n|-unboost|p1a: Sneasler|def|1\n|-unboost|p1a: Sneasler|spd|1\n|-enditem|p1a: Sneasler|White Herb\n|-clearnegativeboost|p1a: Sneasler|[silent]\n|move|p2a: Corviknight|Brave Bird|p1a: Sneasler\n|-supereffective|p1a: Sneasler|1\n|-damage|p1a: Sneasler|0 fnt\n|faint|p1a: Sneasler\n|-damage|p2a: Corviknight|51/100|[from] Recoil\n|move|p1b: Snorlax|Encore|p2a: Corviknight\n|-start|p2a: Corviknight|Encore\n|\n|-weather|Snowscape|[upkeep]\n|-heal|p1b: Snorlax|60/100|[from] item: Leftovers\n|upkeep\n|\n|t:|1776288057\n|switch|p1a: Hawlucha|Hawlucha-Mega, L50, F|100/100\n|turn|5\n|inactive|RagingBerserker1 has 30 seconds left.\n|\n|t:|1776288090\n|move|p1a: Hawlucha|Brave Bird|p2b: Camerupt\n|-damage|p2b: Camerupt|0 fnt\n|faint|p2b: Camerupt\n|-damage|p1a: Hawlucha|93/100|[from] Recoil\n|move|p2a: Corviknight|Brave Bird|p1a: Hawlucha\n|-supereffective|p1a: Hawlucha|1\n|-damage|p1a: Hawlucha|0 fnt\n|faint|p1a: Hawlucha\n|-damage|p2a: Corviknight|26/100|[from] Recoil\n|move|p1b: Snorlax|Thunder Punch|p2a: Corviknight\n|-supereffective|p2a: Corviknight|1\n|-damage|p2a: Corviknight|0 fnt\n|faint|p2a: Corviknight\n|\n|-weather|Snowscape|[upkeep]\n|-heal|p1b: Snorlax|66/100|[from] item: Leftovers\n|upkeep\n|\n|t:|1776288103\n|switch|p2a: Bastiodon|Bastiodon, L50, F|100/100\n|turn|6\n|\n|t:|1776288113\n|move|p1b: Snorlax|Thunder Punch|p2a: Bastiodon\n|-damage|p2a: Bastiodon|91/100\n|move|p2a: Bastiodon|Counter|p1b: Snorlax\n|-damage|p1b: Snorlax|54/100\n|\n|-weather|none\n|-heal|p1b: Snorlax|60/100|[from] item: Leftovers\n|upkeep\n|turn|7\n|\n|t:|1776288123\n|move|p2a: Bastiodon|Body Press|p1b: Snorlax\n|-supereffective|p1b: Snorlax|1\n|-damage|p1b: Snorlax|17/100\n|move|p1b: Snorlax|Fissure|p2a: Bastiodon\n|-immune|p2a: Bastiodon|[from] ability: Sturdy\n|\n|-heal|p1b: Snorlax|23/100|[from] item: Leftovers\n|upkeep\n|turn|8\n|\n|t:|1776288135\n|move|p2a: Bastiodon|Body Press|p1b: Snorlax\n|-supereffective|p1b: Snorlax|1\n|-damage|p1b: Snorlax|0 fnt\n|faint|p1b: Snorlax\n|\n|win|RagingBerserker1\n|raw|WizardGibby's rating: 1103 &rarr; <strong>1084</strong><br />(-19 for losing)\n|raw|RagingBerserker1's rating: 1187 &rarr; <strong>1206</strong><br />(+19 for winning)\n|l|\u2606RagingBerserker1\n|player|p2|\n|l|\u2606WizardGibby\n|player|p1|\n|j|\u2606RagingBerserker1\n|player|p2|RagingBerserker1|169|\n",
  "uploadtime": 1776288151,
  "views": 32,
  "formatid": "gen9championsvgc2026regma",
  "rating": 1084,
  "private": 0,
  "password": null
}