{
  "id": "gen9championsvgc2026regma-2588136427",
  "format": "[Gen 9 Champions] VGC 2026 Reg M-A",
  "players": [
    "jejeejeeeee",
    "AugustStein"
  ],
  "log": "|j|\u2606jejeejeeeee\n|j|\u2606AugustStein\n|t:|1776608045\n|gametype|doubles\n|player|p1|jejeejeeeee|lady-gen4|1014\n|player|p2|AugustStein|veteran|1000\n|gen|9\n|tier|[Gen 9 Champions] VGC 2026 Reg M-A\n|rated|\n|rule|Species Clause: Limit one of each Pok\u00e9mon\n|rule|Item Clause: Limit 1 of each item\n|clearpoke\n|poke|p1|Delphox, L50, M|\n|poke|p1|Dragapult, L50, F|\n|poke|p1|Goodra-Hisui, L50, F|\n|poke|p1|Sneasler, L50, M|\n|poke|p1|Alcremie-Salted-Cream, L50, F|\n|poke|p1|Whimsicott, L50, F|\n|poke|p2|Sableye, L50, F|\n|poke|p2|Snorlax, L50, M|\n|poke|p2|Gengar, L50, F, shiny|\n|poke|p2|Basculegion, L50, M|\n|poke|p2|Incineroar, L50, F|\n|poke|p2|Sneasler, L50, F|\n|teampreview|4\n|\n|t:|1776608070\n|teamsize|p1|4\n|teamsize|p2|4\n|start\n|switch|p1a: Sneasler|Sneasler, L50, M|100/100\n|switch|p1b: Whimsicott|Whimsicott, L50, F|100/100\n|switch|p2a: Sableye|Sableye, L50, F|100/100\n|switch|p2b: Snorlax|Snorlax, L50, M|100/100\n|turn|1\n|\n|t:|1776608107\n|move|p2a: Sableye|Fake Out|p1a: Sneasler\n|-damage|p1a: Sneasler|89/100\n|move|p1b: Whimsicott|Tailwind|p1b: Whimsicott\n|-sidestart|p1: jejeejeeeee|move: Tailwind\n|cant|p1a: Sneasler|flinch\n|move|p2b: Snorlax|Encore|p1b: Whimsicott\n|-start|p1b: Whimsicott|Encore\n|\n|upkeep\n|turn|2\n|\n|t:|1776608134\n|switch|p1b: Dragapult|Dragapult, L50, F|100/100\n|move|p2a: Sableye|Helping Hand|p2b: Snorlax\n|-singleturn|p2b: Snorlax|Helping Hand|[of] p2a: Sableye\n|move|p1a: Sneasler|Close Combat|p2b: Snorlax\n|-supereffective|p2b: Snorlax|1\n|-enditem|p2b: Snorlax|Chople Berry|[eat]\n|-enditem|p2b: Snorlax|Chople Berry|[weaken]\n|-damage|p2b: Snorlax|36/100\n|-unboost|p1a: Sneasler|def|1\n|-unboost|p1a: Sneasler|spd|1\n|-enditem|p1a: Sneasler|White Herb\n|-clearnegativeboost|p1a: Sneasler|[silent]\n|move|p2b: Snorlax|Self-Destruct|p1b: Dragapult|[spread] p1a\n|-immune|p2a: Sableye\n|-immune|p1b: Dragapult\n|-damage|p1a: Sneasler|0 fnt\n|faint|p2b: Snorlax\n|faint|p1a: Sneasler\n|\n|upkeep\n|\n|t:|1776608169\n|switch|p1a: Whimsicott|Whimsicott, L50, F|100/100\n|switch|p2b: Gengar|Gengar, L50, F, shiny|100/100\n|turn|3\n|\n|t:|1776608188\n|detailschange|p2b: Gengar|Gengar-Mega, L50, F, shiny\n|-mega|p2b: Gengar|Gengar|Gengarite\n|move|p1a: Whimsicott|Taunt|p2b: Gengar\n|-start|p2b: Gengar|move: Taunt\n|move|p2a: Sableye|Rain Dance|p2a: Sableye\n|-weather|RainDance\n|move|p1b: Dragapult|Phantom Force||[still]\n|-prepare|p1b: Dragapult|Phantom Force\n|move|p2b: Gengar|Shadow Ball|p1b: Dragapult|[miss]\n|-miss|p2b: Gengar|p1b: Dragapult\n|\n|-weather|RainDance|[upkeep]\n|upkeep\n|turn|4\n|\n|t:|1776608219\n|move|p1a: Whimsicott|Moonblast|p2a: Sableye\n|-supereffective|p2a: Sableye|1\n|-damage|p2a: Sableye|20/100\n|move|p1b: Dragapult|Phantom Force|p2b: Gengar|[from] lockedmove\n|-supereffective|p2b: Gengar|1\n|-crit|p2b: Gengar\n|-damage|p2b: Gengar|0 fnt\n|faint|p2b: Gengar\n|move|p2a: Sableye|Poltergeist|p1b: Dragapult\n|-activate|p1b: Dragapult|move: Poltergeist|Scope Lens\n|-supereffective|p1b: Dragapult|1\n|-damage|p1b: Dragapult|11/100\n|\n|-weather|RainDance|[upkeep]\n|-sideend|p1: jejeejeeeee|move: Tailwind\n|upkeep\n|\n|t:|1776608231\n|switch|p2b: Basculegion|Basculegion, L50, M|100/100\n|turn|5\n|\n|t:|1776608256\n|move|p1a: Whimsicott|Tailwind|p1a: Whimsicott\n|-sidestart|p1: jejeejeeeee|move: Tailwind\n|move|p2b: Basculegion|Last Respects|p1a: Whimsicott\n|-enditem|p1a: Whimsicott|Focus Sash\n|-damage|p1a: Whimsicott|1/100\n|move|p1b: Dragapult|Phantom Force||[still]\n|-prepare|p1b: Dragapult|Phantom Force\n|move|p2a: Sableye|Poltergeist|p1b: Dragapult|[miss]\n|-miss|p2a: Sableye|p1b: Dragapult\n|\n|-weather|RainDance|[upkeep]\n|upkeep\n|turn|6\n|\n|t:|1776608293\n|move|p2b: Basculegion|Last Respects|p1a: Whimsicott\n|-damage|p1a: Whimsicott|0 fnt\n|faint|p1a: Whimsicott\n|move|p1b: Dragapult|Phantom Force|p2b: Basculegion|[from] lockedmove\n|-supereffective|p2b: Basculegion|1\n|-damage|p2b: Basculegion|0 fnt\n|faint|p2b: Basculegion\n|move|p2a: Sableye|Poltergeist|p1b: Dragapult|[miss]\n|-miss|p2a: Sableye|p1b: Dragapult\n|\n|-weather|RainDance|[upkeep]\n|upkeep\n|\n|t:|1776608305\n|switch|p1a: Delphox|Delphox, L50, M|100/100\n|turn|7\n|\n|t:|1776608314\n|detailschange|p1a: Delphox|Delphox-Mega, L50, M\n|-mega|p1a: Delphox|Delphox|Delphoxite\n|move|p1a: Delphox|Shadow Ball|p2a: Sableye\n|-damage|p2a: Sableye|0 fnt\n|faint|p2a: Sableye\n|\n|win|jejeejeeeee\n|raw|jejeejeeeee's rating: 1014 &rarr; <strong>1050</strong><br />(+36 for winning)\n|raw|AugustStein's rating: 1000 &rarr; <strong>1000</strong><br />(+0 for losing)\n",
  "uploadtime": 1776608322,
  "views": 10,
  "formatid": "gen9championsvgc2026regma",
  "rating": 1000,
  "private": 0,
  "password": null
}