{
  "id": "gen9championsvgc2026regma-2586629594",
  "format": "[Gen 9 Champions] VGC 2026 Reg M-A",
  "players": [
    "P0keJr",
    "JokER46777e"
  ],
  "log": "|j|\u2606P0keJr\n|j|\u2606JokER46777e\n|t:|1776448020\n|gametype|doubles\n|player|p1|P0keJr|266|1104\n|player|p2|JokER46777e|steven|1148\n|gen|9\n|tier|[Gen 9 Champions] VGC 2026 Reg M-A\n|rated|\n|rule|Species Clause: Limit one of each Pok\u00e9mon\n|rule|Item Clause: Limit 1 of each item\n|clearpoke\n|poke|p1|Alakazam, L50, F|\n|poke|p1|Meowstic, L50, M|\n|poke|p1|Primarina, L50, F|\n|poke|p1|Sneasler, L50, M|\n|poke|p1|Incineroar, L50, F|\n|poke|p1|Maushold, L50|\n|poke|p2|Gengar, L50, M|\n|poke|p2|Incineroar, L50, M|\n|poke|p2|Garchomp, L50, M|\n|poke|p2|Aerodactyl, L50, F|\n|poke|p2|Kingambit, L50, M|\n|poke|p2|Gardevoir, L50, F|\n|teampreview|4\n|inactive|Battle timer is ON: inactive players will automatically lose when time's up. (requested by JokER46777e)\n|inactive|JokER46777e has 60 seconds left.\nJokER46777e rejected open team sheets.\n|\n|t:|1776448069\n|teamsize|p1|4\n|teamsize|p2|4\n|start\n|switch|p1a: Alakazam|Alakazam, L50, F|100/100\n|switch|p1b: Meowstic|Meowstic, L50, M|100/100\n|switch|p2a: Incineroar|Incineroar, L50, M|100/100\n|switch|p2b: Gengar|Gengar, L50, M|100/100\n|-ability|p2a: Incineroar|Intimidate|boost\n|-unboost|p1a: Alakazam|atk|1\n|-unboost|p1b: Meowstic|atk|1\n|turn|1\n|\n|t:|1776448088\n|move|p2b: Gengar|Protect|p2b: Gengar\n|-singleturn|p2b: Gengar|Protect\n|move|p1a: Alakazam|Protect|p1a: Alakazam\n|-singleturn|p1a: Alakazam|Protect\n|move|p2a: Incineroar|Fake Out|p1b: Meowstic\n|-damage|p1b: Meowstic|91/100\n|cant|p1b: Meowstic|flinch\n|\n|upkeep\n|turn|2\n|\n|t:|1776448105\n|switch|p2b: Aerodactyl|Aerodactyl, L50, F|100/100\n|detailschange|p1a: Alakazam|Alakazam-Mega, L50, F\n|-mega|p1a: Alakazam|Alakazam|Alakazite\n|-ability|p1a: Alakazam|Intimidate|Trace|[from] ability: Trace|[of] p2a: Incineroar\n|-ability|p1a: Alakazam|Intimidate|boost\n|-unboost|p2a: Incineroar|atk|1\n|-unboost|p2b: Aerodactyl|atk|1\n|move|p1b: Meowstic|Psychic Terrain|p1b: Meowstic\n|-fieldstart|move: Psychic Terrain\n|move|p1a: Alakazam|Expanding Force|p2b: Aerodactyl|[spread] p2b\n|-immune|p2a: Incineroar\n|-enditem|p2b: Aerodactyl|Focus Sash\n|-damage|p2b: Aerodactyl|1/100\n|move|p2a: Incineroar|Flare Blitz|p1b: Meowstic\n|-damage|p1b: Meowstic|65/100\n|-damage|p2a: Incineroar|93/100|[from] Recoil\n|\n|upkeep\n|turn|3\n|inactive|P0keJr has 30 seconds left.\n|\n|t:|1776448139\n|move|p1a: Alakazam|Protect|p1a: Alakazam\n|-singleturn|p1a: Alakazam|Protect\n|move|p2b: Aerodactyl|Protect|p2b: Aerodactyl\n|-singleturn|p2b: Aerodactyl|Protect\n|move|p1b: Meowstic|Expanding Force|p2a: Incineroar|[spread] \n|-activate|p2b: Aerodactyl|move: Protect\n|-immune|p2a: Incineroar\n|move|p2a: Incineroar|Parting Shot|p1a: Alakazam\n|-activate|p1a: Alakazam|move: Protect\n|\n|upkeep\n|turn|4\n|\n|t:|1776448157\n|switch|p1a: Sneasler|Sneasler, L50, M|100/100\n|move|p2b: Aerodactyl|Tailwind|p2b: Aerodactyl\n|-sidestart|p2: JokER46777e|move: Tailwind\n|move|p2a: Incineroar|Parting Shot|p1a: Sneasler\n|-unboost|p1a: Sneasler|atk|1\n|-unboost|p1a: Sneasler|spa|1\n|\n|t:|1776448162\n|switch|p2a: Garchomp|Garchomp, L50, M|100/100|[from] Parting Shot\n|-enditem|p1a: Sneasler|White Herb\n|-clearnegativeboost|p1a: Sneasler|[silent]\n|move|p1b: Meowstic|Expanding Force|p2b: Aerodactyl|[spread] p2a,p2b\n|-damage|p2a: Garchomp|63/100\n|-damage|p2b: Aerodactyl|0 fnt\n|faint|p2b: Aerodactyl\n|\n|upkeep\n|\n|t:|1776448167\n|switch|p2b: Gengar|Gengar, L50, M|100/100\n|turn|5\n|\n|t:|1776448183\n|move|p2b: Gengar|Protect|p2b: Gengar\n|-singleturn|p2b: Gengar|Protect\n|move|p2a: Garchomp|Earthquake|p1b: Meowstic|[spread] p1a,p1b\n|-activate|p2b: Gengar|move: Protect\n|-supereffective|p1a: Sneasler|1\n|-crit|p1b: Meowstic\n|-damage|p1a: Sneasler|0 fnt\n|-damage|p1b: Meowstic|9/100\n|faint|p1a: Sneasler\n|move|p1b: Meowstic|Expanding Force|p2b: Gengar|[spread] p2a\n|-activate|p2b: Gengar|move: Protect\n|-damage|p2a: Garchomp|27/100\n|\n|upkeep\n|\n|t:|1776448195\n|switch|p1a: Primarina|Primarina, L50, F|100/100\n|turn|6\n|inactive|JokER46777e has 30 seconds left.\n|inactive|JokER46777e has 20 seconds left.\n|inactive|JokER46777e has 15 seconds left.\n|\n|t:|1776448241\n|switch|p2a: Incineroar|Incineroar, L50, M|93/100\n|-ability|p2a: Incineroar|Intimidate|boost\n|-unboost|p1a: Primarina|atk|1\n|-unboost|p1b: Meowstic|atk|1\n|detailschange|p2b: Gengar|Gengar-Mega, L50, M\n|-mega|p2b: Gengar|Gengar|Gengarite\n|move|p1b: Meowstic|Protect|p1b: Meowstic\n|-singleturn|p1b: Meowstic|Protect\n|move|p2b: Gengar|Sludge Bomb|p1b: Meowstic\n|-activate|p1b: Meowstic|move: Protect\n|move|p1a: Primarina|Moonblast|p2a: Incineroar\n|-damage|p2a: Incineroar|46/100\n|\n|-fieldend|move: Psychic Terrain\n|upkeep\n|turn|7\n|inactive|P0keJr has 30 seconds left.\n|\n|t:|1776448275\n|move|p1a: Primarina|Protect|p1a: Primarina\n|-singleturn|p1a: Primarina|Protect\n|move|p2a: Incineroar|Fake Out|p1b: Meowstic\n|-damage|p1b: Meowstic|0 fnt\n|faint|p1b: Meowstic\n|move|p2b: Gengar|Sludge Bomb|p1a: Primarina\n|-activate|p1a: Primarina|move: Protect\n|\n|-sideend|p2: JokER46777e|move: Tailwind\n|upkeep\n|\n|t:|1776448285\n|switch|p1b: Alakazam|Alakazam-Mega, L50, F|100/100\n|-ability|p1b: Alakazam|Shadow Tag|Trace|[from] ability: Trace|[of] p2b: Gengar\n|turn|8\n|\n|t:|1776448299\n|move|p2b: Gengar|Protect|p2b: Gengar\n|-singleturn|p2b: Gengar|Protect\n|move|p1b: Alakazam|Expanding Force|p2b: Gengar\n|-activate|p2b: Gengar|move: Protect\n|move|p1a: Primarina|Hyper Voice|p2a: Incineroar|[spread] p2a\n|-activate|p2b: Gengar|move: Protect\n|-supereffective|p2a: Incineroar|1\n|-damage|p2a: Incineroar|0 fnt\n|faint|p2a: Incineroar\n|\n|upkeep\n|\n|t:|1776448307\n|switch|p2a: Garchomp|Garchomp, L50, M|27/100\n|turn|9\n|\n|t:|1776448320\n|move|p2a: Garchomp|Rock Slide|p1a: Primarina|[spread] p1a\n|-miss|p2a: Garchomp|p1b: Alakazam\n|-damage|p1a: Primarina|75/100\n|move|p1b: Alakazam|Expanding Force|p2b: Gengar\n|-supereffective|p2b: Gengar|1\n|-damage|p2b: Gengar|0 fnt\n|faint|p2b: Gengar\n|move|p1a: Primarina|Moonblast|p2a: Garchomp\n|-supereffective|p2a: Garchomp|1\n|-damage|p2a: Garchomp|0 fnt\n|faint|p2a: Garchomp\n|\n|win|P0keJr\n|raw|P0keJr's rating: 1104 &rarr; <strong>1132</strong><br />(+28 for winning)\n|raw|JokER46777e's rating: 1148 &rarr; <strong>1120</strong><br />(-28 for losing)\n|l|\u2606JokER46777e\n|player|p2|\n",
  "uploadtime": 1776448337,
  "views": 41,
  "formatid": "gen9championsvgc2026regma",
  "rating": 1120,
  "private": 0,
  "password": null
}