{
  "id": "gen9championsvgc2026regma-2585148213",
  "format": "[Gen 9 Champions] VGC 2026 Reg M-A",
  "players": [
    "waterlake",
    "RintoShion"
  ],
  "log": "|j|\u2606waterlake\n|j|\u2606RintoShion\n|t:|1776317684\n|gametype|doubles\n|player|p1|waterlake|1|1031\n|player|p2|RintoShion|blue|1027\n|gen|9\n|tier|[Gen 9 Champions] VGC 2026 Reg M-A\n|rated|\n|rule|Species Clause: Limit one of each Pok\u00e9mon\n|rule|Item Clause: Limit 1 of each item\n|clearpoke\n|poke|p1|Clefable, L50, M|\n|poke|p1|Gyarados, L50, M|\n|poke|p1|Sinistcha, L50|\n|poke|p1|Rotom-Wash, L50|\n|poke|p1|Gallade, L50, M|\n|poke|p1|Raichu, L50, F|\n|poke|p2|Aerodactyl, L50, F|\n|poke|p2|Tyranitar, L50, F|\n|poke|p2|Sneasler, L50, M|\n|poke|p2|Incineroar, L50, F|\n|poke|p2|Rotom-Wash, L50|\n|poke|p2|Sinistcha, L50|\n|teampreview|4\n|\n|t:|1776317700\n|teamsize|p1|4\n|teamsize|p2|4\n|start\n|switch|p1a: Clefable|Clefable, L50, M|100/100\n|switch|p1b: Gallade|Gallade, L50, M|100/100\n|switch|p2a: Tyranitar|Tyranitar, L50, F|100/100\n|switch|p2b: Incineroar|Incineroar, L50, F|100/100\n|-ability|p2b: Incineroar|Intimidate|boost\n|-unboost|p1a: Clefable|atk|1\n|-unboost|p1b: Gallade|atk|1\n|-weather|Sandstorm|[from] ability: Sand Stream|[of] p2a: Tyranitar\n|turn|1\n|\n|t:|1776317716\n|switch|p1b: Gyarados|Gyarados, L50, M|100/100\n|-ability|p1b: Gyarados|Intimidate|boost\n|-unboost|p2a: Tyranitar|atk|1\n|-unboost|p2b: Incineroar|atk|1\n|detailschange|p1a: Clefable|Clefable-Mega, L50, M\n|-mega|p1a: Clefable|Clefable|Clefablite\n|move|p2b: Incineroar|Fake Out|p1b: Gyarados\n|-damage|p1b: Gyarados|89/100\n|move|p1a: Clefable|Moonblast|p2a: Tyranitar\n|-supereffective|p2a: Tyranitar|1\n|-damage|p2a: Tyranitar|54/100\n|move|p2a: Tyranitar|Rock Slide|p1a: Clefable|[spread] p1a,p1b\n|-supereffective|p1a: Clefable|1\n|-supereffective|p1b: Gyarados|1\n|-damage|p1a: Clefable|73/100\n|-damage|p1b: Gyarados|42/100\n|\n|-weather|Sandstorm|[upkeep]\n|-damage|p1b: Gyarados|36/100|[from] Sandstorm\n|-damage|p1a: Clefable|67/100|[from] Sandstorm\n|-damage|p2b: Incineroar|95/100|[from] Sandstorm\n|-heal|p2b: Incineroar|100/100|[from] item: Leftovers\n|upkeep\n|turn|2\n|\n|t:|1776317746\n|switch|p1b: Sinistcha|Sinistcha, L50|100/100\n|-heal|p1a: Clefable|92/100|[from] ability: Hospitality|[of] p1b: Sinistcha\n|switch|p2b: te de dro-|Sinistcha, L50, shiny|100/100\n|-heal|p2a: Tyranitar|79/100|[from] ability: Hospitality|[of] p2b: te de dro-\n|move|p1a: Clefable|Moonblast|p2a: Tyranitar\n|-supereffective|p2a: Tyranitar|1\n|-damage|p2a: Tyranitar|36/100\n|move|p2a: Tyranitar|Rock Slide|p1b: Sinistcha|[spread] p1a,p1b\n|-supereffective|p1a: Clefable|1\n|-damage|p1a: Clefable|65/100\n|-damage|p1b: Sinistcha|85/100\n|\n|-weather|Sandstorm|[upkeep]\n|-damage|p1b: Sinistcha|79/100|[from] Sandstorm\n|-damage|p1a: Clefable|59/100|[from] Sandstorm\n|-damage|p2b: te de dro-|94/100|[from] Sandstorm\n|upkeep\n|turn|3\n|\n|t:|1776317765\n|move|p2a: Tyranitar|Protect|p2a: Tyranitar\n|-singleturn|p2a: Tyranitar|Protect\n|move|p1b: Sinistcha|Life Dew|p1b: Sinistcha|[spread] p1a,p1b\n|-heal|p1a: Clefable|84/100\n|-heal|p1b: Sinistcha|100/100\n|move|p1a: Clefable|Icy Wind|p2a: Tyranitar|[spread] p2b\n|-activate|p2a: Tyranitar|move: Protect\n|-supereffective|p2b: te de dro-|1\n|-damage|p2b: te de dro-|72/100\n|-unboost|p2b: te de dro-|spe|1\n|move|p2b: te de dro-|Matcha Gotcha|p1b: Sinistcha|[spread] p1a,p1b\n|-resisted|p1a: Clefable|1\n|-resisted|p1b: Sinistcha|1\n|-damage|p1a: Clefable|74/100\n|-heal|p2b: te de dro-|78/100|[from] drain|[of] p1a: Clefable\n|-damage|p1b: Sinistcha|88/100\n|-heal|p2b: te de dro-|85/100|[from] drain|[of] p1b: Sinistcha\n|-status|p1a: Clefable|brn\n|\n|-weather|Sandstorm|[upkeep]\n|-damage|p1b: Sinistcha|81/100|[from] Sandstorm\n|-damage|p1a: Clefable|68/100 brn|[from] Sandstorm\n|-damage|p2b: te de dro-|78/100|[from] Sandstorm\n|-damage|p1a: Clefable|62/100 brn|[from] brn\n|upkeep\n|turn|4\n|inactive|Battle timer is ON: inactive players will automatically lose when time's up. (requested by RintoShion)\n|\n|t:|1776317798\n|switch|p2b: Aerodactyl|Aerodactyl, L50, F|100/100\n|move|p1b: Sinistcha|Life Dew|p1b: Sinistcha|[spread] p1a,p1b\n|-heal|p1a: Clefable|87/100 brn\n|-heal|p1b: Sinistcha|100/100\n|move|p1a: Clefable|Moonblast|p2a: Tyranitar\n|-supereffective|p2a: Tyranitar|1\n|-damage|p2a: Tyranitar|0 fnt\n|faint|p2a: Tyranitar\n|\n|-weather|Sandstorm|[upkeep]\n|-damage|p1b: Sinistcha|94/100|[from] Sandstorm\n|-damage|p1a: Clefable|81/100 brn|[from] Sandstorm\n|-damage|p1a: Clefable|75/100 brn|[from] brn\n|upkeep\n|\n|t:|1776317804\n|switch|p2a: Incineroar|Incineroar, L50, F|100/100\n|-ability|p2a: Incineroar|Intimidate|boost\n|-unboost|p1a: Clefable|atk|1\n|-unboost|p1b: Sinistcha|atk|1\n|turn|5\n|inactive|waterlake has 30 seconds left.\n|\n|t:|1776317837\n|detailschange|p2b: Aerodactyl|Aerodactyl-Mega, L50, F\n|-mega|p2b: Aerodactyl|Aerodactyl|Aerodactylite\n|move|p2b: Aerodactyl|Rock Slide|p1b: Sinistcha|[spread] p1a,p1b\n|-supereffective|p1a: Clefable|1\n|-damage|p1a: Clefable|37/100 brn\n|-damage|p1b: Sinistcha|71/100\n|cant|p1b: Sinistcha|flinch\n|move|p1a: Clefable|Icy Wind|p2b: Aerodactyl|[spread] p2a,p2b\n|-resisted|p2a: Incineroar|1\n|-supereffective|p2b: Aerodactyl|1\n|-damage|p2a: Incineroar|95/100\n|-damage|p2b: Aerodactyl|84/100\n|-unboost|p2a: Incineroar|spe|1\n|-unboost|p2b: Aerodactyl|spe|1\n|move|p2a: Incineroar|Snarl|p1a: Clefable|[spread] p1a,p1b\n|-resisted|p1a: Clefable|1\n|-supereffective|p1b: Sinistcha|1\n|-damage|p1a: Clefable|33/100 brn\n|-damage|p1b: Sinistcha|47/100\n|-unboost|p1a: Clefable|spa|1\n|-unboost|p1b: Sinistcha|spa|1\n|\n|-weather|none\n|-heal|p2a: Incineroar|100/100|[from] item: Leftovers\n|-damage|p1a: Clefable|27/100 brn|[from] brn\n|upkeep\n|turn|6\n|\n|t:|1776317861\n|switch|p1a: Gyarados|Gyarados, L50, M|36/100\n|-ability|p1a: Gyarados|Intimidate|boost\n|-unboost|p2a: Incineroar|atk|1\n|-unboost|p2b: Aerodactyl|atk|1\n|move|p2b: Aerodactyl|Rock Slide|p1a: Gyarados|[spread] p1a,p1b\n|-supereffective|p1a: Gyarados|1\n|-damage|p1a: Gyarados|0 fnt\n|-damage|p1b: Sinistcha|33/100\n|faint|p1a: Gyarados\n|move|p1b: Sinistcha|Life Dew|p1b: Sinistcha\n|-heal|p1b: Sinistcha|58/100\n|move|p2a: Incineroar|Parting Shot|p1b: Sinistcha\n|-unboost|p1b: Sinistcha|atk|1\n|-unboost|p1b: Sinistcha|spa|1\n|\n|t:|1776317865\n|switch|p2a: te de dro-|Sinistcha, L50, shiny|78/100|[from] Parting Shot\n|-heal|p2b: Aerodactyl|100/100|[from] ability: Hospitality|[of] p2a: te de dro-\n|\n|upkeep\n|\n|t:|1776317881\n|switch|p1a: Gallade|Gallade, L50, M|100/100\n|turn|7\n|\n|t:|1776317892\n|switch|p2a: Incineroar|Incineroar, L50, F|100/100\n|-ability|p2a: Incineroar|Intimidate|boost\n|-unboost|p1a: Gallade|atk|1\n|-unboost|p1b: Sinistcha|atk|1\n|move|p2b: Aerodactyl|Protect|p2b: Aerodactyl\n|-singleturn|p2b: Aerodactyl|Protect\n|move|p1a: Gallade|Psycho Cut|p2a: Incineroar\n|-immune|p2a: Incineroar\n|move|p1b: Sinistcha|Life Dew||[still]|[spread] p1a,p1b\n|-fail|p1a: Gallade|heal\n|-heal|p1b: Sinistcha|84/100\n|\n|upkeep\n|turn|8\n|\n|t:|1776317908\n|move|p2a: Incineroar|Fake Out|p1a: Gallade\n|-damage|p1a: Gallade|78/100\n|cant|p1a: Gallade|flinch\n|move|p2b: Aerodactyl|Dual Wingbeat|p1a: Gallade\n|-supereffective|p1a: Gallade|1\n|-crit|p1a: Gallade\n|-damage|p1a: Gallade|0 fnt\n|faint|p1a: Gallade\n|-hitcount|p1: Gallade|1\n|move|p1b: Sinistcha|Matcha Gotcha|p2a: Incineroar|[spread] p2a,p2b\n|-resisted|p2a: Incineroar|1\n|-crit|p2a: Incineroar\n|-damage|p2a: Incineroar|86/100\n|-heal|p1b: Sinistcha|92/100|[from] drain|[of] p2a: Incineroar\n|-damage|p2b: Aerodactyl|89/100\n|-heal|p1b: Sinistcha|98/100|[from] drain|[of] p2b: Aerodactyl\n|\n|-heal|p2a: Incineroar|91/100|[from] item: Leftovers\n|upkeep\n|\n|t:|1776317926\n|switch|p1a: Clefable|Clefable-Mega, L50, M|27/100 brn\n|turn|9\n|\n|t:|1776317932\n|move|p1a: Clefable|Protect|p1a: Clefable\n|-singleturn|p1a: Clefable|Protect\n|move|p2b: Aerodactyl|Rock Slide|p1a: Clefable|[spread] p1b\n|-activate|p1a: Clefable|move: Protect\n|-damage|p1b: Sinistcha|84/100\n|move|p1b: Sinistcha|Life Dew|p1b: Sinistcha|[spread] p1a,p1b\n|-heal|p1a: Clefable|52/100 brn\n|-heal|p1b: Sinistcha|100/100\n|move|p2a: Incineroar|Snarl|p1a: Clefable|[spread] p1b\n|-activate|p1a: Clefable|move: Protect\n|-supereffective|p1b: Sinistcha|1\n|-damage|p1b: Sinistcha|80/100\n|-unboost|p1b: Sinistcha|spa|1\n|\n|-heal|p2a: Incineroar|97/100|[from] item: Leftovers\n|-damage|p1a: Clefable|46/100 brn|[from] brn\n|upkeep\n|turn|10\n|inactive|waterlake has 30 seconds left.\n|\n|t:|1776317957\n|move|p2b: Aerodactyl|Rock Slide|p1a: Clefable|[spread] p1a,p1b\n|-supereffective|p1a: Clefable|1\n|-damage|p1a: Clefable|21/100 brn\n|-damage|p1b: Sinistcha|65/100\n|cant|p1b: Sinistcha|flinch\n|cant|p1a: Clefable|flinch\n|move|p2a: Incineroar|Flare Blitz|p1a: Clefable\n|-damage|p1a: Clefable|0 fnt\n|faint|p1a: Clefable\n|-damage|p2a: Incineroar|90/100|[from] Recoil\n|\n|-heal|p2a: Incineroar|96/100|[from] item: Leftovers\n|upkeep\n|turn|11\n|-message|waterlake forfeited.\n|\n|win|RintoShion\n|raw|waterlake's rating: 1031 &rarr; <strong>1016</strong><br />(-15 for losing)\n|raw|RintoShion's rating: 1027 &rarr; <strong>1063</strong><br />(+36 for winning)\n|l|\u2606waterlake\n|player|p1|\n",
  "uploadtime": 1776317973,
  "views": 26,
  "formatid": "gen9championsvgc2026regma",
  "rating": 1016,
  "private": 0,
  "password": null
}