{
  "id": "gen9championsvgc2026regma-2588536841",
  "format": "[Gen 9 Champions] VGC 2026 Reg M-A",
  "players": [
    "lun4rspace",
    "Chef204"
  ],
  "log": "|j|\u2606lun4rspace\n|j|\u2606Chef204\n|t:|1776642723\n|gametype|doubles\n|player|p1|lun4rspace|266|1256\n|player|p2|Chef204|cynthia-gen4|1202\n|gen|9\n|tier|[Gen 9 Champions] VGC 2026 Reg M-A\n|rated|\n|rule|Species Clause: Limit one of each Pok\u00e9mon\n|rule|Item Clause: Limit 1 of each item\n|clearpoke\n|poke|p1|Aerodactyl, L50, F|\n|poke|p1|Basculegion, L50, M|\n|poke|p1|Kommo-o, L50, M|\n|poke|p1|Scizor, L50, F|\n|poke|p1|Scovillain, L50, F|\n|poke|p1|Sneasler, L50, F|\n|poke|p2|Scovillain, L50, M, shiny|\n|poke|p2|Incineroar, L50, F|\n|poke|p2|Politoed, L50, M|\n|poke|p2|Kleavor, L50, M, shiny|\n|poke|p2|Jolteon, L50, F|\n|poke|p2|Glimmora, L50, F, shiny|\n|teampreview|4\n|inactive|Battle timer is ON: inactive players will automatically lose when time's up. (requested by Chef204)\n|inactive|lun4rspace has 60 seconds left.\n|\n|t:|1776642757\n|teamsize|p1|4\n|teamsize|p2|4\n|start\n|switch|p1a: Scovillain|Scovillain, L50, F|100/100\n|switch|p1b: Kommo-o|Kommo-o, L50, M|100/100\n|switch|p2a: I hate myself|Scovillain, L50, M, shiny|100/100\n|switch|p2b: Wolfe's Incineroar|Incineroar, L50, F|100/100\n|-ability|p2b: Wolfe's Incineroar|Intimidate|boost\n|-unboost|p1a: Scovillain|atk|1\n|-unboost|p1b: Kommo-o|atk|1\n|turn|1\n|inactive|lun4rspace has 30 seconds left.\n|\n|t:|1776642787\n|detailschange|p1a: Scovillain|Scovillain-Mega, L50, F\n|-mega|p1a: Scovillain|Scovillain|Scovillainite\n|move|p2a: I hate myself|Protect|p2a: I hate myself\n|-singleturn|p2a: I hate myself|Protect\n|move|p2b: Wolfe's Incineroar|Fake Out|p1b: Kommo-o\n|-damage|p1b: Kommo-o|89/100\n|move|p1a: Scovillain|Rage Powder|p1a: Scovillain\n|-singleturn|p1a: Scovillain|move: Rage Powder\n|cant|p1b: Kommo-o|flinch\n|\n|-heal|p1b: Kommo-o|95/100|[from] item: Leftovers\n|-ability|p2a: I hate myself|Moody|boost\n|-boost|p2a: I hate myself|spd|2\n|-unboost|p2a: I hate myself|atk|1\n|upkeep\n|turn|2\n|\n|t:|1776642804\n|detailschange|p2a: I hate myself|Scovillain-Mega, L50, M, shiny\n|-mega|p2a: I hate myself|Scovillain|Scovillainite\n|move|p1a: Scovillain|Rage Powder|p1a: Scovillain\n|-singleturn|p1a: Scovillain|move: Rage Powder\n|move|p1b: Kommo-o|Clangorous Soul|p1b: Kommo-o\n|-boost|p1b: Kommo-o|atk|1\n|-boost|p1b: Kommo-o|def|1\n|-boost|p1b: Kommo-o|spa|1\n|-boost|p1b: Kommo-o|spd|1\n|-boost|p1b: Kommo-o|spe|1\n|-damage|p1b: Kommo-o|62/100\n|move|p2a: I hate myself|Overheat|p1a: Scovillain\n|-damage|p1a: Scovillain|25/100\n|-unboost|p2a: I hate myself|spa|2\n|-immune|p2a: I hate myself\n|move|p2b: Wolfe's Incineroar|Flare Blitz|p1a: Scovillain\n|-damage|p1a: Scovillain|0 fnt\n|-immune|p2b: Wolfe's Incineroar\n|faint|p1a: Scovillain\n|-damage|p2b: Wolfe's Incineroar|94/100|[from] Recoil\n|\n|-heal|p1b: Kommo-o|68/100|[from] item: Leftovers\n|upkeep\n|\n|t:|1776642824\n|switch|p1a: Sneasler|Sneasler, L50, F|100/100\n|turn|3\n|\n|t:|1776642839\n|move|p2a: I hate myself|Rage Powder|p2a: I hate myself\n|-singleturn|p2a: I hate myself|move: Rage Powder\n|move|p1b: Kommo-o|Clanging Scales|p2a: I hate myself|[spread] p2a,p2b\n|-damage|p2a: I hate myself|72/100\n|-damage|p2b: Wolfe's Incineroar|52/100\n|-status|p1b: Kommo-o|brn|[from] ability: Spicy Spray|[of] p2a: I hate myself\n|-unboost|p1b: Kommo-o|def|1\n|move|p1a: Sneasler|Close Combat|p2a: I hate myself\n|-damage|p2a: I hate myself|2/100\n|-unboost|p1a: Sneasler|def|1\n|-unboost|p1a: Sneasler|spd|1\n|-status|p1a: Sneasler|brn|[from] ability: Spicy Spray|[of] p2a: I hate myself\n|-enditem|p1a: Sneasler|White Herb\n|-clearnegativeboost|p1a: Sneasler|[silent]\n|move|p2b: Wolfe's Incineroar|Parting Shot|p1b: Kommo-o\n|-immune|p1b: Kommo-o|[from] ability: Soundproof\n|\n|-heal|p1b: Kommo-o|74/100 brn|[from] item: Leftovers\n|-damage|p1a: Sneasler|95/100 brn|[from] brn\n|-damage|p1b: Kommo-o|68/100 brn|[from] brn\n|upkeep\n|turn|4\n|inactive|Chef204 has 30 seconds left.\n|\n|t:|1776642869\n|switch|p2a: Jolteon|Jolteon, L50, F|100/100\n|move|p1a: Sneasler|Close Combat|p2b: Wolfe's Incineroar\n|-supereffective|p2b: Wolfe's Incineroar|1\n|-damage|p2b: Wolfe's Incineroar|1/100\n|-unboost|p1a: Sneasler|def|1\n|-unboost|p1a: Sneasler|spd|1\n|-enditem|p2b: Wolfe's Incineroar|Sitrus Berry|[eat]\n|-heal|p2b: Wolfe's Incineroar|26/100|[from] item: Sitrus Berry\n|move|p1b: Kommo-o|Clanging Scales|p2a: Jolteon|[spread] p2a,p2b\n|-damage|p2a: Jolteon|32/100\n|-damage|p2b: Wolfe's Incineroar|0 fnt\n|faint|p2b: Wolfe's Incineroar\n|-unboost|p1b: Kommo-o|def|1\n|\n|-heal|p1b: Kommo-o|74/100 brn|[from] item: Leftovers\n|-damage|p1a: Sneasler|89/100 brn|[from] brn\n|-damage|p1b: Kommo-o|68/100 brn|[from] brn\n|upkeep\n|\n|t:|1776642884\n|switch|p2b: I hate myself|Scovillain-Mega, L50, M, shiny|2/100\n|turn|5\n|\n|t:|1776642901\n|move|p2a: Jolteon|Baby-Doll Eyes|p1a: Sneasler\n|-unboost|p1a: Sneasler|atk|1\n|move|p1a: Sneasler|Dire Claw|p2a: Jolteon\n|-damage|p2a: Jolteon|13/100\n|move|p1b: Kommo-o|Clanging Scales|p2b: I hate myself|[spread] p2a,p2b\n|-damage|p2a: Jolteon|0 fnt\n|-damage|p2b: I hate myself|0 fnt\n|faint|p2a: Jolteon\n|faint|p2b: I hate myself\n|-unboost|p1b: Kommo-o|def|1\n|\n|-heal|p1b: Kommo-o|74/100 brn|[from] item: Leftovers\n|-damage|p1a: Sneasler|83/100 brn|[from] brn\n|-damage|p1b: Kommo-o|68/100 brn|[from] brn\n|upkeep\n|\n|t:|1776642910\n|switch|p2b: Paul Y Toed|Politoed, L50, M|100/100\n|-weather|RainDance|[from] ability: Drizzle|[of] p2b: Paul Y Toed\n|turn|6\n|\n|t:|1776642931\n|move|p1a: Sneasler|Close Combat|p2b: Paul Y Toed\n|-damage|p2b: Paul Y Toed|82/100\n|-unboost|p1a: Sneasler|def|1\n|-unboost|p1a: Sneasler|spd|1\n|move|p1b: Kommo-o|Clanging Scales|p2b: Paul Y Toed\n|-damage|p2b: Paul Y Toed|25/100\n|-unboost|p1b: Kommo-o|def|1\n|move|p2b: Paul Y Toed|Psychic|p1a: Sneasler\n|-supereffective|p1a: Sneasler|2\n|-damage|p1a: Sneasler|0 fnt\n|faint|p1a: Sneasler\n|\n|-weather|RainDance|[upkeep]\n|-heal|p1b: Kommo-o|74/100 brn|[from] item: Leftovers\n|-heal|p2b: Paul Y Toed|32/100|[from] item: Leftovers\n|-damage|p1b: Kommo-o|68/100 brn|[from] brn\n|upkeep\n|\n|t:|1776642946\n|switch|p1a: Scizor|Scizor, L50, F|100/100\n|turn|7\n|\n|t:|1776642956\n|move|p2b: Paul Y Toed|Protect|p2b: Paul Y Toed\n|-singleturn|p2b: Paul Y Toed|Protect\n|move|p1b: Kommo-o|Aura Sphere|p2b: Paul Y Toed\n|-activate|p2b: Paul Y Toed|move: Protect\n|move|p1a: Scizor|Swords Dance|p1a: Scizor\n|-boost|p1a: Scizor|atk|2\n|\n|-weather|RainDance|[upkeep]\n|-heal|p1b: Kommo-o|74/100 brn|[from] item: Leftovers\n|-heal|p2b: Paul Y Toed|38/100|[from] item: Leftovers\n|-damage|p1b: Kommo-o|68/100 brn|[from] brn\n|upkeep\n|turn|8\n|\n|t:|1776642974\n|move|p1b: Kommo-o|Aura Sphere|p2b: Paul Y Toed\n|-damage|p2b: Paul Y Toed|0 fnt\n|faint|p2b: Paul Y Toed\n|\n|win|lun4rspace\n|raw|lun4rspace's rating: 1256 &rarr; <strong>1277</strong><br />(+21 for winning)\n|raw|Chef204's rating: 1202 &rarr; <strong>1181</strong><br />(-21 for losing)\n",
  "uploadtime": 1776642975,
  "views": 15,
  "formatid": "gen9championsvgc2026regma",
  "rating": 1181,
  "private": 0,
  "password": null
}