{
  "id": "gen9championsvgc2026regma-2587230285",
  "format": "[Gen 9 Champions] VGC 2026 Reg M-A",
  "players": [
    "Average Wolfe Fan",
    "Plaweh"
  ],
  "log": "|j|\u2606Average Wolfe Fan\n|j|\u2606Plaweh\n|t:|1776511977\n|gametype|doubles\n|player|p1|Average Wolfe Fan|lance|1065\n|player|p2|Plaweh|elesa|1159\n|gen|9\n|tier|[Gen 9 Champions] VGC 2026 Reg M-A\n|rated|\n|rule|Species Clause: Limit one of each Pok\u00e9mon\n|rule|Item Clause: Limit 1 of each item\n|clearpoke\n|poke|p1|Golurk, L50|\n|poke|p1|Incineroar, L50, M, shiny|\n|poke|p1|Sinistcha-Masterpiece, L50|\n|poke|p1|Farigiraf, L50, M, shiny|\n|poke|p1|Tyranitar, L50, M|\n|poke|p1|Rotom-Wash, L50, shiny|\n|poke|p2|Basculegion, L50, M|\n|poke|p2|Pelipper, L50, F|\n|poke|p2|Archaludon, L50, M|\n|poke|p2|Incineroar, L50, M|\n|poke|p2|Venusaur, L50, F|\n|poke|p2|Farigiraf, L50, M|\n|teampreview|4\n|\n|t:|1776512020\n|teamsize|p1|4\n|teamsize|p2|4\n|start\n|switch|p1a: Performative Male|Sinistcha-Masterpiece, L50|100/100\n|switch|p1b: \u0d9e|Rotom-Wash, L50, shiny|100/100\n|switch|p2a: Archaludon|Archaludon, L50, M|100/100\n|switch|p2b: Pelipper|Pelipper, L50, F|100/100\n|-weather|RainDance|[from] ability: Drizzle|[of] p2b: Pelipper\n|turn|1\n|\n|t:|1776512044\n|move|p2b: Pelipper|Tailwind|p2b: Pelipper\n|-sidestart|p2: Plaweh|move: Tailwind\n|move|p2a: Archaludon|Electro Shot||[still]\n|-prepare|p2a: Archaludon|Electro Shot\n|-boost|p2a: Archaludon|spa|1\n|-anim|p2a: Archaludon|Electro Shot|p1b: \u0d9e\n|-damage|p1b: \u0d9e|21/100\n|move|p1b: \u0d9e|Thunderbolt|p2b: Pelipper\n|-supereffective|p2b: Pelipper|2\n|-enditem|p2b: Pelipper|Focus Sash\n|-damage|p2b: Pelipper|1/100\n|move|p1a: Performative Male|Trick Room|p1a: Performative Male\n|-fieldstart|move: Trick Room|[of] p1a: Performative Male\n|\n|-weather|RainDance|[upkeep]\n|upkeep\n|turn|2\n|\n|t:|1776512069\n|switch|p2b: Venusaur|Venusaur, L50, F|100/100\n|move|p1a: Performative Male|Matcha Gotcha|p2b: Venusaur|[spread] p2a,p2b\n|-resisted|p2a: Archaludon|2\n|-resisted|p2b: Venusaur|2\n|-damage|p2a: Archaludon|91/100\n|-damage|p2b: Venusaur|94/100\n|-ability|p2a: Archaludon|Stamina|boost\n|-boost|p2a: Archaludon|def|1\n|move|p1b: \u0d9e|Volt Switch|p2a: Archaludon\n|-resisted|p2a: Archaludon|1\n|-damage|p2a: Archaludon|66/100\n|-ability|p2a: Archaludon|Stamina|boost\n|-boost|p2a: Archaludon|def|1\n|\n|t:|1776512092\n|switch|p1b: Massive Tweaker|Golurk, L50|100/100|[from] Volt Switch\n|move|p2a: Archaludon|Dragon Pulse|p1b: Massive Tweaker\n|-damage|p1b: Massive Tweaker|34/100\n|\n|-weather|RainDance|[upkeep]\n|upkeep\n|turn|3\n|\n|t:|1776512121\n|detailschange|p1b: Massive Tweaker|Golurk-Mega, L50\n|-mega|p1b: Massive Tweaker|Golurk|Golurkite\n|detailschange|p2b: Venusaur|Venusaur-Mega, L50, F\n|-mega|p2b: Venusaur|Venusaur|Venusaurite\n|move|p2a: Archaludon|Protect|p2a: Archaludon\n|-singleturn|p2a: Archaludon|Protect\n|move|p1b: Massive Tweaker|Headlong Rush|p2a: Archaludon\n|-supereffective|p2a: Archaludon|1\n|-ability|p1b: Massive Tweaker|Unseen Fist\n|-zbroken|p2a: Archaludon\n|-damage|p2a: Archaludon|52/100\n|-unboost|p1b: Massive Tweaker|def|1\n|-unboost|p1b: Massive Tweaker|spd|1\n|-ability|p2a: Archaludon|Stamina|boost\n|-boost|p2a: Archaludon|def|1\n|move|p1a: Performative Male|Shadow Ball|p2b: Venusaur\n|-damage|p2b: Venusaur|63/100\n|move|p2b: Venusaur|Giga Drain|p1b: Massive Tweaker\n|-supereffective|p1b: Massive Tweaker|1\n|-damage|p1b: Massive Tweaker|0 fnt\n|-heal|p2b: Venusaur|78/100|[from] drain|[of] p1b: Massive Tweaker\n|faint|p1b: Massive Tweaker\n|\n|-weather|RainDance|[upkeep]\n|upkeep\n|\n|t:|1776512141\n|switch|p1b: Godzilla|Tyranitar, L50, M|100/100\n|-weather|Sandstorm|[from] ability: Sand Stream|[of] p1b: Godzilla\n|turn|4\n|\n|t:|1776512165\n|move|p1a: Performative Male|Shadow Ball|p2a: Archaludon\n|-damage|p2a: Archaludon|2/100\n|-ability|p2a: Archaludon|Stamina|boost\n|-boost|p2a: Archaludon|def|1\n|move|p1b: Godzilla|Earthquake|p2a: Archaludon|[spread] p1a,p2a,p2b\n|-resisted|p1a: Performative Male|1\n|-supereffective|p2a: Archaludon|1\n|-damage|p1a: Performative Male|88/100\n|-damage|p2a: Archaludon|0 fnt\n|-damage|p2b: Venusaur|59/100\n|faint|p2a: Archaludon\n|move|p2b: Venusaur|Sludge Bomb|p1a: Performative Male\n|-damage|p1a: Performative Male|32/100\n|-status|p1a: Performative Male|psn\n|\n|-weather|Sandstorm|[upkeep]\n|-damage|p1a: Performative Male|25/100 psn|[from] Sandstorm\n|-damage|p2b: Venusaur|53/100|[from] Sandstorm\n|-heal|p1a: Performative Male|32/100 psn|[from] item: Leftovers\n|-damage|p1a: Performative Male|19/100 psn|[from] psn\n|-sideend|p2: Plaweh|move: Tailwind\n|upkeep\n|\n|t:|1776512185\n|switch|p2a: Pelipper|Pelipper, L50, F|1/100\n|-weather|RainDance|[from] ability: Drizzle|[of] p2a: Pelipper\n|turn|5\n|\n|t:|1776512200\n|move|p1b: Godzilla|Protect|p1b: Godzilla\n|-singleturn|p1b: Godzilla|Protect\n|move|p1a: Performative Male|Matcha Gotcha|p2a: Pelipper|[spread] p2b\n|-miss|p1a: Performative Male|p2a: Pelipper\n|-resisted|p2b: Venusaur|2\n|-damage|p2b: Venusaur|47/100\n|-heal|p1a: Performative Male|23/100 psn|[from] drain|[of] p2b: Venusaur\n|-status|p2b: Venusaur|brn\n|move|p2b: Venusaur|Giga Drain|p1b: Godzilla\n|-activate|p1b: Godzilla|move: Protect\n|move|p2a: Pelipper|Tailwind|p2a: Pelipper\n|-sidestart|p2: Plaweh|move: Tailwind\n|\n|-weather|RainDance|[upkeep]\n|-heal|p1a: Performative Male|30/100 psn|[from] item: Leftovers\n|-damage|p1a: Performative Male|17/100 psn|[from] psn\n|-damage|p2b: Venusaur|41/100 brn|[from] brn\n|-fieldend|move: Trick Room\n|upkeep\n|turn|6\n|\n|t:|1776512227\n|move|p2a: Pelipper|Hurricane|p1a: Performative Male\n|-supereffective|p1a: Performative Male|1\n|-damage|p1a: Performative Male|0 fnt\n|faint|p1a: Performative Male\n|move|p2b: Venusaur|Giga Drain|p1b: Godzilla\n|-supereffective|p1b: Godzilla|1\n|-damage|p1b: Godzilla|40/100\n|-heal|p2b: Venusaur|75/100 brn|[from] drain|[of] p1b: Godzilla\n|move|p1b: Godzilla|Rock Slide|p2a: Pelipper|[spread] p2b\n|-miss|p1b: Godzilla|p2a: Pelipper\n|-damage|p2b: Venusaur|52/100 brn\n|\n|-weather|RainDance|[upkeep]\n|-damage|p2b: Venusaur|46/100 brn|[from] brn\n|upkeep\n|\n|t:|1776512241\n|switch|p1a: \u0d9e|Rotom-Wash, L50, shiny|21/100\n|turn|7\n|\n|t:|1776512256\n|move|p1b: Godzilla|Protect|p1b: Godzilla\n|-singleturn|p1b: Godzilla|Protect\n|move|p2a: Pelipper|Chilling Water|p1b: Godzilla\n|-activate|p1b: Godzilla|move: Protect\n|move|p2b: Venusaur|Giga Drain|p1a: \u0d9e\n|-supereffective|p1a: \u0d9e|1\n|-damage|p1a: \u0d9e|0 fnt\n|-heal|p2b: Venusaur|55/100 brn|[from] drain|[of] p1a: \u0d9e\n|faint|p1a: \u0d9e\n|\n|-weather|RainDance|[upkeep]\n|-damage|p2b: Venusaur|49/100 brn|[from] brn\n|upkeep\n|turn|8\n|-message|Average Wolfe Fan forfeited.\n|\n|win|Plaweh\n|raw|Average Wolfe Fan's rating: 1065 &rarr; <strong>1050</strong><br />(-15 for losing)\n|raw|Plaweh's rating: 1159 &rarr; <strong>1177</strong><br />(+18 for winning)\n|l|\u2606Average Wolfe Fan\n|player|p1|\n|c|\u2606Plaweh|gg\n",
  "uploadtime": 1776512269,
  "views": 15,
  "formatid": "gen9championsvgc2026regma",
  "rating": 1050,
  "private": 0,
  "password": null
}