{
  "id": "gen9championsvgc2026regma-2586418429",
  "format": "[Gen 9 Champions] VGC 2026 Reg M-A",
  "players": [
    "Kagusana",
    "rasb"
  ],
  "log": "|j|\u2606Kagusana\n|j|\u2606rasb\n|t:|1776433301\n|gametype|doubles\n|player|p1|Kagusana|flannery|1083\n|player|p2|rasb|170|1179\n|gen|9\n|tier|[Gen 9 Champions] VGC 2026 Reg M-A\n|rated|\n|rule|Species Clause: Limit one of each Pok\u00e9mon\n|rule|Item Clause: Limit 1 of each item\n|clearpoke\n|poke|p1|Froslass, L50, F|\n|poke|p1|Sneasler, L50, F|\n|poke|p1|Dragapult, L50, F|\n|poke|p1|Milotic, L50, F|\n|poke|p1|Scovillain, L50, F|\n|poke|p1|Aerodactyl, L50, F|\n|poke|p2|Floette-Eternal, L50, F|\n|poke|p2|Aerodactyl, L50, F|\n|poke|p2|Incineroar, L50, F|\n|poke|p2|Garchomp, L50, F|\n|poke|p2|Charizard, L50, M|\n|poke|p2|Venusaur, L50, M|\n|teampreview|4\n|inactive|Battle timer is ON: inactive players will automatically lose when time's up. (requested by rasb)\nrasb has agreed to open team sheets.\n|inactive|rasb has 60 seconds left.\n|\n|t:|1776433348\n|teamsize|p1|4\n|teamsize|p2|4\n|start\n|switch|p1a: Milotic|Milotic, L50, F, shiny|100/100\n|switch|p1b: Aerodactyl|Aerodactyl, L50, F|100/100\n|switch|p2a: Charizard|Charizard, L50, M|100/100\n|switch|p2b: Garchomp|Garchomp, L50, F|100/100\n|-ability|p1b: Aerodactyl|Unnerve\n|turn|1\n|inactive|Kagusana has 30 seconds left.\n|inactive|rasb has 30 seconds left.\n|\n|t:|1776433382\n|switch|p2a: Aerodactyl|Aerodactyl, L50, F|100/100\n|-ability|p2a: Aerodactyl|Unnerve\n|move|p2b: Garchomp|Dragon Claw|p1b: Aerodactyl\n|-damage|p1b: Aerodactyl|37/100\n|move|p1b: Aerodactyl|Rock Slide|p2a: Aerodactyl|[spread] p2a\n|-miss|p1b: Aerodactyl|p2b: Garchomp\n|-supereffective|p2a: Aerodactyl|1\n|-damage|p2a: Aerodactyl|30/100\n|move|p1a: Milotic|Icy Wind|p2a: Aerodactyl|[spread] p2a,p2b\n|-supereffective|p2a: Aerodactyl|1\n|-supereffective|p2b: Garchomp|2\n|-damage|p2a: Aerodactyl|0 fnt\n|-damage|p2b: Garchomp|43/100\n|-unboost|p2b: Garchomp|spe|1\n|faint|p2a: Aerodactyl\n|\n|upkeep\n|\n|t:|1776433402\n|switch|p2a: Venusaur|Venusaur, L50, M|100/100\n|turn|2\n|\n|t:|1776433411\n|move|p1b: Aerodactyl|Tailwind|p1b: Aerodactyl\n|-sidestart|p1: Kagusana|move: Tailwind\n|move|p1a: Milotic|Icy Wind|p2a: Venusaur|[spread] p2a\n|-miss|p1a: Milotic|p2b: Garchomp\n|-supereffective|p2a: Venusaur|1\n|-damage|p2a: Venusaur|67/100\n|-unboost|p2a: Venusaur|spe|1\n|move|p2b: Garchomp|Dragon Claw|p1b: Aerodactyl\n|-damage|p1b: Aerodactyl|0 fnt\n|faint|p1b: Aerodactyl\n|move|p2a: Venusaur|Leaf Storm|p1a: Milotic\n|-supereffective|p1a: Milotic|1\n|-damage|p1a: Milotic|11/100\n|-unboost|p2a: Venusaur|spa|2\n|\n|upkeep\n|\n|t:|1776433428\n|switch|p1b: Sneasler|Sneasler, L50, F|100/100\n|turn|3\n|\n|t:|1776433434\n|move|p1b: Sneasler|Fake Out|p2a: Venusaur\n|-damage|p2a: Venusaur|48/100\n|move|p1a: Milotic|Icy Wind|p2a: Venusaur|[spread] p2a,p2b\n|-supereffective|p2a: Venusaur|1\n|-supereffective|p2b: Garchomp|2\n|-damage|p2a: Venusaur|18/100\n|-damage|p2b: Garchomp|0 fnt\n|-unboost|p2a: Venusaur|spe|1\n|faint|p2b: Garchomp\n|cant|p2a: Venusaur|flinch\n|\n|upkeep\n|\n|t:|1776433440\n|switch|p2b: Charizard|Charizard, L50, M|100/100\n|turn|4\n|\n|t:|1776433456\n|detailschange|p2b: Charizard|Charizard-Mega-Y, L50, M\n|-mega|p2b: Charizard|Charizard|Charizardite Y\n|-weather|SunnyDay|[from] ability: Drought|[of] p2b: Charizard\n|move|p1b: Sneasler|Dire Claw|p2b: Charizard\n|-damage|p2b: Charizard|38/100\n|-status|p2b: Charizard|psn\n|move|p1a: Milotic|Icy Wind|p2a: Venusaur|[spread] p2a,p2b\n|-supereffective|p2a: Venusaur|1\n|-damage|p2a: Venusaur|0 fnt\n|-damage|p2b: Charizard|23/100 psn\n|-unboost|p2b: Charizard|spe|1\n|faint|p2a: Venusaur\n|move|p2b: Charizard|Air Slash|p1b: Sneasler\n|-supereffective|p1b: Sneasler|1\n|-damage|p1b: Sneasler|0 fnt\n|faint|p1b: Sneasler\n|\n|-weather|SunnyDay|[upkeep]\n|-damage|p2b: Charizard|11/100 psn|[from] psn\n|upkeep\n|\n|t:|1776433472\n|switch|p1b: Froslass|Froslass, L50, F, shiny|100/100\n|turn|5\n|\n|t:|1776433494\n|detailschange|p1b: Froslass|Froslass-Mega, L50, F, shiny\n|-mega|p1b: Froslass|Froslass|Froslassite\n|-weather|Snowscape|[from] ability: Snow Warning|[of] p1b: Froslass\n|move|p1b: Froslass|Blizzard|p2b: Charizard\n|-damage|p2b: Charizard|0 fnt\n|faint|p2b: Charizard\n|\n|win|Kagusana\n|raw|Kagusana's rating: 1083 &rarr; <strong>1118</strong><br />(+35 for winning)\n|raw|rasb's rating: 1179 &rarr; <strong>1147</strong><br />(-32 for losing)\n",
  "uploadtime": 1776433495,
  "views": 29,
  "formatid": "gen9championsvgc2026regma",
  "rating": 1118,
  "private": 0,
  "password": null
}