{
  "id": "gen9championsvgc2026regma-2586768932",
  "format": "[Gen 9 Champions] VGC 2026 Reg M-A",
  "players": [
    "Quaza15",
    "lucca15404"
  ],
  "log": "|j|\u2606Quaza15\n|j|\u2606lucca15404\n|t:|1776458429\n|gametype|doubles\n|player|p1|Quaza15|ruinmaniac|1353\n|player|p2|lucca15404|ingo|1375\n|gen|9\n|tier|[Gen 9 Champions] VGC 2026 Reg M-A\n|rated|\n|rule|Species Clause: Limit one of each Pok\u00e9mon\n|rule|Item Clause: Limit 1 of each item\n|clearpoke\n|poke|p1|Aerodactyl, L50, M|\n|poke|p1|Garchomp, L50, M|\n|poke|p1|Mamoswine, L50, F|\n|poke|p1|Charizard, L50, M|\n|poke|p1|Kingambit, L50, M|\n|poke|p1|Rotom-Wash, L50|\n|poke|p2|Aerodactyl, L50, M|\n|poke|p2|Rotom-Wash, L50|\n|poke|p2|Garchomp, L50, M|\n|poke|p2|Delphox, L50, F|\n|poke|p2|Clefable, L50, M|\n|poke|p2|Incineroar, L50, F|\n|teampreview|4\n|inactive|Battle timer is ON: inactive players will automatically lose when time's up. (requested by lucca15404)\n|inactive|Quaza15 has 60 seconds left.\n|\n|t:|1776458477\n|teamsize|p1|4\n|teamsize|p2|4\n|start\n|switch|p1a: Kingambit|Kingambit, L50, M|100/100\n|switch|p1b: Mamoswine|Mamoswine, L50, F|100/100\n|switch|p2a: Aerodactyl|Aerodactyl, L50, M|100/100\n|switch|p2b: Delphox|Delphox, L50, F|100/100\n|-ability|p2a: Aerodactyl|Unnerve\n|turn|1\n|\n|t:|1776458488\n|detailschange|p2b: Delphox|Delphox-Mega, L50, F\n|-mega|p2b: Delphox|Delphox|Delphoxite\n|move|p2b: Delphox|Heat Wave|p1b: Mamoswine|[spread] p1a,p1b\n|-supereffective|p1a: Kingambit|1\n|-supereffective|p1b: Mamoswine|1\n|-damage|p1a: Kingambit|14/100\n|-damage|p1b: Mamoswine|0 fnt\n|faint|p1b: Mamoswine\n|move|p2a: Aerodactyl|Rock Slide|p1a: Kingambit\n|-resisted|p1a: Kingambit|1\n|-damage|p1a: Kingambit|4/100\n|cant|p1a: Kingambit|flinch\n|\n|upkeep\n|\n|t:|1776458503\n|switch|p1b: Rotom|Rotom-Wash, L50|100/100\n|turn|2\n|\n|t:|1776458513\n|move|p1a: Kingambit|Sucker Punch|p2a: Aerodactyl\n|-damage|p2a: Aerodactyl|41/100\n|move|p1b: Rotom|Electroweb|p2b: Delphox|[spread] p2a,p2b\n|-supereffective|p2a: Aerodactyl|1\n|-damage|p2a: Aerodactyl|0 fnt\n|-damage|p2b: Delphox|88/100\n|-unboost|p2b: Delphox|spe|1\n|faint|p2a: Aerodactyl\n|move|p2b: Delphox|Psychic|p1b: Rotom\n|-damage|p1b: Rotom|35/100\n|\n|upkeep\n|\n|t:|1776458522\n|switch|p2a: Garchomp|Garchomp, L50, M|100/100\n|turn|3\n|\n|t:|1776458531\n|switch|p1b: Aerodactyl|Aerodactyl, L50, M|100/100\n|-ability|p1b: Aerodactyl|Unnerve\n|switch|p2b: Clefable|Clefable, L50, M|100/100\n|move|p1a: Kingambit|Sucker Punch||[still]\n|-fail|p1a: Kingambit\n|move|p2a: Garchomp|Breaking Swipe|p1a: Kingambit|[spread] p1a,p1b\n|-resisted|p1a: Kingambit|1\n|-damage|p1a: Kingambit|0 fnt\n|-damage|p1b: Aerodactyl|63/100\n|-unboost|p1b: Aerodactyl|atk|1\n|faint|p1a: Kingambit\n|\n|upkeep\n|\n|t:|1776458537\n|switch|p1a: Rotom|Rotom-Wash, L50|35/100\n|turn|4\n|\n|t:|1776458544\n|move|p2a: Garchomp|Breaking Swipe|p1b: Aerodactyl|[spread] p1a,p1b\n|-damage|p1a: Rotom|9/100\n|-damage|p1b: Aerodactyl|24/100\n|-unboost|p1a: Rotom|atk|1\n|-unboost|p1b: Aerodactyl|atk|1\n|move|p1a: Rotom|Hydro Pump|p2a: Garchomp\n|-damage|p2a: Garchomp|60/100\n|move|p1b: Aerodactyl|Rock Slide|p2a: Garchomp|[spread] p2a,p2b\n|-resisted|p2a: Garchomp|1\n|-damage|p2a: Garchomp|54/100\n|-damage|p2b: Clefable|72/100\n|cant|p2b: Clefable|flinch\n|\n|upkeep\n|turn|5\n|-message|Quaza15 forfeited.\n|\n|win|lucca15404\n|raw|Quaza15's rating: 1353 &rarr; <strong>1334</strong><br />(-19 for losing)\n|raw|lucca15404's rating: 1375 &rarr; <strong>1394</strong><br />(+19 for winning)\n",
  "uploadtime": 1776458549,
  "views": 61,
  "formatid": "gen9championsvgc2026regma",
  "rating": 1334,
  "private": 0,
  "password": null
}