{
  "id": "gen9championsvgc2026regma-2586867446",
  "format": "[Gen 9 Champions] VGC 2026 Reg M-A",
  "players": [
    "Jksdkl",
    "Millygan15"
  ],
  "log": "|j|\u2606Jksdkl\n|j|\u2606Millygan15\n|t:|1776466779\n|gametype|doubles\n|player|p1|Jksdkl|1|1044\n|player|p2|Millygan15|volkner|1090\n|gen|9\n|tier|[Gen 9 Champions] VGC 2026 Reg M-A\n|rated|\n|rule|Species Clause: Limit one of each Pok\u00e9mon\n|rule|Item Clause: Limit 1 of each item\n|clearpoke\n|poke|p1|Charizard, L50, M|\n|poke|p1|Garchomp, L50, M|\n|poke|p1|Sneasler, L50, F|\n|poke|p1|Whimsicott, L50, M|\n|poke|p1|Kingambit, L50, M|\n|poke|p1|Farigiraf, L50, M|\n|poke|p2|Zoroark-Hisui, L50, F|\n|poke|p2|Ditto, L50|\n|poke|p2|Incineroar, L50, F|\n|poke|p2|Dragonite, L50, F|\n|poke|p2|Rotom-Wash, L50|\n|poke|p2|Sneasler, L50, F|\n|teampreview|4\n|inactive|Battle timer is ON: inactive players will automatically lose when time's up. (requested by Millygan15)\nMillygan15 rejected open team sheets.\n|\n|t:|1776466807\n|teamsize|p1|4\n|teamsize|p2|4\n|start\n|switch|p1a: Sneasler|Sneasler, L50, F|100/100\n|switch|p1b: Charizard|Charizard, L50, M|100/100\n|switch|p2a: Sneasler|Sneasler, L50, F|100/100\n|switch|p2b: Ditto|Ditto, L50|100/100\n|-transform|p2b: Ditto|p1a: Sneasler|[from] ability: Imposter\n|turn|1\n|\n|t:|1776466819\n|detailschange|p1b: Charizard|Charizard-Mega-Y, L50, M\n|-mega|p1b: Charizard|Charizard|Charizardite Y\n|-weather|SunnyDay|[from] ability: Drought|[of] p1b: Charizard\n|move|p1a: Sneasler|Fake Out|p2a: Sneasler\n|-immune|p2a: Sneasler\n|move|p2b: Ditto|Fake Out|p1b: Charizard\n|-damage|p1b: Charizard|80/100\n|move|p2a: Sneasler|Icy Wind|p1b: Charizard|[spread] p1a,p1b\n|-damage|p1a: Sneasler|84/100\n|-damage|p1b: Charizard|68/100\n|-unboost|p1a: Sneasler|spe|1\n|-unboost|p1b: Charizard|spe|1\n|-enditem|p1a: Sneasler|White Herb\n|-clearnegativeboost|p1a: Sneasler|[silent]\n|cant|p1b: Charizard|flinch\n|\n|-weather|SunnyDay|[upkeep]\n|upkeep\n|turn|2\n|\n|t:|1776466844\n|move|p1a: Sneasler|Dire Claw|p2a: Sneasler\n|-resisted|p2a: Sneasler|1\n|-damage|p2a: Sneasler|63/100\n|replace|p2a: Zoroark|Zoroark-Hisui, L50, F\n|-end|p2a: Zoroark|Illusion\n|move|p2a: Zoroark|Icy Wind|p1a: Sneasler|[spread] p1a,p1b\n|-damage|p1a: Sneasler|67/100\n|-damage|p1b: Charizard|55/100\n|-unboost|p1a: Sneasler|spe|1\n|-unboost|p1b: Charizard|spe|1\n|move|p2b: Ditto|Dire Claw|p1b: Charizard\n|-damage|p1b: Charizard|0 fnt\n|faint|p1b: Charizard\n|\n|-weather|SunnyDay|[upkeep]\n|upkeep\n|\n|t:|1776466869\n|switch|p1b: Farigiraf|Farigiraf, L50, M|100/100\n|turn|3\n|inactive|Millygan15 has 30 seconds left.\n|inactive|Millygan15 has 20 seconds left.\n|\n|t:|1776466904\n|switch|p1a: Kingambit|Kingambit, L50, M|100/100\n|move|p2a: Zoroark|Will-O-Wisp|p1a: Kingambit\n|-status|p1a: Kingambit|brn\n|move|p2b: Ditto|Dire Claw|p1b: Farigiraf\n|-damage|p1b: Farigiraf|60/100\n|-status|p1b: Farigiraf|psn\n|move|p1b: Farigiraf|Trick Room|p1b: Farigiraf\n|-fieldstart|move: Trick Room|[of] p1b: Farigiraf\n|\n|-weather|SunnyDay|[upkeep]\n|-damage|p1b: Farigiraf|48/100 psn|[from] psn\n|-damage|p1a: Kingambit|95/100 brn|[from] brn\n|upkeep\n|-enditem|p1b: Farigiraf|Sitrus Berry|[eat]\n|-heal|p1b: Farigiraf|73/100 psn|[from] item: Sitrus Berry\n|turn|4\n|\n|t:|1776466928\n|move|p1a: Kingambit|Protect|p1a: Kingambit\n|-singleturn|p1a: Kingambit|Protect\n|move|p1b: Farigiraf|Psychic|p2b: Ditto\n|-supereffective|p2b: Ditto|2\n|-enditem|p2b: Ditto|Focus Sash\n|-damage|p2b: Ditto|1/100\n|move|p2a: Zoroark|Bitter Malice|p1a: Kingambit\n|-activate|p1a: Kingambit|move: Protect\n|move|p2b: Ditto|Close Combat|p1a: Kingambit\n|-activate|p1a: Kingambit|move: Protect\n|\n|-weather|SunnyDay|[upkeep]\n|-damage|p1b: Farigiraf|60/100 psn|[from] psn\n|-damage|p1a: Kingambit|89/100 brn|[from] brn\n|upkeep\n|turn|5\n|\n|t:|1776466948\n|move|p2b: Ditto|Protect|p2b: Ditto\n|-singleturn|p2b: Ditto|Protect\n|move|p1a: Kingambit|Sucker Punch|p2a: Zoroark\n|-supereffective|p2a: Zoroark|1\n|-damage|p2a: Zoroark|0 fnt\n|faint|p2a: Zoroark\n|move|p1b: Farigiraf|Psychic|p2b: Ditto\n|-activate|p2b: Ditto|move: Protect\n|\n|-weather|none\n|-damage|p1b: Farigiraf|48/100 psn|[from] psn\n|-damage|p1a: Kingambit|83/100 brn|[from] brn\n|upkeep\n|\n|t:|1776466959\n|switch|p2a: Sneasler|Sneasler, L50, F|100/100\n|turn|6\n|\n|t:|1776466970\n|move|p1a: Kingambit|Protect|p1a: Kingambit\n|-singleturn|p1a: Kingambit|Protect\n|move|p2a: Sneasler|Fake Out||[still]\n|cant|p1b: Farigiraf|ability: Armor Tail|Fake Out|[of] p2a: Sneasler\n|move|p1b: Farigiraf|Psychic|p2a: Sneasler\n|-supereffective|p2a: Sneasler|2\n|-damage|p2a: Sneasler|0 fnt\n|faint|p2a: Sneasler\n|move|p2b: Ditto|Dire Claw|p1b: Farigiraf\n|-damage|p1b: Farigiraf|9/100 psn\n|\n|-damage|p1b: Farigiraf|0 fnt|[from] psn\n|faint|p1b: Farigiraf\n|-damage|p1a: Kingambit|77/100 brn|[from] brn\n|upkeep\n|\n|t:|1776466985\n|switch|p1b: Sneasler|Sneasler, L50, F|67/100\n|switch|p2a: Dragonite|Dragonite, L50, F|100/100\n|turn|7\n|\n|t:|1776466998\n|move|p2b: Ditto|Protect|p2b: Ditto\n|-singleturn|p2b: Ditto|Protect\n|move|p1b: Sneasler|Fake Out|p2a: Dragonite\n|-damage|p2a: Dragonite|82/100\n|move|p1a: Kingambit|Sucker Punch||[still]\n|-fail|p1a: Kingambit\n|move|p2a: Dragonite|Air Slash|p1b: Sneasler\n|-supereffective|p1b: Sneasler|1\n|-damage|p1b: Sneasler|0 fnt\n|faint|p1b: Sneasler\n|\n|-damage|p1a: Kingambit|72/100 brn|[from] brn\n|-fieldend|move: Trick Room\n|upkeep\n|turn|8\n|\n|t:|1776467018\n|detailschange|p2a: Dragonite|Dragonite-Mega, L50, F\n|-mega|p2a: Dragonite|Dragonite|Dragoninite\n|move|p1a: Kingambit|Sucker Punch|p2b: Ditto\n|-resisted|p2b: Ditto|1\n|-damage|p2b: Ditto|0 fnt\n|faint|p2b: Ditto\n|move|p2a: Dragonite|Roost|p2a: Dragonite\n|-heal|p2a: Dragonite|100/100\n|-singleturn|p2a: Dragonite|move: Roost\n|\n|-damage|p1a: Kingambit|66/100 brn|[from] brn\n|upkeep\n|turn|9\n|\n|t:|1776467041\n|move|p2a: Dragonite|Hydro Pump|p1a: Kingambit\n|-damage|p1a: Kingambit|23/100 brn\n|move|p1a: Kingambit|Kowtow Cleave|p2a: Dragonite\n|-damage|p2a: Dragonite|86/100\n|\n|-damage|p1a: Kingambit|17/100 brn|[from] brn\n|upkeep\n|turn|10\n|\n|t:|1776467050\n|move|p1a: Kingambit|Protect|p1a: Kingambit\n|-singleturn|p1a: Kingambit|Protect\n|move|p2a: Dragonite|Roost|p2a: Dragonite\n|-heal|p2a: Dragonite|100/100\n|-singleturn|p2a: Dragonite|move: Roost\n|\n|-damage|p1a: Kingambit|11/100 brn|[from] brn\n|upkeep\n|turn|11\n|-message|Jksdkl forfeited.\n|\n|win|Millygan15\n|raw|Jksdkl's rating: 1044 &rarr; <strong>1030</strong><br />(-14 for losing)\n|raw|Millygan15's rating: 1090 &rarr; <strong>1113</strong><br />(+23 for winning)\n|l|\u2606Jksdkl\n|player|p1|\n",
  "uploadtime": 1776467075,
  "views": 32,
  "formatid": "gen9championsvgc2026regma",
  "rating": 1030,
  "private": 0,
  "password": null
}