{
  "id": "gen9championsvgc2026regma-2582504342",
  "format": "[Gen 9 Champions] VGC 2026 Reg M-A",
  "players": [
    "Fneis",
    "battle sim trainer"
  ],
  "log": "|j|\u2606Fneis\n|j|\u2606battle sim trainer\n|t:|1776095911\n|gametype|doubles\n|player|p1|Fneis|265|1215\n|player|p2|battle sim trainer|turo|1115\n|gen|9\n|tier|[Gen 9 Champions] VGC 2026 Reg M-A\n|rated|\n|rule|Species Clause: Limit one of each Pok\u00e9mon\n|rule|Item Clause: Limit 1 of each item\n|clearpoke\n|poke|p1|Meganium, L50, M|\n|poke|p1|Dragonite, L50, M|\n|poke|p1|Archaludon, L50, M|\n|poke|p1|Pelipper, L50, M|\n|poke|p1|Basculegion, L50, M|\n|poke|p1|Sneasler, L50, M|\n|poke|p2|Gallade, L50, M|\n|poke|p2|Torkoal, L50, F|\n|poke|p2|Crabominable, L50, M|\n|poke|p2|Farigiraf, L50, F|\n|poke|p2|Kangaskhan, L50, F|\n|poke|p2|Sinistcha-Masterpiece, L50|\n|teampreview|4\n|inactive|Battle timer is ON: inactive players will automatically lose when time's up. (requested by Fneis)\n|inactive|Fneis has 60 seconds left.\n|inactive|battle sim trainer has 60 seconds left.\n|\n|t:|1776095954\n|teamsize|p1|4\n|teamsize|p2|4\n|start\n|switch|p1a: Sneasler|Sneasler, L50, M|100/100\n|switch|p1b: Basculegion|Basculegion, L50, M|100/100\n|switch|p2a: Sinistcha|Sinistcha-Masterpiece, L50|100/100\n|switch|p2b: Gallade|Gallade, L50, M|100/100\n|turn|1\n|inactive|Fneis has 30 seconds left.\n|\n|t:|1776095989\n|move|p1a: Sneasler|Fake Out|p2b: Gallade\n|-damage|p2b: Gallade|77/100\n|move|p1b: Basculegion|Flip Turn|p2b: Gallade\n|-damage|p2b: Gallade|18/100\n|\n|t:|1776095997\n|switch|p1b: Pelipper|Pelipper, L50, M|100/100|[from] Flip Turn\n|-weather|RainDance|[from] ability: Drizzle|[of] p1b: Pelipper\n|cant|p2b: Gallade|flinch\n|move|p2a: Sinistcha|Trick Room|p2a: Sinistcha\n|-fieldstart|move: Trick Room|[of] p2a: Sinistcha\n|\n|-weather|RainDance|[upkeep]\n|upkeep\n|turn|2\n|\n|t:|1776096009\n|switch|p2a: Torkoal|Torkoal, L50, F|100/100\n|-weather|SunnyDay|[from] ability: Drought|[of] p2a: Torkoal\n|move|p1a: Sneasler|Protect|p1a: Sneasler\n|-singleturn|p1a: Sneasler|Protect\n|move|p1b: Pelipper|Hurricane|p2b: Gallade\n|-supereffective|p2b: Gallade|1\n|-damage|p2b: Gallade|0 fnt\n|faint|p2b: Gallade\n|\n|-weather|SunnyDay|[upkeep]\n|upkeep\n|\n|t:|1776096025\n|switch|p2b: Crabominable|Crabominable, L50, M|100/100\n|turn|3\n|\n|t:|1776096040\n|switch|p1a: Dragonite|Dragonite, L50, M, shiny|100/100\n|detailschange|p2b: Crabominable|Crabominable-Mega, L50, M\n|-mega|p2b: Crabominable|Crabominable|Crabominite\n|move|p1b: Pelipper|Protect|p1b: Pelipper\n|-singleturn|p1b: Pelipper|Protect\n|move|p2a: Torkoal|Eruption|p1a: Dragonite|[spread] p1a\n|-activate|p1b: Pelipper|move: Protect\n|-resisted|p1a: Dragonite|1\n|-damage|p1a: Dragonite|76/100\n|move|p2b: Crabominable|Thunder Punch|p1b: Pelipper\n|-activate|p1b: Pelipper|move: Protect\n|\n|-weather|SunnyDay|[upkeep]\n|upkeep\n|turn|4\n|\n|t:|1776096057\n|switch|p1b: Sneasler|Sneasler, L50, M|100/100\n|detailschange|p1a: Dragonite|Dragonite-Mega, L50, M, shiny\n|-mega|p1a: Dragonite|Dragonite|Dragoninite\n|move|p1a: Dragonite|Protect|p1a: Dragonite\n|-singleturn|p1a: Dragonite|Protect\n|move|p2a: Torkoal|Eruption|p1a: Dragonite|[spread] p1b\n|-activate|p1a: Dragonite|move: Protect\n|-crit|p1b: Sneasler\n|-damage|p1b: Sneasler|0 fnt\n|faint|p1b: Sneasler\n|move|p2b: Crabominable|Ice Punch|p1a: Dragonite\n|-activate|p1a: Dragonite|move: Protect\n|\n|-weather|SunnyDay|[upkeep]\n|upkeep\n|\n|t:|1776096072\n|switch|p1b: Pelipper|Pelipper, L50, M|100/100\n|-weather|RainDance|[from] ability: Drizzle|[of] p1b: Pelipper\n|turn|5\n|\n|t:|1776096095\n|switch|p2a: Sinistcha|Sinistcha-Masterpiece, L50|100/100\n|move|p1b: Pelipper|Protect|p1b: Pelipper\n|-singleturn|p1b: Pelipper|Protect\n|move|p2b: Crabominable|Thunder Punch|p1a: Dragonite\n|-damage|p1a: Dragonite|38/100\n|move|p1a: Dragonite|Hurricane|p2b: Crabominable\n|-supereffective|p2b: Crabominable|1\n|-damage|p2b: Crabominable|0 fnt\n|faint|p2b: Crabominable\n|\n|-weather|RainDance|[upkeep]\n|-fieldend|move: Trick Room\n|upkeep\n|\n|t:|1776096104\n|switch|p2b: Torkoal|Torkoal, L50, F|100/100\n|-weather|SunnyDay|[from] ability: Drought|[of] p2b: Torkoal\n|turn|6\n|\n|t:|1776096111\n|move|p1a: Dragonite|Draco Meteor|p2a: Sinistcha\n|-damage|p2a: Sinistcha|19/100\n|-unboost|p1a: Dragonite|spa|2\n|move|p1b: Pelipper|Weather Ball|p2a: Sinistcha\n|-supereffective|p2a: Sinistcha|1\n|-damage|p2a: Sinistcha|0 fnt\n|faint|p2a: Sinistcha\n|move|p2b: Torkoal|Eruption|p1b: Pelipper|[spread] p1a,p1b\n|-resisted|p1a: Dragonite|1\n|-resisted|p1b: Pelipper|1\n|-damage|p1a: Dragonite|3/100\n|-damage|p1b: Pelipper|47/100\n|\n|-weather|SunnyDay|[upkeep]\n|upkeep\n|turn|7\n|-message|battle sim trainer forfeited.\n|\n|win|Fneis\n|raw|Fneis's rating: 1215 &rarr; <strong>1233</strong><br />(+18 for winning)\n|raw|battle sim trainer's rating: 1115 &rarr; <strong>1097</strong><br />(-18 for losing)\n",
  "uploadtime": 1776096123,
  "views": 10,
  "formatid": "gen9championsvgc2026regma",
  "rating": 1097,
  "private": 0,
  "password": null
}