{
  "id": "gen9championsvgc2026regma-2586400518",
  "format": "[Gen 9 Champions] VGC 2026 Reg M-A",
  "players": [
    "isabellissima",
    "aceac3"
  ],
  "log": "|j|\u2606isabellissima\n|j|\u2606aceac3\n|t:|1776431986\n|gametype|doubles\n|player|p1|isabellissima|170|1217\n|player|p2|aceac3|riley|1121\n|gen|9\n|tier|[Gen 9 Champions] VGC 2026 Reg M-A\n|rated|\n|rule|Species Clause: Limit one of each Pok\u00e9mon\n|rule|Item Clause: Limit 1 of each item\n|clearpoke\n|poke|p1|Incineroar, L50, F|\n|poke|p1|Gengar, L50, M|\n|poke|p1|Sneasler, L50, M|\n|poke|p1|Maushold-Four, L50|\n|poke|p1|Kommo-o, L50, M|\n|poke|p1|Politoed, L50, M|\n|poke|p2|Blastoise, L50, F|\n|poke|p2|Clefable, L50, F|\n|poke|p2|Heliolisk, L50, F|\n|poke|p2|Sinistcha-Masterpiece, L50|\n|poke|p2|Maushold-Four, L50|\n|poke|p2|Whimsicott, L50, M|\n|teampreview|4\naceac3 rejected open team sheets.\n|inactive|Battle timer is ON: inactive players will automatically lose when time's up. (requested by aceac3)\n|\n|t:|1776432026\n|teamsize|p1|4\n|teamsize|p2|4\n|start\n|switch|p1a: Incineroar|Incineroar, L50, F, shiny|100/100\n|switch|p1b: Gengar|Gengar, L50, M, shiny|100/100\n|switch|p2a: Heliolisk|Heliolisk, L50, F|100/100\n|switch|p2b: Clefable|Clefable, L50, F|100/100\n|-ability|p1a: Incineroar|Intimidate|boost\n|-unboost|p2a: Heliolisk|atk|1\n|-unboost|p2b: Clefable|atk|1\n|turn|1\n|\n|t:|1776432042\n|detailschange|p1b: Gengar|Gengar-Mega, L50, M, shiny\n|-mega|p1b: Gengar|Gengar|Gengarite\n|move|p2a: Heliolisk|Protect|p2a: Heliolisk\n|-singleturn|p2a: Heliolisk|Protect\n|move|p2b: Clefable|Protect|p2b: Clefable\n|-singleturn|p2b: Clefable|Protect\n|move|p1a: Incineroar|Fake Out|p2b: Clefable\n|-activate|p2b: Clefable|move: Protect\n|move|p1b: Gengar|Perish Song|p1b: Gengar\n|-start|p1a: Incineroar|perish3|[silent]\n|-start|p1b: Gengar|perish3|[silent]\n|-start|p2a: Heliolisk|perish3|[silent]\n|-start|p2b: Clefable|perish3|[silent]\n|-fieldactivate|move: Perish Song\n|\n|-start|p2a: Heliolisk|perish3\n|-start|p1b: Gengar|perish3\n|-start|p2b: Clefable|perish3\n|-start|p1a: Incineroar|perish3\n|upkeep\n|turn|2\n|\n|t:|1776432057\n|move|p1b: Gengar|Protect|p1b: Gengar\n|-singleturn|p1b: Gengar|Protect\n|move|p1a: Incineroar|Protect|p1a: Incineroar\n|-singleturn|p1a: Incineroar|Protect\n|move|p2b: Clefable|Follow Me|p2b: Clefable\n|-singleturn|p2b: Clefable|move: Follow Me\n|move|p2a: Heliolisk|Shed Tail|p2a: Heliolisk\n|-start|p2a: Heliolisk|Substitute|[from] move: Shed Tail\n|-damage|p2a: Heliolisk|50/100\n|\n|t:|1776432066\n|switch|p2a: Blastoise|Blastoise, L50, F|100/100|[from] Shed Tail\n|\n|-start|p1b: Gengar|perish2\n|-start|p2b: Clefable|perish2\n|-start|p1a: Incineroar|perish2\n|upkeep\n|turn|3\n|inactive|isabellissima has 30 seconds left.\n|\n|t:|1776432099\n|detailschange|p2a: Blastoise|Blastoise-Mega, L50, F\n|-mega|p2a: Blastoise|Blastoise|Blastoisinite\n|move|p2b: Clefable|Follow Me|p2b: Clefable\n|-singleturn|p2b: Clefable|move: Follow Me\n|move|p1b: Gengar|Perish Song|p1b: Gengar\n|-start|p2a: Blastoise|perish3|[silent]\n|-fieldactivate|move: Perish Song\n|move|p2a: Blastoise|Shell Smash|p2a: Blastoise\n|-unboost|p2a: Blastoise|def|1\n|-unboost|p2a: Blastoise|spd|1\n|-boost|p2a: Blastoise|atk|2\n|-boost|p2a: Blastoise|spa|2\n|-boost|p2a: Blastoise|spe|2\n|move|p1a: Incineroar|Throat Chop|p2b: Clefable\n|-resisted|p2b: Clefable|1\n|-damage|p2b: Clefable|83/100\n|-start|p2b: Clefable|Throat Chop|[silent]\n|\n|-start|p2a: Blastoise|perish3\n|-start|p1b: Gengar|perish1\n|-start|p2b: Clefable|perish1\n|-start|p1a: Incineroar|perish1\n|upkeep\n|turn|4\n|inactive|aceac3 has 30 seconds left.\n|\n|t:|1776432126\n|switch|p1b: Maushold|Maushold-Four, L50|100/100\n|move|p2a: Blastoise|Shell Smash|p2a: Blastoise\n|-unboost|p2a: Blastoise|def|1\n|-unboost|p2a: Blastoise|spd|1\n|-boost|p2a: Blastoise|atk|2\n|-boost|p2a: Blastoise|spa|2\n|-boost|p2a: Blastoise|spe|2\n|move|p2b: Clefable|Dazzling Gleam|p1b: Maushold|[spread] p1a,p1b\n|-damage|p1a: Incineroar|87/100\n|-damage|p1b: Maushold|76/100\n|move|p1a: Incineroar|Parting Shot|p2a: Blastoise\n|-unboost|p2a: Blastoise|atk|1\n|-unboost|p2a: Blastoise|spa|1\n|\n|t:|1776432139\n|switch|p1a: Gengar|Gengar-Mega, L50, M, shiny|100/100|[from] Parting Shot\n|\n|-end|p2b: Clefable|Throat Chop|[silent]\n|-start|p2a: Blastoise|perish2\n|-start|p2b: Clefable|perish0\n|upkeep\n|faint|p2b: Clefable\n|\n|t:|1776432146\n|switch|p2b: Whimsicott|Whimsicott, L50, M|100/100\n|turn|5\n|\n|t:|1776432158\n|move|p1b: Maushold|Protect|p1b: Maushold\n|-singleturn|p1b: Maushold|Protect\n|move|p1a: Gengar|Protect|p1a: Gengar\n|-singleturn|p1a: Gengar|Protect\n|move|p2b: Whimsicott|Fake Tears|p1a: Gengar\n|-activate|p1a: Gengar|move: Protect\n|move|p2a: Blastoise|Water Spout|p1a: Gengar|[spread] \n|-activate|p1a: Gengar|move: Protect\n|-activate|p1b: Maushold|move: Protect\n|\n|-start|p2a: Blastoise|perish1\n|upkeep\n|turn|6\n|inactive|isabellissima has 30 seconds left.\n|inactive|isabellissima has 20 seconds left.\n|\n|t:|1776432194\n|switch|p1a: Incineroar|Incineroar, L50, F, shiny|87/100\n|-ability|p1a: Incineroar|Intimidate|boost\n|-immune|p2a: Blastoise\n|-unboost|p2b: Whimsicott|atk|1\n|move|p2a: Blastoise|Water Spout|p1a: Incineroar|[spread] p1a,p1b\n|-supereffective|p1a: Incineroar|1\n|-crit|p1a: Incineroar\n|-damage|p1a: Incineroar|0 fnt\n|-damage|p1b: Maushold|0 fnt\n|faint|p1a: Incineroar\n|faint|p1b: Maushold\n|move|p2b: Whimsicott|Dazzling Gleam|p1: Incineroar|[notarget]\n|-fail|p2b: Whimsicott\n|\n|-start|p2a: Blastoise|perish0\n|upkeep\n|faint|p2a: Blastoise\n|\n|t:|1776432208\n|switch|p1b: Sneasler|Sneasler, L50, M|100/100\n|switch|p2a: Heliolisk|Heliolisk, L50, F|50/100\n|switch|p1a: Gengar|Gengar-Mega, L50, M, shiny|100/100\n|turn|7\n|\n|t:|1776432227\n|move|p2a: Heliolisk|Protect|p2a: Heliolisk\n|-singleturn|p2a: Heliolisk|Protect\n|move|p2b: Whimsicott|Fake Tears|p1a: Gengar\n|-unboost|p1a: Gengar|spd|2\n|move|p1a: Gengar|Shadow Ball|p2b: Whimsicott\n|-damage|p2b: Whimsicott|37/100\n|move|p1b: Sneasler|Dire Claw|p2b: Whimsicott\n|-supereffective|p2b: Whimsicott|2\n|-damage|p2b: Whimsicott|0 fnt\n|faint|p2b: Whimsicott\n|\n|upkeep\n|turn|8\n|\n|t:|1776432239\n|move|p1a: Gengar|Protect|p1a: Gengar\n|-singleturn|p1a: Gengar|Protect\n|move|p2a: Heliolisk|Thunderbolt|p1a: Gengar\n|-activate|p1a: Gengar|move: Protect\n|move|p1b: Sneasler|Close Combat|p2a: Heliolisk\n|-supereffective|p2a: Heliolisk|1\n|-damage|p2a: Heliolisk|0 fnt\n|-unboost|p1b: Sneasler|def|1\n|-unboost|p1b: Sneasler|spd|1\n|faint|p2a: Heliolisk\n|\n|win|isabellissima\n|raw|isabellissima's rating: 1217 &rarr; <strong>1235</strong><br />(+18 for winning)\n|raw|aceac3's rating: 1121 &rarr; <strong>1103</strong><br />(-18 for losing)\n",
  "uploadtime": 1776432247,
  "views": 44,
  "formatid": "gen9championsvgc2026regma",
  "rating": 1103,
  "private": 0,
  "password": null
}