{
  "id": "gen9championsvgc2026regma-2583837992",
  "format": "[Gen 9 Champions] VGC 2026 Reg M-A",
  "players": [
    "DrXJ13",
    "gigisayfan"
  ],
  "log": "|j|\u2606DrXJ13\n|j|\u2606gigisayfan\n|t:|1776201630\n|gametype|doubles\n|player|p1|DrXJ13|cyrus|1000\n|player|p2|gigisayfan|170|1000\n|gen|9\n|tier|[Gen 9 Champions] VGC 2026 Reg M-A\n|rated|\n|rule|Species Clause: Limit one of each Pok\u00e9mon\n|rule|Item Clause: Limit 1 of each item\n|clearpoke\n|poke|p1|Froslass, L50, F|\n|poke|p1|Volcarona, L50, F|\n|poke|p1|Sneasler, L50, F|\n|poke|p1|Maushold, L50|\n|poke|p1|Basculegion, L50, M|\n|poke|p1|Kingambit, L50, F|\n|poke|p2|Whimsicott, L50, M|\n|poke|p2|Basculegion, L50, M|\n|poke|p2|Sneasler, L50, F|\n|poke|p2|Incineroar, L50, M|\n|poke|p2|Froslass, L50, F|\n|poke|p2|Aerodactyl, L50, M|\n|teampreview|4\n|inactive|Battle timer is ON: inactive players will automatically lose when time's up. (requested by DrXJ13)\nDrXJ13 has agreed to open team sheets.\n|inactive|DrXJ13 has 60 seconds left.\n|inactive|gigisayfan has 60 seconds left.\n|inactive|DrXJ13 has 30 seconds left.\n|inactive|DrXJ13 has 20 seconds left.\n|\n|t:|1776201704\n|teamsize|p1|4\n|teamsize|p2|4\n|start\n|switch|p1a: Volcarona|Volcarona, L50, F|100/100\n|switch|p1b: Maushold|Maushold, L50|100/100\n|switch|p2a: Whimsicott|Whimsicott, L50, M|100/100\n|switch|p2b: Sneasler|Sneasler, L50, F|100/100\n|turn|1\n|inactive|gigisayfan has 30 seconds left.\n|\n|t:|1776201730\n|switch|p1b: Froslass|Froslass, L50, F|100/100\n|move|p2b: Sneasler|Fake Out|p1b: Froslass\n|-immune|p1b: Froslass\n|move|p2a: Whimsicott|Taunt|p1a: Volcarona\n|-start|p1a: Volcarona|move: Taunt\n|move|p1a: Volcarona|Heat Wave|p2a: Whimsicott|[spread] p2a,p2b\n|-supereffective|p2a: Whimsicott|1\n|-crit|p2b: Sneasler\n|-enditem|p2a: Whimsicott|Focus Sash\n|-damage|p2a: Whimsicott|1/100\n|-damage|p2b: Sneasler|25/100\n|\n|upkeep\n|turn|2\n|\n|t:|1776201754\n|switch|p1a: Kingambit|Kingambit, L50, F|100/100\n|detailschange|p1b: Froslass|Froslass-Mega, L50, F\n|-mega|p1b: Froslass|Froslass|Froslassite\n|-weather|Snowscape|[from] ability: Snow Warning|[of] p1b: Froslass\n|move|p2b: Sneasler|Protect|p2b: Sneasler\n|-singleturn|p2b: Sneasler|Protect\n|move|p2a: Whimsicott|Tailwind|p2a: Whimsicott\n|-sidestart|p2: gigisayfan|move: Tailwind\n|move|p1b: Froslass|Blizzard|p2b: Sneasler|[spread] p2a\n|-activate|p2b: Sneasler|move: Protect\n|-supereffective|p2a: Whimsicott|1\n|-damage|p2a: Whimsicott|0 fnt\n|faint|p2a: Whimsicott\n|\n|-weather|Snowscape|[upkeep]\n|upkeep\n|inactive|gigisayfan has 30 seconds left.\n|inactive|gigisayfan has 20 seconds left.\n|\n|t:|1776201790\n|switch|p2a: Aerodactyl|Aerodactyl, L50, M|100/100\n|-ability|p2a: Aerodactyl|Unnerve\n|turn|3\n|\n|t:|1776201800\n|detailschange|p2a: Aerodactyl|Aerodactyl-Mega, L50, M\n|-mega|p2a: Aerodactyl|Aerodactyl|Aerodactylite\n|move|p1a: Kingambit|Sucker Punch|p2b: Sneasler\n|-resisted|p2b: Sneasler|1\n|-damage|p2b: Sneasler|0 fnt\n|faint|p2b: Sneasler\n|move|p2a: Aerodactyl|Rock Slide|p1b: Froslass|[spread] p1a,p1b\n|-resisted|p1a: Kingambit|1\n|-supereffective|p1b: Froslass|1\n|-damage|p1a: Kingambit|89/100\n|-damage|p1b: Froslass|48/100\n|cant|p1b: Froslass|flinch\n|\n|-weather|Snowscape|[upkeep]\n|upkeep\n|\n|t:|1776201809\n|switch|p2b: Incineroar|Incineroar, L50, M|100/100\n|-ability|p2b: Incineroar|Intimidate|boost\n|-unboost|p1a: Kingambit|atk|1\n|-ability|p1a: Kingambit|Defiant|boost\n|-boost|p1a: Kingambit|atk|2\n|-unboost|p1b: Froslass|atk|1\n|turn|4\n|\n|t:|1776201824\n|move|p1a: Kingambit|Protect|p1a: Kingambit\n|-singleturn|p1a: Kingambit|Protect\n|move|p2b: Incineroar|Fake Out|p1a: Kingambit\n|-activate|p1a: Kingambit|move: Protect\n|move|p2a: Aerodactyl|Rock Slide|p1b: Froslass|[spread] p1b\n|-activate|p1a: Kingambit|move: Protect\n|-supereffective|p1b: Froslass|1\n|-damage|p1b: Froslass|0 fnt\n|faint|p1b: Froslass\n|\n|-weather|Snowscape|[upkeep]\n|upkeep\n|\n|t:|1776201835\n|switch|p1b: Maushold|Maushold, L50|100/100\n|turn|5\n|\n|t:|1776201848\n|move|p1b: Maushold|Follow Me|p1b: Maushold\n|-singleturn|p1b: Maushold|move: Follow Me\n|move|p2a: Aerodactyl|Rock Slide|p1a: Kingambit|[spread] \n|-miss|p2a: Aerodactyl|p1a: Kingambit\n|-miss|p2a: Aerodactyl|p1b: Maushold\n|move|p2b: Incineroar|Flare Blitz|p1b: Maushold\n|-damage|p1b: Maushold|41/100\n|-damage|p2b: Incineroar|84/100|[from] Recoil\n|move|p1a: Kingambit|Iron Head|p2a: Aerodactyl\n|-supereffective|p2a: Aerodactyl|1\n|-damage|p2a: Aerodactyl|0 fnt\n|faint|p2a: Aerodactyl\n|\n|-weather|Snowscape|[upkeep]\n|-sideend|p2: gigisayfan|move: Tailwind\n|upkeep\n|turn|6\n|inactive|DrXJ13 has 30 seconds left.\n|\n|t:|1776201875\n|move|p1b: Maushold|Follow Me|p1b: Maushold\n|-singleturn|p1b: Maushold|move: Follow Me\n|move|p2b: Incineroar|Flare Blitz|p1b: Maushold\n|-damage|p1b: Maushold|0 fnt\n|faint|p1b: Maushold\n|-damage|p2b: Incineroar|72/100|[from] Recoil\n|move|p1a: Kingambit|Iron Head|p2b: Incineroar\n|-resisted|p2b: Incineroar|1\n|-damage|p2b: Incineroar|40/100\n|-enditem|p2b: Incineroar|Sitrus Berry|[eat]\n|-heal|p2b: Incineroar|65/100|[from] item: Sitrus Berry\n|\n|-weather|none\n|upkeep\n|\n|t:|1776201883\n|switch|p1b: Volcarona|Volcarona, L50, F|100/100\n|turn|7\n|\n|t:|1776201900\n|move|p1b: Volcarona|Bug Buzz|p2b: Incineroar\n|-damage|p2b: Incineroar|26/100\n|move|p2b: Incineroar|Flare Blitz|p1a: Kingambit\n|-supereffective|p1a: Kingambit|1\n|-damage|p1a: Kingambit|11/100\n|-damage|p2b: Incineroar|0 fnt|[from] Recoil\n|faint|p2b: Incineroar\n|\n|win|DrXJ13\n",
  "uploadtime": 1776201632,
  "views": 22,
  "formatid": "gen9championsvgc2026regma",
  "rating": null,
  "private": 0,
  "password": null
}