{
  "id": "gen9championsvgc2026regma-2584537287",
  "format": "[Gen 9 Champions] VGC 2026 Reg M-A",
  "players": [
    "avgsdhkajsd",
    "alolanabsol711"
  ],
  "log": "|j|\u2606avgsdhkajsd\n|j|\u2606alolanabsol711\n|t:|1776267329\n|gametype|doubles\n|player|p1|avgsdhkajsd|alder|1036\n|player|p2|alolanabsol711|pokemaniac|1000\n|gen|9\n|tier|[Gen 9 Champions] VGC 2026 Reg M-A\n|rated|\n|rule|Species Clause: Limit one of each Pok\u00e9mon\n|rule|Item Clause: Limit 1 of each item\n|clearpoke\n|poke|p1|Meganium, L50, M|\n|poke|p1|Aerodactyl, L50, F|\n|poke|p1|Tauros-Paldea-Aqua, L50, M|\n|poke|p1|Archaludon, L50, M|\n|poke|p1|Typhlosion-Hisui, L50, M|\n|poke|p1|Kangaskhan, L50, F|\n|poke|p2|Incineroar, L50, F|\n|poke|p2|Sinistcha, L50|\n|poke|p2|Aerodactyl, L50, F|\n|poke|p2|Aggron, L50, F|\n|poke|p2|Floette-Eternal, L50, F|\n|poke|p2|Clefable, L50, F|\n|teampreview|4\n|inactive|Battle timer is ON: inactive players will automatically lose when time's up. (requested by avgsdhkajsd)\n|\n|t:|1776267343\n|teamsize|p1|4\n|teamsize|p2|4\n|start\n|switch|p1a: Aerodactyl|Aerodactyl, L50, F, shiny|100/100\n|switch|p1b: Kangaskhan|Kangaskhan, L50, F, shiny|100/100\n|switch|p2a: Aerodactyl|Aerodactyl, L50, F|100/100\n|switch|p2b: Floette|Floette-Eternal, L50, F|100/100\n|-ability|p1a: Aerodactyl|Unnerve\n|turn|1\n|\n|t:|1776267349\n|switch|p2b: Incineroar|Incineroar, L50, F, shiny|100/100\n|-ability|p2b: Incineroar|Intimidate|boost\n|-unboost|p1a: Aerodactyl|atk|1\n|-fail|p1b: Kangaskhan|unboost|Attack|[from] ability: Inner Focus|[of] p1b: Kangaskhan\n|detailschange|p1b: Kangaskhan|Kangaskhan-Mega, L50, F, shiny\n|-mega|p1b: Kangaskhan|Kangaskhan|Kangaskhanite\n|move|p1b: Kangaskhan|Fake Out|p2a: Aerodactyl\n|-resisted|p2a: Aerodactyl|1\n|-damage|p2a: Aerodactyl|83/100\n|-resisted|p2a: Aerodactyl|1\n|-damage|p2a: Aerodactyl|79/100\n|-hitcount|p2a: Aerodactyl|2\n|cant|p2a: Aerodactyl|flinch\n|move|p1a: Aerodactyl|Tailwind|p1a: Aerodactyl\n|-sidestart|p1: avgsdhkajsd|move: Tailwind\n|\n|upkeep\n|turn|2\n|\n|t:|1776267369\n|move|p2b: Incineroar|Fake Out|p1a: Aerodactyl\n|-resisted|p1a: Aerodactyl|1\n|-damage|p1a: Aerodactyl|92/100\n|cant|p1a: Aerodactyl|flinch\n|move|p1b: Kangaskhan|Low Kick|p2a: Aerodactyl\n|-damage|p2a: Aerodactyl|39/100\n|-damage|p2a: Aerodactyl|27/100\n|-hitcount|p2a: Aerodactyl|2\n|move|p2a: Aerodactyl|Tailwind|p2a: Aerodactyl\n|-sidestart|p2: alolanabsol711|move: Tailwind\n|\n|upkeep\n|turn|3\n|\n|t:|1776267383\n|switch|p1b: Archaludon|Archaludon, L50, M, shiny|100/100\n|move|p2a: Aerodactyl|Wide Guard|p2a: Aerodactyl\n|-singleturn|p2a: Aerodactyl|Wide Guard\n|move|p1a: Aerodactyl|Rock Slide|p2b: Incineroar|[spread] \n|-activate|p2a: Aerodactyl|move: Wide Guard\n|-activate|p2b: Incineroar|move: Wide Guard\n|move|p2b: Incineroar|Parting Shot|p1b: Archaludon\n|-unboost|p1b: Archaludon|atk|1\n|-unboost|p1b: Archaludon|spa|1\n|\n|t:|1776267405\n|switch|p2b: Clefable|Clefable, L50, F|100/100|[from] Parting Shot\n|\n|upkeep\n|turn|4\n|n|!avgsdhkajsd|avgsdhkajsd\n|\n|t:|1776267427\n|switch|p1a: Kangaskhan|Kangaskhan-Mega, L50, F, shiny|100/100\n|move|p1b: Archaludon|Protect|p1b: Archaludon\n|-singleturn|p1b: Archaludon|Protect\n|move|p2b: Clefable|Protect|p2b: Clefable\n|-singleturn|p2b: Clefable|Protect\n|move|p2a: Aerodactyl|Wide Guard||[still]\n|-fail|p2a: Aerodactyl\n|\n|-sideend|p1: avgsdhkajsd|move: Tailwind\n|upkeep\n|turn|5\n|\n|t:|1776267440\n|switch|p1b: Aerodactyl|Aerodactyl, L50, F, shiny|92/100\n|-ability|p1b: Aerodactyl|Unnerve\n|move|p2a: Aerodactyl|Protect|p2a: Aerodactyl\n|-singleturn|p2a: Aerodactyl|Protect\n|move|p1a: Kangaskhan|Fake Out|p2a: Aerodactyl\n|-activate|p2a: Aerodactyl|move: Protect\n|move|p2b: Clefable|Moonblast|p1b: Aerodactyl\n|-damage|p1b: Aerodactyl|44/100\n|\n|-sideend|p2: alolanabsol711|move: Tailwind\n|upkeep\n|turn|6\n|\n|t:|1776267459\n|move|p2a: Aerodactyl|Tailwind|p2a: Aerodactyl\n|-sidestart|p2: alolanabsol711|move: Tailwind\n|move|p1b: Aerodactyl|Tailwind|p1b: Aerodactyl\n|-sidestart|p1: avgsdhkajsd|move: Tailwind\n|move|p1a: Kangaskhan|Double-Edge|p2a: Aerodactyl\n|-resisted|p2a: Aerodactyl|1\n|-damage|p2a: Aerodactyl|0 fnt\n|faint|p2a: Aerodactyl\n|-hitcount|p2: Aerodactyl|1\n|-damage|p1a: Kangaskhan|93/100|[from] Recoil\n|move|p2b: Clefable|Hyper Voice|p1b: Aerodactyl|[spread] p1a,p1b\n|-resisted|p1b: Aerodactyl|1\n|-damage|p1a: Kangaskhan|79/100\n|-damage|p1b: Aerodactyl|34/100\n|\n|upkeep\n|\n|t:|1776267468\n|switch|p2a: Floette|Floette-Eternal, L50, F|100/100\n|turn|7\n|\n|t:|1776267479\n|detailschange|p2a: Floette|Floette-Mega, L50, F\n|-mega|p2a: Floette|Floette|Floettite\n|-ability|p2a: Floette|Fairy Aura\n|move|p2b: Clefable|Follow Me|p2b: Clefable\n|-singleturn|p2b: Clefable|move: Follow Me\n|move|p1b: Aerodactyl|Rock Slide|p2b: Clefable|[spread] p2a,p2b\n|-damage|p2a: Floette|75/100\n|-damage|p2b: Clefable|69/100\n|move|p1a: Kangaskhan|Double-Edge|p2b: Clefable\n|-damage|p2b: Clefable|0 fnt\n|faint|p2b: Clefable\n|-hitcount|p2: Clefable|1\n|-damage|p1a: Kangaskhan|53/100|[from] Recoil\n|move|p2a: Floette|Dazzling Gleam|p1b: Aerodactyl|[spread] p1a,p1b\n|-damage|p1a: Kangaskhan|4/100\n|-damage|p1b: Aerodactyl|0 fnt\n|faint|p1b: Aerodactyl\n|\n|upkeep\n|\n|t:|1776267495\n|switch|p1b: Typhlosion|Typhlosion-Hisui, L50, M, shiny|100/100\n|switch|p2b: Incineroar|Incineroar, L50, F, shiny|100/100\n|-item|p2a: Floette|Floettite|[from] ability: Frisk|[of] p1b: Typhlosion\n|-item|p2b: Incineroar|Sitrus Berry|[from] ability: Frisk|[of] p1b: Typhlosion\n|-ability|p2b: Incineroar|Intimidate|boost\n|-unboost|p1a: Kangaskhan|atk|1\n|-unboost|p1b: Typhlosion|atk|1\n|turn|8\n|\n|t:|1776267504\n|move|p2b: Incineroar|Fake Out|p1a: Kangaskhan\n|-damage|p1a: Kangaskhan|0 fnt\n|faint|p1a: Kangaskhan\n|move|p1b: Typhlosion|Eruption|p2a: Floette|[spread] p2a,p2b\n|-resisted|p2b: Incineroar|1\n|-crit|p2b: Incineroar\n|-damage|p2a: Floette|36/100\n|-damage|p2b: Incineroar|71/100\n|move|p2a: Floette|Moonblast|p1b: Typhlosion\n|-resisted|p1b: Typhlosion|1\n|-damage|p1b: Typhlosion|44/100\n|\n|upkeep\n|\n|t:|1776267511\n|switch|p1a: Archaludon|Archaludon, L50, M, shiny|100/100\n|turn|9\n|\n|t:|1776267520\n|move|p1a: Archaludon|Protect|p1a: Archaludon\n|-singleturn|p1a: Archaludon|Protect\n|move|p1b: Typhlosion|Eruption|p2b: Incineroar|[spread] p2a,p2b\n|-resisted|p2b: Incineroar|1\n|-damage|p2a: Floette|20/100\n|-damage|p2b: Incineroar|62/100\n|move|p2a: Floette|Moonblast|p1a: Archaludon\n|-activate|p1a: Archaludon|move: Protect\n|move|p2b: Incineroar|Flare Blitz|p1a: Archaludon\n|-activate|p1a: Archaludon|move: Protect\n|\n|-sideend|p2: alolanabsol711|move: Tailwind\n|-sideend|p1: avgsdhkajsd|move: Tailwind\n|upkeep\n|turn|10\n|\n|t:|1776267527\n|move|p1b: Typhlosion|Eruption|p2a: Floette|[spread] p2a,p2b\n|-resisted|p2b: Incineroar|1\n|-damage|p2a: Floette|3/100\n|-damage|p2b: Incineroar|53/100\n|move|p1a: Archaludon|Flash Cannon|p2a: Floette\n|-supereffective|p2a: Floette|1\n|-damage|p2a: Floette|0 fnt\n|faint|p2a: Floette\n|move|p2b: Incineroar|Flare Blitz|p1a: Archaludon\n|-damage|p1a: Archaludon|60/100\n|-damage|p2b: Incineroar|43/100|[from] Recoil\n|-enditem|p2b: Incineroar|Sitrus Berry|[eat]\n|-heal|p2b: Incineroar|67/100|[from] item: Sitrus Berry\n|\n|upkeep\n|turn|11\n|-message|alolanabsol711 forfeited.\n|\n|win|avgsdhkajsd\n",
  "uploadtime": 1776267408,
  "views": 21,
  "formatid": "gen9championsvgc2026regma",
  "rating": null,
  "private": 0,
  "password": null
}