{
  "id": "gen9championsvgc2026regma-2585102654",
  "format": "[Gen 9 Champions] VGC 2026 Reg M-A",
  "players": [
    "Amukhan",
    "moxhi"
  ],
  "log": "|j|\u2606Amukhan\n|j|\u2606moxhi\n|t:|1776312042\n|gametype|doubles\n|player|p1|Amukhan|ingo|1129\n|player|p2|moxhi|cynthia|1193\n|gen|9\n|tier|[Gen 9 Champions] VGC 2026 Reg M-A\n|rated|\n|rule|Species Clause: Limit one of each Pok\u00e9mon\n|rule|Item Clause: Limit 1 of each item\n|clearpoke\n|poke|p1|Whimsicott, L50, F|\n|poke|p1|Tyranitar, L50, F|\n|poke|p1|Garchomp, L50, F|\n|poke|p1|Basculegion, L50, M|\n|poke|p1|Glimmora, L50, F|\n|poke|p1|Corviknight, L50, M|\n|poke|p2|Aegislash, L50, M|\n|poke|p2|Milotic, L50, M|\n|poke|p2|Whimsicott, L50, M|\n|poke|p2|Talonflame, L50, F|\n|poke|p2|Glimmora, L50, M|\n|poke|p2|Garchomp, L50, M|\n|teampreview|4\nmoxhi rejected open team sheets.\n|inactive|Battle timer is ON: inactive players will automatically lose when time's up. (requested by moxhi)\n|inactive|Amukhan has 60 seconds left.\n|inactive|moxhi has 60 seconds left.\n|inactive|Amukhan has 30 seconds left.\n|inactive|moxhi has 30 seconds left.\n|inactive|Amukhan has 20 seconds left.\n|inactive|moxhi has 20 seconds left.\n|\n|t:|1776312132\n|teamsize|p1|4\n|teamsize|p2|4\n|start\n|switch|p1a: Whimsicott|Whimsicott, L50, F, shiny|100/100\n|switch|p1b: Glimmora|Glimmora, L50, F, shiny|100/100\n|switch|p2a: Milotic|Milotic, L50, M|100/100\n|switch|p2b: Garchomp|Garchomp, L50, M|100/100\n|turn|1\n|inactive|Amukhan has 30 seconds left.\n|\n|t:|1776312160\n|move|p1b: Glimmora|Spiky Shield|p1b: Glimmora\n|-singleturn|p1b: Glimmora|move: Protect\n|move|p1a: Whimsicott|Tailwind|p1a: Whimsicott\n|-sidestart|p1: Amukhan|move: Tailwind\n|move|p2b: Garchomp|Earthquake|p1a: Whimsicott|[spread] p2a,p1a\n|-activate|p1b: Glimmora|move: Protect\n|-resisted|p1a: Whimsicott|1\n|-damage|p2a: Milotic|55/100\n|-damage|p1a: Whimsicott|79/100\n|move|p2a: Milotic|Ice Beam|p1a: Whimsicott\n|-supereffective|p1a: Whimsicott|1\n|-damage|p1a: Whimsicott|5/100\n|\n|upkeep\n|turn|2\n|l|\u2606Amukhan\n|inactive|Amukhan disconnected and has a minute to reconnect!\n|player|p1|\n|j|\u2606Amukhan\n|inactive|Amukhan reconnected and has 35 seconds left.\n|player|p1|Amukhan|ingo|\n|inactive|Amukhan has 30 seconds left.\n|\n|t:|1776312190\n|detailschange|p1b: Glimmora|Glimmora-Mega, L50, F, shiny\n|-mega|p1b: Glimmora|Glimmora|Glimmoranite\n|move|p1a: Whimsicott|Fake Tears|p2b: Garchomp\n|-unboost|p2b: Garchomp|spd|2\n|-enditem|p2b: Garchomp|White Herb\n|-clearnegativeboost|p2b: Garchomp|[silent]\n|move|p1b: Glimmora|Dazzling Gleam|p2b: Garchomp|[spread] p2a,p2b\n|-supereffective|p2b: Garchomp|1\n|-damage|p2a: Milotic|36/100\n|-damage|p2b: Garchomp|46/100\n|-enditem|p2a: Milotic|Sitrus Berry|[eat]\n|-heal|p2a: Milotic|61/100|[from] item: Sitrus Berry\n|move|p2b: Garchomp|Rock Slide|p1b: Glimmora|[spread] p1a,p1b\n|-damage|p1a: Whimsicott|0 fnt\n|-damage|p1b: Glimmora|82/100\n|faint|p1a: Whimsicott\n|move|p2a: Milotic|Muddy Water|p1b: Glimmora\n|-supereffective|p1b: Glimmora|1\n|-damage|p1b: Glimmora|8/100\n|\n|upkeep\n|\n|t:|1776312210\n|switch|p1a: Tyranitar|Tyranitar, L50, F|100/100\n|-weather|Sandstorm|[from] ability: Sand Stream|[of] p1a: Tyranitar\n|turn|3\n|\n|t:|1776312224\n|move|p2b: Garchomp|Protect|p2b: Garchomp\n|-singleturn|p2b: Garchomp|Protect\n|move|p1a: Tyranitar|Dragon Dance|p1a: Tyranitar\n|-boost|p1a: Tyranitar|atk|1\n|-boost|p1a: Tyranitar|spe|1\n|move|p1b: Glimmora|Dazzling Gleam|p2a: Milotic|[spread] p2a\n|-activate|p2b: Garchomp|move: Protect\n|-damage|p2a: Milotic|41/100\n|move|p2a: Milotic|Muddy Water|p1a: Tyranitar|[spread] p1a,p1b\n|-supereffective|p1a: Tyranitar|1\n|-supereffective|p1b: Glimmora|1\n|-damage|p1a: Tyranitar|62/100\n|-damage|p1b: Glimmora|0 fnt\n|-unboost|p1a: Tyranitar|accuracy|1\n|faint|p1b: Glimmora\n|\n|-weather|Sandstorm|[upkeep]\n|-damage|p2a: Milotic|35/100|[from] Sandstorm\n|upkeep\n|\n|t:|1776312227\n|switch|p1b: Corviknight|Corviknight, L50, M, shiny|100/100\n|turn|4\n|\n|t:|1776312246\n|move|p2a: Milotic|Protect|p2a: Milotic\n|-singleturn|p2a: Milotic|Protect\n|move|p1a: Tyranitar|Knock Off|p2b: Garchomp\n|-damage|p2b: Garchomp|0 fnt\n|-damage|p1a: Tyranitar|50/100|[from] ability: Rough Skin|[of] p2b: Garchomp\n|faint|p2b: Garchomp\n|move|p1b: Corviknight|Drill Peck|p2a: Milotic\n|-activate|p2a: Milotic|move: Protect\n|\n|-weather|Sandstorm|[upkeep]\n|-damage|p2a: Milotic|29/100|[from] Sandstorm\n|-sideend|p1: Amukhan|move: Tailwind\n|upkeep\n|\n|t:|1776312260\n|switch|p2b: Aegislash|Aegislash, L50, M|100/100\n|turn|5\n|\n|t:|1776312274\n|move|p1a: Tyranitar|Knock Off|p2b: Aegislash\n|-supereffective|p2b: Aegislash|1\n|-damage|p2b: Aegislash|0 fnt\n|-enditem|p2b: Aegislash|Spell Tag|[from] move: Knock Off|[of] p1a: Tyranitar\n|faint|p2b: Aegislash\n|move|p2a: Milotic|Muddy Water|p1b: Corviknight|[spread] p1b\n|-miss|p2a: Milotic|p1a: Tyranitar\n|-damage|p1b: Corviknight|77/100\n|move|p1b: Corviknight|Drill Peck|p2a: Milotic\n|-damage|p2a: Milotic|0 fnt\n|faint|p2a: Milotic\n|\n|-weather|Sandstorm|[upkeep]\n|-heal|p1b: Corviknight|83/100|[from] item: Leftovers\n|upkeep\n|\n|t:|1776312286\n|switch|p2b: Glimmora|Glimmora, L50, M|100/100\n|turn|6\n|c|\u2606moxhi|gg\n|\n|t:|1776312296\n|detailschange|p2b: Glimmora|Glimmora-Mega, L50, M\n|-mega|p2b: Glimmora|Glimmora|Glimmoranite\n|move|p1a: Tyranitar|Protect|p1a: Tyranitar\n|-singleturn|p1a: Tyranitar|Protect\n|move|p2b: Glimmora|Earth Power|p1a: Tyranitar\n|-activate|p1a: Tyranitar|move: Protect\n|move|p1b: Corviknight|Tailwind|p1b: Corviknight\n|-sidestart|p1: Amukhan|move: Tailwind\n|\n|-weather|Sandstorm|[upkeep]\n|-heal|p1b: Corviknight|89/100|[from] item: Leftovers\n|upkeep\n|turn|7\n|c|\u2606moxhi|i trolled by not going eq\n|\n|t:|1776312311\n|move|p1a: Tyranitar|Knock Off|p2b: Glimmora|[miss]\n|-miss|p1a: Tyranitar|p2b: Glimmora\n|move|p1b: Corviknight|Iron Head|p2b: Glimmora\n|-supereffective|p2b: Glimmora|1\n|-damage|p2b: Glimmora|43/100\n|move|p2b: Glimmora|Earth Power|p1a: Tyranitar\n|-supereffective|p1a: Tyranitar|1\n|-crit|p1a: Tyranitar\n|-damage|p1a: Tyranitar|0 fnt\n|faint|p1a: Tyranitar\n|\n|-weather|none\n|-heal|p1b: Corviknight|95/100|[from] item: Leftovers\n|upkeep\n|turn|8\n|\n|t:|1776312325\n|move|p1b: Corviknight|Iron Head|p2b: Glimmora\n|-supereffective|p2b: Glimmora|1\n|-damage|p2b: Glimmora|0 fnt\n|faint|p2b: Glimmora\n|\n|win|Amukhan\n|raw|Amukhan's rating: 1129 &rarr; <strong>1159</strong><br />(+30 for winning)\n|raw|moxhi's rating: 1193 &rarr; <strong>1163</strong><br />(-30 for losing)\n|l|\u2606moxhi\n|player|p2|\n|c|\u2606Amukhan|Gg\n",
  "uploadtime": 1776312334,
  "views": 17,
  "formatid": "gen9championsvgc2026regma",
  "rating": 1159,
  "private": 0,
  "password": null
}