{
  "id": "gen9championsvgc2026regma-2584912526",
  "format": "[Gen 9 Champions] VGC 2026 Reg M-A",
  "players": [
    "SorcererBadgerTG",
    "toastydays"
  ],
  "log": "|j|\u2606SorcererBadgerTG\n|j|\u2606toastydays\n|t:|1776293899\n|gametype|doubles\n|player|p1|SorcererBadgerTG|170|1086\n|player|p2|toastydays|266|1082\n|gen|9\n|tier|[Gen 9 Champions] VGC 2026 Reg M-A\n|rated|\n|rule|Species Clause: Limit one of each Pok\u00e9mon\n|rule|Item Clause: Limit 1 of each item\n|clearpoke\n|poke|p1|Tyranitar, L50, M|\n|poke|p1|Glimmora, L50, M|\n|poke|p1|Runerigus, L50, F|\n|poke|p1|Sinistcha-Masterpiece, L50|\n|poke|p1|Froslass, L50, F|\n|poke|p1|Infernape, L50, M|\n|poke|p2|Espathra, L50, M|\n|poke|p2|Heliolisk, L50, F|\n|poke|p2|Jolteon, L50, M|\n|poke|p2|Charizard, L50, F|\n|poke|p2|Kleavor, L50, M|\n|poke|p2|Empoleon, L50, F|\n|teampreview|4\n|inactive|Battle timer is ON: inactive players will automatically lose when time's up. (requested by SorcererBadgerTG)\n|inactive|SorcererBadgerTG has 60 seconds left.\n|\n|t:|1776293937\n|teamsize|p1|4\n|teamsize|p2|4\n|start\n|switch|p1a: Runerigus|Runerigus, L50, F|100/100\n|switch|p1b: Infernape|Infernape, L50, M|100/100\n|switch|p2a: Espathra|Espathra, L50, M|100/100\n|switch|p2b: Jolteon|Jolteon, L50, M|100/100\n|turn|1\n|inactive|toastydays has 30 seconds left.\n|\n|t:|1776293963\n|move|p2a: Espathra|Protect|p2a: Espathra\n|-singleturn|p2a: Espathra|Protect\n|move|p1b: Infernape|Coaching|p1a: Runerigus\n|-boost|p1a: Runerigus|atk|1\n|-boost|p1a: Runerigus|def|1\n|move|p2b: Jolteon|Shadow Ball|p1a: Runerigus\n|-supereffective|p1a: Runerigus|1\n|-damage|p1a: Runerigus|68/100\n|move|p1a: Runerigus|Trick Room|p1a: Runerigus\n|-fieldstart|move: Trick Room|[of] p1a: Runerigus\n|\n|-heal|p1a: Runerigus|74/100|[from] item: Leftovers\n|-ability|p2a: Espathra|Speed Boost|boost\n|-boost|p2a: Espathra|spe|1\n|upkeep\n|turn|2\n|inactive|toastydays has 30 seconds left.\n|\n|t:|1776293996\n|switch|p1b: Sinistcha|Sinistcha-Masterpiece, L50|100/100\n|-heal|p1a: Runerigus|99/100|[from] ability: Hospitality|[of] p1b: Sinistcha\n|move|p1a: Runerigus|Phantom Force||[still]\n|-prepare|p1a: Runerigus|Phantom Force\n|move|p2b: Jolteon|Shadow Ball|p1a: Runerigus|[miss]\n|-miss|p2b: Jolteon|p1a: Runerigus\n|move|p2a: Espathra|Lumina Crash|p1b: Sinistcha\n|-damage|p1b: Sinistcha|45/100\n|-unboost|p1b: Sinistcha|spd|2\n|-enditem|p1b: Sinistcha|Sitrus Berry|[eat]\n|-heal|p1b: Sinistcha|70/100|[from] item: Sitrus Berry\n|\n|-heal|p1a: Runerigus|100/100|[from] item: Leftovers\n|-ability|p2a: Espathra|Speed Boost|boost\n|-boost|p2a: Espathra|spe|1\n|upkeep\n|turn|3\n|inactive|toastydays has 30 seconds left.\n|\n|t:|1776294022\n|move|p1b: Sinistcha|Protect|p1b: Sinistcha\n|-singleturn|p1b: Sinistcha|Protect\n|move|p1a: Runerigus|Phantom Force|p2a: Espathra|[from] lockedmove\n|-supereffective|p2a: Espathra|1\n|-damage|p2a: Espathra|0 fnt\n|faint|p2a: Espathra\n|move|p2b: Jolteon|Electric Terrain|p2b: Jolteon\n|-fieldstart|move: Electric Terrain\n|\n|upkeep\n|\n|t:|1776294030\n|switch|p2a: Heliolisk|Heliolisk, L50, F|100/100\n|turn|4\n|inactive|toastydays has 30 seconds left.\n|inactive|toastydays has 20 seconds left.\n|inactive|toastydays has 15 seconds left.\n|\n|t:|1776294072\n|switch|p1b: Glimmora|Glimmora, L50, M|100/100\n|move|p1a: Runerigus|Body Press|p2a: Heliolisk\n|-supereffective|p2a: Heliolisk|1\n|-damage|p2a: Heliolisk|0 fnt\n|faint|p2a: Heliolisk\n|move|p2b: Jolteon|Shadow Ball|p1b: Glimmora\n|-damage|p1b: Glimmora|76/100\n|-unboost|p1b: Glimmora|spd|1\n|\n|upkeep\n|\n|t:|1776294082\n|switch|p2a: Charizard|Charizard, L50, F|100/100\n|turn|5\n|inactive|SorcererBadgerTG has 30 seconds left.\n|inactive|SorcererBadgerTG has 20 seconds left.\n|inactive|SorcererBadgerTG has 15 seconds left.\n|\n|t:|1776294126\n|detailschange|p2a: Charizard|Charizard-Mega-Y, L50, F\n|-mega|p2a: Charizard|Charizard|Charizardite Y\n|-weather|SunnyDay|[from] ability: Drought|[of] p2a: Charizard\n|move|p1a: Runerigus|Phantom Force||[still]\n|-prepare|p1a: Runerigus|Phantom Force\n|move|p1b: Glimmora|Sludge Wave|p2b: Jolteon|[spread] p2a,p2b\n|-miss|p1b: Glimmora|p1a: Runerigus\n|-damage|p2a: Charizard|59/100\n|-damage|p2b: Jolteon|49/100\n|move|p2a: Charizard|Scorching Sands|p1b: Glimmora\n|-supereffective|p1b: Glimmora|2\n|-damage|p1b: Glimmora|0 fnt\n|faint|p1b: Glimmora\n|move|p2b: Jolteon|Shadow Ball|p1a: Runerigus|[miss]\n|-miss|p2b: Jolteon|p1a: Runerigus\n|\n|-weather|SunnyDay|[upkeep]\n|-fieldend|move: Trick Room\n|upkeep\n|\n|t:|1776294141\n|switch|p1b: Infernape|Infernape, L50, M|100/100\n|turn|6\n|\n|t:|1776294153\n|move|p1b: Infernape|Fire Punch|p2b: Jolteon\n|-damage|p2b: Jolteon|0 fnt\n|faint|p2b: Jolteon\n|move|p2a: Charizard|Solar Beam||[still]\n|-prepare|p2a: Charizard|Solar Beam\n|-anim|p2a: Charizard|Solar Beam|p1a: Runerigus|[miss]\n|-miss|p2a: Charizard|p1a: Runerigus\n|move|p1a: Runerigus|Phantom Force|p2a: Charizard|[from] lockedmove\n|-damage|p2a: Charizard|0 fnt\n|faint|p2a: Charizard\n|\n|win|SorcererBadgerTG\n|raw|SorcererBadgerTG's rating: 1086 &rarr; <strong>1113</strong><br />(+27 for winning)\n|raw|toastydays's rating: 1082 &rarr; <strong>1060</strong><br />(-22 for losing)\n|l|\u2606toastydays\n|player|p2|\n|l|\u2606SorcererBadgerTG\n|player|p1|\n|j|\u2606SorcererBadgerTG\n|player|p1|SorcererBadgerTG|170|\n",
  "uploadtime": 1776294375,
  "views": 20,
  "formatid": "gen9championsvgc2026regma",
  "rating": 1060,
  "private": 0,
  "password": null
}