{
  "id": "gen9championsvgc2026regma-2585876335",
  "format": "[Gen 9 Champions] VGC 2026 Reg M-A",
  "players": [
    "BroDontFuckWithMe",
    "RooftopUnovan"
  ],
  "log": "|j|\u2606BroDontFuckWithMe\n|j|\u2606RooftopUnovan\n|t:|1776377598\n|gametype|doubles\n|player|p1|BroDontFuckWithMe|169|1221\n|player|p2|RooftopUnovan|n|1233\n|gen|9\n|tier|[Gen 9 Champions] VGC 2026 Reg M-A\n|rated|\n|rule|Species Clause: Limit one of each Pok\u00e9mon\n|rule|Item Clause: Limit 1 of each item\n|clearpoke\n|poke|p1|Starmie, L50|\n|poke|p1|Rotom-Heat, L50|\n|poke|p1|Excadrill, L50, M|\n|poke|p1|Sinistcha, L50|\n|poke|p1|Tyranitar, L50, F|\n|poke|p1|Gardevoir, L50, M|\n|poke|p2|Pelipper, L50, M|\n|poke|p2|Archaludon, L50, M|\n|poke|p2|Basculegion, L50, M|\n|poke|p2|Meganium, L50, M|\n|poke|p2|Floette-Eternal, L50, F|\n|poke|p2|Incineroar, L50, F|\n|teampreview|4\n|inactive|Battle timer is ON: inactive players will automatically lose when time's up. (requested by RooftopUnovan)\n|\n|t:|1776377641\n|teamsize|p1|4\n|teamsize|p2|4\n|start\n|switch|p1a: Gardevoir|Gardevoir, L50, M|100/100\n|switch|p1b: Rotom|Rotom-Heat, L50|100/100\n|switch|p2a: Basculegion|Basculegion, L50, M, shiny|100/100\n|switch|p2b: Meganium|Meganium, L50, M, shiny|100/100\n|turn|1\n|inactive|RooftopUnovan has 30 seconds left.\n|\n|t:|1776377675\n|detailschange|p2b: Meganium|Meganium-Mega, L50, M, shiny\n|-mega|p2b: Meganium|Meganium|Meganiumite\n|move|p1a: Gardevoir|Icy Wind|p2b: Meganium|[spread] p2a,p2b\n|-resisted|p2a: Basculegion|1\n|-supereffective|p2b: Meganium|1\n|-damage|p2a: Basculegion|92/100\n|-damage|p2b: Meganium|75/100\n|-unboost|p2a: Basculegion|spe|1\n|-unboost|p2b: Meganium|spe|1\n|move|p2a: Basculegion|Flip Turn|p1a: Gardevoir\n|-damage|p1a: Gardevoir|34/100\n|\n|t:|1776377683\n|switch|p2a: Pelipper|Pelipper, L50, M, shiny|100/100|[from] Flip Turn\n|-weather|RainDance|[from] ability: Drizzle|[of] p2a: Pelipper\n|move|p1b: Rotom|Thunderbolt|p2a: Pelipper\n|-supereffective|p2a: Pelipper|2\n|-enditem|p2a: Pelipper|Focus Sash\n|-damage|p2a: Pelipper|1/100\n|move|p2b: Meganium|Dazzling Gleam|p1a: Gardevoir|[spread] p1a,p1b\n|-resisted|p1b: Rotom|1\n|-damage|p1a: Gardevoir|0 fnt\n|-damage|p1b: Rotom|81/100\n|faint|p1a: Gardevoir\n|\n|-weather|RainDance|[upkeep]\n|upkeep\n|\n|t:|1776377687\n|switch|p1a: Tyranitar|Tyranitar, L50, F|100/100\n|-weather|Sandstorm|[from] ability: Sand Stream|[of] p1a: Tyranitar\n|turn|2\n|inactive|RooftopUnovan has 30 seconds left.\n|\n|t:|1776377716\n|move|p2a: Pelipper|Wide Guard|p2a: Pelipper\n|-singleturn|p2a: Pelipper|Wide Guard\n|move|p1b: Rotom|Volt Switch|p2a: Pelipper\n|-supereffective|p2a: Pelipper|2\n|-damage|p2a: Pelipper|0 fnt\n|faint|p2a: Pelipper\n|\n|t:|1776377719\n|switch|p1b: Excadrill|Excadrill, L50, M|100/100|[from] Volt Switch\n|move|p1a: Tyranitar|Assurance|p2b: Meganium\n|-resisted|p2b: Meganium|1\n|-damage|p2b: Meganium|60/100\n|move|p2b: Meganium|Solar Beam||[still]\n|-prepare|p2b: Meganium|Solar Beam\n|-activate|p2b: Meganium|ability: Mega Sol\n|-anim|p2b: Meganium|Solar Beam|p1a: Tyranitar\n|-supereffective|p1a: Tyranitar|1\n|-damage|p1a: Tyranitar|0 fnt\n|faint|p1a: Tyranitar\n|\n|-weather|Sandstorm|[upkeep]\n|-damage|p2b: Meganium|54/100|[from] Sandstorm\n|upkeep\n|inactive|RooftopUnovan has 30 seconds left.\n|\n|t:|1776377747\n|switch|p2a: Basculegion|Basculegion, L50, M, shiny|92/100\n|switch|p1a: Rotom|Rotom-Heat, L50|81/100\n|turn|3\n|\n|t:|1776377766\n|move|p1a: Rotom|Protect|p1a: Rotom\n|-singleturn|p1a: Rotom|Protect\n|move|p1b: Excadrill|Earthquake|p2a: Basculegion|[spread] p2a,p2b\n|-activate|p1a: Rotom|move: Protect\n|-resisted|p2b: Meganium|1\n|-damage|p2a: Basculegion|31/100\n|-damage|p2b: Meganium|35/100\n|move|p2a: Basculegion|Flip Turn|p1a: Rotom\n|-activate|p1a: Rotom|move: Protect\n|move|p2b: Meganium|Solar Beam||[still]\n|-prepare|p2b: Meganium|Solar Beam\n|-activate|p2b: Meganium|ability: Mega Sol\n|-anim|p2b: Meganium|Solar Beam|p1b: Excadrill\n|-damage|p1b: Excadrill|10/100\n|\n|-weather|Sandstorm|[upkeep]\n|-damage|p2a: Basculegion|25/100|[from] Sandstorm\n|-damage|p1a: Rotom|75/100|[from] Sandstorm\n|-damage|p2b: Meganium|29/100|[from] Sandstorm\n|upkeep\n|turn|4\n|\n|t:|1776377790\n|move|p1b: Excadrill|Earthquake|p2b: Meganium|[spread] p2a,p2b\n|-immune|p1a: Rotom|[from] ability: Levitate\n|-resisted|p2b: Meganium|1\n|-damage|p2a: Basculegion|0 fnt\n|-damage|p2b: Meganium|12/100\n|faint|p2a: Basculegion\n|move|p1a: Rotom|Thunderbolt|p2b: Meganium\n|-resisted|p2b: Meganium|1\n|-damage|p2b: Meganium|0 fnt\n|faint|p2b: Meganium\n|\n|-weather|Sandstorm|[upkeep]\n|-damage|p1a: Rotom|69/100|[from] Sandstorm\n|upkeep\n|\n|t:|1776377798\n|switch|p2b: Archaludon|Archaludon, L50, M, shiny|100/100\n|turn|5\n|\n|t:|1776377804\n|move|p1b: Excadrill|Earthquake|p2b: Archaludon|[spread] p2b\n|-immune|p1a: Rotom|[from] ability: Levitate\n|-supereffective|p2b: Archaludon|1\n|-damage|p2b: Archaludon|20/100\n|-ability|p2b: Archaludon|Stamina|boost\n|-boost|p2b: Archaludon|def|1\n|move|p2b: Archaludon|Aura Sphere|p1b: Excadrill\n|-supereffective|p1b: Excadrill|1\n|-damage|p1b: Excadrill|0 fnt\n|faint|p1b: Excadrill\n|move|p1a: Rotom|Overheat|p2b: Archaludon\n|-damage|p2b: Archaludon|0 fnt\n|-unboost|p1a: Rotom|spa|2\n|faint|p2b: Archaludon\n|\n|win|BroDontFuckWithMe\n|raw|BroDontFuckWithMe's rating: 1221 &rarr; <strong>1247</strong><br />(+26 for winning)\n|raw|RooftopUnovan's rating: 1233 &rarr; <strong>1207</strong><br />(-26 for losing)\n",
  "uploadtime": 1776377805,
  "views": 37,
  "formatid": "gen9championsvgc2026regma",
  "rating": 1207,
  "private": 0,
  "password": null
}