{
  "id": "gen9championsvgc2026regma-2585688631",
  "format": "[Gen 9 Champions] VGC 2026 Reg M-A",
  "players": [
    "drewew97",
    "eo34igjo3ihg"
  ],
  "log": "|j|\u2606drewew97\n|j|\u2606eo34igjo3ihg\n|t:|1776363861\n|gametype|doubles\n|player|p1|drewew97|169|1073\n|player|p2|eo34igjo3ihg|fantina|1078\n|gen|9\n|tier|[Gen 9 Champions] VGC 2026 Reg M-A\n|rated|\n|rule|Species Clause: Limit one of each Pok\u00e9mon\n|rule|Item Clause: Limit 1 of each item\n|clearpoke\n|poke|p1|Tyranitar, L50, M|\n|poke|p1|Gyarados, L50, F|\n|poke|p1|Garchomp, L50, F|\n|poke|p1|Rotom-Mow, L50|\n|poke|p1|Charizard, L50, F|\n|poke|p1|Skarmory, L50, F|\n|poke|p2|Gengar, L50, F|\n|poke|p2|Sinistcha-Masterpiece, L50|\n|poke|p2|Rotom-Wash, L50|\n|poke|p2|Sneasler, L50, F|\n|poke|p2|Tyranitar, L50, M|\n|poke|p2|Mamoswine, L50, M|\n|teampreview|4\n|\n|t:|1776363910\n|teamsize|p1|4\n|teamsize|p2|4\n|start\n|switch|p1a: Tyranitar|Tyranitar, L50, M|100/100\n|switch|p1b: Garchomp|Garchomp, L50, F|100/100\n|switch|p2a: Gengar|Gengar, L50, F|100/100\n|switch|p2b: Tyranitar|Tyranitar, L50, M|100/100\n|-weather|Sandstorm|[from] ability: Sand Stream|[of] p2b: Tyranitar\n|turn|1\n|inactive|Battle timer is ON: inactive players will automatically lose when time's up. (requested by eo34igjo3ihg)\n|\n|t:|1776363943\n|switch|p2a: Rotom|Rotom-Wash, L50|100/100\n|move|p2b: Tyranitar|Low Kick|p1a: Tyranitar\n|-supereffective|p1a: Tyranitar|2\n|-enditem|p1a: Tyranitar|Focus Sash\n|-damage|p1a: Tyranitar|1/100\n|move|p1b: Garchomp|Dragon Claw|p2b: Tyranitar\n|-damage|p2b: Tyranitar|59/100\n|move|p1a: Tyranitar|Low Kick|p2b: Tyranitar\n|-supereffective|p2b: Tyranitar|2\n|-damage|p2b: Tyranitar|0 fnt\n|faint|p2b: Tyranitar\n|\n|-weather|Sandstorm|[upkeep]\n|-damage|p2a: Rotom|95/100|[from] Sandstorm\n|-heal|p2a: Rotom|100/100|[from] item: Leftovers\n|upkeep\n|\n|t:|1776363955\n|switch|p2b: Mamoswine|Mamoswine, L50, M|100/100\n|turn|2\n|\n|t:|1776363969\n|switch|p1a: Gyarados|Gyarados, L50, F|100/100\n|-ability|p1a: Gyarados|Intimidate|boost\n|-unboost|p2a: Rotom|atk|1\n|-fail|p2b: Mamoswine|unboost|Attack|[from] ability: Oblivious|[of] p2b: Mamoswine\n|move|p1b: Garchomp|Protect|p1b: Garchomp\n|-singleturn|p1b: Garchomp|Protect\n|move|p2b: Mamoswine|Ice Shard|p1b: Garchomp\n|-activate|p1b: Garchomp|move: Protect\n|move|p2a: Rotom|Volt Switch|p1a: Gyarados\n|-supereffective|p1a: Gyarados|2\n|-damage|p1a: Gyarados|27/100\n|\n|t:|1776363976\n|switch|p2a: Gengar|Gengar, L50, F|100/100|[from] Volt Switch\n|\n|-weather|Sandstorm|[upkeep]\n|-damage|p2a: Gengar|95/100|[from] Sandstorm\n|-damage|p1a: Gyarados|21/100|[from] Sandstorm\n|upkeep\n|turn|3\n|\n|t:|1776364001\n|switch|p1b: Skarmory|Skarmory, L50, F|100/100\n|detailschange|p2a: Gengar|Gengar-Mega, L50, F\n|-mega|p2a: Gengar|Gengar|Gengarite\n|move|p2b: Mamoswine|Ice Shard|p1b: Skarmory\n|-damage|p1b: Skarmory|81/100\n|move|p2a: Gengar|Hex|p1a: Gyarados\n|-damage|p1a: Gyarados|0 fnt\n|faint|p1a: Gyarados\n|\n|-weather|Sandstorm|[upkeep]\n|-damage|p2a: Gengar|89/100|[from] Sandstorm\n|upkeep\n|\n|t:|1776364016\n|switch|p1a: Tyranitar|Tyranitar, L50, M|1/100\n|turn|4\n|\n|t:|1776364038\n|detailschange|p1b: Skarmory|Skarmory-Mega, L50, F\n|-mega|p1b: Skarmory|Skarmory|Skarmorite\n|move|p2b: Mamoswine|Ice Shard|p1a: Tyranitar\n|-damage|p1a: Tyranitar|0 fnt\n|faint|p1a: Tyranitar\n|move|p2a: Gengar|Thunder Wave|p1b: Skarmory\n|-status|p1b: Skarmory|par\n|cant|p1b: Skarmory|par\n|\n|-weather|Sandstorm|[upkeep]\n|-damage|p2a: Gengar|83/100|[from] Sandstorm\n|upkeep\n|\n|t:|1776364048\n|switch|p1a: Garchomp|Garchomp, L50, F|100/100\n|turn|5\n|\n|t:|1776364054\n|move|p1a: Garchomp|Protect|p1a: Garchomp\n|-singleturn|p1a: Garchomp|Protect\n|move|p2b: Mamoswine|Ice Shard|p1a: Garchomp\n|-activate|p1a: Garchomp|move: Protect\n|move|p2a: Gengar|Hex|p1b: Skarmory\n|-damage|p1b: Skarmory|0 fnt\n|faint|p1b: Skarmory\n|\n|-weather|none\n|upkeep\n|turn|6\n|-message|drewew97 forfeited.\n|\n|win|eo34igjo3ihg\n|raw|drewew97's rating: 1073 &rarr; <strong>1052</strong><br />(-21 for losing)\n|raw|eo34igjo3ihg's rating: 1078 &rarr; <strong>1106</strong><br />(+28 for winning)\n",
  "uploadtime": 1776364062,
  "views": 14,
  "formatid": "gen9championsvgc2026regma",
  "rating": 1052,
  "private": 0,
  "password": null
}