{
  "id": "gen9championsvgc2026regma-2586711418",
  "format": "[Gen 9 Champions] VGC 2026 Reg M-A",
  "players": [
    "reveralad",
    "PurpleSnowyyy"
  ],
  "log": "|j|\u2606reveralad\n|j|\u2606PurpleSnowyyy\n|t:|1776454029\n|gametype|doubles\n|player|p1|reveralad|169|1065\n|player|p2|PurpleSnowyyy|rosa-masters|1107\n|gen|9\n|tier|[Gen 9 Champions] VGC 2026 Reg M-A\n|rated|\n|rule|Species Clause: Limit one of each Pok\u00e9mon\n|rule|Item Clause: Limit 1 of each item\n|clearpoke\n|poke|p1|Archaludon, L50, F|\n|poke|p1|Dragonite, L50, M|\n|poke|p1|Meganium, L50, M|\n|poke|p1|Pelipper, L50, F|\n|poke|p1|Basculegion, L50, M|\n|poke|p1|Sneasler, L50, F|\n|poke|p2|Froslass, L50, F|\n|poke|p2|Sneasler, L50, F|\n|poke|p2|Samurott-Hisui, L50, F|\n|poke|p2|Corviknight, L50, M|\n|poke|p2|Arcanine-Hisui, L50, M|\n|poke|p2|Mimikyu, L50, F|\n|teampreview|4\n|\n|t:|1776454066\n|teamsize|p1|4\n|teamsize|p2|4\n|start\n|switch|p1a: Raptor|Pelipper, L50, F, shiny|100/100\n|switch|p1b: Dragonite|Dragonite, L50, M|100/100\n|switch|p2a: Froslass|Froslass, L50, F|100/100\n|switch|p2b: Sneasler|Sneasler, L50, F|100/100\n|-weather|RainDance|[from] ability: Drizzle|[of] p1a: Raptor\n|turn|1\n|\n|t:|1776454108\n|detailschange|p2a: Froslass|Froslass-Mega, L50, F\n|-mega|p2a: Froslass|Froslass|Froslassite\n|-weather|Snowscape|[from] ability: Snow Warning|[of] p2a: Froslass\n|move|p2b: Sneasler|Fake Out|p1a: Raptor\n|-damage|p1a: Raptor|83/100\n|move|p2a: Froslass|Aurora Veil|p2a: Froslass\n|-sidestart|p2: PurpleSnowyyy|move: Aurora Veil\n|move|p1b: Dragonite|Hurricane|p2b: Sneasler\n|-supereffective|p2b: Sneasler|1\n|-damage|p2b: Sneasler|14/100\n|cant|p1a: Raptor|flinch\n|\n|-weather|Snowscape|[upkeep]\n|upkeep\n|turn|2\n|\n|t:|1776454127\n|switch|p1a: Archaludon|Archaludon, L50, F|100/100\n|move|p2b: Sneasler|Dire Claw|p1b: Dragonite\n|-damage|p1b: Dragonite|77/100\n|move|p2a: Froslass|Blizzard|p1a: Archaludon|[spread] p1a,p1b\n|-supereffective|p1b: Dragonite|2\n|-damage|p1a: Archaludon|24/100\n|-damage|p1b: Dragonite|0 fnt\n|-ability|p1a: Archaludon|Stamina|boost\n|-boost|p1a: Archaludon|def|1\n|faint|p1b: Dragonite\n|\n|-weather|Snowscape|[upkeep]\n|upkeep\n|\n|t:|1776454142\n|switch|p1b: Raptor|Pelipper, L50, F, shiny|83/100\n|-weather|RainDance|[from] ability: Drizzle|[of] p1b: Raptor\n|turn|3\n|\n|t:|1776454161\n|switch|p2a: Arcanine|Arcanine-Hisui, L50, M|100/100\n|-ability|p2a: Arcanine|Intimidate|boost\n|-unboost|p1a: Archaludon|atk|1\n|-unboost|p1b: Raptor|atk|1\n|move|p1a: Archaludon|Protect|p1a: Archaludon\n|-singleturn|p1a: Archaludon|Protect\n|move|p2b: Sneasler|Close Combat|p1a: Archaludon\n|-activate|p1a: Archaludon|move: Protect\n|move|p1b: Raptor|Weather Ball|p2b: Sneasler\n|-damage|p2b: Sneasler|0 fnt\n|faint|p2b: Sneasler\n|\n|-weather|RainDance|[upkeep]\n|upkeep\n|\n|t:|1776454169\n|switch|p2b: Froslass|Froslass-Mega, L50, F|100/100\n|-weather|Snowscape|[from] ability: Snow Warning|[of] p2b: Froslass\n|turn|4\n|\n|t:|1776454210\n|move|p1b: Raptor|Wide Guard|p1b: Raptor\n|-singleturn|p1b: Raptor|Wide Guard\n|move|p2a: Arcanine|Rock Slide|p1a: Archaludon|[spread] \n|-activate|p1a: Archaludon|move: Wide Guard\n|-activate|p1b: Raptor|move: Wide Guard\n|move|p2b: Froslass|Blizzard|p1b: Raptor|[spread] \n|-activate|p1a: Archaludon|move: Wide Guard\n|-activate|p1b: Raptor|move: Wide Guard\n|move|p1a: Archaludon|Aura Sphere|p2a: Arcanine\n|-supereffective|p2a: Arcanine|1\n|-damage|p2a: Arcanine|55/100\n|\n|-weather|Snowscape|[upkeep]\n|upkeep\n|turn|5\n|\n|t:|1776454240\n|switch|p1a: Meganium|Meganium, L50, M|100/100\n|move|p1b: Raptor|Wide Guard|p1b: Raptor\n|-singleturn|p1b: Raptor|Wide Guard\n|move|p2a: Arcanine|Rock Slide|p1a: Meganium|[spread] \n|-activate|p1a: Meganium|move: Wide Guard\n|-activate|p1b: Raptor|move: Wide Guard\n|move|p2b: Froslass|Blizzard|p1a: Meganium|[spread] \n|-activate|p1a: Meganium|move: Wide Guard\n|-activate|p1b: Raptor|move: Wide Guard\n|\n|-weather|Snowscape|[upkeep]\n|-sideend|p2: PurpleSnowyyy|move: Aurora Veil\n|upkeep\n|turn|6\n|\n|t:|1776454262\n|detailschange|p1a: Meganium|Meganium-Mega, L50, M\n|-mega|p1a: Meganium|Meganium|Meganiumite\n|move|p1b: Raptor|Wide Guard|p1b: Raptor\n|-singleturn|p1b: Raptor|Wide Guard\n|move|p2a: Arcanine|Rock Slide|p1a: Meganium|[spread] \n|-activate|p1a: Meganium|move: Wide Guard\n|-activate|p1b: Raptor|move: Wide Guard\n|move|p2b: Froslass|Blizzard|p1b: Raptor|[spread] \n|-activate|p1a: Meganium|move: Wide Guard\n|-activate|p1b: Raptor|move: Wide Guard\n|move|p1a: Meganium|Weather Ball|p2b: Froslass\n|-supereffective|p2b: Froslass|1\n|-damage|p2b: Froslass|0 fnt\n|faint|p2b: Froslass\n|\n|-weather|Snowscape|[upkeep]\n|upkeep\n|c|\u2606PurpleSnowyyy|3 wide guards in a row? shouldn't it fail?\n|\n|t:|1776454289\n|switch|p2b: Samurott|Samurott-Hisui, L50, F|100/100\n|turn|7\n|c|\u2606PurpleSnowyyy|or am i missing something\n|\n|t:|1776454307\n|move|p1b: Raptor|Wide Guard|p1b: Raptor\n|-singleturn|p1b: Raptor|Wide Guard\n|move|p2a: Arcanine|Rock Slide|p1b: Raptor|[spread] \n|-activate|p1a: Meganium|move: Wide Guard\n|-activate|p1b: Raptor|move: Wide Guard\n|move|p1a: Meganium|Solar Beam||[still]\n|-prepare|p1a: Meganium|Solar Beam\n|-activate|p1a: Meganium|ability: Mega Sol\n|-anim|p1a: Meganium|Solar Beam|p2b: Samurott\n|-supereffective|p2b: Samurott|1\n|-damage|p2b: Samurott|0 fnt\n|faint|p2b: Samurott\n|\n|-weather|Snowscape|[upkeep]\n|upkeep\n|turn|8\n|\n|t:|1776454337\n|move|p2a: Arcanine|Rock Slide|p1a: Meganium|[spread] p1a,p1b\n|-supereffective|p1b: Raptor|1\n|-damage|p1a: Meganium|74/100\n|-damage|p1b: Raptor|16/100\n|cant|p1a: Meganium|flinch\n|move|p1b: Raptor|Weather Ball|p2a: Arcanine\n|-resisted|p2a: Arcanine|1\n|-damage|p2a: Arcanine|37/100\n|\n|-weather|none\n|upkeep\n|turn|9\n|\n|t:|1776454356\n|move|p1b: Raptor|Wide Guard|p1b: Raptor\n|-singleturn|p1b: Raptor|Wide Guard\n|move|p2a: Arcanine|Rock Slide|p1a: Meganium|[spread] \n|-activate|p1a: Meganium|move: Wide Guard\n|-activate|p1b: Raptor|move: Wide Guard\n|move|p1a: Meganium|Solar Beam||[still]\n|-prepare|p1a: Meganium|Solar Beam\n|-activate|p1a: Meganium|ability: Mega Sol\n|-anim|p1a: Meganium|Solar Beam|p2a: Arcanine\n|-damage|p2a: Arcanine|0 fnt\n|faint|p2a: Arcanine\n|\n|win|reveralad\n|raw|reveralad's rating: 1065 &rarr; <strong>1099</strong><br />(+34 for winning)\n|raw|PurpleSnowyyy's rating: 1107 &rarr; <strong>1079</strong><br />(-28 for losing)\n",
  "uploadtime": 1776454362,
  "views": 27,
  "formatid": "gen9championsvgc2026regma",
  "rating": 1079,
  "private": 0,
  "password": null
}