{
  "id": "gen9championsvgc2026regma-2586630359",
  "format": "[Gen 9 Champions] VGC 2026 Reg M-A",
  "players": [
    "urshifupancakes",
    "isabellissima"
  ],
  "log": "|j|\u2606urshifupancakes\n|j|\u2606isabellissima\n|t:|1776448072\n|gametype|doubles\n|player|p1|urshifupancakes|266|1271\n|player|p2|isabellissima|170|1325\n|gen|9\n|tier|[Gen 9 Champions] VGC 2026 Reg M-A\n|rated|\n|rule|Species Clause: Limit one of each Pok\u00e9mon\n|rule|Item Clause: Limit 1 of each item\n|clearpoke\n|poke|p1|Floette-Eternal, L50, F|\n|poke|p1|Maushold-Four, L50|\n|poke|p1|Garchomp, L50, M|\n|poke|p1|Decidueye, L50, M|\n|poke|p1|Basculegion, L50, M|\n|poke|p1|Kleavor, L50, F|\n|poke|p2|Incineroar, L50, M|\n|poke|p2|Gengar, L50, M|\n|poke|p2|Sneasler, L50, F|\n|poke|p2|Maushold-Four, L50|\n|poke|p2|Kommo-o, L50, M|\n|poke|p2|Politoed, L50, M|\n|teampreview|4\n|inactive|Battle timer is ON: inactive players will automatically lose when time's up. (requested by isabellissima)\n|inactive|urshifupancakes has 60 seconds left.\nisabellissima rejected open team sheets.\n|\n|t:|1776448140\n|teamsize|p1|4\n|teamsize|p2|4\n|start\n|switch|p1a: Kleavor|Kleavor, L50, F|100/100\n|switch|p1b: Basculegion|Basculegion, L50, M|100/100\n|switch|p2a: Incineroar|Incineroar, L50, M, shiny|100/100\n|switch|p2b: Gengar|Gengar, L50, M, shiny|100/100\n|-ability|p2a: Incineroar|Intimidate|boost\n|-unboost|p1a: Kleavor|atk|1\n|-unboost|p1b: Basculegion|atk|1\n|turn|1\n|inactive|urshifupancakes has 30 seconds left.\n|\n|t:|1776448174\n|detailschange|p2b: Gengar|Gengar-Mega, L50, M, shiny\n|-mega|p2b: Gengar|Gengar|Gengarite\n|move|p2a: Incineroar|Fake Out|p1a: Kleavor\n|-resisted|p1a: Kleavor|1\n|-damage|p1a: Kleavor|94/100\n|move|p1b: Basculegion|Flip Turn|p2a: Incineroar\n|-supereffective|p2a: Incineroar|1\n|-crit|p2a: Incineroar\n|-damage|p2a: Incineroar|23/100\n|-enditem|p2a: Incineroar|Sitrus Berry|[eat]\n|-heal|p2a: Incineroar|48/100|[from] item: Sitrus Berry\n|\n|t:|1776448180\n|switch|p1b: Maushold|Maushold-Four, L50|100/100|[from] Flip Turn\n|move|p2b: Gengar|Shadow Ball|p1b: Maushold\n|-immune|p1b: Maushold\n|cant|p1a: Kleavor|flinch\n|\n|upkeep\n|turn|2\n|\n|t:|1776448203\n|move|p1b: Maushold|Encore|p2a: Incineroar\n|-start|p2a: Incineroar|Encore\n|move|p2a: Incineroar|Fake Out||[still]\n|-hint|Fake Out only works on your first turn out.\n|-fail|p2a: Incineroar\n|move|p2b: Gengar|Perish Song|p2b: Gengar\n|-start|p1a: Kleavor|perish3|[silent]\n|-start|p1b: Maushold|perish3|[silent]\n|-start|p2a: Incineroar|perish3|[silent]\n|-start|p2b: Gengar|perish3|[silent]\n|-fieldactivate|move: Perish Song\n|move|p1a: Kleavor|Tailwind|p1a: Kleavor\n|-sidestart|p1: urshifupancakes|move: Tailwind\n|\n|-start|p1b: Maushold|perish3\n|-start|p1a: Kleavor|perish3\n|-start|p2b: Gengar|perish3\n|-start|p2a: Incineroar|perish3\n|upkeep\n|turn|3\n|inactive|urshifupancakes has 30 seconds left.\n|inactive|isabellissima has 30 seconds left.\n|\n|t:|1776448242\n|switch|p2a: Maushold|Maushold-Four, L50|100/100\n|move|p2b: Gengar|Protect|p2b: Gengar\n|-singleturn|p2b: Gengar|Protect\n|move|p1b: Maushold|Encore|p2b: Gengar\n|-activate|p2b: Gengar|move: Protect\n|move|p1a: Kleavor|Stone Axe|p2a: Maushold\n|-damage|p2a: Maushold|54/100\n|-sidestart|p2: isabellissima|move: Stealth Rock\n|\n|-start|p1b: Maushold|perish2\n|-start|p1a: Kleavor|perish2\n|-start|p2b: Gengar|perish2\n|upkeep\n|turn|4\n|\n|t:|1776448267\n|move|p2a: Maushold|Follow Me|p2a: Maushold\n|-singleturn|p2a: Maushold|move: Follow Me\n|move|p1b: Maushold|Super Fang|p2a: Maushold\n|-damage|p2a: Maushold|28/100\n|move|p1a: Kleavor|Rock Slide|p2a: Maushold|[spread] p2a,p2b\n|-damage|p2a: Maushold|0 fnt\n|-damage|p2b: Gengar|83/100\n|faint|p2a: Maushold\n|move|p2b: Gengar|Shadow Ball|p1a: Kleavor\n|-damage|p1a: Kleavor|38/100\n|\n|-start|p1b: Maushold|perish1\n|-start|p1a: Kleavor|perish1\n|-start|p2b: Gengar|perish1\n|upkeep\n|\n|t:|1776448289\n|switch|p2a: Incineroar|Incineroar, L50, M, shiny|48/100\n|-damage|p2a: Incineroar|23/100|[from] Stealth Rock\n|-ability|p2a: Incineroar|Intimidate|boost\n|-unboost|p1a: Kleavor|atk|1\n|-unboost|p1b: Maushold|atk|1\n|turn|5\n|inactive|urshifupancakes has 30 seconds left.\n|\n|t:|1776448317\n|switch|p2b: Sneasler|Sneasler, L50, F|100/100\n|-damage|p2b: Sneasler|95/100|[from] Stealth Rock\n|move|p2a: Incineroar|Protect|p2a: Incineroar\n|-singleturn|p2a: Incineroar|Protect\n|move|p1b: Maushold|Super Fang|p2b: Sneasler\n|-damage|p2b: Sneasler|48/100\n|move|p1a: Kleavor|Rock Slide|p2a: Incineroar|[spread] p2b\n|-activate|p2a: Incineroar|move: Protect\n|-resisted|p2b: Sneasler|1\n|-damage|p2b: Sneasler|34/100\n|\n|-start|p1b: Maushold|perish0\n|-start|p1a: Kleavor|perish0\n|-sideend|p1: urshifupancakes|move: Tailwind\n|faint|p1b: Maushold\n|faint|p1a: Kleavor\n|upkeep\n|\n|t:|1776448334\n|switch|p1b: Basculegion|Basculegion, L50, M|100/100\n|switch|p1a: Floette|Floette-Eternal, L50, F|100/100\n|turn|6\n|inactive|urshifupancakes has 30 seconds left.\n|\n|t:|1776448365\n|detailschange|p1a: Floette|Floette-Mega, L50, F\n|-mega|p1a: Floette|Floette|Floettite\n|-ability|p1a: Floette|Fairy Aura\n|move|p2b: Sneasler|Protect|p2b: Sneasler\n|-singleturn|p2b: Sneasler|Protect\n|move|p1b: Basculegion|Last Respects|p2a: Incineroar\n|-resisted|p2a: Incineroar|1\n|-damage|p2a: Incineroar|0 fnt\n|faint|p2a: Incineroar\n|move|p1a: Floette|Dazzling Gleam|p2b: Sneasler\n|-activate|p2b: Sneasler|move: Protect\n|\n|upkeep\n|\n|t:|1776448376\n|switch|p2a: Gengar|Gengar-Mega, L50, M, shiny|83/100\n|-damage|p2a: Gengar|71/100|[from] Stealth Rock\n|turn|7\n|\n|t:|1776448396\n|move|p1b: Basculegion|Last Respects|p2b: Sneasler\n|-damage|p2b: Sneasler|0 fnt\n|faint|p2b: Sneasler\n|move|p2a: Gengar|Shadow Ball|p1b: Basculegion\n|-supereffective|p1b: Basculegion|1\n|-damage|p1b: Basculegion|0 fnt\n|faint|p1b: Basculegion\n|move|p1a: Floette|Moonblast|p2a: Gengar\n|-resisted|p2a: Gengar|1\n|-damage|p2a: Gengar|28/100\n|\n|upkeep\n|turn|8\n|\n|t:|1776448409\n|move|p2a: Gengar|Shadow Ball|p1a: Floette\n|-damage|p1a: Floette|63/100\n|move|p1a: Floette|Moonblast|p2a: Gengar\n|-resisted|p2a: Gengar|1\n|-damage|p2a: Gengar|0 fnt\n|faint|p2a: Gengar\n|\n|win|urshifupancakes\n|raw|urshifupancakes's rating: 1271 &rarr; <strong>1300</strong><br />(+29 for winning)\n|raw|isabellissima's rating: 1325 &rarr; <strong>1302</strong><br />(-23 for losing)\n",
  "uploadtime": 1776448413,
  "views": 50,
  "formatid": "gen9championsvgc2026regma",
  "rating": 1300,
  "private": 0,
  "password": null
}