{
  "id": "gen9championsvgc2026regma-2585508259",
  "format": "[Gen 9 Champions] VGC 2026 Reg M-A",
  "players": [
    "TethysPersevere",
    "VGC Refugee"
  ],
  "log": "|j|\u2606TethysPersevere\n|j|\u2606VGC Refugee\n|t:|1776352246\n|gametype|doubles\n|player|p1|TethysPersevere|lucas-gen4pt|1104\n|player|p2|VGC Refugee|colress|1178\n|gen|9\n|tier|[Gen 9 Champions] VGC 2026 Reg M-A\n|rated|\n|rule|Species Clause: Limit one of each Pok\u00e9mon\n|rule|Item Clause: Limit 1 of each item\n|clearpoke\n|poke|p1|Empoleon, L50, M|\n|poke|p1|Sinistcha, L50|\n|poke|p1|Incineroar, L50, F|\n|poke|p1|Chimecho, L50, M|\n|poke|p1|Tyranitar, L50, F|\n|poke|p1|Kommo-o, L50, M|\n|poke|p2|Golurk, L50|\n|poke|p2|Oranguru, L50, M|\n|poke|p2|Blastoise, L50, F|\n|poke|p2|Torkoal, L50, M|\n|poke|p2|Venusaur, L50, M|\n|poke|p2|Vivillon, L50, M|\n|teampreview|4\n|inactive|Battle timer is ON: inactive players will automatically lose when time's up. (requested by VGC Refugee)\n|\n|t:|1776352261\n|teamsize|p1|4\n|teamsize|p2|4\n|start\n|switch|p1a: Sinistcha|Sinistcha, L50|100/100\n|switch|p1b: Incineroar|Incineroar, L50, F|100/100\n|switch|p2a: Older Girl|Oranguru, L50, M|100/100\n|switch|p2b: Stay With Me|Golurk, L50, shiny|100/100\n|-ability|p1b: Incineroar|Intimidate|boost\n|-fail|p2a: Older Girl|unboost|Attack|[from] ability: Inner Focus|[of] p2a: Older Girl\n|-unboost|p2b: Stay With Me|atk|1\n|turn|1\n|inactive|TethysPersevere has 30 seconds left.\n|\n|t:|1776352287\n|detailschange|p2b: Stay With Me|Golurk-Mega, L50, shiny\n|-mega|p2b: Stay With Me|Golurk|Golurkite\n|move|p1b: Incineroar|Fake Out|p2a: Older Girl\n|-damage|p2a: Older Girl|90/100\n|move|p1a: Sinistcha|Matcha Gotcha|p2b: Stay With Me|[spread] p2a,p2b\n|-supereffective|p2b: Stay With Me|1\n|-damage|p2a: Older Girl|70/100\n|-damage|p2b: Stay With Me|58/100\n|move|p2b: Stay With Me|Poltergeist|p1a: Sinistcha\n|-activate|p1a: Sinistcha|move: Poltergeist|Focus Sash\n|-supereffective|p1a: Sinistcha|1\n|-damage|p1a: Sinistcha|23/100\n|move|p2a: Older Girl|Trick Room|p2a: Older Girl\n|-fieldstart|move: Trick Room|[of] p2a: Older Girl\n|\n|upkeep\n|turn|2\n|inactive|TethysPersevere has 30 seconds left.\n|\n|t:|1776352319\n|move|p2b: Stay With Me|Poltergeist|p1a: Sinistcha\n|-activate|p1a: Sinistcha|move: Poltergeist|Focus Sash\n|-supereffective|p1a: Sinistcha|1\n|-damage|p1a: Sinistcha|0 fnt\n|faint|p1a: Sinistcha\n|move|p1b: Incineroar|Darkest Lariat|p2a: Older Girl\n|-supereffective|p2a: Older Girl|1\n|-damage|p2a: Older Girl|2/100\n|move|p2a: Older Girl|Instruct|p2b: Stay With Me\n|-singleturn|p2b: Stay With Me|move: Instruct|[of] p2a: Older Girl\n|move|p2b: Stay With Me|Poltergeist|p1b: Incineroar\n|-activate|p1b: Incineroar|move: Poltergeist|Sitrus Berry\n|-resisted|p1b: Incineroar|1\n|-damage|p1b: Incineroar|78/100\n|\n|upkeep\n|\n|t:|1776352334\n|switch|p1a: Tyranitar|Tyranitar, L50, F|100/100\n|-weather|Sandstorm|[from] ability: Sand Stream|[of] p1a: Tyranitar\n|turn|3\n|inactive|TethysPersevere has 30 seconds left.\n|\n|t:|1776352362\n|switch|p2a: Sun Glow|Torkoal, L50, M|100/100\n|-weather|SunnyDay|[from] ability: Drought|[of] p2a: Sun Glow\n|move|p2b: Stay With Me|Close Combat|p1a: Tyranitar\n|-supereffective|p1a: Tyranitar|2\n|-damage|p1a: Tyranitar|1/100\n|-unboost|p2b: Stay With Me|def|1\n|-unboost|p2b: Stay With Me|spd|1\n|move|p1b: Incineroar|Darkest Lariat|p2b: Stay With Me\n|-supereffective|p2b: Stay With Me|1\n|-damage|p2b: Stay With Me|0 fnt\n|faint|p2b: Stay With Me\n|move|p1a: Tyranitar|Rock Slide|p2a: Sun Glow\n|-supereffective|p2a: Sun Glow|1\n|-damage|p2a: Sun Glow|35/100\n|\n|-weather|SunnyDay|[upkeep]\n|upkeep\n|\n|t:|1776352375\n|switch|p2b: Older Girl|Oranguru, L50, M|2/100\n|turn|4\n|\n|t:|1776352387\n|detailschange|p1a: Tyranitar|Tyranitar-Mega, L50, F\n|-mega|p1a: Tyranitar|Tyranitar|Tyranitarite\n|-weather|Sandstorm|[from] ability: Sand Stream|[of] p1a: Tyranitar\n|move|p1a: Tyranitar|Protect|p1a: Tyranitar\n|-singleturn|p1a: Tyranitar|Protect\n|move|p2a: Sun Glow|Heat Wave|p1b: Incineroar|[spread] p1b\n|-activate|p1a: Tyranitar|move: Protect\n|-resisted|p1b: Incineroar|1\n|-damage|p1b: Incineroar|61/100\n|move|p1b: Incineroar|Darkest Lariat|p2a: Sun Glow\n|-damage|p2a: Sun Glow|3/100\n|move|p2b: Older Girl|Instruct|p2a: Sun Glow\n|-singleturn|p2a: Sun Glow|move: Instruct|[of] p2b: Older Girl\n|move|p2a: Sun Glow|Heat Wave|p1b: Incineroar|[spread] p1b\n|-activate|p1a: Tyranitar|move: Protect\n|-resisted|p1b: Incineroar|1\n|-damage|p1b: Incineroar|45/100\n|-enditem|p1b: Incineroar|Sitrus Berry|[eat]\n|-heal|p1b: Incineroar|69/100|[from] item: Sitrus Berry\n|\n|-weather|Sandstorm|[upkeep]\n|-damage|p2a: Sun Glow|0 fnt|[from] Sandstorm\n|-damage|p1b: Incineroar|63/100|[from] Sandstorm\n|-damage|p2b: Older Girl|0 fnt|[from] Sandstorm\n|faint|p2a: Sun Glow\n|faint|p2b: Older Girl\n|upkeep\n|\n|t:|1776352398\n|switch|p2a: Rainy Walk|Blastoise, L50, F|100/100\n|turn|5\n|\n|t:|1776352423\n|move|p1b: Incineroar|Parting Shot|p2a: Rainy Walk\n|-unboost|p2a: Rainy Walk|atk|1\n|-unboost|p2a: Rainy Walk|spa|1\n|\n|t:|1776352427\n|switch|p1b: Chimecho|Chimecho, L50, M|100/100|[from] Parting Shot\n|move|p2a: Rainy Walk|Water Spout|p1a: Tyranitar|[spread] p1a,p1b\n|-supereffective|p1a: Tyranitar|1\n|-damage|p1a: Tyranitar|0 fnt\n|-damage|p1b: Chimecho|58/100\n|faint|p1a: Tyranitar\n|\n|-weather|Sandstorm|[upkeep]\n|-damage|p1b: Chimecho|52/100|[from] Sandstorm\n|-damage|p2a: Rainy Walk|95/100|[from] Sandstorm\n|-fieldend|move: Trick Room\n|upkeep\n|\n|t:|1776352436\n|switch|p1a: Incineroar|Incineroar, L50, F|63/100\n|-ability|p1a: Incineroar|Intimidate|boost\n|-unboost|p2a: Rainy Walk|atk|1\n|turn|6\n|\n|t:|1776352450\n|move|p1a: Incineroar|Fake Out|p2a: Rainy Walk\n|-damage|p2a: Rainy Walk|82/100\n|cant|p2a: Rainy Walk|flinch\n|move|p1b: Chimecho|Psychic|p2a: Rainy Walk\n|-damage|p2a: Rainy Walk|41/100\n|\n|-weather|Sandstorm|[upkeep]\n|-damage|p2a: Rainy Walk|35/100|[from] Sandstorm\n|-damage|p1b: Chimecho|46/100|[from] Sandstorm\n|-damage|p1a: Incineroar|57/100|[from] Sandstorm\n|upkeep\n|turn|7\n|\n|t:|1776352468\n|move|p2a: Rainy Walk|Muddy Water|p1a: Incineroar|[spread] p1a,p1b\n|-supereffective|p1a: Incineroar|1\n|-damage|p1a: Incineroar|18/100\n|-damage|p1b: Chimecho|20/100\n|-unboost|p1a: Incineroar|accuracy|1\n|move|p1b: Chimecho|Psychic|p2a: Rainy Walk\n|-damage|p2a: Rainy Walk|0 fnt\n|faint|p2a: Rainy Walk\n|\n|win|TethysPersevere\n|raw|TethysPersevere's rating: 1104 &rarr; <strong>1134</strong><br />(+30 for winning)\n|raw|VGC Refugee's rating: 1178 &rarr; <strong>1148</strong><br />(-30 for losing)\n",
  "uploadtime": 1776352477,
  "views": 27,
  "formatid": "gen9championsvgc2026regma",
  "rating": 1134,
  "private": 0,
  "password": null
}