{
  "id": "gen9championsvgc2026regma-2581835564",
  "format": "[Gen 9 Champions] VGC 2026 Reg M-A",
  "players": [
    "thesylex",
    "derpybaits"
  ],
  "log": "|j|\u2606thesylex\n|j|\u2606derpybaits\n|t:|1776032343\n|gametype|doubles\n|player|p1|thesylex|101|1102\n|player|p2|derpybaits|2|1006\n|gen|9\n|tier|[Gen 9 Champions] VGC 2026 Reg M-A\n|rated|\n|rule|Species Clause: Limit one of each Pok\u00e9mon\n|rule|Item Clause: Limit 1 of each item\n|clearpoke\n|poke|p1|Snorlax, L50, M|\n|poke|p1|Hawlucha, L50, M|\n|poke|p1|Sinistcha-Masterpiece, L50|\n|poke|p1|Sneasler, L50, M|\n|poke|p1|Floette-Eternal, L50, F|\n|poke|p1|Rotom-Wash, L50|\n|poke|p2|Floette-Eternal, L50, F|\n|poke|p2|Maushold, L50|\n|poke|p2|Garchomp, L50, M|\n|poke|p2|Talonflame, L50, M|\n|poke|p2|Rotom-Wash, L50|\n|poke|p2|Aegislash, L50, F|\n|teampreview|4\n|\n|t:|1776032398\n|teamsize|p1|4\n|teamsize|p2|4\n|start\n|switch|p1a: Hawlucha|Hawlucha, L50, M|100/100\n|switch|p1b: Snorlax|Snorlax, L50, M|100/100\n|switch|p2a: Floette|Floette-Eternal, L50, F|100/100\n|switch|p2b: Maushold|Maushold, L50|100/100\n|-ability|p1a: Hawlucha|Mold Breaker\n|turn|1\n|inactive|Battle timer is ON: inactive players will automatically lose when time's up. (requested by derpybaits)\n|\n|t:|1776032428\n|detailschange|p1a: Hawlucha|Hawlucha-Mega, L50, M\n|-mega|p1a: Hawlucha|Hawlucha|Hawluchanite\n|detailschange|p2a: Floette|Floette-Mega, L50, F\n|-mega|p2a: Floette|Floette|Floettite\n|-ability|p2a: Floette|Fairy Aura\n|move|p2b: Maushold|Follow Me|p2b: Maushold\n|-singleturn|p2b: Maushold|move: Follow Me\n|move|p1a: Hawlucha|Entrainment|p2b: Maushold\n|-ability|p2b: Maushold|No Guard|Friend Guard|[from] move: Entrainment|[of] p1a: Hawlucha\n|move|p2a: Floette|Calm Mind|p2a: Floette\n|-boost|p2a: Floette|spa|1\n|-boost|p2a: Floette|spd|1\n|move|p1b: Snorlax|Fissure|p2b: Maushold\n|-enditem|p2b: Maushold|Focus Sash\n|-damage|p2b: Maushold|1/100\n|\n|upkeep\n|turn|2\n|inactive|thesylex has 30 seconds left.\n|inactive|thesylex has 20 seconds left.\n|inactive|thesylex has 15 seconds left.\n|\n|t:|1776032469\n|move|p2b: Maushold|Follow Me|p2b: Maushold\n|-singleturn|p2b: Maushold|move: Follow Me\n|move|p1a: Hawlucha|Entrainment||[still]\n|-fail|p1a: Hawlucha\n|move|p2a: Floette|Dazzling Gleam|p1b: Snorlax|[spread] p1a,p1b\n|-supereffective|p1a: Hawlucha|1\n|-damage|p1a: Hawlucha|0 fnt\n|-damage|p1b: Snorlax|54/100\n|faint|p1a: Hawlucha\n|move|p1b: Snorlax|Fissure|p2b: Maushold\n|-damage|p2b: Maushold|0 fnt\n|faint|p2b: Maushold\n|-ohko\n|\n|-heal|p1b: Snorlax|60/100|[from] item: Leftovers\n|upkeep\n|inactive|derpybaits has 30 seconds left.\n|\n|t:|1776032501\n|switch|p1a: Sinistcha|Sinistcha-Masterpiece, L50|100/100\n|switch|p2b: Talonflame|Talonflame, L50, M|100/100\n|-heal|p1b: Snorlax|85/100|[from] ability: Hospitality|[of] p1a: Sinistcha\n|turn|3\n|\n|t:|1776032517\n|move|p1a: Sinistcha|Rage Powder|p1a: Sinistcha\n|-singleturn|p1a: Sinistcha|move: Rage Powder\n|move|p2b: Talonflame|Flare Blitz|p1a: Sinistcha\n|-supereffective|p1a: Sinistcha|1\n|-damage|p1a: Sinistcha|22/100\n|-status|p1a: Sinistcha|brn\n|-enditem|p1a: Sinistcha|Sitrus Berry|[eat]\n|-heal|p1a: Sinistcha|47/100 brn|[from] item: Sitrus Berry\n|-damage|p2b: Talonflame|71/100|[from] Recoil\n|move|p2a: Floette|Dazzling Gleam|p1a: Sinistcha|[spread] p1a,p1b\n|-damage|p1a: Sinistcha|0 fnt\n|-damage|p1b: Snorlax|35/100\n|faint|p1a: Sinistcha\n|move|p1b: Snorlax|Fissure|p2a: Floette\n|-damage|p2a: Floette|0 fnt\n|faint|p2a: Floette\n|-ohko\n|\n|-heal|p1b: Snorlax|41/100|[from] item: Leftovers\n|upkeep\n|\n|t:|1776032534\n|switch|p2a: Garchomp|Garchomp, L50, M|100/100\n|switch|p1a: Sneasler|Sneasler, L50, M|100/100\n|turn|4\n|\n|t:|1776032555\n|move|p2b: Talonflame|Protect|p2b: Talonflame\n|-singleturn|p2b: Talonflame|Protect\n|move|p2a: Garchomp|Protect|p2a: Garchomp\n|-singleturn|p2a: Garchomp|Protect\n|move|p1a: Sneasler|Fake Out|p2b: Talonflame\n|-activate|p2b: Talonflame|move: Protect\n|move|p1b: Snorlax|Fissure|p2a: Garchomp\n|-activate|p2a: Garchomp|move: Protect\n|\n|-heal|p1b: Snorlax|47/100|[from] item: Leftovers\n|upkeep\n|turn|5\n|inactive|thesylex has 30 seconds left.\n|\n|t:|1776032582\n|-activate|p1a: Sneasler|move: Struggle\n|move|p1a: Sneasler|Struggle|p2a: Garchomp\n|-damage|p2a: Garchomp|79/100\n|-damage|p1a: Sneasler|88/100|[from] ability: Rough Skin|[of] p2a: Garchomp\n|-damage|p1a: Sneasler|64/100|[from] recoil\n|move|p2b: Talonflame|Tailwind|p2b: Talonflame\n|-sidestart|p2: derpybaits|move: Tailwind\n|move|p2a: Garchomp|Earthquake|p1b: Snorlax|[spread] p1a,p1b\n|-immune|p2b: Talonflame\n|-supereffective|p1a: Sneasler|1\n|-damage|p1a: Sneasler|0 fnt\n|-damage|p1b: Snorlax|12/100\n|faint|p1a: Sneasler\n|move|p1b: Snorlax|Fissure|p2a: Garchomp|[miss]\n|-miss|p1b: Snorlax|p2a: Garchomp\n|\n|-heal|p1b: Snorlax|18/100|[from] item: Leftovers\n|upkeep\n|turn|6\n|\n|t:|1776032600\n|move|p2b: Talonflame|Acrobatics|p1b: Snorlax\n|-damage|p1b: Snorlax|0 fnt\n|faint|p1b: Snorlax\n|\n|win|derpybaits\n|raw|thesylex's rating: 1102 &rarr; <strong>1070</strong><br />(-32 for losing)\n|raw|derpybaits's rating: 1006 &rarr; <strong>1056</strong><br />(+50 for winning)\n",
  "uploadtime": 1776032603,
  "views": 14,
  "formatid": "gen9championsvgc2026regma",
  "rating": 1056,
  "private": 0,
  "password": null
}