{
  "id": "gen9championsvgc2026regma-2581972838",
  "format": "[Gen 9 Champions] VGC 2026 Reg M-A",
  "players": [
    "MaxiSilv",
    "queijiiin"
  ],
  "log": "|j|\u2606MaxiSilv\n|j|\u2606queijiiin\n|t:|1776044569\n|gametype|doubles\n|player|p1|MaxiSilv|102|1145\n|player|p2|queijiiin|2|1181\n|gen|9\n|tier|[Gen 9 Champions] VGC 2026 Reg M-A\n|rated|\n|rule|Species Clause: Limit one of each Pok\u00e9mon\n|rule|Item Clause: Limit 1 of each item\n|clearpoke\n|poke|p1|Tyranitar, L50, M|\n|poke|p1|Excadrill, L50, F|\n|poke|p1|Delphox, L50, M|\n|poke|p1|Milotic, L50, F|\n|poke|p1|Sinistcha, L50|\n|poke|p1|Sylveon, L50, F|\n|poke|p2|Crabominable, L50, M|\n|poke|p2|Camerupt, L50, M|\n|poke|p2|Basculegion, L50, M|\n|poke|p2|Incineroar, L50, F|\n|poke|p2|Oranguru, L50, F|\n|poke|p2|Meowscarada, L50, M|\n|teampreview|4\nMaxiSilv has agreed to open team sheets.\n|\n|t:|1776044624\n|teamsize|p1|4\n|teamsize|p2|4\n|start\n|switch|p1a: Tyranitar|Tyranitar, L50, M|100/100\n|switch|p1b: Excadrill|Excadrill, L50, F|100/100\n|switch|p2a: Incineroar|Incineroar, L50, F|100/100\n|switch|p2b: Camerupt|Camerupt, L50, M|100/100\n|-weather|Sandstorm|[from] ability: Sand Stream|[of] p1a: Tyranitar\n|-ability|p2a: Incineroar|Intimidate|boost\n|-unboost|p1a: Tyranitar|atk|1\n|-unboost|p1b: Excadrill|atk|1\n|turn|1\n|\n|t:|1776044658\n|switch|p1a: Milotic|Milotic, L50, F|100/100\n|detailschange|p2b: Camerupt|Camerupt-Mega, L50, M\n|-mega|p2b: Camerupt|Camerupt|Cameruptite\n|move|p2a: Incineroar|Fake Out|p1b: Excadrill\n|-resisted|p1b: Excadrill|1\n|-damage|p1b: Excadrill|94/100\n|cant|p1b: Excadrill|flinch\n|move|p2b: Camerupt|Earth Power|p1b: Excadrill\n|-supereffective|p1b: Excadrill|1\n|-damage|p1b: Excadrill|0 fnt\n|faint|p1b: Excadrill\n|\n|-weather|Sandstorm|[upkeep]\n|-damage|p1a: Milotic|95/100|[from] Sandstorm\n|-damage|p2a: Incineroar|95/100|[from] Sandstorm\n|-heal|p1a: Milotic|100/100|[from] item: Leftovers\n|upkeep\n|\n|t:|1776044683\n|switch|p1b: Tyranitar|Tyranitar, L50, M|100/100\n|turn|2\n|inactive|Battle timer is ON: inactive players will automatically lose when time's up. (requested by queijiiin)\n|\n|t:|1776044702\n|detailschange|p1b: Tyranitar|Tyranitar-Mega, L50, M\n|-mega|p1b: Tyranitar|Tyranitar|Tyranitarite\n|move|p2b: Camerupt|Protect|p2b: Camerupt\n|-singleturn|p2b: Camerupt|Protect\n|move|p1a: Milotic|Scald|p2b: Camerupt\n|-activate|p2b: Camerupt|move: Protect\n|move|p1b: Tyranitar|Superpower|p2a: Incineroar\n|-supereffective|p2a: Incineroar|1\n|-damage|p2a: Incineroar|3/100\n|-unboost|p1b: Tyranitar|atk|1\n|-unboost|p1b: Tyranitar|def|1\n|move|p2a: Incineroar|Parting Shot|p1b: Tyranitar\n|-unboost|p1b: Tyranitar|atk|1\n|-unboost|p1b: Tyranitar|spa|1\n|\n|t:|1776044724\n|switch|p2a: Basculegion|Basculegion, L50, M|100/100|[from] Parting Shot\n|\n|-weather|Sandstorm|[upkeep]\n|-damage|p2a: Basculegion|94/100|[from] Sandstorm\n|-damage|p1a: Milotic|95/100|[from] Sandstorm\n|-heal|p1a: Milotic|100/100|[from] item: Leftovers\n|upkeep\n|turn|3\n|inactive|MaxiSilv has 30 seconds left.\n|\n|t:|1776044753\n|switch|p1b: Delphox|Delphox, L50, M|100/100\n|switch|p2b: Oranguru|Oranguru, L50, F|100/100\n|move|p2a: Basculegion|Wave Crash|p1b: Delphox\n|-supereffective|p1b: Delphox|1\n|-damage|p1b: Delphox|0 fnt\n|faint|p1b: Delphox\n|-damage|p2a: Basculegion|69/100|[from] Recoil\n|move|p1a: Milotic|Scald|p2b: Oranguru\n|-damage|p2b: Oranguru|82/100\n|\n|-weather|Sandstorm|[upkeep]\n|-damage|p2a: Basculegion|63/100|[from] Sandstorm\n|-damage|p1a: Milotic|95/100|[from] Sandstorm\n|-damage|p2b: Oranguru|76/100|[from] Sandstorm\n|-heal|p1a: Milotic|100/100|[from] item: Leftovers\n|upkeep\n|\n|t:|1776044765\n|switch|p1b: Tyranitar|Tyranitar-Mega, L50, M|100/100\n|turn|4\n|\n|t:|1776044778\n|move|p1b: Tyranitar|Protect|p1b: Tyranitar\n|-singleturn|p1b: Tyranitar|Protect\n|move|p2a: Basculegion|Wave Crash|p1b: Tyranitar\n|-activate|p1b: Tyranitar|move: Protect\n|move|p1a: Milotic|Icy Wind|p2b: Oranguru|[spread] p2a\n|-miss|p1a: Milotic|p2b: Oranguru\n|-resisted|p2a: Basculegion|1\n|-damage|p2a: Basculegion|58/100\n|-unboost|p2a: Basculegion|spe|1\n|move|p2b: Oranguru|Trick Room|p2b: Oranguru\n|-fieldstart|move: Trick Room|[of] p2b: Oranguru\n|\n|-weather|Sandstorm|[upkeep]\n|-damage|p2b: Oranguru|70/100|[from] Sandstorm\n|-damage|p1a: Milotic|95/100|[from] Sandstorm\n|-damage|p2a: Basculegion|52/100|[from] Sandstorm\n|-heal|p1a: Milotic|100/100|[from] item: Leftovers\n|upkeep\n|turn|5\n|\n|t:|1776044802\n|move|p2b: Oranguru|Encore|p1b: Tyranitar\n|-start|p1b: Tyranitar|Encore\n|move|p1b: Tyranitar|Protect||[still]\n|-fail|p1b: Tyranitar\n|move|p1a: Milotic|Scald|p2a: Basculegion\n|-resisted|p2a: Basculegion|1\n|-damage|p2a: Basculegion|35/100\n|move|p2a: Basculegion|Wave Crash|p1a: Milotic\n|-resisted|p1a: Milotic|1\n|-damage|p1a: Milotic|66/100\n|-damage|p2a: Basculegion|23/100|[from] Recoil\n|\n|-weather|none\n|-heal|p1a: Milotic|72/100|[from] item: Leftovers\n|upkeep\n|turn|6\n|\n|t:|1776044823\n|move|p1b: Tyranitar|Protect|p1b: Tyranitar\n|-singleturn|p1b: Tyranitar|Protect\n|move|p2b: Oranguru|Psychic|p1a: Milotic\n|-damage|p1a: Milotic|51/100\n|move|p1a: Milotic|Scald|p2a: Basculegion\n|-resisted|p2a: Basculegion|1\n|-damage|p2a: Basculegion|9/100\n|move|p2a: Basculegion|Wave Crash|p1a: Milotic\n|-resisted|p1a: Milotic|1\n|-damage|p1a: Milotic|15/100\n|-damage|p2a: Basculegion|0 fnt|[from] Recoil\n|faint|p2a: Basculegion\n|\n|-heal|p1a: Milotic|21/100|[from] item: Leftovers\n|upkeep\n|\n|t:|1776044840\n|switch|p2a: Camerupt|Camerupt-Mega, L50, M|100/100\n|turn|7\n|\n|t:|1776044856\n|move|p1b: Tyranitar|Protect|p1b: Tyranitar\n|-singleturn|p1b: Tyranitar|Protect\n|move|p1a: Milotic|Protect|p1a: Milotic\n|-singleturn|p1a: Milotic|Protect\n|move|p2a: Camerupt|Earth Power|p1a: Milotic\n|-activate|p1a: Milotic|move: Protect\n|move|p2b: Oranguru|Instruct|p2a: Camerupt\n|-singleturn|p2a: Camerupt|move: Instruct|[of] p2b: Oranguru\n|move|p2a: Camerupt|Earth Power|p1a: Milotic\n|-activate|p1a: Milotic|move: Protect\n|\n|-heal|p1a: Milotic|27/100|[from] item: Leftovers\n|-end|p1b: Tyranitar|Encore\n|upkeep\n|turn|8\n|\n|t:|1776044880\n|move|p2a: Camerupt|Earth Power|p1b: Tyranitar\n|-supereffective|p1b: Tyranitar|1\n|-damage|p1b: Tyranitar|5/100\n|move|p2b: Oranguru|Encore|p1a: Milotic\n|-start|p1a: Milotic|Encore\n|move|p1a: Milotic|Protect||[still]\n|-fail|p1a: Milotic\n|move|p1b: Tyranitar|Crunch|p2b: Oranguru\n|-supereffective|p2b: Oranguru|1\n|-crit|p2b: Oranguru\n|-damage|p2b: Oranguru|0 fnt\n|faint|p2b: Oranguru\n|\n|-heal|p1a: Milotic|33/100|[from] item: Leftovers\n|-fieldend|move: Trick Room\n|upkeep\n|\n|t:|1776044895\n|switch|p2b: Incineroar|Incineroar, L50, F|3/100\n|-ability|p2b: Incineroar|Intimidate|boost\n|-unboost|p1a: Milotic|atk|1\n|-ability|p1a: Milotic|Competitive|boost\n|-boost|p1a: Milotic|spa|2\n|-unboost|p1b: Tyranitar|atk|1\n|turn|9\n|\n|t:|1776044919\n|move|p1a: Milotic|Protect|p1a: Milotic\n|-singleturn|p1a: Milotic|Protect\n|move|p1b: Tyranitar|Protect|p1b: Tyranitar\n|-singleturn|p1b: Tyranitar|Protect\n|move|p2b: Incineroar|Fake Out|p1b: Tyranitar\n|-activate|p1b: Tyranitar|move: Protect\n|move|p2a: Camerupt|Eruption|p1b: Tyranitar|[spread] \n|-activate|p1a: Milotic|move: Protect\n|-activate|p1b: Tyranitar|move: Protect\n|\n|-heal|p1a: Milotic|39/100|[from] item: Leftovers\n|upkeep\n|turn|10\n|\n|t:|1776044941\n|move|p1a: Milotic|Protect||[still]\n|-fail|p1a: Milotic\n|move|p1b: Tyranitar|Rock Slide|p2a: Camerupt|[spread] p2a,p2b\n|-supereffective|p2b: Incineroar|1\n|-damage|p2a: Camerupt|78/100\n|-damage|p2b: Incineroar|0 fnt\n|faint|p2b: Incineroar\n|cant|p2a: Camerupt|flinch\n|\n|-heal|p1a: Milotic|45/100|[from] item: Leftovers\n|-end|p1a: Milotic|Encore\n|upkeep\n|turn|11\n|\n|t:|1776044956\n|move|p1a: Milotic|Protect|p1a: Milotic\n|-singleturn|p1a: Milotic|Protect\n|move|p1b: Tyranitar|Protect|p1b: Tyranitar\n|-singleturn|p1b: Tyranitar|Protect\n|move|p2a: Camerupt|Earth Power|p1a: Milotic\n|-activate|p1a: Milotic|move: Protect\n|\n|-heal|p1a: Milotic|51/100|[from] item: Leftovers\n|upkeep\n|turn|12\n|inactive|MaxiSilv has 30 seconds left.\n|\n|t:|1776044987\n|move|p1a: Milotic|Scald|p2a: Camerupt\n|-supereffective|p2a: Camerupt|2\n|-damage|p2a: Camerupt|0 fnt\n|faint|p2a: Camerupt\n|\n|win|MaxiSilv\n|raw|MaxiSilv's rating: 1145 &rarr; <strong>1173</strong><br />(+28 for winning)\n|raw|queijiiin's rating: 1181 &rarr; <strong>1153</strong><br />(-28 for losing)\n",
  "uploadtime": 1776044992,
  "views": 34,
  "formatid": "gen9championsvgc2026regma",
  "rating": 1153,
  "private": 0,
  "password": null
}