{
  "id": "gen9championsvgc2026regma-2588026391",
  "format": "[Gen 9 Champions] VGC 2026 Reg M-A",
  "players": [
    "Scaramouche_UwU6",
    "bomooose"
  ],
  "log": "|j|\u2606Scaramouche_UwU6\n|j|\u2606bomooose\n|t:|1776594798\n|gametype|doubles\n|player|p1|Scaramouche_UwU6|zinzolin|1090\n|player|p2|bomooose|ethan|1076\n|gen|9\n|tier|[Gen 9 Champions] VGC 2026 Reg M-A\n|rated|\n|rule|Species Clause: Limit one of each Pok\u00e9mon\n|rule|Item Clause: Limit 1 of each item\n|clearpoke\n|poke|p1|Starmie, L50, shiny|\n|poke|p1|Hydreigon, L50, M, shiny|\n|poke|p1|Aegislash, L50, M|\n|poke|p1|Ninetales-Alola, L50, F|\n|poke|p1|Sneasler, L50, F|\n|poke|p1|Maushold, L50|\n|poke|p2|Meganium, L50, M, shiny|\n|poke|p2|Pelipper, L50, F, shiny|\n|poke|p2|Archaludon, L50, M|\n|poke|p2|Blastoise, L50, F|\n|poke|p2|Sneasler, L50, M|\n|poke|p2|Basculegion, L50, M|\n|teampreview|4\n|inactive|Battle timer is ON: inactive players will automatically lose when time's up. (requested by bomooose)\n|inactive|bomooose has 60 seconds left.\n|\n|t:|1776594841\n|teamsize|p1|4\n|teamsize|p2|4\n|start\n|switch|p1a: Sneasler|Sneasler, L50, F|100/100\n|switch|p1b: Maushold|Maushold, L50|100/100\n|switch|p2a: Pelipper|Pelipper, L50, F, shiny|100/100\n|switch|p2b: Basculegion|Basculegion, L50, M|100/100\n|-weather|RainDance|[from] ability: Drizzle|[of] p2a: Pelipper\n|turn|1\n|inactive|Scaramouche_UwU6 has 30 seconds left.\n|inactive|bomooose has 30 seconds left.\n|inactive|Scaramouche_UwU6 has 20 seconds left.\n|\n|t:|1776594879\n|switch|p1b: Gemma|Ninetales-Alola, L50, F|100/100\n|-weather|Snowscape|[from] ability: Snow Warning|[of] p1b: Gemma\n|move|p1a: Sneasler|Fake Out|p2a: Pelipper\n|-damage|p2a: Pelipper|86/100\n|move|p2b: Basculegion|Psychic Fangs|p1a: Sneasler\n|-supereffective|p1a: Sneasler|2\n|-damage|p1a: Sneasler|0 fnt\n|faint|p1a: Sneasler\n|cant|p2a: Pelipper|flinch\n|\n|-weather|Snowscape|[upkeep]\n|upkeep\n|\n|t:|1776594888\n|switch|p1a: Starmie|Starmie, L50, shiny|100/100\n|turn|2\n|c|\u2606Scaramouche_UwU6|well fuck\n|inactive|bomooose has 30 seconds left.\n|\n|t:|1776594922\n|detailschange|p1a: Starmie|Starmie-Mega, L50, shiny\n|-mega|p1a: Starmie|Starmie|Starminite\n|move|p2b: Basculegion|Psychic Fangs|p1b: Gemma\n|-damage|p1b: Gemma|70/100\n|move|p1b: Gemma|Aurora Veil|p1b: Gemma\n|-sidestart|p1: Scaramouche_UwU6|move: Aurora Veil\n|move|p1a: Starmie|Psycho Cut|p2b: Basculegion\n|-damage|p2b: Basculegion|9/100\n|move|p2a: Pelipper|U-turn|p1a: Starmie\n|-supereffective|p1a: Starmie|1\n|-damage|p1a: Starmie|86/100\n|\n|t:|1776594935\n|switch|p2a: Sneasler|Sneasler, L50, M|100/100|[from] U-turn\n|\n|-weather|Snowscape|[upkeep]\n|upkeep\n|turn|3\n|inactive|bomooose has 30 seconds left.\n|\n|t:|1776594963\n|switch|p1b: Maushold|Maushold, L50|100/100\n|move|p1a: Starmie|Protect|p1a: Starmie\n|-singleturn|p1a: Starmie|Protect\n|move|p2b: Basculegion|Psychic Fangs|p1a: Starmie\n|-activate|p1a: Starmie|move: Protect\n|move|p2a: Sneasler|Throat Chop|p1a: Starmie\n|-activate|p1a: Starmie|move: Protect\n|\n|-weather|Snowscape|[upkeep]\n|upkeep\n|turn|4\n|\n|t:|1776594986\n|move|p1b: Maushold|Follow Me|p1b: Maushold\n|-singleturn|p1b: Maushold|move: Follow Me\n|move|p2b: Basculegion|Psychic Fangs|p1b: Maushold\n|-sideend|p1: Scaramouche_UwU6|move: Aurora Veil\n|-crit|p1b: Maushold\n|-damage|p1b: Maushold|42/100\n|move|p2a: Sneasler|U-turn|p1b: Maushold\n|-damage|p1b: Maushold|8/100\n|\n|t:|1776595008\n|switch|p2a: Meganium|Meganium, L50, M, shiny|100/100|[from] U-turn\n|move|p1a: Starmie|Psycho Cut|p2a: Meganium\n|-damage|p2a: Meganium|37/100\n|\n|-weather|Snowscape|[upkeep]\n|upkeep\n|turn|5\n|inactive|bomooose has 30 seconds left.\n|\n|t:|1776595042\n|detailschange|p2a: Meganium|Meganium-Mega, L50, M, shiny\n|-mega|p2a: Meganium|Meganium|Meganiumite\n|move|p1b: Maushold|Protect|p1b: Maushold\n|-singleturn|p1b: Maushold|Protect\n|move|p1a: Starmie|Protect|p1a: Starmie\n|-singleturn|p1a: Starmie|Protect\n|move|p2b: Basculegion|Psychic Fangs|p1b: Maushold\n|-activate|p1b: Maushold|move: Protect\n|move|p2a: Meganium|Dazzling Gleam|p1a: Starmie|[spread] \n|-activate|p1a: Starmie|move: Protect\n|-activate|p1b: Maushold|move: Protect\n|\n|-weather|none\n|upkeep\n|turn|6\n|inactive|bomooose has 30 seconds left.\n|\n|t:|1776595073\n|switch|p2b: Sneasler|Sneasler, L50, M|100/100\n|switch|p1b: Gemma|Ninetales-Alola, L50, F|70/100\n|-weather|Snowscape|[from] ability: Snow Warning|[of] p1b: Gemma\n|move|p1a: Starmie|Psycho Cut|p2a: Meganium\n|-damage|p2a: Meganium|0 fnt\n|faint|p2a: Meganium\n|\n|-weather|Snowscape|[upkeep]\n|upkeep\n|\n|t:|1776595084\n|switch|p2a: Pelipper|Pelipper, L50, F, shiny|86/100\n|-weather|RainDance|[from] ability: Drizzle|[of] p2a: Pelipper\n|turn|7\n|\n|t:|1776595104\n|move|p1b: Gemma|Protect|p1b: Gemma\n|-singleturn|p1b: Gemma|Protect\n|move|p1a: Starmie|Protect|p1a: Starmie\n|-singleturn|p1a: Starmie|Protect\n|move|p2b: Sneasler|Throat Chop|p1a: Starmie\n|-activate|p1a: Starmie|move: Protect\n|move|p2a: Pelipper|Weather Ball|p1b: Gemma\n|-activate|p1b: Gemma|move: Protect\n|\n|-weather|RainDance|[upkeep]\n|upkeep\n|turn|8\n|\n|t:|1776595124\n|switch|p1b: Maushold|Maushold, L50|8/100\n|move|p2b: Sneasler|Throat Chop|p1a: Starmie\n|-supereffective|p1a: Starmie|1\n|-damage|p1a: Starmie|38/100\n|-start|p1a: Starmie|Throat Chop|[silent]\n|move|p1a: Starmie|Liquidation|p2b: Sneasler\n|-enditem|p2b: Sneasler|Focus Sash\n|-damage|p2b: Sneasler|1/100\n|move|p2a: Pelipper|Hurricane|p1a: Starmie\n|-damage|p1a: Starmie|0 fnt\n|faint|p1a: Starmie\n|\n|-weather|RainDance|[upkeep]\n|upkeep\n|\n|t:|1776595128\n|switch|p1a: Gemma|Ninetales-Alola, L50, F|70/100\n|-weather|Snowscape|[from] ability: Snow Warning|[of] p1a: Gemma\n|turn|9\n|\n|t:|1776595146\n|move|p1b: Maushold|Follow Me|p1b: Maushold\n|-singleturn|p1b: Maushold|move: Follow Me\n|move|p2b: Sneasler|Dire Claw|p1b: Maushold\n|-damage|p1b: Maushold|0 fnt\n|faint|p1b: Maushold\n|move|p1a: Gemma|Blizzard|p2a: Pelipper|[spread] p2a,p2b\n|-damage|p2a: Pelipper|40/100\n|-damage|p2b: Sneasler|0 fnt\n|faint|p2b: Sneasler\n|move|p2a: Pelipper|U-turn|p1a: Gemma\n|-resisted|p1a: Gemma|1\n|-damage|p1a: Gemma|66/100\n|\n|t:|1776595157\n|switch|p2a: Basculegion|Basculegion, L50, M|9/100|[from] U-turn\n|\n|-weather|Snowscape|[upkeep]\n|upkeep\n|\n|t:|1776595161\n|switch|p2b: Pelipper|Pelipper, L50, F, shiny|40/100\n|-weather|RainDance|[from] ability: Drizzle|[of] p2b: Pelipper\n|turn|10\n|\n|t:|1776595176\n|move|p2a: Basculegion|Wave Crash|p1a: Gemma\n|-damage|p1a: Gemma|0 fnt\n|faint|p1a: Gemma\n|-damage|p2a: Basculegion|0 fnt|[from] Recoil\n|faint|p2a: Basculegion\n|\n|win|bomooose\n|raw|Scaramouche_UwU6's rating: 1090 &rarr; <strong>1066</strong><br />(-24 for losing)\n|raw|bomooose's rating: 1076 &rarr; <strong>1106</strong><br />(+30 for winning)\n|l|\u2606Scaramouche_UwU6\n|player|p1|\n|c|\u2606bomooose|gg\n",
  "uploadtime": 1776595202,
  "views": 8,
  "formatid": "gen9championsvgc2026regma",
  "rating": 1066,
  "private": 0,
  "password": null
}