{
  "id": "gen9championsvgc2026regma-2581659561",
  "format": "[Gen 9 Champions] VGC 2026 Reg M-A",
  "players": [
    "eeaka",
    "DimensionalFool"
  ],
  "log": "|j|\u2606eeaka\n|j|\u2606DimensionalFool\n|t:|1776018660\n|gametype|doubles\n|player|p1|eeaka|lady|1228\n|player|p2|DimensionalFool|102|1306\n|gen|9\n|tier|[Gen 9 Champions] VGC 2026 Reg M-A\n|rated|\n|rule|Species Clause: Limit one of each Pok\u00e9mon\n|rule|Item Clause: Limit 1 of each item\n|clearpoke\n|poke|p1|Charizard, L50, M|\n|poke|p1|Incineroar, L50, M|\n|poke|p1|Whimsicott, L50, M|\n|poke|p1|Rotom-Wash, L50|\n|poke|p1|Sneasler, L50, F|\n|poke|p1|Garchomp, L50, M|\n|poke|p2|Pelipper, L50, F|\n|poke|p2|Dragonite, L50, F|\n|poke|p2|Corviknight, L50, M|\n|poke|p2|Meganium, L50, F|\n|poke|p2|Sneasler, L50, F|\n|poke|p2|Basculegion, L50, M|\n|teampreview|4\n|inactive|Battle timer is ON: inactive players will automatically lose when time's up. (requested by DimensionalFool)\nDimensionalFool rejected open team sheets.\n|l|\u2606eeaka\n|inactive|eeaka disconnected and has a minute to reconnect!\n|player|p1|\n|j|\u2606eeaka\n|inactive|eeaka reconnected and has 70 seconds left.\n|player|p1|eeaka|lady|\n|inactive|eeaka also wants the timer to be on.\n|inactive|eeaka has 60 seconds left.\n|inactive|eeaka has 30 seconds left.\n|\n|t:|1776018723\n|teamsize|p1|4\n|teamsize|p2|4\n|start\n|switch|p1a: Rotom|Rotom-Wash, L50|100/100\n|switch|p1b: Charizard|Charizard, L50, M|100/100\n|switch|p2a: Sneasler|Sneasler, L50, F|100/100\n|switch|p2b: Basculegion|Basculegion, L50, M|100/100\n|turn|1\n|\n|t:|1776018739\n|move|p1b: Charizard|Protect|p1b: Charizard\n|-singleturn|p1b: Charizard|Protect\n|move|p1a: Rotom|Protect|p1a: Rotom\n|-singleturn|p1a: Rotom|Protect\n|move|p2b: Basculegion|Flip Turn|p1a: Rotom\n|-activate|p1a: Rotom|move: Protect\n|move|p2a: Sneasler|Rock Slide|p1a: Rotom|[spread] \n|-activate|p1a: Rotom|move: Protect\n|-activate|p1b: Charizard|move: Protect\n|\n|upkeep\n|turn|2\n|\n|t:|1776018760\n|detailschange|p1b: Charizard|Charizard-Mega-Y, L50, M\n|-mega|p1b: Charizard|Charizard|Charizardite Y\n|-weather|SunnyDay|[from] ability: Drought|[of] p1b: Charizard\n|move|p2b: Basculegion|Flip Turn|p1b: Charizard\n|-supereffective|p1b: Charizard|1\n|-damage|p1b: Charizard|59/100\n|\n|t:|1776018766\n|switch|p2b: Pelipper|Pelipper, L50, F|100/100|[from] Flip Turn\n|-weather|RainDance|[from] ability: Drizzle|[of] p2b: Pelipper\n|move|p2a: Sneasler|Close Combat|p1b: Charizard\n|-resisted|p1b: Charizard|1\n|-damage|p1b: Charizard|25/100\n|-unboost|p2a: Sneasler|def|1\n|-unboost|p2a: Sneasler|spd|1\n|move|p1b: Charizard|Heat Wave|p2b: Pelipper|[spread] p2a,p2b\n|-resisted|p2b: Pelipper|1\n|-damage|p2a: Sneasler|55/100\n|-damage|p2b: Pelipper|83/100\n|move|p1a: Rotom|Volt Switch|p2b: Pelipper\n|-supereffective|p2b: Pelipper|2\n|-damage|p2b: Pelipper|0 fnt\n|faint|p2b: Pelipper\n|\n|t:|1776018788\n|switch|p1a: Whimsicott|Whimsicott, L50, M|100/100|[from] Volt Switch\n|\n|-weather|RainDance|[upkeep]\n|upkeep\n|inactive|DimensionalFool has 30 seconds left.\n|\n|t:|1776018814\n|switch|p2b: Meganium|Meganium, L50, F|100/100\n|turn|3\n|inactive|eeaka has 30 seconds left.\n|\n|t:|1776018841\n|switch|p1b: Sneasler|Sneasler, L50, F|100/100\n|detailschange|p2b: Meganium|Meganium-Mega, L50, F\n|-mega|p2b: Meganium|Meganium|Meganiumite\n|move|p1a: Whimsicott|Encore|p2a: Sneasler\n|-start|p2a: Sneasler|Encore\n|move|p2a: Sneasler|Close Combat|p1a: Whimsicott\n|-resisted|p1a: Whimsicott|1\n|-damage|p1a: Whimsicott|53/100\n|-unboost|p2a: Sneasler|def|1\n|-unboost|p2a: Sneasler|spd|1\n|move|p2b: Meganium|Solar Beam||[still]\n|-prepare|p2b: Meganium|Solar Beam\n|-activate|p2b: Meganium|ability: Mega Sol\n|-anim|p2b: Meganium|Solar Beam|p1b: Sneasler\n|-resisted|p1b: Sneasler|1\n|-damage|p1b: Sneasler|53/100\n|\n|-weather|RainDance|[upkeep]\n|upkeep\n|turn|4\n|\n|t:|1776018856\n|switch|p2a: Basculegion|Basculegion, L50, M|100/100\n|move|p2b: Meganium|Protect|p2b: Meganium\n|-singleturn|p2b: Meganium|Protect\n|move|p1a: Whimsicott|Tailwind|p1a: Whimsicott\n|-sidestart|p1: eeaka|move: Tailwind\n|move|p1b: Sneasler|Dire Claw|p2b: Meganium\n|-activate|p2b: Meganium|move: Protect\n|\n|-weather|RainDance|[upkeep]\n|upkeep\n|turn|5\n|\n|t:|1776018877\n|switch|p1b: Rotom|Rotom-Wash, L50|100/100\n|move|p1a: Whimsicott|Encore|p2b: Meganium\n|-start|p2b: Meganium|Encore\n|move|p2b: Meganium|Protect||[still]\n|-fail|p2b: Meganium\n|move|p2a: Basculegion|Flip Turn|p1b: Rotom\n|-resisted|p1b: Rotom|1\n|-damage|p1b: Rotom|67/100\n|\n|t:|1776018885\n|switch|p2a: Sneasler|Sneasler, L50, F|55/100|[from] Flip Turn\n|\n|-weather|RainDance|[upkeep]\n|-heal|p1b: Rotom|73/100|[from] item: Leftovers\n|upkeep\n|turn|6\n|inactive|eeaka has 30 seconds left.\n|\n|t:|1776018918\n|switch|p2b: Basculegion|Basculegion, L50, M|100/100\n|move|p2a: Sneasler|Fake Out|p1b: Rotom\n|-damage|p1b: Rotom|57/100\n|move|p1a: Whimsicott|Moonblast|p2a: Sneasler\n|-damage|p2a: Sneasler|4/100\n|cant|p1b: Rotom|flinch\n|\n|-weather|none\n|-heal|p1b: Rotom|63/100|[from] item: Leftovers\n|upkeep\n|turn|7\n|inactive|eeaka has 30 seconds left.\n|\n|t:|1776018943\n|switch|p2a: Meganium|Meganium-Mega, L50, F|100/100\n|move|p1a: Whimsicott|Moonblast|p2a: Meganium\n|-damage|p2a: Meganium|71/100\n|move|p1b: Rotom|Volt Switch|p2b: Basculegion\n|-supereffective|p2b: Basculegion|1\n|-damage|p2b: Basculegion|29/100\n|\n|t:|1776018957\n|switch|p1b: Charizard|Charizard-Mega-Y, L50, M|25/100|[from] Volt Switch\n|-weather|SunnyDay|[from] ability: Drought|[of] p1b: Charizard\n|move|p2b: Basculegion|Last Respects|p1a: Whimsicott\n|-damage|p1a: Whimsicott|0 fnt\n|faint|p1a: Whimsicott\n|\n|-weather|SunnyDay|[upkeep]\n|-sideend|p1: eeaka|move: Tailwind\n|upkeep\n|\n|t:|1776018965\n|switch|p1a: Sneasler|Sneasler, L50, F|53/100\n|turn|8\n|\n|t:|1776018980\n|move|p1b: Charizard|Protect|p1b: Charizard\n|-singleturn|p1b: Charizard|Protect\n|move|p2a: Meganium|Protect|p2a: Meganium\n|-singleturn|p2a: Meganium|Protect\n|move|p2b: Basculegion|Last Respects|p1b: Charizard\n|-activate|p1b: Charizard|move: Protect\n|move|p1a: Sneasler|Dire Claw|p2b: Basculegion\n|-resisted|p2b: Basculegion|1\n|-crit|p2b: Basculegion\n|-damage|p2b: Basculegion|0 fnt\n|faint|p2b: Basculegion\n|\n|-weather|SunnyDay|[upkeep]\n|upkeep\n|\n|t:|1776018982\n|switch|p2b: Sneasler|Sneasler, L50, F|4/100\n|turn|9\n|\n|t:|1776019001\n|move|p1a: Sneasler|Dire Claw|p2a: Meganium\n|-supereffective|p2a: Meganium|2\n|-damage|p2a: Meganium|0 fnt\n|faint|p2a: Meganium\n|move|p2b: Sneasler|Rock Slide|p1b: Charizard|[spread] p1a,p1b\n|-resisted|p1a: Sneasler|1\n|-supereffective|p1b: Charizard|2\n|-damage|p1a: Sneasler|34/100\n|-damage|p1b: Charizard|0 fnt\n|faint|p1b: Charizard\n|\n|-weather|SunnyDay|[upkeep]\n|upkeep\n|\n|t:|1776019008\n|switch|p1b: Rotom|Rotom-Wash, L50|63/100\n|turn|10\n|\n|t:|1776019013\n|move|p1a: Sneasler|Close Combat|p2b: Sneasler\n|-resisted|p2b: Sneasler|1\n|-damage|p2b: Sneasler|0 fnt\n|-unboost|p1a: Sneasler|def|1\n|-unboost|p1a: Sneasler|spd|1\n|faint|p2b: Sneasler\n|\n|win|eeaka\n|raw|eeaka's rating: 1228 &rarr; <strong>1259</strong><br />(+31 for winning)\n|raw|DimensionalFool's rating: 1306 &rarr; <strong>1282</strong><br />(-24 for losing)\n|l|\u2606DimensionalFool\n|player|p2|\n",
  "uploadtime": 1776019023,
  "views": 23,
  "formatid": "gen9championsvgc2026regma",
  "rating": 1259,
  "private": 0,
  "password": null
}