{
  "id": "gen9championsvgc2026regma-2585760417",
  "format": "[Gen 9 Champions] VGC 2026 Reg M-A",
  "players": [
    "alexarbok",
    "bigearlington"
  ],
  "log": "|j|\u2606alexarbok\n|j|\u2606bigearlington\n|t:|1776368704\n|gametype|doubles\n|player|p1|alexarbok|1|1095\n|player|p2|bigearlington|102|1162\n|gen|9\n|tier|[Gen 9 Champions] VGC 2026 Reg M-A\n|rated|\n|rule|Species Clause: Limit one of each Pok\u00e9mon\n|rule|Item Clause: Limit 1 of each item\n|clearpoke\n|poke|p1|Meganium, L50, F|\n|poke|p1|Pelipper, L50, M|\n|poke|p1|Basculegion, L50, M|\n|poke|p1|Archaludon, L50, F|\n|poke|p1|Sneasler, L50, M|\n|poke|p1|Dragonite, L50, F|\n|poke|p2|Aerodactyl, L50, F|\n|poke|p2|Maushold, L50|\n|poke|p2|Garchomp, L50, M|\n|poke|p2|Delphox, L50, M|\n|poke|p2|Aegislash, L50, M|\n|poke|p2|Floette-Eternal, L50, F|\n|teampreview|4\n|inactive|Battle timer is ON: inactive players will automatically lose when time's up. (requested by alexarbok)\n|inactive|bigearlington has 60 seconds left.\n|inactive|bigearlington has 30 seconds left.\n|\n|t:|1776368790\n|teamsize|p1|4\n|teamsize|p2|4\n|start\n|switch|p1a: Pelipper|Pelipper, L50, M|100/100\n|switch|p1b: Archaludon|Archaludon, L50, F|100/100\n|switch|p2a: Aerodactyl|Aerodactyl, L50, F|100/100\n|switch|p2b: Aegislash|Aegislash, L50, M|100/100\n|-ability|p2a: Aerodactyl|Unnerve\n|-weather|RainDance|[from] ability: Drizzle|[of] p1a: Pelipper\n|turn|1\n|inactive|alexarbok has 30 seconds left.\n|inactive|bigearlington has 30 seconds left.\n|inactive|bigearlington has 20 seconds left.\n|inactive|bigearlington has 15 seconds left.\n|inactive|bigearlington has 10 seconds left.\n|inactive|bigearlington has 5 seconds left.\n|\n|t:|1776368841\n|move|p2a: Aerodactyl|Tailwind|p2a: Aerodactyl\n|-sidestart|p2: bigearlington|move: Tailwind\n|-formechange|p2b: Aegislash|Aegislash-Blade|\n|move|p2b: Aegislash|Poltergeist|p1a: Pelipper\n|-activate|p1a: Pelipper|move: Poltergeist|Leftovers\n|-damage|p1a: Pelipper|39/100\n|move|p1b: Archaludon|Electro Shot||[still]\n|-prepare|p1b: Archaludon|Electro Shot\n|-boost|p1b: Archaludon|spa|1\n|-anim|p1b: Archaludon|Electro Shot|p2b: Aegislash\n|-damage|p2b: Aegislash|0 fnt\n|faint|p2b: Aegislash\n|move|p1a: Pelipper|Tailwind|p1a: Pelipper\n|-sidestart|p1: alexarbok|move: Tailwind\n|\n|-weather|RainDance|[upkeep]\n|-heal|p1a: Pelipper|45/100|[from] item: Leftovers\n|upkeep\n|inactive|bigearlington has 30 seconds left.\n|\n|t:|1776368868\n|switch|p2b: Floette|Floette-Eternal, L50, F|100/100\n|turn|2\n|inactive|bigearlington has 30 seconds left.\n|inactive|bigearlington has 20 seconds left.\n|inactive|bigearlington has 15 seconds left.\n|\n|t:|1776368910\n|detailschange|p2b: Floette|Floette-Mega, L50, F\n|-mega|p2b: Floette|Floette|Floettite\n|-ability|p2b: Floette|Fairy Aura\n|move|p2a: Aerodactyl|Rock Slide|p1a: Pelipper|[spread] p1a,p1b\n|-supereffective|p1a: Pelipper|1\n|-resisted|p1b: Archaludon|1\n|-crit|p1b: Archaludon\n|-damage|p1a: Pelipper|5/100\n|-damage|p1b: Archaludon|87/100\n|move|p2b: Floette|Moonblast|p1b: Archaludon\n|-damage|p1b: Archaludon|0 fnt\n|faint|p1b: Archaludon\n|move|p1a: Pelipper|Hurricane|p2b: Floette\n|-damage|p2b: Floette|72/100\n|\n|-weather|RainDance|[upkeep]\n|-heal|p1a: Pelipper|11/100|[from] item: Leftovers\n|upkeep\n|\n|t:|1776368926\n|switch|p1b: Basculegion|Basculegion, L50, M|100/100\n|turn|3\n|inactive|bigearlington has 30 seconds left.\n|inactive|bigearlington has 20 seconds left.\n|\n|t:|1776368965\n|move|p2b: Floette|Protect|p2b: Floette\n|-singleturn|p2b: Floette|Protect\n|move|p1b: Basculegion|Wave Crash|p2b: Floette\n|-activate|p2b: Floette|move: Protect\n|move|p2a: Aerodactyl|Rock Slide|p1b: Basculegion|[spread] p1a,p1b\n|-supereffective|p1a: Pelipper|1\n|-damage|p1a: Pelipper|0 fnt\n|-damage|p1b: Basculegion|69/100\n|faint|p1a: Pelipper\n|\n|-weather|RainDance|[upkeep]\n|upkeep\n|\n|t:|1776368975\n|switch|p1a: Meganium|Meganium, L50, F|100/100\n|turn|4\n|inactive|bigearlington has 30 seconds left.\n|inactive|bigearlington has 20 seconds left.\n|inactive|bigearlington has 15 seconds left.\n|inactive|bigearlington has 10 seconds left.\n|\n|t:|1776369023\n|detailschange|p1a: Meganium|Meganium-Mega, L50, F\n|-mega|p1a: Meganium|Meganium|Meganiumite\n|move|p1a: Meganium|Protect|p1a: Meganium\n|-singleturn|p1a: Meganium|Protect\n|move|p2b: Floette|Protect||[still]\n|-fail|p2b: Floette\n|move|p1b: Basculegion|Wave Crash|p2b: Floette\n|-damage|p2b: Floette|0 fnt\n|faint|p2b: Floette\n|-damage|p1b: Basculegion|47/100|[from] Recoil\n|move|p2a: Aerodactyl|Rock Slide|p1b: Basculegion|[spread] p1b\n|-activate|p1a: Meganium|move: Protect\n|-damage|p1b: Basculegion|17/100\n|\n|-weather|RainDance|[upkeep]\n|-sideend|p2: bigearlington|move: Tailwind\n|-sideend|p1: alexarbok|move: Tailwind\n|upkeep\n|\n|t:|1776369037\n|switch|p2b: Maushold|Maushold, L50|100/100\n|turn|5\n|inactive|bigearlington has 30 seconds left.\n|\n|t:|1776369069\n|move|p2a: Aerodactyl|Protect|p2a: Aerodactyl\n|-singleturn|p2a: Aerodactyl|Protect\n|move|p2b: Maushold|Protect|p2b: Maushold\n|-singleturn|p2b: Maushold|Protect\n|move|p1b: Basculegion|Wave Crash|p2a: Aerodactyl\n|-activate|p2a: Aerodactyl|move: Protect\n|move|p1a: Meganium|Solar Beam||[still]\n|-prepare|p1a: Meganium|Solar Beam\n|-activate|p1a: Meganium|ability: Mega Sol\n|-anim|p1a: Meganium|Solar Beam|p2b: Maushold\n|-activate|p2b: Maushold|move: Protect\n|\n|-weather|none\n|upkeep\n|turn|6\n|\n|t:|1776369086\n|move|p1b: Basculegion|Wave Crash|p2a: Aerodactyl\n|-supereffective|p2a: Aerodactyl|1\n|-enditem|p2a: Aerodactyl|Focus Sash\n|-damage|p2a: Aerodactyl|1/100\n|-damage|p1b: Basculegion|0 fnt|[from] Recoil\n|faint|p1b: Basculegion\n|move|p2a: Aerodactyl|Rock Slide|p1a: Meganium\n|-damage|p1a: Meganium|68/100\n|move|p2b: Maushold|Super Fang|p1a: Meganium\n|-damage|p1a: Meganium|34/100\n|move|p1a: Meganium|Solar Beam||[still]\n|-prepare|p1a: Meganium|Solar Beam\n|-activate|p1a: Meganium|ability: Mega Sol\n|-anim|p1a: Meganium|Solar Beam|p2b: Maushold\n|-damage|p2b: Maushold|17/100\n|\n|upkeep\n|turn|7\n|inactive|bigearlington has 30 seconds left.\n|inactive|bigearlington has 20 seconds left.\n|inactive|bigearlington has 15 seconds left.\n|inactive|bigearlington has 10 seconds left.\n|\n|t:|1776369137\n|move|p2a: Aerodactyl|Protect|p2a: Aerodactyl\n|-singleturn|p2a: Aerodactyl|Protect\n|move|p2b: Maushold|Super Fang|p1a: Meganium\n|-damage|p1a: Meganium|18/100\n|move|p1a: Meganium|Dazzling Gleam|p2a: Aerodactyl|[spread] p2b\n|-activate|p2a: Aerodactyl|move: Protect\n|-damage|p2b: Maushold|0 fnt\n|faint|p2b: Maushold\n|\n|upkeep\n|turn|8\n|\n|t:|1776369146\n|move|p1a: Meganium|Protect|p1a: Meganium\n|-singleturn|p1a: Meganium|Protect\n|move|p2a: Aerodactyl|Dual Wingbeat|p1a: Meganium\n|-activate|p1a: Meganium|move: Protect\n|\n|upkeep\n|turn|9\n|\n|t:|1776369157\n|move|p2a: Aerodactyl|Dual Wingbeat|p1a: Meganium\n|-supereffective|p1a: Meganium|1\n|-damage|p1a: Meganium|0 fnt\n|faint|p1a: Meganium\n|-hitcount|p1: Meganium|1\n|\n|win|bigearlington\n|raw|alexarbok's rating: 1095 &rarr; <strong>1075</strong><br />(-20 for losing)\n|raw|bigearlington's rating: 1162 &rarr; <strong>1182</strong><br />(+20 for winning)\n|l|\u2606alexarbok\n|player|p1|\n",
  "uploadtime": 1776369165,
  "views": 22,
  "formatid": "gen9championsvgc2026regma",
  "rating": 1075,
  "private": 0,
  "password": null
}