{
  "id": "gen9championsvgc2026regma-2582814980",
  "format": "[Gen 9 Champions] VGC 2026 Reg M-A",
  "players": [
    "FXXR",
    "IkeAmp88"
  ],
  "log": "|j|\u2606FXXR\n|j|\u2606IkeAmp88\n|t:|1776116184\n|gametype|doubles\n|player|p1|FXXR|170|1205\n|player|p2|IkeAmp88|2|1237\n|gen|9\n|tier|[Gen 9 Champions] VGC 2026 Reg M-A\n|rated|\n|rule|Species Clause: Limit one of each Pok\u00e9mon\n|rule|Item Clause: Limit 1 of each item\n|clearpoke\n|poke|p1|Froslass, L50, F|\n|poke|p1|Greninja-*, L50, F|\n|poke|p1|Pelipper, L50, F|\n|poke|p1|Rotom-Frost, L50|\n|poke|p1|Basculegion, L50, M|\n|poke|p1|Incineroar, L50, F|\n|poke|p2|Zoroark-Hisui, L50, F|\n|poke|p2|Passimian, L50, F|\n|poke|p2|Delphox, L50, F|\n|poke|p2|Tsareena, L50, F|\n|poke|p2|Orthworm, L50, M|\n|poke|p2|Aerodactyl, L50, M|\n|teampreview|4\n|inactive|Battle timer is ON: inactive players will automatically lose when time's up. (requested by FXXR)\n|inactive|FXXR has 60 seconds left.\n|inactive|IkeAmp88 has 60 seconds left.\n|\n|t:|1776116235\n|teamsize|p1|4\n|teamsize|p2|4\n|start\n|switch|p1a: Froslass|Froslass, L50, F, shiny|100/100\n|switch|p1b: Greninja|Greninja, L50, F, shiny|100/100\n|switch|p2a: Orthworm|Orthworm, L50, M|100/100\n|switch|p2b: Passimian|Passimian, L50, F|100/100\n|turn|1\n|\n|t:|1776116254\n|detailschange|p1a: Froslass|Froslass-Mega, L50, F, shiny\n|-mega|p1a: Froslass|Froslass|Froslassite\n|-weather|Snowscape|[from] ability: Snow Warning|[of] p1a: Froslass\n|move|p2b: Passimian|Close Combat|p1b: Greninja\n|-supereffective|p1b: Greninja|1\n|-damage|p1b: Greninja|0 fnt\n|-unboost|p2b: Passimian|def|1\n|-unboost|p2b: Passimian|spd|1\n|faint|p1b: Greninja\n|move|p1a: Froslass|Blizzard|p2b: Passimian|[spread] p2a,p2b\n|-resisted|p2a: Orthworm|1\n|-damage|p2a: Orthworm|67/100\n|-damage|p2b: Passimian|0 fnt\n|faint|p2b: Passimian\n|move|p2a: Orthworm|Shed Tail|p2a: Orthworm\n|-start|p2a: Orthworm|Substitute|[from] move: Shed Tail\n|-damage|p2a: Orthworm|16/100\n|-enditem|p2a: Orthworm|Sitrus Berry|[eat]\n|-heal|p2a: Orthworm|41/100|[from] item: Sitrus Berry\n|\n|t:|1776116266\n|switch|p2a: Delphox|Delphox, L50, F|100/100|[from] Shed Tail\n|\n|-weather|Snowscape|[upkeep]\n|upkeep\n|\n|t:|1776116289\n|switch|p2b: Orthworm|Orthworm, L50, M|41/100\n|switch|p1b: Basculegion|Basculegion, L50, M, shiny|100/100\n|turn|2\n|inactive|IkeAmp88 has 30 seconds left.\n|\n|t:|1776116316\n|switch|p1a: Pelipper|Pelipper, L50, F, shiny|100/100\n|-weather|RainDance|[from] ability: Drizzle|[of] p1a: Pelipper\n|move|p1b: Basculegion|Flip Turn|p2a: Delphox\n|-supereffective|p2a: Delphox|1\n|-end|p2a: Delphox|Substitute\n|\n|t:|1776116328\n|switch|p1b: Froslass|Froslass-Mega, L50, F, shiny|100/100|[from] Flip Turn\n|-weather|Snowscape|[from] ability: Snow Warning|[of] p1b: Froslass\n|move|p2a: Delphox|Nasty Plot|p2a: Delphox\n|-boost|p2a: Delphox|spa|2\n|move|p2b: Orthworm|Heavy Slam|p1a: Pelipper\n|-resisted|p1a: Pelipper|1\n|-damage|p1a: Pelipper|78/100\n|\n|-weather|Snowscape|[upkeep]\n|upkeep\n|turn|3\n|inactive|FXXR has 30 seconds left.\n|inactive|IkeAmp88 has 30 seconds left.\n|\n|t:|1776116363\n|detailschange|p2a: Delphox|Delphox-Mega, L50, F\n|-mega|p2a: Delphox|Delphox|Delphoxite\n|move|p1b: Froslass|Protect|p1b: Froslass\n|-singleturn|p1b: Froslass|Protect\n|move|p2a: Delphox|Heat Wave|p1a: Pelipper|[spread] p1a\n|-activate|p1b: Froslass|move: Protect\n|-resisted|p1a: Pelipper|1\n|-damage|p1a: Pelipper|0 fnt\n|faint|p1a: Pelipper\n|move|p2b: Orthworm|Heavy Slam|p1b: Froslass\n|-activate|p1b: Froslass|move: Protect\n|\n|-weather|Snowscape|[upkeep]\n|upkeep\n|\n|t:|1776116378\n|switch|p1a: Basculegion|Basculegion, L50, M, shiny|100/100\n|turn|4\n|\n|t:|1776116393\n|move|p2a: Delphox|Heat Wave|p1b: Froslass|[spread] p1a\n|-miss|p2a: Delphox|p1b: Froslass\n|-resisted|p1a: Basculegion|1\n|-damage|p1a: Basculegion|58/100\n|move|p1b: Froslass|Aurora Veil|p1b: Froslass\n|-sidestart|p1: FXXR|move: Aurora Veil\n|move|p1a: Basculegion|Wave Crash|p2a: Delphox\n|-supereffective|p2a: Delphox|1\n|-damage|p2a: Delphox|0 fnt\n|faint|p2a: Delphox\n|-damage|p1a: Basculegion|36/100|[from] Recoil\n|move|p2b: Orthworm|Heavy Slam|p1b: Froslass\n|-supereffective|p1b: Froslass|1\n|-damage|p1b: Froslass|49/100\n|\n|-weather|Snowscape|[upkeep]\n|upkeep\n|\n|t:|1776116401\n|switch|p2a: Tsareena|Tsareena, L50, F|100/100\n|turn|5\n|inactive|FXXR has 30 seconds left.\n|\n|t:|1776116428\n|move|p1b: Froslass|Blizzard|p2b: Orthworm|[spread] p2a,p2b\n|-supereffective|p2a: Tsareena|1\n|-resisted|p2b: Orthworm|1\n|-damage|p2a: Tsareena|26/100\n|-damage|p2b: Orthworm|7/100\n|-status|p2a: Tsareena|frz\n|move|p1a: Basculegion|Wave Crash|p2b: Orthworm\n|-damage|p2b: Orthworm|0 fnt\n|faint|p2b: Orthworm\n|-damage|p1a: Basculegion|34/100|[from] Recoil\n|cant|p2a: Tsareena|frz\n|\n|-weather|Snowscape|[upkeep]\n|upkeep\n|turn|6\n|\n|t:|1776116446\n|move|p1b: Froslass|Blizzard|p2a: Tsareena\n|-supereffective|p2a: Tsareena|1\n|-damage|p2a: Tsareena|0 fnt\n|faint|p2a: Tsareena\n|\n|win|FXXR\n|raw|FXXR's rating: 1205 &rarr; <strong>1232</strong><br />(+27 for winning)\n|raw|IkeAmp88's rating: 1237 &rarr; <strong>1210</strong><br />(-27 for losing)\n",
  "uploadtime": 1776116449,
  "views": 27,
  "formatid": "gen9championsvgc2026regma",
  "rating": 1210,
  "private": 0,
  "password": null
}