{
  "id": "gen9championsvgc2026regma-2587246142",
  "format": "[Gen 9 Champions] VGC 2026 Reg M-A",
  "players": [
    "ThatOtherOneWeirdo",
    "kikuey"
  ],
  "log": "|j|\u2606ThatOtherOneWeirdo\n|j|\u2606kikuey\n|t:|1776513916\n|gametype|doubles\n|player|p1|ThatOtherOneWeirdo|bellelba|1086\n|player|p2|kikuey|blue-gen2|1181\n|gen|9\n|tier|[Gen 9 Champions] VGC 2026 Reg M-A\n|rated|\n|rule|Species Clause: Limit one of each Pok\u00e9mon\n|rule|Item Clause: Limit 1 of each item\n|clearpoke\n|poke|p1|Chandelure, L50, F, shiny|\n|poke|p1|Whimsicott, L50, F, shiny|\n|poke|p1|Incineroar, L50, M, shiny|\n|poke|p1|Farigiraf, L50, F, shiny|\n|poke|p1|Crabominable, L50, F, shiny|\n|poke|p1|Orthworm, L50, M, shiny|\n|poke|p2|Gengar, L50, F, shiny|\n|poke|p2|Incineroar, L50, M|\n|poke|p2|Sneasler, L50, M|\n|poke|p2|Kingambit, L50, F|\n|poke|p2|Meganium, L50, F|\n|poke|p2|Rotom-Wash, L50|\n|teampreview|4\n|inactive|Battle timer is ON: inactive players will automatically lose when time's up. (requested by kikuey)\n|inactive|ThatOtherOneWeirdo has 60 seconds left.\n|inactive|kikuey has 60 seconds left.\n|\n|t:|1776513974\n|teamsize|p1|4\n|teamsize|p2|4\n|start\n|switch|p1a: Chandelure|Chandelure, L50, F, shiny|100/100\n|switch|p1b: Whimsicott|Whimsicott, L50, F, shiny|100/100\n|switch|p2a: Gengar|Gengar, L50, F, shiny|100/100\n|switch|p2b: Rotom|Rotom-Wash, L50|100/100\n|turn|1\n|inactive|ThatOtherOneWeirdo has 30 seconds left.\n|inactive|kikuey has 30 seconds left.\n|inactive|ThatOtherOneWeirdo has 20 seconds left.\n|\n|t:|1776514010\n|detailschange|p2a: Gengar|Gengar-Mega, L50, F, shiny\n|-mega|p2a: Gengar|Gengar|Gengarite\n|move|p2a: Gengar|Protect|p2a: Gengar\n|-singleturn|p2a: Gengar|Protect\n|move|p1a: Chandelure|Protect|p1a: Chandelure\n|-singleturn|p1a: Chandelure|Protect\n|move|p1b: Whimsicott|Tailwind|p1b: Whimsicott\n|-sidestart|p1: ThatOtherOneWeirdo|move: Tailwind\n|move|p2b: Rotom|Volt Switch|p1a: Chandelure\n|-activate|p1a: Chandelure|move: Protect\n|\n|upkeep\n|turn|2\n|inactive|ThatOtherOneWeirdo has 30 seconds left.\n|inactive|ThatOtherOneWeirdo has 20 seconds left.\n|inactive|ThatOtherOneWeirdo has 15 seconds left.\n|inactive|ThatOtherOneWeirdo has 10 seconds left.\n|inactive|ThatOtherOneWeirdo has 5 seconds left.\n|\n|t:|1776514061\n|switch|p2a: Incineroar|Incineroar, L50, M|100/100\n|-ability|p2a: Incineroar|Intimidate|boost\n|-unboost|p1a: Chandelure|atk|1\n|-unboost|p1b: Whimsicott|atk|1\n|detailschange|p1a: Chandelure|Chandelure-Mega, L50, F, shiny\n|-mega|p1a: Chandelure|Chandelure|Chandelurite\n|move|p1b: Whimsicott|Taunt|p2a: Incineroar\n|-hint|Since gen 7, Dark is immune to Prankster moves.\n|-immune|p2a: Incineroar\n|move|p1a: Chandelure|Shadow Ball|p2a: Incineroar\n|-resisted|p2a: Incineroar|1\n|-damage|p2a: Incineroar|77/100\n|-unboost|p2a: Incineroar|spd|1\n|move|p2b: Rotom|Hydro Pump|p1a: Chandelure\n|-supereffective|p1a: Chandelure|1\n|-damage|p1a: Chandelure|3/100\n|\n|upkeep\n|turn|3\n|inactive|ThatOtherOneWeirdo has 30 seconds left.\n|inactive|kikuey has 30 seconds left.\n|\n|t:|1776514091\n|move|p1a: Chandelure|Protect|p1a: Chandelure\n|-singleturn|p1a: Chandelure|Protect\n|move|p2a: Incineroar|Fake Out|p1b: Whimsicott\n|-damage|p1b: Whimsicott|86/100\n|cant|p1b: Whimsicott|flinch\n|move|p2b: Rotom|Volt Switch|p1a: Chandelure\n|-activate|p1a: Chandelure|move: Protect\n|\n|upkeep\n|turn|4\n|\n|t:|1776514103\n|move|p2a: Incineroar|Protect|p2a: Incineroar\n|-singleturn|p2a: Incineroar|Protect\n|move|p1b: Whimsicott|Sunny Day|p1b: Whimsicott\n|-weather|SunnyDay\n|move|p1a: Chandelure|Solar Beam||[still]\n|-prepare|p1a: Chandelure|Solar Beam\n|-anim|p1a: Chandelure|Solar Beam|p2b: Rotom\n|-supereffective|p2b: Rotom|1\n|-damage|p2b: Rotom|0 fnt\n|faint|p2b: Rotom\n|\n|-weather|SunnyDay|[upkeep]\n|-sideend|p1: ThatOtherOneWeirdo|move: Tailwind\n|upkeep\n|\n|t:|1776514116\n|switch|p2b: Kingambit|Kingambit, L50, F|100/100\n|turn|5\n|\n|t:|1776514134\n|move|p1a: Chandelure|Protect|p1a: Chandelure\n|-singleturn|p1a: Chandelure|Protect\n|move|p1b: Whimsicott|Tailwind|p1b: Whimsicott\n|-sidestart|p1: ThatOtherOneWeirdo|move: Tailwind\n|move|p2b: Kingambit|Sucker Punch||[still]\n|-fail|p2b: Kingambit\n|move|p2a: Incineroar|Flare Blitz|p1b: Whimsicott\n|-supereffective|p1b: Whimsicott|1\n|-damage|p1b: Whimsicott|0 fnt\n|faint|p1b: Whimsicott\n|-damage|p2a: Incineroar|58/100|[from] Recoil\n|\n|-weather|SunnyDay|[upkeep]\n|upkeep\n|\n|t:|1776514150\n|switch|p1b: Incineroar|Incineroar, L50, M, shiny|100/100\n|-ability|p1b: Incineroar|Intimidate|boost\n|-unboost|p2a: Incineroar|atk|1\n|-unboost|p2b: Kingambit|atk|1\n|-ability|p2b: Kingambit|Defiant|boost\n|-boost|p2b: Kingambit|atk|2\n|turn|6\n|\n|t:|1776514161\n|switch|p2a: Gengar|Gengar-Mega, L50, F, shiny|100/100\n|move|p2b: Kingambit|Protect|p2b: Kingambit\n|-singleturn|p2b: Kingambit|Protect\n|move|p1b: Incineroar|Fake Out|p2b: Kingambit\n|-activate|p2b: Kingambit|move: Protect\n|move|p1a: Chandelure|Heat Wave|p2b: Kingambit|[spread] p2a\n|-activate|p2b: Kingambit|move: Protect\n|-damage|p2a: Gengar|0 fnt\n|faint|p2a: Gengar\n|\n|-weather|SunnyDay|[upkeep]\n|upkeep\n|\n|t:|1776514172\n|switch|p2a: Incineroar|Incineroar, L50, M|58/100\n|-ability|p2a: Incineroar|Intimidate|boost\n|-unboost|p1a: Chandelure|atk|1\n|-unboost|p1b: Incineroar|atk|1\n|turn|7\n|\n|t:|1776514191\n|move|p1a: Chandelure|Protect|p1a: Chandelure\n|-singleturn|p1a: Chandelure|Protect\n|move|p2a: Incineroar|Fake Out|p1b: Incineroar\n|-damage|p1b: Incineroar|91/100\n|move|p2b: Kingambit|Sucker Punch||[still]\n|-fail|p2b: Kingambit\n|cant|p1b: Incineroar|flinch\n|\n|-weather|SunnyDay|[upkeep]\n|upkeep\n|turn|8\n|\n|t:|1776514205\n|move|p1a: Chandelure|Protect||[still]\n|-fail|p1a: Chandelure\n|move|p2b: Kingambit|Protect|p2b: Kingambit\n|-singleturn|p2b: Kingambit|Protect\n|move|p1b: Incineroar|Flare Blitz|p2b: Kingambit\n|-activate|p2b: Kingambit|move: Protect\n|move|p2a: Incineroar|Flare Blitz|p1a: Chandelure\n|-resisted|p1a: Chandelure|1\n|-damage|p1a: Chandelure|0 fnt\n|faint|p1a: Chandelure\n|-damage|p2a: Incineroar|57/100|[from] Recoil\n|\n|-weather|none\n|-sideend|p1: ThatOtherOneWeirdo|move: Tailwind\n|upkeep\n|\n|t:|1776514217\n|switch|p1a: Orthworm|Orthworm, L50, M, shiny|100/100\n|turn|9\n|inactive|kikuey has 30 seconds left.\n|\n|t:|1776514252\n|move|p1b: Incineroar|Flare Blitz|p2b: Kingambit\n|-supereffective|p2b: Kingambit|1\n|-damage|p2b: Kingambit|54/100\n|-damage|p1b: Incineroar|72/100|[from] Recoil\n|move|p1a: Orthworm|Body Press|p2b: Kingambit\n|-supereffective|p2b: Kingambit|2\n|-enditem|p2b: Kingambit|Chople Berry|[eat]\n|-enditem|p2b: Kingambit|Chople Berry|[weaken]\n|-damage|p2b: Kingambit|16/100\n|move|p2a: Incineroar|Parting Shot|p1b: Incineroar\n|-unboost|p1b: Incineroar|atk|1\n|-unboost|p1b: Incineroar|spa|1\n|move|p2b: Kingambit|Kowtow Cleave|p1a: Orthworm\n|-damage|p1a: Orthworm|30/100\n|\n|-heal|p1a: Orthworm|36/100|[from] item: Leftovers\n|upkeep\n|turn|10\n|inactive|kikuey has 30 seconds left.\n|\n|t:|1776514285\n|move|p2b: Kingambit|Protect|p2b: Kingambit\n|-singleturn|p2b: Kingambit|Protect\n|move|p1b: Incineroar|Flare Blitz|p2b: Kingambit\n|-activate|p2b: Kingambit|move: Protect\n|move|p1a: Orthworm|Body Press|p2a: Incineroar\n|-supereffective|p2a: Incineroar|1\n|-damage|p2a: Incineroar|12/100\n|-enditem|p2a: Incineroar|Sitrus Berry|[eat]\n|-heal|p2a: Incineroar|37/100|[from] item: Sitrus Berry\n|move|p2a: Incineroar|Flare Blitz|p1a: Orthworm\n|-supereffective|p1a: Orthworm|1\n|-damage|p1a: Orthworm|0 fnt\n|faint|p1a: Orthworm\n|-damage|p2a: Incineroar|28/100|[from] Recoil\n|\n|upkeep\n|turn|11\n|inactive|kikuey has 30 seconds left.\n|\n|t:|1776514313\n|move|p2b: Kingambit|Sucker Punch|p1b: Incineroar\n|-resisted|p1b: Incineroar|1\n|-damage|p1b: Incineroar|45/100\n|-enditem|p1b: Incineroar|Sitrus Berry|[eat]\n|-heal|p1b: Incineroar|69/100|[from] item: Sitrus Berry\n|move|p1b: Incineroar|Flare Blitz|p2b: Kingambit\n|-supereffective|p2b: Kingambit|1\n|-damage|p2b: Kingambit|0 fnt\n|faint|p2b: Kingambit\n|-damage|p1b: Incineroar|63/100|[from] Recoil\n|move|p2a: Incineroar|Flare Blitz|p1b: Incineroar\n|-resisted|p1b: Incineroar|1\n|-damage|p1b: Incineroar|40/100\n|-damage|p2a: Incineroar|22/100|[from] Recoil\n|\n|upkeep\n|turn|12\n|\n|t:|1776514330\n|move|p2a: Incineroar|Protect|p2a: Incineroar\n|-singleturn|p2a: Incineroar|Protect\n|move|p1b: Incineroar|Darkest Lariat|p2a: Incineroar\n|-activate|p2a: Incineroar|move: Protect\n|\n|upkeep\n|turn|13\n|\n|t:|1776514339\n|move|p1b: Incineroar|Darkest Lariat|p2a: Incineroar\n|-resisted|p2a: Incineroar|1\n|-damage|p2a: Incineroar|14/100\n|move|p2a: Incineroar|Flare Blitz|p1b: Incineroar\n|-resisted|p1b: Incineroar|1\n|-damage|p1b: Incineroar|19/100\n|-damage|p2a: Incineroar|8/100|[from] Recoil\n|\n|upkeep\n|turn|14\n|\n|t:|1776514348\n|move|p2a: Incineroar|Protect|p2a: Incineroar\n|-singleturn|p2a: Incineroar|Protect\n|move|p1b: Incineroar|Flare Blitz|p2a: Incineroar\n|-activate|p2a: Incineroar|move: Protect\n|\n|upkeep\n|turn|15\n|\n|t:|1776514356\n|move|p1b: Incineroar|Flare Blitz|p2a: Incineroar\n|-resisted|p2a: Incineroar|1\n|-damage|p2a: Incineroar|0 fnt\n|faint|p2a: Incineroar\n|-damage|p1b: Incineroar|16/100|[from] Recoil\n|\n|win|ThatOtherOneWeirdo\n|raw|ThatOtherOneWeirdo's rating: 1086 &rarr; <strong>1120</strong><br />(+34 for winning)\n|raw|kikuey's rating: 1181 &rarr; <strong>1149</strong><br />(-32 for losing)\n|l|\u2606kikuey\n|player|p2|\n",
  "uploadtime": 1776514589,
  "views": 15,
  "formatid": "gen9championsvgc2026regma",
  "rating": 1120,
  "private": 0,
  "password": null
}