{
  "id": "gen9championsvgc2026regma-2585643291",
  "format": "[Gen 9 Champions] VGC 2026 Reg M-A",
  "players": [
    "lolgz",
    "strickhon"
  ],
  "log": "|j|\u2606lolgz\n|j|\u2606strickhon\n|t:|1776360825\n|gametype|doubles\n|player|p1|lolgz|dawn|1221\n|player|p2|strickhon|102|1132\n|gen|9\n|tier|[Gen 9 Champions] VGC 2026 Reg M-A\n|rated|\n|rule|Species Clause: Limit one of each Pok\u00e9mon\n|rule|Item Clause: Limit 1 of each item\n|clearpoke\n|poke|p1|Charizard, L50, M|\n|poke|p1|Venusaur, L50, F|\n|poke|p1|Basculegion, L50, M|\n|poke|p1|Sneasler, L50, F|\n|poke|p1|Garchomp, L50, F|\n|poke|p1|Incineroar, L50, M|\n|poke|p2|Milotic, L50, F|\n|poke|p2|Typhlosion-Hisui, L50, M|\n|poke|p2|Aerodactyl, L50, F|\n|poke|p2|Torkoal, L50, M|\n|poke|p2|Excadrill, L50, M|\n|poke|p2|Sinistcha, L50|\n|teampreview|4\n|\n|t:|1776360870\n|teamsize|p1|4\n|teamsize|p2|4\n|start\n|switch|p1a: Charizard|Charizard, L50, M|100/100\n|switch|p1b: Basculegion|Basculegion, L50, M|100/100\n|switch|p2a: Milotic|Milotic, L50, F|100/100\n|switch|p2b: Aerodactyl|Aerodactyl, L50, F|100/100\n|-ability|p2b: Aerodactyl|Unnerve\n|turn|1\n|inactive|Battle timer is ON: inactive players will automatically lose when time's up. (requested by strickhon)\n|inactive|lolgz has 60 seconds left.\n|inactive|strickhon has 60 seconds left.\n|\n|t:|1776360922\n|move|p1a: Charizard|Protect|p1a: Charizard\n|-singleturn|p1a: Charizard|Protect\n|move|p1b: Basculegion|Flip Turn|p2b: Aerodactyl\n|-supereffective|p2b: Aerodactyl|1\n|-enditem|p2b: Aerodactyl|Focus Sash\n|-damage|p2b: Aerodactyl|1/100\n|\n|t:|1776360926\n|switch|p1b: Venusaur|Venusaur, L50, F|100/100|[from] Flip Turn\n|move|p2b: Aerodactyl|Rock Slide|p1b: Venusaur|[spread] p1b\n|-activate|p1a: Charizard|move: Protect\n|-damage|p1b: Venusaur|67/100\n|move|p2a: Milotic|Icy Wind|p1b: Venusaur|[spread] p1b\n|-activate|p1a: Charizard|move: Protect\n|-supereffective|p1b: Venusaur|1\n|-damage|p1b: Venusaur|36/100\n|-unboost|p1b: Venusaur|spe|1\n|\n|upkeep\n|turn|2\n|\n|t:|1776360948\n|detailschange|p1a: Charizard|Charizard-Mega-Y, L50, M\n|-mega|p1a: Charizard|Charizard|Charizardite Y\n|-weather|SunnyDay|[from] ability: Drought|[of] p1a: Charizard\n|move|p2b: Aerodactyl|Protect|p2b: Aerodactyl\n|-singleturn|p2b: Aerodactyl|Protect\n|move|p1b: Venusaur|Energy Ball|p2b: Aerodactyl\n|-activate|p2b: Aerodactyl|move: Protect\n|move|p1a: Charizard|Solar Beam||[still]\n|-prepare|p1a: Charizard|Solar Beam\n|-anim|p1a: Charizard|Solar Beam|p2a: Milotic\n|-supereffective|p2a: Milotic|1\n|-damage|p2a: Milotic|35/100\n|move|p2a: Milotic|Icy Wind|p1b: Venusaur|[spread] p1a,p1b\n|-supereffective|p1b: Venusaur|1\n|-damage|p1a: Charizard|89/100\n|-damage|p1b: Venusaur|10/100\n|-unboost|p1a: Charizard|spe|1\n|-unboost|p1b: Venusaur|spe|1\n|\n|-weather|SunnyDay|[upkeep]\n|-heal|p2a: Milotic|41/100|[from] item: Leftovers\n|upkeep\n|turn|3\n|inactive|strickhon has 30 seconds left.\n|\n|t:|1776360977\n|switch|p1b: Garchomp|Garchomp, L50, F|100/100\n|switch|p1a: Basculegion|Basculegion, L50, M|100/100\n|move|p2b: Aerodactyl|Tailwind|p2b: Aerodactyl\n|-sidestart|p2: strickhon|move: Tailwind\n|move|p2a: Milotic|Icy Wind|p1b: Garchomp|[spread] p1a,p1b\n|-resisted|p1a: Basculegion|1\n|-supereffective|p1b: Garchomp|2\n|-damage|p1a: Basculegion|93/100\n|-damage|p1b: Garchomp|46/100\n|-unboost|p1a: Basculegion|spe|1\n|-unboost|p1b: Garchomp|spe|1\n|\n|-weather|SunnyDay|[upkeep]\n|-heal|p2a: Milotic|47/100|[from] item: Leftovers\n|upkeep\n|turn|4\n|\n|t:|1776360995\n|move|p1b: Garchomp|Protect|p1b: Garchomp\n|-singleturn|p1b: Garchomp|Protect\n|move|p1a: Basculegion|Aqua Jet|p2b: Aerodactyl\n|-supereffective|p2b: Aerodactyl|1\n|-damage|p2b: Aerodactyl|0 fnt\n|faint|p2b: Aerodactyl\n|move|p2a: Milotic|Icy Wind|p1b: Garchomp|[spread] p1a\n|-activate|p1b: Garchomp|move: Protect\n|-resisted|p1a: Basculegion|1\n|-damage|p1a: Basculegion|86/100\n|-unboost|p1a: Basculegion|spe|1\n|\n|-weather|SunnyDay|[upkeep]\n|-heal|p2a: Milotic|53/100|[from] item: Leftovers\n|upkeep\n|\n|t:|1776361009\n|switch|p2b: Typhlosion|Typhlosion-Hisui, L50, M|100/100\n|turn|5\n|\n|t:|1776361013\n|move|p1a: Basculegion|Aqua Jet|p2b: Typhlosion\n|-supereffective|p2b: Typhlosion|1\n|-damage|p2b: Typhlosion|68/100\n|move|p2b: Typhlosion|Shadow Ball|p1a: Basculegion\n|-supereffective|p1a: Basculegion|1\n|-damage|p1a: Basculegion|0 fnt\n|faint|p1a: Basculegion\n|move|p2a: Milotic|Icy Wind|p1b: Garchomp\n|-supereffective|p1b: Garchomp|2\n|-damage|p1b: Garchomp|0 fnt\n|faint|p1b: Garchomp\n|\n|-weather|SunnyDay|[upkeep]\n|-heal|p2a: Milotic|59/100|[from] item: Leftovers\n|upkeep\n|\n|t:|1776361019\n|switch|p1b: Venusaur|Venusaur, L50, F|10/100\n|switch|p1a: Charizard|Charizard-Mega-Y, L50, M|89/100\n|turn|6\n|\n|t:|1776361033\n|move|p1b: Venusaur|Protect|p1b: Venusaur\n|-singleturn|p1b: Venusaur|Protect\n|move|p2b: Typhlosion|Shadow Ball|p1a: Charizard\n|-damage|p1a: Charizard|44/100\n|move|p2a: Milotic|Icy Wind|p1a: Charizard|[spread] p1a\n|-activate|p1b: Venusaur|move: Protect\n|-damage|p1a: Charizard|32/100\n|-unboost|p1a: Charizard|spe|1\n|move|p1a: Charizard|Solar Beam||[still]\n|-prepare|p1a: Charizard|Solar Beam\n|-anim|p1a: Charizard|Solar Beam|p2a: Milotic\n|-supereffective|p2a: Milotic|1\n|-damage|p2a: Milotic|0 fnt\n|faint|p2a: Milotic\n|\n|-weather|none\n|-sideend|p2: strickhon|move: Tailwind\n|upkeep\n|\n|t:|1776361045\n|switch|p2a: Excadrill|Excadrill, L50, M|100/100\n|-ability|p2a: Excadrill|Mold Breaker\n|turn|7\n|\n|t:|1776361052\n|detailschange|p2a: Excadrill|Excadrill-Mega, L50, M\n|-mega|p2a: Excadrill|Excadrill|Excadrite\n|move|p2b: Typhlosion|Shadow Ball|p1a: Charizard\n|-damage|p1a: Charizard|0 fnt\n|faint|p1a: Charizard\n|move|p2a: Excadrill|Rock Slide|p1b: Venusaur\n|-damage|p1b: Venusaur|0 fnt\n|faint|p1b: Venusaur\n|\n|win|strickhon\n|raw|lolgz's rating: 1189 &rarr; <strong>1160</strong><br />(-29 for losing)\n|raw|strickhon's rating: 1132 &rarr; <strong>1161</strong><br />(+29 for winning)\n",
  "uploadtime": 1776361052,
  "views": 15,
  "formatid": "gen9championsvgc2026regma",
  "rating": 1160,
  "private": 0,
  "password": null
}