{
  "id": "gen9championsvgc2026regma-2583206869",
  "format": "[Gen 9 Champions] VGC 2026 Reg M-A",
  "players": [
    "VenuzFz",
    "airpodjuniors"
  ],
  "log": "|j|\u2606VenuzFz\n|j|\u2606airpodjuniors\n|t:|1776154730\n|gametype|doubles\n|player|p1|VenuzFz|red|1266\n|player|p2|airpodjuniors|102|1228\n|gen|9\n|tier|[Gen 9 Champions] VGC 2026 Reg M-A\n|rated|\n|rule|Species Clause: Limit one of each Pok\u00e9mon\n|rule|Item Clause: Limit 1 of each item\n|clearpoke\n|poke|p1|Kingambit, L50, M|\n|poke|p1|Sneasler, L50, M|\n|poke|p1|Incineroar, L50, F|\n|poke|p1|Dragonite, L50, M|\n|poke|p1|Venusaur, L50, M|\n|poke|p1|Basculegion, L50, M|\n|poke|p2|Meganium, L50, M|\n|poke|p2|Archaludon, L50, M|\n|poke|p2|Politoed, L50, F|\n|poke|p2|Basculegion, L50, M|\n|poke|p2|Sneasler, L50, F|\n|poke|p2|Arcanine-Hisui, L50, F|\n|teampreview|4\n|inactive|Battle timer is ON: inactive players will automatically lose when time's up. (requested by VenuzFz)\n|\n|t:|1776154748\n|teamsize|p1|4\n|teamsize|p2|4\n|start\n|switch|p1a: Venusaur|Venusaur, L50, M|100/100\n|switch|p1b: Incineroar|Incineroar, L50, F|100/100\n|switch|p2a: Archaludon|Archaludon, L50, M|100/100\n|switch|p2b: Politoed|Politoed, L50, F|100/100\n|-weather|RainDance|[from] ability: Drizzle|[of] p2b: Politoed\n|-ability|p1b: Incineroar|Intimidate|boost\n|-unboost|p2a: Archaludon|atk|1\n|-unboost|p2b: Politoed|atk|1\n|turn|1\n|inactive|VenuzFz has 30 seconds left.\n|inactive|VenuzFz has 20 seconds left.\n|inactive|VenuzFz has 15 seconds left.\n|inactive|VenuzFz has 10 seconds left.\n|inactive|VenuzFz has 5 seconds left.\n|\n|t:|1776154799\n|detailschange|p1a: Venusaur|Venusaur-Mega, L50, M\n|-mega|p1a: Venusaur|Venusaur|Venusaurite\n|move|p2a: Archaludon|Protect|p2a: Archaludon\n|-singleturn|p2a: Archaludon|Protect\n|move|p1b: Incineroar|Fake Out|p2b: Politoed\n|-damage|p2b: Politoed|83/100\n|cant|p2b: Politoed|flinch\n|move|p1a: Venusaur|Leech Seed|p2a: Archaludon\n|-activate|p2a: Archaludon|move: Protect\n|\n|-weather|RainDance|[upkeep]\n|upkeep\n|turn|2\n|\n|t:|1776154819\n|switch|p1b: Sneasler|Sneasler, L50, M|100/100\n|move|p2b: Politoed|Muddy Water|p1a: Venusaur|[spread] p1a,p1b\n|-resisted|p1a: Venusaur|1\n|-crit|p1a: Venusaur\n|-damage|p1a: Venusaur|71/100\n|-damage|p1b: Sneasler|42/100\n|-unboost|p1b: Sneasler|accuracy|1\n|move|p2a: Archaludon|Electro Shot||[still]\n|-prepare|p2a: Archaludon|Electro Shot\n|-boost|p2a: Archaludon|spa|1\n|-anim|p2a: Archaludon|Electro Shot|p1b: Sneasler\n|-damage|p1b: Sneasler|0 fnt\n|faint|p1b: Sneasler\n|move|p1a: Venusaur|Leech Seed|p2a: Archaludon\n|-start|p2a: Archaludon|move: Leech Seed\n|\n|-weather|RainDance|[upkeep]\n|-damage|p2a: Archaludon|89/100|[from] Leech Seed|[of] p1a: Venusaur\n|-heal|p1a: Venusaur|84/100|[silent]\n|upkeep\n|\n|t:|1776154835\n|switch|p1b: Incineroar|Incineroar, L50, F|100/100\n|-ability|p1b: Incineroar|Intimidate|boost\n|-unboost|p2a: Archaludon|atk|1\n|-unboost|p2b: Politoed|atk|1\n|turn|3\n|\n|t:|1776154841\n|move|p2a: Archaludon|Protect|p2a: Archaludon\n|-singleturn|p2a: Archaludon|Protect\n|move|p1b: Incineroar|Fake Out|p2b: Politoed\n|-damage|p2b: Politoed|63/100\n|cant|p2b: Politoed|flinch\n|move|p1a: Venusaur|Earth Power|p2a: Archaludon\n|-activate|p2a: Archaludon|move: Protect\n|\n|-weather|RainDance|[upkeep]\n|-damage|p2a: Archaludon|77/100|[from] Leech Seed|[of] p1a: Venusaur\n|-heal|p1a: Venusaur|97/100|[silent]\n|upkeep\n|turn|4\n|\n|t:|1776154859\n|switch|p1b: Kingambit|Kingambit, L50, M|100/100\n|move|p2b: Politoed|Muddy Water|p1a: Venusaur|[spread] p1a,p1b\n|-resisted|p1a: Venusaur|1\n|-damage|p1a: Venusaur|77/100\n|-damage|p1b: Kingambit|58/100\n|-unboost|p1a: Venusaur|accuracy|1\n|move|p2a: Archaludon|Electro Shot||[still]\n|-prepare|p2a: Archaludon|Electro Shot\n|-boost|p2a: Archaludon|spa|1\n|-anim|p2a: Archaludon|Electro Shot|p1b: Kingambit\n|-damage|p1b: Kingambit|0 fnt\n|faint|p1b: Kingambit\n|move|p1a: Venusaur|Sludge Bomb|p2b: Politoed\n|-crit|p2b: Politoed\n|-damage|p2b: Politoed|0 fnt\n|faint|p2b: Politoed\n|\n|-weather|RainDance|[upkeep]\n|-damage|p2a: Archaludon|65/100|[from] Leech Seed|[of] p1a: Venusaur\n|-heal|p1a: Venusaur|90/100|[silent]\n|upkeep\n|\n|t:|1776154878\n|switch|p2b: Meganium|Meganium, L50, M|100/100\n|switch|p1b: Incineroar|Incineroar, L50, F|100/100\n|-ability|p1b: Incineroar|Intimidate|boost\n|-unboost|p2a: Archaludon|atk|1\n|-unboost|p2b: Meganium|atk|1\n|turn|5\n|inactive|VenuzFz has 30 seconds left.\n|\n|t:|1776154908\n|detailschange|p2b: Meganium|Meganium-Mega, L50, M\n|-mega|p2b: Meganium|Meganium|Meganiumite\n|move|p1b: Incineroar|Fake Out|p2a: Archaludon\n|-resisted|p2a: Archaludon|1\n|-damage|p2a: Archaludon|59/100\n|cant|p2a: Archaludon|flinch\n|move|p1a: Venusaur|Earth Power|p2a: Archaludon\n|-supereffective|p2a: Archaludon|1\n|-damage|p2a: Archaludon|0 fnt\n|faint|p2a: Archaludon\n|move|p2b: Meganium|Weather Ball|p1a: Venusaur\n|-supereffective|p1a: Venusaur|1\n|-damage|p1a: Venusaur|27/100\n|\n|-weather|none\n|upkeep\n|\n|t:|1776154921\n|switch|p2a: Basculegion|Basculegion, L50, M|100/100\n|turn|6\n|\n|t:|1776154929\n|move|p1a: Venusaur|Protect|p1a: Venusaur\n|-singleturn|p1a: Venusaur|Protect\n|move|p2a: Basculegion|Protect|p2a: Basculegion\n|-singleturn|p2a: Basculegion|Protect\n|move|p2b: Meganium|Weather Ball|p1a: Venusaur\n|-activate|p1a: Venusaur|move: Protect\n|move|p1b: Incineroar|Darkest Lariat|p2a: Basculegion\n|-activate|p2a: Basculegion|move: Protect\n|\n|upkeep\n|turn|7\n|\n|t:|1776154946\n|move|p1a: Venusaur|Sludge Bomb|p2b: Meganium\n|-supereffective|p2b: Meganium|2\n|-damage|p2b: Meganium|0 fnt\n|faint|p2b: Meganium\n|move|p2a: Basculegion|Wave Crash|p1b: Incineroar\n|-supereffective|p1b: Incineroar|1\n|-crit|p1b: Incineroar\n|-damage|p1b: Incineroar|0 fnt\n|faint|p1b: Incineroar\n|-damage|p2a: Basculegion|66/100|[from] Recoil\n|\n|upkeep\n|turn|8\n|\n|t:|1776154966\n|move|p1a: Venusaur|Earth Power|p2a: Basculegion|[miss]\n|-miss|p1a: Venusaur|p2a: Basculegion\n|move|p2a: Basculegion|Last Respects|p1a: Venusaur\n|-damage|p1a: Venusaur|0 fnt\n|faint|p1a: Venusaur\n|\n|win|airpodjuniors\n|raw|VenuzFz's rating: 1266 &rarr; <strong>1238</strong><br />(-28 for losing)\n|raw|airpodjuniors's rating: 1228 &rarr; <strong>1256</strong><br />(+28 for winning)\n|l|\u2606VenuzFz\n|player|p1|\n",
  "uploadtime": 1776154974,
  "views": 35,
  "formatid": "gen9championsvgc2026regma",
  "rating": 1238,
  "private": 0,
  "password": null
}