{
  "id": "gen9championsvgc2026regma-2584650224",
  "format": "[Gen 9 Champions] VGC 2026 Reg M-A",
  "players": [
    "toxmyself",
    "MacDad48"
  ],
  "log": "|j|\u2606toxmyself\n|j|\u2606MacDad48\n|t:|1776274453\n|gametype|doubles\n|player|p1|toxmyself|norman|1110\n|player|p2|MacDad48|102|1089\n|gen|9\n|tier|[Gen 9 Champions] VGC 2026 Reg M-A\n|rated|\n|rule|Species Clause: Limit one of each Pok\u00e9mon\n|rule|Item Clause: Limit 1 of each item\n|clearpoke\n|poke|p1|Charizard, L50, M|\n|poke|p1|Venusaur, L50, F|\n|poke|p1|Garchomp, L50, M|\n|poke|p1|Incineroar, L50, M|\n|poke|p1|Gardevoir, L50, M|\n|poke|p1|Milotic, L50, M|\n|poke|p2|Froslass, L50, F|\n|poke|p2|Clefable, L50, M|\n|poke|p2|Ninetales-Alola, L50, M|\n|poke|p2|Incineroar, L50, M|\n|poke|p2|Krookodile, L50, M|\n|poke|p2|Basculegion, L50, M|\n|teampreview|4\n|inactive|Battle timer is ON: inactive players will automatically lose when time's up. (requested by toxmyself)\n|\n|t:|1776274484\n|teamsize|p1|4\n|teamsize|p2|4\n|start\n|switch|p1a: Milotic|Milotic, L50, M|100/100\n|switch|p1b: Charizard|Charizard, L50, M|100/100\n|switch|p2a: Froslass|Froslass, L50, F|100/100\n|switch|p2b: Clefable|Clefable, L50, M|100/100\n|turn|1\n|inactive|toxmyself has 30 seconds left.\n|\n|t:|1776274510\n|detailschange|p1b: Charizard|Charizard-Mega-Y, L50, M\n|-mega|p1b: Charizard|Charizard|Charizardite Y\n|-weather|SunnyDay|[from] ability: Drought|[of] p1b: Charizard\n|move|p2a: Froslass|Protect|p2a: Froslass\n|-singleturn|p2a: Froslass|Protect\n|move|p1b: Charizard|Heat Wave|p2b: Clefable|[spread] p2b\n|-activate|p2a: Froslass|move: Protect\n|-damage|p2b: Clefable|52/100\n|move|p1a: Milotic|Life Dew||[still]|[still]|[spread] \n|-fail|p1a: Milotic|heal\n|-fail|p1b: Charizard|heal\n|move|p2b: Clefable|Thunder Wave|p1b: Charizard\n|-status|p1b: Charizard|par\n|\n|-weather|SunnyDay|[upkeep]\n|-heal|p2b: Clefable|58/100|[from] item: Leftovers\n|upkeep\n|turn|2\n|inactive|MacDad48 has 30 seconds left.\n|inactive|MacDad48 has 20 seconds left.\n|inactive|MacDad48 has 15 seconds left.\n|inactive|MacDad48 has 10 seconds left.\n|inactive|MacDad48 has 5 seconds left.\n|\n|t:|1776274561\n|switch|p1b: Incineroar|Incineroar, L50, M|100/100\n|-ability|p1b: Incineroar|Intimidate|boost\n|-unboost|p2a: Froslass|atk|1\n|-unboost|p2b: Clefable|atk|1\n|detailschange|p2a: Froslass|Froslass-Mega, L50, F\n|-mega|p2a: Froslass|Froslass|Froslassite\n|-weather|Snowscape|[from] ability: Snow Warning|[of] p2a: Froslass\n|move|p2a: Froslass|Shadow Ball|p1b: Incineroar\n|-resisted|p1b: Incineroar|1\n|-damage|p1b: Incineroar|80/100\n|move|p1a: Milotic|Scald|p2b: Clefable\n|-damage|p2b: Clefable|36/100\n|move|p2b: Clefable|Moonblast|p1b: Incineroar\n|-damage|p1b: Incineroar|52/100\n|\n|-weather|Snowscape|[upkeep]\n|-heal|p2b: Clefable|42/100|[from] item: Leftovers\n|upkeep\n|turn|3\n|inactive|MacDad48 has 30 seconds left.\n|\n|t:|1776274593\n|move|p2b: Clefable|Follow Me|p2b: Clefable\n|-singleturn|p2b: Clefable|move: Follow Me\n|move|p2a: Froslass|Nasty Plot|p2a: Froslass\n|-boost|p2a: Froslass|spa|2\n|move|p1a: Milotic|Life Dew||[still]|[spread] p1a,p1b\n|-fail|p1a: Milotic|heal\n|-heal|p1b: Incineroar|78/100\n|move|p1b: Incineroar|Throat Chop|p2b: Clefable\n|-resisted|p2b: Clefable|1\n|-damage|p2b: Clefable|27/100\n|-start|p2b: Clefable|Throat Chop|[silent]\n|\n|-weather|Snowscape|[upkeep]\n|-heal|p2b: Clefable|33/100|[from] item: Leftovers\n|upkeep\n|turn|4\n|\n|t:|1776274610\n|move|p2b: Clefable|Follow Me|p2b: Clefable\n|-singleturn|p2b: Clefable|move: Follow Me\n|move|p2a: Froslass|Nasty Plot|p2a: Froslass\n|-boost|p2a: Froslass|spa|2\n|move|p1a: Milotic|Scald|p2b: Clefable\n|-damage|p2b: Clefable|9/100\n|-status|p2b: Clefable|brn\n|move|p1b: Incineroar|Throat Chop|p2b: Clefable\n|-resisted|p2b: Clefable|1\n|-damage|p2b: Clefable|0 fnt\n|faint|p2b: Clefable\n|\n|-weather|Snowscape|[upkeep]\n|upkeep\n|inactive|MacDad48 has 30 seconds left.\n|\n|t:|1776274644\n|switch|p2b: Basculegion|Basculegion, L50, M|100/100\n|turn|5\n|\n|t:|1776274655\n|switch|p1a: Charizard|Charizard-Mega-Y, L50, M|100/100 par\n|-weather|SunnyDay|[from] ability: Drought|[of] p1a: Charizard\n|move|p2b: Basculegion|Wave Crash|p1b: Incineroar\n|-supereffective|p1b: Incineroar|1\n|-damage|p1b: Incineroar|14/100\n|-enditem|p1b: Incineroar|Sitrus Berry|[eat]\n|-heal|p1b: Incineroar|39/100|[from] item: Sitrus Berry\n|-damage|p2b: Basculegion|79/100|[from] Recoil\n|move|p2a: Froslass|Blizzard|p1b: Incineroar|[spread] p1a\n|-miss|p2a: Froslass|p1b: Incineroar\n|-crit|p1a: Charizard\n|-damage|p1a: Charizard|0 fnt\n|faint|p1a: Charizard\n|move|p1b: Incineroar|Flare Blitz|p2a: Froslass\n|-supereffective|p2a: Froslass|1\n|-damage|p2a: Froslass|0 fnt\n|faint|p2a: Froslass\n|-damage|p1b: Incineroar|15/100|[from] Recoil\n|\n|-weather|SunnyDay|[upkeep]\n|upkeep\n|\n|t:|1776274675\n|switch|p2a: Incineroar|Incineroar, L50, M|100/100\n|switch|p1a: Milotic|Milotic, L50, M|100/100\n|-ability|p2a: Incineroar|Intimidate|boost\n|-unboost|p1a: Milotic|atk|1\n|-ability|p1a: Milotic|Competitive|boost\n|-boost|p1a: Milotic|spa|2\n|-unboost|p1b: Incineroar|atk|1\n|turn|6\n|inactive|MacDad48 has 30 seconds left.\n|inactive|MacDad48 has 20 seconds left.\n|\n|t:|1776274711\n|move|p1a: Milotic|Protect|p1a: Milotic\n|-singleturn|p1a: Milotic|Protect\n|move|p2a: Incineroar|Fake Out|p1a: Milotic\n|-activate|p1a: Milotic|move: Protect\n|move|p2b: Basculegion|Wave Crash|p1b: Incineroar\n|-supereffective|p1b: Incineroar|1\n|-damage|p1b: Incineroar|0 fnt\n|faint|p1b: Incineroar\n|-damage|p2b: Basculegion|74/100|[from] Recoil\n|\n|-weather|SunnyDay|[upkeep]\n|upkeep\n|\n|t:|1776274721\n|switch|p1b: Gardevoir|Gardevoir, L50, M|100/100\n|turn|7\n|inactive|toxmyself has 30 seconds left.\n|\n|t:|1776274747\n|move|p1b: Gardevoir|Moonblast|p2b: Basculegion\n|-damage|p2b: Basculegion|22/100\n|-unboost|p2b: Basculegion|spa|1\n|move|p2b: Basculegion|Wave Crash|p1b: Gardevoir\n|-damage|p1b: Gardevoir|36/100\n|-damage|p2b: Basculegion|7/100|[from] Recoil\n|move|p1a: Milotic|Scald|p2b: Basculegion\n|-resisted|p2b: Basculegion|1\n|-damage|p2b: Basculegion|0 fnt\n|faint|p2b: Basculegion\n|move|p2a: Incineroar|Flare Blitz|p1b: Gardevoir\n|-damage|p1b: Gardevoir|0 fnt\n|faint|p1b: Gardevoir\n|-damage|p2a: Incineroar|92/100|[from] Recoil\n|\n|-weather|SunnyDay|[upkeep]\n|upkeep\n|turn|8\n|\n|t:|1776274767\n|move|p1a: Milotic|Protect|p1a: Milotic\n|-singleturn|p1a: Milotic|Protect\n|move|p2a: Incineroar|Flare Blitz|p1a: Milotic\n|-activate|p1a: Milotic|move: Protect\n|\n|-weather|SunnyDay|[upkeep]\n|upkeep\n|turn|9\n|\n|t:|1776274773\n|move|p1a: Milotic|Scald|p2a: Incineroar\n|-supereffective|p2a: Incineroar|1\n|-damage|p2a: Incineroar|36/100\n|move|p2a: Incineroar|Flare Blitz|p1a: Milotic\n|-resisted|p1a: Milotic|1\n|-crit|p1a: Milotic\n|-damage|p1a: Milotic|58/100\n|-damage|p2a: Incineroar|22/100|[from] Recoil\n|\n|-weather|none\n|-heal|p1a: Milotic|65/100|[from] item: Leftovers\n|upkeep\n|turn|10\n|-message|MacDad48 forfeited.\n|\n|win|toxmyself\n|raw|toxmyself's rating: 1110 &rarr; <strong>1133</strong><br />(+23 for winning)\n|raw|MacDad48's rating: 1089 &rarr; <strong>1067</strong><br />(-22 for losing)\n",
  "uploadtime": 1776274785,
  "views": 16,
  "formatid": "gen9championsvgc2026regma",
  "rating": 1067,
  "private": 0,
  "password": null
}