{
  "id": "gen9championsvgc2026regma-2581789993",
  "format": "[Gen 9 Champions] VGC 2026 Reg M-A",
  "players": [
    "TLP27",
    "Gilsog"
  ],
  "log": "|j|\u2606TLP27\n|j|\u2606Gilsog\n|t:|1776028599\n|gametype|doubles\n|player|p1|TLP27|lady|1000\n|player|p2|Gilsog|pokemaniac|1000\n|gen|9\n|tier|[Gen 9 Champions] VGC 2026 Reg M-A\n|rated|\n|rule|Species Clause: Limit one of each Pok\u00e9mon\n|rule|Item Clause: Limit 1 of each item\n|clearpoke\n|poke|p1|Kangaskhan, L50, F|\n|poke|p1|Tinkaton, L50, F|\n|poke|p1|Incineroar, L50, F|\n|poke|p1|Pelipper, L50, F|\n|poke|p1|Archaludon, L50, F|\n|poke|p1|Basculegion, L50, M|\n|poke|p2|Froslass, L50, F|\n|poke|p2|Meowstic, L50, M|\n|poke|p2|Orthworm, L50, M|\n|poke|p2|Garchomp, L50, F|\n|poke|p2|Gardevoir, L50, F|\n|poke|p2|Palafin, L50, F|\n|teampreview|4\n|\n|t:|1776028650\n|teamsize|p1|4\n|teamsize|p2|4\n|start\n|switch|p1a: Incineroar|Incineroar, L50, F|100/100\n|switch|p1b: Pelipper|Pelipper, L50, F|100/100\n|switch|p2a: Meowstic|Meowstic, L50, M|100/100\n|switch|p2b: Orthworm|Orthworm, L50, M|100/100\n|-weather|RainDance|[from] ability: Drizzle|[of] p1b: Pelipper\n|-ability|p1a: Incineroar|Intimidate|boost\n|-unboost|p2a: Meowstic|atk|1\n|-unboost|p2b: Orthworm|atk|1\n|turn|1\n|\n|t:|1776028675\n|move|p2a: Meowstic|Fake Out|p1b: Pelipper\n|-damage|p1b: Pelipper|96/100\n|move|p1a: Incineroar|Fake Out|p2a: Meowstic\n|-damage|p2a: Meowstic|88/100\n|cant|p1b: Pelipper|flinch\n|move|p2b: Orthworm|Shed Tail|p2b: Orthworm\n|-start|p2b: Orthworm|Substitute|[from] move: Shed Tail\n|-damage|p2b: Orthworm|50/100\n|-enditem|p2b: Orthworm|Sitrus Berry|[eat]\n|-heal|p2b: Orthworm|75/100|[from] item: Sitrus Berry\n|\n|t:|1776028683\n|switch|p2b: Froslass|Froslass, L50, F|100/100|[from] Shed Tail\n|\n|-weather|RainDance|[upkeep]\n|upkeep\n|turn|2\n|\n|t:|1776028699\n|detailschange|p2b: Froslass|Froslass-Mega, L50, F\n|-mega|p2b: Froslass|Froslass|Froslassite\n|-weather|Snowscape|[from] ability: Snow Warning|[of] p2b: Froslass\n|move|p1b: Pelipper|Protect|p1b: Pelipper\n|-singleturn|p1b: Pelipper|Protect\n|move|p2a: Meowstic|Reflect|p2a: Meowstic\n|-sidestart|p2: Gilsog|Reflect\n|move|p2b: Froslass|Nasty Plot|p2b: Froslass\n|-boost|p2b: Froslass|spa|2\n|move|p1a: Incineroar|Parting Shot|p2b: Froslass\n|-unboost|p2b: Froslass|atk|1\n|-unboost|p2b: Froslass|spa|1\n|\n|t:|1776028715\n|switch|p1a: Basculegion|Basculegion, L50, M|100/100|[from] Parting Shot\n|\n|-weather|Snowscape|[upkeep]\n|upkeep\n|turn|3\n|\n|t:|1776028751\n|switch|p1b: Tinkaton|Tinkaton, L50, F|100/100\n|-ability|p1b: Tinkaton|Mold Breaker\n|move|p2a: Meowstic|Light Screen|p2a: Meowstic\n|-sidestart|p2: Gilsog|move: Light Screen\n|move|p2b: Froslass|Shadow Ball|p1a: Basculegion\n|-supereffective|p1a: Basculegion|1\n|-damage|p1a: Basculegion|0 fnt\n|faint|p1a: Basculegion\n|\n|-weather|Snowscape|[upkeep]\n|upkeep\n|\n|t:|1776028762\n|switch|p1a: Pelipper|Pelipper, L50, F|96/100\n|-weather|RainDance|[from] ability: Drizzle|[of] p1a: Pelipper\n|turn|4\n|\n|t:|1776028778\n|switch|p2a: Orthworm|Orthworm, L50, M|75/100\n|move|p1b: Tinkaton|Fake Out|p2b: Froslass\n|-immune|p2b: Froslass\n|move|p2b: Froslass|Shadow Ball|p1a: Pelipper\n|-damage|p1a: Pelipper|0 fnt\n|faint|p1a: Pelipper\n|\n|-weather|RainDance|[upkeep]\n|upkeep\n|\n|t:|1776028788\n|switch|p1a: Incineroar|Incineroar, L50, F|100/100\n|-ability|p1a: Incineroar|Intimidate|boost\n|-unboost|p2a: Orthworm|atk|1\n|-immune|p2b: Froslass\n|turn|5\n|\n|t:|1776028807\n|switch|p2b: Garchomp|Garchomp, L50, F|100/100\n|move|p2a: Orthworm|Protect|p2a: Orthworm\n|-singleturn|p2a: Orthworm|Protect\n|move|p1b: Tinkaton|Gigaton Hammer|p2b: Garchomp\n|-damage|p2b: Garchomp|60/100\n|move|p1a: Incineroar|Flare Blitz|p2b: Garchomp\n|-resisted|p2b: Garchomp|1\n|-damage|p2b: Garchomp|52/100\n|-damage|p1a: Incineroar|88/100|[from] ability: Rough Skin|[of] p2b: Garchomp\n|-damage|p1a: Incineroar|86/100|[from] Recoil\n|\n|-weather|RainDance|[upkeep]\n|upkeep\n|turn|6\n|\n|t:|1776028837\n|move|p2a: Orthworm|Helping Hand|p2b: Garchomp\n|-singleturn|p2b: Garchomp|Helping Hand|[of] p2a: Orthworm\n|move|p2b: Garchomp|Earthquake|p1a: Incineroar|[spread] p1a,p1b\n|-heal|p2a: Orthworm|99/100|[from] ability: Earth Eater|[of] p2b: Garchomp\n|-supereffective|p1a: Incineroar|1\n|-crit|p1a: Incineroar\n|-supereffective|p1b: Tinkaton|1\n|-enditem|p1b: Tinkaton|Shuca Berry|[eat]\n|-enditem|p1b: Tinkaton|Shuca Berry|[weaken]\n|-damage|p1a: Incineroar|0 fnt\n|-damage|p1b: Tinkaton|41/100\n|faint|p1a: Incineroar\n|move|p1b: Tinkaton|Play Rough|p2b: Garchomp\n|-supereffective|p2b: Garchomp|1\n|-damage|p2b: Garchomp|9/100\n|-damage|p1b: Tinkaton|29/100|[from] ability: Rough Skin|[of] p2b: Garchomp\n|\n|-weather|RainDance|[upkeep]\n|-sideend|p2: Gilsog|Reflect\n|upkeep\n|turn|7\n|\n|t:|1776028860\n|move|p2a: Orthworm|Helping Hand|p2b: Garchomp\n|-singleturn|p2b: Garchomp|Helping Hand|[of] p2a: Orthworm\n|move|p2b: Garchomp|Earthquake|p1b: Tinkaton|[spread] p1b\n|-heal|p2a: Orthworm|100/100|[from] ability: Earth Eater|[of] p2b: Garchomp\n|-supereffective|p1b: Tinkaton|1\n|-damage|p1b: Tinkaton|0 fnt\n|faint|p1b: Tinkaton\n|\n|win|Gilsog\n|raw|TLP27's rating: 1000 &rarr; <strong>1000</strong><br />(+0 for losing)\n|raw|Gilsog's rating: 1000 &rarr; <strong>1040</strong><br />(+40 for winning)\n|l|\u2606Gilsog\n|player|p2|\n|n|\u2606TLP27|tlp27\n|l|\u2606TLP27\n|player|p1|\n",
  "uploadtime": 1776029048,
  "views": 32,
  "formatid": "gen9championsvgc2026regma",
  "rating": 1000,
  "private": 0,
  "password": null
}