{
  "id": "gen9championsvgc2026regma-2583568192",
  "format": "[Gen 9 Champions] VGC 2026 Reg M-A",
  "players": [
    "leoscerni",
    "nsbnsb"
  ],
  "log": "|j|\u2606leoscerni\n|j|\u2606nsbnsb\n|t:|1776183827\n|gametype|doubles\n|player|p1|leoscerni|1|1415\n|player|p2|nsbnsb|ghetsis|1316\n|gen|9\n|tier|[Gen 9 Champions] VGC 2026 Reg M-A\n|rated|\n|rule|Species Clause: Limit one of each Pok\u00e9mon\n|rule|Item Clause: Limit 1 of each item\n|clearpoke\n|poke|p1|Rotom-Wash, L50|\n|poke|p1|Chesnaught, L50, M|\n|poke|p1|Tyranitar, L50, M|\n|poke|p1|Clefable, L50, M|\n|poke|p1|Aegislash, L50, M|\n|poke|p1|Incineroar, L50, F|\n|poke|p2|Crabominable, L50, M|\n|poke|p2|Farigiraf, L50, M|\n|poke|p2|Kingambit, L50, M|\n|poke|p2|Sinistcha, L50|\n|poke|p2|Camerupt, L50, M|\n|poke|p2|Sneasler, L50, F|\n|teampreview|4\n|inactive|Battle timer is ON: inactive players will automatically lose when time's up. (requested by nsbnsb)\nleoscerni rejected open team sheets.\n|\n|t:|1776183850\n|teamsize|p1|4\n|teamsize|p2|4\n|start\n|switch|p1a: Chesnaught|Chesnaught, L50, M|100/100\n|switch|p1b: Tyranitar|Tyranitar, L50, M|100/100\n|switch|p2a: Sinistcha|Sinistcha, L50|100/100\n|switch|p2b: Sneasler|Sneasler, L50, F|100/100\n|-weather|Sandstorm|[from] ability: Sand Stream|[of] p1b: Tyranitar\n|turn|1\n|\n|t:|1776183870\n|detailschange|p1a: Chesnaught|Chesnaught-Mega, L50, M\n|-mega|p1a: Chesnaught|Chesnaught|Chesnaughtite\n|move|p1b: Tyranitar|Protect|p1b: Tyranitar\n|-singleturn|p1b: Tyranitar|Protect\n|move|p2b: Sneasler|Fake Out|p1b: Tyranitar\n|-activate|p1b: Tyranitar|move: Protect\n|move|p1a: Chesnaught|Leech Seed|p2b: Sneasler\n|-start|p2b: Sneasler|move: Leech Seed\n|move|p2a: Sinistcha|Trick Room|p2a: Sinistcha\n|-fieldstart|move: Trick Room|[of] p2a: Sinistcha\n|\n|-weather|Sandstorm|[upkeep]\n|-damage|p1a: Chesnaught|94/100|[from] Sandstorm\n|-damage|p2a: Sinistcha|94/100|[from] Sandstorm\n|-damage|p2b: Sneasler|95/100|[from] Sandstorm\n|-damage|p2b: Sneasler|83/100|[from] Leech Seed|[of] p1a: Chesnaught\n|-heal|p1a: Chesnaught|100/100|[silent]\n|upkeep\n|turn|2\n|j| thatsaltyguy\n|\n|t:|1776183888\n|switch|p1b: Clefable|Clefable, L50, M|100/100\n|switch|p2b: Camerupt|Camerupt, L50, M|100/100\n|move|p1a: Chesnaught|Spiky Shield|p1a: Chesnaught\n|-singleturn|p1a: Chesnaught|move: Protect\n|move|p2a: Sinistcha|Matcha Gotcha|p1a: Chesnaught|[spread] p1b\n|-activate|p1a: Chesnaught|move: Protect\n|-damage|p1b: Clefable|76/100\n|-heal|p2a: Sinistcha|100/100|[from] drain|[of] p1b: Clefable\n|-status|p1b: Clefable|brn\n|\n|-weather|Sandstorm|[upkeep]\n|-damage|p1a: Chesnaught|94/100|[from] Sandstorm\n|-damage|p1b: Clefable|70/100 brn|[from] Sandstorm\n|-damage|p2a: Sinistcha|94/100|[from] Sandstorm\n|-damage|p1b: Clefable|64/100 brn|[from] brn\n|upkeep\n|turn|3\n|\n|t:|1776183905\n|switch|p1a: Tyranitar|Tyranitar, L50, M|100/100\n|switch|p1b: Incineroar|Incineroar, L50, F|100/100\n|-ability|p1b: Incineroar|Intimidate|boost\n|-unboost|p2a: Sinistcha|atk|1\n|-unboost|p2b: Camerupt|atk|1\n|detailschange|p2b: Camerupt|Camerupt-Mega, L50, M\n|-mega|p2b: Camerupt|Camerupt|Cameruptite\n|move|p2b: Camerupt|Heat Wave|p1b: Incineroar|[spread] p1a,p1b\n|-resisted|p1a: Tyranitar|1\n|-resisted|p1b: Incineroar|1\n|-damage|p1a: Tyranitar|84/100\n|-damage|p1b: Incineroar|79/100\n|move|p2a: Sinistcha|Matcha Gotcha|p1b: Incineroar|[spread] p1a\n|-miss|p2a: Sinistcha|p1b: Incineroar\n|-supereffective|p1a: Tyranitar|1\n|-damage|p1a: Tyranitar|54/100\n|-heal|p2a: Sinistcha|100/100|[from] drain|[of] p1a: Tyranitar\n|\n|-weather|Sandstorm|[upkeep]\n|-damage|p1b: Incineroar|73/100|[from] Sandstorm\n|-damage|p2a: Sinistcha|94/100|[from] Sandstorm\n|upkeep\n|turn|4\n|l| thatsaltyguy\n|\n|t:|1776183925\n|move|p1b: Incineroar|Fake Out|p2b: Camerupt\n|-damage|p2b: Camerupt|89/100\n|cant|p2b: Camerupt|flinch\n|move|p2a: Sinistcha|Matcha Gotcha|p1b: Incineroar|[spread] p1b\n|-miss|p2a: Sinistcha|p1a: Tyranitar\n|-resisted|p1b: Incineroar|1\n|-damage|p1b: Incineroar|63/100\n|-heal|p2a: Sinistcha|100/100|[from] drain|[of] p1b: Incineroar\n|move|p1a: Tyranitar|Knock Off|p2a: Sinistcha\n|-supereffective|p2a: Sinistcha|1\n|-damage|p2a: Sinistcha|15/100\n|-enditem|p2a: Sinistcha|Focus Sash|[from] move: Knock Off|[of] p1a: Tyranitar\n|\n|-weather|Sandstorm|[upkeep]\n|-damage|p1b: Incineroar|57/100|[from] Sandstorm\n|-damage|p2a: Sinistcha|9/100|[from] Sandstorm\n|upkeep\n|turn|5\n|\n|t:|1776183945\n|switch|p1b: Chesnaught|Chesnaught-Mega, L50, M|94/100\n|move|p1a: Tyranitar|Protect|p1a: Tyranitar\n|-singleturn|p1a: Tyranitar|Protect\n|move|p2b: Camerupt|Earth Power|p1b: Chesnaught\n|-resisted|p1b: Chesnaught|1\n|-damage|p1b: Chesnaught|69/100\n|move|p2a: Sinistcha|Matcha Gotcha|p1b: Chesnaught|[spread] p1b\n|-activate|p1a: Tyranitar|move: Protect\n|-resisted|p1b: Chesnaught|1\n|-damage|p1b: Chesnaught|58/100\n|-heal|p2a: Sinistcha|15/100|[from] drain|[of] p1b: Chesnaught\n|\n|-weather|none\n|-fieldend|move: Trick Room\n|upkeep\n|turn|6\n|\n|t:|1776183966\n|move|p2a: Sinistcha|Rage Powder|p2a: Sinistcha\n|-singleturn|p2a: Sinistcha|move: Rage Powder\n|move|p1a: Tyranitar|Rock Slide|p2a: Sinistcha|[spread] p2a,p2b\n|-damage|p2a: Sinistcha|0 fnt\n|-damage|p2b: Camerupt|59/100\n|faint|p2a: Sinistcha\n|move|p1b: Chesnaught|Body Press|p2b: Camerupt\n|-damage|p2b: Camerupt|3/100\n|move|p2b: Camerupt|Earth Power|p1a: Tyranitar\n|-supereffective|p1a: Tyranitar|1\n|-damage|p1a: Tyranitar|0 fnt\n|faint|p1a: Tyranitar\n|\n|upkeep\n|\n|t:|1776183983\n|switch|p2a: Kingambit|Kingambit, L50, M, shiny|100/100\n|switch|p1a: Incineroar|Incineroar, L50, F|57/100\n|-ability|p1a: Incineroar|Intimidate|boost\n|-unboost|p2a: Kingambit|atk|1\n|-ability|p2a: Kingambit|Defiant|boost\n|-boost|p2a: Kingambit|atk|2\n|-unboost|p2b: Camerupt|atk|1\n|turn|7\n|\n|t:|1776184008\n|move|p2a: Kingambit|Protect|p2a: Kingambit\n|-singleturn|p2a: Kingambit|Protect\n|move|p1a: Incineroar|Fake Out|p2b: Camerupt\n|-damage|p2b: Camerupt|0 fnt\n|faint|p2b: Camerupt\n|move|p1b: Chesnaught|Leech Seed|p2a: Kingambit\n|-activate|p2a: Kingambit|move: Protect\n|\n|upkeep\n|\n|t:|1776184012\n|switch|p2b: Sneasler|Sneasler, L50, F|83/100\n|turn|8\n|\n|t:|1776184033\n|move|p2b: Sneasler|Dire Claw|p1b: Chesnaught\n|-supereffective|p1b: Chesnaught|1\n|-damage|p1b: Chesnaught|15/100\n|move|p1a: Incineroar|Parting Shot|p2b: Sneasler\n|-unboost|p2b: Sneasler|atk|1\n|-unboost|p2b: Sneasler|spa|1\n|\n|t:|1776184039\n|switch|p1a: Clefable|Clefable, L50, M|64/100 brn|[from] Parting Shot\n|-enditem|p2b: Sneasler|White Herb\n|-clearnegativeboost|p2b: Sneasler|[silent]\n|move|p1b: Chesnaught|Leech Seed|p2a: Kingambit\n|-start|p2a: Kingambit|move: Leech Seed\n|move|p2a: Kingambit|Kowtow Cleave|p1a: Clefable\n|-resisted|p1a: Clefable|1\n|-damage|p1a: Clefable|39/100 brn\n|-enditem|p1a: Clefable|Sitrus Berry|[eat]\n|-heal|p1a: Clefable|64/100 brn|[from] item: Sitrus Berry\n|\n|-damage|p2a: Kingambit|88/100|[from] Leech Seed|[of] p1b: Chesnaught\n|-heal|p1b: Chesnaught|28/100|[silent]\n|-damage|p1a: Clefable|58/100 brn|[from] brn\n|upkeep\n|turn|9\n|inactive|leoscerni has 30 seconds left.\n|\n|t:|1776184066\n|move|p1a: Clefable|Protect|p1a: Clefable\n|-singleturn|p1a: Clefable|Protect\n|move|p1b: Chesnaught|Spiky Shield|p1b: Chesnaught\n|-singleturn|p1b: Chesnaught|move: Protect\n|move|p2a: Kingambit|Protect|p2a: Kingambit\n|-singleturn|p2a: Kingambit|Protect\n|move|p2b: Sneasler|Dire Claw|p1b: Chesnaught\n|-activate|p1b: Chesnaught|move: Protect\n|-damage|p2b: Sneasler|70/100|[from] Spiky Shield|[of] p1b: Chesnaught\n|\n|-damage|p2a: Kingambit|76/100|[from] Leech Seed|[of] p1b: Chesnaught\n|-heal|p1b: Chesnaught|41/100|[silent]\n|-damage|p1a: Clefable|52/100 brn|[from] brn\n|upkeep\n|turn|10\n|\n|t:|1776184081\n|switch|p1a: Incineroar|Incineroar, L50, F|57/100\n|-ability|p1a: Incineroar|Intimidate|boost\n|-unboost|p2a: Kingambit|atk|1\n|-ability|p2a: Kingambit|Defiant|boost\n|-boost|p2a: Kingambit|atk|2\n|-unboost|p2b: Sneasler|atk|1\n|move|p2a: Kingambit|Sucker Punch||[still]\n|-fail|p2a: Kingambit\n|move|p2b: Sneasler|Dire Claw|p1b: Chesnaught\n|-supereffective|p1b: Chesnaught|1\n|-damage|p1b: Chesnaught|15/100\n|move|p1b: Chesnaught|Leech Seed|p2b: Sneasler\n|-start|p2b: Sneasler|move: Leech Seed\n|\n|-damage|p2b: Sneasler|58/100|[from] Leech Seed|[of] p1b: Chesnaught\n|-heal|p1b: Chesnaught|25/100|[silent]\n|-damage|p2a: Kingambit|64/100|[from] Leech Seed|[of] p1b: Chesnaught\n|-heal|p1b: Chesnaught|38/100|[silent]\n|upkeep\n|turn|11\n|inactive|nsbnsb has 30 seconds left.\n|\n|t:|1776184108\n|move|p1b: Chesnaught|Spiky Shield|p1b: Chesnaught\n|-singleturn|p1b: Chesnaught|move: Protect\n|move|p1a: Incineroar|Fake Out|p2a: Kingambit\n|-resisted|p2a: Kingambit|1\n|-damage|p2a: Kingambit|60/100\n|move|p2b: Sneasler|Close Combat|p1a: Incineroar\n|-supereffective|p1a: Incineroar|1\n|-damage|p1a: Incineroar|0 fnt\n|-unboost|p2b: Sneasler|def|1\n|-unboost|p2b: Sneasler|spd|1\n|faint|p1a: Incineroar\n|cant|p2a: Kingambit|flinch\n|\n|-damage|p2b: Sneasler|46/100|[from] Leech Seed|[of] p1b: Chesnaught\n|-heal|p1b: Chesnaught|48/100|[silent]\n|-damage|p2a: Kingambit|48/100|[from] Leech Seed|[of] p1b: Chesnaught\n|-heal|p1b: Chesnaught|60/100|[silent]\n|upkeep\n|\n|t:|1776184124\n|switch|p1a: Clefable|Clefable, L50, M|52/100 brn\n|turn|12\n|\n|t:|1776184146\n|move|p1a: Clefable|Follow Me|p1a: Clefable\n|-singleturn|p1a: Clefable|move: Follow Me\n|move|p2b: Sneasler|Dire Claw|p1a: Clefable\n|-supereffective|p1a: Clefable|1\n|-damage|p1a: Clefable|0 fnt\n|faint|p1a: Clefable\n|move|p1b: Chesnaught|Body Press|p2a: Kingambit\n|-supereffective|p2a: Kingambit|2\n|-damage|p2a: Kingambit|0 fnt\n|faint|p2a: Kingambit\n|\n|-damage|p2b: Sneasler|34/100|[from] Leech Seed|[of] p1b: Chesnaught\n|-heal|p1b: Chesnaught|70/100|[silent]\n|upkeep\n|turn|13\n|\n|t:|1776184160\n|move|p2b: Sneasler|Protect|p2b: Sneasler\n|-singleturn|p2b: Sneasler|Protect\n|move|p1b: Chesnaught|Spiky Shield||[still]\n|-fail|p1b: Chesnaught\n|\n|-damage|p2b: Sneasler|22/100|[from] Leech Seed|[of] p1b: Chesnaught\n|-heal|p1b: Chesnaught|80/100|[silent]\n|upkeep\n|turn|14\n|\n|t:|1776184165\n|move|p1b: Chesnaught|Spiky Shield|p1b: Chesnaught\n|-singleturn|p1b: Chesnaught|move: Protect\n|move|p2b: Sneasler|Dire Claw|p1b: Chesnaught\n|-activate|p1b: Chesnaught|move: Protect\n|-damage|p2b: Sneasler|9/100|[from] Spiky Shield|[of] p1b: Chesnaught\n|\n|-damage|p2b: Sneasler|0 fnt|[from] Leech Seed|[of] p1b: Chesnaught\n|-heal|p1b: Chesnaught|87/100|[silent]\n|faint|p2b: Sneasler\n|\n|win|leoscerni\n|raw|leoscerni's rating: 1415 &rarr; <strong>1429</strong><br />(+14 for winning)\n|raw|nsbnsb's rating: 1316 &rarr; <strong>1302</strong><br />(-14 for losing)\n|l|\u2606nsbnsb\n|player|p2|\n",
  "uploadtime": 1776184258,
  "views": 29,
  "formatid": "gen9championsvgc2026regma",
  "rating": 1302,
  "private": 0,
  "password": null
}