{
  "id": "gen9championsvgc2026regma-2587836174",
  "format": "[Gen 9 Champions] VGC 2026 Reg M-A",
  "players": [
    "Charlie Kirkegaard",
    "snodlop"
  ],
  "log": "|j|\u2606Charlie Kirkegaard\n|j|\u2606snodlop\n|t:|1776568993\n|gametype|doubles\n|player|p1|Charlie Kirkegaard|rose|1117\n|player|p2|snodlop|lady-gen4|1101\n|gen|9\n|tier|[Gen 9 Champions] VGC 2026 Reg M-A\n|rated|\n|rule|Species Clause: Limit one of each Pok\u00e9mon\n|rule|Item Clause: Limit 1 of each item\n|clearpoke\n|poke|p1|Krookodile, L50, M|\n|poke|p1|Aegislash, L50, M|\n|poke|p1|Scovillain, L50, M|\n|poke|p1|Florges, L50, F|\n|poke|p1|Gyarados, L50, F|\n|poke|p1|Kommo-o, L50, M|\n|poke|p2|Victreebel, L50, F|\n|poke|p2|Talonflame, L50, M|\n|poke|p2|Incineroar, L50, F|\n|poke|p2|Sneasler, L50, F|\n|poke|p2|Primarina, L50, M|\n|poke|p2|Kingambit, L50, F|\n|teampreview|4\nsnodlop rejected open team sheets.\n|\n|t:|1776569031\n|teamsize|p1|4\n|teamsize|p2|4\n|start\n|switch|p1a: Kommo-o|Kommo-o, L50, M|100/100\n|switch|p1b: Scovillain|Scovillain, L50, M|100/100\n|switch|p2a: Victreebel|Victreebel, L50, F|100/100\n|switch|p2b: Sneasler|Sneasler, L50, F|100/100\n|turn|1\n|\n|t:|1776569062\n|switch|p1a: Gyarados|Gyarados, L50, F|100/100\n|-ability|p1a: Gyarados|Intimidate|boost\n|-unboost|p2a: Victreebel|atk|1\n|-unboost|p2b: Sneasler|atk|1\n|-enditem|p2b: Sneasler|White Herb\n|-clearnegativeboost|p2b: Sneasler|[silent]\n|detailschange|p2a: Victreebel|Victreebel-Mega, L50, F\n|-mega|p2a: Victreebel|Victreebel|Victreebelite\n|detailschange|p1b: Scovillain|Scovillain-Mega, L50, M\n|-mega|p1b: Scovillain|Scovillain|Scovillainite\n|move|p1b: Scovillain|Protect|p1b: Scovillain\n|-singleturn|p1b: Scovillain|Protect\n|move|p2b: Sneasler|Fake Out|p1a: Gyarados\n|-damage|p1a: Gyarados|85/100\n|move|p2a: Victreebel|Sludge Bomb|p1b: Scovillain\n|-activate|p1b: Scovillain|move: Protect\n|\n|upkeep\n|turn|2\n|inactive|Battle timer is ON: inactive players will automatically lose when time's up. (requested by snodlop)\n|inactive|Charlie Kirkegaard has 60 seconds left.\n|\n|t:|1776569099\n|switch|p1a: Eternal at Home|Florges, L50, F|100/100\n|move|p2b: Sneasler|Protect|p2b: Sneasler\n|-singleturn|p2b: Sneasler|Protect\n|move|p2a: Victreebel|Strength Sap|p1a: Eternal at Home\n|-unboost|p1a: Eternal at Home|atk|1\n|move|p1b: Scovillain|Fire Spin|p2a: Victreebel\n|-supereffective|p2a: Victreebel|1\n|-damage|p2a: Victreebel|65/100\n|-activate|p2a: Victreebel|move: Fire Spin|[of] p1b: Scovillain\n|\n|-damage|p2a: Victreebel|53/100|[from] move: Fire Spin|[partiallytrapped]\n|upkeep\n|turn|3\n|inactive|Charlie Kirkegaard has 30 seconds left.\n|\n|t:|1776569125\n|move|p1b: Scovillain|Rage Powder|p1b: Scovillain\n|-singleturn|p1b: Scovillain|move: Rage Powder\n|move|p2b: Sneasler|Dire Claw|p1b: Scovillain\n|-supereffective|p1b: Scovillain|1\n|-damage|p1b: Scovillain|0 fnt\n|-status|p2b: Sneasler|brn|[from] ability: Spicy Spray|[of] p1b: Scovillain\n|faint|p1b: Scovillain\n|move|p2a: Victreebel|Synthesis|p2a: Victreebel\n|-heal|p2a: Victreebel|100/100\n|move|p1a: Eternal at Home|Light Screen|p1a: Eternal at Home\n|-sidestart|p1: Charlie Kirkegaard|move: Light Screen\n|\n|-damage|p2b: Sneasler|95/100 brn|[from] brn\n|-end|p2a: Victreebel|Fire Spin|[partiallytrapped]|[silent]\n|upkeep\n|\n|t:|1776569140\n|switch|p1b: Kommo-o|Kommo-o, L50, M|100/100\n|turn|4\n|\n|t:|1776569149\n|move|p2b: Sneasler|Dire Claw|p1a: Eternal at Home\n|-supereffective|p1a: Eternal at Home|1\n|-enditem|p1a: Eternal at Home|Kebia Berry|[eat]\n|-enditem|p1a: Eternal at Home|Kebia Berry|[weaken]\n|-damage|p1a: Eternal at Home|70/100\n|move|p1b: Kommo-o|Clangorous Soul|p1b: Kommo-o\n|-boost|p1b: Kommo-o|atk|1\n|-boost|p1b: Kommo-o|def|1\n|-boost|p1b: Kommo-o|spa|1\n|-boost|p1b: Kommo-o|spd|1\n|-boost|p1b: Kommo-o|spe|1\n|-damage|p1b: Kommo-o|68/100\n|move|p2a: Victreebel|Strength Sap|p1b: Kommo-o\n|-unboost|p1b: Kommo-o|atk|1\n|move|p1a: Eternal at Home|Pollen Puff|p1b: Kommo-o\n|-heal|p1b: Kommo-o|100/100\n|\n|-damage|p2b: Sneasler|89/100 brn|[from] brn\n|upkeep\n|turn|5\n|inactive|Charlie Kirkegaard has 30 seconds left.\n|inactive|Charlie Kirkegaard has 20 seconds left.\n|\n|t:|1776569185\n|move|p2b: Sneasler|Dire Claw|p1a: Eternal at Home\n|-supereffective|p1a: Eternal at Home|1\n|-damage|p1a: Eternal at Home|8/100\n|move|p1b: Kommo-o|Clangorous Soul|p1b: Kommo-o\n|-boost|p1b: Kommo-o|atk|1\n|-boost|p1b: Kommo-o|def|1\n|-boost|p1b: Kommo-o|spa|1\n|-boost|p1b: Kommo-o|spd|1\n|-boost|p1b: Kommo-o|spe|1\n|-damage|p1b: Kommo-o|68/100\n|move|p2a: Victreebel|Synthesis|p2a: Victreebel\n|-fail|p2a: Victreebel|heal\n|move|p1a: Eternal at Home|Pollen Puff|p1b: Kommo-o\n|-heal|p1b: Kommo-o|100/100\n|\n|-damage|p2b: Sneasler|83/100 brn|[from] brn\n|upkeep\n|turn|6\n|\n|t:|1776569207\n|move|p2a: Victreebel|Protect|p2a: Victreebel\n|-singleturn|p2a: Victreebel|Protect\n|move|p2b: Sneasler|Dire Claw|p1a: Eternal at Home\n|-supereffective|p1a: Eternal at Home|1\n|-damage|p1a: Eternal at Home|0 fnt\n|faint|p1a: Eternal at Home\n|move|p1b: Kommo-o|Clanging Scales|p2a: Victreebel|[spread] p2b\n|-activate|p2a: Victreebel|move: Protect\n|-damage|p2b: Sneasler|4/100 brn\n|-unboost|p1b: Kommo-o|def|1\n|\n|-damage|p2b: Sneasler|0 fnt|[from] brn\n|faint|p2b: Sneasler\n|upkeep\n|\n|t:|1776569221\n|switch|p2b: Primarina|Primarina, L50, M|100/100\n|switch|p1a: Gyarados|Gyarados, L50, F|85/100\n|-ability|p1a: Gyarados|Intimidate|boost\n|-unboost|p2a: Victreebel|atk|1\n|-unboost|p2b: Primarina|atk|1\n|turn|7\n|\n|t:|1776569239\n|move|p2b: Primarina|Protect|p2b: Primarina\n|-singleturn|p2b: Primarina|Protect\n|move|p1b: Kommo-o|Aura Sphere|p2b: Primarina\n|-activate|p2b: Primarina|move: Protect\n|move|p1a: Gyarados|Waterfall|p2b: Primarina\n|-activate|p2b: Primarina|move: Protect\n|move|p2a: Victreebel|Strength Sap|p1a: Gyarados\n|-unboost|p1a: Gyarados|atk|1\n|\n|-sideend|p1: Charlie Kirkegaard|move: Light Screen\n|upkeep\n|turn|8\n|inactive|Charlie Kirkegaard has 30 seconds left.\n|\n|t:|1776569264\n|move|p1b: Kommo-o|Clangorous Soul|p1b: Kommo-o\n|-boost|p1b: Kommo-o|atk|1\n|-boost|p1b: Kommo-o|def|1\n|-boost|p1b: Kommo-o|spa|1\n|-boost|p1b: Kommo-o|spd|1\n|-boost|p1b: Kommo-o|spe|1\n|-damage|p1b: Kommo-o|68/100\n|move|p1a: Gyarados|Taunt|p2b: Primarina\n|-start|p2b: Primarina|move: Taunt\n|move|p2a: Victreebel|Strength Sap|p1a: Gyarados\n|-unboost|p1a: Gyarados|atk|1\n|cant|p2b: Primarina|move: Taunt|Calm Mind\n|\n|-heal|p1b: Kommo-o|74/100|[from] item: Leftovers\n|upkeep\n|turn|9\n|inactive|Charlie Kirkegaard has 30 seconds left.\n|inactive|snodlop has 30 seconds left.\n|\n|t:|1776569290\n|move|p1b: Kommo-o|Protect|p1b: Kommo-o\n|-singleturn|p1b: Kommo-o|Protect\n|move|p1a: Gyarados|Taunt|p2a: Victreebel\n|-start|p2a: Victreebel|move: Taunt\n|move|p2a: Victreebel|Sludge Bomb|p1b: Kommo-o\n|-activate|p1b: Kommo-o|move: Protect\n|move|p2b: Primarina|Moonblast|p1b: Kommo-o\n|-activate|p1b: Kommo-o|move: Protect\n|\n|-heal|p1b: Kommo-o|80/100|[from] item: Leftovers\n|upkeep\n|turn|10\n|\n|t:|1776569309\n|move|p1b: Kommo-o|Aura Sphere|p2b: Primarina\n|-resisted|p2b: Primarina|1\n|-damage|p2b: Primarina|69/100\n|move|p1a: Gyarados|Waterfall|p2b: Primarina\n|-resisted|p2b: Primarina|1\n|-damage|p2b: Primarina|59/100\n|move|p2a: Victreebel|Sludge Bomb|p1a: Gyarados\n|-damage|p1a: Gyarados|55/100\n|move|p2b: Primarina|Moonblast|p1b: Kommo-o\n|-supereffective|p1b: Kommo-o|2\n|-damage|p1b: Kommo-o|20/100\n|\n|-heal|p1b: Kommo-o|26/100|[from] item: Leftovers\n|-end|p2b: Primarina|move: Taunt\n|upkeep\n|turn|11\n|\n|t:|1776569331\n|move|p1b: Kommo-o|Aura Sphere|p2b: Primarina\n|-resisted|p2b: Primarina|1\n|-damage|p2b: Primarina|28/100\n|move|p1a: Gyarados|Waterfall|p2b: Primarina\n|-resisted|p2b: Primarina|1\n|-damage|p2b: Primarina|19/100\n|move|p2a: Victreebel|Sludge Bomb|p1a: Gyarados\n|-damage|p1a: Gyarados|23/100\n|-enditem|p1a: Gyarados|Sitrus Berry|[eat]\n|-heal|p1a: Gyarados|48/100|[from] item: Sitrus Berry\n|move|p2b: Primarina|Moonblast|p1b: Kommo-o\n|-supereffective|p1b: Kommo-o|2\n|-damage|p1b: Kommo-o|0 fnt\n|faint|p1b: Kommo-o\n|\n|-end|p2a: Victreebel|move: Taunt\n|upkeep\n|turn|12\n|-message|Charlie Kirkegaard forfeited.\n|\n|win|snodlop\n|raw|Charlie Kirkegaard's rating: 1117 &rarr; <strong>1091</strong><br />(-26 for losing)\n|raw|snodlop's rating: 1101 &rarr; <strong>1127</strong><br />(+26 for winning)\n|l|\u2606Charlie Kirkegaard\n|player|p1|\n",
  "uploadtime": 1776569350,
  "views": 8,
  "formatid": "gen9championsvgc2026regma",
  "rating": 1091,
  "private": 0,
  "password": null
}