{
  "id": "gen9championsvgc2026regma-2582738626",
  "format": "[Gen 9 Champions] VGC 2026 Reg M-A",
  "players": [
    "thecynikyt",
    "ayyyble"
  ],
  "log": "|j|\u2606thecynikyt\n|j|\u2606ayyyble\n|t:|1776110716\n|gametype|doubles\n|player|p1|thecynikyt|alder|1071\n|player|p2|ayyyble|blue|1146\n|gen|9\n|tier|[Gen 9 Champions] VGC 2026 Reg M-A\n|rated|\n|rule|Species Clause: Limit one of each Pok\u00e9mon\n|rule|Item Clause: Limit 1 of each item\n|clearpoke\n|poke|p1|Gallade, L50, M|\n|poke|p1|Whimsicott, L50, M|\n|poke|p1|Zoroark-Hisui, L50, F|\n|poke|p1|Archaludon, L50, F|\n|poke|p1|Meganium, L50, F|\n|poke|p1|Rotom-Wash, L50|\n|poke|p2|Delphox, L50, M|\n|poke|p2|Basculegion, L50, M|\n|poke|p2|Clefable, L50, M|\n|poke|p2|Kingambit, L50, F|\n|poke|p2|Dragonite, L50, M|\n|poke|p2|Sneasler, L50, F|\n|teampreview|4\n|inactive|Battle timer is ON: inactive players will automatically lose when time's up. (requested by thecynikyt)\nayyyble rejected open team sheets.\n|inactive|thecynikyt has 60 seconds left.\n|\n|t:|1776110756\n|teamsize|p1|4\n|teamsize|p2|4\n|start\n|switch|p1a: Whimsicott|Whimsicott, L50, M|100/100\n|switch|p1b: Rotom|Rotom-Wash, L50, shiny|100/100\n|switch|p2a: Delphox|Delphox, L50, M|100/100\n|switch|p2b: Sneasler|Sneasler, L50, F|100/100\n|turn|1\n|\n|t:|1776110770\n|detailschange|p2a: Delphox|Delphox-Mega, L50, M\n|-mega|p2a: Delphox|Delphox|Delphoxite\n|move|p1a: Whimsicott|Protect|p1a: Whimsicott\n|-singleturn|p1a: Whimsicott|Protect\n|move|p1b: Rotom|Protect|p1b: Rotom\n|-singleturn|p1b: Rotom|Protect\n|move|p2b: Sneasler|Fake Out|p1a: Whimsicott\n|-activate|p1a: Whimsicott|move: Protect\n|move|p2a: Delphox|Heat Wave|p1b: Rotom|[spread] \n|-activate|p1a: Whimsicott|move: Protect\n|-activate|p1b: Rotom|move: Protect\n|\n|upkeep\n|turn|2\n|\n|t:|1776110783\n|move|p2a: Delphox|Protect|p2a: Delphox\n|-singleturn|p2a: Delphox|Protect\n|move|p1a: Whimsicott|Tailwind|p1a: Whimsicott\n|-sidestart|p1: thecynikyt|move: Tailwind\n|move|p1b: Rotom|Hydro Pump|p2a: Delphox\n|-activate|p2a: Delphox|move: Protect\n|move|p2b: Sneasler|Dire Claw|p1a: Whimsicott\n|-supereffective|p1a: Whimsicott|2\n|-damage|p1a: Whimsicott|0 fnt\n|faint|p1a: Whimsicott\n|\n|upkeep\n|\n|t:|1776110789\n|switch|p1a: Gallade|Gallade, L50, M, shiny|100/100\n|turn|3\n|\n|t:|1776110805\n|detailschange|p1a: Gallade|Gallade-Mega, L50, M, shiny\n|-mega|p1a: Gallade|Gallade|Galladite\n|move|p1a: Gallade|Psycho Cut|p2b: Sneasler\n|-supereffective|p2b: Sneasler|2\n|-enditem|p2b: Sneasler|Focus Sash\n|-damage|p2b: Sneasler|1/100\n|move|p2b: Sneasler|Dire Claw|p1b: Rotom\n|-damage|p1b: Rotom|49/100\n|-enditem|p1b: Rotom|Sitrus Berry|[eat]\n|-heal|p1b: Rotom|73/100|[from] item: Sitrus Berry\n|move|p1b: Rotom|Hydro Pump|p2a: Delphox\n|-supereffective|p2a: Delphox|1\n|-damage|p2a: Delphox|11/100\n|move|p2a: Delphox|Substitute|p2a: Delphox\n|-fail|p2a: Delphox|move: Substitute|[weak]\n|\n|upkeep\n|turn|4\n|\n|t:|1776110828\n|move|p2b: Sneasler|Protect|p2b: Sneasler\n|-singleturn|p2b: Sneasler|Protect\n|move|p2a: Delphox|Protect|p2a: Delphox\n|-singleturn|p2a: Delphox|Protect\n|move|p1a: Gallade|Psycho Cut|p2b: Sneasler\n|-activate|p2b: Sneasler|move: Protect\n|move|p1b: Rotom|Electroweb|p2b: Sneasler|[spread] \n|-activate|p2a: Delphox|move: Protect\n|-activate|p2b: Sneasler|move: Protect\n|\n|upkeep\n|turn|5\n|\n|t:|1776110848\n|move|p2b: Sneasler|Dire Claw|p1b: Rotom\n|-damage|p1b: Rotom|18/100\n|-status|p1b: Rotom|slp\n|move|p1a: Gallade|Psycho Cut|p2a: Delphox\n|-resisted|p2a: Delphox|1\n|-damage|p2a: Delphox|0 fnt\n|faint|p2a: Delphox\n|cant|p1b: Rotom|slp\n|\n|-sideend|p1: thecynikyt|move: Tailwind\n|upkeep\n|\n|t:|1776110855\n|switch|p2a: Clefable|Clefable, L50, M|100/100\n|turn|6\n|\n|t:|1776110877\n|switch|p1b: Rotom|Rotom-Wash, L50, shiny|100/100\n|move|p2a: Clefable|Protect|p2a: Clefable\n|-singleturn|p2a: Clefable|Protect\n|move|p2b: Sneasler|Dire Claw|p1b: Rotom\n|-resisted|p1b: Rotom|1\n|-damage|p1b: Rotom|59/100\n|replace|p1b: Zoroark|Zoroark-Hisui, L50, F\n|-end|p1b: Zoroark|Illusion\n|move|p1a: Gallade|Psycho Cut|p2b: Sneasler\n|-supereffective|p2b: Sneasler|2\n|-damage|p2b: Sneasler|0 fnt\n|faint|p2b: Sneasler\n|\n|upkeep\n|\n|t:|1776110884\n|switch|p2b: Kingambit|Kingambit, L50, F|100/100\n|turn|7\n|\n|t:|1776110898\n|move|p2a: Clefable|Follow Me|p2a: Clefable\n|-singleturn|p2a: Clefable|move: Follow Me\n|move|p1b: Zoroark|Bitter Malice|p2a: Clefable\n|-damage|p2a: Clefable|64/100\n|-unboost|p2a: Clefable|atk|1\n|move|p1a: Gallade|Sacred Sword|p2a: Clefable\n|-resisted|p2a: Clefable|1\n|-damage|p2a: Clefable|40/100\n|-enditem|p2a: Clefable|Sitrus Berry|[eat]\n|-heal|p2a: Clefable|64/100|[from] item: Sitrus Berry\n|move|p2b: Kingambit|Swords Dance|p2b: Kingambit\n|-boost|p2b: Kingambit|atk|2\n|\n|upkeep\n|turn|8\n|inactive|thecynikyt has 30 seconds left.\n|\n|t:|1776110930\n|move|p2a: Clefable|Follow Me|p2a: Clefable\n|-singleturn|p2a: Clefable|move: Follow Me\n|move|p1a: Gallade|Psycho Cut|p2a: Clefable\n|-damage|p2a: Clefable|27/100\n|move|p1b: Zoroark|Pain Split|p2a: Clefable\n|-sethp|p2a: Clefable|33/100|[from] move: Pain Split|[silent]\n|-sethp|p1b: Zoroark|50/100|[from] move: Pain Split\n|move|p2b: Kingambit|Swords Dance|p2b: Kingambit\n|-boost|p2b: Kingambit|atk|2\n|\n|upkeep\n|turn|9\n|\n|t:|1776110951\n|move|p2b: Kingambit|Sucker Punch||[still]\n|-fail|p2b: Kingambit\n|move|p1a: Gallade|Psycho Cut|p2a: Clefable\n|-crit|p2a: Clefable\n|-damage|p2a: Clefable|0 fnt\n|faint|p2a: Clefable\n|move|p1b: Zoroark|Pain Split|p2b: Kingambit\n|-sethp|p2b: Kingambit|66/100|[from] move: Pain Split|[silent]\n|-sethp|p1b: Zoroark|100/100|[from] move: Pain Split\n|\n|upkeep\n|turn|10\n|\n|t:|1776110965\n|switch|p1a: Rotom|Rotom-Wash, L50, shiny|18/100 slp\n|move|p2b: Kingambit|Sucker Punch||[still]\n|-fail|p2b: Kingambit\n|move|p1b: Zoroark|Pain Split|p2b: Kingambit\n|-sethp|p2b: Kingambit|65/100|[from] move: Pain Split|[silent]\n|-sethp|p1b: Zoroark|100/100|[from] move: Pain Split\n|\n|upkeep\n|turn|11\n|\n|t:|1776110984\n|move|p2b: Kingambit|Protect|p2b: Kingambit\n|-singleturn|p2b: Kingambit|Protect\n|move|p1b: Zoroark|Pain Split|p2b: Kingambit\n|-activate|p2b: Kingambit|move: Protect\n|-curestatus|p1a: Rotom|slp|[msg]\n|move|p1a: Rotom|Will-O-Wisp|p2b: Kingambit\n|-activate|p2b: Kingambit|move: Protect\n|\n|upkeep\n|turn|12\n|\n|t:|1776110990\n|move|p1b: Zoroark|Pain Split|p2b: Kingambit\n|-sethp|p2b: Kingambit|64/100|[from] move: Pain Split|[silent]\n|-sethp|p1b: Zoroark|100/100|[from] move: Pain Split\n|move|p1a: Rotom|Will-O-Wisp|p2b: Kingambit\n|-status|p2b: Kingambit|brn\n|move|p2b: Kingambit|Kowtow Cleave|p1b: Zoroark\n|-supereffective|p1b: Zoroark|1\n|-enditem|p1b: Zoroark|Focus Sash\n|-damage|p1b: Zoroark|1/100\n|\n|-damage|p2b: Kingambit|58/100 brn|[from] brn\n|upkeep\n|turn|13\n|\n|t:|1776111005\n|move|p1b: Zoroark|Hyper Voice|p2b: Kingambit\n|-resisted|p2b: Kingambit|1\n|-damage|p2b: Kingambit|35/100 brn\n|move|p1a: Rotom|Hydro Pump|p2b: Kingambit\n|-damage|p2b: Kingambit|0 fnt\n|faint|p2b: Kingambit\n|\n|win|thecynikyt\n|raw|thecynikyt's rating: 1071 &rarr; <strong>1107</strong><br />(+36 for winning)\n|raw|ayyyble's rating: 1146 &rarr; <strong>1116</strong><br />(-30 for losing)\n|l|\u2606ayyyble\n|player|p2|\n",
  "uploadtime": 1776111013,
  "views": 17,
  "formatid": "gen9championsvgc2026regma",
  "rating": 1107,
  "private": 0,
  "password": null
}