{
  "id": "gen9championsvgc2026regma-2587218404",
  "format": "[Gen 9 Champions] VGC 2026 Reg M-A",
  "players": [
    "dohawyth",
    "carlette43907"
  ],
  "log": "|j|\u2606dohawyth\n|j|\u2606carlette43907\n|t:|1776510454\n|gametype|doubles\n|player|p1|dohawyth|169|1099\n|player|p2|carlette43907|caitlin|1069\n|gen|9\n|tier|[Gen 9 Champions] VGC 2026 Reg M-A\n|rated|\n|rule|Species Clause: Limit one of each Pok\u00e9mon\n|rule|Item Clause: Limit 1 of each item\n|clearpoke\n|poke|p1|Incineroar, L50, F|\n|poke|p1|Crabominable, L50, M|\n|poke|p1|Aggron, L50, F|\n|poke|p1|Kingambit, L50, F|\n|poke|p1|Slowking-Galar, L50, F|\n|poke|p1|Sinistcha, L50|\n|poke|p2|Floette-Eternal, L50, F|\n|poke|p2|Sylveon, L50, M|\n|poke|p2|Maushold, L50|\n|poke|p2|Mimikyu, L50, F|\n|poke|p2|Whimsicott, L50, F|\n|poke|p2|Alakazam, L50, M, shiny|\n|teampreview|4\n|\n|t:|1776510482\n|teamsize|p1|4\n|teamsize|p2|4\n|start\n|switch|p1a: Slowking|Slowking-Galar, L50, F|100/100\n|switch|p1b: Crabominable|Crabominable, L50, M|100/100\n|switch|p2a: Floette|Floette-Eternal, L50, F|100/100\n|switch|p2b: Maushold|Maushold, L50|100/100\n|turn|1\n|\n|t:|1776510502\n|detailschange|p1b: Crabominable|Crabominable-Mega, L50, M\n|-mega|p1b: Crabominable|Crabominable|Crabominite\n|move|p2b: Maushold|Hyper Voice|p1a: Slowking|[spread] p1a,p1b\n|-damage|p1a: Slowking|82/100\n|-damage|p1b: Crabominable|81/100\n|move|p2a: Floette|Calm Mind|p2a: Floette\n|-boost|p2a: Floette|spa|1\n|-boost|p2a: Floette|spd|1\n|move|p1b: Crabominable|Drain Punch|p2b: Maushold\n|-supereffective|p2b: Maushold|1\n|-damage|p2b: Maushold|0 fnt\n|-heal|p1b: Crabominable|100/100|[from] drain|[of] p2b: Maushold\n|faint|p2b: Maushold\n|move|p1a: Slowking|Sludge Bomb|p2a: Floette\n|-supereffective|p2a: Floette|1\n|-damage|p2a: Floette|59/100\n|\n|upkeep\n|\n|t:|1776510510\n|switch|p2b: Mimikyu|Mimikyu, L50, F|100/100\n|turn|2\n|\n|t:|1776510518\n|switch|p1b: Sinistcha|Sinistcha, L50|100/100\n|detailschange|p2a: Floette|Floette-Mega, L50, F\n|-mega|p2a: Floette|Floette|Floettite\n|-ability|p2a: Floette|Fairy Aura\n|move|p2a: Floette|Draining Kiss|p1b: Sinistcha\n|-damage|p1b: Sinistcha|38/100\n|-heal|p2a: Floette|100/100|[from] drain|[of] p1b: Sinistcha\n|-enditem|p1b: Sinistcha|Sitrus Berry|[eat]\n|-heal|p1b: Sinistcha|63/100|[from] item: Sitrus Berry\n|move|p2b: Mimikyu|Shadow Claw|p1a: Slowking\n|-supereffective|p1a: Slowking|1\n|-damage|p1a: Slowking|29/100\n|move|p1a: Slowking|Trick Room|p1a: Slowking\n|-fieldstart|move: Trick Room|[of] p1a: Slowking\n|\n|upkeep\n|turn|3\n|\n|t:|1776510540\n|move|p2a: Floette|Protect|p2a: Floette\n|-singleturn|p2a: Floette|Protect\n|move|p1a: Slowking|Sludge Bomb|p2a: Floette\n|-activate|p2a: Floette|move: Protect\n|move|p1b: Sinistcha|Matcha Gotcha|p2a: Floette|[spread] \n|-activate|p2a: Floette|move: Protect\n|-miss|p1b: Sinistcha|p2b: Mimikyu\n|move|p2b: Mimikyu|Shadow Claw|p1b: Sinistcha\n|-supereffective|p1b: Sinistcha|1\n|-damage|p1b: Sinistcha|0 fnt\n|faint|p1b: Sinistcha\n|\n|upkeep\n|\n|t:|1776510548\n|switch|p1b: Kingambit|Kingambit, L50, F|100/100\n|turn|4\n|\n|t:|1776510564\n|switch|p2a: Whimsicott|Whimsicott, L50, F|100/100\n|move|p1a: Slowking|Sludge Bomb|p2b: Mimikyu\n|-activate|p2b: Mimikyu|ability: Disguise\n|-damage|p2b: Mimikyu|100/100\n|detailschange|p2b: Mimikyu|Mimikyu-Busted, L50, F\n|-damage|p2b: Mimikyu|88/100|[from] pokemon: Mimikyu-Busted\n|move|p1b: Kingambit|Iron Head|p2a: Whimsicott\n|-supereffective|p2a: Whimsicott|1\n|-damage|p2a: Whimsicott|0 fnt\n|faint|p2a: Whimsicott\n|move|p2b: Mimikyu|Drain Punch|p1b: Kingambit\n|-supereffective|p1b: Kingambit|2\n|-damage|p1b: Kingambit|12/100\n|-heal|p2b: Mimikyu|100/100|[from] drain|[of] p1b: Kingambit\n|\n|upkeep\n|\n|t:|1776510584\n|switch|p2a: Floette|Floette-Mega, L50, F|100/100\n|-ability|p2a: Floette|Fairy Aura\n|turn|5\n|\n|t:|1776510593\n|move|p2a: Floette|Protect|p2a: Floette\n|-singleturn|p2a: Floette|Protect\n|move|p2b: Mimikyu|Shadow Sneak|p1b: Kingambit\n|-resisted|p1b: Kingambit|1\n|-damage|p1b: Kingambit|5/100\n|move|p1a: Slowking|Sludge Bomb|p2b: Mimikyu\n|-damage|p2b: Mimikyu|57/100\n|move|p1b: Kingambit|Iron Head|p2b: Mimikyu\n|-supereffective|p2b: Mimikyu|1\n|-damage|p2b: Mimikyu|0 fnt\n|faint|p2b: Mimikyu\n|\n|upkeep\n|turn|6\n|\n|t:|1776510608\n|move|p1a: Slowking|Sludge Bomb|p2a: Floette\n|-supereffective|p2a: Floette|1\n|-damage|p2a: Floette|45/100\n|-status|p2a: Floette|psn\n|move|p1b: Kingambit|Iron Head|p2a: Floette\n|-supereffective|p2a: Floette|1\n|-damage|p2a: Floette|0 fnt\n|faint|p2a: Floette\n|\n|win|dohawyth\n|raw|dohawyth's rating: 1099 &rarr; <strong>1122</strong><br />(+23 for winning)\n|raw|carlette43907's rating: 1069 &rarr; <strong>1050</strong><br />(-19 for losing)\n",
  "uploadtime": 1776510611,
  "views": 20,
  "formatid": "gen9championsvgc2026regma",
  "rating": 1050,
  "private": 0,
  "password": null
}