{
  "id": "gen9championsvgc2026regma-2583547007",
  "format": "[Gen 9 Champions] VGC 2026 Reg M-A",
  "players": [
    "MattGelo12",
    "Isidino"
  ],
  "log": "|j|\u2606MattGelo12\n|j|\u2606Isidino\n|t:|1776182514\n|gametype|doubles\n|player|p1|MattGelo12|1|1161\n|player|p2|Isidino|1|1233\n|gen|9\n|tier|[Gen 9 Champions] VGC 2026 Reg M-A\n|rated|\n|rule|Species Clause: Limit one of each Pok\u00e9mon\n|rule|Item Clause: Limit 1 of each item\n|clearpoke\n|poke|p1|Sneasler, L50, M|\n|poke|p1|Kingambit, L50, M|\n|poke|p1|Basculegion, L50, M|\n|poke|p1|Delphox, L50, F|\n|poke|p1|Whimsicott, L50, F|\n|poke|p1|Sandaconda, L50, F|\n|poke|p2|Pelipper, L50, F|\n|poke|p2|Basculegion-F, L50, F|\n|poke|p2|Starmie, L50|\n|poke|p2|Sneasler, L50, M|\n|poke|p2|Sableye, L50, M|\n|poke|p2|Archaludon, L50, F|\n|teampreview|4\n|inactive|Battle timer is ON: inactive players will automatically lose when time's up. (requested by Isidino)\n|inactive|Isidino has 60 seconds left.\n|\n|t:|1776182572\n|teamsize|p1|4\n|teamsize|p2|4\n|start\n|switch|p1a: Kingambit|Kingambit, L50, M|100/100\n|switch|p1b: Sandaconda|Sandaconda, L50, F|100/100\n|switch|p2a: Sableye|Sableye, L50, M, shiny|100/100\n|switch|p2b: Basculegion|Basculegion-F, L50, F, shiny|100/100\n|turn|1\n|\n|t:|1776182579\n|move|p1a: Kingambit|Sucker Punch|p2b: Basculegion\n|-supereffective|p2b: Basculegion|1\n|-damage|p2b: Basculegion|2/100\n|move|p2a: Sableye|Rain Dance|p2a: Sableye\n|-weather|RainDance\n|move|p2b: Basculegion|Muddy Water|p1a: Kingambit|[spread] p1a,p1b\n|-supereffective|p1b: Sandaconda|1\n|-damage|p1a: Kingambit|54/100\n|-damage|p1b: Sandaconda|5/100\n|-unboost|p1b: Sandaconda|accuracy|1\n|-weather|Sandstorm|[from] ability: Sand Spit|[of] p1b: Sandaconda\n|move|p1b: Sandaconda|Minimize|p1b: Sandaconda\n|-boost|p1b: Sandaconda|evasion|2\n|\n|-weather|Sandstorm|[upkeep]\n|-damage|p2b: Basculegion|0 fnt|[from] Sandstorm\n|-damage|p2a: Sableye|94/100|[from] Sandstorm\n|faint|p2b: Basculegion\n|-heal|p1b: Sandaconda|11/100|[from] item: Leftovers\n|-heal|p2a: Sableye|100/100|[from] item: Leftovers\n|upkeep\n|\n|t:|1776182589\n|switch|p2b: Sneasler|Sneasler, L50, M|100/100\n|turn|2\n|inactive|Isidino has 30 seconds left.\n|\n|t:|1776182615\n|move|p1b: Sandaconda|Protect|p1b: Sandaconda\n|-singleturn|p1b: Sandaconda|Protect\n|move|p1a: Kingambit|Protect|p1a: Kingambit\n|-singleturn|p1a: Kingambit|Protect\n|move|p2b: Sneasler|Close Combat|p1a: Kingambit\n|-activate|p1a: Kingambit|move: Protect\n|move|p2a: Sableye|Night Shade|p1b: Sandaconda\n|-activate|p1b: Sandaconda|move: Protect\n|\n|-weather|Sandstorm|[upkeep]\n|-damage|p2b: Sneasler|95/100|[from] Sandstorm\n|-damage|p2a: Sableye|94/100|[from] Sandstorm\n|-heal|p1b: Sandaconda|18/100|[from] item: Leftovers\n|-heal|p2a: Sableye|100/100|[from] item: Leftovers\n|upkeep\n|turn|3\n|\n|t:|1776182629\n|move|p1a: Kingambit|Sucker Punch|p2b: Sneasler\n|-resisted|p2b: Sneasler|1\n|-damage|p2b: Sneasler|61/100\n|move|p2b: Sneasler|Close Combat|p1a: Kingambit\n|-supereffective|p1a: Kingambit|2\n|-enditem|p1a: Kingambit|Chople Berry|[eat]\n|-enditem|p1a: Kingambit|Chople Berry|[weaken]\n|-damage|p1a: Kingambit|0 fnt\n|-unboost|p2b: Sneasler|def|1\n|-unboost|p2b: Sneasler|spd|1\n|faint|p1a: Kingambit\n|-enditem|p2b: Sneasler|White Herb\n|-clearnegativeboost|p2b: Sneasler|[silent]\n|move|p1b: Sandaconda|Minimize|p1b: Sandaconda\n|-boost|p1b: Sandaconda|evasion|2\n|move|p2a: Sableye|Night Shade|p1b: Sandaconda|[miss]\n|-miss|p2a: Sableye|p1b: Sandaconda\n|\n|-weather|Sandstorm|[upkeep]\n|-damage|p2b: Sneasler|55/100|[from] Sandstorm\n|-damage|p2a: Sableye|94/100|[from] Sandstorm\n|-heal|p1b: Sandaconda|24/100|[from] item: Leftovers\n|-heal|p2a: Sableye|100/100|[from] item: Leftovers\n|upkeep\n|inactive|MattGelo12 has 30 seconds left.\n|\n|t:|1776182656\n|switch|p1a: Basculegion|Basculegion, L50, M|100/100\n|turn|4\n|\n|t:|1776182669\n|move|p1b: Sandaconda|Protect|p1b: Sandaconda\n|-singleturn|p1b: Sandaconda|Protect\n|move|p2b: Sneasler|Dire Claw|p1a: Basculegion\n|-resisted|p1a: Basculegion|1\n|-damage|p1a: Basculegion|73/100\n|-status|p1a: Basculegion|psn\n|move|p1a: Basculegion|Flip Turn|p2b: Sneasler\n|-damage|p2b: Sneasler|0 fnt\n|faint|p2b: Sneasler\n|\n|t:|1776182681\n|switch|p1a: Delphox|Delphox, L50, F|100/100|[from] Flip Turn\n|move|p2a: Sableye|Night Shade|p1b: Sandaconda\n|-activate|p1b: Sandaconda|move: Protect\n|\n|-weather|Sandstorm|[upkeep]\n|-damage|p1a: Delphox|95/100|[from] Sandstorm\n|-damage|p2a: Sableye|94/100|[from] Sandstorm\n|-heal|p1b: Sandaconda|30/100|[from] item: Leftovers\n|-heal|p2a: Sableye|100/100|[from] item: Leftovers\n|upkeep\n|\n|t:|1776182684\n|switch|p2b: Starmie|Starmie, L50, shiny|100/100\n|turn|5\n|\n|t:|1776182698\n|detailschange|p2b: Starmie|Starmie-Mega, L50, shiny\n|-mega|p2b: Starmie|Starmie|Starminite\n|move|p1a: Delphox|Protect|p1a: Delphox\n|-singleturn|p1a: Delphox|Protect\n|move|p2b: Starmie|Aqua Jet|p1a: Delphox\n|-activate|p1a: Delphox|move: Protect\n|move|p2a: Sableye|Rain Dance|p2a: Sableye\n|-weather|RainDance\n|move|p1b: Sandaconda|Minimize|p1b: Sandaconda\n|-boost|p1b: Sandaconda|evasion|2\n|\n|-weather|RainDance|[upkeep]\n|-heal|p1b: Sandaconda|36/100|[from] item: Leftovers\n|upkeep\n|turn|6\n|inactive|MattGelo12 has 30 seconds left.\n|\n|t:|1776182730\n|detailschange|p1a: Delphox|Delphox-Mega, L50, F\n|-mega|p1a: Delphox|Delphox|Delphoxite\n|move|p2b: Starmie|Aqua Jet|p1a: Delphox\n|-supereffective|p1a: Delphox|1\n|-damage|p1a: Delphox|0 fnt\n|faint|p1a: Delphox\n|move|p2a: Sableye|Encore|p1b: Sandaconda|[miss]\n|-miss|p2a: Sableye|p1b: Sandaconda\n|move|p1b: Sandaconda|Glare|p2b: Starmie\n|-status|p2b: Starmie|par\n|\n|-weather|RainDance|[upkeep]\n|-heal|p1b: Sandaconda|43/100|[from] item: Leftovers\n|upkeep\n|\n|t:|1776182744\n|switch|p1a: Basculegion|Basculegion, L50, M|73/100 psn\n|turn|7\n|\n|t:|1776182751\n|move|p2b: Starmie|Aqua Jet|p1a: Basculegion\n|-resisted|p1a: Basculegion|1\n|-damage|p1a: Basculegion|42/100 psn\n|move|p1a: Basculegion|Last Respects|p2b: Starmie\n|-supereffective|p2b: Starmie|1\n|-damage|p2b: Starmie|0 fnt\n|faint|p2b: Starmie\n|move|p1b: Sandaconda|Bulldoze|p2a: Sableye|[spread] p1a,p2a\n|-damage|p1a: Basculegion|23/100 psn\n|-damage|p2a: Sableye|79/100\n|-unboost|p1a: Basculegion|spe|1\n|-unboost|p2a: Sableye|spe|1\n|move|p2a: Sableye|Night Shade|p1a: Basculegion\n|-damage|p1a: Basculegion|0 fnt\n|faint|p1a: Basculegion\n|\n|-weather|RainDance|[upkeep]\n|-heal|p1b: Sandaconda|49/100|[from] item: Leftovers\n|-heal|p2a: Sableye|85/100|[from] item: Leftovers\n|upkeep\n|turn|8\n|\n|t:|1776182772\n|move|p2a: Sableye|Encore|p1b: Sandaconda|[miss]\n|-miss|p2a: Sableye|p1b: Sandaconda\n|move|p1b: Sandaconda|Glare|p2a: Sableye|[miss]\n|-miss|p1b: Sandaconda|p2a: Sableye\n|\n|-weather|RainDance|[upkeep]\n|-heal|p1b: Sandaconda|55/100|[from] item: Leftovers\n|-heal|p2a: Sableye|91/100|[from] item: Leftovers\n|upkeep\n|turn|9\n|\n|t:|1776182784\n|move|p2a: Sableye|Encore|p1b: Sandaconda\n|-start|p1b: Sandaconda|Encore\n|move|p1b: Sandaconda|Glare|p2a: Sableye\n|-status|p2a: Sableye|par\n|\n|-weather|none\n|-heal|p1b: Sandaconda|61/100|[from] item: Leftovers\n|-heal|p2a: Sableye|98/100 par|[from] item: Leftovers\n|upkeep\n|turn|10\n|\n|t:|1776182796\n|move|p1b: Sandaconda|Glare|p2a: Sableye\n|-fail|p2a: Sableye|par\n|move|p2a: Sableye|Night Shade|p1b: Sandaconda|[miss]\n|-miss|p2a: Sableye|p1b: Sandaconda\n|\n|-heal|p1b: Sandaconda|68/100|[from] item: Leftovers\n|-heal|p2a: Sableye|100/100 par|[from] item: Leftovers\n|upkeep\n|turn|11\n|\n|t:|1776182806\n|move|p2a: Sableye|Rain Dance|p2a: Sableye\n|-weather|RainDance\n|move|p1b: Sandaconda|Glare|p2a: Sableye|[miss]\n|-miss|p1b: Sandaconda|p2a: Sableye\n|\n|-weather|RainDance|[upkeep]\n|-heal|p1b: Sandaconda|74/100|[from] item: Leftovers\n|-end|p1b: Sandaconda|Encore\n|upkeep\n|turn|12\n|\n|t:|1776182817\n|move|p1b: Sandaconda|Protect|p1b: Sandaconda\n|-singleturn|p1b: Sandaconda|Protect\n|move|p2a: Sableye|Night Shade|p1b: Sandaconda\n|-activate|p1b: Sandaconda|move: Protect\n|\n|-weather|RainDance|[upkeep]\n|-heal|p1b: Sandaconda|80/100|[from] item: Leftovers\n|upkeep\n|turn|13\n|\n|t:|1776182826\n|move|p2a: Sableye|Rain Dance||[still]\n|-fail|p2a: Sableye\n|move|p1b: Sandaconda|Bulldoze|p2a: Sableye|[miss]\n|-miss|p1b: Sandaconda|p2a: Sableye\n|\n|-weather|RainDance|[upkeep]\n|-heal|p1b: Sandaconda|86/100|[from] item: Leftovers\n|upkeep\n|turn|14\n|\n|t:|1776182834\n|move|p2a: Sableye|Encore|p1b: Sandaconda|[miss]\n|-miss|p2a: Sableye|p1b: Sandaconda\n|move|p1b: Sandaconda|Bulldoze|p2a: Sableye\n|-damage|p2a: Sableye|71/100 par\n|-unboost|p2a: Sableye|spe|1\n|\n|-weather|RainDance|[upkeep]\n|-heal|p1b: Sandaconda|93/100|[from] item: Leftovers\n|-heal|p2a: Sableye|77/100 par|[from] item: Leftovers\n|upkeep\n|turn|15\n|\n|t:|1776182844\n|move|p2a: Sableye|Encore|p1b: Sandaconda|[miss]\n|-miss|p2a: Sableye|p1b: Sandaconda\n|move|p1b: Sandaconda|Bulldoze|p2a: Sableye|[miss]\n|-miss|p1b: Sandaconda|p2a: Sableye\n|\n|-weather|none\n|-heal|p1b: Sandaconda|99/100|[from] item: Leftovers\n|-heal|p2a: Sableye|83/100 par|[from] item: Leftovers\n|upkeep\n|turn|16\n|\n|t:|1776182853\n|move|p2a: Sableye|Encore|p1b: Sandaconda|[miss]\n|-miss|p2a: Sableye|p1b: Sandaconda\n|move|p1b: Sandaconda|Bulldoze|p2a: Sableye\n|-damage|p2a: Sableye|57/100 par\n|-unboost|p2a: Sableye|spe|1\n|\n|-heal|p1b: Sandaconda|100/100|[from] item: Leftovers\n|-heal|p2a: Sableye|64/100 par|[from] item: Leftovers\n|upkeep\n|turn|17\n|\n|t:|1776182863\n|move|p2a: Sableye|Encore|p1b: Sandaconda|[miss]\n|-miss|p2a: Sableye|p1b: Sandaconda\n|move|p1b: Sandaconda|Bulldoze|p2a: Sableye\n|-damage|p2a: Sableye|32/100 par\n|-unboost|p2a: Sableye|spe|1\n|\n|-heal|p2a: Sableye|39/100 par|[from] item: Leftovers\n|upkeep\n|turn|18\n|\n|t:|1776182873\n|move|p2a: Sableye|Recover|p2a: Sableye\n|-heal|p2a: Sableye|89/100 par\n|move|p1b: Sandaconda|Bulldoze|p2a: Sableye\n|-damage|p2a: Sableye|59/100 par\n|-unboost|p2a: Sableye|spe|1\n|\n|-heal|p2a: Sableye|65/100 par|[from] item: Leftovers\n|upkeep\n|turn|19\n|\n|t:|1776182882\n|cant|p2a: Sableye|par\n|move|p1b: Sandaconda|Glare|p2a: Sableye|[miss]\n|-miss|p1b: Sandaconda|p2a: Sableye\n|\n|-heal|p2a: Sableye|71/100 par|[from] item: Leftovers\n|upkeep\n|turn|20\n|\n|t:|1776182887\n|move|p2a: Sableye|Rain Dance|p2a: Sableye\n|-weather|RainDance\n|move|p1b: Sandaconda|Glare|p2a: Sableye\n|-fail|p2a: Sableye|par\n|\n|-weather|RainDance|[upkeep]\n|-heal|p2a: Sableye|78/100 par|[from] item: Leftovers\n|upkeep\n|turn|21\n|\n|t:|1776182894\n|move|p1b: Sandaconda|Minimize|p1b: Sandaconda\n|-boost|p1b: Sandaconda|evasion|0\n|move|p2a: Sableye|Night Shade|p1b: Sandaconda|[miss]\n|-miss|p2a: Sableye|p1b: Sandaconda\n|\n|-weather|RainDance|[upkeep]\n|-heal|p2a: Sableye|84/100 par|[from] item: Leftovers\n|upkeep\n|turn|22\n|\n|t:|1776182903\n|move|p2a: Sableye|Encore|p1b: Sandaconda|[miss]\n|-miss|p2a: Sableye|p1b: Sandaconda\n|move|p1b: Sandaconda|Minimize|p1b: Sandaconda\n|-boost|p1b: Sandaconda|evasion|0\n|\n|-weather|RainDance|[upkeep]\n|-heal|p2a: Sableye|90/100 par|[from] item: Leftovers\n|upkeep\n|turn|23\n|\n|t:|1776182914\n|move|p1b: Sandaconda|Glare|p2a: Sableye\n|-fail|p2a: Sableye|par\n|move|p2a: Sableye|Night Shade|p1b: Sandaconda|[miss]\n|-miss|p2a: Sableye|p1b: Sandaconda\n|\n|-weather|RainDance|[upkeep]\n|-heal|p2a: Sableye|96/100 par|[from] item: Leftovers\n|upkeep\n|turn|24\n|\n|t:|1776182924\n|move|p1b: Sandaconda|Protect|p1b: Sandaconda\n|-singleturn|p1b: Sandaconda|Protect\n|cant|p2a: Sableye|par\n|\n|-weather|none\n|-heal|p2a: Sableye|100/100 par|[from] item: Leftovers\n|upkeep\n|turn|25\n|\n|t:|1776182930\n|move|p2a: Sableye|Rain Dance|p2a: Sableye\n|-weather|RainDance\n|move|p1b: Sandaconda|Bulldoze|p2a: Sableye|[miss]\n|-miss|p1b: Sandaconda|p2a: Sableye\n|\n|-weather|RainDance|[upkeep]\n|upkeep\n|turn|26\n|\n|t:|1776182937\n|move|p1b: Sandaconda|Bulldoze|p2a: Sableye\n|-damage|p2a: Sableye|71/100 par\n|-unboost|p2a: Sableye|spe|1\n|move|p2a: Sableye|Night Shade|p1b: Sandaconda|[miss]\n|-miss|p2a: Sableye|p1b: Sandaconda\n|\n|-weather|RainDance|[upkeep]\n|-heal|p2a: Sableye|78/100 par|[from] item: Leftovers\n|upkeep\n|turn|27\n|\n|t:|1776182948\n|move|p1b: Sandaconda|Glare|p2a: Sableye\n|-fail|p2a: Sableye|par\n|move|p2a: Sableye|Night Shade|p1b: Sandaconda\n|-damage|p1b: Sandaconda|72/100\n|-weather|Sandstorm|[from] ability: Sand Spit|[of] p1b: Sandaconda\n|\n|-weather|Sandstorm|[upkeep]\n|-damage|p2a: Sableye|71/100 par|[from] Sandstorm\n|-heal|p1b: Sandaconda|78/100|[from] item: Leftovers\n|-heal|p2a: Sableye|78/100 par|[from] item: Leftovers\n|upkeep\n|turn|28\n|\n|t:|1776182958\n|cant|p2a: Sableye|par\n|move|p1b: Sandaconda|Bulldoze|p2a: Sableye|[miss]\n|-miss|p1b: Sandaconda|p2a: Sableye\n|\n|-weather|Sandstorm|[upkeep]\n|-damage|p2a: Sableye|71/100 par|[from] Sandstorm\n|-heal|p1b: Sandaconda|85/100|[from] item: Leftovers\n|-heal|p2a: Sableye|78/100 par|[from] item: Leftovers\n|upkeep\n|turn|29\n|\n|t:|1776182965\n|move|p2a: Sableye|Rain Dance|p2a: Sableye\n|-weather|RainDance\n|move|p1b: Sandaconda|Bulldoze|p2a: Sableye|[miss]\n|-miss|p1b: Sandaconda|p2a: Sableye\n|\n|-weather|RainDance|[upkeep]\n|-heal|p1b: Sandaconda|91/100|[from] item: Leftovers\n|-heal|p2a: Sableye|84/100 par|[from] item: Leftovers\n|upkeep\n|turn|30\n|\n|t:|1776182971\n|move|p1b: Sandaconda|Bulldoze|p2a: Sableye\n|-damage|p2a: Sableye|57/100 par\n|move|p2a: Sableye|Night Shade|p1b: Sandaconda\n|-damage|p1b: Sandaconda|62/100\n|-weather|Sandstorm|[from] ability: Sand Spit|[of] p1b: Sandaconda\n|\n|-weather|Sandstorm|[upkeep]\n|-damage|p2a: Sableye|50/100 par|[from] Sandstorm\n|-heal|p1b: Sandaconda|69/100|[from] item: Leftovers\n|-heal|p2a: Sableye|57/100 par|[from] item: Leftovers\n|upkeep\n|turn|31\n|\n|t:|1776182977\n|move|p2a: Sableye|Rain Dance|p2a: Sableye\n|-weather|RainDance\n|move|p1b: Sandaconda|Bulldoze|p2a: Sableye\n|-damage|p2a: Sableye|28/100 par\n|\n|-weather|RainDance|[upkeep]\n|-heal|p1b: Sandaconda|75/100|[from] item: Leftovers\n|-heal|p2a: Sableye|34/100 par|[from] item: Leftovers\n|upkeep\n|turn|32\n|\n|t:|1776182983\n|move|p2a: Sableye|Recover|p2a: Sableye\n|-heal|p2a: Sableye|84/100 par\n|move|p1b: Sandaconda|Bulldoze|p2a: Sableye\n|-damage|p2a: Sableye|57/100 par\n|\n|-weather|RainDance|[upkeep]\n|-heal|p1b: Sandaconda|81/100|[from] item: Leftovers\n|-heal|p2a: Sableye|63/100 par|[from] item: Leftovers\n|upkeep\n|turn|33\n|\n|t:|1776182992\n|move|p1b: Sandaconda|Glare|p2a: Sableye\n|-fail|p2a: Sableye|par\n|move|p2a: Sableye|Night Shade|p1b: Sandaconda|[miss]\n|-miss|p2a: Sableye|p1b: Sandaconda\n|\n|-weather|RainDance|[upkeep]\n|-heal|p1b: Sandaconda|87/100|[from] item: Leftovers\n|-heal|p2a: Sableye|69/100 par|[from] item: Leftovers\n|upkeep\n|turn|34\n|\n|t:|1776182997\n|move|p1b: Sandaconda|Glare|p2a: Sableye\n|-fail|p2a: Sableye|par\n|move|p2a: Sableye|Night Shade|p1b: Sandaconda|[miss]\n|-miss|p2a: Sableye|p1b: Sandaconda\n|\n|-weather|RainDance|[upkeep]\n|-heal|p1b: Sandaconda|94/100|[from] item: Leftovers\n|-heal|p2a: Sableye|75/100 par|[from] item: Leftovers\n|upkeep\n|turn|35\n|\n|t:|1776183000\n|move|p1b: Sandaconda|Glare|p2a: Sableye\n|-fail|p2a: Sableye|par\n|move|p2a: Sableye|Night Shade|p1b: Sandaconda|[miss]\n|-miss|p2a: Sableye|p1b: Sandaconda\n|\n|-weather|none\n|-heal|p1b: Sandaconda|99/100|[from] item: Leftovers\n|-heal|p2a: Sableye|82/100 par|[from] item: Leftovers\n|upkeep\n|turn|36\n|\n|t:|1776183004\n|move|p1b: Sandaconda|Glare|p2a: Sableye\n|-fail|p2a: Sableye|par\n|move|p2a: Sableye|Night Shade|p1b: Sandaconda|[miss]\n|-miss|p2a: Sableye|p1b: Sandaconda\n|\n|-heal|p1b: Sandaconda|100/100|[from] item: Leftovers\n|-heal|p2a: Sableye|88/100 par|[from] item: Leftovers\n|upkeep\n|turn|37\n|\n|t:|1776183014\n|move|p1b: Sandaconda|Glare|p2a: Sableye\n|-fail|p2a: Sableye|par\n|move|p2a: Sableye|Night Shade|p1b: Sandaconda\n|-damage|p1b: Sandaconda|72/100\n|-weather|Sandstorm|[from] ability: Sand Spit|[of] p1b: Sandaconda\n|\n|-weather|Sandstorm|[upkeep]\n|-damage|p2a: Sableye|82/100 par|[from] Sandstorm\n|-heal|p1b: Sandaconda|78/100|[from] item: Leftovers\n|-heal|p2a: Sableye|88/100 par|[from] item: Leftovers\n|upkeep\n|turn|38\n|c|\u2606Isidino|Never para? Ahahaha\n|c|\u2606Isidino|Incredible\n|\n|t:|1776183027\n|move|p2a: Sableye|Recover|p2a: Sableye\n|-heal|p2a: Sableye|100/100 par\n|move|p1b: Sandaconda|Glare|p2a: Sableye\n|-fail|p2a: Sableye|par\n|\n|-weather|Sandstorm|[upkeep]\n|-damage|p2a: Sableye|94/100 par|[from] Sandstorm\n|-heal|p1b: Sandaconda|85/100|[from] item: Leftovers\n|-heal|p2a: Sableye|100/100 par|[from] item: Leftovers\n|upkeep\n|turn|39\n|\n|t:|1776183038\n|move|p2a: Sableye|Recover||[still]\n|-fail|p2a: Sableye|heal\n|move|p1b: Sandaconda|Glare|p2a: Sableye\n|-fail|p2a: Sableye|par\n|\n|-weather|Sandstorm|[upkeep]\n|-damage|p2a: Sableye|94/100 par|[from] Sandstorm\n|-heal|p1b: Sandaconda|91/100|[from] item: Leftovers\n|-heal|p2a: Sableye|100/100 par|[from] item: Leftovers\n|upkeep\n|turn|40\n|\n|t:|1776183049\n|move|p2a: Sableye|Recover||[still]\n|-fail|p2a: Sableye|heal\n|move|p1b: Sandaconda|Glare|p2a: Sableye\n|-fail|p2a: Sableye|par\n|\n|-weather|Sandstorm|[upkeep]\n|-damage|p2a: Sableye|94/100 par|[from] Sandstorm\n|-heal|p1b: Sandaconda|97/100|[from] item: Leftovers\n|-heal|p2a: Sableye|100/100 par|[from] item: Leftovers\n|upkeep\n|turn|41\n|\n|t:|1776183054\n|move|p2a: Sableye|Recover||[still]\n|-fail|p2a: Sableye|heal\n|move|p1b: Sandaconda|Glare|p2a: Sableye\n|-fail|p2a: Sableye|par\n|\n|-weather|none\n|-heal|p1b: Sandaconda|100/100|[from] item: Leftovers\n|upkeep\n|turn|42\n|\n|t:|1776183063\n|move|p2a: Sableye|Recover||[still]\n|-fail|p2a: Sableye|heal\n|move|p1b: Sandaconda|Glare|p2a: Sableye\n|-fail|p2a: Sableye|par\n|\n|upkeep\n|turn|43\n|\n|t:|1776183069\n|cant|p2a: Sableye|par\n|move|p1b: Sandaconda|Glare|p2a: Sableye\n|-fail|p2a: Sableye|par\n|\n|upkeep\n|turn|44\n|\n|t:|1776183072\n|move|p2a: Sableye|Recover||[still]\n|-fail|p2a: Sableye|heal\n|move|p1b: Sandaconda|Bulldoze|p2a: Sableye\n|-damage|p2a: Sableye|73/100 par\n|\n|-heal|p2a: Sableye|80/100 par|[from] item: Leftovers\n|upkeep\n|turn|45\n|\n|t:|1776183079\n|move|p1b: Sandaconda|Minimize|p1b: Sandaconda\n|-boost|p1b: Sandaconda|evasion|0\n|-activate|p2a: Sableye|move: Struggle\n|move|p2a: Sableye|Struggle|p1b: Sandaconda\n|-damage|p1b: Sandaconda|93/100\n|-weather|Sandstorm|[from] ability: Sand Spit|[of] p1b: Sandaconda\n|-damage|p2a: Sableye|55/100 par|[from] recoil\n|\n|-weather|Sandstorm|[upkeep]\n|-damage|p2a: Sableye|48/100 par|[from] Sandstorm\n|-heal|p1b: Sandaconda|99/100|[from] item: Leftovers\n|-heal|p2a: Sableye|55/100 par|[from] item: Leftovers\n|upkeep\n|turn|46\n|c|\u2606Isidino|Ahahaha\n|-message|Isidino forfeited.\n|\n|win|MattGelo12\n|raw|MattGelo12's rating: 1161 &rarr; <strong>1191</strong><br />(+30 for winning)\n|raw|Isidino's rating: 1233 &rarr; <strong>1203</strong><br />(-30 for losing)\n|l|\u2606MattGelo12\n|player|p1|\n",
  "uploadtime": 1776183091,
  "views": 14,
  "formatid": "gen9championsvgc2026regma",
  "rating": 1191,
  "private": 0,
  "password": null
}