{
  "id": "gen9championsvgc2026regma-2585001790",
  "format": "[Gen 9 Champions] VGC 2026 Reg M-A",
  "players": [
    "tutunz5390",
    "mait27"
  ],
  "log": "|j|\u2606tutunz5390\n|j|\u2606mait27\n|t:|1776302254\n|gametype|doubles\n|player|p1|tutunz5390|266|1047\n|player|p2|mait27|265|1000\n|gen|9\n|tier|[Gen 9 Champions] VGC 2026 Reg M-A\n|rated|\n|rule|Species Clause: Limit one of each Pok\u00e9mon\n|rule|Item Clause: Limit 1 of each item\n|clearpoke\n|poke|p1|Chesnaught, L50, F|\n|poke|p1|Farigiraf, L50, M|\n|poke|p1|Tyranitar, L50, F|\n|poke|p1|Rotom-Wash, L50|\n|poke|p1|Excadrill, L50, M|\n|poke|p1|Incineroar, L50, M|\n|poke|p2|Tyranitar, L50, M|\n|poke|p2|Dragonite, L50, M|\n|poke|p2|Whimsicott, L50, F|\n|poke|p2|Garchomp, L50, F|\n|poke|p2|Arcanine, L50, M|\n|poke|p2|Sylveon, L50, M|\n|teampreview|4\n|j| Boxpint\n|\n|t:|1776302279\n|teamsize|p1|4\n|teamsize|p2|4\n|start\n|switch|p1a: Farigiraf|Farigiraf, L50, M|100/100\n|switch|p1b: Incineroar|Incineroar, L50, M|100/100\n|switch|p2a: Dragonite|Dragonite, L50, M|100/100\n|switch|p2b: Arcanine|Arcanine, L50, M|100/100\n|-ability|p2b: Arcanine|Intimidate|boost\n|-unboost|p1a: Farigiraf|atk|1\n|-unboost|p1b: Incineroar|atk|1\n|-ability|p1b: Incineroar|Intimidate|boost\n|-fail|p2a: Dragonite|unboost|Attack|[from] ability: Inner Focus|[of] p2a: Dragonite\n|-unboost|p2b: Arcanine|atk|1\n|turn|1\n|inactive|Battle timer is ON: inactive players will automatically lose when time's up. (requested by tutunz5390)\n|\n|t:|1776302307\n|move|p1b: Incineroar|Fake Out|p2a: Dragonite\n|-damage|p2a: Dragonite|93/100\n|move|p2b: Arcanine|Close Combat|p1b: Incineroar\n|-supereffective|p1b: Incineroar|1\n|-damage|p1b: Incineroar|49/100\n|-unboost|p2b: Arcanine|def|1\n|-unboost|p2b: Arcanine|spd|1\n|-enditem|p1b: Incineroar|Sitrus Berry|[eat]\n|-heal|p1b: Incineroar|74/100|[from] item: Sitrus Berry\n|move|p2a: Dragonite|Water Pulse|p1b: Incineroar\n|-supereffective|p1b: Incineroar|1\n|-damage|p1b: Incineroar|43/100\n|move|p1a: Farigiraf|Trick Room|p1a: Farigiraf\n|-fieldstart|move: Trick Room|[of] p1a: Farigiraf\n|\n|upkeep\n|turn|2\n|inactive|mait27 has 30 seconds left.\n|\n|t:|1776302338\n|move|p1a: Farigiraf|Protect|p1a: Farigiraf\n|-singleturn|p1a: Farigiraf|Protect\n|move|p1b: Incineroar|Parting Shot|p2a: Dragonite\n|-unboost|p2a: Dragonite|atk|1\n|-unboost|p2a: Dragonite|spa|1\n|\n|t:|1776302351\n|switch|p1b: Chesnaught|Chesnaught, L50, F, shiny|100/100|[from] Parting Shot\n|move|p2a: Dragonite|Water Pulse|p1b: Chesnaught\n|-resisted|p1b: Chesnaught|1\n|-damage|p1b: Chesnaught|93/100\n|move|p2b: Arcanine|Will-O-Wisp|p1b: Chesnaught\n|-status|p1b: Chesnaught|brn\n|\n|-damage|p1b: Chesnaught|87/100 brn|[from] brn\n|upkeep\n|turn|3\n|inactive|mait27 has 30 seconds left.\n|\n|t:|1776302383\n|switch|p2b: Tyranitar|Tyranitar, L50, M|100/100\n|-weather|Sandstorm|[from] ability: Sand Stream|[of] p2b: Tyranitar\n|detailschange|p1b: Chesnaught|Chesnaught-Mega, L50, F, shiny\n|-mega|p1b: Chesnaught|Chesnaught|Chesnaughtite\n|move|p1a: Farigiraf|Helping Hand|p1b: Chesnaught\n|-singleturn|p1b: Chesnaught|Helping Hand|[of] p1a: Farigiraf\n|move|p1b: Chesnaught|Body Press|p2b: Tyranitar\n|-supereffective|p2b: Tyranitar|2\n|-damage|p2b: Tyranitar|0 fnt\n|faint|p2b: Tyranitar\n|move|p2a: Dragonite|Icy Wind|p1a: Farigiraf|[spread] p1a,p1b\n|-supereffective|p1b: Chesnaught|1\n|-damage|p1a: Farigiraf|94/100\n|-damage|p1b: Chesnaught|72/100 brn\n|-unboost|p1a: Farigiraf|spe|1\n|-unboost|p1b: Chesnaught|spe|1\n|\n|-weather|Sandstorm|[upkeep]\n|-damage|p1b: Chesnaught|66/100 brn|[from] Sandstorm\n|-damage|p1a: Farigiraf|88/100|[from] Sandstorm\n|-damage|p2a: Dragonite|87/100|[from] Sandstorm\n|-damage|p1b: Chesnaught|60/100 brn|[from] brn\n|upkeep\n|\n|t:|1776302398\n|switch|p2b: Garchomp|Garchomp, L50, F|100/100\n|turn|4\n|\n|t:|1776302411\n|move|p1a: Farigiraf|Helping Hand|p1b: Chesnaught\n|-singleturn|p1b: Chesnaught|Helping Hand|[of] p1a: Farigiraf\n|move|p1b: Chesnaught|Body Press|p2b: Garchomp\n|-damage|p2b: Garchomp|59/100\n|-damage|p1b: Chesnaught|48/100 brn|[from] ability: Rough Skin|[of] p2b: Garchomp\n|move|p2a: Dragonite|Icy Wind|p1b: Chesnaught|[spread] p1a,p1b\n|-supereffective|p1b: Chesnaught|1\n|-damage|p1a: Farigiraf|82/100\n|-damage|p1b: Chesnaught|33/100 brn\n|-unboost|p1a: Farigiraf|spe|1\n|-unboost|p1b: Chesnaught|spe|1\n|move|p2b: Garchomp|Swords Dance|p2b: Garchomp\n|-boost|p2b: Garchomp|atk|2\n|\n|-weather|Sandstorm|[upkeep]\n|-damage|p1b: Chesnaught|27/100 brn|[from] Sandstorm\n|-damage|p1a: Farigiraf|75/100|[from] Sandstorm\n|-damage|p2a: Dragonite|81/100|[from] Sandstorm\n|-heal|p2b: Garchomp|65/100|[from] item: Leftovers\n|-damage|p1b: Chesnaught|21/100 brn|[from] brn\n|upkeep\n|turn|5\n|\n|t:|1776302432\n|move|p1b: Chesnaught|Spiky Shield|p1b: Chesnaught\n|-singleturn|p1b: Chesnaught|move: Protect\n|move|p2b: Garchomp|Protect|p2b: Garchomp\n|-singleturn|p2b: Garchomp|Protect\n|move|p1a: Farigiraf|Psychic|p2b: Garchomp\n|-activate|p2b: Garchomp|move: Protect\n|move|p2a: Dragonite|Icy Wind|p1b: Chesnaught|[spread] p1a\n|-activate|p1b: Chesnaught|move: Protect\n|-damage|p1a: Farigiraf|69/100\n|-unboost|p1a: Farigiraf|spe|1\n|\n|-weather|Sandstorm|[upkeep]\n|-damage|p1b: Chesnaught|15/100 brn|[from] Sandstorm\n|-damage|p1a: Farigiraf|63/100|[from] Sandstorm\n|-damage|p2a: Dragonite|75/100|[from] Sandstorm\n|-heal|p2b: Garchomp|71/100|[from] item: Leftovers\n|-damage|p1b: Chesnaught|9/100 brn|[from] brn\n|-fieldend|move: Trick Room\n|upkeep\n|turn|6\n|l| Boxpint\n|inactive|tutunz5390 has 30 seconds left.\n|inactive|mait27 has 30 seconds left.\n|\n|t:|1776302464\n|move|p2b: Garchomp|Earthquake|p1b: Chesnaught|[spread] p1a,p1b\n|-immune|p2a: Dragonite\n|-resisted|p1b: Chesnaught|1\n|-damage|p1a: Farigiraf|0 fnt\n|-damage|p1b: Chesnaught|0 fnt\n|faint|p1a: Farigiraf\n|faint|p1b: Chesnaught\n|move|p2a: Dragonite|Water Pulse|p1: Farigiraf|[notarget]\n|-fail|p2a: Dragonite\n|\n|-weather|Sandstorm|[upkeep]\n|-damage|p2a: Dragonite|69/100|[from] Sandstorm\n|-heal|p2b: Garchomp|77/100|[from] item: Leftovers\n|upkeep\n|\n|t:|1776302475\n|switch|p1a: Incineroar|Incineroar, L50, M|43/100\n|switch|p1b: Tyranitar|Tyranitar, L50, F|100/100\n|-ability|p1a: Incineroar|Intimidate|boost\n|-fail|p2a: Dragonite|unboost|Attack|[from] ability: Inner Focus|[of] p2a: Dragonite\n|-unboost|p2b: Garchomp|atk|1\n|turn|7\n|\n|t:|1776302494\n|move|p1a: Incineroar|Fake Out|p2b: Garchomp\n|-damage|p2b: Garchomp|64/100\n|-damage|p1a: Incineroar|31/100|[from] ability: Rough Skin|[of] p2b: Garchomp\n|cant|p2b: Garchomp|flinch\n|move|p2a: Dragonite|Tailwind|p2a: Dragonite\n|-sidestart|p2: mait27|move: Tailwind\n|move|p1b: Tyranitar|Rock Slide|p2a: Dragonite|[spread] p2a,p2b\n|-supereffective|p2a: Dragonite|1\n|-resisted|p2b: Garchomp|1\n|-damage|p2a: Dragonite|20/100\n|-damage|p2b: Garchomp|50/100\n|\n|-weather|none\n|-heal|p2b: Garchomp|56/100|[from] item: Leftovers\n|upkeep\n|turn|8\n|\n|t:|1776302517\n|move|p2b: Garchomp|Swords Dance|p2b: Garchomp\n|-boost|p2b: Garchomp|atk|2\n|move|p2a: Dragonite|Water Pulse|p1a: Incineroar\n|-supereffective|p1a: Incineroar|1\n|-damage|p1a: Incineroar|10/100\n|move|p1b: Tyranitar|Rock Slide|p2b: Garchomp|[spread] p2a,p2b\n|-supereffective|p2a: Dragonite|1\n|-resisted|p2b: Garchomp|1\n|-damage|p2a: Dragonite|0 fnt\n|-damage|p2b: Garchomp|43/100\n|faint|p2a: Dragonite\n|move|p1a: Incineroar|Flare Blitz|p2b: Garchomp\n|-resisted|p2b: Garchomp|1\n|-crit|p2b: Garchomp\n|-damage|p2b: Garchomp|5/100\n|-damage|p1a: Incineroar|0 fnt|[from] ability: Rough Skin|[of] p2b: Garchomp\n|faint|p1a: Incineroar\n|\n|-heal|p2b: Garchomp|11/100|[from] item: Leftovers\n|upkeep\n|\n|t:|1776302527\n|switch|p2a: Arcanine|Arcanine, L50, M|100/100\n|-ability|p2a: Arcanine|Intimidate|boost\n|-unboost|p1b: Tyranitar|atk|1\n|turn|9\n|inactive|mait27 has 30 seconds left.\n|\n|t:|1776302552\n|move|p2b: Garchomp|Protect|p2b: Garchomp\n|-singleturn|p2b: Garchomp|Protect\n|move|p2a: Arcanine|Close Combat|p1b: Tyranitar\n|-supereffective|p1b: Tyranitar|2\n|-enditem|p1b: Tyranitar|Chople Berry|[eat]\n|-enditem|p1b: Tyranitar|Chople Berry|[weaken]\n|-damage|p1b: Tyranitar|37/100\n|-unboost|p2a: Arcanine|def|1\n|-unboost|p2a: Arcanine|spd|1\n|move|p1b: Tyranitar|Rock Slide|p2a: Arcanine|[spread] p2a\n|-activate|p2b: Garchomp|move: Protect\n|-supereffective|p2a: Arcanine|1\n|-damage|p2a: Arcanine|35/100\n|-enditem|p2a: Arcanine|Sitrus Berry|[eat]\n|-heal|p2a: Arcanine|60/100|[from] item: Sitrus Berry\n|\n|-heal|p2b: Garchomp|17/100|[from] item: Leftovers\n|upkeep\n|turn|10\n|\n|t:|1776302570\n|move|p2a: Arcanine|Helping Hand|p2b: Garchomp\n|-singleturn|p2b: Garchomp|Helping Hand|[of] p2a: Arcanine\n|move|p2b: Garchomp|Earthquake|p1b: Tyranitar|[spread] p2a,p1b\n|-supereffective|p2a: Arcanine|1\n|-supereffective|p1b: Tyranitar|1\n|-damage|p2a: Arcanine|0 fnt\n|-damage|p1b: Tyranitar|0 fnt\n|faint|p2a: Arcanine\n|faint|p1b: Tyranitar\n|\n|win|mait27\n|raw|tutunz5390's rating: 1047 &rarr; <strong>1028</strong><br />(-19 for losing)\n|raw|mait27's rating: 1000 &rarr; <strong>1045</strong><br />(+45 for winning)\n",
  "uploadtime": 1776302579,
  "views": 26,
  "formatid": "gen9championsvgc2026regma",
  "rating": 1028,
  "private": 0,
  "password": null
}