{
  "id": "gen9championsvgc2026regma-2586362579",
  "format": "[Gen 9 Champions] VGC 2026 Reg M-A",
  "players": [
    "fyju",
    "rami0899"
  ],
  "log": "|j|\u2606fyju\n|j|\u2606rami0899\n|t:|1776428892\n|gametype|doubles\n|player|p1|fyju|169|1050\n|player|p2|rami0899|102|1049\n|gen|9\n|tier|[Gen 9 Champions] VGC 2026 Reg M-A\n|rated|\n|rule|Species Clause: Limit one of each Pok\u00e9mon\n|rule|Item Clause: Limit 1 of each item\n|clearpoke\n|poke|p1|Sableye, L50, M|\n|poke|p1|Beedrill, L50, M|\n|poke|p1|Hydreigon, L50, F|\n|poke|p1|Milotic, L50, F|\n|poke|p1|Sinistcha, L50|\n|poke|p1|Golurk, L50|\n|poke|p2|Dragonite, L50, F|\n|poke|p2|Basculegion, L50, M|\n|poke|p2|Pelipper, L50, M|\n|poke|p2|Archaludon, L50, F|\n|poke|p2|Incineroar, L50, F|\n|poke|p2|Sneasler, L50, F|\n|teampreview|4\n|\n|t:|1776428924\n|teamsize|p1|4\n|teamsize|p2|4\n|start\n|switch|p1a: Milotic|Milotic, L50, F|100/100\n|switch|p1b: Beedrill|Beedrill, L50, M|100/100\n|switch|p2a: Pelipper|Pelipper, L50, M|100/100\n|switch|p2b: Archaludon|Archaludon, L50, F|100/100\n|-weather|RainDance|[from] ability: Drizzle|[of] p2a: Pelipper\n|turn|1\n|\n|t:|1776428948\n|detailschange|p1b: Beedrill|Beedrill-Mega, L50, M\n|-mega|p1b: Beedrill|Beedrill|Beedrillite\n|move|p1a: Milotic|Protect|p1a: Milotic\n|-singleturn|p1a: Milotic|Protect\n|move|p1b: Beedrill|U-turn|p2a: Pelipper\n|-resisted|p2a: Pelipper|1\n|-damage|p2a: Pelipper|64/100\n|\n|t:|1776428954\n|switch|p1b: Sableye|Sableye, L50, M|100/100|[from] U-turn\n|move|p2b: Archaludon|Electro Shot||[still]\n|-prepare|p2b: Archaludon|Electro Shot\n|-boost|p2b: Archaludon|spa|1\n|-anim|p2b: Archaludon|Electro Shot|p1a: Milotic\n|-activate|p1a: Milotic|move: Protect\n|move|p2a: Pelipper|Tailwind|p2a: Pelipper\n|-sidestart|p2: rami0899|move: Tailwind\n|\n|-weather|RainDance|[upkeep]\n|upkeep\n|turn|2\n|\n|t:|1776428976\n|switch|p2a: Incineroar|Incineroar, L50, F|100/100\n|-ability|p2a: Incineroar|Intimidate|boost\n|-unboost|p1a: Milotic|atk|1\n|-unboost|p1b: Sableye|atk|1\n|move|p1b: Sableye|Fake Out|p2b: Archaludon\n|-resisted|p2b: Archaludon|1\n|-damage|p2b: Archaludon|99/100\n|-ability|p2b: Archaludon|Stamina|boost\n|-boost|p2b: Archaludon|def|1\n|cant|p2b: Archaludon|flinch\n|move|p1a: Milotic|Scald|p2b: Archaludon\n|-resisted|p2b: Archaludon|1\n|-damage|p2b: Archaludon|69/100\n|-ability|p2b: Archaludon|Stamina|boost\n|-boost|p2b: Archaludon|def|1\n|\n|-weather|RainDance|[upkeep]\n|-heal|p2b: Archaludon|75/100|[from] item: Leftovers\n|upkeep\n|turn|3\n|\n|t:|1776429008\n|move|p2a: Incineroar|Fake Out|p1b: Sableye\n|-immune|p1b: Sableye\n|move|p1b: Sableye|Will-O-Wisp|p2b: Archaludon\n|-status|p2b: Archaludon|brn\n|move|p2b: Archaludon|Electro Shot||[still]\n|-prepare|p2b: Archaludon|Electro Shot\n|-boost|p2b: Archaludon|spa|1\n|-anim|p2b: Archaludon|Electro Shot|p1a: Milotic\n|-supereffective|p1a: Milotic|1\n|-damage|p1a: Milotic|0 fnt\n|faint|p1a: Milotic\n|\n|-weather|RainDance|[upkeep]\n|-heal|p2b: Archaludon|81/100 brn|[from] item: Leftovers\n|-damage|p2b: Archaludon|75/100 brn|[from] brn\n|upkeep\n|\n|t:|1776429027\n|switch|p1a: Hydreigon|Hydreigon, L50, F|100/100\n|turn|4\n|\n|t:|1776429053\n|switch|p2a: Dragonite|Dragonite, L50, F|100/100\n|move|p1a: Hydreigon|Draco Meteor|p2b: Archaludon\n|-damage|p2b: Archaludon|0 fnt\n|-unboost|p1a: Hydreigon|spa|2\n|faint|p2b: Archaludon\n|move|p1b: Sableye|Foul Play|p2a: Dragonite\n|-damage|p2a: Dragonite|79/100\n|\n|-weather|RainDance|[upkeep]\n|-sideend|p2: rami0899|move: Tailwind\n|upkeep\n|\n|t:|1776429066\n|switch|p2b: Incineroar|Incineroar, L50, F|100/100\n|-ability|p2b: Incineroar|Intimidate|boost\n|-unboost|p1a: Hydreigon|atk|1\n|-unboost|p1b: Sableye|atk|1\n|turn|5\n|\n|t:|1776429083\n|move|p1b: Sableye|Will-O-Wisp|p2a: Dragonite\n|-status|p2a: Dragonite|brn\n|move|p1a: Hydreigon|Draco Meteor|p2b: Incineroar\n|-damage|p2b: Incineroar|73/100\n|-unboost|p1a: Hydreigon|spa|2\n|move|p2a: Dragonite|Draco Meteor|p1a: Hydreigon\n|-supereffective|p1a: Hydreigon|1\n|-damage|p1a: Hydreigon|0 fnt\n|-unboost|p2a: Dragonite|spa|2\n|faint|p1a: Hydreigon\n|move|p2b: Incineroar|Darkest Lariat|p1b: Sableye\n|-damage|p1b: Sableye|64/100\n|\n|-weather|none\n|-damage|p2a: Dragonite|73/100 brn|[from] brn\n|upkeep\n|\n|t:|1776429098\n|switch|p1a: Beedrill|Beedrill-Mega, L50, M|100/100\n|turn|6\n|\n|t:|1776429115\n|detailschange|p2a: Dragonite|Dragonite-Mega, L50, F\n|-mega|p2a: Dragonite|Dragonite|Dragoninite\n|move|p1b: Sableye|Encore|p2a: Dragonite\n|-start|p2a: Dragonite|Encore\n|move|p1a: Beedrill|Drill Run|p2b: Incineroar\n|-supereffective|p2b: Incineroar|1\n|-damage|p2b: Incineroar|13/100\n|-enditem|p2b: Incineroar|Sitrus Berry|[eat]\n|-heal|p2b: Incineroar|38/100|[from] item: Sitrus Berry\n|move|p2a: Dragonite|Draco Meteor|p1b: Sableye\n|-damage|p1b: Sableye|8/100\n|-unboost|p2a: Dragonite|spa|2\n|move|p2b: Incineroar|Flare Blitz|p1a: Beedrill\n|-supereffective|p1a: Beedrill|1\n|-damage|p1a: Beedrill|0 fnt\n|faint|p1a: Beedrill\n|-damage|p2b: Incineroar|15/100|[from] Recoil\n|\n|-damage|p2a: Dragonite|67/100 brn|[from] brn\n|upkeep\n|turn|7\n|-message|fyju forfeited.\n|\n|win|rami0899\n|raw|fyju's rating: 1050 &rarr; <strong>1032</strong><br />(-18 for losing)\n|raw|rami0899's rating: 1049 &rarr; <strong>1082</strong><br />(+33 for winning)\n|l|\u2606fyju\n|player|p1|\n",
  "uploadtime": 1776429157,
  "views": 29,
  "formatid": "gen9championsvgc2026regma",
  "rating": 1032,
  "private": 0,
  "password": null
}