{
  "id": "gen9championsvgc2026regma-2585859286",
  "format": "[Gen 9 Champions] VGC 2026 Reg M-A",
  "players": [
    "aznkiri",
    "Flafferson"
  ],
  "log": "|j|\u2606aznkiri\n|j|\u2606Flafferson\n|t:|1776376152\n|gametype|doubles\n|player|p1|aznkiri|hilbert|1081\n|player|p2|Flafferson|170|1126\n|gen|9\n|tier|[Gen 9 Champions] VGC 2026 Reg M-A\n|rated|\n|rule|Species Clause: Limit one of each Pok\u00e9mon\n|rule|Item Clause: Limit 1 of each item\n|clearpoke\n|poke|p1|Heliolisk, L50, F|\n|poke|p1|Corviknight, L50, M|\n|poke|p1|Sneasler, L50, F|\n|poke|p1|Milotic, L50, F|\n|poke|p1|Chandelure, L50, M|\n|poke|p1|Sinistcha, L50|\n|poke|p2|Sneasler, L50, M|\n|poke|p2|Aerodactyl, L50, M|\n|poke|p2|Incineroar, L50, M|\n|poke|p2|Floette-Eternal, L50, F|\n|poke|p2|Sinistcha, L50|\n|poke|p2|Basculegion, L50, M|\n|teampreview|4\n|inactive|Battle timer is ON: inactive players will automatically lose when time's up. (requested by Flafferson)\n|inactive|aznkiri has 60 seconds left.\n|inactive|Flafferson has 60 seconds left.\n|inactive|Flafferson has 30 seconds left.\n|inactive|aznkiri has 30 seconds left.\n|inactive|aznkiri has 20 seconds left.\n|\n|t:|1776376237\n|teamsize|p1|4\n|teamsize|p2|4\n|start\n|switch|p1a: Corviknight|Corviknight, L50, M|100/100\n|switch|p1b: Milotic|Milotic, L50, F|100/100\n|switch|p2a: Aerodactyl|Aerodactyl, L50, M|100/100\n|switch|p2b: Basculegion|Basculegion, L50, M|100/100\n|-ability|p2a: Aerodactyl|Unnerve\n|turn|1\n|inactive|Flafferson has 30 seconds left.\n|\n|t:|1776376269\n|move|p2a: Aerodactyl|Tailwind|p2a: Aerodactyl\n|-sidestart|p2: Flafferson|move: Tailwind\n|move|p2b: Basculegion|Wave Crash|p1a: Corviknight\n|-damage|p1a: Corviknight|33/100\n|-damage|p2b: Basculegion|79/100|[from] Recoil\n|move|p1b: Milotic|Ice Beam|p2a: Aerodactyl\n|-supereffective|p2a: Aerodactyl|1\n|-damage|p2a: Aerodactyl|32/100\n|move|p1a: Corviknight|Tailwind|p1a: Corviknight\n|-sidestart|p1: aznkiri|move: Tailwind\n|\n|upkeep\n|turn|2\n|inactive|Flafferson has 30 seconds left.\n|\n|t:|1776376298\n|switch|p1a: Heliolisk|Heliolisk, L50, F|100/100\n|move|p2a: Aerodactyl|Protect|p2a: Aerodactyl\n|-singleturn|p2a: Aerodactyl|Protect\n|move|p2b: Basculegion|Wave Crash|p1a: Heliolisk\n|-immune|p1a: Heliolisk|[from] ability: Dry Skin\n|move|p1b: Milotic|Icy Wind|p2b: Basculegion|[spread] p2b\n|-activate|p2a: Aerodactyl|move: Protect\n|-resisted|p2b: Basculegion|1\n|-damage|p2b: Basculegion|73/100\n|-unboost|p2b: Basculegion|spe|1\n|\n|upkeep\n|turn|3\n|inactive|Flafferson has 30 seconds left.\n|\n|t:|1776376326\n|switch|p2b: Sneasler|Sneasler, L50, M|100/100\n|move|p2a: Aerodactyl|Tailwind||[still]\n|-fail|p2a: Aerodactyl\n|move|p1a: Heliolisk|Volt Switch|p2a: Aerodactyl\n|-supereffective|p2a: Aerodactyl|1\n|-damage|p2a: Aerodactyl|0 fnt\n|faint|p2a: Aerodactyl\n|\n|t:|1776376334\n|switch|p1a: Corviknight|Corviknight, L50, M|33/100|[from] Volt Switch\n|-enditem|p1a: Corviknight|Sitrus Berry|[eat]\n|-heal|p1a: Corviknight|58/100|[from] item: Sitrus Berry\n|move|p1b: Milotic|Life Dew||[still]|[spread] p1a,p1b\n|-heal|p1a: Corviknight|83/100\n|-fail|p1b: Milotic|heal\n|\n|upkeep\n|\n|t:|1776376346\n|switch|p2a: Floette|Floette-Eternal, L50, F|100/100\n|turn|4\n|\n|t:|1776376360\n|detailschange|p2a: Floette|Floette-Mega, L50, F\n|-mega|p2a: Floette|Floette|Floettite\n|-ability|p2a: Floette|Fairy Aura\n|move|p2b: Sneasler|Fake Out|p1a: Corviknight\n|-resisted|p1a: Corviknight|1\n|-damage|p1a: Corviknight|77/100\n|move|p2a: Floette|Calm Mind|p2a: Floette\n|-boost|p2a: Floette|spa|1\n|-boost|p2a: Floette|spd|1\n|move|p1b: Milotic|Icy Wind|p2a: Floette|[spread] p2a,p2b\n|-damage|p2a: Floette|94/100\n|-damage|p2b: Sneasler|83/100\n|-unboost|p2a: Floette|spe|1\n|-unboost|p2b: Sneasler|spe|1\n|-enditem|p2b: Sneasler|White Herb\n|-clearnegativeboost|p2b: Sneasler|[silent]\n|cant|p1a: Corviknight|flinch\n|\n|-sideend|p2: Flafferson|move: Tailwind\n|-sideend|p1: aznkiri|move: Tailwind\n|upkeep\n|turn|5\n|inactive|aznkiri has 30 seconds left.\n|inactive|Flafferson has 30 seconds left.\n|inactive|Flafferson has 20 seconds left.\n|inactive|Flafferson has 15 seconds left.\n|inactive|Flafferson has 10 seconds left.\n|\n|t:|1776376407\n|move|p2b: Sneasler|Close Combat|p1a: Corviknight\n|-damage|p1a: Corviknight|27/100\n|-unboost|p2b: Sneasler|def|1\n|-unboost|p2b: Sneasler|spd|1\n|move|p1b: Milotic|Scald|p2a: Floette\n|-damage|p2a: Floette|76/100\n|move|p1a: Corviknight|Dual Wingbeat|p2b: Sneasler\n|-supereffective|p2b: Sneasler|1\n|-damage|p2b: Sneasler|0 fnt\n|faint|p2b: Sneasler\n|-hitcount|p2: Sneasler|1\n|move|p2a: Floette|Moonblast|p1a: Corviknight\n|-resisted|p1a: Corviknight|1\n|-damage|p1a: Corviknight|0 fnt\n|faint|p1a: Corviknight\n|\n|upkeep\n|\n|t:|1776376422\n|switch|p2b: Basculegion|Basculegion, L50, M|73/100\n|switch|p1a: Chandelure|Chandelure, L50, M|100/100\n|turn|6\n|inactive|Flafferson has 30 seconds left.\n|\n|t:|1776376453\n|switch|p1a: Heliolisk|Heliolisk, L50, F|100/100\n|move|p2b: Basculegion|Last Respects|p1a: Heliolisk\n|-immune|p1a: Heliolisk\n|move|p1b: Milotic|Icy Wind|p2a: Floette|[spread] p2a,p2b\n|-resisted|p2b: Basculegion|1\n|-damage|p2a: Floette|71/100\n|-damage|p2b: Basculegion|67/100\n|-unboost|p2a: Floette|spe|1\n|-unboost|p2b: Basculegion|spe|1\n|move|p2a: Floette|Dazzling Gleam|p1b: Milotic|[spread] p1a,p1b\n|-damage|p1a: Heliolisk|9/100\n|-damage|p1b: Milotic|50/100\n|\n|-heal|p1b: Milotic|55/100|[from] item: Leftovers\n|upkeep\n|turn|7\n|\n|t:|1776376477\n|move|p1a: Heliolisk|Volt Switch|p2b: Basculegion\n|-supereffective|p2b: Basculegion|1\n|-damage|p2b: Basculegion|0 fnt\n|faint|p2b: Basculegion\n|\n|t:|1776376482\n|switch|p1a: Chandelure|Chandelure, L50, M|100/100|[from] Volt Switch\n|move|p1b: Milotic|Life Dew||[still]|[spread] p1a,p1b\n|-fail|p1a: Chandelure|heal\n|-heal|p1b: Milotic|81/100\n|move|p2a: Floette|Dazzling Gleam|p1a: Chandelure|[spread] p1a,p1b\n|-resisted|p1a: Chandelure|1\n|-damage|p1a: Chandelure|65/100\n|-damage|p1b: Milotic|35/100\n|\n|-heal|p1b: Milotic|41/100|[from] item: Leftovers\n|upkeep\n|turn|8\n|\n|t:|1776376505\n|detailschange|p1a: Chandelure|Chandelure-Mega, L50, M\n|-mega|p1a: Chandelure|Chandelure|Chandelurite\n|move|p1a: Chandelure|Shadow Ball|p2a: Floette\n|-damage|p2a: Floette|44/100\n|move|p1b: Milotic|Life Dew|p1b: Milotic|[spread] p1a,p1b\n|-heal|p1a: Chandelure|90/100\n|-heal|p1b: Milotic|66/100\n|move|p2a: Floette|Moonblast|p1b: Milotic\n|-damage|p1b: Milotic|0 fnt\n|faint|p1b: Milotic\n|\n|upkeep\n|\n|t:|1776376516\n|switch|p1b: Heliolisk|Heliolisk, L50, F|9/100\n|turn|9\n|\n|t:|1776376522\n|move|p1b: Heliolisk|Sunny Day|p1b: Heliolisk\n|-weather|SunnyDay\n|move|p1a: Chandelure|Heat Wave|p2a: Floette\n|-damage|p2a: Floette|0 fnt\n|faint|p2a: Floette\n|\n|win|aznkiri\n|raw|aznkiri's rating: 1081 &rarr; <strong>1112</strong><br />(+31 for winning)\n|raw|Flafferson's rating: 1126 &rarr; <strong>1098</strong><br />(-28 for losing)\n|l|\u2606Flafferson\n|player|p2|\n",
  "uploadtime": 1776376532,
  "views": 19,
  "formatid": "gen9championsvgc2026regma",
  "rating": 1098,
  "private": 0,
  "password": null
}