{
  "id": "gen9championsvgc2026regma-2588246371",
  "format": "[Gen 9 Champions] VGC 2026 Reg M-A",
  "players": [
    "soulo333",
    "n8thegr8702"
  ],
  "log": "|j|\u2606soulo333\n|j|\u2606n8thegr8702\n|t:|1776617739\n|gametype|doubles\n|player|p1|soulo333|170|1199\n|player|p2|n8thegr8702|nate|1217\n|gen|9\n|tier|[Gen 9 Champions] VGC 2026 Reg M-A\n|rated|\n|rule|Species Clause: Limit one of each Pok\u00e9mon\n|rule|Item Clause: Limit 1 of each item\n|clearpoke\n|poke|p1|Charizard, L50, F|\n|poke|p1|Sneasler, L50, M|\n|poke|p1|Sinistcha, L50|\n|poke|p1|Incineroar, L50, F|\n|poke|p1|Milotic, L50, F|\n|poke|p1|Tyranitar, L50, F|\n|poke|p2|Sinistcha-Masterpiece, L50|\n|poke|p2|Tyranitar, L50, M|\n|poke|p2|Excadrill, L50, F|\n|poke|p2|Whimsicott, L50, M|\n|poke|p2|Drampa, L50, F|\n|poke|p2|Oranguru, L50, F|\n|teampreview|4\n|inactive|Battle timer is ON: inactive players will automatically lose when time's up. (requested by n8thegr8702)\n|\n|t:|1776617766\n|teamsize|p1|4\n|teamsize|p2|4\n|start\n|switch|p1a: Milotic|Milotic, L50, F|100/100\n|switch|p1b: Incineroar|Incineroar, L50, F|100/100\n|switch|p2a: Whimsicott|Whimsicott, L50, M|100/100\n|switch|p2b: Excadrill|Excadrill, L50, F|100/100\n|-ability|p1b: Incineroar|Intimidate|boost\n|-unboost|p2a: Whimsicott|atk|1\n|-unboost|p2b: Excadrill|atk|1\n|-enditem|p2b: Excadrill|White Herb\n|-clearnegativeboost|p2b: Excadrill|[silent]\n|turn|1\n|\n|t:|1776617774\n|switch|p2a: Sinistcha|Sinistcha-Masterpiece, L50|100/100\n|move|p2b: Excadrill|Protect|p2b: Excadrill\n|-singleturn|p2b: Excadrill|Protect\n|move|p1a: Milotic|Icy Wind|p2a: Sinistcha|[spread] p2a\n|-activate|p2b: Excadrill|move: Protect\n|-supereffective|p2a: Sinistcha|1\n|-damage|p2a: Sinistcha|81/100\n|-unboost|p2a: Sinistcha|spe|1\n|move|p1b: Incineroar|Flare Blitz|p2b: Excadrill\n|-activate|p2b: Excadrill|move: Protect\n|\n|upkeep\n|turn|2\n|\n|t:|1776617783\n|move|p2b: Excadrill|Rock Slide|p1b: Incineroar|[spread] p1a,p1b\n|-supereffective|p1b: Incineroar|1\n|-damage|p1a: Milotic|79/100\n|-damage|p1b: Incineroar|63/100\n|move|p1a: Milotic|Scald|p2b: Excadrill\n|-supereffective|p2b: Excadrill|1\n|-damage|p2b: Excadrill|30/100\n|-status|p2b: Excadrill|brn\n|move|p1b: Incineroar|Flare Blitz|p2b: Excadrill\n|-supereffective|p2b: Excadrill|1\n|-damage|p2b: Excadrill|0 fnt\n|faint|p2b: Excadrill\n|-damage|p1b: Incineroar|54/100|[from] Recoil\n|move|p2a: Sinistcha|Matcha Gotcha|p1b: Incineroar|[spread] p1a,p1b\n|-supereffective|p1a: Milotic|1\n|-resisted|p1b: Incineroar|1\n|-damage|p1a: Milotic|39/100\n|-heal|p2a: Sinistcha|100/100|[from] drain|[of] p1a: Milotic\n|-damage|p1b: Incineroar|44/100\n|-enditem|p1b: Incineroar|Sitrus Berry|[eat]\n|-heal|p1b: Incineroar|68/100|[from] item: Sitrus Berry\n|\n|-heal|p1a: Milotic|45/100|[from] item: Leftovers\n|upkeep\n|\n|t:|1776617796\n|switch|p2b: Tyranitar|Tyranitar, L50, M|100/100\n|-weather|Sandstorm|[from] ability: Sand Stream|[of] p2b: Tyranitar\n|turn|3\n|inactive|soulo333 has 30 seconds left.\n|inactive|soulo333 has 20 seconds left.\n|inactive|soulo333 has 15 seconds left.\n|inactive|soulo333 has 10 seconds left.\n|inactive|soulo333 has 5 seconds left.\n|\n|t:|1776617847\n|switch|p1b: Sinistcha|Sinistcha, L50|100/100\n|-heal|p1a: Milotic|70/100|[from] ability: Hospitality|[of] p1b: Sinistcha\n|move|p2b: Tyranitar|Protect|p2b: Tyranitar\n|-singleturn|p2b: Tyranitar|Protect\n|move|p1a: Milotic|Scald|p2b: Tyranitar\n|-activate|p2b: Tyranitar|move: Protect\n|move|p2a: Sinistcha|Trick Room|p2a: Sinistcha\n|-fieldstart|move: Trick Room|[of] p2a: Sinistcha\n|\n|-weather|Sandstorm|[upkeep]\n|-damage|p2a: Sinistcha|94/100|[from] Sandstorm\n|-damage|p1b: Sinistcha|94/100|[from] Sandstorm\n|-damage|p1a: Milotic|64/100|[from] Sandstorm\n|-heal|p1a: Milotic|70/100|[from] item: Leftovers\n|upkeep\n|turn|4\n|\n|t:|1776617860\n|switch|p1a: Incineroar|Incineroar, L50, F|68/100\n|-ability|p1a: Incineroar|Intimidate|boost\n|-unboost|p2a: Sinistcha|atk|1\n|-unboost|p2b: Tyranitar|atk|1\n|detailschange|p2b: Tyranitar|Tyranitar-Mega, L50, M\n|-mega|p2b: Tyranitar|Tyranitar|Tyranitarite\n|move|p2a: Sinistcha|Matcha Gotcha|p1b: Sinistcha|[spread] p1a,p1b\n|-resisted|p1a: Incineroar|1\n|-resisted|p1b: Sinistcha|1\n|-damage|p1a: Incineroar|58/100\n|-heal|p2a: Sinistcha|99/100|[from] drain|[of] p1a: Incineroar\n|-damage|p1b: Sinistcha|76/100\n|-heal|p2a: Sinistcha|100/100|[from] drain|[of] p1b: Sinistcha\n|-status|p1b: Sinistcha|brn\n|move|p1b: Sinistcha|Matcha Gotcha|p2b: Tyranitar|[spread] p2b\n|-miss|p1b: Sinistcha|p2a: Sinistcha\n|-supereffective|p2b: Tyranitar|1\n|-damage|p2b: Tyranitar|60/100\n|-heal|p1b: Sinistcha|96/100 brn|[from] drain|[of] p2b: Tyranitar\n|-status|p2b: Tyranitar|brn\n|move|p2b: Tyranitar|Knock Off|p1b: Sinistcha\n|-supereffective|p1b: Sinistcha|1\n|-enditem|p1b: Sinistcha|Colbur Berry|[eat]\n|-enditem|p1b: Sinistcha|Colbur Berry|[weaken]\n|-damage|p1b: Sinistcha|73/100 brn\n|\n|-weather|Sandstorm|[upkeep]\n|-damage|p2a: Sinistcha|94/100|[from] Sandstorm\n|-damage|p1a: Incineroar|52/100|[from] Sandstorm\n|-damage|p1b: Sinistcha|67/100 brn|[from] Sandstorm\n|-damage|p1b: Sinistcha|61/100 brn|[from] brn\n|-damage|p2b: Tyranitar|54/100 brn|[from] brn\n|upkeep\n|turn|5\n|-message|n8thegr8702 forfeited.\n|\n|win|soulo333\n|raw|soulo333's rating: 1199 &rarr; <strong>1225</strong><br />(+26 for winning)\n|raw|n8thegr8702's rating: 1217 &rarr; <strong>1191</strong><br />(-26 for losing)\n",
  "uploadtime": 1776617866,
  "views": 9,
  "formatid": "gen9championsvgc2026regma",
  "rating": 1191,
  "private": 0,
  "password": null
}