{
  "id": "gen9championsvgc2026regma-2581952774",
  "format": "[Gen 9 Champions] VGC 2026 Reg M-A",
  "players": [
    "el elemao",
    "Holibrand"
  ],
  "log": "|j|\u2606el elemao\n|j|\u2606Holibrand\n|t:|1776042757\n|gametype|doubles\n|player|p1|el elemao|koga|1093\n|player|p2|Holibrand|pokemonbreeder-gen4|1151\n|gen|9\n|tier|[Gen 9 Champions] VGC 2026 Reg M-A\n|rated|\n|rule|Species Clause: Limit one of each Pok\u00e9mon\n|rule|Item Clause: Limit 1 of each item\n|clearpoke\n|poke|p1|Kingambit, L50, M|\n|poke|p1|Dragonite, L50, M|\n|poke|p1|Sneasler, L50, M|\n|poke|p1|Venusaur, L50, F|\n|poke|p1|Incineroar, L50, M|\n|poke|p1|Basculegion, L50, M|\n|poke|p2|Clefable, L50, M|\n|poke|p2|Tyranitar, L50, M|\n|poke|p2|Incineroar, L50, F|\n|poke|p2|Excadrill, L50, M|\n|poke|p2|Sinistcha, L50|\n|poke|p2|Milotic, L50, F|\n|teampreview|4\n|inactive|Battle timer is ON: inactive players will automatically lose when time's up. (requested by Holibrand)\n|inactive|el elemao has 60 seconds left.\n|inactive|Holibrand has 60 seconds left.\nel elemao rejected open team sheets.\n|inactive|Holibrand has 30 seconds left.\n|inactive|Holibrand has 20 seconds left.\n|\n|t:|1776042832\n|teamsize|p1|4\n|teamsize|p2|4\n|start\n|switch|p1a: Venusaur|Venusaur, L50, F|100/100\n|switch|p1b: Incineroar|Incineroar, L50, M|100/100\n|switch|p2a: Tyranitar|Tyranitar, L50, M, shiny|100/100\n|switch|p2b: Excadrill|Excadrill, L50, M|100/100\n|-weather|Sandstorm|[from] ability: Sand Stream|[of] p2a: Tyranitar\n|-ability|p1b: Incineroar|Intimidate|boost\n|-unboost|p2a: Tyranitar|atk|1\n|-unboost|p2b: Excadrill|atk|1\n|turn|1\n|\n|t:|1776042855\n|move|p2b: Excadrill|Protect|p2b: Excadrill\n|-singleturn|p2b: Excadrill|Protect\n|move|p2a: Tyranitar|Protect|p2a: Tyranitar\n|-singleturn|p2a: Tyranitar|Protect\n|move|p1b: Incineroar|Fake Out|p2b: Excadrill\n|-activate|p2b: Excadrill|move: Protect\n|move|p1a: Venusaur|Leech Seed|p2b: Excadrill\n|-activate|p2b: Excadrill|move: Protect\n|\n|-weather|Sandstorm|[upkeep]\n|-damage|p1a: Venusaur|94/100|[from] Sandstorm\n|-damage|p1b: Incineroar|95/100|[from] Sandstorm\n|upkeep\n|turn|2\n|\n|t:|1776042880\n|switch|p2a: Incineroar|Incineroar, L50, F|100/100\n|-ability|p2a: Incineroar|Intimidate|boost\n|-unboost|p1a: Venusaur|atk|1\n|-unboost|p1b: Incineroar|atk|1\n|switch|p1b: Basculegion|Basculegion, L50, M|100/100\n|move|p1a: Venusaur|Protect|p1a: Venusaur\n|-singleturn|p1a: Venusaur|Protect\n|move|p2b: Excadrill|Stomping Tantrum|p1a: Venusaur\n|-activate|p1a: Venusaur|move: Protect\n|\n|-weather|Sandstorm|[upkeep]\n|-damage|p1b: Basculegion|94/100|[from] Sandstorm\n|-damage|p1a: Venusaur|88/100|[from] Sandstorm\n|-damage|p2a: Incineroar|94/100|[from] Sandstorm\n|upkeep\n|turn|3\n|inactive|el elemao has 30 seconds left.\n|inactive|el elemao has 20 seconds left.\n|inactive|el elemao has 15 seconds left.\n|inactive|el elemao has 10 seconds left.\n|\n|t:|1776042928\n|switch|p2b: Milotic|Milotic, L50, F, shiny|100/100\n|detailschange|p1a: Venusaur|Venusaur-Mega, L50, F\n|-mega|p1a: Venusaur|Venusaur|Venusaurite\n|move|p1b: Basculegion|Flip Turn|p2b: Milotic\n|-resisted|p2b: Milotic|1\n|-damage|p2b: Milotic|83/100\n|\n|t:|1776042934\n|switch|p1b: Incineroar|Incineroar, L50, M|95/100|[from] Flip Turn\n|-ability|p1b: Incineroar|Intimidate|boost\n|-unboost|p2a: Incineroar|atk|1\n|-unboost|p2b: Milotic|atk|1\n|-ability|p2b: Milotic|Competitive|boost\n|-boost|p2b: Milotic|spa|2\n|move|p1a: Venusaur|Earth Power|p2b: Milotic\n|-damage|p2b: Milotic|65/100\n|-unboost|p2b: Milotic|spd|1\n|-ability|p2b: Milotic|Competitive|boost\n|-boost|p2b: Milotic|spa|2\n|move|p2a: Incineroar|Parting Shot|p1b: Incineroar\n|-unboost|p1b: Incineroar|atk|1\n|-unboost|p1b: Incineroar|spa|1\n|\n|t:|1776042951\n|switch|p2a: Excadrill|Excadrill, L50, M|100/100|[from] Parting Shot\n|\n|-weather|Sandstorm|[upkeep]\n|-damage|p1a: Venusaur|82/100|[from] Sandstorm\n|-damage|p2b: Milotic|59/100|[from] Sandstorm\n|-damage|p1b: Incineroar|89/100|[from] Sandstorm\n|upkeep\n|turn|4\n|\n|t:|1776042960\n|switch|p1b: Basculegion|Basculegion, L50, M|94/100\n|move|p2a: Excadrill|Stomping Tantrum|p1a: Venusaur\n|-damage|p1a: Venusaur|38/100\n|move|p1a: Venusaur|Leech Seed|p2b: Milotic\n|-start|p2b: Milotic|move: Leech Seed\n|move|p2b: Milotic|Icy Wind|p1b: Basculegion|[spread] p1a,p1b\n|-supereffective|p1a: Venusaur|1\n|-resisted|p1b: Basculegion|1\n|-damage|p1a: Venusaur|13/100\n|-damage|p1b: Basculegion|77/100\n|-unboost|p1a: Venusaur|spe|1\n|-unboost|p1b: Basculegion|spe|1\n|\n|-weather|Sandstorm|[upkeep]\n|-damage|p1b: Basculegion|71/100|[from] Sandstorm\n|-damage|p2b: Milotic|53/100|[from] Sandstorm\n|-damage|p1a: Venusaur|7/100|[from] Sandstorm\n|-damage|p2b: Milotic|41/100|[from] Leech Seed|[of] p1a: Venusaur\n|-heal|p1a: Venusaur|20/100|[silent]\n|upkeep\n|turn|5\n|inactive|el elemao has 30 seconds left.\n|\n|t:|1776042987\n|move|p1a: Venusaur|Protect|p1a: Venusaur\n|-singleturn|p1a: Venusaur|Protect\n|move|p2a: Excadrill|Stomping Tantrum|p1b: Basculegion\n|-damage|p1b: Basculegion|8/100\n|move|p1b: Basculegion|Wave Crash|p2a: Excadrill\n|-supereffective|p2a: Excadrill|1\n|-enditem|p2a: Excadrill|Focus Sash\n|-damage|p2a: Excadrill|1/100\n|-damage|p1b: Basculegion|0 fnt|[from] Recoil\n|faint|p1b: Basculegion\n|move|p2b: Milotic|Recover|p2b: Milotic\n|-heal|p2b: Milotic|91/100\n|\n|-weather|none\n|-damage|p2b: Milotic|78/100|[from] Leech Seed|[of] p1a: Venusaur\n|-heal|p1a: Venusaur|33/100|[silent]\n|upkeep\n|inactive|el elemao has 30 seconds left.\n|\n|t:|1776043017\n|switch|p1b: Sneasler|Sneasler, L50, M|100/100\n|turn|6\n|inactive|el elemao has 30 seconds left.\n|\n|t:|1776043044\n|move|p1b: Sneasler|Close Combat|p2a: Excadrill\n|-supereffective|p2a: Excadrill|1\n|-damage|p2a: Excadrill|0 fnt\n|-unboost|p1b: Sneasler|def|1\n|-unboost|p1b: Sneasler|spd|1\n|faint|p2a: Excadrill\n|move|p2b: Milotic|Icy Wind|p1a: Venusaur|[spread] p1a,p1b\n|-supereffective|p1a: Venusaur|1\n|-damage|p1a: Venusaur|9/100\n|-damage|p1b: Sneasler|29/100\n|-unboost|p1a: Venusaur|spe|1\n|-unboost|p1b: Sneasler|spe|1\n|move|p1a: Venusaur|Sludge Bomb|p2b: Milotic\n|-damage|p2b: Milotic|35/100\n|\n|-damage|p2b: Milotic|23/100|[from] Leech Seed|[of] p1a: Venusaur\n|-heal|p1a: Venusaur|22/100|[silent]\n|upkeep\n|\n|t:|1776043059\n|switch|p2a: Incineroar|Incineroar, L50, F|94/100\n|-ability|p2a: Incineroar|Intimidate|boost\n|-unboost|p1a: Venusaur|atk|1\n|-unboost|p1b: Sneasler|atk|1\n|turn|7\n|\n|t:|1776043067\n|switch|p1b: Incineroar|Incineroar, L50, M|89/100\n|-ability|p1b: Incineroar|Intimidate|boost\n|-unboost|p2a: Incineroar|atk|1\n|-unboost|p2b: Milotic|atk|1\n|-ability|p2b: Milotic|Competitive|boost\n|-boost|p2b: Milotic|spa|2\n|move|p1a: Venusaur|Protect|p1a: Venusaur\n|-singleturn|p1a: Venusaur|Protect\n|move|p2a: Incineroar|Fake Out|p1b: Incineroar\n|-damage|p1b: Incineroar|83/100\n|move|p2b: Milotic|Recover|p2b: Milotic\n|-heal|p2b: Milotic|73/100\n|\n|-damage|p2b: Milotic|60/100|[from] Leech Seed|[of] p1a: Venusaur\n|-heal|p1a: Venusaur|35/100|[silent]\n|upkeep\n|turn|8\n|\n|t:|1776043086\n|move|p2b: Milotic|Protect|p2b: Milotic\n|-singleturn|p2b: Milotic|Protect\n|move|p1b: Incineroar|Fake Out|p2b: Milotic\n|-activate|p2b: Milotic|move: Protect\n|move|p2a: Incineroar|Parting Shot|p1a: Venusaur\n|-unboost|p1a: Venusaur|atk|1\n|-unboost|p1a: Venusaur|spa|1\n|\n|t:|1776043094\n|switch|p2a: Tyranitar|Tyranitar, L50, M, shiny|100/100|[from] Parting Shot\n|-weather|Sandstorm|[from] ability: Sand Stream|[of] p2a: Tyranitar\n|move|p1a: Venusaur|Sludge Bomb|p2b: Milotic\n|-activate|p2b: Milotic|move: Protect\n|\n|-weather|Sandstorm|[upkeep]\n|-damage|p2b: Milotic|54/100|[from] Sandstorm\n|-damage|p1b: Incineroar|77/100|[from] Sandstorm\n|-damage|p1a: Venusaur|29/100|[from] Sandstorm\n|-damage|p2b: Milotic|42/100|[from] Leech Seed|[of] p1a: Venusaur\n|-heal|p1a: Venusaur|43/100|[silent]\n|upkeep\n|turn|9\n|\n|t:|1776043117\n|switch|p1a: Sneasler|Sneasler, L50, M|29/100\n|move|p2a: Tyranitar|Rock Slide|p1a: Sneasler|[spread] p1a,p1b\n|-resisted|p1a: Sneasler|1\n|-supereffective|p1b: Incineroar|1\n|-damage|p1a: Sneasler|6/100\n|-damage|p1b: Incineroar|35/100\n|move|p2b: Milotic|Muddy Water|p1b: Incineroar|[spread] p1a,p1b\n|-supereffective|p1b: Incineroar|1\n|-damage|p1a: Sneasler|0 fnt\n|-damage|p1b: Incineroar|0 fnt\n|faint|p1a: Sneasler\n|faint|p1b: Incineroar\n|\n|-weather|Sandstorm|[upkeep]\n|-damage|p2b: Milotic|36/100|[from] Sandstorm\n|upkeep\n|\n|t:|1776043127\n|switch|p1b: Venusaur|Venusaur-Mega, L50, F|43/100\n|turn|10\n|\n|t:|1776043142\n|move|p1b: Venusaur|Sludge Bomb|p2b: Milotic\n|-damage|p2b: Milotic|0 fnt\n|faint|p2b: Milotic\n|move|p2a: Tyranitar|Dragon Dance|p2a: Tyranitar\n|-boost|p2a: Tyranitar|atk|1\n|-boost|p2a: Tyranitar|spe|1\n|\n|-weather|Sandstorm|[upkeep]\n|-damage|p1b: Venusaur|37/100|[from] Sandstorm\n|upkeep\n|\n|t:|1776043147\n|switch|p2b: Incineroar|Incineroar, L50, F|94/100\n|-ability|p2b: Incineroar|Intimidate|boost\n|-unboost|p1b: Venusaur|atk|1\n|turn|11\n|\n|t:|1776043157\n|detailschange|p2a: Tyranitar|Tyranitar-Mega, L50, M, shiny\n|-mega|p2a: Tyranitar|Tyranitar|Tyranitarite\n|move|p1b: Venusaur|Protect|p1b: Venusaur\n|-singleturn|p1b: Venusaur|Protect\n|move|p2b: Incineroar|Fake Out|p1b: Venusaur\n|-activate|p1b: Venusaur|move: Protect\n|move|p2a: Tyranitar|Dragon Dance|p2a: Tyranitar\n|-boost|p2a: Tyranitar|atk|1\n|-boost|p2a: Tyranitar|spe|1\n|\n|-weather|Sandstorm|[upkeep]\n|-damage|p1b: Venusaur|30/100|[from] Sandstorm\n|-damage|p2b: Incineroar|88/100|[from] Sandstorm\n|upkeep\n|turn|12\n|\n|t:|1776043168\n|move|p2a: Tyranitar|Knock Off|p1b: Venusaur\n|-damage|p1b: Venusaur|0 fnt\n|faint|p1b: Venusaur\n|\n|win|Holibrand\n|raw|el elemao's rating: 1093 &rarr; <strong>1073</strong><br />(-20 for losing)\n|raw|Holibrand's rating: 1151 &rarr; <strong>1172</strong><br />(+21 for winning)\n|l|\u2606el elemao\n|player|p1|\n",
  "uploadtime": 1776043177,
  "views": 32,
  "formatid": "gen9championsvgc2026regma",
  "rating": 1073,
  "private": 0,
  "password": null
}