{
  "id": "gen9championsvgc2026regma-2585794303",
  "format": "[Gen 9 Champions] VGC 2026 Reg M-A",
  "players": [
    "YetAnotherDodo",
    "skymin<3"
  ],
  "log": "|j|\u2606YetAnotherDodo\n|j|\u2606skymin<3\n|t:|1776371120\n|gametype|doubles\n|player|p1|YetAnotherDodo|miku-flying|\n|player|p2|skymin<3|#skymin3|\n|gen|9\n|tier|[Gen 9 Champions] VGC 2026 Reg M-A\n|rated|Tournament battle\n|rule|Species Clause: Limit one of each Pok\u00e9mon\n|rule|Item Clause: Limit 1 of each item\n|raw|<div class=\"infobox\"><details class=\"readmore\" open><summary><strong>1 custom rule:</strong></summary> Force Open Team Sheets</details></div>\n|clearpoke\n|poke|p1|Floette-Eternal, L50, F|\n|poke|p1|Incineroar, L50, F|\n|poke|p1|Sneasler, L50, F|\n|poke|p1|Garchomp, L50, F|\n|poke|p1|Basculegion, L50, M|\n|poke|p1|Aerodactyl, L50, M|\n|poke|p2|Delphox, L50, F|\n|poke|p2|Aegislash, L50, F|\n|poke|p2|Meowscarada, L50, F|\n|poke|p2|Dragonite, L50, F|\n|poke|p2|Tauros-Paldea-Aqua, L50, M|\n|poke|p2|Garchomp, L50, M|\n|teampreview|4\n|showteam|p1|Floette-Eternal||Floettite|FlowerVeil|DazzlingGleam,Moonblast,LightofRuin,Protect|||F|||50|]Incineroar||SitrusBerry|Intimidate|FakeOut,HelpingHand,PartingShot,FlareBlitz|||F|||50|]Sneasler||WhiteHerb|Unburden|CloseCombat,DireClaw,RockTomb,Protect|||F|||50|]Garchomp||HabanBerry|RoughSkin|Earthquake,DragonClaw,RockSlide,Protect|||F|||50|]Basculegion||ChoiceScarf|Adaptability|LastRespects,FlipTurn,Liquidation,WaveCrash|||M|||50|]Aerodactyl||FocusSash|Unnerve|RockSlide,DualWingbeat,Protect,Tailwind|||M|||50|\n|showteam|p2|Delphox||Delphoxite|Blaze|Encore,HeatWave,Psychic,Protect|||F|||50|]Aegislash||SitrusBerry|StanceChange|Poltergeist,SacredSword,ShadowSneak,KingsShield|||F|||50|]Meowscarada||ChoiceScarf|Protean|LowKick,FlowerTrick,ThroatChop,TripleAxel|||F|||50|]Dragonite||Dragoninite|Multiscale|DracoMeteor,Thunderbolt,AirSlash,Protect|||F|||50|]Tauros-Paldea-Aqua||WhiteHerb|Intimidate|CloseCombat,WaveCrash,AquaJet,Protect|||M|||50|]Garchomp||FocusSash|RoughSkin|RockSlide,Protect,DragonClaw,Earthquake|||M|||50|\n|j| Carrielis\n|c|\u2606YetAnotherDodo|glhf\n|j|@krangune\u2764\n|j| AthenaStrive9\n|c|\u2606YetAnotherDodo|multiscale base nite interesting\n|j| ghostistheman\n|j| SeulClef\n|c|\u2606skymin<3|the concept of inner focus on a flying type for double rock slide..\n|l| Carrielis\n|inactive|Battle timer is ON: inactive players will automatically lose when time's up. (requested by YetAnotherDodo)\n|\n|t:|1776371206\n|teamsize|p1|4\n|teamsize|p2|4\n|start\n|switch|p1a: Incineroar|Incineroar, L50, F|100/100\n|switch|p1b: Aerodactyl|Aerodactyl, L50, M|100/100\n|switch|p2a: Eclipsa|Delphox, L50, F, shiny|100/100\n|switch|p2b: Neferpitou|Meowscarada, L50, F, shiny|100/100\n|-ability|p1b: Aerodactyl|Unnerve\n|-ability|p1a: Incineroar|Intimidate|boost\n|-unboost|p2a: Eclipsa|atk|1\n|-unboost|p2b: Neferpitou|atk|1\n|turn|1\n|l| SeulClef\n|\n|t:|1776371221\n|switch|p2b: Malos|Aegislash, L50, F|100/100\n|detailschange|p2a: Eclipsa|Delphox-Mega, L50, F, shiny\n|-mega|p2a: Eclipsa|Delphox|Delphoxite\n|move|p1a: Incineroar|Fake Out|p2b: Malos\n|-immune|p2b: Malos\n|move|p2a: Eclipsa|Encore|p1a: Incineroar\n|-start|p1a: Incineroar|Encore\n|move|p1b: Aerodactyl|Tailwind|p1b: Aerodactyl\n|-sidestart|p1: YetAnotherDodo|move: Tailwind\n|\n|upkeep\n|turn|2\n|j| qmurda\n|j| MuzVG\n|inactive|YetAnotherDodo has 30 seconds left.\n|inactive|skymin<3 has 30 seconds left.\n|inactive|skymin<3 has 20 seconds left.\n|\n|t:|1776371259\n|switch|p1a: Basculegion|Basculegion, L50, M|100/100\n|move|p1b: Aerodactyl|Rock Slide|p2b: Malos|[spread] p2a,p2b\n|-supereffective|p2a: Eclipsa|1\n|-resisted|p2b: Malos|1\n|-damage|p2a: Eclipsa|24/100\n|-damage|p2b: Malos|89/100\n|cant|p2a: Eclipsa|flinch\n|cant|p2b: Malos|flinch\n|\n|upkeep\n|turn|3\n|c|\u2606skymin<3|ok\n|c|\u2606skymin<3|well\n|c|\u2606YetAnotherDodo|dam\n|c|\u2606skymin<3|yep\n|c|\u2606YetAnotherDodo|unfortunate\n|c|@krangune\u2764|aerodactyl has serene grace i swear\n|inactive|YetAnotherDodo has 30 seconds left.\n|\n|t:|1776371285\n|switch|p1a: Incineroar|Incineroar, L50, F|100/100\n|-ability|p1a: Incineroar|Intimidate|boost\n|-unboost|p2a: Eclipsa|atk|1\n|-unboost|p2b: Malos|atk|1\n|move|p2a: Eclipsa|Protect|p2a: Eclipsa\n|-singleturn|p2a: Eclipsa|Protect\n|move|p1b: Aerodactyl|Rock Slide|p2b: Malos|[spread] p2b\n|-activate|p2a: Eclipsa|move: Protect\n|-resisted|p2b: Malos|1\n|-damage|p2b: Malos|78/100\n|-formechange|p2b: Malos|Aegislash-Blade|\n|move|p2b: Malos|Poltergeist|p1a: Incineroar\n|-activate|p1a: Incineroar|move: Poltergeist|Sitrus Berry\n|-resisted|p1a: Incineroar|1\n|-damage|p1a: Incineroar|80/100\n|\n|upkeep\n|turn|4\n|c|\u2606skymin<3|i insta win too with basculegion dead\n|c|\u2606skymin<3|o well\n|inactive|YetAnotherDodo has 30 seconds left.\n|\n|t:|1776371311\n|switch|p2a: Neferpitou|Meowscarada, L50, F, shiny|100/100\n|move|p1a: Incineroar|Helping Hand|p1b: Aerodactyl\n|-singleturn|p1b: Aerodactyl|Helping Hand|[of] p1a: Incineroar\n|-formechange|p2b: Malos|Aegislash|\n|move|p2b: Malos|King's Shield|p2b: Malos\n|-singleturn|p2b: Malos|Protect\n|move|p1b: Aerodactyl|Rock Slide|p2a: Neferpitou|[spread] p2a\n|-activate|p2b: Malos|move: Protect\n|-damage|p2a: Neferpitou|43/100\n|\n|-sideend|p1: YetAnotherDodo|move: Tailwind\n|upkeep\n|turn|5\n|inactive|skymin<3 has 30 seconds left.\n|\n|t:|1776371336\n|move|p1b: Aerodactyl|Protect|p1b: Aerodactyl\n|-singleturn|p1b: Aerodactyl|Protect\n|move|p2a: Neferpitou|Triple Axel|p1b: Aerodactyl\n|-start|p2a: Neferpitou|typechange|Ice|[from] ability: Protean\n|-activate|p1b: Aerodactyl|move: Protect\n|-formechange|p2b: Malos|Aegislash-Blade|\n|move|p2b: Malos|Sacred Sword|p1a: Incineroar\n|-supereffective|p1a: Incineroar|1\n|-damage|p1a: Incineroar|36/100\n|-enditem|p1a: Incineroar|Sitrus Berry|[eat]\n|-heal|p1a: Incineroar|61/100|[from] item: Sitrus Berry\n|move|p1a: Incineroar|Flare Blitz|p2a: Neferpitou\n|-supereffective|p2a: Neferpitou|1\n|-damage|p2a: Neferpitou|0 fnt\n|faint|p2a: Neferpitou\n|-damage|p1a: Incineroar|50/100|[from] Recoil\n|\n|upkeep\n|\n|t:|1776371344\n|switch|p2a: Eclipsa|Delphox-Mega, L50, F, shiny|24/100\n|turn|6\n|\n|t:|1776371364\n|move|p2b: Malos|Shadow Sneak|p1b: Aerodactyl\n|-damage|p1b: Aerodactyl|73/100\n|move|p2a: Eclipsa|Psychic|p1b: Aerodactyl\n|-damage|p1b: Aerodactyl|0 fnt\n|faint|p1b: Aerodactyl\n|move|p1a: Incineroar|Parting Shot|p2a: Eclipsa\n|-unboost|p2a: Eclipsa|atk|1\n|-unboost|p2a: Eclipsa|spa|1\n|\n|t:|1776371372\n|switch|p1a: Floette|Floette-Eternal, L50, F|100/100|[from] Parting Shot\n|\n|upkeep\n|\n|t:|1776371377\n|switch|p1b: Incineroar|Incineroar, L50, F|50/100\n|-ability|p1b: Incineroar|Intimidate|boost\n|-unboost|p2a: Eclipsa|atk|1\n|-unboost|p2b: Malos|atk|1\n|turn|7\n|\n|t:|1776371396\n|detailschange|p1a: Floette|Floette-Mega, L50, F\n|-mega|p1a: Floette|Floette|Floettite\n|-ability|p1a: Floette|Fairy Aura\n|move|p2a: Eclipsa|Protect|p2a: Eclipsa\n|-singleturn|p2a: Eclipsa|Protect\n|move|p1a: Floette|Protect|p1a: Floette\n|-singleturn|p1a: Floette|Protect\n|-formechange|p2b: Malos|Aegislash|\n|move|p2b: Malos|King's Shield|p2b: Malos\n|-singleturn|p2b: Malos|Protect\n|move|p1b: Incineroar|Flare Blitz|p2a: Eclipsa\n|-activate|p2a: Eclipsa|move: Protect\n|\n|upkeep\n|turn|8\n|inactive|YetAnotherDodo has 30 seconds left.\n|\n|t:|1776371422\n|move|p2a: Eclipsa|Heat Wave|p1b: Incineroar|[spread] p1a,p1b\n|-resisted|p1b: Incineroar|1\n|-damage|p1a: Floette|76/100\n|-damage|p1b: Incineroar|40/100\n|move|p1a: Floette|Light of Ruin|p2b: Malos\n|-resisted|p2b: Malos|1\n|-damage|p2b: Malos|29/100\n|-enditem|p2b: Malos|Sitrus Berry|[eat]\n|-heal|p2b: Malos|54/100|[from] item: Sitrus Berry\n|-damage|p1a: Floette|51/100|[from] Recoil\n|-formechange|p2b: Malos|Aegislash-Blade|\n|move|p2b: Malos|Sacred Sword|p1b: Incineroar\n|-supereffective|p1b: Incineroar|1\n|-damage|p1b: Incineroar|5/100\n|move|p1b: Incineroar|Flare Blitz|p2a: Eclipsa\n|-resisted|p2a: Eclipsa|1\n|-damage|p2a: Eclipsa|0 fnt\n|faint|p2a: Eclipsa\n|-damage|p1b: Incineroar|0 fnt|[from] Recoil\n|faint|p1b: Incineroar\n|\n|upkeep\n|c|\u2606skymin<3|yeah like even if i had 1 of my mons hit\n|c|\u2606skymin<3|i def won\n|c|\u2606skymin<3|cus shadow sneak range\n|c|\u2606skymin<3|hm\n|\n|t:|1776371441\n|switch|p2a: Diablos|Garchomp, L50, M, shiny|100/100\n|switch|p1b: Basculegion|Basculegion, L50, M|100/100\n|turn|9\n|inactive|YetAnotherDodo has 30 seconds left.\n|inactive|skymin<3 has 30 seconds left.\n|inactive|skymin<3 has 20 seconds left.\n|inactive|skymin<3 has 15 seconds left.\n|\n|t:|1776371486\n|-formechange|p2b: Malos|Aegislash|\n|move|p2b: Malos|King's Shield|p2b: Malos\n|-singleturn|p2b: Malos|Protect\n|move|p1b: Basculegion|Last Respects|p2b: Malos\n|-activate|p2b: Malos|move: Protect\n|move|p2a: Diablos|Earthquake|p1b: Basculegion|[spread] p1a,p1b\n|-activate|p2b: Malos|move: Protect\n|-damage|p1a: Floette|0 fnt\n|-damage|p1b: Basculegion|40/100\n|faint|p1a: Floette\n|\n|upkeep\n|turn|10\n|c|\u2606skymin<3|?\n|c|\u2606YetAnotherDodo|oh\n|l| AthenaStrive9\n|c|\u2606YetAnotherDodo|eq killed\n|c|\u2606YetAnotherDodo|interesting\n|j| AthenaStrive9\n|c|\u2606skymin<3|im ada\n|c|\u2606skymin<3|ye\n|inactive|YetAnotherDodo has 30 seconds left.\n|\n|t:|1776371520\n|-formechange|p2b: Malos|Aegislash-Blade|\n|move|p2b: Malos|Shadow Sneak|p1b: Basculegion\n|-supereffective|p1b: Basculegion|1\n|-damage|p1b: Basculegion|9/100\n|move|p1b: Basculegion|Last Respects|p2b: Malos\n|-supereffective|p2b: Malos|1\n|-damage|p2b: Malos|0 fnt\n|faint|p2b: Malos\n|move|p2a: Diablos|Dragon Claw|p1b: Basculegion\n|-damage|p1b: Basculegion|0 fnt\n|faint|p1b: Basculegion\n|\n|win|skymin<3\n|n|\u2606YetAnotherDodo|yetanotherdodo\n|n|\u2606skymin<3|skymin3\n|n| krangune\u2764|krangune\n|n| ghostistheman|ghostistheman\n|n| qmurda|qmurda\n|n| MuzVG|muzvg\n|n| AthenaStrive9|athenastrive9\n|c|\u2606YetAnotherDodo|ggwp\n",
  "uploadtime": 1776371527,
  "views": 20,
  "formatid": "gen9championsvgc2026regma",
  "rating": null,
  "private": 0,
  "password": null
}