{
  "id": "gen9championsvgc2026regma-2585412854",
  "format": "[Gen 9 Champions] VGC 2026 Reg M-A",
  "players": [
    "MelloJelloLol",
    "eevee1ynn"
  ],
  "log": "|j|\u203dMelloJelloLol\n|j|\u2606eevee1ynn\n|t:|1776345501\n|gametype|doubles\n|player|p1|MelloJelloLol|rosa|1107\n|player|p2|eevee1ynn|unknownf|1168\n|gen|9\n|tier|[Gen 9 Champions] VGC 2026 Reg M-A\n|rated|\n|rule|Species Clause: Limit one of each Pok\u00e9mon\n|rule|Item Clause: Limit 1 of each item\n|clearpoke\n|poke|p1|Delphox, L50, M|\n|poke|p1|Garchomp, L50, F|\n|poke|p1|Sneasler, L50, M|\n|poke|p1|Rotom-Wash, L50|\n|poke|p1|Kingambit, L50, M|\n|poke|p1|Incineroar, L50, M|\n|poke|p2|Chimecho, L50, F|\n|poke|p2|Rhyperior, L50, F|\n|poke|p2|Araquanid, L50, M|\n|poke|p2|Oranguru, L50, M|\n|poke|p2|Hydreigon, L50, F|\n|poke|p2|Sneasler, L50, F|\n|teampreview|4\n|\n|t:|1776345559\n|teamsize|p1|4\n|teamsize|p2|4\n|start\n|switch|p1a: Kingambit|Kingambit, L50, M|100/100\n|switch|p1b: Delphox|Delphox, L50, M|100/100\n|switch|p2a: Oranguru|Oranguru, L50, M|100/100\n|switch|p2b: Sneasler|Sneasler, L50, F|100/100\n|turn|1\n|inactive|Battle timer is ON: inactive players will automatically lose when time's up. (requested by MelloJelloLol)\n|\n|t:|1776345573\n|detailschange|p1b: Delphox|Delphox-Mega, L50, M\n|-mega|p1b: Delphox|Delphox|Delphoxite\n|move|p2b: Sneasler|Fake Out|p1a: Kingambit\n|-resisted|p1a: Kingambit|1\n|-damage|p1a: Kingambit|95/100\n|move|p1b: Delphox|Psychic|p2b: Sneasler\n|-supereffective|p2b: Sneasler|2\n|-enditem|p2b: Sneasler|Focus Sash\n|-damage|p2b: Sneasler|1/100\n|cant|p1a: Kingambit|flinch\n|move|p2a: Oranguru|Trick Room|p2a: Oranguru\n|-fieldstart|move: Trick Room|[of] p2a: Oranguru\n|\n|upkeep\n|turn|2\n|inactive|MelloJelloLol has 30 seconds left.\n|\n|t:|1776345600\n|move|p1a: Kingambit|Sucker Punch|p2b: Sneasler\n|-resisted|p2b: Sneasler|1\n|-crit|p2b: Sneasler\n|-damage|p2b: Sneasler|0 fnt\n|faint|p2b: Sneasler\n|move|p2a: Oranguru|Hyper Voice|p1b: Delphox|[spread] p1a,p1b\n|-resisted|p1a: Kingambit|1\n|-damage|p1a: Kingambit|85/100\n|-damage|p1b: Delphox|79/100\n|move|p1b: Delphox|Heat Wave|p2a: Oranguru\n|-damage|p2a: Oranguru|56/100\n|\n|upkeep\n|\n|t:|1776345615\n|switch|p2b: Rhyperior|Rhyperior, L50, F|100/100\n|turn|3\n|\n|t:|1776345627\n|switch|p2a: Chimecho|Chimecho, L50, F|100/100\n|move|p1b: Delphox|Protect|p1b: Delphox\n|-singleturn|p1b: Delphox|Protect\n|move|p1a: Kingambit|Sucker Punch||[still]\n|-fail|p1a: Kingambit\n|move|p2b: Rhyperior|Earthquake|p1b: Delphox|[spread] p1a\n|-activate|p1b: Delphox|move: Protect\n|-immune|p2a: Chimecho|[from] ability: Levitate\n|-supereffective|p1a: Kingambit|1\n|-damage|p1a: Kingambit|6/100\n|\n|upkeep\n|turn|4\n|inactive|MelloJelloLol has 30 seconds left.\n|\n|t:|1776345657\n|move|p2a: Chimecho|Protect|p2a: Chimecho\n|-singleturn|p2a: Chimecho|Protect\n|move|p1a: Kingambit|Sucker Punch||[still]\n|-fail|p1a: Kingambit\n|move|p2b: Rhyperior|Rock Slide|p1b: Delphox|[spread] p1a,p1b\n|-resisted|p1a: Kingambit|1\n|-supereffective|p1b: Delphox|1\n|-damage|p1a: Kingambit|0 fnt\n|-damage|p1b: Delphox|0 fnt\n|faint|p1a: Kingambit\n|faint|p1b: Delphox\n|\n|upkeep\n|\n|t:|1776345665\n|switch|p1a: Garchomp|Garchomp, L50, F|100/100\n|switch|p1b: Sneasler|Sneasler, L50, M|100/100\n|turn|5\n|inactive|MelloJelloLol has 30 seconds left.\n|\n|t:|1776345699\n|detailschange|p2a: Chimecho|Chimecho-Mega, L50, F\n|-mega|p2a: Chimecho|Chimecho|Chimechite\n|move|p1b: Sneasler|Fake Out|p2a: Chimecho\n|-resisted|p2a: Chimecho|1\n|-damage|p2a: Chimecho|93/100\n|move|p2b: Rhyperior|Earthquake|p1a: Garchomp|[spread] p1a,p1b\n|-immune|p2a: Chimecho|[from] ability: Levitate\n|-crit|p1a: Garchomp\n|-supereffective|p1b: Sneasler|1\n|-damage|p1a: Garchomp|35/100\n|-damage|p1b: Sneasler|0 fnt\n|faint|p1b: Sneasler\n|cant|p2a: Chimecho|flinch\n|move|p1a: Garchomp|Dragon Claw|p2a: Chimecho\n|-resisted|p2a: Chimecho|1\n|-damage|p2a: Chimecho|71/100\n|\n|-fieldend|move: Trick Room\n|upkeep\n|turn|6\n|-message|MelloJelloLol forfeited.\n|\n|win|eevee1ynn\n|raw|MelloJelloLol's rating: 1107 &rarr; <strong>1086</strong><br />(-21 for losing)\n|raw|eevee1ynn's rating: 1168 &rarr; <strong>1189</strong><br />(+21 for winning)\n",
  "uploadtime": 1776345704,
  "views": 23,
  "formatid": "gen9championsvgc2026regma",
  "rating": 1086,
  "private": 0,
  "password": null
}