{
  "id": "gen9championsvgc2026regma-2588481538",
  "format": "[Gen 9 Champions] VGC 2026 Reg M-A",
  "players": [
    "reggie1000",
    "Masqueicoul"
  ],
  "log": "|j|\u2606reggie1000\n|j|\u2606Masqueicoul\n|t:|1776637415\n|gametype|doubles\n|player|p1|reggie1000|102|1025\n|player|p2|Masqueicoul|n|1036\n|gen|9\n|tier|[Gen 9 Champions] VGC 2026 Reg M-A\n|rated|\n|rule|Species Clause: Limit one of each Pok\u00e9mon\n|rule|Item Clause: Limit 1 of each item\n|clearpoke\n|poke|p1|Scovillain, L50, F|\n|poke|p1|Dragapult, L50, M|\n|poke|p1|Sinistcha-Masterpiece, L50|\n|poke|p1|Tauros-Paldea-Aqua, L50, M|\n|poke|p1|Toxapex, L50, M|\n|poke|p1|Farigiraf, L50, F|\n|poke|p2|Absol, L50, F|\n|poke|p2|Incineroar, L50, M|\n|poke|p2|Froslass, L50, F|\n|poke|p2|Goodra-Hisui, L50, F|\n|poke|p2|Clefable, L50, F|\n|poke|p2|Tinkaton, L50, F|\n|teampreview|4\n|\n|t:|1776637432\n|teamsize|p1|4\n|teamsize|p2|4\n|start\n|switch|p1a: Load of bull|Tauros-Paldea-Aqua, L50, M|100/100\n|switch|p1b: It's Britney|Toxapex, L50, M|100/100\n|switch|p2a: Incineroar|Incineroar, L50, M|100/100\n|switch|p2b: Absol|Absol, L50, F|100/100\n|-ability|p1a: Load of bull|Intimidate|boost\n|-unboost|p2a: Incineroar|atk|1\n|-unboost|p2b: Absol|atk|1\n|-ability|p2a: Incineroar|Intimidate|boost\n|-unboost|p1a: Load of bull|atk|1\n|-unboost|p1b: It's Britney|atk|1\n|turn|1\n|\n|t:|1776637454\n|detailschange|p2b: Absol|Absol-Mega, L50, F\n|-mega|p2b: Absol|Absol|Absolite\n|move|p2a: Incineroar|Fake Out|p1a: Load of bull\n|-damage|p1a: Load of bull|91/100\n|cant|p1a: Load of bull|flinch\n|move|p2b: Absol|Swords Dance|p2b: Absol\n|-boost|p2b: Absol|atk|2\n|move|p1b: It's Britney|Chilling Water|p2a: Incineroar\n|-supereffective|p2a: Incineroar|1\n|-damage|p2a: Incineroar|76/100\n|-unboost|p2a: Incineroar|atk|1\n|\n|upkeep\n|turn|2\n|\n|t:|1776637482\n|move|p2b: Absol|Protect|p2b: Absol\n|-singleturn|p2b: Absol|Protect\n|move|p1a: Load of bull|Close Combat|p2b: Absol\n|-activate|p2b: Absol|move: Protect\n|move|p2a: Incineroar|Parting Shot|p1a: Load of bull\n|-unboost|p1a: Load of bull|atk|1\n|-unboost|p1a: Load of bull|spa|1\n|\n|t:|1776637495\n|switch|p2a: Goodra|Goodra-Hisui, L50, F|100/100|[from] Parting Shot\n|move|p1b: It's Britney|Chilling Water|p2b: Absol\n|-activate|p2b: Absol|move: Protect\n|\n|upkeep\n|turn|3\n|\n|t:|1776637509\n|switch|p1a: Sophie|Farigiraf, L50, F|100/100\n|move|p2b: Absol|Sucker Punch||[still]\n|cant|p1a: Sophie|ability: Armor Tail|Sucker Punch|[of] p2b: Absol\n|move|p2a: Goodra|Shelter|p2a: Goodra\n|-boost|p2a: Goodra|def|2\n|move|p1b: It's Britney|Chilling Water|p2b: Absol\n|-damage|p2b: Absol|79/100\n|-unboost|p2b: Absol|atk|1\n|\n|upkeep\n|turn|4\n|\n|t:|1776637522\n|switch|p1a: Load of bull|Tauros-Paldea-Aqua, L50, M|91/100\n|-ability|p1a: Load of bull|Intimidate|boost\n|-unboost|p2a: Goodra|atk|1\n|-unboost|p2b: Absol|atk|1\n|move|p2b: Absol|Swords Dance|p2b: Absol\n|-boost|p2b: Absol|atk|2\n|move|p2a: Goodra|Shelter|p2a: Goodra\n|-boost|p2a: Goodra|def|2\n|move|p1b: It's Britney|Chilling Water|p2b: Absol\n|-damage|p2b: Absol|58/100\n|-unboost|p2b: Absol|atk|1\n|\n|upkeep\n|turn|5\n|inactive|Battle timer is ON: inactive players will automatically lose when time's up. (requested by Masqueicoul)\n|\n|t:|1776637562\n|switch|p2b: Incineroar|Incineroar, L50, M|76/100\n|-ability|p2b: Incineroar|Intimidate|boost\n|-unboost|p1a: Load of bull|atk|1\n|-unboost|p1b: It's Britney|atk|1\n|move|p1b: It's Britney|Baneful Bunker|p1b: It's Britney\n|-singleturn|p1b: It's Britney|move: Protect\n|move|p1a: Load of bull|Close Combat|p2b: Incineroar\n|-supereffective|p2b: Incineroar|1\n|-damage|p2b: Incineroar|0 fnt\n|-unboost|p1a: Load of bull|def|1\n|-unboost|p1a: Load of bull|spd|1\n|faint|p2b: Incineroar\n|move|p2a: Goodra|Shelter|p2a: Goodra\n|-boost|p2a: Goodra|def|2\n|\n|upkeep\n|\n|t:|1776637576\n|switch|p2b: Tinkaton|Tinkaton, L50, F|100/100\n|turn|6\n|\n|t:|1776637589\n|switch|p1a: Sophie|Farigiraf, L50, F|100/100\n|move|p2b: Tinkaton|Fake Out||[still]\n|cant|p1a: Sophie|ability: Armor Tail|Fake Out|[of] p2b: Tinkaton\n|move|p2a: Goodra|Body Press|p1a: Sophie\n|-damage|p1a: Sophie|0 fnt\n|faint|p1a: Sophie\n|move|p1b: It's Britney|Chilling Water|p2b: Tinkaton\n|-damage|p2b: Tinkaton|91/100\n|-unboost|p2b: Tinkaton|atk|1\n|\n|upkeep\n|\n|t:|1776637607\n|switch|p1a: Can't touch this|Scovillain, L50, F|100/100\n|turn|7\n|\n|t:|1776637618\n|move|p1a: Can't touch this|Protect|p1a: Can't touch this\n|-singleturn|p1a: Can't touch this|Protect\n|move|p1b: It's Britney|Baneful Bunker|p1b: It's Britney\n|-singleturn|p1b: It's Britney|move: Protect\n|move|p2b: Tinkaton|Stone Edge|p1a: Can't touch this\n|-activate|p1a: Can't touch this|move: Protect\n|move|p2a: Goodra|Body Press|p1a: Can't touch this\n|-activate|p1a: Can't touch this|move: Protect\n|\n|-ability|p1a: Can't touch this|Moody|boost\n|-boost|p1a: Can't touch this|spa|2\n|-unboost|p1a: Can't touch this|def|1\n|upkeep\n|turn|8\n|\n|t:|1776637639\n|detailschange|p1a: Can't touch this|Scovillain-Mega, L50, F\n|-mega|p1a: Can't touch this|Scovillain|Scovillainite\n|move|p2b: Tinkaton|Stone Edge|p1a: Can't touch this\n|-supereffective|p1a: Can't touch this|1\n|-damage|p1a: Can't touch this|38/100\n|-status|p2b: Tinkaton|brn|[from] ability: Spicy Spray|[of] p1a: Can't touch this\n|move|p1a: Can't touch this|Flamethrower|p2b: Tinkaton\n|-supereffective|p2b: Tinkaton|1\n|-damage|p2b: Tinkaton|0 fnt\n|faint|p2b: Tinkaton\n|move|p2a: Goodra|Body Press|p1a: Can't touch this\n|-damage|p1a: Can't touch this|0 fnt\n|-status|p2a: Goodra|brn|[from] ability: Spicy Spray|[of] p1a: Can't touch this\n|faint|p1a: Can't touch this\n|move|p1b: It's Britney|Chilling Water|p2a: Goodra\n|-resisted|p2a: Goodra|1\n|-damage|p2a: Goodra|97/100 brn\n|-unboost|p2a: Goodra|atk|1\n|\n|-heal|p2a: Goodra|100/100 brn|[from] item: Leftovers\n|-damage|p2a: Goodra|95/100 brn|[from] brn\n|upkeep\n|\n|t:|1776637660\n|switch|p2b: Absol|Absol-Mega, L50, F|58/100\n|switch|p1a: Load of bull|Tauros-Paldea-Aqua, L50, M|91/100\n|-ability|p1a: Load of bull|Intimidate|boost\n|-unboost|p2a: Goodra|atk|1\n|-unboost|p2b: Absol|atk|1\n|turn|9\n|\n|t:|1776637671\n|move|p2b: Absol|Protect|p2b: Absol\n|-singleturn|p2b: Absol|Protect\n|move|p1a: Load of bull|Close Combat|p2a: Goodra\n|-supereffective|p2a: Goodra|1\n|-damage|p2a: Goodra|68/100 brn\n|-unboost|p1a: Load of bull|def|1\n|-unboost|p1a: Load of bull|spd|1\n|move|p2a: Goodra|Body Press|p1a: Load of bull\n|-damage|p1a: Load of bull|7/100\n|move|p1b: It's Britney|Chilling Water|p2b: Absol\n|-activate|p2b: Absol|move: Protect\n|\n|-heal|p2a: Goodra|74/100 brn|[from] item: Leftovers\n|-damage|p2a: Goodra|68/100 brn|[from] brn\n|upkeep\n|turn|10\n|\n|t:|1776637689\n|move|p2b: Absol|Sucker Punch|p1a: Load of bull\n|-resisted|p1a: Load of bull|1\n|-damage|p1a: Load of bull|0 fnt\n|faint|p1a: Load of bull\n|move|p2a: Goodra|Body Press|p1b: It's Britney\n|-resisted|p1b: It's Britney|1\n|-damage|p1b: It's Britney|86/100\n|move|p1b: It's Britney|Chilling Water|p2b: Absol\n|-damage|p2b: Absol|39/100\n|-unboost|p2b: Absol|atk|1\n|\n|-heal|p2a: Goodra|74/100 brn|[from] item: Leftovers\n|-heal|p1b: It's Britney|92/100|[from] item: Leftovers\n|-damage|p2a: Goodra|68/100 brn|[from] brn\n|upkeep\n|turn|11\n|\n|t:|1776637706\n|move|p1b: It's Britney|Baneful Bunker|p1b: It's Britney\n|-singleturn|p1b: It's Britney|move: Protect\n|move|p2b: Absol|Knock Off|p1b: It's Britney\n|-activate|p1b: It's Britney|move: Protect\n|-status|p2b: Absol|psn\n|move|p2a: Goodra|Body Press|p1b: It's Britney\n|-activate|p1b: It's Britney|move: Protect\n|\n|-heal|p2a: Goodra|74/100 brn|[from] item: Leftovers\n|-heal|p1b: It's Britney|97/100|[from] item: Leftovers\n|-damage|p2b: Absol|27/100 psn|[from] psn\n|-damage|p2a: Goodra|68/100 brn|[from] brn\n|upkeep\n|turn|12\n|\n|t:|1776637723\n|move|p2b: Absol|Sucker Punch|p1b: It's Britney\n|-damage|p1b: It's Britney|84/100\n|move|p2a: Goodra|Body Press|p1b: It's Britney\n|-resisted|p1b: It's Britney|1\n|-damage|p1b: It's Britney|67/100\n|move|p1b: It's Britney|Chilling Water|p2b: Absol\n|-damage|p2b: Absol|5/100 psn\n|-unboost|p2b: Absol|atk|1\n|\n|-heal|p2a: Goodra|74/100 brn|[from] item: Leftovers\n|-heal|p1b: It's Britney|73/100|[from] item: Leftovers\n|-damage|p2b: Absol|0 fnt|[from] psn\n|faint|p2b: Absol\n|-damage|p2a: Goodra|68/100 brn|[from] brn\n|upkeep\n|turn|13\n|\n|t:|1776637743\n|move|p2a: Goodra|Body Press|p1b: It's Britney\n|-resisted|p1b: It's Britney|1\n|-damage|p1b: It's Britney|57/100\n|move|p1b: It's Britney|Recover|p1b: It's Britney\n|-heal|p1b: It's Britney|100/100\n|\n|-heal|p2a: Goodra|74/100 brn|[from] item: Leftovers\n|-damage|p2a: Goodra|68/100 brn|[from] brn\n|upkeep\n|turn|14\n|-message|Masqueicoul forfeited.\n|\n|win|reggie1000\n|raw|reggie1000's rating: 1025 &rarr; <strong>1062</strong><br />(+37 for winning)\n|raw|Masqueicoul's rating: 1036 &rarr; <strong>1020</strong><br />(-16 for losing)\n|l|\u2606Masqueicoul\n|player|p2|\n",
  "uploadtime": 1776637782,
  "views": 15,
  "formatid": "gen9championsvgc2026regma",
  "rating": 1020,
  "private": 0,
  "password": null
}