{
  "id": "gen9championsvgc2026regma-2585863090",
  "format": "[Gen 9 Champions] VGC 2026 Reg M-A",
  "players": [
    "georgrdro02",
    "V10P"
  ],
  "log": "|j|\u2606georgrdro02\n|j|\u2606V10P\n|t:|1776376468\n|gametype|doubles\n|player|p1|georgrdro02|102|1134\n|player|p2|V10P|sabrina|1046\n|gen|9\n|tier|[Gen 9 Champions] VGC 2026 Reg M-A\n|rated|\n|rule|Species Clause: Limit one of each Pok\u00e9mon\n|rule|Item Clause: Limit 1 of each item\n|clearpoke\n|poke|p1|Froslass, L50, F|\n|poke|p1|Incineroar, L50, F|\n|poke|p1|Orthworm, L50, M|\n|poke|p1|Garchomp, L50, F|\n|poke|p1|Basculegion, L50, M|\n|poke|p1|Rotom-Frost, L50|\n|poke|p2|Tyranitar, L50, F|\n|poke|p2|Excadrill, L50, F|\n|poke|p2|Gengar, L50, F|\n|poke|p2|Corviknight, L50, M|\n|poke|p2|Sinistcha, L50|\n|poke|p2|Gyarados, L50, F|\n|teampreview|4\n|inactive|Battle timer is ON: inactive players will automatically lose when time's up. (requested by georgrdro02)\n|\n|t:|1776376493\n|teamsize|p1|4\n|teamsize|p2|4\n|start\n|switch|p1a: Orthworm|Orthworm, L50, M|100/100\n|switch|p1b: Garchomp|Garchomp, L50, F|100/100\n|switch|p2a: Tyranitar|Tyranitar, L50, F, shiny|100/100\n|switch|p2b: Corviknight|Corviknight, L50, M, shiny|100/100\n|-weather|Sandstorm|[from] ability: Sand Stream|[of] p2a: Tyranitar\n|turn|1\n|\n|t:|1776376514\n|move|p1b: Garchomp|Earthquake|p2b: Corviknight|[spread] p2a\n|-immune|p1a: Orthworm|[from] ability: Earth Eater\n|-immune|p2b: Corviknight\n|-supereffective|p2a: Tyranitar|1\n|-damage|p2a: Tyranitar|43/100\n|move|p1a: Orthworm|Iron Defense|p1a: Orthworm\n|-boost|p1a: Orthworm|def|2\n|move|p2b: Corviknight|Tailwind|p2b: Corviknight\n|-sidestart|p2: V10P|move: Tailwind\n|move|p2a: Tyranitar|Low Kick|p1a: Orthworm\n|-supereffective|p1a: Orthworm|1\n|-damage|p1a: Orthworm|69/100\n|\n|-weather|Sandstorm|[upkeep]\n|-heal|p2a: Tyranitar|48/100|[from] item: Leftovers\n|upkeep\n|turn|2\n|inactive|V10P has 30 seconds left.\n|\n|t:|1776376547\n|switch|p2a: Excadrill|Excadrill, L50, F, shiny|100/100\n|move|p2b: Corviknight|Body Press|p1a: Orthworm\n|-supereffective|p1a: Orthworm|1\n|-damage|p1a: Orthworm|52/100\n|move|p1a: Orthworm|Body Press|p2a: Excadrill\n|-supereffective|p2a: Excadrill|1\n|-enditem|p2a: Excadrill|Focus Sash\n|-damage|p2a: Excadrill|1/100\n|move|p1b: Garchomp|Dragon Tail|p2b: Corviknight\n|-resisted|p2b: Corviknight|1\n|-damage|p2b: Corviknight|89/100\n|drag|p2b: Sinistcha|Sinistcha, L50, shiny|100/100\n|-heal|p2a: Excadrill|26/100|[from] ability: Hospitality|[of] p2b: Sinistcha\n|\n|-weather|Sandstorm|[upkeep]\n|-damage|p2b: Sinistcha|94/100|[from] Sandstorm\n|upkeep\n|turn|3\n|\n|t:|1776376569\n|move|p2a: Excadrill|Protect|p2a: Excadrill\n|-singleturn|p2a: Excadrill|Protect\n|move|p2b: Sinistcha|Protect|p2b: Sinistcha\n|-singleturn|p2b: Sinistcha|Protect\n|move|p1b: Garchomp|Earthquake|p2a: Excadrill|[spread] \n|-activate|p2a: Excadrill|move: Protect\n|-activate|p2b: Sinistcha|move: Protect\n|-heal|p1a: Orthworm|76/100|[from] ability: Earth Eater|[of] p1b: Garchomp\n|move|p1a: Orthworm|Heavy Slam|p2b: Sinistcha\n|-activate|p2b: Sinistcha|move: Protect\n|\n|-weather|Sandstorm|[upkeep]\n|-damage|p2b: Sinistcha|88/100|[from] Sandstorm\n|upkeep\n|turn|4\n|\n|t:|1776376589\n|switch|p2a: Corviknight|Corviknight, L50, M, shiny|89/100\n|move|p2b: Sinistcha|Rage Powder|p2b: Sinistcha\n|-singleturn|p2b: Sinistcha|move: Rage Powder\n|move|p1b: Garchomp|Earthquake|p2a: Corviknight|[spread] p2b\n|-heal|p1a: Orthworm|100/100|[from] ability: Earth Eater|[of] p1b: Garchomp\n|-immune|p2a: Corviknight\n|-resisted|p2b: Sinistcha|1\n|-crit|p2b: Sinistcha\n|-damage|p2b: Sinistcha|67/100\n|move|p1a: Orthworm|Heavy Slam|p2b: Sinistcha\n|-damage|p2b: Sinistcha|42/100\n|\n|-weather|Sandstorm|[upkeep]\n|-damage|p2b: Sinistcha|35/100|[from] Sandstorm\n|-sideend|p2: V10P|move: Tailwind\n|upkeep\n|turn|5\n|\n|t:|1776376611\n|move|p1a: Orthworm|Heavy Slam|p2b: Sinistcha\n|-damage|p2b: Sinistcha|10/100\n|move|p2a: Corviknight|Body Press|p1a: Orthworm\n|-supereffective|p1a: Orthworm|1\n|-damage|p1a: Orthworm|83/100\n|move|p2b: Sinistcha|Shadow Ball|p1a: Orthworm\n|-damage|p1a: Orthworm|15/100\n|-unboost|p1a: Orthworm|spd|1\n|-enditem|p1a: Orthworm|Sitrus Berry|[eat]\n|-heal|p1a: Orthworm|40/100|[from] item: Sitrus Berry\n|-heal|p2b: Sinistcha|17/100|[from] item: Shell Bell|[of] p1a: Orthworm\n|move|p1b: Garchomp|Dragon Tail|p2a: Corviknight\n|-resisted|p2a: Corviknight|1\n|-damage|p2a: Corviknight|78/100\n|drag|p2a: Tyranitar|Tyranitar, L50, F, shiny|48/100\n|\n|-weather|none\n|-heal|p2a: Tyranitar|54/100|[from] item: Leftovers\n|upkeep\n|turn|6\n|\n|t:|1776376635\n|move|p1b: Garchomp|Earthquake|p2a: Tyranitar|[spread] p2a,p2b\n|-heal|p1a: Orthworm|64/100|[from] ability: Earth Eater|[of] p1b: Garchomp\n|-supereffective|p2a: Tyranitar|1\n|-resisted|p2b: Sinistcha|1\n|-damage|p2a: Tyranitar|0 fnt\n|-damage|p2b: Sinistcha|4/100\n|faint|p2a: Tyranitar\n|move|p1a: Orthworm|Heavy Slam|p2b: Sinistcha\n|-damage|p2b: Sinistcha|0 fnt\n|faint|p2b: Sinistcha\n|\n|upkeep\n|\n|t:|1776376645\n|switch|p2b: Corviknight|Corviknight, L50, M, shiny|78/100\n|switch|p2a: Excadrill|Excadrill, L50, F, shiny|26/100\n|turn|7\n|-message|V10P forfeited.\n|\n|win|georgrdro02\n|raw|georgrdro02's rating: 1134 &rarr; <strong>1153</strong><br />(+19 for winning)\n|raw|V10P's rating: 1046 &rarr; <strong>1033</strong><br />(-13 for losing)\n|l|\u2606V10P\n|player|p2|\n",
  "uploadtime": 1776376661,
  "views": 19,
  "formatid": "gen9championsvgc2026regma",
  "rating": 1033,
  "private": 0,
  "password": null
}