{
  "id": "gen9championsvgc2026regma-2581512789",
  "format": "[Gen 9 Champions] VGC 2026 Reg M-A",
  "players": [
    "Arcadia Yune",
    "R0SSELL"
  ],
  "log": "|j|\u2606Arcadia Yune\n|j|\u2606R0SSELL\n|t:|1776007166\n|gametype|doubles\n|player|p1|Arcadia Yune|li|1107\n|player|p2|R0SSELL|red|1084\n|gen|9\n|tier|[Gen 9 Champions] VGC 2026 Reg M-A\n|rated|\n|rule|Species Clause: Limit one of each Pok\u00e9mon\n|rule|Item Clause: Limit 1 of each item\n|clearpoke\n|poke|p1|Pelipper, L50, M|\n|poke|p1|Archaludon, L50, M|\n|poke|p1|Dragonite, L50, M|\n|poke|p1|Meganium, L50, M|\n|poke|p1|Basculegion, L50, M|\n|poke|p1|Sneasler, L50, M|\n|poke|p2|Sneasler, L50, F|\n|poke|p2|Charizard, L50, F|\n|poke|p2|Venusaur, L50, F|\n|poke|p2|Incineroar, L50, M|\n|poke|p2|Whimsicott, L50, F|\n|poke|p2|Gengar, L50, F|\n|teampreview|4\n|inactive|Battle timer is ON: inactive players will automatically lose when time's up. (requested by R0SSELL)\n|inactive|Arcadia Yune has 60 seconds left.\n|inactive|R0SSELL has 60 seconds left.\n|inactive|Arcadia Yune has 30 seconds left.\n|inactive|R0SSELL has 30 seconds left.\n|\n|t:|1776007230\n|teamsize|p1|4\n|teamsize|p2|4\n|start\n|switch|p1a: Sneasler|Sneasler, L50, M|100/100\n|switch|p1b: Archaludon|Archaludon, L50, M|100/100\n|switch|p2a: Charizard|Charizard, L50, F|100/100\n|switch|p2b: Sneasler|Sneasler, L50, F, shiny|100/100\n|turn|1\n|inactive|Arcadia Yune has 30 seconds left.\n|inactive|R0SSELL has 30 seconds left.\n|inactive|R0SSELL has 20 seconds left.\n|inactive|R0SSELL has 15 seconds left.\n|\n|t:|1776007273\n|detailschange|p2a: Charizard|Charizard-Mega-Y, L50, F\n|-mega|p2a: Charizard|Charizard|Charizardite Y\n|-weather|SunnyDay|[from] ability: Drought|[of] p2a: Charizard\n|move|p2b: Sneasler|Fake Out|p1a: Sneasler\n|-damage|p1a: Sneasler|77/100\n|cant|p1a: Sneasler|flinch\n|move|p2a: Charizard|Heat Wave|p1b: Archaludon|[spread] p1a,p1b\n|-damage|p1a: Sneasler|0 fnt\n|-damage|p1b: Archaludon|33/100\n|-ability|p1b: Archaludon|Stamina|boost\n|-boost|p1b: Archaludon|def|1\n|faint|p1a: Sneasler\n|move|p1b: Archaludon|Draco Meteor|p2a: Charizard\n|-damage|p2a: Charizard|32/100\n|-unboost|p1b: Archaludon|spa|2\n|\n|-weather|SunnyDay|[upkeep]\n|-heal|p1b: Archaludon|39/100|[from] item: Leftovers\n|upkeep\n|\n|t:|1776007289\n|switch|p1a: Pelipper|Pelipper, L50, M|100/100\n|-weather|RainDance|[from] ability: Drizzle|[of] p1a: Pelipper\n|turn|2\n|inactive|R0SSELL has 30 seconds left.\n|inactive|R0SSELL has 20 seconds left.\n|inactive|R0SSELL has 15 seconds left.\n|\n|t:|1776007332\n|switch|p1b: Dragonite|Dragonite, L50, M|100/100\n|move|p2a: Charizard|Protect|p2a: Charizard\n|-singleturn|p2a: Charizard|Protect\n|move|p2b: Sneasler|Close Combat|p1b: Dragonite\n|-resisted|p1b: Dragonite|1\n|-damage|p1b: Dragonite|68/100\n|-unboost|p2b: Sneasler|def|1\n|-unboost|p2b: Sneasler|spd|1\n|-enditem|p2b: Sneasler|White Herb\n|-clearnegativeboost|p2b: Sneasler|[silent]\n|move|p1a: Pelipper|Hurricane|p2b: Sneasler\n|-supereffective|p2b: Sneasler|1\n|-damage|p2b: Sneasler|0 fnt\n|faint|p2b: Sneasler\n|\n|-weather|RainDance|[upkeep]\n|upkeep\n|\n|t:|1776007337\n|switch|p2b: Gengar|Gengar, L50, F|100/100\n|turn|3\n|inactive|Arcadia Yune has 30 seconds left.\n|\n|t:|1776007367\n|switch|p2a: Venusaur|Venusaur, L50, F|100/100\n|detailschange|p1b: Dragonite|Dragonite-Mega, L50, M\n|-mega|p1b: Dragonite|Dragonite|Dragoninite\n|move|p2b: Gengar|Thunder|p1a: Pelipper\n|-supereffective|p1a: Pelipper|2\n|-enditem|p1a: Pelipper|Focus Sash\n|-damage|p1a: Pelipper|1/100\n|move|p1b: Dragonite|Hurricane|p2a: Venusaur\n|-supereffective|p2a: Venusaur|1\n|-damage|p2a: Venusaur|0 fnt\n|faint|p2a: Venusaur\n|move|p1a: Pelipper|Tailwind|p1a: Pelipper\n|-sidestart|p1: Arcadia Yune|move: Tailwind\n|\n|-weather|RainDance|[upkeep]\n|upkeep\n|\n|t:|1776007376\n|switch|p2a: Charizard|Charizard-Mega-Y, L50, F|32/100\n|-weather|SunnyDay|[from] ability: Drought|[of] p2a: Charizard\n|turn|4\n|inactive|R0SSELL has 30 seconds left.\n|inactive|R0SSELL has 20 seconds left.\n|inactive|R0SSELL has 15 seconds left.\n|inactive|R0SSELL has 10 seconds left.\n|\n|t:|1776007425\n|switch|p1a: Archaludon|Archaludon, L50, M|39/100\n|move|p2a: Charizard|Protect|p2a: Charizard\n|-singleturn|p2a: Charizard|Protect\n|move|p1b: Dragonite|Draco Meteor|p2a: Charizard\n|-activate|p2a: Charizard|move: Protect\n|move|p2b: Gengar|Sludge Bomb|p1b: Dragonite\n|-damage|p1b: Dragonite|24/100\n|-status|p1b: Dragonite|psn\n|\n|-weather|SunnyDay|[upkeep]\n|-heal|p1a: Archaludon|45/100|[from] item: Leftovers\n|-damage|p1b: Dragonite|12/100 psn|[from] psn\n|upkeep\n|turn|5\n|inactive|R0SSELL has 30 seconds left.\n|inactive|R0SSELL has 20 seconds left.\n|inactive|R0SSELL has 15 seconds left.\n|inactive|R0SSELL has 10 seconds left.\n|\n|t:|1776007471\n|switch|p1a: Pelipper|Pelipper, L50, M|1/100\n|-weather|RainDance|[from] ability: Drizzle|[of] p1a: Pelipper\n|move|p2a: Charizard|Protect||[still]\n|-fail|p2a: Charizard\n|move|p1b: Dragonite|Draco Meteor|p2a: Charizard\n|-damage|p2a: Charizard|0 fnt\n|-unboost|p1b: Dragonite|spa|2\n|faint|p2a: Charizard\n|move|p2b: Gengar|Thunder|p1a: Pelipper\n|-supereffective|p1a: Pelipper|2\n|-damage|p1a: Pelipper|0 fnt\n|faint|p1a: Pelipper\n|\n|-weather|RainDance|[upkeep]\n|-damage|p1b: Dragonite|0 fnt|[from] psn\n|faint|p1b: Dragonite\n|upkeep\n|\n|t:|1776007491\n|switch|p1a: Archaludon|Archaludon, L50, M|45/100\n|turn|6\n|\n|t:|1776007504\n|move|p1a: Archaludon|Protect|p1a: Archaludon\n|-singleturn|p1a: Archaludon|Protect\n|move|p2b: Gengar|Thunder|p1a: Archaludon\n|-activate|p1a: Archaludon|move: Protect\n|\n|-weather|RainDance|[upkeep]\n|-heal|p1a: Archaludon|51/100|[from] item: Leftovers\n|-sideend|p1: Arcadia Yune|move: Tailwind\n|upkeep\n|turn|7\n|\n|t:|1776007529\n|move|p2b: Gengar|Thunder|p1a: Archaludon\n|-resisted|p1a: Archaludon|1\n|-damage|p1a: Archaludon|29/100\n|-ability|p1a: Archaludon|Stamina|boost\n|-boost|p1a: Archaludon|def|1\n|move|p1a: Archaludon|Electro Shot||[still]\n|-prepare|p1a: Archaludon|Electro Shot\n|-boost|p1a: Archaludon|spa|1\n|-anim|p1a: Archaludon|Electro Shot|p2b: Gengar\n|-damage|p2b: Gengar|0 fnt\n|faint|p2b: Gengar\n|\n|win|Arcadia Yune\n|raw|Arcadia Yune's rating: 1107 &rarr; <strong>1130</strong><br />(+23 for winning)\n|raw|R0SSELL's rating: 1084 &rarr; <strong>1063</strong><br />(-21 for losing)\n|l|\u2606Arcadia Yune\n|player|p1|\n",
  "uploadtime": 1776007554,
  "views": 15,
  "formatid": "gen9championsvgc2026regma",
  "rating": 1063,
  "private": 0,
  "password": null
}