{
  "id": "gen9championsvgc2026regma-2588211201",
  "format": "[Gen 9 Champions] VGC 2026 Reg M-A",
  "players": [
    "yyssummer",
    "Grey Cadillac"
  ],
  "log": "|j|\u2606yyssummer\n|j|\u2606Grey Cadillac\n|t:|1776614767\n|gametype|doubles\n|player|p1|yyssummer|169|1359\n|player|p2|Grey Cadillac|gardenia-masters|1447\n|gen|9\n|tier|[Gen 9 Champions] VGC 2026 Reg M-A\n|rated|\n|rule|Species Clause: Limit one of each Pok\u00e9mon\n|rule|Item Clause: Limit 1 of each item\n|clearpoke\n|poke|p1|Aerodactyl, L50, M, shiny|\n|poke|p1|Farigiraf, L50, M, shiny|\n|poke|p1|Sneasler, L50, M|\n|poke|p1|Meowscarada, L50, M|\n|poke|p1|Primarina, L50, F, shiny|\n|poke|p1|Camerupt, L50, M, shiny|\n|poke|p2|Garchomp, L50, M|\n|poke|p2|Aerodactyl, L50, F|\n|poke|p2|Sinistcha, L50|\n|poke|p2|Blastoise, L50, F, shiny|\n|poke|p2|Sneasler, L50, M|\n|poke|p2|Sylveon, L50, F, shiny|\n|teampreview|4\n|\n|t:|1776614809\n|teamsize|p1|4\n|teamsize|p2|4\n|start\n|switch|p1a: Meowscarada|Meowscarada, L50, M|100/100\n|switch|p1b: Sneasler|Sneasler, L50, M|100/100\n|switch|p2a: Sinistcha|Sinistcha, L50|100/100\n|switch|p2b: Blastoise|Blastoise, L50, F, shiny|100/100\n|turn|1\n|\n|t:|1776614850\n|detailschange|p2b: Blastoise|Blastoise-Mega, L50, F, shiny\n|-mega|p2b: Blastoise|Blastoise|Blastoisinite\n|move|p2b: Blastoise|Protect|p2b: Blastoise\n|-singleturn|p2b: Blastoise|Protect\n|move|p1a: Meowscarada|Knock Off|p2a: Sinistcha\n|-start|p1a: Meowscarada|typechange|Dark|[from] ability: Protean\n|-supereffective|p2a: Sinistcha|1\n|-damage|p2a: Sinistcha|15/100\n|-enditem|p2a: Sinistcha|Sitrus Berry|[from] move: Knock Off|[of] p1a: Meowscarada\n|move|p1b: Sneasler|Dire Claw|p2a: Sinistcha\n|-damage|p2a: Sinistcha|0 fnt\n|faint|p2a: Sinistcha\n|\n|upkeep\n|\n|t:|1776614884\n|switch|p2a: Sneasler|Sneasler, L50, M|100/100\n|turn|2\n|\n|t:|1776614916\n|switch|p1a: Farigiraf|Farigiraf, L50, M, shiny|100/100\n|move|p1b: Sneasler|Fake Out||[still]\n|-hint|Fake Out only works on your first turn out.\n|-fail|p1b: Sneasler\n|move|p2a: Sneasler|Fake Out||[still]\n|cant|p1a: Farigiraf|ability: Armor Tail|Fake Out|[of] p2a: Sneasler\n|move|p2b: Blastoise|Shell Smash|p2b: Blastoise\n|-unboost|p2b: Blastoise|def|1\n|-unboost|p2b: Blastoise|spd|1\n|-boost|p2b: Blastoise|atk|2\n|-boost|p2b: Blastoise|spa|2\n|-boost|p2b: Blastoise|spe|2\n|\n|upkeep\n|turn|3\n|\n|t:|1776614957\n|switch|p1b: Camerupt|Camerupt, L50, M, shiny|100/100\n|move|p2b: Blastoise|Water Spout|p1b: Camerupt|[spread] p1a,p1b\n|-supereffective|p1b: Camerupt|2\n|-damage|p1a: Farigiraf|0 fnt\n|-damage|p1b: Camerupt|0 fnt\n|faint|p1a: Farigiraf\n|faint|p1b: Camerupt\n|move|p2a: Sneasler|Dire Claw|p1: Farigiraf|[notarget]\n|-fail|p2a: Sneasler\n|\n|upkeep\n|\n|t:|1776614969\n|switch|p1a: Meowscarada|Meowscarada, L50, M|100/100\n|switch|p1b: Sneasler|Sneasler, L50, M|100/100\n|turn|4\n|\n|t:|1776615010\n|move|p2b: Blastoise|Protect|p2b: Blastoise\n|-singleturn|p2b: Blastoise|Protect\n|move|p1b: Sneasler|Fake Out|p2a: Sneasler\n|-damage|p2a: Sneasler|86/100\n|move|p1a: Meowscarada|Flower Trick|p2b: Blastoise\n|-start|p1a: Meowscarada|typechange|Grass|[from] ability: Protean\n|-activate|p2b: Blastoise|move: Protect\n|cant|p2a: Sneasler|flinch\n|\n|upkeep\n|turn|5\n|\n|t:|1776615054\n|move|p1a: Meowscarada|Flower Trick|p2b: Blastoise\n|-supereffective|p2b: Blastoise|1\n|-crit|p2b: Blastoise\n|-damage|p2b: Blastoise|0 fnt\n|faint|p2b: Blastoise\n|move|p1b: Sneasler|Dire Claw|p2a: Sneasler\n|-resisted|p2a: Sneasler|1\n|-damage|p2a: Sneasler|63/100\n|move|p2a: Sneasler|Dire Claw|p1a: Meowscarada\n|-supereffective|p1a: Meowscarada|1\n|-damage|p1a: Meowscarada|0 fnt\n|faint|p1a: Meowscarada\n|\n|upkeep\n|\n|t:|1776615067\n|switch|p2b: Garchomp|Garchomp, L50, M|100/100\n|turn|6\n|-message|yyssummer forfeited.\n|\n|win|Grey Cadillac\n|raw|yyssummer's rating: 1359 &rarr; <strong>1344</strong><br />(-15 for losing)\n|raw|Grey Cadillac's rating: 1447 &rarr; <strong>1462</strong><br />(+15 for winning)\n",
  "uploadtime": 1776615079,
  "views": 11,
  "formatid": "gen9championsvgc2026regma",
  "rating": 1344,
  "private": 0,
  "password": null
}