{
  "id": "gen9championsvgc2026regma-2585543369",
  "format": "[Gen 9 Champions] VGC 2026 Reg M-A",
  "players": [
    "5wamp",
    "willumpaloompa"
  ],
  "log": "|j|\u26065wamp\n|j|\u2606willumpaloompa\n|t:|1776354481\n|gametype|doubles\n|player|p1|5wamp|carmine-festival|1230\n|player|p2|willumpaloompa|170|1328\n|gen|9\n|tier|[Gen 9 Champions] VGC 2026 Reg M-A\n|rated|\n|rule|Species Clause: Limit one of each Pok\u00e9mon\n|rule|Item Clause: Limit 1 of each item\n|clearpoke\n|poke|p1|Floette-Eternal, L50, F|\n|poke|p1|Sneasler, L50, F|\n|poke|p1|Aerodactyl, L50, F|\n|poke|p1|Delphox, L50, F|\n|poke|p1|Garchomp, L50, M|\n|poke|p1|Kingambit, L50, M|\n|poke|p2|Politoed, L50, M|\n|poke|p2|Basculegion, L50, M|\n|poke|p2|Archaludon, L50, F|\n|poke|p2|Meganium, L50, F|\n|poke|p2|Manectric, L50, M|\n|poke|p2|Sneasler, L50, M|\n|teampreview|4\n|inactive|Battle timer is ON: inactive players will automatically lose when time's up. (requested by 5wamp)\n|inactive|willumpaloompa has 60 seconds left.\n|inactive|5wamp has 60 seconds left.\n|\n|t:|1776354520\n|teamsize|p1|4\n|teamsize|p2|4\n|start\n|switch|p1a: Floette|Floette-Eternal, L50, F|100/100\n|switch|p1b: Garchomp|Garchomp, L50, M|100/100\n|switch|p2a: Politoed|Politoed, L50, M|100/100\n|switch|p2b: Sneasler|Sneasler, L50, M|100/100\n|-weather|RainDance|[from] ability: Drizzle|[of] p2a: Politoed\n|turn|1\n|\n|t:|1776354537\n|move|p1b: Garchomp|Protect|p1b: Garchomp\n|-singleturn|p1b: Garchomp|Protect\n|move|p2b: Sneasler|Fake Out|p1a: Floette\n|-damage|p1a: Floette|77/100\n|cant|p1a: Floette|flinch\n|move|p2a: Politoed|Ice Beam|p1b: Garchomp\n|-activate|p1b: Garchomp|move: Protect\n|\n|-weather|RainDance|[upkeep]\n|upkeep\n|turn|2\n|inactive|willumpaloompa has 30 seconds left.\n|\n|t:|1776354564\n|move|p2b: Sneasler|Protect|p2b: Sneasler\n|-singleturn|p2b: Sneasler|Protect\n|move|p1a: Floette|Psychic|p2b: Sneasler\n|-activate|p2b: Sneasler|move: Protect\n|move|p1b: Garchomp|Stomping Tantrum|p2a: Politoed\n|-damage|p2a: Politoed|67/100\n|move|p2a: Politoed|Ice Beam|p1b: Garchomp\n|-supereffective|p1b: Garchomp|2\n|-damage|p1b: Garchomp|10/100\n|\n|-weather|RainDance|[upkeep]\n|-heal|p2a: Politoed|73/100|[from] item: Leftovers\n|upkeep\n|turn|3\n|inactive|willumpaloompa has 30 seconds left.\n|\n|t:|1776354593\n|switch|p1a: Sneasler|Sneasler, L50, F|100/100\n|switch|p2a: Basculegion|Basculegion, L50, M|100/100\n|move|p2b: Sneasler|Dire Claw|p1a: Sneasler\n|-resisted|p1a: Sneasler|1\n|-damage|p1a: Sneasler|59/100\n|-status|p1a: Sneasler|par\n|move|p1b: Garchomp|Stomping Tantrum|p2b: Sneasler\n|-supereffective|p2b: Sneasler|1\n|-enditem|p2b: Sneasler|Focus Sash\n|-damage|p2b: Sneasler|1/100\n|\n|-weather|RainDance|[upkeep]\n|upkeep\n|turn|4\n|\n|t:|1776354614\n|move|p2b: Sneasler|Protect|p2b: Sneasler\n|-singleturn|p2b: Sneasler|Protect\n|cant|p1a: Sneasler|par\n|move|p2a: Basculegion|Wave Crash|p1a: Sneasler\n|-damage|p1a: Sneasler|0 fnt\n|faint|p1a: Sneasler\n|-damage|p2a: Basculegion|85/100|[from] Recoil\n|-heal|p2a: Basculegion|91/100|[from] item: Shell Bell|[of] p1: Sneasler\n|move|p1b: Garchomp|Earthquake|p2a: Basculegion|[spread] p2a\n|-activate|p2b: Sneasler|move: Protect\n|-damage|p2a: Basculegion|45/100\n|\n|-weather|RainDance|[upkeep]\n|upkeep\n|\n|t:|1776354622\n|switch|p1a: Kingambit|Kingambit, L50, M|100/100\n|turn|5\n|\n|t:|1776354633\n|move|p2a: Basculegion|Aqua Jet|p1b: Garchomp\n|-damage|p1b: Garchomp|0 fnt\n|-damage|p2a: Basculegion|32/100|[from] ability: Rough Skin|[of] p1b: Garchomp\n|faint|p1b: Garchomp\n|-heal|p2a: Basculegion|33/100|[from] item: Shell Bell|[of] p1: Garchomp\n|move|p1a: Kingambit|Sucker Punch||[still]\n|-fail|p1a: Kingambit\n|move|p2b: Sneasler|Close Combat|p1a: Kingambit\n|-supereffective|p1a: Kingambit|2\n|-enditem|p1a: Kingambit|Chople Berry|[eat]\n|-enditem|p1a: Kingambit|Chople Berry|[weaken]\n|-damage|p1a: Kingambit|7/100\n|-unboost|p2b: Sneasler|def|1\n|-unboost|p2b: Sneasler|spd|1\n|-immune|p1a: Kingambit\n|\n|-weather|none\n|upkeep\n|\n|t:|1776354637\n|switch|p1b: Floette|Floette-Eternal, L50, F|77/100\n|turn|6\n|\n|t:|1776354652\n|move|p2a: Basculegion|Protect|p2a: Basculegion\n|-singleturn|p2a: Basculegion|Protect\n|move|p1a: Kingambit|Protect|p1a: Kingambit\n|-singleturn|p1a: Kingambit|Protect\n|move|p1b: Floette|Dazzling Gleam|p2a: Basculegion|[spread] p2b\n|-activate|p2a: Basculegion|move: Protect\n|-damage|p2b: Sneasler|0 fnt\n|faint|p2b: Sneasler\n|\n|upkeep\n|\n|t:|1776354669\n|switch|p2b: Politoed|Politoed, L50, M|73/100\n|-weather|RainDance|[from] ability: Drizzle|[of] p2b: Politoed\n|turn|7\n|inactive|5wamp has 30 seconds left.\n|\n|t:|1776354702\n|move|p1a: Kingambit|Protect||[still]\n|-fail|p1a: Kingambit\n|move|p2a: Basculegion|Aqua Jet|p1a: Kingambit\n|-damage|p1a: Kingambit|0 fnt\n|faint|p1a: Kingambit\n|-heal|p2a: Basculegion|34/100|[from] item: Shell Bell|[of] p1: Kingambit\n|move|p1b: Floette|Dazzling Gleam|p2a: Basculegion|[spread] p2a,p2b\n|-damage|p2a: Basculegion|0 fnt\n|-damage|p2b: Politoed|47/100\n|faint|p2a: Basculegion\n|move|p2b: Politoed|Weather Ball|p1b: Floette\n|-damage|p1b: Floette|34/100\n|\n|-weather|RainDance|[upkeep]\n|-heal|p2b: Politoed|53/100|[from] item: Leftovers\n|upkeep\n|\n|t:|1776354716\n|switch|p2a: Manectric|Manectric, L50, M|100/100\n|turn|8\n|\n|t:|1776354734\n|detailschange|p2a: Manectric|Manectric-Mega, L50, M\n|-mega|p2a: Manectric|Manectric|Manectite\n|-ability|p2a: Manectric|Intimidate|boost\n|-unboost|p1b: Floette|atk|1\n|move|p1b: Floette|Dazzling Gleam|p2a: Manectric|[spread] p2a,p2b\n|-damage|p2a: Manectric|56/100\n|-damage|p2b: Politoed|24/100\n|move|p2a: Manectric|Thunder|p1b: Floette\n|-damage|p1b: Floette|0 fnt\n|faint|p1b: Floette\n|\n|win|willumpaloompa\n|raw|5wamp's rating: 1230 &rarr; <strong>1212</strong><br />(-18 for losing)\n|raw|willumpaloompa's rating: 1328 &rarr; <strong>1343</strong><br />(+15 for winning)\n",
  "uploadtime": 1776354734,
  "views": 36,
  "formatid": "gen9championsvgc2026regma",
  "rating": 1212,
  "private": 0,
  "password": null
}