{
  "id": "gen9championsvgc2026regma-2588439601",
  "format": "[Gen 9 Champions] VGC 2026 Reg M-A",
  "players": [
    "OrangeSawMan",
    "luchiid"
  ],
  "log": "|j|\u2606OrangeSawMan\n|j|\u2606luchiid\n|t:|1776633665\n|gametype|doubles\n|player|p1|OrangeSawMan|265|1115\n|player|p2|luchiid|169|1212\n|gen|9\n|tier|[Gen 9 Champions] VGC 2026 Reg M-A\n|rated|\n|rule|Species Clause: Limit one of each Pok\u00e9mon\n|rule|Item Clause: Limit 1 of each item\n|clearpoke\n|poke|p1|Meganium, L50, F|\n|poke|p1|Basculegion, L50, M|\n|poke|p1|Raichu, L50, M|\n|poke|p1|Politoed, L50, F|\n|poke|p1|Archaludon, L50, M|\n|poke|p1|Talonflame, L50, M|\n|poke|p2|Steelix, L50, F|\n|poke|p2|Orthworm, L50, M|\n|poke|p2|Slowking, L50, M|\n|poke|p2|Sinistcha-Masterpiece, L50|\n|poke|p2|Torkoal, L50, M|\n|poke|p2|Crabominable, L50, M|\n|teampreview|4\n|inactive|Battle timer is ON: inactive players will automatically lose when time's up. (requested by OrangeSawMan)\n|\n|t:|1776633741\n|teamsize|p1|4\n|teamsize|p2|4\n|start\n|switch|p1a: Raichu|Raichu, L50, M|100/100\n|switch|p1b: Politoed|Politoed, L50, F|100/100\n|switch|p2a: Sinistcha|Sinistcha-Masterpiece, L50|100/100\n|switch|p2b: Orthworm|Orthworm, L50, M|100/100\n|-weather|RainDance|[from] ability: Drizzle|[of] p1b: Politoed\n|turn|1\n|inactive|luchiid has 30 seconds left.\n|\n|t:|1776633775\n|move|p1a: Raichu|Thunder|p2b: Orthworm\n|-crit|p2b: Orthworm\n|-damage|p2b: Orthworm|19/100\n|-enditem|p2b: Orthworm|Sitrus Berry|[eat]\n|-heal|p2b: Orthworm|44/100|[from] item: Sitrus Berry\n|move|p1b: Politoed|Ice Beam|p2a: Sinistcha\n|-supereffective|p2a: Sinistcha|1\n|-damage|p2a: Sinistcha|63/100\n|move|p2b: Orthworm|Shed Tail|p2b: Orthworm\n|-fail|p2b: Orthworm|move: Shed Tail|[weak]\n|move|p2a: Sinistcha|Trick Room|p2a: Sinistcha\n|-fieldstart|move: Trick Room|[of] p2a: Sinistcha\n|\n|-weather|RainDance|[upkeep]\n|-heal|p2a: Sinistcha|70/100|[from] item: Leftovers\n|upkeep\n|turn|2\n|inactive|OrangeSawMan has 30 seconds left.\n|\n|t:|1776633804\n|move|p2b: Orthworm|Sandstorm|p2b: Orthworm\n|-weather|Sandstorm\n|move|p2a: Sinistcha|Life Dew|p2a: Sinistcha|[spread] p2a,p2b\n|-heal|p2a: Sinistcha|95/100\n|-heal|p2b: Orthworm|69/100\n|move|p1b: Politoed|Ice Beam|p2a: Sinistcha\n|-supereffective|p2a: Sinistcha|1\n|-damage|p2a: Sinistcha|58/100\n|move|p1a: Raichu|Volt Switch|p2a: Sinistcha\n|-resisted|p2a: Sinistcha|1\n|-damage|p2a: Sinistcha|43/100\n|\n|t:|1776633816\n|switch|p1a: Meganium|Meganium, L50, F|100/100|[from] Volt Switch\n|\n|-weather|Sandstorm|[upkeep]\n|-damage|p2a: Sinistcha|36/100|[from] Sandstorm\n|-damage|p1b: Politoed|94/100|[from] Sandstorm\n|-damage|p1a: Meganium|95/100|[from] Sandstorm\n|-heal|p2a: Sinistcha|43/100|[from] item: Leftovers\n|upkeep\n|turn|3\n|\n|t:|1776633832\n|switch|p1b: Raichu|Raichu, L50, M|100/100\n|detailschange|p1a: Meganium|Meganium-Mega, L50, F\n|-mega|p1a: Meganium|Meganium|Meganiumite\n|move|p2b: Orthworm|Shed Tail|p2b: Orthworm\n|-start|p2b: Orthworm|Substitute|[from] move: Shed Tail\n|-damage|p2b: Orthworm|19/100\n|\n|t:|1776633839\n|switch|p2b: Torkoal|Torkoal, L50, M|100/100|[from] Shed Tail\n|-weather|SunnyDay|[from] ability: Drought|[of] p2b: Torkoal\n|move|p2a: Sinistcha|Life Dew||[still]|[spread] p2a,p2b\n|-heal|p2a: Sinistcha|68/100\n|-fail|p2b: Torkoal|heal\n|move|p1a: Meganium|Weather Ball|p2b: Torkoal\n|-resisted|p2b: Torkoal|1\n|-end|p2b: Torkoal|Substitute\n|\n|-weather|SunnyDay|[upkeep]\n|-heal|p2a: Sinistcha|74/100|[from] item: Leftovers\n|upkeep\n|turn|4\n|\n|t:|1776633860\n|switch|p1a: Politoed|Politoed, L50, F|94/100\n|-weather|RainDance|[from] ability: Drizzle|[of] p1a: Politoed\n|move|p1b: Raichu|Fake Out|p2b: Torkoal\n|-damage|p2b: Torkoal|94/100\n|cant|p2b: Torkoal|flinch\n|move|p2a: Sinistcha|Matcha Gotcha|p1a: Politoed|[spread] p1a,p1b\n|-supereffective|p1a: Politoed|1\n|-damage|p1a: Politoed|50/100\n|-heal|p2a: Sinistcha|95/100|[from] drain|[of] p1a: Politoed\n|-damage|p1b: Raichu|58/100\n|-heal|p2a: Sinistcha|100/100|[from] drain|[of] p1b: Raichu\n|-status|p1b: Raichu|brn\n|\n|-weather|RainDance|[upkeep]\n|-damage|p1b: Raichu|52/100 brn|[from] brn\n|upkeep\n|turn|5\n|inactive|luchiid has 30 seconds left.\n|\n|t:|1776633892\n|move|p2b: Torkoal|Protect|p2b: Torkoal\n|-singleturn|p2b: Torkoal|Protect\n|move|p2a: Sinistcha|Matcha Gotcha|p1b: Raichu|[spread] p1a,p1b\n|-supereffective|p1a: Politoed|1\n|-damage|p1a: Politoed|2/100\n|-damage|p1b: Raichu|7/100 brn\n|move|p1a: Politoed|Ice Beam|p2a: Sinistcha\n|-supereffective|p2a: Sinistcha|1\n|-damage|p2a: Sinistcha|60/100\n|move|p1b: Raichu|Thunder|p2a: Sinistcha\n|-resisted|p2a: Sinistcha|1\n|-damage|p2a: Sinistcha|33/100\n|\n|-weather|RainDance|[upkeep]\n|-heal|p2a: Sinistcha|39/100|[from] item: Leftovers\n|-damage|p1b: Raichu|1/100 brn|[from] brn\n|-fieldend|move: Trick Room\n|upkeep\n|turn|6\n|inactive|OrangeSawMan has 30 seconds left.\n|inactive|luchiid has 30 seconds left.\n|inactive|luchiid has 20 seconds left.\n|\n|t:|1776633931\n|switch|p2a: Orthworm|Orthworm, L50, M|19/100\n|move|p1b: Raichu|Thunder|p2a: Orthworm\n|-damage|p2a: Orthworm|0 fnt\n|faint|p2a: Orthworm\n|move|p1a: Politoed|Ice Beam|p2b: Torkoal\n|-resisted|p2b: Torkoal|1\n|-damage|p2b: Torkoal|85/100\n|move|p2b: Torkoal|Eruption|p1a: Politoed|[spread] p1a,p1b\n|-resisted|p1a: Politoed|1\n|-damage|p1a: Politoed|0 fnt\n|-damage|p1b: Raichu|0 fnt\n|faint|p1a: Politoed\n|faint|p1b: Raichu\n|\n|-weather|RainDance|[upkeep]\n|upkeep\n|\n|t:|1776633953\n|switch|p1b: Basculegion|Basculegion, L50, M|100/100\n|switch|p1a: Meganium|Meganium-Mega, L50, F|95/100\n|switch|p2a: Crabominable|Crabominable, L50, M|100/100\n|turn|7\n|\n|t:|1776633966\n|switch|p2b: Sinistcha|Sinistcha-Masterpiece, L50|39/100\n|move|p2a: Crabominable|Protect|p2a: Crabominable\n|-singleturn|p2a: Crabominable|Protect\n|move|p1b: Basculegion|Last Respects|p2a: Crabominable\n|-activate|p2a: Crabominable|move: Protect\n|move|p1a: Meganium|Weather Ball|p2a: Crabominable\n|-activate|p2a: Crabominable|move: Protect\n|\n|-weather|RainDance|[upkeep]\n|-heal|p2b: Sinistcha|45/100|[from] item: Leftovers\n|upkeep\n|turn|8\n|\n|t:|1776633987\n|switch|p2a: Torkoal|Torkoal, L50, M|85/100\n|-weather|SunnyDay|[from] ability: Drought|[of] p2a: Torkoal\n|move|p1b: Basculegion|Last Respects|p2a: Torkoal\n|-damage|p2a: Torkoal|29/100\n|move|p1a: Meganium|Weather Ball|p2a: Torkoal\n|-resisted|p2a: Torkoal|1\n|-damage|p2a: Torkoal|3/100\n|move|p2b: Sinistcha|Trick Room|p2b: Sinistcha\n|-fieldstart|move: Trick Room|[of] p2b: Sinistcha\n|\n|-weather|SunnyDay|[upkeep]\n|-heal|p2b: Sinistcha|52/100|[from] item: Leftovers\n|upkeep\n|turn|9\n|inactive|OrangeSawMan has 30 seconds left.\n|inactive|luchiid has 30 seconds left.\n|\n|t:|1776634015\n|move|p1a: Meganium|Protect|p1a: Meganium\n|-singleturn|p1a: Meganium|Protect\n|move|p2a: Torkoal|Solar Beam||[still]\n|-prepare|p2a: Torkoal|Solar Beam\n|-anim|p2a: Torkoal|Solar Beam|p1b: Basculegion\n|-supereffective|p1b: Basculegion|1\n|-damage|p1b: Basculegion|42/100\n|move|p2b: Sinistcha|Matcha Gotcha|p1b: Basculegion|[spread] p1b\n|-activate|p1a: Meganium|move: Protect\n|-supereffective|p1b: Basculegion|1\n|-damage|p1b: Basculegion|0 fnt\n|-heal|p2b: Sinistcha|75/100|[from] drain|[of] p1b: Basculegion\n|faint|p1b: Basculegion\n|\n|-weather|SunnyDay|[upkeep]\n|-heal|p2b: Sinistcha|81/100|[from] item: Leftovers\n|upkeep\n|turn|10\n|\n|t:|1776634034\n|move|p2a: Torkoal|Heat Wave|p1a: Meganium\n|-supereffective|p1a: Meganium|1\n|-damage|p1a: Meganium|4/100\n|move|p2b: Sinistcha|Life Dew|p2b: Sinistcha|[spread] p2a,p2b\n|-heal|p2a: Torkoal|28/100\n|-heal|p2b: Sinistcha|100/100\n|move|p1a: Meganium|Solar Beam||[still]\n|-prepare|p1a: Meganium|Solar Beam\n|-anim|p1a: Meganium|Solar Beam|p2a: Torkoal\n|-resisted|p2a: Torkoal|1\n|-damage|p2a: Torkoal|0 fnt\n|faint|p2a: Torkoal\n|\n|-weather|SunnyDay|[upkeep]\n|upkeep\n|-message|OrangeSawMan forfeited.\n|\n|win|luchiid\n|raw|OrangeSawMan's rating: 1115 &rarr; <strong>1097</strong><br />(-18 for losing)\n|raw|luchiid's rating: 1212 &rarr; <strong>1230</strong><br />(+18 for winning)\n|l|\u2606OrangeSawMan\n|player|p1|\n",
  "uploadtime": 1776634066,
  "views": 14,
  "formatid": "gen9championsvgc2026regma",
  "rating": 1097,
  "private": 0,
  "password": null
}