{
  "id": "gen9championsvgc2026regma-2585825393",
  "format": "[Gen 9 Champions] VGC 2026 Reg M-A",
  "players": [
    "loklastaji",
    "Rhydonculous"
  ],
  "log": "|j|\u2606loklastaji\n|j|\u2606Rhydonculous\n|t:|1776373449\n|gametype|doubles\n|player|p1|loklastaji|265|1133\n|player|p2|Rhydonculous|101|1040\n|gen|9\n|tier|[Gen 9 Champions] VGC 2026 Reg M-A\n|rated|\n|rule|Species Clause: Limit one of each Pok\u00e9mon\n|rule|Item Clause: Limit 1 of each item\n|clearpoke\n|poke|p1|Samurott-Hisui, L50, F|\n|poke|p1|Delphox, L50, F|\n|poke|p1|Tinkaton, L50, F|\n|poke|p1|Decidueye-Hisui, L50, M|\n|poke|p1|Dragonite, L50, M|\n|poke|p1|Farigiraf, L50, M|\n|poke|p2|Greninja-*, L50, F|\n|poke|p2|Sableye, L50, F|\n|poke|p2|Ninetales-Alola, L50, M|\n|poke|p2|Venusaur, L50, F|\n|poke|p2|Garchomp, L50, F|\n|poke|p2|Klefki, L50, F|\n|teampreview|4\n|\n|t:|1776373481\n|teamsize|p1|4\n|teamsize|p2|4\n|start\n|switch|p1a: Decidueye|Decidueye-Hisui, L50, M|100/100\n|switch|p1b: Tinkaton|Tinkaton, L50, F|100/100\n|switch|p2a: Garchomp|Garchomp, L50, F|100/100\n|switch|p2b: Klefki|Klefki, L50, F|100/100\n|turn|1\n|\n|t:|1776373529\n|move|p1b: Tinkaton|Fake Out|p2a: Garchomp\n|-damage|p2a: Garchomp|90/100\n|move|p2b: Klefki|Sandstorm|p2b: Klefki\n|-weather|Sandstorm\n|move|p1a: Decidueye|Leaf Blade|p2a: Garchomp\n|-damage|p2a: Garchomp|50/100\n|cant|p2a: Garchomp|flinch\n|\n|-weather|Sandstorm|[upkeep]\n|-damage|p1a: Decidueye|94/100|[from] Sandstorm\n|upkeep\n|turn|2\n|\n|t:|1776373561\n|move|p2a: Garchomp|Protect|p2a: Garchomp\n|-singleturn|p2a: Garchomp|Protect\n|move|p2b: Klefki|Thunder Wave|p1b: Tinkaton\n|-status|p1b: Tinkaton|par\n|move|p1a: Decidueye|Leaf Blade|p2a: Garchomp\n|-activate|p2a: Garchomp|move: Protect\n|move|p1b: Tinkaton|Play Rough|p2a: Garchomp\n|-activate|p2a: Garchomp|move: Protect\n|\n|-weather|Sandstorm|[upkeep]\n|-damage|p1a: Decidueye|88/100|[from] Sandstorm\n|upkeep\n|turn|3\n|\n|t:|1776373584\n|move|p1b: Tinkaton|Protect|p1b: Tinkaton\n|-singleturn|p1b: Tinkaton|Protect\n|move|p2b: Klefki|Reflect|p2b: Klefki\n|-sidestart|p2: Rhydonculous|Reflect\n|move|p1a: Decidueye|Leaf Blade|p2a: Garchomp\n|-damage|p2a: Garchomp|21/100\n|move|p2a: Garchomp|Earthquake|p1a: Decidueye|[spread] p2b,p1a\n|-activate|p1b: Tinkaton|move: Protect\n|-supereffective|p2b: Klefki|1\n|-resisted|p1a: Decidueye|1\n|-damage|p2b: Klefki|44/100\n|-damage|p1a: Decidueye|64/100\n|\n|-weather|Sandstorm|[upkeep]\n|-damage|p1a: Decidueye|58/100|[from] Sandstorm\n|-heal|p2b: Klefki|50/100|[from] item: Leftovers\n|upkeep\n|turn|4\n|\n|t:|1776373616\n|switch|p1b: Samurott|Samurott-Hisui, L50, F|100/100\n|move|p2b: Klefki|Thunder Wave|p1a: Decidueye\n|-status|p1a: Decidueye|par\n|move|p2a: Garchomp|Earthquake|p1b: Samurott|[spread] p2b,p1a,p1b\n|-supereffective|p2b: Klefki|1\n|-resisted|p1a: Decidueye|1\n|-damage|p2b: Klefki|0 fnt\n|-damage|p1a: Decidueye|32/100 par\n|-damage|p1b: Samurott|53/100\n|faint|p2b: Klefki\n|move|p1a: Decidueye|Leaf Blade|p2a: Garchomp\n|-damage|p2a: Garchomp|0 fnt\n|faint|p2a: Garchomp\n|\n|-weather|Sandstorm|[upkeep]\n|-damage|p1b: Samurott|47/100|[from] Sandstorm\n|-damage|p1a: Decidueye|26/100 par|[from] Sandstorm\n|upkeep\n|\n|t:|1776373625\n|switch|p2a: Greninja|Greninja, L50, F|100/100\n|switch|p2b: Sableye|Sableye, L50, F|100/100\n|turn|5\n|\n|t:|1776373663\n|switch|p1b: Delphox|Delphox, L50, F|100/100\n|switch|p1a: Tinkaton|Tinkaton, L50, F|100/100 par\n|move|p2b: Sableye|Encore||[still]\n|-fail|p2b: Sableye\n|move|p2a: Greninja|Grass Knot|p1b: Delphox\n|-start|p2a: Greninja|typechange|Grass|[from] ability: Protean\n|-resisted|p1b: Delphox|1\n|-damage|p1b: Delphox|83/100\n|\n|-weather|none\n|upkeep\n|turn|6\n|\n|t:|1776373709\n|detailschange|p2a: Greninja|Greninja-Mega, L50, F\n|-mega|p2a: Greninja|Greninja|Greninjite\n|detailschange|p1b: Delphox|Delphox-Mega, L50, F\n|-mega|p1b: Delphox|Delphox|Delphoxite\n|move|p1a: Tinkaton|Fake Out|p2a: Greninja\n|-damage|p2a: Greninja|90/100\n|cant|p2a: Greninja|flinch\n|move|p1b: Delphox|Heat Wave|p2a: Greninja|[spread] p2a,p2b\n|-resisted|p2a: Greninja|1\n|-damage|p2a: Greninja|62/100\n|-damage|p2b: Sableye|53/100\n|move|p2b: Sableye|Night Shade|p1b: Delphox\n|-damage|p1b: Delphox|50/100\n|\n|upkeep\n|turn|7\n|inactive|Battle timer is ON: inactive players will automatically lose when time's up. (requested by loklastaji)\n|\n|t:|1776373763\n|move|p1b: Delphox|Protect|p1b: Delphox\n|-singleturn|p1b: Delphox|Protect\n|move|p2a: Greninja|Hydro Pump|p1b: Delphox\n|-start|p2a: Greninja|typechange|Water|[from] ability: Protean\n|-activate|p1b: Delphox|move: Protect\n|move|p1a: Tinkaton|Play Rough|p2a: Greninja\n|-damage|p2a: Greninja|29/100\n|-unboost|p2a: Greninja|atk|1\n|move|p2b: Sableye|Night Shade|p1a: Tinkaton\n|-damage|p1a: Tinkaton|69/100 par\n|\n|-sideend|p2: Rhydonculous|Reflect\n|upkeep\n|turn|8\n|\n|t:|1776373788\n|switch|p1b: Decidueye|Decidueye-Hisui, L50, M|26/100 par\n|move|p2b: Sableye|Sunny Day|p2b: Sableye\n|-weather|SunnyDay\n|move|p2a: Greninja|Weather Ball|p1a: Tinkaton\n|-supereffective|p1a: Tinkaton|1\n|-damage|p1a: Tinkaton|0 fnt\n|faint|p1a: Tinkaton\n|\n|-weather|SunnyDay|[upkeep]\n|upkeep\n|\n|t:|1776373804\n|switch|p1a: Delphox|Delphox-Mega, L50, F|50/100\n|turn|9\n|\n|t:|1776373821\n|move|p2a: Greninja|Hydro Pump|p1a: Delphox|[miss]\n|-miss|p2a: Greninja|p1a: Delphox\n|move|p1a: Delphox|Heat Wave|p2a: Greninja|[spread] p2b\n|-miss|p1a: Delphox|p2a: Greninja\n|-damage|p2b: Sableye|0 fnt\n|faint|p2b: Sableye\n|move|p1b: Decidueye|Leaf Blade|p2a: Greninja\n|-supereffective|p2a: Greninja|1\n|-crit|p2a: Greninja\n|-damage|p2a: Greninja|0 fnt\n|faint|p2a: Greninja\n|\n|win|loklastaji\n|raw|loklastaji's rating: 1133 &rarr; <strong>1151</strong><br />(+18 for winning)\n|raw|Rhydonculous's rating: 1040 &rarr; <strong>1028</strong><br />(-12 for losing)\n",
  "uploadtime": 1776373835,
  "views": 32,
  "formatid": "gen9championsvgc2026regma",
  "rating": 1028,
  "private": 0,
  "password": null
}