{
  "id": "gen9championsvgc2026regma-2583156837",
  "format": "[Gen 9 Champions] VGC 2026 Reg M-A",
  "players": [
    "Il_Deca",
    "M4DM3TH"
  ],
  "log": "|j|\u2606Il_Deca\n|j|\u2606M4DM3TH\n|t:|1776148933\n|gametype|doubles\n|player|p1|Il_Deca|lucas|1000\n|player|p2|M4DM3TH|169|1000\n|gen|9\n|tier|[Gen 9 Champions] VGC 2026 Reg M-A\n|rated|\n|rule|Species Clause: Limit one of each Pok\u00e9mon\n|rule|Item Clause: Limit 1 of each item\n|clearpoke\n|poke|p1|Gengar, L50, M|\n|poke|p1|Incineroar, L50, M|\n|poke|p1|Kommo-o, L50, F|\n|poke|p1|Whimsicott, L50, F|\n|poke|p1|Basculegion, L50, M|\n|poke|p1|Sylveon, L50, F|\n|poke|p2|Gengar, L50, M|\n|poke|p2|Noivern, L50, M|\n|poke|p2|Sneasler, L50, M|\n|poke|p2|Garchomp, L50, M|\n|poke|p2|Kingambit, L50, M|\n|poke|p2|Sinistcha, L50|\n|teampreview|4\n|\n|t:|1776148977\n|teamsize|p1|4\n|teamsize|p2|4\n|start\n|switch|p1a: Whimsicott|Whimsicott, L50, F, shiny|100/100\n|switch|p1b: Incineroar|Incineroar, L50, M, shiny|100/100\n|switch|p2a: Sneasler|Sneasler, L50, M|100/100\n|switch|p2b: Sinistcha|Sinistcha, L50|100/100\n|-ability|p1b: Incineroar|Intimidate|boost\n|-unboost|p2a: Sneasler|atk|1\n|-unboost|p2b: Sinistcha|atk|1\n|-enditem|p2a: Sneasler|White Herb\n|-clearnegativeboost|p2a: Sneasler|[silent]\n|turn|1\n|\n|t:|1776149012\n|move|p2a: Sneasler|Fake Out|p1a: Whimsicott\n|-crit|p1a: Whimsicott\n|-damage|p1a: Whimsicott|64/100\n|move|p1b: Incineroar|Fake Out|p2a: Sneasler\n|-damage|p2a: Sneasler|77/100\n|move|p2b: Sinistcha|Rage Powder|p2b: Sinistcha\n|-singleturn|p2b: Sinistcha|move: Rage Powder\n|cant|p1a: Whimsicott|flinch\n|\n|upkeep\n|turn|2\n|\n|t:|1776149029\n|move|p1a: Whimsicott|Tailwind|p1a: Whimsicott\n|-sidestart|p1: Il_Deca|move: Tailwind\n|move|p2a: Sneasler|Close Combat|p1b: Incineroar\n|-supereffective|p1b: Incineroar|1\n|-enditem|p1b: Incineroar|Chople Berry|[eat]\n|-enditem|p1b: Incineroar|Chople Berry|[weaken]\n|-damage|p1b: Incineroar|19/100\n|-unboost|p2a: Sneasler|def|1\n|-unboost|p2a: Sneasler|spd|1\n|move|p1b: Incineroar|Parting Shot|p2a: Sneasler\n|-unboost|p2a: Sneasler|atk|1\n|-unboost|p2a: Sneasler|spa|1\n|\n|t:|1776149042\n|switch|p1b: Gengar|Gengar, L50, M, shiny|100/100|[from] Parting Shot\n|move|p2b: Sinistcha|Shadow Ball|p1a: Whimsicott\n|-damage|p1a: Whimsicott|9/100\n|-unboost|p1a: Whimsicott|spd|1\n|\n|upkeep\n|turn|3\n|\n|t:|1776149063\n|switch|p2a: Kingambit|Kingambit, L50, M|100/100\n|move|p1a: Whimsicott|Memento|p2b: Sinistcha\n|-unboost|p2b: Sinistcha|atk|2\n|-unboost|p2b: Sinistcha|spa|2\n|faint|p1a: Whimsicott\n|move|p1b: Gengar|Shadow Ball|p2a: Kingambit\n|-resisted|p2a: Kingambit|1\n|-damage|p2a: Kingambit|80/100\n|move|p2b: Sinistcha|Trick Room|p2b: Sinistcha\n|-fieldstart|move: Trick Room|[of] p2b: Sinistcha\n|\n|upkeep\n|\n|t:|1776149080\n|switch|p1a: Sylveon|Sylveon, L50, F, shiny|100/100\n|turn|4\n|\n|t:|1776149114\n|detailschange|p1b: Gengar|Gengar-Mega, L50, M, shiny\n|-mega|p1b: Gengar|Gengar|Gengarite\n|move|p2a: Kingambit|Protect|p2a: Kingambit\n|-singleturn|p2a: Kingambit|Protect\n|move|p1b: Gengar|Protect|p1b: Gengar\n|-singleturn|p1b: Gengar|Protect\n|move|p2b: Sinistcha|Matcha Gotcha|p1b: Gengar|[spread] p1a\n|-activate|p1b: Gengar|move: Protect\n|-damage|p1a: Sylveon|89/100\n|move|p1a: Sylveon|Hyper Voice|p2b: Sinistcha|[spread] p2b\n|-activate|p2a: Kingambit|move: Protect\n|-damage|p2b: Sinistcha|55/100\n|\n|-heal|p2b: Sinistcha|61/100|[from] item: Leftovers\n|upkeep\n|turn|5\n|\n|t:|1776149137\n|move|p2a: Kingambit|Kowtow Cleave|p1b: Gengar\n|-supereffective|p1b: Gengar|1\n|-damage|p1b: Gengar|0 fnt\n|faint|p1b: Gengar\n|move|p2b: Sinistcha|Shadow Ball|p1a: Sylveon\n|-damage|p1a: Sylveon|75/100\n|move|p1a: Sylveon|Hyper Beam|p2a: Kingambit\n|-damage|p2a: Kingambit|0 fnt\n|-mustrecharge|p1a: Sylveon\n|faint|p2a: Kingambit\n|\n|-heal|p2b: Sinistcha|67/100|[from] item: Leftovers\n|-sideend|p1: Il_Deca|move: Tailwind\n|upkeep\n|\n|t:|1776149150\n|switch|p2a: Gengar|Gengar, L50, M|100/100\n|switch|p1b: Incineroar|Incineroar, L50, M, shiny|19/100\n|-ability|p1b: Incineroar|Intimidate|boost\n|-unboost|p2a: Gengar|atk|1\n|-unboost|p2b: Sinistcha|atk|1\n|turn|6\n|\n|t:|1776149176\n|detailschange|p2a: Gengar|Gengar-Mega, L50, M\n|-mega|p2a: Gengar|Gengar|Gengarite\n|move|p2b: Sinistcha|Rage Powder|p2b: Sinistcha\n|-singleturn|p2b: Sinistcha|move: Rage Powder\n|cant|p1a: Sylveon|recharge\n|move|p1b: Incineroar|Darkest Lariat|p2b: Sinistcha\n|-supereffective|p2b: Sinistcha|1\n|-damage|p2b: Sinistcha|0 fnt\n|faint|p2b: Sinistcha\n|move|p2a: Gengar|Sludge Wave|p1b: Incineroar|[spread] p1a,p1b\n|-supereffective|p1a: Sylveon|1\n|-damage|p1a: Sylveon|0 fnt\n|-damage|p1b: Incineroar|0 fnt\n|faint|p1a: Sylveon\n|faint|p1b: Incineroar\n|\n|win|M4DM3TH\n|raw|Il_Deca's rating: 1000 &rarr; <strong>1000</strong><br />(+0 for losing)\n|raw|M4DM3TH's rating: 1000 &rarr; <strong>1040</strong><br />(+40 for winning)\n|l|\u2606Il_Deca\n|player|p1|\n",
  "uploadtime": 1776149196,
  "views": 17,
  "formatid": "gen9championsvgc2026regma",
  "rating": 1000,
  "private": 0,
  "password": null
}