{
  "id": "gen9championsvgc2026regma-2583522187",
  "format": "[Gen 9 Champions] VGC 2026 Reg M-A",
  "players": [
    "reggie1000",
    "Zino735"
  ],
  "log": "|j|\u2606reggie1000\n|j|\u2606Zino735\n|t:|1776180963\n|gametype|doubles\n|player|p1|reggie1000|101|1133\n|player|p2|Zino735|lucas|1077\n|gen|9\n|tier|[Gen 9 Champions] VGC 2026 Reg M-A\n|rated|\n|rule|Species Clause: Limit one of each Pok\u00e9mon\n|rule|Item Clause: Limit 1 of each item\n|clearpoke\n|poke|p1|Starmie, L50|\n|poke|p1|Alakazam, L50, M|\n|poke|p1|Arcanine, L50, M|\n|poke|p1|Aerodactyl, L50, M|\n|poke|p1|Rotom-Mow, L50|\n|poke|p1|Sinistcha, L50|\n|poke|p2|Tyranitar, L50, F|\n|poke|p2|Garchomp, L50, M|\n|poke|p2|Excadrill, L50, F|\n|poke|p2|Sinistcha, L50|\n|poke|p2|Incineroar, L50, M|\n|poke|p2|Rotom-Wash, L50|\n|teampreview|4\n|\n|t:|1776181012\n|teamsize|p1|4\n|teamsize|p2|4\n|start\n|switch|p1a: Starmie|Starmie, L50|100/100\n|switch|p1b: Aerodactyl|Aerodactyl, L50, M|100/100\n|switch|p2a: Incineroar|Incineroar, L50, M|100/100\n|switch|p2b: Tyranitar|Tyranitar, L50, F|100/100\n|-ability|p1b: Aerodactyl|Unnerve\n|-ability|p2a: Incineroar|Intimidate|boost\n|-unboost|p1a: Starmie|atk|1\n|-unboost|p1b: Aerodactyl|atk|1\n|-weather|Sandstorm|[from] ability: Sand Stream|[of] p2b: Tyranitar\n|turn|1\n|\n|t:|1776181051\n|switch|p1a: Sinistcha|Sinistcha, L50|100/100\n|detailschange|p2b: Tyranitar|Tyranitar-Mega, L50, F\n|-mega|p2b: Tyranitar|Tyranitar|Tyranitarite\n|move|p1b: Aerodactyl|Wide Guard|p1b: Aerodactyl\n|-singleturn|p1b: Aerodactyl|Wide Guard\n|move|p2a: Incineroar|Fake Out|p1a: Sinistcha\n|-immune|p1a: Sinistcha\n|move|p2b: Tyranitar|Ice Punch|p1b: Aerodactyl\n|-supereffective|p1b: Aerodactyl|1\n|-enditem|p1b: Aerodactyl|Focus Sash\n|-damage|p1b: Aerodactyl|1/100\n|\n|-weather|Sandstorm|[upkeep]\n|-damage|p2a: Incineroar|95/100|[from] Sandstorm\n|-damage|p1a: Sinistcha|94/100|[from] Sandstorm\n|-heal|p1a: Sinistcha|100/100|[from] item: Leftovers\n|upkeep\n|turn|2\n|\n|t:|1776181075\n|move|p1b: Aerodactyl|Tailwind|p1b: Aerodactyl\n|-sidestart|p1: reggie1000|move: Tailwind\n|move|p1a: Sinistcha|Matcha Gotcha|p2a: Incineroar|[spread] p2a\n|-miss|p1a: Sinistcha|p2b: Tyranitar\n|-resisted|p2a: Incineroar|1\n|-damage|p2a: Incineroar|84/100\n|move|p2a: Incineroar|Parting Shot|p1b: Aerodactyl\n|-unboost|p1b: Aerodactyl|atk|1\n|-unboost|p1b: Aerodactyl|spa|1\n|\n|t:|1776181085\n|switch|p2a: Sinistcha|Sinistcha, L50|100/100|[from] Parting Shot\n|move|p2b: Tyranitar|Knock Off|p1a: Sinistcha\n|-supereffective|p1a: Sinistcha|1\n|-damage|p1a: Sinistcha|13/100\n|-enditem|p1a: Sinistcha|Leftovers|[from] move: Knock Off|[of] p2b: Tyranitar\n|\n|-weather|Sandstorm|[upkeep]\n|-damage|p1a: Sinistcha|7/100|[from] Sandstorm\n|-damage|p2a: Sinistcha|94/100|[from] Sandstorm\n|upkeep\n|turn|3\n|\n|t:|1776181104\n|move|p1b: Aerodactyl|Rock Slide|p2b: Tyranitar|[spread] p2a,p2b\n|-damage|p2a: Sinistcha|82/100\n|-damage|p2b: Tyranitar|93/100\n|move|p1a: Sinistcha|Matcha Gotcha|p2a: Sinistcha|[spread] p2a,p2b\n|-resisted|p2a: Sinistcha|1\n|-supereffective|p2b: Tyranitar|1\n|-damage|p2a: Sinistcha|72/100\n|-heal|p1a: Sinistcha|12/100|[from] drain|[of] p2a: Sinistcha\n|-damage|p2b: Tyranitar|67/100\n|-heal|p1a: Sinistcha|27/100|[from] drain|[of] p2b: Tyranitar\n|cant|p2b: Tyranitar|flinch\n|move|p2a: Sinistcha|Trick Room|p2a: Sinistcha\n|-fieldstart|move: Trick Room|[of] p2a: Sinistcha\n|\n|-weather|Sandstorm|[upkeep]\n|-damage|p2a: Sinistcha|66/100|[from] Sandstorm\n|-damage|p1a: Sinistcha|21/100|[from] Sandstorm\n|upkeep\n|turn|4\n|\n|t:|1776181133\n|move|p1b: Aerodactyl|Wide Guard|p1b: Aerodactyl\n|-singleturn|p1b: Aerodactyl|Wide Guard\n|move|p2b: Tyranitar|Rock Slide|p1b: Aerodactyl|[spread] \n|-activate|p1a: Sinistcha|move: Wide Guard\n|-activate|p1b: Aerodactyl|move: Wide Guard\n|move|p2a: Sinistcha|Matcha Gotcha|p1b: Aerodactyl|[spread] \n|-activate|p1a: Sinistcha|move: Wide Guard\n|-activate|p1b: Aerodactyl|move: Wide Guard\n|move|p1a: Sinistcha|Matcha Gotcha|p2b: Tyranitar|[spread] p2a\n|-miss|p1a: Sinistcha|p2b: Tyranitar\n|-resisted|p2a: Sinistcha|1\n|-damage|p2a: Sinistcha|56/100\n|-heal|p1a: Sinistcha|26/100|[from] drain|[of] p2a: Sinistcha\n|\n|-weather|Sandstorm|[upkeep]\n|-damage|p2a: Sinistcha|50/100|[from] Sandstorm\n|-damage|p1a: Sinistcha|20/100|[from] Sandstorm\n|upkeep\n|turn|5\n|\n|t:|1776181157\n|switch|p2a: Garchomp|Garchomp, L50, M|100/100\n|move|p1b: Aerodactyl|Wide Guard|p1b: Aerodactyl\n|-singleturn|p1b: Aerodactyl|Wide Guard\n|move|p2b: Tyranitar|Rock Slide|p1a: Sinistcha|[spread] \n|-activate|p1a: Sinistcha|move: Wide Guard\n|-activate|p1b: Aerodactyl|move: Wide Guard\n|move|p1a: Sinistcha|Matcha Gotcha|p2a: Garchomp|[spread] p2a,p2b\n|-supereffective|p2b: Tyranitar|1\n|-damage|p2a: Garchomp|75/100\n|-heal|p1a: Sinistcha|33/100|[from] drain|[of] p2a: Garchomp\n|-damage|p2b: Tyranitar|43/100\n|-heal|p1a: Sinistcha|47/100|[from] drain|[of] p2b: Tyranitar\n|\n|-weather|none\n|-sideend|p1: reggie1000|move: Tailwind\n|upkeep\n|turn|6\n|\n|t:|1776181196\n|move|p2b: Tyranitar|Knock Off|p1b: Aerodactyl\n|-damage|p1b: Aerodactyl|0 fnt\n|faint|p1b: Aerodactyl\n|move|p1a: Sinistcha|Life Dew|p1a: Sinistcha\n|-heal|p1a: Sinistcha|72/100\n|move|p2a: Garchomp|Dragon Claw|p1a: Sinistcha\n|-damage|p1a: Sinistcha|42/100\n|\n|upkeep\n|\n|t:|1776181205\n|switch|p1b: Alakazam|Alakazam, L50, M|100/100\n|turn|7\n|\n|t:|1776181224\n|move|p1a: Sinistcha|Rage Powder|p1a: Sinistcha\n|-singleturn|p1a: Sinistcha|move: Rage Powder\n|move|p2b: Tyranitar|Rock Slide|p1b: Alakazam|[spread] p1a,p1b\n|-damage|p1a: Sinistcha|15/100\n|-damage|p1b: Alakazam|19/100\n|move|p2a: Garchomp|Stomping Tantrum|p1a: Sinistcha\n|-resisted|p1a: Sinistcha|1\n|-damage|p1a: Sinistcha|2/100\n|move|p1b: Alakazam|Reflect|p1b: Alakazam\n|-sidestart|p1: reggie1000|Reflect\n|\n|-fieldend|move: Trick Room\n|upkeep\n|turn|8\n|\n|t:|1776181252\n|switch|p2b: Incineroar|Incineroar, L50, M|84/100\n|-ability|p2b: Incineroar|Intimidate|boost\n|-unboost|p1a: Sinistcha|atk|1\n|-fail|p1b: Alakazam|unboost|Attack|[from] ability: Inner Focus|[of] p1b: Alakazam\n|move|p2a: Garchomp|Protect|p2a: Garchomp\n|-singleturn|p2a: Garchomp|Protect\n|move|p1b: Alakazam|Light Screen|p1b: Alakazam\n|-sidestart|p1: reggie1000|move: Light Screen\n|move|p1a: Sinistcha|Matcha Gotcha|p2a: Garchomp|[spread] p2b\n|-activate|p2a: Garchomp|move: Protect\n|-resisted|p2b: Incineroar|1\n|-damage|p2b: Incineroar|72/100\n|-heal|p1a: Sinistcha|8/100|[from] drain|[of] p2b: Incineroar\n|\n|upkeep\n|turn|9\n|\n|t:|1776181273\n|move|p2b: Incineroar|Fake Out|p1b: Alakazam\n|-damage|p1b: Alakazam|4/100\n|move|p1a: Sinistcha|Rage Powder|p1a: Sinistcha\n|-singleturn|p1a: Sinistcha|move: Rage Powder\n|move|p1b: Alakazam|Psychic|p2a: Garchomp\n|-damage|p2a: Garchomp|31/100\n|move|p2a: Garchomp|Rock Slide|p1b: Alakazam|[spread] p1a\n|-miss|p2a: Garchomp|p1b: Alakazam\n|-damage|p1a: Sinistcha|0 fnt\n|faint|p1a: Sinistcha\n|\n|upkeep\n|\n|t:|1776181278\n|switch|p1a: Starmie|Starmie, L50|100/100\n|turn|10\n|\n|t:|1776181297\n|switch|p2b: Tyranitar|Tyranitar-Mega, L50, F|43/100\n|-weather|Sandstorm|[from] ability: Sand Stream|[of] p2b: Tyranitar\n|detailschange|p1a: Starmie|Starmie-Mega, L50\n|-mega|p1a: Starmie|Starmie|Starminite\n|move|p2a: Garchomp|Protect|p2a: Garchomp\n|-singleturn|p2a: Garchomp|Protect\n|move|p1b: Alakazam|Psychic|p2a: Garchomp\n|-activate|p2a: Garchomp|move: Protect\n|move|p1a: Starmie|Cosmic Power|p1a: Starmie\n|-boost|p1a: Starmie|def|1\n|-boost|p1a: Starmie|spd|1\n|\n|-weather|Sandstorm|[upkeep]\n|-damage|p1b: Alakazam|0 fnt|[from] Sandstorm\n|-damage|p1a: Starmie|95/100|[from] Sandstorm\n|faint|p1b: Alakazam\n|upkeep\n|turn|11\n|\n|t:|1776181326\n|switch|p2a: Sinistcha|Sinistcha, L50|50/100\n|-enditem|p2a: Sinistcha|Sitrus Berry|[eat]\n|-heal|p2a: Sinistcha|75/100|[from] item: Sitrus Berry\n|-heal|p2b: Tyranitar|68/100|[from] ability: Hospitality|[of] p2a: Sinistcha\n|move|p1a: Starmie|Liquidation|p2b: Tyranitar\n|-supereffective|p2b: Tyranitar|1\n|-damage|p2b: Tyranitar|0 fnt\n|faint|p2b: Tyranitar\n|\n|-weather|Sandstorm|[upkeep]\n|-damage|p1a: Starmie|89/100|[from] Sandstorm\n|-damage|p2a: Sinistcha|68/100|[from] Sandstorm\n|-sideend|p1: reggie1000|Reflect\n|upkeep\n|\n|t:|1776181339\n|switch|p2b: Incineroar|Incineroar, L50, M|72/100\n|-ability|p2b: Incineroar|Intimidate|boost\n|-unboost|p1a: Starmie|atk|1\n|turn|12\n|\n|t:|1776181353\n|move|p2b: Incineroar|Protect|p2b: Incineroar\n|-singleturn|p2b: Incineroar|Protect\n|move|p1a: Starmie|Ice Spinner|p2a: Sinistcha\n|-supereffective|p2a: Sinistcha|1\n|-damage|p2a: Sinistcha|24/100\n|move|p2a: Sinistcha|Trick Room|p2a: Sinistcha\n|-fieldstart|move: Trick Room|[of] p2a: Sinistcha\n|\n|-weather|Sandstorm|[upkeep]\n|-damage|p2a: Sinistcha|17/100|[from] Sandstorm\n|-damage|p2b: Incineroar|66/100|[from] Sandstorm\n|-damage|p1a: Starmie|83/100|[from] Sandstorm\n|-sideend|p1: reggie1000|move: Light Screen\n|upkeep\n|turn|13\n|\n|t:|1776181386\n|move|p2a: Sinistcha|Rage Powder|p2a: Sinistcha\n|-singleturn|p2a: Sinistcha|move: Rage Powder\n|move|p2b: Incineroar|Parting Shot|p1a: Starmie\n|-unboost|p1a: Starmie|atk|1\n|-unboost|p1a: Starmie|spa|1\n|\n|t:|1776181390\n|switch|p2b: Garchomp|Garchomp, L50, M|31/100|[from] Parting Shot\n|move|p1a: Starmie|Ice Spinner|p2a: Sinistcha\n|-supereffective|p2a: Sinistcha|1\n|-damage|p2a: Sinistcha|0 fnt\n|faint|p2a: Sinistcha\n|\n|-weather|Sandstorm|[upkeep]\n|-damage|p1a: Starmie|77/100|[from] Sandstorm\n|upkeep\n|\n|t:|1776181399\n|switch|p2a: Incineroar|Incineroar, L50, M|66/100\n|-ability|p2a: Incineroar|Intimidate|boost\n|-unboost|p1a: Starmie|atk|1\n|turn|14\n|\n|t:|1776181413\n|move|p2a: Incineroar|Fake Out|p1a: Starmie\n|-damage|p1a: Starmie|69/100\n|cant|p1a: Starmie|flinch\n|move|p2b: Garchomp|Dragon Claw|p1a: Starmie\n|-damage|p1a: Starmie|47/100\n|\n|-weather|none\n|upkeep\n|turn|15\n|\n|t:|1776181450\n|move|p2a: Incineroar|Flare Blitz|p1a: Starmie\n|-resisted|p1a: Starmie|1\n|-damage|p1a: Starmie|33/100\n|-damage|p2a: Incineroar|62/100|[from] Recoil\n|move|p1a: Starmie|Recover|p1a: Starmie\n|-heal|p1a: Starmie|83/100\n|move|p2b: Garchomp|Dragon Claw|p1a: Starmie\n|-damage|p1a: Starmie|61/100\n|\n|upkeep\n|turn|16\n|\n|t:|1776181479\n|move|p2b: Garchomp|Protect|p2b: Garchomp\n|-singleturn|p2b: Garchomp|Protect\n|move|p2a: Incineroar|Parting Shot|p1a: Starmie\n|-unboost|p1a: Starmie|atk|1\n|-unboost|p1a: Starmie|spa|1\n|move|p1a: Starmie|Ice Spinner|p2b: Garchomp\n|-activate|p2b: Garchomp|move: Protect\n|\n|-fieldend|move: Trick Room\n|upkeep\n|turn|17\n|c|\u2606reggie1000|didn't think this whole \"bulky mega starmie\" thing would actually work ngl\n|\n|t:|1776181517\n|move|p2b: Garchomp|Stomping Tantrum|p1a: Starmie\n|-damage|p1a: Starmie|39/100\n|move|p1a: Starmie|Ice Spinner|p2b: Garchomp\n|-supereffective|p2b: Garchomp|2\n|-enditem|p2b: Garchomp|Yache Berry|[eat]\n|-enditem|p2b: Garchomp|Yache Berry|[weaken]\n|-damage|p2b: Garchomp|6/100\n|-damage|p1a: Starmie|27/100|[from] ability: Rough Skin|[of] p2b: Garchomp\n|move|p2a: Incineroar|Flare Blitz|p1a: Starmie\n|-resisted|p1a: Starmie|1\n|-damage|p1a: Starmie|15/100\n|-damage|p2a: Incineroar|58/100|[from] Recoil\n|\n|upkeep\n|turn|18\n|c|\u2606reggie1000|ahh rip nice berry\n|\n|t:|1776181559\n|move|p2b: Garchomp|Dragon Claw|p1a: Starmie\n|-damage|p1a: Starmie|0 fnt\n|faint|p1a: Starmie\n|\n|win|Zino735\n|raw|reggie1000's rating: 1133 &rarr; <strong>1104</strong><br />(-29 for losing)\n|raw|Zino735's rating: 1077 &rarr; <strong>1110</strong><br />(+33 for winning)\n|c|\u2606reggie1000|gg\n|c|\u2606Zino735|that was a goated match, gg\n|c|\u2606reggie1000|very fun ngl\n",
  "uploadtime": 1776181564,
  "views": 20,
  "formatid": "gen9championsvgc2026regma",
  "rating": 1104,
  "private": 0,
  "password": null
}