{
  "id": "gen9championsvgc2026regma-2585089152",
  "format": "[Gen 9 Champions] VGC 2026 Reg M-A",
  "players": [
    "Gambit05",
    "bookworm2818"
  ],
  "log": "|j|\u2606Gambit05\n|j|\u2606bookworm2818\n|t:|1776310582\n|gametype|doubles\n|player|p1|Gambit05|elesa|1087\n|player|p2|bookworm2818|flannery|1082\n|gen|9\n|tier|[Gen 9 Champions] VGC 2026 Reg M-A\n|rated|\n|rule|Species Clause: Limit one of each Pok\u00e9mon\n|rule|Item Clause: Limit 1 of each item\n|clearpoke\n|poke|p1|Excadrill, L50, M|\n|poke|p1|Tyranitar, L50, F|\n|poke|p1|Sinistcha, L50|\n|poke|p1|Rotom-Wash, L50|\n|poke|p1|Incineroar, L50, F|\n|poke|p1|Floette-Eternal, L50, F|\n|poke|p2|Aggron, L50, M|\n|poke|p2|Farigiraf, L50, M|\n|poke|p2|Sinistcha, L50|\n|poke|p2|Ninetales-Alola, L50, F|\n|poke|p2|Sneasler, L50, M|\n|poke|p2|Incineroar, L50, F|\n|teampreview|4\n|inactive|Battle timer is ON: inactive players will automatically lose when time's up. (requested by bookworm2818)\n|\n|t:|1776310603\n|teamsize|p1|4\n|teamsize|p2|4\n|start\n|switch|p1a: Tyranitar|Tyranitar, L50, F|100/100\n|switch|p1b: Excadrill|Excadrill, L50, M|100/100\n|switch|p2a: THE WALL|Aggron, L50, M|100/100\n|switch|p2b: Farigiraf|Farigiraf, L50, M|100/100\n|-weather|Sandstorm|[from] ability: Sand Stream|[of] p1a: Tyranitar\n|turn|1\n|\n|t:|1776310626\n|detailschange|p2a: THE WALL|Aggron-Mega, L50, M\n|-mega|p2a: THE WALL|Aggron|Aggronite\n|move|p1b: Excadrill|High Horsepower|p2a: THE WALL\n|-supereffective|p2a: THE WALL|1\n|-damage|p2a: THE WALL|58/100\n|move|p1a: Tyranitar|Knock Off|p2b: Farigiraf\n|-supereffective|p2b: Farigiraf|1\n|-damage|p2b: Farigiraf|7/100\n|-enditem|p2b: Farigiraf|Mental Herb|[from] move: Knock Off|[of] p1a: Tyranitar\n|move|p2b: Farigiraf|Light Screen|p2b: Farigiraf\n|-sidestart|p2: bookworm2818|move: Light Screen\n|move|p2a: THE WALL|Iron Defense|p2a: THE WALL\n|-boost|p2a: THE WALL|def|2\n|\n|-weather|Sandstorm|[upkeep]\n|-damage|p2b: Farigiraf|1/100|[from] Sandstorm\n|upkeep\n|turn|2\n|n|!Gambit05|gambit05\n|inactive|Gambit05 has 30 seconds left.\n|\n|t:|1776310654\n|move|p2a: THE WALL|Protect|p2a: THE WALL\n|-singleturn|p2a: THE WALL|Protect\n|move|p1b: Excadrill|High Horsepower|p2a: THE WALL\n|-activate|p2a: THE WALL|move: Protect\n|move|p1a: Tyranitar|Low Kick|p2a: THE WALL\n|-activate|p2a: THE WALL|move: Protect\n|move|p2b: Farigiraf|Light Screen||[still]\n|-fail|p2b: Farigiraf\n|\n|-weather|Sandstorm|[upkeep]\n|-damage|p2b: Farigiraf|0 fnt|[from] Sandstorm\n|faint|p2b: Farigiraf\n|upkeep\n|\n|t:|1776310667\n|switch|p2b: Sinistcha|Sinistcha, L50|100/100\n|-heal|p2a: THE WALL|82/100|[from] ability: Hospitality|[of] p2b: Sinistcha\n|turn|3\n|\n|t:|1776310681\n|move|p1b: Excadrill|High Horsepower|p2a: THE WALL\n|-supereffective|p2a: THE WALL|1\n|-crit|p2a: THE WALL\n|-damage|p2a: THE WALL|21/100\n|move|p1a: Tyranitar|Knock Off|p2b: Sinistcha\n|-supereffective|p2b: Sinistcha|1\n|-damage|p2b: Sinistcha|5/100\n|-enditem|p2b: Sinistcha|Leftovers|[from] move: Knock Off|[of] p1a: Tyranitar\n|move|p2a: THE WALL|Body Press|p1b: Excadrill\n|-supereffective|p1b: Excadrill|1\n|-enditem|p1b: Excadrill|Focus Sash\n|-damage|p1b: Excadrill|1/100\n|move|p2b: Sinistcha|Trick Room|p2b: Sinistcha\n|-fieldstart|move: Trick Room|[of] p2b: Sinistcha\n|\n|-weather|Sandstorm|[upkeep]\n|-damage|p2b: Sinistcha|0 fnt|[from] Sandstorm\n|faint|p2b: Sinistcha\n|upkeep\n|\n|t:|1776310695\n|switch|p2b: Ninetales|Ninetales-Alola, L50, F|100/100\n|-weather|Snowscape|[from] ability: Snow Warning|[of] p2b: Ninetales\n|turn|4\n|\n|t:|1776310707\n|move|p1b: Excadrill|Protect|p1b: Excadrill\n|-singleturn|p1b: Excadrill|Protect\n|move|p2a: THE WALL|Body Press|p1a: Tyranitar\n|-supereffective|p1a: Tyranitar|2\n|-damage|p1a: Tyranitar|0 fnt\n|faint|p1a: Tyranitar\n|move|p2b: Ninetales|Blizzard|p1b: Excadrill\n|-activate|p1b: Excadrill|move: Protect\n|\n|-weather|Snowscape|[upkeep]\n|upkeep\n|\n|t:|1776310716\n|switch|p1a: Sinistcha|Sinistcha, L50|100/100\n|-heal|p1b: Excadrill|26/100|[from] ability: Hospitality|[of] p1a: Sinistcha\n|turn|5\n|\n|t:|1776310725\n|move|p2a: THE WALL|Body Press|p1b: Excadrill\n|-supereffective|p1b: Excadrill|1\n|-damage|p1b: Excadrill|0 fnt\n|faint|p1b: Excadrill\n|move|p2b: Ninetales|Blizzard|p1a: Sinistcha\n|-supereffective|p1a: Sinistcha|1\n|-damage|p1a: Sinistcha|12/100\n|move|p1a: Sinistcha|Trick Room|p1a: Sinistcha\n|-fieldend|move: Trick Room\n|\n|-weather|Snowscape|[upkeep]\n|-heal|p1a: Sinistcha|18/100|[from] item: Leftovers\n|-sideend|p2: bookworm2818|move: Light Screen\n|upkeep\n|\n|t:|1776310734\n|switch|p1b: Floette|Floette-Eternal, L50, F|100/100\n|turn|6\n|\n|t:|1776310747\n|detailschange|p1b: Floette|Floette-Mega, L50, F\n|-mega|p1b: Floette|Floette|Floettite\n|-ability|p1b: Floette|Fairy Aura\n|move|p2a: THE WALL|Protect|p2a: THE WALL\n|-singleturn|p2a: THE WALL|Protect\n|move|p1a: Sinistcha|Rage Powder|p1a: Sinistcha\n|-singleturn|p1a: Sinistcha|move: Rage Powder\n|move|p1b: Floette|Moonblast|p2a: THE WALL\n|-activate|p2a: THE WALL|move: Protect\n|move|p2b: Ninetales|Aurora Veil|p2b: Ninetales\n|-sidestart|p2: bookworm2818|move: Aurora Veil\n|\n|-weather|Snowscape|[upkeep]\n|-heal|p1a: Sinistcha|24/100|[from] item: Leftovers\n|upkeep\n|turn|7\n|\n|t:|1776310764\n|move|p1b: Floette|Moonblast|p2a: THE WALL\n|-resisted|p2a: THE WALL|1\n|-damage|p2a: THE WALL|0 fnt\n|faint|p2a: THE WALL\n|move|p2b: Ninetales|Blizzard|p1b: Floette|[spread] p1a,p1b\n|-supereffective|p1a: Sinistcha|1\n|-damage|p1a: Sinistcha|0 fnt\n|-damage|p1b: Floette|76/100\n|faint|p1a: Sinistcha\n|\n|-weather|Snowscape|[upkeep]\n|upkeep\n|turn|8\n|\n|t:|1776310777\n|move|p1b: Floette|Calm Mind|p1b: Floette\n|-boost|p1b: Floette|spa|1\n|-boost|p1b: Floette|spd|1\n|move|p2b: Ninetales|Blizzard|p1b: Floette\n|-damage|p1b: Floette|56/100\n|\n|-weather|none\n|upkeep\n|turn|9\n|\n|t:|1776310786\n|move|p1b: Floette|Calm Mind|p1b: Floette\n|-boost|p1b: Floette|spa|1\n|-boost|p1b: Floette|spd|1\n|move|p2b: Ninetales|Dazzling Gleam|p1b: Floette\n|-damage|p1b: Floette|42/100\n|\n|upkeep\n|turn|10\n|\n|t:|1776310793\n|move|p1b: Floette|Calm Mind|p1b: Floette\n|-boost|p1b: Floette|spa|1\n|-boost|p1b: Floette|spd|1\n|move|p2b: Ninetales|Dazzling Gleam|p1b: Floette\n|-damage|p1b: Floette|28/100\n|\n|-sideend|p2: bookworm2818|move: Aurora Veil\n|upkeep\n|turn|11\n|\n|t:|1776310802\n|move|p2b: Ninetales|Protect|p2b: Ninetales\n|-singleturn|p2b: Ninetales|Protect\n|move|p1b: Floette|Moonblast|p2b: Ninetales\n|-activate|p2b: Ninetales|move: Protect\n|\n|upkeep\n|turn|12\n|\n|t:|1776310809\n|move|p1b: Floette|Moonblast|p2b: Ninetales\n|-enditem|p2b: Ninetales|Focus Sash\n|-damage|p2b: Ninetales|1/100\n|move|p2b: Ninetales|Dazzling Gleam|p1b: Floette\n|-damage|p1b: Floette|16/100\n|\n|upkeep\n|turn|13\n|\n|t:|1776310818\n|move|p2b: Ninetales|Protect|p2b: Ninetales\n|-singleturn|p2b: Ninetales|Protect\n|move|p1b: Floette|Dazzling Gleam|p2b: Ninetales\n|-activate|p2b: Ninetales|move: Protect\n|\n|upkeep\n|turn|14\n|\n|t:|1776310824\n|move|p1b: Floette|Dazzling Gleam|p2b: Ninetales\n|-damage|p2b: Ninetales|0 fnt\n|faint|p2b: Ninetales\n|\n|win|Gambit05\n",
  "uploadtime": 1776310628,
  "views": 18,
  "formatid": "gen9championsvgc2026regma",
  "rating": null,
  "private": 0,
  "password": null
}