{
  "id": "gen9championsvgc2026regma-2587535186",
  "format": "[Gen 9 Champions] VGC 2026 Reg M-A",
  "players": [
    "Donny Donnerson",
    "strangleroot"
  ],
  "log": "|j|\u2606Donny Donnerson\n|j|\u2606strangleroot\n|t:|1776540142\n|gametype|doubles\n|player|p1|Donny Donnerson|266|1133\n|player|p2|strangleroot|102|1124\n|gen|9\n|tier|[Gen 9 Champions] VGC 2026 Reg M-A\n|rated|\n|rule|Species Clause: Limit one of each Pok\u00e9mon\n|rule|Item Clause: Limit 1 of each item\n|clearpoke\n|poke|p1|Aggron, L50, M, shiny|\n|poke|p1|Politoed, L50, M, shiny|\n|poke|p1|Noivern, L50, F|\n|poke|p1|Sinistcha, L50|\n|poke|p1|Gyarados, L50, F, shiny|\n|poke|p1|Sableye, L50, M, shiny|\n|poke|p2|Incineroar, L50, M, shiny|\n|poke|p2|Venusaur, L50, F, shiny|\n|poke|p2|Sneasler, L50, F, shiny|\n|poke|p2|Golurk, L50, shiny|\n|poke|p2|Farigiraf, L50, F|\n|poke|p2|Torkoal, L50, M|\n|teampreview|4\n|\n|t:|1776540173\n|teamsize|p1|4\n|teamsize|p2|4\n|start\n|switch|p1a: Politoed|Politoed, L50, M, shiny|100/100\n|switch|p1b: Jew|Sableye, L50, M, shiny|100/100\n|switch|p2a: Incineroar|Incineroar, L50, M, shiny|100/100\n|switch|p2b: Farigiraf|Farigiraf, L50, F|100/100\n|-weather|RainDance|[from] ability: Drizzle|[of] p1a: Politoed\n|-ability|p2a: Incineroar|Intimidate|boost\n|-unboost|p1a: Politoed|atk|1\n|-unboost|p1b: Jew|atk|1\n|turn|1\n|inactive|Battle timer is ON: inactive players will automatically lose when time's up. (requested by Donny Donnerson)\n|\n|t:|1776540197\n|move|p1a: Politoed|Protect|p1a: Politoed\n|-singleturn|p1a: Politoed|Protect\n|move|p2a: Incineroar|Fake Out|p1a: Politoed\n|-activate|p1a: Politoed|move: Protect\n|move|p1b: Jew|Gravity|p1b: Jew\n|-fieldstart|move: Gravity\n|move|p2b: Farigiraf|Trick Room|p2b: Farigiraf\n|-fieldstart|move: Trick Room|[of] p2b: Farigiraf\n|\n|-weather|RainDance|[upkeep]\n|upkeep\n|turn|2\n|\n|t:|1776540215\n|switch|p2b: Torkoal|Torkoal, L50, M|100/100\n|-weather|SunnyDay|[from] ability: Drought|[of] p2b: Torkoal\n|move|p1b: Jew|Encore|p2a: Incineroar\n|-hint|Since gen 7, Dark is immune to Prankster moves.\n|-immune|p2a: Incineroar\n|move|p2a: Incineroar|Parting Shot|p1a: Politoed\n|-unboost|p1a: Politoed|atk|1\n|-unboost|p1a: Politoed|spa|1\n|\n|t:|1776540223\n|switch|p2a: Farigiraf|Farigiraf, L50, F|100/100|[from] Parting Shot\n|move|p1a: Politoed|Hypnosis|p2b: Torkoal\n|-status|p2b: Torkoal|slp|[from] move: Hypnosis\n|\n|-weather|SunnyDay|[upkeep]\n|upkeep\n|turn|3\n|\n|t:|1776540236\n|cant|p2b: Torkoal|slp\n|move|p1b: Jew|Knock Off|p2a: Farigiraf\n|-supereffective|p2a: Farigiraf|1\n|-damage|p2a: Farigiraf|65/100\n|-enditem|p2a: Farigiraf|Leftovers|[from] move: Knock Off|[of] p1b: Jew\n|move|p2a: Farigiraf|Hyper Voice|p1a: Politoed|[spread] p1a\n|-immune|p1b: Jew\n|-damage|p1a: Politoed|77/100\n|move|p1a: Politoed|Muddy Water|p2b: Torkoal|[spread] p2a,p2b\n|-supereffective|p2b: Torkoal|1\n|-damage|p2a: Farigiraf|59/100\n|-damage|p2b: Torkoal|80/100 slp\n|\n|-weather|SunnyDay|[upkeep]\n|-heal|p1a: Politoed|83/100|[from] item: Leftovers\n|upkeep\n|turn|4\n|\n|t:|1776540258\n|switch|p1a: Cocktail|Gyarados, L50, F, shiny|100/100\n|-ability|p1a: Cocktail|Intimidate|boost\n|-unboost|p2a: Farigiraf|atk|1\n|-unboost|p2b: Torkoal|atk|1\n|cant|p2b: Torkoal|slp\n|move|p1b: Jew|Knock Off|p2b: Torkoal\n|-damage|p2b: Torkoal|66/100 slp\n|-enditem|p2b: Torkoal|Charcoal|[from] move: Knock Off|[of] p1b: Jew\n|move|p2a: Farigiraf|Hyper Voice|p1a: Cocktail|[spread] p1a\n|-immune|p1b: Jew\n|-damage|p1a: Cocktail|77/100\n|\n|-weather|SunnyDay|[upkeep]\n|upkeep\n|turn|5\n|\n|t:|1776540279\n|switch|p1b: Politoed|Politoed, L50, M, shiny|83/100\n|-weather|RainDance|[from] ability: Drizzle|[of] p1b: Politoed\n|move|p1a: Cocktail|Protect|p1a: Cocktail\n|-singleturn|p1a: Cocktail|Protect\n|-curestatus|p2b: Torkoal|slp|[msg]\n|move|p2b: Torkoal|Heat Wave|p1a: Cocktail|[spread] p1b\n|-activate|p1a: Cocktail|move: Protect\n|-resisted|p1b: Politoed|1\n|-damage|p1b: Politoed|77/100\n|move|p2a: Farigiraf|Hyper Voice|p1b: Politoed|[spread] p1b\n|-activate|p1a: Cocktail|move: Protect\n|-damage|p1b: Politoed|55/100\n|\n|-weather|RainDance|[upkeep]\n|-heal|p1b: Politoed|61/100|[from] item: Leftovers\n|-fieldend|move: Trick Room\n|-fieldend|move: Gravity\n|upkeep\n|turn|6\n|\n|t:|1776540301\n|switch|p2b: Incineroar|Incineroar, L50, M, shiny|100/100\n|-ability|p2b: Incineroar|Intimidate|boost\n|-unboost|p1a: Cocktail|atk|1\n|-unboost|p1b: Politoed|atk|1\n|move|p1a: Cocktail|Waterfall|p2b: Incineroar\n|-supereffective|p2b: Incineroar|1\n|-damage|p2b: Incineroar|39/100\n|-enditem|p2b: Incineroar|Sitrus Berry|[eat]\n|-heal|p2b: Incineroar|63/100|[from] item: Sitrus Berry\n|move|p1b: Politoed|Muddy Water|p2b: Incineroar|[spread] p2a,p2b\n|-supereffective|p2b: Incineroar|1\n|-damage|p2a: Farigiraf|28/100\n|-damage|p2b: Incineroar|0 fnt\n|faint|p2b: Incineroar\n|move|p2a: Farigiraf|Trick Room|p2a: Farigiraf\n|-fieldstart|move: Trick Room|[of] p2a: Farigiraf\n|\n|-weather|RainDance|[upkeep]\n|-heal|p1b: Politoed|67/100|[from] item: Leftovers\n|upkeep\n|\n|t:|1776540316\n|switch|p2b: Torkoal|Torkoal, L50, M|66/100\n|-weather|SunnyDay|[from] ability: Drought|[of] p2b: Torkoal\n|turn|7\n|\n|t:|1776540338\n|switch|p1b: Noivern|Noivern, L50, F|100/100\n|move|p1a: Cocktail|Protect|p1a: Cocktail\n|-singleturn|p1a: Cocktail|Protect\n|move|p2b: Torkoal|Heat Wave|p1b: Noivern|[spread] p1b\n|-activate|p1a: Cocktail|move: Protect\n|-resisted|p1b: Noivern|1\n|-damage|p1b: Noivern|72/100\n|move|p2a: Farigiraf|Hyper Voice|p1a: Cocktail|[spread] p1b\n|-activate|p1a: Cocktail|move: Protect\n|-damage|p1b: Noivern|38/100\n|\n|-weather|SunnyDay|[upkeep]\n|upkeep\n|turn|8\n|\n|t:|1776540356\n|switch|p1a: Politoed|Politoed, L50, M, shiny|67/100\n|-weather|RainDance|[from] ability: Drizzle|[of] p1a: Politoed\n|move|p1b: Noivern|Protect|p1b: Noivern\n|-singleturn|p1b: Noivern|Protect\n|move|p2b: Torkoal|Heat Wave|p1b: Noivern|[spread] \n|-activate|p1b: Noivern|move: Protect\n|-miss|p2b: Torkoal|p1a: Politoed\n|move|p2a: Farigiraf|Hyper Voice|p1b: Noivern|[spread] p1a\n|-activate|p1b: Noivern|move: Protect\n|-damage|p1a: Politoed|44/100\n|\n|-weather|RainDance|[upkeep]\n|-heal|p1a: Politoed|50/100|[from] item: Leftovers\n|upkeep\n|turn|9\n|\n|t:|1776540374\n|switch|p1b: Jew|Sableye, L50, M, shiny|100/100\n|move|p2b: Torkoal|Heat Wave|p1b: Jew|[spread] p1b\n|-miss|p2b: Torkoal|p1a: Politoed\n|-damage|p1b: Jew|85/100\n|move|p2a: Farigiraf|Hyper Voice|p1a: Politoed|[spread] p1a\n|-immune|p1b: Jew\n|-damage|p1a: Politoed|30/100\n|move|p1a: Politoed|Muddy Water|p2a: Farigiraf|[spread] p2a,p2b\n|-supereffective|p2b: Torkoal|1\n|-damage|p2a: Farigiraf|0 fnt\n|-damage|p2b: Torkoal|0 fnt\n|faint|p2a: Farigiraf\n|faint|p2b: Torkoal\n|\n|-weather|RainDance|[upkeep]\n|-heal|p1a: Politoed|36/100|[from] item: Leftovers\n|upkeep\n|\n|t:|1776540382\n|switch|p2a: Golurk|Golurk, L50, shiny|100/100\n|turn|10\n|inactive|Donny Donnerson has 30 seconds left.\n|\n|t:|1776540412\n|switch|p1b: Cocktail|Gyarados, L50, F, shiny|77/100\n|-ability|p1b: Cocktail|Intimidate|boost\n|-unboost|p2a: Golurk|atk|1\n|detailschange|p2a: Golurk|Golurk-Mega, L50, shiny\n|-mega|p2a: Golurk|Golurk|Golurkite\n|move|p1a: Politoed|Protect|p1a: Politoed\n|-singleturn|p1a: Politoed|Protect\n|move|p2a: Golurk|Poltergeist|p1b: Cocktail\n|-activate|p1b: Cocktail|move: Poltergeist|King's Rock\n|-damage|p1b: Cocktail|21/100\n|\n|-weather|RainDance|[upkeep]\n|-heal|p1a: Politoed|42/100|[from] item: Leftovers\n|-fieldend|move: Trick Room\n|upkeep\n|turn|11\n|c|\u2606Donny Donnerson|gg\n|\n|t:|1776540429\n|move|p1b: Cocktail|Waterfall|p2a: Golurk\n|-supereffective|p2a: Golurk|1\n|-crit|p2a: Golurk\n|-damage|p2a: Golurk|0 fnt\n|faint|p2a: Golurk\n|\n|win|Donny Donnerson\n|raw|Donny Donnerson's rating: 1133 &rarr; <strong>1157</strong><br />(+24 for winning)\n|raw|strangleroot's rating: 1124 &rarr; <strong>1100</strong><br />(-24 for losing)\n|l|\u2606strangleroot\n|player|p2|\n",
  "uploadtime": 1776540440,
  "views": 19,
  "formatid": "gen9championsvgc2026regma",
  "rating": 1100,
  "private": 0,
  "password": null
}