{
  "id": "gen9championsvgc2026regma-2580501968",
  "format": "[Gen 9 Champions] VGC 2026 Reg M-A",
  "players": [
    "6smallgenius6",
    "do u smell it"
  ],
  "log": "|j|\u26066smallgenius6\n|j|\u2606do u smell it\n|t:|1775905715\n|gametype|doubles\n|player|p1|6smallgenius6|170|1100\n|player|p2|do u smell it|102|1043\n|gen|9\n|tier|[Gen 9 Champions] VGC 2026 Reg M-A\n|rated|\n|rule|Species Clause: Limit one of each Pok\u00e9mon\n|rule|Item Clause: Limit 1 of each item\n|clearpoke\n|poke|p1|Skarmory, L50, M|\n|poke|p1|Mamoswine, L50, M|\n|poke|p1|Sinistcha, L50|\n|poke|p1|Rotom-Wash, L50|\n|poke|p1|Incineroar, L50, M|\n|poke|p1|Primarina, L50, M|\n|poke|p2|Gyarados, L50, M|\n|poke|p2|Clefable, L50, M|\n|poke|p2|Talonflame, L50, F|\n|poke|p2|Sneasler, L50, F|\n|poke|p2|Rotom-Mow, L50|\n|poke|p2|Garchomp, L50, M|\n|teampreview|4\n|\n|t:|1775905765\n|teamsize|p1|4\n|teamsize|p2|4\n|start\n|switch|p1a: Skarmory|Skarmory, L50, M|100/100\n|switch|p1b: Primarina|Primarina, L50, M|100/100\n|switch|p2a: Sneasler|Sneasler, L50, F|100/100\n|switch|p2b: Talonflame|Talonflame, L50, F|100/100\n|turn|1\n|\n|t:|1775905810\n|move|p2a: Sneasler|Fake Out|p1b: Primarina\n|-damage|p1b: Primarina|84/100\n|move|p2b: Talonflame|Flare Blitz|p1a: Skarmory\n|-supereffective|p1a: Skarmory|1\n|-damage|p1a: Skarmory|32/100\n|-damage|p2b: Talonflame|78/100|[from] Recoil\n|move|p1a: Skarmory|Tailwind|p1a: Skarmory\n|-sidestart|p1: 6smallgenius6|move: Tailwind\n|cant|p1b: Primarina|flinch\n|\n|upkeep\n|turn|2\n|\n|t:|1775905828\n|detailschange|p1a: Skarmory|Skarmory-Mega, L50, M\n|-mega|p1a: Skarmory|Skarmory|Skarmorite\n|move|p1a: Skarmory|Drill Peck|p2a: Sneasler\n|-supereffective|p2a: Sneasler|1\n|-damage|p2a: Sneasler|0 fnt\n|faint|p2a: Sneasler\n|move|p1b: Primarina|Hyper Voice|p2b: Talonflame\n|-supereffective|p2b: Talonflame|1\n|-damage|p2b: Talonflame|0 fnt\n|faint|p2b: Talonflame\n|\n|upkeep\n|\n|t:|1775905837\n|switch|p2b: Clefable|Clefable, L50, M|100/100\n|switch|p2a: Gyarados|Gyarados, L50, M|100/100\n|-ability|p2a: Gyarados|Intimidate|boost\n|-unboost|p1a: Skarmory|atk|1\n|-unboost|p1b: Primarina|atk|1\n|turn|3\n|\n|t:|1775905874\n|detailschange|p2a: Gyarados|Gyarados-Mega, L50, M\n|-mega|p2a: Gyarados|Gyarados|Gyaradosite\n|-ability|p2a: Gyarados|Mold Breaker\n|move|p2b: Clefable|Follow Me|p2b: Clefable\n|-singleturn|p2b: Clefable|move: Follow Me\n|move|p1a: Skarmory|Taunt|p2b: Clefable\n|-start|p2b: Clefable|move: Taunt\n|move|p1b: Primarina|Hyper Voice|p2a: Gyarados|[spread] p2a,p2b\n|-resisted|p2a: Gyarados|1\n|-damage|p2a: Gyarados|88/100\n|-damage|p2b: Clefable|72/100\n|move|p2a: Gyarados|Crunch|p1a: Skarmory\n|-damage|p1a: Skarmory|0 fnt\n|faint|p1a: Skarmory\n|\n|upkeep\n|\n|t:|1775905881\n|switch|p1a: Rotom|Rotom-Wash, L50|100/100\n|turn|4\n|\n|t:|1775905893\n|move|p1a: Rotom|Trick|p2b: Clefable\n|-activate|p1a: Rotom|move: Trick|[of] p2b: Clefable\n|-item|p2b: Clefable|Choice Scarf|[from] move: Trick\n|-item|p1a: Rotom|Sitrus Berry|[from] move: Trick\n|move|p1b: Primarina|Moonblast|p2a: Gyarados\n|-supereffective|p2a: Gyarados|1\n|-damage|p2a: Gyarados|20/100\n|-unboost|p2a: Gyarados|spa|1\n|move|p2a: Gyarados|Crunch|p1a: Rotom\n|-damage|p1a: Rotom|50/100\n|-enditem|p1a: Rotom|Sitrus Berry|[eat]\n|-heal|p1a: Rotom|75/100|[from] item: Sitrus Berry\n|move|p2b: Clefable|Moonblast|p1a: Rotom\n|-damage|p1a: Rotom|43/100\n|\n|-sideend|p1: 6smallgenius6|move: Tailwind\n|upkeep\n|turn|5\n|c|\u2606do u smell it|cringe team unalive urself\n|-message|do u smell it forfeited.\n|\n|win|6smallgenius6\n|raw|6smallgenius6's rating: 1100 &rarr; <strong>1121</strong><br />(+21 for winning)\n|raw|do u smell it's rating: 1043 &rarr; <strong>1029</strong><br />(-14 for losing)\n|l|\u2606do u smell it\n|player|p2|\n",
  "uploadtime": 1775905978,
  "views": 12,
  "formatid": "gen9championsvgc2026regma",
  "rating": 1029,
  "private": 0,
  "password": null
}