{
  "id": "gen9championsvgc2026regma-2586015175",
  "format": "[Gen 9 Champions] VGC 2026 Reg M-A",
  "players": [
    "Vectorpd",
    "Lax Machine"
  ],
  "log": "|j|\u2606Vectorpd\n|j|\u2606Lax Machine\n|t:|1776390432\n|gametype|doubles\n|player|p1|Vectorpd|picnicker|1579\n|player|p2|Lax Machine|102|1599\n|gen|9\n|tier|[Gen 9 Champions] VGC 2026 Reg M-A\n|rated|\n|rule|Species Clause: Limit one of each Pok\u00e9mon\n|rule|Item Clause: Limit 1 of each item\n|clearpoke\n|poke|p1|Floette-Eternal, L50, F|\n|poke|p1|Incineroar, L50, M|\n|poke|p1|Sinistcha, L50|\n|poke|p1|Sneasler, L50, F|\n|poke|p1|Pelipper, L50, F|\n|poke|p1|Basculegion, L50, M|\n|poke|p2|Incineroar, L50, F|\n|poke|p2|Whimsicott, L50, M|\n|poke|p2|Blastoise, L50, M|\n|poke|p2|Farigiraf, L50, F|\n|poke|p2|Aegislash, L50, M|\n|poke|p2|Dragonite, L50, M|\n|teampreview|4\n|inactive|Battle timer is ON: inactive players will automatically lose when time's up. (requested by Lax Machine)\n|\n|t:|1776390474\n|teamsize|p1|4\n|teamsize|p2|4\n|start\n|switch|p1a: Pelipper|Pelipper, L50, F|100/100\n|switch|p1b: Floette|Floette-Eternal, L50, F|100/100\n|switch|p2a: Dragonite|Dragonite, L50, M|100/100\n|switch|p2b: Aegislash|Aegislash, L50, M|100/100\n|-weather|RainDance|[from] ability: Drizzle|[of] p1a: Pelipper\n|turn|1\n|\n|t:|1776390492\n|detailschange|p1b: Floette|Floette-Mega, L50, F\n|-mega|p1b: Floette|Floette|Floettite\n|-ability|p1b: Floette|Fairy Aura\n|move|p1b: Floette|Light of Ruin|p2b: Aegislash\n|-resisted|p2b: Aegislash|1\n|-damage|p2b: Aegislash|49/100\n|-damage|p1b: Floette|77/100|[from] Recoil\n|move|p2a: Dragonite|Scale Shot|p1a: Pelipper\n|-damage|p1a: Pelipper|78/100\n|-damage|p1a: Pelipper|56/100\n|-damage|p1a: Pelipper|31/100\n|-hitcount|p1a: Pelipper|3\n|-unboost|p2a: Dragonite|def|1\n|-boost|p2a: Dragonite|spe|1\n|move|p1a: Pelipper|Weather Ball|p2b: Aegislash\n|-damage|p2b: Aegislash|0 fnt\n|faint|p2b: Aegislash\n|\n|-weather|RainDance|[upkeep]\n|upkeep\n|j| jollyb\n|\n|t:|1776390511\n|switch|p2b: Whimsicott|Whimsicott, L50, M|100/100\n|turn|2\n|\n|t:|1776390529\n|switch|p1a: Incineroar|Incineroar, L50, M|100/100\n|-ability|p1a: Incineroar|Intimidate|boost\n|-unboost|p2a: Dragonite|atk|1\n|-unboost|p2b: Whimsicott|atk|1\n|move|p2a: Dragonite|Protect|p2a: Dragonite\n|-singleturn|p2a: Dragonite|Protect\n|move|p2b: Whimsicott|Encore|p1b: Floette\n|-start|p1b: Floette|Encore\n|move|p1b: Floette|Light of Ruin|p2b: Whimsicott\n|-enditem|p2b: Whimsicott|Focus Sash\n|-damage|p2b: Whimsicott|1/100\n|-damage|p1b: Floette|33/100|[from] Recoil\n|\n|-weather|RainDance|[upkeep]\n|upkeep\n|turn|3\n|inactive|Lax Machine has 30 seconds left.\n|\n|t:|1776390556\n|move|p2b: Whimsicott|Protect|p2b: Whimsicott\n|-singleturn|p2b: Whimsicott|Protect\n|move|p1a: Incineroar|Fake Out|p2a: Dragonite\n|-damage|p2a: Dragonite|92/100\n|cant|p2a: Dragonite|flinch\n|move|p1b: Floette|Light of Ruin|p2a: Dragonite\n|-supereffective|p2a: Dragonite|1\n|-damage|p2a: Dragonite|0 fnt\n|faint|p2a: Dragonite\n|-damage|p1b: Floette|0 fnt|[from] Recoil\n|faint|p1b: Floette\n|\n|-weather|RainDance|[upkeep]\n|upkeep\n|\n|t:|1776390566\n|switch|p1b: Basculegion|Basculegion, L50, M|100/100\n|switch|p2a: Me?RideOn|Blastoise, L50, M|100/100\n|turn|4\n|\n|t:|1776390577\n|detailschange|p2a: Me?RideOn|Blastoise-Mega, L50, M\n|-mega|p2a: Me?RideOn|Blastoise|Blastoisinite\n|move|p1b: Basculegion|Aqua Jet|p2b: Whimsicott\n|-resisted|p2b: Whimsicott|1\n|-damage|p2b: Whimsicott|0 fnt\n|faint|p2b: Whimsicott\n|move|p2a: Me?RideOn|Dark Pulse|p1b: Basculegion\n|-supereffective|p1b: Basculegion|1\n|-damage|p1b: Basculegion|0 fnt\n|faint|p1b: Basculegion\n|move|p1a: Incineroar|Parting Shot|p2a: Me?RideOn\n|-unboost|p2a: Me?RideOn|atk|1\n|-unboost|p2a: Me?RideOn|spa|1\n|\n|t:|1776390586\n|switch|p1a: Pelipper|Pelipper, L50, F|31/100|[from] Parting Shot\n|\n|-weather|RainDance|[upkeep]\n|upkeep\n|\n|t:|1776390587\n|switch|p1b: Incineroar|Incineroar, L50, M|100/100\n|-ability|p1b: Incineroar|Intimidate|boost\n|-unboost|p2a: Me?RideOn|atk|1\n|turn|5\n|\n|t:|1776390592\n|move|p2a: Me?RideOn|Protect|p2a: Me?RideOn\n|-singleturn|p2a: Me?RideOn|Protect\n|move|p1b: Incineroar|Fake Out|p2a: Me?RideOn\n|-activate|p2a: Me?RideOn|move: Protect\n|move|p1a: Pelipper|Tailwind|p1a: Pelipper\n|-sidestart|p1: Vectorpd|move: Tailwind\n|\n|-weather|none\n|upkeep\n|turn|6\n|\n|t:|1776390599\n|move|p1b: Incineroar|Darkest Lariat|p2a: Me?RideOn\n|-damage|p2a: Me?RideOn|69/100\n|move|p1a: Pelipper|Hurricane|p2a: Me?RideOn\n|-damage|p2a: Me?RideOn|17/100\n|move|p2a: Me?RideOn|Dark Pulse|p1a: Pelipper\n|-damage|p1a: Pelipper|0 fnt\n|faint|p1a: Pelipper\n|\n|upkeep\n|turn|7\n|\n|t:|1776390607\n|move|p2a: Me?RideOn|Protect|p2a: Me?RideOn\n|-singleturn|p2a: Me?RideOn|Protect\n|move|p1b: Incineroar|Darkest Lariat|p2a: Me?RideOn\n|-activate|p2a: Me?RideOn|move: Protect\n|\n|upkeep\n|turn|8\n|l| jollyb\n|\n|t:|1776390610\n|move|p2a: Me?RideOn|Protect||[still]\n|-fail|p2a: Me?RideOn\n|move|p1b: Incineroar|Darkest Lariat|p2a: Me?RideOn\n|-damage|p2a: Me?RideOn|0 fnt\n|faint|p2a: Me?RideOn\n|\n|win|Vectorpd\n|raw|Vectorpd's rating: 1579 &rarr; <strong>1600</strong><br />(+21 for winning)\n|raw|Lax Machine's rating: 1599 &rarr; <strong>1578</strong><br />(-21 for losing)\n|l|\u2606Lax Machine\n|player|p2|\n|l|\u2606Vectorpd\n|player|p1|\n",
  "uploadtime": 1776390649,
  "views": 69,
  "formatid": "gen9championsvgc2026regma",
  "rating": 1578,
  "private": 0,
  "password": null
}