{
  "id": "gen9championsvgc2026regma-2581347615",
  "format": "[Gen 9 Champions] VGC 2026 Reg M-A",
  "players": [
    "Gl3z",
    "abcdtomato"
  ],
  "log": "|j|\u2606Gl3z\n|j|\u2606abcdtomato\n|t:|1775989916\n|gametype|doubles\n|player|p1|Gl3z|boarder|1104\n|player|p2|abcdtomato|101|1039\n|gen|9\n|tier|[Gen 9 Champions] VGC 2026 Reg M-A\n|rated|\n|rule|Species Clause: Limit one of each Pok\u00e9mon\n|rule|Item Clause: Limit 1 of each item\n|clearpoke\n|poke|p1|Gengar, L50, M|\n|poke|p1|Whimsicott, L50, F|\n|poke|p1|Incineroar, L50, M|\n|poke|p1|Milotic, L50, M|\n|poke|p1|Tyranitar, L50, F|\n|poke|p1|Garchomp, L50, F|\n|poke|p2|Floette-Eternal, L50, F|\n|poke|p2|Aerodactyl, L50, M|\n|poke|p2|Incineroar, L50, F|\n|poke|p2|Garchomp, L50, F|\n|poke|p2|Sneasler, L50, F|\n|poke|p2|Basculegion, L50, M|\n|teampreview|4\n|inactive|Battle timer is ON: inactive players will automatically lose when time's up. (requested by Gl3z)\nabcdtomato rejected open team sheets.\n|inactive|Gl3z has 60 seconds left.\n|\n|t:|1775989955\n|teamsize|p1|4\n|teamsize|p2|4\n|start\n|switch|p1a: Gengar|Gengar, L50, M|100/100\n|switch|p1b: Milotic|Milotic, L50, M|100/100\n|switch|p2a: Aerodactyl|Aerodactyl, L50, M|100/100\n|switch|p2b: Garchomp|Garchomp, L50, F|100/100\n|-ability|p2a: Aerodactyl|Unnerve\n|turn|1\n|\n|t:|1775989977\n|detailschange|p1a: Gengar|Gengar-Mega, L50, M\n|-mega|p1a: Gengar|Gengar|Gengarite\n|move|p1a: Gengar|Shadow Ball|p2b: Garchomp\n|-damage|p2b: Garchomp|48/100\n|move|p2a: Aerodactyl|Tailwind|p2a: Aerodactyl\n|-sidestart|p2: abcdtomato|move: Tailwind\n|move|p2b: Garchomp|Earthquake|p1b: Milotic|[spread] p1a,p1b\n|-immune|p2a: Aerodactyl\n|-supereffective|p1a: Gengar|1\n|-damage|p1a: Gengar|0 fnt\n|-damage|p1b: Milotic|69/100\n|faint|p1a: Gengar\n|move|p1b: Milotic|Scald|p2b: Garchomp\n|-damage|p2b: Garchomp|18/100\n|\n|-heal|p1b: Milotic|75/100|[from] item: Leftovers\n|upkeep\n|\n|t:|1775989988\n|switch|p1a: Tyranitar|Tyranitar, L50, F|100/100\n|-weather|Sandstorm|[from] ability: Sand Stream|[of] p1a: Tyranitar\n|turn|2\n|\n|t:|1775989999\n|switch|p1a: Whimsicott|Whimsicott, L50, F|100/100\n|move|p2a: Aerodactyl|Protect|p2a: Aerodactyl\n|-singleturn|p2a: Aerodactyl|Protect\n|move|p2b: Garchomp|Earthquake|p1b: Milotic|[spread] p1a,p1b\n|-activate|p2a: Aerodactyl|move: Protect\n|-resisted|p1a: Whimsicott|1\n|-damage|p1a: Whimsicott|77/100\n|-damage|p1b: Milotic|42/100\n|move|p1b: Milotic|Icy Wind|p2b: Garchomp|[spread] p2b\n|-activate|p2a: Aerodactyl|move: Protect\n|-supereffective|p2b: Garchomp|2\n|-damage|p2b: Garchomp|0 fnt\n|faint|p2b: Garchomp\n|\n|-weather|Sandstorm|[upkeep]\n|-damage|p1a: Whimsicott|71/100|[from] Sandstorm\n|-damage|p1b: Milotic|36/100|[from] Sandstorm\n|-heal|p1b: Milotic|42/100|[from] item: Leftovers\n|upkeep\n|\n|t:|1775990003\n|switch|p2b: Floette|Floette-Eternal, L50, F|100/100\n|turn|3\n|\n|t:|1775990019\n|detailschange|p2b: Floette|Floette-Mega, L50, F\n|-mega|p2b: Floette|Floette|Floettite\n|-ability|p2b: Floette|Fairy Aura\n|move|p1a: Whimsicott|Tailwind|p1a: Whimsicott\n|-sidestart|p1: Gl3z|move: Tailwind\n|move|p2a: Aerodactyl|Dual Wingbeat|p1a: Whimsicott|[miss]\n|-miss|p2a: Aerodactyl|p1a: Whimsicott\n|move|p2b: Floette|Moonblast|p1b: Milotic\n|-damage|p1b: Milotic|0 fnt\n|faint|p1b: Milotic\n|\n|-weather|Sandstorm|[upkeep]\n|-damage|p1a: Whimsicott|65/100|[from] Sandstorm\n|-damage|p2b: Floette|94/100|[from] Sandstorm\n|upkeep\n|\n|t:|1775990031\n|switch|p1b: Tyranitar|Tyranitar, L50, F|100/100\n|turn|4\n|\n|t:|1775990039\n|move|p2a: Aerodactyl|Dual Wingbeat|p1a: Whimsicott\n|-supereffective|p1a: Whimsicott|1\n|-damage|p1a: Whimsicott|21/100\n|-supereffective|p1a: Whimsicott|1\n|-damage|p1a: Whimsicott|0 fnt\n|faint|p1a: Whimsicott\n|-hitcount|p1: Whimsicott|2\n|move|p2b: Floette|Moonblast|p1b: Tyranitar\n|-supereffective|p1b: Tyranitar|1\n|-damage|p1b: Tyranitar|22/100\n|move|p1b: Tyranitar|Rock Slide|p2b: Floette|[spread] p2a,p2b\n|-supereffective|p2a: Aerodactyl|1\n|-enditem|p2a: Aerodactyl|Focus Sash\n|-damage|p2a: Aerodactyl|1/100\n|-damage|p2b: Floette|58/100\n|\n|-weather|Sandstorm|[upkeep]\n|-damage|p2b: Floette|52/100|[from] Sandstorm\n|-sideend|p2: abcdtomato|move: Tailwind\n|upkeep\n|turn|5\n|-message|Gl3z forfeited.\n|\n|win|abcdtomato\n|raw|Gl3z's rating: 1104 &rarr; <strong>1074</strong><br />(-30 for losing)\n|raw|abcdtomato's rating: 1039 &rarr; <strong>1079</strong><br />(+40 for winning)\n|l|\u2606Gl3z\n|player|p1|\n",
  "uploadtime": 1775990064,
  "views": 17,
  "formatid": "gen9championsvgc2026regma",
  "rating": 1074,
  "private": 0,
  "password": null
}