{
  "id": "gen9championsvgc2026regma-2587057978",
  "format": "[Gen 9 Champions] VGC 2026 Reg M-A",
  "players": [
    "SkeledirgeCVFentyl",
    "MegaCeruarkZ"
  ],
  "log": "|j|\u2606SkeledirgeCVFentyl\n|j|\u2606MegaCeruarkZ\n|t:|1776487835\n|gametype|doubles\n|player|p1|SkeledirgeCVFentyl|colress|\n|player|p2|MegaCeruarkZ|170|\n|gen|9\n|tier|[Gen 9 Champions] VGC 2026 Reg M-A\n|rule|Species Clause: Limit one of each Pok\u00e9mon\n|rule|Item Clause: Limit 1 of each item\n|clearpoke\n|poke|p1|Chandelure, L50, M, shiny|\n|poke|p1|Sneasler, L50, M|\n|poke|p1|Sinistcha, L50|\n|poke|p1|Sylveon, L50, F|\n|poke|p1|Greninja, L50, M, shiny|\n|poke|p1|Incineroar, L50, M|\n|poke|p2|Froslass, L50, F, shiny|\n|poke|p2|Clefable, L50, F, shiny|\n|poke|p2|Rotom-Mow, L50, shiny|\n|poke|p2|Corviknight, L50, M, shiny|\n|poke|p2|Incineroar, L50, F, shiny|\n|poke|p2|Basculegion, L50, M, shiny|\n|teampreview|4\n|inactive|Battle timer is ON: inactive players will automatically lose when time's up. (requested by SkeledirgeCVFentyl)\n|inactiveoff|Battle timer is now OFF.\n|\n|t:|1776487888\n|teamsize|p1|4\n|teamsize|p2|4\n|start\n|switch|p1a: Slasher|Sneasler, L50, M|100/100\n|switch|p1b: Tiny|Incineroar, L50, M|100/100\n|switch|p2a: WolfeyVGC|Incineroar, L50, F, shiny|100/100\n|switch|p2b: BIG BIRD|Corviknight, L50, M, shiny|100/100\n|-ability|p2a: WolfeyVGC|Intimidate|boost\n|-unboost|p1a: Slasher|atk|1\n|-unboost|p1b: Tiny|atk|1\n|-ability|p2b: BIG BIRD|Pressure\n|-ability|p1b: Tiny|Intimidate|boost\n|-unboost|p2a: WolfeyVGC|atk|1\n|-unboost|p2b: BIG BIRD|atk|1\n|turn|1\n|\n|t:|1776487908\n|move|p1a: Slasher|Fake Out|p2a: WolfeyVGC\n|-damage|p2a: WolfeyVGC|90/100\n|cant|p2a: WolfeyVGC|flinch\n|move|p2b: BIG BIRD|Tailwind|p2b: BIG BIRD\n|-sidestart|p2: MegaCeruarkZ|move: Tailwind\n|move|p1b: Tiny|Flare Blitz|p2b: BIG BIRD\n|-supereffective|p2b: BIG BIRD|1\n|-damage|p2b: BIG BIRD|31/100\n|-damage|p1b: Tiny|81/100|[from] Recoil\n|\n|-heal|p2b: BIG BIRD|36/100|[from] item: Leftovers\n|upkeep\n|turn|2\n|\n|t:|1776487933\n|move|p2b: BIG BIRD|Protect|p2b: BIG BIRD\n|-singleturn|p2b: BIG BIRD|Protect\n|move|p2a: WolfeyVGC|Fake Out||[still]\n|-hint|Fake Out only works on your first turn out.\n|-fail|p2a: WolfeyVGC\n|move|p1a: Slasher|Close Combat|p2a: WolfeyVGC\n|-supereffective|p2a: WolfeyVGC|1\n|-damage|p2a: WolfeyVGC|0 fnt\n|-unboost|p1a: Slasher|def|1\n|-unboost|p1a: Slasher|spd|1\n|faint|p2a: WolfeyVGC\n|move|p1b: Tiny|Parting Shot|p2b: BIG BIRD\n|-activate|p2b: BIG BIRD|move: Protect\n|\n|-heal|p2b: BIG BIRD|42/100|[from] item: Leftovers\n|upkeep\n|\n|t:|1776487965\n|switch|p2a: Vergil|Froslass, L50, F, shiny|100/100\n|turn|3\n|\n|t:|1776487980\n|detailschange|p2a: Vergil|Froslass-Mega, L50, F, shiny\n|-mega|p2a: Vergil|Froslass|Froslassite\n|-weather|Snowscape|[from] ability: Snow Warning|[of] p2a: Vergil\n|move|p2a: Vergil|Draining Kiss|p1b: Tiny\n|-damage|p1b: Tiny|62/100\n|move|p2b: BIG BIRD|Roost|p2b: BIG BIRD\n|-heal|p2b: BIG BIRD|92/100\n|-singleturn|p2b: BIG BIRD|move: Roost\n|move|p1a: Slasher|Close Combat|p2b: BIG BIRD\n|-supereffective|p2b: BIG BIRD|1\n|-damage|p2b: BIG BIRD|16/100\n|-unboost|p1a: Slasher|def|1\n|-unboost|p1a: Slasher|spd|1\n|move|p1b: Tiny|Flare Blitz|p2a: Vergil\n|-supereffective|p2a: Vergil|1\n|-damage|p2a: Vergil|0 fnt\n|faint|p2a: Vergil\n|-damage|p1b: Tiny|39/100|[from] Recoil\n|-enditem|p1b: Tiny|Sitrus Berry|[eat]\n|-heal|p1b: Tiny|63/100|[from] item: Sitrus Berry\n|\n|-weather|Snowscape|[upkeep]\n|-heal|p2b: BIG BIRD|22/100|[from] item: Leftovers\n|upkeep\n|\n|t:|1776488000\n|switch|p2a: Reaper|Basculegion, L50, M, shiny|100/100\n|turn|4\n|\n|t:|1776488012\n|move|p2a: Reaper|Last Respects|p1a: Slasher\n|-enditem|p1a: Slasher|Focus Sash\n|-damage|p1a: Slasher|1/100\n|move|p1a: Slasher|Dire Claw|p2b: BIG BIRD\n|-immune|p2b: BIG BIRD\n|move|p2b: BIG BIRD|Body Press|p1b: Tiny\n|-supereffective|p1b: Tiny|1\n|-damage|p1b: Tiny|13/100\n|move|p1b: Tiny|Parting Shot|p2a: Reaper\n|-unboost|p2a: Reaper|atk|1\n|-unboost|p2a: Reaper|spa|1\n|\n|t:|1776488020\n|switch|p1b: Mx. Matcha|Sinistcha, L50|100/100|[from] Parting Shot\n|-heal|p1a: Slasher|26/100|[from] ability: Hospitality|[of] p1b: Mx. Matcha\n|\n|-weather|Snowscape|[upkeep]\n|-heal|p2b: BIG BIRD|27/100|[from] item: Leftovers\n|-sideend|p2: MegaCeruarkZ|move: Tailwind\n|upkeep\n|turn|5\n|\n|t:|1776488033\n|switch|p1b: Tiny|Incineroar, L50, M|13/100\n|-ability|p1b: Tiny|Intimidate|boost\n|-unboost|p2a: Reaper|atk|1\n|-unboost|p2b: BIG BIRD|atk|1\n|move|p1a: Slasher|Protect|p1a: Slasher\n|-singleturn|p1a: Slasher|Protect\n|move|p2a: Reaper|Last Respects|p1b: Tiny\n|-resisted|p1b: Tiny|1\n|-damage|p1b: Tiny|0 fnt\n|faint|p1b: Tiny\n|move|p2b: BIG BIRD|Body Press|p1a: Slasher\n|-activate|p1a: Slasher|move: Protect\n|\n|-weather|Snowscape|[upkeep]\n|-heal|p2b: BIG BIRD|33/100|[from] item: Leftovers\n|upkeep\n|\n|t:|1776488046\n|switch|p1b: Eclipse|Chandelure, L50, M, shiny|100/100\n|turn|6\n|\n|t:|1776488056\n|detailschange|p1b: Eclipse|Chandelure-Mega, L50, M, shiny\n|-mega|p1b: Eclipse|Chandelure|Chandelurite\n|move|p1b: Eclipse|Protect|p1b: Eclipse\n|-singleturn|p1b: Eclipse|Protect\n|move|p1a: Slasher|Close Combat|p2b: BIG BIRD\n|-damage|p2b: BIG BIRD|0 fnt\n|-unboost|p1a: Slasher|def|1\n|-unboost|p1a: Slasher|spd|1\n|faint|p2b: BIG BIRD\n|move|p2a: Reaper|Last Respects|p1b: Eclipse\n|-activate|p1b: Eclipse|move: Protect\n|\n|-weather|Snowscape|[upkeep]\n|upkeep\n|turn|7\n|\n|t:|1776488079\n|move|p1a: Slasher|Dire Claw|p2a: Reaper\n|-resisted|p2a: Reaper|1\n|-damage|p2a: Reaper|80/100\n|move|p2a: Reaper|Last Respects|p1b: Eclipse\n|-supereffective|p1b: Eclipse|1\n|-damage|p1b: Eclipse|0 fnt\n|faint|p1b: Eclipse\n|\n|-weather|none\n|upkeep\n|\n|t:|1776488085\n|switch|p1b: Mx. Matcha|Sinistcha, L50|100/100\n|-heal|p1a: Slasher|51/100|[from] ability: Hospitality|[of] p1b: Mx. Matcha\n|turn|8\n|\n|t:|1776488090\n|move|p1a: Slasher|Dire Claw|p2a: Reaper\n|-resisted|p2a: Reaper|1\n|-damage|p2a: Reaper|59/100\n|-status|p2a: Reaper|par\n|cant|p2a: Reaper|par\n|move|p1b: Mx. Matcha|Matcha Gotcha|p2a: Reaper\n|-supereffective|p2a: Reaper|1\n|-damage|p2a: Reaper|0 fnt\n|faint|p2a: Reaper\n|\n|win|SkeledirgeCVFentyl\n",
  "uploadtime": 1776488102,
  "views": 15,
  "formatid": "gen9championsvgc2026regma",
  "rating": null,
  "private": 0,
  "password": null
}