{
  "id": "gen9championsvgc2026regma-2586947543",
  "format": "[Gen 9 Champions] VGC 2026 Reg M-A",
  "players": [
    "25th_mang",
    "mykulvgc"
  ],
  "log": "|j|\u260625th_mang\n|j|\u2606mykulvgc\n|t:|1776474556\n|gametype|doubles\n|player|p1|25th_mang|ballguy|1305\n|player|p2|mykulvgc|chuck|1250\n|gen|9\n|tier|[Gen 9 Champions] VGC 2026 Reg M-A\n|rated|\n|rule|Species Clause: Limit one of each Pok\u00e9mon\n|rule|Item Clause: Limit 1 of each item\n|clearpoke\n|poke|p1|Blastoise, L50, F|\n|poke|p1|Kingambit, L50, F|\n|poke|p1|Kangaskhan, L50, F|\n|poke|p1|Sinistcha-Masterpiece, L50|\n|poke|p1|Aerodactyl, L50, M|\n|poke|p1|Farigiraf, L50, M|\n|poke|p2|Garchomp, L50, M|\n|poke|p2|Delphox, L50, F|\n|poke|p2|Whimsicott, L50, F|\n|poke|p2|Lucario, L50, F|\n|poke|p2|Farigiraf, L50, M|\n|poke|p2|Gyarados, L50, M|\n|teampreview|4\n|inactive|Battle timer is ON: inactive players will automatically lose when time's up. (requested by mykulvgc)\n|inactive|25th_mang also wants the timer to be on.\n|inactive|25th_mang has 60 seconds left.\n|inactive|mykulvgc has 60 seconds left.\n|inactive|mykulvgc has 30 seconds left.\n|inactive|mykulvgc has 20 seconds left.\n|inactive|mykulvgc has 15 seconds left.\n|\n|t:|1776474632\n|teamsize|p1|4\n|teamsize|p2|4\n|start\n|switch|p1a: Farigiraf|Farigiraf, L50, M, shiny|100/100\n|switch|p1b: Blastoise|Blastoise, L50, F|100/100\n|switch|p2a: Lucario|Lucario, L50, F|100/100\n|switch|p2b: Whimsicott|Whimsicott, L50, F|100/100\n|turn|1\n|\n|t:|1776474647\n|detailschange|p2a: Lucario|Lucario-Mega, L50, F\n|-mega|p2a: Lucario|Lucario|Lucarionite\n|move|p1b: Blastoise|Fake Out|p2a: Lucario\n|-resisted|p2a: Lucario|1\n|-damage|p2a: Lucario|96/100\n|move|p2b: Whimsicott|Moonblast|p1a: Farigiraf\n|-damage|p1a: Farigiraf|72/100\n|cant|p2a: Lucario|flinch\n|move|p1a: Farigiraf|Trick Room|p1a: Farigiraf\n|-fieldstart|move: Trick Room|[of] p1a: Farigiraf\n|\n|upkeep\n|turn|2\n|\n|t:|1776474660\n|switch|p2a: Gyarados|Gyarados, L50, M|100/100\n|-ability|p2a: Gyarados|Intimidate|boost\n|-unboost|p1a: Farigiraf|atk|1\n|-unboost|p1b: Blastoise|atk|1\n|detailschange|p1b: Blastoise|Blastoise-Mega, L50, F\n|-mega|p1b: Blastoise|Blastoise|Blastoisinite\n|move|p1a: Farigiraf|Rain Dance|p1a: Farigiraf\n|-weather|RainDance\n|move|p1b: Blastoise|Water Spout|p2b: Whimsicott|[spread] p2a,p2b\n|-resisted|p2a: Gyarados|1\n|-resisted|p2b: Whimsicott|1\n|-damage|p2a: Gyarados|56/100\n|-damage|p2b: Whimsicott|29/100\n|move|p2b: Whimsicott|Moonblast|p1b: Blastoise\n|-damage|p1b: Blastoise|79/100\n|\n|-weather|RainDance|[upkeep]\n|-heal|p2a: Gyarados|62/100|[from] item: Leftovers\n|upkeep\n|turn|3\n|inactive|25th_mang has 30 seconds left.\n|\n|t:|1776474688\n|move|p1a: Farigiraf|Helping Hand|p1b: Blastoise\n|-singleturn|p1b: Blastoise|Helping Hand|[of] p1a: Farigiraf\n|move|p2b: Whimsicott|Sunny Day|p2b: Whimsicott\n|-weather|SunnyDay\n|move|p2a: Gyarados|Crunch|p1b: Blastoise\n|-damage|p1b: Blastoise|53/100\n|move|p1b: Blastoise|Water Spout|p2a: Gyarados|[spread] p2a,p2b\n|-resisted|p2a: Gyarados|1\n|-resisted|p2b: Whimsicott|1\n|-damage|p2a: Gyarados|51/100\n|-damage|p2b: Whimsicott|12/100\n|\n|-weather|SunnyDay|[upkeep]\n|-heal|p2a: Gyarados|57/100|[from] item: Leftovers\n|upkeep\n|turn|4\n|\n|t:|1776474709\n|switch|p1a: Sinistcha|Sinistcha-Masterpiece, L50|100/100\n|-heal|p1b: Blastoise|78/100|[from] ability: Hospitality|[of] p1a: Sinistcha\n|move|p2b: Whimsicott|Tailwind|p2b: Whimsicott\n|-sidestart|p2: mykulvgc|move: Tailwind\n|move|p1b: Blastoise|Dark Pulse|p2a: Gyarados\n|-damage|p2a: Gyarados|14/100\n|move|p2a: Gyarados|Crunch|p1a: Sinistcha\n|-supereffective|p1a: Sinistcha|1\n|-enditem|p1a: Sinistcha|Colbur Berry|[eat]\n|-enditem|p1a: Sinistcha|Colbur Berry|[weaken]\n|-damage|p1a: Sinistcha|75/100\n|\n|-weather|SunnyDay|[upkeep]\n|-heal|p2a: Gyarados|20/100|[from] item: Leftovers\n|upkeep\n|turn|5\n|inactive|25th_mang has 30 seconds left.\n|\n|t:|1776474735\n|move|p1a: Sinistcha|Life Dew|p1a: Sinistcha|[spread] p1a,p1b\n|-heal|p1a: Sinistcha|100/100\n|-heal|p1b: Blastoise|100/100\n|move|p1b: Blastoise|Water Spout|p2b: Whimsicott|[spread] p2a,p2b\n|-resisted|p2a: Gyarados|1\n|-resisted|p2b: Whimsicott|1\n|-damage|p2a: Gyarados|7/100\n|-damage|p2b: Whimsicott|0 fnt\n|faint|p2b: Whimsicott\n|move|p2a: Gyarados|Crunch|p1a: Sinistcha\n|-supereffective|p1a: Sinistcha|1\n|-damage|p1a: Sinistcha|53/100\n|\n|-weather|SunnyDay|[upkeep]\n|-heal|p2a: Gyarados|13/100|[from] item: Leftovers\n|-fieldend|move: Trick Room\n|upkeep\n|\n|t:|1776474740\n|switch|p2b: Lucario|Lucario-Mega, L50, F|96/100\n|turn|6\n|\n|t:|1776474756\n|switch|p1b: Farigiraf|Farigiraf, L50, M, shiny|72/100\n|move|p2b: Lucario|Close Combat|p1b: Farigiraf\n|-damage|p1b: Farigiraf|3/100\n|-unboost|p2b: Lucario|def|1\n|-unboost|p2b: Lucario|spd|1\n|-enditem|p1b: Farigiraf|Sitrus Berry|[eat]\n|-heal|p1b: Farigiraf|28/100|[from] item: Sitrus Berry\n|move|p2a: Gyarados|Crunch|p1a: Sinistcha\n|-supereffective|p1a: Sinistcha|1\n|-damage|p1a: Sinistcha|2/100\n|move|p1a: Sinistcha|Trick Room|p1a: Sinistcha\n|-fieldstart|move: Trick Room|[of] p1a: Sinistcha\n|\n|-weather|SunnyDay|[upkeep]\n|-heal|p2a: Gyarados|19/100|[from] item: Leftovers\n|upkeep\n|turn|7\n|inactive|mykulvgc has 30 seconds left.\n|inactive|mykulvgc has 20 seconds left.\n|inactive|mykulvgc has 15 seconds left.\n|\n|t:|1776474798\n|move|p1b: Farigiraf|Rain Dance|p1b: Farigiraf\n|-weather|RainDance\n|move|p1a: Sinistcha|Matcha Gotcha|p2b: Lucario|[spread] p2a,p2b\n|-resisted|p2b: Lucario|1\n|-damage|p2a: Gyarados|0 fnt\n|-heal|p1a: Sinistcha|12/100|[from] drain|[of] p2a: Gyarados\n|-damage|p2b: Lucario|67/100\n|-heal|p1a: Sinistcha|24/100|[from] drain|[of] p2b: Lucario\n|faint|p2a: Gyarados\n|move|p2b: Lucario|Steel Beam|p1b: Farigiraf\n|-damage|p1b: Farigiraf|0 fnt\n|-damage|p2b: Lucario|17/100|[from] steelbeam\n|faint|p1b: Farigiraf\n|\n|-weather|RainDance|[upkeep]\n|-sideend|p2: mykulvgc|move: Tailwind\n|upkeep\n|\n|t:|1776474817\n|switch|p1b: Blastoise|Blastoise-Mega, L50, F|100/100\n|switch|p2a: Garchomp|Garchomp, L50, M|100/100\n|turn|8\n|-message|mykulvgc forfeited.\n|\n|win|25th_mang\n|raw|25th_mang's rating: 1305 &rarr; <strong>1322</strong><br />(+17 for winning)\n|raw|mykulvgc's rating: 1250 &rarr; <strong>1229</strong><br />(-21 for losing)\n|l|\u2606mykulvgc\n|player|p2|\n",
  "uploadtime": 1776474829,
  "views": 30,
  "formatid": "gen9championsvgc2026regma",
  "rating": 1229,
  "private": 0,
  "password": null
}