{
  "id": "gen9championsvgc2026regma-2587239963",
  "format": "[Gen 9 Champions] VGC 2026 Reg M-A",
  "players": [
    "idkijustdoinmythin",
    "zaulpokemonpro"
  ],
  "log": "|j|\u2606idkijustdoinmythin\n|j|\u2606zaulpokemonpro\n|t:|1776513171\n|gametype|doubles\n|player|p1|idkijustdoinmythin|2|1189\n|player|p2|zaulpokemonpro|morty|1137\n|gen|9\n|tier|[Gen 9 Champions] VGC 2026 Reg M-A\n|rated|\n|rule|Species Clause: Limit one of each Pok\u00e9mon\n|rule|Item Clause: Limit 1 of each item\n|clearpoke\n|poke|p1|Goodra-Hisui, L50, F|\n|poke|p1|Farigiraf, L50, F|\n|poke|p1|Incineroar, L50, F|\n|poke|p1|Milotic, L50, M|\n|poke|p1|Sinistcha, L50|\n|poke|p1|Golurk, L50|\n|poke|p2|Froslass, L50, F|\n|poke|p2|Garchomp, L50, F|\n|poke|p2|Rotom-Frost, L50|\n|poke|p2|Empoleon, L50, F|\n|poke|p2|Incineroar, L50, M|\n|poke|p2|Kingambit, L50, M|\n|teampreview|4\n|inactive|Battle timer is ON: inactive players will automatically lose when time's up. (requested by zaulpokemonpro)\n|\n|t:|1776513223\n|teamsize|p1|4\n|teamsize|p2|4\n|start\n|switch|p1a: Goodra|Goodra-Hisui, L50, F|100/100\n|switch|p1b: Farigiraf|Farigiraf, L50, F|100/100\n|switch|p2a: Froslass|Froslass, L50, F|100/100\n|switch|p2b: Incineroar|Incineroar, L50, M|100/100\n|-ability|p2b: Incineroar|Intimidate|boost\n|-unboost|p1a: Goodra|atk|1\n|-unboost|p1b: Farigiraf|atk|1\n|turn|1\n|\n|t:|1776513238\n|detailschange|p2a: Froslass|Froslass-Mega, L50, F\n|-mega|p2a: Froslass|Froslass|Froslassite\n|-weather|Snowscape|[from] ability: Snow Warning|[of] p2a: Froslass\n|move|p2b: Incineroar|Fake Out||[still]\n|cant|p1b: Farigiraf|ability: Armor Tail|Fake Out|[of] p2b: Incineroar\n|move|p2a: Froslass|Aurora Veil|p2a: Froslass\n|-sidestart|p2: zaulpokemonpro|move: Aurora Veil\n|move|p1a: Goodra|Shelter|p1a: Goodra\n|-boost|p1a: Goodra|def|2\n|move|p1b: Farigiraf|Trick Room|p1b: Farigiraf\n|-fieldstart|move: Trick Room|[of] p1b: Farigiraf\n|\n|-weather|Snowscape|[upkeep]\n|upkeep\n|turn|2\n|inactive|idkijustdoinmythin has 30 seconds left.\n|inactive|zaulpokemonpro has 30 seconds left.\n|\n|t:|1776513267\n|move|p1b: Farigiraf|Dazzling Gleam|p2a: Froslass|[spread] p2a,p2b\n|-damage|p2a: Froslass|87/100\n|-damage|p2b: Incineroar|91/100\n|move|p1a: Goodra|Heavy Slam|p2a: Froslass\n|-supereffective|p2a: Froslass|1\n|-damage|p2a: Froslass|43/100\n|move|p2b: Incineroar|Darkest Lariat|p1a: Goodra\n|-damage|p1a: Goodra|67/100\n|move|p2a: Froslass|Blizzard|p1b: Farigiraf|[spread] p1a,p1b\n|-damage|p1a: Goodra|34/100\n|-damage|p1b: Farigiraf|59/100\n|\n|-weather|Snowscape|[upkeep]\n|upkeep\n|turn|3\n|inactive|idkijustdoinmythin has 30 seconds left.\n|\n|t:|1776513298\n|switch|p1b: Sinistcha|Sinistcha, L50|100/100\n|-heal|p1a: Goodra|59/100|[from] ability: Hospitality|[of] p1b: Sinistcha\n|move|p2a: Froslass|Protect|p2a: Froslass\n|-singleturn|p2a: Froslass|Protect\n|move|p1a: Goodra|Body Press|p2b: Incineroar\n|-supereffective|p2b: Incineroar|1\n|-damage|p2b: Incineroar|26/100\n|-enditem|p2b: Incineroar|Sitrus Berry|[eat]\n|-heal|p2b: Incineroar|50/100|[from] item: Sitrus Berry\n|move|p2b: Incineroar|Darkest Lariat|p1b: Sinistcha\n|-supereffective|p1b: Sinistcha|1\n|-damage|p1b: Sinistcha|18/100\n|\n|-weather|Snowscape|[upkeep]\n|upkeep\n|turn|4\n|inactive|zaulpokemonpro has 30 seconds left.\n|inactive|zaulpokemonpro has 20 seconds left.\n|inactive|zaulpokemonpro has 15 seconds left.\n|inactive|zaulpokemonpro has 10 seconds left.\n|inactive|zaulpokemonpro has 5 seconds left.\n|\n|t:|1776513352\n|move|p1a: Goodra|Body Press|p2b: Incineroar\n|-supereffective|p2b: Incineroar|1\n|-damage|p2b: Incineroar|0 fnt\n|faint|p2b: Incineroar\n|move|p1b: Sinistcha|Life Dew|p1b: Sinistcha|[spread] p1a,p1b\n|-heal|p1a: Goodra|84/100\n|-heal|p1b: Sinistcha|44/100\n|move|p2a: Froslass|Blizzard|p1b: Sinistcha|[spread] p1a,p1b\n|-supereffective|p1b: Sinistcha|1\n|-damage|p1a: Goodra|55/100\n|-damage|p1b: Sinistcha|0 fnt\n|faint|p1b: Sinistcha\n|\n|-weather|Snowscape|[upkeep]\n|upkeep\n|\n|t:|1776513370\n|switch|p2b: Kingambit|Kingambit, L50, M|100/100\n|switch|p1b: Golurk|Golurk, L50|100/100\n|turn|5\n|inactive|zaulpokemonpro has 30 seconds left.\n|\n|t:|1776513402\n|switch|p2a: Rotom|Rotom-Frost, L50|100/100\n|detailschange|p1b: Golurk|Golurk-Mega, L50\n|-mega|p1b: Golurk|Golurk|Golurkite\n|move|p2b: Kingambit|Sucker Punch|p1b: Golurk\n|-supereffective|p1b: Golurk|1\n|-damage|p1b: Golurk|34/100\n|move|p1a: Goodra|Rest|p1a: Goodra\n|-status|p1a: Goodra|slp|[from] move: Rest\n|-heal|p1a: Goodra|100/100 slp|[silent]\n|-enditem|p1a: Goodra|Chesto Berry|[eat]\n|-curestatus|p1a: Goodra|slp|[msg]\n|move|p1b: Golurk|Poltergeist|p2a: Rotom\n|-activate|p2a: Rotom|move: Poltergeist|Choice Scarf\n|-damage|p2a: Rotom|67/100\n|\n|-weather|none\n|-sideend|p2: zaulpokemonpro|move: Aurora Veil\n|-fieldend|move: Trick Room\n|upkeep\n|turn|6\n|inactive|idkijustdoinmythin has 30 seconds left.\n|inactive|zaulpokemonpro has 30 seconds left.\n|inactive|zaulpokemonpro has 20 seconds left.\n|\n|t:|1776513438\n|switch|p1b: Farigiraf|Farigiraf, L50, F|59/100\n|move|p2b: Kingambit|Sucker Punch||[still]\n|cant|p1b: Farigiraf|ability: Armor Tail|Sucker Punch|[of] p2b: Kingambit\n|move|p2a: Rotom|Volt Switch|p1a: Goodra\n|-resisted|p1a: Goodra|1\n|-damage|p1a: Goodra|91/100\n|\n|t:|1776513447\n|switch|p2a: Froslass|Froslass-Mega, L50, F|43/100|[from] Volt Switch\n|-weather|Snowscape|[from] ability: Snow Warning|[of] p2a: Froslass\n|move|p1a: Goodra|Body Press|p2a: Froslass\n|-immune|p2a: Froslass\n|\n|-weather|Snowscape|[upkeep]\n|upkeep\n|turn|7\n|\n|t:|1776513463\n|move|p1b: Farigiraf|Protect|p1b: Farigiraf\n|-singleturn|p1b: Farigiraf|Protect\n|move|p2a: Froslass|Aurora Veil|p2a: Froslass\n|-sidestart|p2: zaulpokemonpro|move: Aurora Veil\n|move|p2b: Kingambit|Low Kick|p1a: Goodra\n|-supereffective|p1a: Goodra|1\n|-damage|p1a: Goodra|60/100\n|move|p1a: Goodra|Body Press|p2b: Kingambit\n|-supereffective|p2b: Kingambit|2\n|-enditem|p2b: Kingambit|Focus Sash\n|-damage|p2b: Kingambit|1/100\n|\n|-weather|Snowscape|[upkeep]\n|upkeep\n|turn|8\n|\n|t:|1776513485\n|move|p2b: Kingambit|Sucker Punch||[still]\n|cant|p1b: Farigiraf|ability: Armor Tail|Sucker Punch|[of] p2b: Kingambit\n|move|p2a: Froslass|Blizzard|p1a: Goodra|[spread] p1a,p1b\n|-damage|p1a: Goodra|30/100\n|-damage|p1b: Farigiraf|22/100\n|move|p1b: Farigiraf|Dazzling Gleam|p2b: Kingambit|[spread] p2a,p2b\n|-damage|p2a: Froslass|32/100\n|-damage|p2b: Kingambit|0 fnt\n|faint|p2b: Kingambit\n|move|p1a: Goodra|Heavy Slam|p2a: Froslass\n|-supereffective|p2a: Froslass|1\n|-damage|p2a: Froslass|0 fnt\n|faint|p2a: Froslass\n|\n|-weather|Snowscape|[upkeep]\n|upkeep\n|\n|t:|1776513506\n|switch|p2a: Rotom|Rotom-Frost, L50|67/100\n|turn|9\n|\n|t:|1776513513\n|move|p2a: Rotom|Blizzard|p1b: Farigiraf|[spread] p1a,p1b\n|-damage|p1a: Goodra|7/100\n|-damage|p1b: Farigiraf|0 fnt\n|faint|p1b: Farigiraf\n|move|p1a: Goodra|Rest|p1a: Goodra\n|-status|p1a: Goodra|slp|[from] move: Rest\n|-heal|p1a: Goodra|100/100 slp|[silent]\n|\n|-weather|Snowscape|[upkeep]\n|upkeep\n|\n|t:|1776513521\n|switch|p1b: Golurk|Golurk-Mega, L50|34/100\n|turn|10\n|\n|t:|1776513527\n|move|p1b: Golurk|Protect|p1b: Golurk\n|-singleturn|p1b: Golurk|Protect\n|move|p2a: Rotom|Blizzard|p1a: Goodra|[spread] p1a\n|-activate|p1b: Golurk|move: Protect\n|-damage|p1a: Goodra|79/100 slp\n|cant|p1a: Goodra|slp\n|\n|-weather|none\n|upkeep\n|turn|11\n|\n|t:|1776513539\n|move|p2a: Rotom|Blizzard|p1b: Golurk|[spread] p1b\n|-miss|p2a: Rotom|p1a: Goodra\n|-supereffective|p1b: Golurk|1\n|-damage|p1b: Golurk|0 fnt\n|faint|p1b: Golurk\n|cant|p1a: Goodra|slp\n|\n|-sideend|p2: zaulpokemonpro|move: Aurora Veil\n|upkeep\n|turn|12\n|\n|t:|1776513548\n|move|p2a: Rotom|Blizzard|p1a: Goodra|[miss]\n|-miss|p2a: Rotom|p1a: Goodra\n|-curestatus|p1a: Goodra|slp|[msg]\n|move|p1a: Goodra|Body Press|p2a: Rotom\n|-supereffective|p2a: Rotom|1\n|-damage|p2a: Rotom|0 fnt\n|faint|p2a: Rotom\n|\n|win|idkijustdoinmythin\n|raw|idkijustdoinmythin's rating: 1189 &rarr; <strong>1210</strong><br />(+21 for winning)\n|raw|zaulpokemonpro's rating: 1137 &rarr; <strong>1116</strong><br />(-21 for losing)\n",
  "uploadtime": 1776513560,
  "views": 19,
  "formatid": "gen9championsvgc2026regma",
  "rating": 1116,
  "private": 0,
  "password": null
}