{
  "id": "gen9championsvgc2026regma-2583505461",
  "format": "[Gen 9 Champions] VGC 2026 Reg M-A",
  "players": [
    "NoahPoke",
    "porygon-epilepz"
  ],
  "log": "|j|\u2606NoahPoke\n|j|\u2606porygon-epilepz\n|html|<table width=\"100%\"><tr><td align=\"left\">NoahPoke</td><td align=\"right\">porygon-epilepz</tr><tr><td align=\"left\"><i class=\"fa fa-circle\"></i> <i class=\"fa fa-circle-o\"></i> </td><td align=\"right\"><i class=\"fa fa-circle-o\"></i> <i class=\"fa fa-circle\"></i> </tr></table>\n|uhtml|bestof|<h2><strong>Game 3</strong> of <a href=\"/game-bestof3-gen9championsvgc2026regma-2583497874\">a best-of-3</a></h2>\n|t:|1776179907\n|gametype|doubles\n|player|p1|NoahPoke|hilbert-wonderlauncher|\n|player|p2|porygon-epilepz|hiker-gen4|\n|gen|9\n|tier|[Gen 9 Champions] VGC 2026 Reg M-A\n|rated|Tournament battle\n|rule|Species Clause: Limit one of each Pok\u00e9mon\n|rule|Item Clause: Limit 1 of each item\n|raw|<div class=\"infobox\"><details class=\"readmore\" open><summary><strong>2 custom rules:</strong></summary> Force Open Team Sheets, Best of = 3</details></div>\n|clearpoke\n|poke|p1|Dragonite, L50, M|\n|poke|p1|Sinistcha, L50|\n|poke|p1|Pelipper, L50, F|\n|poke|p1|Sneasler, L50, F|\n|poke|p1|Archaludon, L50, M|\n|poke|p1|Basculegion-F, L50, F|\n|poke|p2|Kommo-o, L50, M|\n|poke|p2|Incineroar, L50, F|\n|poke|p2|Glimmora, L50, F|\n|poke|p2|Sinistcha, L50|\n|poke|p2|Talonflame, L50, M|\n|poke|p2|Rotom-Wash, L50|\n|teampreview|4\n|showteam|p1|Dragonite||Dragoninite|InnerFocus|DracoMeteor,Hurricane,Thunder,Protect|||M|||50|]Sinistcha||SitrusBerry|Hospitality|MatchaGotcha,LifeDew,RagePowder,TrickRoom||||||50|]Pelipper||FocusSash|Drizzle|WeatherBall,Hurricane,Tailwind,Protect|||F|||50|]Sneasler||WhiteHerb|Unburden|CloseCombat,DireClaw,FakeOut,Protect|||F|||50|]Archaludon||Leftovers|Stamina|FlashCannon,DracoMeteor,ElectroShot,Protect|||M|||50|]Basculegion-F||MysticWater|SwiftSwim|WaveCrash,LastRespects,AquaJet,FlipTurn|||F|||50|\n|showteam|p2|Kommo-o||Leftovers|Overcoat|ClangorousSoul,ClangingScales,Protect,AuraSphere|||M|||50|]Incineroar||ShucaBerry|Intimidate|FakeOut,FlareBlitz,ThroatChop,PartingShot|||F|||50|]Glimmora||Glimmoranite|ToxicDebris|PowerGem,SludgeBomb,SpikyShield,EarthPower|||F|||50|]Sinistcha||SitrusBerry|Hospitality|RagePowder,Protect,LifeDew,MatchaGotcha||||||50|]Talonflame||FocusSash|GaleWings|Tailwind,QuickGuard,DualWingbeat,FlareBlitz|||M|||50|]Rotom-Wash||RindoBerry|Levitate|Thunderbolt,WillOWisp,HydroPump,Protect||||||50|\n|\n|t:|1776179944\n|teamsize|p1|4\n|teamsize|p2|4\n|start\n|switch|p1a: Archaludon|Archaludon, L50, M|100/100\n|switch|p1b: Sinistcha|Sinistcha, L50|100/100\n|switch|p2a: Incineroar|Incineroar, L50, F|100/100\n|switch|p2b: Kommo-o|Kommo-o, L50, M|100/100\n|-ability|p2a: Incineroar|Intimidate|boost\n|-unboost|p1a: Archaludon|atk|1\n|-unboost|p1b: Sinistcha|atk|1\n|turn|1\n|\n|t:|1776179966\n|move|p2b: Kommo-o|Protect|p2b: Kommo-o\n|-singleturn|p2b: Kommo-o|Protect\n|move|p1a: Archaludon|Protect|p1a: Archaludon\n|-singleturn|p1a: Archaludon|Protect\n|move|p1b: Sinistcha|Matcha Gotcha|p2a: Incineroar|[spread] p2a\n|-activate|p2b: Kommo-o|move: Protect\n|-resisted|p2a: Incineroar|1\n|-damage|p2a: Incineroar|88/100\n|move|p2a: Incineroar|Flare Blitz|p1b: Sinistcha\n|-supereffective|p1b: Sinistcha|1\n|-damage|p1b: Sinistcha|23/100\n|-enditem|p1b: Sinistcha|Sitrus Berry|[eat]\n|-heal|p1b: Sinistcha|48/100|[from] item: Sitrus Berry\n|-damage|p2a: Incineroar|65/100|[from] Recoil\n|\n|upkeep\n|turn|2\n|\n|t:|1776179990\n|switch|p2b: Sinistcha|Sinistcha, L50|100/100\n|-heal|p2a: Incineroar|90/100|[from] ability: Hospitality|[of] p2b: Sinistcha\n|switch|p1b: Pelipper|Pelipper, L50, F|100/100\n|-weather|RainDance|[from] ability: Drizzle|[of] p1b: Pelipper\n|move|p1a: Archaludon|Draco Meteor|p2b: Sinistcha\n|-damage|p2b: Sinistcha|36/100\n|-unboost|p1a: Archaludon|spa|2\n|-enditem|p2b: Sinistcha|Sitrus Berry|[eat]\n|-heal|p2b: Sinistcha|61/100|[from] item: Sitrus Berry\n|move|p2a: Incineroar|Flare Blitz|p1b: Pelipper\n|-resisted|p1b: Pelipper|1\n|-damage|p1b: Pelipper|87/100\n|-status|p1b: Pelipper|brn\n|-damage|p2a: Incineroar|87/100|[from] Recoil\n|\n|-weather|RainDance|[upkeep]\n|-damage|p1b: Pelipper|81/100 brn|[from] brn\n|upkeep\n|turn|3\n|\n|t:|1776180031\n|switch|p1a: Sinistcha|Sinistcha, L50|48/100\n|-heal|p1b: Pelipper|100/100 brn|[from] ability: Hospitality|[of] p1a: Sinistcha\n|move|p1b: Pelipper|Tailwind|p1b: Pelipper\n|-sidestart|p1: NoahPoke|move: Tailwind\n|move|p2b: Sinistcha|Matcha Gotcha|p1b: Pelipper|[spread] p1a,p1b\n|-resisted|p1a: Sinistcha|1\n|-damage|p1a: Sinistcha|36/100\n|-heal|p2b: Sinistcha|66/100|[from] drain|[of] p1a: Sinistcha\n|-damage|p1b: Pelipper|58/100 brn\n|-heal|p2b: Sinistcha|83/100|[from] drain|[of] p1b: Pelipper\n|move|p2a: Incineroar|Parting Shot|p1a: Sinistcha\n|-unboost|p1a: Sinistcha|atk|1\n|-unboost|p1a: Sinistcha|spa|1\n|\n|t:|1776180046\n|switch|p2a: Rotom|Rotom-Wash, L50|100/100|[from] Parting Shot\n|\n|-weather|RainDance|[upkeep]\n|-damage|p1b: Pelipper|52/100 brn|[from] brn\n|upkeep\n|turn|4\n|\n|t:|1776180091\n|move|p2b: Sinistcha|Protect|p2b: Sinistcha\n|-singleturn|p2b: Sinistcha|Protect\n|move|p1b: Pelipper|Hurricane|p2b: Sinistcha\n|-activate|p2b: Sinistcha|move: Protect\n|move|p1a: Sinistcha|Matcha Gotcha|p2a: Rotom|[spread] \n|-activate|p2b: Sinistcha|move: Protect\n|-miss|p1a: Sinistcha|p2a: Rotom\n|move|p2a: Rotom|Thunderbolt|p1b: Pelipper\n|-supereffective|p1b: Pelipper|2\n|-damage|p1b: Pelipper|0 fnt\n|faint|p1b: Pelipper\n|\n|-weather|RainDance|[upkeep]\n|upkeep\n|\n|t:|1776180106\n|switch|p1b: Archaludon|Archaludon, L50, M|100/100\n|turn|5\n|\n|t:|1776180140\n|move|p2a: Rotom|Protect|p2a: Rotom\n|-singleturn|p2a: Rotom|Protect\n|move|p1b: Archaludon|Electro Shot||[still]\n|-prepare|p1b: Archaludon|Electro Shot\n|-boost|p1b: Archaludon|spa|1\n|-anim|p1b: Archaludon|Electro Shot|p2a: Rotom\n|-activate|p2a: Rotom|move: Protect\n|move|p1a: Sinistcha|Life Dew||[still]|[spread] p1a,p1b\n|-heal|p1a: Sinistcha|62/100\n|-fail|p1b: Archaludon|heal\n|move|p2b: Sinistcha|Matcha Gotcha|p1b: Archaludon|[spread] p1a,p1b\n|-resisted|p1a: Sinistcha|1\n|-resisted|p1b: Archaludon|2\n|-damage|p1a: Sinistcha|50/100\n|-heal|p2b: Sinistcha|88/100|[from] drain|[of] p1a: Sinistcha\n|-damage|p1b: Archaludon|94/100\n|-heal|p2b: Sinistcha|92/100|[from] drain|[of] p1b: Archaludon\n|-ability|p1b: Archaludon|Stamina|boost\n|-boost|p1b: Archaludon|def|1\n|\n|-weather|RainDance|[upkeep]\n|-heal|p1b: Archaludon|100/100|[from] item: Leftovers\n|upkeep\n|turn|6\n|inactive|Battle timer is ON: inactive players will automatically lose when time's up. (requested by NoahPoke)\n|\n|t:|1776180172\n|move|p1b: Archaludon|Electro Shot||[still]\n|-prepare|p1b: Archaludon|Electro Shot\n|-boost|p1b: Archaludon|spa|1\n|-anim|p1b: Archaludon|Electro Shot|p2a: Rotom\n|-damage|p2a: Rotom|28/100\n|move|p1a: Sinistcha|Matcha Gotcha|p2a: Rotom|[spread] p2a,p2b\n|-supereffective|p2a: Rotom|1\n|-crit|p2a: Rotom\n|-enditem|p2a: Rotom|Rindo Berry|[eat]\n|-enditem|p2a: Rotom|Rindo Berry|[weaken]\n|-resisted|p2b: Sinistcha|1\n|-damage|p2a: Rotom|0 fnt\n|-heal|p1a: Sinistcha|63/100|[from] drain|[of] p2a: Rotom\n|-damage|p2b: Sinistcha|84/100\n|-heal|p1a: Sinistcha|67/100|[from] drain|[of] p2b: Sinistcha\n|faint|p2a: Rotom\n|move|p2b: Sinistcha|Life Dew|p2b: Sinistcha\n|-heal|p2b: Sinistcha|100/100\n|\n|-weather|none\n|-sideend|p1: NoahPoke|move: Tailwind\n|upkeep\n|\n|t:|1776180189\n|switch|p2a: Kommo-o|Kommo-o, L50, M|100/100\n|turn|7\n|\n|t:|1776180207\n|move|p1b: Archaludon|Protect|p1b: Archaludon\n|-singleturn|p1b: Archaludon|Protect\n|move|p2b: Sinistcha|Rage Powder|p2b: Sinistcha\n|-singleturn|p2b: Sinistcha|move: Rage Powder\n|move|p2a: Kommo-o|Clangorous Soul|p2a: Kommo-o\n|-boost|p2a: Kommo-o|atk|1\n|-boost|p2a: Kommo-o|def|1\n|-boost|p2a: Kommo-o|spa|1\n|-boost|p2a: Kommo-o|spd|1\n|-boost|p2a: Kommo-o|spe|1\n|-damage|p2a: Kommo-o|68/100\n|move|p1a: Sinistcha|Trick Room|p1a: Sinistcha\n|-fieldstart|move: Trick Room|[of] p1a: Sinistcha\n|\n|-heal|p2a: Kommo-o|74/100|[from] item: Leftovers\n|upkeep\n|turn|8\n|inactive|NoahPoke has 30 seconds left.\n|\n|t:|1776180233\n|move|p2a: Kommo-o|Protect|p2a: Kommo-o\n|-singleturn|p2a: Kommo-o|Protect\n|move|p1a: Sinistcha|Matcha Gotcha|p2a: Kommo-o|[spread] p2b\n|-activate|p2a: Kommo-o|move: Protect\n|-resisted|p2b: Sinistcha|1\n|-damage|p2b: Sinistcha|94/100\n|-heal|p1a: Sinistcha|70/100|[from] drain|[of] p2b: Sinistcha\n|move|p2b: Sinistcha|Life Dew|p2b: Sinistcha|[spread] p2a,p2b\n|-heal|p2a: Kommo-o|99/100\n|-heal|p2b: Sinistcha|100/100\n|move|p1b: Archaludon|Flash Cannon|p2b: Sinistcha\n|-damage|p2b: Sinistcha|31/100\n|\n|-heal|p2a: Kommo-o|100/100|[from] item: Leftovers\n|upkeep\n|turn|9\n|inactive|porygon-epilepz has 30 seconds left.\n|inactive|porygon-epilepz has 20 seconds left.\n|\n|t:|1776180273\n|move|p2b: Sinistcha|Rage Powder|p2b: Sinistcha\n|-singleturn|p2b: Sinistcha|move: Rage Powder\n|move|p1a: Sinistcha|Life Dew||[still]|[spread] p1a,p1b\n|-heal|p1a: Sinistcha|95/100\n|-fail|p1b: Archaludon|heal\n|move|p1b: Archaludon|Draco Meteor|p2b: Sinistcha\n|-crit|p2b: Sinistcha\n|-damage|p2b: Sinistcha|0 fnt\n|-unboost|p1b: Archaludon|spa|2\n|faint|p2b: Sinistcha\n|move|p2a: Kommo-o|Clanging Scales|p1a: Sinistcha|[spread] p1a,p1b\n|-damage|p1a: Sinistcha|48/100\n|-damage|p1b: Archaludon|53/100\n|-ability|p1b: Archaludon|Stamina|boost\n|-boost|p1b: Archaludon|def|1\n|-unboost|p2a: Kommo-o|def|1\n|\n|-heal|p1b: Archaludon|59/100|[from] item: Leftovers\n|upkeep\n|\n|t:|1776180280\n|switch|p2b: Incineroar|Incineroar, L50, F|87/100\n|-ability|p2b: Incineroar|Intimidate|boost\n|-unboost|p1a: Sinistcha|atk|1\n|-unboost|p1b: Archaludon|atk|1\n|turn|10\n|\n|t:|1776180299\n|move|p1b: Archaludon|Protect|p1b: Archaludon\n|-singleturn|p1b: Archaludon|Protect\n|move|p2b: Incineroar|Flare Blitz|p1a: Sinistcha\n|-supereffective|p1a: Sinistcha|1\n|-damage|p1a: Sinistcha|0 fnt\n|faint|p1a: Sinistcha\n|-damage|p2b: Incineroar|73/100|[from] Recoil\n|move|p2a: Kommo-o|Aura Sphere|p1b: Archaludon\n|-activate|p1b: Archaludon|move: Protect\n|\n|-heal|p1b: Archaludon|65/100|[from] item: Leftovers\n|upkeep\n|\n|t:|1776180308\n|switch|p1a: Dragonite|Dragonite, L50, M|100/100\n|turn|11\n|\n|t:|1776180318\n|detailschange|p1a: Dragonite|Dragonite-Mega, L50, M\n|-mega|p1a: Dragonite|Dragonite|Dragoninite\n|move|p2a: Kommo-o|Protect|p2a: Kommo-o\n|-singleturn|p2a: Kommo-o|Protect\n|move|p2b: Incineroar|Parting Shot|p1a: Dragonite\n|-unboost|p1a: Dragonite|atk|1\n|-unboost|p1a: Dragonite|spa|1\n|move|p1b: Archaludon|Flash Cannon|p2b: Incineroar\n|-resisted|p2b: Incineroar|1\n|-damage|p2b: Incineroar|55/100\n|move|p1a: Dragonite|Hurricane|p2b: Incineroar\n|-damage|p2b: Incineroar|15/100\n|\n|-heal|p1b: Archaludon|72/100|[from] item: Leftovers\n|-fieldend|move: Trick Room\n|upkeep\n|turn|12\n|\n|t:|1776180336\n|move|p2a: Kommo-o|Aura Sphere|p1b: Archaludon\n|-supereffective|p1b: Archaludon|1\n|-damage|p1b: Archaludon|0 fnt\n|faint|p1b: Archaludon\n|move|p1a: Dragonite|Draco Meteor|p2a: Kommo-o\n|-supereffective|p2a: Kommo-o|1\n|-damage|p2a: Kommo-o|31/100\n|-unboost|p1a: Dragonite|spa|2\n|move|p2b: Incineroar|Throat Chop|p1a: Dragonite\n|-damage|p1a: Dragonite|86/100\n|-start|p1a: Dragonite|Throat Chop|[silent]\n|\n|-heal|p2a: Kommo-o|37/100|[from] item: Leftovers\n|upkeep\n|turn|13\n|j| ohko_muk\n|\n|t:|1776180349\n|move|p2a: Kommo-o|Clanging Scales|p1a: Dragonite\n|-supereffective|p1a: Dragonite|1\n|-damage|p1a: Dragonite|0 fnt\n|faint|p1a: Dragonite\n|\n|win|porygon-epilepz\n",
  "uploadtime": 1776179913,
  "views": 11,
  "formatid": "gen9championsvgc2026regma",
  "rating": null,
  "private": 0,
  "password": null
}