{
  "id": "gen9championsvgc2026regma-2588709587",
  "format": "[Gen 9 Champions] VGC 2026 Reg M-A",
  "players": [
    "Johten",
    "sochs333"
  ],
  "log": "|j|\u2606Johten\n|j|\u2606sochs333\n|t:|1776660442\n|gametype|doubles\n|player|p1|Johten|2|1150\n|player|p2|sochs333|170|1174\n|gen|9\n|tier|[Gen 9 Champions] VGC 2026 Reg M-A\n|rated|\n|rule|Species Clause: Limit one of each Pok\u00e9mon\n|rule|Item Clause: Limit 1 of each item\n|clearpoke\n|poke|p1|Mimikyu, L50, M, shiny|\n|poke|p1|Rotom-Heat, L50|\n|poke|p1|Gallade, L50, M|\n|poke|p1|Corviknight, L50, M|\n|poke|p1|Kangaskhan, L50, F|\n|poke|p1|Hydrapple, L50, M|\n|poke|p2|Froslass, L50, F|\n|poke|p2|Garchomp, L50, M|\n|poke|p2|Delphox, L50, F|\n|poke|p2|Rotom-Wash, L50|\n|poke|p2|Incineroar, L50, M|\n|poke|p2|Sneasler, L50, F|\n|teampreview|4\n|\n|t:|1776660472\n|teamsize|p1|4\n|teamsize|p2|4\n|start\n|switch|p1a: Mimikyu|Mimikyu, L50, M, shiny|100/100\n|switch|p1b: Kangaskhan|Kangaskhan, L50, F|100/100\n|switch|p2a: Incineroar|Incineroar, L50, M|100/100\n|switch|p2b: Sneasler|Sneasler, L50, F|100/100\n|-ability|p2a: Incineroar|Intimidate|boost\n|-unboost|p1a: Mimikyu|atk|1\n|-fail|p1b: Kangaskhan|unboost|Attack|[from] ability: Inner Focus|[of] p1b: Kangaskhan\n|turn|1\n|\n|t:|1776660503\n|move|p2b: Sneasler|Protect|p2b: Sneasler\n|-singleturn|p2b: Sneasler|Protect\n|move|p1b: Kangaskhan|Fake Out|p2b: Sneasler\n|-activate|p2b: Sneasler|move: Protect\n|move|p1a: Mimikyu|Will-O-Wisp|p2b: Sneasler\n|-activate|p2b: Sneasler|move: Protect\n|move|p2a: Incineroar|Parting Shot|p1b: Kangaskhan\n|-unboost|p1b: Kangaskhan|atk|1\n|-unboost|p1b: Kangaskhan|spa|1\n|\n|t:|1776660531\n|switch|p2a: Garchomp|Garchomp, L50, M|100/100|[from] Parting Shot\n|\n|upkeep\n|turn|2\n|\n|t:|1776660546\n|switch|p1b: Hydrapple|Hydrapple, L50, M|100/100\n|move|p2b: Sneasler|Close Combat|p1b: Hydrapple\n|-damage|p1b: Hydrapple|54/100\n|-unboost|p2b: Sneasler|def|1\n|-unboost|p2b: Sneasler|spd|1\n|-enditem|p2b: Sneasler|White Herb\n|-clearnegativeboost|p2b: Sneasler|[silent]\n|move|p2a: Garchomp|Rock Slide|p1b: Hydrapple|[spread] p1b\n|-miss|p2a: Garchomp|p1a: Mimikyu\n|-damage|p1b: Hydrapple|38/100\n|move|p1a: Mimikyu|Will-O-Wisp|p2b: Sneasler|[miss]\n|-miss|p1a: Mimikyu|p2b: Sneasler\n|\n|upkeep\n|turn|3\n|\n|t:|1776660577\n|move|p2b: Sneasler|Protect|p2b: Sneasler\n|-singleturn|p2b: Sneasler|Protect\n|move|p1b: Hydrapple|Protect|p1b: Hydrapple\n|-singleturn|p1b: Hydrapple|Protect\n|move|p2a: Garchomp|Rock Slide|p1a: Mimikyu|[spread] p1a\n|-activate|p1b: Hydrapple|move: Protect\n|-activate|p1a: Mimikyu|ability: Disguise\n|-damage|p1a: Mimikyu|100/100\n|detailschange|p1a: Mimikyu|Mimikyu-Busted, L50, M, shiny\n|-damage|p1a: Mimikyu|88/100|[from] pokemon: Mimikyu-Busted\n|move|p1a: Mimikyu|Will-O-Wisp|p2a: Garchomp\n|-status|p2a: Garchomp|brn\n|\n|-damage|p2a: Garchomp|94/100 brn|[from] brn\n|upkeep\n|turn|4\n|\n|t:|1776660614\n|move|p1a: Mimikyu|Protect|p1a: Mimikyu\n|-singleturn|p1a: Mimikyu|Protect\n|move|p2b: Sneasler|Dire Claw|p1a: Mimikyu\n|-activate|p1a: Mimikyu|move: Protect\n|move|p2a: Garchomp|Rock Slide|p1b: Hydrapple|[spread] p1b\n|-activate|p1a: Mimikyu|move: Protect\n|-damage|p1b: Hydrapple|31/100\n|move|p1b: Hydrapple|Draco Meteor|p2a: Garchomp\n|-supereffective|p2a: Garchomp|1\n|-damage|p2a: Garchomp|0 fnt\n|-unboost|p1b: Hydrapple|spa|2\n|faint|p2a: Garchomp\n|-enditem|p1b: Hydrapple|White Herb\n|-clearnegativeboost|p1b: Hydrapple|[silent]\n|\n|upkeep\n|\n|t:|1776660631\n|switch|p2a: Delphox|Delphox, L50, F|100/100\n|turn|5\n|\n|t:|1776660647\n|switch|p1b: Rotom|Rotom-Heat, L50|100/100\n|detailschange|p2a: Delphox|Delphox-Mega, L50, F\n|-mega|p2a: Delphox|Delphox|Delphoxite\n|move|p2b: Sneasler|Dire Claw|p1a: Mimikyu\n|-crit|p1a: Mimikyu\n|-damage|p1a: Mimikyu|24/100\n|move|p2a: Delphox|Heat Wave|p1b: Rotom|[spread] p1a\n|-miss|p2a: Delphox|p1b: Rotom\n|-damage|p1a: Mimikyu|0 fnt\n|faint|p1a: Mimikyu\n|\n|upkeep\n|\n|t:|1776660662\n|switch|p1a: Kangaskhan|Kangaskhan, L50, F|100/100\n|turn|6\n|\n|t:|1776660682\n|switch|p1a: Hydrapple|Hydrapple, L50, M|64/100\n|move|p2b: Sneasler|Protect|p2b: Sneasler\n|-singleturn|p2b: Sneasler|Protect\n|move|p2a: Delphox|Protect|p2a: Delphox\n|-singleturn|p2a: Delphox|Protect\n|move|p1b: Rotom|Volt Switch|p1a: Hydrapple\n|-resisted|p1a: Hydrapple|2\n|-damage|p1a: Hydrapple|58/100\n|\n|t:|1776660692\n|switch|p1b: Kangaskhan|Kangaskhan, L50, F|100/100|[from] Volt Switch\n|\n|upkeep\n|turn|7\n|\n|t:|1776660730\n|move|p2b: Sneasler|Protect||[still]\n|-fail|p2b: Sneasler\n|move|p1b: Kangaskhan|Fake Out|p2b: Sneasler\n|-damage|p2b: Sneasler|70/100\n|move|p2a: Delphox|Heat Wave|p1b: Kangaskhan|[spread] p1a\n|-miss|p2a: Delphox|p1b: Kangaskhan\n|-damage|p1a: Hydrapple|23/100\n|move|p1a: Hydrapple|Draco Meteor|p2b: Sneasler\n|-damage|p2b: Sneasler|0 fnt\n|-unboost|p1a: Hydrapple|spa|2\n|faint|p2b: Sneasler\n|\n|upkeep\n|\n|t:|1776660745\n|switch|p2b: Incineroar|Incineroar, L50, M|100/100\n|-ability|p2b: Incineroar|Intimidate|boost\n|-unboost|p1a: Hydrapple|atk|1\n|-fail|p1b: Kangaskhan|unboost|Attack|[from] ability: Inner Focus|[of] p1b: Kangaskhan\n|turn|8\n|\n|t:|1776660765\n|switch|p1a: Rotom|Rotom-Heat, L50|100/100\n|detailschange|p1b: Kangaskhan|Kangaskhan-Mega, L50, F\n|-mega|p1b: Kangaskhan|Kangaskhan|Kangaskhanite\n|move|p2b: Incineroar|Fake Out|p1b: Kangaskhan\n|-damage|p1b: Kangaskhan|92/100\n|cant|p1b: Kangaskhan|flinch\n|move|p2a: Delphox|Heat Wave|p1a: Rotom|[spread] p1a,p1b\n|-resisted|p1a: Rotom|1\n|-damage|p1a: Rotom|78/100\n|-damage|p1b: Kangaskhan|53/100\n|\n|upkeep\n|turn|9\n|\n|t:|1776660788\n|move|p2a: Delphox|Psychic|p1b: Kangaskhan\n|-damage|p1b: Kangaskhan|9/100\n|-unboost|p1b: Kangaskhan|spd|1\n|move|p1a: Rotom|Electroweb|p2a: Delphox|[spread] p2a,p2b\n|-crit|p2a: Delphox\n|-damage|p2a: Delphox|74/100\n|-damage|p2b: Incineroar|87/100\n|-unboost|p2a: Delphox|spe|1\n|-unboost|p2b: Incineroar|spe|1\n|move|p1b: Kangaskhan|Drain Punch|p2b: Incineroar\n|-supereffective|p2b: Incineroar|1\n|-damage|p2b: Incineroar|41/100\n|-heal|p1b: Kangaskhan|31/100|[from] drain|[of] p2b: Incineroar\n|-enditem|p2b: Incineroar|Sitrus Berry|[eat]\n|-heal|p2b: Incineroar|66/100|[from] item: Sitrus Berry\n|-supereffective|p2b: Incineroar|1\n|-damage|p2b: Incineroar|55/100\n|-heal|p1b: Kangaskhan|36/100|[from] drain|[of] p2b: Incineroar\n|-hitcount|p2b: Incineroar|2\n|move|p2b: Incineroar|Parting Shot|p1a: Rotom\n|-unboost|p1a: Rotom|atk|1\n|-unboost|p1a: Rotom|spa|1\n|\n|upkeep\n|turn|10\n|\n|t:|1776660831\n|switch|p1b: Hydrapple|Hydrapple, L50, M|56/100\n|move|p2a: Delphox|Protect|p2a: Delphox\n|-singleturn|p2a: Delphox|Protect\n|move|p1a: Rotom|Electroweb|p2a: Delphox|[spread] p2b\n|-activate|p2a: Delphox|move: Protect\n|-damage|p2b: Incineroar|47/100\n|-unboost|p2b: Incineroar|spe|1\n|move|p2b: Incineroar|Flare Blitz|p1b: Hydrapple\n|-damage|p1b: Hydrapple|21/100\n|-damage|p2b: Incineroar|35/100|[from] Recoil\n|\n|upkeep\n|turn|11\n|\n|t:|1776660856\n|move|p1b: Hydrapple|Protect|p1b: Hydrapple\n|-singleturn|p1b: Hydrapple|Protect\n|move|p2a: Delphox|Psychic|p1b: Hydrapple\n|-activate|p1b: Hydrapple|move: Protect\n|move|p1a: Rotom|Electroweb|p2a: Delphox|[spread] p2a,p2b\n|-damage|p2a: Delphox|62/100\n|-damage|p2b: Incineroar|26/100\n|-unboost|p2a: Delphox|spe|1\n|-unboost|p2b: Incineroar|spe|1\n|move|p2b: Incineroar|Parting Shot|p1a: Rotom\n|-unboost|p1a: Rotom|atk|1\n|-unboost|p1a: Rotom|spa|1\n|\n|upkeep\n|turn|12\n|\n|t:|1776660890\n|move|p1a: Rotom|Volt Switch|p2b: Incineroar\n|-damage|p2b: Incineroar|14/100\n|\n|t:|1776660892\n|switch|p1a: Kangaskhan|Kangaskhan-Mega, L50, F|36/100|[from] Volt Switch\n|move|p2a: Delphox|Psychic|p1b: Hydrapple\n|-damage|p1b: Hydrapple|0 fnt\n|faint|p1b: Hydrapple\n|move|p2b: Incineroar|Parting Shot|p1a: Kangaskhan\n|-unboost|p1a: Kangaskhan|atk|1\n|-unboost|p1a: Kangaskhan|spa|1\n|\n|upkeep\n|\n|t:|1776660902\n|switch|p1b: Rotom|Rotom-Heat, L50|78/100\n|turn|13\n|\n|t:|1776660942\n|move|p2b: Incineroar|Helping Hand|p2a: Delphox\n|-singleturn|p2a: Delphox|Helping Hand|[of] p2b: Incineroar\n|move|p1a: Kangaskhan|Fake Out|p2a: Delphox\n|-damage|p2a: Delphox|38/100\n|-damage|p2a: Delphox|33/100\n|-hitcount|p2a: Delphox|2\n|move|p1b: Rotom|Volt Switch|p2b: Incineroar\n|-damage|p2b: Incineroar|0 fnt\n|faint|p2b: Incineroar\n|cant|p2a: Delphox|flinch\n|\n|upkeep\n|turn|14\n|\n|t:|1776660956\n|move|p1a: Kangaskhan|Sucker Punch|p2a: Delphox\n|-supereffective|p2a: Delphox|1\n|-damage|p2a: Delphox|0 fnt\n|faint|p2a: Delphox\n|-hitcount|p2: Delphox|1\n|\n|win|Johten\n|raw|Johten's rating: 1150 &rarr; <strong>1177</strong><br />(+27 for winning)\n|raw|sochs333's rating: 1174 &rarr; <strong>1147</strong><br />(-27 for losing)\n",
  "uploadtime": 1776660962,
  "views": 11,
  "formatid": "gen9championsvgc2026regma",
  "rating": 1147,
  "private": 0,
  "password": null
}