{
  "id": "gen9championsvgc2026regma-2587896265",
  "format": "[Gen 9 Champions] VGC 2026 Reg M-A",
  "players": [
    "TheGamingMammoth",
    "John pokepaste"
  ],
  "log": "|j|\u2606TheGamingMammoth\n|j|\u2606John pokepaste\n|t:|1776575940\n|gametype|doubles\n|player|p1|TheGamingMammoth|1|1176\n|player|p2|John pokepaste|fisherman|1194\n|gen|9\n|tier|[Gen 9 Champions] VGC 2026 Reg M-A\n|rated|\n|rule|Species Clause: Limit one of each Pok\u00e9mon\n|rule|Item Clause: Limit 1 of each item\n|clearpoke\n|poke|p1|Politoed, L50, F|\n|poke|p1|Venusaur, L50, F|\n|poke|p1|Charizard, L50, M, shiny|\n|poke|p1|Clefable, L50, F|\n|poke|p1|Scizor, L50, F|\n|poke|p1|Sableye, L50, F|\n|poke|p2|Snorlax, L50, M|\n|poke|p2|Gengar, L50, M|\n|poke|p2|Sneasler, L50, F|\n|poke|p2|Sinistcha, L50|\n|poke|p2|Kingambit, L50, M|\n|poke|p2|Dragonite, L50, F|\n|teampreview|4\n|\n|t:|1776575990\n|teamsize|p1|4\n|teamsize|p2|4\n|start\n|switch|p1a: Scizor|Scizor, L50, F|100/100\n|switch|p1b: Sableye|Sableye, L50, F|100/100\n|switch|p2a: Sneasler|Sneasler, L50, F|100/100\n|switch|p2b: Snorlax|Snorlax, L50, M|100/100\n|turn|1\n|\n|t:|1776576003\n|switch|p2a: Kingambit|Kingambit, L50, M|100/100\n|move|p1b: Sableye|Fake Out|p2a: Kingambit\n|-resisted|p2a: Kingambit|1\n|-damage|p2a: Kingambit|98/100\n|move|p1a: Scizor|Swords Dance|p1a: Scizor\n|-boost|p1a: Scizor|atk|2\n|move|p2b: Snorlax|Yawn|p1a: Scizor\n|-start|p1a: Scizor|move: Yawn|[of] p2b: Snorlax\n|\n|upkeep\n|turn|2\n|\n|t:|1776576040\n|switch|p1b: Clefable|Clefable, L50, F|100/100\n|switch|p2b: Sinistcha|Sinistcha, L50|100/100\n|-heal|p2a: Kingambit|100/100|[from] ability: Hospitality|[of] p2b: Sinistcha\n|move|p2a: Kingambit|Protect|p2a: Kingambit\n|-singleturn|p2a: Kingambit|Protect\n|move|p1a: Scizor|Bullet Punch|p2b: Sinistcha\n|-damage|p2b: Sinistcha|24/100\n|-enditem|p2b: Sinistcha|Sitrus Berry|[eat]\n|-heal|p2b: Sinistcha|49/100|[from] item: Sitrus Berry\n|\n|-end|p1a: Scizor|move: Yawn|[silent]\n|-status|p1a: Scizor|slp\n|upkeep\n|turn|3\n|\n|t:|1776576066\n|move|p2b: Sinistcha|Matcha Gotcha|p1a: Scizor|[spread] p1a,p1b\n|-resisted|p1a: Scizor|2\n|-damage|p1a: Scizor|94/100 slp\n|-heal|p2b: Sinistcha|52/100|[from] drain|[of] p1a: Scizor\n|-damage|p1b: Clefable|81/100\n|-heal|p2b: Sinistcha|62/100|[from] drain|[of] p1b: Clefable\n|-status|p1b: Clefable|brn\n|cant|p1a: Scizor|slp\n|move|p1b: Clefable|Moonblast|p2a: Kingambit\n|-damage|p2a: Kingambit|64/100\n|move|p2a: Kingambit|Iron Head|p1b: Clefable\n|-supereffective|p1b: Clefable|1\n|-damage|p1b: Clefable|0 fnt\n|faint|p1b: Clefable\n|\n|upkeep\n|\n|t:|1776576090\n|switch|p1b: Venusaur|Venusaur, L50, F|100/100\n|turn|4\n|\n|t:|1776576110\n|detailschange|p1b: Venusaur|Venusaur-Mega, L50, F\n|-mega|p1b: Venusaur|Venusaur|Venusaurite\n|move|p2b: Sinistcha|Rage Powder|p2b: Sinistcha\n|-singleturn|p2b: Sinistcha|move: Rage Powder\n|move|p2a: Kingambit|Sucker Punch|p1a: Scizor\n|-damage|p1a: Scizor|51/100 slp\n|move|p1b: Venusaur|Sleep Powder|p2a: Kingambit\n|-status|p2a: Kingambit|slp|[from] move: Sleep Powder\n|cant|p1a: Scizor|slp\n|\n|upkeep\n|turn|5\n|\n|t:|1776576134\n|switch|p2b: Sneasler|Sneasler, L50, F|100/100\n|move|p1b: Venusaur|Sludge Bomb|p2b: Sneasler\n|-resisted|p2b: Sneasler|1\n|-damage|p2b: Sneasler|70/100\n|-curestatus|p1a: Scizor|slp|[msg]\n|move|p1a: Scizor|Bug Bite|p2a: Kingambit\n|-damage|p2a: Kingambit|0 fnt\n|faint|p2a: Kingambit\n|\n|upkeep\n|\n|t:|1776576150\n|switch|p2a: Sinistcha|Sinistcha, L50|62/100\n|-heal|p2b: Sneasler|94/100|[from] ability: Hospitality|[of] p2a: Sinistcha\n|turn|6\n|\n|t:|1776576168\n|switch|p1b: Sableye|Sableye, L50, F|100/100\n|move|p1a: Scizor|Protect|p1a: Scizor\n|-singleturn|p1a: Scizor|Protect\n|move|p2a: Sinistcha|Rage Powder|p2a: Sinistcha\n|-singleturn|p2a: Sinistcha|move: Rage Powder\n|move|p2b: Sneasler|Close Combat|p1a: Scizor\n|-activate|p1a: Scizor|move: Protect\n|\n|upkeep\n|turn|7\n|\n|t:|1776576188\n|move|p2b: Sneasler|Protect|p2b: Sneasler\n|-singleturn|p2b: Sneasler|Protect\n|move|p1b: Sableye|Fake Out|p2b: Sneasler\n|-activate|p2b: Sneasler|move: Protect\n|move|p2a: Sinistcha|Life Dew|p2a: Sinistcha|[spread] p2a,p2b\n|-heal|p2a: Sinistcha|88/100\n|-heal|p2b: Sneasler|100/100\n|move|p1a: Scizor|Bug Bite|p2a: Sinistcha\n|-damage|p2a: Sinistcha|0 fnt\n|faint|p2a: Sinistcha\n|\n|upkeep\n|\n|t:|1776576190\n|switch|p2a: Snorlax|Snorlax, L50, M|100/100\n|turn|8\n|\n|t:|1776576208\n|move|p1b: Sableye|Encore|p2b: Sneasler\n|-start|p2b: Sneasler|Encore\n|move|p2b: Sneasler|Protect|p2b: Sneasler\n|-singleturn|p2b: Sneasler|Protect\n|move|p1a: Scizor|Bug Bite|p2a: Snorlax\n|-damage|p2a: Snorlax|33/100\n|move|p2a: Snorlax|High Horsepower|p1a: Scizor\n|-damage|p1a: Scizor|23/100\n|\n|-heal|p2a: Snorlax|39/100|[from] item: Leftovers\n|upkeep\n|turn|9\n|\n|t:|1776576221\n|move|p2b: Sneasler|Protect||[still]\n|-fail|p2b: Sneasler\n|move|p1a: Scizor|Bug Bite|p2a: Snorlax\n|-damage|p2a: Snorlax|0 fnt\n|faint|p2a: Snorlax\n|move|p1b: Sableye|Foul Play|p2b: Sneasler\n|-resisted|p2b: Sneasler|1\n|-damage|p2b: Sneasler|51/100\n|\n|upkeep\n|turn|10\n|-message|John pokepaste forfeited.\n|\n|win|TheGamingMammoth\n|raw|TheGamingMammoth's rating: 1176 &rarr; <strong>1202</strong><br />(+26 for winning)\n|raw|John pokepaste's rating: 1194 &rarr; <strong>1168</strong><br />(-26 for losing)\n",
  "uploadtime": 1776576226,
  "views": 10,
  "formatid": "gen9championsvgc2026regma",
  "rating": 1168,
  "private": 0,
  "password": null
}