{
  "id": "gen9championsvgc2026regma-2582109422",
  "format": "[Gen 9 Champions] VGC 2026 Reg M-A",
  "players": [
    "Zombologist219",
    "lakeandbake"
  ],
  "log": "|j|\u2606Zombologist219\n|j|\u203dlakeandbake\n|t:|1776059072\n|gametype|doubles\n|player|p1|Zombologist219|101|1131\n|player|p2|lakeandbake|iono-masters|1213\n|gen|9\n|tier|[Gen 9 Champions] VGC 2026 Reg M-A\n|rated|\n|rule|Species Clause: Limit one of each Pok\u00e9mon\n|rule|Item Clause: Limit 1 of each item\n|clearpoke\n|poke|p1|Milotic, L50, M|\n|poke|p1|Feraligatr, L50, M|\n|poke|p1|Sylveon, L50, F|\n|poke|p1|Incineroar, L50, F|\n|poke|p1|Farigiraf, L50, M|\n|poke|p1|Snorlax, L50, M|\n|poke|p2|Aerodactyl, L50, M|\n|poke|p2|Rotom-Wash, L50|\n|poke|p2|Sneasler, L50, M|\n|poke|p2|Incineroar, L50, M|\n|poke|p2|Delphox, L50, F|\n|poke|p2|Garchomp, L50, F|\n|teampreview|4\n|inactive|Battle timer is ON: inactive players will automatically lose when time's up. (requested by Zombologist219)\n|\n|t:|1776059102\n|teamsize|p1|4\n|teamsize|p2|4\n|start\n|switch|p1a: Farigiraf|Farigiraf, L50, M|100/100\n|switch|p1b: Incineroar|Incineroar, L50, F|100/100\n|switch|p2a: Rotom|Rotom-Wash, L50|100/100\n|switch|p2b: Garchomp|Garchomp, L50, F|100/100\n|-ability|p1b: Incineroar|Intimidate|boost\n|-unboost|p2a: Rotom|atk|1\n|-unboost|p2b: Garchomp|atk|1\n|turn|1\n|\n|t:|1776059117\n|switch|p2b: Incineroar|Incineroar, L50, M|100/100\n|-ability|p2b: Incineroar|Intimidate|boost\n|-unboost|p1a: Farigiraf|atk|1\n|-unboost|p1b: Incineroar|atk|1\n|move|p1b: Incineroar|Fake Out|p2a: Rotom\n|-damage|p2a: Rotom|93/100\n|cant|p2a: Rotom|flinch\n|move|p1a: Farigiraf|Trick Room|p1a: Farigiraf\n|-fieldstart|move: Trick Room|[of] p1a: Farigiraf\n|\n|-heal|p2a: Rotom|99/100|[from] item: Leftovers\n|upkeep\n|turn|2\n|inactive|lakeandbake has 30 seconds left.\n|\n|t:|1776059144\n|switch|p1a: Milotic|Milotic, L50, M|100/100\n|move|p1b: Incineroar|Parting Shot|p2a: Rotom\n|-unboost|p2a: Rotom|atk|1\n|-unboost|p2a: Rotom|spa|1\n|\n|t:|1776059155\n|switch|p1b: Farigiraf|Farigiraf, L50, M|100/100|[from] Parting Shot\n|move|p2b: Incineroar|Throat Chop|p1a: Milotic\n|-damage|p1a: Milotic|61/100\n|-start|p1a: Milotic|Throat Chop|[silent]\n|move|p2a: Rotom|Hydro Pump|p1b: Farigiraf\n|-damage|p1b: Farigiraf|66/100\n|\n|-heal|p2a: Rotom|100/100|[from] item: Leftovers\n|upkeep\n|turn|3\n|\n|t:|1776059172\n|move|p1b: Farigiraf|Hyper Voice|p2b: Incineroar|[spread] p2a,p2b\n|-damage|p2a: Rotom|60/100\n|-damage|p2b: Incineroar|70/100\n|move|p2b: Incineroar|Parting Shot|p1b: Farigiraf\n|-unboost|p1b: Farigiraf|atk|1\n|-unboost|p1b: Farigiraf|spa|1\n|\n|t:|1776059183\n|switch|p2b: Delphox|Delphox, L50, F|100/100|[from] Parting Shot\n|move|p1a: Milotic|Scald|p2b: Delphox\n|-supereffective|p2b: Delphox|1\n|-damage|p2b: Delphox|37/100\n|move|p2a: Rotom|Thunderbolt|p1a: Milotic\n|-supereffective|p1a: Milotic|1\n|-damage|p1a: Milotic|35/100\n|\n|-heal|p2a: Rotom|65/100|[from] item: Leftovers\n|-end|p1a: Milotic|Throat Chop|[silent]\n|upkeep\n|turn|4\n|\n|t:|1776059203\n|detailschange|p2b: Delphox|Delphox-Mega, L50, F\n|-mega|p2b: Delphox|Delphox|Delphoxite\n|move|p1a: Milotic|Helping Hand|p1b: Farigiraf\n|-singleturn|p1b: Farigiraf|Helping Hand|[of] p1a: Milotic\n|move|p2a: Rotom|Protect|p2a: Rotom\n|-singleturn|p2a: Rotom|Protect\n|move|p2b: Delphox|Protect|p2b: Delphox\n|-singleturn|p2b: Delphox|Protect\n|move|p1b: Farigiraf|Hyper Voice|p2b: Delphox|[spread] \n|-activate|p2a: Rotom|move: Protect\n|-activate|p2b: Delphox|move: Protect\n|\n|-heal|p2a: Rotom|71/100|[from] item: Leftovers\n|upkeep\n|turn|5\n|inactive|lakeandbake has 30 seconds left.\n|inactive|lakeandbake has 20 seconds left.\n|inactive|lakeandbake has 15 seconds left.\n|\n|t:|1776059246\n|switch|p2b: Garchomp|Garchomp, L50, F|100/100\n|move|p1a: Milotic|Helping Hand|p1b: Farigiraf\n|-singleturn|p1b: Farigiraf|Helping Hand|[of] p1a: Milotic\n|move|p1b: Farigiraf|Hyper Voice|p2b: Garchomp|[spread] p2a,p2b\n|-damage|p2a: Rotom|32/100\n|-damage|p2b: Garchomp|63/100\n|move|p2a: Rotom|Thunderbolt|p1a: Milotic\n|-supereffective|p1a: Milotic|1\n|-crit|p1a: Milotic\n|-damage|p1a: Milotic|0 fnt\n|faint|p1a: Milotic\n|\n|-heal|p2a: Rotom|38/100|[from] item: Leftovers\n|-fieldend|move: Trick Room\n|upkeep\n|\n|t:|1776059258\n|switch|p1a: Incineroar|Incineroar, L50, F|100/100\n|-ability|p1a: Incineroar|Intimidate|boost\n|-unboost|p2a: Rotom|atk|1\n|-unboost|p2b: Garchomp|atk|1\n|turn|6\n|inactive|lakeandbake has 30 seconds left.\n|\n|t:|1776059288\n|switch|p2a: Incineroar|Incineroar, L50, M|70/100\n|-ability|p2a: Incineroar|Intimidate|boost\n|-unboost|p1a: Incineroar|atk|1\n|-unboost|p1b: Farigiraf|atk|1\n|move|p1a: Incineroar|Fake Out|p2a: Incineroar\n|-damage|p2a: Incineroar|63/100\n|move|p2b: Garchomp|Rock Slide|p1a: Incineroar|[spread] p1a,p1b\n|-supereffective|p1a: Incineroar|1\n|-damage|p1a: Incineroar|77/100\n|-damage|p1b: Farigiraf|52/100\n|cant|p1b: Farigiraf|flinch\n|\n|upkeep\n|turn|7\n|\n|t:|1776059310\n|switch|p2b: Rotom|Rotom-Wash, L50|38/100\n|move|p2a: Incineroar|Throat Chop|p1b: Farigiraf\n|-supereffective|p1b: Farigiraf|1\n|-damage|p1b: Farigiraf|0 fnt\n|faint|p1b: Farigiraf\n|move|p1a: Incineroar|Parting Shot|p2b: Rotom\n|-unboost|p2b: Rotom|atk|1\n|-unboost|p2b: Rotom|spa|1\n|\n|t:|1776059318\n|switch|p1a: Feraligatr|Feraligatr, L50, M|100/100|[from] Parting Shot\n|\n|-heal|p2b: Rotom|44/100|[from] item: Leftovers\n|upkeep\n|\n|t:|1776059323\n|switch|p1b: Incineroar|Incineroar, L50, F|77/100\n|-ability|p1b: Incineroar|Intimidate|boost\n|-unboost|p2a: Incineroar|atk|1\n|-unboost|p2b: Rotom|atk|1\n|turn|8\n|\n|t:|1776059336\n|detailschange|p1a: Feraligatr|Feraligatr-Mega, L50, M\n|-mega|p1a: Feraligatr|Feraligatr|Feraligite\n|move|p1b: Incineroar|Fake Out|p2a: Incineroar\n|-damage|p2a: Incineroar|53/100\n|move|p2b: Rotom|Will-O-Wisp|p1a: Feraligatr\n|-status|p1a: Feraligatr|brn\n|move|p1a: Feraligatr|Dragon Dance|p1a: Feraligatr\n|-boost|p1a: Feraligatr|atk|1\n|-boost|p1a: Feraligatr|spe|1\n|cant|p2a: Incineroar|flinch\n|\n|-heal|p2b: Rotom|50/100|[from] item: Leftovers\n|-damage|p1a: Feraligatr|94/100 brn|[from] brn\n|upkeep\n|turn|9\n|inactive|lakeandbake has 30 seconds left.\n|\n|t:|1776059364\n|move|p1a: Feraligatr|Rock Slide|p2b: Rotom|[spread] p2a,p2b\n|-supereffective|p2a: Incineroar|1\n|-damage|p2a: Incineroar|15/100\n|-damage|p2b: Rotom|32/100\n|-enditem|p2a: Incineroar|Sitrus Berry|[eat]\n|-heal|p2a: Incineroar|40/100|[from] item: Sitrus Berry\n|move|p2b: Rotom|Thunderbolt|p1a: Feraligatr\n|-damage|p1a: Feraligatr|72/100 brn\n|move|p2a: Incineroar|Parting Shot|p1a: Feraligatr\n|-unboost|p1a: Feraligatr|atk|1\n|-unboost|p1a: Feraligatr|spa|1\n|-message|Zombologist219 forfeited.\n|\n|win|lakeandbake\n|raw|Zombologist219's rating: 1131 &rarr; <strong>1112</strong><br />(-19 for losing)\n|raw|lakeandbake's rating: 1213 &rarr; <strong>1232</strong><br />(+19 for winning)\n",
  "uploadtime": 1776059374,
  "views": 11,
  "formatid": "gen9championsvgc2026regma",
  "rating": 1112,
  "private": 0,
  "password": null
}