{
  "id": "gen9championsvgc2026regma-2589455630",
  "format": "[Gen 9 Champions] VGC 2026 Reg M-A",
  "players": [
    "mamdani",
    "collete"
  ],
  "log": "|j|\u2606mamdani\n|j|\u2606collete\n|t:|1776724500\n|gametype|doubles\n|player|p1|mamdani|clerk|1063\n|player|p2|collete|2|1149\n|gen|9\n|tier|[Gen 9 Champions] VGC 2026 Reg M-A\n|rated|\n|rule|Species Clause: Limit one of each Pok\u00e9mon\n|rule|Item Clause: Limit 1 of each item\n|clearpoke\n|poke|p1|Drampa, L50, F|\n|poke|p1|Slowking-Galar, L50, M|\n|poke|p1|Conkeldurr, L50, F|\n|poke|p1|Aggron, L50, M|\n|poke|p1|Cofagrigus, L50, M|\n|poke|p1|Sinistcha, L50|\n|poke|p2|Incineroar, L50, F, shiny|\n|poke|p2|Glalie, L50, F|\n|poke|p2|Archaludon, L50, F, shiny|\n|poke|p2|Sneasler, L50, M|\n|poke|p2|Sinistcha, L50|\n|poke|p2|Aerodactyl, L50, F|\n|teampreview|4\n|\n|t:|1776724539\n|teamsize|p1|4\n|teamsize|p2|4\n|start\n|switch|p1a: Conkeldurr|Conkeldurr, L50, F|100/100\n|switch|p1b: Cofagrigus|Cofagrigus, L50, M|100/100\n|switch|p2a: Aerodactyl|Aerodactyl, L50, F|100/100\n|switch|p2b: Glalie|Glalie, L50, F|100/100\n|-ability|p2a: Aerodactyl|Unnerve\n|turn|1\n|\n|t:|1776724552\n|detailschange|p2b: Glalie|Glalie-Mega, L50, F\n|-mega|p2b: Glalie|Glalie|Glalitite\n|move|p2a: Aerodactyl|Tailwind|p2a: Aerodactyl\n|-sidestart|p2: collete|move: Tailwind\n|move|p2b: Glalie|Explosion|p1a: Conkeldurr|[spread] p2a,p1a,p1b\n|-supereffective|p2a: Aerodactyl|1\n|-crit|p1b: Cofagrigus\n|-enditem|p2a: Aerodactyl|Focus Sash\n|-damage|p2a: Aerodactyl|1/100\n|-damage|p1a: Conkeldurr|0 fnt\n|-damage|p1b: Cofagrigus|0 fnt\n|faint|p2b: Glalie\n|faint|p1a: Conkeldurr\n|faint|p1b: Cofagrigus\n|\n|upkeep\n|\n|t:|1776724568\n|switch|p2b: Archaludon|Archaludon, L50, F, shiny|100/100\n|switch|p1a: Drampa|Drampa, L50, F|100/100\n|switch|p1b: Aggron|Aggron, L50, M|100/100\n|-ability|p1a: Drampa|Cloud Nine\n|turn|2\n|\n|t:|1776724599\n|detailschange|p1b: Aggron|Aggron-Mega, L50, M\n|-mega|p1b: Aggron|Aggron|Aggronite\n|move|p2a: Aerodactyl|Rock Slide|p1a: Drampa|[spread] p1a\n|-miss|p2a: Aerodactyl|p1b: Aggron\n|-damage|p1a: Drampa|73/100\n|move|p2b: Archaludon|Dragon Pulse|p1a: Drampa\n|-supereffective|p1a: Drampa|1\n|-damage|p1a: Drampa|0 fnt\n|faint|p1a: Drampa\n|move|p1b: Aggron|Iron Defense|p1b: Aggron\n|-boost|p1b: Aggron|def|2\n|\n|upkeep\n|turn|3\n|\n|t:|1776724621\n|move|p2a: Aerodactyl|Dual Wingbeat|p1b: Aggron\n|-resisted|p1b: Aggron|1\n|-damage|p1b: Aggron|99/100\n|-resisted|p1b: Aggron|1\n|-damage|p1b: Aggron|97/100\n|-hitcount|p1b: Aggron|2\n|move|p2b: Archaludon|Thunderbolt|p1b: Aggron\n|-damage|p1b: Aggron|61/100\n|move|p1b: Aggron|Body Press|p2b: Archaludon\n|-supereffective|p2b: Archaludon|1\n|-damage|p2b: Archaludon|0 fnt\n|faint|p2b: Archaludon\n|\n|upkeep\n|\n|t:|1776724632\n|switch|p2b: Sneasler|Sneasler, L50, M|100/100\n|turn|4\n|\n|t:|1776724647\n|move|p2a: Aerodactyl|Dual Wingbeat|p1b: Aggron\n|-resisted|p1b: Aggron|1\n|-damage|p1b: Aggron|59/100\n|-resisted|p1b: Aggron|1\n|-damage|p1b: Aggron|57/100\n|-hitcount|p1b: Aggron|2\n|move|p2b: Sneasler|Close Combat|p1b: Aggron\n|-supereffective|p1b: Aggron|1\n|-damage|p1b: Aggron|39/100\n|-unboost|p2b: Sneasler|def|1\n|-unboost|p2b: Sneasler|spd|1\n|-enditem|p2b: Sneasler|White Herb\n|-clearnegativeboost|p2b: Sneasler|[silent]\n|move|p1b: Aggron|Body Press|p2b: Sneasler\n|-resisted|p2b: Sneasler|1\n|-damage|p2b: Sneasler|21/100\n|\n|-sideend|p2: collete|move: Tailwind\n|upkeep\n|turn|5\n|\n|t:|1776724673\n|move|p2b: Sneasler|Close Combat|p1b: Aggron\n|-supereffective|p1b: Aggron|1\n|-damage|p1b: Aggron|21/100\n|-unboost|p2b: Sneasler|def|1\n|-unboost|p2b: Sneasler|spd|1\n|move|p2a: Aerodactyl|Dual Wingbeat|p1b: Aggron\n|-resisted|p1b: Aggron|1\n|-damage|p1b: Aggron|19/100\n|-resisted|p1b: Aggron|1\n|-damage|p1b: Aggron|17/100\n|-hitcount|p1b: Aggron|2\n|move|p1b: Aggron|Body Press|p2b: Sneasler\n|-resisted|p2b: Sneasler|1\n|-damage|p2b: Sneasler|0 fnt\n|faint|p2b: Sneasler\n|\n|upkeep\n|turn|6\n|\n|t:|1776724689\n|move|p2a: Aerodactyl|Rock Slide|p1b: Aggron\n|-resisted|p1b: Aggron|1\n|-damage|p1b: Aggron|14/100\n|cant|p1b: Aggron|flinch\n|\n|upkeep\n|turn|7\n|\n|t:|1776724702\n|move|p2a: Aerodactyl|Rock Slide|p1b: Aggron|[miss]\n|-miss|p2a: Aerodactyl|p1b: Aggron\n|move|p1b: Aggron|Body Press|p2a: Aerodactyl\n|-damage|p2a: Aerodactyl|0 fnt\n|faint|p2a: Aerodactyl\n|\n|win|mamdani\n|raw|mamdani's rating: 1063 &rarr; <strong>1101</strong><br />(+38 for winning)\n|raw|collete's rating: 1149 &rarr; <strong>1118</strong><br />(-31 for losing)\n|l|\u2606collete\n|player|p2|\n",
  "uploadtime": 1776724712,
  "views": 4,
  "formatid": "gen9championsvgc2026regma",
  "rating": 1101,
  "private": 0,
  "password": null
}