{
  "id": "gen9championsvgc2026regma-2587961177",
  "format": "[Gen 9 Champions] VGC 2026 Reg M-A",
  "players": [
    "qmantra",
    "dc_wash"
  ],
  "log": "|j|\u2606qmantra\n|j|\u2606dc_wash\n|t:|1776585235\n|gametype|doubles\n|player|p1|qmantra|265|1185\n|player|p2|dc_wash|pokemonranger-gen4|1239\n|gen|9\n|tier|[Gen 9 Champions] VGC 2026 Reg M-A\n|rated|\n|rule|Species Clause: Limit one of each Pok\u00e9mon\n|rule|Item Clause: Limit 1 of each item\n|clearpoke\n|poke|p1|Drampa, L50, F|\n|poke|p1|Sinistcha, L50|\n|poke|p1|Samurott-Hisui, L50, M|\n|poke|p1|Chandelure, L50, F|\n|poke|p1|Tinkaton, L50, F|\n|poke|p1|Corviknight, L50, M|\n|poke|p2|Scizor, L50, M|\n|poke|p2|Sneasler, L50, F|\n|poke|p2|Pelipper, L50, M|\n|poke|p2|Incineroar, L50, M|\n|poke|p2|Kommo-o, L50, M|\n|poke|p2|Milotic, L50, F|\n|teampreview|4\n|inactive|Battle timer is ON: inactive players will automatically lose when time's up. (requested by qmantra)\n|inactive|qmantra has 60 seconds left.\n|inactive|dc_wash has 60 seconds left.\n|\n|t:|1776585285\n|teamsize|p1|4\n|teamsize|p2|4\n|start\n|switch|p1a: Tinkaton|Tinkaton, L50, F|100/100\n|switch|p1b: Samurott|Samurott-Hisui, L50, M|100/100\n|switch|p2a: Kommo-o|Kommo-o, L50, M|100/100\n|switch|p2b: Incineroar|Incineroar, L50, M|100/100\n|-ability|p1a: Tinkaton|Mold Breaker\n|-ability|p2b: Incineroar|Intimidate|boost\n|-unboost|p1a: Tinkaton|atk|1\n|-unboost|p1b: Samurott|atk|1\n|turn|1\n|inactive|dc_wash has 30 seconds left.\n|\n|t:|1776585317\n|move|p1a: Tinkaton|Fake Out|p2b: Incineroar\n|-damage|p2b: Incineroar|94/100\n|cant|p2b: Incineroar|flinch\n|move|p1b: Samurott|Flip Turn|p2b: Incineroar\n|-supereffective|p2b: Incineroar|1\n|-damage|p2b: Incineroar|60/100\n|\n|t:|1776585325\n|switch|p1b: Corviknight|Corviknight, L50, M|100/100|[from] Flip Turn\n|move|p2a: Kommo-o|Aura Sphere|p1b: Corviknight\n|-damage|p1b: Corviknight|69/100\n|\n|-heal|p1b: Corviknight|75/100|[from] item: Leftovers\n|upkeep\n|turn|2\n|\n|t:|1776585346\n|switch|p1a: Sinistcha|Sinistcha, L50|100/100\n|-heal|p1b: Corviknight|99/100|[from] ability: Hospitality|[of] p1a: Sinistcha\n|switch|p2a: Scizor|Scizor, L50, M|100/100\n|move|p2b: Incineroar|Parting Shot|p1a: Sinistcha\n|-unboost|p1a: Sinistcha|atk|1\n|-unboost|p1a: Sinistcha|spa|1\n|\n|t:|1776585363\n|switch|p2b: Sneasler|Sneasler, L50, F|100/100|[from] Parting Shot\n|-ability|p2b: Sneasler|Pressure\n|move|p1b: Corviknight|Brave Bird|p2a: Scizor\n|-damage|p2a: Scizor|49/100\n|-damage|p1b: Corviknight|84/100|[from] Recoil\n|\n|-heal|p1b: Corviknight|91/100|[from] item: Leftovers\n|upkeep\n|turn|3\n|\n|t:|1776585387\n|detailschange|p2a: Scizor|Scizor-Mega, L50, M\n|-mega|p2a: Scizor|Scizor|Scizorite\n|move|p1b: Corviknight|Protect|p1b: Corviknight\n|-singleturn|p1b: Corviknight|Protect\n|move|p2b: Sneasler|Close Combat|p1b: Corviknight\n|-activate|p1b: Corviknight|move: Protect\n|move|p2a: Scizor|Swords Dance|p2a: Scizor\n|-boost|p2a: Scizor|atk|2\n|move|p1a: Sinistcha|Trick Room|p1a: Sinistcha\n|-fieldstart|move: Trick Room|[of] p1a: Sinistcha\n|\n|-heal|p1b: Corviknight|97/100|[from] item: Leftovers\n|upkeep\n|turn|4\n|\n|t:|1776585410\n|move|p2a: Scizor|Protect|p2a: Scizor\n|-singleturn|p2a: Scizor|Protect\n|move|p1a: Sinistcha|Rage Powder|p1a: Sinistcha\n|-singleturn|p1a: Sinistcha|move: Rage Powder\n|move|p1b: Corviknight|Bulk Up|p1b: Corviknight\n|-boost|p1b: Corviknight|atk|1\n|-boost|p1b: Corviknight|def|1\n|move|p2b: Sneasler|Close Combat|p1a: Sinistcha\n|-immune|p1a: Sinistcha\n|\n|-heal|p1b: Corviknight|100/100|[from] item: Leftovers\n|upkeep\n|turn|5\n|\n|t:|1776585425\n|move|p1a: Sinistcha|Rage Powder|p1a: Sinistcha\n|-singleturn|p1a: Sinistcha|move: Rage Powder\n|move|p2a: Scizor|Bullet Punch|p1a: Sinistcha\n|-damage|p1a: Sinistcha|32/100\n|move|p1b: Corviknight|Bulk Up|p1b: Corviknight\n|-boost|p1b: Corviknight|atk|1\n|-boost|p1b: Corviknight|def|1\n|move|p2b: Sneasler|Dire Claw|p1a: Sinistcha\n|-damage|p1a: Sinistcha|0 fnt\n|faint|p1a: Sinistcha\n|\n|upkeep\n|\n|t:|1776585439\n|switch|p1a: Tinkaton|Tinkaton, L50, F|100/100\n|-ability|p1a: Tinkaton|Mold Breaker\n|turn|6\n|inactive|dc_wash has 30 seconds left.\n|inactive|dc_wash has 20 seconds left.\n|inactive|dc_wash has 15 seconds left.\n|\n|t:|1776585482\n|move|p2a: Scizor|Protect|p2a: Scizor\n|-singleturn|p2a: Scizor|Protect\n|move|p1a: Tinkaton|Fake Out|p2b: Sneasler\n|-damage|p2b: Sneasler|83/100\n|move|p1b: Corviknight|Bulk Up|p1b: Corviknight\n|-boost|p1b: Corviknight|atk|1\n|-boost|p1b: Corviknight|def|1\n|cant|p2b: Sneasler|flinch\n|\n|upkeep\n|turn|7\n|inactive|qmantra has 30 seconds left.\n|\n|t:|1776585509\n|move|p2a: Scizor|Bullet Punch|p1b: Corviknight\n|-resisted|p1b: Corviknight|1\n|-damage|p1b: Corviknight|87/100\n|move|p1b: Corviknight|Brave Bird|p2a: Scizor\n|-damage|p2a: Scizor|0 fnt\n|faint|p2a: Scizor\n|-damage|p1b: Corviknight|73/100|[from] Recoil\n|move|p1a: Tinkaton|Encore|p2b: Sneasler\n|-start|p2b: Sneasler|Encore\n|move|p2b: Sneasler|Dire Claw|p1b: Corviknight\n|-immune|p1b: Corviknight\n|\n|-heal|p1b: Corviknight|79/100|[from] item: Leftovers\n|-fieldend|move: Trick Room\n|upkeep\n|\n|t:|1776585525\n|switch|p2a: Kommo-o|Kommo-o, L50, M|100/100\n|turn|8\n|\n|t:|1776585534\n|switch|p2b: Incineroar|Incineroar, L50, M|60/100\n|-ability|p2b: Incineroar|Intimidate|boost\n|-unboost|p1a: Tinkaton|atk|1\n|-ability|p1b: Corviknight|Mirror Armor\n|-unboost|p2b: Incineroar|atk|1\n|move|p1a: Tinkaton|Gigaton Hammer|p2b: Incineroar\n|-resisted|p2b: Incineroar|1\n|-damage|p2b: Incineroar|43/100\n|move|p2a: Kommo-o|Clangorous Soul|p2a: Kommo-o\n|-boost|p2a: Kommo-o|atk|1\n|-boost|p2a: Kommo-o|def|1\n|-boost|p2a: Kommo-o|spa|1\n|-boost|p2a: Kommo-o|spd|1\n|-boost|p2a: Kommo-o|spe|1\n|-damage|p2a: Kommo-o|68/100\n|move|p1b: Corviknight|Brave Bird|p2a: Kommo-o\n|-supereffective|p2a: Kommo-o|1\n|-damage|p2a: Kommo-o|0 fnt\n|faint|p2a: Kommo-o\n|-damage|p1b: Corviknight|58/100|[from] Recoil\n|\n|-heal|p1b: Corviknight|65/100|[from] item: Leftovers\n|upkeep\n|\n|t:|1776585553\n|switch|p2a: Sneasler|Sneasler, L50, F|83/100\n|-ability|p2a: Sneasler|Pressure\n|turn|9\n|\n|t:|1776585568\n|switch|p1a: Samurott|Samurott-Hisui, L50, M|100/100\n|move|p1b: Corviknight|Protect|p1b: Corviknight\n|-singleturn|p1b: Corviknight|Protect\n|move|p2b: Incineroar|Fake Out|p1a: Samurott\n|-damage|p1a: Samurott|92/100\n|move|p2a: Sneasler|Close Combat|p1b: Corviknight\n|-activate|p1b: Corviknight|move: Protect\n|\n|-heal|p1b: Corviknight|71/100|[from] item: Leftovers\n|upkeep\n|turn|10\n|\n|t:|1776585580\n|move|p1a: Samurott|Aqua Cutter|p2b: Incineroar\n|-supereffective|p2b: Incineroar|1\n|-damage|p2b: Incineroar|0 fnt\n|faint|p2b: Incineroar\n|move|p2a: Sneasler|Close Combat|p1b: Corviknight\n|-damage|p1b: Corviknight|45/100\n|-unboost|p2a: Sneasler|def|1\n|-unboost|p2a: Sneasler|spd|1\n|-enditem|p2a: Sneasler|White Herb\n|-clearnegativeboost|p2a: Sneasler|[silent]\n|move|p1b: Corviknight|Brave Bird|p2a: Sneasler\n|-supereffective|p2a: Sneasler|1\n|-damage|p2a: Sneasler|0 fnt\n|faint|p2a: Sneasler\n|-damage|p1b: Corviknight|23/100|[from] Recoil\n|\n|win|qmantra\n|raw|qmantra's rating: 1185 &rarr; <strong>1214</strong><br />(+29 for winning)\n|raw|dc_wash's rating: 1239 &rarr; <strong>1210</strong><br />(-29 for losing)\n|l|\u2606dc_wash\n|player|p2|\n|c|\u2606qmantra|Gg\n",
  "uploadtime": 1776585594,
  "views": 14,
  "formatid": "gen9championsvgc2026regma",
  "rating": 1210,
  "private": 0,
  "password": null
}