{
  "id": "gen9championsvgc2026regma-2583780287",
  "format": "[Gen 9 Champions] VGC 2026 Reg M-A",
  "players": [
    "Amukhan",
    "King_Jon_Ice"
  ],
  "log": "|j|\u2606Amukhan\n|j|\u2606King_Jon_Ice\n|t:|1776197191\n|gametype|doubles\n|player|p1|Amukhan|ingo|1104\n|player|p2|King_Jon_Ice|n|1069\n|gen|9\n|tier|[Gen 9 Champions] VGC 2026 Reg M-A\n|rated|\n|rule|Species Clause: Limit one of each Pok\u00e9mon\n|rule|Item Clause: Limit 1 of each item\n|clearpoke\n|poke|p1|Froslass, L50, F|\n|poke|p1|Kommo-o, L50, M|\n|poke|p1|Sinistcha, L50|\n|poke|p1|Snorlax, L50, M|\n|poke|p1|Incineroar, L50, F|\n|poke|p1|Aerodactyl, L50, F|\n|poke|p2|Pelipper, L50, F|\n|poke|p2|Archaludon, L50, M|\n|poke|p2|Gengar, L50, F|\n|poke|p2|Sableye, L50, M|\n|poke|p2|Meganium, L50, M|\n|poke|p2|Basculegion, L50, M|\n|teampreview|4\n|\n|t:|1776197211\n|teamsize|p1|4\n|teamsize|p2|4\n|start\n|switch|p1a: Froslass|Froslass, L50, F, shiny|100/100\n|switch|p1b: Kommo-o|Kommo-o, L50, M|100/100\n|switch|p2a: Pelipper|Pelipper, L50, F|100/100\n|switch|p2b: Archaludon|Archaludon, L50, M|100/100\n|-weather|RainDance|[from] ability: Drizzle|[of] p2a: Pelipper\n|turn|1\n|\n|t:|1776197248\n|detailschange|p1a: Froslass|Froslass-Mega, L50, F, shiny\n|-mega|p1a: Froslass|Froslass|Froslassite\n|-weather|Snowscape|[from] ability: Snow Warning|[of] p1a: Froslass\n|move|p2b: Archaludon|Protect|p2b: Archaludon\n|-singleturn|p2b: Archaludon|Protect\n|move|p1a: Froslass|Aurora Veil|p1a: Froslass\n|-sidestart|p1: Amukhan|move: Aurora Veil\n|move|p1b: Kommo-o|Clangorous Soul|p1b: Kommo-o\n|-boost|p1b: Kommo-o|atk|1\n|-boost|p1b: Kommo-o|def|1\n|-boost|p1b: Kommo-o|spa|1\n|-boost|p1b: Kommo-o|spd|1\n|-boost|p1b: Kommo-o|spe|1\n|-damage|p1b: Kommo-o|68/100\n|move|p2a: Pelipper|Tailwind|p2a: Pelipper\n|-sidestart|p2: King_Jon_Ice|move: Tailwind\n|\n|-weather|Snowscape|[upkeep]\n|upkeep\n|turn|2\n|\n|t:|1776197288\n|switch|p1a: Sinistcha|Sinistcha, L50|100/100\n|-heal|p1b: Kommo-o|92/100|[from] ability: Hospitality|[of] p1a: Sinistcha\n|move|p2b: Archaludon|Draco Meteor|p1b: Kommo-o\n|-supereffective|p1b: Kommo-o|1\n|-damage|p1b: Kommo-o|37/100\n|-unboost|p2b: Archaludon|spa|2\n|-enditem|p1b: Kommo-o|Sitrus Berry|[eat]\n|-heal|p1b: Kommo-o|62/100|[from] item: Sitrus Berry\n|move|p2a: Pelipper|Weather Ball|p1b: Kommo-o\n|-supereffective|p1b: Kommo-o|1\n|-damage|p1b: Kommo-o|42/100\n|move|p1b: Kommo-o|Clangorous Soul|p1b: Kommo-o\n|-boost|p1b: Kommo-o|atk|1\n|-boost|p1b: Kommo-o|def|1\n|-boost|p1b: Kommo-o|spa|1\n|-boost|p1b: Kommo-o|spd|1\n|-boost|p1b: Kommo-o|spe|1\n|-damage|p1b: Kommo-o|9/100\n|\n|-weather|Snowscape|[upkeep]\n|upkeep\n|turn|3\n|\n|t:|1776197329\n|move|p2b: Archaludon|Protect|p2b: Archaludon\n|-singleturn|p2b: Archaludon|Protect\n|move|p1b: Kommo-o|Protect|p1b: Kommo-o\n|-singleturn|p1b: Kommo-o|Protect\n|move|p2a: Pelipper|Weather Ball|p1b: Kommo-o\n|-activate|p1b: Kommo-o|move: Protect\n|move|p1a: Sinistcha|Life Dew||[still]|[spread] p1a,p1b\n|-fail|p1a: Sinistcha|heal\n|-heal|p1b: Kommo-o|35/100\n|\n|-weather|Snowscape|[upkeep]\n|upkeep\n|turn|4\n|\n|t:|1776197354\n|move|p1a: Sinistcha|Rage Powder|p1a: Sinistcha\n|-singleturn|p1a: Sinistcha|move: Rage Powder\n|move|p2b: Archaludon|Draco Meteor|p1a: Sinistcha\n|-damage|p1a: Sinistcha|81/100\n|-unboost|p2b: Archaludon|spa|2\n|move|p1b: Kommo-o|Clanging Scales|p2a: Pelipper|[spread] p2a,p2b\n|-crit|p2b: Archaludon\n|-enditem|p2a: Pelipper|Focus Sash\n|-damage|p2a: Pelipper|1/100\n|-damage|p2b: Archaludon|0 fnt\n|faint|p2b: Archaludon\n|-unboost|p1b: Kommo-o|def|1\n|move|p2a: Pelipper|Weather Ball|p1a: Sinistcha\n|-supereffective|p1a: Sinistcha|1\n|-damage|p1a: Sinistcha|52/100\n|\n|-weather|Snowscape|[upkeep]\n|-sideend|p2: King_Jon_Ice|move: Tailwind\n|upkeep\n|\n|t:|1776197368\n|switch|p2b: Meganium|Meganium, L50, M|100/100\n|turn|5\n|inactive|Battle timer is ON: inactive players will automatically lose when time's up. (requested by Amukhan)\n|\n|t:|1776197413\n|detailschange|p2b: Meganium|Meganium-Mega, L50, M\n|-mega|p2b: Meganium|Meganium|Meganiumite\n|move|p1a: Sinistcha|Rage Powder|p1a: Sinistcha\n|-singleturn|p1a: Sinistcha|move: Rage Powder\n|move|p1b: Kommo-o|Boomburst|p2a: Pelipper|[spread] p2a,p2b\n|-immune|p1a: Sinistcha\n|-damage|p2a: Pelipper|0 fnt\n|-damage|p2b: Meganium|51/100\n|faint|p2a: Pelipper\n|move|p2b: Meganium|Solar Beam||[still]\n|-prepare|p2b: Meganium|Solar Beam\n|-activate|p2b: Meganium|ability: Mega Sol\n|-anim|p2b: Meganium|Solar Beam|p1b: Kommo-o\n|-resisted|p1b: Kommo-o|1\n|-damage|p1b: Kommo-o|25/100\n|\n|-weather|none\n|-sideend|p1: Amukhan|move: Aurora Veil\n|upkeep\n|\n|t:|1776197417\n|switch|p2a: Basculegion|Basculegion, L50, M|100/100\n|turn|6\n|\n|t:|1776197438\n|move|p1b: Kommo-o|Protect|p1b: Kommo-o\n|-singleturn|p1b: Kommo-o|Protect\n|move|p2a: Basculegion|Phantom Force||[still]\n|-prepare|p2a: Basculegion|Phantom Force\n|move|p2b: Meganium|Synthesis|p2b: Meganium\n|-heal|p2b: Meganium|100/100\n|move|p1a: Sinistcha|Life Dew|p1a: Sinistcha|[spread] p1a,p1b\n|-heal|p1a: Sinistcha|77/100\n|-heal|p1b: Kommo-o|50/100\n|\n|upkeep\n|turn|7\n|inactive|Amukhan has 30 seconds left.\n|\n|t:|1776197465\n|move|p2b: Meganium|Protect|p2b: Meganium\n|-singleturn|p2b: Meganium|Protect\n|move|p1b: Kommo-o|Boomburst|p2a: Basculegion|[spread] \n|-miss|p1b: Kommo-o|p2a: Basculegion\n|-activate|p2b: Meganium|move: Protect\n|-immune|p1a: Sinistcha\n|move|p2a: Basculegion|Phantom Force|p1b: Kommo-o|[from] lockedmove\n|-damage|p1b: Kommo-o|29/100\n|move|p1a: Sinistcha|Life Dew|p1a: Sinistcha|[spread] p1a,p1b\n|-heal|p1a: Sinistcha|100/100\n|-heal|p1b: Kommo-o|54/100\n|\n|upkeep\n|turn|8\n|\n|t:|1776197482\n|move|p1b: Kommo-o|Clanging Scales|p2a: Basculegion|[spread] p2a\n|-immune|p2b: Meganium\n|-damage|p2a: Basculegion|22/100\n|-unboost|p1b: Kommo-o|def|1\n|move|p2a: Basculegion|Last Respects|p1a: Sinistcha|[miss]\n|-miss|p2a: Basculegion|p1a: Sinistcha\n|move|p2b: Meganium|Solar Beam||[still]\n|-prepare|p2b: Meganium|Solar Beam\n|-activate|p2b: Meganium|ability: Mega Sol\n|-anim|p2b: Meganium|Solar Beam|p1b: Kommo-o\n|-resisted|p1b: Kommo-o|1\n|-damage|p1b: Kommo-o|41/100\n|move|p1a: Sinistcha|Life Dew||[still]|[spread] p1a,p1b\n|-fail|p1a: Sinistcha|heal\n|-heal|p1b: Kommo-o|66/100\n|\n|upkeep\n|turn|9\n|\n|t:|1776197501\n|move|p1b: Kommo-o|Clanging Scales|p2a: Basculegion|[spread] p2a\n|-immune|p2b: Meganium\n|-damage|p2a: Basculegion|0 fnt\n|faint|p2a: Basculegion\n|-unboost|p1b: Kommo-o|def|1\n|move|p2b: Meganium|Leech Seed|p1b: Kommo-o\n|-start|p1b: Kommo-o|move: Leech Seed\n|move|p1a: Sinistcha|Life Dew||[still]|[spread] p1a,p1b\n|-fail|p1a: Sinistcha|heal\n|-heal|p1b: Kommo-o|91/100\n|\n|-damage|p1b: Kommo-o|79/100|[from] Leech Seed|[of] p2b: Meganium\n|upkeep\n|turn|10\n|\n|t:|1776197515\n|move|p1b: Kommo-o|Clangorous Soul|p1b: Kommo-o\n|-boost|p1b: Kommo-o|atk|1\n|-boost|p1b: Kommo-o|def|1\n|-boost|p1b: Kommo-o|spa|1\n|-boost|p1b: Kommo-o|spd|1\n|-boost|p1b: Kommo-o|spe|1\n|-damage|p1b: Kommo-o|46/100\n|move|p2b: Meganium|Solar Beam||[still]\n|-prepare|p2b: Meganium|Solar Beam\n|-activate|p2b: Meganium|ability: Mega Sol\n|-anim|p2b: Meganium|Solar Beam|p1b: Kommo-o\n|-resisted|p1b: Kommo-o|1\n|-damage|p1b: Kommo-o|35/100\n|move|p1a: Sinistcha|Life Dew||[still]|[spread] p1a,p1b\n|-fail|p1a: Sinistcha|heal\n|-heal|p1b: Kommo-o|60/100\n|\n|-damage|p1b: Kommo-o|48/100|[from] Leech Seed|[of] p2b: Meganium\n|upkeep\n|turn|11\n|\n|t:|1776197537\n|move|p1b: Kommo-o|Boomburst|p2b: Meganium|[spread] p2b\n|-immune|p1a: Sinistcha\n|-damage|p2b: Meganium|27/100\n|move|p2b: Meganium|Solar Beam||[still]\n|-prepare|p2b: Meganium|Solar Beam\n|-activate|p2b: Meganium|ability: Mega Sol\n|-anim|p2b: Meganium|Solar Beam|p1b: Kommo-o\n|-resisted|p1b: Kommo-o|1\n|-damage|p1b: Kommo-o|36/100\n|move|p1a: Sinistcha|Life Dew||[still]|[spread] p1a,p1b\n|-fail|p1a: Sinistcha|heal\n|-heal|p1b: Kommo-o|61/100\n|\n|-damage|p1b: Kommo-o|49/100|[from] Leech Seed|[of] p2b: Meganium\n|-heal|p2b: Meganium|40/100|[silent]\n|upkeep\n|turn|12\n|-message|King_Jon_Ice forfeited.\n|\n|win|Amukhan\n|raw|Amukhan's rating: 1104 &rarr; <strong>1126</strong><br />(+22 for winning)\n|raw|King_Jon_Ice's rating: 1069 &rarr; <strong>1051</strong><br />(-18 for losing)\n|l|\u2606King_Jon_Ice\n|player|p2|\n",
  "uploadtime": 1776197558,
  "views": 12,
  "formatid": "gen9championsvgc2026regma",
  "rating": 1051,
  "private": 0,
  "password": null
}