{
  "id": "gen9championsvgc2026regma-2584843371",
  "format": "[Gen 9 Champions] VGC 2026 Reg M-A",
  "players": [
    "JCMT",
    "ExtremeManner"
  ],
  "log": "|j|\u2606JCMT\n|j|\u2606ExtremeManner\n|t:|1776287993\n|gametype|doubles\n|player|p1|JCMT|harlequin|1141\n|player|p2|ExtremeManner|candice|1124\n|gen|9\n|tier|[Gen 9 Champions] VGC 2026 Reg M-A\n|rated|\n|rule|Species Clause: Limit one of each Pok\u00e9mon\n|rule|Item Clause: Limit 1 of each item\n|clearpoke\n|poke|p1|Glimmora, L50, F|\n|poke|p1|Ditto, L50|\n|poke|p1|Maushold-Four, L50|\n|poke|p1|Aegislash, L50, F|\n|poke|p1|Kangaskhan, L50, F|\n|poke|p1|Sylveon, L50, M|\n|poke|p2|Alakazam, L50, M|\n|poke|p2|Farigiraf, L50, F|\n|poke|p2|Sneasler, L50, F|\n|poke|p2|Aerodactyl, L50, M|\n|poke|p2|Clefable, L50, M|\n|poke|p2|Garchomp, L50, M|\n|teampreview|4\n|inactive|Battle timer is ON: inactive players will automatically lose when time's up. (requested by JCMT)\n|c|\u2606JCMT|glhf\nJCMT has agreed to open team sheets.\n|inactive|JCMT has 60 seconds left.\n|\n|t:|1776288029\n|teamsize|p1|4\n|teamsize|p2|4\n|start\n|switch|p1a: Aegislash|Aegislash, L50, F|100/100\n|switch|p1b: Sylveon|Sylveon, L50, M, shiny|100/100\n|switch|p2a: Farigiraf|Farigiraf, L50, F|100/100\n|switch|p2b: Sneasler|Sneasler, L50, F|100/100\n|turn|1\n|inactive|JCMT has 30 seconds left.\n|inactive|ExtremeManner has 30 seconds left.\n|\n|t:|1776288061\n|move|p2a: Farigiraf|Helping Hand|p2b: Sneasler\n|-singleturn|p2b: Sneasler|Helping Hand|[of] p2a: Farigiraf\n|move|p1b: Sylveon|Protect|p1b: Sylveon\n|-singleturn|p1b: Sylveon|Protect\n|move|p2b: Sneasler|Dire Claw|p1b: Sylveon\n|-activate|p1b: Sylveon|move: Protect\n|-formechange|p1a: Aegislash|Aegislash-Blade|\n|move|p1a: Aegislash|Iron Head|p2a: Farigiraf\n|-damage|p2a: Farigiraf|67/100\n|\n|-heal|p2a: Farigiraf|73/100|[from] item: Leftovers\n|upkeep\n|turn|2\n|inactive|JCMT has 30 seconds left.\n|\n|t:|1776288094\n|switch|p1b: Glimmora|Glimmora, L50, F, shiny|100/100\n|move|p2a: Farigiraf|Helping Hand|p2b: Sneasler\n|-singleturn|p2b: Sneasler|Helping Hand|[of] p2a: Farigiraf\n|move|p2b: Sneasler|Dire Claw|p1b: Glimmora\n|-resisted|p1b: Glimmora|2\n|-damage|p1b: Glimmora|80/100\n|-activate|p1b: Glimmora|ability: Toxic Debris\n|-sidestart|p2: ExtremeManner|move: Toxic Spikes\n|move|p1a: Aegislash|Iron Head|p2b: Sneasler\n|-crit|p2b: Sneasler\n|-damage|p2b: Sneasler|0 fnt\n|faint|p2b: Sneasler\n|\n|-heal|p2a: Farigiraf|79/100|[from] item: Leftovers\n|upkeep\n|\n|t:|1776288100\n|switch|p2b: Alakazam|Alakazam, L50, M|100/100\n|-status|p2b: Alakazam|psn\n|turn|3\n|\n|t:|1776288118\n|detailschange|p1b: Glimmora|Glimmora-Mega, L50, F, shiny\n|-mega|p1b: Glimmora|Glimmora|Glimmoranite\n|move|p2b: Alakazam|Protect|p2b: Alakazam\n|-singleturn|p2b: Alakazam|Protect\n|move|p1b: Glimmora|Spiky Shield|p1b: Glimmora\n|-singleturn|p1b: Glimmora|move: Protect\n|move|p1a: Aegislash|Shadow Claw|p2b: Alakazam\n|-activate|p2b: Alakazam|move: Protect\n|move|p2a: Farigiraf|Psychic Terrain|p2a: Farigiraf\n|-fieldstart|move: Psychic Terrain\n|\n|-heal|p2a: Farigiraf|86/100|[from] item: Leftovers\n|-damage|p2b: Alakazam|88/100 psn|[from] psn\n|upkeep\n|turn|4\n|inactive|ExtremeManner has 30 seconds left.\n|\n|t:|1776288148\n|switch|p1b: Ditto|Ditto, L50|100/100\n|-transform|p1b: Ditto|p2a: Farigiraf|[from] ability: Imposter\n|detailschange|p2b: Alakazam|Alakazam-Mega, L50, M\n|-mega|p2b: Alakazam|Alakazam|Alakazite\n|-ability|p2b: Alakazam|Armor Tail|Trace|[from] ability: Trace|[of] p1b: Ditto\n|move|p2a: Farigiraf|Ally Switch|p2a: Farigiraf\n|swap|p2a: Farigiraf|1|[from] move: Ally Switch\n|move|p2a: Alakazam|Shadow Ball|p1a: Aegislash\n|-supereffective|p1a: Aegislash|1\n|-damage|p1a: Aegislash|0 fnt\n|faint|p1a: Aegislash\n|\n|-heal|p2b: Farigiraf|92/100|[from] item: Leftovers\n|-damage|p2a: Alakazam|76/100 psn|[from] psn\n|upkeep\n|\n|t:|1776288170\n|switch|p1a: Sylveon|Sylveon, L50, M, shiny|100/100\n|turn|5\n|inactive|JCMT has 30 seconds left.\n|\n|t:|1776288198\n|move|p2b: Farigiraf|Helping Hand|p2a: Alakazam\n|-singleturn|p2a: Alakazam|Helping Hand|[of] p2b: Farigiraf\n|move|p1b: Ditto|Helping Hand|p1a: Sylveon\n|-singleturn|p1a: Sylveon|Helping Hand|[of] p1b: Ditto\n|move|p2a: Alakazam|Expanding Force|p1a: Sylveon|[spread] p1a,p1b\n|-resisted|p1b: Ditto|1\n|-damage|p1a: Sylveon|5/100\n|-damage|p1b: Ditto|4/100\n|move|p1a: Sylveon|Hyper Voice|p2a: Alakazam|[spread] p2a,p2b\n|-damage|p2a: Alakazam|0 fnt\n|-damage|p2b: Farigiraf|9/100\n|faint|p2a: Alakazam\n|\n|-heal|p2b: Farigiraf|15/100|[from] item: Leftovers\n|upkeep\n|\n|t:|1776288209\n|switch|p2a: Clefable|Clefable, L50, M|100/100\n|-status|p2a: Clefable|psn\n|turn|6\n|\n|t:|1776288229\n|move|p1a: Sylveon|Protect|p1a: Sylveon\n|-singleturn|p1a: Sylveon|Protect\n|move|p2b: Farigiraf|Dazzling Gleam|p1b: Ditto|[spread] p1b\n|-activate|p1a: Sylveon|move: Protect\n|-damage|p1b: Ditto|0 fnt\n|faint|p1b: Ditto\n|move|p2a: Clefable|Moonblast|p1a: Sylveon\n|-activate|p1a: Sylveon|move: Protect\n|\n|-heal|p2b: Farigiraf|22/100|[from] item: Leftovers\n|-damage|p2a: Clefable|88/100 psn|[from] psn\n|upkeep\n|\n|t:|1776288240\n|switch|p1b: Glimmora|Glimmora-Mega, L50, F, shiny|80/100\n|turn|7\n|\n|t:|1776288257\n|move|p2a: Clefable|Protect|p2a: Clefable\n|-singleturn|p2a: Clefable|Protect\n|move|p1a: Sylveon|Protect|p1a: Sylveon\n|-singleturn|p1a: Sylveon|Protect\n|move|p1b: Glimmora|Sludge Bomb|p2b: Farigiraf\n|-damage|p2b: Farigiraf|0 fnt\n|faint|p2b: Farigiraf\n|\n|-damage|p2a: Clefable|76/100 psn|[from] psn\n|-fieldend|move: Psychic Terrain\n|upkeep\n|turn|8\n|-message|ExtremeManner forfeited.\n|\n|win|JCMT\n|raw|JCMT's rating: 1141 &rarr; <strong>1165</strong><br />(+24 for winning)\n|raw|ExtremeManner's rating: 1124 &rarr; <strong>1100</strong><br />(-24 for losing)\n|l|\u2606ExtremeManner\n|player|p2|\n|c|\u2606JCMT|ggwp\n",
  "uploadtime": 1776288271,
  "views": 21,
  "formatid": "gen9championsvgc2026regma",
  "rating": 1100,
  "private": 0,
  "password": null
}