{
  "id": "gen9championsvgc2026regma-2583562854",
  "format": "[Gen 9 Champions] VGC 2026 Reg M-A",
  "players": [
    "icwo",
    "kqjdkwmmmm"
  ],
  "log": "|j|\u2606icwo\n|j|\u2606kqjdkwmmmm\n|t:|1776183499\n|gametype|doubles\n|player|p1|icwo|102|1000\n|player|p2|kqjdkwmmmm|170|1000\n|gen|9\n|tier|[Gen 9 Champions] VGC 2026 Reg M-A\n|rated|\n|rule|Species Clause: Limit one of each Pok\u00e9mon\n|rule|Item Clause: Limit 1 of each item\n|clearpoke\n|poke|p1|Charizard, L50, M|\n|poke|p1|Garchomp, L50, M|\n|poke|p1|Sneasler, L50, F|\n|poke|p1|Venusaur, L50, M|\n|poke|p1|Rotom-Wash, L50|\n|poke|p1|Incineroar, L50, F|\n|poke|p2|Chimecho, L50, M|\n|poke|p2|Incineroar, L50, F|\n|poke|p2|Archaludon, L50, M|\n|poke|p2|Basculegion, L50, M|\n|poke|p2|Politoed, L50, F|\n|poke|p2|Sinistcha, L50|\n|teampreview|4\n|inactive|Battle timer is ON: inactive players will automatically lose when time's up. (requested by kqjdkwmmmm)\n|inactive|icwo has 60 seconds left.\n|inactive|icwo has 30 seconds left.\n|inactive|icwo has 20 seconds left.\n|inactive|icwo has 15 seconds left.\n|\n|t:|1776183625\n|teamsize|p1|4\n|teamsize|p2|4\n|start\n|switch|p1a: Charizard|Charizard, L50, M|100/100\n|switch|p1b: Sneasler|Sneasler, L50, F|100/100\n|switch|p2a: Chimecho|Chimecho, L50, M|100/100\n|switch|p2b: Basculegion|Basculegion, L50, M|100/100\n|turn|1\n|inactive|icwo has 30 seconds left.\n|inactive|kqjdkwmmmm has 30 seconds left.\n|inactive|icwo has 20 seconds left.\n|inactive|icwo has 15 seconds left.\n|inactive|icwo has 10 seconds left.\n|\n|t:|1776183672\n|detailschange|p1a: Charizard|Charizard-Mega-Y, L50, M\n|-mega|p1a: Charizard|Charizard|Charizardite Y\n|-weather|SunnyDay|[from] ability: Drought|[of] p1a: Charizard\n|detailschange|p2a: Chimecho|Chimecho-Mega, L50, M\n|-mega|p2a: Chimecho|Chimecho|Chimechite\n|move|p1b: Sneasler|Fake Out|p2a: Chimecho\n|-resisted|p2a: Chimecho|1\n|-damage|p2a: Chimecho|94/100\n|move|p2b: Basculegion|Wave Crash|p1a: Charizard\n|-supereffective|p1a: Charizard|1\n|-damage|p1a: Charizard|0 fnt\n|faint|p1a: Charizard\n|-damage|p2b: Basculegion|75/100|[from] Recoil\n|cant|p2a: Chimecho|flinch\n|\n|-weather|SunnyDay|[upkeep]\n|upkeep\n|inactive|icwo has 30 seconds left.\n|\n|t:|1776183703\n|switch|p1a: Rotom|Rotom-Wash, L50|100/100\n|turn|2\n|inactive|icwo has 30 seconds left.\n|\n|t:|1776183733\n|switch|p2b: Sinistcha|Sinistcha, L50|100/100\n|-heal|p2a: Chimecho|100/100|[from] ability: Hospitality|[of] p2b: Sinistcha\n|move|p1b: Sneasler|Close Combat|p2a: Chimecho\n|-damage|p2a: Chimecho|44/100\n|-unboost|p1b: Sneasler|def|1\n|-unboost|p1b: Sneasler|spd|1\n|-enditem|p1b: Sneasler|White Herb\n|-clearnegativeboost|p1b: Sneasler|[silent]\n|move|p1a: Rotom|Thunderbolt|p2b: Sinistcha\n|-resisted|p2b: Sinistcha|1\n|-damage|p2b: Sinistcha|82/100\n|move|p2a: Chimecho|Substitute|p2a: Chimecho\n|-start|p2a: Chimecho|Substitute\n|-damage|p2a: Chimecho|19/100\n|\n|-weather|SunnyDay|[upkeep]\n|upkeep\n|turn|3\n|inactive|icwo has 30 seconds left.\n|inactive|icwo has 20 seconds left.\n|inactive|icwo has 15 seconds left.\n|inactive|icwo has 10 seconds left.\n|\n|t:|1776183783\n|move|p2b: Sinistcha|Rage Powder|p2b: Sinistcha\n|-singleturn|p2b: Sinistcha|move: Rage Powder\n|move|p1b: Sneasler|Close Combat|p2b: Sinistcha\n|-immune|p2b: Sinistcha\n|move|p1a: Rotom|Thunderbolt|p2b: Sinistcha\n|-resisted|p2b: Sinistcha|1\n|-damage|p2b: Sinistcha|64/100\n|move|p2a: Chimecho|Calm Mind|p2a: Chimecho\n|-boost|p2a: Chimecho|spa|1\n|-boost|p2a: Chimecho|spd|1\n|\n|-weather|SunnyDay|[upkeep]\n|upkeep\n|turn|4\n|inactive|icwo has 30 seconds left.\n|inactive|icwo has 20 seconds left.\n|inactive|kqjdkwmmmm has 30 seconds left.\n|\n|t:|1776183834\n|move|p2b: Sinistcha|Rage Powder|p2b: Sinistcha\n|-singleturn|p2b: Sinistcha|move: Rage Powder\n|move|p1b: Sneasler|Dire Claw|p2b: Sinistcha\n|-damage|p2b: Sinistcha|28/100\n|move|p1a: Rotom|Thunderbolt|p2b: Sinistcha\n|-resisted|p2b: Sinistcha|1\n|-damage|p2b: Sinistcha|9/100\n|move|p2a: Chimecho|Stored Power|p1b: Sneasler\n|-supereffective|p1b: Sneasler|2\n|-damage|p1b: Sneasler|0 fnt\n|faint|p1b: Sneasler\n|\n|-weather|SunnyDay|[upkeep]\n|upkeep\n|\n|t:|1776183850\n|switch|p1b: Incineroar|Incineroar, L50, F|100/100\n|-ability|p1b: Incineroar|Intimidate|boost\n|-immune|p2a: Chimecho\n|-unboost|p2b: Sinistcha|atk|1\n|turn|5\n|inactive|icwo has 30 seconds left.\n|inactive|kqjdkwmmmm has 30 seconds left.\n|\n|t:|1776183884\n|move|p1b: Incineroar|Fake Out|p2a: Chimecho\n|-resisted|p2a: Chimecho|1\n|-activate|p2a: Chimecho|move: Substitute|[damage]\n|move|p1a: Rotom|Thunderbolt|p2a: Chimecho\n|-end|p2a: Chimecho|Substitute\n|move|p2b: Sinistcha|Matcha Gotcha|p1b: Incineroar|[spread] p1a,p1b\n|-supereffective|p1a: Rotom|1\n|-resisted|p1b: Incineroar|1\n|-damage|p1a: Rotom|51/100\n|-heal|p2b: Sinistcha|31/100|[from] drain|[of] p1a: Rotom\n|-damage|p1b: Incineroar|90/100\n|-heal|p2b: Sinistcha|37/100|[from] drain|[of] p1b: Incineroar\n|move|p2a: Chimecho|Boomburst|p1a: Rotom|[spread] p1a,p1b\n|-immune|p2b: Sinistcha\n|-damage|p1a: Rotom|0 fnt\n|-damage|p1b: Incineroar|28/100\n|-enditem|p1b: Incineroar|Sitrus Berry|[eat]\n|-heal|p1b: Incineroar|53/100|[from] item: Sitrus Berry\n|faint|p1a: Rotom\n|\n|-weather|none\n|upkeep\n|turn|6\n|inactive|icwo has 30 seconds left.\n|inactive|icwo has 20 seconds left.\n|\n|t:|1776183922\n|move|p2b: Sinistcha|Rage Powder|p2b: Sinistcha\n|-singleturn|p2b: Sinistcha|move: Rage Powder\n|move|p2a: Chimecho|Boomburst|p1b: Incineroar|[spread] p1b\n|-immune|p2b: Sinistcha\n|-damage|p1b: Incineroar|0 fnt\n|faint|p1b: Incineroar\n|\n|win|kqjdkwmmmm\n|raw|icwo's rating: 1000 &rarr; <strong>1000</strong><br />(+0 for losing)\n|raw|kqjdkwmmmm's rating: 1000 &rarr; <strong>1040</strong><br />(+40 for winning)\n",
  "uploadtime": 1776183932,
  "views": 17,
  "formatid": "gen9championsvgc2026regma",
  "rating": 1000,
  "private": 0,
  "password": null
}