{
  "id": "gen9championsvgc2026regma-2585287562",
  "format": "[Gen 9 Champions] VGC 2026 Reg M-A",
  "players": [
    "hgksqhgksq",
    "Sharkhy_"
  ],
  "log": "|j|\u2606hgksqhgksq\n|j|\u2606Sharkhy_\n|t:|1776334071\n|gametype|doubles\n|player|p1|hgksqhgksq|1|1200\n|player|p2|Sharkhy_|170|1168\n|gen|9\n|tier|[Gen 9 Champions] VGC 2026 Reg M-A\n|rated|\n|rule|Species Clause: Limit one of each Pok\u00e9mon\n|rule|Item Clause: Limit 1 of each item\n|clearpoke\n|poke|p1|Gardevoir, L50, M|\n|poke|p1|Whimsicott, L50, F|\n|poke|p1|Maushold-Four, L50|\n|poke|p1|Incineroar, L50, M|\n|poke|p1|Sneasler, L50, F|\n|poke|p1|Excadrill, L50, M|\n|poke|p2|Charizard, L50, F|\n|poke|p2|Maushold-Four, L50|\n|poke|p2|Sneasler, L50, F|\n|poke|p2|Dragapult, L50, F|\n|poke|p2|Kingambit, L50, F|\n|poke|p2|Garchomp, L50, F|\n|teampreview|4\n|inactive|Battle timer is ON: inactive players will automatically lose when time's up. (requested by Sharkhy_)\n|\n|t:|1776334095\n|teamsize|p1|4\n|teamsize|p2|4\n|start\n|switch|p1a: Gardevoir|Gardevoir, L50, M|100/100\n|switch|p1b: Whimsicott|Whimsicott, L50, F|100/100\n|switch|p2a: Sneasler|Sneasler, L50, F|100/100\n|switch|p2b: Kingambit|Kingambit, L50, F|100/100\n|-ability|p1a: Gardevoir|Defiant|Trace|[from] ability: Trace|[of] p2b: Kingambit\n|turn|1\n|inactive|hgksqhgksq has 30 seconds left.\n|\n|t:|1776334127\n|detailschange|p1a: Gardevoir|Gardevoir-Mega, L50, M\n|-mega|p1a: Gardevoir|Gardevoir|Gardevoirite\n|move|p1b: Whimsicott|Protect|p1b: Whimsicott\n|-singleturn|p1b: Whimsicott|Protect\n|move|p1a: Gardevoir|Protect|p1a: Gardevoir\n|-singleturn|p1a: Gardevoir|Protect\n|move|p2a: Sneasler|Feint|p1a: Gardevoir\n|-activate|p1a: Gardevoir|move: Feint\n|-damage|p1a: Gardevoir|86/100\n|move|p2b: Kingambit|Kowtow Cleave|p1a: Gardevoir\n|-damage|p1a: Gardevoir|1/100\n|\n|upkeep\n|turn|2\n|inactive|hgksqhgksq has 30 seconds left.\n|\n|t:|1776334158\n|switch|p1a: Excadrill|Excadrill, L50, M|100/100\n|-ability|p1a: Excadrill|Mold Breaker\n|move|p1b: Whimsicott|Tailwind|p1b: Whimsicott\n|-sidestart|p1: hgksqhgksq|move: Tailwind\n|move|p2b: Kingambit|Sucker Punch||[still]\n|-fail|p2b: Kingambit\n|move|p2a: Sneasler|Dire Claw|p1b: Whimsicott\n|-supereffective|p1b: Whimsicott|2\n|-enditem|p1b: Whimsicott|Focus Sash\n|-damage|p1b: Whimsicott|1/100\n|\n|upkeep\n|turn|3\n|inactive|Sharkhy_ has 30 seconds left.\n|\n|t:|1776334186\n|move|p1b: Whimsicott|Protect|p1b: Whimsicott\n|-singleturn|p1b: Whimsicott|Protect\n|move|p2b: Kingambit|Sucker Punch|p1a: Excadrill\n|-damage|p1a: Excadrill|33/100\n|move|p1a: Excadrill|Earthquake|p2a: Sneasler|[spread] p2a,p2b\n|-activate|p1b: Whimsicott|move: Protect\n|-supereffective|p2a: Sneasler|1\n|-supereffective|p2b: Kingambit|1\n|-enditem|p2a: Sneasler|Focus Sash\n|-damage|p2a: Sneasler|1/100\n|-damage|p2b: Kingambit|28/100\n|move|p2a: Sneasler|Close Combat|p1a: Excadrill\n|-supereffective|p1a: Excadrill|1\n|-damage|p1a: Excadrill|0 fnt\n|-unboost|p2a: Sneasler|def|1\n|-unboost|p2a: Sneasler|spd|1\n|faint|p1a: Excadrill\n|\n|upkeep\n|\n|t:|1776334204\n|switch|p1a: Sneasler|Sneasler, L50, F|100/100\n|turn|4\n|\n|t:|1776334222\n|move|p1a: Sneasler|Fake Out|p2b: Kingambit\n|-resisted|p2b: Kingambit|1\n|-damage|p2b: Kingambit|23/100\n|move|p2a: Sneasler|Feint|p1a: Sneasler\n|-damage|p1a: Sneasler|82/100\n|cant|p2b: Kingambit|flinch\n|move|p1b: Whimsicott|Moonblast|p2b: Kingambit\n|-damage|p2b: Kingambit|0 fnt\n|faint|p2b: Kingambit\n|\n|upkeep\n|\n|t:|1776334233\n|switch|p2b: Maushold|Maushold-Four, L50|100/100\n|turn|5\n|\n|t:|1776334244\n|move|p1b: Whimsicott|Protect|p1b: Whimsicott\n|-singleturn|p1b: Whimsicott|Protect\n|move|p2b: Maushold|Protect|p2b: Maushold\n|-singleturn|p2b: Maushold|Protect\n|move|p2a: Sneasler|Feint|p1b: Whimsicott\n|-activate|p1b: Whimsicott|move: Feint\n|-damage|p1b: Whimsicott|0 fnt\n|faint|p1b: Whimsicott\n|move|p1a: Sneasler|Close Combat|p2b: Maushold\n|-activate|p2b: Maushold|move: Protect\n|\n|-sideend|p1: hgksqhgksq|move: Tailwind\n|upkeep\n|\n|t:|1776334258\n|switch|p1b: Gardevoir|Gardevoir-Mega, L50, M|1/100\n|turn|6\n|inactive|Sharkhy_ has 30 seconds left.\n|\n|t:|1776334286\n|move|p2a: Sneasler|Dire Claw|p1b: Gardevoir\n|-supereffective|p1b: Gardevoir|1\n|-damage|p1b: Gardevoir|0 fnt\n|faint|p1b: Gardevoir\n|move|p1a: Sneasler|Close Combat|p2b: Maushold\n|-supereffective|p2b: Maushold|1\n|-enditem|p2b: Maushold|Chople Berry|[eat]\n|-enditem|p2b: Maushold|Chople Berry|[weaken]\n|-damage|p2b: Maushold|19/100\n|-unboost|p1a: Sneasler|def|1\n|-unboost|p1a: Sneasler|spd|1\n|-enditem|p1a: Sneasler|White Herb\n|-clearnegativeboost|p1a: Sneasler|[silent]\n|move|p2b: Maushold|Super Fang|p1a: Sneasler\n|-damage|p1a: Sneasler|41/100\n|\n|upkeep\n|turn|7\n|-message|hgksqhgksq forfeited.\n|\n|win|Sharkhy_\n|raw|hgksqhgksq's rating: 1200 &rarr; <strong>1173</strong><br />(-27 for losing)\n|raw|Sharkhy_'s rating: 1168 &rarr; <strong>1195</strong><br />(+27 for winning)\n|l|\u2606hgksqhgksq\n|player|p1|\n",
  "uploadtime": 1776334312,
  "views": 28,
  "formatid": "gen9championsvgc2026regma",
  "rating": 1173,
  "private": 0,
  "password": null
}