{
  "id": "gen9championsvgc2026regma-2584648929",
  "format": "[Gen 9 Champions] VGC 2026 Reg M-A",
  "players": [
    "ventus888",
    "adrianpham"
  ],
  "log": "|j|\u2606ventus888\n|j|\u2606adrianpham\n|t:|1776274374\n|gametype|doubles\n|player|p1|ventus888|2|1232\n|player|p2|adrianpham|twins-gen4dp|1327\n|gen|9\n|tier|[Gen 9 Champions] VGC 2026 Reg M-A\n|rated|\n|rule|Species Clause: Limit one of each Pok\u00e9mon\n|rule|Item Clause: Limit 1 of each item\n|clearpoke\n|poke|p1|Dragonite, L50, M|\n|poke|p1|Kingambit, L50, M|\n|poke|p1|Sneasler, L50, M|\n|poke|p1|Venusaur, L50, F|\n|poke|p1|Incineroar, L50, M|\n|poke|p1|Basculegion, L50, M|\n|poke|p2|Gengar, L50, F|\n|poke|p2|Incineroar, L50, F|\n|poke|p2|Archaludon, L50, F|\n|poke|p2|Politoed, L50, M|\n|poke|p2|Basculegion, L50, M|\n|poke|p2|Sinistcha-Masterpiece, L50|\n|teampreview|4\n|\n|t:|1776274416\n|teamsize|p1|4\n|teamsize|p2|4\n|start\n|switch|p1a: Kingambit|Kingambit, L50, M|100/100\n|switch|p1b: Basculegion|Basculegion, L50, M|100/100\n|switch|p2a: Gengar|Gengar, L50, F|100/100\n|switch|p2b: Politoed|Politoed, L50, M|100/100\n|-weather|RainDance|[from] ability: Drizzle|[of] p2b: Politoed\n|turn|1\n|\n|t:|1776274435\n|move|p2a: Gengar|Protect|p2a: Gengar\n|-singleturn|p2a: Gengar|Protect\n|move|p2b: Politoed|Protect|p2b: Politoed\n|-singleturn|p2b: Politoed|Protect\n|move|p1b: Basculegion|Flip Turn|p2a: Gengar\n|-activate|p2a: Gengar|move: Protect\n|move|p1a: Kingambit|Swords Dance|p1a: Kingambit\n|-boost|p1a: Kingambit|atk|2\n|\n|-weather|RainDance|[upkeep]\n|upkeep\n|turn|2\n|\n|t:|1776274448\n|detailschange|p2a: Gengar|Gengar-Mega, L50, F\n|-mega|p2a: Gengar|Gengar|Gengarite\n|move|p1b: Basculegion|Flip Turn|p2b: Politoed\n|-resisted|p2b: Politoed|1\n|-damage|p2b: Politoed|71/100\n|\n|t:|1776274460\n|switch|p1b: Sneasler|Sneasler, L50, M|100/100|[from] Flip Turn\n|move|p2a: Gengar|Perish Song|p2a: Gengar\n|-start|p1a: Kingambit|perish3|[silent]\n|-start|p1b: Sneasler|perish3|[silent]\n|-start|p2a: Gengar|perish3|[silent]\n|-start|p2b: Politoed|perish3|[silent]\n|-fieldactivate|move: Perish Song\n|move|p2b: Politoed|Encore|p1a: Kingambit\n|-start|p1a: Kingambit|Encore\n|move|p1a: Kingambit|Swords Dance|p1a: Kingambit\n|-boost|p1a: Kingambit|atk|2\n|\n|-weather|RainDance|[upkeep]\n|-start|p2a: Gengar|perish3\n|-start|p1b: Sneasler|perish3\n|-start|p2b: Politoed|perish3\n|-start|p1a: Kingambit|perish3\n|upkeep\n|turn|3\n|\n|t:|1776274483\n|move|p2a: Gengar|Protect|p2a: Gengar\n|-singleturn|p2a: Gengar|Protect\n|move|p2b: Politoed|Protect|p2b: Politoed\n|-singleturn|p2b: Politoed|Protect\n|move|p1b: Sneasler|Rock Tomb|p2a: Gengar\n|-activate|p2a: Gengar|move: Protect\n|move|p1a: Kingambit|Swords Dance|p1a: Kingambit\n|-boost|p1a: Kingambit|atk|2\n|\n|-weather|RainDance|[upkeep]\n|-start|p2a: Gengar|perish2\n|-start|p1b: Sneasler|perish2\n|-start|p2b: Politoed|perish2\n|-start|p1a: Kingambit|perish2\n|upkeep\n|turn|4\n|\n|t:|1776274500\n|switch|p2a: Incineroar|Incineroar, L50, F|100/100\n|-ability|p2a: Incineroar|Intimidate|boost\n|-unboost|p1a: Kingambit|atk|1\n|-ability|p1a: Kingambit|Defiant|boost\n|-boost|p1a: Kingambit|atk|1\n|-unboost|p1b: Sneasler|atk|1\n|move|p1b: Sneasler|Rock Tomb|p2a: Incineroar\n|-supereffective|p2a: Incineroar|1\n|-damage|p2a: Incineroar|74/100\n|-unboost|p2a: Incineroar|spe|1\n|move|p2b: Politoed|Encore|p1b: Sneasler\n|-start|p1b: Sneasler|Encore\n|move|p1a: Kingambit|Swords Dance|p1a: Kingambit\n|-boost|p1a: Kingambit|atk|0\n|\n|-weather|RainDance|[upkeep]\n|-end|p1a: Kingambit|Encore\n|-start|p1b: Sneasler|perish1\n|-start|p2b: Politoed|perish1\n|-start|p1a: Kingambit|perish1\n|upkeep\n|turn|5\n|\n|t:|1776274524\n|switch|p1b: Venusaur|Venusaur, L50, F|100/100\n|switch|p2b: Gengar|Gengar-Mega, L50, F|100/100\n|switch|p1a: Basculegion|Basculegion, L50, M|100/100\n|move|p2a: Incineroar|Fake Out|p1a: Basculegion\n|-immune|p1a: Basculegion\n|\n|-weather|none\n|upkeep\n|turn|6\n|\n|t:|1776274551\n|detailschange|p1b: Venusaur|Venusaur-Mega, L50, F\n|-mega|p1b: Venusaur|Venusaur|Venusaurite\n|move|p2b: Gengar|Protect|p2b: Gengar\n|-singleturn|p2b: Gengar|Protect\n|move|p1a: Basculegion|Flip Turn|p2a: Incineroar\n|-supereffective|p2a: Incineroar|1\n|-enditem|p2a: Incineroar|Passho Berry|[eat]\n|-enditem|p2a: Incineroar|Passho Berry|[weaken]\n|-damage|p2a: Incineroar|38/100\n|\n|t:|1776274564\n|switch|p1a: Kingambit|Kingambit, L50, M|100/100|[from] Flip Turn\n|move|p1b: Venusaur|Earth Power|p2b: Gengar\n|-activate|p2b: Gengar|move: Protect\n|move|p2a: Incineroar|Parting Shot|p1a: Kingambit\n|-unboost|p1a: Kingambit|atk|1\n|-ability|p1a: Kingambit|Defiant|boost\n|-boost|p1a: Kingambit|atk|2\n|-unboost|p1a: Kingambit|spa|1\n|-ability|p1a: Kingambit|Defiant|boost\n|-boost|p1a: Kingambit|atk|2\n|\n|t:|1776274571\n|switch|p2a: Archaludon|Archaludon, L50, F|100/100|[from] Parting Shot\n|\n|upkeep\n|turn|7\n|\n|t:|1776274588\n|move|p2b: Gengar|Disable|p1b: Venusaur\n|-start|p1b: Venusaur|Disable|Earth Power\n|move|p2a: Archaludon|Aura Sphere|p1a: Kingambit\n|-supereffective|p1a: Kingambit|2\n|-enditem|p1a: Kingambit|Chople Berry|[eat]\n|-enditem|p1a: Kingambit|Chople Berry|[weaken]\n|-damage|p1a: Kingambit|46/100\n|cant|p1b: Venusaur|Disable|Earth Power\n|move|p1a: Kingambit|Kowtow Cleave|p2b: Gengar\n|-supereffective|p2b: Gengar|1\n|-damage|p2b: Gengar|0 fnt\n|faint|p2b: Gengar\n|\n|upkeep\n|\n|t:|1776274601\n|switch|p2b: Politoed|Politoed, L50, M|71/100\n|-weather|RainDance|[from] ability: Drizzle|[of] p2b: Politoed\n|turn|8\n|\n|t:|1776274615\n|switch|p1a: Basculegion|Basculegion, L50, M|100/100\n|move|p2a: Archaludon|Electro Shot||[still]\n|-prepare|p2a: Archaludon|Electro Shot\n|-boost|p2a: Archaludon|spa|1\n|-anim|p2a: Archaludon|Electro Shot|p1a: Basculegion\n|-supereffective|p1a: Basculegion|1\n|-damage|p1a: Basculegion|0 fnt\n|faint|p1a: Basculegion\n|move|p1b: Venusaur|Leech Seed|p2a: Archaludon\n|-start|p2a: Archaludon|move: Leech Seed\n|move|p2b: Politoed|Encore|p1b: Venusaur\n|-start|p1b: Venusaur|Encore\n|\n|-weather|RainDance|[upkeep]\n|-damage|p2a: Archaludon|89/100|[from] Leech Seed|[of] p1b: Venusaur\n|upkeep\n|\n|t:|1776274632\n|switch|p1a: Sneasler|Sneasler, L50, M|100/100\n|turn|9\n|\n|t:|1776274657\n|move|p1a: Sneasler|Dire Claw|p2b: Politoed\n|-damage|p2b: Politoed|27/100\n|-status|p2b: Politoed|psn\n|-enditem|p2b: Politoed|Sitrus Berry|[eat]\n|-heal|p2b: Politoed|52/100 psn|[from] item: Sitrus Berry\n|move|p2a: Archaludon|Electro Shot||[still]\n|-prepare|p2a: Archaludon|Electro Shot\n|-boost|p2a: Archaludon|spa|1\n|-anim|p2a: Archaludon|Electro Shot|p1a: Sneasler\n|-enditem|p1a: Sneasler|Focus Sash\n|-damage|p1a: Sneasler|1/100\n|move|p1b: Venusaur|Leech Seed|p2a: Archaludon|[miss]\n|-miss|p1b: Venusaur|p2a: Archaludon\n|move|p2b: Politoed|Weather Ball|p1a: Sneasler\n|-damage|p1a: Sneasler|0 fnt\n|faint|p1a: Sneasler\n|\n|-weather|RainDance|[upkeep]\n|-damage|p2a: Archaludon|77/100|[from] Leech Seed|[of] p1b: Venusaur\n|-damage|p2b: Politoed|40/100 psn|[from] psn\n|upkeep\n|\n|t:|1776274676\n|switch|p1a: Kingambit|Kingambit, L50, M|46/100\n|turn|10\n|\n|t:|1776274689\n|move|p1a: Kingambit|Protect|p1a: Kingambit\n|-singleturn|p1a: Kingambit|Protect\n|move|p2a: Archaludon|Flash Cannon|p1b: Venusaur\n|-damage|p1b: Venusaur|37/100\n|move|p1b: Venusaur|Leech Seed|p2b: Politoed\n|-start|p2b: Politoed|move: Leech Seed\n|move|p2b: Politoed|Perish Song|p2b: Politoed\n|-start|p1a: Kingambit|perish3|[silent]\n|-start|p1b: Venusaur|perish3|[silent]\n|-start|p2a: Archaludon|perish3|[silent]\n|-start|p2b: Politoed|perish3|[silent]\n|-fieldactivate|move: Perish Song\n|\n|-weather|RainDance|[upkeep]\n|-damage|p2a: Archaludon|65/100|[from] Leech Seed|[of] p1b: Venusaur\n|-heal|p1b: Venusaur|48/100|[silent]\n|-damage|p2b: Politoed|27/100 psn|[from] Leech Seed|[of] p1b: Venusaur\n|-heal|p1b: Venusaur|61/100|[silent]\n|-damage|p2b: Politoed|15/100 psn|[from] psn\n|-end|p1b: Venusaur|Disable\n|-start|p2a: Archaludon|perish3\n|-start|p1b: Venusaur|perish3\n|-start|p2b: Politoed|perish3\n|-start|p1a: Kingambit|perish3\n|upkeep\n|turn|11\n|\n|t:|1776274722\n|move|p2a: Archaludon|Protect|p2a: Archaludon\n|-singleturn|p2a: Archaludon|Protect\n|move|p1a: Kingambit|Protect||[still]\n|-fail|p1a: Kingambit\n|move|p1b: Venusaur|Leech Seed||[still]\n|-fail|p1b: Venusaur\n|move|p2b: Politoed|Encore|p1a: Kingambit\n|-start|p1a: Kingambit|Encore\n|\n|-weather|RainDance|[upkeep]\n|-damage|p2a: Archaludon|53/100|[from] Leech Seed|[of] p1b: Venusaur\n|-heal|p1b: Venusaur|72/100|[silent]\n|-damage|p2b: Politoed|3/100 psn|[from] Leech Seed|[of] p1b: Venusaur\n|-heal|p1b: Venusaur|85/100|[silent]\n|-damage|p2b: Politoed|0 fnt|[from] psn\n|faint|p2b: Politoed\n|-end|p1b: Venusaur|Encore\n|-start|p2a: Archaludon|perish2\n|-start|p1b: Venusaur|perish2\n|-start|p1a: Kingambit|perish2\n|upkeep\n|\n|t:|1776274734\n|switch|p2b: Incineroar|Incineroar, L50, F|38/100\n|-ability|p2b: Incineroar|Intimidate|boost\n|-unboost|p1a: Kingambit|atk|1\n|-ability|p1a: Kingambit|Defiant|boost\n|-boost|p1a: Kingambit|atk|2\n|-unboost|p1b: Venusaur|atk|1\n|turn|12\n|\n|t:|1776274746\n|move|p1a: Kingambit|Protect|p1a: Kingambit\n|-singleturn|p1a: Kingambit|Protect\n|move|p2b: Incineroar|Fake Out|p1b: Venusaur\n|-damage|p1b: Venusaur|76/100\n|move|p2a: Archaludon|Flash Cannon|p1b: Venusaur\n|-damage|p1b: Venusaur|18/100\n|cant|p1b: Venusaur|flinch\n|\n|-weather|none\n|-damage|p2a: Archaludon|41/100|[from] Leech Seed|[of] p1b: Venusaur\n|-heal|p1b: Venusaur|29/100|[silent]\n|-start|p2a: Archaludon|perish1\n|-start|p1b: Venusaur|perish1\n|-start|p1a: Kingambit|perish1\n|upkeep\n|turn|13\n|c|\u2606adrianpham|ggs\n|\n|t:|1776274763\n|move|p2a: Archaludon|Protect|p2a: Archaludon\n|-singleturn|p2a: Archaludon|Protect\n|move|p2b: Incineroar|Protect|p2b: Incineroar\n|-singleturn|p2b: Incineroar|Protect\n|move|p1a: Kingambit|Protect||[still]\n|-fail|p1a: Kingambit\n|move|p1b: Venusaur|Earth Power|p2b: Incineroar\n|-activate|p2b: Incineroar|move: Protect\n|\n|-damage|p2a: Archaludon|29/100|[from] Leech Seed|[of] p1b: Venusaur\n|-heal|p1b: Venusaur|40/100|[silent]\n|-start|p2a: Archaludon|perish0\n|-start|p1b: Venusaur|perish0\n|-start|p1a: Kingambit|perish0\n|faint|p2a: Archaludon\n|faint|p1b: Venusaur\n|faint|p1a: Kingambit\n|\n|win|adrianpham\n|raw|ventus888's rating: 1232 &rarr; <strong>1214</strong><br />(-18 for losing)\n|raw|adrianpham's rating: 1327 &rarr; <strong>1342</strong><br />(+15 for winning)\n",
  "uploadtime": 1776274768,
  "views": 29,
  "formatid": "gen9championsvgc2026regma",
  "rating": 1214,
  "private": 0,
  "password": null
}