{
  "id": "gen9championsvgc2026regma-2585003031",
  "format": "[Gen 9 Champions] VGC 2026 Reg M-A",
  "players": [
    "Raplzz",
    "FeyQueenZoom"
  ],
  "log": "|j|\u2606Raplzz\n|j|\u2606FeyQueenZoom\n|t:|1776302368\n|gametype|doubles\n|player|p1|Raplzz|scientistf|1093\n|player|p2|FeyQueenZoom|1|1062\n|gen|9\n|tier|[Gen 9 Champions] VGC 2026 Reg M-A\n|rated|\n|rule|Species Clause: Limit one of each Pok\u00e9mon\n|rule|Item Clause: Limit 1 of each item\n|clearpoke\n|poke|p1|Garchomp, L50, M|\n|poke|p1|Sneasler, L50, M|\n|poke|p1|Gengar, L50, M|\n|poke|p1|Kingambit, L50, M|\n|poke|p1|Basculegion, L50, M|\n|poke|p1|Froslass, L50, F|\n|poke|p2|Zoroark-Hisui, L50, M|\n|poke|p2|Lucario, L50, F|\n|poke|p2|Whimsicott, L50, F|\n|poke|p2|Dragapult, L50, M|\n|poke|p2|Incineroar, L50, F|\n|poke|p2|Corviknight, L50, F|\n|teampreview|4\n|\n|t:|1776302398\n|teamsize|p1|4\n|teamsize|p2|4\n|start\n|switch|p1a: Gengar|Gengar, L50, M|100/100\n|switch|p1b: Sneasler|Sneasler, L50, M|100/100\n|switch|p2a: Lucario|Lucario, L50, F|100/100\n|switch|p2b: Dragapult|Dragapult, L50, M|100/100\n|turn|1\n|inactive|Battle timer is ON: inactive players will automatically lose when time's up. (requested by Raplzz)\n|\n|t:|1776302427\n|detailschange|p1a: Gengar|Gengar-Mega, L50, M\n|-mega|p1a: Gengar|Gengar|Gengarite\n|move|p1b: Sneasler|Fake Out|p2a: Lucario\n|-immune|p2a: Lucario\n|move|p1a: Gengar|Substitute|p1a: Gengar\n|-start|p1a: Gengar|Substitute\n|-damage|p1a: Gengar|76/100\n|move|p2b: Dragapult|Shadow Ball|p1a: Gengar\n|-supereffective|p1a: Gengar|1\n|-damage|p1a: Gengar|0 fnt\n|faint|p1a: Gengar\n|move|p2a: Lucario|Bitter Malice|p1b: Sneasler\n|-damage|p1b: Sneasler|50/100\n|-unboost|p1b: Sneasler|atk|1\n|\n|upkeep\n|\n|t:|1776302447\n|switch|p1a: Garchomp|Garchomp, L50, M|100/100\n|turn|2\n|\n|t:|1776302460\n|switch|p1b: Kingambit|Kingambit, L50, M|100/100\n|move|p2b: Dragapult|Draco Meteor|p1a: Garchomp\n|-supereffective|p1a: Garchomp|1\n|-damage|p1a: Garchomp|0 fnt\n|-unboost|p2b: Dragapult|spa|2\n|faint|p1a: Garchomp\n|-enditem|p2b: Dragapult|White Herb\n|-clearnegativeboost|p2b: Dragapult|[silent]\n|move|p2a: Lucario|Icy Wind|p1b: Kingambit\n|-resisted|p1b: Kingambit|1\n|-damage|p1b: Kingambit|91/100\n|-unboost|p1b: Kingambit|spe|1\n|-ability|p1b: Kingambit|Defiant|boost\n|-boost|p1b: Kingambit|atk|2\n|\n|upkeep\n|\n|t:|1776302474\n|switch|p1a: Sneasler|Sneasler, L50, M|50/100\n|turn|3\n|\n|t:|1776302498\n|move|p1a: Sneasler|Protect|p1a: Sneasler\n|-singleturn|p1a: Sneasler|Protect\n|move|p1b: Kingambit|Sucker Punch|p2a: Lucario\n|-supereffective|p2a: Lucario|1\n|-enditem|p2a: Lucario|Focus Sash\n|-damage|p2a: Lucario|1/100\n|replace|p2a: Zoroark|Zoroark-Hisui, L50, M\n|-end|p2a: Zoroark|Illusion\n|move|p2b: Dragapult|Shadow Ball|p1b: Kingambit\n|-resisted|p1b: Kingambit|1\n|-crit|p1b: Kingambit\n|-damage|p1b: Kingambit|63/100\n|move|p2a: Zoroark|Bitter Malice|p1a: Sneasler\n|-activate|p1a: Sneasler|move: Protect\n|\n|upkeep\n|turn|4\n|inactive|FeyQueenZoom has 30 seconds left.\n|inactive|FeyQueenZoom has 20 seconds left.\n|\n|t:|1776302534\n|move|p2b: Dragapult|Protect|p2b: Dragapult\n|-singleturn|p2b: Dragapult|Protect\n|move|p2a: Zoroark|Bitter Malice|p1a: Sneasler\n|-damage|p1a: Sneasler|0 fnt\n|faint|p1a: Sneasler\n|move|p1b: Kingambit|Kowtow Cleave|p2b: Dragapult\n|-activate|p2b: Dragapult|move: Protect\n|\n|upkeep\n|turn|5\n|-message|Raplzz forfeited.\n|\n|win|FeyQueenZoom\n|raw|Raplzz's rating: 1093 &rarr; <strong>1067</strong><br />(-26 for losing)\n|raw|FeyQueenZoom's rating: 1062 &rarr; <strong>1095</strong><br />(+33 for winning)\n|l|\u2606Raplzz\n|player|p1|\n",
  "uploadtime": 1776302549,
  "views": 28,
  "formatid": "gen9championsvgc2026regma",
  "rating": 1067,
  "private": 0,
  "password": null
}