{
  "id": "gen9championsvgc2026regma-2589476327",
  "format": "[Gen 9 Champions] VGC 2026 Reg M-A",
  "players": [
    "Cerebellibrarian",
    "Nene Anegasaki"
  ],
  "log": "|j|\u2606Cerebellibrarian\n|j|\u2606Nene Anegasaki\n|t:|1776726389\n|gametype|doubles\n|player|p1|Cerebellibrarian|1|1351\n|player|p2|Nene Anegasaki|waitress|1382\n|gen|9\n|tier|[Gen 9 Champions] VGC 2026 Reg M-A\n|rated|\n|rule|Species Clause: Limit one of each Pok\u00e9mon\n|rule|Item Clause: Limit 1 of each item\n|clearpoke\n|poke|p1|Charizard, L50, F|\n|poke|p1|Excadrill, L50, F|\n|poke|p1|Kommo-o, L50, F|\n|poke|p1|Whimsicott, L50, M|\n|poke|p1|Maushold, L50|\n|poke|p1|Hydreigon, L50, M|\n|poke|p2|Aegislash, L50, M|\n|poke|p2|Kangaskhan, L50, F|\n|poke|p2|Garchomp, L50, F|\n|poke|p2|Dragapult, L50, F|\n|poke|p2|Rotom-Heat, L50|\n|poke|p2|Sylveon, L50, F|\n|teampreview|4\n|inactive|Battle timer is ON: inactive players will automatically lose when time's up. (requested by Cerebellibrarian)\n|\n|t:|1776726427\n|teamsize|p1|4\n|teamsize|p2|4\n|start\n|switch|p1a: Excadrill|Excadrill, L50, F|100/100\n|switch|p1b: Charizard|Charizard, L50, F|100/100\n|switch|p2a: \u30ac\u30d6\u30ea\u30a2\u30b9|Garchomp, L50, F|100/100\n|switch|p2b: \u30c9\u30e9\u30d1\u30eb\u30c8|Dragapult, L50, F|100/100\n|-ability|p1a: Excadrill|Mold Breaker\n|turn|1\n|\n|t:|1776726445\n|move|p1a: Excadrill|Protect|p1a: Excadrill\n|-singleturn|p1a: Excadrill|Protect\n|move|p1b: Charizard|Protect|p1b: Charizard\n|-singleturn|p1b: Charizard|Protect\n|move|p2b: \u30c9\u30e9\u30d1\u30eb\u30c8|Will-O-Wisp|p1a: Excadrill\n|-activate|p1a: Excadrill|move: Protect\n|move|p2a: \u30ac\u30d6\u30ea\u30a2\u30b9|Rock Slide|p1b: Charizard|[spread] \n|-activate|p1a: Excadrill|move: Protect\n|-activate|p1b: Charizard|move: Protect\n|\n|upkeep\n|turn|2\n|\n|t:|1776726466\n|switch|p1a: Hydreigon|Hydreigon, L50, M|100/100\n|switch|p1b: Maushold|Maushold, L50|100/100\n|move|p2b: \u30c9\u30e9\u30d1\u30eb\u30c8|Will-O-Wisp|p1a: Hydreigon\n|-status|p1a: Hydreigon|brn\n|move|p2a: \u30ac\u30d6\u30ea\u30a2\u30b9|Rock Slide|p1b: Maushold|[spread] p1a,p1b\n|-damage|p1a: Hydreigon|82/100 brn\n|-damage|p1b: Maushold|82/100\n|\n|-damage|p1a: Hydreigon|76/100 brn|[from] brn\n|upkeep\n|turn|3\n|\n|t:|1776726486\n|switch|p2a: \u30ae\u30eb\u30ac\u30eb\u30c9|Aegislash, L50, M|100/100\n|move|p1b: Maushold|Protect|p1b: Maushold\n|-singleturn|p1b: Maushold|Protect\n|move|p1a: Hydreigon|Draco Meteor|p2a: \u30ae\u30eb\u30ac\u30eb\u30c9\n|-resisted|p2a: \u30ae\u30eb\u30ac\u30eb\u30c9|1\n|-damage|p2a: \u30ae\u30eb\u30ac\u30eb\u30c9|74/100\n|-unboost|p1a: Hydreigon|spa|2\n|move|p2b: \u30c9\u30e9\u30d1\u30eb\u30c8|Draco Meteor|p1a: Hydreigon\n|-supereffective|p1a: Hydreigon|1\n|-damage|p1a: Hydreigon|0 fnt\n|-unboost|p2b: \u30c9\u30e9\u30d1\u30eb\u30c8|spa|2\n|faint|p1a: Hydreigon\n|\n|-heal|p2a: \u30ae\u30eb\u30ac\u30eb\u30c9|80/100|[from] item: Leftovers\n|upkeep\n|\n|t:|1776726501\n|switch|p1a: Charizard|Charizard, L50, F|100/100\n|turn|4\n|\n|t:|1776726508\n|detailschange|p1a: Charizard|Charizard-Mega-Y, L50, F\n|-mega|p1a: Charizard|Charizard|Charizardite Y\n|-weather|SunnyDay|[from] ability: Drought|[of] p1a: Charizard\n|move|p2a: \u30ae\u30eb\u30ac\u30eb\u30c9|King's Shield|p2a: \u30ae\u30eb\u30ac\u30eb\u30c9\n|-singleturn|p2a: \u30ae\u30eb\u30ac\u30eb\u30c9|Protect\n|move|p2b: \u30c9\u30e9\u30d1\u30eb\u30c8|Will-O-Wisp|p1b: Maushold\n|-status|p1b: Maushold|brn\n|move|p1b: Maushold|Taunt|p2a: \u30ae\u30eb\u30ac\u30eb\u30c9\n|-start|p2a: \u30ae\u30eb\u30ac\u30eb\u30c9|move: Taunt\n|move|p1a: Charizard|Heat Wave|p2a: \u30ae\u30eb\u30ac\u30eb\u30c9|[spread] \n|-activate|p2a: \u30ae\u30eb\u30ac\u30eb\u30c9|move: Protect\n|-miss|p1a: Charizard|p2b: \u30c9\u30e9\u30d1\u30eb\u30c8\n|\n|-weather|SunnyDay|[upkeep]\n|-heal|p2a: \u30ae\u30eb\u30ac\u30eb\u30c9|85/100|[from] item: Leftovers\n|-damage|p1b: Maushold|76/100 brn|[from] brn\n|upkeep\n|turn|5\n|\n|t:|1776726524\n|switch|p2a: \u30ac\u30d6\u30ea\u30a2\u30b9|Garchomp, L50, F|100/100\n|move|p1b: Maushold|Follow Me|p1b: Maushold\n|-singleturn|p1b: Maushold|move: Follow Me\n|move|p2b: \u30c9\u30e9\u30d1\u30eb\u30c8|Draco Meteor|p1b: Maushold\n|-damage|p1b: Maushold|39/100 brn\n|-unboost|p2b: \u30c9\u30e9\u30d1\u30eb\u30c8|spa|2\n|move|p1a: Charizard|Heat Wave|p2a: \u30ac\u30d6\u30ea\u30a2\u30b9|[spread] p2a,p2b\n|-resisted|p2a: \u30ac\u30d6\u30ea\u30a2\u30b9|1\n|-resisted|p2b: \u30c9\u30e9\u30d1\u30eb\u30c8|1\n|-damage|p2a: \u30ac\u30d6\u30ea\u30a2\u30b9|60/100\n|-damage|p2b: \u30c9\u30e9\u30d1\u30eb\u30c8|59/100\n|\n|-weather|SunnyDay|[upkeep]\n|-damage|p1b: Maushold|33/100 brn|[from] brn\n|upkeep\n|turn|6\n|\n|t:|1776726541\n|move|p1b: Maushold|Protect|p1b: Maushold\n|-singleturn|p1b: Maushold|Protect\n|move|p2b: \u30c9\u30e9\u30d1\u30eb\u30c8|Draco Meteor|p1a: Charizard\n|-damage|p1a: Charizard|88/100\n|-unboost|p2b: \u30c9\u30e9\u30d1\u30eb\u30c8|spa|2\n|move|p2a: \u30ac\u30d6\u30ea\u30a2\u30b9|Rock Slide|p1a: Charizard|[spread] p1a\n|-activate|p1b: Maushold|move: Protect\n|-supereffective|p1a: Charizard|2\n|-damage|p1a: Charizard|20/100\n|move|p1a: Charizard|Weather Ball|p2a: \u30ac\u30d6\u30ea\u30a2\u30b9\n|-resisted|p2a: \u30ac\u30d6\u30ea\u30a2\u30b9|1\n|-damage|p2a: \u30ac\u30d6\u30ea\u30a2\u30b9|5/100\n|\n|-weather|SunnyDay|[upkeep]\n|-damage|p1b: Maushold|27/100 brn|[from] brn\n|upkeep\n|turn|7\n|\n|t:|1776726566\n|move|p2a: \u30ac\u30d6\u30ea\u30a2\u30b9|Protect|p2a: \u30ac\u30d6\u30ea\u30a2\u30b9\n|-singleturn|p2a: \u30ac\u30d6\u30ea\u30a2\u30b9|Protect\n|move|p1b: Maushold|Follow Me|p1b: Maushold\n|-singleturn|p1b: Maushold|move: Follow Me\n|move|p2b: \u30c9\u30e9\u30d1\u30eb\u30c8|Draco Meteor|p1b: Maushold\n|-damage|p1b: Maushold|9/100 brn\n|move|p1a: Charizard|Heat Wave|p2b: \u30c9\u30e9\u30d1\u30eb\u30c8|[spread] p2b\n|-activate|p2a: \u30ac\u30d6\u30ea\u30a2\u30b9|move: Protect\n|-resisted|p2b: \u30c9\u30e9\u30d1\u30eb\u30c8|1\n|-damage|p2b: \u30c9\u30e9\u30d1\u30eb\u30c8|16/100\n|\n|-weather|SunnyDay|[upkeep]\n|-damage|p1b: Maushold|3/100 brn|[from] brn\n|upkeep\n|turn|8\n|\n|t:|1776726590\n|move|p1b: Maushold|Follow Me|p1b: Maushold\n|-singleturn|p1b: Maushold|move: Follow Me\n|move|p2b: \u30c9\u30e9\u30d1\u30eb\u30c8|Will-O-Wisp|p1b: Maushold\n|-fail|p1b: Maushold|brn\n|move|p2a: \u30ac\u30d6\u30ea\u30a2\u30b9|Rock Slide|p1a: Charizard|[spread] p1a,p1b\n|-supereffective|p1a: Charizard|2\n|-damage|p1a: Charizard|0 fnt\n|-damage|p1b: Maushold|0 fnt\n|faint|p1a: Charizard\n|faint|p1b: Maushold\n|\n|-weather|none\n|upkeep\n|\n|t:|1776726597\n|switch|p1b: Excadrill|Excadrill, L50, F|100/100\n|-ability|p1b: Excadrill|Mold Breaker\n|turn|9\n|\n|t:|1776726600\n|move|p2b: \u30c9\u30e9\u30d1\u30eb\u30c8|Will-O-Wisp|p1b: Excadrill\n|-status|p1b: Excadrill|brn\n|move|p2a: \u30ac\u30d6\u30ea\u30a2\u30b9|Stomping Tantrum|p1b: Excadrill\n|-supereffective|p1b: Excadrill|1\n|-enditem|p1b: Excadrill|Focus Sash\n|-damage|p1b: Excadrill|1/100 brn\n|move|p1b: Excadrill|Earthquake|p2b: \u30c9\u30e9\u30d1\u30eb\u30c8|[spread] p2a,p2b\n|-damage|p2a: \u30ac\u30d6\u30ea\u30a2\u30b9|0 fnt\n|-damage|p2b: \u30c9\u30e9\u30d1\u30eb\u30c8|0 fnt\n|faint|p2a: \u30ac\u30d6\u30ea\u30a2\u30b9\n|faint|p2b: \u30c9\u30e9\u30d1\u30eb\u30c8\n|\n|-damage|p1b: Excadrill|0 fnt|[from] brn\n|faint|p1b: Excadrill\n|\n|win|Nene Anegasaki\n|raw|Cerebellibrarian's rating: 1351 &rarr; <strong>1333</strong><br />(-18 for losing)\n|raw|Nene Anegasaki's rating: 1382 &rarr; <strong>1400</strong><br />(+18 for winning)\n|l|\u2606Cerebellibrarian\n|player|p1|\n",
  "uploadtime": 1776726614,
  "views": 7,
  "formatid": "gen9championsvgc2026regma",
  "rating": 1333,
  "private": 0,
  "password": null
}