{
  "id": "gen9championsvgc2026regma-2584732124",
  "format": "[Gen 9 Champions] VGC 2026 Reg M-A",
  "players": [
    "chillinark921",
    "RustySpunge"
  ],
  "log": "|j|\u2606chillinark921\n|j|\u2606RustySpunge\n|t:|1776279745\n|gametype|doubles\n|player|p1|chillinark921|102|1027\n|player|p2|RustySpunge|266|1049\n|gen|9\n|tier|[Gen 9 Champions] VGC 2026 Reg M-A\n|rated|\n|rule|Species Clause: Limit one of each Pok\u00e9mon\n|rule|Item Clause: Limit 1 of each item\n|clearpoke\n|poke|p1|Floette-Eternal, L50, F|\n|poke|p1|Incineroar, L50, M|\n|poke|p1|Garchomp, L50, F|\n|poke|p1|Sinistcha, L50|\n|poke|p1|Aerodactyl, L50, F|\n|poke|p1|Kingambit, L50, M|\n|poke|p2|Froslass, L50, F|\n|poke|p2|Garchomp, L50, F|\n|poke|p2|Sneasler, L50, M|\n|poke|p2|Rotom-Wash, L50|\n|poke|p2|Talonflame, L50, M|\n|poke|p2|Basculegion, L50, M|\n|teampreview|4\nchillinark921 rejected open team sheets.\n|inactive|Battle timer is ON: inactive players will automatically lose when time's up. (requested by RustySpunge)\n|\n|t:|1776279776\n|teamsize|p1|4\n|teamsize|p2|4\n|start\n|switch|p1a: juicy in his prime|Aerodactyl, L50, F|100/100\n|switch|p1b: chop chop|Kingambit, L50, M|100/100\n|switch|p2a: Talonflame|Talonflame, L50, M|100/100\n|switch|p2b: Garchomp|Garchomp, L50, F|100/100\n|-ability|p1a: juicy in his prime|Unnerve\n|turn|1\n|\n|t:|1776279793\n|move|p1a: juicy in his prime|Wide Guard|p1a: juicy in his prime\n|-singleturn|p1a: juicy in his prime|Wide Guard\n|move|p2a: Talonflame|Tailwind|p2a: Talonflame\n|-sidestart|p2: RustySpunge|move: Tailwind\n|move|p2b: Garchomp|Earthquake|p1b: chop chop|[spread] \n|-activate|p1a: juicy in his prime|move: Wide Guard\n|-activate|p1b: chop chop|move: Wide Guard\n|-immune|p2a: Talonflame\n|move|p1b: chop chop|Kowtow Cleave|p2a: Talonflame\n|-damage|p2a: Talonflame|29/100\n|\n|upkeep\n|turn|2\n|\n|t:|1776279814\n|move|p1b: chop chop|Sucker Punch||[still]\n|-fail|p1b: chop chop\n|move|p2a: Talonflame|Taunt|p1a: juicy in his prime\n|-start|p1a: juicy in his prime|move: Taunt\n|move|p2b: Garchomp|Earthquake|p1b: chop chop|[spread] p1b\n|-immune|p2a: Talonflame\n|-immune|p1a: juicy in his prime\n|-supereffective|p1b: chop chop|1\n|-damage|p1b: chop chop|31/100\n|cant|p1a: juicy in his prime|move: Taunt|Tailwind\n|\n|upkeep\n|turn|3\n|\n|t:|1776279831\n|move|p1b: chop chop|Protect|p1b: chop chop\n|-singleturn|p1b: chop chop|Protect\n|move|p2a: Talonflame|Upper Hand||[still]\n|-fail|p2a: Talonflame\n|move|p2b: Garchomp|Swords Dance|p2b: Garchomp\n|-boost|p2b: Garchomp|atk|2\n|move|p1a: juicy in his prime|Rock Slide|p2b: Garchomp|[spread] p2a,p2b\n|-supereffective|p2a: Talonflame|2\n|-resisted|p2b: Garchomp|1\n|-damage|p2a: Talonflame|0 fnt\n|-damage|p2b: Garchomp|88/100\n|faint|p2a: Talonflame\n|\n|upkeep\n|\n|t:|1776279837\n|switch|p2a: Sneasler|Sneasler, L50, M|100/100\n|turn|4\n|\n|t:|1776279859\n|move|p2a: Sneasler|Protect|p2a: Sneasler\n|-singleturn|p2a: Sneasler|Protect\n|move|p2b: Garchomp|Dragon Claw|p1a: juicy in his prime\n|-enditem|p1a: juicy in his prime|Focus Sash\n|-damage|p1a: juicy in his prime|1/100\n|move|p1a: juicy in his prime|Rock Slide|p2b: Garchomp|[spread] p2b\n|-activate|p2a: Sneasler|move: Protect\n|-resisted|p2b: Garchomp|1\n|-damage|p2b: Garchomp|76/100\n|move|p1b: chop chop|Iron Head|p2b: Garchomp\n|-damage|p2b: Garchomp|26/100\n|-damage|p1b: chop chop|19/100|[from] ability: Rough Skin|[of] p2b: Garchomp\n|\n|-end|p1a: juicy in his prime|move: Taunt\n|-sideend|p2: RustySpunge|move: Tailwind\n|upkeep\n|turn|5\n|l|\u2606chillinark921\n|inactive|chillinark921 disconnected and has a minute to reconnect!\n|player|p1|\n|j|\u2606chillinark921\n|inactive|chillinark921 reconnected and has 35 seconds left.\n|player|p1|chillinark921|102|\n|inactive|chillinark921 has 30 seconds left.\n|inactive|RustySpunge has 30 seconds left.\n|inactive|chillinark921 has 20 seconds left.\n|inactive|RustySpunge has 20 seconds left.\n|inactive|RustySpunge has 15 seconds left.\n|inactive|chillinark921 has 15 seconds left.\n|inactive|RustySpunge has 10 seconds left.\n|\n|t:|1776279906\n|move|p1b: chop chop|Sucker Punch|p2b: Garchomp\n|-damage|p2b: Garchomp|0 fnt\n|-damage|p1b: chop chop|7/100|[from] ability: Rough Skin|[of] p2b: Garchomp\n|faint|p2b: Garchomp\n|move|p1a: juicy in his prime|Tailwind|p1a: juicy in his prime\n|-sidestart|p1: chillinark921|move: Tailwind\n|move|p2a: Sneasler|Close Combat|p1a: juicy in his prime\n|-damage|p1a: juicy in his prime|0 fnt\n|-unboost|p2a: Sneasler|def|1\n|-unboost|p2a: Sneasler|spd|1\n|faint|p1a: juicy in his prime\n|\n|upkeep\n|\n|t:|1776279912\n|switch|p1a: the gunner|Floette-Eternal, L50, F|100/100\n|switch|p2b: Froslass|Froslass, L50, F|100/100\n|turn|6\n|\n|t:|1776279930\n|detailschange|p1a: the gunner|Floette-Mega, L50, F\n|-mega|p1a: the gunner|Floette|Floettite\n|-ability|p1a: the gunner|Fairy Aura\n|detailschange|p2b: Froslass|Froslass-Mega, L50, F\n|-mega|p2b: Froslass|Froslass|Froslassite\n|-weather|Snowscape|[from] ability: Snow Warning|[of] p2b: Froslass\n|move|p1a: the gunner|Light of Ruin|p2b: Froslass\n|-crit|p2b: Froslass\n|-damage|p2b: Froslass|0 fnt\n|faint|p2b: Froslass\n|-damage|p1a: the gunner|55/100|[from] Recoil\n|move|p1b: chop chop|Iron Head|p2a: Sneasler\n|-enditem|p2a: Sneasler|Focus Sash\n|-damage|p2a: Sneasler|1/100\n|move|p2a: Sneasler|Dire Claw|p1a: the gunner\n|-supereffective|p1a: the gunner|1\n|-damage|p1a: the gunner|0 fnt\n|faint|p1a: the gunner\n|\n|-weather|Snowscape|[upkeep]\n|upkeep\n|\n|t:|1776279938\n|switch|p1a: quick reload!|Sinistcha, L50|100/100\n|-heal|p1b: chop chop|32/100|[from] ability: Hospitality|[of] p1a: quick reload!\n|turn|7\n|l|\u2606RustySpunge\n|inactive|RustySpunge disconnected and has a minute to reconnect!\n|player|p2|\n|inactive|RustySpunge has 30 seconds left.\n|inactive|RustySpunge has 20 seconds left.\n|inactive|RustySpunge has 15 seconds left.\n|inactive|RustySpunge has 10 seconds left.\n|inactive|RustySpunge has 5 seconds left.\n|-message|RustySpunge lost due to inactivity.\n|\n|win|chillinark921\n|raw|chillinark921's rating: 1027 &rarr; <strong>1065</strong><br />(+38 for winning)\n|raw|RustySpunge's rating: 1049 &rarr; <strong>1031</strong><br />(-18 for losing)\n",
  "uploadtime": 1776279997,
  "views": 20,
  "formatid": "gen9championsvgc2026regma",
  "rating": 1031,
  "private": 0,
  "password": null
}