{
  "id": "gen9championsvgc2026regma-2585831524",
  "format": "[Gen 9 Champions] VGC 2026 Reg M-A",
  "players": [
    "ult. big chill",
    "newbie999999"
  ],
  "log": "|j|\u2606ult. big chill\n|j|\u2606newbie999999\n|t:|1776373926\n|gametype|doubles\n|player|p1|ult. big chill|burgh|1109\n|player|p2|newbie999999|170|1018\n|gen|9\n|tier|[Gen 9 Champions] VGC 2026 Reg M-A\n|rated|\n|rule|Species Clause: Limit one of each Pok\u00e9mon\n|rule|Item Clause: Limit 1 of each item\n|clearpoke\n|poke|p1|Camerupt, L50, F|\n|poke|p1|Farigiraf, L50, M|\n|poke|p1|Primarina, L50, M|\n|poke|p1|Incineroar, L50, F|\n|poke|p1|Drampa, L50, M|\n|poke|p1|Runerigus, L50, M|\n|poke|p2|Hawlucha, L50, M|\n|poke|p2|Krookodile, L50, M|\n|poke|p2|Froslass, L50, F|\n|poke|p2|Sinistcha, L50|\n|poke|p2|Absol, L50, M|\n|poke|p2|Sandaconda, L50, M|\n|teampreview|4\n|\n|t:|1776373935\n|teamsize|p1|4\n|teamsize|p2|4\n|start\n|switch|p1a: SandyEggo|Farigiraf, L50, M, shiny|100/100\n|switch|p1b: Pivot Man|Incineroar, L50, F|100/100\n|switch|p2a: Hawlucha|Hawlucha, L50, M, shiny|100/100\n|switch|p2b: Krookodile|Krookodile, L50, M, shiny|100/100\n|-ability|p1b: Pivot Man|Intimidate|boost\n|-unboost|p2a: Hawlucha|atk|1\n|-unboost|p2b: Krookodile|atk|1\n|turn|1\n|\n|t:|1776373951\n|detailschange|p2a: Hawlucha|Hawlucha-Mega, L50, M, shiny\n|-mega|p2a: Hawlucha|Hawlucha|Hawluchanite\n|move|p2b: Krookodile|Protect|p2b: Krookodile\n|-singleturn|p2b: Krookodile|Protect\n|move|p1b: Pivot Man|Fake Out|p2a: Hawlucha\n|-damage|p2a: Hawlucha|88/100\n|cant|p2a: Hawlucha|flinch\n|move|p1a: SandyEggo|Trick Room|p1a: SandyEggo\n|-fieldstart|move: Trick Room|[of] p1a: SandyEggo\n|\n|upkeep\n|turn|2\n|\n|t:|1776373978\n|move|p1b: Pivot Man|Flare Blitz|p2a: Hawlucha\n|-damage|p2a: Hawlucha|37/100\n|-damage|p1b: Pivot Man|87/100|[from] Recoil\n|move|p1a: SandyEggo|Hyper Voice|p2b: Krookodile|[spread] p2a,p2b\n|-damage|p2a: Hawlucha|5/100\n|-damage|p2b: Krookodile|58/100\n|move|p2b: Krookodile|Fissure|p1b: Pivot Man|[miss]\n|-miss|p2b: Krookodile|p1b: Pivot Man\n|move|p2a: Hawlucha|Entrainment|p2b: Krookodile\n|-ability|p2b: Krookodile|No Guard|Moxie|[from] move: Entrainment|[of] p2a: Hawlucha\n|\n|upkeep\n|turn|3\n|\n|t:|1776374017\n|move|p2a: Hawlucha|Protect|p2a: Hawlucha\n|-singleturn|p2a: Hawlucha|Protect\n|move|p1b: Pivot Man|Flare Blitz|p2b: Krookodile\n|-damage|p2b: Krookodile|0 fnt\n|faint|p2b: Krookodile\n|-damage|p1b: Pivot Man|71/100|[from] Recoil\n|move|p1a: SandyEggo|Hyper Voice|p2a: Hawlucha\n|-activate|p2a: Hawlucha|move: Protect\n|\n|upkeep\n|\n|t:|1776374029\n|switch|p2b: Sandaconda|Sandaconda, L50, M, shiny|100/100\n|turn|4\n|\n|t:|1776374046\n|move|p1b: Pivot Man|Parting Shot|p2b: Sandaconda\n|-unboost|p2b: Sandaconda|atk|1\n|-unboost|p2b: Sandaconda|spa|1\n|\n|t:|1776374049\n|switch|p1b: Molpe|Primarina, L50, M|100/100|[from] Parting Shot\n|move|p1a: SandyEggo|Imprison|p1a: SandyEggo\n|-start|p1a: SandyEggo|move: Imprison\n|move|p2b: Sandaconda|Minimize|p2b: Sandaconda\n|-boost|p2b: Sandaconda|evasion|2\n|move|p2a: Hawlucha|Entrainment|p2b: Sandaconda\n|-ability|p2b: Sandaconda|No Guard|Sand Veil|[from] move: Entrainment|[of] p2a: Hawlucha\n|\n|upkeep\n|turn|5\n|c|\u2606ult. big chill|wait\n|c|\u2606ult. big chill|why\n|\n|t:|1776374082\n|move|p1b: Molpe|Hyper Voice|p2a: Hawlucha|[spread] p2a,p2b\n|-supereffective|p2b: Sandaconda|1\n|-damage|p2a: Hawlucha|0 fnt\n|-damage|p2b: Sandaconda|24/100\n|faint|p2a: Hawlucha\n|move|p1a: SandyEggo|Hyper Voice|p2b: Sandaconda\n|-damage|p2b: Sandaconda|0 fnt\n|faint|p2b: Sandaconda\n|\n|-fieldend|move: Trick Room\n|upkeep\n|-message|newbie999999 forfeited.\n|\n|win|ult. big chill\n|raw|ult. big chill's rating: 1109 &rarr; <strong>1128</strong><br />(+19 for winning)\n|raw|newbie999999's rating: 1018 &rarr; <strong>1009</strong><br />(-9 for losing)\n|l|\u2606newbie999999\n|player|p2|\n",
  "uploadtime": 1776374098,
  "views": 28,
  "formatid": "gen9championsvgc2026regma",
  "rating": 1009,
  "private": 0,
  "password": null
}