{
  "id": "gen9championsvgc2026regma-2586331868",
  "format": "[Gen 9 Champions] VGC 2026 Reg M-A",
  "players": [
    "Bbob415",
    "CORE!lysta"
  ],
  "log": "|j|\u203dBbob415\n|j|\u2606CORE!lysta\n|t:|1776426080\n|gametype|doubles\n|player|p1|Bbob415|102|1173\n|player|p2|CORE!lysta|rosa|1127\n|gen|9\n|tier|[Gen 9 Champions] VGC 2026 Reg M-A\n|rated|\n|rule|Species Clause: Limit one of each Pok\u00e9mon\n|rule|Item Clause: Limit 1 of each item\n|clearpoke\n|poke|p1|Chandelure, L50, M|\n|poke|p1|Aerodactyl, L50, M|\n|poke|p1|Sinistcha, L50|\n|poke|p1|Milotic, L50, M|\n|poke|p1|Orthworm, L50, M|\n|poke|p1|Meganium, L50, F|\n|poke|p2|Glaceon, L50, F|\n|poke|p2|Froslass, L50, F|\n|poke|p2|Hatterene, L50, F|\n|poke|p2|Primarina, L50, M|\n|poke|p2|Incineroar, L50, M|\n|poke|p2|Sneasler, L50, M|\n|teampreview|4\n|\n|t:|1776426126\n|teamsize|p1|4\n|teamsize|p2|4\n|start\n|switch|p1a: Sinistcha|Sinistcha, L50|100/100\n|switch|p1b: Milotic|Milotic, L50, M|100/100\n|switch|p2a: Primarina|Primarina, L50, M|100/100\n|switch|p2b: Froslass|Froslass, L50, F|100/100\n|turn|1\n|inactive|Battle timer is ON: inactive players will automatically lose when time's up. (requested by CORE!lysta)\n|\n|t:|1776426146\n|switch|p2a: Glaceon|Glaceon, L50, F|100/100\n|detailschange|p2b: Froslass|Froslass-Mega, L50, F\n|-mega|p2b: Froslass|Froslass|Froslassite\n|-weather|Snowscape|[from] ability: Snow Warning|[of] p2b: Froslass\n|move|p2b: Froslass|Aurora Veil|p2b: Froslass\n|-sidestart|p2: CORE!lysta|move: Aurora Veil\n|move|p1b: Milotic|Scald|p2b: Froslass\n|-damage|p2b: Froslass|71/100\n|-status|p2b: Froslass|brn\n|move|p1a: Sinistcha|Trick Room|p1a: Sinistcha\n|-fieldstart|move: Trick Room|[of] p1a: Sinistcha\n|\n|-weather|Snowscape|[upkeep]\n|-damage|p2b: Froslass|65/100 brn|[from] brn\n|upkeep\n|turn|2\n|\n|t:|1776426170\n|move|p1a: Sinistcha|Matcha Gotcha|p2b: Froslass|[spread] p2a,p2b\n|-damage|p2a: Glaceon|84/100\n|-damage|p2b: Froslass|47/100 brn\n|move|p2a: Glaceon|Calm Mind|p2a: Glaceon\n|-boost|p2a: Glaceon|spa|1\n|-boost|p2a: Glaceon|spd|1\n|move|p1b: Milotic|Scald|p2b: Froslass\n|-damage|p2b: Froslass|19/100 brn\n|move|p2b: Froslass|Shadow Ball|p1a: Sinistcha\n|-supereffective|p1a: Sinistcha|1\n|-damage|p1a: Sinistcha|0 fnt\n|faint|p1a: Sinistcha\n|\n|-weather|Snowscape|[upkeep]\n|-heal|p2a: Glaceon|89/100|[from] ability: Ice Body\n|-heal|p2a: Glaceon|95/100|[from] item: Leftovers\n|-damage|p2b: Froslass|13/100 brn|[from] brn\n|upkeep\n|\n|t:|1776426187\n|switch|p1a: Chandelure|Chandelure, L50, M|100/100\n|turn|3\n|\n|t:|1776426208\n|switch|p2b: Primarina|Primarina, L50, M|100/100\n|detailschange|p1a: Chandelure|Chandelure-Mega, L50, M\n|-mega|p1a: Chandelure|Chandelure|Chandelurite\n|move|p2a: Glaceon|Protect|p2a: Glaceon\n|-singleturn|p2a: Glaceon|Protect\n|move|p1b: Milotic|Scald|p2a: Glaceon\n|-activate|p2a: Glaceon|move: Protect\n|move|p1a: Chandelure|Heat Wave|p2a: Glaceon|[spread] p2b\n|-activate|p2a: Glaceon|move: Protect\n|-resisted|p2b: Primarina|1\n|-damage|p2b: Primarina|78/100\n|\n|-weather|Snowscape|[upkeep]\n|-heal|p2a: Glaceon|100/100|[from] ability: Ice Body\n|upkeep\n|turn|4\n|inactive|CORE!lysta has 30 seconds left.\n|\n|t:|1776426234\n|switch|p1a: Meganium|Meganium, L50, F|100/100\n|move|p2b: Primarina|Hyper Voice|p1a: Meganium|[spread] p1a,p1b\n|-resisted|p1a: Meganium|1\n|-resisted|p1b: Milotic|1\n|-damage|p1a: Meganium|79/100\n|-damage|p1b: Milotic|86/100\n|move|p2a: Glaceon|Freeze-Dry|p1b: Milotic\n|-supereffective|p1b: Milotic|1\n|-damage|p1b: Milotic|8/100\n|move|p1b: Milotic|Scald|p2a: Glaceon\n|-crit|p2a: Glaceon\n|-damage|p2a: Glaceon|48/100\n|\n|-weather|Snowscape|[upkeep]\n|-heal|p2a: Glaceon|54/100|[from] ability: Ice Body\n|-heal|p2a: Glaceon|60/100|[from] item: Leftovers\n|-heal|p1b: Milotic|14/100|[from] item: Leftovers\n|upkeep\n|turn|5\n|inactive|CORE!lysta has 30 seconds left.\n|\n|t:|1776426260\n|switch|p2b: Sneasler|Sneasler, L50, M|100/100\n|move|p2a: Glaceon|Blizzard|p1a: Meganium|[spread] p1a,p1b\n|-supereffective|p1a: Meganium|1\n|-resisted|p1b: Milotic|1\n|-damage|p1a: Meganium|0 fnt\n|-damage|p1b: Milotic|0 fnt\n|faint|p1a: Meganium\n|faint|p1b: Milotic\n|\n|-weather|none\n|-heal|p2a: Glaceon|66/100|[from] item: Leftovers\n|-sideend|p2: CORE!lysta|move: Aurora Veil\n|-fieldend|move: Trick Room\n|upkeep\n|\n|t:|1776426269\n|switch|p1b: Chandelure|Chandelure-Mega, L50, M|100/100\n|turn|6\n|\n|t:|1776426281\n|move|p2b: Sneasler|Dire Claw|p1b: Chandelure\n|-resisted|p1b: Chandelure|1\n|-damage|p1b: Chandelure|79/100\n|move|p2a: Glaceon|Freeze-Dry|p1b: Chandelure\n|-resisted|p1b: Chandelure|1\n|-damage|p1b: Chandelure|51/100\n|move|p1b: Chandelure|Trick Room|p1b: Chandelure\n|-fieldstart|move: Trick Room|[of] p1b: Chandelure\n|\n|-heal|p2a: Glaceon|71/100|[from] item: Leftovers\n|upkeep\n|turn|7\n|\n|t:|1776426304\n|move|p2b: Sneasler|Protect|p2b: Sneasler\n|-singleturn|p2b: Sneasler|Protect\n|move|p2a: Glaceon|Freeze-Dry|p1b: Chandelure\n|-resisted|p1b: Chandelure|1\n|-damage|p1b: Chandelure|24/100\n|move|p1b: Chandelure|Heat Wave|p2b: Sneasler|[spread] p2a\n|-activate|p2b: Sneasler|move: Protect\n|-supereffective|p2a: Glaceon|1\n|-damage|p2a: Glaceon|5/100\n|-status|p2a: Glaceon|brn\n|\n|-heal|p2a: Glaceon|11/100 brn|[from] item: Leftovers\n|-damage|p2a: Glaceon|5/100 brn|[from] brn\n|upkeep\n|turn|8\n|\n|t:|1776426321\n|switch|p2b: Froslass|Froslass-Mega, L50, F|13/100 brn\n|-weather|Snowscape|[from] ability: Snow Warning|[of] p2b: Froslass\n|move|p2a: Glaceon|Blizzard|p1b: Chandelure\n|-resisted|p1b: Chandelure|1\n|-damage|p1b: Chandelure|0 fnt\n|faint|p1b: Chandelure\n|\n|win|CORE!lysta\n|raw|Bbob415's rating: 1173 &rarr; <strong>1145</strong><br />(-28 for losing)\n|raw|CORE!lysta's rating: 1127 &rarr; <strong>1155</strong><br />(+28 for winning)\n|l|\u203dBbob415\n|player|p1|\n",
  "uploadtime": 1776426332,
  "views": 24,
  "formatid": "gen9championsvgc2026regma",
  "rating": 1145,
  "private": 0,
  "password": null
}