{
  "id": "gen9championsvgc2026regma-2588415003",
  "format": "[Gen 9 Champions] VGC 2026 Reg M-A",
  "players": [
    "NavierStrks",
    "JCapel44"
  ],
  "log": "|j|\u2606NavierStrks\n|j|\u2606JCapel44\n|t:|1776631562\n|gametype|doubles\n|player|p1|NavierStrks|266|1082\n|player|p2|JCapel44|265|1159\n|gen|9\n|tier|[Gen 9 Champions] VGC 2026 Reg M-A\n|rated|\n|rule|Species Clause: Limit one of each Pok\u00e9mon\n|rule|Item Clause: Limit 1 of each item\n|clearpoke\n|poke|p1|Runerigus, L50, M|\n|poke|p1|Medicham, L50, F|\n|poke|p1|Alakazam, L50, F|\n|poke|p1|Vivillon-Fancy, L50, F|\n|poke|p1|Samurott-Hisui, L50, M|\n|poke|p1|Abomasnow, L50, F|\n|poke|p2|Gengar, L50, M|\n|poke|p2|Kingambit, L50, F|\n|poke|p2|Vivillon, L50, M|\n|poke|p2|Basculegion, L50, M|\n|poke|p2|Politoed, L50, M|\n|poke|p2|Incineroar, L50, F|\n|teampreview|4\n|inactive|Battle timer is ON: inactive players will automatically lose when time's up. (requested by NavierStrks)\n|\n|t:|1776631617\n|teamsize|p1|4\n|teamsize|p2|4\n|start\n|switch|p1a: Samurott|Samurott-Hisui, L50, M|100/100\n|switch|p1b: Runerigus|Runerigus, L50, M|100/100\n|switch|p2a: Gengar|Gengar, L50, M|100/100\n|switch|p2b: Politoed|Politoed, L50, M|100/100\n|-weather|RainDance|[from] ability: Drizzle|[of] p2b: Politoed\n|turn|1\n|inactive|NavierStrks has 30 seconds left.\n|\n|t:|1776631646\n|switch|p1a: Abomasnow|Abomasnow, L50, F|100/100\n|-weather|Snowscape|[from] ability: Snow Warning|[of] p1a: Abomasnow\n|detailschange|p2a: Gengar|Gengar-Mega, L50, M\n|-mega|p2a: Gengar|Gengar|Gengarite\n|move|p2a: Gengar|Protect|p2a: Gengar\n|-singleturn|p2a: Gengar|Protect\n|move|p2b: Politoed|Weather Ball|p1b: Runerigus\n|-supereffective|p1b: Runerigus|1\n|-damage|p1b: Runerigus|49/100\n|move|p1b: Runerigus|Phantom Force||[still]\n|-prepare|p1b: Runerigus|Phantom Force\n|\n|-weather|Snowscape|[upkeep]\n|-heal|p1b: Runerigus|55/100|[from] item: Leftovers\n|upkeep\n|turn|2\n|inactive|JCapel44 has 30 seconds left.\n|\n|t:|1776631674\n|switch|p2a: Incineroar|Incineroar, L50, F|100/100\n|-ability|p2a: Incineroar|Intimidate|boost\n|-unboost|p1a: Abomasnow|atk|1\n|-unboost|p1b: Runerigus|atk|1\n|move|p2b: Politoed|Protect|p2b: Politoed\n|-singleturn|p2b: Politoed|Protect\n|move|p1a: Abomasnow|Aurora Veil|p1a: Abomasnow\n|-sidestart|p1: NavierStrks|move: Aurora Veil\n|move|p1b: Runerigus|Phantom Force|p2a: Incineroar|[from] lockedmove\n|-resisted|p2a: Incineroar|1\n|-damage|p2a: Incineroar|92/100\n|\n|-weather|Snowscape|[upkeep]\n|-heal|p1b: Runerigus|61/100|[from] item: Leftovers\n|upkeep\n|turn|3\n|inactive|NavierStrks has 30 seconds left.\n|inactive|JCapel44 has 30 seconds left.\n|\n|t:|1776631704\n|switch|p1a: Samurott|Samurott-Hisui, L50, M|100/100\n|move|p2b: Politoed|Encore||[still]\n|-fail|p2b: Politoed\n|move|p2a: Incineroar|Throat Chop|p1b: Runerigus\n|-supereffective|p1b: Runerigus|1\n|-damage|p1b: Runerigus|32/100\n|-start|p1b: Runerigus|Throat Chop|[silent]\n|-activate|p2a: Incineroar|Skill Swap|Wandering Spirit|Intimidate|[of] p1b: Runerigus\n|-ability|p1b: Runerigus|Intimidate|boost\n|-unboost|p2a: Incineroar|atk|1\n|-unboost|p2b: Politoed|atk|1\n|move|p1b: Runerigus|Trick Room|p1b: Runerigus\n|-fieldstart|move: Trick Room|[of] p1b: Runerigus\n|\n|-weather|Snowscape|[upkeep]\n|-heal|p1b: Runerigus|38/100|[from] item: Leftovers\n|upkeep\n|turn|4\n|inactive|JCapel44 has 30 seconds left.\n|inactive|JCapel44 has 20 seconds left.\n|inactive|JCapel44 has 15 seconds left.\n|inactive|JCapel44 has 10 seconds left.\n|\n|t:|1776631752\n|move|p1b: Runerigus|Iron Defense|p1b: Runerigus\n|-boost|p1b: Runerigus|def|2\n|move|p2a: Incineroar|Parting Shot|p1a: Samurott\n|-unboost|p1a: Samurott|atk|1\n|-unboost|p1a: Samurott|spa|1\n|\n|t:|1776631758\n|switch|p2a: Gengar|Gengar-Mega, L50, M|100/100|[from] Parting Shot\n|move|p2b: Politoed|Perish Song|p2b: Politoed\n|-start|p1a: Samurott|perish3|[silent]\n|-start|p1b: Runerigus|perish3|[silent]\n|-start|p2a: Gengar|perish3|[silent]\n|-start|p2b: Politoed|perish3|[silent]\n|-fieldactivate|move: Perish Song\n|move|p1a: Samurott|Aqua Cutter|p2a: Gengar\n|-damage|p2a: Gengar|61/100\n|\n|-weather|Snowscape|[upkeep]\n|-heal|p1b: Runerigus|43/100|[from] item: Leftovers\n|-end|p1b: Runerigus|Throat Chop|[silent]\n|-start|p1b: Runerigus|perish3\n|-start|p2b: Politoed|perish3\n|-start|p1a: Samurott|perish3\n|-start|p2a: Gengar|perish3\n|upkeep\n|turn|5\n|inactive|NavierStrks has 30 seconds left.\n|inactive|JCapel44 has 30 seconds left.\n|\n|t:|1776631797\n|switch|p2b: Incineroar|Incineroar, L50, F|92/100\n|-ability|p2b: Incineroar|Intimidate|boost\n|-unboost|p1a: Samurott|atk|1\n|-unboost|p1b: Runerigus|atk|1\n|move|p2a: Gengar|Protect|p2a: Gengar\n|-singleturn|p2a: Gengar|Protect\n|move|p1a: Samurott|Sucker Punch||[still]\n|-fail|p1a: Samurott\n|move|p1b: Runerigus|Body Press|p2b: Incineroar\n|-supereffective|p2b: Incineroar|1\n|-damage|p2b: Incineroar|1/100\n|-enditem|p2b: Incineroar|Sitrus Berry|[eat]\n|-heal|p2b: Incineroar|26/100|[from] item: Sitrus Berry\n|\n|-weather|none\n|-heal|p1b: Runerigus|49/100|[from] item: Leftovers\n|-start|p1b: Runerigus|perish2\n|-start|p1a: Samurott|perish2\n|-start|p2a: Gengar|perish2\n|upkeep\n|turn|6\n|inactive|JCapel44 has 30 seconds left.\n|inactive|JCapel44 has 20 seconds left.\n|\n|t:|1776631833\n|switch|p2a: Politoed|Politoed, L50, M|100/100\n|-weather|RainDance|[from] ability: Drizzle|[of] p2a: Politoed\n|move|p1a: Samurott|Upper Hand||[still]\n|-fail|p1a: Samurott\n|move|p1b: Runerigus|Body Press|p2b: Incineroar\n|-supereffective|p2b: Incineroar|1\n|-damage|p2b: Incineroar|0 fnt\n|faint|p2b: Incineroar\n|\n|-weather|RainDance|[upkeep]\n|-heal|p1b: Runerigus|55/100|[from] item: Leftovers\n|-start|p1b: Runerigus|perish1\n|-start|p1a: Samurott|perish1\n|-sideend|p1: NavierStrks|move: Aurora Veil\n|upkeep\n|\n|t:|1776631847\n|switch|p2b: Gengar|Gengar-Mega, L50, M|61/100\n|turn|7\n|\n|t:|1776631861\n|switch|p1b: Alakazam|Alakazam, L50, F|100/100\n|move|p2b: Gengar|Protect|p2b: Gengar\n|-singleturn|p2b: Gengar|Protect\n|move|p2a: Politoed|Weather Ball|p1b: Alakazam\n|-damage|p1b: Alakazam|29/100\n|move|p1a: Samurott|Aqua Cutter|p2b: Gengar\n|-activate|p2b: Gengar|move: Protect\n|\n|-weather|RainDance|[upkeep]\n|-start|p1a: Samurott|perish0\n|-fieldend|move: Trick Room\n|faint|p1a: Samurott\n|upkeep\n|\n|t:|1776631878\n|switch|p1a: Abomasnow|Abomasnow, L50, F|100/100\n|-weather|Snowscape|[from] ability: Snow Warning|[of] p1a: Abomasnow\n|turn|8\n|inactive|JCapel44 has 30 seconds left.\n|inactive|JCapel44 has 20 seconds left.\n|inactive|JCapel44 has 15 seconds left.\n|inactive|JCapel44 has 10 seconds left.\n|\n|t:|1776631924\n|switch|p2b: Vivillon|Vivillon, L50, M|100/100\n|detailschange|p1b: Alakazam|Alakazam-Mega, L50, F\n|-mega|p1b: Alakazam|Alakazam|Alakazite\n|-ability|p1b: Alakazam|Compound Eyes|Trace|[from] ability: Trace|[of] p2b: Vivillon\n|move|p1b: Alakazam|Psychic|p2b: Vivillon\n|-enditem|p2b: Vivillon|Focus Sash\n|-damage|p2b: Vivillon|1/100\n|move|p2a: Politoed|Weather Ball|p1b: Alakazam\n|-damage|p1b: Alakazam|3/100\n|move|p1a: Abomasnow|Energy Ball|p2a: Politoed\n|-supereffective|p2a: Politoed|1\n|-damage|p2a: Politoed|46/100\n|-unboost|p2a: Politoed|spd|1\n|\n|-weather|Snowscape|[upkeep]\n|-heal|p2a: Politoed|52/100|[from] item: Leftovers\n|upkeep\n|turn|9\n|inactive|NavierStrks has 30 seconds left.\n|\n|t:|1776631951\n|move|p2b: Vivillon|Rage Powder|p2b: Vivillon\n|-singleturn|p2b: Vivillon|move: Rage Powder\n|move|p1b: Alakazam|Psychic|p2b: Vivillon\n|-damage|p2b: Vivillon|0 fnt\n|faint|p2b: Vivillon\n|move|p2a: Politoed|Weather Ball|p1b: Alakazam\n|-damage|p1b: Alakazam|0 fnt\n|faint|p1b: Alakazam\n|move|p1a: Abomasnow|Blizzard|p2a: Politoed\n|-resisted|p2a: Politoed|1\n|-damage|p2a: Politoed|26/100\n|\n|-weather|Snowscape|[upkeep]\n|-heal|p2a: Politoed|32/100|[from] item: Leftovers\n|upkeep\n|\n|t:|1776631964\n|switch|p1b: Runerigus|Runerigus, L50, M|55/100\n|switch|p2b: Gengar|Gengar-Mega, L50, M|61/100\n|turn|10\n|inactive|JCapel44 has 30 seconds left.\n|inactive|JCapel44 has 20 seconds left.\n|inactive|JCapel44 has 15 seconds left.\n|inactive|JCapel44 has 10 seconds left.\n|\n|t:|1776632011\n|move|p2b: Gengar|Shadow Ball|p1b: Runerigus\n|-supereffective|p1b: Runerigus|1\n|-damage|p1b: Runerigus|0 fnt\n|faint|p1b: Runerigus\n|move|p2a: Politoed|Weather Ball|p1a: Abomasnow\n|-damage|p1a: Abomasnow|79/100\n|move|p1a: Abomasnow|Energy Ball|p2a: Politoed\n|-supereffective|p2a: Politoed|1\n|-damage|p2a: Politoed|0 fnt\n|faint|p2a: Politoed\n|\n|-weather|Snowscape|[upkeep]\n|upkeep\n|turn|11\n|\n|t:|1776632026\n|move|p2b: Gengar|Protect|p2b: Gengar\n|-singleturn|p2b: Gengar|Protect\n|move|p1a: Abomasnow|Aurora Veil|p1a: Abomasnow\n|-sidestart|p1: NavierStrks|move: Aurora Veil\n|\n|-weather|Snowscape|[upkeep]\n|upkeep\n|turn|12\n|\n|t:|1776632036\n|move|p2b: Gengar|Shadow Ball|p1a: Abomasnow\n|-damage|p1a: Abomasnow|49/100\n|-unboost|p1a: Abomasnow|spd|1\n|move|p1a: Abomasnow|Blizzard|p2b: Gengar\n|-damage|p2b: Gengar|0 fnt\n|faint|p2b: Gengar\n|\n|win|NavierStrks\n|raw|NavierStrks's rating: 1082 &rarr; <strong>1116</strong><br />(+34 for winning)\n|raw|JCapel44's rating: 1159 &rarr; <strong>1129</strong><br />(-30 for losing)\n|l|\u2606JCapel44\n|player|p2|\n",
  "uploadtime": 1776632041,
  "views": 19,
  "formatid": "gen9championsvgc2026regma",
  "rating": 1116,
  "private": 0,
  "password": null
}