{
  "id": "gen9championsvgc2026regma-2586283953",
  "format": "[Gen 9 Champions] VGC 2026 Reg M-A",
  "players": [
    "RandomGuyInSchool",
    "bob0976"
  ],
  "log": "|j|\u2606RandomGuyInSchool\n|j|\u2606bob0976\n|t:|1776421149\n|gametype|doubles\n|player|p1|RandomGuyInSchool|schoolkid-gen4|1067\n|player|p2|bob0976|265|1114\n|gen|9\n|tier|[Gen 9 Champions] VGC 2026 Reg M-A\n|rated|\n|rule|Species Clause: Limit one of each Pok\u00e9mon\n|rule|Item Clause: Limit 1 of each item\n|clearpoke\n|poke|p1|Kangaskhan, L50, F|\n|poke|p1|Sinistcha, L50|\n|poke|p1|Sneasler, L50, M|\n|poke|p1|Talonflame, L50, F|\n|poke|p1|Corviknight, L50, F|\n|poke|p1|Primarina, L50, F|\n|poke|p2|Meganium, L50, F|\n|poke|p2|Greninja-*, L50, M|\n|poke|p2|Pelipper, L50, M|\n|poke|p2|Archaludon, L50, F|\n|poke|p2|Sneasler, L50, F|\n|poke|p2|Incineroar, L50, F|\n|teampreview|4\n|inactive|Battle timer is ON: inactive players will automatically lose when time's up. (requested by bob0976)\n|inactive|RandomGuyInSchool also wants the timer to be on.\nRandomGuyInSchool rejected open team sheets.\n|inactive|bob0976 has 60 seconds left.\n|c|\u2606RandomGuyInSchool|glhf\n|\n|t:|1776421208\n|teamsize|p1|4\n|teamsize|p2|4\n|start\n|switch|p1a: Sneasler|Sneasler, L50, M|100/100\n|switch|p1b: Kangaskhan|Kangaskhan, L50, F|100/100\n|switch|p2a: Incineroar|Incineroar, L50, F|100/100\n|switch|p2b: Greninja|Greninja, L50, M|100/100\n|-ability|p2a: Incineroar|Intimidate|boost\n|-unboost|p1a: Sneasler|atk|1\n|-unboost|p1b: Kangaskhan|atk|1\n|-enditem|p1a: Sneasler|White Herb\n|-clearnegativeboost|p1a: Sneasler|[silent]\n|turn|1\n|inactive|bob0976 has 30 seconds left.\n|\n|t:|1776421234\n|switch|p2b: Pelipper|Pelipper, L50, M|100/100\n|-weather|RainDance|[from] ability: Drizzle|[of] p2b: Pelipper\n|detailschange|p1b: Kangaskhan|Kangaskhan-Mega, L50, F\n|-mega|p1b: Kangaskhan|Kangaskhan|Kangaskhanite\n|move|p1b: Kangaskhan|Fake Out|p2a: Incineroar\n|-damage|p2a: Incineroar|89/100\n|-damage|p2a: Incineroar|87/100\n|-hitcount|p2a: Incineroar|2\n|move|p1a: Sneasler|Close Combat|p2b: Pelipper\n|-resisted|p2b: Pelipper|1\n|-damage|p2b: Pelipper|66/100\n|-unboost|p1a: Sneasler|def|1\n|-unboost|p1a: Sneasler|spd|1\n|cant|p2a: Incineroar|flinch\n|\n|-weather|RainDance|[upkeep]\n|upkeep\n|turn|2\n|\n|t:|1776421258\n|switch|p1b: Sinistcha|Sinistcha, L50|100/100\n|move|p1a: Sneasler|Protect|p1a: Sneasler\n|-singleturn|p1a: Sneasler|Protect\n|move|p2b: Pelipper|Tailwind|p2b: Pelipper\n|-sidestart|p2: bob0976|move: Tailwind\n|move|p2a: Incineroar|Will-O-Wisp|p1b: Sinistcha\n|-status|p1b: Sinistcha|brn\n|\n|-weather|RainDance|[upkeep]\n|-damage|p1b: Sinistcha|94/100 brn|[from] brn\n|upkeep\n|turn|3\n|\n|t:|1776421279\n|move|p1b: Sinistcha|Rage Powder|p1b: Sinistcha\n|-singleturn|p1b: Sinistcha|move: Rage Powder\n|move|p1a: Sneasler|Close Combat|p2a: Incineroar\n|-supereffective|p2a: Incineroar|1\n|-damage|p2a: Incineroar|0 fnt\n|-unboost|p1a: Sneasler|def|1\n|-unboost|p1a: Sneasler|spd|1\n|faint|p2a: Incineroar\n|move|p2b: Pelipper|Hurricane|p1b: Sinistcha\n|-supereffective|p1b: Sinistcha|1\n|-damage|p1b: Sinistcha|13/100 brn\n|\n|-weather|RainDance|[upkeep]\n|-damage|p1b: Sinistcha|7/100 brn|[from] brn\n|upkeep\n|\n|t:|1776421299\n|switch|p2a: Greninja|Greninja, L50, M|100/100\n|turn|4\n|\n|t:|1776421319\n|detailschange|p2a: Greninja|Greninja-Mega, L50, M\n|-mega|p2a: Greninja|Greninja|Greninjite\n|move|p1b: Sinistcha|Rage Powder|p1b: Sinistcha\n|-singleturn|p1b: Sinistcha|move: Rage Powder\n|move|p2a: Greninja|Hydro Pump|p1b: Sinistcha\n|-start|p2a: Greninja|typechange|Water|[from] ability: Protean\n|-resisted|p1b: Sinistcha|1\n|-damage|p1b: Sinistcha|0 fnt\n|faint|p1b: Sinistcha\n|move|p1a: Sneasler|Close Combat|p2a: Greninja\n|-damage|p2a: Greninja|0 fnt\n|-unboost|p1a: Sneasler|def|1\n|-unboost|p1a: Sneasler|spd|1\n|faint|p2a: Greninja\n|move|p2b: Pelipper|Hurricane|p1a: Sneasler\n|-supereffective|p1a: Sneasler|1\n|-damage|p1a: Sneasler|0 fnt\n|faint|p1a: Sneasler\n|\n|-weather|RainDance|[upkeep]\n|upkeep\n|\n|t:|1776421341\n|switch|p2a: Archaludon|Archaludon, L50, F|100/100\n|switch|p1a: Kangaskhan|Kangaskhan-Mega, L50, F|100/100\n|switch|p1b: Primarina|Primarina, L50, F|100/100\n|turn|5\n|\n|t:|1776421365\n|move|p2b: Pelipper|Wide Guard|p2b: Pelipper\n|-singleturn|p2b: Pelipper|Wide Guard\n|move|p1a: Kangaskhan|Fake Out|p2a: Archaludon\n|-resisted|p2a: Archaludon|1\n|-damage|p2a: Archaludon|93/100\n|-ability|p2a: Archaludon|Stamina|boost\n|-boost|p2a: Archaludon|def|1\n|-resisted|p2a: Archaludon|1\n|-damage|p2a: Archaludon|92/100\n|-ability|p2a: Archaludon|Stamina|boost\n|-boost|p2a: Archaludon|def|1\n|-hitcount|p2a: Archaludon|2\n|cant|p2a: Archaludon|flinch\n|move|p1b: Primarina|Moonblast|p2b: Pelipper\n|-damage|p2b: Pelipper|0 fnt\n|faint|p2b: Pelipper\n|\n|-weather|none\n|-heal|p2a: Archaludon|98/100|[from] item: Leftovers\n|-sideend|p2: bob0976|move: Tailwind\n|upkeep\n|turn|6\n|inactive|RandomGuyInSchool has 30 seconds left.\n|\n|t:|1776421392\n|move|p1a: Kangaskhan|Double-Edge|p2a: Archaludon\n|-resisted|p2a: Archaludon|1\n|-damage|p2a: Archaludon|88/100\n|-ability|p2a: Archaludon|Stamina|boost\n|-boost|p2a: Archaludon|def|1\n|-resisted|p2a: Archaludon|1\n|-damage|p2a: Archaludon|87/100\n|-ability|p2a: Archaludon|Stamina|boost\n|-boost|p2a: Archaludon|def|1\n|-hitcount|p2a: Archaludon|2\n|-damage|p1a: Kangaskhan|97/100|[from] Recoil\n|move|p2a: Archaludon|Flash Cannon|p1a: Kangaskhan\n|-damage|p1a: Kangaskhan|62/100\n|move|p1b: Primarina|Moonblast|p2a: Archaludon\n|-damage|p2a: Archaludon|13/100\n|-ability|p2a: Archaludon|Stamina|boost\n|-boost|p2a: Archaludon|def|1\n|\n|-heal|p2a: Archaludon|19/100|[from] item: Leftovers\n|upkeep\n|turn|7\n|c|\u2606RandomGuyInSchool|ggwp\n|-message|bob0976 forfeited.\n|\n|win|RandomGuyInSchool\n|raw|RandomGuyInSchool's rating: 1067 &rarr; <strong>1101</strong><br />(+34 for winning)\n|raw|bob0976's rating: 1114 &rarr; <strong>1086</strong><br />(-28 for losing)\n|l|\u2606bob0976\n|player|p2|\n",
  "uploadtime": 1776421414,
  "views": 25,
  "formatid": "gen9championsvgc2026regma",
  "rating": 1086,
  "private": 0,
  "password": null
}