{
  "id": "gen9championsvgc2026regma-2581998620",
  "format": "[Gen 9 Champions] VGC 2026 Reg M-A",
  "players": [
    "MaxiSilv",
    "saya315"
  ],
  "log": "|j|\u2606MaxiSilv\n|j|\u2606saya315\n|t:|1776046952\n|gametype|doubles\n|player|p1|MaxiSilv|102|1173\n|player|p2|saya315|veteranf|1101\n|gen|9\n|tier|[Gen 9 Champions] VGC 2026 Reg M-A\n|rated|\n|rule|Species Clause: Limit one of each Pok\u00e9mon\n|rule|Item Clause: Limit 1 of each item\n|clearpoke\n|poke|p1|Tyranitar, L50, M|\n|poke|p1|Excadrill, L50, F|\n|poke|p1|Delphox, L50, M|\n|poke|p1|Milotic, L50, F|\n|poke|p1|Sinistcha, L50|\n|poke|p1|Sylveon, L50, M|\n|poke|p2|Froslass, L50, F|\n|poke|p2|Basculegion, L50, M|\n|poke|p2|Rotom-Frost, L50|\n|poke|p2|Incineroar, L50, M|\n|poke|p2|Aerodactyl, L50, M|\n|poke|p2|Garchomp, L50, F|\n|teampreview|4\n|inactive|Battle timer is ON: inactive players will automatically lose when time's up. (requested by saya315)\nMaxiSilv has agreed to open team sheets.\n|inactive|MaxiSilv has 60 seconds left.\n|inactive|saya315 has 60 seconds left.\n|\n|t:|1776047000\n|teamsize|p1|4\n|teamsize|p2|4\n|start\n|switch|p1a: Delphox|Delphox, L50, M|100/100\n|switch|p1b: Milotic|Milotic, L50, F|100/100\n|switch|p2a: Basculegion|Basculegion, L50, M|100/100\n|switch|p2b: Garchomp|Garchomp, L50, F|100/100\n|turn|1\n|\n|t:|1776047015\n|switch|p1a: Sylveon|Sylveon, L50, M|100/100\n|move|p2b: Garchomp|Protect|p2b: Garchomp\n|-singleturn|p2b: Garchomp|Protect\n|move|p2a: Basculegion|Flip Turn|p1a: Sylveon\n|-damage|p1a: Sylveon|64/100\n|\n|t:|1776047022\n|switch|p2a: Rotom|Rotom-Frost, L50|100/100|[from] Flip Turn\n|move|p1b: Milotic|Icy Wind|p2b: Garchomp|[spread] p2a\n|-activate|p2b: Garchomp|move: Protect\n|-resisted|p2a: Rotom|1\n|-damage|p2a: Rotom|95/100\n|-unboost|p2a: Rotom|spe|1\n|\n|upkeep\n|turn|2\n|inactive|MaxiSilv has 30 seconds left.\n|\n|t:|1776047056\n|switch|p1b: Sinistcha|Sinistcha, L50|100/100\n|-heal|p1a: Sylveon|89/100|[from] ability: Hospitality|[of] p1b: Sinistcha\n|move|p2b: Garchomp|Earthquake|p1b: Sinistcha|[spread] p1a,p1b\n|-immune|p2a: Rotom|[from] ability: Levitate\n|-resisted|p1b: Sinistcha|1\n|-damage|p1a: Sylveon|48/100\n|-damage|p1b: Sinistcha|85/100\n|move|p1a: Sylveon|Moonblast|p2b: Garchomp\n|-supereffective|p2b: Garchomp|1\n|-damage|p2b: Garchomp|0 fnt\n|faint|p2b: Garchomp\n|move|p2a: Rotom|Thunderbolt|p1b: Sinistcha\n|-resisted|p1b: Sinistcha|1\n|-damage|p1b: Sinistcha|62/100\n|\n|upkeep\n|\n|t:|1776047074\n|switch|p2b: Froslass|Froslass, L50, F|100/100\n|turn|3\n|inactive|MaxiSilv has 30 seconds left.\n|inactive|saya315 has 30 seconds left.\n|inactive|MaxiSilv has 20 seconds left.\n|inactive|MaxiSilv has 15 seconds left.\n|inactive|saya315 has 20 seconds left.\n|inactive|MaxiSilv has 10 seconds left.\n|\n|t:|1776047123\n|switch|p1a: Delphox|Delphox, L50, M|100/100\n|move|p2b: Froslass|Shadow Ball|p1a: Delphox\n|-supereffective|p1a: Delphox|1\n|-damage|p1a: Delphox|39/100\n|move|p1b: Sinistcha|Matcha Gotcha|p2a: Rotom|[spread] p2a,p2b\n|-damage|p2a: Rotom|66/100\n|-heal|p1b: Sinistcha|75/100|[from] drain|[of] p2a: Rotom\n|-damage|p2b: Froslass|61/100\n|-heal|p1b: Sinistcha|91/100|[from] drain|[of] p2b: Froslass\n|move|p2a: Rotom|Will-O-Wisp|p1b: Sinistcha\n|-status|p1b: Sinistcha|brn\n|\n|-damage|p1b: Sinistcha|85/100 brn|[from] brn\n|upkeep\n|turn|4\n|inactive|MaxiSilv has 30 seconds left.\n|inactive|saya315 has 30 seconds left.\n|\n|t:|1776047150\n|detailschange|p2b: Froslass|Froslass-Mega, L50, F\n|-mega|p2b: Froslass|Froslass|Froslassite\n|-weather|Snowscape|[from] ability: Snow Warning|[of] p2b: Froslass\n|detailschange|p1a: Delphox|Delphox-Mega, L50, M\n|-mega|p1a: Delphox|Delphox|Delphoxite\n|move|p1b: Sinistcha|Rage Powder|p1b: Sinistcha\n|-singleturn|p1b: Sinistcha|move: Rage Powder\n|move|p2b: Froslass|Blizzard|p1b: Sinistcha|[spread] p1a,p1b\n|-resisted|p1a: Delphox|1\n|-supereffective|p1b: Sinistcha|1\n|-damage|p1a: Delphox|18/100\n|-damage|p1b: Sinistcha|0 fnt\n|-status|p1a: Delphox|frz\n|faint|p1b: Sinistcha\n|-curestatus|p1a: Delphox|frz|[msg]\n|move|p1a: Delphox|Heat Wave|p2a: Rotom|[spread] p2a,p2b\n|-supereffective|p2a: Rotom|1\n|-supereffective|p2b: Froslass|1\n|-damage|p2a: Rotom|0 fnt\n|-damage|p2b: Froslass|0 fnt\n|faint|p2a: Rotom\n|faint|p2b: Froslass\n|\n|-weather|Snowscape|[upkeep]\n|upkeep\n|inactive|MaxiSilv has 30 seconds left.\n|\n|t:|1776047185\n|switch|p2a: Basculegion|Basculegion, L50, M|100/100\n|switch|p1b: Milotic|Milotic, L50, F|100/100\n|turn|5\n|\n|t:|1776047197\n|move|p1a: Delphox|Protect|p1a: Delphox\n|-singleturn|p1a: Delphox|Protect\n|move|p2a: Basculegion|Last Respects|p1b: Milotic\n|-damage|p1b: Milotic|0 fnt\n|faint|p1b: Milotic\n|\n|-weather|Snowscape|[upkeep]\n|upkeep\n|\n|t:|1776047204\n|switch|p1b: Sylveon|Sylveon, L50, M|48/100\n|turn|6\n|inactive|MaxiSilv has 30 seconds left.\n|\n|t:|1776047232\n|move|p2a: Basculegion|Last Respects|p1a: Delphox\n|-supereffective|p1a: Delphox|1\n|-damage|p1a: Delphox|0 fnt\n|faint|p1a: Delphox\n|move|p1b: Sylveon|Moonblast|p2a: Basculegion\n|-damage|p2a: Basculegion|45/100\n|-unboost|p2a: Basculegion|spa|1\n|\n|-weather|Snowscape|[upkeep]\n|upkeep\n|turn|7\n|\n|t:|1776047244\n|move|p1b: Sylveon|Detect|p1b: Sylveon\n|-singleturn|p1b: Sylveon|Protect\n|move|p2a: Basculegion|Last Respects|p1b: Sylveon\n|-activate|p1b: Sylveon|move: Protect\n|\n|-weather|Snowscape|[upkeep]\n|upkeep\n|turn|8\n|\n|t:|1776047266\n|move|p2a: Basculegion|Last Respects|p1b: Sylveon\n|-damage|p1b: Sylveon|0 fnt\n|faint|p1b: Sylveon\n|\n|win|saya315\n|raw|MaxiSilv's rating: 1173 &rarr; <strong>1143</strong><br />(-30 for losing)\n|raw|saya315's rating: 1101 &rarr; <strong>1131</strong><br />(+30 for winning)\n",
  "uploadtime": 1776047273,
  "views": 55,
  "formatid": "gen9championsvgc2026regma",
  "rating": 1131,
  "private": 0,
  "password": null
}