{
  "id": "gen9championsvgc2026regma-2581527807",
  "format": "[Gen 9 Champions] VGC 2026 Reg M-A",
  "players": [
    "RazzvyBerry",
    "AdriFD"
  ],
  "log": "|j|\u2606RazzvyBerry\n|j|\u2606AdriFD\n|t:|1776008389\n|gametype|doubles\n|player|p1|RazzvyBerry|harlequin|1215\n|player|p2|AdriFD|1|1116\n|gen|9\n|tier|[Gen 9 Champions] VGC 2026 Reg M-A\n|rated|\n|rule|Species Clause: Limit one of each Pok\u00e9mon\n|rule|Item Clause: Limit 1 of each item\n|clearpoke\n|poke|p1|Azumarill, L50, F|\n|poke|p1|Froslass, L50, F|\n|poke|p1|Sinistcha, L50|\n|poke|p1|Incineroar, L50, M|\n|poke|p1|Sneasler, L50, M|\n|poke|p1|Aerodactyl, L50, M|\n|poke|p2|Venusaur, L50, F|\n|poke|p2|Arcanine, L50, F|\n|poke|p2|Rotom-Wash, L50|\n|poke|p2|Corviknight, L50, F|\n|poke|p2|Garchomp, L50, F|\n|poke|p2|Sneasler, L50, F|\n|teampreview|4\n|inactive|Battle timer is ON: inactive players will automatically lose when time's up. (requested by AdriFD)\n|\n|t:|1776008451\n|teamsize|p1|4\n|teamsize|p2|4\n|start\n|switch|p1a: Froslass|Froslass, L50, F|100/100\n|switch|p1b: Sneasler|Sneasler, L50, M|100/100\n|switch|p2a: Corviknight|Corviknight, L50, F|100/100\n|switch|p2b: Rotom|Rotom-Wash, L50|100/100\n|turn|1\n|inactive|RazzvyBerry has 30 seconds left.\n|\n|t:|1776008484\n|detailschange|p1a: Froslass|Froslass-Mega, L50, F\n|-mega|p1a: Froslass|Froslass|Froslassite\n|-weather|Snowscape|[from] ability: Snow Warning|[of] p1a: Froslass\n|move|p1b: Sneasler|Fake Out|p2a: Corviknight\n|-resisted|p2a: Corviknight|1\n|-damage|p2a: Corviknight|94/100\n|move|p2b: Rotom|Thunderbolt|p1a: Froslass\n|-damage|p1a: Froslass|49/100\n|move|p1a: Froslass|Blizzard|p2a: Corviknight|[spread] p2a,p2b\n|-crit|p2a: Corviknight\n|-resisted|p2b: Rotom|1\n|-damage|p2a: Corviknight|39/100\n|-damage|p2b: Rotom|71/100\n|-status|p2b: Rotom|frz\n|cant|p2a: Corviknight|flinch\n|\n|-weather|Snowscape|[upkeep]\n|-heal|p2a: Corviknight|44/100|[from] item: Leftovers\n|upkeep\n|turn|2\n|c|\u2606AdriFD|CRITICAL AND FROZEN\n|c|\u2606AdriFD|AS\u00d1JKbaskjlbcsdkljbfaslkfjbasfkljb\n|c|\u2606AdriFD|U R THE GOAT\n|inactive|RazzvyBerry has 30 seconds left.\n|inactive|AdriFD has 30 seconds left.\n|c|\u2606RazzvyBerry|My condolences\n|c|\u2606RazzvyBerry|If I still lose I'm kms\n|inactive|RazzvyBerry has 20 seconds left.\n|inactive|AdriFD has 20 seconds left.\n|inactive|RazzvyBerry has 15 seconds left.\n|inactive|RazzvyBerry has 10 seconds left.\n|inactive|RazzvyBerry has 5 seconds left.\n|\n|t:|1776008534\n|move|p2a: Corviknight|Protect|p2a: Corviknight\n|-singleturn|p2a: Corviknight|Protect\n|cant|p2b: Rotom|frz\n|move|p1b: Sneasler|Close Combat|p2a: Corviknight\n|-activate|p2a: Corviknight|move: Protect\n|move|p1a: Froslass|Shadow Ball|p2b: Rotom\n|-damage|p2b: Rotom|8/100 frz\n|-unboost|p2b: Rotom|spd|1\n|\n|-weather|Snowscape|[upkeep]\n|-heal|p2a: Corviknight|50/100|[from] item: Leftovers\n|upkeep\n|turn|3\n|inactive|AdriFD has 30 seconds left.\n|\n|t:|1776008562\n|cant|p2b: Rotom|frz\n|move|p1b: Sneasler|Close Combat|p2a: Corviknight\n|-damage|p2a: Corviknight|0 fnt\n|-unboost|p1b: Sneasler|def|1\n|-unboost|p1b: Sneasler|spd|1\n|faint|p2a: Corviknight\n|-enditem|p1b: Sneasler|White Herb\n|-clearnegativeboost|p1b: Sneasler|[silent]\n|move|p1a: Froslass|Blizzard|p2b: Rotom\n|-resisted|p2b: Rotom|1\n|-damage|p2b: Rotom|0 fnt\n|faint|p2b: Rotom\n|\n|-weather|Snowscape|[upkeep]\n|upkeep\n|\n|t:|1776008575\n|switch|p2b: Arcanine|Arcanine, L50, F|100/100\n|switch|p2a: Sneasler|Sneasler, L50, F|100/100\n|-ability|p2b: Arcanine|Intimidate|boost\n|-unboost|p1a: Froslass|atk|1\n|-unboost|p1b: Sneasler|atk|1\n|turn|4\n|\n|t:|1776008589\n|move|p1b: Sneasler|Protect|p1b: Sneasler\n|-singleturn|p1b: Sneasler|Protect\n|move|p2a: Sneasler|Fake Out|p1b: Sneasler\n|-activate|p1b: Sneasler|move: Protect\n|move|p1a: Froslass|Aurora Veil|p1a: Froslass\n|-sidestart|p1: RazzvyBerry|move: Aurora Veil\n|move|p2b: Arcanine|Flare Blitz|p1a: Froslass\n|-supereffective|p1a: Froslass|1\n|-damage|p1a: Froslass|0 fnt\n|faint|p1a: Froslass\n|-damage|p2b: Arcanine|89/100|[from] Recoil\n|\n|-weather|Snowscape|[upkeep]\n|upkeep\n|\n|t:|1776008600\n|switch|p1a: Aerodactyl|Aerodactyl, L50, M|100/100\n|-ability|p1a: Aerodactyl|Unnerve\n|turn|5\n|\n|t:|1776008622\n|move|p2b: Arcanine|Protect|p2b: Arcanine\n|-singleturn|p2b: Arcanine|Protect\n|move|p1b: Sneasler|Close Combat|p2b: Arcanine\n|-activate|p2b: Arcanine|move: Protect\n|move|p1a: Aerodactyl|Dual Wingbeat|p2a: Sneasler\n|-supereffective|p2a: Sneasler|1\n|-damage|p2a: Sneasler|43/100\n|-supereffective|p2a: Sneasler|1\n|-damage|p2a: Sneasler|0 fnt\n|faint|p2a: Sneasler\n|-hitcount|p2: Sneasler|2\n|\n|-weather|none\n|upkeep\n|turn|6\n|-message|AdriFD forfeited.\n|\n|win|RazzvyBerry\n|raw|RazzvyBerry's rating: 1215 &rarr; <strong>1233</strong><br />(+18 for winning)\n|raw|AdriFD's rating: 1116 &rarr; <strong>1098</strong><br />(-18 for losing)\n|l|\u2606AdriFD\n|player|p2|\n|c|\u2606RazzvyBerry|Sorry for the freeze\n",
  "uploadtime": 1776008648,
  "views": 15,
  "formatid": "gen9championsvgc2026regma",
  "rating": 1098,
  "private": 0,
  "password": null
}