{
  "id": "gen9championsvgc2026regma-2588396757",
  "format": "[Gen 9 Champions] VGC 2026 Reg M-A",
  "players": [
    "mathemaddox",
    "autiorez"
  ],
  "log": "|j|\u2606mathemaddox\n|j|\u2606autiorez\n|t:|1776630042\n|gametype|doubles\n|player|p1|mathemaddox|169|1228\n|player|p2|autiorez|youngn|1188\n|gen|9\n|tier|[Gen 9 Champions] VGC 2026 Reg M-A\n|rated|\n|rule|Species Clause: Limit one of each Pok\u00e9mon\n|rule|Item Clause: Limit 1 of each item\n|clearpoke\n|poke|p1|Charizard, L50, M|\n|poke|p1|Venusaur, L50, M|\n|poke|p1|Garchomp, L50, F|\n|poke|p1|Rotom-Wash, L50|\n|poke|p1|Sneasler, L50, F|\n|poke|p1|Incineroar, L50, F|\n|poke|p2|Sneasler, L50, M|\n|poke|p2|Aerodactyl, L50, F|\n|poke|p2|Floette-Eternal, L50, F|\n|poke|p2|Weavile, L50, M|\n|poke|p2|Greninja, L50, M|\n|poke|p2|Zoroark-Hisui, L50, M, shiny|\n|teampreview|4\n|inactive|Battle timer is ON: inactive players will automatically lose when time's up. (requested by autiorez)\n|inactive|mathemaddox has 60 seconds left.\n|\n|t:|1776630081\n|teamsize|p1|4\n|teamsize|p2|4\n|start\n|switch|p1a: Rotom|Rotom-Wash, L50|100/100\n|switch|p1b: Incineroar|Incineroar, L50, F|100/100\n|switch|p2a: Greninja|Greninja, L50, M|100/100\n|switch|p2b: Weavile|Weavile, L50, M|100/100\n|-ability|p1b: Incineroar|Intimidate|boost\n|-unboost|p2a: Greninja|atk|1\n|-unboost|p2b: Weavile|atk|1\n|turn|1\n|\n|t:|1776630105\n|move|p2b: Weavile|Fake Out|p1a: Rotom\n|-damage|p1a: Rotom|92/100\n|move|p1b: Incineroar|Fake Out|p2a: Greninja\n|-damage|p2a: Greninja|75/100\n|cant|p2a: Greninja|flinch\n|cant|p1a: Rotom|flinch\n|\n|-heal|p1a: Rotom|98/100|[from] item: Leftovers\n|upkeep\n|turn|2\n|\n|t:|1776630125\n|move|p2a: Greninja|Dark Pulse|p1a: Rotom\n|-damage|p1a: Rotom|60/100\n|move|p2b: Weavile|Knock Off|p1a: Rotom\n|-damage|p1a: Rotom|25/100\n|-enditem|p1a: Rotom|Leftovers|[from] move: Knock Off|[of] p2b: Weavile\n|move|p1a: Rotom|Will-O-Wisp|p2a: Greninja\n|-status|p2a: Greninja|brn\n|move|p1b: Incineroar|Flare Blitz|p2b: Weavile\n|-supereffective|p2b: Weavile|1\n|-enditem|p2b: Weavile|Focus Sash\n|-damage|p2b: Weavile|1/100\n|-damage|p1b: Incineroar|77/100|[from] Recoil\n|-enditem|p1b: Incineroar|Sitrus Berry|[silent]|[from] ability: Pickpocket|[of] p1b: Incineroar\n|-item|p2b: Weavile|Sitrus Berry|[from] ability: Pickpocket|[of] p1b: Incineroar\n|-enditem|p2b: Weavile|Sitrus Berry|[eat]\n|-heal|p2b: Weavile|26/100|[from] item: Sitrus Berry\n|\n|-damage|p2a: Greninja|69/100 brn|[from] brn\n|upkeep\n|turn|3\n|inactive|mathemaddox has 30 seconds left.\n|inactive|autiorez has 30 seconds left.\n|c|\u2606autiorez|burning the special attacker over the physical\n|inactive|mathemaddox has 20 seconds left.\n|inactive|autiorez has 20 seconds left.\n|inactive|mathemaddox has 15 seconds left.\n|\n|t:|1776630168\n|move|p2b: Weavile|Protect|p2b: Weavile\n|-singleturn|p2b: Weavile|Protect\n|move|p1a: Rotom|Protect|p1a: Rotom\n|-singleturn|p1a: Rotom|Protect\n|move|p2a: Greninja|Water Shuriken|p1b: Incineroar\n|-supereffective|p1b: Incineroar|1\n|-damage|p1b: Incineroar|61/100\n|-supereffective|p1b: Incineroar|1\n|-damage|p1b: Incineroar|42/100\n|-supereffective|p1b: Incineroar|1\n|-damage|p1b: Incineroar|24/100\n|-hitcount|p1b: Incineroar|3\n|move|p1b: Incineroar|Darkest Lariat|p2b: Weavile\n|-activate|p2b: Weavile|move: Protect\n|\n|-damage|p2a: Greninja|62/100 brn|[from] brn\n|upkeep\n|turn|4\n|\n|t:|1776630187\n|move|p2a: Greninja|Water Shuriken|p1b: Incineroar\n|-supereffective|p1b: Incineroar|1\n|-damage|p1b: Incineroar|6/100\n|-supereffective|p1b: Incineroar|1\n|-damage|p1b: Incineroar|0 fnt\n|faint|p1b: Incineroar\n|-hitcount|p1: Incineroar|2\n|move|p2b: Weavile|Knock Off|p1a: Rotom\n|-damage|p1a: Rotom|2/100\n|move|p1a: Rotom|Thunderbolt|p2a: Greninja\n|-supereffective|p2a: Greninja|1\n|-damage|p2a: Greninja|0 fnt\n|faint|p2a: Greninja\n|\n|upkeep\n|\n|t:|1776630199\n|switch|p2a: Aerodactyl|Aerodactyl, L50, F|100/100\n|switch|p1b: Charizard|Charizard, L50, M|100/100\n|turn|5\n|\n|t:|1776630214\n|detailschange|p1b: Charizard|Charizard-Mega-Y, L50, M\n|-mega|p1b: Charizard|Charizard|Charizardite Y\n|-weather|SunnyDay|[from] ability: Drought|[of] p1b: Charizard\n|move|p1b: Charizard|Protect|p1b: Charizard\n|-singleturn|p1b: Charizard|Protect\n|move|p2a: Aerodactyl|Tailwind|p2a: Aerodactyl\n|-sidestart|p2: autiorez|move: Tailwind\n|move|p2b: Weavile|Triple Axel|p1a: Rotom\n|-resisted|p1a: Rotom|1\n|-damage|p1a: Rotom|0 fnt\n|faint|p1a: Rotom\n|-hitcount|p1: Rotom|1\n|\n|-weather|SunnyDay|[upkeep]\n|upkeep\n|\n|t:|1776630226\n|switch|p1a: Venusaur|Venusaur, L50, M|100/100\n|turn|6\n|\n|t:|1776630236\n|move|p2b: Weavile|Protect|p2b: Weavile\n|-singleturn|p2b: Weavile|Protect\n|move|p2a: Aerodactyl|Rock Slide|p1a: Venusaur|[spread] p1a\n|-miss|p2a: Aerodactyl|p1b: Charizard\n|-damage|p1a: Venusaur|63/100\n|cant|p1a: Venusaur|flinch\n|move|p1b: Charizard|Heat Wave|p2b: Weavile|[spread] p2a\n|-activate|p2b: Weavile|move: Protect\n|-resisted|p2a: Aerodactyl|1\n|-crit|p2a: Aerodactyl\n|-damage|p2a: Aerodactyl|27/100\n|\n|-weather|SunnyDay|[upkeep]\n|-heal|p2a: Aerodactyl|33/100|[from] item: Leftovers\n|upkeep\n|turn|7\n|\n|t:|1776630258\n|move|p2a: Aerodactyl|Dual Wingbeat|p1a: Venusaur\n|-supereffective|p1a: Venusaur|1\n|-damage|p1a: Venusaur|16/100\n|-supereffective|p1a: Venusaur|1\n|-damage|p1a: Venusaur|0 fnt\n|faint|p1a: Venusaur\n|-hitcount|p1: Venusaur|2\n|move|p2b: Weavile|Triple Axel|p1b: Charizard\n|-damage|p1b: Charizard|89/100\n|-hitcount|p1b: Charizard|1\n|move|p1b: Charizard|Heat Wave|p2b: Weavile|[spread] p2b\n|-miss|p1b: Charizard|p2a: Aerodactyl\n|-supereffective|p2b: Weavile|1\n|-damage|p2b: Weavile|0 fnt\n|faint|p2b: Weavile\n|\n|-weather|SunnyDay|[upkeep]\n|-heal|p2a: Aerodactyl|39/100|[from] item: Leftovers\n|upkeep\n|\n|t:|1776630260\n|switch|p2b: Floette|Floette-Eternal, L50, F|100/100\n|turn|8\n|-message|mathemaddox forfeited.\n|\n|win|autiorez\n|raw|mathemaddox's rating: 1228 &rarr; <strong>1200</strong><br />(-28 for losing)\n|raw|autiorez's rating: 1188 &rarr; <strong>1216</strong><br />(+28 for winning)\n|l|\u2606mathemaddox\n|player|p1|\n",
  "uploadtime": 1776630279,
  "views": 12,
  "formatid": "gen9championsvgc2026regma",
  "rating": 1200,
  "private": 0,
  "password": null
}