{
  "id": "gen9championsvgc2026regma-2583097164",
  "format": "[Gen 9 Champions] VGC 2026 Reg M-A",
  "players": [
    "Maaaaple",
    "xXHPXx3"
  ],
  "log": "|j|\u2606Maaaaple\n|j|\u2606xXHPXx3\n|t:|1776141636\n|gametype|doubles\n|player|p1|Maaaaple|265|1000\n|player|p2|xXHPXx3|265|1067\n|gen|9\n|tier|[Gen 9 Champions] VGC 2026 Reg M-A\n|rated|\n|rule|Species Clause: Limit one of each Pok\u00e9mon\n|rule|Item Clause: Limit 1 of each item\n|clearpoke\n|poke|p1|Gengar, L50, M|\n|poke|p1|Kingambit, L50, F|\n|poke|p1|Sinistcha, L50|\n|poke|p1|Incineroar, L50, F|\n|poke|p1|Kommo-o, L50, M|\n|poke|p1|Tyranitar, L50, F|\n|poke|p2|Meowstic, L50, M|\n|poke|p2|Camerupt, L50, M|\n|poke|p2|Farigiraf, L50, F|\n|poke|p2|Oranguru, L50, M|\n|poke|p2|Tyranitar, L50, M|\n|poke|p2|Torkoal, L50, M|\n|teampreview|4\n|\n|t:|1776141682\n|teamsize|p1|4\n|teamsize|p2|4\n|start\n|switch|p1a: Incineroar|Incineroar, L50, F|100/100\n|switch|p1b: Tyranitar|Tyranitar, L50, F|100/100\n|switch|p2a: Camerupt|Camerupt, L50, M|100/100\n|switch|p2b: Farigiraf|Farigiraf, L50, F|100/100\n|-weather|Sandstorm|[from] ability: Sand Stream|[of] p1b: Tyranitar\n|-ability|p1a: Incineroar|Intimidate|boost\n|-unboost|p2a: Camerupt|atk|1\n|-unboost|p2b: Farigiraf|atk|1\n|turn|1\n|\n|t:|1776141728\n|move|p2a: Camerupt|Protect|p2a: Camerupt\n|-singleturn|p2a: Camerupt|Protect\n|move|p1b: Tyranitar|Rock Slide|p2b: Farigiraf|[spread] p2b\n|-activate|p2a: Camerupt|move: Protect\n|-damage|p2b: Farigiraf|74/100\n|move|p1a: Incineroar|Throat Chop|p2b: Farigiraf\n|-supereffective|p2b: Farigiraf|1\n|-damage|p2b: Farigiraf|19/100\n|-start|p2b: Farigiraf|Throat Chop|[silent]\n|move|p2b: Farigiraf|Trick Room|p2b: Farigiraf\n|-fieldstart|move: Trick Room|[of] p2b: Farigiraf\n|\n|-weather|Sandstorm|[upkeep]\n|-damage|p2b: Farigiraf|12/100|[from] Sandstorm\n|-damage|p1a: Incineroar|95/100|[from] Sandstorm\n|upkeep\n|turn|2\n|\n|t:|1776141775\n|detailschange|p2a: Camerupt|Camerupt-Mega, L50, M\n|-mega|p2a: Camerupt|Camerupt|Cameruptite\n|move|p1a: Incineroar|Protect|p1a: Incineroar\n|-singleturn|p1a: Incineroar|Protect\n|move|p2a: Camerupt|Earth Power|p1b: Tyranitar\n|-supereffective|p1b: Tyranitar|1\n|-damage|p1b: Tyranitar|4/100\n|move|p2b: Farigiraf|Dazzling Gleam|p1a: Incineroar|[spread] p1b\n|-activate|p1a: Incineroar|move: Protect\n|-supereffective|p1b: Tyranitar|1\n|-damage|p1b: Tyranitar|0 fnt\n|faint|p1b: Tyranitar\n|\n|-weather|Sandstorm|[upkeep]\n|-damage|p2b: Farigiraf|6/100|[from] Sandstorm\n|-damage|p1a: Incineroar|89/100|[from] Sandstorm\n|-end|p2b: Farigiraf|Throat Chop|[silent]\n|upkeep\n|\n|t:|1776141795\n|switch|p1b: Kommo-o|Kommo-o, L50, M|100/100\n|turn|3\n|\n|t:|1776141813\n|move|p1b: Kommo-o|Protect|p1b: Kommo-o\n|-singleturn|p1b: Kommo-o|Protect\n|move|p2a: Camerupt|Earth Power|p1a: Incineroar\n|-supereffective|p1a: Incineroar|1\n|-enditem|p1a: Incineroar|Shuca Berry|[eat]\n|-enditem|p1a: Incineroar|Shuca Berry|[weaken]\n|-damage|p1a: Incineroar|31/100\n|move|p2b: Farigiraf|Dazzling Gleam|p1b: Kommo-o|[spread] p1a\n|-activate|p1b: Kommo-o|move: Protect\n|-damage|p1a: Incineroar|18/100\n|move|p1a: Incineroar|Parting Shot|p2a: Camerupt\n|-unboost|p2a: Camerupt|atk|1\n|-unboost|p2a: Camerupt|spa|1\n|\n|t:|1776141825\n|switch|p1a: Sinistcha|Sinistcha, L50|100/100|[from] Parting Shot\n|\n|-weather|Sandstorm|[upkeep]\n|-damage|p2b: Farigiraf|0 fnt|[from] Sandstorm\n|-damage|p1a: Sinistcha|94/100|[from] Sandstorm\n|-damage|p1b: Kommo-o|95/100|[from] Sandstorm\n|faint|p2b: Farigiraf\n|-heal|p1b: Kommo-o|100/100|[from] item: Leftovers\n|upkeep\n|\n|t:|1776141848\n|switch|p2b: Oranguru|Oranguru, L50, M|100/100\n|turn|4\n|\n|t:|1776141864\n|move|p1a: Sinistcha|Rage Powder|p1a: Sinistcha\n|-singleturn|p1a: Sinistcha|move: Rage Powder\n|move|p2a: Camerupt|Eruption|p1b: Kommo-o|[spread] p1a,p1b\n|-supereffective|p1a: Sinistcha|1\n|-resisted|p1b: Kommo-o|1\n|-damage|p1a: Sinistcha|12/100\n|-damage|p1b: Kommo-o|74/100\n|-enditem|p1a: Sinistcha|Sitrus Berry|[eat]\n|-heal|p1a: Sinistcha|37/100|[from] item: Sitrus Berry\n|move|p2b: Oranguru|Instruct|p1a: Sinistcha\n|-singleturn|p1a: Sinistcha|move: Instruct|[of] p2b: Oranguru\n|move|p1a: Sinistcha|Rage Powder||[still]\n|-fail|p1a: Sinistcha\n|move|p1b: Kommo-o|Clangorous Soul|p1b: Kommo-o\n|-boost|p1b: Kommo-o|atk|1\n|-boost|p1b: Kommo-o|def|1\n|-boost|p1b: Kommo-o|spa|1\n|-boost|p1b: Kommo-o|spd|1\n|-boost|p1b: Kommo-o|spe|1\n|-damage|p1b: Kommo-o|41/100\n|\n|-weather|Sandstorm|[upkeep]\n|-damage|p2b: Oranguru|94/100|[from] Sandstorm\n|-damage|p1a: Sinistcha|30/100|[from] Sandstorm\n|-damage|p1b: Kommo-o|35/100|[from] Sandstorm\n|-heal|p1b: Kommo-o|41/100|[from] item: Leftovers\n|upkeep\n|turn|5\n|\n|t:|1776141890\n|move|p1b: Kommo-o|Protect|p1b: Kommo-o\n|-singleturn|p1b: Kommo-o|Protect\n|move|p2a: Camerupt|Eruption|p1a: Sinistcha|[spread] p1a\n|-activate|p1b: Kommo-o|move: Protect\n|-supereffective|p1a: Sinistcha|1\n|-damage|p1a: Sinistcha|0 fnt\n|faint|p1a: Sinistcha\n|move|p2b: Oranguru|Instruct|p2a: Camerupt\n|-singleturn|p2a: Camerupt|move: Instruct|[of] p2b: Oranguru\n|move|p2a: Camerupt|Eruption|p1b: Kommo-o\n|-activate|p1b: Kommo-o|move: Protect\n|\n|-weather|none\n|-heal|p1b: Kommo-o|47/100|[from] item: Leftovers\n|-fieldend|move: Trick Room\n|upkeep\n|\n|t:|1776141897\n|switch|p1a: Incineroar|Incineroar, L50, F|18/100\n|-ability|p1a: Incineroar|Intimidate|boost\n|-unboost|p2a: Camerupt|atk|1\n|-unboost|p2b: Oranguru|atk|1\n|turn|6\n|\n|t:|1776141911\n|move|p2a: Camerupt|Protect|p2a: Camerupt\n|-singleturn|p2a: Camerupt|Protect\n|move|p1a: Incineroar|Fake Out|p2b: Oranguru\n|-damage|p2b: Oranguru|86/100\n|move|p1b: Kommo-o|Clanging Scales|p2b: Oranguru|[spread] p2b\n|-activate|p2a: Camerupt|move: Protect\n|-damage|p2b: Oranguru|42/100\n|-unboost|p1b: Kommo-o|def|1\n|cant|p2b: Oranguru|flinch\n|\n|-heal|p1b: Kommo-o|53/100|[from] item: Leftovers\n|upkeep\n|turn|7\n|\n|t:|1776141935\n|move|p1b: Kommo-o|Clanging Scales|p2a: Camerupt|[spread] p2a,p2b\n|-damage|p2a: Camerupt|47/100\n|-damage|p2b: Oranguru|0 fnt\n|faint|p2b: Oranguru\n|-unboost|p1b: Kommo-o|def|1\n|move|p1a: Incineroar|Throat Chop|p2a: Camerupt\n|-damage|p2a: Camerupt|15/100\n|-start|p2a: Camerupt|Throat Chop|[silent]\n|move|p2a: Camerupt|Eruption|p1b: Kommo-o|[spread] p1a,p1b\n|-resisted|p1a: Incineroar|1\n|-resisted|p1b: Kommo-o|1\n|-damage|p1a: Incineroar|16/100\n|-damage|p1b: Kommo-o|50/100\n|\n|-heal|p1b: Kommo-o|56/100|[from] item: Leftovers\n|upkeep\n|-message|xXHPXx3 forfeited.\n|\n|win|Maaaaple\n|raw|Maaaaple's rating: 1000 &rarr; <strong>1048</strong><br />(+48 for winning)\n|raw|xXHPXx3's rating: 1067 &rarr; <strong>1043</strong><br />(-24 for losing)\n|l|\u2606xXHPXx3\n|player|p2|\n",
  "uploadtime": 1776141956,
  "views": 13,
  "formatid": "gen9championsvgc2026regma",
  "rating": 1043,
  "private": 0,
  "password": null
}