{
  "id": "gen9championsvgc2026regma-2586006768",
  "format": "[Gen 9 Champions] VGC 2026 Reg M-A",
  "players": [
    "ChickenBreadedx2",
    "yakendralo55"
  ],
  "log": "|j|\u2606ChickenBreadedx2\n|j|\u2606yakendralo55\n|t:|1776389641\n|gametype|doubles\n|player|p1|ChickenBreadedx2|marshal|1157\n|player|p2|yakendralo55|brock|1176\n|gen|9\n|tier|[Gen 9 Champions] VGC 2026 Reg M-A\n|rated|\n|rule|Species Clause: Limit one of each Pok\u00e9mon\n|rule|Item Clause: Limit 1 of each item\n|clearpoke\n|poke|p1|Farigiraf, L50, M|\n|poke|p1|Cofagrigus, L50, M|\n|poke|p1|Camerupt, L50, F|\n|poke|p1|Aggron, L50, F|\n|poke|p1|Araquanid, L50, M|\n|poke|p1|Goodra-Hisui, L50, M|\n|poke|p2|Tyranitar, L50, M|\n|poke|p2|Lycanroc, L50, F|\n|poke|p2|Corviknight, L50, M|\n|poke|p2|Garchomp, L50, M|\n|poke|p2|Sinistcha, L50|\n|poke|p2|Milotic, L50, F|\n|teampreview|4\n|\n|t:|1776389671\n|teamsize|p1|4\n|teamsize|p2|4\n|start\n|switch|p1a: Cofagrigus|Cofagrigus, L50, M|100/100\n|switch|p1b: Camerupt|Camerupt, L50, F|100/100\n|switch|p2a: Tyranitar|Tyranitar, L50, M|100/100\n|switch|p2b: Lycanroc|Lycanroc, L50, F|100/100\n|-weather|Sandstorm|[from] ability: Sand Stream|[of] p2a: Tyranitar\n|turn|1\n|\n|t:|1776389690\n|switch|p1b: Farigiraf|Farigiraf, L50, M|100/100\n|move|p2b: Lycanroc|Rock Slide|p1a: Cofagrigus|[spread] p1a,p1b\n|-damage|p1a: Cofagrigus|78/100\n|-damage|p1b: Farigiraf|78/100\n|move|p2a: Tyranitar|Lash Out|p1a: Cofagrigus\n|-supereffective|p1a: Cofagrigus|1\n|-damage|p1a: Cofagrigus|19/100\n|-activate|p1a: Cofagrigus|ability: Mummy|p2a: Tyranitar|[ability] Sand Stream\n|cant|p1a: Cofagrigus|flinch\n|\n|-weather|Sandstorm|[upkeep]\n|-damage|p1b: Farigiraf|71/100|[from] Sandstorm\n|-damage|p1a: Cofagrigus|13/100|[from] Sandstorm\n|-heal|p1a: Cofagrigus|19/100|[from] item: Leftovers\n|upkeep\n|turn|2\n|\n|t:|1776389726\n|move|p1a: Cofagrigus|Protect|p1a: Cofagrigus\n|-singleturn|p1a: Cofagrigus|Protect\n|move|p2b: Lycanroc|Rock Slide|p1a: Cofagrigus|[spread] \n|-activate|p1a: Cofagrigus|move: Protect\n|-miss|p2b: Lycanroc|p1b: Farigiraf\n|move|p2a: Tyranitar|Knock Off|p1b: Farigiraf\n|-supereffective|p1b: Farigiraf|1\n|-enditem|p1b: Farigiraf|Colbur Berry|[eat]\n|-enditem|p1b: Farigiraf|Colbur Berry|[weaken]\n|-damage|p1b: Farigiraf|33/100\n|move|p1b: Farigiraf|Trick Room|p1b: Farigiraf\n|-fieldstart|move: Trick Room|[of] p1b: Farigiraf\n|\n|-weather|Sandstorm|[upkeep]\n|-damage|p1a: Cofagrigus|13/100|[from] Sandstorm\n|-damage|p1b: Farigiraf|26/100|[from] Sandstorm\n|-heal|p1a: Cofagrigus|19/100|[from] item: Leftovers\n|upkeep\n|turn|3\n|\n|t:|1776389753\n|move|p2a: Tyranitar|Protect|p2a: Tyranitar\n|-singleturn|p2a: Tyranitar|Protect\n|move|p1a: Cofagrigus|Will-O-Wisp|p2a: Tyranitar\n|-activate|p2a: Tyranitar|move: Protect\n|move|p1b: Farigiraf|Psychic|p2b: Lycanroc\n|-damage|p2b: Lycanroc|59/100\n|move|p2b: Lycanroc|Rock Slide|p1a: Cofagrigus|[spread] p1a,p1b\n|-damage|p1a: Cofagrigus|0 fnt\n|-damage|p1b: Farigiraf|2/100\n|faint|p1a: Cofagrigus\n|\n|-weather|Sandstorm|[upkeep]\n|-damage|p1b: Farigiraf|0 fnt|[from] Sandstorm\n|faint|p1b: Farigiraf\n|upkeep\n|\n|t:|1776389758\n|switch|p1a: Camerupt|Camerupt, L50, F|100/100\n|switch|p1b: Araquanid|Araquanid, L50, M|100/100\n|turn|4\n|\n|t:|1776389822\n|detailschange|p1a: Camerupt|Camerupt-Mega, L50, F\n|-mega|p1a: Camerupt|Camerupt|Cameruptite\n|detailschange|p2a: Tyranitar|Tyranitar-Mega, L50, M\n|-mega|p2a: Tyranitar|Tyranitar|Tyranitarite\n|move|p1a: Camerupt|Eruption|p2a: Tyranitar|[spread] p2a,p2b\n|-resisted|p2a: Tyranitar|1\n|-resisted|p2b: Lycanroc|1\n|-damage|p2a: Tyranitar|83/100\n|-damage|p2b: Lycanroc|24/100\n|move|p1b: Araquanid|Liquidation|p2a: Tyranitar\n|-supereffective|p2a: Tyranitar|1\n|-damage|p2a: Tyranitar|9/100\n|move|p2a: Tyranitar|Rock Slide|p1b: Araquanid|[spread] p1a,p1b\n|-supereffective|p1b: Araquanid|1\n|-damage|p1a: Camerupt|68/100\n|-damage|p1b: Araquanid|22/100\n|-enditem|p1b: Araquanid|Sitrus Berry|[eat]\n|-heal|p1b: Araquanid|46/100|[from] item: Sitrus Berry\n|move|p2b: Lycanroc|Rock Slide|p1a: Camerupt|[spread] p1a,p1b\n|-supereffective|p1b: Araquanid|1\n|-damage|p1a: Camerupt|39/100\n|-damage|p1b: Araquanid|0 fnt\n|faint|p1b: Araquanid\n|\n|-weather|Sandstorm|[upkeep]\n|upkeep\n|turn|5\n|\n|t:|1776389852\n|move|p2a: Tyranitar|Protect|p2a: Tyranitar\n|-singleturn|p2a: Tyranitar|Protect\n|move|p2b: Lycanroc|Accelerock|p1a: Camerupt\n|-damage|p1a: Camerupt|16/100\n|move|p1a: Camerupt|Heat Wave|p2a: Tyranitar|[spread] p2b\n|-activate|p2a: Tyranitar|move: Protect\n|-resisted|p2b: Lycanroc|1\n|-damage|p2b: Lycanroc|0 fnt\n|faint|p2b: Lycanroc\n|\n|-weather|none\n|upkeep\n|\n|t:|1776389867\n|switch|p2b: Milotic|Milotic, L50, F|100/100\n|turn|6\n|-message|ChickenBreadedx2 forfeited.\n|\n|win|yakendralo55\n|raw|ChickenBreadedx2's rating: 1157 &rarr; <strong>1133</strong><br />(-24 for losing)\n|raw|yakendralo55's rating: 1176 &rarr; <strong>1200</strong><br />(+24 for winning)\n|l|\u2606ChickenBreadedx2\n|player|p1|\n",
  "uploadtime": 1776389883,
  "views": 18,
  "formatid": "gen9championsvgc2026regma",
  "rating": 1133,
  "private": 0,
  "password": null
}