{
  "id": "gen9championsvgc2026regma-2589457851",
  "format": "[Gen 9 Champions] VGC 2026 Reg M-A",
  "players": [
    "Ranmados",
    "Annie4U"
  ],
  "log": "|j|\u2606Ranmados\n|j|\u2606Annie4U\n|t:|1776724703\n|gametype|doubles\n|player|p1|Ranmados|coin|1386\n|player|p2|Annie4U|miku-water|1339\n|gen|9\n|tier|[Gen 9 Champions] VGC 2026 Reg M-A\n|rated|\n|rule|Species Clause: Limit one of each Pok\u00e9mon\n|rule|Item Clause: Limit 1 of each item\n|clearpoke\n|poke|p1|Zoroark-Hisui, L50, F|\n|poke|p1|Kangaskhan, L50, F|\n|poke|p1|Charizard, L50, M|\n|poke|p1|Garchomp, L50, M|\n|poke|p1|Kingambit, L50, F|\n|poke|p1|Aerodactyl, L50, F|\n|poke|p2|Chimecho, L50, F, shiny|\n|poke|p2|Tyranitar, L50, M|\n|poke|p2|Garchomp, L50, F|\n|poke|p2|Ariados, L50, M|\n|poke|p2|Incineroar, L50, M, shiny|\n|poke|p2|Meowstic, L50, M|\n|teampreview|4\n|inactive|Battle timer is ON: inactive players will automatically lose when time's up. (requested by Annie4U)\n|c|\u2606Ranmados|chime chime!!!\n|c|\u2606Ranmados|glhf :)\n|c|\u2606Ranmados|oooh also spider\n|inactive|Ranmados has 60 seconds left.\n|inactive|Ranmados has 30 seconds left.\n|\n|t:|1776724773\n|teamsize|p1|4\n|teamsize|p2|4\n|start\n|switch|p1a: Kangaskhan|Kangaskhan, L50, F|100/100\n|switch|p1b: Aerodactyl|Aerodactyl, L50, F|100/100\n|switch|p2a: Chimecho|Chimecho, L50, F, shiny|100/100\n|switch|p2b: Ariados|Ariados, L50, M|100/100\n|-ability|p1b: Aerodactyl|Unnerve\n|turn|1\n|\n|t:|1776724786\n|move|p2a: Chimecho|Protect|p2a: Chimecho\n|-singleturn|p2a: Chimecho|Protect\n|move|p2b: Ariados|Protect|p2b: Ariados\n|-singleturn|p2b: Ariados|Protect\n|move|p1a: Kangaskhan|Fake Out|p2a: Chimecho\n|-activate|p2a: Chimecho|move: Protect\n|move|p1b: Aerodactyl|Dual Wingbeat|p2b: Ariados\n|-activate|p2b: Ariados|move: Protect\n|\n|upkeep\n|turn|2\n|\n|t:|1776724805\n|switch|p2b: Garchomp|Garchomp, L50, F|100/100\n|detailschange|p2a: Chimecho|Chimecho-Mega, L50, F, shiny\n|-mega|p2a: Chimecho|Chimecho|Chimechite\n|move|p1b: Aerodactyl|Dual Wingbeat|p2b: Garchomp\n|-damage|p2b: Garchomp|76/100\n|-damage|p2b: Garchomp|56/100\n|-hitcount|p2b: Garchomp|2\n|move|p1a: Kangaskhan|Double-Edge|p2a: Chimecho\n|-resisted|p2a: Chimecho|1\n|-crit|p2a: Chimecho\n|-damage|p2a: Chimecho|61/100\n|-damage|p1a: Kangaskhan|89/100|[from] Recoil\n|move|p2a: Chimecho|Calm Mind|p2a: Chimecho\n|-boost|p2a: Chimecho|spa|1\n|-boost|p2a: Chimecho|spd|1\n|\n|upkeep\n|turn|3\n|inactive|Ranmados has 30 seconds left.\n|\n|t:|1776724833\n|detailschange|p1a: Kangaskhan|Kangaskhan-Mega, L50, F\n|-mega|p1a: Kangaskhan|Kangaskhan|Kangaskhanite\n|move|p1a: Kangaskhan|Sucker Punch|p2a: Chimecho\n|-supereffective|p2a: Chimecho|1\n|-damage|p2a: Chimecho|10/100\n|-supereffective|p2a: Chimecho|1\n|-damage|p2a: Chimecho|0 fnt\n|faint|p2a: Chimecho\n|-hitcount|p2: Chimecho|2\n|move|p2b: Garchomp|Breaking Swipe|p1a: Kangaskhan|[spread] p1a,p1b\n|-damage|p1a: Kangaskhan|69/100\n|-damage|p1b: Aerodactyl|64/100\n|-unboost|p1a: Kangaskhan|atk|1\n|-unboost|p1b: Aerodactyl|atk|1\n|move|p1b: Aerodactyl|Tailwind|p1b: Aerodactyl\n|-sidestart|p1: Ranmados|move: Tailwind\n|\n|upkeep\n|\n|t:|1776724839\n|switch|p2a: Tyranitar|Tyranitar, L50, M|100/100\n|-weather|Sandstorm|[from] ability: Sand Stream|[of] p2a: Tyranitar\n|turn|4\n|\n|t:|1776724846\n|move|p1b: Aerodactyl|Rock Slide|p2b: Garchomp|[spread] p2a\n|-miss|p1b: Aerodactyl|p2b: Garchomp\n|-damage|p2a: Tyranitar|84/100\n|move|p2b: Garchomp|Breaking Swipe|p1b: Aerodactyl|[spread] p1a,p1b\n|-damage|p1a: Kangaskhan|48/100\n|-damage|p1b: Aerodactyl|27/100\n|-unboost|p1a: Kangaskhan|atk|1\n|-unboost|p1b: Aerodactyl|atk|1\n|move|p1a: Kangaskhan|Drain Punch|p2a: Tyranitar\n|-supereffective|p2a: Tyranitar|2\n|-damage|p2a: Tyranitar|27/100\n|-heal|p1a: Kangaskhan|72/100|[from] drain|[of] p2a: Tyranitar\n|-supereffective|p2a: Tyranitar|2\n|-damage|p2a: Tyranitar|16/100\n|-heal|p1a: Kangaskhan|76/100|[from] drain|[of] p2a: Tyranitar\n|-hitcount|p2a: Tyranitar|2\n|move|p2a: Tyranitar|Rock Slide|p1a: Kangaskhan|[spread] p1a,p1b\n|-supereffective|p1b: Aerodactyl|1\n|-damage|p1a: Kangaskhan|50/100\n|-damage|p1b: Aerodactyl|0 fnt\n|faint|p1b: Aerodactyl\n|\n|-weather|Sandstorm|[upkeep]\n|-damage|p1a: Kangaskhan|43/100|[from] Sandstorm\n|upkeep\n|\n|t:|1776724852\n|switch|p1b: Garchomp|Garchomp, L50, M|100/100\n|turn|5\n|\n|t:|1776724867\n|move|p2a: Tyranitar|Protect|p2a: Tyranitar\n|-singleturn|p2a: Tyranitar|Protect\n|move|p1b: Garchomp|Dragon Claw|p2b: Garchomp\n|-supereffective|p2b: Garchomp|1\n|-damage|p2b: Garchomp|0 fnt\n|faint|p2b: Garchomp\n|move|p1a: Kangaskhan|Drain Punch|p2a: Tyranitar\n|-activate|p2a: Tyranitar|move: Protect\n|\n|-weather|Sandstorm|[upkeep]\n|-damage|p1a: Kangaskhan|37/100|[from] Sandstorm\n|upkeep\n|-message|Annie4U forfeited.\n|\n|win|Ranmados\n|raw|Ranmados's rating: 1386 &rarr; <strong>1403</strong><br />(+17 for winning)\n|raw|Annie4U's rating: 1339 &rarr; <strong>1322</strong><br />(-17 for losing)\n|l|\u2606Annie4U\n|player|p2|\n",
  "uploadtime": 1776724877,
  "views": 5,
  "formatid": "gen9championsvgc2026regma",
  "rating": 1322,
  "private": 0,
  "password": null
}