{
  "id": "gen9championsvgc2026regma-2584695313",
  "format": "[Gen 9 Champions] VGC 2026 Reg M-A",
  "players": [
    "NEONxTOKYO",
    "Nutella123456789"
  ],
  "log": "|j|\u2606NEONxTOKYO\n|j|\u2606Nutella123456789\n|t:|1776277331\n|gametype|doubles\n|player|p1|NEONxTOKYO|101|1210\n|player|p2|Nutella123456789|1|1190\n|gen|9\n|tier|[Gen 9 Champions] VGC 2026 Reg M-A\n|rated|\n|rule|Species Clause: Limit one of each Pok\u00e9mon\n|rule|Item Clause: Limit 1 of each item\n|clearpoke\n|poke|p1|Garchomp, L50, F|\n|poke|p1|Tyranitar, L50, M|\n|poke|p1|Excadrill, L50, M|\n|poke|p1|Corviknight, L50, F|\n|poke|p1|Rotom-Wash, L50|\n|poke|p1|Archaludon, L50, F|\n|poke|p2|Drampa, L50, M|\n|poke|p2|Politoed, L50, F|\n|poke|p2|Sinistcha, L50|\n|poke|p2|Incineroar, L50, M|\n|poke|p2|Gengar, L50, F|\n|poke|p2|Sneasler, L50, M|\n|teampreview|4\nNutella123456789 has agreed to open team sheets.\n|c|\u2606Nutella123456789|glhf\n|inactive|Battle timer is ON: inactive players will automatically lose when time's up. (requested by Nutella123456789)\n|inactive|NEONxTOKYO has 60 seconds left.\n|inactive|Nutella123456789 has 60 seconds left.\n|\n|t:|1776277376\n|teamsize|p1|4\n|teamsize|p2|4\n|start\n|switch|p1a: Excadrill|Excadrill, L50, M|100/100\n|switch|p1b: Rotom|Rotom-Wash, L50|100/100\n|switch|p2a: Sneasler|Sneasler, L50, M|100/100\n|switch|p2b: Gengar|Gengar, L50, F, shiny|100/100\n|turn|1\n|\n|t:|1776277392\n|detailschange|p2b: Gengar|Gengar-Mega, L50, F, shiny\n|-mega|p2b: Gengar|Gengar|Gengarite\n|move|p1a: Excadrill|Protect|p1a: Excadrill\n|-singleturn|p1a: Excadrill|Protect\n|move|p2a: Sneasler|Fake Out|p1a: Excadrill\n|-activate|p1a: Excadrill|move: Protect\n|move|p2b: Gengar|Will-O-Wisp|p1a: Excadrill\n|-activate|p1a: Excadrill|move: Protect\n|move|p1b: Rotom|Will-O-Wisp|p2a: Sneasler\n|-status|p2a: Sneasler|brn\n|\n|-damage|p2a: Sneasler|95/100 brn|[from] brn\n|upkeep\n|turn|2\n|\n|t:|1776277416\n|move|p2b: Gengar|Protect|p2b: Gengar\n|-singleturn|p2b: Gengar|Protect\n|move|p2a: Sneasler|Close Combat|p1a: Excadrill\n|-supereffective|p1a: Excadrill|1\n|-damage|p1a: Excadrill|3/100\n|-unboost|p2a: Sneasler|def|1\n|-unboost|p2a: Sneasler|spd|1\n|move|p1a: Excadrill|High Horsepower|p2b: Gengar\n|-activate|p2b: Gengar|move: Protect\n|move|p1b: Rotom|Thunderbolt|p2b: Gengar\n|-activate|p2b: Gengar|move: Protect\n|\n|-damage|p2a: Sneasler|89/100 brn|[from] brn\n|upkeep\n|turn|3\n|inactive|Nutella123456789 has 30 seconds left.\n|inactive|NEONxTOKYO has 30 seconds left.\n|inactive|Nutella123456789 has 20 seconds left.\n|\n|t:|1776277455\n|move|p2a: Sneasler|Close Combat|p1a: Excadrill\n|-supereffective|p1a: Excadrill|1\n|-damage|p1a: Excadrill|0 fnt\n|-unboost|p2a: Sneasler|def|1\n|-unboost|p2a: Sneasler|spd|1\n|faint|p1a: Excadrill\n|move|p2b: Gengar|Sludge Bomb|p1b: Rotom\n|-damage|p1b: Rotom|39/100\n|-status|p1b: Rotom|psn\n|-enditem|p1b: Rotom|Sitrus Berry|[eat]\n|-heal|p1b: Rotom|64/100 psn|[from] item: Sitrus Berry\n|move|p1b: Rotom|Thunderbolt|p2a: Sneasler\n|-damage|p2a: Sneasler|0 fnt\n|faint|p2a: Sneasler\n|\n|-damage|p1b: Rotom|51/100 psn|[from] psn\n|upkeep\n|\n|t:|1776277471\n|switch|p2a: Incineroar|Incineroar, L50, M, shiny|100/100\n|switch|p1a: Tyranitar|Tyranitar, L50, M|100/100\n|-weather|Sandstorm|[from] ability: Sand Stream|[of] p1a: Tyranitar\n|-ability|p2a: Incineroar|Intimidate|boost\n|-unboost|p1a: Tyranitar|atk|1\n|-unboost|p1b: Rotom|atk|1\n|turn|4\n|\n|t:|1776277488\n|detailschange|p1a: Tyranitar|Tyranitar-Mega, L50, M\n|-mega|p1a: Tyranitar|Tyranitar|Tyranitarite\n|move|p1a: Tyranitar|Protect|p1a: Tyranitar\n|-singleturn|p1a: Tyranitar|Protect\n|move|p2a: Incineroar|Fake Out|p1a: Tyranitar\n|-activate|p1a: Tyranitar|move: Protect\n|move|p2b: Gengar|Sludge Bomb|p1b: Rotom\n|-damage|p1b: Rotom|0 fnt\n|faint|p1b: Rotom\n|\n|-weather|Sandstorm|[upkeep]\n|-damage|p2b: Gengar|95/100|[from] Sandstorm\n|-damage|p2a: Incineroar|95/100|[from] Sandstorm\n|upkeep\n|\n|t:|1776277499\n|switch|p1b: Archaludon|Archaludon, L50, F|100/100\n|turn|5\n|\n|t:|1776277517\n|move|p2b: Gengar|Protect|p2b: Gengar\n|-singleturn|p2b: Gengar|Protect\n|move|p1b: Archaludon|Thunderbolt|p2a: Incineroar\n|-damage|p2a: Incineroar|66/100\n|move|p1a: Tyranitar|Crunch|p2b: Gengar\n|-activate|p2b: Gengar|move: Protect\n|move|p2a: Incineroar|Parting Shot|p1a: Tyranitar\n|-unboost|p1a: Tyranitar|atk|1\n|-unboost|p1a: Tyranitar|spa|1\n|\n|t:|1776277523\n|switch|p2a: Politoed|Politoed, L50, F|100/100|[from] Parting Shot\n|-weather|RainDance|[from] ability: Drizzle|[of] p2a: Politoed\n|\n|-weather|RainDance|[upkeep]\n|upkeep\n|turn|6\n|\n|t:|1776277534\n|switch|p2b: Incineroar|Incineroar, L50, M, shiny|66/100\n|-ability|p2b: Incineroar|Intimidate|boost\n|-unboost|p1a: Tyranitar|atk|1\n|-unboost|p1b: Archaludon|atk|1\n|move|p1b: Archaludon|Thunderbolt|p2a: Politoed\n|-supereffective|p2a: Politoed|1\n|-enditem|p2a: Politoed|Wacan Berry|[eat]\n|-enditem|p2a: Politoed|Wacan Berry|[weaken]\n|-damage|p2a: Politoed|71/100\n|move|p1a: Tyranitar|Crunch|p2b: Incineroar\n|-resisted|p2b: Incineroar|1\n|-damage|p2b: Incineroar|57/100\n|move|p2a: Politoed|Perish Song|p2a: Politoed\n|-start|p1a: Tyranitar|perish3|[silent]\n|-start|p1b: Archaludon|perish3|[silent]\n|-start|p2a: Politoed|perish3|[silent]\n|-start|p2b: Incineroar|perish3|[silent]\n|-fieldactivate|move: Perish Song\n|\n|-weather|RainDance|[upkeep]\n|-start|p1b: Archaludon|perish3\n|-start|p1a: Tyranitar|perish3\n|-start|p2a: Politoed|perish3\n|-start|p2b: Incineroar|perish3\n|upkeep\n|turn|7\n|\n|t:|1776277559\n|move|p2b: Incineroar|Fake Out|p1b: Archaludon\n|-resisted|p1b: Archaludon|1\n|-damage|p1b: Archaludon|96/100\n|-ability|p1b: Archaludon|Stamina|boost\n|-boost|p1b: Archaludon|def|1\n|cant|p1b: Archaludon|flinch\n|move|p1a: Tyranitar|Rock Slide|p2b: Incineroar|[spread] p2a,p2b\n|-supereffective|p2b: Incineroar|1\n|-damage|p2a: Politoed|57/100\n|-damage|p2b: Incineroar|30/100\n|move|p2a: Politoed|Weather Ball|p1a: Tyranitar\n|-supereffective|p1a: Tyranitar|1\n|-damage|p1a: Tyranitar|13/100\n|\n|-weather|RainDance|[upkeep]\n|-start|p1b: Archaludon|perish2\n|-start|p1a: Tyranitar|perish2\n|-start|p2a: Politoed|perish2\n|-start|p2b: Incineroar|perish2\n|upkeep\n|turn|8\n|inactive|Nutella123456789 has 30 seconds left.\n|\n|t:|1776277590\n|switch|p2b: Gengar|Gengar-Mega, L50, F, shiny|95/100\n|move|p2a: Politoed|Protect|p2a: Politoed\n|-singleturn|p2a: Politoed|Protect\n|move|p1b: Archaludon|Thunderbolt|p2a: Politoed\n|-activate|p2a: Politoed|move: Protect\n|move|p1a: Tyranitar|Rock Slide|p2a: Politoed|[spread] \n|-activate|p2a: Politoed|move: Protect\n|-miss|p1a: Tyranitar|p2b: Gengar\n|\n|-weather|RainDance|[upkeep]\n|-start|p1b: Archaludon|perish1\n|-start|p1a: Tyranitar|perish1\n|-start|p2a: Politoed|perish1\n|upkeep\n|turn|9\n|c|\u2606Nutella123456789|ggs\n|inactive|NEONxTOKYO has 30 seconds left.\n|\n|t:|1776277617\n|switch|p2a: Incineroar|Incineroar, L50, M, shiny|30/100\n|-ability|p2a: Incineroar|Intimidate|boost\n|-unboost|p1a: Tyranitar|atk|1\n|-unboost|p1b: Archaludon|atk|1\n|move|p2b: Gengar|Shadow Ball|p1b: Archaludon\n|-damage|p1b: Archaludon|33/100\n|-ability|p1b: Archaludon|Stamina|boost\n|-boost|p1b: Archaludon|def|1\n|move|p1b: Archaludon|Thunderbolt|p2a: Incineroar\n|-damage|p2a: Incineroar|0 fnt\n|faint|p2a: Incineroar\n|move|p1a: Tyranitar|Crunch|p2b: Gengar\n|-supereffective|p2b: Gengar|1\n|-damage|p2b: Gengar|38/100\n|\n|-weather|none\n|-start|p1b: Archaludon|perish0\n|-start|p1a: Tyranitar|perish0\n|upkeep\n|faint|p1b: Archaludon\n|faint|p1a: Tyranitar\n|\n|win|Nutella123456789\n|raw|NEONxTOKYO's rating: 1210 &rarr; <strong>1184</strong><br />(-26 for losing)\n|raw|Nutella123456789's rating: 1190 &rarr; <strong>1216</strong><br />(+26 for winning)\n",
  "uploadtime": 1776277617,
  "views": 21,
  "formatid": "gen9championsvgc2026regma",
  "rating": 1184,
  "private": 0,
  "password": null
}