{
  "id": "gen9championsvgc2026regma-2582085525",
  "format": "[Gen 9 Champions] VGC 2026 Reg M-A",
  "players": [
    "mochizenith",
    "mmmjam"
  ],
  "log": "|j|\u2606mochizenith\n|j|\u2606mmmjam\n|t:|1776056024\n|gametype|doubles\n|player|p1|mochizenith|170|1000\n|player|p2|mmmjam|266|1060\n|gen|9\n|tier|[Gen 9 Champions] VGC 2026 Reg M-A\n|rated|\n|rule|Species Clause: Limit one of each Pok\u00e9mon\n|rule|Item Clause: Limit 1 of each item\n|clearpoke\n|poke|p1|Glimmora, L50, F|\n|poke|p1|Farigiraf, L50, F|\n|poke|p1|Meganium, L50, M|\n|poke|p1|Arcanine-Hisui, L50, M|\n|poke|p1|Rotom-Wash, L50|\n|poke|p1|Mimikyu, L50, M|\n|poke|p2|Meganium, L50, F|\n|poke|p2|Politoed, L50, M|\n|poke|p2|Basculegion, L50, M|\n|poke|p2|Archaludon, L50, F|\n|poke|p2|Maushold-Four, L50|\n|poke|p2|Talonflame, L50, M|\n|teampreview|4\n|\n|t:|1776056075\n|teamsize|p1|4\n|teamsize|p2|4\n|start\n|switch|p1a: Glimmora|Glimmora, L50, F|100/100\n|switch|p1b: Farigiraf|Farigiraf, L50, F|100/100\n|switch|p2a: Politoed|Politoed, L50, M|100/100\n|switch|p2b: Basculegion|Basculegion, L50, M|100/100\n|-weather|RainDance|[from] ability: Drizzle|[of] p2a: Politoed\n|turn|1\n|\n|t:|1776056097\n|move|p2b: Basculegion|Flip Turn|p1b: Farigiraf\n|-damage|p1b: Farigiraf|46/100\n|-enditem|p1b: Farigiraf|Sitrus Berry|[eat]\n|-heal|p1b: Farigiraf|71/100|[from] item: Sitrus Berry\n|\n|t:|1776056109\n|switch|p2b: Archaludon|Archaludon, L50, F|100/100|[from] Flip Turn\n|move|p1a: Glimmora|Stealth Rock|p2a: Politoed\n|-sidestart|p2: mmmjam|move: Stealth Rock\n|move|p2a: Politoed|Weather Ball|p1b: Farigiraf\n|-damage|p1b: Farigiraf|36/100\n|move|p1b: Farigiraf|Reflect|p1b: Farigiraf\n|-sidestart|p1: mochizenith|Reflect\n|\n|-weather|RainDance|[upkeep]\n|upkeep\n|turn|2\n|\n|t:|1776056133\n|move|p2a: Politoed|Helping Hand|p2b: Archaludon\n|-singleturn|p2b: Archaludon|Helping Hand|[of] p2a: Politoed\n|move|p2b: Archaludon|Flash Cannon|p1a: Glimmora\n|-supereffective|p1a: Glimmora|1\n|-damage|p1a: Glimmora|0 fnt\n|faint|p1a: Glimmora\n|move|p1b: Farigiraf|Trick Room|p1b: Farigiraf\n|-fieldstart|move: Trick Room|[of] p1b: Farigiraf\n|\n|-weather|RainDance|[upkeep]\n|-activate|p1b: Farigiraf|ability: Cud Chew\n|-enditem|p1b: Farigiraf|Sitrus Berry|[eat]\n|-heal|p1b: Farigiraf|61/100|[from] item: Sitrus Berry\n|upkeep\n|\n|t:|1776056155\n|switch|p1a: Rotom|Rotom-Wash, L50|100/100\n|turn|3\n|\n|t:|1776056188\n|move|p2a: Politoed|Protect|p2a: Politoed\n|-singleturn|p2a: Politoed|Protect\n|move|p1b: Farigiraf|Light Screen|p1b: Farigiraf\n|-sidestart|p1: mochizenith|move: Light Screen\n|move|p1a: Rotom|Trick|p2a: Politoed\n|-activate|p2a: Politoed|move: Protect\n|move|p2b: Archaludon|Electro Shot||[still]\n|-prepare|p2b: Archaludon|Electro Shot\n|-boost|p2b: Archaludon|spa|1\n|-anim|p2b: Archaludon|Electro Shot|p1a: Rotom\n|-damage|p1a: Rotom|64/100\n|\n|-weather|RainDance|[upkeep]\n|upkeep\n|turn|4\n|\n|t:|1776056248\n|switch|p2a: Basculegion|Basculegion, L50, M|100/100\n|-damage|p2a: Basculegion|88/100|[from] Stealth Rock\n|move|p1b: Farigiraf|Hyper Voice|p2b: Archaludon|[spread] p2b\n|-immune|p2a: Basculegion\n|-resisted|p2b: Archaludon|1\n|-damage|p2b: Archaludon|80/100\n|move|p1a: Rotom|Trick|p2a: Basculegion\n|-activate|p1a: Rotom|move: Trick|[of] p2a: Basculegion\n|-item|p2a: Basculegion|Choice Scarf|[from] move: Trick\n|-item|p1a: Rotom|Choice Scarf|[from] move: Trick\n|move|p2b: Archaludon|Electro Shot||[still]\n|-prepare|p2b: Archaludon|Electro Shot\n|-boost|p2b: Archaludon|spa|1\n|-anim|p2b: Archaludon|Electro Shot|p1a: Rotom\n|-damage|p1a: Rotom|19/100\n|\n|-weather|RainDance|[upkeep]\n|upkeep\n|turn|5\n|-message|mochizenith forfeited.\n|\n|win|mmmjam\n|raw|mochizenith's rating: 1000 &rarr; <strong>1000</strong><br />(+0 for losing)\n|raw|mmmjam's rating: 1060 &rarr; <strong>1086</strong><br />(+26 for winning)\n|l|\u2606mochizenith\n|player|p1|\n",
  "uploadtime": 1776056358,
  "views": 17,
  "formatid": "gen9championsvgc2026regma",
  "rating": 1000,
  "private": 0,
  "password": null
}