{
  "id": "gen9championsvgc2026regma-2587678311",
  "format": "[Gen 9 Champions] VGC 2026 Reg M-A",
  "players": [
    "TTT x",
    "realcomrade379"
  ],
  "log": "|j|\u2606TTT x\n|j|\u2606realcomrade379\n|t:|1776553049\n|gametype|doubles\n|player|p1|TTT x|#smogonxnpa2025draftee|\n|player|p2|realcomrade379|shadowtriad|\n|gen|9\n|tier|[Gen 9 Champions] VGC 2026 Reg M-A\n|rated|Tournament battle\n|rule|Species Clause: Limit one of each Pok\u00e9mon\n|rule|Item Clause: Limit 1 of each item\n|raw|<div class=\"infobox\"><details class=\"readmore\" open><summary><strong>1 custom rule:</strong></summary> Force Open Team Sheets</details></div>\n|clearpoke\n|poke|p1|Archaludon, L50, M|\n|poke|p1|Scovillain, L50, F|\n|poke|p1|Sinistcha, L50|\n|poke|p1|Pelipper, L50, F|\n|poke|p1|Scizor, L50, F|\n|poke|p1|Incineroar, L50, M|\n|poke|p2|Floette-Eternal, L50, F|\n|poke|p2|Charizard, L50, F|\n|poke|p2|Garchomp, L50, F|\n|poke|p2|Sneasler, L50, F|\n|poke|p2|Kingambit, L50, M|\n|poke|p2|Aerodactyl, L50, M|\n|teampreview|4\n|showteam|p1|Archaludon||Leftovers|Stamina|ElectroShot,DragonPulse,Snarl,Protect|||M|||50|]Scovillain||Scovillainite|Moody|Overheat,LeechSeed,RagePowder,Protect|||F|||50|]Sinistcha||KasibBerry|Hospitality|ShadowBall,LifeDew,RagePowder,Protect||||||50|]Pelipper||SitrusBerry|Drizzle|WeatherBall,Tailwind,RainDance,Protect|||F|||50|]Scizor||Scizorite|Technician|BulletPunch,BugBite,SwordsDance,Protect|||F|||50|]Incineroar||ChopleBerry|Intimidate|FakeOut,FlareBlitz,WillOWisp,PartingShot|||M|||50|\n|showteam|p2|Floette-Eternal||Floettite|FlowerVeil|Protect,DazzlingGleam,Moonblast,LightofRuin|||F|||50|]Charizard||CharizarditeY|Blaze|Protect,SolarBeam,HeatWave,WeatherBall|||F|||50|]Garchomp||SoftSand|RoughSkin|Protect,Earthquake,StompingTantrum,DragonClaw|||F|||50|]Sneasler||WhiteHerb|Unburden|Protect,FakeOut,CloseCombat,DireClaw|||F|||50|]Kingambit||ChopleBerry|Defiant|Protect,LowKick,SuckerPunch,KowtowCleave|||M|||50|]Aerodactyl||FocusSash|Unnerve|Protect,Tailwind,DualWingbeat,RockSlide|||M|||50|\n|j|@Radio Free C-Side\n|j|+holdingb\n|inactive|Battle timer is ON: inactive players will automatically lose when time's up. (requested by realcomrade379)\n|j| Lacksatives\n|c|\u2606TTT x|Glhf\n|j| kyomala\n|c|\u2606realcomrade379|u2\n|j| Leonlemon15\n|j| ssuausasj\n|j|+TheEeveeAnimations\n|inactive|TTT x has 60 seconds left.\n|inactive|realcomrade379 has 60 seconds left.\n|l|+TheEeveeAnimations\n|\n|t:|1776553092\n|teamsize|p1|4\n|teamsize|p2|4\n|start\n|switch|p1a: Scovillain|Scovillain, L50, F|100/100\n|switch|p1b: Archaludon|Archaludon, L50, M|100/100\n|switch|p2a: Sneasler|Sneasler, L50, F|100/100\n|switch|p2b: Charizard|Charizard, L50, F|100/100\n|turn|1\n|j| Teeam Rocket\n|\n|t:|1776553112\n|detailschange|p1a: Scovillain|Scovillain-Mega, L50, F\n|-mega|p1a: Scovillain|Scovillain|Scovillainite\n|move|p2a: Sneasler|Protect|p2a: Sneasler\n|-singleturn|p2a: Sneasler|Protect\n|move|p2b: Charizard|Protect|p2b: Charizard\n|-singleturn|p2b: Charizard|Protect\n|move|p1b: Archaludon|Protect|p1b: Archaludon\n|-singleturn|p1b: Archaludon|Protect\n|move|p1a: Scovillain|Overheat|p2a: Sneasler\n|-activate|p2a: Sneasler|move: Protect\n|\n|upkeep\n|turn|2\n|\n|t:|1776553124\n|switch|p1b: Incineroar|Incineroar, L50, M|100/100\n|-ability|p1b: Incineroar|Intimidate|boost\n|-unboost|p2a: Sneasler|atk|1\n|-unboost|p2b: Charizard|atk|1\n|-enditem|p2a: Sneasler|White Herb\n|-clearnegativeboost|p2a: Sneasler|[silent]\n|detailschange|p2b: Charizard|Charizard-Mega-Y, L50, F\n|-mega|p2b: Charizard|Charizard|Charizardite Y\n|-weather|SunnyDay|[from] ability: Drought|[of] p2b: Charizard\n|move|p2a: Sneasler|Close Combat|p1b: Incineroar\n|-supereffective|p1b: Incineroar|1\n|-enditem|p1b: Incineroar|Chople Berry|[eat]\n|-enditem|p1b: Incineroar|Chople Berry|[weaken]\n|-damage|p1b: Incineroar|36/100\n|-unboost|p2a: Sneasler|def|1\n|-unboost|p2a: Sneasler|spd|1\n|move|p2b: Charizard|Heat Wave|p1b: Incineroar|[spread] p1a,p1b\n|-resisted|p1b: Incineroar|1\n|-damage|p1a: Scovillain|29/100\n|-damage|p1b: Incineroar|12/100\n|-immune|p2b: Charizard\n|move|p1a: Scovillain|Overheat|p2a: Sneasler\n|-damage|p2a: Sneasler|0 fnt\n|-unboost|p1a: Scovillain|spa|2\n|faint|p2a: Sneasler\n|\n|-weather|SunnyDay|[upkeep]\n|upkeep\n|j| tatsugirl i~\n|j| squibirisu\n|\n|t:|1776553143\n|switch|p2a: Garchomp|Garchomp, L50, F|100/100\n|turn|3\n|j| devious_apprentice\n|\n|t:|1776553154\n|switch|p1b: Pelipper|Pelipper, L50, F|100/100\n|-weather|RainDance|[from] ability: Drizzle|[of] p1b: Pelipper\n|move|p2a: Garchomp|Dragon Claw|p1b: Pelipper\n|-damage|p1b: Pelipper|55/100\n|move|p2b: Charizard|Weather Ball|p1a: Scovillain\n|-damage|p1a: Scovillain|0 fnt\n|-immune|p2b: Charizard\n|faint|p1a: Scovillain\n|\n|-weather|RainDance|[upkeep]\n|upkeep\n|\n|t:|1776553163\n|switch|p1a: Archaludon|Archaludon, L50, M|100/100\n|turn|4\n|l| devious_apprentice\n|j| AFRRB\n|inactive|realcomrade379 has 30 seconds left.\n|j| Mind goblin games\n|\n|t:|1776553197\n|switch|p2b: Kingambit|Kingambit, L50, M|100/100\n|move|p2a: Garchomp|Stomping Tantrum|p1a: Archaludon\n|-supereffective|p1a: Archaludon|1\n|-damage|p1a: Archaludon|32/100\n|-ability|p1a: Archaludon|Stamina|boost\n|-boost|p1a: Archaludon|def|1\n|move|p1a: Archaludon|Electro Shot||[still]\n|-prepare|p1a: Archaludon|Electro Shot\n|-boost|p1a: Archaludon|spa|1\n|-anim|p1a: Archaludon|Electro Shot|p2b: Kingambit\n|-damage|p2b: Kingambit|48/100\n|move|p1b: Pelipper|Tailwind|p1b: Pelipper\n|-sidestart|p1: TTT x|move: Tailwind\n|\n|-weather|RainDance|[upkeep]\n|-heal|p1a: Archaludon|38/100|[from] item: Leftovers\n|upkeep\n|turn|5\n|inactive|realcomrade379 has 30 seconds left.\n|j| nivek55\n|\n|t:|1776553225\n|move|p2a: Garchomp|Protect|p2a: Garchomp\n|-singleturn|p2a: Garchomp|Protect\n|move|p2b: Kingambit|Protect|p2b: Kingambit\n|-singleturn|p2b: Kingambit|Protect\n|move|p1a: Archaludon|Dragon Pulse|p2a: Garchomp\n|-activate|p2a: Garchomp|move: Protect\n|move|p1b: Pelipper|Weather Ball|p2b: Kingambit\n|-activate|p2b: Kingambit|move: Protect\n|\n|-weather|RainDance|[upkeep]\n|-heal|p1a: Archaludon|44/100|[from] item: Leftovers\n|upkeep\n|turn|6\n|j| Bosse12345\n|j| babdcalls\n|l| nivek55\n|\n|t:|1776553242\n|switch|p2a: Charizard|Charizard-Mega-Y, L50, F|100/100\n|-weather|SunnyDay|[from] ability: Drought|[of] p2a: Charizard\n|move|p2b: Kingambit|Sucker Punch|p1b: Pelipper\n|-damage|p1b: Pelipper|14/100\n|-enditem|p1b: Pelipper|Sitrus Berry|[eat]\n|-heal|p1b: Pelipper|39/100|[from] item: Sitrus Berry\n|move|p1a: Archaludon|Dragon Pulse|p2a: Charizard\n|-damage|p2a: Charizard|51/100\n|move|p1b: Pelipper|Weather Ball|p2b: Kingambit\n|-supereffective|p2b: Kingambit|1\n|-damage|p2b: Kingambit|0 fnt\n|faint|p2b: Kingambit\n|\n|-weather|SunnyDay|[upkeep]\n|-heal|p1a: Archaludon|50/100|[from] item: Leftovers\n|upkeep\n|\n|t:|1776553254\n|switch|p2b: Garchomp|Garchomp, L50, F|100/100\n|turn|7\n|l| Mind goblin games\n|j| idonthaveasmogacc\n|\n|t:|1776553270\n|move|p2a: Charizard|Protect|p2a: Charizard\n|-singleturn|p2a: Charizard|Protect\n|move|p1a: Archaludon|Dragon Pulse|p2b: Garchomp\n|-supereffective|p2b: Garchomp|1\n|-damage|p2b: Garchomp|0 fnt\n|faint|p2b: Garchomp\n|move|p1b: Pelipper|Rain Dance|p1b: Pelipper\n|-weather|RainDance\n|\n|-weather|RainDance|[upkeep]\n|-heal|p1a: Archaludon|57/100|[from] item: Leftovers\n|-sideend|p1: TTT x|move: Tailwind\n|upkeep\n|turn|8\n|\n|t:|1776553276\n|move|p2a: Charizard|Heat Wave|p1b: Pelipper|[spread] p1a,p1b\n|-resisted|p1b: Pelipper|1\n|-damage|p1a: Archaludon|34/100\n|-damage|p1b: Pelipper|28/100\n|-ability|p1a: Archaludon|Stamina|boost\n|-boost|p1a: Archaludon|def|1\n|move|p1a: Archaludon|Electro Shot||[still]\n|-prepare|p1a: Archaludon|Electro Shot\n|-boost|p1a: Archaludon|spa|1\n|-anim|p1a: Archaludon|Electro Shot|p2a: Charizard\n|-supereffective|p2a: Charizard|1\n|-damage|p2a: Charizard|0 fnt\n|faint|p2a: Charizard\n|\n|win|TTT x\n|n|\u2606TTT x|tttx\n|n|\u2606realcomrade379|realcomrade379\n|n|+Radio Free C-Side|radiofreecside\n|n| holdingb|holdingb\n|n| Lacksatives|lacksatives\n|n| kyomala|kyomala\n|n| Leonlemon15|leonlemon15\n|n| ssuausasj|ssuausasj\n|n| Teeam Rocket|teeamrocket\n|n| tatsugirl i~|tatsugirli\n|n| squibirisu|squibirisu\n|n| AFRRB|afrrb\n|n| Bosse12345|bosse12345\n|n| babdcalls|babdcalls\n|n| idonthaveasmogacc|idonthaveasmogacc\n|l|\u2606realcomrade379\n|player|p2|\n|l| tatsugirl i~\n|l|+Radio Free C-Side\n|l| squibirisu\n|l| kyomala\n|l|\u2606TTT x\n|player|p1|\n|l| ssuausasj\n|l| Leonlemon15\n|j|\u2606TTT x\n|player|p1|TTT x|#smogonxnpa2025draftee|\n|l| holdingb\n|l| idonthaveasmogacc\n|j| pfizerlordozai\n|l|\u2606TTT x\n|player|p1|\n|j| Cannon14\n|l| Cannon14\n|l| Teeam Rocket\n",
  "uploadtime": 1776553276,
  "views": 50,
  "formatid": "gen9championsvgc2026regma",
  "rating": null,
  "private": 0,
  "password": null
}