{
  "id": "gen9championsvgc2026regma-2584618426",
  "format": "[Gen 9 Champions] VGC 2026 Reg M-A",
  "players": [
    "Kirbo5500",
    "k.con132"
  ],
  "log": "|j|\u2606Kirbo5500\n|j|\u2606k.con132\n|t:|1776272463\n|gametype|doubles\n|player|p1|Kirbo5500|266|1113\n|player|p2|k.con132|dragontamer|1086\n|gen|9\n|tier|[Gen 9 Champions] VGC 2026 Reg M-A\n|rated|\n|rule|Species Clause: Limit one of each Pok\u00e9mon\n|rule|Item Clause: Limit 1 of each item\n|clearpoke\n|poke|p1|Meganium, L50, M|\n|poke|p1|Primarina, L50, F|\n|poke|p1|Incineroar, L50, M|\n|poke|p1|Garchomp, L50, M|\n|poke|p1|Vivillon, L50, M|\n|poke|p1|Lucario, L50, M|\n|poke|p2|Golurk, L50|\n|poke|p2|Farigiraf, L50, F|\n|poke|p2|Sinistcha, L50|\n|poke|p2|Incineroar, L50, F|\n|poke|p2|Drampa, L50, M|\n|poke|p2|Bastiodon, L50, F|\n|teampreview|4\n|\n|t:|1776272481\n|teamsize|p1|4\n|teamsize|p2|4\n|start\n|switch|p1a: Primarina|Primarina, L50, F|100/100\n|switch|p1b: Garchomp|Garchomp, L50, M|100/100\n|switch|p2a: Farigiraf|Farigiraf, L50, F|100/100\n|switch|p2b: Golurk|Golurk, L50, shiny|100/100\n|turn|1\n|\n|t:|1776272493\n|switch|p2b: Incineroar|Incineroar, L50, F|100/100\n|-ability|p2b: Incineroar|Intimidate|boost\n|-unboost|p1a: Primarina|atk|1\n|-unboost|p1b: Garchomp|atk|1\n|move|p1b: Garchomp|Protect|p1b: Garchomp\n|-singleturn|p1b: Garchomp|Protect\n|move|p1a: Primarina|Icy Wind|p2b: Incineroar|[spread] p2a\n|-miss|p1a: Primarina|p2b: Incineroar\n|-damage|p2a: Farigiraf|89/100\n|-unboost|p2a: Farigiraf|spe|1\n|move|p2a: Farigiraf|Trick Room|p2a: Farigiraf\n|-fieldstart|move: Trick Room|[of] p2a: Farigiraf\n|\n|upkeep\n|turn|2\n|\n|t:|1776272519\n|switch|p2a: Golurk|Golurk, L50, shiny|100/100\n|move|p2b: Incineroar|Fake Out|p1a: Primarina\n|-damage|p1a: Primarina|89/100\n|cant|p1a: Primarina|flinch\n|move|p1b: Garchomp|Breaking Swipe|p2b: Incineroar|[spread] p2a,p2b\n|-damage|p2a: Golurk|83/100\n|-damage|p2b: Incineroar|88/100\n|-unboost|p2a: Golurk|atk|1\n|-unboost|p2b: Incineroar|atk|1\n|\n|upkeep\n|turn|3\n|\n|t:|1776272548\n|detailschange|p2a: Golurk|Golurk-Mega, L50, shiny\n|-mega|p2a: Golurk|Golurk|Golurkite\n|move|p2a: Golurk|Poltergeist|p1a: Primarina\n|-activate|p1a: Primarina|move: Poltergeist|Mystic Water\n|-damage|p1a: Primarina|26/100\n|move|p2b: Incineroar|Parting Shot|p1a: Primarina\n|-unboost|p1a: Primarina|atk|1\n|-unboost|p1a: Primarina|spa|1\n|\n|t:|1776272556\n|switch|p2b: Drampa|Drampa, L50, M|100/100|[from] Parting Shot\n|-ability|p2b: Drampa|Cloud Nine\n|move|p1a: Primarina|Hyper Voice|p2b: Drampa|[spread] p2a,p2b\n|-supereffective|p2a: Golurk|1\n|-resisted|p2b: Drampa|1\n|-damage|p2a: Golurk|33/100\n|-damage|p2b: Drampa|86/100\n|move|p1b: Garchomp|Breaking Swipe|p2b: Drampa|[spread] p2a,p2b\n|-supereffective|p2b: Drampa|1\n|-damage|p2a: Golurk|19/100\n|-damage|p2b: Drampa|53/100\n|-unboost|p2a: Golurk|atk|1\n|-unboost|p2b: Drampa|atk|1\n|\n|-heal|p2b: Drampa|59/100|[from] item: Leftovers\n|upkeep\n|turn|4\n|c|\u2606Kirbo5500|Shiny looks sick ass\n|c|\u2606k.con132|yeah it was the first legit one i ever caught back in sw/sh i love it\n|\n|t:|1776272602\n|switch|p2a: Incineroar|Incineroar, L50, F|88/100\n|-ability|p2a: Incineroar|Intimidate|boost\n|-unboost|p1a: Primarina|atk|1\n|-unboost|p1b: Garchomp|atk|1\n|move|p1b: Garchomp|Protect|p1b: Garchomp\n|-singleturn|p1b: Garchomp|Protect\n|move|p2b: Drampa|Dragon Pulse|p1b: Garchomp\n|-activate|p1b: Garchomp|move: Protect\n|move|p1a: Primarina|Dazzling Gleam|p2b: Drampa|[spread] p2a,p2b\n|-supereffective|p2b: Drampa|1\n|-damage|p2a: Incineroar|68/100\n|-damage|p2b: Drampa|11/100\n|\n|-heal|p2b: Drampa|17/100|[from] item: Leftovers\n|upkeep\n|turn|5\n|\n|t:|1776272625\n|switch|p1a: Incineroar|Incineroar, L50, M|100/100\n|-ability|p1a: Incineroar|Intimidate|boost\n|-unboost|p2a: Incineroar|atk|1\n|-unboost|p2b: Drampa|atk|1\n|move|p2b: Drampa|Thunderbolt|p1b: Garchomp\n|-immune|p1b: Garchomp\n|move|p2a: Incineroar|Darkest Lariat|p1a: Incineroar\n|-resisted|p1a: Incineroar|1\n|-damage|p1a: Incineroar|91/100\n|move|p1b: Garchomp|Breaking Swipe|p2a: Incineroar|[spread] p2a,p2b\n|-supereffective|p2b: Drampa|1\n|-damage|p2a: Incineroar|59/100\n|-damage|p2b: Drampa|0 fnt\n|-unboost|p2a: Incineroar|atk|1\n|faint|p2b: Drampa\n|\n|-fieldend|move: Trick Room\n|upkeep\n|c|\u2606Kirbo5500|Hell yeah my first shiny was in arcues\n|c|\u2606k.con132|damn thats awesome\n|\n|t:|1776272647\n|switch|p2b: Farigiraf|Farigiraf, L50, F|89/100\n|turn|6\n|c|\u2606Kirbo5500|Idr what it was though\n|\n|t:|1776272682\n|move|p1b: Garchomp|Breaking Swipe|p2b: Farigiraf|[spread] p2a,p2b\n|-damage|p2a: Incineroar|48/100\n|-damage|p2b: Farigiraf|77/100\n|-unboost|p2a: Incineroar|atk|1\n|-unboost|p2b: Farigiraf|atk|1\n|-enditem|p2a: Incineroar|Sitrus Berry|[eat]\n|-heal|p2a: Incineroar|73/100|[from] item: Sitrus Berry\n|move|p1a: Incineroar|Darkest Lariat|p2b: Farigiraf\n|-supereffective|p2b: Farigiraf|1\n|-damage|p2b: Farigiraf|0 fnt\n|faint|p2b: Farigiraf\n|move|p2a: Incineroar|Parting Shot|p1b: Garchomp\n|-unboost|p1b: Garchomp|atk|1\n|-unboost|p1b: Garchomp|spa|1\n|c|\u2606Kirbo5500|Oh its floatzel i think\n|\n|t:|1776272694\n|switch|p2a: Golurk|Golurk-Mega, L50, shiny|19/100|[from] Parting Shot\n|\n|upkeep\n|\n|t:|1776272698\n|switch|p2b: Incineroar|Incineroar, L50, F|73/100\n|-ability|p2b: Incineroar|Intimidate|boost\n|-unboost|p1a: Incineroar|atk|1\n|-unboost|p1b: Garchomp|atk|1\n|turn|7\n|\n|t:|1776272716\n|switch|p1b: Primarina|Primarina, L50, F|26/100\n|move|p2b: Incineroar|Fake Out|p1b: Primarina\n|-crit|p1b: Primarina\n|-damage|p1b: Primarina|9/100\n|move|p1a: Incineroar|Parting Shot|p2b: Incineroar\n|-unboost|p2b: Incineroar|atk|1\n|-unboost|p2b: Incineroar|spa|1\n|\n|t:|1776272726\n|switch|p1a: Garchomp|Garchomp, L50, M|100/100|[from] Parting Shot\n|move|p2a: Golurk|Earthquake|p1a: Garchomp|[spread] p2b,p1a,p1b\n|-supereffective|p2b: Incineroar|1\n|-damage|p2b: Incineroar|0 fnt\n|-damage|p1a: Garchomp|52/100\n|-damage|p1b: Primarina|0 fnt\n|faint|p2b: Incineroar\n|faint|p1b: Primarina\n|\n|upkeep\n|\n|t:|1776272734\n|switch|p1b: Meganium|Meganium, L50, M|100/100\n|turn|8\n|\n|t:|1776272738\n|detailschange|p1b: Meganium|Meganium-Mega, L50, M\n|-mega|p1b: Meganium|Meganium|Meganiumite\n|move|p1b: Meganium|Protect|p1b: Meganium\n|-singleturn|p1b: Meganium|Protect\n|move|p1a: Garchomp|Earthquake|p2a: Golurk|[spread] p2a\n|-activate|p1b: Meganium|move: Protect\n|-damage|p2a: Golurk|0 fnt\n|faint|p2a: Golurk\n|\n|win|Kirbo5500\n|raw|Kirbo5500's rating: 1113 &rarr; <strong>1136</strong><br />(+23 for winning)\n|raw|k.con132's rating: 1086 &rarr; <strong>1065</strong><br />(-21 for losing)\n|c|\u2606k.con132|gg\n|l|\u2606k.con132\n|player|p2|\n|c|\u2606Kirbo5500|Gg\n",
  "uploadtime": 1776272750,
  "views": 16,
  "formatid": "gen9championsvgc2026regma",
  "rating": 1065,
  "private": 0,
  "password": null
}