{
  "id": "gen9championsvgc2026regma-2582860490",
  "format": "[Gen 9 Champions] VGC 2026 Reg M-A",
  "players": [
    "CrazyPloxPlay",
    "noah100800"
  ],
  "log": "|j|\u2606CrazyPloxPlay\n|j|\u2606noah100800\n|t:|1776119860\n|gametype|doubles\n|player|p1|CrazyPloxPlay|170|1080\n|player|p2|noah100800|265|1031\n|gen|9\n|tier|[Gen 9 Champions] VGC 2026 Reg M-A\n|rated|\n|rule|Species Clause: Limit one of each Pok\u00e9mon\n|rule|Item Clause: Limit 1 of each item\n|clearpoke\n|poke|p1|Pelipper, L50, M|\n|poke|p1|Archaludon, L50, F|\n|poke|p1|Dragonite, L50, F|\n|poke|p1|Sinistcha-Masterpiece, L50|\n|poke|p1|Sneasler, L50, F|\n|poke|p1|Basculegion, L50, M|\n|poke|p2|Ninetales-Alola, L50, M|\n|poke|p2|Arcanine-Hisui, L50, F|\n|poke|p2|Gyarados, L50, M|\n|poke|p2|Maushold-Four, L50|\n|poke|p2|Sinistcha, L50|\n|poke|p2|Garchomp, L50, F|\n|teampreview|4\n|\n|t:|1776119896\n|teamsize|p1|4\n|teamsize|p2|4\n|start\n|switch|p1a: Pelipper|Pelipper, L50, M|100/100\n|switch|p1b: Archaludon|Archaludon, L50, F|100/100\n|switch|p2a: Gyarados|Gyarados, L50, M|100/100\n|switch|p2b: Garchomp|Garchomp, L50, F|100/100\n|-ability|p2a: Gyarados|Intimidate|boost\n|-unboost|p1a: Pelipper|atk|1\n|-unboost|p1b: Archaludon|atk|1\n|-weather|RainDance|[from] ability: Drizzle|[of] p1a: Pelipper\n|turn|1\n|\n|t:|1776119930\n|move|p2a: Gyarados|Protect|p2a: Gyarados\n|-singleturn|p2a: Gyarados|Protect\n|move|p2b: Garchomp|Stomping Tantrum|p1b: Archaludon\n|-supereffective|p1b: Archaludon|1\n|-damage|p1b: Archaludon|18/100\n|-ability|p1b: Archaludon|Stamina|boost\n|-boost|p1b: Archaludon|def|1\n|move|p1a: Pelipper|Tailwind|p1a: Pelipper\n|-sidestart|p1: CrazyPloxPlay|move: Tailwind\n|move|p1b: Archaludon|Iron Defense|p1b: Archaludon\n|-boost|p1b: Archaludon|def|2\n|\n|-weather|RainDance|[upkeep]\n|-heal|p1b: Archaludon|24/100|[from] item: Leftovers\n|upkeep\n|turn|2\n|\n|t:|1776119978\n|switch|p2a: Sinistcha|Sinistcha, L50|100/100\n|move|p2b: Garchomp|Protect|p2b: Garchomp\n|-singleturn|p2b: Garchomp|Protect\n|move|p1a: Pelipper|Weather Ball|p2b: Garchomp\n|-activate|p2b: Garchomp|move: Protect\n|move|p1b: Archaludon|Electro Shot||[still]\n|-prepare|p1b: Archaludon|Electro Shot\n|-boost|p1b: Archaludon|spa|1\n|-anim|p1b: Archaludon|Electro Shot|p2a: Sinistcha\n|-resisted|p2a: Sinistcha|1\n|-damage|p2a: Sinistcha|75/100\n|\n|-weather|RainDance|[upkeep]\n|-heal|p1b: Archaludon|30/100|[from] item: Leftovers\n|upkeep\n|turn|3\n|inactive|Battle timer is ON: inactive players will automatically lose when time's up. (requested by CrazyPloxPlay)\n|\n|t:|1776120055\n|switch|p1b: Sneasler|Sneasler, L50, F|100/100\n|switch|p2b: Ninetales|Ninetales-Alola, L50, M|100/100\n|-weather|Snowscape|[from] ability: Snow Warning|[of] p2b: Ninetales\n|switch|p2a: Gyarados|Gyarados, L50, M|100/100\n|-ability|p2a: Gyarados|Intimidate|boost\n|-unboost|p1a: Pelipper|atk|1\n|-unboost|p1b: Sneasler|atk|1\n|-enditem|p1b: Sneasler|White Herb\n|-clearnegativeboost|p1b: Sneasler|[silent]\n|move|p1a: Pelipper|Protect||[still]\n|-fail|p1a: Pelipper\n|\n|-weather|Snowscape|[upkeep]\n|upkeep\n|turn|4\n|inactive|CrazyPloxPlay has 30 seconds left.\n|inactive|noah100800 has 30 seconds left.\n|inactive|noah100800 has 20 seconds left.\n|inactive|noah100800 has 15 seconds left.\n|\n|t:|1776120100\n|switch|p1a: Archaludon|Archaludon, L50, F|30/100\n|detailschange|p2a: Gyarados|Gyarados-Mega, L50, M\n|-mega|p2a: Gyarados|Gyarados|Gyaradosite\n|-ability|p2a: Gyarados|Mold Breaker\n|move|p2b: Ninetales|Protect|p2b: Ninetales\n|-singleturn|p2b: Ninetales|Protect\n|move|p1b: Sneasler|Fake Out|p2b: Ninetales\n|-activate|p2b: Ninetales|move: Protect\n|move|p2a: Gyarados|Waterfall|p1b: Sneasler\n|-damage|p1b: Sneasler|18/100\n|\n|-weather|Snowscape|[upkeep]\n|-heal|p1a: Archaludon|36/100|[from] item: Leftovers\n|-sideend|p1: CrazyPloxPlay|move: Tailwind\n|upkeep\n|turn|5\n|inactive|noah100800 has 30 seconds left.\n|\n|t:|1776120131\n|switch|p2a: Garchomp|Garchomp, L50, F|100/100\n|move|p1b: Sneasler|Close Combat|p2a: Garchomp\n|-damage|p2a: Garchomp|33/100\n|-unboost|p1b: Sneasler|def|1\n|-unboost|p1b: Sneasler|spd|1\n|-damage|p1b: Sneasler|6/100|[from] ability: Rough Skin|[of] p2a: Garchomp\n|move|p2b: Ninetales|Freeze-Dry|p1b: Sneasler\n|-damage|p1b: Sneasler|0 fnt\n|faint|p1b: Sneasler\n|move|p1a: Archaludon|Flash Cannon|p2b: Ninetales\n|-supereffective|p2b: Ninetales|2\n|-damage|p2b: Ninetales|0 fnt\n|faint|p2b: Ninetales\n|\n|-weather|Snowscape|[upkeep]\n|-heal|p1a: Archaludon|42/100|[from] item: Leftovers\n|upkeep\n|\n|t:|1776120155\n|switch|p2b: Sinistcha|Sinistcha, L50|75/100\n|switch|p1b: Pelipper|Pelipper, L50, M|100/100\n|-weather|RainDance|[from] ability: Drizzle|[of] p1b: Pelipper\n|-heal|p2a: Garchomp|58/100|[from] ability: Hospitality|[of] p2b: Sinistcha\n|turn|6\n|inactive|CrazyPloxPlay has 30 seconds left.\n|\n|t:|1776120180\n|move|p2a: Garchomp|Stomping Tantrum|p1a: Archaludon\n|-supereffective|p1a: Archaludon|1\n|-damage|p1a: Archaludon|0 fnt\n|faint|p1a: Archaludon\n|move|p1b: Pelipper|Hurricane|p2a: Garchomp\n|-damage|p2a: Garchomp|2/100\n|move|p2b: Sinistcha|Life Dew|p2b: Sinistcha|[spread] p2a,p2b\n|-heal|p2a: Garchomp|27/100\n|-heal|p2b: Sinistcha|99/100\n|\n|-weather|RainDance|[upkeep]\n|upkeep\n|\n|t:|1776120191\n|switch|p1a: Sinistcha|Sinistcha-Masterpiece, L50|100/100\n|turn|7\n|inactive|noah100800 has 30 seconds left.\n|inactive|noah100800 has 20 seconds left.\n|inactive|noah100800 has 15 seconds left.\n|inactive|noah100800 has 10 seconds left.\n|\n|t:|1776120236\n|move|p1b: Pelipper|Protect|p1b: Pelipper\n|-singleturn|p1b: Pelipper|Protect\n|move|p2b: Sinistcha|Rage Powder|p2b: Sinistcha\n|-singleturn|p2b: Sinistcha|move: Rage Powder\n|move|p2a: Garchomp|Rock Slide|p1a: Sinistcha|[spread] p1a\n|-activate|p1b: Pelipper|move: Protect\n|-damage|p1a: Sinistcha|83/100\n|cant|p1a: Sinistcha|flinch\n|\n|-weather|RainDance|[upkeep]\n|upkeep\n|turn|8\n|\n|t:|1776120257\n|move|p2b: Sinistcha|Rage Powder|p2b: Sinistcha\n|-singleturn|p2b: Sinistcha|move: Rage Powder\n|move|p2a: Garchomp|Rock Slide|p1b: Pelipper|[spread] p1a,p1b\n|-supereffective|p1b: Pelipper|1\n|-damage|p1a: Sinistcha|63/100\n|-damage|p1b: Pelipper|39/100\n|move|p1b: Pelipper|Weather Ball|p2b: Sinistcha\n|-resisted|p2b: Sinistcha|1\n|-damage|p2b: Sinistcha|71/100\n|move|p1a: Sinistcha|Matcha Gotcha|p2a: Garchomp|[spread] p2a,p2b\n|-resisted|p2b: Sinistcha|1\n|-damage|p2a: Garchomp|1/100\n|-heal|p1a: Sinistcha|78/100|[from] drain|[of] p2a: Garchomp\n|-damage|p2b: Sinistcha|61/100\n|-heal|p1a: Sinistcha|84/100|[from] drain|[of] p2b: Sinistcha\n|\n|-weather|RainDance|[upkeep]\n|upkeep\n|turn|9\n|inactive|CrazyPloxPlay has 30 seconds left.\n|inactive|noah100800 has 30 seconds left.\n|inactive|noah100800 has 20 seconds left.\n|inactive|noah100800 has 15 seconds left.\n|\n|t:|1776120300\n|switch|p2a: Gyarados|Gyarados-Mega, L50, M|100/100\n|-ability|p2a: Gyarados|Mold Breaker\n|move|p1b: Pelipper|Protect|p1b: Pelipper\n|-singleturn|p1b: Pelipper|Protect\n|move|p1a: Sinistcha|Matcha Gotcha|p2a: Gyarados|[spread] p2a,p2b\n|-supereffective|p2a: Gyarados|1\n|-resisted|p2b: Sinistcha|1\n|-damage|p2a: Gyarados|63/100\n|-heal|p1a: Sinistcha|100/100|[from] drain|[of] p2a: Gyarados\n|-damage|p2b: Sinistcha|50/100\n|-status|p2b: Sinistcha|brn\n|-enditem|p2b: Sinistcha|Sitrus Berry|[eat]\n|-heal|p2b: Sinistcha|75/100 brn|[from] item: Sitrus Berry\n|move|p2b: Sinistcha|Life Dew|p2b: Sinistcha|[spread] p2a,p2b\n|-heal|p2a: Gyarados|88/100\n|-heal|p2b: Sinistcha|100/100 brn\n|\n|-weather|RainDance|[upkeep]\n|-damage|p2b: Sinistcha|94/100 brn|[from] brn\n|upkeep\n|turn|10\n|inactive|noah100800 has 30 seconds left.\n|inactive|noah100800 has 20 seconds left.\n|inactive|noah100800 has 15 seconds left.\n|\n|t:|1776120345\n|move|p2a: Gyarados|Crunch|p1b: Pelipper\n|-damage|p1b: Pelipper|0 fnt\n|faint|p1b: Pelipper\n|move|p1a: Sinistcha|Matcha Gotcha|p2a: Gyarados|[spread] p2a,p2b\n|-supereffective|p2a: Gyarados|1\n|-resisted|p2b: Sinistcha|1\n|-damage|p2a: Gyarados|49/100\n|-damage|p2b: Sinistcha|85/100 brn\n|move|p2b: Sinistcha|Life Dew|p2b: Sinistcha|[spread] p2a,p2b\n|-heal|p2a: Gyarados|74/100\n|-heal|p2b: Sinistcha|100/100 brn\n|\n|-weather|none\n|-damage|p2b: Sinistcha|94/100 brn|[from] brn\n|upkeep\n|turn|11\n|\n|t:|1776120368\n|move|p2a: Gyarados|Crunch|p1a: Sinistcha\n|-supereffective|p1a: Sinistcha|1\n|-damage|p1a: Sinistcha|10/100\n|-enditem|p1a: Sinistcha|Sitrus Berry|[eat]\n|-heal|p1a: Sinistcha|35/100|[from] item: Sitrus Berry\n|move|p2b: Sinistcha|Life Dew|p2b: Sinistcha|[spread] p2a,p2b\n|-heal|p2a: Gyarados|99/100\n|-heal|p2b: Sinistcha|100/100 brn\n|move|p1a: Sinistcha|Matcha Gotcha|p2b: Sinistcha|[spread] p2a,p2b\n|-supereffective|p2a: Gyarados|1\n|-resisted|p2b: Sinistcha|1\n|-crit|p2b: Sinistcha\n|-damage|p2a: Gyarados|57/100\n|-heal|p1a: Sinistcha|58/100|[from] drain|[of] p2a: Gyarados\n|-damage|p2b: Sinistcha|85/100 brn\n|-heal|p1a: Sinistcha|67/100|[from] drain|[of] p2b: Sinistcha\n|\n|-damage|p2b: Sinistcha|79/100 brn|[from] brn\n|upkeep\n|turn|12\n|\n|t:|1776120392\n|move|p2a: Gyarados|Crunch|p1a: Sinistcha\n|-supereffective|p1a: Sinistcha|1\n|-damage|p1a: Sinistcha|0 fnt\n|faint|p1a: Sinistcha\n|\n|win|noah100800\n|raw|CrazyPloxPlay's rating: 1080 &rarr; <strong>1055</strong><br />(-25 for losing)\n|raw|noah100800's rating: 1031 &rarr; <strong>1071</strong><br />(+40 for winning)\n|l|\u2606CrazyPloxPlay\n|player|p1|\n",
  "uploadtime": 1776120397,
  "views": 24,
  "formatid": "gen9championsvgc2026regma",
  "rating": 1055,
  "private": 0,
  "password": null
}