{
  "id": "gen9championsvgc2026regma-2581320258",
  "format": "[Gen 9 Champions] VGC 2026 Reg M-A",
  "players": [
    "MDH0",
    "NoxxinVGC"
  ],
  "log": "|j|\u2606MDH0\n|j|\u2606NoxxinVGC\n|t:|1775986200\n|gametype|doubles\n|player|p1|MDH0|doubleteam|1130\n|player|p2|NoxxinVGC|giovanni|1150\n|gen|9\n|tier|[Gen 9 Champions] VGC 2026 Reg M-A\n|rated|\n|rule|Species Clause: Limit one of each Pok\u00e9mon\n|rule|Item Clause: Limit 1 of each item\n|clearpoke\n|poke|p1|Incineroar, L50, F|\n|poke|p1|Glimmora, L50, M|\n|poke|p1|Whimsicott, L50, F|\n|poke|p1|Gallade, L50, M|\n|poke|p1|Empoleon, L50, M|\n|poke|p1|Sneasler, L50, M|\n|poke|p2|Delphox, L50, M|\n|poke|p2|Basculegion, L50, M|\n|poke|p2|Clefable, L50, M|\n|poke|p2|Kingambit, L50, F|\n|poke|p2|Dragonite, L50, M|\n|poke|p2|Sneasler, L50, M|\n|teampreview|4\n|inactive|Battle timer is ON: inactive players will automatically lose when time's up. (requested by NoxxinVGC)\n|inactive|MDH0 has 60 seconds left.\n|inactive|NoxxinVGC has 60 seconds left.\n|\n|t:|1775986241\n|teamsize|p1|4\n|teamsize|p2|4\n|start\n|switch|p1a: Empoleon|Empoleon, L50, M|100/100\n|switch|p1b: Whimsicott|Whimsicott, L50, F, shiny|100/100\n|switch|p2a: Basculegion|Basculegion, L50, M|100/100\n|switch|p2b: Delphox|Delphox, L50, M, shiny|100/100\n|turn|1\n|inactive|MDH0 has 30 seconds left.\n|inactive|NoxxinVGC has 30 seconds left.\n|\n|t:|1775986270\n|detailschange|p2b: Delphox|Delphox-Mega, L50, M, shiny\n|-mega|p2b: Delphox|Delphox|Delphoxite\n|move|p1b: Whimsicott|Protect|p1b: Whimsicott\n|-singleturn|p1b: Whimsicott|Protect\n|move|p2a: Basculegion|Aqua Jet|p1b: Whimsicott\n|-activate|p1b: Whimsicott|move: Protect\n|move|p2b: Delphox|Heat Wave|p1b: Whimsicott|[spread] \n|-activate|p1b: Whimsicott|move: Protect\n|-miss|p2b: Delphox|p1a: Empoleon\n|move|p1a: Empoleon|Icy Wind|p2a: Basculegion|[spread] p2a,p2b\n|-resisted|p2a: Basculegion|1\n|-resisted|p2b: Delphox|1\n|-damage|p2a: Basculegion|94/100\n|-damage|p2b: Delphox|95/100\n|-unboost|p2a: Basculegion|spe|1\n|-unboost|p2b: Delphox|spe|1\n|\n|upkeep\n|turn|2\n|\n|t:|1775986288\n|move|p1b: Whimsicott|Tailwind|p1b: Whimsicott\n|-sidestart|p1: MDH0|move: Tailwind\n|move|p2a: Basculegion|Aqua Jet|p1b: Whimsicott\n|-resisted|p1b: Whimsicott|1\n|-damage|p1b: Whimsicott|79/100\n|move|p1a: Empoleon|Hydro Pump|p2b: Delphox\n|-supereffective|p2b: Delphox|1\n|-damage|p2b: Delphox|0 fnt\n|faint|p2b: Delphox\n|\n|upkeep\n|\n|t:|1775986297\n|switch|p2b: Sneasler|Sneasler, L50, M|100/100\n|turn|3\n|\n|t:|1775986312\n|switch|p1a: Sneasler|Sneasler, L50, M|100/100\n|move|p1b: Whimsicott|Protect|p1b: Whimsicott\n|-singleturn|p1b: Whimsicott|Protect\n|move|p2a: Basculegion|Aqua Jet|p1b: Whimsicott\n|-activate|p1b: Whimsicott|move: Protect\n|move|p2b: Sneasler|Close Combat|p1a: Sneasler\n|-resisted|p1a: Sneasler|1\n|-damage|p1a: Sneasler|50/100\n|-unboost|p2b: Sneasler|def|1\n|-unboost|p2b: Sneasler|spd|1\n|\n|upkeep\n|turn|4\n|\n|t:|1775986327\n|move|p2a: Basculegion|Aqua Jet|p1a: Sneasler\n|-damage|p1a: Sneasler|4/100\n|move|p1a: Sneasler|Close Combat|p2b: Sneasler\n|-resisted|p2b: Sneasler|1\n|-damage|p2b: Sneasler|20/100\n|-unboost|p1a: Sneasler|def|1\n|-unboost|p1a: Sneasler|spd|1\n|move|p1b: Whimsicott|Energy Ball|p2a: Basculegion\n|-supereffective|p2a: Basculegion|1\n|-damage|p2a: Basculegion|19/100\n|move|p2b: Sneasler|Dire Claw|p1b: Whimsicott\n|-supereffective|p1b: Whimsicott|2\n|-damage|p1b: Whimsicott|0 fnt\n|faint|p1b: Whimsicott\n|\n|upkeep\n|\n|t:|1775986342\n|switch|p1b: Gallade|Gallade, L50, M|100/100\n|turn|5\n|\n|t:|1775986353\n|detailschange|p1b: Gallade|Gallade-Mega, L50, M\n|-mega|p1b: Gallade|Gallade|Galladite\n|move|p2b: Sneasler|Protect|p2b: Sneasler\n|-singleturn|p2b: Sneasler|Protect\n|move|p1b: Gallade|Shadow Sneak|p2a: Basculegion\n|-supereffective|p2a: Basculegion|1\n|-damage|p2a: Basculegion|0 fnt\n|faint|p2a: Basculegion\n|move|p1a: Sneasler|Close Combat|p2b: Sneasler\n|-activate|p2b: Sneasler|move: Protect\n|\n|-sideend|p1: MDH0|move: Tailwind\n|upkeep\n|\n|t:|1775986364\n|switch|p2a: Kingambit|Kingambit, L50, F|100/100\n|turn|6\n|\n|t:|1775986382\n|switch|p1a: Empoleon|Empoleon, L50, M|100/100\n|move|p1b: Gallade|Shadow Sneak|p2b: Sneasler\n|-damage|p2b: Sneasler|0 fnt\n|faint|p2b: Sneasler\n|move|p2a: Kingambit|Sucker Punch||[still]\n|-fail|p2a: Kingambit\n|\n|upkeep\n|turn|7\n|\n|t:|1775986391\n|move|p1b: Gallade|Close Combat|p2a: Kingambit\n|-supereffective|p2a: Kingambit|2\n|-damage|p2a: Kingambit|0 fnt\n|-unboost|p1b: Gallade|def|1\n|-unboost|p1b: Gallade|spd|1\n|faint|p2a: Kingambit\n|\n|win|MDH0\n|raw|MDH0's rating: 1130 &rarr; <strong>1156</strong><br />(+26 for winning)\n|raw|NoxxinVGC's rating: 1150 &rarr; <strong>1124</strong><br />(-26 for losing)\n",
  "uploadtime": 1775986391,
  "views": 17,
  "formatid": "gen9championsvgc2026regma",
  "rating": 1124,
  "private": 0,
  "password": null
}