{
  "id": "gen9championsvgc2026regma-2583943716",
  "format": "[Gen 9 Champions] VGC 2026 Reg M-A",
  "players": [
    "mikesc",
    "askeru"
  ],
  "log": "|j|\u2606mikesc\n|j|\u2606askeru\n|t:|1776210469\n|gametype|doubles\n|player|p1|mikesc|preschooler|1067\n|player|p2|askeru|aromalady|1000\n|gen|9\n|tier|[Gen 9 Champions] VGC 2026 Reg M-A\n|rated|\n|rule|Species Clause: Limit one of each Pok\u00e9mon\n|rule|Item Clause: Limit 1 of each item\n|clearpoke\n|poke|p1|Starmie, L50|\n|poke|p1|Garchomp, L50, M|\n|poke|p1|Tyranitar, L50, M|\n|poke|p1|Aerodactyl, L50, M|\n|poke|p1|Rotom-Heat, L50|\n|poke|p1|Aegislash, L50, M|\n|poke|p2|Umbreon, L50, F|\n|poke|p2|Arcanine, L50, F|\n|poke|p2|Sneasler, L50, F|\n|poke|p2|Hydreigon, L50, F|\n|poke|p2|Sylveon, L50, M|\n|poke|p2|Gengar, L50, F|\n|teampreview|4\naskeru has agreed to open team sheets.\n|\n|t:|1776210516\n|teamsize|p1|4\n|teamsize|p2|4\n|start\n|switch|p1a: Aerodactyl|Aerodactyl, L50, M|100/100\n|switch|p1b: Starmie|Starmie, L50, shiny|100/100\n|switch|p2a: Sneasler|Sneasler, L50, F|100/100\n|switch|p2b: Hydreigon|Hydreigon, L50, F|100/100\n|-ability|p1a: Aerodactyl|Unnerve\n|turn|1\n|\n|t:|1776210548\n|move|p1a: Aerodactyl|Protect|p1a: Aerodactyl\n|-singleturn|p1a: Aerodactyl|Protect\n|move|p1b: Starmie|Protect|p1b: Starmie\n|-singleturn|p1b: Starmie|Protect\n|move|p2a: Sneasler|Fake Out|p1a: Aerodactyl\n|-activate|p1a: Aerodactyl|move: Protect\n|move|p2b: Hydreigon|Tailwind|p2b: Hydreigon\n|-sidestart|p2: askeru|move: Tailwind\n|\n|upkeep\n|turn|2\n|inactive|Battle timer is ON: inactive players will automatically lose when time's up. (requested by mikesc)\n|inactive|askeru has 60 seconds left.\n|\n|t:|1776210602\n|switch|p2a: Umbreon|Umbreon, L50, F|100/100\n|switch|p1b: Tyranitar|Tyranitar, L50, M|100/100\n|-weather|Sandstorm|[from] ability: Sand Stream|[of] p1b: Tyranitar\n|move|p2b: Hydreigon|Dark Pulse|p1b: Tyranitar\n|-resisted|p1b: Tyranitar|1\n|-damage|p1b: Tyranitar|89/100\n|move|p1a: Aerodactyl|Dual Wingbeat|p2a: Umbreon\n|-damage|p2a: Umbreon|85/100\n|-damage|p2a: Umbreon|69/100\n|-hitcount|p2a: Umbreon|2\n|\n|-weather|Sandstorm|[upkeep]\n|-damage|p2b: Hydreigon|95/100|[from] Sandstorm\n|-damage|p2a: Umbreon|63/100|[from] Sandstorm\n|-heal|p2a: Umbreon|69/100|[from] item: Leftovers\n|upkeep\n|turn|3\n|inactive|mikesc has 30 seconds left.\n|inactive|askeru has 30 seconds left.\n|inactive|askeru has 20 seconds left.\n|\n|t:|1776210640\n|switch|p2b: Arcanine|Arcanine, L50, F|100/100\n|-ability|p2b: Arcanine|Intimidate|boost\n|-unboost|p1a: Aerodactyl|atk|1\n|-unboost|p1b: Tyranitar|atk|1\n|switch|p1a: Starmie|Starmie, L50, shiny|100/100\n|move|p2a: Umbreon|Yawn|p1b: Tyranitar\n|-start|p1b: Tyranitar|move: Yawn|[of] p2a: Umbreon\n|move|p1b: Tyranitar|Rock Slide|p2a: Umbreon|[spread] p2a,p2b\n|-supereffective|p2b: Arcanine|1\n|-damage|p2a: Umbreon|52/100\n|-damage|p2b: Arcanine|60/100\n|\n|-weather|Sandstorm|[upkeep]\n|-damage|p2b: Arcanine|54/100|[from] Sandstorm\n|-damage|p2a: Umbreon|46/100|[from] Sandstorm\n|-damage|p1a: Starmie|95/100|[from] Sandstorm\n|-heal|p2a: Umbreon|52/100|[from] item: Leftovers\n|upkeep\n|turn|4\n|inactive|askeru has 30 seconds left.\n|\n|t:|1776210666\n|detailschange|p1a: Starmie|Starmie-Mega, L50, shiny\n|-mega|p1a: Starmie|Starmie|Starminite\n|move|p2b: Arcanine|Protect|p2b: Arcanine\n|-singleturn|p2b: Arcanine|Protect\n|move|p1a: Starmie|Skill Swap|p1b: Tyranitar\n|-activate|p1a: Starmie|Skill Swap|||[of] p1b: Tyranitar\n|move|p2a: Umbreon|Moonlight|p2a: Umbreon\n|-heal|p2a: Umbreon|77/100\n|move|p1b: Tyranitar|Rock Slide|p2b: Arcanine|[spread] p2a\n|-activate|p2b: Arcanine|move: Protect\n|-damage|p2a: Umbreon|45/100\n|\n|-weather|Sandstorm|[upkeep]\n|-damage|p2b: Arcanine|47/100|[from] Sandstorm\n|-damage|p1a: Starmie|89/100|[from] Sandstorm\n|-damage|p2a: Umbreon|39/100|[from] Sandstorm\n|-enditem|p2b: Arcanine|Sitrus Berry|[eat]\n|-heal|p2b: Arcanine|72/100|[from] item: Sitrus Berry\n|-heal|p2a: Umbreon|45/100|[from] item: Leftovers\n|-end|p1b: Tyranitar|move: Yawn|[silent]\n|-status|p1b: Tyranitar|slp\n|-sideend|p2: askeru|move: Tailwind\n|upkeep\n|turn|5\n|inactive|askeru has 30 seconds left.\n|inactive|askeru has 20 seconds left.\n|inactive|askeru has 15 seconds left.\n|inactive|askeru has 10 seconds left.\n|inactive|askeru has 5 seconds left.\n|\n|t:|1776210718\n|switch|p2b: Hydreigon|Hydreigon, L50, F|95/100\n|move|p1a: Starmie|Liquidation|p2b: Hydreigon\n|-resisted|p2b: Hydreigon|1\n|-damage|p2b: Hydreigon|80/100\n|cant|p1b: Tyranitar|slp\n|move|p2a: Umbreon|Yawn|p1a: Starmie\n|-start|p1a: Starmie|move: Yawn|[of] p2a: Umbreon\n|\n|-weather|Sandstorm|[upkeep]\n|-damage|p1a: Starmie|83/100|[from] Sandstorm\n|-damage|p2b: Hydreigon|74/100|[from] Sandstorm\n|-damage|p2a: Umbreon|39/100|[from] Sandstorm\n|-heal|p2a: Umbreon|45/100|[from] item: Leftovers\n|upkeep\n|turn|6\n|inactive|askeru has 30 seconds left.\n|\n|t:|1776210744\n|switch|p1a: Aegislash|Aegislash, L50, M|100/100\n|switch|p2a: Arcanine|Arcanine, L50, F|72/100\n|-ability|p2a: Arcanine|Intimidate|boost\n|-unboost|p1a: Aegislash|atk|1\n|-unboost|p1b: Tyranitar|atk|1\n|move|p2b: Hydreigon|Protect|p2b: Hydreigon\n|-singleturn|p2b: Hydreigon|Protect\n|-curestatus|p1b: Tyranitar|slp|[msg]\n|move|p1b: Tyranitar|Rock Slide|p2a: Arcanine|[spread] p2a\n|-activate|p2b: Hydreigon|move: Protect\n|-supereffective|p2a: Arcanine|1\n|-damage|p2a: Arcanine|10/100\n|\n|-weather|none\n|upkeep\n|turn|7\n|inactive|askeru has 30 seconds left.\n|inactive|askeru has 20 seconds left.\n|\n|t:|1776210781\n|move|p1a: Aegislash|King's Shield|p1a: Aegislash\n|-singleturn|p1a: Aegislash|Protect\n|move|p1b: Tyranitar|Rock Slide|p2a: Arcanine|[spread] p2b\n|-miss|p1b: Tyranitar|p2a: Arcanine\n|-damage|p2b: Hydreigon|43/100\n|move|p2a: Arcanine|Flare Blitz|p1a: Aegislash\n|-activate|p1a: Aegislash|move: Protect\n|-unboost|p2a: Arcanine|atk|1\n|cant|p2b: Hydreigon|flinch\n|\n|upkeep\n|turn|8\n|inactive|askeru has 30 seconds left.\n|inactive|askeru has 20 seconds left.\n|inactive|askeru has 15 seconds left.\n|\n|t:|1776210822\n|switch|p1a: Starmie|Starmie-Mega, L50, shiny|83/100\n|move|p2a: Arcanine|Protect|p2a: Arcanine\n|-singleturn|p2a: Arcanine|Protect\n|move|p1b: Tyranitar|Rock Slide|p2b: Hydreigon|[spread] \n|-activate|p2a: Arcanine|move: Protect\n|-miss|p1b: Tyranitar|p2b: Hydreigon\n|move|p2b: Hydreigon|Dark Pulse|p1a: Starmie\n|-supereffective|p1a: Starmie|1\n|-damage|p1a: Starmie|0 fnt\n|faint|p1a: Starmie\n|\n|upkeep\n|\n|t:|1776210830\n|switch|p1a: Aegislash|Aegislash, L50, M|100/100\n|turn|9\n|\n|t:|1776210852\n|switch|p1b: Aerodactyl|Aerodactyl, L50, M|100/100\n|-ability|p1b: Aerodactyl|Unnerve\n|switch|p2a: Sneasler|Sneasler, L50, F|100/100\n|move|p2b: Hydreigon|Protect|p2b: Hydreigon\n|-singleturn|p2b: Hydreigon|Protect\n|move|p1a: Aegislash|King's Shield||[still]\n|-fail|p1a: Aegislash\n|\n|upkeep\n|turn|10\n|inactive|mikesc has 30 seconds left.\n|inactive|mikesc has 20 seconds left.\n|\n|t:|1776210890\n|move|p1b: Aerodactyl|Protect|p1b: Aerodactyl\n|-singleturn|p1b: Aerodactyl|Protect\n|move|p2a: Sneasler|Fake Out|p1b: Aerodactyl\n|-activate|p1b: Aerodactyl|move: Protect\n|move|p2b: Hydreigon|Dark Pulse|p1a: Aegislash\n|-supereffective|p1a: Aegislash|1\n|-damage|p1a: Aegislash|45/100\n|cant|p1a: Aegislash|flinch\n|\n|-heal|p1a: Aegislash|51/100|[from] item: Leftovers\n|upkeep\n|turn|11\n|\n|t:|1776210910\n|switch|p1a: Tyranitar|Tyranitar, L50, M|89/100\n|-weather|Sandstorm|[from] ability: Sand Stream|[of] p1a: Tyranitar\n|move|p2a: Sneasler|Protect|p2a: Sneasler\n|-singleturn|p2a: Sneasler|Protect\n|move|p2b: Hydreigon|Protect|p2b: Hydreigon\n|-singleturn|p2b: Hydreigon|Protect\n|move|p1b: Aerodactyl|Dual Wingbeat|p2a: Sneasler\n|-activate|p2a: Sneasler|move: Protect\n|\n|-weather|Sandstorm|[upkeep]\n|-damage|p2a: Sneasler|95/100|[from] Sandstorm\n|-damage|p2b: Hydreigon|37/100|[from] Sandstorm\n|upkeep\n|turn|12\n|l|\u2606mikesc\n|inactive|mikesc disconnected and has a minute to reconnect!\n|player|p1|\n|inactive|mikesc has 30 seconds left.\n|inactive|askeru has 30 seconds left.\n|j|\u2606mikesc\n|inactive|mikesc reconnected and has 30 seconds left.\n|player|p1|mikesc|preschooler|\n|\n|t:|1776210942\n|move|p2a: Sneasler|Close Combat|p1a: Tyranitar\n|-supereffective|p1a: Tyranitar|2\n|-damage|p1a: Tyranitar|0 fnt\n|-unboost|p2a: Sneasler|def|1\n|-unboost|p2a: Sneasler|spd|1\n|faint|p1a: Tyranitar\n|-enditem|p2a: Sneasler|White Herb\n|-clearnegativeboost|p2a: Sneasler|[silent]\n|move|p1b: Aerodactyl|Dual Wingbeat|p2a: Sneasler\n|-supereffective|p2a: Sneasler|1\n|-damage|p2a: Sneasler|29/100\n|-supereffective|p2a: Sneasler|1\n|-damage|p2a: Sneasler|0 fnt\n|faint|p2a: Sneasler\n|-hitcount|p2: Sneasler|2\n|move|p2b: Hydreigon|Dragon Pulse|p1b: Aerodactyl\n|-damage|p1b: Aerodactyl|64/100\n|\n|-weather|Sandstorm|[upkeep]\n|-damage|p2b: Hydreigon|31/100|[from] Sandstorm\n|upkeep\n|-message|mikesc forfeited.\n|\n|win|askeru\n|raw|mikesc's rating: 1067 &rarr; <strong>1043</strong><br />(-24 for losing)\n|raw|askeru's rating: 1000 &rarr; <strong>1048</strong><br />(+48 for winning)\n|l|\u2606mikesc\n|player|p1|\n|l|\u2606askeru\n|player|p2|\n|j|\u2606askeru\n|player|p2|askeru|aromalady|\n",
  "uploadtime": 1776211039,
  "views": 24,
  "formatid": "gen9championsvgc2026regma",
  "rating": 1043,
  "private": 0,
  "password": null
}