{
  "id": "gen9championsvgc2026regma-2588834374",
  "format": "[Gen 9 Champions] VGC 2026 Reg M-A",
  "players": [
    "HenryS2046",
    "ashurasucks1028"
  ],
  "log": "|j|\u2606HenryS2046\n|j|\u2606ashurasucks1028\n|t:|1776676561\n|gametype|doubles\n|player|p1|HenryS2046|giovanni|\n|player|p2|ashurasucks1028|n|\n|gen|9\n|tier|[Gen 9 Champions] VGC 2026 Reg M-A\n|rule|Species Clause: Limit one of each Pok\u00e9mon\n|rule|Item Clause: Limit 1 of each item\n|clearpoke\n|poke|p1|Ceruledge, L50, F|\n|poke|p1|Gyarados, L50, F|\n|poke|p1|Dragonite, L50, F|\n|poke|p1|Lucario, L50, F|\n|poke|p1|Clefable, L50, F|\n|poke|p1|Volcarona, L50, F|\n|poke|p2|Charizard, L50, F, shiny|\n|poke|p2|Venusaur, L50, M, shiny|\n|poke|p2|Incineroar, L50, M|\n|poke|p2|Whimsicott, L50, F, shiny|\n|poke|p2|Garchomp, L50, M, shiny|\n|poke|p2|Rotom-Wash, L50|\n|teampreview|4\n|\n|t:|1776676631\n|teamsize|p1|4\n|teamsize|p2|4\n|start\n|switch|p1a: Volcarona|Volcarona, L50, F|100/100\n|switch|p1b: Clefable|Clefable, L50, F|100/100\n|switch|p2a: Garchomp|Garchomp, L50, M, shiny|100/100\n|switch|p2b: Whimsicott|Whimsicott, L50, F, shiny|100/100\n|turn|1\n|\n|t:|1776676652\n|move|p2b: Whimsicott|Tailwind|p2b: Whimsicott\n|-sidestart|p2: ashurasucks1028|move: Tailwind\n|move|p2a: Garchomp|Rock Slide|p1a: Volcarona|[spread] p1a,p1b\n|-supereffective|p1a: Volcarona|2\n|-damage|p1a: Volcarona|0 fnt\n|-damage|p1b: Clefable|73/100\n|faint|p1a: Volcarona\n|cant|p1b: Clefable|flinch\n|\n|upkeep\n|c|\u2606ashurasucks1028|YO\n|\n|t:|1776676665\n|switch|p1a: Dragonite|Dragonite, L50, F|100/100\n|turn|2\n|\n|t:|1776676692\n|move|p2a: Garchomp|Rock Slide|p1b: Clefable|[spread] p1a,p1b\n|-supereffective|p1a: Dragonite|1\n|-crit|p1b: Clefable\n|-damage|p1a: Dragonite|78/100\n|-damage|p1b: Clefable|34/100\n|move|p2b: Whimsicott|U-turn|p1a: Dragonite\n|-resisted|p1a: Dragonite|1\n|-damage|p1a: Dragonite|71/100\n|\n|t:|1776676722\n|switch|p2b: Incineroar|Incineroar, L50, M|100/100|[from] U-turn\n|-ability|p2b: Incineroar|Intimidate|boost\n|-unboost|p1a: Dragonite|atk|1\n|-unboost|p1b: Clefable|atk|1\n|move|p1a: Dragonite|Draco Meteor|p2a: Garchomp\n|-supereffective|p2a: Garchomp|1\n|-damage|p2a: Garchomp|0 fnt\n|-unboost|p1a: Dragonite|spa|2\n|faint|p2a: Garchomp\n|move|p1b: Clefable|Thunder Wave|p2b: Incineroar\n|-status|p2b: Incineroar|par\n|\n|upkeep\n|\n|t:|1776676729\n|switch|p2a: Jamalatron|Charizard, L50, F, shiny|100/100\n|turn|3\n|c|\u2606ashurasucks1028|watch this\n|\n|t:|1776676794\n|switch|p1b: Ceruledge|Ceruledge, L50, F|100/100\n|detailschange|p2a: Jamalatron|Charizard-Mega-Y, L50, F, shiny\n|-mega|p2a: Jamalatron|Charizard|Charizardite Y\n|-weather|SunnyDay|[from] ability: Drought|[of] p2a: Jamalatron\n|detailschange|p1a: Dragonite|Dragonite-Mega, L50, F\n|-mega|p1a: Dragonite|Dragonite|Dragoninite\n|move|p1a: Dragonite|Protect|p1a: Dragonite\n|-singleturn|p1a: Dragonite|Protect\n|move|p2b: Incineroar|Fake Out|p1b: Ceruledge\n|-immune|p1b: Ceruledge\n|move|p2a: Jamalatron|Heat Wave|p1a: Dragonite|[spread] p1b\n|-activate|p1a: Dragonite|move: Protect\n|-resisted|p1b: Ceruledge|1\n|-damage|p1b: Ceruledge|62/100\n|\n|-weather|SunnyDay|[upkeep]\n|upkeep\n|turn|4\n|c|\u2606ashurasucks1028|nvm I thought u would swap the big nite\n|\n|t:|1776676841\n|move|p2a: Jamalatron|Protect|p2a: Jamalatron\n|-singleturn|p2a: Jamalatron|Protect\n|move|p1a: Dragonite|Thunderbolt|p2a: Jamalatron\n|-activate|p2a: Jamalatron|move: Protect\n|move|p1b: Ceruledge|Destiny Bond|p1b: Ceruledge\n|-singlemove|p1b: Ceruledge|Destiny Bond\n|move|p2b: Incineroar|Parting Shot|p1b: Ceruledge\n|-unboost|p1b: Ceruledge|atk|1\n|-unboost|p1b: Ceruledge|spa|1\n|c|\u2606ashurasucks1028|MUAHHAHAHAH\n|\n|t:|1776676853\n|switch|p2b: Whimsicott|Whimsicott, L50, F, shiny|100/100|[from] Parting Shot\n|\n|-weather|SunnyDay|[upkeep]\n|-sideend|p2: ashurasucks1028|move: Tailwind\n|upkeep\n|turn|5\n|c|\u2606ashurasucks1028|was that awesome or what\n|c|\u2606ashurasucks1028|eh? eh?\n|\n|t:|1776676870\n|move|p2b: Whimsicott|Encore|p1b: Ceruledge\n|-start|p1b: Ceruledge|Encore\n|move|p2a: Jamalatron|Heat Wave|p1b: Ceruledge|[spread] p1a,p1b\n|-resisted|p1a: Dragonite|1\n|-resisted|p1b: Ceruledge|1\n|-damage|p1a: Dragonite|42/100\n|-damage|p1b: Ceruledge|22/100\n|move|p1a: Dragonite|Thunderbolt|p2a: Jamalatron\n|-supereffective|p2a: Jamalatron|1\n|-damage|p2a: Jamalatron|59/100\n|move|p1b: Ceruledge|Destiny Bond||[still]\n|-fail|p1b: Ceruledge\n|\n|-weather|SunnyDay|[upkeep]\n|upkeep\n|turn|6\n|\n|t:|1776676892\n|move|p2b: Whimsicott|Tailwind|p2b: Whimsicott\n|-sidestart|p2: ashurasucks1028|move: Tailwind\n|move|p2a: Jamalatron|Heat Wave|p1a: Dragonite|[spread] p1a\n|-miss|p2a: Jamalatron|p1b: Ceruledge\n|-resisted|p1a: Dragonite|1\n|-damage|p1a: Dragonite|16/100\n|move|p1a: Dragonite|Roost|p1a: Dragonite\n|-heal|p1a: Dragonite|66/100\n|-singleturn|p1a: Dragonite|move: Roost\n|move|p1b: Ceruledge|Destiny Bond|p1b: Ceruledge\n|-singlemove|p1b: Ceruledge|Destiny Bond\n|\n|-weather|SunnyDay|[upkeep]\n|upkeep\n|turn|7\n|\n|t:|1776676912\n|move|p2a: Jamalatron|Heat Wave|p1b: Ceruledge|[spread] p1a,p1b\n|-resisted|p1a: Dragonite|1\n|-resisted|p1b: Ceruledge|1\n|-damage|p1a: Dragonite|39/100\n|-damage|p1b: Ceruledge|0 fnt\n|faint|p1b: Ceruledge\n|-activate|p1b: Ceruledge|move: Destiny Bond\n|faint|p2a: Jamalatron\n|move|p2b: Whimsicott|U-turn|p1a: Dragonite\n|-resisted|p1a: Dragonite|1\n|-damage|p1a: Dragonite|33/100\n|\n|t:|1776676916\n|switch|p2b: Incineroar|Incineroar, L50, M|100/100 par|[from] U-turn\n|-ability|p2b: Incineroar|Intimidate|boost\n|-unboost|p1a: Dragonite|atk|1\n|move|p1a: Dragonite|Roost|p1a: Dragonite\n|-heal|p1a: Dragonite|83/100\n|-singleturn|p1a: Dragonite|move: Roost\n|\n|-weather|none\n|upkeep\n|\n|t:|1776676928\n|switch|p2a: Whimsicott|Whimsicott, L50, F, shiny|100/100\n|switch|p1b: Clefable|Clefable, L50, F|34/100\n|turn|8\n|\n|t:|1776676972\n|move|p1a: Dragonite|Protect|p1a: Dragonite\n|-singleturn|p1a: Dragonite|Protect\n|move|p2b: Incineroar|Fake Out|p1a: Dragonite\n|-activate|p1a: Dragonite|move: Protect\n|move|p2a: Whimsicott|Taunt|p1b: Clefable\n|-start|p1b: Clefable|move: Taunt\n|cant|p1b: Clefable|move: Taunt|Moonlight\n|\n|upkeep\n|turn|9\n|c|\u2606ashurasucks1028|BOOM\n|\n|t:|1776676999\n|move|p2a: Whimsicott|Encore||[still]\n|-fail|p2a: Whimsicott\n|move|p1a: Dragonite|Draco Meteor|p2b: Incineroar\n|-damage|p2b: Incineroar|65/100 par\n|-unboost|p1a: Dragonite|spa|2\n|move|p1b: Clefable|Moonblast|p2b: Incineroar\n|-damage|p2b: Incineroar|33/100 par\n|-enditem|p2b: Incineroar|Sitrus Berry|[eat]\n|-heal|p2b: Incineroar|58/100 par|[from] item: Sitrus Berry\n|move|p2b: Incineroar|Will-O-Wisp|p1a: Dragonite\n|-status|p1a: Dragonite|brn\n|\n|-damage|p1a: Dragonite|77/100 brn|[from] brn\n|-sideend|p2: ashurasucks1028|move: Tailwind\n|upkeep\n|turn|10\n|c|\u2606ashurasucks1028|aww man\n|\n|t:|1776677023\n|move|p1a: Dragonite|Draco Meteor|p2b: Incineroar\n|-damage|p2b: Incineroar|37/100 par\n|-unboost|p1a: Dragonite|spa|2\n|move|p2a: Whimsicott|U-turn|p1b: Clefable\n|-resisted|p1b: Clefable|1\n|-damage|p1b: Clefable|26/100\n|move|p1b: Clefable|Moonblast|p2b: Incineroar\n|-damage|p2b: Incineroar|0 fnt\n|faint|p2b: Incineroar\n|\n|-damage|p1a: Dragonite|71/100 brn|[from] brn\n|-end|p1b: Clefable|move: Taunt\n|upkeep\n|turn|11\n|c|\u2606ashurasucks1028|oh shit\n|c|\u2606ashurasucks1028|im cooked\n|\n|t:|1776677048\n|move|p1a: Dragonite|Roost|p1a: Dragonite\n|-heal|p1a: Dragonite|100/100 brn\n|-singleturn|p1a: Dragonite|move: Roost\n|move|p2a: Whimsicott|U-turn|p1b: Clefable\n|-resisted|p1b: Clefable|1\n|-crit|p1b: Clefable\n|-damage|p1b: Clefable|15/100\n|move|p1b: Clefable|Moonlight|p1b: Clefable\n|-heal|p1b: Clefable|65/100\n|\n|-damage|p1a: Dragonite|95/100 brn|[from] brn\n|upkeep\n|turn|12\n|c|\u2606HenryS2046|hey watson\n|c|\u2606HenryS2046|cinder block\n|c|\u2606ashurasucks1028|KAPLOWATORNARIUM\n|\n|t:|1776677077\n|move|p1b: Clefable|Helping Hand|p1a: Dragonite\n|-singleturn|p1a: Dragonite|Helping Hand|[of] p1b: Clefable\n|move|p2a: Whimsicott|Taunt|p1b: Clefable\n|-start|p1b: Clefable|move: Taunt\n|move|p1a: Dragonite|Thunderbolt|p2a: Whimsicott\n|-resisted|p2a: Whimsicott|1\n|-damage|p2a: Whimsicott|90/100\n|\n|-damage|p1a: Dragonite|89/100 brn|[from] brn\n|upkeep\n|turn|13\n|\n|t:|1776677138\n|move|p1a: Dragonite|Thunderbolt|p2a: Whimsicott\n|-resisted|p2a: Whimsicott|1\n|-damage|p2a: Whimsicott|84/100\n|-status|p2a: Whimsicott|par\n|move|p1b: Clefable|Moonblast|p2a: Whimsicott\n|-damage|p2a: Whimsicott|32/100 par\n|-unboost|p2a: Whimsicott|spa|1\n|move|p2a: Whimsicott|U-turn|p1b: Clefable\n|-resisted|p1b: Clefable|1\n|-damage|p1b: Clefable|57/100\n|\n|-damage|p1a: Dragonite|83/100 brn|[from] brn\n|upkeep\n|turn|14\n|c|\u2606ashurasucks1028|NOOOO\n|c|\u2606HenryS2046|lmao\n|c|\u2606ashurasucks1028|its over\n|c|\u2606HenryS2046|i was also gonna use thunderwave just for the lols\n|c|\u2606HenryS2046|and now i dont need to\n|c|\u2606ashurasucks1028|BRUH\n|\n|t:|1776677161\n|move|p1a: Dragonite|Thunderbolt|p2a: Whimsicott\n|-resisted|p2a: Whimsicott|1\n|-damage|p2a: Whimsicott|26/100 par\n|move|p1b: Clefable|Moonblast|p2a: Whimsicott\n|-damage|p2a: Whimsicott|0 fnt\n|faint|p2a: Whimsicott\n|\n|win|HenryS2046\n|c|\u2606HenryS2046|ggs\n|c|\u2606ashurasucks1028|ggs\n|c|\u2606HenryS2046|lmao i just realized\n|c|\u2606ashurasucks1028|wouldve been cool if incineroar killed clefable\n|c|\u2606HenryS2046|i lost using geo's team\n|c|\u2606HenryS2046|won with mine\n|c|\u2606ashurasucks1028|it wouldve been such a slow match\n|c|\u2606ashurasucks1028|LOL\n|c|\u2606HenryS2046|it's literally rock paper scissors bro :sob:\n",
  "uploadtime": 1776677201,
  "views": 16,
  "formatid": "gen9championsvgc2026regma",
  "rating": null,
  "private": 0,
  "password": null
}