{
  "id": "gen9championsvgc2026regma-2587685943",
  "format": "[Gen 9 Champions] VGC 2026 Reg M-A",
  "players": [
    "dl joltyzz",
    "Temper0"
  ],
  "log": "|j|\u2606dl joltyzz\n|j|\u2606Temper0\n|html|<table width=\"100%\"><tr><td align=\"left\">dl joltyzz</td><td align=\"right\">Temper0</tr><tr><td align=\"left\"><i class=\"fa fa-circle-o\"></i> <i class=\"fa fa-circle-o\"></i> </td><td align=\"right\"><i class=\"fa fa-circle-o\"></i> <i class=\"fa fa-circle-o\"></i> </tr></table>\n|uhtml|bestof|<h2><strong>Game 1</strong> of <a href=\"/game-bestof3-gen9championsvgc2026regma-2587685942\">a best-of-3</a></h2>\n|t:|1776553810\n|gametype|doubles\n|player|p1|dl joltyzz|winona|\n|player|p2|Temper0|drayden|\n|gen|9\n|tier|[Gen 9 Champions] VGC 2026 Reg M-A\n|rule|Species Clause: Limit one of each Pok\u00e9mon\n|rule|Item Clause: Limit 1 of each item\n|raw|<div class=\"infobox\"><details class=\"readmore\" open><summary><strong>1 custom rule:</strong></summary> Best of = 3</details></div>\n|clearpoke\n|poke|p1|Froslass, L50, F|\n|poke|p1|Rotom-Frost, L50|\n|poke|p1|Arcanine, L50, M|\n|poke|p1|Palafin, L50, F|\n|poke|p1|Ditto, L50|\n|poke|p1|Dragonite, L50, F|\n|poke|p2|Dragapult, L50, M|\n|poke|p2|Aggron, L50, M, shiny|\n|poke|p2|Raichu, L50, M, shiny|\n|poke|p2|Scovillain, L50, F, shiny|\n|poke|p2|Mr. Rime, L50, F, shiny|\n|poke|p2|Charizard, L50, M, shiny|\n|teampreview|4\nTemper0 has agreed to open team sheets.\n|c|\u2606Temper0|hf\n|c|\u2606Temper0|oh ive got auto team sheets on\n|c|\u2606Temper0|oop\n|c|\u2606dl joltyzz|all g lol\n|c|\u2606dl joltyzz|glhf\n|inactive|Battle timer is ON: inactive players will automatically lose when time's up. (requested by Temper0)\n|\n|t:|1776553898\n|teamsize|p1|4\n|teamsize|p2|4\n|start\n|switch|p1a: Arcanine|Arcanine, L50, M|100/100\n|switch|p1b: Palafin|Palafin, L50, F|100/100\n|switch|p2a: Charizard|Charizard, L50, M, shiny|100/100\n|switch|p2b: Dragapult|Dragapult, L50, M|100/100\n|-ability|p1a: Arcanine|Intimidate|boost\n|-unboost|p2a: Charizard|atk|1\n|-fail|p2b: Dragapult|unboost|[from] ability: Clear Body|[of] p2b: Dragapult\n|turn|1\n|inactive|dl joltyzz has 30 seconds left.\n|inactive|Temper0 has 30 seconds left.\n|inactive|Temper0 has 20 seconds left.\n|inactive|Temper0 has 15 seconds left.\n|inactive|Temper0 has 10 seconds left.\n|\n|t:|1776553945\n|detailschange|p1b: Palafin|Palafin-Hero, L50, F\n|switch|p1b: Ditto|Ditto, L50|100/100\n|-transform|p1b: Ditto|p2a: Charizard|[from] ability: Imposter\n|move|p2a: Charizard|Protect|p2a: Charizard\n|-singleturn|p2a: Charizard|Protect\n|move|p2b: Dragapult|Dragon Claw|p1a: Arcanine\n|-damage|p1a: Arcanine|50/100\n|-enditem|p1a: Arcanine|Sitrus Berry|[eat]\n|-heal|p1a: Arcanine|75/100|[from] item: Sitrus Berry\n|move|p1a: Arcanine|Will-O-Wisp|p2b: Dragapult\n|-status|p2b: Dragapult|brn\n|\n|-damage|p2b: Dragapult|94/100 brn|[from] brn\n|upkeep\n|turn|2\n|inactive|dl joltyzz has 30 seconds left.\n|inactive|Temper0 has 30 seconds left.\n|\n|t:|1776553979\n|switch|p1b: Dragonite|Dragonite, L50, F|100/100\n|switch|p1a: Palafin|Palafin-Hero, L50, F|100/100\n|-activate|p1a: Palafin|ability: Zero to Hero\n|detailschange|p2a: Charizard|Charizard-Mega-Y, L50, M, shiny\n|-mega|p2a: Charizard|Charizard|Charizardite Y\n|-weather|SunnyDay|[from] ability: Drought|[of] p2a: Charizard\n|move|p2b: Dragapult|U-turn|p1a: Palafin\n|-damage|p1a: Palafin|89/100\n|\n|t:|1776553999\n|switch|p2b: Mr. Rime|Mr. Rime, L50, F, shiny|100/100|[from] U-turn\n|move|p2a: Charizard|Heat Wave|p1b: Dragonite|[spread] p1a,p1b\n|-resisted|p1a: Palafin|1\n|-resisted|p1b: Dragonite|1\n|-damage|p1a: Palafin|55/100\n|-damage|p1b: Dragonite|85/100\n|\n|-weather|SunnyDay|[upkeep]\n|upkeep\n|turn|3\n|inactive|dl joltyzz has 30 seconds left.\n|\n|t:|1776554028\n|move|p2a: Charizard|Protect|p2a: Charizard\n|-singleturn|p2a: Charizard|Protect\n|move|p1a: Palafin|Wave Crash|p2a: Charizard\n|-activate|p2a: Charizard|move: Protect\n|move|p1b: Dragonite|Stone Edge|p2a: Charizard\n|-activate|p2a: Charizard|move: Protect\n|move|p2b: Mr. Rime|Blizzard|p1b: Dragonite|[spread] p1a,p1b\n|-resisted|p1a: Palafin|1\n|-crit|p1a: Palafin\n|-supereffective|p1b: Dragonite|2\n|-damage|p1a: Palafin|28/100\n|-damage|p1b: Dragonite|0 fnt\n|faint|p1b: Dragonite\n|\n|-weather|SunnyDay|[upkeep]\n|upkeep\n|\n|t:|1776554042\n|switch|p1b: Ditto|Ditto, L50|100/100\n|-transform|p1b: Ditto|p2a: Charizard|[from] ability: Imposter\n|turn|4\n|\n|t:|1776554058\n|switch|p2a: Dragapult|Dragapult, L50, M|94/100 brn\n|move|p1a: Palafin|Jet Punch|p2a: Dragapult\n|-resisted|p2a: Dragapult|1\n|-damage|p2a: Dragapult|78/100 brn\n|move|p1b: Ditto|Heat Wave|p2b: Mr. Rime|[spread] p2a,p2b\n|-resisted|p2a: Dragapult|1\n|-supereffective|p2b: Mr. Rime|1\n|-damage|p2a: Dragapult|32/100 brn\n|-damage|p2b: Mr. Rime|0 fnt\n|faint|p2b: Mr. Rime\n|\n|-weather|SunnyDay|[upkeep]\n|-damage|p2a: Dragapult|26/100 brn|[from] brn\n|upkeep\n|\n|t:|1776554067\n|switch|p2b: Scovillain|Scovillain, L50, F, shiny|100/100\n|turn|5\n|inactive|Temper0 has 30 seconds left.\n|\n|t:|1776554100\n|move|p1a: Palafin|Jet Punch|p2b: Scovillain\n|-damage|p2b: Scovillain|71/100\n|move|p1b: Ditto|Heat Wave|p2a: Dragapult|[spread] p2a,p2b\n|-resisted|p2a: Dragapult|1\n|-damage|p2a: Dragapult|0 fnt\n|-damage|p2b: Scovillain|1/100\n|faint|p2a: Dragapult\n|move|p2b: Scovillain|Spicy Extract|p1b: Ditto\n|-boost|p1b: Ditto|atk|2\n|-unboost|p1b: Ditto|def|2\n|\n|-weather|SunnyDay|[upkeep]\n|upkeep\n|\n|t:|1776554110\n|switch|p2a: Charizard|Charizard-Mega-Y, L50, M, shiny|100/100\n|turn|6\n|inactive|dl joltyzz has 30 seconds left.\n|\n|t:|1776554138\n|move|p1a: Palafin|Protect|p1a: Palafin\n|-singleturn|p1a: Palafin|Protect\n|move|p1b: Ditto|Heat Wave|p2b: Scovillain|[spread] p2a,p2b\n|-resisted|p2a: Charizard|1\n|-damage|p2a: Charizard|68/100\n|-damage|p2b: Scovillain|0 fnt\n|faint|p2b: Scovillain\n|move|p2a: Charizard|Heat Wave|p1a: Palafin|[spread] p1b\n|-activate|p1a: Palafin|move: Protect\n|-resisted|p1b: Ditto|1\n|-damage|p1b: Ditto|68/100\n|\n|-weather|none\n|upkeep\n|turn|7\n|j| Midbus1\n|\n|t:|1776554155\n|move|p1a: Palafin|Jet Punch|p2a: Charizard\n|-supereffective|p2a: Charizard|1\n|-damage|p2a: Charizard|0 fnt\n|faint|p2a: Charizard\n|\n|win|dl joltyzz\n",
  "uploadtime": 1776554159,
  "views": 24,
  "formatid": "gen9championsvgc2026regma",
  "rating": null,
  "private": 0,
  "password": null
}