{
  "id": "gen9championsvgc2026regma-2586020665",
  "format": "[Gen 9 Champions] VGC 2026 Reg M-A",
  "players": [
    "steelx_poke",
    "toxmyself"
  ],
  "log": "|j|\u2606steelx_poke\n|j|\u2606toxmyself\n|t:|1776390967\n|gametype|doubles\n|player|p1|steelx_poke|2|1198\n|player|p2|toxmyself|norman|1295\n|gen|9\n|tier|[Gen 9 Champions] VGC 2026 Reg M-A\n|rated|\n|rule|Species Clause: Limit one of each Pok\u00e9mon\n|rule|Item Clause: Limit 1 of each item\n|clearpoke\n|poke|p1|Dragonite, L50, M|\n|poke|p1|Politoed, L50, M|\n|poke|p1|Incineroar, L50, F|\n|poke|p1|Kingambit, L50, F|\n|poke|p1|Sneasler, L50, F|\n|poke|p1|Meowscarada, L50, F|\n|poke|p2|Charizard, L50, F|\n|poke|p2|Milotic, L50, F|\n|poke|p2|Aegislash, L50, F|\n|poke|p2|Sneasler, L50, F|\n|poke|p2|Aerodactyl, L50, M|\n|poke|p2|Sylveon, L50, M|\n|teampreview|4\n|inactive|Battle timer is ON: inactive players will automatically lose when time's up. (requested by toxmyself)\n|inactive|steelx_poke has 60 seconds left.\n|\n|t:|1776390999\n|teamsize|p1|4\n|teamsize|p2|4\n|start\n|switch|p1a: Dragonite|Dragonite, L50, M|100/100\n|switch|p1b: Kingambit|Kingambit, L50, F|100/100\n|switch|p2a: Charizard|Charizard, L50, F|100/100\n|switch|p2b: Milotic|Milotic, L50, F|100/100\n|turn|1\n|\n|t:|1776391019\n|detailschange|p1a: Dragonite|Dragonite-Mega, L50, M\n|-mega|p1a: Dragonite|Dragonite|Dragoninite\n|move|p1b: Kingambit|Protect|p1b: Kingambit\n|-singleturn|p1b: Kingambit|Protect\n|move|p2a: Charizard|Dragon Dance|p2a: Charizard\n|-boost|p2a: Charizard|atk|1\n|-boost|p2a: Charizard|spe|1\n|move|p1a: Dragonite|Tailwind|p1a: Dragonite\n|-sidestart|p1: steelx_poke|move: Tailwind\n|move|p2b: Milotic|Scald|p1b: Kingambit\n|-activate|p1b: Kingambit|move: Protect\n|\n|upkeep\n|turn|2\n|inactive|steelx_poke has 30 seconds left.\n|inactive|toxmyself has 30 seconds left.\n|\n|t:|1776391052\n|switch|p1b: Politoed|Politoed, L50, M|100/100\n|-weather|RainDance|[from] ability: Drizzle|[of] p1b: Politoed\n|switch|p2b: Sneasler|Sneasler, L50, F|100/100\n|move|p2a: Charizard|Protect|p2a: Charizard\n|-singleturn|p2a: Charizard|Protect\n|move|p1a: Dragonite|Hurricane|p2b: Sneasler\n|-supereffective|p2b: Sneasler|1\n|-damage|p2b: Sneasler|0 fnt\n|faint|p2b: Sneasler\n|\n|-weather|RainDance|[upkeep]\n|upkeep\n|\n|t:|1776391065\n|switch|p2b: Sylveon|Sylveon, L50, M|100/100\n|turn|3\n|\n|t:|1776391085\n|detailschange|p2a: Charizard|Charizard-Mega-X, L50, F\n|-mega|p2a: Charizard|Charizard|Charizardite X\n|move|p2b: Sylveon|Quick Attack|p1a: Dragonite\n|-supereffective|p1a: Dragonite|1\n|-damage|p1a: Dragonite|91/100\n|move|p1a: Dragonite|Hurricane|p2b: Sylveon\n|-damage|p2b: Sylveon|48/100\n|move|p2a: Charizard|Dragon Claw|p1a: Dragonite\n|-supereffective|p1a: Dragonite|1\n|-crit|p1a: Dragonite\n|-damage|p1a: Dragonite|0 fnt\n|faint|p1a: Dragonite\n|move|p1b: Politoed|Weather Ball|p2b: Sylveon\n|-damage|p2b: Sylveon|1/100\n|\n|-weather|RainDance|[upkeep]\n|upkeep\n|\n|t:|1776391108\n|switch|p1a: Sneasler|Sneasler, L50, F|100/100\n|turn|4\n|\n|t:|1776391119\n|move|p2a: Charizard|Protect|p2a: Charizard\n|-singleturn|p2a: Charizard|Protect\n|move|p2b: Sylveon|Protect|p2b: Sylveon\n|-singleturn|p2b: Sylveon|Protect\n|move|p1a: Sneasler|Fake Out|p2b: Sylveon\n|-activate|p2b: Sylveon|move: Protect\n|move|p1b: Politoed|Weather Ball|p2a: Charizard\n|-activate|p2a: Charizard|move: Protect\n|\n|-weather|RainDance|[upkeep]\n|-sideend|p1: steelx_poke|move: Tailwind\n|upkeep\n|turn|5\n|\n|t:|1776391140\n|switch|p2b: Milotic|Milotic, L50, F|100/100\n|move|p1a: Sneasler|Upper Hand||[still]\n|-fail|p1a: Sneasler\n|move|p2a: Charizard|Dragon Claw|p1a: Sneasler\n|-enditem|p1a: Sneasler|Focus Sash\n|-damage|p1a: Sneasler|1/100\n|move|p1b: Politoed|Weather Ball|p2a: Charizard\n|-damage|p2a: Charizard|31/100\n|\n|-weather|RainDance|[upkeep]\n|upkeep\n|turn|6\n|-activate|p1b: Politoed|item: Quick Claw\n|\n|t:|1776391162\n|move|p1b: Politoed|Helping Hand|p1a: Sneasler\n|-singleturn|p1a: Sneasler|Helping Hand|[of] p1b: Politoed\n|move|p2a: Charizard|Protect|p2a: Charizard\n|-singleturn|p2a: Charizard|Protect\n|move|p1a: Sneasler|Dire Claw|p2b: Milotic\n|-damage|p2b: Milotic|47/100\n|move|p2b: Milotic|Scald|p1a: Sneasler\n|-damage|p1a: Sneasler|0 fnt\n|faint|p1a: Sneasler\n|\n|-weather|none\n|-heal|p2b: Milotic|54/100|[from] item: Leftovers\n|upkeep\n|\n|t:|1776391165\n|switch|p1a: Kingambit|Kingambit, L50, F|100/100\n|turn|7\n|\n|t:|1776391179\n|move|p1a: Kingambit|Protect|p1a: Kingambit\n|-singleturn|p1a: Kingambit|Protect\n|move|p2a: Charizard|Flare Blitz|p1a: Kingambit\n|-activate|p1a: Kingambit|move: Protect\n|move|p2b: Milotic|Recover|p2b: Milotic\n|-heal|p2b: Milotic|100/100\n|move|p1b: Politoed|Ice Beam|p2a: Charizard\n|-damage|p2a: Charizard|3/100\n|\n|upkeep\n|turn|8\n|\n|t:|1776391201\n|move|p1a: Kingambit|Sucker Punch|p2a: Charizard\n|-damage|p2a: Charizard|0 fnt\n|faint|p2a: Charizard\n|move|p2b: Milotic|Scald|p1a: Kingambit\n|-damage|p1a: Kingambit|67/100\n|move|p1b: Politoed|Weather Ball|p2b: Milotic\n|-damage|p2b: Milotic|90/100\n|\n|-heal|p2b: Milotic|96/100|[from] item: Leftovers\n|upkeep\n|\n|t:|1776391204\n|switch|p2a: Sylveon|Sylveon, L50, M|1/100\n|turn|9\n|inactive|steelx_poke has 30 seconds left.\n|inactive|toxmyself has 30 seconds left.\n|inactive|steelx_poke has 20 seconds left.\n|inactive|steelx_poke has 15 seconds left.\n|\n|t:|1776391245\n|move|p1a: Kingambit|Protect|p1a: Kingambit\n|-singleturn|p1a: Kingambit|Protect\n|move|p2a: Sylveon|Quick Attack|p1a: Kingambit\n|-activate|p1a: Kingambit|move: Protect\n|move|p2b: Milotic|Scald|p1a: Kingambit\n|-activate|p1a: Kingambit|move: Protect\n|move|p1b: Politoed|Ice Beam|p2a: Sylveon\n|-damage|p2a: Sylveon|0 fnt\n|faint|p2a: Sylveon\n|\n|-heal|p2b: Milotic|100/100|[from] item: Leftovers\n|upkeep\n|turn|10\n|c|\u2606toxmyself|youre just better\n|-message|toxmyself forfeited.\n|\n|win|steelx_poke\n|raw|steelx_poke's rating: 1198 &rarr; <strong>1230</strong><br />(+32 for winning)\n|raw|toxmyself's rating: 1295 &rarr; <strong>1263</strong><br />(-32 for losing)\n",
  "uploadtime": 1776391258,
  "views": 21,
  "formatid": "gen9championsvgc2026regma",
  "rating": 1230,
  "private": 0,
  "password": null
}