{
  "id": "gen9championsvgc2026regma-2583533242",
  "format": "[Gen 9 Champions] VGC 2026 Reg M-A",
  "players": [
    "chris466",
    "okk0ik"
  ],
  "log": "|j|\u2606chris466\n|j|\u2606okk0ik\n|t:|1776181657\n|gametype|doubles\n|player|p1|chris466|red|1114\n|player|p2|okk0ik|giovanni|1056\n|gen|9\n|tier|[Gen 9 Champions] VGC 2026 Reg M-A\n|rated|\n|rule|Species Clause: Limit one of each Pok\u00e9mon\n|rule|Item Clause: Limit 1 of each item\n|clearpoke\n|poke|p1|Sneasler, L50, F|\n|poke|p1|Golurk, L50|\n|poke|p1|Ninetales-Alola, L50, M|\n|poke|p1|Incineroar, L50, M|\n|poke|p1|Archaludon, L50, F|\n|poke|p1|Primarina, L50, F|\n|poke|p2|Blastoise, L50, F|\n|poke|p2|Farigiraf, L50, M|\n|poke|p2|Incineroar, L50, F|\n|poke|p2|Hatterene, L50, F|\n|poke|p2|Milotic, L50, F|\n|poke|p2|Toxicroak, L50, M|\n|teampreview|4\n|\n|t:|1776181693\n|teamsize|p1|4\n|teamsize|p2|4\n|start\n|switch|p1a: Ninetales|Ninetales-Alola, L50, M|100/100\n|switch|p1b: Archaludon|Archaludon, L50, F|100/100\n|switch|p2a: Farigiraf|Farigiraf, L50, M, shiny|100/100\n|switch|p2b: Incineroar|Incineroar, L50, F, shiny|100/100\n|-weather|Snowscape|[from] ability: Snow Warning|[of] p1a: Ninetales\n|-ability|p2b: Incineroar|Intimidate|boost\n|-unboost|p1a: Ninetales|atk|1\n|-unboost|p1b: Archaludon|atk|1\n|turn|1\n|\n|t:|1776181725\n|move|p1a: Ninetales|Protect|p1a: Ninetales\n|-singleturn|p1a: Ninetales|Protect\n|move|p2b: Incineroar|Fake Out|p1b: Archaludon\n|-resisted|p1b: Archaludon|1\n|-damage|p1b: Archaludon|96/100\n|cant|p1b: Archaludon|flinch\n|move|p2a: Farigiraf|Trick Room|p2a: Farigiraf\n|-fieldstart|move: Trick Room|[of] p2a: Farigiraf\n|\n|-weather|Snowscape|[upkeep]\n|upkeep\n|turn|2\n|inactive|Battle timer is ON: inactive players will automatically lose when time's up. (requested by chris466)\n|\n|t:|1776181742\n|move|p2a: Farigiraf|Psychic Terrain|p2a: Farigiraf\n|-fieldstart|move: Psychic Terrain\n|move|p2b: Incineroar|Parting Shot|p1a: Ninetales\n|-unboost|p1a: Ninetales|atk|1\n|-unboost|p1a: Ninetales|spa|1\n|\n|t:|1776181748\n|switch|p2b: Hatterene|Hatterene, L50, F, shiny|100/100|[from] Parting Shot\n|move|p1b: Archaludon|Metal Burst||[still]\n|-fail|p1b: Archaludon\n|move|p1a: Ninetales|Aurora Veil|p1a: Ninetales\n|-sidestart|p1: chris466|move: Aurora Veil\n|\n|-weather|Snowscape|[upkeep]\n|upkeep\n|turn|3\n|\n|t:|1776181758\n|move|p2b: Hatterene|Expanding Force|p1b: Archaludon|[spread] p1a,p1b\n|-resisted|p1b: Archaludon|1\n|-damage|p1a: Ninetales|60/100\n|-damage|p1b: Archaludon|68/100\n|move|p2a: Farigiraf|Expanding Force|p1a: Ninetales|[spread] p1a,p1b\n|-resisted|p1b: Archaludon|1\n|-damage|p1a: Ninetales|27/100\n|-damage|p1b: Archaludon|46/100\n|move|p1b: Archaludon|Heavy Slam|p2b: Hatterene\n|-supereffective|p2b: Hatterene|1\n|-damage|p2b: Hatterene|24/100\n|-enditem|p2b: Hatterene|Sitrus Berry|[eat]\n|-heal|p2b: Hatterene|49/100|[from] item: Sitrus Berry\n|move|p1a: Ninetales|Icy Wind|p2b: Hatterene|[spread] p2a,p2b\n|-damage|p2a: Farigiraf|94/100\n|-damage|p2b: Hatterene|43/100\n|-unboost|p2a: Farigiraf|spe|1\n|-unboost|p2b: Hatterene|spe|1\n|\n|-weather|Snowscape|[upkeep]\n|upkeep\n|turn|4\n|\n|t:|1776181766\n|move|p1a: Ninetales|Protect|p1a: Ninetales\n|-singleturn|p1a: Ninetales|Protect\n|move|p2b: Hatterene|Expanding Force|p1b: Archaludon|[spread] p1b\n|-activate|p1a: Ninetales|move: Protect\n|-resisted|p1b: Archaludon|1\n|-damage|p1b: Archaludon|20/100\n|move|p2a: Farigiraf|Expanding Force|p1a: Ninetales|[spread] p1b\n|-activate|p1a: Ninetales|move: Protect\n|-resisted|p1b: Archaludon|1\n|-crit|p1b: Archaludon\n|-damage|p1b: Archaludon|0 fnt\n|faint|p1b: Archaludon\n|\n|-weather|Snowscape|[upkeep]\n|upkeep\n|\n|t:|1776181771\n|switch|p1b: Primarina|Primarina, L50, F|100/100\n|turn|5\n|\n|t:|1776181782\n|switch|p1a: Incineroar|Incineroar, L50, M|100/100\n|-ability|p1a: Incineroar|Intimidate|boost\n|-unboost|p2a: Farigiraf|atk|1\n|-unboost|p2b: Hatterene|atk|1\n|move|p1b: Primarina|Calm Mind|p1b: Primarina\n|-boost|p1b: Primarina|spa|1\n|-boost|p1b: Primarina|spd|1\n|move|p2b: Hatterene|Trick Room|p2b: Hatterene\n|-fieldend|move: Trick Room\n|move|p2a: Farigiraf|Trick Room|p2a: Farigiraf\n|-fieldstart|move: Trick Room|[of] p2a: Farigiraf\n|\n|-weather|none\n|upkeep\n|turn|6\n|inactive|okk0ik has 30 seconds left.\n|\n|t:|1776181815\n|switch|p2a: Incineroar|Incineroar, L50, F, shiny|100/100\n|-ability|p2a: Incineroar|Intimidate|boost\n|-unboost|p1a: Incineroar|atk|1\n|-unboost|p1b: Primarina|atk|1\n|move|p2b: Hatterene|Protect|p2b: Hatterene\n|-singleturn|p2b: Hatterene|Protect\n|move|p1b: Primarina|Calm Mind|p1b: Primarina\n|-boost|p1b: Primarina|spa|1\n|-boost|p1b: Primarina|spd|1\n|move|p1a: Incineroar|Parting Shot|p2b: Hatterene\n|-activate|p2b: Hatterene|move: Protect\n|\n|-sideend|p1: chris466|move: Aurora Veil\n|-fieldend|move: Psychic Terrain\n|upkeep\n|turn|7\n|inactive|okk0ik has 30 seconds left.\n|inactive|okk0ik has 20 seconds left.\n|\n|t:|1776181852\n|switch|p2b: Blastoise|Blastoise, L50, F, shiny|100/100\n|move|p1b: Primarina|Hyper Voice|p2b: Blastoise|[spread] p2a,p2b\n|-supereffective|p2a: Incineroar|1\n|-resisted|p2b: Blastoise|1\n|-damage|p2a: Incineroar|26/100\n|-damage|p2b: Blastoise|76/100\n|move|p2a: Incineroar|Throat Chop|p1b: Primarina\n|-resisted|p1b: Primarina|1\n|-crit|p1b: Primarina\n|-damage|p1b: Primarina|80/100\n|-start|p1b: Primarina|Throat Chop|[silent]\n|move|p1a: Incineroar|Parting Shot|p2a: Incineroar\n|-unboost|p2a: Incineroar|atk|1\n|-unboost|p2a: Incineroar|spa|1\n|\n|t:|1776181862\n|switch|p1a: Ninetales|Ninetales-Alola, L50, M|27/100|[from] Parting Shot\n|-weather|Snowscape|[from] ability: Snow Warning|[of] p1a: Ninetales\n|\n|-weather|Snowscape|[upkeep]\n|-heal|p1b: Primarina|86/100|[from] item: Leftovers\n|upkeep\n|turn|8\n|inactive|okk0ik has 30 seconds left.\n|\n|t:|1776181888\n|detailschange|p2b: Blastoise|Blastoise-Mega, L50, F, shiny\n|-mega|p2b: Blastoise|Blastoise|Blastoisinite\n|move|p1a: Ninetales|Protect|p1a: Ninetales\n|-singleturn|p1a: Ninetales|Protect\n|move|p1b: Primarina|Moonblast|p2b: Blastoise\n|-damage|p2b: Blastoise|8/100\n|move|p2a: Incineroar|Flare Blitz|p1a: Ninetales\n|-activate|p1a: Ninetales|move: Protect\n|move|p2b: Blastoise|Dark Pulse|p1b: Primarina\n|-resisted|p1b: Primarina|1\n|-damage|p1b: Primarina|76/100\n|\n|-weather|Snowscape|[upkeep]\n|-heal|p1b: Primarina|82/100|[from] item: Leftovers\n|-end|p1b: Primarina|Throat Chop|[silent]\n|upkeep\n|turn|9\n|\n|t:|1776181902\n|switch|p2b: Hatterene|Hatterene, L50, F, shiny|43/100\n|switch|p1a: Incineroar|Incineroar, L50, M|100/100\n|-ability|p1a: Incineroar|Intimidate|boost\n|-unboost|p2a: Incineroar|atk|1\n|-unboost|p2b: Hatterene|atk|1\n|move|p1b: Primarina|Hyper Voice|p2b: Hatterene|[spread] p2a,p2b\n|-supereffective|p2a: Incineroar|1\n|-damage|p2a: Incineroar|0 fnt\n|-damage|p2b: Hatterene|0 fnt\n|faint|p2a: Incineroar\n|faint|p2b: Hatterene\n|\n|-weather|Snowscape|[upkeep]\n|-heal|p1b: Primarina|88/100|[from] item: Leftovers\n|-fieldend|move: Trick Room\n|upkeep\n|-message|okk0ik forfeited.\n|\n|win|chris466\n|raw|chris466's rating: 1114 &rarr; <strong>1135</strong><br />(+21 for winning)\n|raw|okk0ik's rating: 1056 &rarr; <strong>1041</strong><br />(-15 for losing)\n|l|\u2606okk0ik\n|player|p2|\n",
  "uploadtime": 1776181918,
  "views": 15,
  "formatid": "gen9championsvgc2026regma",
  "rating": 1041,
  "private": 0,
  "password": null
}