{
  "id": "gen9championsvgc2026regma-2584720861",
  "format": "[Gen 9 Champions] VGC 2026 Reg M-A",
  "players": [
    "workdigi",
    "Laobeifong"
  ],
  "log": "|j|\u2606workdigi\n|j|\u2606Laobeifong\n|t:|1776278991\n|gametype|doubles\n|player|p1|workdigi|170|1110\n|player|p2|Laobeifong|266|1164\n|gen|9\n|tier|[Gen 9 Champions] VGC 2026 Reg M-A\n|rated|\n|rule|Species Clause: Limit one of each Pok\u00e9mon\n|rule|Item Clause: Limit 1 of each item\n|clearpoke\n|poke|p1|Floette-Eternal, L50, F|\n|poke|p1|Garchomp, L50, M|\n|poke|p1|Sneasler, L50, M|\n|poke|p1|Rotom-Wash, L50|\n|poke|p1|Aerodactyl, L50, M|\n|poke|p1|Incineroar, L50, M|\n|poke|p2|Floette-Eternal, L50, F|\n|poke|p2|Rotom-Wash, L50|\n|poke|p2|Aegislash, L50, F|\n|poke|p2|Garchomp, L50, F|\n|poke|p2|Talonflame, L50, M|\n|poke|p2|Maushold, L50|\n|teampreview|4\n|inactive|Battle timer is ON: inactive players will automatically lose when time's up. (requested by Laobeifong)\n|\n|t:|1776279015\n|teamsize|p1|4\n|teamsize|p2|4\n|start\n|switch|p1a: Aerodactyl|Aerodactyl, L50, M, shiny|100/100\n|switch|p1b: Garchomp|Garchomp, L50, M|100/100\n|switch|p2a: Talonflame|Talonflame, L50, M|100/100\n|switch|p2b: Rotom|Rotom-Wash, L50|100/100\n|-ability|p1a: Aerodactyl|Unnerve\n|turn|1\n|inactive|workdigi has 30 seconds left.\n|inactive|Laobeifong has 30 seconds left.\n|\n|t:|1776279049\n|move|p1a: Aerodactyl|Tailwind|p1a: Aerodactyl\n|-sidestart|p1: workdigi|move: Tailwind\n|move|p1b: Garchomp|Dragon Claw|p2b: Rotom\n|-damage|p2b: Rotom|55/100\n|move|p2a: Talonflame|Tailwind|p2a: Talonflame\n|-sidestart|p2: Laobeifong|move: Tailwind\n|move|p2b: Rotom|Volt Switch|p1a: Aerodactyl\n|-supereffective|p1a: Aerodactyl|1\n|-crit|p1a: Aerodactyl\n|-enditem|p1a: Aerodactyl|Focus Sash\n|-damage|p1a: Aerodactyl|1/100\n|\n|t:|1776279069\n|switch|p2b: Maushold|Maushold, L50|100/100|[from] Volt Switch\n|\n|upkeep\n|turn|2\n|c|\u2606Laobeifong|That\u2019s a glitch? What about gale wings\n|\n|t:|1776279091\n|move|p1a: Aerodactyl|Rock Slide|p2a: Talonflame|[spread] p2b\n|-miss|p1a: Aerodactyl|p2a: Talonflame\n|-damage|p2b: Maushold|67/100\n|move|p2a: Talonflame|Acrobatics|p1a: Aerodactyl\n|-resisted|p1a: Aerodactyl|1\n|-damage|p1a: Aerodactyl|0 fnt\n|faint|p1a: Aerodactyl\n|cant|p2b: Maushold|flinch\n|move|p1b: Garchomp|Earthquake|p2b: Maushold|[spread] p2b\n|-immune|p2a: Talonflame\n|-damage|p2b: Maushold|9/100\n|\n|upkeep\n|\n|t:|1776279099\n|switch|p1a: Rotom|Rotom-Wash, L50, shiny|100/100\n|turn|3\n|\n|t:|1776279114\n|move|p2a: Talonflame|Protect|p2a: Talonflame\n|-singleturn|p2a: Talonflame|Protect\n|move|p2b: Maushold|Protect|p2b: Maushold\n|-singleturn|p2b: Maushold|Protect\n|move|p1a: Rotom|Electroweb|p2b: Maushold|[spread] \n|-activate|p2a: Talonflame|move: Protect\n|-activate|p2b: Maushold|move: Protect\n|move|p1b: Garchomp|Dragon Claw|p2a: Talonflame\n|-activate|p2a: Talonflame|move: Protect\n|\n|upkeep\n|turn|4\n|\n|t:|1776279132\n|switch|p2a: Rotom|Rotom-Wash, L50|55/100\n|move|p1a: Rotom|Electroweb|p2b: Maushold|[spread] p2a,p2b\n|-damage|p2a: Rotom|43/100\n|-damage|p2b: Maushold|0 fnt\n|-unboost|p2a: Rotom|spe|1\n|-enditem|p2a: Rotom|Sitrus Berry|[eat]\n|-heal|p2a: Rotom|67/100|[from] item: Sitrus Berry\n|faint|p2b: Maushold\n|move|p1b: Garchomp|Dragon Claw|p2a: Rotom\n|-damage|p2a: Rotom|20/100\n|\n|-sideend|p1: workdigi|move: Tailwind\n|-sideend|p2: Laobeifong|move: Tailwind\n|upkeep\n|\n|t:|1776279147\n|switch|p2b: Talonflame|Talonflame, L50, M|100/100\n|turn|5\n|\n|t:|1776279161\n|move|p1a: Rotom|Electroweb|p2a: Rotom|[spread] p2a,p2b\n|-supereffective|p2b: Talonflame|1\n|-damage|p2a: Rotom|2/100\n|-damage|p2b: Talonflame|54/100\n|-unboost|p2a: Rotom|spe|1\n|-unboost|p2b: Talonflame|spe|1\n|move|p1b: Garchomp|Dragon Claw|p2b: Talonflame\n|-damage|p2b: Talonflame|0 fnt\n|-status|p1b: Garchomp|brn|[from] ability: Flame Body|[of] p2b: Talonflame\n|faint|p2b: Talonflame\n|move|p2a: Rotom|Thunderbolt|p1a: Rotom\n|-damage|p1a: Rotom|57/100\n|\n|-damage|p1b: Garchomp|95/100 brn|[from] brn\n|upkeep\n|\n|t:|1776279168\n|switch|p2b: Floette|Floette-Eternal, L50, F|100/100\n|turn|6\n|-message|Laobeifong forfeited.\n|\n|win|workdigi\n|raw|workdigi's rating: 1110 &rarr; <strong>1139</strong><br />(+29 for winning)\n|raw|Laobeifong's rating: 1164 &rarr; <strong>1135</strong><br />(-29 for losing)\n",
  "uploadtime": 1776278993,
  "views": 25,
  "formatid": "gen9championsvgc2026regma",
  "rating": 1135,
  "private": 0,
  "password": null
}