{
  "id": "gen9championsvgc2026regma-2587397574",
  "format": "[Gen 9 Champions] VGC 2026 Reg M-A",
  "players": [
    "loogooby",
    "lucio m"
  ],
  "log": "|j|\u2606loogooby\n|j|\u2606lucio m\n|t:|1776528445\n|gametype|doubles\n|player|p1|loogooby|parasollady|1156\n|player|p2|lucio m|265|1190\n|gen|9\n|tier|[Gen 9 Champions] VGC 2026 Reg M-A\n|rated|\n|rule|Species Clause: Limit one of each Pok\u00e9mon\n|rule|Item Clause: Limit 1 of each item\n|clearpoke\n|poke|p1|Crabominable, L50, M|\n|poke|p1|Ninetales-Alola, L50, M|\n|poke|p1|Incineroar, L50, M|\n|poke|p1|Cofagrigus, L50, M|\n|poke|p1|Corviknight, L50, F|\n|poke|p1|Floette-Eternal, L50, F|\n|poke|p2|Charizard, L50, F|\n|poke|p2|Venusaur, L50, F|\n|poke|p2|Typhlosion-Hisui, L50, M|\n|poke|p2|Rotom-Wash, L50|\n|poke|p2|Sneasler, L50, F|\n|poke|p2|Gliscor, L50, F|\n|teampreview|4\n|inactive|Battle timer is ON: inactive players will automatically lose when time's up. (requested by loogooby)\n|inactive|lucio m has 60 seconds left.\n|\n|t:|1776528480\n|teamsize|p1|4\n|teamsize|p2|4\n|start\n|switch|p1a: Crabominable|Crabominable, L50, M|100/100\n|switch|p1b: Ninetales|Ninetales-Alola, L50, M|100/100\n|switch|p2a: Sneasler|Sneasler, L50, F|100/100\n|switch|p2b: Charizard|Charizard, L50, F|100/100\n|-weather|Snowscape|[from] ability: Snow Warning|[of] p1b: Ninetales\n|turn|1\n|\n|t:|1776528500\n|switch|p1a: Incineroar|Incineroar, L50, M|100/100\n|-ability|p1a: Incineroar|Intimidate|boost\n|-unboost|p2a: Sneasler|atk|1\n|-unboost|p2b: Charizard|atk|1\n|-enditem|p2a: Sneasler|White Herb\n|-clearnegativeboost|p2a: Sneasler|[silent]\n|detailschange|p2b: Charizard|Charizard-Mega-Y, L50, F\n|-mega|p2b: Charizard|Charizard|Charizardite Y\n|-weather|SunnyDay|[from] ability: Drought|[of] p2b: Charizard\n|move|p1b: Ninetales|Protect|p1b: Ninetales\n|-singleturn|p1b: Ninetales|Protect\n|move|p2a: Sneasler|Fake Out|p1b: Ninetales\n|-activate|p1b: Ninetales|move: Protect\n|move|p2b: Charizard|Heat Wave|p1a: Incineroar|[spread] p1a\n|-activate|p1b: Ninetales|move: Protect\n|-resisted|p1a: Incineroar|1\n|-damage|p1a: Incineroar|79/100\n|\n|-weather|SunnyDay|[upkeep]\n|upkeep\n|turn|2\n|\n|t:|1776528514\n|switch|p1b: Cofagrigus|Cofagrigus, L50, M|100/100\n|move|p1a: Incineroar|Fake Out|p2b: Charizard\n|-damage|p2b: Charizard|88/100\n|move|p2a: Sneasler|Close Combat|p1a: Incineroar\n|-supereffective|p1a: Incineroar|1\n|-damage|p1a: Incineroar|0 fnt\n|-unboost|p2a: Sneasler|def|1\n|-unboost|p2a: Sneasler|spd|1\n|faint|p1a: Incineroar\n|cant|p2b: Charizard|flinch\n|\n|-weather|SunnyDay|[upkeep]\n|upkeep\n|\n|t:|1776528521\n|switch|p1a: Ninetales|Ninetales-Alola, L50, M|100/100\n|-weather|Snowscape|[from] ability: Snow Warning|[of] p1a: Ninetales\n|turn|3\n|\n|t:|1776528536\n|switch|p2b: Rotom|Rotom-Wash, L50|100/100\n|move|p1b: Cofagrigus|Ally Switch|p1b: Cofagrigus\n|swap|p1b: Cofagrigus|0|[from] move: Ally Switch\n|move|p2a: Sneasler|Dire Claw|p1a: Cofagrigus\n|-resisted|p1a: Cofagrigus|1\n|-damage|p1a: Cofagrigus|85/100\n|-status|p1a: Cofagrigus|psn\n|-activate|p1a: Cofagrigus|ability: Mummy|p2a: Sneasler|[ability] Unburden\n|move|p1b: Ninetales|Aurora Veil|p1b: Ninetales\n|-sidestart|p1: loogooby|move: Aurora Veil\n|\n|-weather|Snowscape|[upkeep]\n|-heal|p1a: Cofagrigus|91/100 psn|[from] item: Leftovers\n|-damage|p1a: Cofagrigus|79/100 psn|[from] psn\n|upkeep\n|turn|4\n|inactive|lucio m has 30 seconds left.\n|inactive|lucio m has 20 seconds left.\n|inactive|lucio m has 15 seconds left.\n|\n|t:|1776528578\n|move|p2a: Sneasler|Protect|p2a: Sneasler\n|-singleturn|p2a: Sneasler|Protect\n|move|p1b: Ninetales|Protect|p1b: Ninetales\n|-singleturn|p1b: Ninetales|Protect\n|move|p2b: Rotom|Volt Switch|p1a: Cofagrigus\n|-damage|p1a: Cofagrigus|65/100 psn\n|\n|t:|1776528585\n|switch|p2b: Charizard|Charizard-Mega-Y, L50, F|88/100|[from] Volt Switch\n|-weather|SunnyDay|[from] ability: Drought|[of] p2b: Charizard\n|move|p1a: Cofagrigus|Trick Room|p1a: Cofagrigus\n|-fieldstart|move: Trick Room|[of] p1a: Cofagrigus\n|\n|-weather|SunnyDay|[upkeep]\n|-heal|p1a: Cofagrigus|71/100 psn|[from] item: Leftovers\n|-damage|p1a: Cofagrigus|59/100 psn|[from] psn\n|upkeep\n|turn|5\n|\n|t:|1776528608\n|switch|p1b: Crabominable|Crabominable, L50, M|100/100\n|switch|p2a: Rotom|Rotom-Wash, L50|100/100\n|move|p1a: Cofagrigus|Ally Switch|p1a: Cofagrigus\n|swap|p1a: Cofagrigus|1|[from] move: Ally Switch\n|move|p2b: Charizard|Heat Wave|p1a: Crabominable|[spread] p1a,p1b\n|-supereffective|p1a: Crabominable|1\n|-damage|p1a: Crabominable|2/100\n|-damage|p1b: Cofagrigus|30/100 psn\n|\n|-weather|SunnyDay|[upkeep]\n|-heal|p1b: Cofagrigus|36/100 psn|[from] item: Leftovers\n|-damage|p1b: Cofagrigus|24/100 psn|[from] psn\n|upkeep\n|turn|6\n|\n|t:|1776528625\n|switch|p1b: Ninetales|Ninetales-Alola, L50, M|100/100\n|-weather|Snowscape|[from] ability: Snow Warning|[of] p1b: Ninetales\n|detailschange|p1a: Crabominable|Crabominable-Mega, L50, M\n|-mega|p1a: Crabominable|Crabominable|Crabominite\n|move|p2b: Charizard|Protect|p2b: Charizard\n|-singleturn|p2b: Charizard|Protect\n|move|p1a: Crabominable|Ice Hammer|p2b: Charizard\n|-activate|p2b: Charizard|move: Protect\n|move|p2a: Rotom|Volt Switch|p1b: Ninetales\n|-damage|p1b: Ninetales|84/100\n|\n|t:|1776528636\n|switch|p2a: Sneasler|Sneasler, L50, F|100/100|[from] Volt Switch\n|\n|-weather|Snowscape|[upkeep]\n|upkeep\n|turn|7\n|\n|t:|1776528651\n|switch|p1b: Cofagrigus|Cofagrigus, L50, M|24/100 psn\n|move|p2a: Sneasler|Fake Out|p1a: Crabominable\n|-damage|p1a: Crabominable|0 fnt\n|faint|p1a: Crabominable\n|move|p2b: Charizard|Heat Wave|p1b: Cofagrigus\n|-damage|p1b: Cofagrigus|0 fnt\n|faint|p1b: Cofagrigus\n|\n|-weather|Snowscape|[upkeep]\n|-sideend|p1: loogooby|move: Aurora Veil\n|upkeep\n|\n|t:|1776528658\n|switch|p1b: Ninetales|Ninetales-Alola, L50, M|84/100\n|turn|8\n|\n|t:|1776528662\n|move|p2b: Charizard|Heat Wave|p1b: Ninetales\n|-supereffective|p1b: Ninetales|1\n|-damage|p1b: Ninetales|0 fnt\n|faint|p1b: Ninetales\n|\n|win|lucio m\n|raw|loogooby's rating: 1156 &rarr; <strong>1133</strong><br />(-23 for losing)\n|raw|lucio m's rating: 1190 &rarr; <strong>1213</strong><br />(+23 for winning)\n",
  "uploadtime": 1776528665,
  "views": 14,
  "formatid": "gen9championsvgc2026regma",
  "rating": 1133,
  "private": 0,
  "password": null
}