{
  "id": "gen9championsvgc2026regma-2583722960",
  "format": "[Gen 9 Champions] VGC 2026 Reg M-A",
  "players": [
    "paradox franco",
    "Akvagirl"
  ],
  "log": "|j|\u2606paradox franco\n|j|\u2606Akvagirl\n|t:|1776193293\n|gametype|doubles\n|player|p1|paradox franco|169|1127\n|player|p2|Akvagirl|102|1061\n|gen|9\n|tier|[Gen 9 Champions] VGC 2026 Reg M-A\n|rated|\n|rule|Species Clause: Limit one of each Pok\u00e9mon\n|rule|Item Clause: Limit 1 of each item\n|clearpoke\n|poke|p1|Corviknight, L50, F|\n|poke|p1|Politoed, L50, F|\n|poke|p1|Basculegion, L50, M|\n|poke|p1|Sinistcha, L50|\n|poke|p1|Incineroar, L50, M|\n|poke|p1|Garchomp, L50, F|\n|poke|p2|Pelipper, L50, M|\n|poke|p2|Manectric, L50, M|\n|poke|p2|Sinistcha, L50|\n|poke|p2|Archaludon, L50, F|\n|poke|p2|Basculegion, L50, M|\n|poke|p2|Sneasler, L50, M|\n|teampreview|4\n|inactive|Battle timer is ON: inactive players will automatically lose when time's up. (requested by paradox franco)\n|\n|t:|1776193352\n|teamsize|p1|4\n|teamsize|p2|4\n|start\n|switch|p1a: Garchomp|Garchomp, L50, F|100/100\n|switch|p1b: Incineroar|Incineroar, L50, M|100/100\n|switch|p2a: Manectric|Manectric, L50, M|100/100\n|switch|p2b: Archaludon|Archaludon, L50, F|100/100\n|-ability|p1b: Incineroar|Intimidate|boost\n|-unboost|p2a: Manectric|atk|1\n|-unboost|p2b: Archaludon|atk|1\n|turn|1\n|inactive|paradox franco has 30 seconds left.\n|inactive|Akvagirl has 30 seconds left.\n|inactive|Akvagirl has 20 seconds left.\n|\n|t:|1776193388\n|detailschange|p2a: Manectric|Manectric-Mega, L50, M\n|-mega|p2a: Manectric|Manectric|Manectite\n|-ability|p2a: Manectric|Intimidate|boost\n|-unboost|p1a: Garchomp|atk|1\n|-unboost|p1b: Incineroar|atk|1\n|-enditem|p1a: Garchomp|White Herb\n|-clearnegativeboost|p1a: Garchomp|[silent]\n|move|p2b: Archaludon|Protect|p2b: Archaludon\n|-singleturn|p2b: Archaludon|Protect\n|move|p2a: Manectric|Volt Switch|p1b: Incineroar\n|-damage|p1b: Incineroar|73/100\n|\n|t:|1776193408\n|switch|p2a: Sinistcha|Sinistcha, L50|100/100|[from] Volt Switch\n|move|p1a: Garchomp|Stomping Tantrum|p2a: Sinistcha\n|-resisted|p2a: Sinistcha|1\n|-damage|p2a: Sinistcha|79/100\n|move|p1b: Incineroar|Parting Shot|p2b: Archaludon\n|-activate|p2b: Archaludon|move: Protect\n|\n|upkeep\n|turn|2\n|\n|t:|1776193432\n|move|p1a: Garchomp|Dragon Claw|p2a: Sinistcha\n|-damage|p2a: Sinistcha|35/100\n|-enditem|p2a: Sinistcha|Sitrus Berry|[eat]\n|-heal|p2a: Sinistcha|59/100|[from] item: Sitrus Berry\n|move|p2b: Archaludon|Aura Sphere|p1b: Incineroar\n|-supereffective|p1b: Incineroar|1\n|-damage|p1b: Incineroar|35/100\n|move|p2a: Sinistcha|Strength Sap|p1a: Garchomp\n|-unboost|p1a: Garchomp|atk|1\n|-heal|p2a: Sinistcha|100/100\n|move|p1b: Incineroar|Parting Shot|p2b: Archaludon\n|-unboost|p2b: Archaludon|atk|1\n|-unboost|p2b: Archaludon|spa|1\n|\n|t:|1776193442\n|switch|p1b: Basculegion|Basculegion, L50, M|100/100|[from] Parting Shot\n|\n|upkeep\n|turn|3\n|inactive|Akvagirl has 30 seconds left.\n|inactive|Akvagirl has 20 seconds left.\n|inactive|Akvagirl has 15 seconds left.\n|inactive|Akvagirl has 10 seconds left.\n|\n|t:|1776193489\n|switch|p2a: Manectric|Manectric-Mega, L50, M|100/100\n|-ability|p2a: Manectric|Intimidate|boost\n|-unboost|p1a: Garchomp|atk|1\n|-unboost|p1b: Basculegion|atk|1\n|move|p1b: Basculegion|Last Respects|p2a: Manectric\n|-damage|p2a: Manectric|66/100\n|move|p1a: Garchomp|Dragon Claw|p2a: Manectric\n|-damage|p2a: Manectric|29/100\n|move|p2b: Archaludon|Flash Cannon|p1a: Garchomp\n|-damage|p1a: Garchomp|72/100\n|\n|upkeep\n|turn|4\n|inactive|Akvagirl has 30 seconds left.\n|inactive|Akvagirl has 20 seconds left.\n|inactive|Akvagirl has 15 seconds left.\n|\n|t:|1776193532\n|switch|p1b: Sinistcha|Sinistcha, L50|100/100\n|-heal|p1a: Garchomp|97/100|[from] ability: Hospitality|[of] p1b: Sinistcha\n|move|p2a: Manectric|Protect|p2a: Manectric\n|-singleturn|p2a: Manectric|Protect\n|move|p1a: Garchomp|Stomping Tantrum|p2a: Manectric\n|-activate|p2a: Manectric|move: Protect\n|move|p2b: Archaludon|Flash Cannon|p1a: Garchomp\n|-damage|p1a: Garchomp|66/100\n|\n|upkeep\n|turn|5\n|inactive|Akvagirl has 30 seconds left.\n|inactive|Akvagirl has 20 seconds left.\n|\n|t:|1776193568\n|switch|p1a: Incineroar|Incineroar, L50, M|35/100\n|-ability|p1a: Incineroar|Intimidate|boost\n|-unboost|p2a: Manectric|atk|1\n|-unboost|p2b: Archaludon|atk|1\n|switch|p2b: Sinistcha|Sinistcha, L50|100/100\n|-heal|p2a: Manectric|54/100|[from] ability: Hospitality|[of] p2b: Sinistcha\n|move|p2a: Manectric|Flamethrower|p1b: Sinistcha\n|-supereffective|p1b: Sinistcha|1\n|-enditem|p1b: Sinistcha|Occa Berry|[eat]\n|-enditem|p1b: Sinistcha|Occa Berry|[weaken]\n|-damage|p1b: Sinistcha|69/100\n|-status|p1b: Sinistcha|brn\n|move|p1b: Sinistcha|Life Dew|p1b: Sinistcha|[spread] p1a,p1b\n|-heal|p1a: Incineroar|61/100\n|-heal|p1b: Sinistcha|94/100 brn\n|\n|-damage|p1b: Sinistcha|88/100 brn|[from] brn\n|upkeep\n|turn|6\n|inactive|paradox franco has 30 seconds left.\n|inactive|Akvagirl has 30 seconds left.\n|inactive|paradox franco has 20 seconds left.\n|inactive|paradox franco has 15 seconds left.\n|inactive|paradox franco has 10 seconds left.\n|\n|t:|1776193614\n|switch|p1b: Garchomp|Garchomp, L50, F|66/100\n|move|p2b: Sinistcha|Rage Powder|p2b: Sinistcha\n|-singleturn|p2b: Sinistcha|move: Rage Powder\n|move|p2a: Manectric|Flamethrower|p1b: Garchomp\n|-resisted|p1b: Garchomp|1\n|-damage|p1b: Garchomp|49/100\n|move|p1a: Incineroar|Throat Chop|p2b: Sinistcha\n|-supereffective|p2b: Sinistcha|1\n|-damage|p2b: Sinistcha|40/100\n|-start|p2b: Sinistcha|Throat Chop|[silent]\n|\n|upkeep\n|turn|7\n|inactive|Akvagirl has 30 seconds left.\n|inactive|Akvagirl has 20 seconds left.\n|inactive|Akvagirl has 15 seconds left.\n|inactive|Akvagirl has 10 seconds left.\n|\n|t:|1776193664\n|switch|p2b: Archaludon|Archaludon, L50, F|100/100\n|move|p2a: Manectric|Protect|p2a: Manectric\n|-singleturn|p2a: Manectric|Protect\n|move|p1b: Garchomp|Dragon Claw|p2b: Archaludon\n|-damage|p2b: Archaludon|67/100\n|-ability|p2b: Archaludon|Stamina|boost\n|-boost|p2b: Archaludon|def|1\n|move|p1a: Incineroar|Parting Shot|p2a: Manectric\n|-activate|p2a: Manectric|move: Protect\n|\n|-heal|p2b: Archaludon|73/100|[from] item: Leftovers\n|upkeep\n|turn|8\n|\n|t:|1776193681\n|move|p2a: Manectric|Volt Switch|p1a: Incineroar\n|-crit|p1a: Incineroar\n|-damage|p1a: Incineroar|19/100\n|\n|t:|1776193685\n|switch|p2a: Sinistcha|Sinistcha, L50|40/100|[from] Volt Switch\n|-heal|p2b: Archaludon|98/100|[from] ability: Hospitality|[of] p2a: Sinistcha\n|move|p1b: Garchomp|Stomping Tantrum|p2a: Sinistcha\n|-resisted|p2a: Sinistcha|1\n|-damage|p2a: Sinistcha|21/100\n|move|p2b: Archaludon|Flash Cannon|p1b: Garchomp\n|-damage|p1b: Garchomp|7/100\n|move|p1a: Incineroar|Parting Shot|p2b: Archaludon\n|-unboost|p2b: Archaludon|atk|1\n|-unboost|p2b: Archaludon|spa|1\n|\n|t:|1776193689\n|switch|p1a: Sinistcha|Sinistcha, L50|88/100 brn|[from] Parting Shot\n|-heal|p1b: Garchomp|32/100|[from] ability: Hospitality|[of] p1a: Sinistcha\n|\n|-heal|p2b: Archaludon|100/100|[from] item: Leftovers\n|-damage|p1a: Sinistcha|82/100 brn|[from] brn\n|upkeep\n|turn|9\n|inactive|Akvagirl has 30 seconds left.\n|inactive|Akvagirl has 20 seconds left.\n|inactive|Akvagirl has 15 seconds left.\n|\n|t:|1776193730\n|move|p1b: Garchomp|Dragon Claw|p2a: Sinistcha\n|-damage|p2a: Sinistcha|0 fnt\n|faint|p2a: Sinistcha\n|move|p2b: Archaludon|Flash Cannon|p1b: Garchomp\n|-damage|p1b: Garchomp|5/100\n|move|p1a: Sinistcha|Life Dew|p1a: Sinistcha|[spread] p1a,p1b\n|-heal|p1a: Sinistcha|100/100 brn\n|-heal|p1b: Garchomp|30/100\n|\n|-damage|p1a: Sinistcha|94/100 brn|[from] brn\n|upkeep\n|inactive|Akvagirl has 30 seconds left.\n|\n|t:|1776193764\n|switch|p2a: Sneasler|Sneasler, L50, M|100/100\n|turn|10\n|inactive|Akvagirl has 30 seconds left.\n|inactive|Akvagirl has 20 seconds left.\n|inactive|Akvagirl has 15 seconds left.\n|\n|t:|1776193805\n|move|p2a: Sneasler|Dire Claw|p1a: Sinistcha\n|-damage|p1a: Sinistcha|57/100 brn\n|move|p1b: Garchomp|Stomping Tantrum|p2a: Sneasler\n|-supereffective|p2a: Sneasler|1\n|-damage|p2a: Sneasler|0 fnt\n|faint|p2a: Sneasler\n|move|p2b: Archaludon|Flash Cannon|p1b: Garchomp\n|-damage|p1b: Garchomp|3/100\n|move|p1a: Sinistcha|Life Dew|p1a: Sinistcha|[spread] p1a,p1b\n|-heal|p1a: Sinistcha|82/100 brn\n|-heal|p1b: Garchomp|28/100\n|\n|-damage|p1a: Sinistcha|75/100 brn|[from] brn\n|upkeep\n|inactive|Akvagirl has 25 seconds left this turn.\n|inactive|Akvagirl has 20 seconds left.\n|inactive|Akvagirl has 15 seconds left.\n|\n|t:|1776193819\n|switch|p2a: Manectric|Manectric-Mega, L50, M|54/100\n|-ability|p2a: Manectric|Intimidate|boost\n|-unboost|p1a: Sinistcha|atk|1\n|-unboost|p1b: Garchomp|atk|1\n|turn|11\n|inactive|Akvagirl has 15 seconds left this turn.\n|inactive|Akvagirl has 10 seconds left.\n|inactive|Akvagirl has 5 seconds left.\n|-message|Akvagirl lost due to inactivity.\n|\n|win|paradox franco\n|raw|paradox franco's rating: 1127 &rarr; <strong>1147</strong><br />(+20 for winning)\n|raw|Akvagirl's rating: 1061 &rarr; <strong>1045</strong><br />(-16 for losing)\n|l|\u2606paradox franco\n|player|p1|\n",
  "uploadtime": 1776193853,
  "views": 20,
  "formatid": "gen9championsvgc2026regma",
  "rating": 1045,
  "private": 0,
  "password": null
}