{
  "id": "gen9championsvgc2026regma-2581612598",
  "format": "[Gen 9 Champions] VGC 2026 Reg M-A",
  "players": [
    "Not_A_Plant_Okay?",
    "mimik_14"
  ],
  "log": "|j|\u2606Not_A_Plant_Okay?\n|j|\u2606mimik_14\n|t:|1776015102\n|gametype|doubles\n|player|p1|Not_A_Plant_Okay?|cheryl|1141\n|player|p2|mimik_14|marshal|1216\n|gen|9\n|tier|[Gen 9 Champions] VGC 2026 Reg M-A\n|rated|\n|rule|Species Clause: Limit one of each Pok\u00e9mon\n|rule|Item Clause: Limit 1 of each item\n|clearpoke\n|poke|p1|Milotic, L50, M|\n|poke|p1|Meowstic, L50, M|\n|poke|p1|Greninja-*, L50, F|\n|poke|p1|Dragonite, L50, F|\n|poke|p1|Gardevoir, L50, M|\n|poke|p1|Rotom-Heat, L50|\n|poke|p2|Tyranitar, L50, F|\n|poke|p2|Excadrill, L50, M|\n|poke|p2|Sneasler, L50, M|\n|poke|p2|Rotom-Wash, L50|\n|poke|p2|Kingambit, L50, M|\n|poke|p2|Sinistcha, L50|\n|teampreview|4\n|inactive|Battle timer is ON: inactive players will automatically lose when time's up. (requested by mimik_14)\n|inactive|Not_A_Plant_Okay? has 60 seconds left.\n|inactive|mimik_14 has 60 seconds left.\n|\n|t:|1776015149\n|teamsize|p1|4\n|teamsize|p2|4\n|start\n|switch|p1a: Meowstic|Meowstic, L50, M, shiny|100/100\n|switch|p1b: Dragonite|Dragonite, L50, F, shiny|100/100\n|switch|p2a: Tyranitar|Tyranitar, L50, F|100/100\n|switch|p2b: Sneasler|Sneasler, L50, M|100/100\n|-weather|Sandstorm|[from] ability: Sand Stream|[of] p2a: Tyranitar\n|turn|1\n|\n|t:|1776015168\n|detailschange|p1b: Dragonite|Dragonite-Mega, L50, F, shiny\n|-mega|p1b: Dragonite|Dragonite|Dragoninite\n|detailschange|p2a: Tyranitar|Tyranitar-Mega, L50, F\n|-mega|p2a: Tyranitar|Tyranitar|Tyranitarite\n|move|p2b: Sneasler|Fake Out|p1a: Meowstic\n|-damage|p1a: Meowstic|79/100\n|cant|p1a: Meowstic|flinch\n|move|p1b: Dragonite|Tailwind|p1b: Dragonite\n|-sidestart|p1: Not_A_Plant_Okay?|move: Tailwind\n|move|p2a: Tyranitar|Rock Slide|p1b: Dragonite|[spread] p1a,p1b\n|-supereffective|p1b: Dragonite|1\n|-damage|p1a: Meowstic|27/100\n|-damage|p1b: Dragonite|70/100\n|\n|-weather|Sandstorm|[upkeep]\n|-damage|p1a: Meowstic|21/100|[from] Sandstorm\n|-damage|p1b: Dragonite|64/100|[from] Sandstorm\n|-damage|p2b: Sneasler|94/100|[from] Sandstorm\n|upkeep\n|turn|2\n|inactive|mimik_14 has 30 seconds left.\n|inactive|mimik_14 has 20 seconds left.\n|inactive|mimik_14 has 15 seconds left.\n|inactive|mimik_14 has 10 seconds left.\n|\n|t:|1776015218\n|move|p1a: Meowstic|Rain Dance|p1a: Meowstic\n|-weather|RainDance\n|move|p1b: Dragonite|Hurricane|p2b: Sneasler\n|-supereffective|p2b: Sneasler|1\n|-crit|p2b: Sneasler\n|-damage|p2b: Sneasler|0 fnt\n|faint|p2b: Sneasler\n|move|p2a: Tyranitar|Rock Slide|p1a: Meowstic|[spread] p1a\n|-miss|p2a: Tyranitar|p1b: Dragonite\n|-damage|p1a: Meowstic|0 fnt\n|faint|p1a: Meowstic\n|\n|-weather|RainDance|[upkeep]\n|upkeep\n|\n|t:|1776015235\n|switch|p2b: Kingambit|Kingambit, L50, M|100/100\n|switch|p1a: Milotic|Milotic, L50, M, shiny|100/100\n|turn|3\n|inactive|mimik_14 has 30 seconds left.\n|inactive|mimik_14 has 20 seconds left.\n|\n|t:|1776015274\n|move|p2a: Tyranitar|Protect|p2a: Tyranitar\n|-singleturn|p2a: Tyranitar|Protect\n|move|p1b: Dragonite|Hydro Pump|p2b: Kingambit\n|-damage|p2b: Kingambit|30/100\n|move|p1a: Milotic|Surf|p2a: Tyranitar|[spread] p1b,p2b\n|-activate|p2a: Tyranitar|move: Protect\n|-resisted|p1b: Dragonite|1\n|-damage|p1b: Dragonite|48/100\n|-damage|p2b: Kingambit|0 fnt\n|faint|p2b: Kingambit\n|\n|-weather|RainDance|[upkeep]\n|upkeep\n|\n|t:|1776015283\n|switch|p2b: Sinistcha|Sinistcha, L50|100/100\n|turn|4\n|\n|t:|1776015297\n|move|p1b: Dragonite|Hydro Pump|p2a: Tyranitar|[miss]\n|-miss|p1b: Dragonite|p2a: Tyranitar\n|move|p1a: Milotic|Scald|p2a: Tyranitar\n|-supereffective|p2a: Tyranitar|1\n|-damage|p2a: Tyranitar|15/100\n|-status|p2a: Tyranitar|brn\n|move|p2a: Tyranitar|Rock Slide|p1a: Milotic|[spread] p1a,p1b\n|-supereffective|p1b: Dragonite|1\n|-damage|p1a: Milotic|74/100\n|-damage|p1b: Dragonite|16/100\n|move|p2b: Sinistcha|Trick Room|p2b: Sinistcha\n|-fieldstart|move: Trick Room|[of] p2b: Sinistcha\n|\n|-weather|RainDance|[upkeep]\n|-heal|p1a: Milotic|80/100|[from] item: Leftovers\n|-damage|p2a: Tyranitar|9/100 brn|[from] brn\n|-sideend|p1: Not_A_Plant_Okay?|move: Tailwind\n|upkeep\n|turn|5\n|\n|t:|1776015321\n|move|p2b: Sinistcha|Matcha Gotcha|p1b: Dragonite|[spread] p1a\n|-miss|p2b: Sinistcha|p1b: Dragonite\n|-supereffective|p1a: Milotic|1\n|-damage|p1a: Milotic|41/100\n|move|p2a: Tyranitar|Rock Slide|p1a: Milotic|[spread] p1a,p1b\n|-supereffective|p1b: Dragonite|1\n|-damage|p1a: Milotic|18/100\n|-damage|p1b: Dragonite|0 fnt\n|faint|p1b: Dragonite\n|cant|p1a: Milotic|flinch\n|\n|-weather|RainDance|[upkeep]\n|-heal|p1a: Milotic|23/100|[from] item: Leftovers\n|-damage|p2a: Tyranitar|3/100 brn|[from] brn\n|upkeep\n|\n|t:|1776015331\n|switch|p1b: Gardevoir|Gardevoir, L50, M, shiny|100/100\n|turn|6\n|\n|t:|1776015341\n|move|p1a: Milotic|Protect|p1a: Milotic\n|-singleturn|p1a: Milotic|Protect\n|move|p2b: Sinistcha|Matcha Gotcha|p1a: Milotic|[spread] p1b\n|-activate|p1a: Milotic|move: Protect\n|-damage|p1b: Gardevoir|73/100\n|move|p2a: Tyranitar|Knock Off|p1b: Gardevoir\n|-damage|p1b: Gardevoir|16/100\n|-enditem|p1b: Gardevoir|Choice Scarf|[from] move: Knock Off|[of] p2a: Tyranitar\n|move|p1b: Gardevoir|Shadow Ball|p2b: Sinistcha\n|-supereffective|p2b: Sinistcha|1\n|-damage|p2b: Sinistcha|49/100\n|-enditem|p2b: Sinistcha|Sitrus Berry|[eat]\n|-heal|p2b: Sinistcha|74/100|[from] item: Sitrus Berry\n|\n|-weather|none\n|-heal|p1a: Milotic|29/100|[from] item: Leftovers\n|-damage|p2a: Tyranitar|0 fnt|[from] brn\n|faint|p2a: Tyranitar\n|upkeep\n|turn|7\n|inactive|Not_A_Plant_Okay? has 30 seconds left.\n|\n|t:|1776015371\n|move|p2b: Sinistcha|Matcha Gotcha|p1b: Gardevoir|[spread] p1a,p1b\n|-supereffective|p1a: Milotic|1\n|-damage|p1a: Milotic|0 fnt\n|-heal|p2b: Sinistcha|88/100|[from] drain|[of] p1a: Milotic\n|-damage|p1b: Gardevoir|0 fnt\n|-heal|p2b: Sinistcha|94/100|[from] drain|[of] p1b: Gardevoir\n|faint|p1a: Milotic\n|faint|p1b: Gardevoir\n|\n|win|mimik_14\n|raw|Not_A_Plant_Okay?'s rating: 1141 &rarr; <strong>1121</strong><br />(-20 for losing)\n|raw|mimik_14's rating: 1216 &rarr; <strong>1236</strong><br />(+20 for winning)\n",
  "uploadtime": 1776015376,
  "views": 16,
  "formatid": "gen9championsvgc2026regma",
  "rating": 1121,
  "private": 0,
  "password": null
}