{
  "id": "gen9championsvgc2026regma-2586220314",
  "format": "[Gen 9 Champions] VGC 2026 Reg M-A",
  "players": [
    "miettinen",
    "Tamejo"
  ],
  "log": "|j|\u2606miettinen\n|j|\u2606Tamejo\n|t:|1776413967\n|gametype|doubles\n|player|p1|miettinen|1|1118\n|player|p2|Tamejo|caitlin|1185\n|gen|9\n|tier|[Gen 9 Champions] VGC 2026 Reg M-A\n|rated|\n|rule|Species Clause: Limit one of each Pok\u00e9mon\n|rule|Item Clause: Limit 1 of each item\n|clearpoke\n|poke|p1|Gengar, L50, M|\n|poke|p1|Maushold-Four, L50|\n|poke|p1|Kommo-o, L50, M|\n|poke|p1|Incineroar, L50, M|\n|poke|p1|Kingambit, L50, M|\n|poke|p1|Whimsicott, L50, F|\n|poke|p2|Dragapult, L50, M|\n|poke|p2|Corviknight, L50, M|\n|poke|p2|Sylveon, L50, F|\n|poke|p2|Whimsicott, L50, M|\n|poke|p2|Glimmora, L50, F|\n|poke|p2|Incineroar, L50, M|\n|teampreview|4\n|\n|t:|1776414007\n|teamsize|p1|4\n|teamsize|p2|4\n|start\n|switch|p1a: Kingambit|Kingambit, L50, M|100/100\n|switch|p1b: Incineroar|Incineroar, L50, M|100/100\n|switch|p2a: Corviknight|Corviknight, L50, M|100/100\n|switch|p2b: Glimmora|Glimmora, L50, F|100/100\n|-ability|p1b: Incineroar|Intimidate|boost\n|-ability|p2a: Corviknight|Mirror Armor\n|-unboost|p1b: Incineroar|atk|1\n|-unboost|p2b: Glimmora|atk|1\n|turn|1\n|\n|t:|1776414047\n|move|p2b: Glimmora|Spiky Shield|p2b: Glimmora\n|-singleturn|p2b: Glimmora|move: Protect\n|move|p1b: Incineroar|Fake Out|p2a: Corviknight\n|-resisted|p2a: Corviknight|1\n|-damage|p2a: Corviknight|98/100\n|cant|p2a: Corviknight|flinch\n|move|p1a: Kingambit|Kowtow Cleave|p2b: Glimmora\n|-activate|p2b: Glimmora|move: Protect\n|-damage|p1a: Kingambit|88/100|[from] Spiky Shield|[of] p2b: Glimmora\n|\n|upkeep\n|turn|2\n|\n|t:|1776414059\n|detailschange|p2b: Glimmora|Glimmora-Mega, L50, F\n|-mega|p2b: Glimmora|Glimmora|Glimmoranite\n|move|p2b: Glimmora|Power Gem|p1b: Incineroar\n|-supereffective|p1b: Incineroar|1\n|-damage|p1b: Incineroar|0 fnt\n|faint|p1b: Incineroar\n|move|p2a: Corviknight|Bulk Up|p2a: Corviknight\n|-boost|p2a: Corviknight|atk|1\n|-boost|p2a: Corviknight|def|1\n|move|p1a: Kingambit|Kowtow Cleave|p2b: Glimmora\n|-damage|p2b: Glimmora|45/100\n|\n|upkeep\n|\n|t:|1776414072\n|switch|p1b: Gengar|Gengar, L50, M|100/100\n|turn|3\n|inactive|Battle timer is ON: inactive players will automatically lose when time's up. (requested by Tamejo)\n|\n|t:|1776414116\n|switch|p2b: Whimsicott|Whimsicott, L50, M|100/100\n|detailschange|p1b: Gengar|Gengar-Mega, L50, M\n|-mega|p1b: Gengar|Gengar|Gengarite\n|move|p1b: Gengar|Shadow Ball|p2b: Whimsicott\n|-damage|p2b: Whimsicott|32/100\n|move|p2a: Corviknight|Body Press|p1a: Kingambit\n|-supereffective|p1a: Kingambit|2\n|-enditem|p1a: Kingambit|Chople Berry|[eat]\n|-enditem|p1a: Kingambit|Chople Berry|[weaken]\n|-damage|p1a: Kingambit|24/100\n|move|p1a: Kingambit|Kowtow Cleave|p2a: Corviknight\n|-damage|p2a: Corviknight|76/100\n|\n|upkeep\n|turn|4\n|\n|t:|1776414137\n|switch|p1a: Whimsicott|Whimsicott, L50, F|100/100\n|move|p2b: Whimsicott|Tailwind|p2b: Whimsicott\n|-sidestart|p2: Tamejo|move: Tailwind\n|move|p1b: Gengar|Substitute|p1b: Gengar\n|-start|p1b: Gengar|Substitute\n|-damage|p1b: Gengar|76/100\n|move|p2a: Corviknight|Brave Bird|p1b: Gengar\n|-end|p1b: Gengar|Substitute\n|-damage|p2a: Corviknight|68/100|[from] Recoil|[of] p1b: Gengar\n|\n|upkeep\n|turn|5\n|\n|t:|1776414158\n|move|p2b: Whimsicott|Encore|p1b: Gengar\n|-start|p1b: Gengar|Encore\n|move|p1a: Whimsicott|Tailwind|p1a: Whimsicott\n|-sidestart|p1: miettinen|move: Tailwind\n|move|p1b: Gengar|Substitute|p1b: Gengar\n|-start|p1b: Gengar|Substitute\n|-damage|p1b: Gengar|51/100\n|move|p2a: Corviknight|Brave Bird|p1a: Whimsicott\n|-supereffective|p1a: Whimsicott|1\n|-enditem|p1a: Whimsicott|Focus Sash\n|-damage|p1a: Whimsicott|1/100\n|-damage|p2a: Corviknight|44/100|[from] Recoil\n|\n|upkeep\n|turn|6\n|\n|t:|1776414173\n|move|p1b: Gengar|Substitute|p1b: Gengar\n|-fail|p1b: Gengar|move: Substitute\n|move|p1a: Whimsicott|Moonblast|p2b: Whimsicott\n|-damage|p2b: Whimsicott|0 fnt\n|faint|p2b: Whimsicott\n|move|p2a: Corviknight|Brave Bird|p1b: Gengar\n|-end|p1b: Gengar|Substitute\n|-damage|p2a: Corviknight|37/100|[from] Recoil|[of] p1b: Gengar\n|\n|upkeep\n|\n|t:|1776414183\n|switch|p2b: Glimmora|Glimmora-Mega, L50, F|45/100\n|turn|7\n|\n|t:|1776414200\n|switch|p1b: Kingambit|Kingambit, L50, M|24/100\n|move|p1a: Whimsicott|Protect|p1a: Whimsicott\n|-singleturn|p1a: Whimsicott|Protect\n|move|p2b: Glimmora|Earth Power|p1a: Whimsicott\n|-activate|p1a: Whimsicott|move: Protect\n|move|p2a: Corviknight|Brave Bird|p1b: Kingambit\n|-resisted|p1b: Kingambit|1\n|-damage|p1b: Kingambit|0 fnt\n|faint|p1b: Kingambit\n|-damage|p2a: Corviknight|28/100|[from] Recoil\n|\n|-sideend|p2: Tamejo|move: Tailwind\n|upkeep\n|\n|t:|1776414209\n|switch|p1b: Gengar|Gengar-Mega, L50, M|51/100\n|turn|8\n|inactive|miettinen has 30 seconds left.\n|\n|t:|1776414237\n|move|p1b: Gengar|Shadow Ball|p2b: Glimmora\n|-damage|p2b: Glimmora|0 fnt\n|faint|p2b: Glimmora\n|move|p1a: Whimsicott|Moonblast|p2a: Corviknight\n|-resisted|p2a: Corviknight|1\n|-damage|p2a: Corviknight|9/100\n|move|p2a: Corviknight|Brave Bird|p1b: Gengar\n|-damage|p1b: Gengar|0 fnt\n|faint|p1b: Gengar\n|-damage|p2a: Corviknight|0 fnt|[from] Recoil\n|faint|p2a: Corviknight\n|\n|-sideend|p1: miettinen|move: Tailwind\n|upkeep\n|\n|t:|1776414246\n|switch|p2b: Sylveon|Sylveon, L50, F|100/100\n|turn|9\n|c|\u2606Tamejo|Gg\n|-message|miettinen forfeited.\n|\n|win|Tamejo\n|raw|miettinen's rating: 1118 &rarr; <strong>1098</strong><br />(-20 for losing)\n|raw|Tamejo's rating: 1185 &rarr; <strong>1205</strong><br />(+20 for winning)\n|l|\u2606miettinen\n|player|p1|\n",
  "uploadtime": 1776414259,
  "views": 15,
  "formatid": "gen9championsvgc2026regma",
  "rating": 1098,
  "private": 0,
  "password": null
}