{
  "id": "gen9championsvgc2026regma-2586769200",
  "format": "[Gen 9 Champions] VGC 2026 Reg M-A",
  "players": [
    "Daniarceus",
    "BossgodoraII"
  ],
  "log": "|j|\u2606Daniarceus\n|j|\u2606BossgodoraII\n|t:|1776458449\n|gametype|doubles\n|player|p1|Daniarceus|1|1589\n|player|p2|BossgodoraII|gentleman-gen4|1533\n|gen|9\n|tier|[Gen 9 Champions] VGC 2026 Reg M-A\n|rated|\n|rule|Species Clause: Limit one of each Pok\u00e9mon\n|rule|Item Clause: Limit 1 of each item\n|clearpoke\n|poke|p1|Maushold, L50|\n|poke|p1|Talonflame, L50, M|\n|poke|p1|Gardevoir, L50, M|\n|poke|p1|Garchomp, L50, F|\n|poke|p1|Kingambit, L50, M|\n|poke|p1|Basculegion, L50, M|\n|poke|p2|Delphox, L50, F|\n|poke|p2|Floette-Eternal, L50, F|\n|poke|p2|Sneasler, L50, M|\n|poke|p2|Aerodactyl, L50, F|\n|poke|p2|Garchomp, L50, F|\n|poke|p2|Kingambit, L50, F|\n|teampreview|4\nBossgodoraII rejected open team sheets.\n|inactive|Battle timer is ON: inactive players will automatically lose when time's up. (requested by BossgodoraII)\n|j| 2rffwd\n|inactive|Daniarceus has 60 seconds left.\n|\n|t:|1776458497\n|teamsize|p1|4\n|teamsize|p2|4\n|start\n|switch|p1a: Maushold|Maushold, L50|100/100\n|switch|p1b: Gardevoir|Gardevoir, L50, M|100/100\n|switch|p2a: Sneasler|Sneasler, L50, M|100/100\n|switch|p2b: Aerodactyl|Aerodactyl, L50, F|100/100\n|-ability|p2b: Aerodactyl|Unnerve\n|turn|1\n|inactive|BossgodoraII has 30 seconds left.\n|inactive|BossgodoraII has 20 seconds left.\n|\n|t:|1776458534\n|move|p1a: Maushold|Protect|p1a: Maushold\n|-singleturn|p1a: Maushold|Protect\n|move|p1b: Gardevoir|Protect|p1b: Gardevoir\n|-singleturn|p1b: Gardevoir|Protect\n|move|p2b: Aerodactyl|Rock Slide|p1a: Maushold|[spread] \n|-activate|p1a: Maushold|move: Protect\n|-activate|p1b: Gardevoir|move: Protect\n|move|p2a: Sneasler|Close Combat|p1a: Maushold\n|-activate|p1a: Maushold|move: Protect\n|\n|upkeep\n|turn|2\n|\n|t:|1776458549\n|switch|p2b: Kingambit|Kingambit, L50, F|100/100\n|detailschange|p1b: Gardevoir|Gardevoir-Mega, L50, M\n|-mega|p1b: Gardevoir|Gardevoir|Gardevoirite\n|move|p1a: Maushold|Follow Me|p1a: Maushold\n|-singleturn|p1a: Maushold|move: Follow Me\n|move|p2a: Sneasler|Dire Claw|p1a: Maushold\n|-damage|p1a: Maushold|46/100\n|-status|p1a: Maushold|psn\n|move|p1b: Gardevoir|Trick Room|p1b: Gardevoir\n|-fieldstart|move: Trick Room|[of] p1b: Gardevoir\n|\n|-damage|p1a: Maushold|34/100 psn|[from] psn\n|upkeep\n|turn|3\n|inactive|Daniarceus has 30 seconds left.\n|\n|t:|1776458577\n|move|p1a: Maushold|Follow Me|p1a: Maushold\n|-singleturn|p1a: Maushold|move: Follow Me\n|move|p2b: Kingambit|Kowtow Cleave|p1a: Maushold\n|-damage|p1a: Maushold|0 fnt\n|faint|p1a: Maushold\n|move|p1b: Gardevoir|Hyper Voice|p2b: Kingambit|[spread] p2a,p2b\n|-damage|p2a: Sneasler|38/100\n|-damage|p2b: Kingambit|48/100\n|move|p2a: Sneasler|Dire Claw|p1b: Gardevoir\n|-supereffective|p1b: Gardevoir|1\n|-damage|p1b: Gardevoir|0 fnt\n|faint|p1b: Gardevoir\n|\n|upkeep\n|\n|t:|1776458589\n|switch|p1b: Garchomp|Garchomp, L50, F|100/100\n|switch|p1a: Basculegion|Basculegion, L50, M|100/100\n|turn|4\n|\n|t:|1776458614\n|move|p2b: Kingambit|Protect|p2b: Kingambit\n|-singleturn|p2b: Kingambit|Protect\n|move|p1a: Basculegion|Protect|p1a: Basculegion\n|-singleturn|p1a: Basculegion|Protect\n|move|p2a: Sneasler|Protect|p2a: Sneasler\n|-singleturn|p2a: Sneasler|Protect\n|move|p1b: Garchomp|Earthquake|p2b: Kingambit|[spread] \n|-activate|p1a: Basculegion|move: Protect\n|-activate|p2a: Sneasler|move: Protect\n|-activate|p2b: Kingambit|move: Protect\n|\n|upkeep\n|turn|5\n|\n|t:|1776458631\n|move|p1a: Basculegion|Protect||[still]\n|-fail|p1a: Basculegion\n|move|p2b: Kingambit|Sucker Punch||[still]\n|-fail|p2b: Kingambit\n|move|p1b: Garchomp|Earthquake|p2b: Kingambit|[spread] p1a,p2a,p2b\n|-supereffective|p2a: Sneasler|1\n|-supereffective|p2b: Kingambit|1\n|-damage|p1a: Basculegion|49/100\n|-damage|p2a: Sneasler|0 fnt\n|-damage|p2b: Kingambit|0 fnt\n|-enditem|p1a: Basculegion|Sitrus Berry|[eat]\n|-heal|p1a: Basculegion|74/100|[from] item: Sitrus Berry\n|faint|p2a: Sneasler\n|faint|p2b: Kingambit\n|\n|upkeep\n|l| 2rffwd\n|\n|t:|1776458635\n|switch|p2b: Floette|Floette-Eternal, L50, F|100/100\n|switch|p2a: Aerodactyl|Aerodactyl, L50, F|100/100\n|-ability|p2a: Aerodactyl|Unnerve\n|turn|6\n|\n|t:|1776458658\n|move|p2b: Floette|Protect|p2b: Floette\n|-singleturn|p2b: Floette|Protect\n|move|p1a: Basculegion|Last Respects|p2b: Floette\n|-activate|p2b: Floette|move: Protect\n|move|p1b: Garchomp|Rock Slide|p2b: Floette|[spread] p2a\n|-activate|p2b: Floette|move: Protect\n|-supereffective|p2a: Aerodactyl|1\n|-damage|p2a: Aerodactyl|37/100\n|move|p2a: Aerodactyl|Tailwind|p2a: Aerodactyl\n|-sidestart|p2: BossgodoraII|move: Tailwind\n|\n|-fieldend|move: Trick Room\n|upkeep\n|turn|7\n|\n|t:|1776458681\n|detailschange|p2b: Floette|Floette-Mega, L50, F\n|-mega|p2b: Floette|Floette|Floettite\n|-ability|p2b: Floette|Fairy Aura\n|move|p2a: Aerodactyl|Rock Slide|p1a: Basculegion|[spread] p1a,p1b\n|-resisted|p1b: Garchomp|1\n|-damage|p1a: Basculegion|46/100\n|-damage|p1b: Garchomp|90/100\n|move|p2b: Floette|Dazzling Gleam|p1a: Basculegion|[spread] p1a,p1b\n|-supereffective|p1b: Garchomp|1\n|-damage|p1a: Basculegion|0 fnt\n|-damage|p1b: Garchomp|0 fnt\n|faint|p1a: Basculegion\n|faint|p1b: Garchomp\n|\n|win|BossgodoraII\n|raw|Daniarceus's rating: 1589 &rarr; <strong>1566</strong><br />(-23 for losing)\n|raw|BossgodoraII's rating: 1533 &rarr; <strong>1556</strong><br />(+23 for winning)\n|c|\u2606BossgodoraII|gg\n|c|\u2606Daniarceus|GG\n|l|\u2606Daniarceus\n|player|p1|\n",
  "uploadtime": 1776458829,
  "views": 98,
  "formatid": "gen9championsvgc2026regma",
  "rating": 1556,
  "private": 0,
  "password": null
}