{
  "id": "gen9championsvgc2026regma-2586178450",
  "format": "[Gen 9 Champions] VGC 2026 Reg M-A",
  "players": [
    "Miah1212",
    "1NoClip1"
  ],
  "log": "|j|\u2606Miah1212\n|j|\u26061NoClip1\n|t:|1776408966\n|gametype|doubles\n|player|p1|Miah1212|101|\n|player|p2|1NoClip1|102|\n|gen|9\n|tier|[Gen 9 Champions] VGC 2026 Reg M-A\n|rule|Species Clause: Limit one of each Pok\u00e9mon\n|rule|Item Clause: Limit 1 of each item\n|clearpoke\n|poke|p1|Whimsicott, L50, M|\n|poke|p1|Sneasler, L50, F|\n|poke|p1|Basculegion, L50, M|\n|poke|p1|Politoed, L50, M|\n|poke|p1|Incineroar, L50, F|\n|poke|p1|Gengar, L50, F|\n|poke|p2|Absol, L50, F|\n|poke|p2|Farigiraf, L50, M|\n|poke|p2|Torkoal, L50, M|\n|poke|p2|Gyarados, L50, M|\n|poke|p2|Aggron, L50, M|\n|poke|p2|Sinistcha, L50|\n|teampreview|4\n|c|\u26061NoClip1|what does open team sheets mean\n|\n|t:|1776409029\n|teamsize|p1|4\n|teamsize|p2|4\n|start\n|switch|p1a: Gengar|Gengar, L50, F|100/100\n|switch|p1b: Incineroar|Incineroar, L50, F|100/100\n|switch|p2a: Terminator|Absol, L50, F|100/100\n|switch|p2b: Tall|Farigiraf, L50, M|100/100\n|-ability|p1b: Incineroar|Intimidate|boost\n|-unboost|p2a: Terminator|atk|1\n|-unboost|p2b: Tall|atk|1\n|turn|1\n|c|\u2606Miah1212|u get to see my items and moves and I get to see urs\n|c|\u26061NoClip1|ohh\n|c|\u2606Miah1212|its for tournaments\n|c|\u2606Miah1212|so its less high rolly\n|c|\u2606Miah1212|but ranked usually no team sheet (but by right we should open team sheet)\n|c|\u26061NoClip1|i seee\n|\n|t:|1776409092\n|detailschange|p1a: Gengar|Gengar-Mega, L50, F\n|-mega|p1a: Gengar|Gengar|Gengarite\n|move|p1a: Gengar|Protect|p1a: Gengar\n|-singleturn|p1a: Gengar|Protect\n|move|p1b: Incineroar|Throat Chop|p2b: Tall\n|-supereffective|p2b: Tall|1\n|-damage|p2b: Tall|34/100\n|-start|p2b: Tall|Throat Chop|[silent]\n|-enditem|p2b: Tall|Sitrus Berry|[eat]\n|-heal|p2b: Tall|59/100|[from] item: Sitrus Berry\n|move|p2a: Terminator|Night Slash|p1a: Gengar\n|-activate|p1a: Gengar|move: Protect\n|move|p2b: Tall|Trick Room|p2b: Tall\n|-fieldstart|move: Trick Room|[of] p2b: Tall\n|\n|upkeep\n|turn|2\n|c|\u26061NoClip1|last game then i go do work ehehe\n|c|\u2606Miah1212|can\n|\n|t:|1776409134\n|switch|p1a: Politoed|Politoed, L50, M|100/100\n|-weather|RainDance|[from] ability: Drizzle|[of] p1a: Politoed\n|move|p2b: Tall|Helping Hand|p2a: Terminator\n|-singleturn|p2a: Terminator|Helping Hand|[of] p2b: Tall\n|move|p2a: Terminator|Night Slash|p1a: Politoed\n|-crit|p1a: Politoed\n|-damage|p1a: Politoed|10/100\n|move|p1b: Incineroar|Parting Shot|p2a: Terminator\n|-unboost|p2a: Terminator|atk|1\n|-unboost|p2a: Terminator|spa|1\n|\n|t:|1776409148\n|switch|p1b: Gengar|Gengar-Mega, L50, F|100/100|[from] Parting Shot\n|\n|-weather|RainDance|[upkeep]\n|-heal|p1a: Politoed|16/100|[from] item: Leftovers\n|-end|p2b: Tall|Throat Chop|[silent]\n|upkeep\n|turn|3\n|\n|t:|1776409178\n|switch|p1a: Incineroar|Incineroar, L50, F|100/100\n|-ability|p1a: Incineroar|Intimidate|boost\n|-unboost|p2a: Terminator|atk|1\n|-unboost|p2b: Tall|atk|1\n|move|p2b: Tall|Hyper Voice|p1a: Incineroar|[spread] p1a\n|-immune|p1b: Gengar\n|-damage|p1a: Incineroar|72/100\n|move|p2a: Terminator|Night Slash|p1b: Gengar\n|-supereffective|p1b: Gengar|1\n|-crit|p1b: Gengar\n|-damage|p1b: Gengar|0 fnt\n|faint|p1b: Gengar\n|\n|-weather|RainDance|[upkeep]\n|upkeep\n|\n|t:|1776409191\n|switch|p1b: Politoed|Politoed, L50, M|16/100\n|turn|4\n|\n|t:|1776409227\n|move|p1b: Politoed|Protect|p1b: Politoed\n|-singleturn|p1b: Politoed|Protect\n|move|p2b: Tall|Hyper Voice|p1a: Incineroar|[spread] p1a\n|-activate|p1b: Politoed|move: Protect\n|-damage|p1a: Incineroar|41/100\n|-enditem|p1a: Incineroar|Sitrus Berry|[eat]\n|-heal|p1a: Incineroar|66/100|[from] item: Sitrus Berry\n|move|p2a: Terminator|Stone Edge|p1a: Incineroar\n|-supereffective|p1a: Incineroar|1\n|-crit|p1a: Incineroar\n|-damage|p1a: Incineroar|0 fnt\n|faint|p1a: Incineroar\n|\n|-weather|RainDance|[upkeep]\n|-heal|p1b: Politoed|22/100|[from] item: Leftovers\n|upkeep\n|\n|t:|1776409241\n|switch|p1a: Basculegion|Basculegion, L50, M|100/100\n|turn|5\n|\n|t:|1776409264\n|switch|p2b: Tortoise|Torkoal, L50, M, shiny|100/100\n|-weather|SunnyDay|[from] ability: Drought|[of] p2b: Tortoise\n|move|p2a: Terminator|Sucker Punch|p1a: Basculegion\n|-supereffective|p1a: Basculegion|1\n|-crit|p1a: Basculegion\n|-damage|p1a: Basculegion|0 fnt\n|faint|p1a: Basculegion\n|move|p1b: Politoed|Weather Ball|p2b: Tortoise\n|-resisted|p2b: Tortoise|1\n|-damage|p2b: Tortoise|79/100\n|\n|-weather|SunnyDay|[upkeep]\n|-heal|p1b: Politoed|28/100|[from] item: Leftovers\n|-fieldend|move: Trick Room\n|upkeep\n|turn|6\n|c|\u2606Miah1212|oof\n|c|\u2606Miah1212|gg\n|c|\u26061NoClip1|gg\n|-message|Miah1212 forfeited.\n|\n|win|1NoClip1\n|l|\u2606Miah1212\n|player|p1|\n",
  "uploadtime": 1776409296,
  "views": 28,
  "formatid": "gen9championsvgc2026regma",
  "rating": null,
  "private": 0,
  "password": null
}