{
  "id": "gen9championsvgc2026regma-2589521345",
  "format": "[Gen 9 Champions] VGC 2026 Reg M-A",
  "players": [
    "duvay",
    "CameronDee"
  ],
  "log": "|j|\u2606duvay\n|j|\u2606CameronDee\n|t:|1776730556\n|gametype|doubles\n|player|p1|duvay|102|1118\n|player|p2|CameronDee|265|1116\n|gen|9\n|tier|[Gen 9 Champions] VGC 2026 Reg M-A\n|rated|\n|rule|Species Clause: Limit one of each Pok\u00e9mon\n|rule|Item Clause: Limit 1 of each item\n|clearpoke\n|poke|p1|Tyrantrum, L50, M|\n|poke|p1|Talonflame, L50, F|\n|poke|p1|Sinistcha, L50|\n|poke|p1|Milotic, L50, F|\n|poke|p1|Gardevoir, L50, M|\n|poke|p1|Sneasler, L50, M|\n|poke|p2|Scizor, L50, F|\n|poke|p2|Kommo-o, L50, M|\n|poke|p2|Sylveon, L50, F|\n|poke|p2|Maushold, L50|\n|poke|p2|Rotom-Wash, L50|\n|poke|p2|Aerodactyl, L50, F|\n|teampreview|4\n|inactive|Battle timer is ON: inactive players will automatically lose when time's up. (requested by duvay)\nduvay rejected open team sheets.\n|inactive|CameronDee has 60 seconds left.\n|\n|t:|1776730589\n|teamsize|p1|4\n|teamsize|p2|4\n|start\n|switch|p1a: Gardevoir|Gardevoir, L50, M|100/100\n|switch|p1b: Tyrantrum|Tyrantrum, L50, M|100/100\n|switch|p2a: Maushold|Maushold, L50|100/100\n|switch|p2b: Kommo-o|Kommo-o, L50, M|100/100\n|-ability|p1a: Gardevoir|Soundproof|Trace|[from] ability: Trace|[of] p2b: Kommo-o\n|turn|1\n|inactive|CameronDee has 30 seconds left.\n|\n|t:|1776730615\n|detailschange|p1a: Gardevoir|Gardevoir-Mega, L50, M\n|-mega|p1a: Gardevoir|Gardevoir|Gardevoirite\n|move|p2a: Maushold|Protect|p2a: Maushold\n|-singleturn|p2a: Maushold|Protect\n|move|p2b: Kommo-o|Clangorous Soul|p2b: Kommo-o\n|-boost|p2b: Kommo-o|atk|1\n|-boost|p2b: Kommo-o|def|1\n|-boost|p2b: Kommo-o|spa|1\n|-boost|p2b: Kommo-o|spd|1\n|-boost|p2b: Kommo-o|spe|1\n|-damage|p2b: Kommo-o|68/100\n|move|p1a: Gardevoir|Hyper Voice|p2a: Maushold|[spread] \n|-activate|p2a: Maushold|move: Protect\n|-immune|p2b: Kommo-o|[from] ability: Soundproof\n|move|p1b: Tyrantrum|Scale Shot|p2a: Maushold\n|-activate|p2a: Maushold|move: Protect\n|\n|-heal|p2b: Kommo-o|74/100|[from] item: Leftovers\n|upkeep\n|turn|2\n|inactive|CameronDee has 30 seconds left.\n|\n|t:|1776730648\n|move|p1a: Gardevoir|Protect|p1a: Gardevoir\n|-singleturn|p1a: Gardevoir|Protect\n|move|p2a: Maushold|Follow Me|p2a: Maushold\n|-singleturn|p2a: Maushold|move: Follow Me\n|move|p2b: Kommo-o|Clanging Scales|p1b: Tyrantrum|[spread] p1b\n|-activate|p1a: Gardevoir|move: Protect\n|-supereffective|p1b: Tyrantrum|1\n|-damage|p1b: Tyrantrum|0 fnt\n|faint|p1b: Tyrantrum\n|-unboost|p2b: Kommo-o|def|1\n|\n|-heal|p2b: Kommo-o|79/100|[from] item: Leftovers\n|upkeep\n|\n|t:|1776730657\n|switch|p1b: Talonflame|Talonflame, L50, F|100/100\n|turn|3\n|\n|t:|1776730681\n|move|p2a: Maushold|Helping Hand|p2b: Kommo-o\n|-singleturn|p2b: Kommo-o|Helping Hand|[of] p2a: Maushold\n|move|p1b: Talonflame|Brave Bird|p2b: Kommo-o\n|-supereffective|p2b: Kommo-o|1\n|-damage|p2b: Kommo-o|14/100\n|-damage|p1b: Talonflame|79/100|[from] Recoil\n|move|p2b: Kommo-o|Clanging Scales|p1b: Talonflame|[spread] p1b\n|-immune|p1a: Gardevoir\n|-damage|p1b: Talonflame|0 fnt\n|faint|p1b: Talonflame\n|-unboost|p2b: Kommo-o|def|1\n|move|p1a: Gardevoir|Trick Room|p1a: Gardevoir\n|-fieldstart|move: Trick Room|[of] p1a: Gardevoir\n|\n|-heal|p2b: Kommo-o|20/100|[from] item: Leftovers\n|upkeep\n|\n|t:|1776730690\n|switch|p1b: Sinistcha|Sinistcha, L50|100/100\n|turn|4\n|\n|t:|1776730707\n|switch|p2b: Scizor|Scizor, L50, F|100/100\n|move|p2a: Maushold|Protect|p2a: Maushold\n|-singleturn|p2a: Maushold|Protect\n|move|p1b: Sinistcha|Matcha Gotcha|p2a: Maushold|[spread] \n|-activate|p2a: Maushold|move: Protect\n|-miss|p1b: Sinistcha|p2b: Scizor\n|move|p1a: Gardevoir|Psychic|p2b: Scizor\n|-resisted|p2b: Scizor|1\n|-damage|p2b: Scizor|71/100\n|\n|upkeep\n|turn|5\n|\n|t:|1776730728\n|detailschange|p2b: Scizor|Scizor-Mega, L50, F\n|-mega|p2b: Scizor|Scizor|Scizorite\n|move|p1a: Gardevoir|Protect|p1a: Gardevoir\n|-singleturn|p1a: Gardevoir|Protect\n|move|p2a: Maushold|Follow Me|p2a: Maushold\n|-singleturn|p2a: Maushold|move: Follow Me\n|move|p1b: Sinistcha|Matcha Gotcha|p2a: Maushold|[spread] p2a,p2b\n|-resisted|p2b: Scizor|2\n|-damage|p2a: Maushold|70/100\n|-damage|p2b: Scizor|67/100\n|move|p2b: Scizor|Swords Dance|p2b: Scizor\n|-boost|p2b: Scizor|atk|2\n|\n|upkeep\n|turn|6\n|\n|t:|1776730748\n|move|p2a: Maushold|Follow Me|p2a: Maushold\n|-singleturn|p2a: Maushold|move: Follow Me\n|move|p2b: Scizor|Bullet Punch|p1a: Gardevoir\n|-supereffective|p1a: Gardevoir|1\n|-damage|p1a: Gardevoir|0 fnt\n|faint|p1a: Gardevoir\n|move|p1b: Sinistcha|Matcha Gotcha|p2a: Maushold|[spread] p2a,p2b\n|-resisted|p2b: Scizor|2\n|-damage|p2a: Maushold|40/100\n|-damage|p2b: Scizor|63/100\n|\n|upkeep\n|turn|7\n|-message|duvay forfeited.\n|\n|win|CameronDee\n|raw|duvay's rating: 1118 &rarr; <strong>1093</strong><br />(-25 for losing)\n|raw|CameronDee's rating: 1116 &rarr; <strong>1141</strong><br />(+25 for winning)\n",
  "uploadtime": 1776730760,
  "views": 7,
  "formatid": "gen9championsvgc2026regma",
  "rating": 1093,
  "private": 0,
  "password": null
}