{
  "id": "gen9championsvgc2026regma-2584763317",
  "format": "[Gen 9 Champions] VGC 2026 Reg M-A",
  "players": [
    "bologna23191",
    "ggsxd999"
  ],
  "log": "|j|\u2606bologna23191\n|j|\u2606ggsxd999\n|t:|1776281937\n|gametype|doubles\n|player|p1|bologna23191|170|1184\n|player|p2|ggsxd999|blue|1174\n|gen|9\n|tier|[Gen 9 Champions] VGC 2026 Reg M-A\n|rated|\n|rule|Species Clause: Limit one of each Pok\u00e9mon\n|rule|Item Clause: Limit 1 of each item\n|clearpoke\n|poke|p1|Palafin, L50, F|\n|poke|p1|Whimsicott, L50, F|\n|poke|p1|Arcanine-Hisui, L50, F|\n|poke|p1|Kingambit, L50, F|\n|poke|p1|Glaceon, L50, F|\n|poke|p1|Froslass, L50, F|\n|poke|p2|Tyranitar, L50, F|\n|poke|p2|Garchomp, L50, F|\n|poke|p2|Excadrill, L50, F|\n|poke|p2|Clefable, L50, F|\n|poke|p2|Rotom-Heat, L50|\n|poke|p2|Zoroark-Hisui, L50, F|\n|teampreview|4\n|inactive|Battle timer is ON: inactive players will automatically lose when time's up. (requested by ggsxd999)\n|\n|t:|1776281958\n|teamsize|p1|4\n|teamsize|p2|4\n|start\n|switch|p1a: Palafin|Palafin, L50, F|100/100\n|switch|p1b: Froslass|Froslass, L50, F|100/100\n|switch|p2a: Exca \u2665|Excadrill, L50, F, shiny|100/100\n|switch|p2b: Garchi \u2665|Garchomp, L50, F, shiny|100/100\n|turn|1\n|inactive|bologna23191 has 30 seconds left.\n|inactive|bologna23191 has 20 seconds left.\n|inactive|bologna23191 has 15 seconds left.\n|inactive|bologna23191 has 10 seconds left.\n|\n|t:|1776282004\n|detailschange|p1a: Palafin|Palafin-Hero, L50, F\n|switch|p1a: Whimsicott|Whimsicott, L50, F|100/100\n|detailschange|p1b: Froslass|Froslass-Mega, L50, F\n|-mega|p1b: Froslass|Froslass|Froslassite\n|-weather|Snowscape|[from] ability: Snow Warning|[of] p1b: Froslass\n|move|p2b: Garchi \u2665|Bitter Malice|p1b: Froslass\n|-supereffective|p1b: Froslass|1\n|-damage|p1b: Froslass|5/100\n|-unboost|p1b: Froslass|atk|1\n|move|p1b: Froslass|Aurora Veil|p1b: Froslass\n|-sidestart|p1: bologna23191|move: Aurora Veil\n|move|p2a: Exca \u2665|Rock Slide|p1a: Whimsicott|[spread] p1a,p1b\n|-supereffective|p1b: Froslass|1\n|-damage|p1a: Whimsicott|87/100\n|-damage|p1b: Froslass|0 fnt\n|faint|p1b: Froslass\n|\n|-weather|Snowscape|[upkeep]\n|upkeep\n|\n|t:|1776282024\n|switch|p1b: Palafin|Palafin-Hero, L50, F|100/100\n|-activate|p1b: Palafin|ability: Zero to Hero\n|turn|2\n|\n|t:|1776282034\n|switch|p2a: Garchi \u2665|Garchomp, L50, F, shiny|100/100\n|move|p1a: Whimsicott|Tailwind|p1a: Whimsicott\n|-sidestart|p1: bologna23191|move: Tailwind\n|move|p1b: Palafin|Close Combat|p2a: Garchi \u2665\n|-damage|p2a: Garchi \u2665|44/100\n|-unboost|p1b: Palafin|def|1\n|-unboost|p1b: Palafin|spd|1\n|move|p2b: Garchi \u2665|Bitter Malice|p1b: Palafin\n|-damage|p1b: Palafin|56/100\n|-unboost|p1b: Palafin|atk|1\n|\n|-weather|Snowscape|[upkeep]\n|upkeep\n|turn|3\n|inactive|bologna23191 has 30 seconds left.\n|\n|t:|1776282065\n|move|p2a: Garchi \u2665|Protect|p2a: Garchi \u2665\n|-singleturn|p2a: Garchi \u2665|Protect\n|move|p1b: Palafin|Wave Crash|p2b: Garchi \u2665\n|-crit|p2b: Garchi \u2665\n|-damage|p2b: Garchi \u2665|0 fnt\n|replace|p2b: Zori \u2665|Zoroark-Hisui, L50, F, shiny\n|-end|p2b: Zori \u2665|Illusion\n|faint|p2b: Zori \u2665\n|-damage|p1b: Palafin|30/100|[from] Recoil\n|move|p1a: Whimsicott|Moonblast|p2a: Garchi \u2665\n|-activate|p2a: Garchi \u2665|move: Protect\n|\n|-weather|Snowscape|[upkeep]\n|upkeep\n|\n|t:|1776282072\n|switch|p2b: Tyra \u2665|Tyranitar, L50, F, shiny|100/100\n|-weather|Sandstorm|[from] ability: Sand Stream|[of] p2b: Tyra \u2665\n|turn|4\n|\n|t:|1776282092\n|detailschange|p2b: Tyra \u2665|Tyranitar-Mega, L50, F, shiny\n|-mega|p2b: Tyra \u2665|Tyranitar|Tyranitarite\n|move|p1b: Palafin|Close Combat|p2b: Tyra \u2665\n|-supereffective|p2b: Tyra \u2665|2\n|-damage|p2b: Tyra \u2665|6/100\n|-unboost|p1b: Palafin|def|1\n|-unboost|p1b: Palafin|spd|1\n|move|p1a: Whimsicott|Moonblast|p2a: Garchi \u2665|[miss]\n|-miss|p1a: Whimsicott|p2a: Garchi \u2665\n|move|p2a: Garchi \u2665|Rock Slide|p1b: Palafin|[spread] p1a,p1b\n|-damage|p1a: Whimsicott|72/100\n|-damage|p1b: Palafin|4/100\n|move|p2b: Tyra \u2665|Rock Slide|p1b: Palafin|[spread] p1a\n|-miss|p2b: Tyra \u2665|p1b: Palafin\n|-damage|p1a: Whimsicott|44/100\n|\n|-weather|Sandstorm|[upkeep]\n|-damage|p1b: Palafin|0 fnt|[from] Sandstorm\n|-damage|p1a: Whimsicott|38/100|[from] Sandstorm\n|faint|p1b: Palafin\n|upkeep\n|\n|t:|1776282112\n|switch|p1b: Glaceon|Glaceon, L50, F|100/100\n|turn|5\n|inactive|bologna23191 has 30 seconds left.\n|inactive|bologna23191 has 20 seconds left.\n|inactive|bologna23191 has 15 seconds left.\n|\n|t:|1776282154\n|move|p2a: Garchi \u2665|Protect|p2a: Garchi \u2665\n|-singleturn|p2a: Garchi \u2665|Protect\n|move|p2b: Tyra \u2665|Protect|p2b: Tyra \u2665\n|-singleturn|p2b: Tyra \u2665|Protect\n|move|p1a: Whimsicott|Moonblast|p2b: Tyra \u2665\n|-activate|p2b: Tyra \u2665|move: Protect\n|move|p1b: Glaceon|Freeze-Dry|p2a: Garchi \u2665\n|-activate|p2a: Garchi \u2665|move: Protect\n|\n|-weather|Sandstorm|[upkeep]\n|-damage|p1a: Whimsicott|32/100|[from] Sandstorm\n|-damage|p1b: Glaceon|95/100|[from] Sandstorm\n|-sideend|p1: bologna23191|move: Tailwind\n|-sideend|p1: bologna23191|move: Aurora Veil\n|upkeep\n|turn|6\n|inactive|bologna23191 has 30 seconds left.\n|inactive|bologna23191 has 20 seconds left.\n|inactive|bologna23191 has 15 seconds left.\n|inactive|bologna23191 has 10 seconds left.\n|inactiveoff|Battle timer is now OFF.\n|\n|t:|1776282204\n|move|p1a: Whimsicott|Tailwind|p1a: Whimsicott\n|-sidestart|p1: bologna23191|move: Tailwind\n|move|p1b: Glaceon|Freeze-Dry|p2a: Garchi \u2665|[miss]\n|-miss|p1b: Glaceon|p2a: Garchi \u2665\n|move|p2a: Garchi \u2665|Rock Slide|p1b: Glaceon|[spread] p1a,p1b\n|-supereffective|p1b: Glaceon|1\n|-damage|p1a: Whimsicott|12/100\n|-damage|p1b: Glaceon|50/100\n|move|p2b: Tyra \u2665|Rock Slide|p1a: Whimsicott|[spread] p1a,p1b\n|-supereffective|p1b: Glaceon|1\n|-damage|p1a: Whimsicott|0 fnt\n|-damage|p1b: Glaceon|0 fnt\n|faint|p1a: Whimsicott\n|faint|p1b: Glaceon\n|\n|win|ggsxd999\n|raw|bologna23191's rating: 1184 &rarr; <strong>1158</strong><br />(-26 for losing)\n|raw|ggsxd999's rating: 1174 &rarr; <strong>1200</strong><br />(+26 for winning)\n|l|\u2606bologna23191\n|player|p1|\n|n|\u2606ggsxd999|ggsxd999\n",
  "uploadtime": 1776282243,
  "views": 19,
  "formatid": "gen9championsvgc2026regma",
  "rating": 1158,
  "private": 0,
  "password": null
}