{
  "id": "gen9championsvgc2026regma-2588254180",
  "format": "[Gen 9 Champions] VGC 2026 Reg M-A",
  "players": [
    "Rus0804",
    "DusknoirisKing"
  ],
  "log": "|j|\u2606Rus0804\n|j|\u2606DusknoirisKing\n|t:|1776618396\n|gametype|doubles\n|player|p1|Rus0804|policeman-gen4|1119\n|player|p2|DusknoirisKing|169|1165\n|gen|9\n|tier|[Gen 9 Champions] VGC 2026 Reg M-A\n|rated|\n|rule|Species Clause: Limit one of each Pok\u00e9mon\n|rule|Item Clause: Limit 1 of each item\n|clearpoke\n|poke|p1|Meganium, L50, F, shiny|\n|poke|p1|Typhlosion-Hisui, L50, M, shiny|\n|poke|p1|Tauros-Paldea-Aqua, L50, M|\n|poke|p1|Aerodactyl, L50, M, shiny|\n|poke|p1|Archaludon, L50, M|\n|poke|p1|Kangaskhan, L50, F|\n|poke|p2|Floette-Eternal, L50, F|\n|poke|p2|Incineroar, L50, M|\n|poke|p2|Sinistcha, L50|\n|poke|p2|Pelipper, L50, M|\n|poke|p2|Archaludon, L50, M|\n|poke|p2|Basculegion, L50, M|\n|teampreview|4\n|\n|t:|1776618422\n|teamsize|p1|4\n|teamsize|p2|4\n|start\n|switch|p1a: Aerodactyl|Aerodactyl, L50, M, shiny|100/100\n|switch|p1b: Kangaskhan|Kangaskhan, L50, F|100/100\n|switch|p2a: Floette|Floette-Eternal, L50, F|100/100\n|switch|p2b: Sinistcha|Sinistcha, L50|100/100\n|-ability|p1a: Aerodactyl|Unnerve\n|turn|1\n|\n|t:|1776618441\n|move|p2a: Floette|Protect|p2a: Floette\n|-singleturn|p2a: Floette|Protect\n|move|p1b: Kangaskhan|Fake Out|p2a: Floette\n|-activate|p2a: Floette|move: Protect\n|move|p1a: Aerodactyl|Tailwind|p1a: Aerodactyl\n|-sidestart|p1: Rus0804|move: Tailwind\n|move|p2b: Sinistcha|Matcha Gotcha|p1a: Aerodactyl|[spread] p1a\n|-miss|p2b: Sinistcha|p1b: Kangaskhan\n|-damage|p1a: Aerodactyl|63/100\n|\n|upkeep\n|turn|2\n|l|\u2606Rus0804\n|player|p1|\n|inactive|Battle timer is ON: inactive players will automatically lose when time's up. (requested by DusknoirisKing)\n|j|\u2606Rus0804\n|inactive|Rus0804 reconnected and has 70 seconds left.\n|player|p1|Rus0804|policeman-gen4|\n|inactive|Rus0804 has 60 seconds left.\n|\n|t:|1776618516\n|switch|p2a: Incineroar|Incineroar, L50, M|100/100\n|-ability|p2a: Incineroar|Intimidate|boost\n|-unboost|p1a: Aerodactyl|atk|1\n|-fail|p1b: Kangaskhan|unboost|Attack|[from] ability: Inner Focus|[of] p1b: Kangaskhan\n|move|p1a: Aerodactyl|Dual Wingbeat|p2b: Sinistcha\n|-supereffective|p2b: Sinistcha|1\n|-damage|p2b: Sinistcha|79/100\n|-supereffective|p2b: Sinistcha|1\n|-damage|p2b: Sinistcha|59/100\n|-hitcount|p2b: Sinistcha|2\n|move|p1b: Kangaskhan|Earthquake|p2b: Sinistcha|[spread] p2a,p2b\n|-immune|p1a: Aerodactyl\n|-supereffective|p2a: Incineroar|1\n|-resisted|p2b: Sinistcha|1\n|-damage|p2a: Incineroar|70/100\n|-damage|p2b: Sinistcha|50/100\n|move|p2b: Sinistcha|Matcha Gotcha|p1b: Kangaskhan|[spread] p1b\n|-miss|p2b: Sinistcha|p1a: Aerodactyl\n|-damage|p1b: Kangaskhan|73/100\n|-heal|p2b: Sinistcha|65/100|[from] drain|[of] p1b: Kangaskhan\n|\n|-heal|p2a: Incineroar|77/100|[from] item: Leftovers\n|upkeep\n|turn|3\n|inactive|Rus0804 has 30 seconds left.\n|inactive|DusknoirisKing has 30 seconds left.\n|\n|t:|1776618547\n|move|p1b: Kangaskhan|Sucker Punch|p2b: Sinistcha\n|-supereffective|p2b: Sinistcha|1\n|-damage|p2b: Sinistcha|31/100\n|move|p1a: Aerodactyl|Rock Slide|p2b: Sinistcha|[spread] p2a,p2b\n|-supereffective|p2a: Incineroar|1\n|-damage|p2a: Incineroar|52/100\n|-damage|p2b: Sinistcha|17/100\n|move|p2b: Sinistcha|Matcha Gotcha|p1b: Kangaskhan|[spread] p1b\n|-miss|p2b: Sinistcha|p1a: Aerodactyl\n|-damage|p1b: Kangaskhan|46/100\n|-heal|p2b: Sinistcha|31/100|[from] drain|[of] p1b: Kangaskhan\n|move|p2a: Incineroar|Will-O-Wisp|p1a: Aerodactyl\n|-status|p1a: Aerodactyl|brn\n|\n|-heal|p2a: Incineroar|58/100|[from] item: Leftovers\n|-damage|p1a: Aerodactyl|57/100 brn|[from] brn\n|upkeep\n|turn|4\n|inactive|Rus0804 has 30 seconds left.\n|\n|t:|1776618574\n|move|p1a: Aerodactyl|Protect|p1a: Aerodactyl\n|-singleturn|p1a: Aerodactyl|Protect\n|move|p2b: Sinistcha|Protect|p2b: Sinistcha\n|-singleturn|p2b: Sinistcha|Protect\n|move|p1b: Kangaskhan|Sucker Punch||[still]\n|-fail|p1b: Kangaskhan\n|move|p2a: Incineroar|Will-O-Wisp|p1b: Kangaskhan|[miss]\n|-miss|p2a: Incineroar|p1b: Kangaskhan\n|\n|-heal|p2a: Incineroar|64/100|[from] item: Leftovers\n|-damage|p1a: Aerodactyl|51/100 brn|[from] brn\n|-sideend|p1: Rus0804|move: Tailwind\n|upkeep\n|turn|5\n|\n|t:|1776618598\n|move|p1a: Aerodactyl|Tailwind|p1a: Aerodactyl\n|-sidestart|p1: Rus0804|move: Tailwind\n|move|p1b: Kangaskhan|Earthquake|p2b: Sinistcha|[spread] p2a,p2b\n|-immune|p1a: Aerodactyl\n|-supereffective|p2a: Incineroar|1\n|-resisted|p2b: Sinistcha|1\n|-damage|p2a: Incineroar|35/100\n|-damage|p2b: Sinistcha|21/100\n|move|p2b: Sinistcha|Matcha Gotcha|p1a: Aerodactyl|[spread] p1b\n|-miss|p2b: Sinistcha|p1a: Aerodactyl\n|-damage|p1b: Kangaskhan|18/100\n|-heal|p2b: Sinistcha|35/100|[from] drain|[of] p1b: Kangaskhan\n|move|p2a: Incineroar|Will-O-Wisp|p1b: Kangaskhan\n|-status|p1b: Kangaskhan|brn\n|\n|-heal|p2a: Incineroar|41/100|[from] item: Leftovers\n|-damage|p1a: Aerodactyl|46/100 brn|[from] brn\n|-damage|p1b: Kangaskhan|12/100 brn|[from] brn\n|upkeep\n|turn|6\n|c|\u2606DusknoirisKing|These misses are insane\n|inactive|Rus0804 has 30 seconds left.\n|inactive|DusknoirisKing has 30 seconds left.\n|\n|t:|1776618632\n|switch|p1b: Archaludon|Archaludon, L50, M|100/100\n|move|p1a: Aerodactyl|Rock Slide|p2a: Incineroar|[spread] p2a,p2b\n|-supereffective|p2a: Incineroar|1\n|-damage|p2a: Incineroar|30/100\n|-damage|p2b: Sinistcha|27/100\n|move|p2b: Sinistcha|Strength Sap|p1a: Aerodactyl\n|-unboost|p1a: Aerodactyl|atk|1\n|-heal|p2b: Sinistcha|86/100\n|move|p2a: Incineroar|Parting Shot|p1b: Archaludon\n|-unboost|p1b: Archaludon|atk|1\n|-unboost|p1b: Archaludon|spa|1\n|c|\u2606Rus0804|yup\n|\n|t:|1776618646\n|switch|p2a: Floette|Floette-Eternal, L50, F|100/100|[from] Parting Shot\n|\n|-damage|p1a: Aerodactyl|40/100 brn|[from] brn\n|upkeep\n|turn|7\n|l|\u2606Rus0804\n|inactive|Rus0804 disconnected and has a minute to reconnect!\n|player|p1|\n|j|\u2606Rus0804\n|inactive|Rus0804 reconnected and has 35 seconds left.\n|player|p1|Rus0804|policeman-gen4|\n|inactive|Rus0804 has 30 seconds left.\n|inactive|Rus0804 has 20 seconds left.\n|l|\u2606Rus0804\n|inactive|Rus0804 disconnected and has a minute to reconnect!\n|player|p1|\n|inactive|Rus0804 has 15 seconds left.\n|inactive|Rus0804 has 10 seconds left.\n|j|\u2606Rus0804\n|inactive|Rus0804 reconnected and has 10 seconds left.\n|player|p1|Rus0804|policeman-gen4|\n|inactive|Rus0804 has 5 seconds left.\n|\n|t:|1776618701\n|detailschange|p2a: Floette|Floette-Mega, L50, F\n|-mega|p2a: Floette|Floette|Floettite\n|-ability|p2a: Floette|Fairy Aura\n|move|p2b: Sinistcha|Rage Powder|p2b: Sinistcha\n|-singleturn|p2b: Sinistcha|move: Rage Powder\n|move|p1a: Aerodactyl|Dual Wingbeat|p2b: Sinistcha\n|-supereffective|p2b: Sinistcha|1\n|-damage|p2b: Sinistcha|77/100\n|-supereffective|p2b: Sinistcha|1\n|-damage|p2b: Sinistcha|68/100\n|-hitcount|p2b: Sinistcha|2\n|move|p1b: Archaludon|Draco Meteor|p2b: Sinistcha\n|-damage|p2b: Sinistcha|27/100\n|-unboost|p1b: Archaludon|spa|2\n|move|p2a: Floette|Calm Mind|p2a: Floette\n|-boost|p2a: Floette|spa|1\n|-boost|p2a: Floette|spd|1\n|\n|-damage|p1a: Aerodactyl|34/100 brn|[from] brn\n|upkeep\n|turn|8\n|\n|t:|1776618724\n|switch|p1b: Kangaskhan|Kangaskhan, L50, F|12/100 brn\n|move|p1a: Aerodactyl|Protect|p1a: Aerodactyl\n|-singleturn|p1a: Aerodactyl|Protect\n|move|p2a: Floette|Protect|p2a: Floette\n|-singleturn|p2a: Floette|Protect\n|move|p2b: Sinistcha|Matcha Gotcha|p1a: Aerodactyl|[spread] p1b\n|-activate|p1a: Aerodactyl|move: Protect\n|-damage|p1b: Kangaskhan|0 fnt\n|-heal|p2b: Sinistcha|33/100|[from] drain|[of] p1b: Kangaskhan\n|faint|p1b: Kangaskhan\n|\n|-damage|p1a: Aerodactyl|28/100 brn|[from] brn\n|-sideend|p1: Rus0804|move: Tailwind\n|upkeep\n|\n|t:|1776618743\n|switch|p1b: Archaludon|Archaludon, L50, M|100/100\n|turn|9\n|\n|t:|1776618753\n|move|p2b: Sinistcha|Protect|p2b: Sinistcha\n|-singleturn|p2b: Sinistcha|Protect\n|move|p1a: Aerodactyl|Tailwind|p1a: Aerodactyl\n|-sidestart|p1: Rus0804|move: Tailwind\n|move|p1b: Archaludon|Flash Cannon|p2a: Floette\n|-supereffective|p2a: Floette|1\n|-damage|p2a: Floette|56/100\n|move|p2a: Floette|Dazzling Gleam|p1a: Aerodactyl|[spread] p1a,p1b\n|-damage|p1a: Aerodactyl|0 fnt\n|-damage|p1b: Archaludon|16/100\n|-enditem|p2b: Sinistcha|Sitrus Berry|[eat]\n|-heal|p2b: Sinistcha|58/100|[from] item: Sitrus Berry\n|faint|p1a: Aerodactyl\n|\n|upkeep\n|\n|t:|1776618764\n|switch|p1a: Meganium|Meganium, L50, F, shiny|100/100\n|turn|10\n|\n|t:|1776618774\n|detailschange|p1a: Meganium|Meganium-Mega, L50, F, shiny\n|-mega|p1a: Meganium|Meganium|Meganiumite\n|move|p2b: Sinistcha|Rage Powder|p2b: Sinistcha\n|-singleturn|p2b: Sinistcha|move: Rage Powder\n|move|p1a: Meganium|Weather Ball|p2a: Floette\n|-damage|p2a: Floette|29/100\n|move|p1b: Archaludon|Flash Cannon|p2a: Floette\n|-supereffective|p2a: Floette|1\n|-damage|p2a: Floette|0 fnt\n|faint|p2a: Floette\n|\n|upkeep\n|\n|t:|1776618787\n|switch|p2a: Incineroar|Incineroar, L50, M|30/100\n|-ability|p2a: Incineroar|Intimidate|boost\n|-unboost|p1a: Meganium|atk|1\n|-unboost|p1b: Archaludon|atk|1\n|turn|11\n|l|\u2606Rus0804\n|inactive|Rus0804 disconnected and has a minute to reconnect!\n|player|p1|\n|inactive|Rus0804 has 30 seconds left.\n|inactive|Rus0804 has 20 seconds left.\n|inactive|Rus0804 has 15 seconds left.\n|inactive|Rus0804 has 10 seconds left.\n|j|\u2606Rus0804\n|inactive|Rus0804 reconnected and has 10 seconds left.\n|player|p1|Rus0804|policeman-gen4|\n|inactive|Rus0804 has 5 seconds left.\n|\n|t:|1776618842\n|move|p1a: Meganium|Dazzling Gleam|p2b: Sinistcha|[spread] p2a,p2b\n|-damage|p2a: Incineroar|2/100\n|-damage|p2b: Sinistcha|25/100\n|move|p1b: Archaludon|Draco Meteor|p2a: Incineroar|[miss]\n|-miss|p1b: Archaludon|p2a: Incineroar\n|move|p2b: Sinistcha|Matcha Gotcha|p1a: Meganium|[spread] p1a,p1b\n|-resisted|p1a: Meganium|1\n|-resisted|p1b: Archaludon|2\n|-damage|p1a: Meganium|88/100\n|-heal|p2b: Sinistcha|31/100|[from] drain|[of] p1a: Meganium\n|-damage|p1b: Archaludon|8/100\n|-heal|p2b: Sinistcha|35/100|[from] drain|[of] p1b: Archaludon\n|-status|p1a: Meganium|brn\n|move|p2a: Incineroar|Parting Shot|p1a: Meganium\n|-unboost|p1a: Meganium|atk|1\n|-unboost|p1a: Meganium|spa|1\n|\n|t:|1776618860\n|switch|p2a: Pelipper|Pelipper, L50, M|100/100|[from] Parting Shot\n|-weather|RainDance|[from] ability: Drizzle|[of] p2a: Pelipper\n|\n|-weather|RainDance|[upkeep]\n|-damage|p1a: Meganium|82/100 brn|[from] brn\n|upkeep\n|turn|12\n|\n|t:|1776618879\n|move|p1a: Meganium|Weather Ball|p2b: Sinistcha\n|-supereffective|p2b: Sinistcha|1\n|-damage|p2b: Sinistcha|0 fnt\n|faint|p2b: Sinistcha\n|move|p1b: Archaludon|Electro Shot||[still]\n|-prepare|p1b: Archaludon|Electro Shot\n|-boost|p1b: Archaludon|spa|1\n|-anim|p1b: Archaludon|Electro Shot|p2a: Pelipper\n|-supereffective|p2a: Pelipper|2\n|-enditem|p2a: Pelipper|Focus Sash\n|-damage|p2a: Pelipper|1/100\n|move|p2a: Pelipper|Hurricane|p1a: Meganium\n|-supereffective|p1a: Meganium|1\n|-damage|p1a: Meganium|0 fnt\n|faint|p1a: Meganium\n|\n|-weather|RainDance|[upkeep]\n|-sideend|p1: Rus0804|move: Tailwind\n|upkeep\n|\n|t:|1776618895\n|switch|p2b: Incineroar|Incineroar, L50, M|2/100\n|-ability|p2b: Incineroar|Intimidate|boost\n|-unboost|p1b: Archaludon|atk|1\n|turn|13\n|\n|t:|1776618903\n|move|p2b: Incineroar|Fake Out|p1b: Archaludon|[miss]\n|-miss|p2b: Incineroar|p1b: Archaludon\n|move|p1b: Archaludon|Electro Shot||[still]\n|-prepare|p1b: Archaludon|Electro Shot\n|-boost|p1b: Archaludon|spa|1\n|-anim|p1b: Archaludon|Electro Shot|p2a: Pelipper\n|-supereffective|p2a: Pelipper|2\n|-damage|p2a: Pelipper|0 fnt\n|faint|p2a: Pelipper\n|\n|-weather|RainDance|[upkeep]\n|-heal|p2b: Incineroar|8/100|[from] item: Leftovers\n|upkeep\n|turn|14\n|c|\u2606Rus0804|brightpowder clutch\n|inactive|Rus0804 has 30 seconds left.\n|\n|t:|1776618929\n|move|p1b: Archaludon|Electro Shot||[still]\n|-prepare|p1b: Archaludon|Electro Shot\n|-boost|p1b: Archaludon|spa|1\n|-anim|p1b: Archaludon|Electro Shot|p2b: Incineroar\n|-damage|p2b: Incineroar|0 fnt\n|faint|p2b: Incineroar\n|\n|win|Rus0804\n|raw|Rus0804's rating: 1119 &rarr; <strong>1147</strong><br />(+28 for winning)\n|raw|DusknoirisKing's rating: 1165 &rarr; <strong>1137</strong><br />(-28 for losing)\n|c|\u2606Rus0804|gg\n",
  "uploadtime": 1776618945,
  "views": 11,
  "formatid": "gen9championsvgc2026regma",
  "rating": 1137,
  "private": 0,
  "password": null
}