{
  "id": "gen9championsvgc2026regma-2586251188",
  "format": "[Gen 9 Champions] VGC 2026 Reg M-A",
  "players": [
    "Stoky",
    "VicSaus53"
  ],
  "log": "|j|\u2606Stoky\n|j|\u2606VicSaus53\n|t:|1776417467\n|gametype|doubles\n|player|p1|Stoky|101|1022\n|player|p2|VicSaus53|giovanni|1077\n|gen|9\n|tier|[Gen 9 Champions] VGC 2026 Reg M-A\n|rated|\n|rule|Species Clause: Limit one of each Pok\u00e9mon\n|rule|Item Clause: Limit 1 of each item\n|clearpoke\n|poke|p1|Gengar, L50, M|\n|poke|p1|Meowscarada, L50, M|\n|poke|p1|Tauros-Paldea-Aqua, L50, M|\n|poke|p1|Maushold-Four, L50|\n|poke|p1|Aerodactyl, L50, M|\n|poke|p1|Incineroar, L50, F|\n|poke|p2|Chandelure, L50, M|\n|poke|p2|Whimsicott, L50, F|\n|poke|p2|Sneasler, L50, M|\n|poke|p2|Maushold-Four, L50|\n|poke|p2|Corviknight, L50, F|\n|poke|p2|Garchomp, L50, M|\n|teampreview|4\n|inactive|Battle timer is ON: inactive players will automatically lose when time's up. (requested by VicSaus53)\n|\n|t:|1776417523\n|teamsize|p1|4\n|teamsize|p2|4\n|start\n|switch|p1a: Gengar|Gengar, L50, M|100/100\n|switch|p1b: Incineroar|Incineroar, L50, F|100/100\n|switch|p2a: Corviknight|Corviknight, L50, F|100/100\n|switch|p2b: Garchomp|Garchomp, L50, M|100/100\n|-ability|p1b: Incineroar|Intimidate|boost\n|-ability|p2a: Corviknight|Mirror Armor\n|-unboost|p1b: Incineroar|atk|1\n|-unboost|p2b: Garchomp|atk|1\n|turn|1\n|inactive|Stoky has 30 seconds left.\n|inactive|Stoky has 20 seconds left.\n|\n|t:|1776417563\n|detailschange|p1a: Gengar|Gengar-Mega, L50, M\n|-mega|p1a: Gengar|Gengar|Gengarite\n|move|p1b: Incineroar|Fake Out|p2a: Corviknight\n|-resisted|p2a: Corviknight|1\n|-damage|p2a: Corviknight|98/100\n|move|p1a: Gengar|Shadow Ball|p2b: Garchomp\n|-damage|p2b: Garchomp|48/100\n|move|p2b: Garchomp|Earthquake|p1a: Gengar|[spread] p1a,p1b\n|-immune|p2a: Corviknight\n|-supereffective|p1a: Gengar|1\n|-supereffective|p1b: Incineroar|1\n|-damage|p1a: Gengar|3/100\n|-damage|p1b: Incineroar|44/100\n|cant|p2a: Corviknight|flinch\n|\n|-heal|p2a: Corviknight|100/100|[from] item: Leftovers\n|upkeep\n|turn|2\n|j| Cava1\n|\n|t:|1776417583\n|move|p1a: Gengar|Shadow Ball|p2b: Garchomp\n|-damage|p2b: Garchomp|0 fnt\n|faint|p2b: Garchomp\n|move|p2a: Corviknight|Brave Bird|p1a: Gengar\n|-damage|p1a: Gengar|0 fnt\n|faint|p1a: Gengar\n|-damage|p2a: Corviknight|99/100|[from] Recoil\n|move|p1b: Incineroar|Flare Blitz|p2a: Corviknight\n|-supereffective|p2a: Corviknight|1\n|-damage|p2a: Corviknight|49/100\n|-damage|p1b: Incineroar|24/100|[from] Recoil\n|\n|-heal|p2a: Corviknight|55/100|[from] item: Leftovers\n|upkeep\n|\n|t:|1776417601\n|switch|p1a: Tauros|Tauros-Paldea-Aqua, L50, M|100/100\n|switch|p2b: Whimsicott|Whimsicott, L50, F|100/100\n|-ability|p1a: Tauros|Intimidate|boost\n|-ability|p2a: Corviknight|Mirror Armor\n|-unboost|p1a: Tauros|atk|1\n|-unboost|p2b: Whimsicott|atk|1\n|turn|3\n|l| Cava1\n|inactive|Stoky has 30 seconds left.\n|\n|t:|1776417634\n|move|p2b: Whimsicott|Moonblast|p1a: Tauros\n|-supereffective|p1a: Tauros|1\n|-damage|p1a: Tauros|0 fnt\n|faint|p1a: Tauros\n|move|p2a: Corviknight|Body Press|p1b: Incineroar\n|-supereffective|p1b: Incineroar|1\n|-enditem|p1b: Incineroar|Chople Berry|[eat]\n|-enditem|p1b: Incineroar|Chople Berry|[weaken]\n|-damage|p1b: Incineroar|3/100\n|move|p1b: Incineroar|Flare Blitz|p2b: Whimsicott\n|-supereffective|p2b: Whimsicott|1\n|-enditem|p2b: Whimsicott|Focus Sash\n|-damage|p2b: Whimsicott|1/100\n|-damage|p1b: Incineroar|0 fnt|[from] Recoil\n|faint|p1b: Incineroar\n|\n|-heal|p2a: Corviknight|61/100|[from] item: Leftovers\n|upkeep\n|\n|t:|1776417652\n|switch|p1b: Meowscarada|Meowscarada, L50, M|100/100\n|turn|4\n|\n|t:|1776417659\n|move|p2b: Whimsicott|Tailwind|p2b: Whimsicott\n|-sidestart|p2: VicSaus53|move: Tailwind\n|move|p2a: Corviknight|Body Press|p1b: Meowscarada\n|-supereffective|p1b: Meowscarada|1\n|-damage|p1b: Meowscarada|33/100\n|move|p1b: Meowscarada|Knock Off|p2a: Corviknight\n|-start|p1b: Meowscarada|typechange|Dark|[from] ability: Protean\n|-damage|p2a: Corviknight|31/100\n|-enditem|p2a: Corviknight|Leftovers|[from] move: Knock Off|[of] p1b: Meowscarada\n|\n|upkeep\n|turn|5\n|\n|t:|1776417670\n|move|p1b: Meowscarada|Sucker Punch|p2a: Corviknight\n|-damage|p2a: Corviknight|8/100\n|move|p2b: Whimsicott|Moonblast|p1b: Meowscarada\n|-supereffective|p1b: Meowscarada|1\n|-damage|p1b: Meowscarada|0 fnt\n|faint|p1b: Meowscarada\n|\n|win|VicSaus53\n|raw|Stoky's rating: 1022 &rarr; <strong>1011</strong><br />(-11 for losing)\n|raw|VicSaus53's rating: 1077 &rarr; <strong>1101</strong><br />(+24 for winning)\n|l|\u2606Stoky\n|player|p1|\n",
  "uploadtime": 1776417679,
  "views": 40,
  "formatid": "gen9championsvgc2026regma",
  "rating": 1011,
  "private": 0,
  "password": null
}