{
  "id": "gen9championsvgc2026regma-2587112595",
  "format": "[Gen 9 Champions] VGC 2026 Reg M-A",
  "players": [
    "ADV169",
    "Fango 17"
  ],
  "log": "|j|\u2606ADV169\n|j|\u2606Fango 17\n|t:|1776495153\n|gametype|doubles\n|player|p1|ADV169|cynthia-gen4|1128\n|player|p2|Fango 17|rood|1110\n|gen|9\n|tier|[Gen 9 Champions] VGC 2026 Reg M-A\n|rated|\n|rule|Species Clause: Limit one of each Pok\u00e9mon\n|rule|Item Clause: Limit 1 of each item\n|clearpoke\n|poke|p1|Gardevoir, L50, M|\n|poke|p1|Farigiraf, L50, F|\n|poke|p1|Incineroar, L50, F|\n|poke|p1|Rotom-Wash, L50|\n|poke|p1|Archaludon, L50, F|\n|poke|p1|Sinistcha, L50|\n|poke|p2|Delphox, L50, F|\n|poke|p2|Corviknight, L50, F|\n|poke|p2|Garchomp, L50, F|\n|poke|p2|Sneasler, L50, F|\n|poke|p2|Rotom-Wash, L50|\n|poke|p2|Tyranitar, L50, F|\n|teampreview|4\n|inactive|Battle timer is ON: inactive players will automatically lose when time's up. (requested by ADV169)\n|\n|t:|1776495211\n|teamsize|p1|4\n|teamsize|p2|4\n|start\n|switch|p1a: Carcosa|Farigiraf, L50, F|100/100\n|switch|p1b: El Macho \u2642\ufe0f|Incineroar, L50, F|100/100\n|switch|p2a: Delphox|Delphox, L50, F|100/100\n|switch|p2b: Tyranitar|Tyranitar, L50, F|100/100\n|-ability|p1b: El Macho \u2642\ufe0f|Intimidate|boost\n|-unboost|p2a: Delphox|atk|1\n|-unboost|p2b: Tyranitar|atk|1\n|-weather|Sandstorm|[from] ability: Sand Stream|[of] p2b: Tyranitar\n|turn|1\n|\n|t:|1776495226\n|detailschange|p2a: Delphox|Delphox-Mega, L50, F\n|-mega|p2a: Delphox|Delphox|Delphoxite\n|move|p1b: El Macho \u2642\ufe0f|Fake Out|p2b: Tyranitar\n|-resisted|p2b: Tyranitar|1\n|-damage|p2b: Tyranitar|97/100\n|move|p2a: Delphox|Overheat|p1a: Carcosa\n|-damage|p1a: Carcosa|35/100\n|-unboost|p2a: Delphox|spa|2\n|-enditem|p1a: Carcosa|Sitrus Berry|[eat]\n|-heal|p1a: Carcosa|59/100|[from] item: Sitrus Berry\n|move|p1a: Carcosa|Rain Dance|p1a: Carcosa\n|-weather|RainDance\n|cant|p2b: Tyranitar|flinch\n|\n|-weather|RainDance|[upkeep]\n|upkeep\n|turn|2\n|inactive|ADV169 has 30 seconds left.\n|\n|t:|1776495255\n|switch|p2a: Rotom|Rotom-Wash, L50|100/100\n|move|p1a: Carcosa|Psychic Terrain|p1a: Carcosa\n|-fieldstart|move: Psychic Terrain\n|move|p1b: El Macho \u2642\ufe0f|Darkest Lariat|p2a: Rotom\n|-damage|p2a: Rotom|58/100\n|move|p2b: Tyranitar|Taunt|p1a: Carcosa\n|-start|p1a: Carcosa|move: Taunt\n|\n|-weather|RainDance|[upkeep]\n|-heal|p2a: Rotom|64/100|[from] item: Leftovers\n|upkeep\n|turn|3\n|\n|t:|1776495274\n|switch|p1a: Babylon|Archaludon, L50, F|100/100\n|switch|p1b: Poppy juice|Sinistcha, L50|100/100\n|move|p2a: Rotom|Volt Switch|p1a: Babylon\n|-resisted|p1a: Babylon|1\n|-damage|p1a: Babylon|90/100\n|-ability|p1a: Babylon|Stamina|boost\n|-boost|p1a: Babylon|def|1\n|\n|t:|1776495292\n|switch|p2a: Delphox|Delphox-Mega, L50, F|100/100|[from] Volt Switch\n|move|p2b: Tyranitar|Rock Slide|p1b: Poppy juice|[spread] p1a,p1b\n|-resisted|p1a: Babylon|1\n|-crit|p1b: Poppy juice\n|-damage|p1a: Babylon|85/100\n|-damage|p1b: Poppy juice|65/100\n|-ability|p1a: Babylon|Stamina|boost\n|-boost|p1a: Babylon|def|1\n|\n|-weather|RainDance|[upkeep]\n|-heal|p1a: Babylon|91/100|[from] item: Leftovers\n|upkeep\n|turn|4\n|\n|t:|1776495308\n|switch|p2b: Corviknight|Corviknight, L50, F|100/100\n|move|p2a: Delphox|Protect|p2a: Delphox\n|-singleturn|p2a: Delphox|Protect\n|move|p1a: Babylon|Electro Shot||[still]\n|-prepare|p1a: Babylon|Electro Shot\n|-boost|p1a: Babylon|spa|1\n|-anim|p1a: Babylon|Electro Shot|p2a: Delphox\n|-activate|p2a: Delphox|move: Protect\n|move|p1b: Poppy juice|Trick Room|p1b: Poppy juice\n|-fieldstart|move: Trick Room|[of] p1b: Poppy juice\n|\n|-weather|RainDance|[upkeep]\n|-heal|p1a: Babylon|97/100|[from] item: Leftovers\n|upkeep\n|turn|5\n|\n|t:|1776495327\n|switch|p2a: Tyranitar|Tyranitar, L50, F|97/100\n|-weather|Sandstorm|[from] ability: Sand Stream|[of] p2a: Tyranitar\n|move|p1b: Poppy juice|Shadow Ball|p2a: Tyranitar\n|-resisted|p2a: Tyranitar|1\n|-damage|p2a: Tyranitar|88/100\n|-unboost|p2a: Tyranitar|spd|1\n|move|p2b: Corviknight|Brave Bird|p1b: Poppy juice\n|-supereffective|p1b: Poppy juice|1\n|-damage|p1b: Poppy juice|9/100\n|-damage|p2b: Corviknight|83/100|[from] Recoil\n|move|p1a: Babylon|Electro Shot||[still]\n|-prepare|p1a: Babylon|Electro Shot\n|-boost|p1a: Babylon|spa|1\n|\n|-weather|Sandstorm|[upkeep]\n|-damage|p1b: Poppy juice|3/100|[from] Sandstorm\n|-heal|p1a: Babylon|100/100|[from] item: Leftovers\n|upkeep\n|turn|6\n|inactive|Fango 17 has 30 seconds left.\n|inactive|Fango 17 has 20 seconds left.\n|\n|t:|1776495366\n|switch|p2b: Rotom|Rotom-Wash, L50|64/100\n|move|p2a: Tyranitar|Rock Slide|p1b: Poppy juice|[spread] p1a,p1b\n|-resisted|p1a: Babylon|1\n|-damage|p1a: Babylon|95/100\n|-damage|p1b: Poppy juice|0 fnt\n|-ability|p1a: Babylon|Stamina|boost\n|-boost|p1a: Babylon|def|1\n|faint|p1b: Poppy juice\n|move|p1a: Babylon|Electro Shot|p2b: Rotom|[from] lockedmove\n|-damage|p2b: Rotom|0 fnt\n|faint|p2b: Rotom\n|\n|-weather|Sandstorm|[upkeep]\n|-heal|p1a: Babylon|100/100|[from] item: Leftovers\n|-fieldend|move: Psychic Terrain\n|upkeep\n|\n|t:|1776495382\n|switch|p1b: Carcosa|Farigiraf, L50, F|59/100\n|switch|p2b: Corviknight|Corviknight, L50, F|83/100\n|turn|7\n|\n|t:|1776495396\n|move|p2a: Tyranitar|Crunch|p1b: Carcosa\n|-supereffective|p1b: Carcosa|1\n|-damage|p1b: Carcosa|0 fnt\n|faint|p1b: Carcosa\n|move|p2b: Corviknight|Iron Defense|p2b: Corviknight\n|-boost|p2b: Corviknight|def|2\n|move|p1a: Babylon|Aura Sphere|p2a: Tyranitar\n|-supereffective|p2a: Tyranitar|2\n|-enditem|p2a: Tyranitar|Chople Berry|[eat]\n|-enditem|p2a: Tyranitar|Chople Berry|[weaken]\n|-damage|p2a: Tyranitar|11/100\n|\n|-weather|Sandstorm|[upkeep]\n|upkeep\n|\n|t:|1776495399\n|switch|p1b: El Macho \u2642\ufe0f|Incineroar, L50, F|100/100\n|-ability|p1b: El Macho \u2642\ufe0f|Intimidate|boost\n|-unboost|p2a: Tyranitar|atk|1\n|-ability|p2b: Corviknight|Mirror Armor\n|-unboost|p1b: El Macho \u2642\ufe0f|atk|1\n|turn|8\n|\n|t:|1776495419\n|move|p2a: Tyranitar|Protect|p2a: Tyranitar\n|-singleturn|p2a: Tyranitar|Protect\n|move|p1b: El Macho \u2642\ufe0f|Fake Out|p2b: Corviknight\n|-resisted|p2b: Corviknight|1\n|-damage|p2b: Corviknight|82/100\n|cant|p2b: Corviknight|flinch\n|move|p1a: Babylon|Electro Shot||[still]\n|-prepare|p1a: Babylon|Electro Shot\n|-boost|p1a: Babylon|spa|1\n|\n|-weather|Sandstorm|[upkeep]\n|-damage|p1b: El Macho \u2642\ufe0f|95/100|[from] Sandstorm\n|-fieldend|move: Trick Room\n|upkeep\n|turn|9\n|\n|t:|1776495441\n|move|p1b: El Macho \u2642\ufe0f|Protect|p1b: El Macho \u2642\ufe0f\n|-singleturn|p1b: El Macho \u2642\ufe0f|Protect\n|move|p1a: Babylon|Electro Shot|p2b: Corviknight|[from] lockedmove\n|-supereffective|p2b: Corviknight|1\n|-damage|p2b: Corviknight|0 fnt\n|faint|p2b: Corviknight\n|move|p2a: Tyranitar|Rock Slide|p1b: El Macho \u2642\ufe0f|[spread] p1a\n|-activate|p1b: El Macho \u2642\ufe0f|move: Protect\n|-resisted|p1a: Babylon|1\n|-damage|p1a: Babylon|97/100\n|-ability|p1a: Babylon|Stamina|boost\n|-boost|p1a: Babylon|def|1\n|\n|-weather|none\n|-heal|p1a: Babylon|100/100|[from] item: Leftovers\n|upkeep\n|\n|t:|1776495446\n|switch|p2b: Delphox|Delphox-Mega, L50, F|100/100\n|turn|10\n|\n|t:|1776495457\n|move|p2b: Delphox|Heat Wave|p1a: Babylon|[spread] p1a,p1b\n|-resisted|p1b: El Macho \u2642\ufe0f|1\n|-damage|p1a: Babylon|60/100\n|-damage|p1b: El Macho \u2642\ufe0f|72/100\n|-ability|p1a: Babylon|Stamina|boost\n|-boost|p1a: Babylon|def|1\n|move|p1a: Babylon|Aura Sphere|p2a: Tyranitar\n|-supereffective|p2a: Tyranitar|2\n|-damage|p2a: Tyranitar|0 fnt\n|faint|p2a: Tyranitar\n|move|p1b: El Macho \u2642\ufe0f|Darkest Lariat|p2b: Delphox\n|-supereffective|p2b: Delphox|1\n|-damage|p2b: Delphox|23/100\n|\n|-heal|p1a: Babylon|66/100|[from] item: Leftovers\n|upkeep\n|turn|11\n|\n|t:|1776495471\n|move|p2b: Delphox|Heat Wave|p1a: Babylon|[spread] p1a,p1b\n|-resisted|p1b: El Macho \u2642\ufe0f|1\n|-damage|p1a: Babylon|25/100\n|-damage|p1b: El Macho \u2642\ufe0f|52/100\n|-ability|p1a: Babylon|Stamina|boost\n|-boost|p1a: Babylon|def|1\n|move|p1a: Babylon|Flash Cannon|p2b: Delphox\n|-resisted|p2b: Delphox|1\n|-damage|p2b: Delphox|0 fnt\n|faint|p2b: Delphox\n|\n|win|ADV169\n|raw|ADV169's rating: 1128 &rarr; <strong>1152</strong><br />(+24 for winning)\n|raw|Fango 17's rating: 1110 &rarr; <strong>1086</strong><br />(-24 for losing)\n|l|\u2606Fango 17\n|player|p2|\n|c|\u2606ADV169|Gg\n",
  "uploadtime": 1776495668,
  "views": 14,
  "formatid": "gen9championsvgc2026regma",
  "rating": 1086,
  "private": 0,
  "password": null
}