{
  "id": "gen9championsvgc2026regma-2586803625",
  "format": "[Gen 9 Champions] VGC 2026 Reg M-A",
  "players": [
    "JudogiFiend",
    "skittycel"
  ],
  "log": "|j|\u2606JudogiFiend\n|j|\u2606skittycel\n|t:|1776461200\n|gametype|doubles\n|player|p1|JudogiFiend|n|\n|player|p2|skittycel|#pmpliiidachsbuns|\n|gen|9\n|tier|[Gen 9 Champions] VGC 2026 Reg M-A\n|rated|Tournament battle\n|rule|Species Clause: Limit one of each Pok\u00e9mon\n|rule|Item Clause: Limit 1 of each item\n|raw|<div class=\"infobox\"><details class=\"readmore\" open><summary><strong>1 custom rule:</strong></summary> Force Open Team Sheets</details></div>\n|clearpoke\n|poke|p1|Chesnaught, L50, F|\n|poke|p1|Floette-Eternal, L50, F|\n|poke|p1|Milotic, L50, F|\n|poke|p1|Gliscor, L50, F|\n|poke|p1|Tyranitar, L50, M|\n|poke|p1|Farigiraf, L50, F|\n|poke|p2|Dragonite, L50, F|\n|poke|p2|Gardevoir, L50, M|\n|poke|p2|Rotom-Wash, L50|\n|poke|p2|Maushold, L50|\n|poke|p2|Kingambit, L50, F|\n|poke|p2|Gengar, L50, F|\n|teampreview|4\n|showteam|p1|Chesnaught||Chesnaughtite|Bulletproof|BodyPress,SeedBomb,IronDefense,SpikyShield|||F|||50|]Floette-Eternal||Floettite|FlowerVeil|ChillingWater,DazzlingGleam,Protect,EnergyBall|||F|||50|]Milotic||Leftovers|Competitive|Scald,Protect,IcyWind,LifeDew|||F|||50|]Gliscor||BrightPowder|SandVeil|Protect,Uturn,HighHorsepower,PoisonJab|||F|||50|]Tyranitar||ChoiceScarf|SandStream|RockSlide,Earthquake,Crunch,HeavySlam|||M|||50|]Farigiraf||MentalHerb|ArmorTail|TrickRoom,PsychicNoise,NightShade,Protect|||F|||50|\n|showteam|p2|Dragonite||LumBerry|Multiscale|DragonClaw,FirePunch,Tailwind,Protect|||F|||50|]Gardevoir||Gardevoirite|Trace|HyperVoice,Psyshock,TrickRoom,Protect|||M|||50|]Rotom-Wash||SitrusBerry|Levitate|HydroPump,VoltSwitch,WillOWisp,Thunderbolt||||||50|]Maushold||FocusSash|FriendGuard|SuperFang,FollowMe,Protect,Feint||||||50|]Kingambit||BlackGlasses|Defiant|KowtowCleave,SuckerPunch,LowKick,Protect|||F|||50|]Gengar||Gengarite|CursedBody|ShadowBall,SludgeBomb,Psychic,Protect|||F|||50|\n|inactive|Battle timer is ON: inactive players will automatically lose when time's up. (requested by skittycel)\n|inactive|JudogiFiend has 60 seconds left.\n|inactive|skittycel has 60 seconds left.\n|j| RomiiJ\n|inactive|JudogiFiend has 30 seconds left.\n|inactive|skittycel has 30 seconds left.\n|inactive|JudogiFiend has 20 seconds left.\n|inactive|skittycel has 20 seconds left.\n|\n|t:|1776461276\n|teamsize|p1|4\n|teamsize|p2|4\n|start\n|switch|p1a: Chesnaught|Chesnaught, L50, F|100/100\n|switch|p1b: Tyranitar|Tyranitar, L50, M|100/100\n|switch|p2a: Gardevoir|Gardevoir, L50, M, shiny|100/100\n|switch|p2b: Rotom|Rotom-Wash, L50|100/100\n|-weather|Sandstorm|[from] ability: Sand Stream|[of] p1b: Tyranitar\n|-ability|p2a: Gardevoir|Bulletproof|Trace|[from] ability: Trace|[of] p1a: Chesnaught\n|turn|1\n|inactive|JudogiFiend has 30 seconds left.\n|inactive|skittycel has 30 seconds left.\n|inactive|skittycel has 20 seconds left.\n|inactive|skittycel has 15 seconds left.\n|\n|t:|1776461321\n|detailschange|p2a: Gardevoir|Gardevoir-Mega, L50, M, shiny\n|-mega|p2a: Gardevoir|Gardevoir|Gardevoirite\n|detailschange|p1a: Chesnaught|Chesnaught-Mega, L50, F\n|-mega|p1a: Chesnaught|Chesnaught|Chesnaughtite\n|move|p2a: Gardevoir|Protect|p2a: Gardevoir\n|-singleturn|p2a: Gardevoir|Protect\n|move|p1b: Tyranitar|Heavy Slam|p2a: Gardevoir\n|-activate|p2a: Gardevoir|move: Protect\n|move|p2b: Rotom|Will-O-Wisp|p1b: Tyranitar\n|-status|p1b: Tyranitar|brn\n|move|p1a: Chesnaught|Seed Bomb|p2b: Rotom\n|-supereffective|p2b: Rotom|1\n|-damage|p2b: Rotom|16/100\n|-enditem|p2b: Rotom|Sitrus Berry|[eat]\n|-heal|p2b: Rotom|41/100|[from] item: Sitrus Berry\n|\n|-weather|Sandstorm|[upkeep]\n|-damage|p2a: Gardevoir|95/100|[from] Sandstorm\n|-damage|p2b: Rotom|36/100|[from] Sandstorm\n|-damage|p1a: Chesnaught|94/100|[from] Sandstorm\n|-damage|p1b: Tyranitar|94/100 brn|[from] brn\n|upkeep\n|turn|2\n|\n|t:|1776461343\n|switch|p1b: Milotic|Milotic, L50, F, shiny|100/100\n|move|p1a: Chesnaught|Spiky Shield|p1a: Chesnaught\n|-singleturn|p1a: Chesnaught|move: Protect\n|move|p2a: Gardevoir|Hyper Voice|p1a: Chesnaught|[spread] p1b\n|-activate|p1a: Chesnaught|move: Protect\n|-damage|p1b: Milotic|61/100\n|move|p2b: Rotom|Volt Switch|p1b: Milotic\n|-supereffective|p1b: Milotic|1\n|-damage|p1b: Milotic|7/100\n|\n|t:|1776461352\n|switch|p2b: Maushold|Maushold, L50|100/100|[from] Volt Switch\n|\n|-weather|Sandstorm|[upkeep]\n|-damage|p2b: Maushold|94/100|[from] Sandstorm\n|-damage|p2a: Gardevoir|89/100|[from] Sandstorm\n|-damage|p1b: Milotic|0 fnt|[from] Sandstorm\n|-damage|p1a: Chesnaught|88/100|[from] Sandstorm\n|faint|p1b: Milotic\n|upkeep\n|\n|t:|1776461355\n|switch|p1b: Gliscor|Gliscor, L50, F|100/100\n|turn|3\n|\n|t:|1776461368\n|move|p2b: Maushold|Super Fang|p1b: Gliscor\n|-damage|p1b: Gliscor|50/100\n|move|p1b: Gliscor|Poison Jab|p2a: Gardevoir\n|-supereffective|p2a: Gardevoir|1\n|-damage|p2a: Gardevoir|50/100\n|move|p2a: Gardevoir|Hyper Voice|p1b: Gliscor|[spread] p1a\n|-miss|p2a: Gardevoir|p1b: Gliscor\n|-supereffective|p1a: Chesnaught|1\n|-damage|p1a: Chesnaught|0 fnt\n|faint|p1a: Chesnaught\n|\n|-weather|Sandstorm|[upkeep]\n|-damage|p2b: Maushold|88/100|[from] Sandstorm\n|-damage|p2a: Gardevoir|44/100|[from] Sandstorm\n|upkeep\n|\n|t:|1776461377\n|switch|p1a: Tyranitar|Tyranitar, L50, M|94/100 brn\n|turn|4\n|\n|t:|1776461392\n|move|p2b: Maushold|Protect|p2b: Maushold\n|-singleturn|p2b: Maushold|Protect\n|move|p2a: Gardevoir|Protect|p2a: Gardevoir\n|-singleturn|p2a: Gardevoir|Protect\n|move|p1a: Tyranitar|Heavy Slam|p2a: Gardevoir\n|-activate|p2a: Gardevoir|move: Protect\n|move|p1b: Gliscor|Poison Jab|p2a: Gardevoir\n|-activate|p2a: Gardevoir|move: Protect\n|\n|-weather|Sandstorm|[upkeep]\n|-damage|p2b: Maushold|82/100|[from] Sandstorm\n|-damage|p2a: Gardevoir|38/100|[from] Sandstorm\n|-damage|p1a: Tyranitar|88/100 brn|[from] brn\n|upkeep\n|turn|5\n|c|\u2606JudogiFiend|yea  gg i lost but it was a good run\n|\n|t:|1776461414\n|move|p2b: Maushold|Follow Me|p2b: Maushold\n|-singleturn|p2b: Maushold|move: Follow Me\n|move|p1a: Tyranitar|Heavy Slam|p2b: Maushold\n|-damage|p2b: Maushold|55/100\n|move|p1b: Gliscor|High Horsepower|p2b: Maushold\n|-damage|p2b: Maushold|12/100\n|move|p2a: Gardevoir|Hyper Voice|p1b: Gliscor|[spread] p1a,p1b\n|-supereffective|p1a: Tyranitar|1\n|-damage|p1a: Tyranitar|21/100 brn\n|-damage|p1b: Gliscor|0 fnt\n|faint|p1b: Gliscor\n|\n|-weather|none\n|-damage|p1a: Tyranitar|15/100 brn|[from] brn\n|upkeep\n|turn|6\n|l| RomiiJ\n|\n|t:|1776461428\n|move|p2b: Maushold|Follow Me|p2b: Maushold\n|-singleturn|p2b: Maushold|move: Follow Me\n|move|p1a: Tyranitar|Heavy Slam|p2b: Maushold\n|-damage|p2b: Maushold|0 fnt\n|faint|p2b: Maushold\n|move|p2a: Gardevoir|Hyper Voice|p1a: Tyranitar\n|-supereffective|p1a: Tyranitar|1\n|-damage|p1a: Tyranitar|0 fnt\n|faint|p1a: Tyranitar\n|\n|win|skittycel\n|n|\u2606JudogiFiend|judogifiend\n|n|\u2606skittycel|skittycel\n",
  "uploadtime": 1776461432,
  "views": 18,
  "formatid": "gen9championsvgc2026regma",
  "rating": null,
  "private": 0,
  "password": null
}