{
  "id": "gen9championsvgc2026regma-2582435563",
  "format": "[Gen 9 Champions] VGC 2026 Reg M-A",
  "players": [
    "ImAtWorkVGC",
    "5wamp"
  ],
  "log": "|j|\u2606ImAtWorkVGC\n|j|\u26065wamp\n|html|<table width=\"100%\"><tr><td align=\"left\">ImAtWorkVGC</td><td align=\"right\">5wamp</tr><tr><td align=\"left\"><i class=\"fa fa-circle-o\"></i> <i class=\"fa fa-circle-o\"></i> </td><td align=\"right\"><i class=\"fa fa-circle-o\"></i> <i class=\"fa fa-circle-o\"></i> </tr></table>\n|uhtml|bestof|<h2><strong>Game 1</strong> of <a href=\"/game-bestof3-gen9championsvgc2026regma-2582435562\">a best-of-3</a></h2>\n|t:|1776091520\n|gametype|doubles\n|player|p1|ImAtWorkVGC|170|\n|player|p2|5wamp|iono-masters|\n|gen|9\n|tier|[Gen 9 Champions] VGC 2026 Reg M-A\n|rated|Tournament battle\n|rule|Species Clause: Limit one of each Pok\u00e9mon\n|rule|Item Clause: Limit 1 of each item\n|raw|<div class=\"infobox\"><details class=\"readmore\" open><summary><strong>2 custom rules:</strong></summary> Force Open Team Sheets, Best of = 3</details></div>\n|clearpoke\n|poke|p1|Sinistcha, L50|\n|poke|p1|Azumarill, L50, M|\n|poke|p1|Sneasler, L50, M|\n|poke|p1|Arcanine-Hisui, L50, F|\n|poke|p1|Kangaskhan, L50, F|\n|poke|p1|Whimsicott, L50, M|\n|poke|p2|Floette-Eternal, L50, F|\n|poke|p2|Sneasler, L50, F|\n|poke|p2|Basculegion, L50, M|\n|poke|p2|Aerodactyl, L50, F|\n|poke|p2|Kingambit, L50, F|\n|poke|p2|Incineroar, L50, F|\n|teampreview|4\n|showteam|p1|Sinistcha||ColburBerry|Hospitality|RagePowder,MatchaGotcha,LifeDew,TrickRoom||||||50|]Azumarill||SitrusBerry|HugePower|Protect,PlayRough,AquaJet,BellyDrum|||M|||50|]Sneasler||WhiteHerb|Pressure|Protect,CloseCombat,DireClaw,Coaching|||M|||50|]Arcanine-Hisui||HardStone|Intimidate|Protect,FlareBlitz,RockSlide,ExtremeSpeed|||F|||50|]Kangaskhan||Kangaskhanite|Scrappy|FakeOut,DoubleEdge,Crunch,DrainPunch|||F|||50|]Whimsicott||FocusSash|Prankster|Moonblast,Tailwind,Encore,Protect|||M|||50|\n|showteam|p2|Floette-Eternal||Floettite|FlowerVeil|Moonblast,DazzlingGleam,DrainingKiss,Protect|||F|||50|]Sneasler||WhiteHerb|Unburden|FakeOut,CloseCombat,DireClaw,Protect|||F|||50|]Basculegion||ChoiceScarf|Adaptability|WaveCrash,LastRespects,AquaJet,FlipTurn|||M|||50|]Aerodactyl||FocusSash|Unnerve|RockSlide,DualWingbeat,Tailwind,Protect|||F|||50|]Kingambit||ChopleBerry|Defiant|IronHead,LowKick,SuckerPunch,Protect|||F|||50|]Incineroar||SitrusBerry|Intimidate|FakeOut,FlareBlitz,ThroatChop,PartingShot|||F|||50|\n|inactive|Battle timer is ON: inactive players will automatically lose when time's up. (requested by 5wamp)\n|inactive|ImAtWorkVGC has 60 seconds left.\n|inactive|5wamp has 60 seconds left.\n|\n|t:|1776091569\n|teamsize|p1|4\n|teamsize|p2|4\n|start\n|switch|p1a: Azumarill|Azumarill, L50, M|100/100\n|switch|p1b: Kangaskhan|Kangaskhan, L50, F|100/100\n|switch|p2a: Sneasler|Sneasler, L50, F|100/100\n|switch|p2b: Floette|Floette-Eternal, L50, F|100/100\n|turn|1\n|j| z123z\n|j| RainCalc\n|\n|t:|1776091587\n|detailschange|p1b: Kangaskhan|Kangaskhan-Mega, L50, F\n|-mega|p1b: Kangaskhan|Kangaskhan|Kangaskhanite\n|detailschange|p2b: Floette|Floette-Mega, L50, F\n|-mega|p2b: Floette|Floette|Floettite\n|-ability|p2b: Floette|Fairy Aura\n|move|p2a: Sneasler|Fake Out|p1a: Azumarill\n|-damage|p1a: Azumarill|85/100\n|move|p1b: Kangaskhan|Fake Out|p2b: Floette\n|-damage|p2b: Floette|82/100\n|-damage|p2b: Floette|78/100\n|-hitcount|p2b: Floette|2\n|cant|p2b: Floette|flinch\n|cant|p1a: Azumarill|flinch\n|\n|upkeep\n|turn|2\n|\n|t:|1776091605\n|switch|p1b: Sinistcha|Sinistcha, L50|100/100\n|-heal|p1a: Azumarill|100/100|[from] ability: Hospitality|[of] p1b: Sinistcha\n|move|p2a: Sneasler|Close Combat|p1b: Sinistcha\n|-immune|p1b: Sinistcha\n|move|p2b: Floette|Dazzling Gleam|p1a: Azumarill|[spread] p1a,p1b\n|-damage|p1a: Azumarill|56/100\n|-damage|p1b: Sinistcha|61/100\n|move|p1a: Azumarill|Play Rough|p2a: Sneasler\n|-damage|p2a: Sneasler|0 fnt\n|faint|p2a: Sneasler\n|\n|upkeep\n|c| z123z|thats a bulky mega floette set\n|c|\u26065wamp|they usually are\n|\n|t:|1776091619\n|switch|p2a: Incineroar|Incineroar, L50, F|100/100\n|-ability|p2a: Incineroar|Intimidate|boost\n|-unboost|p1a: Azumarill|atk|1\n|-unboost|p1b: Sinistcha|atk|1\n|turn|3\n|c| z123z|cuz normally fake out does around 37%\n|inactive|ImAtWorkVGC has 30 seconds left.\n|inactive|ImAtWorkVGC has 20 seconds left.\n|\n|t:|1776091659\n|move|p2a: Incineroar|Fake Out|p1a: Azumarill\n|-damage|p1a: Azumarill|45/100\n|-enditem|p1a: Azumarill|Sitrus Berry|[eat]\n|-heal|p1a: Azumarill|70/100|[from] item: Sitrus Berry\n|move|p2b: Floette|Moonblast|p1b: Sinistcha\n|-damage|p1b: Sinistcha|0 fnt\n|faint|p1b: Sinistcha\n|cant|p1a: Azumarill|flinch\n|\n|upkeep\n|j| asuseraser\n|\n|t:|1776091665\n|switch|p1b: Sneasler|Sneasler, L50, M|100/100\n|-ability|p1b: Sneasler|Pressure\n|turn|4\n|\n|t:|1776091683\n|switch|p2b: Kingambit|Kingambit, L50, F|100/100\n|move|p1b: Sneasler|Coaching|p1a: Azumarill\n|-boost|p1a: Azumarill|atk|1\n|-boost|p1a: Azumarill|def|1\n|move|p2a: Incineroar|Flare Blitz|p1b: Sneasler\n|-damage|p1b: Sneasler|15/100\n|-damage|p2a: Incineroar|78/100|[from] Recoil\n|move|p1a: Azumarill|Play Rough|p2a: Incineroar\n|-damage|p2a: Incineroar|40/100\n|-enditem|p2a: Incineroar|Sitrus Berry|[eat]\n|-heal|p2a: Incineroar|65/100|[from] item: Sitrus Berry\n|\n|upkeep\n|turn|5\n|j|@Therazer456\n|inactive|ImAtWorkVGC has 30 seconds left.\n|\n|t:|1776091712\n|move|p1b: Sneasler|Protect|p1b: Sneasler\n|-singleturn|p1b: Sneasler|Protect\n|move|p2b: Kingambit|Sucker Punch||[still]\n|-fail|p2b: Kingambit\n|move|p1a: Azumarill|Aqua Jet|p2a: Incineroar\n|-supereffective|p2a: Incineroar|1\n|-damage|p2a: Incineroar|25/100\n|move|p2a: Incineroar|Parting Shot|p1a: Azumarill\n|-unboost|p1a: Azumarill|atk|1\n|-unboost|p1a: Azumarill|spa|1\n|\n|t:|1776091715\n|switch|p2a: Floette|Floette-Mega, L50, F|78/100|[from] Parting Shot\n|-ability|p2a: Floette|Fairy Aura\n|\n|upkeep\n|turn|6\n|\n|t:|1776091728\n|move|p2b: Kingambit|Sucker Punch||[still]\n|-fail|p2b: Kingambit\n|move|p1b: Sneasler|Coaching|p1a: Azumarill\n|-boost|p1a: Azumarill|atk|1\n|-boost|p1a: Azumarill|def|1\n|move|p2a: Floette|Moonblast|p1a: Azumarill\n|-damage|p1a: Azumarill|1/100\n|move|p1a: Azumarill|Play Rough|p2a: Floette\n|-damage|p2a: Floette|4/100\n|-unboost|p2a: Floette|atk|1\n|\n|upkeep\n|turn|7\n|\n|t:|1776091750\n|move|p2b: Kingambit|Sucker Punch|p1a: Azumarill\n|-resisted|p1a: Azumarill|1\n|-damage|p1a: Azumarill|0 fnt\n|faint|p1a: Azumarill\n|move|p1b: Sneasler|Close Combat|p2b: Kingambit\n|-supereffective|p2b: Kingambit|2\n|-enditem|p2b: Kingambit|Chople Berry|[eat]\n|-enditem|p2b: Kingambit|Chople Berry|[weaken]\n|-damage|p2b: Kingambit|12/100\n|-unboost|p1b: Sneasler|def|1\n|-unboost|p1b: Sneasler|spd|1\n|-enditem|p1b: Sneasler|White Herb\n|-clearnegativeboost|p1b: Sneasler|[silent]\n|move|p2a: Floette|Dazzling Gleam|p1b: Sneasler\n|-damage|p1b: Sneasler|0 fnt\n|faint|p1b: Sneasler\n|\n|upkeep\n|\n|t:|1776091756\n|switch|p1b: Kangaskhan|Kangaskhan-Mega, L50, F|100/100\n|turn|8\n|\n|t:|1776091765\n|move|p2a: Floette|Protect|p2a: Floette\n|-singleturn|p2a: Floette|Protect\n|move|p2b: Kingambit|Protect|p2b: Kingambit\n|-singleturn|p2b: Kingambit|Protect\n|move|p1b: Kangaskhan|Drain Punch|p2b: Kingambit\n|-activate|p2b: Kingambit|move: Protect\n|\n|upkeep\n|turn|9\n|\n|t:|1776091780\n|switch|p2a: Incineroar|Incineroar, L50, F|25/100\n|-ability|p2a: Incineroar|Intimidate|boost\n|-unboost|p1b: Kangaskhan|atk|1\n|move|p2b: Kingambit|Sucker Punch|p1b: Kangaskhan\n|-damage|p1b: Kangaskhan|63/100\n|move|p1b: Kangaskhan|Double-Edge|p2a: Incineroar\n|-crit|p2a: Incineroar\n|-damage|p2a: Incineroar|0 fnt\n|faint|p2a: Incineroar\n|-hitcount|p2: Incineroar|1\n|-damage|p1b: Kangaskhan|55/100|[from] Recoil\n|\n|upkeep\n|\n|t:|1776091787\n|switch|p2a: Floette|Floette-Mega, L50, F|4/100\n|-ability|p2a: Floette|Fairy Aura\n|turn|10\n|\n|t:|1776091795\n|move|p2b: Kingambit|Sucker Punch|p1b: Kangaskhan\n|-damage|p1b: Kangaskhan|22/100\n|move|p1b: Kangaskhan|Drain Punch|p2b: Kingambit\n|-supereffective|p2b: Kingambit|2\n|-damage|p2b: Kingambit|0 fnt\n|-heal|p1b: Kangaskhan|28/100|[from] drain|[of] p2b: Kingambit\n|faint|p2b: Kingambit\n|-hitcount|p2: Kingambit|1\n|move|p2a: Floette|Moonblast|p1b: Kangaskhan\n|-crit|p1b: Kangaskhan\n|-damage|p1b: Kangaskhan|0 fnt\n|faint|p1b: Kangaskhan\n|\n|win|5wamp\n",
  "uploadtime": 1776091795,
  "views": 13,
  "formatid": "gen9championsvgc2026regma",
  "rating": null,
  "private": 0,
  "password": null
}