{
  "id": "gen9championsvgc2026regma-2584682822",
  "format": "[Gen 9 Champions] VGC 2026 Reg M-A",
  "players": [
    "nooovaa",
    "mateobosques"
  ],
  "log": "|j|\u2606nooovaa\n|j|\u2606mateobosques\n|t:|1776276531\n|gametype|doubles\n|player|p1|nooovaa|n|1023\n|player|p2|mateobosques|iris-gen5bw2|1025\n|gen|9\n|tier|[Gen 9 Champions] VGC 2026 Reg M-A\n|rated|\n|rule|Species Clause: Limit one of each Pok\u00e9mon\n|rule|Item Clause: Limit 1 of each item\n|clearpoke\n|poke|p1|Gardevoir, L50, M|\n|poke|p1|Whimsicott, L50, M|\n|poke|p1|Garchomp, L50, F|\n|poke|p1|Kingambit, L50, M|\n|poke|p1|Sneasler, L50, M|\n|poke|p1|Milotic, L50, F|\n|poke|p2|Golurk, L50|\n|poke|p2|Aegislash, L50, M|\n|poke|p2|Vanilluxe, L50, M|\n|poke|p2|Whimsicott, L50, M|\n|poke|p2|Avalugg, L50, F|\n|poke|p2|Milotic, L50, F|\n|teampreview|4\n|\n|t:|1776276578\n|teamsize|p1|4\n|teamsize|p2|4\n|start\n|switch|p1a: Whimsicott|Whimsicott, L50, M|100/100\n|switch|p1b: Garchomp|Garchomp, L50, F|100/100\n|switch|p2a: Vanilluxe|Vanilluxe, L50, M|100/100\n|switch|p2b: Avalugg|Avalugg, L50, F|100/100\n|-weather|Snowscape|[from] ability: Snow Warning|[of] p2a: Vanilluxe\n|turn|1\n|\n|t:|1776276592\n|move|p1a: Whimsicott|Tailwind|p1a: Whimsicott\n|-sidestart|p1: nooovaa|move: Tailwind\n|move|p1b: Garchomp|Rock Slide|p2a: Vanilluxe|[spread] p2a,p2b\n|-supereffective|p2a: Vanilluxe|1\n|-supereffective|p2b: Avalugg|1\n|-damage|p2a: Vanilluxe|68/100\n|-damage|p2b: Avalugg|89/100\n|move|p2a: Vanilluxe|Blizzard|p1a: Whimsicott|[spread] p1a,p1b\n|-supereffective|p1a: Whimsicott|1\n|-supereffective|p1b: Garchomp|2\n|-enditem|p1a: Whimsicott|Focus Sash\n|-damage|p1a: Whimsicott|1/100\n|-damage|p1b: Garchomp|0 fnt\n|faint|p1b: Garchomp\n|cant|p2b: Avalugg|flinch\n|\n|-weather|Snowscape|[upkeep]\n|-heal|p2b: Avalugg|95/100|[from] ability: Ice Body\n|-heal|p2b: Avalugg|100/100|[from] item: Leftovers\n|upkeep\n|\n|t:|1776276605\n|switch|p1b: Gardevoir|Gardevoir, L50, M, shiny|100/100\n|-ability|p1b: Gardevoir|Ice Body|Trace|[from] ability: Trace|[of] p2b: Avalugg\n|turn|2\n|\n|t:|1776276633\n|switch|p1a: Kingambit|Kingambit, L50, M|100/100\n|detailschange|p1b: Gardevoir|Gardevoir-Mega, L50, M, shiny\n|-mega|p1b: Gardevoir|Gardevoir|Gardevoirite\n|move|p2b: Avalugg|Wide Guard|p2b: Avalugg\n|-singleturn|p2b: Avalugg|Wide Guard\n|move|p1b: Gardevoir|Aura Sphere|p2a: Vanilluxe\n|-supereffective|p2a: Vanilluxe|1\n|-damage|p2a: Vanilluxe|0 fnt\n|faint|p2a: Vanilluxe\n|\n|-weather|Snowscape|[upkeep]\n|upkeep\n|\n|t:|1776276645\n|switch|p2a: Aegislash|Aegislash, L50, M|100/100\n|turn|3\n|\n|t:|1776276656\n|move|p2a: Aegislash|King's Shield|p2a: Aegislash\n|-singleturn|p2a: Aegislash|Protect\n|move|p1b: Gardevoir|Hyper Voice|p2b: Avalugg|[spread] p2b\n|-activate|p2a: Aegislash|move: Protect\n|-damage|p2b: Avalugg|50/100\n|move|p1a: Kingambit|Kowtow Cleave|p2a: Aegislash\n|-activate|p2a: Aegislash|move: Protect\n|-unboost|p1a: Kingambit|atk|1\n|-ability|p1a: Kingambit|Defiant|boost\n|-boost|p1a: Kingambit|atk|2\n|move|p2b: Avalugg|Body Press|p1a: Kingambit\n|-supereffective|p1a: Kingambit|2\n|-damage|p1a: Kingambit|0 fnt\n|faint|p1a: Kingambit\n|\n|-weather|Snowscape|[upkeep]\n|-heal|p2b: Avalugg|56/100|[from] ability: Ice Body\n|-heal|p2b: Avalugg|62/100|[from] item: Leftovers\n|upkeep\n|\n|t:|1776276664\n|switch|p1a: Whimsicott|Whimsicott, L50, M|1/100\n|turn|4\n|\n|t:|1776276696\n|switch|p2b: Golurk|Golurk, L50|100/100\n|move|p1a: Whimsicott|Encore|p2a: Aegislash\n|-start|p2a: Aegislash|Encore\n|move|p2a: Aegislash|King's Shield|p2a: Aegislash\n|-singleturn|p2a: Aegislash|Protect\n|move|p1b: Gardevoir|Aura Sphere|p2b: Golurk\n|-immune|p2b: Golurk\n|\n|-weather|Snowscape|[upkeep]\n|-sideend|p1: nooovaa|move: Tailwind\n|upkeep\n|turn|5\n|inactive|Battle timer is ON: inactive players will automatically lose when time's up. (requested by mateobosques)\n|\n|t:|1776276715\n|switch|p2a: Avalugg|Avalugg, L50, F|62/100\n|detailschange|p2b: Golurk|Golurk-Mega, L50\n|-mega|p2b: Golurk|Golurk|Golurkite\n|move|p1a: Whimsicott|Tailwind|p1a: Whimsicott\n|-sidestart|p1: nooovaa|move: Tailwind\n|move|p1b: Gardevoir|Hyper Voice|p2a: Avalugg|[spread] p2a,p2b\n|-damage|p2a: Avalugg|5/100\n|-damage|p2b: Golurk|56/100\n|move|p2b: Golurk|Poltergeist|p1b: Gardevoir|[miss]\n|-miss|p2b: Golurk|p1b: Gardevoir\n|\n|-weather|none\n|-heal|p2a: Avalugg|11/100|[from] item: Leftovers\n|upkeep\n|turn|6\n|\n|t:|1776276737\n|move|p2a: Avalugg|Wide Guard|p2a: Avalugg\n|-singleturn|p2a: Avalugg|Wide Guard\n|move|p1a: Whimsicott|Taunt|p2b: Golurk\n|-start|p2b: Golurk|move: Taunt\n|move|p1b: Gardevoir|Hyper Voice|p2a: Avalugg|[spread] \n|-activate|p2a: Avalugg|move: Wide Guard\n|-activate|p2b: Golurk|move: Wide Guard\n|move|p2b: Golurk|Poltergeist|p1b: Gardevoir\n|-activate|p1b: Gardevoir|move: Poltergeist|Gardevoirite\n|-supereffective|p1b: Gardevoir|1\n|-damage|p1b: Gardevoir|0 fnt\n|faint|p1b: Gardevoir\n|\n|-heal|p2a: Avalugg|17/100|[from] item: Leftovers\n|upkeep\n|turn|7\n|-message|nooovaa forfeited.\n|\n|win|mateobosques\n|raw|nooovaa's rating: 1023 &rarr; <strong>1010</strong><br />(-13 for losing)\n|raw|mateobosques's rating: 1025 &rarr; <strong>1061</strong><br />(+36 for winning)\n|l|\u2606nooovaa\n|player|p1|\n",
  "uploadtime": 1776276755,
  "views": 22,
  "formatid": "gen9championsvgc2026regma",
  "rating": 1010,
  "private": 0,
  "password": null
}