{
  "id": "gen9championsvgc2026regma-2587668570",
  "format": "[Gen 9 Champions] VGC 2026 Reg M-A",
  "players": [
    "shadyapple132",
    "peiblol495"
  ],
  "log": "|j|\u2606shadyapple132\n|j|\u2606peiblol495\n|t:|1776552103\n|gametype|doubles\n|player|p1|shadyapple132|pokemaniac|1125\n|player|p2|peiblol495|170|1149\n|gen|9\n|tier|[Gen 9 Champions] VGC 2026 Reg M-A\n|rated|\n|rule|Species Clause: Limit one of each Pok\u00e9mon\n|rule|Item Clause: Limit 1 of each item\n|clearpoke\n|poke|p1|Pelipper, L50, M|\n|poke|p1|Sinistcha, L50|\n|poke|p1|Scizor, L50, F|\n|poke|p1|Blastoise, L50, F|\n|poke|p1|Aggron, L50, F|\n|poke|p1|Kangaskhan, L50, F|\n|poke|p2|Charizard, L50, F|\n|poke|p2|Garchomp, L50, M|\n|poke|p2|Venusaur, L50, M|\n|poke|p2|Sneasler, L50, M|\n|poke|p2|Basculegion, L50, M|\n|poke|p2|Incineroar, L50, F|\n|teampreview|4\n|inactive|Battle timer is ON: inactive players will automatically lose when time's up. (requested by shadyapple132)\n|inactive|peiblol495 has 60 seconds left.\n|inactive|shadyapple132 has 30 seconds left.\n|\n|t:|1776552162\n|teamsize|p1|4\n|teamsize|p2|4\n|start\n|switch|p1a: Pelipper|Pelipper, L50, M|100/100\n|switch|p1b: Blastoise|Blastoise, L50, F|100/100\n|switch|p2a: Charizard|Charizard, L50, F|100/100\n|switch|p2b: Venusaur|Venusaur, L50, M|100/100\n|-weather|RainDance|[from] ability: Drizzle|[of] p1a: Pelipper\n|turn|1\n|\n|t:|1776552186\n|switch|p1b: Sinistcha|Sinistcha, L50|100/100\n|detailschange|p2a: Charizard|Charizard-Mega-Y, L50, F\n|-mega|p2a: Charizard|Charizard|Charizardite Y\n|-weather|SunnyDay|[from] ability: Drought|[of] p2a: Charizard\n|move|p2b: Venusaur|Sleep Powder|p1b: Sinistcha\n|-immune|p1b: Sinistcha\n|move|p2a: Charizard|Heat Wave|p1a: Pelipper|[spread] p1a,p1b\n|-resisted|p1a: Pelipper|1\n|-supereffective|p1b: Sinistcha|1\n|-damage|p1a: Pelipper|43/100\n|-enditem|p1b: Sinistcha|Focus Sash\n|-damage|p1b: Sinistcha|1/100\n|-enditem|p1a: Pelipper|Sitrus Berry|[eat]\n|-heal|p1a: Pelipper|67/100|[from] item: Sitrus Berry\n|move|p1a: Pelipper|Tailwind|p1a: Pelipper\n|-sidestart|p1: shadyapple132|move: Tailwind\n|\n|-weather|SunnyDay|[upkeep]\n|upkeep\n|turn|2\n|inactive|shadyapple132 has 30 seconds left.\n|\n|t:|1776552220\n|move|p2b: Venusaur|Sleep Powder|p1a: Pelipper|[miss]\n|-miss|p2b: Venusaur|p1a: Pelipper\n|move|p1a: Pelipper|Hurricane|p2b: Venusaur\n|-supereffective|p2b: Venusaur|1\n|-enditem|p2b: Venusaur|Focus Sash\n|-damage|p2b: Venusaur|1/100\n|-start|p2b: Venusaur|confusion\n|move|p1b: Sinistcha|Matcha Gotcha|p2a: Charizard|[spread] p2a,p2b\n|-resisted|p2a: Charizard|2\n|-resisted|p2b: Venusaur|2\n|-damage|p2a: Charizard|93/100\n|-heal|p1b: Sinistcha|5/100|[from] drain|[of] p2a: Charizard\n|-damage|p2b: Venusaur|0 fnt\n|-heal|p1b: Sinistcha|6/100|[from] drain|[of] p2b: Venusaur\n|faint|p2b: Venusaur\n|move|p2a: Charizard|Heat Wave|p1b: Sinistcha|[spread] p1a,p1b\n|-resisted|p1a: Pelipper|1\n|-supereffective|p1b: Sinistcha|1\n|-damage|p1a: Pelipper|15/100\n|-damage|p1b: Sinistcha|0 fnt\n|faint|p1b: Sinistcha\n|\n|-weather|SunnyDay|[upkeep]\n|upkeep\n|\n|t:|1776552241\n|switch|p2b: Incineroar|Incineroar, L50, F|100/100\n|switch|p1b: Kangaskhan|Kangaskhan, L50, F|100/100\n|-ability|p2b: Incineroar|Intimidate|boost\n|-unboost|p1a: Pelipper|atk|1\n|-fail|p1b: Kangaskhan|unboost|Attack|[from] ability: Scrappy|[of] p1b: Kangaskhan\n|turn|3\n|\n|t:|1776552256\n|switch|p1a: Blastoise|Blastoise, L50, F|100/100\n|detailschange|p1b: Kangaskhan|Kangaskhan-Mega, L50, F\n|-mega|p1b: Kangaskhan|Kangaskhan|Kangaskhanite\n|move|p2a: Charizard|Protect|p2a: Charizard\n|-singleturn|p2a: Charizard|Protect\n|move|p1b: Kangaskhan|Fake Out|p2a: Charizard\n|-activate|p2a: Charizard|move: Protect\n|move|p2b: Incineroar|Throat Chop|p1a: Blastoise\n|-damage|p1a: Blastoise|62/100\n|-start|p1a: Blastoise|Throat Chop|[silent]\n|\n|-weather|SunnyDay|[upkeep]\n|upkeep\n|turn|4\n|\n|t:|1776552271\n|switch|p2a: Basculegion|Basculegion, L50, M|100/100\n|move|p1b: Kangaskhan|Rock Slide|p2a: Basculegion|[spread] p2a,p2b\n|-supereffective|p2b: Incineroar|1\n|-damage|p2a: Basculegion|76/100\n|-damage|p2b: Incineroar|71/100\n|move|p1a: Blastoise|Shell Smash|p1a: Blastoise\n|-unboost|p1a: Blastoise|def|1\n|-unboost|p1a: Blastoise|spd|1\n|-boost|p1a: Blastoise|atk|2\n|-boost|p1a: Blastoise|spa|2\n|-boost|p1a: Blastoise|spe|2\n|-enditem|p1a: Blastoise|White Herb\n|-clearnegativeboost|p1a: Blastoise|[silent]\n|move|p2b: Incineroar|Parting Shot|p1a: Blastoise\n|-unboost|p1a: Blastoise|atk|1\n|-unboost|p1a: Blastoise|spa|1\n|\n|t:|1776552286\n|switch|p2b: Charizard|Charizard-Mega-Y, L50, F|93/100|[from] Parting Shot\n|\n|-weather|SunnyDay|[upkeep]\n|-end|p1a: Blastoise|Throat Chop|[silent]\n|-sideend|p1: shadyapple132|move: Tailwind\n|upkeep\n|turn|5\n|\n|t:|1776552304\n|switch|p2b: Incineroar|Incineroar, L50, F|71/100\n|-ability|p2b: Incineroar|Intimidate|boost\n|-unboost|p1a: Blastoise|atk|1\n|-unboost|p1b: Kangaskhan|atk|1\n|switch|p1b: Pelipper|Pelipper, L50, M|15/100\n|-weather|RainDance|[from] ability: Drizzle|[of] p1b: Pelipper\n|move|p1a: Blastoise|Muddy Water|p2b: Incineroar|[spread] p2b\n|-miss|p1a: Blastoise|p2a: Basculegion\n|-supereffective|p2b: Incineroar|1\n|-damage|p2b: Incineroar|0 fnt\n|faint|p2b: Incineroar\n|move|p2a: Basculegion|Wave Crash|p1a: Blastoise\n|-resisted|p1a: Blastoise|1\n|-damage|p1a: Blastoise|0 fnt\n|faint|p1a: Blastoise\n|-damage|p2a: Basculegion|59/100|[from] Recoil\n|\n|-weather|RainDance|[upkeep]\n|upkeep\n|\n|t:|1776552321\n|switch|p1a: Kangaskhan|Kangaskhan-Mega, L50, F|100/100\n|switch|p2b: Charizard|Charizard-Mega-Y, L50, F|93/100\n|-weather|SunnyDay|[from] ability: Drought|[of] p2b: Charizard\n|turn|6\n|\n|t:|1776552340\n|move|p2b: Charizard|Protect|p2b: Charizard\n|-singleturn|p2b: Charizard|Protect\n|move|p1a: Kangaskhan|Sucker Punch|p2a: Basculegion\n|-supereffective|p2a: Basculegion|1\n|-damage|p2a: Basculegion|3/100\n|-supereffective|p2a: Basculegion|1\n|-damage|p2a: Basculegion|0 fnt\n|faint|p2a: Basculegion\n|-hitcount|p2: Basculegion|2\n|move|p1b: Pelipper|Tailwind|p1b: Pelipper\n|-sidestart|p1: shadyapple132|move: Tailwind\n|\n|-weather|SunnyDay|[upkeep]\n|upkeep\n|turn|7\n|\n|t:|1776552358\n|move|p1a: Kangaskhan|Rock Slide|p2b: Charizard\n|-supereffective|p2b: Charizard|2\n|-damage|p2b: Charizard|0 fnt\n|faint|p2b: Charizard\n|-hitcount|p2: Charizard|1\n|\n|win|shadyapple132\n|raw|shadyapple132's rating: 1125 &rarr; <strong>1152</strong><br />(+27 for winning)\n|raw|peiblol495's rating: 1149 &rarr; <strong>1122</strong><br />(-27 for losing)\n|l|\u2606peiblol495\n|player|p2|\n",
  "uploadtime": 1776552371,
  "views": 11,
  "formatid": "gen9championsvgc2026regma",
  "rating": 1122,
  "private": 0,
  "password": null
}