{
  "id": "gen9championsvgc2026regma-2584898937",
  "format": "[Gen 9 Champions] VGC 2026 Reg M-A",
  "players": [
    "Hi jump kicker",
    "rizzlerrrrrr"
  ],
  "log": "|j|\u2606Hi jump kicker\n|j|\u2606rizzlerrrrrr\n|t:|1776292675\n|gametype|doubles\n|player|p1|Hi jump kicker|psychicf-gen4|1175\n|player|p2|rizzlerrrrrr|170|1091\n|gen|9\n|tier|[Gen 9 Champions] VGC 2026 Reg M-A\n|rated|\n|rule|Species Clause: Limit one of each Pok\u00e9mon\n|rule|Item Clause: Limit 1 of each item\n|clearpoke\n|poke|p1|Altaria, L50, F|\n|poke|p1|Arcanine, L50, F|\n|poke|p1|Basculegion-F, L50, F|\n|poke|p1|Meowscarada, L50, M|\n|poke|p1|Sylveon, L50, F|\n|poke|p1|Aegislash, L50, F|\n|poke|p2|Drampa, L50, F|\n|poke|p2|Oranguru, L50, F|\n|poke|p2|Sinistcha-Masterpiece, L50|\n|poke|p2|Sneasler, L50, M|\n|poke|p2|Incineroar, L50, M|\n|poke|p2|Torkoal, L50, M|\n|teampreview|4\n|inactive|Battle timer is ON: inactive players will automatically lose when time's up. (requested by rizzlerrrrrr)\n|\n|t:|1776292702\n|teamsize|p1|4\n|teamsize|p2|4\n|start\n|switch|p1a: Arcanine|Arcanine, L50, F|100/100\n|switch|p1b: Sylveon|Sylveon, L50, F|100/100\n|switch|p2a: Drampa|Drampa, L50, F, shiny|100/100\n|switch|p2b: Sinistcha|Sinistcha-Masterpiece, L50|100/100\n|-ability|p1a: Arcanine|Intimidate|boost\n|-unboost|p2a: Drampa|atk|1\n|-unboost|p2b: Sinistcha|atk|1\n|-ability|p2a: Drampa|Cloud Nine\n|turn|1\n|\n|t:|1776292718\n|detailschange|p2a: Drampa|Drampa-Mega, L50, F, shiny\n|-mega|p2a: Drampa|Drampa|Drampanite\n|move|p2a: Drampa|Protect|p2a: Drampa\n|-singleturn|p2a: Drampa|Protect\n|move|p1a: Arcanine|Flare Blitz|p2b: Sinistcha\n|-supereffective|p2b: Sinistcha|1\n|-enditem|p2b: Sinistcha|Occa Berry|[eat]\n|-enditem|p2b: Sinistcha|Occa Berry|[weaken]\n|-damage|p2b: Sinistcha|53/100\n|-damage|p1a: Arcanine|86/100|[from] Recoil\n|move|p1b: Sylveon|Substitute|p1b: Sylveon\n|-start|p1b: Sylveon|Substitute\n|-damage|p1b: Sylveon|76/100\n|move|p2b: Sinistcha|Trick Room|p2b: Sinistcha\n|-fieldstart|move: Trick Room|[of] p2b: Sinistcha\n|\n|-heal|p1b: Sylveon|82/100|[from] item: Leftovers\n|upkeep\n|turn|2\n|\n|t:|1776292740\n|move|p1b: Sylveon|Protect|p1b: Sylveon\n|-singleturn|p1b: Sylveon|Protect\n|move|p1a: Arcanine|Protect|p1a: Arcanine\n|-singleturn|p1a: Arcanine|Protect\n|move|p2b: Sinistcha|Rage Powder|p2b: Sinistcha\n|-singleturn|p2b: Sinistcha|move: Rage Powder\n|move|p2a: Drampa|Calm Mind|p2a: Drampa\n|-boost|p2a: Drampa|spa|1\n|-boost|p2a: Drampa|spd|1\n|\n|-heal|p1b: Sylveon|88/100|[from] item: Leftovers\n|upkeep\n|turn|3\n|inactive|Hi jump kicker has 30 seconds left.\n|\n|t:|1776292769\n|move|p2b: Sinistcha|Rage Powder|p2b: Sinistcha\n|-singleturn|p2b: Sinistcha|move: Rage Powder\n|move|p1a: Arcanine|Extreme Speed|p2b: Sinistcha\n|-immune|p2b: Sinistcha\n|move|p2a: Drampa|Hyper Voice|p1a: Arcanine|[spread] p1a,p1b\n|-damage|p1a: Arcanine|22/100\n|-damage|p1b: Sylveon|38/100\n|move|p1b: Sylveon|Calm Mind|p1b: Sylveon\n|-boost|p1b: Sylveon|spa|1\n|-boost|p1b: Sylveon|spd|1\n|\n|-heal|p1b: Sylveon|44/100|[from] item: Leftovers\n|upkeep\n|turn|4\n|inactive|Hi jump kicker has 30 seconds left.\n|inactive|rizzlerrrrrr has 30 seconds left.\n|\n|t:|1776292800\n|switch|p1a: Basculegion|Basculegion-F, L50, F|100/100\n|move|p2a: Drampa|Protect|p2a: Drampa\n|-singleturn|p2a: Drampa|Protect\n|move|p1b: Sylveon|Protect|p1b: Sylveon\n|-singleturn|p1b: Sylveon|Protect\n|move|p2b: Sinistcha|Matcha Gotcha|p1b: Sylveon|[spread] p1a\n|-activate|p1b: Sylveon|move: Protect\n|-supereffective|p1a: Basculegion|1\n|-damage|p1a: Basculegion|41/100\n|-heal|p2b: Sinistcha|86/100|[from] drain|[of] p1a: Basculegion\n|\n|-heal|p1b: Sylveon|50/100|[from] item: Leftovers\n|upkeep\n|turn|5\n|inactive|Hi jump kicker has 30 seconds left.\n|\n|t:|1776292826\n|move|p1a: Basculegion|Protect|p1a: Basculegion\n|-singleturn|p1a: Basculegion|Protect\n|move|p2a: Drampa|Hyper Voice|p1b: Sylveon|[spread] p1b\n|-activate|p1a: Basculegion|move: Protect\n|-damage|p1b: Sylveon|18/100\n|move|p1b: Sylveon|Hyper Voice|p2b: Sinistcha|[spread] p2a,p2b\n|-supereffective|p2a: Drampa|1\n|-damage|p2a: Drampa|42/100\n|-damage|p2b: Sinistcha|35/100\n|-ability|p2a: Drampa|Berserk|boost\n|-boost|p2a: Drampa|spa|1\n|move|p2b: Sinistcha|Matcha Gotcha|p1b: Sylveon|[spread] p1b\n|-activate|p1a: Basculegion|move: Protect\n|-activate|p1b: Sylveon|move: Substitute|[damage]\n|-heal|p2b: Sinistcha|42/100|[from] drain|[of] p1b: Sylveon\n|\n|-heal|p1b: Sylveon|24/100|[from] item: Leftovers\n|-fieldend|move: Trick Room\n|upkeep\n|turn|6\n|\n|t:|1776292850\n|move|p2a: Drampa|Protect|p2a: Drampa\n|-singleturn|p2a: Drampa|Protect\n|move|p1a: Basculegion|Shadow Ball|p2b: Sinistcha\n|-supereffective|p2b: Sinistcha|1\n|-damage|p2b: Sinistcha|0 fnt\n|faint|p2b: Sinistcha\n|move|p1b: Sylveon|Hyper Voice|p2a: Drampa\n|-activate|p2a: Drampa|move: Protect\n|\n|-heal|p1b: Sylveon|30/100|[from] item: Leftovers\n|upkeep\n|\n|t:|1776292859\n|switch|p2b: Sneasler|Sneasler, L50, M|100/100\n|turn|7\n|inactive|Hi jump kicker has 30 seconds left.\n|\n|t:|1776292885\n|switch|p1a: Arcanine|Arcanine, L50, F|22/100\n|-ability|p1a: Arcanine|Intimidate|boost\n|-unboost|p2a: Drampa|atk|1\n|-unboost|p2b: Sneasler|atk|1\n|move|p2b: Sneasler|Dire Claw|p1b: Sylveon\n|-supereffective|p1b: Sylveon|1\n|-crit|p1b: Sylveon\n|-end|p1b: Sylveon|Substitute\n|move|p1b: Sylveon|Hyper Voice|p2b: Sneasler|[spread] p2a,p2b\n|-supereffective|p2a: Drampa|1\n|-damage|p2a: Drampa|0 fnt\n|-damage|p2b: Sneasler|27/100\n|faint|p2a: Drampa\n|\n|-heal|p1b: Sylveon|36/100|[from] item: Leftovers\n|upkeep\n|\n|t:|1776292895\n|switch|p2a: Incineroar|Incineroar, L50, M|100/100\n|-ability|p2a: Incineroar|Intimidate|boost\n|-unboost|p1a: Arcanine|atk|1\n|-unboost|p1b: Sylveon|atk|1\n|turn|8\n|\n|t:|1776292915\n|move|p1a: Arcanine|Protect|p1a: Arcanine\n|-singleturn|p1a: Arcanine|Protect\n|move|p1b: Sylveon|Protect|p1b: Sylveon\n|-singleturn|p1b: Sylveon|Protect\n|move|p2a: Incineroar|Fake Out|p1a: Arcanine\n|-activate|p1a: Arcanine|move: Protect\n|move|p2b: Sneasler|Dire Claw|p1b: Sylveon\n|-activate|p1b: Sylveon|move: Protect\n|\n|-heal|p1b: Sylveon|42/100|[from] item: Leftovers\n|upkeep\n|turn|9\n|\n|t:|1776292930\n|move|p1a: Arcanine|Extreme Speed|p2b: Sneasler\n|-damage|p2b: Sneasler|0 fnt\n|faint|p2b: Sneasler\n|move|p2a: Incineroar|Flare Blitz|p1a: Arcanine\n|-resisted|p1a: Arcanine|1\n|-damage|p1a: Arcanine|0 fnt\n|faint|p1a: Arcanine\n|-damage|p2a: Incineroar|94/100|[from] Recoil\n|move|p1b: Sylveon|Hyper Voice|p2a: Incineroar\n|-damage|p2a: Incineroar|43/100\n|\n|-heal|p1b: Sylveon|48/100|[from] item: Leftovers\n|upkeep\n|-message|rizzlerrrrrr forfeited.\n|\n|win|Hi jump kicker\n|raw|Hi jump kicker's rating: 1175 &rarr; <strong>1194</strong><br />(+19 for winning)\n|raw|rizzlerrrrrr's rating: 1091 &rarr; <strong>1073</strong><br />(-18 for losing)\n|l|\u2606rizzlerrrrrr\n|player|p2|\n",
  "uploadtime": 1776292948,
  "views": 21,
  "formatid": "gen9championsvgc2026regma",
  "rating": 1073,
  "private": 0,
  "password": null
}