{
  "id": "gen9championsvgc2026regma-2584187706",
  "format": "[Gen 9 Champions] VGC 2026 Reg M-A",
  "players": [
    "joshferd",
    "vinnmax46"
  ],
  "log": "|j|\u2606joshferd\n|j|\u2606vinnmax46\n|t:|1776235904\n|gametype|doubles\n|player|p1|joshferd|1|1095\n|player|p2|vinnmax46|170|1091\n|gen|9\n|tier|[Gen 9 Champions] VGC 2026 Reg M-A\n|rated|\n|rule|Species Clause: Limit one of each Pok\u00e9mon\n|rule|Item Clause: Limit 1 of each item\n|clearpoke\n|poke|p1|Ditto, L50|\n|poke|p1|Aegislash, L50, M|\n|poke|p1|Lopunny, L50, F|\n|poke|p1|Ninetales-Alola, L50, M|\n|poke|p1|Rotom-Heat, L50|\n|poke|p1|Hydreigon, L50, F|\n|poke|p2|Starmie, L50|\n|poke|p2|Pelipper, L50, M|\n|poke|p2|Kingambit, L50, F|\n|poke|p2|Dragonite, L50, M|\n|poke|p2|Sneasler, L50, M|\n|poke|p2|Sinistcha, L50|\n|teampreview|4\n|l|\u2606vinnmax46\n|player|p2|\n|inactive|Battle timer is ON: inactive players will automatically lose when time's up. (requested by joshferd)\n|j|\u2606vinnmax46\n|inactive|vinnmax46 reconnected and has 90 seconds left.\n|player|p2|vinnmax46|170|\n|inactive|vinnmax46 has 60 seconds left.\n|\n|t:|1776235993\n|teamsize|p1|4\n|teamsize|p2|4\n|start\n|switch|p1a: Lopunny|Lopunny, L50, F, shiny|100/100\n|switch|p1b: Rotom|Rotom-Heat, L50|100/100\n|switch|p2a: Pelipper|Pelipper, L50, M|100/100\n|switch|p2b: Dragonite|Dragonite, L50, M|100/100\n|-weather|RainDance|[from] ability: Drizzle|[of] p2a: Pelipper\n|turn|1\n|inactive|joshferd has 30 seconds left.\n|\n|t:|1776236026\n|switch|p2a: Sneasler|Sneasler, L50, M|100/100\n|detailschange|p1a: Lopunny|Lopunny-Mega, L50, F, shiny\n|-mega|p1a: Lopunny|Lopunny|Lopunnite\n|detailschange|p2b: Dragonite|Dragonite-Mega, L50, M\n|-mega|p2b: Dragonite|Dragonite|Dragoninite\n|move|p1a: Lopunny|Fake Out|p2a: Sneasler\n|-damage|p2a: Sneasler|62/100\n|move|p2b: Dragonite|Tailwind|p2b: Dragonite\n|-sidestart|p2: vinnmax46|move: Tailwind\n|move|p1b: Rotom|Volt Switch|p2a: Sneasler\n|-damage|p2a: Sneasler|19/100\n|\n|t:|1776236046\n|switch|p1b: Ninetales|Ninetales-Alola, L50, M|100/100|[from] Volt Switch\n|-weather|Snowscape|[from] ability: Snow Warning|[of] p1b: Ninetales\n|\n|-weather|Snowscape|[upkeep]\n|upkeep\n|turn|2\n|\n|t:|1776236061\n|switch|p2a: Pelipper|Pelipper, L50, M|100/100\n|-weather|RainDance|[from] ability: Drizzle|[of] p2a: Pelipper\n|switch|p1a: Ditto|Ditto, L50|100/100\n|-transform|p1a: Ditto|p2b: Dragonite|[from] ability: Imposter\n|move|p2b: Dragonite|Hurricane|p1a: Ditto\n|-damage|p1a: Ditto|70/100\n|move|p1b: Ninetales|Icy Wind|p2a: Pelipper|[spread] p2a,p2b\n|-supereffective|p2b: Dragonite|2\n|-damage|p2a: Pelipper|72/100\n|-damage|p2b: Dragonite|75/100\n|-unboost|p2a: Pelipper|spe|1\n|-unboost|p2b: Dragonite|spe|1\n|\n|-weather|RainDance|[upkeep]\n|upkeep\n|turn|3\n|inactive|joshferd has 30 seconds left.\n|inactive|vinnmax46 has 30 seconds left.\n|\n|t:|1776236090\n|switch|p2b: Kingambit|Kingambit, L50, F|100/100\n|move|p2a: Pelipper|Weather Ball|p1b: Ninetales\n|-damage|p1b: Ninetales|30/100\n|move|p1a: Ditto|Tailwind|p1a: Ditto\n|-sidestart|p1: joshferd|move: Tailwind\n|move|p1b: Ninetales|Freeze-Dry|p2b: Kingambit\n|-resisted|p2b: Kingambit|1\n|-damage|p2b: Kingambit|87/100\n|\n|-weather|RainDance|[upkeep]\n|upkeep\n|turn|4\n|\n|t:|1776236110\n|switch|p1a: Lopunny|Lopunny-Mega, L50, F, shiny|100/100\n|move|p1b: Ninetales|Protect|p1b: Ninetales\n|-singleturn|p1b: Ninetales|Protect\n|move|p2a: Pelipper|Weather Ball|p1a: Lopunny\n|-damage|p1a: Lopunny|20/100\n|move|p2b: Kingambit|Kowtow Cleave|p1b: Ninetales\n|-activate|p1b: Ninetales|move: Protect\n|\n|-weather|RainDance|[upkeep]\n|-sideend|p2: vinnmax46|move: Tailwind\n|upkeep\n|turn|5\n|\n|t:|1776236132\n|move|p1a: Lopunny|Fake Out|p2b: Kingambit\n|-resisted|p2b: Kingambit|1\n|-damage|p2b: Kingambit|80/100\n|cant|p2b: Kingambit|flinch\n|move|p1b: Ninetales|Freeze-Dry|p2a: Pelipper\n|-supereffective|p2a: Pelipper|2\n|-damage|p2a: Pelipper|0 fnt\n|faint|p2a: Pelipper\n|\n|-weather|RainDance|[upkeep]\n|upkeep\n|\n|t:|1776236147\n|switch|p2a: Sneasler|Sneasler, L50, M|19/100\n|turn|6\n|\n|t:|1776236170\n|switch|p1b: Rotom|Rotom-Heat, L50|100/100\n|move|p1a: Lopunny|Protect|p1a: Lopunny\n|-singleturn|p1a: Lopunny|Protect\n|move|p2a: Sneasler|Fake Out|p1b: Rotom\n|-damage|p1b: Rotom|85/100\n|move|p2b: Kingambit|Sucker Punch||[still]\n|-fail|p2b: Kingambit\n|\n|-weather|none\n|-sideend|p1: joshferd|move: Tailwind\n|upkeep\n|turn|7\n|\n|t:|1776236191\n|move|p2b: Kingambit|Protect|p2b: Kingambit\n|-singleturn|p2b: Kingambit|Protect\n|move|p1a: Lopunny|Encore|p2a: Sneasler\n|-start|p2a: Sneasler|Encore\n|move|p2a: Sneasler|Fake Out||[still]\n|-hint|Fake Out only works on your first turn out.\n|-fail|p2a: Sneasler\n|move|p1b: Rotom|Overheat|p2b: Kingambit\n|-activate|p2b: Kingambit|move: Protect\n|\n|upkeep\n|turn|8\n|\n|t:|1776236210\n|switch|p2b: Dragonite|Dragonite-Mega, L50, M|75/100\n|move|p1a: Lopunny|Encore||[still]\n|-fail|p1a: Lopunny\n|-activate|p2a: Sneasler|move: Struggle\n|move|p2a: Sneasler|Struggle|p1a: Lopunny\n|-damage|p1a: Lopunny|0 fnt\n|faint|p1a: Lopunny\n|-damage|p2a: Sneasler|0 fnt|[from] recoil\n|faint|p2a: Sneasler\n|move|p1b: Rotom|Volt Switch|p2b: Dragonite\n|-damage|p2b: Dragonite|50/100\n|\n|t:|1776236224\n|switch|p1b: Ninetales|Ninetales-Alola, L50, M|30/100|[from] Volt Switch\n|-weather|Snowscape|[from] ability: Snow Warning|[of] p1b: Ninetales\n|\n|-weather|Snowscape|[upkeep]\n|upkeep\n|\n|t:|1776236231\n|switch|p1a: Ditto|Ditto, L50|70/100\n|switch|p2a: Kingambit|Kingambit, L50, F|80/100\n|-transform|p1a: Ditto|p2b: Dragonite|[from] ability: Imposter\n|turn|9\n|\n|t:|1776236246\n|switch|p1b: Rotom|Rotom-Heat, L50|85/100\n|move|p2a: Kingambit|Sucker Punch||[still]\n|-fail|p2a: Kingambit\n|move|p1a: Ditto|Dragon Pulse|p2b: Dragonite\n|-supereffective|p2b: Dragonite|1\n|-damage|p2b: Dragonite|0 fnt\n|faint|p2b: Dragonite\n|\n|-weather|Snowscape|[upkeep]\n|upkeep\n|turn|10\n|-message|vinnmax46 forfeited.\n|\n|win|joshferd\n|raw|joshferd's rating: 1095 &rarr; <strong>1120</strong><br />(+25 for winning)\n|raw|vinnmax46's rating: 1091 &rarr; <strong>1068</strong><br />(-23 for losing)\n|l|\u2606vinnmax46\n|player|p2|\n",
  "uploadtime": 1776236416,
  "views": 22,
  "formatid": "gen9championsvgc2026regma",
  "rating": 1068,
  "private": 0,
  "password": null
}