{
  "id": "gen9championsvgc2026regma-2582150322",
  "format": "[Gen 9 Champions] VGC 2026 Reg M-A",
  "players": [
    "Arib1906",
    "lerry27"
  ],
  "log": "|j|\u2606Arib1906\n|j|\u2606lerry27\n|t:|1776064473\n|gametype|doubles\n|player|p1|Arib1906|byron|1150\n|player|p2|lerry27|169|1063\n|gen|9\n|tier|[Gen 9 Champions] VGC 2026 Reg M-A\n|rated|\n|rule|Species Clause: Limit one of each Pok\u00e9mon\n|rule|Item Clause: Limit 1 of each item\n|clearpoke\n|poke|p1|Aggron, L50, M|\n|poke|p1|Sinistcha, L50|\n|poke|p1|Incineroar, L50, F|\n|poke|p1|Farigiraf, L50, F|\n|poke|p1|Aerodactyl, L50, M|\n|poke|p2|Gengar, L50, M|\n|poke|p2|Palafin, L50, M|\n|poke|p2|Dragonite, L50, M|\n|poke|p2|Pelipper, L50, F|\n|poke|p2|Archaludon, L50, F|\n|poke|p2|Farigiraf, L50, M|\n|teampreview|4\nlerry27 has agreed to open team sheets.\n|inactive|Battle timer is ON: inactive players will automatically lose when time's up. (requested by Arib1906)\n|\n|t:|1776064504\n|teamsize|p1|4\n|teamsize|p2|4\n|start\n|switch|p1a: Farigiraf|Farigiraf, L50, F|100/100\n|switch|p1b: Sinistcha|Sinistcha, L50|100/100\n|switch|p2a: Palafin|Palafin, L50, M|100/100\n|switch|p2b: Archaludon|Archaludon, L50, F|100/100\n|turn|1\n|\n|t:|1776064521\n|move|p1b: Sinistcha|Rage Powder|p1b: Sinistcha\n|-singleturn|p1b: Sinistcha|move: Rage Powder\n|move|p2a: Palafin|Flip Turn|p1b: Sinistcha\n|-resisted|p1b: Sinistcha|1\n|-damage|p1b: Sinistcha|89/100\n|\n|t:|1776064525\n|detailschange|p2a: Palafin|Palafin-Hero, L50, M\n|switch|p2a: Pelipper|Pelipper, L50, F|100/100|[from] Flip Turn\n|move|p2b: Archaludon|Electro Shot||[still]\n|-prepare|p2b: Archaludon|Electro Shot\n|-boost|p2b: Archaludon|spa|1\n|move|p1a: Farigiraf|Trick Room|p1a: Farigiraf\n|-fieldstart|move: Trick Room|[of] p1a: Farigiraf\n|\n|upkeep\n|turn|2\n|c|\u2606Arib1906|No drizzle?\n|\n|t:|1776064547\n|switch|p1b: Aggron|Aggron, L50, M, shiny|100/100\n|move|p1a: Farigiraf|Foul Play|p2a: Pelipper\n|-damage|p2a: Pelipper|84/100\n|move|p2b: Archaludon|Electro Shot|p1b: Aggron|[from] lockedmove\n|-damage|p1b: Aggron|36/100\n|move|p2a: Pelipper|Hurricane|p1b: Aggron\n|-resisted|p1b: Aggron|2\n|-damage|p1b: Aggron|24/100\n|-start|p1b: Aggron|confusion\n|\n|upkeep\n|turn|3\n|c|\u2606lerry27|i forgot it lool , just done the team\n|\n|t:|1776064566\n|switch|p1a: Sinistcha|Sinistcha, L50|89/100\n|-heal|p1b: Aggron|49/100|[from] ability: Hospitality|[of] p1a: Sinistcha\n|detailschange|p1b: Aggron|Aggron-Mega, L50, M, shiny\n|-mega|p1b: Aggron|Aggron|Aggronite\n|-activate|p1b: Aggron|confusion\n|move|p1b: Aggron|Protect|p1b: Aggron\n|-singleturn|p1b: Aggron|Protect\n|move|p2a: Pelipper|Protect|p2a: Pelipper\n|-singleturn|p2a: Pelipper|Protect\n|move|p2b: Archaludon|Flash Cannon|p1b: Aggron\n|-activate|p1b: Aggron|move: Protect\n|\n|upkeep\n|turn|4\n|\n|t:|1776064590\n|switch|p2a: Dragonite|Dragonite, L50, M|100/100\n|move|p2b: Archaludon|Protect|p2b: Archaludon\n|-singleturn|p2b: Archaludon|Protect\n|-activate|p1b: Aggron|confusion\n|move|p1b: Aggron|Iron Defense|p1b: Aggron\n|-boost|p1b: Aggron|def|2\n|move|p1a: Sinistcha|Life Dew|p1a: Sinistcha|[spread] p1a,p1b\n|-heal|p1a: Sinistcha|100/100\n|-heal|p1b: Aggron|73/100\n|\n|upkeep\n|turn|5\n|inactive|lerry27 has 30 seconds left.\n|\n|t:|1776064616\n|switch|p1a: Incineroar|Incineroar, L50, F|100/100\n|-ability|p1a: Incineroar|Intimidate|boost\n|-fail|p2a: Dragonite|unboost|Attack|[from] ability: Inner Focus|[of] p2a: Dragonite\n|-unboost|p2b: Archaludon|atk|1\n|-enditem|p2b: Archaludon|White Herb\n|-clearnegativeboost|p2b: Archaludon|[silent]\n|detailschange|p2a: Dragonite|Dragonite-Mega, L50, M\n|-mega|p2a: Dragonite|Dragonite|Dragoninite\n|-activate|p1b: Aggron|confusion\n|move|p1b: Aggron|Body Press|p2b: Archaludon\n|-supereffective|p2b: Archaludon|1\n|-damage|p2b: Archaludon|0 fnt\n|faint|p2b: Archaludon\n|move|p2a: Dragonite|Thunder|p1b: Aggron\n|-damage|p1b: Aggron|34/100\n|\n|-fieldend|move: Trick Room\n|upkeep\n|\n|t:|1776064632\n|switch|p2b: Palafin|Palafin-Hero, L50, M|100/100\n|-activate|p2b: Palafin|ability: Zero to Hero\n|turn|6\n|\n|t:|1776064650\n|move|p2b: Palafin|Protect|p2b: Palafin\n|-singleturn|p2b: Palafin|Protect\n|move|p2a: Dragonite|Protect|p2a: Dragonite\n|-singleturn|p2a: Dragonite|Protect\n|-activate|p1b: Aggron|confusion\n|move|p1b: Aggron|Protect|p1b: Aggron\n|-singleturn|p1b: Aggron|Protect\n|move|p1a: Incineroar|Parting Shot|p2a: Dragonite\n|-activate|p2a: Dragonite|move: Protect\n|\n|upkeep\n|turn|7\n|\n|t:|1776064665\n|switch|p1a: Farigiraf|Farigiraf, L50, F|100/100\n|switch|p1b: Sinistcha|Sinistcha, L50|100/100\n|move|p2b: Palafin|Wave Crash|p1a: Farigiraf\n|-damage|p1a: Farigiraf|17/100\n|-damage|p2b: Palafin|64/100|[from] Recoil\n|move|p2a: Dragonite|Thunder|p1b: Sinistcha|[miss]\n|-miss|p2a: Dragonite|p1b: Sinistcha\n|\n|upkeep\n|turn|8\n|\n|t:|1776064687\n|move|p1b: Sinistcha|Rage Powder|p1b: Sinistcha\n|-singleturn|p1b: Sinistcha|move: Rage Powder\n|move|p2a: Dragonite|Hurricane|p1b: Sinistcha\n|-supereffective|p1b: Sinistcha|1\n|-damage|p1b: Sinistcha|0 fnt\n|faint|p1b: Sinistcha\n|move|p2b: Palafin|Flip Turn|p1a: Farigiraf\n|-damage|p1a: Farigiraf|0 fnt\n|faint|p1a: Farigiraf\n|\n|t:|1776064696\n|switch|p2b: Pelipper|Pelipper, L50, F|84/100|[from] Flip Turn\n|\n|upkeep\n|\n|t:|1776064698\n|switch|p1b: Incineroar|Incineroar, L50, F|100/100\n|switch|p1a: Aggron|Aggron-Mega, L50, M, shiny|34/100\n|-ability|p1b: Incineroar|Intimidate|boost\n|-unboost|p2a: Dragonite|atk|1\n|-unboost|p2b: Pelipper|atk|1\n|turn|9\n|-message|Arib1906 forfeited.\n|\n|win|lerry27\n|raw|Arib1906's rating: 1150 &rarr; <strong>1119</strong><br />(-31 for losing)\n|raw|lerry27's rating: 1063 &rarr; <strong>1101</strong><br />(+38 for winning)\n|l|\u2606Arib1906\n|player|p1|\n",
  "uploadtime": 1776064716,
  "views": 20,
  "formatid": "gen9championsvgc2026regma",
  "rating": 1101,
  "private": 0,
  "password": null
}