{
  "id": "gen9championsvgc2026regma-2585722367",
  "format": "[Gen 9 Champions] VGC 2026 Reg M-A",
  "players": [
    "KingK0opa",
    "Baudry"
  ],
  "log": "|j|\u2606KingK0opa\n|j|\u2606Baudry\n|t:|1776366090\n|gametype|doubles\n|player|p1|KingK0opa|bugsy|1000\n|player|p2|Baudry|1|1018\n|gen|9\n|tier|[Gen 9 Champions] VGC 2026 Reg M-A\n|rated|\n|rule|Species Clause: Limit one of each Pok\u00e9mon\n|rule|Item Clause: Limit 1 of each item\n|clearpoke\n|poke|p1|Volcarona, L50, M|\n|poke|p1|Heracross, L50, F|\n|poke|p1|Kleavor, L50, M|\n|poke|p1|Araquanid, L50, F|\n|poke|p1|Scizor, L50, M|\n|poke|p1|Pinsir, L50, F|\n|poke|p2|Talonflame, L50, M|\n|poke|p2|Garchomp, L50, M|\n|poke|p2|Typhlosion-Hisui, L50, F|\n|poke|p2|Sneasler, L50, F|\n|poke|p2|Kangaskhan, L50, F|\n|poke|p2|Gyarados, L50, M|\n|teampreview|4\nKingK0opa rejected open team sheets.\n|inactive|Battle timer is ON: inactive players will automatically lose when time's up. (requested by KingK0opa)\n|\n|t:|1776366200\n|teamsize|p1|4\n|teamsize|p2|4\n|start\n|switch|p1a: Araquanid|Araquanid, L50, F|100/100\n|switch|p1b: Kleavor|Kleavor, L50, M|100/100\n|switch|p2a: Typhlosion|Typhlosion-Hisui, L50, F|100/100\n|switch|p2b: Kangaskhan|Kangaskhan, L50, F|100/100\n|-item|p1a: Araquanid|Sitrus Berry|[from] ability: Frisk|[of] p2a: Typhlosion\n|-item|p1b: Kleavor|Focus Sash|[from] ability: Frisk|[of] p2a: Typhlosion\n|turn|1\n|inactive|Baudry has 30 seconds left.\n|inactive|Baudry has 20 seconds left.\n|\n|t:|1776366236\n|switch|p2a: Gyarados|Gyarados, L50, M|100/100\n|-ability|p2a: Gyarados|Intimidate|boost\n|-unboost|p1a: Araquanid|atk|1\n|-unboost|p1b: Kleavor|atk|1\n|detailschange|p2b: Kangaskhan|Kangaskhan-Mega, L50, F\n|-mega|p2b: Kangaskhan|Kangaskhan|Kangaskhanite\n|move|p1a: Araquanid|Wide Guard|p1a: Araquanid\n|-singleturn|p1a: Araquanid|Wide Guard\n|move|p1b: Kleavor|Tailwind|p1b: Kleavor\n|-sidestart|p1: KingK0opa|move: Tailwind\n|move|p2b: Kangaskhan|Double-Edge|p1a: Araquanid\n|-damage|p1a: Araquanid|35/100\n|-enditem|p1a: Araquanid|Sitrus Berry|[eat]\n|-heal|p1a: Araquanid|60/100|[from] item: Sitrus Berry\n|-damage|p1a: Araquanid|46/100\n|-hitcount|p1a: Araquanid|2\n|-damage|p2b: Kangaskhan|77/100|[from] Recoil\n|\n|upkeep\n|turn|2\n|inactive|KingK0opa has 30 seconds left.\n|inactive|Baudry has 30 seconds left.\n|inactive|Baudry has 20 seconds left.\n|inactive|Baudry has 15 seconds left.\n|\n|t:|1776366279\n|move|p1b: Kleavor|Rock Slide|p2b: Kangaskhan|[spread] p2b\n|-miss|p1b: Kleavor|p2a: Gyarados\n|-damage|p2b: Kangaskhan|54/100\n|move|p2b: Kangaskhan|Double-Edge|p1a: Araquanid\n|-damage|p1a: Araquanid|0 fnt\n|faint|p1a: Araquanid\n|-hitcount|p1: Araquanid|1\n|-damage|p2b: Kangaskhan|41/100|[from] Recoil\n|move|p2a: Gyarados|Thunder Wave|p1b: Kleavor\n|-status|p1b: Kleavor|par\n|\n|upkeep\n|\n|t:|1776366295\n|switch|p1a: Pinsir|Pinsir, L50, F|100/100\n|turn|3\n|\n|t:|1776366319\n|detailschange|p1a: Pinsir|Pinsir-Mega, L50, F\n|-mega|p1a: Pinsir|Pinsir|Pinsirite\n|move|p1a: Pinsir|Body Slam|p2a: Gyarados\n|-crit|p2a: Gyarados\n|-damage|p2a: Gyarados|0 fnt\n|faint|p2a: Gyarados\n|move|p1b: Kleavor|Close Combat|p2b: Kangaskhan\n|-supereffective|p2b: Kangaskhan|1\n|-damage|p2b: Kangaskhan|0 fnt\n|-unboost|p1b: Kleavor|def|1\n|-unboost|p1b: Kleavor|spd|1\n|faint|p2b: Kangaskhan\n|\n|upkeep\n|\n|t:|1776366332\n|switch|p2b: Typhlosion|Typhlosion-Hisui, L50, F|100/100\n|switch|p2a: Talonflame|Talonflame, L50, M|100/100\n|-item|p1a: Pinsir|Pinsirite|[from] ability: Frisk|[of] p2b: Typhlosion\n|-item|p1b: Kleavor|Focus Sash|[from] ability: Frisk|[of] p2b: Typhlosion\n|turn|4\n|\n|t:|1776366353\n|move|p2a: Talonflame|Tailwind|p2a: Talonflame\n|-sidestart|p2: Baudry|move: Tailwind\n|move|p2b: Typhlosion|Eruption|p1b: Kleavor|[spread] p1a,p1b\n|-supereffective|p1a: Pinsir|1\n|-crit|p1b: Kleavor\n|-damage|p1a: Pinsir|0 fnt\n|-enditem|p1b: Kleavor|Focus Sash\n|-damage|p1b: Kleavor|1/100 par\n|faint|p1a: Pinsir\n|move|p1b: Kleavor|Rock Slide|p2b: Typhlosion|[spread] p2a,p2b\n|-supereffective|p2a: Talonflame|2\n|-crit|p2a: Talonflame\n|-supereffective|p2b: Typhlosion|1\n|-damage|p2a: Talonflame|0 fnt\n|-damage|p2b: Typhlosion|19/100\n|faint|p2a: Talonflame\n|\n|-sideend|p1: KingK0opa|move: Tailwind\n|upkeep\n|\n|t:|1776366367\n|switch|p1a: Scizor|Scizor, L50, M|100/100\n|turn|5\n|\n|t:|1776366381\n|move|p1a: Scizor|Bullet Punch|p2b: Typhlosion\n|-resisted|p2b: Typhlosion|1\n|-damage|p2b: Typhlosion|0 fnt\n|faint|p2b: Typhlosion\n|\n|win|KingK0opa\n|raw|KingK0opa's rating: 1000 &rarr; <strong>1042</strong><br />(+42 for winning)\n|raw|Baudry's rating: 1018 &rarr; <strong>1005</strong><br />(-13 for losing)\n|c|\u2606KingK0opa|gg wp\n",
  "uploadtime": 1776366392,
  "views": 30,
  "formatid": "gen9championsvgc2026regma",
  "rating": 1005,
  "private": 0,
  "password": null
}