{
  "id": "gen9championsvgc2026regma-2585771016",
  "format": "[Gen 9 Champions] VGC 2026 Reg M-A",
  "players": [
    "Lenny Simpsons",
    "LordBuddington"
  ],
  "log": "|j|\u2606Lenny Simpsons\n|j|\u2606LordBuddington\n|t:|1776369449\n|gametype|doubles\n|player|p1|Lenny Simpsons|morty|1126\n|player|p2|LordBuddington|1|1087\n|gen|9\n|tier|[Gen 9 Champions] VGC 2026 Reg M-A\n|rated|\n|rule|Species Clause: Limit one of each Pok\u00e9mon\n|rule|Item Clause: Limit 1 of each item\n|clearpoke\n|poke|p1|Pinsir, L50, M|\n|poke|p1|Garchomp, L50, M|\n|poke|p1|Rotom-Wash, L50|\n|poke|p1|Typhlosion-Hisui, L50, M|\n|poke|p1|Sneasler, L50, F|\n|poke|p1|Bastiodon, L50, F|\n|poke|p2|Delphox, L50, M|\n|poke|p2|Garchomp, L50, M|\n|poke|p2|Meowstic, L50, M|\n|poke|p2|Tyranitar, L50, M|\n|poke|p2|Orthworm, L50, F|\n|poke|p2|Whimsicott, L50, M|\n|teampreview|4\n|inactive|Battle timer is ON: inactive players will automatically lose when time's up. (requested by LordBuddington)\n|inactive|Lenny Simpsons has 60 seconds left.\n|inactive|LordBuddington has 60 seconds left.\n|\n|t:|1776369488\n|teamsize|p1|4\n|teamsize|p2|4\n|start\n|switch|p1a: Rotom|Rotom-Wash, L50|100/100\n|switch|p1b: Bastiodon|Bastiodon, L50, F|100/100\n|switch|p2a: Orthworm|Orthworm, L50, F|100/100\n|switch|p2b: Garchomp|Garchomp, L50, M|100/100\n|turn|1\n|\n|t:|1776369504\n|move|p1b: Bastiodon|Wide Guard|p1b: Bastiodon\n|-singleturn|p1b: Bastiodon|Wide Guard\n|move|p2b: Garchomp|Earthquake|p1a: Rotom|[spread] \n|-activate|p1a: Rotom|move: Wide Guard\n|-activate|p1b: Bastiodon|move: Wide Guard\n|-immune|p2a: Orthworm|[from] ability: Earth Eater\n|move|p1a: Rotom|Hydro Pump|p2a: Orthworm\n|-damage|p2a: Orthworm|55/100\n|move|p2a: Orthworm|Iron Defense|p2a: Orthworm\n|-boost|p2a: Orthworm|def|2\n|\n|upkeep\n|turn|2\n|\n|t:|1776369521\n|move|p1b: Bastiodon|Wide Guard|p1b: Bastiodon\n|-singleturn|p1b: Bastiodon|Wide Guard\n|move|p2b: Garchomp|Earthquake|p1b: Bastiodon|[spread] \n|-activate|p1a: Rotom|move: Wide Guard\n|-activate|p1b: Bastiodon|move: Wide Guard\n|-heal|p2a: Orthworm|80/100|[from] ability: Earth Eater|[of] p2b: Garchomp\n|move|p1a: Rotom|Hydro Pump|p2a: Orthworm\n|-damage|p2a: Orthworm|28/100\n|-enditem|p2a: Orthworm|Sitrus Berry|[eat]\n|-heal|p2a: Orthworm|53/100|[from] item: Sitrus Berry\n|move|p2a: Orthworm|Body Press|p1a: Rotom\n|-damage|p1a: Rotom|38/100\n|-enditem|p1a: Rotom|Sitrus Berry|[eat]\n|-heal|p1a: Rotom|63/100|[from] item: Sitrus Berry\n|\n|upkeep\n|turn|3\n|\n|t:|1776369543\n|move|p1b: Bastiodon|Wide Guard|p1b: Bastiodon\n|-singleturn|p1b: Bastiodon|Wide Guard\n|move|p2b: Garchomp|Earthquake|p1a: Rotom|[spread] \n|-activate|p1a: Rotom|move: Wide Guard\n|-activate|p1b: Bastiodon|move: Wide Guard\n|-heal|p2a: Orthworm|78/100|[from] ability: Earth Eater|[of] p2b: Garchomp\n|move|p1a: Rotom|Hydro Pump|p2a: Orthworm\n|-damage|p2a: Orthworm|33/100\n|move|p2a: Orthworm|Body Press|p1a: Rotom\n|-damage|p1a: Rotom|0 fnt\n|faint|p1a: Rotom\n|\n|upkeep\n|\n|t:|1776369558\n|switch|p1a: Pinsir|Pinsir, L50, M|100/100\n|turn|4\n|\n|t:|1776369565\n|detailschange|p1a: Pinsir|Pinsir-Mega, L50, M\n|-mega|p1a: Pinsir|Pinsir|Pinsirite\n|move|p1b: Bastiodon|Wide Guard|p1b: Bastiodon\n|-singleturn|p1b: Bastiodon|Wide Guard\n|move|p1a: Pinsir|Close Combat|p2a: Orthworm\n|-supereffective|p2a: Orthworm|1\n|-damage|p2a: Orthworm|3/100\n|-unboost|p1a: Pinsir|def|1\n|-unboost|p1a: Pinsir|spd|1\n|move|p2b: Garchomp|Earthquake|p1a: Pinsir|[spread] \n|-activate|p1a: Pinsir|move: Wide Guard\n|-activate|p1b: Bastiodon|move: Wide Guard\n|-heal|p2a: Orthworm|28/100|[from] ability: Earth Eater|[of] p2b: Garchomp\n|move|p2a: Orthworm|Iron Defense|p2a: Orthworm\n|-boost|p2a: Orthworm|def|2\n|\n|upkeep\n|turn|5\n|inactive|Lenny Simpsons has 30 seconds left.\n|\n|t:|1776369593\n|move|p1b: Bastiodon|Wide Guard|p1b: Bastiodon\n|-singleturn|p1b: Bastiodon|Wide Guard\n|move|p1a: Pinsir|Close Combat|p2a: Orthworm\n|-supereffective|p2a: Orthworm|1\n|-damage|p2a: Orthworm|6/100\n|-unboost|p1a: Pinsir|def|1\n|-unboost|p1a: Pinsir|spd|1\n|move|p2b: Garchomp|Earthquake|p1a: Pinsir|[spread] \n|-activate|p1a: Pinsir|move: Wide Guard\n|-activate|p1b: Bastiodon|move: Wide Guard\n|-heal|p2a: Orthworm|31/100|[from] ability: Earth Eater|[of] p2b: Garchomp\n|move|p2a: Orthworm|Iron Defense|p2a: Orthworm\n|-boost|p2a: Orthworm|def|2\n|\n|upkeep\n|turn|6\n|\n|t:|1776369610\n|switch|p1a: Garchomp|Garchomp, L50, M|100/100\n|move|p2b: Garchomp|Earthquake|p1a: Garchomp|[spread] p1a,p1b\n|-heal|p2a: Orthworm|56/100|[from] ability: Earth Eater|[of] p2b: Garchomp\n|-supereffective|p1b: Bastiodon|2\n|-damage|p1a: Garchomp|55/100\n|-damage|p1b: Bastiodon|0 fnt\n|faint|p1b: Bastiodon\n|move|p2a: Orthworm|Body Press|p1a: Garchomp\n|-damage|p1a: Garchomp|0 fnt\n|-damage|p2a: Orthworm|43/100|[from] ability: Rough Skin|[of] p1a: Garchomp\n|faint|p1a: Garchomp\n|\n|upkeep\n|-message|Lenny Simpsons forfeited.\n|\n|win|LordBuddington\n|raw|Lenny Simpsons's rating: 1126 &rarr; <strong>1098</strong><br />(-28 for losing)\n|raw|LordBuddington's rating: 1087 &rarr; <strong>1117</strong><br />(+30 for winning)\n|l|\u2606Lenny Simpsons\n|player|p1|\n",
  "uploadtime": 1776369624,
  "views": 18,
  "formatid": "gen9championsvgc2026regma",
  "rating": 1098,
  "private": 0,
  "password": null
}