{
  "id": "gen9championsvgc2026regma-2580556061",
  "format": "[Gen 9 Champions] VGC 2026 Reg M-A",
  "players": [
    "Raynobi",
    "Grandpa Seedot VGC"
  ],
  "log": "|j|\u2606Raynobi\n|j|\u2606Grandpa Seedot VGC\n|html|<table width=\"100%\"><tr><td align=\"left\">Raynobi</td><td align=\"right\">Grandpa Seedot VGC</tr><tr><td align=\"left\"><i class=\"fa fa-circle-o\"></i> <i class=\"fa fa-circle-o\"></i> </td><td align=\"right\"><i class=\"fa fa-circle-o\"></i> <i class=\"fa fa-circle-o\"></i> </tr></table>\n|uhtml|bestof|<h2><strong>Game 1</strong> of <a href=\"/game-bestof3-gen9championsvgc2026regma-2580556060\">a best-of-3</a></h2>\n|t:|1775912454\n|gametype|doubles\n|player|p1|Raynobi|red|\n|player|p2|Grandpa Seedot VGC|brycenman|\n|gen|9\n|tier|[Gen 9 Champions] VGC 2026 Reg M-A\n|rated|Tournament battle\n|rule|Species Clause: Limit one of each Pok\u00e9mon\n|rule|Item Clause: Limit 1 of each item\n|raw|<div class=\"infobox\"><details class=\"readmore\" open><summary><strong>2 custom rules:</strong></summary> Force Open Team Sheets, Best of = 3</details></div>\n|clearpoke\n|poke|p1|Tyranitar, L50, F|\n|poke|p1|Sneasler, L50, M|\n|poke|p1|Milotic, L50, M|\n|poke|p1|Sinistcha-Masterpiece, L50|\n|poke|p1|Excadrill, L50, F|\n|poke|p1|Rotom-Heat, L50|\n|poke|p2|Starmie, L50|\n|poke|p2|Pelipper, L50, M|\n|poke|p2|Archaludon, L50, M|\n|poke|p2|Whimsicott, L50, M|\n|poke|p2|Sneasler, L50, M|\n|poke|p2|Maushold, L50|\n|teampreview|4\n|showteam|p1|Tyranitar||Tyranitarite|SandStream|RockSlide,KnockOff,DragonDance,Protect|||F|||50|]Sneasler||WhiteHerb|Unburden|DireClaw,CloseCombat,FakeOut,Coaching|||M|||50|]Milotic||Leftovers|Competitive|Scald,IcyWind,Recover,Protect|||M|||50|]Sinistcha-Masterpiece||SitrusBerry|Hospitality|MatchaGotcha,RagePowder,LifeDew,TrickRoom||||||50|]Excadrill||FocusSash|SandRush|Earthquake,HighHorsepower,IronHead,Protect|||F|||50|]Rotom-Heat||ChestoBerry|Levitate|Overheat,Thunderbolt,WillOWisp,Protect||||||50|\n|showteam|p2|Starmie||Starminite|Illuminate|Liquidation,PsychoCut,Protect,FlipTurn||||||50|]Pelipper||FocusSash|Drizzle|WeatherBall,Hurricane,Tailwind,Protect|||M|||50|]Archaludon||Leftovers|Stamina|ElectroShot,FlashCannon,DragonPulse,Protect|||M|||50|]Whimsicott||BrightPowder|Prankster|Tailwind,Moonblast,Encore,Protect|||M|||50|]Sneasler||WhiteHerb|Unburden|DireClaw,CloseCombat,Protect,FakeOut|||M|||50|]Maushold||SitrusBerry|FriendGuard|PopulationBomb,FollowMe,Protect,Encore||||||50|\n|inactive|Battle timer is ON: inactive players will automatically lose when time's up. (requested by Grandpa Seedot VGC)\nGrandpa Seedot VGC has agreed to open team sheets.\n|\n|t:|1775912476\n|teamsize|p1|4\n|teamsize|p2|4\n|start\n|switch|p1a: Sneasler|Sneasler, L50, M|100/100\n|switch|p1b: Milotic|Milotic, L50, M|100/100\n|switch|p2a: Starmie|Starmie, L50|100/100\n|switch|p2b: Sneasler|Sneasler, L50, M|100/100\n|turn|1\n|j| wagie get in cagie\n|\n|t:|1775912494\n|detailschange|p2a: Starmie|Starmie-Mega, L50\n|-mega|p2a: Starmie|Starmie|Starminite\n|move|p1a: Sneasler|Fake Out|p2a: Starmie\n|-damage|p2a: Starmie|84/100\n|move|p2b: Sneasler|Fake Out|p1a: Sneasler\n|-damage|p1a: Sneasler|75/100\n|cant|p2a: Starmie|flinch\n|move|p1b: Milotic|Icy Wind|p2b: Sneasler|[spread] p2a,p2b\n|-resisted|p2a: Starmie|1\n|-damage|p2a: Starmie|79/100\n|-damage|p2b: Sneasler|86/100\n|-unboost|p2a: Starmie|spe|1\n|-unboost|p2b: Sneasler|spe|1\n|-enditem|p2b: Sneasler|White Herb\n|-clearnegativeboost|p2b: Sneasler|[silent]\n|\n|upkeep\n|turn|2\n|\n|t:|1775912516\n|switch|p2a: Archaludon|Archaludon, L50, M|100/100\n|move|p2b: Sneasler|Close Combat|p1a: Sneasler\n|-resisted|p1a: Sneasler|1\n|-damage|p1a: Sneasler|18/100\n|-unboost|p2b: Sneasler|def|1\n|-unboost|p2b: Sneasler|spd|1\n|move|p1a: Sneasler|Dire Claw|p2a: Archaludon\n|-immune|p2a: Archaludon\n|move|p1b: Milotic|Icy Wind|p2a: Archaludon|[spread] p2a,p2b\n|-damage|p2a: Archaludon|91/100\n|-damage|p2b: Sneasler|68/100\n|-unboost|p2a: Archaludon|spe|1\n|-unboost|p2b: Sneasler|spe|1\n|-ability|p2a: Archaludon|Stamina|boost\n|-boost|p2a: Archaludon|def|1\n|\n|-heal|p2a: Archaludon|97/100|[from] item: Leftovers\n|upkeep\n|turn|3\n|\n|t:|1775912539\n|move|p2b: Sneasler|Dire Claw|p1a: Sneasler\n|-resisted|p1a: Sneasler|1\n|-damage|p1a: Sneasler|0 fnt\n|faint|p1a: Sneasler\n|move|p1b: Milotic|Icy Wind|p2b: Sneasler|[spread] p2a,p2b\n|-crit|p2a: Archaludon\n|-damage|p2a: Archaludon|81/100\n|-damage|p2b: Sneasler|48/100\n|-unboost|p2a: Archaludon|spe|1\n|-unboost|p2b: Sneasler|spe|1\n|-ability|p2a: Archaludon|Stamina|boost\n|-boost|p2a: Archaludon|def|1\n|move|p2a: Archaludon|Dragon Pulse|p1b: Milotic\n|-damage|p1b: Milotic|68/100\n|\n|-heal|p1b: Milotic|74/100|[from] item: Leftovers\n|-heal|p2a: Archaludon|87/100|[from] item: Leftovers\n|upkeep\n|j| psychic system\n|\n|t:|1775912551\n|switch|p1a: Sinistcha|Sinistcha-Masterpiece, L50|100/100\n|-heal|p1b: Milotic|99/100|[from] ability: Hospitality|[of] p1a: Sinistcha\n|turn|4\n|l| wagie get in cagie\n|\n|t:|1775912567\n|switch|p2b: Pelipper|Pelipper, L50, M|100/100\n|-weather|RainDance|[from] ability: Drizzle|[of] p2b: Pelipper\n|move|p1a: Sinistcha|Rage Powder|p1a: Sinistcha\n|-singleturn|p1a: Sinistcha|move: Rage Powder\n|move|p1b: Milotic|Icy Wind|p2b: Pelipper|[spread] p2a,p2b\n|-crit|p2b: Pelipper\n|-damage|p2a: Archaludon|76/100\n|-damage|p2b: Pelipper|76/100\n|-unboost|p2a: Archaludon|spe|1\n|-unboost|p2b: Pelipper|spe|1\n|-ability|p2a: Archaludon|Stamina|boost\n|-boost|p2a: Archaludon|def|1\n|move|p2a: Archaludon|Electro Shot||[still]\n|-prepare|p2a: Archaludon|Electro Shot\n|-boost|p2a: Archaludon|spa|1\n|-anim|p2a: Archaludon|Electro Shot|p1a: Sinistcha\n|-resisted|p1a: Sinistcha|1\n|-damage|p1a: Sinistcha|61/100\n|\n|-weather|RainDance|[upkeep]\n|-heal|p1b: Milotic|100/100|[from] item: Leftovers\n|-heal|p2a: Archaludon|82/100|[from] item: Leftovers\n|upkeep\n|turn|5\n|j| josepromanu\n|\n|t:|1775912587\n|switch|p1a: Tyranitar|Tyranitar, L50, F|100/100\n|-weather|Sandstorm|[from] ability: Sand Stream|[of] p1a: Tyranitar\n|move|p1b: Milotic|Icy Wind|p2b: Pelipper|[spread] p2a,p2b\n|-damage|p2a: Archaludon|72/100\n|-damage|p2b: Pelipper|57/100\n|-unboost|p2a: Archaludon|spe|1\n|-unboost|p2b: Pelipper|spe|1\n|-ability|p2a: Archaludon|Stamina|boost\n|-boost|p2a: Archaludon|def|1\n|move|p2b: Pelipper|Hurricane|p1a: Tyranitar|[miss]\n|-miss|p2b: Pelipper|p1a: Tyranitar\n|move|p2a: Archaludon|Dragon Pulse|p1b: Milotic\n|-damage|p1b: Milotic|54/100\n|\n|-weather|Sandstorm|[upkeep]\n|-damage|p1b: Milotic|48/100|[from] Sandstorm\n|-damage|p2b: Pelipper|52/100|[from] Sandstorm\n|-heal|p1b: Milotic|54/100|[from] item: Leftovers\n|-heal|p2a: Archaludon|78/100|[from] item: Leftovers\n|upkeep\n|turn|6\n|l| josepromanu\n|\n|t:|1775912608\n|switch|p2b: Sneasler|Sneasler, L50, M|48/100\n|move|p1b: Milotic|Recover|p1b: Milotic\n|-heal|p1b: Milotic|100/100\n|move|p1a: Tyranitar|Rock Slide|p2b: Sneasler|[spread] p2a,p2b\n|-resisted|p2a: Archaludon|1\n|-resisted|p2b: Sneasler|1\n|-damage|p2a: Archaludon|75/100\n|-damage|p2b: Sneasler|22/100\n|-ability|p2a: Archaludon|Stamina|boost\n|-boost|p2a: Archaludon|def|1\n|move|p2a: Archaludon|Flash Cannon|p1a: Tyranitar\n|-supereffective|p1a: Tyranitar|1\n|-damage|p1a: Tyranitar|36/100\n|\n|-weather|Sandstorm|[upkeep]\n|-damage|p2b: Sneasler|16/100|[from] Sandstorm\n|-damage|p1b: Milotic|95/100|[from] Sandstorm\n|-heal|p1b: Milotic|100/100|[from] item: Leftovers\n|-heal|p2a: Archaludon|81/100|[from] item: Leftovers\n|upkeep\n|turn|7\n|\n|t:|1775912625\n|switch|p2b: Pelipper|Pelipper, L50, M|52/100\n|-weather|RainDance|[from] ability: Drizzle|[of] p2b: Pelipper\n|move|p1a: Tyranitar|Protect|p1a: Tyranitar\n|-singleturn|p1a: Tyranitar|Protect\n|move|p1b: Milotic|Icy Wind|p2a: Archaludon|[spread] p2a,p2b\n|-damage|p2a: Archaludon|71/100\n|-damage|p2b: Pelipper|34/100\n|-unboost|p2a: Archaludon|spe|1\n|-unboost|p2b: Pelipper|spe|1\n|-ability|p2a: Archaludon|Stamina|boost\n|-boost|p2a: Archaludon|def|1\n|move|p2a: Archaludon|Electro Shot||[still]\n|-prepare|p2a: Archaludon|Electro Shot\n|-boost|p2a: Archaludon|spa|1\n|-anim|p2a: Archaludon|Electro Shot|p1b: Milotic\n|-supereffective|p1b: Milotic|1\n|-damage|p1b: Milotic|0 fnt\n|faint|p1b: Milotic\n|\n|-weather|RainDance|[upkeep]\n|-heal|p2a: Archaludon|77/100|[from] item: Leftovers\n|upkeep\n|\n|t:|1775912641\n|switch|p1b: Sinistcha|Sinistcha-Masterpiece, L50|61/100\n|-heal|p1a: Tyranitar|60/100|[from] ability: Hospitality|[of] p1b: Sinistcha\n|turn|8\n|\n|t:|1775912655\n|detailschange|p1a: Tyranitar|Tyranitar-Mega, L50, F\n|-mega|p1a: Tyranitar|Tyranitar|Tyranitarite\n|-weather|Sandstorm|[from] ability: Sand Stream|[of] p1a: Tyranitar\n|move|p1b: Sinistcha|Rage Powder|p1b: Sinistcha\n|-singleturn|p1b: Sinistcha|move: Rage Powder\n|move|p1a: Tyranitar|Rock Slide|p2b: Pelipper|[spread] p2a,p2b\n|-resisted|p2a: Archaludon|1\n|-supereffective|p2b: Pelipper|1\n|-damage|p2a: Archaludon|74/100\n|-damage|p2b: Pelipper|0 fnt\n|faint|p2b: Pelipper\n|cant|p2a: Archaludon|flinch\n|\n|-weather|Sandstorm|[upkeep]\n|-damage|p1b: Sinistcha|55/100|[from] Sandstorm\n|-heal|p2a: Archaludon|80/100|[from] item: Leftovers\n|upkeep\n|\n|t:|1775912670\n|switch|p2b: Starmie|Starmie-Mega, L50|79/100\n|turn|9\n|\n|t:|1775912687\n|move|p1a: Tyranitar|Protect|p1a: Tyranitar\n|-singleturn|p1a: Tyranitar|Protect\n|move|p2b: Starmie|Psycho Cut|p1b: Sinistcha\n|-damage|p1b: Sinistcha|0 fnt\n|faint|p1b: Sinistcha\n|move|p2a: Archaludon|Flash Cannon|p1a: Tyranitar\n|-activate|p1a: Tyranitar|move: Protect\n|\n|-weather|Sandstorm|[upkeep]\n|-damage|p2b: Starmie|73/100|[from] Sandstorm\n|-heal|p2a: Archaludon|86/100|[from] item: Leftovers\n|upkeep\n|turn|10\n|\n|t:|1775912696\n|move|p2b: Starmie|Liquidation|p1a: Tyranitar\n|-supereffective|p1a: Tyranitar|1\n|-crit|p1a: Tyranitar\n|-damage|p1a: Tyranitar|0 fnt\n|faint|p1a: Tyranitar\n|\n|win|Grandpa Seedot VGC\n||Raynobi is ready for game 2.\n|l|\u2606Raynobi\n|player|p1|\n||Grandpa Seedot VGC is ready for game 2.\n|uhtml|next|Next: <a href=\"/battle-gen9championsvgc2026regma-2580558379\"><strong>Game 2 of 3</strong></a>\n",
  "uploadtime": 1775912700,
  "views": 19,
  "formatid": "gen9championsvgc2026regma",
  "rating": null,
  "private": 0,
  "password": null
}