{
  "id": "gen9championsvgc2026regma-2584991465",
  "format": "[Gen 9 Champions] VGC 2026 Reg M-A",
  "players": [
    "doodle0205",
    "DGENERAT"
  ],
  "log": "|j|\u2606doodle0205\n|j|\u2606DGENERAT\n|t:|1776301275\n|gametype|doubles\n|player|p1|doodle0205|2|1178\n|player|p2|DGENERAT|guzma|1180\n|gen|9\n|tier|[Gen 9 Champions] VGC 2026 Reg M-A\n|rated|\n|rule|Species Clause: Limit one of each Pok\u00e9mon\n|rule|Item Clause: Limit 1 of each item\n|clearpoke\n|poke|p1|Froslass, L50, F|\n|poke|p1|Rotom-Frost, L50|\n|poke|p1|Garchomp, L50, F|\n|poke|p1|Incineroar, L50, M|\n|poke|p1|Empoleon, L50, M|\n|poke|p1|Kingambit, L50, M|\n|poke|p2|Hawlucha, L50, M|\n|poke|p2|Snorlax, L50, F|\n|poke|p2|Sinistcha-Masterpiece, L50|\n|poke|p2|Aerodactyl, L50, M|\n|poke|p2|Floette-Eternal, L50, F|\n|poke|p2|Incineroar, L50, F|\n|teampreview|4\n|inactive|Battle timer is ON: inactive players will automatically lose when time's up. (requested by doodle0205)\ndoodle0205 rejected open team sheets.\n|inactive|DGENERAT has 60 seconds left.\n|\n|t:|1776301314\n|teamsize|p1|4\n|teamsize|p2|4\n|start\n|switch|p1a: Rotom|Rotom-Frost, L50|100/100\n|switch|p1b: Garchomp|Garchomp, L50, F|100/100\n|switch|p2a: Aerodactyl|Aerodactyl, L50, M, shiny|100/100\n|switch|p2b: Snorlax|Snorlax, L50, F|100/100\n|-ability|p2a: Aerodactyl|Unnerve\n|turn|1\n|inactive|doodle0205 has 30 seconds left.\n|inactive|doodle0205 has 20 seconds left.\n|inactive|doodle0205 has 15 seconds left.\n|\n|t:|1776301354\n|move|p1a: Rotom|Electroweb|p2b: Snorlax|[spread] p2a,p2b\n|-supereffective|p2a: Aerodactyl|1\n|-damage|p2a: Aerodactyl|45/100\n|-damage|p2b: Snorlax|88/100\n|-unboost|p2a: Aerodactyl|spe|1\n|-unboost|p2b: Snorlax|spe|1\n|move|p1b: Garchomp|Rock Slide|p2b: Snorlax|[spread] p2a\n|-miss|p1b: Garchomp|p2b: Snorlax\n|-supereffective|p2a: Aerodactyl|1\n|-damage|p2a: Aerodactyl|0 fnt\n|faint|p2a: Aerodactyl\n|move|p2b: Snorlax|Yawn|p1a: Rotom\n|-start|p1a: Rotom|move: Yawn|[of] p2b: Snorlax\n|\n|-heal|p2b: Snorlax|94/100|[from] item: Leftovers\n|upkeep\n|\n|t:|1776301362\n|switch|p2a: Hawlucha|Hawlucha, L50, M, shiny|100/100\n|turn|2\n|\n|t:|1776301369\n|detailschange|p2a: Hawlucha|Hawlucha-Mega, L50, M, shiny\n|-mega|p2a: Hawlucha|Hawlucha|Hawluchanite\n|move|p1a: Rotom|Electroweb|p2a: Hawlucha|[spread] p2a,p2b\n|-supereffective|p2a: Hawlucha|1\n|-damage|p2a: Hawlucha|66/100\n|-damage|p2b: Snorlax|82/100\n|-unboost|p2a: Hawlucha|spe|1\n|-unboost|p2b: Snorlax|spe|1\n|move|p1b: Garchomp|Dragon Claw|p2a: Hawlucha\n|-damage|p2a: Hawlucha|23/100\n|move|p2a: Hawlucha|Entrainment|p2b: Snorlax\n|-ability|p2b: Snorlax|No Guard|Thick Fat|[from] move: Entrainment|[of] p2a: Hawlucha\n|move|p2b: Snorlax|Fissure|p1b: Garchomp\n|-damage|p1b: Garchomp|0 fnt\n|faint|p1b: Garchomp\n|-ohko\n|\n|-heal|p2b: Snorlax|88/100|[from] item: Leftovers\n|-end|p1a: Rotom|move: Yawn|[silent]\n|-status|p1a: Rotom|slp\n|upkeep\n|\n|t:|1776301381\n|switch|p1b: Kingambit|Kingambit, L50, M|100/100\n|turn|3\n|\n|t:|1776301396\n|move|p2b: Snorlax|Protect|p2b: Snorlax\n|-singleturn|p2b: Snorlax|Protect\n|cant|p1a: Rotom|slp\n|move|p2a: Hawlucha|Close Combat|p1b: Kingambit\n|-supereffective|p1b: Kingambit|2\n|-enditem|p1b: Kingambit|Focus Sash\n|-damage|p1b: Kingambit|1/100\n|-unboost|p2a: Hawlucha|def|1\n|-unboost|p2a: Hawlucha|spd|1\n|move|p1b: Kingambit|Low Kick|p2b: Snorlax\n|-activate|p2b: Snorlax|move: Protect\n|\n|-heal|p2b: Snorlax|94/100|[from] item: Leftovers\n|upkeep\n|turn|4\n|\n|t:|1776301413\n|move|p1b: Kingambit|Sucker Punch|p2a: Hawlucha\n|-resisted|p2a: Hawlucha|1\n|-damage|p2a: Hawlucha|0 fnt\n|faint|p2a: Hawlucha\n|cant|p1a: Rotom|slp\n|move|p2b: Snorlax|Fissure|p1b: Kingambit\n|-damage|p1b: Kingambit|0 fnt\n|faint|p1b: Kingambit\n|-ohko\n|\n|-heal|p2b: Snorlax|100/100|[from] item: Leftovers\n|upkeep\n|\n|t:|1776301416\n|switch|p2a: Sinistcha|Sinistcha-Masterpiece, L50, shiny|100/100\n|switch|p1b: Empoleon|Empoleon, L50, M|100/100\n|turn|5\n|-message|doodle0205 forfeited.\n|\n|win|DGENERAT\n|raw|doodle0205's rating: 1178 &rarr; <strong>1155</strong><br />(-23 for losing)\n|raw|DGENERAT's rating: 1203 &rarr; <strong>1226</strong><br />(+23 for winning)\n|l|\u2606doodle0205\n|player|p1|\n",
  "uploadtime": 1776301429,
  "views": 30,
  "formatid": "gen9championsvgc2026regma",
  "rating": 1155,
  "private": 0,
  "password": null
}