{
  "id": "gen9championsvgc2026regma-2582706438",
  "format": "[Gen 9 Champions] VGC 2026 Reg M-A",
  "players": [
    "debouls",
    "jakehus8"
  ],
  "log": "|j|\u2606debouls\n|j|\u2606jakehus8\n|t:|1776108574\n|gametype|doubles\n|player|p1|debouls|1|1209\n|player|p2|jakehus8|sabrina-lgpe|1241\n|gen|9\n|tier|[Gen 9 Champions] VGC 2026 Reg M-A\n|rated|\n|rule|Species Clause: Limit one of each Pok\u00e9mon\n|rule|Item Clause: Limit 1 of each item\n|clearpoke\n|poke|p1|Arcanine, L50, F|\n|poke|p1|Rotom-Wash, L50|\n|poke|p1|Garchomp, L50, F|\n|poke|p1|Venusaur, L50, M|\n|poke|p1|Corviknight, L50, F|\n|poke|p1|Sneasler, L50, M|\n|poke|p2|Primarina, L50, F|\n|poke|p2|Aerodactyl, L50, M|\n|poke|p2|Scovillain, L50, M|\n|poke|p2|Sneasler, L50, F|\n|poke|p2|Sinistcha, L50|\n|poke|p2|Torkoal, L50, M|\n|teampreview|4\n|inactive|Battle timer is ON: inactive players will automatically lose when time's up. (requested by jakehus8)\n|\n|t:|1776108599\n|teamsize|p1|4\n|teamsize|p2|4\n|start\n|switch|p1a: Rotom|Rotom-Wash, L50|100/100\n|switch|p1b: Garchomp|Garchomp, L50, F|100/100\n|switch|p2a: Primarina|Primarina, L50, F|100/100\n|switch|p2b: Scovillain|Scovillain, L50, M|100/100\n|turn|1\n|inactive|jakehus8 has 30 seconds left.\n|\n|t:|1776108624\n|detailschange|p2b: Scovillain|Scovillain-Mega, L50, M\n|-mega|p2b: Scovillain|Scovillain|Scovillainite\n|move|p2b: Scovillain|Rage Powder|p2b: Scovillain\n|-singleturn|p2b: Scovillain|move: Rage Powder\n|move|p1a: Rotom|Discharge|p2b: Scovillain|[spread] p2a,p2b\n|-immune|p1b: Garchomp\n|-supereffective|p2a: Primarina|1\n|-crit|p2a: Primarina\n|-resisted|p2b: Scovillain|1\n|-damage|p2a: Primarina|25/100\n|-damage|p2b: Scovillain|85/100\n|-status|p2a: Primarina|par\n|-status|p1a: Rotom|brn|[from] ability: Spicy Spray|[of] p2b: Scovillain\n|move|p1b: Garchomp|Earthquake|p2b: Scovillain|[spread] p2a,p2b\n|-immune|p1a: Rotom|[from] ability: Levitate\n|-damage|p2a: Primarina|0 fnt\n|-damage|p2b: Scovillain|49/100\n|-status|p1b: Garchomp|brn|[from] ability: Spicy Spray|[of] p2b: Scovillain\n|faint|p2a: Primarina\n|\n|-damage|p1a: Rotom|95/100 brn|[from] brn\n|-damage|p1b: Garchomp|95/100 brn|[from] brn\n|upkeep\n|\n|t:|1776108645\n|switch|p2a: Sneasler|Sneasler, L50, F|100/100\n|turn|2\n|\n|t:|1776108664\n|move|p2a: Sneasler|Fake Out|p1b: Garchomp\n|-damage|p1b: Garchomp|80/100 brn\n|-damage|p2a: Sneasler|88/100|[from] ability: Rough Skin|[of] p1b: Garchomp\n|move|p1a: Rotom|Discharge|p2b: Scovillain|[spread] p2a,p2b\n|-immune|p1b: Garchomp\n|-crit|p2a: Sneasler\n|-resisted|p2b: Scovillain|1\n|-damage|p2a: Sneasler|30/100\n|-damage|p2b: Scovillain|35/100\n|cant|p1b: Garchomp|flinch\n|move|p2b: Scovillain|Leech Seed|p1b: Garchomp\n|-start|p1b: Garchomp|move: Leech Seed\n|\n|-damage|p1b: Garchomp|68/100 brn|[from] Leech Seed|[of] p2b: Scovillain\n|-heal|p2b: Scovillain|49/100|[silent]\n|-damage|p1a: Rotom|89/100 brn|[from] brn\n|-damage|p1b: Garchomp|62/100 brn|[from] brn\n|upkeep\n|turn|3\n|\n|t:|1776108685\n|switch|p1a: Venusaur|Venusaur, L50, M|100/100\n|switch|p1b: Arcanine|Arcanine, L50, F|100/100\n|-ability|p1b: Arcanine|Intimidate|boost\n|-unboost|p2a: Sneasler|atk|1\n|-unboost|p2b: Scovillain|atk|1\n|-enditem|p2a: Sneasler|White Herb\n|-clearnegativeboost|p2a: Sneasler|[silent]\n|move|p2a: Sneasler|Protect|p2a: Sneasler\n|-singleturn|p2a: Sneasler|Protect\n|move|p2b: Scovillain|Protect||[still]\n|-fail|p2b: Scovillain\n|\n|upkeep\n|turn|4\n|inactive|debouls has 30 seconds left.\n|inactive|jakehus8 has 30 seconds left.\n|\n|t:|1776108712\n|detailschange|p1a: Venusaur|Venusaur-Mega, L50, M\n|-mega|p1a: Venusaur|Venusaur|Venusaurite\n|move|p2b: Scovillain|Rage Powder|p2b: Scovillain\n|-singleturn|p2b: Scovillain|move: Rage Powder\n|move|p2a: Sneasler|Dire Claw|p1b: Arcanine\n|-damage|p1b: Arcanine|58/100\n|move|p1b: Arcanine|Flare Blitz|p2b: Scovillain\n|-damage|p2b: Scovillain|9/100\n|-immune|p1b: Arcanine\n|-damage|p1b: Arcanine|46/100|[from] Recoil\n|-enditem|p1b: Arcanine|Sitrus Berry|[eat]\n|-heal|p1b: Arcanine|71/100|[from] item: Sitrus Berry\n|move|p1a: Venusaur|Sludge Bomb|p2b: Scovillain\n|-supereffective|p2b: Scovillain|1\n|-damage|p2b: Scovillain|0 fnt\n|-status|p1a: Venusaur|brn|[from] ability: Spicy Spray|[of] p2b: Scovillain\n|faint|p2b: Scovillain\n|\n|-damage|p1a: Venusaur|95/100 brn|[from] brn\n|upkeep\n|\n|t:|1776108725\n|switch|p2b: Aerodactyl|Aerodactyl, L50, M|100/100\n|-ability|p2b: Aerodactyl|Unnerve\n|turn|5\n|\n|t:|1776108738\n|move|p1a: Venusaur|Protect|p1a: Venusaur\n|-singleturn|p1a: Venusaur|Protect\n|move|p2a: Sneasler|Close Combat|p1b: Arcanine\n|-damage|p1b: Arcanine|8/100\n|-unboost|p2a: Sneasler|def|1\n|-unboost|p2a: Sneasler|spd|1\n|move|p2b: Aerodactyl|Rock Slide|p1b: Arcanine|[spread] p1b\n|-activate|p1a: Venusaur|move: Protect\n|-supereffective|p1b: Arcanine|1\n|-damage|p1b: Arcanine|0 fnt\n|faint|p1b: Arcanine\n|\n|-damage|p1a: Venusaur|89/100 brn|[from] brn\n|upkeep\n|\n|t:|1776108756\n|switch|p1b: Rotom|Rotom-Wash, L50|89/100 brn\n|turn|6\n|inactive|jakehus8 has 30 seconds left.\n|\n|t:|1776108790\n|switch|p1a: Garchomp|Garchomp, L50, F|62/100 brn\n|move|p2a: Sneasler|Protect|p2a: Sneasler\n|-singleturn|p2a: Sneasler|Protect\n|move|p1b: Rotom|Discharge|p2a: Sneasler|[spread] p2b\n|-activate|p2a: Sneasler|move: Protect\n|-immune|p1a: Garchomp\n|-supereffective|p2b: Aerodactyl|1\n|-damage|p2b: Aerodactyl|16/100\n|-status|p2b: Aerodactyl|par\n|move|p2b: Aerodactyl|Tailwind|p2b: Aerodactyl\n|-sidestart|p2: jakehus8|move: Tailwind\n|\n|-damage|p1b: Rotom|84/100 brn|[from] brn\n|-damage|p1a: Garchomp|56/100 brn|[from] brn\n|upkeep\n|turn|7\n|\n|t:|1776108808\n|move|p2a: Sneasler|Close Combat|p1b: Rotom\n|-damage|p1b: Rotom|0 fnt\n|-unboost|p2a: Sneasler|def|1\n|-unboost|p2a: Sneasler|spd|1\n|faint|p1b: Rotom\n|move|p2b: Aerodactyl|Rock Slide|p1a: Garchomp\n|-resisted|p1a: Garchomp|1\n|-damage|p1a: Garchomp|40/100 brn\n|move|p1a: Garchomp|Earthquake|p2a: Sneasler|[spread] p2a\n|-immune|p2b: Aerodactyl\n|-supereffective|p2a: Sneasler|1\n|-damage|p2a: Sneasler|0 fnt\n|faint|p2a: Sneasler\n|\n|-damage|p1a: Garchomp|35/100 brn|[from] brn\n|upkeep\n|\n|t:|1776108822\n|switch|p1b: Venusaur|Venusaur-Mega, L50, M|89/100 brn\n|turn|8\n|\n|t:|1776108830\n|move|p2b: Aerodactyl|Rock Slide|p1a: Garchomp|[spread] p1a,p1b\n|-resisted|p1a: Garchomp|1\n|-damage|p1a: Garchomp|23/100 brn\n|-damage|p1b: Venusaur|69/100 brn\n|cant|p1a: Garchomp|flinch\n|cant|p1b: Venusaur|flinch\n|\n|-damage|p1a: Garchomp|17/100 brn|[from] brn\n|-damage|p1b: Venusaur|64/100 brn|[from] brn\n|upkeep\n|turn|9\n|\n|t:|1776108842\n|move|p1a: Garchomp|Protect|p1a: Garchomp\n|-singleturn|p1a: Garchomp|Protect\n|move|p1b: Venusaur|Protect|p1b: Venusaur\n|-singleturn|p1b: Venusaur|Protect\n|move|p2b: Aerodactyl|Rock Slide|p1b: Venusaur|[spread] \n|-activate|p1a: Garchomp|move: Protect\n|-activate|p1b: Venusaur|move: Protect\n|\n|-damage|p1a: Garchomp|11/100 brn|[from] brn\n|-damage|p1b: Venusaur|58/100 brn|[from] brn\n|-sideend|p2: jakehus8|move: Tailwind\n|upkeep\n|turn|10\n|\n|t:|1776108861\n|move|p2b: Aerodactyl|Protect|p2b: Aerodactyl\n|-singleturn|p2b: Aerodactyl|Protect\n|move|p1a: Garchomp|Dragon Claw|p2b: Aerodactyl\n|-activate|p2b: Aerodactyl|move: Protect\n|move|p1b: Venusaur|Giga Drain|p2b: Aerodactyl\n|-activate|p2b: Aerodactyl|move: Protect\n|\n|-damage|p1a: Garchomp|5/100 brn|[from] brn\n|-damage|p1b: Venusaur|52/100 brn|[from] brn\n|upkeep\n|turn|11\n|\n|t:|1776108871\n|move|p2b: Aerodactyl|Protect|p2b: Aerodactyl\n|-singleturn|p2b: Aerodactyl|Protect\n|move|p1a: Garchomp|Dragon Claw|p2b: Aerodactyl\n|-activate|p2b: Aerodactyl|move: Protect\n|move|p1b: Venusaur|Giga Drain|p2b: Aerodactyl\n|-activate|p2b: Aerodactyl|move: Protect\n|\n|-damage|p1a: Garchomp|0 fnt|[from] brn\n|faint|p1a: Garchomp\n|-damage|p1b: Venusaur|46/100 brn|[from] brn\n|upkeep\n|turn|12\n|\n|t:|1776108883\n|move|p1b: Venusaur|Giga Drain|p2b: Aerodactyl\n|-damage|p2b: Aerodactyl|0 fnt\n|-heal|p1b: Venusaur|53/100 brn|[from] drain|[of] p2b: Aerodactyl\n|faint|p2b: Aerodactyl\n|\n|win|debouls\n|raw|debouls's rating: 1209 &rarr; <strong>1236</strong><br />(+27 for winning)\n|raw|jakehus8's rating: 1241 &rarr; <strong>1214</strong><br />(-27 for losing)\n|l|\u2606jakehus8\n|player|p2|\n",
  "uploadtime": 1776108890,
  "views": 18,
  "formatid": "gen9championsvgc2026regma",
  "rating": 1214,
  "private": 0,
  "password": null
}