{
  "id": "gen9championsvgc2026regma-2580903862",
  "format": "[Gen 9 Champions] VGC 2026 Reg M-A",
  "players": [
    "bran45",
    "viperino7"
  ],
  "log": "|j|\u2606bran45\n|j|\u2606viperino7\n|t:|1775942023\n|gametype|doubles\n|player|p1|bran45|102|1090\n|player|p2|viperino7|170|1040\n|gen|9\n|tier|[Gen 9 Champions] VGC 2026 Reg M-A\n|rated|\n|rule|Species Clause: Limit one of each Pok\u00e9mon\n|rule|Item Clause: Limit 1 of each item\n|clearpoke\n|poke|p1|Victreebel, L50, M|\n|poke|p1|Empoleon, L50, F|\n|poke|p1|Talonflame, L50, F|\n|poke|p1|Garchomp, L50, F|\n|poke|p1|Basculegion-F, L50, F|\n|poke|p1|Incineroar, L50, M|\n|poke|p2|Garchomp, L50, F|\n|poke|p2|Sneasler, L50, F|\n|poke|p2|Floette-Eternal, L50, F|\n|poke|p2|Rotom-Wash, L50|\n|poke|p2|Incineroar, L50, M|\n|poke|p2|Aerodactyl, L50, F|\n|teampreview|4\n|inactive|Battle timer is ON: inactive players will automatically lose when time's up. (requested by bran45)\n|c|\u2606bran45|im so tired of this same team every game\n|inactive|viperino7 has 60 seconds left.\n|\n|t:|1775942070\n|teamsize|p1|4\n|teamsize|p2|4\n|start\n|switch|p1a: Empoleon|Empoleon, L50, F|100/100\n|switch|p1b: Talonflame|Talonflame, L50, F, shiny|100/100\n|switch|p2a: Aerodactyl|Aerodactyl, L50, F|100/100\n|switch|p2b: Incineroar|Incineroar, L50, M, shiny|100/100\n|-ability|p2a: Aerodactyl|Unnerve\n|-ability|p2b: Incineroar|Intimidate|boost\n|-unboost|p1a: Empoleon|atk|1\n|-ability|p1a: Empoleon|Competitive|boost\n|-boost|p1a: Empoleon|spa|2\n|-unboost|p1b: Talonflame|atk|1\n|turn|1\n|c|\u2606bran45|Youtube recent search is \"best team in pokemon champions\"\n|\n|t:|1775942092\n|move|p1a: Empoleon|Protect|p1a: Empoleon\n|-singleturn|p1a: Empoleon|Protect\n|move|p2b: Incineroar|Fake Out|p1b: Talonflame\n|-damage|p1b: Talonflame|84/100\n|move|p2a: Aerodactyl|Rock Slide|p1b: Talonflame|[spread] p1b\n|-activate|p1a: Empoleon|move: Protect\n|-supereffective|p1b: Talonflame|2\n|-damage|p1b: Talonflame|0 fnt\n|faint|p1b: Talonflame\n|\n|upkeep\n|\n|t:|1775942104\n|switch|p1b: Garchomp|Garchomp, L50, F|100/100\n|turn|2\n|inactive|viperino7 has 30 seconds left.\n|\n|t:|1775942138\n|move|p1b: Garchomp|Protect|p1b: Garchomp\n|-singleturn|p1b: Garchomp|Protect\n|move|p2a: Aerodactyl|Tailwind|p2a: Aerodactyl\n|-sidestart|p2: viperino7|move: Tailwind\n|move|p2b: Incineroar|Throat Chop|p1a: Empoleon\n|-damage|p1a: Empoleon|67/100\n|-start|p1a: Empoleon|Throat Chop|[silent]\n|move|p1a: Empoleon|Surf|p2a: Aerodactyl|[spread] p2a,p2b\n|-activate|p1b: Garchomp|move: Protect\n|-supereffective|p2a: Aerodactyl|1\n|-supereffective|p2b: Incineroar|1\n|-enditem|p2b: Incineroar|Passho Berry|[eat]\n|-enditem|p2b: Incineroar|Passho Berry|[weaken]\n|-enditem|p2a: Aerodactyl|Focus Sash\n|-damage|p2a: Aerodactyl|1/100\n|-damage|p2b: Incineroar|51/100\n|\n|-heal|p1a: Empoleon|73/100|[from] item: Leftovers\n|upkeep\n|turn|3\n|\n|t:|1775942163\n|move|p1a: Empoleon|Protect|p1a: Empoleon\n|-singleturn|p1a: Empoleon|Protect\n|move|p2a: Aerodactyl|Rock Slide|p1a: Empoleon|[spread] \n|-activate|p1a: Empoleon|move: Protect\n|-miss|p2a: Aerodactyl|p1b: Garchomp\n|move|p1b: Garchomp|Rock Slide|p2b: Incineroar|[spread] p2a,p2b\n|-supereffective|p2a: Aerodactyl|1\n|-supereffective|p2b: Incineroar|1\n|-damage|p2a: Aerodactyl|0 fnt\n|-damage|p2b: Incineroar|18/100\n|faint|p2a: Aerodactyl\n|move|p2b: Incineroar|Parting Shot|p1b: Garchomp\n|-unboost|p1b: Garchomp|atk|1\n|-unboost|p1b: Garchomp|spa|1\n|\n|t:|1775942177\n|switch|p2b: Garchomp|Garchomp, L50, F, shiny|100/100|[from] Parting Shot\n|\n|-heal|p1a: Empoleon|79/100|[from] item: Leftovers\n|-end|p1a: Empoleon|Throat Chop|[silent]\n|upkeep\n|\n|t:|1775942180\n|switch|p2a: Incineroar|Incineroar, L50, M, shiny|18/100\n|-ability|p2a: Incineroar|Intimidate|boost\n|-unboost|p1a: Empoleon|atk|1\n|-ability|p1a: Empoleon|Competitive|boost\n|-boost|p1a: Empoleon|spa|2\n|-unboost|p1b: Garchomp|atk|1\n|turn|4\n|\n|t:|1775942196\n|move|p2a: Incineroar|Fake Out|p1a: Empoleon\n|-resisted|p1a: Empoleon|1\n|-damage|p1a: Empoleon|73/100\n|move|p2b: Garchomp|Stomping Tantrum|p1a: Empoleon\n|-supereffective|p1a: Empoleon|1\n|-damage|p1a: Empoleon|0 fnt\n|faint|p1a: Empoleon\n|move|p1b: Garchomp|Earthquake|p2a: Incineroar|[spread] p2a,p2b\n|-supereffective|p2a: Incineroar|1\n|-damage|p2a: Incineroar|0 fnt\n|-damage|p2b: Garchomp|81/100\n|faint|p2a: Incineroar\n|\n|upkeep\n|\n|t:|1775942207\n|switch|p1a: Victreebel|Victreebel, L50, M|100/100\n|switch|p2a: Floette|Floette-Eternal, L50, F|100/100\n|turn|5\n|\n|t:|1775942228\n|detailschange|p1a: Victreebel|Victreebel-Mega, L50, M\n|-mega|p1a: Victreebel|Victreebel|Victreebelite\n|move|p2a: Floette|Protect|p2a: Floette\n|-singleturn|p2a: Floette|Protect\n|move|p2b: Garchomp|Earthquake|p1a: Victreebel|[spread] p1a,p1b\n|-activate|p2a: Floette|move: Protect\n|-damage|p1a: Victreebel|46/100\n|-damage|p1b: Garchomp|53/100\n|move|p1b: Garchomp|Dragon Claw|p2b: Garchomp\n|-supereffective|p2b: Garchomp|1\n|-damage|p2b: Garchomp|38/100\n|-damage|p1b: Garchomp|41/100|[from] ability: Rough Skin|[of] p2b: Garchomp\n|move|p1a: Victreebel|Sludge Bomb|p2a: Floette\n|-activate|p2a: Floette|move: Protect\n|\n|-sideend|p2: viperino7|move: Tailwind\n|upkeep\n|turn|6\n|\n|t:|1775942250\n|detailschange|p2a: Floette|Floette-Mega, L50, F\n|-mega|p2a: Floette|Floette|Floettite\n|-ability|p2a: Floette|Fairy Aura\n|move|p2b: Garchomp|Earthquake|p1b: Garchomp|[spread] p2a,p1a,p1b\n|-damage|p2a: Floette|50/100\n|-damage|p1a: Victreebel|0 fnt\n|-damage|p1b: Garchomp|0 fnt\n|-damage|p2b: Garchomp|0 fnt|[from] ability: Innards Out|[of] p1a: Victreebel\n|faint|p1a: Victreebel\n|faint|p1b: Garchomp\n|faint|p2b: Garchomp\n|\n|win|viperino7\n|raw|bran45's rating: 1090 &rarr; <strong>1063</strong><br />(-27 for losing)\n|raw|viperino7's rating: 1040 &rarr; <strong>1079</strong><br />(+39 for winning)\n|l|\u2606bran45\n|player|p1|\n",
  "uploadtime": 1775942260,
  "views": 13,
  "formatid": "gen9championsvgc2026regma",
  "rating": 1063,
  "private": 0,
  "password": null
}