{
  "id": "gen9championsvgc2026regma-2586423171",
  "format": "[Gen 9 Champions] VGC 2026 Reg M-A",
  "players": [
    "monybond",
    "TassoAlcolemico35"
  ],
  "log": "|j|\u2606monybond\n|j|\u2606TassoAlcolemico35\n|t:|1776433637\n|gametype|doubles\n|player|p1|monybond|blackbelt-gen4dp|1000\n|player|p2|TassoAlcolemico35|102|1051\n|gen|9\n|tier|[Gen 9 Champions] VGC 2026 Reg M-A\n|rated|\n|rule|Species Clause: Limit one of each Pok\u00e9mon\n|rule|Item Clause: Limit 1 of each item\n|clearpoke\n|poke|p1|Aerodactyl, L50, M|\n|poke|p1|Absol, L50, F|\n|poke|p1|Mimikyu, L50, F|\n|poke|p1|Ceruledge, L50, F|\n|poke|p1|Lucario, L50, F|\n|poke|p1|Charizard, L50, F|\n|poke|p2|Meganium, L50, F|\n|poke|p2|Starmie, L50|\n|poke|p2|Raichu, L50, F|\n|poke|p2|Basculegion, L50, M|\n|poke|p2|Pelipper, L50, F|\n|poke|p2|Incineroar, L50, M|\n|teampreview|4\n|\n|t:|1776433666\n|teamsize|p1|4\n|teamsize|p2|4\n|start\n|switch|p1a: Lucario|Lucario, L50, F|100/100\n|switch|p1b: Aerodactyl|Aerodactyl, L50, M|100/100\n|switch|p2a: Raichu|Raichu, L50, F|100/100\n|switch|p2b: Pelipper|Pelipper, L50, F|100/100\n|-weather|RainDance|[from] ability: Drizzle|[of] p2b: Pelipper\n|turn|1\n|\n|t:|1776433683\n|move|p2a: Raichu|Fake Out|p1b: Aerodactyl\n|-resisted|p1b: Aerodactyl|1\n|-damage|p1b: Aerodactyl|95/100\n|move|p1a: Lucario|Extreme Speed|p2a: Raichu\n|-damage|p2a: Raichu|58/100\n|cant|p1b: Aerodactyl|flinch\n|move|p2b: Pelipper|Tailwind|p2b: Pelipper\n|-sidestart|p2: TassoAlcolemico35|move: Tailwind\n|\n|-weather|RainDance|[upkeep]\n|upkeep\n|turn|2\n|inactive|Battle timer is ON: inactive players will automatically lose when time's up. (requested by TassoAlcolemico35)\n|inactive|monybond has 60 seconds left.\n|\n|t:|1776433718\n|move|p1a: Lucario|Extreme Speed|p2a: Raichu\n|-damage|p2a: Raichu|15/100\n|move|p2a: Raichu|Volt Switch|p1b: Aerodactyl\n|-supereffective|p1b: Aerodactyl|1\n|-damage|p1b: Aerodactyl|13/100\n|\n|t:|1776433725\n|switch|p2a: Starmie|Starmie, L50|100/100|[from] Volt Switch\n|move|p2b: Pelipper|Hurricane|p1a: Lucario\n|-damage|p1a: Lucario|31/100\n|move|p1b: Aerodactyl|Ancient Power|p2b: Pelipper\n|-supereffective|p2b: Pelipper|1\n|-damage|p2b: Pelipper|39/100\n|\n|-weather|RainDance|[upkeep]\n|upkeep\n|turn|3\n|inactive|monybond has 30 seconds left.\n|inactive|monybond has 20 seconds left.\n|\n|t:|1776433762\n|detailschange|p2a: Starmie|Starmie-Mega, L50\n|-mega|p2a: Starmie|Starmie|Starminite\n|move|p2a: Starmie|Liquidation|p1a: Lucario\n|-damage|p1a: Lucario|0 fnt\n|faint|p1a: Lucario\n|move|p2b: Pelipper|Weather Ball|p1b: Aerodactyl\n|-supereffective|p1b: Aerodactyl|1\n|-damage|p1b: Aerodactyl|0 fnt\n|faint|p1b: Aerodactyl\n|\n|-weather|RainDance|[upkeep]\n|upkeep\n|\n|t:|1776433768\n|switch|p1b: Charizard|Charizard, L50, F|100/100\n|switch|p1a: Ceruledge|Ceruledge, L50, F|100/100\n|turn|4\n|\n|t:|1776433787\n|switch|p2b: Raichu|Raichu, L50, F|15/100\n|move|p2a: Starmie|Protect|p2a: Starmie\n|-singleturn|p2a: Starmie|Protect\n|move|p1a: Ceruledge|Shadow Ball|p2a: Starmie\n|-activate|p2a: Starmie|move: Protect\n|move|p1b: Charizard|Counter||[still]\n|-fail|p1b: Charizard\n|\n|-weather|RainDance|[upkeep]\n|-sideend|p2: TassoAlcolemico35|move: Tailwind\n|upkeep\n|turn|5\n|\n|t:|1776433807\n|move|p2b: Raichu|Fake Out|p1b: Charizard\n|-damage|p1b: Charizard|92/100\n|move|p2a: Starmie|Liquidation|p1a: Ceruledge\n|-supereffective|p1a: Ceruledge|1\n|-damage|p1a: Ceruledge|0 fnt\n|faint|p1a: Ceruledge\n|cant|p1b: Charizard|flinch\n|\n|-weather|none\n|upkeep\n|turn|6\n|\n|t:|1776433823\n|move|p2b: Raichu|Volt Switch|p1b: Charizard\n|-supereffective|p1b: Charizard|1\n|-damage|p1b: Charizard|13/100\n|\n|t:|1776433827\n|switch|p2b: Pelipper|Pelipper, L50, F|39/100|[from] Volt Switch\n|-weather|RainDance|[from] ability: Drizzle|[of] p2b: Pelipper\n|move|p2a: Starmie|Liquidation|p1b: Charizard\n|-supereffective|p1b: Charizard|1\n|-damage|p1b: Charizard|0 fnt\n|faint|p1b: Charizard\n|\n|win|TassoAlcolemico35\n|raw|monybond's rating: 1000 &rarr; <strong>1000</strong><br />(+0 for losing)\n|raw|TassoAlcolemico35's rating: 1051 &rarr; <strong>1079</strong><br />(+28 for winning)\n|l|\u2606monybond\n|player|p1|\n",
  "uploadtime": 1776433838,
  "views": 28,
  "formatid": "gen9championsvgc2026regma",
  "rating": 1000,
  "private": 0,
  "password": null
}