{
  "id": "gen9championsvgc2026regma-2589497972",
  "format": "[Gen 9 Champions] VGC 2026 Reg M-A",
  "players": [
    "SDLT 2KRL katamari",
    "MegaSandRusher"
  ],
  "log": "|raw|<div class=\"broadcast-blue\"><strong>This battle is required to be public due to a player having a name starting with 'sdlt'.</div>\n|j|\u2606SDLT 2KRL katamari\n|j|\u2606MegaSandRusher\n|t:|1776728401\n|gametype|doubles\n|player|p1|SDLT 2KRL katamari|rosa-masters|1407\n|player|p2|MegaSandRusher|hiker-gen4|1372\n|gen|9\n|tier|[Gen 9 Champions] VGC 2026 Reg M-A\n|rated|\n|rule|Species Clause: Limit one of each Pok\u00e9mon\n|rule|Item Clause: Limit 1 of each item\n|clearpoke\n|poke|p1|Delphox, L50, M|\n|poke|p1|Floette-Eternal, L50, F|\n|poke|p1|Maushold, L50|\n|poke|p1|Aerodactyl, L50, M|\n|poke|p1|Sneasler, L50, F|\n|poke|p1|Garchomp, L50, F|\n|poke|p2|Incineroar, L50, M|\n|poke|p2|Sinistcha, L50|\n|poke|p2|Floette-Eternal, L50, F|\n|poke|p2|Sneasler, L50, F|\n|poke|p2|Milotic, L50, F|\n|poke|p2|Aerodactyl, L50, M|\n|teampreview|4\n|inactive|Battle timer is ON: inactive players will automatically lose when time's up. (requested by SDLT 2KRL katamari)\n|j| BiscoitoXDBr\nMegaSandRusher has agreed to open team sheets.\n|inactive|SDLT 2KRL katamari has 60 seconds left.\n|\n|t:|1776728437\n|teamsize|p1|4\n|teamsize|p2|4\n|start\n|switch|p1a: Aerodactyl|Aerodactyl, L50, M|100/100\n|switch|p1b: Garchomp|Garchomp, L50, F|100/100\n|switch|p2a: Milotic|Milotic, L50, F|100/100\n|switch|p2b: Aerodactyl|Aerodactyl, L50, M|100/100\n|-ability|p1a: Aerodactyl|Unnerve\n|-ability|p2b: Aerodactyl|Unnerve\n|turn|1\n|\n|t:|1776728449\n|detailschange|p2b: Aerodactyl|Aerodactyl-Mega, L50, M\n|-mega|p2b: Aerodactyl|Aerodactyl|Aerodactylite\n|move|p2b: Aerodactyl|Rock Slide|p1a: Aerodactyl|[spread] p1a,p1b\n|-supereffective|p1a: Aerodactyl|1\n|-resisted|p1b: Garchomp|1\n|-damage|p1a: Aerodactyl|11/100\n|-damage|p1b: Garchomp|86/100\n|cant|p1a: Aerodactyl|flinch\n|move|p1b: Garchomp|Earthquake|p2a: Milotic|[spread] p2a\n|-immune|p1a: Aerodactyl\n|-immune|p2b: Aerodactyl\n|-damage|p2a: Milotic|58/100\n|move|p2a: Milotic|Coil|p2a: Milotic\n|-boost|p2a: Milotic|atk|1\n|-boost|p2a: Milotic|def|1\n|-boost|p2a: Milotic|accuracy|1\n|\n|-heal|p2a: Milotic|64/100|[from] item: Leftovers\n|upkeep\n|turn|2\n|c|\u2606SDLT 2KRL katamari|nice flinch there\n|\n|t:|1776728461\n|switch|p1a: Sneasler|Sneasler, L50, F|100/100\n|move|p2b: Aerodactyl|Tailwind|p2b: Aerodactyl\n|-sidestart|p2: MegaSandRusher|move: Tailwind\n|move|p2a: Milotic|Muddy Water|p1b: Garchomp|[spread] p1a,p1b\n|-damage|p1a: Sneasler|70/100\n|-damage|p1b: Garchomp|60/100\n|move|p1b: Garchomp|Dragon Claw|p2b: Aerodactyl\n|-damage|p2b: Aerodactyl|55/100\n|\n|-heal|p2a: Milotic|70/100|[from] item: Leftovers\n|upkeep\n|turn|3\n|\n|t:|1776728482\n|move|p2b: Aerodactyl|Protect|p2b: Aerodactyl\n|-singleturn|p2b: Aerodactyl|Protect\n|move|p1a: Sneasler|Fake Out|p2a: Milotic\n|-damage|p2a: Milotic|62/100\n|cant|p2a: Milotic|flinch\n|move|p1b: Garchomp|Stomping Tantrum|p2a: Milotic\n|-damage|p2a: Milotic|37/100\n|\n|-heal|p2a: Milotic|43/100|[from] item: Leftovers\n|upkeep\n|turn|4\n|\n|t:|1776728491\n|move|p1a: Sneasler|Protect|p1a: Sneasler\n|-singleturn|p1a: Sneasler|Protect\n|move|p1b: Garchomp|Protect|p1b: Garchomp\n|-singleturn|p1b: Garchomp|Protect\n|move|p2b: Aerodactyl|Dual Wingbeat|p1a: Sneasler\n|-activate|p1a: Sneasler|move: Protect\n|move|p2a: Milotic|Recover|p2a: Milotic\n|-heal|p2a: Milotic|93/100\n|\n|-heal|p2a: Milotic|99/100|[from] item: Leftovers\n|upkeep\n|turn|5\n|\n|t:|1776728499\n|switch|p1a: Aerodactyl|Aerodactyl, L50, M|11/100\n|-ability|p1a: Aerodactyl|Unnerve\n|move|p2b: Aerodactyl|Dual Wingbeat|p1a: Aerodactyl\n|-resisted|p1a: Aerodactyl|1\n|-damage|p1a: Aerodactyl|0 fnt\n|faint|p1a: Aerodactyl\n|-hitcount|p1: Aerodactyl|1\n|move|p2a: Milotic|Coil|p2a: Milotic\n|-boost|p2a: Milotic|atk|1\n|-boost|p2a: Milotic|def|1\n|-boost|p2a: Milotic|accuracy|1\n|move|p1b: Garchomp|Dragon Claw|p2b: Aerodactyl\n|-damage|p2b: Aerodactyl|6/100\n|\n|-heal|p2a: Milotic|100/100|[from] item: Leftovers\n|-sideend|p2: MegaSandRusher|move: Tailwind\n|upkeep\n|\n|t:|1776728505\n|switch|p1a: Sneasler|Sneasler, L50, F|70/100\n|turn|6\n|\n|t:|1776728513\n|move|p2b: Aerodactyl|Protect|p2b: Aerodactyl\n|-singleturn|p2b: Aerodactyl|Protect\n|move|p1a: Sneasler|Close Combat|p2a: Milotic\n|-damage|p2a: Milotic|69/100\n|-unboost|p1a: Sneasler|def|1\n|-unboost|p1a: Sneasler|spd|1\n|-enditem|p1a: Sneasler|White Herb\n|-clearnegativeboost|p1a: Sneasler|[silent]\n|move|p1b: Garchomp|Stomping Tantrum|p2a: Milotic\n|-damage|p2a: Milotic|48/100\n|move|p2a: Milotic|Hypnosis|p1a: Sneasler\n|-status|p1a: Sneasler|slp|[from] move: Hypnosis\n|\n|-heal|p2a: Milotic|53/100|[from] item: Leftovers\n|upkeep\n|turn|7\n|\n|t:|1776728524\n|cant|p1a: Sneasler|slp\n|move|p2b: Aerodactyl|Tailwind|p2b: Aerodactyl\n|-sidestart|p2: MegaSandRusher|move: Tailwind\n|move|p2a: Milotic|Recover|p2a: Milotic\n|-heal|p2a: Milotic|100/100\n|move|p1b: Garchomp|Stomping Tantrum|p2a: Milotic\n|-damage|p2a: Milotic|79/100\n|\n|-heal|p2a: Milotic|85/100|[from] item: Leftovers\n|upkeep\n|turn|8\n|\n|t:|1776728533\n|move|p2b: Aerodactyl|Dual Wingbeat|p1a: Sneasler\n|-supereffective|p1a: Sneasler|1\n|-damage|p1a: Sneasler|0 fnt\n|faint|p1a: Sneasler\n|-hitcount|p1: Sneasler|1\n|move|p2a: Milotic|Muddy Water|p1b: Garchomp\n|-damage|p1b: Garchomp|23/100\n|move|p1b: Garchomp|Dragon Claw|p2b: Aerodactyl\n|-damage|p2b: Aerodactyl|0 fnt\n|faint|p2b: Aerodactyl\n|\n|-heal|p2a: Milotic|91/100|[from] item: Leftovers\n|upkeep\n|\n|t:|1776728545\n|switch|p2b: Sneasler|Sneasler, L50, F|100/100\n|switch|p1a: Floette|Floette-Eternal, L50, F|100/100\n|turn|9\n|\n|t:|1776728562\n|detailschange|p1a: Floette|Floette-Mega, L50, F\n|-mega|p1a: Floette|Floette|Floettite\n|-ability|p1a: Floette|Fairy Aura\n|move|p2b: Sneasler|Close Combat|p1b: Garchomp\n|-damage|p1b: Garchomp|0 fnt\n|-unboost|p2b: Sneasler|def|1\n|-unboost|p2b: Sneasler|spd|1\n|-damage|p2b: Sneasler|89/100|[from] ability: Rough Skin|[of] p1b: Garchomp\n|faint|p1b: Garchomp\n|-enditem|p2b: Sneasler|White Herb\n|-clearnegativeboost|p2b: Sneasler|[silent]\n|move|p2a: Milotic|Hypnosis|p1a: Floette\n|-status|p1a: Floette|slp|[from] move: Hypnosis\n|cant|p1a: Floette|slp\n|\n|-heal|p2a: Milotic|97/100|[from] item: Leftovers\n|upkeep\n|turn|10\n|-message|SDLT 2KRL katamari forfeited.\n|\n|win|MegaSandRusher\n|raw|SDLT 2KRL katamari's rating: 1383 &rarr; <strong>1362</strong><br />(-21 for losing)\n|raw|MegaSandRusher's rating: 1372 &rarr; <strong>1393</strong><br />(+21 for winning)\n|l|\u2606SDLT 2KRL katamari\n|player|p1|\n",
  "uploadtime": 1776728592,
  "views": 8,
  "formatid": "gen9championsvgc2026regma",
  "rating": 1362,
  "private": 0,
  "password": null
}