{
  "id": "gen9championsvgc2026regma-2588218265",
  "format": "[Gen 9 Champions] VGC 2026 Reg M-A",
  "players": [
    "sethsety",
    "slowpoke n cubone"
  ],
  "log": "|j|\u2606sethsety\n|j|\u2606slowpoke n cubone\n|t:|1776615375\n|gametype|doubles\n|player|p1|sethsety|102|1089\n|player|p2|slowpoke n cubone|2|1000\n|gen|9\n|tier|[Gen 9 Champions] VGC 2026 Reg M-A\n|rated|\n|rule|Species Clause: Limit one of each Pok\u00e9mon\n|rule|Item Clause: Limit 1 of each item\n|clearpoke\n|poke|p1|Archaludon, L50, M, shiny|\n|poke|p1|Pelipper, L50, M, shiny|\n|poke|p1|Sinistcha, L50, shiny|\n|poke|p1|Floette-Eternal, L50, F|\n|poke|p1|Hawlucha, L50, M, shiny|\n|poke|p1|Kingambit, L50, M, shiny|\n|poke|p2|Garchomp, L50, M|\n|poke|p2|Sneasler, L50, F|\n|poke|p2|Clefable, L50, F|\n|poke|p2|Scovillain, L50, F|\n|poke|p2|Greninja, L50, M|\n|poke|p2|Tyranitar, L50, M|\n|teampreview|4\n|inactive|Battle timer is ON: inactive players will automatically lose when time's up. (requested by sethsety)\nsethsety rejected open team sheets.\n|\n|t:|1776615396\n|teamsize|p1|4\n|teamsize|p2|4\n|start\n|switch|p1a: Hawlucha|Hawlucha, L50, M, shiny|100/100\n|switch|p1b: Kingambit|Kingambit, L50, M, shiny|100/100\n|switch|p2a: Tyranitar|Tyranitar, L50, M|100/100\n|switch|p2b: Garchomp|Garchomp, L50, M|100/100\n|-weather|Sandstorm|[from] ability: Sand Stream|[of] p2a: Tyranitar\n|turn|1\n|inactive|sethsety has 30 seconds left.\n|\n|t:|1776615429\n|detailschange|p1a: Hawlucha|Hawlucha-Mega, L50, M, shiny\n|-mega|p1a: Hawlucha|Hawlucha|Hawluchanite\n|move|p2a: Tyranitar|Protect|p2a: Tyranitar\n|-singleturn|p2a: Tyranitar|Protect\n|move|p1a: Hawlucha|Entrainment|p1b: Kingambit\n|-ability|p1b: Kingambit|No Guard|Defiant|[from] move: Entrainment|[of] p1a: Hawlucha\n|move|p2b: Garchomp|Earthquake|p1b: Kingambit|[spread] p1b\n|-activate|p2a: Tyranitar|move: Protect\n|-immune|p1a: Hawlucha\n|-supereffective|p1b: Kingambit|1\n|-damage|p1b: Kingambit|34/100\n|move|p1b: Kingambit|Guillotine|p2b: Garchomp\n|-damage|p2b: Garchomp|0 fnt\n|faint|p2b: Garchomp\n|-ohko\n|\n|-weather|Sandstorm|[upkeep]\n|-damage|p1a: Hawlucha|95/100|[from] Sandstorm\n|upkeep\n|\n|t:|1776615447\n|switch|p2b: Scovillain|Scovillain, L50, F|100/100\n|turn|2\n|\n|t:|1776615466\n|move|p1a: Hawlucha|Flying Press|p2a: Tyranitar\n|-supereffective|p2a: Tyranitar|1\n|-damage|p2a: Tyranitar|42/100\n|move|p1b: Kingambit|Guillotine|p2b: Scovillain\n|-damage|p2b: Scovillain|0 fnt\n|faint|p2b: Scovillain\n|-ohko\n|move|p2a: Tyranitar|Rock Slide|p1a: Hawlucha|[spread] p1a,p1b\n|-resisted|p1b: Kingambit|1\n|-damage|p1a: Hawlucha|67/100\n|-damage|p1b: Kingambit|22/100\n|\n|-weather|Sandstorm|[upkeep]\n|-damage|p1a: Hawlucha|61/100|[from] Sandstorm\n|-heal|p2a: Tyranitar|47/100|[from] item: Leftovers\n|upkeep\n|\n|t:|1776615489\n|switch|p2b: Sneasler|Sneasler, L50, F|100/100\n|turn|3\n|\n|t:|1776615507\n|move|p2a: Tyranitar|Protect|p2a: Tyranitar\n|-singleturn|p2a: Tyranitar|Protect\n|move|p2b: Sneasler|Close Combat|p1b: Kingambit\n|-supereffective|p1b: Kingambit|2\n|-enditem|p1b: Kingambit|Chople Berry|[eat]\n|-enditem|p1b: Kingambit|Chople Berry|[weaken]\n|-damage|p1b: Kingambit|0 fnt\n|-unboost|p2b: Sneasler|def|1\n|-unboost|p2b: Sneasler|spd|1\n|faint|p1b: Kingambit\n|move|p1a: Hawlucha|Flying Press|p2a: Tyranitar\n|-activate|p2a: Tyranitar|move: Protect\n|\n|-weather|Sandstorm|[upkeep]\n|-damage|p2b: Sneasler|95/100|[from] Sandstorm\n|-damage|p1a: Hawlucha|56/100|[from] Sandstorm\n|-heal|p2a: Tyranitar|53/100|[from] item: Leftovers\n|upkeep\n|\n|t:|1776615529\n|switch|p1b: Archaludon|Archaludon, L50, M, shiny|100/100\n|turn|4\n|\n|t:|1776615546\n|move|p1b: Archaludon|Protect|p1b: Archaludon\n|-singleturn|p1b: Archaludon|Protect\n|move|p2b: Sneasler|Dire Claw|p1a: Hawlucha\n|-damage|p1a: Hawlucha|8/100\n|move|p1a: Hawlucha|Flying Press|p2a: Tyranitar\n|-supereffective|p2a: Tyranitar|1\n|-damage|p2a: Tyranitar|0 fnt\n|faint|p2a: Tyranitar\n|\n|-weather|Sandstorm|[upkeep]\n|-damage|p2b: Sneasler|89/100|[from] Sandstorm\n|-damage|p1a: Hawlucha|2/100|[from] Sandstorm\n|upkeep\n|turn|5\n|inactive|sethsety has 30 seconds left.\n|inactive|sethsety has 20 seconds left.\n|inactive|sethsety has 15 seconds left.\n|inactive|sethsety has 10 seconds left.\n|inactive|sethsety has 5 seconds left.\n|\n|t:|1776615596\n|switch|p1b: Pelipper|Pelipper, L50, M, shiny|100/100\n|-weather|RainDance|[from] ability: Drizzle|[of] p1b: Pelipper\n|move|p2b: Sneasler|Close Combat|p1b: Pelipper\n|-resisted|p1b: Pelipper|1\n|-damage|p1b: Pelipper|65/100\n|-unboost|p2b: Sneasler|def|1\n|-unboost|p2b: Sneasler|spd|1\n|-status|p1b: Pelipper|psn|[from] ability: Poison Touch|[of] p2b: Sneasler\n|move|p1a: Hawlucha|Flying Press|p2b: Sneasler\n|-damage|p2b: Sneasler|0 fnt\n|faint|p2b: Sneasler\n|\n|win|sethsety\n|raw|sethsety's rating: 1089 &rarr; <strong>1109</strong><br />(+20 for winning)\n|raw|slowpoke n cubone's rating: 1000 &rarr; <strong>1000</strong><br />(+0 for losing)\n|l|\u2606slowpoke n cubone\n|player|p2|\n",
  "uploadtime": 1776615611,
  "views": 12,
  "formatid": "gen9championsvgc2026regma",
  "rating": 1000,
  "private": 0,
  "password": null
}