{
  "id": "gen9championsvgc2026regma-2588754731",
  "format": "[Gen 9 Champions] VGC 2026 Reg M-A",
  "players": [
    "Jbucci",
    "IXx Cuda xXI"
  ],
  "log": "|j|\u2606Jbucci\n|j|\u2606IXx Cuda xXI\n|t:|1776666480\n|gametype|doubles\n|player|p1|Jbucci|169|1293\n|player|p2|IXx Cuda xXI|2|1338\n|gen|9\n|tier|[Gen 9 Champions] VGC 2026 Reg M-A\n|rated|\n|rule|Species Clause: Limit one of each Pok\u00e9mon\n|rule|Item Clause: Limit 1 of each item\n|clearpoke\n|poke|p1|Meganium, L50, M|\n|poke|p1|Pelipper, L50, M|\n|poke|p1|Basculegion, L50, M|\n|poke|p1|Archaludon, L50, F|\n|poke|p1|Sneasler, L50, F|\n|poke|p1|Gengar, L50, M|\n|poke|p2|Samurott-Hisui, L50, F|\n|poke|p2|Gengar, L50, F|\n|poke|p2|Whimsicott, L50, M|\n|poke|p2|Heliolisk, L50, F|\n|poke|p2|Incineroar, L50, F|\n|poke|p2|Pelipper, L50, M|\n|teampreview|4\n|\n|t:|1776666523\n|teamsize|p1|4\n|teamsize|p2|4\n|start\n|switch|p1a: Gengar|Gengar, L50, M|100/100\n|switch|p1b: Pelipper|Pelipper, L50, M|100/100\n|switch|p2a: Gengar|Gengar, L50, F|100/100\n|switch|p2b: Heliolisk|Heliolisk, L50, F|100/100\n|-weather|RainDance|[from] ability: Drizzle|[of] p1b: Pelipper\n|turn|1\n|\n|t:|1776666547\n|detailschange|p1a: Gengar|Gengar-Mega, L50, M\n|-mega|p1a: Gengar|Gengar|Gengarite\n|detailschange|p2a: Gengar|Gengar-Mega, L50, F\n|-mega|p2a: Gengar|Gengar|Gengarite\n|move|p2a: Gengar|Protect|p2a: Gengar\n|-singleturn|p2a: Gengar|Protect\n|move|p1a: Gengar|Shadow Ball|p2a: Gengar\n|-activate|p2a: Gengar|move: Protect\n|move|p2b: Heliolisk|Shed Tail|p2b: Heliolisk\n|-start|p2b: Heliolisk|Substitute|[from] move: Shed Tail\n|-damage|p2b: Heliolisk|50/100\n|\n|t:|1776666566\n|switch|p2b: Samurott|Samurott-Hisui, L50, F|100/100|[from] Shed Tail\n|move|p1b: Pelipper|Tailwind|p1b: Pelipper\n|-sidestart|p1: Jbucci|move: Tailwind\n|\n|-weather|RainDance|[upkeep]\n|upkeep\n|turn|2\n|\n|t:|1776666595\n|switch|p1a: Archaludon|Archaludon, L50, F|100/100\n|switch|p2a: Heliolisk|Heliolisk, L50, F|50/100\n|move|p1b: Pelipper|Hurricane|p2b: Samurott\n|-end|p2b: Samurott|Substitute\n|move|p2b: Samurott|Night Slash|p1a: Archaludon\n|-damage|p1a: Archaludon|63/100\n|-ability|p1a: Archaludon|Stamina|boost\n|-boost|p1a: Archaludon|def|1\n|\n|-weather|RainDance|[upkeep]\n|-heal|p2a: Heliolisk|63/100|[from] ability: Dry Skin\n|-heal|p2a: Heliolisk|68/100|[from] item: Leftovers\n|upkeep\n|turn|3\n|\n|t:|1776666663\n|switch|p2b: Gengar|Gengar-Mega, L50, F|100/100\n|move|p1b: Pelipper|Hurricane|p2b: Gengar\n|-damage|p2b: Gengar|37/100\n|move|p1a: Archaludon|Electro Shot||[still]\n|-prepare|p1a: Archaludon|Electro Shot\n|-boost|p1a: Archaludon|spa|1\n|-anim|p1a: Archaludon|Electro Shot|p2b: Gengar\n|-damage|p2b: Gengar|0 fnt\n|faint|p2b: Gengar\n|move|p2a: Heliolisk|Eerie Impulse|p1a: Archaludon\n|-unboost|p1a: Archaludon|spa|2\n|\n|-weather|RainDance|[upkeep]\n|-heal|p2a: Heliolisk|81/100|[from] ability: Dry Skin\n|-heal|p2a: Heliolisk|86/100|[from] item: Leftovers\n|upkeep\n|\n|t:|1776666685\n|switch|p2b: Whimsicott|Whimsicott, L50, M|100/100\n|turn|4\n|\n|t:|1776666695\n|move|p2b: Whimsicott|Protect|p2b: Whimsicott\n|-singleturn|p2b: Whimsicott|Protect\n|move|p2a: Heliolisk|Protect|p2a: Heliolisk\n|-singleturn|p2a: Heliolisk|Protect\n|move|p1b: Pelipper|Hurricane|p2b: Whimsicott\n|-activate|p2b: Whimsicott|move: Protect\n|move|p1a: Archaludon|Flash Cannon|p2b: Whimsicott\n|-activate|p2b: Whimsicott|move: Protect\n|\n|-weather|RainDance|[upkeep]\n|-heal|p2a: Heliolisk|99/100|[from] ability: Dry Skin\n|-heal|p2a: Heliolisk|100/100|[from] item: Leftovers\n|-sideend|p1: Jbucci|move: Tailwind\n|upkeep\n|turn|5\n|\n|t:|1776666727\n|switch|p2b: Samurott|Samurott-Hisui, L50, F|100/100\n|move|p2a: Heliolisk|Thunder|p1b: Pelipper\n|-supereffective|p1b: Pelipper|2\n|-enditem|p1b: Pelipper|Focus Sash\n|-damage|p1b: Pelipper|1/100\n|-status|p1b: Pelipper|par\n|move|p1a: Archaludon|Flash Cannon|p2b: Samurott\n|-resisted|p2b: Samurott|1\n|-damage|p2b: Samurott|81/100\n|move|p1b: Pelipper|Tailwind|p1b: Pelipper\n|-sidestart|p1: Jbucci|move: Tailwind\n|\n|-weather|none\n|upkeep\n|turn|6\n|\n|t:|1776666755\n|switch|p1a: Sneasler|Sneasler, L50, F|100/100\n|switch|p1b: Gengar|Gengar-Mega, L50, M|100/100\n|move|p2b: Samurott|Sacred Sword|p1a: Sneasler\n|-resisted|p1a: Sneasler|1\n|-damage|p1a: Sneasler|64/100\n|move|p2a: Heliolisk|Shed Tail|p2a: Heliolisk\n|-start|p2a: Heliolisk|Substitute|[from] move: Shed Tail\n|-damage|p2a: Heliolisk|50/100\n|\n|t:|1776666766\n|switch|p2a: Whimsicott|Whimsicott, L50, M|100/100|[from] Shed Tail\n|\n|upkeep\n|turn|7\n|\n|t:|1776666795\n|move|p1b: Gengar|Sludge Bomb|p2a: Whimsicott\n|-supereffective|p2a: Whimsicott|2\n|-end|p2a: Whimsicott|Substitute\n|move|p1a: Sneasler|Close Combat|p2b: Samurott\n|-supereffective|p2b: Samurott|1\n|-damage|p2b: Samurott|0 fnt\n|-unboost|p1a: Sneasler|def|1\n|-unboost|p1a: Sneasler|spd|1\n|faint|p2b: Samurott\n|-enditem|p1a: Sneasler|White Herb\n|-clearnegativeboost|p1a: Sneasler|[silent]\n|move|p2a: Whimsicott|Moonblast|p1a: Sneasler\n|-damage|p1a: Sneasler|25/100\n|\n|upkeep\n|\n|t:|1776666809\n|switch|p2b: Heliolisk|Heliolisk, L50, F|50/100\n|turn|8\n|\n|t:|1776666825\n|move|p2b: Heliolisk|Protect|p2b: Heliolisk\n|-singleturn|p2b: Heliolisk|Protect\n|move|p1a: Sneasler|Close Combat|p2b: Heliolisk\n|-activate|p2b: Heliolisk|move: Protect\n|move|p1b: Gengar|Sludge Bomb|p2a: Whimsicott\n|-supereffective|p2a: Whimsicott|2\n|-enditem|p2a: Whimsicott|Focus Sash\n|-damage|p2a: Whimsicott|1/100\n|move|p2a: Whimsicott|Moonblast|p1a: Sneasler\n|-damage|p1a: Sneasler|0 fnt\n|faint|p1a: Sneasler\n|\n|-heal|p2b: Heliolisk|56/100|[from] item: Leftovers\n|-sideend|p1: Jbucci|move: Tailwind\n|upkeep\n|\n|t:|1776666838\n|switch|p1a: Archaludon|Archaludon, L50, F|63/100\n|turn|9\n|\n|t:|1776666857\n|move|p2a: Whimsicott|Protect|p2a: Whimsicott\n|-singleturn|p2a: Whimsicott|Protect\n|move|p1b: Gengar|Sludge Bomb|p2b: Heliolisk\n|-damage|p2b: Heliolisk|0 fnt\n|faint|p2b: Heliolisk\n|move|p1a: Archaludon|Flash Cannon|p2a: Whimsicott\n|-activate|p2a: Whimsicott|move: Protect\n|\n|upkeep\n|turn|10\n|-message|IXx Cuda xXI forfeited.\n|\n|win|Jbucci\n|raw|Jbucci's rating: 1293 &rarr; <strong>1321</strong><br />(+28 for winning)\n|raw|IXx Cuda xXI's rating: 1338 &rarr; <strong>1315</strong><br />(-23 for losing)\n|l|\u2606IXx Cuda xXI\n|player|p2|\n",
  "uploadtime": 1776666869,
  "views": 14,
  "formatid": "gen9championsvgc2026regma",
  "rating": 1315,
  "private": 0,
  "password": null
}