{
  "id": "gen9championsvgc2026regma-2586847873",
  "format": "[Gen 9 Champions] VGC 2026 Reg M-A",
  "players": [
    "godfocker",
    "toran vgc"
  ],
  "log": "|j|\u2606godfocker\n|j|\u2606toran vgc\n|t:|1776465005\n|gametype|doubles\n|player|p1|godfocker|2|1217\n|player|p2|toran vgc|169|1242\n|gen|9\n|tier|[Gen 9 Champions] VGC 2026 Reg M-A\n|rated|\n|rule|Species Clause: Limit one of each Pok\u00e9mon\n|rule|Item Clause: Limit 1 of each item\n|clearpoke\n|poke|p1|Gardevoir, L50, M|\n|poke|p1|Incineroar, L50, M|\n|poke|p1|Sinistcha, L50|\n|poke|p1|Garchomp, L50, M|\n|poke|p1|Aerodactyl, L50, F|\n|poke|p1|Kingambit, L50, F|\n|poke|p2|Orthworm, L50, F|\n|poke|p2|Delphox, L50, M|\n|poke|p2|Sneasler, L50, M|\n|poke|p2|Whimsicott, L50, F|\n|poke|p2|Garchomp, L50, F|\n|poke|p2|Hydreigon, L50, F|\n|teampreview|4\n|\n|t:|1776465067\n|teamsize|p1|4\n|teamsize|p2|4\n|start\n|switch|p1a: Aerodactyl|Aerodactyl, L50, F|100/100\n|switch|p1b: Gardevoir|Gardevoir, L50, M|100/100\n|switch|p2a: Orthworm|Orthworm, L50, F|100/100\n|switch|p2b: Sneasler|Sneasler, L50, M|100/100\n|-ability|p1a: Aerodactyl|Unnerve\n|turn|1\n|\n|t:|1776465151\n|detailschange|p1b: Gardevoir|Gardevoir-Mega, L50, M\n|-mega|p1b: Gardevoir|Gardevoir|Gardevoirite\n|move|p2b: Sneasler|Fake Out|p1a: Aerodactyl\n|-resisted|p1a: Aerodactyl|1\n|-damage|p1a: Aerodactyl|90/100\n|cant|p1a: Aerodactyl|flinch\n|move|p1b: Gardevoir|Psychic|p2b: Sneasler\n|-supereffective|p2b: Sneasler|2\n|-damage|p2b: Sneasler|0 fnt\n|faint|p2b: Sneasler\n|move|p2a: Orthworm|Iron Defense|p2a: Orthworm\n|-boost|p2a: Orthworm|def|2\n|\n|upkeep\n|\n|t:|1776465167\n|switch|p2b: Garchomp|Garchomp, L50, F|100/100\n|turn|2\n|\n|t:|1776465197\n|move|p1b: Gardevoir|Protect|p1b: Gardevoir\n|-singleturn|p1b: Gardevoir|Protect\n|move|p2b: Garchomp|Rock Slide|p1a: Aerodactyl|[spread] p1a\n|-activate|p1b: Gardevoir|move: Protect\n|-supereffective|p1a: Aerodactyl|1\n|-damage|p1a: Aerodactyl|22/100\n|cant|p1a: Aerodactyl|flinch\n|move|p2a: Orthworm|Heavy Slam|p1b: Gardevoir\n|-activate|p1b: Gardevoir|move: Protect\n|\n|upkeep\n|turn|3\n|\n|t:|1776465221\n|switch|p2b: Delphox|Delphox, L50, M|100/100\n|switch|p1a: Incineroar|Incineroar, L50, M|100/100\n|-ability|p1a: Incineroar|Intimidate|boost\n|-unboost|p2a: Orthworm|atk|1\n|-unboost|p2b: Delphox|atk|1\n|move|p1b: Gardevoir|Hyper Voice|p2b: Delphox|[spread] p2a,p2b\n|-resisted|p2a: Orthworm|1\n|-resisted|p2b: Delphox|1\n|-damage|p2a: Orthworm|69/100\n|-damage|p2b: Delphox|71/100\n|move|p2a: Orthworm|Heavy Slam|p1b: Gardevoir\n|-supereffective|p1b: Gardevoir|1\n|-damage|p1b: Gardevoir|23/100\n|\n|upkeep\n|turn|4\n|\n|t:|1776465258\n|detailschange|p2b: Delphox|Delphox-Mega, L50, M\n|-mega|p2b: Delphox|Delphox|Delphoxite\n|move|p2b: Delphox|Protect|p2b: Delphox\n|-singleturn|p2b: Delphox|Protect\n|move|p1b: Gardevoir|Protect|p1b: Gardevoir\n|-singleturn|p1b: Gardevoir|Protect\n|move|p1a: Incineroar|Parting Shot|p2b: Delphox\n|-activate|p2b: Delphox|move: Protect\n|move|p2a: Orthworm|Body Press|p1a: Incineroar\n|-supereffective|p1a: Incineroar|1\n|-enditem|p1a: Incineroar|Chople Berry|[eat]\n|-enditem|p1a: Incineroar|Chople Berry|[weaken]\n|-damage|p1a: Incineroar|47/100\n|\n|upkeep\n|turn|5\n|\n|t:|1776465280\n|switch|p1b: Garchomp|Garchomp, L50, M|100/100\n|move|p2b: Delphox|Heat Wave|p1a: Incineroar|[spread] p1a,p1b\n|-resisted|p1a: Incineroar|1\n|-resisted|p1b: Garchomp|1\n|-damage|p1a: Incineroar|30/100\n|-damage|p1b: Garchomp|77/100\n|move|p1a: Incineroar|Parting Shot|p2a: Orthworm\n|-unboost|p2a: Orthworm|atk|1\n|-unboost|p2a: Orthworm|spa|1\n|\n|t:|1776465287\n|switch|p1a: Gardevoir|Gardevoir-Mega, L50, M|23/100|[from] Parting Shot\n|move|p2a: Orthworm|Iron Defense|p2a: Orthworm\n|-boost|p2a: Orthworm|def|2\n|\n|upkeep\n|turn|6\n|\n|t:|1776465310\n|switch|p1b: Incineroar|Incineroar, L50, M|30/100\n|-ability|p1b: Incineroar|Intimidate|boost\n|-unboost|p2a: Orthworm|atk|1\n|-unboost|p2b: Delphox|atk|1\n|move|p1a: Gardevoir|Protect|p1a: Gardevoir\n|-singleturn|p1a: Gardevoir|Protect\n|move|p2b: Delphox|Heat Wave|p1a: Gardevoir|[spread] p1b\n|-activate|p1a: Gardevoir|move: Protect\n|-resisted|p1b: Incineroar|1\n|-damage|p1b: Incineroar|14/100\n|move|p2a: Orthworm|Body Press|p1a: Gardevoir\n|-activate|p1a: Gardevoir|move: Protect\n|\n|upkeep\n|turn|7\n|\n|t:|1776465331\n|move|p1b: Incineroar|Fake Out|p2a: Orthworm\n|-resisted|p2a: Orthworm|1\n|-damage|p2a: Orthworm|68/100\n|move|p2b: Delphox|Heat Wave|p1b: Incineroar|[spread] p1a,p1b\n|-resisted|p1b: Incineroar|1\n|-damage|p1a: Gardevoir|0 fnt\n|-damage|p1b: Incineroar|0 fnt\n|faint|p1a: Gardevoir\n|faint|p1b: Incineroar\n|cant|p2a: Orthworm|flinch\n|\n|upkeep\n|\n|t:|1776465337\n|switch|p1a: Aerodactyl|Aerodactyl, L50, F|22/100\n|switch|p1b: Garchomp|Garchomp, L50, M|77/100\n|-ability|p1a: Aerodactyl|Unnerve\n|turn|8\n|\n|t:|1776465353\n|move|p2b: Delphox|Psychic|p1a: Aerodactyl\n|-damage|p1a: Aerodactyl|0 fnt\n|faint|p1a: Aerodactyl\n|move|p1b: Garchomp|Rock Slide|p2b: Delphox|[spread] p2a,p2b\n|-resisted|p2a: Orthworm|1\n|-supereffective|p2b: Delphox|1\n|-damage|p2a: Orthworm|66/100\n|-damage|p2b: Delphox|8/100\n|move|p2a: Orthworm|Body Press|p1b: Garchomp\n|-damage|p1b: Garchomp|0 fnt\n|-damage|p2a: Orthworm|54/100|[from] ability: Rough Skin|[of] p1b: Garchomp\n|faint|p1b: Garchomp\n|\n|win|toran vgc\n|raw|godfocker's rating: 1217 &rarr; <strong>1194</strong><br />(-23 for losing)\n|raw|toran vgc's rating: 1242 &rarr; <strong>1265</strong><br />(+23 for winning)\n|l|\u2606godfocker\n|player|p1|\n|j|\u2606godfocker\n|player|p1|godfocker|2|\n|l|\u2606godfocker\n|player|p1|\n",
  "uploadtime": 1776465370,
  "views": 31,
  "formatid": "gen9championsvgc2026regma",
  "rating": 1194,
  "private": 0,
  "password": null
}