{
  "id": "gen9championsvgc2026regma-2586110402",
  "format": "[Gen 9 Champions] VGC 2026 Reg M-A",
  "players": [
    "Coldblooded0706",
    "Mark Smith"
  ],
  "log": "|j|\u2606Coldblooded0706\n|j|\u2606Mark Smith\n|t:|1776400211\n|gametype|doubles\n|player|p1|Coldblooded0706|102|1370\n|player|p2|Mark Smith|170|1271\n|gen|9\n|tier|[Gen 9 Champions] VGC 2026 Reg M-A\n|rated|\n|rule|Species Clause: Limit one of each Pok\u00e9mon\n|rule|Item Clause: Limit 1 of each item\n|clearpoke\n|poke|p1|Whimsicott, L50, F|\n|poke|p1|Tyranitar, L50, F|\n|poke|p1|Excadrill, L50, F|\n|poke|p1|Rotom-Wash, L50|\n|poke|p1|Delphox, L50, F|\n|poke|p1|Farigiraf, L50, F|\n|poke|p2|Delphox, L50, M|\n|poke|p2|Garchomp, L50, M|\n|poke|p2|Blastoise, L50, F|\n|poke|p2|Maushold, L50|\n|poke|p2|Whimsicott, L50, F|\n|poke|p2|Weavile, L50, F|\n|teampreview|4\n|inactive|Battle timer is ON: inactive players will automatically lose when time's up. (requested by Coldblooded0706)\nMark Smith rejected open team sheets.\n|inactive|Coldblooded0706 has 60 seconds left.\n|\n|t:|1776400259\n|teamsize|p1|4\n|teamsize|p2|4\n|start\n|switch|p1a: Delphox|Delphox, L50, F|100/100\n|switch|p1b: Excadrill|Excadrill, L50, F|100/100\n|switch|p2a: Whimsicott|Whimsicott, L50, F|100/100\n|switch|p2b: Weavile|Weavile, L50, F|100/100\n|-ability|p2b: Weavile|Pressure\n|turn|1\n|inactive|Coldblooded0706 has 30 seconds left.\n|inactive|Mark Smith has 30 seconds left.\n|inactive|Coldblooded0706 has 20 seconds left.\n|inactive|Coldblooded0706 has 15 seconds left.\n|inactive|Mark Smith has 20 seconds left.\n|\n|t:|1776400305\n|switch|p1a: Tyranitar|Tyranitar, L50, F|100/100\n|-weather|Sandstorm|[from] ability: Sand Stream|[of] p1a: Tyranitar\n|move|p2a: Whimsicott|Tailwind|p2a: Whimsicott\n|-sidestart|p2: Mark Smith|move: Tailwind\n|move|p2b: Weavile|Knock Off|p1a: Tyranitar\n|-resisted|p1a: Tyranitar|1\n|-damage|p1a: Tyranitar|88/100\n|move|p1b: Excadrill|Iron Head|p2a: Whimsicott\n|-supereffective|p2a: Whimsicott|1\n|-damage|p2a: Whimsicott|0 fnt\n|faint|p2a: Whimsicott\n|\n|-weather|Sandstorm|[upkeep]\n|-damage|p2b: Weavile|94/100|[from] Sandstorm\n|upkeep\n|\n|t:|1776400320\n|switch|p2a: Garchomp|Garchomp, L50, M|100/100\n|turn|2\n|\n|t:|1776400330\n|move|p1b: Excadrill|Protect|p1b: Excadrill\n|-singleturn|p1b: Excadrill|Protect\n|move|p1a: Tyranitar|Protect|p1a: Tyranitar\n|-singleturn|p1a: Tyranitar|Protect\n|move|p2b: Weavile|Triple Axel|p1b: Excadrill\n|-activate|p1b: Excadrill|move: Protect\n|move|p2a: Garchomp|Swords Dance|p2a: Garchomp\n|-boost|p2a: Garchomp|atk|2\n|\n|-weather|Sandstorm|[upkeep]\n|-damage|p2b: Weavile|88/100|[from] Sandstorm\n|upkeep\n|turn|3\n|\n|t:|1776400354\n|switch|p1b: Rotom|Rotom-Wash, L50|100/100\n|move|p2b: Weavile|Triple Axel|p1a: Tyranitar\n|-crit|p1a: Tyranitar\n|-damage|p1a: Tyranitar|73/100\n|-damage|p1a: Tyranitar|56/100\n|-damage|p1a: Tyranitar|28/100\n|-hitcount|p1a: Tyranitar|3\n|move|p2a: Garchomp|Earthquake|p1a: Tyranitar|[spread] p2b,p1a\n|-immune|p1b: Rotom|[from] ability: Levitate\n|-supereffective|p1a: Tyranitar|1\n|-damage|p2b: Weavile|0 fnt\n|-damage|p1a: Tyranitar|0 fnt\n|faint|p2b: Weavile\n|faint|p1a: Tyranitar\n|\n|-weather|Sandstorm|[upkeep]\n|-damage|p1b: Rotom|95/100|[from] Sandstorm\n|upkeep\n|inactive|Coldblooded0706 has 30 seconds left.\n|\n|t:|1776400384\n|switch|p2b: Blastoise|Blastoise, L50, F|100/100\n|switch|p1a: Delphox|Delphox, L50, F|100/100\n|turn|4\n|\n|t:|1776400406\n|detailschange|p2b: Blastoise|Blastoise-Mega, L50, F\n|-mega|p2b: Blastoise|Blastoise|Blastoisinite\n|move|p1a: Delphox|Protect|p1a: Delphox\n|-singleturn|p1a: Delphox|Protect\n|move|p2a: Garchomp|Rock Slide|p1a: Delphox|[spread] \n|-activate|p1a: Delphox|move: Protect\n|-miss|p2a: Garchomp|p1b: Rotom\n|move|p2b: Blastoise|Shell Smash|p2b: Blastoise\n|-unboost|p2b: Blastoise|def|1\n|-unboost|p2b: Blastoise|spd|1\n|-boost|p2b: Blastoise|atk|2\n|-boost|p2b: Blastoise|spa|2\n|-boost|p2b: Blastoise|spe|2\n|move|p1b: Rotom|Hydro Pump|p2a: Garchomp\n|-damage|p2a: Garchomp|39/100\n|\n|-weather|Sandstorm|[upkeep]\n|-damage|p2b: Blastoise|95/100|[from] Sandstorm\n|-damage|p1b: Rotom|89/100|[from] Sandstorm\n|-damage|p1a: Delphox|95/100|[from] Sandstorm\n|-sideend|p2: Mark Smith|move: Tailwind\n|upkeep\n|turn|5\n|inactive|Coldblooded0706 has 30 seconds left.\n|\n|t:|1776400435\n|switch|p1b: Excadrill|Excadrill, L50, F|100/100\n|detailschange|p1a: Delphox|Delphox-Mega, L50, F\n|-mega|p1a: Delphox|Delphox|Delphoxite\n|move|p2b: Blastoise|Dark Pulse|p1a: Delphox\n|-supereffective|p1a: Delphox|1\n|-damage|p1a: Delphox|0 fnt\n|faint|p1a: Delphox\n|move|p2a: Garchomp|Rock Slide|p1b: Excadrill\n|-resisted|p1b: Excadrill|2\n|-damage|p1b: Excadrill|81/100\n|\n|-weather|none\n|upkeep\n|\n|t:|1776400442\n|switch|p1a: Rotom|Rotom-Wash, L50|89/100\n|turn|6\n|\n|t:|1776400461\n|move|p2a: Garchomp|Protect|p2a: Garchomp\n|-singleturn|p2a: Garchomp|Protect\n|move|p2b: Blastoise|Dark Pulse|p1a: Rotom\n|-damage|p1a: Rotom|0 fnt\n|faint|p1a: Rotom\n|move|p1b: Excadrill|High Horsepower|p2b: Blastoise\n|-damage|p2b: Blastoise|0 fnt\n|faint|p2b: Blastoise\n|\n|upkeep\n|turn|7\n|\n|t:|1776400473\n|move|p2a: Garchomp|Earthquake|p1b: Excadrill\n|-supereffective|p1b: Excadrill|1\n|-damage|p1b: Excadrill|0 fnt\n|faint|p1b: Excadrill\n|\n|win|Mark Smith\n|raw|Coldblooded0706's rating: 1370 &rarr; <strong>1344</strong><br />(-26 for losing)\n|raw|Mark Smith's rating: 1271 &rarr; <strong>1303</strong><br />(+32 for winning)\n|l|\u2606Coldblooded0706\n|player|p1|\n",
  "uploadtime": 1776400482,
  "views": 35,
  "formatid": "gen9championsvgc2026regma",
  "rating": 1303,
  "private": 0,
  "password": null
}