{
  "id": "gen9championsvgc2026regma-2587320018",
  "format": "[Gen 9 Champions] VGC 2026 Reg M-A",
  "players": [
    "AVGNmasterr",
    "campeondelfitness"
  ],
  "log": "|j|\u2606AVGNmasterr\n|j|\u2606campeondelfitness\n|t:|1776521677\n|gametype|doubles\n|player|p1|AVGNmasterr|blackbelt-gen4dp|1231\n|player|p2|campeondelfitness|swimmer|1190\n|gen|9\n|tier|[Gen 9 Champions] VGC 2026 Reg M-A\n|rated|\n|rule|Species Clause: Limit one of each Pok\u00e9mon\n|rule|Item Clause: Limit 1 of each item\n|clearpoke\n|poke|p1|Gengar, L50, M|\n|poke|p1|Incineroar, L50, F|\n|poke|p1|Rotom-Wash, L50|\n|poke|p1|Clefable, L50, M|\n|poke|p1|Meowstic, L50, M|\n|poke|p1|Sneasler, L50, F|\n|poke|p2|Tyranitar, L50, F|\n|poke|p2|Garchomp, L50, F|\n|poke|p2|Heliolisk, L50, M|\n|poke|p2|Rotom-Heat, L50|\n|poke|p2|Orthworm, L50, M|\n|poke|p2|Aerodactyl, L50, F|\n|teampreview|4\n|inactive|Battle timer is ON: inactive players will automatically lose when time's up. (requested by campeondelfitness)\n|inactive|AVGNmasterr has 60 seconds left.\n|inactive|campeondelfitness has 60 seconds left.\n|inactive|AVGNmasterr has 30 seconds left.\n|inactive|campeondelfitness has 30 seconds left.\n|inactive|AVGNmasterr has 20 seconds left.\n|inactive|campeondelfitness has 20 seconds left.\n|inactive|AVGNmasterr has 15 seconds left.\n|inactive|campeondelfitness has 15 seconds left.\n|inactive|campeondelfitness has 10 seconds left.\n|\n|t:|1776521761\n|teamsize|p1|4\n|teamsize|p2|4\n|start\n|switch|p1a: Incineroar|Incineroar, L50, F|100/100\n|switch|p1b: Rotom|Rotom-Wash, L50|100/100\n|switch|p2a: Orthworm|Orthworm, L50, M|100/100\n|switch|p2b: Tyranitar|Tyranitar, L50, F|100/100\n|-ability|p1a: Incineroar|Intimidate|boost\n|-unboost|p2a: Orthworm|atk|1\n|-unboost|p2b: Tyranitar|atk|1\n|-weather|Sandstorm|[from] ability: Sand Stream|[of] p2b: Tyranitar\n|turn|1\n|inactive|AVGNmasterr has 30 seconds left.\n|inactive|campeondelfitness has 30 seconds left.\n|inactive|AVGNmasterr has 20 seconds left.\n|\n|t:|1776521797\n|move|p1a: Incineroar|Fake Out|p2a: Orthworm\n|-resisted|p2a: Orthworm|1\n|-damage|p2a: Orthworm|98/100\n|move|p1b: Rotom|Will-O-Wisp|p2b: Tyranitar\n|-status|p2b: Tyranitar|brn\n|cant|p2a: Orthworm|flinch\n|move|p2b: Tyranitar|Knock Off|p1b: Rotom\n|-damage|p1b: Rotom|89/100\n|-enditem|p1b: Rotom|Sitrus Berry|[from] move: Knock Off|[of] p2b: Tyranitar\n|\n|-weather|Sandstorm|[upkeep]\n|-damage|p1b: Rotom|83/100|[from] Sandstorm\n|-damage|p1a: Incineroar|95/100|[from] Sandstorm\n|-heal|p2a: Orthworm|100/100|[from] item: Leftovers\n|-damage|p2b: Tyranitar|94/100 brn|[from] brn\n|upkeep\n|turn|2\n|\n|t:|1776521819\n|move|p1b: Rotom|Hydro Pump|p2b: Tyranitar\n|-supereffective|p2b: Tyranitar|1\n|-damage|p2b: Tyranitar|54/100 brn\n|move|p2a: Orthworm|Shed Tail|p2a: Orthworm\n|-start|p2a: Orthworm|Substitute|[from] move: Shed Tail\n|-damage|p2a: Orthworm|50/100\n|\n|t:|1776521830\n|switch|p2a: Aerodactyl|Aerodactyl, L50, F|100/100|[from] Shed Tail\n|-ability|p2a: Aerodactyl|Unnerve\n|move|p1a: Incineroar|Parting Shot|p2a: Aerodactyl\n|-unboost|p2a: Aerodactyl|atk|1\n|-unboost|p2a: Aerodactyl|spa|1\n|\n|t:|1776521840\n|switch|p1a: Clefable|Clefable, L50, M|100/100|[from] Parting Shot\n|move|p2b: Tyranitar|Icy Wind|p1a: Clefable|[spread] p1b\n|-miss|p2b: Tyranitar|p1a: Clefable\n|-resisted|p1b: Rotom|1\n|-damage|p1b: Rotom|79/100\n|-unboost|p1b: Rotom|spe|1\n|\n|-weather|Sandstorm|[upkeep]\n|-damage|p1a: Clefable|95/100|[from] Sandstorm\n|-damage|p1b: Rotom|73/100|[from] Sandstorm\n|-heal|p1a: Clefable|100/100|[from] item: Leftovers\n|-damage|p2b: Tyranitar|47/100 brn|[from] brn\n|upkeep\n|turn|3\n|inactive|campeondelfitness has 30 seconds left.\n|\n|t:|1776521866\n|move|p2b: Tyranitar|Helping Hand|p2a: Aerodactyl\n|-singleturn|p2a: Aerodactyl|Helping Hand|[of] p2b: Tyranitar\n|move|p2a: Aerodactyl|Rock Slide|p1b: Rotom|[spread] p1a\n|-miss|p2a: Aerodactyl|p1b: Rotom\n|-damage|p1a: Clefable|71/100\n|cant|p1a: Clefable|flinch\n|move|p1b: Rotom|Volt Switch|p2a: Aerodactyl\n|-supereffective|p2a: Aerodactyl|1\n|-end|p2a: Aerodactyl|Substitute\n|\n|t:|1776521880\n|switch|p1b: Incineroar|Incineroar, L50, F|95/100|[from] Volt Switch\n|-ability|p1b: Incineroar|Intimidate|boost\n|-unboost|p2a: Aerodactyl|atk|1\n|-unboost|p2b: Tyranitar|atk|1\n|\n|-weather|Sandstorm|[upkeep]\n|-damage|p1a: Clefable|65/100|[from] Sandstorm\n|-damage|p1b: Incineroar|89/100|[from] Sandstorm\n|-heal|p1a: Clefable|71/100|[from] item: Leftovers\n|-damage|p2b: Tyranitar|41/100 brn|[from] brn\n|upkeep\n|turn|4\n|\n|t:|1776521894\n|switch|p2b: Orthworm|Orthworm, L50, M|50/100\n|move|p2a: Aerodactyl|Wide Guard|p2a: Aerodactyl\n|-singleturn|p2a: Aerodactyl|Wide Guard\n|move|p1a: Clefable|Life Dew|p1a: Clefable|[spread] p1a,p1b\n|-heal|p1a: Clefable|96/100\n|-heal|p1b: Incineroar|100/100\n|move|p1b: Incineroar|Will-O-Wisp|p2a: Aerodactyl|[miss]\n|-miss|p1b: Incineroar|p2a: Aerodactyl\n|\n|-weather|Sandstorm|[upkeep]\n|-damage|p1a: Clefable|90/100|[from] Sandstorm\n|-damage|p1b: Incineroar|95/100|[from] Sandstorm\n|-heal|p2b: Orthworm|56/100|[from] item: Leftovers\n|-heal|p1a: Clefable|96/100|[from] item: Leftovers\n|upkeep\n|turn|5\n|\n|t:|1776521915\n|move|p2a: Aerodactyl|Tailwind|p2a: Aerodactyl\n|-sidestart|p2: campeondelfitness|move: Tailwind\n|move|p2b: Orthworm|Iron Defense|p2b: Orthworm\n|-boost|p2b: Orthworm|def|2\n|move|p1a: Clefable|Moonblast|p2a: Aerodactyl\n|-damage|p2a: Aerodactyl|71/100\n|move|p1b: Incineroar|Parting Shot|p2b: Orthworm\n|-unboost|p2b: Orthworm|atk|1\n|-unboost|p2b: Orthworm|spa|1\n|\n|t:|1776521928\n|switch|p1b: Rotom|Rotom-Wash, L50|73/100|[from] Parting Shot\n|\n|-weather|none\n|-heal|p2b: Orthworm|63/100|[from] item: Leftovers\n|-heal|p1a: Clefable|100/100|[from] item: Leftovers\n|upkeep\n|turn|6\n|\n|t:|1776521945\n|switch|p2a: Tyranitar|Tyranitar, L50, F|41/100 brn\n|-weather|Sandstorm|[from] ability: Sand Stream|[of] p2a: Tyranitar\n|move|p2b: Orthworm|Body Press|p1b: Rotom\n|-damage|p1b: Rotom|10/100\n|move|p1b: Rotom|Volt Switch|p2a: Tyranitar\n|-damage|p2a: Tyranitar|28/100 brn\n|\n|t:|1776521956\n|switch|p1b: Incineroar|Incineroar, L50, F|95/100|[from] Volt Switch\n|-ability|p1b: Incineroar|Intimidate|boost\n|-unboost|p2a: Tyranitar|atk|1\n|-unboost|p2b: Orthworm|atk|1\n|move|p1a: Clefable|Life Dew||[still]|[spread] p1a,p1b\n|-fail|p1a: Clefable|heal\n|-heal|p1b: Incineroar|100/100\n|\n|-weather|Sandstorm|[upkeep]\n|-damage|p1a: Clefable|95/100|[from] Sandstorm\n|-damage|p1b: Incineroar|95/100|[from] Sandstorm\n|-heal|p2b: Orthworm|69/100|[from] item: Leftovers\n|-heal|p1a: Clefable|100/100|[from] item: Leftovers\n|-damage|p2a: Tyranitar|21/100 brn|[from] brn\n|upkeep\n|turn|7\n|\n|t:|1776521977\n|move|p2a: Tyranitar|Helping Hand|p2b: Orthworm\n|-singleturn|p2b: Orthworm|Helping Hand|[of] p2a: Tyranitar\n|move|p2b: Orthworm|Body Press|p1b: Incineroar\n|-supereffective|p1b: Incineroar|1\n|-damage|p1b: Incineroar|0 fnt\n|faint|p1b: Incineroar\n|move|p1a: Clefable|Moonblast|p2b: Orthworm\n|-resisted|p2b: Orthworm|1\n|-damage|p2b: Orthworm|45/100\n|-unboost|p2b: Orthworm|spa|1\n|\n|-weather|Sandstorm|[upkeep]\n|-damage|p1a: Clefable|95/100|[from] Sandstorm\n|-heal|p2b: Orthworm|51/100|[from] item: Leftovers\n|-heal|p1a: Clefable|100/100|[from] item: Leftovers\n|-damage|p2a: Tyranitar|15/100 brn|[from] brn\n|upkeep\n|\n|t:|1776521988\n|switch|p1b: Sneasler|Sneasler, L50, F|100/100\n|turn|8\n|\n|t:|1776522009\n|switch|p2a: Aerodactyl|Aerodactyl, L50, F|71/100\n|-ability|p2a: Aerodactyl|Unnerve\n|move|p1b: Sneasler|Fake Out|p2b: Orthworm\n|-resisted|p2b: Orthworm|1\n|-damage|p2b: Orthworm|49/100\n|cant|p2b: Orthworm|flinch\n|move|p1a: Clefable|Moonblast|p2b: Orthworm\n|-resisted|p2b: Orthworm|1\n|-damage|p2b: Orthworm|22/100\n|\n|-weather|Sandstorm|[upkeep]\n|-damage|p1b: Sneasler|95/100|[from] Sandstorm\n|-damage|p1a: Clefable|95/100|[from] Sandstorm\n|-heal|p2b: Orthworm|28/100|[from] item: Leftovers\n|-heal|p1a: Clefable|100/100|[from] item: Leftovers\n|-sideend|p2: campeondelfitness|move: Tailwind\n|upkeep\n|turn|9\n|\n|t:|1776522032\n|move|p1a: Clefable|Follow Me|p1a: Clefable\n|-singleturn|p1a: Clefable|move: Follow Me\n|move|p2a: Aerodactyl|Dual Wingbeat|p1a: Clefable\n|-damage|p1a: Clefable|84/100\n|-damage|p1a: Clefable|66/100\n|-hitcount|p1a: Clefable|2\n|move|p1b: Sneasler|Close Combat|p2b: Orthworm\n|-supereffective|p2b: Orthworm|1\n|-crit|p2b: Orthworm\n|-damage|p2b: Orthworm|0 fnt\n|-unboost|p1b: Sneasler|def|1\n|-unboost|p1b: Sneasler|spd|1\n|faint|p2b: Orthworm\n|\n|-weather|Sandstorm|[upkeep]\n|-damage|p1b: Sneasler|89/100|[from] Sandstorm\n|-damage|p1a: Clefable|60/100|[from] Sandstorm\n|-heal|p1a: Clefable|66/100|[from] item: Leftovers\n|upkeep\n|\n|t:|1776522049\n|switch|p2b: Garchomp|Garchomp, L50, F|100/100\n|turn|10\n|\n|t:|1776522056\n|switch|p1b: Rotom|Rotom-Wash, L50|10/100\n|detailschange|p2b: Garchomp|Garchomp-Mega, L50, F\n|-mega|p2b: Garchomp|Garchomp|Garchompite\n|move|p2b: Garchomp|Protect|p2b: Garchomp\n|-singleturn|p2b: Garchomp|Protect\n|move|p2a: Aerodactyl|Tailwind|p2a: Aerodactyl\n|-sidestart|p2: campeondelfitness|move: Tailwind\n|move|p1a: Clefable|Life Dew|p1a: Clefable|[spread] p1a,p1b\n|-heal|p1a: Clefable|91/100\n|-heal|p1b: Rotom|35/100\n|\n|-weather|none\n|-heal|p1a: Clefable|97/100|[from] item: Leftovers\n|upkeep\n|turn|11\n|inactive|campeondelfitness has 30 seconds left.\n|\n|t:|1776522084\n|switch|p2a: Tyranitar|Tyranitar, L50, F|15/100 brn\n|-weather|Sandstorm|[from] ability: Sand Stream|[of] p2a: Tyranitar\n|move|p1b: Rotom|Protect|p1b: Rotom\n|-singleturn|p1b: Rotom|Protect\n|move|p2b: Garchomp|Dragon Claw|p1b: Rotom\n|-activate|p1b: Rotom|move: Protect\n|move|p1a: Clefable|Moonblast|p2b: Garchomp\n|-supereffective|p2b: Garchomp|1\n|-damage|p2b: Garchomp|41/100\n|-unboost|p2b: Garchomp|spa|1\n|\n|-weather|Sandstorm|[upkeep]\n|-damage|p1b: Rotom|29/100|[from] Sandstorm\n|-damage|p1a: Clefable|91/100|[from] Sandstorm\n|-heal|p1a: Clefable|97/100|[from] item: Leftovers\n|-damage|p2a: Tyranitar|9/100 brn|[from] brn\n|upkeep\n|turn|12\n|inactive|campeondelfitness has 30 seconds left.\n|\n|t:|1776522118\n|move|p2b: Garchomp|Protect|p2b: Garchomp\n|-singleturn|p2b: Garchomp|Protect\n|move|p2a: Tyranitar|Knock Off|p1b: Rotom\n|-damage|p1b: Rotom|16/100\n|move|p1b: Rotom|Volt Switch|p2a: Tyranitar\n|-damage|p2a: Tyranitar|0 fnt\n|faint|p2a: Tyranitar\n|\n|t:|1776522129\n|switch|p1b: Sneasler|Sneasler, L50, F|89/100|[from] Volt Switch\n|move|p1a: Clefable|Moonblast|p2b: Garchomp\n|-activate|p2b: Garchomp|move: Protect\n|\n|-weather|Sandstorm|[upkeep]\n|-damage|p1b: Sneasler|83/100|[from] Sandstorm\n|-damage|p1a: Clefable|91/100|[from] Sandstorm\n|-heal|p1a: Clefable|97/100|[from] item: Leftovers\n|upkeep\n|\n|t:|1776522137\n|switch|p2a: Aerodactyl|Aerodactyl, L50, F|71/100\n|-ability|p2a: Aerodactyl|Unnerve\n|turn|13\n|\n|t:|1776522156\n|move|p2b: Garchomp|Protect|p2b: Garchomp\n|-singleturn|p2b: Garchomp|Protect\n|move|p1b: Sneasler|Fake Out|p2b: Garchomp\n|-activate|p2b: Garchomp|move: Protect\n|move|p2a: Aerodactyl|Dual Wingbeat|p1b: Sneasler\n|-supereffective|p1b: Sneasler|1\n|-damage|p1b: Sneasler|15/100\n|-supereffective|p1b: Sneasler|1\n|-damage|p1b: Sneasler|0 fnt\n|faint|p1b: Sneasler\n|-hitcount|p1: Sneasler|2\n|move|p1a: Clefable|Moonblast|p2b: Garchomp\n|-activate|p2b: Garchomp|move: Protect\n|\n|-weather|Sandstorm|[upkeep]\n|-damage|p1a: Clefable|91/100|[from] Sandstorm\n|-heal|p1a: Clefable|97/100|[from] item: Leftovers\n|-sideend|p2: campeondelfitness|move: Tailwind\n|upkeep\n|\n|t:|1776522163\n|switch|p1b: Rotom|Rotom-Wash, L50|16/100\n|turn|14\n|\n|t:|1776522178\n|move|p1b: Rotom|Protect|p1b: Rotom\n|-singleturn|p1b: Rotom|Protect\n|move|p2a: Aerodactyl|Rock Slide|p1b: Rotom|[spread] p1a\n|-activate|p1b: Rotom|move: Protect\n|-damage|p1a: Clefable|76/100\n|move|p2b: Garchomp|Earthquake|p1b: Rotom|[spread] p1a\n|-activate|p1b: Rotom|move: Protect\n|-immune|p2a: Aerodactyl\n|-damage|p1a: Clefable|18/100\n|cant|p1a: Clefable|flinch\n|\n|-weather|Sandstorm|[upkeep]\n|-damage|p1b: Rotom|10/100|[from] Sandstorm\n|-damage|p1a: Clefable|12/100|[from] Sandstorm\n|-heal|p1a: Clefable|18/100|[from] item: Leftovers\n|upkeep\n|turn|15\n|\n|t:|1776522197\n|move|p1a: Clefable|Protect|p1a: Clefable\n|-singleturn|p1a: Clefable|Protect\n|move|p2a: Aerodactyl|Rock Slide|p1a: Clefable|[spread] p1b\n|-activate|p1a: Clefable|move: Protect\n|-damage|p1b: Rotom|0 fnt\n|faint|p1b: Rotom\n|move|p2b: Garchomp|Earthquake|p1a: Clefable|[spread] \n|-activate|p1a: Clefable|move: Protect\n|-immune|p2a: Aerodactyl\n|\n|-weather|none\n|-heal|p1a: Clefable|24/100|[from] item: Leftovers\n|upkeep\n|turn|16\n|c|\u2606AVGNmasterr|Bg\n|-message|AVGNmasterr forfeited.\n|\n|win|campeondelfitness\n|raw|AVGNmasterr's rating: 1231 &rarr; <strong>1203</strong><br />(-28 for losing)\n|raw|campeondelfitness's rating: 1190 &rarr; <strong>1218</strong><br />(+28 for winning)\n|l|\u2606AVGNmasterr\n|player|p1|\n|c|\u2606campeondelfitness|yes\n",
  "uploadtime": 1776522216,
  "views": 29,
  "formatid": "gen9championsvgc2026regma",
  "rating": 1203,
  "private": 0,
  "password": null
}