{
  "id": "gen9championsvgc2026regma-2583746905",
  "format": "[Gen 9 Champions] VGC 2026 Reg M-A",
  "players": [
    "Chocolatebeast9800",
    "perjutsu24"
  ],
  "log": "|j|\u2606Chocolatebeast9800\n|j|\u2606perjutsu24\n|t:|1776194927\n|gametype|doubles\n|player|p1|Chocolatebeast9800|2|1182\n|player|p2|perjutsu24|cynthia-gen4|1206\n|gen|9\n|tier|[Gen 9 Champions] VGC 2026 Reg M-A\n|rated|\n|rule|Species Clause: Limit one of each Pok\u00e9mon\n|rule|Item Clause: Limit 1 of each item\n|clearpoke\n|poke|p1|Aggron, L50, M|\n|poke|p1|Sinistcha, L50|\n|poke|p1|Incineroar, L50, F|\n|poke|p1|Garchomp, L50, F|\n|poke|p1|Pelipper, L50, F|\n|poke|p1|Aerodactyl, L50, F|\n|poke|p2|Aggron, L50, M|\n|poke|p2|Pelipper, L50, F|\n|poke|p2|Incineroar, L50, F|\n|poke|p2|Sneasler, L50, M|\n|poke|p2|Sinistcha, L50|\n|poke|p2|Ceruledge, L50, F|\n|teampreview|4\n|\n|t:|1776194959\n|teamsize|p1|4\n|teamsize|p2|4\n|start\n|switch|p1a: Aggron|Aggron, L50, M|100/100\n|switch|p1b: Incineroar|Incineroar, L50, F|100/100\n|switch|p2a: Aggron|Aggron, L50, M|100/100\n|switch|p2b: Sneasler|Sneasler, L50, M|100/100\n|-ability|p1b: Incineroar|Intimidate|boost\n|-unboost|p2a: Aggron|atk|1\n|-unboost|p2b: Sneasler|atk|1\n|-enditem|p2b: Sneasler|White Herb\n|-clearnegativeboost|p2b: Sneasler|[silent]\n|turn|1\n|inactive|Battle timer is ON: inactive players will automatically lose when time's up. (requested by perjutsu24)\n|\n|t:|1776194993\n|switch|p1a: Pelipper|Pelipper, L50, F|100/100\n|-weather|RainDance|[from] ability: Drizzle|[of] p1a: Pelipper\n|detailschange|p2a: Aggron|Aggron-Mega, L50, M\n|-mega|p2a: Aggron|Aggron|Aggronite\n|move|p2b: Sneasler|Quick Guard|p2b: Sneasler\n|-singleturn|p2b: Sneasler|Quick Guard\n|move|p1b: Incineroar|Parting Shot|p2b: Sneasler\n|-unboost|p2b: Sneasler|atk|1\n|-unboost|p2b: Sneasler|spa|1\n|\n|t:|1776195005\n|switch|p1b: Aggron|Aggron, L50, M|100/100|[from] Parting Shot\n|move|p2a: Aggron|Iron Defense|p2a: Aggron\n|-boost|p2a: Aggron|def|2\n|\n|-weather|RainDance|[upkeep]\n|upkeep\n|turn|2\n|\n|t:|1776195025\n|detailschange|p1b: Aggron|Aggron-Mega, L50, M\n|-mega|p1b: Aggron|Aggron|Aggronite\n|move|p2b: Sneasler|Dire Claw|p1a: Pelipper\n|-damage|p1a: Pelipper|60/100\n|move|p1a: Pelipper|Tailwind|p1a: Pelipper\n|-sidestart|p1: Chocolatebeast9800|move: Tailwind\n|move|p1b: Aggron|Iron Defense|p1b: Aggron\n|-boost|p1b: Aggron|def|2\n|move|p2a: Aggron|Body Press|p1b: Aggron\n|-supereffective|p1b: Aggron|1\n|-damage|p1b: Aggron|72/100\n|\n|-weather|RainDance|[upkeep]\n|upkeep\n|turn|3\n|\n|t:|1776195046\n|move|p2a: Aggron|Protect|p2a: Aggron\n|-singleturn|p2a: Aggron|Protect\n|move|p2b: Sneasler|Dire Claw|p1a: Pelipper\n|-damage|p1a: Pelipper|23/100\n|move|p1a: Pelipper|Hurricane|p2a: Aggron\n|-activate|p2a: Aggron|move: Protect\n|move|p1b: Aggron|Iron Defense|p1b: Aggron\n|-boost|p1b: Aggron|def|2\n|\n|-weather|RainDance|[upkeep]\n|upkeep\n|turn|4\n|\n|t:|1776195064\n|move|p1a: Pelipper|Protect|p1a: Pelipper\n|-singleturn|p1a: Pelipper|Protect\n|move|p2b: Sneasler|Dire Claw|p1a: Pelipper\n|-activate|p1a: Pelipper|move: Protect\n|move|p1b: Aggron|Body Press|p2a: Aggron\n|-supereffective|p2a: Aggron|1\n|-damage|p2a: Aggron|56/100\n|move|p2a: Aggron|Iron Defense|p2a: Aggron\n|-boost|p2a: Aggron|def|2\n|\n|-weather|RainDance|[upkeep]\n|upkeep\n|turn|5\n|\n|t:|1776195086\n|switch|p1a: Sinistcha|Sinistcha, L50|100/100\n|-heal|p1b: Aggron|97/100|[from] ability: Hospitality|[of] p1a: Sinistcha\n|move|p2b: Sneasler|Dire Claw|p1a: Sinistcha\n|-damage|p1a: Sinistcha|76/100\n|move|p1b: Aggron|Body Press|p2b: Sneasler\n|-resisted|p2b: Sneasler|1\n|-crit|p2b: Sneasler\n|-damage|p2b: Sneasler|0 fnt\n|faint|p2b: Sneasler\n|move|p2a: Aggron|Iron Defense|p2a: Aggron\n|-boost|p2a: Aggron|def|2\n|\n|-weather|none\n|-sideend|p1: Chocolatebeast9800|move: Tailwind\n|upkeep\n|\n|t:|1776195097\n|switch|p2b: Sinistcha|Sinistcha, L50|100/100\n|-heal|p2a: Aggron|81/100|[from] ability: Hospitality|[of] p2b: Sinistcha\n|turn|6\n|\n|t:|1776195113\n|move|p1a: Sinistcha|Matcha Gotcha|p2b: Sinistcha|[spread] p2a,p2b\n|-resisted|p2a: Aggron|1\n|-resisted|p2b: Sinistcha|1\n|-damage|p2a: Aggron|71/100\n|-heal|p1a: Sinistcha|82/100|[from] drain|[of] p2a: Aggron\n|-damage|p2b: Sinistcha|89/100\n|-heal|p1a: Sinistcha|88/100|[from] drain|[of] p2b: Sinistcha\n|move|p2b: Sinistcha|Matcha Gotcha|p1a: Sinistcha|[spread] p1a,p1b\n|-resisted|p1a: Sinistcha|1\n|-resisted|p1b: Aggron|1\n|-damage|p1a: Sinistcha|77/100\n|-heal|p2b: Sinistcha|94/100|[from] drain|[of] p1a: Sinistcha\n|-damage|p1b: Aggron|86/100\n|-heal|p2b: Sinistcha|99/100|[from] drain|[of] p1b: Aggron\n|move|p1b: Aggron|Iron Defense|p1b: Aggron\n|-boost|p1b: Aggron|def|2\n|move|p2a: Aggron|Heavy Slam|p1a: Sinistcha\n|-damage|p1a: Sinistcha|46/100\n|-enditem|p1a: Sinistcha|Sitrus Berry|[eat]\n|-heal|p1a: Sinistcha|71/100|[from] item: Sitrus Berry\n|\n|upkeep\n|turn|7\n|inactive|Chocolatebeast9800 has 30 seconds left.\n|inactive|perjutsu24 has 30 seconds left.\n|\n|t:|1776195145\n|move|p1a: Sinistcha|Matcha Gotcha|p2b: Sinistcha|[spread] p2a,p2b\n|-resisted|p2a: Aggron|1\n|-crit|p2a: Aggron\n|-resisted|p2b: Sinistcha|1\n|-damage|p2a: Aggron|56/100\n|-heal|p1a: Sinistcha|79/100|[from] drain|[of] p2a: Aggron\n|-damage|p2b: Sinistcha|89/100\n|-heal|p1a: Sinistcha|85/100|[from] drain|[of] p2b: Sinistcha\n|move|p2b: Sinistcha|Matcha Gotcha|p1b: Aggron|[spread] p1a,p1b\n|-resisted|p1a: Sinistcha|1\n|-resisted|p1b: Aggron|1\n|-damage|p1a: Sinistcha|73/100\n|-heal|p2b: Sinistcha|94/100|[from] drain|[of] p1a: Sinistcha\n|-damage|p1b: Aggron|74/100\n|-heal|p2b: Sinistcha|99/100|[from] drain|[of] p1b: Aggron\n|-status|p1b: Aggron|brn\n|move|p2a: Aggron|Body Press|p1b: Aggron\n|-supereffective|p1b: Aggron|1\n|-damage|p1b: Aggron|44/100 brn\n|move|p1b: Aggron|Body Press|p2a: Aggron\n|-supereffective|p2a: Aggron|1\n|-damage|p2a: Aggron|40/100\n|\n|-damage|p1b: Aggron|38/100 brn|[from] brn\n|upkeep\n|turn|8\n|inactive|Chocolatebeast9800 has 30 seconds left.\n|inactive|perjutsu24 has 30 seconds left.\n|\n|t:|1776195178\n|move|p2a: Aggron|Protect|p2a: Aggron\n|-singleturn|p2a: Aggron|Protect\n|move|p1a: Sinistcha|Matcha Gotcha|p2b: Sinistcha|[spread] p2b\n|-activate|p2a: Aggron|move: Protect\n|-resisted|p2b: Sinistcha|1\n|-damage|p2b: Sinistcha|89/100\n|-heal|p1a: Sinistcha|79/100|[from] drain|[of] p2b: Sinistcha\n|move|p2b: Sinistcha|Life Dew|p2b: Sinistcha|[spread] p2a,p2b\n|-heal|p2a: Aggron|65/100\n|-heal|p2b: Sinistcha|100/100\n|move|p1b: Aggron|Body Press|p2a: Aggron\n|-activate|p2a: Aggron|move: Protect\n|\n|-damage|p1b: Aggron|32/100 brn|[from] brn\n|upkeep\n|turn|9\n|\n|t:|1776195199\n|move|p2b: Sinistcha|Rage Powder|p2b: Sinistcha\n|-singleturn|p2b: Sinistcha|move: Rage Powder\n|move|p1a: Sinistcha|Life Dew|p1a: Sinistcha|[spread] p1a,p1b\n|-heal|p1a: Sinistcha|100/100\n|-heal|p1b: Aggron|57/100 brn\n|move|p1b: Aggron|Body Press|p2b: Sinistcha\n|-immune|p2b: Sinistcha\n|move|p2a: Aggron|Body Press|p1b: Aggron\n|-supereffective|p1b: Aggron|1\n|-damage|p1b: Aggron|27/100 brn\n|\n|-damage|p1b: Aggron|21/100 brn|[from] brn\n|upkeep\n|turn|10\n|\n|t:|1776195220\n|move|p1b: Aggron|Protect|p1b: Aggron\n|-singleturn|p1b: Aggron|Protect\n|move|p1a: Sinistcha|Life Dew||[still]|[spread] p1a,p1b\n|-fail|p1a: Sinistcha|heal\n|-heal|p1b: Aggron|47/100 brn\n|move|p2b: Sinistcha|Matcha Gotcha|p1b: Aggron|[spread] p1a\n|-activate|p1b: Aggron|move: Protect\n|-resisted|p1a: Sinistcha|1\n|-damage|p1a: Sinistcha|88/100\n|move|p2a: Aggron|Heavy Slam|p1a: Sinistcha\n|-damage|p1a: Sinistcha|57/100\n|\n|-damage|p1b: Aggron|41/100 brn|[from] brn\n|upkeep\n|turn|11\n|\n|t:|1776195242\n|switch|p1a: Pelipper|Pelipper, L50, F|23/100\n|-weather|RainDance|[from] ability: Drizzle|[of] p1a: Pelipper\n|move|p2b: Sinistcha|Rage Powder|p2b: Sinistcha\n|-singleturn|p2b: Sinistcha|move: Rage Powder\n|move|p2a: Aggron|Body Press|p1b: Aggron\n|-supereffective|p1b: Aggron|1\n|-damage|p1b: Aggron|14/100 brn\n|move|p1b: Aggron|Body Press|p2b: Sinistcha\n|-immune|p2b: Sinistcha\n|\n|-weather|RainDance|[upkeep]\n|-damage|p1b: Aggron|8/100 brn|[from] brn\n|upkeep\n|turn|12\n|\n|t:|1776195263\n|move|p1b: Aggron|Protect|p1b: Aggron\n|-singleturn|p1b: Aggron|Protect\n|move|p1a: Pelipper|Hurricane|p2b: Sinistcha\n|-supereffective|p2b: Sinistcha|1\n|-damage|p2b: Sinistcha|23/100\n|move|p2b: Sinistcha|Matcha Gotcha|p1a: Pelipper|[spread] p1a\n|-activate|p1b: Aggron|move: Protect\n|-damage|p1a: Pelipper|0 fnt\n|-heal|p2b: Sinistcha|32/100|[from] drain|[of] p1a: Pelipper\n|faint|p1a: Pelipper\n|move|p2a: Aggron|Heavy Slam|p1b: Aggron\n|-activate|p1b: Aggron|move: Protect\n|\n|-weather|RainDance|[upkeep]\n|-damage|p1b: Aggron|2/100 brn|[from] brn\n|upkeep\n|\n|t:|1776195281\n|switch|p1a: Sinistcha|Sinistcha, L50|57/100\n|-heal|p1b: Aggron|27/100 brn|[from] ability: Hospitality|[of] p1a: Sinistcha\n|turn|13\n|\n|t:|1776195303\n|move|p2a: Aggron|Protect|p2a: Aggron\n|-singleturn|p2a: Aggron|Protect\n|move|p2b: Sinistcha|Life Dew|p2b: Sinistcha|[spread] p2a,p2b\n|-heal|p2a: Aggron|90/100\n|-heal|p2b: Sinistcha|56/100\n|move|p1a: Sinistcha|Matcha Gotcha|p2a: Aggron|[spread] p2b\n|-activate|p2a: Aggron|move: Protect\n|-resisted|p2b: Sinistcha|1\n|-damage|p2b: Sinistcha|46/100\n|-heal|p1a: Sinistcha|63/100|[from] drain|[of] p2b: Sinistcha\n|move|p1b: Aggron|Heavy Slam|p2b: Sinistcha\n|-damage|p2b: Sinistcha|18/100\n|\n|-weather|RainDance|[upkeep]\n|-damage|p1b: Aggron|21/100 brn|[from] brn\n|upkeep\n|turn|14\n|inactive|Chocolatebeast9800 has 30 seconds left.\n|\n|t:|1776195331\n|move|p1a: Sinistcha|Rage Powder|p1a: Sinistcha\n|-singleturn|p1a: Sinistcha|move: Rage Powder\n|move|p2b: Sinistcha|Matcha Gotcha|p1b: Aggron|[spread] p1a,p1b\n|-resisted|p1a: Sinistcha|1\n|-resisted|p1b: Aggron|1\n|-damage|p1a: Sinistcha|52/100\n|-heal|p2b: Sinistcha|23/100|[from] drain|[of] p1a: Sinistcha\n|-damage|p1b: Aggron|11/100 brn\n|-heal|p2b: Sinistcha|28/100|[from] drain|[of] p1b: Aggron\n|move|p1b: Aggron|Heavy Slam|p2b: Sinistcha\n|-damage|p2b: Sinistcha|4/100\n|move|p2a: Aggron|Heavy Slam|p1a: Sinistcha\n|-damage|p1a: Sinistcha|20/100\n|\n|-weather|RainDance|[upkeep]\n|-damage|p1b: Aggron|5/100 brn|[from] brn\n|upkeep\n|turn|15\n|inactive|Chocolatebeast9800 has 30 seconds left.\n|\n|t:|1776195357\n|switch|p1b: Incineroar|Incineroar, L50, F|100/100\n|-ability|p1b: Incineroar|Intimidate|boost\n|-unboost|p2a: Aggron|atk|1\n|-unboost|p2b: Sinistcha|atk|1\n|move|p2b: Sinistcha|Matcha Gotcha|p1a: Sinistcha|[spread] p1a,p1b\n|-resisted|p1a: Sinistcha|1\n|-resisted|p1b: Incineroar|1\n|-damage|p1a: Sinistcha|9/100\n|-heal|p2b: Sinistcha|9/100|[from] drain|[of] p1a: Sinistcha\n|-damage|p1b: Incineroar|90/100\n|-heal|p2b: Sinistcha|14/100|[from] drain|[of] p1b: Incineroar\n|move|p1a: Sinistcha|Matcha Gotcha|p2b: Sinistcha|[spread] p2a,p2b\n|-resisted|p2a: Aggron|1\n|-resisted|p2b: Sinistcha|1\n|-damage|p2a: Aggron|79/100\n|-heal|p1a: Sinistcha|15/100|[from] drain|[of] p2a: Aggron\n|-damage|p2b: Sinistcha|3/100\n|-heal|p1a: Sinistcha|21/100|[from] drain|[of] p2b: Sinistcha\n|move|p2a: Aggron|Heavy Slam|p1a: Sinistcha\n|-damage|p1a: Sinistcha|0 fnt\n|faint|p1a: Sinistcha\n|\n|-weather|none\n|upkeep\n|inactive|Chocolatebeast9800 has 30 seconds left.\n|\n|t:|1776195383\n|switch|p1a: Aggron|Aggron-Mega, L50, M|5/100 brn\n|turn|16\n|\n|t:|1776195399\n|move|p2a: Aggron|Protect|p2a: Aggron\n|-singleturn|p2a: Aggron|Protect\n|move|p1a: Aggron|Protect|p1a: Aggron\n|-singleturn|p1a: Aggron|Protect\n|move|p1b: Incineroar|Throat Chop|p2b: Sinistcha\n|-supereffective|p2b: Sinistcha|1\n|-crit|p2b: Sinistcha\n|-enditem|p2b: Sinistcha|Colbur Berry|[eat]\n|-enditem|p2b: Sinistcha|Colbur Berry|[weaken]\n|-damage|p2b: Sinistcha|0 fnt\n|faint|p2b: Sinistcha\n|\n|-damage|p1a: Aggron|0 fnt|[from] brn\n|faint|p1a: Aggron\n|upkeep\n|\n|t:|1776195421\n|switch|p2b: Pelipper|Pelipper, L50, F|100/100\n|turn|17\n|\n|t:|1776195434\n|move|p2b: Pelipper|Muddy Water|p1b: Incineroar\n|-supereffective|p1b: Incineroar|1\n|-enditem|p1b: Incineroar|Passho Berry|[eat]\n|-enditem|p1b: Incineroar|Passho Berry|[weaken]\n|-damage|p1b: Incineroar|52/100\n|-unboost|p1b: Incineroar|accuracy|1\n|move|p1b: Incineroar|Snarl|p2b: Pelipper|[spread] p2a\n|-miss|p1b: Incineroar|p2b: Pelipper\n|-damage|p2a: Aggron|70/100\n|-unboost|p2a: Aggron|spa|1\n|move|p2a: Aggron|Body Press|p1b: Incineroar\n|-supereffective|p1b: Incineroar|1\n|-damage|p1b: Incineroar|0 fnt\n|faint|p1b: Incineroar\n|\n|win|perjutsu24\n|raw|Chocolatebeast9800's rating: 1182 &rarr; <strong>1159</strong><br />(-23 for losing)\n|raw|perjutsu24's rating: 1206 &rarr; <strong>1229</strong><br />(+23 for winning)\n|l|\u2606Chocolatebeast9800\n|player|p1|\n|c|\u2606perjutsu24|gg idk why peli is rain dish ignore that\n",
  "uploadtime": 1776195459,
  "views": 48,
  "formatid": "gen9championsvgc2026regma",
  "rating": 1159,
  "private": 0,
  "password": null
}