{
  "id": "gen9championsvgc2026regma-2588548504",
  "format": "[Gen 9 Champions] VGC 2026 Reg M-A",
  "players": [
    "SukyShiro",
    "gahtut"
  ],
  "log": "|j|\u2606SukyShiro\n|j|\u2606gahtut\n|t:|1776643865\n|gametype|doubles\n|player|p1|SukyShiro|dawn|1119\n|player|p2|gahtut|1|1091\n|gen|9\n|tier|[Gen 9 Champions] VGC 2026 Reg M-A\n|rated|\n|rule|Species Clause: Limit one of each Pok\u00e9mon\n|rule|Item Clause: Limit 1 of each item\n|clearpoke\n|poke|p1|Tinkaton, L50, F|\n|poke|p1|Kommo-o, L50, M|\n|poke|p1|Garchomp, L50, F|\n|poke|p1|Gengar, L50, F|\n|poke|p1|Rotom-Wash, L50|\n|poke|p1|Tyranitar, L50, F|\n|poke|p2|Gengar, L50, M, shiny|\n|poke|p2|Sableye, L50, F, shiny|\n|poke|p2|Basculegion, L50, M, shiny|\n|poke|p2|Pelipper, L50, M, shiny|\n|poke|p2|Maushold-Four, L50|\n|poke|p2|Kingambit, L50, F, shiny|\n|teampreview|4\n|inactive|Battle timer is ON: inactive players will automatically lose when time's up. (requested by SukyShiro)\ngahtut rejected open team sheets.\n|inactive|SukyShiro has 60 seconds left.\n|\n|t:|1776643899\n|teamsize|p1|4\n|teamsize|p2|4\n|start\n|switch|p1a: kum|Kommo-o, L50, M|100/100\n|switch|p1b: a|Tyranitar, L50, F|100/100\n|switch|p2a: Gengar|Gengar, L50, M, shiny|100/100\n|switch|p2b: Sableye|Sableye, L50, F, shiny|100/100\n|-weather|Sandstorm|[from] ability: Sand Stream|[of] p1b: a\n|turn|1\n|\n|t:|1776643921\n|detailschange|p2a: Gengar|Gengar-Mega, L50, M, shiny\n|-mega|p2a: Gengar|Gengar|Gengarite\n|move|p1a: kum|Protect|p1a: kum\n|-singleturn|p1a: kum|Protect\n|move|p1b: a|Protect|p1b: a\n|-singleturn|p1b: a|Protect\n|move|p2b: Sableye|Gravity|p2b: Sableye\n|-fieldstart|move: Gravity\n|move|p2a: Gengar|Hypnosis|p1b: a\n|-activate|p1b: a|move: Protect\n|\n|-weather|Sandstorm|[upkeep]\n|-damage|p2a: Gengar|95/100|[from] Sandstorm\n|-damage|p1a: kum|95/100|[from] Sandstorm\n|-damage|p2b: Sableye|95/100|[from] Sandstorm\n|-heal|p1a: kum|100/100|[from] item: Leftovers\n|upkeep\n|turn|2\n|\n|t:|1776643940\n|move|p2b: Sableye|Encore|p1a: kum\n|-start|p1a: kum|Encore\n|move|p1a: kum|Protect|p1a: kum\n|-singleturn|p1a: kum|Protect\n|move|p2a: Gengar|Hypnosis|p1b: a\n|-status|p1b: a|slp|[from] move: Hypnosis\n|cant|p1b: a|slp\n|\n|-weather|Sandstorm|[upkeep]\n|-damage|p2a: Gengar|89/100|[from] Sandstorm\n|-damage|p1a: kum|95/100|[from] Sandstorm\n|-damage|p2b: Sableye|89/100|[from] Sandstorm\n|-heal|p1a: kum|100/100|[from] item: Leftovers\n|upkeep\n|turn|3\n|inactive|SukyShiro has 30 seconds left.\n|\n|t:|1776643967\n|move|p1a: kum|Protect||[still]\n|-fail|p1a: kum\n|move|p2b: Sableye|Disable|p1a: kum\n|-start|p1a: kum|Disable|Protect\n|move|p2a: Gengar|Hex|p1a: kum\n|-damage|p1a: kum|54/100\n|cant|p1b: a|slp\n|\n|-weather|Sandstorm|[upkeep]\n|-damage|p2a: Gengar|83/100|[from] Sandstorm\n|-damage|p1a: kum|49/100|[from] Sandstorm\n|-damage|p2b: Sableye|83/100|[from] Sandstorm\n|-heal|p1a: kum|54/100|[from] item: Leftovers\n|upkeep\n|turn|4\n|inactive|gahtut has 30 seconds left.\n|\n|t:|1776643994\n|move|p2b: Sableye|Protect|p2b: Sableye\n|-singleturn|p2b: Sableye|Protect\n|move|p2a: Gengar|Focus Blast|p1b: a\n|-supereffective|p1b: a|2\n|-damage|p1b: a|0 fnt\n|faint|p1b: a\n|-activate|p1a: kum|move: Struggle\n|move|p1a: kum|Struggle|p2b: Sableye\n|-activate|p2b: Sableye|move: Protect\n|\n|-weather|Sandstorm|[upkeep]\n|-damage|p2a: Gengar|77/100|[from] Sandstorm\n|-damage|p1a: kum|49/100|[from] Sandstorm\n|-damage|p2b: Sableye|78/100|[from] Sandstorm\n|-heal|p1a: kum|54/100|[from] item: Leftovers\n|-end|p1a: kum|Encore\n|upkeep\n|\n|t:|1776644009\n|switch|p1b: garchar garchar|Garchomp, L50, F|100/100\n|turn|5\n|inactive|gahtut has 30 seconds left.\n|inactive|gahtut has 20 seconds left.\n|\n|t:|1776644045\n|switch|p2b: Pelipper|Pelipper, L50, M, shiny|100/100\n|-weather|RainDance|[from] ability: Drizzle|[of] p2b: Pelipper\n|move|p1b: garchar garchar|Rock Slide|p2a: Gengar|[spread] p2a,p2b\n|-supereffective|p2b: Pelipper|1\n|-damage|p2a: Gengar|44/100\n|-damage|p2b: Pelipper|45/100\n|cant|p2a: Gengar|flinch\n|move|p1a: kum|Clanging Scales|p2b: Pelipper|[spread] p2a,p2b\n|-damage|p2a: Gengar|0 fnt\n|-damage|p2b: Pelipper|0 fnt\n|faint|p2a: Gengar\n|faint|p2b: Pelipper\n|-unboost|p1a: kum|def|1\n|\n|-weather|RainDance|[upkeep]\n|-heal|p1a: kum|60/100|[from] item: Leftovers\n|-fieldend|move: Gravity\n|upkeep\n|\n|t:|1776644056\n|switch|p2a: Sableye|Sableye, L50, F, shiny|78/100\n|switch|p2b: Maushold|Maushold-Four, L50|100/100\n|turn|6\n|\n|t:|1776644085\n|move|p2a: Sableye|Gravity|p2a: Sableye\n|-fieldstart|move: Gravity\n|move|p1b: garchar garchar|Rock Slide|p2a: Sableye|[spread] p2a,p2b\n|-damage|p2a: Sableye|50/100\n|-damage|p2b: Maushold|67/100\n|move|p2b: Maushold|Population Bomb|p1a: kum\n|-damage|p1a: kum|40/100\n|-damage|p1a: kum|20/100\n|-damage|p1a: kum|0 fnt\n|faint|p1a: kum\n|-hitcount|p1: kum|3\n|\n|-weather|RainDance|[upkeep]\n|upkeep\n|\n|t:|1776644105\n|switch|p1a: 67|Rotom-Wash, L50|100/100\n|turn|7\n|\n|t:|1776644125\n|move|p2a: Sableye|Disable|p1b: garchar garchar\n|-start|p1b: garchar garchar|Disable|Rock Slide\n|cant|p1b: garchar garchar|Disable|Rock Slide\n|move|p2b: Maushold|Population Bomb|p1a: 67\n|-damage|p1a: 67|87/100\n|-damage|p1a: 67|72/100\n|-damage|p1a: 67|58/100\n|-damage|p1a: 67|44/100\n|-enditem|p1a: 67|Sitrus Berry|[eat]\n|-heal|p1a: 67|69/100|[from] item: Sitrus Berry\n|-damage|p1a: 67|55/100\n|-damage|p1a: 67|41/100\n|-damage|p1a: 67|25/100\n|-damage|p1a: 67|11/100\n|-damage|p1a: 67|0 fnt\n|faint|p1a: 67\n|-hitcount|p1: 67|9\n|\n|-weather|RainDance|[upkeep]\n|upkeep\n|turn|8\n|inactive|gahtut has 30 seconds left.\n|inactive|gahtut has 20 seconds left.\n|\n|t:|1776644162\n|move|p2a: Sableye|Protect|p2a: Sableye\n|-singleturn|p2a: Sableye|Protect\n|-activate|p1b: garchar garchar|move: Struggle\n|move|p1b: garchar garchar|Struggle|p2a: Sableye\n|-activate|p2a: Sableye|move: Protect\n|move|p2b: Maushold|Tidy Up|p2b: Maushold\n|-boost|p2b: Maushold|atk|1\n|-boost|p2b: Maushold|spe|1\n|\n|-weather|RainDance|[upkeep]\n|upkeep\n|turn|9\n|-message|SukyShiro forfeited.\n|\n|win|gahtut\n|raw|SukyShiro's rating: 1119 &rarr; <strong>1092</strong><br />(-27 for losing)\n|raw|gahtut's rating: 1091 &rarr; <strong>1119</strong><br />(+28 for winning)\n|l|\u2606gahtut\n|player|p2|\n",
  "uploadtime": 1776644182,
  "views": 7,
  "formatid": "gen9championsvgc2026regma",
  "rating": 1092,
  "private": 0,
  "password": null
}