{
  "id": "gen9championsvgc2026regma-2582068738",
  "format": "[Gen 9 Champions] VGC 2026 Reg M-A",
  "players": [
    "Mstr_Hawk",
    "Bman311"
  ],
  "log": "|j|\u2606Mstr_Hawk\n|j|\u2606Bman311\n|t:|1776054037\n|gametype|doubles\n|player|p1|Mstr_Hawk|infielder|\n|player|p2|Bman311|102|\n|gen|9\n|tier|[Gen 9 Champions] VGC 2026 Reg M-A\n|rated|Tournament battle\n|rule|Species Clause: Limit one of each Pok\u00e9mon\n|rule|Item Clause: Limit 1 of each item\n|clearpoke\n|poke|p1|Glimmora, L50, F|\n|poke|p1|Garchomp, L50, F|\n|poke|p1|Incineroar, L50, F|\n|poke|p1|Aerodactyl, L50, F|\n|poke|p1|Sneasler, L50, M|\n|poke|p1|Aegislash, L50, M|\n|poke|p2|Aegislash, L50, F|\n|poke|p2|Garchomp, L50, M|\n|poke|p2|Delphox, L50, F|\n|poke|p2|Floette-Eternal, L50, F|\n|poke|p2|Maushold-Four, L50|\n|poke|p2|Talonflame, L50, M|\n|teampreview|4\n|inactive|Battle timer is ON: inactive players will automatically lose when time's up. (requested by Mstr_Hawk)\n|inactive|Bman311 also wants the timer to be on.\nBman311 has agreed to open team sheets.\nMstr_Hawk has agreed to open team sheets.\n|showteam|p1|Glimmora||Glimmoranite|ToxicDebris|SludgeBomb,EarthPower,PowerGem,Protect|||F|||50|]Garchomp||YacheBerry|RoughSkin|Earthquake,RockSlide,SwordsDance,Protect|||F|||50|]Incineroar||LumBerry|Intimidate|FakeOut,PartingShot,ThroatChop,FlareBlitz|||F|||50|]Aerodactyl||FocusSash|Unnerve|RockSlide,Tailwind,Taunt,Protect|||F|||50|]Sneasler||WhiteHerb|Unburden|CloseCombat,FakeOut,Taunt,Protect|||M|||50|]Aegislash||MetalCoat|StanceChange|FlashCannon,ShadowBall,WideGuard,KingsShield|||M|||50|\n|showteam|p2|Aegislash||Leftovers|StanceChange|ShadowBall,FlashCannon,WideGuard,KingsShield|||F|||50|]Garchomp||SitrusBerry|RoughSkin|Earthquake,DragonClaw,RockSlide,Protect|||M|||50|]Delphox||Delphoxite|Blaze|HeatWave,Psychic,Encore,Protect|||F|||50|]Floette-Eternal||Floettite|FlowerVeil|Moonblast,DazzlingGleam,CalmMind,Protect|||F|||50|]Maushold-Four||FocusSash|FriendGuard|SuperFang,FollowMe,HelpingHand,Protect||||||50|]Talonflame|||GaleWings|Tailwind,Acrobatics,FlareBlitz,Protect|||M|||50|\n|j| Scapegoat11\n|inactive|Bman311 has 60 seconds left.\n|\n|t:|1776054096\n|teamsize|p1|4\n|teamsize|p2|4\n|start\n|switch|p1a: Sneasler|Sneasler, L50, M|100/100\n|switch|p1b: Glimmora|Glimmora, L50, F|100/100\n|switch|p2a: Talonflame|Talonflame, L50, M|100/100\n|switch|p2b: Garchomp|Garchomp, L50, M|100/100\n|turn|1\n|inactive|Mstr_Hawk has 30 seconds left.\n|\n|t:|1776054122\n|switch|p1b: Aerodactyl|Aerodactyl, L50, F|100/100\n|-ability|p1b: Aerodactyl|Unnerve\n|move|p2a: Talonflame|Protect|p2a: Talonflame\n|-singleturn|p2a: Talonflame|Protect\n|move|p2b: Garchomp|Protect|p2b: Garchomp\n|-singleturn|p2b: Garchomp|Protect\n|move|p1a: Sneasler|Fake Out|p2a: Talonflame\n|-activate|p2a: Talonflame|move: Protect\n|\n|upkeep\n|turn|2\n|inactive|Mstr_Hawk has 30 seconds left.\n|\n|t:|1776054150\n|move|p2a: Talonflame|Acrobatics|p1a: Sneasler\n|-supereffective|p1a: Sneasler|1\n|-damage|p1a: Sneasler|0 fnt\n|faint|p1a: Sneasler\n|move|p1b: Aerodactyl|Rock Slide|p2a: Talonflame|[spread] p2a,p2b\n|-supereffective|p2a: Talonflame|2\n|-resisted|p2b: Garchomp|1\n|-damage|p2a: Talonflame|0 fnt\n|-damage|p2b: Garchomp|91/100\n|faint|p2a: Talonflame\n|move|p2b: Garchomp|Rock Slide|p1b: Aerodactyl\n|-supereffective|p1b: Aerodactyl|1\n|-damage|p1b: Aerodactyl|11/100\n|\n|upkeep\n|\n|t:|1776054166\n|switch|p2a: Aegislash|Aegislash, L50, F|100/100\n|switch|p1a: Aegislash|Aegislash, L50, M|100/100\n|turn|3\n|\n|t:|1776054184\n|move|p2a: Aegislash|King's Shield|p2a: Aegislash\n|-singleturn|p2a: Aegislash|Protect\n|move|p1b: Aerodactyl|Rock Slide|p2a: Aegislash|[spread] p2b\n|-activate|p2a: Aegislash|move: Protect\n|-resisted|p2b: Garchomp|1\n|-damage|p2b: Garchomp|81/100\n|move|p2b: Garchomp|Rock Slide|p1b: Aerodactyl|[spread] p1a\n|-miss|p2b: Garchomp|p1b: Aerodactyl\n|-resisted|p1a: Aegislash|1\n|-damage|p1a: Aegislash|93/100\n|-formechange|p1a: Aegislash|Aegislash-Blade|\n|move|p1a: Aegislash|Shadow Ball|p2a: Aegislash\n|-activate|p2a: Aegislash|move: Protect\n|\n|upkeep\n|turn|4\n|\n|t:|1776054200\n|move|p1b: Aerodactyl|Protect|p1b: Aerodactyl\n|-singleturn|p1b: Aerodactyl|Protect\n|-formechange|p1a: Aegislash|Aegislash|\n|move|p1a: Aegislash|King's Shield|p1a: Aegislash\n|-singleturn|p1a: Aegislash|Protect\n|move|p2b: Garchomp|Dragon Claw|p1b: Aerodactyl\n|-activate|p1b: Aerodactyl|move: Protect\n|-formechange|p2a: Aegislash|Aegislash-Blade|\n|move|p2a: Aegislash|Shadow Ball|p1a: Aegislash\n|-activate|p1a: Aegislash|move: Protect\n|\n|upkeep\n|turn|5\n|\n|t:|1776054219\n|-formechange|p2a: Aegislash|Aegislash|\n|move|p2a: Aegislash|King's Shield|p2a: Aegislash\n|-singleturn|p2a: Aegislash|Protect\n|move|p1b: Aerodactyl|Rock Slide|p2b: Garchomp|[spread] p2b\n|-activate|p2a: Aegislash|move: Protect\n|-resisted|p2b: Garchomp|1\n|-damage|p2b: Garchomp|71/100\n|move|p2b: Garchomp|Dragon Claw|p1b: Aerodactyl\n|-damage|p1b: Aerodactyl|0 fnt\n|faint|p1b: Aerodactyl\n|-formechange|p1a: Aegislash|Aegislash-Blade|\n|move|p1a: Aegislash|Flash Cannon|p2b: Garchomp\n|-damage|p2b: Garchomp|16/100\n|-enditem|p2b: Garchomp|Sitrus Berry|[eat]\n|-heal|p2b: Garchomp|41/100|[from] item: Sitrus Berry\n|\n|upkeep\n|\n|t:|1776054233\n|switch|p1b: Glimmora|Glimmora, L50, F|100/100\n|turn|6\n|inactive|Bman311 has 30 seconds left.\n|\n|t:|1776054259\n|detailschange|p1b: Glimmora|Glimmora-Mega, L50, F\n|-mega|p1b: Glimmora|Glimmora|Glimmoranite\n|move|p1a: Aegislash|Wide Guard|p1a: Aegislash\n|-singleturn|p1a: Aegislash|Wide Guard\n|move|p1b: Glimmora|Earth Power|p2a: Aegislash\n|-supereffective|p2a: Aegislash|1\n|-damage|p2a: Aegislash|40/100\n|move|p2b: Garchomp|Earthquake|p1a: Aegislash|[spread] p2a\n|-activate|p1a: Aegislash|move: Wide Guard\n|-activate|p1b: Glimmora|move: Wide Guard\n|-supereffective|p2a: Aegislash|1\n|-damage|p2a: Aegislash|0 fnt\n|faint|p2a: Aegislash\n|\n|upkeep\n|j| eriksp\n|\n|t:|1776054272\n|switch|p2a: Delphox|Delphox, L50, F|100/100\n|turn|7\n|\n|t:|1776054284\n|detailschange|p2a: Delphox|Delphox-Mega, L50, F\n|-mega|p2a: Delphox|Delphox|Delphoxite\n|move|p1a: Aegislash|Wide Guard|p1a: Aegislash\n|-singleturn|p1a: Aegislash|Wide Guard\n|move|p2a: Delphox|Psychic|p1b: Glimmora\n|-supereffective|p1b: Glimmora|1\n|-damage|p1b: Glimmora|0 fnt\n|faint|p1b: Glimmora\n|move|p2b: Garchomp|Earthquake|p1a: Aegislash|[spread] \n|-activate|p1a: Aegislash|move: Wide Guard\n|-immune|p2a: Delphox|[from] ability: Levitate\n|\n|upkeep\n|turn|8\n|\n|t:|1776054295\n|-formechange|p1a: Aegislash|Aegislash|\n|move|p1a: Aegislash|King's Shield||[still]\n|-fail|p1a: Aegislash\n|move|p2a: Delphox|Heat Wave|p1a: Aegislash\n|-supereffective|p1a: Aegislash|1\n|-damage|p1a: Aegislash|2/100\n|move|p2b: Garchomp|Dragon Claw|p1a: Aegislash\n|-resisted|p1a: Aegislash|1\n|-damage|p1a: Aegislash|0 fnt\n|faint|p1a: Aegislash\n|\n|win|Bman311\n|n|\u2606Mstr_Hawk|mstrhawk\n|n|\u2606Bman311|bman311\n|n| Scapegoat11|scapegoat11\n|n| eriksp|eriksp\n|l|\u2606Mstr_Hawk\n|player|p1|\n",
  "uploadtime": 1776054302,
  "views": 17,
  "formatid": "gen9championsvgc2026regma",
  "rating": null,
  "private": 0,
  "password": null
}