{
  "id": "gen9championsvgc2026regma-2586692916",
  "format": "[Gen 9 Champions] VGC 2026 Reg M-A",
  "players": [
    "skywalkingchris",
    "johntaylor1309"
  ],
  "log": "|j|\u2606skywalkingchris\n|j|\u2606johntaylor1309\n|t:|1776452643\n|gametype|doubles\n|player|p1|skywalkingchris|102|1091\n|player|p2|johntaylor1309|101|1077\n|gen|9\n|tier|[Gen 9 Champions] VGC 2026 Reg M-A\n|rated|\n|rule|Species Clause: Limit one of each Pok\u00e9mon\n|rule|Item Clause: Limit 1 of each item\n|clearpoke\n|poke|p1|Garchomp, L50, M|\n|poke|p1|Chimecho, L50, F|\n|poke|p1|Tyranitar, L50, F|\n|poke|p1|Glimmora, L50, M|\n|poke|p1|Kangaskhan, L50, F|\n|poke|p1|Sinistcha-Masterpiece, L50|\n|poke|p2|Charizard, L50, F|\n|poke|p2|Venusaur, L50, F|\n|poke|p2|Sneasler, L50, F|\n|poke|p2|Incineroar, L50, F|\n|poke|p2|Whimsicott, L50, M|\n|poke|p2|Garchomp, L50, F|\n|teampreview|4\n|\n|t:|1776452713\n|teamsize|p1|4\n|teamsize|p2|4\n|start\n|switch|p1a: Tyranitar|Tyranitar, L50, F|100/100\n|switch|p1b: Garchomp|Garchomp, L50, M|100/100\n|switch|p2a: Sneasler|Sneasler, L50, F|100/100\n|switch|p2b: Whimsicott|Whimsicott, L50, M|100/100\n|-weather|Sandstorm|[from] ability: Sand Stream|[of] p1a: Tyranitar\n|turn|1\n|\n|t:|1776452764\n|switch|p1a: Sinistcha|Sinistcha-Masterpiece, L50|100/100\n|move|p2a: Sneasler|Fake Out|p1a: Sinistcha\n|-immune|p1a: Sinistcha\n|move|p2b: Whimsicott|Tailwind|p2b: Whimsicott\n|-sidestart|p2: johntaylor1309|move: Tailwind\n|move|p1b: Garchomp|Stomping Tantrum|p2a: Sneasler\n|-supereffective|p2a: Sneasler|1\n|-damage|p2a: Sneasler|0 fnt\n|faint|p2a: Sneasler\n|\n|-weather|Sandstorm|[upkeep]\n|-damage|p2b: Whimsicott|95/100|[from] Sandstorm\n|-damage|p1a: Sinistcha|94/100|[from] Sandstorm\n|-heal|p1a: Sinistcha|100/100|[from] item: Leftovers\n|upkeep\n|\n|t:|1776452778\n|switch|p2a: Garchomp|Garchomp, L50, F|100/100\n|turn|2\n|\n|t:|1776452792\n|switch|p1b: Glimmora|Glimmora, L50, M|100/100\n|move|p2a: Garchomp|Dragon Claw|p1b: Glimmora\n|-damage|p1b: Glimmora|56/100\n|-activate|p1b: Glimmora|ability: Toxic Debris\n|-sidestart|p2: johntaylor1309|move: Toxic Spikes\n|move|p2b: Whimsicott|Moonblast|p1a: Sinistcha\n|-damage|p1a: Sinistcha|63/100\n|move|p1a: Sinistcha|Strength Sap|p2a: Garchomp\n|-unboost|p2a: Garchomp|atk|1\n|-heal|p1a: Sinistcha|100/100\n|\n|-weather|Sandstorm|[upkeep]\n|-damage|p2b: Whimsicott|89/100|[from] Sandstorm\n|-damage|p1a: Sinistcha|94/100|[from] Sandstorm\n|-heal|p1a: Sinistcha|100/100|[from] item: Leftovers\n|upkeep\n|turn|3\n|\n|t:|1776452836\n|switch|p2b: Charizard|Charizard, L50, F|100/100\n|move|p2a: Garchomp|Dragon Claw|p1b: Glimmora\n|-damage|p1b: Glimmora|24/100\n|-activate|p1b: Glimmora|ability: Toxic Debris\n|-sidestart|p2: johntaylor1309|move: Toxic Spikes\n|-enditem|p1b: Glimmora|Sitrus Berry|[eat]\n|-heal|p1b: Glimmora|48/100|[from] item: Sitrus Berry\n|move|p1b: Glimmora|Mortal Spin|p2a: Garchomp|[spread] p2a,p2b\n|-resisted|p2a: Garchomp|1\n|-damage|p2a: Garchomp|99/100\n|-damage|p2b: Charizard|95/100\n|-status|p2a: Garchomp|psn\n|-status|p2b: Charizard|psn\n|-damage|p1b: Glimmora|36/100|[from] ability: Rough Skin|[of] p2a: Garchomp\n|move|p1a: Sinistcha|Matcha Gotcha|p2a: Garchomp|[spread] p2a,p2b\n|-resisted|p2b: Charizard|2\n|-damage|p2a: Garchomp|70/100 psn\n|-damage|p2b: Charizard|87/100 psn\n|\n|-weather|Sandstorm|[upkeep]\n|-damage|p2b: Charizard|81/100 psn|[from] Sandstorm\n|-damage|p1a: Sinistcha|94/100|[from] Sandstorm\n|-heal|p1a: Sinistcha|100/100|[from] item: Leftovers\n|-damage|p2a: Garchomp|57/100 psn|[from] psn\n|-damage|p2b: Charizard|69/100 psn|[from] psn\n|upkeep\n|turn|4\n|\n|t:|1776452873\n|switch|p1a: Garchomp|Garchomp, L50, M|100/100\n|detailschange|p2b: Charizard|Charizard-Mega-Y, L50, F\n|-mega|p2b: Charizard|Charizard|Charizardite Y\n|-weather|SunnyDay|[from] ability: Drought|[of] p2b: Charizard\n|move|p2a: Garchomp|Dragon Claw|p1b: Glimmora\n|-damage|p1b: Glimmora|6/100\n|move|p2b: Charizard|Heat Wave|p1b: Glimmora|[spread] p1a,p1b\n|-resisted|p1a: Garchomp|1\n|-resisted|p1b: Glimmora|1\n|-damage|p1a: Garchomp|63/100\n|-damage|p1b: Glimmora|0 fnt\n|faint|p1b: Glimmora\n|\n|-weather|SunnyDay|[upkeep]\n|-damage|p2a: Garchomp|45/100 psn|[from] psn\n|-damage|p2b: Charizard|57/100 psn|[from] psn\n|-sideend|p2: johntaylor1309|move: Tailwind\n|upkeep\n|\n|t:|1776452890\n|switch|p1b: Sinistcha|Sinistcha-Masterpiece, L50|100/100\n|-heal|p1a: Garchomp|87/100|[from] ability: Hospitality|[of] p1b: Sinistcha\n|turn|5\n|\n|t:|1776452905\n|switch|p1b: Tyranitar|Tyranitar, L50, F|100/100\n|-weather|Sandstorm|[from] ability: Sand Stream|[of] p1b: Tyranitar\n|move|p2b: Charizard|Protect|p2b: Charizard\n|-singleturn|p2b: Charizard|Protect\n|move|p2a: Garchomp|Dragon Claw|p1a: Garchomp\n|-supereffective|p1a: Garchomp|1\n|-damage|p1a: Garchomp|24/100\n|-damage|p2a: Garchomp|32/100 psn|[from] ability: Rough Skin|[of] p1a: Garchomp\n|move|p1a: Garchomp|Rock Slide|p2a: Garchomp|[spread] p2a\n|-activate|p2b: Charizard|move: Protect\n|-resisted|p2a: Garchomp|1\n|-damage|p2a: Garchomp|23/100 psn\n|\n|-weather|Sandstorm|[upkeep]\n|-damage|p2b: Charizard|51/100 psn|[from] Sandstorm\n|-damage|p2a: Garchomp|10/100 psn|[from] psn\n|-damage|p2b: Charizard|39/100 psn|[from] psn\n|upkeep\n|turn|6\n|\n|t:|1776452940\n|switch|p1b: Sinistcha|Sinistcha-Masterpiece, L50|100/100\n|-heal|p1a: Garchomp|49/100|[from] ability: Hospitality|[of] p1b: Sinistcha\n|move|p1a: Garchomp|Rock Slide|p2a: Garchomp|[spread] p2a,p2b\n|-resisted|p2a: Garchomp|1\n|-supereffective|p2b: Charizard|2\n|-damage|p2a: Garchomp|0 fnt\n|-damage|p2b: Charizard|0 fnt\n|faint|p2a: Garchomp\n|faint|p2b: Charizard\n|\n|-weather|Sandstorm|[upkeep]\n|-damage|p1b: Sinistcha|94/100|[from] Sandstorm\n|-heal|p1b: Sinistcha|100/100|[from] item: Leftovers\n|upkeep\n|\n|t:|1776452954\n|switch|p2a: Whimsicott|Whimsicott, L50, M|89/100\n|-status|p2a: Whimsicott|tox\n|turn|7\n|\n|t:|1776452972\n|move|p2a: Whimsicott|Protect|p2a: Whimsicott\n|-singleturn|p2a: Whimsicott|Protect\n|move|p1a: Garchomp|Rock Slide|p2a: Whimsicott\n|-activate|p2a: Whimsicott|move: Protect\n|move|p1b: Sinistcha|Shadow Ball|p2a: Whimsicott\n|-activate|p2a: Whimsicott|move: Protect\n|\n|-weather|Sandstorm|[upkeep]\n|-damage|p2a: Whimsicott|83/100 tox|[from] Sandstorm\n|-damage|p1b: Sinistcha|94/100|[from] Sandstorm\n|-heal|p1b: Sinistcha|100/100|[from] item: Leftovers\n|-damage|p2a: Whimsicott|77/100 tox|[from] psn\n|upkeep\n|turn|8\n|\n|t:|1776452986\n|move|p1a: Garchomp|Rock Slide|p2a: Whimsicott\n|-damage|p2a: Whimsicott|38/100 tox\n|cant|p2a: Whimsicott|flinch\n|move|p1b: Sinistcha|Shadow Ball|p2a: Whimsicott\n|-damage|p2a: Whimsicott|0 fnt\n|faint|p2a: Whimsicott\n|\n|win|skywalkingchris\n|raw|skywalkingchris's rating: 1091 &rarr; <strong>1116</strong><br />(+25 for winning)\n|raw|johntaylor1309's rating: 1077 &rarr; <strong>1056</strong><br />(-21 for losing)\n",
  "uploadtime": 1776452995,
  "views": 30,
  "formatid": "gen9championsvgc2026regma",
  "rating": 1056,
  "private": 0,
  "password": null
}