{
  "id": "gen9championsvgc2026regma-2587017015",
  "format": "[Gen 9 Champions] VGC 2026 Reg M-A",
  "players": [
    "eaglechibata",
    "Laranja_Nooges"
  ],
  "log": "|j|\u2606eaglechibata\n|j|\u2606Laranja_Nooges\n|t:|1776481619\n|gametype|doubles\n|player|p1|eaglechibata|265|\n|player|p2|Laranja_Nooges|n|\n|gen|9\n|tier|[Gen 9 Champions] VGC 2026 Reg M-A\n|rule|Species Clause: Limit one of each Pok\u00e9mon\n|rule|Item Clause: Limit 1 of each item\n|clearpoke\n|poke|p1|Drampa, L50, F|\n|poke|p1|Hatterene, L50, F|\n|poke|p1|Golurk, L50|\n|poke|p1|Garganacl, L50, F|\n|poke|p1|Hydrapple, L50, F|\n|poke|p1|Slowbro, L50, M|\n|poke|p2|Charizard, L50, F|\n|poke|p2|Venusaur, L50, F|\n|poke|p2|Incineroar, L50, F|\n|poke|p2|Torkoal, L50, F|\n|poke|p2|Arcanine, L50, M|\n|poke|p2|Whimsicott, L50, F|\n|teampreview|4\n|j| kizuashi\n|\n|t:|1776481667\n|teamsize|p1|4\n|teamsize|p2|4\n|start\n|switch|p1a: Hatterene|Hatterene, L50, F|100/100\n|switch|p1b: Drampa|Drampa, L50, F|100/100\n|switch|p2a: Charizard|Charizard, L50, F, shiny|100/100\n|switch|p2b: Whimsicott|Whimsicott, L50, F|100/100\n|turn|1\n|\n|t:|1776481683\n|detailschange|p2a: Charizard|Charizard-Mega-Y, L50, F, shiny\n|-mega|p2a: Charizard|Charizard|Charizardite Y\n|-weather|SunnyDay|[from] ability: Drought|[of] p2a: Charizard\n|detailschange|p1b: Drampa|Drampa-Mega, L50, F\n|-mega|p1b: Drampa|Drampa|Drampanite\n|move|p2b: Whimsicott|Taunt|p1a: Hatterene\n|move|p1a: Hatterene|Taunt|p2b: Whimsicott|[from] ability: Magic Bounce\n|-start|p2b: Whimsicott|move: Taunt\n|move|p2a: Charizard|Heat Wave|p1a: Hatterene|[spread] p1a,p1b\n|-resisted|p1b: Drampa|1\n|-damage|p1a: Hatterene|43/100\n|-damage|p1b: Drampa|70/100\n|move|p1a: Hatterene|Trick|p2b: Whimsicott\n|-activate|p1a: Hatterene|move: Trick|[of] p2b: Whimsicott\n|-item|p2b: Whimsicott|Choice Scarf|[from] move: Trick\n|-item|p1a: Hatterene|Coba Berry|[from] move: Trick\n|move|p1b: Drampa|Calm Mind|p1b: Drampa\n|-boost|p1b: Drampa|spa|1\n|-boost|p1b: Drampa|spd|1\n|\n|-weather|SunnyDay|[upkeep]\n|upkeep\n|turn|2\n|\n|t:|1776481707\n|switch|p2b: Incineroar|Incineroar, L50, F|100/100\n|-ability|p2b: Incineroar|Intimidate|boost\n|-unboost|p1a: Hatterene|atk|1\n|-unboost|p1b: Drampa|atk|1\n|move|p2a: Charizard|Heat Wave|p1b: Drampa|[spread] p1a,p1b\n|-resisted|p1b: Drampa|1\n|-damage|p1a: Hatterene|0 fnt\n|-damage|p1b: Drampa|50/100\n|faint|p1a: Hatterene\n|-ability|p1b: Drampa|Berserk|boost\n|-boost|p1b: Drampa|spa|1\n|move|p1b: Drampa|Hyper Voice|p2b: Incineroar|[spread] p2a,p2b\n|-crit|p2a: Charizard\n|-damage|p2a: Charizard|0 fnt\n|-damage|p2b: Incineroar|11/100\n|-enditem|p2b: Incineroar|Sitrus Berry|[eat]\n|-heal|p2b: Incineroar|36/100|[from] item: Sitrus Berry\n|faint|p2a: Charizard\n|\n|-weather|SunnyDay|[upkeep]\n|upkeep\n|\n|t:|1776481730\n|switch|p2a: Venusaur|Venusaur, L50, F|100/100\n|switch|p1a: Golurk|Golurk, L50|100/100\n|turn|3\n|\n|t:|1776481737\n|move|p2b: Incineroar|Fake Out|p1b: Drampa\n|-damage|p1b: Drampa|36/100\n|move|p2a: Venusaur|Sludge Bomb|p1b: Drampa\n|-damage|p1b: Drampa|16/100\n|-status|p1b: Drampa|psn\n|move|p1a: Golurk|Earthquake|p2a: Venusaur|[spread] p1b,p2a,p2b\n|-supereffective|p2b: Incineroar|1\n|-damage|p1b: Drampa|0 fnt\n|-damage|p2a: Venusaur|58/100\n|-damage|p2b: Incineroar|0 fnt\n|faint|p1b: Drampa\n|faint|p2b: Incineroar\n|\n|-weather|SunnyDay|[upkeep]\n|-heal|p2a: Venusaur|64/100|[from] item: Leftovers\n|upkeep\n|\n|t:|1776481750\n|switch|p2b: Whimsicott|Whimsicott, L50, F|100/100\n|switch|p1b: Hydrapple|Hydrapple, L50, F|100/100\n|turn|4\n|\n|t:|1776481766\n|move|p2b: Whimsicott|Light Screen|p2b: Whimsicott\n|-sidestart|p2: Laranja_Nooges|move: Light Screen\n|move|p2a: Venusaur|Sludge Bomb|p1b: Hydrapple\n|-supereffective|p1b: Hydrapple|1\n|-damage|p1b: Hydrapple|17/100\n|move|p1a: Golurk|Dynamic Punch|p2a: Venusaur\n|-resisted|p2a: Venusaur|1\n|-damage|p2a: Venusaur|43/100\n|-start|p2a: Venusaur|confusion\n|move|p1b: Hydrapple|Yawn|p2a: Venusaur\n|-start|p2a: Venusaur|move: Yawn|[of] p1b: Hydrapple\n|\n|-weather|SunnyDay|[upkeep]\n|-heal|p2a: Venusaur|49/100|[from] item: Leftovers\n|upkeep\n|turn|5\n|\n|t:|1776481793\n|move|p2b: Whimsicott|Light Screen||[still]\n|-fail|p2b: Whimsicott\n|-activate|p2a: Venusaur|confusion\n|move|p2a: Venusaur|Solar Beam||[still]\n|-prepare|p2a: Venusaur|Solar Beam\n|-anim|p2a: Venusaur|Solar Beam|p1a: Golurk\n|-supereffective|p1a: Golurk|1\n|-damage|p1a: Golurk|0 fnt\n|faint|p1a: Golurk\n|move|p1b: Hydrapple|Nasty Plot|p1b: Hydrapple\n|-boost|p1b: Hydrapple|spa|2\n|\n|-weather|none\n|-heal|p2a: Venusaur|55/100|[from] item: Leftovers\n|-end|p2a: Venusaur|move: Yawn|[silent]\n|-status|p2a: Venusaur|slp\n|upkeep\n|turn|6\n|\n|t:|1776481810\n|move|p2b: Whimsicott|Light Screen||[still]\n|-fail|p2b: Whimsicott\n|cant|p2a: Venusaur|slp\n|move|p1b: Hydrapple|Draco Meteor|p2a: Venusaur|[miss]\n|-miss|p1b: Hydrapple|p2a: Venusaur\n|\n|-heal|p2a: Venusaur|60/100 slp|[from] item: Leftovers\n|upkeep\n|turn|7\n|\n|t:|1776481817\n|move|p2b: Whimsicott|Light Screen||[still]\n|-fail|p2b: Whimsicott\n|cant|p2a: Venusaur|slp\n|move|p1b: Hydrapple|Draco Meteor|p2a: Venusaur|[miss]\n|-miss|p1b: Hydrapple|p2a: Venusaur\n|\n|-heal|p2a: Venusaur|66/100 slp|[from] item: Leftovers\n|upkeep\n|turn|8\n|\n|t:|1776481828\n|move|p2b: Whimsicott|Light Screen||[still]\n|-fail|p2b: Whimsicott\n|-curestatus|p2a: Venusaur|slp|[msg]\n|-end|p2a: Venusaur|confusion\n|move|p2a: Venusaur|Sludge Bomb|p1b: Hydrapple\n|-supereffective|p1b: Hydrapple|1\n|-damage|p1b: Hydrapple|0 fnt\n|faint|p1b: Hydrapple\n|\n|win|Laranja_Nooges\n",
  "uploadtime": 1776481838,
  "views": 11,
  "formatid": "gen9championsvgc2026regma",
  "rating": null,
  "private": 0,
  "password": null
}