{
  "id": "gen9championsvgc2026regma-2584180075",
  "format": "[Gen 9 Champions] VGC 2026 Reg M-A",
  "players": [
    "giveme1millionbeer",
    "toririn8000"
  ],
  "log": "|j|\u2606giveme1millionbeer\n|j|\u2606toririn8000\n|t:|1776234978\n|gametype|doubles\n|player|p1|giveme1millionbeer|2|1216\n|player|p2|toririn8000|rosa|1303\n|gen|9\n|tier|[Gen 9 Champions] VGC 2026 Reg M-A\n|rated|\n|rule|Species Clause: Limit one of each Pok\u00e9mon\n|rule|Item Clause: Limit 1 of each item\n|clearpoke\n|poke|p1|Incineroar, L50, M|\n|poke|p1|Gengar, L50, F|\n|poke|p1|Sinistcha, L50|\n|poke|p1|Kingambit, L50, M|\n|poke|p1|Tyranitar, L50, M|\n|poke|p1|Kommo-o, L50, F|\n|poke|p2|Gardevoir, L50, F|\n|poke|p2|Gallade, L50, M|\n|poke|p2|Kingambit, L50, F|\n|poke|p2|Farigiraf, L50, F|\n|poke|p2|Zoroark-Hisui, L50, M|\n|poke|p2|Talonflame, L50, M|\n|teampreview|4\n|inactive|Battle timer is ON: inactive players will automatically lose when time's up. (requested by toririn8000)\ngiveme1millionbeer rejected open team sheets.\n|inactive|toririn8000 has 60 seconds left.\n|\n|t:|1776235032\n|teamsize|p1|4\n|teamsize|p2|4\n|start\n|switch|p1a: Gengar|Gengar, L50, F|100/100\n|switch|p1b: Incineroar|Incineroar, L50, M|100/100\n|switch|p2a: Gardevoir|Gardevoir, L50, F|100/100\n|switch|p2b: Gallade|Gallade, L50, M|100/100\n|-ability|p1b: Incineroar|Intimidate|boost\n|-unboost|p2a: Gardevoir|atk|1\n|-unboost|p2b: Gallade|atk|1\n|turn|1\n|inactive|giveme1millionbeer has 30 seconds left.\n|inactive|giveme1millionbeer has 20 seconds left.\n|inactive|giveme1millionbeer has 15 seconds left.\n|\n|t:|1776235075\n|detailschange|p1a: Gengar|Gengar-Mega, L50, F\n|-mega|p1a: Gengar|Gengar|Gengarite\n|detailschange|p2a: Gardevoir|Gardevoir-Mega, L50, F\n|-mega|p2a: Gardevoir|Gardevoir|Gardevoirite\n|move|p1b: Incineroar|Fake Out|p2a: Gardevoir\n|-damage|p2a: Gardevoir|81/100\n|move|p2b: Gallade|Shadow Ball|p1a: Gengar\n|-supereffective|p1a: Gengar|1\n|-damage|p1a: Gengar|2/100\n|move|p1a: Gengar|Shadow Ball|p2b: Gallade\n|-immune|p2b: Gallade\n|cant|p2a: Gardevoir|flinch\n|\n|upkeep\n|turn|2\n|\n|t:|1776235097\n|move|p1a: Gengar|Protect|p1a: Gengar\n|-singleturn|p1a: Gengar|Protect\n|move|p2b: Gallade|Shadow Ball|p1a: Gengar\n|-activate|p1a: Gengar|move: Protect\n|move|p2a: Gardevoir|Hyper Voice|p1b: Incineroar|[spread] p1b\n|-activate|p1a: Gengar|move: Protect\n|-crit|p1b: Incineroar\n|-damage|p1b: Incineroar|36/100\n|move|p1b: Incineroar|Throat Chop|p2b: Gallade\n|-supereffective|p2b: Gallade|1\n|-damage|p2b: Gallade|0 fnt\n|replace|p2b: Zoroark|Zoroark-Hisui, L50, M\n|-end|p2b: Zoroark|Illusion\n|faint|p2b: Zoroark\n|\n|upkeep\n|\n|t:|1776235101\n|switch|p2b: Talonflame|Talonflame, L50, M|100/100\n|turn|3\n|\n|t:|1776235107\n|switch|p1a: Kingambit|Kingambit, L50, M|100/100\n|move|p2b: Talonflame|Tailwind|p2b: Talonflame\n|-sidestart|p2: toririn8000|move: Tailwind\n|move|p2a: Gardevoir|Hyper Voice|p1b: Incineroar|[spread] p1a,p1b\n|-damage|p1a: Kingambit|50/100\n|-damage|p1b: Incineroar|0 fnt\n|faint|p1b: Incineroar\n|\n|upkeep\n|\n|t:|1776235116\n|switch|p1b: Sinistcha|Sinistcha, L50|100/100\n|-heal|p1a: Kingambit|74/100|[from] ability: Hospitality|[of] p1b: Sinistcha\n|turn|4\n|\n|t:|1776235124\n|move|p2a: Gardevoir|Protect|p2a: Gardevoir\n|-singleturn|p2a: Gardevoir|Protect\n|move|p1b: Sinistcha|Protect|p1b: Sinistcha\n|-singleturn|p1b: Sinistcha|Protect\n|move|p1a: Kingambit|Sucker Punch||[still]\n|-fail|p1a: Kingambit\n|move|p2b: Talonflame|Will-O-Wisp|p1a: Kingambit\n|-status|p1a: Kingambit|brn\n|\n|-damage|p1a: Kingambit|69/100 brn|[from] brn\n|upkeep\n|turn|5\n|-message|giveme1millionbeer forfeited.\n|\n|win|toririn8000\n|raw|giveme1millionbeer's rating: 1216 &rarr; <strong>1197</strong><br />(-19 for losing)\n|raw|toririn8000's rating: 1303 &rarr; <strong>1318</strong><br />(+15 for winning)\n|l|\u2606giveme1millionbeer\n|player|p1|\n",
  "uploadtime": 1776235139,
  "views": 18,
  "formatid": "gen9championsvgc2026regma",
  "rating": 1197,
  "private": 0,
  "password": null
}