{
  "id": "gen9championsvgc2026regma-2581930661",
  "format": "[Gen 9 Champions] VGC 2026 Reg M-A",
  "players": [
    "fatedgabo",
    "giftedyewsucks"
  ],
  "log": "|j|\u2606fatedgabo\n|j|\u2606giftedyewsucks\n|t:|1776040777\n|gametype|doubles\n|player|p1|fatedgabo|benga|1327\n|player|p2|giftedyewsucks|266|1386\n|gen|9\n|tier|[Gen 9 Champions] VGC 2026 Reg M-A\n|rated|\n|rule|Species Clause: Limit one of each Pok\u00e9mon\n|rule|Item Clause: Limit 1 of each item\n|clearpoke\n|poke|p1|Tyranitar, L50, F|\n|poke|p1|Excadrill, L50, F|\n|poke|p1|Sinistcha, L50|\n|poke|p1|Sylveon, L50, F|\n|poke|p1|Tauros-Paldea-Aqua, L50, M|\n|poke|p1|Talonflame, L50, F|\n|poke|p2|Kingambit, L50, F|\n|poke|p2|Sneasler, L50, F|\n|poke|p2|Delphox, L50, F|\n|poke|p2|Whimsicott, L50, M|\n|poke|p2|Garchomp, L50, M|\n|poke|p2|Rotom-Wash, L50|\n|teampreview|4\n|\n|t:|1776040820\n|teamsize|p1|4\n|teamsize|p2|4\n|start\n|switch|p1a: Talonflame|Talonflame, L50, F|100/100\n|switch|p1b: Excadrill|Excadrill, L50, F|100/100\n|switch|p2a: Rotom|Rotom-Wash, L50|100/100\n|switch|p2b: Sneasler|Sneasler, L50, F|100/100\n|turn|1\n|\n|t:|1776040834\n|move|p2b: Sneasler|Protect|p2b: Sneasler\n|-singleturn|p2b: Sneasler|Protect\n|move|p1b: Excadrill|Protect|p1b: Excadrill\n|-singleturn|p1b: Excadrill|Protect\n|move|p1a: Talonflame|Will-O-Wisp|p2b: Sneasler\n|-activate|p2b: Sneasler|move: Protect\n|move|p2a: Rotom|Will-O-Wisp|p1b: Excadrill\n|-activate|p1b: Excadrill|move: Protect\n|\n|upkeep\n|turn|2\n|\n|t:|1776040854\n|move|p1a: Talonflame|Tailwind|p1a: Talonflame\n|-sidestart|p1: fatedgabo|move: Tailwind\n|move|p1b: Excadrill|Rock Slide|p2b: Sneasler|[spread] p2b\n|-miss|p1b: Excadrill|p2a: Rotom\n|-resisted|p2b: Sneasler|1\n|-damage|p2b: Sneasler|84/100\n|move|p2b: Sneasler|Close Combat|p1b: Excadrill\n|-supereffective|p1b: Excadrill|1\n|-enditem|p1b: Excadrill|Focus Sash\n|-damage|p1b: Excadrill|1/100\n|-unboost|p2b: Sneasler|def|1\n|-unboost|p2b: Sneasler|spd|1\n|-enditem|p2b: Sneasler|White Herb\n|-clearnegativeboost|p2b: Sneasler|[silent]\n|move|p2a: Rotom|Thunderbolt|p1a: Talonflame\n|-supereffective|p1a: Talonflame|1\n|-damage|p1a: Talonflame|2/100\n|-status|p1a: Talonflame|par\n|\n|-heal|p1a: Talonflame|8/100 par|[from] item: Leftovers\n|upkeep\n|turn|3\n|j| pipi314\n|\n|t:|1776040873\n|move|p2b: Sneasler|Protect|p2b: Sneasler\n|-singleturn|p2b: Sneasler|Protect\n|move|p1b: Excadrill|High Horsepower|p2b: Sneasler\n|-activate|p2b: Sneasler|move: Protect\n|move|p1a: Talonflame|Will-O-Wisp|p2a: Rotom\n|-status|p2a: Rotom|brn\n|move|p2a: Rotom|Thunderbolt|p1a: Talonflame\n|-supereffective|p1a: Talonflame|1\n|-damage|p1a: Talonflame|0 fnt\n|faint|p1a: Talonflame\n|\n|-damage|p2a: Rotom|94/100 brn|[from] brn\n|upkeep\n|j| No.1yZap2\n|\n|t:|1776040882\n|switch|p1a: Tyranitar|Tyranitar, L50, F|100/100\n|-weather|Sandstorm|[from] ability: Sand Stream|[of] p1a: Tyranitar\n|turn|4\n|\n|t:|1776040892\n|detailschange|p1a: Tyranitar|Tyranitar-Mega, L50, F\n|-mega|p1a: Tyranitar|Tyranitar|Tyranitarite\n|move|p1b: Excadrill|High Horsepower|p2b: Sneasler\n|-supereffective|p2b: Sneasler|1\n|-damage|p2b: Sneasler|0 fnt\n|faint|p2b: Sneasler\n|move|p1a: Tyranitar|Rock Slide|p2a: Rotom\n|-damage|p2a: Rotom|48/100 brn\n|-enditem|p2a: Rotom|Sitrus Berry|[eat]\n|-heal|p2a: Rotom|73/100 brn|[from] item: Sitrus Berry\n|move|p2a: Rotom|Will-O-Wisp|p1a: Tyranitar\n|-status|p1a: Tyranitar|brn\n|\n|-weather|Sandstorm|[upkeep]\n|-damage|p2a: Rotom|67/100 brn|[from] Sandstorm\n|-damage|p1a: Tyranitar|95/100 brn|[from] brn\n|-damage|p2a: Rotom|61/100 brn|[from] brn\n|upkeep\n|j| Hangin Out\n|inactive|Battle timer is ON: inactive players will automatically lose when time's up. (requested by fatedgabo)\n|\n|t:|1776040916\n|switch|p2b: Garchomp|Garchomp, L50, M|100/100\n|turn|5\n|\n|t:|1776040923\n|switch|p1b: Tauros|Tauros-Paldea-Aqua, L50, M|100/100\n|-ability|p1b: Tauros|Intimidate|boost\n|-unboost|p2a: Rotom|atk|1\n|-unboost|p2b: Garchomp|atk|1\n|move|p2b: Garchomp|Earthquake|p1a: Tyranitar|[spread] p1a,p1b\n|-immune|p2a: Rotom|[from] ability: Levitate\n|-supereffective|p1a: Tyranitar|1\n|-damage|p1a: Tyranitar|65/100 brn\n|-damage|p1b: Tauros|67/100\n|move|p1a: Tyranitar|Rock Slide|p2b: Garchomp|[spread] p2a,p2b\n|-resisted|p2b: Garchomp|1\n|-damage|p2a: Rotom|43/100 brn\n|-damage|p2b: Garchomp|93/100\n|move|p2a: Rotom|Hydro Pump|p1a: Tyranitar\n|-supereffective|p1a: Tyranitar|1\n|-damage|p1a: Tyranitar|26/100 brn\n|\n|-weather|Sandstorm|[upkeep]\n|-damage|p1b: Tauros|61/100|[from] Sandstorm\n|-damage|p2a: Rotom|37/100 brn|[from] Sandstorm\n|-damage|p1a: Tyranitar|20/100 brn|[from] brn\n|-damage|p2a: Rotom|31/100 brn|[from] brn\n|-sideend|p1: fatedgabo|move: Tailwind\n|upkeep\n|turn|6\n|\n|t:|1776040941\n|move|p2b: Garchomp|Earthquake|p1b: Tauros|[spread] p1a,p1b\n|-immune|p2a: Rotom|[from] ability: Levitate\n|-supereffective|p1a: Tyranitar|1\n|-damage|p1a: Tyranitar|0 fnt\n|-damage|p1b: Tauros|31/100\n|faint|p1a: Tyranitar\n|move|p1b: Tauros|Close Combat|p2b: Garchomp\n|-damage|p2b: Garchomp|32/100\n|-unboost|p1b: Tauros|def|1\n|-unboost|p1b: Tauros|spd|1\n|-damage|p1b: Tauros|19/100|[from] ability: Rough Skin|[of] p2b: Garchomp\n|-enditem|p1b: Tauros|White Herb\n|-clearnegativeboost|p1b: Tauros|[silent]\n|move|p2a: Rotom|Thunderbolt|p1b: Tauros\n|-supereffective|p1b: Tauros|1\n|-damage|p1b: Tauros|0 fnt\n|faint|p1b: Tauros\n|\n|-weather|Sandstorm|[upkeep]\n|-damage|p2a: Rotom|25/100 brn|[from] Sandstorm\n|-damage|p2a: Rotom|19/100 brn|[from] brn\n|upkeep\n|\n|t:|1776040949\n|switch|p1b: Excadrill|Excadrill, L50, F|1/100\n|turn|7\n|\n|t:|1776040957\n|move|p1b: Excadrill|Rock Slide|p2b: Garchomp|[spread] p2a,p2b\n|-resisted|p2b: Garchomp|1\n|-damage|p2a: Rotom|0 fnt\n|-damage|p2b: Garchomp|21/100\n|faint|p2a: Rotom\n|move|p2b: Garchomp|Earthquake|p1b: Excadrill\n|-supereffective|p1b: Excadrill|1\n|-damage|p1b: Excadrill|0 fnt\n|faint|p1b: Excadrill\n|\n|win|giftedyewsucks\n|raw|fatedgabo's rating: 1327 &rarr; <strong>1310</strong><br />(-17 for losing)\n|raw|giftedyewsucks's rating: 1386 &rarr; <strong>1403</strong><br />(+17 for winning)\n|l|\u2606giftedyewsucks\n|player|p2|\n|l|\u2606fatedgabo\n|player|p1|\n|l| No.1yZap2\n",
  "uploadtime": 1776041036,
  "views": 34,
  "formatid": "gen9championsvgc2026regma",
  "rating": 1310,
  "private": 0,
  "password": null
}