{
  "id": "gen9championsvgc2026regma-2586095608",
  "format": "[Gen 9 Champions] VGC 2026 Reg M-A",
  "players": [
    "dem0n2011",
    "wtfispayday2"
  ],
  "log": "|j|\u203ddem0n2011\n|j|\u2606wtfispayday2\n|t:|1776398484\n|gametype|doubles\n|player|p1|dem0n2011|benga|1184\n|player|p2|wtfispayday2|olivia|1166\n|gen|9\n|tier|[Gen 9 Champions] VGC 2026 Reg M-A\n|rated|\n|rule|Species Clause: Limit one of each Pok\u00e9mon\n|rule|Item Clause: Limit 1 of each item\n|clearpoke\n|poke|p1|Clefable, L50, M|\n|poke|p1|Absol, L50, M|\n|poke|p1|Aerodactyl, L50, M|\n|poke|p1|Incineroar, L50, M|\n|poke|p1|Rotom-Wash, L50|\n|poke|p1|Meganium, L50, M|\n|poke|p2|Gengar, L50, F|\n|poke|p2|Incineroar, L50, M|\n|poke|p2|Sinistcha, L50|\n|poke|p2|Kingambit, L50, M|\n|poke|p2|Kommo-o, L50, F|\n|poke|p2|Altaria, L50, M|\n|teampreview|4\n|inactive|Battle timer is ON: inactive players will automatically lose when time's up. (requested by wtfispayday2)\nwtfispayday2 rejected open team sheets.\n|\n|t:|1776398509\n|teamsize|p1|4\n|teamsize|p2|4\n|start\n|switch|p1a: Aerodactyl|Aerodactyl, L50, M|100/100\n|switch|p1b: Incineroar|Incineroar, L50, M|100/100\n|switch|p2a: Sinistcha|Sinistcha, L50|100/100\n|switch|p2b: Gengar|Gengar, L50, F|100/100\n|-ability|p1a: Aerodactyl|Unnerve\n|-ability|p1b: Incineroar|Intimidate|boost\n|-unboost|p2a: Sinistcha|atk|1\n|-unboost|p2b: Gengar|atk|1\n|turn|1\n|\n|t:|1776398524\n|detailschange|p2b: Gengar|Gengar-Mega, L50, F\n|-mega|p2b: Gengar|Gengar|Gengarite\n|move|p2a: Sinistcha|Rage Powder|p2a: Sinistcha\n|-singleturn|p2a: Sinistcha|move: Rage Powder\n|move|p2b: Gengar|Perish Song|p2b: Gengar\n|-start|p1a: Aerodactyl|perish3|[silent]\n|-start|p1b: Incineroar|perish3|[silent]\n|-start|p2a: Sinistcha|perish3|[silent]\n|-start|p2b: Gengar|perish3|[silent]\n|-fieldactivate|move: Perish Song\n|move|p1a: Aerodactyl|Tailwind|p1a: Aerodactyl\n|-sidestart|p1: dem0n2011|move: Tailwind\n|move|p1b: Incineroar|Snarl|p2a: Sinistcha|[spread] p2a,p2b\n|-supereffective|p2a: Sinistcha|1\n|-supereffective|p2b: Gengar|1\n|-damage|p2a: Sinistcha|76/100\n|-damage|p2b: Gengar|79/100\n|-unboost|p2a: Sinistcha|spa|1\n|-unboost|p2b: Gengar|spa|1\n|\n|-start|p1a: Aerodactyl|perish3\n|-start|p2b: Gengar|perish3\n|-start|p1b: Incineroar|perish3\n|-start|p2a: Sinistcha|perish3\n|upkeep\n|turn|2\n|inactive|wtfispayday2 has 30 seconds left.\n|\n|t:|1776398554\n|switch|p2a: Incineroar|Incineroar, L50, M|100/100\n|-ability|p2a: Incineroar|Intimidate|boost\n|-unboost|p1a: Aerodactyl|atk|1\n|-unboost|p1b: Incineroar|atk|1\n|move|p2b: Gengar|Protect|p2b: Gengar\n|-singleturn|p2b: Gengar|Protect\n|move|p1a: Aerodactyl|Dual Wingbeat|p2a: Incineroar\n|-damage|p2a: Incineroar|90/100\n|-damage|p2a: Incineroar|79/100\n|-hitcount|p2a: Incineroar|2\n|move|p1b: Incineroar|Parting Shot|p2b: Gengar\n|-activate|p2b: Gengar|move: Protect\n|\n|-start|p1a: Aerodactyl|perish2\n|-start|p2b: Gengar|perish2\n|-start|p1b: Incineroar|perish2\n|upkeep\n|turn|3\n|\n|t:|1776398576\n|move|p2a: Incineroar|Fake Out|p1b: Incineroar\n|-damage|p1b: Incineroar|91/100\n|move|p1a: Aerodactyl|Rock Slide|p2b: Gengar|[spread] p2a,p2b\n|-supereffective|p2a: Incineroar|1\n|-damage|p2a: Incineroar|54/100\n|-damage|p2b: Gengar|59/100\n|move|p2b: Gengar|Substitute|p2b: Gengar\n|-start|p2b: Gengar|Substitute\n|-damage|p2b: Gengar|34/100\n|cant|p1b: Incineroar|flinch\n|\n|-start|p1a: Aerodactyl|perish1\n|-start|p2b: Gengar|perish1\n|-start|p1b: Incineroar|perish1\n|upkeep\n|turn|4\n|\n|t:|1776398599\n|switch|p2b: Sinistcha|Sinistcha, L50|76/100\n|-heal|p2a: Incineroar|79/100|[from] ability: Hospitality|[of] p2b: Sinistcha\n|move|p1a: Aerodactyl|Rock Slide|p2b: Sinistcha|[spread] p2b\n|-miss|p1a: Aerodactyl|p2a: Incineroar\n|-damage|p2b: Sinistcha|64/100\n|move|p1b: Incineroar|Snarl|p2a: Incineroar|[spread] p2a,p2b\n|-resisted|p2a: Incineroar|1\n|-supereffective|p2b: Sinistcha|1\n|-damage|p2a: Incineroar|74/100\n|-damage|p2b: Sinistcha|36/100\n|-unboost|p2a: Incineroar|spa|1\n|-unboost|p2b: Sinistcha|spa|1\n|move|p2a: Incineroar|Parting Shot|p1b: Incineroar\n|-unboost|p1b: Incineroar|atk|1\n|-unboost|p1b: Incineroar|spa|1\n|\n|t:|1776398614\n|switch|p2a: Kommo-o|Kommo-o, L50, F|100/100|[from] Parting Shot\n|\n|-start|p1a: Aerodactyl|perish0\n|-start|p1b: Incineroar|perish0\n|-sideend|p1: dem0n2011|move: Tailwind\n|upkeep\n|faint|p1a: Aerodactyl\n|faint|p1b: Incineroar\n|\n|t:|1776398617\n|switch|p1a: Clefable|Clefable, L50, M|100/100\n|switch|p1b: Absol|Absol, L50, M|100/100\n|turn|5\n|inactive|wtfispayday2 has 30 seconds left.\n|inactive|wtfispayday2 has 20 seconds left.\n|inactive|wtfispayday2 has 15 seconds left.\n|inactive|wtfispayday2 has 10 seconds left.\n|\n|t:|1776398663\n|detailschange|p1b: Absol|Absol-Mega, L50, M\n|-mega|p1b: Absol|Absol|Absolite\n|move|p2b: Sinistcha|Rage Powder|p2b: Sinistcha\n|-singleturn|p2b: Sinistcha|move: Rage Powder\n|move|p1a: Clefable|Follow Me|p1a: Clefable\n|-singleturn|p1a: Clefable|move: Follow Me\n|move|p1b: Absol|Swords Dance|p1b: Absol\n|-boost|p1b: Absol|atk|2\n|move|p2a: Kommo-o|Body Press|p1a: Clefable\n|-resisted|p1a: Clefable|1\n|-damage|p1a: Clefable|82/100\n|\n|-heal|p1a: Clefable|88/100|[from] item: Leftovers\n|upkeep\n|turn|6\n|\n|t:|1776398677\n|switch|p2b: Incineroar|Incineroar, L50, M|74/100\n|-ability|p2b: Incineroar|Intimidate|boost\n|-unboost|p1a: Clefable|atk|1\n|-unboost|p1b: Absol|atk|1\n|move|p1a: Clefable|Helping Hand|p1b: Absol\n|-singleturn|p1b: Absol|Helping Hand|[of] p1a: Clefable\n|move|p1b: Absol|Play Rough|p2a: Kommo-o\n|-supereffective|p2a: Kommo-o|2\n|-damage|p2a: Kommo-o|0 fnt\n|faint|p2a: Kommo-o\n|\n|-heal|p1a: Clefable|94/100|[from] item: Leftovers\n|upkeep\n|\n|t:|1776398682\n|switch|p2a: Sinistcha|Sinistcha, L50|36/100\n|-heal|p2b: Incineroar|99/100|[from] ability: Hospitality|[of] p2a: Sinistcha\n|turn|7\n|inactive|wtfispayday2 has 30 seconds left.\n|\n|t:|1776398713\n|switch|p2b: Gengar|Gengar-Mega, L50, F|34/100\n|move|p2a: Sinistcha|Protect|p2a: Sinistcha\n|-singleturn|p2a: Sinistcha|Protect\n|move|p1a: Clefable|Follow Me|p1a: Clefable\n|-singleturn|p1a: Clefable|move: Follow Me\n|move|p1b: Absol|Swords Dance|p1b: Absol\n|-boost|p1b: Absol|atk|2\n|\n|-heal|p1a: Clefable|99/100|[from] item: Leftovers\n|upkeep\n|turn|8\n|\n|t:|1776398738\n|move|p2a: Sinistcha|Rage Powder|p2a: Sinistcha\n|-singleturn|p2a: Sinistcha|move: Rage Powder\n|move|p2b: Gengar|Perish Song|p2b: Gengar\n|-start|p1a: Clefable|perish3|[silent]\n|-start|p1b: Absol|perish3|[silent]\n|-start|p2a: Sinistcha|perish3|[silent]\n|-start|p2b: Gengar|perish3|[silent]\n|-fieldactivate|move: Perish Song\n|move|p1b: Absol|Play Rough|p2a: Sinistcha\n|-damage|p2a: Sinistcha|0 fnt\n|faint|p2a: Sinistcha\n|move|p1a: Clefable|Ice Beam|p2b: Gengar\n|-damage|p2b: Gengar|13/100\n|\n|-heal|p1a: Clefable|100/100|[from] item: Leftovers\n|-start|p2b: Gengar|perish3\n|-start|p1b: Absol|perish3\n|-start|p1a: Clefable|perish3\n|upkeep\n|\n|t:|1776398743\n|switch|p2a: Incineroar|Incineroar, L50, M|99/100\n|-ability|p2a: Incineroar|Intimidate|boost\n|-unboost|p1a: Clefable|atk|1\n|-unboost|p1b: Absol|atk|1\n|turn|9\n|\n|t:|1776398761\n|move|p2b: Gengar|Protect|p2b: Gengar\n|-singleturn|p2b: Gengar|Protect\n|move|p2a: Incineroar|Fake Out|p1b: Absol\n|-damage|p1b: Absol|79/100\n|move|p1a: Clefable|Follow Me|p1a: Clefable\n|-singleturn|p1a: Clefable|move: Follow Me\n|cant|p1b: Absol|flinch\n|\n|-start|p2b: Gengar|perish2\n|-start|p1b: Absol|perish2\n|-start|p1a: Clefable|perish2\n|upkeep\n|turn|10\n|\n|t:|1776398776\n|move|p1a: Clefable|Helping Hand|p1b: Absol\n|-singleturn|p1b: Absol|Helping Hand|[of] p1a: Clefable\n|move|p2b: Gengar|Protect||[still]\n|-fail|p2b: Gengar\n|move|p1b: Absol|Close Combat|p2a: Incineroar\n|-supereffective|p2a: Incineroar|1\n|-crit|p2a: Incineroar\n|-damage|p2a: Incineroar|0 fnt\n|-unboost|p1b: Absol|def|1\n|-unboost|p1b: Absol|spd|1\n|faint|p2a: Incineroar\n|\n|-start|p2b: Gengar|perish1\n|-start|p1b: Absol|perish1\n|-start|p1a: Clefable|perish1\n|upkeep\n|turn|11\n|\n|t:|1776398792\n|move|p2b: Gengar|Protect|p2b: Gengar\n|-singleturn|p2b: Gengar|Protect\n|move|p1a: Clefable|Protect|p1a: Clefable\n|-singleturn|p1a: Clefable|Protect\n|move|p1b: Absol|Play Rough|p2b: Gengar\n|-activate|p2b: Gengar|move: Protect\n|\n|-start|p2b: Gengar|perish0\n|-start|p1b: Absol|perish0\n|-start|p1a: Clefable|perish0\n|faint|p2b: Gengar\n|faint|p1b: Absol\n|faint|p1a: Clefable\n|\n|win|dem0n2011\n|raw|dem0n2011's rating: 1184 &rarr; <strong>1208</strong><br />(+24 for winning)\n|raw|wtfispayday2's rating: 1166 &rarr; <strong>1142</strong><br />(-24 for losing)\n|l|\u2606wtfispayday2\n|player|p2|\n",
  "uploadtime": 1776398797,
  "views": 93,
  "formatid": "gen9championsvgc2026regma",
  "rating": 1142,
  "private": 0,
  "password": null
}