{
  "id": "gen9championsvgc2026regma-2583772654",
  "format": "[Gen 9 Champions] VGC 2026 Reg M-A",
  "players": [
    "sadcasuals",
    "MefShowdown0"
  ],
  "log": "|j|\u2606sadcasuals\n|j|\u2606MefShowdown0\n|t:|1776196682\n|gametype|doubles\n|player|p1|sadcasuals|102|1130\n|player|p2|MefShowdown0|selene-masters2|1177\n|gen|9\n|tier|[Gen 9 Champions] VGC 2026 Reg M-A\n|rated|\n|rule|Species Clause: Limit one of each Pok\u00e9mon\n|rule|Item Clause: Limit 1 of each item\n|clearpoke\n|poke|p1|Mimikyu, L50, M|\n|poke|p1|Golurk, L50|\n|poke|p1|Oranguru, L50, F|\n|poke|p1|Torkoal, L50, F|\n|poke|p1|Milotic, L50, M|\n|poke|p1|Hydrapple, L50, F|\n|poke|p2|Floette-Eternal, L50, F|\n|poke|p2|Aerodactyl, L50, M|\n|poke|p2|Sneasler, L50, M|\n|poke|p2|Garchomp, L50, M|\n|poke|p2|Incineroar, L50, M|\n|poke|p2|Sinistcha, L50|\n|teampreview|4\n|\n|t:|1776196747\n|teamsize|p1|4\n|teamsize|p2|4\n|start\n|switch|p1a: Mimikyu|Mimikyu, L50, M|100/100\n|switch|p1b: Milotic|Milotic, L50, M|100/100\n|switch|p2a: Floette|Floette-Eternal, L50, F|100/100\n|switch|p2b: Sinistcha|Sinistcha, L50|100/100\n|turn|1\n|\n|t:|1776196770\n|detailschange|p2a: Floette|Floette-Mega, L50, F\n|-mega|p2a: Floette|Floette|Floettite\n|-ability|p2a: Floette|Fairy Aura\n|move|p2a: Floette|Calm Mind|p2a: Floette\n|-boost|p2a: Floette|spa|1\n|-boost|p2a: Floette|spd|1\n|move|p1a: Mimikyu|Shadow Claw|p2b: Sinistcha\n|-supereffective|p2b: Sinistcha|1\n|-damage|p2b: Sinistcha|59/100\n|move|p2b: Sinistcha|Matcha Gotcha|p1b: Milotic|[spread] p1a,p1b\n|-supereffective|p1b: Milotic|1\n|-activate|p1a: Mimikyu|ability: Disguise\n|-damage|p1a: Mimikyu|100/100\n|-damage|p1b: Milotic|68/100\n|-heal|p2b: Sinistcha|77/100|[from] drain|[of] p1b: Milotic\n|detailschange|p1a: Mimikyu|Mimikyu-Busted, L50, M\n|-damage|p1a: Mimikyu|88/100|[from] pokemon: Mimikyu-Busted\n|move|p1b: Milotic|Ice Beam|p2b: Sinistcha\n|-supereffective|p2b: Sinistcha|1\n|-damage|p2b: Sinistcha|35/100\n|\n|-heal|p1b: Milotic|74/100|[from] item: Leftovers\n|upkeep\n|turn|2\n|\n|t:|1776196800\n|move|p1b: Milotic|Protect|p1b: Milotic\n|-singleturn|p1b: Milotic|Protect\n|move|p2a: Floette|Dazzling Gleam|p1a: Mimikyu|[spread] p1a\n|-activate|p1b: Milotic|move: Protect\n|-damage|p1a: Mimikyu|21/100\n|move|p2b: Sinistcha|Matcha Gotcha|p1a: Mimikyu|[spread] \n|-activate|p1b: Milotic|move: Protect\n|-miss|p2b: Sinistcha|p1a: Mimikyu\n|move|p1a: Mimikyu|Trick Room|p1a: Mimikyu\n|-fieldstart|move: Trick Room|[of] p1a: Mimikyu\n|\n|-heal|p1b: Milotic|80/100|[from] item: Leftovers\n|upkeep\n|turn|3\n|\n|t:|1776196819\n|move|p2b: Sinistcha|Protect|p2b: Sinistcha\n|-singleturn|p2b: Sinistcha|Protect\n|move|p2a: Floette|Protect|p2a: Floette\n|-singleturn|p2a: Floette|Protect\n|move|p1b: Milotic|Ice Beam|p2b: Sinistcha\n|-activate|p2b: Sinistcha|move: Protect\n|move|p1a: Mimikyu|Curse|p2a: Floette\n|-start|p2a: Floette|Curse|[of] p1a: Mimikyu\n|-damage|p1a: Mimikyu|0 fnt\n|faint|p1a: Mimikyu\n|\n|-heal|p1b: Milotic|86/100|[from] item: Leftovers\n|-damage|p2a: Floette|76/100|[from] Curse\n|upkeep\n|\n|t:|1776196830\n|switch|p1a: Golurk|Golurk, L50|100/100\n|turn|4\n|\n|t:|1776196846\n|switch|p2b: Incineroar|Incineroar, L50, M|100/100\n|-ability|p2b: Incineroar|Intimidate|boost\n|-unboost|p1a: Golurk|atk|1\n|-unboost|p1b: Milotic|atk|1\n|-ability|p1b: Milotic|Competitive|boost\n|-boost|p1b: Milotic|spa|2\n|switch|p1b: Oranguru|Oranguru, L50, F|100/100\n|detailschange|p1a: Golurk|Golurk-Mega, L50\n|-mega|p1a: Golurk|Golurk|Golurkite\n|move|p1a: Golurk|Earthquake|p2b: Incineroar|[spread] p2a,p2b\n|-activate|p1b: Oranguru|ability: Telepathy\n|-supereffective|p2b: Incineroar|1\n|-damage|p2a: Floette|41/100\n|-damage|p2b: Incineroar|46/100\n|-enditem|p2b: Incineroar|Sitrus Berry|[eat]\n|-heal|p2b: Incineroar|71/100|[from] item: Sitrus Berry\n|move|p2a: Floette|Draining Kiss|p1a: Golurk\n|-damage|p1a: Golurk|46/100\n|-heal|p2a: Floette|87/100|[from] drain|[of] p1a: Golurk\n|\n|-damage|p2a: Floette|62/100|[from] Curse\n|upkeep\n|turn|5\n|\n|t:|1776196883\n|move|p2b: Incineroar|Fake Out|p1b: Oranguru\n|-damage|p1b: Oranguru|92/100\n|move|p1a: Golurk|Earthquake|p2a: Floette|[spread] p2a,p2b\n|-activate|p1b: Oranguru|ability: Telepathy\n|-supereffective|p2b: Incineroar|1\n|-damage|p2a: Floette|21/100\n|-damage|p2b: Incineroar|19/100\n|cant|p1b: Oranguru|flinch\n|move|p2a: Floette|Draining Kiss|p1a: Golurk\n|-damage|p1a: Golurk|0 fnt\n|-heal|p2a: Floette|60/100|[from] drain|[of] p1a: Golurk\n|faint|p1a: Golurk\n|\n|-damage|p2a: Floette|35/100|[from] Curse\n|upkeep\n|\n|t:|1776196886\n|switch|p1a: Milotic|Milotic, L50, M|86/100\n|turn|6\n|\n|t:|1776196901\n|switch|p2a: Sinistcha|Sinistcha, L50|35/100\n|-heal|p2b: Incineroar|44/100|[from] ability: Hospitality|[of] p2a: Sinistcha\n|move|p1b: Oranguru|Instruct||[still]\n|-fail|p1b: Oranguru\n|move|p2b: Incineroar|Parting Shot|p1b: Oranguru\n|-unboost|p1b: Oranguru|atk|1\n|-unboost|p1b: Oranguru|spa|1\n|\n|t:|1776196915\n|switch|p2b: Aerodactyl|Aerodactyl, L50, M|100/100|[from] Parting Shot\n|-ability|p2b: Aerodactyl|Unnerve\n|move|p1a: Milotic|Muddy Water|p2b: Aerodactyl|[spread] p2a,p2b\n|-resisted|p2a: Sinistcha|1\n|-supereffective|p2b: Aerodactyl|1\n|-damage|p2a: Sinistcha|25/100\n|-damage|p2b: Aerodactyl|19/100\n|\n|-heal|p1a: Milotic|92/100|[from] item: Leftovers\n|-fieldend|move: Trick Room\n|upkeep\n|turn|7\n|\n|t:|1776196941\n|move|p1a: Milotic|Protect|p1a: Milotic\n|-singleturn|p1a: Milotic|Protect\n|move|p2b: Aerodactyl|Rock Slide|p1a: Milotic|[spread] p1b\n|-activate|p1a: Milotic|move: Protect\n|-damage|p1b: Oranguru|71/100\n|move|p2a: Sinistcha|Matcha Gotcha|p1a: Milotic|[spread] \n|-activate|p1a: Milotic|move: Protect\n|-miss|p2a: Sinistcha|p1b: Oranguru\n|move|p1b: Oranguru|Trick Room|p1b: Oranguru\n|-fieldstart|move: Trick Room|[of] p1b: Oranguru\n|\n|-heal|p1a: Milotic|98/100|[from] item: Leftovers\n|upkeep\n|turn|8\n|\n|t:|1776196955\n|move|p2a: Sinistcha|Protect|p2a: Sinistcha\n|-singleturn|p2a: Sinistcha|Protect\n|move|p2b: Aerodactyl|Protect|p2b: Aerodactyl\n|-singleturn|p2b: Aerodactyl|Protect\n|move|p1b: Oranguru|Psychic|p2a: Sinistcha\n|-activate|p2a: Sinistcha|move: Protect\n|move|p1a: Milotic|Muddy Water|p2b: Aerodactyl|[spread] \n|-activate|p2a: Sinistcha|move: Protect\n|-activate|p2b: Aerodactyl|move: Protect\n|\n|-heal|p1a: Milotic|100/100|[from] item: Leftovers\n|upkeep\n|turn|9\n|\n|t:|1776196973\n|move|p2b: Aerodactyl|Protect||[still]\n|-fail|p2b: Aerodactyl\n|move|p1b: Oranguru|Psychic|p2a: Sinistcha\n|-damage|p2a: Sinistcha|9/100\n|move|p1a: Milotic|Muddy Water|p2a: Sinistcha|[spread] \n|-miss|p1a: Milotic|p2a: Sinistcha\n|-miss|p1a: Milotic|p2b: Aerodactyl\n|move|p2a: Sinistcha|Matcha Gotcha|p1a: Milotic|[spread] p1a,p1b\n|-supereffective|p1a: Milotic|1\n|-damage|p1a: Milotic|70/100\n|-heal|p2a: Sinistcha|27/100|[from] drain|[of] p1a: Milotic\n|-damage|p1b: Oranguru|51/100\n|-heal|p2a: Sinistcha|38/100|[from] drain|[of] p1b: Oranguru\n|\n|-heal|p1a: Milotic|76/100|[from] item: Leftovers\n|upkeep\n|turn|10\n|\n|t:|1776196990\n|move|p2b: Aerodactyl|Protect|p2b: Aerodactyl\n|-singleturn|p2b: Aerodactyl|Protect\n|move|p1b: Oranguru|Psychic|p2b: Aerodactyl\n|-activate|p2b: Aerodactyl|move: Protect\n|move|p1a: Milotic|Recover|p1a: Milotic\n|-heal|p1a: Milotic|100/100\n|move|p2a: Sinistcha|Matcha Gotcha|p1a: Milotic|[spread] p1a,p1b\n|-supereffective|p1a: Milotic|1\n|-damage|p1a: Milotic|67/100\n|-heal|p2a: Sinistcha|57/100|[from] drain|[of] p1a: Milotic\n|-damage|p1b: Oranguru|32/100\n|-heal|p2a: Sinistcha|67/100|[from] drain|[of] p1b: Oranguru\n|-status|p1a: Milotic|brn\n|\n|-heal|p1a: Milotic|73/100 brn|[from] item: Leftovers\n|-damage|p1a: Milotic|67/100 brn|[from] brn\n|upkeep\n|turn|11\n|\n|t:|1776197010\n|move|p1b: Oranguru|Psychic|p2b: Aerodactyl\n|-damage|p2b: Aerodactyl|0 fnt\n|-enditem|p1b: Oranguru|Sitrus Berry|[eat]\n|-heal|p1b: Oranguru|57/100|[from] item: Sitrus Berry\n|faint|p2b: Aerodactyl\n|move|p1a: Milotic|Ice Beam|p2a: Sinistcha\n|-supereffective|p2a: Sinistcha|1\n|-damage|p2a: Sinistcha|29/100\n|move|p2a: Sinistcha|Matcha Gotcha|p1a: Milotic|[spread] p1a,p1b\n|-supereffective|p1a: Milotic|1\n|-damage|p1a: Milotic|31/100 brn\n|-heal|p2a: Sinistcha|49/100|[from] drain|[of] p1a: Milotic\n|-damage|p1b: Oranguru|39/100\n|-heal|p2a: Sinistcha|59/100|[from] drain|[of] p1b: Oranguru\n|\n|-heal|p1a: Milotic|37/100 brn|[from] item: Leftovers\n|-damage|p1a: Milotic|31/100 brn|[from] brn\n|-fieldend|move: Trick Room\n|upkeep\n|-message|sadcasuals forfeited.\n|\n|win|MefShowdown0\n|raw|sadcasuals's rating: 1130 &rarr; <strong>1108</strong><br />(-22 for losing)\n|raw|MefShowdown0's rating: 1177 &rarr; <strong>1199</strong><br />(+22 for winning)\n",
  "uploadtime": 1776197018,
  "views": 20,
  "formatid": "gen9championsvgc2026regma",
  "rating": 1108,
  "private": 0,
  "password": null
}