{
  "id": "gen9championsvgc2026regma-2581577193",
  "format": "[Gen 9 Champions] VGC 2026 Reg M-A",
  "players": [
    "Braute",
    "NathanaelW19"
  ],
  "log": "|j|\u2606Braute\n|j|\u2606NathanaelW19\n|t:|1776012333\n|gametype|doubles\n|player|p1|Braute|miku-fire|1180\n|player|p2|NathanaelW19|dragontamer|1180\n|gen|9\n|tier|[Gen 9 Champions] VGC 2026 Reg M-A\n|rated|\n|rule|Species Clause: Limit one of each Pok\u00e9mon\n|rule|Item Clause: Limit 1 of each item\n|clearpoke\n|poke|p1|Beedrill, L50, M|\n|poke|p1|Incineroar, L50, M|\n|poke|p1|Talonflame, L50, M|\n|poke|p1|Kingambit, L50, F|\n|poke|p1|Tyranitar, L50, F|\n|poke|p1|Excadrill, L50, M|\n|poke|p2|Charizard, L50, F|\n|poke|p2|Venusaur, L50, F|\n|poke|p2|Farigiraf, L50, M|\n|poke|p2|Incineroar, L50, F|\n|poke|p2|Zoroark-Hisui, L50, M|\n|poke|p2|Sneasler, L50, F|\n|teampreview|4\n|inactive|Battle timer is ON: inactive players will automatically lose when time's up. (requested by NathanaelW19)\n|inactive|Braute also wants the timer to be on.\n|inactive|NathanaelW19 has 60 seconds left.\n|\n|t:|1776012369\n|teamsize|p1|4\n|teamsize|p2|4\n|start\n|switch|p1a: Tyranitar|Tyranitar, L50, F|100/100\n|switch|p1b: Excadrill|Excadrill, L50, M|100/100\n|switch|p2a: Charizard|Charizard, L50, F, shiny|100/100\n|switch|p2b: Sneasler|Sneasler, L50, F, shiny|100/100\n|-weather|Sandstorm|[from] ability: Sand Stream|[of] p1a: Tyranitar\n|turn|1\n|\n|t:|1776012379\n|detailschange|p1a: Tyranitar|Tyranitar-Mega, L50, F\n|-mega|p1a: Tyranitar|Tyranitar|Tyranitarite\n|move|p2a: Charizard|Protect|p2a: Charizard\n|-singleturn|p2a: Charizard|Protect\n|move|p1b: Excadrill|High Horsepower|p2b: Sneasler\n|-supereffective|p2b: Sneasler|1\n|-damage|p2b: Sneasler|0 fnt\n|faint|p2b: Sneasler\n|move|p1a: Tyranitar|Rock Slide|p2a: Charizard\n|-activate|p2a: Charizard|move: Protect\n|\n|-weather|Sandstorm|[upkeep]\n|-damage|p2a: Charizard|94/100|[from] Sandstorm\n|upkeep\n|\n|t:|1776012389\n|switch|p2b: Venusaur|Venusaur, L50, F, shiny|100/100\n|turn|2\n|\n|t:|1776012398\n|switch|p1a: Talonflame|Talonflame, L50, M|100/100\n|move|p1b: Excadrill|Protect|p1b: Excadrill\n|-singleturn|p1b: Excadrill|Protect\n|move|p2a: Charizard|Flamethrower|p1b: Excadrill\n|-activate|p1b: Excadrill|move: Protect\n|move|p2b: Venusaur|Sleep Powder|p1a: Talonflame\n|-status|p1a: Talonflame|slp|[from] move: Sleep Powder\n|\n|-weather|Sandstorm|[upkeep]\n|-damage|p1a: Talonflame|95/100 slp|[from] Sandstorm\n|-damage|p2a: Charizard|88/100|[from] Sandstorm\n|-damage|p2b: Venusaur|94/100|[from] Sandstorm\n|upkeep\n|turn|3\n|\n|t:|1776012414\n|move|p1b: Excadrill|Rock Slide|p2a: Charizard|[spread] p2b\n|-miss|p1b: Excadrill|p2a: Charizard\n|-damage|p2b: Venusaur|73/100\n|cant|p1a: Talonflame|slp\n|move|p2a: Charizard|Flamethrower|p1b: Excadrill\n|-supereffective|p1b: Excadrill|1\n|-damage|p1b: Excadrill|11/100\n|cant|p2b: Venusaur|flinch\n|\n|-weather|Sandstorm|[upkeep]\n|-damage|p1a: Talonflame|89/100 slp|[from] Sandstorm\n|-damage|p2a: Charizard|82/100|[from] Sandstorm\n|-damage|p2b: Venusaur|67/100|[from] Sandstorm\n|upkeep\n|turn|4\n|\n|t:|1776012434\n|move|p1b: Excadrill|Protect|p1b: Excadrill\n|-singleturn|p1b: Excadrill|Protect\n|cant|p1a: Talonflame|slp\n|move|p2a: Charizard|Shadow Ball|p1a: Talonflame\n|-damage|p1a: Talonflame|26/100 slp\n|-unboost|p1a: Talonflame|spd|1\n|move|p2b: Venusaur|Sludge Bomb|p1a: Talonflame\n|-damage|p1a: Talonflame|0 fnt\n|faint|p1a: Talonflame\n|\n|-weather|Sandstorm|[upkeep]\n|-damage|p2a: Charizard|76/100|[from] Sandstorm\n|-damage|p2b: Venusaur|61/100|[from] Sandstorm\n|upkeep\n|\n|t:|1776012444\n|switch|p1a: Incineroar|Incineroar, L50, M, shiny|100/100\n|-ability|p1a: Incineroar|Intimidate|boost\n|-unboost|p2a: Charizard|atk|1\n|-unboost|p2b: Venusaur|atk|1\n|turn|5\n|\n|t:|1776012456\n|move|p2b: Venusaur|Protect|p2b: Venusaur\n|-singleturn|p2b: Venusaur|Protect\n|move|p1a: Incineroar|Fake Out|p2a: Charizard\n|-immune|p2a: Charizard\n|move|p1b: Excadrill|High Horsepower|p2b: Venusaur\n|-activate|p2b: Venusaur|move: Protect\n|move|p2a: Charizard|Flamethrower|p1b: Excadrill\n|-supereffective|p1b: Excadrill|1\n|-damage|p1b: Excadrill|0 fnt\n|faint|p1b: Excadrill\n|\n|-weather|none\n|upkeep\n|\n|t:|1776012462\n|switch|p1b: Tyranitar|Tyranitar-Mega, L50, F|100/100\n|-weather|Sandstorm|[from] ability: Sand Stream|[of] p1b: Tyranitar\n|turn|6\n|\n|t:|1776012475\n|move|p2a: Charizard|Hyper Voice|p1a: Incineroar|[spread] p1a,p1b\n|-resisted|p1b: Tyranitar|1\n|-damage|p1a: Incineroar|71/100\n|-damage|p1b: Tyranitar|91/100\n|move|p2b: Venusaur|Sleep Powder|p1a: Incineroar\n|-status|p1a: Incineroar|slp|[from] move: Sleep Powder\n|move|p1b: Tyranitar|Rock Slide|p2b: Venusaur|[spread] p2a,p2b\n|-damage|p2a: Charizard|0 fnt\n|-damage|p2b: Venusaur|21/100\n|replace|p2a: Zoroark|Zoroark-Hisui, L50, M, shiny\n|-end|p2a: Zoroark|Illusion\n|faint|p2a: Zoroark\n|cant|p1a: Incineroar|slp\n|\n|-weather|Sandstorm|[upkeep]\n|-damage|p2b: Venusaur|15/100|[from] Sandstorm\n|-damage|p1a: Incineroar|65/100 slp|[from] Sandstorm\n|upkeep\n|\n|t:|1776012483\n|switch|p2a: Charizard|Charizard, L50, F, shiny|100/100\n|turn|7\n|\n|t:|1776012496\n|detailschange|p2a: Charizard|Charizard-Mega-Y, L50, F, shiny\n|-mega|p2a: Charizard|Charizard|Charizardite Y\n|-weather|SunnyDay|[from] ability: Drought|[of] p2a: Charizard\n|move|p1b: Tyranitar|Protect|p1b: Tyranitar\n|-singleturn|p1b: Tyranitar|Protect\n|move|p2b: Venusaur|Solar Beam||[still]\n|-prepare|p2b: Venusaur|Solar Beam\n|-anim|p2b: Venusaur|Solar Beam|p1b: Tyranitar\n|-activate|p1b: Tyranitar|move: Protect\n|move|p2a: Charizard|Heat Wave|p1a: Incineroar|[spread] p1a\n|-activate|p1b: Tyranitar|move: Protect\n|-resisted|p1a: Incineroar|1\n|-damage|p1a: Incineroar|37/100 slp\n|-enditem|p1a: Incineroar|Sitrus Berry|[eat]\n|-heal|p1a: Incineroar|61/100 slp|[from] item: Sitrus Berry\n|cant|p1a: Incineroar|slp\n|\n|-weather|SunnyDay|[upkeep]\n|upkeep\n|turn|8\n|\n|t:|1776012512\n|move|p1b: Tyranitar|Protect|p1b: Tyranitar\n|-singleturn|p1b: Tyranitar|Protect\n|move|p2b: Venusaur|Sleep Powder|p1b: Tyranitar\n|-activate|p1b: Tyranitar|move: Protect\n|move|p2a: Charizard|Air Slash|p1a: Incineroar|[miss]\n|-miss|p2a: Charizard|p1a: Incineroar\n|-curestatus|p1a: Incineroar|slp|[msg]\n|move|p1a: Incineroar|Flare Blitz|p2b: Venusaur\n|-supereffective|p2b: Venusaur|1\n|-damage|p2b: Venusaur|0 fnt\n|faint|p2b: Venusaur\n|-damage|p1a: Incineroar|56/100|[from] Recoil\n|\n|-weather|SunnyDay|[upkeep]\n|upkeep\n|turn|9\n|-message|NathanaelW19 forfeited.\n|\n|win|Braute\n|raw|Braute's rating: 1180 &rarr; <strong>1205</strong><br />(+25 for winning)\n|raw|NathanaelW19's rating: 1180 &rarr; <strong>1155</strong><br />(-25 for losing)\n",
  "uploadtime": 1776012523,
  "views": 61,
  "formatid": "gen9championsvgc2026regma",
  "rating": 1155,
  "private": 0,
  "password": null
}