{
  "id": "gen9championsvgc2026regma-2587237823",
  "format": "[Gen 9 Champions] VGC 2026 Reg M-A",
  "players": [
    "brojonski",
    "Zenkaku"
  ],
  "log": "|j|\u2606brojonski\n|j|\u2606Zenkaku\n|t:|1776512912\n|gametype|doubles\n|player|p1|brojonski|brock|1249\n|player|p2|Zenkaku|rosa|1192\n|gen|9\n|tier|[Gen 9 Champions] VGC 2026 Reg M-A\n|rated|\n|rule|Species Clause: Limit one of each Pok\u00e9mon\n|rule|Item Clause: Limit 1 of each item\n|clearpoke\n|poke|p1|Crabominable, L50, M|\n|poke|p1|Zoroark-Hisui, L50, M|\n|poke|p1|Slowking, L50, F|\n|poke|p1|Incineroar, L50, F|\n|poke|p1|Tsareena, L50, F|\n|poke|p1|Glimmora, L50, M|\n|poke|p2|Gallade, L50, M|\n|poke|p2|Aerodactyl, L50, M|\n|poke|p2|Sinistcha, L50|\n|poke|p2|Gardevoir, L50, M, shiny|\n|poke|p2|Incineroar, L50, M|\n|poke|p2|Palafin, L50, F|\n|teampreview|4\n|inactive|Battle timer is ON: inactive players will automatically lose when time's up. (requested by Zenkaku)\n|inactive|brojonski also wants the timer to be on.\n|inactive|brojonski has 60 seconds left.\n|inactive|Zenkaku has 60 seconds left.\n|inactive|Zenkaku has 30 seconds left.\n|\n|t:|1776512978\n|teamsize|p1|4\n|teamsize|p2|4\n|start\n|switch|p1a: Slowking|Slowking, L50, F|100/100\n|switch|p1b: Incineroar|Incineroar, L50, F|100/100\n|switch|p2a: Incineroar|Incineroar, L50, M|100/100\n|switch|p2b: Swirly|Sinistcha, L50|100/100\n|-ability|p1b: Incineroar|Intimidate|boost\n|-unboost|p2a: Incineroar|atk|1\n|-unboost|p2b: Swirly|atk|1\n|turn|1\n|inactive|brojonski has 30 seconds left.\n|inactive|Zenkaku has 30 seconds left.\n|\n|t:|1776513009\n|move|p2a: Incineroar|Fake Out|p1a: Slowking\n|-damage|p1a: Slowking|93/100\n|move|p1b: Incineroar|Fake Out|p2a: Incineroar\n|-damage|p2a: Incineroar|89/100\n|move|p2b: Swirly|Matcha Gotcha|p1b: Incineroar|[spread] p1a,p1b\n|-supereffective|p1a: Slowking|1\n|-resisted|p1b: Incineroar|1\n|-damage|p1a: Slowking|57/100\n|-damage|p1b: Incineroar|91/100\n|cant|p1a: Slowking|flinch\n|\n|upkeep\n|turn|2\n|inactive|brojonski has 30 seconds left.\n|inactive|brojonski has 20 seconds left.\n|\n|t:|1776513045\n|move|p2a: Incineroar|Darkest Lariat|p1a: Slowking\n|-supereffective|p1a: Slowking|1\n|-enditem|p1a: Slowking|Colbur Berry|[eat]\n|-enditem|p1a: Slowking|Colbur Berry|[weaken]\n|-damage|p1a: Slowking|35/100\n|move|p2b: Swirly|Matcha Gotcha|p1b: Incineroar|[spread] p1a,p1b\n|-supereffective|p1a: Slowking|1\n|-resisted|p1b: Incineroar|1\n|-damage|p1a: Slowking|1/100\n|-damage|p1b: Incineroar|82/100\n|move|p1b: Incineroar|Parting Shot|p2b: Swirly\n|-unboost|p2b: Swirly|atk|1\n|-unboost|p2b: Swirly|spa|1\n|\n|t:|1776513058\n|switch|p1b: Crabominable|Crabominable, L50, M|100/100|[from] Parting Shot\n|move|p1a: Slowking|Trick Room|p1a: Slowking\n|-fieldstart|move: Trick Room|[of] p1a: Slowking\n|\n|upkeep\n|turn|3\n|inactive|Zenkaku has 30 seconds left.\n|\n|t:|1776513084\n|detailschange|p1b: Crabominable|Crabominable-Mega, L50, M\n|-mega|p1b: Crabominable|Crabominable|Crabominite\n|move|p1b: Crabominable|Ice Hammer|p2b: Swirly\n|-supereffective|p2b: Swirly|1\n|-damage|p2b: Swirly|0 fnt\n|-unboost|p1b: Crabominable|spe|1\n|faint|p2b: Swirly\n|-prepare|p1a: Slowking|Chilly Reception|[premajor]\n|move|p1a: Slowking|Chilly Reception|p1a: Slowking\n|-weather|Snowscape\n|\n|t:|1776513100\n|switch|p1a: Incineroar|Incineroar, L50, F|82/100|[from] Chilly Reception\n|-ability|p1a: Incineroar|Intimidate|boost\n|-unboost|p2a: Incineroar|atk|1\n|move|p2a: Incineroar|Close Combat|p1b: Crabominable\n|-supereffective|p1b: Crabominable|1\n|-damage|p1b: Crabominable|77/100\n|-unboost|p2a: Incineroar|def|1\n|-unboost|p2a: Incineroar|spd|1\n|\n|-weather|Snowscape|[upkeep]\n|upkeep\n|\n|t:|1776513114\n|switch|p2b: Gardevoir|Gardevoir, L50, M, shiny|100/100\n|turn|4\n|\n|t:|1776513128\n|switch|p2a: Palafin|Palafin, L50, F|100/100\n|detailschange|p2b: Gardevoir|Gardevoir-Mega, L50, M, shiny\n|-mega|p2b: Gardevoir|Gardevoir|Gardevoirite\n|move|p2b: Gardevoir|Protect|p2b: Gardevoir\n|-singleturn|p2b: Gardevoir|Protect\n|move|p1a: Incineroar|Fake Out|p2b: Gardevoir\n|-activate|p2b: Gardevoir|move: Protect\n|move|p1b: Crabominable|Drain Punch|p2a: Palafin\n|-damage|p2a: Palafin|28/100\n|-heal|p1b: Crabominable|100/100|[from] drain|[of] p2a: Palafin\n|\n|-weather|Snowscape|[upkeep]\n|upkeep\n|turn|5\n|inactive|brojonski has 30 seconds left.\n|inactive|Zenkaku has 30 seconds left.\n|inactive|brojonski has 20 seconds left.\n|\n|t:|1776513166\n|detailschange|p2a: Palafin|Palafin-Hero, L50, F\n|switch|p2a: Incineroar|Incineroar, L50, M|89/100\n|move|p1b: Crabominable|Ice Hammer|p2b: Gardevoir\n|-damage|p2b: Gardevoir|3/100\n|-unboost|p1b: Crabominable|spe|1\n|move|p1a: Incineroar|Flare Blitz|p2b: Gardevoir\n|-damage|p2b: Gardevoir|0 fnt\n|faint|p2b: Gardevoir\n|-damage|p1a: Incineroar|81/100|[from] Recoil\n|\n|-weather|Snowscape|[upkeep]\n|upkeep\n|\n|t:|1776513181\n|switch|p2b: Palafin|Palafin-Hero, L50, F|28/100\n|-activate|p2b: Palafin|ability: Zero to Hero\n|turn|6\n|\n|t:|1776513194\n|move|p2b: Palafin|Protect|p2b: Palafin\n|-singleturn|p2b: Palafin|Protect\n|move|p2a: Incineroar|Fake Out|p1b: Crabominable\n|-damage|p1b: Crabominable|94/100\n|cant|p1b: Crabominable|flinch\n|move|p1a: Incineroar|Parting Shot|p2a: Incineroar\n|-unboost|p2a: Incineroar|atk|1\n|-unboost|p2a: Incineroar|spa|1\n|\n|t:|1776513205\n|switch|p1a: Slowking|Slowking, L50, F|34/100|[from] Parting Shot\n|\n|-weather|Snowscape|[upkeep]\n|-fieldend|move: Trick Room\n|upkeep\n|turn|7\n|inactive|brojonski has 30 seconds left.\n|\n|t:|1776513235\n|switch|p1a: Incineroar|Incineroar, L50, F|81/100\n|-ability|p1a: Incineroar|Intimidate|boost\n|-unboost|p2a: Incineroar|atk|1\n|-unboost|p2b: Palafin|atk|1\n|move|p2b: Palafin|Wave Crash|p1b: Crabominable\n|-damage|p1b: Crabominable|63/100\n|-damage|p2b: Palafin|16/100|[from] Recoil\n|move|p2a: Incineroar|Darkest Lariat|p1a: Incineroar\n|-resisted|p1a: Incineroar|1\n|-damage|p1a: Incineroar|72/100\n|move|p1b: Crabominable|Close Combat|p2a: Incineroar\n|-supereffective|p2a: Incineroar|1\n|-damage|p2a: Incineroar|0 fnt\n|-unboost|p1b: Crabominable|def|1\n|-unboost|p1b: Crabominable|spd|1\n|faint|p2a: Incineroar\n|\n|-weather|none\n|upkeep\n|turn|8\n|-message|Zenkaku forfeited.\n|\n|win|brojonski\n|raw|brojonski's rating: 1249 &rarr; <strong>1270</strong><br />(+21 for winning)\n|raw|Zenkaku's rating: 1192 &rarr; <strong>1171</strong><br />(-21 for losing)\n|l|\u2606Zenkaku\n|player|p2|\n",
  "uploadtime": 1776513249,
  "views": 23,
  "formatid": "gen9championsvgc2026regma",
  "rating": 1171,
  "private": 0,
  "password": null
}