{
  "id": "gen9championsvgc2026regma-2580406893",
  "format": "[Gen 9 Champions] VGC 2026 Reg M-A",
  "players": [
    "tommytinkle",
    "shangenb6"
  ],
  "log": "|j|\u2606tommytinkle\n|j|\u2606shangenb6\n|t:|1775891767\n|gametype|doubles\n|player|p1|tommytinkle|170|1000\n|player|p2|shangenb6|170|1000\n|gen|9\n|tier|[Gen 9 Champions] VGC 2026 Reg M-A\n|rated|\n|rule|Species Clause: Limit one of each Pok\u00e9mon\n|rule|Item Clause: Limit 1 of each item\n|clearpoke\n|poke|p1|Alakazam, L50, M|\n|poke|p1|Meowstic, L50, M|\n|poke|p1|Incineroar, L50, F|\n|poke|p1|Sinistcha, L50|\n|poke|p1|Primarina, L50, M|\n|poke|p1|Aerodactyl, L50, M|\n|poke|p2|Archaludon, L50, M|\n|poke|p2|Pelipper, L50, F|\n|poke|p2|Sneasler, L50, M|\n|poke|p2|Sinistcha, L50|\n|poke|p2|Incineroar, L50, M|\n|poke|p2|Floette-Eternal, L50, F|\n|teampreview|4\n|inactive|Battle timer is ON: inactive players will automatically lose when time's up. (requested by shangenb6)\n|\n|t:|1775891796\n|teamsize|p1|4\n|teamsize|p2|4\n|start\n|switch|p1a: Alakazam|Alakazam, L50, M|100/100\n|switch|p1b: Meowstic|Meowstic, L50, M|100/100\n|switch|p2a: Floette|Floette-Eternal, L50, F|100/100\n|switch|p2b: Incineroar|Incineroar, L50, M|100/100\n|-ability|p2b: Incineroar|Intimidate|boost\n|-fail|p1a: Alakazam|unboost|Attack|[from] ability: Inner Focus|[of] p1a: Alakazam\n|-unboost|p1b: Meowstic|atk|1\n|turn|1\n|\n|t:|1775891815\n|detailschange|p1a: Alakazam|Alakazam-Mega, L50, M\n|-mega|p1a: Alakazam|Alakazam|Alakazite\n|-ability|p1a: Alakazam|Flower Veil|Trace|[from] ability: Trace|[of] p2a: Floette\n|move|p1b: Meowstic|Fake Out|p2a: Floette\n|-damage|p2a: Floette|96/100\n|move|p1a: Alakazam|Focus Blast|p2b: Incineroar\n|-supereffective|p2b: Incineroar|1\n|-damage|p2b: Incineroar|9/100\n|cant|p2a: Floette|flinch\n|move|p2b: Incineroar|Darkest Lariat|p1a: Alakazam\n|-supereffective|p1a: Alakazam|1\n|-damage|p1a: Alakazam|0 fnt\n|faint|p1a: Alakazam\n|\n|upkeep\n|\n|t:|1775891834\n|switch|p1a: Primarina|Primarina, L50, M|100/100\n|turn|2\n|\n|t:|1775891853\n|switch|p1b: Incineroar|Incineroar, L50, F|100/100\n|-ability|p1b: Incineroar|Intimidate|boost\n|-unboost|p2a: Floette|atk|1\n|-unboost|p2b: Incineroar|atk|1\n|switch|p2b: Sinistcha|Sinistcha, L50|100/100\n|-heal|p2a: Floette|100/100|[from] ability: Hospitality|[of] p2b: Sinistcha\n|detailschange|p2a: Floette|Floette-Mega, L50, F\n|-mega|p2a: Floette|Floette|Floettite\n|-ability|p2a: Floette|Fairy Aura\n|move|p2a: Floette|Calm Mind|p2a: Floette\n|-boost|p2a: Floette|spa|1\n|-boost|p2a: Floette|spd|1\n|move|p1a: Primarina|Calm Mind|p1a: Primarina\n|-boost|p1a: Primarina|spa|1\n|-boost|p1a: Primarina|spd|1\n|\n|upkeep\n|turn|3\n|inactive|shangenb6 has 30 seconds left.\n|inactive|shangenb6 has 20 seconds left.\n|\n|t:|1775891889\n|switch|p2b: Sneasler|Sneasler, L50, M|100/100\n|move|p2a: Floette|Calm Mind|p2a: Floette\n|-boost|p2a: Floette|spa|1\n|-boost|p2a: Floette|spd|1\n|move|p1b: Incineroar|Parting Shot|p2a: Floette\n|-unboost|p2a: Floette|atk|1\n|-unboost|p2a: Floette|spa|1\n|\n|t:|1775891902\n|switch|p1b: Meowstic|Meowstic, L50, M|100/100|[from] Parting Shot\n|move|p1a: Primarina|Calm Mind|p1a: Primarina\n|-boost|p1a: Primarina|spa|1\n|-boost|p1a: Primarina|spd|1\n|\n|upkeep\n|turn|4\n|\n|t:|1775891923\n|move|p2b: Sneasler|Dire Claw|p1b: Meowstic\n|-damage|p1b: Meowstic|28/100\n|-status|p1b: Meowstic|par\n|move|p2a: Floette|Calm Mind|p2a: Floette\n|-boost|p2a: Floette|spa|1\n|-boost|p2a: Floette|spd|1\n|move|p1b: Meowstic|Psychic|p2b: Sneasler\n|-supereffective|p2b: Sneasler|2\n|-damage|p2b: Sneasler|0 fnt\n|faint|p2b: Sneasler\n|move|p1a: Primarina|Hyper Voice|p2a: Floette\n|-damage|p2a: Floette|74/100\n|\n|upkeep\n|\n|t:|1775891942\n|switch|p2b: Sinistcha|Sinistcha, L50|100/100\n|-heal|p2a: Floette|99/100|[from] ability: Hospitality|[of] p2b: Sinistcha\n|turn|5\n|\n|t:|1775891952\n|move|p1b: Meowstic|Helping Hand|p1a: Primarina\n|-singleturn|p1a: Primarina|Helping Hand|[of] p1b: Meowstic\n|move|p2a: Floette|Light of Ruin|p1a: Primarina\n|-damage|p1a: Primarina|9/100\n|-damage|p2a: Floette|51/100|[from] Recoil\n|move|p2b: Sinistcha|Life Dew||[still]|[spread] p2a,p2b\n|-heal|p2a: Floette|76/100\n|-fail|p2b: Sinistcha|heal\n|move|p1a: Primarina|Moonblast|p2b: Sinistcha\n|-damage|p2b: Sinistcha|0 fnt\n|faint|p2b: Sinistcha\n|\n|-heal|p1a: Primarina|15/100|[from] item: Leftovers\n|upkeep\n|\n|t:|1775891968\n|switch|p2b: Incineroar|Incineroar, L50, M|9/100\n|-ability|p2b: Incineroar|Intimidate|boost\n|-unboost|p1a: Primarina|atk|1\n|-unboost|p1b: Meowstic|atk|1\n|turn|6\n|\n|t:|1775891982\n|move|p2b: Incineroar|Fake Out|p1b: Meowstic\n|-damage|p1b: Meowstic|12/100 par\n|move|p2a: Floette|Draining Kiss|p1a: Primarina\n|-damage|p1a: Primarina|0 fnt\n|-heal|p2a: Floette|87/100|[from] drain|[of] p1a: Primarina\n|faint|p1a: Primarina\n|cant|p1b: Meowstic|flinch\n|\n|upkeep\n|\n|t:|1775891988\n|switch|p1a: Incineroar|Incineroar, L50, F|100/100\n|-ability|p1a: Incineroar|Intimidate|boost\n|-unboost|p2a: Floette|atk|1\n|-unboost|p2b: Incineroar|atk|1\n|turn|7\n|\n|t:|1775891999\n|cant|p1b: Meowstic|par\n|move|p2a: Floette|Protect|p2a: Floette\n|-singleturn|p2a: Floette|Protect\n|move|p1a: Incineroar|Flare Blitz|p2a: Floette\n|-activate|p2a: Floette|move: Protect\n|move|p2b: Incineroar|Parting Shot|p1a: Incineroar\n|-unboost|p1a: Incineroar|atk|1\n|-unboost|p1a: Incineroar|spa|1\n|\n|upkeep\n|turn|8\n|\n|t:|1775892016\n|move|p1b: Meowstic|Helping Hand|p1a: Incineroar\n|-singleturn|p1a: Incineroar|Helping Hand|[of] p1b: Meowstic\n|move|p2a: Floette|Draining Kiss|p1a: Incineroar\n|-damage|p1a: Incineroar|43/100\n|-heal|p2a: Floette|100/100|[from] drain|[of] p1a: Incineroar\n|-enditem|p1a: Incineroar|Sitrus Berry|[eat]\n|-heal|p1a: Incineroar|67/100|[from] item: Sitrus Berry\n|move|p1a: Incineroar|Flare Blitz|p2a: Floette\n|-damage|p2a: Floette|54/100\n|-damage|p1a: Incineroar|53/100|[from] Recoil\n|move|p2b: Incineroar|Darkest Lariat|p1b: Meowstic\n|-supereffective|p1b: Meowstic|1\n|-damage|p1b: Meowstic|0 fnt\n|faint|p1b: Meowstic\n|\n|upkeep\n|turn|9\n|\n|t:|1775892037\n|move|p2a: Floette|Light of Ruin|p1a: Incineroar\n|-damage|p1a: Incineroar|0 fnt\n|faint|p1a: Incineroar\n|-damage|p2a: Floette|24/100|[from] Recoil\n|\n|win|shangenb6\n|raw|tommytinkle's rating: 1000 &rarr; <strong>1000</strong><br />(+0 for losing)\n|raw|shangenb6's rating: 1000 &rarr; <strong>1040</strong><br />(+40 for winning)\n|l|\u2606tommytinkle\n|player|p1|\n",
  "uploadtime": 1775892044,
  "views": 13,
  "formatid": "gen9championsvgc2026regma",
  "rating": 1000,
  "private": 0,
  "password": null
}