{
  "id": "gen9championsvgc2026regma-2585316320",
  "format": "[Gen 9 Champions] VGC 2026 Reg M-A",
  "players": [
    "Shitmon Scientist",
    "snipoupos"
  ],
  "log": "|j|\u2606Shitmon Scientist\n|j|\u2606snipoupos\n|t:|1776337050\n|gametype|doubles\n|player|p1|Shitmon Scientist|scientist-gen4dp|1000\n|player|p2|snipoupos|170|1000\n|gen|9\n|tier|[Gen 9 Champions] VGC 2026 Reg M-A\n|rated|\n|rule|Species Clause: Limit one of each Pok\u00e9mon\n|rule|Item Clause: Limit 1 of each item\n|clearpoke\n|poke|p1|Venusaur, L50, M|\n|poke|p1|Glimmora, L50, F|\n|poke|p1|Maushold-Four, L50|\n|poke|p1|Sinistcha-Masterpiece, L50|\n|poke|p1|Vaporeon, L50, M|\n|poke|p1|Sylveon, L50, F|\n|poke|p2|Floette-Eternal, L50, F|\n|poke|p2|Sneasler, L50, F|\n|poke|p2|Aerodactyl, L50, M|\n|poke|p2|Garchomp, L50, F|\n|poke|p2|Incineroar, L50, M|\n|poke|p2|Rotom-Wash, L50|\n|teampreview|4\n|inactive|Battle timer is ON: inactive players will automatically lose when time's up. (requested by Shitmon Scientist)\n|\n|t:|1776337082\n|teamsize|p1|4\n|teamsize|p2|4\n|start\n|switch|p1a: Venusaur|Venusaur, L50, M|100/100\n|switch|p1b: Glimmora|Glimmora, L50, F|100/100\n|switch|p2a: Sneasler|Sneasler, L50, F|100/100\n|switch|p2b: Aerodactyl|Aerodactyl, L50, M|100/100\n|-ability|p2b: Aerodactyl|Unnerve\n|turn|1\n|\n|t:|1776337104\n|detailschange|p1a: Venusaur|Venusaur-Mega, L50, M\n|-mega|p1a: Venusaur|Venusaur|Venusaurite\n|move|p1a: Venusaur|Protect|p1a: Venusaur\n|-singleturn|p1a: Venusaur|Protect\n|move|p2a: Sneasler|Fake Out|p1a: Venusaur\n|-activate|p1a: Venusaur|move: Protect\n|move|p2b: Aerodactyl|Tailwind|p2b: Aerodactyl\n|-sidestart|p2: snipoupos|move: Tailwind\n|move|p1b: Glimmora|Toxic|p2b: Aerodactyl\n|-status|p2b: Aerodactyl|tox\n|\n|-damage|p2b: Aerodactyl|95/100 tox|[from] psn\n|upkeep\n|turn|2\n|\n|t:|1776337126\n|move|p2b: Aerodactyl|Dual Wingbeat|p1a: Venusaur\n|-supereffective|p1a: Venusaur|1\n|-damage|p1a: Venusaur|72/100\n|-supereffective|p1a: Venusaur|1\n|-damage|p1a: Venusaur|40/100\n|-hitcount|p1a: Venusaur|2\n|move|p2a: Sneasler|Close Combat|p1b: Glimmora\n|-damage|p1b: Glimmora|48/100\n|-unboost|p2a: Sneasler|def|1\n|-unboost|p2a: Sneasler|spd|1\n|-enditem|p2a: Sneasler|White Herb\n|-clearnegativeboost|p2a: Sneasler|[silent]\n|move|p1a: Venusaur|Leech Seed|p2b: Aerodactyl\n|-start|p2b: Aerodactyl|move: Leech Seed\n|move|p1b: Glimmora|Stealth Rock|p2b: Aerodactyl\n|-sidestart|p2: snipoupos|move: Stealth Rock\n|\n|-damage|p2b: Aerodactyl|82/100 tox|[from] Leech Seed|[of] p1a: Venusaur\n|-heal|p1a: Venusaur|50/100|[silent]\n|-damage|p2b: Aerodactyl|71/100 tox|[from] psn\n|upkeep\n|turn|3\n|inactive|Shitmon Scientist has 30 seconds left.\n|\n|t:|1776337158\n|switch|p1b: Sinistcha|Sinistcha-Masterpiece, L50|100/100\n|-heal|p1a: Venusaur|74/100|[from] ability: Hospitality|[of] p1b: Sinistcha\n|move|p1a: Venusaur|Protect|p1a: Venusaur\n|-singleturn|p1a: Venusaur|Protect\n|move|p2a: Sneasler|Close Combat|p1b: Sinistcha\n|-immune|p1b: Sinistcha\n|move|p2b: Aerodactyl|Dual Wingbeat|p1a: Venusaur\n|-activate|p1a: Venusaur|move: Protect\n|\n|-damage|p2b: Aerodactyl|59/100 tox|[from] Leech Seed|[of] p1a: Venusaur\n|-heal|p1a: Venusaur|84/100|[silent]\n|-damage|p2b: Aerodactyl|41/100 tox|[from] psn\n|upkeep\n|turn|4\n|\n|t:|1776337182\n|switch|p1b: Vaporeon|Vaporeon, L50, M|100/100\n|move|p2a: Sneasler|Dire Claw|p1b: Vaporeon\n|-damage|p1b: Vaporeon|57/100\n|move|p2b: Aerodactyl|Dual Wingbeat|p1a: Venusaur\n|-supereffective|p1a: Venusaur|1\n|-damage|p1a: Venusaur|55/100\n|-supereffective|p1a: Venusaur|1\n|-damage|p1a: Venusaur|26/100\n|-hitcount|p1a: Venusaur|2\n|move|p1a: Venusaur|Leech Seed|p2a: Sneasler\n|-start|p2a: Sneasler|move: Leech Seed\n|\n|-damage|p2a: Sneasler|88/100|[from] Leech Seed|[of] p1a: Venusaur\n|-heal|p1a: Venusaur|36/100|[silent]\n|-damage|p2b: Aerodactyl|29/100 tox|[from] Leech Seed|[of] p1a: Venusaur\n|-heal|p1a: Venusaur|46/100|[silent]\n|-damage|p2b: Aerodactyl|6/100 tox|[from] psn\n|-sideend|p2: snipoupos|move: Tailwind\n|upkeep\n|turn|5\n|\n|t:|1776337206\n|move|p1a: Venusaur|Protect|p1a: Venusaur\n|-singleturn|p1a: Venusaur|Protect\n|move|p2a: Sneasler|Dire Claw|p1b: Vaporeon\n|-damage|p1b: Vaporeon|10/100\n|move|p2b: Aerodactyl|Tailwind|p2b: Aerodactyl\n|-sidestart|p2: snipoupos|move: Tailwind\n|move|p1b: Vaporeon|Yawn|p2a: Sneasler\n|-start|p2a: Sneasler|move: Yawn|[of] p1b: Vaporeon\n|\n|-damage|p2a: Sneasler|76/100|[from] Leech Seed|[of] p1a: Venusaur\n|-heal|p1a: Venusaur|57/100|[silent]\n|-damage|p2b: Aerodactyl|0 fnt|[from] Leech Seed|[of] p1a: Venusaur\n|-heal|p1a: Venusaur|61/100|[silent]\n|faint|p2b: Aerodactyl\n|upkeep\n|\n|t:|1776337230\n|switch|p2b: Garchomp|Garchomp, L50, F|100/100\n|-damage|p2b: Garchomp|95/100|[from] Stealth Rock\n|turn|6\n|\n|t:|1776337252\n|switch|p1a: Sinistcha|Sinistcha-Masterpiece, L50|100/100\n|-heal|p1b: Vaporeon|35/100|[from] ability: Hospitality|[of] p1a: Sinistcha\n|move|p2a: Sneasler|Dire Claw|p1b: Vaporeon\n|-damage|p1b: Vaporeon|0 fnt\n|faint|p1b: Vaporeon\n|move|p2b: Garchomp|Stomping Tantrum|p1a: Sinistcha\n|-resisted|p1a: Sinistcha|1\n|-damage|p1a: Sinistcha|80/100\n|\n|-heal|p1a: Sinistcha|86/100|[from] item: Leftovers\n|-damage|p2a: Sneasler|63/100|[from] Leech Seed|[of] p1a: Sinistcha\n|-heal|p1a: Sinistcha|97/100|[silent]\n|-end|p2a: Sneasler|move: Yawn|[silent]\n|-status|p2a: Sneasler|slp\n|upkeep\n|\n|t:|1776337267\n|switch|p1b: Glimmora|Glimmora, L50, F|48/100\n|-enditem|p1b: Glimmora|Sitrus Berry|[eat]\n|-heal|p1b: Glimmora|73/100|[from] item: Sitrus Berry\n|turn|7\n|\n|t:|1776337280\n|cant|p2a: Sneasler|slp\n|move|p2b: Garchomp|Stomping Tantrum|p1b: Glimmora\n|-supereffective|p1b: Glimmora|2\n|-damage|p1b: Glimmora|0 fnt\n|faint|p1b: Glimmora\n|move|p1a: Sinistcha|Strength Sap|p2b: Garchomp\n|-unboost|p2b: Garchomp|atk|1\n|-heal|p1a: Sinistcha|100/100\n|\n|-damage|p2a: Sneasler|51/100 slp|[from] Leech Seed|[of] p1a: Sinistcha\n|upkeep\n|\n|t:|1776337290\n|switch|p1b: Venusaur|Venusaur-Mega, L50, M|61/100\n|turn|8\n|inactive|snipoupos has 30 seconds left.\n|\n|t:|1776337318\n|cant|p2a: Sneasler|slp\n|move|p2b: Garchomp|Dragon Claw|p1a: Sinistcha\n|-damage|p1a: Sinistcha|73/100\n|move|p1b: Venusaur|Giga Drain|p2b: Garchomp\n|-damage|p2b: Garchomp|58/100\n|-heal|p1b: Venusaur|80/100|[from] drain|[of] p2b: Garchomp\n|move|p1a: Sinistcha|Strength Sap|p2a: Sneasler\n|-unboost|p2a: Sneasler|atk|1\n|-heal|p1a: Sinistcha|100/100\n|\n|-damage|p2a: Sneasler|38/100 slp|[from] Leech Seed|[of] p1a: Sinistcha\n|-sideend|p2: snipoupos|move: Tailwind\n|upkeep\n|turn|9\n|inactive|Shitmon Scientist has 30 seconds left.\n|\n|t:|1776337348\n|-curestatus|p2a: Sneasler|slp|[msg]\n|move|p2a: Sneasler|Protect|p2a: Sneasler\n|-singleturn|p2a: Sneasler|Protect\n|move|p2b: Garchomp|Earthquake|p1b: Venusaur|[spread] p1a,p1b\n|-activate|p2a: Sneasler|move: Protect\n|-resisted|p1a: Sinistcha|1\n|-damage|p1a: Sinistcha|86/100\n|-damage|p1b: Venusaur|55/100\n|move|p1b: Venusaur|Leech Seed|p2b: Garchomp\n|-start|p2b: Garchomp|move: Leech Seed\n|move|p1a: Sinistcha|Matcha Gotcha|p2a: Sneasler|[spread] p2b\n|-activate|p2a: Sneasler|move: Protect\n|-crit|p2b: Garchomp\n|-damage|p2b: Garchomp|14/100\n|-heal|p1a: Sinistcha|100/100|[from] drain|[of] p2b: Garchomp\n|\n|-damage|p2a: Sneasler|26/100|[from] Leech Seed|[of] p1a: Sinistcha\n|-damage|p2b: Garchomp|2/100|[from] Leech Seed|[of] p1b: Venusaur\n|-heal|p1b: Venusaur|67/100|[silent]\n|upkeep\n|turn|10\n|-message|snipoupos forfeited.\n|\n|win|Shitmon Scientist\n|raw|Shitmon Scientist's rating: 1000 &rarr; <strong>1040</strong><br />(+40 for winning)\n|raw|snipoupos's rating: 1000 &rarr; <strong>1000</strong><br />(+0 for losing)\n|l|\u2606snipoupos\n|player|p2|\n",
  "uploadtime": 1776337368,
  "views": 20,
  "formatid": "gen9championsvgc2026regma",
  "rating": 1000,
  "private": 0,
  "password": null
}