{
  "id": "gen9championsvgc2026regma-2582238767",
  "format": "[Gen 9 Champions] VGC 2026 Reg M-A",
  "players": [
    "varolovgc",
    "silverst0ne0656"
  ],
  "log": "|j|\u2606varolovgc\n|j|\u2606silverst0ne0656\n|t:|1776074878\n|gametype|doubles\n|player|p1|varolovgc|hoopster|1022\n|player|p2|silverst0ne0656|265|1049\n|gen|9\n|tier|[Gen 9 Champions] VGC 2026 Reg M-A\n|rated|\n|rule|Species Clause: Limit one of each Pok\u00e9mon\n|rule|Item Clause: Limit 1 of each item\n|clearpoke\n|poke|p1|Charizard, L50, M|\n|poke|p1|Venusaur, L50, M|\n|poke|p1|Garchomp, L50, M|\n|poke|p1|Gardevoir, L50, M|\n|poke|p1|Milotic, L50, M|\n|poke|p1|Incineroar, L50, M|\n|poke|p2|Floette-Eternal, L50, F|\n|poke|p2|Maushold, L50|\n|poke|p2|Garchomp, L50, M|\n|poke|p2|Talonflame, L50, F|\n|poke|p2|Rotom-Wash, L50|\n|poke|p2|Aegislash, L50, M|\n|teampreview|4\n|\n|t:|1776074931\n|teamsize|p1|4\n|teamsize|p2|4\n|start\n|switch|p1a: Charizard|Charizard, L50, M|100/100\n|switch|p1b: Incineroar|Incineroar, L50, M|100/100\n|switch|p2a: Garchomp|Garchomp, L50, M|100/100\n|switch|p2b: Talonflame|Talonflame, L50, F|100/100\n|-ability|p1b: Incineroar|Intimidate|boost\n|-unboost|p2a: Garchomp|atk|1\n|-unboost|p2b: Talonflame|atk|1\n|turn|1\n|inactive|Battle timer is ON: inactive players will automatically lose when time's up. (requested by silverst0ne0656)\n|\n|t:|1776074957\n|move|p2b: Talonflame|Protect|p2b: Talonflame\n|-singleturn|p2b: Talonflame|Protect\n|move|p2a: Garchomp|Protect|p2a: Garchomp\n|-singleturn|p2a: Garchomp|Protect\n|move|p1a: Charizard|Protect|p1a: Charizard\n|-singleturn|p1a: Charizard|Protect\n|move|p1b: Incineroar|Parting Shot|p2a: Garchomp\n|-activate|p2a: Garchomp|move: Protect\n|\n|upkeep\n|turn|2\n|inactive|varolovgc has 30 seconds left.\n|\n|t:|1776074992\n|detailschange|p1a: Charizard|Charizard-Mega-Y, L50, M\n|-mega|p1a: Charizard|Charizard|Charizardite Y\n|-weather|SunnyDay|[from] ability: Drought|[of] p1a: Charizard\n|move|p2b: Talonflame|Tailwind|p2b: Talonflame\n|-sidestart|p2: silverst0ne0656|move: Tailwind\n|move|p2a: Garchomp|Stone Edge|p1a: Charizard\n|-supereffective|p1a: Charizard|2\n|-crit|p1a: Charizard\n|-damage|p1a: Charizard|0 fnt\n|faint|p1a: Charizard\n|move|p1b: Incineroar|Parting Shot|p2a: Garchomp\n|-unboost|p2a: Garchomp|atk|1\n|-unboost|p2a: Garchomp|spa|1\n|\n|t:|1776075003\n|switch|p1b: Garchomp|Garchomp, L50, M|100/100|[from] Parting Shot\n|\n|-weather|SunnyDay|[upkeep]\n|upkeep\n|\n|t:|1776075012\n|switch|p1a: Venusaur|Venusaur, L50, M|100/100\n|turn|3\n|\n|t:|1776075024\n|switch|p2a: Rotom|Rotom-Wash, L50|100/100\n|move|p2b: Talonflame|Acrobatics|p1a: Venusaur\n|-supereffective|p1a: Venusaur|1\n|-damage|p1a: Venusaur|30/100\n|move|p1a: Venusaur|Sleep Powder|p2b: Talonflame\n|-status|p2b: Talonflame|slp|[from] move: Sleep Powder\n|move|p1b: Garchomp|Dragon Claw|p2a: Rotom\n|-damage|p2a: Rotom|56/100\n|\n|-weather|SunnyDay|[upkeep]\n|upkeep\n|turn|4\n|inactive|silverst0ne0656 has 30 seconds left.\n|inactive|silverst0ne0656 has 20 seconds left.\n|\n|t:|1776075059\n|switch|p2a: Floette|Floette-Eternal, L50, F|100/100\n|cant|p2b: Talonflame|slp\n|move|p1a: Venusaur|Leaf Storm|p2a: Floette\n|-damage|p2a: Floette|55/100\n|-unboost|p1a: Venusaur|spa|2\n|move|p1b: Garchomp|Rock Slide|p2b: Talonflame|[spread] p2a,p2b\n|-supereffective|p2b: Talonflame|2\n|-crit|p2b: Talonflame\n|-damage|p2a: Floette|31/100\n|-damage|p2b: Talonflame|0 fnt\n|faint|p2b: Talonflame\n|\n|-weather|SunnyDay|[upkeep]\n|upkeep\n|\n|t:|1776075077\n|switch|p2b: Rotom|Rotom-Wash, L50|56/100\n|turn|5\n|\n|t:|1776075090\n|detailschange|p2a: Floette|Floette-Mega, L50, F\n|-mega|p2a: Floette|Floette|Floettite\n|-ability|p2a: Floette|Fairy Aura\n|move|p2b: Rotom|Helping Hand|p2a: Floette\n|-singleturn|p2a: Floette|Helping Hand|[of] p2b: Rotom\n|move|p1a: Venusaur|Protect|p1a: Venusaur\n|-singleturn|p1a: Venusaur|Protect\n|move|p1b: Garchomp|Protect|p1b: Garchomp\n|-singleturn|p1b: Garchomp|Protect\n|move|p2a: Floette|Dazzling Gleam|p1b: Garchomp|[spread] \n|-activate|p1a: Venusaur|move: Protect\n|-activate|p1b: Garchomp|move: Protect\n|\n|-weather|SunnyDay|[upkeep]\n|-sideend|p2: silverst0ne0656|move: Tailwind\n|upkeep\n|turn|6\n|inactive|silverst0ne0656 has 30 seconds left.\n|inactive|silverst0ne0656 has 20 seconds left.\n|inactive|silverst0ne0656 has 15 seconds left.\n|inactive|silverst0ne0656 has 10 seconds left.\n|inactive|silverst0ne0656 has 5 seconds left.\n|\n|t:|1776075142\n|move|p2a: Floette|Protect|p2a: Floette\n|-singleturn|p2a: Floette|Protect\n|move|p1a: Venusaur|Sludge Bomb|p2a: Floette\n|-activate|p2a: Floette|move: Protect\n|move|p1b: Garchomp|Dragon Claw|p2b: Rotom\n|-crit|p2b: Rotom\n|-damage|p2b: Rotom|0 fnt\n|faint|p2b: Rotom\n|\n|-weather|none\n|upkeep\n|\n|t:|1776075152\n|switch|p2b: Garchomp|Garchomp, L50, M|100/100\n|turn|7\n|\n|t:|1776075177\n|move|p2b: Garchomp|Protect|p2b: Garchomp\n|-singleturn|p2b: Garchomp|Protect\n|move|p1a: Venusaur|Protect|p1a: Venusaur\n|-singleturn|p1a: Venusaur|Protect\n|move|p1b: Garchomp|Dragon Claw|p2b: Garchomp\n|-activate|p2b: Garchomp|move: Protect\n|move|p2a: Floette|Dazzling Gleam|p1b: Garchomp|[spread] p1b\n|-activate|p1a: Venusaur|move: Protect\n|-supereffective|p1b: Garchomp|1\n|-damage|p1b: Garchomp|0 fnt\n|faint|p1b: Garchomp\n|\n|upkeep\n|\n|t:|1776075190\n|switch|p1b: Incineroar|Incineroar, L50, M|100/100\n|-ability|p1b: Incineroar|Intimidate|boost\n|-unboost|p2a: Floette|atk|1\n|-unboost|p2b: Garchomp|atk|1\n|turn|8\n|inactive|varolovgc has 30 seconds left.\n|inactive|varolovgc has 20 seconds left.\n|inactive|varolovgc has 15 seconds left.\n|inactive|varolovgc has 10 seconds left.\n|\n|t:|1776075236\n|move|p2a: Floette|Protect|p2a: Floette\n|-singleturn|p2a: Floette|Protect\n|move|p2b: Garchomp|Earthquake|p1b: Incineroar|[spread] p1a,p1b\n|-activate|p2a: Floette|move: Protect\n|-supereffective|p1b: Incineroar|1\n|-damage|p1a: Venusaur|0 fnt\n|-damage|p1b: Incineroar|41/100\n|-enditem|p1b: Incineroar|Sitrus Berry|[eat]\n|-heal|p1b: Incineroar|66/100|[from] item: Sitrus Berry\n|faint|p1a: Venusaur\n|move|p1b: Incineroar|Parting Shot|p2b: Garchomp\n|-unboost|p2b: Garchomp|atk|1\n|-unboost|p2b: Garchomp|spa|1\n|\n|upkeep\n|turn|9\n|\n|t:|1776075255\n|move|p2b: Garchomp|Stone Edge|p1b: Incineroar\n|-supereffective|p1b: Incineroar|1\n|-damage|p1b: Incineroar|35/100\n|move|p2a: Floette|Moonblast|p1b: Incineroar\n|-damage|p1b: Incineroar|0 fnt\n|faint|p1b: Incineroar\n|\n|win|silverst0ne0656\n|raw|varolovgc's rating: 1022 &rarr; <strong>1010</strong><br />(-12 for losing)\n|raw|silverst0ne0656's rating: 1049 &rarr; <strong>1079</strong><br />(+30 for winning)\n|l|\u2606varolovgc\n|player|p1|\n",
  "uploadtime": 1776075280,
  "views": 13,
  "formatid": "gen9championsvgc2026regma",
  "rating": 1010,
  "private": 0,
  "password": null
}