{
  "id": "gen9championsvgc2026regma-2583750542",
  "format": "[Gen 9 Champions] VGC 2026 Reg M-A",
  "players": [
    "Thoron Engineer",
    "chichinitz"
  ],
  "log": "|j|\u2606Thoron Engineer\n|j|\u2606chichinitz\n|t:|1776195176\n|gametype|doubles\n|player|p1|Thoron Engineer|170|1119\n|player|p2|chichinitz|psychic-gen4|1132\n|gen|9\n|tier|[Gen 9 Champions] VGC 2026 Reg M-A\n|rated|\n|rule|Species Clause: Limit one of each Pok\u00e9mon\n|rule|Item Clause: Limit 1 of each item\n|clearpoke\n|poke|p1|Gyarados, L50, F|\n|poke|p1|Sinistcha, L50|\n|poke|p1|Incineroar, L50, F|\n|poke|p1|Manectric, L50, F|\n|poke|p1|Snorlax, L50, F|\n|poke|p1|Farigiraf, L50, M|\n|poke|p2|Meganium, L50, F|\n|poke|p2|Pelipper, L50, M|\n|poke|p2|Basculegion, L50, M|\n|poke|p2|Archaludon, L50, F|\n|poke|p2|Aerodactyl, L50, M|\n|poke|p2|Kangaskhan, L50, F|\n|teampreview|4\n|\n|t:|1776195195\n|teamsize|p1|4\n|teamsize|p2|4\n|start\n|switch|p1a: Farigiraf|Farigiraf, L50, M|100/100\n|switch|p1b: Manectric|Manectric, L50, F|100/100\n|switch|p2a: Pelipper|Pelipper, L50, M|100/100\n|switch|p2b: Archaludon|Archaludon, L50, F|100/100\n|-weather|RainDance|[from] ability: Drizzle|[of] p2a: Pelipper\n|turn|1\n|\n|t:|1776195216\n|detailschange|p1b: Manectric|Manectric-Mega, L50, F\n|-mega|p1b: Manectric|Manectric|Manectite\n|-ability|p1b: Manectric|Intimidate|boost\n|-unboost|p2a: Pelipper|atk|1\n|-unboost|p2b: Archaludon|atk|1\n|move|p1b: Manectric|Snarl|p2a: Pelipper|[spread] p2a,p2b\n|-crit|p2a: Pelipper\n|-damage|p2a: Pelipper|69/100\n|-damage|p2b: Archaludon|86/100\n|-unboost|p2a: Pelipper|spa|1\n|-unboost|p2b: Archaludon|spa|1\n|move|p2b: Archaludon|Draco Meteor|p1b: Manectric\n|-damage|p1b: Manectric|38/100\n|-unboost|p2b: Archaludon|spa|2\n|move|p2a: Pelipper|Tailwind|p2a: Pelipper\n|-sidestart|p2: chichinitz|move: Tailwind\n|move|p1a: Farigiraf|Trick Room|p1a: Farigiraf\n|-fieldstart|move: Trick Room|[of] p1a: Farigiraf\n|\n|-weather|RainDance|[upkeep]\n|upkeep\n|turn|2\n|inactive|Battle timer is ON: inactive players will automatically lose when time's up. (requested by Thoron Engineer)\n|inactive|chichinitz has 60 seconds left.\n|\n|t:|1776195253\n|switch|p2b: Meganium|Meganium, L50, F|100/100\n|move|p1a: Farigiraf|Hyper Voice|p2a: Pelipper|[spread] p2a,p2b\n|-damage|p2a: Pelipper|25/100\n|-damage|p2b: Meganium|74/100\n|move|p2a: Pelipper|Weather Ball|p1b: Manectric\n|-damage|p1b: Manectric|0 fnt\n|faint|p1b: Manectric\n|\n|-weather|RainDance|[upkeep]\n|upkeep\n|\n|t:|1776195261\n|switch|p1b: Snorlax|Snorlax, L50, F|100/100\n|turn|3\n|\n|t:|1776195276\n|detailschange|p2b: Meganium|Meganium-Mega, L50, F\n|-mega|p2b: Meganium|Meganium|Meganiumite\n|move|p2a: Pelipper|Wide Guard|p2a: Pelipper\n|-singleturn|p2a: Pelipper|Wide Guard\n|move|p1b: Snorlax|Belly Drum|p1b: Snorlax\n|-damage|p1b: Snorlax|51/100\n|-setboost|p1b: Snorlax|atk|6|[from] move: Belly Drum\n|move|p1a: Farigiraf|Hyper Voice|p2b: Meganium|[spread] \n|-activate|p2a: Pelipper|move: Wide Guard\n|-activate|p2b: Meganium|move: Wide Guard\n|move|p2b: Meganium|Solar Beam||[still]\n|-prepare|p2b: Meganium|Solar Beam\n|-activate|p2b: Meganium|ability: Mega Sol\n|-anim|p2b: Meganium|Solar Beam|p1b: Snorlax\n|-damage|p1b: Snorlax|0 fnt\n|faint|p1b: Snorlax\n|\n|-weather|RainDance|[upkeep]\n|upkeep\n|\n|t:|1776195297\n|switch|p1b: Sinistcha|Sinistcha, L50|100/100\n|turn|4\n|\n|t:|1776195311\n|move|p2a: Pelipper|Wide Guard|p2a: Pelipper\n|-singleturn|p2a: Pelipper|Wide Guard\n|move|p1b: Sinistcha|Rage Powder|p1b: Sinistcha\n|-singleturn|p1b: Sinistcha|move: Rage Powder\n|move|p1a: Farigiraf|Psychic|p2a: Pelipper\n|-crit|p2a: Pelipper\n|-damage|p2a: Pelipper|0 fnt\n|faint|p2a: Pelipper\n|move|p2b: Meganium|Solar Beam||[still]\n|-prepare|p2b: Meganium|Solar Beam\n|-activate|p2b: Meganium|ability: Mega Sol\n|-anim|p2b: Meganium|Solar Beam|p1a: Farigiraf\n|-damage|p1a: Farigiraf|29/100\n|\n|-weather|RainDance|[upkeep]\n|-sideend|p2: chichinitz|move: Tailwind\n|upkeep\n|\n|t:|1776195326\n|switch|p2a: Archaludon|Archaludon, L50, F|86/100\n|turn|5\n|\n|t:|1776195348\n|move|p2b: Meganium|Protect|p2b: Meganium\n|-singleturn|p2b: Meganium|Protect\n|move|p2a: Archaludon|Protect|p2a: Archaludon\n|-singleturn|p2a: Archaludon|Protect\n|move|p1a: Farigiraf|Hyper Voice|p2a: Archaludon|[spread] \n|-activate|p2a: Archaludon|move: Protect\n|-activate|p2b: Meganium|move: Protect\n|move|p1b: Sinistcha|Life Dew||[still]|[spread] p1a,p1b\n|-heal|p1a: Farigiraf|54/100\n|-fail|p1b: Sinistcha|heal\n|\n|-weather|none\n|-fieldend|move: Trick Room\n|upkeep\n|turn|6\n|-message|Thoron Engineer forfeited.\n|\n|win|chichinitz\n|raw|Thoron Engineer's rating: 1119 &rarr; <strong>1095</strong><br />(-24 for losing)\n|raw|chichinitz's rating: 1132 &rarr; <strong>1156</strong><br />(+24 for winning)\n|l|\u2606Thoron Engineer\n|player|p1|\n",
  "uploadtime": 1776195370,
  "views": 26,
  "formatid": "gen9championsvgc2026regma",
  "rating": 1095,
  "private": 0,
  "password": null
}