{
  "id": "gen9championsvgc2026regma-2585450759",
  "format": "[Gen 9 Champions] VGC 2026 Reg M-A",
  "players": [
    "blackred123",
    "RampardosingRoids"
  ],
  "log": "|j|\u2606blackred123\n|j|\u2606RampardosingRoids\n|t:|1776348147\n|gametype|doubles\n|player|p1|blackred123|iono-masters|1291\n|player|p2|RampardosingRoids|1|1381\n|gen|9\n|tier|[Gen 9 Champions] VGC 2026 Reg M-A\n|rated|\n|rule|Species Clause: Limit one of each Pok\u00e9mon\n|rule|Item Clause: Limit 1 of each item\n|clearpoke\n|poke|p1|Tyranitar, L50, F|\n|poke|p1|Sinistcha, L50|\n|poke|p1|Excadrill, L50, F|\n|poke|p1|Sneasler, L50, F|\n|poke|p1|Milotic, L50, F|\n|poke|p1|Torkoal, L50, F|\n|poke|p2|Floette-Eternal, L50, F|\n|poke|p2|Talonflame, L50, F|\n|poke|p2|Garchomp, L50, F|\n|poke|p2|Typhlosion-Hisui, L50, F|\n|poke|p2|Torkoal, L50, F|\n|poke|p2|Oranguru, L50, M|\n|teampreview|4\n|inactive|Battle timer is ON: inactive players will automatically lose when time's up. (requested by blackred123)\n|inactive|blackred123 has 60 seconds left.\n|inactive|RampardosingRoids has 60 seconds left.\n|\n|t:|1776348189\n|teamsize|p1|4\n|teamsize|p2|4\n|start\n|switch|p1a: \u57fa\u57fa\u62c9\u65af|Tyranitar, L50, F|100/100\n|switch|p1b: \u7f8e\u7f8e\u62c9\u4e1d|Milotic, L50, F|100/100\n|switch|p2a: Talonflame|Talonflame, L50, F|100/100\n|switch|p2b: Garchomp|Garchomp, L50, F|100/100\n|-weather|Sandstorm|[from] ability: Sand Stream|[of] p1a: \u57fa\u57fa\u62c9\u65af\n|turn|1\n|\n|t:|1776348202\n|detailschange|p1a: \u57fa\u57fa\u62c9\u65af|Tyranitar-Mega, L50, F\n|-mega|p1a: \u57fa\u57fa\u62c9\u65af|Tyranitar|Tyranitarite\n|move|p2b: Garchomp|Protect|p2b: Garchomp\n|-singleturn|p2b: Garchomp|Protect\n|move|p2a: Talonflame|Tailwind|p2a: Talonflame\n|-sidestart|p2: RampardosingRoids|move: Tailwind\n|move|p1b: \u7f8e\u7f8e\u62c9\u4e1d|Ice Beam|p2b: Garchomp\n|-activate|p2b: Garchomp|move: Protect\n|move|p1a: \u57fa\u57fa\u62c9\u65af|Rock Slide|p2b: Garchomp|[spread] p2a\n|-activate|p2b: Garchomp|move: Protect\n|-supereffective|p2a: Talonflame|2\n|-damage|p2a: Talonflame|0 fnt\n|faint|p2a: Talonflame\n|\n|-weather|Sandstorm|[upkeep]\n|-damage|p1b: \u7f8e\u7f8e\u62c9\u4e1d|94/100|[from] Sandstorm\n|-heal|p1b: \u7f8e\u7f8e\u62c9\u4e1d|100/100|[from] item: Leftovers\n|upkeep\n|\n|t:|1776348212\n|switch|p2a: Floette|Floette-Eternal, L50, F|100/100\n|turn|2\n|\n|t:|1776348226\n|detailschange|p2a: Floette|Floette-Mega, L50, F\n|-mega|p2a: Floette|Floette|Floettite\n|-ability|p2a: Floette|Fairy Aura\n|move|p2a: Floette|Moonblast|p1b: \u7f8e\u7f8e\u62c9\u4e1d\n|-damage|p1b: \u7f8e\u7f8e\u62c9\u4e1d|45/100\n|move|p2b: Garchomp|Stomping Tantrum|p1b: \u7f8e\u7f8e\u62c9\u4e1d\n|-damage|p1b: \u7f8e\u7f8e\u62c9\u4e1d|0 fnt\n|faint|p1b: \u7f8e\u7f8e\u62c9\u4e1d\n|move|p1a: \u57fa\u57fa\u62c9\u65af|Heavy Slam|p2a: Floette\n|-supereffective|p2a: Floette|1\n|-damage|p2a: Floette|25/100\n|\n|-weather|Sandstorm|[upkeep]\n|-damage|p2a: Floette|19/100|[from] Sandstorm\n|upkeep\n|\n|t:|1776348241\n|switch|p1b: \u62c9\u6016\u6016|Sneasler, L50, F|100/100\n|turn|3\n|\n|t:|1776348259\n|move|p1b: \u62c9\u6016\u6016|Fake Out|p2b: Garchomp\n|-damage|p2b: Garchomp|85/100\n|-damage|p1b: \u62c9\u6016\u6016|88/100|[from] ability: Rough Skin|[of] p2b: Garchomp\n|cant|p2b: Garchomp|flinch\n|move|p2a: Floette|Dazzling Gleam|p1a: \u57fa\u57fa\u62c9\u65af|[spread] p1a,p1b\n|-supereffective|p1a: \u57fa\u57fa\u62c9\u65af|1\n|-damage|p1a: \u57fa\u57fa\u62c9\u65af|42/100\n|-damage|p1b: \u62c9\u6016\u6016|23/100\n|move|p1a: \u57fa\u57fa\u62c9\u65af|Rock Slide|p2a: Floette|[spread] p2a,p2b\n|-crit|p2a: Floette\n|-resisted|p2b: Garchomp|1\n|-damage|p2a: Floette|0 fnt\n|-damage|p2b: Garchomp|65/100\n|faint|p2a: Floette\n|\n|-weather|Sandstorm|[upkeep]\n|-damage|p1b: \u62c9\u6016\u6016|18/100|[from] Sandstorm\n|upkeep\n|inactive|RampardosingRoids has 30 seconds left.\n|\n|t:|1776348292\n|switch|p2a: Typhlosion|Typhlosion-Hisui, L50, F|100/100\n|turn|4\n|\n|t:|1776348305\n|move|p1b: \u62c9\u6016\u6016|Protect|p1b: \u62c9\u6016\u6016\n|-singleturn|p1b: \u62c9\u6016\u6016|Protect\n|move|p1a: \u57fa\u57fa\u62c9\u65af|Protect|p1a: \u57fa\u57fa\u62c9\u65af\n|-singleturn|p1a: \u57fa\u57fa\u62c9\u65af|Protect\n|move|p2b: Garchomp|Stomping Tantrum|p1a: \u57fa\u57fa\u62c9\u65af\n|-activate|p1a: \u57fa\u57fa\u62c9\u65af|move: Protect\n|move|p2a: Typhlosion|Eruption|p1b: \u62c9\u6016\u6016|[spread] \n|-activate|p1a: \u57fa\u57fa\u62c9\u65af|move: Protect\n|-activate|p1b: \u62c9\u6016\u6016|move: Protect\n|\n|-weather|Sandstorm|[upkeep]\n|-damage|p2a: Typhlosion|94/100|[from] Sandstorm\n|-damage|p1b: \u62c9\u6016\u6016|12/100|[from] Sandstorm\n|-sideend|p2: RampardosingRoids|move: Tailwind\n|upkeep\n|turn|5\n|\n|t:|1776348328\n|move|p2a: Typhlosion|Protect|p2a: Typhlosion\n|-singleturn|p2a: Typhlosion|Protect\n|move|p1b: \u62c9\u6016\u6016|Close Combat|p2b: Garchomp\n|-damage|p2b: Garchomp|0 fnt\n|-unboost|p1b: \u62c9\u6016\u6016|def|1\n|-unboost|p1b: \u62c9\u6016\u6016|spd|1\n|-damage|p1b: \u62c9\u6016\u6016|0 fnt|[from] ability: Rough Skin|[of] p2b: Garchomp\n|faint|p2b: Garchomp\n|faint|p1b: \u62c9\u6016\u6016\n|move|p1a: \u57fa\u57fa\u62c9\u65af|Rock Slide|p2a: Typhlosion\n|-activate|p2a: Typhlosion|move: Protect\n|\n|-weather|none\n|upkeep\n|\n|t:|1776348336\n|switch|p1b: \u9f9f\u982d|Torkoal, L50, F|100/100\n|-weather|SunnyDay|[from] ability: Drought|[of] p1b: \u9f9f\u982d\n|turn|6\n|\n|t:|1776348344\n|move|p1a: \u57fa\u57fa\u62c9\u65af|Protect|p1a: \u57fa\u57fa\u62c9\u65af\n|-singleturn|p1a: \u57fa\u57fa\u62c9\u65af|Protect\n|move|p2a: Typhlosion|Eruption|p1a: \u57fa\u57fa\u62c9\u65af|[spread] p1b\n|-activate|p1a: \u57fa\u57fa\u62c9\u65af|move: Protect\n|-resisted|p1b: \u9f9f\u982d|1\n|-damage|p1b: \u9f9f\u982d|45/100\n|move|p1b: \u9f9f\u982d|Earth Power|p2a: Typhlosion\n|-supereffective|p2a: Typhlosion|1\n|-damage|p2a: Typhlosion|25/100\n|\n|-weather|SunnyDay|[upkeep]\n|upkeep\n|turn|7\n|\n|t:|1776348358\n|move|p2a: Typhlosion|Heat Wave|p1b: \u9f9f\u982d|[spread] p1a,p1b\n|-resisted|p1a: \u57fa\u57fa\u62c9\u65af|1\n|-resisted|p1b: \u9f9f\u982d|1\n|-damage|p1a: \u57fa\u57fa\u62c9\u65af|6/100\n|-damage|p1b: \u9f9f\u982d|0 fnt\n|faint|p1b: \u9f9f\u982d\n|move|p1a: \u57fa\u57fa\u62c9\u65af|Knock Off|p2a: Typhlosion\n|-supereffective|p2a: Typhlosion|1\n|-damage|p2a: Typhlosion|0 fnt\n|-enditem|p2a: Typhlosion|Focus Sash|[from] move: Knock Off|[of] p1a: \u57fa\u57fa\u62c9\u65af\n|faint|p2a: Typhlosion\n|\n|win|blackred123\n|raw|blackred123's rating: 1291 &rarr; <strong>1322</strong><br />(+31 for winning)\n|raw|RampardosingRoids's rating: 1381 &rarr; <strong>1356</strong><br />(-25 for losing)\n|l|\u2606RampardosingRoids\n|player|p2|\n",
  "uploadtime": 1776348366,
  "views": 34,
  "formatid": "gen9championsvgc2026regma",
  "rating": 1322,
  "private": 0,
  "password": null
}