{
  "id": "gen9championsvgc2026regma-2582269215",
  "format": "[Gen 9 Champions] VGC 2026 Reg M-A",
  "players": [
    "Mambrilla",
    "Mask4M"
  ],
  "log": "|j|\u2606Mambrilla\n|j|\u2606Mask4M\n|t:|1776078163\n|gametype|doubles\n|player|p1|Mambrilla|169|1058\n|player|p2|Mask4M|101|1088\n|gen|9\n|tier|[Gen 9 Champions] VGC 2026 Reg M-A\n|rated|\n|rule|Species Clause: Limit one of each Pok\u00e9mon\n|rule|Item Clause: Limit 1 of each item\n|clearpoke\n|poke|p1|Araquanid, L50, F|\n|poke|p1|Scizor, L50, F|\n|poke|p1|Volcarona, L50, M|\n|poke|p1|Kleavor, L50, F|\n|poke|p1|Vivillon-Elegant, L50, F|\n|poke|p1|Forretress, L50, M|\n|poke|p2|Glimmora, L50, M|\n|poke|p2|Froslass, L50, F|\n|poke|p2|Sneasler, L50, F|\n|poke|p2|Incineroar, L50, M|\n|poke|p2|Whimsicott, L50, M|\n|poke|p2|Gyarados, L50, F|\n|teampreview|4\nMask4M has agreed to open team sheets.\nMambrilla rejected open team sheets.\n|\n|t:|1776078218\n|teamsize|p1|4\n|teamsize|p2|4\n|start\n|switch|p1a: Scizor|Scizor, L50, F|100/100\n|switch|p1b: Vivillon|Vivillon-Elegant, L50, F|100/100\n|switch|p2a: Incineroar|Incineroar, L50, M|100/100\n|switch|p2b: Sneasler|Sneasler, L50, F|100/100\n|-ability|p2a: Incineroar|Intimidate|boost\n|-unboost|p1a: Scizor|atk|1\n|-unboost|p1b: Vivillon|atk|1\n|turn|1\n|inactive|Battle timer is ON: inactive players will automatically lose when time's up. (requested by Mambrilla)\n|inactive|Mask4M has 60 seconds left.\n|\n|t:|1776078263\n|detailschange|p1a: Scizor|Scizor-Mega, L50, F\n|-mega|p1a: Scizor|Scizor|Scizorite\n|move|p1a: Scizor|Protect|p1a: Scizor\n|-singleturn|p1a: Scizor|Protect\n|move|p2b: Sneasler|Dire Claw|p1b: Vivillon\n|-damage|p1b: Vivillon|10/100\n|-status|p1b: Vivillon|par\n|move|p2a: Incineroar|Parting Shot|p1a: Scizor\n|-activate|p1a: Scizor|move: Protect\n|move|p1b: Vivillon|Tailwind|p1b: Vivillon\n|-sidestart|p1: Mambrilla|move: Tailwind\n|\n|upkeep\n|turn|2\n|\n|t:|1776078285\n|move|p1a: Scizor|Dual Wingbeat|p2b: Sneasler\n|-supereffective|p2b: Sneasler|1\n|-crit|p2b: Sneasler\n|-damage|p2b: Sneasler|0 fnt\n|faint|p2b: Sneasler\n|-hitcount|p2: Sneasler|1\n|move|p1b: Vivillon|Light Screen|p1b: Vivillon\n|-sidestart|p1: Mambrilla|move: Light Screen\n|move|p2a: Incineroar|Flare Blitz|p1a: Scizor\n|-supereffective|p1a: Scizor|2\n|-damage|p1a: Scizor|0 fnt\n|faint|p1a: Scizor\n|-damage|p2a: Incineroar|72/100|[from] Recoil\n|\n|upkeep\n|\n|t:|1776078307\n|switch|p2b: Glimmora|Glimmora, L50, M|100/100\n|switch|p1a: Kleavor|Kleavor, L50, F|100/100\n|turn|3\n|inactive|Mask4M has 30 seconds left.\n|\n|t:|1776078338\n|switch|p2a: Gyarados|Gyarados, L50, F|100/100\n|-ability|p2a: Gyarados|Intimidate|boost\n|-unboost|p1a: Kleavor|atk|1\n|-unboost|p1b: Vivillon|atk|1\n|-enditem|p1a: Kleavor|White Herb\n|-clearnegativeboost|p1a: Kleavor|[silent]\n|detailschange|p2b: Glimmora|Glimmora-Mega, L50, M\n|-mega|p2b: Glimmora|Glimmora|Glimmoranite\n|move|p1b: Vivillon|Protect|p1b: Vivillon\n|-singleturn|p1b: Vivillon|Protect\n|move|p1a: Kleavor|Night Slash|p2b: Glimmora\n|-damage|p2b: Glimmora|59/100\n|move|p2b: Glimmora|Power Gem|p1b: Vivillon\n|-activate|p1b: Vivillon|move: Protect\n|\n|upkeep\n|turn|4\n|\n|t:|1776078361\n|move|p1a: Kleavor|Stone Axe|p2a: Gyarados\n|-supereffective|p2a: Gyarados|1\n|-crit|p2a: Gyarados\n|-damage|p2a: Gyarados|0 fnt\n|-sidestart|p2: Mask4M|move: Stealth Rock\n|faint|p2a: Gyarados\n|move|p2b: Glimmora|Power Gem|p1a: Kleavor\n|-supereffective|p1a: Kleavor|1\n|-damage|p1a: Kleavor|12/100\n|move|p1b: Vivillon|Pollen Puff|p1a: Kleavor\n|-heal|p1a: Kleavor|62/100\n|\n|-sideend|p1: Mambrilla|move: Tailwind\n|upkeep\n|\n|t:|1776078372\n|switch|p2a: Incineroar|Incineroar, L50, M|72/100\n|-damage|p2a: Incineroar|47/100|[from] Stealth Rock\n|-ability|p2a: Incineroar|Intimidate|boost\n|-unboost|p1a: Kleavor|atk|1\n|-unboost|p1b: Vivillon|atk|1\n|-enditem|p2a: Incineroar|Sitrus Berry|[eat]\n|-heal|p2a: Incineroar|72/100|[from] item: Sitrus Berry\n|turn|5\n|\n|t:|1776078382\n|move|p2a: Incineroar|Fake Out|p1b: Vivillon\n|-damage|p1b: Vivillon|0 fnt\n|faint|p1b: Vivillon\n|move|p2b: Glimmora|Power Gem|p1a: Kleavor\n|-supereffective|p1a: Kleavor|1\n|-damage|p1a: Kleavor|0 fnt\n|faint|p1a: Kleavor\n|\n|upkeep\n|\n|t:|1776078386\n|switch|p1b: Forretress|Forretress, L50, M|100/100\n|turn|6\n|\n|t:|1776078394\n|move|p2b: Glimmora|Spiky Shield|p2b: Glimmora\n|-singleturn|p2b: Glimmora|move: Protect\n|move|p2a: Incineroar|Flare Blitz|p1b: Forretress\n|-supereffective|p1b: Forretress|2\n|-ability|p1b: Forretress|Sturdy\n|-damage|p1b: Forretress|1/100\n|-enditem|p1b: Forretress|Sitrus Berry|[eat]\n|-heal|p1b: Forretress|26/100|[from] item: Sitrus Berry\n|-damage|p2a: Incineroar|42/100|[from] Recoil\n|move|p1b: Forretress|Body Press|p2b: Glimmora\n|-activate|p2b: Glimmora|move: Protect\n|-damage|p1b: Forretress|14/100|[from] Spiky Shield|[of] p2b: Glimmora\n|\n|-sideend|p1: Mambrilla|move: Light Screen\n|upkeep\n|turn|7\n|-message|Mambrilla forfeited.\n|\n|win|Mask4M\n|raw|Mambrilla's rating: 1058 &rarr; <strong>1041</strong><br />(-17 for losing)\n|raw|Mask4M's rating: 1088 &rarr; <strong>1112</strong><br />(+24 for winning)\n|l|\u2606Mambrilla\n|player|p1|\n",
  "uploadtime": 1776078410,
  "views": 21,
  "formatid": "gen9championsvgc2026regma",
  "rating": 1041,
  "private": 0,
  "password": null
}