{
  "id": "gen9championsvgc2026regma-2582563486",
  "format": "[Gen 9 Champions] VGC 2026 Reg M-A",
  "players": [
    "HighasaMantyke",
    "Lopun14"
  ],
  "log": "|j|\u2606HighasaMantyke\n|j|\u2606Lopun14\n|t:|1776099602\n|gametype|doubles\n|player|p1|HighasaMantyke|drayton|1112\n|player|p2|Lopun14|2|1165\n|gen|9\n|tier|[Gen 9 Champions] VGC 2026 Reg M-A\n|rated|\n|rule|Species Clause: Limit one of each Pok\u00e9mon\n|rule|Item Clause: Limit 1 of each item\n|clearpoke\n|poke|p1|Chandelure, L50, M|\n|poke|p1|Garchomp, L50, F|\n|poke|p1|Rotom-Wash, L50|\n|poke|p1|Incineroar, L50, M|\n|poke|p1|Sneasler, L50, F|\n|poke|p1|Whimsicott, L50, F|\n|poke|p2|Gengar, L50, F|\n|poke|p2|Politoed, L50, M|\n|poke|p2|Floette-Eternal, L50, F|\n|poke|p2|Sinistcha, L50|\n|poke|p2|Archaludon, L50, F|\n|poke|p2|Whimsicott, L50, F|\n|teampreview|4\n|inactive|Battle timer is ON: inactive players will automatically lose when time's up. (requested by HighasaMantyke)\n|\n|t:|1776099631\n|teamsize|p1|4\n|teamsize|p2|4\n|start\n|switch|p1a: Rotom|Rotom-Wash, L50|100/100\n|switch|p1b: Incineroar|Incineroar, L50, M|100/100\n|switch|p2a: Floette|Floette-Eternal, L50, F|100/100\n|switch|p2b: Whimsicott|Whimsicott, L50, F|100/100\n|-ability|p1b: Incineroar|Intimidate|boost\n|-unboost|p2a: Floette|atk|1\n|-block|p2b: Whimsicott|ability: Flower Veil|[of] p2a: Floette\n|turn|1\n|inactive|Lopun14 has 30 seconds left.\n|inactive|Lopun14 has 20 seconds left.\n|\n|t:|1776099670\n|move|p2b: Whimsicott|Protect|p2b: Whimsicott\n|-singleturn|p2b: Whimsicott|Protect\n|move|p2a: Floette|Protect|p2a: Floette\n|-singleturn|p2a: Floette|Protect\n|move|p1b: Incineroar|Fake Out|p2a: Floette\n|-activate|p2a: Floette|move: Protect\n|move|p1a: Rotom|Electroweb|p2a: Floette|[spread] \n|-activate|p2a: Floette|move: Protect\n|-activate|p2b: Whimsicott|move: Protect\n|\n|upkeep\n|turn|2\n|\n|t:|1776099691\n|detailschange|p2a: Floette|Floette-Mega, L50, F\n|-mega|p2a: Floette|Floette|Floettite\n|-ability|p2a: Floette|Fairy Aura\n|move|p2b: Whimsicott|Moonblast|p1a: Rotom\n|-damage|p1a: Rotom|58/100\n|move|p1a: Rotom|Electroweb|p2a: Floette|[spread] p2a,p2b\n|-resisted|p2b: Whimsicott|1\n|-damage|p2a: Floette|90/100\n|-damage|p2b: Whimsicott|88/100\n|-unboost|p2a: Floette|spe|1\n|-unboost|p2b: Whimsicott|spe|1\n|move|p1b: Incineroar|Parting Shot|p2a: Floette\n|-unboost|p2a: Floette|atk|1\n|-unboost|p2a: Floette|spa|1\n|\n|t:|1776099704\n|switch|p1b: Chandelure|Chandelure, L50, M|100/100|[from] Parting Shot\n|move|p2a: Floette|Dazzling Gleam|p1b: Chandelure|[spread] p1a,p1b\n|-resisted|p1b: Chandelure|1\n|-damage|p1a: Rotom|31/100\n|-damage|p1b: Chandelure|82/100\n|\n|-heal|p1a: Rotom|37/100|[from] item: Leftovers\n|upkeep\n|turn|3\n|\n|t:|1776099721\n|switch|p1a: Incineroar|Incineroar, L50, M|100/100\n|-ability|p1a: Incineroar|Intimidate|boost\n|-unboost|p2a: Floette|atk|1\n|-unboost|p2b: Whimsicott|atk|1\n|detailschange|p1b: Chandelure|Chandelure-Mega, L50, M\n|-mega|p1b: Chandelure|Chandelure|Chandelurite\n|move|p2a: Floette|Protect|p2a: Floette\n|-singleturn|p2a: Floette|Protect\n|move|p1b: Chandelure|Heat Wave|p2b: Whimsicott|[spread] \n|-activate|p2a: Floette|move: Protect\n|-miss|p1b: Chandelure|p2b: Whimsicott\n|move|p2b: Whimsicott|Moonblast|p1a: Incineroar\n|-damage|p1a: Incineroar|57/100\n|\n|upkeep\n|turn|4\n|\n|t:|1776099739\n|switch|p2b: Archaludon|Archaludon, L50, F|100/100\n|switch|p2a: Politoed|Politoed, L50, M|100/100\n|-weather|RainDance|[from] ability: Drizzle|[of] p2a: Politoed\n|move|p1a: Incineroar|Fake Out|p2a: Politoed\n|-damage|p2a: Politoed|88/100\n|move|p1b: Chandelure|Heat Wave|p2b: Archaludon|[spread] p2a,p2b\n|-resisted|p2a: Politoed|1\n|-damage|p2a: Politoed|79/100\n|-damage|p2b: Archaludon|70/100\n|-ability|p2b: Archaludon|Stamina|boost\n|-boost|p2b: Archaludon|def|1\n|\n|-weather|RainDance|[upkeep]\n|-heal|p2a: Politoed|85/100|[from] item: Leftovers\n|upkeep\n|turn|5\n|\n|t:|1776099762\n|move|p1b: Chandelure|Protect|p1b: Chandelure\n|-singleturn|p1b: Chandelure|Protect\n|move|p2a: Politoed|Weather Ball|p1b: Chandelure\n|-activate|p1b: Chandelure|move: Protect\n|move|p2b: Archaludon|Electro Shot||[still]\n|-prepare|p2b: Archaludon|Electro Shot\n|-boost|p2b: Archaludon|spa|1\n|-anim|p2b: Archaludon|Electro Shot|p1b: Chandelure\n|-activate|p1b: Chandelure|move: Protect\n|move|p1a: Incineroar|Parting Shot|p2b: Archaludon\n|-unboost|p2b: Archaludon|atk|1\n|-unboost|p2b: Archaludon|spa|1\n|\n|t:|1776099775\n|switch|p1a: Rotom|Rotom-Wash, L50|37/100|[from] Parting Shot\n|\n|-weather|RainDance|[upkeep]\n|-heal|p2a: Politoed|91/100|[from] item: Leftovers\n|-heal|p1a: Rotom|43/100|[from] item: Leftovers\n|upkeep\n|turn|6\n|\n|t:|1776099785\n|move|p1b: Chandelure|Calm Mind|p1b: Chandelure\n|-boost|p1b: Chandelure|spa|1\n|-boost|p1b: Chandelure|spd|1\n|move|p2a: Politoed|Weather Ball|p1b: Chandelure\n|-supereffective|p1b: Chandelure|1\n|-damage|p1b: Chandelure|9/100\n|move|p1a: Rotom|Sunny Day|p1a: Rotom\n|-weather|SunnyDay\n|move|p2b: Archaludon|Electro Shot||[still]\n|-prepare|p2b: Archaludon|Electro Shot\n|-boost|p2b: Archaludon|spa|1\n|\n|-weather|SunnyDay|[upkeep]\n|-heal|p2a: Politoed|97/100|[from] item: Leftovers\n|-heal|p1a: Rotom|48/100|[from] item: Leftovers\n|upkeep\n|turn|7\n|\n|t:|1776099806\n|switch|p2a: Whimsicott|Whimsicott, L50, F|88/100\n|move|p1b: Chandelure|Heat Wave|p2b: Archaludon|[spread] p2a,p2b\n|-supereffective|p2a: Whimsicott|1\n|-damage|p2a: Whimsicott|0 fnt\n|-damage|p2b: Archaludon|0 fnt\n|faint|p2a: Whimsicott\n|faint|p2b: Archaludon\n|move|p1a: Rotom|Electroweb|p2: Whimsicott|[notarget]\n|-fail|p1a: Rotom\n|\n|-weather|SunnyDay|[upkeep]\n|-heal|p1a: Rotom|54/100|[from] item: Leftovers\n|upkeep\n|\n|t:|1776099817\n|switch|p2a: Politoed|Politoed, L50, M|97/100\n|switch|p2b: Floette|Floette-Mega, L50, F|90/100\n|-weather|RainDance|[from] ability: Drizzle|[of] p2a: Politoed\n|-ability|p2b: Floette|Fairy Aura\n|turn|8\n|inactive|Lopun14 has 30 seconds left.\n|\n|t:|1776099844\n|move|p1b: Chandelure|Protect|p1b: Chandelure\n|-singleturn|p1b: Chandelure|Protect\n|move|p2a: Politoed|Weather Ball|p1a: Rotom\n|-resisted|p1a: Rotom|1\n|-damage|p1a: Rotom|29/100\n|move|p1a: Rotom|Sunny Day|p1a: Rotom\n|-weather|SunnyDay\n|move|p2b: Floette|Dazzling Gleam|p1a: Rotom|[spread] p1a\n|-activate|p1b: Chandelure|move: Protect\n|-damage|p1a: Rotom|0 fnt\n|faint|p1a: Rotom\n|\n|-weather|SunnyDay|[upkeep]\n|-heal|p2a: Politoed|100/100|[from] item: Leftovers\n|upkeep\n|\n|t:|1776099861\n|switch|p1a: Incineroar|Incineroar, L50, M|57/100\n|-ability|p1a: Incineroar|Intimidate|boost\n|-unboost|p2a: Politoed|atk|1\n|-unboost|p2b: Floette|atk|1\n|turn|9\n|\n|t:|1776099872\n|move|p2b: Floette|Protect|p2b: Floette\n|-singleturn|p2b: Floette|Protect\n|move|p1a: Incineroar|Fake Out|p2a: Politoed\n|-damage|p2a: Politoed|86/100\n|move|p1b: Chandelure|Heat Wave|p2b: Floette|[spread] p2a\n|-activate|p2b: Floette|move: Protect\n|-resisted|p2a: Politoed|1\n|-damage|p2a: Politoed|39/100\n|cant|p2a: Politoed|flinch\n|\n|-weather|SunnyDay|[upkeep]\n|-heal|p2a: Politoed|45/100|[from] item: Leftovers\n|upkeep\n|turn|10\n|\n|t:|1776099889\n|move|p1b: Chandelure|Heat Wave|p2a: Politoed|[spread] p2a,p2b\n|-resisted|p2a: Politoed|1\n|-crit|p2b: Floette\n|-damage|p2a: Politoed|5/100\n|-damage|p2b: Floette|0 fnt\n|faint|p2b: Floette\n|move|p2a: Politoed|Weather Ball|p1b: Chandelure\n|-resisted|p1b: Chandelure|1\n|-damage|p1b: Chandelure|0 fnt\n|faint|p1b: Chandelure\n|move|p1a: Incineroar|Flare Blitz|p2a: Politoed\n|-resisted|p2a: Politoed|1\n|-damage|p2a: Politoed|0 fnt\n|faint|p2a: Politoed\n|-damage|p1a: Incineroar|56/100|[from] Recoil\n|\n|win|HighasaMantyke\n|raw|HighasaMantyke's rating: 1112 &rarr; <strong>1141</strong><br />(+29 for winning)\n|raw|Lopun14's rating: 1165 &rarr; <strong>1136</strong><br />(-29 for losing)\n|l|\u2606Lopun14\n|player|p2|\n",
  "uploadtime": 1776099896,
  "views": 13,
  "formatid": "gen9championsvgc2026regma",
  "rating": 1136,
  "private": 0,
  "password": null
}