{
  "id": "gen9championsvgc2026regma-2589498135",
  "format": "[Gen 9 Champions] VGC 2026 Reg M-A",
  "players": [
    "Enekos",
    "yosho2.0"
  ],
  "log": "|j|\u2606Enekos\n|j|\u2606yosho2.0\n|t:|1776728416\n|gametype|doubles\n|player|p1|Enekos|steven|1093\n|player|p2|yosho2.0|dawn|1120\n|gen|9\n|tier|[Gen 9 Champions] VGC 2026 Reg M-A\n|rated|\n|rule|Species Clause: Limit one of each Pok\u00e9mon\n|rule|Item Clause: Limit 1 of each item\n|clearpoke\n|poke|p1|Gyarados, L50, M, shiny|\n|poke|p1|Aerodactyl, L50, M|\n|poke|p1|Oranguru, L50, F|\n|poke|p1|Armarouge, L50, M, shiny|\n|poke|p1|Sylveon, L50, F|\n|poke|p1|Aegislash, L50, M, shiny|\n|poke|p2|Tyranitar, L50, M|\n|poke|p2|Excadrill, L50, M|\n|poke|p2|Primarina, L50, M|\n|poke|p2|Rotom-Wash, L50|\n|poke|p2|Aerodactyl, L50, M|\n|poke|p2|Incineroar, L50, M|\n|teampreview|4\n|inactive|Battle timer is ON: inactive players will automatically lose when time's up. (requested by yosho2.0)\nEnekos rejected open team sheets.\n|inactive|yosho2.0 has 60 seconds left.\n|\n|t:|1776728470\n|teamsize|p1|4\n|teamsize|p2|4\n|start\n|switch|p1a: Gyarados|Gyarados, L50, M, shiny|100/100\n|switch|p1b: Oranguru|Oranguru, L50, F|100/100\n|switch|p2a: Tyranitar|Tyranitar, L50, M|100/100\n|switch|p2b: Excadrill|Excadrill, L50, M|100/100\n|-ability|p1a: Gyarados|Intimidate|boost\n|-unboost|p2a: Tyranitar|atk|1\n|-unboost|p2b: Excadrill|atk|1\n|-weather|Sandstorm|[from] ability: Sand Stream|[of] p2a: Tyranitar\n|turn|1\n|inactive|Enekos has 30 seconds left.\n|inactive|Enekos has 20 seconds left.\n|\n|t:|1776728506\n|detailschange|p1a: Gyarados|Gyarados-Mega, L50, M, shiny\n|-mega|p1a: Gyarados|Gyarados|Gyaradosite\n|-ability|p1a: Gyarados|Mold Breaker\n|move|p2b: Excadrill|Iron Head|p1b: Oranguru\n|-damage|p1b: Oranguru|72/100\n|move|p1a: Gyarados|Waterfall|p2a: Tyranitar\n|-supereffective|p2a: Tyranitar|1\n|-damage|p2a: Tyranitar|7/100\n|cant|p2a: Tyranitar|flinch\n|move|p1b: Oranguru|Hyper Voice|p2b: Excadrill|[spread] p2a,p2b\n|-resisted|p2a: Tyranitar|1\n|-resisted|p2b: Excadrill|1\n|-damage|p2a: Tyranitar|1/100\n|-damage|p2b: Excadrill|87/100\n|\n|-weather|Sandstorm|[upkeep]\n|-damage|p1a: Gyarados|94/100|[from] Sandstorm\n|-damage|p1b: Oranguru|66/100|[from] Sandstorm\n|-heal|p1b: Oranguru|72/100|[from] item: Leftovers\n|upkeep\n|turn|2\n|inactive|Enekos has 30 seconds left.\n|\n|t:|1776728541\n|switch|p2b: Aerodactyl|Aerodactyl, L50, M|100/100\n|-ability|p2b: Aerodactyl|Unnerve\n|switch|p1b: Sylveon|Sylveon, L50, F|100/100\n|move|p2a: Tyranitar|Protect|p2a: Tyranitar\n|-singleturn|p2a: Tyranitar|Protect\n|move|p1a: Gyarados|Waterfall|p2b: Aerodactyl\n|-supereffective|p2b: Aerodactyl|1\n|-enditem|p2b: Aerodactyl|Focus Sash\n|-damage|p2b: Aerodactyl|1/100\n|\n|-weather|Sandstorm|[upkeep]\n|-damage|p1a: Gyarados|88/100|[from] Sandstorm\n|-damage|p1b: Sylveon|95/100|[from] Sandstorm\n|upkeep\n|turn|3\n|inactive|Enekos has 30 seconds left.\n|\n|t:|1776728573\n|move|p2b: Aerodactyl|Tailwind|p2b: Aerodactyl\n|-sidestart|p2: yosho2.0|move: Tailwind\n|move|p2a: Tyranitar|Rock Slide|p1b: Sylveon|[spread] p1a,p1b\n|-damage|p1a: Gyarados|67/100\n|-damage|p1b: Sylveon|64/100\n|cant|p1a: Gyarados|flinch\n|cant|p1b: Sylveon|flinch\n|\n|-weather|Sandstorm|[upkeep]\n|-damage|p1a: Gyarados|61/100|[from] Sandstorm\n|-damage|p1b: Sylveon|58/100|[from] Sandstorm\n|upkeep\n|turn|4\n|inactive|yosho2.0 has 30 seconds left.\n|\n|t:|1776728598\n|move|p1a: Gyarados|Protect|p1a: Gyarados\n|-singleturn|p1a: Gyarados|Protect\n|move|p2b: Aerodactyl|Rock Slide|p1a: Gyarados|[spread] p1b\n|-activate|p1a: Gyarados|move: Protect\n|-damage|p1b: Sylveon|23/100\n|move|p2a: Tyranitar|Low Kick|p1a: Gyarados\n|-activate|p1a: Gyarados|move: Protect\n|move|p1b: Sylveon|Hyper Voice|p2b: Aerodactyl|[spread] p2a,p2b\n|-supereffective|p2a: Tyranitar|1\n|-damage|p2a: Tyranitar|0 fnt\n|-damage|p2b: Aerodactyl|0 fnt\n|-enditem|p1b: Sylveon|Sitrus Berry|[eat]\n|-heal|p1b: Sylveon|48/100|[from] item: Sitrus Berry\n|faint|p2a: Tyranitar\n|faint|p2b: Aerodactyl\n|\n|-weather|Sandstorm|[upkeep]\n|-damage|p1a: Gyarados|54/100|[from] Sandstorm\n|-damage|p1b: Sylveon|42/100|[from] Sandstorm\n|upkeep\n|\n|t:|1776728606\n|switch|p2b: Primarina|Primarina, L50, M|100/100\n|switch|p2a: Excadrill|Excadrill, L50, M|87/100\n|turn|5\n|inactive|Enekos has 30 seconds left.\n|inactive|yosho2.0 has 30 seconds left.\n|\n|t:|1776728640\n|detailschange|p2a: Excadrill|Excadrill-Mega, L50, M\n|-mega|p2a: Excadrill|Excadrill|Excadrite\n|move|p2a: Excadrill|Iron Head|p1b: Sylveon\n|-supereffective|p1b: Sylveon|1\n|-damage|p1b: Sylveon|0 fnt\n|faint|p1b: Sylveon\n|move|p2b: Primarina|Moonblast|p1a: Gyarados\n|-supereffective|p1a: Gyarados|1\n|-damage|p1a: Gyarados|0 fnt\n|faint|p1a: Gyarados\n|\n|-weather|none\n|upkeep\n|\n|t:|1776728650\n|switch|p1a: Armarouge|Armarouge, L50, M, shiny|100/100\n|switch|p1b: Oranguru|Oranguru, L50, F|72/100\n|turn|6\n|inactive|Enekos has 30 seconds left.\n|\n|t:|1776728676\n|move|p2a: Excadrill|High Horsepower|p1a: Armarouge\n|-supereffective|p1a: Armarouge|1\n|-damage|p1a: Armarouge|0 fnt\n|faint|p1a: Armarouge\n|move|p2b: Primarina|Moonblast|p1b: Oranguru\n|-crit|p1b: Oranguru\n|-damage|p1b: Oranguru|13/100\n|-unboost|p1b: Oranguru|spa|1\n|move|p1b: Oranguru|Hyper Voice|p2b: Primarina|[spread] p2a,p2b\n|-resisted|p2a: Excadrill|1\n|-damage|p2a: Excadrill|77/100\n|-damage|p2b: Primarina|89/100\n|\n|-heal|p1b: Oranguru|18/100|[from] item: Leftovers\n|-sideend|p2: yosho2.0|move: Tailwind\n|upkeep\n|turn|7\n|\n|t:|1776728691\n|move|p2a: Excadrill|Iron Head|p1b: Oranguru\n|-damage|p1b: Oranguru|0 fnt\n|faint|p1b: Oranguru\n|\n|win|yosho2.0\n|raw|Enekos's rating: 1093 &rarr; <strong>1071</strong><br />(-22 for losing)\n|raw|yosho2.0's rating: 1120 &rarr; <strong>1143</strong><br />(+23 for winning)\n|c|\u2606yosho2.0|Gg\n|l|\u2606yosho2.0\n|player|p2|\n|c|\u2606Enekos|GG\n",
  "uploadtime": 1776728705,
  "views": 4,
  "formatid": "gen9championsvgc2026regma",
  "rating": 1071,
  "private": 0,
  "password": null
}