{
  "id": "gen9championsvgc2026regma-2581655815",
  "format": "[Gen 9 Champions] VGC 2026 Reg M-A",
  "players": [
    "injuryreserv3",
    "Bigbro2022"
  ],
  "log": "|j|\u2606injuryreserv3\n|j|\u2606Bigbro2022\n|t:|1776018374\n|gametype|doubles\n|player|p1|injuryreserv3|sabrina|1171\n|player|p2|Bigbro2022|cynthia-gen4|1202\n|gen|9\n|tier|[Gen 9 Champions] VGC 2026 Reg M-A\n|rated|\n|rule|Species Clause: Limit one of each Pok\u00e9mon\n|rule|Item Clause: Limit 1 of each item\n|clearpoke\n|poke|p1|Whimsicott, L50, F|\n|poke|p1|Charizard, L50, F|\n|poke|p1|Sneasler, L50, M|\n|poke|p1|Basculegion, L50, M|\n|poke|p1|Floette-Eternal, L50, F|\n|poke|p1|Incineroar, L50, M|\n|poke|p2|Floette-Eternal, L50, F|\n|poke|p2|Empoleon, L50, F|\n|poke|p2|Luxray, L50, M|\n|poke|p2|Gardevoir, L50, M|\n|poke|p2|Scovillain, L50, M|\n|poke|p2|Garchomp, L50, F|\n|teampreview|4\n|inactive|Battle timer is ON: inactive players will automatically lose when time's up. (requested by injuryreserv3)\n|inactive|Bigbro2022 has 60 seconds left.\n|\n|t:|1776018434\n|teamsize|p1|4\n|teamsize|p2|4\n|start\n|switch|p1a: Charizard|Charizard, L50, F|100/100\n|switch|p1b: Whimsicott|Whimsicott, L50, F|100/100\n|switch|p2a: Empoleon|Empoleon, L50, F|100/100\n|switch|p2b: Floette|Floette-Eternal, L50, F|100/100\n|turn|1\n|inactive|injuryreserv3 has 30 seconds left.\n|inactive|Bigbro2022 has 30 seconds left.\n|inactive|injuryreserv3 has 20 seconds left.\n|\n|t:|1776018470\n|detailschange|p1a: Charizard|Charizard-Mega-Y, L50, F\n|-mega|p1a: Charizard|Charizard|Charizardite Y\n|-weather|SunnyDay|[from] ability: Drought|[of] p1a: Charizard\n|detailschange|p2b: Floette|Floette-Mega, L50, F\n|-mega|p2b: Floette|Floette|Floettite\n|-ability|p2b: Floette|Fairy Aura\n|move|p1a: Charizard|Protect|p1a: Charizard\n|-singleturn|p1a: Charizard|Protect\n|move|p1b: Whimsicott|Tailwind|p1b: Whimsicott\n|-sidestart|p1: injuryreserv3|move: Tailwind\n|move|p2b: Floette|Light of Ruin|p1a: Charizard\n|-activate|p1a: Charizard|move: Protect\n|move|p2a: Empoleon|Blizzard|p1b: Whimsicott|[spread] p1b\n|-activate|p1a: Charizard|move: Protect\n|-supereffective|p1b: Whimsicott|1\n|-damage|p1b: Whimsicott|47/100\n|\n|-weather|SunnyDay|[upkeep]\n|upkeep\n|turn|2\n|inactive|injuryreserv3 has 30 seconds left.\n|inactive|Bigbro2022 has 30 seconds left.\n|\n|t:|1776018503\n|switch|p2a: Scovillain|Scovillain, L50, M|100/100\n|move|p1b: Whimsicott|Protect|p1b: Whimsicott\n|-singleturn|p1b: Whimsicott|Protect\n|move|p1a: Charizard|Heat Wave|p2b: Floette|[spread] p2a,p2b\n|-damage|p2a: Scovillain|6/100\n|-damage|p2b: Floette|57/100\n|move|p2b: Floette|Draining Kiss|p1b: Whimsicott\n|-activate|p1b: Whimsicott|move: Protect\n|\n|-weather|SunnyDay|[upkeep]\n|-ability|p2a: Scovillain|Moody|boost\n|-boost|p2a: Scovillain|spe|2\n|-unboost|p2a: Scovillain|spa|1\n|upkeep\n|turn|3\n|inactive|injuryreserv3 has 30 seconds left.\n|inactive|Bigbro2022 has 30 seconds left.\n|inactive|Bigbro2022 has 20 seconds left.\n|inactive|Bigbro2022 has 15 seconds left.\n|\n|t:|1776018546\n|move|p1a: Charizard|Heat Wave|p2a: Scovillain|[spread] p2a,p2b\n|-damage|p2a: Scovillain|0 fnt\n|-damage|p2b: Floette|13/100\n|faint|p2a: Scovillain\n|move|p1b: Whimsicott|Moonblast|p2b: Floette\n|-damage|p2b: Floette|0 fnt\n|faint|p2b: Floette\n|\n|-weather|SunnyDay|[upkeep]\n|upkeep\n|\n|t:|1776018554\n|switch|p2a: Gardevoir|Gardevoir, L50, M|100/100\n|switch|p2b: Empoleon|Empoleon, L50, F|100/100\n|turn|4\n|\n|t:|1776018568\n|move|p1b: Whimsicott|Protect|p1b: Whimsicott\n|-singleturn|p1b: Whimsicott|Protect\n|move|p1a: Charizard|Heat Wave|p2b: Empoleon|[spread] p2a,p2b\n|-damage|p2a: Gardevoir|25/100\n|-damage|p2b: Empoleon|42/100\n|move|p2a: Gardevoir|Trick|p1b: Whimsicott\n|-activate|p1b: Whimsicott|move: Protect\n|move|p2b: Empoleon|Blizzard|p1a: Charizard|[spread] p1a\n|-activate|p1b: Whimsicott|move: Protect\n|-damage|p1a: Charizard|73/100\n|\n|-weather|SunnyDay|[upkeep]\n|-heal|p2b: Empoleon|48/100|[from] item: Leftovers\n|-sideend|p1: injuryreserv3|move: Tailwind\n|upkeep\n|turn|5\n|\n|t:|1776018586\n|move|p2b: Empoleon|Protect|p2b: Empoleon\n|-singleturn|p2b: Empoleon|Protect\n|move|p1b: Whimsicott|Tailwind|p1b: Whimsicott\n|-sidestart|p1: injuryreserv3|move: Tailwind\n|move|p1a: Charizard|Heat Wave|p2b: Empoleon|[spread] p2a\n|-activate|p2b: Empoleon|move: Protect\n|-damage|p2a: Gardevoir|0 fnt\n|faint|p2a: Gardevoir\n|\n|-weather|none\n|-heal|p2b: Empoleon|53/100|[from] item: Leftovers\n|upkeep\n|turn|6\n|\n|t:|1776018598\n|move|p1b: Whimsicott|Sunny Day|p1b: Whimsicott\n|-weather|SunnyDay\n|move|p1a: Charizard|Heat Wave|p2b: Empoleon\n|-crit|p2b: Empoleon\n|-damage|p2b: Empoleon|0 fnt\n|faint|p2b: Empoleon\n|\n|win|injuryreserv3\n|raw|injuryreserv3's rating: 1171 &rarr; <strong>1198</strong><br />(+27 for winning)\n|raw|Bigbro2022's rating: 1202 &rarr; <strong>1175</strong><br />(-27 for losing)\n|l|\u2606Bigbro2022\n|player|p2|\n",
  "uploadtime": 1776018611,
  "views": 29,
  "formatid": "gen9championsvgc2026regma",
  "rating": 1175,
  "private": 0,
  "password": null
}