{
  "id": "gen9championsvgc2026regma-2585447521",
  "format": "[Gen 9 Champions] VGC 2026 Reg M-A",
  "players": [
    "calacadura",
    "ryankun26"
  ],
  "log": "|j|\u2606calacadura\n|j|\u2606ryankun26\n|t:|1776347934\n|gametype|doubles\n|player|p1|calacadura|1|1081\n|player|p2|ryankun26|hilda|1073\n|gen|9\n|tier|[Gen 9 Champions] VGC 2026 Reg M-A\n|rated|\n|rule|Species Clause: Limit one of each Pok\u00e9mon\n|rule|Item Clause: Limit 1 of each item\n|clearpoke\n|poke|p1|Incineroar, L50, M|\n|poke|p1|Farigiraf, L50, M|\n|poke|p1|Basculegion, L50, M|\n|poke|p1|Dragonite, L50, M|\n|poke|p1|Sinistcha, L50|\n|poke|p1|Tyranitar, L50, F|\n|poke|p2|Basculegion, L50, M|\n|poke|p2|Incineroar, L50, M|\n|poke|p2|Tsareena, L50, F|\n|poke|p2|Glimmora, L50, M|\n|poke|p2|Dragonite, L50, M|\n|poke|p2|Slowking-Galar, L50, M|\n|teampreview|4\n|inactive|Battle timer is ON: inactive players will automatically lose when time's up. (requested by ryankun26)\n|inactive|calacadura has 60 seconds left.\n|inactive|ryankun26 has 60 seconds left.\n|inactive|ryankun26 has 30 seconds left.\n|inactive|ryankun26 has 20 seconds left.\n|inactive|ryankun26 has 15 seconds left.\n|\n|t:|1776348010\n|teamsize|p1|4\n|teamsize|p2|4\n|start\n|switch|p1a: Basculegion|Basculegion, L50, M|100/100\n|switch|p1b: Kitten|Incineroar, L50, M, shiny|100/100\n|switch|p2a: Tsareena|Tsareena, L50, F|100/100\n|switch|p2b: Incineroar|Incineroar, L50, M|100/100\n|-ability|p2b: Incineroar|Intimidate|boost\n|-unboost|p1a: Basculegion|atk|1\n|-unboost|p1b: Kitten|atk|1\n|-ability|p1b: Kitten|Intimidate|boost\n|-unboost|p2a: Tsareena|atk|1\n|-unboost|p2b: Incineroar|atk|1\n|-enditem|p2a: Tsareena|White Herb\n|-clearnegativeboost|p2a: Tsareena|[silent]\n|turn|1\n|inactive|calacadura has 30 seconds left.\n|inactive|calacadura has 20 seconds left.\n|inactive|calacadura has 15 seconds left.\n|inactive|calacadura has 10 seconds left.\n|\n|t:|1776348058\n|switch|p2b: Basculegion|Basculegion, L50, M|100/100\n|switch|p1b: Farigiraf|Farigiraf, L50, M|100/100\n|move|p1a: Basculegion|Flip Turn|p2b: Basculegion\n|-resisted|p2b: Basculegion|1\n|-damage|p2b: Basculegion|85/100\n|\n|t:|1776348062\n|switch|p1a: Kitten|Incineroar, L50, M, shiny|100/100|[from] Flip Turn\n|-ability|p1a: Kitten|Intimidate|boost\n|-unboost|p2a: Tsareena|atk|1\n|-unboost|p2b: Basculegion|atk|1\n|move|p2a: Tsareena|Trop Kick|p1a: Kitten\n|-resisted|p1a: Kitten|1\n|-damage|p1a: Kitten|92/100\n|-unboost|p1a: Kitten|atk|1\n|\n|upkeep\n|turn|2\n|inactive|calacadura has 30 seconds left.\n|\n|t:|1776348089\n|move|p2b: Basculegion|Wave Crash|p1a: Kitten\n|-supereffective|p1a: Kitten|1\n|-damage|p1a: Kitten|2/100\n|-enditem|p1a: Kitten|Sitrus Berry|[eat]\n|-heal|p1a: Kitten|27/100|[from] item: Sitrus Berry\n|-damage|p2b: Basculegion|55/100|[from] Recoil\n|move|p2a: Tsareena|Low Kick|p1a: Kitten\n|-supereffective|p1a: Kitten|1\n|-damage|p1a: Kitten|0 fnt\n|faint|p1a: Kitten\n|move|p1b: Farigiraf|Trick Room|p1b: Farigiraf\n|-fieldstart|move: Trick Room|[of] p1b: Farigiraf\n|\n|upkeep\n|\n|t:|1776348100\n|switch|p1a: Tiny|Sinistcha, L50, shiny|100/100\n|turn|3\n|\n|t:|1776348118\n|switch|p2b: Incineroar|Incineroar, L50, M|100/100\n|-ability|p2b: Incineroar|Intimidate|boost\n|-unboost|p1a: Tiny|atk|1\n|-unboost|p1b: Farigiraf|atk|1\n|move|p2a: Tsareena|Protect|p2a: Tsareena\n|-singleturn|p2a: Tsareena|Protect\n|move|p1b: Farigiraf|Psychic|p2b: Incineroar\n|-immune|p2b: Incineroar\n|move|p1a: Tiny|Calm Mind|p1a: Tiny\n|-boost|p1a: Tiny|spa|1\n|-boost|p1a: Tiny|spd|1\n|\n|upkeep\n|turn|4\n|\n|t:|1776348136\n|move|p1b: Farigiraf|Ally Switch|p1b: Farigiraf\n|swap|p1b: Farigiraf|0|[from] move: Ally Switch\n|move|p1b: Tiny|Strength Sap|p2b: Incineroar\n|-unboost|p2b: Incineroar|atk|1\n|move|p2b: Incineroar|Throat Chop|p1a: Farigiraf\n|-supereffective|p1a: Farigiraf|1\n|-enditem|p1a: Farigiraf|Colbur Berry|[eat]\n|-enditem|p1a: Farigiraf|Colbur Berry|[weaken]\n|-damage|p1a: Farigiraf|75/100\n|-start|p1a: Farigiraf|Throat Chop|[silent]\n|move|p2a: Tsareena|Taunt|p1a: Farigiraf\n|-start|p1a: Farigiraf|move: Taunt\n|\n|upkeep\n|turn|5\n|\n|t:|1776348148\n|move|p1a: Farigiraf|Psychic|p2b: Incineroar\n|-immune|p2b: Incineroar\n|move|p1b: Tiny|Calm Mind|p1b: Tiny\n|-boost|p1b: Tiny|spa|1\n|-boost|p1b: Tiny|spd|1\n|move|p2b: Incineroar|Throat Chop|p1b: Tiny\n|-supereffective|p1b: Tiny|1\n|-damage|p1b: Tiny|62/100\n|-start|p1b: Tiny|Throat Chop|[silent]\n|move|p2a: Tsareena|Taunt|p1b: Tiny\n|-start|p1b: Tiny|move: Taunt\n|\n|-end|p1a: Farigiraf|Throat Chop|[silent]\n|upkeep\n|turn|6\n|\n|t:|1776348161\n|move|p2a: Tsareena|Protect|p2a: Tsareena\n|-singleturn|p2a: Tsareena|Protect\n|move|p1a: Farigiraf|Psychic|p2a: Tsareena\n|-activate|p2a: Tsareena|move: Protect\n|move|p1b: Tiny|Matcha Gotcha|p2a: Tsareena|[spread] p2b\n|-activate|p2a: Tsareena|move: Protect\n|-resisted|p2b: Incineroar|1\n|-damage|p2b: Incineroar|80/100\n|-heal|p1b: Tiny|74/100|[from] drain|[of] p2b: Incineroar\n|move|p2b: Incineroar|Flare Blitz|p1b: Tiny\n|-supereffective|p1b: Tiny|1\n|-damage|p1b: Tiny|24/100\n|-damage|p2b: Incineroar|65/100|[from] Recoil\n|\n|-end|p1b: Tiny|Throat Chop|[silent]\n|-fieldend|move: Trick Room\n|upkeep\n|turn|7\n|\n|t:|1776348179\n|move|p2a: Tsareena|Trop Kick|p1a: Farigiraf\n|-damage|p1a: Farigiraf|52/100\n|-unboost|p1a: Farigiraf|atk|1\n|move|p2b: Incineroar|Flare Blitz|p1b: Tiny\n|-supereffective|p1b: Tiny|1\n|-damage|p1b: Tiny|0 fnt\n|faint|p1b: Tiny\n|-damage|p2b: Incineroar|58/100|[from] Recoil\n|move|p1a: Farigiraf|Psychic|p2a: Tsareena\n|-damage|p2a: Tsareena|68/100\n|\n|-end|p1a: Farigiraf|move: Taunt\n|upkeep\n|\n|t:|1776348182\n|switch|p1b: Basculegion|Basculegion, L50, M|100/100\n|turn|8\n|\n|t:|1776348200\n|switch|p2b: Basculegion|Basculegion, L50, M|55/100\n|move|p1b: Basculegion|Wave Crash|p2b: Basculegion\n|-resisted|p2b: Basculegion|1\n|-damage|p2b: Basculegion|3/100\n|-damage|p1b: Basculegion|83/100|[from] Recoil\n|move|p2a: Tsareena|Taunt|p1a: Farigiraf\n|-start|p1a: Farigiraf|move: Taunt\n|move|p1a: Farigiraf|Psychic|p2a: Tsareena\n|-damage|p2a: Tsareena|34/100\n|\n|upkeep\n|turn|9\n|\n|t:|1776348221\n|move|p1b: Basculegion|Wave Crash|p2b: Basculegion\n|-resisted|p2b: Basculegion|1\n|-damage|p2b: Basculegion|0 fnt\n|faint|p2b: Basculegion\n|-damage|p1b: Basculegion|83/100|[from] Recoil\n|move|p2a: Tsareena|Trop Kick|p1b: Basculegion\n|-supereffective|p1b: Basculegion|1\n|-damage|p1b: Basculegion|18/100\n|-unboost|p1b: Basculegion|atk|1\n|move|p1a: Farigiraf|Psychic|p2a: Tsareena\n|-damage|p2a: Tsareena|0 fnt\n|faint|p2a: Tsareena\n|\n|upkeep\n|\n|t:|1776348224\n|switch|p2b: Glimmora|Glimmora, L50, M|100/100\n|switch|p2a: Incineroar|Incineroar, L50, M|58/100\n|-ability|p2a: Incineroar|Intimidate|boost\n|-unboost|p1a: Farigiraf|atk|1\n|-unboost|p1b: Basculegion|atk|1\n|turn|10\n|\n|t:|1776348231\n|detailschange|p2b: Glimmora|Glimmora-Mega, L50, M\n|-mega|p2b: Glimmora|Glimmora|Glimmoranite\n|move|p1b: Basculegion|Wave Crash|p2a: Incineroar\n|-supereffective|p2a: Incineroar|1\n|-damage|p2a: Incineroar|0 fnt\n|faint|p2a: Incineroar\n|-damage|p1b: Basculegion|0 fnt|[from] Recoil\n|faint|p1b: Basculegion\n|move|p2b: Glimmora|Sludge Bomb|p1a: Farigiraf\n|-damage|p1a: Farigiraf|0 fnt\n|faint|p1a: Farigiraf\n|\n|win|ryankun26\n|raw|calacadura's rating: 1081 &rarr; <strong>1058</strong><br />(-23 for losing)\n|raw|ryankun26's rating: 1073 &rarr; <strong>1103</strong><br />(+30 for winning)\n",
  "uploadtime": 1776348236,
  "views": 20,
  "formatid": "gen9championsvgc2026regma",
  "rating": 1058,
  "private": 0,
  "password": null
}