{
  "id": "gen9championsvgc2026regma-2584769866",
  "format": "[Gen 9 Champions] VGC 2026 Reg M-A",
  "players": [
    "WaluigiVGC",
    "Plondworm"
  ],
  "log": "|j|\u2606WaluigiVGC\n|j|\u2606Plondworm\n|t:|1776282410\n|gametype|doubles\n|player|p1|WaluigiVGC|101|1160\n|player|p2|Plondworm|swimmer|1148\n|gen|9\n|tier|[Gen 9 Champions] VGC 2026 Reg M-A\n|rated|\n|rule|Species Clause: Limit one of each Pok\u00e9mon\n|rule|Item Clause: Limit 1 of each item\n|clearpoke\n|poke|p1|Sneasler, L50, F|\n|poke|p1|Pelipper, L50, F|\n|poke|p1|Basculegion, L50, M|\n|poke|p1|Incineroar, L50, M|\n|poke|p1|Floette-Eternal, L50, F|\n|poke|p1|Sinistcha, L50|\n|poke|p2|Sableye, L50, F|\n|poke|p2|Flapple, L50, M|\n|poke|p2|Venusaur, L50, F|\n|poke|p2|Charizard, L50, M|\n|poke|p2|Milotic, L50, F|\n|poke|p2|Aerodactyl, L50, F|\n|teampreview|4\n|inactive|Battle timer is ON: inactive players will automatically lose when time's up. (requested by Plondworm)\n|\n|t:|1776282441\n|teamsize|p1|4\n|teamsize|p2|4\n|start\n|switch|p1a: Sneasler|Sneasler, L50, F|100/100\n|switch|p1b: Floette|Floette-Eternal, L50, F|100/100\n|switch|p2a: Sableye|Sableye, L50, F|100/100\n|switch|p2b: Milotic|Milotic, L50, F|100/100\n|turn|1\n|\n|t:|1776282461\n|detailschange|p1b: Floette|Floette-Mega, L50, F\n|-mega|p1b: Floette|Floette|Floettite\n|-ability|p1b: Floette|Fairy Aura\n|move|p2b: Milotic|Protect|p2b: Milotic\n|-singleturn|p2b: Milotic|Protect\n|move|p2a: Sableye|Thunder Wave|p1a: Sneasler\n|-status|p1a: Sneasler|par\n|move|p1b: Floette|Dazzling Gleam|p2a: Sableye|[spread] p2a\n|-activate|p2b: Milotic|move: Protect\n|-supereffective|p2a: Sableye|1\n|-enditem|p2a: Sableye|Focus Sash\n|-damage|p2a: Sableye|1/100\n|cant|p1a: Sneasler|par\n|\n|upkeep\n|turn|2\n|\n|t:|1776282481\n|move|p2a: Sableye|Gravity|p2a: Sableye\n|-fieldstart|move: Gravity\n|move|p1b: Floette|Dazzling Gleam|p2b: Milotic|[spread] p2a,p2b\n|-supereffective|p2a: Sableye|1\n|-damage|p2a: Sableye|0 fnt\n|-damage|p2b: Milotic|62/100\n|faint|p2a: Sableye\n|move|p2b: Milotic|Hypnosis|p1b: Floette\n|-status|p1b: Floette|slp|[from] move: Hypnosis\n|move|p1a: Sneasler|Dire Claw|p2b: Milotic\n|-damage|p2b: Milotic|20/100\n|-status|p2b: Milotic|par\n|\n|upkeep\n|\n|t:|1776282498\n|switch|p2a: Charizard|Charizard, L50, M|100/100\n|turn|3\n|\n|t:|1776282520\n|switch|p1a: Sinistcha|Sinistcha, L50|100/100\n|detailschange|p2a: Charizard|Charizard-Mega-Y, L50, M\n|-mega|p2a: Charizard|Charizard|Charizardite Y\n|-weather|SunnyDay|[from] ability: Drought|[of] p2a: Charizard\n|move|p2a: Charizard|Hurricane|p1a: Sinistcha\n|-supereffective|p1a: Sinistcha|1\n|-crit|p1a: Sinistcha\n|-damage|p1a: Sinistcha|0 fnt\n|faint|p1a: Sinistcha\n|cant|p1b: Floette|slp\n|cant|p2b: Milotic|par\n|\n|-weather|SunnyDay|[upkeep]\n|upkeep\n|\n|t:|1776282536\n|switch|p1a: Sneasler|Sneasler, L50, F|100/100 par\n|turn|4\n|\n|t:|1776282553\n|move|p2a: Charizard|Protect|p2a: Charizard\n|-singleturn|p2a: Charizard|Protect\n|move|p1a: Sneasler|Fake Out|p2b: Milotic\n|-damage|p2b: Milotic|5/100 par\n|-curestatus|p1b: Floette|slp|[msg]\n|move|p1b: Floette|Dazzling Gleam|p2b: Milotic|[spread] p2b\n|-activate|p2a: Charizard|move: Protect\n|-damage|p2b: Milotic|0 fnt\n|faint|p2b: Milotic\n|\n|-weather|SunnyDay|[upkeep]\n|upkeep\n|\n|t:|1776282561\n|switch|p2b: Flapple|Flapple, L50, M|100/100\n|turn|5\n|\n|t:|1776282576\n|move|p2a: Charizard|Hurricane|p1a: Sneasler\n|-supereffective|p1a: Sneasler|1\n|-damage|p1a: Sneasler|0 fnt\n|faint|p1a: Sneasler\n|move|p1b: Floette|Dazzling Gleam|p2b: Flapple|[spread] p2a,p2b\n|-resisted|p2a: Charizard|1\n|-crit|p2a: Charizard\n|-supereffective|p2b: Flapple|1\n|-damage|p2a: Charizard|59/100\n|-damage|p2b: Flapple|0 fnt\n|faint|p2b: Flapple\n|\n|-weather|SunnyDay|[upkeep]\n|upkeep\n|\n|t:|1776282587\n|switch|p1a: Basculegion|Basculegion, L50, M|100/100\n|turn|6\n|\n|t:|1776282606\n|move|p1a: Basculegion|Wave Crash|p2a: Charizard\n|-supereffective|p2a: Charizard|1\n|-damage|p2a: Charizard|0 fnt\n|faint|p2a: Charizard\n|-damage|p1a: Basculegion|85/100|[from] Recoil\n|\n|win|WaluigiVGC\n|raw|WaluigiVGC's rating: 1160 &rarr; <strong>1184</strong><br />(+24 for winning)\n|raw|Plondworm's rating: 1148 &rarr; <strong>1124</strong><br />(-24 for losing)\n|l|\u2606Plondworm\n|player|p2|\n",
  "uploadtime": 1776282613,
  "views": 18,
  "formatid": "gen9championsvgc2026regma",
  "rating": 1124,
  "private": 0,
  "password": null
}