{
  "id": "gen9championsvgc2026regma-2586234189",
  "format": "[Gen 9 Champions] VGC 2026 Reg M-A",
  "players": [
    "bigpedro",
    "tortwig"
  ],
  "log": "|j|\u2606bigpedro\n|j|\u2606tortwig\n|t:|1776415529\n|gametype|doubles\n|player|p1|bigpedro|wallace|1230\n|player|p2|tortwig|lance|1147\n|gen|9\n|tier|[Gen 9 Champions] VGC 2026 Reg M-A\n|rated|\n|rule|Species Clause: Limit one of each Pok\u00e9mon\n|rule|Item Clause: Limit 1 of each item\n|clearpoke\n|poke|p1|Gengar, L50, F|\n|poke|p1|Kingambit, L50, F|\n|poke|p1|Aerodactyl, L50, F|\n|poke|p1|Milotic, L50, M|\n|poke|p1|Incineroar, L50, F|\n|poke|p1|Sinistcha, L50|\n|poke|p2|Aerodactyl, L50, F|\n|poke|p2|Sneasler, L50, F|\n|poke|p2|Incineroar, L50, F|\n|poke|p2|Garchomp, L50, F|\n|poke|p2|Milotic, L50, F|\n|poke|p2|Meganium, L50, F|\n|teampreview|4\n|inactive|Battle timer is ON: inactive players will automatically lose when time's up. (requested by tortwig)\n|inactive|bigpedro also wants the timer to be on.\n|inactive|bigpedro has 60 seconds left.\n|inactive|tortwig has 60 seconds left.\ntortwig rejected open team sheets.\n|\n|t:|1776415587\n|teamsize|p1|4\n|teamsize|p2|4\n|start\n|switch|p1a: Gengar|Gengar, L50, F|100/100\n|switch|p1b: Milotic|Milotic, L50, M|100/100\n|switch|p2a: Sneasler|Sneasler, L50, F|100/100\n|switch|p2b: Aerodactyl|Aerodactyl, L50, F|100/100\n|turn|1\n|\n|t:|1776415604\n|detailschange|p1a: Gengar|Gengar-Mega, L50, F\n|-mega|p1a: Gengar|Gengar|Gengarite\n|move|p1b: Milotic|Protect|p1b: Milotic\n|-singleturn|p1b: Milotic|Protect\n|move|p2a: Sneasler|Fake Out|p1b: Milotic\n|-activate|p1b: Milotic|move: Protect\n|move|p2b: Aerodactyl|Taunt|p1a: Gengar\n|-start|p1a: Gengar|move: Taunt\n|cant|p1a: Gengar|move: Taunt|Perish Song\n|\n|upkeep\n|turn|2\n|\n|t:|1776415622\n|switch|p1a: Aerodactyl|Aerodactyl, L50, F|100/100\n|-ability|p1a: Aerodactyl|Unnerve\n|move|p2b: Aerodactyl|Dual Wingbeat|p1a: Aerodactyl\n|-resisted|p1a: Aerodactyl|1\n|-damage|p1a: Aerodactyl|85/100\n|-resisted|p1a: Aerodactyl|1\n|-damage|p1a: Aerodactyl|71/100\n|-hitcount|p1a: Aerodactyl|2\n|move|p2a: Sneasler|Dire Claw|p1b: Milotic\n|-damage|p1b: Milotic|69/100\n|-status|p1b: Milotic|slp\n|cant|p1b: Milotic|slp\n|\n|-heal|p1b: Milotic|75/100 slp|[from] item: Leftovers\n|upkeep\n|turn|3\n|\n|t:|1776415642\n|switch|p1b: Sinistcha|Sinistcha, L50|100/100\n|-heal|p1a: Aerodactyl|96/100|[from] ability: Hospitality|[of] p1b: Sinistcha\n|move|p2a: Sneasler|Protect|p2a: Sneasler\n|-singleturn|p2a: Sneasler|Protect\n|move|p2b: Aerodactyl|Tailwind|p2b: Aerodactyl\n|-sidestart|p2: tortwig|move: Tailwind\n|move|p1a: Aerodactyl|Tailwind|p1a: Aerodactyl\n|-sidestart|p1: bigpedro|move: Tailwind\n|\n|upkeep\n|turn|4\n|\n|t:|1776415661\n|move|p1a: Aerodactyl|Dual Wingbeat|p2a: Sneasler\n|-supereffective|p2a: Sneasler|1\n|-damage|p2a: Sneasler|39/100\n|-supereffective|p2a: Sneasler|1\n|-damage|p2a: Sneasler|0 fnt\n|faint|p2a: Sneasler\n|-hitcount|p2: Sneasler|2\n|move|p2b: Aerodactyl|Rock Slide|p1a: Aerodactyl|[spread] p1a,p1b\n|-supereffective|p1a: Aerodactyl|1\n|-damage|p1a: Aerodactyl|12/100\n|-damage|p1b: Sinistcha|80/100\n|move|p1b: Sinistcha|Matcha Gotcha|p2b: Aerodactyl\n|-damage|p2b: Aerodactyl|49/100\n|-heal|p1b: Sinistcha|100/100|[from] drain|[of] p2b: Aerodactyl\n|-status|p2b: Aerodactyl|brn\n|\n|-damage|p2b: Aerodactyl|43/100 brn|[from] brn\n|upkeep\n|\n|t:|1776415668\n|switch|p2a: Milotic|Milotic, L50, F|100/100\n|turn|5\n|\n|t:|1776415683\n|move|p1a: Aerodactyl|Rock Slide|p2b: Aerodactyl|[spread] p2a,p2b\n|-supereffective|p2b: Aerodactyl|1\n|-damage|p2a: Milotic|73/100\n|-damage|p2b: Aerodactyl|0 fnt\n|faint|p2b: Aerodactyl\n|cant|p2a: Milotic|flinch\n|move|p1b: Sinistcha|Matcha Gotcha|p2a: Milotic\n|-supereffective|p2a: Milotic|1\n|-damage|p2a: Milotic|24/100\n|\n|upkeep\n|\n|t:|1776415688\n|switch|p2b: Meganium|Meganium, L50, F|100/100\n|turn|6\n|\n|t:|1776415699\n|detailschange|p2b: Meganium|Meganium-Mega, L50, F\n|-mega|p2b: Meganium|Meganium|Meganiumite\n|move|p1a: Aerodactyl|Dual Wingbeat|p2b: Meganium\n|-supereffective|p2b: Meganium|1\n|-damage|p2b: Meganium|67/100\n|-supereffective|p2b: Meganium|1\n|-damage|p2b: Meganium|32/100\n|-hitcount|p2b: Meganium|2\n|move|p2a: Milotic|Icy Wind|p1a: Aerodactyl|[spread] p1a,p1b\n|-supereffective|p1a: Aerodactyl|1\n|-supereffective|p1b: Sinistcha|1\n|-damage|p1a: Aerodactyl|0 fnt\n|-damage|p1b: Sinistcha|75/100\n|-unboost|p1b: Sinistcha|spe|1\n|faint|p1a: Aerodactyl\n|move|p2b: Meganium|Weather Ball|p1b: Sinistcha\n|-supereffective|p1b: Sinistcha|1\n|-damage|p1b: Sinistcha|0 fnt\n|faint|p1b: Sinistcha\n|\n|-sideend|p1: bigpedro|move: Tailwind\n|-sideend|p2: tortwig|move: Tailwind\n|upkeep\n|\n|t:|1776415716\n|switch|p1a: Milotic|Milotic, L50, M|75/100 slp\n|switch|p1b: Gengar|Gengar-Mega, L50, F|100/100\n|turn|7\n|\n|t:|1776415725\n|move|p2b: Meganium|Protect|p2b: Meganium\n|-singleturn|p2b: Meganium|Protect\n|move|p1b: Gengar|Shadow Ball|p2b: Meganium\n|-activate|p2b: Meganium|move: Protect\n|move|p2a: Milotic|Icy Wind|p1b: Gengar|[spread] p1a,p1b\n|-resisted|p1a: Milotic|1\n|-damage|p1a: Milotic|71/100 slp\n|-damage|p1b: Gengar|82/100\n|-unboost|p1a: Milotic|spe|1\n|-ability|p1a: Milotic|Competitive|boost\n|-boost|p1a: Milotic|spa|2\n|-unboost|p1b: Gengar|spe|1\n|cant|p1a: Milotic|slp\n|\n|-heal|p1a: Milotic|77/100 slp|[from] item: Leftovers\n|upkeep\n|turn|8\n|\n|t:|1776415733\n|move|p2a: Milotic|Icy Wind|p1b: Gengar|[spread] p1a,p1b\n|-resisted|p1a: Milotic|1\n|-crit|p1b: Gengar\n|-damage|p1a: Milotic|73/100 slp\n|-damage|p1b: Gengar|52/100\n|-unboost|p1a: Milotic|spe|1\n|-ability|p1a: Milotic|Competitive|boost\n|-boost|p1a: Milotic|spa|2\n|-unboost|p1b: Gengar|spe|1\n|move|p2b: Meganium|Solar Beam||[still]\n|-prepare|p2b: Meganium|Solar Beam\n|-activate|p2b: Meganium|ability: Mega Sol\n|-anim|p2b: Meganium|Solar Beam|p1a: Milotic\n|-supereffective|p1a: Milotic|1\n|-damage|p1a: Milotic|0 fnt\n|faint|p1a: Milotic\n|move|p1b: Gengar|Shadow Ball|p2b: Meganium\n|-damage|p2b: Meganium|0 fnt\n|faint|p2b: Meganium\n|\n|upkeep\n|turn|9\n|\n|t:|1776415749\n|move|p2a: Milotic|Icy Wind|p1b: Gengar\n|-damage|p1b: Gengar|28/100\n|-unboost|p1b: Gengar|spe|1\n|move|p1b: Gengar|Shadow Ball|p2a: Milotic\n|-damage|p2a: Milotic|0 fnt\n|faint|p2a: Milotic\n|\n|win|bigpedro\n|raw|bigpedro's rating: 1230 &rarr; <strong>1249</strong><br />(+19 for winning)\n|raw|tortwig's rating: 1147 &rarr; <strong>1128</strong><br />(-19 for losing)\n|c|\u2606tortwig|gg\n|l|\u2606tortwig\n|player|p2|\n",
  "uploadtime": 1776415757,
  "views": 17,
  "formatid": "gen9championsvgc2026regma",
  "rating": 1128,
  "private": 0,
  "password": null
}