{
  "id": "gen9championsvgc2026regma-2587344706",
  "format": "[Gen 9 Champions] VGC 2026 Reg M-A",
  "players": [
    "lonely 1 kenobi",
    "disciple of blahaj"
  ],
  "log": "|j|\u2606lonely 1 kenobi\n|j|\u2606disciple of blahaj\n|t:|1776523903\n|gametype|doubles\n|player|p1|lonely 1 kenobi|lucas|1135\n|player|p2|disciple of blahaj|jacinthe|1185\n|gen|9\n|tier|[Gen 9 Champions] VGC 2026 Reg M-A\n|rated|\n|rule|Species Clause: Limit one of each Pok\u00e9mon\n|rule|Item Clause: Limit 1 of each item\n|clearpoke\n|poke|p1|Charizard, L50, M|\n|poke|p1|Garchomp, L50, F|\n|poke|p1|Venusaur, L50, F|\n|poke|p1|Incineroar, L50, M|\n|poke|p1|Rotom-Wash, L50|\n|poke|p1|Sneasler, L50, M|\n|poke|p2|Lopunny, L50, F, shiny|\n|poke|p2|Basculegion, L50, M|\n|poke|p2|Klefki, L50, M, shiny|\n|poke|p2|Pelipper, L50, M|\n|poke|p2|Garchomp, L50, F|\n|poke|p2|Aegislash, L50, M|\n|teampreview|4\n|inactive|Battle timer is ON: inactive players will automatically lose when time's up. (requested by disciple of blahaj)\n|inactive|lonely 1 kenobi has 60 seconds left.\n|\n|t:|1776523948\n|teamsize|p1|4\n|teamsize|p2|4\n|start\n|switch|p1a: Garchomp|Garchomp, L50, F|100/100\n|switch|p1b: Charizard|Charizard, L50, M|100/100\n|switch|p2a: Lopunny|Lopunny, L50, F, shiny|100/100\n|switch|p2b: Basculegion|Basculegion, L50, M|100/100\n|turn|1\n|\n|t:|1776523970\n|detailschange|p2a: Lopunny|Lopunny-Mega, L50, F, shiny\n|-mega|p2a: Lopunny|Lopunny|Lopunnite\n|detailschange|p1b: Charizard|Charizard-Mega-Y, L50, M\n|-mega|p1b: Charizard|Charizard|Charizardite Y\n|-weather|SunnyDay|[from] ability: Drought|[of] p1b: Charizard\n|move|p1b: Charizard|Protect|p1b: Charizard\n|-singleturn|p1b: Charizard|Protect\n|move|p2a: Lopunny|Fake Out|p1b: Charizard\n|-activate|p1b: Charizard|move: Protect\n|move|p1a: Garchomp|Bulldoze|p2a: Lopunny|[spread] p2a,p2b\n|-activate|p1b: Charizard|move: Protect\n|-damage|p2a: Lopunny|66/100\n|-damage|p2b: Basculegion|65/100\n|-unboost|p2a: Lopunny|spe|1\n|-unboost|p2b: Basculegion|spe|1\n|move|p2b: Basculegion|Flip Turn|p1b: Charizard\n|-activate|p1b: Charizard|move: Protect\n|\n|-weather|SunnyDay|[upkeep]\n|upkeep\n|turn|2\n|\n|t:|1776523992\n|switch|p1b: Venusaur|Venusaur, L50, F|100/100\n|switch|p2a: Pelipper|Pelipper, L50, M|100/100\n|-weather|RainDance|[from] ability: Drizzle|[of] p2a: Pelipper\n|move|p1a: Garchomp|Bulldoze|p2b: Basculegion|[spread] p1b,p2b\n|-immune|p2a: Pelipper\n|-damage|p1b: Venusaur|65/100\n|-damage|p2b: Basculegion|29/100\n|-unboost|p1b: Venusaur|spe|1\n|-unboost|p2b: Basculegion|spe|1\n|move|p2b: Basculegion|Flip Turn|p1b: Venusaur\n|-resisted|p1b: Venusaur|1\n|-damage|p1b: Venusaur|26/100\n|\n|t:|1776524016\n|switch|p2b: Lopunny|Lopunny-Mega, L50, F, shiny|66/100|[from] Flip Turn\n|\n|-weather|RainDance|[upkeep]\n|upkeep\n|turn|3\n|\n|t:|1776524028\n|switch|p2a: Garchomp|Garchomp, L50, F|100/100\n|move|p1b: Venusaur|Protect|p1b: Venusaur\n|-singleturn|p1b: Venusaur|Protect\n|move|p1a: Garchomp|Bulldoze|p2a: Garchomp|[spread] p2a,p2b\n|-activate|p1b: Venusaur|move: Protect\n|-damage|p2a: Garchomp|82/100\n|-damage|p2b: Lopunny|35/100\n|-unboost|p2a: Garchomp|spe|1\n|-unboost|p2b: Lopunny|spe|1\n|move|p2b: Lopunny|Close Combat|p1b: Venusaur\n|-activate|p1b: Venusaur|move: Protect\n|\n|-weather|RainDance|[upkeep]\n|upkeep\n|turn|4\n|inactive|lonely 1 kenobi has 30 seconds left.\n|\n|t:|1776524056\n|switch|p1a: Rotom|Rotom-Wash, L50|100/100\n|move|p2b: Lopunny|Encore|p1b: Venusaur\n|-start|p1b: Venusaur|Encore\n|move|p1b: Venusaur|Protect||[still]\n|-fail|p1b: Venusaur\n|move|p2a: Garchomp|Rock Slide|p1b: Venusaur|[spread] p1a,p1b\n|-damage|p1a: Rotom|84/100\n|-damage|p1b: Venusaur|3/100\n|\n|-weather|RainDance|[upkeep]\n|-heal|p1a: Rotom|90/100|[from] item: Leftovers\n|upkeep\n|turn|5\n|\n|t:|1776524075\n|move|p1b: Venusaur|Protect|p1b: Venusaur\n|-singleturn|p1b: Venusaur|Protect\n|move|p2b: Lopunny|Close Combat|p1a: Rotom\n|-damage|p1a: Rotom|32/100\n|-unboost|p2b: Lopunny|def|1\n|-unboost|p2b: Lopunny|spd|1\n|move|p1a: Rotom|Will-O-Wisp|p2a: Garchomp\n|-status|p2a: Garchomp|brn\n|move|p2a: Garchomp|Dragon Claw|p1b: Venusaur\n|-activate|p1b: Venusaur|move: Protect\n|\n|-weather|RainDance|[upkeep]\n|-heal|p1a: Rotom|38/100|[from] item: Leftovers\n|-damage|p2a: Garchomp|76/100 brn|[from] brn\n|upkeep\n|turn|6\n|\n|t:|1776524097\n|move|p1b: Venusaur|Protect||[still]\n|-fail|p1b: Venusaur\n|move|p2b: Lopunny|Close Combat|p1a: Rotom\n|-damage|p1a: Rotom|0 fnt\n|-unboost|p2b: Lopunny|def|1\n|-unboost|p2b: Lopunny|spd|1\n|faint|p1a: Rotom\n|move|p2a: Garchomp|Rock Slide|p1b: Venusaur\n|-damage|p1b: Venusaur|0 fnt\n|faint|p1b: Venusaur\n|\n|-weather|none\n|-damage|p2a: Garchomp|70/100 brn|[from] brn\n|upkeep\n|\n|t:|1776524108\n|switch|p1b: Garchomp|Garchomp, L50, F|100/100\n|switch|p1a: Charizard|Charizard-Mega-Y, L50, M|100/100\n|-weather|SunnyDay|[from] ability: Drought|[of] p1a: Charizard\n|turn|7\n|\n|t:|1776524122\n|switch|p2b: Pelipper|Pelipper, L50, M|100/100\n|-weather|RainDance|[from] ability: Drizzle|[of] p2b: Pelipper\n|move|p1b: Garchomp|Dragon Claw|p2a: Garchomp\n|-supereffective|p2a: Garchomp|1\n|-enditem|p2a: Garchomp|Haban Berry|[eat]\n|-enditem|p2a: Garchomp|Haban Berry|[weaken]\n|-damage|p2a: Garchomp|39/100 brn\n|-damage|p1b: Garchomp|88/100|[from] ability: Rough Skin|[of] p2a: Garchomp\n|move|p1a: Charizard|Heat Wave|p2a: Garchomp|[spread] p2a,p2b\n|-resisted|p2a: Garchomp|1\n|-resisted|p2b: Pelipper|1\n|-damage|p2a: Garchomp|29/100 brn\n|-damage|p2b: Pelipper|86/100\n|move|p2a: Garchomp|Rock Slide|p1b: Garchomp|[spread] p1a,p1b\n|-supereffective|p1a: Charizard|2\n|-resisted|p1b: Garchomp|1\n|-damage|p1a: Charizard|44/100\n|-damage|p1b: Garchomp|84/100\n|\n|-weather|RainDance|[upkeep]\n|-damage|p2a: Garchomp|23/100 brn|[from] brn\n|upkeep\n|turn|8\n|inactive|lonely 1 kenobi has 30 seconds left.\n|\n|t:|1776524153\n|move|p1a: Charizard|Protect|p1a: Charizard\n|-singleturn|p1a: Charizard|Protect\n|move|p1b: Garchomp|Dragon Claw|p2a: Garchomp\n|-supereffective|p2a: Garchomp|1\n|-damage|p2a: Garchomp|0 fnt\n|-damage|p1b: Garchomp|71/100|[from] ability: Rough Skin|[of] p2a: Garchomp\n|faint|p2a: Garchomp\n|move|p2b: Pelipper|Muddy Water|p1a: Charizard|[spread] \n|-activate|p1a: Charizard|move: Protect\n|-miss|p2b: Pelipper|p1b: Garchomp\n|\n|-weather|RainDance|[upkeep]\n|upkeep\n|\n|t:|1776524165\n|switch|p2a: Lopunny|Lopunny-Mega, L50, F, shiny|35/100\n|turn|9\n|\n|t:|1776524173\n|move|p2a: Lopunny|Fake Out|p1b: Garchomp\n|-damage|p1b: Garchomp|50/100\n|-damage|p2a: Lopunny|23/100|[from] ability: Rough Skin|[of] p1b: Garchomp\n|cant|p1b: Garchomp|flinch\n|move|p1a: Charizard|Weather Ball|p2a: Lopunny\n|-damage|p2a: Lopunny|0 fnt\n|faint|p2a: Lopunny\n|move|p2b: Pelipper|Muddy Water|p1a: Charizard|[spread] p1a,p1b\n|-supereffective|p1a: Charizard|1\n|-damage|p1a: Charizard|0 fnt\n|-damage|p1b: Garchomp|2/100\n|-unboost|p1b: Garchomp|accuracy|1\n|faint|p1a: Charizard\n|\n|-weather|RainDance|[upkeep]\n|upkeep\n|-message|lonely 1 kenobi forfeited.\n|\n|win|disciple of blahaj\n|raw|lonely 1 kenobi's rating: 1135 &rarr; <strong>1114</strong><br />(-21 for losing)\n|raw|disciple of blahaj's rating: 1185 &rarr; <strong>1206</strong><br />(+21 for winning)\n|l|\u2606lonely 1 kenobi\n|player|p1|\n",
  "uploadtime": 1776524191,
  "views": 14,
  "formatid": "gen9championsvgc2026regma",
  "rating": 1114,
  "private": 0,
  "password": null
}