{
  "id": "gen9championsvgc2026regma-2584646536",
  "format": "[Gen 9 Champions] VGC 2026 Reg M-A",
  "players": [
    "graeden4eva",
    "Ramenez"
  ],
  "log": "|j|\u2606graeden4eva\n|j|\u2606Ramenez\n|t:|1776274229\n|gametype|doubles\n|player|p1|graeden4eva|clair|1045\n|player|p2|Ramenez|ghetsis|1058\n|gen|9\n|tier|[Gen 9 Champions] VGC 2026 Reg M-A\n|rated|\n|rule|Species Clause: Limit one of each Pok\u00e9mon\n|rule|Item Clause: Limit 1 of each item\n|clearpoke\n|poke|p1|Gengar, L50, F|\n|poke|p1|Glimmora, L50, M|\n|poke|p1|Incineroar, L50, M|\n|poke|p1|Sinistcha-Masterpiece, L50|\n|poke|p1|Kommo-o, L50, F|\n|poke|p1|Kingambit, L50, F|\n|poke|p2|Garchomp, L50, M|\n|poke|p2|Milotic, L50, M|\n|poke|p2|Sneasler, L50, M|\n|poke|p2|Charizard, L50, F|\n|poke|p2|Venusaur, L50, M|\n|poke|p2|Incineroar, L50, F|\n|teampreview|4\n|\n|t:|1776274254\n|teamsize|p1|4\n|teamsize|p2|4\n|start\n|switch|p1a: Incineroar|Incineroar, L50, M|100/100\n|switch|p1b: Glimmora|Glimmora, L50, M|100/100\n|switch|p2a: Garchomp|Garchomp, L50, M|100/100\n|switch|p2b: Milotic|Milotic, L50, M|100/100\n|turn|1\n|inactive|Battle timer is ON: inactive players will automatically lose when time's up. (requested by graeden4eva)\n|\n|t:|1776274283\n|detailschange|p1b: Glimmora|Glimmora-Mega, L50, M\n|-mega|p1b: Glimmora|Glimmora|Glimmoranite\n|move|p1a: Incineroar|Fake Out|p2a: Garchomp\n|-damage|p2a: Garchomp|90/100\n|cant|p2a: Garchomp|flinch\n|move|p1b: Glimmora|Sludge Bomb|p2b: Milotic\n|-damage|p2b: Milotic|49/100\n|move|p2b: Milotic|Scald|p1a: Incineroar\n|-supereffective|p1a: Incineroar|1\n|-damage|p1a: Incineroar|54/100\n|\n|-heal|p2b: Milotic|55/100|[from] item: Leftovers\n|upkeep\n|turn|2\n|inactive|graeden4eva has 30 seconds left.\n|\n|t:|1776274311\n|move|p2b: Milotic|Helping Hand|p2a: Garchomp\n|-singleturn|p2a: Garchomp|Helping Hand|[of] p2b: Milotic\n|move|p1b: Glimmora|Spiky Shield|p1b: Glimmora\n|-singleturn|p1b: Glimmora|move: Protect\n|move|p2a: Garchomp|Earthquake|p1b: Glimmora|[spread] p2b,p1a\n|-activate|p1b: Glimmora|move: Protect\n|-supereffective|p1a: Incineroar|1\n|-damage|p2b: Milotic|10/100\n|-damage|p1a: Incineroar|0 fnt\n|faint|p1a: Incineroar\n|\n|-heal|p2b: Milotic|16/100|[from] item: Leftovers\n|upkeep\n|\n|t:|1776274325\n|switch|p1a: Sinistcha|Sinistcha-Masterpiece, L50|100/100\n|turn|3\n|\n|t:|1776274331\n|switch|p1b: Kommo-o|Kommo-o, L50, F|100/100\n|move|p2b: Milotic|Helping Hand|p2a: Garchomp\n|-singleturn|p2a: Garchomp|Helping Hand|[of] p2b: Milotic\n|move|p2a: Garchomp|Earthquake|p1a: Sinistcha|[spread] p2b,p1a,p1b\n|-resisted|p1a: Sinistcha|1\n|-damage|p2b: Milotic|0 fnt\n|-damage|p1a: Sinistcha|75/100\n|-damage|p1b: Kommo-o|52/100\n|faint|p2b: Milotic\n|move|p1a: Sinistcha|Matcha Gotcha|p2a: Garchomp\n|-damage|p2a: Garchomp|57/100\n|-heal|p1a: Sinistcha|93/100|[from] drain|[of] p2a: Garchomp\n|\n|-heal|p1b: Kommo-o|58/100|[from] item: Leftovers\n|upkeep\n|\n|t:|1776274352\n|switch|p2b: Incineroar|Incineroar, L50, F|100/100\n|-ability|p2b: Incineroar|Intimidate|boost\n|-unboost|p1a: Sinistcha|atk|1\n|-unboost|p1b: Kommo-o|atk|1\n|turn|4\n|\n|t:|1776274368\n|switch|p2b: Charizard|Charizard, L50, F|100/100\n|move|p1b: Kommo-o|Protect|p1b: Kommo-o\n|-singleturn|p1b: Kommo-o|Protect\n|move|p2a: Garchomp|Earthquake|p1a: Sinistcha|[spread] p1a\n|-activate|p1b: Kommo-o|move: Protect\n|-immune|p2b: Charizard\n|-resisted|p1a: Sinistcha|1\n|-damage|p1a: Sinistcha|77/100\n|move|p1a: Sinistcha|Matcha Gotcha|p2b: Charizard|[spread] p2a,p2b\n|-crit|p2a: Garchomp\n|-resisted|p2b: Charizard|2\n|-damage|p2a: Garchomp|14/100\n|-heal|p1a: Sinistcha|99/100|[from] drain|[of] p2a: Garchomp\n|-damage|p2b: Charizard|93/100\n|-heal|p1a: Sinistcha|100/100|[from] drain|[of] p2b: Charizard\n|\n|-heal|p1b: Kommo-o|64/100|[from] item: Leftovers\n|upkeep\n|turn|5\n|inactive|Ramenez has 30 seconds left.\n|\n|t:|1776274395\n|detailschange|p2b: Charizard|Charizard-Mega-Y, L50, F\n|-mega|p2b: Charizard|Charizard|Charizardite Y\n|-weather|SunnyDay|[from] ability: Drought|[of] p2b: Charizard\n|move|p1a: Sinistcha|Protect|p1a: Sinistcha\n|-singleturn|p1a: Sinistcha|Protect\n|move|p2a: Garchomp|Earthquake|p1b: Kommo-o|[spread] p1b\n|-activate|p1a: Sinistcha|move: Protect\n|-immune|p2b: Charizard\n|-damage|p1b: Kommo-o|31/100\n|move|p2b: Charizard|Heat Wave|p1a: Sinistcha|[spread] \n|-activate|p1a: Sinistcha|move: Protect\n|-miss|p2b: Charizard|p1b: Kommo-o\n|move|p1b: Kommo-o|Aura Sphere|p2a: Garchomp\n|-damage|p2a: Garchomp|0 fnt\n|faint|p2a: Garchomp\n|\n|-weather|SunnyDay|[upkeep]\n|-heal|p1b: Kommo-o|37/100|[from] item: Leftovers\n|upkeep\n|\n|t:|1776274415\n|switch|p2a: Incineroar|Incineroar, L50, F|100/100\n|-ability|p2a: Incineroar|Intimidate|boost\n|-unboost|p1a: Sinistcha|atk|1\n|-unboost|p1b: Kommo-o|atk|1\n|turn|6\n|\n|t:|1776274435\n|switch|p1b: Glimmora|Glimmora-Mega, L50, M|100/100\n|move|p1a: Sinistcha|Protect||[still]\n|-fail|p1a: Sinistcha\n|move|p2b: Charizard|Weather Ball|p1a: Sinistcha\n|-supereffective|p1a: Sinistcha|1\n|-enditem|p1a: Sinistcha|Focus Sash\n|-damage|p1a: Sinistcha|1/100\n|move|p2a: Incineroar|Flare Blitz|p1b: Glimmora\n|-resisted|p1b: Glimmora|1\n|-damage|p1b: Glimmora|56/100\n|-damage|p2a: Incineroar|88/100|[from] Recoil\n|\n|-weather|SunnyDay|[upkeep]\n|upkeep\n|turn|7\n|inactive|graeden4eva has 30 seconds left.\n|inactive|Ramenez has 30 seconds left.\n|\n|t:|1776274462\n|move|p2b: Charizard|Protect|p2b: Charizard\n|-singleturn|p2b: Charizard|Protect\n|move|p1a: Sinistcha|Rage Powder|p1a: Sinistcha\n|-singleturn|p1a: Sinistcha|move: Rage Powder\n|move|p1b: Glimmora|Power Gem|p2a: Incineroar\n|-supereffective|p2a: Incineroar|1\n|-damage|p2a: Incineroar|0 fnt\n|faint|p2a: Incineroar\n|\n|-weather|SunnyDay|[upkeep]\n|upkeep\n|turn|8\n|\n|t:|1776274478\n|move|p1a: Sinistcha|Rage Powder|p1a: Sinistcha\n|-singleturn|p1a: Sinistcha|move: Rage Powder\n|move|p2b: Charizard|Weather Ball|p1a: Sinistcha\n|-supereffective|p1a: Sinistcha|1\n|-damage|p1a: Sinistcha|0 fnt\n|faint|p1a: Sinistcha\n|move|p1b: Glimmora|Power Gem|p2b: Charizard\n|-supereffective|p2b: Charizard|2\n|-damage|p2b: Charizard|0 fnt\n|faint|p2b: Charizard\n|\n|win|graeden4eva\n|raw|graeden4eva's rating: 1045 &rarr; <strong>1079</strong><br />(+34 for winning)\n|raw|Ramenez's rating: 1058 &rarr; <strong>1039</strong><br />(-19 for losing)\n",
  "uploadtime": 1776274483,
  "views": 22,
  "formatid": "gen9championsvgc2026regma",
  "rating": 1039,
  "private": 0,
  "password": null
}