{
  "id": "gen9championsvgc2026regma-2581275261",
  "format": "[Gen 9 Champions] VGC 2026 Reg M-A",
  "players": [
    "radoovak",
    "yamede\u86c7\u5982"
  ],
  "log": "|j|\u2606radoovak\n|j|\u2606yamede\u86c7\u5982\n|t:|1775979905\n|gametype|doubles\n|player|p1|radoovak|steven|1339\n|player|p2|yamede\u86c7\u5982|265|1419\n|gen|9\n|tier|[Gen 9 Champions] VGC 2026 Reg M-A\n|rated|\n|rule|Species Clause: Limit one of each Pok\u00e9mon\n|rule|Item Clause: Limit 1 of each item\n|clearpoke\n|poke|p1|Gengar, L50, F|\n|poke|p1|Sneasler, L50, M|\n|poke|p1|Incineroar, L50, M|\n|poke|p1|Whimsicott, L50, M|\n|poke|p1|Hydreigon, L50, F|\n|poke|p1|Palafin, L50, F|\n|poke|p2|Tyranitar, L50, M|\n|poke|p2|Milotic, L50, F|\n|poke|p2|Excadrill, L50, F|\n|poke|p2|Gardevoir, L50, F|\n|poke|p2|Incineroar, L50, M|\n|poke|p2|Sinistcha, L50|\n|teampreview|4\n|inactive|Battle timer is ON: inactive players will automatically lose when time's up. (requested by radoovak)\n|inactive|yamede\u86c7\u5982 has 60 seconds left.\n|j| gE1xjZRtuhW2DdT0AK\n|inactive|radoovak has 60 seconds left.\n|\n|t:|1775979958\n|teamsize|p1|4\n|teamsize|p2|4\n|start\n|switch|p1a: Sneasler|Sneasler, L50, M|100/100\n|switch|p1b: Palafin|Palafin, L50, F|100/100\n|switch|p2a: Incineroar|Incineroar, L50, M|100/100\n|switch|p2b: Milotic|Milotic, L50, F, shiny|100/100\n|-ability|p2a: Incineroar|Intimidate|boost\n|-unboost|p1a: Sneasler|atk|1\n|-unboost|p1b: Palafin|atk|1\n|-enditem|p1a: Sneasler|White Herb\n|-clearnegativeboost|p1a: Sneasler|[silent]\n|turn|1\n|j| Neekz0\n|inactive|yamede\u86c7\u5982 has 30 seconds left.\n|inactive|yamede\u86c7\u5982 has 20 seconds left.\n|\n|t:|1775979995\n|switch|p2a: Sinistcha|Sinistcha, L50|100/100\n|move|p1a: Sneasler|Protect|p1a: Sneasler\n|-singleturn|p1a: Sneasler|Protect\n|move|p1b: Palafin|Protect|p1b: Palafin\n|-singleturn|p1b: Palafin|Protect\n|move|p2b: Milotic|Coil|p2b: Milotic\n|-boost|p2b: Milotic|atk|1\n|-boost|p2b: Milotic|def|1\n|-boost|p2b: Milotic|accuracy|1\n|\n|upkeep\n|turn|2\n|inactive|yamede\u86c7\u5982 has 30 seconds left.\n|\n|t:|1775980026\n|detailschange|p1b: Palafin|Palafin-Hero, L50, F\n|switch|p1b: Gengar|Gengar, L50, F|100/100\n|move|p2a: Sinistcha|Rage Powder|p2a: Sinistcha\n|-singleturn|p2a: Sinistcha|move: Rage Powder\n|move|p1a: Sneasler|Dire Claw|p2a: Sinistcha\n|-damage|p2a: Sinistcha|65/100\n|move|p2b: Milotic|Coil|p2b: Milotic\n|-boost|p2b: Milotic|atk|1\n|-boost|p2b: Milotic|def|1\n|-boost|p2b: Milotic|accuracy|1\n|\n|upkeep\n|turn|3\n|inactive|radoovak has 30 seconds left.\n|\n|t:|1775980052\n|switch|p2a: Incineroar|Incineroar, L50, M|100/100\n|-ability|p2a: Incineroar|Intimidate|boost\n|-unboost|p1a: Sneasler|atk|1\n|-unboost|p1b: Gengar|atk|1\n|detailschange|p1b: Gengar|Gengar-Mega, L50, F\n|-mega|p1b: Gengar|Gengar|Gengarite\n|move|p1a: Sneasler|Dire Claw|p2b: Milotic\n|-damage|p2b: Milotic|88/100\n|move|p1b: Gengar|Shadow Ball|p2a: Incineroar\n|-resisted|p2a: Incineroar|1\n|-damage|p2a: Incineroar|80/100\n|-unboost|p2a: Incineroar|spd|1\n|move|p2b: Milotic|Hypnosis|p1a: Sneasler\n|-status|p1a: Sneasler|slp|[from] move: Hypnosis\n|\n|-heal|p2b: Milotic|94/100|[from] item: Leftovers\n|upkeep\n|turn|4\n|\n|t:|1775980074\n|switch|p1a: Palafin|Palafin-Hero, L50, F|100/100\n|-activate|p1a: Palafin|ability: Zero to Hero\n|move|p1b: Gengar|Protect|p1b: Gengar\n|-singleturn|p1b: Gengar|Protect\n|move|p2b: Milotic|Muddy Water|p1a: Palafin|[spread] p1a\n|-activate|p1b: Gengar|move: Protect\n|-resisted|p1a: Palafin|1\n|-damage|p1a: Palafin|88/100\n|move|p2a: Incineroar|Flare Blitz|p1a: Palafin\n|-resisted|p1a: Palafin|1\n|-damage|p1a: Palafin|60/100\n|-damage|p2a: Incineroar|70/100|[from] Recoil\n|\n|-heal|p2b: Milotic|99/100|[from] item: Leftovers\n|upkeep\n|turn|5\n|inactive|radoovak has 30 seconds left.\n|inactive|yamede\u86c7\u5982 has 30 seconds left.\n|j| Baby Kunai\n|\n|t:|1775980109\n|move|p1a: Palafin|Jet Punch|p2a: Incineroar\n|-supereffective|p2a: Incineroar|1\n|-crit|p2a: Incineroar\n|-damage|p2a: Incineroar|0 fnt\n|faint|p2a: Incineroar\n|move|p1b: Gengar|Sludge Bomb|p2b: Milotic\n|-damage|p2b: Milotic|67/100\n|-status|p2b: Milotic|psn\n|move|p2b: Milotic|Hypnosis|p1a: Palafin\n|-status|p1a: Palafin|slp|[from] move: Hypnosis\n|\n|-heal|p2b: Milotic|73/100 psn|[from] item: Leftovers\n|-damage|p2b: Milotic|61/100 psn|[from] psn\n|upkeep\n|\n|t:|1775980122\n|switch|p2a: Tyranitar|Tyranitar, L50, M|100/100\n|-weather|Sandstorm|[from] ability: Sand Stream|[of] p2a: Tyranitar\n|turn|6\n|inactive|yamede\u86c7\u5982 has 30 seconds left.\n|inactive|yamede\u86c7\u5982 has 20 seconds left.\n|\n|t:|1775980158\n|move|p1b: Gengar|Will-O-Wisp|p2a: Tyranitar\n|-status|p2a: Tyranitar|brn\n|cant|p1a: Palafin|slp\n|move|p2a: Tyranitar|Dragon Dance|p2a: Tyranitar\n|-boost|p2a: Tyranitar|atk|1\n|-boost|p2a: Tyranitar|spe|1\n|move|p2b: Milotic|Recover|p2b: Milotic\n|-heal|p2b: Milotic|100/100 psn\n|\n|-weather|Sandstorm|[upkeep]\n|-damage|p1b: Gengar|94/100|[from] Sandstorm\n|-damage|p1a: Palafin|54/100 slp|[from] Sandstorm\n|-damage|p2b: Milotic|95/100 psn|[from] Sandstorm\n|-heal|p2b: Milotic|100/100 psn|[from] item: Leftovers\n|-damage|p2b: Milotic|88/100 psn|[from] psn\n|-damage|p2a: Tyranitar|94/100 brn|[from] brn\n|upkeep\n|turn|7\n|j| Jackie67890\n|inactive|yamede\u86c7\u5982 has 30 seconds left.\n|inactive|yamede\u86c7\u5982 has 20 seconds left.\n|inactive|yamede\u86c7\u5982 has 15 seconds left.\n|inactive|yamede\u86c7\u5982 has 10 seconds left.\n|\n|t:|1775980206\n|detailschange|p2a: Tyranitar|Tyranitar-Mega, L50, M\n|-mega|p2a: Tyranitar|Tyranitar|Tyranitarite\n|move|p2a: Tyranitar|Knock Off|p1a: Palafin\n|-damage|p1a: Palafin|12/100 slp\n|-enditem|p1a: Palafin|Mystic Water|[from] move: Knock Off|[of] p2a: Tyranitar\n|move|p1b: Gengar|Sludge Bomb|p2b: Milotic\n|-damage|p2b: Milotic|55/100 psn\n|cant|p1a: Palafin|slp\n|move|p2b: Milotic|Hypnosis|p1b: Gengar\n|-status|p1b: Gengar|slp|[from] move: Hypnosis\n|\n|-weather|Sandstorm|[upkeep]\n|-damage|p1b: Gengar|88/100 slp|[from] Sandstorm\n|-damage|p1a: Palafin|6/100 slp|[from] Sandstorm\n|-damage|p2b: Milotic|50/100 psn|[from] Sandstorm\n|-heal|p2b: Milotic|55/100 psn|[from] item: Leftovers\n|-damage|p2b: Milotic|43/100 psn|[from] psn\n|-damage|p2a: Tyranitar|88/100 brn|[from] brn\n|upkeep\n|turn|8\n|j| Junglebolt\n|j| jungro\n|l| Junglebolt\n|inactive|yamede\u86c7\u5982 has 30 seconds left.\n|inactive|radoovak has 30 seconds left.\n|inactive|yamede\u86c7\u5982 has 20 seconds left.\n|\n|t:|1775980245\n|-curestatus|p1a: Palafin|slp|[msg]\n|move|p1a: Palafin|Jet Punch|p2a: Tyranitar\n|-supereffective|p2a: Tyranitar|1\n|-damage|p2a: Tyranitar|27/100 brn\n|move|p2a: Tyranitar|Rock Slide|p1b: Gengar|[spread] p1a,p1b\n|-damage|p1a: Palafin|0 fnt\n|-damage|p1b: Gengar|54/100 slp\n|faint|p1a: Palafin\n|cant|p1b: Gengar|slp\n|move|p2b: Milotic|Recover|p2b: Milotic\n|-heal|p2b: Milotic|93/100 psn\n|\n|-weather|Sandstorm|[upkeep]\n|-damage|p1b: Gengar|47/100 slp|[from] Sandstorm\n|-damage|p2b: Milotic|87/100 psn|[from] Sandstorm\n|-heal|p2b: Milotic|93/100 psn|[from] item: Leftovers\n|-damage|p2b: Milotic|81/100 psn|[from] psn\n|-damage|p2a: Tyranitar|21/100 brn|[from] brn\n|upkeep\n|\n|t:|1775980256\n|switch|p1a: Sneasler|Sneasler, L50, M|100/100 slp\n|turn|9\n|l| Baby Kunai\n|j| KOPLUS\n|\n|t:|1775980266\n|cant|p1b: Gengar|slp\n|move|p2a: Tyranitar|Knock Off|p1b: Gengar\n|-supereffective|p1b: Gengar|1\n|-damage|p1b: Gengar|0 fnt\n|faint|p1b: Gengar\n|cant|p1a: Sneasler|slp\n|move|p2b: Milotic|Muddy Water|p1a: Sneasler\n|-damage|p1a: Sneasler|58/100 slp\n|-unboost|p1a: Sneasler|accuracy|1\n|\n|-weather|Sandstorm|[upkeep]\n|-damage|p1a: Sneasler|52/100 slp|[from] Sandstorm\n|-damage|p2b: Milotic|75/100 psn|[from] Sandstorm\n|-heal|p2b: Milotic|81/100 psn|[from] item: Leftovers\n|-damage|p2b: Milotic|68/100 psn|[from] psn\n|-damage|p2a: Tyranitar|15/100 brn|[from] brn\n|upkeep\n|\n|t:|1775980274\n|switch|p1b: Incineroar|Incineroar, L50, M|100/100\n|-ability|p1b: Incineroar|Intimidate|boost\n|-unboost|p2a: Tyranitar|atk|1\n|-unboost|p2b: Milotic|atk|1\n|-ability|p2b: Milotic|Competitive|boost\n|-boost|p2b: Milotic|spa|2\n|turn|10\n|inactive|radoovak has 30 seconds left.\n|inactive|yamede\u86c7\u5982 has 30 seconds left.\n|\n|t:|1775980305\n|move|p1b: Incineroar|Fake Out|p2b: Milotic\n|-damage|p2b: Milotic|63/100 psn\n|move|p2a: Tyranitar|Rock Slide|p1a: Sneasler|[spread] p1a,p1b\n|-resisted|p1a: Sneasler|1\n|-supereffective|p1b: Incineroar|1\n|-damage|p1a: Sneasler|37/100 slp\n|-damage|p1b: Incineroar|66/100\n|cant|p1a: Sneasler|slp\n|cant|p2b: Milotic|flinch\n|\n|-weather|none\n|-heal|p2b: Milotic|69/100 psn|[from] item: Leftovers\n|-damage|p2b: Milotic|56/100 psn|[from] psn\n|-damage|p2a: Tyranitar|8/100 brn|[from] brn\n|upkeep\n|turn|11\n|\n|t:|1775980328\n|move|p2a: Tyranitar|Rock Slide|p1b: Incineroar|[spread] p1a,p1b\n|-resisted|p1a: Sneasler|1\n|-supereffective|p1b: Incineroar|1\n|-damage|p1a: Sneasler|23/100 slp\n|-damage|p1b: Incineroar|35/100\n|-enditem|p1b: Incineroar|Sitrus Berry|[eat]\n|-heal|p1b: Incineroar|60/100|[from] item: Sitrus Berry\n|-curestatus|p1a: Sneasler|slp|[msg]\n|cant|p1a: Sneasler|flinch\n|move|p2b: Milotic|Muddy Water|p1b: Incineroar|[spread] p1a,p1b\n|-supereffective|p1b: Incineroar|1\n|-damage|p1a: Sneasler|0 fnt\n|-damage|p1b: Incineroar|0 fnt\n|faint|p1a: Sneasler\n|faint|p1b: Incineroar\n|\n|win|yamede\u86c7\u5982\n|raw|radoovak's rating: 1339 &rarr; <strong>1324</strong><br />(-15 for losing)\n|raw|yamede\u86c7\u5982's rating: 1419 &rarr; <strong>1434</strong><br />(+15 for winning)\n|l|\u2606yamede\u86c7\u5982\n|player|p2|\n|c|\u2606radoovak|gg\n",
  "uploadtime": 1775980342,
  "views": 30,
  "formatid": "gen9championsvgc2026regma",
  "rating": 1324,
  "private": 0,
  "password": null
}