{
  "id": "gen9championsvgc2026regma-2583319606",
  "format": "[Gen 9 Champions] VGC 2026 Reg M-A",
  "players": [
    "hoaibao",
    "LilMakiVert"
  ],
  "log": "|j|\u2606hoaibao\n|j|\u2606LilMakiVert\n|t:|1776166535\n|gametype|doubles\n|player|p1|hoaibao|1|1058\n|player|p2|LilMakiVert|caitlin|1007\n|gen|9\n|tier|[Gen 9 Champions] VGC 2026 Reg M-A\n|rated|\n|rule|Species Clause: Limit one of each Pok\u00e9mon\n|rule|Item Clause: Limit 1 of each item\n|clearpoke\n|poke|p1|Delphox, L50, M|\n|poke|p1|Sinistcha, L50|\n|poke|p1|Primarina, L50, M|\n|poke|p1|Tyranitar, L50, F|\n|poke|p1|Garchomp, L50, F|\n|poke|p1|Gyarados, L50, M|\n|poke|p2|Froslass, L50, F|\n|poke|p2|Garchomp, L50, F|\n|poke|p2|Orthworm, L50, M|\n|poke|p2|Incineroar, L50, M|\n|poke|p2|Gardevoir, L50, F|\n|poke|p2|Rotom-Frost, L50|\n|teampreview|4\n|inactive|Battle timer is ON: inactive players will automatically lose when time's up. (requested by LilMakiVert)\n|\n|t:|1776166555\n|teamsize|p1|4\n|teamsize|p2|4\n|start\n|switch|p1a: Primarina|Primarina, L50, M|100/100\n|switch|p1b: Gyarados|Gyarados, L50, M|100/100\n|switch|p2a: Gardevoir|Gardevoir, L50, F, shiny|100/100\n|switch|p2b: Garchomp|Garchomp, L50, F|100/100\n|-ability|p1b: Gyarados|Intimidate|boost\n|-unboost|p2a: Gardevoir|atk|1\n|-unboost|p2b: Garchomp|atk|1\n|turn|1\n|\n|t:|1776166574\n|move|p2a: Gardevoir|Mystical Fire|p1a: Primarina\n|-resisted|p1a: Primarina|1\n|-damage|p1a: Primarina|90/100\n|-unboost|p1a: Primarina|spa|1\n|move|p2b: Garchomp|Rock Slide|p1b: Gyarados|[spread] p1a,p1b\n|-supereffective|p1b: Gyarados|1\n|-damage|p1a: Primarina|75/100\n|-damage|p1b: Gyarados|71/100\n|move|p1a: Primarina|Dazzling Gleam|p2b: Garchomp|[spread] p2a,p2b\n|-supereffective|p2b: Garchomp|1\n|-damage|p2a: Gardevoir|78/100\n|-damage|p2b: Garchomp|51/100\n|move|p1b: Gyarados|Dragon Tail|p2b: Garchomp\n|-supereffective|p2b: Garchomp|1\n|-damage|p2b: Garchomp|7/100\n|-damage|p1b: Gyarados|58/100|[from] ability: Rough Skin|[of] p2b: Garchomp\n|drag|p2b: Froslass|Froslass, L50, F, shiny|100/100\n|\n|-heal|p1a: Primarina|81/100|[from] item: Leftovers\n|upkeep\n|turn|2\n|inactive|hoaibao has 30 seconds left.\n|\n|t:|1776166607\n|switch|p1b: Delphox|Delphox, L50, M|100/100\n|detailschange|p2b: Froslass|Froslass-Mega, L50, F, shiny\n|-mega|p2b: Froslass|Froslass|Froslassite\n|-weather|Snowscape|[from] ability: Snow Warning|[of] p2b: Froslass\n|move|p2a: Gardevoir|Mystical Fire|p1a: Primarina\n|-resisted|p1a: Primarina|1\n|-damage|p1a: Primarina|71/100\n|-unboost|p1a: Primarina|spa|1\n|move|p2b: Froslass|Blizzard|p1a: Primarina|[spread] p1a,p1b\n|-resisted|p1a: Primarina|1\n|-resisted|p1b: Delphox|1\n|-damage|p1a: Primarina|51/100\n|-damage|p1b: Delphox|75/100\n|-status|p1b: Delphox|frz\n|move|p1a: Primarina|Dazzling Gleam|p2b: Froslass|[spread] p2a,p2b\n|-damage|p2a: Gardevoir|58/100\n|-damage|p2b: Froslass|80/100\n|\n|-weather|Snowscape|[upkeep]\n|-heal|p1a: Primarina|57/100|[from] item: Leftovers\n|upkeep\n|turn|3\n|inactive|hoaibao has 30 seconds left.\n|\n|t:|1776166640\n|detailschange|p1b: Delphox|Delphox-Mega, L50, M\n|-mega|p1b: Delphox|Delphox|Delphoxite\n|move|p2a: Gardevoir|Mystical Fire|p1b: Delphox\n|-resisted|p1b: Delphox|1\n|-damage|p1b: Delphox|62/100 frz\n|-unboost|p1b: Delphox|spa|1\n|-curestatus|p1b: Delphox|frz|[msg]\n|move|p1b: Delphox|Heat Wave|p2b: Froslass|[spread] p2a,p2b\n|-supereffective|p2b: Froslass|1\n|-damage|p2a: Gardevoir|28/100\n|-damage|p2b: Froslass|5/100\n|move|p2b: Froslass|Shadow Ball|p1b: Delphox\n|-supereffective|p1b: Delphox|1\n|-damage|p1b: Delphox|0 fnt\n|faint|p1b: Delphox\n|move|p1a: Primarina|Draining Kiss|p2b: Froslass\n|-damage|p2b: Froslass|0 fnt\n|-heal|p1a: Primarina|60/100|[from] drain|[of] p2b: Froslass\n|faint|p2b: Froslass\n|\n|-weather|Snowscape|[upkeep]\n|-heal|p1a: Primarina|66/100|[from] item: Leftovers\n|upkeep\n|\n|t:|1776166657\n|switch|p1b: Sinistcha|Sinistcha, L50|100/100\n|switch|p2b: Garchomp|Garchomp, L50, F|7/100\n|-heal|p1a: Primarina|90/100|[from] ability: Hospitality|[of] p1b: Sinistcha\n|turn|4\n|\n|t:|1776166670\n|move|p2a: Gardevoir|Mystical Fire|p1b: Sinistcha\n|-supereffective|p1b: Sinistcha|1\n|-damage|p1b: Sinistcha|22/100\n|-unboost|p1b: Sinistcha|spa|1\n|-enditem|p1b: Sinistcha|Sitrus Berry|[eat]\n|-heal|p1b: Sinistcha|47/100|[from] item: Sitrus Berry\n|move|p2b: Garchomp|Earthquake|p1b: Sinistcha|[spread] p1a,p1b\n|-activate|p2a: Gardevoir|ability: Telepathy\n|-resisted|p1b: Sinistcha|1\n|-damage|p1a: Primarina|42/100\n|-damage|p1b: Sinistcha|31/100\n|move|p1b: Sinistcha|Matcha Gotcha|p2a: Gardevoir|[spread] p2a,p2b\n|-crit|p2b: Garchomp\n|-damage|p2a: Gardevoir|6/100\n|-heal|p1b: Sinistcha|42/100|[from] drain|[of] p2a: Gardevoir\n|-damage|p2b: Garchomp|0 fnt\n|-heal|p1b: Sinistcha|47/100|[from] drain|[of] p2b: Garchomp\n|faint|p2b: Garchomp\n|move|p1a: Primarina|Dazzling Gleam|p2a: Gardevoir\n|-damage|p2a: Gardevoir|0 fnt\n|faint|p2a: Gardevoir\n|\n|-weather|Snowscape|[upkeep]\n|-heal|p1a: Primarina|48/100|[from] item: Leftovers\n|upkeep\n|inactive|LilMakiVert has 30 seconds left.\n|\n|t:|1776166696\n|switch|p2b: Rotom|Rotom-Frost, L50, shiny|100/100\n|turn|5\n|\n|t:|1776166716\n|switch|p1b: Gyarados|Gyarados, L50, M|58/100\n|-ability|p1b: Gyarados|Intimidate|boost\n|-unboost|p2b: Rotom|atk|1\n|move|p2b: Rotom|Blizzard|p1a: Primarina|[spread] p1a,p1b\n|-resisted|p1a: Primarina|1\n|-damage|p1a: Primarina|35/100\n|-damage|p1b: Gyarados|33/100\n|-status|p1b: Gyarados|frz\n|move|p1a: Primarina|Draining Kiss|p2b: Rotom\n|-damage|p2b: Rotom|89/100\n|-heal|p1a: Primarina|43/100|[from] drain|[of] p2b: Rotom\n|\n|-weather|Snowscape|[upkeep]\n|-heal|p1a: Primarina|49/100|[from] item: Leftovers\n|upkeep\n|turn|6\n|\n|t:|1776166741\n|switch|p1b: Sinistcha|Sinistcha, L50|47/100\n|-heal|p1a: Primarina|73/100|[from] ability: Hospitality|[of] p1b: Sinistcha\n|move|p2b: Rotom|Discharge|p1b: Sinistcha|[spread] p1a,p1b\n|-supereffective|p1a: Primarina|1\n|-resisted|p1b: Sinistcha|1\n|-damage|p1a: Primarina|32/100\n|-damage|p1b: Sinistcha|28/100\n|-status|p1b: Sinistcha|par\n|move|p1a: Primarina|Draining Kiss|p2b: Rotom\n|-damage|p2b: Rotom|77/100\n|-heal|p1a: Primarina|39/100|[from] drain|[of] p2b: Rotom\n|\n|-weather|none\n|-heal|p1a: Primarina|45/100|[from] item: Leftovers\n|upkeep\n|turn|7\n|inactive|hoaibao has 30 seconds left.\n|\n|t:|1776166776\n|switch|p1b: Gyarados|Gyarados, L50, M|33/100 frz\n|-ability|p1b: Gyarados|Intimidate|boost\n|-unboost|p2b: Rotom|atk|1\n|move|p1a: Primarina|Protect|p1a: Primarina\n|-singleturn|p1a: Primarina|Protect\n|move|p2b: Rotom|Blizzard|p1a: Primarina|[spread] p1b\n|-activate|p1a: Primarina|move: Protect\n|-damage|p1b: Gyarados|6/100 frz\n|\n|-heal|p1a: Primarina|51/100|[from] item: Leftovers\n|upkeep\n|turn|8\n|inactive|hoaibao has 30 seconds left.\n|\n|t:|1776166803\n|switch|p1b: Sinistcha|Sinistcha, L50|28/100 par\n|-heal|p1a: Primarina|75/100|[from] ability: Hospitality|[of] p1b: Sinistcha\n|move|p2b: Rotom|Discharge|p1b: Sinistcha|[spread] p1a,p1b\n|-supereffective|p1a: Primarina|1\n|-resisted|p1b: Sinistcha|1\n|-damage|p1a: Primarina|30/100\n|-damage|p1b: Sinistcha|7/100 par\n|-status|p1a: Primarina|par\n|move|p1a: Primarina|Hyper Voice|p2b: Rotom\n|-damage|p2b: Rotom|57/100\n|\n|-heal|p1a: Primarina|36/100 par|[from] item: Leftovers\n|upkeep\n|turn|9\n|\n|t:|1776166825\n|switch|p1a: Gyarados|Gyarados, L50, M|6/100 frz\n|-ability|p1a: Gyarados|Intimidate|boost\n|-unboost|p2b: Rotom|atk|1\n|move|p1b: Sinistcha|Protect|p1b: Sinistcha\n|-singleturn|p1b: Sinistcha|Protect\n|move|p2b: Rotom|Discharge|p1a: Gyarados|[spread] p1a\n|-activate|p1b: Sinistcha|move: Protect\n|-supereffective|p1a: Gyarados|2\n|-enditem|p1a: Gyarados|Wacan Berry|[eat]\n|-enditem|p1a: Gyarados|Wacan Berry|[weaken]\n|-damage|p1a: Gyarados|0 fnt\n|faint|p1a: Gyarados\n|\n|upkeep\n|\n|t:|1776166834\n|switch|p1a: Primarina|Primarina, L50, M|36/100 par\n|turn|10\n|\n|t:|1776166847\n|move|p1b: Sinistcha|Rage Powder|p1b: Sinistcha\n|-singleturn|p1b: Sinistcha|move: Rage Powder\n|move|p2b: Rotom|Discharge|p1b: Sinistcha|[spread] p1a,p1b\n|-supereffective|p1a: Primarina|1\n|-resisted|p1b: Sinistcha|1\n|-damage|p1a: Primarina|0 fnt\n|-damage|p1b: Sinistcha|0 fnt\n|faint|p1a: Primarina\n|faint|p1b: Sinistcha\n|\n|win|LilMakiVert\n|raw|hoaibao's rating: 1058 &rarr; <strong>1037</strong><br />(-21 for losing)\n|raw|LilMakiVert's rating: 1007 &rarr; <strong>1052</strong><br />(+45 for winning)\n|l|\u2606hoaibao\n|player|p1|\n",
  "uploadtime": 1776166862,
  "views": 33,
  "formatid": "gen9championsvgc2026regma",
  "rating": 1037,
  "private": 0,
  "password": null
}