{
  "id": "gen9championsvgc2026regma-2584046161",
  "format": "[Gen 9 Champions] VGC 2026 Reg M-A",
  "players": [
    "JasmineThia",
    "KoolDuty"
  ],
  "log": "|j|\u2606JasmineThia\n|j|\u2606KoolDuty\n|t:|1776219811\n|gametype|doubles\n|player|p1|JasmineThia|selene-masters2|1111\n|player|p2|KoolDuty|brycen|1104\n|gen|9\n|tier|[Gen 9 Champions] VGC 2026 Reg M-A\n|rated|\n|rule|Species Clause: Limit one of each Pok\u00e9mon\n|rule|Item Clause: Limit 1 of each item\n|clearpoke\n|poke|p1|Chandelure, L50, F|\n|poke|p1|Whimsicott, L50, F|\n|poke|p1|Quaquaval, L50, F|\n|poke|p1|Orthworm, L50, F|\n|poke|p1|Garchomp, L50, M|\n|poke|p1|Vivillon-Elegant, L50, F|\n|poke|p2|Chesnaught, L50, F|\n|poke|p2|Alakazam, L50, M|\n|poke|p2|Incineroar, L50, M|\n|poke|p2|Archaludon, L50, F|\n|poke|p2|Basculegion, L50, M|\n|poke|p2|Garchomp, L50, F|\n|teampreview|4\n|inactive|Battle timer is ON: inactive players will automatically lose when time's up. (requested by KoolDuty)\n|\n|t:|1776219829\n|teamsize|p1|4\n|teamsize|p2|4\n|start\n|switch|p1a: Whimsicott|Whimsicott, L50, F|100/100\n|switch|p1b: Vivillon|Vivillon-Elegant, L50, F, shiny|100/100\n|switch|p2a: Chesnaught|Chesnaught, L50, F|100/100\n|switch|p2b: Alakazam|Alakazam, L50, M|100/100\n|turn|1\n|\n|t:|1776219840\n|detailschange|p2a: Chesnaught|Chesnaught-Mega, L50, F\n|-mega|p2a: Chesnaught|Chesnaught|Chesnaughtite\n|move|p2a: Chesnaught|Spiky Shield|p2a: Chesnaught\n|-singleturn|p2a: Chesnaught|move: Protect\n|move|p1a: Whimsicott|Tailwind|p1a: Whimsicott\n|-sidestart|p1: JasmineThia|move: Tailwind\n|move|p1b: Vivillon|Sleep Powder|p2b: Alakazam\n|-status|p2b: Alakazam|slp|[from] move: Sleep Powder\n|cant|p2b: Alakazam|slp\n|\n|upkeep\n|turn|2\n|\n|t:|1776219853\n|switch|p2a: Incineroar|Incineroar, L50, M|100/100\n|-ability|p2a: Incineroar|Intimidate|boost\n|-unboost|p1a: Whimsicott|atk|1\n|-unboost|p1b: Vivillon|atk|1\n|move|p1b: Vivillon|Hurricane|p2b: Alakazam\n|-damage|p2b: Alakazam|43/100 slp\n|move|p1a: Whimsicott|Moonblast|p2b: Alakazam\n|-damage|p2b: Alakazam|3/100 slp\n|cant|p2b: Alakazam|slp\n|\n|upkeep\n|turn|3\n|\n|t:|1776219861\n|move|p1b: Vivillon|Protect|p1b: Vivillon\n|-singleturn|p1b: Vivillon|Protect\n|move|p2a: Incineroar|Fake Out|p1b: Vivillon\n|-activate|p1b: Vivillon|move: Protect\n|move|p1a: Whimsicott|Moonblast|p2b: Alakazam\n|-damage|p2b: Alakazam|0 fnt\n|faint|p2b: Alakazam\n|\n|upkeep\n|\n|t:|1776219864\n|switch|p2b: Basculegion|Basculegion, L50, M|100/100\n|turn|4\n|\n|t:|1776219872\n|move|p1b: Vivillon|Sleep Powder|p2a: Incineroar\n|-status|p2a: Incineroar|slp|[from] move: Sleep Powder\n|move|p1a: Whimsicott|Moonblast|p2b: Basculegion\n|-damage|p2b: Basculegion|67/100\n|-unboost|p2b: Basculegion|spa|1\n|move|p2b: Basculegion|Last Respects|p1a: Whimsicott\n|-damage|p1a: Whimsicott|37/100\n|cant|p2a: Incineroar|slp\n|\n|-sideend|p1: JasmineThia|move: Tailwind\n|upkeep\n|turn|5\n|\n|t:|1776219882\n|move|p1a: Whimsicott|Tailwind|p1a: Whimsicott\n|-sidestart|p1: JasmineThia|move: Tailwind\n|move|p1b: Vivillon|Sleep Powder|p2b: Basculegion\n|-status|p2b: Basculegion|slp|[from] move: Sleep Powder\n|cant|p2b: Basculegion|slp\n|cant|p2a: Incineroar|slp\n|\n|upkeep\n|turn|6\n|\n|t:|1776219902\n|move|p1b: Vivillon|Hurricane|p2b: Basculegion\n|-damage|p2b: Basculegion|17/100 slp\n|-start|p2b: Basculegion|confusion\n|move|p1a: Whimsicott|Moonblast|p2b: Basculegion\n|-damage|p2b: Basculegion|0 fnt\n|faint|p2b: Basculegion\n|-curestatus|p2a: Incineroar|slp|[msg]\n|move|p2a: Incineroar|Flare Blitz|p1b: Vivillon\n|-supereffective|p1b: Vivillon|1\n|-enditem|p1b: Vivillon|Focus Sash\n|-damage|p1b: Vivillon|1/100\n|-damage|p2a: Incineroar|75/100|[from] Recoil\n|\n|upkeep\n|\n|t:|1776219908\n|switch|p2b: Chesnaught|Chesnaught-Mega, L50, F|100/100\n|turn|7\n|\n|t:|1776219919\n|move|p2b: Chesnaught|Spiky Shield|p2b: Chesnaught\n|-singleturn|p2b: Chesnaught|move: Protect\n|move|p1b: Vivillon|Sleep Powder|p2a: Incineroar\n|-status|p2a: Incineroar|slp|[from] move: Sleep Powder\n|move|p1a: Whimsicott|Moonblast|p2b: Chesnaught\n|-activate|p2b: Chesnaught|move: Protect\n|cant|p2a: Incineroar|slp\n|\n|upkeep\n|turn|8\n|c|\u2606KoolDuty|so dumb how is this fun for you\n|-message|KoolDuty forfeited.\n|\n|win|JasmineThia\n|raw|JasmineThia's rating: 1129 &rarr; <strong>1152</strong><br />(+23 for winning)\n|raw|KoolDuty's rating: 1104 &rarr; <strong>1081</strong><br />(-23 for losing)\n|l|\u2606KoolDuty\n|player|p2|\n|l|\u2606JasmineThia\n|player|p1|\n|j|\u2606JasmineThia\n|player|p1|JasmineThia|selene-masters2|\n",
  "uploadtime": 1776219946,
  "views": 34,
  "formatid": "gen9championsvgc2026regma",
  "rating": 1081,
  "private": 0,
  "password": null
}