{
  "id": "gen9championsvgc2026regma-2582764719",
  "format": "[Gen 9 Champions] VGC 2026 Reg M-A",
  "players": [
    "NotTheRealAdo",
    "BettyWhipe"
  ],
  "log": "|j|\u2606NotTheRealAdo\n|j|\u2606BettyWhipe\n|t:|1776112494\n|gametype|doubles\n|player|p1|NotTheRealAdo|karen|1150\n|player|p2|BettyWhipe|chuck|1072\n|gen|9\n|tier|[Gen 9 Champions] VGC 2026 Reg M-A\n|rated|\n|rule|Species Clause: Limit one of each Pok\u00e9mon\n|rule|Item Clause: Limit 1 of each item\n|clearpoke\n|poke|p1|Floette-Eternal, L50, F|\n|poke|p1|Incineroar, L50, F|\n|poke|p1|Garchomp, L50, F|\n|poke|p1|Sneasler, L50, M|\n|poke|p1|Rotom-Wash, L50|\n|poke|p1|Aerodactyl, L50, M|\n|poke|p2|Heracross, L50, F|\n|poke|p2|Sinistcha, L50|\n|poke|p2|Arcanine, L50, F|\n|poke|p2|Corviknight, L50, F|\n|poke|p2|Starmie, L50|\n|poke|p2|Azumarill, L50, F|\n|teampreview|4\n|inactive|Battle timer is ON: inactive players will automatically lose when time's up. (requested by BettyWhipe)\n|inactive|NotTheRealAdo has 60 seconds left.\n|inactive|BettyWhipe has 60 seconds left.\n|inactive|NotTheRealAdo has 30 seconds left.\n|\n|t:|1776112556\n|teamsize|p1|4\n|teamsize|p2|4\n|start\n|switch|p1a: Rotom|Rotom-Wash, L50|100/100\n|switch|p1b: Mary Poppins|Floette-Eternal, L50, F|100/100\n|switch|p2a: Heracross|Heracross, L50, F|100/100\n|switch|p2b: Corviknight|Corviknight, L50, F|100/100\n|turn|1\n|\n|t:|1776112576\n|detailschange|p2a: Heracross|Heracross-Mega, L50, F\n|-mega|p2a: Heracross|Heracross|Heracronite\n|detailschange|p1b: Mary Poppins|Floette-Mega, L50, F\n|-mega|p1b: Mary Poppins|Floette|Floettite\n|-ability|p1b: Mary Poppins|Fairy Aura\n|move|p1a: Rotom|Volt Switch|p2b: Corviknight\n|-supereffective|p2b: Corviknight|1\n|-damage|p2b: Corviknight|34/100\n|\n|t:|1776112591\n|switch|p1a: Sneasler|Sneasler, L50, M|100/100|[from] Volt Switch\n|move|p1b: Mary Poppins|Calm Mind|p1b: Mary Poppins\n|-boost|p1b: Mary Poppins|spa|1\n|-boost|p1b: Mary Poppins|spd|1\n|move|p2a: Heracross|Bullet Seed|p1a: Sneasler\n|-resisted|p1a: Sneasler|1\n|-damage|p1a: Sneasler|91/100\n|-resisted|p1a: Sneasler|1\n|-damage|p1a: Sneasler|82/100\n|-resisted|p1a: Sneasler|1\n|-damage|p1a: Sneasler|71/100\n|-resisted|p1a: Sneasler|1\n|-damage|p1a: Sneasler|62/100\n|-resisted|p1a: Sneasler|1\n|-damage|p1a: Sneasler|52/100\n|-hitcount|p1a: Sneasler|5\n|move|p2b: Corviknight|Tailwind|p2b: Corviknight\n|-sidestart|p2: BettyWhipe|move: Tailwind\n|\n|-heal|p2b: Corviknight|40/100|[from] item: Leftovers\n|upkeep\n|turn|2\n|inactive|NotTheRealAdo has 30 seconds left.\n|inactive|NotTheRealAdo has 20 seconds left.\n|inactive|BettyWhipe has 30 seconds left.\n|\n|t:|1776112636\n|switch|p2b: Arcanine|Arcanine, L50, F|100/100\n|-ability|p2b: Arcanine|Intimidate|boost\n|-unboost|p1a: Sneasler|atk|1\n|-unboost|p1b: Mary Poppins|atk|1\n|-enditem|p1a: Sneasler|White Herb\n|-clearnegativeboost|p1a: Sneasler|[silent]\n|move|p1a: Sneasler|Fake Out|p2b: Arcanine\n|-damage|p2b: Arcanine|83/100\n|move|p2a: Heracross|Rock Blast|p1b: Mary Poppins\n|-damage|p1b: Mary Poppins|88/100\n|-damage|p1b: Mary Poppins|75/100\n|-damage|p1b: Mary Poppins|61/100\n|-damage|p1b: Mary Poppins|49/100\n|-damage|p1b: Mary Poppins|35/100\n|-hitcount|p1b: Mary Poppins|5\n|move|p1b: Mary Poppins|Dazzling Gleam|p2a: Heracross|[spread] p2a,p2b\n|-supereffective|p2a: Heracross|1\n|-resisted|p2b: Arcanine|1\n|-damage|p2a: Heracross|0 fnt\n|-damage|p2b: Arcanine|41/100\n|faint|p2a: Heracross\n|\n|upkeep\n|\n|t:|1776112647\n|switch|p2a: Sinistcha|Sinistcha, L50|100/100\n|-heal|p2b: Arcanine|65/100|[from] ability: Hospitality|[of] p2a: Sinistcha\n|turn|3\n|inactive|NotTheRealAdo has 30 seconds left.\n|\n|t:|1776112680\n|switch|p1b: Rotom|Rotom-Wash, L50|100/100\n|move|p1a: Sneasler|Close Combat|p2b: Arcanine\n|-damage|p2b: Arcanine|0 fnt\n|-unboost|p1a: Sneasler|def|1\n|-unboost|p1a: Sneasler|spd|1\n|faint|p2b: Arcanine\n|move|p2a: Sinistcha|Matcha Gotcha|p1a: Sneasler|[spread] p1a,p1b\n|-resisted|p1a: Sneasler|1\n|-supereffective|p1b: Rotom|1\n|-damage|p1a: Sneasler|20/100\n|-damage|p1b: Rotom|35/100\n|\n|upkeep\n|\n|t:|1776112686\n|switch|p2b: Corviknight|Corviknight, L50, F|40/100\n|turn|4\n|\n|t:|1776112697\n|move|p1a: Sneasler|Dire Claw|p2a: Sinistcha\n|-damage|p2a: Sinistcha|65/100\n|move|p2b: Corviknight|Roost|p2b: Corviknight\n|-heal|p2b: Corviknight|90/100\n|-singleturn|p2b: Corviknight|move: Roost\n|move|p1b: Rotom|Electroweb|p2b: Corviknight|[spread] p2a,p2b\n|-resisted|p2a: Sinistcha|1\n|-damage|p2a: Sinistcha|54/100\n|-damage|p2b: Corviknight|71/100\n|-unboost|p2a: Sinistcha|spe|1\n|-ability|p2b: Corviknight|Mirror Armor\n|-unboost|p1b: Rotom|spe|1\n|move|p2a: Sinistcha|Matcha Gotcha|p1a: Sneasler|[spread] p1a,p1b\n|-resisted|p1a: Sneasler|1\n|-crit|p1a: Sneasler\n|-supereffective|p1b: Rotom|1\n|-damage|p1a: Sneasler|0 fnt\n|-heal|p2a: Sinistcha|65/100|[from] drain|[of] p1a: Sneasler\n|-damage|p1b: Rotom|0 fnt\n|-heal|p2a: Sinistcha|83/100|[from] drain|[of] p1b: Rotom\n|faint|p1a: Sneasler\n|faint|p1b: Rotom\n|\n|-heal|p2b: Corviknight|77/100|[from] item: Leftovers\n|-sideend|p2: BettyWhipe|move: Tailwind\n|upkeep\n|\n|t:|1776112717\n|switch|p1a: Mary Poppins|Floette-Mega, L50, F|35/100\n|switch|p1b: Incineroar|Incineroar, L50, F|100/100\n|-ability|p1a: Mary Poppins|Fairy Aura\n|-ability|p1b: Incineroar|Intimidate|boost\n|-unboost|p2a: Sinistcha|atk|1\n|-ability|p2b: Corviknight|Mirror Armor\n|-unboost|p1b: Incineroar|atk|1\n|turn|5\n|\n|t:|1776112742\n|move|p1b: Incineroar|Fake Out|p2b: Corviknight\n|-resisted|p2b: Corviknight|1\n|-damage|p2b: Corviknight|74/100\n|move|p1a: Mary Poppins|Moonblast|p2a: Sinistcha\n|-damage|p2a: Sinistcha|0 fnt\n|faint|p2a: Sinistcha\n|cant|p2b: Corviknight|flinch\n|\n|-heal|p2b: Corviknight|80/100|[from] item: Leftovers\n|upkeep\n|turn|6\n|\n|t:|1776112754\n|move|p1a: Mary Poppins|Moonblast|p2b: Corviknight\n|-resisted|p2b: Corviknight|1\n|-damage|p2b: Corviknight|40/100\n|move|p2b: Corviknight|Body Press|p1b: Incineroar\n|-supereffective|p1b: Incineroar|1\n|-damage|p1b: Incineroar|58/100\n|move|p1b: Incineroar|Flare Blitz|p2b: Corviknight\n|-supereffective|p2b: Corviknight|1\n|-damage|p2b: Corviknight|0 fnt\n|faint|p2b: Corviknight\n|-damage|p1b: Incineroar|46/100|[from] Recoil\n|-enditem|p1b: Incineroar|Sitrus Berry|[eat]\n|-heal|p1b: Incineroar|71/100|[from] item: Sitrus Berry\n|\n|win|NotTheRealAdo\n|raw|NotTheRealAdo's rating: 1150 &rarr; <strong>1169</strong><br />(+19 for winning)\n|raw|BettyWhipe's rating: 1072 &rarr; <strong>1056</strong><br />(-16 for losing)\n|l|\u2606BettyWhipe\n|player|p2|\n",
  "uploadtime": 1776112767,
  "views": 14,
  "formatid": "gen9championsvgc2026regma",
  "rating": 1056,
  "private": 0,
  "password": null
}