{
  "id": "gen9championsvgc2026regma-2583490545",
  "format": "[Gen 9 Champions] VGC 2026 Reg M-A",
  "players": [
    "godfocker",
    "suibiandajiba"
  ],
  "log": "|j|\u2606godfocker\n|j|\u2606suibiandajiba\n|t:|1776178978\n|gametype|doubles\n|player|p1|godfocker|265|1393\n|player|p2|suibiandajiba|hilbert|1495\n|gen|9\n|tier|[Gen 9 Champions] VGC 2026 Reg M-A\n|rated|\n|rule|Species Clause: Limit one of each Pok\u00e9mon\n|rule|Item Clause: Limit 1 of each item\n|clearpoke\n|poke|p1|Gengar, L50, F|\n|poke|p1|Whimsicott, L50, F|\n|poke|p1|Incineroar, L50, F|\n|poke|p1|Kommo-o, L50, F|\n|poke|p1|Tyranitar, L50, M|\n|poke|p1|Excadrill, L50, F|\n|poke|p2|Gardevoir, L50, F|\n|poke|p2|Incineroar, L50, F|\n|poke|p2|Rotom-Wash, L50|\n|poke|p2|Garchomp, L50, M|\n|poke|p2|Corviknight, L50, F|\n|poke|p2|Sinistcha, L50|\n|teampreview|4\n|inactive|Battle timer is ON: inactive players will automatically lose when time's up. (requested by suibiandajiba)\n|\n|t:|1776179018\n|teamsize|p1|4\n|teamsize|p2|4\n|start\n|switch|p1a: Gengar|Gengar, L50, F|100/100\n|switch|p1b: Whimsicott|Whimsicott, L50, F|100/100\n|switch|p2a: Garchomp|Garchomp, L50, M|100/100\n|switch|p2b: Sinistcha|Sinistcha, L50|100/100\n|turn|1\n|inactive|godfocker has 30 seconds left.\n|inactive|godfocker has 20 seconds left.\n|inactive|godfocker has 15 seconds left.\n|\n|t:|1776179061\n|detailschange|p1a: Gengar|Gengar-Mega, L50, F\n|-mega|p1a: Gengar|Gengar|Gengarite\n|move|p1a: Gengar|Protect|p1a: Gengar\n|-singleturn|p1a: Gengar|Protect\n|move|p1b: Whimsicott|Moonblast|p2a: Garchomp\n|-supereffective|p2a: Garchomp|1\n|-damage|p2a: Garchomp|44/100\n|move|p2a: Garchomp|Earthquake|p1b: Whimsicott|[spread] p2b,p1b\n|-activate|p1a: Gengar|move: Protect\n|-resisted|p2b: Sinistcha|1\n|-resisted|p1b: Whimsicott|1\n|-damage|p2b: Sinistcha|87/100\n|-damage|p1b: Whimsicott|76/100\n|move|p2b: Sinistcha|Trick Room|p2b: Sinistcha\n|-fieldstart|move: Trick Room|[of] p2b: Sinistcha\n|\n|upkeep\n|turn|2\n|inactive|godfocker has 30 seconds left.\n|\n|t:|1776179092\n|switch|p1a: Kommo-o|Kommo-o, L50, F|100/100\n|move|p2b: Sinistcha|Life Dew|p2b: Sinistcha|[spread] p2a,p2b\n|-heal|p2a: Garchomp|69/100\n|-heal|p2b: Sinistcha|100/100\n|move|p2a: Garchomp|Earthquake|p1b: Whimsicott|[spread] p2b,p1a,p1b\n|-resisted|p2b: Sinistcha|1\n|-resisted|p1b: Whimsicott|1\n|-damage|p2b: Sinistcha|87/100\n|-damage|p1a: Kommo-o|66/100\n|-damage|p1b: Whimsicott|50/100\n|move|p1b: Whimsicott|Moonblast|p2a: Garchomp\n|-supereffective|p2a: Garchomp|1\n|-damage|p2a: Garchomp|8/100\n|\n|upkeep\n|turn|3\n|inactive|godfocker has 30 seconds left.\n|inactive|suibiandajiba has 30 seconds left.\n|inactive|suibiandajiba has 20 seconds left.\n|\n|t:|1776179129\n|switch|p2b: Forever Queen|Gardevoir, L50, F, shiny|100/100\n|-ability|p2b: Forever Queen|Prankster|Trace|[from] ability: Trace|[of] p1b: Whimsicott\n|switch|p2a: Corviknight|Corviknight, L50, F|100/100\n|move|p1a: Kommo-o|Protect|p1a: Kommo-o\n|-singleturn|p1a: Kommo-o|Protect\n|move|p1b: Whimsicott|Moonblast|p2a: Corviknight\n|-resisted|p2a: Corviknight|1\n|-damage|p2a: Corviknight|92/100\n|\n|-heal|p2a: Corviknight|98/100|[from] item: Leftovers\n|upkeep\n|turn|4\n|inactive|godfocker has 30 seconds left.\n|inactive|godfocker has 20 seconds left.\n|inactive|godfocker has 15 seconds left.\n|inactive|godfocker has 10 seconds left.\n|\n|t:|1776179175\n|switch|p1a: Excadrill|Excadrill, L50, F|100/100\n|detailschange|p2b: Forever Queen|Gardevoir-Mega, L50, F, shiny\n|-mega|p2b: Forever Queen|Gardevoir|Gardevoirite\n|move|p1b: Whimsicott|Fake Tears|p2a: Corviknight\n|-ability|p2a: Corviknight|Mirror Armor\n|-unboost|p1b: Whimsicott|spd|2\n|move|p2a: Corviknight|Brave Bird|p1a: Excadrill\n|-resisted|p1a: Excadrill|1\n|-damage|p1a: Excadrill|73/100\n|-damage|p2a: Corviknight|89/100|[from] Recoil\n|move|p2b: Forever Queen|Hyper Voice|p1b: Whimsicott|[spread] p1a,p1b\n|-resisted|p1a: Excadrill|1\n|-damage|p1a: Excadrill|36/100\n|-damage|p1b: Whimsicott|0 fnt\n|faint|p1b: Whimsicott\n|\n|-heal|p2a: Corviknight|95/100|[from] item: Leftovers\n|upkeep\n|\n|t:|1776179182\n|switch|p1b: Gengar|Gengar-Mega, L50, F|100/100\n|turn|5\n|\n|t:|1776179190\n|move|p1a: Excadrill|Protect|p1a: Excadrill\n|-singleturn|p1a: Excadrill|Protect\n|move|p1b: Gengar|Protect|p1b: Gengar\n|-singleturn|p1b: Gengar|Protect\n|move|p2a: Corviknight|Bulk Up|p2a: Corviknight\n|-boost|p2a: Corviknight|atk|1\n|-boost|p2a: Corviknight|def|1\n|move|p2b: Forever Queen|Calm Mind|p2b: Forever Queen\n|-boost|p2b: Forever Queen|spa|1\n|-boost|p2b: Forever Queen|spd|1\n|\n|-heal|p2a: Corviknight|100/100|[from] item: Leftovers\n|-fieldend|move: Trick Room\n|upkeep\n|turn|6\n|\n|t:|1776179212\n|move|p2b: Forever Queen|Protect|p2b: Forever Queen\n|-singleturn|p2b: Forever Queen|Protect\n|move|p1b: Gengar|Shadow Ball|p2a: Corviknight\n|-damage|p2a: Corviknight|66/100\n|move|p1a: Excadrill|Iron Head|p2b: Forever Queen\n|-activate|p2b: Forever Queen|move: Protect\n|move|p2a: Corviknight|Brave Bird|p1b: Gengar\n|-damage|p1b: Gengar|21/100\n|-damage|p2a: Corviknight|49/100|[from] Recoil\n|\n|-heal|p2a: Corviknight|55/100|[from] item: Leftovers\n|upkeep\n|turn|7\n|\n|t:|1776179229\n|move|p1b: Gengar|Sludge Bomb|p2b: Forever Queen\n|-supereffective|p2b: Forever Queen|1\n|-damage|p2b: Forever Queen|38/100\n|move|p1a: Excadrill|Iron Head|p2b: Forever Queen\n|-supereffective|p2b: Forever Queen|1\n|-damage|p2b: Forever Queen|0 fnt\n|faint|p2b: Forever Queen\n|move|p2a: Corviknight|Brave Bird|p1b: Gengar\n|-damage|p1b: Gengar|0 fnt\n|faint|p1b: Gengar\n|-damage|p2a: Corviknight|50/100|[from] Recoil\n|\n|-heal|p2a: Corviknight|56/100|[from] item: Leftovers\n|upkeep\n|\n|t:|1776179236\n|switch|p1b: Kommo-o|Kommo-o, L50, F|66/100\n|switch|p2b: Sinistcha|Sinistcha, L50|87/100\n|-heal|p2a: Corviknight|81/100|[from] ability: Hospitality|[of] p2b: Sinistcha\n|turn|8\n|j| RottenPond\n|inactive|godfocker has 30 seconds left.\n|inactive|godfocker has 20 seconds left.\n|\n|t:|1776179276\n|move|p1b: Kommo-o|Clangorous Soul|p1b: Kommo-o\n|-boost|p1b: Kommo-o|atk|1\n|-boost|p1b: Kommo-o|def|1\n|-boost|p1b: Kommo-o|spa|1\n|-boost|p1b: Kommo-o|spd|1\n|-boost|p1b: Kommo-o|spe|1\n|-damage|p1b: Kommo-o|33/100\n|-enditem|p1b: Kommo-o|Sitrus Berry|[eat]\n|-heal|p1b: Kommo-o|58/100|[from] item: Sitrus Berry\n|move|p1a: Excadrill|Iron Head|p2b: Sinistcha\n|-damage|p2b: Sinistcha|57/100\n|move|p2a: Corviknight|Brave Bird|p1b: Kommo-o\n|-supereffective|p1b: Kommo-o|1\n|-damage|p1b: Kommo-o|0 fnt\n|faint|p1b: Kommo-o\n|-damage|p2a: Corviknight|67/100|[from] Recoil\n|cant|p2b: Sinistcha|flinch\n|\n|-heal|p2a: Corviknight|73/100|[from] item: Leftovers\n|upkeep\n|turn|9\n|inactive|godfocker has 30 seconds left.\n|-message|godfocker forfeited.\n|\n|win|suibiandajiba\n|raw|godfocker's rating: 1393 &rarr; <strong>1379</strong><br />(-14 for losing)\n|raw|suibiandajiba's rating: 1495 &rarr; <strong>1509</strong><br />(+14 for winning)\n|l|\u2606godfocker\n|player|p1|\n",
  "uploadtime": 1776179595,
  "views": 26,
  "formatid": "gen9championsvgc2026regma",
  "rating": 1379,
  "private": 0,
  "password": null
}