{
  "id": "gen9championsvgc2026regma-2588798176",
  "format": "[Gen 9 Champions] VGC 2026 Reg M-A",
  "players": [
    "mizutiga",
    "shedinja's cultist"
  ],
  "log": "|j|\u2606mizutiga\n|j|\u2606shedinja's cultist\n|t:|1776672152\n|gametype|doubles\n|player|p1|mizutiga|266|1104\n|player|p2|shedinja's cultist|1|1173\n|gen|9\n|tier|[Gen 9 Champions] VGC 2026 Reg M-A\n|rated|\n|rule|Species Clause: Limit one of each Pok\u00e9mon\n|rule|Item Clause: Limit 1 of each item\n|clearpoke\n|poke|p1|Serperior, L50, F, shiny|\n|poke|p1|Incineroar, L50, M|\n|poke|p1|Tauros-Paldea-Aqua, L50, M|\n|poke|p1|Pelipper, L50, F|\n|poke|p1|Dragonite, L50, M|\n|poke|p1|Milotic, L50, M|\n|poke|p2|Scizor, L50, F|\n|poke|p2|Garchomp, L50, F|\n|poke|p2|Sylveon, L50, M|\n|poke|p2|Aerodactyl, L50, M|\n|poke|p2|Typhlosion-Hisui, L50, M|\n|poke|p2|Sneasler, L50, M|\n|teampreview|4\n|\n|t:|1776672194\n|teamsize|p1|4\n|teamsize|p2|4\n|start\n|switch|p1a: Incineroar|Incineroar, L50, M|100/100\n|switch|p1b: Pelipper|Pelipper, L50, F|100/100\n|switch|p2a: Aerodactyl|Aerodactyl, L50, M|100/100\n|switch|p2b: Garchomp|Garchomp, L50, F|100/100\n|-ability|p2a: Aerodactyl|Unnerve\n|-weather|RainDance|[from] ability: Drizzle|[of] p1b: Pelipper\n|-ability|p1a: Incineroar|Intimidate|boost\n|-unboost|p2a: Aerodactyl|atk|1\n|-unboost|p2b: Garchomp|atk|1\n|turn|1\n|\n|t:|1776672210\n|move|p1a: Incineroar|Fake Out|p2a: Aerodactyl\n|-resisted|p2a: Aerodactyl|1\n|-crit|p2a: Aerodactyl\n|-damage|p2a: Aerodactyl|88/100\n|cant|p2a: Aerodactyl|flinch\n|move|p2b: Garchomp|Earthquake|p1a: Incineroar|[spread] p1a\n|-immune|p2a: Aerodactyl\n|-immune|p1b: Pelipper\n|-supereffective|p1a: Incineroar|1\n|-damage|p1a: Incineroar|55/100\n|move|p1b: Pelipper|Weather Ball|p2a: Aerodactyl\n|-supereffective|p2a: Aerodactyl|1\n|-damage|p2a: Aerodactyl|0 fnt\n|faint|p2a: Aerodactyl\n|\n|-weather|RainDance|[upkeep]\n|upkeep\n|\n|t:|1776672224\n|switch|p2a: Sneasler|Sneasler, L50, M|100/100\n|turn|2\n|\n|t:|1776672238\n|switch|p1a: Dragonite|Dragonite, L50, M|100/100\n|move|p2a: Sneasler|Close Combat|p1a: Dragonite\n|-resisted|p1a: Dragonite|1\n|-damage|p1a: Dragonite|86/100\n|-unboost|p2a: Sneasler|def|1\n|-unboost|p2a: Sneasler|spd|1\n|-enditem|p2a: Sneasler|White Herb\n|-clearnegativeboost|p2a: Sneasler|[silent]\n|move|p2b: Garchomp|Rock Slide|p1b: Pelipper|[spread] p1a,p1b\n|-supereffective|p1a: Dragonite|1\n|-supereffective|p1b: Pelipper|1\n|-damage|p1a: Dragonite|62/100\n|-damage|p1b: Pelipper|80/100\n|move|p1b: Pelipper|Hurricane|p2a: Sneasler\n|-supereffective|p2a: Sneasler|1\n|-damage|p2a: Sneasler|4/100\n|\n|-weather|RainDance|[upkeep]\n|upkeep\n|turn|3\n|\n|t:|1776672272\n|detailschange|p1a: Dragonite|Dragonite-Mega, L50, M\n|-mega|p1a: Dragonite|Dragonite|Dragoninite\n|move|p2a: Sneasler|Acrobatics|p1a: Dragonite\n|-crit|p1a: Dragonite\n|-damage|p1a: Dragonite|13/100\n|move|p2b: Garchomp|Rock Slide|p1a: Dragonite|[spread] p1b\n|-miss|p2b: Garchomp|p1a: Dragonite\n|-supereffective|p1b: Pelipper|1\n|-damage|p1b: Pelipper|61/100\n|move|p1a: Dragonite|Thunder|p2a: Sneasler\n|-damage|p2a: Sneasler|0 fnt\n|faint|p2a: Sneasler\n|cant|p1b: Pelipper|flinch\n|\n|-weather|RainDance|[upkeep]\n|upkeep\n|\n|t:|1776672280\n|switch|p2a: Typhlosion|Typhlosion-Hisui, L50, M|100/100\n|-item|p1a: Dragonite|Dragoninite|[from] ability: Frisk|[of] p2a: Typhlosion\n|-item|p1b: Pelipper|Focus Sash|[from] ability: Frisk|[of] p2a: Typhlosion\n|turn|4\n|\n|t:|1776672292\n|move|p2a: Typhlosion|Eruption|p1b: Pelipper|[spread] p1a,p1b\n|-resisted|p1a: Dragonite|1\n|-crit|p1a: Dragonite\n|-resisted|p1b: Pelipper|1\n|-damage|p1a: Dragonite|0 fnt\n|-damage|p1b: Pelipper|43/100\n|faint|p1a: Dragonite\n|move|p2b: Garchomp|Rock Slide|p1b: Pelipper\n|-supereffective|p1b: Pelipper|1\n|-damage|p1b: Pelipper|18/100\n|move|p1b: Pelipper|Weather Ball|p2a: Typhlosion\n|-supereffective|p2a: Typhlosion|1\n|-crit|p2a: Typhlosion\n|-damage|p2a: Typhlosion|0 fnt\n|faint|p2a: Typhlosion\n|\n|-weather|RainDance|[upkeep]\n|upkeep\n|\n|t:|1776672299\n|switch|p1a: Incineroar|Incineroar, L50, M|55/100\n|-ability|p1a: Incineroar|Intimidate|boost\n|-unboost|p2b: Garchomp|atk|1\n|turn|5\n|\n|t:|1776672317\n|move|p2b: Garchomp|Rock Slide|p1a: Incineroar|[spread] p1a,p1b\n|-supereffective|p1a: Incineroar|1\n|-supereffective|p1b: Pelipper|1\n|-damage|p1a: Incineroar|38/100\n|-damage|p1b: Pelipper|3/100\n|-enditem|p1a: Incineroar|Sitrus Berry|[eat]\n|-heal|p1a: Incineroar|63/100|[from] item: Sitrus Berry\n|move|p1b: Pelipper|Weather Ball|p2b: Garchomp\n|-damage|p2b: Garchomp|43/100\n|cant|p1a: Incineroar|flinch\n|\n|-weather|none\n|-heal|p2b: Garchomp|49/100|[from] item: Leftovers\n|upkeep\n|turn|6\n|-message|shedinja's cultist forfeited.\n|\n|win|mizutiga\n|raw|mizutiga's rating: 1104 &rarr; <strong>1134</strong><br />(+30 for winning)\n|raw|shedinja&apos;s cultist's rating: 1173 &rarr; <strong>1143</strong><br />(-30 for losing)\n|l|\u2606shedinja's cultist\n|player|p2|\n",
  "uploadtime": 1776672329,
  "views": 13,
  "formatid": "gen9championsvgc2026regma",
  "rating": 1134,
  "private": 0,
  "password": null
}