{
  "id": "gen9championsvgc2026regma-2587774890",
  "format": "[Gen 9 Champions] VGC 2026 Reg M-A",
  "players": [
    "AidzPlayz",
    "karmapolicevgc"
  ],
  "log": "|j|\u2606AidzPlayz\n|j|\u2606karmapolicevgc\n|t:|1776562717\n|gametype|doubles\n|player|p1|AidzPlayz|ghetsis-gen5bw|1412\n|player|p2|karmapolicevgc|li|1472\n|gen|9\n|tier|[Gen 9 Champions] VGC 2026 Reg M-A\n|rated|\n|rule|Species Clause: Limit one of each Pok\u00e9mon\n|rule|Item Clause: Limit 1 of each item\n|clearpoke\n|poke|p1|Aerodactyl, L50, F|\n|poke|p1|Incineroar, L50, F|\n|poke|p1|Floette-Eternal, L50, F|\n|poke|p1|Basculegion, L50, M|\n|poke|p1|Garchomp, L50, M|\n|poke|p1|Sneasler, L50, F|\n|poke|p2|Scovillain, L50, M|\n|poke|p2|Hippowdon, L50, M|\n|poke|p2|Dragonite, L50, M|\n|poke|p2|Milotic, L50, F|\n|poke|p2|Sneasler, L50, F|\n|poke|p2|Farigiraf, L50, F|\n|teampreview|4\n|\n|t:|1776562765\n|teamsize|p1|4\n|teamsize|p2|4\n|start\n|switch|p1a: Incineroar|Incineroar, L50, F|100/100\n|switch|p1b: Floette|Floette-Eternal, L50, F|100/100\n|switch|p2a: Scovillain|Scovillain, L50, M|100/100\n|switch|p2b: Farigiraf|Farigiraf, L50, F|100/100\n|-ability|p1a: Incineroar|Intimidate|boost\n|-unboost|p2a: Scovillain|atk|1\n|-unboost|p2b: Farigiraf|atk|1\n|turn|1\n|inactive|Battle timer is ON: inactive players will automatically lose when time's up. (requested by AidzPlayz)\n|\n|t:|1776562793\n|detailschange|p1b: Floette|Floette-Mega, L50, F\n|-mega|p1b: Floette|Floette|Floettite\n|-ability|p1b: Floette|Fairy Aura\n|detailschange|p2a: Scovillain|Scovillain-Mega, L50, M\n|-mega|p2a: Scovillain|Scovillain|Scovillainite\n|move|p1a: Incineroar|Helping Hand|p1b: Floette\n|-singleturn|p1b: Floette|Helping Hand|[of] p1a: Incineroar\n|move|p1b: Floette|Moonblast|p2b: Farigiraf\n|-damage|p2b: Farigiraf|10/100\n|-enditem|p2b: Farigiraf|Sitrus Berry|[eat]\n|-heal|p2b: Farigiraf|35/100|[from] item: Sitrus Berry\n|move|p2a: Scovillain|Giga Drain|p1b: Floette\n|-damage|p1b: Floette|68/100\n|move|p2b: Farigiraf|Light Screen|p2b: Farigiraf\n|-sidestart|p2: karmapolicevgc|move: Light Screen\n|\n|upkeep\n|turn|2\n|inactive|karmapolicevgc has 30 seconds left.\n|\n|t:|1776562821\n|move|p1a: Incineroar|Helping Hand|p1b: Floette\n|-singleturn|p1b: Floette|Helping Hand|[of] p1a: Incineroar\n|move|p1b: Floette|Light of Ruin|p2a: Scovillain\n|-resisted|p2a: Scovillain|1\n|-damage|p2a: Scovillain|51/100\n|-status|p1b: Floette|brn|[from] ability: Spicy Spray|[of] p2a: Scovillain\n|-damage|p1b: Floette|39/100 brn|[from] Recoil\n|move|p2a: Scovillain|Giga Drain|p1b: Floette\n|-damage|p1b: Floette|7/100 brn\n|-heal|p2a: Scovillain|65/100|[from] drain|[of] p1b: Floette\n|move|p2b: Farigiraf|Hyper Voice|p1b: Floette|[spread] p1a,p1b\n|-damage|p1a: Incineroar|84/100\n|-damage|p1b: Floette|0 fnt\n|faint|p1b: Floette\n|\n|-activate|p2b: Farigiraf|ability: Cud Chew\n|-enditem|p2b: Farigiraf|Sitrus Berry|[eat]\n|-heal|p2b: Farigiraf|60/100|[from] item: Sitrus Berry\n|upkeep\n|inactive|AidzPlayz has 30 seconds left.\n|\n|t:|1776562849\n|switch|p1b: Aerodactyl|Aerodactyl, L50, F|100/100\n|-ability|p1b: Aerodactyl|Unnerve\n|turn|3\n|\n|t:|1776562862\n|move|p2a: Scovillain|Protect|p2a: Scovillain\n|-singleturn|p2a: Scovillain|Protect\n|move|p1b: Aerodactyl|Dual Wingbeat|p2a: Scovillain\n|-activate|p2a: Scovillain|move: Protect\n|move|p1a: Incineroar|Parting Shot|p2b: Farigiraf\n|-unboost|p2b: Farigiraf|atk|1\n|-unboost|p2b: Farigiraf|spa|1\n|\n|t:|1776562870\n|switch|p1a: Garchomp|Garchomp, L50, M|100/100|[from] Parting Shot\n|move|p2b: Farigiraf|Reflect|p2b: Farigiraf\n|-sidestart|p2: karmapolicevgc|Reflect\n|\n|upkeep\n|turn|4\n|\n|t:|1776562882\n|switch|p2b: Milotic|Milotic, L50, F|100/100\n|move|p1b: Aerodactyl|Dual Wingbeat|p2a: Scovillain\n|-supereffective|p2a: Scovillain|1\n|-damage|p2a: Scovillain|37/100\n|-status|p1b: Aerodactyl|brn|[from] ability: Spicy Spray|[of] p2a: Scovillain\n|-supereffective|p2a: Scovillain|1\n|-damage|p2a: Scovillain|24/100\n|-hitcount|p2a: Scovillain|2\n|move|p1a: Garchomp|Earthquake|p2a: Scovillain|[spread] p2a,p2b\n|-immune|p1b: Aerodactyl\n|-damage|p2a: Scovillain|0 fnt\n|-damage|p2b: Milotic|79/100\n|-status|p1a: Garchomp|brn|[from] ability: Spicy Spray|[of] p2a: Scovillain\n|faint|p2a: Scovillain\n|\n|-damage|p1b: Aerodactyl|95/100 brn|[from] brn\n|-damage|p1a: Garchomp|94/100 brn|[from] brn\n|upkeep\n|c|\u2606AidzPlayz|its fried\n|c|\u2606AidzPlayz|gg\n|\n|t:|1776562902\n|switch|p2a: Farigiraf|Farigiraf, L50, F|60/100\n|turn|5\n|\n|t:|1776562918\n|move|p1b: Aerodactyl|Rock Slide|p2a: Farigiraf|[spread] p2a,p2b\n|-damage|p2a: Farigiraf|52/100\n|-damage|p2b: Milotic|72/100\n|move|p1a: Garchomp|Earthquake|p2a: Farigiraf|[spread] p2a,p2b\n|-immune|p1b: Aerodactyl\n|-damage|p2a: Farigiraf|39/100\n|-damage|p2b: Milotic|61/100\n|move|p2b: Milotic|Ice Beam|p1a: Garchomp\n|-supereffective|p1a: Garchomp|2\n|-damage|p1a: Garchomp|0 fnt\n|faint|p1a: Garchomp\n|move|p2a: Farigiraf|Twin Beam|p1b: Aerodactyl\n|-damage|p1b: Aerodactyl|71/100 brn\n|-damage|p1b: Aerodactyl|48/100 brn\n|-hitcount|p1b: Aerodactyl|2\n|\n|-damage|p1b: Aerodactyl|42/100 brn|[from] brn\n|-sideend|p2: karmapolicevgc|move: Light Screen\n|upkeep\n|\n|t:|1776562923\n|switch|p1a: Incineroar|Incineroar, L50, F|84/100\n|-ability|p1a: Incineroar|Intimidate|boost\n|-unboost|p2a: Farigiraf|atk|1\n|-unboost|p2b: Milotic|atk|1\n|-ability|p2b: Milotic|Competitive|boost\n|-boost|p2b: Milotic|spa|2\n|turn|6\n|-activate|p2b: Milotic|item: Quick Claw\n|\n|t:|1776562932\n|move|p2b: Milotic|Scald|p1a: Incineroar\n|-supereffective|p1a: Incineroar|1\n|-damage|p1a: Incineroar|9/100\n|-enditem|p1a: Incineroar|Sitrus Berry|[eat]\n|-heal|p1a: Incineroar|34/100|[from] item: Sitrus Berry\n|move|p1b: Aerodactyl|Rock Slide|p2a: Farigiraf|[spread] p2a,p2b\n|-damage|p2a: Farigiraf|32/100\n|-damage|p2b: Milotic|55/100\n|move|p1a: Incineroar|Flare Blitz|p2a: Farigiraf\n|-damage|p2a: Farigiraf|3/100\n|-damage|p1a: Incineroar|23/100|[from] Recoil\n|cant|p2a: Farigiraf|flinch\n|\n|-damage|p1b: Aerodactyl|36/100 brn|[from] brn\n|upkeep\n|turn|7\n|\n|t:|1776562951\n|move|p1b: Aerodactyl|Rock Slide|p2a: Farigiraf|[spread] p2a,p2b\n|-damage|p2a: Farigiraf|0 fnt\n|-damage|p2b: Milotic|48/100\n|faint|p2a: Farigiraf\n|move|p2b: Milotic|Scald|p1a: Incineroar\n|-supereffective|p1a: Incineroar|1\n|-damage|p1a: Incineroar|0 fnt\n|faint|p1a: Incineroar\n|\n|-damage|p1b: Aerodactyl|30/100 brn|[from] brn\n|-sideend|p2: karmapolicevgc|Reflect\n|upkeep\n|\n|t:|1776562954\n|switch|p2a: Sneasler|Sneasler, L50, F|100/100\n|turn|8\n|-activate|p2b: Milotic|item: Quick Claw\n|\n|t:|1776562963\n|move|p2b: Milotic|Scald|p1b: Aerodactyl\n|-supereffective|p1b: Aerodactyl|1\n|-damage|p1b: Aerodactyl|0 fnt\n|faint|p1b: Aerodactyl\n|\n|win|karmapolicevgc\n|raw|AidzPlayz's rating: 1412 &rarr; <strong>1395</strong><br />(-17 for losing)\n|raw|karmapolicevgc's rating: 1472 &rarr; <strong>1489</strong><br />(+17 for winning)\n|c|\u2606karmapolicevgc|gg\n|c|\u2606AidzPlayz|..\n|c|\u2606AidzPlayz|gg\n|l|\u2606karmapolicevgc\n|player|p2|\n|l|\u2606AidzPlayz\n|player|p1|\n",
  "uploadtime": 1776562964,
  "views": 15,
  "formatid": "gen9championsvgc2026regma",
  "rating": 1395,
  "private": 0,
  "password": null
}