{
  "id": "gen9championsvgc2026regma-2581313256",
  "format": "[Gen 9 Champions] VGC 2026 Reg M-A",
  "players": [
    "Rewest",
    "loklastaji"
  ],
  "log": "|j|\u2606Rewest\n|j|\u2606loklastaji\n|t:|1775985228\n|gametype|doubles\n|player|p1|Rewest|pokemonranger-gen4|1097\n|player|p2|loklastaji|266|1130\n|gen|9\n|tier|[Gen 9 Champions] VGC 2026 Reg M-A\n|rated|\n|rule|Species Clause: Limit one of each Pok\u00e9mon\n|rule|Item Clause: Limit 1 of each item\n|clearpoke\n|poke|p1|Charizard, L50, F|\n|poke|p1|Venusaur, L50, F|\n|poke|p1|Garchomp, L50, M|\n|poke|p1|Sneasler, L50, F|\n|poke|p1|Rotom-Wash, L50|\n|poke|p1|Incineroar, L50, F|\n|poke|p2|Altaria, L50, M|\n|poke|p2|Scovillain, L50, F|\n|poke|p2|Krookodile, L50, F|\n|poke|p2|Rotom-Wash, L50|\n|poke|p2|Farigiraf, L50, F|\n|poke|p2|Sneasler, L50, F|\n|teampreview|4\n|\n|t:|1775985251\n|teamsize|p1|4\n|teamsize|p2|4\n|start\n|switch|p1a: Charizard|Charizard, L50, F, shiny|100/100\n|switch|p1b: Incineroar|Incineroar, L50, F, shiny|100/100\n|switch|p2a: Krookodile|Krookodile, L50, F|100/100\n|switch|p2b: Scovillain|Scovillain, L50, F|100/100\n|-ability|p2a: Krookodile|Intimidate|boost\n|-unboost|p1a: Charizard|atk|1\n|-unboost|p1b: Incineroar|atk|1\n|-ability|p1b: Incineroar|Intimidate|boost\n|-unboost|p2a: Krookodile|atk|1\n|-unboost|p2b: Scovillain|atk|1\n|turn|1\n|\n|t:|1775985287\n|switch|p2a: Altaria|Altaria, L50, M|100/100\n|detailschange|p1a: Charizard|Charizard-Mega-Y, L50, F, shiny\n|-mega|p1a: Charizard|Charizard|Charizardite Y\n|-weather|SunnyDay|[from] ability: Drought|[of] p1a: Charizard\n|move|p2b: Scovillain|Protect|p2b: Scovillain\n|-singleturn|p2b: Scovillain|Protect\n|move|p1b: Incineroar|Fake Out|p2a: Altaria\n|-damage|p2a: Altaria|88/100\n|move|p1a: Charizard|Solar Beam||[still]\n|-prepare|p1a: Charizard|Solar Beam\n|-anim|p1a: Charizard|Solar Beam|p2a: Altaria\n|-resisted|p2a: Altaria|2\n|-damage|p2a: Altaria|75/100\n|\n|-weather|SunnyDay|[upkeep]\n|upkeep\n|turn|2\n|\n|t:|1775985321\n|switch|p1a: Venusaur|Venusaur, L50, F|100/100\n|switch|p1b: Rotom|Rotom-Wash, L50, shiny|100/100\n|move|p2b: Scovillain|Flamethrower|p1a: Venusaur\n|-supereffective|p1a: Venusaur|1\n|-enditem|p1a: Venusaur|Focus Sash\n|-damage|p1a: Venusaur|1/100\n|move|p2a: Altaria|Tailwind|p2a: Altaria\n|-sidestart|p2: loklastaji|move: Tailwind\n|\n|-weather|SunnyDay|[upkeep]\n|upkeep\n|turn|3\n|\n|t:|1775985348\n|switch|p1b: Incineroar|Incineroar, L50, F, shiny|100/100\n|-ability|p1b: Incineroar|Intimidate|boost\n|-unboost|p2a: Altaria|atk|1\n|-unboost|p2b: Scovillain|atk|1\n|detailschange|p2a: Altaria|Altaria-Mega, L50, M\n|-mega|p2a: Altaria|Altaria|Altarianite\n|move|p1a: Venusaur|Protect|p1a: Venusaur\n|-singleturn|p1a: Venusaur|Protect\n|move|p2b: Scovillain|Energy Ball|p1b: Incineroar\n|-resisted|p1b: Incineroar|1\n|-damage|p1b: Incineroar|82/100\n|move|p2a: Altaria|Hyper Voice|p1a: Venusaur|[spread] p1b\n|-activate|p1a: Venusaur|move: Protect\n|-damage|p1b: Incineroar|46/100\n|-enditem|p1b: Incineroar|Sitrus Berry|[eat]\n|-heal|p1b: Incineroar|71/100|[from] item: Sitrus Berry\n|\n|-weather|SunnyDay|[upkeep]\n|upkeep\n|turn|4\n|\n|t:|1775985371\n|move|p2b: Scovillain|Protect|p2b: Scovillain\n|-singleturn|p2b: Scovillain|Protect\n|move|p2a: Altaria|Protect|p2a: Altaria\n|-singleturn|p2a: Altaria|Protect\n|move|p1b: Incineroar|Fake Out|p2a: Altaria\n|-activate|p2a: Altaria|move: Protect\n|move|p1a: Venusaur|Sleep Powder|p2a: Altaria\n|-activate|p2a: Altaria|move: Protect\n|\n|-weather|SunnyDay|[upkeep]\n|upkeep\n|turn|5\n|\n|t:|1775985394\n|move|p1a: Venusaur|Protect|p1a: Venusaur\n|-singleturn|p1a: Venusaur|Protect\n|move|p2b: Scovillain|Rage Powder|p2b: Scovillain\n|-singleturn|p2b: Scovillain|move: Rage Powder\n|move|p2a: Altaria|Hyper Voice|p1a: Venusaur|[spread] p1b\n|-activate|p1a: Venusaur|move: Protect\n|-damage|p1b: Incineroar|37/100\n|move|p1b: Incineroar|Parting Shot|p2b: Scovillain\n|-unboost|p2b: Scovillain|atk|1\n|-unboost|p2b: Scovillain|spa|1\n|\n|t:|1775985406\n|switch|p1b: Charizard|Charizard-Mega-Y, L50, F, shiny|100/100|[from] Parting Shot\n|\n|-weather|none\n|-sideend|p2: loklastaji|move: Tailwind\n|upkeep\n|turn|6\n|\n|t:|1775985417\n|move|p2b: Scovillain|Rage Powder|p2b: Scovillain\n|-singleturn|p2b: Scovillain|move: Rage Powder\n|move|p1b: Charizard|Heat Wave|p2a: Altaria|[spread] p2a,p2b\n|-resisted|p2a: Altaria|1\n|-damage|p2a: Altaria|52/100\n|-damage|p2b: Scovillain|43/100\n|-status|p2a: Altaria|brn\n|move|p2a: Altaria|Hyper Voice|p1a: Venusaur|[spread] p1a,p1b\n|-resisted|p1a: Venusaur|1\n|-resisted|p1b: Charizard|1\n|-damage|p1a: Venusaur|0 fnt\n|-damage|p1b: Charizard|80/100\n|faint|p1a: Venusaur\n|\n|-damage|p2a: Altaria|47/100 brn|[from] brn\n|upkeep\n|\n|t:|1775985421\n|switch|p1a: Incineroar|Incineroar, L50, F, shiny|37/100\n|-ability|p1a: Incineroar|Intimidate|boost\n|-unboost|p2a: Altaria|atk|1\n|-unboost|p2b: Scovillain|atk|1\n|turn|7\n|\n|t:|1775985440\n|move|p2a: Altaria|Protect|p2a: Altaria\n|-singleturn|p2a: Altaria|Protect\n|move|p2b: Scovillain|Protect|p2b: Scovillain\n|-singleturn|p2b: Scovillain|Protect\n|move|p1a: Incineroar|Fake Out|p2a: Altaria\n|-activate|p2a: Altaria|move: Protect\n|move|p1b: Charizard|Heat Wave|p2a: Altaria|[spread] \n|-activate|p2a: Altaria|move: Protect\n|-activate|p2b: Scovillain|move: Protect\n|\n|-damage|p2a: Altaria|41/100 brn|[from] brn\n|upkeep\n|turn|8\n|\n|t:|1775985461\n|move|p1b: Charizard|Heat Wave|p2b: Scovillain|[spread] p2a,p2b\n|-resisted|p2a: Altaria|1\n|-crit|p2a: Altaria\n|-damage|p2a: Altaria|1/100 brn\n|-damage|p2b: Scovillain|0 fnt\n|faint|p2b: Scovillain\n|move|p2a: Altaria|Hyper Voice|p1a: Incineroar|[spread] p1a,p1b\n|-resisted|p1b: Charizard|1\n|-damage|p1a: Incineroar|0 fnt\n|-damage|p1b: Charizard|60/100\n|faint|p1a: Incineroar\n|\n|-damage|p2a: Altaria|0 fnt|[from] brn\n|faint|p2a: Altaria\n|upkeep\n|\n|t:|1775985474\n|switch|p2a: Krookodile|Krookodile, L50, F|100/100\n|switch|p2b: Sneasler|Sneasler, L50, F|100/100\n|switch|p1a: Rotom|Rotom-Wash, L50, shiny|100/100\n|-ability|p2a: Krookodile|Intimidate|boost\n|-unboost|p1a: Rotom|atk|1\n|-unboost|p1b: Charizard|atk|1\n|turn|9\n|\n|t:|1775985494\n|move|p2b: Sneasler|Fake Out|p1a: Rotom\n|-damage|p1a: Rotom|88/100\n|move|p2a: Krookodile|Rock Slide|p1a: Rotom|[spread] p1a,p1b\n|-supereffective|p1b: Charizard|2\n|-damage|p1a: Rotom|70/100\n|-damage|p1b: Charizard|0 fnt\n|faint|p1b: Charizard\n|cant|p1a: Rotom|flinch\n|\n|-heal|p1a: Rotom|76/100|[from] item: Leftovers\n|upkeep\n|turn|10\n|\n|t:|1775985514\n|move|p2a: Krookodile|Rock Slide|p1a: Rotom\n|-damage|p1a: Rotom|49/100\n|move|p2b: Sneasler|Dire Claw|p1a: Rotom\n|-damage|p1a: Rotom|14/100\n|cant|p1a: Rotom|flinch\n|\n|-heal|p1a: Rotom|20/100|[from] item: Leftovers\n|upkeep\n|turn|11\n|\n|t:|1775985527\n|move|p2a: Krookodile|Rock Slide|p1a: Rotom\n|-damage|p1a: Rotom|0 fnt\n|faint|p1a: Rotom\n|\n|win|loklastaji\n|raw|Rewest's rating: 1097 &rarr; <strong>1075</strong><br />(-22 for losing)\n|raw|loklastaji's rating: 1130 &rarr; <strong>1153</strong><br />(+23 for winning)\n|l|\u2606Rewest\n|player|p1|\n",
  "uploadtime": 1775985533,
  "views": 14,
  "formatid": "gen9championsvgc2026regma",
  "rating": 1075,
  "private": 0,
  "password": null
}