{
  "id": "gen9championsvgc2026regma-2587254997",
  "format": "[Gen 9 Champions] VGC 2026 Reg M-A",
  "players": [
    "jasonrfry",
    "Hellhoundvetica"
  ],
  "log": "|j|\u2606jasonrfry\n|j|\u2606Hellhoundvetica\n|t:|1776514972\n|gametype|doubles\n|player|p1|jasonrfry|169|1353\n|player|p2|Hellhoundvetica|bellelba|1287\n|gen|9\n|tier|[Gen 9 Champions] VGC 2026 Reg M-A\n|rated|\n|rule|Species Clause: Limit one of each Pok\u00e9mon\n|rule|Item Clause: Limit 1 of each item\n|clearpoke\n|poke|p1|Mimikyu, L50, M, shiny|\n|poke|p1|Meganium, L50, M|\n|poke|p1|Primarina, L50, F, shiny|\n|poke|p1|Sneasler, L50, F, shiny|\n|poke|p1|Torkoal, L50, M, shiny|\n|poke|p1|Kingambit, L50, M, shiny|\n|poke|p2|Farigiraf, L50, M|\n|poke|p2|Charizard, L50, F|\n|poke|p2|Decidueye-Hisui, L50, F|\n|poke|p2|Politoed, L50, M|\n|poke|p2|Scizor, L50, M|\n|poke|p2|Tyranitar, L50, M|\n|teampreview|4\nHellhoundvetica rejected open team sheets.\n|\n|t:|1776515008\n|teamsize|p1|4\n|teamsize|p2|4\n|start\n|switch|p1a: Mimikyu|Mimikyu, L50, M, shiny|100/100\n|switch|p1b: Sneasler|Sneasler, L50, F, shiny|100/100\n|switch|p2a: Decidueye|Decidueye-Hisui, L50, F|100/100\n|switch|p2b: Farigiraf|Farigiraf, L50, M|100/100\n|turn|1\n|\n|t:|1776515038\n|switch|p2a: Scizor|Scizor, L50, M|100/100\n|move|p1b: Sneasler|Close Combat|p2a: Scizor\n|-damage|p2a: Scizor|41/100\n|-unboost|p1b: Sneasler|def|1\n|-unboost|p1b: Sneasler|spd|1\n|-enditem|p1b: Sneasler|White Herb\n|-clearnegativeboost|p1b: Sneasler|[silent]\n|move|p1a: Mimikyu|Taunt|p2b: Farigiraf\n|-start|p2b: Farigiraf|move: Taunt\n|move|p2b: Farigiraf|Psychic|p1b: Sneasler\n|-supereffective|p1b: Sneasler|2\n|-damage|p1b: Sneasler|0 fnt\n|faint|p1b: Sneasler\n|\n|upkeep\n|\n|t:|1776515047\n|switch|p1b: Primarina|Primarina, L50, F, shiny|100/100\n|turn|2\n|\n|t:|1776515060\n|move|p2a: Scizor|Protect|p2a: Scizor\n|-singleturn|p2a: Scizor|Protect\n|move|p2b: Farigiraf|Psychic|p1a: Mimikyu\n|-activate|p1a: Mimikyu|ability: Disguise\n|-damage|p1a: Mimikyu|100/100\n|detailschange|p1a: Mimikyu|Mimikyu-Busted, L50, M, shiny\n|-damage|p1a: Mimikyu|88/100|[from] pokemon: Mimikyu-Busted\n|move|p1b: Primarina|Hyper Voice|p2a: Scizor|[spread] p2b\n|-activate|p2a: Scizor|move: Protect\n|-damage|p2b: Farigiraf|52/100\n|move|p1a: Mimikyu|Trick Room|p1a: Mimikyu\n|-fieldstart|move: Trick Room|[of] p1a: Mimikyu\n|\n|upkeep\n|turn|3\n|\n|t:|1776515081\n|move|p1b: Primarina|Hyper Voice|p2b: Farigiraf|[spread] p2a,p2b\n|-damage|p2a: Scizor|0 fnt\n|-damage|p2b: Farigiraf|3/100\n|faint|p2a: Scizor\n|move|p2b: Farigiraf|Hyper Voice|p1b: Primarina|[spread] p1b\n|-immune|p1a: Mimikyu\n|-damage|p1b: Primarina|73/100\n|move|p1a: Mimikyu|Curse|p2b: Farigiraf\n|-start|p2b: Farigiraf|Curse|[of] p1a: Mimikyu\n|-damage|p1a: Mimikyu|38/100\n|\n|-damage|p2b: Farigiraf|0 fnt|[from] Curse\n|faint|p2b: Farigiraf\n|upkeep\n|\n|t:|1776515093\n|switch|p2b: Decidueye|Decidueye-Hisui, L50, F|100/100\n|switch|p2a: Politoed|Politoed, L50, M|100/100\n|-weather|RainDance|[from] ability: Drizzle|[of] p2a: Politoed\n|turn|4\n|inactive|Battle timer is ON: inactive players will automatically lose when time's up. (requested by jasonrfry)\n|l|\u2606jasonrfry\n|inactive|jasonrfry disconnected and has a minute to reconnect!\n|player|p1|\n|j|\u2606jasonrfry\n|inactive|jasonrfry reconnected and has 75 seconds left.\n|player|p1|jasonrfry|169|\n|inactive|jasonrfry has 60 seconds left.\n|l|\u2606jasonrfry\n|inactive|jasonrfry disconnected and has a minute to reconnect!\n|player|p1|\n|inactive|jasonrfry has 30 seconds left.\n|j|\u2606jasonrfry\n|inactive|jasonrfry reconnected and has 30 seconds left.\n|player|p1|jasonrfry|169|\n|inactive|jasonrfry has 20 seconds left.\n|inactive|jasonrfry has 15 seconds left.\n|inactive|jasonrfry has 10 seconds left.\n|\n|t:|1776515188\n|move|p1b: Primarina|Protect|p1b: Primarina\n|-singleturn|p1b: Primarina|Protect\n|move|p2b: Decidueye|Leaf Blade|p1b: Primarina\n|-activate|p1b: Primarina|move: Protect\n|move|p2a: Politoed|Earth Power|p1a: Mimikyu\n|-damage|p1a: Mimikyu|16/100\n|move|p1a: Mimikyu|Curse|p2b: Decidueye\n|-start|p2b: Decidueye|Curse|[of] p1a: Mimikyu\n|-damage|p1a: Mimikyu|0 fnt\n|faint|p1a: Mimikyu\n|\n|-weather|RainDance|[upkeep]\n|-damage|p2b: Decidueye|76/100|[from] Curse\n|upkeep\n|\n|t:|1776515197\n|switch|p1a: Meganium|Meganium, L50, M|100/100\n|turn|5\n|inactive|Hellhoundvetica has 30 seconds left.\n|inactive|Hellhoundvetica has 20 seconds left.\n|inactive|Hellhoundvetica has 15 seconds left.\n|inactive|Hellhoundvetica has 10 seconds left.\n|inactive|Hellhoundvetica has 5 seconds left.\n|\n|t:|1776515252\n|detailschange|p1a: Meganium|Meganium-Mega, L50, M\n|-mega|p1a: Meganium|Meganium|Meganiumite\n|move|p2b: Decidueye|Protect|p2b: Decidueye\n|-singleturn|p2b: Decidueye|Protect\n|move|p1b: Primarina|Moonblast|p2b: Decidueye\n|-activate|p2b: Decidueye|move: Protect\n|move|p1a: Meganium|Solar Beam||[still]\n|-prepare|p1a: Meganium|Solar Beam\n|-activate|p1a: Meganium|ability: Mega Sol\n|-anim|p1a: Meganium|Solar Beam|p2a: Politoed\n|-supereffective|p2a: Politoed|1\n|-damage|p2a: Politoed|0 fnt\n|faint|p2a: Politoed\n|\n|-weather|RainDance|[upkeep]\n|-damage|p2b: Decidueye|51/100|[from] Curse\n|upkeep\n|turn|6\n|-message|Hellhoundvetica forfeited.\n|\n|win|jasonrfry\n|raw|jasonrfry's rating: 1353 &rarr; <strong>1369</strong><br />(+16 for winning)\n|raw|Hellhoundvetica's rating: 1287 &rarr; <strong>1267</strong><br />(-20 for losing)\n|l|\u2606Hellhoundvetica\n|player|p2|\n",
  "uploadtime": 1776515310,
  "views": 34,
  "formatid": "gen9championsvgc2026regma",
  "rating": 1267,
  "private": 0,
  "password": null
}