{
  "id": "gen9championsvgc2026regma-2587918713",
  "format": "[Gen 9 Champions] VGC 2026 Reg M-A",
  "players": [
    "shangenb4",
    "zoombeanle"
  ],
  "log": "|j|\u2606shangenb4\n|j|\u2606zoombeanle\n|t:|1776578980\n|gametype|doubles\n|player|p1|shangenb4|sisandbro|1197\n|player|p2|zoombeanle|101|1097\n|gen|9\n|tier|[Gen 9 Champions] VGC 2026 Reg M-A\n|rated|\n|rule|Species Clause: Limit one of each Pok\u00e9mon\n|rule|Item Clause: Limit 1 of each item\n|clearpoke\n|poke|p1|Floette-Eternal, L50, F|\n|poke|p1|Garchomp, L50, M|\n|poke|p1|Sneasler, L50, F|\n|poke|p1|Basculegion-F, L50, F|\n|poke|p1|Aerodactyl, L50, M|\n|poke|p1|Incineroar, L50, M|\n|poke|p2|Sableye, L50, F|\n|poke|p2|Lycanroc-Dusk, L50, M|\n|poke|p2|Kangaskhan, L50, F|\n|poke|p2|Skeledirge, L50, M|\n|poke|p2|Politoed, L50, F|\n|poke|p2|Appletun, L50, M|\n|teampreview|4\n|inactive|Battle timer is ON: inactive players will automatically lose when time's up. (requested by zoombeanle)\nzoombeanle rejected open team sheets.\n|\n|t:|1776579071\n|teamsize|p1|4\n|teamsize|p2|4\n|start\n|switch|p1a: Basculegion|Basculegion-F, L50, F|100/100\n|switch|p1b: Floette|Floette-Eternal, L50, F|100/100\n|switch|p2a: Sableye|Sableye, L50, F|100/100\n|switch|p2b: Kangaskhan|Kangaskhan, L50, F|100/100\n|turn|1\n|inactive|zoombeanle has 30 seconds left.\n|\n|t:|1776579103\n|switch|p1b: Incineroar|Incineroar, L50, M|100/100\n|-ability|p1b: Incineroar|Intimidate|boost\n|-unboost|p2a: Sableye|atk|1\n|-fail|p2b: Kangaskhan|unboost|Attack|[from] ability: Inner Focus|[of] p2b: Kangaskhan\n|detailschange|p2b: Kangaskhan|Kangaskhan-Mega, L50, F\n|-mega|p2b: Kangaskhan|Kangaskhan|Kangaskhanite\n|move|p2a: Sableye|Light Screen|p2a: Sableye\n|-sidestart|p2: zoombeanle|move: Light Screen\n|move|p1a: Basculegion|Muddy Water|p2a: Sableye|[spread] p2a\n|-miss|p1a: Basculegion|p2b: Kangaskhan\n|-damage|p2a: Sableye|59/100\n|-unboost|p2a: Sableye|accuracy|1\n|move|p2b: Kangaskhan|Double-Edge|p1b: Incineroar\n|-damage|p1b: Incineroar|54/100\n|-damage|p1b: Incineroar|42/100\n|-enditem|p1b: Incineroar|Sitrus Berry|[eat]\n|-heal|p1b: Incineroar|67/100|[from] item: Sitrus Berry\n|-hitcount|p1b: Incineroar|2\n|-damage|p2b: Kangaskhan|79/100|[from] Recoil\n|\n|upkeep\n|turn|2\n|inactive|zoombeanle has 30 seconds left.\n|\n|t:|1776579130\n|move|p2b: Kangaskhan|Protect|p2b: Kangaskhan\n|-singleturn|p2b: Kangaskhan|Protect\n|move|p1b: Incineroar|Fake Out|p2b: Kangaskhan\n|-activate|p2b: Kangaskhan|move: Protect\n|move|p1a: Basculegion|Muddy Water|p2b: Kangaskhan|[spread] p2a\n|-activate|p2b: Kangaskhan|move: Protect\n|-damage|p2a: Sableye|18/100\n|move|p2a: Sableye|Foul Play|p1a: Basculegion\n|-supereffective|p1a: Basculegion|1\n|-damage|p1a: Basculegion|27/100\n|\n|upkeep\n|turn|3\n|\n|t:|1776579151\n|move|p2a: Sableye|Reflect|p2a: Sableye\n|-sidestart|p2: zoombeanle|Reflect\n|move|p1a: Basculegion|Muddy Water|p2a: Sableye|[spread] p2a,p2b\n|-damage|p2a: Sableye|0 fnt\n|-damage|p2b: Kangaskhan|54/100\n|faint|p2a: Sableye\n|move|p2b: Kangaskhan|Double-Edge|p1b: Incineroar\n|-damage|p1b: Incineroar|16/100\n|-damage|p1b: Incineroar|5/100\n|-hitcount|p1b: Incineroar|2\n|-damage|p2b: Kangaskhan|32/100|[from] Recoil\n|move|p1b: Incineroar|Parting Shot|p2b: Kangaskhan\n|-unboost|p2b: Kangaskhan|atk|1\n|-unboost|p2b: Kangaskhan|spa|1\n|\n|t:|1776579166\n|switch|p1b: Floette|Floette-Eternal, L50, F|100/100|[from] Parting Shot\n|\n|upkeep\n|\n|t:|1776579176\n|switch|p2a: Skeledirge|Skeledirge, L50, M|100/100\n|turn|4\n|\n|t:|1776579183\n|switch|p1a: Incineroar|Incineroar, L50, M|5/100\n|-ability|p1a: Incineroar|Intimidate|boost\n|-unboost|p2a: Skeledirge|atk|1\n|-unboost|p2b: Kangaskhan|atk|1\n|move|p1b: Floette|Protect|p1b: Floette\n|-singleturn|p1b: Floette|Protect\n|move|p2b: Kangaskhan|Sucker Punch||[still]\n|-fail|p2b: Kangaskhan\n|move|p2a: Skeledirge|Torch Song|p1b: Floette\n|-activate|p1b: Floette|move: Protect\n|\n|upkeep\n|turn|5\n|\n|t:|1776579205\n|detailschange|p1b: Floette|Floette-Mega, L50, F\n|-mega|p1b: Floette|Floette|Floettite\n|-ability|p1b: Floette|Fairy Aura\n|move|p2b: Kangaskhan|Double-Edge|p1b: Floette\n|-damage|p1b: Floette|60/100\n|-crit|p1b: Floette\n|-damage|p1b: Floette|30/100\n|-hitcount|p1b: Floette|2\n|-damage|p2b: Kangaskhan|10/100|[from] Recoil\n|move|p1b: Floette|Dazzling Gleam|p2a: Skeledirge|[spread] p2a,p2b\n|-resisted|p2a: Skeledirge|1\n|-damage|p2a: Skeledirge|88/100\n|-damage|p2b: Kangaskhan|0 fnt\n|faint|p2b: Kangaskhan\n|move|p1a: Incineroar|Throat Chop|p2a: Skeledirge\n|-supereffective|p2a: Skeledirge|1\n|-damage|p2a: Skeledirge|59/100\n|-start|p2a: Skeledirge|Throat Chop|[silent]\n|cant|p2a: Skeledirge|move: Throat Chop\n|\n|-heal|p2a: Skeledirge|65/100|[from] item: Leftovers\n|-sideend|p2: zoombeanle|move: Light Screen\n|upkeep\n|\n|t:|1776579222\n|switch|p2b: Lycanroc|Lycanroc-Dusk, L50, M|100/100\n|turn|6\n|\n|t:|1776579233\n|move|p1b: Floette|Protect|p1b: Floette\n|-singleturn|p1b: Floette|Protect\n|move|p2b: Lycanroc|Rock Slide|p1a: Incineroar|[spread] p1a\n|-activate|p1b: Floette|move: Protect\n|-supereffective|p1a: Incineroar|1\n|-damage|p1a: Incineroar|0 fnt\n|faint|p1a: Incineroar\n|move|p2a: Skeledirge|Shadow Ball|p1b: Floette\n|-activate|p1b: Floette|move: Protect\n|\n|-heal|p2a: Skeledirge|71/100|[from] item: Leftovers\n|-end|p2a: Skeledirge|Throat Chop|[silent]\n|upkeep\n|\n|t:|1776579244\n|switch|p1a: Garchomp|Garchomp, L50, M|100/100\n|turn|7\n|inactive|zoombeanle has 30 seconds left.\n|\n|t:|1776579274\n|move|p1a: Garchomp|Protect|p1a: Garchomp\n|-singleturn|p1a: Garchomp|Protect\n|move|p2b: Lycanroc|Rock Slide|p1a: Garchomp|[spread] p1b\n|-activate|p1a: Garchomp|move: Protect\n|-damage|p1b: Floette|0 fnt\n|faint|p1b: Floette\n|move|p2a: Skeledirge|Shadow Ball|p1a: Garchomp\n|-activate|p1a: Garchomp|move: Protect\n|\n|-heal|p2a: Skeledirge|77/100|[from] item: Leftovers\n|-sideend|p2: zoombeanle|Reflect\n|upkeep\n|\n|t:|1776579285\n|switch|p1b: Basculegion|Basculegion-F, L50, F|27/100\n|turn|8\n|\n|t:|1776579300\n|move|p2b: Lycanroc|Protect|p2b: Lycanroc\n|-singleturn|p2b: Lycanroc|Protect\n|move|p2a: Skeledirge|Protect|p2a: Skeledirge\n|-singleturn|p2a: Skeledirge|Protect\n|move|p1b: Basculegion|Muddy Water|p2a: Skeledirge|[spread] \n|-activate|p2a: Skeledirge|move: Protect\n|-activate|p2b: Lycanroc|move: Protect\n|move|p1a: Garchomp|Stomping Tantrum|p2a: Skeledirge\n|-activate|p2a: Skeledirge|move: Protect\n|\n|-heal|p2a: Skeledirge|83/100|[from] item: Leftovers\n|upkeep\n|turn|9\n|\n|t:|1776579317\n|move|p2b: Lycanroc|Accelerock|p1b: Basculegion\n|-damage|p1b: Basculegion|0 fnt\n|faint|p1b: Basculegion\n|move|p1a: Garchomp|Earthquake|p2a: Skeledirge|[spread] p2a,p2b\n|-supereffective|p2a: Skeledirge|1\n|-crit|p2a: Skeledirge\n|-supereffective|p2b: Lycanroc|1\n|-damage|p2a: Skeledirge|0 fnt\n|-damage|p2b: Lycanroc|0 fnt\n|faint|p2a: Skeledirge\n|faint|p2b: Lycanroc\n|\n|win|shangenb4\n|raw|shangenb4's rating: 1197 &rarr; <strong>1215</strong><br />(+18 for winning)\n|raw|zoombeanle's rating: 1097 &rarr; <strong>1079</strong><br />(-18 for losing)\n|l|\u2606zoombeanle\n|player|p2|\n",
  "uploadtime": 1776579325,
  "views": 10,
  "formatid": "gen9championsvgc2026regma",
  "rating": 1079,
  "private": 0,
  "password": null
}