{
  "id": "gen9championsvgc2026regma-2584125987",
  "format": "[Gen 9 Champions] VGC 2026 Reg M-A",
  "players": [
    "KOTONOHOUSE",
    "phat shaming vegan"
  ],
  "log": "|j|\u2606KOTONOHOUSE\n|j|\u2606phat shaming vegan\n|t:|1776228016\n|gametype|doubles\n|player|p1|KOTONOHOUSE|emmet|1171\n|player|p2|phat shaming vegan|n|1247\n|gen|9\n|tier|[Gen 9 Champions] VGC 2026 Reg M-A\n|rated|\n|rule|Species Clause: Limit one of each Pok\u00e9mon\n|rule|Item Clause: Limit 1 of each item\n|clearpoke\n|poke|p1|Whimsicott, L50, M|\n|poke|p1|Kingambit, L50, M|\n|poke|p1|Arcanine-Hisui, L50, F|\n|poke|p1|Floette-Eternal, L50, F|\n|poke|p1|Garchomp, L50, M|\n|poke|p1|Gengar, L50, M|\n|poke|p2|Aegislash, L50, F|\n|poke|p2|Aerodactyl, L50, M|\n|poke|p2|Scovillain, L50, F|\n|poke|p2|Primarina, L50, M|\n|poke|p2|Sneasler, L50, F|\n|poke|p2|Garchomp, L50, F|\n|teampreview|4\n|inactive|Battle timer is ON: inactive players will automatically lose when time's up. (requested by KOTONOHOUSE)\n|inactive|KOTONOHOUSE has 60 seconds left.\n|inactive|phat shaming vegan has 60 seconds left.\n|\n|t:|1776228063\n|teamsize|p1|4\n|teamsize|p2|4\n|start\n|switch|p1a: Whimsicott|Whimsicott, L50, M|100/100\n|switch|p1b: Arcanine|Arcanine-Hisui, L50, F|100/100\n|switch|p2a: Sneasler|Sneasler, L50, F|100/100\n|switch|p2b: Garchomp|Garchomp, L50, F|100/100\n|-ability|p1b: Arcanine|Intimidate|boost\n|-unboost|p2a: Sneasler|atk|1\n|-unboost|p2b: Garchomp|atk|1\n|-enditem|p2a: Sneasler|White Herb\n|-clearnegativeboost|p2a: Sneasler|[silent]\n|turn|1\n|inactive|phat shaming vegan has 30 seconds left.\n|\n|t:|1776228098\n|switch|p1b: Gengar|Gengar, L50, M|100/100\n|switch|p2b: Primarina|Primarina, L50, M|100/100\n|move|p2a: Sneasler|Fake Out|p1b: Gengar\n|-immune|p1b: Gengar\n|move|p1a: Whimsicott|Tailwind|p1a: Whimsicott\n|-sidestart|p1: KOTONOHOUSE|move: Tailwind\n|\n|upkeep\n|turn|2\n|inactive|KOTONOHOUSE has 30 seconds left.\n|inactive|KOTONOHOUSE has 20 seconds left.\n|\n|t:|1776228134\n|switch|p1a: Arcanine|Arcanine-Hisui, L50, F|100/100\n|-ability|p1a: Arcanine|Intimidate|boost\n|-unboost|p2a: Sneasler|atk|1\n|-unboost|p2b: Primarina|atk|1\n|switch|p2b: Scovillain|Scovillain, L50, F|100/100\n|move|p1b: Gengar|Sludge Bomb|p2b: Scovillain\n|-supereffective|p2b: Scovillain|1\n|-damage|p2b: Scovillain|0 fnt\n|faint|p2b: Scovillain\n|move|p2a: Sneasler|Dire Claw|p1a: Arcanine\n|-resisted|p1a: Arcanine|1\n|-damage|p1a: Arcanine|81/100\n|-status|p1a: Arcanine|psn\n|\n|-damage|p1a: Arcanine|69/100 psn|[from] psn\n|upkeep\n|\n|t:|1776228150\n|switch|p2b: Garchomp|Garchomp, L50, F|100/100\n|turn|3\n|\n|t:|1776228171\n|move|p2a: Sneasler|Protect|p2a: Sneasler\n|-singleturn|p2a: Sneasler|Protect\n|move|p1a: Arcanine|Flare Blitz|p2a: Sneasler\n|-activate|p2a: Sneasler|move: Protect\n|move|p1b: Gengar|Shadow Ball|p2b: Garchomp\n|-damage|p2b: Garchomp|48/100\n|move|p2b: Garchomp|Stomping Tantrum|p1a: Arcanine\n|-supereffective|p1a: Arcanine|2\n|-damage|p1a: Arcanine|0 fnt\n|faint|p1a: Arcanine\n|\n|upkeep\n|\n|t:|1776228175\n|switch|p1a: Floette|Floette-Eternal, L50, F|100/100\n|turn|4\n|\n|t:|1776228193\n|switch|p2a: Primarina|Primarina, L50, M|100/100\n|detailschange|p1a: Floette|Floette-Mega, L50, F\n|-mega|p1a: Floette|Floette|Floettite\n|-ability|p1a: Floette|Fairy Aura\n|move|p2b: Garchomp|Protect|p2b: Garchomp\n|-singleturn|p2b: Garchomp|Protect\n|move|p1b: Gengar|Shadow Ball|p2a: Primarina\n|-damage|p2a: Primarina|55/100\n|move|p1a: Floette|Dazzling Gleam|p2b: Garchomp|[spread] p2a\n|-activate|p2b: Garchomp|move: Protect\n|-damage|p2a: Primarina|12/100\n|\n|-heal|p2a: Primarina|18/100|[from] item: Leftovers\n|-sideend|p1: KOTONOHOUSE|move: Tailwind\n|upkeep\n|turn|5\n|inactive|KOTONOHOUSE has 30 seconds left.\n|inactive|phat shaming vegan has 30 seconds left.\n|inactive|phat shaming vegan has 20 seconds left.\n|\n|t:|1776228229\n|switch|p1a: Whimsicott|Whimsicott, L50, M|100/100\n|move|p2a: Primarina|Protect|p2a: Primarina\n|-singleturn|p2a: Primarina|Protect\n|move|p1b: Gengar|Shadow Ball|p2b: Garchomp\n|-damage|p2b: Garchomp|0 fnt\n|faint|p2b: Garchomp\n|\n|-heal|p2a: Primarina|24/100|[from] item: Leftovers\n|upkeep\n|\n|t:|1776228237\n|switch|p2b: Sneasler|Sneasler, L50, F|100/100\n|turn|6\n|\n|t:|1776228248\n|move|p1a: Whimsicott|Tailwind|p1a: Whimsicott\n|-sidestart|p1: KOTONOHOUSE|move: Tailwind\n|move|p1b: Gengar|Sludge Bomb|p2a: Primarina\n|-supereffective|p2a: Primarina|1\n|-damage|p2a: Primarina|0 fnt\n|faint|p2a: Primarina\n|move|p2b: Sneasler|Dire Claw|p1a: Whimsicott\n|-supereffective|p1a: Whimsicott|2\n|-enditem|p1a: Whimsicott|Focus Sash\n|-damage|p1a: Whimsicott|1/100\n|-status|p1a: Whimsicott|psn\n|\n|-damage|p1a: Whimsicott|0 fnt|[from] psn\n|faint|p1a: Whimsicott\n|upkeep\n|\n|t:|1776228266\n|switch|p1a: Floette|Floette-Mega, L50, F|100/100\n|-ability|p1a: Floette|Fairy Aura\n|turn|7\n|\n|t:|1776228272\n|move|p1b: Gengar|Shadow Ball|p2b: Sneasler\n|-damage|p2b: Sneasler|30/100\n|-unboost|p2b: Sneasler|spd|1\n|move|p1a: Floette|Light of Ruin|p2b: Sneasler\n|-damage|p2b: Sneasler|0 fnt\n|faint|p2b: Sneasler\n|-damage|p1a: Floette|85/100|[from] Recoil\n|\n|win|KOTONOHOUSE\n|raw|KOTONOHOUSE's rating: 1171 &rarr; <strong>1201</strong><br />(+30 for winning)\n|raw|phat shaming vegan's rating: 1247 &rarr; <strong>1217</strong><br />(-30 for losing)\n|l|\u2606phat shaming vegan\n|player|p2|\n|c|\u2606KOTONOHOUSE|gg\n",
  "uploadtime": 1776228287,
  "views": 25,
  "formatid": "gen9championsvgc2026regma",
  "rating": 1201,
  "private": 0,
  "password": null
}