{
  "id": "gen9championsvgc2026regma-2585626890",
  "format": "[Gen 9 Champions] VGC 2026 Reg M-A",
  "players": [
    "CatchEmDom",
    "little_pichu1"
  ],
  "log": "|j|\u2606CatchEmDom\n|j|\u2606little_pichu1\n|t:|1776359782\n|gametype|doubles\n|player|p1|CatchEmDom|n|1141\n|player|p2|little_pichu1|miku-fairy|1220\n|gen|9\n|tier|[Gen 9 Champions] VGC 2026 Reg M-A\n|rated|\n|rule|Species Clause: Limit one of each Pok\u00e9mon\n|rule|Item Clause: Limit 1 of each item\n|clearpoke\n|poke|p1|Sneasler, L50, F|\n|poke|p1|Kleavor, L50, F|\n|poke|p1|Whimsicott, L50, F|\n|poke|p1|Delphox, L50, M|\n|poke|p1|Milotic, L50, F|\n|poke|p1|Sinistcha, L50|\n|poke|p2|Glimmora, L50, F|\n|poke|p2|Talonflame, L50, F|\n|poke|p2|Farigiraf, L50, F|\n|poke|p2|Kingambit, L50, F|\n|poke|p2|Venusaur, L50, F|\n|poke|p2|Tauros-Paldea-Aqua, L50, M|\n|teampreview|4\n|inactive|Battle timer is ON: inactive players will automatically lose when time's up. (requested by little_pichu1)\n|inactive|CatchEmDom has 60 seconds left.\n|\n|t:|1776359836\n|teamsize|p1|4\n|teamsize|p2|4\n|start\n|switch|p1a: Whimsicott|Whimsicott, L50, F|100/100\n|switch|p1b: Kleavor|Kleavor, L50, F|100/100\n|switch|p2a: Glimmora|Glimmora, L50, F|100/100\n|switch|p2b: Talonflame|Talonflame, L50, F|100/100\n|turn|1\n|\n|t:|1776359853\n|move|p2a: Glimmora|Spiky Shield|p2a: Glimmora\n|-singleturn|p2a: Glimmora|move: Protect\n|move|p2b: Talonflame|Tailwind|p2b: Talonflame\n|-sidestart|p2: little_pichu1|move: Tailwind\n|move|p1a: Whimsicott|Tailwind|p1a: Whimsicott\n|-sidestart|p1: CatchEmDom|move: Tailwind\n|move|p1b: Kleavor|Stone Axe|p2b: Talonflame\n|-supereffective|p2b: Talonflame|2\n|-enditem|p2b: Talonflame|Focus Sash\n|-damage|p2b: Talonflame|1/100\n|-sidestart|p2: little_pichu1|move: Stealth Rock\n|\n|upkeep\n|turn|2\n|\n|t:|1776359873\n|detailschange|p2a: Glimmora|Glimmora-Mega, L50, F\n|-mega|p2a: Glimmora|Glimmora|Glimmoranite\n|move|p1a: Whimsicott|Encore|p2a: Glimmora\n|-start|p2a: Glimmora|Encore\n|move|p2a: Glimmora|Spiky Shield||[still]\n|-fail|p2a: Glimmora\n|move|p1b: Kleavor|Stone Axe|p2b: Talonflame|[miss]\n|-miss|p1b: Kleavor|p2b: Talonflame\n|move|p2b: Talonflame|Brave Bird|p1b: Kleavor\n|-damage|p1b: Kleavor|38/100\n|-damage|p2b: Talonflame|0 fnt|[from] Recoil\n|faint|p2b: Talonflame\n|\n|upkeep\n|\n|t:|1776359882\n|switch|p2b: Tauros|Tauros-Paldea-Aqua, L50, M|100/100\n|-damage|p2b: Tauros|95/100|[from] Stealth Rock\n|-ability|p2b: Tauros|Intimidate|boost\n|-unboost|p1a: Whimsicott|atk|1\n|-unboost|p1b: Kleavor|atk|1\n|turn|3\n|\n|t:|1776359903\n|switch|p1b: Delphox|Delphox, L50, M|100/100\n|switch|p2a: Kingambit|Kingambit, L50, F|100/100\n|-damage|p2a: Kingambit|94/100|[from] Stealth Rock\n|move|p2b: Tauros|Raging Bull|p1b: Delphox\n|-supereffective|p1b: Delphox|1\n|-damage|p1b: Delphox|0 fnt\n|faint|p1b: Delphox\n|move|p1a: Whimsicott|Moonblast|p2b: Tauros\n|-supereffective|p2b: Tauros|1\n|-damage|p2b: Tauros|0 fnt\n|faint|p2b: Tauros\n|\n|upkeep\n|\n|t:|1776359920\n|switch|p1b: Sneasler|Sneasler, L50, F|100/100\n|switch|p2b: Glimmora|Glimmora-Mega, L50, F|100/100\n|-damage|p2b: Glimmora|88/100|[from] Stealth Rock\n|turn|4\n|inactive|CatchEmDom has 30 seconds left.\n|inactive|CatchEmDom has 20 seconds left.\n|inactive|CatchEmDom has 15 seconds left.\n|\n|t:|1776359963\n|move|p1a: Whimsicott|Taunt|p2b: Glimmora\n|-start|p2b: Glimmora|move: Taunt\n|move|p2a: Kingambit|Sucker Punch|p1b: Sneasler\n|-resisted|p1b: Sneasler|1\n|-damage|p1b: Sneasler|60/100\n|move|p1b: Sneasler|Close Combat|p2b: Glimmora\n|-damage|p2b: Glimmora|16/100\n|-unboost|p1b: Sneasler|def|1\n|-unboost|p1b: Sneasler|spd|1\n|-enditem|p1b: Sneasler|White Herb\n|-clearnegativeboost|p1b: Sneasler|[silent]\n|move|p2b: Glimmora|Sludge Wave|p1a: Whimsicott|[spread] p1a,p1b\n|-immune|p2a: Kingambit\n|-supereffective|p1a: Whimsicott|2\n|-resisted|p1b: Sneasler|1\n|-enditem|p1a: Whimsicott|Focus Sash\n|-damage|p1a: Whimsicott|1/100\n|-damage|p1b: Sneasler|20/100\n|\n|-sideend|p1: CatchEmDom|move: Tailwind\n|-sideend|p2: little_pichu1|move: Tailwind\n|upkeep\n|turn|5\n|j| boblebobleur\n|c| boblebobleur|aller mermet\n|inactive|CatchEmDom has 30 seconds left.\n|\n|t:|1776359994\n|move|p2a: Kingambit|Sucker Punch|p1b: Sneasler\n|-resisted|p1b: Sneasler|1\n|-damage|p1b: Sneasler|0 fnt\n|faint|p1b: Sneasler\n|move|p1a: Whimsicott|Moonblast|p2b: Glimmora\n|-resisted|p2b: Glimmora|1\n|-damage|p2b: Glimmora|0 fnt\n|faint|p2b: Glimmora\n|\n|upkeep\n|\n|t:|1776359997\n|switch|p1b: Kleavor|Kleavor, L50, F|38/100\n|turn|6\n|c| boblebobleur|aller mermet\n|\n|t:|1776360018\n|move|p2a: Kingambit|Sucker Punch|p1b: Kleavor\n|-damage|p1b: Kleavor|0 fnt\n|faint|p1b: Kleavor\n|move|p1a: Whimsicott|Moonblast|p2a: Kingambit\n|-damage|p2a: Kingambit|58/100\n|\n|upkeep\n|turn|7\n|c| boblebobleur|skillgambit\n|c|\u2606little_pichu1|gg\n|\n|t:|1776360030\n|move|p1a: Whimsicott|Encore|p2a: Kingambit\n|-hint|Since gen 7, Dark is immune to Prankster moves.\n|-immune|p2a: Kingambit\n|move|p2a: Kingambit|Iron Head|p1a: Whimsicott\n|-supereffective|p1a: Whimsicott|1\n|-damage|p1a: Whimsicott|0 fnt\n|faint|p1a: Whimsicott\n|\n|win|little_pichu1\n|raw|CatchEmDom's rating: 1141 &rarr; <strong>1122</strong><br />(-19 for losing)\n|raw|little_pichu1's rating: 1220 &rarr; <strong>1239</strong><br />(+19 for winning)\n|l|\u2606CatchEmDom\n|player|p1|\n|l| boblebobleur\n",
  "uploadtime": 1776360042,
  "views": 18,
  "formatid": "gen9championsvgc2026regma",
  "rating": 1122,
  "private": 0,
  "password": null
}