{
  "id": "gen9championsvgc2026regma-2585125501",
  "format": "[Gen 9 Champions] VGC 2026 Reg M-A",
  "players": [
    "mujinseki",
    "midnight_arrives"
  ],
  "log": "|j|\u2606mujinseki\n|j|\u2606midnight_arrives\n|t:|1776314766\n|gametype|doubles\n|player|p1|mujinseki|silver|1165\n|player|p2|midnight_arrives|266|1228\n|gen|9\n|tier|[Gen 9 Champions] VGC 2026 Reg M-A\n|rated|\n|rule|Species Clause: Limit one of each Pok\u00e9mon\n|rule|Item Clause: Limit 1 of each item\n|clearpoke\n|poke|p1|Blastoise, L50, F|\n|poke|p1|Tyranitar, L50, F|\n|poke|p1|Garchomp, L50, F|\n|poke|p1|Incineroar, L50, F|\n|poke|p1|Sinistcha, L50|\n|poke|p1|Talonflame, L50, M|\n|poke|p2|Gengar, L50, M|\n|poke|p2|Floette-Eternal, L50, F|\n|poke|p2|Whimsicott, L50, M|\n|poke|p2|Incineroar, L50, M|\n|poke|p2|Sneasler, L50, M|\n|poke|p2|Basculegion, L50, M|\n|teampreview|4\n|\n|t:|1776314792\n|teamsize|p1|4\n|teamsize|p2|4\n|start\n|switch|p1a: Xeno|Blastoise, L50, F, shiny|100/100\n|switch|p1b: Gale-Ultra|Talonflame, L50, M, shiny|100/100\n|switch|p2a: Incineroar|Incineroar, L50, M|100/100\n|switch|p2b: Floette|Floette-Eternal, L50, F|100/100\n|-ability|p2a: Incineroar|Intimidate|boost\n|-unboost|p1a: Xeno|atk|1\n|-unboost|p1b: Gale-Ultra|atk|1\n|turn|1\n|\n|t:|1776314807\n|detailschange|p2b: Floette|Floette-Mega, L50, F\n|-mega|p2b: Floette|Floette|Floettite\n|-ability|p2b: Floette|Fairy Aura\n|detailschange|p1a: Xeno|Blastoise-Mega, L50, F, shiny\n|-mega|p1a: Xeno|Blastoise|Blastoisinite\n|move|p2a: Incineroar|Fake Out|p1b: Gale-Ultra\n|-damage|p1b: Gale-Ultra|87/100\n|move|p2b: Floette|Light of Ruin|p1a: Xeno\n|-damage|p1a: Xeno|3/100\n|-damage|p2b: Floette|42/100|[from] Recoil\n|cant|p1b: Gale-Ultra|flinch\n|move|p1a: Xeno|Water Spout|p2a: Incineroar|[spread] p2a,p2b\n|-supereffective|p2a: Incineroar|1\n|-damage|p2a: Incineroar|98/100\n|-damage|p2b: Floette|40/100\n|\n|upkeep\n|turn|2\n|\n|t:|1776314834\n|switch|p2a: Whimsicott|Whimsicott, L50, M|100/100\n|move|p2b: Floette|Protect|p2b: Floette\n|-singleturn|p2b: Floette|Protect\n|move|p1b: Gale-Ultra|Tailwind|p1b: Gale-Ultra\n|-sidestart|p1: mujinseki|move: Tailwind\n|move|p1a: Xeno|Water Pulse|p2b: Floette\n|-activate|p2b: Floette|move: Protect\n|\n|upkeep\n|turn|3\n|\n|t:|1776314854\n|switch|p2b: Basculegion|Basculegion, L50, M|100/100\n|move|p2a: Whimsicott|Encore|p1b: Gale-Ultra\n|-start|p1b: Gale-Ultra|Encore\n|move|p1b: Gale-Ultra|Tailwind||[still]\n|-fail|p1b: Gale-Ultra\n|move|p1a: Xeno|Water Pulse|p2b: Basculegion\n|-resisted|p2b: Basculegion|1\n|-damage|p2b: Basculegion|70/100\n|\n|upkeep\n|turn|4\n|\n|t:|1776314878\n|switch|p1b: Sinistcha|Sinistcha, L50|100/100\n|-heal|p1a: Xeno|28/100|[from] ability: Hospitality|[of] p1b: Sinistcha\n|switch|p1a: Incineroar|Incineroar, L50, F, shiny|100/100\n|-ability|p1a: Incineroar|Intimidate|boost\n|-unboost|p2a: Whimsicott|atk|1\n|-unboost|p2b: Basculegion|atk|1\n|move|p2a: Whimsicott|Tailwind|p2a: Whimsicott\n|-sidestart|p2: midnight_arrives|move: Tailwind\n|move|p2b: Basculegion|Flip Turn|p1b: Sinistcha\n|-resisted|p1b: Sinistcha|1\n|-damage|p1b: Sinistcha|91/100\n|\n|t:|1776314884\n|switch|p2b: Floette|Floette-Mega, L50, F|40/100|[from] Flip Turn\n|-ability|p2b: Floette|Fairy Aura\n|\n|upkeep\n|turn|5\n|\n|t:|1776314904\n|move|p1a: Incineroar|Fake Out|p2b: Floette\n|-damage|p2b: Floette|24/100\n|move|p2a: Whimsicott|Fake Tears|p1b: Sinistcha\n|-unboost|p1b: Sinistcha|spd|2\n|cant|p2b: Floette|flinch\n|move|p1b: Sinistcha|Trick Room|p1b: Sinistcha\n|-fieldstart|move: Trick Room|[of] p1b: Sinistcha\n|\n|-sideend|p1: mujinseki|move: Tailwind\n|upkeep\n|turn|6\n|\n|t:|1776314927\n|switch|p2b: Incineroar|Incineroar, L50, M|98/100\n|-ability|p2b: Incineroar|Intimidate|boost\n|-unboost|p1a: Incineroar|atk|1\n|-unboost|p1b: Sinistcha|atk|1\n|move|p1b: Sinistcha|Rage Powder|p1b: Sinistcha\n|-singleturn|p1b: Sinistcha|move: Rage Powder\n|move|p2a: Whimsicott|Encore|p1b: Sinistcha\n|-start|p1b: Sinistcha|Encore\n|move|p1a: Incineroar|Flare Blitz|p2b: Incineroar\n|-resisted|p2b: Incineroar|1\n|-damage|p2b: Incineroar|84/100\n|-damage|p1a: Incineroar|96/100|[from] Recoil\n|\n|-heal|p1a: Incineroar|100/100|[from] item: Leftovers\n|upkeep\n|turn|7\n|\n|t:|1776314951\n|switch|p1b: Gale-Ultra|Talonflame, L50, M, shiny|87/100\n|switch|p2a: Basculegion|Basculegion, L50, M|70/100\n|move|p1a: Incineroar|Parting Shot|p2b: Incineroar\n|-unboost|p2b: Incineroar|atk|1\n|-unboost|p2b: Incineroar|spa|1\n|\n|t:|1776314961\n|switch|p1a: Xeno|Blastoise-Mega, L50, F, shiny|28/100|[from] Parting Shot\n|move|p2b: Incineroar|Flare Blitz|p1b: Gale-Ultra\n|-resisted|p1b: Gale-Ultra|1\n|-damage|p1b: Gale-Ultra|69/100\n|-damage|p2b: Incineroar|78/100|[from] Recoil\n|\n|-sideend|p2: midnight_arrives|move: Tailwind\n|upkeep\n|turn|8\n|\n|t:|1776314981\n|move|p2a: Basculegion|Aqua Jet|p1b: Gale-Ultra\n|-supereffective|p1b: Gale-Ultra|1\n|-damage|p1b: Gale-Ultra|0 fnt\n|faint|p1b: Gale-Ultra\n|move|p2b: Incineroar|Parting Shot|p1a: Xeno\n|-unboost|p1a: Xeno|atk|1\n|-unboost|p1a: Xeno|spa|1\n|\n|t:|1776314985\n|switch|p2b: Whimsicott|Whimsicott, L50, M|100/100|[from] Parting Shot\n|move|p1a: Xeno|Water Pulse|p2b: Whimsicott\n|-resisted|p2b: Whimsicott|1\n|-damage|p2b: Whimsicott|78/100\n|\n|upkeep\n|\n|t:|1776314995\n|switch|p1b: Sinistcha|Sinistcha, L50|91/100\n|-heal|p1a: Xeno|52/100|[from] ability: Hospitality|[of] p1b: Sinistcha\n|turn|9\n|\n|t:|1776315022\n|switch|p1a: Incineroar|Incineroar, L50, F, shiny|100/100\n|-ability|p1a: Incineroar|Intimidate|boost\n|-unboost|p2a: Basculegion|atk|1\n|-unboost|p2b: Whimsicott|atk|1\n|switch|p2a: Incineroar|Incineroar, L50, M|78/100\n|-ability|p2a: Incineroar|Intimidate|boost\n|-unboost|p1a: Incineroar|atk|1\n|-unboost|p1b: Sinistcha|atk|1\n|move|p1b: Sinistcha|Rage Powder|p1b: Sinistcha\n|-singleturn|p1b: Sinistcha|move: Rage Powder\n|move|p2b: Whimsicott|Moonblast|p1a: Incineroar\n|-damage|p1a: Incineroar|81/100\n|\n|-heal|p1a: Incineroar|87/100|[from] item: Leftovers\n|-fieldend|move: Trick Room\n|upkeep\n|turn|10\n|\n|t:|1776315072\n|switch|p1b: Xeno|Blastoise-Mega, L50, F, shiny|52/100\n|move|p2a: Incineroar|Fake Out|p1a: Incineroar\n|-damage|p1a: Incineroar|77/100\n|move|p2b: Whimsicott|Encore||[still]\n|-fail|p2b: Whimsicott\n|cant|p1a: Incineroar|flinch\n|\n|-heal|p1a: Incineroar|83/100|[from] item: Leftovers\n|upkeep\n|turn|11\n|\n|t:|1776315089\n|switch|p1a: Sinistcha|Sinistcha, L50|91/100\n|-heal|p1b: Xeno|77/100|[from] ability: Hospitality|[of] p1a: Sinistcha\n|move|p2b: Whimsicott|Tailwind|p2b: Whimsicott\n|-sidestart|p2: midnight_arrives|move: Tailwind\n|move|p2a: Incineroar|Parting Shot|p1b: Xeno\n|-unboost|p1b: Xeno|atk|1\n|-unboost|p1b: Xeno|spa|1\n|\n|t:|1776315093\n|switch|p2a: Basculegion|Basculegion, L50, M|70/100|[from] Parting Shot\n|move|p1b: Xeno|Water Spout|p2b: Whimsicott|[spread] p2a,p2b\n|-resisted|p2a: Basculegion|1\n|-resisted|p2b: Whimsicott|1\n|-damage|p2a: Basculegion|50/100\n|-damage|p2b: Whimsicott|58/100\n|\n|upkeep\n|turn|12\n|\n|t:|1776315119\n|move|p2b: Whimsicott|Encore|p1b: Xeno\n|-start|p1b: Xeno|Encore\n|move|p2a: Basculegion|Last Respects|p1a: Sinistcha\n|-supereffective|p1a: Sinistcha|1\n|-damage|p1a: Sinistcha|44/100\n|-enditem|p1a: Sinistcha|Sitrus Berry|[eat]\n|-heal|p1a: Sinistcha|68/100|[from] item: Sitrus Berry\n|move|p1b: Xeno|Water Spout|p2a: Basculegion|[spread] p2a,p2b\n|-resisted|p2a: Basculegion|1\n|-resisted|p2b: Whimsicott|1\n|-damage|p2a: Basculegion|32/100\n|-damage|p2b: Whimsicott|35/100\n|move|p1a: Sinistcha|Matcha Gotcha|p2a: Basculegion|[spread] p2a\n|-miss|p1a: Sinistcha|p2b: Whimsicott\n|-supereffective|p2a: Basculegion|1\n|-damage|p2a: Basculegion|0 fnt\n|-heal|p1a: Sinistcha|86/100|[from] drain|[of] p2a: Basculegion\n|faint|p2a: Basculegion\n|\n|upkeep\n|\n|t:|1776315125\n|switch|p2a: Floette|Floette-Mega, L50, F|24/100\n|-ability|p2a: Floette|Fairy Aura\n|turn|13\n|\n|t:|1776315152\n|move|p1a: Sinistcha|Rage Powder|p1a: Sinistcha\n|-singleturn|p1a: Sinistcha|move: Rage Powder\n|move|p2b: Whimsicott|Fake Tears|p1a: Sinistcha\n|-unboost|p1a: Sinistcha|spd|2\n|move|p2a: Floette|Moonblast|p1a: Sinistcha\n|-damage|p1a: Sinistcha|0 fnt\n|faint|p1a: Sinistcha\n|move|p1b: Xeno|Water Spout|p2a: Floette|[spread] p2a,p2b\n|-resisted|p2b: Whimsicott|1\n|-damage|p2a: Floette|0 fnt\n|-damage|p2b: Whimsicott|15/100\n|faint|p2a: Floette\n|\n|upkeep\n|-message|midnight_arrives forfeited.\n|\n|win|mujinseki\n|raw|mujinseki's rating: 1165 &rarr; <strong>1194</strong><br />(+29 for winning)\n|raw|midnight_arrives's rating: 1228 &rarr; <strong>1199</strong><br />(-29 for losing)\n|l|\u2606midnight_arrives\n|player|p2|\n|c|\u2606mujinseki|gg dude\\\n",
  "uploadtime": 1776315176,
  "views": 33,
  "formatid": "gen9championsvgc2026regma",
  "rating": 1194,
  "private": 0,
  "password": null
}