{
  "id": "gen9championsvgc2026regma-2586397070",
  "format": "[Gen 9 Champions] VGC 2026 Reg M-A",
  "players": [
    "segserino",
    "Hedgehogwarrior"
  ],
  "log": "|j|\u2606segserino\n|j|\u2606Hedgehogwarrior\n|t:|1776431730\n|gametype|doubles\n|player|p1|segserino|veteran|1230\n|player|p2|Hedgehogwarrior|2|1216\n|gen|9\n|tier|[Gen 9 Champions] VGC 2026 Reg M-A\n|rated|\n|rule|Species Clause: Limit one of each Pok\u00e9mon\n|rule|Item Clause: Limit 1 of each item\n|clearpoke\n|poke|p1|Froslass, L50, F|\n|poke|p1|Rotom-Frost, L50|\n|poke|p1|Garchomp, L50, F|\n|poke|p1|Incineroar, L50, F|\n|poke|p1|Kingambit, L50, M|\n|poke|p1|Sinistcha, L50|\n|poke|p2|Scizor, L50, F|\n|poke|p2|Pelipper, L50, F|\n|poke|p2|Farigiraf, L50, F|\n|poke|p2|Zoroark-Hisui, L50, F|\n|poke|p2|Gyarados, L50, M|\n|poke|p2|Sneasler, L50, F|\n|teampreview|4\n|inactive|Battle timer is ON: inactive players will automatically lose when time's up. (requested by segserino)\n|inactive|segserino has 60 seconds left.\n|\n|t:|1776431769\n|teamsize|p1|4\n|teamsize|p2|4\n|start\n|switch|p1a: Froslass|Froslass, L50, F|100/100\n|switch|p1b: Rotom|Rotom-Frost, L50|100/100\n|switch|p2a: Farigiraf|Farigiraf, L50, F|100/100\n|switch|p2b: Gyarados|Gyarados, L50, M|100/100\n|-ability|p2b: Gyarados|Intimidate|boost\n|-unboost|p1a: Froslass|atk|1\n|-unboost|p1b: Rotom|atk|1\n|turn|1\n|\n|t:|1776431793\n|detailschange|p2b: Gyarados|Gyarados-Mega, L50, M\n|-mega|p2b: Gyarados|Gyarados|Gyaradosite\n|-ability|p2b: Gyarados|Mold Breaker\n|move|p1a: Froslass|Protect|p1a: Froslass\n|-singleturn|p1a: Froslass|Protect\n|move|p2a: Farigiraf|Shadow Ball|p1a: Froslass\n|-activate|p1a: Froslass|move: Protect\n|move|p1b: Rotom|Volt Switch|p2a: Farigiraf\n|-damage|p2a: Farigiraf|35/100\n|replace|p2a: Zoroark|Zoroark-Hisui, L50, F\n|-end|p2a: Zoroark|Illusion\n|\n|t:|1776431809\n|switch|p1b: Kingambit|Kingambit, L50, M|100/100|[from] Volt Switch\n|move|p2b: Gyarados|Crunch|p1a: Froslass\n|-activate|p1a: Froslass|move: Protect\n|\n|upkeep\n|turn|2\n|\n|t:|1776431826\n|switch|p2a: Farigiraf|Farigiraf, L50, F|100/100\n|switch|p1a: Rotom|Rotom-Frost, L50|100/100\n|move|p1b: Kingambit|Kowtow Cleave|p2a: Farigiraf\n|-supereffective|p2a: Farigiraf|1\n|-enditem|p2a: Farigiraf|Colbur Berry|[eat]\n|-enditem|p2a: Farigiraf|Colbur Berry|[weaken]\n|-damage|p2a: Farigiraf|63/100\n|move|p2b: Gyarados|Crunch|p1a: Rotom\n|-damage|p1a: Rotom|24/100\n|\n|upkeep\n|turn|3\n|inactive|Hedgehogwarrior has 30 seconds left.\n|\n|t:|1776431856\n|move|p1a: Rotom|Thunderbolt|p2b: Gyarados\n|-supereffective|p2b: Gyarados|1\n|-damage|p2b: Gyarados|41/100\n|move|p1b: Kingambit|Kowtow Cleave|p2a: Farigiraf\n|-supereffective|p2a: Farigiraf|1\n|-damage|p2a: Farigiraf|0 fnt\n|faint|p2a: Farigiraf\n|move|p2b: Gyarados|Dragon Dance|p2b: Gyarados\n|-boost|p2b: Gyarados|atk|1\n|-boost|p2b: Gyarados|spe|1\n|\n|upkeep\n|\n|t:|1776431871\n|switch|p2a: Pelipper|Pelipper, L50, F|100/100\n|-weather|RainDance|[from] ability: Drizzle|[of] p2a: Pelipper\n|turn|4\n|\n|t:|1776431893\n|move|p1a: Rotom|Thunderbolt|p2a: Pelipper\n|-supereffective|p2a: Pelipper|2\n|-damage|p2a: Pelipper|0 fnt\n|faint|p2a: Pelipper\n|move|p2b: Gyarados|Waterfall|p1b: Kingambit\n|-damage|p1b: Kingambit|0 fnt\n|faint|p1b: Kingambit\n|\n|-weather|RainDance|[upkeep]\n|upkeep\n|\n|t:|1776431906\n|switch|p2a: Gyarados|Gyarados-Mega, L50, M|35/100\n|switch|p1b: Froslass|Froslass, L50, F|100/100\n|turn|5\n|\n|t:|1776431926\n|detailschange|p1b: Froslass|Froslass-Mega, L50, F\n|-mega|p1b: Froslass|Froslass|Froslassite\n|-weather|Snowscape|[from] ability: Snow Warning|[of] p1b: Froslass\n|move|p2a: Gyarados|Shadow Ball|p1a: Rotom\n|-damage|p1a: Rotom|0 fnt\n|faint|p1a: Rotom\n|move|p1b: Froslass|Blizzard|p2b: Gyarados|[spread] p2a,p2b\n|-resisted|p2b: Gyarados|1\n|-damage|p2a: Gyarados|0 fnt\n|-damage|p2b: Gyarados|26/100\n|-status|p2b: Gyarados|frz\n|replace|p2a: Zoroark|Zoroark-Hisui, L50, F\n|-end|p2a: Zoroark|Illusion\n|faint|p2a: Zoroark\n|-curestatus|p2b: Gyarados|frz|[msg]\n|move|p2b: Gyarados|Crunch|p1b: Froslass\n|-supereffective|p1b: Froslass|1\n|-crit|p1b: Froslass\n|-damage|p1b: Froslass|0 fnt\n|faint|p1b: Froslass\n|\n|-weather|Snowscape|[upkeep]\n|upkeep\n|\n|t:|1776431933\n|switch|p1b: Sinistcha|Sinistcha, L50|100/100\n|turn|6\n|\n|t:|1776431951\n|move|p2b: Gyarados|Crunch|p1b: Sinistcha\n|-supereffective|p1b: Sinistcha|1\n|-damage|p1b: Sinistcha|0 fnt\n|faint|p1b: Sinistcha\n|\n|win|Hedgehogwarrior\n|raw|segserino's rating: 1230 &rarr; <strong>1204</strong><br />(-26 for losing)\n|raw|Hedgehogwarrior's rating: 1216 &rarr; <strong>1242</strong><br />(+26 for winning)\n|l|\u2606segserino\n|player|p1|\n",
  "uploadtime": 1776431966,
  "views": 40,
  "formatid": "gen9championsvgc2026regma",
  "rating": 1204,
  "private": 0,
  "password": null
}