{
  "id": "gen9championsvgc2026regma-2588382402",
  "format": "[Gen 9 Champions] VGC 2026 Reg M-A",
  "players": [
    "Leemo1218",
    "Pisulito"
  ],
  "log": "|j|\u2606Leemo1218\n|j|\u2606Pisulito\n|t:|1776628862\n|gametype|doubles\n|player|p1|Leemo1218|riley|1040\n|player|p2|Pisulito|harlequin|1017\n|gen|9\n|tier|[Gen 9 Champions] VGC 2026 Reg M-A\n|rated|\n|rule|Species Clause: Limit one of each Pok\u00e9mon\n|rule|Item Clause: Limit 1 of each item\n|clearpoke\n|poke|p1|Incineroar, L50, F|\n|poke|p1|Gengar, L50, M, shiny|\n|poke|p1|Kingambit, L50, M|\n|poke|p1|Maushold-Four, L50|\n|poke|p1|Palafin, L50, M|\n|poke|p1|Zoroark-Hisui, L50, M|\n|poke|p2|Gyarados, L50, F|\n|poke|p2|Mimikyu, L50, F|\n|poke|p2|Torkoal, L50, F|\n|poke|p2|Kingambit, L50, F|\n|poke|p2|Camerupt, L50, F|\n|poke|p2|Slowking-Galar, L50, F|\n|teampreview|4\n|inactive|Battle timer is ON: inactive players will automatically lose when time's up. (requested by Leemo1218)\n|\n|t:|1776628907\n|teamsize|p1|4\n|teamsize|p2|4\n|start\n|switch|p1a: Gengar|Gengar, L50, M, shiny|100/100\n|switch|p1b: Incineroar|Incineroar, L50, F|100/100\n|switch|p2a: Mimikyu|Mimikyu, L50, F|100/100\n|switch|p2b: Gyarados|Gyarados, L50, F|100/100\n|-ability|p2b: Gyarados|Intimidate|boost\n|-unboost|p1a: Gengar|atk|1\n|-unboost|p1b: Incineroar|atk|1\n|-ability|p1b: Incineroar|Intimidate|boost\n|-unboost|p2a: Mimikyu|atk|1\n|-unboost|p2b: Gyarados|atk|1\n|-enditem|p2a: Mimikyu|White Herb\n|-clearnegativeboost|p2a: Mimikyu|[silent]\n|turn|1\n|\n|t:|1776628928\n|detailschange|p1a: Gengar|Gengar-Mega, L50, M, shiny\n|-mega|p1a: Gengar|Gengar|Gengarite\n|move|p2b: Gyarados|Protect|p2b: Gyarados\n|-singleturn|p2b: Gyarados|Protect\n|move|p1b: Incineroar|Fake Out|p2b: Gyarados\n|-activate|p2b: Gyarados|move: Protect\n|move|p1a: Gengar|Perish Song|p1a: Gengar\n|-start|p1a: Gengar|perish3|[silent]\n|-start|p1b: Incineroar|perish3|[silent]\n|-start|p2a: Mimikyu|perish3|[silent]\n|-start|p2b: Gyarados|perish3|[silent]\n|-fieldactivate|move: Perish Song\n|move|p2a: Mimikyu|Trick Room|p2a: Mimikyu\n|-fieldstart|move: Trick Room|[of] p2a: Mimikyu\n|\n|-start|p1b: Incineroar|perish3\n|-start|p2b: Gyarados|perish3\n|-start|p2a: Mimikyu|perish3\n|-start|p1a: Gengar|perish3\n|upkeep\n|turn|2\n|inactive|Pisulito has 30 seconds left.\n|\n|t:|1776628957\n|move|p1a: Gengar|Protect|p1a: Gengar\n|-singleturn|p1a: Gengar|Protect\n|move|p1b: Incineroar|Will-O-Wisp|p2b: Gyarados\n|-status|p2b: Gyarados|brn\n|move|p2b: Gyarados|Stone Edge|p1b: Incineroar\n|-supereffective|p1b: Incineroar|1\n|-crit|p1b: Incineroar\n|-damage|p1b: Incineroar|48/100\n|-enditem|p1b: Incineroar|Sitrus Berry|[eat]\n|-heal|p1b: Incineroar|72/100|[from] item: Sitrus Berry\n|move|p2a: Mimikyu|Shadow Claw|p1a: Gengar\n|-activate|p1a: Gengar|move: Protect\n|\n|-damage|p2b: Gyarados|95/100 brn|[from] brn\n|-start|p1b: Incineroar|perish2\n|-start|p2b: Gyarados|perish2\n|-start|p2a: Mimikyu|perish2\n|-start|p1a: Gengar|perish2\n|upkeep\n|turn|3\n|\n|t:|1776628980\n|switch|p1a: Maushold|Maushold-Four, L50|100/100\n|move|p1b: Incineroar|Parting Shot|p2a: Mimikyu\n|-unboost|p2a: Mimikyu|atk|1\n|-unboost|p2a: Mimikyu|spa|1\n|\n|t:|1776628988\n|switch|p1b: Gengar|Gengar-Mega, L50, M, shiny|100/100|[from] Parting Shot\n|move|p2b: Gyarados|Stone Edge|p1b: Gengar\n|-damage|p1b: Gengar|89/100\n|move|p2a: Mimikyu|Shadow Claw|p1a: Maushold\n|-immune|p1a: Maushold\n|\n|-damage|p2b: Gyarados|89/100 brn|[from] brn\n|-start|p2b: Gyarados|perish1\n|-start|p2a: Mimikyu|perish1\n|upkeep\n|turn|4\n|inactive|Leemo1218 has 30 seconds left.\n|inactive|Pisulito has 30 seconds left.\n|inactive|Pisulito has 20 seconds left.\n|\n|t:|1776629023\n|switch|p2a: Kingambit|Kingambit, L50, F|100/100\n|move|p1a: Maushold|Protect|p1a: Maushold\n|-singleturn|p1a: Maushold|Protect\n|move|p1b: Gengar|Protect|p1b: Gengar\n|-singleturn|p1b: Gengar|Protect\n|move|p2b: Gyarados|Waterfall|p1a: Maushold\n|-activate|p1a: Maushold|move: Protect\n|\n|-damage|p2b: Gyarados|83/100 brn|[from] brn\n|-start|p2b: Gyarados|perish0\n|faint|p2b: Gyarados\n|upkeep\n|\n|t:|1776629031\n|switch|p2b: Torkoal|Torkoal, L50, F|100/100\n|-weather|SunnyDay|[from] ability: Drought|[of] p2b: Torkoal\n|turn|5\n|inactive|Leemo1218 has 30 seconds left.\n|\n|t:|1776629064\n|move|p1a: Maushold|Follow Me|p1a: Maushold\n|-singleturn|p1a: Maushold|move: Follow Me\n|move|p2b: Torkoal|Eruption|p1b: Gengar|[spread] p1a,p1b\n|-damage|p1a: Maushold|39/100\n|-damage|p1b: Gengar|32/100\n|move|p2a: Kingambit|Kowtow Cleave|p1a: Maushold\n|-damage|p1a: Maushold|0 fnt\n|faint|p1a: Maushold\n|move|p1b: Gengar|Perish Song|p1b: Gengar\n|-start|p1b: Gengar|perish3|[silent]\n|-start|p2a: Kingambit|perish3|[silent]\n|-start|p2b: Torkoal|perish3|[silent]\n|-fieldactivate|move: Perish Song\n|\n|-weather|SunnyDay|[upkeep]\n|-start|p2b: Torkoal|perish3\n|-start|p2a: Kingambit|perish3\n|-start|p1b: Gengar|perish3\n|-fieldend|move: Trick Room\n|upkeep\n|\n|t:|1776629082\n|switch|p1a: Incineroar|Incineroar, L50, F|100/100\n|turn|6\n|\n|t:|1776629100\n|move|p1b: Gengar|Protect|p1b: Gengar\n|-singleturn|p1b: Gengar|Protect\n|move|p1a: Incineroar|Protect|p1a: Incineroar\n|-singleturn|p1a: Incineroar|Protect\n|move|p2a: Kingambit|Protect|p2a: Kingambit\n|-singleturn|p2a: Kingambit|Protect\n|move|p2b: Torkoal|Protect||[still]\n|-fail|p2b: Torkoal\n|\n|-weather|SunnyDay|[upkeep]\n|-start|p1b: Gengar|perish2\n|-start|p2a: Kingambit|perish2\n|-start|p2b: Torkoal|perish2\n|upkeep\n|turn|7\n|\n|t:|1776629121\n|move|p2a: Kingambit|Sucker Punch||[still]\n|-fail|p2a: Kingambit\n|move|p1b: Gengar|Substitute|p1b: Gengar\n|-start|p1b: Gengar|Substitute\n|-damage|p1b: Gengar|8/100\n|move|p1a: Incineroar|Shadow Ball|p2b: Torkoal\n|-crit|p2b: Torkoal\n|-damage|p2b: Torkoal|19/100\n|-enditem|p2b: Torkoal|Sitrus Berry|[eat]\n|-heal|p2b: Torkoal|43/100|[from] item: Sitrus Berry\n|move|p2b: Torkoal|Earth Power|p1a: Incineroar\n|-damage|p1a: Incineroar|43/100\n|replace|p1a: Zoroark|Zoroark-Hisui, L50, M\n|-end|p1a: Zoroark|Illusion\n|\n|-weather|SunnyDay|[upkeep]\n|-start|p1b: Gengar|perish1\n|-start|p2a: Kingambit|perish1\n|-start|p2b: Torkoal|perish1\n|upkeep\n|turn|8\n|inactive|Leemo1218 has 30 seconds left.\n|inactive|Pisulito has 30 seconds left.\n|inactive|Pisulito has 20 seconds left.\n|inactive|Pisulito has 15 seconds left.\n|\n|t:|1776629165\n|switch|p1b: Incineroar|Incineroar, L50, F|72/100\n|-ability|p1b: Incineroar|Intimidate|boost\n|-unboost|p2a: Kingambit|atk|1\n|-ability|p2a: Kingambit|Defiant|boost\n|-boost|p2a: Kingambit|atk|2\n|-unboost|p2b: Torkoal|atk|1\n|move|p1a: Zoroark|Protect|p1a: Zoroark\n|-singleturn|p1a: Zoroark|Protect\n|move|p2a: Kingambit|Sucker Punch||[still]\n|-fail|p2a: Kingambit\n|move|p2b: Torkoal|Eruption|p1b: Incineroar|[spread] p1b\n|-activate|p1a: Zoroark|move: Protect\n|-resisted|p1b: Incineroar|1\n|-damage|p1b: Incineroar|60/100\n|\n|-weather|SunnyDay|[upkeep]\n|-start|p2a: Kingambit|perish0\n|-start|p2b: Torkoal|perish0\n|faint|p2a: Kingambit\n|faint|p2b: Torkoal\n|upkeep\n|inactive|Pisulito has 30 seconds left.\n|\n|t:|1776629193\n|switch|p2b: Mimikyu|Mimikyu, L50, F|100/100\n|turn|9\n|\n|t:|1776629209\n|move|p1a: Zoroark|Shadow Ball|p2b: Mimikyu\n|-activate|p2b: Mimikyu|ability: Disguise\n|-damage|p2b: Mimikyu|100/100\n|detailschange|p2b: Mimikyu|Mimikyu-Busted, L50, F\n|-damage|p2b: Mimikyu|88/100|[from] pokemon: Mimikyu-Busted\n|move|p2b: Mimikyu|Play Rough|p1a: Zoroark\n|-damage|p1a: Zoroark|0 fnt\n|faint|p1a: Zoroark\n|move|p1b: Incineroar|Darkest Lariat|p2b: Mimikyu\n|-damage|p2b: Mimikyu|43/100\n|\n|-weather|none\n|upkeep\n|\n|t:|1776629218\n|switch|p1a: Gengar|Gengar-Mega, L50, M, shiny|8/100\n|turn|10\n|\n|t:|1776629234\n|move|p1a: Gengar|Protect|p1a: Gengar\n|-singleturn|p1a: Gengar|Protect\n|move|p2b: Mimikyu|Shadow Claw|p1a: Gengar\n|-activate|p1a: Gengar|move: Protect\n|move|p1b: Incineroar|Darkest Lariat|p2b: Mimikyu\n|-damage|p2b: Mimikyu|2/100\n|\n|upkeep\n|turn|11\n|\n|t:|1776629246\n|move|p2b: Mimikyu|Protect|p2b: Mimikyu\n|-singleturn|p2b: Mimikyu|Protect\n|move|p1a: Gengar|Sludge Bomb|p2b: Mimikyu\n|-activate|p2b: Mimikyu|move: Protect\n|move|p1b: Incineroar|Darkest Lariat|p2b: Mimikyu\n|-activate|p2b: Mimikyu|move: Protect\n|\n|upkeep\n|turn|12\n|\n|t:|1776629257\n|move|p1a: Gengar|Sludge Bomb|p2b: Mimikyu\n|-damage|p2b: Mimikyu|0 fnt\n|faint|p2b: Mimikyu\n|\n|win|Leemo1218\n|raw|Leemo1218's rating: 1040 &rarr; <strong>1072</strong><br />(+32 for winning)\n|raw|Pisulito's rating: 1017 &rarr; <strong>1005</strong><br />(-12 for losing)\n|l|\u2606Pisulito\n|player|p2|\n",
  "uploadtime": 1776629259,
  "views": 10,
  "formatid": "gen9championsvgc2026regma",
  "rating": 1005,
  "private": 0,
  "password": null
}