{
  "id": "gen9championsvgc2026regma-2586590348",
  "format": "[Gen 9 Champions] VGC 2026 Reg M-A",
  "players": [
    "hdhsjsko",
    "BroDontFuckWithMe"
  ],
  "log": "|j|\u2606hdhsjsko\n|j|\u2606BroDontFuckWithMe\n|t:|1776445262\n|gametype|doubles\n|player|p1|hdhsjsko|backpacker|1310\n|player|p2|BroDontFuckWithMe|170|1330\n|gen|9\n|tier|[Gen 9 Champions] VGC 2026 Reg M-A\n|rated|\n|rule|Species Clause: Limit one of each Pok\u00e9mon\n|rule|Item Clause: Limit 1 of each item\n|clearpoke\n|poke|p1|Kingambit, L50, M|\n|poke|p1|Sneasler, L50, M|\n|poke|p1|Sylveon, L50, F|\n|poke|p1|Mamoswine, L50, F|\n|poke|p1|Delphox, L50, M|\n|poke|p1|Basculegion, L50, M|\n|poke|p2|Starmie, L50|\n|poke|p2|Rotom-Heat, L50|\n|poke|p2|Excadrill, L50, M|\n|poke|p2|Sinistcha, L50|\n|poke|p2|Tyranitar, L50, M|\n|poke|p2|Gardevoir, L50, F|\n|teampreview|4\n|inactive|Battle timer is ON: inactive players will automatically lose when time's up. (requested by BroDontFuckWithMe)\n|\n|t:|1776445312\n|teamsize|p1|4\n|teamsize|p2|4\n|start\n|switch|p1a: Sneasler|Sneasler, L50, M|100/100\n|switch|p1b: Kingambit|Kingambit, L50, M|100/100\n|switch|p2a: Gardevoir|Gardevoir, L50, F|100/100\n|switch|p2b: Starmie|Starmie, L50|100/100\n|turn|1\n|inactive|BroDontFuckWithMe has 30 seconds left.\n|\n|t:|1776445345\n|move|p2b: Starmie|Protect|p2b: Starmie\n|-singleturn|p2b: Starmie|Protect\n|move|p1a: Sneasler|Fake Out|p2b: Starmie\n|-activate|p2b: Starmie|move: Protect\n|move|p2a: Gardevoir|Moonblast|p1b: Kingambit\n|-damage|p1b: Kingambit|52/100\n|move|p1b: Kingambit|Kowtow Cleave|p2b: Starmie\n|-activate|p2b: Starmie|move: Protect\n|\n|upkeep\n|turn|2\n|\n|t:|1776445357\n|detailschange|p2b: Starmie|Starmie-Mega, L50\n|-mega|p2b: Starmie|Starmie|Starminite\n|move|p2b: Starmie|Aqua Jet|p1a: Sneasler\n|-damage|p1a: Sneasler|32/100\n|move|p1b: Kingambit|Sucker Punch||[still]\n|-fail|p1b: Kingambit\n|move|p2a: Gardevoir|Moonblast|p1a: Sneasler\n|-damage|p1a: Sneasler|0 fnt\n|faint|p1a: Sneasler\n|\n|upkeep\n|\n|t:|1776445369\n|switch|p1a: Basculegion|Basculegion, L50, M|100/100\n|turn|3\n|\n|t:|1776445379\n|move|p1b: Kingambit|Sucker Punch|p2a: Gardevoir\n|-damage|p2a: Gardevoir|28/100\n|move|p1a: Basculegion|Flip Turn|p2a: Gardevoir\n|-crit|p2a: Gardevoir\n|-damage|p2a: Gardevoir|0 fnt\n|faint|p2a: Gardevoir\n|\n|t:|1776445384\n|switch|p1a: Mamoswine|Mamoswine, L50, F|100/100|[from] Flip Turn\n|move|p2b: Starmie|Zen Headbutt|p1a: Mamoswine\n|-damage|p1a: Mamoswine|9/100\n|\n|upkeep\n|\n|t:|1776445390\n|switch|p2a: Tyranitar|Tyranitar, L50, M|100/100\n|-weather|Sandstorm|[from] ability: Sand Stream|[of] p2a: Tyranitar\n|turn|4\n|\n|t:|1776445401\n|switch|p1a: Basculegion|Basculegion, L50, M|100/100\n|move|p2b: Starmie|Aqua Jet|p1a: Basculegion\n|-resisted|p1a: Basculegion|1\n|-damage|p1a: Basculegion|76/100\n|move|p2a: Tyranitar|Low Kick|p1b: Kingambit\n|-supereffective|p1b: Kingambit|2\n|-enditem|p1b: Kingambit|Chople Berry|[eat]\n|-enditem|p1b: Kingambit|Chople Berry|[weaken]\n|-damage|p1b: Kingambit|0 fnt\n|faint|p1b: Kingambit\n|\n|-weather|Sandstorm|[upkeep]\n|-damage|p1a: Basculegion|70/100|[from] Sandstorm\n|-damage|p2b: Starmie|95/100|[from] Sandstorm\n|upkeep\n|\n|t:|1776445409\n|switch|p1b: Mamoswine|Mamoswine, L50, F|9/100\n|turn|5\n|\n|t:|1776445415\n|move|p2b: Starmie|Protect|p2b: Starmie\n|-singleturn|p2b: Starmie|Protect\n|move|p1a: Basculegion|Last Respects|p2b: Starmie\n|-activate|p2b: Starmie|move: Protect\n|move|p1b: Mamoswine|High Horsepower|p2a: Tyranitar\n|-supereffective|p2a: Tyranitar|1\n|-damage|p2a: Tyranitar|12/100\n|move|p2a: Tyranitar|Assurance|p1a: Basculegion\n|-supereffective|p1a: Basculegion|1\n|-damage|p1a: Basculegion|0 fnt\n|faint|p1a: Basculegion\n|\n|-weather|Sandstorm|[upkeep]\n|-damage|p2b: Starmie|89/100|[from] Sandstorm\n|upkeep\n|turn|6\n|-message|hdhsjsko forfeited.\n|\n|win|BroDontFuckWithMe\n|raw|hdhsjsko's rating: 1310 &rarr; <strong>1291</strong><br />(-19 for losing)\n|raw|BroDontFuckWithMe's rating: 1330 &rarr; <strong>1349</strong><br />(+19 for winning)\n",
  "uploadtime": 1776445423,
  "views": 48,
  "formatid": "gen9championsvgc2026regma",
  "rating": 1291,
  "private": 0,
  "password": null
}