{
  "id": "gen9championsvgc2026regma-2586823589",
  "format": "[Gen 9 Champions] VGC 2026 Reg M-A",
  "players": [
    "EDJPP",
    "KarinaOnTsCoh"
  ],
  "log": "|j|\u2606EDJPP\n|j|\u2606KarinaOnTsCoh\n|t:|1776462883\n|gametype|doubles\n|player|p1|EDJPP|volkner|\n|player|p2|KarinaOnTsCoh|iris-gen5bw2|\n|gen|9\n|tier|[Gen 9 Champions] VGC 2026 Reg M-A\n|rated|Tournament battle\n|rule|Species Clause: Limit one of each Pok\u00e9mon\n|rule|Item Clause: Limit 1 of each item\n|raw|<div class=\"infobox\"><details class=\"readmore\" open><summary><strong>1 custom rule:</strong></summary> !open team sheets</details></div>\n|clearpoke\n|poke|p1|Froslass, L50, F|\n|poke|p1|Ninetales-Alola, L50, F|\n|poke|p1|Incineroar, L50, M|\n|poke|p1|Tauros-Paldea-Aqua, L50, M|\n|poke|p1|Gengar, L50, M|\n|poke|p1|Sinistcha, L50|\n|poke|p2|Floette-Eternal, L50, F|\n|poke|p2|Froslass, L50, F|\n|poke|p2|Incineroar, L50, F|\n|poke|p2|Garchomp, L50, M|\n|poke|p2|Sneasler, L50, F|\n|poke|p2|Maushold, L50|\n|teampreview|4\n|inactive|Battle timer is ON: inactive players will automatically lose when time's up. (requested by EDJPP)\n|j| hesolk\n|l| hesolk\n|inactive|KarinaOnTsCoh has 60 seconds left.\n|\n|t:|1776462917\n|teamsize|p1|4\n|teamsize|p2|4\n|start\n|switch|p1a: Incineroar|Incineroar, L50, M|100/100\n|switch|p1b: Froslass|Froslass, L50, F|100/100\n|switch|p2a: Incineroar|Incineroar, L50, F|100/100\n|switch|p2b: Froslass|Froslass, L50, F|100/100\n|-ability|p2a: Incineroar|Intimidate|boost\n|-unboost|p1a: Incineroar|atk|1\n|-unboost|p1b: Froslass|atk|1\n|-ability|p1a: Incineroar|Intimidate|boost\n|-unboost|p2a: Incineroar|atk|1\n|-unboost|p2b: Froslass|atk|1\n|turn|1\n|\n|t:|1776462938\n|switch|p1a: Ninetales|Ninetales-Alola, L50, F|100/100\n|-weather|Snowscape|[from] ability: Snow Warning|[of] p1a: Ninetales\n|detailschange|p2b: Froslass|Froslass-Mega, L50, F\n|-mega|p2b: Froslass|Froslass|Froslassite\n|move|p2a: Incineroar|Fake Out|p1a: Ninetales\n|-damage|p1a: Ninetales|93/100\n|move|p1b: Froslass|Nasty Plot|p1b: Froslass\n|-boost|p1b: Froslass|spa|2\n|move|p2b: Froslass|Shadow Ball|p1b: Froslass|[miss]\n|-miss|p2b: Froslass|p1b: Froslass\n|\n|-weather|Snowscape|[upkeep]\n|upkeep\n|turn|2\n|\n|t:|1776462962\n|move|p1b: Froslass|Protect|p1b: Froslass\n|-singleturn|p1b: Froslass|Protect\n|move|p1a: Ninetales|Icy Wind|p2a: Incineroar|[spread] p2a,p2b\n|-resisted|p2a: Incineroar|1\n|-resisted|p2b: Froslass|1\n|-damage|p2a: Incineroar|92/100\n|-damage|p2b: Froslass|90/100\n|-unboost|p2a: Incineroar|spe|1\n|-unboost|p2b: Froslass|spe|1\n|move|p2b: Froslass|Shadow Ball|p1b: Froslass\n|-activate|p1b: Froslass|move: Protect\n|move|p2a: Incineroar|Darkest Lariat|p1b: Froslass\n|-activate|p1b: Froslass|move: Protect\n|\n|-weather|Snowscape|[upkeep]\n|upkeep\n|turn|3\n|j|@Bright Size\n|j|@Therazer456\n|inactive|EDJPP has 30 seconds left.\n|inactive|KarinaOnTsCoh has 30 seconds left.\n|inactive|KarinaOnTsCoh has 20 seconds left.\n|inactive|KarinaOnTsCoh has 15 seconds left.\n|inactive|EDJPP has 20 seconds left.\n|inactive|KarinaOnTsCoh has 10 seconds left.\n|inactive|EDJPP has 15 seconds left.\n|inactive|KarinaOnTsCoh has 5 seconds left.\n|inactive|EDJPP has 10 seconds left.\n|\n|t:|1776463025\n|switch|p1a: Incineroar|Incineroar, L50, M|100/100\n|-ability|p1a: Incineroar|Intimidate|boost\n|-unboost|p2a: Incineroar|atk|1\n|-unboost|p2b: Froslass|atk|1\n|move|p1b: Froslass|Shadow Ball|p2b: Froslass\n|-supereffective|p2b: Froslass|1\n|-damage|p2b: Froslass|0 fnt\n|faint|p2b: Froslass\n|move|p2a: Incineroar|Flare Blitz|p1b: Froslass\n|-supereffective|p1b: Froslass|1\n|-damage|p1b: Froslass|38/100\n|-damage|p2a: Incineroar|77/100|[from] Recoil\n|\n|-weather|Snowscape|[upkeep]\n|upkeep\n|inactive|KarinaOnTsCoh has 30 seconds left.\n|inactive|KarinaOnTsCoh has 20 seconds left.\n|inactive|KarinaOnTsCoh has 15 seconds left.\n|inactive|KarinaOnTsCoh has 10 seconds left.\n|inactive|KarinaOnTsCoh has 5 seconds left.\n|\n|t:|1776463081\n|switch|p2b: Garchomp|Garchomp, L50, M|100/100\n|turn|4\n|j| XX_CHEETOBOI_XX\n|inactive|KarinaOnTsCoh has 30 seconds left.\n|inactive|KarinaOnTsCoh has 20 seconds left.\n|inactive|KarinaOnTsCoh has 15 seconds left.\n|inactive|KarinaOnTsCoh has 10 seconds left.\n|l| XX_CHEETOBOI_XX\n|\n|t:|1776463129\n|detailschange|p1b: Froslass|Froslass-Mega, L50, F\n|-mega|p1b: Froslass|Froslass|Froslassite\n|move|p1a: Incineroar|Fake Out|p2b: Garchomp\n|-damage|p2b: Garchomp|89/100\n|move|p1b: Froslass|Blizzard|p2a: Incineroar|[spread] p2a,p2b\n|-resisted|p2a: Incineroar|1\n|-supereffective|p2b: Garchomp|2\n|-damage|p2a: Incineroar|37/100\n|-damage|p2b: Garchomp|0 fnt\n|-enditem|p2a: Incineroar|Sitrus Berry|[eat]\n|-heal|p2a: Incineroar|61/100|[from] item: Sitrus Berry\n|faint|p2b: Garchomp\n|move|p2a: Incineroar|Flare Blitz|p1b: Froslass\n|-supereffective|p1b: Froslass|1\n|-damage|p1b: Froslass|0 fnt\n|faint|p1b: Froslass\n|-damage|p2a: Incineroar|52/100|[from] Recoil\n|\n|-weather|Snowscape|[upkeep]\n|upkeep\n|j| XX_CHEETOBOI_XX\n|l|@Bright Size\n|\n|t:|1776463149\n|switch|p1b: Ninetales|Ninetales-Alola, L50, F|93/100\n|switch|p2b: Sneasler|Sneasler, L50, F|100/100\n|turn|5\n|\n|t:|1776463156\n|move|p1b: Ninetales|Aurora Veil|p1b: Ninetales\n|-sidestart|p1: EDJPP|move: Aurora Veil\n|move|p2b: Sneasler|Close Combat|p1a: Incineroar\n|-supereffective|p1a: Incineroar|1\n|-damage|p1a: Incineroar|15/100\n|-unboost|p2b: Sneasler|def|1\n|-unboost|p2b: Sneasler|spd|1\n|-enditem|p2b: Sneasler|White Herb\n|-clearnegativeboost|p2b: Sneasler|[silent]\n|move|p1a: Incineroar|Parting Shot|p2b: Sneasler\n|-unboost|p2b: Sneasler|atk|1\n|-unboost|p2b: Sneasler|spa|1\n|\n|t:|1776463161\n|switch|p1a: Gengar|Gengar, L50, M|100/100|[from] Parting Shot\n|move|p2a: Incineroar|Flare Blitz|p1b: Ninetales\n|-supereffective|p1b: Ninetales|1\n|-damage|p1b: Ninetales|60/100\n|-damage|p2a: Incineroar|45/100|[from] Recoil\n|\n|-weather|none\n|upkeep\n|turn|6\n|l|@Therazer456\n|\n|t:|1776463176\n|move|p2b: Sneasler|Dire Claw|p1b: Ninetales\n|-supereffective|p1b: Ninetales|1\n|-damage|p1b: Ninetales|6/100\n|move|p1a: Gengar|Sludge Bomb|p2a: Incineroar\n|-damage|p2a: Incineroar|1/100\n|move|p1b: Ninetales|Moonblast|p2b: Sneasler\n|-damage|p2b: Sneasler|51/100\n|move|p2a: Incineroar|Darkest Lariat|p1a: Gengar\n|-supereffective|p1a: Gengar|1\n|-damage|p1a: Gengar|47/100\n|\n|upkeep\n|turn|7\n|inactive|EDJPP has 30 seconds left.\n|\n|t:|1776463203\n|move|p2b: Sneasler|Dire Claw|p1a: Gengar\n|-resisted|p1a: Gengar|2\n|-damage|p1a: Gengar|39/100\n|move|p1a: Gengar|Sludge Bomb|p2a: Incineroar\n|-damage|p2a: Incineroar|0 fnt\n|faint|p2a: Incineroar\n|move|p1b: Ninetales|Moonblast|p2b: Sneasler\n|-damage|p2b: Sneasler|2/100\n|\n|upkeep\n|turn|8\n|-message|KarinaOnTsCoh forfeited.\n|\n|win|EDJPP\n|n|\u2606EDJPP|edjpp\n|n|\u2606KarinaOnTsCoh|karinaontscoh\n|n| XX_CHEETOBOI_XX|xxcheetoboixx\n|l|\u2606KarinaOnTsCoh\n|player|p2|\n",
  "uploadtime": 1776463212,
  "views": 13,
  "formatid": "gen9championsvgc2026regma",
  "rating": null,
  "private": 0,
  "password": null
}