{
  "id": "gen9championsvgc2026regma-2587549811",
  "format": "[Gen 9 Champions] VGC 2026 Reg M-A",
  "players": [
    "sprix",
    "Lioxim"
  ],
  "log": "|j|\u2606sprix\n|j|\u2606Lioxim\n|t:|1776541420\n|gametype|doubles\n|player|p1|sprix|benga|1282\n|player|p2|Lioxim|2|1330\n|gen|9\n|tier|[Gen 9 Champions] VGC 2026 Reg M-A\n|rated|\n|rule|Species Clause: Limit one of each Pok\u00e9mon\n|rule|Item Clause: Limit 1 of each item\n|clearpoke\n|poke|p1|Delphox, L50, F|\n|poke|p1|Sinistcha, L50|\n|poke|p1|Primarina, L50, F|\n|poke|p1|Rotom-Wash, L50|\n|poke|p1|Excadrill, L50, M|\n|poke|p1|Tyranitar, L50, M, shiny|\n|poke|p2|Dragonite, L50, F|\n|poke|p2|Pelipper, L50, F|\n|poke|p2|Basculegion, L50, M|\n|poke|p2|Incineroar, L50, F|\n|poke|p2|Sneasler, L50, M|\n|poke|p2|Archaludon, L50, M|\n|teampreview|4\n|inactive|Battle timer is ON: inactive players will automatically lose when time's up. (requested by sprix)\n|inactive|Lioxim has 60 seconds left.\n|\n|t:|1776541468\n|teamsize|p1|4\n|teamsize|p2|4\n|start\n|switch|p1a: Sinistcha|Sinistcha, L50|100/100\n|switch|p1b: Primarina|Primarina, L50, F|100/100\n|switch|p2a: Sneasler|Sneasler, L50, M|100/100\n|switch|p2b: Pelipper|Pelipper, L50, F|100/100\n|-weather|RainDance|[from] ability: Drizzle|[of] p2b: Pelipper\n|turn|1\n|\n|t:|1776541481\n|move|p2a: Sneasler|Protect|p2a: Sneasler\n|-singleturn|p2a: Sneasler|Protect\n|move|p1b: Primarina|Protect|p1b: Primarina\n|-singleturn|p1b: Primarina|Protect\n|move|p2b: Pelipper|Hurricane|p1a: Sinistcha\n|-supereffective|p1a: Sinistcha|1\n|-damage|p1a: Sinistcha|22/100\n|-enditem|p1a: Sinistcha|Sitrus Berry|[eat]\n|-heal|p1a: Sinistcha|47/100|[from] item: Sitrus Berry\n|move|p1a: Sinistcha|Trick Room|p1a: Sinistcha\n|-fieldstart|move: Trick Room|[of] p1a: Sinistcha\n|\n|-weather|RainDance|[upkeep]\n|upkeep\n|turn|2\n|\n|t:|1776541498\n|switch|p1a: Tyranitar|Tyranitar, L50, M, shiny|100/100\n|-weather|Sandstorm|[from] ability: Sand Stream|[of] p1a: Tyranitar\n|move|p1b: Primarina|Calm Mind|p1b: Primarina\n|-boost|p1b: Primarina|spa|1\n|-boost|p1b: Primarina|spd|1\n|move|p2b: Pelipper|Hurricane|p1a: Tyranitar\n|-resisted|p1a: Tyranitar|1\n|-damage|p1a: Tyranitar|86/100\n|-start|p1a: Tyranitar|confusion\n|move|p2a: Sneasler|Dire Claw|p1b: Primarina\n|-supereffective|p1b: Primarina|1\n|-damage|p1b: Primarina|26/100\n|\n|-weather|Sandstorm|[upkeep]\n|-damage|p1b: Primarina|20/100|[from] Sandstorm\n|-damage|p2b: Pelipper|95/100|[from] Sandstorm\n|-damage|p2a: Sneasler|94/100|[from] Sandstorm\n|-heal|p1b: Primarina|26/100|[from] item: Leftovers\n|upkeep\n|turn|3\n|\n|t:|1776541518\n|move|p2b: Pelipper|Protect|p2b: Pelipper\n|-singleturn|p2b: Pelipper|Protect\n|move|p2a: Sneasler|Protect|p2a: Sneasler\n|-singleturn|p2a: Sneasler|Protect\n|move|p1b: Primarina|Dazzling Gleam|p2a: Sneasler|[spread] \n|-activate|p2a: Sneasler|move: Protect\n|-activate|p2b: Pelipper|move: Protect\n|-activate|p1a: Tyranitar|confusion\n|move|p1a: Tyranitar|Rock Slide|p2a: Sneasler|[spread] \n|-activate|p2a: Sneasler|move: Protect\n|-activate|p2b: Pelipper|move: Protect\n|\n|-weather|Sandstorm|[upkeep]\n|-damage|p1b: Primarina|20/100|[from] Sandstorm\n|-damage|p2b: Pelipper|89/100|[from] Sandstorm\n|-damage|p2a: Sneasler|88/100|[from] Sandstorm\n|-heal|p1b: Primarina|26/100|[from] item: Leftovers\n|upkeep\n|turn|4\n|\n|t:|1776541543\n|switch|p2b: Archaludon|Archaludon, L50, M|100/100\n|move|p1b: Primarina|Dazzling Gleam|p2a: Sneasler|[spread] p2a,p2b\n|-damage|p2a: Sneasler|44/100\n|-damage|p2b: Archaludon|58/100\n|-ability|p2b: Archaludon|Stamina|boost\n|-boost|p2b: Archaludon|def|1\n|-activate|p1a: Tyranitar|confusion\n|move|p1a: Tyranitar|Knock Off|p2b: Archaludon\n|-damage|p2b: Archaludon|34/100\n|-ability|p2b: Archaludon|Stamina|boost\n|-boost|p2b: Archaludon|def|1\n|-enditem|p2b: Archaludon|Leftovers|[from] move: Knock Off|[of] p1a: Tyranitar\n|move|p2a: Sneasler|Close Combat|p1a: Tyranitar\n|-supereffective|p1a: Tyranitar|2\n|-damage|p1a: Tyranitar|0 fnt\n|-unboost|p2a: Sneasler|def|1\n|-unboost|p2a: Sneasler|spd|1\n|faint|p1a: Tyranitar\n|-enditem|p2a: Sneasler|White Herb\n|-clearnegativeboost|p2a: Sneasler|[silent]\n|\n|-weather|Sandstorm|[upkeep]\n|-damage|p1b: Primarina|20/100|[from] Sandstorm\n|-damage|p2a: Sneasler|38/100|[from] Sandstorm\n|-heal|p1b: Primarina|26/100|[from] item: Leftovers\n|upkeep\n|\n|t:|1776541563\n|switch|p1a: Sinistcha|Sinistcha, L50|47/100\n|-heal|p1b: Primarina|50/100|[from] ability: Hospitality|[of] p1a: Sinistcha\n|turn|5\n|\n|t:|1776541581\n|move|p2b: Archaludon|Protect|p2b: Archaludon\n|-singleturn|p2b: Archaludon|Protect\n|move|p2a: Sneasler|Protect|p2a: Sneasler\n|-singleturn|p2a: Sneasler|Protect\n|move|p1b: Primarina|Dazzling Gleam|p2a: Sneasler|[spread] \n|-activate|p2a: Sneasler|move: Protect\n|-activate|p2b: Archaludon|move: Protect\n|move|p1a: Sinistcha|Shadow Ball|p2b: Archaludon\n|-activate|p2b: Archaludon|move: Protect\n|\n|-weather|Sandstorm|[upkeep]\n|-damage|p1b: Primarina|44/100|[from] Sandstorm\n|-damage|p1a: Sinistcha|40/100|[from] Sandstorm\n|-damage|p2a: Sneasler|32/100|[from] Sandstorm\n|-heal|p1b: Primarina|50/100|[from] item: Leftovers\n|-fieldend|move: Trick Room\n|upkeep\n|turn|6\n|inactive|sprix has 30 seconds left.\n|\n|t:|1776541608\n|move|p1b: Primarina|Protect|p1b: Primarina\n|-singleturn|p1b: Primarina|Protect\n|move|p2a: Sneasler|Dire Claw|p1a: Sinistcha\n|-damage|p1a: Sinistcha|0 fnt\n|faint|p1a: Sinistcha\n|move|p2b: Archaludon|Flash Cannon|p1b: Primarina\n|-activate|p1b: Primarina|move: Protect\n|\n|-weather|none\n|-heal|p1b: Primarina|56/100|[from] item: Leftovers\n|upkeep\n|\n|t:|1776541617\n|switch|p1a: Excadrill|Excadrill, L50, M|100/100\n|turn|7\n|inactive|Lioxim has 30 seconds left.\n|\n|t:|1776541649\n|switch|p2b: Pelipper|Pelipper, L50, F|89/100\n|-weather|RainDance|[from] ability: Drizzle|[of] p2b: Pelipper\n|move|p2a: Sneasler|Dire Claw|p1b: Primarina\n|-supereffective|p1b: Primarina|1\n|-damage|p1b: Primarina|0 fnt\n|faint|p1b: Primarina\n|move|p1a: Excadrill|Rock Slide|p2a: Sneasler|[spread] p2a,p2b\n|-resisted|p2a: Sneasler|1\n|-supereffective|p2b: Pelipper|1\n|-damage|p2a: Sneasler|15/100\n|-damage|p2b: Pelipper|31/100\n|\n|-weather|RainDance|[upkeep]\n|upkeep\n|turn|8\n|\n|t:|1776541662\n|move|p2a: Sneasler|Close Combat|p1a: Excadrill\n|-supereffective|p1a: Excadrill|1\n|-enditem|p1a: Excadrill|Focus Sash\n|-damage|p1a: Excadrill|1/100\n|-unboost|p2a: Sneasler|def|1\n|-unboost|p2a: Sneasler|spd|1\n|move|p1a: Excadrill|Rock Slide|p2b: Pelipper|[spread] p2b\n|-miss|p1a: Excadrill|p2a: Sneasler\n|-supereffective|p2b: Pelipper|1\n|-damage|p2b: Pelipper|0 fnt\n|faint|p2b: Pelipper\n|\n|-weather|RainDance|[upkeep]\n|upkeep\n|\n|t:|1776541666\n|switch|p2b: Basculegion|Basculegion, L50, M|100/100\n|turn|9\n|-message|sprix forfeited.\n|\n|win|Lioxim\n|raw|sprix's rating: 1282 &rarr; <strong>1260</strong><br />(-22 for losing)\n|raw|Lioxim's rating: 1330 &rarr; <strong>1347</strong><br />(+17 for winning)\n|l|\u2606sprix\n|player|p1|\n",
  "uploadtime": 1776541682,
  "views": 27,
  "formatid": "gen9championsvgc2026regma",
  "rating": 1260,
  "private": 0,
  "password": null
}