{
  "id": "gen9championsvgc2026regma-2582941620",
  "format": "[Gen 9 Champions] VGC 2026 Reg M-A",
  "players": [
    "purplespacetaco",
    "L_Yami_H"
  ],
  "log": "|j|\u2606purplespacetaco\n|j|\u2606L_Yami_H\n|t:|1776126987\n|gametype|doubles\n|player|p1|purplespacetaco|veteran|1155\n|player|p2|L_Yami_H|ghetsis|1162\n|gen|9\n|tier|[Gen 9 Champions] VGC 2026 Reg M-A\n|rated|\n|rule|Species Clause: Limit one of each Pok\u00e9mon\n|rule|Item Clause: Limit 1 of each item\n|clearpoke\n|poke|p1|Rotom-Heat, L50|\n|poke|p1|Aegislash, L50, F|\n|poke|p1|Tyranitar, L50, M|\n|poke|p1|Starmie, L50|\n|poke|p1|Aerodactyl, L50, M|\n|poke|p1|Whimsicott, L50, F|\n|poke|p2|Sableye, L50, M|\n|poke|p2|Victreebel, L50, F|\n|poke|p2|Araquanid, L50, F|\n|poke|p2|Kingambit, L50, M|\n|poke|p2|Arcanine, L50, M|\n|poke|p2|Sneasler, L50, F|\n|teampreview|4\n|inactive|Battle timer is ON: inactive players will automatically lose when time's up. (requested by L_Yami_H)\n|\n|t:|1776127021\n|teamsize|p1|4\n|teamsize|p2|4\n|start\n|switch|p1a: Pinky|Aerodactyl, L50, M, shiny|100/100\n|switch|p1b: Rotom Wash|Rotom-Heat, L50|100/100\n|switch|p2a: Yami|Sableye, L50, M|100/100\n|switch|p2b: Baret|Victreebel, L50, F, shiny|100/100\n|-ability|p1a: Pinky|Unnerve\n|turn|1\n|\n|t:|1776127037\n|detailschange|p2b: Baret|Victreebel-Mega, L50, F, shiny\n|-mega|p2b: Baret|Victreebel|Victreebelite\n|move|p2a: Yami|Fake Out|p1b: Rotom Wash\n|-damage|p1b: Rotom Wash|87/100\n|move|p1a: Pinky|Tailwind|p1a: Pinky\n|-sidestart|p1: purplespacetaco|move: Tailwind\n|cant|p1b: Rotom Wash|flinch\n|move|p2b: Baret|Sludge Bomb|p1b: Rotom Wash\n|-damage|p1b: Rotom Wash|38/100\n|-status|p1b: Rotom Wash|psn\n|-enditem|p1b: Rotom Wash|Sitrus Berry|[eat]\n|-heal|p1b: Rotom Wash|62/100 psn|[from] item: Sitrus Berry\n|\n|-damage|p1b: Rotom Wash|50/100 psn|[from] psn\n|upkeep\n|turn|2\n|\n|t:|1776127057\n|switch|p2b: Gabu|Arcanine, L50, M|100/100\n|-ability|p2b: Gabu|Intimidate|boost\n|-unboost|p1a: Pinky|atk|1\n|-unboost|p1b: Rotom Wash|atk|1\n|move|p2a: Yami|Encore|p1a: Pinky\n|-start|p1a: Pinky|Encore\n|move|p1a: Pinky|Tailwind||[still]\n|-fail|p1a: Pinky\n|move|p1b: Rotom Wash|Overheat|p2b: Gabu\n|-resisted|p2b: Gabu|1\n|-damage|p2b: Gabu|67/100\n|-unboost|p1b: Rotom Wash|spa|2\n|\n|-damage|p1b: Rotom Wash|38/100 psn|[from] psn\n|upkeep\n|turn|3\n|\n|t:|1776127077\n|switch|p1a: Godzilla|Tyranitar, L50, M|100/100\n|-weather|Sandstorm|[from] ability: Sand Stream|[of] p1a: Godzilla\n|move|p2a: Yami|Sucker Punch||[still]\n|-fail|p2a: Yami\n|move|p1b: Rotom Wash|Will-O-Wisp|p2a: Yami|[miss]\n|-miss|p1b: Rotom Wash|p2a: Yami\n|move|p2b: Gabu|Will-O-Wisp|p1a: Godzilla\n|-status|p1a: Godzilla|brn\n|\n|-weather|Sandstorm|[upkeep]\n|-damage|p1b: Rotom Wash|33/100 psn|[from] Sandstorm\n|-damage|p2b: Gabu|61/100|[from] Sandstorm\n|-damage|p2a: Yami|95/100|[from] Sandstorm\n|-damage|p1b: Rotom Wash|21/100 psn|[from] psn\n|-damage|p1a: Godzilla|94/100 brn|[from] brn\n|upkeep\n|turn|4\n|\n|t:|1776127102\n|move|p2a: Yami|Skill Swap|p2b: Gabu\n|-activate|p2a: Yami|Skill Swap|||[of] p2b: Gabu\n|-ability|p2a: Yami|Intimidate|boost\n|-unboost|p1a: Godzilla|atk|1\n|-unboost|p1b: Rotom Wash|atk|1\n|move|p2b: Gabu|Morning Sun|p2b: Gabu\n|-heal|p2b: Gabu|86/100\n|move|p1a: Godzilla|Rock Slide|p2a: Yami|[spread] p2b\n|-miss|p1a: Godzilla|p2a: Yami\n|-supereffective|p2b: Gabu|1\n|-damage|p2b: Gabu|64/100\n|move|p1b: Rotom Wash|Thunderbolt|p2a: Yami\n|-damage|p2a: Yami|58/100\n|\n|-weather|Sandstorm|[upkeep]\n|-damage|p1b: Rotom Wash|15/100 psn|[from] Sandstorm\n|-damage|p2b: Gabu|58/100|[from] Sandstorm\n|-damage|p2a: Yami|52/100|[from] Sandstorm\n|-damage|p1b: Rotom Wash|4/100 psn|[from] psn\n|-damage|p1a: Godzilla|88/100 brn|[from] brn\n|-sideend|p1: purplespacetaco|move: Tailwind\n|upkeep\n|turn|5\n|inactive|purplespacetaco has 30 seconds left.\n|\n|t:|1776127128\n|move|p2b: Gabu|Morning Sun|p2b: Gabu\n|-heal|p2b: Gabu|83/100\n|move|p1a: Godzilla|Rock Slide|p2a: Yami|[spread] p2a,p2b\n|-supereffective|p2b: Gabu|1\n|-damage|p2a: Yami|39/100\n|-damage|p2b: Gabu|65/100\n|move|p1b: Rotom Wash|Thunderbolt|p2a: Yami\n|-damage|p2a: Yami|1/100\n|move|p2a: Yami|Skill Swap|p2b: Gabu\n|-activate|p2a: Yami|Skill Swap|||[of] p2b: Gabu\n|-ability|p2b: Gabu|Intimidate|boost\n|-unboost|p1a: Godzilla|atk|1\n|-unboost|p1b: Rotom Wash|atk|1\n|\n|-weather|Sandstorm|[upkeep]\n|-damage|p2b: Gabu|59/100|[from] Sandstorm\n|-damage|p1b: Rotom Wash|0 fnt|[from] Sandstorm\n|-damage|p2a: Yami|0 fnt|[from] Sandstorm\n|faint|p1b: Rotom Wash\n|faint|p2a: Yami\n|-damage|p1a: Godzilla|82/100 brn|[from] brn\n|upkeep\n|\n|t:|1776127150\n|switch|p1b: Patrick|Starmie, L50, shiny|100/100\n|switch|p2a: Baret|Victreebel-Mega, L50, F, shiny|100/100\n|turn|6\n|\n|t:|1776127162\n|switch|p1a: Pinky|Aerodactyl, L50, M, shiny|100/100\n|-ability|p1a: Pinky|Unnerve\n|detailschange|p1b: Patrick|Starmie-Mega, L50, shiny\n|-mega|p1b: Patrick|Starmie|Starminite\n|move|p1b: Patrick|Zen Headbutt|p2a: Baret\n|-supereffective|p2a: Baret|1\n|-damage|p2a: Baret|0 fnt\n|-damage|p1b: Patrick|0 fnt|[from] ability: Innards Out|[of] p2a: Baret\n|faint|p2a: Baret\n|faint|p1b: Patrick\n|move|p2b: Gabu|Will-O-Wisp|p1a: Pinky\n|-status|p1a: Pinky|brn\n|\n|-weather|Sandstorm|[upkeep]\n|-damage|p2b: Gabu|53/100|[from] Sandstorm\n|-damage|p1a: Pinky|95/100 brn|[from] brn\n|upkeep\n|\n|t:|1776127179\n|switch|p1b: Godzilla|Tyranitar, L50, M|82/100 brn\n|switch|p2a: Weeber|Araquanid, L50, F|100/100\n|turn|7\n|\n|t:|1776127188\n|move|p2a: Weeber|Wide Guard|p2a: Weeber\n|-singleturn|p2a: Weeber|Wide Guard\n|move|p1a: Pinky|Rock Slide|p2b: Gabu|[spread] \n|-activate|p2a: Weeber|move: Wide Guard\n|-activate|p2b: Gabu|move: Wide Guard\n|move|p1b: Godzilla|Rock Slide|p2b: Gabu|[spread] \n|-activate|p2a: Weeber|move: Wide Guard\n|-activate|p2b: Gabu|move: Wide Guard\n|move|p2b: Gabu|Morning Sun|p2b: Gabu\n|-heal|p2b: Gabu|78/100\n|\n|-weather|none\n|-damage|p1a: Pinky|89/100 brn|[from] brn\n|-damage|p1b: Godzilla|76/100 brn|[from] brn\n|upkeep\n|turn|8\n|\n|t:|1776127206\n|move|p1a: Pinky|Dual Wingbeat|p2a: Weeber\n|-supereffective|p2a: Weeber|1\n|-damage|p2a: Weeber|78/100\n|-supereffective|p2a: Weeber|1\n|-damage|p2a: Weeber|58/100\n|-hitcount|p2a: Weeber|2\n|move|p1b: Godzilla|Rock Slide|p2b: Gabu|[spread] p2a,p2b\n|-supereffective|p2a: Weeber|1\n|-supereffective|p2b: Gabu|1\n|-damage|p2a: Weeber|24/100\n|-damage|p2b: Gabu|48/100\n|cant|p2b: Gabu|flinch\n|move|p2a: Weeber|Liquidation|p1b: Godzilla\n|-supereffective|p1b: Godzilla|1\n|-damage|p1b: Godzilla|0 fnt\n|faint|p1b: Godzilla\n|\n|-heal|p2a: Weeber|30/100|[from] item: Leftovers\n|-damage|p1a: Pinky|83/100 brn|[from] brn\n|upkeep\n|turn|9\n|\n|t:|1776127225\n|move|p2a: Weeber|Protect|p2a: Weeber\n|-singleturn|p2a: Weeber|Protect\n|move|p1a: Pinky|Dual Wingbeat|p2a: Weeber\n|-activate|p2a: Weeber|move: Protect\n|move|p2b: Gabu|Morning Sun|p2b: Gabu\n|-heal|p2b: Gabu|98/100\n|\n|-heal|p2a: Weeber|36/100|[from] item: Leftovers\n|-damage|p1a: Pinky|78/100 brn|[from] brn\n|upkeep\n|turn|10\n|\n|t:|1776127245\n|move|p1a: Pinky|Dual Wingbeat|p2a: Weeber\n|-supereffective|p2a: Weeber|1\n|-crit|p2a: Weeber\n|-damage|p2a: Weeber|8/100\n|-supereffective|p2a: Weeber|1\n|-damage|p2a: Weeber|0 fnt\n|faint|p2a: Weeber\n|-hitcount|p2: Weeber|2\n|move|p2b: Gabu|Flare Blitz|p1a: Pinky\n|-resisted|p1a: Pinky|1\n|-damage|p1a: Pinky|34/100 brn\n|-damage|p2b: Gabu|86/100|[from] Recoil\n|\n|-damage|p1a: Pinky|28/100 brn|[from] brn\n|upkeep\n|turn|11\n|\n|t:|1776127255\n|move|p1a: Pinky|Rock Slide|p2b: Gabu\n|-supereffective|p2b: Gabu|1\n|-damage|p2b: Gabu|54/100\n|move|p2b: Gabu|Flare Blitz|p1a: Pinky\n|-resisted|p1a: Pinky|1\n|-damage|p1a: Pinky|0 fnt\n|faint|p1a: Pinky\n|-damage|p2b: Gabu|47/100|[from] Recoil\n|-enditem|p2b: Gabu|Sitrus Berry|[eat]\n|-heal|p2b: Gabu|72/100|[from] item: Sitrus Berry\n|\n|win|L_Yami_H\n|raw|purplespacetaco's rating: 1155 &rarr; <strong>1131</strong><br />(-24 for losing)\n|raw|L_Yami_H's rating: 1162 &rarr; <strong>1186</strong><br />(+24 for winning)\n|c|\u2606purplespacetaco|gg\n",
  "uploadtime": 1776127261,
  "views": 16,
  "formatid": "gen9championsvgc2026regma",
  "rating": 1131,
  "private": 0,
  "password": null
}