{
  "id": "gen9championsvgc2026regma-2588179210",
  "format": "[Gen 9 Champions] VGC 2026 Reg M-A",
  "players": [
    "Dinz77",
    "hasulearnsvgc"
  ],
  "log": "|j|\u2606Dinz77\n|j|\u2606hasulearnsvgc\n|t:|1776611939\n|gametype|doubles\n|player|p1|Dinz77|2|1305\n|player|p2|hasulearnsvgc|265|1301\n|gen|9\n|tier|[Gen 9 Champions] VGC 2026 Reg M-A\n|rated|\n|rule|Species Clause: Limit one of each Pok\u00e9mon\n|rule|Item Clause: Limit 1 of each item\n|clearpoke\n|poke|p1|Heracross, L50, F|\n|poke|p1|Whimsicott, L50, F|\n|poke|p1|Politoed, L50, M|\n|poke|p1|Basculegion, L50, M|\n|poke|p1|Incineroar, L50, F|\n|poke|p1|Archaludon, L50, F|\n|poke|p2|Kangaskhan, L50, F|\n|poke|p2|Garchomp, L50, M|\n|poke|p2|Sylveon, L50, F, shiny|\n|poke|p2|Aegislash, L50, M, shiny|\n|poke|p2|Aerodactyl, L50, F|\n|poke|p2|Volcarona, L50, F|\n|teampreview|4\nDinz77 has agreed to open team sheets.\n|\n|t:|1776612008\n|teamsize|p1|4\n|teamsize|p2|4\n|start\n|switch|p1a: Whimsicott|Whimsicott, L50, F|100/100\n|switch|p1b: Heracross|Heracross, L50, F|100/100\n|switch|p2a: Kangaskhan|Kangaskhan, L50, F|100/100\n|switch|p2b: Aegislash|Aegislash, L50, M, shiny|100/100\n|turn|1\n|\n|t:|1776612046\n|detailschange|p2a: Kangaskhan|Kangaskhan-Mega, L50, F\n|-mega|p2a: Kangaskhan|Kangaskhan|Kangaskhanite\n|detailschange|p1b: Heracross|Heracross-Mega, L50, F\n|-mega|p1b: Heracross|Heracross|Heracronite\n|move|p1b: Heracross|Detect|p1b: Heracross\n|-singleturn|p1b: Heracross|Protect\n|move|p1a: Whimsicott|Tailwind|p1a: Whimsicott\n|-sidestart|p1: Dinz77|move: Tailwind\n|move|p2a: Kangaskhan|Double-Edge|p1b: Heracross\n|-activate|p1b: Heracross|move: Protect\n|-formechange|p2b: Aegislash|Aegislash-Blade|\n|move|p2b: Aegislash|Poltergeist|p1b: Heracross\n|-activate|p1b: Heracross|move: Protect\n|\n|upkeep\n|turn|2\n|\n|t:|1776612067\n|move|p2a: Kangaskhan|Protect|p2a: Kangaskhan\n|-singleturn|p2a: Kangaskhan|Protect\n|-formechange|p2b: Aegislash|Aegislash|\n|move|p2b: Aegislash|King's Shield|p2b: Aegislash\n|-singleturn|p2b: Aegislash|Protect\n|move|p1a: Whimsicott|Taunt|p2b: Aegislash\n|-start|p2b: Aegislash|move: Taunt\n|move|p1b: Heracross|Close Combat|p2a: Kangaskhan\n|-activate|p2a: Kangaskhan|move: Protect\n|\n|upkeep\n|turn|3\n|\n|t:|1776612104\n|switch|p2a: Sylveon|Sylveon, L50, F, shiny|100/100\n|move|p1a: Whimsicott|Encore||[still]\n|-fail|p1a: Whimsicott\n|move|p1b: Heracross|Close Combat|p2a: Sylveon\n|-resisted|p2a: Sylveon|1\n|-damage|p2a: Sylveon|43/100\n|-unboost|p1b: Heracross|def|1\n|-unboost|p1b: Heracross|spd|1\n|-formechange|p2b: Aegislash|Aegislash-Blade|\n|move|p2b: Aegislash|Iron Head|p1a: Whimsicott\n|-supereffective|p1a: Whimsicott|1\n|-enditem|p1a: Whimsicott|Focus Sash\n|-damage|p1a: Whimsicott|1/100\n|\n|upkeep\n|turn|4\n|\n|t:|1776612155\n|switch|p1a: Basculegion|Basculegion, L50, M|100/100\n|move|p2a: Sylveon|Quick Attack|p1b: Heracross\n|-supereffective|p1b: Heracross|1\n|-damage|p1b: Heracross|60/100\n|move|p2b: Aegislash|Shadow Sneak|p1b: Heracross\n|-damage|p1b: Heracross|14/100\n|move|p1b: Heracross|Rock Blast|p2a: Sylveon|[miss]\n|-miss|p1b: Heracross|p2a: Sylveon\n|\n|-sideend|p1: Dinz77|move: Tailwind\n|upkeep\n|turn|5\n|\n|t:|1776612211\n|move|p2a: Sylveon|Quick Attack|p1a: Basculegion\n|-damage|p1a: Basculegion|85/100\n|move|p2b: Aegislash|Shadow Sneak|p1a: Basculegion\n|-supereffective|p1a: Basculegion|1\n|-damage|p1a: Basculegion|8/100\n|move|p1a: Basculegion|Wave Crash|p2a: Sylveon\n|-damage|p2a: Sylveon|0 fnt\n|faint|p2a: Sylveon\n|-damage|p1a: Basculegion|0 fnt|[from] Recoil\n|faint|p1a: Basculegion\n|move|p1b: Heracross|Rock Blast|p2b: Aegislash\n|-resisted|p2b: Aegislash|1\n|-crit|p2b: Aegislash\n|-damage|p2b: Aegislash|84/100\n|-resisted|p2b: Aegislash|1\n|-damage|p2b: Aegislash|74/100\n|-resisted|p2b: Aegislash|1\n|-damage|p2b: Aegislash|63/100\n|-resisted|p2b: Aegislash|1\n|-damage|p2b: Aegislash|52/100\n|-resisted|p2b: Aegislash|1\n|-damage|p2b: Aegislash|40/100\n|-hitcount|p2b: Aegislash|5\n|\n|-end|p2b: Aegislash|move: Taunt\n|upkeep\n|\n|t:|1776612237\n|switch|p1a: Archaludon|Archaludon, L50, F|100/100\n|switch|p2a: Kangaskhan|Kangaskhan-Mega, L50, F|100/100\n|turn|6\n|inactive|Battle timer is ON: inactive players will automatically lose when time's up. (requested by hasulearnsvgc)\n|\n|t:|1776612285\n|move|p2a: Kangaskhan|Protect|p2a: Kangaskhan\n|-singleturn|p2a: Kangaskhan|Protect\n|move|p1b: Heracross|Detect|p1b: Heracross\n|-singleturn|p1b: Heracross|Protect\n|-formechange|p2b: Aegislash|Aegislash|\n|move|p2b: Aegislash|King's Shield|p2b: Aegislash\n|-singleturn|p2b: Aegislash|Protect\n|move|p1a: Archaludon|Flash Cannon|p2a: Kangaskhan\n|-activate|p2a: Kangaskhan|move: Protect\n|\n|upkeep\n|turn|7\n|inactive|Dinz77 has 30 seconds left.\n|inactive|Dinz77 has 20 seconds left.\n|inactive|Dinz77 has 15 seconds left.\n|inactive|Dinz77 has 10 seconds left.\n|\n|t:|1776612331\n|move|p1b: Heracross|Detect||[still]\n|-fail|p1b: Heracross\n|-formechange|p2b: Aegislash|Aegislash-Blade|\n|move|p2b: Aegislash|Shadow Sneak|p1b: Heracross\n|-damage|p1b: Heracross|0 fnt\n|faint|p1b: Heracross\n|move|p2a: Kangaskhan|Drain Punch|p1a: Archaludon\n|-supereffective|p1a: Archaludon|1\n|-damage|p1a: Archaludon|59/100\n|-supereffective|p1a: Archaludon|1\n|-damage|p1a: Archaludon|50/100\n|-hitcount|p1a: Archaludon|2\n|move|p1a: Archaludon|Flash Cannon|p2b: Aegislash\n|-resisted|p2b: Aegislash|1\n|-damage|p2b: Aegislash|0 fnt\n|faint|p2b: Aegislash\n|\n|upkeep\n|\n|t:|1776612345\n|switch|p1b: Whimsicott|Whimsicott, L50, F|1/100\n|switch|p2b: Garchomp|Garchomp, L50, M|100/100\n|turn|8\n|\n|t:|1776612370\n|move|p1a: Archaludon|Protect|p1a: Archaludon\n|-singleturn|p1a: Archaludon|Protect\n|move|p1b: Whimsicott|Tailwind|p1b: Whimsicott\n|-sidestart|p1: Dinz77|move: Tailwind\n|move|p2a: Kangaskhan|Double-Edge|p1b: Whimsicott\n|-damage|p1b: Whimsicott|0 fnt\n|faint|p1b: Whimsicott\n|-hitcount|p1: Whimsicott|1\n|-damage|p2a: Kangaskhan|99/100|[from] Recoil\n|move|p2b: Garchomp|Stomping Tantrum|p1a: Archaludon\n|-activate|p1a: Archaludon|move: Protect\n|\n|upkeep\n|turn|9\n|\n|t:|1776612380\n|move|p1a: Archaludon|Draco Meteor|p2b: Garchomp\n|-supereffective|p2b: Garchomp|1\n|-damage|p2b: Garchomp|0 fnt\n|-unboost|p1a: Archaludon|spa|2\n|faint|p2b: Garchomp\n|move|p2a: Kangaskhan|Drain Punch|p1a: Archaludon\n|-supereffective|p1a: Archaludon|1\n|-damage|p1a: Archaludon|7/100\n|-heal|p2a: Kangaskhan|100/100|[from] drain|[of] p1a: Archaludon\n|-supereffective|p1a: Archaludon|1\n|-damage|p1a: Archaludon|0 fnt\n|faint|p1a: Archaludon\n|-hitcount|p1: Archaludon|2\n|\n|win|hasulearnsvgc\n|raw|Dinz77's rating: 1305 &rarr; <strong>1285</strong><br />(-20 for losing)\n|raw|hasulearnsvgc's rating: 1301 &rarr; <strong>1321</strong><br />(+20 for winning)\n|c|\u2606Dinz77|gg\n",
  "uploadtime": 1776612393,
  "views": 16,
  "formatid": "gen9championsvgc2026regma",
  "rating": 1285,
  "private": 0,
  "password": null
}