{
  "id": "gen9championsvgc2026regma-2583189481",
  "format": "[Gen 9 Champions] VGC 2026 Reg M-A",
  "players": [
    "swbthj",
    "aa11ss"
  ],
  "log": "|j|\u2606swbthj\n|j|\u2606aa11ss\n|t:|1776152760\n|gametype|doubles\n|player|p1|swbthj|skyla|1267\n|player|p2|aa11ss|265|1188\n|gen|9\n|tier|[Gen 9 Champions] VGC 2026 Reg M-A\n|rated|\n|rule|Species Clause: Limit one of each Pok\u00e9mon\n|rule|Item Clause: Limit 1 of each item\n|clearpoke\n|poke|p1|Charizard, L50, M|\n|poke|p1|Whimsicott, L50, F|\n|poke|p1|Garchomp, L50, M|\n|poke|p1|Corviknight, L50, M|\n|poke|p1|Incineroar, L50, M|\n|poke|p1|Rotom-Wash, L50|\n|poke|p2|Mamoswine, L50, F|\n|poke|p2|Gyarados, L50, M|\n|poke|p2|Garchomp, L50, F|\n|poke|p2|Chandelure, L50, M|\n|poke|p2|Sneasler, L50, M|\n|poke|p2|Venusaur, L50, M|\n|teampreview|4\n|inactive|Battle timer is ON: inactive players will automatically lose when time's up. (requested by aa11ss)\naa11ss rejected open team sheets.\n|\n|t:|1776152816\n|teamsize|p1|4\n|teamsize|p2|4\n|start\n|switch|p1a: Rotom|Rotom-Wash, L50|100/100\n|switch|p1b: Corviknight|Corviknight, L50, M|100/100\n|switch|p2a: Garchomp|Garchomp, L50, F|100/100\n|switch|p2b: Gyarados|Gyarados, L50, M|100/100\n|-ability|p2b: Gyarados|Intimidate|boost\n|-unboost|p1a: Rotom|atk|1\n|-ability|p1b: Corviknight|Mirror Armor\n|-unboost|p2b: Gyarados|atk|1\n|turn|1\n|inactive|swbthj has 30 seconds left.\n|\n|t:|1776152842\n|switch|p2b: Mamoswine|Mamoswine, L50, F|100/100\n|detailschange|p2a: Garchomp|Garchomp-Mega, L50, F\n|-mega|p2a: Garchomp|Garchomp|Garchompite\n|move|p1a: Rotom|Volt Switch|p2b: Mamoswine\n|-immune|p2b: Mamoswine\n|move|p2a: Garchomp|Rock Slide|p1a: Rotom|[spread] p1a,p1b\n|-damage|p1a: Rotom|72/100\n|-damage|p1b: Corviknight|85/100\n|move|p1b: Corviknight|Tailwind|p1b: Corviknight\n|-sidestart|p1: swbthj|move: Tailwind\n|\n|-heal|p1b: Corviknight|91/100|[from] item: Leftovers\n|upkeep\n|turn|2\n|inactive|swbthj has 30 seconds left.\n|\n|t:|1776152872\n|switch|p1a: Garchomp|Garchomp, L50, M|100/100\n|switch|p2b: Gyarados|Gyarados, L50, M|100/100\n|-ability|p2b: Gyarados|Intimidate|boost\n|-unboost|p1a: Garchomp|atk|1\n|-ability|p1b: Corviknight|Mirror Armor\n|-unboost|p2b: Gyarados|atk|1\n|move|p1b: Corviknight|Iron Head|p2b: Gyarados\n|-resisted|p2b: Gyarados|1\n|-damage|p2b: Gyarados|88/100\n|move|p2a: Garchomp|Dragon Claw|p1a: Garchomp\n|-supereffective|p1a: Garchomp|1\n|-damage|p1a: Garchomp|0 fnt\n|-damage|p2a: Garchomp|88/100|[from] ability: Rough Skin|[of] p1a: Garchomp\n|faint|p1a: Garchomp\n|\n|-heal|p1b: Corviknight|97/100|[from] item: Leftovers\n|-heal|p2b: Gyarados|94/100|[from] item: Leftovers\n|upkeep\n|\n|t:|1776152894\n|switch|p1a: Rotom|Rotom-Wash, L50|72/100\n|turn|3\n|\n|t:|1776152901\n|move|p2a: Garchomp|Protect|p2a: Garchomp\n|-singleturn|p2a: Garchomp|Protect\n|move|p2b: Gyarados|Protect|p2b: Gyarados\n|-singleturn|p2b: Gyarados|Protect\n|move|p1a: Rotom|Hydro Pump|p2a: Garchomp\n|-activate|p2a: Garchomp|move: Protect\n|move|p1b: Corviknight|Brave Bird|p2a: Garchomp\n|-activate|p2a: Garchomp|move: Protect\n|\n|-heal|p1b: Corviknight|100/100|[from] item: Leftovers\n|-heal|p2b: Gyarados|99/100|[from] item: Leftovers\n|upkeep\n|turn|4\n|inactive|aa11ss has 30 seconds left.\n|\n|t:|1776152932\n|move|p1a: Rotom|Hydro Pump|p2a: Garchomp\n|-damage|p2a: Garchomp|42/100\n|move|p1b: Corviknight|Brave Bird|p2a: Garchomp\n|-damage|p2a: Garchomp|14/100\n|-damage|p1b: Corviknight|91/100|[from] Recoil\n|move|p2a: Garchomp|Dragon Claw|p1a: Rotom\n|-damage|p1a: Rotom|8/100\n|move|p2b: Gyarados|Thunder Wave|p1b: Corviknight|[miss]\n|-miss|p2b: Gyarados|p1b: Corviknight\n|\n|-heal|p1b: Corviknight|97/100|[from] item: Leftovers\n|-heal|p2b: Gyarados|100/100|[from] item: Leftovers\n|-sideend|p1: swbthj|move: Tailwind\n|upkeep\n|turn|5\n|\n|t:|1776152954\n|move|p2a: Garchomp|Protect|p2a: Garchomp\n|-singleturn|p2a: Garchomp|Protect\n|move|p1a: Rotom|Hydro Pump|p2a: Garchomp\n|-activate|p2a: Garchomp|move: Protect\n|move|p2b: Gyarados|Thunder Wave|p1b: Corviknight\n|-status|p1b: Corviknight|par\n|move|p1b: Corviknight|Tailwind|p1b: Corviknight\n|-sidestart|p1: swbthj|move: Tailwind\n|\n|-heal|p1b: Corviknight|100/100 par|[from] item: Leftovers\n|upkeep\n|turn|6\n|\n|t:|1776152977\n|switch|p1a: Charizard|Charizard, L50, M|100/100\n|move|p2a: Garchomp|Rock Slide|p1a: Charizard|[spread] p1a,p1b\n|-supereffective|p1a: Charizard|2\n|-damage|p1a: Charizard|0 fnt\n|-damage|p1b: Corviknight|82/100 par\n|faint|p1a: Charizard\n|move|p2b: Gyarados|Taunt|p1b: Corviknight\n|-start|p1b: Corviknight|move: Taunt\n|cant|p1b: Corviknight|flinch\n|\n|-heal|p1b: Corviknight|88/100 par|[from] item: Leftovers\n|upkeep\n|-message|swbthj forfeited.\n|\n|win|aa11ss\n|raw|swbthj's rating: 1267 &rarr; <strong>1236</strong><br />(-31 for losing)\n|raw|aa11ss's rating: 1188 &rarr; <strong>1219</strong><br />(+31 for winning)\n|l|\u2606swbthj\n|player|p1|\n",
  "uploadtime": 1776152997,
  "views": 41,
  "formatid": "gen9championsvgc2026regma",
  "rating": 1219,
  "private": 0,
  "password": null
}