{
  "id": "gen9championsvgc2026regma-2586874650",
  "format": "[Gen 9 Champions] VGC 2026 Reg M-A",
  "players": [
    "thewxfr",
    "gasertheegyptain"
  ],
  "log": "|j|\u2606thewxfr\n|j|\u2606gasertheegyptain\n|t:|1776467460\n|gametype|doubles\n|player|p1|thewxfr|265|\n|player|p2|gasertheegyptain|unknown|\n|gen|9\n|tier|[Gen 9 Champions] VGC 2026 Reg M-A\n|rule|Species Clause: Limit one of each Pok\u00e9mon\n|rule|Item Clause: Limit 1 of each item\n|clearpoke\n|poke|p1|Slowking-Galar, L50, F|\n|poke|p1|Sneasler, L50, M|\n|poke|p1|Beedrill, L50, M|\n|poke|p1|Ariados, L50, F|\n|poke|p1|Gengar, L50, F|\n|poke|p1|Glimmora, L50, M|\n|poke|p2|Crabominable, L50, M|\n|poke|p2|Slowking, L50, F|\n|poke|p2|Incineroar, L50, M|\n|poke|p2|Sinistcha-Masterpiece, L50|\n|poke|p2|Alcremie, L50, F|\n|poke|p2|Camerupt, L50, F|\n|teampreview|4\nthewxfr rejected open team sheets.\n|c|\u2606gasertheegyptain|now HERES A WORSE TEAM\n|c|\u2606thewxfr|imma use my worse mons to see how they do\n|c|\u2606thewxfr|well lol\n|\n|t:|1776467516\n|teamsize|p1|4\n|teamsize|p2|4\n|start\n|switch|p1a: Gengar|Gengar, L50, F|100/100\n|switch|p1b: Glimmora|Glimmora, L50, M|100/100\n|switch|p2a: Camerupt|Camerupt, L50, F|100/100\n|switch|p2b: Alcremie|Alcremie, L50, F|100/100\n|turn|1\n|\n|t:|1776467538\n|detailschange|p2a: Camerupt|Camerupt-Mega, L50, F\n|-mega|p2a: Camerupt|Camerupt|Cameruptite\n|move|p1a: Gengar|Venoshock|p2b: Alcremie\n|-supereffective|p2b: Alcremie|1\n|-damage|p2b: Alcremie|45/100\n|-enditem|p2b: Alcremie|Sitrus Berry|[eat]\n|-heal|p2b: Alcremie|70/100|[from] item: Sitrus Berry\n|move|p1b: Glimmora|Stealth Rock|p2b: Alcremie\n|-sidestart|p2: gasertheegyptain|move: Stealth Rock\n|move|p2b: Alcremie|Decorate|p2a: Camerupt\n|-boost|p2a: Camerupt|atk|2\n|-boost|p2a: Camerupt|spa|2\n|move|p2a: Camerupt|Substitute|p2a: Camerupt\n|-start|p2a: Camerupt|Substitute\n|-damage|p2a: Camerupt|76/100\n|\n|upkeep\n|turn|2\n|\n|t:|1776467581\n|move|p1a: Gengar|Destiny Bond|p1a: Gengar\n|-singlemove|p1a: Gengar|Destiny Bond\n|move|p1b: Glimmora|Spikes|p2a: Camerupt\n|-sidestart|p2: gasertheegyptain|Spikes\n|move|p2b: Alcremie|Decorate||[still]\n|-fail|p2b: Alcremie\n|move|p2a: Camerupt|Heat Wave|p1b: Glimmora|[spread] p1a,p1b\n|-resisted|p1b: Glimmora|1\n|-damage|p1a: Gengar|0 fnt\n|-damage|p1b: Glimmora|38/100\n|-enditem|p1b: Glimmora|Sitrus Berry|[eat]\n|-heal|p1b: Glimmora|63/100|[from] item: Sitrus Berry\n|faint|p1a: Gengar\n|-activate|p1a: Gengar|move: Destiny Bond\n|faint|p2a: Camerupt\n|\n|upkeep\n|c|\u2606thewxfr|i love hazards, people don't think to put spinners on those teams\n|c|\u2606gasertheegyptain|UGHHHHHHHHHHHHHHHHHHHH\n|c|\u2606thewxfr|in the deed\n|\n|t:|1776467598\n|switch|p1a: Ariados|Ariados, L50, F|100/100\n|switch|p2a: Incineroar|Incineroar, L50, M|100/100\n|-damage|p2a: Incineroar|76/100|[from] Stealth Rock\n|-damage|p2a: Incineroar|63/100|[from] Spikes\n|-ability|p2a: Incineroar|Intimidate|boost\n|-unboost|p1a: Ariados|atk|1\n|-unboost|p1b: Glimmora|atk|1\n|turn|3\n|\n|t:|1776467608\n|move|p2a: Incineroar|Fake Out|p1a: Ariados\n|-damage|p1a: Ariados|85/100\n|cant|p1a: Ariados|flinch\n|move|p1b: Glimmora|Power Gem|p2a: Incineroar\n|-supereffective|p2a: Incineroar|1\n|-crit|p2a: Incineroar\n|-damage|p2a: Incineroar|0 fnt\n|faint|p2a: Incineroar\n|move|p2b: Alcremie|Decorate|p2: Incineroar|[notarget]\n|-fail|p2b: Alcremie\n|\n|upkeep\n|\n|t:|1776467655\n|switch|p2a: Sinistcha|Sinistcha-Masterpiece, L50|100/100\n|-damage|p2a: Sinistcha|88/100|[from] Stealth Rock\n|-damage|p2a: Sinistcha|76/100|[from] Spikes\n|-heal|p2b: Alcremie|95/100|[from] ability: Hospitality|[of] p2a: Sinistcha\n|turn|4\n|\n|t:|1776467679\n|move|p1a: Ariados|Rage Powder|p1a: Ariados\n|-singleturn|p1a: Ariados|move: Rage Powder\n|move|p1b: Glimmora|Power Gem|p2a: Sinistcha\n|-damage|p2a: Sinistcha|33/100\n|move|p2a: Sinistcha|Life Dew|p2a: Sinistcha|[spread] p2a,p2b\n|-heal|p2a: Sinistcha|58/100\n|-heal|p2b: Alcremie|100/100\n|move|p2b: Alcremie|Decorate|p1a: Ariados\n|-boost|p1a: Ariados|atk|2\n|-boost|p1a: Ariados|spa|2\n|\n|-heal|p2a: Sinistcha|64/100|[from] item: Leftovers\n|upkeep\n|turn|5\n|c|\u2606thewxfr|thank ya\n|c|\u2606thewxfr|rage powder ariados to protect my beedrill\n|c|\u2606thewxfr|that's the stupidest thing i could use that's poison type\n|\n|t:|1776467742\n|move|p1a: Ariados|Rage Powder|p1a: Ariados\n|-singleturn|p1a: Ariados|move: Rage Powder\n|move|p1b: Glimmora|Mortal Spin|p2a: Sinistcha|[spread] p2a,p2b\n|-supereffective|p2b: Alcremie|1\n|-damage|p2a: Sinistcha|62/100\n|-damage|p2b: Alcremie|96/100\n|-status|p2a: Sinistcha|psn\n|-status|p2b: Alcremie|psn\n|move|p2a: Sinistcha|Matcha Gotcha|p1a: Ariados|[spread] p1a,p1b\n|-resisted|p1a: Ariados|2\n|-damage|p1a: Ariados|78/100\n|-heal|p2a: Sinistcha|66/100 psn|[from] drain|[of] p1a: Ariados\n|-damage|p1b: Glimmora|36/100\n|-heal|p2a: Sinistcha|81/100 psn|[from] drain|[of] p1b: Glimmora\n|move|p2b: Alcremie|Encore|p1a: Ariados\n|-start|p1a: Ariados|Encore\n|\n|-heal|p2a: Sinistcha|87/100 psn|[from] item: Leftovers\n|-damage|p2a: Sinistcha|75/100 psn|[from] psn\n|-damage|p2b: Alcremie|84/100 psn|[from] psn\n|upkeep\n|turn|6\n|\n|t:|1776467762\n|move|p1a: Ariados|Rage Powder|p1a: Ariados\n|-singleturn|p1a: Ariados|move: Rage Powder\n|move|p1b: Glimmora|Power Gem|p2a: Sinistcha\n|-damage|p2a: Sinistcha|35/100 psn\n|move|p2a: Sinistcha|Matcha Gotcha|p1b: Glimmora|[spread] p1a,p1b\n|-resisted|p1a: Ariados|2\n|-damage|p1a: Ariados|69/100\n|-heal|p2a: Sinistcha|39/100 psn|[from] drain|[of] p1a: Ariados\n|-damage|p1b: Glimmora|10/100\n|-heal|p2a: Sinistcha|53/100 psn|[from] drain|[of] p1b: Glimmora\n|move|p2b: Alcremie|Dazzling Gleam|p1b: Glimmora|[spread] p1a,p1b\n|-resisted|p1a: Ariados|1\n|-crit|p1a: Ariados\n|-resisted|p1b: Glimmora|1\n|-damage|p1a: Ariados|49/100\n|-damage|p1b: Glimmora|0 fnt\n|faint|p1b: Glimmora\n|\n|-heal|p2a: Sinistcha|59/100 psn|[from] item: Leftovers\n|-damage|p2a: Sinistcha|47/100 psn|[from] psn\n|-damage|p2b: Alcremie|71/100 psn|[from] psn\n|upkeep\n|\n|t:|1776467766\n|switch|p1b: Beedrill|Beedrill, L50, M|100/100\n|turn|7\n|\n|t:|1776467791\n|detailschange|p1b: Beedrill|Beedrill-Mega, L50, M\n|-mega|p1b: Beedrill|Beedrill|Beedrillite\n|move|p1a: Ariados|Rage Powder|p1a: Ariados\n|-singleturn|p1a: Ariados|move: Rage Powder\n|move|p1b: Beedrill|Poison Jab|p2a: Sinistcha\n|-damage|p2a: Sinistcha|0 fnt\n|faint|p2a: Sinistcha\n|move|p2b: Alcremie|Dazzling Gleam|p1b: Beedrill|[spread] p1a,p1b\n|-resisted|p1a: Ariados|1\n|-resisted|p1b: Beedrill|1\n|-damage|p1a: Ariados|33/100\n|-damage|p1b: Beedrill|85/100\n|\n|-damage|p2b: Alcremie|59/100 psn|[from] psn\n|upkeep\n|turn|8\n|c|\u2606gasertheegyptain|ja\n|c|\u2606gasertheegyptain|ja\n|c|\u2606gasertheegyptain|aj\n|c|\u2606gasertheegyptain|aja\n|c|\u2606gasertheegyptain|ja\n|c|\u2606gasertheegyptain|ja\n|c|\u2606thewxfr|:)\n|c|\u2606gasertheegyptain|ja\n|c|\u2606gasertheegyptain|jajajaja\n|\n|t:|1776467812\n|move|p1a: Ariados|Rage Powder|p1a: Ariados\n|-singleturn|p1a: Ariados|move: Rage Powder\n|move|p1b: Beedrill|Poison Jab|p2b: Alcremie\n|-supereffective|p2b: Alcremie|1\n|-damage|p2b: Alcremie|0 fnt\n|faint|p2b: Alcremie\n|\n|win|thewxfr\n|c|\u2606thewxfr|ai ai ai ai\n|l|\u2606gasertheegyptain\n|player|p2|\n",
  "uploadtime": 1776467825,
  "views": 13,
  "formatid": "gen9championsvgc2026regma",
  "rating": null,
  "private": 0,
  "password": null
}