{
  "id": "gen9championsvgc2026regma-2588498263",
  "format": "[Gen 9 Champions] VGC 2026 Reg M-A",
  "players": [
    "jonathan53332",
    "iamjalenhh"
  ],
  "log": "|j|\u2606jonathan53332\n|j|\u2606iamjalenhh\n|html|<table width=\"100%\"><tr><td align=\"left\">jonathan53332</td><td align=\"right\">iamjalenhh</tr><tr><td align=\"left\"><i class=\"fa fa-circle\"></i> <i class=\"fa fa-circle-o\"></i> </td><td align=\"right\"><i class=\"fa fa-circle-o\"></i> <i class=\"fa fa-circle\"></i> </tr></table>\n|uhtml|bestof|<h2><strong>Game 3</strong> of <a href=\"/game-bestof3-gen9championsvgc2026regma-2588492035\">a best-of-3</a></h2>\n|t:|1776638986\n|gametype|doubles\n|player|p1|jonathan53332|102|\n|player|p2|iamjalenhh|1|\n|gen|9\n|tier|[Gen 9 Champions] VGC 2026 Reg M-A\n|rule|Species Clause: Limit one of each Pok\u00e9mon\n|rule|Item Clause: Limit 1 of each item\n|raw|<div class=\"infobox\"><details class=\"readmore\" open><summary><strong>1 custom rule:</strong></summary> Best of = 3</details></div>\n|clearpoke\n|poke|p1|Meganium, L50, F, shiny|\n|poke|p1|Pelipper, L50, F|\n|poke|p1|Primarina, L50, M|\n|poke|p1|Sinistcha-Masterpiece, L50, shiny|\n|poke|p1|Archaludon, L50, F, shiny|\n|poke|p1|Empoleon, L50, M|\n|poke|p2|Incineroar, L50, M, shiny|\n|poke|p2|Scovillain, L50, F, shiny|\n|poke|p2|Meganium, L50, M, shiny|\n|poke|p2|Torkoal, L50, F, shiny|\n|poke|p2|Armarouge, L50, F, shiny|\n|poke|p2|Maushold-Four, L50, shiny|\n|teampreview|4\n|\n|t:|1776639078\n|teamsize|p1|4\n|teamsize|p2|4\n|start\n|switch|p1a: Primarina|Primarina, L50, M|100/100\n|switch|p1b: Empoleon|Empoleon, L50, M|100/100\n|switch|p2a: Scovillain|Scovillain, L50, F, shiny|100/100\n|switch|p2b: Meganium|Meganium, L50, M, shiny|100/100\n|turn|1\n|\n|t:|1776639121\n|switch|p2a: Armarouge|Armarouge, L50, F, shiny|100/100\n|switch|p1b: Pelipper|Pelipper, L50, F|100/100\n|-weather|RainDance|[from] ability: Drizzle|[of] p1b: Pelipper\n|detailschange|p2b: Meganium|Meganium-Mega, L50, M, shiny\n|-mega|p2b: Meganium|Meganium|Meganiumite\n|move|p2b: Meganium|Solar Beam||[still]\n|-prepare|p2b: Meganium|Solar Beam\n|-activate|p2b: Meganium|ability: Mega Sol\n|-anim|p2b: Meganium|Solar Beam|p1a: Primarina\n|-supereffective|p1a: Primarina|1\n|-crit|p1a: Primarina\n|-damage|p1a: Primarina|0 fnt\n|faint|p1a: Primarina\n|\n|-weather|RainDance|[upkeep]\n|upkeep\n|inactive|Battle timer is ON: inactive players will automatically lose when time's up. (requested by iamjalenhh)\n|\n|t:|1776639167\n|switch|p1a: Meganium|Meganium, L50, F, shiny|100/100\n|turn|2\n|inactiveoff|Battle timer is now OFF.\n|\n|t:|1776639207\n|switch|p2a: Scovillain|Scovillain, L50, F, shiny|100/100\n|move|p2b: Meganium|Protect|p2b: Meganium\n|-singleturn|p2b: Meganium|Protect\n|move|p1a: Meganium|Weather Ball|p2a: Scovillain\n|-damage|p2a: Scovillain|33/100\n|move|p1b: Pelipper|Hurricane|p2b: Meganium\n|-activate|p2b: Meganium|move: Protect\n|\n|-weather|RainDance|[upkeep]\n|upkeep\n|turn|3\n|\n|t:|1776639242\n|switch|p2b: Torkoal|Torkoal, L50, F, shiny|100/100\n|-weather|SunnyDay|[from] ability: Drought|[of] p2b: Torkoal\n|move|p2a: Scovillain|Protect|p2a: Scovillain\n|-singleturn|p2a: Scovillain|Protect\n|move|p1a: Meganium|Weather Ball|p2a: Scovillain\n|-activate|p2a: Scovillain|move: Protect\n|move|p1b: Pelipper|Hurricane|p2b: Torkoal\n|-damage|p2b: Torkoal|11/100\n|-start|p2b: Torkoal|confusion\n|\n|-weather|SunnyDay|[upkeep]\n|upkeep\n|turn|4\n|\n|t:|1776639280\n|detailschange|p1a: Meganium|Meganium-Mega, L50, F, shiny\n|-mega|p1a: Meganium|Meganium|Meganiumite\n|-activate|p2b: Torkoal|confusion\n|-damage|p2b: Torkoal|5/100|[from] confusion\n|move|p2a: Scovillain|Flamethrower|p1a: Meganium\n|-supereffective|p1a: Meganium|1\n|-damage|p1a: Meganium|0 fnt\n|faint|p1a: Meganium\n|move|p1b: Pelipper|Icy Wind|p2a: Scovillain|[spread] p2a,p2b\n|-crit|p2a: Scovillain\n|-resisted|p2b: Torkoal|1\n|-damage|p2a: Scovillain|0 fnt\n|-damage|p2b: Torkoal|0 fnt\n|faint|p2a: Scovillain\n|faint|p2b: Torkoal\n|\n|-weather|SunnyDay|[upkeep]\n|upkeep\n|\n|t:|1776639293\n|switch|p1a: Empoleon|Empoleon, L50, M|100/100\n|switch|p2a: Meganium|Meganium-Mega, L50, M, shiny|100/100\n|switch|p2b: Armarouge|Armarouge, L50, F, shiny|100/100\n|turn|5\n|\n|t:|1776639312\n|move|p2b: Armarouge|Psychic|p1a: Empoleon\n|-resisted|p1a: Empoleon|1\n|-damage|p1a: Empoleon|79/100\n|move|p1b: Pelipper|Hurricane|p2a: Meganium|[miss]\n|-miss|p1b: Pelipper|p2a: Meganium\n|move|p2a: Meganium|Solar Beam||[still]\n|-prepare|p2a: Meganium|Solar Beam\n|-anim|p2a: Meganium|Solar Beam|p1b: Pelipper\n|-enditem|p1b: Pelipper|Focus Sash\n|-damage|p1b: Pelipper|1/100\n|move|p1a: Empoleon|Chilling Water|p2b: Armarouge\n|-supereffective|p2b: Armarouge|1\n|-damage|p2b: Armarouge|69/100\n|-unboost|p2b: Armarouge|atk|1\n|\n|-weather|SunnyDay|[upkeep]\n|upkeep\n|turn|6\n|\n|t:|1776639331\n|move|p2b: Armarouge|Psychic|p1a: Empoleon\n|-resisted|p1a: Empoleon|1\n|-damage|p1a: Empoleon|59/100\n|move|p1b: Pelipper|Hurricane|p2a: Meganium\n|-supereffective|p2a: Meganium|1\n|-damage|p2a: Meganium|18/100\n|-start|p2a: Meganium|confusion\n|-activate|p2a: Meganium|confusion\n|move|p2a: Meganium|Dazzling Gleam|p1a: Empoleon|[spread] p1a,p1b\n|-resisted|p1a: Empoleon|1\n|-damage|p1a: Empoleon|44/100\n|-damage|p1b: Pelipper|0 fnt\n|faint|p1b: Pelipper\n|move|p1a: Empoleon|Chilling Water|p2b: Armarouge\n|-supereffective|p2b: Armarouge|1\n|-damage|p2b: Armarouge|34/100\n|-unboost|p2b: Armarouge|atk|1\n|\n|-weather|SunnyDay|[upkeep]\n|upkeep\n|turn|7\n|\n|t:|1776639353\n|move|p2b: Armarouge|Psychic|p1a: Empoleon\n|-resisted|p1a: Empoleon|1\n|-damage|p1a: Empoleon|24/100\n|-unboost|p1a: Empoleon|spd|1\n|-ability|p1a: Empoleon|Competitive|boost\n|-boost|p1a: Empoleon|spa|2\n|-activate|p2a: Meganium|confusion\n|move|p2a: Meganium|Weather Ball|p1a: Empoleon\n|-damage|p1a: Empoleon|0 fnt\n|faint|p1a: Empoleon\n|\n|win|iamjalenhh\n",
  "uploadtime": 1776639361,
  "views": 5,
  "formatid": "gen9championsvgc2026regma",
  "rating": null,
  "private": 0,
  "password": null
}