{
  "id": "gen9championsvgc2026regma-2581274822",
  "format": "[Gen 9 Champions] VGC 2026 Reg M-A",
  "players": [
    "sjysjy",
    "miauser30"
  ],
  "log": "|j|\u2606sjysjy\n|j|\u2606miauser30\n|t:|1775979844\n|gametype|doubles\n|player|p1|sjysjy|265|1388\n|player|p2|miauser30|102|1423\n|gen|9\n|tier|[Gen 9 Champions] VGC 2026 Reg M-A\n|rated|\n|rule|Species Clause: Limit one of each Pok\u00e9mon\n|rule|Item Clause: Limit 1 of each item\n|clearpoke\n|poke|p1|Gengar, L50, M|\n|poke|p1|Garchomp, L50, F|\n|poke|p1|Whimsicott, L50, F|\n|poke|p1|Typhlosion-Hisui, L50, M|\n|poke|p1|Kingambit, L50, F|\n|poke|p1|Rotom-Wash, L50|\n|poke|p2|Incineroar, L50, M|\n|poke|p2|Palafin, L50, F|\n|poke|p2|Gengar, L50, F|\n|poke|p2|Whimsicott, L50, M|\n|poke|p2|Kommo-o, L50, F|\n|poke|p2|Politoed, L50, M|\n|teampreview|4\nmiauser30 has agreed to open team sheets.\n|j| Crvstal_K!tty\n|j| Azuiir\n|c| Crvstal_K!tty|awesome teams\n|j| Baby Kunai\n|\n|t:|1775979881\n|teamsize|p1|4\n|teamsize|p2|4\n|start\n|switch|p1a: Gengar|Gengar, L50, M|100/100\n|switch|p1b: Rotom|Rotom-Wash, L50|100/100\n|switch|p2a: Gengar|Gengar, L50, F|100/100\n|switch|p2b: Palafin|Palafin, L50, F|100/100\n|turn|1\n|j| gE1xjZRtuhW2DdT0AK\n|j| Jackie67890\n|\n|t:|1775979906\n|detailschange|p1a: Gengar|Gengar-Mega, L50, M\n|-mega|p1a: Gengar|Gengar|Gengarite\n|move|p1a: Gengar|Protect|p1a: Gengar\n|-singleturn|p1a: Gengar|Protect\n|move|p2a: Gengar|Protect|p2a: Gengar\n|-singleturn|p2a: Gengar|Protect\n|move|p2b: Palafin|Protect|p2b: Palafin\n|-singleturn|p2b: Palafin|Protect\n|move|p1b: Rotom|Volt Switch|p2b: Palafin\n|-activate|p2b: Palafin|move: Protect\n|\n|upkeep\n|turn|2\n|\n|t:|1775979922\n|detailschange|p2a: Gengar|Gengar-Mega, L50, F\n|-mega|p2a: Gengar|Gengar|Gengarite\n|move|p1a: Gengar|Shadow Ball|p2a: Gengar\n|-supereffective|p2a: Gengar|1\n|-damage|p2a: Gengar|0 fnt\n|faint|p2a: Gengar\n|move|p1b: Rotom|Volt Switch|p2b: Palafin\n|-supereffective|p2b: Palafin|1\n|-damage|p2b: Palafin|23/100\n|j| maria montero\n|\n|t:|1775979931\n|switch|p1b: Garchomp|Garchomp, L50, F|100/100|[from] Volt Switch\n|move|p2b: Palafin|Wave Crash|p1a: Gengar\n|-crit|p1a: Gengar\n|-damage|p1a: Gengar|0 fnt\n|faint|p1a: Gengar\n|-damage|p2b: Palafin|0 fnt|[from] Recoil\n|faint|p2b: Palafin\n|\n|upkeep\n|\n|t:|1775979940\n|switch|p1a: Rotom|Rotom-Wash, L50|100/100\n|switch|p2a: Kommo-o|Kommo-o, L50, F|100/100\n|switch|p2b: Whimsicott|Whimsicott, L50, M|100/100\n|turn|3\n|\n|t:|1775979959\n|move|p1b: Garchomp|Protect|p1b: Garchomp\n|-singleturn|p1b: Garchomp|Protect\n|move|p2b: Whimsicott|Moonblast|p1b: Garchomp\n|-activate|p1b: Garchomp|move: Protect\n|move|p1a: Rotom|Will-O-Wisp|p2a: Kommo-o\n|-status|p2a: Kommo-o|brn\n|move|p2a: Kommo-o|Clangorous Soul|p2a: Kommo-o\n|-boost|p2a: Kommo-o|atk|1\n|-boost|p2a: Kommo-o|def|1\n|-boost|p2a: Kommo-o|spa|1\n|-boost|p2a: Kommo-o|spd|1\n|-boost|p2a: Kommo-o|spe|1\n|-damage|p2a: Kommo-o|68/100 brn\n|\n|-damage|p2a: Kommo-o|62/100 brn|[from] brn\n|upkeep\n|turn|4\n|\n|t:|1775979979\n|switch|p1b: Kingambit|Kingambit, L50, F|100/100\n|move|p2b: Whimsicott|Encore|p1a: Rotom\n|-start|p1a: Rotom|Encore\n|move|p2a: Kommo-o|Clanging Scales|p1a: Rotom|[spread] p1a,p1b\n|-resisted|p1b: Kingambit|1\n|-damage|p1a: Rotom|44/100\n|-damage|p1b: Kingambit|72/100\n|-enditem|p1a: Rotom|Sitrus Berry|[eat]\n|-heal|p1a: Rotom|69/100|[from] item: Sitrus Berry\n|-unboost|p2a: Kommo-o|def|1\n|move|p1a: Rotom|Will-O-Wisp|p2b: Whimsicott\n|-status|p2b: Whimsicott|brn\n|\n|-damage|p2a: Kommo-o|56/100 brn|[from] brn\n|-damage|p2b: Whimsicott|95/100 brn|[from] brn\n|upkeep\n|turn|5\n|\n|t:|1775980003\n|switch|p1a: Garchomp|Garchomp, L50, F|100/100\n|move|p1b: Kingambit|Protect|p1b: Kingambit\n|-singleturn|p1b: Kingambit|Protect\n|move|p2a: Kommo-o|Aura Sphere|p1b: Kingambit\n|-activate|p1b: Kingambit|move: Protect\n|move|p2b: Whimsicott|Moonblast|p1a: Garchomp\n|-supereffective|p1a: Garchomp|1\n|-crit|p1a: Garchomp\n|-damage|p1a: Garchomp|5/100\n|-unboost|p1a: Garchomp|spa|1\n|\n|-heal|p1a: Garchomp|11/100|[from] item: Leftovers\n|-damage|p2a: Kommo-o|50/100 brn|[from] brn\n|-damage|p2b: Whimsicott|89/100 brn|[from] brn\n|upkeep\n|turn|6\n|l| Azuiir\n|\n|t:|1775980037\n|move|p1a: Garchomp|Protect|p1a: Garchomp\n|-singleturn|p1a: Garchomp|Protect\n|move|p2b: Whimsicott|Tailwind|p2b: Whimsicott\n|-sidestart|p2: miauser30|move: Tailwind\n|move|p1b: Kingambit|Sucker Punch|p2a: Kommo-o\n|-resisted|p2a: Kommo-o|1\n|-damage|p2a: Kommo-o|30/100 brn\n|move|p2a: Kommo-o|Aura Sphere|p1b: Kingambit\n|-supereffective|p1b: Kingambit|2\n|-damage|p1b: Kingambit|0 fnt\n|faint|p1b: Kingambit\n|\n|-heal|p1a: Garchomp|17/100|[from] item: Leftovers\n|-damage|p2a: Kommo-o|24/100 brn|[from] brn\n|-damage|p2b: Whimsicott|83/100 brn|[from] brn\n|upkeep\n|\n|t:|1775980045\n|switch|p1b: Rotom|Rotom-Wash, L50|69/100\n|turn|7\n|j| jungro\n|\n|t:|1775980077\n|move|p2a: Kommo-o|Clanging Scales|p1a: Garchomp|[spread] p1a,p1b\n|-supereffective|p1a: Garchomp|1\n|-damage|p1a: Garchomp|0 fnt\n|-damage|p1b: Rotom|8/100\n|faint|p1a: Garchomp\n|-unboost|p2a: Kommo-o|def|1\n|move|p2b: Whimsicott|Moonblast|p1b: Rotom\n|-damage|p1b: Rotom|0 fnt\n|faint|p1b: Rotom\n|\n|win|miauser30\n|raw|sjysjy's rating: 1388 &rarr; <strong>1370</strong><br />(-18 for losing)\n|raw|miauser30's rating: 1423 &rarr; <strong>1441</strong><br />(+18 for winning)\n|l|\u2606sjysjy\n|player|p1|\n|l| maria montero\n|l| Crvstal_K!tty\n|l| Baby Kunai\n|l| jungro\n",
  "uploadtime": 1775980104,
  "views": 39,
  "formatid": "gen9championsvgc2026regma",
  "rating": 1370,
  "private": 0,
  "password": null
}