{
  "id": "gen9championsvgc2026regma-2580403277",
  "format": "[Gen 9 Champions] VGC 2026 Reg M-A",
  "players": [
    "Axell88",
    "TrainerEge2"
  ],
  "log": "|j|\u2606Axell88\n|j|\u2606TrainerEge2\n|t:|1775891231\n|gametype|doubles\n|player|p1|Axell88|pokemaniac|1096\n|player|p2|TrainerEge2|hugh|1057\n|gen|9\n|tier|[Gen 9 Champions] VGC 2026 Reg M-A\n|rated|\n|rule|Species Clause: Limit one of each Pok\u00e9mon\n|rule|Item Clause: Limit 1 of each item\n|clearpoke\n|poke|p1|Goodra, L50, F|\n|poke|p1|Sneasler, L50, M|\n|poke|p1|Pelipper, L50, F|\n|poke|p1|Basculegion, L50, M|\n|poke|p1|Sinistcha-Masterpiece, L50|\n|poke|p1|Kingambit, L50, F|\n|poke|p2|Tyranitar, L50, M|\n|poke|p2|Scovillain, L50, M|\n|poke|p2|Skarmory, L50, M|\n|poke|p2|Rotom-Heat, L50|\n|poke|p2|Sneasler, L50, M|\n|poke|p2|Tauros-Paldea-Aqua, L50, M|\n|teampreview|4\n|inactive|Battle timer is ON: inactive players will automatically lose when time's up. (requested by TrainerEge2)\n|\n|t:|1775891275\n|teamsize|p1|4\n|teamsize|p2|4\n|start\n|switch|p1a: Pelipper|Pelipper, L50, F|100/100\n|switch|p1b: Sinistcha|Sinistcha-Masterpiece, L50|100/100\n|switch|p2a: Scovillain|Scovillain, L50, M|100/100\n|switch|p2b: Sneasler|Sneasler, L50, M|100/100\n|-weather|RainDance|[from] ability: Drizzle|[of] p1a: Pelipper\n|turn|1\n|inactive|TrainerEge2 has 30 seconds left.\n|inactive|TrainerEge2 has 20 seconds left.\n|\n|t:|1775891315\n|detailschange|p2a: Scovillain|Scovillain-Mega, L50, M\n|-mega|p2a: Scovillain|Scovillain|Scovillainite\n|move|p2b: Sneasler|Close Combat|p1a: Pelipper\n|-resisted|p1a: Pelipper|1\n|-damage|p1a: Pelipper|57/100\n|-unboost|p2b: Sneasler|def|1\n|-unboost|p2b: Sneasler|spd|1\n|-enditem|p2b: Sneasler|White Herb\n|-clearnegativeboost|p2b: Sneasler|[silent]\n|move|p1a: Pelipper|Tailwind|p1a: Pelipper\n|-sidestart|p1: Axell88|move: Tailwind\n|move|p1b: Sinistcha|Scald|p2b: Sneasler\n|-damage|p2b: Sneasler|51/100\n|-status|p2b: Sneasler|brn\n|move|p2a: Scovillain|Leech Seed|p1a: Pelipper\n|-start|p1a: Pelipper|move: Leech Seed\n|\n|-weather|RainDance|[upkeep]\n|-damage|p1a: Pelipper|45/100|[from] Leech Seed|[of] p2a: Scovillain\n|-damage|p2b: Sneasler|46/100 brn|[from] brn\n|upkeep\n|turn|2\n|inactive|Axell88 has 30 seconds left.\n|\n|t:|1775891341\n|switch|p2b: Tyranitar|Tyranitar, L50, M, shiny|100/100\n|-weather|Sandstorm|[from] ability: Sand Stream|[of] p2b: Tyranitar\n|switch|p1a: Sneasler|Sneasler, L50, M|100/100\n|move|p1b: Sinistcha|Scald|p2a: Scovillain\n|-damage|p2a: Scovillain|77/100\n|-status|p1b: Sinistcha|brn|[from] ability: Spicy Spray|[of] p2a: Scovillain\n|move|p2a: Scovillain|Flamethrower|p1b: Sinistcha\n|-supereffective|p1b: Sinistcha|1\n|-damage|p1b: Sinistcha|0 fnt\n|faint|p1b: Sinistcha\n|\n|-weather|Sandstorm|[upkeep]\n|-damage|p1a: Sneasler|95/100|[from] Sandstorm\n|-damage|p2a: Scovillain|71/100|[from] Sandstorm\n|upkeep\n|\n|t:|1775891354\n|switch|p1b: Pelipper|Pelipper, L50, F|45/100\n|-weather|RainDance|[from] ability: Drizzle|[of] p1b: Pelipper\n|turn|3\n|\n|t:|1775891368\n|move|p2b: Tyranitar|Protect|p2b: Tyranitar\n|-singleturn|p2b: Tyranitar|Protect\n|move|p2a: Scovillain|Rage Powder|p2a: Scovillain\n|-singleturn|p2a: Scovillain|move: Rage Powder\n|move|p1a: Sneasler|Close Combat|p2a: Scovillain\n|-damage|p2a: Scovillain|0 fnt\n|-unboost|p1a: Sneasler|def|1\n|-unboost|p1a: Sneasler|spd|1\n|-status|p1a: Sneasler|brn|[from] ability: Spicy Spray|[of] p2a: Scovillain\n|faint|p2a: Scovillain\n|-enditem|p1a: Sneasler|White Herb\n|-clearnegativeboost|p1a: Sneasler|[silent]\n|move|p1b: Pelipper|Muddy Water|p2b: Tyranitar\n|-activate|p2b: Tyranitar|move: Protect\n|\n|-weather|RainDance|[upkeep]\n|-damage|p1a: Sneasler|89/100 brn|[from] brn\n|upkeep\n|\n|t:|1775891384\n|switch|p2a: Rotom|Rotom-Heat, L50|100/100\n|turn|4\n|\n|t:|1775891396\n|switch|p1b: Goodra|Goodra, L50, F|100/100\n|switch|p2b: Sneasler|Sneasler, L50, M|46/100 brn\n|move|p1a: Sneasler|Dire Claw|p2b: Sneasler\n|-resisted|p2b: Sneasler|1\n|-damage|p2b: Sneasler|28/100 brn\n|move|p2a: Rotom|Electroweb|p1b: Goodra|[spread] p1b\n|-miss|p2a: Rotom|p1a: Sneasler\n|-resisted|p1b: Goodra|1\n|-crit|p1b: Goodra\n|-damage|p1b: Goodra|90/100\n|-unboost|p1b: Goodra|spe|1\n|\n|-weather|RainDance|[upkeep]\n|-heal|p1b: Goodra|97/100|[from] item: Leftovers\n|-damage|p1a: Sneasler|83/100 brn|[from] brn\n|-damage|p2b: Sneasler|22/100 brn|[from] brn\n|-sideend|p1: Axell88|move: Tailwind\n|upkeep\n|turn|5\n|inactive|TrainerEge2 has 30 seconds left.\n|\n|t:|1775891423\n|move|p1a: Sneasler|Dire Claw|p2a: Rotom\n|-damage|p2a: Rotom|77/100\n|move|p2b: Sneasler|Dire Claw|p1b: Goodra\n|-damage|p1b: Goodra|71/100\n|move|p2a: Rotom|Hex|p1a: Sneasler\n|-damage|p1a: Sneasler|28/100 brn\n|move|p1b: Goodra|Aqua Tail|p2a: Rotom\n|-supereffective|p2a: Rotom|1\n|-damage|p2a: Rotom|0 fnt\n|faint|p2a: Rotom\n|\n|-weather|RainDance|[upkeep]\n|-heal|p1b: Goodra|77/100|[from] item: Leftovers\n|-damage|p1a: Sneasler|22/100 brn|[from] brn\n|-damage|p2b: Sneasler|16/100 brn|[from] brn\n|upkeep\n|\n|t:|1775891431\n|switch|p2a: Tyranitar|Tyranitar, L50, M, shiny|100/100\n|-weather|Sandstorm|[from] ability: Sand Stream|[of] p2a: Tyranitar\n|turn|6\n|\n|t:|1775891444\n|move|p1a: Sneasler|Close Combat|p2a: Tyranitar\n|-supereffective|p2a: Tyranitar|2\n|-damage|p2a: Tyranitar|3/100\n|-unboost|p1a: Sneasler|def|1\n|-unboost|p1a: Sneasler|spd|1\n|move|p2b: Sneasler|Close Combat|p1b: Goodra\n|-damage|p1b: Goodra|38/100\n|-unboost|p2b: Sneasler|def|1\n|-unboost|p2b: Sneasler|spd|1\n|move|p2a: Tyranitar|Rock Slide|p1a: Sneasler|[spread] p1a,p1b\n|-resisted|p1a: Sneasler|1\n|-damage|p1a: Sneasler|0 fnt\n|-damage|p1b: Goodra|3/100\n|faint|p1a: Sneasler\n|cant|p1b: Goodra|flinch\n|\n|-weather|Sandstorm|[upkeep]\n|-damage|p2b: Sneasler|10/100 brn|[from] Sandstorm\n|-damage|p1b: Goodra|0 fnt|[from] Sandstorm\n|faint|p1b: Goodra\n|-damage|p2b: Sneasler|4/100 brn|[from] brn\n|upkeep\n|\n|t:|1775891460\n|switch|p1b: Pelipper|Pelipper, L50, F|45/100\n|-weather|RainDance|[from] ability: Drizzle|[of] p1b: Pelipper\n|turn|7\n|c|\u2606TrainerEge2|gg\n|\n|t:|1775891480\n|move|p2b: Sneasler|Dire Claw|p1b: Pelipper\n|-crit|p1b: Pelipper\n|-damage|p1b: Pelipper|0 fnt\n|faint|p1b: Pelipper\n|\n|win|TrainerEge2\n|raw|Axell88's rating: 1096 &rarr; <strong>1069</strong><br />(-27 for losing)\n|raw|TrainerEge2's rating: 1057 &rarr; <strong>1092</strong><br />(+35 for winning)\n|c|\u2606Axell88|Too lucky\n|l|\u2606Axell88\n|player|p1|\n|l|\u2606TrainerEge2\n|player|p2|\n|j|\u2606TrainerEge2\n|player|p2|TrainerEge2|hugh|\n|c|\u2606TrainerEge2|bok lucky\n",
  "uploadtime": 1775891623,
  "views": 20,
  "formatid": "gen9championsvgc2026regma",
  "rating": 1069,
  "private": 0,
  "password": null
}