{
  "id": "gen9championsvgc2026regma-2588498635",
  "format": "[Gen 9 Champions] VGC 2026 Reg M-A",
  "players": [
    "farangjake",
    "e242521"
  ],
  "log": "|j|\u2606farangjake\n|j|\u2606e242521\n|t:|1776639020\n|gametype|doubles\n|player|p1|farangjake|hilbert|1089\n|player|p2|e242521|boarder|1000\n|gen|9\n|tier|[Gen 9 Champions] VGC 2026 Reg M-A\n|rated|\n|rule|Species Clause: Limit one of each Pok\u00e9mon\n|rule|Item Clause: Limit 1 of each item\n|clearpoke\n|poke|p1|Floette-Eternal, L50, F|\n|poke|p1|Sneasler, L50, M|\n|poke|p1|Garchomp, L50, F|\n|poke|p1|Aerodactyl, L50, M|\n|poke|p1|Basculegion, L50, M|\n|poke|p1|Incineroar, L50, F|\n|poke|p2|Pikachu, L50, M|\n|poke|p2|Charizard, L50, M|\n|poke|p2|Whimsicott, L50, M|\n|poke|p2|Froslass, L50, F|\n|poke|p2|Farigiraf, L50, F|\n|poke|p2|Rotom-Wash, L50|\n|teampreview|4\n|inactive|Battle timer is ON: inactive players will automatically lose when time's up. (requested by farangjake)\n|\n|t:|1776639061\n|teamsize|p1|4\n|teamsize|p2|4\n|start\n|switch|p1a: Aerodactyl|Aerodactyl, L50, M|100/100\n|switch|p1b: Incineroar|Incineroar, L50, F|100/100\n|switch|p2a: Farigiraf|Farigiraf, L50, F|100/100\n|switch|p2b: Pikachu|Pikachu, L50, M|100/100\n|-ability|p1a: Aerodactyl|Unnerve\n|-ability|p1b: Incineroar|Intimidate|boost\n|-unboost|p2a: Farigiraf|atk|1\n|-unboost|p2b: Pikachu|atk|1\n|turn|1\n|\n|t:|1776639072\n|move|p1a: Aerodactyl|Rock Slide|p2b: Pikachu|[spread] p2a\n|-miss|p1a: Aerodactyl|p2b: Pikachu\n|-damage|p2a: Farigiraf|79/100\n|move|p2b: Pikachu|Volt Switch|p1a: Aerodactyl\n|-supereffective|p1a: Aerodactyl|1\n|-enditem|p1a: Aerodactyl|Focus Sash\n|-damage|p1a: Aerodactyl|1/100\n|\n|t:|1776639081\n|switch|p2b: Rotom|Rotom-Wash, L50|100/100|[from] Volt Switch\n|move|p1b: Incineroar|Darkest Lariat|p2a: Farigiraf\n|-supereffective|p2a: Farigiraf|1\n|-damage|p2a: Farigiraf|7/100\n|move|p2a: Farigiraf|Trick Room|p2a: Farigiraf\n|-fieldstart|move: Trick Room|[of] p2a: Farigiraf\n|\n|upkeep\n|turn|2\n|inactive|e242521 has 30 seconds left.\n|\n|t:|1776639113\n|move|p1a: Aerodactyl|Protect|p1a: Aerodactyl\n|-singleturn|p1a: Aerodactyl|Protect\n|move|p2a: Farigiraf|Psychic|p1a: Aerodactyl\n|-activate|p1a: Aerodactyl|move: Protect\n|move|p1b: Incineroar|Parting Shot|p2b: Rotom\n|-unboost|p2b: Rotom|atk|1\n|-unboost|p2b: Rotom|spa|1\n|\n|t:|1776639122\n|switch|p1b: Basculegion|Basculegion, L50, M|100/100|[from] Parting Shot\n|move|p2b: Rotom|Hydro Pump|p1b: Basculegion\n|-resisted|p1b: Basculegion|1\n|-damage|p1b: Basculegion|80/100\n|\n|upkeep\n|turn|3\n|\n|t:|1776639137\n|switch|p2a: Pikachu|Pikachu, L50, M|100/100\n|switch|p1b: Incineroar|Incineroar, L50, F|100/100\n|-ability|p1b: Incineroar|Intimidate|boost\n|-unboost|p2a: Pikachu|atk|1\n|-unboost|p2b: Rotom|atk|1\n|move|p1a: Aerodactyl|Protect|p1a: Aerodactyl\n|-singleturn|p1a: Aerodactyl|Protect\n|move|p2b: Rotom|Discharge|p1b: Incineroar|[spread] p1b\n|-activate|p1a: Aerodactyl|move: Protect\n|-ability|p2a: Pikachu|Lightning Rod|boost\n|-boost|p2a: Pikachu|spa|1\n|-damage|p1b: Incineroar|84/100\n|\n|upkeep\n|turn|4\n|inactive|farangjake has 30 seconds left.\n|\n|t:|1776639168\n|move|p1a: Aerodactyl|Protect||[still]\n|-fail|p1a: Aerodactyl\n|move|p2a: Pikachu|Fake Out|p1b: Incineroar\n|-damage|p1b: Incineroar|76/100\n|cant|p1b: Incineroar|flinch\n|move|p2b: Rotom|Discharge|p1a: Aerodactyl|[spread] p1a,p1b\n|-ability|p2a: Pikachu|Lightning Rod|boost\n|-boost|p2a: Pikachu|spa|1\n|-supereffective|p1a: Aerodactyl|1\n|-damage|p1a: Aerodactyl|0 fnt\n|-damage|p1b: Incineroar|58/100\n|-status|p1b: Incineroar|par\n|faint|p1a: Aerodactyl\n|\n|upkeep\n|\n|t:|1776639179\n|switch|p1a: Floette|Floette-Eternal, L50, F|100/100\n|turn|5\n|inactive|e242521 has 30 seconds left.\n|\n|t:|1776639212\n|detailschange|p1a: Floette|Floette-Mega, L50, F\n|-mega|p1a: Floette|Floette|Floettite\n|-ability|p1a: Floette|Fairy Aura\n|move|p1a: Floette|Protect|p1a: Floette\n|-singleturn|p1a: Floette|Protect\n|move|p1b: Incineroar|Darkest Lariat|p2a: Pikachu\n|-damage|p2a: Pikachu|13/100\n|move|p2a: Pikachu|Volt Switch|p1a: Floette\n|-activate|p1a: Floette|move: Protect\n|move|p2b: Rotom|Discharge|p1a: Floette|[spread] p1b\n|-activate|p1a: Floette|move: Protect\n|-ability|p2a: Pikachu|Lightning Rod|boost\n|-boost|p2a: Pikachu|spa|1\n|-damage|p1b: Incineroar|39/100 par\n|-enditem|p1b: Incineroar|Sitrus Berry|[eat]\n|-heal|p1b: Incineroar|63/100 par|[from] item: Sitrus Berry\n|\n|-fieldend|move: Trick Room\n|upkeep\n|turn|6\n|\n|t:|1776639235\n|move|p1a: Floette|Dazzling Gleam|p2b: Rotom|[spread] p2a,p2b\n|-damage|p2a: Pikachu|0 fnt\n|-damage|p2b: Rotom|42/100\n|faint|p2a: Pikachu\n|move|p2b: Rotom|Discharge|p1b: Incineroar|[spread] p1a,p1b\n|-damage|p1a: Floette|81/100\n|-damage|p1b: Incineroar|44/100 par\n|move|p1b: Incineroar|Darkest Lariat|p2b: Rotom\n|-damage|p2b: Rotom|0 fnt\n|faint|p2b: Rotom\n|\n|upkeep\n|\n|t:|1776639247\n|switch|p2b: Farigiraf|Farigiraf, L50, F|7/100\n|switch|p2a: Charizard|Charizard, L50, M|100/100\n|-enditem|p2b: Farigiraf|Sitrus Berry|[eat]\n|-heal|p2b: Farigiraf|31/100|[from] item: Sitrus Berry\n|turn|7\n|\n|t:|1776639264\n|detailschange|p2a: Charizard|Charizard-Mega-Y, L50, M\n|-mega|p2a: Charizard|Charizard|Charizardite Y\n|-weather|SunnyDay|[from] ability: Drought|[of] p2a: Charizard\n|move|p1a: Floette|Dazzling Gleam|p2b: Farigiraf|[spread] p2a,p2b\n|-resisted|p2a: Charizard|1\n|-damage|p2a: Charizard|81/100\n|-damage|p2b: Farigiraf|0 fnt\n|faint|p2b: Farigiraf\n|move|p2a: Charizard|Heat Wave|p1a: Floette|[spread] p1a\n|-miss|p2a: Charizard|p1b: Incineroar\n|-damage|p1a: Floette|23/100\n|move|p1b: Incineroar|Darkest Lariat|p2a: Charizard\n|-damage|p2a: Charizard|34/100\n|\n|-weather|SunnyDay|[upkeep]\n|upkeep\n|turn|8\n|\n|t:|1776639287\n|move|p1a: Floette|Moonblast|p2a: Charizard\n|-resisted|p2a: Charizard|1\n|-damage|p2a: Charizard|3/100\n|move|p2a: Charizard|Heat Wave|p1a: Floette|[spread] p1a,p1b\n|-resisted|p1b: Incineroar|1\n|-damage|p1a: Floette|0 fnt\n|-damage|p1b: Incineroar|14/100 par\n|faint|p1a: Floette\n|move|p1b: Incineroar|Darkest Lariat|p2a: Charizard\n|-damage|p2a: Charizard|0 fnt\n|faint|p2a: Charizard\n|\n|win|farangjake\n|raw|farangjake's rating: 1089 &rarr; <strong>1109</strong><br />(+20 for winning)\n|raw|e242521's rating: 1000 &rarr; <strong>1000</strong><br />(+0 for losing)\n|l|\u2606e242521\n|player|p2|\n",
  "uploadtime": 1776639298,
  "views": 8,
  "formatid": "gen9championsvgc2026regma",
  "rating": 1000,
  "private": 0,
  "password": null
}