{
  "id": "gen9championsvgc2026regma-2581333459",
  "format": "[Gen 9 Champions] VGC 2026 Reg M-A",
  "players": [
    "silvermagicianvgc",
    "RyushinYuki"
  ],
  "log": "|j|\u2606silvermagicianvgc\n|j|\u2606RyushinYuki\n|t:|1775987986\n|gametype|doubles\n|player|p1|silvermagicianvgc|silver|1450\n|player|p2|RyushinYuki|cynthia-masters|1504\n|gen|9\n|tier|[Gen 9 Champions] VGC 2026 Reg M-A\n|rated|\n|rule|Species Clause: Limit one of each Pok\u00e9mon\n|rule|Item Clause: Limit 1 of each item\n|clearpoke\n|poke|p1|Floette-Eternal, L50, F|\n|poke|p1|Garchomp, L50, F|\n|poke|p1|Aerodactyl, L50, M|\n|poke|p1|Incineroar, L50, M|\n|poke|p1|Milotic, L50, F|\n|poke|p1|Sinistcha, L50|\n|poke|p2|Corviknight, L50, F|\n|poke|p2|Tyranitar, L50, M|\n|poke|p2|Excadrill, L50, M|\n|poke|p2|Meganium, L50, M|\n|poke|p2|Sneasler, L50, M|\n|poke|p2|Rotom-Wash, L50|\n|teampreview|4\n|j| Koiman\n|\n|t:|1775988046\n|teamsize|p1|4\n|teamsize|p2|4\n|start\n|switch|p1a: Milotic|Milotic, L50, F, shiny|100/100\n|switch|p1b: Garchomp|Garchomp, L50, F|100/100\n|switch|p2a: Sneasler|Sneasler, L50, M|100/100\n|switch|p2b: Corviknight|Corviknight, L50, F|100/100\n|turn|1\n|j| kanp\n|\n|t:|1775988072\n|move|p2a: Sneasler|Protect|p2a: Sneasler\n|-singleturn|p2a: Sneasler|Protect\n|move|p1b: Garchomp|Stomping Tantrum|p2a: Sneasler\n|-activate|p2a: Sneasler|move: Protect\n|move|p1a: Milotic|Scald|p2b: Corviknight\n|-damage|p2b: Corviknight|71/100\n|move|p2b: Corviknight|Bulk Up|p2b: Corviknight\n|-boost|p2b: Corviknight|atk|1\n|-boost|p2b: Corviknight|def|1\n|\n|-heal|p2b: Corviknight|77/100|[from] item: Leftovers\n|upkeep\n|turn|2\n|\n|t:|1775988107\n|switch|p2a: Rotom|Rotom-Wash, L50|100/100\n|move|p1b: Garchomp|Stomping Tantrum|p2a: Rotom\n|-immune|p2a: Rotom|[from] ability: Levitate\n|move|p1a: Milotic|Scald|p2a: Rotom\n|-resisted|p2a: Rotom|1\n|-damage|p2a: Rotom|81/100\n|move|p2b: Corviknight|Tailwind|p2b: Corviknight\n|-sidestart|p2: RyushinYuki|move: Tailwind\n|\n|-heal|p2b: Corviknight|83/100|[from] item: Leftovers\n|upkeep\n|turn|3\n|\n|t:|1775988129\n|switch|p1b: Floette|Floette-Eternal, L50, F, shiny|100/100\n|switch|p1a: Sinistcha|Sinistcha, L50|100/100\n|move|p2a: Rotom|Thunderbolt|p1a: Sinistcha\n|-resisted|p1a: Sinistcha|1\n|-damage|p1a: Sinistcha|78/100\n|move|p2b: Corviknight|Bulk Up|p2b: Corviknight\n|-boost|p2b: Corviknight|atk|1\n|-boost|p2b: Corviknight|def|1\n|\n|-heal|p2b: Corviknight|89/100|[from] item: Leftovers\n|upkeep\n|turn|4\n|j| KOPLUS\n|\n|t:|1775988166\n|detailschange|p1b: Floette|Floette-Mega, L50, F, shiny\n|-mega|p1b: Floette|Floette|Floettite\n|-ability|p1b: Floette|Fairy Aura\n|move|p2a: Rotom|Protect|p2a: Rotom\n|-singleturn|p2a: Rotom|Protect\n|move|p2b: Corviknight|Brave Bird|p1a: Sinistcha\n|-supereffective|p1a: Sinistcha|1\n|-enditem|p1a: Sinistcha|Coba Berry|[eat]\n|-enditem|p1a: Sinistcha|Coba Berry|[weaken]\n|-damage|p1a: Sinistcha|17/100\n|-damage|p2b: Corviknight|71/100|[from] Recoil\n|move|p1b: Floette|Moonblast|p2b: Corviknight\n|-resisted|p2b: Corviknight|1\n|-damage|p2b: Corviknight|39/100\n|move|p1a: Sinistcha|Matcha Gotcha|p2b: Corviknight|[spread] p2b\n|-activate|p2a: Rotom|move: Protect\n|-resisted|p2b: Corviknight|2\n|-damage|p2b: Corviknight|34/100\n|-heal|p1a: Sinistcha|20/100|[from] drain|[of] p2b: Corviknight\n|\n|-heal|p2b: Corviknight|40/100|[from] item: Leftovers\n|upkeep\n|turn|5\n|\n|t:|1775988207\n|move|p1a: Sinistcha|Rage Powder|p1a: Sinistcha\n|-singleturn|p1a: Sinistcha|move: Rage Powder\n|move|p2a: Rotom|Thunderbolt|p1a: Sinistcha\n|-resisted|p1a: Sinistcha|1\n|-damage|p1a: Sinistcha|0 fnt\n|faint|p1a: Sinistcha\n|move|p2b: Corviknight|Brave Bird|p1b: Floette\n|-damage|p1b: Floette|16/100\n|-damage|p2b: Corviknight|16/100|[from] Recoil\n|move|p1b: Floette|Dazzling Gleam|p2a: Rotom|[spread] p2a,p2b\n|-resisted|p2b: Corviknight|1\n|-damage|p2a: Rotom|31/100\n|-damage|p2b: Corviknight|0 fnt\n|-enditem|p2a: Rotom|Sitrus Berry|[eat]\n|-heal|p2a: Rotom|56/100|[from] item: Sitrus Berry\n|faint|p2b: Corviknight\n|\n|-sideend|p2: RyushinYuki|move: Tailwind\n|upkeep\n|\n|t:|1775988224\n|switch|p2b: Sneasler|Sneasler, L50, M|100/100\n|switch|p1a: Garchomp|Garchomp, L50, F|100/100\n|turn|6\n|\n|t:|1775988251\n|move|p1b: Floette|Protect|p1b: Floette\n|-singleturn|p1b: Floette|Protect\n|move|p2b: Sneasler|Fake Out|p1a: Garchomp\n|-damage|p1a: Garchomp|85/100\n|-damage|p2b: Sneasler|88/100|[from] ability: Rough Skin|[of] p1a: Garchomp\n|cant|p1a: Garchomp|flinch\n|move|p2a: Rotom|Thunderbolt|p1b: Floette\n|-activate|p1b: Floette|move: Protect\n|\n|upkeep\n|turn|7\n|j| gE1xjZRtuhW2DdT0AK\n|j| 2rffwd\n|\n|t:|1775988296\n|switch|p1b: Milotic|Milotic, L50, F, shiny|100/100\n|move|p2b: Sneasler|Protect|p2b: Sneasler\n|-singleturn|p2b: Sneasler|Protect\n|move|p1a: Garchomp|Stomping Tantrum|p2b: Sneasler\n|-activate|p2b: Sneasler|move: Protect\n|move|p2a: Rotom|Thunderbolt|p1b: Milotic\n|-supereffective|p1b: Milotic|1\n|-crit|p1b: Milotic\n|-damage|p1b: Milotic|5/100\n|\n|-heal|p1b: Milotic|11/100|[from] item: Leftovers\n|upkeep\n|turn|8\n|l| 2rffwd\n|\n|t:|1775988333\n|move|p1b: Milotic|Protect|p1b: Milotic\n|-singleturn|p1b: Milotic|Protect\n|move|p1a: Garchomp|Stomping Tantrum|p2b: Sneasler\n|-supereffective|p2b: Sneasler|1\n|-damage|p2b: Sneasler|0 fnt\n|faint|p2b: Sneasler\n|move|p2a: Rotom|Will-O-Wisp|p1a: Garchomp|[miss]\n|-miss|p2a: Rotom|p1a: Garchomp\n|\n|-heal|p1b: Milotic|17/100|[from] item: Leftovers\n|upkeep\n|\n|t:|1775988342\n|switch|p2b: Excadrill|Excadrill, L50, M|100/100\n|turn|9\n|\n|t:|1775988371\n|move|p1b: Milotic|Protect||[still]\n|-fail|p1b: Milotic\n|move|p1a: Garchomp|Stomping Tantrum|p2b: Excadrill\n|-supereffective|p2b: Excadrill|1\n|-enditem|p2b: Excadrill|Focus Sash\n|-damage|p2b: Excadrill|1/100\n|move|p2b: Excadrill|Earthquake|p1a: Garchomp|[spread] p1a,p1b\n|-immune|p2a: Rotom|[from] ability: Levitate\n|-damage|p1a: Garchomp|42/100\n|-damage|p1b: Milotic|0 fnt\n|faint|p1b: Milotic\n|move|p2a: Rotom|Hydro Pump|p1a: Garchomp\n|-damage|p1a: Garchomp|0 fnt\n|faint|p1a: Garchomp\n|\n|upkeep\n|\n|t:|1775988387\n|switch|p1b: Floette|Floette-Mega, L50, F, shiny|16/100\n|-ability|p1b: Floette|Fairy Aura\n|turn|10\n|\n|t:|1775988395\n|move|p2b: Excadrill|Iron Head|p1b: Floette\n|-supereffective|p1b: Floette|1\n|-damage|p1b: Floette|0 fnt\n|faint|p1b: Floette\n|\n|win|RyushinYuki\n|raw|silvermagicianvgc's rating: 1450 &rarr; <strong>1433</strong><br />(-17 for losing)\n|raw|RyushinYuki's rating: 1504 &rarr; <strong>1521</strong><br />(+17 for winning)\n|l|\u2606silvermagicianvgc\n|player|p1|\n",
  "uploadtime": 1775988416,
  "views": 188,
  "formatid": "gen9championsvgc2026regma",
  "rating": 1433,
  "private": 0,
  "password": null
}