{
  "id": "gen9championsvgc2026regma-2580394108",
  "format": "[Gen 9 Champions] VGC 2026 Reg M-A",
  "players": [
    "lawrencium2",
    "Tempy's Sharky"
  ],
  "log": "|j|\u2606lawrencium2\n|j|\u2606Tempy's Sharky\n|t:|1775889896\n|gametype|doubles\n|player|p1|lawrencium2|102|1000\n|player|p2|Tempy's Sharky|scientistf|1040\n|gen|9\n|tier|[Gen 9 Champions] VGC 2026 Reg M-A\n|rated|\n|rule|Species Clause: Limit one of each Pok\u00e9mon\n|rule|Item Clause: Limit 1 of each item\n|clearpoke\n|poke|p1|Starmie, L50|\n|poke|p1|Incineroar, L50, F|\n|poke|p1|Whimsicott, L50, F|\n|poke|p1|Sinistcha, L50|\n|poke|p1|Maushold, L50|\n|poke|p1|Gengar, L50, F|\n|poke|p2|Froslass, L50, F|\n|poke|p2|Sneasler, L50, M|\n|poke|p2|Aerodactyl, L50, M|\n|poke|p2|Rotom-Wash, L50|\n|poke|p2|Sinistcha, L50|\n|poke|p2|Incineroar, L50, F|\n|teampreview|4\n|inactive|Battle timer is ON: inactive players will automatically lose when time's up. (requested by Tempy's Sharky)\nTempy's Sharky has agreed to open team sheets.\nlawrencium2 has agreed to open team sheets.\n|showteam|p1|Starmie||Starminite|Illuminate|Liquidation,IceSpinner,ZenHeadbutt,BulkUp||||||50|]Incineroar||BrightPowder|Intimidate|PartingShot,FakeOut,DarkestLariat,HelpingHand|||F|||50|]Whimsicott||FocusSash|Prankster|Tailwind,Encore,TrickRoom,Moonblast|||F|||50|]Sinistcha||Leftovers|Hospitality|RagePowder,LifeDew,Protect,MatchaGotcha||||||50|]Maushold||SitrusBerry|FriendGuard|FollowMe,PopulationBomb,Encore,PlayRough||||||50|]Gengar||Gengarite|CursedBody|SludgeWave,ShadowBall,Protect,FocusBlast|||F|||50|\n|showteam|p2|Froslass||Froslassite|SnowCloak|AuroraVeil,Blizzard,Protect,ShadowBall|||F|||50|]Sneasler||WhiteHerb|PoisonTouch|DireClaw,CloseCombat,QuickAttack,Protect|||M|||50|]Aerodactyl||FocusSash|Unnerve|Taunt,Tailwind,RockSlide,PsychicFangs|||M|||50|]Rotom-Wash||ChoiceScarf|Levitate|HydroPump,VoltSwitch,Thunderbolt,Trick||||||50|]Sinistcha||Leftovers|Hospitality|MatchaGotcha,CalmMind,StrengthSap,Protect||||||50|]Incineroar||SitrusBerry|Intimidate|FakeOut,FlareBlitz,DarkestLariat,PartingShot|||F|||50|\n|inactive|lawrencium2 has 60 seconds left.\n|inactive|Tempy's Sharky has 60 seconds left.\n|\n|t:|1775889944\n|teamsize|p1|4\n|teamsize|p2|4\n|start\n|switch|p1a: Starmie|Starmie, L50|100/100\n|switch|p1b: Maushold|Maushold, L50|100/100\n|switch|p2a: Incineroar|Incineroar, L50, F|100/100\n|switch|p2b: Sneasler|Sneasler, L50, M|100/100\n|-ability|p2a: Incineroar|Intimidate|boost\n|-unboost|p1a: Starmie|atk|1\n|-unboost|p1b: Maushold|atk|1\n|turn|1\n|inactive|lawrencium2 has 30 seconds left.\n|inactive|Tempy's Sharky has 30 seconds left.\n|inactive|Tempy's Sharky has 20 seconds left.\n|\n|t:|1775889979\n|detailschange|p1a: Starmie|Starmie-Mega, L50\n|-mega|p1a: Starmie|Starmie|Starminite\n|move|p1a: Starmie|Bulk Up|p1a: Starmie\n|-boost|p1a: Starmie|atk|1\n|-boost|p1a: Starmie|def|1\n|move|p2b: Sneasler|Dire Claw|p1b: Maushold\n|-damage|p1b: Maushold|49/100\n|-status|p1b: Maushold|par\n|-enditem|p1b: Maushold|Sitrus Berry|[eat]\n|-heal|p1b: Maushold|74/100 par|[from] item: Sitrus Berry\n|move|p2a: Incineroar|Flare Blitz|p1b: Maushold\n|-crit|p1b: Maushold\n|-damage|p1b: Maushold|0 fnt\n|faint|p1b: Maushold\n|-damage|p2a: Incineroar|79/100|[from] Recoil\n|\n|upkeep\n|\n|t:|1775889992\n|switch|p1b: Incineroar|Incineroar, L50, F|100/100\n|-ability|p1b: Incineroar|Intimidate|boost\n|-unboost|p2a: Incineroar|atk|1\n|-unboost|p2b: Sneasler|atk|1\n|-enditem|p2b: Sneasler|White Herb\n|-clearnegativeboost|p2b: Sneasler|[silent]\n|turn|2\n|\n|t:|1775890004\n|move|p1b: Incineroar|Fake Out|p2b: Sneasler\n|-damage|p2b: Sneasler|78/100\n|cant|p2b: Sneasler|flinch\n|move|p1a: Starmie|Zen Headbutt|p2b: Sneasler\n|-supereffective|p2b: Sneasler|2\n|-damage|p2b: Sneasler|0 fnt\n|faint|p2b: Sneasler\n|move|p2a: Incineroar|Parting Shot|p1a: Starmie\n|-unboost|p1a: Starmie|atk|1\n|-unboost|p1a: Starmie|spa|1\n|\n|t:|1775890013\n|switch|p2a: Froslass|Froslass, L50, F|100/100|[from] Parting Shot\n|\n|upkeep\n|\n|t:|1775890017\n|switch|p2b: Rotom|Rotom-Wash, L50|100/100\n|turn|3\n|inactive|lawrencium2 has 30 seconds left.\n|inactive|Tempy's Sharky has 30 seconds left.\n|\n|t:|1775890043\n|switch|p1a: Sinistcha|Sinistcha, L50|100/100\n|switch|p2a: Incineroar|Incineroar, L50, F|79/100\n|-ability|p2a: Incineroar|Intimidate|boost\n|-unboost|p1a: Sinistcha|atk|1\n|-unboost|p1b: Incineroar|atk|1\n|move|p2b: Rotom|Hydro Pump|p1b: Incineroar|[miss]\n|-miss|p2b: Rotom|p1b: Incineroar\n|move|p1b: Incineroar|Parting Shot|p2a: Incineroar\n|-unboost|p2a: Incineroar|atk|1\n|-unboost|p2a: Incineroar|spa|1\n|\n|t:|1775890053\n|switch|p1b: Starmie|Starmie-Mega, L50|100/100|[from] Parting Shot\n|\n|upkeep\n|turn|4\n|\n|t:|1775890064\n|switch|p2b: Froslass|Froslass, L50, F|100/100\n|move|p1a: Sinistcha|Rage Powder|p1a: Sinistcha\n|-singleturn|p1a: Sinistcha|move: Rage Powder\n|move|p1b: Starmie|Bulk Up|p1b: Starmie\n|-boost|p1b: Starmie|atk|1\n|-boost|p1b: Starmie|def|1\n|move|p2a: Incineroar|Flare Blitz|p1a: Sinistcha\n|-supereffective|p1a: Sinistcha|1\n|-damage|p1a: Sinistcha|50/100\n|-status|p1a: Sinistcha|brn\n|-damage|p2a: Incineroar|64/100|[from] Recoil\n|\n|-heal|p1a: Sinistcha|56/100 brn|[from] item: Leftovers\n|-damage|p1a: Sinistcha|50/100 brn|[from] brn\n|upkeep\n|turn|5\n|inactive|lawrencium2 has 30 seconds left.\n|inactive|Tempy's Sharky has 30 seconds left.\n|inactive|lawrencium2 has 20 seconds left.\n|inactive|lawrencium2 has 15 seconds left.\n|inactive|Tempy's Sharky has 20 seconds left.\n|\n|t:|1775890107\n|switch|p2a: Rotom|Rotom-Wash, L50|100/100\n|detailschange|p2b: Froslass|Froslass-Mega, L50, F\n|-mega|p2b: Froslass|Froslass|Froslassite\n|-weather|Snowscape|[from] ability: Snow Warning|[of] p2b: Froslass\n|move|p1a: Sinistcha|Rage Powder|p1a: Sinistcha\n|-singleturn|p1a: Sinistcha|move: Rage Powder\n|move|p1b: Starmie|Liquidation|p2b: Froslass\n|-damage|p2b: Froslass|3/100\n|move|p2b: Froslass|Shadow Ball|p1a: Sinistcha\n|-supereffective|p1a: Sinistcha|1\n|-damage|p1a: Sinistcha|0 fnt\n|faint|p1a: Sinistcha\n|\n|-weather|Snowscape|[upkeep]\n|upkeep\n|\n|t:|1775890118\n|switch|p1a: Incineroar|Incineroar, L50, F|100/100\n|-ability|p1a: Incineroar|Intimidate|boost\n|-unboost|p2a: Rotom|atk|1\n|-unboost|p2b: Froslass|atk|1\n|turn|6\n|inactive|lawrencium2 has 30 seconds left.\n|\n|t:|1775890147\n|switch|p2a: Incineroar|Incineroar, L50, F|64/100\n|-ability|p2a: Incineroar|Intimidate|boost\n|-unboost|p1a: Incineroar|atk|1\n|-unboost|p1b: Starmie|atk|1\n|move|p2b: Froslass|Protect|p2b: Froslass\n|-singleturn|p2b: Froslass|Protect\n|move|p1a: Incineroar|Fake Out|p2a: Incineroar\n|-damage|p2a: Incineroar|56/100\n|move|p1b: Starmie|Zen Headbutt|p2b: Froslass\n|-activate|p2b: Froslass|move: Protect\n|\n|-weather|Snowscape|[upkeep]\n|upkeep\n|turn|7\n|inactive|lawrencium2 has 30 seconds left.\n|inactive|lawrencium2 has 20 seconds left.\n|inactive|lawrencium2 has 15 seconds left.\n|\n|t:|1775890189\n|move|p2a: Incineroar|Fake Out|p1b: Starmie\n|-damage|p1b: Starmie|92/100\n|move|p2b: Froslass|Shadow Ball|p1b: Starmie\n|-supereffective|p1b: Starmie|1\n|-damage|p1b: Starmie|0 fnt\n|faint|p1b: Starmie\n|move|p1a: Incineroar|Darkest Lariat|p2b: Froslass\n|-supereffective|p2b: Froslass|1\n|-damage|p2b: Froslass|0 fnt\n|faint|p2b: Froslass\n|\n|-weather|Snowscape|[upkeep]\n|upkeep\n|\n|t:|1775890198\n|switch|p2b: Rotom|Rotom-Wash, L50|100/100\n|turn|8\n|\n|t:|1775890206\n|move|p2b: Rotom|Hydro Pump|p1a: Incineroar|[miss]\n|-miss|p2b: Rotom|p1a: Incineroar\n|move|p1a: Incineroar|Darkest Lariat|p2b: Rotom\n|-damage|p2b: Rotom|60/100\n|move|p2a: Incineroar|Parting Shot|p1a: Incineroar\n|-unboost|p1a: Incineroar|atk|1\n|-unboost|p1a: Incineroar|spa|1\n|\n|-weather|Snowscape|[upkeep]\n|upkeep\n|turn|9\n|-message|lawrencium2 forfeited.\n|\n|win|Tempy's Sharky\n|raw|lawrencium2's rating: 1000 &rarr; <strong>1000</strong><br />(+0 for losing)\n|raw|Tempy&apos;s Sharky's rating: 1040 &rarr; <strong>1070</strong><br />(+30 for winning)\n|l|\u2606lawrencium2\n|player|p1|\n|j|\u2606lawrencium2\n|player|p1|lawrencium2|102|\n|l|\u2606lawrencium2\n|player|p1|\n",
  "uploadtime": 1775890307,
  "views": 15,
  "formatid": "gen9championsvgc2026regma",
  "rating": 1000,
  "private": 0,
  "password": null
}