{
  "id": "gen9championsvgc2026regma-2583205253",
  "format": "[Gen 9 Champions] VGC 2026 Reg M-A",
  "players": [
    "RBG_LOL",
    "jokadkira"
  ],
  "log": "|j|\u2606RBG_LOL\n|j|\u2606jokadkira\n|t:|1776154551\n|gametype|doubles\n|player|p1|RBG_LOL|ghetsis-gen5bw|1160\n|player|p2|jokadkira|2|1191\n|gen|9\n|tier|[Gen 9 Champions] VGC 2026 Reg M-A\n|rated|\n|rule|Species Clause: Limit one of each Pok\u00e9mon\n|rule|Item Clause: Limit 1 of each item\n|clearpoke\n|poke|p1|Garchomp, L50, M|\n|poke|p1|Froslass, L50, F|\n|poke|p1|Sneasler, L50, M|\n|poke|p1|Kingambit, L50, M|\n|poke|p1|Talonflame, L50, M|\n|poke|p1|Milotic, L50, F|\n|poke|p2|Basculegion, L50, M|\n|poke|p2|Froslass, L50, F|\n|poke|p2|Rotom-Frost, L50|\n|poke|p2|Incineroar, L50, M|\n|poke|p2|Orthworm, L50, M|\n|poke|p2|Garchomp, L50, F|\n|teampreview|4\n|\n|t:|1776154583\n|teamsize|p1|4\n|teamsize|p2|4\n|start\n|switch|p1a: Sneasler|Sneasler, L50, M|100/100\n|switch|p1b: Talonflame|Talonflame, L50, M, shiny|100/100\n|switch|p2a: Garchomp|Garchomp, L50, F|100/100\n|switch|p2b: Incineroar|Incineroar, L50, M|100/100\n|-ability|p2b: Incineroar|Intimidate|boost\n|-unboost|p1a: Sneasler|atk|1\n|-unboost|p1b: Talonflame|atk|1\n|-enditem|p1a: Sneasler|White Herb\n|-clearnegativeboost|p1a: Sneasler|[silent]\n|turn|1\n|\n|t:|1776154609\n|move|p1b: Talonflame|Protect|p1b: Talonflame\n|-singleturn|p1b: Talonflame|Protect\n|move|p2b: Incineroar|Fake Out|p1a: Sneasler\n|-damage|p1a: Sneasler|78/100\n|cant|p1a: Sneasler|flinch\n|move|p2a: Garchomp|Rock Slide|p1b: Talonflame|[spread] p1a\n|-activate|p1b: Talonflame|move: Protect\n|-resisted|p1a: Sneasler|1\n|-damage|p1a: Sneasler|61/100\n|\n|upkeep\n|turn|2\n|\n|t:|1776154638\n|move|p1a: Sneasler|Close Combat|p2b: Incineroar\n|-supereffective|p2b: Incineroar|1\n|-crit|p2b: Incineroar\n|-damage|p2b: Incineroar|0 fnt\n|-unboost|p1a: Sneasler|def|1\n|-unboost|p1a: Sneasler|spd|1\n|faint|p2b: Incineroar\n|move|p1b: Talonflame|Tailwind|p1b: Talonflame\n|-sidestart|p1: RBG_LOL|move: Tailwind\n|move|p2a: Garchomp|Rock Slide|p1a: Sneasler|[spread] p1a,p1b\n|-resisted|p1a: Sneasler|1\n|-supereffective|p1b: Talonflame|2\n|-damage|p1a: Sneasler|35/100\n|-damage|p1b: Talonflame|0 fnt\n|faint|p1b: Talonflame\n|\n|upkeep\n|\n|t:|1776154651\n|switch|p1b: Milotic|Milotic, L50, F|100/100\n|switch|p2b: Froslass|Froslass, L50, F|100/100\n|turn|3\n|\n|t:|1776154676\n|switch|p1a: Kingambit|Kingambit, L50, M|100/100\n|detailschange|p2b: Froslass|Froslass-Mega, L50, F\n|-mega|p2b: Froslass|Froslass|Froslassite\n|-weather|Snowscape|[from] ability: Snow Warning|[of] p2b: Froslass\n|move|p1b: Milotic|Icy Wind|p2a: Garchomp|[spread] p2a,p2b\n|-supereffective|p2a: Garchomp|2\n|-resisted|p2b: Froslass|1\n|-damage|p2a: Garchomp|40/100\n|-damage|p2b: Froslass|92/100\n|-unboost|p2a: Garchomp|spe|1\n|-unboost|p2b: Froslass|spe|1\n|move|p2b: Froslass|Blizzard|p1b: Milotic|[spread] p1a,p1b\n|-resisted|p1a: Kingambit|1\n|-resisted|p1b: Milotic|1\n|-damage|p1a: Kingambit|78/100\n|-damage|p1b: Milotic|79/100\n|-status|p1a: Kingambit|frz\n|move|p2a: Garchomp|Rock Slide|p1b: Milotic|[spread] p1a,p1b\n|-resisted|p1a: Kingambit|1\n|-damage|p1a: Kingambit|71/100 frz\n|-damage|p1b: Milotic|61/100\n|\n|-weather|Snowscape|[upkeep]\n|-heal|p1b: Milotic|67/100|[from] item: Leftovers\n|upkeep\n|turn|4\n|\n|t:|1776154718\n|switch|p2a: Rotom|Rotom-Frost, L50|100/100\n|move|p1b: Milotic|Icy Wind|p2b: Froslass|[spread] p2a,p2b\n|-resisted|p2a: Rotom|1\n|-resisted|p2b: Froslass|1\n|-damage|p2a: Rotom|93/100\n|-damage|p2b: Froslass|84/100\n|-unboost|p2a: Rotom|spe|1\n|-unboost|p2b: Froslass|spe|1\n|cant|p1a: Kingambit|frz\n|move|p2b: Froslass|Shadow Ball|p1b: Milotic\n|-crit|p1b: Milotic\n|-damage|p1b: Milotic|10/100\n|\n|-weather|Snowscape|[upkeep]\n|-heal|p1b: Milotic|16/100|[from] item: Leftovers\n|upkeep\n|turn|5\n|\n|t:|1776154743\n|switch|p2b: Garchomp|Garchomp, L50, F|40/100\n|move|p1b: Milotic|Protect|p1b: Milotic\n|-singleturn|p1b: Milotic|Protect\n|cant|p1a: Kingambit|frz\n|move|p2a: Rotom|Blizzard|p1a: Kingambit|[spread] p1a\n|-activate|p1b: Milotic|move: Protect\n|-resisted|p1a: Kingambit|1\n|-damage|p1a: Kingambit|47/100 frz\n|\n|-weather|Snowscape|[upkeep]\n|-heal|p1b: Milotic|22/100|[from] item: Leftovers\n|-sideend|p1: RBG_LOL|move: Tailwind\n|upkeep\n|turn|6\n|\n|t:|1776154769\n|-curestatus|p1a: Kingambit|frz|[msg]\n|move|p1a: Kingambit|Sucker Punch|p2b: Garchomp\n|-damage|p2b: Garchomp|0 fnt\n|-damage|p1a: Kingambit|35/100|[from] ability: Rough Skin|[of] p2b: Garchomp\n|faint|p2b: Garchomp\n|move|p1b: Milotic|Icy Wind|p2a: Rotom\n|-resisted|p2a: Rotom|1\n|-damage|p2a: Rotom|80/100\n|-unboost|p2a: Rotom|spe|1\n|move|p2a: Rotom|Blizzard|p1a: Kingambit|[spread] p1a,p1b\n|-resisted|p1a: Kingambit|1\n|-resisted|p1b: Milotic|1\n|-damage|p1a: Kingambit|13/100\n|-damage|p1b: Milotic|4/100\n|\n|-weather|Snowscape|[upkeep]\n|-heal|p1b: Milotic|10/100|[from] item: Leftovers\n|upkeep\n|\n|t:|1776154784\n|switch|p2b: Froslass|Froslass-Mega, L50, F|84/100\n|turn|7\n|\n|t:|1776154792\n|move|p1b: Milotic|Protect|p1b: Milotic\n|-singleturn|p1b: Milotic|Protect\n|move|p1a: Kingambit|Protect|p1a: Kingambit\n|-singleturn|p1a: Kingambit|Protect\n|move|p2b: Froslass|Blizzard|p1a: Kingambit|[spread] \n|-activate|p1a: Kingambit|move: Protect\n|-activate|p1b: Milotic|move: Protect\n|move|p2a: Rotom|Blizzard|p1b: Milotic|[spread] \n|-activate|p1a: Kingambit|move: Protect\n|-activate|p1b: Milotic|move: Protect\n|\n|-weather|none\n|-heal|p1b: Milotic|16/100|[from] item: Leftovers\n|upkeep\n|turn|8\n|\n|t:|1776154812\n|move|p1a: Kingambit|Sucker Punch|p2b: Froslass\n|-supereffective|p2b: Froslass|1\n|-damage|p2b: Froslass|0 fnt\n|faint|p2b: Froslass\n|move|p1b: Milotic|Scald|p2a: Rotom\n|-damage|p2a: Rotom|26/100\n|move|p2a: Rotom|Blizzard|p1b: Milotic|[spread] p1b\n|-miss|p2a: Rotom|p1a: Kingambit\n|-resisted|p1b: Milotic|1\n|-crit|p1b: Milotic\n|-damage|p1b: Milotic|0 fnt\n|faint|p1b: Milotic\n|\n|upkeep\n|\n|t:|1776154817\n|switch|p1b: Sneasler|Sneasler, L50, M|35/100\n|turn|9\n|-message|jokadkira forfeited.\n|\n|win|RBG_LOL\n|raw|RBG_LOL's rating: 1160 &rarr; <strong>1187</strong><br />(+27 for winning)\n|raw|jokadkira's rating: 1191 &rarr; <strong>1164</strong><br />(-27 for losing)\n|l|\u2606jokadkira\n|player|p2|\n",
  "uploadtime": 1776154831,
  "views": 28,
  "formatid": "gen9championsvgc2026regma",
  "rating": 1164,
  "private": 0,
  "password": null
}