{
  "id": "gen9championsvgc2026regma-2588100594",
  "format": "[Gen 9 Champions] VGC 2026 Reg M-A",
  "players": [
    "kari_0817",
    "faminecom"
  ],
  "log": "|j|\u2606kari_0817\n|j|\u2606faminecom\n|t:|1776604307\n|gametype|doubles\n|player|p1|kari_0817|265|1173\n|player|p2|faminecom|palmer|1073\n|gen|9\n|tier|[Gen 9 Champions] VGC 2026 Reg M-A\n|rated|\n|rule|Species Clause: Limit one of each Pok\u00e9mon\n|rule|Item Clause: Limit 1 of each item\n|clearpoke\n|poke|p1|Slowbro, L50, M, shiny|\n|poke|p1|Pikachu, L50, M, shiny|\n|poke|p1|Clefable, L50, F|\n|poke|p1|Sneasler, L50, F, shiny|\n|poke|p1|Garchomp, L50, M, shiny|\n|poke|p1|Floette-Eternal, L50, F|\n|poke|p2|Heracross, L50, F|\n|poke|p2|Farigiraf, L50, M|\n|poke|p2|Incineroar, L50, M|\n|poke|p2|Oranguru, L50, M|\n|poke|p2|Empoleon, L50, F|\n|poke|p2|Kingambit, L50, M|\n|teampreview|4\n|\n|t:|1776604346\n|teamsize|p1|4\n|teamsize|p2|4\n|start\n|switch|p1a: Slowbro|Slowbro, L50, M, shiny|100/100\n|switch|p1b: Sneasler|Sneasler, L50, F, shiny|100/100\n|switch|p2a: Incineroar|Incineroar, L50, M|100/100\n|switch|p2b: Oranguru|Oranguru, L50, M|100/100\n|turn|1\n|inactive|Battle timer is ON: inactive players will automatically lose when time's up. (requested by kari_0817)\n|inactive|kari_0817 has 60 seconds left.\n|\n|t:|1776604387\n|move|p2a: Incineroar|Fake Out|p1b: Sneasler\n|-damage|p1b: Sneasler|84/100\n|cant|p1b: Sneasler|flinch\n|move|p1a: Slowbro|Iron Defense|p1a: Slowbro\n|-boost|p1a: Slowbro|def|2\n|move|p2b: Oranguru|Trick Room|p2b: Oranguru\n|-fieldstart|move: Trick Room|[of] p2b: Oranguru\n|\n|upkeep\n|turn|2\n|\n|t:|1776604406\n|switch|p1b: Clefable|Clefable, L50, F|100/100\n|move|p1a: Slowbro|Iron Defense|p1a: Slowbro\n|-boost|p1a: Slowbro|def|2\n|move|p2b: Oranguru|Encore|p1a: Slowbro\n|-start|p1a: Slowbro|Encore\n|move|p2a: Incineroar|Parting Shot|p1b: Clefable\n|-unboost|p1b: Clefable|atk|1\n|-unboost|p1b: Clefable|spa|1\n|\n|t:|1776604415\n|switch|p2a: Heracross|Heracross, L50, F|100/100|[from] Parting Shot\n|\n|upkeep\n|turn|3\n|inactive|kari_0817 has 30 seconds left.\n|\n|t:|1776604450\n|detailschange|p2a: Heracross|Heracross-Mega, L50, F\n|-mega|p2a: Heracross|Heracross|Heracronite\n|move|p1a: Slowbro|Iron Defense|p1a: Slowbro\n|-boost|p1a: Slowbro|def|2\n|move|p2b: Oranguru|Instruct||[still]\n|-fail|p2b: Oranguru\n|move|p1b: Clefable|Moonblast|p2a: Heracross\n|-supereffective|p2a: Heracross|1\n|-damage|p2a: Heracross|64/100\n|move|p2a: Heracross|Pin Missile|p1a: Slowbro\n|-supereffective|p1a: Slowbro|1\n|-damage|p1a: Slowbro|91/100\n|-supereffective|p1a: Slowbro|1\n|-damage|p1a: Slowbro|82/100\n|-supereffective|p1a: Slowbro|1\n|-damage|p1a: Slowbro|73/100\n|-supereffective|p1a: Slowbro|1\n|-damage|p1a: Slowbro|66/100\n|-supereffective|p1a: Slowbro|1\n|-damage|p1a: Slowbro|57/100\n|-hitcount|p1a: Slowbro|5\n|\n|upkeep\n|turn|4\n|\n|t:|1776604475\n|detailschange|p1a: Slowbro|Slowbro-Mega, L50, M, shiny\n|-mega|p1a: Slowbro|Slowbro|Slowbronite\n|move|p1a: Slowbro|Iron Defense|p1a: Slowbro\n|-boost|p1a: Slowbro|def|0\n|move|p2b: Oranguru|Instruct|p2a: Heracross\n|-singleturn|p2a: Heracross|move: Instruct|[of] p2b: Oranguru\n|move|p2a: Heracross|Pin Missile|p1a: Slowbro\n|-supereffective|p1a: Slowbro|1\n|-damage|p1a: Slowbro|51/100\n|-supereffective|p1a: Slowbro|1\n|-damage|p1a: Slowbro|45/100\n|-supereffective|p1a: Slowbro|1\n|-damage|p1a: Slowbro|39/100\n|-supereffective|p1a: Slowbro|1\n|-damage|p1a: Slowbro|33/100\n|-supereffective|p1a: Slowbro|1\n|-damage|p1a: Slowbro|27/100\n|-hitcount|p1a: Slowbro|5\n|move|p1b: Clefable|Moonblast|p2a: Heracross\n|-supereffective|p2a: Heracross|1\n|-damage|p2a: Heracross|28/100\n|move|p2a: Heracross|Pin Missile|p1a: Slowbro\n|-supereffective|p1a: Slowbro|1\n|-damage|p1a: Slowbro|21/100\n|-supereffective|p1a: Slowbro|1\n|-damage|p1a: Slowbro|15/100\n|-supereffective|p1a: Slowbro|1\n|-damage|p1a: Slowbro|9/100\n|-supereffective|p1a: Slowbro|1\n|-damage|p1a: Slowbro|3/100\n|-supereffective|p1a: Slowbro|1\n|-damage|p1a: Slowbro|0 fnt\n|faint|p1a: Slowbro\n|-hitcount|p1: Slowbro|5\n|\n|upkeep\n|\n|t:|1776604489\n|switch|p1a: Sneasler|Sneasler, L50, F, shiny|84/100\n|turn|5\n|\n|t:|1776604513\n|move|p1a: Sneasler|Fake Out|p2b: Oranguru\n|-damage|p2b: Oranguru|87/100\n|cant|p2b: Oranguru|flinch\n|move|p1b: Clefable|Moonblast|p2a: Heracross\n|-supereffective|p2a: Heracross|1\n|-damage|p2a: Heracross|0 fnt\n|faint|p2a: Heracross\n|\n|-fieldend|move: Trick Room\n|upkeep\n|\n|t:|1776604523\n|switch|p2a: Farigiraf|Farigiraf, L50, M|100/100\n|turn|6\n|\n|t:|1776604543\n|move|p1a: Sneasler|Close Combat|p2b: Oranguru\n|-damage|p2b: Oranguru|30/100\n|-unboost|p1a: Sneasler|def|1\n|-unboost|p1a: Sneasler|spd|1\n|move|p1b: Clefable|Moonblast|p2b: Oranguru\n|-damage|p2b: Oranguru|14/100\n|move|p2b: Oranguru|Encore|p1a: Sneasler\n|-start|p1a: Sneasler|Encore\n|-enditem|p1a: Sneasler|Mental Herb\n|-end|p1a: Sneasler|Encore\n|move|p2a: Farigiraf|Trick Room|p2a: Farigiraf\n|-fieldstart|move: Trick Room|[of] p2a: Farigiraf\n|\n|upkeep\n|turn|7\n|inactive|kari_0817 has 30 seconds left.\n|-message|kari_0817 forfeited.\n|\n|win|faminecom\n|raw|kari_0817's rating: 1173 &rarr; <strong>1141</strong><br />(-32 for losing)\n|raw|faminecom's rating: 1073 &rarr; <strong>1110</strong><br />(+37 for winning)\n",
  "uploadtime": 1776604573,
  "views": 8,
  "formatid": "gen9championsvgc2026regma",
  "rating": 1110,
  "private": 0,
  "password": null
}