{
  "id": "gen9championsvgc2026regma-2586416213",
  "format": "[Gen 9 Champions] VGC 2026 Reg M-A",
  "players": [
    "deadly ninja bees",
    "shnoozel"
  ],
  "log": "|j|\u2606deadly ninja bees\n|j|\u2606shnoozel\n|t:|1776433142\n|gametype|doubles\n|player|p1|deadly ninja bees|janine-gen2|1076\n|player|p2|shnoozel|dragontamer|1000\n|gen|9\n|tier|[Gen 9 Champions] VGC 2026 Reg M-A\n|rated|\n|rule|Species Clause: Limit one of each Pok\u00e9mon\n|rule|Item Clause: Limit 1 of each item\n|clearpoke\n|poke|p1|Kommo-o, L50, M|\n|poke|p1|Arcanine-Hisui, L50, F|\n|poke|p1|Sinistcha, L50|\n|poke|p1|Froslass, L50, F|\n|poke|p1|Palafin, L50, M|\n|poke|p1|Talonflame, L50, F|\n|poke|p2|Floette-Eternal, L50, F|\n|poke|p2|Incineroar, L50, M|\n|poke|p2|Whimsicott, L50, F|\n|poke|p2|Araquanid, L50, F|\n|poke|p2|Kingambit, L50, M|\n|poke|p2|Dragapult, L50, F|\n|teampreview|4\n|inactive|Battle timer is ON: inactive players will automatically lose when time's up. (requested by deadly ninja bees)\n|\n|t:|1776433173\n|teamsize|p1|4\n|teamsize|p2|4\n|start\n|switch|p1a: Froslass|Froslass, L50, F|100/100\n|switch|p1b: Talonflame|Talonflame, L50, F|100/100\n|switch|p2a: Floette|Floette-Eternal, L50, F, shiny|100/100\n|switch|p2b: Araquanid|Araquanid, L50, F|100/100\n|turn|1\n|inactive|shnoozel has 30 seconds left.\n|\n|t:|1776433208\n|detailschange|p1a: Froslass|Froslass-Mega, L50, F\n|-mega|p1a: Froslass|Froslass|Froslassite\n|-weather|Snowscape|[from] ability: Snow Warning|[of] p1a: Froslass\n|detailschange|p2a: Floette|Floette-Mega, L50, F, shiny\n|-mega|p2a: Floette|Floette|Floettite\n|-ability|p2a: Floette|Fairy Aura\n|move|p1b: Talonflame|Tailwind|p1b: Talonflame\n|-sidestart|p1: deadly ninja bees|move: Tailwind\n|move|p1a: Froslass|Aurora Veil|p1a: Froslass\n|-sidestart|p1: deadly ninja bees|move: Aurora Veil\n|move|p2a: Floette|Light of Ruin|p1a: Froslass|[miss]\n|-miss|p2a: Floette|p1a: Froslass\n|move|p2b: Araquanid|Liquidation|p1a: Froslass\n|-damage|p1a: Froslass|50/100\n|\n|-weather|Snowscape|[upkeep]\n|upkeep\n|turn|2\n|inactive|deadly ninja bees has 30 seconds left.\n|inactive|shnoozel has 30 seconds left.\n|inactive|shnoozel has 20 seconds left.\n|\n|t:|1776433243\n|move|p1a: Froslass|Protect|p1a: Froslass\n|-singleturn|p1a: Froslass|Protect\n|move|p2b: Araquanid|Protect|p2b: Araquanid\n|-singleturn|p2b: Araquanid|Protect\n|move|p1b: Talonflame|Brave Bird|p2b: Araquanid\n|-activate|p2b: Araquanid|move: Protect\n|move|p2a: Floette|Light of Ruin|p1b: Talonflame\n|-resisted|p1b: Talonflame|1\n|-damage|p1b: Talonflame|39/100\n|-damage|p2a: Floette|69/100|[from] Recoil\n|\n|-weather|Snowscape|[upkeep]\n|upkeep\n|turn|3\n|\n|t:|1776433267\n|switch|p1b: Sinistcha|Sinistcha, L50|100/100\n|-heal|p1a: Froslass|75/100|[from] ability: Hospitality|[of] p1b: Sinistcha\n|switch|p2b: Kingambit|Kingambit, L50, M|100/100\n|move|p2a: Floette|Protect|p2a: Floette\n|-singleturn|p2a: Floette|Protect\n|move|p1a: Froslass|Blizzard|p2b: Kingambit|[spread] p2b\n|-activate|p2a: Floette|move: Protect\n|-resisted|p2b: Kingambit|1\n|-damage|p2b: Kingambit|75/100\n|\n|-weather|Snowscape|[upkeep]\n|upkeep\n|turn|4\n|inactive|deadly ninja bees has 30 seconds left.\n|inactive|shnoozel has 30 seconds left.\n|inactive|deadly ninja bees has 20 seconds left.\n|inactive|shnoozel has 20 seconds left.\n|inactive|shnoozel has 15 seconds left.\n|\n|t:|1776433309\n|switch|p1a: Talonflame|Talonflame, L50, F|39/100\n|switch|p2a: Incineroar|Incineroar, L50, M|100/100\n|-ability|p2a: Incineroar|Intimidate|boost\n|-unboost|p1a: Talonflame|atk|1\n|-unboost|p1b: Sinistcha|atk|1\n|move|p1b: Sinistcha|Matcha Gotcha|p2a: Incineroar|[spread] p2a,p2b\n|-resisted|p2a: Incineroar|1\n|-resisted|p2b: Kingambit|1\n|-damage|p2a: Incineroar|92/100\n|-damage|p2b: Kingambit|61/100\n|move|p2b: Kingambit|Kowtow Cleave|p1b: Sinistcha\n|-supereffective|p1b: Sinistcha|1\n|-damage|p1b: Sinistcha|46/100\n|-enditem|p1b: Sinistcha|Sitrus Berry|[eat]\n|-heal|p1b: Sinistcha|71/100|[from] item: Sitrus Berry\n|\n|-weather|Snowscape|[upkeep]\n|-sideend|p1: deadly ninja bees|move: Tailwind\n|upkeep\n|turn|5\n|inactive|shnoozel has 30 seconds left.\n|\n|t:|1776433337\n|switch|p1b: Kommo-o|Kommo-o, L50, M|100/100\n|move|p2a: Incineroar|Helping Hand|p2b: Kingambit\n|-singleturn|p2b: Kingambit|Helping Hand|[of] p2a: Incineroar\n|move|p1a: Talonflame|Quick Guard|p1a: Talonflame\n|-singleturn|p1a: Talonflame|Quick Guard\n|move|p2b: Kingambit|Sucker Punch||[still]\n|-fail|p2b: Kingambit\n|\n|-weather|none\n|-sideend|p1: deadly ninja bees|move: Aurora Veil\n|upkeep\n|turn|6\n|inactive|shnoozel has 30 seconds left.\n|inactive|shnoozel has 20 seconds left.\n|\n|t:|1776433372\n|move|p2a: Incineroar|Helping Hand|p2b: Kingambit\n|-singleturn|p2b: Kingambit|Helping Hand|[of] p2a: Incineroar\n|move|p1a: Talonflame|Tailwind|p1a: Talonflame\n|-sidestart|p1: deadly ninja bees|move: Tailwind\n|move|p1b: Kommo-o|Fire Punch|p2b: Kingambit\n|-supereffective|p2b: Kingambit|1\n|-crit|p2b: Kingambit\n|-damage|p2b: Kingambit|16/100\n|move|p2b: Kingambit|Iron Head|p1b: Kommo-o\n|-damage|p1b: Kommo-o|46/100\n|\n|-heal|p1b: Kommo-o|52/100|[from] item: Leftovers\n|upkeep\n|turn|7\n|inactive|deadly ninja bees has 30 seconds left.\n|inactive|shnoozel has 30 seconds left.\n|\n|t:|1776433401\n|switch|p1a: Sinistcha|Sinistcha, L50|71/100\n|-heal|p1b: Kommo-o|77/100|[from] ability: Hospitality|[of] p1a: Sinistcha\n|move|p2b: Kingambit|Protect|p2b: Kingambit\n|-singleturn|p2b: Kingambit|Protect\n|move|p1b: Kommo-o|Iron Defense|p1b: Kommo-o\n|-boost|p1b: Kommo-o|def|2\n|move|p2a: Incineroar|Flare Blitz|p1b: Kommo-o\n|-resisted|p1b: Kommo-o|1\n|-damage|p1b: Kommo-o|67/100\n|-damage|p2a: Incineroar|89/100|[from] Recoil\n|\n|-heal|p1b: Kommo-o|73/100|[from] item: Leftovers\n|upkeep\n|turn|8\n|inactive|shnoozel has 30 seconds left.\n|inactive|shnoozel has 20 seconds left.\n|inactive|shnoozel has 15 seconds left.\n|\n|t:|1776433446\n|switch|p2b: Araquanid|Araquanid, L50, F|100/100\n|move|p1a: Sinistcha|Protect|p1a: Sinistcha\n|-singleturn|p1a: Sinistcha|Protect\n|move|p1b: Kommo-o|Body Press|p2a: Incineroar\n|-supereffective|p2a: Incineroar|1\n|-damage|p2a: Incineroar|0 fnt\n|faint|p2a: Incineroar\n|\n|-heal|p1b: Kommo-o|79/100|[from] item: Leftovers\n|upkeep\n|\n|t:|1776433460\n|switch|p2a: Floette|Floette-Mega, L50, F, shiny|69/100\n|-ability|p2a: Floette|Fairy Aura\n|turn|9\n|inactive|deadly ninja bees has 30 seconds left.\n|inactive|shnoozel has 30 seconds left.\n|inactive|deadly ninja bees has 20 seconds left.\n|inactive|deadly ninja bees has 15 seconds left.\n|\n|t:|1776433502\n|switch|p1b: Talonflame|Talonflame, L50, F|39/100\n|move|p1a: Sinistcha|Matcha Gotcha|p2b: Araquanid|[spread] p2a,p2b\n|-damage|p2a: Floette|48/100\n|-heal|p1a: Sinistcha|80/100|[from] drain|[of] p2a: Floette\n|-damage|p2b: Araquanid|80/100\n|-heal|p1a: Sinistcha|88/100|[from] drain|[of] p2b: Araquanid\n|move|p2a: Floette|Dazzling Gleam|p1b: Talonflame|[spread] p1a,p1b\n|-resisted|p1b: Talonflame|1\n|-damage|p1a: Sinistcha|37/100\n|-damage|p1b: Talonflame|2/100\n|move|p2b: Araquanid|Liquidation|p1a: Sinistcha\n|-resisted|p1a: Sinistcha|1\n|-damage|p1a: Sinistcha|12/100\n|\n|-sideend|p1: deadly ninja bees|move: Tailwind\n|upkeep\n|turn|10\n|inactive|shnoozel has 30 seconds left.\n|\n|t:|1776433536\n|move|p1a: Sinistcha|Protect|p1a: Sinistcha\n|-singleturn|p1a: Sinistcha|Protect\n|move|p1b: Talonflame|Tailwind|p1b: Talonflame\n|-sidestart|p1: deadly ninja bees|move: Tailwind\n|move|p2a: Floette|Dazzling Gleam|p1a: Sinistcha|[spread] p1b\n|-activate|p1a: Sinistcha|move: Protect\n|-resisted|p1b: Talonflame|1\n|-damage|p1b: Talonflame|0 fnt\n|faint|p1b: Talonflame\n|move|p2b: Araquanid|Poison Jab|p1a: Sinistcha\n|-activate|p1a: Sinistcha|move: Protect\n|\n|upkeep\n|\n|t:|1776433543\n|switch|p1b: Froslass|Froslass-Mega, L50, F|75/100\n|-weather|Snowscape|[from] ability: Snow Warning|[of] p1b: Froslass\n|turn|11\n|\n|t:|1776433565\n|move|p2a: Floette|Protect|p2a: Floette\n|-singleturn|p2a: Floette|Protect\n|move|p1a: Sinistcha|Rage Powder|p1a: Sinistcha\n|-singleturn|p1a: Sinistcha|move: Rage Powder\n|move|p1b: Froslass|Blizzard|p2a: Floette|[spread] p2b\n|-activate|p2a: Floette|move: Protect\n|-resisted|p2b: Araquanid|1\n|-damage|p2b: Araquanid|61/100\n|move|p2b: Araquanid|Poison Jab|p1a: Sinistcha\n|-damage|p1a: Sinistcha|0 fnt\n|faint|p1a: Sinistcha\n|\n|-weather|Snowscape|[upkeep]\n|upkeep\n|\n|t:|1776433568\n|switch|p1a: Kommo-o|Kommo-o, L50, M|79/100\n|turn|12\n|inactive|shnoozel has 30 seconds left.\n|inactive|shnoozel has 20 seconds left.\n|\n|t:|1776433608\n|move|p2a: Floette|Protect||[still]\n|-fail|p2a: Floette\n|move|p1b: Froslass|Blizzard|p2a: Floette|[spread] p2a,p2b\n|-resisted|p2b: Araquanid|1\n|-damage|p2a: Floette|11/100\n|-damage|p2b: Araquanid|41/100\n|move|p1a: Kommo-o|Iron Defense|p1a: Kommo-o\n|-boost|p1a: Kommo-o|def|2\n|move|p2b: Araquanid|Lunge|p1a: Kommo-o\n|-resisted|p1a: Kommo-o|1\n|-damage|p1a: Kommo-o|72/100\n|-unboost|p1a: Kommo-o|atk|1\n|\n|-weather|Snowscape|[upkeep]\n|-heal|p1a: Kommo-o|79/100|[from] item: Leftovers\n|upkeep\n|turn|13\n|\n|t:|1776433632\n|move|p2a: Floette|Protect|p2a: Floette\n|-singleturn|p2a: Floette|Protect\n|move|p1b: Froslass|Blizzard|p2a: Floette|[spread] p2b\n|-activate|p2a: Floette|move: Protect\n|-resisted|p2b: Araquanid|1\n|-damage|p2b: Araquanid|22/100\n|move|p1a: Kommo-o|Body Press|p2b: Araquanid\n|-resisted|p2b: Araquanid|1\n|-damage|p2b: Araquanid|0 fnt\n|faint|p2b: Araquanid\n|\n|-weather|Snowscape|[upkeep]\n|-heal|p1a: Kommo-o|85/100|[from] item: Leftovers\n|-sideend|p1: deadly ninja bees|move: Tailwind\n|upkeep\n|inactive|shnoozel has 30 seconds left.\n|\n|t:|1776433641\n|switch|p2b: Kingambit|Kingambit, L50, M|16/100\n|turn|14\n|inactive|shnoozel has 30 seconds left this turn.\n|inactive|shnoozel has 20 seconds left.\n|\n|t:|1776433658\n|move|p1a: Kommo-o|Protect|p1a: Kommo-o\n|-singleturn|p1a: Kommo-o|Protect\n|move|p2b: Kingambit|Sucker Punch|p1b: Froslass\n|-supereffective|p1b: Froslass|1\n|-damage|p1b: Froslass|0 fnt\n|faint|p1b: Froslass\n|move|p2a: Floette|Dazzling Gleam|p1a: Kommo-o\n|-activate|p1a: Kommo-o|move: Protect\n|\n|-weather|Snowscape|[upkeep]\n|-heal|p1a: Kommo-o|91/100|[from] item: Leftovers\n|upkeep\n|turn|15\n|inactive|shnoozel has 20 seconds left this turn.\n|inactive|shnoozel has 15 seconds left.\n|c|\u2606shnoozel|gg\n|inactive|shnoozel has 10 seconds left.\n|c|\u2606shnoozel|holy shit ur good\n|\n|t:|1776433672\n|move|p2b: Kingambit|Sucker Punch|p1a: Kommo-o\n|-resisted|p1a: Kommo-o|1\n|-damage|p1a: Kommo-o|82/100\n|move|p2a: Floette|Dazzling Gleam|p1a: Kommo-o\n|-supereffective|p1a: Kommo-o|2\n|-damage|p1a: Kommo-o|0 fnt\n|faint|p1a: Kommo-o\n|\n|win|shnoozel\n|raw|deadly ninja bees's rating: 1076 &rarr; <strong>1050</strong><br />(-26 for losing)\n|raw|shnoozel's rating: 1000 &rarr; <strong>1049</strong><br />(+49 for winning)\n|l|\u2606deadly ninja bees\n|player|p1|\n",
  "uploadtime": 1776433693,
  "views": 28,
  "formatid": "gen9championsvgc2026regma",
  "rating": 1049,
  "private": 0,
  "password": null
}