{
  "id": "gen9championsvgc2026regma-2588780281",
  "format": "[Gen 9 Champions] VGC 2026 Reg M-A",
  "players": [
    "kao play game",
    "Cra3K"
  ],
  "log": "|j|\u2606kao play game\n|j|\u2606Cra3K\n|t:|1776669855\n|gametype|doubles\n|player|p1|kao play game|cynthia-gen4|1121\n|player|p2|Cra3K|acetrainerf|1056\n|gen|9\n|tier|[Gen 9 Champions] VGC 2026 Reg M-A\n|rated|\n|rule|Species Clause: Limit one of each Pok\u00e9mon\n|rule|Item Clause: Limit 1 of each item\n|clearpoke\n|poke|p1|Glimmora, L50, M|\n|poke|p1|Whimsicott, L50, F|\n|poke|p1|Aegislash, L50, M|\n|poke|p1|Tyranitar, L50, M|\n|poke|p1|Gyarados, L50, F|\n|poke|p1|Salazzle, L50, F|\n|poke|p2|Houndoom, L50, F|\n|poke|p2|Talonflame, L50, M|\n|poke|p2|Kommo-o, L50, M|\n|poke|p2|Dragapult, L50, F|\n|poke|p2|Gyarados, L50, F|\n|poke|p2|Sneasler, L50, F|\n|teampreview|4\n|inactive|Battle timer is ON: inactive players will automatically lose when time's up. (requested by Cra3K)\n|\n|t:|1776669883\n|teamsize|p1|4\n|teamsize|p2|4\n|start\n|switch|p1a: Glimmora|Glimmora, L50, M|100/100\n|switch|p1b: Gyarados|Gyarados, L50, F|100/100\n|switch|p2a: Talonflame|Talonflame, L50, M|100/100\n|switch|p2b: Dragapult|Dragapult, L50, F|100/100\n|-ability|p1b: Gyarados|Intimidate|boost\n|-unboost|p2a: Talonflame|atk|1\n|-fail|p2b: Dragapult|unboost|[from] ability: Clear Body|[of] p2b: Dragapult\n|turn|1\n|\n|t:|1776669900\n|move|p2a: Talonflame|Tailwind|p2a: Talonflame\n|-sidestart|p2: Cra3K|move: Tailwind\n|move|p2b: Dragapult|Light Screen|p2b: Dragapult\n|-sidestart|p2: Cra3K|move: Light Screen\n|move|p1a: Glimmora|Power Gem|p2b: Dragapult\n|-damage|p2b: Dragapult|70/100\n|move|p1b: Gyarados|Icy Wind|p2a: Talonflame|[spread] p2a,p2b\n|-crit|p2a: Talonflame\n|-supereffective|p2b: Dragapult|1\n|-damage|p2a: Talonflame|88/100\n|-damage|p2b: Dragapult|62/100\n|-unboost|p2a: Talonflame|spe|1\n|\n|upkeep\n|turn|2\n|inactive|Cra3K has 30 seconds left.\n|\n|t:|1776669927\n|switch|p2a: Kommo-o|Kommo-o, L50, M|100/100\n|move|p2b: Dragapult|Breaking Swipe|p1a: Glimmora|[spread] p1a,p1b\n|-damage|p1a: Glimmora|76/100\n|-damage|p1b: Gyarados|86/100\n|-unboost|p1a: Glimmora|atk|1\n|-unboost|p1b: Gyarados|atk|1\n|-activate|p1a: Glimmora|ability: Toxic Debris\n|-sidestart|p2: Cra3K|move: Toxic Spikes\n|move|p1a: Glimmora|Power Gem|p2a: Kommo-o\n|-resisted|p2a: Kommo-o|1\n|-damage|p2a: Kommo-o|86/100\n|move|p1b: Gyarados|Thunder Wave|p2b: Dragapult\n|-status|p2b: Dragapult|par\n|\n|-heal|p2a: Kommo-o|92/100|[from] item: Leftovers\n|upkeep\n|turn|3\n|inactive|Cra3K has 30 seconds left.\n|\n|t:|1776669965\n|move|p1a: Glimmora|Spiky Shield|p1a: Glimmora\n|-singleturn|p1a: Glimmora|move: Protect\n|move|p2a: Kommo-o|Clangorous Soul|p2a: Kommo-o\n|-boost|p2a: Kommo-o|atk|1\n|-boost|p2a: Kommo-o|def|1\n|-boost|p2a: Kommo-o|spa|1\n|-boost|p2a: Kommo-o|spd|1\n|-boost|p2a: Kommo-o|spe|1\n|-damage|p2a: Kommo-o|59/100\n|move|p2b: Dragapult|Breaking Swipe|p1a: Glimmora|[spread] p1b\n|-activate|p1a: Glimmora|move: Protect\n|-damage|p2b: Dragapult|49/100 par|[from] Spiky Shield|[of] p1a: Glimmora\n|-damage|p1b: Gyarados|72/100\n|-unboost|p1b: Gyarados|atk|1\n|move|p1b: Gyarados|Thunder Wave|p2a: Kommo-o\n|-status|p2a: Kommo-o|par\n|\n|-heal|p2a: Kommo-o|65/100 par|[from] item: Leftovers\n|upkeep\n|turn|4\n|\n|t:|1776669982\n|switch|p1a: Whimsicott|Whimsicott, L50, F|100/100\n|cant|p2b: Dragapult|par\n|move|p2a: Kommo-o|Clanging Scales|p1b: Gyarados|[spread] p1b\n|-immune|p1a: Whimsicott\n|-damage|p1b: Gyarados|28/100\n|-unboost|p2a: Kommo-o|def|1\n|move|p1b: Gyarados|Icy Wind|p2a: Kommo-o|[spread] \n|-miss|p1b: Gyarados|p2a: Kommo-o\n|-miss|p1b: Gyarados|p2b: Dragapult\n|\n|-heal|p2a: Kommo-o|71/100 par|[from] item: Leftovers\n|-sideend|p2: Cra3K|move: Tailwind\n|upkeep\n|turn|5\n|\n|t:|1776670006\n|move|p1a: Whimsicott|Tailwind|p1a: Whimsicott\n|-sidestart|p1: kao play game|move: Tailwind\n|move|p1b: Gyarados|Icy Wind|p2a: Kommo-o|[spread] p2a,p2b\n|-supereffective|p2a: Kommo-o|1\n|-supereffective|p2b: Dragapult|1\n|-damage|p2a: Kommo-o|65/100 par\n|-damage|p2b: Dragapult|40/100 par\n|-unboost|p2a: Kommo-o|spe|1\n|move|p2b: Dragapult|Sunny Day|p2b: Dragapult\n|-weather|SunnyDay\n|move|p2a: Kommo-o|Clanging Scales|p1b: Gyarados|[spread] p1b\n|-immune|p1a: Whimsicott\n|-damage|p1b: Gyarados|0 fnt\n|faint|p1b: Gyarados\n|-unboost|p2a: Kommo-o|def|1\n|\n|-weather|SunnyDay|[upkeep]\n|-heal|p2a: Kommo-o|71/100 par|[from] item: Leftovers\n|-sideend|p2: Cra3K|move: Light Screen\n|upkeep\n|\n|t:|1776670022\n|switch|p1b: Glimmora|Glimmora, L50, M|76/100\n|turn|6\n|\n|t:|1776670046\n|move|p1b: Glimmora|Spiky Shield|p1b: Glimmora\n|-singleturn|p1b: Glimmora|move: Protect\n|cant|p2a: Kommo-o|par\n|move|p1a: Whimsicott|Encore|p2b: Dragapult\n|-start|p2b: Dragapult|Encore\n|move|p2b: Dragapult|Sunny Day||[still]\n|-fail|p2b: Dragapult\n|\n|-weather|SunnyDay|[upkeep]\n|-heal|p2a: Kommo-o|77/100 par|[from] item: Leftovers\n|upkeep\n|turn|7\n|\n|t:|1776670069\n|switch|p2b: Talonflame|Talonflame, L50, M|88/100\n|detailschange|p1b: Glimmora|Glimmora-Mega, L50, M\n|-mega|p1b: Glimmora|Glimmora|Glimmoranite\n|move|p1a: Whimsicott|Moonblast|p2a: Kommo-o\n|-supereffective|p2a: Kommo-o|2\n|-damage|p2a: Kommo-o|0 fnt\n|faint|p2a: Kommo-o\n|move|p1b: Glimmora|Power Gem|p2b: Talonflame\n|-supereffective|p2b: Talonflame|2\n|-damage|p2b: Talonflame|0 fnt\n|faint|p2b: Talonflame\n|\n|-weather|SunnyDay|[upkeep]\n|upkeep\n|\n|t:|1776670075\n|switch|p2b: Houndoom|Houndoom, L50, F|100/100\n|switch|p2a: Dragapult|Dragapult, L50, F|40/100 par\n|-ability|p2b: Houndoom|Unnerve\n|-status|p2b: Houndoom|psn\n|turn|8\n|\n|t:|1776670100\n|switch|p1a: Salazzle|Salazzle, L50, F|100/100\n|move|p2b: Houndoom|Protect|p2b: Houndoom\n|-singleturn|p2b: Houndoom|Protect\n|move|p1b: Glimmora|Venoshock|p2b: Houndoom\n|-activate|p2b: Houndoom|move: Protect\n|move|p2a: Dragapult|Light Screen|p2a: Dragapult\n|-sidestart|p2: Cra3K|move: Light Screen\n|\n|-weather|SunnyDay|[upkeep]\n|-damage|p2b: Houndoom|88/100 psn|[from] psn\n|-sideend|p1: kao play game|move: Tailwind\n|upkeep\n|turn|9\n|\n|t:|1776670124\n|detailschange|p2b: Houndoom|Houndoom-Mega, L50, F\n|-mega|p2b: Houndoom|Houndoom|Houndoominite\n|move|p1a: Salazzle|Fake Out|p2b: Houndoom\n|-damage|p2b: Houndoom|79/100 psn\n|move|p1b: Glimmora|Venoshock|p2b: Houndoom\n|-damage|p2b: Houndoom|0 fnt\n|faint|p2b: Houndoom\n|move|p2a: Dragapult|Breaking Swipe|p1b: Glimmora|[spread] p1a,p1b\n|-damage|p1a: Salazzle|73/100\n|-damage|p1b: Glimmora|57/100\n|-unboost|p1a: Salazzle|atk|1\n|-unboost|p1b: Glimmora|atk|1\n|\n|-weather|none\n|upkeep\n|turn|10\n|-message|Cra3K forfeited.\n|\n|win|kao play game\n|raw|kao play game's rating: 1121 &rarr; <strong>1141</strong><br />(+20 for winning)\n|raw|Cra3K's rating: 1056 &rarr; <strong>1041</strong><br />(-15 for losing)\n|l|\u2606Cra3K\n|player|p2|\n",
  "uploadtime": 1776670135,
  "views": 15,
  "formatid": "gen9championsvgc2026regma",
  "rating": 1041,
  "private": 0,
  "password": null
}