{
  "id": "gen9championsvgc2026regma-2588486008",
  "format": "[Gen 9 Champions] VGC 2026 Reg M-A",
  "players": [
    "Rotten_Jack_676",
    "elmassagista"
  ],
  "log": "|j|\u2606Rotten_Jack_676\n|j|\u2606elmassagista\n|t:|1776637835\n|gametype|doubles\n|player|p1|Rotten_Jack_676|n-masters|1128\n|player|p2|elmassagista|cress|1202\n|gen|9\n|tier|[Gen 9 Champions] VGC 2026 Reg M-A\n|rated|\n|rule|Species Clause: Limit one of each Pok\u00e9mon\n|rule|Item Clause: Limit 1 of each item\n|clearpoke\n|poke|p1|Gengar, L50, M, shiny|\n|poke|p1|Zoroark-Hisui, L50, M, shiny|\n|poke|p1|Garchomp, L50, M, shiny|\n|poke|p1|Charizard, L50, M, shiny|\n|poke|p1|Milotic, L50, F, shiny|\n|poke|p1|Meowscarada, L50, M, shiny|\n|poke|p2|Politoed, L50, M|\n|poke|p2|Simipour, L50, M|\n|poke|p2|Gengar, L50, F|\n|poke|p2|Incineroar, L50, M|\n|poke|p2|Kingambit, L50, F|\n|poke|p2|Maushold, L50|\n|teampreview|4\n|\n|t:|1776637868\n|teamsize|p1|4\n|teamsize|p2|4\n|start\n|switch|p1a: Charizard|Charizard, L50, M, shiny|100/100\n|switch|p1b: Garchomp|Garchomp, L50, M, shiny|100/100\n|switch|p2a: Gengar|Gengar, L50, F|100/100\n|switch|p2b: Incineroar|Incineroar, L50, M|100/100\n|-ability|p2b: Incineroar|Intimidate|boost\n|-unboost|p1a: Charizard|atk|1\n|-unboost|p1b: Garchomp|atk|1\n|turn|1\n|\n|t:|1776637888\n|detailschange|p2a: Gengar|Gengar-Mega, L50, F\n|-mega|p2a: Gengar|Gengar|Gengarite\n|detailschange|p1a: Charizard|Charizard-Mega-Y, L50, M, shiny\n|-mega|p1a: Charizard|Charizard|Charizardite Y\n|-weather|SunnyDay|[from] ability: Drought|[of] p1a: Charizard\n|move|p2b: Incineroar|Fake Out|p1b: Garchomp\n|-damage|p1b: Garchomp|91/100\n|-damage|p2b: Incineroar|88/100|[from] ability: Rough Skin|[of] p1b: Garchomp\n|cant|p1b: Garchomp|flinch\n|move|p2a: Gengar|Sludge Bomb|p1a: Charizard\n|-damage|p1a: Charizard|59/100\n|move|p1a: Charizard|Heat Wave|p2b: Incineroar|[spread] p2a,p2b\n|-resisted|p2b: Incineroar|1\n|-damage|p2a: Gengar|19/100\n|-damage|p2b: Incineroar|63/100\n|\n|-weather|SunnyDay|[upkeep]\n|upkeep\n|turn|2\n|\n|t:|1776637946\n|switch|p2a: Politoed|Politoed, L50, M|100/100\n|-weather|RainDance|[from] ability: Drizzle|[of] p2a: Politoed\n|move|p1b: Garchomp|Earthquake|p2b: Incineroar|[spread] p2a,p2b\n|-immune|p1a: Charizard\n|-supereffective|p2b: Incineroar|1\n|-damage|p2a: Politoed|75/100\n|-damage|p2b: Incineroar|19/100\n|-enditem|p2b: Incineroar|Sitrus Berry|[eat]\n|-heal|p2b: Incineroar|44/100|[from] item: Sitrus Berry\n|move|p1a: Charizard|Heat Wave|p2b: Incineroar|[spread] p2a,p2b\n|-resisted|p2a: Politoed|1\n|-resisted|p2b: Incineroar|1\n|-damage|p2a: Politoed|68/100\n|-damage|p2b: Incineroar|35/100\n|move|p2b: Incineroar|Parting Shot|p1a: Charizard\n|-unboost|p1a: Charizard|atk|1\n|-unboost|p1a: Charizard|spa|1\n|\n|t:|1776637962\n|switch|p2b: Gengar|Gengar-Mega, L50, F|19/100|[from] Parting Shot\n|\n|-weather|RainDance|[upkeep]\n|-heal|p2a: Politoed|74/100|[from] item: Leftovers\n|upkeep\n|turn|3\n|\n|t:|1776637986\n|move|p2b: Gengar|Protect|p2b: Gengar\n|-singleturn|p2b: Gengar|Protect\n|move|p1b: Garchomp|Earthquake|p2b: Gengar|[spread] p2a\n|-activate|p2b: Gengar|move: Protect\n|-immune|p1a: Charizard\n|-damage|p2a: Politoed|48/100\n|move|p1a: Charizard|Heat Wave|p2a: Politoed|[spread] p2a\n|-activate|p2b: Gengar|move: Protect\n|-resisted|p2a: Politoed|1\n|-damage|p2a: Politoed|43/100\n|move|p2a: Politoed|Icy Wind|p1a: Charizard|[spread] p1a,p1b\n|-supereffective|p1b: Garchomp|2\n|-damage|p1a: Charizard|51/100\n|-damage|p1b: Garchomp|49/100\n|-unboost|p1a: Charizard|spe|1\n|-unboost|p1b: Garchomp|spe|1\n|\n|-weather|RainDance|[upkeep]\n|-heal|p2a: Politoed|49/100|[from] item: Leftovers\n|upkeep\n|turn|4\n|\n|t:|1776638011\n|move|p1a: Charizard|Protect|p1a: Charizard\n|-singleturn|p1a: Charizard|Protect\n|move|p2b: Gengar|Shadow Ball|p1b: Garchomp\n|-damage|p1b: Garchomp|0 fnt\n|faint|p1b: Garchomp\n|move|p2a: Politoed|Muddy Water|p1a: Charizard\n|-activate|p1a: Charizard|move: Protect\n|\n|-weather|RainDance|[upkeep]\n|-heal|p2a: Politoed|55/100|[from] item: Leftovers\n|upkeep\n|\n|t:|1776638022\n|switch|p1b: Meowscarada|Meowscarada, L50, M, shiny|100/100\n|turn|5\n|\n|t:|1776638055\n|move|p2a: Politoed|Protect|p2a: Politoed\n|-singleturn|p2a: Politoed|Protect\n|move|p2b: Gengar|Sludge Bomb|p1a: Charizard\n|-damage|p1a: Charizard|8/100\n|move|p1b: Meowscarada|Flower Trick|p2a: Politoed\n|-start|p1b: Meowscarada|typechange|Grass|[from] ability: Protean\n|-activate|p2a: Politoed|move: Protect\n|move|p1a: Charizard|Weather Ball|p2a: Politoed\n|-activate|p2a: Politoed|move: Protect\n|\n|-weather|RainDance|[upkeep]\n|-heal|p2a: Politoed|61/100|[from] item: Leftovers\n|upkeep\n|turn|6\n|\n|t:|1776638077\n|move|p2b: Gengar|Sludge Bomb|p1b: Meowscarada\n|-supereffective|p1b: Meowscarada|1\n|-damage|p1b: Meowscarada|0 fnt\n|faint|p1b: Meowscarada\n|move|p2a: Politoed|Muddy Water|p1a: Charizard\n|-supereffective|p1a: Charizard|1\n|-damage|p1a: Charizard|0 fnt\n|faint|p1a: Charizard\n|\n|-weather|none\n|-heal|p2a: Politoed|67/100|[from] item: Leftovers\n|upkeep\n|\n|t:|1776638087\n|switch|p1b: Milotic|Milotic, L50, F, shiny|100/100\n|turn|7\n|\n|t:|1776638096\n|move|p2b: Gengar|Thunder Wave|p1b: Milotic\n|-status|p1b: Milotic|par\n|move|p2a: Politoed|Perish Song|p2a: Politoed\n|-start|p1b: Milotic|perish3|[silent]\n|-start|p2a: Politoed|perish3|[silent]\n|-start|p2b: Gengar|perish3|[silent]\n|-fieldactivate|move: Perish Song\n|move|p1b: Milotic|Icy Wind|p2a: Politoed|[spread] p2a,p2b\n|-resisted|p2a: Politoed|1\n|-damage|p2a: Politoed|63/100\n|-damage|p2b: Gengar|3/100\n|-unboost|p2a: Politoed|spe|1\n|-unboost|p2b: Gengar|spe|1\n|\n|-heal|p2a: Politoed|69/100|[from] item: Leftovers\n|-start|p2b: Gengar|perish3\n|-start|p2a: Politoed|perish3\n|-start|p1b: Milotic|perish3\n|upkeep\n|turn|8\n|\n|t:|1776638113\n|move|p2b: Gengar|Protect|p2b: Gengar\n|-singleturn|p2b: Gengar|Protect\n|move|p2a: Politoed|Protect|p2a: Politoed\n|-singleturn|p2a: Politoed|Protect\n|move|p1b: Milotic|Icy Wind|p2b: Gengar|[spread] \n|-activate|p2a: Politoed|move: Protect\n|-activate|p2b: Gengar|move: Protect\n|\n|-heal|p2a: Politoed|75/100|[from] item: Leftovers\n|-start|p2b: Gengar|perish2\n|-start|p2a: Politoed|perish2\n|-start|p1b: Milotic|perish2\n|upkeep\n|turn|9\n|l|\u2606elmassagista\n|player|p2|\n|j|\u2606elmassagista\n|player|p2|elmassagista|cress|\n|\n|t:|1776638141\n|switch|p2b: Maushold|Maushold, L50|100/100\n|move|p2a: Politoed|Perish Song|p2a: Politoed\n|-start|p2b: Maushold|perish3|[silent]\n|-fieldactivate|move: Perish Song\n|move|p1b: Milotic|Icy Wind|p2b: Maushold|[spread] p2a,p2b\n|-resisted|p2a: Politoed|1\n|-damage|p2a: Politoed|72/100\n|-damage|p2b: Maushold|90/100\n|-unboost|p2a: Politoed|spe|1\n|-unboost|p2b: Maushold|spe|1\n|\n|-heal|p2a: Politoed|78/100|[from] item: Leftovers\n|-start|p2b: Maushold|perish3\n|-start|p1b: Milotic|perish1\n|-start|p2a: Politoed|perish1\n|upkeep\n|turn|10\n|\n|t:|1776638160\n|switch|p2a: Incineroar|Incineroar, L50, M|35/100\n|-ability|p2a: Incineroar|Intimidate|boost\n|-unboost|p1b: Milotic|atk|1\n|-ability|p1b: Milotic|Competitive|boost\n|-boost|p1b: Milotic|spa|2\n|move|p2b: Maushold|Helping Hand|p2a: Incineroar\n|-singleturn|p2a: Incineroar|Helping Hand|[of] p2b: Maushold\n|move|p1b: Milotic|Protect||[still]\n|-fail|p1b: Milotic\n|\n|-start|p2b: Maushold|perish2\n|-start|p1b: Milotic|perish0\n|upkeep\n|faint|p1b: Milotic\n|\n|win|elmassagista\n|raw|Rotten_Jack_676's rating: 1128 &rarr; <strong>1108</strong><br />(-20 for losing)\n|raw|elmassagista's rating: 1202 &rarr; <strong>1222</strong><br />(+20 for winning)\n|l|\u2606Rotten_Jack_676\n|player|p1|\n",
  "uploadtime": 1776638174,
  "views": 16,
  "formatid": "gen9championsvgc2026regma",
  "rating": 1108,
  "private": 0,
  "password": null
}