{
  "id": "gen9championsvgc2026regma-2582975634",
  "format": "[Gen 9 Champions] VGC 2026 Reg M-A",
  "players": [
    "hopoffitt",
    "UnloshTheWash"
  ],
  "log": "|j|\u2606hopoffitt\n|j|\u203dUnloshTheWash\n|t:|1776129995\n|gametype|doubles\n|player|p1|hopoffitt|265|1307\n|player|p2|UnloshTheWash|red|1272\n|gen|9\n|tier|[Gen 9 Champions] VGC 2026 Reg M-A\n|rated|\n|rule|Species Clause: Limit one of each Pok\u00e9mon\n|rule|Item Clause: Limit 1 of each item\n|clearpoke\n|poke|p1|Incineroar, L50, M|\n|poke|p1|Aerodactyl, L50, M|\n|poke|p1|Kingambit, L50, M|\n|poke|p1|Froslass, L50, F|\n|poke|p1|Sneasler, L50, F|\n|poke|p1|Rotom-Wash, L50|\n|poke|p2|Delphox, L50, F|\n|poke|p2|Mamoswine, L50, F|\n|poke|p2|Orthworm, L50, M|\n|poke|p2|Rotom-Wash, L50|\n|poke|p2|Maushold-Four, L50|\n|poke|p2|Sneasler, L50, F|\n|teampreview|4\n|\n|t:|1776130031\n|teamsize|p1|4\n|teamsize|p2|4\n|start\n|switch|p1a: Froslass|Froslass, L50, F|100/100\n|switch|p1b: Incineroar|Incineroar, L50, M|100/100\n|switch|p2a: Rotom|Rotom-Wash, L50|100/100\n|switch|p2b: Sneasler|Sneasler, L50, F|100/100\n|-ability|p1b: Incineroar|Intimidate|boost\n|-unboost|p2a: Rotom|atk|1\n|-unboost|p2b: Sneasler|atk|1\n|-enditem|p2b: Sneasler|White Herb\n|-clearnegativeboost|p2b: Sneasler|[silent]\n|turn|1\n|\n|t:|1776130051\n|detailschange|p1a: Froslass|Froslass-Mega, L50, F\n|-mega|p1a: Froslass|Froslass|Froslassite\n|-weather|Snowscape|[from] ability: Snow Warning|[of] p1a: Froslass\n|move|p2b: Sneasler|Fake Out|p1b: Incineroar\n|-damage|p1b: Incineroar|87/100\n|cant|p1b: Incineroar|flinch\n|move|p2a: Rotom|Hydro Pump|p1b: Incineroar|[miss]\n|-miss|p2a: Rotom|p1b: Incineroar\n|move|p1a: Froslass|Aurora Veil|p1a: Froslass\n|-sidestart|p1: hopoffitt|move: Aurora Veil\n|\n|-weather|Snowscape|[upkeep]\n|upkeep\n|turn|2\n|\n|t:|1776130071\n|switch|p1b: Kingambit|Kingambit, L50, M|100/100\n|move|p2b: Sneasler|Close Combat|p1b: Kingambit\n|-supereffective|p1b: Kingambit|2\n|-damage|p1b: Kingambit|0 fnt\n|-unboost|p2b: Sneasler|def|1\n|-unboost|p2b: Sneasler|spd|1\n|faint|p1b: Kingambit\n|move|p2a: Rotom|Hydro Pump|p1a: Froslass\n|-damage|p1a: Froslass|74/100\n|move|p1a: Froslass|Blizzard|p2a: Rotom|[spread] p2a,p2b\n|-resisted|p2a: Rotom|1\n|-damage|p2a: Rotom|74/100\n|-damage|p2b: Sneasler|9/100\n|\n|-weather|Snowscape|[upkeep]\n|upkeep\n|\n|t:|1776130089\n|switch|p1b: Sneasler|Sneasler, L50, F|100/100\n|turn|3\n|inactive|Battle timer is ON: inactive players will automatically lose when time's up. (requested by hopoffitt)\n|\n|t:|1776130117\n|switch|p2a: Mamoswine|Mamoswine, L50, F|100/100\n|move|p1b: Sneasler|Fake Out|p2a: Mamoswine\n|-damage|p2a: Mamoswine|88/100\n|move|p2b: Sneasler|Close Combat|p1b: Sneasler\n|-resisted|p1b: Sneasler|1\n|-damage|p1b: Sneasler|67/100\n|-unboost|p2b: Sneasler|def|1\n|-unboost|p2b: Sneasler|spd|1\n|move|p1a: Froslass|Shadow Ball|p2a: Mamoswine\n|-damage|p2a: Mamoswine|20/100\n|\n|-weather|Snowscape|[upkeep]\n|upkeep\n|turn|4\n|\n|t:|1776130132\n|move|p1b: Sneasler|Protect|p1b: Sneasler\n|-singleturn|p1b: Sneasler|Protect\n|move|p2a: Mamoswine|Protect|p2a: Mamoswine\n|-singleturn|p2a: Mamoswine|Protect\n|move|p2b: Sneasler|Close Combat|p1b: Sneasler\n|-activate|p1b: Sneasler|move: Protect\n|move|p1a: Froslass|Blizzard|p2b: Sneasler|[spread] p2b\n|-activate|p2a: Mamoswine|move: Protect\n|-damage|p2b: Sneasler|0 fnt\n|faint|p2b: Sneasler\n|\n|-weather|Snowscape|[upkeep]\n|upkeep\n|\n|t:|1776130135\n|switch|p2b: Rotom|Rotom-Wash, L50|74/100\n|turn|5\n|\n|t:|1776130158\n|switch|p1a: Incineroar|Incineroar, L50, M|87/100\n|-ability|p1a: Incineroar|Intimidate|boost\n|-fail|p2a: Mamoswine|unboost|Attack|[from] ability: Oblivious|[of] p2a: Mamoswine\n|-unboost|p2b: Rotom|atk|1\n|move|p2b: Rotom|Electroweb|p1a: Incineroar|[spread] p1a,p1b\n|-damage|p1a: Incineroar|77/100\n|-damage|p1b: Sneasler|53/100\n|-unboost|p1a: Incineroar|spe|1\n|-unboost|p1b: Sneasler|spe|1\n|-enditem|p1b: Sneasler|White Herb\n|-clearnegativeboost|p1b: Sneasler|[silent]\n|move|p1b: Sneasler|Close Combat|p2b: Rotom\n|-damage|p2b: Rotom|3/100\n|-unboost|p1b: Sneasler|def|1\n|-unboost|p1b: Sneasler|spd|1\n|move|p2a: Mamoswine|Earthquake|p1b: Sneasler|[spread] p1a,p1b\n|-immune|p2b: Rotom|[from] ability: Levitate\n|-supereffective|p1a: Incineroar|1\n|-crit|p1a: Incineroar\n|-supereffective|p1b: Sneasler|1\n|-damage|p1a: Incineroar|0 fnt\n|-damage|p1b: Sneasler|0 fnt\n|faint|p1a: Incineroar\n|faint|p1b: Sneasler\n|\n|-weather|none\n|-sideend|p1: hopoffitt|move: Aurora Veil\n|upkeep\n|\n|t:|1776130177\n|switch|p1a: Froslass|Froslass-Mega, L50, F|74/100\n|-weather|Snowscape|[from] ability: Snow Warning|[of] p1a: Froslass\n|turn|6\n|\n|t:|1776130192\n|move|p2b: Rotom|Electroweb|p1a: Froslass\n|-damage|p1a: Froslass|50/100\n|-unboost|p1a: Froslass|spe|1\n|move|p2a: Mamoswine|Earthquake|p1a: Froslass|[spread] p1a\n|-immune|p2b: Rotom|[from] ability: Levitate\n|-damage|p1a: Froslass|9/100\n|move|p1a: Froslass|Aurora Veil|p1a: Froslass\n|-sidestart|p1: hopoffitt|move: Aurora Veil\n|\n|-weather|Snowscape|[upkeep]\n|upkeep\n|turn|7\n|\n|t:|1776130202\n|move|p2a: Mamoswine|Ice Shard|p1a: Froslass\n|-resisted|p1a: Froslass|1\n|-damage|p1a: Froslass|2/100\n|move|p2b: Rotom|Electroweb|p1a: Froslass|[miss]\n|-miss|p2b: Rotom|p1a: Froslass\n|move|p1a: Froslass|Blizzard|p2b: Rotom|[spread] p2a,p2b\n|-resisted|p2b: Rotom|1\n|-damage|p2a: Mamoswine|0 fnt\n|-damage|p2b: Rotom|0 fnt\n|faint|p2a: Mamoswine\n|faint|p2b: Rotom\n|\n|-weather|Snowscape|[upkeep]\n|upkeep\n|\n|t:|1776130205\n|switch|p2b: Delphox|Delphox, L50, F|100/100\n|turn|8\n|\n|t:|1776130219\n|detailschange|p2b: Delphox|Delphox-Mega, L50, F\n|-mega|p2b: Delphox|Delphox|Delphoxite\n|move|p1a: Froslass|Protect|p1a: Froslass\n|-singleturn|p1a: Froslass|Protect\n|move|p2b: Delphox|Psychic|p1a: Froslass\n|-activate|p1a: Froslass|move: Protect\n|\n|-weather|Snowscape|[upkeep]\n|upkeep\n|turn|9\n|\n|t:|1776130228\n|move|p2b: Delphox|Psychic|p1a: Froslass\n|-damage|p1a: Froslass|0 fnt\n|faint|p1a: Froslass\n|\n|win|UnloshTheWash\n|raw|hopoffitt's rating: 1307 &rarr; <strong>1285</strong><br />(-22 for losing)\n|raw|UnloshTheWash's rating: 1272 &rarr; <strong>1300</strong><br />(+28 for winning)\n|l|\u2606hopoffitt\n|player|p1|\n",
  "uploadtime": 1776130240,
  "views": 19,
  "formatid": "gen9championsvgc2026regma",
  "rating": 1285,
  "private": 0,
  "password": null
}