{
  "id": "gen9championsvgc2026regma-2582453961",
  "format": "[Gen 9 Champions] VGC 2026 Reg M-A",
  "players": [
    "ernozo",
    "porygon-epilepz"
  ],
  "log": "|j|\u2606ernozo\n|j|\u2606porygon-epilepz\n|t:|1776092720\n|gametype|doubles\n|player|p1|ernozo|266|1129\n|player|p2|porygon-epilepz|hiker-gen4|1108\n|gen|9\n|tier|[Gen 9 Champions] VGC 2026 Reg M-A\n|rated|\n|rule|Species Clause: Limit one of each Pok\u00e9mon\n|rule|Item Clause: Limit 1 of each item\n|clearpoke\n|poke|p1|Chandelure, L50, M|\n|poke|p1|Orthworm, L50, F|\n|poke|p1|Whimsicott, L50, M|\n|poke|p1|Ninetales, L50, M|\n|poke|p1|Leafeon, L50, F|\n|poke|p1|Basculegion, L50, M|\n|poke|p2|Kommo-o, L50, F|\n|poke|p2|Incineroar, L50, M|\n|poke|p2|Glimmora, L50, M|\n|poke|p2|Sinistcha, L50|\n|poke|p2|Talonflame, L50, M|\n|poke|p2|Palafin, L50, F|\n|teampreview|4\n|\n|t:|1776092741\n|teamsize|p1|4\n|teamsize|p2|4\n|start\n|switch|p1a: Orthworm|Orthworm, L50, F|100/100\n|switch|p1b: Whimsicott|Whimsicott, L50, M|100/100\n|switch|p2a: Incineroar|Incineroar, L50, M|100/100\n|switch|p2b: Kommo-o|Kommo-o, L50, F|100/100\n|-ability|p2a: Incineroar|Intimidate|boost\n|-unboost|p1a: Orthworm|atk|1\n|-unboost|p1b: Whimsicott|atk|1\n|turn|1\n|\n|t:|1776092755\n|move|p2a: Incineroar|Fake Out|p1b: Whimsicott\n|-damage|p1b: Whimsicott|88/100\n|cant|p1b: Whimsicott|flinch\n|move|p2b: Kommo-o|Clangorous Soul|p2b: Kommo-o\n|-boost|p2b: Kommo-o|atk|1\n|-boost|p2b: Kommo-o|def|1\n|-boost|p2b: Kommo-o|spa|1\n|-boost|p2b: Kommo-o|spd|1\n|-boost|p2b: Kommo-o|spe|1\n|-damage|p2b: Kommo-o|68/100\n|move|p1a: Orthworm|Shed Tail|p1a: Orthworm\n|-start|p1a: Orthworm|Substitute|[from] move: Shed Tail\n|-damage|p1a: Orthworm|50/100\n|-enditem|p1a: Orthworm|Sitrus Berry|[eat]\n|-heal|p1a: Orthworm|75/100|[from] item: Sitrus Berry\n|\n|t:|1776092764\n|switch|p1a: Basculegion|Basculegion, L50, M|100/100|[from] Shed Tail\n|\n|-heal|p2b: Kommo-o|74/100|[from] item: Leftovers\n|upkeep\n|turn|2\n|\n|t:|1776092771\n|move|p2b: Kommo-o|Protect|p2b: Kommo-o\n|-singleturn|p2b: Kommo-o|Protect\n|move|p1b: Whimsicott|Encore|p2b: Kommo-o\n|-activate|p2b: Kommo-o|move: Protect\n|move|p1a: Basculegion|Wave Crash|p2a: Incineroar\n|-supereffective|p2a: Incineroar|1\n|-damage|p2a: Incineroar|0 fnt\n|faint|p2a: Incineroar\n|-damage|p1a: Basculegion|67/100|[from] Recoil\n|\n|-heal|p2b: Kommo-o|80/100|[from] item: Leftovers\n|upkeep\n|\n|t:|1776092778\n|switch|p2a: Sinistcha|Sinistcha, L50|100/100\n|-heal|p2b: Kommo-o|100/100|[from] ability: Hospitality|[of] p2a: Sinistcha\n|turn|3\n|\n|t:|1776092789\n|move|p2a: Sinistcha|Rage Powder|p2a: Sinistcha\n|-singleturn|p2a: Sinistcha|move: Rage Powder\n|move|p1a: Basculegion|Wave Crash|p2a: Sinistcha\n|-resisted|p2a: Sinistcha|1\n|-damage|p2a: Sinistcha|68/100\n|-damage|p1a: Basculegion|57/100|[from] Recoil\n|move|p2b: Kommo-o|Clanging Scales|p1b: Whimsicott|[spread] p1a\n|-immune|p1b: Whimsicott\n|-damage|p1a: Basculegion|0 fnt\n|faint|p1a: Basculegion\n|-unboost|p2b: Kommo-o|def|1\n|move|p1b: Whimsicott|Moonblast|p2b: Kommo-o\n|-supereffective|p2b: Kommo-o|2\n|-damage|p2b: Kommo-o|32/100\n|\n|-heal|p2b: Kommo-o|39/100|[from] item: Leftovers\n|upkeep\n|\n|t:|1776092808\n|switch|p1a: Orthworm|Orthworm, L50, F|75/100\n|turn|4\n|\n|t:|1776092820\n|move|p2b: Kommo-o|Aura Sphere|p1a: Orthworm\n|-supereffective|p1a: Orthworm|1\n|-damage|p1a: Orthworm|0 fnt\n|faint|p1a: Orthworm\n|move|p1b: Whimsicott|Moonblast|p2b: Kommo-o\n|-supereffective|p2b: Kommo-o|2\n|-damage|p2b: Kommo-o|0 fnt\n|faint|p2b: Kommo-o\n|move|p2a: Sinistcha|Matcha Gotcha|p1b: Whimsicott\n|-resisted|p1b: Whimsicott|1\n|-damage|p1b: Whimsicott|62/100\n|-heal|p2a: Sinistcha|79/100|[from] drain|[of] p1b: Whimsicott\n|\n|upkeep\n|\n|t:|1776092827\n|switch|p2b: Glimmora|Glimmora, L50, M|100/100\n|switch|p1a: Chandelure|Chandelure, L50, M|100/100\n|turn|5\n|\n|t:|1776092842\n|detailschange|p2b: Glimmora|Glimmora-Mega, L50, M\n|-mega|p2b: Glimmora|Glimmora|Glimmoranite\n|detailschange|p1a: Chandelure|Chandelure-Mega, L50, M\n|-mega|p1a: Chandelure|Chandelure|Chandelurite\n|move|p1a: Chandelure|Protect|p1a: Chandelure\n|-singleturn|p1a: Chandelure|Protect\n|move|p1b: Whimsicott|Tailwind|p1b: Whimsicott\n|-sidestart|p1: ernozo|move: Tailwind\n|move|p2b: Glimmora|Power Gem|p1a: Chandelure\n|-activate|p1a: Chandelure|move: Protect\n|move|p2a: Sinistcha|Life Dew||[still]|[spread] p2a,p2b\n|-heal|p2a: Sinistcha|100/100\n|-fail|p2b: Glimmora|heal\n|\n|upkeep\n|turn|6\n|\n|t:|1776092861\n|move|p2a: Sinistcha|Rage Powder|p2a: Sinistcha\n|-singleturn|p2a: Sinistcha|move: Rage Powder\n|move|p1b: Whimsicott|Moonblast|p2b: Glimmora\n|-resisted|p2b: Glimmora|1\n|-damage|p2b: Glimmora|87/100\n|move|p1a: Chandelure|Shadow Ball|p2a: Sinistcha\n|-supereffective|p2a: Sinistcha|1\n|-damage|p2a: Sinistcha|5/100\n|-unboost|p2a: Sinistcha|spd|1\n|move|p2b: Glimmora|Power Gem|p1a: Chandelure\n|-supereffective|p1a: Chandelure|1\n|-damage|p1a: Chandelure|0 fnt\n|faint|p1a: Chandelure\n|\n|upkeep\n|turn|7\n|-message|ernozo forfeited.\n|\n|win|porygon-epilepz\n|raw|ernozo's rating: 1129 &rarr; <strong>1102</strong><br />(-27 for losing)\n|raw|porygon-epilepz's rating: 1108 &rarr; <strong>1135</strong><br />(+27 for winning)\n",
  "uploadtime": 1776092723,
  "views": 20,
  "formatid": "gen9championsvgc2026regma",
  "rating": 1102,
  "private": 0,
  "password": null
}