{
  "id": "gen9championsvgc2026regma-2587963694",
  "format": "[Gen 9 Champions] VGC 2026 Reg M-A",
  "players": [
    "wzzlr",
    "Hao_poke"
  ],
  "log": "|j|\u2606wzzlr\n|j|\u2606Hao_poke\n|t:|1776585613\n|gametype|doubles\n|player|p1|wzzlr|rancher|1399\n|player|p2|Hao_poke|101|1379\n|gen|9\n|tier|[Gen 9 Champions] VGC 2026 Reg M-A\n|rated|\n|rule|Species Clause: Limit one of each Pok\u00e9mon\n|rule|Item Clause: Limit 1 of each item\n|clearpoke\n|poke|p1|Sinistcha, L50|\n|poke|p1|Clefable, L50, F|\n|poke|p1|Tyranitar, L50, M|\n|poke|p1|Kommo-o, L50, M|\n|poke|p1|Farigiraf, L50, F, shiny|\n|poke|p1|Steelix, L50, M, shiny|\n|poke|p2|Tyranitar, L50, F|\n|poke|p2|Excadrill, L50, M|\n|poke|p2|Aerodactyl, L50, M|\n|poke|p2|Sneasler, L50, F|\n|poke|p2|Kingambit, L50, F|\n|poke|p2|Rotom-Wash, L50|\n|teampreview|4\n|inactive|Battle timer is ON: inactive players will automatically lose when time's up. (requested by wzzlr)\n|inactive|Hao_poke has 60 seconds left.\n|\n|t:|1776585650\n|teamsize|p1|4\n|teamsize|p2|4\n|start\n|switch|p1a: Kommo-o|Kommo-o, L50, M|100/100\n|switch|p1b: Sinistcha|Sinistcha, L50|100/100\n|switch|p2a: Kingambit|Kingambit, L50, F|100/100\n|switch|p2b: Aerodactyl|Aerodactyl, L50, M|100/100\n|-ability|p2b: Aerodactyl|Unnerve\n|turn|1\n|\n|t:|1776585667\n|detailschange|p2b: Aerodactyl|Aerodactyl-Mega, L50, M\n|-mega|p2b: Aerodactyl|Aerodactyl|Aerodactylite\n|move|p1b: Sinistcha|Protect|p1b: Sinistcha\n|-singleturn|p1b: Sinistcha|Protect\n|move|p2b: Aerodactyl|Tailwind|p2b: Aerodactyl\n|-sidestart|p2: Hao_poke|move: Tailwind\n|move|p2a: Kingambit|Kowtow Cleave|p1b: Sinistcha\n|-activate|p1b: Sinistcha|move: Protect\n|move|p1a: Kommo-o|Clangorous Soul|p1a: Kommo-o\n|-boost|p1a: Kommo-o|atk|1\n|-boost|p1a: Kommo-o|def|1\n|-boost|p1a: Kommo-o|spa|1\n|-boost|p1a: Kommo-o|spd|1\n|-boost|p1a: Kommo-o|spe|1\n|-damage|p1a: Kommo-o|68/100\n|\n|-heal|p1a: Kommo-o|74/100|[from] item: Leftovers\n|upkeep\n|turn|2\n|\n|t:|1776585681\n|move|p2b: Aerodactyl|Dual Wingbeat|p1a: Kommo-o\n|-supereffective|p1a: Kommo-o|1\n|-damage|p1a: Kommo-o|44/100\n|-supereffective|p1a: Kommo-o|1\n|-damage|p1a: Kommo-o|11/100\n|-hitcount|p1a: Kommo-o|2\n|move|p1a: Kommo-o|Aura Sphere|p2a: Kingambit\n|-supereffective|p2a: Kingambit|2\n|-enditem|p2a: Kingambit|Chople Berry|[eat]\n|-enditem|p2a: Kingambit|Chople Berry|[weaken]\n|-damage|p2a: Kingambit|0 fnt\n|faint|p2a: Kingambit\n|move|p1b: Sinistcha|Trick Room|p1b: Sinistcha\n|-fieldstart|move: Trick Room|[of] p1b: Sinistcha\n|\n|-heal|p1a: Kommo-o|17/100|[from] item: Leftovers\n|upkeep\n|\n|t:|1776585693\n|switch|p2a: Rotom|Rotom-Wash, L50|100/100\n|turn|3\n|\n|t:|1776585706\n|move|p2b: Aerodactyl|Protect|p2b: Aerodactyl\n|-singleturn|p2b: Aerodactyl|Protect\n|move|p1b: Sinistcha|Matcha Gotcha|p2b: Aerodactyl|[spread] p2a\n|-activate|p2b: Aerodactyl|move: Protect\n|-supereffective|p2a: Rotom|1\n|-damage|p2a: Rotom|53/100\n|move|p1a: Kommo-o|Clanging Scales|p2a: Rotom|[spread] p2a\n|-activate|p2b: Aerodactyl|move: Protect\n|-damage|p2a: Rotom|0 fnt\n|faint|p2a: Rotom\n|-unboost|p1a: Kommo-o|def|1\n|\n|-heal|p1a: Kommo-o|23/100|[from] item: Leftovers\n|upkeep\n|inactive|Hao_poke has 30 seconds left.\n|\n|t:|1776585739\n|switch|p2a: Sneasler|Sneasler, L50, F|100/100\n|turn|4\n|\n|t:|1776585753\n|move|p1b: Sinistcha|Protect|p1b: Sinistcha\n|-singleturn|p1b: Sinistcha|Protect\n|move|p1a: Kommo-o|Protect|p1a: Kommo-o\n|-singleturn|p1a: Kommo-o|Protect\n|move|p2a: Sneasler|Fake Out|p1a: Kommo-o\n|-activate|p1a: Kommo-o|move: Protect\n|move|p2b: Aerodactyl|Dual Wingbeat|p1b: Sinistcha\n|-activate|p1b: Sinistcha|move: Protect\n|\n|-heal|p1a: Kommo-o|29/100|[from] item: Leftovers\n|-sideend|p2: Hao_poke|move: Tailwind\n|upkeep\n|turn|5\n|\n|t:|1776585770\n|move|p2a: Sneasler|Protect|p2a: Sneasler\n|-singleturn|p2a: Sneasler|Protect\n|move|p2b: Aerodactyl|Protect|p2b: Aerodactyl\n|-singleturn|p2b: Aerodactyl|Protect\n|move|p1b: Sinistcha|Rage Powder|p1b: Sinistcha\n|-singleturn|p1b: Sinistcha|move: Rage Powder\n|move|p1a: Kommo-o|Clanging Scales|p2b: Aerodactyl|[spread] \n|-activate|p2a: Sneasler|move: Protect\n|-activate|p2b: Aerodactyl|move: Protect\n|\n|-heal|p1a: Kommo-o|35/100|[from] item: Leftovers\n|upkeep\n|turn|6\n|\n|t:|1776585774\n|move|p2a: Sneasler|Protect||[still]\n|-fail|p2a: Sneasler\n|move|p2b: Aerodactyl|Protect||[still]\n|-fail|p2b: Aerodactyl\n|move|p1b: Sinistcha|Rage Powder|p1b: Sinistcha\n|-singleturn|p1b: Sinistcha|move: Rage Powder\n|move|p1a: Kommo-o|Clanging Scales|p2a: Sneasler|[spread] p2a,p2b\n|-damage|p2a: Sneasler|11/100\n|-damage|p2b: Aerodactyl|34/100\n|-unboost|p1a: Kommo-o|def|1\n|\n|-heal|p1a: Kommo-o|41/100|[from] item: Leftovers\n|-fieldend|move: Trick Room\n|upkeep\n|turn|7\n|\n|t:|1776585787\n|move|p2b: Aerodactyl|Rock Slide|p1b: Sinistcha|[spread] p1b\n|-miss|p2b: Aerodactyl|p1a: Kommo-o\n|-damage|p1b: Sinistcha|70/100\n|move|p2a: Sneasler|Dire Claw|p1b: Sinistcha\n|-damage|p1b: Sinistcha|30/100\n|-status|p1b: Sinistcha|par\n|move|p1a: Kommo-o|Clanging Scales|p2a: Sneasler|[spread] p2a,p2b\n|-damage|p2a: Sneasler|0 fnt\n|-damage|p2b: Aerodactyl|0 fnt\n|faint|p2a: Sneasler\n|faint|p2b: Aerodactyl\n|\n|win|wzzlr\n|raw|wzzlr's rating: 1399 &rarr; <strong>1418</strong><br />(+19 for winning)\n|raw|Hao_poke's rating: 1379 &rarr; <strong>1360</strong><br />(-19 for losing)\n",
  "uploadtime": 1776585795,
  "views": 17,
  "formatid": "gen9championsvgc2026regma",
  "rating": 1360,
  "private": 0,
  "password": null
}