{
  "id": "gen9championsvgc2026regma-2586533690",
  "format": "[Gen 9 Champions] VGC 2026 Reg M-A",
  "players": [
    "KaFe-03",
    "day14"
  ],
  "log": "|j|\u2606KaFe-03\n|j|\u2606day14\n|t:|1776441246\n|gametype|doubles\n|player|p1|KaFe-03|crispin|1113\n|player|p2|day14|psychic-gen4|1165\n|gen|9\n|tier|[Gen 9 Champions] VGC 2026 Reg M-A\n|rated|\n|rule|Species Clause: Limit one of each Pok\u00e9mon\n|rule|Item Clause: Limit 1 of each item\n|clearpoke\n|poke|p1|Archaludon, L50, F|\n|poke|p1|Pelipper, L50, M|\n|poke|p1|Sinistcha-Masterpiece, L50|\n|poke|p1|Sneasler, L50, F|\n|poke|p1|Dragonite, L50, F|\n|poke|p1|Basculegion, L50, M|\n|poke|p2|Charizard, L50, F|\n|poke|p2|Venusaur, L50, M|\n|poke|p2|Incineroar, L50, F|\n|poke|p2|Milotic, L50, M|\n|poke|p2|Sneasler, L50, M|\n|poke|p2|Aerodactyl, L50, F|\n|teampreview|4\n|inactive|Battle timer is ON: inactive players will automatically lose when time's up. (requested by KaFe-03)\n|inactive|KaFe-03 has 60 seconds left.\n|inactive|day14 has 60 seconds left.\n|\n|t:|1776441289\n|teamsize|p1|4\n|teamsize|p2|4\n|start\n|switch|p1a: Sneasler|Sneasler, L50, F|100/100\n|switch|p1b: Dragonite|Dragonite, L50, F|100/100\n|switch|p2a: Charizard|Charizard, L50, F|100/100\n|switch|p2b: Milotic|Milotic, L50, M|100/100\n|turn|1\n|inactive|KaFe-03 has 30 seconds left.\n|\n|t:|1776441317\n|detailschange|p2a: Charizard|Charizard-Mega-Y, L50, F\n|-mega|p2a: Charizard|Charizard|Charizardite Y\n|-weather|SunnyDay|[from] ability: Drought|[of] p2a: Charizard\n|detailschange|p1b: Dragonite|Dragonite-Mega, L50, F\n|-mega|p1b: Dragonite|Dragonite|Dragoninite\n|move|p1a: Sneasler|Fake Out|p2b: Milotic\n|-damage|p2b: Milotic|83/100\n|move|p2a: Charizard|Heat Wave|p1b: Dragonite|[spread] p1a,p1b\n|-resisted|p1b: Dragonite|1\n|-damage|p1a: Sneasler|15/100\n|-damage|p1b: Dragonite|86/100\n|move|p1b: Dragonite|Tailwind|p1b: Dragonite\n|-sidestart|p1: KaFe-03|move: Tailwind\n|cant|p2b: Milotic|flinch\n|\n|-weather|SunnyDay|[upkeep]\n|-heal|p2b: Milotic|89/100|[from] item: Leftovers\n|upkeep\n|turn|2\n|inactive|KaFe-03 has 30 seconds left.\n|\n|t:|1776441349\n|switch|p1a: Pelipper|Pelipper, L50, M|100/100\n|-weather|RainDance|[from] ability: Drizzle|[of] p1a: Pelipper\n|move|p1b: Dragonite|Protect|p1b: Dragonite\n|-singleturn|p1b: Dragonite|Protect\n|move|p2a: Charizard|Dragon Pulse|p1b: Dragonite\n|-activate|p1b: Dragonite|move: Protect\n|move|p2b: Milotic|Ice Beam|p1b: Dragonite\n|-activate|p1b: Dragonite|move: Protect\n|\n|-weather|RainDance|[upkeep]\n|-heal|p2b: Milotic|95/100|[from] item: Leftovers\n|upkeep\n|turn|3\n|inactive|KaFe-03 has 30 seconds left.\n|inactive|KaFe-03 has 20 seconds left.\n|inactive|KaFe-03 has 15 seconds left.\n|inactive|KaFe-03 has 10 seconds left.\n|\n|t:|1776441396\n|switch|p2a: Aerodactyl|Aerodactyl, L50, F|100/100\n|-ability|p2a: Aerodactyl|Unnerve\n|move|p1b: Dragonite|Hurricane|p2a: Aerodactyl\n|-resisted|p2a: Aerodactyl|1\n|-damage|p2a: Aerodactyl|55/100\n|move|p1a: Pelipper|Hurricane|p2b: Milotic\n|-damage|p2b: Milotic|55/100\n|-start|p2b: Milotic|confusion\n|-activate|p2b: Milotic|confusion\n|-damage|p2b: Milotic|49/100|[from] confusion\n|\n|-weather|RainDance|[upkeep]\n|-heal|p2b: Milotic|55/100|[from] item: Leftovers\n|upkeep\n|turn|4\n|inactive|KaFe-03 has 30 seconds left.\n|\n|t:|1776441424\n|move|p2a: Aerodactyl|Protect|p2a: Aerodactyl\n|-singleturn|p2a: Aerodactyl|Protect\n|-activate|p2b: Milotic|confusion\n|move|p2b: Milotic|Protect|p2b: Milotic\n|-singleturn|p2b: Milotic|Protect\n|move|p1b: Dragonite|Hurricane|p2b: Milotic\n|-activate|p2b: Milotic|move: Protect\n|move|p1a: Pelipper|Weather Ball|p2a: Aerodactyl\n|-activate|p2a: Aerodactyl|move: Protect\n|\n|-weather|RainDance|[upkeep]\n|-heal|p2b: Milotic|61/100|[from] item: Leftovers\n|-sideend|p1: KaFe-03|move: Tailwind\n|upkeep\n|turn|5\n|\n|t:|1776441438\n|move|p2a: Aerodactyl|Tailwind|p2a: Aerodactyl\n|-sidestart|p2: day14|move: Tailwind\n|-end|p2b: Milotic|confusion\n|move|p2b: Milotic|Icy Wind|p1b: Dragonite|[spread] p1a\n|-miss|p2b: Milotic|p1b: Dragonite\n|-damage|p1a: Pelipper|79/100\n|-unboost|p1a: Pelipper|spe|1\n|move|p1b: Dragonite|Hurricane|p2b: Milotic\n|-damage|p2b: Milotic|7/100\n|move|p1a: Pelipper|Weather Ball|p2a: Aerodactyl\n|-supereffective|p2a: Aerodactyl|1\n|-damage|p2a: Aerodactyl|0 fnt\n|faint|p2a: Aerodactyl\n|\n|-weather|RainDance|[upkeep]\n|-heal|p2b: Milotic|13/100|[from] item: Leftovers\n|upkeep\n|\n|t:|1776441444\n|switch|p2a: Charizard|Charizard-Mega-Y, L50, F|100/100\n|-weather|SunnyDay|[from] ability: Drought|[of] p2a: Charizard\n|turn|6\n|\n|t:|1776441462\n|switch|p1a: Sneasler|Sneasler, L50, F|15/100\n|move|p1b: Dragonite|Protect|p1b: Dragonite\n|-singleturn|p1b: Dragonite|Protect\n|move|p2a: Charizard|Dragon Pulse|p1b: Dragonite\n|-activate|p1b: Dragonite|move: Protect\n|move|p2b: Milotic|Ice Beam|p1a: Sneasler\n|-damage|p1a: Sneasler|0 fnt\n|faint|p1a: Sneasler\n|\n|-weather|SunnyDay|[upkeep]\n|-heal|p2b: Milotic|19/100|[from] item: Leftovers\n|upkeep\n|\n|t:|1776441474\n|switch|p1a: Pelipper|Pelipper, L50, M|79/100\n|-weather|RainDance|[from] ability: Drizzle|[of] p1a: Pelipper\n|turn|7\n|\n|t:|1776441496\n|move|p2a: Charizard|Dragon Pulse|p1b: Dragonite\n|-supereffective|p1b: Dragonite|1\n|-damage|p1b: Dragonite|21/100\n|move|p2b: Milotic|Icy Wind|p1b: Dragonite|[spread] p1a,p1b\n|-supereffective|p1b: Dragonite|2\n|-damage|p1a: Pelipper|55/100\n|-damage|p1b: Dragonite|0 fnt\n|-unboost|p1a: Pelipper|spe|1\n|faint|p1b: Dragonite\n|move|p1a: Pelipper|Weather Ball|p2a: Charizard\n|-supereffective|p2a: Charizard|1\n|-damage|p2a: Charizard|0 fnt\n|faint|p2a: Charizard\n|\n|-weather|RainDance|[upkeep]\n|-heal|p2b: Milotic|25/100|[from] item: Leftovers\n|upkeep\n|\n|t:|1776441501\n|switch|p2a: Sneasler|Sneasler, L50, M|100/100\n|switch|p1b: Basculegion|Basculegion, L50, M|100/100\n|turn|8\n|inactive|KaFe-03 has 30 seconds left.\n|inactive|day14 has 30 seconds left.\n|inactive|KaFe-03 has 20 seconds left.\n|inactive|KaFe-03 has 15 seconds left.\n|inactive|day14 has 20 seconds left.\n|\n|t:|1776441547\n|move|p1a: Pelipper|Protect|p1a: Pelipper\n|-singleturn|p1a: Pelipper|Protect\n|move|p2a: Sneasler|Dire Claw|p1a: Pelipper\n|-activate|p1a: Pelipper|move: Protect\n|move|p1b: Basculegion|Last Respects|p2b: Milotic\n|-damage|p2b: Milotic|0 fnt\n|faint|p2b: Milotic\n|\n|-weather|RainDance|[upkeep]\n|-sideend|p2: day14|move: Tailwind\n|upkeep\n|turn|9\n|-message|day14 forfeited.\n|\n|win|KaFe-03\n|raw|KaFe-03's rating: 1113 &rarr; <strong>1142</strong><br />(+29 for winning)\n|raw|day14's rating: 1165 &rarr; <strong>1136</strong><br />(-29 for losing)\n|l|\u2606day14\n|player|p2|\n",
  "uploadtime": 1776441561,
  "views": 21,
  "formatid": "gen9championsvgc2026regma",
  "rating": 1136,
  "private": 0,
  "password": null
}