{
  "id": "gen9championsvgc2026regma-2587469477",
  "format": "[Gen 9 Champions] VGC 2026 Reg M-A",
  "players": [
    "Giblish",
    "hemega"
  ],
  "log": "|j|\u2606Giblish\n|j|\u2606hemega\n|t:|1776534462\n|gametype|doubles\n|player|p1|Giblish|102|1000\n|player|p2|hemega|266|1000\n|gen|9\n|tier|[Gen 9 Champions] VGC 2026 Reg M-A\n|rated|\n|rule|Species Clause: Limit one of each Pok\u00e9mon\n|rule|Item Clause: Limit 1 of each item\n|clearpoke\n|poke|p1|Sableye, L50, M|\n|poke|p1|Venusaur, L50, F|\n|poke|p1|Garchomp, L50, M|\n|poke|p1|Gengar, L50, M|\n|poke|p1|Oranguru, L50, M|\n|poke|p1|Garganacl, L50, M|\n|poke|p2|Glalie, L50, M|\n|poke|p2|Klefki, L50, M|\n|poke|p2|Snorlax, L50, M|\n|poke|p2|Talonflame, L50, M|\n|poke|p2|Sinistcha, L50|\n|poke|p2|Basculegion, L50, M|\n|teampreview|4\n|inactive|Battle timer is ON: inactive players will automatically lose when time's up. (requested by hemega)\n|\n|t:|1776534489\n|teamsize|p1|4\n|teamsize|p2|4\n|start\n|switch|p1a: Sableye|Sableye, L50, M|100/100\n|switch|p1b: Gengar|Gengar, L50, M|100/100\n|switch|p2a: Glalie|Glalie, L50, M|100/100\n|switch|p2b: Talonflame|Talonflame, L50, M|100/100\n|turn|1\n|\n|t:|1776534510\n|detailschange|p1b: Gengar|Gengar-Mega, L50, M\n|-mega|p1b: Gengar|Gengar|Gengarite\n|move|p2a: Glalie|Protect|p2a: Glalie\n|-singleturn|p2a: Glalie|Protect\n|move|p2b: Talonflame|Tailwind|p2b: Talonflame\n|-sidestart|p2: hemega|move: Tailwind\n|move|p1a: Sableye|Gravity|p1a: Sableye\n|-fieldstart|move: Gravity\n|move|p1b: Gengar|Focus Blast|p2a: Glalie\n|-activate|p2a: Glalie|move: Protect\n|\n|upkeep\n|turn|2\n|\n|t:|1776534533\n|detailschange|p2a: Glalie|Glalie-Mega, L50, M\n|-mega|p2a: Glalie|Glalie|Glalitite\n|move|p2b: Talonflame|Protect|p2b: Talonflame\n|-singleturn|p2b: Talonflame|Protect\n|move|p1a: Sableye|Encore|p2a: Glalie\n|-start|p2a: Glalie|Encore\n|move|p2a: Glalie|Protect|p2a: Glalie\n|-singleturn|p2a: Glalie|Protect\n|move|p1b: Gengar|Thunder|p2b: Talonflame\n|-activate|p2b: Talonflame|move: Protect\n|\n|upkeep\n|turn|3\n|inactive|hemega has 30 seconds left.\n|inactive|hemega has 20 seconds left.\n|\n|t:|1776534568\n|move|p2a: Glalie|Protect||[still]\n|-fail|p2a: Glalie\n|move|p2b: Talonflame|Acrobatics|p1b: Gengar\n|-crit|p1b: Gengar\n|-damage|p1b: Gengar|16/100\n|move|p1a: Sableye|Encore|p2b: Talonflame\n|-start|p2b: Talonflame|Encore\n|move|p1b: Gengar|Focus Blast|p2a: Glalie\n|-supereffective|p2a: Glalie|1\n|-damage|p2a: Glalie|0 fnt\n|faint|p2a: Glalie\n|\n|upkeep\n|\n|t:|1776534580\n|switch|p2a: Basculegion|Basculegion, L50, M|100/100\n|turn|4\n|\n|t:|1776534591\n|switch|p1b: Garchomp|Garchomp, L50, M|100/100\n|move|p2b: Talonflame|Acrobatics|p1a: Sableye\n|-damage|p1a: Sableye|54/100\n|move|p2a: Basculegion|Aqua Jet|p1b: Garchomp\n|-damage|p1b: Garchomp|69/100\n|-damage|p2a: Basculegion|88/100|[from] ability: Rough Skin|[of] p1b: Garchomp\n|move|p1a: Sableye|Disable|p2b: Talonflame\n|-start|p2b: Talonflame|Disable|Acrobatics\n|\n|-sideend|p2: hemega|move: Tailwind\n|upkeep\n|turn|5\n|inactive|hemega has 30 seconds left.\n|\n|t:|1776534617\n|switch|p2b: Klefki|Klefki, L50, M|100/100\n|move|p1b: Garchomp|Stone Edge|p2a: Basculegion\n|-crit|p2a: Basculegion\n|-damage|p2a: Basculegion|23/100\n|move|p2a: Basculegion|Flip Turn|p1b: Garchomp\n|-damage|p1b: Garchomp|21/100\n|-damage|p2a: Basculegion|11/100|[from] ability: Rough Skin|[of] p1b: Garchomp\n|\n|t:|1776534626\n|switch|p2a: Talonflame|Talonflame, L50, M|100/100|[from] Flip Turn\n|move|p1a: Sableye|Knock Off|p2a: Talonflame\n|-damage|p2a: Talonflame|73/100\n|\n|-fieldend|move: Gravity\n|upkeep\n|turn|6\n|l|\u2606Giblish\n|inactive|Giblish disconnected and has a minute to reconnect!\n|player|p1|\n|inactive|Giblish has 30 seconds left.\n|j|\u2606Giblish\n|inactive|Giblish reconnected and has 25 seconds left.\n|player|p1|Giblish|102|\n|inactive|Giblish has 20 seconds left.\n|inactive|Giblish has 15 seconds left.\n|\n|t:|1776534670\n|move|p1b: Garchomp|Protect|p1b: Garchomp\n|-singleturn|p1b: Garchomp|Protect\n|move|p2b: Klefki|Reflect|p2b: Klefki\n|-sidestart|p2: hemega|Reflect\n|move|p1a: Sableye|Gravity|p1a: Sableye\n|-fieldstart|move: Gravity\n|move|p2a: Talonflame|Acrobatics|p1b: Garchomp\n|-activate|p1b: Garchomp|move: Protect\n|\n|upkeep\n|turn|7\n|\n|t:|1776534689\n|move|p1a: Sableye|Encore|p2b: Klefki\n|-start|p2b: Klefki|Encore\n|move|p2b: Klefki|Reflect||[still]\n|-fail|p2b: Klefki\n|move|p2a: Talonflame|Tailwind|p2a: Talonflame\n|-sidestart|p2: hemega|move: Tailwind\n|move|p1b: Garchomp|Stone Edge|p2a: Talonflame\n|-supereffective|p2a: Talonflame|2\n|-crit|p2a: Talonflame\n|-damage|p2a: Talonflame|0 fnt\n|faint|p2a: Talonflame\n|\n|upkeep\n|\n|t:|1776534698\n|switch|p2a: Basculegion|Basculegion, L50, M|11/100\n|turn|8\n|-message|hemega forfeited.\n|\n|win|Giblish\n|raw|Giblish's rating: 1000 &rarr; <strong>1040</strong><br />(+40 for winning)\n|raw|hemega's rating: 1000 &rarr; <strong>1000</strong><br />(+0 for losing)\n|l|\u2606hemega\n|player|p2|\n",
  "uploadtime": 1776534707,
  "views": 10,
  "formatid": "gen9championsvgc2026regma",
  "rating": 1000,
  "private": 0,
  "password": null
}