{
  "id": "gen9championsvgc2026regma-2586575965",
  "format": "[Gen 9 Champions] VGC 2026 Reg M-A",
  "players": [
    "TheoremAndAxiom",
    "ICCR"
  ],
  "log": "|j|\u203dTheoremAndAxiom\n|j|\u2606ICCR\n|t:|1776444252\n|gametype|doubles\n|player|p1|TheoremAndAxiom|102|1199\n|player|p2|ICCR|170|1192\n|gen|9\n|tier|[Gen 9 Champions] VGC 2026 Reg M-A\n|rated|\n|rule|Species Clause: Limit one of each Pok\u00e9mon\n|rule|Item Clause: Limit 1 of each item\n|clearpoke\n|poke|p1|Froslass, L50, F|\n|poke|p1|Arcanine-Hisui, L50, F|\n|poke|p1|Palafin, L50, F|\n|poke|p1|Sinistcha, L50|\n|poke|p1|Kingambit, L50, F|\n|poke|p1|Sneasler, L50, F|\n|poke|p2|Pelipper, L50, F|\n|poke|p2|Basculegion-F, L50, F|\n|poke|p2|Starmie, L50|\n|poke|p2|Sneasler, L50, M|\n|poke|p2|Sableye, L50, M|\n|poke|p2|Lucario, L50, F|\n|teampreview|4\n|inactive|Battle timer is ON: inactive players will automatically lose when time's up. (requested by ICCR)\n|\n|t:|1776444284\n|teamsize|p1|4\n|teamsize|p2|4\n|start\n|switch|p1a: Sneasler|Sneasler, L50, F|100/100\n|switch|p1b: Sinistcha|Sinistcha, L50|100/100\n|switch|p2a: Sneasler|Sneasler, L50, M|100/100\n|switch|p2b: Basculegion|Basculegion-F, L50, F, shiny|100/100\n|turn|1\n|\n|t:|1776444299\n|move|p1a: Sneasler|Protect|p1a: Sneasler\n|-singleturn|p1a: Sneasler|Protect\n|move|p1b: Sinistcha|Protect|p1b: Sinistcha\n|-singleturn|p1b: Sinistcha|Protect\n|move|p2a: Sneasler|Fake Out|p1a: Sneasler\n|-activate|p1a: Sneasler|move: Protect\n|move|p2b: Basculegion|Shadow Ball|p1b: Sinistcha\n|-activate|p1b: Sinistcha|move: Protect\n|\n|upkeep\n|turn|2\n|\n|t:|1776444320\n|switch|p2a: Pelipper|Pelipper, L50, F|100/100\n|-weather|RainDance|[from] ability: Drizzle|[of] p2a: Pelipper\n|move|p2b: Basculegion|Muddy Water|p1b: Sinistcha|[spread] p1a,p1b\n|-resisted|p1b: Sinistcha|1\n|-damage|p1a: Sneasler|15/100\n|-damage|p1b: Sinistcha|67/100\n|move|p1a: Sneasler|Close Combat|p2a: Pelipper\n|-resisted|p2a: Pelipper|1\n|-damage|p2a: Pelipper|59/100\n|-unboost|p1a: Sneasler|def|1\n|-unboost|p1a: Sneasler|spd|1\n|-enditem|p1a: Sneasler|White Herb\n|-clearnegativeboost|p1a: Sneasler|[silent]\n|move|p1b: Sinistcha|Matcha Gotcha|p2a: Pelipper|[spread] p2a\n|-miss|p1b: Sinistcha|p2b: Basculegion\n|-damage|p2a: Pelipper|19/100\n|-heal|p1b: Sinistcha|83/100|[from] drain|[of] p2a: Pelipper\n|\n|-weather|RainDance|[upkeep]\n|upkeep\n|turn|3\n|inactive|TheoremAndAxiom has 30 seconds left.\n|inactive|ICCR has 30 seconds left.\n|inactive|ICCR has 20 seconds left.\n|\n|t:|1776444360\n|switch|p1a: Palafin|Palafin, L50, F|100/100\n|switch|p2a: Sneasler|Sneasler, L50, M|100/100\n|move|p1b: Sinistcha|Protect|p1b: Sinistcha\n|-singleturn|p1b: Sinistcha|Protect\n|move|p2b: Basculegion|Muddy Water|p1b: Sinistcha|[spread] p1a\n|-activate|p1b: Sinistcha|move: Protect\n|-resisted|p1a: Palafin|1\n|-damage|p1a: Palafin|55/100\n|\n|-weather|RainDance|[upkeep]\n|upkeep\n|turn|4\n|\n|t:|1776444377\n|detailschange|p1a: Palafin|Palafin-Hero, L50, F\n|switch|p1a: Sneasler|Sneasler, L50, F|15/100\n|move|p2b: Basculegion|Shadow Ball|p1b: Sinistcha\n|-supereffective|p1b: Sinistcha|1\n|-damage|p1b: Sinistcha|0 fnt\n|faint|p1b: Sinistcha\n|move|p2a: Sneasler|Dire Claw|p1a: Sneasler\n|-resisted|p1a: Sneasler|1\n|-damage|p1a: Sneasler|0 fnt\n|faint|p1a: Sneasler\n|\n|-weather|RainDance|[upkeep]\n|upkeep\n|\n|t:|1776444388\n|switch|p1a: Froslass|Froslass, L50, F|100/100\n|switch|p1b: Palafin|Palafin-Hero, L50, F|55/100\n|-activate|p1b: Palafin|ability: Zero to Hero\n|turn|5\n|\n|t:|1776444400\n|detailschange|p1a: Froslass|Froslass-Mega, L50, F\n|-mega|p1a: Froslass|Froslass|Froslassite\n|-weather|Snowscape|[from] ability: Snow Warning|[of] p1a: Froslass\n|move|p1b: Palafin|Jet Punch|p2a: Sneasler\n|-damage|p2a: Sneasler|22/100\n|move|p1a: Froslass|Shadow Ball|p2b: Basculegion\n|-supereffective|p2b: Basculegion|1\n|-damage|p2b: Basculegion|7/100\n|-unboost|p2b: Basculegion|spd|1\n|move|p2a: Sneasler|Dire Claw|p1b: Palafin\n|-damage|p1b: Palafin|11/100\n|move|p2b: Basculegion|Shadow Ball|p1b: Palafin\n|-damage|p1b: Palafin|0 fnt\n|faint|p1b: Palafin\n|\n|-weather|Snowscape|[upkeep]\n|upkeep\n|turn|6\n|\n|t:|1776444418\n|switch|p2a: Pelipper|Pelipper, L50, F|19/100\n|-weather|RainDance|[from] ability: Drizzle|[of] p2a: Pelipper\n|move|p2b: Basculegion|Muddy Water|p1a: Froslass\n|-damage|p1a: Froslass|7/100\n|move|p1a: Froslass|Blizzard|p2b: Basculegion|[spread] p2a\n|-miss|p1a: Froslass|p2b: Basculegion\n|-damage|p2a: Pelipper|0 fnt\n|faint|p2a: Pelipper\n|\n|-weather|RainDance|[upkeep]\n|upkeep\n|-message|TheoremAndAxiom forfeited.\n|\n|win|ICCR\n|raw|TheoremAndAxiom's rating: 1199 &rarr; <strong>1173</strong><br />(-26 for losing)\n|raw|ICCR's rating: 1192 &rarr; <strong>1218</strong><br />(+26 for winning)\n|l|\u203dTheoremAndAxiom\n|player|p1|\n",
  "uploadtime": 1776444431,
  "views": 32,
  "formatid": "gen9championsvgc2026regma",
  "rating": 1173,
  "private": 0,
  "password": null
}