{
  "id": "gen9championsvgc2026regma-2585310945",
  "format": "[Gen 9 Champions] VGC 2026 Reg M-A",
  "players": [
    "turo's assistant",
    "mmhha"
  ],
  "log": "|j|\u2606turo's assistant\n|j|\u2606mmhha\n|t:|1776336501\n|gametype|doubles\n|player|p1|turo's assistant|scientistf-gen6|1051\n|player|p2|mmhha|101|1018\n|gen|9\n|tier|[Gen 9 Champions] VGC 2026 Reg M-A\n|rated|\n|rule|Species Clause: Limit one of each Pok\u00e9mon\n|rule|Item Clause: Limit 1 of each item\n|clearpoke\n|poke|p1|Hatterene, L50, F|\n|poke|p1|Sinistcha, L50|\n|poke|p1|Floette-Eternal, L50, F|\n|poke|p1|Farigiraf, L50, F|\n|poke|p1|Golurk, L50|\n|poke|p1|Araquanid, L50, M|\n|poke|p2|Delphox, L50, F|\n|poke|p2|Meowscarada, L50, F|\n|poke|p2|Corviknight, L50, F|\n|poke|p2|Rotom-Wash, L50|\n|poke|p2|Kangaskhan, L50, F|\n|poke|p2|Hydreigon, L50, M|\n|teampreview|4\n|inactive|Battle timer is ON: inactive players will automatically lose when time's up. (requested by turo's assistant)\n|j| Pennys No.1 Fan\n|inactive|mmhha has 60 seconds left.\n|\n|t:|1776336537\n|teamsize|p1|4\n|teamsize|p2|4\n|start\n|switch|p1a: Marissa|Hatterene, L50, F|100/100\n|switch|p1b: Farigiraf|Farigiraf, L50, F|100/100\n|switch|p2a: Meowscarada|Meowscarada, L50, F|100/100\n|switch|p2b: Hydreigon|Hydreigon, L50, M|100/100\n|turn|1\n|\n|t:|1776336561\n|move|p2b: Hydreigon|Dark Pulse|p1b: Farigiraf\n|-supereffective|p1b: Farigiraf|1\n|-damage|p1b: Farigiraf|18/100\n|move|p2a: Meowscarada|Knock Off|p1b: Farigiraf\n|-start|p2a: Meowscarada|typechange|Dark|[from] ability: Protean\n|-supereffective|p1b: Farigiraf|1\n|-damage|p1b: Farigiraf|0 fnt\n|-enditem|p1b: Farigiraf|Leftovers|[from] move: Knock Off|[of] p2a: Meowscarada\n|faint|p1b: Farigiraf\n|move|p1a: Marissa|Trick Room|p1a: Marissa\n|-fieldstart|move: Trick Room|[of] p1a: Marissa\n|\n|upkeep\n|\n|t:|1776336567\n|switch|p1b: Golurk|Golurk, L50|100/100\n|turn|2\n|\n|t:|1776336579\n|move|p1b: Golurk|Protect|p1b: Golurk\n|-singleturn|p1b: Golurk|Protect\n|move|p2a: Meowscarada|Sucker Punch||[still]\n|-fail|p2a: Meowscarada\n|move|p1a: Marissa|Play Rough|p2b: Hydreigon\n|-supereffective|p2b: Hydreigon|2\n|-damage|p2b: Hydreigon|0 fnt\n|faint|p2b: Hydreigon\n|\n|upkeep\n|\n|t:|1776336582\n|switch|p2b: Kangaskhan|Kangaskhan, L50, F|100/100\n|turn|3\n|\n|t:|1776336602\n|switch|p2a: Rotom|Rotom-Wash, L50|100/100\n|detailschange|p1b: Golurk|Golurk-Mega, L50\n|-mega|p1b: Golurk|Golurk|Golurkite\n|detailschange|p2b: Kangaskhan|Kangaskhan-Mega, L50, F\n|-mega|p2b: Kangaskhan|Kangaskhan|Kangaskhanite\n|move|p2b: Kangaskhan|Sucker Punch|p1b: Golurk\n|-supereffective|p1b: Golurk|1\n|-damage|p1b: Golurk|59/100\n|-supereffective|p1b: Golurk|1\n|-damage|p1b: Golurk|48/100\n|-hitcount|p1b: Golurk|2\n|move|p1a: Marissa|Play Rough|p2a: Rotom\n|-damage|p2a: Rotom|58/100\n|move|p1b: Golurk|Headlong Rush|p2b: Kangaskhan\n|-crit|p2b: Kangaskhan\n|-damage|p2b: Kangaskhan|7/100\n|-unboost|p1b: Golurk|def|1\n|-unboost|p1b: Golurk|spd|1\n|\n|-heal|p2a: Rotom|64/100|[from] item: Leftovers\n|upkeep\n|turn|4\n|\n|t:|1776336624\n|move|p2b: Kangaskhan|Protect|p2b: Kangaskhan\n|-singleturn|p2b: Kangaskhan|Protect\n|move|p1a: Marissa|Power Whip|p2a: Rotom\n|-supereffective|p2a: Rotom|1\n|-damage|p2a: Rotom|0 fnt\n|faint|p2a: Rotom\n|move|p1b: Golurk|Fire Punch|p2b: Kangaskhan\n|-ability|p1b: Golurk|Unseen Fist\n|-zbroken|p2b: Kangaskhan\n|-damage|p2b: Kangaskhan|0 fnt\n|faint|p2b: Kangaskhan\n|\n|upkeep\n|\n|t:|1776336631\n|switch|p2a: Meowscarada|Meowscarada, L50, F|100/100\n|turn|5\n|\n|t:|1776336639\n|move|p2a: Meowscarada|Sucker Punch|p1b: Golurk\n|-start|p2a: Meowscarada|typechange|Dark|[from] ability: Protean\n|-supereffective|p1b: Golurk|1\n|-damage|p1b: Golurk|0 fnt\n|faint|p1b: Golurk\n|move|p1a: Marissa|Play Rough|p2a: Meowscarada\n|-supereffective|p2a: Meowscarada|1\n|-enditem|p2a: Meowscarada|Focus Sash\n|-damage|p2a: Meowscarada|1/100\n|\n|-fieldend|move: Trick Room\n|upkeep\n|\n|t:|1776336641\n|switch|p1b: Sinistcha|Sinistcha, L50|100/100\n|turn|6\n|c|\u2606turo's assistant|Ggs\n|l| Pennys No.1 Fan\n|-message|mmhha forfeited.\n|\n|win|turo's assistant\n|raw|turo&apos;s assistant's rating: 1051 &rarr; <strong>1080</strong><br />(+29 for winning)\n|raw|mmhha's rating: 1018 &rarr; <strong>1007</strong><br />(-11 for losing)\n|l|\u2606mmhha\n|player|p2|\n",
  "uploadtime": 1776336653,
  "views": 20,
  "formatid": "gen9championsvgc2026regma",
  "rating": 1007,
  "private": 0,
  "password": null
}