{
  "id": "gen9championsvgc2026regma-2585879344",
  "format": "[Gen 9 Champions] VGC 2026 Reg M-A",
  "players": [
    "DusknoirisKing",
    "SunTufo"
  ],
  "log": "|j|\u2606DusknoirisKing\n|j|\u2606SunTufo\n|t:|1776377851\n|gametype|doubles\n|player|p1|DusknoirisKing|2|1174\n|player|p2|SunTufo|li|1265\n|gen|9\n|tier|[Gen 9 Champions] VGC 2026 Reg M-A\n|rated|\n|rule|Species Clause: Limit one of each Pok\u00e9mon\n|rule|Item Clause: Limit 1 of each item\n|clearpoke\n|poke|p1|Gengar, L50, F|\n|poke|p1|Incineroar, L50, M|\n|poke|p1|Politoed, L50, F|\n|poke|p1|Basculegion, L50, M|\n|poke|p1|Whimsicott, L50, F|\n|poke|p1|Lucario, L50, M|\n|poke|p2|Golurk, L50|\n|poke|p2|Farigiraf, L50, M|\n|poke|p2|Incineroar, L50, M|\n|poke|p2|Torkoal, L50, M|\n|poke|p2|Conkeldurr, L50, M|\n|poke|p2|Sinistcha, L50|\n|teampreview|4\n|inactive|Battle timer is ON: inactive players will automatically lose when time's up. (requested by SunTufo)\n|inactive|DusknoirisKing has 60 seconds left.\n|inactive|SunTufo has 60 seconds left.\n|\n|t:|1776377897\n|teamsize|p1|4\n|teamsize|p2|4\n|start\n|switch|p1a: Gengar|Gengar, L50, F|100/100\n|switch|p1b: Politoed|Politoed, L50, F|100/100\n|switch|p2a: Farigiraf|Farigiraf, L50, M, shiny|100/100\n|switch|p2b: Sinistcha|Sinistcha, L50|100/100\n|-weather|RainDance|[from] ability: Drizzle|[of] p1b: Politoed\n|turn|1\n|inactive|DusknoirisKing has 30 seconds left.\n|\n|t:|1776377925\n|move|p1b: Politoed|Helping Hand|p1a: Gengar\n|-singleturn|p1a: Gengar|Helping Hand|[of] p1b: Politoed\n|move|p1a: Gengar|Shadow Ball|p2b: Sinistcha\n|-supereffective|p2b: Sinistcha|1\n|-damage|p2b: Sinistcha|15/100\n|-unboost|p2b: Sinistcha|spd|1\n|move|p2a: Farigiraf|Twin Beam|p1a: Gengar\n|-supereffective|p1a: Gengar|1\n|-damage|p1a: Gengar|56/100\n|-start|p2a: Farigiraf|Disable|Twin Beam|[from] ability: Cursed Body|[of] p1a: Gengar\n|-enditem|p2a: Farigiraf|Mental Herb\n|-end|p2a: Farigiraf|Disable\n|-supereffective|p1a: Gengar|1\n|-damage|p1a: Gengar|15/100\n|-start|p2a: Farigiraf|Disable|Twin Beam|[from] ability: Cursed Body|[of] p1a: Gengar\n|-hitcount|p1a: Gengar|2\n|move|p2b: Sinistcha|Trick Room|p2b: Sinistcha\n|-fieldstart|move: Trick Room|[of] p2b: Sinistcha\n|\n|-weather|RainDance|[upkeep]\n|upkeep\n|turn|2\n|c|\u2606SunTufo|lol xD\n|inactive|DusknoirisKing has 30 seconds left.\n|inactive|SunTufo has 30 seconds left.\n|\n|t:|1776377956\n|move|p1a: Gengar|Protect|p1a: Gengar\n|-singleturn|p1a: Gengar|Protect\n|move|p2a: Farigiraf|Thunderbolt|p1b: Politoed\n|-supereffective|p1b: Politoed|1\n|-damage|p1b: Politoed|63/100\n|move|p2b: Sinistcha|Matcha Gotcha|p1a: Gengar|[spread] p1b\n|-activate|p1a: Gengar|move: Protect\n|-supereffective|p1b: Politoed|1\n|-crit|p1b: Politoed\n|-damage|p1b: Politoed|0 fnt\n|-heal|p2b: Sinistcha|49/100|[from] drain|[of] p1b: Politoed\n|faint|p1b: Politoed\n|\n|-weather|RainDance|[upkeep]\n|upkeep\n|\n|t:|1776377971\n|switch|p1b: Incineroar|Incineroar, L50, M|100/100\n|-ability|p1b: Incineroar|Intimidate|boost\n|-unboost|p2a: Farigiraf|atk|1\n|-unboost|p2b: Sinistcha|atk|1\n|turn|3\n|\n|t:|1776377979\n|switch|p2b: Conkeldurr|Conkeldurr, L50, M, shiny|100/100\n|switch|p1a: Basculegion|Basculegion, L50, M|100/100\n|move|p2a: Farigiraf|Thunderbolt|p1a: Basculegion\n|-supereffective|p1a: Basculegion|1\n|-damage|p1a: Basculegion|44/100\n|move|p1b: Incineroar|Throat Chop|p2b: Conkeldurr\n|-resisted|p2b: Conkeldurr|1\n|-damage|p2b: Conkeldurr|86/100\n|-start|p2b: Conkeldurr|Throat Chop|[silent]\n|\n|-weather|RainDance|[upkeep]\n|upkeep\n|turn|4\n|\n|t:|1776377999\n|move|p1b: Incineroar|Protect|p1b: Incineroar\n|-singleturn|p1b: Incineroar|Protect\n|move|p2b: Conkeldurr|Drain Punch|p1b: Incineroar\n|-activate|p1b: Incineroar|move: Protect\n|move|p2a: Farigiraf|Thunderbolt|p1a: Basculegion\n|-supereffective|p1a: Basculegion|1\n|-damage|p1a: Basculegion|0 fnt\n|faint|p1a: Basculegion\n|\n|-weather|RainDance|[upkeep]\n|-end|p2a: Farigiraf|Disable\n|-end|p2b: Conkeldurr|Throat Chop|[silent]\n|upkeep\n|\n|t:|1776378012\n|switch|p1a: Gengar|Gengar, L50, F|15/100\n|turn|5\n|\n|t:|1776378018\n|move|p1a: Gengar|Protect|p1a: Gengar\n|-singleturn|p1a: Gengar|Protect\n|move|p2b: Conkeldurr|Drain Punch|p1b: Incineroar\n|-supereffective|p1b: Incineroar|1\n|-damage|p1b: Incineroar|21/100\n|-heal|p2b: Conkeldurr|100/100|[from] drain|[of] p1b: Incineroar\n|move|p2a: Farigiraf|Thunderbolt|p1b: Incineroar\n|-damage|p1b: Incineroar|2/100\n|move|p1b: Incineroar|Throat Chop|p2a: Farigiraf\n|-supereffective|p2a: Farigiraf|1\n|-damage|p2a: Farigiraf|41/100\n|-start|p2a: Farigiraf|Throat Chop|[silent]\n|\n|-weather|none\n|-heal|p1b: Incineroar|8/100|[from] item: Leftovers\n|-fieldend|move: Trick Room\n|upkeep\n|turn|6\n|\n|t:|1776378039\n|detailschange|p1a: Gengar|Gengar-Mega, L50, F\n|-mega|p1a: Gengar|Gengar|Gengarite\n|move|p1a: Gengar|Sludge Bomb|p2b: Conkeldurr\n|-damage|p2b: Conkeldurr|45/100\n|move|p1b: Incineroar|Throat Chop|p2a: Farigiraf\n|-supereffective|p2a: Farigiraf|1\n|-damage|p2a: Farigiraf|0 fnt\n|faint|p2a: Farigiraf\n|move|p2b: Conkeldurr|Rock Slide|p1a: Gengar|[spread] p1a,p1b\n|-supereffective|p1b: Incineroar|1\n|-damage|p1a: Gengar|0 fnt\n|-damage|p1b: Incineroar|0 fnt\n|faint|p1a: Gengar\n|faint|p1b: Incineroar\n|\n|win|SunTufo\n|raw|DusknoirisKing's rating: 1174 &rarr; <strong>1155</strong><br />(-19 for losing)\n|raw|SunTufo's rating: 1265 &rarr; <strong>1284</strong><br />(+19 for winning)\n",
  "uploadtime": 1776378040,
  "views": 18,
  "formatid": "gen9championsvgc2026regma",
  "rating": 1155,
  "private": 0,
  "password": null
}