{
  "id": "gen9championsvgc2026regma-2580463490",
  "format": "[Gen 9 Champions] VGC 2026 Reg M-A",
  "players": [
    "shangenb6",
    "Hedlip"
  ],
  "log": "|j|\u2606shangenb6\n|j|\u2606Hedlip\n|t:|1775900360\n|gametype|doubles\n|player|p1|shangenb6|2|1125\n|player|p2|Hedlip|170|1104\n|gen|9\n|tier|[Gen 9 Champions] VGC 2026 Reg M-A\n|rated|\n|rule|Species Clause: Limit one of each Pok\u00e9mon\n|rule|Item Clause: Limit 1 of each item\n|clearpoke\n|poke|p1|Archaludon, L50, M|\n|poke|p1|Pelipper, L50, F|\n|poke|p1|Sneasler, L50, M|\n|poke|p1|Sinistcha, L50|\n|poke|p1|Incineroar, L50, F|\n|poke|p1|Floette-Eternal, L50, F|\n|poke|p2|Dragonite, L50, M|\n|poke|p2|Pelipper, L50, F|\n|poke|p2|Archaludon, L50, F|\n|poke|p2|Basculegion, L50, M|\n|poke|p2|Incineroar, L50, M|\n|poke|p2|Sinistcha, L50|\n|teampreview|4\n|inactive|Battle timer is ON: inactive players will automatically lose when time's up. (requested by shangenb6)\n|inactive|shangenb6 has 60 seconds left.\n|inactive|shangenb6 has 30 seconds left.\nHedlip has agreed to open team sheets.\n|inactive|shangenb6 has 20 seconds left.\n|inactive|shangenb6 has 15 seconds left.\n|inactive|shangenb6 has 10 seconds left.\n|\n|t:|1775900441\n|teamsize|p1|4\n|teamsize|p2|4\n|start\n|switch|p1a: Floette|Floette-Eternal, L50, F|100/100\n|switch|p1b: Incineroar|Incineroar, L50, F|100/100\n|switch|p2a: Basculegion|Basculegion, L50, M|100/100\n|switch|p2b: Archaludon|Archaludon, L50, F|100/100\n|-ability|p1b: Incineroar|Intimidate|boost\n|-unboost|p2a: Basculegion|atk|1\n|-unboost|p2b: Archaludon|atk|1\n|turn|1\n|\n|t:|1775900466\n|switch|p2a: Pelipper|Pelipper, L50, F|100/100\n|-weather|RainDance|[from] ability: Drizzle|[of] p2a: Pelipper\n|switch|p1b: Archaludon|Archaludon, L50, M|100/100\n|detailschange|p1a: Floette|Floette-Mega, L50, F\n|-mega|p1a: Floette|Floette|Floettite\n|-ability|p1a: Floette|Fairy Aura\n|move|p2b: Archaludon|Protect|p2b: Archaludon\n|-singleturn|p2b: Archaludon|Protect\n|move|p1a: Floette|Calm Mind|p1a: Floette\n|-boost|p1a: Floette|spa|1\n|-boost|p1a: Floette|spd|1\n|\n|-weather|RainDance|[upkeep]\n|upkeep\n|turn|2\n|\n|t:|1775900486\n|move|p2b: Archaludon|Flash Cannon|p1a: Floette\n|-supereffective|p1a: Floette|1\n|-damage|p1a: Floette|63/100\n|move|p1a: Floette|Calm Mind|p1a: Floette\n|-boost|p1a: Floette|spa|1\n|-boost|p1a: Floette|spd|1\n|move|p1b: Archaludon|Electro Shot||[still]\n|-prepare|p1b: Archaludon|Electro Shot\n|-boost|p1b: Archaludon|spa|1\n|-anim|p1b: Archaludon|Electro Shot|p2a: Pelipper\n|-supereffective|p2a: Pelipper|2\n|-enditem|p2a: Pelipper|Focus Sash\n|-damage|p2a: Pelipper|1/100\n|move|p2a: Pelipper|Tailwind|p2a: Pelipper\n|-sidestart|p2: Hedlip|move: Tailwind\n|\n|-weather|RainDance|[upkeep]\n|upkeep\n|turn|3\n|inactive|shangenb6 has 30 seconds left.\n|inactive|shangenb6 has 20 seconds left.\n|inactive|shangenb6 has 15 seconds left.\n|inactive|shangenb6 has 10 seconds left.\n|inactive|shangenb6 has 5 seconds left.\n|\n|t:|1775900539\n|move|p2b: Archaludon|Flash Cannon|p1a: Floette\n|-supereffective|p1a: Floette|1\n|-damage|p1a: Floette|33/100\n|move|p2a: Pelipper|Weather Ball|p1a: Floette\n|-damage|p1a: Floette|16/100\n|move|p1a: Floette|Draining Kiss|p2b: Archaludon\n|-damage|p2b: Archaludon|0 fnt\n|-heal|p1a: Floette|85/100|[from] drain|[of] p2b: Archaludon\n|faint|p2b: Archaludon\n|move|p1b: Archaludon|Electro Shot||[still]\n|-prepare|p1b: Archaludon|Electro Shot\n|-boost|p1b: Archaludon|spa|1\n|-anim|p1b: Archaludon|Electro Shot|p2a: Pelipper\n|-supereffective|p2a: Pelipper|2\n|-damage|p2a: Pelipper|0 fnt\n|faint|p2a: Pelipper\n|\n|-weather|RainDance|[upkeep]\n|upkeep\n|\n|t:|1775900555\n|switch|p2b: Dragonite|Dragonite, L50, M, shiny|100/100\n|switch|p2a: Basculegion|Basculegion, L50, M|100/100\n|turn|4\n|\n|t:|1775900569\n|switch|p1a: Incineroar|Incineroar, L50, F|100/100\n|-ability|p1a: Incineroar|Intimidate|boost\n|-unboost|p2a: Basculegion|atk|1\n|-unboost|p2b: Dragonite|atk|1\n|detailschange|p2b: Dragonite|Dragonite-Mega, L50, M, shiny\n|-mega|p2b: Dragonite|Dragonite|Dragoninite\n|move|p2b: Dragonite|Protect|p2b: Dragonite\n|-singleturn|p2b: Dragonite|Protect\n|move|p2a: Basculegion|Last Respects|p1a: Incineroar\n|-resisted|p1a: Incineroar|1\n|-damage|p1a: Incineroar|81/100\n|move|p1b: Archaludon|Electro Shot||[still]\n|-prepare|p1b: Archaludon|Electro Shot\n|-boost|p1b: Archaludon|spa|1\n|-anim|p1b: Archaludon|Electro Shot|p2a: Basculegion\n|-supereffective|p2a: Basculegion|1\n|-damage|p2a: Basculegion|0 fnt\n|faint|p2a: Basculegion\n|\n|-weather|RainDance|[upkeep]\n|upkeep\n|turn|5\n|-message|Hedlip forfeited.\n|\n|win|shangenb6\n|raw|shangenb6's rating: 1125 &rarr; <strong>1148</strong><br />(+23 for winning)\n|raw|Hedlip's rating: 1104 &rarr; <strong>1081</strong><br />(-23 for losing)\n|l|\u2606Hedlip\n|player|p2|\n",
  "uploadtime": 1775900591,
  "views": 15,
  "formatid": "gen9championsvgc2026regma",
  "rating": 1081,
  "private": 0,
  "password": null
}