{
  "id": "gen9championsvgc2026regma-2582844132",
  "format": "[Gen 9 Champions] VGC 2026 Reg M-A",
  "players": [
    "z123z",
    "tf2026"
  ],
  "log": "|j|\u2606z123z\n|j|\u2606tf2026\n|t:|1776118503\n|gametype|doubles\n|player|p1|z123z|170|\n|player|p2|tf2026|2|\n|gen|9\n|tier|[Gen 9 Champions] VGC 2026 Reg M-A\n|rated|Tournament battle\n|rule|Species Clause: Limit one of each Pok\u00e9mon\n|rule|Item Clause: Limit 1 of each item\n|raw|<div class=\"infobox\"><details class=\"readmore\" open><summary><strong>1 custom rule:</strong></summary> Force Open Team Sheets</details></div>\n|clearpoke\n|poke|p1|Incineroar, L50, F|\n|poke|p1|Torkoal, L50, F|\n|poke|p1|Golurk, L50|\n|poke|p1|Farigiraf, L50, M|\n|poke|p1|Kingambit, L50, M|\n|poke|p1|Kangaskhan, L50, F|\n|poke|p2|Aerodactyl, L50, F|\n|poke|p2|Aegislash, L50, F|\n|poke|p2|Froslass, L50, F|\n|poke|p2|Incineroar, L50, F|\n|poke|p2|Milotic, L50, F|\n|poke|p2|Sneasler, L50, M|\n|teampreview|4\n|showteam|p1|Incineroar||ChopleBerry|Intimidate|FakeOut,FlareBlitz,Protect,PartingShot|||F|||50|]Torkoal||Charcoal|Drought|HeatWave,Eruption,WeatherBall,Protect|||F|||50|]Golurk||Golurkite|NoGuard|Poltergeist,HeadlongRush,Earthquake,Protect||||||50|]Farigiraf||SitrusBerry|ArmorTail|TrickRoom,HyperVoice,Psyshock,Protect|||M|||50|]Kingambit||BlackGlasses|Defiant|SuckerPunch,KowtowCleave,LowKick,Protect|||M|||50|]Kangaskhan||Kangaskhanite|Scrappy|FakeOut,DoubleEdge,SuckerPunch,DrainPunch|||F|||50|\n|showteam|p2|Aerodactyl||FocusSash|Unnerve|DualWingbeat,RockSlide,Tailwind,Protect|||F|||50|]Aegislash||SpellTag|StanceChange|Poltergeist,CloseCombat,KingsShield,ShadowSneak|||F|||50|]Froslass||Froslassite|SnowCloak|ShadowBall,AuroraVeil,Blizzard,Protect|||F|||50|]Incineroar||SitrusBerry|Intimidate|FakeOut,ThroatChop,PartingShot,FlareBlitz|||F|||50|]Milotic||Leftovers|Competitive|Coil,Hypnosis,Scald,Recover|||F|||50|]Sneasler||WhiteHerb|Pressure|CloseCombat,FakeOut,DireClaw,Protect|||M|||50|\n|inactive|Battle timer is ON: inactive players will automatically lose when time's up. (requested by z123z)\n|j| froggypunch\n|j| ondoo\n|l| froggypunch\n|j| thathorsetho\n|j| 23456ujhgrew\n|j| Carrielis\n|inactive|z123z has 60 seconds left.\n|inactive|tf2026 has 60 seconds left.\n|j| DJPlace\n|\n|t:|1776118557\n|teamsize|p1|4\n|teamsize|p2|4\n|start\n|switch|p1a: Farigiraf|Farigiraf, L50, M|100/100\n|switch|p1b: Kangaskhan|Kangaskhan, L50, F|100/100\n|switch|p2a: Incineroar|Incineroar, L50, F|100/100\n|switch|p2b: Milotic|Milotic, L50, F|100/100\n|-ability|p2a: Incineroar|Intimidate|boost\n|-unboost|p1a: Farigiraf|atk|1\n|-fail|p1b: Kangaskhan|unboost|Attack|[from] ability: Scrappy|[of] p1b: Kangaskhan\n|turn|1\n|j| TzelYT\n|\n|t:|1776118576\n|detailschange|p1b: Kangaskhan|Kangaskhan-Mega, L50, F\n|-mega|p1b: Kangaskhan|Kangaskhan|Kangaskhanite\n|move|p1b: Kangaskhan|Fake Out|p2b: Milotic\n|-crit|p2b: Milotic\n|-damage|p2b: Milotic|77/100\n|-damage|p2b: Milotic|73/100\n|-hitcount|p2b: Milotic|2\n|cant|p2b: Milotic|flinch\n|move|p2a: Incineroar|Throat Chop|p1a: Farigiraf\n|-supereffective|p1a: Farigiraf|1\n|-damage|p1a: Farigiraf|34/100\n|-start|p1a: Farigiraf|Throat Chop|[silent]\n|-enditem|p1a: Farigiraf|Sitrus Berry|[eat]\n|-heal|p1a: Farigiraf|59/100|[from] item: Sitrus Berry\n|move|p1a: Farigiraf|Trick Room|p1a: Farigiraf\n|-fieldstart|move: Trick Room|[of] p1a: Farigiraf\n|\n|-heal|p2b: Milotic|79/100|[from] item: Leftovers\n|upkeep\n|turn|2\n|\n|t:|1776118595\n|move|p1a: Farigiraf|Psyshock|p2b: Milotic\n|-damage|p2b: Milotic|49/100\n|move|p2a: Incineroar|Parting Shot|p1b: Kangaskhan\n|-unboost|p1b: Kangaskhan|atk|1\n|-unboost|p1b: Kangaskhan|spa|1\n|\n|t:|1776118599\n|switch|p2a: Aegislash|Aegislash, L50, F|100/100|[from] Parting Shot\n|move|p2b: Milotic|Coil|p2b: Milotic\n|-boost|p2b: Milotic|atk|1\n|-boost|p2b: Milotic|def|1\n|-boost|p2b: Milotic|accuracy|1\n|move|p1b: Kangaskhan|Double-Edge|p2b: Milotic\n|-damage|p2b: Milotic|28/100\n|-damage|p2b: Milotic|23/100\n|-hitcount|p2b: Milotic|2\n|-damage|p1b: Kangaskhan|92/100|[from] Recoil\n|\n|-heal|p2b: Milotic|29/100|[from] item: Leftovers\n|-end|p1a: Farigiraf|Throat Chop|[silent]\n|upkeep\n|turn|3\n|j| Thogi_\n|j| metaroou\n|\n|t:|1776118623\n|switch|p1b: Torkoal|Torkoal, L50, F|100/100\n|-weather|SunnyDay|[from] ability: Drought|[of] p1b: Torkoal\n|move|p2a: Aegislash|King's Shield|p2a: Aegislash\n|-singleturn|p2a: Aegislash|Protect\n|move|p1a: Farigiraf|Hyper Voice|p2b: Milotic|[spread] p2b\n|-activate|p2a: Aegislash|move: Protect\n|-damage|p2b: Milotic|6/100\n|move|p2b: Milotic|Recover|p2b: Milotic\n|-heal|p2b: Milotic|57/100\n|\n|-weather|SunnyDay|[upkeep]\n|-heal|p2b: Milotic|63/100|[from] item: Leftovers\n|upkeep\n|turn|4\n|l| metaroou\n|inactive|tf2026 has 30 seconds left.\n|\n|t:|1776118653\n|switch|p2a: Incineroar|Incineroar, L50, F|100/100\n|-ability|p2a: Incineroar|Intimidate|boost\n|-unboost|p1a: Farigiraf|atk|1\n|-unboost|p1b: Torkoal|atk|1\n|move|p1b: Torkoal|Eruption|p2a: Incineroar|[spread] p2a,p2b\n|-resisted|p2a: Incineroar|1\n|-resisted|p2b: Milotic|1\n|-damage|p2a: Incineroar|62/100\n|-damage|p2b: Milotic|33/100\n|move|p1a: Farigiraf|Hyper Voice|p2b: Milotic|[spread] p2a,p2b\n|-damage|p2a: Incineroar|34/100\n|-damage|p2b: Milotic|7/100\n|-enditem|p2a: Incineroar|Sitrus Berry|[eat]\n|-heal|p2a: Incineroar|59/100|[from] item: Sitrus Berry\n|move|p2b: Milotic|Recover|p2b: Milotic\n|-heal|p2b: Milotic|58/100\n|\n|-weather|SunnyDay|[upkeep]\n|-heal|p2b: Milotic|64/100|[from] item: Leftovers\n|upkeep\n|turn|5\n|j|+chromate\n|j| Hiat6578\n|j| touch my ting lu\n|l| Carrielis\n|l| touch my ting lu\n|j| takinggaming\n|l| Hiat6578\n|inactive|tf2026 has 30 seconds left.\n|j| Hiat6578\n|\n|t:|1776118680\n|move|p1b: Torkoal|Eruption|p2a: Incineroar|[spread] p2a,p2b\n|-resisted|p2a: Incineroar|1\n|-resisted|p2b: Milotic|1\n|-damage|p2a: Incineroar|24/100\n|-damage|p2b: Milotic|30/100\n|move|p1a: Farigiraf|Hyper Voice|p2a: Incineroar|[spread] p2a,p2b\n|-damage|p2a: Incineroar|0 fnt\n|-damage|p2b: Milotic|8/100\n|faint|p2a: Incineroar\n|move|p2b: Milotic|Recover|p2b: Milotic\n|-heal|p2b: Milotic|58/100\n|\n|-weather|SunnyDay|[upkeep]\n|-heal|p2b: Milotic|64/100|[from] item: Leftovers\n|-fieldend|move: Trick Room\n|upkeep\n|j| Carrielis\n|\n|t:|1776118687\n|switch|p2a: Froslass|Froslass, L50, F|100/100\n|turn|6\n|l| Hiat6578\n|j| yungPBJglizzy\n|\n|t:|1776118706\n|switch|p1b: Kangaskhan|Kangaskhan-Mega, L50, F|92/100\n|detailschange|p2a: Froslass|Froslass-Mega, L50, F\n|-mega|p2a: Froslass|Froslass|Froslassite\n|-weather|Snowscape|[from] ability: Snow Warning|[of] p2a: Froslass\n|move|p1a: Farigiraf|Protect|p1a: Farigiraf\n|-singleturn|p1a: Farigiraf|Protect\n|move|p2a: Froslass|Aurora Veil|p2a: Froslass\n|-sidestart|p2: tf2026|move: Aurora Veil\n|move|p2b: Milotic|Hypnosis|p1b: Kangaskhan\n|-status|p1b: Kangaskhan|slp|[from] move: Hypnosis\n|\n|-weather|Snowscape|[upkeep]\n|-heal|p2b: Milotic|70/100|[from] item: Leftovers\n|upkeep\n|turn|7\n|\n|t:|1776118723\n|switch|p1b: Torkoal|Torkoal, L50, F|100/100\n|-weather|SunnyDay|[from] ability: Drought|[of] p1b: Torkoal\n|move|p1a: Farigiraf|Protect||[still]\n|-fail|p1a: Farigiraf\n|move|p2a: Froslass|Blizzard|p1a: Farigiraf|[spread] p1b\n|-miss|p2a: Froslass|p1a: Farigiraf\n|-resisted|p1b: Torkoal|1\n|-damage|p1b: Torkoal|72/100\n|move|p2b: Milotic|Hypnosis|p1a: Farigiraf\n|-status|p1a: Farigiraf|slp|[from] move: Hypnosis\n|\n|-weather|SunnyDay|[upkeep]\n|-heal|p2b: Milotic|76/100|[from] item: Leftovers\n|upkeep\n|turn|8\n|l| yungPBJglizzy\n|j| scalopocomascalo\n|\n|t:|1776118740\n|move|p1b: Torkoal|Protect|p1b: Torkoal\n|-singleturn|p1b: Torkoal|Protect\n|move|p2a: Froslass|Shadow Ball|p1b: Torkoal\n|-activate|p1b: Torkoal|move: Protect\n|move|p2b: Milotic|Hypnosis|p1b: Torkoal\n|-activate|p1b: Torkoal|move: Protect\n|cant|p1a: Farigiraf|slp\n|\n|-weather|SunnyDay|[upkeep]\n|-heal|p2b: Milotic|82/100|[from] item: Leftovers\n|upkeep\n|turn|9\n|j| SeulClef\n|\n|t:|1776118749\n|switch|p2a: Aegislash|Aegislash, L50, F|100/100\n|switch|p1b: Kangaskhan|Kangaskhan-Mega, L50, F|92/100 slp\n|move|p2b: Milotic|Hypnosis|p1b: Kangaskhan|[miss]\n|-miss|p2b: Milotic|p1b: Kangaskhan\n|cant|p1a: Farigiraf|slp\n|\n|-weather|SunnyDay|[upkeep]\n|-heal|p2b: Milotic|88/100|[from] item: Leftovers\n|upkeep\n|turn|10\n|l| SeulClef\n|inactive|z123z has 30 seconds left.\n|\n|t:|1776118780\n|switch|p1b: Torkoal|Torkoal, L50, F|72/100\n|-curestatus|p1a: Farigiraf|slp|[msg]\n|move|p1a: Farigiraf|Protect|p1a: Farigiraf\n|-singleturn|p1a: Farigiraf|Protect\n|move|p2b: Milotic|Scald|p1a: Farigiraf\n|-activate|p1a: Farigiraf|move: Protect\n|-formechange|p2a: Aegislash|Aegislash-Blade|\n|move|p2a: Aegislash|Close Combat|p1a: Farigiraf\n|-activate|p1a: Farigiraf|move: Protect\n|\n|-weather|SunnyDay|[upkeep]\n|-heal|p2b: Milotic|94/100|[from] item: Leftovers\n|-sideend|p2: tf2026|move: Aurora Veil\n|upkeep\n|turn|11\n|j| Loppi Loppi\n|c|\u2606z123z|can you miss one pls\n|c|\u2606z123z|lmao\n|\n|t:|1776118800\n|move|p2b: Milotic|Hypnosis|p1a: Farigiraf\n|-status|p1a: Farigiraf|slp|[from] move: Hypnosis\n|move|p2a: Aegislash|Poltergeist|p1b: Torkoal|[miss]\n|-miss|p2a: Aegislash|p1b: Torkoal\n|move|p1b: Torkoal|Heat Wave|p2a: Aegislash|[spread] p2a,p2b\n|-supereffective|p2a: Aegislash|1\n|-resisted|p2b: Milotic|1\n|-damage|p2a: Aegislash|0 fnt\n|-damage|p2b: Milotic|74/100\n|faint|p2a: Aegislash\n|cant|p1a: Farigiraf|slp\n|\n|-weather|none\n|-heal|p2b: Milotic|80/100|[from] item: Leftovers\n|upkeep\n|\n|t:|1776118807\n|switch|p2a: Froslass|Froslass-Mega, L50, F|100/100\n|-weather|Snowscape|[from] ability: Snow Warning|[of] p2a: Froslass\n|turn|12\n|\n|t:|1776118825\n|switch|p1b: Kangaskhan|Kangaskhan-Mega, L50, F|92/100 slp\n|cant|p1a: Farigiraf|slp\n|move|p2a: Froslass|Blizzard|p1a: Farigiraf|[spread] p1a,p1b\n|-crit|p1b: Kangaskhan\n|-damage|p1a: Farigiraf|10/100 slp\n|-damage|p1b: Kangaskhan|36/100 slp\n|move|p2b: Milotic|Scald|p1b: Kangaskhan\n|-damage|p1b: Kangaskhan|11/100 slp\n|\n|-weather|Snowscape|[upkeep]\n|-heal|p2b: Milotic|86/100|[from] item: Leftovers\n|upkeep\n|turn|13\n|\n|t:|1776118842\n|-curestatus|p1a: Farigiraf|slp|[msg]\n|move|p1a: Farigiraf|Protect|p1a: Farigiraf\n|-singleturn|p1a: Farigiraf|Protect\n|cant|p1b: Kangaskhan|slp\n|move|p2a: Froslass|Blizzard|p1a: Farigiraf|[spread] p1b\n|-activate|p1a: Farigiraf|move: Protect\n|-damage|p1b: Kangaskhan|0 fnt\n|faint|p1b: Kangaskhan\n|move|p2b: Milotic|Coil|p2b: Milotic\n|-boost|p2b: Milotic|atk|1\n|-boost|p2b: Milotic|def|1\n|-boost|p2b: Milotic|accuracy|1\n|\n|-weather|Snowscape|[upkeep]\n|-heal|p2b: Milotic|92/100|[from] item: Leftovers\n|upkeep\n|\n|t:|1776118848\n|switch|p1b: Torkoal|Torkoal, L50, F|72/100\n|-weather|SunnyDay|[from] ability: Drought|[of] p1b: Torkoal\n|turn|14\n|\n|t:|1776118868\n|switch|p1a: Kingambit|Kingambit, L50, M|100/100\n|move|p1b: Torkoal|Protect|p1b: Torkoal\n|-singleturn|p1b: Torkoal|Protect\n|move|p2a: Froslass|Blizzard|p1b: Torkoal|[spread] p1a\n|-activate|p1b: Torkoal|move: Protect\n|-resisted|p1a: Kingambit|1\n|-damage|p1a: Kingambit|80/100\n|move|p2b: Milotic|Hypnosis|p1b: Torkoal\n|-activate|p1b: Torkoal|move: Protect\n|\n|-weather|SunnyDay|[upkeep]\n|-heal|p2b: Milotic|98/100|[from] item: Leftovers\n|upkeep\n|turn|15\n|\n|t:|1776118894\n|move|p2a: Froslass|Shadow Ball|p1b: Torkoal\n|-damage|p1b: Torkoal|14/100\n|-unboost|p1b: Torkoal|spd|1\n|move|p2b: Milotic|Hypnosis|p1a: Kingambit\n|-status|p1a: Kingambit|slp|[from] move: Hypnosis\n|cant|p1a: Kingambit|slp\n|move|p1b: Torkoal|Weather Ball|p2b: Milotic\n|-resisted|p2b: Milotic|1\n|-damage|p2b: Milotic|71/100\n|\n|-weather|SunnyDay|[upkeep]\n|-heal|p2b: Milotic|77/100|[from] item: Leftovers\n|upkeep\n|turn|16\n|c| Carrielis|Froslass in a horrible position but this milotic may just win by itself off the basis of being super hard to kiill atp\n|j|%Tb0lt\n|c|\u2606z123z|he hit 4 hypnosis in a row\n|c|\u2606z123z|this is a nightmare\n|c|\u2606tf2026|well it was 80%\n|inactive|z123z has 30 seconds left.\n|inactive|tf2026 has 30 seconds left.\n|c|\u2606tf2026|to be fair\n|c| Carrielis|I mran its coil\n|inactive|z123z has 20 seconds left.\n|inactive|tf2026 has 20 seconds left.\n|\n|t:|1776118932\n|move|p1b: Torkoal|Protect|p1b: Torkoal\n|-singleturn|p1b: Torkoal|Protect\n|move|p2a: Froslass|Shadow Ball|p1b: Torkoal\n|-activate|p1b: Torkoal|move: Protect\n|move|p2b: Milotic|Scald|p1a: Kingambit\n|-crit|p1a: Kingambit\n|-damage|p1a: Kingambit|60/100 slp\n|cant|p1a: Kingambit|slp\n|\n|-weather|SunnyDay|[upkeep]\n|-heal|p2b: Milotic|83/100|[from] item: Leftovers\n|upkeep\n|turn|17\n|c|%Tb0lt|is this secretly fangame10\n|l| thathorsetho\n|inactive|z123z has 30 seconds left.\n|\n|t:|1776118961\n|move|p2a: Froslass|Protect|p2a: Froslass\n|-singleturn|p2a: Froslass|Protect\n|move|p1b: Torkoal|Protect||[still]\n|-fail|p1b: Torkoal\n|-curestatus|p1a: Kingambit|slp|[msg]\n|move|p1a: Kingambit|Sucker Punch||[still]\n|-fail|p1a: Kingambit\n|move|p2b: Milotic|Scald|p1b: Torkoal\n|-supereffective|p1b: Torkoal|1\n|-damage|p1b: Torkoal|0 fnt\n|faint|p1b: Torkoal\n|\n|-weather|SunnyDay|[upkeep]\n|-heal|p2b: Milotic|89/100|[from] item: Leftovers\n|upkeep\n|\n|t:|1776118964\n|switch|p1b: Farigiraf|Farigiraf, L50, M|10/100\n|turn|18\n|j| SupaJello\n|\n|t:|1776118980\n|move|p2a: Froslass|Protect||[still]\n|-fail|p2a: Froslass\n|move|p1b: Farigiraf|Protect|p1b: Farigiraf\n|-singleturn|p1b: Farigiraf|Protect\n|move|p2b: Milotic|Hypnosis|p1a: Kingambit\n|-status|p1a: Kingambit|slp|[from] move: Hypnosis\n|cant|p1a: Kingambit|slp\n|\n|-weather|none\n|-heal|p2b: Milotic|95/100|[from] item: Leftovers\n|upkeep\n|turn|19\n|c|\u2606z123z|lmao\n|c| Carrielis|Think its ggs\n|c|\u2606z123z|i forgot about coil accuracy\n|inactive|z123z has 30 seconds left.\n|\n|t:|1776119006\n|cant|p1a: Kingambit|slp\n|move|p2a: Froslass|Blizzard|p1a: Kingambit|[spread] p1a,p1b\n|-resisted|p1a: Kingambit|1\n|-damage|p1a: Kingambit|35/100 slp\n|-damage|p1b: Farigiraf|0 fnt\n|faint|p1b: Farigiraf\n|move|p2b: Milotic|Scald|p1a: Kingambit\n|-damage|p1a: Kingambit|7/100 slp\n|\n|-heal|p2b: Milotic|100/100|[from] item: Leftovers\n|upkeep\n|turn|20\n|c| Carrielis|Milotic is evil\n|c|\u2606z123z|gg\n|c|\u2606tf2026|gg\n|l| scalopocomascalo\n|c|\u2606tf2026|milotic carry\n|\n|t:|1776119021\n|-curestatus|p1a: Kingambit|slp|[msg]\n|move|p1a: Kingambit|Sucker Punch|p2a: Froslass\n|-supereffective|p2a: Froslass|1\n|-damage|p2a: Froslass|0 fnt\n|faint|p2a: Froslass\n|move|p2b: Milotic|Scald|p1a: Kingambit\n|-damage|p1a: Kingambit|0 fnt\n|faint|p1a: Kingambit\n|\n|win|tf2026\n|n|\u2606z123z|z123z\n|n|\u2606tf2026|tf2026\n|n| ondoo|ondoo\n|n| 23456ujhgrew|23456ujhgrew\n|n| DJPlace|djplace\n|n| TzelYT|tzelyt\n|n| Thogi_|thogi\n|n| chromate|chromate\n|n| takinggaming|takinggaming\n|n| Carrielis|carrielis\n|n| Loppi Loppi|loppiloppi\n|n|%Tb0lt|tb0lt\n|n| SupaJello|supajello\n",
  "uploadtime": 1776119022,
  "views": 16,
  "formatid": "gen9championsvgc2026regma",
  "rating": null,
  "private": 0,
  "password": null
}