{
  "id": "gen9championsvgc2026regma-2589570201",
  "format": "[Gen 9 Champions] VGC 2026 Reg M-A",
  "players": [
    "Dsjp",
    "szadek"
  ],
  "log": "|j|\u2606Dsjp\n|j|\u2606szadek\n|t:|1776735101\n|gametype|doubles\n|player|p1|Dsjp|hilbert|1184\n|player|p2|szadek|veteran|1134\n|gen|9\n|tier|[Gen 9 Champions] VGC 2026 Reg M-A\n|rated|\n|rule|Species Clause: Limit one of each Pok\u00e9mon\n|rule|Item Clause: Limit 1 of each item\n|clearpoke\n|poke|p1|Floette-Eternal, L50, F|\n|poke|p1|Garchomp, L50, F|\n|poke|p1|Kingambit, L50, F|\n|poke|p1|Basculegion, L50, M|\n|poke|p1|Sneasler, L50, M|\n|poke|p1|Froslass, L50, F|\n|poke|p2|Charizard, L50, M|\n|poke|p2|Venusaur, L50, F, shiny|\n|poke|p2|Archaludon, L50, F, shiny|\n|poke|p2|Sneasler, L50, M|\n|poke|p2|Milotic, L50, F, shiny|\n|poke|p2|Whimsicott, L50, M, shiny|\n|teampreview|4\n|inactive|Battle timer is ON: inactive players will automatically lose when time's up. (requested by Dsjp)\n|inactive|Dsjp has 60 seconds left.\n|inactive|szadek has 60 seconds left.\n|\n|t:|1776735147\n|teamsize|p1|4\n|teamsize|p2|4\n|start\n|switch|p1a: Sneasler|Sneasler, L50, M|100/100\n|switch|p1b: Froslass|Froslass, L50, F|100/100\n|switch|p2a: Venusaur|Venusaur, L50, F, shiny|100/100\n|switch|p2b: Charizard|Charizard, L50, M|100/100\n|turn|1\n|\n|t:|1776735167\n|move|p1b: Froslass|Protect|p1b: Froslass\n|-singleturn|p1b: Froslass|Protect\n|move|p2b: Charizard|Protect|p2b: Charizard\n|-singleturn|p2b: Charizard|Protect\n|move|p1a: Sneasler|Fake Out|p2a: Venusaur\n|-damage|p2a: Venusaur|81/100\n|cant|p2a: Venusaur|flinch\n|\n|upkeep\n|turn|2\n|inactive|Dsjp has 30 seconds left.\n|inactive|szadek has 30 seconds left.\n|\n|t:|1776735198\n|detailschange|p1b: Froslass|Froslass-Mega, L50, F\n|-mega|p1b: Froslass|Froslass|Froslassite\n|-weather|Snowscape|[from] ability: Snow Warning|[of] p1b: Froslass\n|detailschange|p2b: Charizard|Charizard-Mega-X, L50, M\n|-mega|p2b: Charizard|Charizard|Charizardite X\n|move|p1a: Sneasler|Dire Claw|p2a: Venusaur\n|-damage|p2a: Venusaur|23/100\n|move|p1b: Froslass|Blizzard|p2a: Venusaur|[spread] p2a,p2b\n|-supereffective|p2a: Venusaur|1\n|-damage|p2a: Venusaur|0 fnt\n|-damage|p2b: Charizard|57/100\n|faint|p2a: Venusaur\n|move|p2b: Charizard|Dragon Dance|p2b: Charizard\n|-boost|p2b: Charizard|atk|1\n|-boost|p2b: Charizard|spe|1\n|\n|-weather|Snowscape|[upkeep]\n|upkeep\n|\n|t:|1776735213\n|switch|p2a: Sneasler|Sneasler, L50, M|100/100\n|turn|3\n|\n|t:|1776735232\n|switch|p1a: Garchomp|Garchomp, L50, F|100/100\n|move|p1b: Froslass|Protect|p1b: Froslass\n|-singleturn|p1b: Froslass|Protect\n|move|p2a: Sneasler|Fake Out|p1a: Garchomp\n|-damage|p1a: Garchomp|87/100\n|-damage|p2a: Sneasler|88/100|[from] ability: Rough Skin|[of] p1a: Garchomp\n|move|p2b: Charizard|Flare Blitz|p1b: Froslass\n|-activate|p1b: Froslass|move: Protect\n|\n|-weather|Snowscape|[upkeep]\n|upkeep\n|turn|4\n|inactive|szadek has 30 seconds left.\n|inactive|szadek has 20 seconds left.\n|inactive|szadek has 15 seconds left.\n|\n|t:|1776735274\n|switch|p1b: Sneasler|Sneasler, L50, M|100/100\n|move|p1a: Garchomp|Protect|p1a: Garchomp\n|-singleturn|p1a: Garchomp|Protect\n|move|p2b: Charizard|Flare Blitz|p1b: Sneasler\n|-enditem|p1b: Sneasler|Focus Sash\n|-damage|p1b: Sneasler|1/100\n|-damage|p2b: Charizard|29/100|[from] Recoil\n|move|p2a: Sneasler|Close Combat|p1a: Garchomp\n|-activate|p1a: Garchomp|move: Protect\n|\n|-weather|Snowscape|[upkeep]\n|upkeep\n|turn|5\n|inactive|Dsjp has 30 seconds left.\n|inactive|Dsjp has 20 seconds left.\n|inactive|Dsjp has 15 seconds left.\n|inactive|Dsjp has 10 seconds left.\n|\n|t:|1776735321\n|move|p2b: Charizard|Protect|p2b: Charizard\n|-singleturn|p2b: Charizard|Protect\n|move|p1b: Sneasler|Fake Out|p2b: Charizard\n|-activate|p2b: Charizard|move: Protect\n|move|p2a: Sneasler|Dire Claw|p1b: Sneasler\n|-resisted|p1b: Sneasler|1\n|-damage|p1b: Sneasler|0 fnt\n|faint|p1b: Sneasler\n|move|p1a: Garchomp|Earthquake|p2b: Charizard|[spread] p2a\n|-activate|p2b: Charizard|move: Protect\n|-supereffective|p2a: Sneasler|1\n|-damage|p2a: Sneasler|0 fnt\n|faint|p2a: Sneasler\n|\n|-weather|Snowscape|[upkeep]\n|upkeep\n|\n|t:|1776735334\n|switch|p2a: Archaludon|Archaludon, L50, F, shiny|100/100\n|switch|p1b: Basculegion|Basculegion, L50, M|100/100\n|turn|6\n|\n|t:|1776735354\n|move|p1b: Basculegion|Aqua Jet|p2b: Charizard\n|-damage|p2b: Charizard|3/100\n|move|p2a: Archaludon|Thunderbolt|p1b: Basculegion\n|-supereffective|p1b: Basculegion|1\n|-damage|p1b: Basculegion|42/100\n|-enditem|p1b: Basculegion|Sitrus Berry|[eat]\n|-heal|p1b: Basculegion|67/100|[from] item: Sitrus Berry\n|move|p2b: Charizard|Dragon Claw|p1a: Garchomp\n|-supereffective|p1a: Garchomp|1\n|-enditem|p1a: Garchomp|Haban Berry|[eat]\n|-enditem|p1a: Garchomp|Haban Berry|[weaken]\n|-damage|p1a: Garchomp|33/100\n|-damage|p2b: Charizard|0 fnt|[from] ability: Rough Skin|[of] p1a: Garchomp\n|faint|p2b: Charizard\n|move|p1a: Garchomp|Earthquake|p2a: Archaludon|[spread] p1b,p2a\n|-supereffective|p2a: Archaludon|1\n|-damage|p1b: Basculegion|30/100\n|-damage|p2a: Archaludon|42/100\n|\n|-weather|none\n|upkeep\n|turn|7\n|c|\u2606szadek|gg\n|-message|szadek forfeited.\n|\n|win|Dsjp\n|raw|Dsjp's rating: 1184 &rarr; <strong>1205</strong><br />(+21 for winning)\n|raw|szadek's rating: 1134 &rarr; <strong>1113</strong><br />(-21 for losing)\n|l|\u2606Dsjp\n|player|p1|\n",
  "uploadtime": 1776735375,
  "views": 2,
  "formatid": "gen9championsvgc2026regma",
  "rating": 1113,
  "private": 0,
  "password": null
}