{
  "id": "gen9championsvgc2026regma-2587029150",
  "format": "[Gen 9 Champions] VGC 2026 Reg M-A",
  "players": [
    "hello_5555",
    "Chesnaughtmeister"
  ],
  "log": "|j|\u2606hello_5555\n|j|\u2606Chesnaughtmeister\n|t:|1776482928\n|gametype|doubles\n|player|p1|hello_5555|rocketgruntf|1156\n|player|p2|Chesnaughtmeister|alder|1247\n|gen|9\n|tier|[Gen 9 Champions] VGC 2026 Reg M-A\n|rated|\n|rule|Species Clause: Limit one of each Pok\u00e9mon\n|rule|Item Clause: Limit 1 of each item\n|clearpoke\n|poke|p1|Floette-Eternal, L50, F|\n|poke|p1|Aerodactyl, L50, M|\n|poke|p1|Sneasler, L50, M|\n|poke|p1|Rotom-Heat, L50|\n|poke|p1|Garchomp, L50, F|\n|poke|p1|Kingambit, L50, M|\n|poke|p2|Chesnaught, L50, M|\n|poke|p2|Archaludon, L50, F|\n|poke|p2|Pelipper, L50, F|\n|poke|p2|Sneasler, L50, M|\n|poke|p2|Sinistcha, L50|\n|poke|p2|Greninja-*, L50, M|\n|teampreview|4\n|\n|t:|1776482984\n|teamsize|p1|4\n|teamsize|p2|4\n|start\n|switch|p1a: Sneasler|Sneasler, L50, M|100/100\n|switch|p1b: Aerodactyl|Aerodactyl, L50, M|100/100\n|switch|p2a: Let\u2019s Just Crash|Greninja, L50, M|100/100\n|switch|p2b: Chicago|Sneasler, L50, M|100/100\n|-ability|p1b: Aerodactyl|Unnerve\n|turn|1\n|\n|t:|1776483014\n|detailschange|p2a: Let\u2019s Just Crash|Greninja-Mega, L50, M\n|-mega|p2a: Let\u2019s Just Crash|Greninja|Greninjite\n|move|p1b: Aerodactyl|Protect|p1b: Aerodactyl\n|-singleturn|p1b: Aerodactyl|Protect\n|move|p1a: Sneasler|Protect|p1a: Sneasler\n|-singleturn|p1a: Sneasler|Protect\n|move|p2a: Let\u2019s Just Crash|Water Shuriken|p1b: Aerodactyl\n|-start|p2a: Let\u2019s Just Crash|typechange|Water|[from] ability: Protean\n|-activate|p1b: Aerodactyl|move: Protect\n|move|p2b: Chicago|Rock Slide|p1b: Aerodactyl|[spread] \n|-activate|p1a: Sneasler|move: Protect\n|-activate|p1b: Aerodactyl|move: Protect\n|\n|upkeep\n|turn|2\n|\n|t:|1776483041\n|move|p2a: Let\u2019s Just Crash|Water Shuriken|p1b: Aerodactyl\n|-supereffective|p1b: Aerodactyl|1\n|-enditem|p1b: Aerodactyl|Passho Berry|[eat]\n|-enditem|p1b: Aerodactyl|Passho Berry|[weaken]\n|-damage|p1b: Aerodactyl|87/100\n|-supereffective|p1b: Aerodactyl|1\n|-damage|p1b: Aerodactyl|64/100\n|-supereffective|p1b: Aerodactyl|1\n|-damage|p1b: Aerodactyl|39/100\n|-hitcount|p1b: Aerodactyl|3\n|move|p1b: Aerodactyl|Tailwind|p1b: Aerodactyl\n|-sidestart|p1: hello_5555|move: Tailwind\n|move|p1a: Sneasler|Close Combat|p2a: Let\u2019s Just Crash\n|-damage|p2a: Let\u2019s Just Crash|9/100\n|-unboost|p1a: Sneasler|def|1\n|-unboost|p1a: Sneasler|spd|1\n|-enditem|p1a: Sneasler|White Herb\n|-clearnegativeboost|p1a: Sneasler|[silent]\n|move|p2b: Chicago|Close Combat|p1a: Sneasler\n|-resisted|p1a: Sneasler|1\n|-damage|p1a: Sneasler|46/100\n|-unboost|p2b: Chicago|def|1\n|-unboost|p2b: Chicago|spd|1\n|-enditem|p2b: Chicago|White Herb\n|-clearnegativeboost|p2b: Chicago|[silent]\n|\n|upkeep\n|turn|3\n|\n|t:|1776483093\n|switch|p1a: Garchomp|Garchomp, L50, F|100/100\n|move|p2a: Let\u2019s Just Crash|Water Shuriken|p1a: Garchomp\n|-damage|p1a: Garchomp|91/100\n|-damage|p1a: Garchomp|82/100\n|-damage|p1a: Garchomp|72/100\n|-damage|p1a: Garchomp|63/100\n|-hitcount|p1a: Garchomp|4\n|move|p1b: Aerodactyl|Rock Slide|p2b: Chicago|[spread] p2a,p2b\n|-resisted|p2b: Chicago|1\n|-damage|p2a: Let\u2019s Just Crash|0 fnt\n|-damage|p2b: Chicago|81/100\n|faint|p2a: Let\u2019s Just Crash\n|move|p2b: Chicago|Close Combat|p1b: Aerodactyl\n|-damage|p1b: Aerodactyl|0 fnt\n|-unboost|p2b: Chicago|def|1\n|-unboost|p2b: Chicago|spd|1\n|faint|p1b: Aerodactyl\n|\n|upkeep\n|\n|t:|1776483114\n|switch|p2a: Beleza Pula|Pelipper, L50, F|100/100\n|switch|p1b: Sneasler|Sneasler, L50, M|46/100\n|-weather|RainDance|[from] ability: Drizzle|[of] p2a: Beleza Pula\n|turn|4\n|\n|t:|1776483153\n|move|p2b: Chicago|Protect|p2b: Chicago\n|-singleturn|p2b: Chicago|Protect\n|move|p1b: Sneasler|Fake Out|p2b: Chicago\n|-activate|p2b: Chicago|move: Protect\n|move|p1a: Garchomp|Rock Slide|p2b: Chicago|[spread] p2a\n|-activate|p2b: Chicago|move: Protect\n|-supereffective|p2a: Beleza Pula|1\n|-crit|p2a: Beleza Pula\n|-damage|p2a: Beleza Pula|16/100\n|move|p2a: Beleza Pula|Weather Ball|p1a: Garchomp\n|-damage|p1a: Garchomp|0 fnt\n|faint|p1a: Garchomp\n|\n|-weather|RainDance|[upkeep]\n|upkeep\n|\n|t:|1776483167\n|switch|p1a: Floette|Floette-Eternal, L50, F|100/100\n|turn|5\n|\n|t:|1776483193\n|detailschange|p1a: Floette|Floette-Mega, L50, F\n|-mega|p1a: Floette|Floette|Floettite\n|-ability|p1a: Floette|Fairy Aura\n|move|p2a: Beleza Pula|Wide Guard|p2a: Beleza Pula\n|-singleturn|p2a: Beleza Pula|Wide Guard\n|move|p2b: Chicago|Dire Claw|p1a: Floette\n|-supereffective|p1a: Floette|1\n|-damage|p1a: Floette|0 fnt\n|faint|p1a: Floette\n|move|p1b: Sneasler|Close Combat|p2b: Chicago\n|-resisted|p2b: Chicago|1\n|-damage|p2b: Chicago|0 fnt\n|-unboost|p1b: Sneasler|def|1\n|-unboost|p1b: Sneasler|spd|1\n|faint|p2b: Chicago\n|\n|-weather|RainDance|[upkeep]\n|-sideend|p1: hello_5555|move: Tailwind\n|upkeep\n|\n|t:|1776483206\n|switch|p2b: Superfly|Archaludon, L50, F, shiny|100/100\n|turn|6\n|\n|t:|1776483221\n|move|p1b: Sneasler|Close Combat|p2b: Superfly\n|-supereffective|p2b: Superfly|1\n|-enditem|p2b: Superfly|Chople Berry|[eat]\n|-enditem|p2b: Superfly|Chople Berry|[weaken]\n|-damage|p2b: Superfly|54/100\n|-unboost|p1b: Sneasler|def|1\n|-unboost|p1b: Sneasler|spd|1\n|-ability|p2b: Superfly|Stamina|boost\n|-boost|p2b: Superfly|def|1\n|move|p2a: Beleza Pula|Weather Ball|p1b: Sneasler\n|-damage|p1b: Sneasler|0 fnt\n|faint|p1b: Sneasler\n|\n|win|Chesnaughtmeister\n|raw|hello_5555's rating: 1156 &rarr; <strong>1137</strong><br />(-19 for losing)\n|raw|Chesnaughtmeister's rating: 1247 &rarr; <strong>1266</strong><br />(+19 for winning)\n|l|\u2606Chesnaughtmeister\n|player|p2|\n",
  "uploadtime": 1776483238,
  "views": 19,
  "formatid": "gen9championsvgc2026regma",
  "rating": 1137,
  "private": 0,
  "password": null
}