{
  "id": "gen9championsvgc2026regma-2583070751",
  "format": "[Gen 9 Champions] VGC 2026 Reg M-A",
  "players": [
    "Spma13",
    "kiepa66"
  ],
  "log": "|j|\u2606Spma13\n|j|\u2606kiepa66\n|t:|1776138758\n|gametype|doubles\n|player|p1|Spma13|169|1110\n|player|p2|kiepa66|burgh|1087\n|gen|9\n|tier|[Gen 9 Champions] VGC 2026 Reg M-A\n|rated|\n|rule|Species Clause: Limit one of each Pok\u00e9mon\n|rule|Item Clause: Limit 1 of each item\n|clearpoke\n|poke|p1|Sableye, L50, F|\n|poke|p1|Flapple, L50, M|\n|poke|p1|Maushold, L50|\n|poke|p1|Froslass, L50, F|\n|poke|p1|Incineroar, L50, M|\n|poke|p1|Garchomp, L50, F|\n|poke|p2|Lucario, L50, M|\n|poke|p2|Whimsicott, L50, F|\n|poke|p2|Incineroar, L50, M|\n|poke|p2|Rotom-Frost, L50|\n|poke|p2|Sneasler, L50, M|\n|poke|p2|Dragonite, L50, F|\n|teampreview|4\n|inactive|Battle timer is ON: inactive players will automatically lose when time's up. (requested by kiepa66)\n|inactive|Spma13 also wants the timer to be on.\nkiepa66 rejected open team sheets.\n|\n|t:|1776138779\n|teamsize|p1|4\n|teamsize|p2|4\n|start\n|switch|p1a: Froslass|Froslass, L50, F|100/100\n|switch|p1b: Sableye|Sableye, L50, F|100/100\n|switch|p2a: Lucario|Lucario, L50, M|100/100\n|switch|p2b: Whimsicott|Whimsicott, L50, F|100/100\n|turn|1\n|\n|t:|1776138790\n|detailschange|p1a: Froslass|Froslass-Mega, L50, F\n|-mega|p1a: Froslass|Froslass|Froslassite\n|-weather|Snowscape|[from] ability: Snow Warning|[of] p1a: Froslass\n|move|p1b: Sableye|Thunder Wave|p2a: Lucario\n|-status|p2a: Lucario|par\n|move|p1a: Froslass|Blizzard|p2b: Whimsicott|[spread] p2a,p2b\n|-resisted|p2a: Lucario|1\n|-supereffective|p2b: Whimsicott|1\n|-damage|p2a: Lucario|60/100 par\n|-enditem|p2b: Whimsicott|Focus Sash\n|-damage|p2b: Whimsicott|1/100\n|move|p2b: Whimsicott|Beat Up|p2a: Lucario\n|-resisted|p2a: Lucario|1\n|-damage|p2a: Lucario|59/100 par\n|-ability|p2a: Lucario|Justified|boost\n|-boost|p2a: Lucario|atk|1\n|-resisted|p2a: Lucario|1\n|-damage|p2a: Lucario|56/100 par\n|-ability|p2a: Lucario|Justified|boost\n|-boost|p2a: Lucario|atk|1\n|-resisted|p2a: Lucario|1\n|-damage|p2a: Lucario|55/100 par\n|-ability|p2a: Lucario|Justified|boost\n|-boost|p2a: Lucario|atk|1\n|-hitcount|p2a: Lucario|3\n|move|p2a: Lucario|Earthquake|p1a: Froslass|[spread] p2b,p1a,p1b\n|-resisted|p2b: Whimsicott|1\n|-crit|p2b: Whimsicott\n|-damage|p2b: Whimsicott|0 fnt\n|-damage|p1a: Froslass|34/100\n|-damage|p1b: Sableye|25/100\n|-enditem|p1b: Sableye|Sitrus Berry|[eat]\n|-heal|p1b: Sableye|50/100|[from] item: Sitrus Berry\n|faint|p2b: Whimsicott\n|\n|-weather|Snowscape|[upkeep]\n|upkeep\n|\n|t:|1776138815\n|switch|p2b: Rotom|Rotom-Frost, L50|100/100\n|turn|2\n|\n|t:|1776138828\n|move|p1a: Froslass|Protect|p1a: Froslass\n|-singleturn|p1a: Froslass|Protect\n|move|p2a: Lucario|Bullet Punch|p1a: Froslass\n|-activate|p1a: Froslass|move: Protect\n|move|p1b: Sableye|Gravity|p1b: Sableye\n|-fieldstart|move: Gravity\n|move|p2b: Rotom|Nasty Plot|p2b: Rotom\n|-boost|p2b: Rotom|spa|2\n|\n|-weather|Snowscape|[upkeep]\n|upkeep\n|turn|3\n|inactive|Spma13 has 30 seconds left.\n|inactive|Spma13 has 20 seconds left.\n|\n|t:|1776138864\n|move|p2a: Lucario|Bullet Punch|p1a: Froslass\n|-supereffective|p1a: Froslass|1\n|-damage|p1a: Froslass|0 fnt\n|faint|p1a: Froslass\n|move|p2b: Rotom|Blizzard|p1b: Sableye\n|-damage|p1b: Sableye|0 fnt\n|faint|p1b: Sableye\n|\n|-weather|Snowscape|[upkeep]\n|upkeep\n|\n|t:|1776138868\n|switch|p1a: Incineroar|Incineroar, L50, M|100/100\n|switch|p1b: Maushold|Maushold, L50|100/100\n|-ability|p1a: Incineroar|Intimidate|boost\n|-unboost|p2a: Lucario|atk|1\n|-unboost|p2b: Rotom|atk|1\n|turn|4\n|\n|t:|1776138877\n|move|p1b: Maushold|Protect|p1b: Maushold\n|-singleturn|p1b: Maushold|Protect\n|cant|p2a: Lucario|par\n|move|p2b: Rotom|Blizzard|p1b: Maushold|[spread] p1a\n|-activate|p1b: Maushold|move: Protect\n|-resisted|p1a: Incineroar|1\n|-damage|p1a: Incineroar|58/100\n|move|p1a: Incineroar|Flare Blitz|p2a: Lucario\n|-supereffective|p2a: Lucario|1\n|-damage|p2a: Lucario|0 fnt\n|faint|p2a: Lucario\n|-damage|p1a: Incineroar|45/100|[from] Recoil\n|\n|-weather|Snowscape|[upkeep]\n|upkeep\n|\n|t:|1776138885\n|switch|p2a: Dragonite|Dragonite, L50, F|100/100\n|turn|5\n|\n|t:|1776138898\n|detailschange|p2a: Dragonite|Dragonite-Mega, L50, F\n|-mega|p2a: Dragonite|Dragonite|Dragoninite\n|move|p1b: Maushold|Population Bomb|p2b: Rotom\n|-damage|p2b: Rotom|90/100\n|-damage|p2b: Rotom|81/100\n|-damage|p2b: Rotom|69/100\n|-damage|p2b: Rotom|59/100\n|-damage|p2b: Rotom|49/100\n|-damage|p2b: Rotom|39/100\n|-damage|p2b: Rotom|29/100\n|-damage|p2b: Rotom|19/100\n|-damage|p2b: Rotom|8/100\n|-damage|p2b: Rotom|0 fnt\n|faint|p2b: Rotom\n|-hitcount|p2: Rotom|10\n|move|p2a: Dragonite|Dragon Pulse|p1a: Incineroar\n|-damage|p1a: Incineroar|0 fnt\n|faint|p1a: Incineroar\n|\n|-weather|none\n|upkeep\n|turn|6\n|\n|t:|1776138918\n|move|p1b: Maushold|Population Bomb|p2a: Dragonite\n|-damage|p2a: Dragonite|95/100\n|-damage|p2a: Dragonite|85/100\n|-damage|p2a: Dragonite|75/100\n|-damage|p2a: Dragonite|65/100\n|-damage|p2a: Dragonite|54/100\n|-damage|p2a: Dragonite|43/100\n|-damage|p2a: Dragonite|33/100\n|-damage|p2a: Dragonite|23/100\n|-damage|p2a: Dragonite|13/100\n|-damage|p2a: Dragonite|2/100\n|-hitcount|p2a: Dragonite|10\n|cant|p2a: Dragonite|flinch\n|\n|-fieldend|move: Gravity\n|upkeep\n|turn|7\n|c|\u2606kiepa66|LMAO\n|inactive|kiepa66 has 30 seconds left.\n|c|\u2606kiepa66|Gg\n|\n|t:|1776138950\n|move|p1b: Maushold|Bite|p2a: Dragonite\n|-damage|p2a: Dragonite|0 fnt\n|faint|p2a: Dragonite\n|\n|win|Spma13\n|raw|Spma13's rating: 1110 &rarr; <strong>1133</strong><br />(+23 for winning)\n|raw|kiepa66's rating: 1087 &rarr; <strong>1065</strong><br />(-22 for losing)\n|l|\u2606Spma13\n|player|p1|\n",
  "uploadtime": 1776138957,
  "views": 14,
  "formatid": "gen9championsvgc2026regma",
  "rating": 1065,
  "private": 0,
  "password": null
}