{
  "id": "gen9championsvgc2026regma-2581276106",
  "format": "[Gen 9 Champions] VGC 2026 Reg M-A",
  "players": [
    "dabhae",
    "desrichards"
  ],
  "log": "|j|\u2606dabhae\n|j|\u2606desrichards\n|t:|1775980031\n|gametype|doubles\n|player|p1|dabhae|guzma|1115\n|player|p2|desrichards|hilbert|1027\n|gen|9\n|tier|[Gen 9 Champions] VGC 2026 Reg M-A\n|rated|\n|rule|Species Clause: Limit one of each Pok\u00e9mon\n|rule|Item Clause: Limit 1 of each item\n|clearpoke\n|poke|p1|Incineroar, L50, F|\n|poke|p1|Pelipper, L50, M|\n|poke|p1|Archaludon, L50, F|\n|poke|p1|Runerigus, L50, F|\n|poke|p1|Drampa, L50, F|\n|poke|p1|Sinistcha, L50|\n|poke|p2|Rotom-Mow, L50|\n|poke|p2|Banette, L50, M|\n|poke|p2|Kommo-o, L50, F|\n|poke|p2|Feraligatr, L50, M|\n|poke|p2|Alakazam, L50, F|\n|poke|p2|Maushold-Four, L50|\n|teampreview|4\n|\n|t:|1775980060\n|teamsize|p1|4\n|teamsize|p2|4\n|start\n|switch|p1a: Incineroar|Incineroar, L50, F|100/100\n|switch|p1b: Pelipper|Pelipper, L50, M|100/100\n|switch|p2a: Kommo-o|Kommo-o, L50, F|100/100\n|switch|p2b: Feraligatr|Feraligatr, L50, M|100/100\n|-weather|RainDance|[from] ability: Drizzle|[of] p1b: Pelipper\n|-ability|p1a: Incineroar|Intimidate|boost\n|-unboost|p2a: Kommo-o|atk|1\n|-unboost|p2b: Feraligatr|atk|1\n|turn|1\n|\n|t:|1775980086\n|move|p1a: Incineroar|Fake Out|p2b: Feraligatr\n|-damage|p2b: Feraligatr|91/100\n|move|p1b: Pelipper|Tailwind|p1b: Pelipper\n|-sidestart|p1: dabhae|move: Tailwind\n|move|p2a: Kommo-o|Clangorous Soul|p2a: Kommo-o\n|-boost|p2a: Kommo-o|atk|1\n|-boost|p2a: Kommo-o|def|1\n|-boost|p2a: Kommo-o|spa|1\n|-boost|p2a: Kommo-o|spd|1\n|-boost|p2a: Kommo-o|spe|1\n|-damage|p2a: Kommo-o|68/100\n|cant|p2b: Feraligatr|flinch\n|\n|-weather|RainDance|[upkeep]\n|upkeep\n|turn|2\n|\n|t:|1775980102\n|switch|p1a: Archaludon|Archaludon, L50, F|100/100\n|move|p1b: Pelipper|Hurricane|p2a: Kommo-o\n|-supereffective|p2a: Kommo-o|1\n|-damage|p2a: Kommo-o|17/100\n|move|p2a: Kommo-o|Aura Sphere|p1a: Archaludon\n|-supereffective|p1a: Archaludon|1\n|-damage|p1a: Archaludon|0 fnt\n|faint|p1a: Archaludon\n|move|p2b: Feraligatr|Double-Edge|p1b: Pelipper\n|-damage|p1b: Pelipper|76/100\n|-damage|p2b: Feraligatr|85/100|[from] Recoil\n|\n|-weather|RainDance|[upkeep]\n|upkeep\n|\n|t:|1775980112\n|switch|p1a: Drampa|Drampa, L50, F|100/100\n|turn|3\n|\n|t:|1775980137\n|switch|p1a: Incineroar|Incineroar, L50, F|100/100\n|-ability|p1a: Incineroar|Intimidate|boost\n|-unboost|p2a: Kommo-o|atk|1\n|-unboost|p2b: Feraligatr|atk|1\n|detailschange|p2b: Feraligatr|Feraligatr-Mega, L50, M\n|-mega|p2b: Feraligatr|Feraligatr|Feraligite\n|move|p2a: Kommo-o|Protect|p2a: Kommo-o\n|-singleturn|p2a: Kommo-o|Protect\n|move|p1b: Pelipper|Hurricane|p2a: Kommo-o\n|-activate|p2a: Kommo-o|move: Protect\n|move|p2b: Feraligatr|Double-Edge|p1a: Incineroar\n|-damage|p1a: Incineroar|52/100\n|-damage|p2b: Feraligatr|69/100|[from] Recoil\n|\n|-weather|RainDance|[upkeep]\n|upkeep\n|turn|4\n|\n|t:|1775980163\n|switch|p2b: Banette|Banette, L50, M|100/100\n|move|p1a: Incineroar|Fake Out|p2b: Banette\n|-immune|p2b: Banette\n|move|p1b: Pelipper|Hurricane|p2a: Kommo-o\n|-supereffective|p2a: Kommo-o|1\n|-damage|p2a: Kommo-o|0 fnt\n|faint|p2a: Kommo-o\n|\n|-weather|RainDance|[upkeep]\n|-sideend|p1: dabhae|move: Tailwind\n|upkeep\n|\n|t:|1775980175\n|switch|p2a: Alakazam|Alakazam, L50, F|100/100\n|turn|5\n|\n|t:|1775980200\n|move|p2a: Alakazam|Focus Blast|p1a: Incineroar\n|-supereffective|p1a: Incineroar|1\n|-damage|p1a: Incineroar|0 fnt\n|faint|p1a: Incineroar\n|move|p1b: Pelipper|U-turn|p2a: Alakazam\n|-supereffective|p2a: Alakazam|1\n|-damage|p2a: Alakazam|58/100\n|\n|t:|1775980203\n|switch|p1b: Drampa|Drampa, L50, F|100/100|[from] U-turn\n|move|p2b: Banette|Taunt|p1b: Drampa\n|-start|p1b: Drampa|move: Taunt\n|\n|-weather|none\n|upkeep\n|\n|t:|1775980206\n|switch|p1a: Pelipper|Pelipper, L50, M|76/100\n|-weather|RainDance|[from] ability: Drizzle|[of] p1a: Pelipper\n|turn|6\n|\n|t:|1775980228\n|detailschange|p1b: Drampa|Drampa-Mega, L50, F\n|-mega|p1b: Drampa|Drampa|Drampanite\n|move|p2a: Alakazam|Focus Blast|p1b: Drampa\n|-supereffective|p1b: Drampa|1\n|-damage|p1b: Drampa|23/100\n|-ability|p1b: Drampa|Berserk|boost\n|-boost|p1b: Drampa|spa|1\n|move|p1a: Pelipper|Hurricane|p2b: Banette\n|-damage|p2b: Banette|46/100\n|-start|p2b: Banette|confusion\n|-activate|p2b: Banette|confusion\n|-damage|p2b: Banette|26/100|[from] confusion\n|move|p1b: Drampa|Thunder|p2a: Alakazam\n|-damage|p2a: Alakazam|0 fnt\n|faint|p2a: Alakazam\n|\n|-weather|RainDance|[upkeep]\n|upkeep\n|\n|t:|1775980235\n|switch|p2a: Feraligatr|Feraligatr-Mega, L50, M|69/100\n|turn|7\n|\n|t:|1775980262\n|move|p1a: Pelipper|Hurricane|p2a: Feraligatr\n|-damage|p2a: Feraligatr|31/100\n|move|p2a: Feraligatr|Double-Edge|p1a: Pelipper\n|-damage|p1a: Pelipper|0 fnt\n|faint|p1a: Pelipper\n|-damage|p2a: Feraligatr|14/100|[from] Recoil\n|-activate|p2b: Banette|confusion\n|move|p2b: Banette|Gunk Shot|p1b: Drampa\n|-damage|p1b: Drampa|0 fnt\n|faint|p1b: Drampa\n|\n|win|desrichards\n|raw|dabhae's rating: 1115 &rarr; <strong>1084</strong><br />(-31 for losing)\n|raw|desrichards's rating: 1027 &rarr; <strong>1072</strong><br />(+45 for winning)\n|l|\u2606dabhae\n|player|p1|\n",
  "uploadtime": 1775980287,
  "views": 33,
  "formatid": "gen9championsvgc2026regma",
  "rating": 1072,
  "private": 0,
  "password": null
}