{
  "id": "gen9championsvgc2026regma-2585939257",
  "format": "[Gen 9 Champions] VGC 2026 Reg M-A",
  "players": [
    "xtreemmasheen3k2",
    "loklastaji"
  ],
  "log": "|j|\u2606xtreemmasheen3k2\n|j|\u2606loklastaji\n|t:|1776383292\n|gametype|doubles\n|player|p1|xtreemmasheen3k2|170|1092\n|player|p2|loklastaji|265|1115\n|gen|9\n|tier|[Gen 9 Champions] VGC 2026 Reg M-A\n|rated|\n|rule|Species Clause: Limit one of each Pok\u00e9mon\n|rule|Item Clause: Limit 1 of each item\n|clearpoke\n|poke|p1|Sableye, L50, M|\n|poke|p1|Kingambit, L50, F|\n|poke|p1|Palafin, L50, F|\n|poke|p1|Politoed, L50, F|\n|poke|p1|Incineroar, L50, F|\n|poke|p1|Gengar, L50, M|\n|poke|p2|Samurott-Hisui, L50, F|\n|poke|p2|Delphox, L50, M|\n|poke|p2|Tinkaton, L50, F|\n|poke|p2|Decidueye-Hisui, L50, M|\n|poke|p2|Dragonite, L50, F|\n|poke|p2|Farigiraf, L50, M|\n|teampreview|4\n|\n|t:|1776383377\n|teamsize|p1|4\n|teamsize|p2|4\n|start\n|switch|p1a: Gengar|Gengar, L50, M|100/100\n|switch|p1b: Politoed|Politoed, L50, F|100/100\n|switch|p2a: Tinkaton|Tinkaton, L50, F|100/100\n|switch|p2b: Farigiraf|Farigiraf, L50, M|100/100\n|-weather|RainDance|[from] ability: Drizzle|[of] p1b: Politoed\n|turn|1\n|\n|t:|1776383427\n|detailschange|p1a: Gengar|Gengar-Mega, L50, M\n|-mega|p1a: Gengar|Gengar|Gengarite\n|move|p1a: Gengar|Protect|p1a: Gengar\n|-singleturn|p1a: Gengar|Protect\n|move|p2a: Tinkaton|Fake Out|p1b: Politoed\n|-damage|p1b: Politoed|90/100\n|cant|p1b: Politoed|flinch\n|move|p2b: Farigiraf|Expanding Force|p1a: Gengar\n|-activate|p1a: Gengar|move: Protect\n|\n|-weather|RainDance|[upkeep]\n|-heal|p1b: Politoed|96/100|[from] item: Leftovers\n|upkeep\n|turn|2\n|\n|t:|1776383472\n|switch|p1a: Incineroar|Incineroar, L50, F|100/100\n|-ability|p1a: Incineroar|Intimidate|boost\n|-fail|p2a: Tinkaton|unboost|Attack|[from] ability: Own Tempo|[of] p2a: Tinkaton\n|-unboost|p2b: Farigiraf|atk|1\n|move|p2a: Tinkaton|Gigaton Hammer|p1a: Incineroar\n|-resisted|p1a: Incineroar|1\n|-damage|p1a: Incineroar|78/100\n|move|p1b: Politoed|Weather Ball|p2b: Farigiraf\n|-damage|p2b: Farigiraf|48/100\n|move|p2b: Farigiraf|Psychic Terrain|p2b: Farigiraf\n|-fieldstart|move: Psychic Terrain\n|\n|-weather|RainDance|[upkeep]\n|-heal|p1b: Politoed|100/100|[from] item: Leftovers\n|upkeep\n|turn|3\n|\n|t:|1776383505\n|switch|p2a: Decidueye|Decidueye-Hisui, L50, M|100/100\n|switch|p2b: Samurott|Samurott-Hisui, L50, F|100/100\n|move|p1b: Politoed|Weather Ball|p2a: Decidueye\n|-resisted|p2a: Decidueye|1\n|-damage|p2a: Decidueye|69/100\n|move|p1a: Incineroar|Throat Chop|p2b: Samurott\n|-resisted|p2b: Samurott|1\n|-damage|p2b: Samurott|81/100\n|-start|p2b: Samurott|Throat Chop|[silent]\n|\n|-weather|RainDance|[upkeep]\n|upkeep\n|turn|4\n|\n|t:|1776383552\n|switch|p1a: Gengar|Gengar-Mega, L50, M|100/100\n|move|p2a: Decidueye|Leaf Blade|p1b: Politoed\n|-supereffective|p1b: Politoed|1\n|-damage|p1b: Politoed|8/100\n|move|p2b: Samurott|Ceaseless Edge|p1b: Politoed\n|-damage|p1b: Politoed|0 fnt\n|-sidestart|p1: xtreemmasheen3k2|Spikes\n|faint|p1b: Politoed\n|\n|-weather|RainDance|[upkeep]\n|-end|p2b: Samurott|Throat Chop|[silent]\n|upkeep\n|\n|t:|1776383571\n|switch|p1b: Incineroar|Incineroar, L50, F|78/100\n|-damage|p1b: Incineroar|66/100|[from] Spikes\n|-ability|p1b: Incineroar|Intimidate|boost\n|-fail|p2a: Decidueye|unboost|Attack|[from] ability: Scrappy|[of] p2a: Decidueye\n|-unboost|p2b: Samurott|atk|1\n|-enditem|p2b: Samurott|White Herb\n|-clearnegativeboost|p2b: Samurott|[silent]\n|turn|5\n|\n|t:|1776383607\n|move|p1b: Incineroar|Protect|p1b: Incineroar\n|-singleturn|p1b: Incineroar|Protect\n|move|p2a: Decidueye|Leaf Blade|p1a: Gengar\n|-resisted|p1a: Gengar|1\n|-damage|p1a: Gengar|77/100\n|move|p1a: Gengar|Disable|p2b: Samurott\n|-start|p2b: Samurott|Disable|Ceaseless Edge\n|move|p2b: Samurott|Aqua Cutter|p1a: Gengar\n|-damage|p1a: Gengar|0 fnt\n|faint|p1a: Gengar\n|\n|-weather|none\n|upkeep\n|-message|xtreemmasheen3k2 forfeited.\n|\n|win|loklastaji\n|raw|xtreemmasheen3k2's rating: 1092 &rarr; <strong>1070</strong><br />(-22 for losing)\n|raw|loklastaji's rating: 1115 &rarr; <strong>1138</strong><br />(+23 for winning)\n|l|\u2606xtreemmasheen3k2\n|player|p1|\n",
  "uploadtime": 1776383624,
  "views": 14,
  "formatid": "gen9championsvgc2026regma",
  "rating": 1070,
  "private": 0,
  "password": null
}