{
  "id": "gen9championsvgc2026regma-2583761386",
  "format": "[Gen 9 Champions] VGC 2026 Reg M-A",
  "players": [
    "sqsqsqsss",
    "Yosoynolazco"
  ],
  "log": "|j|\u2606sqsqsqsss\n|j|\u2606Yosoynolazco\n|t:|1776195924\n|gametype|doubles\n|player|p1|sqsqsqsss|169|1082\n|player|p2|Yosoynolazco|265|1168\n|gen|9\n|tier|[Gen 9 Champions] VGC 2026 Reg M-A\n|rated|\n|rule|Species Clause: Limit one of each Pok\u00e9mon\n|rule|Item Clause: Limit 1 of each item\n|clearpoke\n|poke|p1|Ninetales-Alola, L50, M|\n|poke|p1|Milotic, L50, F|\n|poke|p1|Incineroar, L50, M|\n|poke|p1|Charizard, L50, F|\n|poke|p1|Sinistcha, L50|\n|poke|p1|Sneasler, L50, M|\n|poke|p2|Clefable, L50, F|\n|poke|p2|Aerodactyl, L50, M|\n|poke|p2|Mamoswine, L50, F|\n|poke|p2|Incineroar, L50, M|\n|poke|p2|Palafin, L50, F|\n|poke|p2|Lucario, L50, F|\n|teampreview|4\n|inactive|Battle timer is ON: inactive players will automatically lose when time's up. (requested by sqsqsqsss)\n|\n|t:|1776195942\n|teamsize|p1|4\n|teamsize|p2|4\n|start\n|switch|p1a: Milotic|Milotic, L50, F|100/100\n|switch|p1b: Ninetales|Ninetales-Alola, L50, M|100/100\n|switch|p2a: Aerodactyl|Aerodactyl, L50, M|100/100\n|switch|p2b: Incineroar|Incineroar, L50, M|100/100\n|-ability|p2a: Aerodactyl|Unnerve\n|-weather|Snowscape|[from] ability: Snow Warning|[of] p1b: Ninetales\n|-ability|p2b: Incineroar|Intimidate|boost\n|-unboost|p1a: Milotic|atk|1\n|-ability|p1a: Milotic|Competitive|boost\n|-boost|p1a: Milotic|spa|2\n|-unboost|p1b: Ninetales|atk|1\n|turn|1\n|\n|t:|1776195963\n|move|p2b: Incineroar|Fake Out|p1a: Milotic\n|-damage|p1a: Milotic|91/100\n|move|p2a: Aerodactyl|Taunt|p1b: Ninetales\n|-start|p1b: Ninetales|move: Taunt\n|cant|p1b: Ninetales|move: Taunt|Aurora Veil\n|cant|p1a: Milotic|flinch\n|\n|-weather|Snowscape|[upkeep]\n|-heal|p1a: Milotic|97/100|[from] item: Leftovers\n|upkeep\n|turn|2\n|\n|t:|1776195978\n|switch|p2b: Clefable|Clefable, L50, F, shiny|100/100\n|move|p2a: Aerodactyl|Rock Slide|p1b: Ninetales|[spread] p1a,p1b\n|-supereffective|p1b: Ninetales|1\n|-damage|p1a: Milotic|77/100\n|-damage|p1b: Ninetales|48/100\n|move|p1b: Ninetales|Blizzard|p2a: Aerodactyl|[spread] p2a,p2b\n|-supereffective|p2a: Aerodactyl|1\n|-damage|p2a: Aerodactyl|15/100\n|-damage|p2b: Clefable|73/100\n|-status|p2a: Aerodactyl|frz\n|move|p1a: Milotic|Scald|p2b: Clefable\n|-damage|p2b: Clefable|16/100\n|\n|-weather|Snowscape|[upkeep]\n|-heal|p1a: Milotic|83/100|[from] item: Leftovers\n|upkeep\n|turn|3\n|inactive|sqsqsqsss has 30 seconds left.\n|inactive|sqsqsqsss has 20 seconds left.\n|inactive|sqsqsqsss has 15 seconds left.\n|inactive|sqsqsqsss has 10 seconds left.\n|inactive|sqsqsqsss has 5 seconds left.\n|\n|t:|1776196033\n|detailschange|p2b: Clefable|Clefable-Mega, L50, F, shiny\n|-mega|p2b: Clefable|Clefable|Clefablite\n|cant|p2a: Aerodactyl|frz\n|move|p1b: Ninetales|Blizzard|p2b: Clefable|[spread] p2a,p2b\n|-supereffective|p2a: Aerodactyl|1\n|-supereffective|p2b: Clefable|1\n|-damage|p2a: Aerodactyl|0 fnt\n|-damage|p2b: Clefable|0 fnt\n|faint|p2a: Aerodactyl\n|faint|p2b: Clefable\n|move|p1a: Milotic|Icy Wind|p2: Aerodactyl|[notarget]\n|-fail|p1a: Milotic\n|\n|-weather|Snowscape|[upkeep]\n|-heal|p1a: Milotic|89/100|[from] item: Leftovers\n|-end|p1b: Ninetales|move: Taunt\n|upkeep\n|\n|t:|1776196040\n|switch|p2a: Mamoswine|Mamoswine, L50, F|100/100\n|switch|p2b: Incineroar|Incineroar, L50, M|100/100\n|-ability|p2b: Incineroar|Intimidate|boost\n|-unboost|p1a: Milotic|atk|1\n|-ability|p1a: Milotic|Competitive|boost\n|-boost|p1a: Milotic|spa|2\n|-unboost|p1b: Ninetales|atk|1\n|turn|4\n|inactive|sqsqsqsss has 30 seconds left.\n|inactive|sqsqsqsss has 20 seconds left.\n|inactive|sqsqsqsss has 15 seconds left.\n|inactive|sqsqsqsss has 10 seconds left.\n|inactive|sqsqsqsss has 5 seconds left.\n|\n|t:|1776196092\n|move|p2b: Incineroar|Fake Out|p1a: Milotic\n|-damage|p1a: Milotic|81/100\n|move|p2a: Mamoswine|Rock Slide|p1a: Milotic|[spread] p1a\n|-miss|p2a: Mamoswine|p1b: Ninetales\n|-damage|p1a: Milotic|65/100\n|move|p1b: Ninetales|Blizzard|p2a: Mamoswine|[spread] p2a,p2b\n|-resisted|p2b: Incineroar|1\n|-crit|p2b: Incineroar\n|-damage|p2a: Mamoswine|53/100\n|-damage|p2b: Incineroar|80/100\n|cant|p1a: Milotic|flinch\n|\n|-weather|Snowscape|[upkeep]\n|-heal|p1a: Milotic|71/100|[from] item: Leftovers\n|upkeep\n|turn|5\n|inactive|sqsqsqsss has 30 seconds left.\n|inactive|sqsqsqsss has 20 seconds left.\n|inactive|sqsqsqsss has 15 seconds left.\n|\n|t:|1776196132\n|move|p2a: Mamoswine|Rock Slide|p1b: Ninetales|[spread] p1a,p1b\n|-supereffective|p1b: Ninetales|1\n|-damage|p1a: Milotic|56/100\n|-damage|p1b: Ninetales|12/100\n|move|p1b: Ninetales|Blizzard|p2b: Incineroar|[spread] p2a,p2b\n|-resisted|p2b: Incineroar|1\n|-damage|p2a: Mamoswine|5/100\n|-damage|p2b: Incineroar|67/100\n|move|p2b: Incineroar|Flare Blitz|p1a: Milotic\n|-resisted|p1a: Milotic|1\n|-damage|p1a: Milotic|37/100\n|-damage|p2b: Incineroar|61/100|[from] Recoil\n|move|p1a: Milotic|Scald|p2b: Incineroar\n|-supereffective|p2b: Incineroar|1\n|-damage|p2b: Incineroar|0 fnt\n|faint|p2b: Incineroar\n|\n|-weather|none\n|-heal|p1a: Milotic|43/100|[from] item: Leftovers\n|upkeep\n|turn|6\n|-message|Yosoynolazco forfeited.\n|\n|win|sqsqsqsss\n|raw|sqsqsqsss's rating: 1082 &rarr; <strong>1116</strong><br />(+34 for winning)\n|raw|Yosoynolazco's rating: 1168 &rarr; <strong>1137</strong><br />(-31 for losing)\n|l|\u2606Yosoynolazco\n|player|p2|\n",
  "uploadtime": 1776196189,
  "views": 18,
  "formatid": "gen9championsvgc2026regma",
  "rating": 1116,
  "private": 0,
  "password": null
}