{
  "id": "gen9championsvgc2026regma-2587586641",
  "format": "[Gen 9 Champions] VGC 2026 Reg M-A",
  "players": [
    "magicmuffler",
    "lilkleizmer"
  ],
  "log": "|j|\u2606magicmuffler\n|j|\u2606lilkleizmer\n|t:|1776544626\n|gametype|doubles\n|player|p1|magicmuffler|juan|1007\n|player|p2|lilkleizmer|101|1081\n|gen|9\n|tier|[Gen 9 Champions] VGC 2026 Reg M-A\n|rated|\n|rule|Species Clause: Limit one of each Pok\u00e9mon\n|rule|Item Clause: Limit 1 of each item\n|clearpoke\n|poke|p1|Gengar, L50, M|\n|poke|p1|Incineroar, L50, M|\n|poke|p1|Whimsicott, L50, F|\n|poke|p1|Politoed, L50, F|\n|poke|p1|Feraligatr, L50, F|\n|poke|p1|Abomasnow, L50, F|\n|poke|p2|Florges, L50, F|\n|poke|p2|Sneasler, L50, F|\n|poke|p2|Aerodactyl, L50, M, shiny|\n|poke|p2|Incineroar, L50, F|\n|poke|p2|Basculegion-F, L50, F, shiny|\n|poke|p2|Kangaskhan, L50, F|\n|teampreview|4\n|inactive|Battle timer is ON: inactive players will automatically lose when time's up. (requested by magicmuffler)\nmagicmuffler rejected open team sheets.\n|\n|t:|1776544653\n|teamsize|p1|4\n|teamsize|p2|4\n|start\n|switch|p1a: Tony|Incineroar, L50, M|100/100\n|switch|p1b: Taylor Swift|Politoed, L50, F|100/100\n|switch|p2a: Sneasler|Sneasler, L50, F|100/100\n|switch|p2b: Florges|Florges, L50, F|100/100\n|-ability|p1a: Tony|Intimidate|boost\n|-unboost|p2a: Sneasler|atk|1\n|-unboost|p2b: Florges|atk|1\n|-enditem|p2a: Sneasler|White Herb\n|-clearnegativeboost|p2a: Sneasler|[silent]\n|-activate|p2b: Florges|ability: Symbiosis|Focus Sash|[of] p2a: Sneasler\n|turn|1\n|\n|t:|1776544670\n|move|p1a: Tony|Fake Out|p2a: Sneasler\n|-damage|p2a: Sneasler|76/100\n|cant|p2a: Sneasler|flinch\n|move|p2b: Florges|Moonblast|p1a: Tony\n|-damage|p1a: Tony|52/100\n|move|p1b: Taylor Swift|Perish Song|p1b: Taylor Swift\n|-start|p1a: Tony|perish3|[silent]\n|-start|p1b: Taylor Swift|perish3|[silent]\n|-start|p2a: Sneasler|perish3|[silent]\n|-start|p2b: Florges|perish3|[silent]\n|-fieldactivate|move: Perish Song\n|\n|-start|p2a: Sneasler|perish3\n|-start|p2b: Florges|perish3\n|-start|p1b: Taylor Swift|perish3\n|-start|p1a: Tony|perish3\n|upkeep\n|turn|2\n|\n|t:|1776544690\n|move|p1b: Taylor Swift|Protect|p1b: Taylor Swift\n|-singleturn|p1b: Taylor Swift|Protect\n|move|p2a: Sneasler|Dire Claw|p1a: Tony\n|-damage|p1a: Tony|9/100\n|-enditem|p1a: Tony|Sitrus Berry|[eat]\n|-heal|p1a: Tony|34/100|[from] item: Sitrus Berry\n|move|p2b: Florges|Energy Ball|p1b: Taylor Swift\n|-activate|p1b: Taylor Swift|move: Protect\n|move|p1a: Tony|Parting Shot|p2a: Sneasler\n|-unboost|p2a: Sneasler|atk|1\n|-unboost|p2a: Sneasler|spa|1\n|\n|t:|1776544704\n|switch|p1a: No Guard|Gengar, L50, M|100/100|[from] Parting Shot\n|\n|-start|p2a: Sneasler|perish2\n|-start|p2b: Florges|perish2\n|-start|p1b: Taylor Swift|perish2\n|upkeep\n|turn|3\n|\n|t:|1776544727\n|switch|p2a: Basculegion|Basculegion-F, L50, F, shiny|100/100\n|switch|p1b: Tony|Incineroar, L50, M|34/100\n|-ability|p1b: Tony|Intimidate|boost\n|-unboost|p2a: Basculegion|atk|1\n|-unboost|p2b: Florges|atk|1\n|detailschange|p1a: No Guard|Gengar-Mega, L50, M\n|-mega|p1a: No Guard|Gengar|Gengarite\n|move|p1a: No Guard|Protect|p1a: No Guard\n|-singleturn|p1a: No Guard|Protect\n|move|p2b: Florges|Energy Ball|p1b: Tony\n|-resisted|p1b: Tony|1\n|-damage|p1b: Tony|18/100\n|\n|-start|p2b: Florges|perish1\n|upkeep\n|turn|4\n|inactive|magicmuffler has 30 seconds left.\n|inactive|lilkleizmer has 30 seconds left.\n|\n|t:|1776544755\n|move|p2a: Basculegion|Flip Turn|p1a: No Guard\n|-damage|p1a: No Guard|68/100\n|\n|t:|1776544763\n|switch|p2a: Kangaskhan|Kangaskhan, L50, F|100/100|[from] Flip Turn\n|move|p1a: No Guard|Shadow Ball|p2a: Kangaskhan\n|-immune|p2a: Kangaskhan\n|move|p2b: Florges|Trick||[still]\n|-fail|p2b: Florges\n|move|p1b: Tony|Darkest Lariat|p2a: Kangaskhan\n|-damage|p2a: Kangaskhan|50/100\n|\n|-start|p2b: Florges|perish0\n|upkeep\n|faint|p2b: Florges\n|\n|t:|1776544767\n|switch|p2b: Basculegion|Basculegion-F, L50, F, shiny|100/100\n|turn|5\n|l|\u2606magicmuffler\n|inactive|magicmuffler disconnected and has a minute to reconnect!\n|player|p1|\n|j|\u2606magicmuffler\n|inactive|magicmuffler reconnected and has 35 seconds left.\n|player|p1|magicmuffler|juan|\n|inactive|magicmuffler has 30 seconds left.\n|inactive|magicmuffler has 20 seconds left.\n|inactive|magicmuffler has 15 seconds left.\n|\n|t:|1776544807\n|switch|p1b: Control|Whimsicott, L50, F|100/100\n|move|p1a: No Guard|Protect|p1a: No Guard\n|-singleturn|p1a: No Guard|Protect\n|move|p2a: Kangaskhan|Fake Out|p1a: No Guard\n|-activate|p1a: No Guard|move: Protect\n|move|p2b: Basculegion|Flip Turn|p1b: Control\n|-resisted|p1b: Control|1\n|-damage|p1b: Control|78/100\n|\n|t:|1776544819\n|switch|p2b: Sneasler|Sneasler, L50, F|76/100|[from] Flip Turn\n|\n|upkeep\n|turn|6\n|\n|t:|1776544838\n|move|p2a: Kangaskhan|Protect|p2a: Kangaskhan\n|-singleturn|p2a: Kangaskhan|Protect\n|move|p1b: Control|Tailwind|p1b: Control\n|-sidestart|p1: magicmuffler|move: Tailwind\n|move|p1a: No Guard|Perish Song|p1a: No Guard\n|-start|p1a: No Guard|perish3|[silent]\n|-start|p1b: Control|perish3|[silent]\n|-start|p2a: Kangaskhan|perish3|[silent]\n|-start|p2b: Sneasler|perish3|[silent]\n|-fieldactivate|move: Perish Song\n|move|p2b: Sneasler|Dire Claw|p1b: Control\n|-supereffective|p1b: Control|2\n|-damage|p1b: Control|0 fnt\n|faint|p1b: Control\n|\n|-start|p1a: No Guard|perish3\n|-start|p2b: Sneasler|perish3\n|-start|p2a: Kangaskhan|perish3\n|upkeep\n|\n|t:|1776544852\n|switch|p1b: Tony|Incineroar, L50, M|18/100\n|-ability|p1b: Tony|Intimidate|boost\n|-fail|p2a: Kangaskhan|unboost|Attack|[from] ability: Scrappy|[of] p2a: Kangaskhan\n|-unboost|p2b: Sneasler|atk|1\n|turn|7\n|\n|t:|1776544862\n|detailschange|p2a: Kangaskhan|Kangaskhan-Mega, L50, F\n|-mega|p2a: Kangaskhan|Kangaskhan|Kangaskhanite\n|move|p1a: No Guard|Protect|p1a: No Guard\n|-singleturn|p1a: No Guard|Protect\n|move|p1b: Tony|Fake Out|p2b: Sneasler\n|-damage|p2b: Sneasler|50/100\n|cant|p2b: Sneasler|flinch\n|move|p2a: Kangaskhan|Rock Slide|p1b: Tony|[spread] p1b\n|-activate|p1a: No Guard|move: Protect\n|-supereffective|p1b: Tony|1\n|-damage|p1b: Tony|0 fnt\n|faint|p1b: Tony\n|\n|-start|p1a: No Guard|perish2\n|-start|p2b: Sneasler|perish2\n|-start|p2a: Kangaskhan|perish2\n|upkeep\n|\n|t:|1776544879\n|switch|p1b: Taylor Swift|Politoed, L50, F|100/100\n|turn|8\n|\n|t:|1776544894\n|move|p1a: No Guard|Shadow Ball|p2b: Sneasler\n|-damage|p2b: Sneasler|0 fnt\n|faint|p2b: Sneasler\n|move|p1b: Taylor Swift|Hydro Pump|p2a: Kangaskhan\n|-damage|p2a: Kangaskhan|10/100\n|move|p2a: Kangaskhan|Drain Punch|p1b: Taylor Swift\n|-damage|p1b: Taylor Swift|72/100\n|-heal|p2a: Kangaskhan|24/100|[from] drain|[of] p1b: Taylor Swift\n|-damage|p1b: Taylor Swift|66/100\n|-heal|p2a: Kangaskhan|28/100|[from] drain|[of] p1b: Taylor Swift\n|-hitcount|p1b: Taylor Swift|2\n|\n|-start|p1a: No Guard|perish1\n|-start|p2a: Kangaskhan|perish1\n|upkeep\n|\n|t:|1776544906\n|switch|p2b: Basculegion|Basculegion-F, L50, F, shiny|100/100\n|turn|9\n|\n|t:|1776544927\n|move|p1a: No Guard|Shadow Ball|p2b: Basculegion\n|-supereffective|p2b: Basculegion|1\n|-damage|p2b: Basculegion|4/100\n|move|p2b: Basculegion|Last Respects|p1a: No Guard\n|-supereffective|p1a: No Guard|1\n|-damage|p1a: No Guard|0 fnt\n|faint|p1a: No Guard\n|move|p1b: Taylor Swift|Ice Beam|p2b: Basculegion\n|-resisted|p2b: Basculegion|1\n|-damage|p2b: Basculegion|0 fnt\n|faint|p2b: Basculegion\n|move|p2a: Kangaskhan|Rock Slide|p1b: Taylor Swift\n|-damage|p1b: Taylor Swift|37/100\n|-damage|p1b: Taylor Swift|31/100\n|-hitcount|p1b: Taylor Swift|2\n|\n|-start|p2a: Kangaskhan|perish0\n|-sideend|p1: magicmuffler|move: Tailwind\n|upkeep\n|faint|p2a: Kangaskhan\n|\n|win|magicmuffler\n|raw|magicmuffler's rating: 1007 &rarr; <strong>1054</strong><br />(+47 for winning)\n|raw|lilkleizmer's rating: 1081 &rarr; <strong>1054</strong><br />(-27 for losing)\n|l|\u2606lilkleizmer\n|player|p2|\n",
  "uploadtime": 1776544977,
  "views": 18,
  "formatid": "gen9championsvgc2026regma",
  "rating": 1054,
  "private": 0,
  "password": null
}