{
  "id": "gen9championsvgc2026regma-2580912242",
  "format": "[Gen 9 Champions] VGC 2026 Reg M-A",
  "players": [
    "stxaz",
    "OrugaVeluga"
  ],
  "log": "|j|\u2606stxaz\n|j|\u2606OrugaVeluga\n|t:|1775942732\n|gametype|doubles\n|player|p1|stxaz|169|1042\n|player|p2|OrugaVeluga|265|1053\n|gen|9\n|tier|[Gen 9 Champions] VGC 2026 Reg M-A\n|rated|\n|rule|Species Clause: Limit one of each Pok\u00e9mon\n|rule|Item Clause: Limit 1 of each item\n|clearpoke\n|poke|p1|Charizard, L50, M|\n|poke|p1|Rotom-Heat, L50|\n|poke|p1|Incineroar, L50, F|\n|poke|p1|Aegislash, L50, F|\n|poke|p1|Ceruledge, L50, M|\n|poke|p1|Bellibolt, L50, F|\n|poke|p2|Farigiraf, L50, M|\n|poke|p2|Kingambit, L50, F|\n|poke|p2|Primarina, L50, M|\n|poke|p2|Torkoal, L50, M|\n|poke|p2|Steelix, L50, M|\n|poke|p2|Sinistcha, L50|\n|teampreview|4\nOrugaVeluga has agreed to open team sheets.\n|\n|t:|1775942763\n|teamsize|p1|4\n|teamsize|p2|4\n|start\n|switch|p1a: Charizard|Charizard, L50, M|100/100\n|switch|p1b: Rotom|Rotom-Heat, L50|100/100\n|switch|p2a: Farigiraf|Farigiraf, L50, M|100/100\n|switch|p2b: Primarina|Primarina, L50, M|100/100\n|turn|1\n|\n|t:|1775942784\n|detailschange|p1a: Charizard|Charizard-Mega-Y, L50, M\n|-mega|p1a: Charizard|Charizard|Charizardite Y\n|-weather|SunnyDay|[from] ability: Drought|[of] p1a: Charizard\n|move|p1a: Charizard|Heat Wave|p2b: Primarina|[spread] p2a,p2b\n|-resisted|p2b: Primarina|1\n|-damage|p2a: Farigiraf|28/100\n|-damage|p2b: Primarina|71/100\n|-status|p2b: Primarina|brn\n|move|p1b: Rotom|Thunderbolt|p2b: Primarina\n|-supereffective|p2b: Primarina|1\n|-damage|p2b: Primarina|0 fnt\n|faint|p2b: Primarina\n|move|p2a: Farigiraf|Trick Room|p2a: Farigiraf\n|-fieldstart|move: Trick Room|[of] p2a: Farigiraf\n|\n|-weather|SunnyDay|[upkeep]\n|upkeep\n|\n|t:|1775942793\n|switch|p2b: Torkoal|Torkoal, L50, M|100/100\n|turn|2\n|\n|t:|1775942807\n|move|p2b: Torkoal|Eruption|p1a: Charizard|[spread] p1a,p1b\n|-resisted|p1a: Charizard|1\n|-resisted|p1b: Rotom|1\n|-damage|p1a: Charizard|53/100\n|-damage|p1b: Rotom|36/100\n|move|p2a: Farigiraf|Psychic|p1a: Charizard\n|-damage|p1a: Charizard|16/100\n|move|p1b: Rotom|Shadow Ball|p2b: Torkoal\n|-damage|p2b: Torkoal|66/100\n|move|p1a: Charizard|Heat Wave|p2b: Torkoal|[spread] p2a,p2b\n|-crit|p2a: Farigiraf\n|-resisted|p2b: Torkoal|1\n|-damage|p2a: Farigiraf|0 fnt\n|-damage|p2b: Torkoal|17/100\n|faint|p2a: Farigiraf\n|\n|-weather|SunnyDay|[upkeep]\n|upkeep\n|\n|t:|1775942814\n|switch|p2a: Kingambit|Kingambit, L50, F|100/100\n|turn|3\n|\n|t:|1775942834\n|move|p1b: Rotom|Protect|p1b: Rotom\n|-singleturn|p1b: Rotom|Protect\n|move|p2b: Torkoal|Heat Wave|p1a: Charizard|[spread] p1a\n|-activate|p1b: Rotom|move: Protect\n|-resisted|p1a: Charizard|1\n|-damage|p1a: Charizard|0 fnt\n|faint|p1a: Charizard\n|move|p2a: Kingambit|Iron Head|p1b: Rotom\n|-activate|p1b: Rotom|move: Protect\n|\n|-weather|SunnyDay|[upkeep]\n|upkeep\n|\n|t:|1775942843\n|switch|p1a: Incineroar|Incineroar, L50, F|100/100\n|turn|4\n|\n|t:|1775942862\n|move|p1a: Incineroar|Fake Out|p2a: Kingambit\n|-resisted|p2a: Kingambit|1\n|-damage|p2a: Kingambit|96/100\n|move|p2b: Torkoal|Weather Ball|p1b: Rotom\n|-resisted|p1b: Rotom|1\n|-damage|p1b: Rotom|0 fnt\n|faint|p1b: Rotom\n|cant|p2a: Kingambit|flinch\n|\n|-weather|SunnyDay|[upkeep]\n|upkeep\n|\n|t:|1775942873\n|switch|p1b: Bellibolt|Bellibolt, L50, F|100/100\n|turn|5\n|\n|t:|1775942895\n|move|p1b: Bellibolt|Sucker Punch|p2b: Torkoal\n|-damage|p2b: Torkoal|7/100\n|move|p2b: Torkoal|Weather Ball|p1a: Incineroar\n|-resisted|p1a: Incineroar|1\n|-damage|p1a: Incineroar|64/100\n|move|p2a: Kingambit|Iron Head|p1a: Incineroar\n|-resisted|p1a: Incineroar|1\n|-damage|p1a: Incineroar|41/100\n|move|p1a: Incineroar|Blaze Kick|p2a: Kingambit\n|-supereffective|p2a: Kingambit|1\n|-crit|p2a: Kingambit\n|-damage|p2a: Kingambit|0 fnt\n|faint|p2a: Kingambit\n|\n|-weather|none\n|-fieldend|move: Trick Room\n|upkeep\n|turn|6\n|inactive|Battle timer is ON: inactive players will automatically lose when time's up. (requested by OrugaVeluga)\n|\n|t:|1775942911\n|move|p1b: Bellibolt|Sucker Punch|p2b: Torkoal\n|-damage|p2b: Torkoal|0 fnt\n|faint|p2b: Torkoal\n|\n|win|stxaz\n|raw|stxaz's rating: 1042 &rarr; <strong>1077</strong><br />(+35 for winning)\n|raw|OrugaVeluga's rating: 1053 &rarr; <strong>1034</strong><br />(-19 for losing)\n",
  "uploadtime": 1775942912,
  "views": 12,
  "formatid": "gen9championsvgc2026regma",
  "rating": 1034,
  "private": 0,
  "password": null
}