{
  "id": "gen9championsvgc2026regma-2588579350",
  "format": "[Gen 9 Champions] VGC 2026 Reg M-A",
  "players": [
    "oihionion9",
    "joshuer"
  ],
  "log": "|j|\u2606oihionion9\n|j|\u2606joshuer\n|t:|1776646881\n|gametype|doubles\n|player|p1|oihionion9|unknown|1047\n|player|p2|joshuer|blackbelt-gen4dp|1042\n|gen|9\n|tier|[Gen 9 Champions] VGC 2026 Reg M-A\n|rated|\n|rule|Species Clause: Limit one of each Pok\u00e9mon\n|rule|Item Clause: Limit 1 of each item\n|clearpoke\n|poke|p1|Archaludon, L50, M|\n|poke|p1|Pelipper, L50, M|\n|poke|p1|Scizor, L50, M|\n|poke|p1|Gallade, L50, M|\n|poke|p1|Scovillain, L50, F|\n|poke|p1|Aerodactyl, L50, F|\n|poke|p2|Feraligatr, L50, F, shiny|\n|poke|p2|Charizard, L50, M, shiny|\n|poke|p2|Torkoal, L50, M, shiny|\n|poke|p2|Whimsicott, L50, M, shiny|\n|poke|p2|Garchomp, L50, M, shiny|\n|poke|p2|Aerodactyl, L50, M, shiny|\n|teampreview|4\n|inactive|Battle timer is ON: inactive players will automatically lose when time's up. (requested by joshuer)\n|inactive|oihionion9 has 60 seconds left.\n|inactive|joshuer has 60 seconds left.\n|inactive|joshuer has 30 seconds left.\n|\n|t:|1776646944\n|teamsize|p1|4\n|teamsize|p2|4\n|start\n|switch|p1a: Scovillain|Scovillain, L50, F|100/100\n|switch|p1b: Aerodactyl|Aerodactyl, L50, F|100/100\n|switch|p2a: Torkoal|Torkoal, L50, M, shiny|100/100\n|switch|p2b: Ballof Fluff|Whimsicott, L50, M, shiny|100/100\n|-ability|p1b: Aerodactyl|Unnerve\n|-weather|SunnyDay|[from] ability: Drought|[of] p2a: Torkoal\n|turn|1\n|inactive|joshuer has 30 seconds left.\n|\n|t:|1776646969\n|move|p2a: Torkoal|Protect|p2a: Torkoal\n|-singleturn|p2a: Torkoal|Protect\n|move|p2b: Ballof Fluff|Light Screen|p2b: Ballof Fluff\n|-sidestart|p2: joshuer|move: Light Screen\n|move|p1b: Aerodactyl|Stone Edge|p2a: Torkoal\n|-activate|p2a: Torkoal|move: Protect\n|move|p1a: Scovillain|Flamethrower|p2b: Ballof Fluff\n|-supereffective|p2b: Ballof Fluff|1\n|-damage|p2b: Ballof Fluff|4/100\n|\n|-weather|SunnyDay|[upkeep]\n|-heal|p2b: Ballof Fluff|10/100|[from] item: Leftovers\n|-ability|p1a: Scovillain|Moody|boost\n|-boost|p1a: Scovillain|atk|2\n|-unboost|p1a: Scovillain|def|1\n|upkeep\n|turn|2\n|\n|t:|1776646990\n|switch|p2a: Feraligatr|Feraligatr, L50, F, shiny|100/100\n|move|p1a: Scovillain|Protect|p1a: Scovillain\n|-singleturn|p1a: Scovillain|Protect\n|move|p2b: Ballof Fluff|Tailwind|p2b: Ballof Fluff\n|-sidestart|p2: joshuer|move: Tailwind\n|move|p1b: Aerodactyl|Stone Edge|p2b: Ballof Fluff\n|-damage|p2b: Ballof Fluff|0 fnt\n|faint|p2b: Ballof Fluff\n|\n|-weather|SunnyDay|[upkeep]\n|-ability|p1a: Scovillain|Moody|boost\n|-boost|p1a: Scovillain|spe|2\n|-unboost|p1a: Scovillain|spa|1\n|upkeep\n|\n|t:|1776647011\n|switch|p2b: Garchomp|Garchomp, L50, M, shiny|100/100\n|turn|3\n|inactive|joshuer has 30 seconds left.\n|inactive|joshuer has 20 seconds left.\n|\n|t:|1776647048\n|detailschange|p1a: Scovillain|Scovillain-Mega, L50, F\n|-mega|p1a: Scovillain|Scovillain|Scovillainite\n|move|p1a: Scovillain|Rage Powder|p1a: Scovillain\n|-singleturn|p1a: Scovillain|move: Rage Powder\n|move|p2b: Garchomp|Dragon Claw|p1a: Scovillain\n|-damage|p1a: Scovillain|12/100\n|-status|p2b: Garchomp|brn|[from] ability: Spicy Spray|[of] p1a: Scovillain\n|move|p1b: Aerodactyl|Stone Edge|p2a: Feraligatr\n|-damage|p2a: Feraligatr|55/100\n|move|p2a: Feraligatr|Dragon Dance|p2a: Feraligatr\n|-boost|p2a: Feraligatr|atk|1\n|-boost|p2a: Feraligatr|spe|1\n|\n|-weather|SunnyDay|[upkeep]\n|-damage|p2b: Garchomp|94/100 brn|[from] brn\n|upkeep\n|turn|4\n|\n|t:|1776647071\n|move|p1a: Scovillain|Rage Powder|p1a: Scovillain\n|-singleturn|p1a: Scovillain|move: Rage Powder\n|move|p2b: Garchomp|Dragon Claw|p1a: Scovillain\n|-damage|p1a: Scovillain|0 fnt\n|faint|p1a: Scovillain\n|move|p1b: Aerodactyl|Stone Edge|p2a: Feraligatr\n|-crit|p2a: Feraligatr\n|-damage|p2a: Feraligatr|0 fnt\n|faint|p2a: Feraligatr\n|\n|-weather|SunnyDay|[upkeep]\n|-damage|p2b: Garchomp|88/100 brn|[from] brn\n|upkeep\n|\n|t:|1776647086\n|switch|p2a: Torkoal|Torkoal, L50, M, shiny|100/100\n|switch|p1a: Archaludon|Archaludon, L50, M|100/100\n|turn|5\n|\n|t:|1776647098\n|switch|p1b: Pelipper|Pelipper, L50, M|100/100\n|-weather|RainDance|[from] ability: Drizzle|[of] p1b: Pelipper\n|move|p1a: Archaludon|Protect|p1a: Archaludon\n|-singleturn|p1a: Archaludon|Protect\n|move|p2b: Garchomp|Dragon Claw|p1a: Archaludon\n|-activate|p1a: Archaludon|move: Protect\n|move|p2a: Torkoal|Eruption|p1b: Pelipper|[spread] p1b\n|-activate|p1a: Archaludon|move: Protect\n|-resisted|p1b: Pelipper|1\n|-crit|p1b: Pelipper\n|-damage|p1b: Pelipper|80/100\n|\n|-weather|RainDance|[upkeep]\n|-damage|p2b: Garchomp|82/100 brn|[from] brn\n|-sideend|p2: joshuer|move: Light Screen\n|-sideend|p2: joshuer|move: Tailwind\n|upkeep\n|turn|6\n|\n|t:|1776647115\n|move|p2a: Torkoal|Protect|p2a: Torkoal\n|-singleturn|p2a: Torkoal|Protect\n|move|p2b: Garchomp|Dragon Claw|p1b: Pelipper\n|-damage|p1b: Pelipper|52/100\n|move|p1b: Pelipper|Weather Ball|p2a: Torkoal\n|-activate|p2a: Torkoal|move: Protect\n|move|p1a: Archaludon|Dragon Pulse|p2b: Garchomp\n|-supereffective|p2b: Garchomp|1\n|-damage|p2b: Garchomp|0 fnt\n|faint|p2b: Garchomp\n|\n|-weather|RainDance|[upkeep]\n|upkeep\n|turn|7\n|\n|t:|1776647134\n|move|p1b: Pelipper|Weather Ball|p2a: Torkoal\n|-supereffective|p2a: Torkoal|1\n|-damage|p2a: Torkoal|0 fnt\n|faint|p2a: Torkoal\n|\n|win|oihionion9\n|raw|oihionion9's rating: 1047 &rarr; <strong>1079</strong><br />(+32 for winning)\n|raw|joshuer's rating: 1042 &rarr; <strong>1026</strong><br />(-16 for losing)\n",
  "uploadtime": 1776647137,
  "views": 6,
  "formatid": "gen9championsvgc2026regma",
  "rating": 1026,
  "private": 0,
  "password": null
}