{
  "id": "gen9championsvgc2026regma-2587278559",
  "format": "[Gen 9 Champions] VGC 2026 Reg M-A",
  "players": [
    "liuyuny",
    "dune's kitchen"
  ],
  "log": "|j|\u2606liuyuny\n|j|\u2606dune's kitchen\n|t:|1776517619\n|gametype|doubles\n|player|p1|liuyuny|roxie|1152\n|player|p2|dune's kitchen|baker|1204\n|gen|9\n|tier|[Gen 9 Champions] VGC 2026 Reg M-A\n|rated|\n|rule|Species Clause: Limit one of each Pok\u00e9mon\n|rule|Item Clause: Limit 1 of each item\n|clearpoke\n|poke|p1|Charizard, L50, F, shiny|\n|poke|p1|Sneasler, L50, F|\n|poke|p1|Whimsicott, L50, M|\n|poke|p1|Incineroar, L50, F|\n|poke|p1|Rotom-Wash, L50|\n|poke|p1|Garchomp, L50, F|\n|poke|p2|Meowstic-F, L50, F|\n|poke|p2|Wyrdeer, L50, F|\n|poke|p2|Sinistcha, L50|\n|poke|p2|Tyranitar, L50, M|\n|poke|p2|Excadrill, L50, M|\n|poke|p2|Kommo-o, L50, F|\n|teampreview|4\n|\n|t:|1776517685\n|teamsize|p1|4\n|teamsize|p2|4\n|start\n|switch|p1a: Whimsicott|Whimsicott, L50, M|100/100\n|switch|p1b: Sneasler|Sneasler, L50, F|100/100\n|switch|p2a: Meowstic|Meowstic-F, L50, F|100/100\n|switch|p2b: Wyrdeer|Wyrdeer, L50, F|100/100\n|-ability|p2b: Wyrdeer|Intimidate|boost\n|-unboost|p1a: Whimsicott|atk|1\n|-unboost|p1b: Sneasler|atk|1\n|turn|1\n|\n|t:|1776517709\n|switch|p1a: Charizard|Charizard, L50, F, shiny|100/100\n|move|p1b: Sneasler|Fake Out|p2a: Meowstic\n|-crit|p2a: Meowstic\n|-damage|p2a: Meowstic|68/100\n|cant|p2a: Meowstic|flinch\n|move|p2b: Wyrdeer|Psychic|p1b: Sneasler\n|-supereffective|p1b: Sneasler|2\n|-damage|p1b: Sneasler|0 fnt\n|faint|p1b: Sneasler\n|\n|upkeep\n|\n|t:|1776517724\n|switch|p1b: Whimsicott|Whimsicott, L50, M|100/100\n|turn|2\n|\n|t:|1776517742\n|switch|p2a: Tyranitar|Tyranitar, L50, M|100/100\n|-weather|Sandstorm|[from] ability: Sand Stream|[of] p2a: Tyranitar\n|detailschange|p1a: Charizard|Charizard-Mega-Y, L50, F, shiny\n|-mega|p1a: Charizard|Charizard|Charizardite Y\n|-weather|SunnyDay|[from] ability: Drought|[of] p1a: Charizard\n|move|p1b: Whimsicott|Moonblast|p2b: Wyrdeer\n|-damage|p2b: Wyrdeer|76/100\n|move|p1a: Charizard|Heat Wave|p2b: Wyrdeer|[spread] p2a,p2b\n|-resisted|p2a: Tyranitar|1\n|-damage|p2a: Tyranitar|71/100\n|-damage|p2b: Wyrdeer|24/100\n|move|p2b: Wyrdeer|Skill Swap|p2a: Tyranitar\n|-activate|p2b: Wyrdeer|Skill Swap|||[of] p2a: Tyranitar\n|-ability|p2a: Tyranitar|Intimidate|boost\n|-unboost|p1a: Charizard|atk|1\n|-unboost|p1b: Whimsicott|atk|1\n|-weather|Sandstorm|[from] ability: Sand Stream|[of] p2b: Wyrdeer\n|\n|-weather|Sandstorm|[upkeep]\n|-damage|p1b: Whimsicott|95/100|[from] Sandstorm\n|-damage|p1a: Charizard|95/100|[from] Sandstorm\n|-damage|p2b: Wyrdeer|18/100|[from] Sandstorm\n|upkeep\n|turn|3\n|\n|t:|1776517789\n|switch|p2b: Meowstic|Meowstic-F, L50, F|68/100\n|move|p1a: Charizard|Protect|p1a: Charizard\n|-singleturn|p1a: Charizard|Protect\n|move|p1b: Whimsicott|Sunny Day|p1b: Whimsicott\n|-weather|SunnyDay\n|move|p2a: Tyranitar|Rock Slide|p1b: Whimsicott|[spread] p1b\n|-activate|p1a: Charizard|move: Protect\n|-damage|p1b: Whimsicott|42/100\n|\n|-weather|SunnyDay|[upkeep]\n|upkeep\n|turn|4\n|\n|t:|1776517812\n|detailschange|p2a: Tyranitar|Tyranitar-Mega, L50, M\n|-mega|p2a: Tyranitar|Tyranitar|Tyranitarite\n|-weather|Sandstorm|[from] ability: Sand Stream|[of] p2a: Tyranitar\n|move|p2b: Meowstic|Fake Out|p1b: Whimsicott\n|-damage|p1b: Whimsicott|34/100\n|cant|p1b: Whimsicott|flinch\n|move|p1a: Charizard|Heat Wave|p2b: Meowstic|[spread] p2a\n|-miss|p1a: Charizard|p2b: Meowstic\n|-resisted|p2a: Tyranitar|1\n|-damage|p2a: Tyranitar|60/100\n|-status|p2a: Tyranitar|brn\n|move|p2a: Tyranitar|Rock Slide|p1a: Charizard|[spread] p1b\n|-miss|p2a: Tyranitar|p1a: Charizard\n|-damage|p1b: Whimsicott|8/100\n|\n|-weather|Sandstorm|[upkeep]\n|-damage|p1b: Whimsicott|2/100|[from] Sandstorm\n|-damage|p2b: Meowstic|62/100|[from] Sandstorm\n|-damage|p1a: Charizard|89/100|[from] Sandstorm\n|-damage|p2a: Tyranitar|54/100 brn|[from] brn\n|upkeep\n|turn|5\n|\n|t:|1776517839\n|switch|p2b: Wyrdeer|Wyrdeer, L50, F|18/100\n|-ability|p2b: Wyrdeer|Intimidate|boost\n|-unboost|p1a: Charizard|atk|1\n|-unboost|p1b: Whimsicott|atk|1\n|move|p1b: Whimsicott|Sunny Day|p1b: Whimsicott\n|-weather|SunnyDay\n|move|p1a: Charizard|Solar Beam||[still]\n|-prepare|p1a: Charizard|Solar Beam\n|-anim|p1a: Charizard|Solar Beam|p2a: Tyranitar\n|-supereffective|p2a: Tyranitar|1\n|-damage|p2a: Tyranitar|0 fnt\n|faint|p2a: Tyranitar\n|\n|-weather|SunnyDay|[upkeep]\n|upkeep\n|\n|t:|1776517849\n|switch|p2a: Excadrill|Excadrill, L50, M|100/100\n|turn|6\n|\n|t:|1776517869\n|move|p1b: Whimsicott|Tailwind|p1b: Whimsicott\n|-sidestart|p1: liuyuny|move: Tailwind\n|move|p1a: Charizard|Heat Wave|p2b: Wyrdeer|[spread] p2a,p2b\n|-supereffective|p2a: Excadrill|1\n|-enditem|p2a: Excadrill|Focus Sash\n|-damage|p2a: Excadrill|1/100\n|-damage|p2b: Wyrdeer|0 fnt\n|faint|p2b: Wyrdeer\n|move|p2a: Excadrill|Rock Slide|p1a: Charizard|[spread] p1a,p1b\n|-supereffective|p1a: Charizard|2\n|-damage|p1a: Charizard|0 fnt\n|-damage|p1b: Whimsicott|0 fnt\n|faint|p1a: Charizard\n|faint|p1b: Whimsicott\n|\n|-weather|SunnyDay|[upkeep]\n|upkeep\n|\n|t:|1776517887\n|switch|p1a: Incineroar|Incineroar, L50, F|100/100\n|switch|p2b: Meowstic|Meowstic-F, L50, F|62/100\n|-ability|p1a: Incineroar|Intimidate|boost\n|-unboost|p2a: Excadrill|atk|1\n|-unboost|p2b: Meowstic|atk|1\n|-ability|p2b: Meowstic|Competitive|boost\n|-boost|p2b: Meowstic|spa|2\n|turn|7\n|inactive|Battle timer is ON: inactive players will automatically lose when time's up. (requested by liuyuny)\n|\n|t:|1776517921\n|move|p2b: Meowstic|Fake Out|p1a: Incineroar\n|-damage|p1a: Incineroar|98/100\n|cant|p1a: Incineroar|flinch\n|move|p2a: Excadrill|High Horsepower|p1a: Incineroar\n|-supereffective|p1a: Incineroar|1\n|-damage|p1a: Incineroar|36/100\n|-enditem|p1a: Incineroar|Sitrus Berry|[eat]\n|-heal|p1a: Incineroar|60/100|[from] item: Sitrus Berry\n|\n|-weather|SunnyDay|[upkeep]\n|upkeep\n|turn|8\n|inactiveoff|Battle timer is now OFF.\n|\n|t:|1776517937\n|move|p2b: Meowstic|Thunderbolt|p1a: Incineroar\n|-damage|p1a: Incineroar|26/100\n|move|p1a: Incineroar|Flare Blitz|p2a: Excadrill\n|-supereffective|p2a: Excadrill|1\n|-damage|p2a: Excadrill|0 fnt\n|faint|p2a: Excadrill\n|-damage|p1a: Incineroar|26/100|[from] Recoil\n|\n|-weather|SunnyDay|[upkeep]\n|upkeep\n|turn|9\n|\n|t:|1776517949\n|move|p2b: Meowstic|Thunderbolt|p1a: Incineroar\n|-damage|p1a: Incineroar|0 fnt\n|faint|p1a: Incineroar\n|\n|win|dune's kitchen\n|raw|liuyuny's rating: 1152 &rarr; <strong>1131</strong><br />(-21 for losing)\n|raw|dune&apos;s kitchen's rating: 1204 &rarr; <strong>1225</strong><br />(+21 for winning)\n",
  "uploadtime": 1776517955,
  "views": 26,
  "formatid": "gen9championsvgc2026regma",
  "rating": 1131,
  "private": 0,
  "password": null
}