{
  "id": "gen9championsvgc2026regma-2584022361",
  "format": "[Gen 9 Champions] VGC 2026 Reg M-A",
  "players": [
    "Aekyn",
    "BITCH IM BAM"
  ],
  "log": "|j|\u2606Aekyn\n|j|\u2606BITCH IM BAM\n|t:|1776217597\n|gametype|doubles\n|player|p1|Aekyn|bugcatcher-gen4dp|1091\n|player|p2|BITCH IM BAM|266|1076\n|gen|9\n|tier|[Gen 9 Champions] VGC 2026 Reg M-A\n|rated|\n|rule|Species Clause: Limit one of each Pok\u00e9mon\n|rule|Item Clause: Limit 1 of each item\n|clearpoke\n|poke|p1|Cofagrigus, L50, M|\n|poke|p1|Scovillain, L50, F|\n|poke|p1|Sinistcha, L50|\n|poke|p1|Empoleon, L50, M|\n|poke|p1|Clefable, L50, M|\n|poke|p1|Florges-Blue, L50, F|\n|poke|p2|Basculegion, L50, M|\n|poke|p2|Glimmora, L50, F|\n|poke|p2|Floette-Eternal, L50, F|\n|poke|p2|Aerodactyl, L50, F|\n|poke|p2|Armarouge, L50, F|\n|poke|p2|Azumarill, L50, F|\n|teampreview|4\n|\n|t:|1776217615\n|teamsize|p1|4\n|teamsize|p2|4\n|start\n|switch|p1a: Cofagrigus|Cofagrigus, L50, M|100/100\n|switch|p1b: Scovillain|Scovillain, L50, F|100/100\n|switch|p2a: Glimmora|Glimmora, L50, F|100/100\n|switch|p2b: Aerodactyl|Aerodactyl, L50, F|100/100\n|-ability|p2b: Aerodactyl|Unnerve\n|turn|1\n|\n|t:|1776217628\n|detailschange|p1b: Scovillain|Scovillain-Mega, L50, F\n|-mega|p1b: Scovillain|Scovillain|Scovillainite\n|move|p1b: Scovillain|Rage Powder|p1b: Scovillain\n|-singleturn|p1b: Scovillain|move: Rage Powder\n|move|p2b: Aerodactyl|Tailwind|p2b: Aerodactyl\n|-sidestart|p2: BITCH IM BAM|move: Tailwind\n|move|p2a: Glimmora|Sludge Bomb|p1b: Scovillain\n|-supereffective|p1b: Scovillain|1\n|-damage|p1b: Scovillain|15/100\n|-status|p2a: Glimmora|brn|[from] ability: Spicy Spray|[of] p1b: Scovillain\n|move|p1a: Cofagrigus|Trick Room|p1a: Cofagrigus\n|-fieldstart|move: Trick Room|[of] p1a: Cofagrigus\n|\n|-damage|p2a: Glimmora|94/100 brn|[from] brn\n|upkeep\n|turn|2\n|\n|t:|1776217671\n|move|p2a: Glimmora|Spiky Shield|p2a: Glimmora\n|-singleturn|p2a: Glimmora|move: Protect\n|move|p1b: Scovillain|Rage Powder|p1b: Scovillain\n|-singleturn|p1b: Scovillain|move: Rage Powder\n|move|p1a: Cofagrigus|Nasty Plot|p1a: Cofagrigus\n|-boost|p1a: Cofagrigus|spa|2\n|move|p2b: Aerodactyl|Rock Slide|p1a: Cofagrigus|[spread] p1b\n|-miss|p2b: Aerodactyl|p1a: Cofagrigus\n|-supereffective|p1b: Scovillain|1\n|-damage|p1b: Scovillain|0 fnt\n|-status|p2b: Aerodactyl|brn|[from] ability: Spicy Spray|[of] p1b: Scovillain\n|faint|p1b: Scovillain\n|\n|-damage|p2a: Glimmora|88/100 brn|[from] brn\n|-damage|p2b: Aerodactyl|95/100 brn|[from] brn\n|upkeep\n|\n|t:|1776217701\n|switch|p1b: Sinistcha|Sinistcha, L50|100/100\n|turn|3\n|\n|t:|1776217720\n|move|p1a: Cofagrigus|Hex|p2a: Glimmora\n|-damage|p2a: Glimmora|0 fnt\n|faint|p2a: Glimmora\n|move|p1b: Sinistcha|Scald|p2b: Aerodactyl\n|-supereffective|p2b: Aerodactyl|1\n|-damage|p2b: Aerodactyl|18/100 brn\n|move|p2b: Aerodactyl|Dual Wingbeat|p1b: Sinistcha\n|-supereffective|p1b: Sinistcha|1\n|-damage|p1b: Sinistcha|78/100\n|-supereffective|p1b: Sinistcha|1\n|-damage|p1b: Sinistcha|57/100\n|-hitcount|p1b: Sinistcha|2\n|\n|-heal|p2b: Aerodactyl|24/100 brn|[from] item: Leftovers\n|-damage|p2b: Aerodactyl|18/100 brn|[from] brn\n|upkeep\n|\n|t:|1776217734\n|switch|p2a: Azumarill|Azumarill, L50, F|100/100\n|turn|4\n|\n|t:|1776217749\n|move|p1a: Cofagrigus|Hex|p2a: Azumarill\n|-damage|p2a: Azumarill|32/100\n|move|p1b: Sinistcha|Strength Sap|p2a: Azumarill\n|-ability|p2a: Azumarill|Sap Sipper|boost\n|-boost|p2a: Azumarill|atk|1\n|move|p2a: Azumarill|Ice Spinner|p1b: Sinistcha\n|-supereffective|p1b: Sinistcha|1\n|-crit|p1b: Sinistcha\n|-damage|p1b: Sinistcha|0 fnt\n|faint|p1b: Sinistcha\n|move|p2b: Aerodactyl|Rock Slide|p1a: Cofagrigus|[miss]\n|-miss|p2b: Aerodactyl|p1a: Cofagrigus\n|\n|-heal|p2b: Aerodactyl|24/100 brn|[from] item: Leftovers\n|-damage|p2b: Aerodactyl|18/100 brn|[from] brn\n|-sideend|p2: BITCH IM BAM|move: Tailwind\n|upkeep\n|\n|t:|1776217763\n|switch|p1b: Florges|Florges-Blue, L50, F, shiny|100/100\n|turn|5\n|\n|t:|1776217779\n|move|p2a: Azumarill|Aqua Jet|p1a: Cofagrigus\n|-damage|p1a: Cofagrigus|76/100\n|-activate|p1a: Cofagrigus|ability: Mummy|p2a: Azumarill|[ability] Sap Sipper\n|move|p1a: Cofagrigus|Hex|p2a: Azumarill\n|-damage|p2a: Azumarill|0 fnt\n|faint|p2a: Azumarill\n|move|p1b: Florges|Calm Mind|p1b: Florges\n|-boost|p1b: Florges|spa|1\n|-boost|p1b: Florges|spd|1\n|move|p2b: Aerodactyl|Dual Wingbeat|p1b: Florges|[miss]\n|-miss|p2b: Aerodactyl|p1b: Florges\n|\n|-heal|p2b: Aerodactyl|24/100 brn|[from] item: Leftovers\n|-damage|p2b: Aerodactyl|18/100 brn|[from] brn\n|-fieldend|move: Trick Room\n|upkeep\n|\n|t:|1776217794\n|switch|p2a: Armarouge|Armarouge, L50, F|100/100\n|turn|6\n|\n|t:|1776217807\n|move|p2b: Aerodactyl|Rock Blast|p1b: Florges\n|-damage|p1b: Florges|92/100\n|-damage|p1b: Florges|83/100\n|-damage|p1b: Florges|74/100\n|-hitcount|p1b: Florges|3\n|move|p2a: Armarouge|Heat Wave|p1a: Cofagrigus|[spread] p1a,p1b\n|-damage|p1a: Cofagrigus|29/100\n|-damage|p1b: Florges|55/100\n|move|p1b: Florges|Dazzling Gleam|p2a: Armarouge|[spread] p2a,p2b\n|-resisted|p2a: Armarouge|1\n|-damage|p2a: Armarouge|69/100\n|-damage|p2b: Aerodactyl|0 fnt\n|faint|p2b: Aerodactyl\n|move|p1a: Cofagrigus|Trick Room|p1a: Cofagrigus\n|-fieldstart|move: Trick Room|[of] p1a: Cofagrigus\n|\n|-heal|p1b: Florges|60/100|[from] item: Leftovers\n|upkeep\n|turn|7\n|inactive|Battle timer is ON: inactive players will automatically lose when time's up. (requested by Aekyn)\n|\n|t:|1776217829\n|move|p1a: Cofagrigus|Destiny Bond|p1a: Cofagrigus\n|-singlemove|p1a: Cofagrigus|Destiny Bond\n|move|p1b: Florges|Calm Mind|p1b: Florges\n|-boost|p1b: Florges|spa|1\n|-boost|p1b: Florges|spd|1\n|move|p2a: Armarouge|Heat Wave|p1a: Cofagrigus|[spread] p1a,p1b\n|-crit|p1b: Florges\n|-damage|p1a: Cofagrigus|0 fnt\n|-damage|p1b: Florges|15/100\n|faint|p1a: Cofagrigus\n|-activate|p1a: Cofagrigus|move: Destiny Bond\n|faint|p2a: Armarouge\n|\n|win|Aekyn\n|raw|Aekyn's rating: 1091 &rarr; <strong>1116</strong><br />(+25 for winning)\n|raw|BITCH IM BAM's rating: 1076 &rarr; <strong>1056</strong><br />(-20 for losing)\n|l|\u2606BITCH IM BAM\n|player|p2|\n",
  "uploadtime": 1776217843,
  "views": 17,
  "formatid": "gen9championsvgc2026regma",
  "rating": 1056,
  "private": 0,
  "password": null
}