{
  "id": "gen9championsvgc2026regma-2587910921",
  "format": "[Gen 9 Champions] VGC 2026 Reg M-A",
  "players": [
    "Flakenz",
    "JamminXZO"
  ],
  "log": "|j|\u2606Flakenz\n|j|\u2606JamminXZO\n|t:|1776577892\n|gametype|doubles\n|player|p1|Flakenz|boarder|1470\n|player|p2|JamminXZO|170|1400\n|gen|9\n|tier|[Gen 9 Champions] VGC 2026 Reg M-A\n|rated|\n|rule|Species Clause: Limit one of each Pok\u00e9mon\n|rule|Item Clause: Limit 1 of each item\n|clearpoke\n|poke|p1|Gengar, L50, M|\n|poke|p1|Kingambit, L50, F|\n|poke|p1|Talonflame, L50, M, shiny|\n|poke|p1|Blastoise, L50, F|\n|poke|p1|Sinistcha, L50|\n|poke|p1|Arcanine-Hisui, L50, F|\n|poke|p2|Aggron, L50, M|\n|poke|p2|Incineroar, L50, M|\n|poke|p2|Sinistcha-Masterpiece, L50|\n|poke|p2|Pelipper, L50, F|\n|poke|p2|Clefable, L50, F|\n|poke|p2|Basculegion, L50, M|\n|teampreview|4\n|\n|t:|1776577930\n|teamsize|p1|4\n|teamsize|p2|4\n|start\n|switch|p1a: Kingambit|Kingambit, L50, F|100/100\n|switch|p1b: Blastoise|Blastoise, L50, F|100/100\n|switch|p2a: Aggron|Aggron, L50, M|100/100\n|switch|p2b: Incineroar|Incineroar, L50, M|100/100\n|-ability|p2b: Incineroar|Intimidate|boost\n|-unboost|p1a: Kingambit|atk|1\n|-ability|p1a: Kingambit|Defiant|boost\n|-boost|p1a: Kingambit|atk|2\n|-unboost|p1b: Blastoise|atk|1\n|turn|1\n|\n|t:|1776577958\n|detailschange|p1b: Blastoise|Blastoise-Mega, L50, F\n|-mega|p1b: Blastoise|Blastoise|Blastoisinite\n|detailschange|p2a: Aggron|Aggron-Mega, L50, M\n|-mega|p2a: Aggron|Aggron|Aggronite\n|move|p2b: Incineroar|Fake Out|p1b: Blastoise\n|-damage|p1b: Blastoise|90/100\n|cant|p1b: Blastoise|flinch\n|move|p1a: Kingambit|Low Kick|p2a: Aggron\n|-supereffective|p2a: Aggron|1\n|-damage|p2a: Aggron|52/100\n|move|p2a: Aggron|Body Press|p1a: Kingambit\n|-supereffective|p1a: Kingambit|2\n|-enditem|p1a: Kingambit|Focus Sash\n|-damage|p1a: Kingambit|1/100\n|\n|upkeep\n|turn|2\n|\n|t:|1776577981\n|move|p1a: Kingambit|Protect|p1a: Kingambit\n|-singleturn|p1a: Kingambit|Protect\n|move|p2a: Aggron|Protect|p2a: Aggron\n|-singleturn|p2a: Aggron|Protect\n|move|p1b: Blastoise|Aura Sphere|p2a: Aggron\n|-activate|p2a: Aggron|move: Protect\n|move|p2b: Incineroar|Parting Shot|p1b: Blastoise\n|-unboost|p1b: Blastoise|atk|1\n|-unboost|p1b: Blastoise|spa|1\n|\n|t:|1776577988\n|switch|p2b: Sinistcha|Sinistcha-Masterpiece, L50|100/100|[from] Parting Shot\n|-heal|p2a: Aggron|77/100|[from] ability: Hospitality|[of] p2b: Sinistcha\n|\n|upkeep\n|turn|3\n|\n|t:|1776578023\n|move|p1b: Blastoise|Aura Sphere|p2a: Aggron\n|-supereffective|p2a: Aggron|1\n|-damage|p2a: Aggron|34/100\n|move|p1a: Kingambit|Low Kick|p2a: Aggron\n|-supereffective|p2a: Aggron|1\n|-damage|p2a: Aggron|0 fnt\n|faint|p2a: Aggron\n|move|p2b: Sinistcha|Trick Room|p2b: Sinistcha\n|-fieldstart|move: Trick Room|[of] p2b: Sinistcha\n|\n|upkeep\n|\n|t:|1776578041\n|switch|p2a: Incineroar|Incineroar, L50, M|100/100\n|-ability|p2a: Incineroar|Intimidate|boost\n|-unboost|p1a: Kingambit|atk|1\n|-ability|p1a: Kingambit|Defiant|boost\n|-boost|p1a: Kingambit|atk|2\n|-unboost|p1b: Blastoise|atk|1\n|turn|4\n|\n|t:|1776578048\n|switch|p1b: Sinistcha|Sinistcha, L50|100/100\n|-heal|p1a: Kingambit|26/100|[from] ability: Hospitality|[of] p1b: Sinistcha\n|move|p1a: Kingambit|Protect|p1a: Kingambit\n|-singleturn|p1a: Kingambit|Protect\n|move|p2a: Incineroar|Fake Out|p1b: Sinistcha\n|-immune|p1b: Sinistcha\n|move|p2b: Sinistcha|Matcha Gotcha|p1a: Kingambit|[spread] \n|-activate|p1a: Kingambit|move: Protect\n|-miss|p2b: Sinistcha|p1b: Sinistcha\n|\n|upkeep\n|turn|5\n|\n|t:|1776578068\n|move|p1b: Sinistcha|Rage Powder|p1b: Sinistcha\n|-singleturn|p1b: Sinistcha|move: Rage Powder\n|move|p1a: Kingambit|Sucker Punch|p2b: Sinistcha\n|-supereffective|p2b: Sinistcha|1\n|-enditem|p2b: Sinistcha|Colbur Berry|[eat]\n|-enditem|p2b: Sinistcha|Colbur Berry|[weaken]\n|-damage|p2b: Sinistcha|16/100\n|move|p2a: Incineroar|Throat Chop|p1b: Sinistcha\n|-supereffective|p1b: Sinistcha|1\n|-damage|p1b: Sinistcha|50/100\n|-start|p1b: Sinistcha|Throat Chop|[silent]\n|-enditem|p1b: Sinistcha|Sitrus Berry|[eat]\n|-heal|p1b: Sinistcha|75/100|[from] item: Sitrus Berry\n|move|p2b: Sinistcha|Matcha Gotcha|p1a: Kingambit|[spread] p1a,p1b\n|-resisted|p1a: Kingambit|1\n|-resisted|p1b: Sinistcha|1\n|-damage|p1a: Kingambit|14/100\n|-heal|p2b: Sinistcha|23/100|[from] drain|[of] p1a: Kingambit\n|-damage|p1b: Sinistcha|64/100\n|-heal|p2b: Sinistcha|29/100|[from] drain|[of] p1b: Sinistcha\n|-status|p1a: Kingambit|brn\n|-status|p1b: Sinistcha|brn\n|\n|-damage|p1a: Kingambit|8/100 brn|[from] brn\n|-damage|p1b: Sinistcha|58/100 brn|[from] brn\n|upkeep\n|turn|6\n|\n|t:|1776578093\n|switch|p1b: Arcanine|Arcanine-Hisui, L50, F|100/100\n|-ability|p1b: Arcanine|Intimidate|boost\n|-unboost|p2a: Incineroar|atk|1\n|-unboost|p2b: Sinistcha|atk|1\n|move|p1a: Kingambit|Sucker Punch||[still]\n|-fail|p1a: Kingambit\n|move|p2a: Incineroar|Throat Chop|p1b: Arcanine\n|-damage|p1b: Arcanine|76/100\n|-start|p1b: Arcanine|Throat Chop|[silent]\n|move|p2b: Sinistcha|Life Dew||[still]|[spread] p2a,p2b\n|-fail|p2a: Incineroar|heal\n|-heal|p2b: Sinistcha|54/100\n|\n|-damage|p1a: Kingambit|2/100 brn|[from] brn\n|upkeep\n|turn|7\n|\n|t:|1776578121\n|switch|p2b: Pelipper|Pelipper, L50, F|100/100\n|-weather|RainDance|[from] ability: Drizzle|[of] p2b: Pelipper\n|move|p1a: Kingambit|Sucker Punch||[still]\n|-fail|p1a: Kingambit\n|move|p2a: Incineroar|Parting Shot|p1b: Arcanine\n|-unboost|p1b: Arcanine|atk|1\n|-unboost|p1b: Arcanine|spa|1\n|\n|t:|1776578128\n|switch|p2a: Sinistcha|Sinistcha-Masterpiece, L50|54/100|[from] Parting Shot\n|-enditem|p1b: Arcanine|White Herb\n|-clearnegativeboost|p1b: Arcanine|[silent]\n|move|p1b: Arcanine|Rock Slide|p2a: Sinistcha|[spread] p2a,p2b\n|-supereffective|p2b: Pelipper|1\n|-damage|p2a: Sinistcha|27/100\n|-damage|p2b: Pelipper|36/100\n|\n|-weather|RainDance|[upkeep]\n|-damage|p1a: Kingambit|0 fnt|[from] brn\n|faint|p1a: Kingambit\n|-end|p1b: Arcanine|Throat Chop|[silent]\n|-fieldend|move: Trick Room\n|upkeep\n|\n|t:|1776578146\n|switch|p1a: Blastoise|Blastoise-Mega, L50, F|90/100\n|turn|8\n|\n|t:|1776578151\n|switch|p2b: Incineroar|Incineroar, L50, M|100/100\n|-ability|p2b: Incineroar|Intimidate|boost\n|-unboost|p1a: Blastoise|atk|1\n|-unboost|p1b: Arcanine|atk|1\n|move|p1b: Arcanine|Extreme Speed|p2b: Incineroar\n|-damage|p2b: Incineroar|84/100\n|move|p1a: Blastoise|Dark Pulse|p2a: Sinistcha\n|-supereffective|p2a: Sinistcha|1\n|-damage|p2a: Sinistcha|0 fnt\n|faint|p2a: Sinistcha\n|\n|-weather|RainDance|[upkeep]\n|upkeep\n|\n|t:|1776578154\n|switch|p2a: Pelipper|Pelipper, L50, F|36/100\n|turn|9\n|-message|JamminXZO forfeited.\n|\n|win|Flakenz\n|raw|Flakenz's rating: 1470 &rarr; <strong>1486</strong><br />(+16 for winning)\n|raw|JamminXZO's rating: 1400 &rarr; <strong>1384</strong><br />(-16 for losing)\n|l|\u2606JamminXZO\n|player|p2|\n",
  "uploadtime": 1776578158,
  "views": 25,
  "formatid": "gen9championsvgc2026regma",
  "rating": 1384,
  "private": 0,
  "password": null
}