{
  "id": "gen9championsvgc2026regma-2581700340",
  "format": "[Gen 9 Champions] VGC 2026 Reg M-A",
  "players": [
    "nicknicola",
    "cheesetomeatyou"
  ],
  "log": "|j|\u2606nicknicola\n|j|\u2606cheesetomeatyou\n|t:|1776021737\n|gametype|doubles\n|player|p1|nicknicola|266|1099\n|player|p2|cheesetomeatyou|102|1117\n|gen|9\n|tier|[Gen 9 Champions] VGC 2026 Reg M-A\n|rated|\n|rule|Species Clause: Limit one of each Pok\u00e9mon\n|rule|Item Clause: Limit 1 of each item\n|clearpoke\n|poke|p1|Meganium, L50, F|\n|poke|p1|Pelipper, L50, M|\n|poke|p1|Incineroar, L50, M|\n|poke|p1|Basculegion, L50, M|\n|poke|p1|Sinistcha, L50|\n|poke|p1|Archaludon, L50, F|\n|poke|p2|Houndoom, L50, M|\n|poke|p2|Whimsicott, L50, M|\n|poke|p2|Jolteon, L50, F|\n|poke|p2|Aromatisse, L50, F|\n|poke|p2|Bellibolt, L50, M|\n|poke|p2|Ninetales-Alola, L50, F|\n|teampreview|4\nnicknicola rejected open team sheets.\n|inactive|Battle timer is ON: inactive players will automatically lose when time's up. (requested by cheesetomeatyou)\n|\n|t:|1776021771\n|teamsize|p1|4\n|teamsize|p2|4\n|start\n|switch|p1a: Meganium|Meganium, L50, F|100/100\n|switch|p1b: Pelipper|Pelipper, L50, M|100/100\n|switch|p2a: Bellibolt|Bellibolt, L50, M|100/100\n|switch|p2b: Jolteon|Jolteon, L50, F|100/100\n|-weather|RainDance|[from] ability: Drizzle|[of] p1b: Pelipper\n|turn|1\n|\n|t:|1776021793\n|detailschange|p1a: Meganium|Meganium-Mega, L50, F\n|-mega|p1a: Meganium|Meganium|Meganiumite\n|move|p2b: Jolteon|Sunny Day|p2b: Jolteon\n|-weather|SunnyDay\n|move|p1b: Pelipper|Tailwind|p1b: Pelipper\n|-sidestart|p1: nicknicola|move: Tailwind\n|move|p1a: Meganium|Earth Power|p2a: Bellibolt\n|-supereffective|p2a: Bellibolt|1\n|-damage|p2a: Bellibolt|34/100\n|-start|p2a: Bellibolt|Charge|Earth Power|[from] ability: Electromorphosis\n|move|p2a: Bellibolt|Parabolic Charge|p1b: Pelipper|[spread] p1a,p1b\n|-immune|p2b: Jolteon|[from] ability: Volt Absorb\n|-resisted|p1a: Meganium|1\n|-supereffective|p1b: Pelipper|2\n|-damage|p1a: Meganium|77/100\n|-heal|p2a: Bellibolt|44/100|[from] drain|[of] p1a: Meganium\n|-enditem|p1b: Pelipper|Focus Sash\n|-damage|p1b: Pelipper|1/100\n|-heal|p2a: Bellibolt|75/100|[from] drain|[of] p1b: Pelipper\n|-end|p2a: Bellibolt|Charge|[silent]\n|\n|-weather|SunnyDay|[upkeep]\n|upkeep\n|turn|2\n|inactive|nicknicola has 30 seconds left.\n|inactive|cheesetomeatyou has 30 seconds left.\n|\n|t:|1776021826\n|move|p1b: Pelipper|Rain Dance|p1b: Pelipper\n|-weather|RainDance\n|move|p1a: Meganium|Solar Beam||[still]\n|-prepare|p1a: Meganium|Solar Beam\n|-activate|p1a: Meganium|ability: Mega Sol\n|-anim|p1a: Meganium|Solar Beam|p2b: Jolteon\n|-damage|p2b: Jolteon|8/100\n|move|p2b: Jolteon|Electroweb|p1a: Meganium|[spread] p1a,p1b\n|-resisted|p1a: Meganium|1\n|-supereffective|p1b: Pelipper|2\n|-damage|p1a: Meganium|68/100\n|-damage|p1b: Pelipper|0 fnt\n|-unboost|p1a: Meganium|spe|1\n|faint|p1b: Pelipper\n|move|p2a: Bellibolt|Electric Terrain|p2a: Bellibolt\n|-fieldstart|move: Electric Terrain\n|\n|-weather|RainDance|[upkeep]\n|upkeep\n|\n|t:|1776021843\n|switch|p1b: Basculegion|Basculegion, L50, M|100/100\n|turn|3\n|\n|t:|1776021871\n|move|p1b: Basculegion|Aqua Jet|p2b: Jolteon\n|-damage|p2b: Jolteon|0 fnt\n|faint|p2b: Jolteon\n|move|p1a: Meganium|Earth Power|p2a: Bellibolt\n|-supereffective|p2a: Bellibolt|1\n|-damage|p2a: Bellibolt|9/100\n|-start|p2a: Bellibolt|Charge|Earth Power|[from] ability: Electromorphosis\n|move|p2a: Bellibolt|Parabolic Charge|p1a: Meganium|[spread] p1a,p1b\n|-resisted|p1a: Meganium|1\n|-supereffective|p1b: Basculegion|1\n|-damage|p1a: Meganium|40/100\n|-heal|p2a: Bellibolt|21/100|[from] drain|[of] p1a: Meganium\n|-damage|p1b: Basculegion|0 fnt\n|-heal|p2a: Bellibolt|68/100|[from] drain|[of] p1b: Basculegion\n|faint|p1b: Basculegion\n|-end|p2a: Bellibolt|Charge|[silent]\n|\n|-weather|RainDance|[upkeep]\n|upkeep\n|\n|t:|1776021889\n|switch|p2b: Ninetales|Ninetales-Alola, L50, F|100/100\n|switch|p1b: Archaludon|Archaludon, L50, F|100/100\n|-weather|Snowscape|[from] ability: Snow Warning|[of] p2b: Ninetales\n|turn|4\n|inactive|nicknicola has 30 seconds left.\n|\n|t:|1776021915\n|move|p2b: Ninetales|Blizzard|p1b: Archaludon|[spread] p1a,p1b\n|-supereffective|p1a: Meganium|1\n|-damage|p1a: Meganium|0 fnt\n|-damage|p1b: Archaludon|62/100\n|-ability|p1b: Archaludon|Stamina|boost\n|-boost|p1b: Archaludon|def|1\n|faint|p1a: Meganium\n|move|p1b: Archaludon|Snarl|p2b: Ninetales|[spread] p2a,p2b\n|-resisted|p2b: Ninetales|1\n|-damage|p2a: Bellibolt|56/100\n|-damage|p2b: Ninetales|92/100\n|-unboost|p2a: Bellibolt|spa|1\n|-unboost|p2b: Ninetales|spa|1\n|-start|p2a: Bellibolt|Charge|Snarl|[from] ability: Electromorphosis\n|move|p2a: Bellibolt|Thunderbolt|p1b: Archaludon\n|-resisted|p1b: Archaludon|1\n|-damage|p1b: Archaludon|3/100\n|-status|p1b: Archaludon|par\n|-ability|p1b: Archaludon|Stamina|boost\n|-boost|p1b: Archaludon|def|1\n|-end|p2a: Bellibolt|Charge|[silent]\n|\n|-weather|Snowscape|[upkeep]\n|-heal|p1b: Archaludon|9/100 par|[from] item: Leftovers\n|-sideend|p1: nicknicola|move: Tailwind\n|upkeep\n|turn|5\n|c|\u2606nicknicola|cool team\n|c|\u2606cheesetomeatyou|Gg\n|\n|t:|1776021935\n|move|p2b: Ninetales|Blizzard|p1b: Archaludon\n|-damage|p1b: Archaludon|0 fnt\n|faint|p1b: Archaludon\n|\n|win|cheesetomeatyou\n|raw|nicknicola's rating: 1099 &rarr; <strong>1075</strong><br />(-24 for losing)\n|raw|cheesetomeatyou's rating: 1117 &rarr; <strong>1141</strong><br />(+24 for winning)\n|c|\u2606cheesetomeatyou|Ty\n",
  "uploadtime": 1776021941,
  "views": 12,
  "formatid": "gen9championsvgc2026regma",
  "rating": 1075,
  "private": 0,
  "password": null
}