{
  "id": "gen9championsvgc2026regma-2585039113",
  "format": "[Gen 9 Champions] VGC 2026 Reg M-A",
  "players": [
    "neko oscar",
    "MMMMMMMMM FOOD"
  ],
  "log": "|j|\u2606neko oscar\n|j|\u2606MMMMMMMMM FOOD\n|t:|1776305741\n|gametype|doubles\n|player|p1|neko oscar|169|1067\n|player|p2|MMMMMMMMM FOOD|cynthia-gen4|1023\n|gen|9\n|tier|[Gen 9 Champions] VGC 2026 Reg M-A\n|rated|\n|rule|Species Clause: Limit one of each Pok\u00e9mon\n|rule|Item Clause: Limit 1 of each item\n|clearpoke\n|poke|p1|Mimikyu, L50, M|\n|poke|p1|Torkoal, L50, M|\n|poke|p1|Camerupt, L50, M|\n|poke|p1|Garchomp, L50, F|\n|poke|p1|Gallade, L50, M|\n|poke|p1|Heracross, L50, M|\n|poke|p2|Archaludon, L50, F|\n|poke|p2|Politoed, L50, F|\n|poke|p2|Incineroar, L50, F|\n|poke|p2|Basculegion, L50, M|\n|poke|p2|Farigiraf, L50, F|\n|poke|p2|Toxicroak, L50, M|\n|teampreview|4\n|inactive|Battle timer is ON: inactive players will automatically lose when time's up. (requested by MMMMMMMMM FOOD)\nMMMMMMMMM FOOD rejected open team sheets.\n|inactive|neko oscar has 60 seconds left.\n|inactive|MMMMMMMMM FOOD has 60 seconds left.\n|\n|t:|1776305791\n|teamsize|p1|4\n|teamsize|p2|4\n|start\n|switch|p1a: Mimikyu|Mimikyu, L50, M, shiny|100/100\n|switch|p1b: Gallade|Gallade, L50, M|100/100\n|switch|p2a: Archaludon|Archaludon, L50, F|100/100\n|switch|p2b: Politoed|Politoed, L50, F|100/100\n|-weather|RainDance|[from] ability: Drizzle|[of] p2b: Politoed\n|turn|1\n|\n|t:|1776305812\n|move|p2a: Archaludon|Protect|p2a: Archaludon\n|-singleturn|p2a: Archaludon|Protect\n|move|p1b: Gallade|Sacred Sword|p2a: Archaludon\n|-activate|p2a: Archaludon|move: Protect\n|move|p2b: Politoed|Icy Wind|p1a: Mimikyu|[spread] p1a,p1b\n|-activate|p1a: Mimikyu|ability: Disguise\n|-damage|p1a: Mimikyu|100/100\n|-damage|p1b: Gallade|88/100\n|-unboost|p1a: Mimikyu|spe|1\n|-unboost|p1b: Gallade|spe|1\n|detailschange|p1a: Mimikyu|Mimikyu-Busted, L50, M, shiny\n|-damage|p1a: Mimikyu|88/100|[from] pokemon: Mimikyu-Busted\n|move|p1a: Mimikyu|Trick Room|p1a: Mimikyu\n|-fieldstart|move: Trick Room|[of] p1a: Mimikyu\n|\n|-weather|RainDance|[upkeep]\n|upkeep\n|turn|2\n|inactive|MMMMMMMMM FOOD has 30 seconds left.\n|inactive|MMMMMMMMM FOOD has 20 seconds left.\n|\n|t:|1776305848\n|switch|p2a: Incineroar|Incineroar, L50, F|100/100\n|-ability|p2a: Incineroar|Intimidate|boost\n|-unboost|p1a: Mimikyu|atk|1\n|-unboost|p1b: Gallade|atk|1\n|move|p1a: Mimikyu|Swords Dance|p1a: Mimikyu\n|-boost|p1a: Mimikyu|atk|2\n|move|p2b: Politoed|Weather Ball|p1b: Gallade\n|-damage|p1b: Gallade|10/100\n|move|p1b: Gallade|Sacred Sword|p2a: Incineroar\n|-supereffective|p2a: Incineroar|1\n|-damage|p2a: Incineroar|22/100\n|-enditem|p2a: Incineroar|Sitrus Berry|[eat]\n|-heal|p2a: Incineroar|47/100|[from] item: Sitrus Berry\n|\n|-weather|RainDance|[upkeep]\n|upkeep\n|turn|3\n|\n|t:|1776305873\n|switch|p2b: Archaludon|Archaludon, L50, F|100/100\n|move|p2a: Incineroar|Fake Out|p1b: Gallade\n|-damage|p1b: Gallade|0 fnt\n|faint|p1b: Gallade\n|move|p1a: Mimikyu|Play Rough|p2b: Archaludon\n|-damage|p2b: Archaludon|61/100\n|-ability|p2b: Archaludon|Stamina|boost\n|-boost|p2b: Archaludon|def|1\n|\n|-weather|RainDance|[upkeep]\n|-heal|p2b: Archaludon|67/100|[from] item: Leftovers\n|upkeep\n|\n|t:|1776305883\n|switch|p1b: Torkoal|Torkoal, L50, M|100/100\n|-weather|SunnyDay|[from] ability: Drought|[of] p1b: Torkoal\n|turn|4\n|inactive|MMMMMMMMM FOOD has 30 seconds left.\n|\n|t:|1776305913\n|switch|p2a: Politoed|Politoed, L50, F|100/100\n|-weather|RainDance|[from] ability: Drizzle|[of] p2a: Politoed\n|move|p1b: Torkoal|Eruption|p2b: Archaludon|[spread] p2a,p2b\n|-resisted|p2a: Politoed|1\n|-damage|p2a: Politoed|91/100\n|-damage|p2b: Archaludon|38/100\n|-ability|p2b: Archaludon|Stamina|boost\n|-boost|p2b: Archaludon|def|1\n|move|p1a: Mimikyu|Play Rough|p2a: Politoed\n|-damage|p2a: Politoed|34/100\n|move|p2b: Archaludon|Electro Shot||[still]\n|-prepare|p2b: Archaludon|Electro Shot\n|-boost|p2b: Archaludon|spa|1\n|-anim|p2b: Archaludon|Electro Shot|p1b: Torkoal\n|-damage|p1b: Torkoal|0 fnt\n|faint|p1b: Torkoal\n|\n|-weather|RainDance|[upkeep]\n|-heal|p2b: Archaludon|44/100|[from] item: Leftovers\n|upkeep\n|\n|t:|1776305915\n|switch|p1b: Heracross|Heracross, L50, M|100/100\n|turn|5\n|inactive|MMMMMMMMM FOOD has 30 seconds left.\n|\n|t:|1776305945\n|switch|p2a: Incineroar|Incineroar, L50, F|47/100\n|-ability|p2a: Incineroar|Intimidate|boost\n|-unboost|p1a: Mimikyu|atk|1\n|-unboost|p1b: Heracross|atk|1\n|detailschange|p1b: Heracross|Heracross-Mega, L50, M\n|-mega|p1b: Heracross|Heracross|Heracronite\n|move|p2b: Archaludon|Protect|p2b: Archaludon\n|-singleturn|p2b: Archaludon|Protect\n|move|p1a: Mimikyu|Play Rough|p2a: Incineroar|[miss]\n|-miss|p1a: Mimikyu|p2a: Incineroar\n|move|p1b: Heracross|Close Combat|p2b: Archaludon\n|-activate|p2b: Archaludon|move: Protect\n|\n|-weather|RainDance|[upkeep]\n|-heal|p2b: Archaludon|50/100|[from] item: Leftovers\n|-fieldend|move: Trick Room\n|upkeep\n|turn|6\n|\n|t:|1776305963\n|move|p2a: Incineroar|Fake Out|p1b: Heracross\n|-damage|p1b: Heracross|90/100\n|cant|p1b: Heracross|flinch\n|move|p2b: Archaludon|Flash Cannon|p1a: Mimikyu\n|-supereffective|p1a: Mimikyu|1\n|-damage|p1a: Mimikyu|0 fnt\n|faint|p1a: Mimikyu\n|\n|-weather|RainDance|[upkeep]\n|-heal|p2b: Archaludon|56/100|[from] item: Leftovers\n|upkeep\n|turn|7\n|-message|neko oscar forfeited.\n|\n|win|MMMMMMMMM FOOD\n|raw|neko oscar's rating: 1067 &rarr; <strong>1044</strong><br />(-23 for losing)\n|raw|MMMMMMMMM FOOD's rating: 1023 &rarr; <strong>1064</strong><br />(+41 for winning)\n|l|\u2606neko oscar\n|player|p1|\n",
  "uploadtime": 1776305984,
  "views": 22,
  "formatid": "gen9championsvgc2026regma",
  "rating": 1044,
  "private": 0,
  "password": null
}