{
  "id": "gen9championsvgc2026regma-2584008232",
  "format": "[Gen 9 Champions] VGC 2026 Reg M-A",
  "players": [
    "meyownaze2",
    "siunhanech"
  ],
  "log": "|j|\u2606meyownaze2\n|j|\u2606siunhanech\n|t:|1776216306\n|gametype|doubles\n|player|p1|meyownaze2|preschooler|1270\n|player|p2|siunhanech|cynthia-gen4|1290\n|gen|9\n|tier|[Gen 9 Champions] VGC 2026 Reg M-A\n|rated|\n|rule|Species Clause: Limit one of each Pok\u00e9mon\n|rule|Item Clause: Limit 1 of each item\n|clearpoke\n|poke|p1|Aggron, L50, M|\n|poke|p1|Sinistcha-Masterpiece, L50|\n|poke|p1|Tyranitar, L50, M|\n|poke|p1|Aerodactyl, L50, M|\n|poke|p1|Sneasler, L50, F|\n|poke|p1|Hydreigon, L50, M|\n|poke|p2|Blastoise, L50, F|\n|poke|p2|Sableye, L50, M|\n|poke|p2|Basculegion, L50, M|\n|poke|p2|Sneasler, L50, F|\n|poke|p2|Sinistcha, L50|\n|poke|p2|Rotom-Wash, L50|\n|teampreview|4\n|inactive|Battle timer is ON: inactive players will automatically lose when time's up. (requested by meyownaze2)\n|\n|t:|1776216338\n|teamsize|p1|4\n|teamsize|p2|4\n|start\n|switch|p1a: Aggron James|Aggron, L50, M|100/100\n|switch|p1b: Malik Sneasley|Sneasler, L50, F|100/100\n|switch|p2a: Sinh vi\u00ean|Sableye, L50, M|100/100\n|switch|p2b: C\u00e1 ch\u00e9p r\u00e1n|Basculegion, L50, M, shiny|100/100\n|turn|1\n|\n|t:|1776216363\n|detailschange|p1a: Aggron James|Aggron-Mega, L50, M\n|-mega|p1a: Aggron James|Aggron|Aggronite\n|move|p2a: Sinh vi\u00ean|Fake Out|p1b: Malik Sneasley\n|-damage|p1b: Malik Sneasley|90/100\n|move|p2b: C\u00e1 ch\u00e9p r\u00e1n|Wave Crash|p1b: Malik Sneasley\n|-damage|p1b: Malik Sneasley|0 fnt\n|faint|p1b: Malik Sneasley\n|-damage|p2b: C\u00e1 ch\u00e9p r\u00e1n|77/100|[from] Recoil\n|move|p1a: Aggron James|Heavy Slam|p2a: Sinh vi\u00ean\n|-damage|p2a: Sinh vi\u00ean|49/100\n|\n|upkeep\n|\n|t:|1776216373\n|switch|p1b: Chawhi Leonard|Sinistcha-Masterpiece, L50|100/100\n|turn|2\n|\n|t:|1776216380\n|switch|p2b: B\u1eafn t\u00f9m lum|Blastoise, L50, F|100/100\n|move|p1b: Chawhi Leonard|Rage Powder|p1b: Chawhi Leonard\n|-singleturn|p1b: Chawhi Leonard|move: Rage Powder\n|move|p2a: Sinh vi\u00ean|Disable|p1b: Chawhi Leonard\n|-start|p1b: Chawhi Leonard|Disable|Rage Powder\n|move|p1a: Aggron James|Iron Defense|p1a: Aggron James\n|-boost|p1a: Aggron James|def|2\n|\n|upkeep\n|turn|3\n|\n|t:|1776216402\n|detailschange|p2b: B\u1eafn t\u00f9m lum|Blastoise-Mega, L50, F\n|-mega|p2b: B\u1eafn t\u00f9m lum|Blastoise|Blastoisinite\n|move|p2a: Sinh vi\u00ean|Encore|p1b: Chawhi Leonard\n|-start|p1b: Chawhi Leonard|Encore\n|cant|p1b: Chawhi Leonard|Disable|Rage Powder\n|move|p2b: B\u1eafn t\u00f9m lum|Water Spout|p1a: Aggron James|[spread] p1a,p1b\n|-resisted|p1b: Chawhi Leonard|1\n|-damage|p1a: Aggron James|41/100\n|-damage|p1b: Chawhi Leonard|62/100\n|move|p1a: Aggron James|Body Press|p2b: B\u1eafn t\u00f9m lum\n|-damage|p2b: B\u1eafn t\u00f9m lum|26/100\n|\n|upkeep\n|turn|4\n|\n|t:|1776216421\n|switch|p1b: Dreigon Green|Hydreigon, L50, M|100/100\n|move|p1a: Aggron James|Protect|p1a: Aggron James\n|-singleturn|p1a: Aggron James|Protect\n|move|p2a: Sinh vi\u00ean|Disable|p1a: Aggron James\n|-activate|p1a: Aggron James|move: Protect\n|move|p2b: B\u1eafn t\u00f9m lum|Aura Sphere|p1a: Aggron James\n|-activate|p1a: Aggron James|move: Protect\n|\n|upkeep\n|turn|5\n|inactive|meyownaze2 has 30 seconds left.\n|\n|t:|1776216455\n|switch|p2b: C\u00e1 ch\u00e9p r\u00e1n|Basculegion, L50, M, shiny|77/100\n|move|p2a: Sinh vi\u00ean|Encore|p1a: Aggron James\n|-start|p1a: Aggron James|Encore\n|move|p1a: Aggron James|Protect||[still]\n|-fail|p1a: Aggron James\n|move|p1b: Dreigon Green|Dark Pulse|p2b: C\u00e1 ch\u00e9p r\u00e1n\n|-supereffective|p2b: C\u00e1 ch\u00e9p r\u00e1n|1\n|-damage|p2b: C\u00e1 ch\u00e9p r\u00e1n|0 fnt\n|faint|p2b: C\u00e1 ch\u00e9p r\u00e1n\n|\n|upkeep\n|\n|t:|1776216464\n|switch|p2b: B\u1eafn t\u00f9m lum|Blastoise-Mega, L50, F|26/100\n|turn|6\n|\n|t:|1776216479\n|move|p1a: Aggron James|Protect|p1a: Aggron James\n|-singleturn|p1a: Aggron James|Protect\n|move|p2a: Sinh vi\u00ean|Disable|p1b: Dreigon Green\n|-hint|Since gen 7, Dark is immune to Prankster moves.\n|-immune|p1b: Dreigon Green\n|move|p1b: Dreigon Green|Dark Pulse|p2a: Sinh vi\u00ean\n|-damage|p2a: Sinh vi\u00ean|0 fnt\n|faint|p2a: Sinh vi\u00ean\n|move|p2b: B\u1eafn t\u00f9m lum|Aura Sphere|p1a: Aggron James\n|-activate|p1a: Aggron James|move: Protect\n|\n|upkeep\n|\n|t:|1776216481\n|switch|p2a: Tr\u00e0 t\u1eeb tay|Sinistcha, L50|100/100\n|-heal|p2b: B\u1eafn t\u00f9m lum|50/100|[from] ability: Hospitality|[of] p2a: Tr\u00e0 t\u1eeb tay\n|turn|7\n|inactive|meyownaze2 has 30 seconds left.\n|\n|t:|1776216516\n|move|p1a: Aggron James|Protect||[still]\n|-fail|p1a: Aggron James\n|move|p2a: Tr\u00e0 t\u1eeb tay|Rage Powder|p2a: Tr\u00e0 t\u1eeb tay\n|-singleturn|p2a: Tr\u00e0 t\u1eeb tay|move: Rage Powder\n|move|p1b: Dreigon Green|Dark Pulse|p2a: Tr\u00e0 t\u1eeb tay\n|-supereffective|p2a: Tr\u00e0 t\u1eeb tay|1\n|-damage|p2a: Tr\u00e0 t\u1eeb tay|3/100\n|-enditem|p2a: Tr\u00e0 t\u1eeb tay|Sitrus Berry|[eat]\n|-heal|p2a: Tr\u00e0 t\u1eeb tay|27/100|[from] item: Sitrus Berry\n|move|p2b: B\u1eafn t\u00f9m lum|Shell Smash|p2b: B\u1eafn t\u00f9m lum\n|-unboost|p2b: B\u1eafn t\u00f9m lum|def|1\n|-unboost|p2b: B\u1eafn t\u00f9m lum|spd|1\n|-boost|p2b: B\u1eafn t\u00f9m lum|atk|2\n|-boost|p2b: B\u1eafn t\u00f9m lum|spa|2\n|-boost|p2b: B\u1eafn t\u00f9m lum|spe|2\n|\n|-end|p1a: Aggron James|Encore\n|upkeep\n|turn|8\n|inactive|meyownaze2 has 30 seconds left.\n|\n|t:|1776216546\n|move|p1a: Aggron James|Protect|p1a: Aggron James\n|-singleturn|p1a: Aggron James|Protect\n|move|p2a: Tr\u00e0 t\u1eeb tay|Rage Powder|p2a: Tr\u00e0 t\u1eeb tay\n|-singleturn|p2a: Tr\u00e0 t\u1eeb tay|move: Rage Powder\n|move|p2b: B\u1eafn t\u00f9m lum|Ice Beam|p1b: Dreigon Green\n|-supereffective|p1b: Dreigon Green|1\n|-damage|p1b: Dreigon Green|0 fnt\n|faint|p1b: Dreigon Green\n|\n|upkeep\n|\n|t:|1776216551\n|switch|p1b: Chawhi Leonard|Sinistcha-Masterpiece, L50|62/100\n|-heal|p1a: Aggron James|66/100|[from] ability: Hospitality|[of] p1b: Chawhi Leonard\n|turn|9\n|\n|t:|1776216567\n|move|p1b: Chawhi Leonard|Rage Powder|p1b: Chawhi Leonard\n|-singleturn|p1b: Chawhi Leonard|move: Rage Powder\n|move|p2a: Tr\u00e0 t\u1eeb tay|Rage Powder|p2a: Tr\u00e0 t\u1eeb tay\n|-singleturn|p2a: Tr\u00e0 t\u1eeb tay|move: Rage Powder\n|move|p2b: B\u1eafn t\u00f9m lum|Ice Beam|p1b: Chawhi Leonard\n|-supereffective|p1b: Chawhi Leonard|1\n|-crit|p1b: Chawhi Leonard\n|-damage|p1b: Chawhi Leonard|0 fnt\n|faint|p1b: Chawhi Leonard\n|move|p1a: Aggron James|Heavy Slam|p2a: Tr\u00e0 t\u1eeb tay\n|-damage|p2a: Tr\u00e0 t\u1eeb tay|0 fnt\n|faint|p2a: Tr\u00e0 t\u1eeb tay\n|\n|upkeep\n|turn|10\n|\n|t:|1776216580\n|move|p2b: B\u1eafn t\u00f9m lum|Aura Sphere|p1a: Aggron James\n|-supereffective|p1a: Aggron James|1\n|-damage|p1a: Aggron James|0 fnt\n|faint|p1a: Aggron James\n|\n|win|siunhanech\n|raw|meyownaze2's rating: 1270 &rarr; <strong>1246</strong><br />(-24 for losing)\n|raw|siunhanech's rating: 1290 &rarr; <strong>1314</strong><br />(+24 for winning)\n|l|\u2606meyownaze2\n|player|p1|\n",
  "uploadtime": 1776216586,
  "views": 25,
  "formatid": "gen9championsvgc2026regma",
  "rating": 1246,
  "private": 0,
  "password": null
}