{
  "id": "gen9championsvgc2026regma-2583773555",
  "format": "[Gen 9 Champions] VGC 2026 Reg M-A",
  "players": [
    "jeanmixed",
    "felipe_officiale"
  ],
  "log": "|j|\u2606jeanmixed\n|j|\u2606felipe_officiale\n|t:|1776196741\n|gametype|doubles\n|player|p1|jeanmixed|169|\n|player|p2|felipe_officiale|170|\n|gen|9\n|tier|[Gen 9 Champions] VGC 2026 Reg M-A\n|rule|Species Clause: Limit one of each Pok\u00e9mon\n|rule|Item Clause: Limit 1 of each item\n|clearpoke\n|poke|p1|Mimikyu, L50, M|\n|poke|p1|Camerupt, L50, F|\n|poke|p1|Empoleon, L50, F|\n|poke|p1|Rhyperior, L50, F|\n|poke|p1|Farigiraf, L50, F|\n|poke|p1|Torkoal, L50, F|\n|poke|p2|Excadrill, L50, M|\n|poke|p2|Tyranitar, L50, M|\n|poke|p2|Arcanine, L50, M|\n|poke|p2|Hawlucha, L50, F|\n|poke|p2|Jolteon, L50, M|\n|teampreview|4\n|\n|t:|1776196805\n|teamsize|p1|4\n|teamsize|p2|4\n|start\n|switch|p1a: Mimikyu|Mimikyu, L50, M|100/100\n|switch|p1b: Empoleon|Empoleon, L50, F|100/100\n|switch|p2a: Tyranitar|Tyranitar, L50, M|100/100\n|switch|p2b: Jolteon|Jolteon, L50, M|100/100\n|-weather|Sandstorm|[from] ability: Sand Stream|[of] p2a: Tyranitar\n|turn|1\n|j| mofriu4334\n|\n|t:|1776196875\n|move|p1b: Empoleon|Protect|p1b: Empoleon\n|-singleturn|p1b: Empoleon|Protect\n|move|p2a: Tyranitar|Dragon Claw|p1a: Mimikyu\n|-immune|p1a: Mimikyu\n|move|p2b: Jolteon|Roar|p1b: Empoleon\n|drag|p1b: Camerupt|Camerupt, L50, F|100/100\n|move|p1a: Mimikyu|Trick Room|p1a: Mimikyu\n|-fieldstart|move: Trick Room|[of] p1a: Mimikyu\n|\n|-weather|Sandstorm|[upkeep]\n|-damage|p1a: Mimikyu|94/100|[from] Sandstorm\n|-damage|p2b: Jolteon|95/100|[from] Sandstorm\n|upkeep\n|turn|2\n|\n|t:|1776196901\n|detailschange|p1b: Camerupt|Camerupt-Mega, L50, F\n|-mega|p1b: Camerupt|Camerupt|Cameruptite\n|move|p1b: Camerupt|Eruption|p2a: Tyranitar|[spread] p2a,p2b\n|-resisted|p2a: Tyranitar|1\n|-damage|p2a: Tyranitar|81/100\n|-damage|p2b: Jolteon|0 fnt\n|faint|p2b: Jolteon\n|move|p2a: Tyranitar|Low Kick|p1b: Camerupt\n|-damage|p1b: Camerupt|51/100\n|move|p1a: Mimikyu|Swords Dance|p1a: Mimikyu\n|-boost|p1a: Mimikyu|atk|2\n|\n|-weather|Sandstorm|[upkeep]\n|-damage|p1a: Mimikyu|88/100|[from] Sandstorm\n|upkeep\n|\n|t:|1776196913\n|switch|p2b: Arcanine|Arcanine, L50, M|100/100\n|-ability|p2b: Arcanine|Intimidate|boost\n|-unboost|p1a: Mimikyu|atk|1\n|-unboost|p1b: Camerupt|atk|1\n|turn|3\n|j| lisarb660\n|\n|t:|1776196925\n|switch|p2a: Excadrill|Excadrill, L50, M|100/100\n|move|p1b: Camerupt|Protect|p1b: Camerupt\n|-singleturn|p1b: Camerupt|Protect\n|move|p2b: Arcanine|Overheat|p1a: Mimikyu\n|-activate|p1a: Mimikyu|ability: Disguise\n|-damage|p1a: Mimikyu|88/100\n|-unboost|p2b: Arcanine|spa|2\n|detailschange|p1a: Mimikyu|Mimikyu-Busted, L50, M\n|-damage|p1a: Mimikyu|76/100|[from] pokemon: Mimikyu-Busted\n|-enditem|p2b: Arcanine|White Herb\n|-clearnegativeboost|p2b: Arcanine|[silent]\n|move|p1a: Mimikyu|Play Rough|p2a: Excadrill\n|-resisted|p2a: Excadrill|1\n|-damage|p2a: Excadrill|59/100\n|\n|-weather|Sandstorm|[upkeep]\n|-damage|p2b: Arcanine|94/100|[from] Sandstorm\n|-damage|p1a: Mimikyu|70/100|[from] Sandstorm\n|upkeep\n|turn|4\n|c| lisarb660|trickroom\n|c| lisarb660|legal\n|\n|t:|1776196961\n|move|p1a: Mimikyu|Shadow Sneak|p2b: Arcanine\n|-damage|p2b: Arcanine|50/100\n|move|p1b: Camerupt|Flamethrower|p2a: Excadrill\n|-supereffective|p2a: Excadrill|1\n|-damage|p2a: Excadrill|0 fnt\n|faint|p2a: Excadrill\n|move|p2b: Arcanine|Wild Charge|p1a: Mimikyu\n|-damage|p1a: Mimikyu|28/100\n|-damage|p2b: Arcanine|41/100|[from] Recoil\n|\n|-weather|Sandstorm|[upkeep]\n|-damage|p2b: Arcanine|35/100|[from] Sandstorm\n|-damage|p1a: Mimikyu|22/100|[from] Sandstorm\n|upkeep\n|\n|t:|1776196970\n|switch|p2a: Tyranitar|Tyranitar, L50, M|81/100\n|turn|5\n|c| lisarb660|o mimikyu com pesco\u00e7o quebrado kk\n|\n|t:|1776196990\n|move|p1b: Camerupt|Earth Power|p2b: Arcanine\n|-supereffective|p2b: Arcanine|1\n|-damage|p2b: Arcanine|0 fnt\n|faint|p2b: Arcanine\n|move|p2a: Tyranitar|Dragon Claw|p1a: Mimikyu\n|-immune|p1a: Mimikyu\n|move|p1a: Mimikyu|Play Rough|p2a: Tyranitar\n|-supereffective|p2a: Tyranitar|1\n|-damage|p2a: Tyranitar|0 fnt\n|faint|p2a: Tyranitar\n|\n|win|jeanmixed\n|c| lisarb660|t\u00e1\n|c| lisarb660|t\u00e1\n|c| lisarb660|t\u00e1\n",
  "uploadtime": 1776197002,
  "views": 15,
  "formatid": "gen9championsvgc2026regma",
  "rating": null,
  "private": 0,
  "password": null
}