{
  "id": "gen9championsvgc2026regma-2586651970",
  "format": "[Gen 9 Champions] VGC 2026 Reg M-A",
  "players": [
    "In Da Trickroom",
    "pateemaw"
  ],
  "log": "|j|\u2606In Da Trickroom\n|j|\u2606pateemaw\n|t:|1776449540\n|gametype|doubles\n|player|p1|In Da Trickroom|harlequin|1262\n|player|p2|pateemaw|pilot|1211\n|gen|9\n|tier|[Gen 9 Champions] VGC 2026 Reg M-A\n|rated|\n|rule|Species Clause: Limit one of each Pok\u00e9mon\n|rule|Item Clause: Limit 1 of each item\n|clearpoke\n|poke|p1|Blastoise, L50, F|\n|poke|p1|Aerodactyl, L50, M|\n|poke|p1|Maushold-Four, L50|\n|poke|p1|Sinistcha, L50|\n|poke|p1|Sneasler, L50, M|\n|poke|p1|Pelipper, L50, M|\n|poke|p2|Floette-Eternal, L50, F|\n|poke|p2|Delphox, L50, M|\n|poke|p2|Aerodactyl, L50, F|\n|poke|p2|Sneasler, L50, M|\n|poke|p2|Basculegion, L50, M|\n|poke|p2|Kingambit, L50, M|\n|teampreview|4\n|inactive|Battle timer is ON: inactive players will automatically lose when time's up. (requested by In Da Trickroom)\npateemaw has agreed to open team sheets.\n|inactive|In Da Trickroom has 60 seconds left.\n|inactive|pateemaw has 60 seconds left.\n|\n|t:|1776449595\n|teamsize|p1|4\n|teamsize|p2|4\n|start\n|switch|p1a: Pelipper|Pelipper, L50, M|100/100\n|switch|p1b: Aerodactyl|Aerodactyl, L50, M|100/100\n|switch|p2a: Sneasler|Sneasler, L50, M|100/100\n|switch|p2b: Basculegion|Basculegion, L50, M|100/100\n|-ability|p1b: Aerodactyl|Unnerve\n|-weather|RainDance|[from] ability: Drizzle|[of] p1a: Pelipper\n|turn|1\n|\n|t:|1776449609\n|move|p1b: Aerodactyl|Protect|p1b: Aerodactyl\n|-singleturn|p1b: Aerodactyl|Protect\n|move|p2a: Sneasler|Fake Out|p1a: Pelipper\n|-crit|p1a: Pelipper\n|-damage|p1a: Pelipper|81/100\n|move|p2b: Basculegion|Wave Crash|p1b: Aerodactyl\n|-activate|p1b: Aerodactyl|move: Protect\n|cant|p1a: Pelipper|flinch\n|\n|-weather|RainDance|[upkeep]\n|-heal|p1a: Pelipper|87/100|[from] item: Leftovers\n|upkeep\n|turn|2\n|\n|t:|1776449627\n|switch|p1b: Sinistcha|Sinistcha, L50|100/100\n|-heal|p1a: Pelipper|100/100|[from] ability: Hospitality|[of] p1b: Sinistcha\n|move|p2a: Sneasler|Protect|p2a: Sneasler\n|-singleturn|p2a: Sneasler|Protect\n|move|p2b: Basculegion|Wave Crash|p1b: Sinistcha\n|-resisted|p1b: Sinistcha|1\n|-damage|p1b: Sinistcha|49/100\n|-enditem|p1b: Sinistcha|Sitrus Berry|[eat]\n|-heal|p1b: Sinistcha|74/100|[from] item: Sitrus Berry\n|-damage|p2b: Basculegion|85/100|[from] Recoil\n|move|p1a: Pelipper|Hurricane|p2a: Sneasler\n|-activate|p2a: Sneasler|move: Protect\n|\n|-weather|RainDance|[upkeep]\n|upkeep\n|turn|3\n|inactive|In Da Trickroom has 30 seconds left.\n|inactive|In Da Trickroom has 20 seconds left.\n|\n|t:|1776449667\n|move|p2b: Basculegion|Wave Crash|p1b: Sinistcha\n|-resisted|p1b: Sinistcha|1\n|-damage|p1b: Sinistcha|26/100\n|-damage|p2b: Basculegion|71/100|[from] Recoil\n|move|p2a: Sneasler|Dire Claw|p1b: Sinistcha\n|-damage|p1b: Sinistcha|0 fnt\n|faint|p1b: Sinistcha\n|move|p1a: Pelipper|Hurricane|p2a: Sneasler\n|-supereffective|p2a: Sneasler|1\n|-damage|p2a: Sneasler|0 fnt\n|faint|p2a: Sneasler\n|\n|-weather|RainDance|[upkeep]\n|upkeep\n|\n|t:|1776449682\n|switch|p2a: Aerodactyl|Aerodactyl, L50, F|100/100\n|switch|p1b: Aerodactyl|Aerodactyl, L50, M|100/100\n|-ability|p1b: Aerodactyl|Unnerve\n|turn|4\n|inactive|In Da Trickroom has 30 seconds left.\n|\n|t:|1776449711\n|switch|p2b: Floette|Floette-Eternal, L50, F|100/100\n|move|p2a: Aerodactyl|Taunt|p1a: Pelipper\n|-start|p1a: Pelipper|move: Taunt\n|move|p1b: Aerodactyl|Tailwind|p1b: Aerodactyl\n|-sidestart|p1: In Da Trickroom|move: Tailwind\n|move|p1a: Pelipper|Hurricane|p2b: Floette\n|-damage|p2b: Floette|53/100\n|-start|p2b: Floette|confusion\n|\n|-weather|RainDance|[upkeep]\n|upkeep\n|turn|5\n|\n|t:|1776449737\n|-activate|p2b: Floette|confusion\n|move|p2b: Floette|Protect|p2b: Floette\n|-singleturn|p2b: Floette|Protect\n|move|p1b: Aerodactyl|Rock Slide|p2b: Floette|[spread] p2a\n|-activate|p2b: Floette|move: Protect\n|-supereffective|p2a: Aerodactyl|1\n|-damage|p2a: Aerodactyl|5/100\n|move|p2a: Aerodactyl|Tailwind|p2a: Aerodactyl\n|-sidestart|p2: pateemaw|move: Tailwind\n|move|p1a: Pelipper|Hurricane|p2b: Floette\n|-activate|p2b: Floette|move: Protect\n|\n|-weather|none\n|upkeep\n|turn|6\n|inactive|In Da Trickroom has 30 seconds left.\n|inactive|pateemaw has 30 seconds left.\n|inactive|In Da Trickroom has 20 seconds left.\n|inactive|pateemaw has 20 seconds left.\n|\n|t:|1776449773\n|switch|p1a: Blastoise|Blastoise, L50, F|100/100\n|detailschange|p2b: Floette|Floette-Mega, L50, F\n|-mega|p2b: Floette|Floette|Floettite\n|-ability|p2b: Floette|Fairy Aura\n|move|p1b: Aerodactyl|Rock Slide|p2a: Aerodactyl|[spread] p2a,p2b\n|-supereffective|p2a: Aerodactyl|1\n|-damage|p2a: Aerodactyl|0 fnt\n|-damage|p2b: Floette|10/100\n|faint|p2a: Aerodactyl\n|cant|p2b: Floette|flinch\n|\n|upkeep\n|\n|t:|1776449782\n|switch|p2a: Basculegion|Basculegion, L50, M|71/100\n|turn|7\n|\n|t:|1776449796\n|detailschange|p1a: Blastoise|Blastoise-Mega, L50, F\n|-mega|p1a: Blastoise|Blastoise|Blastoisinite\n|move|p1b: Aerodactyl|Protect|p1b: Aerodactyl\n|-singleturn|p1b: Aerodactyl|Protect\n|-activate|p2b: Floette|confusion\n|move|p2b: Floette|Protect|p2b: Floette\n|-singleturn|p2b: Floette|Protect\n|move|p2a: Basculegion|Last Respects|p1b: Aerodactyl\n|-activate|p1b: Aerodactyl|move: Protect\n|move|p1a: Blastoise|Dark Pulse|p2a: Basculegion\n|-supereffective|p2a: Basculegion|1\n|-damage|p2a: Basculegion|0 fnt\n|faint|p2a: Basculegion\n|\n|-sideend|p1: In Da Trickroom|move: Tailwind\n|upkeep\n|turn|8\n|-message|pateemaw forfeited.\n|\n|win|In Da Trickroom\n|raw|In Da Trickroom's rating: 1262 &rarr; <strong>1283</strong><br />(+21 for winning)\n|raw|pateemaw's rating: 1211 &rarr; <strong>1190</strong><br />(-21 for losing)\n|l|\u2606pateemaw\n|player|p2|\n",
  "uploadtime": 1776449815,
  "views": 32,
  "formatid": "gen9championsvgc2026regma",
  "rating": 1190,
  "private": 0,
  "password": null
}