{
  "id": "gen9championsvgc2026regma-2588371997",
  "format": "[Gen 9 Champions] VGC 2026 Reg M-A",
  "players": [
    "prankstertrollo",
    "Dr Gaster PHD"
  ],
  "log": "|j|\u2606prankstertrollo\n|j|\u2606Dr Gaster PHD\n|t:|1776628010\n|gametype|doubles\n|player|p1|prankstertrollo|giovanni|1325\n|player|p2|Dr Gaster PHD|ghetsis|1238\n|gen|9\n|tier|[Gen 9 Champions] VGC 2026 Reg M-A\n|rated|\n|rule|Species Clause: Limit one of each Pok\u00e9mon\n|rule|Item Clause: Limit 1 of each item\n|clearpoke\n|poke|p1|Dragonite, L50, M, shiny|\n|poke|p1|Archaludon, L50, M|\n|poke|p1|Hydreigon, L50, M|\n|poke|p1|Basculegion, L50, M, shiny|\n|poke|p1|Sinistcha-Masterpiece, L50|\n|poke|p1|Banette, L50, F, shiny|\n|poke|p2|Pelipper, L50, M|\n|poke|p2|Basculegion, L50, M, shiny|\n|poke|p2|Archaludon, L50, F, shiny|\n|poke|p2|Sinistcha-Masterpiece, L50|\n|poke|p2|Meganium, L50, M|\n|poke|p2|Dragonite, L50, M, shiny|\n|teampreview|4\nDr Gaster PHD rejected open team sheets.\n|inactive|Battle timer is ON: inactive players will automatically lose when time's up. (requested by Dr Gaster PHD)\n|\n|t:|1776628049\n|teamsize|p1|4\n|teamsize|p2|4\n|start\n|switch|p1a: U did what?|Dragonite, L50, M, shiny|100/100\n|switch|p1b: Lightning|Basculegion, L50, M, shiny|100/100\n|switch|p2a: Purple Rain|Basculegion, L50, M, shiny|100/100\n|switch|p2b: Bridget|Archaludon, L50, F, shiny|100/100\n|turn|1\n|\n|t:|1776628063\n|move|p1b: Lightning|Flip Turn|p2a: Purple Rain\n|-resisted|p2a: Purple Rain|1\n|-damage|p2a: Purple Rain|77/100\n|\n|t:|1776628076\n|switch|p1b: Hydreigon|Hydreigon, L50, M|100/100|[from] Flip Turn\n|move|p2a: Purple Rain|Flip Turn|p1a: U did what?\n|-resisted|p1a: U did what?|1\n|-damage|p1a: U did what?|81/100\n|\n|t:|1776628082\n|switch|p2a: Sky Toilet|Pelipper, L50, M|100/100|[from] Flip Turn\n|-weather|RainDance|[from] ability: Drizzle|[of] p2a: Sky Toilet\n|move|p1a: U did what?|Tailwind|p1a: U did what?\n|-sidestart|p1: prankstertrollo|move: Tailwind\n|move|p2b: Bridget|Electro Shot||[still]\n|-prepare|p2b: Bridget|Electro Shot\n|-boost|p2b: Bridget|spa|1\n|-anim|p2b: Bridget|Electro Shot|p1b: Hydreigon\n|-resisted|p1b: Hydreigon|1\n|-crit|p1b: Hydreigon\n|-damage|p1b: Hydreigon|54/100\n|\n|-weather|RainDance|[upkeep]\n|upkeep\n|turn|2\n|\n|t:|1776628100\n|move|p1b: Hydreigon|Protect|p1b: Hydreigon\n|-singleturn|p1b: Hydreigon|Protect\n|move|p1a: U did what?|Dragon Cheer|p1b: Hydreigon\n|-start|p1b: Hydreigon|move: Dragon Cheer\n|move|p2a: Sky Toilet|Tailwind|p2a: Sky Toilet\n|-sidestart|p2: Dr Gaster PHD|move: Tailwind\n|move|p2b: Bridget|Electro Shot||[still]\n|-prepare|p2b: Bridget|Electro Shot\n|-boost|p2b: Bridget|spa|1\n|-anim|p2b: Bridget|Electro Shot|p1a: U did what?\n|-damage|p1a: U did what?|24/100\n|\n|-weather|RainDance|[upkeep]\n|upkeep\n|turn|3\n|\n|t:|1776628120\n|move|p2b: Bridget|Protect|p2b: Bridget\n|-singleturn|p2b: Bridget|Protect\n|move|p1b: Hydreigon|Draco Meteor|p2b: Bridget\n|-activate|p2b: Bridget|move: Protect\n|move|p2a: Sky Toilet|Hurricane|p1b: Hydreigon\n|-damage|p1b: Hydreigon|0 fnt\n|faint|p1b: Hydreigon\n|move|p1a: U did what?|Fling|p2a: Sky Toilet\n|-damage|p2a: Sky Toilet|89/100\n|-enditem|p1a: U did what?|King's Rock|[from] move: Fling\n|\n|-weather|RainDance|[upkeep]\n|upkeep\n|\n|t:|1776628137\n|switch|p1b: Archaludon|Archaludon, L50, M|100/100\n|turn|4\n|\n|t:|1776628146\n|move|p1b: Archaludon|Protect|p1b: Archaludon\n|-singleturn|p1b: Archaludon|Protect\n|move|p2a: Sky Toilet|Hurricane|p1a: U did what?\n|-damage|p1a: U did what?|0 fnt\n|faint|p1a: U did what?\n|move|p2b: Bridget|Electro Shot||[still]\n|-prepare|p2b: Bridget|Electro Shot\n|-boost|p2b: Bridget|spa|1\n|-anim|p2b: Bridget|Electro Shot|p1b: Archaludon\n|-activate|p1b: Archaludon|move: Protect\n|\n|-weather|RainDance|[upkeep]\n|-sideend|p1: prankstertrollo|move: Tailwind\n|upkeep\n|\n|t:|1776628151\n|switch|p1a: Lightning|Basculegion, L50, M, shiny|100/100\n|turn|5\n|\n|t:|1776628174\n|move|p2a: Sky Toilet|Weather Ball|p1b: Archaludon\n|-resisted|p1b: Archaludon|1\n|-damage|p1b: Archaludon|64/100\n|-ability|p1b: Archaludon|Stamina|boost\n|-boost|p1b: Archaludon|def|1\n|move|p1a: Lightning|Last Respects|p2b: Bridget\n|-damage|p2b: Bridget|33/100\n|-ability|p2b: Bridget|Stamina|boost\n|-boost|p2b: Bridget|def|1\n|move|p2b: Bridget|Electro Shot||[still]\n|-prepare|p2b: Bridget|Electro Shot\n|-boost|p2b: Bridget|spa|1\n|-anim|p2b: Bridget|Electro Shot|p1a: Lightning\n|-supereffective|p1a: Lightning|1\n|-damage|p1a: Lightning|0 fnt\n|faint|p1a: Lightning\n|move|p1b: Archaludon|Aura Sphere|p2b: Bridget\n|-supereffective|p2b: Bridget|1\n|-damage|p2b: Bridget|0 fnt\n|faint|p2b: Bridget\n|\n|-weather|none\n|-heal|p1b: Archaludon|70/100|[from] item: Leftovers\n|-sideend|p2: Dr Gaster PHD|move: Tailwind\n|upkeep\n|\n|t:|1776628185\n|switch|p2b: Rhizomatic Arrow|Meganium, L50, M|100/100\n|turn|6\n|\n|t:|1776628192\n|detailschange|p2b: Rhizomatic Arrow|Meganium-Mega, L50, M\n|-mega|p2b: Rhizomatic Arrow|Meganium|Meganiumite\n|move|p2a: Sky Toilet|Tailwind|p2a: Sky Toilet\n|-sidestart|p2: Dr Gaster PHD|move: Tailwind\n|move|p2b: Rhizomatic Arrow|Weather Ball|p1b: Archaludon\n|-damage|p1b: Archaludon|0 fnt\n|faint|p1b: Archaludon\n|\n|win|Dr Gaster PHD\n|raw|prankstertrollo's rating: 1325 &rarr; <strong>1300</strong><br />(-25 for losing)\n|raw|Dr Gaster PHD's rating: 1238 &rarr; <strong>1269</strong><br />(+31 for winning)\n",
  "uploadtime": 1776628195,
  "views": 16,
  "formatid": "gen9championsvgc2026regma",
  "rating": 1269,
  "private": 0,
  "password": null
}