{
  "id": "gen9championsvgc2026regma-2582491435",
  "format": "[Gen 9 Champions] VGC 2026 Reg M-A",
  "players": [
    "m2p mikey",
    "adriangpulido2"
  ],
  "log": "|j|\u2606m2p mikey\n|j|\u2606adriangpulido2\n|t:|1776095099\n|gametype|doubles\n|player|p1|m2p mikey|266|1040\n|player|p2|adriangpulido2|cyrus|1069\n|gen|9\n|tier|[Gen 9 Champions] VGC 2026 Reg M-A\n|rated|\n|rule|Species Clause: Limit one of each Pok\u00e9mon\n|rule|Item Clause: Limit 1 of each item\n|clearpoke\n|poke|p1|Pelipper, L50, M|\n|poke|p1|Dragonite, L50, M|\n|poke|p1|Aggron, L50, M|\n|poke|p1|Garchomp, L50, M|\n|poke|p1|Incineroar, L50, F|\n|poke|p1|Sinistcha, L50|\n|poke|p2|Altaria, L50, M|\n|poke|p2|Infernape, L50, M|\n|poke|p2|Politoed, L50, M|\n|poke|p2|Archaludon, L50, M|\n|poke|p2|Gallade, L50, M|\n|poke|p2|Kingambit, L50, M|\n|teampreview|4\n|\n|t:|1776095161\n|teamsize|p1|4\n|teamsize|p2|4\n|start\n|switch|p1a: Incineroar|Incineroar, L50, F|100/100\n|switch|p1b: Aggron|Aggron, L50, M|100/100\n|switch|p2a: Gallade|Gallade, L50, M, shiny|100/100\n|switch|p2b: Archaludon|Archaludon, L50, M, shiny|100/100\n|-ability|p1a: Incineroar|Intimidate|boost\n|-unboost|p2a: Gallade|atk|1\n|-unboost|p2b: Archaludon|atk|1\n|turn|1\n|\n|t:|1776095195\n|detailschange|p2a: Gallade|Gallade-Mega, L50, M, shiny\n|-mega|p2a: Gallade|Gallade|Galladite\n|detailschange|p1b: Aggron|Aggron-Mega, L50, M\n|-mega|p1b: Aggron|Aggron|Aggronite\n|move|p2b: Archaludon|Protect|p2b: Archaludon\n|-singleturn|p2b: Archaludon|Protect\n|move|p1a: Incineroar|Fake Out|p2b: Archaludon\n|-activate|p2b: Archaludon|move: Protect\n|move|p2a: Gallade|Sacred Sword|p1b: Aggron\n|-supereffective|p1b: Aggron|1\n|-damage|p1b: Aggron|69/100\n|move|p1b: Aggron|Iron Defense|p1b: Aggron\n|-boost|p1b: Aggron|def|2\n|\n|upkeep\n|turn|2\n|\n|t:|1776095222\n|move|p1b: Aggron|Protect|p1b: Aggron\n|-singleturn|p1b: Aggron|Protect\n|move|p2a: Gallade|Sacred Sword|p1a: Incineroar\n|-supereffective|p1a: Incineroar|1\n|-damage|p1a: Incineroar|23/100\n|move|p2b: Archaludon|Draco Meteor|p1a: Incineroar\n|-damage|p1a: Incineroar|0 fnt\n|-unboost|p2b: Archaludon|spa|2\n|faint|p1a: Incineroar\n|\n|upkeep\n|\n|t:|1776095230\n|switch|p1a: Sinistcha|Sinistcha, L50|100/100\n|-heal|p1b: Aggron|93/100|[from] ability: Hospitality|[of] p1a: Sinistcha\n|turn|3\n|\n|t:|1776095247\n|switch|p2b: Kingambit|Kingambit, L50, M, shiny|100/100\n|move|p1a: Sinistcha|Rage Powder|p1a: Sinistcha\n|-singleturn|p1a: Sinistcha|move: Rage Powder\n|move|p2a: Gallade|Sacred Sword|p1a: Sinistcha\n|-immune|p1a: Sinistcha\n|move|p1b: Aggron|Body Press|p2b: Kingambit\n|-supereffective|p2b: Kingambit|2\n|-enditem|p2b: Kingambit|Focus Sash\n|-damage|p2b: Kingambit|1/100\n|\n|upkeep\n|turn|4\n|\n|t:|1776095262\n|move|p2a: Gallade|Protect|p2a: Gallade\n|-singleturn|p2a: Gallade|Protect\n|move|p1b: Aggron|Protect|p1b: Aggron\n|-singleturn|p1b: Aggron|Protect\n|move|p1a: Sinistcha|Rage Powder|p1a: Sinistcha\n|-singleturn|p1a: Sinistcha|move: Rage Powder\n|move|p2b: Kingambit|Sucker Punch||[still]\n|-fail|p2b: Kingambit\n|\n|upkeep\n|turn|5\n|\n|t:|1776095319\n|move|p1b: Aggron|Protect||[still]\n|-fail|p1b: Aggron\n|move|p2b: Kingambit|Protect|p2b: Kingambit\n|-singleturn|p2b: Kingambit|Protect\n|move|p2a: Gallade|Psycho Cut|p1a: Sinistcha\n|-damage|p1a: Sinistcha|67/100\n|move|p1a: Sinistcha|Matcha Gotcha|p2b: Kingambit|[spread] p2a\n|-activate|p2b: Kingambit|move: Protect\n|-damage|p2a: Gallade|75/100\n|-heal|p1a: Sinistcha|78/100|[from] drain|[of] p2a: Gallade\n|-status|p2a: Gallade|brn\n|\n|-damage|p2a: Gallade|70/100 brn|[from] brn\n|upkeep\n|turn|6\n|\n|t:|1776095339\n|move|p1a: Sinistcha|Rage Powder|p1a: Sinistcha\n|-singleturn|p1a: Sinistcha|move: Rage Powder\n|move|p2a: Gallade|Shadow Sneak|p1a: Sinistcha\n|-supereffective|p1a: Sinistcha|1\n|-damage|p1a: Sinistcha|66/100\n|move|p2b: Kingambit|Sucker Punch||[still]\n|-fail|p2b: Kingambit\n|move|p1b: Aggron|Heavy Slam|p2a: Gallade\n|-damage|p2a: Gallade|0 fnt\n|faint|p2a: Gallade\n|\n|upkeep\n|\n|t:|1776095350\n|switch|p2a: Infernape|Infernape, L50, M, shiny|100/100\n|turn|7\n|\n|t:|1776095363\n|move|p2b: Kingambit|Protect|p2b: Kingambit\n|-singleturn|p2b: Kingambit|Protect\n|move|p2a: Infernape|Fire Punch|p1a: Sinistcha\n|-supereffective|p1a: Sinistcha|1\n|-damage|p1a: Sinistcha|0 fnt\n|faint|p1a: Sinistcha\n|move|p1b: Aggron|Iron Defense|p1b: Aggron\n|-boost|p1b: Aggron|def|2\n|\n|upkeep\n|\n|t:|1776095371\n|switch|p1a: Garchomp|Garchomp, L50, M|100/100\n|turn|8\n|\n|t:|1776095383\n|move|p2a: Infernape|Protect|p2a: Infernape\n|-singleturn|p2a: Infernape|Protect\n|move|p1b: Aggron|Protect|p1b: Aggron\n|-singleturn|p1b: Aggron|Protect\n|move|p2b: Kingambit|Sucker Punch|p1a: Garchomp\n|-damage|p1a: Garchomp|59/100\n|-damage|p2b: Kingambit|0 fnt|[from] ability: Rough Skin|[of] p1a: Garchomp\n|faint|p2b: Kingambit\n|-end|p2b: Kingambit|fallenundefined|[silent]\n|move|p1a: Garchomp|Rock Slide|p2a: Infernape\n|-activate|p2a: Infernape|move: Protect\n|\n|upkeep\n|\n|t:|1776095394\n|switch|p2b: Archaludon|Archaludon, L50, M, shiny|100/100\n|turn|9\n|\n|t:|1776095402\n|move|p1a: Garchomp|Rock Slide|p2a: Infernape|[spread] p2a,p2b\n|-resisted|p2b: Archaludon|1\n|-damage|p2a: Infernape|65/100\n|-damage|p2b: Archaludon|94/100\n|-ability|p2b: Archaludon|Stamina|boost\n|-boost|p2b: Archaludon|def|1\n|move|p2a: Infernape|Close Combat|p1b: Aggron\n|-supereffective|p1b: Aggron|1\n|-damage|p1b: Aggron|77/100\n|-unboost|p2a: Infernape|def|1\n|-unboost|p2a: Infernape|spd|1\n|move|p2b: Archaludon|Draco Meteor|p1a: Garchomp|[miss]\n|-miss|p2b: Archaludon|p1a: Garchomp\n|move|p1b: Aggron|Body Press|p2b: Archaludon\n|-supereffective|p2b: Archaludon|1\n|-damage|p2b: Archaludon|0 fnt\n|faint|p2b: Archaludon\n|\n|upkeep\n|turn|10\n|\n|t:|1776095426\n|move|p1a: Garchomp|Rock Slide|p2a: Infernape\n|-damage|p2a: Infernape|0 fnt\n|faint|p2a: Infernape\n|\n|win|m2p mikey\n|raw|m2p mikey's rating: 1040 &rarr; <strong>1077</strong><br />(+37 for winning)\n|raw|adriangpulido2's rating: 1069 &rarr; <strong>1047</strong><br />(-22 for losing)\n",
  "uploadtime": 1776095430,
  "views": 28,
  "formatid": "gen9championsvgc2026regma",
  "rating": 1047,
  "private": 0,
  "password": null
}