{
  "id": "gen9championsvgc2026regma-2583409652",
  "format": "[Gen 9 Champions] VGC 2026 Reg M-A",
  "players": [
    "F00tcream",
    "mezooki"
  ],
  "log": "|j|\u2606F00tcream\n|j|\u2606mezooki\n|t:|1776173744\n|gametype|doubles\n|player|p1|F00tcream|iris-gen5bw2|1093\n|player|p2|mezooki|lady|1095\n|gen|9\n|tier|[Gen 9 Champions] VGC 2026 Reg M-A\n|rated|\n|rule|Species Clause: Limit one of each Pok\u00e9mon\n|rule|Item Clause: Limit 1 of each item\n|clearpoke\n|poke|p1|Archaludon, L50, M|\n|poke|p1|Politoed, L50, M|\n|poke|p1|Aggron, L50, M|\n|poke|p1|Talonflame, L50, M|\n|poke|p1|Sinistcha, L50|\n|poke|p1|Araquanid, L50, M|\n|poke|p2|Aerodactyl, L50, F|\n|poke|p2|Floette-Eternal, L50, F|\n|poke|p2|Garchomp, L50, M|\n|poke|p2|Maushold-Four, L50|\n|poke|p2|Delphox, L50, F|\n|poke|p2|Rotom-Wash, L50|\n|teampreview|4\n|inactive|Battle timer is ON: inactive players will automatically lose when time's up. (requested by mezooki)\n|inactive|F00tcream has 60 seconds left.\n|inactive|mezooki has 60 seconds left.\n|\n|t:|1776173792\n|teamsize|p1|4\n|teamsize|p2|4\n|start\n|switch|p1a: Archaludon|Archaludon, L50, M|100/100\n|switch|p1b: Talonflame|Talonflame, L50, M|100/100\n|switch|p2a: Aerodactyl|Aerodactyl, L50, F|100/100\n|switch|p2b: Rotom|Rotom-Wash, L50|100/100\n|-ability|p2a: Aerodactyl|Unnerve\n|turn|1\n|\n|t:|1776173814\n|move|p2b: Rotom|Volt Switch|p1b: Talonflame\n|-supereffective|p1b: Talonflame|1\n|-damage|p1b: Talonflame|2/100\n|\n|t:|1776173818\n|switch|p2b: Delphox|Delphox, L50, F|100/100|[from] Volt Switch\n|move|p2a: Aerodactyl|Tailwind|p2a: Aerodactyl\n|-sidestart|p2: mezooki|move: Tailwind\n|move|p1b: Talonflame|Tailwind|p1b: Talonflame\n|-sidestart|p1: F00tcream|move: Tailwind\n|move|p1a: Archaludon|Steel Beam|p2a: Aerodactyl\n|-supereffective|p2a: Aerodactyl|1\n|-enditem|p2a: Aerodactyl|Focus Sash\n|-damage|p2a: Aerodactyl|1/100\n|-damage|p1a: Archaludon|50/100|[from] steelbeam\n|\n|-heal|p1a: Archaludon|56/100|[from] item: Leftovers\n|upkeep\n|turn|2\n|inactive|F00tcream has 30 seconds left.\n|\n|t:|1776173853\n|move|p1a: Archaludon|Protect|p1a: Archaludon\n|-singleturn|p1a: Archaludon|Protect\n|move|p2a: Aerodactyl|Rock Slide|p1b: Talonflame|[spread] p1b\n|-activate|p1a: Archaludon|move: Protect\n|-supereffective|p1b: Talonflame|2\n|-damage|p1b: Talonflame|0 fnt\n|faint|p1b: Talonflame\n|move|p2b: Delphox|Heat Wave|p1a: Archaludon\n|-activate|p1a: Archaludon|move: Protect\n|\n|-heal|p1a: Archaludon|62/100|[from] item: Leftovers\n|upkeep\n|\n|t:|1776173864\n|switch|p1b: Aggron|Aggron, L50, M|100/100\n|turn|3\n|\n|t:|1776173880\n|switch|p1a: Politoed|Politoed, L50, M, shiny|100/100\n|-weather|RainDance|[from] ability: Drizzle|[of] p1a: Politoed\n|move|p2a: Aerodactyl|Rock Slide|p1b: Aggron|[spread] p1a,p1b\n|-resisted|p1b: Aggron|1\n|-damage|p1a: Politoed|69/100\n|-damage|p1b: Aggron|95/100\n|move|p2b: Delphox|Overheat|p1b: Aggron\n|-damage|p1b: Aggron|51/100\n|-unboost|p2b: Delphox|spa|2\n|cant|p1b: Aggron|flinch\n|\n|-weather|RainDance|[upkeep]\n|upkeep\n|turn|4\n|inactive|F00tcream has 30 seconds left.\n|\n|t:|1776173907\n|switch|p2b: Rotom|Rotom-Wash, L50|100/100\n|detailschange|p1b: Aggron|Aggron-Mega, L50, M\n|-mega|p1b: Aggron|Aggron|Aggronite\n|move|p2a: Aerodactyl|Wide Guard|p2a: Aerodactyl\n|-singleturn|p2a: Aerodactyl|Wide Guard\n|move|p1a: Politoed|Icy Wind|p2b: Rotom|[spread] \n|-activate|p2a: Aerodactyl|move: Wide Guard\n|-activate|p2b: Rotom|move: Wide Guard\n|move|p1b: Aggron|Dragon Rush|p2b: Rotom\n|-damage|p2b: Rotom|61/100\n|\n|-weather|RainDance|[upkeep]\n|-sideend|p1: F00tcream|move: Tailwind\n|-sideend|p2: mezooki|move: Tailwind\n|upkeep\n|turn|5\n|\n|t:|1776173926\n|move|p2b: Rotom|Thunderbolt|p1a: Politoed\n|-supereffective|p1a: Politoed|1\n|-damage|p1a: Politoed|11/100\n|move|p2a: Aerodactyl|Tailwind|p2a: Aerodactyl\n|-sidestart|p2: mezooki|move: Tailwind\n|move|p1a: Politoed|Icy Wind|p2a: Aerodactyl|[spread] p2a,p2b\n|-supereffective|p2a: Aerodactyl|1\n|-resisted|p2b: Rotom|1\n|-damage|p2a: Aerodactyl|0 fnt\n|-damage|p2b: Rotom|56/100\n|-unboost|p2b: Rotom|spe|1\n|faint|p2a: Aerodactyl\n|move|p1b: Aggron|Body Press|p2b: Rotom\n|-damage|p2b: Rotom|0 fnt\n|faint|p2b: Rotom\n|\n|-weather|RainDance|[upkeep]\n|upkeep\n|\n|t:|1776173930\n|switch|p2a: Delphox|Delphox, L50, F|100/100\n|switch|p2b: Floette|Floette-Eternal, L50, F|100/100\n|turn|6\n|inactive|F00tcream has 30 seconds left.\n|inactive|F00tcream has 20 seconds left.\n|\n|t:|1776173966\n|detailschange|p2b: Floette|Floette-Mega, L50, F\n|-mega|p2b: Floette|Floette|Floettite\n|-ability|p2b: Floette|Fairy Aura\n|move|p1a: Politoed|Protect|p1a: Politoed\n|-singleturn|p1a: Politoed|Protect\n|move|p2a: Delphox|Overheat|p1b: Aggron\n|-supereffective|p1b: Aggron|1\n|-damage|p1b: Aggron|0 fnt\n|-unboost|p2a: Delphox|spa|2\n|faint|p1b: Aggron\n|move|p2b: Floette|Dazzling Gleam|p1a: Politoed\n|-activate|p1a: Politoed|move: Protect\n|\n|-weather|RainDance|[upkeep]\n|upkeep\n|\n|t:|1776173983\n|switch|p1b: Archaludon|Archaludon, L50, M|62/100\n|turn|7\n|\n|t:|1776174002\n|move|p1b: Archaludon|Protect|p1b: Archaludon\n|-singleturn|p1b: Archaludon|Protect\n|move|p2a: Delphox|Overheat|p1b: Archaludon\n|-activate|p1b: Archaludon|move: Protect\n|move|p2b: Floette|Dazzling Gleam|p1a: Politoed|[spread] p1a\n|-activate|p1b: Archaludon|move: Protect\n|-damage|p1a: Politoed|0 fnt\n|faint|p1a: Politoed\n|\n|-weather|none\n|-heal|p1b: Archaludon|68/100|[from] item: Leftovers\n|upkeep\n|turn|8\n|\n|t:|1776174015\n|move|p2a: Delphox|Overheat|p1b: Archaludon|[miss]\n|-miss|p2a: Delphox|p1b: Archaludon\n|move|p2b: Floette|Light of Ruin|p1b: Archaludon\n|-damage|p1b: Archaludon|0 fnt\n|faint|p1b: Archaludon\n|-damage|p2b: Floette|63/100|[from] Recoil\n|\n|win|mezooki\n|raw|F00tcream's rating: 1093 &rarr; <strong>1069</strong><br />(-24 for losing)\n|raw|mezooki's rating: 1095 &rarr; <strong>1121</strong><br />(+26 for winning)\n|l|\u2606F00tcream\n|player|p1|\n",
  "uploadtime": 1776174024,
  "views": 34,
  "formatid": "gen9championsvgc2026regma",
  "rating": 1069,
  "private": 0,
  "password": null
}