{
  "id": "gen9championsvgc2026regma-2586828341",
  "format": "[Gen 9 Champions] VGC 2026 Reg M-A",
  "players": [
    "superG195",
    "riku797vgc5"
  ],
  "log": "|j|\u2606superG195\n|j|\u2606riku797vgc5\n|t:|1776463296\n|gametype|doubles\n|player|p1|superG195|brawly|1242\n|player|p2|riku797vgc5|1|1175\n|gen|9\n|tier|[Gen 9 Champions] VGC 2026 Reg M-A\n|rated|\n|rule|Species Clause: Limit one of each Pok\u00e9mon\n|rule|Item Clause: Limit 1 of each item\n|clearpoke\n|poke|p1|Kangaskhan, L50, F|\n|poke|p1|Typhlosion-Hisui, L50, F|\n|poke|p1|Aerodactyl, L50, F|\n|poke|p1|Milotic, L50, F|\n|poke|p1|Scizor, L50, M|\n|poke|p1|Garchomp, L50, F|\n|poke|p2|Kommo-o, L50, M|\n|poke|p2|Maushold, L50|\n|poke|p2|Incineroar, L50, M|\n|poke|p2|Gengar, L50, F|\n|poke|p2|Sinistcha, L50|\n|poke|p2|Kingambit, L50, M|\n|teampreview|4\n|\n|t:|1776463334\n|teamsize|p1|4\n|teamsize|p2|4\n|start\n|switch|p1a: Typhlosion|Typhlosion-Hisui, L50, F|100/100\n|switch|p1b: Aerodactyl|Aerodactyl, L50, F|100/100\n|switch|p2a: Gengar|Gengar, L50, F, shiny|100/100\n|switch|p2b: Maushold|Maushold, L50|100/100\n|-ability|p1b: Aerodactyl|Unnerve\n|-item|p2a: Gengar|Gengarite|[from] ability: Frisk|[of] p1a: Typhlosion\n|-item|p2b: Maushold|Focus Sash|[from] ability: Frisk|[of] p1a: Typhlosion\n|turn|1\n|\n|t:|1776463353\n|switch|p2b: Incineroar|Incineroar, L50, M, shiny|100/100\n|-ability|p2b: Incineroar|Intimidate|boost\n|-unboost|p1a: Typhlosion|atk|1\n|-unboost|p1b: Aerodactyl|atk|1\n|detailschange|p2a: Gengar|Gengar-Mega, L50, F, shiny\n|-mega|p2a: Gengar|Gengar|Gengarite\n|move|p2a: Gengar|Protect|p2a: Gengar\n|-singleturn|p2a: Gengar|Protect\n|move|p1a: Typhlosion|Eruption|p2a: Gengar|[spread] p2b\n|-activate|p2a: Gengar|move: Protect\n|-resisted|p2b: Incineroar|1\n|-damage|p2b: Incineroar|79/100\n|move|p1b: Aerodactyl|Rock Slide|p2a: Gengar|[spread] p2b\n|-activate|p2a: Gengar|move: Protect\n|-supereffective|p2b: Incineroar|1\n|-damage|p2b: Incineroar|49/100\n|\n|upkeep\n|turn|2\n|\n|t:|1776463390\n|switch|p2a: Sinistcha|Sinistcha, L50|100/100\n|-heal|p2b: Incineroar|74/100|[from] ability: Hospitality|[of] p2a: Sinistcha\n|move|p1b: Aerodactyl|Protect|p1b: Aerodactyl\n|-singleturn|p1b: Aerodactyl|Protect\n|move|p1a: Typhlosion|Eruption|p2b: Incineroar|[spread] p2a,p2b\n|-supereffective|p2a: Sinistcha|1\n|-resisted|p2b: Incineroar|1\n|-crit|p2b: Incineroar\n|-damage|p2a: Sinistcha|0 fnt\n|-damage|p2b: Incineroar|38/100\n|faint|p2a: Sinistcha\n|move|p2b: Incineroar|Parting Shot|p1a: Typhlosion\n|-unboost|p1a: Typhlosion|atk|1\n|-unboost|p1a: Typhlosion|spa|1\n|\n|t:|1776463394\n|switch|p2b: Gengar|Gengar-Mega, L50, F, shiny|100/100|[from] Parting Shot\n|\n|upkeep\n|\n|t:|1776463395\n|switch|p2a: Incineroar|Incineroar, L50, M, shiny|38/100\n|-ability|p2a: Incineroar|Intimidate|boost\n|-unboost|p1a: Typhlosion|atk|1\n|-unboost|p1b: Aerodactyl|atk|1\n|turn|3\n|\n|t:|1776463414\n|move|p2a: Incineroar|Fake Out|p1b: Aerodactyl\n|-resisted|p1b: Aerodactyl|1\n|-damage|p1b: Aerodactyl|92/100\n|move|p1a: Typhlosion|Eruption|p2b: Gengar|[spread] p2a,p2b\n|-resisted|p2a: Incineroar|1\n|-damage|p2a: Incineroar|23/100\n|-damage|p2b: Gengar|58/100\n|cant|p1b: Aerodactyl|flinch\n|move|p2b: Gengar|Disable|p1a: Typhlosion\n|-start|p1a: Typhlosion|Disable|Eruption\n|\n|upkeep\n|turn|4\n|\n|t:|1776463435\n|switch|p2a: Maushold|Maushold, L50|100/100\n|-activate|p1a: Typhlosion|move: Struggle\n|move|p1a: Typhlosion|Struggle|p2b: Gengar\n|-damage|p2b: Gengar|55/100\n|-damage|p1a: Typhlosion|75/100|[from] recoil\n|move|p1b: Aerodactyl|Rock Slide|p2a: Maushold|[spread] p2a,p2b\n|-damage|p2a: Maushold|83/100\n|-damage|p2b: Gengar|46/100\n|cant|p2b: Gengar|flinch\n|\n|upkeep\n|turn|5\n|\n|t:|1776463457\n|move|p2a: Maushold|Follow Me|p2a: Maushold\n|-singleturn|p2a: Maushold|move: Follow Me\n|-activate|p1a: Typhlosion|move: Struggle\n|move|p1a: Typhlosion|Struggle|p2a: Maushold\n|-damage|p2a: Maushold|78/100\n|-damage|p1a: Typhlosion|50/100|[from] recoil\n|move|p1b: Aerodactyl|Rock Slide|p2a: Maushold|[spread] p2a,p2b\n|-damage|p2a: Maushold|63/100\n|-damage|p2b: Gengar|36/100\n|cant|p2b: Gengar|flinch\n|\n|upkeep\n|turn|6\n|\n|t:|1776463471\n|-activate|p1a: Typhlosion|move: Struggle\n|move|p1a: Typhlosion|Struggle|p2a: Maushold\n|-damage|p2a: Maushold|58/100\n|-damage|p1a: Typhlosion|24/100|[from] recoil\n|move|p1b: Aerodactyl|Rock Slide|p2b: Gengar|[spread] p2a,p2b\n|-damage|p2a: Maushold|41/100\n|-damage|p2b: Gengar|28/100\n|move|p2a: Maushold|Super Fang|p1b: Aerodactyl\n|-damage|p1b: Aerodactyl|46/100\n|cant|p2b: Gengar|flinch\n|\n|upkeep\n|turn|7\n|\n|t:|1776463488\n|switch|p2a: Incineroar|Incineroar, L50, M, shiny|23/100\n|-ability|p2a: Incineroar|Intimidate|boost\n|-unboost|p1a: Typhlosion|atk|1\n|-unboost|p1b: Aerodactyl|atk|1\n|-activate|p1a: Typhlosion|move: Struggle\n|move|p1a: Typhlosion|Struggle|p2a: Incineroar\n|-damage|p2a: Incineroar|20/100\n|-damage|p1a: Typhlosion|0 fnt|[from] recoil\n|faint|p1a: Typhlosion\n|move|p1b: Aerodactyl|Tailwind|p1b: Aerodactyl\n|-sidestart|p1: superG195|move: Tailwind\n|move|p2b: Gengar|Shadow Ball|p1b: Aerodactyl\n|-damage|p1b: Aerodactyl|0 fnt\n|-enditem|p2a: Incineroar|Sitrus Berry|[eat]\n|-heal|p2a: Incineroar|45/100|[from] item: Sitrus Berry\n|faint|p1b: Aerodactyl\n|\n|upkeep\n|\n|t:|1776463503\n|switch|p1b: Milotic|Milotic, L50, F|100/100\n|switch|p1a: Kangaskhan|Kangaskhan, L50, F|100/100\n|turn|8\n|\n|t:|1776463525\n|switch|p2b: Maushold|Maushold, L50|41/100\n|detailschange|p1a: Kangaskhan|Kangaskhan-Mega, L50, F\n|-mega|p1a: Kangaskhan|Kangaskhan|Kangaskhanite\n|move|p1a: Kangaskhan|Drain Punch|p2a: Incineroar\n|-supereffective|p2a: Incineroar|1\n|-damage|p2a: Incineroar|10/100\n|-supereffective|p2a: Incineroar|1\n|-damage|p2a: Incineroar|1/100\n|-hitcount|p2a: Incineroar|2\n|move|p1b: Milotic|Scald|p2b: Maushold\n|-damage|p2b: Maushold|0 fnt\n|faint|p2b: Maushold\n|move|p2a: Incineroar|Parting Shot|p1a: Kangaskhan\n|-unboost|p1a: Kangaskhan|atk|1\n|-unboost|p1a: Kangaskhan|spa|1\n|\n|t:|1776463529\n|switch|p2a: Gengar|Gengar-Mega, L50, F, shiny|28/100|[from] Parting Shot\n|\n|upkeep\n|\n|t:|1776463531\n|switch|p2b: Incineroar|Incineroar, L50, M, shiny|1/100\n|-ability|p2b: Incineroar|Intimidate|boost\n|-unboost|p1a: Kangaskhan|atk|1\n|-unboost|p1b: Milotic|atk|1\n|-ability|p1b: Milotic|Competitive|boost\n|-boost|p1b: Milotic|spa|2\n|turn|9\n|-message|riku797vgc5 forfeited.\n|\n|win|superG195\n|raw|superG195's rating: 1242 &rarr; <strong>1262</strong><br />(+20 for winning)\n|raw|riku797vgc5's rating: 1175 &rarr; <strong>1155</strong><br />(-20 for losing)\n",
  "uploadtime": 1776463538,
  "views": 26,
  "formatid": "gen9championsvgc2026regma",
  "rating": 1155,
  "private": 0,
  "password": null
}