{
  "id": "gen9championsvgc2026regma-2581337126",
  "format": "[Gen 9 Champions] VGC 2026 Reg M-A",
  "players": [
    "albertito2005",
    "Javiconb"
  ],
  "log": "|j|\u2606albertito2005\n|j|\u2606Javiconb\n|t:|1775988492\n|gametype|doubles\n|player|p1|albertito2005|veteran|1321\n|player|p2|Javiconb|169|1304\n|gen|9\n|tier|[Gen 9 Champions] VGC 2026 Reg M-A\n|rated|\n|rule|Species Clause: Limit one of each Pok\u00e9mon\n|rule|Item Clause: Limit 1 of each item\n|clearpoke\n|poke|p1|Delphox, L50, M|\n|poke|p1|Gyarados, L50, M|\n|poke|p1|Sneasler, L50, F|\n|poke|p1|Excadrill, L50, M|\n|poke|p1|Sinistcha, L50|\n|poke|p1|Tyranitar, L50, F|\n|poke|p2|Glimmora, L50, M|\n|poke|p2|Whimsicott, L50, F|\n|poke|p2|Basculegion, L50, M|\n|poke|p2|Floette-Eternal, L50, F|\n|poke|p2|Pelipper, L50, F|\n|poke|p2|Archaludon, L50, F|\n|teampreview|4\n|j| gE1xjZRtuhW2DdT0AK\n|inactive|Battle timer is ON: inactive players will automatically lose when time's up. (requested by albertito2005)\n|inactive|Javiconb has 60 seconds left.\n|\n|t:|1775988565\n|teamsize|p1|4\n|teamsize|p2|4\n|start\n|switch|p1a: Delphox|Delphox, L50, M|100/100\n|switch|p1b: Excadrill|Excadrill, L50, M|100/100\n|switch|p2a: Whimsicott|Whimsicott, L50, F|100/100\n|switch|p2b: Basculegion|Basculegion, L50, M|100/100\n|turn|1\n|inactive|albertito2005 has 30 seconds left.\n|\n|t:|1775988594\n|detailschange|p1a: Delphox|Delphox-Mega, L50, M\n|-mega|p1a: Delphox|Delphox|Delphoxite\n|move|p1b: Excadrill|Protect|p1b: Excadrill\n|-singleturn|p1b: Excadrill|Protect\n|move|p2a: Whimsicott|Tailwind|p2a: Whimsicott\n|-sidestart|p2: Javiconb|move: Tailwind\n|move|p2b: Basculegion|Wave Crash|p1a: Delphox\n|-supereffective|p1a: Delphox|1\n|-damage|p1a: Delphox|0 fnt\n|faint|p1a: Delphox\n|-damage|p2b: Basculegion|77/100|[from] Recoil\n|\n|upkeep\n|\n|t:|1775988605\n|switch|p1a: Tyranitar|Tyranitar, L50, F|100/100\n|-weather|Sandstorm|[from] ability: Sand Stream|[of] p1a: Tyranitar\n|turn|2\n|\n|t:|1775988613\n|switch|p1a: Sinistcha|Sinistcha, L50|100/100\n|move|p2a: Whimsicott|Encore|p1b: Excadrill\n|-start|p1b: Excadrill|Encore\n|move|p1b: Excadrill|Protect|p1b: Excadrill\n|-singleturn|p1b: Excadrill|Protect\n|move|p2b: Basculegion|Wave Crash|p1a: Sinistcha\n|-resisted|p1a: Sinistcha|1\n|-damage|p1a: Sinistcha|72/100\n|-damage|p2b: Basculegion|69/100|[from] Recoil\n|\n|-weather|Sandstorm|[upkeep]\n|-damage|p2a: Whimsicott|95/100|[from] Sandstorm\n|-damage|p2b: Basculegion|63/100|[from] Sandstorm\n|-damage|p1a: Sinistcha|65/100|[from] Sandstorm\n|upkeep\n|turn|3\n|\n|t:|1775988632\n|switch|p1b: Tyranitar|Tyranitar, L50, F|100/100\n|switch|p2b: Floette|Floette-Eternal, L50, F|100/100\n|move|p1a: Sinistcha|Protect|p1a: Sinistcha\n|-singleturn|p1a: Sinistcha|Protect\n|move|p2a: Whimsicott|Taunt|p1a: Sinistcha\n|-activate|p1a: Sinistcha|move: Protect\n|\n|-weather|Sandstorm|[upkeep]\n|-damage|p2a: Whimsicott|89/100|[from] Sandstorm\n|-damage|p2b: Floette|94/100|[from] Sandstorm\n|-damage|p1a: Sinistcha|59/100|[from] Sandstorm\n|upkeep\n|turn|4\n|\n|t:|1775988653\n|detailschange|p2b: Floette|Floette-Mega, L50, F\n|-mega|p2b: Floette|Floette|Floettite\n|-ability|p2b: Floette|Fairy Aura\n|move|p2a: Whimsicott|Encore|p1a: Sinistcha\n|-start|p1a: Sinistcha|Encore\n|move|p1a: Sinistcha|Protect||[still]\n|-fail|p1a: Sinistcha\n|move|p2b: Floette|Calm Mind|p2b: Floette\n|-boost|p2b: Floette|spa|1\n|-boost|p2b: Floette|spd|1\n|move|p1b: Tyranitar|Rock Slide|p2a: Whimsicott|[spread] p2a,p2b\n|-damage|p2a: Whimsicott|54/100\n|-damage|p2b: Floette|66/100\n|\n|-weather|Sandstorm|[upkeep]\n|-damage|p2a: Whimsicott|48/100|[from] Sandstorm\n|-damage|p2b: Floette|60/100|[from] Sandstorm\n|-damage|p1a: Sinistcha|53/100|[from] Sandstorm\n|-sideend|p2: Javiconb|move: Tailwind\n|upkeep\n|turn|5\n|inactive|Javiconb has 30 seconds left.\n|\n|t:|1775988685\n|switch|p1a: Excadrill|Excadrill, L50, M|100/100\n|move|p2a: Whimsicott|Tailwind|p2a: Whimsicott\n|-sidestart|p2: Javiconb|move: Tailwind\n|move|p2b: Floette|Dazzling Gleam|p1b: Tyranitar|[spread] p1a,p1b\n|-resisted|p1a: Excadrill|1\n|-supereffective|p1b: Tyranitar|1\n|-damage|p1a: Excadrill|55/100\n|-damage|p1b: Tyranitar|15/100\n|move|p1b: Tyranitar|Rock Slide|p2a: Whimsicott|[spread] p2a,p2b\n|-damage|p2a: Whimsicott|9/100\n|-damage|p2b: Floette|33/100\n|\n|-weather|Sandstorm|[upkeep]\n|-damage|p2a: Whimsicott|3/100|[from] Sandstorm\n|-damage|p2b: Floette|27/100|[from] Sandstorm\n|upkeep\n|turn|6\n|\n|t:|1775988706\n|switch|p1b: Sinistcha|Sinistcha, L50|53/100\n|-heal|p1a: Excadrill|79/100|[from] ability: Hospitality|[of] p1b: Sinistcha\n|move|p2a: Whimsicott|Protect|p2a: Whimsicott\n|-singleturn|p2a: Whimsicott|Protect\n|move|p2b: Floette|Protect|p2b: Floette\n|-singleturn|p2b: Floette|Protect\n|move|p1a: Excadrill|Earthquake|p2a: Whimsicott|[spread] p1b\n|-activate|p2a: Whimsicott|move: Protect\n|-activate|p2b: Floette|move: Protect\n|-resisted|p1b: Sinistcha|1\n|-damage|p1b: Sinistcha|35/100\n|-enditem|p1b: Sinistcha|Sitrus Berry|[eat]\n|-heal|p1b: Sinistcha|60/100|[from] item: Sitrus Berry\n|\n|-weather|none\n|upkeep\n|turn|7\n|inactive|Javiconb has 30 seconds left.\n|\n|t:|1775988739\n|switch|p1b: Tyranitar|Tyranitar, L50, F|15/100\n|-weather|Sandstorm|[from] ability: Sand Stream|[of] p1b: Tyranitar\n|move|p2a: Whimsicott|Protect|p2a: Whimsicott\n|-singleturn|p2a: Whimsicott|Protect\n|move|p1a: Excadrill|Iron Head|p2b: Floette\n|-supereffective|p2b: Floette|1\n|-damage|p2b: Floette|0 fnt\n|faint|p2b: Floette\n|\n|-weather|Sandstorm|[upkeep]\n|-damage|p2a: Whimsicott|0 fnt|[from] Sandstorm\n|faint|p2a: Whimsicott\n|upkeep\n|\n|t:|1775988747\n|switch|p2a: Pelipper|Pelipper, L50, F|100/100\n|switch|p2b: Basculegion|Basculegion, L50, M|63/100\n|-weather|RainDance|[from] ability: Drizzle|[of] p2a: Pelipper\n|turn|8\n|j| EYRYR DHBC\n|inactive|Javiconb has 30 seconds left.\n|\n|t:|1775988774\n|switch|p1b: Sinistcha|Sinistcha, L50|60/100\n|-heal|p1a: Excadrill|100/100|[from] ability: Hospitality|[of] p1b: Sinistcha\n|move|p1a: Excadrill|Protect|p1a: Excadrill\n|-singleturn|p1a: Excadrill|Protect\n|move|p2b: Basculegion|Last Respects|p1a: Excadrill\n|-activate|p1a: Excadrill|move: Protect\n|move|p2a: Pelipper|Muddy Water|p1b: Sinistcha|[spread] p1b\n|-activate|p1a: Excadrill|move: Protect\n|-resisted|p1b: Sinistcha|1\n|-damage|p1b: Sinistcha|40/100\n|\n|-weather|RainDance|[upkeep]\n|-sideend|p2: Javiconb|move: Tailwind\n|upkeep\n|turn|9\n|\n|t:|1775988798\n|move|p1b: Sinistcha|Rage Powder|p1b: Sinistcha\n|-singleturn|p1b: Sinistcha|move: Rage Powder\n|move|p2b: Basculegion|Last Respects|p1b: Sinistcha\n|-supereffective|p1b: Sinistcha|1\n|-damage|p1b: Sinistcha|0 fnt\n|faint|p1b: Sinistcha\n|move|p1a: Excadrill|High Horsepower|p2b: Basculegion\n|-damage|p2b: Basculegion|0 fnt\n|faint|p2b: Basculegion\n|move|p2a: Pelipper|Muddy Water|p1a: Excadrill\n|-supereffective|p1a: Excadrill|1\n|-enditem|p1a: Excadrill|Focus Sash\n|-damage|p1a: Excadrill|1/100\n|\n|-weather|RainDance|[upkeep]\n|upkeep\n|\n|t:|1775988810\n|switch|p1b: Tyranitar|Tyranitar, L50, F|15/100\n|-weather|Sandstorm|[from] ability: Sand Stream|[of] p1b: Tyranitar\n|turn|10\n|\n|t:|1775988829\n|move|p1a: Excadrill|Iron Head|p2a: Pelipper\n|-resisted|p2a: Pelipper|1\n|-damage|p2a: Pelipper|76/100\n|move|p1b: Tyranitar|Rock Slide|p2a: Pelipper\n|-supereffective|p2a: Pelipper|1\n|-damage|p2a: Pelipper|0 fnt\n|faint|p2a: Pelipper\n|\n|win|albertito2005\n|raw|albertito2005's rating: 1321 &rarr; <strong>1340</strong><br />(+19 for winning)\n|raw|Javiconb's rating: 1304 &rarr; <strong>1285</strong><br />(-19 for losing)\n|l|\u2606Javiconb\n|player|p2|\n",
  "uploadtime": 1775988844,
  "views": 28,
  "formatid": "gen9championsvgc2026regma",
  "rating": 1285,
  "private": 0,
  "password": null
}