{
  "id": "gen9championsvgc2026regma-2588431087",
  "format": "[Gen 9 Champions] VGC 2026 Reg M-A",
  "players": [
    "sdlt 2krl coolguy",
    "shadowluffy2002"
  ],
  "log": "|raw|<div class=\"broadcast-blue\"><strong>This battle is required to be public due to a player having a name starting with 'sdlt'.</div>\n|j|\u2606sdlt 2krl coolguy\n|j|\u2606shadowluffy2002\n|t:|1776632926\n|gametype|doubles\n|player|p1|sdlt 2krl coolguy|leon-masters2|1243\n|player|p2|shadowluffy2002|170|1317\n|gen|9\n|tier|[Gen 9 Champions] VGC 2026 Reg M-A\n|rated|\n|rule|Species Clause: Limit one of each Pok\u00e9mon\n|rule|Item Clause: Limit 1 of each item\n|clearpoke\n|poke|p1|Floette-Eternal, L50, F|\n|poke|p1|Incineroar, L50, M|\n|poke|p1|Sinistcha, L50|\n|poke|p1|Garchomp, L50, M|\n|poke|p1|Sneasler, L50, F|\n|poke|p1|Kingambit, L50, M|\n|poke|p2|Basculegion, L50, M|\n|poke|p2|Pelipper, L50, M|\n|poke|p2|Delphox, L50, M|\n|poke|p2|Farigiraf, L50, F|\n|poke|p2|Archaludon, L50, F|\n|poke|p2|Garchomp, L50, M|\n|teampreview|4\n|inactive|Battle timer is ON: inactive players will automatically lose when time's up. (requested by sdlt 2krl coolguy)\n|inactive|shadowluffy2002 has 60 seconds left.\n|\n|t:|1776632975\n|teamsize|p1|4\n|teamsize|p2|4\n|start\n|switch|p1a: Kingambit|Kingambit, L50, M|100/100\n|switch|p1b: Floette|Floette-Eternal, L50, F|100/100\n|switch|p2a: Garchomp|Garchomp, L50, M|100/100\n|switch|p2b: Delphox|Delphox, L50, M|100/100\n|turn|1\n|\n|t:|1776632995\n|detailschange|p2b: Delphox|Delphox-Mega, L50, M\n|-mega|p2b: Delphox|Delphox|Delphoxite\n|detailschange|p1b: Floette|Floette-Mega, L50, F\n|-mega|p1b: Floette|Floette|Floettite\n|-ability|p1b: Floette|Fairy Aura\n|move|p2b: Delphox|Calm Mind|p2b: Delphox\n|-boost|p2b: Delphox|spa|1\n|-boost|p2b: Delphox|spd|1\n|move|p2a: Garchomp|Earthquake|p1a: Kingambit|[spread] p1a,p1b\n|-immune|p2b: Delphox|[from] ability: Levitate\n|-supereffective|p1a: Kingambit|1\n|-damage|p1a: Kingambit|48/100\n|-damage|p1b: Floette|62/100\n|move|p1b: Floette|Moonblast|p2a: Garchomp\n|-supereffective|p2a: Garchomp|1\n|-damage|p2a: Garchomp|0 fnt\n|faint|p2a: Garchomp\n|move|p1a: Kingambit|Kowtow Cleave|p2b: Delphox\n|-supereffective|p2b: Delphox|1\n|-damage|p2b: Delphox|0 fnt\n|faint|p2b: Delphox\n|\n|upkeep\n|inactive|shadowluffy2002 has 30 seconds left.\n|\n|t:|1776633026\n|switch|p2b: Pelipper|Pelipper, L50, M|100/100\n|switch|p2a: Archaludon|Archaludon, L50, F|100/100\n|-weather|RainDance|[from] ability: Drizzle|[of] p2b: Pelipper\n|turn|2\n|\n|t:|1776633036\n|switch|p1a: Sinistcha|Sinistcha, L50|100/100\n|-heal|p1b: Floette|87/100|[from] ability: Hospitality|[of] p1a: Sinistcha\n|move|p1b: Floette|Protect|p1b: Floette\n|-singleturn|p1b: Floette|Protect\n|move|p2a: Archaludon|Electro Shot||[still]\n|-prepare|p2a: Archaludon|Electro Shot\n|-boost|p2a: Archaludon|spa|1\n|-anim|p2a: Archaludon|Electro Shot|p1a: Sinistcha\n|-resisted|p1a: Sinistcha|1\n|-damage|p1a: Sinistcha|74/100\n|move|p2b: Pelipper|Tailwind|p2b: Pelipper\n|-sidestart|p2: shadowluffy2002|move: Tailwind\n|\n|-weather|RainDance|[upkeep]\n|upkeep\n|turn|3\n|\n|t:|1776633050\n|move|p1a: Sinistcha|Rage Powder|p1a: Sinistcha\n|-singleturn|p1a: Sinistcha|move: Rage Powder\n|move|p2a: Archaludon|Electro Shot||[still]\n|-prepare|p2a: Archaludon|Electro Shot\n|-boost|p2a: Archaludon|spa|1\n|-anim|p2a: Archaludon|Electro Shot|p1a: Sinistcha\n|-resisted|p1a: Sinistcha|1\n|-damage|p1a: Sinistcha|40/100\n|-enditem|p1a: Sinistcha|Sitrus Berry|[eat]\n|-heal|p1a: Sinistcha|65/100|[from] item: Sitrus Berry\n|move|p2b: Pelipper|Hurricane|p1a: Sinistcha\n|-supereffective|p1a: Sinistcha|1\n|-damage|p1a: Sinistcha|0 fnt\n|faint|p1a: Sinistcha\n|move|p1b: Floette|Moonblast|p2b: Pelipper\n|-damage|p2b: Pelipper|0 fnt\n|faint|p2b: Pelipper\n|\n|-weather|RainDance|[upkeep]\n|upkeep\n|\n|t:|1776633064\n|switch|p1a: Sneasler|Sneasler, L50, F|100/100\n|turn|4\n|\n|t:|1776633068\n|move|p2a: Archaludon|Protect|p2a: Archaludon\n|-singleturn|p2a: Archaludon|Protect\n|move|p1a: Sneasler|Fake Out|p2a: Archaludon\n|-activate|p2a: Archaludon|move: Protect\n|move|p1b: Floette|Moonblast|p2a: Archaludon\n|-activate|p2a: Archaludon|move: Protect\n|\n|-weather|RainDance|[upkeep]\n|upkeep\n|turn|5\n|\n|t:|1776633076\n|move|p1a: Sneasler|Protect|p1a: Sneasler\n|-singleturn|p1a: Sneasler|Protect\n|move|p1b: Floette|Protect|p1b: Floette\n|-singleturn|p1b: Floette|Protect\n|move|p2a: Archaludon|Electro Shot||[still]\n|-prepare|p2a: Archaludon|Electro Shot\n|-boost|p2a: Archaludon|spa|1\n|-anim|p2a: Archaludon|Electro Shot|p1a: Sneasler\n|-activate|p1a: Sneasler|move: Protect\n|\n|-weather|RainDance|[upkeep]\n|-sideend|p2: shadowluffy2002|move: Tailwind\n|upkeep\n|turn|6\n|\n|t:|1776633090\n|move|p1a: Sneasler|Close Combat|p2a: Archaludon\n|-supereffective|p2a: Archaludon|1\n|-enditem|p2a: Archaludon|Chople Berry|[eat]\n|-enditem|p2a: Archaludon|Chople Berry|[weaken]\n|-damage|p2a: Archaludon|52/100\n|-unboost|p1a: Sneasler|def|1\n|-unboost|p1a: Sneasler|spd|1\n|-ability|p2a: Archaludon|Stamina|boost\n|-boost|p2a: Archaludon|def|1\n|-enditem|p1a: Sneasler|White Herb\n|-clearnegativeboost|p1a: Sneasler|[silent]\n|move|p1b: Floette|Moonblast|p2a: Archaludon\n|-damage|p2a: Archaludon|0 fnt\n|faint|p2a: Archaludon\n|\n|win|sdlt 2krl coolguy\n|raw|sdlt 2krl coolguy's rating: 1243 &rarr; <strong>1273</strong><br />(+30 for winning)\n|raw|shadowluffy2002's rating: 1317 &rarr; <strong>1293</strong><br />(-24 for losing)\n",
  "uploadtime": 1776633090,
  "views": 14,
  "formatid": "gen9championsvgc2026regma",
  "rating": 1273,
  "private": 0,
  "password": null
}