{
  "id": "gen9championsvgc2026regma-2583217696",
  "format": "[Gen 9 Champions] VGC 2026 Reg M-A",
  "players": [
    "SleepyBadGirl",
    "alv_28"
  ],
  "log": "|j|\u2606SleepyBadGirl\n|j|\u2606alv_28\n|t:|1776155943\n|gametype|doubles\n|player|p1|SleepyBadGirl|102|1060\n|player|p2|alv_28|volkner|1112\n|gen|9\n|tier|[Gen 9 Champions] VGC 2026 Reg M-A\n|rated|\n|rule|Species Clause: Limit one of each Pok\u00e9mon\n|rule|Item Clause: Limit 1 of each item\n|clearpoke\n|poke|p1|Sneasler, L50, F|\n|poke|p1|Tyranitar, L50, F|\n|poke|p1|Rotom-Wash, L50|\n|poke|p1|Excadrill, L50, M|\n|poke|p1|Dragapult, L50, F|\n|poke|p1|Meganium, L50, F|\n|poke|p2|Tyranitar, L50, F|\n|poke|p2|Excadrill, L50, F|\n|poke|p2|Gyarados, L50, M|\n|poke|p2|Gardevoir, L50, F|\n|poke|p2|Rotom-Heat, L50|\n|poke|p2|Sinistcha, L50|\n|teampreview|4\n|inactive|Battle timer is ON: inactive players will automatically lose when time's up. (requested by SleepyBadGirl)\n|inactive|SleepyBadGirl has 60 seconds left.\n|\n|t:|1776155977\n|teamsize|p1|4\n|teamsize|p2|4\n|start\n|switch|p1a: Rotom|Rotom-Wash, L50|100/100\n|switch|p1b: Sneasler|Sneasler, L50, F|100/100\n|switch|p2a: Tyranitar|Tyranitar, L50, F|100/100\n|switch|p2b: Excadrill|Excadrill, L50, F|100/100\n|-weather|Sandstorm|[from] ability: Sand Stream|[of] p2a: Tyranitar\n|turn|1\n|\n|t:|1776155996\n|move|p2b: Excadrill|Protect|p2b: Excadrill\n|-singleturn|p2b: Excadrill|Protect\n|move|p2a: Tyranitar|Protect|p2a: Tyranitar\n|-singleturn|p2a: Tyranitar|Protect\n|move|p1b: Sneasler|Fake Out|p2b: Excadrill\n|-activate|p2b: Excadrill|move: Protect\n|move|p1a: Rotom|Hydro Pump|p2b: Excadrill\n|-activate|p2b: Excadrill|move: Protect\n|\n|-weather|Sandstorm|[upkeep]\n|-damage|p1b: Sneasler|95/100|[from] Sandstorm\n|-damage|p1a: Rotom|95/100|[from] Sandstorm\n|upkeep\n|turn|2\n|\n|t:|1776156020\n|switch|p2a: Sinistcha|Sinistcha, L50|100/100\n|move|p1b: Sneasler|Protect|p1b: Sneasler\n|-singleturn|p1b: Sneasler|Protect\n|move|p2b: Excadrill|High Horsepower|p1b: Sneasler\n|-activate|p1b: Sneasler|move: Protect\n|move|p1a: Rotom|Hydro Pump|p2b: Excadrill|[miss]\n|-miss|p1a: Rotom|p2b: Excadrill\n|\n|-weather|Sandstorm|[upkeep]\n|-damage|p1b: Sneasler|89/100|[from] Sandstorm\n|-damage|p1a: Rotom|89/100|[from] Sandstorm\n|-damage|p2a: Sinistcha|94/100|[from] Sandstorm\n|upkeep\n|turn|3\n|inactive|SleepyBadGirl has 30 seconds left.\n|\n|t:|1776156045\n|switch|p1b: Meganium|Meganium, L50, F|100/100\n|move|p2a: Sinistcha|Rage Powder|p2a: Sinistcha\n|-singleturn|p2a: Sinistcha|move: Rage Powder\n|move|p2b: Excadrill|High Horsepower|p1b: Meganium\n|-resisted|p1b: Meganium|1\n|-damage|p1b: Meganium|75/100\n|move|p1a: Rotom|Volt Switch|p2a: Sinistcha\n|-resisted|p2a: Sinistcha|1\n|-damage|p2a: Sinistcha|76/100\n|\n|t:|1776156054\n|switch|p1a: Sneasler|Sneasler, L50, F|89/100|[from] Volt Switch\n|\n|-weather|Sandstorm|[upkeep]\n|-damage|p1a: Sneasler|83/100|[from] Sandstorm\n|-damage|p1b: Meganium|69/100|[from] Sandstorm\n|-damage|p2a: Sinistcha|70/100|[from] Sandstorm\n|upkeep\n|turn|4\n|\n|t:|1776156068\n|switch|p2a: Tyranitar|Tyranitar, L50, F|100/100\n|detailschange|p1b: Meganium|Meganium-Mega, L50, F\n|-mega|p1b: Meganium|Meganium|Meganiumite\n|move|p2b: Excadrill|Protect|p2b: Excadrill\n|-singleturn|p2b: Excadrill|Protect\n|move|p1a: Sneasler|Fake Out|p2b: Excadrill\n|-activate|p2b: Excadrill|move: Protect\n|move|p1b: Meganium|Weather Ball|p2a: Tyranitar\n|-resisted|p2a: Tyranitar|1\n|-damage|p2a: Tyranitar|69/100\n|\n|-weather|Sandstorm|[upkeep]\n|-damage|p1a: Sneasler|77/100|[from] Sandstorm\n|-damage|p1b: Meganium|64/100|[from] Sandstorm\n|upkeep\n|turn|5\n|\n|t:|1776156088\n|switch|p2a: Gyarados|Gyarados, L50, M|100/100\n|-ability|p2a: Gyarados|Intimidate|boost\n|-unboost|p1a: Sneasler|atk|1\n|-unboost|p1b: Meganium|atk|1\n|-enditem|p1a: Sneasler|White Herb\n|-clearnegativeboost|p1a: Sneasler|[silent]\n|move|p1a: Sneasler|Protect|p1a: Sneasler\n|-singleturn|p1a: Sneasler|Protect\n|move|p1b: Meganium|Protect|p1b: Meganium\n|-singleturn|p1b: Meganium|Protect\n|move|p2b: Excadrill|Earthquake|p1a: Sneasler|[spread] \n|-activate|p1a: Sneasler|move: Protect\n|-activate|p1b: Meganium|move: Protect\n|-immune|p2a: Gyarados\n|\n|-weather|none\n|upkeep\n|turn|6\n|inactive|alv_28 has 30 seconds left.\n|\n|t:|1776156117\n|switch|p1b: Excadrill|Excadrill, L50, M|100/100\n|move|p1a: Sneasler|Close Combat|p2b: Excadrill\n|-supereffective|p2b: Excadrill|1\n|-enditem|p2b: Excadrill|Focus Sash\n|-damage|p2b: Excadrill|1/100\n|-unboost|p1a: Sneasler|def|1\n|-unboost|p1a: Sneasler|spd|1\n|move|p2b: Excadrill|Iron Head|p1b: Excadrill\n|-resisted|p1b: Excadrill|1\n|-crit|p1b: Excadrill\n|-damage|p1b: Excadrill|52/100\n|move|p2a: Gyarados|Waterfall|p1a: Sneasler\n|-damage|p1a: Sneasler|0 fnt\n|faint|p1a: Sneasler\n|\n|upkeep\n|\n|t:|1776156126\n|switch|p1a: Rotom|Rotom-Wash, L50|89/100\n|turn|7\n|\n|t:|1776156150\n|switch|p2b: Sinistcha|Sinistcha, L50|70/100\n|move|p1b: Excadrill|Protect|p1b: Excadrill\n|-singleturn|p1b: Excadrill|Protect\n|move|p2a: Gyarados|Protect|p2a: Gyarados\n|-singleturn|p2a: Gyarados|Protect\n|move|p1a: Rotom|Thunderbolt|p2a: Gyarados\n|-activate|p2a: Gyarados|move: Protect\n|\n|upkeep\n|turn|8\n|\n|t:|1776156174\n|switch|p2a: Excadrill|Excadrill, L50, F|1/100\n|move|p1b: Excadrill|Iron Head|p2b: Sinistcha\n|-damage|p2b: Sinistcha|27/100\n|-enditem|p2b: Sinistcha|Sitrus Berry|[eat]\n|-heal|p2b: Sinistcha|52/100|[from] item: Sitrus Berry\n|move|p1a: Rotom|Volt Switch|p2b: Sinistcha\n|-resisted|p2b: Sinistcha|1\n|-damage|p2b: Sinistcha|35/100\n|\n|t:|1776156193\n|switch|p1a: Meganium|Meganium-Mega, L50, F|64/100|[from] Volt Switch\n|move|p2b: Sinistcha|Matcha Gotcha|p1b: Excadrill|[spread] p1a,p1b\n|-resisted|p1a: Meganium|1\n|-damage|p1a: Meganium|54/100\n|-heal|p2b: Sinistcha|41/100|[from] drain|[of] p1a: Meganium\n|-damage|p1b: Excadrill|19/100\n|-heal|p2b: Sinistcha|62/100|[from] drain|[of] p1b: Excadrill\n|-status|p1b: Excadrill|brn\n|\n|-damage|p1b: Excadrill|13/100 brn|[from] brn\n|upkeep\n|turn|9\n|inactive|SleepyBadGirl has 30 seconds left.\n|inactive|alv_28 has 30 seconds left.\n|inactive|alv_28 has 20 seconds left.\n|inactive|SleepyBadGirl has 20 seconds left.\n|inactive|alv_28 has 15 seconds left.\n|\n|t:|1776156236\n|move|p2b: Sinistcha|Rage Powder|p2b: Sinistcha\n|-singleturn|p2b: Sinistcha|move: Rage Powder\n|move|p2a: Excadrill|Earthquake|p1a: Meganium|[spread] p2b,p1a,p1b\n|-resisted|p2b: Sinistcha|1\n|-resisted|p1a: Meganium|1\n|-supereffective|p1b: Excadrill|1\n|-crit|p1b: Excadrill\n|-damage|p2b: Sinistcha|44/100\n|-damage|p1a: Meganium|36/100\n|-damage|p1b: Excadrill|0 fnt\n|faint|p1b: Excadrill\n|move|p1a: Meganium|Weather Ball|p2b: Sinistcha\n|-supereffective|p2b: Sinistcha|1\n|-damage|p2b: Sinistcha|0 fnt\n|faint|p2b: Sinistcha\n|\n|upkeep\n|\n|t:|1776156251\n|switch|p1b: Rotom|Rotom-Wash, L50|89/100\n|switch|p2b: Tyranitar|Tyranitar, L50, F|69/100\n|-weather|Sandstorm|[from] ability: Sand Stream|[of] p2b: Tyranitar\n|turn|10\n|inactive|SleepyBadGirl has 30 seconds left.\n|\n|t:|1776156280\n|move|p1a: Meganium|Protect|p1a: Meganium\n|-singleturn|p1a: Meganium|Protect\n|move|p2a: Excadrill|Iron Head|p1b: Rotom\n|-resisted|p1b: Rotom|2\n|-crit|p1b: Rotom\n|-damage|p1b: Rotom|71/100\n|move|p2b: Tyranitar|Rock Slide|p1a: Meganium|[spread] p1b\n|-activate|p1a: Meganium|move: Protect\n|-crit|p1b: Rotom\n|-damage|p1b: Rotom|19/100\n|-enditem|p1b: Rotom|Sitrus Berry|[eat]\n|-heal|p1b: Rotom|44/100|[from] item: Sitrus Berry\n|move|p1b: Rotom|Hydro Pump|p2a: Excadrill\n|-supereffective|p2a: Excadrill|1\n|-damage|p2a: Excadrill|0 fnt\n|faint|p2a: Excadrill\n|\n|-weather|Sandstorm|[upkeep]\n|-damage|p1b: Rotom|38/100|[from] Sandstorm\n|-damage|p1a: Meganium|30/100|[from] Sandstorm\n|upkeep\n|\n|t:|1776156297\n|switch|p2a: Gyarados|Gyarados, L50, M|100/100\n|-ability|p2a: Gyarados|Intimidate|boost\n|-unboost|p1a: Meganium|atk|1\n|-unboost|p1b: Rotom|atk|1\n|turn|11\n|\n|t:|1776156312\n|detailschange|p2b: Tyranitar|Tyranitar-Mega, L50, F\n|-mega|p2b: Tyranitar|Tyranitar|Tyranitarite\n|move|p2b: Tyranitar|Rock Slide|p1b: Rotom|[spread] p1a,p1b\n|-damage|p1a: Meganium|0 fnt\n|-damage|p1b: Rotom|0 fnt\n|faint|p1a: Meganium\n|faint|p1b: Rotom\n|\n|win|alv_28\n|raw|SleepyBadGirl's rating: 1060 &rarr; <strong>1044</strong><br />(-16 for losing)\n|raw|alv_28's rating: 1112 &rarr; <strong>1133</strong><br />(+21 for winning)\n",
  "uploadtime": 1776156323,
  "views": 19,
  "formatid": "gen9championsvgc2026regma",
  "rating": 1044,
  "private": 0,
  "password": null
}