{
  "id": "gen9championsvgc2026regma-2586939441",
  "format": "[Gen 9 Champions] VGC 2026 Reg M-A",
  "players": [
    "JeorgeReds",
    "MrMrMrNoob"
  ],
  "log": "|j|\u2606JeorgeReds\n|j|\u2606MrMrMrNoob\n|t:|1776473764\n|gametype|doubles\n|player|p1|JeorgeReds|gambler|1065\n|player|p2|MrMrMrNoob|veteran|1017\n|gen|9\n|tier|[Gen 9 Champions] VGC 2026 Reg M-A\n|rated|\n|rule|Species Clause: Limit one of each Pok\u00e9mon\n|rule|Item Clause: Limit 1 of each item\n|clearpoke\n|poke|p1|Hawlucha, L50, F|\n|poke|p1|Garchomp, L50, F|\n|poke|p1|Tinkaton, L50, F|\n|poke|p1|Rotom-Wash, L50|\n|poke|p1|Sinistcha, L50|\n|poke|p1|Incineroar, L50, M|\n|poke|p2|Chandelure, L50, F|\n|poke|p2|Zoroark-Hisui, L50, M|\n|poke|p2|Whimsicott, L50, M|\n|poke|p2|Hawlucha, L50, F|\n|poke|p2|Mamoswine, L50, F|\n|poke|p2|Heliolisk, L50, F|\n|teampreview|4\nJeorgeReds rejected open team sheets.\n|inactive|Battle timer is ON: inactive players will automatically lose when time's up. (requested by JeorgeReds)\n|\n|t:|1776473793\n|teamsize|p1|4\n|teamsize|p2|4\n|start\n|switch|p1a: El Colorado|Hawlucha, L50, F|100/100\n|switch|p1b: Doomfanger|Incineroar, L50, M|100/100\n|switch|p2a: No lo se|Mamoswine, L50, F|100/100\n|switch|p2b: Talvez el|Hawlucha, L50, F|100/100\n|-ability|p1b: Doomfanger|Intimidate|boost\n|-unboost|p2a: No lo se|atk|1\n|-unboost|p2b: Talvez el|atk|1\n|-enditem|p2b: Talvez el|White Herb\n|-clearnegativeboost|p2b: Talvez el|[silent]\n|turn|1\n|inactive|JeorgeReds has 30 seconds left.\n|\n|t:|1776473824\n|detailschange|p1a: El Colorado|Hawlucha-Mega, L50, F\n|-mega|p1a: El Colorado|Hawlucha|Hawluchanite\n|move|p2b: Talvez el|Upper Hand|p1b: Doomfanger\n|-supereffective|p1b: Doomfanger|1\n|-damage|p1b: Doomfanger|61/100\n|cant|p1b: Doomfanger|flinch\n|move|p1a: El Colorado|Swords Dance|p1a: El Colorado\n|-boost|p1a: El Colorado|atk|2\n|move|p2a: No lo se|Icy Wind|p1b: Doomfanger|[spread] p1a,p1b\n|-supereffective|p1a: El Colorado|1\n|-resisted|p1b: Doomfanger|1\n|-damage|p1a: El Colorado|68/100\n|-damage|p1b: Doomfanger|55/100\n|-unboost|p1a: El Colorado|spe|1\n|-unboost|p1b: Doomfanger|spe|1\n|\n|upkeep\n|turn|2\n|inactive|MrMrMrNoob has 30 seconds left.\n|\n|t:|1776473850\n|switch|p1b: Mocha|Sinistcha, L50|100/100\n|-heal|p1a: El Colorado|93/100|[from] ability: Hospitality|[of] p1b: Mocha\n|move|p1a: El Colorado|Detect|p1a: El Colorado\n|-singleturn|p1a: El Colorado|Protect\n|move|p2b: Talvez el|Acrobatics|p1a: El Colorado\n|-activate|p1a: El Colorado|move: Protect\n|move|p2a: No lo se|Nasty Plot|p2a: No lo se\n|-boost|p2a: No lo se|spa|2\n|\n|upkeep\n|turn|3\n|\n|t:|1776473872\n|switch|p1a: Doomfanger|Incineroar, L50, M|55/100\n|-ability|p1a: Doomfanger|Intimidate|boost\n|-unboost|p2a: No lo se|atk|1\n|-unboost|p2b: Talvez el|atk|1\n|move|p2b: Talvez el|Acrobatics|p1a: Doomfanger\n|-damage|p1a: Doomfanger|34/100\n|move|p2a: No lo se|Icy Wind|p1b: Mocha|[spread] p1a\n|-miss|p2a: No lo se|p1b: Mocha\n|-resisted|p1a: Doomfanger|1\n|-damage|p1a: Doomfanger|23/100\n|-unboost|p1a: Doomfanger|spe|1\n|move|p1b: Mocha|Trick Room|p1b: Mocha\n|-fieldstart|move: Trick Room|[of] p1b: Mocha\n|\n|upkeep\n|turn|4\n|\n|t:|1776473894\n|switch|p1b: Washed|Rotom-Wash, L50|100/100\n|switch|p2b: Soy yo|Chandelure, L50, F|100/100\n|move|p2a: No lo se|Protect|p2a: No lo se\n|-singleturn|p2a: No lo se|Protect\n|move|p1a: Doomfanger|Flare Blitz|p2a: No lo se\n|-activate|p2a: No lo se|move: Protect\n|\n|upkeep\n|turn|5\n|\n|t:|1776473915\n|detailschange|p2b: Soy yo|Chandelure-Mega, L50, F\n|-mega|p2b: Soy yo|Chandelure|Chandelurite\n|move|p1a: Doomfanger|Flare Blitz|p2a: No lo se\n|-damage|p2a: No lo se|39/100\n|replace|p2a: Te menti >:)|Zoroark-Hisui, L50, M\n|-end|p2a: Te menti >:)|Illusion\n|-damage|p1a: Doomfanger|7/100|[from] Recoil\n|move|p2b: Soy yo|Psych Up|p2a: Te menti >:)\n|-copyboost|p2b: Soy yo|p2a: Te menti >:)|[from] move: Psych Up\n|move|p1b: Washed|Hydro Pump|p2b: Soy yo\n|-supereffective|p2b: Soy yo|1\n|-damage|p2b: Soy yo|24/100\n|move|p2a: Te menti >:)|Bitter Malice|p1a: Doomfanger\n|-resisted|p1a: Doomfanger|1\n|-damage|p1a: Doomfanger|0 fnt\n|faint|p1a: Doomfanger\n|\n|upkeep\n|\n|t:|1776473933\n|switch|p1a: El Colorado|Hawlucha-Mega, L50, F|93/100\n|turn|6\n|\n|t:|1776473952\n|move|p1a: El Colorado|Detect|p1a: El Colorado\n|-singleturn|p1a: El Colorado|Protect\n|move|p2b: Soy yo|Heat Wave|p1a: El Colorado|[spread] p1b\n|-activate|p1a: El Colorado|move: Protect\n|-resisted|p1b: Washed|1\n|-damage|p1b: Washed|65/100\n|move|p1b: Washed|Thunderbolt|p2b: Soy yo\n|-damage|p2b: Soy yo|0 fnt\n|faint|p2b: Soy yo\n|move|p2a: Te menti >:)|Icy Wind|p1b: Washed|[spread] p1b\n|-activate|p1a: El Colorado|move: Protect\n|-resisted|p1b: Washed|1\n|-damage|p1b: Washed|54/100\n|-unboost|p1b: Washed|spe|1\n|\n|upkeep\n|inactive|MrMrMrNoob has 30 seconds left.\n|\n|t:|1776473977\n|switch|p2b: No lo se|Mamoswine, L50, F|100/100\n|turn|7\n|\n|t:|1776473992\n|move|p1b: Washed|Thunderbolt|p2a: Te menti >:)\n|-damage|p2a: Te menti >:)|0 fnt\n|faint|p2a: Te menti >:)\n|move|p1a: El Colorado|Cross Chop|p2b: No lo se\n|-supereffective|p2b: No lo se|1\n|-damage|p2b: No lo se|0 fnt\n|faint|p2b: No lo se\n|\n|-fieldend|move: Trick Room\n|upkeep\n|\n|t:|1776474001\n|switch|p2b: Talvez el|Hawlucha, L50, F|100/100\n|turn|8\n|c|\u2606JeorgeReds|ok\n|c|\u2606JeorgeReds|me encantan los nombres\n|c|\u2606JeorgeReds|:D\n|c|\u2606MrMrMrNoob|XD\n|c|\u2606MrMrMrNoob|gracias\n|inactive|JeorgeReds has 30 seconds left.\n|\n|t:|1776474026\n|move|p1a: El Colorado|Detect|p1a: El Colorado\n|-singleturn|p1a: El Colorado|Protect\n|move|p2b: Talvez el|Acrobatics|p1b: Washed\n|-resisted|p1b: Washed|1\n|-damage|p1b: Washed|31/100\n|-enditem|p1b: Washed|Sitrus Berry|[eat]\n|-heal|p1b: Washed|56/100|[from] item: Sitrus Berry\n|move|p1b: Washed|Thunderbolt|p2b: Talvez el\n|-supereffective|p2b: Talvez el|1\n|-damage|p2b: Talvez el|0 fnt\n|faint|p2b: Talvez el\n|\n|win|JeorgeReds\n|raw|JeorgeReds's rating: 1065 &rarr; <strong>1091</strong><br />(+26 for winning)\n|raw|MrMrMrNoob's rating: 1017 &rarr; <strong>1006</strong><br />(-11 for losing)\n|c|\u2606MrMrMrNoob|gg\n|l|\u2606MrMrMrNoob\n|player|p2|\n",
  "uploadtime": 1776474045,
  "views": 19,
  "formatid": "gen9championsvgc2026regma",
  "rating": 1006,
  "private": 0,
  "password": null
}