{
  "id": "gen9championsvgc2026regma-2581528481",
  "format": "[Gen 9 Champions] VGC 2026 Reg M-A",
  "players": [
    "lakespirited",
    "kingcoleman"
  ],
  "log": "|j|\u2606lakespirited\n|j|\u2606kingcoleman\n|html|<table width=\"100%\"><tr><td align=\"left\">lakespirited</td><td align=\"right\">kingcoleman</tr><tr><td align=\"left\"><i class=\"fa fa-circle\"></i> <i class=\"fa fa-circle-o\"></i> </td><td align=\"right\"><i class=\"fa fa-circle-o\"></i> <i class=\"fa fa-circle-o\"></i> </tr></table>\n|uhtml|bestof|<h2><strong>Game 2</strong> of <a href=\"/game-bestof3-gen9championsvgc2026regma-2581527649\">a best-of-3</a></h2>\n|t:|1776008442\n|gametype|doubles\n|player|p1|lakespirited|miku-fairy|\n|player|p2|kingcoleman|miku-water|\n|gen|9\n|tier|[Gen 9 Champions] VGC 2026 Reg M-A\n|rule|Species Clause: Limit one of each Pok\u00e9mon\n|rule|Item Clause: Limit 1 of each item\n|raw|<div class=\"infobox\"><details class=\"readmore\" open><summary><strong>1 custom rule:</strong></summary> Best of = 3</details></div>\n|clearpoke\n|poke|p1|Floette-Eternal, L50, F|\n|poke|p1|Maushold, L50|\n|poke|p1|Kingambit, L50, M|\n|poke|p1|Dragapult, L50, F|\n|poke|p1|Talonflame, L50, M|\n|poke|p1|Sneasler, L50, F|\n|poke|p2|Alakazam, L50, F|\n|poke|p2|Meowstic, L50, M|\n|poke|p2|Kingambit, L50, M|\n|poke|p2|Sneasler, L50, M|\n|poke|p2|Clefable, L50, F|\n|poke|p2|Basculegion, L50, M|\n|teampreview|4\n|inactive|Battle timer is ON: inactive players will automatically lose when time's up. (requested by lakespirited)\nlakespirited has agreed to open team sheets.\n|\n|t:|1776008462\n|teamsize|p1|4\n|teamsize|p2|4\n|start\n|switch|p1a: Sneasler|Sneasler, L50, F|100/100\n|switch|p1b: Kingambit|Kingambit, L50, M|100/100\n|switch|p2a: Sneasler|Sneasler, L50, M|100/100\n|switch|p2b: Meowstic|Meowstic, L50, M|100/100\n|turn|1\n|\n|t:|1776008482\n|switch|p1b: Dragapult|Dragapult, L50, F, shiny|100/100\n|move|p2a: Sneasler|Fake Out|p1b: Dragapult\n|-immune|p1b: Dragapult\n|move|p2b: Meowstic|Psychic Terrain|p2b: Meowstic\n|-fieldstart|move: Psychic Terrain\n|move|p1a: Sneasler|Close Combat|p2b: Meowstic\n|-resisted|p2b: Meowstic|1\n|-damage|p2b: Meowstic|62/100\n|-unboost|p1a: Sneasler|def|1\n|-unboost|p1a: Sneasler|spd|1\n|-enditem|p1a: Sneasler|White Herb\n|-clearnegativeboost|p1a: Sneasler|[silent]\n|\n|upkeep\n|turn|2\n|\n|t:|1776008504\n|move|p1a: Sneasler|Protect|p1a: Sneasler\n|-singleturn|p1a: Sneasler|Protect\n|move|p1b: Dragapult|Protect|p1b: Dragapult\n|-singleturn|p1b: Dragapult|Protect\n|move|p2a: Sneasler|Close Combat|p1a: Sneasler\n|-activate|p1a: Sneasler|move: Protect\n|move|p2b: Meowstic|Expanding Force|p1a: Sneasler|[spread] \n|-activate|p1a: Sneasler|move: Protect\n|-activate|p1b: Dragapult|move: Protect\n|\n|upkeep\n|turn|3\n|\n|t:|1776008518\n|switch|p2a: Clefable|Clefable, L50, F|100/100\n|move|p1a: Sneasler|Dire Claw|p2b: Meowstic\n|-damage|p2b: Meowstic|8/100\n|move|p1b: Dragapult|Dragon Darts|p2b: Meowstic\n|-damage|p2b: Meowstic|0 fnt\n|faint|p2b: Meowstic\n|\n|upkeep\n|\n|t:|1776008532\n|switch|p2b: Alakazam|Alakazam, L50, F|100/100\n|turn|4\n|\n|t:|1776008547\n|switch|p2a: Sneasler|Sneasler, L50, M|100/100\n|detailschange|p2b: Alakazam|Alakazam-Mega, L50, F\n|-mega|p2b: Alakazam|Alakazam|Alakazite\n|-ability|p2b: Alakazam|Unburden|Trace|[from] ability: Trace|[of] p1a: Sneasler\n|move|p1a: Sneasler|Protect|p1a: Sneasler\n|-singleturn|p1a: Sneasler|Protect\n|move|p2b: Alakazam|Expanding Force|p1a: Sneasler|[spread] p1b\n|-activate|p1a: Sneasler|move: Protect\n|-damage|p1b: Dragapult|3/100\n|move|p1b: Dragapult|Phantom Force||[still]\n|-prepare|p1b: Dragapult|Phantom Force\n|\n|upkeep\n|turn|5\n|\n|t:|1776008566\n|switch|p1a: Kingambit|Kingambit, L50, M|100/100\n|switch|p2b: Clefable|Clefable, L50, F|100/100\n|move|p1b: Dragapult|Phantom Force|p2b: Clefable|[from] lockedmove\n|-damage|p2b: Clefable|60/100\n|move|p2a: Sneasler|Close Combat|p1a: Kingambit\n|-supereffective|p1a: Kingambit|2\n|-damage|p1a: Kingambit|0 fnt\n|-unboost|p2a: Sneasler|def|1\n|-unboost|p2a: Sneasler|spd|1\n|faint|p1a: Kingambit\n|-enditem|p2a: Sneasler|White Herb\n|-clearnegativeboost|p2a: Sneasler|[silent]\n|\n|-fieldend|move: Psychic Terrain\n|upkeep\n|\n|t:|1776008580\n|switch|p1a: Sneasler|Sneasler, L50, F|100/100\n|turn|6\n|\n|t:|1776008588\n|move|p2a: Sneasler|Protect|p2a: Sneasler\n|-singleturn|p2a: Sneasler|Protect\n|move|p1a: Sneasler|Fake Out|p2b: Clefable\n|-damage|p2b: Clefable|49/100\n|-enditem|p2b: Clefable|Sitrus Berry|[eat]\n|-heal|p2b: Clefable|73/100|[from] item: Sitrus Berry\n|move|p1b: Dragapult|Dragon Darts|p2a: Sneasler\n|-immune|p2b: Clefable\n|cant|p2b: Clefable|flinch\n|\n|upkeep\n|turn|7\n|inactive|kingcoleman has 30 seconds left.\n|\n|t:|1776008614\n|move|p2a: Sneasler|Dire Claw|p1b: Dragapult\n|-resisted|p1b: Dragapult|1\n|-damage|p1b: Dragapult|0 fnt\n|faint|p1b: Dragapult\n|move|p1a: Sneasler|Dire Claw|p2b: Clefable\n|-supereffective|p2b: Clefable|1\n|-damage|p2b: Clefable|0 fnt\n|faint|p2b: Clefable\n|\n|upkeep\n|\n|t:|1776008621\n|switch|p1b: Floette|Floette-Eternal, L50, F|100/100\n|switch|p2b: Alakazam|Alakazam-Mega, L50, F|100/100\n|-ability|p2b: Alakazam|Flower Veil|Trace|[from] ability: Trace|[of] p1b: Floette\n|turn|8\n|inactive|lakespirited has 30 seconds left.\n|inactive|lakespirited has 20 seconds left.\n|inactive|lakespirited has 15 seconds left.\n|\n|t:|1776008664\n|detailschange|p1b: Floette|Floette-Mega, L50, F\n|-mega|p1b: Floette|Floette|Floettite\n|-ability|p1b: Floette|Fairy Aura\n|move|p1a: Sneasler|Protect|p1a: Sneasler\n|-singleturn|p1a: Sneasler|Protect\n|move|p2a: Sneasler|Dire Claw|p1b: Floette\n|-supereffective|p1b: Floette|1\n|-damage|p1b: Floette|8/100\n|move|p2b: Alakazam|Expanding Force|p1a: Sneasler\n|-activate|p1a: Sneasler|move: Protect\n|move|p1b: Floette|Moonblast|p2b: Alakazam\n|-damage|p2b: Alakazam|0 fnt\n|faint|p2b: Alakazam\n|\n|upkeep\n|turn|9\n|\n|t:|1776008680\n|move|p2a: Sneasler|Dire Claw|p1b: Floette\n|-supereffective|p1b: Floette|1\n|-damage|p1b: Floette|0 fnt\n|faint|p1b: Floette\n|move|p1a: Sneasler|Dire Claw|p2a: Sneasler\n|-resisted|p2a: Sneasler|1\n|-damage|p2a: Sneasler|64/100\n|\n|upkeep\n|turn|10\n|\n|t:|1776008687\n|move|p2a: Sneasler|Dire Claw|p1a: Sneasler\n|-resisted|p1a: Sneasler|1\n|-damage|p1a: Sneasler|58/100\n|move|p1a: Sneasler|Dire Claw|p2a: Sneasler\n|-resisted|p2a: Sneasler|1\n|-damage|p2a: Sneasler|29/100\n|\n|upkeep\n|turn|11\n|\n|t:|1776008707\n|move|p2a: Sneasler|Dire Claw|p1a: Sneasler\n|-resisted|p1a: Sneasler|1\n|-damage|p1a: Sneasler|18/100\n|move|p1a: Sneasler|Close Combat|p2a: Sneasler\n|-resisted|p2a: Sneasler|1\n|-damage|p2a: Sneasler|0 fnt\n|-unboost|p1a: Sneasler|def|1\n|-unboost|p1a: Sneasler|spd|1\n|faint|p2a: Sneasler\n|\n|win|lakespirited\n|l|\u2606kingcoleman\n|player|p2|\n",
  "uploadtime": 1776008729,
  "views": 10,
  "formatid": "gen9championsvgc2026regma",
  "rating": null,
  "private": 0,
  "password": null
}