{
  "id": "gen9championsvgc2026regma-2582910716",
  "format": "[Gen 9 Champions] VGC 2026 Reg M-A",
  "players": [
    "Troyster56",
    "MilkmanMiltank"
  ],
  "log": "|j|\u2606Troyster56\n|j|\u2606MilkmanMiltank\n|t:|1776124221\n|gametype|doubles\n|player|p1|Troyster56|2|1213\n|player|p2|MilkmanMiltank|pokemonbreeder-gen4|1245\n|gen|9\n|tier|[Gen 9 Champions] VGC 2026 Reg M-A\n|rated|\n|rule|Species Clause: Limit one of each Pok\u00e9mon\n|rule|Item Clause: Limit 1 of each item\n|clearpoke\n|poke|p1|Charizard, L50, M|\n|poke|p1|Venusaur, L50, M|\n|poke|p1|Garchomp, L50, M|\n|poke|p1|Rotom-Wash, L50|\n|poke|p1|Sneasler, L50, M|\n|poke|p1|Incineroar, L50, F|\n|poke|p2|Torkoal, L50, M|\n|poke|p2|Oranguru, L50, M|\n|poke|p2|Clefable, L50, F|\n|poke|p2|Rhyperior, L50, F|\n|poke|p2|Rotom-Wash, L50|\n|poke|p2|Sinistcha, L50|\n|teampreview|4\n|inactive|Battle timer is ON: inactive players will automatically lose when time's up. (requested by Troyster56)\n|\n|t:|1776124305\n|teamsize|p1|4\n|teamsize|p2|4\n|start\n|switch|p1a: Venusaur|Venusaur, L50, M|100/100\n|switch|p1b: Charizard|Charizard, L50, M, shiny|100/100\n|switch|p2a: The Gogurt|Oranguru, L50, M, shiny|100/100\n|switch|p2b: The Fruit Smoothie|Clefable, L50, F, shiny|100/100\n|turn|1\n|inactive|Troyster56 has 30 seconds left.\n|\n|t:|1776124339\n|detailschange|p1b: Charizard|Charizard-Mega-Y, L50, M, shiny\n|-mega|p1b: Charizard|Charizard|Charizardite Y\n|-weather|SunnyDay|[from] ability: Drought|[of] p1b: Charizard\n|detailschange|p2b: The Fruit Smoothie|Clefable-Mega, L50, F, shiny\n|-mega|p2b: The Fruit Smoothie|Clefable|Clefablite\n|move|p2b: The Fruit Smoothie|Follow Me|p2b: The Fruit Smoothie\n|-singleturn|p2b: The Fruit Smoothie|move: Follow Me\n|move|p1a: Venusaur|Sludge Bomb|p2b: The Fruit Smoothie\n|-supereffective|p2b: The Fruit Smoothie|1\n|-damage|p2b: The Fruit Smoothie|17/100\n|-status|p2b: The Fruit Smoothie|psn\n|move|p1b: Charizard|Heat Wave|p2a: The Gogurt|[spread] p2a,p2b\n|-crit|p2a: The Gogurt\n|-crit|p2b: The Fruit Smoothie\n|-damage|p2a: The Gogurt|23/100\n|-damage|p2b: The Fruit Smoothie|0 fnt\n|-status|p2a: The Gogurt|brn\n|faint|p2b: The Fruit Smoothie\n|move|p2a: The Gogurt|Trick Room|p2a: The Gogurt\n|-fieldstart|move: Trick Room|[of] p2a: The Gogurt\n|\n|-weather|SunnyDay|[upkeep]\n|-damage|p2a: The Gogurt|17/100 brn|[from] brn\n|upkeep\n|\n|t:|1776124354\n|switch|p2b: The Eggs & Bacon|Rhyperior, L50, F, shiny|100/100\n|turn|2\n|\n|t:|1776124360\n|move|p1b: Charizard|Protect|p1b: Charizard\n|-singleturn|p1b: Charizard|Protect\n|move|p2b: The Eggs & Bacon|Stone Edge|p1a: Venusaur\n|-damage|p1a: Venusaur|2/100\n|move|p2a: The Gogurt|Instruct|p2b: The Eggs & Bacon\n|-singleturn|p2b: The Eggs & Bacon|move: Instruct|[of] p2a: The Gogurt\n|move|p2b: The Eggs & Bacon|Stone Edge|p1a: Venusaur\n|-damage|p1a: Venusaur|0 fnt\n|faint|p1a: Venusaur\n|\n|-weather|SunnyDay|[upkeep]\n|-damage|p2a: The Gogurt|11/100 brn|[from] brn\n|upkeep\n|\n|t:|1776124380\n|switch|p1a: Garchomp|Garchomp, L50, M|100/100\n|turn|3\n|\n|t:|1776124400\n|switch|p1b: Sneasler|Sneasler, L50, M|100/100\n|move|p2b: The Eggs & Bacon|Rock Slide|p1b: Sneasler|[spread] p1a,p1b\n|-resisted|p1a: Garchomp|1\n|-resisted|p1b: Sneasler|1\n|-damage|p1a: Garchomp|79/100\n|-damage|p1b: Sneasler|62/100\n|move|p2a: The Gogurt|Yawn|p1a: Garchomp\n|-start|p1a: Garchomp|move: Yawn|[of] p2a: The Gogurt\n|cant|p1a: Garchomp|flinch\n|\n|-weather|SunnyDay|[upkeep]\n|-damage|p2a: The Gogurt|5/100 brn|[from] brn\n|upkeep\n|turn|4\n|\n|t:|1776124421\n|switch|p2a: The Baked Beans|Rotom-Wash, L50, shiny|100/100\n|switch|p1a: Charizard|Charizard-Mega-Y, L50, M, shiny|100/100\n|move|p2b: The Eggs & Bacon|Earthquake|p1b: Sneasler|[spread] p1b\n|-immune|p2a: The Baked Beans|[from] ability: Levitate\n|-immune|p1a: Charizard\n|-supereffective|p1b: Sneasler|1\n|-damage|p1b: Sneasler|0 fnt\n|faint|p1b: Sneasler\n|\n|-weather|SunnyDay|[upkeep]\n|upkeep\n|\n|t:|1776124430\n|switch|p1b: Garchomp|Garchomp, L50, M|79/100\n|turn|5\n|\n|t:|1776124438\n|move|p1a: Charizard|Protect|p1a: Charizard\n|-singleturn|p1a: Charizard|Protect\n|move|p2b: The Eggs & Bacon|Rock Slide|p1a: Charizard|[spread] p1b\n|-activate|p1a: Charizard|move: Protect\n|-resisted|p1b: Garchomp|1\n|-crit|p1b: Garchomp\n|-damage|p1b: Garchomp|48/100\n|move|p2a: The Baked Beans|Thunderbolt|p1a: Charizard\n|-activate|p1a: Charizard|move: Protect\n|move|p1b: Garchomp|Earthquake|p2b: The Eggs & Bacon|[spread] p2b\n|-activate|p1a: Charizard|move: Protect\n|-immune|p2a: The Baked Beans|[from] ability: Levitate\n|-supereffective|p2b: The Eggs & Bacon|1\n|-damage|p2b: The Eggs & Bacon|50/100\n|\n|-weather|none\n|-fieldend|move: Trick Room\n|upkeep\n|turn|6\n|\n|t:|1776124452\n|move|p2b: The Eggs & Bacon|Protect|p2b: The Eggs & Bacon\n|-singleturn|p2b: The Eggs & Bacon|Protect\n|move|p1b: Garchomp|Earthquake|p2a: The Baked Beans|[spread] \n|-activate|p2b: The Eggs & Bacon|move: Protect\n|-immune|p1a: Charizard\n|-immune|p2a: The Baked Beans|[from] ability: Levitate\n|move|p1a: Charizard|Heat Wave|p2b: The Eggs & Bacon|[spread] p2a\n|-activate|p2b: The Eggs & Bacon|move: Protect\n|-resisted|p2a: The Baked Beans|1\n|-damage|p2a: The Baked Beans|76/100\n|-status|p2a: The Baked Beans|brn\n|move|p2a: The Baked Beans|Thunderbolt|p1a: Charizard\n|-supereffective|p1a: Charizard|1\n|-damage|p1a: Charizard|10/100\n|\n|-damage|p2a: The Baked Beans|71/100 brn|[from] brn\n|upkeep\n|turn|7\n|inactive|MilkmanMiltank has 30 seconds left.\n|\n|t:|1776124483\n|switch|p2b: The Gogurt|Oranguru, L50, M, shiny|5/100 brn\n|move|p1b: Garchomp|Earthquake|p2b: The Gogurt|[spread] p2b\n|-immune|p1a: Charizard\n|-immune|p2a: The Baked Beans|[from] ability: Levitate\n|-damage|p2b: The Gogurt|0 fnt\n|faint|p2b: The Gogurt\n|move|p1a: Charizard|Heat Wave|p2a: The Baked Beans\n|-resisted|p2a: The Baked Beans|1\n|-damage|p2a: The Baked Beans|40/100 brn\n|-enditem|p2a: The Baked Beans|Sitrus Berry|[eat]\n|-heal|p2a: The Baked Beans|65/100 brn|[from] item: Sitrus Berry\n|move|p2a: The Baked Beans|Hydro Pump|p1b: Garchomp\n|-damage|p1b: Garchomp|0 fnt\n|faint|p1b: Garchomp\n|\n|-damage|p2a: The Baked Beans|59/100 brn|[from] brn\n|upkeep\n|\n|t:|1776124496\n|switch|p2b: The Eggs & Bacon|Rhyperior, L50, F, shiny|50/100\n|turn|8\n|c|\u2606MilkmanMiltank|ggwp\n|\n|t:|1776124502\n|move|p1a: Charizard|Heat Wave|p2b: The Eggs & Bacon|[spread] p2a\n|-miss|p1a: Charizard|p2b: The Eggs & Bacon\n|-resisted|p2a: The Baked Beans|1\n|-damage|p2a: The Baked Beans|36/100 brn\n|move|p2a: The Baked Beans|Thunderbolt|p1a: Charizard\n|-supereffective|p1a: Charizard|1\n|-damage|p1a: Charizard|0 fnt\n|faint|p1a: Charizard\n|\n|win|MilkmanMiltank\n|raw|Troyster56's rating: 1213 &rarr; <strong>1190</strong><br />(-23 for losing)\n|raw|MilkmanMiltank's rating: 1245 &rarr; <strong>1268</strong><br />(+23 for winning)\n|l|\u2606Troyster56\n|player|p1|\n",
  "uploadtime": 1776124518,
  "views": 38,
  "formatid": "gen9championsvgc2026regma",
  "rating": 1190,
  "private": 0,
  "password": null
}