{
  "id": "gen9championsvgc2026regma-2586655049",
  "format": "[Gen 9 Champions] VGC 2026 Reg M-A",
  "players": [
    "relampent",
    "nakoharuno"
  ],
  "log": "|j|\u2606relampent\n|j|\u2606nakoharuno\n|t:|1776449755\n|gametype|doubles\n|player|p1|relampent|169|1138\n|player|p2|nakoharuno|dawn|1090\n|gen|9\n|tier|[Gen 9 Champions] VGC 2026 Reg M-A\n|rated|\n|rule|Species Clause: Limit one of each Pok\u00e9mon\n|rule|Item Clause: Limit 1 of each item\n|clearpoke\n|poke|p1|Lopunny, L50, F|\n|poke|p1|Aegislash, L50, M|\n|poke|p1|Sneasler, L50, M|\n|poke|p1|Spiritomb, L50, F|\n|poke|p1|Rotom-Wash, L50|\n|poke|p1|Arcanine-Hisui, L50, M|\n|poke|p2|Kangaskhan, L50, F|\n|poke|p2|Oranguru, L50, F|\n|poke|p2|Torkoal, L50, F|\n|poke|p2|Decidueye-Hisui, L50, M|\n|poke|p2|Hatterene, L50, F|\n|poke|p2|Blastoise, L50, F|\n|teampreview|4\n|\n|t:|1776449809\n|teamsize|p1|4\n|teamsize|p2|4\n|start\n|switch|p1a: Spiritomb|Spiritomb, L50, F|100/100\n|switch|p1b: Sneasler|Sneasler, L50, M|100/100\n|switch|p2a: Blastoise|Blastoise, L50, F, shiny|100/100\n|switch|p2b: Oranguru|Oranguru, L50, F, shiny|100/100\n|turn|1\n|\n|t:|1776449866\n|detailschange|p2a: Blastoise|Blastoise-Mega, L50, F, shiny\n|-mega|p2a: Blastoise|Blastoise|Blastoisinite\n|move|p1b: Sneasler|Fake Out|p2a: Blastoise\n|-damage|p2a: Blastoise|88/100\n|cant|p2a: Blastoise|flinch\n|move|p2b: Oranguru|Trick Room|p2b: Oranguru\n|-fieldstart|move: Trick Room|[of] p2b: Oranguru\n|move|p1a: Spiritomb|Trick Room|p1a: Spiritomb\n|-fieldend|move: Trick Room\n|\n|upkeep\n|turn|2\n|\n|t:|1776449892\n|move|p2b: Oranguru|Protect|p2b: Oranguru\n|-singleturn|p2b: Oranguru|Protect\n|move|p1b: Sneasler|Dire Claw|p2a: Blastoise\n|-damage|p2a: Blastoise|57/100\n|-status|p2a: Blastoise|slp\n|cant|p2a: Blastoise|slp\n|move|p1a: Spiritomb|Psychic|p2a: Blastoise\n|-damage|p2a: Blastoise|39/100 slp\n|\n|upkeep\n|turn|3\n|\n|t:|1776449934\n|move|p1b: Sneasler|Close Combat|p2a: Blastoise\n|-damage|p2a: Blastoise|0 fnt\n|-unboost|p1b: Sneasler|def|1\n|-unboost|p1b: Sneasler|spd|1\n|faint|p2a: Blastoise\n|-enditem|p1b: Sneasler|White Herb\n|-clearnegativeboost|p1b: Sneasler|[silent]\n|move|p2b: Oranguru|Trick Room|p2b: Oranguru\n|-fieldstart|move: Trick Room|[of] p2b: Oranguru\n|move|p1a: Spiritomb|Trick Room|p1a: Spiritomb\n|-fieldend|move: Trick Room\n|\n|upkeep\n|\n|t:|1776449948\n|switch|p2a: Decidueye|Decidueye-Hisui, L50, M|100/100\n|turn|4\n|\n|t:|1776449970\n|move|p1a: Spiritomb|Ally Switch|p1a: Spiritomb\n|swap|p1a: Spiritomb|1|[from] move: Ally Switch\n|move|p1a: Sneasler|Dire Claw|p2a: Decidueye\n|-supereffective|p2a: Decidueye|1\n|-damage|p2a: Decidueye|15/100\n|move|p2a: Decidueye|Leaf Blade|p1a: Sneasler\n|-resisted|p1a: Sneasler|1\n|-damage|p1a: Sneasler|63/100\n|move|p2b: Oranguru|Trick Room|p2b: Oranguru\n|-fieldstart|move: Trick Room|[of] p2b: Oranguru\n|\n|upkeep\n|turn|5\n|\n|t:|1776449988\n|move|p1a: Sneasler|Protect|p1a: Sneasler\n|-singleturn|p1a: Sneasler|Protect\n|move|p1b: Spiritomb|Psychic|p2a: Decidueye\n|-supereffective|p2a: Decidueye|1\n|-damage|p2a: Decidueye|0 fnt\n|faint|p2a: Decidueye\n|move|p2b: Oranguru|Instruct|p2: Decidueye|[notarget]\n|-fail|p2b: Oranguru\n|\n|upkeep\n|-message|nakoharuno forfeited.\n|\n|win|relampent\n|raw|relampent's rating: 1138 &rarr; <strong>1160</strong><br />(+22 for winning)\n|raw|nakoharuno's rating: 1090 &rarr; <strong>1070</strong><br />(-20 for losing)\n|l|\u2606nakoharuno\n|player|p2|\n",
  "uploadtime": 1776450002,
  "views": 34,
  "formatid": "gen9championsvgc2026regma",
  "rating": 1070,
  "private": 0,
  "password": null
}