{
  "id": "gen9championsvgc2026regma-2582468554",
  "format": "[Gen 9 Champions] VGC 2026 Reg M-A",
  "players": [
    "Isidino",
    "Azmatic1"
  ],
  "log": "|j|\u2606Isidino\n|j|\u2606Azmatic1\n|t:|1776093659\n|gametype|doubles\n|player|p1|Isidino|102|1147\n|player|p2|Azmatic1|101|1224\n|gen|9\n|tier|[Gen 9 Champions] VGC 2026 Reg M-A\n|rated|\n|rule|Species Clause: Limit one of each Pok\u00e9mon\n|rule|Item Clause: Limit 1 of each item\n|clearpoke\n|poke|p1|Charizard, L50, M|\n|poke|p1|Whimsicott, L50, F|\n|poke|p1|Venusaur, L50, F|\n|poke|p1|Dragonite, L50, M|\n|poke|p1|Sneasler, L50, M|\n|poke|p1|Torkoal, L50, F|\n|poke|p2|Glimmora, L50, F|\n|poke|p2|Tinkaton, L50, F|\n|poke|p2|Ninetales-Alola, L50, M|\n|poke|p2|Garchomp, L50, F|\n|poke|p2|Corviknight, L50, F|\n|poke|p2|Rotom-Wash, L50|\n|teampreview|4\n|inactive|Battle timer is ON: inactive players will automatically lose when time's up. (requested by Isidino)\n|inactive|Azmatic1 has 60 seconds left.\n|\n|t:|1776093694\n|teamsize|p1|4\n|teamsize|p2|4\n|start\n|switch|p1a: Charizard|Charizard, L50, M, shiny|100/100\n|switch|p1b: Whimsicott|Whimsicott, L50, F, shiny|100/100\n|switch|p2a: Glimmora|Glimmora, L50, F|100/100\n|switch|p2b: Rotom|Rotom-Wash, L50|100/100\n|turn|1\n|\n|t:|1776093715\n|detailschange|p2a: Glimmora|Glimmora-Mega, L50, F\n|-mega|p2a: Glimmora|Glimmora|Glimmoranite\n|move|p1a: Charizard|Protect|p1a: Charizard\n|-singleturn|p1a: Charizard|Protect\n|move|p1b: Whimsicott|Tailwind|p1b: Whimsicott\n|-sidestart|p1: Isidino|move: Tailwind\n|move|p2b: Rotom|Volt Switch|p1b: Whimsicott\n|-resisted|p1b: Whimsicott|1\n|-damage|p1b: Whimsicott|73/100\n|inactive|Azmatic1 has 30 seconds left.\n|\n|t:|1776093741\n|switch|p2b: Garchomp|Garchomp, L50, F|100/100|[from] Volt Switch\n|move|p2a: Glimmora|Power Gem|p1a: Charizard\n|-activate|p1a: Charizard|move: Protect\n|\n|upkeep\n|turn|2\n|\n|t:|1776093760\n|switch|p1a: Torkoal|Torkoal, L50, F, shiny|100/100\n|-weather|SunnyDay|[from] ability: Drought|[of] p1a: Torkoal\n|move|p1b: Whimsicott|Moonblast|p2b: Garchomp\n|-supereffective|p2b: Garchomp|1\n|-damage|p2b: Garchomp|19/100\n|move|p2b: Garchomp|Dragon Claw|p1a: Torkoal\n|-damage|p1a: Torkoal|68/100\n|move|p2a: Glimmora|Power Gem|p1b: Whimsicott\n|-damage|p1b: Whimsicott|0 fnt\n|faint|p1b: Whimsicott\n|\n|-weather|SunnyDay|[upkeep]\n|upkeep\n|\n|t:|1776093770\n|switch|p1b: Venusaur|Venusaur, L50, F|100/100\n|turn|3\n|\n|t:|1776093777\n|move|p2b: Garchomp|Protect|p2b: Garchomp\n|-singleturn|p2b: Garchomp|Protect\n|move|p2a: Glimmora|Spiky Shield|p2a: Glimmora\n|-singleturn|p2a: Glimmora|move: Protect\n|move|p1b: Venusaur|Earth Power|p2a: Glimmora\n|-activate|p2a: Glimmora|move: Protect\n|move|p1a: Torkoal|Body Press|p2b: Garchomp\n|-activate|p2b: Garchomp|move: Protect\n|\n|-weather|SunnyDay|[upkeep]\n|upkeep\n|turn|4\n|\n|t:|1776093794\n|switch|p2b: Ninetales|Ninetales-Alola, L50, M|100/100\n|-weather|Snowscape|[from] ability: Snow Warning|[of] p2b: Ninetales\n|switch|p2a: Rotom|Rotom-Wash, L50|100/100\n|move|p1b: Venusaur|Earth Power|p2a: Rotom\n|-immune|p2a: Rotom|[from] ability: Levitate\n|move|p1a: Torkoal|Yawn|p2b: Ninetales\n|-start|p2b: Ninetales|move: Yawn|[of] p1a: Torkoal\n|\n|-weather|Snowscape|[upkeep]\n|-sideend|p1: Isidino|move: Tailwind\n|upkeep\n|turn|5\n|\n|t:|1776093813\n|switch|p2b: Glimmora|Glimmora-Mega, L50, F|100/100\n|switch|p1b: Charizard|Charizard, L50, M, shiny|100/100\n|move|p2a: Rotom|Volt Switch|p1a: Torkoal\n|-damage|p1a: Torkoal|35/100\n|-enditem|p1a: Torkoal|Sitrus Berry|[eat]\n|-heal|p1a: Torkoal|60/100|[from] item: Sitrus Berry\n|\n|t:|1776093824\n|switch|p2a: Garchomp|Garchomp, L50, F|19/100|[from] Volt Switch\n|move|p1a: Torkoal|Yawn|p2a: Garchomp\n|-start|p2a: Garchomp|move: Yawn|[of] p1a: Torkoal\n|\n|-weather|Snowscape|[upkeep]\n|upkeep\n|turn|6\n|\n|t:|1776093836\n|switch|p2a: Rotom|Rotom-Wash, L50|100/100\n|switch|p1a: Venusaur|Venusaur, L50, F|100/100\n|move|p1b: Charizard|Protect|p1b: Charizard\n|-singleturn|p1b: Charizard|Protect\n|move|p2b: Glimmora|Power Gem|p1a: Venusaur\n|-damage|p1a: Venusaur|34/100\n|\n|-weather|Snowscape|[upkeep]\n|upkeep\n|turn|7\n|\n|t:|1776093849\n|detailschange|p1b: Charizard|Charizard-Mega-Y, L50, M, shiny\n|-mega|p1b: Charizard|Charizard|Charizardite Y\n|-weather|SunnyDay|[from] ability: Drought|[of] p1b: Charizard\n|move|p2b: Glimmora|Spiky Shield|p2b: Glimmora\n|-singleturn|p2b: Glimmora|move: Protect\n|move|p1a: Venusaur|Earth Power|p2b: Glimmora\n|-activate|p2b: Glimmora|move: Protect\n|move|p2a: Rotom|Volt Switch|p1b: Charizard\n|-supereffective|p1b: Charizard|1\n|-damage|p1b: Charizard|25/100\n|\n|t:|1776093860\n|switch|p2a: Ninetales|Ninetales-Alola, L50, M|100/100|[from] Volt Switch\n|-weather|Snowscape|[from] ability: Snow Warning|[of] p2a: Ninetales\n|move|p1b: Charizard|Heat Wave|p2b: Glimmora|[spread] p2a\n|-activate|p2b: Glimmora|move: Protect\n|-supereffective|p2a: Ninetales|1\n|-enditem|p2a: Ninetales|Focus Sash\n|-damage|p2a: Ninetales|1/100\n|\n|-weather|Snowscape|[upkeep]\n|upkeep\n|turn|8\n|c|\u2606Isidino|Vabb\u00e8 va\n|\n|t:|1776093874\n|switch|p1b: Torkoal|Torkoal, L50, F, shiny|60/100\n|-weather|SunnyDay|[from] ability: Drought|[of] p1b: Torkoal\n|move|p1a: Venusaur|Earth Power|p2b: Glimmora\n|-supereffective|p2b: Glimmora|2\n|-damage|p2b: Glimmora|0 fnt\n|faint|p2b: Glimmora\n|move|p2a: Ninetales|Blizzard|p1b: Torkoal|[spread] p1a,p1b\n|-supereffective|p1a: Venusaur|1\n|-resisted|p1b: Torkoal|1\n|-damage|p1a: Venusaur|0 fnt\n|-damage|p1b: Torkoal|46/100\n|faint|p1a: Venusaur\n|\n|-weather|SunnyDay|[upkeep]\n|upkeep\n|\n|t:|1776093883\n|switch|p2b: Garchomp|Garchomp, L50, F|19/100\n|switch|p1a: Charizard|Charizard-Mega-Y, L50, M, shiny|25/100\n|turn|9\n|\n|t:|1776093898\n|move|p1a: Charizard|Protect|p1a: Charizard\n|-singleturn|p1a: Charizard|Protect\n|move|p2a: Ninetales|Moonblast|p1a: Charizard\n|-activate|p1a: Charizard|move: Protect\n|move|p2b: Garchomp|Stomping Tantrum|p1b: Torkoal\n|-supereffective|p1b: Torkoal|1\n|-damage|p1b: Torkoal|0 fnt\n|faint|p1b: Torkoal\n|\n|-weather|SunnyDay|[upkeep]\n|upkeep\n|turn|10\n|\n|t:|1776093907\n|move|p2a: Ninetales|Moonblast|p1a: Charizard\n|-resisted|p1a: Charizard|1\n|-damage|p1a: Charizard|6/100\n|move|p2b: Garchomp|Dragon Claw|p1a: Charizard\n|-damage|p1a: Charizard|0 fnt\n|faint|p1a: Charizard\n|\n|win|Azmatic1\n|raw|Isidino's rating: 1147 &rarr; <strong>1127</strong><br />(-20 for losing)\n|raw|Azmatic1's rating: 1224 &rarr; <strong>1244</strong><br />(+20 for winning)\n|c|\u2606Isidino|Ma esplodi\n|l|\u2606Azmatic1\n|player|p2|\n",
  "uploadtime": 1776093914,
  "views": 14,
  "formatid": "gen9championsvgc2026regma",
  "rating": 1127,
  "private": 0,
  "password": null
}