{
  "id": "gen9championsvgc2026regma-2585749881",
  "format": "[Gen 9 Champions] VGC 2026 Reg M-A",
  "players": [
    "Mudsdalian",
    "Yuichi"
  ],
  "log": "|j|\u2606Mudsdalian\n|j|\u2606Yuichi\n|t:|1776367975\n|gametype|doubles\n|player|p1|Mudsdalian|gardenia-masters|\n|player|p2|Yuichi|266|\n|gen|9\n|tier|[Gen 9 Champions] VGC 2026 Reg M-A\n|rated|Tournament battle\n|rule|Species Clause: Limit one of each Pok\u00e9mon\n|rule|Item Clause: Limit 1 of each item\n|raw|<div class=\"infobox\"><details class=\"readmore\" open><summary><strong>1 custom rule:</strong></summary> !open team sheets</details></div>\n|clearpoke\n|poke|p1|Charizard, L50, M|\n|poke|p1|Garchomp, L50, F|\n|poke|p1|Kingambit, L50, M|\n|poke|p1|Sneasler, L50, M|\n|poke|p1|Whimsicott, L50, F|\n|poke|p1|Rotom-Wash, L50|\n|poke|p2|Chesnaught, L50, F|\n|poke|p2|Sneasler, L50, M|\n|poke|p2|Farigiraf, L50, M|\n|poke|p2|Drampa, L50, M|\n|poke|p2|Incineroar, L50, M|\n|poke|p2|Aegislash, L50, F|\n|teampreview|4\n|inactive|Battle timer is ON: inactive players will automatically lose when time's up. (requested by Mudsdalian)\n|j| porygon-epilepz\n|j| OnToTheOther\n|inactive|Yuichi has 60 seconds left.\n|\n|t:|1776368026\n|teamsize|p1|4\n|teamsize|p2|4\n|start\n|switch|p1a: Charizard|Charizard, L50, M, shiny|100/100\n|switch|p1b: Sneasler|Sneasler, L50, M|100/100\n|switch|p2a: Farigiraf|Farigiraf, L50, M|100/100\n|switch|p2b: Sneasler|Sneasler, L50, M|100/100\n|turn|1\n|\n|t:|1776368050\n|switch|p1a: Garchomp|Garchomp, L50, F, shiny|100/100\n|move|p2b: Sneasler|Fake Out|p1a: Garchomp\n|-damage|p1a: Garchomp|85/100\n|-damage|p2b: Sneasler|88/100|[from] ability: Rough Skin|[of] p1a: Garchomp\n|move|p1b: Sneasler|Dire Claw|p2a: Farigiraf\n|-damage|p2a: Farigiraf|63/100\n|-status|p2a: Farigiraf|par\n|move|p2a: Farigiraf|Trick Room|p2a: Farigiraf\n|-fieldstart|move: Trick Room|[of] p2a: Farigiraf\n|\n|upkeep\n|turn|2\n|\n|t:|1776368062\n|switch|p1b: Charizard|Charizard, L50, M, shiny|100/100\n|move|p2a: Farigiraf|Twin Beam|p1b: Charizard\n|-damage|p1b: Charizard|81/100\n|-crit|p1b: Charizard\n|-damage|p1b: Charizard|53/100\n|-hitcount|p1b: Charizard|2\n|move|p2b: Sneasler|Close Combat|p1a: Garchomp\n|-damage|p1a: Garchomp|24/100\n|-unboost|p2b: Sneasler|def|1\n|-unboost|p2b: Sneasler|spd|1\n|-damage|p2b: Sneasler|76/100|[from] ability: Rough Skin|[of] p1a: Garchomp\n|-enditem|p2b: Sneasler|White Herb\n|-clearnegativeboost|p2b: Sneasler|[silent]\n|move|p1a: Garchomp|Earthquake|p2a: Farigiraf|[spread] p2a,p2b\n|-immune|p1b: Charizard\n|-supereffective|p2b: Sneasler|1\n|-damage|p2a: Farigiraf|25/100 par\n|-damage|p2b: Sneasler|0 fnt\n|faint|p2b: Sneasler\n|\n|upkeep\n|j| Carrielis\n|\n|t:|1776368078\n|switch|p2b: Drampa|Drampa, L50, M|100/100\n|-ability|p2b: Drampa|Cloud Nine\n|turn|3\n|\n|t:|1776368089\n|detailschange|p2b: Drampa|Drampa-Mega, L50, M\n|-mega|p2b: Drampa|Drampa|Drampanite\n|move|p1b: Charizard|Protect|p1b: Charizard\n|-singleturn|p1b: Charizard|Protect\n|move|p2a: Farigiraf|Hyper Voice|p1b: Charizard|[spread] p1a\n|-activate|p1b: Charizard|move: Protect\n|-damage|p1a: Garchomp|0 fnt\n|faint|p1a: Garchomp\n|move|p2b: Drampa|Hyper Voice|p1b: Charizard\n|-activate|p1b: Charizard|move: Protect\n|\n|upkeep\n|j| 1#MiraidonHater\n|inactive|Mudsdalian has 30 seconds left.\n|inactive|Mudsdalian has 20 seconds left.\n|inactive|Mudsdalian has 15 seconds left.\n|inactive|Mudsdalian has 10 seconds left.\n|inactive|Mudsdalian has 5 seconds left.\n|\n|t:|1776368141\n|switch|p1a: Whimsicott|Whimsicott, L50, F|100/100\n|turn|4\n|\n|t:|1776368155\n|switch|p1b: Sneasler|Sneasler, L50, M|100/100\n|move|p1a: Whimsicott|Protect|p1a: Whimsicott\n|-singleturn|p1a: Whimsicott|Protect\n|move|p2a: Farigiraf|Hyper Voice|p1a: Whimsicott|[spread] p1b\n|-activate|p1a: Whimsicott|move: Protect\n|-damage|p1b: Sneasler|62/100\n|move|p2b: Drampa|Hyper Voice|p1a: Whimsicott|[spread] p1b\n|-activate|p1a: Whimsicott|move: Protect\n|-damage|p1b: Sneasler|11/100\n|\n|upkeep\n|turn|5\n|\n|t:|1776368171\n|switch|p1a: Charizard|Charizard, L50, M, shiny|53/100\n|move|p1b: Sneasler|Protect|p1b: Sneasler\n|-singleturn|p1b: Sneasler|Protect\n|move|p2a: Farigiraf|Hyper Voice|p1a: Charizard|[spread] p1a\n|-activate|p1b: Sneasler|move: Protect\n|-damage|p1a: Charizard|17/100\n|move|p2b: Drampa|Hyper Voice|p1a: Charizard|[spread] p1a\n|-activate|p1b: Sneasler|move: Protect\n|-damage|p1a: Charizard|0 fnt\n|faint|p1a: Charizard\n|\n|-fieldend|move: Trick Room\n|upkeep\n|\n|t:|1776368174\n|switch|p1a: Whimsicott|Whimsicott, L50, F|100/100\n|turn|6\n|inactive|Yuichi has 30 seconds left.\n|\n|t:|1776368209\n|switch|p2b: Incineroar|Incineroar, L50, M|100/100\n|-ability|p2b: Incineroar|Intimidate|boost\n|-unboost|p1a: Whimsicott|atk|1\n|-unboost|p1b: Sneasler|atk|1\n|-enditem|p1b: Sneasler|White Herb\n|-clearnegativeboost|p1b: Sneasler|[silent]\n|move|p1b: Sneasler|Close Combat|p2b: Incineroar\n|-supereffective|p2b: Incineroar|1\n|-damage|p2b: Incineroar|0 fnt\n|-unboost|p1b: Sneasler|def|1\n|-unboost|p1b: Sneasler|spd|1\n|faint|p2b: Incineroar\n|move|p1a: Whimsicott|Moonblast|p2a: Farigiraf\n|-damage|p2a: Farigiraf|0 fnt\n|faint|p2a: Farigiraf\n|\n|upkeep\n|\n|t:|1776368212\n|switch|p2b: Drampa|Drampa-Mega, L50, M|100/100\n|turn|7\n|\n|t:|1776368215\n|move|p1a: Whimsicott|Protect|p1a: Whimsicott\n|-singleturn|p1a: Whimsicott|Protect\n|move|p1b: Sneasler|Protect|p1b: Sneasler\n|-singleturn|p1b: Sneasler|Protect\n|move|p2b: Drampa|Hyper Voice|p1b: Sneasler|[spread] \n|-activate|p1a: Whimsicott|move: Protect\n|-activate|p1b: Sneasler|move: Protect\n|\n|upkeep\n|turn|8\n|\n|t:|1776368229\n|move|p1b: Sneasler|Close Combat|p2b: Drampa\n|-supereffective|p2b: Drampa|1\n|-damage|p2b: Drampa|0 fnt\n|-unboost|p1b: Sneasler|def|1\n|-unboost|p1b: Sneasler|spd|1\n|faint|p2b: Drampa\n|\n|win|Mudsdalian\n|n|\u2606Mudsdalian|mudsdalian\n|n|\u2606Yuichi|yuichi\n|n| porygon-epilepz|porygonepilepz\n|n| OnToTheOther|ontotheother\n|n| Carrielis|carrielis\n|n| 1#MiraidonHater|1miraidonhater\n|l|\u2606Mudsdalian\n|player|p1|\n|l| porygon-epilepz\n|l| Carrielis\n|l|\u2606Yuichi\n|player|p2|\n|j| porygon-epilepz\n",
  "uploadtime": 1776367981,
  "views": 19,
  "formatid": "gen9championsvgc2026regma",
  "rating": null,
  "private": 0,
  "password": null
}