{
  "id": "gen9championsvgc2026regma-2584476894",
  "format": "[Gen 9 Champions] VGC 2026 Reg M-A",
  "players": [
    "Badaz",
    "TroyaZ"
  ],
  "log": "|j|\u2606Badaz\n|j|\u2606TroyaZ\n|t:|1776263455\n|gametype|doubles\n|player|p1|Badaz|169|1234\n|player|p2|TroyaZ|2|1228\n|gen|9\n|tier|[Gen 9 Champions] VGC 2026 Reg M-A\n|rated|\n|rule|Species Clause: Limit one of each Pok\u00e9mon\n|rule|Item Clause: Limit 1 of each item\n|clearpoke\n|poke|p1|Gengar, L50, M|\n|poke|p1|Whimsicott, L50, M|\n|poke|p1|Rotom-Wash, L50|\n|poke|p1|Garchomp, L50, M|\n|poke|p1|Incineroar, L50, M|\n|poke|p1|Corviknight, L50, M|\n|poke|p2|Tyranitar, L50, F|\n|poke|p2|Excadrill, L50, F|\n|poke|p2|Garchomp, L50, F|\n|poke|p2|Sinistcha, L50|\n|poke|p2|Sneasler, L50, M|\n|poke|p2|Incineroar, L50, F|\n|teampreview|4\n|inactive|Battle timer is ON: inactive players will automatically lose when time's up. (requested by Badaz)\n|inactive|Badaz has 60 seconds left.\n|inactive|TroyaZ has 60 seconds left.\n|\n|t:|1776263500\n|teamsize|p1|4\n|teamsize|p2|4\n|start\n|switch|p1a: Whimsicott|Whimsicott, L50, M|100/100\n|switch|p1b: Rotom|Rotom-Wash, L50|100/100\n|switch|p2a: Incineroar|Incineroar, L50, F, shiny|100/100\n|switch|p2b: Garchomp|Garchomp, L50, F|100/100\n|-ability|p2a: Incineroar|Intimidate|boost\n|-unboost|p1a: Whimsicott|atk|1\n|-unboost|p1b: Rotom|atk|1\n|turn|1\n|\n|t:|1776263514\n|move|p1a: Whimsicott|Protect|p1a: Whimsicott\n|-singleturn|p1a: Whimsicott|Protect\n|move|p1b: Rotom|Protect|p1b: Rotom\n|-singleturn|p1b: Rotom|Protect\n|move|p2b: Garchomp|Rock Slide|p1a: Whimsicott|[spread] \n|-activate|p1a: Whimsicott|move: Protect\n|-activate|p1b: Rotom|move: Protect\n|move|p2a: Incineroar|Taunt|p1a: Whimsicott\n|-activate|p1a: Whimsicott|move: Protect\n|\n|upkeep\n|turn|2\n|\n|t:|1776263528\n|switch|p1b: Incineroar|Incineroar, L50, M|100/100\n|-ability|p1b: Incineroar|Intimidate|boost\n|-unboost|p2a: Incineroar|atk|1\n|-unboost|p2b: Garchomp|atk|1\n|move|p1a: Whimsicott|Tailwind|p1a: Whimsicott\n|-sidestart|p1: Badaz|move: Tailwind\n|move|p2b: Garchomp|Rock Slide|p1b: Incineroar|[spread] p1a,p1b\n|-supereffective|p1b: Incineroar|1\n|-damage|p1a: Whimsicott|81/100\n|-damage|p1b: Incineroar|82/100\n|move|p2a: Incineroar|Taunt|p1a: Whimsicott\n|-start|p1a: Whimsicott|move: Taunt\n|\n|upkeep\n|turn|3\n|inactive|TroyaZ has 30 seconds left.\n|inactive|TroyaZ has 20 seconds left.\n|inactive|TroyaZ has 15 seconds left.\n|inactive|TroyaZ has 10 seconds left.\n|\n|t:|1776263577\n|move|p1a: Whimsicott|Moonblast|p2b: Garchomp\n|-supereffective|p2b: Garchomp|1\n|-damage|p2b: Garchomp|21/100\n|move|p2b: Garchomp|Rock Slide|p1b: Incineroar|[spread] p1a,p1b\n|-supereffective|p1b: Incineroar|1\n|-crit|p1b: Incineroar\n|-damage|p1a: Whimsicott|60/100\n|-damage|p1b: Incineroar|36/100\n|move|p1b: Incineroar|Flare Blitz|p2b: Garchomp\n|-resisted|p2b: Garchomp|1\n|-damage|p2b: Garchomp|0 fnt\n|-damage|p1b: Incineroar|24/100|[from] ability: Rough Skin|[of] p2b: Garchomp\n|faint|p2b: Garchomp\n|-damage|p1b: Incineroar|18/100|[from] Recoil\n|move|p2a: Incineroar|Parting Shot|p1b: Incineroar\n|-unboost|p1b: Incineroar|atk|1\n|-unboost|p1b: Incineroar|spa|1\n|\n|t:|1776263589\n|switch|p2a: Sneasler|Sneasler, L50, M|100/100|[from] Parting Shot\n|\n|upkeep\n|\n|t:|1776263593\n|switch|p2b: Incineroar|Incineroar, L50, F, shiny|100/100\n|-ability|p2b: Incineroar|Intimidate|boost\n|-unboost|p1a: Whimsicott|atk|1\n|-unboost|p1b: Incineroar|atk|1\n|turn|4\n|inactive|Badaz has 30 seconds left.\n|\n|t:|1776263621\n|switch|p1a: Rotom|Rotom-Wash, L50|100/100\n|move|p2a: Sneasler|Fake Out|p1b: Incineroar\n|-damage|p1b: Incineroar|6/100\n|cant|p1b: Incineroar|flinch\n|move|p2b: Incineroar|Parting Shot|p1a: Rotom\n|-unboost|p1a: Rotom|atk|1\n|-unboost|p1a: Rotom|spa|1\n|\n|t:|1776263629\n|switch|p2b: Sinistcha|Sinistcha, L50|100/100|[from] Parting Shot\n|\n|upkeep\n|turn|5\n|\n|t:|1776263654\n|switch|p2a: Incineroar|Incineroar, L50, F, shiny|100/100\n|-ability|p2a: Incineroar|Intimidate|boost\n|-unboost|p1a: Rotom|atk|1\n|-unboost|p1b: Incineroar|atk|1\n|move|p1a: Rotom|Hydro Pump|p2a: Incineroar\n|-supereffective|p2a: Incineroar|1\n|-damage|p2a: Incineroar|44/100\n|move|p1b: Incineroar|Flare Blitz|p2a: Incineroar\n|-resisted|p2a: Incineroar|1\n|-damage|p2a: Incineroar|35/100\n|-damage|p1b: Incineroar|3/100|[from] Recoil\n|move|p2b: Sinistcha|Matcha Gotcha|p1b: Incineroar|[spread] p1a,p1b\n|-supereffective|p1a: Rotom|1\n|-resisted|p1b: Incineroar|1\n|-damage|p1a: Rotom|29/100\n|-damage|p1b: Incineroar|0 fnt\n|-enditem|p1a: Rotom|Sitrus Berry|[eat]\n|-heal|p1a: Rotom|53/100|[from] item: Sitrus Berry\n|faint|p1b: Incineroar\n|\n|-sideend|p1: Badaz|move: Tailwind\n|upkeep\n|inactive|Badaz has 30 seconds left.\n|\n|t:|1776263686\n|switch|p1b: Whimsicott|Whimsicott, L50, M|60/100\n|turn|6\n|\n|t:|1776263709\n|switch|p2a: Sneasler|Sneasler, L50, M|100/100\n|move|p1b: Whimsicott|Protect|p1b: Whimsicott\n|-singleturn|p1b: Whimsicott|Protect\n|move|p1a: Rotom|Hydro Pump|p2a: Sneasler|[miss]\n|-miss|p1a: Rotom|p2a: Sneasler\n|move|p2b: Sinistcha|Matcha Gotcha|p1a: Rotom|[spread] p1a\n|-activate|p1b: Whimsicott|move: Protect\n|-supereffective|p1a: Rotom|1\n|-damage|p1a: Rotom|0 fnt\n|faint|p1a: Rotom\n|\n|upkeep\n|\n|t:|1776263724\n|switch|p1a: Garchomp|Garchomp, L50, M|100/100\n|turn|7\n|\n|t:|1776263744\n|move|p1a: Garchomp|Protect|p1a: Garchomp\n|-singleturn|p1a: Garchomp|Protect\n|move|p2a: Sneasler|Fake Out|p1a: Garchomp\n|-activate|p1a: Garchomp|move: Protect\n|move|p1b: Whimsicott|Moonblast|p2a: Sneasler\n|-damage|p2a: Sneasler|53/100\n|move|p2b: Sinistcha|Shadow Ball|p1a: Garchomp\n|-activate|p1a: Garchomp|move: Protect\n|\n|upkeep\n|turn|8\n|inactive|Badaz has 30 seconds left.\n|inactive|TroyaZ has 30 seconds left.\n|inactive|TroyaZ has 20 seconds left.\n|\n|t:|1776263790\n|move|p1b: Whimsicott|Tailwind|p1b: Whimsicott\n|-sidestart|p1: Badaz|move: Tailwind\n|move|p1a: Garchomp|Stomping Tantrum|p2a: Sneasler\n|-supereffective|p2a: Sneasler|1\n|-damage|p2a: Sneasler|0 fnt\n|faint|p2a: Sneasler\n|move|p2b: Sinistcha|Strength Sap|p1a: Garchomp\n|-unboost|p1a: Garchomp|atk|1\n|\n|upkeep\n|\n|t:|1776263795\n|switch|p2a: Incineroar|Incineroar, L50, F, shiny|35/100\n|-ability|p2a: Incineroar|Intimidate|boost\n|-unboost|p1a: Garchomp|atk|1\n|-unboost|p1b: Whimsicott|atk|1\n|turn|9\n|\n|t:|1776263808\n|move|p1b: Whimsicott|Protect|p1b: Whimsicott\n|-singleturn|p1b: Whimsicott|Protect\n|move|p1a: Garchomp|Protect|p1a: Garchomp\n|-singleturn|p1a: Garchomp|Protect\n|move|p2a: Incineroar|Fake Out|p1b: Whimsicott\n|-activate|p1b: Whimsicott|move: Protect\n|move|p2b: Sinistcha|Life Dew||[still]|[spread] p2a,p2b\n|-heal|p2a: Incineroar|60/100\n|-fail|p2b: Sinistcha|heal\n|\n|upkeep\n|turn|10\n|\n|t:|1776263830\n|move|p1b: Whimsicott|Moonblast|p2a: Incineroar\n|-damage|p2a: Incineroar|32/100\n|move|p1a: Garchomp|Stomping Tantrum|p2a: Incineroar\n|-supereffective|p2a: Incineroar|1\n|-enditem|p2a: Incineroar|Shuca Berry|[eat]\n|-enditem|p2a: Incineroar|Shuca Berry|[weaken]\n|-damage|p2a: Incineroar|14/100\n|move|p2b: Sinistcha|Shadow Ball|p1a: Garchomp\n|-damage|p1a: Garchomp|55/100\n|move|p2a: Incineroar|Darkest Lariat|p1a: Garchomp\n|-damage|p1a: Garchomp|15/100\n|-damage|p2a: Incineroar|2/100|[from] ability: Rough Skin|[of] p1a: Garchomp\n|\n|upkeep\n|turn|11\n|inactive|TroyaZ has 30 seconds left.\n|\n|t:|1776263858\n|move|p1b: Whimsicott|Moonblast|p2b: Sinistcha\n|-damage|p2b: Sinistcha|60/100\n|move|p1a: Garchomp|Rock Slide|p2b: Sinistcha|[spread] p2a,p2b\n|-supereffective|p2a: Incineroar|1\n|-damage|p2a: Incineroar|0 fnt\n|-damage|p2b: Sinistcha|52/100\n|faint|p2a: Incineroar\n|move|p2b: Sinistcha|Shadow Ball|p1b: Whimsicott\n|-damage|p1b: Whimsicott|2/100\n|-unboost|p1b: Whimsicott|spd|1\n|\n|-sideend|p1: Badaz|move: Tailwind\n|upkeep\n|turn|12\n|inactive|Badaz has 30 seconds left.\n|\n|t:|1776263887\n|move|p1b: Whimsicott|Moonblast|p2b: Sinistcha\n|-damage|p2b: Sinistcha|13/100\n|-enditem|p2b: Sinistcha|Sitrus Berry|[eat]\n|-heal|p2b: Sinistcha|38/100|[from] item: Sitrus Berry\n|move|p1a: Garchomp|Dragon Claw|p2b: Sinistcha\n|-damage|p2b: Sinistcha|21/100\n|move|p2b: Sinistcha|Matcha Gotcha|p1a: Garchomp|[spread] p1a,p1b\n|-resisted|p1b: Whimsicott|1\n|-crit|p1b: Whimsicott\n|-damage|p1a: Garchomp|0 fnt\n|-heal|p2b: Sinistcha|29/100|[from] drain|[of] p1a: Garchomp\n|-damage|p1b: Whimsicott|0 fnt\n|-heal|p2b: Sinistcha|29/100|[from] drain|[of] p1b: Whimsicott\n|faint|p1a: Garchomp\n|faint|p1b: Whimsicott\n|\n|win|TroyaZ\n|raw|Badaz's rating: 1234 &rarr; <strong>1209</strong><br />(-25 for losing)\n|raw|TroyaZ's rating: 1228 &rarr; <strong>1253</strong><br />(+25 for winning)\n|l|\u2606Badaz\n|player|p1|\n",
  "uploadtime": 1776263910,
  "views": 48,
  "formatid": "gen9championsvgc2026regma",
  "rating": 1209,
  "private": 0,
  "password": null
}