{
  "id": "gen9championsvgc2026regma-2582752823",
  "format": "[Gen 9 Champions] VGC 2026 Reg M-A",
  "players": [
    "4_cdan",
    "Krishy2007"
  ],
  "log": "|j|\u26064_cdan\n|j|\u2606Krishy2007\n|t:|1776111681\n|gametype|doubles\n|player|p1|4_cdan|265|1029\n|player|p2|Krishy2007|266|1042\n|gen|9\n|tier|[Gen 9 Champions] VGC 2026 Reg M-A\n|rated|\n|rule|Species Clause: Limit one of each Pok\u00e9mon\n|rule|Item Clause: Limit 1 of each item\n|clearpoke\n|poke|p1|Incineroar, L50, F|\n|poke|p1|Basculegion, L50, M|\n|poke|p1|Raichu, L50, F|\n|poke|p1|Corviknight, L50, F|\n|poke|p1|Kingambit, L50, F|\n|poke|p1|Feraligatr, L50, M|\n|poke|p2|Froslass, L50, F|\n|poke|p2|Sneasler, L50, F|\n|poke|p2|Primarina, L50, M|\n|poke|p2|Garchomp, L50, M|\n|poke|p2|Rotom-Wash, L50|\n|poke|p2|Incineroar, L50, F|\n|teampreview|4\nKrishy2007 has agreed to open team sheets.\n|inactive|Battle timer is ON: inactive players will automatically lose when time's up. (requested by 4_cdan)\n4_cdan has agreed to open team sheets.\n|showteam|p1|Incineroar||SitrusBerry|Intimidate|FlareBlitz,PartingShot,FakeOut,Protect|||F|||50|]Basculegion||ChoiceScarf|Adaptability|WaveCrash,LastRespects,AquaJet,FlipTurn|||M|||50|]Raichu||FocusSash|LightningRod|VoltSwitch,Protect,FakeOut,Nuzzle|||F|||50|]Corviknight||Leftovers|Pressure|IronHead,BraveBird,Tailwind,Roost|||F|||50|]Kingambit||MentalHerb|Defiant|IronHead,SuckerPunch,LowKick,Protect|||F|||50|]Feraligatr||Feraligite|SheerForce|AquaJet,DoubleEdge,FlipTurn,Protect|||M|||50|\n|showteam|p2|Froslass||Froslassite|SnowCloak|AuroraVeil,Blizzard,WillOWisp,DestinyBond|||F|||50|]Sneasler||FocusSash|Unburden|DireClaw,CloseCombat,FakeOut,Coaching|||F|||50|]Primarina||MysticWater|LiquidVoice|HyperVoice,Moonblast,Haze,Protect|||M|||50|]Garchomp||SoftSand|RoughSkin|StompingTantrum,Earthquake,DragonClaw,Protect|||M|||50|]Rotom-Wash||Leftovers|Levitate|HydroPump,Thunderbolt,Protect,HelpingHand||||||50|]Incineroar||SitrusBerry|Intimidate|FakeOut,DarkestLariat,FlareBlitz,PartingShot|||F|||50|\n|inactive|Krishy2007 has 60 seconds left.\n|\n|t:|1776111744\n|teamsize|p1|4\n|teamsize|p2|4\n|start\n|switch|p1a: Basculegion|Basculegion, L50, M|100/100\n|switch|p1b: Raichu|Raichu, L50, F|100/100\n|switch|p2a: Froslass|Froslass, L50, F|100/100\n|switch|p2b: Rotom|Rotom-Wash, L50|100/100\n|turn|1\n|inactive|Krishy2007 has 30 seconds left.\n|inactive|Krishy2007 has 20 seconds left.\n|inactive|Krishy2007 has 15 seconds left.\n|inactive|Krishy2007 has 10 seconds left.\n|\n|t:|1776111792\n|detailschange|p2a: Froslass|Froslass-Mega, L50, F\n|-mega|p2a: Froslass|Froslass|Froslassite\n|-weather|Snowscape|[from] ability: Snow Warning|[of] p2a: Froslass\n|move|p2b: Rotom|Protect|p2b: Rotom\n|-singleturn|p2b: Rotom|Protect\n|move|p1a: Basculegion|Last Respects|p2b: Rotom\n|-activate|p2b: Rotom|move: Protect\n|move|p2a: Froslass|Aurora Veil|p2a: Froslass\n|-sidestart|p2: Krishy2007|move: Aurora Veil\n|move|p1b: Raichu|Nuzzle|p2a: Froslass\n|-damage|p2a: Froslass|96/100\n|-status|p2a: Froslass|par\n|\n|-weather|Snowscape|[upkeep]\n|upkeep\n|turn|2\n|\n|t:|1776111811\n|move|p1a: Basculegion|Last Respects|p2b: Rotom\n|-damage|p2b: Rotom|76/100\n|move|p1b: Raichu|Volt Switch|p2a: Froslass\n|-damage|p2a: Froslass|79/100 par\n|\n|t:|1776111817\n|switch|p1b: Incineroar|Incineroar, L50, F|100/100|[from] Volt Switch\n|-ability|p1b: Incineroar|Intimidate|boost\n|-unboost|p2a: Froslass|atk|1\n|-unboost|p2b: Rotom|atk|1\n|move|p2b: Rotom|Hydro Pump|p1b: Incineroar\n|-supereffective|p1b: Incineroar|1\n|-damage|p1b: Incineroar|38/100\n|-enditem|p1b: Incineroar|Sitrus Berry|[eat]\n|-heal|p1b: Incineroar|63/100|[from] item: Sitrus Berry\n|move|p2a: Froslass|Blizzard|p1a: Basculegion|[spread] p1a,p1b\n|-resisted|p1a: Basculegion|1\n|-resisted|p1b: Incineroar|1\n|-damage|p1a: Basculegion|73/100\n|-damage|p1b: Incineroar|45/100\n|\n|-weather|Snowscape|[upkeep]\n|-heal|p2b: Rotom|81/100|[from] item: Leftovers\n|upkeep\n|turn|3\n|\n|t:|1776111838\n|switch|p1a: Raichu|Raichu, L50, F|100/100\n|switch|p2a: Incineroar|Incineroar, L50, F|100/100\n|-ability|p2a: Incineroar|Intimidate|boost\n|-unboost|p1a: Raichu|atk|1\n|-unboost|p1b: Incineroar|atk|1\n|move|p1b: Incineroar|Fake Out|p2b: Rotom\n|-damage|p2b: Rotom|76/100\n|cant|p2b: Rotom|flinch\n|\n|-weather|Snowscape|[upkeep]\n|-heal|p2b: Rotom|82/100|[from] item: Leftovers\n|upkeep\n|turn|4\n|\n|t:|1776111853\n|move|p1b: Incineroar|Protect|p1b: Incineroar\n|-singleturn|p1b: Incineroar|Protect\n|move|p1a: Raichu|Fake Out|p2a: Incineroar\n|-damage|p2a: Incineroar|97/100\n|cant|p2a: Incineroar|flinch\n|move|p2b: Rotom|Hydro Pump|p1b: Incineroar\n|-activate|p1b: Incineroar|move: Protect\n|\n|-weather|Snowscape|[upkeep]\n|-heal|p2b: Rotom|88/100|[from] item: Leftovers\n|upkeep\n|turn|5\n|\n|t:|1776111869\n|move|p1a: Raichu|Nuzzle|p2a: Incineroar\n|-damage|p2a: Incineroar|94/100\n|-status|p2a: Incineroar|par\n|move|p2b: Rotom|Hydro Pump|p1b: Incineroar\n|-supereffective|p1b: Incineroar|1\n|-damage|p1b: Incineroar|0 fnt\n|faint|p1b: Incineroar\n|move|p2a: Incineroar|Flare Blitz|p1a: Raichu\n|-damage|p1a: Raichu|30/100\n|-damage|p2a: Incineroar|75/100 par|[from] Recoil\n|\n|-weather|none\n|-heal|p2b: Rotom|93/100|[from] item: Leftovers\n|-sideend|p2: Krishy2007|move: Aurora Veil\n|upkeep\n|\n|t:|1776111885\n|switch|p1b: Basculegion|Basculegion, L50, M|73/100\n|turn|6\n|\n|t:|1776111897\n|move|p1b: Basculegion|Wave Crash|p2b: Rotom\n|-resisted|p2b: Rotom|1\n|-damage|p2b: Rotom|51/100\n|-damage|p1b: Basculegion|62/100|[from] Recoil\n|move|p1a: Raichu|Volt Switch|p2a: Incineroar\n|-damage|p2a: Incineroar|60/100 par\n|\n|t:|1776111904\n|switch|p1a: Feraligatr|Feraligatr, L50, M|100/100|[from] Volt Switch\n|move|p2b: Rotom|Hydro Pump|p1a: Feraligatr\n|-resisted|p1a: Feraligatr|1\n|-damage|p1a: Feraligatr|76/100\n|move|p2a: Incineroar|Parting Shot|p1b: Basculegion\n|-unboost|p1b: Basculegion|atk|1\n|-unboost|p1b: Basculegion|spa|1\n|\n|t:|1776111913\n|switch|p2a: Sneasler|Sneasler, L50, F|100/100|[from] Parting Shot\n|\n|-heal|p2b: Rotom|57/100|[from] item: Leftovers\n|upkeep\n|turn|7\n|\n|t:|1776111930\n|move|p1a: Feraligatr|Protect|p1a: Feraligatr\n|-singleturn|p1a: Feraligatr|Protect\n|move|p2a: Sneasler|Fake Out|p1a: Feraligatr\n|-activate|p1a: Feraligatr|move: Protect\n|move|p1b: Basculegion|Wave Crash|p2a: Sneasler\n|-damage|p2a: Sneasler|22/100\n|-damage|p1b: Basculegion|42/100|[from] Recoil\n|move|p2b: Rotom|Thunderbolt|p1b: Basculegion\n|-supereffective|p1b: Basculegion|1\n|-damage|p1b: Basculegion|0 fnt\n|faint|p1b: Basculegion\n|\n|-heal|p2b: Rotom|62/100|[from] item: Leftovers\n|upkeep\n|\n|t:|1776111943\n|switch|p1b: Raichu|Raichu, L50, F|30/100\n|turn|8\n|\n|t:|1776111956\n|detailschange|p1a: Feraligatr|Feraligatr-Mega, L50, M\n|-mega|p1a: Feraligatr|Feraligatr|Feraligite\n|move|p1b: Raichu|Fake Out|p2a: Sneasler\n|-damage|p2a: Sneasler|8/100\n|cant|p2a: Sneasler|flinch\n|move|p1a: Feraligatr|Double-Edge|p2b: Rotom\n|-damage|p2b: Rotom|0 fnt\n|faint|p2b: Rotom\n|-damage|p1a: Feraligatr|56/100|[from] Recoil\n|\n|upkeep\n|\n|t:|1776111967\n|switch|p2b: Froslass|Froslass-Mega, L50, F|79/100 par\n|-weather|Snowscape|[from] ability: Snow Warning|[of] p2b: Froslass\n|turn|9\n|\n|t:|1776111988\n|move|p2a: Sneasler|Dire Claw|p1a: Feraligatr\n|-damage|p1a: Feraligatr|20/100\n|-status|p1a: Feraligatr|slp\n|move|p1b: Raichu|Nuzzle|p2a: Sneasler\n|-damage|p2a: Sneasler|0 fnt\n|faint|p2a: Sneasler\n|cant|p1a: Feraligatr|slp\n|move|p2b: Froslass|Blizzard|p1a: Feraligatr|[spread] p1a,p1b\n|-damage|p1a: Feraligatr|0 fnt\n|-damage|p1b: Raichu|0 fnt\n|faint|p1a: Feraligatr\n|faint|p1b: Raichu\n|\n|win|Krishy2007\n|raw|4_cdan's rating: 1029 &rarr; <strong>1015</strong><br />(-14 for losing)\n|raw|Krishy2007's rating: 1042 &rarr; <strong>1074</strong><br />(+32 for winning)\n",
  "uploadtime": 1776111999,
  "views": 16,
  "formatid": "gen9championsvgc2026regma",
  "rating": 1015,
  "private": 0,
  "password": null
}