{
  "id": "gen9championsvgc2026regma-2588725610",
  "format": "[Gen 9 Champions] VGC 2026 Reg M-A",
  "players": [
    "blnkou",
    "heejae0206"
  ],
  "log": "|j|\u2606blnkou\n|j|\u203dheejae0206\n|t:|1776662477\n|gametype|doubles\n|player|p1|blnkou|hilbert|1061\n|player|p2|heejae0206|170|1047\n|gen|9\n|tier|[Gen 9 Champions] VGC 2026 Reg M-A\n|rated|\n|rule|Species Clause: Limit one of each Pok\u00e9mon\n|rule|Item Clause: Limit 1 of each item\n|clearpoke\n|poke|p1|Froslass, L50, F|\n|poke|p1|Garchomp, L50, F|\n|poke|p1|Orthworm, L50, M|\n|poke|p1|Incineroar, L50, F|\n|poke|p1|Rotom-Frost, L50|\n|poke|p1|Basculegion, L50, M|\n|poke|p2|Sinistcha, L50|\n|poke|p2|Incineroar, L50, M|\n|poke|p2|Charizard, L50, M|\n|poke|p2|Farigiraf, L50, F|\n|poke|p2|Crabominable, L50, F|\n|poke|p2|Garchomp, L50, M|\n|teampreview|4\n|\n|t:|1776662493\n|teamsize|p1|4\n|teamsize|p2|4\n|start\n|switch|p1a: Orthworm|Orthworm, L50, M|100/100\n|switch|p1b: Garchomp|Garchomp, L50, F|100/100\n|switch|p2a: Incineroar|Incineroar, L50, M|100/100\n|switch|p2b: Farigiraf|Farigiraf, L50, F|100/100\n|-ability|p2a: Incineroar|Intimidate|boost\n|-unboost|p1a: Orthworm|atk|1\n|-unboost|p1b: Garchomp|atk|1\n|turn|1\n|\n|t:|1776662522\n|move|p1b: Garchomp|Rock Slide|p2a: Incineroar|[spread] p2a,p2b\n|-supereffective|p2a: Incineroar|1\n|-damage|p2a: Incineroar|84/100\n|-damage|p2b: Farigiraf|92/100\n|move|p1a: Orthworm|Body Press|p2a: Incineroar\n|-supereffective|p2a: Incineroar|1\n|-damage|p2a: Incineroar|42/100\n|-enditem|p2a: Incineroar|Sitrus Berry|[eat]\n|-heal|p2a: Incineroar|67/100|[from] item: Sitrus Berry\n|move|p2a: Incineroar|Parting Shot|p1b: Garchomp\n|-unboost|p1b: Garchomp|atk|1\n|-unboost|p1b: Garchomp|spa|1\n|\n|t:|1776662534\n|switch|p2a: Crabominable|Crabominable, L50, F|100/100|[from] Parting Shot\n|move|p2b: Farigiraf|Trick Room|p2b: Farigiraf\n|-fieldstart|move: Trick Room|[of] p2b: Farigiraf\n|\n|upkeep\n|turn|2\n|\n|t:|1776662564\n|switch|p2b: Incineroar|Incineroar, L50, M|67/100\n|-ability|p2b: Incineroar|Intimidate|boost\n|-unboost|p1a: Orthworm|atk|1\n|-unboost|p1b: Garchomp|atk|1\n|detailschange|p2a: Crabominable|Crabominable-Mega, L50, F\n|-mega|p2a: Crabominable|Crabominable|Crabominite\n|move|p1b: Garchomp|Protect|p1b: Garchomp\n|-singleturn|p1b: Garchomp|Protect\n|move|p2a: Crabominable|Drain Punch|p1a: Orthworm\n|-supereffective|p1a: Orthworm|1\n|-damage|p1a: Orthworm|19/100\n|move|p1a: Orthworm|Body Press|p2a: Crabominable\n|-supereffective|p2a: Crabominable|1\n|-damage|p2a: Crabominable|56/100\n|\n|-heal|p1a: Orthworm|25/100|[from] item: Leftovers\n|upkeep\n|turn|3\n|\n|t:|1776662592\n|move|p1a: Orthworm|Protect|p1a: Orthworm\n|-singleturn|p1a: Orthworm|Protect\n|move|p2b: Incineroar|Fake Out|p1a: Orthworm\n|-activate|p1a: Orthworm|move: Protect\n|move|p2a: Crabominable|Ice Punch|p1b: Garchomp\n|-supereffective|p1b: Garchomp|2\n|-enditem|p1b: Garchomp|Focus Sash\n|-damage|p1b: Garchomp|1/100\n|-damage|p2a: Crabominable|44/100|[from] ability: Rough Skin|[of] p1b: Garchomp\n|move|p1b: Garchomp|Earthquake|p2b: Incineroar|[spread] p2a,p2b\n|-activate|p1a: Orthworm|move: Protect\n|-supereffective|p2b: Incineroar|1\n|-damage|p2a: Crabominable|31/100\n|-damage|p2b: Incineroar|46/100\n|\n|-heal|p1a: Orthworm|31/100|[from] item: Leftovers\n|upkeep\n|turn|4\n|inactive|Battle timer is ON: inactive players will automatically lose when time's up. (requested by heejae0206)\n|\n|t:|1776662653\n|switch|p2b: Sinistcha|Sinistcha, L50|100/100\n|-heal|p2a: Crabominable|56/100|[from] ability: Hospitality|[of] p2b: Sinistcha\n|move|p1b: Garchomp|Protect|p1b: Garchomp\n|-singleturn|p1b: Garchomp|Protect\n|move|p2a: Crabominable|Drain Punch|p1a: Orthworm\n|-supereffective|p1a: Orthworm|1\n|-damage|p1a: Orthworm|0 fnt\n|-heal|p2a: Crabominable|67/100|[from] drain|[of] p1a: Orthworm\n|faint|p1a: Orthworm\n|\n|upkeep\n|\n|t:|1776662664\n|switch|p1a: Basculegion|Basculegion, L50, M|100/100\n|turn|5\n|\n|t:|1776662675\n|move|p2a: Crabominable|Drain Punch|p1b: Garchomp\n|-damage|p1b: Garchomp|0 fnt\n|-heal|p2a: Crabominable|68/100|[from] drain|[of] p1b: Garchomp\n|-damage|p2a: Crabominable|55/100|[from] ability: Rough Skin|[of] p1b: Garchomp\n|faint|p1b: Garchomp\n|move|p2b: Sinistcha|Matcha Gotcha|p1a: Basculegion\n|-supereffective|p1a: Basculegion|1\n|-damage|p1a: Basculegion|12/100\n|-status|p1a: Basculegion|brn\n|move|p1a: Basculegion|Last Respects|p2b: Sinistcha\n|-supereffective|p2b: Sinistcha|1\n|-damage|p2b: Sinistcha|30/100\n|\n|-damage|p1a: Basculegion|6/100 brn|[from] brn\n|-fieldend|move: Trick Room\n|upkeep\n|\n|t:|1776662693\n|switch|p1b: Froslass|Froslass, L50, F|100/100\n|turn|6\n|\n|t:|1776662711\n|detailschange|p1b: Froslass|Froslass-Mega, L50, F\n|-mega|p1b: Froslass|Froslass|Froslassite\n|-weather|Snowscape|[from] ability: Snow Warning|[of] p1b: Froslass\n|move|p2a: Crabominable|Protect|p2a: Crabominable\n|-singleturn|p2a: Crabominable|Protect\n|move|p1a: Basculegion|Last Respects|p2b: Sinistcha\n|-supereffective|p2b: Sinistcha|1\n|-damage|p2b: Sinistcha|0 fnt\n|faint|p2b: Sinistcha\n|move|p1b: Froslass|Shadow Ball|p2a: Crabominable\n|-activate|p2a: Crabominable|move: Protect\n|\n|-weather|Snowscape|[upkeep]\n|-damage|p1a: Basculegion|0 fnt|[from] brn\n|faint|p1a: Basculegion\n|upkeep\n|\n|t:|1776662736\n|switch|p2b: Incineroar|Incineroar, L50, M|46/100\n|-ability|p2b: Incineroar|Intimidate|boost\n|-unboost|p1b: Froslass|atk|1\n|turn|7\n|\n|t:|1776662757\n|switch|p2a: Farigiraf|Farigiraf, L50, F|92/100\n|move|p1b: Froslass|Protect|p1b: Froslass\n|-singleturn|p1b: Froslass|Protect\n|move|p2b: Incineroar|Flare Blitz|p1b: Froslass\n|-activate|p1b: Froslass|move: Protect\n|\n|-weather|Snowscape|[upkeep]\n|upkeep\n|turn|8\n|\n|t:|1776662769\n|move|p1b: Froslass|Blizzard|p2b: Incineroar|[spread] p2a,p2b\n|-resisted|p2b: Incineroar|1\n|-damage|p2a: Farigiraf|44/100\n|-damage|p2b: Incineroar|25/100\n|move|p2b: Incineroar|Flare Blitz|p1b: Froslass\n|-supereffective|p1b: Froslass|1\n|-damage|p1b: Froslass|0 fnt\n|faint|p1b: Froslass\n|-damage|p2b: Incineroar|1/100|[from] Recoil\n|\n|win|heejae0206\n|raw|blnkou's rating: 1061 &rarr; <strong>1041</strong><br />(-20 for losing)\n|raw|heejae0206's rating: 1047 &rarr; <strong>1081</strong><br />(+34 for winning)\n|l|\u2606blnkou\n|player|p1|\n",
  "uploadtime": 1776662783,
  "views": 16,
  "formatid": "gen9championsvgc2026regma",
  "rating": 1041,
  "private": 0,
  "password": null
}