{
  "id": "gen9championsvgc2026regma-2585664918",
  "format": "[Gen 9 Champions] VGC 2026 Reg M-A",
  "players": [
    "bolachoris3",
    "PkmnTrainerBag"
  ],
  "log": "|j|\u2606bolachoris3\n|j|\u2606PkmnTrainerBag\n|t:|1776362204\n|gametype|doubles\n|player|p1|bolachoris3|n|1112\n|player|p2|PkmnTrainerBag|1|1050\n|gen|9\n|tier|[Gen 9 Champions] VGC 2026 Reg M-A\n|rated|\n|rule|Species Clause: Limit one of each Pok\u00e9mon\n|rule|Item Clause: Limit 1 of each item\n|clearpoke\n|poke|p1|Aerodactyl, L50, M|\n|poke|p1|Floette-Eternal, L50, F|\n|poke|p1|Scizor, L50, M|\n|poke|p1|Sneasler, L50, M|\n|poke|p1|Armarouge, L50, F|\n|poke|p1|Alakazam, L50, F|\n|poke|p2|Starmie, L50|\n|poke|p2|Tinkaton, L50, F|\n|poke|p2|Sneasler, L50, F|\n|poke|p2|Aerodactyl, L50, M|\n|poke|p2|Tsareena, L50, F|\n|poke|p2|Pelipper, L50, F|\n|teampreview|4\n|\n|t:|1776362273\n|teamsize|p1|4\n|teamsize|p2|4\n|start\n|switch|p1a: Armarouge|Armarouge, L50, F|100/100\n|switch|p1b: Alakazam|Alakazam, L50, F|100/100\n|switch|p2a: Tsareena|Tsareena, L50, F|100/100\n|switch|p2b: Aerodactyl|Aerodactyl, L50, M|100/100\n|-ability|p2b: Aerodactyl|Unnerve\n|turn|1\n|\n|t:|1776362292\n|move|p2b: Aerodactyl|Rock Slide|p1a: Armarouge|[spread] p1a,p1b\n|-supereffective|p1a: Armarouge|1\n|-damage|p1a: Armarouge|55/100\n|-damage|p1b: Alakazam|40/100\n|-ability|p1a: Armarouge|Weak Armor|boost\n|-unboost|p1a: Armarouge|def|1\n|-boost|p1a: Armarouge|spe|2\n|move|p1a: Armarouge|Calm Mind|p1a: Armarouge\n|-boost|p1a: Armarouge|spa|1\n|-boost|p1a: Armarouge|spd|1\n|move|p1b: Alakazam|Psychic Terrain|p1b: Alakazam\n|-fieldstart|move: Psychic Terrain\n|move|p2a: Tsareena|Knock Off|p1b: Alakazam\n|-supereffective|p1b: Alakazam|1\n|-damage|p1b: Alakazam|0 fnt\n|-enditem|p1b: Alakazam|Leftovers|[from] move: Knock Off|[of] p2a: Tsareena\n|faint|p1b: Alakazam\n|\n|upkeep\n|\n|t:|1776362307\n|switch|p1b: Floette|Floette-Eternal, L50, F|100/100\n|turn|2\n|\n|t:|1776362321\n|move|p2b: Aerodactyl|Tailwind|p2b: Aerodactyl\n|-sidestart|p2: PkmnTrainerBag|move: Tailwind\n|move|p1a: Armarouge|Psychic|p2b: Aerodactyl\n|-damage|p2b: Aerodactyl|0 fnt\n|faint|p2b: Aerodactyl\n|-heal|p1a: Armarouge|67/100|[from] item: Shell Bell|[of] p2: Aerodactyl\n|move|p2a: Tsareena|Knock Off|p1a: Armarouge\n|-supereffective|p1a: Armarouge|1\n|-damage|p1a: Armarouge|0 fnt\n|-enditem|p1a: Armarouge|Shell Bell|[from] move: Knock Off|[of] p2a: Tsareena\n|faint|p1a: Armarouge\n|move|p1b: Floette|Calm Mind|p1b: Floette\n|-boost|p1b: Floette|spa|1\n|-boost|p1b: Floette|spd|1\n|\n|upkeep\n|\n|t:|1776362340\n|switch|p2b: Starmie|Starmie, L50|100/100\n|switch|p1a: Aerodactyl|Aerodactyl, L50, M|100/100\n|-ability|p1a: Aerodactyl|Unnerve\n|turn|3\n|\n|t:|1776362357\n|detailschange|p2b: Starmie|Starmie-Mega, L50\n|-mega|p2b: Starmie|Starmie|Starminite\n|detailschange|p1b: Floette|Floette-Mega, L50, F\n|-mega|p1b: Floette|Floette|Floettite\n|-ability|p1b: Floette|Fairy Aura\n|move|p2b: Starmie|Skill Swap|p2a: Tsareena\n|-activate|p2b: Starmie|Skill Swap|||[of] p2a: Tsareena\n|move|p1a: Aerodactyl|Tailwind|p1a: Aerodactyl\n|-sidestart|p1: bolachoris3|move: Tailwind\n|move|p1b: Floette|Dazzling Gleam|p2b: Starmie|[spread] p2a,p2b\n|-crit|p2a: Tsareena\n|-damage|p2a: Tsareena|2/100\n|-damage|p2b: Starmie|19/100\n|move|p2a: Tsareena|Trop Kick|p1b: Floette\n|-damage|p1b: Floette|0 fnt\n|faint|p1b: Floette\n|\n|upkeep\n|turn|4\n|inactive|Battle timer is ON: inactive players will automatically lose when time's up. (requested by bolachoris3)\n|\n|t:|1776362384\n|move|p2a: Tsareena|Protect|p2a: Tsareena\n|-singleturn|p2a: Tsareena|Protect\n|move|p1a: Aerodactyl|Rock Slide|p2b: Starmie|[spread] \n|-activate|p2a: Tsareena|move: Protect\n|-miss|p1a: Aerodactyl|p2b: Starmie\n|move|p2b: Starmie|Ice Beam|p1a: Aerodactyl\n|-supereffective|p1a: Aerodactyl|1\n|-damage|p1a: Aerodactyl|24/100\n|\n|upkeep\n|turn|5\n|\n|t:|1776362397\n|move|p1a: Aerodactyl|Rock Slide|p2a: Tsareena|[spread] p2a,p2b\n|-damage|p2a: Tsareena|0 fnt\n|-damage|p2b: Starmie|0 fnt\n|faint|p2a: Tsareena\n|faint|p2b: Starmie\n|\n|-sideend|p2: PkmnTrainerBag|move: Tailwind\n|-fieldend|move: Psychic Terrain\n|upkeep\n|\n|t:|1776362406\n|switch|p2b: Tinkaton|Tinkaton, L50, F|100/100\n|-ability|p2b: Tinkaton|Mold Breaker\n|turn|6\n|\n|t:|1776362413\n|move|p1a: Aerodactyl|Rock Slide|p2b: Tinkaton\n|-resisted|p2b: Tinkaton|1\n|-damage|p2b: Tinkaton|75/100\n|move|p2b: Tinkaton|Gigaton Hammer|p1a: Aerodactyl\n|-supereffective|p1a: Aerodactyl|1\n|-damage|p1a: Aerodactyl|0 fnt\n|faint|p1a: Aerodactyl\n|\n|win|PkmnTrainerBag\n|raw|bolachoris3's rating: 1112 &rarr; <strong>1083</strong><br />(-29 for losing)\n|raw|PkmnTrainerBag's rating: 1050 &rarr; <strong>1088</strong><br />(+38 for winning)\n",
  "uploadtime": 1776362417,
  "views": 29,
  "formatid": "gen9championsvgc2026regma",
  "rating": 1083,
  "private": 0,
  "password": null
}