{
  "id": "gen9championsvgc2026regma-2583920149",
  "format": "[Gen 9 Champions] VGC 2026 Reg M-A",
  "players": [
    "ChinaG",
    "lovedbysatan"
  ],
  "log": "|j|\u2606ChinaG\n|j|\u2606lovedbysatan\n|t:|1776208386\n|gametype|doubles\n|player|p1|ChinaG|bugcatcher-gen4dp|1124\n|player|p2|lovedbysatan|265|1147\n|gen|9\n|tier|[Gen 9 Champions] VGC 2026 Reg M-A\n|rated|\n|rule|Species Clause: Limit one of each Pok\u00e9mon\n|rule|Item Clause: Limit 1 of each item\n|clearpoke\n|poke|p1|Beedrill, L50, M|\n|poke|p1|Sinistcha, L50|\n|poke|p1|Pelipper, L50, M|\n|poke|p1|Archaludon, L50, M|\n|poke|p1|Basculegion, L50, M|\n|poke|p1|Hydreigon, L50, M|\n|poke|p2|Garchomp, L50, F|\n|poke|p2|Incineroar, L50, M|\n|poke|p2|Sinistcha, L50|\n|poke|p2|Chimecho, L50, F|\n|poke|p2|Starmie, L50|\n|poke|p2|Ninetales-Alola, L50, M|\n|teampreview|4\n|inactive|Battle timer is ON: inactive players will automatically lose when time's up. (requested by lovedbysatan)\n|inactive|ChinaG also wants the timer to be on.\n|inactive|ChinaG has 60 seconds left.\n|inactive|lovedbysatan has 60 seconds left.\n|inactive|ChinaG has 30 seconds left.\n|\n|t:|1776208454\n|teamsize|p1|4\n|teamsize|p2|4\n|start\n|switch|p1a: Pelipper|Pelipper, L50, M|100/100\n|switch|p1b: Beedrill|Beedrill, L50, M|100/100\n|switch|p2a: Chimecho|Chimecho, L50, F|100/100\n|switch|p2b: Garchomp|Garchomp, L50, F|100/100\n|-weather|RainDance|[from] ability: Drizzle|[of] p1a: Pelipper\n|turn|1\n|inactive|ChinaG has 30 seconds left.\n|\n|t:|1776208481\n|detailschange|p1b: Beedrill|Beedrill-Mega, L50, M\n|-mega|p1b: Beedrill|Beedrill|Beedrillite\n|detailschange|p2a: Chimecho|Chimecho-Mega, L50, F\n|-mega|p2a: Chimecho|Chimecho|Chimechite\n|move|p1b: Beedrill|Pin Missile|p2a: Chimecho\n|-damage|p2a: Chimecho|86/100\n|-damage|p2a: Chimecho|72/100\n|-damage|p2a: Chimecho|59/100\n|-hitcount|p2a: Chimecho|3\n|move|p2b: Garchomp|Dragon Claw|p1a: Pelipper\n|-damage|p1a: Pelipper|73/100\n|move|p2a: Chimecho|Calm Mind|p2a: Chimecho\n|-boost|p2a: Chimecho|spa|1\n|-boost|p2a: Chimecho|spd|1\n|move|p1a: Pelipper|Tailwind|p1a: Pelipper\n|-sidestart|p1: ChinaG|move: Tailwind\n|\n|-weather|RainDance|[upkeep]\n|upkeep\n|turn|2\n|inactive|ChinaG has 30 seconds left.\n|inactive|lovedbysatan has 30 seconds left.\n|\n|t:|1776208512\n|switch|p2b: Sinistcha|Sinistcha, L50|100/100\n|-heal|p2a: Chimecho|83/100|[from] ability: Hospitality|[of] p2b: Sinistcha\n|move|p1b: Beedrill|Pin Missile|p2a: Chimecho\n|-damage|p2a: Chimecho|70/100\n|-damage|p2a: Chimecho|57/100\n|-damage|p2a: Chimecho|44/100\n|-hitcount|p2a: Chimecho|3\n|move|p1a: Pelipper|U-turn|p2a: Chimecho\n|-damage|p2a: Chimecho|38/100\n|\n|t:|1776208524\n|switch|p1a: Hydreigon|Hydreigon, L50, M|100/100|[from] U-turn\n|move|p2a: Chimecho|Psyshock|p1b: Beedrill\n|-supereffective|p1b: Beedrill|1\n|-damage|p1b: Beedrill|0 fnt\n|faint|p1b: Beedrill\n|\n|-weather|RainDance|[upkeep]\n|upkeep\n|\n|t:|1776208534\n|switch|p1b: Basculegion|Basculegion, L50, M|100/100\n|turn|3\n|\n|t:|1776208546\n|switch|p2b: Ninetales|Ninetales-Alola, L50, M|100/100\n|-weather|Snowscape|[from] ability: Snow Warning|[of] p2b: Ninetales\n|move|p2a: Chimecho|Protect|p2a: Chimecho\n|-singleturn|p2a: Chimecho|Protect\n|move|p1b: Basculegion|Last Respects|p2a: Chimecho\n|-activate|p2a: Chimecho|move: Protect\n|move|p1a: Hydreigon|Dark Pulse|p2b: Ninetales|[miss]\n|-miss|p1a: Hydreigon|p2b: Ninetales\n|\n|-weather|Snowscape|[upkeep]\n|upkeep\n|turn|4\n|inactive|ChinaG has 30 seconds left.\n|inactive|lovedbysatan has 30 seconds left.\n|inactive|ChinaG has 20 seconds left.\n|\n|t:|1776208582\n|switch|p2a: Garchomp|Garchomp, L50, F|100/100\n|move|p1b: Basculegion|Last Respects|p2a: Garchomp\n|-damage|p2a: Garchomp|56/100\n|move|p1a: Hydreigon|Flash Cannon|p2b: Ninetales\n|-supereffective|p2b: Ninetales|2\n|-damage|p2b: Ninetales|0 fnt\n|faint|p2b: Ninetales\n|\n|-weather|Snowscape|[upkeep]\n|-sideend|p1: ChinaG|move: Tailwind\n|upkeep\n|\n|t:|1776208595\n|switch|p2b: Sinistcha|Sinistcha, L50|100/100\n|-heal|p2a: Garchomp|81/100|[from] ability: Hospitality|[of] p2b: Sinistcha\n|turn|5\n|\n|t:|1776208608\n|switch|p1a: Pelipper|Pelipper, L50, M|73/100\n|-weather|RainDance|[from] ability: Drizzle|[of] p1a: Pelipper\n|move|p1b: Basculegion|Last Respects|p2b: Sinistcha\n|-supereffective|p2b: Sinistcha|1\n|-damage|p2b: Sinistcha|15/100\n|move|p2a: Garchomp|Dragon Claw|p1a: Pelipper\n|-damage|p1a: Pelipper|44/100\n|move|p2b: Sinistcha|Trick Room|p2b: Sinistcha\n|-fieldstart|move: Trick Room|[of] p2b: Sinistcha\n|\n|-weather|RainDance|[upkeep]\n|-heal|p2b: Sinistcha|22/100|[from] item: Leftovers\n|upkeep\n|turn|6\n|\n|t:|1776208628\n|switch|p1b: Hydreigon|Hydreigon, L50, M|100/100\n|move|p1a: Pelipper|Wide Guard|p1a: Pelipper\n|-singleturn|p1a: Pelipper|Wide Guard\n|move|p2b: Sinistcha|Matcha Gotcha|p1a: Pelipper|[spread] \n|-activate|p1a: Pelipper|move: Wide Guard\n|-activate|p1b: Hydreigon|move: Wide Guard\n|move|p2a: Garchomp|Dragon Claw|p1a: Pelipper\n|-damage|p1a: Pelipper|17/100\n|\n|-weather|RainDance|[upkeep]\n|-heal|p2b: Sinistcha|28/100|[from] item: Leftovers\n|upkeep\n|turn|7\n|\n|t:|1776208649\n|move|p1a: Pelipper|Hurricane|p2b: Sinistcha\n|-supereffective|p2b: Sinistcha|1\n|-crit|p2b: Sinistcha\n|-damage|p2b: Sinistcha|0 fnt\n|faint|p2b: Sinistcha\n|move|p1b: Hydreigon|Draco Meteor|p2a: Garchomp\n|-supereffective|p2a: Garchomp|1\n|-damage|p2a: Garchomp|0 fnt\n|-unboost|p1b: Hydreigon|spa|2\n|faint|p2a: Garchomp\n|\n|-weather|RainDance|[upkeep]\n|upkeep\n|\n|t:|1776208658\n|switch|p2b: Chimecho|Chimecho-Mega, L50, F|38/100\n|turn|8\n|\n|t:|1776208680\n|move|p2b: Chimecho|Psyshock|p1a: Pelipper\n|-damage|p1a: Pelipper|0 fnt\n|faint|p1a: Pelipper\n|move|p1b: Hydreigon|Dark Pulse|p2b: Chimecho\n|-supereffective|p2b: Chimecho|1\n|-damage|p2b: Chimecho|2/100\n|\n|-weather|RainDance|[upkeep]\n|upkeep\n|\n|t:|1776208689\n|switch|p1a: Basculegion|Basculegion, L50, M|100/100\n|turn|9\n|-message|lovedbysatan forfeited.\n|\n|win|ChinaG\n|raw|ChinaG's rating: 1124 &rarr; <strong>1151</strong><br />(+27 for winning)\n|raw|lovedbysatan's rating: 1147 &rarr; <strong>1120</strong><br />(-27 for losing)\n|l|\u2606lovedbysatan\n|player|p2|\n",
  "uploadtime": 1776208695,
  "views": 16,
  "formatid": "gen9championsvgc2026regma",
  "rating": 1120,
  "private": 0,
  "password": null
}