{
  "id": "gen9championsvgc2026regma-2580421338",
  "format": "[Gen 9 Champions] VGC 2026 Reg M-A",
  "players": [
    "bio2.0",
    "TorkoalWQuickclaw"
  ],
  "log": "|j|\u2606bio2.0\n|j|\u2606TorkoalWQuickclaw\n|t:|1775893971\n|gametype|doubles\n|player|p1|bio2.0|101|1150\n|player|p2|TorkoalWQuickclaw|169|1118\n|gen|9\n|tier|[Gen 9 Champions] VGC 2026 Reg M-A\n|rated|\n|rule|Species Clause: Limit one of each Pok\u00e9mon\n|rule|Item Clause: Limit 1 of each item\n|clearpoke\n|poke|p1|Delphox, L50, M|\n|poke|p1|Garchomp, L50, F|\n|poke|p1|Floette-Eternal, L50, F|\n|poke|p1|Incineroar, L50, F|\n|poke|p1|Sneasler, L50, F|\n|poke|p1|Kingambit, L50, F|\n|poke|p2|Floette-Eternal, L50, F|\n|poke|p2|Maushold, L50|\n|poke|p2|Garchomp, L50, F|\n|poke|p2|Talonflame, L50, M|\n|poke|p2|Rotom-Wash, L50|\n|poke|p2|Aegislash, L50, F|\n|teampreview|4\nTorkoalWQuickclaw has agreed to open team sheets.\n|inactive|Battle timer is ON: inactive players will automatically lose when time's up. (requested by bio2.0)\n|inactive|TorkoalWQuickclaw also wants the timer to be on.\n|\n|t:|1775893993\n|teamsize|p1|4\n|teamsize|p2|4\n|start\n|switch|p1a: Delphox|Delphox, L50, M|100/100\n|switch|p1b: Sneasler|Sneasler, L50, F|100/100\n|switch|p2a: Talonflame|Talonflame, L50, M|100/100\n|switch|p2b: Garchomp|Garchomp, L50, F|100/100\n|turn|1\n|\n|t:|1775894006\n|detailschange|p1a: Delphox|Delphox-Mega, L50, M\n|-mega|p1a: Delphox|Delphox|Delphoxite\n|move|p1b: Sneasler|Fake Out|p2b: Garchomp\n|-damage|p2b: Garchomp|85/100\n|-damage|p1b: Sneasler|88/100|[from] ability: Rough Skin|[of] p2b: Garchomp\n|move|p2a: Talonflame|Acrobatics|p1b: Sneasler\n|-supereffective|p1b: Sneasler|1\n|-damage|p1b: Sneasler|0 fnt\n|faint|p1b: Sneasler\n|move|p1a: Delphox|Heat Wave|p2b: Garchomp|[spread] p2a,p2b\n|-resisted|p2a: Talonflame|1\n|-resisted|p2b: Garchomp|1\n|-damage|p2a: Talonflame|69/100\n|-damage|p2b: Garchomp|64/100\n|cant|p2b: Garchomp|flinch\n|\n|upkeep\n|\n|t:|1775894013\n|switch|p1b: Incineroar|Incineroar, L50, F|100/100\n|-ability|p1b: Incineroar|Intimidate|boost\n|-unboost|p2a: Talonflame|atk|1\n|-unboost|p2b: Garchomp|atk|1\n|turn|2\n|\n|t:|1775894022\n|move|p1b: Incineroar|Fake Out|p2b: Garchomp\n|-damage|p2b: Garchomp|53/100\n|-damage|p1b: Incineroar|88/100|[from] ability: Rough Skin|[of] p2b: Garchomp\n|move|p1a: Delphox|Encore|p2a: Talonflame\n|-start|p2a: Talonflame|Encore\n|move|p2a: Talonflame|Acrobatics|p1b: Incineroar\n|-damage|p1b: Incineroar|67/100\n|cant|p2b: Garchomp|flinch\n|\n|-heal|p1b: Incineroar|73/100|[from] item: Leftovers\n|upkeep\n|turn|3\n|\n|t:|1775894038\n|move|p1a: Delphox|Psychic|p2b: Garchomp\n|-damage|p2b: Garchomp|0 fnt\n|faint|p2b: Garchomp\n|move|p2a: Talonflame|Acrobatics|p1a: Delphox\n|-damage|p1a: Delphox|66/100\n|move|p1b: Incineroar|Parting Shot|p2a: Talonflame\n|-unboost|p2a: Talonflame|atk|1\n|-unboost|p2a: Talonflame|spa|1\n|\n|t:|1775894044\n|switch|p1b: Garchomp|Garchomp, L50, F|100/100|[from] Parting Shot\n|\n|upkeep\n|\n|t:|1775894047\n|switch|p2b: Rotom|Rotom-Wash, L50|100/100\n|turn|4\n|\n|t:|1775894057\n|move|p1a: Delphox|Protect|p1a: Delphox\n|-singleturn|p1a: Delphox|Protect\n|move|p2a: Talonflame|Acrobatics|p1a: Delphox\n|-activate|p1a: Delphox|move: Protect\n|move|p1b: Garchomp|Rock Slide|p2b: Rotom|[spread] p2a,p2b\n|-supereffective|p2a: Talonflame|2\n|-damage|p2a: Talonflame|0 fnt\n|-damage|p2b: Rotom|79/100\n|faint|p2a: Talonflame\n|move|p2b: Rotom|Hydro Pump|p1b: Garchomp\n|-damage|p1b: Garchomp|48/100\n|-enditem|p1b: Garchomp|Sitrus Berry|[eat]\n|-heal|p1b: Garchomp|73/100|[from] item: Sitrus Berry\n|\n|upkeep\n|\n|t:|1775894067\n|switch|p2a: Floette|Floette-Eternal, L50, F|100/100\n|turn|5\n|\n|t:|1775894075\n|detailschange|p2a: Floette|Floette-Mega, L50, F\n|-mega|p2a: Floette|Floette|Floettite\n|-ability|p2a: Floette|Fairy Aura\n|move|p2b: Rotom|Helping Hand|p2a: Floette\n|-singleturn|p2a: Floette|Helping Hand|[of] p2b: Rotom\n|move|p1a: Delphox|Heat Wave|p2b: Rotom|[spread] p2a,p2b\n|-resisted|p2b: Rotom|1\n|-damage|p2a: Floette|76/100\n|-damage|p2b: Rotom|60/100\n|move|p1b: Garchomp|Earthquake|p2b: Rotom|[spread] p2a\n|-immune|p1a: Delphox|[from] ability: Levitate\n|-immune|p2b: Rotom|[from] ability: Levitate\n|-damage|p2a: Floette|36/100\n|move|p2a: Floette|Dazzling Gleam|p1b: Garchomp|[spread] p1a,p1b\n|-resisted|p1a: Delphox|1\n|-supereffective|p1b: Garchomp|1\n|-damage|p1a: Delphox|26/100\n|-damage|p1b: Garchomp|0 fnt\n|faint|p1b: Garchomp\n|\n|upkeep\n|\n|t:|1775894083\n|switch|p1b: Incineroar|Incineroar, L50, F|73/100\n|-ability|p1b: Incineroar|Intimidate|boost\n|-unboost|p2a: Floette|atk|1\n|-unboost|p2b: Rotom|atk|1\n|turn|6\n|\n|t:|1775894104\n|move|p2a: Floette|Protect|p2a: Floette\n|-singleturn|p2a: Floette|Protect\n|move|p1b: Incineroar|Fake Out|p2a: Floette\n|-activate|p2a: Floette|move: Protect\n|move|p1a: Delphox|Encore|p2b: Rotom\n|-start|p2b: Rotom|Encore\n|move|p2b: Rotom|Helping Hand||[still]\n|-fail|p2b: Rotom\n|\n|-heal|p1b: Incineroar|79/100|[from] item: Leftovers\n|upkeep\n|turn|7\n|\n|t:|1775894119\n|move|p2b: Rotom|Helping Hand|p2a: Floette\n|-singleturn|p2a: Floette|Helping Hand|[of] p2b: Rotom\n|move|p1a: Delphox|Encore|p2a: Floette\n|-start|p2a: Floette|Encore\n|move|p2a: Floette|Protect|p2a: Floette\n|-singleturn|p2a: Floette|Protect\n|move|p1b: Incineroar|Throat Chop|p2b: Rotom\n|-damage|p2b: Rotom|27/100\n|-start|p2b: Rotom|Throat Chop|[silent]\n|-enditem|p2b: Rotom|Sitrus Berry|[eat]\n|-heal|p2b: Rotom|51/100|[from] item: Sitrus Berry\n|\n|-heal|p1b: Incineroar|85/100|[from] item: Leftovers\n|upkeep\n|turn|8\n|\n|t:|1775894130\n|move|p2b: Rotom|Helping Hand|p2a: Floette\n|-singleturn|p2a: Floette|Helping Hand|[of] p2b: Rotom\n|move|p2a: Floette|Protect||[still]\n|-fail|p2a: Floette\n|move|p1a: Delphox|Psychic|p2a: Floette\n|-damage|p2a: Floette|0 fnt\n|faint|p2a: Floette\n|move|p1b: Incineroar|Throat Chop|p2b: Rotom\n|-damage|p2b: Rotom|17/100\n|\n|-heal|p1b: Incineroar|91/100|[from] item: Leftovers\n|-end|p2b: Rotom|Encore\n|-end|p2b: Rotom|Throat Chop|[silent]\n|upkeep\n|turn|9\n|\n|t:|1775894138\n|move|p1a: Delphox|Psychic|p2b: Rotom\n|-damage|p2b: Rotom|0 fnt\n|faint|p2b: Rotom\n|\n|win|bio2.0\n|raw|bio2.0's rating: 1150 &rarr; <strong>1173</strong><br />(+23 for winning)\n|raw|TorkoalWQuickclaw's rating: 1118 &rarr; <strong>1095</strong><br />(-23 for losing)\n|l|\u2606bio2.0\n|player|p1|\n",
  "uploadtime": 1775894146,
  "views": 22,
  "formatid": "gen9championsvgc2026regma",
  "rating": 1095,
  "private": 0,
  "password": null
}