{
  "id": "gen9championsvgc2026regma-2585708380",
  "format": "[Gen 9 Champions] VGC 2026 Reg M-A",
  "players": [
    "lecturedemon",
    "corek"
  ],
  "log": "|j|\u203dlecturedemon\n|j|\u2606corek\n|t:|1776365150\n|gametype|doubles\n|player|p1|lecturedemon|steven|1045\n|player|p2|corek|lucas|1137\n|gen|9\n|tier|[Gen 9 Champions] VGC 2026 Reg M-A\n|rated|\n|rule|Species Clause: Limit one of each Pok\u00e9mon\n|rule|Item Clause: Limit 1 of each item\n|clearpoke\n|poke|p1|Pelipper, L50, F|\n|poke|p1|Archaludon, L50, M|\n|poke|p1|Sinistcha, L50|\n|poke|p1|Feraligatr, L50, M|\n|poke|p1|Chesnaught, L50, M|\n|poke|p1|Incineroar, L50, F|\n|poke|p2|Lucario, L50, F|\n|poke|p2|Meowscarada, L50, F|\n|poke|p2|Infernape, L50, M|\n|poke|p2|Scizor, L50, M|\n|poke|p2|Alakazam, L50, M|\n|poke|p2|Decidueye, L50, M|\n|teampreview|4\n|inactive|Battle timer is ON: inactive players will automatically lose when time's up. (requested by corek)\n|\n|t:|1776365182\n|teamsize|p1|4\n|teamsize|p2|4\n|start\n|switch|p1a: Feraligatr|Feraligatr, L50, M, shiny|100/100\n|switch|p1b: Incineroar|Incineroar, L50, F|100/100\n|switch|p2a: Decidueye|Decidueye, L50, M|100/100\n|switch|p2b: Lucario|Lucario, L50, F|100/100\n|-ability|p1b: Incineroar|Intimidate|boost\n|-unboost|p2a: Decidueye|atk|1\n|-fail|p2b: Lucario|unboost|Attack|[from] ability: Inner Focus|[of] p2b: Lucario\n|turn|1\n|inactive|lecturedemon has 30 seconds left.\n|\n|t:|1776365215\n|detailschange|p1a: Feraligatr|Feraligatr-Mega, L50, M, shiny\n|-mega|p1a: Feraligatr|Feraligatr|Feraligite\n|move|p2b: Lucario|Close Combat|p1b: Incineroar\n|-supereffective|p1b: Incineroar|1\n|-enditem|p1b: Incineroar|Chople Berry|[eat]\n|-enditem|p1b: Incineroar|Chople Berry|[weaken]\n|-damage|p1b: Incineroar|50/100\n|-unboost|p2b: Lucario|def|1\n|-unboost|p2b: Lucario|spd|1\n|move|p2a: Decidueye|Leaf Blade|p1a: Feraligatr\n|-damage|p1a: Feraligatr|79/100\n|move|p1a: Feraligatr|Double-Edge|p2a: Decidueye\n|-damage|p2a: Decidueye|0 fnt\n|faint|p2a: Decidueye\n|-damage|p1a: Feraligatr|53/100|[from] Recoil\n|move|p1b: Incineroar|Flare Blitz|p2b: Lucario\n|-supereffective|p2b: Lucario|1\n|-enditem|p2b: Lucario|Focus Sash\n|-damage|p2b: Lucario|1/100\n|-damage|p1b: Incineroar|26/100|[from] Recoil\n|\n|upkeep\n|\n|t:|1776365238\n|switch|p2a: Infernape|Infernape, L50, M|100/100\n|turn|2\n|inactive|lecturedemon has 30 seconds left.\n|\n|t:|1776365267\n|switch|p1b: Pelipper|Pelipper, L50, F|100/100\n|-weather|RainDance|[from] ability: Drizzle|[of] p1b: Pelipper\n|move|p2a: Infernape|Fake Out|p1a: Feraligatr\n|-damage|p1a: Feraligatr|42/100\n|cant|p1a: Feraligatr|flinch\n|move|p2b: Lucario|Close Combat|p1b: Pelipper\n|-resisted|p1b: Pelipper|1\n|-damage|p1b: Pelipper|63/100\n|-unboost|p2b: Lucario|def|1\n|-unboost|p2b: Lucario|spd|1\n|\n|-weather|RainDance|[upkeep]\n|upkeep\n|turn|3\n|\n|t:|1776365290\n|move|p2a: Infernape|Upper Hand|p1a: Feraligatr\n|-damage|p1a: Feraligatr|21/100\n|cant|p1a: Feraligatr|flinch\n|move|p2b: Lucario|Close Combat|p1a: Feraligatr\n|-damage|p1a: Feraligatr|0 fnt\n|-unboost|p2b: Lucario|def|1\n|-unboost|p2b: Lucario|spd|1\n|faint|p1a: Feraligatr\n|move|p1b: Pelipper|Tailwind|p1b: Pelipper\n|-sidestart|p1: lecturedemon|move: Tailwind\n|\n|-weather|RainDance|[upkeep]\n|upkeep\n|\n|t:|1776365295\n|switch|p1a: Archaludon|Archaludon, L50, M|100/100\n|turn|4\n|\n|t:|1776365319\n|move|p1a: Archaludon|Protect|p1a: Archaludon\n|-singleturn|p1a: Archaludon|Protect\n|move|p1b: Pelipper|Tailwind||[still]\n|-fail|p1b: Pelipper\n|move|p2a: Infernape|Close Combat|p1b: Pelipper\n|-resisted|p1b: Pelipper|1\n|-damage|p1b: Pelipper|26/100\n|-unboost|p2a: Infernape|def|1\n|-unboost|p2a: Infernape|spd|1\n|-enditem|p2a: Infernape|White Herb\n|-clearnegativeboost|p2a: Infernape|[silent]\n|move|p2b: Lucario|Psychic|p1b: Pelipper\n|-damage|p1b: Pelipper|0 fnt\n|faint|p1b: Pelipper\n|\n|-weather|RainDance|[upkeep]\n|upkeep\n|\n|t:|1776365327\n|switch|p1b: Incineroar|Incineroar, L50, F|26/100\n|-ability|p1b: Incineroar|Intimidate|boost\n|-unboost|p2a: Infernape|atk|1\n|-fail|p2b: Lucario|unboost|Attack|[from] ability: Inner Focus|[of] p2b: Lucario\n|turn|5\n|\n|t:|1776365349\n|move|p1b: Incineroar|Fake Out|p2b: Lucario\n|-resisted|p2b: Lucario|1\n|-damage|p2b: Lucario|0 fnt\n|faint|p2b: Lucario\n|move|p1a: Archaludon|Electro Shot||[still]\n|-prepare|p1a: Archaludon|Electro Shot\n|-boost|p1a: Archaludon|spa|1\n|-anim|p1a: Archaludon|Electro Shot|p2a: Infernape\n|-damage|p2a: Infernape|0 fnt\n|faint|p2a: Infernape\n|\n|-weather|RainDance|[upkeep]\n|upkeep\n|\n|t:|1776365361\n|switch|p2a: Alakazam|Alakazam, L50, M|100/100\n|turn|6\n|\n|t:|1776365372\n|detailschange|p2a: Alakazam|Alakazam-Mega, L50, M\n|-mega|p2a: Alakazam|Alakazam|Alakazite\n|-ability|p2a: Alakazam|Stamina|Trace|[from] ability: Trace|[of] p1a: Archaludon\n|move|p2a: Alakazam|Psychic|p1a: Archaludon\n|-resisted|p1a: Archaludon|1\n|-damage|p1a: Archaludon|70/100\n|-ability|p1a: Archaludon|Stamina|boost\n|-boost|p1a: Archaludon|def|1\n|move|p1a: Archaludon|Electro Shot||[still]\n|-prepare|p1a: Archaludon|Electro Shot\n|-boost|p1a: Archaludon|spa|1\n|-anim|p1a: Archaludon|Electro Shot|p2a: Alakazam\n|-damage|p2a: Alakazam|0 fnt\n|faint|p2a: Alakazam\n|\n|win|lecturedemon\n|raw|lecturedemon's rating: 1045 &rarr; <strong>1087</strong><br />(+42 for winning)\n|raw|corek's rating: 1137 &rarr; <strong>1106</strong><br />(-31 for losing)\n",
  "uploadtime": 1776365381,
  "views": 24,
  "formatid": "gen9championsvgc2026regma",
  "rating": 1087,
  "private": 0,
  "password": null
}