{
  "id": "gen9championsvgc2026regma-2582908283",
  "format": "[Gen 9 Champions] VGC 2026 Reg M-A",
  "players": [
    "Hgallo42",
    "The Best Team 5005"
  ],
  "log": "|j|\u2606Hgallo42\n|j|\u2606The Best Team 5005\n|t:|1776124001\n|gametype|doubles\n|player|p1|Hgallo42|1|1026\n|player|p2|The Best Team 5005|266|1032\n|gen|9\n|tier|[Gen 9 Champions] VGC 2026 Reg M-A\n|rated|\n|rule|Species Clause: Limit one of each Pok\u00e9mon\n|rule|Item Clause: Limit 1 of each item\n|clearpoke\n|poke|p1|Scovillain, L50, M|\n|poke|p1|Aerodactyl, L50, M|\n|poke|p1|Ninetales-Alola, L50, M|\n|poke|p1|Sneasler, L50, M|\n|poke|p1|Sinistcha, L50|\n|poke|p1|Rotom-Wash, L50|\n|poke|p2|Manectric, L50, M|\n|poke|p2|Pelipper, L50, F|\n|poke|p2|Incineroar, L50, M|\n|poke|p2|Basculegion, L50, M|\n|poke|p2|Garchomp, L50, M|\n|poke|p2|Rotom-Wash, L50|\n|teampreview|4\n|\n|t:|1776124030\n|teamsize|p1|4\n|teamsize|p2|4\n|start\n|switch|p1a: Rotom|Rotom-Wash, L50|100/100\n|switch|p1b: Scovillain|Scovillain, L50, M, shiny|100/100\n|switch|p2a: Incineroar|Incineroar, L50, M|100/100\n|switch|p2b: Manectric|Manectric, L50, M, shiny|100/100\n|-ability|p2a: Incineroar|Intimidate|boost\n|-unboost|p1a: Rotom|atk|1\n|-unboost|p1b: Scovillain|atk|1\n|turn|1\n|inactive|Battle timer is ON: inactive players will automatically lose when time's up. (requested by The Best Team 5005)\n|inactive|Hgallo42 has 60 seconds left.\n|inactive|The Best Team 5005 has 60 seconds left.\n|\n|t:|1776124071\n|move|p1a: Rotom|Protect|p1a: Rotom\n|-singleturn|p1a: Rotom|Protect\n|move|p1b: Scovillain|Protect|p1b: Scovillain\n|-singleturn|p1b: Scovillain|Protect\n|move|p2a: Incineroar|Fake Out|p1b: Scovillain\n|-activate|p1b: Scovillain|move: Protect\n|move|p2b: Manectric|Volt Switch|p1a: Rotom\n|-activate|p1a: Rotom|move: Protect\n|\n|upkeep\n|turn|2\n|inactive|The Best Team 5005 has 30 seconds left.\n|inactive|The Best Team 5005 has 20 seconds left.\n|\n|t:|1776124110\n|detailschange|p1b: Scovillain|Scovillain-Mega, L50, M, shiny\n|-mega|p1b: Scovillain|Scovillain|Scovillainite\n|move|p2b: Manectric|Volt Switch|p1a: Rotom\n|-damage|p1a: Rotom|68/100\n|\n|t:|1776124117\n|switch|p2b: Pelipper|Pelipper, L50, F|100/100|[from] Volt Switch\n|-weather|RainDance|[from] ability: Drizzle|[of] p2b: Pelipper\n|move|p1a: Rotom|Hydro Pump|p2a: Incineroar|[miss]\n|-miss|p1a: Rotom|p2a: Incineroar\n|move|p1b: Scovillain|Leech Seed|p2b: Pelipper\n|-start|p2b: Pelipper|move: Leech Seed\n|move|p2a: Incineroar|Parting Shot|p1a: Rotom\n|-unboost|p1a: Rotom|atk|1\n|-unboost|p1a: Rotom|spa|1\n|\n|t:|1776124142\n|switch|p2a: Basculegion|Basculegion, L50, M|100/100|[from] Parting Shot\n|\n|-weather|RainDance|[upkeep]\n|-heal|p1a: Rotom|74/100|[from] item: Leftovers\n|-damage|p2b: Pelipper|89/100|[from] Leech Seed|[of] p1b: Scovillain\n|upkeep\n|turn|3\n|inactive|Hgallo42 has 30 seconds left.\n|inactive|Hgallo42 has 20 seconds left.\n|\n|t:|1776124180\n|switch|p2b: Manectric|Manectric, L50, M, shiny|100/100\n|move|p2a: Basculegion|Wave Crash|p1b: Scovillain\n|-damage|p1b: Scovillain|0 fnt\n|-status|p2a: Basculegion|brn|[from] ability: Spicy Spray|[of] p1b: Scovillain\n|faint|p1b: Scovillain\n|-damage|p2a: Basculegion|72/100 brn|[from] Recoil\n|move|p1a: Rotom|Volt Switch|p2b: Manectric\n|-activate|p2b: Manectric|ability: Lightning Rod\n|-ability|p2b: Manectric|Lightning Rod|boost\n|-boost|p2b: Manectric|spa|1\n|\n|-weather|RainDance|[upkeep]\n|-heal|p1a: Rotom|79/100|[from] item: Leftovers\n|-damage|p2a: Basculegion|66/100 brn|[from] brn\n|upkeep\n|\n|t:|1776124198\n|switch|p1b: Sneasler|Sneasler, L50, M|100/100\n|turn|4\n|\n|t:|1776124216\n|detailschange|p2b: Manectric|Manectric-Mega, L50, M, shiny\n|-mega|p2b: Manectric|Manectric|Manectite\n|-ability|p2b: Manectric|Intimidate|boost\n|-unboost|p1a: Rotom|atk|1\n|-unboost|p1b: Sneasler|atk|1\n|-enditem|p1b: Sneasler|White Herb\n|-clearnegativeboost|p1b: Sneasler|[silent]\n|move|p1b: Sneasler|Close Combat|p2b: Manectric\n|-damage|p2b: Manectric|13/100\n|-unboost|p1b: Sneasler|def|1\n|-unboost|p1b: Sneasler|spd|1\n|move|p2a: Basculegion|Wave Crash|p1b: Sneasler\n|-damage|p1b: Sneasler|0 fnt\n|faint|p1b: Sneasler\n|-damage|p2a: Basculegion|39/100 brn|[from] Recoil\n|move|p2b: Manectric|Thunder|p1a: Rotom\n|-damage|p1a: Rotom|0 fnt\n|faint|p1a: Rotom\n|\n|-weather|RainDance|[upkeep]\n|-damage|p2a: Basculegion|32/100 brn|[from] brn\n|upkeep\n|\n|t:|1776124235\n|switch|p1b: Sinistcha|Sinistcha, L50|100/100\n|turn|5\n|\n|t:|1776124244\n|move|p2a: Basculegion|Last Respects|p1b: Sinistcha\n|-supereffective|p1b: Sinistcha|1\n|-damage|p1b: Sinistcha|77/100\n|move|p2b: Manectric|Thunder|p1b: Sinistcha\n|-resisted|p1b: Sinistcha|1\n|-damage|p1b: Sinistcha|35/100\n|-status|p1b: Sinistcha|par\n|-enditem|p1b: Sinistcha|Sitrus Berry|[eat]\n|-heal|p1b: Sinistcha|60/100 par|[from] item: Sitrus Berry\n|cant|p1b: Sinistcha|par\n|\n|-weather|RainDance|[upkeep]\n|-damage|p2a: Basculegion|26/100 brn|[from] brn\n|upkeep\n|turn|6\n|-message|Hgallo42 forfeited.\n|\n|win|The Best Team 5005\n|raw|Hgallo42's rating: 1026 &rarr; <strong>1012</strong><br />(-14 for losing)\n|raw|The Best Team 5005's rating: 1032 &rarr; <strong>1067</strong><br />(+35 for winning)\n|l|\u2606Hgallo42\n|player|p1|\n",
  "uploadtime": 1776124279,
  "views": 13,
  "formatid": "gen9championsvgc2026regma",
  "rating": 1012,
  "private": 0,
  "password": null
}