{
  "id": "gen9championsvgc2026regma-2586978393",
  "format": "[Gen 9 Champions] VGC 2026 Reg M-A",
  "players": [
    "JrAuMsEhS",
    "scrambledegg6"
  ],
  "log": "|j|\u2606JrAuMsEhS\n|j|\u2606scrambledegg6\n|t:|1776477657\n|gametype|doubles\n|player|p1|JrAuMsEhS|101|1105\n|player|p2|scrambledegg6|lance|1207\n|gen|9\n|tier|[Gen 9 Champions] VGC 2026 Reg M-A\n|rated|\n|rule|Species Clause: Limit one of each Pok\u00e9mon\n|rule|Item Clause: Limit 1 of each item\n|clearpoke\n|poke|p1|Banette, L50, M|\n|poke|p1|Palafin, L50, F|\n|poke|p1|Passimian, L50, F|\n|poke|p1|Slowbro-Galar, L50, M|\n|poke|p1|Meganium, L50, M|\n|poke|p1|Mamoswine, L50, F|\n|poke|p2|Sneasler, L50, M|\n|poke|p2|Aerodactyl, L50, M|\n|poke|p2|Floette-Eternal, L50, F|\n|poke|p2|Kingambit, L50, F|\n|poke|p2|Basculegion, L50, M|\n|poke|p2|Sinistcha, L50|\n|teampreview|4\n|inactive|Battle timer is ON: inactive players will automatically lose when time's up. (requested by scrambledegg6)\n|inactive|JrAuMsEhS also wants the timer to be on.\nscrambledegg6 has agreed to open team sheets.\n|\n|t:|1776477688\n|teamsize|p1|4\n|teamsize|p2|4\n|start\n|switch|p1a: Mamoswine|Mamoswine, L50, F|100/100\n|switch|p1b: Palafin|Palafin, L50, F|100/100\n|switch|p2a: Sinistcha|Sinistcha, L50|100/100\n|switch|p2b: Basculegion|Basculegion, L50, M, shiny|100/100\n|turn|1\n|\n|t:|1776477707\n|move|p2a: Sinistcha|Rage Powder|p2a: Sinistcha\n|-singleturn|p2a: Sinistcha|move: Rage Powder\n|move|p1b: Palafin|Flip Turn|p2a: Sinistcha\n|-resisted|p2a: Sinistcha|1\n|-damage|p2a: Sinistcha|90/100\n|\n|t:|1776477713\n|detailschange|p1b: Palafin|Palafin-Hero, L50, F\n|switch|p1b: Meganium|Meganium, L50, M|100/100|[from] Flip Turn\n|move|p2b: Basculegion|Wave Crash|p1a: Mamoswine\n|-supereffective|p1a: Mamoswine|1\n|-damage|p1a: Mamoswine|0 fnt\n|faint|p1a: Mamoswine\n|-damage|p2b: Basculegion|64/100|[from] Recoil\n|\n|upkeep\n|\n|t:|1776477724\n|switch|p1a: Slowbro|Slowbro-Galar, L50, M|100/100\n|turn|2\n|\n|t:|1776477735\n|detailschange|p1b: Meganium|Meganium-Mega, L50, M\n|-mega|p1b: Meganium|Meganium|Meganiumite\n|move|p2a: Sinistcha|Rage Powder|p2a: Sinistcha\n|-singleturn|p2a: Sinistcha|move: Rage Powder\n|move|p2b: Basculegion|Wave Crash|p1a: Slowbro\n|-damage|p1a: Slowbro|34/100\n|-damage|p2b: Basculegion|41/100|[from] Recoil\n|move|p1b: Meganium|Weather Ball|p2a: Sinistcha\n|-supereffective|p2a: Sinistcha|1\n|-damage|p2a: Sinistcha|0 fnt\n|faint|p2a: Sinistcha\n|move|p1a: Slowbro|Nasty Plot|p1a: Slowbro\n|-boost|p1a: Slowbro|spa|2\n|\n|upkeep\n|\n|t:|1776477749\n|switch|p2a: Sneasler|Sneasler, L50, M|100/100\n|turn|3\n|-activate|p1a: Slowbro|item: Quick Claw\n|\n|t:|1776477768\n|move|p1b: Meganium|Protect|p1b: Meganium\n|-singleturn|p1b: Meganium|Protect\n|move|p1a: Slowbro|Psyshock|p2a: Sneasler\n|-supereffective|p2a: Sneasler|2\n|-damage|p2a: Sneasler|0 fnt\n|faint|p2a: Sneasler\n|move|p2b: Basculegion|Wave Crash|p1a: Slowbro\n|-damage|p1a: Slowbro|0 fnt\n|faint|p1a: Slowbro\n|-damage|p2b: Basculegion|30/100|[from] Recoil\n|\n|upkeep\n|\n|t:|1776477778\n|switch|p2a: Kingambit|Kingambit, L50, F, shiny|100/100\n|switch|p1a: Palafin|Palafin-Hero, L50, F|100/100\n|-activate|p1a: Palafin|ability: Zero to Hero\n|turn|4\n|\n|t:|1776477800\n|move|p1a: Palafin|Close Combat|p2a: Kingambit\n|-supereffective|p2a: Kingambit|2\n|-enditem|p2a: Kingambit|Chople Berry|[eat]\n|-enditem|p2a: Kingambit|Chople Berry|[weaken]\n|-damage|p2a: Kingambit|22/100\n|-unboost|p1a: Palafin|def|1\n|-unboost|p1a: Palafin|spd|1\n|move|p2b: Basculegion|Wave Crash|p1b: Meganium\n|-resisted|p1b: Meganium|1\n|-damage|p1b: Meganium|68/100\n|-damage|p2b: Basculegion|19/100|[from] Recoil\n|move|p1b: Meganium|Solar Beam||[still]\n|-prepare|p1b: Meganium|Solar Beam\n|-activate|p1b: Meganium|ability: Mega Sol\n|-anim|p1b: Meganium|Solar Beam|p2b: Basculegion\n|-supereffective|p2b: Basculegion|1\n|-damage|p2b: Basculegion|0 fnt\n|faint|p2b: Basculegion\n|move|p2a: Kingambit|Kowtow Cleave|p1a: Palafin\n|-damage|p1a: Palafin|31/100\n|\n|upkeep\n|turn|5\n|-message|scrambledegg6 forfeited.\n|\n|win|JrAuMsEhS\n|raw|JrAuMsEhS's rating: 1105 &rarr; <strong>1137</strong><br />(+32 for winning)\n|raw|scrambledegg6's rating: 1207 &rarr; <strong>1175</strong><br />(-32 for losing)\n",
  "uploadtime": 1776477815,
  "views": 16,
  "formatid": "gen9championsvgc2026regma",
  "rating": 1137,
  "private": 0,
  "password": null
}