{
  "id": "gen9championsvgc2026regma-2584244960",
  "format": "[Gen 9 Champions] VGC 2026 Reg M-A",
  "players": [
    "AdriJC",
    "colfox"
  ],
  "log": "|j|\u2606AdriJC\n|j|\u203dcolfox\n|t:|1776242610\n|gametype|doubles\n|player|p1|AdriJC|2|1106\n|player|p2|colfox|2|1198\n|gen|9\n|tier|[Gen 9 Champions] VGC 2026 Reg M-A\n|rated|\n|rule|Species Clause: Limit one of each Pok\u00e9mon\n|rule|Item Clause: Limit 1 of each item\n|clearpoke\n|poke|p1|Tyranitar, L50, M|\n|poke|p1|Rotom-Wash, L50|\n|poke|p1|Excadrill, L50, M|\n|poke|p1|Incineroar, L50, M|\n|poke|p1|Floette-Eternal, L50, F|\n|poke|p1|Sinistcha, L50|\n|poke|p2|Sylveon, L50, M|\n|poke|p2|Garchomp, L50, M|\n|poke|p2|Milotic, L50, F|\n|poke|p2|Ninetales, L50, F|\n|poke|p2|Raichu, L50, F|\n|poke|p2|Scizor, L50, M|\n|teampreview|4\n|\n|t:|1776242659\n|teamsize|p1|4\n|teamsize|p2|4\n|start\n|switch|p1a: Tyranitar|Tyranitar, L50, M|100/100\n|switch|p1b: Excadrill|Excadrill, L50, M|100/100\n|switch|p2a: Milotic|Milotic, L50, F|100/100\n|switch|p2b: Scizor|Scizor, L50, M|100/100\n|-weather|Sandstorm|[from] ability: Sand Stream|[of] p1a: Tyranitar\n|turn|1\n|\n|t:|1776242685\n|switch|p1b: Rotom|Rotom-Wash, L50|100/100\n|detailschange|p2b: Scizor|Scizor-Mega, L50, M\n|-mega|p2b: Scizor|Scizor|Scizorite\n|move|p2b: Scizor|Protect|p2b: Scizor\n|-singleturn|p2b: Scizor|Protect\n|move|p1a: Tyranitar|Protect|p1a: Tyranitar\n|-singleturn|p1a: Tyranitar|Protect\n|move|p2a: Milotic|Scald|p1b: Rotom\n|-resisted|p1b: Rotom|1\n|-damage|p1b: Rotom|77/100\n|-status|p1b: Rotom|brn\n|\n|-weather|Sandstorm|[upkeep]\n|-damage|p1b: Rotom|71/100 brn|[from] Sandstorm\n|-damage|p2a: Milotic|95/100|[from] Sandstorm\n|-damage|p1b: Rotom|65/100 brn|[from] brn\n|upkeep\n|turn|2\n|\n|t:|1776242730\n|move|p1b: Rotom|Trick||[still]\n|-fail|p1b: Rotom\n|move|p2a: Milotic|Scald|p1a: Tyranitar\n|-supereffective|p1a: Tyranitar|1\n|-damage|p1a: Tyranitar|53/100\n|move|p2b: Scizor|Bug Bite|p1b: Rotom\n|-damage|p1b: Rotom|0 fnt\n|faint|p1b: Rotom\n|move|p1a: Tyranitar|Knock Off|p2a: Milotic\n|-damage|p2a: Milotic|35/100\n|-enditem|p2a: Milotic|Wacan Berry|[from] move: Knock Off|[of] p1a: Tyranitar\n|\n|-weather|Sandstorm|[upkeep]\n|-damage|p2a: Milotic|29/100|[from] Sandstorm\n|upkeep\n|\n|t:|1776242749\n|switch|p1b: Excadrill|Excadrill, L50, M|100/100\n|turn|3\n|\n|t:|1776242778\n|move|p2a: Milotic|Protect|p2a: Milotic\n|-singleturn|p2a: Milotic|Protect\n|move|p2b: Scizor|Bullet Punch|p1a: Tyranitar\n|-supereffective|p1a: Tyranitar|1\n|-damage|p1a: Tyranitar|0 fnt\n|faint|p1a: Tyranitar\n|move|p1b: Excadrill|Iron Head|p2a: Milotic\n|-activate|p2a: Milotic|move: Protect\n|\n|-weather|Sandstorm|[upkeep]\n|-damage|p2a: Milotic|23/100|[from] Sandstorm\n|upkeep\n|\n|t:|1776242787\n|switch|p1a: Floette|Floette-Eternal, L50, F|100/100\n|turn|4\n|\n|t:|1776242803\n|switch|p2a: Ninetales|Ninetales, L50, F|100/100\n|-weather|SunnyDay|[from] ability: Drought|[of] p2a: Ninetales\n|detailschange|p1a: Floette|Floette-Mega, L50, F\n|-mega|p1a: Floette|Floette|Floettite\n|-ability|p1a: Floette|Fairy Aura\n|move|p1a: Floette|Protect|p1a: Floette\n|-singleturn|p1a: Floette|Protect\n|move|p2b: Scizor|Bullet Punch|p1a: Floette\n|-activate|p1a: Floette|move: Protect\n|move|p1b: Excadrill|Earthquake|p2b: Scizor|[spread] p2a,p2b\n|-activate|p1a: Floette|move: Protect\n|-supereffective|p2a: Ninetales|1\n|-damage|p2a: Ninetales|0 fnt\n|-damage|p2b: Scizor|65/100\n|faint|p2a: Ninetales\n|\n|-weather|SunnyDay|[upkeep]\n|upkeep\n|\n|t:|1776242828\n|switch|p2a: Sylveon|Sylveon, L50, M|100/100\n|turn|5\n|\n|t:|1776242837\n|move|p2a: Sylveon|Helping Hand|p2b: Scizor\n|-singleturn|p2b: Scizor|Helping Hand|[of] p2a: Sylveon\n|move|p2b: Scizor|Bullet Punch|p1a: Floette\n|-supereffective|p1a: Floette|1\n|-damage|p1a: Floette|0 fnt\n|faint|p1a: Floette\n|move|p1b: Excadrill|Iron Head|p2a: Sylveon\n|-supereffective|p2a: Sylveon|1\n|-damage|p2a: Sylveon|0 fnt\n|faint|p2a: Sylveon\n|\n|-weather|SunnyDay|[upkeep]\n|upkeep\n|\n|t:|1776242849\n|switch|p2a: Milotic|Milotic, L50, F|23/100\n|turn|6\n|\n|t:|1776242867\n|move|p2a: Milotic|Protect|p2a: Milotic\n|-singleturn|p2a: Milotic|Protect\n|move|p1b: Excadrill|Earthquake|p2a: Milotic|[spread] p2b\n|-activate|p2a: Milotic|move: Protect\n|-damage|p2b: Scizor|29/100\n|move|p2b: Scizor|Bug Bite|p1b: Excadrill\n|-resisted|p1b: Excadrill|1\n|-damage|p1b: Excadrill|58/100\n|\n|-weather|SunnyDay|[upkeep]\n|upkeep\n|turn|7\n|\n|t:|1776242901\n|move|p1b: Excadrill|Rock Slide|p2b: Scizor|[spread] p2a,p2b\n|-damage|p2a: Milotic|0 fnt\n|-damage|p2b: Scizor|12/100\n|faint|p2a: Milotic\n|move|p2b: Scizor|Bug Bite|p1b: Excadrill\n|-resisted|p1b: Excadrill|1\n|-damage|p1b: Excadrill|19/100\n|\n|-weather|SunnyDay|[upkeep]\n|upkeep\n|turn|8\n|\n|t:|1776242913\n|move|p2b: Scizor|Bullet Punch|p1b: Excadrill\n|-resisted|p1b: Excadrill|1\n|-damage|p1b: Excadrill|0 fnt\n|faint|p1b: Excadrill\n|\n|win|colfox\n|raw|AdriJC's rating: 1106 &rarr; <strong>1087</strong><br />(-19 for losing)\n|raw|colfox's rating: 1198 &rarr; <strong>1217</strong><br />(+19 for winning)\n",
  "uploadtime": 1776242924,
  "views": 35,
  "formatid": "gen9championsvgc2026regma",
  "rating": 1087,
  "private": 0,
  "password": null
}