{
  "id": "gen9championsvgc2026regma-2588633762",
  "format": "[Gen 9 Champions] VGC 2026 Reg M-A",
  "players": [
    "thicc latina lover",
    "JellyBeanDeath"
  ],
  "log": "|j|\u2606thicc latina lover\n|j|\u2606JellyBeanDeath\n|t:|1776652153\n|gametype|doubles\n|player|p1|thicc latina lover|skyla|1473\n|player|p2|JellyBeanDeath|102|1530\n|gen|9\n|tier|[Gen 9 Champions] VGC 2026 Reg M-A\n|rated|\n|rule|Species Clause: Limit one of each Pok\u00e9mon\n|rule|Item Clause: Limit 1 of each item\n|clearpoke\n|poke|p1|Venusaur, L50, M, shiny|\n|poke|p1|Maushold, L50|\n|poke|p1|Basculegion, L50, M|\n|poke|p1|Sneasler, L50, M|\n|poke|p1|Kingambit, L50, F|\n|poke|p1|Gardevoir, L50, F|\n|poke|p2|Charizard, L50, F|\n|poke|p2|Heliolisk, L50, M|\n|poke|p2|Milotic, L50, F|\n|poke|p2|Aerodactyl, L50, F|\n|poke|p2|Farigiraf, L50, M|\n|poke|p2|Kommo-o, L50, F|\n|teampreview|4\n|inactive|Battle timer is ON: inactive players will automatically lose when time's up. (requested by JellyBeanDeath)\n|j| bigbadpoopr\n|inactive|thicc latina lover has 60 seconds left.\n|inactive|JellyBeanDeath has 60 seconds left.\n|\n|t:|1776652207\n|teamsize|p1|4\n|teamsize|p2|4\n|start\n|switch|p1a: Venusaur|Venusaur, L50, M, shiny|100/100\n|switch|p1b: Maushold|Maushold, L50|100/100\n|switch|p2a: Charizard|Charizard, L50, F|100/100\n|switch|p2b: Aerodactyl|Aerodactyl, L50, F|100/100\n|-ability|p2b: Aerodactyl|Unnerve\n|turn|1\n|\n|t:|1776652231\n|detailschange|p1a: Venusaur|Venusaur-Mega, L50, M, shiny\n|-mega|p1a: Venusaur|Venusaur|Venusaurite\n|move|p1b: Maushold|Protect|p1b: Maushold\n|-singleturn|p1b: Maushold|Protect\n|move|p2a: Charizard|Protect|p2a: Charizard\n|-singleturn|p2a: Charizard|Protect\n|move|p2b: Aerodactyl|Tailwind|p2b: Aerodactyl\n|-sidestart|p2: JellyBeanDeath|move: Tailwind\n|move|p1a: Venusaur|Sludge Bomb|p2a: Charizard\n|-activate|p2a: Charizard|move: Protect\n|\n|upkeep\n|turn|2\n|\n|t:|1776652248\n|detailschange|p2a: Charizard|Charizard-Mega-Y, L50, F\n|-mega|p2a: Charizard|Charizard|Charizardite Y\n|-weather|SunnyDay|[from] ability: Drought|[of] p2a: Charizard\n|move|p2b: Aerodactyl|Rock Slide|p1a: Venusaur|[spread] \n|-miss|p2b: Aerodactyl|p1a: Venusaur\n|-miss|p2b: Aerodactyl|p1b: Maushold\n|move|p2a: Charizard|Heat Wave|p1a: Venusaur|[spread] p1a,p1b\n|-supereffective|p1a: Venusaur|1\n|-damage|p1a: Venusaur|69/100\n|-damage|p1b: Maushold|25/100\n|move|p1b: Maushold|Super Fang|p2a: Charizard\n|-damage|p2a: Charizard|51/100\n|move|p1a: Venusaur|Sludge Bomb|p2a: Charizard\n|-damage|p2a: Charizard|15/100\n|-status|p2a: Charizard|psn\n|\n|-weather|SunnyDay|[upkeep]\n|-damage|p2a: Charizard|2/100 psn|[from] psn\n|upkeep\n|turn|3\n|\n|t:|1776652271\n|switch|p2a: Heliolisk|Heliolisk, L50, M|100/100\n|move|p1b: Maushold|Protect|p1b: Maushold\n|-singleturn|p1b: Maushold|Protect\n|move|p1a: Venusaur|Protect|p1a: Venusaur\n|-singleturn|p1a: Venusaur|Protect\n|move|p2b: Aerodactyl|Rock Slide|p1b: Maushold|[spread] \n|-activate|p1a: Venusaur|move: Protect\n|-activate|p1b: Maushold|move: Protect\n|\n|-weather|SunnyDay|[upkeep]\n|-damage|p2a: Heliolisk|88/100|[from] ability: Solar Power|[of] p2a: Heliolisk\n|upkeep\n|turn|4\n|inactive|thicc latina lover has 30 seconds left.\n|\n|t:|1776652299\n|move|p2a: Heliolisk|Weather Ball|p1a: Venusaur\n|-supereffective|p1a: Venusaur|1\n|-damage|p1a: Venusaur|37/100\n|move|p2b: Aerodactyl|Rock Slide|p1b: Maushold|[spread] p1a\n|-miss|p2b: Aerodactyl|p1b: Maushold\n|-damage|p1a: Venusaur|22/100\n|move|p1b: Maushold|Super Fang|p2b: Aerodactyl\n|-damage|p2b: Aerodactyl|51/100\n|cant|p1a: Venusaur|flinch\n|\n|-weather|SunnyDay|[upkeep]\n|-damage|p2a: Heliolisk|76/100|[from] ability: Solar Power|[of] p2a: Heliolisk\n|-sideend|p2: JellyBeanDeath|move: Tailwind\n|upkeep\n|turn|5\n|\n|t:|1776652321\n|move|p1b: Maushold|Follow Me|p1b: Maushold\n|-singleturn|p1b: Maushold|move: Follow Me\n|move|p2a: Heliolisk|Weather Ball|p1b: Maushold\n|-damage|p1b: Maushold|0 fnt\n|faint|p1b: Maushold\n|move|p2b: Aerodactyl|Rock Slide|p1a: Venusaur\n|-damage|p1a: Venusaur|0 fnt\n|faint|p1a: Venusaur\n|\n|-weather|SunnyDay|[upkeep]\n|-damage|p2a: Heliolisk|63/100|[from] ability: Solar Power|[of] p2a: Heliolisk\n|upkeep\n|\n|t:|1776652325\n|switch|p1b: Sneasler|Sneasler, L50, M|100/100\n|switch|p1a: Basculegion|Basculegion, L50, M|100/100\n|turn|6\n|\n|t:|1776652344\n|move|p2b: Aerodactyl|Protect|p2b: Aerodactyl\n|-singleturn|p2b: Aerodactyl|Protect\n|move|p1a: Basculegion|Aqua Jet|p2b: Aerodactyl\n|-activate|p2b: Aerodactyl|move: Protect\n|move|p2a: Heliolisk|Weather Ball|p1b: Sneasler\n|-damage|p1b: Sneasler|0 fnt\n|faint|p1b: Sneasler\n|\n|-weather|none\n|upkeep\n|turn|7\n|-message|thicc latina lover forfeited.\n|\n|win|JellyBeanDeath\n|raw|thicc latina lover's rating: 1473 &rarr; <strong>1456</strong><br />(-17 for losing)\n|raw|JellyBeanDeath's rating: 1530 &rarr; <strong>1547</strong><br />(+17 for winning)\n|l|\u2606thicc latina lover\n|player|p1|\n|l|\u2606JellyBeanDeath\n|player|p2|\n|l| bigbadpoopr\n",
  "uploadtime": 1776652353,
  "views": 5,
  "formatid": "gen9championsvgc2026regma",
  "rating": 1456,
  "private": 0,
  "password": null
}