{
  "id": "gen9championsvgc2026regma-2581073929",
  "format": "[Gen 9 Champions] VGC 2026 Reg M-A",
  "players": [
    "Godther",
    "yamede\u86c7\u5982"
  ],
  "log": "|j|\u2606Godther\n|j|\u2606yamede\u86c7\u5982\n|t:|1775957382\n|gametype|doubles\n|player|p1|Godther|n|1246\n|player|p2|yamede\u86c7\u5982|265|1253\n|gen|9\n|tier|[Gen 9 Champions] VGC 2026 Reg M-A\n|rated|\n|rule|Species Clause: Limit one of each Pok\u00e9mon\n|rule|Item Clause: Limit 1 of each item\n|clearpoke\n|poke|p1|Floette-Eternal, L50, F|\n|poke|p1|Whimsicott, L50, M|\n|poke|p1|Sinistcha-Masterpiece, L50|\n|poke|p1|Garchomp, L50, M|\n|poke|p1|Armarouge, L50, M|\n|poke|p1|Kingambit, L50, M|\n|poke|p2|Tyranitar, L50, F|\n|poke|p2|Milotic, L50, F|\n|poke|p2|Excadrill, L50, M|\n|poke|p2|Gardevoir, L50, F|\n|poke|p2|Incineroar, L50, F|\n|poke|p2|Sinistcha, L50|\n|teampreview|4\n|j| golett kombucha\n|j| acyanmage\n|l| golett kombucha\n|inactive|Battle timer is ON: inactive players will automatically lose when time's up. (requested by Godther)\n|inactive|yamede\u86c7\u5982 has 60 seconds left.\n|\n|t:|1775957450\n|teamsize|p1|4\n|teamsize|p2|4\n|start\n|switch|p1a: Garchomp|Garchomp, L50, M|100/100\n|switch|p1b: Armarouge|Armarouge, L50, M, shiny|100/100\n|switch|p2a: Gardevoir|Gardevoir, L50, F, shiny|100/100\n|switch|p2b: Excadrill|Excadrill, L50, M|100/100\n|-ability|p2a: Gardevoir|Rough Skin|Trace|[from] ability: Trace|[of] p1a: Garchomp\n|turn|1\n|\n|t:|1775957475\n|detailschange|p2a: Gardevoir|Gardevoir-Mega, L50, F, shiny\n|-mega|p2a: Gardevoir|Gardevoir|Gardevoirite\n|move|p1b: Armarouge|Wide Guard|p1b: Armarouge\n|-singleturn|p1b: Armarouge|Wide Guard\n|move|p1a: Garchomp|Earthquake|p2b: Excadrill|[spread] p2a,p2b\n|-activate|p1b: Armarouge|move: Wide Guard\n|-supereffective|p2b: Excadrill|1\n|-damage|p2a: Gardevoir|36/100\n|-enditem|p2b: Excadrill|Focus Sash\n|-damage|p2b: Excadrill|1/100\n|move|p2a: Gardevoir|Hyper Voice|p1a: Garchomp|[spread] \n|-activate|p1a: Garchomp|move: Wide Guard\n|-activate|p1b: Armarouge|move: Wide Guard\n|move|p2b: Excadrill|High Horsepower|p1b: Armarouge\n|-supereffective|p1b: Armarouge|1\n|-crit|p1b: Armarouge\n|-damage|p1b: Armarouge|0 fnt\n|faint|p1b: Armarouge\n|\n|upkeep\n|inactive|Godther has 30 seconds left.\n|inactive|Godther has 20 seconds left.\n|\n|t:|1775957511\n|switch|p1b: Whimsicott|Whimsicott, L50, M, shiny|100/100\n|turn|2\n|inactive|Godther has 30 seconds left.\n|inactive|yamede\u86c7\u5982 has 30 seconds left.\n|inactive|yamede\u86c7\u5982 has 20 seconds left.\n|inactive|yamede\u86c7\u5982 has 15 seconds left.\n|inactive|yamede\u86c7\u5982 has 10 seconds left.\n|\n|t:|1775957557\n|switch|p2a: Sinistcha|Sinistcha, L50|100/100\n|-heal|p2b: Excadrill|26/100|[from] ability: Hospitality|[of] p2a: Sinistcha\n|move|p2b: Excadrill|Protect|p2b: Excadrill\n|-singleturn|p2b: Excadrill|Protect\n|move|p1b: Whimsicott|Tailwind|p1b: Whimsicott\n|-sidestart|p1: Godther|move: Tailwind\n|move|p1a: Garchomp|Earthquake|p2b: Excadrill|[spread] p1b,p2a\n|-activate|p2b: Excadrill|move: Protect\n|-resisted|p1b: Whimsicott|1\n|-resisted|p2a: Sinistcha|1\n|-damage|p1b: Whimsicott|71/100\n|-damage|p2a: Sinistcha|83/100\n|\n|upkeep\n|turn|3\n|inactive|yamede\u86c7\u5982 has 30 seconds left.\n|inactive|yamede\u86c7\u5982 has 20 seconds left.\n|inactive|yamede\u86c7\u5982 has 15 seconds left.\n|\n|t:|1775957598\n|switch|p2b: Tyranitar|Tyranitar, L50, F|100/100\n|-weather|Sandstorm|[from] ability: Sand Stream|[of] p2b: Tyranitar\n|move|p1b: Whimsicott|Protect|p1b: Whimsicott\n|-singleturn|p1b: Whimsicott|Protect\n|move|p1a: Garchomp|Earthquake|p2b: Tyranitar|[spread] p2a,p2b\n|-activate|p1b: Whimsicott|move: Protect\n|-resisted|p2a: Sinistcha|1\n|-supereffective|p2b: Tyranitar|1\n|-crit|p2b: Tyranitar\n|-damage|p2a: Sinistcha|66/100\n|-damage|p2b: Tyranitar|0 fnt\n|faint|p2b: Tyranitar\n|move|p2a: Sinistcha|Trick Room|p2a: Sinistcha\n|-fieldstart|move: Trick Room|[of] p2a: Sinistcha\n|\n|-weather|Sandstorm|[upkeep]\n|-damage|p2a: Sinistcha|59/100|[from] Sandstorm\n|-damage|p1b: Whimsicott|65/100|[from] Sandstorm\n|upkeep\n|\n|t:|1775957609\n|switch|p2b: Gardevoir|Gardevoir-Mega, L50, F, shiny|36/100\n|turn|4\n|inactive|Godther has 30 seconds left.\n|\n|t:|1775957641\n|switch|p1a: Floette|Floette-Eternal, L50, F|100/100\n|move|p1b: Whimsicott|Encore|p2a: Sinistcha\n|-start|p2a: Sinistcha|Encore\n|move|p2b: Gardevoir|Hyper Voice|p1b: Whimsicott|[spread] p1a,p1b\n|-damage|p1a: Floette|54/100\n|-damage|p1b: Whimsicott|0 fnt\n|faint|p1b: Whimsicott\n|move|p2a: Sinistcha|Trick Room|p2a: Sinistcha\n|-fieldend|move: Trick Room\n|\n|-weather|Sandstorm|[upkeep]\n|-damage|p1a: Floette|48/100|[from] Sandstorm\n|-damage|p2b: Gardevoir|30/100|[from] Sandstorm\n|-damage|p2a: Sinistcha|53/100|[from] Sandstorm\n|upkeep\n|\n|t:|1775957647\n|switch|p1b: Garchomp|Garchomp, L50, M|100/100\n|turn|5\n|inactive|Godther has 30 seconds left.\n|inactive|Godther has 20 seconds left.\n|inactive|Godther has 15 seconds left.\n|inactive|yamede\u86c7\u5982 has 30 seconds left.\n|inactive|yamede\u86c7\u5982 has 20 seconds left.\n|inactive|yamede\u86c7\u5982 has 15 seconds left.\n|inactive|yamede\u86c7\u5982 has 10 seconds left.\n|\n|t:|1775957719\n|detailschange|p1a: Floette|Floette-Mega, L50, F\n|-mega|p1a: Floette|Floette|Floettite\n|-ability|p1a: Floette|Fairy Aura\n|move|p2b: Gardevoir|Protect|p2b: Gardevoir\n|-singleturn|p2b: Gardevoir|Protect\n|move|p1b: Garchomp|Stomping Tantrum|p2b: Gardevoir\n|-activate|p2b: Gardevoir|move: Protect\n|move|p1a: Floette|Draining Kiss|p2a: Sinistcha\n|-damage|p2a: Sinistcha|14/100\n|-heal|p1a: Floette|83/100|[from] drain|[of] p2a: Sinistcha\n|-enditem|p2a: Sinistcha|Sitrus Berry|[eat]\n|-heal|p2a: Sinistcha|39/100|[from] item: Sitrus Berry\n|move|p2a: Sinistcha|Trick Room|p2a: Sinistcha\n|-fieldstart|move: Trick Room|[of] p2a: Sinistcha\n|\n|-weather|Sandstorm|[upkeep]\n|-damage|p2a: Sinistcha|33/100|[from] Sandstorm\n|-damage|p2b: Gardevoir|24/100|[from] Sandstorm\n|-damage|p1a: Floette|77/100|[from] Sandstorm\n|-sideend|p1: Godther|move: Tailwind\n|upkeep\n|turn|6\n|inactive|Godther has 30 seconds left.\n|inactive|yamede\u86c7\u5982 has 30 seconds left.\n|inactive|yamede\u86c7\u5982 has 20 seconds left.\n|inactive|yamede\u86c7\u5982 has 15 seconds left.\n|inactive|yamede\u86c7\u5982 has 10 seconds left.\n|inactive|yamede\u86c7\u5982 has 5 seconds left.\n|\n|t:|1775957770\n|move|p1a: Floette|Dazzling Gleam|p2a: Sinistcha|[spread] p2a,p2b\n|-damage|p2a: Sinistcha|0 fnt\n|-damage|p2b: Gardevoir|0 fnt\n|faint|p2a: Sinistcha\n|faint|p2b: Gardevoir\n|move|p1b: Garchomp|Stomping Tantrum|p2: Sinistcha|[notarget]\n|-fail|p1b: Garchomp\n|\n|-weather|Sandstorm|[upkeep]\n|-damage|p1a: Floette|71/100|[from] Sandstorm\n|upkeep\n|c|\u2606Godther|thanks\n|\n|t:|1775957775\n|switch|p2b: Excadrill|Excadrill, L50, M|26/100\n|turn|7\n|-message|yamede\u86c7\u5982 forfeited.\n|\n|win|Godther\n|raw|Godther's rating: 1246 &rarr; <strong>1272</strong><br />(+26 for winning)\n|raw|yamede\u86c7\u5982's rating: 1253 &rarr; <strong>1227</strong><br />(-26 for losing)\n|l|\u2606yamede\u86c7\u5982\n|player|p2|\n|j| R0SSELL\n|l|\u2606Godther\n|player|p1|\n",
  "uploadtime": 1775957902,
  "views": 29,
  "formatid": "gen9championsvgc2026regma",
  "rating": 1227,
  "private": 0,
  "password": null
}