{
  "id": "gen9championsvgc2026regma-2580702165",
  "format": "[Gen 9 Champions] VGC 2026 Reg M-A",
  "players": [
    "pabs1234",
    "Ars0n15t"
  ],
  "log": "|j|\u2606pabs1234\n|j|\u2606Ars0n15t\n|t:|1775925509\n|gametype|doubles\n|player|p1|pabs1234|170|1000\n|player|p2|Ars0n15t|miku-water|1094\n|gen|9\n|tier|[Gen 9 Champions] VGC 2026 Reg M-A\n|rated|\n|rule|Species Clause: Limit one of each Pok\u00e9mon\n|rule|Item Clause: Limit 1 of each item\n|clearpoke\n|poke|p1|Sylveon, L50, F|\n|poke|p1|Archaludon, L50, F|\n|poke|p1|Politoed, L50, M|\n|poke|p1|Meganium, L50, F|\n|poke|p1|Maushold, L50|\n|poke|p1|Sinistcha, L50|\n|poke|p2|Starmie, L50|\n|poke|p2|Pelipper, L50, M|\n|poke|p2|Incineroar, L50, F|\n|poke|p2|Meganium, L50, M|\n|poke|p2|Farigiraf, L50, M|\n|poke|p2|Archaludon, L50, M|\n|teampreview|4\n|inactive|Battle timer is ON: inactive players will automatically lose when time's up. (requested by Ars0n15t)\n|inactive|Ars0n15t has 60 seconds left.\n|inactive|Ars0n15t has 30 seconds left.\n|inactive|Ars0n15t has 20 seconds left.\n|inactive|Ars0n15t has 15 seconds left.\n|\n|t:|1775925587\n|teamsize|p1|4\n|teamsize|p2|4\n|start\n|switch|p1a: Meganium|Meganium, L50, F|100/100\n|switch|p1b: Politoed|Politoed, L50, M|100/100\n|switch|p2a: Pelipper|Pelipper, L50, M|100/100\n|switch|p2b: Archaludon|Archaludon, L50, M|100/100\n|-weather|RainDance|[from] ability: Drizzle|[of] p2a: Pelipper\n|turn|1\n|inactive|pabs1234 has 30 seconds left.\n|inactive|pabs1234 has 20 seconds left.\n|inactive|pabs1234 has 15 seconds left.\n|\n|t:|1775925630\n|detailschange|p1a: Meganium|Meganium-Mega, L50, F\n|-mega|p1a: Meganium|Meganium|Meganiumite\n|move|p1a: Meganium|Weather Ball|p2b: Archaludon\n|-damage|p2b: Archaludon|66/100\n|-ability|p2b: Archaludon|Stamina|boost\n|-boost|p2b: Archaludon|def|1\n|move|p2a: Pelipper|Tailwind|p2a: Pelipper\n|-sidestart|p2: Ars0n15t|move: Tailwind\n|move|p2b: Archaludon|Electro Shot||[still]\n|-prepare|p2b: Archaludon|Electro Shot\n|-boost|p2b: Archaludon|spa|1\n|-anim|p2b: Archaludon|Electro Shot|p1b: Politoed\n|-supereffective|p1b: Politoed|1\n|-enditem|p1b: Politoed|Wacan Berry|[eat]\n|-enditem|p1b: Politoed|Wacan Berry|[weaken]\n|-damage|p1b: Politoed|47/100\n|move|p1b: Politoed|Perish Song|p1b: Politoed\n|-start|p1a: Meganium|perish3|[silent]\n|-start|p1b: Politoed|perish3|[silent]\n|-start|p2a: Pelipper|perish3|[silent]\n|-start|p2b: Archaludon|perish3|[silent]\n|-fieldactivate|move: Perish Song\n|\n|-weather|RainDance|[upkeep]\n|-start|p2a: Pelipper|perish3\n|-start|p2b: Archaludon|perish3\n|-start|p1a: Meganium|perish3\n|-start|p1b: Politoed|perish3\n|upkeep\n|turn|2\n|inactive|Ars0n15t has 30 seconds left.\n|\n|t:|1775925656\n|move|p1a: Meganium|Protect|p1a: Meganium\n|-singleturn|p1a: Meganium|Protect\n|move|p1b: Politoed|Protect|p1b: Politoed\n|-singleturn|p1b: Politoed|Protect\n|move|p2a: Pelipper|Hurricane|p1a: Meganium\n|-activate|p1a: Meganium|move: Protect\n|move|p2b: Archaludon|Flash Cannon|p1a: Meganium\n|-activate|p1a: Meganium|move: Protect\n|\n|-weather|RainDance|[upkeep]\n|-start|p2a: Pelipper|perish2\n|-start|p2b: Archaludon|perish2\n|-start|p1a: Meganium|perish2\n|-start|p1b: Politoed|perish2\n|upkeep\n|turn|3\n|inactive|pabs1234 has 30 seconds left.\n|inactive|pabs1234 has 20 seconds left.\n|inactive|pabs1234 has 15 seconds left.\n|\n|t:|1775925698\n|switch|p1b: Archaludon|Archaludon, L50, F, shiny|100/100\n|move|p2a: Pelipper|Hurricane|p1a: Meganium\n|-supereffective|p1a: Meganium|1\n|-damage|p1a: Meganium|6/100\n|move|p2b: Archaludon|Electro Shot||[still]\n|-prepare|p2b: Archaludon|Electro Shot\n|-boost|p2b: Archaludon|spa|1\n|-anim|p2b: Archaludon|Electro Shot|p1b: Archaludon\n|-resisted|p1b: Archaludon|1\n|-damage|p1b: Archaludon|33/100\n|-ability|p1b: Archaludon|Stamina|boost\n|-boost|p1b: Archaludon|def|1\n|move|p1a: Meganium|Solar Beam||[still]\n|-prepare|p1a: Meganium|Solar Beam\n|-activate|p1a: Meganium|ability: Mega Sol\n|-anim|p1a: Meganium|Solar Beam|p2a: Pelipper\n|-enditem|p2a: Pelipper|Focus Sash\n|-damage|p2a: Pelipper|1/100\n|\n|-weather|RainDance|[upkeep]\n|-start|p2a: Pelipper|perish1\n|-start|p2b: Archaludon|perish1\n|-start|p1a: Meganium|perish1\n|upkeep\n|turn|4\n|inactive|pabs1234 has 30 seconds left.\n|inactive|pabs1234 has 20 seconds left.\n|\n|t:|1775925733\n|switch|p2a: Farigiraf|Farigiraf, L50, M|100/100\n|switch|p2b: Meganium|Meganium, L50, M|100/100\n|switch|p1a: Sylveon|Sylveon, L50, F|100/100\n|move|p1b: Archaludon|Electro Shot||[still]\n|-prepare|p1b: Archaludon|Electro Shot\n|-boost|p1b: Archaludon|spa|1\n|-anim|p1b: Archaludon|Electro Shot|p2b: Meganium\n|-resisted|p2b: Meganium|1\n|-damage|p2b: Meganium|68/100\n|\n|-weather|RainDance|[upkeep]\n|-sideend|p2: Ars0n15t|move: Tailwind\n|upkeep\n|turn|5\n|\n|t:|1775925754\n|detailschange|p2b: Meganium|Meganium-Mega, L50, M\n|-mega|p2b: Meganium|Meganium|Meganiumite\n|move|p2b: Meganium|Protect|p2b: Meganium\n|-singleturn|p2b: Meganium|Protect\n|move|p1b: Archaludon|Heavy Slam|p2b: Meganium\n|-activate|p2b: Meganium|move: Protect\n|move|p1a: Sylveon|Hyper Voice|p2a: Farigiraf|[spread] p2a\n|-activate|p2b: Meganium|move: Protect\n|-damage|p2a: Farigiraf|56/100\n|move|p2a: Farigiraf|Imprison|p2a: Farigiraf\n|-start|p2a: Farigiraf|move: Imprison\n|\n|-weather|none\n|-heal|p2a: Farigiraf|63/100|[from] item: Leftovers\n|upkeep\n|turn|6\n|inactive|pabs1234 has 30 seconds left.\n|inactive|Ars0n15t has 30 seconds left.\n|\n|t:|1775925786\n|switch|p2b: Archaludon|Archaludon, L50, M|66/100\n|move|p1a: Sylveon|Helping Hand|p1b: Archaludon\n|-singleturn|p1b: Archaludon|Helping Hand|[of] p1a: Sylveon\n|move|p1b: Archaludon|Heavy Slam|p2b: Archaludon\n|-resisted|p2b: Archaludon|1\n|-damage|p2b: Archaludon|59/100\n|-ability|p2b: Archaludon|Stamina|boost\n|-boost|p2b: Archaludon|def|1\n|move|p2a: Farigiraf|Psychic|p1b: Archaludon\n|-resisted|p1b: Archaludon|1\n|-damage|p1b: Archaludon|5/100\n|-ability|p1b: Archaludon|Stamina|boost\n|-boost|p1b: Archaludon|def|1\n|\n|-heal|p2a: Farigiraf|69/100|[from] item: Leftovers\n|upkeep\n|turn|7\n|inactive|Ars0n15t has 30 seconds left.\n|inactive|Ars0n15t has 20 seconds left.\n|\n|t:|1775925824\n|move|p1b: Archaludon|Protect|p1b: Archaludon\n|-singleturn|p1b: Archaludon|Protect\n|move|p1a: Sylveon|Quick Attack||[still]\n|cant|p2a: Farigiraf|ability: Armor Tail|Quick Attack|[of] p1a: Sylveon\n|move|p2b: Archaludon|Flash Cannon|p1a: Sylveon\n|-supereffective|p1a: Sylveon|1\n|-damage|p1a: Sylveon|53/100\n|move|p2a: Farigiraf|Psychic|p1b: Archaludon\n|-activate|p1b: Archaludon|move: Protect\n|\n|-heal|p2a: Farigiraf|75/100|[from] item: Leftovers\n|upkeep\n|turn|8\n|inactive|pabs1234 has 30 seconds left.\n|\n|t:|1775925859\n|switch|p1a: Politoed|Politoed, L50, M|47/100\n|-weather|RainDance|[from] ability: Drizzle|[of] p1a: Politoed\n|move|p2b: Archaludon|Protect|p2b: Archaludon\n|-singleturn|p2b: Archaludon|Protect\n|move|p1b: Archaludon|Electro Shot||[still]\n|-prepare|p1b: Archaludon|Electro Shot\n|-boost|p1b: Archaludon|spa|1\n|-anim|p1b: Archaludon|Electro Shot|p2a: Farigiraf\n|-damage|p2a: Farigiraf|0 fnt\n|faint|p2a: Farigiraf\n|\n|-weather|RainDance|[upkeep]\n|upkeep\n|inactive|Ars0n15t has 30 seconds left.\n|inactive|Ars0n15t has 20 seconds left.\n|inactive|Ars0n15t has 15 seconds left.\n|\n|t:|1775925901\n|switch|p2a: Pelipper|Pelipper, L50, M|1/100\n|turn|9\n|\n|t:|1775925915\n|move|p1b: Archaludon|Protect|p1b: Archaludon\n|-singleturn|p1b: Archaludon|Protect\n|move|p2a: Pelipper|Tailwind|p2a: Pelipper\n|-sidestart|p2: Ars0n15t|move: Tailwind\n|move|p2b: Archaludon|Electro Shot||[still]\n|-prepare|p2b: Archaludon|Electro Shot\n|-boost|p2b: Archaludon|spa|1\n|-anim|p2b: Archaludon|Electro Shot|p1a: Politoed\n|-supereffective|p1a: Politoed|1\n|-damage|p1a: Politoed|0 fnt\n|faint|p1a: Politoed\n|\n|-weather|RainDance|[upkeep]\n|upkeep\n|\n|t:|1775925927\n|switch|p1a: Sylveon|Sylveon, L50, F|53/100\n|turn|10\n|\n|t:|1775925950\n|move|p1a: Sylveon|Quick Attack|p2a: Pelipper\n|-damage|p2a: Pelipper|0 fnt\n|faint|p2a: Pelipper\n|move|p2b: Archaludon|Electro Shot||[still]\n|-prepare|p2b: Archaludon|Electro Shot\n|-boost|p2b: Archaludon|spa|1\n|-anim|p2b: Archaludon|Electro Shot|p1b: Archaludon\n|-resisted|p1b: Archaludon|1\n|-crit|p1b: Archaludon\n|-damage|p1b: Archaludon|0 fnt\n|faint|p1b: Archaludon\n|\n|-weather|RainDance|[upkeep]\n|upkeep\n|\n|t:|1775925961\n|switch|p2a: Meganium|Meganium-Mega, L50, M|68/100\n|switch|p1b: Meganium|Meganium-Mega, L50, F|6/100\n|turn|11\n|inactive|pabs1234 has 30 seconds left.\n|\n|t:|1775925990\n|move|p2b: Archaludon|Flash Cannon|p1a: Sylveon\n|-supereffective|p1a: Sylveon|1\n|-damage|p1a: Sylveon|0 fnt\n|faint|p1a: Sylveon\n|move|p2a: Meganium|Weather Ball|p1b: Meganium\n|-supereffective|p1b: Meganium|1\n|-damage|p1b: Meganium|0 fnt\n|faint|p1b: Meganium\n|\n|win|Ars0n15t\n|raw|pabs1234's rating: 1000 &rarr; <strong>1000</strong><br />(+0 for losing)\n|raw|Ars0n15t's rating: 1094 &rarr; <strong>1113</strong><br />(+19 for winning)\n|c|\u2606Ars0n15t|Gg\n|l|\u2606pabs1234\n|player|p1|\n",
  "uploadtime": 1775926048,
  "views": 17,
  "formatid": "gen9championsvgc2026regma",
  "rating": 1000,
  "private": 0,
  "password": null
}