{
  "id": "gen9championsvgc2026regma-2587967995",
  "format": "[Gen 9 Champions] VGC 2026 Reg M-A",
  "players": [
    "p3elz",
    "ozonell"
  ],
  "log": "|j|\u2606p3elz\n|j|\u2606ozonell\n|t:|1776586265\n|gametype|doubles\n|player|p1|p3elz|benga|1064\n|player|p2|ozonell|266|1000\n|gen|9\n|tier|[Gen 9 Champions] VGC 2026 Reg M-A\n|rated|\n|rule|Species Clause: Limit one of each Pok\u00e9mon\n|rule|Item Clause: Limit 1 of each item\n|clearpoke\n|poke|p1|Espathra, L50, M|\n|poke|p1|Alcremie-Rainbow-Swirl, L50, F|\n|poke|p1|Liepard, L50, M|\n|poke|p1|Venusaur, L50, F|\n|poke|p1|Lucario, L50, F|\n|poke|p1|Rotom-Wash, L50|\n|poke|p2|Gardevoir, L50, M|\n|poke|p2|Farigiraf, L50, F|\n|poke|p2|Espeon, L50, M|\n|poke|p2|Primarina, L50, F|\n|poke|p2|Scizor, L50, F|\n|poke|p2|Incineroar, L50, F|\n|teampreview|4\n|j| alexgpapmer\n|\n|t:|1776586299\n|teamsize|p1|4\n|teamsize|p2|4\n|start\n|switch|p1a: Liepard|Liepard, L50, M|100/100\n|switch|p1b: Espathra|Espathra, L50, M|100/100\n|switch|p2a: Farigiraf|Farigiraf, L50, F|100/100\n|switch|p2b: Espeon|Espeon, L50, M|100/100\n|turn|1\n|\n|t:|1776586322\n|move|p1a: Liepard|U-turn|p2a: Farigiraf\n|-supereffective|p2a: Farigiraf|1\n|-damage|p2a: Farigiraf|71/100\n|\n|t:|1776586326\n|switch|p1a: Rotom|Rotom-Wash, L50|100/100|[from] U-turn\n|move|p1b: Espathra|Calm Mind|p1b: Espathra\n|-boost|p1b: Espathra|spa|1\n|-boost|p1b: Espathra|spd|1\n|move|p2b: Espeon|Power Gem|p1b: Espathra\n|-damage|p1b: Espathra|69/100\n|move|p2a: Farigiraf|Trick Room|p2a: Farigiraf\n|-fieldstart|move: Trick Room|[of] p2a: Farigiraf\n|\n|-ability|p1b: Espathra|Speed Boost|boost\n|-boost|p1b: Espathra|spe|1\n|upkeep\n|turn|2\n|\n|t:|1776586357\n|move|p2a: Farigiraf|Helping Hand|p2b: Espeon\n|-singleturn|p2b: Espeon|Helping Hand|[of] p2a: Farigiraf\n|move|p1a: Rotom|Volt Switch|p2b: Espeon\n|-damage|p2b: Espeon|63/100\n|\n|t:|1776586370\n|switch|p1a: Liepard|Liepard, L50, M|100/100|[from] Volt Switch\n|move|p2b: Espeon|Psychic|p1a: Liepard\n|-immune|p1a: Liepard\n|move|p1b: Espathra|Calm Mind|p1b: Espathra\n|-boost|p1b: Espathra|spa|1\n|-boost|p1b: Espathra|spd|1\n|\n|-ability|p1b: Espathra|Speed Boost|boost\n|-boost|p1b: Espathra|spe|1\n|upkeep\n|turn|3\n|\n|t:|1776586390\n|move|p2a: Farigiraf|Psychic Noise|p1b: Espathra\n|-resisted|p1b: Espathra|1\n|-damage|p1b: Espathra|56/100\n|-start|p1b: Espathra|move: Heal Block\n|move|p2b: Espeon|Power Gem|p1b: Espathra\n|-damage|p1b: Espathra|34/100\n|move|p1a: Liepard|U-turn|p2a: Farigiraf\n|-supereffective|p2a: Farigiraf|1\n|-damage|p2a: Farigiraf|44/100\n|\n|t:|1776586400\n|switch|p1a: Alcremie|Alcremie-Rainbow-Swirl, L50, F|100/100|[from] U-turn\n|move|p1b: Espathra|Lumina Crash|p2b: Espeon\n|-resisted|p2b: Espeon|1\n|-damage|p2b: Espeon|27/100\n|-unboost|p2b: Espeon|spd|2\n|\n|-ability|p1b: Espathra|Speed Boost|boost\n|-boost|p1b: Espathra|spe|1\n|upkeep\n|turn|4\n|\n|t:|1776586418\n|move|p1b: Espathra|Protect|p1b: Espathra\n|-singleturn|p1b: Espathra|Protect\n|move|p1a: Alcremie|Decorate|p1b: Espathra\n|-boost|p1b: Espathra|atk|2\n|-boost|p1b: Espathra|spa|2\n|move|p2b: Espeon|Power Gem|p1b: Espathra\n|-activate|p1b: Espathra|move: Protect\n|move|p2a: Farigiraf|Trick Room|p2a: Farigiraf\n|-fieldend|move: Trick Room\n|\n|-end|p1b: Espathra|move: Heal Block\n|-ability|p1b: Espathra|Speed Boost|boost\n|-boost|p1b: Espathra|spe|1\n|upkeep\n|-enditem|p1b: Espathra|Sitrus Berry|[eat]\n|-heal|p1b: Espathra|59/100|[from] item: Sitrus Berry\n|turn|5\n|inactive|Battle timer is ON: inactive players will automatically lose when time's up. (requested by ozonell)\n|\n|t:|1776586443\n|move|p1b: Espathra|Lumina Crash|p2a: Farigiraf\n|-resisted|p2a: Farigiraf|1\n|-damage|p2a: Farigiraf|0 fnt\n|faint|p2a: Farigiraf\n|move|p2b: Espeon|Power Gem|p1b: Espathra\n|-damage|p1b: Espathra|37/100\n|move|p1a: Alcremie|Draining Kiss|p2b: Espeon\n|-damage|p2b: Espeon|0 fnt\n|faint|p2b: Espeon\n|\n|-ability|p1b: Espathra|Speed Boost|boost\n|-boost|p1b: Espathra|spe|1\n|upkeep\n|\n|t:|1776586457\n|switch|p2b: Gardevoir|Gardevoir, L50, M|100/100\n|switch|p2a: Incineroar|Incineroar, L50, F|100/100\n|-ability|p2b: Gardevoir|Aroma Veil|Trace|[from] ability: Trace|[of] p1a: Alcremie\n|-ability|p2a: Incineroar|Intimidate|boost\n|-unboost|p1a: Alcremie|atk|1\n|-unboost|p1b: Espathra|atk|1\n|turn|6\n|\n|t:|1776586476\n|detailschange|p2b: Gardevoir|Gardevoir-Mega, L50, M\n|-mega|p2b: Gardevoir|Gardevoir|Gardevoirite\n|move|p1b: Espathra|Protect|p1b: Espathra\n|-singleturn|p1b: Espathra|Protect\n|move|p1a: Alcremie|Protect|p1a: Alcremie\n|-singleturn|p1a: Alcremie|Protect\n|move|p2a: Incineroar|Fake Out|p1b: Espathra\n|-activate|p1b: Espathra|move: Protect\n|move|p2b: Gardevoir|Hyper Voice|p1a: Alcremie|[spread] \n|-activate|p1a: Alcremie|move: Protect\n|-activate|p1b: Espathra|move: Protect\n|\n|-ability|p1b: Espathra|Speed Boost|boost\n|-boost|p1b: Espathra|spe|1\n|upkeep\n|turn|7\n|\n|t:|1776586500\n|move|p2a: Incineroar|Fake Out||[still]\n|-hint|Fake Out only works on your first turn out.\n|-fail|p2a: Incineroar\n|move|p1b: Espathra|Baton Pass|p1b: Espathra\n|\n|t:|1776586505\n|switch|p1b: Rotom|Rotom-Wash, L50|100/100|[from] Baton Pass\n|move|p2b: Gardevoir|Hyper Voice|p1b: Rotom|[spread] p1a,p1b\n|-damage|p1a: Alcremie|63/100\n|-damage|p1b: Rotom|68/100\n|move|p1a: Alcremie|Draining Kiss|p2a: Incineroar\n|-damage|p2a: Incineroar|84/100\n|-heal|p1a: Alcremie|78/100|[from] drain|[of] p2a: Incineroar\n|\n|-heal|p1b: Rotom|74/100|[from] item: Leftovers\n|-heal|p2a: Incineroar|90/100|[from] item: Leftovers\n|upkeep\n|turn|8\n|\n|t:|1776586521\n|move|p1a: Alcremie|Helping Hand|p1b: Rotom\n|-singleturn|p1b: Rotom|Helping Hand|[of] p1a: Alcremie\n|move|p1b: Rotom|Thunderbolt|p2b: Gardevoir\n|-damage|p2b: Gardevoir|0 fnt\n|faint|p2b: Gardevoir\n|move|p2a: Incineroar|Flare Blitz|p1a: Alcremie\n|-damage|p1a: Alcremie|23/100\n|-damage|p2a: Incineroar|75/100|[from] Recoil\n|\n|-heal|p1b: Rotom|79/100|[from] item: Leftovers\n|-heal|p2a: Incineroar|81/100|[from] item: Leftovers\n|upkeep\n|turn|9\n|\n|t:|1776586534\n|move|p1a: Alcremie|Helping Hand|p1b: Rotom\n|-singleturn|p1b: Rotom|Helping Hand|[of] p1a: Alcremie\n|move|p1b: Rotom|Thunderbolt|p2a: Incineroar\n|-damage|p2a: Incineroar|0 fnt\n|faint|p2a: Incineroar\n|\n|win|p3elz\n|raw|p3elz's rating: 1064 &rarr; <strong>1089</strong><br />(+25 for winning)\n|raw|ozonell's rating: 1000 &rarr; <strong>1000</strong><br />(+0 for losing)\n|l|\u2606ozonell\n|player|p2|\n",
  "uploadtime": 1776586545,
  "views": 8,
  "formatid": "gen9championsvgc2026regma",
  "rating": 1000,
  "private": 0,
  "password": null
}