{
  "id": "gen9championsvgc2026regma-2588480805",
  "format": "[Gen 9 Champions] VGC 2026 Reg M-A",
  "players": [
    "Kroakstool",
    "aroswing"
  ],
  "log": "|j|\u2606Kroakstool\n|j|\u2606aroswing\n|t:|1776637346\n|gametype|doubles\n|player|p1|Kroakstool|169|1234\n|player|p2|aroswing|marnie|1255\n|gen|9\n|tier|[Gen 9 Champions] VGC 2026 Reg M-A\n|rated|\n|rule|Species Clause: Limit one of each Pok\u00e9mon\n|rule|Item Clause: Limit 1 of each item\n|clearpoke\n|poke|p1|Scizor, L50, M|\n|poke|p1|Pelipper, L50, F|\n|poke|p1|Archaludon, L50, M|\n|poke|p1|Torterra, L50, F|\n|poke|p1|Torkoal, L50, M|\n|poke|p1|Slowbro, L50, F|\n|poke|p2|Rotom-Wash, L50, shiny|\n|poke|p2|Aerodactyl, L50, M|\n|poke|p2|Gardevoir, L50, F, shiny|\n|poke|p2|Garchomp, L50, F|\n|poke|p2|Gallade, L50, M|\n|poke|p2|Floette-Eternal, L50, F|\n|teampreview|4\n|inactive|Battle timer is ON: inactive players will automatically lose when time's up. (requested by aroswing)\n|inactive|Kroakstool has 60 seconds left.\n|inactive|aroswing has 60 seconds left.\nKroakstool has agreed to open team sheets.\n|inactive|aroswing has 30 seconds left.\n|inactive|aroswing has 20 seconds left.\n|inactive|aroswing has 15 seconds left.\n|inactive|aroswing has 10 seconds left.\n|inactive|aroswing has 5 seconds left.\n|\n|t:|1776637432\n|teamsize|p1|4\n|teamsize|p2|4\n|start\n|switch|p1a: Scizor|Scizor, L50, M|100/100\n|switch|p1b: Slowbro|Slowbro, L50, F|100/100\n|switch|p2a: Garchomp|Garchomp, L50, F|100/100\n|switch|p2b: Rotom|Rotom-Wash, L50, shiny|100/100\n|turn|1\n|inactive|Kroakstool has 30 seconds left.\n|inactive|Kroakstool has 20 seconds left.\n|inactive|Kroakstool has 15 seconds left.\n|\n|t:|1776637474\n|switch|p1b: Torterra|Torterra, L50, F|100/100\n|detailschange|p1a: Scizor|Scizor-Mega, L50, M\n|-mega|p1a: Scizor|Scizor|Scizorite\n|move|p2a: Garchomp|Rock Slide|p1b: Torterra|[spread] p1a,p1b\n|-resisted|p1b: Torterra|1\n|-damage|p1a: Scizor|86/100\n|-damage|p1b: Torterra|92/100\n|move|p2b: Rotom|Will-O-Wisp|p1a: Scizor\n|-status|p1a: Scizor|brn\n|move|p1a: Scizor|Swords Dance|p1a: Scizor\n|-boost|p1a: Scizor|atk|2\n|\n|-damage|p1a: Scizor|80/100 brn|[from] brn\n|upkeep\n|turn|2\n|inactive|aroswing has 30 seconds left.\n|inactive|aroswing has 20 seconds left.\n|\n|t:|1776637513\n|move|p1b: Torterra|Wide Guard|p1b: Torterra\n|-singleturn|p1b: Torterra|Wide Guard\n|move|p2a: Garchomp|Rock Slide|p1a: Scizor|[spread] \n|-activate|p1a: Scizor|move: Wide Guard\n|-activate|p1b: Torterra|move: Wide Guard\n|move|p2b: Rotom|Will-O-Wisp|p1b: Torterra\n|-status|p1b: Torterra|brn\n|move|p1a: Scizor|Swords Dance|p1a: Scizor\n|-boost|p1a: Scizor|atk|2\n|\n|-damage|p1a: Scizor|73/100 brn|[from] brn\n|-damage|p1b: Torterra|86/100 brn|[from] brn\n|upkeep\n|turn|3\n|inactive|aroswing has 30 seconds left.\n|\n|t:|1776637543\n|move|p2a: Garchomp|Dragon Claw|p1a: Scizor\n|-resisted|p1a: Scizor|1\n|-damage|p1a: Scizor|59/100 brn\n|move|p2b: Rotom|Hydro Pump|p1a: Scizor|[miss]\n|-miss|p2b: Rotom|p1a: Scizor\n|move|p1a: Scizor|Swords Dance|p1a: Scizor\n|-boost|p1a: Scizor|atk|2\n|move|p1b: Torterra|Seed Bomb|p2b: Rotom\n|-supereffective|p2b: Rotom|1\n|-damage|p2b: Rotom|64/100\n|\n|-damage|p1a: Scizor|52/100 brn|[from] brn\n|-damage|p1b: Torterra|80/100 brn|[from] brn\n|upkeep\n|turn|4\n|\n|t:|1776637567\n|move|p2a: Garchomp|Dragon Claw|p1b: Torterra\n|-damage|p1b: Torterra|44/100 brn\n|move|p2b: Rotom|Hydro Pump|p1a: Scizor\n|-damage|p1a: Scizor|5/100 brn\n|move|p1a: Scizor|Bug Bite|p2a: Garchomp\n|-damage|p2a: Garchomp|4/100\n|-enditem|p2a: Garchomp|Lum Berry|[from] stealeat|[move] Bug Bite|[of] p1a: Scizor\n|-curestatus|p1a: Scizor|brn|[msg]\n|-damage|p1a: Scizor|0 fnt|[from] ability: Rough Skin|[of] p2a: Garchomp\n|faint|p1a: Scizor\n|move|p1b: Torterra|Seed Bomb|p2b: Rotom\n|-supereffective|p2b: Rotom|1\n|-damage|p2b: Rotom|27/100\n|-enditem|p2b: Rotom|Sitrus Berry|[eat]\n|-heal|p2b: Rotom|52/100|[from] item: Sitrus Berry\n|\n|-damage|p1b: Torterra|38/100 brn|[from] brn\n|upkeep\n|\n|t:|1776637587\n|switch|p1a: Pelipper|Pelipper, L50, F|100/100\n|-weather|RainDance|[from] ability: Drizzle|[of] p1a: Pelipper\n|turn|5\n|inactive|Kroakstool has 30 seconds left.\n|\n|t:|1776637615\n|move|p1a: Pelipper|Wide Guard|p1a: Pelipper\n|-singleturn|p1a: Pelipper|Wide Guard\n|move|p2a: Garchomp|Dragon Claw|p1a: Pelipper\n|-damage|p1a: Pelipper|57/100\n|move|p2b: Rotom|Thunderbolt|p1a: Pelipper\n|-supereffective|p1a: Pelipper|2\n|-damage|p1a: Pelipper|0 fnt\n|faint|p1a: Pelipper\n|move|p1b: Torterra|Seed Bomb|p2b: Rotom\n|-supereffective|p2b: Rotom|1\n|-damage|p2b: Rotom|14/100\n|\n|-weather|RainDance|[upkeep]\n|-damage|p1b: Torterra|32/100 brn|[from] brn\n|upkeep\n|\n|t:|1776637630\n|switch|p1a: Slowbro|Slowbro, L50, F|100/100\n|turn|6\n|inactive|Kroakstool has 30 seconds left.\n|inactive|Kroakstool has 20 seconds left.\n|inactive|Kroakstool has 15 seconds left.\n|inactive|Kroakstool has 10 seconds left.\n|inactive|Kroakstool has 5 seconds left.\n|\n|t:|1776637685\n|move|p2a: Garchomp|Dragon Claw|p1b: Torterra\n|-damage|p1b: Torterra|0 fnt\n|faint|p1b: Torterra\n|move|p2b: Rotom|Thunderbolt|p1a: Slowbro\n|-supereffective|p1a: Slowbro|1\n|-crit|p1a: Slowbro\n|-damage|p1a: Slowbro|0 fnt\n|faint|p1a: Slowbro\n|\n|win|aroswing\n|raw|Kroakstool's rating: 1234 &rarr; <strong>1211</strong><br />(-23 for losing)\n|raw|aroswing's rating: 1255 &rarr; <strong>1278</strong><br />(+23 for winning)\n",
  "uploadtime": 1776637693,
  "views": 11,
  "formatid": "gen9championsvgc2026regma",
  "rating": 1211,
  "private": 0,
  "password": null
}