{
  "id": "gen9championsvgc2026regma-2585454566",
  "format": "[Gen 9 Champions] VGC 2026 Reg M-A",
  "players": [
    "pokemoncrusader",
    "shnowyy"
  ],
  "log": "|j|\u2606pokemoncrusader\n|j|\u2606shnowyy\n|t:|1776348402\n|gametype|doubles\n|player|p1|pokemoncrusader|fisherman-gen4|1340\n|player|p2|shnowyy|clerkf|1257\n|gen|9\n|tier|[Gen 9 Champions] VGC 2026 Reg M-A\n|rated|\n|rule|Species Clause: Limit one of each Pok\u00e9mon\n|rule|Item Clause: Limit 1 of each item\n|clearpoke\n|poke|p1|Aerodactyl, L50, M|\n|poke|p1|Incineroar, L50, F|\n|poke|p1|Primarina, L50, F|\n|poke|p1|Dragapult, L50, M|\n|poke|p1|Gardevoir, L50, M|\n|poke|p1|Skarmory, L50, M|\n|poke|p2|Garchomp, L50, M|\n|poke|p2|Ninetales-Alola, L50, M|\n|poke|p2|Ceruledge, L50, F|\n|poke|p2|Sylveon, L50, F|\n|poke|p2|Corviknight, L50, M|\n|poke|p2|Lucario, L50, M|\n|teampreview|4\n|inactive|Battle timer is ON: inactive players will automatically lose when time's up. (requested by shnowyy)\n|inactive|pokemoncrusader also wants the timer to be on.\n|inactive|pokemoncrusader has 60 seconds left.\n|\n|t:|1776348443\n|teamsize|p1|4\n|teamsize|p2|4\n|start\n|switch|p1a: Benjamin|Aerodactyl, L50, M|100/100\n|switch|p1b: Dragapult|Dragapult, L50, M|100/100\n|switch|p2a: Lucario|Lucario, L50, M|100/100\n|switch|p2b: Corviknight|Corviknight, L50, M|100/100\n|-ability|p1a: Benjamin|Unnerve\n|turn|1\n|\n|t:|1776348454\n|detailschange|p2a: Lucario|Lucario-Mega, L50, M\n|-mega|p2a: Lucario|Lucario|Lucarionite\n|move|p1b: Dragapult|Will-O-Wisp|p2a: Lucario\n|-status|p2a: Lucario|brn\n|move|p1a: Benjamin|Tailwind|p1a: Benjamin\n|-sidestart|p1: pokemoncrusader|move: Tailwind\n|move|p2a: Lucario|Flash Cannon|p1a: Benjamin\n|-supereffective|p1a: Benjamin|1\n|-crit|p1a: Benjamin\n|-enditem|p1a: Benjamin|Focus Sash\n|-damage|p1a: Benjamin|1/100\n|move|p2b: Corviknight|Tailwind|p2b: Corviknight\n|-sidestart|p2: shnowyy|move: Tailwind\n|\n|-damage|p2a: Lucario|94/100 brn|[from] brn\n|upkeep\n|turn|2\n|inactive|pokemoncrusader has 30 seconds left.\n|\n|t:|1776348480\n|move|p2a: Lucario|Protect|p2a: Lucario\n|-singleturn|p2a: Lucario|Protect\n|move|p1b: Dragapult|Shadow Ball|p2a: Lucario\n|-activate|p2a: Lucario|move: Protect\n|move|p1a: Benjamin|Rock Slide|p2b: Corviknight|[spread] p2b\n|-activate|p2a: Lucario|move: Protect\n|-damage|p2b: Corviknight|84/100\n|cant|p2b: Corviknight|flinch\n|\n|-damage|p2a: Lucario|88/100 brn|[from] brn\n|upkeep\n|turn|3\n|\n|t:|1776348496\n|move|p1b: Dragapult|Shadow Ball|p2a: Lucario\n|-damage|p2a: Lucario|27/100 brn\n|move|p1a: Benjamin|Rock Slide|p2a: Lucario|[spread] p2a,p2b\n|-resisted|p2a: Lucario|2\n|-crit|p2b: Corviknight\n|-damage|p2a: Lucario|18/100 brn\n|-damage|p2b: Corviknight|60/100\n|move|p2a: Lucario|Flash Cannon|p1b: Dragapult\n|-damage|p1b: Dragapult|12/100\n|move|p2b: Corviknight|Brave Bird|p1a: Benjamin\n|-resisted|p1a: Benjamin|1\n|-damage|p1a: Benjamin|0 fnt\n|faint|p1a: Benjamin\n|-damage|p2b: Corviknight|60/100|[from] Recoil\n|\n|-damage|p2a: Lucario|12/100 brn|[from] brn\n|upkeep\n|\n|t:|1776348514\n|switch|p1a: Barnaby|Incineroar, L50, F|100/100\n|-ability|p1a: Barnaby|Intimidate|boost\n|-unboost|p2a: Lucario|atk|1\n|-ability|p2b: Corviknight|Mirror Armor\n|-unboost|p1a: Barnaby|atk|1\n|turn|4\n|\n|t:|1776348527\n|move|p2a: Lucario|Upper Hand|p1a: Barnaby\n|-supereffective|p1a: Barnaby|1\n|-damage|p1a: Barnaby|78/100\n|cant|p1a: Barnaby|flinch\n|move|p1b: Dragapult|Shadow Ball|p2b: Corviknight\n|-damage|p2b: Corviknight|26/100\n|-enditem|p2b: Corviknight|Sitrus Berry|[eat]\n|-heal|p2b: Corviknight|51/100|[from] item: Sitrus Berry\n|move|p2b: Corviknight|Brave Bird|p1b: Dragapult\n|-damage|p1b: Dragapult|0 fnt\n|faint|p1b: Dragapult\n|-damage|p2b: Corviknight|48/100|[from] Recoil\n|\n|-damage|p2a: Lucario|6/100 brn|[from] brn\n|-sideend|p2: shnowyy|move: Tailwind\n|-sideend|p1: pokemoncrusader|move: Tailwind\n|upkeep\n|\n|t:|1776348542\n|switch|p1b: Skarmory|Skarmory, L50, M|100/100\n|turn|5\n|\n|t:|1776348553\n|move|p1b: Skarmory|Protect|p1b: Skarmory\n|-singleturn|p1b: Skarmory|Protect\n|move|p2a: Lucario|Aura Sphere|p1a: Barnaby\n|-supereffective|p1a: Barnaby|1\n|-crit|p1a: Barnaby\n|-damage|p1a: Barnaby|0 fnt\n|faint|p1a: Barnaby\n|move|p2b: Corviknight|Body Press|p1b: Skarmory\n|-activate|p1b: Skarmory|move: Protect\n|\n|-damage|p2a: Lucario|0 fnt|[from] brn\n|faint|p2a: Lucario\n|upkeep\n|\n|t:|1776348559\n|switch|p2a: Ceruledge|Ceruledge, L50, F|100/100\n|turn|6\n|\n|t:|1776348568\n|detailschange|p1b: Skarmory|Skarmory-Mega, L50, M\n|-mega|p1b: Skarmory|Skarmory|Skarmorite\n|move|p1b: Skarmory|Brave Bird|p2a: Ceruledge\n|-damage|p2a: Ceruledge|21/100\n|-damage|p1b: Skarmory|67/100|[from] Recoil\n|move|p2a: Ceruledge|Bitter Blade|p1b: Skarmory\n|-supereffective|p1b: Skarmory|1\n|-crit|p1b: Skarmory\n|-damage|p1b: Skarmory|0 fnt\n|-heal|p2a: Ceruledge|47/100|[from] drain|[of] p1b: Skarmory\n|faint|p1b: Skarmory\n|\n|win|shnowyy\n|raw|pokemoncrusader's rating: 1340 &rarr; <strong>1315</strong><br />(-25 for losing)\n|raw|shnowyy's rating: 1257 &rarr; <strong>1288</strong><br />(+31 for winning)\n|l|\u2606pokemoncrusader\n|player|p1|\n",
  "uploadtime": 1776348578,
  "views": 32,
  "formatid": "gen9championsvgc2026regma",
  "rating": 1288,
  "private": 0,
  "password": null
}