{
  "id": "gen9championsvgc2026regma-2582417880",
  "format": "[Gen 9 Champions] VGC 2026 Reg M-A",
  "players": [
    "Gaby Glytxii",
    "timfrancesco15"
  ],
  "log": "|j|\u2606Gaby Glytxii\n|j|\u2606timfrancesco15\n|t:|1776090364\n|gametype|doubles\n|player|p1|Gaby Glytxii|102|1078\n|player|p2|timfrancesco15|169|1096\n|gen|9\n|tier|[Gen 9 Champions] VGC 2026 Reg M-A\n|rated|\n|rule|Species Clause: Limit one of each Pok\u00e9mon\n|rule|Item Clause: Limit 1 of each item\n|clearpoke\n|poke|p1|Gallade, L50, M|\n|poke|p1|Volcarona, L50, F|\n|poke|p1|Zoroark-Hisui, L50, M|\n|poke|p1|Rhyperior, L50, F|\n|poke|p1|Tsareena, L50, F|\n|poke|p1|Heliolisk, L50, M|\n|poke|p2|Meowstic, L50, M|\n|poke|p2|Armarouge, L50, F|\n|poke|p2|Meowscarada, L50, F|\n|poke|p2|Empoleon, L50, M|\n|poke|p2|Chimecho, L50, M|\n|poke|p2|Incineroar, L50, F|\n|teampreview|4\n|\n|t:|1776090398\n|teamsize|p1|4\n|teamsize|p2|4\n|start\n|switch|p1a: Gallade|Gallade, L50, M|100/100\n|switch|p1b: Volcarona|Volcarona, L50, F|100/100\n|switch|p2a: Chimecho|Chimecho, L50, M|100/100\n|switch|p2b: Empoleon|Empoleon, L50, M|100/100\n|turn|1\n|\n|t:|1776090419\n|detailschange|p1a: Gallade|Gallade-Mega, L50, M\n|-mega|p1a: Gallade|Gallade|Galladite\n|move|p2b: Empoleon|Protect|p2b: Empoleon\n|-singleturn|p2b: Empoleon|Protect\n|move|p1a: Gallade|Swords Dance|p1a: Gallade\n|-boost|p1a: Gallade|atk|2\n|move|p1b: Volcarona|Tailwind|p1b: Volcarona\n|-sidestart|p1: Gaby Glytxii|move: Tailwind\n|move|p2a: Chimecho|Trick Room|p2a: Chimecho\n|-fieldstart|move: Trick Room|[of] p2a: Chimecho\n|\n|upkeep\n|turn|2\n|\n|t:|1776090452\n|detailschange|p2a: Chimecho|Chimecho-Mega, L50, M\n|-mega|p2a: Chimecho|Chimecho|Chimechite\n|move|p1b: Volcarona|Rage Powder|p1b: Volcarona\n|-singleturn|p1b: Volcarona|move: Rage Powder\n|move|p2b: Empoleon|Hydro Pump|p1b: Volcarona\n|-supereffective|p1b: Volcarona|1\n|-enditem|p1b: Volcarona|Focus Sash\n|-damage|p1b: Volcarona|1/100\n|move|p2a: Chimecho|Dazzling Gleam|p1a: Gallade|[spread] p1a,p1b\n|-supereffective|p1a: Gallade|1\n|-resisted|p1b: Volcarona|1\n|-damage|p1a: Gallade|56/100\n|-damage|p1b: Volcarona|0 fnt\n|faint|p1b: Volcarona\n|move|p1a: Gallade|Drain Punch|p2b: Empoleon\n|-supereffective|p2b: Empoleon|1\n|-damage|p2b: Empoleon|0 fnt\n|-heal|p1a: Gallade|100/100|[from] drain|[of] p2b: Empoleon\n|faint|p2b: Empoleon\n|\n|upkeep\n|\n|t:|1776090473\n|switch|p2b: Incineroar|Incineroar, L50, F|100/100\n|switch|p1b: Rhyperior|Rhyperior, L50, F|100/100\n|-ability|p2b: Incineroar|Intimidate|boost\n|-fail|p1a: Gallade|unboost|Attack|[from] ability: Inner Focus|[of] p1a: Gallade\n|-unboost|p1b: Rhyperior|atk|1\n|turn|3\n|\n|t:|1776090497\n|move|p2b: Incineroar|Fake Out|p1a: Gallade\n|-damage|p1a: Gallade|81/100\n|move|p2a: Chimecho|Dazzling Gleam|p1a: Gallade|[spread] p1a,p1b\n|-supereffective|p1a: Gallade|1\n|-damage|p1a: Gallade|35/100\n|-damage|p1b: Rhyperior|75/100\n|move|p1b: Rhyperior|Thunder Punch|p2a: Chimecho\n|-damage|p2a: Chimecho|84/100\n|move|p1a: Gallade|Drain Punch|p2b: Incineroar\n|-supereffective|p2b: Incineroar|1\n|-damage|p2b: Incineroar|0 fnt\n|-heal|p1a: Gallade|99/100|[from] drain|[of] p2b: Incineroar\n|faint|p2b: Incineroar\n|\n|upkeep\n|\n|t:|1776090512\n|switch|p2b: Meowscarada|Meowscarada, L50, F|100/100\n|turn|4\n|\n|t:|1776090543\n|move|p2a: Chimecho|Dazzling Gleam|p1b: Rhyperior|[spread] p1a,p1b\n|-supereffective|p1a: Gallade|1\n|-damage|p1a: Gallade|54/100\n|-damage|p1b: Rhyperior|46/100\n|move|p1b: Rhyperior|Thunder Punch|p2a: Chimecho\n|-damage|p2a: Chimecho|70/100\n|move|p2b: Meowscarada|Flower Trick|p1b: Rhyperior\n|-start|p2b: Meowscarada|typechange|Grass|[from] ability: Protean\n|-supereffective|p1b: Rhyperior|2\n|-crit|p1b: Rhyperior\n|-damage|p1b: Rhyperior|0 fnt\n|faint|p1b: Rhyperior\n|move|p1a: Gallade|Drain Punch|p2b: Meowscarada\n|-crit|p2b: Meowscarada\n|-damage|p2b: Meowscarada|0 fnt\n|-heal|p1a: Gallade|100/100|[from] drain|[of] p2b: Meowscarada\n|faint|p2b: Meowscarada\n|\n|-sideend|p1: Gaby Glytxii|move: Tailwind\n|upkeep\n|\n|t:|1776090563\n|switch|p1b: Heliolisk|Heliolisk, L50, M|100/100\n|turn|5\n|\n|t:|1776090578\n|move|p2a: Chimecho|Psychic|p1b: Heliolisk\n|-damage|p1b: Heliolisk|36/100\n|move|p1b: Heliolisk|Dark Pulse|p2a: Chimecho\n|-supereffective|p2a: Chimecho|1\n|-damage|p2a: Chimecho|12/100\n|-heal|p1b: Heliolisk|44/100|[from] item: Shell Bell|[of] p2a: Chimecho\n|move|p1a: Gallade|Drain Punch|p2a: Chimecho\n|-damage|p2a: Chimecho|0 fnt\n|faint|p2a: Chimecho\n|\n|win|Gaby Glytxii\n|raw|Gaby Glytxii's rating: 1078 &rarr; <strong>1108</strong><br />(+30 for winning)\n|raw|timfrancesco15's rating: 1096 &rarr; <strong>1070</strong><br />(-26 for losing)\n",
  "uploadtime": 1776090590,
  "views": 40,
  "formatid": "gen9championsvgc2026regma",
  "rating": 1070,
  "private": 0,
  "password": null
}