{
  "id": "gen9championsvgc2026regma-2586608861",
  "format": "[Gen 9 Champions] VGC 2026 Reg M-A",
  "players": [
    "nicolas rainier",
    "Doubled Goose"
  ],
  "log": "|j|\u2606nicolas rainier\n|j|\u2606Doubled Goose\n|t:|1776446509\n|gametype|doubles\n|player|p1|nicolas rainier|266|\n|player|p2|Doubled Goose|lass-gen4|\n|gen|9\n|tier|[Gen 9 Champions] VGC 2026 Reg M-A\n|rated|Tournament battle\n|rule|Species Clause: Limit one of each Pok\u00e9mon\n|rule|Item Clause: Limit 1 of each item\n|raw|<div class=\"infobox\"><details class=\"readmore\" open><summary><strong>1 custom rule:</strong></summary> Force Open Team Sheets</details></div>\n|clearpoke\n|poke|p1|Charizard, L50, F|\n|poke|p1|Milotic, L50, M|\n|poke|p1|Sinistcha, L50|\n|poke|p1|Sneasler, L50, F|\n|poke|p1|Kingambit, L50, M|\n|poke|p1|Ninetales-Alola, L50, M|\n|poke|p2|Lopunny, L50, F|\n|poke|p2|Glimmora, L50, M|\n|poke|p2|Incineroar, L50, M|\n|poke|p2|Basculegion, L50, M|\n|poke|p2|Whimsicott, L50, M|\n|poke|p2|Hydrapple, L50, M|\n|teampreview|4\n|showteam|p1|Charizard||CharizarditeX|Blaze|Roost,DragonDance,FlareBlitz,DragonClaw|||F|||50|]Milotic||LumBerry|Competitive|Recover,Coil,Hypnosis,MuddyWater|||M|||50|]Sinistcha||SitrusBerry|Hospitality|TrickRoom,RagePowder,StrengthSap,MatchaGotcha||||||50|]Sneasler||FocusSash|Unburden|FakeOut,Coaching,CloseCombat,DireClaw|||F|||50|]Kingambit||ChopleBerry|Defiant|Protect,IronHead,SuckerPunch,KowtowCleave|||M|||50|]Ninetales-Alola||OccaBerry|SnowWarning|AuroraVeil,Blizzard,IcyWind,Roar|||M|||50|\n|showteam|p2|Lopunny||Lopunnite|Limber|FakeOut,TripleAxel,CloseCombat,Uturn|||F|||50|]Glimmora||Glimmoranite|ToxicDebris|SludgeBomb,PowerGem,EarthPower,SpikyShield|||M|||50|]Incineroar||SitrusBerry|Intimidate|PartingShot,Taunt,FlareBlitz,FakeOut|||M|||50|]Basculegion||ChoiceScarf|Adaptability|FlipTurn,WaveCrash,LastRespects,AquaJet|||M|||50|]Whimsicott||FocusSash|Prankster|Encore,Protect,Tailwind,Moonblast|||M|||50|]Hydrapple||Leftovers|Regenerator|EnergyBall,DracoMeteor,PollenPuff,Protect|||M|||50|\n|inactive|Battle timer is ON: inactive players will automatically lose when time's up. (requested by Doubled Goose)\n|j| fiskekaker\n|c|\u2606Doubled Goose|glhf\n|l| fiskekaker\n|c|\u2606nicolas rainier|you too\n|inactive|nicolas rainier has 60 seconds left.\n|inactive|Doubled Goose has 60 seconds left.\n|\n|t:|1776446565\n|teamsize|p1|4\n|teamsize|p2|4\n|start\n|switch|p1a: Milotic|Milotic, L50, M, shiny|100/100\n|switch|p1b: Sneasler|Sneasler, L50, F, shiny|100/100\n|switch|p2a: Lopunny|Lopunny, L50, F|100/100\n|switch|p2b: Whimsicott|Whimsicott, L50, M|100/100\n|turn|1\n|inactive|nicolas rainier has 30 seconds left.\n|inactive|Doubled Goose has 30 seconds left.\n|\n|t:|1776446604\n|detailschange|p2a: Lopunny|Lopunny-Mega, L50, F\n|-mega|p2a: Lopunny|Lopunny|Lopunnite\n|move|p2a: Lopunny|Fake Out|p1b: Sneasler\n|-damage|p1b: Sneasler|64/100\n|cant|p1b: Sneasler|flinch\n|move|p2b: Whimsicott|Moonblast|p1b: Sneasler\n|-damage|p1b: Sneasler|15/100\n|move|p1a: Milotic|Hypnosis|p2b: Whimsicott\n|-status|p2b: Whimsicott|slp|[from] move: Hypnosis\n|\n|upkeep\n|turn|2\n|\n|t:|1776446627\n|switch|p1b: Ninetales|Ninetales-Alola, L50, M, shiny|100/100\n|-weather|Snowscape|[from] ability: Snow Warning|[of] p1b: Ninetales\n|cant|p2b: Whimsicott|slp\n|move|p2a: Lopunny|U-turn|p1b: Ninetales\n|-resisted|p1b: Ninetales|1\n|-damage|p1b: Ninetales|90/100\n|inactive|Doubled Goose has 30 seconds left.\n|\n|t:|1776446657\n|switch|p2a: Glimmora|Glimmora, L50, M|100/100|[from] U-turn\n|move|p1a: Milotic|Coil|p1a: Milotic\n|-boost|p1a: Milotic|atk|1\n|-boost|p1a: Milotic|def|1\n|-boost|p1a: Milotic|accuracy|1\n|\n|-weather|Snowscape|[upkeep]\n|upkeep\n|turn|3\n|\n|t:|1776446674\n|cant|p2b: Whimsicott|slp\n|move|p1b: Ninetales|Icy Wind|p2b: Whimsicott|[spread] p2a,p2b\n|-supereffective|p2b: Whimsicott|1\n|-damage|p2a: Glimmora|84/100\n|-damage|p2b: Whimsicott|64/100 slp\n|-unboost|p2a: Glimmora|spe|1\n|-unboost|p2b: Whimsicott|spe|1\n|move|p1a: Milotic|Muddy Water|p2b: Whimsicott|[spread] p2a,p2b\n|-supereffective|p2a: Glimmora|1\n|-resisted|p2b: Whimsicott|1\n|-damage|p2a: Glimmora|22/100\n|-damage|p2b: Whimsicott|45/100 slp\n|move|p2a: Glimmora|Sludge Bomb|p1b: Ninetales\n|-supereffective|p1b: Ninetales|1\n|-damage|p1b: Ninetales|0 fnt\n|faint|p1b: Ninetales\n|\n|-weather|Snowscape|[upkeep]\n|upkeep\n|\n|t:|1776446690\n|switch|p1b: Sneasler|Sneasler, L50, F, shiny|15/100\n|turn|4\n|\n|t:|1776446700\n|move|p2a: Glimmora|Spiky Shield|p2a: Glimmora\n|-singleturn|p2a: Glimmora|move: Protect\n|-curestatus|p2b: Whimsicott|slp|[msg]\n|move|p2b: Whimsicott|Tailwind|p2b: Whimsicott\n|-sidestart|p2: Doubled Goose|move: Tailwind\n|move|p1b: Sneasler|Coaching|p1a: Milotic\n|-boost|p1a: Milotic|atk|1\n|-boost|p1a: Milotic|def|1\n|move|p1a: Milotic|Muddy Water|p2a: Glimmora|[spread] p2b\n|-activate|p2a: Glimmora|move: Protect\n|-resisted|p2b: Whimsicott|1\n|-damage|p2b: Whimsicott|25/100\n|\n|-weather|Snowscape|[upkeep]\n|upkeep\n|turn|5\n|inactive|Doubled Goose has 30 seconds left.\n|\n|t:|1776446725\n|move|p2b: Whimsicott|Moonblast|p1b: Sneasler\n|-damage|p1b: Sneasler|0 fnt\n|faint|p1b: Sneasler\n|move|p2a: Glimmora|Sludge Bomb|p1a: Milotic\n|-damage|p1a: Milotic|64/100\n|-status|p1a: Milotic|psn\n|-enditem|p1a: Milotic|Lum Berry|[eat]\n|-curestatus|p1a: Milotic|psn|[msg]\n|move|p1a: Milotic|Muddy Water|p2b: Whimsicott|[spread] p2a,p2b\n|-supereffective|p2a: Glimmora|1\n|-resisted|p2b: Whimsicott|1\n|-damage|p2a: Glimmora|0 fnt\n|-damage|p2b: Whimsicott|6/100\n|faint|p2a: Glimmora\n|\n|-weather|Snowscape|[upkeep]\n|upkeep\n|\n|t:|1776446736\n|switch|p1b: Charizard|Charizard, L50, F, shiny|100/100\n|switch|p2a: Lopunny|Lopunny-Mega, L50, F|100/100\n|turn|6\n|\n|t:|1776446757\n|detailschange|p1b: Charizard|Charizard-Mega-X, L50, F, shiny\n|-mega|p1b: Charizard|Charizard|Charizardite X\n|move|p2a: Lopunny|Fake Out|p1b: Charizard\n|-damage|p1b: Charizard|81/100\n|move|p2b: Whimsicott|Encore|p1a: Milotic\n|-start|p1a: Milotic|Encore\n|cant|p1b: Charizard|flinch\n|move|p1a: Milotic|Muddy Water|p2a: Lopunny|[spread] p2a,p2b\n|-resisted|p2b: Whimsicott|1\n|-damage|p2a: Lopunny|70/100\n|-damage|p2b: Whimsicott|0 fnt\n|-unboost|p2a: Lopunny|accuracy|1\n|faint|p2b: Whimsicott\n|\n|-weather|none\n|upkeep\n|\n|t:|1776446766\n|switch|p2b: Basculegion|Basculegion, L50, M|100/100\n|turn|7\n|\n|t:|1776446788\n|move|p2a: Lopunny|Close Combat|p1b: Charizard|[miss]\n|-miss|p2a: Lopunny|p1b: Charizard\n|move|p2b: Basculegion|Last Respects|p1b: Charizard\n|-damage|p1b: Charizard|0 fnt\n|faint|p1b: Charizard\n|move|p1a: Milotic|Muddy Water|p2a: Lopunny|[spread] p2a,p2b\n|-resisted|p2b: Basculegion|1\n|-damage|p2a: Lopunny|40/100\n|-damage|p2b: Basculegion|88/100\n|\n|-sideend|p2: Doubled Goose|move: Tailwind\n|upkeep\n|turn|8\n|\n|t:|1776446804\n|move|p2a: Lopunny|Close Combat|p1a: Milotic\n|-damage|p1a: Milotic|40/100\n|-unboost|p2a: Lopunny|def|1\n|-unboost|p2a: Lopunny|spd|1\n|move|p2b: Basculegion|Last Respects|p1a: Milotic\n|-damage|p1a: Milotic|0 fnt\n|faint|p1a: Milotic\n|\n|win|Doubled Goose\n|n|\u2606nicolas rainier|nicolasrainier\n|n|\u2606Doubled Goose|doubledgoose\n|c|\u2606Doubled Goose|gg\n|c|\u2606nicolas rainier|gg\n|l|\u2606nicolas rainier\n|player|p1|\n",
  "uploadtime": 1776446851,
  "views": 27,
  "formatid": "gen9championsvgc2026regma",
  "rating": null,
  "private": 0,
  "password": null
}