{
  "id": "gen9championsvgc2026regma-2582648244",
  "format": "[Gen 9 Champions] VGC 2026 Reg M-A",
  "players": [
    "BigRoflet",
    "Kakashi_357"
  ],
  "log": "|j|\u203dBigRoflet\n|j|\u2606Kakashi_357\n|t:|1776104823\n|gametype|doubles\n|player|p1|BigRoflet|harlequin|1100\n|player|p2|Kakashi_357|roxie|1117\n|gen|9\n|tier|[Gen 9 Champions] VGC 2026 Reg M-A\n|rated|\n|rule|Species Clause: Limit one of each Pok\u00e9mon\n|rule|Item Clause: Limit 1 of each item\n|clearpoke\n|poke|p1|Sneasler, L50, M|\n|poke|p1|Feraligatr, L50, M|\n|poke|p1|Incineroar, L50, F|\n|poke|p1|Sinistcha, L50|\n|poke|p1|Orthworm, L50, M|\n|poke|p1|Aerodactyl, L50, M|\n|poke|p2|Drampa, L50, F|\n|poke|p2|Sinistcha, L50|\n|poke|p2|Milotic, L50, F|\n|poke|p2|Sylveon, L50, M|\n|poke|p2|Charizard, L50, F|\n|poke|p2|Torkoal, L50, F|\n|teampreview|4\n|\n|t:|1776104844\n|teamsize|p1|4\n|teamsize|p2|4\n|start\n|switch|p1a: Sneasler|Sneasler, L50, M|100/100\n|switch|p1b: Aerodactyl|Aerodactyl, L50, M|100/100\n|switch|p2a: Milotic|Milotic, L50, F, shiny|100/100\n|switch|p2b: Sinistcha|Sinistcha, L50|100/100\n|-ability|p1b: Aerodactyl|Pressure\n|turn|1\n|\n|t:|1776104877\n|move|p1a: Sneasler|Fake Out|p2a: Milotic\n|-damage|p2a: Milotic|88/100\n|move|p2b: Sinistcha|Rage Powder|p2b: Sinistcha\n|-singleturn|p2b: Sinistcha|move: Rage Powder\n|move|p1b: Aerodactyl|Dual Wingbeat|p2b: Sinistcha\n|-supereffective|p2b: Sinistcha|1\n|-damage|p2b: Sinistcha|69/100\n|-supereffective|p2b: Sinistcha|1\n|-damage|p2b: Sinistcha|32/100\n|-enditem|p2b: Sinistcha|Sitrus Berry|[eat]\n|-heal|p2b: Sinistcha|57/100|[from] item: Sitrus Berry\n|-hitcount|p2b: Sinistcha|2\n|cant|p2a: Milotic|flinch\n|\n|upkeep\n|turn|2\n|\n|t:|1776104899\n|move|p1b: Aerodactyl|Rock Slide|p2a: Milotic|[spread] p2a,p2b\n|-damage|p2a: Milotic|61/100\n|-damage|p2b: Sinistcha|34/100\n|move|p1a: Sneasler|Dire Claw|p2a: Milotic\n|-damage|p2a: Milotic|23/100\n|move|p2a: Milotic|Ice Beam|p1b: Aerodactyl\n|-supereffective|p1b: Aerodactyl|1\n|-damage|p1b: Aerodactyl|39/100\n|move|p2b: Sinistcha|Trick Room|p2b: Sinistcha\n|-fieldstart|move: Trick Room|[of] p2b: Sinistcha\n|\n|upkeep\n|turn|3\n|\n|t:|1776104940\n|switch|p2b: Drampa|Drampa, L50, F|100/100\n|-ability|p2b: Drampa|Cloud Nine\n|switch|p1a: Sinistcha|Sinistcha, L50|100/100\n|-heal|p1b: Aerodactyl|63/100|[from] ability: Hospitality|[of] p1a: Sinistcha\n|move|p1b: Aerodactyl|Wide Guard|p1b: Aerodactyl\n|-singleturn|p1b: Aerodactyl|Wide Guard\n|move|p2a: Milotic|Recover|p2a: Milotic\n|-heal|p2a: Milotic|74/100\n|\n|upkeep\n|turn|4\n|\n|t:|1776104973\n|switch|p1b: Sneasler|Sneasler, L50, M|100/100\n|detailschange|p2b: Drampa|Drampa-Mega, L50, F\n|-mega|p2b: Drampa|Drampa|Drampanite\n|move|p2b: Drampa|Dragon Pulse|p1a: Sinistcha\n|-damage|p1a: Sinistcha|47/100\n|move|p1a: Sinistcha|Matcha Gotcha|p2b: Drampa|[spread] p2a\n|-miss|p1a: Sinistcha|p2b: Drampa\n|-supereffective|p2a: Milotic|1\n|-damage|p2a: Milotic|41/100\n|-heal|p1a: Sinistcha|65/100|[from] drain|[of] p2a: Milotic\n|-status|p2a: Milotic|brn\n|move|p2a: Milotic|Ice Beam|p1a: Sinistcha\n|-supereffective|p1a: Sinistcha|1\n|-damage|p1a: Sinistcha|20/100\n|\n|-heal|p1a: Sinistcha|27/100|[from] item: Leftovers\n|-damage|p2a: Milotic|35/100 brn|[from] brn\n|upkeep\n|turn|5\n|\n|t:|1776105017\n|switch|p2a: Sylveon|Sylveon, L50, M, shiny|100/100\n|move|p2b: Drampa|Protect|p2b: Drampa\n|-singleturn|p2b: Drampa|Protect\n|move|p1b: Sneasler|Fake Out|p2b: Drampa\n|-activate|p2b: Drampa|move: Protect\n|move|p1a: Sinistcha|Strength Sap|p2b: Drampa\n|-activate|p2b: Drampa|move: Protect\n|\n|-heal|p1a: Sinistcha|33/100|[from] item: Leftovers\n|upkeep\n|turn|6\n|\n|t:|1776105040\n|switch|p1a: Feraligatr|Feraligatr, L50, M|100/100\n|move|p2b: Drampa|Dragon Pulse|p1a: Feraligatr\n|-damage|p1a: Feraligatr|50/100\n|move|p2a: Sylveon|Psychic|p1b: Sneasler\n|-supereffective|p1b: Sneasler|2\n|-enditem|p1b: Sneasler|Focus Sash\n|-damage|p1b: Sneasler|1/100\n|move|p1b: Sneasler|Coaching|p1a: Feraligatr\n|-boost|p1a: Feraligatr|atk|1\n|-boost|p1a: Feraligatr|def|1\n|\n|-fieldend|move: Trick Room\n|upkeep\n|turn|7\n|\n|t:|1776105062\n|detailschange|p1a: Feraligatr|Feraligatr-Mega, L50, M\n|-mega|p1a: Feraligatr|Feraligatr|Feraligite\n|move|p1b: Sneasler|Dire Claw|p2a: Sylveon\n|-supereffective|p2a: Sylveon|1\n|-damage|p2a: Sylveon|0 fnt\n|faint|p2a: Sylveon\n|move|p1a: Feraligatr|Facade|p2b: Drampa\n|-supereffective|p2b: Drampa|1\n|-damage|p2b: Drampa|0 fnt\n|faint|p2b: Drampa\n|\n|upkeep\n|\n|t:|1776105075\n|switch|p2a: Milotic|Milotic, L50, F, shiny|35/100 brn\n|switch|p2b: Sinistcha|Sinistcha, L50|34/100\n|-heal|p2a: Milotic|60/100 brn|[from] ability: Hospitality|[of] p2b: Sinistcha\n|turn|8\n|\n|t:|1776105098\n|switch|p1b: Sinistcha|Sinistcha, L50|33/100\n|-heal|p1a: Feraligatr|75/100|[from] ability: Hospitality|[of] p1b: Sinistcha\n|move|p2b: Sinistcha|Rage Powder|p2b: Sinistcha\n|-singleturn|p2b: Sinistcha|move: Rage Powder\n|move|p2a: Milotic|Ice Beam|p1a: Feraligatr\n|-damage|p1a: Feraligatr|55/100\n|move|p1a: Feraligatr|Trailblaze|p2b: Sinistcha\n|-resisted|p2b: Sinistcha|1\n|-damage|p2b: Sinistcha|22/100\n|-boost|p1a: Feraligatr|spe|1\n|\n|-heal|p1b: Sinistcha|39/100|[from] item: Leftovers\n|-damage|p2a: Milotic|54/100 brn|[from] brn\n|upkeep\n|turn|9\n|-message|Kakashi_357 forfeited.\n|\n|win|BigRoflet\n|raw|BigRoflet's rating: 1100 &rarr; <strong>1126</strong><br />(+26 for winning)\n|raw|Kakashi_357's rating: 1117 &rarr; <strong>1091</strong><br />(-26 for losing)\n|l|\u2606Kakashi_357\n|player|p2|\n",
  "uploadtime": 1776105117,
  "views": 11,
  "formatid": "gen9championsvgc2026regma",
  "rating": 1091,
  "private": 0,
  "password": null
}