{
  "id": "gen9championsvgc2026regma-2584431435",
  "format": "[Gen 9 Champions] VGC 2026 Reg M-A",
  "players": [
    "nikbutawesome",
    "e1savage"
  ],
  "log": "|j|\u2606nikbutawesome\n|j|\u2606e1savage\n|t:|1776260404\n|gametype|doubles\n|player|p1|nikbutawesome|265|1175\n|player|p2|e1savage|bruno|1235\n|gen|9\n|tier|[Gen 9 Champions] VGC 2026 Reg M-A\n|rated|\n|rule|Species Clause: Limit one of each Pok\u00e9mon\n|rule|Item Clause: Limit 1 of each item\n|clearpoke\n|poke|p1|Scizor, L50, F|\n|poke|p1|Tyranitar, L50, M|\n|poke|p1|Incineroar, L50, M|\n|poke|p1|Aerodactyl, L50, F|\n|poke|p1|Rotom-Mow, L50|\n|poke|p1|Maushold-Four, L50|\n|poke|p2|Charizard, L50, M|\n|poke|p2|Milotic, L50, F|\n|poke|p2|Garchomp, L50, M|\n|poke|p2|Incineroar, L50, F|\n|poke|p2|Whimsicott, L50, M|\n|poke|p2|Venusaur, L50, M|\n|teampreview|4\n|\n|t:|1776260448\n|teamsize|p1|4\n|teamsize|p2|4\n|start\n|switch|p1a: Aerodactyl|Aerodactyl, L50, F|100/100\n|switch|p1b: Tyranitar|Tyranitar, L50, M|100/100\n|switch|p2a: Whimsicott|Whimsicott, L50, M, shiny|100/100\n|switch|p2b: Milotic|Milotic, L50, F, shiny|100/100\n|-ability|p1a: Aerodactyl|Unnerve\n|-weather|Sandstorm|[from] ability: Sand Stream|[of] p1b: Tyranitar\n|turn|1\n|\n|t:|1776260476\n|switch|p1b: Scizor|Scizor, L50, F|100/100\n|move|p2a: Whimsicott|Tailwind|p2a: Whimsicott\n|-sidestart|p2: e1savage|move: Tailwind\n|move|p2b: Milotic|Icy Wind|p1a: Aerodactyl|[spread] p1a,p1b\n|-supereffective|p1a: Aerodactyl|1\n|-resisted|p1b: Scizor|1\n|-damage|p1a: Aerodactyl|83/100\n|-damage|p1b: Scizor|92/100\n|-unboost|p1a: Aerodactyl|spe|1\n|-unboost|p1b: Scizor|spe|1\n|move|p1a: Aerodactyl|Tailwind|p1a: Aerodactyl\n|-sidestart|p1: nikbutawesome|move: Tailwind\n|\n|-weather|Sandstorm|[upkeep]\n|-damage|p2a: Whimsicott|95/100|[from] Sandstorm\n|-damage|p2b: Milotic|95/100|[from] Sandstorm\n|-heal|p2b: Milotic|100/100|[from] item: Leftovers\n|upkeep\n|turn|2\n|\n|t:|1776260499\n|detailschange|p1b: Scizor|Scizor-Mega, L50, F\n|-mega|p1b: Scizor|Scizor|Scizorite\n|move|p1a: Aerodactyl|Wide Guard|p1a: Aerodactyl\n|-singleturn|p1a: Aerodactyl|Wide Guard\n|move|p2a: Whimsicott|Encore|p1a: Aerodactyl\n|-start|p1a: Aerodactyl|Encore\n|move|p2b: Milotic|Scald|p1b: Scizor\n|-damage|p1b: Scizor|58/100\n|move|p1b: Scizor|Swords Dance|p1b: Scizor\n|-boost|p1b: Scizor|atk|2\n|\n|-weather|Sandstorm|[upkeep]\n|-damage|p2a: Whimsicott|89/100|[from] Sandstorm\n|-damage|p2b: Milotic|95/100|[from] Sandstorm\n|-heal|p2b: Milotic|100/100|[from] item: Leftovers\n|upkeep\n|turn|3\n|\n|t:|1776260532\n|switch|p2a: Incineroar|Incineroar, L50, F|100/100\n|-ability|p2a: Incineroar|Intimidate|boost\n|-unboost|p1a: Aerodactyl|atk|1\n|-unboost|p1b: Scizor|atk|1\n|switch|p1a: Rotom|Rotom-Mow, L50|100/100\n|move|p1b: Scizor|Bullet Punch|p2a: Incineroar\n|-resisted|p2a: Incineroar|1\n|-damage|p2a: Incineroar|74/100\n|move|p2b: Milotic|Scald|p1a: Rotom\n|-resisted|p1a: Rotom|1\n|-damage|p1a: Rotom|82/100\n|\n|-weather|Sandstorm|[upkeep]\n|-damage|p1a: Rotom|77/100|[from] Sandstorm\n|-damage|p2b: Milotic|95/100|[from] Sandstorm\n|-damage|p2a: Incineroar|68/100|[from] Sandstorm\n|-heal|p2b: Milotic|100/100|[from] item: Leftovers\n|upkeep\n|turn|4\n|\n|t:|1776260582\n|move|p2b: Milotic|Protect|p2b: Milotic\n|-singleturn|p2b: Milotic|Protect\n|move|p1b: Scizor|Protect|p1b: Scizor\n|-singleturn|p1b: Scizor|Protect\n|move|p1a: Rotom|Leaf Storm|p2b: Milotic\n|-activate|p2b: Milotic|move: Protect\n|move|p2a: Incineroar|Will-O-Wisp|p1b: Scizor\n|-activate|p1b: Scizor|move: Protect\n|\n|-weather|Sandstorm|[upkeep]\n|-damage|p1a: Rotom|71/100|[from] Sandstorm\n|-damage|p2b: Milotic|95/100|[from] Sandstorm\n|-damage|p2a: Incineroar|62/100|[from] Sandstorm\n|-heal|p2b: Milotic|100/100|[from] item: Leftovers\n|-sideend|p1: nikbutawesome|move: Tailwind\n|-sideend|p2: e1savage|move: Tailwind\n|upkeep\n|turn|5\n|\n|t:|1776260611\n|switch|p2b: Whimsicott|Whimsicott, L50, M, shiny|89/100\n|move|p1a: Rotom|Leaf Storm|p2b: Whimsicott\n|-resisted|p2b: Whimsicott|1\n|-damage|p2b: Whimsicott|44/100\n|-unboost|p1a: Rotom|spa|2\n|move|p1b: Scizor|Dual Wingbeat|p2a: Incineroar\n|-damage|p2a: Incineroar|28/100\n|-enditem|p2a: Incineroar|Sitrus Berry|[eat]\n|-heal|p2a: Incineroar|52/100|[from] item: Sitrus Berry\n|-damage|p2a: Incineroar|18/100\n|-hitcount|p2a: Incineroar|2\n|move|p2a: Incineroar|Flare Blitz|p1b: Scizor\n|-supereffective|p1b: Scizor|2\n|-damage|p1b: Scizor|0 fnt\n|faint|p1b: Scizor\n|-damage|p2a: Incineroar|4/100|[from] Recoil\n|\n|-weather|none\n|upkeep\n|\n|t:|1776260629\n|switch|p1b: Aerodactyl|Aerodactyl, L50, F|83/100\n|-ability|p1b: Aerodactyl|Unnerve\n|turn|6\n|\n|t:|1776260655\n|switch|p1a: Tyranitar|Tyranitar, L50, M|100/100\n|-weather|Sandstorm|[from] ability: Sand Stream|[of] p1a: Tyranitar\n|switch|p2a: Milotic|Milotic, L50, F, shiny|100/100\n|move|p2b: Whimsicott|Tailwind|p2b: Whimsicott\n|-sidestart|p2: e1savage|move: Tailwind\n|move|p1b: Aerodactyl|Rock Slide|p2b: Whimsicott|[spread] p2a,p2b\n|-damage|p2a: Milotic|72/100\n|-damage|p2b: Whimsicott|4/100\n|\n|-weather|Sandstorm|[upkeep]\n|-damage|p2b: Whimsicott|0 fnt|[from] Sandstorm\n|-damage|p2a: Milotic|66/100|[from] Sandstorm\n|faint|p2b: Whimsicott\n|-heal|p2a: Milotic|72/100|[from] item: Leftovers\n|upkeep\n|\n|t:|1776260676\n|switch|p2b: Incineroar|Incineroar, L50, F|4/100\n|-ability|p2b: Incineroar|Intimidate|boost\n|-unboost|p1a: Tyranitar|atk|1\n|-unboost|p1b: Aerodactyl|atk|1\n|-enditem|p1a: Tyranitar|White Herb\n|-clearnegativeboost|p1a: Tyranitar|[silent]\n|turn|7\n|\n|t:|1776260692\n|move|p1a: Tyranitar|Protect|p1a: Tyranitar\n|-singleturn|p1a: Tyranitar|Protect\n|move|p2a: Milotic|Scald|p1a: Tyranitar\n|-activate|p1a: Tyranitar|move: Protect\n|move|p1b: Aerodactyl|Tailwind|p1b: Aerodactyl\n|-sidestart|p1: nikbutawesome|move: Tailwind\n|move|p2b: Incineroar|Will-O-Wisp|p1b: Aerodactyl|[miss]\n|-miss|p2b: Incineroar|p1b: Aerodactyl\n|\n|-weather|Sandstorm|[upkeep]\n|-damage|p2a: Milotic|66/100|[from] Sandstorm\n|-damage|p2b: Incineroar|0 fnt|[from] Sandstorm\n|faint|p2b: Incineroar\n|-heal|p2a: Milotic|72/100|[from] item: Leftovers\n|upkeep\n|\n|t:|1776260704\n|switch|p2b: Charizard|Charizard, L50, M, shiny|100/100\n|turn|8\n|\n|t:|1776260719\n|detailschange|p2b: Charizard|Charizard-Mega-Y, L50, M, shiny\n|-mega|p2b: Charizard|Charizard|Charizardite Y\n|-weather|SunnyDay|[from] ability: Drought|[of] p2b: Charizard\n|move|p1b: Aerodactyl|Rock Slide|p2b: Charizard|[spread] p2a,p2b\n|-supereffective|p2b: Charizard|2\n|-damage|p2a: Milotic|52/100\n|-damage|p2b: Charizard|0 fnt\n|faint|p2b: Charizard\n|move|p1a: Tyranitar|Knock Off|p2a: Milotic\n|-damage|p2a: Milotic|0 fnt\n|-enditem|p2a: Milotic|Leftovers|[from] move: Knock Off|[of] p1a: Tyranitar\n|faint|p2a: Milotic\n|\n|win|nikbutawesome\n|raw|nikbutawesome's rating: 1175 &rarr; <strong>1202</strong><br />(+27 for winning)\n|raw|e1savage's rating: 1208 &rarr; <strong>1181</strong><br />(-27 for losing)\n|l|\u2606e1savage\n|player|p2|\n",
  "uploadtime": 1776260731,
  "views": 19,
  "formatid": "gen9championsvgc2026regma",
  "rating": 1181,
  "private": 0,
  "password": null
}