{
  "id": "gen9championsvgc2026regma-2581963155",
  "format": "[Gen 9 Champions] VGC 2026 Reg M-A",
  "players": [
    "jmasterswag",
    "W1shiwash1"
  ],
  "log": "|j|\u2606jmasterswag\n|j|\u2606W1shiwash1\n|t:|1776043706\n|gametype|doubles\n|player|p1|jmasterswag|bea|1073\n|player|p2|W1shiwash1|janine|1045\n|gen|9\n|tier|[Gen 9 Champions] VGC 2026 Reg M-A\n|rated|\n|rule|Species Clause: Limit one of each Pok\u00e9mon\n|rule|Item Clause: Limit 1 of each item\n|clearpoke\n|poke|p1|Tyranitar, L50, M|\n|poke|p1|Excadrill, L50, M|\n|poke|p1|Incineroar, L50, M|\n|poke|p1|Orthworm, L50, M|\n|poke|p1|Sinistcha, L50|\n|poke|p1|Rotom-Wash, L50|\n|poke|p2|Lopunny, L50, M|\n|poke|p2|Basculegion, L50, M|\n|poke|p2|Pelipper, L50, F|\n|poke|p2|Archaludon, L50, M|\n|poke|p2|Sinistcha, L50|\n|poke|p2|Incineroar, L50, M|\n|teampreview|4\n|inactive|Battle timer is ON: inactive players will automatically lose when time's up. (requested by jmasterswag)\n|inactive|jmasterswag has 60 seconds left.\n|inactive|W1shiwash1 has 60 seconds left.\n|\n|t:|1776043760\n|teamsize|p1|4\n|teamsize|p2|4\n|start\n|switch|p1a: Rotom|Rotom-Wash, L50|100/100\n|switch|p1b: Wolfey's Partner|Incineroar, L50, M|100/100\n|switch|p2a: Empress|Lopunny, L50, M|100/100\n|switch|p2b: Emperor|Incineroar, L50, M|100/100\n|-ability|p2b: Emperor|Intimidate|boost\n|-unboost|p1a: Rotom|atk|1\n|-unboost|p1b: Wolfey's Partner|atk|1\n|-ability|p1b: Wolfey's Partner|Intimidate|boost\n|-unboost|p2a: Empress|atk|1\n|-unboost|p2b: Emperor|atk|1\n|turn|1\n|inactive|W1shiwash1 has 30 seconds left.\n|inactive|W1shiwash1 has 20 seconds left.\n|\n|t:|1776043797\n|switch|p1a: Dirt|Tyranitar, L50, M, shiny|100/100\n|-weather|Sandstorm|[from] ability: Sand Stream|[of] p1a: Dirt\n|detailschange|p2a: Empress|Lopunny-Mega, L50, M\n|-mega|p2a: Empress|Lopunny|Lopunnite\n|move|p2a: Empress|Fake Out|p1a: Dirt\n|-resisted|p1a: Dirt|1\n|-damage|p1a: Dirt|95/100\n|move|p1b: Wolfey's Partner|Fake Out|p2a: Empress\n|-damage|p2a: Empress|91/100\n|move|p2b: Emperor|Parting Shot|p1a: Dirt\n|-unboost|p1a: Dirt|atk|1\n|-unboost|p1a: Dirt|spa|1\n|\n|t:|1776043809\n|switch|p2b: Courrier|Pelipper, L50, F|100/100|[from] Parting Shot\n|-weather|RainDance|[from] ability: Drizzle|[of] p2b: Courrier\n|\n|-weather|RainDance|[upkeep]\n|upkeep\n|turn|2\n|\n|t:|1776043829\n|switch|p1a: Rotom|Rotom-Wash, L50|100/100\n|move|p2a: Empress|Close Combat|p1b: Wolfey's Partner\n|-supereffective|p1b: Wolfey's Partner|1\n|-damage|p1b: Wolfey's Partner|31/100\n|-unboost|p2a: Empress|def|1\n|-unboost|p2a: Empress|spd|1\n|move|p2b: Courrier|Weather Ball|p1a: Rotom\n|-resisted|p1a: Rotom|1\n|-damage|p1a: Rotom|66/100\n|move|p1b: Wolfey's Partner|Parting Shot|p2a: Empress\n|-unboost|p2a: Empress|atk|1\n|-unboost|p2a: Empress|spa|1\n|\n|t:|1776043852\n|switch|p1b: GURREN LAGAN|Excadrill, L50, M, shiny|100/100|[from] Parting Shot\n|\n|-weather|RainDance|[upkeep]\n|upkeep\n|turn|3\n|inactive|W1shiwash1 has 30 seconds left.\n|\n|t:|1776043880\n|switch|p1b: Wolfey's Partner|Incineroar, L50, M|31/100\n|-ability|p1b: Wolfey's Partner|Intimidate|boost\n|-fail|p2a: Empress|unboost|Attack|[from] ability: Scrappy|[of] p2a: Empress\n|-unboost|p2b: Courrier|atk|1\n|switch|p2b: Emperor|Incineroar, L50, M|100/100\n|-ability|p2b: Emperor|Intimidate|boost\n|-unboost|p1a: Rotom|atk|1\n|-unboost|p1b: Wolfey's Partner|atk|1\n|move|p2a: Empress|Protect|p2a: Empress\n|-singleturn|p2a: Empress|Protect\n|move|p1a: Rotom|Thunder|p2b: Emperor\n|-damage|p2b: Emperor|63/100\n|\n|-weather|RainDance|[upkeep]\n|-heal|p1b: Wolfey's Partner|37/100|[from] item: Leftovers\n|upkeep\n|turn|4\n|\n|t:|1776043902\n|move|p2b: Emperor|Fake Out|p1a: Rotom\n|-damage|p1a: Rotom|53/100\n|move|p1b: Wolfey's Partner|Fake Out|p2b: Emperor\n|-damage|p2b: Emperor|56/100\n|move|p2a: Empress|Close Combat|p1b: Wolfey's Partner\n|-supereffective|p1b: Wolfey's Partner|1\n|-damage|p1b: Wolfey's Partner|0 fnt\n|-unboost|p2a: Empress|def|1\n|-unboost|p2a: Empress|spd|1\n|faint|p1b: Wolfey's Partner\n|cant|p1a: Rotom|flinch\n|\n|-weather|RainDance|[upkeep]\n|upkeep\n|\n|t:|1776043911\n|switch|p1b: GURREN LAGAN|Excadrill, L50, M, shiny|100/100\n|turn|5\n|inactive|W1shiwash1 has 30 seconds left.\n|\n|t:|1776043939\n|switch|p1a: Dirt|Tyranitar, L50, M, shiny|95/100\n|-weather|Sandstorm|[from] ability: Sand Stream|[of] p1a: Dirt\n|move|p1b: GURREN LAGAN|Earthquake|p2b: Emperor|[spread] p1a,p2a,p2b\n|-supereffective|p1a: Dirt|1\n|-supereffective|p2b: Emperor|1\n|-crit|p2b: Emperor\n|-damage|p1a: Dirt|32/100\n|-damage|p2a: Empress|0 fnt\n|-damage|p2b: Emperor|0 fnt\n|faint|p2a: Empress\n|faint|p2b: Emperor\n|\n|-weather|Sandstorm|[upkeep]\n|upkeep\n|\n|t:|1776043950\n|switch|p2a: Courrier|Pelipper, L50, F|100/100\n|switch|p2b: Chevalier|Basculegion, L50, M|100/100\n|-weather|RainDance|[from] ability: Drizzle|[of] p2a: Courrier\n|turn|6\n|\n|t:|1776043971\n|detailschange|p1b: GURREN LAGAN|Excadrill-Mega, L50, M, shiny\n|-mega|p1b: GURREN LAGAN|Excadrill|Excadrite\n|move|p2b: Chevalier|Wave Crash|p1b: GURREN LAGAN\n|-supereffective|p1b: GURREN LAGAN|1\n|-damage|p1b: GURREN LAGAN|0 fnt\n|faint|p1b: GURREN LAGAN\n|-damage|p2b: Chevalier|70/100|[from] Recoil\n|move|p2a: Courrier|Tailwind|p2a: Courrier\n|-sidestart|p2: W1shiwash1|move: Tailwind\n|move|p1a: Dirt|Knock Off|p2b: Chevalier\n|-supereffective|p2b: Chevalier|1\n|-damage|p2b: Chevalier|0 fnt\n|-enditem|p2b: Chevalier|Mystic Water|[from] move: Knock Off|[of] p1a: Dirt\n|faint|p2b: Chevalier\n|\n|-weather|RainDance|[upkeep]\n|upkeep\n|\n|t:|1776043983\n|switch|p1b: Rotom|Rotom-Wash, L50|53/100\n|turn|7\n|\n|t:|1776044002\n|move|p2a: Courrier|Weather Ball|p1b: Rotom\n|-resisted|p1b: Rotom|1\n|-damage|p1b: Rotom|21/100\n|move|p1b: Rotom|Thunder|p2a: Courrier\n|-supereffective|p2a: Courrier|2\n|-enditem|p2a: Courrier|Focus Sash\n|-damage|p2a: Courrier|1/100\n|-status|p2a: Courrier|par\n|move|p1a: Dirt|Knock Off|p2a: Courrier\n|-damage|p2a: Courrier|0 fnt\n|faint|p2a: Courrier\n|\n|win|jmasterswag\n|raw|jmasterswag's rating: 1073 &rarr; <strong>1100</strong><br />(+27 for winning)\n|raw|W1shiwash1's rating: 1045 &rarr; <strong>1030</strong><br />(-15 for losing)\n|l|\u2606W1shiwash1\n|player|p2|\n",
  "uploadtime": 1776044019,
  "views": 10,
  "formatid": "gen9championsvgc2026regma",
  "rating": 1030,
  "private": 0,
  "password": null
}