{
  "id": "gen9championsvgc2026regma-2583822808",
  "format": "[Gen 9 Champions] VGC 2026 Reg M-A",
  "players": [
    "skibidionthewall",
    "eevee1ynn"
  ],
  "log": "|j|\u2606skibidionthewall\n|j|\u2606eevee1ynn\n|t:|1776200460\n|gametype|doubles\n|player|p1|skibidionthewall|101|1266\n|player|p2|eevee1ynn|irida|1210\n|gen|9\n|tier|[Gen 9 Champions] VGC 2026 Reg M-A\n|rated|\n|rule|Species Clause: Limit one of each Pok\u00e9mon\n|rule|Item Clause: Limit 1 of each item\n|clearpoke\n|poke|p1|Floette-Eternal, L50, F|\n|poke|p1|Tyranitar, L50, M|\n|poke|p1|Incineroar, L50, M|\n|poke|p1|Rotom-Wash, L50|\n|poke|p1|Sinistcha, L50|\n|poke|p1|Garchomp, L50, M|\n|poke|p2|Altaria, L50, F|\n|poke|p2|Torkoal, L50, F|\n|poke|p2|Incineroar, L50, M|\n|poke|p2|Farigiraf, L50, F|\n|poke|p2|Kingambit, L50, M|\n|poke|p2|Cofagrigus, L50, M|\n|teampreview|4\n|inactive|Battle timer is ON: inactive players will automatically lose when time's up. (requested by skibidionthewall)\n|\n|t:|1776200485\n|teamsize|p1|4\n|teamsize|p2|4\n|start\n|switch|p1a: ultimate weapon|Floette-Eternal, L50, F, shiny|100/100\n|switch|p1b: ghost stories|Rotom-Wash, L50, shiny|100/100\n|switch|p2a: Incineroar|Incineroar, L50, M|100/100\n|switch|p2b: Farigiraf|Farigiraf, L50, F|100/100\n|-ability|p2a: Incineroar|Intimidate|boost\n|-unboost|p1a: ultimate weapon|atk|1\n|-unboost|p1b: ghost stories|atk|1\n|turn|1\n|\n|t:|1776200506\n|detailschange|p1a: ultimate weapon|Floette-Mega, L50, F, shiny\n|-mega|p1a: ultimate weapon|Floette|Floettite\n|-ability|p1a: ultimate weapon|Fairy Aura\n|move|p2a: Incineroar|Fake Out|p1b: ghost stories\n|-damage|p1b: ghost stories|82/100\n|move|p1a: ultimate weapon|Calm Mind|p1a: ultimate weapon\n|-boost|p1a: ultimate weapon|spa|1\n|-boost|p1a: ultimate weapon|spd|1\n|cant|p1b: ghost stories|flinch\n|move|p2b: Farigiraf|Trick Room|p2b: Farigiraf\n|-fieldstart|move: Trick Room|[of] p2b: Farigiraf\n|\n|upkeep\n|turn|2\n|inactive|skibidionthewall has 30 seconds left.\n|\n|t:|1776200535\n|move|p1a: ultimate weapon|Protect|p1a: ultimate weapon\n|-singleturn|p1a: ultimate weapon|Protect\n|move|p2a: Incineroar|Flare Blitz|p1a: ultimate weapon\n|-activate|p1a: ultimate weapon|move: Protect\n|move|p2b: Farigiraf|Hyper Voice|p1b: ghost stories|[spread] p1b\n|-activate|p1a: ultimate weapon|move: Protect\n|-damage|p1b: ghost stories|42/100\n|-enditem|p1b: ghost stories|Sitrus Berry|[eat]\n|-heal|p1b: ghost stories|67/100|[from] item: Sitrus Berry\n|move|p1b: ghost stories|Hydro Pump|p2a: Incineroar\n|-supereffective|p2a: Incineroar|1\n|-damage|p2a: Incineroar|7/100\n|\n|upkeep\n|turn|3\n|\n|t:|1776200558\n|switch|p2b: Cofagrigus|Cofagrigus, L50, M|100/100\n|move|p2a: Incineroar|Flare Blitz|p1a: ultimate weapon\n|-damage|p1a: ultimate weapon|20/100\n|-damage|p2a: Incineroar|0 fnt|[from] Recoil\n|faint|p2a: Incineroar\n|move|p1b: ghost stories|Volt Switch|p2b: Cofagrigus\n|-damage|p2b: Cofagrigus|77/100\n|\n|t:|1776200567\n|switch|p1b: big boy|Tyranitar, L50, M|100/100|[from] Volt Switch\n|-weather|Sandstorm|[from] ability: Sand Stream|[of] p1b: big boy\n|move|p1a: ultimate weapon|Dazzling Gleam|p2b: Cofagrigus\n|-damage|p2b: Cofagrigus|2/100\n|\n|-weather|Sandstorm|[upkeep]\n|-damage|p2b: Cofagrigus|0 fnt|[from] Sandstorm\n|-damage|p1a: ultimate weapon|14/100|[from] Sandstorm\n|faint|p2b: Cofagrigus\n|upkeep\n|\n|t:|1776200570\n|switch|p2b: Altaria|Altaria, L50, F|100/100\n|switch|p2a: Farigiraf|Farigiraf, L50, F|100/100\n|-ability|p2b: Altaria|Cloud Nine\n|turn|4\n|\n|t:|1776200589\n|detailschange|p2b: Altaria|Altaria-Mega, L50, F\n|-mega|p2b: Altaria|Altaria|Altarianite\n|move|p1a: ultimate weapon|Protect|p1a: ultimate weapon\n|-singleturn|p1a: ultimate weapon|Protect\n|move|p2a: Farigiraf|Hyper Voice|p1b: big boy|[spread] p1b\n|-activate|p1a: ultimate weapon|move: Protect\n|-resisted|p1b: big boy|1\n|-damage|p1b: big boy|92/100\n|move|p1b: big boy|Knock Off|p2a: Farigiraf\n|-supereffective|p2a: Farigiraf|1\n|-damage|p2a: Farigiraf|8/100\n|-enditem|p2a: Farigiraf|Sitrus Berry|[from] move: Knock Off|[of] p1b: big boy\n|move|p2b: Altaria|Hyper Voice|p1b: big boy|[spread] p1b\n|-activate|p1a: ultimate weapon|move: Protect\n|-supereffective|p1b: big boy|1\n|-damage|p1b: big boy|25/100\n|\n|-weather|Sandstorm|[upkeep]\n|-damage|p2a: Farigiraf|2/100|[from] Sandstorm\n|-damage|p2b: Altaria|94/100|[from] Sandstorm\n|-damage|p1a: ultimate weapon|8/100|[from] Sandstorm\n|upkeep\n|turn|5\n|inactive|skibidionthewall has 30 seconds left.\n|\n|t:|1776200619\n|move|p2a: Farigiraf|Twin Beam|p1a: ultimate weapon\n|-damage|p1a: ultimate weapon|0 fnt\n|faint|p1a: ultimate weapon\n|-hitcount|p1: ultimate weapon|1\n|move|p1b: big boy|Knock Off|p2a: Farigiraf\n|-supereffective|p2a: Farigiraf|1\n|-damage|p2a: Farigiraf|0 fnt\n|faint|p2a: Farigiraf\n|move|p2b: Altaria|Hyper Voice|p1b: big boy\n|-supereffective|p1b: big boy|1\n|-damage|p1b: big boy|0 fnt\n|faint|p1b: big boy\n|\n|-weather|Sandstorm|[upkeep]\n|-damage|p2b: Altaria|88/100|[from] Sandstorm\n|-fieldend|move: Trick Room\n|upkeep\n|\n|t:|1776200633\n|switch|p1a: sandwyrm|Garchomp, L50, M|100/100\n|switch|p1b: ghost stories|Rotom-Wash, L50, shiny|67/100\n|turn|6\n|\n|t:|1776200652\n|move|p1a: sandwyrm|Poison Jab|p2b: Altaria\n|-supereffective|p2b: Altaria|1\n|-damage|p2b: Altaria|35/100\n|move|p1b: ghost stories|Hydro Pump|p2b: Altaria\n|-resisted|p2b: Altaria|1\n|-damage|p2b: Altaria|13/100\n|move|p2b: Altaria|Hyper Voice|p1b: ghost stories|[spread] p1b\n|-miss|p2b: Altaria|p1a: sandwyrm\n|-damage|p1b: ghost stories|15/100\n|\n|-weather|Sandstorm|[upkeep]\n|-damage|p1b: ghost stories|9/100|[from] Sandstorm\n|-damage|p2b: Altaria|7/100|[from] Sandstorm\n|upkeep\n|turn|7\n|\n|t:|1776200669\n|move|p1a: sandwyrm|Poison Jab|p2b: Altaria\n|-supereffective|p2b: Altaria|1\n|-damage|p2b: Altaria|0 fnt\n|faint|p2b: Altaria\n|\n|win|skibidionthewall\n|raw|skibidionthewall's rating: 1266 &rarr; <strong>1287</strong><br />(+21 for winning)\n|raw|eevee1ynn's rating: 1210 &rarr; <strong>1189</strong><br />(-21 for losing)\n",
  "uploadtime": 1776200669,
  "views": 17,
  "formatid": "gen9championsvgc2026regma",
  "rating": 1189,
  "private": 0,
  "password": null
}