{
  "id": "gen9championsvgc2026regma-2585228023",
  "format": "[Gen 9 Champions] VGC 2026 Reg M-A",
  "players": [
    "SeniorFREN",
    "Yashinon"
  ],
  "log": "|j|\u2606SeniorFREN\n|j|\u2606Yashinon\n|t:|1776327439\n|gametype|doubles\n|player|p1|SeniorFREN|2|1128\n|player|p2|Yashinon|169|1173\n|gen|9\n|tier|[Gen 9 Champions] VGC 2026 Reg M-A\n|rated|\n|rule|Species Clause: Limit one of each Pok\u00e9mon\n|rule|Item Clause: Limit 1 of each item\n|clearpoke\n|poke|p1|Klefki, L50, F|\n|poke|p1|Blastoise, L50, F|\n|poke|p1|Dragapult, L50, F|\n|poke|p1|Conkeldurr, L50, F|\n|poke|p1|Goodra-Hisui, L50, M|\n|poke|p1|Basculegion, L50, M|\n|poke|p2|Gengar, L50, F|\n|poke|p2|Incineroar, L50, M|\n|poke|p2|Palafin, L50, F|\n|poke|p2|Politoed, L50, F|\n|poke|p2|Sinistcha-Masterpiece, L50|\n|poke|p2|Aggron, L50, F|\n|teampreview|4\n|\n|t:|1776327482\n|teamsize|p1|4\n|teamsize|p2|4\n|start\n|switch|p1a: BIG MAN|Blastoise, L50, F|100/100\n|switch|p1b: Jingle Jingle|Klefki, L50, F|100/100\n|switch|p2a: Palafin|Palafin, L50, F|100/100\n|switch|p2b: Politoed|Politoed, L50, F|100/100\n|-weather|RainDance|[from] ability: Drizzle|[of] p2b: Politoed\n|turn|1\n|\n|t:|1776327508\n|detailschange|p2a: Palafin|Palafin-Hero, L50, F\n|switch|p2a: Aggron|Aggron, L50, F|100/100\n|move|p1b: Jingle Jingle|Thunder Wave|p2a: Aggron\n|-status|p2a: Aggron|par\n|move|p1a: BIG MAN|Shell Smash|p1a: BIG MAN\n|-unboost|p1a: BIG MAN|def|1\n|-unboost|p1a: BIG MAN|spd|1\n|-boost|p1a: BIG MAN|atk|2\n|-boost|p1a: BIG MAN|spa|2\n|-boost|p1a: BIG MAN|spe|2\n|move|p2b: Politoed|Encore|p1a: BIG MAN\n|-start|p1a: BIG MAN|Encore\n|\n|-weather|RainDance|[upkeep]\n|upkeep\n|turn|2\n|\n|t:|1776327543\n|switch|p1a: PUMP|Conkeldurr, L50, F|100/100\n|detailschange|p2a: Aggron|Aggron-Mega, L50, F\n|-mega|p2a: Aggron|Aggron|Aggronite\n|move|p1b: Jingle Jingle|Thunder Wave|p2b: Politoed\n|-status|p2b: Politoed|par\n|move|p2b: Politoed|Weather Ball|p1b: Jingle Jingle\n|-damage|p1b: Jingle Jingle|50/100\n|move|p2a: Aggron|Body Press|p1a: PUMP\n|-damage|p1a: PUMP|66/100\n|\n|-weather|RainDance|[upkeep]\n|-heal|p1b: Jingle Jingle|56/100|[from] item: Leftovers\n|upkeep\n|turn|3\n|\n|t:|1776327574\n|switch|p1b: BIG MAN|Blastoise, L50, F|100/100\n|move|p1a: PUMP|Drain Punch|p2a: Aggron\n|-supereffective|p2a: Aggron|1\n|-damage|p2a: Aggron|54/100 par\n|-heal|p1a: PUMP|85/100|[from] drain|[of] p2a: Aggron\n|move|p2b: Politoed|Weather Ball|p1a: PUMP\n|-damage|p1a: PUMP|27/100\n|move|p2a: Aggron|Body Press|p1a: PUMP\n|-damage|p1a: PUMP|0 fnt\n|faint|p1a: PUMP\n|\n|-weather|RainDance|[upkeep]\n|upkeep\n|\n|t:|1776327596\n|switch|p1a: Patrick|Basculegion, L50, M|100/100\n|turn|4\n|\n|t:|1776327613\n|switch|p2b: Sinistcha|Sinistcha-Masterpiece, L50|100/100\n|-heal|p2a: Aggron|79/100 par|[from] ability: Hospitality|[of] p2b: Sinistcha\n|detailschange|p1b: BIG MAN|Blastoise-Mega, L50, F\n|-mega|p1b: BIG MAN|Blastoise|Blastoisinite\n|move|p1a: Patrick|Flip Turn|p2a: Aggron\n|-damage|p2a: Aggron|51/100 par\n|\n|t:|1776327621\n|switch|p1a: Jingle Jingle|Klefki, L50, F|56/100|[from] Flip Turn\n|move|p1b: BIG MAN|Water Spout|p2a: Aggron|[spread] p2a,p2b\n|-resisted|p2b: Sinistcha|1\n|-crit|p2b: Sinistcha\n|-damage|p2a: Aggron|0 fnt\n|-damage|p2b: Sinistcha|39/100\n|faint|p2a: Aggron\n|\n|-weather|RainDance|[upkeep]\n|-heal|p1a: Jingle Jingle|62/100|[from] item: Leftovers\n|upkeep\n|\n|t:|1776327635\n|switch|p2a: Palafin|Palafin-Hero, L50, F|100/100\n|-activate|p2a: Palafin|ability: Zero to Hero\n|turn|5\n|\n|t:|1776327649\n|move|p2b: Sinistcha|Protect|p2b: Sinistcha\n|-singleturn|p2b: Sinistcha|Protect\n|move|p1a: Jingle Jingle|Thunder Wave|p2a: Palafin\n|-status|p2a: Palafin|par\n|move|p1b: BIG MAN|Ice Beam|p2b: Sinistcha\n|-activate|p2b: Sinistcha|move: Protect\n|move|p2a: Palafin|Wave Crash|p1b: BIG MAN\n|-resisted|p1b: BIG MAN|1\n|-damage|p1b: BIG MAN|44/100\n|-damage|p2a: Palafin|84/100 par|[from] Recoil\n|\n|-weather|none\n|-heal|p1a: Jingle Jingle|68/100|[from] item: Leftovers\n|upkeep\n|turn|6\n|\n|t:|1776327667\n|switch|p2b: Politoed|Politoed, L50, F|100/100 par\n|-weather|RainDance|[from] ability: Drizzle|[of] p2b: Politoed\n|move|p1b: BIG MAN|Ice Beam|p2b: Politoed\n|-resisted|p2b: Politoed|1\n|-damage|p2b: Politoed|88/100 par\n|move|p1a: Jingle Jingle|Foul Play|p2a: Palafin\n|-damage|p2a: Palafin|49/100 par\n|move|p2a: Palafin|Wave Crash|p1b: BIG MAN\n|-resisted|p1b: BIG MAN|1\n|-damage|p1b: BIG MAN|0 fnt\n|faint|p1b: BIG MAN\n|-damage|p2a: Palafin|36/100 par|[from] Recoil\n|\n|-weather|RainDance|[upkeep]\n|-heal|p1a: Jingle Jingle|74/100|[from] item: Leftovers\n|-heal|p2b: Politoed|94/100 par|[from] item: Leftovers\n|upkeep\n|\n|t:|1776327683\n|switch|p1b: Patrick|Basculegion, L50, M|100/100\n|turn|7\n|\n|t:|1776327704\n|move|p2a: Palafin|Protect|p2a: Palafin\n|-singleturn|p2a: Palafin|Protect\n|move|p1b: Patrick|Last Respects|p2b: Politoed\n|-damage|p2b: Politoed|7/100 par\n|move|p1a: Jingle Jingle|Foul Play|p2a: Palafin\n|-activate|p2a: Palafin|move: Protect\n|move|p2b: Politoed|Perish Song|p2b: Politoed\n|-start|p1a: Jingle Jingle|perish3|[silent]\n|-start|p1b: Patrick|perish3|[silent]\n|-start|p2a: Palafin|perish3|[silent]\n|-start|p2b: Politoed|perish3|[silent]\n|-fieldactivate|move: Perish Song\n|\n|-weather|RainDance|[upkeep]\n|-heal|p1a: Jingle Jingle|80/100|[from] item: Leftovers\n|-heal|p2b: Politoed|13/100 par|[from] item: Leftovers\n|-start|p1b: Patrick|perish3\n|-start|p1a: Jingle Jingle|perish3\n|-start|p2a: Palafin|perish3\n|-start|p2b: Politoed|perish3\n|upkeep\n|turn|8\n|\n|t:|1776327729\n|switch|p2a: Sinistcha|Sinistcha-Masterpiece, L50|39/100\n|-heal|p2b: Politoed|38/100 par|[from] ability: Hospitality|[of] p2a: Sinistcha\n|move|p2b: Politoed|Protect|p2b: Politoed\n|-singleturn|p2b: Politoed|Protect\n|move|p1b: Patrick|Last Respects|p2a: Sinistcha\n|-supereffective|p2a: Sinistcha|1\n|-damage|p2a: Sinistcha|0 fnt\n|faint|p2a: Sinistcha\n|move|p1a: Jingle Jingle|Foul Play|p2b: Politoed\n|-activate|p2b: Politoed|move: Protect\n|\n|-weather|RainDance|[upkeep]\n|-heal|p1a: Jingle Jingle|86/100|[from] item: Leftovers\n|-heal|p2b: Politoed|44/100 par|[from] item: Leftovers\n|-start|p1b: Patrick|perish2\n|-start|p1a: Jingle Jingle|perish2\n|-start|p2b: Politoed|perish2\n|upkeep\n|\n|t:|1776327750\n|switch|p2a: Palafin|Palafin-Hero, L50, F|36/100 par\n|turn|9\n|\n|t:|1776327768\n|move|p2a: Palafin|Jet Punch|p1a: Jingle Jingle\n|-damage|p1a: Jingle Jingle|17/100\n|move|p1b: Patrick|Last Respects|p2b: Politoed\n|-damage|p2b: Politoed|0 fnt\n|faint|p2b: Politoed\n|move|p1a: Jingle Jingle|Foul Play|p2a: Palafin\n|-damage|p2a: Palafin|0 fnt\n|faint|p2a: Palafin\n|\n|win|SeniorFREN\n|raw|SeniorFREN's rating: 1128 &rarr; <strong>1156</strong><br />(+28 for winning)\n|raw|Yashinon's rating: 1173 &rarr; <strong>1145</strong><br />(-28 for losing)\n|c|\u2606SeniorFREN|ggs\n|l|\u2606Yashinon\n|player|p2|\n",
  "uploadtime": 1776327797,
  "views": 22,
  "formatid": "gen9championsvgc2026regma",
  "rating": 1145,
  "private": 0,
  "password": null
}