{
  "id": "gen9championsvgc2026regma-2588567403",
  "format": "[Gen 9 Champions] VGC 2026 Reg M-A",
  "players": [
    "UGCLLASTBRAINCELL",
    "ranned bats"
  ],
  "log": "|j|\u2606UGCLLASTBRAINCELL\n|j|\u2606ranned bats\n|t:|1776645716\n|gametype|doubles\n|player|p1|UGCLLASTBRAINCELL|miku-ground|\n|player|p2|ranned bats|winona|\n|gen|9\n|tier|[Gen 9 Champions] VGC 2026 Reg M-A\n|rated|Tournament battle\n|rule|Species Clause: Limit one of each Pok\u00e9mon\n|rule|Item Clause: Limit 1 of each item\n|raw|<div class=\"infobox\"><details class=\"readmore\" open><summary><strong>1 custom rule:</strong></summary> Force Open Team Sheets</details></div>\n|clearpoke\n|poke|p1|Chimecho, L50, M|\n|poke|p1|Sinistcha, L50|\n|poke|p1|Sableye, L50, M|\n|poke|p1|Basculegion, L50, M|\n|poke|p1|Gallade, L50, M|\n|poke|p1|Aerodactyl, L50, M|\n|poke|p2|Camerupt, L50, M|\n|poke|p2|Sinistcha-Masterpiece, L50|\n|poke|p2|Primarina, L50, M|\n|poke|p2|Skarmory, L50, M|\n|poke|p2|Feraligatr, L50, M|\n|poke|p2|Incineroar, L50, M|\n|teampreview|4\n|showteam|p1|Chimecho||Chimechite|Levitate|CosmicPower,FlashCannon,StoredPower,Protect|||M|||50|]Sinistcha||SitrusBerry|Hospitality|LifeDew,TrickRoom,MatchaGotcha,RagePowder||||||50|]Sableye||MentalHerb|Prankster|RainDance,Snarl,Disable,Encore|||M|||50|]Basculegion||ChoiceScarf|Adaptability|FlipTurn,AquaJet,WaveCrash,LastRespects|||M|||50|]Gallade||FocusSash|Sharpness|TrickRoom,WideGuard,SacredSword,PsychoCut|||M|||50|]Aerodactyl||KingsRock|Unnerve|RockSlide,DualWingbeat,Tailwind,Protect|||M|||50|\n|showteam|p2|Camerupt||Cameruptite|SolidRock|HeatWave,EarthPower,FlashCannon,Protect|||M|||50|]Sinistcha-Masterpiece||OccaBerry|Hospitality|TrickRoom,MatchaGotcha,CalmMind,ShadowBall||||||50|]Primarina||KebiaBerry|LiquidVoice|HyperVoice,Moonblast,LifeDew,Protect|||M|||50|]Skarmory||Skarmorite|WeakArmor|Tailwind,Roost,IronHead,BraveBird|||M|||50|]Feraligatr||Feraligite|SheerForce|AquaJet,SwordsDance,DoubleEdge,Liquidation|||M|||50|]Incineroar||BlackGlasses|Intimidate|DarkestLariat,FakeOut,PartingShot,FlareBlitz|||M|||50|\n|c|\u2606ranned bats|glhf\n|j| GoogleDad\n|c|\u2606UGCLLASTBRAINCELL|u2\n|c|\u2606UGCLLASTBRAINCELL|/log ugcl was promoted to Room Voice by UGCLLASTBRAINCELL.\n|\n|t:|1776645770\n|teamsize|p1|4\n|teamsize|p2|4\n|start\n|switch|p1a: Basculegion|Basculegion, L50, M|100/100\n|switch|p1b: Chimecho|Chimecho, L50, M|100/100\n|switch|p2a: Camerupt|Camerupt, L50, M|100/100\n|switch|p2b: Sinistcha|Sinistcha-Masterpiece, L50|100/100\n|turn|1\n|\n|t:|1776645793\n|move|p2a: Camerupt|Protect|p2a: Camerupt\n|-singleturn|p2a: Camerupt|Protect\n|move|p1a: Basculegion|Flip Turn|p2b: Sinistcha\n|-resisted|p2b: Sinistcha|1\n|-damage|p2b: Sinistcha|84/100\n|\n|t:|1776645800\n|switch|p1a: Gallade|Gallade, L50, M|100/100|[from] Flip Turn\n|move|p1b: Chimecho|Cosmic Power|p1b: Chimecho\n|-boost|p1b: Chimecho|def|1\n|-boost|p1b: Chimecho|spd|1\n|move|p2b: Sinistcha|Trick Room|p2b: Sinistcha\n|-fieldstart|move: Trick Room|[of] p2b: Sinistcha\n|\n|upkeep\n|turn|2\n|\n|t:|1776645828\n|detailschange|p2a: Camerupt|Camerupt-Mega, L50, M\n|-mega|p2a: Camerupt|Camerupt|Cameruptite\n|detailschange|p1b: Chimecho|Chimecho-Mega, L50, M\n|-mega|p1b: Chimecho|Chimecho|Chimechite\n|move|p2a: Camerupt|Heat Wave|p1b: Chimecho|[spread] p1b\n|-miss|p2a: Camerupt|p1a: Gallade\n|-supereffective|p1b: Chimecho|1\n|-damage|p1b: Chimecho|41/100\n|move|p2b: Sinistcha|Shadow Ball|p1a: Gallade\n|-supereffective|p1a: Gallade|1\n|-damage|p1a: Gallade|32/100\n|move|p1b: Chimecho|Cosmic Power|p1b: Chimecho\n|-boost|p1b: Chimecho|def|1\n|-boost|p1b: Chimecho|spd|1\n|move|p1a: Gallade|Psycho Cut|p2a: Camerupt\n|-damage|p2a: Camerupt|47/100\n|\n|upkeep\n|turn|3\n|\n|t:|1776645851\n|switch|p1a: Sinistcha|Sinistcha, L50|100/100\n|-heal|p1b: Chimecho|66/100|[from] ability: Hospitality|[of] p1a: Sinistcha\n|move|p1b: Chimecho|Protect|p1b: Chimecho\n|-singleturn|p1b: Chimecho|Protect\n|move|p2a: Camerupt|Heat Wave|p1b: Chimecho|[spread] p1a\n|-activate|p1b: Chimecho|move: Protect\n|-supereffective|p1a: Sinistcha|1\n|-damage|p1a: Sinistcha|0 fnt\n|faint|p1a: Sinistcha\n|move|p2b: Sinistcha|Shadow Ball|p1b: Chimecho\n|-activate|p1b: Chimecho|move: Protect\n|\n|upkeep\n|\n|t:|1776645860\n|switch|p1a: Basculegion|Basculegion, L50, M|100/100\n|turn|4\n|\n|t:|1776645882\n|switch|p2b: Incineroar|Incineroar, L50, M|100/100\n|-ability|p2b: Incineroar|Intimidate|boost\n|-unboost|p1a: Basculegion|atk|1\n|-unboost|p1b: Chimecho|atk|1\n|switch|p1a: Gallade|Gallade, L50, M|32/100\n|move|p2a: Camerupt|Earth Power|p1a: Gallade\n|-damage|p1a: Gallade|0 fnt\n|faint|p1a: Gallade\n|move|p1b: Chimecho|Cosmic Power|p1b: Chimecho\n|-boost|p1b: Chimecho|def|1\n|-boost|p1b: Chimecho|spd|1\n|\n|upkeep\n|\n|t:|1776645894\n|switch|p1a: Basculegion|Basculegion, L50, M|100/100\n|turn|5\n|\n|t:|1776645914\n|move|p2b: Incineroar|Fake Out|p1b: Chimecho\n|-resisted|p1b: Chimecho|1\n|-damage|p1b: Chimecho|64/100\n|move|p1a: Basculegion|Aqua Jet|p2b: Incineroar\n|-supereffective|p2b: Incineroar|1\n|-damage|p2b: Incineroar|47/100\n|move|p2a: Camerupt|Heat Wave|p1a: Basculegion|[spread] p1a\n|-miss|p2a: Camerupt|p1b: Chimecho\n|-resisted|p1a: Basculegion|1\n|-damage|p1a: Basculegion|67/100\n|cant|p1b: Chimecho|flinch\n|\n|-fieldend|move: Trick Room\n|upkeep\n|turn|6\n|\n|t:|1776645928\n|switch|p2b: Sinistcha|Sinistcha-Masterpiece, L50|84/100\n|-heal|p2a: Camerupt|72/100|[from] ability: Hospitality|[of] p2b: Sinistcha\n|move|p2a: Camerupt|Protect|p2a: Camerupt\n|-singleturn|p2a: Camerupt|Protect\n|move|p1a: Basculegion|Aqua Jet|p2b: Sinistcha\n|-resisted|p2b: Sinistcha|1\n|-damage|p2b: Sinistcha|73/100\n|move|p1b: Chimecho|Stored Power|p2a: Camerupt\n|-activate|p2a: Camerupt|move: Protect\n|\n|upkeep\n|turn|7\n|c|\u2606UGCLLASTBRAINCELL|-_-\n|\n|t:|1776645944\n|switch|p2a: Incineroar|Incineroar, L50, M|47/100\n|-ability|p2a: Incineroar|Intimidate|boost\n|-unboost|p1a: Basculegion|atk|1\n|-unboost|p1b: Chimecho|atk|1\n|move|p1a: Basculegion|Aqua Jet|p2a: Incineroar\n|-supereffective|p2a: Incineroar|1\n|-damage|p2a: Incineroar|11/100\n|move|p1b: Chimecho|Stored Power|p2a: Incineroar\n|-immune|p2a: Incineroar\n|move|p2b: Sinistcha|Trick Room|p2b: Sinistcha\n|-fieldstart|move: Trick Room|[of] p2b: Sinistcha\n|\n|upkeep\n|turn|8\n|\n|t:|1776645974\n|switch|p2a: Primarina|Primarina, L50, M|100/100\n|move|p1a: Basculegion|Aqua Jet|p2b: Sinistcha\n|-resisted|p2b: Sinistcha|1\n|-damage|p2b: Sinistcha|65/100\n|move|p2b: Sinistcha|Shadow Ball|p1a: Basculegion\n|-supereffective|p1a: Basculegion|1\n|-crit|p1a: Basculegion\n|-damage|p1a: Basculegion|0 fnt\n|faint|p1a: Basculegion\n|move|p1b: Chimecho|Stored Power|p2b: Sinistcha\n|-damage|p2b: Sinistcha|0 fnt\n|faint|p2b: Sinistcha\n|\n|upkeep\n|\n|t:|1776645986\n|switch|p2b: Incineroar|Incineroar, L50, M|11/100\n|-ability|p2b: Incineroar|Intimidate|boost\n|-unboost|p1b: Chimecho|atk|1\n|turn|9\n|\n|t:|1776645991\n|move|p1b: Chimecho|Protect|p1b: Chimecho\n|-singleturn|p1b: Chimecho|Protect\n|move|p2b: Incineroar|Fake Out|p1b: Chimecho\n|-activate|p1b: Chimecho|move: Protect\n|move|p2a: Primarina|Hyper Voice|p1b: Chimecho\n|-activate|p1b: Chimecho|move: Protect\n|\n|upkeep\n|turn|10\n|c|\u2606UGCLLASTBRAINCELL|!pick mish, nuag\n|c| UGCLLASTBRAINCELL|/raw <div class=\"infobox\"><em>We randomly picked:</em> mish</div>\n|c|\u2606UGCLLASTBRAINCELL|hm\n|\n|t:|1776646003\n|move|p2b: Incineroar|Darkest Lariat|p1b: Chimecho\n|-supereffective|p1b: Chimecho|1\n|-damage|p1b: Chimecho|0 fnt\n|faint|p1b: Chimecho\n|\n|win|ranned bats\n|n|\u2606UGCLLASTBRAINCELL|ugcllastbraincell\n|n|\u2606ranned bats|rannedbats\n|n| GoogleDad|googledad\n|c|\u2606UGCLLASTBRAINCELL|gg\n|c|\u2606ranned bats|gg\n|l|\u2606UGCLLASTBRAINCELL\n|player|p1|\n",
  "uploadtime": 1776646080,
  "views": 6,
  "formatid": "gen9championsvgc2026regma",
  "rating": null,
  "private": 0,
  "password": null
}