{
  "id": "gen9championsvgc2026regma-2586456464",
  "format": "[Gen 9 Champions] VGC 2026 Reg M-A",
  "players": [
    "gyat67bayo67",
    "Dark_Hero19"
  ],
  "log": "|j|\u2606gyat67bayo67\n|j|\u2606Dark_Hero19\n|t:|1776435935\n|gametype|doubles\n|player|p1|gyat67bayo67|bugcatcher-gen4dp|\n|player|p2|Dark_Hero19|gentleman-gen4|\n|gen|9\n|tier|[Gen 9 Champions] VGC 2026 Reg M-A\n|rule|Species Clause: Limit one of each Pok\u00e9mon\n|rule|Item Clause: Limit 1 of each item\n|clearpoke\n|poke|p1|Charizard, L50, M|\n|poke|p1|Venusaur, L50, F|\n|poke|p1|Garchomp, L50, M|\n|poke|p1|Talonflame, L50, F|\n|poke|p1|Floette-Eternal, L50, F|\n|poke|p1|Whimsicott, L50, M|\n|poke|p2|Delphox, L50, M|\n|poke|p2|Garchomp, L50, M|\n|poke|p2|Hydreigon, L50, F|\n|poke|p2|Whimsicott, L50, F|\n|poke|p2|Bellibolt, L50, M|\n|poke|p2|Aegislash, L50, F|\n|teampreview|4\n|\n|t:|1776435963\n|teamsize|p1|4\n|teamsize|p2|4\n|start\n|switch|p1a: Charizard|Charizard, L50, M, shiny|100/100\n|switch|p1b: Garchomp|Garchomp, L50, M|100/100\n|switch|p2a: Aegislash|Aegislash, L50, F|100/100\n|switch|p2b: Delphox|Delphox, L50, M|100/100\n|turn|1\n|\n|t:|1776435984\n|switch|p2b: Hydreigon|Hydreigon, L50, F|100/100\n|detailschange|p1a: Charizard|Charizard-Mega-Y, L50, M, shiny\n|-mega|p1a: Charizard|Charizard|Charizardite Y\n|-weather|SunnyDay|[from] ability: Drought|[of] p1a: Charizard\n|move|p2a: Aegislash|King's Shield|p2a: Aegislash\n|-singleturn|p2a: Aegislash|Protect\n|move|p1b: Garchomp|Rock Slide|p2a: Aegislash|[spread] p2b\n|-activate|p2a: Aegislash|move: Protect\n|-damage|p2b: Hydreigon|78/100\n|move|p1a: Charizard|Heat Wave|p2b: Hydreigon|[spread] p2b\n|-activate|p2a: Aegislash|move: Protect\n|-resisted|p2b: Hydreigon|1\n|-crit|p2b: Hydreigon\n|-damage|p2b: Hydreigon|27/100\n|-status|p2b: Hydreigon|brn\n|\n|-weather|SunnyDay|[upkeep]\n|-damage|p2b: Hydreigon|22/100 brn|[from] brn\n|upkeep\n|turn|2\n|\n|t:|1776436020\n|move|p1b: Garchomp|Rock Slide|p2a: Aegislash|[spread] p2a,p2b\n|-resisted|p2a: Aegislash|1\n|-damage|p2a: Aegislash|92/100\n|-damage|p2b: Hydreigon|3/100 brn\n|move|p1a: Charizard|Weather Ball|p2a: Aegislash\n|-supereffective|p2a: Aegislash|1\n|-damage|p2a: Aegislash|0 fnt\n|faint|p2a: Aegislash\n|move|p2b: Hydreigon|Draco Meteor|p1b: Garchomp\n|-supereffective|p1b: Garchomp|1\n|-crit|p1b: Garchomp\n|-damage|p1b: Garchomp|0 fnt\n|-unboost|p2b: Hydreigon|spa|2\n|faint|p1b: Garchomp\n|\n|-weather|SunnyDay|[upkeep]\n|-damage|p2b: Hydreigon|0 fnt|[from] brn\n|faint|p2b: Hydreigon\n|upkeep\n|\n|t:|1776436036\n|switch|p1b: Talonflame|Talonflame, L50, F|100/100\n|switch|p2b: Garchomp|Garchomp, L50, M|100/100\n|switch|p2a: Delphox|Delphox, L50, M|100/100\n|turn|3\n|\n|t:|1776436060\n|detailschange|p2a: Delphox|Delphox-Mega, L50, M\n|-mega|p2a: Delphox|Delphox|Delphoxite\n|move|p1a: Charizard|Protect|p1a: Charizard\n|-singleturn|p1a: Charizard|Protect\n|move|p1b: Talonflame|Tailwind|p1b: Talonflame\n|-sidestart|p1: gyat67bayo67|move: Tailwind\n|move|p2a: Delphox|Encore|p1a: Charizard\n|-activate|p1a: Charizard|move: Protect\n|move|p2b: Garchomp|Dragon Claw|p1b: Talonflame\n|-damage|p1b: Talonflame|50/100\n|\n|-weather|SunnyDay|[upkeep]\n|upkeep\n|turn|4\n|\n|t:|1776436083\n|move|p1b: Talonflame|Brave Bird|p2a: Delphox\n|-damage|p2a: Delphox|50/100\n|-damage|p1b: Talonflame|37/100|[from] Recoil\n|move|p1a: Charizard|Weather Ball|p2a: Delphox\n|-resisted|p2a: Delphox|1\n|-damage|p2a: Delphox|2/100\n|move|p2a: Delphox|Psyshock|p1a: Charizard\n|-damage|p1a: Charizard|24/100\n|move|p2b: Garchomp|Dragon Claw|p1b: Talonflame\n|-damage|p1b: Talonflame|0 fnt\n|faint|p1b: Talonflame\n|\n|-weather|SunnyDay|[upkeep]\n|upkeep\n|\n|t:|1776436095\n|switch|p1b: Venusaur|Venusaur, L50, F|100/100\n|turn|5\n|\n|t:|1776436110\n|move|p1b: Venusaur|Solar Beam||[still]\n|-prepare|p1b: Venusaur|Solar Beam\n|-anim|p1b: Venusaur|Solar Beam|p2b: Garchomp\n|-damage|p2b: Garchomp|42/100\n|move|p1a: Charizard|Heat Wave|p2a: Delphox|[spread] p2a,p2b\n|-resisted|p2a: Delphox|1\n|-resisted|p2b: Garchomp|1\n|-damage|p2a: Delphox|0 fnt\n|-damage|p2b: Garchomp|5/100\n|faint|p2a: Delphox\n|move|p2b: Garchomp|Poison Jab|p1b: Venusaur\n|-damage|p1b: Venusaur|61/100\n|\n|-weather|none\n|-heal|p1b: Venusaur|67/100|[from] item: Leftovers\n|upkeep\n|turn|6\n|\n|t:|1776436133\n|move|p1a: Charizard|Weather Ball|p2b: Garchomp\n|-damage|p2b: Garchomp|0 fnt\n|faint|p2b: Garchomp\n|\n|win|gyat67bayo67\n|l|\u2606Dark_Hero19\n|player|p2|\n",
  "uploadtime": 1776436156,
  "views": 24,
  "formatid": "gen9championsvgc2026regma",
  "rating": null,
  "private": 0,
  "password": null
}