{
  "id": "gen9championsvgc2026regma-2581658789",
  "format": "[Gen 9 Champions] VGC 2026 Reg M-A",
  "players": [
    "nextxenp",
    "ZNAJLOS07"
  ],
  "log": "|j|\u2606nextxenp\n|j|\u2606ZNAJLOS07\n|t:|1776018603\n|gametype|doubles\n|player|p1|nextxenp|skier|1026\n|player|p2|ZNAJLOS07|marley|1113\n|gen|9\n|tier|[Gen 9 Champions] VGC 2026 Reg M-A\n|rated|\n|rule|Species Clause: Limit one of each Pok\u00e9mon\n|rule|Item Clause: Limit 1 of each item\n|clearpoke\n|poke|p1|Gengar, L50, F|\n|poke|p1|Incineroar, L50, F|\n|poke|p1|Sinistcha, L50|\n|poke|p1|Kingambit, L50, F|\n|poke|p1|Tyranitar, L50, M|\n|poke|p1|Kommo-o, L50, F|\n|poke|p2|Meganium, L50, M|\n|poke|p2|Archaludon, L50, M|\n|poke|p2|Pelipper, L50, F|\n|poke|p2|Clefable, L50, M|\n|poke|p2|Krookodile, L50, F|\n|poke|p2|Basculegion, L50, M|\n|teampreview|4\nZNAJLOS07 has agreed to open team sheets.\nnextxenp has agreed to open team sheets.\n|showteam|p1|Gengar||Gengarite|CursedBody|ShadowBall,PerishSong,Substitute,Protect|||F|||50|]Incineroar||ShucaBerry|Intimidate|FlareBlitz,ThroatChop,FakeOut,PartingShot|||F|||50|]Sinistcha||SitrusBerry|Hospitality|RagePowder,LifeDew,Protect,MatchaGotcha||||||50|]Kingambit||ChopleBerry|Defiant|LowKick,IronHead,SuckerPunch,Protect|||F|||50|]Tyranitar||ChoiceScarf|SandStream|RockSlide,StoneEdge,LowKick,IcePunch|||M|||50|]Kommo-o||Leftovers|Soundproof|ClangingScales,AuraSphere,Protect,ClangorousSoul|||F|||50|\n|showteam|p2|Meganium||Meganiumite|Overgrow|SolarBeam,Synthesis,DazzlingGleam,WeatherBall|||M|||50|]Archaludon||ChopleBerry|Stamina|ElectroShot,DracoMeteor,FlashCannon,StealthRock|||M|||50|]Pelipper||SharpBeak|Drizzle|Uturn,Hurricane,Tailwind,HelpingHand|||F|||50|]Clefable||Clefablite|Unaware|Moonblast,Wish,FollowMe,Protect|||M|||50|]Krookodile||FocusSash|Intimidate|Earthquake,Crunch,DragonTail,StealthRock|||F|||50|]Basculegion||ChoiceScarf|Adaptability|LastRespects,FlipTurn,AquaJet,WaveCrash|||M|||50|\n|inactive|Battle timer is ON: inactive players will automatically lose when time's up. (requested by ZNAJLOS07)\n|\n|t:|1776018667\n|teamsize|p1|4\n|teamsize|p2|4\n|start\n|switch|p1a: Kommo-o|Kommo-o, L50, F|100/100\n|switch|p1b: Incineroar|Incineroar, L50, F|100/100\n|switch|p2a: Basculegion|Basculegion, L50, M|100/100\n|switch|p2b: Meganium|Meganium, L50, M|100/100\n|-ability|p1b: Incineroar|Intimidate|boost\n|-unboost|p2a: Basculegion|atk|1\n|-unboost|p2b: Meganium|atk|1\n|turn|1\n|inactive|nextxenp has 30 seconds left.\n|\n|t:|1776018699\n|detailschange|p2b: Meganium|Meganium-Mega, L50, M\n|-mega|p2b: Meganium|Meganium|Meganiumite\n|move|p1b: Incineroar|Fake Out|p2b: Meganium\n|-damage|p2b: Meganium|91/100\n|move|p2a: Basculegion|Flip Turn|p1b: Incineroar\n|-supereffective|p1b: Incineroar|1\n|-damage|p1b: Incineroar|47/100\n|\n|t:|1776018708\n|switch|p2a: Pelipper|Pelipper, L50, F|100/100|[from] Flip Turn\n|-weather|RainDance|[from] ability: Drizzle|[of] p2a: Pelipper\n|move|p1a: Kommo-o|Clangorous Soul|p1a: Kommo-o\n|-boost|p1a: Kommo-o|atk|1\n|-boost|p1a: Kommo-o|def|1\n|-boost|p1a: Kommo-o|spa|1\n|-boost|p1a: Kommo-o|spd|1\n|-boost|p1a: Kommo-o|spe|1\n|-damage|p1a: Kommo-o|68/100\n|cant|p2b: Meganium|flinch\n|\n|-weather|RainDance|[upkeep]\n|-heal|p1a: Kommo-o|73/100|[from] item: Leftovers\n|upkeep\n|turn|2\n|inactive|nextxenp has 30 seconds left.\n|\n|t:|1776018735\n|switch|p1b: Tyranitar|Tyranitar, L50, M|100/100\n|-weather|Sandstorm|[from] ability: Sand Stream|[of] p1b: Tyranitar\n|move|p2a: Pelipper|Helping Hand|p2b: Meganium\n|-singleturn|p2b: Meganium|Helping Hand|[of] p2a: Pelipper\n|move|p1a: Kommo-o|Protect|p1a: Kommo-o\n|-singleturn|p1a: Kommo-o|Protect\n|move|p2b: Meganium|Dazzling Gleam|p1b: Tyranitar|[spread] p1b\n|-activate|p1a: Kommo-o|move: Protect\n|-supereffective|p1b: Tyranitar|1\n|-damage|p1b: Tyranitar|0 fnt\n|faint|p1b: Tyranitar\n|\n|-weather|Sandstorm|[upkeep]\n|-damage|p1a: Kommo-o|68/100|[from] Sandstorm\n|-damage|p2a: Pelipper|95/100|[from] Sandstorm\n|-damage|p2b: Meganium|85/100|[from] Sandstorm\n|-heal|p1a: Kommo-o|73/100|[from] item: Leftovers\n|upkeep\n|\n|t:|1776018756\n|switch|p1b: Kingambit|Kingambit, L50, F|100/100\n|turn|3\n|\n|t:|1776018771\n|switch|p2a: Archaludon|Archaludon, L50, M|100/100\n|move|p1a: Kommo-o|Clanging Scales|p2b: Meganium|[spread] p2a\n|-immune|p2b: Meganium\n|-damage|p2a: Archaludon|45/100\n|-ability|p2a: Archaludon|Stamina|boost\n|-boost|p2a: Archaludon|def|1\n|-unboost|p1a: Kommo-o|def|1\n|move|p2b: Meganium|Synthesis|p2b: Meganium\n|-heal|p2b: Meganium|100/100\n|move|p1b: Kingambit|Iron Head|p2b: Meganium\n|-supereffective|p2b: Meganium|1\n|-damage|p2b: Meganium|19/100\n|\n|-weather|Sandstorm|[upkeep]\n|-damage|p1a: Kommo-o|68/100|[from] Sandstorm\n|-damage|p2b: Meganium|13/100|[from] Sandstorm\n|-heal|p1a: Kommo-o|73/100|[from] item: Leftovers\n|upkeep\n|turn|4\n|inactive|nextxenp has 30 seconds left.\n|\n|t:|1776018797\n|switch|p2b: Pelipper|Pelipper, L50, F|95/100\n|-weather|RainDance|[from] ability: Drizzle|[of] p2b: Pelipper\n|move|p1a: Kommo-o|Aura Sphere|p2a: Archaludon\n|-supereffective|p2a: Archaludon|1\n|-enditem|p2a: Archaludon|Chople Berry|[eat]\n|-enditem|p2a: Archaludon|Chople Berry|[weaken]\n|-damage|p2a: Archaludon|0 fnt\n|faint|p2a: Archaludon\n|move|p1b: Kingambit|Iron Head|p2b: Pelipper\n|-resisted|p2b: Pelipper|1\n|-damage|p2b: Pelipper|73/100\n|\n|-weather|RainDance|[upkeep]\n|-heal|p1a: Kommo-o|79/100|[from] item: Leftovers\n|upkeep\n|\n|t:|1776018814\n|switch|p2a: Meganium|Meganium-Mega, L50, M|13/100\n|turn|5\n|\n|t:|1776018834\n|move|p1a: Kommo-o|Clanging Scales|p2a: Meganium|[spread] p2b\n|-immune|p2a: Meganium\n|-damage|p2b: Pelipper|0 fnt\n|faint|p2b: Pelipper\n|-unboost|p1a: Kommo-o|def|1\n|move|p2a: Meganium|Synthesis|p2a: Meganium\n|-heal|p2a: Meganium|80/100\n|move|p1b: Kingambit|Iron Head|p2a: Meganium\n|-supereffective|p2a: Meganium|1\n|-damage|p2a: Meganium|3/100\n|\n|-weather|RainDance|[upkeep]\n|-heal|p1a: Kommo-o|85/100|[from] item: Leftovers\n|upkeep\n|\n|t:|1776018843\n|switch|p2b: Basculegion|Basculegion, L50, M|100/100\n|turn|6\n|\n|t:|1776018860\n|move|p1a: Kommo-o|Protect|p1a: Kommo-o\n|-singleturn|p1a: Kommo-o|Protect\n|move|p1b: Kingambit|Sucker Punch|p2b: Basculegion\n|-supereffective|p2b: Basculegion|1\n|-damage|p2b: Basculegion|0 fnt\n|faint|p2b: Basculegion\n|move|p2a: Meganium|Dazzling Gleam|p1a: Kommo-o|[spread] p1b\n|-activate|p1a: Kommo-o|move: Protect\n|-damage|p1b: Kingambit|66/100\n|\n|-weather|RainDance|[upkeep]\n|-heal|p1a: Kommo-o|91/100|[from] item: Leftovers\n|upkeep\n|turn|7\n|-message|ZNAJLOS07 forfeited.\n|\n|win|nextxenp\n|raw|nextxenp's rating: 1026 &rarr; <strong>1071</strong><br />(+45 for winning)\n|raw|ZNAJLOS07's rating: 1113 &rarr; <strong>1082</strong><br />(-31 for losing)\n|l|\u2606ZNAJLOS07\n|player|p2|\n",
  "uploadtime": 1776018873,
  "views": 26,
  "formatid": "gen9championsvgc2026regma",
  "rating": 1071,
  "private": 0,
  "password": null
}