{
  "id": "gen9championsvgc2026regma-2588163596",
  "format": "[Gen 9 Champions] VGC 2026 Reg M-A",
  "players": [
    "RandomUselessUser",
    "z3r0cool"
  ],
  "log": "|j|\u2606RandomUselessUser\n|j|\u2606z3r0cool\n|t:|1776610557\n|gametype|doubles\n|player|p1|RandomUselessUser|169|1069\n|player|p2|z3r0cool|lorelei-gen1|1122\n|gen|9\n|tier|[Gen 9 Champions] VGC 2026 Reg M-A\n|rated|\n|rule|Species Clause: Limit one of each Pok\u00e9mon\n|rule|Item Clause: Limit 1 of each item\n|clearpoke\n|poke|p1|Cofagrigus, L50, M|\n|poke|p1|Simisear, L50, M|\n|poke|p1|Beedrill, L50, M, shiny|\n|poke|p1|Aerodactyl, L50, M, shiny|\n|poke|p1|Torkoal, L50, M, shiny|\n|poke|p1|Aegislash, L50, M, shiny|\n|poke|p2|Aerodactyl, L50, F, shiny|\n|poke|p2|Kangaskhan, L50, F, shiny|\n|poke|p2|Tauros-Paldea-Aqua, L50, M|\n|poke|p2|Typhlosion-Hisui, L50, F|\n|poke|p2|Meganium, L50, M|\n|poke|p2|Archaludon, L50, M|\n|teampreview|4\n|inactive|Battle timer is ON: inactive players will automatically lose when time's up. (requested by RandomUselessUser)\n|inactive|z3r0cool has 60 seconds left.\n|\n|t:|1776610592\n|teamsize|p1|4\n|teamsize|p2|4\n|start\n|switch|p1a: Torkoal|Torkoal, L50, M, shiny|100/100\n|switch|p1b: Cofagrigus|Cofagrigus, L50, M|100/100\n|switch|p2a: Aerodactyl|Aerodactyl, L50, F, shiny|100/100\n|switch|p2b: Archaludon|Archaludon, L50, M|100/100\n|-ability|p2a: Aerodactyl|Unnerve\n|-weather|SunnyDay|[from] ability: Drought|[of] p1a: Torkoal\n|turn|1\n|inactive|z3r0cool has 30 seconds left.\n|\n|t:|1776610621\n|switch|p2b: Kangaskhan|Kangaskhan, L50, F, shiny|100/100\n|move|p1a: Torkoal|Protect|p1a: Torkoal\n|-singleturn|p1a: Torkoal|Protect\n|move|p2a: Aerodactyl|Rock Slide|p1a: Torkoal|[spread] p1b\n|-activate|p1a: Torkoal|move: Protect\n|-damage|p1b: Cofagrigus|79/100\n|move|p1b: Cofagrigus|Trick Room|p1b: Cofagrigus\n|-fieldstart|move: Trick Room|[of] p1b: Cofagrigus\n|\n|-weather|SunnyDay|[upkeep]\n|upkeep\n|turn|2\n|inactive|z3r0cool has 30 seconds left.\n|inactive|RandomUselessUser has 30 seconds left.\n|inactive|z3r0cool has 20 seconds left.\n|\n|t:|1776610657\n|detailschange|p2b: Kangaskhan|Kangaskhan-Mega, L50, F, shiny\n|-mega|p2b: Kangaskhan|Kangaskhan|Kangaskhanite\n|move|p2b: Kangaskhan|Fake Out|p1a: Torkoal\n|-damage|p1a: Torkoal|80/100\n|-damage|p1a: Torkoal|76/100\n|-hitcount|p1a: Torkoal|2\n|cant|p1a: Torkoal|flinch\n|move|p1b: Cofagrigus|Nasty Plot|p1b: Cofagrigus\n|-boost|p1b: Cofagrigus|spa|2\n|move|p2a: Aerodactyl|Rock Slide|p1b: Cofagrigus|[spread] p1a,p1b\n|-supereffective|p1a: Torkoal|1\n|-damage|p1a: Torkoal|34/100\n|-damage|p1b: Cofagrigus|57/100\n|\n|-weather|SunnyDay|[upkeep]\n|upkeep\n|turn|3\n|inactive|z3r0cool has 30 seconds left.\n|\n|t:|1776610690\n|switch|p2b: Archaludon|Archaludon, L50, M|100/100\n|move|p1a: Torkoal|Solar Beam||[still]\n|-prepare|p1a: Torkoal|Solar Beam\n|-anim|p1a: Torkoal|Solar Beam|p2a: Aerodactyl\n|-damage|p2a: Aerodactyl|50/100\n|move|p1b: Cofagrigus|Shadow Ball|p2a: Aerodactyl\n|-damage|p2a: Aerodactyl|0 fnt\n|faint|p2a: Aerodactyl\n|\n|-weather|SunnyDay|[upkeep]\n|upkeep\n|\n|t:|1776610702\n|switch|p2a: Kangaskhan|Kangaskhan-Mega, L50, F, shiny|100/100\n|turn|4\n|\n|t:|1776610723\n|move|p2a: Kangaskhan|Sucker Punch|p1b: Cofagrigus\n|-supereffective|p1b: Cofagrigus|1\n|-damage|p1b: Cofagrigus|18/100\n|-activate|p1b: Cofagrigus|ability: Mummy|p2a: Kangaskhan|[ability] Parental Bond\n|-supereffective|p1b: Cofagrigus|1\n|-damage|p1b: Cofagrigus|10/100\n|-hitcount|p1b: Cofagrigus|2\n|move|p1a: Torkoal|Earth Power|p2b: Archaludon\n|-supereffective|p2b: Archaludon|1\n|-damage|p2b: Archaludon|22/100\n|move|p1b: Cofagrigus|Shadow Ball|p2b: Archaludon\n|-damage|p2b: Archaludon|0 fnt\n|faint|p2b: Archaludon\n|\n|-weather|SunnyDay|[upkeep]\n|upkeep\n|\n|t:|1776610739\n|switch|p2b: Tauros|Tauros-Paldea-Aqua, L50, M|100/100\n|-ability|p2b: Tauros|Intimidate|boost\n|-unboost|p1a: Torkoal|atk|1\n|-unboost|p1b: Cofagrigus|atk|1\n|turn|5\n|inactive|z3r0cool has 30 seconds left.\n|\n|t:|1776610769\n|move|p2b: Tauros|Protect|p2b: Tauros\n|-singleturn|p2b: Tauros|Protect\n|move|p2a: Kangaskhan|Sucker Punch|p1b: Cofagrigus\n|-supereffective|p1b: Cofagrigus|1\n|-damage|p1b: Cofagrigus|0 fnt\n|faint|p1b: Cofagrigus\n|move|p1a: Torkoal|Solar Beam||[still]\n|-prepare|p1a: Torkoal|Solar Beam\n|-anim|p1a: Torkoal|Solar Beam|p2b: Tauros\n|-activate|p2b: Tauros|move: Protect\n|\n|-weather|none\n|-fieldend|move: Trick Room\n|upkeep\n|\n|t:|1776610780\n|switch|p1b: Aerodactyl|Aerodactyl, L50, M, shiny|100/100\n|turn|6\n|\n|t:|1776610798\n|detailschange|p1b: Aerodactyl|Aerodactyl-Mega, L50, M, shiny\n|-mega|p1b: Aerodactyl|Aerodactyl|Aerodactylite\n|move|p1a: Torkoal|Protect|p1a: Torkoal\n|-singleturn|p1a: Torkoal|Protect\n|move|p1b: Aerodactyl|Rock Slide|p2a: Kangaskhan|[spread] p2a,p2b\n|-resisted|p2b: Tauros|1\n|-damage|p2a: Kangaskhan|72/100\n|-damage|p2b: Tauros|82/100\n|cant|p2a: Kangaskhan|flinch\n|move|p2b: Tauros|Wave Crash|p1b: Aerodactyl\n|-supereffective|p1b: Aerodactyl|1\n|-damage|p1b: Aerodactyl|0 fnt\n|faint|p1b: Aerodactyl\n|-damage|p2b: Tauros|48/100|[from] Recoil\n|\n|upkeep\n|\n|t:|1776610813\n|switch|p1b: Aegislash|Aegislash, L50, M, shiny|100/100\n|turn|7\n|inactive|z3r0cool has 30 seconds left.\n|\n|t:|1776610840\n|move|p2a: Kangaskhan|Sucker Punch|p1b: Aegislash\n|-supereffective|p1b: Aegislash|1\n|-crit|p1b: Aegislash\n|-damage|p1b: Aegislash|43/100\n|move|p2b: Tauros|Wave Crash|p1a: Torkoal\n|-supereffective|p1a: Torkoal|1\n|-damage|p1a: Torkoal|0 fnt\n|faint|p1a: Torkoal\n|-damage|p2b: Tauros|38/100|[from] Recoil\n|-formechange|p1b: Aegislash|Aegislash-Blade|\n|move|p1b: Aegislash|Close Combat|p2a: Kangaskhan\n|-supereffective|p2a: Kangaskhan|1\n|-damage|p2a: Kangaskhan|0 fnt\n|-unboost|p1b: Aegislash|def|1\n|-unboost|p1b: Aegislash|spd|1\n|faint|p2a: Kangaskhan\n|\n|-heal|p1b: Aegislash|49/100|[from] item: Leftovers\n|upkeep\n|turn|8\n|-message|RandomUselessUser forfeited.\n|\n|win|z3r0cool\n|raw|RandomUselessUser's rating: 1069 &rarr; <strong>1052</strong><br />(-17 for losing)\n|raw|z3r0cool's rating: 1122 &rarr; <strong>1143</strong><br />(+21 for winning)\n|l|\u2606RandomUselessUser\n|player|p1|\n",
  "uploadtime": 1776610856,
  "views": 10,
  "formatid": "gen9championsvgc2026regma",
  "rating": 1052,
  "private": 0,
  "password": null
}