{
  "id": "gen9championsvgc2026regma-2587093702",
  "format": "[Gen 9 Champions] VGC 2026 Reg M-A",
  "players": [
    "Matt's Totodile",
    "Marcuz Alunore"
  ],
  "log": "|j|\u2606Matt's Totodile\n|j|\u2606Marcuz Alunore\n|t:|1776492468\n|gametype|doubles\n|player|p1|Matt's Totodile|pokekid|1061\n|player|p2|Marcuz Alunore|backersf|1048\n|gen|9\n|tier|[Gen 9 Champions] VGC 2026 Reg M-A\n|rated|\n|rule|Species Clause: Limit one of each Pok\u00e9mon\n|rule|Item Clause: Limit 1 of each item\n|clearpoke\n|poke|p1|Charizard, L50, M|\n|poke|p1|Sneasler, L50, F|\n|poke|p1|Aegislash, L50, F|\n|poke|p1|Gardevoir, L50, F|\n|poke|p1|Whimsicott, L50, M|\n|poke|p1|Sinistcha, L50|\n|poke|p2|Politoed, L50, F|\n|poke|p2|Sinistcha, L50|\n|poke|p2|Incineroar, L50, F|\n|poke|p2|Aggron, L50, F|\n|poke|p2|Basculegion, L50, M|\n|poke|p2|Greninja, L50, M|\n|teampreview|4\n|\n|t:|1776492528\n|teamsize|p1|4\n|teamsize|p2|4\n|start\n|switch|p1a: Sneasler|Sneasler, L50, F|100/100\n|switch|p1b: Whimsicott|Whimsicott, L50, M|100/100\n|switch|p2a: Aggron|Aggron, L50, F|100/100\n|switch|p2b: Incineroar|Incineroar, L50, F|100/100\n|-ability|p2b: Incineroar|Intimidate|boost\n|-unboost|p1a: Sneasler|atk|1\n|-unboost|p1b: Whimsicott|atk|1\n|-enditem|p1a: Sneasler|White Herb\n|-clearnegativeboost|p1a: Sneasler|[silent]\n|turn|1\n|\n|t:|1776492548\n|detailschange|p2a: Aggron|Aggron-Mega, L50, F\n|-mega|p2a: Aggron|Aggron|Aggronite\n|move|p1a: Sneasler|Fake Out|p2b: Incineroar\n|-damage|p2b: Incineroar|86/100\n|cant|p2b: Incineroar|flinch\n|move|p1b: Whimsicott|Tailwind|p1b: Whimsicott\n|-sidestart|p1: Matt's Totodile|move: Tailwind\n|move|p2a: Aggron|Iron Defense|p2a: Aggron\n|-boost|p2a: Aggron|def|2\n|\n|upkeep\n|turn|2\n|\n|t:|1776492568\n|move|p1b: Whimsicott|Encore|p2a: Aggron\n|-start|p2a: Aggron|Encore\n|move|p1a: Sneasler|Close Combat|p2b: Incineroar\n|-supereffective|p2b: Incineroar|1\n|-damage|p2b: Incineroar|0 fnt\n|-unboost|p1a: Sneasler|def|1\n|-unboost|p1a: Sneasler|spd|1\n|faint|p2b: Incineroar\n|move|p2a: Aggron|Iron Defense|p2a: Aggron\n|-boost|p2a: Aggron|def|2\n|\n|upkeep\n|\n|t:|1776492580\n|switch|p2b: Sinistcha|Sinistcha, L50|100/100\n|turn|3\n|\n|t:|1776492614\n|switch|p1b: Gardevoir|Gardevoir, L50, F|100/100\n|-ability|p1b: Gardevoir|Filter|Trace|[from] ability: Trace|[of] p2a: Aggron\n|move|p2b: Sinistcha|Rage Powder|p2b: Sinistcha\n|-singleturn|p2b: Sinistcha|move: Rage Powder\n|move|p1a: Sneasler|Dire Claw|p2b: Sinistcha\n|-damage|p2b: Sinistcha|62/100\n|move|p2a: Aggron|Iron Defense|p2a: Aggron\n|-boost|p2a: Aggron|def|2\n|\n|-heal|p2b: Sinistcha|68/100|[from] item: Leftovers\n|upkeep\n|turn|4\n|\n|t:|1776492658\n|detailschange|p1b: Gardevoir|Gardevoir-Mega, L50, F\n|-mega|p1b: Gardevoir|Gardevoir|Gardevoirite\n|move|p1a: Sneasler|Dire Claw|p2b: Sinistcha\n|-damage|p2b: Sinistcha|34/100\n|move|p1b: Gardevoir|Dazzling Gleam|p2a: Aggron|[spread] p2a,p2b\n|-resisted|p2a: Aggron|1\n|-damage|p2a: Aggron|85/100\n|-damage|p2b: Sinistcha|0 fnt\n|faint|p2b: Sinistcha\n|move|p2a: Aggron|Iron Defense|p2a: Aggron\n|-boost|p2a: Aggron|def|0\n|\n|-end|p2a: Aggron|Encore\n|-sideend|p1: Matt's Totodile|move: Tailwind\n|upkeep\n|\n|t:|1776492669\n|switch|p2b: Politoed|Politoed, L50, F|100/100\n|-weather|RainDance|[from] ability: Drizzle|[of] p2b: Politoed\n|turn|5\n|\n|t:|1776492685\n|move|p1a: Sneasler|Close Combat|p2b: Politoed\n|-damage|p2b: Politoed|38/100\n|-unboost|p1a: Sneasler|def|1\n|-unboost|p1a: Sneasler|spd|1\n|-enditem|p2b: Politoed|Sitrus Berry|[eat]\n|-heal|p2b: Politoed|62/100|[from] item: Sitrus Berry\n|move|p1b: Gardevoir|Encore|p2a: Aggron\n|-start|p2a: Aggron|Encore\n|move|p2b: Politoed|Weather Ball|p1a: Sneasler\n|-damage|p1a: Sneasler|0 fnt\n|faint|p1a: Sneasler\n|move|p2a: Aggron|Iron Defense|p2a: Aggron\n|-boost|p2a: Aggron|def|0\n|\n|-weather|RainDance|[upkeep]\n|upkeep\n|\n|t:|1776492703\n|switch|p1a: Sinistcha|Sinistcha, L50|100/100\n|turn|6\n|\n|t:|1776492718\n|move|p1b: Gardevoir|Psychic|p2b: Politoed\n|-damage|p2b: Politoed|19/100\n|move|p1a: Sinistcha|Matcha Gotcha|p2a: Aggron|[spread] p2a\n|-miss|p1a: Sinistcha|p2b: Politoed\n|-resisted|p2a: Aggron|1\n|-damage|p2a: Aggron|76/100\n|move|p2b: Politoed|Weather Ball|p1b: Gardevoir\n|-damage|p1b: Gardevoir|53/100\n|move|p2a: Aggron|Iron Defense|p2a: Aggron\n|-boost|p2a: Aggron|def|0\n|\n|-weather|RainDance|[upkeep]\n|upkeep\n|turn|7\n|\n|t:|1776492741\n|move|p1a: Sinistcha|Rage Powder|p1a: Sinistcha\n|-singleturn|p1a: Sinistcha|move: Rage Powder\n|move|p1b: Gardevoir|Psychic|p2b: Politoed\n|-damage|p2b: Politoed|0 fnt\n|faint|p2b: Politoed\n|move|p2a: Aggron|Iron Defense|p2a: Aggron\n|-boost|p2a: Aggron|def|0\n|\n|-weather|RainDance|[upkeep]\n|-end|p2a: Aggron|Encore\n|upkeep\n|turn|8\n|\n|t:|1776492759\n|move|p1b: Gardevoir|Encore|p2a: Aggron\n|-start|p2a: Aggron|Encore\n|move|p1a: Sinistcha|Shadow Ball|p2a: Aggron\n|-damage|p2a: Aggron|50/100\n|move|p2a: Aggron|Iron Defense|p2a: Aggron\n|-boost|p2a: Aggron|def|0\n|\n|-weather|RainDance|[upkeep]\n|upkeep\n|turn|9\n|-message|Marcuz Alunore forfeited.\n|\n|win|Matt's Totodile\n|raw|Matt&apos;s Totodile's rating: 1061 &rarr; <strong>1091</strong><br />(+30 for winning)\n|raw|Marcuz Alunore's rating: 1048 &rarr; <strong>1031</strong><br />(-17 for losing)\n|l|\u2606Marcuz Alunore\n|player|p2|\n|c|\u2606Matt's Totodile|Gg\n",
  "uploadtime": 1776492769,
  "views": 14,
  "formatid": "gen9championsvgc2026regma",
  "rating": 1031,
  "private": 0,
  "password": null
}