{
  "id": "gen9championsvgc2026regma-2584892822",
  "format": "[Gen 9 Champions] VGC 2026 Reg M-A",
  "players": [
    "Flurrage",
    "hypnosedu15"
  ],
  "log": "|j|\u2606Flurrage\n|j|\u2606hypnosedu15\n|t:|1776292146\n|gametype|doubles\n|player|p1|Flurrage|caitlin|1143\n|player|p2|hypnosedu15|pokemaniac|1187\n|gen|9\n|tier|[Gen 9 Champions] VGC 2026 Reg M-A\n|rated|\n|rule|Species Clause: Limit one of each Pok\u00e9mon\n|rule|Item Clause: Limit 1 of each item\n|clearpoke\n|poke|p1|Venusaur, L50, F|\n|poke|p1|Incineroar, L50, M|\n|poke|p1|Basculegion, L50, M|\n|poke|p1|Aerodactyl, L50, M|\n|poke|p1|Kommo-o, L50, F|\n|poke|p1|Ninetales-Alola, L50, M|\n|poke|p2|Dragonite, L50, M|\n|poke|p2|Basculegion, L50, M|\n|poke|p2|Pelipper, L50, F|\n|poke|p2|Archaludon, L50, F|\n|poke|p2|Starmie, L50|\n|poke|p2|Sinistcha, L50|\n|teampreview|4\n|inactive|Battle timer is ON: inactive players will automatically lose when time's up. (requested by hypnosedu15)\n|inactive|Flurrage has 60 seconds left.\n|\n|t:|1776292213\n|teamsize|p1|4\n|teamsize|p2|4\n|start\n|switch|p1a: Aerodactyl|Aerodactyl, L50, M|100/100\n|switch|p1b: Venusaur|Venusaur, L50, F|100/100\n|switch|p2a: Archaludon|Archaludon, L50, F|100/100\n|switch|p2b: Basculegion|Basculegion, L50, M, shiny|100/100\n|-ability|p1a: Aerodactyl|Unnerve\n|turn|1\n|\n|t:|1776292230\n|detailschange|p1b: Venusaur|Venusaur-Mega, L50, F\n|-mega|p1b: Venusaur|Venusaur|Venusaurite\n|move|p1a: Aerodactyl|Protect|p1a: Aerodactyl\n|-singleturn|p1a: Aerodactyl|Protect\n|move|p2b: Basculegion|Flip Turn|p1a: Aerodactyl\n|-activate|p1a: Aerodactyl|move: Protect\n|move|p2a: Archaludon|Electro Shot||[still]\n|-prepare|p2a: Archaludon|Electro Shot\n|-boost|p2a: Archaludon|spa|1\n|move|p1b: Venusaur|Leech Seed|p2a: Archaludon\n|-start|p2a: Archaludon|move: Leech Seed\n|\n|-damage|p2a: Archaludon|88/100|[from] Leech Seed|[of] p1b: Venusaur\n|upkeep\n|turn|2\n|\n|t:|1776292254\n|switch|p1a: Ninetales|Ninetales-Alola, L50, M|100/100\n|-weather|Snowscape|[from] ability: Snow Warning|[of] p1a: Ninetales\n|move|p2b: Basculegion|Flip Turn|p1a: Ninetales\n|-damage|p1a: Ninetales|78/100\n|\n|t:|1776292261\n|switch|p2b: Pelipper|Pelipper, L50, F|100/100|[from] Flip Turn\n|-weather|RainDance|[from] ability: Drizzle|[of] p2b: Pelipper\n|move|p2a: Archaludon|Electro Shot|p1a: Ninetales|[from] lockedmove\n|-damage|p1a: Ninetales|22/100\n|move|p1b: Venusaur|Toxic|p2b: Pelipper\n|-status|p2b: Pelipper|tox\n|\n|-weather|RainDance|[upkeep]\n|-heal|p2a: Archaludon|94/100|[from] item: Leftovers\n|-damage|p2a: Archaludon|82/100|[from] Leech Seed|[of] p1b: Venusaur\n|-damage|p2b: Pelipper|95/100 tox|[from] psn\n|upkeep\n|turn|3\n|inactive|Flurrage has 30 seconds left.\n|inactive|hypnosedu15 has 30 seconds left.\n|\n|t:|1776292291\n|switch|p1a: Aerodactyl|Aerodactyl, L50, M|100/100\n|-ability|p1a: Aerodactyl|Unnerve\n|switch|p2a: Dragonite|Dragonite, L50, M, shiny|100/100\n|move|p1b: Venusaur|Leech Seed|p2b: Pelipper\n|-start|p2b: Pelipper|move: Leech Seed\n|move|p2b: Pelipper|Tailwind|p2b: Pelipper\n|-sidestart|p2: hypnosedu15|move: Tailwind\n|\n|-weather|RainDance|[upkeep]\n|-damage|p2b: Pelipper|83/100 tox|[from] Leech Seed|[of] p1b: Venusaur\n|-damage|p2b: Pelipper|71/100 tox|[from] psn\n|upkeep\n|turn|4\n|\n|t:|1776292312\n|switch|p2b: Archaludon|Archaludon, L50, F|82/100\n|detailschange|p2a: Dragonite|Dragonite-Mega, L50, M, shiny\n|-mega|p2a: Dragonite|Dragonite|Dragoninite\n|move|p2a: Dragonite|Hurricane|p1b: Venusaur\n|-supereffective|p1b: Venusaur|1\n|-damage|p1b: Venusaur|10/100\n|move|p1a: Aerodactyl|Tailwind|p1a: Aerodactyl\n|-sidestart|p1: Flurrage|move: Tailwind\n|move|p1b: Venusaur|Toxic|p2a: Dragonite\n|-status|p2a: Dragonite|tox\n|\n|-weather|RainDance|[upkeep]\n|-heal|p2b: Archaludon|88/100|[from] item: Leftovers\n|-damage|p2a: Dragonite|95/100 tox|[from] psn\n|upkeep\n|turn|5\n|inactive|Flurrage has 30 seconds left.\n|\n|t:|1776292338\n|move|p1a: Aerodactyl|Rock Slide|p2a: Dragonite|[spread] p2a,p2b\n|-supereffective|p2a: Dragonite|1\n|-resisted|p2b: Archaludon|1\n|-damage|p2a: Dragonite|48/100 tox\n|-damage|p2b: Archaludon|80/100\n|-ability|p2b: Archaludon|Stamina|boost\n|-boost|p2b: Archaludon|def|1\n|cant|p2a: Dragonite|flinch\n|move|p2b: Archaludon|Electro Shot||[still]\n|-prepare|p2b: Archaludon|Electro Shot\n|-boost|p2b: Archaludon|spa|1\n|-anim|p2b: Archaludon|Electro Shot|p1a: Aerodactyl\n|-supereffective|p1a: Aerodactyl|1\n|-enditem|p1a: Aerodactyl|Focus Sash\n|-damage|p1a: Aerodactyl|1/100\n|move|p1b: Venusaur|Leech Seed|p2b: Archaludon\n|-start|p2b: Archaludon|move: Leech Seed\n|\n|-weather|RainDance|[upkeep]\n|-heal|p2b: Archaludon|86/100|[from] item: Leftovers\n|-damage|p2b: Archaludon|74/100|[from] Leech Seed|[of] p1b: Venusaur\n|-heal|p1b: Venusaur|22/100|[silent]\n|-damage|p2a: Dragonite|36/100 tox|[from] psn\n|upkeep\n|turn|6\n|inactive|Flurrage has 30 seconds left.\n|inactive|hypnosedu15 has 30 seconds left.\n|\n|t:|1776292372\n|move|p2a: Dragonite|Extreme Speed|p1a: Aerodactyl\n|-resisted|p1a: Aerodactyl|1\n|-damage|p1a: Aerodactyl|0 fnt\n|faint|p1a: Aerodactyl\n|move|p2b: Archaludon|Flash Cannon|p1b: Venusaur\n|-damage|p1b: Venusaur|0 fnt\n|faint|p1b: Venusaur\n|\n|-weather|none\n|-heal|p2b: Archaludon|80/100|[from] item: Leftovers\n|-damage|p2a: Dragonite|18/100 tox|[from] psn\n|-sideend|p2: hypnosedu15|move: Tailwind\n|upkeep\n|\n|t:|1776292378\n|switch|p1a: Ninetales|Ninetales-Alola, L50, M|22/100\n|switch|p1b: Kommo-o|Kommo-o, L50, F|100/100\n|-weather|Snowscape|[from] ability: Snow Warning|[of] p1a: Ninetales\n|turn|7\n|\n|t:|1776292397\n|switch|p2b: Pelipper|Pelipper, L50, F|71/100 tox\n|-weather|RainDance|[from] ability: Drizzle|[of] p2b: Pelipper\n|move|p1a: Ninetales|Blizzard|p2b: Pelipper|[spread] p2a,p2b\n|-supereffective|p2a: Dragonite|2\n|-damage|p2a: Dragonite|0 fnt\n|-damage|p2b: Pelipper|48/100 tox\n|faint|p2a: Dragonite\n|move|p1b: Kommo-o|Clangorous Soul|p1b: Kommo-o\n|-boost|p1b: Kommo-o|atk|1\n|-boost|p1b: Kommo-o|def|1\n|-boost|p1b: Kommo-o|spa|1\n|-boost|p1b: Kommo-o|spd|1\n|-boost|p1b: Kommo-o|spe|1\n|-damage|p1b: Kommo-o|68/100\n|\n|-weather|RainDance|[upkeep]\n|-heal|p1b: Kommo-o|74/100|[from] item: Leftovers\n|-damage|p2b: Pelipper|42/100 tox|[from] psn\n|-sideend|p1: Flurrage|move: Tailwind\n|upkeep\n|\n|t:|1776292418\n|switch|p2a: Archaludon|Archaludon, L50, F|80/100\n|turn|8\n|\n|t:|1776292432\n|move|p1b: Kommo-o|Clanging Scales|p2a: Archaludon|[spread] p2a,p2b\n|-damage|p2a: Archaludon|34/100\n|-damage|p2b: Pelipper|0 fnt\n|-ability|p2a: Archaludon|Stamina|boost\n|-boost|p2a: Archaludon|def|1\n|faint|p2b: Pelipper\n|-unboost|p1b: Kommo-o|def|1\n|move|p1a: Ninetales|Icy Wind|p2a: Archaludon\n|-damage|p2a: Archaludon|20/100\n|-unboost|p2a: Archaludon|spe|1\n|-ability|p2a: Archaludon|Stamina|boost\n|-boost|p2a: Archaludon|def|1\n|move|p2a: Archaludon|Flash Cannon|p1a: Ninetales\n|-supereffective|p1a: Ninetales|2\n|-damage|p1a: Ninetales|0 fnt\n|faint|p1a: Ninetales\n|\n|-weather|RainDance|[upkeep]\n|-heal|p1b: Kommo-o|80/100|[from] item: Leftovers\n|-heal|p2a: Archaludon|26/100|[from] item: Leftovers\n|upkeep\n|\n|t:|1776292449\n|switch|p2b: Basculegion|Basculegion, L50, M, shiny|100/100\n|turn|9\n|\n|t:|1776292464\n|move|p1b: Kommo-o|Protect|p1b: Kommo-o\n|-singleturn|p1b: Kommo-o|Protect\n|move|p2b: Basculegion|Last Respects|p1b: Kommo-o\n|-activate|p1b: Kommo-o|move: Protect\n|move|p2a: Archaludon|Dragon Pulse|p1b: Kommo-o\n|-activate|p1b: Kommo-o|move: Protect\n|\n|-weather|RainDance|[upkeep]\n|-heal|p1b: Kommo-o|86/100|[from] item: Leftovers\n|-heal|p2a: Archaludon|32/100|[from] item: Leftovers\n|upkeep\n|turn|10\n|\n|t:|1776292480\n|move|p2b: Basculegion|Last Respects|p1b: Kommo-o\n|-damage|p1b: Kommo-o|23/100\n|move|p1b: Kommo-o|Clanging Scales|p2a: Archaludon|[spread] p2a,p2b\n|-damage|p2a: Archaludon|0 fnt\n|-damage|p2b: Basculegion|40/100\n|faint|p2a: Archaludon\n|-unboost|p1b: Kommo-o|def|1\n|\n|-weather|RainDance|[upkeep]\n|-heal|p1b: Kommo-o|29/100|[from] item: Leftovers\n|upkeep\n|turn|11\n|\n|t:|1776292491\n|move|p1b: Kommo-o|Protect|p1b: Kommo-o\n|-singleturn|p1b: Kommo-o|Protect\n|move|p2b: Basculegion|Last Respects|p1b: Kommo-o\n|-activate|p1b: Kommo-o|move: Protect\n|\n|-weather|none\n|-heal|p1b: Kommo-o|35/100|[from] item: Leftovers\n|upkeep\n|turn|12\n|c|\u2606hypnosedu15|??\n|\n|t:|1776292499\n|move|p2b: Basculegion|Last Respects|p1b: Kommo-o\n|-damage|p1b: Kommo-o|0 fnt\n|faint|p1b: Kommo-o\n|\n|win|hypnosedu15\n|raw|Flurrage's rating: 1143 &rarr; <strong>1121</strong><br />(-22 for losing)\n|raw|hypnosedu15's rating: 1187 &rarr; <strong>1209</strong><br />(+22 for winning)\n",
  "uploadtime": 1776292508,
  "views": 18,
  "formatid": "gen9championsvgc2026regma",
  "rating": 1121,
  "private": 0,
  "password": null
}