{
  "id": "gen9championsvgc2026regma-2586308386",
  "format": "[Gen 9 Champions] VGC 2026 Reg M-A",
  "players": [
    "Ongalabong",
    "SleepyBadBoy"
  ],
  "log": "|j|\u2606Ongalabong\n|j|\u2606SleepyBadBoy\n|t:|1776423752\n|gametype|doubles\n|player|p1|Ongalabong|benga|1367\n|player|p2|SleepyBadBoy|102|1397\n|gen|9\n|tier|[Gen 9 Champions] VGC 2026 Reg M-A\n|rated|\n|rule|Species Clause: Limit one of each Pok\u00e9mon\n|rule|Item Clause: Limit 1 of each item\n|clearpoke\n|poke|p1|Crabominable, L50, M|\n|poke|p1|Farigiraf, L50, F|\n|poke|p1|Incineroar, L50, F|\n|poke|p1|Venusaur, L50, M|\n|poke|p1|Basculegion, L50, M|\n|poke|p1|Ninetales-Alola, L50, F|\n|poke|p2|Delphox, L50, M|\n|poke|p2|Floette-Eternal, L50, F|\n|poke|p2|Maushold-Four, L50|\n|poke|p2|Sneasler, L50, F|\n|poke|p2|Kingambit, L50, M|\n|poke|p2|Basculegion-F, L50, F|\n|teampreview|4\n|inactive|Battle timer is ON: inactive players will automatically lose when time's up. (requested by SleepyBadBoy)\n|inactive|Ongalabong has 60 seconds left.\n|inactive|SleepyBadBoy has 60 seconds left.\n|\n|t:|1776423803\n|teamsize|p1|4\n|teamsize|p2|4\n|start\n|switch|p1a: Basculegion|Basculegion, L50, M|100/100\n|switch|p1b: Farigiraf|Farigiraf, L50, F|100/100\n|switch|p2a: Kingambit|Kingambit, L50, M|100/100\n|switch|p2b: Delphox|Delphox, L50, M|100/100\n|turn|1\n|inactive|Ongalabong has 30 seconds left.\n|inactive|Ongalabong has 20 seconds left.\n|inactive|Ongalabong has 15 seconds left.\n|\n|t:|1776423843\n|detailschange|p2b: Delphox|Delphox-Mega, L50, M\n|-mega|p2b: Delphox|Delphox|Delphoxite\n|move|p2b: Delphox|Protect|p2b: Delphox\n|-singleturn|p2b: Delphox|Protect\n|move|p1a: Basculegion|Flip Turn|p2a: Kingambit\n|-damage|p2a: Kingambit|72/100\n|\n|t:|1776423849\n|switch|p1a: Crabominable|Crabominable, L50, M|100/100|[from] Flip Turn\n|move|p2a: Kingambit|Kowtow Cleave|p1a: Crabominable\n|-resisted|p1a: Crabominable|1\n|-damage|p1a: Crabominable|72/100\n|move|p1b: Farigiraf|Trick Room|p1b: Farigiraf\n|-fieldstart|move: Trick Room|[of] p1b: Farigiraf\n|\n|upkeep\n|turn|2\n|\n|t:|1776423864\n|detailschange|p1a: Crabominable|Crabominable-Mega, L50, M\n|-mega|p1a: Crabominable|Crabominable|Crabominite\n|move|p1a: Crabominable|Drain Punch|p2a: Kingambit\n|-supereffective|p2a: Kingambit|2\n|-enditem|p2a: Kingambit|Chople Berry|[eat]\n|-enditem|p2a: Kingambit|Chople Berry|[weaken]\n|-damage|p2a: Kingambit|0 fnt\n|-heal|p1a: Crabominable|100/100|[from] drain|[of] p2a: Kingambit\n|faint|p2a: Kingambit\n|move|p1b: Farigiraf|Hyper Voice|p2b: Delphox\n|-damage|p2b: Delphox|66/100\n|move|p2b: Delphox|Heat Wave|p1b: Farigiraf|[spread] p1a,p1b\n|-supereffective|p1a: Crabominable|1\n|-damage|p1a: Crabominable|38/100\n|-damage|p1b: Farigiraf|73/100\n|\n|upkeep\n|\n|t:|1776423877\n|switch|p2a: Maushold|Maushold-Four, L50|100/100\n|turn|3\n|\n|t:|1776423891\n|move|p2a: Maushold|Protect|p2a: Maushold\n|-singleturn|p2a: Maushold|Protect\n|move|p1a: Crabominable|Drain Punch|p2a: Maushold\n|-activate|p2a: Maushold|move: Protect\n|move|p1b: Farigiraf|Hyper Voice|p2a: Maushold|[spread] p2b\n|-activate|p2a: Maushold|move: Protect\n|-damage|p2b: Delphox|47/100\n|move|p2b: Delphox|Heat Wave|p1a: Crabominable|[spread] p1a\n|-miss|p2b: Delphox|p1b: Farigiraf\n|-supereffective|p1a: Crabominable|1\n|-damage|p1a: Crabominable|0 fnt\n|faint|p1a: Crabominable\n|\n|upkeep\n|\n|t:|1776423894\n|switch|p1a: Incineroar|Incineroar, L50, F|100/100\n|-ability|p1a: Incineroar|Intimidate|boost\n|-unboost|p2a: Maushold|atk|1\n|-unboost|p2b: Delphox|atk|1\n|turn|4\n|\n|t:|1776423907\n|move|p2a: Maushold|Protect|p2a: Maushold\n|-singleturn|p2a: Maushold|Protect\n|move|p2b: Delphox|Protect|p2b: Delphox\n|-singleturn|p2b: Delphox|Protect\n|move|p1b: Farigiraf|Hyper Voice|p2b: Delphox|[spread] \n|-activate|p2a: Maushold|move: Protect\n|-activate|p2b: Delphox|move: Protect\n|move|p1a: Incineroar|Flare Blitz|p2a: Maushold\n|-activate|p2a: Maushold|move: Protect\n|\n|upkeep\n|turn|5\n|\n|t:|1776423921\n|switch|p2b: Sneasler|Sneasler, L50, F|100/100\n|move|p1b: Farigiraf|Hyper Voice|p2a: Maushold|[spread] p2a,p2b\n|-damage|p2a: Maushold|74/100\n|-damage|p2b: Sneasler|73/100\n|move|p1a: Incineroar|Throat Chop|p2b: Sneasler\n|-resisted|p2b: Sneasler|1\n|-damage|p2b: Sneasler|50/100\n|-start|p2b: Sneasler|Throat Chop|[silent]\n|move|p2a: Maushold|Taunt|p1b: Farigiraf\n|-start|p1b: Farigiraf|move: Taunt\n|\n|-fieldend|move: Trick Room\n|upkeep\n|turn|6\n|\n|t:|1776423945\n|switch|p1a: Basculegion|Basculegion, L50, M|100/100\n|move|p2b: Sneasler|Close Combat|p1b: Farigiraf\n|-damage|p1b: Farigiraf|17/100\n|-unboost|p2b: Sneasler|def|1\n|-unboost|p2b: Sneasler|spd|1\n|-enditem|p2b: Sneasler|White Herb\n|-clearnegativeboost|p2b: Sneasler|[silent]\n|move|p2a: Maushold|Super Fang|p1b: Farigiraf\n|-damage|p1b: Farigiraf|9/100\n|move|p1b: Farigiraf|Psychic|p2b: Sneasler\n|-supereffective|p2b: Sneasler|2\n|-damage|p2b: Sneasler|0 fnt\n|faint|p2b: Sneasler\n|\n|upkeep\n|\n|t:|1776423954\n|switch|p2b: Delphox|Delphox-Mega, L50, M|47/100\n|turn|7\n|-message|SleepyBadBoy forfeited.\n|\n|win|Ongalabong\n|raw|Ongalabong's rating: 1367 &rarr; <strong>1389</strong><br />(+22 for winning)\n|raw|SleepyBadBoy's rating: 1397 &rarr; <strong>1375</strong><br />(-22 for losing)\n|l|\u2606SleepyBadBoy\n|player|p2|\n",
  "uploadtime": 1776423969,
  "views": 49,
  "formatid": "gen9championsvgc2026regma",
  "rating": 1375,
  "private": 0,
  "password": null
}