{
  "id": "gen9championsvgc2026regma-2588488686",
  "format": "[Gen 9 Champions] VGC 2026 Reg M-A",
  "players": [
    "Zapdos79",
    "blak_seraph"
  ],
  "log": "|j|\u2606Zapdos79\n|j|\u2606blak_seraph\n|t:|1776638083\n|gametype|doubles\n|player|p1|Zapdos79|flannery|1141\n|player|p2|blak_seraph|101|1046\n|gen|9\n|tier|[Gen 9 Champions] VGC 2026 Reg M-A\n|rated|\n|rule|Species Clause: Limit one of each Pok\u00e9mon\n|rule|Item Clause: Limit 1 of each item\n|clearpoke\n|poke|p1|Tyranitar, L50, F|\n|poke|p1|Basculegion, L50, M|\n|poke|p1|Excadrill, L50, F|\n|poke|p1|Meganium, L50, F|\n|poke|p1|Farigiraf, L50, M|\n|poke|p1|Incineroar, L50, F|\n|poke|p2|Charizard, L50, M|\n|poke|p2|Sneasler, L50, M|\n|poke|p2|Clefable, L50, F|\n|poke|p2|Steelix, L50, M|\n|poke|p2|Sinistcha, L50|\n|poke|p2|Rotom-Wash, L50|\n|teampreview|4\n|\n|t:|1776638168\n|teamsize|p1|4\n|teamsize|p2|4\n|start\n|switch|p1a: Farigiraf|Farigiraf, L50, M|100/100\n|switch|p1b: Excadrill|Excadrill, L50, F|100/100\n|switch|p2a: Steelix|Steelix, L50, M|100/100\n|switch|p2b: Sneasler|Sneasler, L50, M|100/100\n|turn|1\n|inactive|Battle timer is ON: inactive players will automatically lose when time's up. (requested by Zapdos79)\n|inactive|blak_seraph has 60 seconds left.\n|\n|t:|1776638218\n|move|p1b: Excadrill|Protect|p1b: Excadrill\n|-singleturn|p1b: Excadrill|Protect\n|move|p2b: Sneasler|Fake Out||[still]\n|cant|p1a: Farigiraf|ability: Armor Tail|Fake Out|[of] p2b: Sneasler\n|move|p1a: Farigiraf|Psychic|p2b: Sneasler\n|-supereffective|p2b: Sneasler|2\n|-enditem|p2b: Sneasler|Focus Sash\n|-damage|p2b: Sneasler|1/100\n|move|p2a: Steelix|Body Press|p1b: Excadrill\n|-activate|p1b: Excadrill|move: Protect\n|\n|upkeep\n|turn|2\n|inactive|blak_seraph has 30 seconds left.\n|\n|t:|1776638249\n|move|p1a: Farigiraf|Ally Switch|p1a: Farigiraf\n|swap|p1a: Farigiraf|1|[from] move: Ally Switch\n|move|p2b: Sneasler|Coaching|p2a: Steelix\n|-boost|p2a: Steelix|atk|1\n|-boost|p2a: Steelix|def|1\n|move|p1a: Excadrill|Rock Slide|p2a: Steelix|[spread] p2a\n|-miss|p1a: Excadrill|p2b: Sneasler\n|-resisted|p2a: Steelix|2\n|-damage|p2a: Steelix|99/100\n|move|p2a: Steelix|Gyro Ball|p1b: Farigiraf\n|-damage|p1b: Farigiraf|74/100\n|\n|-heal|p1b: Farigiraf|80/100|[from] item: Leftovers\n|upkeep\n|turn|3\n|inactive|blak_seraph has 30 seconds left.\n|\n|t:|1776638280\n|switch|p2b: Rotom|Rotom-Wash, L50|100/100\n|move|p1a: Excadrill|Rock Slide|p2b: Rotom|[spread] p2a,p2b\n|-resisted|p2a: Steelix|2\n|-damage|p2a: Steelix|97/100\n|-damage|p2b: Rotom|79/100\n|move|p1b: Farigiraf|Psychic|p2b: Rotom\n|-damage|p2b: Rotom|43/100\n|move|p2a: Steelix|Body Press|p1b: Farigiraf\n|-damage|p1b: Farigiraf|31/100\n|\n|-heal|p1b: Farigiraf|37/100|[from] item: Leftovers\n|upkeep\n|turn|4\n|\n|t:|1776638299\n|switch|p1a: Incineroar|Incineroar, L50, F|100/100\n|-ability|p1a: Incineroar|Intimidate|boost\n|-unboost|p2a: Steelix|atk|1\n|-unboost|p2b: Rotom|atk|1\n|move|p2b: Rotom|Discharge|p1a: Incineroar|[spread] p1a,p1b\n|-immune|p2a: Steelix\n|-damage|p1a: Incineroar|69/100\n|-damage|p1b: Farigiraf|15/100\n|move|p1b: Farigiraf|Psychic|p2b: Rotom\n|-damage|p2b: Rotom|4/100\n|move|p2a: Steelix|Earthquake|p1b: Farigiraf|[spread] p1a,p1b\n|-immune|p2b: Rotom|[from] ability: Levitate\n|-supereffective|p1a: Incineroar|1\n|-damage|p1a: Incineroar|13/100\n|-damage|p1b: Farigiraf|0 fnt\n|-enditem|p1a: Incineroar|Sitrus Berry|[eat]\n|-heal|p1a: Incineroar|38/100|[from] item: Sitrus Berry\n|faint|p1b: Farigiraf\n|\n|upkeep\n|\n|t:|1776638318\n|switch|p1b: Tyranitar|Tyranitar, L50, F|100/100\n|-weather|Sandstorm|[from] ability: Sand Stream|[of] p1b: Tyranitar\n|turn|5\n|\n|t:|1776638337\n|move|p1a: Incineroar|Fake Out|p2a: Steelix\n|-resisted|p2a: Steelix|1\n|-damage|p2a: Steelix|94/100\n|move|p1b: Tyranitar|Rock Slide|p2b: Rotom|[spread] p2a,p2b\n|-resisted|p2a: Steelix|2\n|-damage|p2a: Steelix|91/100\n|-damage|p2b: Rotom|0 fnt\n|faint|p2b: Rotom\n|cant|p2a: Steelix|flinch\n|\n|-weather|Sandstorm|[upkeep]\n|-damage|p1a: Incineroar|32/100|[from] Sandstorm\n|upkeep\n|\n|t:|1776638355\n|switch|p2b: Sneasler|Sneasler, L50, M|1/100\n|turn|6\n|\n|t:|1776638379\n|detailschange|p2a: Steelix|Steelix-Mega, L50, M\n|-mega|p2a: Steelix|Steelix|Steelixite\n|move|p1b: Tyranitar|Protect|p1b: Tyranitar\n|-singleturn|p1b: Tyranitar|Protect\n|move|p1a: Incineroar|Protect|p1a: Incineroar\n|-singleturn|p1a: Incineroar|Protect\n|move|p2b: Sneasler|Fake Out|p1b: Tyranitar\n|-activate|p1b: Tyranitar|move: Protect\n|move|p2a: Steelix|Body Press|p1a: Incineroar\n|-activate|p1a: Incineroar|move: Protect\n|\n|-weather|Sandstorm|[upkeep]\n|-damage|p2b: Sneasler|0 fnt|[from] Sandstorm\n|-damage|p1a: Incineroar|26/100|[from] Sandstorm\n|faint|p2b: Sneasler\n|upkeep\n|\n|t:|1776638396\n|switch|p2b: Sinistcha|Sinistcha, L50|100/100\n|-heal|p2a: Steelix|100/100|[from] ability: Hospitality|[of] p2b: Sinistcha\n|turn|7\n|\n|t:|1776638413\n|detailschange|p1b: Tyranitar|Tyranitar-Mega, L50, F\n|-mega|p1b: Tyranitar|Tyranitar|Tyranitarite\n|move|p1b: Tyranitar|Knock Off|p2b: Sinistcha\n|-supereffective|p2b: Sinistcha|1\n|-damage|p2b: Sinistcha|0 fnt\n|-enditem|p2b: Sinistcha|Shell Bell|[from] move: Knock Off|[of] p1b: Tyranitar\n|faint|p2b: Sinistcha\n|move|p1a: Incineroar|Flare Blitz|p2a: Steelix\n|-supereffective|p2a: Steelix|1\n|-damage|p2a: Steelix|55/100\n|-damage|p1a: Incineroar|14/100|[from] Recoil\n|move|p2a: Steelix|Earthquake|p1b: Tyranitar|[spread] p1a,p1b\n|-supereffective|p1a: Incineroar|1\n|-supereffective|p1b: Tyranitar|1\n|-damage|p1a: Incineroar|0 fnt\n|-damage|p1b: Tyranitar|28/100\n|faint|p1a: Incineroar\n|\n|-weather|Sandstorm|[upkeep]\n|upkeep\n|\n|t:|1776638425\n|switch|p1a: Excadrill|Excadrill, L50, F|100/100\n|turn|8\n|\n|t:|1776638441\n|move|p1a: Excadrill|High Horsepower|p2a: Steelix\n|-supereffective|p2a: Steelix|1\n|-damage|p2a: Steelix|18/100\n|move|p1b: Tyranitar|Breaking Swipe|p2a: Steelix\n|-resisted|p2a: Steelix|1\n|-damage|p2a: Steelix|13/100\n|-unboost|p2a: Steelix|atk|1\n|move|p2a: Steelix|Earthquake|p1b: Tyranitar|[spread] p1a,p1b\n|-supereffective|p1a: Excadrill|1\n|-supereffective|p1b: Tyranitar|1\n|-damage|p1a: Excadrill|13/100\n|-damage|p1b: Tyranitar|0 fnt\n|faint|p1b: Tyranitar\n|\n|-weather|Sandstorm|[upkeep]\n|upkeep\n|turn|9\n|\n|t:|1776638459\n|move|p1a: Excadrill|High Horsepower|p2a: Steelix\n|-supereffective|p2a: Steelix|1\n|-damage|p2a: Steelix|0 fnt\n|faint|p2a: Steelix\n|\n|win|Zapdos79\n|raw|Zapdos79's rating: 1141 &rarr; <strong>1159</strong><br />(+18 for winning)\n|raw|blak_seraph's rating: 1046 &rarr; <strong>1034</strong><br />(-12 for losing)\n",
  "uploadtime": 1776638465,
  "views": 8,
  "formatid": "gen9championsvgc2026regma",
  "rating": 1034,
  "private": 0,
  "password": null
}