{
  "id": "gen9championsvgc2026regma-2585091834",
  "format": "[Gen 9 Champions] VGC 2026 Reg M-A",
  "players": [
    "Chandramaxxx",
    "wazawaa"
  ],
  "log": "|j|\u2606Chandramaxxx\n|j|\u2606wazawaa\n|t:|1776310862\n|gametype|doubles\n|player|p1|Chandramaxxx|265|1139\n|player|p2|wazawaa|fisherman-gen4|1068\n|gen|9\n|tier|[Gen 9 Champions] VGC 2026 Reg M-A\n|rated|\n|rule|Species Clause: Limit one of each Pok\u00e9mon\n|rule|Item Clause: Limit 1 of each item\n|clearpoke\n|poke|p1|Floette-Eternal, L50, F|\n|poke|p1|Dragonite, L50, M|\n|poke|p1|Archaludon, L50, F|\n|poke|p1|Maushold-Four, L50|\n|poke|p1|Basculegion, L50, M|\n|poke|p1|Pelipper, L50, M|\n|poke|p2|Chandelure, L50, M|\n|poke|p2|Aerodactyl, L50, M|\n|poke|p2|Milotic, L50, F|\n|poke|p2|Archaludon, L50, F|\n|poke|p2|Whimsicott, L50, M|\n|poke|p2|Decidueye-Hisui, L50, M|\n|teampreview|4\nChandramaxxx has agreed to open team sheets.\n|inactive|Battle timer is ON: inactive players will automatically lose when time's up. (requested by Chandramaxxx)\n|\n|t:|1776310937\n|teamsize|p1|4\n|teamsize|p2|4\n|start\n|switch|p1a: Pelipper|Pelipper, L50, M|100/100\n|switch|p1b: Archaludon|Archaludon, L50, F|100/100\n|switch|p2a: Archaludon|Archaludon, L50, F|100/100\n|switch|p2b: Whimsicott|Whimsicott, L50, M|100/100\n|-weather|RainDance|[from] ability: Drizzle|[of] p1a: Pelipper\n|turn|1\n|\n|t:|1776310960\n|move|p1b: Archaludon|Flash Cannon|p2b: Whimsicott|[miss]\n|-miss|p1b: Archaludon|p2b: Whimsicott\n|move|p2a: Archaludon|Thunder|p1a: Pelipper\n|-supereffective|p1a: Pelipper|2\n|-enditem|p1a: Pelipper|Focus Sash\n|-damage|p1a: Pelipper|1/100\n|move|p1a: Pelipper|Tailwind|p1a: Pelipper\n|-sidestart|p1: Chandramaxxx|move: Tailwind\n|move|p2b: Whimsicott|Trick Room|p2b: Whimsicott\n|-fieldstart|move: Trick Room|[of] p2b: Whimsicott\n|\n|-weather|RainDance|[upkeep]\n|upkeep\n|turn|2\n|inactive|wazawaa has 30 seconds left.\n|\n|t:|1776310992\n|switch|p2b: Decidueye|Decidueye-Hisui, L50, M, shiny|100/100\n|move|p2a: Archaludon|Draco Meteor|p1b: Archaludon\n|-damage|p1b: Archaludon|17/100\n|-unboost|p2a: Archaludon|spa|2\n|-ability|p1b: Archaludon|Stamina|boost\n|-boost|p1b: Archaludon|def|1\n|move|p1a: Pelipper|Hurricane|p2b: Decidueye\n|-supereffective|p2b: Decidueye|2\n|-damage|p2b: Decidueye|0 fnt\n|faint|p2b: Decidueye\n|move|p1b: Archaludon|Flash Cannon|p2a: Archaludon\n|-resisted|p2a: Archaludon|1\n|-damage|p2a: Archaludon|73/100\n|-ability|p2a: Archaludon|Stamina|boost\n|-boost|p2a: Archaludon|def|1\n|\n|-weather|RainDance|[upkeep]\n|-heal|p1b: Archaludon|23/100|[from] item: Leftovers\n|upkeep\n|\n|t:|1776311009\n|switch|p2b: Whimsicott|Whimsicott, L50, M|100/100\n|turn|3\n|\n|t:|1776311021\n|move|p2a: Archaludon|Protect|p2a: Archaludon\n|-singleturn|p2a: Archaludon|Protect\n|move|p2b: Whimsicott|Dazzling Gleam|p1b: Archaludon|[spread] p1a,p1b\n|-damage|p1a: Pelipper|0 fnt\n|-damage|p1b: Archaludon|0 fnt\n|faint|p1a: Pelipper\n|faint|p1b: Archaludon\n|\n|-weather|RainDance|[upkeep]\n|upkeep\n|\n|t:|1776311029\n|switch|p1a: Floette|Floette-Eternal, L50, F|100/100\n|switch|p1b: Basculegion|Basculegion, L50, M|100/100\n|turn|4\n|\n|t:|1776311053\n|detailschange|p1a: Floette|Floette-Mega, L50, F\n|-mega|p1a: Floette|Floette|Floettite\n|-ability|p1a: Floette|Fairy Aura\n|move|p2a: Archaludon|Flash Cannon|p1a: Floette\n|-supereffective|p1a: Floette|1\n|-damage|p1a: Floette|69/100\n|move|p2b: Whimsicott|Energy Ball|p1a: Floette\n|-damage|p1a: Floette|42/100\n|move|p1a: Floette|Light of Ruin|p2a: Archaludon|[miss]\n|-miss|p1a: Floette|p2a: Archaludon\n|move|p1b: Basculegion|Last Respects|p2b: Whimsicott\n|-damage|p2b: Whimsicott|0 fnt\n|faint|p2b: Whimsicott\n|\n|-weather|RainDance|[upkeep]\n|-sideend|p1: Chandramaxxx|move: Tailwind\n|upkeep\n|\n|t:|1776311069\n|switch|p2b: Chandelure|Chandelure, L50, M|100/100\n|turn|5\n|\n|t:|1776311084\n|detailschange|p2b: Chandelure|Chandelure-Mega, L50, M\n|-mega|p2b: Chandelure|Chandelure|Chandelurite\n|move|p2a: Archaludon|Flash Cannon|p1a: Floette\n|-supereffective|p1a: Floette|1\n|-damage|p1a: Floette|9/100\n|-unboost|p1a: Floette|spd|1\n|move|p2b: Chandelure|Shadow Ball|p1b: Basculegion\n|-supereffective|p1b: Basculegion|1\n|-damage|p1b: Basculegion|0 fnt\n|faint|p1b: Basculegion\n|move|p1a: Floette|Light of Ruin|p2a: Archaludon\n|-damage|p2a: Archaludon|0 fnt\n|faint|p2a: Archaludon\n|-damage|p1a: Floette|0 fnt|[from] Recoil\n|faint|p1a: Floette\n|\n|win|wazawaa\n|raw|Chandramaxxx's rating: 1139 &rarr; <strong>1109</strong><br />(-30 for losing)\n|raw|wazawaa's rating: 1068 &rarr; <strong>1104</strong><br />(+36 for winning)\n|l|\u2606wazawaa\n|player|p2|\n",
  "uploadtime": 1776311195,
  "views": 17,
  "formatid": "gen9championsvgc2026regma",
  "rating": 1104,
  "private": 0,
  "password": null
}