{
  "id": "gen9championsvgc2026regma-2586540805",
  "format": "[Gen 9 Champions] VGC 2026 Reg M-A",
  "players": [
    "SalSanty",
    "dwadawdaddawdadd"
  ],
  "log": "|j|\u2606SalSanty\n|j|\u2606dwadawdaddawdadd\n|t:|1776441735\n|gametype|doubles\n|player|p1|SalSanty|170|1169\n|player|p2|dwadawdaddawdadd|101|1083\n|gen|9\n|tier|[Gen 9 Champions] VGC 2026 Reg M-A\n|rated|\n|rule|Species Clause: Limit one of each Pok\u00e9mon\n|rule|Item Clause: Limit 1 of each item\n|clearpoke\n|poke|p1|Tyranitar, L50, F|\n|poke|p1|Milotic, L50, M|\n|poke|p1|Excadrill, L50, M|\n|poke|p1|Rotom-Heat, L50|\n|poke|p1|Sinistcha, L50|\n|poke|p1|Gardevoir, L50, F|\n|poke|p2|Tyranitar, L50, M|\n|poke|p2|Garchomp, L50, M|\n|poke|p2|Aerodactyl, L50, F|\n|poke|p2|Excadrill, L50, F|\n|poke|p2|Rotom-Heat, L50|\n|poke|p2|Gyarados, L50, M|\n|teampreview|4\n|inactive|Battle timer is ON: inactive players will automatically lose when time's up. (requested by SalSanty)\ndwadawdaddawdadd rejected open team sheets.\n|inactive|SalSanty has 60 seconds left.\n|inactive|dwadawdaddawdadd has 60 seconds left.\n|\n|t:|1776441795\n|teamsize|p1|4\n|teamsize|p2|4\n|start\n|switch|p1a: Milotic|Milotic, L50, M|100/100\n|switch|p1b: Gardevoir|Gardevoir, L50, F|100/100\n|switch|p2a: Tyranitar|Tyranitar, L50, M|100/100\n|switch|p2b: Rotom|Rotom-Heat, L50|100/100\n|-weather|Sandstorm|[from] ability: Sand Stream|[of] p2a: Tyranitar\n|turn|1\n|inactive|SalSanty has 30 seconds left.\n|\n|t:|1776441824\n|switch|p1b: Tyranitar|Tyranitar, L50, F|100/100\n|move|p2a: Tyranitar|Protect|p2a: Tyranitar\n|-singleturn|p2a: Tyranitar|Protect\n|move|p2b: Rotom|Discharge|p1b: Tyranitar|[spread] p1a,p1b\n|-activate|p2a: Tyranitar|move: Protect\n|-supereffective|p1a: Milotic|1\n|-damage|p1a: Milotic|57/100\n|-damage|p1b: Tyranitar|81/100\n|-status|p1b: Tyranitar|par\n|move|p1a: Milotic|Scald|p2b: Rotom\n|-supereffective|p2b: Rotom|1\n|-damage|p2b: Rotom|34/100\n|\n|-weather|Sandstorm|[upkeep]\n|-damage|p2b: Rotom|29/100|[from] Sandstorm\n|-damage|p1a: Milotic|51/100|[from] Sandstorm\n|-heal|p1a: Milotic|57/100|[from] item: Leftovers\n|upkeep\n|turn|2\n|inactive|dwadawdaddawdadd has 30 seconds left.\n|inactive|SalSanty has 30 seconds left.\n|inactive|dwadawdaddawdadd has 20 seconds left.\n|inactive|dwadawdaddawdadd has 15 seconds left.\n|\n|t:|1776441865\n|switch|p2a: Gyarados|Gyarados, L50, M|100/100\n|-ability|p2a: Gyarados|Intimidate|boost\n|-unboost|p1a: Milotic|atk|1\n|-ability|p1a: Milotic|Competitive|boost\n|-boost|p1a: Milotic|spa|2\n|-unboost|p1b: Tyranitar|atk|1\n|detailschange|p1b: Tyranitar|Tyranitar-Mega, L50, F\n|-mega|p1b: Tyranitar|Tyranitar|Tyranitarite\n|move|p2b: Rotom|Discharge|p1a: Milotic|[spread] p2a,p1a,p1b\n|-supereffective|p2a: Gyarados|2\n|-supereffective|p1a: Milotic|1\n|-crit|p1b: Tyranitar\n|-damage|p2a: Gyarados|0 fnt\n|-damage|p1a: Milotic|14/100\n|-damage|p1b: Tyranitar|55/100 par\n|faint|p2a: Gyarados\n|move|p1a: Milotic|Scald|p2b: Rotom\n|-supereffective|p2b: Rotom|1\n|-damage|p2b: Rotom|0 fnt\n|faint|p2b: Rotom\n|cant|p1b: Tyranitar|par\n|\n|-weather|Sandstorm|[upkeep]\n|-damage|p1a: Milotic|8/100|[from] Sandstorm\n|-heal|p1a: Milotic|14/100|[from] item: Leftovers\n|upkeep\n|\n|t:|1776441885\n|switch|p2a: Garchomp|Garchomp, L50, M|100/100\n|switch|p2b: Tyranitar|Tyranitar, L50, M|100/100\n|turn|3\n|\n|t:|1776441905\n|move|p1a: Milotic|Protect|p1a: Milotic\n|-singleturn|p1a: Milotic|Protect\n|move|p2b: Tyranitar|Protect|p2b: Tyranitar\n|-singleturn|p2b: Tyranitar|Protect\n|move|p1b: Tyranitar|Protect|p1b: Tyranitar\n|-singleturn|p1b: Tyranitar|Protect\n|move|p2a: Garchomp|Earthquake|p1a: Milotic|[spread] \n|-activate|p2b: Tyranitar|move: Protect\n|-activate|p1a: Milotic|move: Protect\n|-activate|p1b: Tyranitar|move: Protect\n|\n|-weather|Sandstorm|[upkeep]\n|-damage|p1a: Milotic|8/100|[from] Sandstorm\n|-heal|p1a: Milotic|14/100|[from] item: Leftovers\n|upkeep\n|turn|4\n|inactive|SalSanty has 30 seconds left.\n|\n|t:|1776441934\n|detailschange|p2b: Tyranitar|Tyranitar-Mega, L50, M\n|-mega|p2b: Tyranitar|Tyranitar|Tyranitarite\n|move|p1a: Milotic|Protect||[still]\n|-fail|p1a: Milotic\n|move|p1b: Tyranitar|Protect|p1b: Tyranitar\n|-singleturn|p1b: Tyranitar|Protect\n|move|p2a: Garchomp|Substitute|p2a: Garchomp\n|-start|p2a: Garchomp|Substitute\n|-damage|p2a: Garchomp|76/100\n|move|p2b: Tyranitar|Rock Slide|p1a: Milotic|[spread] p1a\n|-activate|p1b: Tyranitar|move: Protect\n|-damage|p1a: Milotic|0 fnt\n|faint|p1a: Milotic\n|\n|-weather|Sandstorm|[upkeep]\n|upkeep\n|\n|t:|1776441950\n|switch|p1a: Gardevoir|Gardevoir, L50, F|100/100\n|turn|5\n|\n|t:|1776441970\n|move|p1a: Gardevoir|Dazzling Gleam|p2a: Garchomp|[spread] p2a,p2b\n|-supereffective|p2a: Garchomp|1\n|-end|p2a: Garchomp|Substitute\n|-supereffective|p2b: Tyranitar|1\n|-damage|p2b: Tyranitar|69/100\n|move|p2a: Garchomp|Swords Dance|p2a: Garchomp\n|-boost|p2a: Garchomp|atk|2\n|move|p2b: Tyranitar|Rock Slide|p1b: Tyranitar|[spread] p1a,p1b\n|-damage|p1a: Gardevoir|36/100\n|-damage|p1b: Tyranitar|30/100 par\n|cant|p1b: Tyranitar|flinch\n|\n|-weather|none\n|upkeep\n|turn|6\n|inactive|dwadawdaddawdadd has 30 seconds left.\n|inactive|dwadawdaddawdadd has 20 seconds left.\n|\n|t:|1776442010\n|move|p1a: Gardevoir|Dazzling Gleam|p2a: Garchomp|[spread] p2a,p2b\n|-supereffective|p2a: Garchomp|1\n|-supereffective|p2b: Tyranitar|1\n|-damage|p2a: Garchomp|3/100\n|-damage|p2b: Tyranitar|15/100\n|move|p2a: Garchomp|Dragon Claw|p1b: Tyranitar\n|-damage|p1b: Tyranitar|0 fnt\n|faint|p1b: Tyranitar\n|move|p2b: Tyranitar|Rock Slide|p1a: Gardevoir\n|-damage|p1a: Gardevoir|0 fnt\n|faint|p1a: Gardevoir\n|\n|upkeep\n|\n|t:|1776442025\n|switch|p1b: Rotom|Rotom-Heat, L50|100/100\n|turn|7\n|\n|t:|1776442039\n|move|p2a: Garchomp|Dragon Claw|p1b: Rotom\n|-damage|p1b: Rotom|3/100\n|-enditem|p1b: Rotom|Sitrus Berry|[eat]\n|-heal|p1b: Rotom|28/100|[from] item: Sitrus Berry\n|move|p1b: Rotom|Overheat|p2b: Tyranitar\n|-resisted|p2b: Tyranitar|1\n|-damage|p2b: Tyranitar|0 fnt\n|-unboost|p1b: Rotom|spa|2\n|faint|p2b: Tyranitar\n|\n|upkeep\n|turn|8\n|c|\u2606SalSanty|gg\n|\n|t:|1776442060\n|move|p1b: Rotom|Protect|p1b: Rotom\n|-singleturn|p1b: Rotom|Protect\n|move|p2a: Garchomp|Dragon Claw|p1b: Rotom\n|-activate|p1b: Rotom|move: Protect\n|\n|upkeep\n|turn|9\n|\n|t:|1776442068\n|move|p2a: Garchomp|Dragon Claw|p1b: Rotom\n|-damage|p1b: Rotom|0 fnt\n|faint|p1b: Rotom\n|\n|win|dwadawdaddawdadd\n|raw|SalSanty's rating: 1169 &rarr; <strong>1138</strong><br />(-31 for losing)\n|raw|dwadawdaddawdadd's rating: 1083 &rarr; <strong>1117</strong><br />(+34 for winning)\n|l|\u2606dwadawdaddawdadd\n|player|p2|\n",
  "uploadtime": 1776442076,
  "views": 20,
  "formatid": "gen9championsvgc2026regma",
  "rating": 1117,
  "private": 0,
  "password": null
}