{
  "id": "gen9championsvgc2026regma-2581014901",
  "format": "[Gen 9 Champions] VGC 2026 Reg M-A",
  "players": [
    "Ashen206",
    "tthheeoo"
  ],
  "log": "|j|\u2606Ashen206\n|j|\u2606tthheeoo\n|t:|1775951863\n|gametype|doubles\n|player|p1|Ashen206|cynthia-gen4|1086\n|player|p2|tthheeoo|marlon|1000\n|gen|9\n|tier|[Gen 9 Champions] VGC 2026 Reg M-A\n|rated|\n|rule|Species Clause: Limit one of each Pok\u00e9mon\n|rule|Item Clause: Limit 1 of each item\n|clearpoke\n|poke|p1|Incineroar, L50, M|\n|poke|p1|Gengar, L50, M|\n|poke|p1|Sinistcha, L50|\n|poke|p1|Tyranitar, L50, F|\n|poke|p1|Kingambit, L50, F|\n|poke|p1|Kommo-o, L50, M|\n|poke|p2|Glimmora, L50, F|\n|poke|p2|Lucario, L50, M|\n|poke|p2|Incineroar, L50, M|\n|poke|p2|Gardevoir, L50, M|\n|poke|p2|Dragonite, L50, F|\n|poke|p2|Blastoise, L50, F|\n|teampreview|4\n|inactive|Battle timer is ON: inactive players will automatically lose when time's up. (requested by tthheeoo)\n|\n|t:|1775951955\n|teamsize|p1|4\n|teamsize|p2|4\n|start\n|switch|p1a: Gengar|Gengar, L50, M|100/100\n|switch|p1b: Kingambit|Kingambit, L50, F|100/100\n|switch|p2a: Glimmora|Glimmora, L50, F|100/100\n|switch|p2b: Lucario|Lucario, L50, M|100/100\n|turn|1\n|inactive|tthheeoo has 30 seconds left.\n|inactive|tthheeoo has 20 seconds left.\n|inactive|tthheeoo has 15 seconds left.\n|inactive|tthheeoo has 10 seconds left.\n|\n|t:|1775952004\n|detailschange|p1a: Gengar|Gengar-Mega, L50, M\n|-mega|p1a: Gengar|Gengar|Gengarite\n|detailschange|p2b: Lucario|Lucario-Mega, L50, M\n|-mega|p2b: Lucario|Lucario|Lucarionite\n|move|p1b: Kingambit|Protect|p1b: Kingambit\n|-singleturn|p1b: Kingambit|Protect\n|move|p1a: Gengar|Perish Song|p1a: Gengar\n|-start|p1a: Gengar|perish3|[silent]\n|-start|p1b: Kingambit|perish3|[silent]\n|-start|p2a: Glimmora|perish3|[silent]\n|-start|p2b: Lucario|perish3|[silent]\n|-fieldactivate|move: Perish Song\n|move|p2b: Lucario|Meteor Mash|p1a: Gengar\n|-damage|p1a: Gengar|18/100\n|-boost|p2b: Lucario|atk|1\n|move|p2a: Glimmora|Stealth Rock|p1b: Kingambit\n|-sidestart|p1: Ashen206|move: Stealth Rock\n|\n|-start|p1a: Gengar|perish3\n|-start|p2b: Lucario|perish3\n|-start|p2a: Glimmora|perish3\n|-start|p1b: Kingambit|perish3\n|upkeep\n|turn|2\n|inactive|Ashen206 has 30 seconds left.\n|inactive|tthheeoo has 30 seconds left.\n|inactive|tthheeoo has 20 seconds left.\n|inactive|tthheeoo has 15 seconds left.\n|inactive|tthheeoo has 10 seconds left.\n|\n|t:|1775952052\n|switch|p1b: Incineroar|Incineroar, L50, M|100/100\n|-damage|p1b: Incineroar|76/100|[from] Stealth Rock\n|-ability|p1b: Incineroar|Intimidate|boost\n|-unboost|p2a: Glimmora|atk|1\n|-unboost|p2b: Lucario|atk|1\n|move|p1a: Gengar|Protect|p1a: Gengar\n|-singleturn|p1a: Gengar|Protect\n|move|p2b: Lucario|Meteor Mash|p1a: Gengar\n|-activate|p1a: Gengar|move: Protect\n|move|p2a: Glimmora|Power Gem|p1a: Gengar\n|-activate|p1a: Gengar|move: Protect\n|\n|-start|p1a: Gengar|perish2\n|-start|p2b: Lucario|perish2\n|-start|p2a: Glimmora|perish2\n|upkeep\n|turn|3\n|inactive|Ashen206 has 30 seconds left.\n|inactive|tthheeoo has 30 seconds left.\n|inactive|tthheeoo has 20 seconds left.\n|\n|t:|1775952087\n|switch|p1a: Kingambit|Kingambit, L50, F|100/100\n|-damage|p1a: Kingambit|95/100|[from] Stealth Rock\n|move|p2b: Lucario|Extreme Speed|p1b: Incineroar\n|-damage|p1b: Incineroar|48/100\n|move|p2a: Glimmora|Power Gem|p1a: Kingambit\n|-resisted|p1a: Kingambit|1\n|-damage|p1a: Kingambit|73/100\n|move|p1b: Incineroar|Parting Shot|p2b: Lucario\n|-unboost|p2b: Lucario|atk|1\n|-unboost|p2b: Lucario|spa|1\n|\n|t:|1775952102\n|switch|p1b: Gengar|Gengar-Mega, L50, M|18/100|[from] Parting Shot\n|-damage|p1b: Gengar|6/100|[from] Stealth Rock\n|\n|-start|p2b: Lucario|perish1\n|-start|p2a: Glimmora|perish1\n|upkeep\n|turn|4\n|inactive|tthheeoo has 30 seconds left.\n|\n|t:|1775952136\n|move|p1b: Gengar|Protect|p1b: Gengar\n|-singleturn|p1b: Gengar|Protect\n|move|p1a: Kingambit|Protect|p1a: Kingambit\n|-singleturn|p1a: Kingambit|Protect\n|move|p2b: Lucario|Close Combat|p1a: Kingambit\n|-activate|p1a: Kingambit|move: Protect\n|move|p2a: Glimmora|Power Gem|p1a: Kingambit\n|-activate|p1a: Kingambit|move: Protect\n|\n|-start|p2b: Lucario|perish0\n|-start|p2a: Glimmora|perish0\n|faint|p2b: Lucario\n|faint|p2a: Glimmora\n|upkeep\n|\n|t:|1775952152\n|switch|p2b: Blastoise|Blastoise, L50, F|100/100\n|switch|p2a: Dragonite|Dragonite, L50, F|100/100\n|turn|5\n|\n|t:|1775952173\n|move|p1b: Gengar|Perish Song|p1b: Gengar\n|-start|p1a: Kingambit|perish3|[silent]\n|-start|p1b: Gengar|perish3|[silent]\n|-start|p2a: Dragonite|perish3|[silent]\n|-start|p2b: Blastoise|perish3|[silent]\n|-fieldactivate|move: Perish Song\n|move|p2b: Blastoise|Shell Smash|p2b: Blastoise\n|-unboost|p2b: Blastoise|def|1\n|-unboost|p2b: Blastoise|spd|1\n|-boost|p2b: Blastoise|atk|2\n|-boost|p2b: Blastoise|spa|2\n|-boost|p2b: Blastoise|spe|2\n|-enditem|p2b: Blastoise|White Herb\n|-clearnegativeboost|p2b: Blastoise|[silent]\n|move|p2a: Dragonite|Rain Dance|p2a: Dragonite\n|-weather|RainDance\n|move|p1a: Kingambit|Iron Head|p2a: Dragonite\n|-damage|p2a: Dragonite|77/100\n|\n|-weather|RainDance|[upkeep]\n|-start|p2b: Blastoise|perish3\n|-start|p1b: Gengar|perish3\n|-start|p2a: Dragonite|perish3\n|-start|p1a: Kingambit|perish3\n|upkeep\n|turn|6\n|inactive|tthheeoo has 30 seconds left.\n|inactive|tthheeoo has 20 seconds left.\n|inactive|tthheeoo has 15 seconds left.\n|inactive|tthheeoo has 10 seconds left.\n|inactive|tthheeoo has 5 seconds left.\n|\n|t:|1775952228\n|move|p1b: Gengar|Protect|p1b: Gengar\n|-singleturn|p1b: Gengar|Protect\n|move|p1a: Kingambit|Protect|p1a: Kingambit\n|-singleturn|p1a: Kingambit|Protect\n|move|p2b: Blastoise|Shell Smash|p2b: Blastoise\n|-unboost|p2b: Blastoise|def|1\n|-unboost|p2b: Blastoise|spd|1\n|-boost|p2b: Blastoise|atk|2\n|-boost|p2b: Blastoise|spa|2\n|-boost|p2b: Blastoise|spe|2\n|move|p2a: Dragonite|Draco Meteor|p1b: Gengar\n|-activate|p1b: Gengar|move: Protect\n|\n|-weather|RainDance|[upkeep]\n|-start|p2b: Blastoise|perish2\n|-start|p1b: Gengar|perish2\n|-start|p2a: Dragonite|perish2\n|-start|p1a: Kingambit|perish2\n|upkeep\n|turn|7\n|inactive|tthheeoo has 30 seconds left.\n|inactive|tthheeoo has 20 seconds left.\n|inactive|tthheeoo has 15 seconds left.\n|\n|t:|1775952271\n|move|p1b: Gengar|Protect||[still]\n|-fail|p1b: Gengar\n|move|p1a: Kingambit|Protect|p1a: Kingambit\n|-singleturn|p1a: Kingambit|Protect\n|move|p2b: Blastoise|Liquidation|p1a: Kingambit\n|-activate|p1a: Kingambit|move: Protect\n|move|p2a: Dragonite|Thunder|p1b: Gengar\n|-damage|p1b: Gengar|0 fnt\n|faint|p1b: Gengar\n|\n|-weather|RainDance|[upkeep]\n|-start|p2b: Blastoise|perish1\n|-start|p2a: Dragonite|perish1\n|-start|p1a: Kingambit|perish1\n|upkeep\n|\n|t:|1775952285\n|switch|p1b: Incineroar|Incineroar, L50, M|48/100\n|-damage|p1b: Incineroar|23/100|[from] Stealth Rock\n|-ability|p1b: Incineroar|Intimidate|boost\n|-unboost|p2a: Dragonite|atk|1\n|-unboost|p2b: Blastoise|atk|1\n|turn|8\n|\n|t:|1775952307\n|move|p1b: Incineroar|Protect|p1b: Incineroar\n|-singleturn|p1b: Incineroar|Protect\n|move|p1a: Kingambit|Protect|p1a: Kingambit\n|-singleturn|p1a: Kingambit|Protect\n|move|p2b: Blastoise|Earthquake|p1b: Incineroar|[spread] \n|-activate|p1a: Kingambit|move: Protect\n|-activate|p1b: Incineroar|move: Protect\n|-immune|p2a: Dragonite\n|move|p2a: Dragonite|Thunder|p1a: Kingambit\n|-activate|p1a: Kingambit|move: Protect\n|\n|-weather|RainDance|[upkeep]\n|-start|p2b: Blastoise|perish0\n|-start|p2a: Dragonite|perish0\n|-start|p1a: Kingambit|perish0\n|faint|p2b: Blastoise\n|faint|p2a: Dragonite\n|faint|p1a: Kingambit\n|\n|win|Ashen206\n|raw|Ashen206's rating: 1086 &rarr; <strong>1107</strong><br />(+21 for winning)\n|raw|tthheeoo's rating: 1000 &rarr; <strong>1000</strong><br />(+0 for losing)\n|l|\u2606tthheeoo\n|player|p2|\n",
  "uploadtime": 1775952328,
  "views": 15,
  "formatid": "gen9championsvgc2026regma",
  "rating": 1000,
  "private": 0,
  "password": null
}