{
  "id": "gen9championsvgc2026regma-2586179248",
  "format": "[Gen 9 Champions] VGC 2026 Reg M-A",
  "players": [
    "juldrian",
    "Zhi2"
  ],
  "log": "|j|\u2606juldrian\n|j|\u2606Zhi2\n|t:|1776409061\n|gametype|doubles\n|player|p1|juldrian|swimmer-gen4|1143\n|player|p2|Zhi2|169|1240\n|gen|9\n|tier|[Gen 9 Champions] VGC 2026 Reg M-A\n|rated|\n|rule|Species Clause: Limit one of each Pok\u00e9mon\n|rule|Item Clause: Limit 1 of each item\n|clearpoke\n|poke|p1|Tyranitar, L50, M|\n|poke|p1|Whimsicott, L50, M|\n|poke|p1|Sneasler, L50, F|\n|poke|p1|Milotic, L50, M|\n|poke|p1|Alakazam, L50, F|\n|poke|p1|Garchomp, L50, F|\n|poke|p2|Pelipper, L50, M|\n|poke|p2|Blastoise, L50, F|\n|poke|p2|Starmie, L50|\n|poke|p2|Sinistcha, L50|\n|poke|p2|Kingambit, L50, M|\n|poke|p2|Garchomp, L50, F|\n|teampreview|4\n|\n|t:|1776409102\n|teamsize|p1|4\n|teamsize|p2|4\n|start\n|switch|p1a: Tyranitar|Tyranitar, L50, M|100/100\n|switch|p1b: Garchomp|Garchomp, L50, F|100/100\n|switch|p2a: Garchomp|Garchomp, L50, F|100/100\n|switch|p2b: Blastoise|Blastoise, L50, F|100/100\n|-weather|Sandstorm|[from] ability: Sand Stream|[of] p1a: Tyranitar\n|turn|1\n|\n|t:|1776409125\n|move|p1a: Tyranitar|Protect|p1a: Tyranitar\n|-singleturn|p1a: Tyranitar|Protect\n|move|p2b: Blastoise|Fake Out|p1a: Tyranitar\n|-activate|p1a: Tyranitar|move: Protect\n|move|p2a: Garchomp|Breaking Swipe|p1a: Tyranitar|[spread] \n|-activate|p1a: Tyranitar|move: Protect\n|-miss|p2a: Garchomp|p1b: Garchomp\n|move|p1b: Garchomp|Dragon Claw|p2a: Garchomp\n|-supereffective|p2a: Garchomp|1\n|-damage|p2a: Garchomp|10/100\n|-damage|p1b: Garchomp|88/100|[from] ability: Rough Skin|[of] p2a: Garchomp\n|\n|-weather|Sandstorm|[upkeep]\n|-damage|p2b: Blastoise|95/100|[from] Sandstorm\n|upkeep\n|turn|2\n|\n|t:|1776409149\n|switch|p1a: Milotic|Milotic, L50, M|100/100\n|move|p1b: Garchomp|Protect|p1b: Garchomp\n|-singleturn|p1b: Garchomp|Protect\n|move|p2a: Garchomp|Breaking Swipe|p1a: Milotic|[spread] p1a\n|-activate|p1b: Garchomp|move: Protect\n|-damage|p1a: Milotic|74/100\n|-unboost|p1a: Milotic|atk|1\n|-ability|p1a: Milotic|Competitive|boost\n|-boost|p1a: Milotic|spa|2\n|move|p2b: Blastoise|Shell Smash|p2b: Blastoise\n|-unboost|p2b: Blastoise|def|1\n|-unboost|p2b: Blastoise|spd|1\n|-boost|p2b: Blastoise|atk|2\n|-boost|p2b: Blastoise|spa|2\n|-boost|p2b: Blastoise|spe|2\n|\n|-weather|Sandstorm|[upkeep]\n|-damage|p2b: Blastoise|89/100|[from] Sandstorm\n|-damage|p1a: Milotic|68/100|[from] Sandstorm\n|-heal|p1a: Milotic|74/100|[from] item: Leftovers\n|upkeep\n|turn|3\n|\n|t:|1776409175\n|switch|p2a: Kingambit|Kingambit, L50, M|100/100\n|switch|p1b: Tyranitar|Tyranitar, L50, M|100/100\n|move|p2b: Blastoise|Water Spout|p1b: Tyranitar|[spread] p1a,p1b\n|-resisted|p1a: Milotic|1\n|-supereffective|p1b: Tyranitar|1\n|-damage|p1a: Milotic|41/100\n|-damage|p1b: Tyranitar|2/100\n|move|p1a: Milotic|Muddy Water|p2b: Blastoise|[spread] p2b\n|-miss|p1a: Milotic|p2a: Kingambit\n|-resisted|p2b: Blastoise|1\n|-damage|p2b: Blastoise|38/100\n|\n|-weather|Sandstorm|[upkeep]\n|-damage|p2b: Blastoise|32/100|[from] Sandstorm\n|-damage|p1a: Milotic|35/100|[from] Sandstorm\n|-heal|p1a: Milotic|41/100|[from] item: Leftovers\n|upkeep\n|turn|4\n|\n|t:|1776409211\n|switch|p1a: Sneasler|Sneasler, L50, F|100/100\n|move|p1b: Tyranitar|Protect|p1b: Tyranitar\n|-singleturn|p1b: Tyranitar|Protect\n|move|p2b: Blastoise|Water Spout|p1a: Sneasler|[spread] p1a\n|-activate|p1b: Tyranitar|move: Protect\n|-damage|p1a: Sneasler|57/100\n|move|p2a: Kingambit|Brick Break|p1a: Sneasler\n|-resisted|p1a: Sneasler|1\n|-damage|p1a: Sneasler|31/100\n|\n|-weather|Sandstorm|[upkeep]\n|-damage|p2b: Blastoise|26/100|[from] Sandstorm\n|-damage|p1a: Sneasler|25/100|[from] Sandstorm\n|upkeep\n|turn|5\n|\n|t:|1776409236\n|switch|p2a: Garchomp|Garchomp, L50, F|10/100\n|detailschange|p1b: Tyranitar|Tyranitar-Mega, L50, M\n|-mega|p1b: Tyranitar|Tyranitar|Tyranitarite\n|move|p1a: Sneasler|Upper Hand||[still]\n|-fail|p1a: Sneasler\n|move|p2b: Blastoise|Water Spout|p1b: Tyranitar|[spread] p1a,p1b\n|-supereffective|p1b: Tyranitar|1\n|-damage|p1a: Sneasler|0 fnt\n|-damage|p1b: Tyranitar|0 fnt\n|faint|p1a: Sneasler\n|faint|p1b: Tyranitar\n|\n|-weather|none\n|upkeep\n|\n|t:|1776409245\n|switch|p1a: Garchomp|Garchomp, L50, F|88/100\n|switch|p1b: Milotic|Milotic, L50, M|41/100\n|turn|6\n|\n|t:|1776409255\n|move|p1a: Garchomp|Protect|p1a: Garchomp\n|-singleturn|p1a: Garchomp|Protect\n|move|p2b: Blastoise|Water Spout|p1b: Milotic|[spread] p1b\n|-activate|p1a: Garchomp|move: Protect\n|-resisted|p1b: Milotic|1\n|-damage|p1b: Milotic|32/100\n|move|p2a: Garchomp|Rock Slide|p1b: Milotic|[spread] p1b\n|-activate|p1a: Garchomp|move: Protect\n|-damage|p1b: Milotic|12/100\n|move|p1b: Milotic|Muddy Water|p2b: Blastoise|[spread] p2a\n|-miss|p1b: Milotic|p2b: Blastoise\n|-damage|p2a: Garchomp|0 fnt\n|faint|p2a: Garchomp\n|\n|-heal|p1b: Milotic|18/100|[from] item: Leftovers\n|upkeep\n|\n|t:|1776409268\n|switch|p2a: Starmie|Starmie, L50|100/100\n|turn|7\n|\n|t:|1776409279\n|detailschange|p2a: Starmie|Starmie-Mega, L50\n|-mega|p2a: Starmie|Starmie|Starminite\n|move|p2b: Blastoise|Water Spout|p1b: Milotic|[spread] p1a,p1b\n|-resisted|p1b: Milotic|1\n|-damage|p1a: Garchomp|60/100\n|-damage|p1b: Milotic|9/100\n|move|p2a: Starmie|Ice Spinner|p1a: Garchomp\n|-supereffective|p1a: Garchomp|2\n|-enditem|p1a: Garchomp|Yache Berry|[eat]\n|-enditem|p1a: Garchomp|Yache Berry|[weaken]\n|-damage|p1a: Garchomp|0 fnt\n|faint|p1a: Garchomp\n|move|p1b: Milotic|Icy Wind|p2b: Blastoise|[spread] p2a,p2b\n|-resisted|p2a: Starmie|1\n|-resisted|p2b: Blastoise|1\n|-damage|p2a: Starmie|93/100\n|-damage|p2b: Blastoise|16/100\n|-unboost|p2a: Starmie|spe|1\n|-unboost|p2b: Blastoise|spe|1\n|\n|-heal|p1b: Milotic|15/100|[from] item: Leftovers\n|upkeep\n|turn|8\n|-message|juldrian forfeited.\n|\n|win|Zhi2\n|raw|juldrian's rating: 1143 &rarr; <strong>1125</strong><br />(-18 for losing)\n|raw|Zhi2's rating: 1240 &rarr; <strong>1258</strong><br />(+18 for winning)\n|l|\u2606juldrian\n|player|p1|\n",
  "uploadtime": 1776409293,
  "views": 20,
  "formatid": "gen9championsvgc2026regma",
  "rating": 1125,
  "private": 0,
  "password": null
}