{
  "id": "gen9championsvgc2026regma-2587785681",
  "format": "[Gen 9 Champions] VGC 2026 Reg M-A",
  "players": [
    "Chalice_Ebrietas",
    "Jeazoal"
  ],
  "log": "|j|\u2606Chalice_Ebrietas\n|j|\u2606Jeazoal\n|t:|1776563813\n|gametype|doubles\n|player|p1|Chalice_Ebrietas|lyra|1026\n|player|p2|Jeazoal|pokemonranger-gen4|1048\n|gen|9\n|tier|[Gen 9 Champions] VGC 2026 Reg M-A\n|rated|\n|rule|Species Clause: Limit one of each Pok\u00e9mon\n|rule|Item Clause: Limit 1 of each item\n|clearpoke\n|poke|p1|Scovillain, L50, F|\n|poke|p1|Dragapult, L50, M|\n|poke|p1|Tyranitar, L50, M|\n|poke|p1|Excadrill, L50, F|\n|poke|p1|Incineroar, L50, M|\n|poke|p1|Primarina, L50, M|\n|poke|p2|Pelipper, L50, F|\n|poke|p2|Basculegion, L50, M|\n|poke|p2|Archaludon, L50, M|\n|poke|p2|Sinistcha, L50|\n|poke|p2|Dragonite, L50, F|\n|poke|p2|Sneasler, L50, M|\n|teampreview|4\n|\n|t:|1776563875\n|teamsize|p1|4\n|teamsize|p2|4\n|start\n|switch|p1a: Scovillain|Scovillain, L50, F|100/100\n|switch|p1b: Dragapult|Dragapult, L50, M|100/100\n|switch|p2a: Sneasler|Sneasler, L50, M|100/100\n|switch|p2b: Sinistcha|Sinistcha, L50|100/100\n|turn|1\n|\n|t:|1776563941\n|detailschange|p1a: Scovillain|Scovillain-Mega, L50, F\n|-mega|p1a: Scovillain|Scovillain|Scovillainite\n|move|p1a: Scovillain|Protect|p1a: Scovillain\n|-singleturn|p1a: Scovillain|Protect\n|move|p2b: Sinistcha|Rage Powder|p2b: Sinistcha\n|-singleturn|p2b: Sinistcha|move: Rage Powder\n|move|p1b: Dragapult|Light Screen|p1b: Dragapult\n|-sidestart|p1: Chalice_Ebrietas|move: Light Screen\n|move|p2a: Sneasler|Dire Claw|p1a: Scovillain\n|-activate|p1a: Scovillain|move: Protect\n|\n|upkeep\n|turn|2\n|\n|t:|1776563965\n|move|p2b: Sinistcha|Rage Powder|p2b: Sinistcha\n|-singleturn|p2b: Sinistcha|move: Rage Powder\n|move|p1b: Dragapult|Reflect|p1b: Dragapult\n|-sidestart|p1: Chalice_Ebrietas|Reflect\n|move|p2a: Sneasler|Dire Claw|p1a: Scovillain\n|-supereffective|p1a: Scovillain|1\n|-damage|p1a: Scovillain|38/100\n|-status|p2a: Sneasler|brn|[from] ability: Spicy Spray|[of] p1a: Scovillain\n|move|p1a: Scovillain|Leech Seed|p2a: Sneasler\n|-start|p2a: Sneasler|move: Leech Seed\n|\n|-damage|p2a: Sneasler|88/100 brn|[from] Leech Seed|[of] p1a: Scovillain\n|-heal|p1a: Scovillain|50/100|[silent]\n|-damage|p2a: Sneasler|83/100 brn|[from] brn\n|upkeep\n|turn|3\n|\n|t:|1776563994\n|move|p1a: Scovillain|Protect|p1a: Scovillain\n|-singleturn|p1a: Scovillain|Protect\n|move|p2b: Sinistcha|Rage Powder|p2b: Sinistcha\n|-singleturn|p2b: Sinistcha|move: Rage Powder\n|move|p1b: Dragapult|Shadow Ball|p2b: Sinistcha\n|-supereffective|p2b: Sinistcha|1\n|-damage|p2b: Sinistcha|30/100\n|-enditem|p2b: Sinistcha|Sitrus Berry|[eat]\n|-heal|p2b: Sinistcha|54/100|[from] item: Sitrus Berry\n|move|p2a: Sneasler|Throat Chop|p1b: Dragapult\n|-supereffective|p1b: Dragapult|1\n|-damage|p1b: Dragapult|77/100\n|-start|p1b: Dragapult|Throat Chop|[silent]\n|\n|-damage|p2a: Sneasler|71/100 brn|[from] Leech Seed|[of] p1a: Scovillain\n|-heal|p1a: Scovillain|62/100|[silent]\n|-damage|p2a: Sneasler|65/100 brn|[from] brn\n|upkeep\n|turn|4\n|\n|t:|1776564044\n|move|p1a: Scovillain|Rage Powder|p1a: Scovillain\n|-singleturn|p1a: Scovillain|move: Rage Powder\n|move|p2b: Sinistcha|Rage Powder|p2b: Sinistcha\n|-singleturn|p2b: Sinistcha|move: Rage Powder\n|move|p1b: Dragapult|Shadow Ball|p2b: Sinistcha\n|-supereffective|p2b: Sinistcha|1\n|-damage|p2b: Sinistcha|0 fnt\n|faint|p2b: Sinistcha\n|move|p2a: Sneasler|Dire Claw|p1a: Scovillain\n|-supereffective|p1a: Scovillain|1\n|-damage|p1a: Scovillain|29/100\n|\n|-damage|p2a: Sneasler|53/100 brn|[from] Leech Seed|[of] p1a: Scovillain\n|-heal|p1a: Scovillain|41/100|[silent]\n|-damage|p2a: Sneasler|47/100 brn|[from] brn\n|-end|p1b: Dragapult|Throat Chop|[silent]\n|upkeep\n|\n|t:|1776564059\n|switch|p2b: Pelipper|Pelipper, L50, F|100/100\n|-weather|RainDance|[from] ability: Drizzle|[of] p2b: Pelipper\n|turn|5\n|\n|t:|1776564086\n|switch|p1b: Tyranitar|Tyranitar, L50, M|100/100\n|-weather|Sandstorm|[from] ability: Sand Stream|[of] p1b: Tyranitar\n|switch|p2a: Basculegion|Basculegion, L50, M|100/100\n|move|p2b: Pelipper|Protect|p2b: Pelipper\n|-singleturn|p2b: Pelipper|Protect\n|move|p1a: Scovillain|Protect||[still]\n|-fail|p1a: Scovillain\n|\n|-weather|Sandstorm|[upkeep]\n|-damage|p2a: Basculegion|94/100|[from] Sandstorm\n|-damage|p2b: Pelipper|95/100|[from] Sandstorm\n|-damage|p1a: Scovillain|35/100|[from] Sandstorm\n|-sideend|p1: Chalice_Ebrietas|move: Light Screen\n|upkeep\n|turn|6\n|\n|t:|1776564126\n|move|p1a: Scovillain|Rage Powder|p1a: Scovillain\n|-singleturn|p1a: Scovillain|move: Rage Powder\n|move|p2a: Basculegion|Wave Crash|p1a: Scovillain\n|-damage|p1a: Scovillain|0 fnt\n|-status|p2a: Basculegion|brn|[from] ability: Spicy Spray|[of] p1a: Scovillain\n|faint|p1a: Scovillain\n|-damage|p2a: Basculegion|84/100 brn|[from] Recoil\n|move|p2b: Pelipper|Hurricane|p1b: Tyranitar\n|-resisted|p1b: Tyranitar|1\n|-damage|p1b: Tyranitar|86/100\n|move|p1b: Tyranitar|Rock Slide|p2a: Basculegion|[spread] p2a,p2b\n|-supereffective|p2b: Pelipper|1\n|-damage|p2a: Basculegion|48/100 brn\n|-damage|p2b: Pelipper|10/100\n|\n|-weather|Sandstorm|[upkeep]\n|-damage|p2a: Basculegion|42/100 brn|[from] Sandstorm\n|-damage|p2b: Pelipper|4/100|[from] Sandstorm\n|-damage|p2a: Basculegion|36/100 brn|[from] brn\n|-sideend|p1: Chalice_Ebrietas|Reflect\n|upkeep\n|\n|t:|1776564152\n|switch|p1a: Excadrill|Excadrill, L50, F|100/100\n|turn|7\n|\n|t:|1776564182\n|move|p1a: Excadrill|Protect|p1a: Excadrill\n|-singleturn|p1a: Excadrill|Protect\n|move|p1b: Tyranitar|Protect|p1b: Tyranitar\n|-singleturn|p1b: Tyranitar|Protect\n|move|p2a: Basculegion|Wave Crash|p1b: Tyranitar\n|-activate|p1b: Tyranitar|move: Protect\n|move|p2b: Pelipper|Hurricane|p1a: Excadrill\n|-activate|p1a: Excadrill|move: Protect\n|\n|-weather|Sandstorm|[upkeep]\n|-damage|p2a: Basculegion|30/100 brn|[from] Sandstorm\n|-damage|p2b: Pelipper|0 fnt|[from] Sandstorm\n|faint|p2b: Pelipper\n|-damage|p2a: Basculegion|24/100 brn|[from] brn\n|upkeep\n|\n|t:|1776564198\n|switch|p2b: Sneasler|Sneasler, L50, M|47/100 brn\n|turn|8\n|\n|t:|1776564213\n|move|p1a: Excadrill|Iron Head|p2b: Sneasler\n|-damage|p2b: Sneasler|0 fnt\n|faint|p2b: Sneasler\n|move|p2a: Basculegion|Wave Crash|p1a: Excadrill\n|-supereffective|p1a: Excadrill|1\n|-damage|p1a: Excadrill|4/100\n|-damage|p2a: Basculegion|0 fnt|[from] Recoil\n|faint|p2a: Basculegion\n|\n|win|Chalice_Ebrietas\n|raw|Chalice_Ebrietas's rating: 1026 &rarr; <strong>1064</strong><br />(+38 for winning)\n|raw|Jeazoal's rating: 1048 &rarr; <strong>1030</strong><br />(-18 for losing)\n|l|\u2606Chalice_Ebrietas\n|player|p1|\n",
  "uploadtime": 1776564325,
  "views": 17,
  "formatid": "gen9championsvgc2026regma",
  "rating": 1030,
  "private": 0,
  "password": null
}