{
  "id": "gen9championsvgc2026regma-2583283311",
  "format": "[Gen 9 Champions] VGC 2026 Reg M-A",
  "players": [
    "cwhit7",
    "the great crusader"
  ],
  "log": "|j|\u2606cwhit7\n|j|\u2606the great crusader\n|t:|1776162977\n|gametype|doubles\n|player|p1|cwhit7|flint|1203\n|player|p2|the great crusader|plasmagrunt|1263\n|gen|9\n|tier|[Gen 9 Champions] VGC 2026 Reg M-A\n|rated|\n|rule|Species Clause: Limit one of each Pok\u00e9mon\n|rule|Item Clause: Limit 1 of each item\n|clearpoke\n|poke|p1|Farigiraf, L50, F|\n|poke|p1|Kingambit, L50, F|\n|poke|p1|Incineroar, L50, F|\n|poke|p1|Crabominable, L50, M|\n|poke|p1|Rotom-Wash, L50|\n|poke|p1|Meowscarada, L50, M|\n|poke|p2|Aerodactyl, L50, M|\n|poke|p2|Tyranitar, L50, M|\n|poke|p2|Sinistcha, L50|\n|poke|p2|Garchomp, L50, M|\n|poke|p2|Arcanine-Hisui, L50, M|\n|poke|p2|Milotic, L50, F|\n|teampreview|4\n|\n|t:|1776163009\n|teamsize|p1|4\n|teamsize|p2|4\n|start\n|switch|p1a: Tricky Tina|Farigiraf, L50, F|100/100\n|switch|p1b: Appliance Man|Rotom-Wash, L50, shiny|100/100\n|switch|p2a: Milotic|Milotic, L50, F|100/100\n|switch|p2b: Aerodactyl|Aerodactyl, L50, M|100/100\n|-ability|p2b: Aerodactyl|Unnerve\n|turn|1\n|\n|t:|1776163035\n|switch|p2b: Tyranitar|Tyranitar, L50, M|100/100\n|-weather|Sandstorm|[from] ability: Sand Stream|[of] p2b: Tyranitar\n|move|p1b: Appliance Man|Trick|p2a: Milotic\n|-activate|p1b: Appliance Man|move: Trick|[of] p2a: Milotic\n|-item|p2a: Milotic|Choice Scarf|[from] move: Trick\n|-item|p1b: Appliance Man|Wacan Berry|[from] move: Trick\n|move|p2a: Milotic|Hypnosis|p1a: Tricky Tina\n|-status|p1a: Tricky Tina|slp|[from] move: Hypnosis\n|cant|p1a: Tricky Tina|slp\n|\n|-weather|Sandstorm|[upkeep]\n|-damage|p2a: Milotic|95/100|[from] Sandstorm\n|-damage|p1b: Appliance Man|95/100|[from] Sandstorm\n|-damage|p1a: Tricky Tina|94/100 slp|[from] Sandstorm\n|-heal|p1a: Tricky Tina|100/100 slp|[from] item: Leftovers\n|upkeep\n|turn|2\n|\n|t:|1776163070\n|switch|p2a: Aerodactyl|Aerodactyl, L50, M|100/100\n|-ability|p2a: Aerodactyl|Unnerve\n|detailschange|p2b: Tyranitar|Tyranitar-Mega, L50, M\n|-mega|p2b: Tyranitar|Tyranitar|Tyranitarite\n|move|p2b: Tyranitar|Knock Off|p1a: Tricky Tina\n|-supereffective|p1a: Tricky Tina|1\n|-damage|p1a: Tricky Tina|0 fnt\n|-enditem|p1a: Tricky Tina|Leftovers|[from] move: Knock Off|[of] p2b: Tyranitar\n|faint|p1a: Tricky Tina\n|move|p1b: Appliance Man|Volt Switch|p2b: Tyranitar\n|-damage|p2b: Tyranitar|84/100\n|\n|t:|1776163083\n|switch|p1b: Chesch|Incineroar, L50, F, shiny|100/100|[from] Volt Switch\n|-ability|p1b: Chesch|Intimidate|boost\n|-unboost|p2a: Aerodactyl|atk|1\n|-unboost|p2b: Tyranitar|atk|1\n|\n|-weather|Sandstorm|[upkeep]\n|-damage|p1b: Chesch|95/100|[from] Sandstorm\n|upkeep\n|\n|t:|1776163088\n|switch|p1a: The Crab|Crabominable, L50, M, shiny|100/100\n|turn|3\n|\n|t:|1776163104\n|switch|p2b: Milotic|Milotic, L50, F|95/100\n|detailschange|p1a: The Crab|Crabominable-Mega, L50, M, shiny\n|-mega|p1a: The Crab|Crabominable|Crabominite\n|move|p1b: Chesch|Fake Out|p2a: Aerodactyl\n|-resisted|p2a: Aerodactyl|1\n|-damage|p2a: Aerodactyl|91/100\n|cant|p2a: Aerodactyl|flinch\n|move|p1a: The Crab|Drain Punch|p2b: Milotic\n|-damage|p2b: Milotic|47/100\n|\n|-weather|Sandstorm|[upkeep]\n|-damage|p2b: Milotic|41/100|[from] Sandstorm\n|-damage|p1b: Chesch|89/100|[from] Sandstorm\n|-damage|p1a: The Crab|95/100|[from] Sandstorm\n|upkeep\n|turn|4\n|\n|t:|1776163139\n|move|p2a: Aerodactyl|Dual Wingbeat|p1a: The Crab\n|-supereffective|p1a: The Crab|1\n|-damage|p1a: The Crab|76/100\n|-supereffective|p1a: The Crab|1\n|-damage|p1a: The Crab|58/100\n|-hitcount|p1a: The Crab|2\n|move|p2b: Milotic|Scald|p1a: The Crab\n|-damage|p1a: The Crab|37/100\n|move|p1b: Chesch|Throat Chop|p2b: Milotic\n|-damage|p2b: Milotic|13/100\n|-start|p2b: Milotic|Throat Chop|[silent]\n|move|p1a: The Crab|Ice Hammer|p2a: Aerodactyl\n|-supereffective|p2a: Aerodactyl|1\n|-damage|p2a: Aerodactyl|0 fnt\n|-unboost|p1a: The Crab|spe|1\n|faint|p2a: Aerodactyl\n|\n|-weather|Sandstorm|[upkeep]\n|-damage|p2b: Milotic|7/100|[from] Sandstorm\n|-damage|p1b: Chesch|83/100|[from] Sandstorm\n|-damage|p1a: The Crab|31/100|[from] Sandstorm\n|upkeep\n|\n|t:|1776163153\n|switch|p2a: Arcanine|Arcanine-Hisui, L50, M|100/100\n|-ability|p2a: Arcanine|Intimidate|boost\n|-unboost|p1a: The Crab|atk|1\n|-unboost|p1b: Chesch|atk|1\n|turn|5\n|\n|t:|1776163169\n|switch|p1b: Appliance Man|Rotom-Wash, L50, shiny|95/100\n|move|p1a: The Crab|Mach Punch|p2b: Milotic\n|-damage|p2b: Milotic|0 fnt\n|faint|p2b: Milotic\n|move|p2a: Arcanine|Flare Blitz|p1a: The Crab\n|-supereffective|p1a: The Crab|1\n|-damage|p1a: The Crab|0 fnt\n|faint|p1a: The Crab\n|-damage|p2a: Arcanine|88/100|[from] Recoil\n|\n|-weather|none\n|upkeep\n|\n|t:|1776163177\n|switch|p2b: Tyranitar|Tyranitar-Mega, L50, M|84/100\n|switch|p1a: Chesch|Incineroar, L50, F, shiny|83/100\n|-weather|Sandstorm|[from] ability: Sand Stream|[of] p2b: Tyranitar\n|-ability|p1a: Chesch|Intimidate|boost\n|-unboost|p2a: Arcanine|atk|1\n|-unboost|p2b: Tyranitar|atk|1\n|turn|6\n|\n|t:|1776163188\n|move|p2a: Arcanine|Protect|p2a: Arcanine\n|-singleturn|p2a: Arcanine|Protect\n|move|p2b: Tyranitar|Protect|p2b: Tyranitar\n|-singleturn|p2b: Tyranitar|Protect\n|move|p1a: Chesch|Fake Out|p2b: Tyranitar\n|-activate|p2b: Tyranitar|move: Protect\n|move|p1b: Appliance Man|Hydro Pump|p2a: Arcanine\n|-activate|p2a: Arcanine|move: Protect\n|\n|-weather|Sandstorm|[upkeep]\n|-damage|p1b: Appliance Man|89/100|[from] Sandstorm\n|-damage|p1a: Chesch|77/100|[from] Sandstorm\n|upkeep\n|turn|7\n|\n|t:|1776163205\n|move|p2a: Arcanine|Rock Slide|p1b: Appliance Man|[spread] p1a,p1b\n|-supereffective|p1a: Chesch|1\n|-damage|p1a: Chesch|47/100\n|-damage|p1b: Appliance Man|73/100\n|-enditem|p1a: Chesch|Sitrus Berry|[eat]\n|-heal|p1a: Chesch|72/100|[from] item: Sitrus Berry\n|move|p2b: Tyranitar|Rock Slide|p1b: Appliance Man|[spread] p1a,p1b\n|-supereffective|p1a: Chesch|1\n|-damage|p1a: Chesch|30/100\n|-damage|p1b: Appliance Man|53/100\n|cant|p1b: Appliance Man|flinch\n|move|p1a: Chesch|Throat Chop|p2a: Arcanine\n|-damage|p2a: Arcanine|48/100\n|-start|p2a: Arcanine|Throat Chop|[silent]\n|-enditem|p2a: Arcanine|Sitrus Berry|[eat]\n|-heal|p2a: Arcanine|73/100|[from] item: Sitrus Berry\n|\n|-weather|Sandstorm|[upkeep]\n|-damage|p1b: Appliance Man|48/100|[from] Sandstorm\n|-damage|p1a: Chesch|24/100|[from] Sandstorm\n|upkeep\n|turn|8\n|-message|cwhit7 forfeited.\n|\n|win|the great crusader\n|raw|cwhit7's rating: 1203 &rarr; <strong>1182</strong><br />(-21 for losing)\n|raw|the great crusader's rating: 1263 &rarr; <strong>1284</strong><br />(+21 for winning)\n|l|\u2606cwhit7\n|player|p1|\n",
  "uploadtime": 1776163237,
  "views": 18,
  "formatid": "gen9championsvgc2026regma",
  "rating": 1182,
  "private": 0,
  "password": null
}