{
  "id": "gen9championsvgc2026regma-2586654049",
  "format": "[Gen 9 Champions] VGC 2026 Reg M-A",
  "players": [
    "eevee1995",
    "draconious101"
  ],
  "log": "|j|\u2606eevee1995\n|j|\u2606draconious101\n|t:|1776449684\n|gametype|doubles\n|player|p1|eevee1995|pokekidf-gen8|1000\n|player|p2|draconious101|blue|1096\n|gen|9\n|tier|[Gen 9 Champions] VGC 2026 Reg M-A\n|rated|\n|rule|Species Clause: Limit one of each Pok\u00e9mon\n|rule|Item Clause: Limit 1 of each item\n|clearpoke\n|poke|p1|Alcremie-Rainbow-Swirl, L50, F|\n|poke|p1|Feraligatr, L50, F|\n|poke|p1|Florges-Blue, L50, F|\n|poke|p1|Pelipper, L50, F|\n|poke|p1|Sableye, L50, M|\n|poke|p1|Castform, L50, M|\n|poke|p2|Meganium, L50, M|\n|poke|p2|Whimsicott, L50, M|\n|poke|p2|Drampa, L50, F|\n|poke|p2|Corviknight, L50, F|\n|poke|p2|Arcanine-Hisui, L50, F|\n|poke|p2|Golurk, L50|\n|teampreview|4\n|c|\u2606eevee1995|go easy on castform\n|c|\u2606eevee1995|he's a bebe\n|\n|t:|1776449718\n|teamsize|p1|4\n|teamsize|p2|4\n|start\n|switch|p1a: not great head|Pelipper, L50, F|100/100\n|switch|p1b: Hi|Castform, L50, M, shiny|100/100\n|switch|p2a: Corviknight|Corviknight, L50, F, shiny|100/100\n|switch|p2b: Whimsicott|Whimsicott, L50, M|100/100\n|-weather|RainDance|[from] ability: Drizzle|[of] p1a: not great head\n|-formechange|p1b: Hi|Castform-Rainy|[msg]|[from] ability: Forecast\n|turn|1\n|inactive|Battle timer is ON: inactive players will automatically lose when time's up. (requested by eevee1995)\n|\n|t:|1776449732\n|switch|p2b: Drampa|Drampa, L50, F|100/100\n|-ability|p2b: Drampa|Cloud Nine\n|-formechange|p1b: Hi|Castform|[msg]|[from] ability: Forecast\n|move|p1b: Hi|Weather Ball|p2a: Corviknight\n|-resisted|p2a: Corviknight|1\n|-damage|p2a: Corviknight|90/100\n|move|p2a: Corviknight|Tailwind|p2a: Corviknight\n|-sidestart|p2: draconious101|move: Tailwind\n|move|p1a: not great head|Hurricane|p2b: Drampa\n|-damage|p2b: Drampa|58/100\n|\n|-weather|RainDance|[upkeep]\n|-heal|p2a: Corviknight|96/100|[from] item: Leftovers\n|upkeep\n|turn|2\n|c|\u2606eevee1995|you dirty grandpa\n|inactive|eevee1995 has 30 seconds left.\n|inactive|draconious101 has 30 seconds left.\n|\n|t:|1776449763\n|switch|p1b: skibidi toilet|Feraligatr, L50, F|100/100\n|move|p2a: Corviknight|Dual Wingbeat|p1a: not great head\n|-damage|p1a: not great head|84/100\n|-damage|p1a: not great head|66/100\n|-hitcount|p1a: not great head|2\n|move|p2b: Drampa|Hyper Voice|p1b: skibidi toilet|[spread] p1a,p1b\n|-damage|p1a: not great head|26/100\n|-damage|p1b: skibidi toilet|50/100\n|move|p1a: not great head|Tailwind|p1a: not great head\n|-sidestart|p1: eevee1995|move: Tailwind\n|\n|-weather|RainDance|[upkeep]\n|-heal|p2a: Corviknight|100/100|[from] item: Leftovers\n|upkeep\n|turn|3\n|c|\u2606eevee1995|iwpsy\n|\n|t:|1776449785\n|move|p2b: Drampa|Protect|p2b: Drampa\n|-singleturn|p2b: Drampa|Protect\n|move|p1b: skibidi toilet|Dragon Dance|p1b: skibidi toilet\n|-boost|p1b: skibidi toilet|atk|1\n|-boost|p1b: skibidi toilet|spe|1\n|move|p2a: Corviknight|Dual Wingbeat|p1a: not great head\n|-damage|p1a: not great head|8/100\n|-damage|p1a: not great head|0 fnt\n|faint|p1a: not great head\n|-hitcount|p1: not great head|2\n|\n|-weather|RainDance|[upkeep]\n|upkeep\n|c|\u2606eevee1995|:P\n|\n|t:|1776449794\n|switch|p1a: elegance|Florges-Blue, L50, F, shiny|100/100\n|turn|4\n|\n|t:|1776449805\n|move|p1b: skibidi toilet|Rock Slide|p2b: Drampa|[spread] p2a,p2b\n|-damage|p2a: Corviknight|67/100\n|-damage|p2b: Drampa|19/100\n|-enditem|p2b: Drampa|Sitrus Berry|[eat]\n|-heal|p2b: Drampa|44/100|[from] item: Sitrus Berry\n|move|p2a: Corviknight|Iron Head|p1a: elegance\n|-supereffective|p1a: elegance|1\n|-enditem|p1a: elegance|Babiri Berry|[eat]\n|-enditem|p1a: elegance|Babiri Berry|[weaken]\n|-damage|p1a: elegance|65/100\n|cant|p1a: elegance|flinch\n|move|p2b: Drampa|Draco Meteor|p1b: skibidi toilet\n|-crit|p1b: skibidi toilet\n|-damage|p1b: skibidi toilet|0 fnt\n|-unboost|p2b: Drampa|spa|2\n|faint|p1b: skibidi toilet\n|\n|-weather|RainDance|[upkeep]\n|-heal|p2a: Corviknight|73/100|[from] item: Leftovers\n|-sideend|p2: draconious101|move: Tailwind\n|upkeep\n|\n|t:|1776449817\n|switch|p1b: Hi|Castform, L50, M, shiny|100/100\n|turn|5\n|c|\u2606eevee1995|ok you win I guess\n|c|\u2606eevee1995|ggs lil bro\n|c|\u2606eevee1995|:P\n|\n|t:|1776449834\n|-formechange|p1b: Hi|Castform-Rainy|[msg]|[from] ability: Forecast\n|switch|p2b: Meganium|Meganium, L50, M|100/100\n|move|p1a: elegance|Helping Hand|p1b: Hi\n|-singleturn|p1b: Hi|Helping Hand|[of] p1a: elegance\n|move|p1b: Hi|Weather Ball|p1a: elegance\n|-damage|p1a: elegance|0 fnt\n|faint|p1a: elegance\n|move|p2a: Corviknight|Iron Head|p1b: Hi\n|-resisted|p1b: Hi|1\n|-damage|p1b: Hi|75/100\n|\n|-weather|none\n|-formechange|p1b: Hi|Castform|[msg]|[from] ability: Forecast\n|-heal|p2a: Corviknight|79/100|[from] item: Leftovers\n|-sideend|p1: eevee1995|move: Tailwind\n|upkeep\n|turn|6\n|c|\u2606eevee1995|oh you NINNY\n|c|\u2606eevee1995|you knew what you were doing\n|c|\u2606eevee1995|why must I suffer\n|inactive|eevee1995 has 30 seconds left.\n|\n|t:|1776449860\n|detailschange|p2b: Meganium|Meganium-Mega, L50, M\n|-mega|p2b: Meganium|Meganium|Meganiumite\n|move|p1b: Hi|Hurricane|p2b: Meganium\n|-supereffective|p2b: Meganium|1\n|-damage|p2b: Meganium|53/100\n|-start|p2b: Meganium|confusion\n|move|p2a: Corviknight|Dual Wingbeat|p1b: Hi\n|-damage|p1b: Hi|50/100\n|-damage|p1b: Hi|23/100\n|-hitcount|p1b: Hi|2\n|-activate|p2b: Meganium|confusion\n|-damage|p2b: Meganium|48/100|[from] confusion\n|\n|-heal|p2a: Corviknight|85/100|[from] item: Leftovers\n|upkeep\n|turn|7\n|\n|t:|1776449869\n|move|p1b: Hi|Hurricane|p2b: Meganium\n|-supereffective|p2b: Meganium|1\n|-damage|p2b: Meganium|0 fnt\n|faint|p2b: Meganium\n|move|p2a: Corviknight|Iron Head|p1b: Hi\n|-damage|p1b: Hi|0 fnt\n|faint|p1b: Hi\n|\n|win|draconious101\n|raw|eevee1995's rating: 1000 &rarr; <strong>1000</strong><br />(+0 for losing)\n|raw|draconious101's rating: 1096 &rarr; <strong>1115</strong><br />(+19 for winning)\n|c|\u2606eevee1995|gg\n|c|\u2606eevee1995|:(\n",
  "uploadtime": 1776449877,
  "views": 25,
  "formatid": "gen9championsvgc2026regma",
  "rating": 1000,
  "private": 0,
  "password": null
}