{
  "id": "gen9championsvgc2026regma-2582641183",
  "format": "[Gen 9 Champions] VGC 2026 Reg M-A",
  "players": [
    "RDBazryth",
    "Hoshifu"
  ],
  "log": "|j|\u2606RDBazryth\n|j|\u2606Hoshifu\n|t:|1776104391\n|gametype|doubles\n|player|p1|RDBazryth|benga|1022\n|player|p2|Hoshifu|102|1123\n|gen|9\n|tier|[Gen 9 Champions] VGC 2026 Reg M-A\n|rated|\n|rule|Species Clause: Limit one of each Pok\u00e9mon\n|rule|Item Clause: Limit 1 of each item\n|clearpoke\n|poke|p1|Golurk, L50|\n|poke|p1|Alakazam, L50, M|\n|poke|p1|Clefable, L50, M|\n|poke|p1|Sinistcha-Masterpiece, L50|\n|poke|p1|Ampharos, L50, M|\n|poke|p1|Corviknight, L50, M|\n|poke|p2|Lopunny, L50, M|\n|poke|p2|Kommo-o, L50, M|\n|poke|p2|Whimsicott, L50, F|\n|poke|p2|Zoroark-Hisui, L50, M|\n|poke|p2|Sableye, L50, M|\n|poke|p2|Weavile, L50, F|\n|teampreview|4\n|inactive|Battle timer is ON: inactive players will automatically lose when time's up. (requested by Hoshifu)\n|inactive|RDBazryth also wants the timer to be on.\nRDBazryth has agreed to open team sheets.\n|inactive|Hoshifu has 60 seconds left.\n|\n|t:|1776104429\n|teamsize|p1|4\n|teamsize|p2|4\n|start\n|switch|p1a: Golurk|Golurk, L50|100/100\n|switch|p1b: Alakazam|Alakazam, L50, M, shiny|100/100\n|switch|p2a: Weavile|Weavile, L50, F|100/100\n|switch|p2b: Sableye|Sableye, L50, M|100/100\n|turn|1\n|\n|t:|1776104452\n|move|p2b: Sableye|Helping Hand|p2a: Weavile\n|-singleturn|p2a: Weavile|Helping Hand|[of] p2b: Sableye\n|move|p1a: Golurk|Protect|p1a: Golurk\n|-singleturn|p1a: Golurk|Protect\n|move|p1b: Alakazam|Reflect|p1b: Alakazam\n|-sidestart|p1: RDBazryth|Reflect\n|move|p2a: Weavile|Shadow Ball|p1b: Alakazam\n|-supereffective|p1b: Alakazam|1\n|-damage|p1b: Alakazam|0 fnt\n|faint|p1b: Alakazam\n|\n|upkeep\n|\n|t:|1776104462\n|switch|p1b: Clefable|Clefable, L50, M|100/100\n|turn|2\n|\n|t:|1776104486\n|detailschange|p1a: Golurk|Golurk-Mega, L50\n|-mega|p1a: Golurk|Golurk|Golurkite\n|move|p1b: Clefable|Follow Me|p1b: Clefable\n|-singleturn|p1b: Clefable|move: Follow Me\n|move|p2b: Sableye|Encore|p1b: Clefable\n|-start|p1b: Clefable|Encore\n|move|p2a: Weavile|Shadow Ball|p1b: Clefable\n|-damage|p1b: Clefable|73/100\n|-unboost|p1b: Clefable|spd|1\n|move|p1a: Golurk|Close Combat|p2a: Weavile\n|-immune|p2a: Weavile\n|\n|-heal|p1b: Clefable|79/100|[from] item: Leftovers\n|upkeep\n|turn|3\n|inactive|RDBazryth has 30 seconds left.\n|inactive|Hoshifu has 30 seconds left.\n|inactive|Hoshifu has 20 seconds left.\n|\n|t:|1776104522\n|move|p1b: Clefable|Follow Me|p1b: Clefable\n|-singleturn|p1b: Clefable|move: Follow Me\n|move|p2b: Sableye|Encore||[still]\n|-fail|p2b: Sableye\n|move|p2a: Weavile|Hyper Voice|p1a: Golurk|[spread] p1b\n|-immune|p1a: Golurk\n|-damage|p1b: Clefable|40/100\n|move|p1a: Golurk|Heat Crash|p2a: Weavile\n|-damage|p2a: Weavile|11/100\n|replace|p2a: Zoroark|Zoroark-Hisui, L50, M\n|-end|p2a: Zoroark|Illusion\n|\n|-heal|p1b: Clefable|46/100|[from] item: Leftovers\n|upkeep\n|turn|4\n|inactive|RDBazryth has 30 seconds left.\n|inactive|Hoshifu has 30 seconds left.\n|\n|t:|1776104557\n|move|p1b: Clefable|Follow Me|p1b: Clefable\n|-singleturn|p1b: Clefable|move: Follow Me\n|move|p2b: Sableye|Disable|p1b: Clefable\n|-start|p1b: Clefable|Disable|Follow Me\n|move|p2a: Zoroark|Shadow Ball|p1b: Clefable\n|-damage|p1b: Clefable|4/100\n|move|p1a: Golurk|Heat Crash|p2a: Zoroark\n|-damage|p2a: Zoroark|0 fnt\n|faint|p2a: Zoroark\n|\n|-heal|p1b: Clefable|10/100|[from] item: Leftovers\n|upkeep\n|\n|t:|1776104575\n|switch|p2a: Lopunny|Lopunny, L50, M|100/100\n|turn|5\n|\n|t:|1776104590\n|switch|p1b: Sinistcha|Sinistcha-Masterpiece, L50|100/100\n|detailschange|p2a: Lopunny|Lopunny-Mega, L50, M\n|-mega|p2a: Lopunny|Lopunny|Lopunnite\n|move|p2b: Sableye|Helping Hand|p2a: Lopunny\n|-singleturn|p2a: Lopunny|Helping Hand|[of] p2b: Sableye\n|move|p1a: Golurk|Protect|p1a: Golurk\n|-singleturn|p1a: Golurk|Protect\n|move|p2a: Lopunny|Close Combat|p1a: Golurk\n|-activate|p1a: Golurk|move: Protect\n|\n|-sideend|p1: RDBazryth|Reflect\n|upkeep\n|turn|6\n|\n|t:|1776104618\n|move|p1a: Golurk|Protect|p1a: Golurk\n|-singleturn|p1a: Golurk|Protect\n|move|p1b: Sinistcha|Rage Powder|p1b: Sinistcha\n|-singleturn|p1b: Sinistcha|move: Rage Powder\n|move|p2b: Sableye|Encore|p1b: Sinistcha\n|-start|p1b: Sinistcha|Encore\n|move|p2a: Lopunny|Close Combat|p1b: Sinistcha\n|-damage|p1b: Sinistcha|48/100\n|-unboost|p2a: Lopunny|def|1\n|-unboost|p2a: Lopunny|spd|1\n|-enditem|p1b: Sinistcha|Sitrus Berry|[eat]\n|-heal|p1b: Sinistcha|72/100|[from] item: Sitrus Berry\n|\n|upkeep\n|turn|7\n|\n|t:|1776104636\n|switch|p1b: Clefable|Clefable, L50, M|10/100\n|move|p2b: Sableye|Encore|p1a: Golurk\n|-start|p1a: Golurk|Encore\n|move|p1a: Golurk|Protect||[still]\n|-fail|p1a: Golurk\n|move|p2a: Lopunny|Ice Punch|p1b: Clefable\n|-damage|p1b: Clefable|0 fnt\n|faint|p1b: Clefable\n|\n|upkeep\n|\n|t:|1776104646\n|switch|p1b: Sinistcha|Sinistcha-Masterpiece, L50|72/100\n|turn|8\n|inactive|Hoshifu has 30 seconds left.\n|inactive|RDBazryth has 30 seconds left.\n|\n|t:|1776104678\n|move|p2b: Sableye|Helping Hand|p2a: Lopunny\n|-singleturn|p2a: Lopunny|Helping Hand|[of] p2b: Sableye\n|move|p1a: Golurk|Protect|p1a: Golurk\n|-singleturn|p1a: Golurk|Protect\n|move|p2a: Lopunny|Ice Punch|p1a: Golurk\n|-activate|p1a: Golurk|move: Protect\n|move|p1b: Sinistcha|Trick Room|p1b: Sinistcha\n|-fieldstart|move: Trick Room|[of] p1b: Sinistcha\n|\n|upkeep\n|turn|9\n|\n|t:|1776104696\n|move|p1a: Golurk|Protect|p1a: Golurk\n|-singleturn|p1a: Golurk|Protect\n|move|p2b: Sableye|Encore|p1b: Sinistcha\n|-start|p1b: Sinistcha|Encore\n|move|p2a: Lopunny|Ice Punch|p1a: Golurk\n|-activate|p1a: Golurk|move: Protect\n|move|p1b: Sinistcha|Trick Room|p1b: Sinistcha\n|-fieldend|move: Trick Room\n|\n|-end|p1a: Golurk|Encore\n|upkeep\n|turn|10\n|inactive|RDBazryth has 30 seconds left.\n|\n|t:|1776104726\n|move|p2b: Sableye|Encore|p1a: Golurk\n|-start|p1a: Golurk|Encore\n|move|p1a: Golurk|Protect||[still]\n|-fail|p1a: Golurk\n|move|p2a: Lopunny|Ice Punch|p1a: Golurk\n|-supereffective|p1a: Golurk|1\n|-damage|p1a: Golurk|52/100\n|move|p1b: Sinistcha|Trick Room|p1b: Sinistcha\n|-fieldstart|move: Trick Room|[of] p1b: Sinistcha\n|\n|upkeep\n|turn|11\n|\n|t:|1776104739\n|move|p1a: Golurk|Protect|p1a: Golurk\n|-singleturn|p1a: Golurk|Protect\n|move|p2b: Sableye|Disable|p1a: Golurk\n|-activate|p1a: Golurk|move: Protect\n|move|p2a: Lopunny|Ice Punch|p1b: Sinistcha\n|-supereffective|p1b: Sinistcha|1\n|-damage|p1b: Sinistcha|30/100\n|move|p1b: Sinistcha|Trick Room|p1b: Sinistcha\n|-fieldend|move: Trick Room\n|\n|-end|p1b: Sinistcha|Encore\n|-end|p1a: Golurk|Encore\n|upkeep\n|turn|12\n|inactive|RDBazryth has 30 seconds left.\n|\n|t:|1776104766\n|move|p2b: Sableye|Encore||[still]\n|-fail|p2b: Sableye\n|move|p2a: Lopunny|Close Combat|p1b: Sinistcha\n|-damage|p1b: Sinistcha|0 fnt\n|-unboost|p2a: Lopunny|def|1\n|-unboost|p2a: Lopunny|spd|1\n|faint|p1b: Sinistcha\n|move|p1a: Golurk|Close Combat|p2a: Lopunny\n|-supereffective|p2a: Lopunny|1\n|-damage|p2a: Lopunny|0 fnt\n|-unboost|p1a: Golurk|def|1\n|-unboost|p1a: Golurk|spd|1\n|faint|p2a: Lopunny\n|\n|upkeep\n|\n|t:|1776104780\n|switch|p2a: Weavile|Weavile, L50, F|100/100\n|turn|13\n|\n|t:|1776104791\n|move|p2b: Sableye|Disable|p1a: Golurk\n|-start|p1a: Golurk|Disable|Close Combat\n|move|p2a: Weavile|Triple Axel|p1a: Golurk\n|-supereffective|p1a: Golurk|1\n|-damage|p1a: Golurk|24/100\n|-supereffective|p1a: Golurk|1\n|-damage|p1a: Golurk|0 fnt\n|faint|p1a: Golurk\n|-hitcount|p1: Golurk|2\n|\n|win|Hoshifu\n|raw|RDBazryth's rating: 1022 &rarr; <strong>1012</strong><br />(-10 for losing)\n|raw|Hoshifu's rating: 1123 &rarr; <strong>1141</strong><br />(+18 for winning)\n|l|\u2606RDBazryth\n|player|p1|\n|c|\u2606Hoshifu|gg\n",
  "uploadtime": 1776104960,
  "views": 15,
  "formatid": "gen9championsvgc2026regma",
  "rating": 1012,
  "private": 0,
  "password": null
}