{
  "id": "gen9championsvgc2026regma-2581742108",
  "format": "[Gen 9 Champions] VGC 2026 Reg M-A",
  "players": [
    "creativeworks",
    "eerrref"
  ],
  "log": "|j|\u2606creativeworks\n|j|\u2606eerrref\n|t:|1776024904\n|gametype|doubles\n|player|p1|creativeworks|rood|1045\n|player|p2|eerrref|102|1000\n|gen|9\n|tier|[Gen 9 Champions] VGC 2026 Reg M-A\n|rated|\n|rule|Species Clause: Limit one of each Pok\u00e9mon\n|rule|Item Clause: Limit 1 of each item\n|clearpoke\n|poke|p1|Gengar, L50, F|\n|poke|p1|Incineroar, L50, F|\n|poke|p1|Sinistcha, L50|\n|poke|p1|Politoed, L50, M|\n|poke|p1|Basculegion, L50, M|\n|poke|p1|Archaludon, L50, F|\n|poke|p2|Charizard, L50, M|\n|poke|p2|Whimsicott, L50, M|\n|poke|p2|Primarina, L50, M|\n|poke|p2|Krookodile, L50, F|\n|poke|p2|Clefable, L50, M|\n|poke|p2|Aegislash, L50, M|\n|teampreview|4\n|\n|t:|1776024944\n|teamsize|p1|4\n|teamsize|p2|4\n|start\n|switch|p1a: Gengar|Gengar, L50, F|100/100\n|switch|p1b: Incineroar|Incineroar, L50, F|100/100\n|switch|p2a: Whimsicott|Whimsicott, L50, M|100/100\n|switch|p2b: Primarina|Primarina, L50, M|100/100\n|-ability|p1b: Incineroar|Intimidate|boost\n|-unboost|p2a: Whimsicott|atk|1\n|-unboost|p2b: Primarina|atk|1\n|turn|1\n|\n|t:|1776024977\n|detailschange|p1a: Gengar|Gengar-Mega, L50, F\n|-mega|p1a: Gengar|Gengar|Gengarite\n|move|p1b: Incineroar|Fake Out|p2a: Whimsicott\n|-damage|p2a: Whimsicott|84/100\n|cant|p2a: Whimsicott|flinch\n|move|p1a: Gengar|Perish Song|p1a: Gengar\n|-start|p1a: Gengar|perish3|[silent]\n|-start|p1b: Incineroar|perish3|[silent]\n|-start|p2a: Whimsicott|perish3|[silent]\n|-start|p2b: Primarina|perish3|[silent]\n|-fieldactivate|move: Perish Song\n|move|p2b: Primarina|Hyper Voice|p1a: Gengar|[spread] p1a,p1b\n|-supereffective|p1b: Incineroar|1\n|-damage|p1a: Gengar|63/100\n|-damage|p1b: Incineroar|56/100\n|\n|-heal|p1b: Incineroar|62/100|[from] item: Leftovers\n|-start|p1a: Gengar|perish3\n|-start|p2a: Whimsicott|perish3\n|-start|p1b: Incineroar|perish3\n|-start|p2b: Primarina|perish3\n|upkeep\n|turn|2\n|\n|t:|1776025008\n|switch|p1b: Sinistcha|Sinistcha, L50|100/100\n|-heal|p1a: Gengar|87/100|[from] ability: Hospitality|[of] p1b: Sinistcha\n|move|p1a: Gengar|Protect|p1a: Gengar\n|-singleturn|p1a: Gengar|Protect\n|move|p2a: Whimsicott|Encore|p1a: Gengar\n|-activate|p1a: Gengar|move: Protect\n|move|p2b: Primarina|Hyper Voice|p1b: Sinistcha|[spread] p1b\n|-activate|p1a: Gengar|move: Protect\n|-resisted|p1b: Sinistcha|1\n|-damage|p1b: Sinistcha|82/100\n|\n|-start|p1a: Gengar|perish2\n|-start|p2a: Whimsicott|perish2\n|-start|p2b: Primarina|perish2\n|upkeep\n|turn|3\n|\n|t:|1776025041\n|move|p1a: Gengar|Protect|p1a: Gengar\n|-singleturn|p1a: Gengar|Protect\n|move|p1b: Sinistcha|Rage Powder|p1b: Sinistcha\n|-singleturn|p1b: Sinistcha|move: Rage Powder\n|move|p2a: Whimsicott|Encore|p1a: Gengar\n|-activate|p1a: Gengar|move: Protect\n|move|p2b: Primarina|Ice Beam|p1b: Sinistcha\n|-supereffective|p1b: Sinistcha|1\n|-damage|p1b: Sinistcha|16/100\n|\n|-start|p1a: Gengar|perish1\n|-start|p2a: Whimsicott|perish1\n|-start|p2b: Primarina|perish1\n|upkeep\n|turn|4\n|\n|t:|1776025065\n|switch|p1a: Politoed|Politoed, L50, M|100/100\n|-weather|RainDance|[from] ability: Drizzle|[of] p1a: Politoed\n|move|p2a: Whimsicott|Tailwind|p2a: Whimsicott\n|-sidestart|p2: eerrref|move: Tailwind\n|move|p2b: Primarina|Ice Beam|p1b: Sinistcha\n|-supereffective|p1b: Sinistcha|1\n|-damage|p1b: Sinistcha|0 fnt\n|faint|p1b: Sinistcha\n|\n|-weather|RainDance|[upkeep]\n|-start|p2a: Whimsicott|perish0\n|-start|p2b: Primarina|perish0\n|faint|p2a: Whimsicott\n|faint|p2b: Primarina\n|upkeep\n|\n|t:|1776025081\n|switch|p2a: Aegislash|Aegislash, L50, M|100/100\n|switch|p1b: Incineroar|Incineroar, L50, F|62/100\n|switch|p2b: Krookodile|Krookodile, L50, F|100/100\n|-ability|p2b: Krookodile|Intimidate|boost\n|-unboost|p1a: Politoed|atk|1\n|-unboost|p1b: Incineroar|atk|1\n|-ability|p1b: Incineroar|Intimidate|boost\n|-unboost|p2a: Aegislash|atk|1\n|-unboost|p2b: Krookodile|atk|1\n|turn|5\n|\n|t:|1776025115\n|move|p1b: Incineroar|Fake Out|p2b: Krookodile\n|-damage|p2b: Krookodile|92/100\n|cant|p2b: Krookodile|flinch\n|-formechange|p2a: Aegislash|Aegislash-Blade|\n|move|p2a: Aegislash|Sacred Sword|p1b: Incineroar\n|-supereffective|p1b: Incineroar|1\n|-damage|p1b: Incineroar|20/100\n|move|p1a: Politoed|Perish Song|p1a: Politoed\n|-start|p1a: Politoed|perish3|[silent]\n|-start|p1b: Incineroar|perish3|[silent]\n|-start|p2a: Aegislash|perish3|[silent]\n|-start|p2b: Krookodile|perish3|[silent]\n|-fieldactivate|move: Perish Song\n|\n|-weather|RainDance|[upkeep]\n|-heal|p1b: Incineroar|26/100|[from] item: Leftovers\n|-start|p2b: Krookodile|perish3\n|-start|p2a: Aegislash|perish3\n|-start|p1a: Politoed|perish3\n|-start|p1b: Incineroar|perish3\n|upkeep\n|turn|6\n|\n|t:|1776025144\n|move|p1a: Politoed|Protect|p1a: Politoed\n|-singleturn|p1a: Politoed|Protect\n|move|p1b: Incineroar|Protect|p1b: Incineroar\n|-singleturn|p1b: Incineroar|Protect\n|move|p2b: Krookodile|Iron Head|p1a: Politoed\n|-activate|p1a: Politoed|move: Protect\n|move|p2a: Aegislash|Sacred Sword|p1b: Incineroar\n|-activate|p1b: Incineroar|move: Protect\n|\n|-weather|RainDance|[upkeep]\n|-heal|p1b: Incineroar|32/100|[from] item: Leftovers\n|-start|p2b: Krookodile|perish2\n|-start|p2a: Aegislash|perish2\n|-start|p1a: Politoed|perish2\n|-start|p1b: Incineroar|perish2\n|upkeep\n|turn|7\n|-message|eerrref forfeited.\n|\n|win|creativeworks\n|raw|creativeworks's rating: 1045 &rarr; <strong>1074</strong><br />(+29 for winning)\n|raw|eerrref's rating: 1000 &rarr; <strong>1000</strong><br />(+0 for losing)\n|l|\u2606eerrref\n|player|p2|\n",
  "uploadtime": 1776025180,
  "views": 11,
  "formatid": "gen9championsvgc2026regma",
  "rating": 1000,
  "private": 0,
  "password": null
}