{
  "id": "gen9championsvgc2026regma-2582428589",
  "format": "[Gen 9 Champions] VGC 2026 Reg M-A",
  "players": [
    "bangolim_astuto",
    "Mameon"
  ],
  "log": "|j|\u2606bangolim_astuto\n|j|\u2606Mameon\n|t:|1776091072\n|gametype|doubles\n|player|p1|bangolim_astuto|101|1098\n|player|p2|Mameon|102|1059\n|gen|9\n|tier|[Gen 9 Champions] VGC 2026 Reg M-A\n|rated|\n|rule|Species Clause: Limit one of each Pok\u00e9mon\n|rule|Item Clause: Limit 1 of each item\n|clearpoke\n|poke|p1|Aerodactyl, L50, M|\n|poke|p1|Froslass, L50, F|\n|poke|p1|Incineroar, L50, F|\n|poke|p1|Sneasler, L50, F|\n|poke|p1|Talonflame, L50, F|\n|poke|p1|Mamoswine, L50, F|\n|poke|p2|Feraligatr, L50, F|\n|poke|p2|Incineroar, L50, M|\n|poke|p2|Kingambit, L50, M|\n|poke|p2|Farigiraf, L50, M|\n|poke|p2|Sinistcha, L50|\n|poke|p2|Volcarona, L50, F|\n|teampreview|4\nbangolim_astuto rejected open team sheets.\n|inactive|Battle timer is ON: inactive players will automatically lose when time's up. (requested by Mameon)\n|\n|t:|1776091140\n|teamsize|p1|4\n|teamsize|p2|4\n|start\n|switch|p1a: Mamoswine|Mamoswine, L50, F|100/100\n|switch|p1b: MURCEGO|Aerodactyl, L50, M|100/100\n|switch|p2a: Farigiraf|Farigiraf, L50, M, shiny|100/100\n|switch|p2b: Kingambit|Kingambit, L50, M, shiny|100/100\n|-ability|p1b: MURCEGO|Unnerve\n|turn|1\n|\n|t:|1776091164\n|detailschange|p1b: MURCEGO|Aerodactyl-Mega, L50, M\n|-mega|p1b: MURCEGO|Aerodactyl|Aerodactylite\n|move|p2b: Kingambit|Protect|p2b: Kingambit\n|-singleturn|p2b: Kingambit|Protect\n|move|p1b: MURCEGO|Crunch|p2a: Farigiraf\n|-supereffective|p2a: Farigiraf|1\n|-damage|p2a: Farigiraf|12/100\n|-unboost|p2a: Farigiraf|def|1\n|move|p1a: Mamoswine|Earthquake|p2a: Farigiraf|[spread] p2a\n|-activate|p2b: Kingambit|move: Protect\n|-immune|p1b: MURCEGO\n|-damage|p2a: Farigiraf|0 fnt\n|faint|p2a: Farigiraf\n|\n|upkeep\n|\n|t:|1776091182\n|switch|p2a: Incineroar|Incineroar, L50, M|100/100\n|-ability|p2a: Incineroar|Intimidate|boost\n|-fail|p1a: Mamoswine|unboost|Attack|[from] ability: Oblivious|[of] p1a: Mamoswine\n|-unboost|p1b: MURCEGO|atk|1\n|turn|2\n|\n|t:|1776091190\n|move|p1b: MURCEGO|Protect|p1b: MURCEGO\n|-singleturn|p1b: MURCEGO|Protect\n|move|p2a: Incineroar|Fake Out|p1a: Mamoswine\n|-damage|p1a: Mamoswine|84/100\n|cant|p1a: Mamoswine|flinch\n|move|p2b: Kingambit|Iron Head|p1a: Mamoswine\n|-supereffective|p1a: Mamoswine|1\n|-damage|p1a: Mamoswine|0 fnt\n|faint|p1a: Mamoswine\n|\n|upkeep\n|\n|t:|1776091200\n|switch|p1a: Sneasler|Sneasler, L50, F|100/100\n|turn|3\n|\n|t:|1776091217\n|switch|p2a: Feraligatr|Feraligatr, L50, F|100/100\n|move|p2b: Kingambit|Protect|p2b: Kingambit\n|-singleturn|p2b: Kingambit|Protect\n|move|p1b: MURCEGO|Rock Slide|p2b: Kingambit|[spread] \n|-activate|p2b: Kingambit|move: Protect\n|-miss|p1b: MURCEGO|p2a: Feraligatr\n|move|p1a: Sneasler|Close Combat|p2b: Kingambit\n|-activate|p2b: Kingambit|move: Protect\n|\n|upkeep\n|turn|4\n|\n|t:|1776091239\n|switch|p1a: Incineroar|Incineroar, L50, F|100/100\n|-ability|p1a: Incineroar|Intimidate|boost\n|-unboost|p2a: Feraligatr|atk|1\n|-unboost|p2b: Kingambit|atk|1\n|-ability|p2b: Kingambit|Defiant|boost\n|-boost|p2b: Kingambit|atk|2\n|switch|p2b: Incineroar|Incineroar, L50, M|100/100\n|-ability|p2b: Incineroar|Intimidate|boost\n|-unboost|p1a: Incineroar|atk|1\n|-unboost|p1b: MURCEGO|atk|1\n|detailschange|p2a: Feraligatr|Feraligatr-Mega, L50, F\n|-mega|p2a: Feraligatr|Feraligatr|Feraligite\n|move|p1b: MURCEGO|Protect|p1b: MURCEGO\n|-singleturn|p1b: MURCEGO|Protect\n|move|p2a: Feraligatr|Liquidation|p1b: MURCEGO\n|-activate|p1b: MURCEGO|move: Protect\n|\n|upkeep\n|turn|5\n|inactive|Mameon has 30 seconds left.\n|\n|t:|1776091264\n|move|p2a: Feraligatr|Protect|p2a: Feraligatr\n|-singleturn|p2a: Feraligatr|Protect\n|move|p1a: Incineroar|Fake Out|p2b: Incineroar\n|-damage|p2b: Incineroar|93/100\n|move|p1b: MURCEGO|Rock Slide|p2a: Feraligatr|[spread] p2b\n|-activate|p2a: Feraligatr|move: Protect\n|-supereffective|p2b: Incineroar|1\n|-damage|p2b: Incineroar|57/100\n|cant|p2b: Incineroar|flinch\n|\n|upkeep\n|turn|6\n|\n|t:|1776091280\n|move|p1b: MURCEGO|Protect|p1b: MURCEGO\n|-singleturn|p1b: MURCEGO|Protect\n|move|p2a: Feraligatr|Swords Dance|p2a: Feraligatr\n|-boost|p2a: Feraligatr|atk|2\n|move|p2b: Incineroar|Parting Shot|p1a: Incineroar\n|-unboost|p1a: Incineroar|atk|1\n|-unboost|p1a: Incineroar|spa|1\n|\n|t:|1776091288\n|switch|p2b: Kingambit|Kingambit, L50, M, shiny|100/100|[from] Parting Shot\n|move|p1a: Incineroar|Will-O-Wisp|p2a: Feraligatr\n|-status|p2a: Feraligatr|brn\n|\n|-damage|p2a: Feraligatr|95/100 brn|[from] brn\n|upkeep\n|turn|7\n|\n|t:|1776091299\n|move|p1b: MURCEGO|Rock Slide|p2a: Feraligatr|[spread] p2a,p2b\n|-resisted|p2b: Kingambit|1\n|-damage|p2a: Feraligatr|82/100 brn\n|-damage|p2b: Kingambit|95/100\n|cant|p2a: Feraligatr|flinch\n|move|p1a: Incineroar|Will-O-Wisp|p2b: Kingambit\n|-status|p2b: Kingambit|brn\n|move|p2b: Kingambit|Iron Head|p1b: MURCEGO\n|-supereffective|p1b: MURCEGO|1\n|-damage|p1b: MURCEGO|43/100\n|\n|-damage|p2a: Feraligatr|76/100 brn|[from] brn\n|-damage|p2b: Kingambit|89/100 brn|[from] brn\n|upkeep\n|turn|8\n|\n|t:|1776091319\n|move|p2b: Kingambit|Sucker Punch|p1b: MURCEGO\n|-damage|p1b: MURCEGO|9/100\n|move|p1b: MURCEGO|Dual Wingbeat|p2a: Feraligatr\n|-damage|p2a: Feraligatr|63/100 brn\n|-damage|p2a: Feraligatr|52/100 brn\n|-hitcount|p2a: Feraligatr|2\n|move|p2a: Feraligatr|Liquidation|p1a: Incineroar\n|-supereffective|p1a: Incineroar|1\n|-damage|p1a: Incineroar|24/100\n|-enditem|p1a: Incineroar|Sitrus Berry|[eat]\n|-heal|p1a: Incineroar|49/100|[from] item: Sitrus Berry\n|move|p1a: Incineroar|Throat Chop|p2a: Feraligatr\n|-damage|p2a: Feraligatr|39/100 brn\n|-start|p2a: Feraligatr|Throat Chop|[silent]\n|\n|-damage|p2a: Feraligatr|33/100 brn|[from] brn\n|-damage|p2b: Kingambit|83/100 brn|[from] brn\n|upkeep\n|turn|9\n|\n|t:|1776091343\n|move|p1b: MURCEGO|Protect|p1b: MURCEGO\n|-singleturn|p1b: MURCEGO|Protect\n|move|p2b: Kingambit|Sucker Punch||[still]\n|-fail|p2b: Kingambit\n|move|p2a: Feraligatr|Liquidation|p1a: Incineroar\n|-supereffective|p1a: Incineroar|1\n|-damage|p1a: Incineroar|0 fnt\n|faint|p1a: Incineroar\n|\n|-damage|p2a: Feraligatr|27/100 brn|[from] brn\n|-damage|p2b: Kingambit|77/100 brn|[from] brn\n|-end|p2a: Feraligatr|Throat Chop|[silent]\n|upkeep\n|\n|t:|1776091352\n|switch|p1a: Sneasler|Sneasler, L50, F|100/100\n|turn|10\n|\n|t:|1776091370\n|switch|p2a: Incineroar|Incineroar, L50, M|57/100\n|-ability|p2a: Incineroar|Intimidate|boost\n|-unboost|p1a: Sneasler|atk|1\n|-unboost|p1b: MURCEGO|atk|1\n|-enditem|p1a: Sneasler|White Herb\n|-clearnegativeboost|p1a: Sneasler|[silent]\n|move|p2b: Kingambit|Sucker Punch|p1b: MURCEGO\n|-damage|p1b: MURCEGO|0 fnt\n|faint|p1b: MURCEGO\n|move|p1a: Sneasler|Close Combat|p2b: Kingambit\n|-supereffective|p2b: Kingambit|2\n|-damage|p2b: Kingambit|0 fnt\n|-unboost|p1a: Sneasler|def|1\n|-unboost|p1a: Sneasler|spd|1\n|faint|p2b: Kingambit\n|\n|upkeep\n|-message|bangolim_astuto forfeited.\n|\n|win|Mameon\n|raw|bangolim_astuto's rating: 1098 &rarr; <strong>1071</strong><br />(-27 for losing)\n|raw|Mameon's rating: 1059 &rarr; <strong>1094</strong><br />(+35 for winning)\n|l|\u2606bangolim_astuto\n|player|p1|\n",
  "uploadtime": 1776091386,
  "views": 8,
  "formatid": "gen9championsvgc2026regma",
  "rating": 1071,
  "private": 0,
  "password": null
}