{
  "id": "gen9championsvgc2026regma-2585901654",
  "format": "[Gen 9 Champions] VGC 2026 Reg M-A",
  "players": [
    "kazukazumax",
    "derpybaits"
  ],
  "log": "|j|\u2606kazukazumax\n|j|\u2606derpybaits\n|t:|1776379833\n|gametype|doubles\n|player|p1|kazukazumax|169|1175\n|player|p2|derpybaits|169|1085\n|gen|9\n|tier|[Gen 9 Champions] VGC 2026 Reg M-A\n|rated|\n|rule|Species Clause: Limit one of each Pok\u00e9mon\n|rule|Item Clause: Limit 1 of each item\n|clearpoke\n|poke|p1|Garchomp, L50, F|\n|poke|p1|Charizard, L50, F|\n|poke|p1|Rotom-Wash, L50|\n|poke|p1|Whimsicott, L50, M|\n|poke|p1|Aegislash, L50, F|\n|poke|p1|Sneasler, L50, M|\n|poke|p2|Farigiraf, L50, F|\n|poke|p2|Camerupt, L50, M|\n|poke|p2|Maushold-Four, L50|\n|poke|p2|Sylveon, L50, F|\n|poke|p2|Kingambit, L50, F|\n|poke|p2|Dragonite, L50, M|\n|teampreview|4\n|\n|t:|1776379876\n|teamsize|p1|4\n|teamsize|p2|4\n|start\n|switch|p1a: Garchomp|Garchomp, L50, F|100/100\n|switch|p1b: Charizard|Charizard, L50, F|100/100\n|switch|p2a: Farigiraf|Farigiraf, L50, F|100/100\n|switch|p2b: Camerupt|Camerupt, L50, M|100/100\n|turn|1\n|\n|t:|1776379901\n|detailschange|p1b: Charizard|Charizard-Mega-Y, L50, F\n|-mega|p1b: Charizard|Charizard|Charizardite Y\n|-weather|SunnyDay|[from] ability: Drought|[of] p1b: Charizard\n|detailschange|p2b: Camerupt|Camerupt-Mega, L50, M\n|-mega|p2b: Camerupt|Camerupt|Cameruptite\n|move|p2b: Camerupt|Protect|p2b: Camerupt\n|-singleturn|p2b: Camerupt|Protect\n|move|p1b: Charizard|Heat Wave|p2a: Farigiraf|[spread] p2a\n|-activate|p2b: Camerupt|move: Protect\n|-damage|p2a: Farigiraf|33/100\n|-enditem|p2a: Farigiraf|Sitrus Berry|[eat]\n|-heal|p2a: Farigiraf|58/100|[from] item: Sitrus Berry\n|move|p1a: Garchomp|Earthquake|p2a: Farigiraf|[spread] p2a\n|-activate|p2b: Camerupt|move: Protect\n|-immune|p1b: Charizard\n|-damage|p2a: Farigiraf|13/100\n|move|p2a: Farigiraf|Trick Room|p2a: Farigiraf\n|-fieldstart|move: Trick Room|[of] p2a: Farigiraf\n|\n|-weather|SunnyDay|[upkeep]\n|upkeep\n|turn|2\n|\n|t:|1776379938\n|switch|p2b: Sylveon|Sylveon, L50, F|100/100\n|move|p2a: Farigiraf|Protect|p2a: Farigiraf\n|-singleturn|p2a: Farigiraf|Protect\n|move|p1b: Charizard|Protect|p1b: Charizard\n|-singleturn|p1b: Charizard|Protect\n|move|p1a: Garchomp|Earthquake|p2b: Sylveon|[spread] p2b\n|-activate|p1b: Charizard|move: Protect\n|-activate|p2a: Farigiraf|move: Protect\n|-damage|p2b: Sylveon|45/100\n|\n|-weather|SunnyDay|[upkeep]\n|upkeep\n|turn|3\n|\n|t:|1776379958\n|switch|p1a: Rotom|Rotom-Wash, L50|100/100\n|move|p2a: Farigiraf|Hyper Voice|p1b: Charizard|[spread] p1a,p1b\n|-damage|p1a: Rotom|59/100\n|-damage|p1b: Charizard|68/100\n|move|p2b: Sylveon|Hyper Voice|p1a: Rotom|[spread] p1a,p1b\n|-resisted|p1b: Charizard|1\n|-damage|p1a: Rotom|0 fnt\n|-damage|p1b: Charizard|40/100\n|faint|p1a: Rotom\n|move|p1b: Charizard|Heat Wave|p2b: Sylveon|[spread] p2a,p2b\n|-damage|p2a: Farigiraf|0 fnt\n|-damage|p2b: Sylveon|0 fnt\n|faint|p2a: Farigiraf\n|faint|p2b: Sylveon\n|\n|-weather|SunnyDay|[upkeep]\n|upkeep\n|\n|t:|1776379974\n|switch|p2a: Dragonite|Dragonite, L50, M|100/100\n|switch|p2b: Camerupt|Camerupt-Mega, L50, M|100/100\n|switch|p1a: Sneasler|Sneasler, L50, M|100/100\n|turn|4\n|\n|t:|1776379986\n|move|p1a: Sneasler|Fake Out|p2b: Camerupt\n|-damage|p2b: Camerupt|85/100\n|cant|p2b: Camerupt|flinch\n|move|p2a: Dragonite|Thunder Punch|p1b: Charizard\n|-supereffective|p1b: Charizard|1\n|-damage|p1b: Charizard|0 fnt\n|faint|p1b: Charizard\n|\n|-weather|SunnyDay|[upkeep]\n|upkeep\n|\n|t:|1776379997\n|switch|p1b: Garchomp|Garchomp, L50, F|100/100\n|turn|5\n|\n|t:|1776380009\n|move|p1a: Sneasler|Protect|p1a: Sneasler\n|-singleturn|p1a: Sneasler|Protect\n|move|p2b: Camerupt|Earth Power|p1a: Sneasler\n|-activate|p1a: Sneasler|move: Protect\n|move|p2a: Dragonite|Dragon Claw|p1b: Garchomp\n|-supereffective|p1b: Garchomp|1\n|-damage|p1b: Garchomp|16/100\n|-damage|p2a: Dragonite|88/100|[from] ability: Rough Skin|[of] p1b: Garchomp\n|move|p1b: Garchomp|Scale Shot|p2a: Dragonite\n|-supereffective|p2a: Dragonite|1\n|-damage|p2a: Dragonite|60/100\n|-supereffective|p2a: Dragonite|1\n|-damage|p2a: Dragonite|32/100\n|-hitcount|p2a: Dragonite|2\n|-unboost|p1b: Garchomp|def|1\n|-boost|p1b: Garchomp|spe|1\n|\n|-weather|none\n|-fieldend|move: Trick Room\n|upkeep\n|turn|6\n|\n|t:|1776380032\n|move|p2a: Dragonite|Extreme Speed|p1b: Garchomp\n|-damage|p1b: Garchomp|0 fnt\n|-damage|p2a: Dragonite|20/100|[from] ability: Rough Skin|[of] p1b: Garchomp\n|faint|p1b: Garchomp\n|move|p1a: Sneasler|Close Combat|p2b: Camerupt\n|-damage|p2b: Camerupt|17/100\n|-unboost|p1a: Sneasler|def|1\n|-unboost|p1a: Sneasler|spd|1\n|-enditem|p1a: Sneasler|White Herb\n|-clearnegativeboost|p1a: Sneasler|[silent]\n|move|p2b: Camerupt|Earth Power|p1a: Sneasler\n|-supereffective|p1a: Sneasler|1\n|-crit|p1a: Sneasler\n|-damage|p1a: Sneasler|0 fnt\n|faint|p1a: Sneasler\n|\n|win|derpybaits\n|raw|kazukazumax's rating: 1175 &rarr; <strong>1144</strong><br />(-31 for losing)\n|raw|derpybaits's rating: 1085 &rarr; <strong>1119</strong><br />(+34 for winning)\n",
  "uploadtime": 1776380042,
  "views": 17,
  "formatid": "gen9championsvgc2026regma",
  "rating": 1119,
  "private": 0,
  "password": null
}