{
  "id": "gen9championsvgc2026regma-2582558211",
  "format": "[Gen 9 Champions] VGC 2026 Reg M-A",
  "players": [
    "chusaco11",
    "Hao_poke"
  ],
  "log": "|j|\u2606chusaco11\n|j|\u2606Hao_poke\n|t:|1776099274\n|gametype|doubles\n|player|p1|chusaco11|ethan|1321\n|player|p2|Hao_poke|101|1426\n|gen|9\n|tier|[Gen 9 Champions] VGC 2026 Reg M-A\n|rated|\n|rule|Species Clause: Limit one of each Pok\u00e9mon\n|rule|Item Clause: Limit 1 of each item\n|clearpoke\n|poke|p1|Arcanine, L50, M|\n|poke|p1|Rotom-Wash, L50|\n|poke|p1|Garchomp, L50, F|\n|poke|p1|Gardevoir, L50, F|\n|poke|p1|Corviknight, L50, M|\n|poke|p1|Tyranitar, L50, F|\n|poke|p2|Mimikyu, L50, M|\n|poke|p2|Sneasler, L50, M|\n|poke|p2|Kingambit, L50, M|\n|poke|p2|Garchomp, L50, M|\n|poke|p2|Archaludon, L50, F|\n|poke|p2|Aerodactyl, L50, F|\n|teampreview|4\n|inactive|Battle timer is ON: inactive players will automatically lose when time's up. (requested by Hao_poke)\n|inactive|chusaco11 has 60 seconds left.\n|\n|t:|1776099348\n|teamsize|p1|4\n|teamsize|p2|4\n|start\n|switch|p1a: Rotom|Rotom-Wash, L50|100/100\n|switch|p1b: Tyranitar|Tyranitar, L50, F|100/100\n|switch|p2a: Mimikyu|Mimikyu, L50, M|100/100\n|switch|p2b: Kingambit|Kingambit, L50, M|100/100\n|-weather|Sandstorm|[from] ability: Sand Stream|[of] p1b: Tyranitar\n|turn|1\n|inactive|Hao_poke has 30 seconds left.\n|inactive|Hao_poke has 20 seconds left.\n|inactive|Hao_poke has 15 seconds left.\n|\n|t:|1776099389\n|move|p1a: Rotom|Thunderbolt|p2a: Mimikyu\n|-activate|p2a: Mimikyu|ability: Disguise\n|-damage|p2a: Mimikyu|100/100\n|detailschange|p2a: Mimikyu|Mimikyu-Busted, L50, M\n|-damage|p2a: Mimikyu|88/100|[from] pokemon: Mimikyu-Busted\n|move|p1b: Tyranitar|Low Kick|p2b: Kingambit\n|-supereffective|p2b: Kingambit|2\n|-enditem|p2b: Kingambit|Chople Berry|[eat]\n|-enditem|p2b: Kingambit|Chople Berry|[weaken]\n|-damage|p2b: Kingambit|53/100\n|move|p2b: Kingambit|Iron Head|p1b: Tyranitar\n|-supereffective|p1b: Tyranitar|1\n|-damage|p1b: Tyranitar|39/100\n|move|p2a: Mimikyu|Trick Room|p2a: Mimikyu\n|-fieldstart|move: Trick Room|[of] p2a: Mimikyu\n|\n|-weather|Sandstorm|[upkeep]\n|-damage|p2a: Mimikyu|82/100|[from] Sandstorm\n|-damage|p1a: Rotom|95/100|[from] Sandstorm\n|upkeep\n|turn|2\n|inactive|chusaco11 has 30 seconds left.\n|inactive|Hao_poke has 30 seconds left.\n|inactive|Hao_poke has 20 seconds left.\n|\n|t:|1776099424\n|switch|p1b: Corviknight|Corviknight, L50, M|100/100\n|move|p2b: Kingambit|Kowtow Cleave|p1a: Rotom\n|-damage|p1a: Rotom|30/100\n|move|p2a: Mimikyu|Play Rough|p1b: Corviknight\n|-resisted|p1b: Corviknight|1\n|-crit|p1b: Corviknight\n|-damage|p1b: Corviknight|83/100\n|move|p1a: Rotom|Thunderbolt|p2a: Mimikyu\n|-damage|p2a: Mimikyu|49/100\n|\n|-weather|Sandstorm|[upkeep]\n|-damage|p2a: Mimikyu|42/100|[from] Sandstorm\n|-damage|p1a: Rotom|25/100|[from] Sandstorm\n|-heal|p1b: Corviknight|89/100|[from] item: Leftovers\n|upkeep\n|turn|3\n|\n|t:|1776099446\n|move|p2b: Kingambit|Kowtow Cleave|p1a: Rotom\n|-damage|p1a: Rotom|0 fnt\n|faint|p1a: Rotom\n|move|p2a: Mimikyu|Will-O-Wisp|p1b: Corviknight\n|-status|p1b: Corviknight|brn\n|move|p1b: Corviknight|Brave Bird|p2a: Mimikyu\n|-damage|p2a: Mimikyu|17/100\n|-damage|p1b: Corviknight|82/100 brn|[from] Recoil\n|\n|-weather|Sandstorm|[upkeep]\n|-damage|p2a: Mimikyu|10/100|[from] Sandstorm\n|-heal|p1b: Corviknight|88/100 brn|[from] item: Leftovers\n|-damage|p1b: Corviknight|82/100 brn|[from] brn\n|upkeep\n|\n|t:|1776099463\n|switch|p1a: Tyranitar|Tyranitar, L50, F|39/100\n|turn|4\n|\n|t:|1776099480\n|move|p1a: Tyranitar|Protect|p1a: Tyranitar\n|-singleturn|p1a: Tyranitar|Protect\n|move|p2b: Kingambit|Iron Head|p1a: Tyranitar\n|-activate|p1a: Tyranitar|move: Protect\n|move|p2a: Mimikyu|Rain Dance|p2a: Mimikyu\n|-weather|RainDance\n|move|p1b: Corviknight|Brave Bird|p2a: Mimikyu\n|-damage|p2a: Mimikyu|0 fnt\n|faint|p2a: Mimikyu\n|-damage|p1b: Corviknight|80/100 brn|[from] Recoil\n|\n|-weather|RainDance|[upkeep]\n|-heal|p1b: Corviknight|85/100 brn|[from] item: Leftovers\n|-damage|p1b: Corviknight|80/100 brn|[from] brn\n|upkeep\n|\n|t:|1776099489\n|switch|p2a: Archaludon|Archaludon, L50, F|100/100\n|turn|5\n|\n|t:|1776099502\n|move|p2b: Kingambit|Iron Head|p1a: Tyranitar\n|-supereffective|p1a: Tyranitar|1\n|-damage|p1a: Tyranitar|0 fnt\n|faint|p1a: Tyranitar\n|move|p2a: Archaludon|Electro Shot||[still]\n|-prepare|p2a: Archaludon|Electro Shot\n|-boost|p2a: Archaludon|spa|1\n|-anim|p2a: Archaludon|Electro Shot|p1b: Corviknight\n|-supereffective|p1b: Corviknight|1\n|-damage|p1b: Corviknight|0 fnt\n|faint|p1b: Corviknight\n|\n|-weather|RainDance|[upkeep]\n|-fieldend|move: Trick Room\n|upkeep\n|\n|t:|1776099520\n|switch|p1b: Gardevoir|Gardevoir, L50, F|100/100\n|-ability|p1b: Gardevoir|Defiant|Trace|[from] ability: Trace|[of] p2b: Kingambit\n|turn|6\n|\n|t:|1776099528\n|detailschange|p1b: Gardevoir|Gardevoir-Mega, L50, F\n|-mega|p1b: Gardevoir|Gardevoir|Gardevoirite\n|move|p2b: Kingambit|Sucker Punch|p1b: Gardevoir\n|-damage|p1b: Gardevoir|45/100\n|move|p1b: Gardevoir|Hyper Voice|p2b: Kingambit|[spread] p2a,p2b\n|-damage|p2a: Archaludon|38/100\n|-damage|p2b: Kingambit|3/100\n|-ability|p2a: Archaludon|Stamina|boost\n|-boost|p2a: Archaludon|def|1\n|move|p2a: Archaludon|Flash Cannon|p1b: Gardevoir\n|-supereffective|p1b: Gardevoir|1\n|-damage|p1b: Gardevoir|0 fnt\n|faint|p1b: Gardevoir\n|\n|win|Hao_poke\n|raw|chusaco11's rating: 1321 &rarr; <strong>1307</strong><br />(-14 for losing)\n|raw|Hao_poke's rating: 1426 &rarr; <strong>1440</strong><br />(+14 for winning)\n|l|\u2606chusaco11\n|player|p1|\n|j| CARtu348rjf90\n|l|\u2606Hao_poke\n|player|p2|\n",
  "uploadtime": 1776099565,
  "views": 34,
  "formatid": "gen9championsvgc2026regma",
  "rating": 1307,
  "private": 0,
  "password": null
}