{
  "id": "gen9championsvgc2026regma-2587283521",
  "format": "[Gen 9 Champions] VGC 2026 Reg M-A",
  "players": [
    "Limey745",
    "beedrill TR"
  ],
  "log": "|j|\u2606Limey745\n|j|\u2606beedrill TR\n|t:|1776518125\n|gametype|doubles\n|player|p1|Limey745|2|1088\n|player|p2|beedrill TR|giovanni|1096\n|gen|9\n|tier|[Gen 9 Champions] VGC 2026 Reg M-A\n|rated|\n|rule|Species Clause: Limit one of each Pok\u00e9mon\n|rule|Item Clause: Limit 1 of each item\n|clearpoke\n|poke|p1|Toxapex, L50, F, shiny|\n|poke|p1|Glimmora, L50, F, shiny|\n|poke|p1|Incineroar, L50, F, shiny|\n|poke|p1|Corviknight, L50, M, shiny|\n|poke|p1|Dragapult, L50, F, shiny|\n|poke|p1|Garchomp, L50, M, shiny|\n|poke|p2|Aegislash, L50, M|\n|poke|p2|Beedrill, L50, M|\n|poke|p2|Slowbro, L50, M|\n|poke|p2|Sinistcha-Masterpiece, L50|\n|poke|p2|Incineroar, L50, M|\n|poke|p2|Sylveon, L50, M|\n|teampreview|4\n|inactive|Battle timer is ON: inactive players will automatically lose when time's up. (requested by beedrill TR)\n|inactive|Limey745 has 60 seconds left.\n|\n|t:|1776518186\n|teamsize|p1|4\n|teamsize|p2|4\n|start\n|switch|p1a: Glimmora|Glimmora, L50, F, shiny|100/100\n|switch|p1b: Dragapult|Dragapult, L50, F, shiny|100/100\n|switch|p2a: Beedrill|Beedrill, L50, M|100/100\n|switch|p2b: Aegislash|Aegislash, L50, M|100/100\n|turn|1\n|inactive|Limey745 has 30 seconds left.\n|inactive|Limey745 has 20 seconds left.\n|\n|t:|1776518222\n|detailschange|p2a: Beedrill|Beedrill-Mega, L50, M\n|-mega|p2a: Beedrill|Beedrill|Beedrillite\n|move|p1a: Glimmora|Spiky Shield|p1a: Glimmora\n|-singleturn|p1a: Glimmora|move: Protect\n|move|p2a: Beedrill|U-turn|p1b: Dragapult\n|-resisted|p1b: Dragapult|1\n|-damage|p1b: Dragapult|68/100\n|\n|t:|1776518229\n|switch|p2a: Sylveon|Sylveon, L50, M|100/100|[from] U-turn\n|move|p1b: Dragapult|Phantom Force||[still]\n|-prepare|p1b: Dragapult|Phantom Force\n|move|p2b: Aegislash|Swords Dance|p2b: Aegislash\n|-boost|p2b: Aegislash|atk|2\n|\n|upkeep\n|turn|2\n|\n|t:|1776518251\n|detailschange|p1a: Glimmora|Glimmora-Mega, L50, F, shiny\n|-mega|p1a: Glimmora|Glimmora|Glimmoranite\n|move|p2b: Aegislash|King's Shield|p2b: Aegislash\n|-singleturn|p2b: Aegislash|Protect\n|move|p1b: Dragapult|Phantom Force|p2b: Aegislash|[from] lockedmove\n|-activate|p2b: Aegislash|move: Phantom Force|[broken]\n|-supereffective|p2b: Aegislash|1\n|-damage|p2b: Aegislash|34/100\n|move|p1a: Glimmora|Sludge Bomb|p2a: Sylveon\n|-supereffective|p2a: Sylveon|1\n|-damage|p2a: Sylveon|0 fnt\n|faint|p2a: Sylveon\n|\n|upkeep\n|\n|t:|1776518269\n|switch|p2a: Beedrill|Beedrill-Mega, L50, M|100/100\n|turn|3\n|\n|t:|1776518292\n|move|p1b: Dragapult|Protect|p1b: Dragapult\n|-singleturn|p1b: Dragapult|Protect\n|move|p2a: Beedrill|U-turn|p1b: Dragapult\n|-activate|p1b: Dragapult|move: Protect\n|move|p1a: Glimmora|Earth Power|p2b: Aegislash\n|-supereffective|p2b: Aegislash|1\n|-damage|p2b: Aegislash|0 fnt\n|faint|p2b: Aegislash\n|\n|upkeep\n|\n|t:|1776518300\n|switch|p2b: Incineroar|Incineroar, L50, M|100/100\n|-ability|p2b: Incineroar|Intimidate|boost\n|-unboost|p1a: Glimmora|atk|1\n|-fail|p1b: Dragapult|unboost|[from] ability: Clear Body|[of] p1b: Dragapult\n|turn|4\n|inactive|Limey745 has 30 seconds left.\n|\n|t:|1776518335\n|move|p1a: Glimmora|Spiky Shield|p1a: Glimmora\n|-singleturn|p1a: Glimmora|move: Protect\n|move|p2a: Beedrill|Poison Jab|p1b: Dragapult\n|-resisted|p1b: Dragapult|1\n|-crit|p1b: Dragapult\n|-damage|p1b: Dragapult|15/100\n|move|p1b: Dragapult|U-turn|p2a: Beedrill\n|-resisted|p2a: Beedrill|1\n|-damage|p2a: Beedrill|77/100\n|\n|t:|1776518343\n|switch|p1b: Incineroar|Incineroar, L50, F, shiny|100/100|[from] U-turn\n|-ability|p1b: Incineroar|Intimidate|boost\n|-unboost|p2a: Beedrill|atk|1\n|-unboost|p2b: Incineroar|atk|1\n|move|p2b: Incineroar|Drain Punch|p1a: Glimmora\n|-activate|p1a: Glimmora|move: Protect\n|-damage|p2b: Incineroar|88/100|[from] Spiky Shield|[of] p1a: Glimmora\n|\n|upkeep\n|turn|5\n|inactive|Limey745 has 30 seconds left.\n|\n|t:|1776518376\n|move|p2a: Beedrill|U-turn|p1b: Incineroar\n|-damage|p1b: Incineroar|63/100\n|move|p1a: Glimmora|Power Gem|p2b: Incineroar\n|-supereffective|p2b: Incineroar|1\n|-damage|p2b: Incineroar|0 fnt\n|faint|p2b: Incineroar\n|move|p1b: Incineroar|Flare Blitz|p2a: Beedrill\n|-supereffective|p2a: Beedrill|1\n|-damage|p2a: Beedrill|0 fnt\n|faint|p2a: Beedrill\n|-damage|p1b: Incineroar|46/100|[from] Recoil\n|-enditem|p1b: Incineroar|Sitrus Berry|[eat]\n|-heal|p1b: Incineroar|70/100|[from] item: Sitrus Berry\n|\n|win|Limey745\n|raw|Limey745's rating: 1088 &rarr; <strong>1115</strong><br />(+27 for winning)\n|raw|beedrill TR's rating: 1096 &rarr; <strong>1071</strong><br />(-25 for losing)\n|l|\u2606beedrill TR\n|player|p2|\n",
  "uploadtime": 1776518391,
  "views": 16,
  "formatid": "gen9championsvgc2026regma",
  "rating": 1071,
  "private": 0,
  "password": null
}