{
  "id": "gen9championsvgc2026regma-2585208004",
  "format": "[Gen 9 Champions] VGC 2026 Reg M-A",
  "players": [
    "mait27",
    "KraHeez"
  ],
  "log": "|j|\u2606mait27\n|j|\u203dKraHeez\n|t:|1776325104\n|gametype|doubles\n|player|p1|mait27|265|1080\n|player|p2|KraHeez|eusine|1032\n|gen|9\n|tier|[Gen 9 Champions] VGC 2026 Reg M-A\n|rated|\n|rule|Species Clause: Limit one of each Pok\u00e9mon\n|rule|Item Clause: Limit 1 of each item\n|clearpoke\n|poke|p1|Tyranitar, L50, M|\n|poke|p1|Dragonite, L50, F|\n|poke|p1|Whimsicott, L50, M|\n|poke|p1|Garchomp, L50, M|\n|poke|p1|Arcanine, L50, F|\n|poke|p1|Sylveon, L50, F|\n|poke|p2|Gardevoir, L50, F|\n|poke|p2|Meowstic, L50, M|\n|poke|p2|Aerodactyl, L50, M|\n|poke|p2|Sneasler, L50, M|\n|poke|p2|Incineroar, L50, M|\n|poke|p2|Rotom-Wash, L50|\n|teampreview|4\n|\n|t:|1776325158\n|teamsize|p1|4\n|teamsize|p2|4\n|start\n|switch|p1a: Dragonite|Dragonite, L50, F|100/100\n|switch|p1b: Arcanine|Arcanine, L50, F|100/100\n|switch|p2a: Aerodactyl|Aerodactyl, L50, M, shiny|100/100\n|switch|p2b: Rotom|Rotom-Wash, L50, shiny|100/100\n|-ability|p2a: Aerodactyl|Unnerve\n|-ability|p1b: Arcanine|Intimidate|boost\n|-unboost|p2a: Aerodactyl|atk|1\n|-unboost|p2b: Rotom|atk|1\n|turn|1\n|\n|t:|1776325180\n|move|p2a: Aerodactyl|Tailwind|p2a: Aerodactyl\n|-sidestart|p2: KraHeez|move: Tailwind\n|move|p2b: Rotom|Hydro Pump|p1b: Arcanine\n|-supereffective|p1b: Arcanine|1\n|-damage|p1b: Arcanine|2/100\n|move|p1b: Arcanine|Will-O-Wisp|p2a: Aerodactyl\n|-status|p2a: Aerodactyl|brn\n|move|p1a: Dragonite|Tailwind|p1a: Dragonite\n|-sidestart|p1: mait27|move: Tailwind\n|\n|-damage|p2a: Aerodactyl|95/100 brn|[from] brn\n|upkeep\n|turn|2\n|\n|t:|1776325207\n|move|p1b: Arcanine|Helping Hand|p1a: Dragonite\n|-singleturn|p1a: Dragonite|Helping Hand|[of] p1b: Arcanine\n|move|p2a: Aerodactyl|Rock Slide|p1b: Arcanine|[spread] p1a,p1b\n|-supereffective|p1a: Dragonite|1\n|-supereffective|p1b: Arcanine|1\n|-damage|p1a: Dragonite|85/100\n|-damage|p1b: Arcanine|0 fnt\n|faint|p1b: Arcanine\n|move|p2b: Rotom|Will-O-Wisp|p1a: Dragonite\n|-status|p1a: Dragonite|brn\n|move|p1a: Dragonite|Thunderbolt|p2a: Aerodactyl\n|-supereffective|p2a: Aerodactyl|1\n|-damage|p2a: Aerodactyl|0 fnt\n|faint|p2a: Aerodactyl\n|\n|-damage|p1a: Dragonite|79/100 brn|[from] brn\n|upkeep\n|\n|t:|1776325224\n|switch|p2a: Sneasler|Sneasler, L50, M, shiny|100/100\n|switch|p1b: Tyranitar|Tyranitar, L50, M|100/100\n|-weather|Sandstorm|[from] ability: Sand Stream|[of] p1b: Tyranitar\n|turn|3\n|\n|t:|1776325240\n|move|p1b: Tyranitar|Protect|p1b: Tyranitar\n|-singleturn|p1b: Tyranitar|Protect\n|move|p2a: Sneasler|Fake Out|p1a: Dragonite\n|-damage|p1a: Dragonite|65/100 brn\n|move|p2b: Rotom|Will-O-Wisp|p1b: Tyranitar\n|-activate|p1b: Tyranitar|move: Protect\n|move|p1a: Dragonite|Thunderbolt|p2a: Sneasler\n|-damage|p2a: Sneasler|59/100\n|\n|-weather|Sandstorm|[upkeep]\n|-damage|p2a: Sneasler|53/100|[from] Sandstorm\n|-damage|p2b: Rotom|95/100|[from] Sandstorm\n|-damage|p1a: Dragonite|59/100 brn|[from] Sandstorm\n|-damage|p1a: Dragonite|53/100 brn|[from] brn\n|upkeep\n|turn|4\n|\n|t:|1776325272\n|switch|p1b: Garchomp|Garchomp, L50, M|100/100\n|move|p2a: Sneasler|Close Combat|p1b: Garchomp\n|-damage|p1b: Garchomp|32/100\n|-unboost|p2a: Sneasler|def|1\n|-unboost|p2a: Sneasler|spd|1\n|-damage|p2a: Sneasler|40/100|[from] ability: Rough Skin|[of] p1b: Garchomp\n|-enditem|p2a: Sneasler|White Herb\n|-clearnegativeboost|p2a: Sneasler|[silent]\n|move|p2b: Rotom|Thunderbolt|p1a: Dragonite\n|-damage|p1a: Dragonite|24/100 brn\n|move|p1a: Dragonite|Thunderbolt|p2a: Sneasler\n|-damage|p2a: Sneasler|0 fnt\n|faint|p2a: Sneasler\n|\n|-weather|Sandstorm|[upkeep]\n|-damage|p2b: Rotom|89/100|[from] Sandstorm\n|-damage|p1a: Dragonite|18/100 brn|[from] Sandstorm\n|-heal|p1b: Garchomp|38/100|[from] item: Leftovers\n|-damage|p1a: Dragonite|12/100 brn|[from] brn\n|-sideend|p2: KraHeez|move: Tailwind\n|-sideend|p1: mait27|move: Tailwind\n|upkeep\n|\n|t:|1776325291\n|switch|p2a: Gardevoir|Gardevoir, L50, F, shiny|100/100\n|turn|5\n|\n|t:|1776325301\n|move|p2a: Gardevoir|Protect|p2a: Gardevoir\n|-singleturn|p2a: Gardevoir|Protect\n|move|p1b: Garchomp|Rock Slide|p2a: Gardevoir|[spread] p2b\n|-activate|p2a: Gardevoir|move: Protect\n|-damage|p2b: Rotom|70/100\n|move|p2b: Rotom|Will-O-Wisp|p1b: Garchomp\n|-status|p1b: Garchomp|brn\n|move|p1a: Dragonite|Tailwind|p1a: Dragonite\n|-sidestart|p1: mait27|move: Tailwind\n|\n|-weather|Sandstorm|[upkeep]\n|-damage|p1a: Dragonite|6/100 brn|[from] Sandstorm\n|-damage|p2b: Rotom|65/100|[from] Sandstorm\n|-damage|p2a: Gardevoir|95/100|[from] Sandstorm\n|-heal|p1b: Garchomp|44/100 brn|[from] item: Leftovers\n|-damage|p1b: Garchomp|38/100 brn|[from] brn\n|-damage|p1a: Dragonite|0 fnt|[from] brn\n|faint|p1a: Dragonite\n|upkeep\n|\n|t:|1776325305\n|switch|p1a: Tyranitar|Tyranitar, L50, M|100/100\n|turn|6\n|\n|t:|1776325336\n|detailschange|p1a: Tyranitar|Tyranitar-Mega, L50, M\n|-mega|p1a: Tyranitar|Tyranitar|Tyranitarite\n|detailschange|p2a: Gardevoir|Gardevoir-Mega, L50, F, shiny\n|-mega|p2a: Gardevoir|Gardevoir|Gardevoirite\n|move|p1b: Garchomp|Rock Slide|p2b: Rotom|[spread] p2a,p2b\n|-damage|p2a: Gardevoir|81/100\n|-damage|p2b: Rotom|55/100\n|move|p1a: Tyranitar|Knock Off|p2b: Rotom\n|-damage|p2b: Rotom|0 fnt\n|-enditem|p2b: Rotom|Sitrus Berry|[from] move: Knock Off|[of] p1a: Tyranitar\n|faint|p2b: Rotom\n|move|p2a: Gardevoir|Trick Room|p2a: Gardevoir\n|-fieldstart|move: Trick Room|[of] p2a: Gardevoir\n|\n|-weather|Sandstorm|[upkeep]\n|-damage|p2a: Gardevoir|75/100|[from] Sandstorm\n|-heal|p1b: Garchomp|44/100 brn|[from] item: Leftovers\n|-damage|p1b: Garchomp|38/100 brn|[from] brn\n|upkeep\n|turn|7\n|\n|t:|1776325359\n|move|p2a: Gardevoir|Hyper Voice|p1b: Garchomp|[spread] p1a,p1b\n|-supereffective|p1a: Tyranitar|1\n|-supereffective|p1b: Garchomp|1\n|-damage|p1a: Tyranitar|32/100\n|-damage|p1b: Garchomp|0 fnt\n|faint|p1b: Garchomp\n|move|p1a: Tyranitar|Knock Off|p2a: Gardevoir\n|-damage|p2a: Gardevoir|12/100\n|\n|-weather|none\n|upkeep\n|turn|8\n|\n|t:|1776325367\n|move|p1a: Tyranitar|Protect|p1a: Tyranitar\n|-singleturn|p1a: Tyranitar|Protect\n|move|p2a: Gardevoir|Hyper Voice|p1a: Tyranitar\n|-activate|p1a: Tyranitar|move: Protect\n|\n|-sideend|p1: mait27|move: Tailwind\n|upkeep\n|turn|9\n|\n|t:|1776325375\n|move|p2a: Gardevoir|Protect|p2a: Gardevoir\n|-singleturn|p2a: Gardevoir|Protect\n|move|p1a: Tyranitar|Knock Off|p2a: Gardevoir\n|-activate|p2a: Gardevoir|move: Protect\n|\n|upkeep\n|turn|10\n|\n|t:|1776325383\n|move|p2a: Gardevoir|Protect||[still]\n|-fail|p2a: Gardevoir\n|move|p1a: Tyranitar|Protect||[still]\n|-fail|p1a: Tyranitar\n|\n|-fieldend|move: Trick Room\n|upkeep\n|turn|11\n|\n|t:|1776325390\n|move|p1a: Tyranitar|Knock Off|p2a: Gardevoir\n|-damage|p2a: Gardevoir|0 fnt\n|faint|p2a: Gardevoir\n|\n|win|mait27\n|raw|mait27's rating: 1080 &rarr; <strong>1104</strong><br />(+24 for winning)\n|raw|KraHeez's rating: 1032 &rarr; <strong>1019</strong><br />(-13 for losing)\n|c|\u2606mait27|Why did you throw?\n",
  "uploadtime": 1776325405,
  "views": 23,
  "formatid": "gen9championsvgc2026regma",
  "rating": 1019,
  "private": 0,
  "password": null
}