{
  "id": "gen9championsvgc2026regma-2580619341",
  "format": "[Gen 9 Champions] VGC 2026 Reg M-A",
  "players": [
    "Shadowghost2541",
    "Regisrex"
  ],
  "log": "|j|\u2606Shadowghost2541\n|j|\u2606Regisrex\n|t:|1775918664\n|gametype|doubles\n|player|p1|Shadowghost2541|gentleman-gen4|1118\n|player|p2|Regisrex|101|1025\n|gen|9\n|tier|[Gen 9 Champions] VGC 2026 Reg M-A\n|rated|\n|rule|Species Clause: Limit one of each Pok\u00e9mon\n|rule|Item Clause: Limit 1 of each item\n|clearpoke\n|poke|p1|Whimsicott, L50, F|\n|poke|p1|Archaludon, L50, F|\n|poke|p1|Pelipper, L50, M|\n|poke|p1|Meganium, L50, F|\n|poke|p1|Farigiraf, L50, F|\n|poke|p1|Sneasler, L50, M|\n|poke|p2|Tyranitar, L50, F|\n|poke|p2|Orthworm, L50, M|\n|poke|p2|Excadrill, L50, M|\n|poke|p2|Talonflame, L50, F|\n|poke|p2|Basculegion, L50, M|\n|poke|p2|Sinistcha-Masterpiece, L50|\n|teampreview|4\n|inactive|Battle timer is ON: inactive players will automatically lose when time's up. (requested by Regisrex)\n|\n|t:|1775918722\n|teamsize|p1|4\n|teamsize|p2|4\n|start\n|switch|p1a: Farigiraf|Farigiraf, L50, F|100/100\n|switch|p1b: Pelipper|Pelipper, L50, M|100/100\n|switch|p2a: Tyranitar|Tyranitar, L50, F, shiny|100/100\n|switch|p2b: Orthworm|Orthworm, L50, M, shiny|100/100\n|-weather|RainDance|[from] ability: Drizzle|[of] p1b: Pelipper\n|-weather|Sandstorm|[from] ability: Sand Stream|[of] p2a: Tyranitar\n|turn|1\n|inactive|Shadowghost2541 has 30 seconds left.\n|\n|t:|1775918754\n|switch|p1b: Archimus|Archaludon, L50, F|100/100\n|move|p2a: Tyranitar|Rock Slide|p1a: Farigiraf|[spread] p1a,p1b\n|-resisted|p1b: Archimus|1\n|-damage|p1a: Farigiraf|74/100\n|-damage|p1b: Archimus|88/100\n|move|p1a: Farigiraf|Imprison|p1a: Farigiraf\n|-start|p1a: Farigiraf|move: Imprison\n|move|p2b: Orthworm|Iron Defense|p2b: Orthworm\n|-boost|p2b: Orthworm|def|2\n|\n|-weather|Sandstorm|[upkeep]\n|-damage|p1a: Farigiraf|68/100|[from] Sandstorm\n|-heal|p1b: Archimus|94/100|[from] item: Leftovers\n|upkeep\n|turn|2\n|inactive|Shadowghost2541 has 30 seconds left.\n|inactive|Regisrex has 30 seconds left.\n|inactive|Regisrex has 20 seconds left.\n|\n|t:|1775918790\n|move|p1a: Farigiraf|Protect|p1a: Farigiraf\n|-singleturn|p1a: Farigiraf|Protect\n|move|p1b: Archimus|Flash Cannon|p2a: Tyranitar\n|-supereffective|p2a: Tyranitar|1\n|-damage|p2a: Tyranitar|55/100\n|move|p2a: Tyranitar|Rock Slide|p1b: Archimus|[spread] p1b\n|-activate|p1a: Farigiraf|move: Protect\n|-resisted|p1b: Archimus|1\n|-damage|p1b: Archimus|82/100\n|move|p2b: Orthworm|Shed Tail|p2b: Orthworm\n|-start|p2b: Orthworm|Substitute|[from] move: Shed Tail\n|-damage|p2b: Orthworm|50/100\n|-enditem|p2b: Orthworm|Sitrus Berry|[eat]\n|-heal|p2b: Orthworm|75/100|[from] item: Sitrus Berry\n|\n|t:|1775918802\n|switch|p2b: Excadrill|Excadrill, L50, M, shiny|100/100|[from] Shed Tail\n|\n|-weather|Sandstorm|[upkeep]\n|-damage|p1a: Farigiraf|62/100|[from] Sandstorm\n|-heal|p1b: Archimus|88/100|[from] item: Leftovers\n|upkeep\n|turn|3\n|inactive|Regisrex has 30 seconds left.\n|\n|t:|1775918836\n|switch|p2a: Orthworm|Orthworm, L50, M, shiny|75/100\n|move|p1b: Archimus|Protect|p1b: Archimus\n|-singleturn|p1b: Archimus|Protect\n|move|p2b: Excadrill|Earthquake|p1b: Archimus|[spread] p1a\n|-activate|p1b: Archimus|move: Protect\n|-heal|p2a: Orthworm|99/100|[from] ability: Earth Eater|[of] p2b: Excadrill\n|-damage|p1a: Farigiraf|20/100\n|move|p1a: Farigiraf|Trick Room|p1a: Farigiraf\n|-fieldstart|move: Trick Room|[of] p1a: Farigiraf\n|\n|-weather|Sandstorm|[upkeep]\n|-damage|p1a: Farigiraf|14/100|[from] Sandstorm\n|-heal|p1b: Archimus|94/100|[from] item: Leftovers\n|upkeep\n|turn|4\n|inactive|Shadowghost2541 has 30 seconds left.\n|\n|t:|1775918865\n|move|p2a: Orthworm|Iron Defense|p2a: Orthworm\n|-boost|p2a: Orthworm|def|2\n|move|p1a: Farigiraf|Hyper Voice|p2a: Orthworm|[spread] p2a,p2b\n|-resisted|p2a: Orthworm|1\n|-resisted|p2b: Excadrill|1\n|-damage|p2a: Orthworm|83/100\n|-damage|p2b: Excadrill|84/100\n|move|p1b: Archimus|Electro Shot||[still]\n|-prepare|p1b: Archimus|Electro Shot\n|-boost|p1b: Archimus|spa|1\n|move|p2b: Excadrill|Earthquake|p1a: Farigiraf|[spread] p1a,p1b\n|-heal|p2a: Orthworm|100/100|[from] ability: Earth Eater|[of] p2b: Excadrill\n|-supereffective|p1b: Archimus|1\n|-damage|p1a: Farigiraf|0 fnt\n|-damage|p1b: Archimus|14/100\n|faint|p1a: Farigiraf\n|\n|-weather|Sandstorm|[upkeep]\n|-heal|p1b: Archimus|20/100|[from] item: Leftovers\n|upkeep\n|\n|t:|1775918885\n|switch|p1a: Pelipper|Pelipper, L50, M|100/100\n|-weather|RainDance|[from] ability: Drizzle|[of] p1a: Pelipper\n|turn|5\n|\n|t:|1775918904\n|move|p2a: Orthworm|Body Press|p1b: Archimus\n|-supereffective|p1b: Archimus|1\n|-damage|p1b: Archimus|0 fnt\n|faint|p1b: Archimus\n|move|p1a: Pelipper|Weather Ball|p2b: Excadrill\n|-supereffective|p2b: Excadrill|1\n|-end|p2b: Excadrill|Substitute\n|move|p2b: Excadrill|Earthquake|p1a: Pelipper|[spread] \n|-immune|p2a: Orthworm|[from] ability: Earth Eater\n|-immune|p1a: Pelipper\n|\n|-weather|RainDance|[upkeep]\n|upkeep\n|\n|t:|1775918912\n|switch|p1b: Sneasler|Sneasler, L50, M|100/100\n|turn|6\n|\n|t:|1775918936\n|move|p2b: Excadrill|Protect|p2b: Excadrill\n|-singleturn|p2b: Excadrill|Protect\n|move|p1b: Sneasler|Fake Out|p2a: Orthworm\n|-resisted|p2a: Orthworm|1\n|-damage|p2a: Orthworm|98/100\n|cant|p2a: Orthworm|flinch\n|move|p1a: Pelipper|Weather Ball|p2b: Excadrill\n|-activate|p2b: Excadrill|move: Protect\n|\n|-weather|RainDance|[upkeep]\n|upkeep\n|turn|7\n|\n|t:|1775918950\n|move|p2a: Orthworm|Shed Tail|p2a: Orthworm\n|-start|p2a: Orthworm|Substitute|[from] move: Shed Tail\n|-damage|p2a: Orthworm|47/100\n|\n|t:|1775918953\n|switch|p2a: Tyranitar|Tyranitar, L50, F, shiny|55/100|[from] Shed Tail\n|-weather|Sandstorm|[from] ability: Sand Stream|[of] p2a: Tyranitar\n|move|p1a: Pelipper|Weather Ball|p2b: Excadrill\n|-resisted|p2b: Excadrill|2\n|-damage|p2b: Excadrill|73/100\n|move|p1b: Sneasler|Close Combat|p2a: Tyranitar\n|-supereffective|p2a: Tyranitar|2\n|-end|p2a: Tyranitar|Substitute\n|-unboost|p1b: Sneasler|def|1\n|-unboost|p1b: Sneasler|spd|1\n|move|p2b: Excadrill|Earthquake|p1b: Sneasler|[spread] p2a,p1b\n|-immune|p1a: Pelipper\n|-supereffective|p2a: Tyranitar|1\n|-supereffective|p1b: Sneasler|1\n|-damage|p2a: Tyranitar|0 fnt\n|-enditem|p1b: Sneasler|Focus Sash\n|-damage|p1b: Sneasler|1/100\n|faint|p2a: Tyranitar\n|\n|-weather|Sandstorm|[upkeep]\n|-damage|p1a: Pelipper|95/100|[from] Sandstorm\n|-damage|p1b: Sneasler|0 fnt|[from] Sandstorm\n|faint|p1b: Sneasler\n|-fieldend|move: Trick Room\n|upkeep\n|-message|Shadowghost2541 forfeited.\n|\n|win|Regisrex\n|raw|Shadowghost2541's rating: 1118 &rarr; <strong>1086</strong><br />(-32 for losing)\n|raw|Regisrex's rating: 1025 &rarr; <strong>1071</strong><br />(+46 for winning)\n|l|\u2606Shadowghost2541\n|player|p1|\n|l|\u2606Regisrex\n|player|p2|\n|j|\u2606Shadowghost2541\n|player|p1|Shadowghost2541|gentleman-gen4|\n|l|\u2606Shadowghost2541\n|player|p1|\n|j|\u2606Shadowghost2541\n|player|p1|Shadowghost2541|gentleman-gen4|\n",
  "uploadtime": 1775919127,
  "views": 24,
  "formatid": "gen9championsvgc2026regma",
  "rating": 1071,
  "private": 0,
  "password": null
}