{
  "id": "gen9championsvgc2026regma-2586509608",
  "format": "[Gen 9 Champions] VGC 2026 Reg M-A",
  "players": [
    "Dinz77",
    "zlatanlotbrock"
  ],
  "log": "|j|\u2606Dinz77\n|j|\u2606zlatanlotbrock\n|t:|1776439572\n|gametype|doubles\n|player|p1|Dinz77|2|1167\n|player|p2|zlatanlotbrock|170|1240\n|gen|9\n|tier|[Gen 9 Champions] VGC 2026 Reg M-A\n|rated|\n|rule|Species Clause: Limit one of each Pok\u00e9mon\n|rule|Item Clause: Limit 1 of each item\n|clearpoke\n|poke|p1|Heracross, L50, M|\n|poke|p1|Whimsicott, L50, F|\n|poke|p1|Politoed, L50, M|\n|poke|p1|Basculegion, L50, M|\n|poke|p1|Incineroar, L50, F|\n|poke|p1|Archaludon, L50, F|\n|poke|p2|Blastoise, L50, F|\n|poke|p2|Farigiraf, L50, F|\n|poke|p2|Sinistcha, L50|\n|poke|p2|Torkoal, L50, F|\n|poke|p2|Ampharos, L50, M|\n|poke|p2|Tsareena, L50, F|\n|teampreview|4\nDinz77 has agreed to open team sheets.\n|inactive|Battle timer is ON: inactive players will automatically lose when time's up. (requested by zlatanlotbrock)\n|\n|t:|1776439600\n|teamsize|p1|4\n|teamsize|p2|4\n|start\n|switch|p1a: Incineroar|Incineroar, L50, F|100/100\n|switch|p1b: Heracross|Heracross, L50, M|100/100\n|switch|p2a: Blastoise|Blastoise, L50, F|100/100\n|switch|p2b: Farigiraf|Farigiraf, L50, F|100/100\n|-ability|p1a: Incineroar|Intimidate|boost\n|-unboost|p2a: Blastoise|atk|1\n|-unboost|p2b: Farigiraf|atk|1\n|turn|1\n|inactive|Dinz77 has 30 seconds left.\n|inactive|Dinz77 has 20 seconds left.\n|inactive|Dinz77 has 15 seconds left.\n|inactive|Dinz77 has 10 seconds left.\n|\n|t:|1776439648\n|detailschange|p1b: Heracross|Heracross-Mega, L50, M\n|-mega|p1b: Heracross|Heracross|Heracronite\n|move|p2a: Blastoise|Fake Out|p1b: Heracross\n|-damage|p1b: Heracross|95/100\n|cant|p1b: Heracross|flinch\n|move|p1a: Incineroar|Throat Chop|p2b: Farigiraf\n|-supereffective|p2b: Farigiraf|1\n|-damage|p2b: Farigiraf|48/100\n|-start|p2b: Farigiraf|Throat Chop|[silent]\n|-enditem|p2b: Farigiraf|Sitrus Berry|[eat]\n|-heal|p2b: Farigiraf|73/100|[from] item: Sitrus Berry\n|move|p2b: Farigiraf|Trick Room|p2b: Farigiraf\n|-fieldstart|move: Trick Room|[of] p2b: Farigiraf\n|\n|upkeep\n|turn|2\n|inactive|Dinz77 has 30 seconds left.\n|inactive|Dinz77 has 20 seconds left.\n|inactive|Dinz77 has 15 seconds left.\n|\n|t:|1776439689\n|detailschange|p2a: Blastoise|Blastoise-Mega, L50, F\n|-mega|p2a: Blastoise|Blastoise|Blastoisinite\n|move|p1b: Heracross|Detect|p1b: Heracross\n|-singleturn|p1b: Heracross|Protect\n|move|p1a: Incineroar|Parting Shot|p2a: Blastoise\n|-unboost|p2a: Blastoise|atk|1\n|-unboost|p2a: Blastoise|spa|1\n|\n|t:|1776439703\n|switch|p1a: Archaludon|Archaludon, L50, F|100/100|[from] Parting Shot\n|move|p2b: Farigiraf|Rain Dance|p2b: Farigiraf\n|-weather|RainDance\n|move|p2a: Blastoise|Water Spout|p1a: Archaludon|[spread] p1a\n|-activate|p1b: Heracross|move: Protect\n|-resisted|p1a: Archaludon|1\n|-damage|p1a: Archaludon|56/100\n|\n|-weather|RainDance|[upkeep]\n|-end|p2b: Farigiraf|Throat Chop|[silent]\n|upkeep\n|turn|3\n|inactive|Dinz77 has 30 seconds left.\n|\n|t:|1776439736\n|switch|p1b: Incineroar|Incineroar, L50, F|100/100\n|-ability|p1b: Incineroar|Intimidate|boost\n|-unboost|p2a: Blastoise|atk|1\n|-unboost|p2b: Farigiraf|atk|1\n|move|p2b: Farigiraf|Helping Hand|p2a: Blastoise\n|-singleturn|p2a: Blastoise|Helping Hand|[of] p2b: Farigiraf\n|move|p2a: Blastoise|Water Spout|p1b: Incineroar|[spread] p1a,p1b\n|-resisted|p1a: Archaludon|1\n|-supereffective|p1b: Incineroar|1\n|-damage|p1a: Archaludon|0 fnt\n|-damage|p1b: Incineroar|0 fnt\n|faint|p1a: Archaludon\n|faint|p1b: Incineroar\n|\n|-weather|RainDance|[upkeep]\n|upkeep\n|\n|t:|1776439744\n|switch|p1b: Heracross|Heracross-Mega, L50, M|95/100\n|switch|p1a: Politoed|Politoed, L50, M|100/100\n|turn|4\n|\n|t:|1776439759\n|move|p2b: Farigiraf|Helping Hand|p2a: Blastoise\n|-singleturn|p2a: Blastoise|Helping Hand|[of] p2b: Farigiraf\n|move|p2a: Blastoise|Dark Pulse|p1a: Politoed\n|-damage|p1a: Politoed|60/100\n|move|p1a: Politoed|Weather Ball|p2b: Farigiraf\n|-damage|p2b: Farigiraf|26/100\n|move|p1b: Heracross|Pin Missile|p2a: Blastoise\n|-damage|p2a: Blastoise|84/100\n|-damage|p2a: Blastoise|69/100\n|-damage|p2a: Blastoise|53/100\n|-damage|p2a: Blastoise|38/100\n|-damage|p2a: Blastoise|23/100\n|-hitcount|p2a: Blastoise|5\n|\n|-weather|RainDance|[upkeep]\n|-heal|p1a: Politoed|66/100|[from] item: Leftovers\n|upkeep\n|turn|5\n|inactive|Dinz77 has 30 seconds left.\n|inactive|Dinz77 has 20 seconds left.\n|inactive|zlatanlotbrock has 30 seconds left.\n|inactive|Dinz77 has 15 seconds left.\n|inactive|Dinz77 has 10 seconds left.\n|inactive|Dinz77 has 5 seconds left.\n|\n|t:|1776439814\n|move|p2b: Farigiraf|Helping Hand|p2a: Blastoise\n|-singleturn|p2a: Blastoise|Helping Hand|[of] p2b: Farigiraf\n|move|p1a: Politoed|Protect|p1a: Politoed\n|-singleturn|p1a: Politoed|Protect\n|move|p1b: Heracross|Detect|p1b: Heracross\n|-singleturn|p1b: Heracross|Protect\n|move|p2a: Blastoise|Water Pulse|p1b: Heracross\n|-activate|p1b: Heracross|move: Protect\n|\n|-weather|RainDance|[upkeep]\n|-heal|p1a: Politoed|72/100|[from] item: Leftovers\n|-fieldend|move: Trick Room\n|upkeep\n|turn|6\n|c|\u2606Dinz77|wut\n|inactive|zlatanlotbrock has 30 seconds left.\n|\n|t:|1776439840\n|switch|p2a: Sinistcha|Sinistcha, L50|100/100\n|-heal|p2b: Farigiraf|51/100|[from] ability: Hospitality|[of] p2a: Sinistcha\n|move|p1b: Heracross|Pin Missile|p2a: Sinistcha\n|-damage|p2a: Sinistcha|85/100\n|-damage|p2a: Sinistcha|68/100\n|-damage|p2a: Sinistcha|51/100\n|-damage|p2a: Sinistcha|34/100\n|-damage|p2a: Sinistcha|17/100\n|-hitcount|p2a: Sinistcha|5\n|move|p1a: Politoed|Weather Ball|p2b: Farigiraf\n|-damage|p2b: Farigiraf|2/100\n|move|p2b: Farigiraf|Trick Room|p2b: Farigiraf\n|-fieldstart|move: Trick Room|[of] p2b: Farigiraf\n|\n|-weather|none\n|-heal|p1a: Politoed|78/100|[from] item: Leftovers\n|upkeep\n|turn|7\n|c|\u2606Dinz77|that's not what i clicked last turn\n|\n|t:|1776439863\n|move|p2b: Farigiraf|Helping Hand|p2a: Sinistcha\n|-singleturn|p2a: Sinistcha|Helping Hand|[of] p2b: Farigiraf\n|move|p1b: Heracross|Detect|p1b: Heracross\n|-singleturn|p1b: Heracross|Protect\n|move|p1a: Politoed|Icy Wind|p2b: Farigiraf|[spread] p2a,p2b\n|-supereffective|p2a: Sinistcha|1\n|-damage|p2a: Sinistcha|0 fnt\n|-damage|p2b: Farigiraf|0 fnt\n|faint|p2a: Sinistcha\n|faint|p2b: Farigiraf\n|\n|-heal|p1a: Politoed|84/100|[from] item: Leftovers\n|upkeep\n|\n|t:|1776439870\n|switch|p2b: Ampharos|Ampharos, L50, M|100/100\n|switch|p2a: Blastoise|Blastoise-Mega, L50, F|23/100\n|turn|8\n|inactive|Dinz77 has 30 seconds left.\n|inactive|zlatanlotbrock has 30 seconds left.\n|inactive|Dinz77 has 20 seconds left.\n|inactive|Dinz77 has 15 seconds left.\n|inactive|Dinz77 has 10 seconds left.\n|\n|t:|1776439916\n|move|p2a: Blastoise|Fake Out|p1b: Heracross\n|-damage|p1b: Heracross|85/100\n|move|p1a: Politoed|Weather Ball|p2b: Ampharos\n|-damage|p2b: Ampharos|89/100\n|move|p2b: Ampharos|Volt Switch|p1b: Heracross\n|-damage|p1b: Heracross|51/100\n|cant|p1b: Heracross|flinch\n|\n|-heal|p1a: Politoed|90/100|[from] item: Leftovers\n|upkeep\n|turn|9\n|\n|t:|1776439940\n|move|p2a: Blastoise|Dark Pulse|p1a: Politoed\n|-damage|p1a: Politoed|50/100\n|move|p2b: Ampharos|Volt Switch|p1a: Politoed\n|-supereffective|p1a: Politoed|1\n|-damage|p1a: Politoed|0 fnt\n|faint|p1a: Politoed\n|move|p1b: Heracross|Pin Missile|p2a: Blastoise\n|-crit|p2a: Blastoise\n|-damage|p2a: Blastoise|0 fnt\n|faint|p2a: Blastoise\n|-hitcount|p2: Blastoise|1\n|\n|upkeep\n|turn|10\n|\n|t:|1776439950\n|move|p1b: Heracross|Detect|p1b: Heracross\n|-singleturn|p1b: Heracross|Protect\n|move|p2b: Ampharos|Volt Switch|p1b: Heracross\n|-activate|p1b: Heracross|move: Protect\n|\n|-fieldend|move: Trick Room\n|upkeep\n|turn|11\n|\n|t:|1776439971\n|move|p1b: Heracross|Close Combat|p2b: Ampharos\n|-damage|p2b: Ampharos|10/100\n|-unboost|p1b: Heracross|def|1\n|-unboost|p1b: Heracross|spd|1\n|move|p2b: Ampharos|Dragon Pulse|p1b: Heracross\n|-damage|p1b: Heracross|6/100\n|\n|upkeep\n|turn|12\n|\n|t:|1776439981\n|move|p1b: Heracross|Close Combat|p2b: Ampharos\n|-damage|p2b: Ampharos|0 fnt\n|-unboost|p1b: Heracross|def|1\n|-unboost|p1b: Heracross|spd|1\n|faint|p2b: Ampharos\n|\n|win|Dinz77\n|raw|Dinz77's rating: 1167 &rarr; <strong>1197</strong><br />(+30 for winning)\n|raw|zlatanlotbrock's rating: 1240 &rarr; <strong>1210</strong><br />(-30 for losing)\n|c|\u2606Dinz77|gg\n",
  "uploadtime": 1776439987,
  "views": 39,
  "formatid": "gen9championsvgc2026regma",
  "rating": 1197,
  "private": 0,
  "password": null
}