{
  "id": "gen9championsvgc2026regma-2584811882",
  "format": "[Gen 9 Champions] VGC 2026 Reg M-A",
  "players": [
    "JoeMomma12",
    "eevee1ynn"
  ],
  "log": "|j|\u2606JoeMomma12\n|j|\u2606eevee1ynn\n|t:|1776285468\n|gametype|doubles\n|player|p1|JoeMomma12|101|1172\n|player|p2|eevee1ynn|lass-gen8|1228\n|gen|9\n|tier|[Gen 9 Champions] VGC 2026 Reg M-A\n|rated|\n|rule|Species Clause: Limit one of each Pok\u00e9mon\n|rule|Item Clause: Limit 1 of each item\n|clearpoke\n|poke|p1|Tyranitar, L50, M|\n|poke|p1|Garchomp, L50, M|\n|poke|p1|Aerodactyl, L50, F|\n|poke|p1|Orthworm, L50, M|\n|poke|p1|Rotom-Wash, L50|\n|poke|p1|Sneasler, L50, M|\n|poke|p2|Altaria, L50, F|\n|poke|p2|Talonflame, L50, M|\n|poke|p2|Excadrill, L50, F|\n|poke|p2|Milotic, L50, F|\n|poke|p2|Sinistcha, L50|\n|poke|p2|Incineroar, L50, M|\n|teampreview|4\nJoeMomma12 rejected open team sheets.\n|\n|t:|1776285513\n|teamsize|p1|4\n|teamsize|p2|4\n|start\n|switch|p1a: Sneasler|Sneasler, L50, M|100/100\n|switch|p1b: Aerodactyl|Aerodactyl, L50, F|100/100\n|switch|p2a: Talonflame|Talonflame, L50, M|100/100\n|switch|p2b: Excadrill|Excadrill, L50, F|100/100\n|-ability|p1b: Aerodactyl|Unnerve\n|-ability|p2b: Excadrill|Mold Breaker\n|turn|1\n|\n|t:|1776285546\n|move|p2a: Talonflame|Protect|p2a: Talonflame\n|-singleturn|p2a: Talonflame|Protect\n|move|p1a: Sneasler|Fake Out|p2a: Talonflame\n|-activate|p2a: Talonflame|move: Protect\n|move|p2b: Excadrill|High Horsepower|p1a: Sneasler\n|-supereffective|p1a: Sneasler|1\n|-damage|p1a: Sneasler|0 fnt\n|faint|p1a: Sneasler\n|move|p1b: Aerodactyl|Tailwind|p1b: Aerodactyl\n|-sidestart|p1: JoeMomma12|move: Tailwind\n|\n|upkeep\n|\n|t:|1776285557\n|switch|p1a: Garchomp|Garchomp, L50, M|100/100\n|turn|2\n|\n|t:|1776285564\n|switch|p2b: Milotic|Milotic, L50, F|100/100\n|move|p2a: Talonflame|Tailwind|p2a: Talonflame\n|-sidestart|p2: eevee1ynn|move: Tailwind\n|move|p1b: Aerodactyl|Rock Slide|p2b: Milotic|[spread] p2a,p2b\n|-supereffective|p2a: Talonflame|2\n|-damage|p2a: Talonflame|0 fnt\n|-damage|p2b: Milotic|79/100\n|faint|p2a: Talonflame\n|move|p1a: Garchomp|Swords Dance|p1a: Garchomp\n|-boost|p1a: Garchomp|atk|2\n|\n|-heal|p2b: Milotic|85/100|[from] item: Leftovers\n|upkeep\n|\n|t:|1776285573\n|switch|p2a: Altaria|Altaria, L50, F|100/100\n|-ability|p2a: Altaria|Cloud Nine\n|turn|3\n|\n|t:|1776285587\n|detailschange|p2a: Altaria|Altaria-Mega, L50, F\n|-mega|p2a: Altaria|Altaria|Altarianite\n|move|p2b: Milotic|Protect|p2b: Milotic\n|-singleturn|p2b: Milotic|Protect\n|move|p1b: Aerodactyl|Rock Slide|p2b: Milotic|[spread] p2a\n|-activate|p2b: Milotic|move: Protect\n|-damage|p2a: Altaria|79/100\n|move|p1a: Garchomp|Earthquake|p2b: Milotic|[spread] p2a\n|-activate|p2b: Milotic|move: Protect\n|-immune|p1b: Aerodactyl\n|-damage|p2a: Altaria|1/100\n|cant|p2a: Altaria|flinch\n|\n|-heal|p2b: Milotic|91/100|[from] item: Leftovers\n|upkeep\n|turn|4\n|\n|t:|1776285604\n|move|p2a: Altaria|Protect|p2a: Altaria\n|-singleturn|p2a: Altaria|Protect\n|move|p1b: Aerodactyl|Rock Slide|p2b: Milotic|[spread] p2b\n|-activate|p2a: Altaria|move: Protect\n|-damage|p2b: Milotic|70/100\n|move|p1a: Garchomp|Earthquake|p2b: Milotic|[spread] p2b\n|-activate|p2a: Altaria|move: Protect\n|-immune|p1b: Aerodactyl\n|-damage|p2b: Milotic|0 fnt\n|faint|p2b: Milotic\n|\n|-sideend|p1: JoeMomma12|move: Tailwind\n|upkeep\n|\n|t:|1776285609\n|switch|p2b: Excadrill|Excadrill, L50, F|100/100\n|-ability|p2b: Excadrill|Mold Breaker\n|turn|5\n|\n|t:|1776285625\n|move|p2b: Excadrill|Iron Head|p1b: Aerodactyl\n|-supereffective|p1b: Aerodactyl|1\n|-enditem|p1b: Aerodactyl|Focus Sash\n|-damage|p1b: Aerodactyl|1/100\n|move|p2a: Altaria|Hyper Voice|p1a: Garchomp|[spread] p1a,p1b\n|-supereffective|p1a: Garchomp|1\n|-damage|p1a: Garchomp|33/100\n|-damage|p1b: Aerodactyl|0 fnt\n|faint|p1b: Aerodactyl\n|move|p1a: Garchomp|Earthquake|p2b: Excadrill|[spread] p2a,p2b\n|-supereffective|p2b: Excadrill|1\n|-damage|p2a: Altaria|0 fnt\n|-damage|p2b: Excadrill|0 fnt\n|faint|p2a: Altaria\n|faint|p2b: Excadrill\n|\n|win|JoeMomma12\n|raw|JoeMomma12's rating: 1172 &rarr; <strong>1201</strong><br />(+29 for winning)\n|raw|eevee1ynn's rating: 1228 &rarr; <strong>1199</strong><br />(-29 for losing)\n",
  "uploadtime": 1776285625,
  "views": 20,
  "formatid": "gen9championsvgc2026regma",
  "rating": 1199,
  "private": 0,
  "password": null
}