{
  "id": "gen9championsvgc2026regma-2580447256",
  "format": "[Gen 9 Champions] VGC 2026 Reg M-A",
  "players": [
    "ThePyukumukuLover",
    "sr.poke100%"
  ],
  "log": "|j|\u2606ThePyukumukuLover\n|j|\u2606sr.poke100%\n|t:|1775897945\n|gametype|doubles\n|player|p1|ThePyukumukuLover|steven|1000\n|player|p2|sr.poke100%|ghetsis-gen5bw|1045\n|gen|9\n|tier|[Gen 9 Champions] VGC 2026 Reg M-A\n|rated|\n|rule|Species Clause: Limit one of each Pok\u00e9mon\n|rule|Item Clause: Limit 1 of each item\n|clearpoke\n|poke|p1|Meganium, L50, F|\n|poke|p1|Incineroar, L50, M|\n|poke|p1|Whimsicott, L50, M|\n|poke|p1|Garchomp, L50, M|\n|poke|p1|Dragonite, L50, M|\n|poke|p1|Arcanine, L50, F|\n|poke|p2|Pelipper, L50, F|\n|poke|p2|Basculegion, L50, M|\n|poke|p2|Meganium, L50, M|\n|poke|p2|Raichu, L50, F|\n|poke|p2|Archaludon, L50, M|\n|poke|p2|Sylveon, L50, F|\n|teampreview|4\n|inactive|Battle timer is ON: inactive players will automatically lose when time's up. (requested by sr.poke100%)\n|\n|t:|1775897997\n|teamsize|p1|4\n|teamsize|p2|4\n|start\n|switch|p1a: Incineroar|Incineroar, L50, M, shiny|100/100\n|switch|p1b: Whimsicott|Whimsicott, L50, M, shiny|100/100\n|switch|p2a: Raichu|Raichu, L50, F|100/100\n|switch|p2b: Meganium|Meganium, L50, M|100/100\n|-ability|p1a: Incineroar|Intimidate|boost\n|-unboost|p2a: Raichu|atk|1\n|-unboost|p2b: Meganium|atk|1\n|turn|1\n|\n|t:|1775898014\n|detailschange|p2b: Meganium|Meganium-Mega, L50, M\n|-mega|p2b: Meganium|Meganium|Meganiumite\n|move|p2a: Raichu|Fake Out|p1a: Incineroar\n|-damage|p1a: Incineroar|95/100\n|cant|p1a: Incineroar|flinch\n|move|p1b: Whimsicott|Tailwind|p1b: Whimsicott\n|-sidestart|p1: ThePyukumukuLover|move: Tailwind\n|move|p2b: Meganium|Weather Ball|p1b: Whimsicott\n|-supereffective|p1b: Whimsicott|1\n|-damage|p1b: Whimsicott|0 fnt\n|faint|p1b: Whimsicott\n|\n|upkeep\n|\n|t:|1775898029\n|switch|p1b: Dragonite|Dragonite, L50, M, shiny|100/100\n|turn|2\n|\n|t:|1775898051\n|switch|p2b: Pelipper|Pelipper, L50, F|100/100\n|-weather|RainDance|[from] ability: Drizzle|[of] p2b: Pelipper\n|move|p1b: Dragonite|Extreme Speed|p2b: Pelipper\n|-damage|p2b: Pelipper|71/100\n|move|p2a: Raichu|Nuzzle|p1b: Dragonite\n|-damage|p1b: Dragonite|95/100\n|-status|p1b: Dragonite|par\n|-enditem|p1b: Dragonite|Lum Berry|[eat]\n|-curestatus|p1b: Dragonite|par|[msg]\n|move|p1a: Incineroar|Parting Shot|p2a: Raichu\n|-unboost|p2a: Raichu|atk|1\n|-unboost|p2a: Raichu|spa|1\n|\n|t:|1775898067\n|switch|p1a: Meganium|Meganium, L50, F, shiny|100/100|[from] Parting Shot\n|\n|-weather|RainDance|[upkeep]\n|upkeep\n|turn|3\n|\n|t:|1775898082\n|detailschange|p1a: Meganium|Meganium-Mega, L50, F, shiny\n|-mega|p1a: Meganium|Meganium|Meganiumite\n|move|p1b: Dragonite|Extreme Speed|p2a: Raichu\n|-damage|p2a: Raichu|49/100\n|move|p1a: Meganium|Solar Beam||[still]\n|-prepare|p1a: Meganium|Solar Beam\n|-activate|p1a: Meganium|ability: Mega Sol\n|-anim|p1a: Meganium|Solar Beam|p2b: Pelipper\n|-damage|p2b: Pelipper|0 fnt\n|faint|p2b: Pelipper\n|move|p2a: Raichu|Nuzzle|p1b: Dragonite\n|-damage|p1b: Dragonite|92/100\n|-status|p1b: Dragonite|par\n|\n|-weather|RainDance|[upkeep]\n|upkeep\n|\n|t:|1775898104\n|switch|p2b: Basculegion|Basculegion, L50, M|100/100\n|turn|4\n|\n|t:|1775898119\n|move|p1b: Dragonite|Extreme Speed|p2a: Raichu\n|-damage|p2a: Raichu|0 fnt\n|faint|p2a: Raichu\n|move|p2b: Basculegion|Flip Turn|p1a: Meganium\n|-resisted|p1a: Meganium|1\n|-damage|p1a: Meganium|72/100\n|\n|t:|1775898125\n|switch|p2b: Meganium|Meganium-Mega, L50, M|100/100|[from] Flip Turn\n|move|p1a: Meganium|Solar Beam||[still]\n|-prepare|p1a: Meganium|Solar Beam\n|-activate|p1a: Meganium|ability: Mega Sol\n|-anim|p1a: Meganium|Solar Beam|p2b: Meganium\n|-resisted|p2b: Meganium|1\n|-damage|p2b: Meganium|76/100\n|\n|-weather|RainDance|[upkeep]\n|-sideend|p1: ThePyukumukuLover|move: Tailwind\n|upkeep\n|\n|t:|1775898127\n|switch|p2a: Basculegion|Basculegion, L50, M|100/100\n|turn|5\n|\n|t:|1775898147\n|move|p1b: Dragonite|Extreme Speed|p2b: Meganium\n|-damage|p2b: Meganium|55/100\n|move|p2a: Basculegion|Wave Crash|p1a: Meganium\n|-resisted|p1a: Meganium|1\n|-damage|p1a: Meganium|13/100\n|-damage|p2a: Basculegion|85/100|[from] Recoil\n|move|p1a: Meganium|Solar Beam||[still]\n|-prepare|p1a: Meganium|Solar Beam\n|-activate|p1a: Meganium|ability: Mega Sol\n|-anim|p1a: Meganium|Solar Beam|p2a: Basculegion\n|-supereffective|p2a: Basculegion|1\n|-damage|p2a: Basculegion|0 fnt\n|faint|p2a: Basculegion\n|move|p2b: Meganium|Dazzling Gleam|p1b: Dragonite|[spread] p1a,p1b\n|-supereffective|p1b: Dragonite|1\n|-damage|p1a: Meganium|0 fnt\n|-damage|p1b: Dragonite|16/100 par\n|faint|p1a: Meganium\n|\n|-weather|RainDance|[upkeep]\n|upkeep\n|\n|t:|1775898164\n|switch|p1a: Incineroar|Incineroar, L50, M, shiny|95/100\n|-ability|p1a: Incineroar|Intimidate|boost\n|-unboost|p2b: Meganium|atk|1\n|turn|6\n|\n|t:|1775898176\n|move|p2b: Meganium|Synthesis|p2b: Meganium\n|-heal|p2b: Meganium|100/100\n|move|p1a: Incineroar|Flare Blitz|p2b: Meganium\n|-supereffective|p2b: Meganium|1\n|-damage|p2b: Meganium|61/100\n|-status|p2b: Meganium|brn\n|-damage|p1a: Incineroar|81/100|[from] Recoil\n|move|p1b: Dragonite|Fire Punch|p2b: Meganium\n|-supereffective|p2b: Meganium|1\n|-damage|p2b: Meganium|40/100 brn\n|\n|-weather|none\n|-damage|p2b: Meganium|34/100 brn|[from] brn\n|upkeep\n|turn|7\n|\n|t:|1775898201\n|move|p1b: Dragonite|Extreme Speed|p2b: Meganium\n|-damage|p2b: Meganium|11/100 brn\n|move|p2b: Meganium|Dazzling Gleam|p1a: Incineroar|[spread] p1a,p1b\n|-supereffective|p1b: Dragonite|1\n|-damage|p1a: Incineroar|38/100\n|-damage|p1b: Dragonite|0 fnt\n|-enditem|p1a: Incineroar|Sitrus Berry|[eat]\n|-heal|p1a: Incineroar|62/100|[from] item: Sitrus Berry\n|faint|p1b: Dragonite\n|move|p1a: Incineroar|Flare Blitz|p2b: Meganium\n|-supereffective|p2b: Meganium|1\n|-damage|p2b: Meganium|0 fnt\n|faint|p2b: Meganium\n|-damage|p1a: Incineroar|58/100|[from] Recoil\n|\n|win|ThePyukumukuLover\n|raw|ThePyukumukuLover's rating: 1000 &rarr; <strong>1045</strong><br />(+45 for winning)\n|raw|sr.poke100%'s rating: 1045 &rarr; <strong>1026</strong><br />(-19 for losing)\n|c|\u2606sr.poke100%|gg\n|l|\u2606sr.poke100%\n|player|p2|\n|c|\u2606ThePyukumukuLover|gg man\n",
  "uploadtime": 1775898261,
  "views": 26,
  "formatid": "gen9championsvgc2026regma",
  "rating": 1026,
  "private": 0,
  "password": null
}