{
  "id": "gen9championsvgc2026regma-2583475817",
  "format": "[Gen 9 Champions] VGC 2026 Reg M-A",
  "players": [
    "kolanion",
    "LycheeEXE"
  ],
  "log": "|j|\u2606kolanion\n|j|\u2606LycheeEXE\n|t:|1776178049\n|gametype|doubles\n|player|p1|kolanion|swimmer|1135\n|player|p2|LycheeEXE|266|1103\n|gen|9\n|tier|[Gen 9 Champions] VGC 2026 Reg M-A\n|rated|\n|rule|Species Clause: Limit one of each Pok\u00e9mon\n|rule|Item Clause: Limit 1 of each item\n|clearpoke\n|poke|p1|Typhlosion-Hisui, L50, M|\n|poke|p1|Charizard, L50, F|\n|poke|p1|Scizor, L50, F|\n|poke|p1|Sinistcha, L50|\n|poke|p1|Farigiraf, L50, M|\n|poke|p1|Gengar, L50, F|\n|poke|p2|Vivillon, L50, M|\n|poke|p2|Volcarona, L50, M|\n|poke|p2|Heracross, L50, M|\n|poke|p2|Scizor, L50, F|\n|poke|p2|Araquanid, L50, F|\n|poke|p2|Kleavor, L50, F|\n|teampreview|4\n|inactive|Battle timer is ON: inactive players will automatically lose when time's up. (requested by kolanion)\n|\n|t:|1776178065\n|teamsize|p1|4\n|teamsize|p2|4\n|start\n|switch|p1a: Typhlosion|Typhlosion-Hisui, L50, M|100/100\n|switch|p1b: Charizard|Charizard, L50, F|100/100\n|switch|p2a: Kleavor|Kleavor, L50, F|100/100\n|switch|p2b: Vivillon|Vivillon, L50, M|100/100\n|-item|p2a: Kleavor|Choice Scarf|[from] ability: Frisk|[of] p1a: Typhlosion\n|-item|p2b: Vivillon|Focus Sash|[from] ability: Frisk|[of] p1a: Typhlosion\n|turn|1\n|\n|t:|1776178094\n|switch|p1a: Scizor|Scizor, L50, F|100/100\n|detailschange|p1b: Charizard|Charizard-Mega-Y, L50, F\n|-mega|p1b: Charizard|Charizard|Charizardite Y\n|-weather|SunnyDay|[from] ability: Drought|[of] p1b: Charizard\n|move|p1b: Charizard|Protect|p1b: Charizard\n|-singleturn|p1b: Charizard|Protect\n|move|p2a: Kleavor|Stone Axe|p1a: Scizor\n|-damage|p1a: Scizor|47/100\n|-sidestart|p1: kolanion|move: Stealth Rock\n|move|p2b: Vivillon|Tailwind|p2b: Vivillon\n|-sidestart|p2: LycheeEXE|move: Tailwind\n|\n|-weather|SunnyDay|[upkeep]\n|upkeep\n|turn|2\n|\n|t:|1776178111\n|move|p1a: Scizor|Bullet Punch|p2a: Kleavor\n|-supereffective|p2a: Kleavor|1\n|-damage|p2a: Kleavor|0 fnt\n|faint|p2a: Kleavor\n|move|p2b: Vivillon|Hurricane|p1a: Scizor\n|-damage|p1a: Scizor|0 fnt\n|faint|p1a: Scizor\n|move|p1b: Charizard|Heat Wave|p2b: Vivillon\n|-supereffective|p2b: Vivillon|1\n|-enditem|p2b: Vivillon|Focus Sash\n|-damage|p2b: Vivillon|1/100\n|\n|-weather|SunnyDay|[upkeep]\n|upkeep\n|\n|t:|1776178120\n|switch|p2a: Heracross|Heracross, L50, M|100/100\n|switch|p1a: Typhlosion|Typhlosion-Hisui, L50, M|100/100\n|-damage|p1a: Typhlosion|75/100|[from] Stealth Rock\n|-item|p2a: Heracross|Heracronite|[from] ability: Frisk|[of] p1a: Typhlosion\n|turn|3\n|\n|t:|1776178133\n|detailschange|p2a: Heracross|Heracross-Mega, L50, M\n|-mega|p2a: Heracross|Heracross|Heracronite\n|move|p2b: Vivillon|Sleep Powder|p1a: Typhlosion\n|-status|p1a: Typhlosion|slp|[from] move: Sleep Powder\n|move|p2a: Heracross|Rock Blast|p1b: Charizard\n|-supereffective|p1b: Charizard|2\n|-damage|p1b: Charizard|31/100\n|-supereffective|p1b: Charizard|2\n|-damage|p1b: Charizard|0 fnt\n|faint|p1b: Charizard\n|-hitcount|p1: Charizard|2\n|cant|p1a: Typhlosion|slp\n|\n|-weather|SunnyDay|[upkeep]\n|upkeep\n|\n|t:|1776178140\n|switch|p1b: Sinistcha|Sinistcha, L50, shiny|100/100\n|-damage|p1b: Sinistcha|88/100|[from] Stealth Rock\n|-heal|p1a: Typhlosion|100/100 slp|[from] ability: Hospitality|[of] p1b: Sinistcha\n|turn|4\n|\n|t:|1776178145\n|move|p1b: Sinistcha|Rage Powder|p1b: Sinistcha\n|-singleturn|p1b: Sinistcha|move: Rage Powder\n|move|p2b: Vivillon|Hurricane|p1b: Sinistcha\n|-supereffective|p1b: Sinistcha|1\n|-damage|p1b: Sinistcha|13/100\n|-enditem|p1b: Sinistcha|Sitrus Berry|[eat]\n|-heal|p1b: Sinistcha|38/100|[from] item: Sitrus Berry\n|move|p2a: Heracross|Rock Blast|p1b: Sinistcha\n|-damage|p1b: Sinistcha|26/100\n|-damage|p1b: Sinistcha|16/100\n|-damage|p1b: Sinistcha|4/100\n|-damage|p1b: Sinistcha|0 fnt\n|faint|p1b: Sinistcha\n|-hitcount|p1: Sinistcha|4\n|cant|p1a: Typhlosion|slp\n|\n|-weather|SunnyDay|[upkeep]\n|-sideend|p2: LycheeEXE|move: Tailwind\n|upkeep\n|turn|5\n|\n|t:|1776178152\n|-curestatus|p1a: Typhlosion|slp|[msg]\n|move|p1a: Typhlosion|Eruption|p2a: Heracross|[spread] p2a,p2b\n|-supereffective|p2a: Heracross|1\n|-supereffective|p2b: Vivillon|1\n|-damage|p2a: Heracross|0 fnt\n|-damage|p2b: Vivillon|0 fnt\n|faint|p2a: Heracross\n|faint|p2b: Vivillon\n|\n|-weather|none\n|upkeep\n|\n|t:|1776178158\n|switch|p2b: Araquanid|Araquanid, L50, F|100/100\n|turn|6\n|\n|t:|1776178160\n|move|p1a: Typhlosion|Eruption|p2b: Araquanid\n|-damage|p2b: Araquanid|65/100\n|move|p2b: Araquanid|Liquidation|p1a: Typhlosion\n|-supereffective|p1a: Typhlosion|1\n|-damage|p1a: Typhlosion|0 fnt\n|faint|p1a: Typhlosion\n|\n|win|LycheeEXE\n|raw|kolanion's rating: 1135 &rarr; <strong>1108</strong><br />(-27 for losing)\n|raw|LycheeEXE's rating: 1103 &rarr; <strong>1130</strong><br />(+27 for winning)\n|l|\u2606kolanion\n|player|p1|\n",
  "uploadtime": 1776178170,
  "views": 16,
  "formatid": "gen9championsvgc2026regma",
  "rating": 1108,
  "private": 0,
  "password": null
}