{
  "id": "gen9championsvgc2026regma-2580943492",
  "format": "[Gen 9 Champions] VGC 2026 Reg M-A",
  "players": [
    "pokepeiff",
    "wuhyun"
  ],
  "log": "|j|\u2606pokepeiff\n|j|\u2606wuhyun\n|t:|1775945408\n|gametype|doubles\n|player|p1|pokepeiff|li|1109\n|player|p2|wuhyun|caitlin-masters|1123\n|gen|9\n|tier|[Gen 9 Champions] VGC 2026 Reg M-A\n|rated|\n|rule|Species Clause: Limit one of each Pok\u00e9mon\n|rule|Item Clause: Limit 1 of each item\n|clearpoke\n|poke|p1|Mamoswine, L50, M|\n|poke|p1|Gardevoir, L50, M|\n|poke|p1|Gyarados, L50, M|\n|poke|p1|Kingambit, L50, M|\n|poke|p1|Whimsicott, L50, M|\n|poke|p1|Sneasler, L50, F|\n|poke|p2|Farigiraf, L50, M|\n|poke|p2|Hatterene, L50, F|\n|poke|p2|Blastoise, L50, F|\n|poke|p2|Sinistcha-Masterpiece, L50|\n|poke|p2|Torkoal, L50, M|\n|poke|p2|Camerupt, L50, M|\n|teampreview|4\n|inactive|Battle timer is ON: inactive players will automatically lose when time's up. (requested by wuhyun)\n|inactive|pokepeiff also wants the timer to be on.\n|inactive|pokepeiff has 60 seconds left.\n|\n|t:|1775945448\n|teamsize|p1|4\n|teamsize|p2|4\n|start\n|switch|p1a: Kingambit|Kingambit, L50, M|100/100\n|switch|p1b: Sneasler|Sneasler, L50, F|100/100\n|switch|p2a: Farigiraf|Farigiraf, L50, M|100/100\n|switch|p2b: Hatterene|Hatterene, L50, F|100/100\n|turn|1\n|\n|t:|1775945457\n|move|p1b: Sneasler|Dire Claw|p2b: Hatterene\n|-supereffective|p2b: Hatterene|1\n|-damage|p2b: Hatterene|8/100\n|move|p2a: Farigiraf|Psychic Terrain|p2a: Farigiraf\n|-fieldstart|move: Psychic Terrain\n|move|p1a: Kingambit|Kowtow Cleave|p2a: Farigiraf\n|-supereffective|p2a: Farigiraf|1\n|-damage|p2a: Farigiraf|21/100\n|-enditem|p2a: Farigiraf|Sitrus Berry|[eat]\n|-heal|p2a: Farigiraf|46/100|[from] item: Sitrus Berry\n|move|p2b: Hatterene|Trick Room|p2b: Hatterene\n|-fieldstart|move: Trick Room|[of] p2b: Hatterene\n|\n|upkeep\n|turn|2\n|inactive|pokepeiff has 30 seconds left.\n|\n|t:|1775945486\n|switch|p1b: Gardevoir|Gardevoir, L50, M|100/100\n|move|p2b: Hatterene|Misty Explosion|p1a: Kingambit|[spread] p2a,p1a,p1b\n|-damage|p2a: Farigiraf|0 fnt\n|-damage|p1a: Kingambit|54/100\n|-damage|p1b: Gardevoir|59/100\n|faint|p2b: Hatterene\n|faint|p2a: Farigiraf\n|move|p1a: Kingambit|Iron Head|p2: Farigiraf|[notarget]\n|-fail|p1a: Kingambit\n|\n|upkeep\n|\n|t:|1775945494\n|switch|p2b: Camerupt|Camerupt, L50, M|100/100\n|switch|p2a: Torkoal|Torkoal, L50, M|100/100\n|-weather|SunnyDay|[from] ability: Drought|[of] p2a: Torkoal\n|turn|3\n|\n|t:|1775945508\n|switch|p1a: Gyarados|Gyarados, L50, M|100/100\n|-ability|p1a: Gyarados|Intimidate|boost\n|-unboost|p2a: Torkoal|atk|1\n|-unboost|p2b: Camerupt|atk|1\n|detailschange|p2b: Camerupt|Camerupt-Mega, L50, M\n|-mega|p2b: Camerupt|Camerupt|Cameruptite\n|move|p1b: Gardevoir|Protect|p1b: Gardevoir\n|-singleturn|p1b: Gardevoir|Protect\n|move|p2b: Camerupt|Eruption|p1b: Gardevoir|[spread] p1a\n|-activate|p1b: Gardevoir|move: Protect\n|-resisted|p1a: Gyarados|1\n|-damage|p1a: Gyarados|44/100\n|-enditem|p1a: Gyarados|Sitrus Berry|[eat]\n|-heal|p1a: Gyarados|69/100|[from] item: Sitrus Berry\n|move|p2a: Torkoal|Eruption|p1b: Gardevoir|[spread] p1a\n|-activate|p1b: Gardevoir|move: Protect\n|-resisted|p1a: Gyarados|1\n|-damage|p1a: Gyarados|25/100\n|\n|-weather|SunnyDay|[upkeep]\n|upkeep\n|turn|4\n|\n|t:|1775945524\n|detailschange|p1b: Gardevoir|Gardevoir-Mega, L50, M\n|-mega|p1b: Gardevoir|Gardevoir|Gardevoirite\n|move|p1a: Gyarados|Protect|p1a: Gyarados\n|-singleturn|p1a: Gyarados|Protect\n|move|p2b: Camerupt|Eruption|p1b: Gardevoir|[spread] p1b\n|-activate|p1a: Gyarados|move: Protect\n|-damage|p1b: Gardevoir|0 fnt\n|faint|p1b: Gardevoir\n|move|p2a: Torkoal|Eruption|p1a: Gyarados\n|-activate|p1a: Gyarados|move: Protect\n|\n|-weather|SunnyDay|[upkeep]\n|upkeep\n|\n|t:|1775945537\n|switch|p1b: Sneasler|Sneasler, L50, F|100/100\n|turn|5\n|\n|t:|1775945549\n|switch|p1a: Kingambit|Kingambit, L50, M|54/100\n|move|p2b: Camerupt|Eruption|p1b: Sneasler|[spread] p1a,p1b\n|-supereffective|p1a: Kingambit|1\n|-damage|p1a: Kingambit|0 fnt\n|-enditem|p1b: Sneasler|Focus Sash\n|-damage|p1b: Sneasler|1/100\n|faint|p1a: Kingambit\n|move|p2a: Torkoal|Eruption|p1b: Sneasler\n|-damage|p1b: Sneasler|0 fnt\n|faint|p1b: Sneasler\n|\n|-weather|SunnyDay|[upkeep]\n|-fieldend|move: Trick Room\n|-fieldend|move: Psychic Terrain\n|upkeep\n|\n|t:|1775945551\n|switch|p1a: Gyarados|Gyarados, L50, M|25/100\n|-ability|p1a: Gyarados|Intimidate|boost\n|-unboost|p2a: Torkoal|atk|1\n|-unboost|p2b: Camerupt|atk|1\n|turn|6\n|\n|t:|1775945555\n|move|p2a: Torkoal|Protect|p2a: Torkoal\n|-singleturn|p2a: Torkoal|Protect\n|move|p1a: Gyarados|Earthquake|p2b: Camerupt|[spread] p2b\n|-activate|p2a: Torkoal|move: Protect\n|-supereffective|p2b: Camerupt|1\n|-damage|p2b: Camerupt|47/100\n|move|p2b: Camerupt|Rock Slide|p1a: Gyarados\n|-supereffective|p1a: Gyarados|1\n|-damage|p1a: Gyarados|0 fnt\n|faint|p1a: Gyarados\n|\n|win|wuhyun\n|raw|pokepeiff's rating: 1109 &rarr; <strong>1085</strong><br />(-24 for losing)\n|raw|wuhyun's rating: 1123 &rarr; <strong>1147</strong><br />(+24 for winning)\n",
  "uploadtime": 1775945563,
  "views": 26,
  "formatid": "gen9championsvgc2026regma",
  "rating": 1085,
  "private": 0,
  "password": null
}