{
  "id": "gen9championsvgc2026regma-2587987599",
  "format": "[Gen 9 Champions] VGC 2026 Reg M-A",
  "players": [
    "SunTufo",
    "lSuis"
  ],
  "log": "|j|\u2606SunTufo\n|j|\u2606lSuis\n|t:|1776589193\n|gametype|doubles\n|player|p1|SunTufo|li|1332\n|player|p2|lSuis|clerk|1322\n|gen|9\n|tier|[Gen 9 Champions] VGC 2026 Reg M-A\n|rated|\n|rule|Species Clause: Limit one of each Pok\u00e9mon\n|rule|Item Clause: Limit 1 of each item\n|clearpoke\n|poke|p1|Froslass, L50, F, shiny|\n|poke|p1|Milotic, L50, F, shiny|\n|poke|p1|Sneasler, L50, M, shiny|\n|poke|p1|Rotom-Frost, L50|\n|poke|p1|Goodra-Hisui, L50, M, shiny|\n|poke|p1|Incineroar, L50, M, shiny|\n|poke|p2|Gardevoir, L50, F, shiny|\n|poke|p2|Maushold, L50, shiny|\n|poke|p2|Basculegion, L50, M, shiny|\n|poke|p2|Garchomp, L50, M, shiny|\n|poke|p2|Kingambit, L50, M, shiny|\n|poke|p2|Talonflame, L50, M, shiny|\n|teampreview|4\n|inactive|Battle timer is ON: inactive players will automatically lose when time's up. (requested by SunTufo)\nlSuis rejected open team sheets.\n|\n|t:|1776589220\n|teamsize|p1|4\n|teamsize|p2|4\n|start\n|switch|p1a: Froslass|Froslass, L50, F, shiny|100/100\n|switch|p1b: Sneasler|Sneasler, L50, M, shiny|100/100\n|switch|p2a: Elma|Gardevoir, L50, F, shiny|100/100\n|switch|p2b: :v|Maushold, L50, shiny|100/100\n|-ability|p2a: Elma|Cursed Body|Trace|[from] ability: Trace|[of] p1a: Froslass\n|turn|1\n|\n|t:|1776589233\n|detailschange|p1a: Froslass|Froslass-Mega, L50, F, shiny\n|-mega|p1a: Froslass|Froslass|Froslassite\n|-weather|Snowscape|[from] ability: Snow Warning|[of] p1a: Froslass\n|detailschange|p2a: Elma|Gardevoir-Mega, L50, F, shiny\n|-mega|p2a: Elma|Gardevoir|Gardevoirite\n|move|p1b: Sneasler|Fake Out|p2a: Elma\n|-damage|p2a: Elma|87/100\n|move|p2b: :v|Follow Me|p2b: :v\n|-singleturn|p2b: :v|move: Follow Me\n|move|p1a: Froslass|Aurora Veil|p1a: Froslass\n|-sidestart|p1: SunTufo|move: Aurora Veil\n|cant|p2a: Elma|flinch\n|\n|-weather|Snowscape|[upkeep]\n|upkeep\n|turn|2\n|\n|t:|1776589245\n|switch|p1b: Rotom|Rotom-Frost, L50|100/100\n|move|p2b: :v|Follow Me|p2b: :v\n|-singleturn|p2b: :v|move: Follow Me\n|move|p1a: Froslass|Blizzard|p2a: Elma|[spread] p2a,p2b\n|-damage|p2a: Elma|61/100\n|-damage|p2b: :v|45/100\n|move|p2a: Elma|Trick Room|p2a: Elma\n|-fieldstart|move: Trick Room|[of] p2a: Elma\n|\n|-weather|Snowscape|[upkeep]\n|upkeep\n|turn|3\n|\n|t:|1776589256\n|move|p2b: :v|Helping Hand|p2a: Elma\n|-singleturn|p2a: Elma|Helping Hand|[of] p2b: :v\n|move|p2a: Elma|Hyper Voice|p1b: Rotom|[spread] p1a,p1b\n|-damage|p1a: Froslass|32/100\n|-damage|p1b: Rotom|32/100\n|move|p1a: Froslass|Blizzard|p2a: Elma|[spread] p2a,p2b\n|-damage|p2a: Elma|36/100\n|-damage|p2b: :v|0 fnt\n|faint|p2b: :v\n|move|p1b: Rotom|Volt Switch|p2a: Elma\n|-damage|p2a: Elma|11/100\n|\n|t:|1776589267\n|switch|p1b: Goodra|Goodra-Hisui, L50, M, shiny|100/100|[from] Volt Switch\n|\n|-weather|Snowscape|[upkeep]\n|upkeep\n|\n|t:|1776589274\n|switch|p2b: Koe|Kingambit, L50, M, shiny|100/100\n|turn|4\n|\n|t:|1776589288\n|switch|p1a: Rotom|Rotom-Frost, L50|32/100\n|move|p2b: Koe|Low Kick|p1b: Goodra\n|-supereffective|p1b: Goodra|1\n|-damage|p1b: Goodra|56/100\n|move|p1b: Goodra|Shelter|p1b: Goodra\n|-boost|p1b: Goodra|def|2\n|move|p2a: Elma|Hyper Voice|p1a: Rotom|[spread] p1a,p1b\n|-damage|p1a: Rotom|0 fnt\n|-damage|p1b: Goodra|35/100\n|faint|p1a: Rotom\n|\n|-weather|Snowscape|[upkeep]\n|-heal|p1b: Goodra|41/100|[from] item: Leftovers\n|upkeep\n|\n|t:|1776589293\n|switch|p1a: Sneasler|Sneasler, L50, M, shiny|100/100\n|turn|5\n|\n|t:|1776589303\n|move|p2b: Koe|Protect|p2b: Koe\n|-singleturn|p2b: Koe|Protect\n|move|p2a: Elma|Protect|p2a: Elma\n|-singleturn|p2a: Elma|Protect\n|move|p1a: Sneasler|Fake Out|p2b: Koe\n|-activate|p2b: Koe|move: Protect\n|move|p1b: Goodra|Heavy Slam|p2a: Elma\n|-activate|p2a: Elma|move: Protect\n|\n|-weather|none\n|-heal|p1b: Goodra|47/100|[from] item: Leftovers\n|-sideend|p1: SunTufo|move: Aurora Veil\n|upkeep\n|turn|6\n|\n|t:|1776589320\n|move|p1b: Goodra|Protect|p1b: Goodra\n|-singleturn|p1b: Goodra|Protect\n|move|p1a: Sneasler|Protect|p1a: Sneasler\n|-singleturn|p1a: Sneasler|Protect\n|move|p2b: Koe|Low Kick|p1b: Goodra\n|-activate|p1b: Goodra|move: Protect\n|move|p2a: Elma|Hyper Voice|p1a: Sneasler|[spread] \n|-activate|p1a: Sneasler|move: Protect\n|-activate|p1b: Goodra|move: Protect\n|\n|-heal|p1b: Goodra|53/100|[from] item: Leftovers\n|-fieldend|move: Trick Room\n|upkeep\n|turn|7\n|\n|t:|1776589332\n|move|p1a: Sneasler|Dire Claw|p2a: Elma\n|-supereffective|p2a: Elma|1\n|-damage|p2a: Elma|0 fnt\n|faint|p2a: Elma\n|move|p1b: Goodra|Body Press|p2b: Koe\n|-supereffective|p2b: Koe|2\n|-enditem|p2b: Koe|Chople Berry|[eat]\n|-enditem|p2b: Koe|Chople Berry|[weaken]\n|-damage|p2b: Koe|28/100\n|move|p2b: Koe|Low Kick|p1b: Goodra\n|-supereffective|p1b: Goodra|1\n|-damage|p1b: Goodra|19/100\n|\n|-heal|p1b: Goodra|25/100|[from] item: Leftovers\n|upkeep\n|\n|t:|1776589342\n|switch|p2a: Amy|Basculegion, L50, M, shiny|100/100\n|turn|8\n|\n|t:|1776589358\n|move|p1a: Sneasler|Protect|p1a: Sneasler\n|-singleturn|p1a: Sneasler|Protect\n|move|p2b: Koe|Protect|p2b: Koe\n|-singleturn|p2b: Koe|Protect\n|move|p2a: Amy|Last Respects|p1a: Sneasler\n|-activate|p1a: Sneasler|move: Protect\n|move|p1b: Goodra|Body Press|p2b: Koe\n|-activate|p2b: Koe|move: Protect\n|\n|-heal|p1b: Goodra|30/100|[from] item: Leftovers\n|upkeep\n|turn|9\n|\n|t:|1776589372\n|move|p1a: Sneasler|Dire Claw|p2a: Amy\n|-resisted|p2a: Amy|1\n|-damage|p2a: Amy|75/100\n|move|p2a: Amy|Last Respects|p1a: Sneasler\n|-damage|p1a: Sneasler|0 fnt\n|faint|p1a: Sneasler\n|move|p1b: Goodra|Body Press|p2b: Koe\n|-supereffective|p2b: Koe|2\n|-damage|p2b: Koe|0 fnt\n|faint|p2b: Koe\n|\n|-heal|p1b: Goodra|36/100|[from] item: Leftovers\n|upkeep\n|\n|t:|1776589378\n|switch|p1a: Froslass|Froslass-Mega, L50, F, shiny|32/100\n|-weather|Snowscape|[from] ability: Snow Warning|[of] p1a: Froslass\n|turn|10\n|\n|t:|1776589387\n|move|p1a: Froslass|Protect|p1a: Froslass\n|-singleturn|p1a: Froslass|Protect\n|move|p2a: Amy|Last Respects|p1a: Froslass\n|-activate|p1a: Froslass|move: Protect\n|move|p1b: Goodra|Heavy Slam|p2a: Amy\n|-resisted|p2a: Amy|1\n|-damage|p2a: Amy|58/100\n|\n|-weather|Snowscape|[upkeep]\n|-heal|p1b: Goodra|42/100|[from] item: Leftovers\n|upkeep\n|turn|11\n|\n|t:|1776589403\n|move|p1a: Froslass|Shadow Ball|p2a: Amy\n|-supereffective|p2a: Amy|1\n|-damage|p2a: Amy|0 fnt\n|faint|p2a: Amy\n|\n|win|SunTufo\n|raw|SunTufo's rating: 1332 &rarr; <strong>1351</strong><br />(+19 for winning)\n|raw|lSuis's rating: 1322 &rarr; <strong>1303</strong><br />(-19 for losing)\n",
  "uploadtime": 1776589404,
  "views": 15,
  "formatid": "gen9championsvgc2026regma",
  "rating": 1303,
  "private": 0,
  "password": null
}