{
  "id": "gen9championsvgc2026regma-2582441313",
  "format": "[Gen 9 Champions] VGC 2026 Reg M-A",
  "players": [
    "yamzinyobooty",
    "Tische die am"
  ],
  "log": "|j|\u2606yamzinyobooty\n|j|\u2606Tische die am\n|t:|1776091894\n|gametype|doubles\n|player|p1|yamzinyobooty|170|1059\n|player|p2|Tische die am|169|1000\n|gen|9\n|tier|[Gen 9 Champions] VGC 2026 Reg M-A\n|rated|\n|rule|Species Clause: Limit one of each Pok\u00e9mon\n|rule|Item Clause: Limit 1 of each item\n|clearpoke\n|poke|p1|Delphox, L50, F|\n|poke|p1|Basculegion, L50, M|\n|poke|p1|Clefable, L50, M|\n|poke|p1|Kingambit, L50, M|\n|poke|p1|Sneasler, L50, M|\n|poke|p1|Dragonite, L50, M|\n|poke|p2|Meowstic, L50, M|\n|poke|p2|Starmie, L50|\n|poke|p2|Maushold, L50|\n|poke|p2|Incineroar, L50, F|\n|poke|p2|Orthworm, L50, M|\n|poke|p2|Whimsicott, L50, M|\n|teampreview|4\n|\n|t:|1776091910\n|teamsize|p1|4\n|teamsize|p2|4\n|start\n|switch|p1a: Basculegion|Basculegion, L50, M|100/100\n|switch|p1b: Sneasler|Sneasler, L50, M, shiny|100/100\n|switch|p2a: Maushold|Maushold, L50|100/100\n|switch|p2b: Orthworm|Orthworm, L50, M|100/100\n|turn|1\n|\n|t:|1776091931\n|move|p1b: Sneasler|Fake Out|p2a: Maushold\n|-crit|p2a: Maushold\n|-damage|p2a: Maushold|72/100\n|cant|p2a: Maushold|flinch\n|move|p1a: Basculegion|Wave Crash|p2a: Maushold\n|-damage|p2a: Maushold|0 fnt\n|faint|p2a: Maushold\n|-damage|p1a: Basculegion|80/100|[from] Recoil\n|move|p2b: Orthworm|Shed Tail|p2b: Orthworm\n|-start|p2b: Orthworm|Substitute|[from] move: Shed Tail\n|-damage|p2b: Orthworm|50/100\n|-enditem|p2b: Orthworm|Sitrus Berry|[eat]\n|-heal|p2b: Orthworm|75/100|[from] item: Sitrus Berry\n|\n|t:|1776091947\n|switch|p2b: Starmie|Starmie, L50|100/100|[from] Shed Tail\n|\n|upkeep\n|\n|t:|1776091952\n|switch|p2a: Meowstic|Meowstic, L50, M|100/100\n|turn|2\n|\n|t:|1776092017\n|detailschange|p2b: Starmie|Starmie-Mega, L50\n|-mega|p2b: Starmie|Starmie|Starminite\n|move|p2a: Meowstic|Fake Out|p1b: Sneasler\n|-damage|p1b: Sneasler|91/100\n|move|p1a: Basculegion|Wave Crash|p2a: Meowstic\n|-damage|p2a: Meowstic|26/100\n|-damage|p1a: Basculegion|58/100|[from] Recoil\n|cant|p1b: Sneasler|flinch\n|move|p2b: Starmie|Minimize|p2b: Starmie\n|-boost|p2b: Starmie|evasion|2\n|\n|upkeep\n|turn|3\n|c|\u2606Tische die am|Ts is evasion maxxing if u didnt notice\n|\n|t:|1776092066\n|move|p2a: Meowstic|Psych Up|p2b: Starmie\n|-copyboost|p2a: Meowstic|p2b: Starmie|[from] move: Psych Up\n|move|p1a: Basculegion|Wave Crash|p2a: Meowstic|[miss]\n|-miss|p1a: Basculegion|p2a: Meowstic\n|move|p1b: Sneasler|Dire Claw|p2a: Meowstic|[miss]\n|-miss|p1b: Sneasler|p2a: Meowstic\n|move|p2b: Starmie|Minimize|p2b: Starmie\n|-boost|p2b: Starmie|evasion|2\n|\n|upkeep\n|turn|4\n|\n|t:|1776092082\n|move|p2a: Meowstic|Psych Up|p2b: Starmie\n|-copyboost|p2a: Meowstic|p2b: Starmie|[from] move: Psych Up\n|move|p1a: Basculegion|Wave Crash|p2a: Meowstic|[miss]\n|-miss|p1a: Basculegion|p2a: Meowstic\n|move|p1b: Sneasler|Dire Claw|p2a: Meowstic|[miss]\n|-miss|p1b: Sneasler|p2a: Meowstic\n|move|p2b: Starmie|Minimize|p2b: Starmie\n|-boost|p2b: Starmie|evasion|2\n|\n|upkeep\n|turn|5\n|\n|t:|1776092099\n|move|p2a: Meowstic|Psych Up|p2b: Starmie\n|-copyboost|p2a: Meowstic|p2b: Starmie|[from] move: Psych Up\n|move|p1a: Basculegion|Wave Crash|p2a: Meowstic|[miss]\n|-miss|p1a: Basculegion|p2a: Meowstic\n|move|p1b: Sneasler|Dire Claw|p2a: Meowstic\n|-damage|p2a: Meowstic|0 fnt\n|faint|p2a: Meowstic\n|move|p2b: Starmie|Psycho Cut|p1b: Sneasler\n|-supereffective|p1b: Sneasler|2\n|-damage|p1b: Sneasler|0 fnt\n|faint|p1b: Sneasler\n|\n|upkeep\n|\n|t:|1776092129\n|switch|p1b: Delphox|Delphox, L50, F, shiny|100/100\n|switch|p2a: Orthworm|Orthworm, L50, M|75/100\n|turn|6\n|\n|t:|1776092145\n|detailschange|p1b: Delphox|Delphox-Mega, L50, F, shiny\n|-mega|p1b: Delphox|Delphox|Delphoxite\n|move|p1b: Delphox|Heat Wave|p2b: Starmie|[spread] p2a\n|-miss|p1b: Delphox|p2b: Starmie\n|-supereffective|p2a: Orthworm|1\n|-damage|p2a: Orthworm|0 fnt\n|faint|p2a: Orthworm\n|move|p1a: Basculegion|Wave Crash|p2b: Starmie|[miss]\n|-miss|p1a: Basculegion|p2b: Starmie\n|move|p2b: Starmie|Psycho Cut|p1a: Basculegion\n|-damage|p1a: Basculegion|0 fnt\n|faint|p1a: Basculegion\n|\n|upkeep\n|\n|t:|1776092156\n|switch|p1a: Clefable|Clefable, L50, M|100/100\n|turn|7\n|\n|t:|1776092181\n|move|p1b: Delphox|Psychic|p2b: Starmie\n|-resisted|p2b: Starmie|1\n|-activate|p2b: Starmie|move: Substitute|[damage]\n|move|p2b: Starmie|Liquidation|p1b: Delphox\n|-supereffective|p1b: Delphox|1\n|-damage|p1b: Delphox|0 fnt\n|faint|p1b: Delphox\n|move|p1a: Clefable|Moonblast|p2b: Starmie\n|-end|p2b: Starmie|Substitute\n|\n|upkeep\n|turn|8\n|\n|t:|1776092194\n|move|p2b: Starmie|Liquidation|p1a: Clefable\n|-damage|p1a: Clefable|34/100\n|-enditem|p1a: Clefable|Sitrus Berry|[eat]\n|-heal|p1a: Clefable|58/100|[from] item: Sitrus Berry\n|move|p1a: Clefable|Moonblast|p2b: Starmie\n|-damage|p2b: Starmie|59/100\n|\n|upkeep\n|turn|9\n|\n|t:|1776092204\n|move|p2b: Starmie|Psycho Cut|p1a: Clefable\n|-damage|p1a: Clefable|10/100\n|move|p1a: Clefable|Moonblast|p2b: Starmie\n|-damage|p2b: Starmie|16/100\n|\n|upkeep\n|turn|10\n|inactive|Battle timer is ON: inactive players will automatically lose when time's up. (requested by Tische die am)\n|\n|t:|1776092241\n|move|p2b: Starmie|Psycho Cut|p1a: Clefable\n|-damage|p1a: Clefable|0 fnt\n|faint|p1a: Clefable\n|\n|win|Tische die am\n|raw|yamzinyobooty's rating: 1059 &rarr; <strong>1037</strong><br />(-22 for losing)\n|raw|Tische die am's rating: 1000 &rarr; <strong>1047</strong><br />(+47 for winning)\n",
  "uploadtime": 1776092242,
  "views": 10,
  "formatid": "gen9championsvgc2026regma",
  "rating": 1037,
  "private": 0,
  "password": null
}