{
  "id": "gen9championsvgc2026regma-2588662540",
  "format": "[Gen 9 Champions] VGC 2026 Reg M-A",
  "players": [
    "Robarlalujna",
    "adalove"
  ],
  "log": "|j|\u2606Robarlalujna\n|j|\u2606adalove\n|t:|1776655084\n|gametype|doubles\n|player|p1|Robarlalujna|artist-gen4|1055\n|player|p2|adalove|dragontamer|1130\n|gen|9\n|tier|[Gen 9 Champions] VGC 2026 Reg M-A\n|rated|\n|rule|Species Clause: Limit one of each Pok\u00e9mon\n|rule|Item Clause: Limit 1 of each item\n|clearpoke\n|poke|p1|Kingambit, L50, F|\n|poke|p1|Pelipper, L50, F|\n|poke|p1|Incineroar, L50, F|\n|poke|p1|Starmie, L50|\n|poke|p1|Sinistcha, L50|\n|poke|p1|Meowscarada, L50, F|\n|poke|p2|Tyranitar, L50, M|\n|poke|p2|Excadrill, L50, M|\n|poke|p2|Corviknight, L50, M|\n|poke|p2|Garchomp, L50, F|\n|poke|p2|Primarina, L50, M|\n|poke|p2|Sinistcha, L50|\n|teampreview|4\n|inactive|Battle timer is ON: inactive players will automatically lose when time's up. (requested by adalove)\n|inactive|Robarlalujna has 60 seconds left.\nadalove rejected open team sheets.\n|inactive|Robarlalujna has 30 seconds left.\n|\n|t:|1776655148\n|teamsize|p1|4\n|teamsize|p2|4\n|start\n|switch|p1a: Kingambit|Kingambit, L50, F|100/100\n|switch|p1b: Meowscarada|Meowscarada, L50, F|100/100\n|switch|p2a: Defensive-Moat|Corviknight, L50, M|100/100\n|switch|p2b: Frictionless|Garchomp, L50, F|100/100\n|turn|1\n|\n|t:|1776655166\n|switch|p1a: Pelipper|Pelipper, L50, F|100/100\n|-weather|RainDance|[from] ability: Drizzle|[of] p1a: Pelipper\n|move|p1b: Meowscarada|Triple Axel|p2b: Frictionless\n|-start|p1b: Meowscarada|typechange|Ice|[from] ability: Protean\n|-supereffective|p2b: Frictionless|2\n|-damage|p2b: Frictionless|59/100\n|-supereffective|p2b: Frictionless|2\n|-damage|p2b: Frictionless|0 fnt\n|faint|p2b: Frictionless\n|-hitcount|p2: Frictionless|2\n|move|p2a: Defensive-Moat|Bulk Up|p2a: Defensive-Moat\n|-boost|p2a: Defensive-Moat|atk|1\n|-boost|p2a: Defensive-Moat|def|1\n|\n|-weather|RainDance|[upkeep]\n|upkeep\n|\n|t:|1776655182\n|switch|p2b: The-Catalyst|Tyranitar, L50, M|100/100\n|-weather|Sandstorm|[from] ability: Sand Stream|[of] p2b: The-Catalyst\n|turn|2\n|\n|t:|1776655205\n|move|p2b: The-Catalyst|Protect|p2b: The-Catalyst\n|-singleturn|p2b: The-Catalyst|Protect\n|move|p1b: Meowscarada|Flower Trick|p2b: The-Catalyst\n|-activate|p2b: The-Catalyst|move: Protect\n|move|p1a: Pelipper|Muddy Water|p2a: Defensive-Moat|[spread] p2a\n|-activate|p2b: The-Catalyst|move: Protect\n|-damage|p2a: Defensive-Moat|68/100\n|move|p2a: Defensive-Moat|Body Press|p1b: Meowscarada\n|-supereffective|p1b: Meowscarada|1\n|-damage|p1b: Meowscarada|0 fnt\n|faint|p1b: Meowscarada\n|\n|-weather|Sandstorm|[upkeep]\n|-damage|p1a: Pelipper|95/100|[from] Sandstorm\n|-heal|p2a: Defensive-Moat|74/100|[from] item: Leftovers\n|upkeep\n|\n|t:|1776655225\n|switch|p1b: Starmie|Starmie, L50|100/100\n|turn|3\n|inactive|adalove has 30 seconds left.\n|\n|t:|1776655255\n|switch|p2a: Throughput|Excadrill, L50, M|100/100\n|detailschange|p1b: Starmie|Starmie-Mega, L50\n|-mega|p1b: Starmie|Starmie|Starminite\n|detailschange|p2b: The-Catalyst|Tyranitar-Mega, L50, M\n|-mega|p2b: The-Catalyst|Tyranitar|Tyranitarite\n|move|p1b: Starmie|Aqua Jet|p2b: The-Catalyst\n|-supereffective|p2b: The-Catalyst|1\n|-damage|p2b: The-Catalyst|58/100\n|move|p1a: Pelipper|Muddy Water|p2b: The-Catalyst|[spread] p2a,p2b\n|-supereffective|p2a: Throughput|1\n|-supereffective|p2b: The-Catalyst|1\n|-damage|p2a: Throughput|13/100\n|-damage|p2b: The-Catalyst|28/100\n|-unboost|p2a: Throughput|accuracy|1\n|move|p2b: The-Catalyst|Knock Off|p1b: Starmie\n|-supereffective|p1b: Starmie|1\n|-crit|p1b: Starmie\n|-damage|p1b: Starmie|0 fnt\n|faint|p1b: Starmie\n|\n|-weather|Sandstorm|[upkeep]\n|-damage|p1a: Pelipper|89/100|[from] Sandstorm\n|upkeep\n|\n|t:|1776655272\n|switch|p1b: Kingambit|Kingambit, L50, F|100/100\n|turn|4\n|inactive|Robarlalujna has 30 seconds left.\n|inactive|Robarlalujna has 20 seconds left.\n|inactive|Robarlalujna has 15 seconds left.\n|\n|t:|1776655313\n|switch|p2b: Defensive-Moat|Corviknight, L50, M|74/100\n|move|p1a: Pelipper|Wide Guard|p1a: Pelipper\n|-singleturn|p1a: Pelipper|Wide Guard\n|move|p2a: Throughput|Earthquake|p1a: Pelipper|[spread] \n|-activate|p1a: Pelipper|move: Wide Guard\n|-activate|p1b: Kingambit|move: Wide Guard\n|-immune|p2b: Defensive-Moat\n|move|p1b: Kingambit|Kowtow Cleave|p2a: Throughput\n|-damage|p2a: Throughput|0 fnt\n|faint|p2a: Throughput\n|\n|-weather|Sandstorm|[upkeep]\n|-damage|p1a: Pelipper|83/100|[from] Sandstorm\n|-heal|p2b: Defensive-Moat|80/100|[from] item: Leftovers\n|upkeep\n|\n|t:|1776655325\n|switch|p2a: The-Catalyst|Tyranitar-Mega, L50, M|28/100\n|turn|5\n|\n|t:|1776655345\n|move|p1b: Kingambit|Protect|p1b: Kingambit\n|-singleturn|p1b: Kingambit|Protect\n|move|p1a: Pelipper|Muddy Water|p2a: The-Catalyst|[spread] p2b\n|-miss|p1a: Pelipper|p2a: The-Catalyst\n|-damage|p2b: Defensive-Moat|50/100\n|move|p2a: The-Catalyst|Low Kick|p1b: Kingambit\n|-activate|p1b: Kingambit|move: Protect\n|move|p2b: Defensive-Moat|Bulk Up|p2b: Defensive-Moat\n|-boost|p2b: Defensive-Moat|atk|1\n|-boost|p2b: Defensive-Moat|def|1\n|\n|-weather|Sandstorm|[upkeep]\n|-damage|p1a: Pelipper|77/100|[from] Sandstorm\n|-heal|p2b: Defensive-Moat|56/100|[from] item: Leftovers\n|upkeep\n|turn|6\n|inactive|Robarlalujna has 30 seconds left.\n|\n|t:|1776655377\n|move|p1b: Kingambit|Sucker Punch|p2a: The-Catalyst\n|-resisted|p2a: The-Catalyst|1\n|-damage|p2a: The-Catalyst|16/100\n|move|p1a: Pelipper|Muddy Water|p2b: Defensive-Moat|[spread] p2a,p2b\n|-supereffective|p2a: The-Catalyst|1\n|-damage|p2a: The-Catalyst|0 fnt\n|-damage|p2b: Defensive-Moat|26/100\n|-ability|p2b: Defensive-Moat|Mirror Armor\n|-unboost|p1a: Pelipper|accuracy|1\n|faint|p2a: The-Catalyst\n|move|p2b: Defensive-Moat|Body Press|p1b: Kingambit\n|-supereffective|p1b: Kingambit|2\n|-damage|p1b: Kingambit|0 fnt\n|faint|p1b: Kingambit\n|\n|-weather|none\n|-heal|p2b: Defensive-Moat|32/100|[from] item: Leftovers\n|upkeep\n|turn|7\n|\n|t:|1776655399\n|move|p1a: Pelipper|Hurricane|p2b: Defensive-Moat\n|-resisted|p2b: Defensive-Moat|1\n|-damage|p2b: Defensive-Moat|8/100\n|-start|p2b: Defensive-Moat|confusion\n|-activate|p2b: Defensive-Moat|confusion\n|move|p2b: Defensive-Moat|Bulk Up|p2b: Defensive-Moat\n|-boost|p2b: Defensive-Moat|atk|1\n|-boost|p2b: Defensive-Moat|def|1\n|\n|-heal|p2b: Defensive-Moat|14/100|[from] item: Leftovers\n|upkeep\n|turn|8\n|\n|t:|1776655411\n|move|p1a: Pelipper|Hurricane|p2b: Defensive-Moat|[miss]\n|-miss|p1a: Pelipper|p2b: Defensive-Moat\n|-end|p2b: Defensive-Moat|confusion\n|move|p2b: Defensive-Moat|Brave Bird|p1a: Pelipper\n|-damage|p1a: Pelipper|0 fnt\n|faint|p1a: Pelipper\n|-damage|p2b: Defensive-Moat|0 fnt|[from] Recoil\n|faint|p2b: Defensive-Moat\n|\n|win|adalove\n|raw|Robarlalujna's rating: 1055 &rarr; <strong>1041</strong><br />(-14 for losing)\n|raw|adalove's rating: 1130 &rarr; <strong>1150</strong><br />(+20 for winning)\n",
  "uploadtime": 1776655412,
  "views": 8,
  "formatid": "gen9championsvgc2026regma",
  "rating": 1041,
  "private": 0,
  "password": null
}