{
  "id": "gen9championsvgc2026regma-2581171646",
  "format": "[Gen 9 Champions] VGC 2026 Reg M-A",
  "players": [
    "dud2506",
    "BananaRamen"
  ],
  "log": "|j|\u2606dud2506\n|j|\u2606BananaRamen\n|t:|1775966904\n|gametype|doubles\n|player|p1|dud2506|1|1000\n|player|p2|BananaRamen|mira|1022\n|gen|9\n|tier|[Gen 9 Champions] VGC 2026 Reg M-A\n|rated|\n|rule|Species Clause: Limit one of each Pok\u00e9mon\n|rule|Item Clause: Limit 1 of each item\n|clearpoke\n|poke|p1|Gardevoir, L50, F|\n|poke|p1|Sableye, L50, M|\n|poke|p1|Aerodactyl, L50, F|\n|poke|p1|Incineroar, L50, M|\n|poke|p1|Kingambit, L50, F|\n|poke|p1|Maushold-Four, L50|\n|poke|p2|Kangaskhan, L50, F|\n|poke|p2|Hawlucha, L50, M|\n|poke|p2|Incineroar, L50, M|\n|poke|p2|Sinistcha, L50|\n|poke|p2|Gengar, L50, M|\n|poke|p2|Primarina, L50, F|\n|teampreview|4\n|inactive|Battle timer is ON: inactive players will automatically lose when time's up. (requested by dud2506)\n|inactive|BananaRamen has 60 seconds left.\n|\n|t:|1775966958\n|teamsize|p1|4\n|teamsize|p2|4\n|start\n|switch|p1a: Gardevoir|Gardevoir, L50, F|100/100\n|switch|p1b: Aerodactyl|Aerodactyl, L50, F|100/100\n|switch|p2a: Kangaskhan|Kangaskhan, L50, F|100/100\n|switch|p2b: Hawlucha|Hawlucha, L50, M|100/100\n|-ability|p1b: Aerodactyl|Unnerve\n|-ability|p1a: Gardevoir|Unburden|Trace|[from] ability: Trace|[of] p2b: Hawlucha\n|turn|1\n|inactive|BananaRamen has 30 seconds left.\n|\n|t:|1775966992\n|detailschange|p2a: Kangaskhan|Kangaskhan-Mega, L50, F\n|-mega|p2a: Kangaskhan|Kangaskhan|Kangaskhanite\n|move|p1b: Aerodactyl|Protect|p1b: Aerodactyl\n|-singleturn|p1b: Aerodactyl|Protect\n|move|p1a: Gardevoir|Protect|p1a: Gardevoir\n|-singleturn|p1a: Gardevoir|Protect\n|move|p2b: Hawlucha|Coaching|p2a: Kangaskhan\n|-boost|p2a: Kangaskhan|atk|1\n|-boost|p2a: Kangaskhan|def|1\n|move|p2a: Kangaskhan|Double-Edge|p1a: Gardevoir\n|-activate|p1a: Gardevoir|move: Protect\n|\n|upkeep\n|turn|2\n|inactive|BananaRamen has 30 seconds left.\n|inactive|BananaRamen has 20 seconds left.\n|inactive|BananaRamen has 15 seconds left.\n|\n|t:|1775967032\n|switch|p1a: Kingambit|Kingambit, L50, F|100/100\n|move|p1b: Aerodactyl|Tailwind|p1b: Aerodactyl\n|-sidestart|p1: dud2506|move: Tailwind\n|move|p2b: Hawlucha|Coaching|p2a: Kangaskhan\n|-boost|p2a: Kangaskhan|atk|1\n|-boost|p2a: Kangaskhan|def|1\n|move|p2a: Kangaskhan|Double-Edge|p1a: Kingambit\n|-resisted|p1a: Kingambit|1\n|-damage|p1a: Kingambit|52/100\n|-resisted|p1a: Kingambit|1\n|-damage|p1a: Kingambit|40/100\n|-hitcount|p1a: Kingambit|2\n|-damage|p2a: Kangaskhan|81/100|[from] Recoil\n|\n|upkeep\n|turn|3\n|inactive|BananaRamen has 30 seconds left.\n|inactive|BananaRamen has 20 seconds left.\n|inactive|BananaRamen has 15 seconds left.\n|\n|t:|1775967073\n|move|p2a: Kangaskhan|Sucker Punch|p1b: Aerodactyl\n|-damage|p1b: Aerodactyl|23/100\n|-damage|p1b: Aerodactyl|4/100\n|-hitcount|p1b: Aerodactyl|2\n|move|p1b: Aerodactyl|Dual Wingbeat|p2b: Hawlucha\n|-supereffective|p2b: Hawlucha|1\n|-damage|p2b: Hawlucha|49/100\n|-supereffective|p2b: Hawlucha|1\n|-damage|p2b: Hawlucha|0 fnt\n|faint|p2b: Hawlucha\n|-hitcount|p2: Hawlucha|2\n|move|p1a: Kingambit|Low Kick|p2a: Kangaskhan\n|-supereffective|p2a: Kangaskhan|1\n|-damage|p2a: Kangaskhan|40/100\n|\n|upkeep\n|inactive|BananaRamen has 30 seconds left.\n|inactive|BananaRamen has 20 seconds left.\n|inactive|BananaRamen has 15 seconds left.\n|inactive|BananaRamen has 10 seconds left.\n|inactive|BananaRamen has 5 seconds left.\n|\n|t:|1775967127\n|switch|p2b: Primarina|Primarina, L50, F|100/100\n|turn|4\n|inactive|dud2506 has 30 seconds left.\n|inactive|BananaRamen has 30 seconds left.\n|inactive|BananaRamen has 20 seconds left.\n|inactive|BananaRamen has 15 seconds left.\n|inactive|BananaRamen has 10 seconds left.\n|\n|t:|1775967173\n|move|p1b: Aerodactyl|Protect|p1b: Aerodactyl\n|-singleturn|p1b: Aerodactyl|Protect\n|move|p2a: Kangaskhan|Drain Punch|p1a: Kingambit\n|-supereffective|p1a: Kingambit|2\n|-damage|p1a: Kingambit|0 fnt\n|-heal|p2a: Kangaskhan|60/100|[from] drain|[of] p1a: Kingambit\n|faint|p1a: Kingambit\n|-hitcount|p1: Kingambit|1\n|move|p2b: Primarina|Hyper Voice|p1b: Aerodactyl\n|-activate|p1b: Aerodactyl|move: Protect\n|\n|upkeep\n|\n|t:|1775967182\n|switch|p1a: Gardevoir|Gardevoir, L50, F|100/100\n|-ability|p1a: Gardevoir|Parental Bond|Trace|[from] ability: Trace|[of] p2a: Kangaskhan\n|turn|5\n|inactive|BananaRamen has 30 seconds left.\n|inactive|BananaRamen has 20 seconds left.\n|\n|t:|1775967220\n|detailschange|p1a: Gardevoir|Gardevoir-Mega, L50, F\n|-mega|p1a: Gardevoir|Gardevoir|Gardevoirite\n|move|p2b: Primarina|Helping Hand|p2a: Kangaskhan\n|-singleturn|p2a: Kangaskhan|Helping Hand|[of] p2b: Primarina\n|move|p2a: Kangaskhan|Sucker Punch|p1a: Gardevoir\n|-damage|p1a: Gardevoir|0 fnt\n|faint|p1a: Gardevoir\n|-hitcount|p1: Gardevoir|1\n|move|p1b: Aerodactyl|Rock Slide|p2a: Kangaskhan|[spread] p2a,p2b\n|-damage|p2a: Kangaskhan|47/100\n|-damage|p2b: Primarina|76/100\n|\n|-heal|p2b: Primarina|82/100|[from] item: Leftovers\n|-sideend|p1: dud2506|move: Tailwind\n|upkeep\n|\n|t:|1775967236\n|switch|p1a: Maushold|Maushold-Four, L50|100/100\n|turn|6\n|-message|dud2506 forfeited.\n|\n|win|BananaRamen\n|raw|dud2506's rating: 1000 &rarr; <strong>1000</strong><br />(+0 for losing)\n|raw|BananaRamen's rating: 1022 &rarr; <strong>1056</strong><br />(+34 for winning)\n|l|\u2606dud2506\n|player|p1|\n",
  "uploadtime": 1775967248,
  "views": 14,
  "formatid": "gen9championsvgc2026regma",
  "rating": 1000,
  "private": 0,
  "password": null
}