{
  "id": "gen9championsvgc2026regma-2587055098",
  "format": "[Gen 9 Champions] VGC 2026 Reg M-A",
  "players": [
    "Miinesweep",
    "srole"
  ],
  "log": "|j|\u2606Miinesweep\n|j|\u2606srole\n|t:|1776487484\n|gametype|doubles\n|player|p1|Miinesweep|skyla|1045\n|player|p2|srole|hugh|1071\n|gen|9\n|tier|[Gen 9 Champions] VGC 2026 Reg M-A\n|rated|\n|rule|Species Clause: Limit one of each Pok\u00e9mon\n|rule|Item Clause: Limit 1 of each item\n|clearpoke\n|poke|p1|Jolteon, L50, M|\n|poke|p1|Manectric, L50, M|\n|poke|p1|Ninetales-Alola, L50, M|\n|poke|p1|Sinistcha, L50|\n|poke|p1|Rotom-Frost, L50|\n|poke|p1|Infernape, L50, F|\n|poke|p2|Tyranitar, L50, F|\n|poke|p2|Aegislash, L50, F|\n|poke|p2|Milotic, L50, M|\n|poke|p2|Sylveon, L50, F|\n|poke|p2|Dragonite, L50, M|\n|poke|p2|Incineroar, L50, M|\n|teampreview|4\n|\n|t:|1776487536\n|teamsize|p1|4\n|teamsize|p2|4\n|start\n|switch|p1a: Jolteon|Jolteon, L50, M|100/100\n|switch|p1b: Manectric|Manectric, L50, M|100/100\n|switch|p2a: Tyranitar|Tyranitar, L50, F|100/100\n|switch|p2b: Incineroar|Incineroar, L50, M|100/100\n|-weather|Sandstorm|[from] ability: Sand Stream|[of] p2a: Tyranitar\n|-ability|p2b: Incineroar|Intimidate|boost\n|-unboost|p1a: Jolteon|atk|1\n|-unboost|p1b: Manectric|atk|1\n|turn|1\n|inactive|Battle timer is ON: inactive players will automatically lose when time's up. (requested by srole)\n|\n|t:|1776487576\n|detailschange|p2a: Tyranitar|Tyranitar-Mega, L50, F\n|-mega|p2a: Tyranitar|Tyranitar|Tyranitarite\n|move|p2b: Incineroar|Fake Out|p1a: Jolteon\n|-damage|p1a: Jolteon|80/100\n|cant|p1a: Jolteon|flinch\n|move|p1b: Manectric|Discharge|p2b: Incineroar|[spread] p2a,p2b\n|-heal|p1a: Jolteon|100/100|[from] ability: Volt Absorb|[of] p1b: Manectric\n|-damage|p2a: Tyranitar|87/100\n|-damage|p2b: Incineroar|77/100\n|-status|p2b: Incineroar|par\n|move|p2a: Tyranitar|Rock Slide|p1b: Manectric|[spread] p1a\n|-miss|p2a: Tyranitar|p1b: Manectric\n|-damage|p1a: Jolteon|43/100\n|\n|-weather|Sandstorm|[upkeep]\n|-damage|p1a: Jolteon|38/100|[from] Sandstorm\n|-damage|p1b: Manectric|95/100|[from] Sandstorm\n|-damage|p2b: Incineroar|71/100 par|[from] Sandstorm\n|upkeep\n|turn|2\n|inactive|Miinesweep has 30 seconds left.\n|inactive|srole has 30 seconds left.\n|inactive|Miinesweep has 20 seconds left.\n|inactive|Miinesweep has 15 seconds left.\n|\n|t:|1776487617\n|switch|p1a: Ninetales|Ninetales-Alola, L50, M|100/100\n|-weather|Snowscape|[from] ability: Snow Warning|[of] p1a: Ninetales\n|detailschange|p1b: Manectric|Manectric-Mega, L50, M\n|-mega|p1b: Manectric|Manectric|Manectite\n|-ability|p1b: Manectric|Intimidate|boost\n|-unboost|p2a: Tyranitar|atk|1\n|-unboost|p2b: Incineroar|atk|1\n|move|p1b: Manectric|Volt Switch|p2b: Incineroar\n|-damage|p2b: Incineroar|42/100 par\n|-enditem|p2b: Incineroar|Sitrus Berry|[eat]\n|-heal|p2b: Incineroar|67/100 par|[from] item: Sitrus Berry\n|\n|t:|1776487634\n|switch|p1b: Jolteon|Jolteon, L50, M|38/100|[from] Volt Switch\n|move|p2a: Tyranitar|Rock Slide|p1b: Jolteon|[spread] p1a,p1b\n|-supereffective|p1a: Ninetales|1\n|-damage|p1a: Ninetales|56/100\n|-damage|p1b: Jolteon|1/100\n|move|p2b: Incineroar|Flare Blitz|p1b: Jolteon\n|-damage|p1b: Jolteon|0 fnt\n|faint|p1b: Jolteon\n|-damage|p2b: Incineroar|67/100 par|[from] Recoil\n|\n|-weather|Snowscape|[upkeep]\n|upkeep\n|\n|t:|1776487648\n|switch|p1b: Infernape|Infernape, L50, F|100/100\n|turn|3\n|\n|t:|1776487666\n|switch|p2a: Aegislash|Aegislash, L50, F|100/100\n|move|p1b: Infernape|Close Combat|p2a: Aegislash\n|-immune|p2a: Aegislash\n|move|p1a: Ninetales|Aurora Veil|p1a: Ninetales\n|-sidestart|p1: Miinesweep|move: Aurora Veil\n|move|p2b: Incineroar|Parting Shot|p1b: Infernape\n|-unboost|p1b: Infernape|atk|1\n|-unboost|p1b: Infernape|spa|1\n|\n|t:|1776487680\n|switch|p2b: Tyranitar|Tyranitar-Mega, L50, F|87/100|[from] Parting Shot\n|-weather|Sandstorm|[from] ability: Sand Stream|[of] p2b: Tyranitar\n|\n|-weather|Sandstorm|[upkeep]\n|-damage|p1a: Ninetales|50/100|[from] Sandstorm\n|-damage|p1b: Infernape|95/100|[from] Sandstorm\n|upkeep\n|turn|4\n|inactive|srole has 30 seconds left.\n|\n|t:|1776487705\n|switch|p1a: Manectric|Manectric-Mega, L50, M|95/100\n|-ability|p1a: Manectric|Intimidate|boost\n|-unboost|p2a: Aegislash|atk|1\n|-unboost|p2b: Tyranitar|atk|1\n|switch|p2b: Incineroar|Incineroar, L50, M|67/100 par\n|-ability|p2b: Incineroar|Intimidate|boost\n|-unboost|p1a: Manectric|atk|1\n|-unboost|p1b: Infernape|atk|1\n|move|p1b: Infernape|Close Combat|p2b: Incineroar\n|-supereffective|p2b: Incineroar|1\n|-damage|p2b: Incineroar|9/100 par\n|-unboost|p1b: Infernape|def|1\n|-unboost|p1b: Infernape|spd|1\n|-formechange|p2a: Aegislash|Aegislash-Blade|\n|move|p2a: Aegislash|Flash Cannon|p1a: Manectric\n|-resisted|p1a: Manectric|1\n|-damage|p1a: Manectric|71/100\n|\n|-weather|Sandstorm|[upkeep]\n|-damage|p1a: Manectric|65/100|[from] Sandstorm\n|-damage|p1b: Infernape|89/100|[from] Sandstorm\n|-damage|p2b: Incineroar|3/100 par|[from] Sandstorm\n|upkeep\n|turn|5\n|inactive|srole has 30 seconds left.\n|inactive|Miinesweep has 30 seconds left.\n|inactive|Miinesweep has 20 seconds left.\n|\n|t:|1776487748\n|move|p1b: Infernape|Helping Hand|p1a: Manectric\n|-singleturn|p1a: Manectric|Helping Hand|[of] p1b: Infernape\n|-formechange|p2a: Aegislash|Aegislash|\n|move|p2a: Aegislash|King's Shield|p2a: Aegislash\n|-singleturn|p2a: Aegislash|Protect\n|move|p1a: Manectric|Snarl|p2b: Incineroar|[spread] p2b\n|-activate|p2a: Aegislash|move: Protect\n|-resisted|p2b: Incineroar|1\n|-damage|p2b: Incineroar|0 fnt\n|faint|p2b: Incineroar\n|\n|-weather|Sandstorm|[upkeep]\n|-damage|p1a: Manectric|59/100|[from] Sandstorm\n|-damage|p1b: Infernape|83/100|[from] Sandstorm\n|upkeep\n|inactive|srole has 30 seconds left.\n|\n|t:|1776487776\n|switch|p2b: Sylveon|Sylveon, L50, F|100/100\n|turn|6\n|\n|t:|1776487783\n|switch|p1b: Ninetales|Ninetales-Alola, L50, M|50/100\n|-weather|Snowscape|[from] ability: Snow Warning|[of] p1b: Ninetales\n|move|p1a: Manectric|Snarl|p2a: Aegislash|[spread] p2a,p2b\n|-supereffective|p2a: Aegislash|1\n|-resisted|p2b: Sylveon|1\n|-damage|p2a: Aegislash|78/100\n|-damage|p2b: Sylveon|95/100\n|-unboost|p2a: Aegislash|spa|1\n|-unboost|p2b: Sylveon|spa|1\n|move|p2b: Sylveon|Hyper Voice|p1a: Manectric|[spread] p1a,p1b\n|-damage|p1a: Manectric|30/100\n|-damage|p1b: Ninetales|30/100\n|-formechange|p2a: Aegislash|Aegislash-Blade|\n|move|p2a: Aegislash|Shadow Ball|p1a: Manectric\n|-damage|p1a: Manectric|4/100\n|-unboost|p1a: Manectric|spd|1\n|\n|-weather|Snowscape|[upkeep]\n|upkeep\n|turn|7\n|inactive|Miinesweep has 30 seconds left.\n|inactive|srole has 30 seconds left.\n|\n|t:|1776487816\n|-formechange|p2a: Aegislash|Aegislash|\n|move|p2a: Aegislash|King's Shield|p2a: Aegislash\n|-singleturn|p2a: Aegislash|Protect\n|move|p1a: Manectric|Volt Switch|p2b: Sylveon\n|-damage|p2b: Sylveon|68/100\n|\n|t:|1776487822\n|switch|p1a: Infernape|Infernape, L50, F|83/100|[from] Volt Switch\n|move|p1b: Ninetales|Disable|p2b: Sylveon\n|-start|p2b: Sylveon|Disable|Hyper Voice\n|cant|p2b: Sylveon|Disable|Hyper Voice\n|\n|-weather|Snowscape|[upkeep]\n|-sideend|p1: Miinesweep|move: Aurora Veil\n|upkeep\n|turn|8\n|inactive|srole has 30 seconds left.\n|inactive|Miinesweep has 30 seconds left.\n|\n|t:|1776487860\n|move|p1a: Infernape|Close Combat|p2b: Sylveon\n|-resisted|p2b: Sylveon|1\n|-damage|p2b: Sylveon|29/100\n|-unboost|p1a: Infernape|def|1\n|-unboost|p1a: Infernape|spd|1\n|move|p1b: Ninetales|Encore|p2a: Aegislash\n|-start|p2a: Aegislash|Encore\n|move|p2a: Aegislash|King's Shield||[still]\n|-fail|p2a: Aegislash\n|move|p2b: Sylveon|Hyper Beam|p1b: Ninetales|[miss]\n|-miss|p2b: Sylveon|p1b: Ninetales\n|\n|-weather|Snowscape|[upkeep]\n|upkeep\n|turn|9\n|inactive|Miinesweep has 30 seconds left.\n|inactive|Miinesweep has 20 seconds left.\n|\n|t:|1776487897\n|switch|p1b: Manectric|Manectric-Mega, L50, M|4/100\n|-ability|p1b: Manectric|Intimidate|boost\n|-unboost|p2a: Aegislash|atk|1\n|-unboost|p2b: Sylveon|atk|1\n|switch|p2a: Tyranitar|Tyranitar-Mega, L50, F|87/100\n|-weather|Sandstorm|[from] ability: Sand Stream|[of] p2a: Tyranitar\n|move|p1a: Infernape|Close Combat|p2a: Tyranitar\n|-supereffective|p2a: Tyranitar|2\n|-damage|p2a: Tyranitar|0 fnt\n|-unboost|p1a: Infernape|def|1\n|-unboost|p1a: Infernape|spd|1\n|faint|p2a: Tyranitar\n|move|p2b: Sylveon|Hyper Beam|p1b: Manectric\n|-damage|p1b: Manectric|0 fnt\n|-mustrecharge|p2b: Sylveon\n|faint|p1b: Manectric\n|\n|-weather|Sandstorm|[upkeep]\n|-damage|p1a: Infernape|77/100|[from] Sandstorm\n|-damage|p2b: Sylveon|23/100|[from] Sandstorm\n|upkeep\n|\n|t:|1776487911\n|switch|p1b: Ninetales|Ninetales-Alola, L50, M|30/100\n|switch|p2a: Aegislash|Aegislash, L50, F|78/100\n|-weather|Snowscape|[from] ability: Snow Warning|[of] p1b: Ninetales\n|turn|10\n|\n|t:|1776487930\n|move|p1a: Infernape|Overheat|p2a: Aegislash\n|-supereffective|p2a: Aegislash|1\n|-damage|p2a: Aegislash|0 fnt\n|-unboost|p1a: Infernape|spa|2\n|faint|p2a: Aegislash\n|move|p1b: Ninetales|Blizzard|p2b: Sylveon\n|-damage|p2b: Sylveon|0 fnt\n|faint|p2b: Sylveon\n|\n|win|Miinesweep\n|raw|Miinesweep's rating: 1045 &rarr; <strong>1081</strong><br />(+36 for winning)\n|raw|srole's rating: 1071 &rarr; <strong>1049</strong><br />(-22 for losing)\n",
  "uploadtime": 1776487933,
  "views": 14,
  "formatid": "gen9championsvgc2026regma",
  "rating": 1049,
  "private": 0,
  "password": null
}