{
  "id": "gen9championsvgc2026regma-2584098992",
  "format": "[Gen 9 Champions] VGC 2026 Reg M-A",
  "players": [
    "funny fish place!",
    "JustaNativeGuy"
  ],
  "log": "|j|\u2606funny fish place!\n|j|\u2606JustaNativeGuy\n|t:|1776224991\n|gametype|doubles\n|player|p1|funny fish place!|guitarist|1118\n|player|p2|JustaNativeGuy|102|1090\n|gen|9\n|tier|[Gen 9 Champions] VGC 2026 Reg M-A\n|rated|\n|rule|Species Clause: Limit one of each Pok\u00e9mon\n|rule|Item Clause: Limit 1 of each item\n|clearpoke\n|poke|p1|Rotom-Heat, L50|\n|poke|p1|Sinistcha, L50|\n|poke|p1|Skarmory, L50, M|\n|poke|p1|Garchomp, L50, F|\n|poke|p1|Ninetales-Alola, L50, F|\n|poke|p1|Sneasler, L50, M|\n|poke|p2|Incineroar, L50, M|\n|poke|p2|Froslass, L50, F|\n|poke|p2|Garchomp, L50, F|\n|poke|p2|Rotom-Frost, L50|\n|poke|p2|Sableye, L50, M|\n|poke|p2|Empoleon, L50, M|\n|teampreview|4\n|\n|t:|1776225053\n|teamsize|p1|4\n|teamsize|p2|4\n|start\n|switch|p1a: Rotom|Rotom-Heat, L50|100/100\n|switch|p1b: Sneasler|Sneasler, L50, M|100/100\n|switch|p2a: Sableye|Sableye, L50, M|100/100\n|switch|p2b: Froslass|Froslass, L50, F|100/100\n|turn|1\n|\n|t:|1776225076\n|switch|p1b: Skarmory|Skarmory, L50, M|100/100\n|switch|p2b: Garchomp|Garchomp, L50, F|100/100\n|move|p2a: Sableye|Imprison|p2a: Sableye\n|-start|p2a: Sableye|move: Imprison\n|move|p1a: Rotom|Overheat|p2b: Garchomp\n|-resisted|p2b: Garchomp|1\n|-damage|p2b: Garchomp|64/100\n|-unboost|p1a: Rotom|spa|2\n|\n|upkeep\n|turn|2\n|\n|t:|1776225113\n|switch|p1a: Sneasler|Sneasler, L50, M|100/100\n|move|p2a: Sableye|Will-O-Wisp|p1b: Skarmory\n|-status|p1b: Skarmory|brn\n|move|p2b: Garchomp|Rock Slide|p1a: Sneasler|[spread] p1a,p1b\n|-resisted|p1a: Sneasler|1\n|-damage|p1a: Sneasler|85/100\n|-damage|p1b: Skarmory|86/100 brn\n|-ability|p1b: Skarmory|Weak Armor|boost\n|-unboost|p1b: Skarmory|def|1\n|-boost|p1b: Skarmory|spe|2\n|move|p1b: Skarmory|Swords Dance|p1b: Skarmory\n|-boost|p1b: Skarmory|atk|2\n|\n|-damage|p1b: Skarmory|81/100 brn|[from] brn\n|upkeep\n|turn|3\n|\n|t:|1776225161\n|detailschange|p1b: Skarmory|Skarmory-Mega, L50, M\n|-mega|p1b: Skarmory|Skarmory|Skarmorite\n|move|p2b: Garchomp|Protect|p2b: Garchomp\n|-singleturn|p2b: Garchomp|Protect\n|move|p2a: Sableye|Will-O-Wisp|p1a: Sneasler\n|-status|p1a: Sneasler|brn\n|move|p1b: Skarmory|Swords Dance|p1b: Skarmory\n|-boost|p1b: Skarmory|atk|2\n|move|p1a: Sneasler|Close Combat|p2b: Garchomp\n|-activate|p2b: Garchomp|move: Protect\n|\n|-damage|p1b: Skarmory|75/100 brn|[from] brn\n|-damage|p1a: Sneasler|79/100 brn|[from] brn\n|upkeep\n|turn|4\n|\n|t:|1776225176\n|switch|p2a: Rotom|Rotom-Frost, L50|100/100\n|move|p1b: Skarmory|Swords Dance|p1b: Skarmory\n|-boost|p1b: Skarmory|atk|2\n|move|p1a: Sneasler|Close Combat|p2b: Garchomp\n|-damage|p2b: Garchomp|38/100\n|-unboost|p1a: Sneasler|def|1\n|-unboost|p1a: Sneasler|spd|1\n|-damage|p1a: Sneasler|67/100 brn|[from] ability: Rough Skin|[of] p2b: Garchomp\n|move|p2b: Garchomp|Earthquake|p1a: Sneasler|[spread] p1a\n|-immune|p2a: Rotom|[from] ability: Levitate\n|-immune|p1b: Skarmory\n|-supereffective|p1a: Sneasler|1\n|-damage|p1a: Sneasler|0 fnt\n|faint|p1a: Sneasler\n|\n|-damage|p1b: Skarmory|69/100 brn|[from] brn\n|upkeep\n|\n|t:|1776225198\n|switch|p1a: Garchomp|Garchomp, L50, F|100/100\n|turn|5\n|\n|t:|1776225219\n|move|p2b: Garchomp|Protect|p2b: Garchomp\n|-singleturn|p2b: Garchomp|Protect\n|move|p1b: Skarmory|Iron Head|p2a: Rotom\n|-damage|p2a: Rotom|0 fnt\n|faint|p2a: Rotom\n|move|p1a: Garchomp|Rock Slide|p2b: Garchomp\n|-activate|p2b: Garchomp|move: Protect\n|\n|-damage|p1b: Skarmory|63/100 brn|[from] brn\n|upkeep\n|\n|t:|1776225231\n|switch|p2a: Sableye|Sableye, L50, M|100/100\n|turn|6\n|\n|t:|1776225247\n|move|p2a: Sableye|Fake Out|p1b: Skarmory\n|-resisted|p1b: Skarmory|1\n|-damage|p1b: Skarmory|58/100 brn\n|cant|p1b: Skarmory|flinch\n|move|p1a: Garchomp|Rock Slide|p2b: Garchomp|[spread] p2a,p2b\n|-resisted|p2b: Garchomp|1\n|-damage|p2a: Sableye|76/100\n|-damage|p2b: Garchomp|29/100\n|cant|p2b: Garchomp|flinch\n|\n|-damage|p1b: Skarmory|52/100 brn|[from] brn\n|upkeep\n|turn|7\n|\n|t:|1776225273\n|move|p2b: Garchomp|Protect|p2b: Garchomp\n|-singleturn|p2b: Garchomp|Protect\n|move|p2a: Sableye|Will-O-Wisp|p1a: Garchomp\n|-status|p1a: Garchomp|brn\n|move|p1b: Skarmory|Iron Head|p2a: Sableye\n|-damage|p2a: Sableye|0 fnt\n|faint|p2a: Sableye\n|move|p1a: Garchomp|Rock Slide|p2b: Garchomp\n|-activate|p2b: Garchomp|move: Protect\n|\n|-damage|p1b: Skarmory|46/100 brn|[from] brn\n|-damage|p1a: Garchomp|94/100 brn|[from] brn\n|upkeep\n|\n|t:|1776225285\n|switch|p2a: Froslass|Froslass, L50, F|100/100\n|turn|8\n|\n|t:|1776225327\n|move|p2a: Froslass|Protect|p2a: Froslass\n|-singleturn|p2a: Froslass|Protect\n|move|p1b: Skarmory|Iron Head|p2a: Froslass\n|-activate|p2a: Froslass|move: Protect\n|move|p1a: Garchomp|Rock Slide|p2a: Froslass|[spread] p2b\n|-activate|p2a: Froslass|move: Protect\n|-resisted|p2b: Garchomp|1\n|-damage|p2b: Garchomp|25/100\n|cant|p2b: Garchomp|flinch\n|\n|-damage|p1b: Skarmory|40/100 brn|[from] brn\n|-damage|p1a: Garchomp|88/100 brn|[from] brn\n|upkeep\n|turn|9\n|\n|t:|1776225351\n|detailschange|p2a: Froslass|Froslass-Mega, L50, F\n|-mega|p2a: Froslass|Froslass|Froslassite\n|-weather|Snowscape|[from] ability: Snow Warning|[of] p2a: Froslass\n|move|p1b: Skarmory|Iron Head|p2a: Froslass\n|-supereffective|p2a: Froslass|1\n|-damage|p2a: Froslass|0 fnt\n|faint|p2a: Froslass\n|move|p1a: Garchomp|Rock Slide|p2b: Garchomp\n|-resisted|p2b: Garchomp|1\n|-damage|p2b: Garchomp|19/100\n|move|p2b: Garchomp|Dragon Claw|p1b: Skarmory\n|-resisted|p1b: Skarmory|1\n|-damage|p1b: Skarmory|7/100 brn\n|\n|-weather|Snowscape|[upkeep]\n|-damage|p1b: Skarmory|1/100 brn|[from] brn\n|-damage|p1a: Garchomp|82/100 brn|[from] brn\n|upkeep\n|turn|10\n|\n|t:|1776225368\n|move|p2b: Garchomp|Protect|p2b: Garchomp\n|-singleturn|p2b: Garchomp|Protect\n|move|p1b: Skarmory|Brave Bird|p2b: Garchomp\n|-activate|p2b: Garchomp|move: Protect\n|move|p1a: Garchomp|Stomping Tantrum|p2b: Garchomp\n|-activate|p2b: Garchomp|move: Protect\n|\n|-weather|Snowscape|[upkeep]\n|-damage|p1b: Skarmory|0 fnt|[from] brn\n|faint|p1b: Skarmory\n|-damage|p1a: Garchomp|76/100 brn|[from] brn\n|upkeep\n|\n|t:|1776225380\n|switch|p1b: Rotom|Rotom-Heat, L50|100/100\n|turn|11\n|\n|t:|1776225386\n|move|p1b: Rotom|Overheat|p2b: Garchomp\n|-resisted|p2b: Garchomp|1\n|-damage|p2b: Garchomp|0 fnt\n|-unboost|p1b: Rotom|spa|2\n|faint|p2b: Garchomp\n|\n|win|funny fish place!\n|raw|funny fish place!'s rating: 1118 &rarr; <strong>1141</strong><br />(+23 for winning)\n|raw|JustaNativeGuy's rating: 1090 &rarr; <strong>1068</strong><br />(-22 for losing)\n",
  "uploadtime": 1776225392,
  "views": 32,
  "formatid": "gen9championsvgc2026regma",
  "rating": 1068,
  "private": 0,
  "password": null
}