{
  "id": "gen9championsvgc2026regma-2588239957",
  "format": "[Gen 9 Champions] VGC 2026 Reg M-A",
  "players": [
    "Florugaxd",
    "PyProd."
  ],
  "log": "|j|\u2606Florugaxd\n|j|\u2606PyProd.\n|t:|1776617202\n|gametype|doubles\n|player|p1|Florugaxd|169|1306\n|player|p2|PyProd.|#lcplxiskittycommittee|1323\n|gen|9\n|tier|[Gen 9 Champions] VGC 2026 Reg M-A\n|rated|\n|rule|Species Clause: Limit one of each Pok\u00e9mon\n|rule|Item Clause: Limit 1 of each item\n|clearpoke\n|poke|p1|Gardevoir, L50, F|\n|poke|p1|Aerodactyl, L50, F|\n|poke|p1|Incineroar, L50, M|\n|poke|p1|Sinistcha, L50|\n|poke|p1|Garchomp, L50, M|\n|poke|p1|Basculegion, L50, M|\n|poke|p2|Aerodactyl, L50, M|\n|poke|p2|Garchomp, L50, M|\n|poke|p2|Floette-Eternal, L50, F|\n|poke|p2|Arcanine-Hisui, L50, F|\n|poke|p2|Sneasler, L50, M|\n|poke|p2|Rotom-Wash, L50|\n|teampreview|4\n|\n|t:|1776617256\n|teamsize|p1|4\n|teamsize|p2|4\n|start\n|switch|p1a: Incineroar|Incineroar, L50, M|100/100\n|switch|p1b: Gardevoir|Gardevoir, L50, F|100/100\n|switch|p2a: Rotom|Rotom-Wash, L50|100/100\n|switch|p2b: Floette|Floette-Eternal, L50, F|100/100\n|-ability|p1a: Incineroar|Intimidate|boost\n|-unboost|p2a: Rotom|atk|1\n|-unboost|p2b: Floette|atk|1\n|turn|1\n|\n|t:|1776617273\n|detailschange|p2b: Floette|Floette-Mega, L50, F\n|-mega|p2b: Floette|Floette|Floettite\n|-ability|p2b: Floette|Fairy Aura\n|detailschange|p1b: Gardevoir|Gardevoir-Mega, L50, F\n|-mega|p1b: Gardevoir|Gardevoir|Gardevoirite\n|move|p2b: Floette|Protect|p2b: Floette\n|-singleturn|p2b: Floette|Protect\n|move|p1a: Incineroar|Fake Out|p2b: Floette\n|-activate|p2b: Floette|move: Protect\n|move|p1b: Gardevoir|Calm Mind|p1b: Gardevoir\n|-boost|p1b: Gardevoir|spa|1\n|-boost|p1b: Gardevoir|spd|1\n|move|p2a: Rotom|Volt Switch|p1b: Gardevoir\n|-damage|p1b: Gardevoir|85/100\n|\n|t:|1776617284\n|switch|p2a: Arcanine|Arcanine-Hisui, L50, F|100/100|[from] Volt Switch\n|-ability|p2a: Arcanine|Intimidate|boost\n|-unboost|p1a: Incineroar|atk|1\n|-unboost|p1b: Gardevoir|atk|1\n|\n|upkeep\n|turn|2\n|\n|t:|1776617297\n|move|p1b: Gardevoir|Protect|p1b: Gardevoir\n|-singleturn|p1b: Gardevoir|Protect\n|move|p2a: Arcanine|Head Smash|p1b: Gardevoir\n|-activate|p1b: Gardevoir|move: Protect\n|move|p2b: Floette|Moonblast|p1a: Incineroar\n|-damage|p1a: Incineroar|46/100\n|move|p1a: Incineroar|Parting Shot|p2a: Arcanine\n|-unboost|p2a: Arcanine|atk|1\n|-unboost|p2a: Arcanine|spa|1\n|\n|t:|1776617317\n|switch|p1a: Sinistcha|Sinistcha, L50|100/100|[from] Parting Shot\n|-heal|p1b: Gardevoir|100/100|[from] ability: Hospitality|[of] p1a: Sinistcha\n|\n|upkeep\n|turn|3\n|\n|t:|1776617337\n|move|p2a: Arcanine|Head Smash|p1b: Gardevoir\n|-damage|p1b: Gardevoir|31/100\n|-damage|p2a: Arcanine|68/100|[from] Recoil\n|move|p2b: Floette|Moonblast|p1b: Gardevoir\n|-damage|p1b: Gardevoir|0 fnt\n|faint|p1b: Gardevoir\n|move|p1a: Sinistcha|Trick Room|p1a: Sinistcha\n|-fieldstart|move: Trick Room|[of] p1a: Sinistcha\n|\n|upkeep\n|\n|t:|1776617347\n|switch|p1b: Incineroar|Incineroar, L50, M|46/100\n|-ability|p1b: Incineroar|Intimidate|boost\n|-unboost|p2a: Arcanine|atk|1\n|-unboost|p2b: Floette|atk|1\n|turn|4\n|\n|t:|1776617360\n|move|p1b: Incineroar|Throat Chop|p2a: Arcanine\n|-damage|p2a: Arcanine|25/100\n|-start|p2a: Arcanine|Throat Chop|[silent]\n|move|p1a: Sinistcha|Matcha Gotcha|p2a: Arcanine|[spread] p2a,p2b\n|-crit|p2a: Arcanine\n|-damage|p2a: Arcanine|0 fnt\n|-damage|p2b: Floette|77/100\n|faint|p2a: Arcanine\n|move|p2b: Floette|Moonblast|p1b: Incineroar\n|-damage|p1b: Incineroar|0 fnt\n|faint|p1b: Incineroar\n|\n|upkeep\n|\n|t:|1776617372\n|switch|p1b: Aerodactyl|Aerodactyl, L50, F|100/100\n|switch|p2a: Rotom|Rotom-Wash, L50|100/100\n|-ability|p1b: Aerodactyl|Unnerve\n|turn|5\n|\n|t:|1776617397\n|move|p1b: Aerodactyl|Protect|p1b: Aerodactyl\n|-singleturn|p1b: Aerodactyl|Protect\n|move|p1a: Sinistcha|Matcha Gotcha|p2b: Floette|[spread] p2a,p2b\n|-supereffective|p2a: Rotom|1\n|-damage|p2a: Rotom|51/100\n|-damage|p2b: Floette|56/100\n|move|p2a: Rotom|Will-O-Wisp|p1b: Aerodactyl\n|-activate|p1b: Aerodactyl|move: Protect\n|move|p2b: Floette|Moonblast|p1a: Sinistcha\n|-damage|p1a: Sinistcha|36/100\n|-enditem|p1a: Sinistcha|Sitrus Berry|[eat]\n|-heal|p1a: Sinistcha|61/100|[from] item: Sitrus Berry\n|\n|upkeep\n|turn|6\n|\n|t:|1776617419\n|move|p1a: Sinistcha|Matcha Gotcha|p2a: Rotom|[spread] p2a,p2b\n|-supereffective|p2a: Rotom|1\n|-damage|p2a: Rotom|4/100\n|-heal|p1a: Sinistcha|82/100|[from] drain|[of] p2a: Rotom\n|-damage|p2b: Floette|34/100\n|-heal|p1a: Sinistcha|92/100|[from] drain|[of] p2b: Floette\n|-status|p2b: Floette|brn\n|move|p2a: Rotom|Volt Switch|p1b: Aerodactyl\n|-supereffective|p1b: Aerodactyl|1\n|-damage|p1b: Aerodactyl|31/100\n|\n|t:|1776617425\n|switch|p2a: Garchomp|Garchomp, L50, M|100/100|[from] Volt Switch\n|move|p2b: Floette|Dazzling Gleam|p1a: Sinistcha|[spread] p1a,p1b\n|-crit|p1b: Aerodactyl\n|-damage|p1a: Sinistcha|49/100\n|-damage|p1b: Aerodactyl|0 fnt\n|faint|p1b: Aerodactyl\n|\n|-damage|p2b: Floette|28/100 brn|[from] brn\n|upkeep\n|turn|7\n|\n|t:|1776617441\n|move|p2a: Garchomp|Protect|p2a: Garchomp\n|-singleturn|p2a: Garchomp|Protect\n|move|p2b: Floette|Protect|p2b: Floette\n|-singleturn|p2b: Floette|Protect\n|move|p1a: Sinistcha|Matcha Gotcha|p2b: Floette|[spread] \n|-activate|p2a: Garchomp|move: Protect\n|-activate|p2b: Floette|move: Protect\n|\n|-damage|p2b: Floette|22/100 brn|[from] brn\n|-fieldend|move: Trick Room\n|upkeep\n|turn|8\n|-message|Florugaxd forfeited.\n|\n|win|PyProd.\n|raw|Florugaxd's rating: 1306 &rarr; <strong>1287</strong><br />(-19 for losing)\n|raw|PyProd.'s rating: 1323 &rarr; <strong>1342</strong><br />(+19 for winning)\n|l|\u2606Florugaxd\n|player|p1|\n",
  "uploadtime": 1776617448,
  "views": 12,
  "formatid": "gen9championsvgc2026regma",
  "rating": 1287,
  "private": 0,
  "password": null
}