{
  "id": "gen9championsvgc2026regma-2586790293",
  "format": "[Gen 9 Champions] VGC 2026 Reg M-A",
  "players": [
    "Yunobo7",
    "Snowykyte"
  ],
  "log": "|j|\u2606Yunobo7\n|j|\u2606Snowykyte\n|t:|1776460120\n|gametype|doubles\n|player|p1|Yunobo7|miku-ghost|1415\n|player|p2|Snowykyte|youngster-gen4dp|1386\n|gen|9\n|tier|[Gen 9 Champions] VGC 2026 Reg M-A\n|rated|\n|rule|Species Clause: Limit one of each Pok\u00e9mon\n|rule|Item Clause: Limit 1 of each item\n|clearpoke\n|poke|p1|Venusaur, L50, M|\n|poke|p1|Milotic, L50, M|\n|poke|p1|Incineroar, L50, F|\n|poke|p1|Aegislash, L50, F|\n|poke|p1|Delphox, L50, F|\n|poke|p1|Sneasler, L50, M|\n|poke|p2|Gardevoir, L50, M|\n|poke|p2|Zoroark-Hisui, L50, M|\n|poke|p2|Excadrill, L50, F|\n|poke|p2|Hydreigon, L50, F|\n|poke|p2|Orthworm, L50, M|\n|poke|p2|Gyarados, L50, M|\n|teampreview|4\n|inactive|Battle timer is ON: inactive players will automatically lose when time's up. (requested by Yunobo7)\n|\n|t:|1776460146\n|teamsize|p1|4\n|teamsize|p2|4\n|start\n|switch|p1a: Milotic|Milotic, L50, M|100/100\n|switch|p1b: Venusaur|Venusaur, L50, M|100/100\n|switch|p2a: Excadrill|Excadrill, L50, F|100/100\n|switch|p2b: Hydreigon|Hydreigon, L50, F|100/100\n|turn|1\n|\n|t:|1776460161\n|detailschange|p1b: Venusaur|Venusaur-Mega, L50, M\n|-mega|p1b: Venusaur|Venusaur|Venusaurite\n|move|p2a: Excadrill|Psychic|p1b: Venusaur\n|-supereffective|p1b: Venusaur|1\n|-crit|p1b: Venusaur\n|-damage|p1b: Venusaur|16/100\n|-unboost|p1b: Venusaur|spd|1\n|move|p2b: Hydreigon|Tailwind|p2b: Hydreigon\n|-sidestart|p2: Snowykyte|move: Tailwind\n|move|p1b: Venusaur|Sleep Powder|p2a: Excadrill\n|-status|p2a: Excadrill|slp|[from] move: Sleep Powder\n|move|p1a: Milotic|Icy Wind|p2b: Hydreigon|[spread] p2a,p2b\n|-supereffective|p2b: Hydreigon|1\n|-damage|p2a: Excadrill|82/100 slp\n|-damage|p2b: Hydreigon|79/100\n|-unboost|p2a: Excadrill|spe|1\n|-unboost|p2b: Hydreigon|spe|1\n|replace|p2a: Zoroark|Zoroark-Hisui, L50, M\n|-end|p2a: Zoroark|Illusion\n|\n|upkeep\n|turn|2\n|\n|t:|1776460181\n|switch|p1b: Incineroar|Incineroar, L50, F|100/100\n|-ability|p1b: Incineroar|Intimidate|boost\n|-unboost|p2a: Zoroark|atk|1\n|-unboost|p2b: Hydreigon|atk|1\n|cant|p2a: Zoroark|slp\n|move|p2b: Hydreigon|Dark Pulse|p1b: Incineroar\n|-resisted|p1b: Incineroar|1\n|-damage|p1b: Incineroar|85/100\n|move|p1a: Milotic|Icy Wind|p2a: Zoroark|[spread] p2a\n|-miss|p1a: Milotic|p2b: Hydreigon\n|-damage|p2a: Zoroark|63/100 slp\n|-unboost|p2a: Zoroark|spe|1\n|\n|upkeep\n|turn|3\n|\n|t:|1776460198\n|switch|p2a: Gyarados|Gyarados, L50, M|100/100\n|-ability|p2a: Gyarados|Intimidate|boost\n|-unboost|p1a: Milotic|atk|1\n|-ability|p1a: Milotic|Competitive|boost\n|-boost|p1a: Milotic|spa|2\n|-unboost|p1b: Incineroar|atk|1\n|move|p2b: Hydreigon|Protect|p2b: Hydreigon\n|-singleturn|p2b: Hydreigon|Protect\n|move|p1a: Milotic|Icy Wind|p2a: Gyarados|[spread] p2a\n|-activate|p2b: Hydreigon|move: Protect\n|-damage|p2a: Gyarados|89/100\n|-unboost|p2a: Gyarados|spe|1\n|move|p1b: Incineroar|Parting Shot|p2b: Hydreigon\n|-activate|p2b: Hydreigon|move: Protect\n|\n|-heal|p2a: Gyarados|95/100|[from] item: Leftovers\n|upkeep\n|turn|4\n|\n|t:|1776460217\n|move|p2b: Hydreigon|Dark Pulse|p1a: Milotic\n|-damage|p1a: Milotic|72/100\n|move|p2a: Gyarados|Waterfall|p1b: Incineroar\n|-supereffective|p1b: Incineroar|1\n|-damage|p1b: Incineroar|22/100\n|-enditem|p1b: Incineroar|Sitrus Berry|[eat]\n|-heal|p1b: Incineroar|47/100|[from] item: Sitrus Berry\n|cant|p1a: Milotic|flinch\n|move|p1b: Incineroar|Parting Shot|p2b: Hydreigon\n|-unboost|p2b: Hydreigon|atk|1\n|-unboost|p2b: Hydreigon|spa|1\n|\n|t:|1776460227\n|switch|p1b: Venusaur|Venusaur-Mega, L50, M|16/100|[from] Parting Shot\n|\n|-heal|p2a: Gyarados|100/100|[from] item: Leftovers\n|-heal|p1a: Milotic|78/100|[from] item: Leftovers\n|-sideend|p2: Snowykyte|move: Tailwind\n|upkeep\n|turn|5\n|\n|t:|1776460232\n|move|p1b: Venusaur|Giga Drain|p2a: Gyarados\n|-damage|p2a: Gyarados|78/100\n|-heal|p1b: Venusaur|28/100|[from] drain|[of] p2a: Gyarados\n|move|p1a: Milotic|Icy Wind|p2b: Hydreigon|[spread] p2a,p2b\n|-supereffective|p2b: Hydreigon|1\n|-damage|p2a: Gyarados|67/100\n|-damage|p2b: Hydreigon|36/100\n|-unboost|p2a: Gyarados|spe|1\n|-unboost|p2b: Hydreigon|spe|1\n|move|p2b: Hydreigon|Draco Meteor|p1b: Venusaur|[miss]\n|-miss|p2b: Hydreigon|p1b: Venusaur\n|move|p2a: Gyarados|Waterfall|p1a: Milotic\n|-resisted|p1a: Milotic|1\n|-damage|p1a: Milotic|64/100\n|\n|-heal|p1a: Milotic|70/100|[from] item: Leftovers\n|-heal|p2a: Gyarados|73/100|[from] item: Leftovers\n|upkeep\n|turn|6\n|\n|t:|1776460250\n|move|p2b: Hydreigon|Protect|p2b: Hydreigon\n|-singleturn|p2b: Hydreigon|Protect\n|move|p1b: Venusaur|Giga Drain|p2a: Gyarados\n|-damage|p2a: Gyarados|50/100\n|-heal|p1b: Venusaur|41/100|[from] drain|[of] p2a: Gyarados\n|move|p1a: Milotic|Icy Wind|p2b: Hydreigon|[spread] p2a\n|-activate|p2b: Hydreigon|move: Protect\n|-damage|p2a: Gyarados|38/100\n|-unboost|p2a: Gyarados|spe|1\n|move|p2a: Gyarados|Thunder Wave|p1b: Venusaur\n|-status|p1b: Venusaur|par\n|\n|-heal|p1a: Milotic|76/100|[from] item: Leftovers\n|-heal|p2a: Gyarados|44/100|[from] item: Leftovers\n|upkeep\n|turn|7\n|\n|t:|1776460269\n|move|p1a: Milotic|Icy Wind|p2a: Gyarados|[spread] p2a,p2b\n|-supereffective|p2b: Hydreigon|1\n|-damage|p2a: Gyarados|32/100\n|-damage|p2b: Hydreigon|0 fnt\n|-unboost|p2a: Gyarados|spe|1\n|faint|p2b: Hydreigon\n|move|p1b: Venusaur|Giga Drain|p2a: Gyarados\n|-damage|p2a: Gyarados|5/100\n|-heal|p1b: Venusaur|55/100 par|[from] drain|[of] p2a: Gyarados\n|move|p2a: Gyarados|Thunder Wave|p1a: Milotic\n|-status|p1a: Milotic|par\n|\n|-heal|p1a: Milotic|82/100 par|[from] item: Leftovers\n|-heal|p2a: Gyarados|11/100|[from] item: Leftovers\n|upkeep\n|\n|t:|1776460276\n|switch|p2b: Excadrill|Excadrill, L50, F|63/100 slp\n|turn|8\n|\n|t:|1776460291\n|-curestatus|p2b: Excadrill|slp|[msg]\n|move|p2b: Excadrill|Hyper Voice|p1b: Venusaur|[spread] p1a,p1b\n|-damage|p1a: Milotic|55/100 par\n|-damage|p1b: Venusaur|26/100 par\n|cant|p1b: Venusaur|par\n|move|p1a: Milotic|Scald|p2a: Gyarados\n|-resisted|p2a: Gyarados|1\n|-damage|p2a: Gyarados|0 fnt\n|faint|p2a: Gyarados\n|\n|-heal|p1a: Milotic|61/100 par|[from] item: Leftovers\n|upkeep\n|\n|t:|1776460300\n|switch|p2a: Excadrill|Excadrill, L50, F|100/100\n|turn|9\n|\n|t:|1776460311\n|move|p2b: Excadrill|Hyper Voice|p1b: Venusaur|[spread] p1a,p1b\n|-damage|p1a: Milotic|37/100 par\n|-damage|p1b: Venusaur|0 fnt\n|faint|p1b: Venusaur\n|move|p2a: Excadrill|High Horsepower|p1a: Milotic\n|-damage|p1a: Milotic|0 fnt\n|faint|p1a: Milotic\n|\n|upkeep\n|\n|t:|1776460314\n|switch|p1b: Incineroar|Incineroar, L50, F|47/100\n|switch|p1a: Aegislash|Aegislash, L50, F|100/100\n|-ability|p1b: Incineroar|Intimidate|boost\n|-unboost|p2a: Excadrill|atk|1\n|-unboost|p2b: Excadrill|atk|1\n|turn|10\n|\n|t:|1776460329\n|move|p2a: Excadrill|Protect|p2a: Excadrill\n|-singleturn|p2a: Excadrill|Protect\n|move|p1b: Incineroar|Fake Out|p2a: Excadrill\n|-activate|p2a: Excadrill|move: Protect\n|move|p2b: Excadrill|Hyper Voice|p1a: Aegislash|[spread] p1b\n|-immune|p1a: Aegislash\n|-damage|p1b: Incineroar|17/100\n|-formechange|p1a: Aegislash|Aegislash-Blade|\n|move|p1a: Aegislash|Iron Head|p2b: Excadrill\n|-damage|p2b: Excadrill|0 fnt\n|replace|p2b: Zoroark|Zoroark-Hisui, L50, M\n|-end|p2b: Zoroark|Illusion\n|faint|p2b: Zoroark\n|\n|upkeep\n|turn|11\n|\n|t:|1776460342\n|-formechange|p1a: Aegislash|Aegislash|\n|move|p1a: Aegislash|King's Shield|p1a: Aegislash\n|-singleturn|p1a: Aegislash|Protect\n|move|p2a: Excadrill|Earthquake|p1a: Aegislash|[spread] p1b\n|-activate|p1a: Aegislash|move: Protect\n|-supereffective|p1b: Incineroar|1\n|-damage|p1b: Incineroar|0 fnt\n|faint|p1b: Incineroar\n|\n|upkeep\n|turn|12\n|\n|t:|1776460349\n|move|p2a: Excadrill|Earthquake|p1a: Aegislash\n|-supereffective|p1a: Aegislash|1\n|-damage|p1a: Aegislash|35/100\n|-formechange|p1a: Aegislash|Aegislash-Blade|\n|move|p1a: Aegislash|Poltergeist|p2a: Excadrill\n|-activate|p2a: Excadrill|move: Poltergeist|Focus Sash\n|-enditem|p2a: Excadrill|Focus Sash\n|-damage|p2a: Excadrill|1/100\n|\n|upkeep\n|turn|13\n|inactive|Snowykyte has 30 seconds left.\n|\n|t:|1776460375\n|move|p2a: Excadrill|Protect|p2a: Excadrill\n|-singleturn|p2a: Excadrill|Protect\n|move|p1a: Aegislash|Shadow Sneak|p2a: Excadrill\n|-activate|p2a: Excadrill|move: Protect\n|\n|upkeep\n|turn|14\n|\n|t:|1776460383\n|move|p1a: Aegislash|Shadow Sneak|p2a: Excadrill\n|-damage|p2a: Excadrill|0 fnt\n|faint|p2a: Excadrill\n|\n|win|Yunobo7\n|raw|Yunobo7's rating: 1415 &rarr; <strong>1433</strong><br />(+18 for winning)\n|raw|Snowykyte's rating: 1386 &rarr; <strong>1368</strong><br />(-18 for losing)\n",
  "uploadtime": 1776460387,
  "views": 65,
  "formatid": "gen9championsvgc2026regma",
  "rating": 1368,
  "private": 0,
  "password": null
}