{
  "id": "gen9championsvgc2026regma-2580721841",
  "format": "[Gen 9 Champions] VGC 2026 Reg M-A",
  "players": [
    "tempest-drax",
    "baosang"
  ],
  "log": "|j|\u2606tempest-drax\n|j|\u2606baosang\n|t:|1775927112\n|gametype|doubles\n|player|p1|tempest-drax|red|1000\n|player|p2|baosang|169|1000\n|gen|9\n|tier|[Gen 9 Champions] VGC 2026 Reg M-A\n|rated|\n|rule|Species Clause: Limit one of each Pok\u00e9mon\n|rule|Item Clause: Limit 1 of each item\n|clearpoke\n|poke|p1|Blastoise, L50, M|\n|poke|p1|Aegislash, L50, M|\n|poke|p1|Garchomp, L50, M|\n|poke|p1|Goodra-Hisui, L50, F|\n|poke|p1|Excadrill, L50, M|\n|poke|p1|Tyranitar, L50, M|\n|poke|p2|Hawlucha, L50, F|\n|poke|p2|Sneasler, L50, M|\n|poke|p2|Kingambit, L50, F|\n|poke|p2|Scovillain, L50, F|\n|poke|p2|Charizard, L50, F|\n|poke|p2|Azumarill, L50, M|\n|teampreview|4\n|\n|t:|1775927126\n|teamsize|p1|4\n|teamsize|p2|4\n|start\n|switch|p1a: Fmaug|Garchomp, L50, M|100/100\n|switch|p1b: Jungmo|Goodra-Hisui, L50, F|100/100\n|switch|p2a: Hawlucha|Hawlucha, L50, F|100/100\n|switch|p2b: Sneasler|Sneasler, L50, M|100/100\n|turn|1\n|\n|t:|1775927146\n|switch|p1b: Thanatos|Tyranitar, L50, M|100/100\n|-weather|Sandstorm|[from] ability: Sand Stream|[of] p1b: Thanatos\n|detailschange|p2a: Hawlucha|Hawlucha-Mega, L50, F\n|-mega|p2a: Hawlucha|Hawlucha|Hawluchanite\n|move|p2b: Sneasler|Fake Out|p1a: Fmaug\n|-damage|p1a: Fmaug|84/100\n|move|p2a: Hawlucha|Low Kick|p1b: Thanatos\n|-supereffective|p1b: Thanatos|2\n|-damage|p1b: Thanatos|0 fnt\n|faint|p1b: Thanatos\n|cant|p1a: Fmaug|flinch\n|\n|-weather|Sandstorm|[upkeep]\n|-damage|p2a: Hawlucha|95/100|[from] Sandstorm\n|-damage|p2b: Sneasler|95/100|[from] Sandstorm\n|upkeep\n|\n|t:|1775927157\n|switch|p1b: Jungmo|Goodra-Hisui, L50, F|100/100\n|turn|2\n|\n|t:|1775927175\n|move|p2a: Hawlucha|Low Kick|p1b: Jungmo\n|-supereffective|p1b: Jungmo|1\n|-damage|p1b: Jungmo|0 fnt\n|faint|p1b: Jungmo\n|move|p2b: Sneasler|Close Combat|p1a: Fmaug|[miss]\n|-miss|p2b: Sneasler|p1a: Fmaug\n|move|p1a: Fmaug|Rock Slide|p2b: Sneasler|[spread] p2a,p2b\n|-resisted|p2b: Sneasler|1\n|-damage|p2a: Hawlucha|72/100\n|-damage|p2b: Sneasler|79/100\n|\n|-weather|Sandstorm|[upkeep]\n|-damage|p2a: Hawlucha|67/100|[from] Sandstorm\n|-damage|p2b: Sneasler|73/100|[from] Sandstorm\n|upkeep\n|\n|t:|1775927188\n|switch|p1b: Simon|Excadrill, L50, M|100/100\n|turn|3\n|\n|t:|1775927201\n|move|p1b: Simon|Rock Slide|p2b: Sneasler|[spread] p2a,p2b\n|-resisted|p2b: Sneasler|1\n|-damage|p2a: Hawlucha|38/100\n|-damage|p2b: Sneasler|51/100\n|cant|p2a: Hawlucha|flinch\n|move|p2b: Sneasler|Close Combat|p1b: Simon\n|-supereffective|p1b: Simon|1\n|-crit|p1b: Simon\n|-damage|p1b: Simon|0 fnt\n|-unboost|p2b: Sneasler|def|1\n|-unboost|p2b: Sneasler|spd|1\n|faint|p1b: Simon\n|move|p1a: Fmaug|Breaking Swipe|p2b: Sneasler|[spread] p2a,p2b\n|-damage|p2a: Hawlucha|10/100\n|-damage|p2b: Sneasler|0 fnt\n|-unboost|p2a: Hawlucha|atk|1\n|faint|p2b: Sneasler\n|\n|-weather|Sandstorm|[upkeep]\n|-damage|p2a: Hawlucha|4/100|[from] Sandstorm\n|upkeep\n|\n|t:|1775927225\n|switch|p2b: Scovillain|Scovillain, L50, F, shiny|100/100\n|turn|4\n|\n|t:|1775927232\n|move|p2a: Hawlucha|Low Kick|p1a: Fmaug\n|-damage|p1a: Fmaug|53/100\n|move|p1a: Fmaug|Rock Slide|p2b: Scovillain|[spread] p2a,p2b\n|-supereffective|p2b: Scovillain|1\n|-damage|p2a: Hawlucha|0 fnt\n|-damage|p2b: Scovillain|42/100\n|-enditem|p2b: Scovillain|Sitrus Berry|[eat]\n|-heal|p2b: Scovillain|67/100|[from] item: Sitrus Berry\n|faint|p2a: Hawlucha\n|cant|p2b: Scovillain|flinch\n|\n|-weather|Sandstorm|[upkeep]\n|-damage|p2b: Scovillain|62/100|[from] Sandstorm\n|upkeep\n|\n|t:|1775927244\n|switch|p2a: Charizard|Charizard, L50, F|100/100\n|turn|5\n|\n|t:|1775927266\n|move|p1a: Fmaug|Rock Slide|p2a: Charizard|[spread] p2a,p2b\n|-supereffective|p2a: Charizard|2\n|-supereffective|p2b: Scovillain|1\n|-damage|p2a: Charizard|0 fnt\n|-damage|p2b: Scovillain|6/100\n|faint|p2a: Charizard\n|move|p2b: Scovillain|Super Fang|p1a: Fmaug\n|-damage|p1a: Fmaug|27/100\n|\n|-weather|none\n|upkeep\n|turn|6\n|\n|t:|1775927279\n|move|p1a: Fmaug|Breaking Swipe|p2b: Scovillain\n|-damage|p2b: Scovillain|0 fnt\n|faint|p2b: Scovillain\n|\n|win|tempest-drax\n|raw|tempest-drax's rating: 1000 &rarr; <strong>1040</strong><br />(+40 for winning)\n|raw|baosang's rating: 1000 &rarr; <strong>1000</strong><br />(+0 for losing)\n|l|\u2606baosang\n|player|p2|\n",
  "uploadtime": 1775927285,
  "views": 10,
  "formatid": "gen9championsvgc2026regma",
  "rating": 1000,
  "private": 0,
  "password": null
}