{
  "id": "gen9championsvgc2026regma-2584376764",
  "format": "[Gen 9 Champions] VGC 2026 Reg M-A",
  "players": [
    "Dabura Karaba",
    "lets buy packs"
  ],
  "log": "|j|\u2606Dabura Karaba\n|j|\u2606lets buy packs\n|t:|1776256203\n|gametype|doubles\n|player|p1|Dabura Karaba|bruno|1021\n|player|p2|lets buy packs|red-masters3|1040\n|gen|9\n|tier|[Gen 9 Champions] VGC 2026 Reg M-A\n|rated|\n|rule|Species Clause: Limit one of each Pok\u00e9mon\n|rule|Item Clause: Limit 1 of each item\n|clearpoke\n|poke|p1|Talonflame, L50, F|\n|poke|p1|Corviknight, L50, M|\n|poke|p1|Araquanid, L50, M|\n|poke|p1|Tsareena, L50, F|\n|poke|p1|Krookodile, L50, M|\n|poke|p1|Beedrill, L50, M|\n|poke|p2|Crabominable, L50, M|\n|poke|p2|Sinistcha, L50|\n|poke|p2|Oranguru, L50, F|\n|poke|p2|Incineroar, L50, F|\n|poke|p2|Gengar, L50, M|\n|poke|p2|Politoed, L50, M|\n|teampreview|4\n|inactive|Battle timer is ON: inactive players will automatically lose when time's up. (requested by lets buy packs)\n|\n|t:|1776256225\n|teamsize|p1|4\n|teamsize|p2|4\n|start\n|switch|p1a: Talonflame|Talonflame, L50, F|100/100\n|switch|p1b: Araquanid|Araquanid, L50, M|100/100\n|switch|p2a: Incineroar|Incineroar, L50, F|100/100\n|switch|p2b: Oranguru|Oranguru, L50, F|100/100\n|-ability|p2a: Incineroar|Intimidate|boost\n|-unboost|p1a: Talonflame|atk|1\n|-unboost|p1b: Araquanid|atk|1\n|-enditem|p1b: Araquanid|White Herb\n|-clearnegativeboost|p1b: Araquanid|[silent]\n|turn|1\n|\n|t:|1776256246\n|move|p1a: Talonflame|Upper Hand||[still]\n|-fail|p1a: Talonflame\n|move|p2a: Incineroar|Parting Shot|p1b: Araquanid\n|-unboost|p1b: Araquanid|atk|1\n|-unboost|p1b: Araquanid|spa|1\n|\n|t:|1776256250\n|switch|p2a: Crabominable|Crabominable, L50, M|100/100|[from] Parting Shot\n|move|p1b: Araquanid|Liquidation|p2a: Crabominable\n|-damage|p2a: Crabominable|63/100\n|move|p2b: Oranguru|Trick Room|p2b: Oranguru\n|-fieldstart|move: Trick Room|[of] p2b: Oranguru\n|\n|upkeep\n|turn|2\n|inactive|Dabura Karaba has 30 seconds left.\n|inactive|Dabura Karaba has 20 seconds left.\n|inactive|Dabura Karaba has 15 seconds left.\n|\n|t:|1776256292\n|switch|p2b: Sinistcha|Sinistcha, L50|100/100\n|-heal|p2a: Crabominable|88/100|[from] ability: Hospitality|[of] p2b: Sinistcha\n|detailschange|p2a: Crabominable|Crabominable-Mega, L50, M\n|-mega|p2a: Crabominable|Crabominable|Crabominite\n|move|p1a: Talonflame|Protect|p1a: Talonflame\n|-singleturn|p1a: Talonflame|Protect\n|move|p2a: Crabominable|Ice Hammer|p1a: Talonflame\n|-activate|p1a: Talonflame|move: Protect\n|move|p1b: Araquanid|Liquidation|p2a: Crabominable\n|-damage|p2a: Crabominable|62/100\n|-unboost|p2a: Crabominable|def|1\n|\n|upkeep\n|turn|3\n|inactive|Dabura Karaba has 30 seconds left.\n|inactive|Dabura Karaba has 20 seconds left.\n|inactive|Dabura Karaba has 15 seconds left.\n|\n|t:|1776256336\n|switch|p1b: Krookodile|Krookodile, L50, M|100/100\n|-ability|p1b: Krookodile|Intimidate|boost\n|-unboost|p2a: Crabominable|atk|1\n|-unboost|p2b: Sinistcha|atk|1\n|move|p1a: Talonflame|Brave Bird|p2a: Crabominable\n|-supereffective|p2a: Crabominable|1\n|-damage|p2a: Crabominable|0 fnt\n|faint|p2a: Crabominable\n|-damage|p1a: Talonflame|74/100|[from] Recoil\n|move|p2b: Sinistcha|Life Dew||[still]\n|-fail|p2b: Sinistcha|heal\n|\n|upkeep\n|\n|t:|1776256343\n|switch|p2a: Incineroar|Incineroar, L50, F|100/100\n|-ability|p2a: Incineroar|Intimidate|boost\n|-unboost|p1a: Talonflame|atk|1\n|-unboost|p1b: Krookodile|atk|1\n|turn|4\n|\n|t:|1776256351\n|move|p1a: Talonflame|Upper Hand||[still]\n|-fail|p1a: Talonflame\n|move|p2a: Incineroar|Throat Chop|p1a: Talonflame\n|-damage|p1a: Talonflame|27/100\n|-start|p1a: Talonflame|Throat Chop|[silent]\n|move|p2b: Sinistcha|Matcha Gotcha|p1b: Krookodile|[spread] p1a,p1b\n|-resisted|p1a: Talonflame|2\n|-supereffective|p1b: Krookodile|1\n|-damage|p1a: Talonflame|17/100\n|-damage|p1b: Krookodile|27/100\n|-enditem|p1b: Krookodile|Sitrus Berry|[eat]\n|-heal|p1b: Krookodile|52/100|[from] item: Sitrus Berry\n|move|p1b: Krookodile|Knock Off|p2b: Sinistcha\n|-supereffective|p2b: Sinistcha|1\n|-damage|p2b: Sinistcha|49/100\n|-enditem|p2b: Sinistcha|Sitrus Berry|[from] move: Knock Off|[of] p1b: Krookodile\n|\n|upkeep\n|turn|5\n|\n|t:|1776256375\n|switch|p2a: Oranguru|Oranguru, L50, F|100/100\n|move|p1b: Krookodile|Protect|p1b: Krookodile\n|-singleturn|p1b: Krookodile|Protect\n|move|p1a: Talonflame|Protect|p1a: Talonflame\n|-singleturn|p1a: Talonflame|Protect\n|move|p2b: Sinistcha|Matcha Gotcha|p1b: Krookodile|[spread] \n|-activate|p1a: Talonflame|move: Protect\n|-activate|p1b: Krookodile|move: Protect\n|\n|-end|p1a: Talonflame|Throat Chop|[silent]\n|-fieldend|move: Trick Room\n|upkeep\n|turn|6\n|inactive|Dabura Karaba has 30 seconds left.\n|inactive|Dabura Karaba has 20 seconds left.\n|\n|t:|1776256411\n|switch|p2b: Incineroar|Incineroar, L50, F|100/100\n|-ability|p2b: Incineroar|Intimidate|boost\n|-unboost|p1a: Talonflame|atk|1\n|-unboost|p1b: Krookodile|atk|1\n|move|p1a: Talonflame|Brave Bird|p2b: Incineroar\n|-crit|p2b: Incineroar\n|-damage|p2b: Incineroar|43/100\n|-damage|p1a: Talonflame|0 fnt|[from] Recoil\n|faint|p1a: Talonflame\n|move|p1b: Krookodile|Knock Off|p2a: Oranguru\n|-supereffective|p2a: Oranguru|1\n|-damage|p2a: Oranguru|63/100\n|-enditem|p2a: Oranguru|Mental Herb|[from] move: Knock Off|[of] p1b: Krookodile\n|move|p2a: Oranguru|Trick Room|p2a: Oranguru\n|-fieldstart|move: Trick Room|[of] p2a: Oranguru\n|\n|upkeep\n|\n|t:|1776256425\n|switch|p1a: Araquanid|Araquanid, L50, M|100/100\n|turn|7\n|\n|t:|1776256439\n|move|p1b: Krookodile|Protect|p1b: Krookodile\n|-singleturn|p1b: Krookodile|Protect\n|move|p1a: Araquanid|Liquidation|p2b: Incineroar\n|-supereffective|p2b: Incineroar|1\n|-damage|p2b: Incineroar|0 fnt\n|faint|p2b: Incineroar\n|move|p2a: Oranguru|Psychic|p1a: Araquanid\n|-damage|p1a: Araquanid|78/100\n|\n|upkeep\n|\n|t:|1776256440\n|switch|p2b: Sinistcha|Sinistcha, L50|49/100\n|-heal|p2a: Oranguru|88/100|[from] ability: Hospitality|[of] p2b: Sinistcha\n|turn|8\n|inactive|Dabura Karaba has 30 seconds left.\n|\n|t:|1776256467\n|move|p1a: Araquanid|Liquidation|p2a: Oranguru\n|-damage|p2a: Oranguru|48/100\n|move|p2b: Sinistcha|Matcha Gotcha|p1b: Krookodile|[spread] p1a,p1b\n|-supereffective|p1b: Krookodile|1\n|-damage|p1a: Araquanid|59/100\n|-heal|p2b: Sinistcha|58/100|[from] drain|[of] p1a: Araquanid\n|-damage|p1b: Krookodile|0 fnt\n|-heal|p2b: Sinistcha|84/100|[from] drain|[of] p1b: Krookodile\n|faint|p1b: Krookodile\n|move|p2a: Oranguru|Encore|p1a: Araquanid\n|-start|p1a: Araquanid|Encore\n|\n|upkeep\n|\n|t:|1776256476\n|switch|p1b: Beedrill|Beedrill, L50, M|100/100\n|turn|9\n|\n|t:|1776256493\n|move|p1b: Beedrill|Protect|p1b: Beedrill\n|-singleturn|p1b: Beedrill|Protect\n|move|p1a: Araquanid|Liquidation|p2a: Oranguru\n|-damage|p2a: Oranguru|7/100\n|move|p2b: Sinistcha|Matcha Gotcha|p1a: Araquanid|[spread] p1a\n|-activate|p1b: Beedrill|move: Protect\n|-damage|p1a: Araquanid|39/100\n|-heal|p2b: Sinistcha|93/100|[from] drain|[of] p1a: Araquanid\n|move|p2a: Oranguru|Psychic|p1b: Beedrill\n|-activate|p1b: Beedrill|move: Protect\n|\n|upkeep\n|turn|10\n|\n|t:|1776256509\n|move|p1b: Beedrill|Protect||[still]\n|-fail|p1b: Beedrill\n|move|p1a: Araquanid|Liquidation|p2a: Oranguru\n|-damage|p2a: Oranguru|0 fnt\n|faint|p2a: Oranguru\n|move|p2b: Sinistcha|Matcha Gotcha|p1b: Beedrill|[spread] p1a,p1b\n|-resisted|p1b: Beedrill|2\n|-damage|p1a: Araquanid|20/100\n|-heal|p2b: Sinistcha|100/100|[from] drain|[of] p1a: Araquanid\n|-damage|p1b: Beedrill|91/100\n|\n|-fieldend|move: Trick Room\n|upkeep\n|turn|11\n|-message|lets buy packs forfeited.\n|\n|win|Dabura Karaba\n|raw|Dabura Karaba's rating: 1021 &rarr; <strong>1060</strong><br />(+39 for winning)\n|raw|lets buy packs's rating: 1040 &rarr; <strong>1023</strong><br />(-17 for losing)\n",
  "uploadtime": 1776256516,
  "views": 18,
  "formatid": "gen9championsvgc2026regma",
  "rating": 1023,
  "private": 0,
  "password": null
}