{
  "id": "gen9championsvgc2026regma-2585122457",
  "format": "[Gen 9 Champions] VGC 2026 Reg M-A",
  "players": [
    "PlazaRayquaza",
    "tzarii"
  ],
  "log": "|j|\u2606PlazaRayquaza\n|j|\u2606tzarii\n|t:|1776314386\n|gametype|doubles\n|player|p1|PlazaRayquaza|calem-masters|1398\n|player|p2|tzarii|lady-gen4|1358\n|gen|9\n|tier|[Gen 9 Champions] VGC 2026 Reg M-A\n|rated|\n|rule|Species Clause: Limit one of each Pok\u00e9mon\n|rule|Item Clause: Limit 1 of each item\n|clearpoke\n|poke|p1|Venusaur, L50, M|\n|poke|p1|Chandelure, L50, M|\n|poke|p1|Farigiraf, L50, F|\n|poke|p1|Whimsicott, L50, F|\n|poke|p1|Pangoro, L50, M|\n|poke|p1|Excadrill, L50, M|\n|poke|p2|Scovillain, L50, F|\n|poke|p2|Aegislash, L50, M|\n|poke|p2|Primarina, L50, M|\n|poke|p2|Sneasler, L50, F|\n|poke|p2|Kommo-o, L50, M|\n|poke|p2|Farigiraf, L50, M|\n|teampreview|4\nPlazaRayquaza rejected open team sheets.\n|\n|t:|1776314453\n|teamsize|p1|4\n|teamsize|p2|4\n|start\n|switch|p1a: CHADlier|Chandelure, L50, M, shiny|100/100\n|switch|p1b: Escalator|Farigiraf, L50, F, shiny|100/100\n|switch|p2a: Scovillain|Scovillain, L50, F|100/100\n|switch|p2b: Sneasler|Sneasler, L50, F|100/100\n|turn|1\n|\n|t:|1776314484\n|switch|p2b: Farigiraf|Farigiraf, L50, M|100/100\n|detailschange|p1a: CHADlier|Chandelure-Mega, L50, M, shiny\n|-mega|p1a: CHADlier|Chandelure|Chandelurite\n|detailschange|p2a: Scovillain|Scovillain-Mega, L50, F\n|-mega|p2a: Scovillain|Scovillain|Scovillainite\n|move|p2a: Scovillain|Protect|p2a: Scovillain\n|-singleturn|p2a: Scovillain|Protect\n|move|p1a: CHADlier|Calm Mind|p1a: CHADlier\n|-boost|p1a: CHADlier|spa|1\n|-boost|p1a: CHADlier|spd|1\n|move|p1b: Escalator|Imprison|p1b: Escalator\n|-start|p1b: Escalator|move: Imprison\n|\n|upkeep\n|turn|2\n|\n|t:|1776314499\n|switch|p2b: Primarina|Primarina, L50, M|100/100\n|move|p1a: CHADlier|Heat Wave|p2b: Primarina|[spread] p2a,p2b\n|-resisted|p2b: Primarina|1\n|-damage|p2a: Scovillain|13/100\n|-damage|p2b: Primarina|70/100\n|-immune|p1a: CHADlier\n|move|p2a: Scovillain|Leech Seed|p1a: CHADlier\n|-start|p1a: CHADlier|move: Leech Seed\n|move|p1b: Escalator|Psychic Noise|p2b: Primarina\n|-damage|p2b: Primarina|43/100\n|-start|p2b: Primarina|move: Heal Block\n|\n|-damage|p1a: CHADlier|89/100|[from] Leech Seed|[of] p2a: Scovillain\n|-heal|p2a: Scovillain|25/100|[silent]\n|upkeep\n|turn|3\n|\n|t:|1776314517\n|move|p2a: Scovillain|Rage Powder|p2a: Scovillain\n|-singleturn|p2a: Scovillain|move: Rage Powder\n|move|p1a: CHADlier|Heat Wave|p2b: Primarina|[spread] p2b\n|-miss|p1a: CHADlier|p2a: Scovillain\n|-resisted|p2b: Primarina|1\n|-damage|p2b: Primarina|9/100\n|move|p1b: Escalator|Psychic Noise|p2a: Scovillain\n|-damage|p2a: Scovillain|0 fnt\n|-status|p1b: Escalator|brn|[from] ability: Spicy Spray|[of] p2a: Scovillain\n|faint|p2a: Scovillain\n|move|p2b: Primarina|Hyper Voice|p1a: CHADlier|[spread] p1a,p1b\n|-supereffective|p1a: CHADlier|1\n|-damage|p1a: CHADlier|41/100\n|-damage|p1b: Escalator|67/100 brn\n|\n|-damage|p1b: Escalator|61/100 brn|[from] brn\n|-end|p2b: Primarina|move: Heal Block\n|upkeep\n|-enditem|p2b: Primarina|Sitrus Berry|[eat]\n|-heal|p2b: Primarina|33/100|[from] item: Sitrus Berry\n|\n|t:|1776314546\n|switch|p2a: Sneasler|Sneasler, L50, F|100/100\n|turn|4\n|\n|t:|1776314553\n|move|p2a: Sneasler|Close Combat|p1b: Escalator\n|-damage|p1b: Escalator|0 fnt\n|-unboost|p2a: Sneasler|def|1\n|-unboost|p2a: Sneasler|spd|1\n|faint|p1b: Escalator\n|-enditem|p2a: Sneasler|White Herb\n|-clearnegativeboost|p2a: Sneasler|[silent]\n|move|p1a: CHADlier|Shadow Ball|p2b: Primarina\n|-damage|p2b: Primarina|0 fnt\n|faint|p2b: Primarina\n|\n|-damage|p1a: CHADlier|29/100|[from] Leech Seed|[of] p2a: Sneasler\n|upkeep\n|\n|t:|1776314560\n|switch|p1b: FluffPuff|Whimsicott, L50, F, shiny|100/100\n|switch|p2b: Farigiraf|Farigiraf, L50, M|100/100\n|turn|5\n|\n|t:|1776314581\n|move|p1b: FluffPuff|Sunny Day|p1b: FluffPuff\n|-weather|SunnyDay\n|move|p2a: Sneasler|Dire Claw|p1a: CHADlier\n|-resisted|p1a: CHADlier|1\n|-damage|p1a: CHADlier|8/100\n|move|p1a: CHADlier|Heat Wave|p2a: Sneasler|[spread] p2a,p2b\n|-damage|p2a: Sneasler|0 fnt\n|-damage|p2b: Farigiraf|0 fnt\n|faint|p2a: Sneasler\n|faint|p2b: Farigiraf\n|\n|win|PlazaRayquaza\n|raw|PlazaRayquaza's rating: 1398 &rarr; <strong>1416</strong><br />(+18 for winning)\n|raw|tzarii's rating: 1358 &rarr; <strong>1340</strong><br />(-18 for losing)\n|l|\u2606tzarii\n|player|p2|\n",
  "uploadtime": 1776314595,
  "views": 36,
  "formatid": "gen9championsvgc2026regma",
  "rating": 1340,
  "private": 0,
  "password": null
}