{
  "id": "gen9championsvgc2026regma-2580683439",
  "format": "[Gen 9 Champions] VGC 2026 Reg M-A",
  "players": [
    "bunearyboicherry",
    "MinasDevilCrobats"
  ],
  "log": "|j|\u2606bunearyboicherry\n|j|\u2606MinasDevilCrobats\n|t:|1775923997\n|gametype|doubles\n|player|p1|bunearyboicherry|preschoolerf-gen6|1000\n|player|p2|MinasDevilCrobats|darach-caitlin|1097\n|gen|9\n|tier|[Gen 9 Champions] VGC 2026 Reg M-A\n|rated|\n|rule|Species Clause: Limit one of each Pok\u00e9mon\n|rule|Item Clause: Limit 1 of each item\n|clearpoke\n|poke|p1|Crabominable, L50, F|\n|poke|p1|Farigiraf, L50, M|\n|poke|p1|Drampa, L50, F|\n|poke|p1|Reuniclus, L50, F|\n|poke|p1|Typhlosion-Hisui, L50, M|\n|poke|p1|Chesnaught, L50, F|\n|poke|p2|Glimmora, L50, M|\n|poke|p2|Rotom-Wash, L50|\n|poke|p2|Sneasler, L50, M|\n|poke|p2|Whimsicott, L50, M|\n|poke|p2|Dragapult, L50, F|\n|poke|p2|Incineroar, L50, F|\n|teampreview|4\n|inactive|Battle timer is ON: inactive players will automatically lose when time's up. (requested by MinasDevilCrobats)\n|inactive|MinasDevilCrobats has 30 seconds left.\n|\n|t:|1775924062\n|teamsize|p1|4\n|teamsize|p2|4\n|start\n|switch|p1a: Farigiraf|Farigiraf, L50, M, shiny|100/100\n|switch|p1b: Drampa|Drampa, L50, F|100/100\n|switch|p2a: Dragapult|Dragapult, L50, F|100/100\n|switch|p2b: Incineroar|Incineroar, L50, F|100/100\n|-ability|p2b: Incineroar|Intimidate|boost\n|-unboost|p1a: Farigiraf|atk|1\n|-unboost|p1b: Drampa|atk|1\n|-ability|p1b: Drampa|Cloud Nine\n|turn|1\n|inactive|bunearyboicherry has 30 seconds left.\n|\n|t:|1775924091\n|move|p2a: Dragapult|Light Screen|p2a: Dragapult\n|-sidestart|p2: MinasDevilCrobats|move: Light Screen\n|move|p2b: Incineroar|Darkest Lariat|p1a: Farigiraf\n|-supereffective|p1a: Farigiraf|1\n|-enditem|p1a: Farigiraf|Colbur Berry|[eat]\n|-enditem|p1a: Farigiraf|Colbur Berry|[weaken]\n|-damage|p1a: Farigiraf|70/100\n|move|p1b: Drampa|Draco Meteor|p2a: Dragapult\n|-supereffective|p2a: Dragapult|1\n|-damage|p2a: Dragapult|0 fnt\n|-unboost|p1b: Drampa|spa|2\n|faint|p2a: Dragapult\n|move|p1a: Farigiraf|Trick Room|p1a: Farigiraf\n|-fieldstart|move: Trick Room|[of] p1a: Farigiraf\n|\n|upkeep\n|inactive|MinasDevilCrobats has 30 seconds left.\n|inactive|MinasDevilCrobats has 20 seconds left.\n|inactive|MinasDevilCrobats has 15 seconds left.\n|\n|t:|1775924136\n|switch|p2a: Glimmora|Glimmora, L50, M|100/100\n|turn|2\n|\n|t:|1775924142\n|switch|p1b: Crabominable|Crabominable, L50, F|100/100\n|detailschange|p2a: Glimmora|Glimmora-Mega, L50, M\n|-mega|p2a: Glimmora|Glimmora|Glimmoranite\n|move|p2a: Glimmora|Spiky Shield|p2a: Glimmora\n|-singleturn|p2a: Glimmora|move: Protect\n|move|p1a: Farigiraf|Twin Beam|p2a: Glimmora\n|-activate|p2a: Glimmora|move: Protect\n|move|p2b: Incineroar|Darkest Lariat|p1a: Farigiraf\n|-supereffective|p1a: Farigiraf|1\n|-damage|p1a: Farigiraf|9/100\n|\n|upkeep\n|turn|3\n|inactive|bunearyboicherry has 30 seconds left.\n|inactive|bunearyboicherry has 20 seconds left.\n|inactive|bunearyboicherry has 15 seconds left.\n|inactive|bunearyboicherry has 10 seconds left.\n|\n|t:|1775924190\n|switch|p2a: Rotom|Rotom-Wash, L50|100/100\n|detailschange|p1b: Crabominable|Crabominable-Mega, L50, F\n|-mega|p1b: Crabominable|Crabominable|Crabominite\n|move|p1b: Crabominable|Ice Hammer|p2a: Rotom\n|-resisted|p2a: Rotom|1\n|-damage|p2a: Rotom|68/100\n|-unboost|p1b: Crabominable|spe|1\n|move|p1a: Farigiraf|Twin Beam|p2a: Rotom\n|-damage|p2a: Rotom|56/100\n|-damage|p2a: Rotom|45/100\n|-enditem|p2a: Rotom|Sitrus Berry|[eat]\n|-heal|p2a: Rotom|70/100|[from] item: Sitrus Berry\n|-hitcount|p2a: Rotom|2\n|move|p2b: Incineroar|Darkest Lariat|p1a: Farigiraf\n|-supereffective|p1a: Farigiraf|1\n|-damage|p1a: Farigiraf|0 fnt\n|faint|p1a: Farigiraf\n|\n|upkeep\n|\n|t:|1775924200\n|switch|p1a: Chesnaught|Chesnaught, L50, F|100/100\n|turn|4\n|inactive|MinasDevilCrobats has 30 seconds left.\n|\n|t:|1775924230\n|move|p1b: Crabominable|Drain Punch|p2b: Incineroar\n|-supereffective|p2b: Incineroar|1\n|-enditem|p2b: Incineroar|Chople Berry|[eat]\n|-enditem|p2b: Incineroar|Chople Berry|[weaken]\n|-damage|p2b: Incineroar|51/100\n|move|p1a: Chesnaught|Wood Hammer|p2a: Rotom\n|-supereffective|p2a: Rotom|1\n|-damage|p2a: Rotom|0 fnt\n|faint|p2a: Rotom\n|-damage|p1a: Chesnaught|82/100|[from] Recoil\n|move|p2b: Incineroar|Flare Blitz|p1a: Chesnaught\n|-supereffective|p1a: Chesnaught|1\n|-damage|p1a: Chesnaught|13/100\n|-damage|p2b: Incineroar|29/100|[from] Recoil\n|\n|upkeep\n|\n|t:|1775924243\n|switch|p2a: Glimmora|Glimmora-Mega, L50, M|100/100\n|turn|5\n|\n|t:|1775924254\n|move|p2a: Glimmora|Spiky Shield|p2a: Glimmora\n|-singleturn|p2a: Glimmora|move: Protect\n|move|p1b: Crabominable|Ice Hammer|p2a: Glimmora\n|-activate|p2a: Glimmora|move: Protect\n|-damage|p1b: Crabominable|88/100|[from] Spiky Shield|[of] p2a: Glimmora\n|move|p1a: Chesnaught|Body Press|p2b: Incineroar\n|-supereffective|p2b: Incineroar|1\n|-damage|p2b: Incineroar|0 fnt\n|faint|p2b: Incineroar\n|\n|-sideend|p2: MinasDevilCrobats|move: Light Screen\n|-fieldend|move: Trick Room\n|upkeep\n|turn|6\n|\n|t:|1775924268\n|move|p1b: Crabominable|Wide Guard|p1b: Crabominable\n|-singleturn|p1b: Crabominable|Wide Guard\n|move|p2a: Glimmora|Sludge Bomb|p1b: Crabominable\n|-damage|p1b: Crabominable|26/100\n|move|p1a: Chesnaught|Wood Hammer|p2a: Glimmora\n|-damage|p2a: Glimmora|38/100\n|-damage|p1a: Chesnaught|0 fnt|[from] Recoil\n|faint|p1a: Chesnaught\n|\n|upkeep\n|\n|t:|1775924273\n|switch|p1a: Drampa|Drampa, L50, F|100/100\n|-ability|p1a: Drampa|Cloud Nine\n|turn|7\n|\n|t:|1775924282\n|move|p2a: Glimmora|Spiky Shield|p2a: Glimmora\n|-singleturn|p2a: Glimmora|move: Protect\n|move|p1b: Crabominable|Mach Punch|p2a: Glimmora\n|-activate|p2a: Glimmora|move: Protect\n|-damage|p1b: Crabominable|14/100|[from] Spiky Shield|[of] p2a: Glimmora\n|move|p1a: Drampa|Earth Power|p2a: Glimmora\n|-activate|p2a: Glimmora|move: Protect\n|\n|upkeep\n|turn|8\n|\n|t:|1775924296\n|move|p1b: Crabominable|Mach Punch|p2a: Glimmora\n|-damage|p2a: Glimmora|2/100\n|move|p2a: Glimmora|Sludge Bomb|p1a: Drampa\n|-damage|p1a: Drampa|29/100\n|move|p1a: Drampa|Earth Power|p2a: Glimmora\n|-supereffective|p2a: Glimmora|2\n|-damage|p2a: Glimmora|0 fnt\n|faint|p2a: Glimmora\n|\n|win|bunearyboicherry\n|raw|bunearyboicherry's rating: 1000 &rarr; <strong>1051</strong><br />(+51 for winning)\n|raw|MinasDevilCrobats's rating: 1097 &rarr; <strong>1066</strong><br />(-31 for losing)\n|l|\u2606MinasDevilCrobats\n|player|p2|\n",
  "uploadtime": 1775924308,
  "views": 10,
  "formatid": "gen9championsvgc2026regma",
  "rating": 1051,
  "private": 0,
  "password": null
}