{
  "id": "gen9championsvgc2026regma-2580764601",
  "format": "[Gen 9 Champions] VGC 2026 Reg M-A",
  "players": [
    "MinasDevilCrobats",
    "sgronfolox"
  ],
  "log": "|j|\u2606MinasDevilCrobats\n|j|\u2606sgronfolox\n|t:|1775930612\n|gametype|doubles\n|player|p1|MinasDevilCrobats|darach-caitlin|1133\n|player|p2|sgronfolox|preschooler|1179\n|gen|9\n|tier|[Gen 9 Champions] VGC 2026 Reg M-A\n|rated|\n|rule|Species Clause: Limit one of each Pok\u00e9mon\n|rule|Item Clause: Limit 1 of each item\n|clearpoke\n|poke|p1|Glimmora, L50, M|\n|poke|p1|Rotom-Wash, L50|\n|poke|p1|Sneasler, L50, F|\n|poke|p1|Whimsicott, L50, F|\n|poke|p1|Dragapult, L50, F|\n|poke|p1|Incineroar, L50, M|\n|poke|p2|Archaludon, L50, M|\n|poke|p2|Sinistcha, L50|\n|poke|p2|Dragonite, L50, M|\n|poke|p2|Pelipper, L50, M|\n|poke|p2|Basculegion, L50, M|\n|poke|p2|Sneasler, L50, F|\n|teampreview|4\n|\n|t:|1775930643\n|teamsize|p1|4\n|teamsize|p2|4\n|start\n|switch|p1a: Whimsicott|Whimsicott, L50, F|100/100\n|switch|p1b: Dragapult|Dragapult, L50, F|100/100\n|switch|p2a: Pelipper|Pelipper, L50, M|100/100\n|switch|p2b: Archaludon|Archaludon, L50, M|100/100\n|-weather|RainDance|[from] ability: Drizzle|[of] p2a: Pelipper\n|turn|1\n|\n|t:|1775930663\n|move|p1a: Whimsicott|Helping Hand|p1b: Dragapult\n|-singleturn|p1b: Dragapult|Helping Hand|[of] p1a: Whimsicott\n|move|p1b: Dragapult|Draco Meteor|p2b: Archaludon\n|-damage|p2b: Archaludon|28/100\n|-unboost|p1b: Dragapult|spa|2\n|-enditem|p2b: Archaludon|Sitrus Berry|[eat]\n|-heal|p2b: Archaludon|53/100|[from] item: Sitrus Berry\n|move|p2a: Pelipper|Tailwind|p2a: Pelipper\n|-sidestart|p2: sgronfolox|move: Tailwind\n|move|p2b: Archaludon|Electro Shot||[still]\n|-prepare|p2b: Archaludon|Electro Shot\n|-boost|p2b: Archaludon|spa|1\n|-anim|p2b: Archaludon|Electro Shot|p1b: Dragapult\n|-resisted|p1b: Dragapult|1\n|-damage|p1b: Dragapult|62/100\n|\n|-weather|RainDance|[upkeep]\n|upkeep\n|turn|2\n|\n|t:|1775930689\n|move|p1a: Whimsicott|Tailwind|p1a: Whimsicott\n|-sidestart|p1: MinasDevilCrobats|move: Tailwind\n|move|p1b: Dragapult|Light Screen|p1b: Dragapult\n|-sidestart|p1: MinasDevilCrobats|move: Light Screen\n|move|p2a: Pelipper|Hurricane|p1a: Whimsicott\n|-supereffective|p1a: Whimsicott|1\n|-damage|p1a: Whimsicott|5/100\n|move|p2b: Archaludon|Electro Shot||[still]\n|-prepare|p2b: Archaludon|Electro Shot\n|-boost|p2b: Archaludon|spa|1\n|-anim|p2b: Archaludon|Electro Shot|p1b: Dragapult\n|-resisted|p1b: Dragapult|1\n|-damage|p1b: Dragapult|31/100\n|\n|-weather|RainDance|[upkeep]\n|upkeep\n|turn|3\n|\n|t:|1775930710\n|move|p1b: Dragapult|Draco Meteor|p2b: Archaludon\n|-damage|p2b: Archaludon|26/100\n|-unboost|p1b: Dragapult|spa|2\n|move|p1a: Whimsicott|Moonblast|p2b: Archaludon\n|-damage|p2b: Archaludon|0 fnt\n|faint|p2b: Archaludon\n|move|p2a: Pelipper|Hurricane|p1a: Whimsicott\n|-supereffective|p1a: Whimsicott|1\n|-damage|p1a: Whimsicott|0 fnt\n|faint|p1a: Whimsicott\n|\n|-weather|RainDance|[upkeep]\n|upkeep\n|\n|t:|1775930720\n|switch|p1a: Rotom|Rotom-Wash, L50|100/100\n|switch|p2b: Basculegion|Basculegion, L50, M|100/100\n|turn|4\n|\n|t:|1775930749\n|move|p2b: Basculegion|Last Respects|p1a: Rotom\n|-damage|p1a: Rotom|59/100\n|move|p1b: Dragapult|Reflect|p1b: Dragapult\n|-sidestart|p1: MinasDevilCrobats|Reflect\n|move|p2a: Pelipper|Hurricane|p1a: Rotom\n|-resisted|p1a: Rotom|1\n|-damage|p1a: Rotom|46/100\n|-enditem|p1a: Rotom|Sitrus Berry|[eat]\n|-heal|p1a: Rotom|71/100|[from] item: Sitrus Berry\n|move|p1a: Rotom|Will-O-Wisp|p2b: Basculegion\n|-status|p2b: Basculegion|brn\n|\n|-weather|RainDance|[upkeep]\n|-damage|p2b: Basculegion|94/100 brn|[from] brn\n|-sideend|p2: sgronfolox|move: Tailwind\n|upkeep\n|turn|5\n|\n|t:|1775930769\n|move|p1b: Dragapult|Shadow Ball|p2b: Basculegion\n|-supereffective|p2b: Basculegion|1\n|-damage|p2b: Basculegion|72/100 brn\n|-unboost|p2b: Basculegion|spd|1\n|move|p2b: Basculegion|Last Respects|p1a: Rotom\n|-damage|p1a: Rotom|58/100\n|move|p1a: Rotom|Thunderbolt|p2a: Pelipper\n|-supereffective|p2a: Pelipper|2\n|-enditem|p2a: Pelipper|Focus Sash\n|-damage|p2a: Pelipper|1/100\n|move|p2a: Pelipper|Tailwind|p2a: Pelipper\n|-sidestart|p2: sgronfolox|move: Tailwind\n|\n|-weather|none\n|-damage|p2b: Basculegion|66/100 brn|[from] brn\n|-sideend|p1: MinasDevilCrobats|move: Tailwind\n|upkeep\n|turn|6\n|\n|t:|1775930789\n|switch|p2a: Dragonite|Dragonite, L50, M|100/100\n|switch|p1b: Glimmora|Glimmora, L50, M|100/100\n|move|p2b: Basculegion|Flip Turn|p1a: Rotom\n|-resisted|p1a: Rotom|1\n|-damage|p1a: Rotom|52/100\n|\n|t:|1775930797\n|switch|p2b: Pelipper|Pelipper, L50, M|1/100|[from] Flip Turn\n|-weather|RainDance|[from] ability: Drizzle|[of] p2b: Pelipper\n|move|p1a: Rotom|Thunderbolt|p2b: Pelipper\n|-supereffective|p2b: Pelipper|2\n|-damage|p2b: Pelipper|0 fnt\n|faint|p2b: Pelipper\n|\n|-weather|RainDance|[upkeep]\n|-sideend|p1: MinasDevilCrobats|move: Light Screen\n|upkeep\n|\n|t:|1775930809\n|switch|p2b: Basculegion|Basculegion, L50, M|66/100 brn\n|turn|7\n|\n|t:|1775930819\n|detailschange|p2a: Dragonite|Dragonite-Mega, L50, M\n|-mega|p2a: Dragonite|Dragonite|Dragoninite\n|detailschange|p1b: Glimmora|Glimmora-Mega, L50, M\n|-mega|p1b: Glimmora|Glimmora|Glimmoranite\n|move|p2b: Basculegion|Wave Crash|p1b: Glimmora\n|-supereffective|p1b: Glimmora|1\n|-damage|p1b: Glimmora|33/100\n|-damage|p2b: Basculegion|48/100 brn|[from] Recoil\n|move|p2a: Dragonite|Hurricane|p1a: Rotom\n|-resisted|p1a: Rotom|1\n|-damage|p1a: Rotom|24/100\n|move|p1b: Glimmora|Power Gem|p2a: Dragonite\n|-supereffective|p2a: Dragonite|1\n|-damage|p2a: Dragonite|45/100\n|move|p1a: Rotom|Thunderbolt|p2b: Basculegion\n|-supereffective|p2b: Basculegion|1\n|-damage|p2b: Basculegion|0 fnt\n|faint|p2b: Basculegion\n|\n|-weather|RainDance|[upkeep]\n|upkeep\n|turn|8\n|-message|sgronfolox forfeited.\n|\n|win|MinasDevilCrobats\n|raw|MinasDevilCrobats's rating: 1133 &rarr; <strong>1161</strong><br />(+28 for winning)\n|raw|sgronfolox's rating: 1179 &rarr; <strong>1151</strong><br />(-28 for losing)\n|l|\u2606sgronfolox\n|player|p2|\n",
  "uploadtime": 1775930846,
  "views": 25,
  "formatid": "gen9championsvgc2026regma",
  "rating": 1151,
  "private": 0,
  "password": null
}