{
  "id": "gen9championsvgc2026regma-2587725526",
  "format": "[Gen 9 Champions] VGC 2026 Reg M-A",
  "players": [
    "GenericEdgeLrd",
    "tomyuki"
  ],
  "log": "|j|\u2606GenericEdgeLrd\n|j|\u2606tomyuki\n|t:|1776557745\n|gametype|doubles\n|player|p1|GenericEdgeLrd|gentleman-gen4|1125\n|player|p2|tomyuki|n|1154\n|gen|9\n|tier|[Gen 9 Champions] VGC 2026 Reg M-A\n|rated|\n|rule|Species Clause: Limit one of each Pok\u00e9mon\n|rule|Item Clause: Limit 1 of each item\n|clearpoke\n|poke|p1|Glimmora, L50, M, shiny|\n|poke|p1|Orthworm, L50, M|\n|poke|p1|Garchomp, L50, F|\n|poke|p1|Sinistcha, L50|\n|poke|p1|Farigiraf, L50, F|\n|poke|p1|Avalugg, L50, F|\n|poke|p2|Meganium, L50, M|\n|poke|p2|Aegislash, L50, M, shiny|\n|poke|p2|Aerodactyl, L50, F|\n|poke|p2|Tauros-Paldea-Aqua, L50, M|\n|poke|p2|Typhlosion-Hisui, L50, F, shiny|\n|poke|p2|Kangaskhan, L50, F, shiny|\n|teampreview|4\n|inactive|Battle timer is ON: inactive players will automatically lose when time's up. (requested by GenericEdgeLrd)\n|inactive|tomyuki has 60 seconds left.\n|\n|t:|1776557794\n|teamsize|p1|4\n|teamsize|p2|4\n|start\n|switch|p1a: Garchomp|Garchomp, L50, F|100/100\n|switch|p1b: Orthworm|Orthworm, L50, M|100/100\n|switch|p2a: Tauros|Tauros-Paldea-Aqua, L50, M|100/100\n|switch|p2b: Aerodactyl|Aerodactyl, L50, F|100/100\n|-ability|p2b: Aerodactyl|Unnerve\n|-ability|p2a: Tauros|Intimidate|boost\n|-unboost|p1a: Garchomp|atk|1\n|-unboost|p1b: Orthworm|atk|1\n|turn|1\n|\n|t:|1776557815\n|move|p2b: Aerodactyl|Tailwind|p2b: Aerodactyl\n|-sidestart|p2: tomyuki|move: Tailwind\n|move|p2a: Tauros|Close Combat|p1b: Orthworm\n|-supereffective|p1b: Orthworm|1\n|-damage|p1b: Orthworm|39/100\n|-unboost|p2a: Tauros|def|1\n|-unboost|p2a: Tauros|spd|1\n|-enditem|p2a: Tauros|White Herb\n|-clearnegativeboost|p2a: Tauros|[silent]\n|move|p1a: Garchomp|Earthquake|p2b: Aerodactyl|[spread] p2a\n|-heal|p1b: Orthworm|64/100|[from] ability: Earth Eater|[of] p1a: Garchomp\n|-immune|p2b: Aerodactyl\n|-damage|p2a: Tauros|77/100\n|move|p1b: Orthworm|Shed Tail|p1b: Orthworm\n|-start|p1b: Orthworm|Substitute|[from] move: Shed Tail\n|-damage|p1b: Orthworm|14/100\n|\n|t:|1776557820\n|switch|p1b: Glimmora|Glimmora, L50, M, shiny|100/100|[from] Shed Tail\n|\n|upkeep\n|turn|2\n|\n|t:|1776557836\n|switch|p1a: Orthworm|Orthworm, L50, M|14/100\n|detailschange|p1b: Glimmora|Glimmora-Mega, L50, M, shiny\n|-mega|p1b: Glimmora|Glimmora|Glimmoranite\n|move|p2b: Aerodactyl|Rock Slide|p1a: Orthworm|[spread] p1a,p1b\n|-end|p1b: Glimmora|Substitute\n|-resisted|p1a: Orthworm|1\n|-damage|p1a: Orthworm|7/100\n|move|p2a: Tauros|Wave Crash|p1a: Orthworm\n|-damage|p1a: Orthworm|0 fnt\n|faint|p1a: Orthworm\n|-damage|p2a: Tauros|75/100|[from] Recoil\n|move|p1b: Glimmora|Power Gem|p2b: Aerodactyl\n|-supereffective|p2b: Aerodactyl|1\n|-enditem|p2b: Aerodactyl|Focus Sash\n|-damage|p2b: Aerodactyl|1/100\n|\n|upkeep\n|\n|t:|1776557852\n|switch|p1a: Sinistcha|Sinistcha, L50|100/100\n|turn|3\n|\n|t:|1776557862\n|move|p1b: Glimmora|Protect|p1b: Glimmora\n|-singleturn|p1b: Glimmora|Protect\n|move|p2b: Aerodactyl|Dual Wingbeat|p1a: Sinistcha|[miss]\n|-miss|p2b: Aerodactyl|p1a: Sinistcha\n|move|p2a: Tauros|Wave Crash|p1b: Glimmora\n|-activate|p1b: Glimmora|move: Protect\n|move|p1a: Sinistcha|Matcha Gotcha|p2a: Tauros|[spread] p2a,p2b\n|-supereffective|p2a: Tauros|1\n|-damage|p2a: Tauros|15/100\n|-damage|p2b: Aerodactyl|0 fnt\n|faint|p2b: Aerodactyl\n|\n|upkeep\n|\n|t:|1776557876\n|switch|p2b: Kangaskhan|Kangaskhan, L50, F, shiny|100/100\n|turn|4\n|\n|t:|1776557890\n|switch|p1b: Garchomp|Garchomp, L50, F|100/100\n|detailschange|p2b: Kangaskhan|Kangaskhan-Mega, L50, F, shiny\n|-mega|p2b: Kangaskhan|Kangaskhan|Kangaskhanite\n|move|p2b: Kangaskhan|Fake Out|p1b: Garchomp|[miss]\n|-miss|p2b: Kangaskhan|p1b: Garchomp\n|move|p2a: Tauros|Wave Crash|p1b: Garchomp\n|-damage|p1b: Garchomp|44/100\n|-damage|p2a: Tauros|0 fnt|[from] Recoil\n|faint|p2a: Tauros\n|move|p1a: Sinistcha|Matcha Gotcha|p2b: Kangaskhan\n|-damage|p2b: Kangaskhan|70/100\n|\n|-sideend|p2: tomyuki|move: Tailwind\n|upkeep\n|\n|t:|1776557904\n|switch|p2a: Aegislash|Aegislash, L50, M, shiny|100/100\n|turn|5\n|\n|t:|1776557919\n|switch|p1a: Glimmora|Glimmora-Mega, L50, M, shiny|100/100\n|move|p1b: Garchomp|Protect|p1b: Garchomp\n|-singleturn|p1b: Garchomp|Protect\n|move|p2b: Kangaskhan|Sucker Punch||[still]\n|-fail|p2b: Kangaskhan\n|-formechange|p2a: Aegislash|Aegislash-Blade|\n|move|p2a: Aegislash|Poltergeist|p1b: Garchomp\n|-activate|p1b: Garchomp|move: Protect\n|\n|upkeep\n|turn|6\n|\n|t:|1776557938\n|switch|p1a: Sinistcha|Sinistcha, L50|100/100\n|-heal|p1b: Garchomp|69/100|[from] ability: Hospitality|[of] p1a: Sinistcha\n|move|p1b: Garchomp|Earthquake|p2a: Aegislash|[spread] p1a,p2a,p2b\n|-resisted|p1a: Sinistcha|1\n|-supereffective|p2a: Aegislash|1\n|-damage|p1a: Sinistcha|86/100\n|-damage|p2a: Aegislash|0 fnt\n|-damage|p2b: Kangaskhan|35/100\n|faint|p2a: Aegislash\n|move|p2b: Kangaskhan|Drain Punch|p1b: Garchomp|[miss]\n|-miss|p2b: Kangaskhan|p1b: Garchomp\n|\n|upkeep\n|turn|7\n|\n|t:|1776557954\n|switch|p1a: Glimmora|Glimmora-Mega, L50, M, shiny|100/100\n|move|p2b: Kangaskhan|Sucker Punch||[still]\n|-fail|p2b: Kangaskhan\n|move|p1b: Garchomp|Dragon Claw|p2b: Kangaskhan\n|-damage|p2b: Kangaskhan|0 fnt\n|faint|p2b: Kangaskhan\n|\n|win|GenericEdgeLrd\n|raw|GenericEdgeLrd's rating: 1125 &rarr; <strong>1152</strong><br />(+27 for winning)\n|raw|tomyuki's rating: 1154 &rarr; <strong>1127</strong><br />(-27 for losing)\n|l|\u2606tomyuki\n|player|p2|\n",
  "uploadtime": 1776557966,
  "views": 11,
  "formatid": "gen9championsvgc2026regma",
  "rating": 1127,
  "private": 0,
  "password": null
}