{
  "id": "gen9championsvgc2026regma-2588422614",
  "format": "[Gen 9 Champions] VGC 2026 Reg M-A",
  "players": [
    "sneedjak",
    "Mag10"
  ],
  "log": "|j|\u2606sneedjak\n|j|\u2606Mag10\n|t:|1776632206\n|gametype|doubles\n|player|p1|sneedjak|170|1273\n|player|p2|Mag10|170|1326\n|gen|9\n|tier|[Gen 9 Champions] VGC 2026 Reg M-A\n|rated|\n|rule|Species Clause: Limit one of each Pok\u00e9mon\n|rule|Item Clause: Limit 1 of each item\n|clearpoke\n|poke|p1|Aerodactyl, L50, F|\n|poke|p1|Sinistcha, L50|\n|poke|p1|Kingambit, L50, M|\n|poke|p1|Excadrill, L50, F|\n|poke|p1|Tyranitar, L50, F|\n|poke|p1|Incineroar, L50, F|\n|poke|p2|Scovillain, L50, F|\n|poke|p2|Incineroar, L50, M|\n|poke|p2|Farigiraf, L50, M|\n|poke|p2|Gallade, L50, M|\n|poke|p2|Kingambit, L50, F|\n|poke|p2|Pelipper, L50, M|\n|teampreview|4\n|\n|t:|1776632233\n|teamsize|p1|4\n|teamsize|p2|4\n|start\n|switch|p1a: Aerodactyl|Aerodactyl, L50, F|100/100\n|switch|p1b: Tyranitar|Tyranitar, L50, F|100/100\n|switch|p2a: Scovillain|Scovillain, L50, F|100/100\n|switch|p2b: Farigiraf|Farigiraf, L50, M|100/100\n|-ability|p1a: Aerodactyl|Unnerve\n|-weather|Sandstorm|[from] ability: Sand Stream|[of] p1b: Tyranitar\n|turn|1\n|\n|t:|1776632245\n|detailschange|p2a: Scovillain|Scovillain-Mega, L50, F\n|-mega|p2a: Scovillain|Scovillain|Scovillainite\n|move|p2a: Scovillain|Rage Powder|p2a: Scovillain\n|-singleturn|p2a: Scovillain|move: Rage Powder\n|move|p1a: Aerodactyl|Rock Slide|p2b: Farigiraf|[spread] p2a,p2b\n|-supereffective|p2a: Scovillain|1\n|-damage|p2a: Scovillain|54/100\n|-damage|p2b: Farigiraf|75/100\n|-status|p1a: Aerodactyl|brn|[from] ability: Spicy Spray|[of] p2a: Scovillain\n|move|p1b: Tyranitar|Rock Slide|p2b: Farigiraf|[spread] p2a,p2b\n|-supereffective|p2a: Scovillain|1\n|-damage|p2a: Scovillain|0 fnt\n|-damage|p2b: Farigiraf|40/100\n|-status|p1b: Tyranitar|brn|[from] ability: Spicy Spray|[of] p2a: Scovillain\n|faint|p2a: Scovillain\n|cant|p2b: Farigiraf|flinch\n|\n|-weather|Sandstorm|[upkeep]\n|-damage|p2b: Farigiraf|34/100|[from] Sandstorm\n|-damage|p1a: Aerodactyl|95/100 brn|[from] brn\n|-damage|p1b: Tyranitar|95/100 brn|[from] brn\n|upkeep\n|\n|t:|1776632287\n|switch|p2a: Pelipper|Pelipper, L50, M|100/100\n|-weather|RainDance|[from] ability: Drizzle|[of] p2a: Pelipper\n|turn|2\n|\n|t:|1776632292\n|detailschange|p1b: Tyranitar|Tyranitar-Mega, L50, F\n|-mega|p1b: Tyranitar|Tyranitar|Tyranitarite\n|-weather|Sandstorm|[from] ability: Sand Stream|[of] p1b: Tyranitar\n|move|p1a: Aerodactyl|Rock Slide|p2b: Farigiraf|[spread] p2a,p2b\n|-supereffective|p2a: Pelipper|1\n|-damage|p2a: Pelipper|75/100\n|-damage|p2b: Farigiraf|21/100\n|move|p1b: Tyranitar|Rock Slide|p2a: Pelipper|[spread] p2a\n|-miss|p1b: Tyranitar|p2b: Farigiraf\n|-supereffective|p2a: Pelipper|1\n|-damage|p2a: Pelipper|35/100\n|move|p2a: Pelipper|Muddy Water|p1a: Aerodactyl|[spread] p1a,p1b\n|-supereffective|p1a: Aerodactyl|1\n|-supereffective|p1b: Tyranitar|1\n|-damage|p1a: Aerodactyl|18/100 brn\n|-damage|p1b: Tyranitar|49/100 brn\n|cant|p2b: Farigiraf|flinch\n|\n|-weather|Sandstorm|[upkeep]\n|-damage|p2a: Pelipper|29/100|[from] Sandstorm\n|-damage|p2b: Farigiraf|15/100|[from] Sandstorm\n|-damage|p1a: Aerodactyl|13/100 brn|[from] brn\n|-damage|p1b: Tyranitar|43/100 brn|[from] brn\n|upkeep\n|turn|3\n|c|\u2606Mag10|Bro double flinch\n|\n|t:|1776632321\n|move|p2a: Pelipper|Wide Guard|p2a: Pelipper\n|-singleturn|p2a: Pelipper|Wide Guard\n|move|p1a: Aerodactyl|Rock Slide|p2b: Farigiraf|[spread] \n|-activate|p2a: Pelipper|move: Wide Guard\n|-activate|p2b: Farigiraf|move: Wide Guard\n|move|p1b: Tyranitar|Rock Slide|p2b: Farigiraf|[spread] \n|-activate|p2a: Pelipper|move: Wide Guard\n|-activate|p2b: Farigiraf|move: Wide Guard\n|move|p2b: Farigiraf|Trick Room|p2b: Farigiraf\n|-fieldstart|move: Trick Room|[of] p2b: Farigiraf\n|\n|-weather|Sandstorm|[upkeep]\n|-damage|p2b: Farigiraf|9/100|[from] Sandstorm\n|-damage|p2a: Pelipper|23/100|[from] Sandstorm\n|-damage|p1b: Tyranitar|38/100 brn|[from] brn\n|-damage|p1a: Aerodactyl|7/100 brn|[from] brn\n|upkeep\n|turn|4\n|\n|t:|1776632341\n|switch|p2a: Gallade|Gallade, L50, M|100/100\n|move|p2b: Farigiraf|Hyper Voice|p1b: Tyranitar|[spread] p1a,p1b\n|-resisted|p1a: Aerodactyl|1\n|-resisted|p1b: Tyranitar|1\n|-damage|p1a: Aerodactyl|0 fnt\n|-damage|p1b: Tyranitar|28/100 brn\n|-enditem|p2b: Farigiraf|Sitrus Berry|[eat]\n|-heal|p2b: Farigiraf|34/100|[from] item: Sitrus Berry\n|faint|p1a: Aerodactyl\n|move|p1b: Tyranitar|Crunch|p2a: Gallade\n|-damage|p2a: Gallade|66/100\n|-unboost|p2a: Gallade|def|1\n|\n|-weather|Sandstorm|[upkeep]\n|-damage|p2b: Farigiraf|28/100|[from] Sandstorm\n|-damage|p2a: Gallade|60/100|[from] Sandstorm\n|-damage|p1b: Tyranitar|22/100 brn|[from] brn\n|upkeep\n|\n|t:|1776632350\n|switch|p1a: Incineroar|Incineroar, L50, F|100/100\n|-ability|p1a: Incineroar|Intimidate|boost\n|-unboost|p2a: Gallade|atk|1\n|-unboost|p2b: Farigiraf|atk|1\n|turn|5\n|\n|t:|1776632358\n|move|p1a: Incineroar|Fake Out||[still]\n|cant|p2b: Farigiraf|ability: Armor Tail|Fake Out|[of] p1a: Incineroar\n|move|p2b: Farigiraf|Hyper Voice|p1b: Tyranitar|[spread] p1a,p1b\n|-resisted|p1b: Tyranitar|1\n|-damage|p1a: Incineroar|68/100\n|-damage|p1b: Tyranitar|13/100 brn\n|move|p2a: Gallade|Sacred Sword|p1a: Incineroar\n|-supereffective|p1a: Incineroar|1\n|-enditem|p1a: Incineroar|Chople Berry|[eat]\n|-enditem|p1a: Incineroar|Chople Berry|[weaken]\n|-damage|p1a: Incineroar|7/100\n|move|p1b: Tyranitar|Stomping Tantrum|p2b: Farigiraf\n|-damage|p2b: Farigiraf|11/100\n|\n|-weather|Sandstorm|[upkeep]\n|-damage|p2b: Farigiraf|5/100|[from] Sandstorm\n|-damage|p2a: Gallade|54/100|[from] Sandstorm\n|-damage|p1a: Incineroar|2/100|[from] Sandstorm\n|-damage|p1b: Tyranitar|7/100 brn|[from] brn\n|upkeep\n|turn|6\n|\n|t:|1776632370\n|move|p1b: Tyranitar|Protect|p1b: Tyranitar\n|-singleturn|p1b: Tyranitar|Protect\n|move|p2b: Farigiraf|Hyper Voice|p1a: Incineroar|[spread] p1a\n|-activate|p1b: Tyranitar|move: Protect\n|-damage|p1a: Incineroar|0 fnt\n|faint|p1a: Incineroar\n|move|p2a: Gallade|Sacred Sword|p1b: Tyranitar\n|-activate|p1b: Tyranitar|move: Protect\n|\n|-weather|none\n|-damage|p1b: Tyranitar|2/100 brn|[from] brn\n|upkeep\n|\n|t:|1776632378\n|switch|p1a: Sinistcha|Sinistcha, L50|100/100\n|-heal|p1b: Tyranitar|26/100 brn|[from] ability: Hospitality|[of] p1a: Sinistcha\n|turn|7\n|\n|t:|1776632402\n|move|p1a: Sinistcha|Rage Powder|p1a: Sinistcha\n|-singleturn|p1a: Sinistcha|move: Rage Powder\n|move|p2b: Farigiraf|Psychic|p1a: Sinistcha\n|-damage|p1a: Sinistcha|37/100\n|-unboost|p1a: Sinistcha|spd|1\n|move|p2a: Gallade|Sacred Sword|p1a: Sinistcha\n|-immune|p1a: Sinistcha\n|move|p1b: Tyranitar|Rock Slide|p2b: Farigiraf|[spread] p2a,p2b\n|-resisted|p2a: Gallade|1\n|-damage|p2a: Gallade|34/100\n|-damage|p2b: Farigiraf|0 fnt\n|faint|p2b: Farigiraf\n|\n|-damage|p1b: Tyranitar|20/100 brn|[from] brn\n|-fieldend|move: Trick Room\n|upkeep\n|\n|t:|1776632407\n|switch|p2b: Pelipper|Pelipper, L50, M|23/100\n|-weather|RainDance|[from] ability: Drizzle|[of] p2b: Pelipper\n|turn|8\n|\n|t:|1776632420\n|move|p1b: Tyranitar|Protect|p1b: Tyranitar\n|-singleturn|p1b: Tyranitar|Protect\n|move|p2b: Pelipper|Wide Guard|p2b: Pelipper\n|-singleturn|p2b: Pelipper|Wide Guard\n|move|p1a: Sinistcha|Strength Sap|p2a: Gallade\n|-unboost|p2a: Gallade|atk|1\n|-heal|p1a: Sinistcha|100/100\n|move|p2a: Gallade|Psycho Cut|p1a: Sinistcha\n|-damage|p1a: Sinistcha|75/100\n|\n|-weather|RainDance|[upkeep]\n|-damage|p1b: Tyranitar|15/100 brn|[from] brn\n|upkeep\n|turn|9\n|\n|t:|1776632435\n|move|p2b: Pelipper|Wide Guard|p2b: Pelipper\n|-singleturn|p2b: Pelipper|Wide Guard\n|move|p1b: Tyranitar|Crunch|p2b: Pelipper\n|-damage|p2b: Pelipper|0 fnt\n|faint|p2b: Pelipper\n|move|p1a: Sinistcha|Matcha Gotcha|p2a: Gallade\n|-activate|p2a: Gallade|move: Wide Guard\n|move|p2a: Gallade|Trick Room|p2a: Gallade\n|-fieldstart|move: Trick Room|[of] p2a: Gallade\n|\n|-weather|RainDance|[upkeep]\n|-damage|p1b: Tyranitar|9/100 brn|[from] brn\n|upkeep\n|turn|10\n|\n|t:|1776632453\n|move|p2a: Gallade|Protect|p2a: Gallade\n|-singleturn|p2a: Gallade|Protect\n|move|p1a: Sinistcha|Rage Powder|p1a: Sinistcha\n|-singleturn|p1a: Sinistcha|move: Rage Powder\n|move|p1b: Tyranitar|Crunch|p2a: Gallade\n|-activate|p2a: Gallade|move: Protect\n|\n|-weather|RainDance|[upkeep]\n|-damage|p1b: Tyranitar|3/100 brn|[from] brn\n|upkeep\n|turn|11\n|\n|t:|1776632462\n|move|p1a: Sinistcha|Rage Powder|p1a: Sinistcha\n|-singleturn|p1a: Sinistcha|move: Rage Powder\n|move|p2a: Gallade|Psycho Cut|p1a: Sinistcha\n|-damage|p1a: Sinistcha|52/100\n|move|p1b: Tyranitar|Crunch|p2a: Gallade\n|-damage|p2a: Gallade|0 fnt\n|faint|p2a: Gallade\n|\n|win|sneedjak\n|raw|sneedjak's rating: 1273 &rarr; <strong>1302</strong><br />(+29 for winning)\n|raw|Mag10's rating: 1326 &rarr; <strong>1303</strong><br />(-23 for losing)\n|l|\u2606Mag10\n|player|p2|\n",
  "uploadtime": 1776632471,
  "views": 15,
  "formatid": "gen9championsvgc2026regma",
  "rating": 1302,
  "private": 0,
  "password": null
}