{
  "id": "gen9championsvgc2026regma-2587989997",
  "format": "[Gen 9 Champions] VGC 2026 Reg M-A",
  "players": [
    "B. Farro",
    "LordBuddington"
  ],
  "log": "|j|\u2606B. Farro\n|j|\u2606LordBuddington\n|t:|1776589552\n|gametype|doubles\n|player|p1|B. Farro|ingo|1156\n|player|p2|LordBuddington|2|1110\n|gen|9\n|tier|[Gen 9 Champions] VGC 2026 Reg M-A\n|rated|\n|rule|Species Clause: Limit one of each Pok\u00e9mon\n|rule|Item Clause: Limit 1 of each item\n|clearpoke\n|poke|p1|Glimmora, L50, M|\n|poke|p1|Whimsicott, L50, M|\n|poke|p1|Altaria, L50, F|\n|poke|p1|Talonflame, L50, F|\n|poke|p1|Garchomp, L50, F|\n|poke|p1|Weavile, L50, F|\n|poke|p2|Aggron, L50, M|\n|poke|p2|Slowking-Galar, L50, M|\n|poke|p2|Weavile, L50, M|\n|poke|p2|Gyarados, L50, M|\n|poke|p2|Floette-Eternal, L50, F|\n|poke|p2|Sinistcha, L50|\n|teampreview|4\n|inactive|Battle timer is ON: inactive players will automatically lose when time's up. (requested by LordBuddington)\n|inactive|B. Farro has 60 seconds left.\n|inactive|LordBuddington has 60 seconds left.\n|inactive|B. Farro has 30 seconds left.\n|inactive|LordBuddington has 30 seconds left.\n|inactive|B. Farro has 20 seconds left.\n|inactive|LordBuddington has 20 seconds left.\n|inactive|B. Farro has 15 seconds left.\n|\n|t:|1776589631\n|teamsize|p1|4\n|teamsize|p2|4\n|start\n|switch|p1a: Weavile|Weavile, L50, F|100/100\n|switch|p1b: Whimsicott|Whimsicott, L50, M|100/100\n|switch|p2a: Gyarados|Gyarados, L50, M|100/100\n|switch|p2b: Floette|Floette-Eternal, L50, F|100/100\n|-ability|p1a: Weavile|Pressure\n|-ability|p2a: Gyarados|Intimidate|boost\n|-unboost|p1a: Weavile|atk|1\n|-unboost|p1b: Whimsicott|atk|1\n|turn|1\n|inactive|B. Farro has 30 seconds left.\n|\n|t:|1776589660\n|detailschange|p2b: Floette|Floette-Mega, L50, F\n|-mega|p2b: Floette|Floette|Floettite\n|-ability|p2b: Floette|Fairy Aura\n|move|p1a: Weavile|Fake Out|p2b: Floette\n|-damage|p2b: Floette|91/100\n|move|p1b: Whimsicott|Tailwind|p1b: Whimsicott\n|-sidestart|p1: B. Farro|move: Tailwind\n|cant|p2b: Floette|flinch\n|move|p2a: Gyarados|Dragon Dance|p2a: Gyarados\n|-boost|p2a: Gyarados|atk|1\n|-boost|p2a: Gyarados|spe|1\n|\n|upkeep\n|turn|2\n|inactive|B. Farro has 30 seconds left.\n|inactive|B. Farro has 20 seconds left.\n|inactive|LordBuddington has 30 seconds left.\n|inactive|LordBuddington has 20 seconds left.\n|inactive|LordBuddington has 15 seconds left.\n|inactive|LordBuddington has 10 seconds left.\n|\n|t:|1776589715\n|move|p1a: Weavile|Triple Axel|p2b: Floette\n|-damage|p2b: Floette|82/100\n|-damage|p2b: Floette|68/100\n|-damage|p2b: Floette|46/100\n|-hitcount|p2b: Floette|3\n|move|p1b: Whimsicott|Moonblast|p2b: Floette\n|-damage|p2b: Floette|13/100\n|move|p2b: Floette|Calm Mind|p2b: Floette\n|-boost|p2b: Floette|spa|1\n|-boost|p2b: Floette|spd|1\n|move|p2a: Gyarados|Temper Flare|p1a: Weavile\n|-supereffective|p1a: Weavile|1\n|-enditem|p1a: Weavile|Focus Sash\n|-damage|p1a: Weavile|1/100\n|\n|upkeep\n|turn|3\n|inactive|B. Farro has 30 seconds left.\n|inactive|LordBuddington has 30 seconds left.\n|\n|t:|1776589748\n|move|p2b: Floette|Protect|p2b: Floette\n|-singleturn|p2b: Floette|Protect\n|move|p1a: Weavile|Triple Axel|p2a: Gyarados|[miss]\n|-miss|p1a: Weavile|p2a: Gyarados\n|move|p1b: Whimsicott|Moonblast|p2a: Gyarados\n|-damage|p2a: Gyarados|62/100\n|move|p2a: Gyarados|Temper Flare|p1b: Whimsicott\n|-supereffective|p1b: Whimsicott|1\n|-damage|p1b: Whimsicott|0 fnt\n|faint|p1b: Whimsicott\n|\n|upkeep\n|\n|t:|1776589761\n|switch|p1b: Glimmora|Glimmora, L50, M|100/100\n|turn|4\n|\n|t:|1776589773\n|switch|p2b: Sinistcha|Sinistcha, L50|100/100\n|-heal|p2a: Gyarados|87/100|[from] ability: Hospitality|[of] p2b: Sinistcha\n|detailschange|p1b: Glimmora|Glimmora-Mega, L50, M\n|-mega|p1b: Glimmora|Glimmora|Glimmoranite\n|move|p2a: Gyarados|Protect|p2a: Gyarados\n|-singleturn|p2a: Gyarados|Protect\n|move|p1a: Weavile|Triple Axel|p2b: Sinistcha\n|-supereffective|p2b: Sinistcha|1\n|-damage|p2b: Sinistcha|88/100\n|-supereffective|p2b: Sinistcha|1\n|-damage|p2b: Sinistcha|62/100\n|-supereffective|p2b: Sinistcha|1\n|-damage|p2b: Sinistcha|21/100\n|-enditem|p2b: Sinistcha|Sitrus Berry|[eat]\n|-heal|p2b: Sinistcha|46/100|[from] item: Sitrus Berry\n|-hitcount|p2b: Sinistcha|3\n|move|p1b: Glimmora|Power Gem|p2a: Gyarados\n|-activate|p2a: Gyarados|move: Protect\n|\n|-sideend|p1: B. Farro|move: Tailwind\n|upkeep\n|turn|5\n|inactive|B. Farro has 30 seconds left.\n|inactive|LordBuddington has 30 seconds left.\n|\n|t:|1776589805\n|move|p1b: Glimmora|Spiky Shield|p1b: Glimmora\n|-singleturn|p1b: Glimmora|move: Protect\n|move|p1a: Weavile|Knock Off|p2b: Sinistcha\n|-supereffective|p2b: Sinistcha|1\n|-damage|p2b: Sinistcha|0 fnt\n|faint|p2b: Sinistcha\n|move|p2a: Gyarados|Waterfall|p1b: Glimmora\n|-activate|p1b: Glimmora|move: Protect\n|-damage|p2a: Gyarados|74/100|[from] Spiky Shield|[of] p1b: Glimmora\n|\n|upkeep\n|\n|t:|1776589823\n|switch|p2b: Aggron|Aggron, L50, M|100/100\n|turn|6\n|\n|t:|1776589844\n|move|p1a: Weavile|Knock Off|p2b: Aggron\n|-damage|p2b: Aggron|87/100\n|move|p1b: Glimmora|Earth Power|p2b: Aggron\n|-supereffective|p2b: Aggron|2\n|-damage|p2b: Aggron|0 fnt\n|faint|p2b: Aggron\n|move|p2a: Gyarados|Waterfall|p1b: Glimmora\n|-supereffective|p1b: Glimmora|1\n|-damage|p1b: Glimmora|0 fnt\n|faint|p1b: Glimmora\n|\n|upkeep\n|\n|t:|1776589856\n|switch|p1b: Garchomp|Garchomp, L50, F|100/100\n|switch|p2b: Floette|Floette-Mega, L50, F|13/100\n|-ability|p2b: Floette|Fairy Aura\n|turn|7\n|\n|t:|1776589879\n|move|p2b: Floette|Protect|p2b: Floette\n|-singleturn|p2b: Floette|Protect\n|move|p1a: Weavile|Triple Axel|p2b: Floette\n|-activate|p2b: Floette|move: Protect\n|move|p1b: Garchomp|Dragon Claw|p2a: Gyarados\n|-damage|p2a: Gyarados|24/100\n|move|p2a: Gyarados|Waterfall|p1a: Weavile\n|-damage|p1a: Weavile|0 fnt\n|faint|p1a: Weavile\n|\n|upkeep\n|turn|8\n|\n|t:|1776589896\n|move|p2b: Floette|Draining Kiss|p1b: Garchomp\n|-supereffective|p1b: Garchomp|1\n|-damage|p1b: Garchomp|28/100\n|-heal|p2b: Floette|69/100|[from] drain|[of] p1b: Garchomp\n|-damage|p2b: Floette|57/100|[from] ability: Rough Skin|[of] p1b: Garchomp\n|move|p1b: Garchomp|Iron Head|p2b: Floette\n|-supereffective|p2b: Floette|1\n|-damage|p2b: Floette|0 fnt\n|faint|p2b: Floette\n|move|p2a: Gyarados|Waterfall|p1b: Garchomp\n|-damage|p1b: Garchomp|0 fnt\n|-damage|p2a: Gyarados|12/100|[from] ability: Rough Skin|[of] p1b: Garchomp\n|faint|p1b: Garchomp\n|\n|win|LordBuddington\n|raw|B. Farro's rating: 1156 &rarr; <strong>1128</strong><br />(-28 for losing)\n|raw|LordBuddington's rating: 1110 &rarr; <strong>1138</strong><br />(+28 for winning)\n",
  "uploadtime": 1776589911,
  "views": 8,
  "formatid": "gen9championsvgc2026regma",
  "rating": 1128,
  "private": 0,
  "password": null
}