{
  "id": "gen9championsvgc2026regma-2587244571",
  "format": "[Gen 9 Champions] VGC 2026 Reg M-A",
  "players": [
    "hide on whimscott",
    "Kaizer_Ifrit"
  ],
  "log": "|j|\u2606hide on whimscott\n|j|\u2606Kaizer_Ifrit\n|t:|1776513725\n|gametype|doubles\n|player|p1|hide on whimscott|artist-gen4|1408\n|player|p2|Kaizer_Ifrit|caitlin|1468\n|gen|9\n|tier|[Gen 9 Champions] VGC 2026 Reg M-A\n|rated|\n|rule|Species Clause: Limit one of each Pok\u00e9mon\n|rule|Item Clause: Limit 1 of each item\n|clearpoke\n|poke|p1|Venusaur, L50, M|\n|poke|p1|Sneasler, L50, F|\n|poke|p1|Kingambit, L50, M|\n|poke|p1|Incineroar, L50, M|\n|poke|p1|Basculegion, L50, M|\n|poke|p1|Charizard, L50, F|\n|poke|p2|Garchomp, L50, F|\n|poke|p2|Talonflame, L50, M|\n|poke|p2|Rotom-Wash, L50|\n|poke|p2|Froslass, L50, F|\n|poke|p2|Kingambit, L50, M|\n|poke|p2|Sneasler, L50, F|\n|teampreview|4\n|inactive|Battle timer is ON: inactive players will automatically lose when time's up. (requested by Kaizer_Ifrit)\n|inactive|hide on whimscott has 60 seconds left.\n|inactive|hide on whimscott has 30 seconds left.\n|inactive|hide on whimscott has 20 seconds left.\n|\n|t:|1776513800\n|teamsize|p1|4\n|teamsize|p2|4\n|start\n|switch|p1a: Charizard|Charizard, L50, F|100/100\n|switch|p1b: Incineroar|Incineroar, L50, M|100/100\n|switch|p2a: Kkkrrraaaaaa|Talonflame, L50, M|100/100\n|switch|p2b: 3rd floor|Rotom-Wash, L50|100/100\n|-ability|p1b: Incineroar|Intimidate|boost\n|-unboost|p2a: Kkkrrraaaaaa|atk|1\n|-unboost|p2b: 3rd floor|atk|1\n|turn|1\n|\n|t:|1776513813\n|detailschange|p1a: Charizard|Charizard-Mega-X, L50, F\n|-mega|p1a: Charizard|Charizard|Charizardite X\n|move|p2a: Kkkrrraaaaaa|Quick Guard|p2a: Kkkrrraaaaaa\n|-singleturn|p2a: Kkkrrraaaaaa|Quick Guard\n|move|p1b: Incineroar|Fake Out|p2b: 3rd floor\n|-activate|p2b: 3rd floor|move: Quick Guard\n|move|p2b: 3rd floor|Thunderbolt|p1a: Charizard\n|-resisted|p1a: Charizard|1\n|-damage|p1a: Charizard|77/100\n|move|p1a: Charizard|Dragon Dance|p1a: Charizard\n|-boost|p1a: Charizard|atk|1\n|-boost|p1a: Charizard|spe|1\n|\n|upkeep\n|turn|2\n|\n|t:|1776513833\n|move|p2a: Kkkrrraaaaaa|Tailwind|p2a: Kkkrrraaaaaa\n|-sidestart|p2: Kaizer_Ifrit|move: Tailwind\n|move|p2b: 3rd floor|Thunderbolt|p1b: Incineroar\n|-crit|p1b: Incineroar\n|-damage|p1b: Incineroar|48/100\n|-status|p1b: Incineroar|par\n|-enditem|p1b: Incineroar|Sitrus Berry|[eat]\n|-heal|p1b: Incineroar|73/100 par|[from] item: Sitrus Berry\n|move|p1a: Charizard|Dragon Claw|p2b: 3rd floor\n|-crit|p2b: 3rd floor\n|-damage|p2b: 3rd floor|0 fnt\n|faint|p2b: 3rd floor\n|move|p1b: Incineroar|Parting Shot|p2a: Kkkrrraaaaaa\n|-unboost|p2a: Kkkrrraaaaaa|atk|1\n|-unboost|p2a: Kkkrrraaaaaa|spa|1\n|l|\u2606Kaizer_Ifrit\n|inactive|Kaizer_Ifrit disconnected and has a minute to reconnect!\n|player|p2|\n|\n|t:|1776513857\n|switch|p1b: Kingambit|Kingambit, L50, M|100/100|[from] Parting Shot\n|\n|upkeep\n|inactive|Kaizer_Ifrit has 30 seconds left.\n|j|\u2606Kaizer_Ifrit\n|inactive|Kaizer_Ifrit reconnected and has 30 seconds left.\n|player|p2|Kaizer_Ifrit|caitlin|\n|inactive|Kaizer_Ifrit has 20 seconds left.\n|\n|t:|1776513896\n|switch|p2b: Shirona|Garchomp, L50, F|100/100\n|turn|3\n|\n|t:|1776513904\n|switch|p1b: Incineroar|Incineroar, L50, M|73/100 par\n|-ability|p1b: Incineroar|Intimidate|boost\n|-unboost|p2a: Kkkrrraaaaaa|atk|1\n|-unboost|p2b: Shirona|atk|1\n|move|p2a: Kkkrrraaaaaa|Acrobatics|p1b: Incineroar\n|-damage|p1b: Incineroar|60/100 par\n|move|p2b: Shirona|Earthquake|p1a: Charizard|[spread] p1a,p1b\n|-immune|p2a: Kkkrrraaaaaa\n|-supereffective|p1a: Charizard|1\n|-supereffective|p1b: Incineroar|1\n|-damage|p1a: Charizard|30/100\n|-damage|p1b: Incineroar|13/100 par\n|move|p1a: Charizard|Dragon Claw|p2b: Shirona\n|-supereffective|p2b: Shirona|1\n|-enditem|p2b: Shirona|Focus Sash\n|-damage|p2b: Shirona|1/100\n|-damage|p1a: Charizard|18/100|[from] ability: Rough Skin|[of] p2b: Shirona\n|\n|upkeep\n|turn|4\n|inactive|hide on whimscott has 30 seconds left.\n|\n|t:|1776513937\n|move|p2a: Kkkrrraaaaaa|Quick Guard|p2a: Kkkrrraaaaaa\n|-singleturn|p2a: Kkkrrraaaaaa|Quick Guard\n|move|p1b: Incineroar|Fake Out|p2a: Kkkrrraaaaaa\n|-activate|p2a: Kkkrrraaaaaa|move: Quick Guard\n|move|p2b: Shirona|Earthquake|p1a: Charizard|[spread] p1a,p1b\n|-immune|p2a: Kkkrrraaaaaa\n|-supereffective|p1a: Charizard|1\n|-supereffective|p1b: Incineroar|1\n|-crit|p1b: Incineroar\n|-damage|p1a: Charizard|0 fnt\n|-damage|p1b: Incineroar|0 fnt\n|faint|p1a: Charizard\n|faint|p1b: Incineroar\n|\n|upkeep\n|\n|t:|1776513939\n|switch|p1a: Kingambit|Kingambit, L50, M|100/100\n|switch|p1b: Sneasler|Sneasler, L50, F|100/100\n|turn|5\n|\n|t:|1776513956\n|move|p1b: Sneasler|Protect|p1b: Sneasler\n|-singleturn|p1b: Sneasler|Protect\n|move|p2a: Kkkrrraaaaaa|Quick Guard|p2a: Kkkrrraaaaaa\n|-singleturn|p2a: Kkkrrraaaaaa|Quick Guard\n|move|p2b: Shirona|Earthquake|p1a: Kingambit|[spread] p1a\n|-activate|p1b: Sneasler|move: Protect\n|-immune|p2a: Kkkrrraaaaaa\n|-supereffective|p1a: Kingambit|1\n|-damage|p1a: Kingambit|63/100\n|move|p1a: Kingambit|Kowtow Cleave|p2b: Shirona\n|-damage|p2b: Shirona|0 fnt\n|-damage|p1a: Kingambit|51/100|[from] ability: Rough Skin|[of] p2b: Shirona\n|faint|p2b: Shirona\n|\n|-sideend|p2: Kaizer_Ifrit|move: Tailwind\n|upkeep\n|\n|t:|1776513969\n|switch|p2b: Sansan|Froslass, L50, F|100/100\n|turn|6\n|\n|t:|1776513979\n|detailschange|p2b: Sansan|Froslass-Mega, L50, F\n|-mega|p2b: Sansan|Froslass|Froslassite\n|-weather|Snowscape|[from] ability: Snow Warning|[of] p2b: Sansan\n|move|p2a: Kkkrrraaaaaa|Acrobatics|p1b: Sneasler\n|-supereffective|p1b: Sneasler|1\n|-damage|p1b: Sneasler|46/100\n|move|p2b: Sansan|Blizzard|p1b: Sneasler|[spread] p1a,p1b\n|-resisted|p1a: Kingambit|1\n|-damage|p1a: Kingambit|29/100\n|-damage|p1b: Sneasler|0 fnt\n|faint|p1b: Sneasler\n|move|p1a: Kingambit|Kowtow Cleave|p2b: Sansan\n|-supereffective|p2b: Sansan|1\n|-damage|p2b: Sansan|0 fnt\n|faint|p2b: Sansan\n|\n|-weather|Snowscape|[upkeep]\n|upkeep\n|turn|7\n|\n|t:|1776513992\n|move|p2a: Kkkrrraaaaaa|Acrobatics|p1a: Kingambit\n|-resisted|p1a: Kingambit|1\n|-damage|p1a: Kingambit|24/100\n|move|p1a: Kingambit|Kowtow Cleave|p2a: Kkkrrraaaaaa\n|-damage|p2a: Kkkrrraaaaaa|39/100\n|\n|-weather|Snowscape|[upkeep]\n|upkeep\n|turn|8\n|\n|t:|1776513998\n|move|p2a: Kkkrrraaaaaa|Acrobatics|p1a: Kingambit\n|-resisted|p1a: Kingambit|1\n|-damage|p1a: Kingambit|18/100\n|move|p1a: Kingambit|Kowtow Cleave|p2a: Kkkrrraaaaaa\n|-damage|p2a: Kkkrrraaaaaa|0 fnt\n|faint|p2a: Kkkrrraaaaaa\n|\n|win|hide on whimscott\n|raw|hide on whimscott's rating: 1408 &rarr; <strong>1431</strong><br />(+23 for winning)\n|raw|Kaizer_Ifrit's rating: 1468 &rarr; <strong>1445</strong><br />(-23 for losing)\n",
  "uploadtime": 1776513999,
  "views": 23,
  "formatid": "gen9championsvgc2026regma",
  "rating": 1431,
  "private": 0,
  "password": null
}