{
  "id": "gen9championsvgc2026regma-2581705067",
  "format": "[Gen 9 Champions] VGC 2026 Reg M-A",
  "players": [
    "nuklad",
    "Vengeance0"
  ],
  "log": "|j|\u2606nuklad\n|j|\u2606Vengeance0\n|t:|1776022097\n|gametype|doubles\n|player|p1|nuklad|riley|1097\n|player|p2|Vengeance0|rosa|1133\n|gen|9\n|tier|[Gen 9 Champions] VGC 2026 Reg M-A\n|rated|\n|rule|Species Clause: Limit one of each Pok\u00e9mon\n|rule|Item Clause: Limit 1 of each item\n|clearpoke\n|poke|p1|Farigiraf, L50, M|\n|poke|p1|Venusaur, L50, F|\n|poke|p1|Torkoal, L50, F|\n|poke|p1|Incineroar, L50, M|\n|poke|p1|Typhlosion-Hisui, L50, M|\n|poke|p1|Kangaskhan, L50, F|\n|poke|p2|Tsareena, L50, F|\n|poke|p2|Slowking, L50, M|\n|poke|p2|Camerupt, L50, M|\n|poke|p2|Crabominable, L50, F|\n|poke|p2|Incineroar, L50, M|\n|poke|p2|Hatterene, L50, F|\n|teampreview|4\nnuklad rejected open team sheets.\n|inactive|Battle timer is ON: inactive players will automatically lose when time's up. (requested by nuklad)\n|\n|t:|1776022124\n|teamsize|p1|4\n|teamsize|p2|4\n|start\n|switch|p1a: Kangaskhan|Kangaskhan, L50, F|100/100\n|switch|p1b: Typhlosion|Typhlosion-Hisui, L50, M|100/100\n|switch|p2a: Incineroar|Incineroar, L50, M|100/100\n|switch|p2b: Slowking|Slowking, L50, M|100/100\n|-ability|p2a: Incineroar|Intimidate|boost\n|-unboost|p1a: Kangaskhan|atk|1\n|-unboost|p1b: Typhlosion|atk|1\n|turn|1\n|\n|t:|1776022144\n|switch|p1b: Venusaur|Venusaur, L50, F|100/100\n|detailschange|p1a: Kangaskhan|Kangaskhan-Mega, L50, F\n|-mega|p1a: Kangaskhan|Kangaskhan|Kangaskhanite\n|move|p1a: Kangaskhan|Fake Out|p2a: Incineroar\n|-damage|p2a: Incineroar|88/100\n|-damage|p2a: Incineroar|85/100\n|-hitcount|p2a: Incineroar|2\n|cant|p2a: Incineroar|flinch\n|move|p2b: Slowking|Trick Room|p2b: Slowking\n|-fieldstart|move: Trick Room|[of] p2b: Slowking\n|\n|upkeep\n|turn|2\n|\n|t:|1776022159\n|switch|p1a: Torkoal|Torkoal, L50, F|100/100\n|-weather|SunnyDay|[from] ability: Drought|[of] p1a: Torkoal\n|-prepare|p2b: Slowking|Chilly Reception|[premajor]\n|move|p2b: Slowking|Chilly Reception|p2b: Slowking\n|-weather|Snowscape\n|\n|t:|1776022167\n|switch|p2b: Hatterene|Hatterene, L50, F|100/100|[from] Chilly Reception\n|move|p2a: Incineroar|Flare Blitz|p1b: Venusaur\n|-supereffective|p1b: Venusaur|1\n|-crit|p1b: Venusaur\n|-enditem|p1b: Venusaur|Focus Sash\n|-damage|p1b: Venusaur|1/100\n|-damage|p2a: Incineroar|60/100|[from] Recoil\n|move|p1b: Venusaur|Sleep Powder|p2a: Incineroar\n|-status|p2a: Incineroar|slp|[from] move: Sleep Powder\n|\n|-weather|Snowscape|[upkeep]\n|upkeep\n|turn|3\n|\n|t:|1776022185\n|move|p1a: Torkoal|Weather Ball|p2b: Hatterene\n|-damage|p2b: Hatterene|78/100\n|move|p2b: Hatterene|Dazzling Gleam|p1b: Venusaur|[spread] p1a,p1b\n|-resisted|p1a: Torkoal|1\n|-resisted|p1b: Venusaur|1\n|-damage|p1a: Torkoal|76/100\n|-damage|p1b: Venusaur|0 fnt\n|faint|p1b: Venusaur\n|cant|p2a: Incineroar|slp\n|\n|-weather|Snowscape|[upkeep]\n|upkeep\n|\n|t:|1776022191\n|switch|p1b: Kangaskhan|Kangaskhan-Mega, L50, F|100/100\n|turn|4\n|\n|t:|1776022200\n|move|p1b: Kangaskhan|Fake Out|p2b: Hatterene\n|-damage|p2b: Hatterene|57/100\n|-damage|p2b: Hatterene|52/100\n|-hitcount|p2b: Hatterene|2\n|move|p1a: Torkoal|Eruption|p2a: Incineroar|[spread] p2a,p2b\n|-resisted|p2a: Incineroar|1\n|-damage|p2a: Incineroar|46/100 slp\n|-damage|p2b: Hatterene|17/100\n|-enditem|p2a: Incineroar|Sitrus Berry|[eat]\n|-heal|p2a: Incineroar|70/100 slp|[from] item: Sitrus Berry\n|cant|p2b: Hatterene|flinch\n|cant|p2a: Incineroar|slp\n|\n|-weather|Snowscape|[upkeep]\n|upkeep\n|turn|5\n|inactive|Vengeance0 has 30 seconds left.\n|\n|t:|1776022228\n|move|p1a: Torkoal|Eruption|p2a: Incineroar|[spread] p2a,p2b\n|-resisted|p2a: Incineroar|1\n|-damage|p2a: Incineroar|57/100 slp\n|-damage|p2b: Hatterene|0 fnt\n|faint|p2b: Hatterene\n|-curestatus|p2a: Incineroar|slp|[msg]\n|move|p2a: Incineroar|Parting Shot|p1b: Kangaskhan\n|-unboost|p1b: Kangaskhan|atk|1\n|-unboost|p1b: Kangaskhan|spa|1\n|\n|t:|1776022240\n|switch|p2a: Slowking|Slowking, L50, M|100/100|[from] Parting Shot\n|move|p1b: Kangaskhan|Drain Punch|p2a: Slowking\n|-resisted|p2a: Slowking|1\n|-damage|p2a: Slowking|94/100\n|-resisted|p2a: Slowking|1\n|-damage|p2a: Slowking|92/100\n|-hitcount|p2a: Slowking|2\n|\n|-weather|Snowscape|[upkeep]\n|-fieldend|move: Trick Room\n|upkeep\n|\n|t:|1776022248\n|switch|p2b: Incineroar|Incineroar, L50, M|57/100\n|-ability|p2b: Incineroar|Intimidate|boost\n|-unboost|p1a: Torkoal|atk|1\n|-unboost|p1b: Kangaskhan|atk|1\n|turn|6\n|\n|t:|1776022258\n|switch|p1b: Typhlosion|Typhlosion-Hisui, L50, M|100/100\n|move|p1a: Torkoal|Protect|p1a: Torkoal\n|-singleturn|p1a: Torkoal|Protect\n|move|p2b: Incineroar|Fake Out|p1a: Torkoal\n|-activate|p1a: Torkoal|move: Protect\n|move|p2a: Slowking|Trick Room|p2a: Slowking\n|-fieldstart|move: Trick Room|[of] p2a: Slowking\n|\n|-weather|none\n|upkeep\n|turn|7\n|\n|t:|1776022279\n|switch|p1b: Kangaskhan|Kangaskhan-Mega, L50, F|100/100\n|move|p1a: Torkoal|Eruption|p2a: Slowking|[spread] p2a,p2b\n|-resisted|p2a: Slowking|1\n|-resisted|p2b: Incineroar|1\n|-damage|p2a: Slowking|82/100\n|-damage|p2b: Incineroar|44/100\n|move|p2a: Slowking|Scald|p1a: Torkoal\n|-supereffective|p1a: Torkoal|1\n|-damage|p1a: Torkoal|0 fnt\n|faint|p1a: Torkoal\n|move|p2b: Incineroar|Darkest Lariat|p1b: Kangaskhan\n|-damage|p1b: Kangaskhan|59/100\n|\n|upkeep\n|\n|t:|1776022290\n|switch|p1a: Typhlosion|Typhlosion-Hisui, L50, M|100/100\n|turn|8\n|\n|t:|1776022304\n|move|p1b: Kangaskhan|Fake Out|p2a: Slowking\n|-damage|p2a: Slowking|65/100\n|-damage|p2a: Slowking|61/100\n|-hitcount|p2a: Slowking|2\n|cant|p2a: Slowking|flinch\n|move|p2b: Incineroar|Parting Shot|p1b: Kangaskhan\n|-unboost|p1b: Kangaskhan|atk|1\n|-unboost|p1b: Kangaskhan|spa|1\n|\n|t:|1776022314\n|switch|p2b: Camerupt|Camerupt, L50, M|100/100|[from] Parting Shot\n|move|p1a: Typhlosion|Shadow Ball|p2a: Slowking\n|-supereffective|p2a: Slowking|1\n|-damage|p2a: Slowking|1/100\n|-unboost|p2a: Slowking|spd|1\n|\n|upkeep\n|turn|9\n|\n|t:|1776022334\n|detailschange|p2b: Camerupt|Camerupt-Mega, L50, M\n|-mega|p2b: Camerupt|Camerupt|Cameruptite\n|move|p1b: Kangaskhan|Sucker Punch|p2a: Slowking\n|-supereffective|p2a: Slowking|1\n|-enditem|p2a: Slowking|Colbur Berry|[eat]\n|-enditem|p2a: Slowking|Colbur Berry|[weaken]\n|-damage|p2a: Slowking|0 fnt\n|faint|p2a: Slowking\n|-hitcount|p2: Slowking|1\n|move|p2b: Camerupt|Earth Power|p1b: Kangaskhan\n|-damage|p1b: Kangaskhan|0 fnt\n|faint|p1b: Kangaskhan\n|move|p1a: Typhlosion|Shadow Ball|p2b: Camerupt\n|-damage|p2b: Camerupt|62/100\n|\n|upkeep\n|\n|t:|1776022346\n|switch|p2a: Incineroar|Incineroar, L50, M|44/100\n|-ability|p2a: Incineroar|Intimidate|boost\n|-unboost|p1a: Typhlosion|atk|1\n|turn|10\n|\n|t:|1776022351\n|move|p2b: Camerupt|Earth Power|p1a: Typhlosion\n|-supereffective|p1a: Typhlosion|1\n|-damage|p1a: Typhlosion|0 fnt\n|faint|p1a: Typhlosion\n|\n|win|Vengeance0\n|raw|nuklad's rating: 1097 &rarr; <strong>1075</strong><br />(-22 for losing)\n|raw|Vengeance0's rating: 1133 &rarr; <strong>1155</strong><br />(+22 for winning)\n|l|\u2606nuklad\n|player|p1|\n",
  "uploadtime": 1776022356,
  "views": 22,
  "formatid": "gen9championsvgc2026regma",
  "rating": 1075,
  "private": 0,
  "password": null
}