{
  "id": "gen9championsvgc2026regma-2587151350",
  "format": "[Gen 9 Champions] VGC 2026 Reg M-A",
  "players": [
    "irkenn",
    "dankiel"
  ],
  "log": "|j|\u2606irkenn\n|j|\u2606dankiel\n|t:|1776500946\n|gametype|doubles\n|player|p1|irkenn|101|1115\n|player|p2|dankiel|morty|1183\n|gen|9\n|tier|[Gen 9 Champions] VGC 2026 Reg M-A\n|rated|\n|rule|Species Clause: Limit one of each Pok\u00e9mon\n|rule|Item Clause: Limit 1 of each item\n|clearpoke\n|poke|p1|Trevenant, L50, F|\n|poke|p1|Torkoal, L50, F|\n|poke|p1|Sinistcha-Masterpiece, L50|\n|poke|p1|Drampa, L50, M|\n|poke|p1|Slowbro-Galar, L50, F|\n|poke|p1|Azumarill, L50, M|\n|poke|p2|Rampardos, L50, F|\n|poke|p2|Ninetales-Alola, L50, F|\n|poke|p2|Starmie, L50|\n|poke|p2|Rhyperior, L50, F|\n|poke|p2|Slowking-Galar, L50, F|\n|poke|p2|Incineroar, L50, M|\n|teampreview|4\ndankiel rejected open team sheets.\n|inactive|Battle timer is ON: inactive players will automatically lose when time's up. (requested by dankiel)\n|inactive|irkenn has 60 seconds left.\n|\n|t:|1776500996\n|teamsize|p1|4\n|teamsize|p2|4\n|start\n|switch|p1a: Slowbro|Slowbro-Galar, L50, F|100/100\n|switch|p1b: Azumarill|Azumarill, L50, M|100/100\n|switch|p2a: Starmie|Starmie, L50|100/100\n|switch|p2b: Rampardos|Rampardos, L50, F|100/100\n|turn|1\n|\n|t:|1776501018\n|detailschange|p2a: Starmie|Starmie-Mega, L50\n|-mega|p2a: Starmie|Starmie|Starminite\n|move|p2a: Starmie|Skill Swap|p2b: Rampardos\n|-activate|p2a: Starmie|Skill Swap|||[of] p2b: Rampardos\n|move|p2b: Rampardos|Rock Slide|p1a: Slowbro|[spread] p1a,p1b\n|-damage|p1a: Slowbro|37/100\n|-damage|p1b: Azumarill|27/100\n|cant|p1b: Azumarill|flinch\n|move|p1a: Slowbro|Trick Room|p1a: Slowbro\n|-fieldstart|move: Trick Room|[of] p1a: Slowbro\n|\n|upkeep\n|turn|2\n|inactive|irkenn has 30 seconds left.\n|inactive|dankiel has 30 seconds left.\n|\n|t:|1776501047\n|switch|p1a: Sinistcha|Sinistcha-Masterpiece, L50|100/100\n|-heal|p1b: Azumarill|52/100|[from] ability: Hospitality|[of] p1a: Sinistcha\n|move|p1b: Azumarill|Protect|p1b: Azumarill\n|-singleturn|p1b: Azumarill|Protect\n|move|p2b: Rampardos|Rock Slide|p1b: Azumarill|[spread] p1a\n|-activate|p1b: Azumarill|move: Protect\n|-damage|p1a: Sinistcha|38/100\n|move|p2a: Starmie|Scald|p1a: Sinistcha\n|-resisted|p1a: Sinistcha|1\n|-damage|p1a: Sinistcha|9/100\n|\n|-heal|p1a: Sinistcha|15/100|[from] item: Leftovers\n|upkeep\n|turn|3\n|inactive|irkenn has 30 seconds left.\n|inactive|dankiel has 30 seconds left.\n|\n|t:|1776501079\n|switch|p2b: Incineroar|Incineroar, L50, M|100/100\n|-ability|p2b: Incineroar|Intimidate|boost\n|-unboost|p1a: Sinistcha|atk|1\n|-unboost|p1b: Azumarill|atk|1\n|switch|p2a: Ninetales|Ninetales-Alola, L50, F|100/100\n|-weather|Snowscape|[from] ability: Snow Warning|[of] p2a: Ninetales\n|move|p1b: Azumarill|Aqua Jet|p2b: Incineroar\n|-supereffective|p2b: Incineroar|1\n|-damage|p2b: Incineroar|68/100\n|-heal|p1b: Azumarill|56/100|[from] item: Shell Bell|[of] p2b: Incineroar\n|move|p1a: Sinistcha|Matcha Gotcha|p2b: Incineroar|[spread] p2a,p2b\n|-resisted|p2b: Incineroar|1\n|-damage|p2a: Ninetales|73/100\n|-heal|p1a: Sinistcha|29/100|[from] drain|[of] p2a: Ninetales\n|-damage|p2b: Incineroar|58/100\n|-heal|p1a: Sinistcha|36/100|[from] drain|[of] p2b: Incineroar\n|\n|-weather|Snowscape|[upkeep]\n|-heal|p1a: Sinistcha|42/100|[from] item: Leftovers\n|upkeep\n|turn|4\n|inactive|irkenn has 30 seconds left.\n|\n|t:|1776501107\n|switch|p1b: Slowbro|Slowbro-Galar, L50, F|70/100\n|switch|p1a: Torkoal|Torkoal, L50, F|100/100\n|-weather|SunnyDay|[from] ability: Drought|[of] p1a: Torkoal\n|move|p2b: Incineroar|Fake Out|p1b: Slowbro\n|-damage|p1b: Slowbro|61/100\n|move|p2a: Ninetales|Aurora Veil||[still]\n|-fail|p2a: Ninetales\n|\n|-weather|SunnyDay|[upkeep]\n|upkeep\n|turn|5\n|\n|t:|1776501127\n|move|p1a: Torkoal|Eruption|p2a: Ninetales|[spread] p2a,p2b\n|-supereffective|p2a: Ninetales|1\n|-resisted|p2b: Incineroar|1\n|-damage|p2a: Ninetales|0 fnt\n|-damage|p2b: Incineroar|29/100\n|-enditem|p2b: Incineroar|Sitrus Berry|[eat]\n|-heal|p2b: Incineroar|54/100|[from] item: Sitrus Berry\n|faint|p2a: Ninetales\n|move|p1b: Slowbro|Shell Side Arm|p2b: Incineroar|[anim] Shell Side Arm Physical\n|-damage|p2b: Incineroar|28/100\n|-hint|Physical Shell Side Arm\n|-status|p2b: Incineroar|psn\n|move|p2b: Incineroar|Flare Blitz|p1b: Slowbro\n|-damage|p1b: Slowbro|3/100\n|-damage|p2b: Incineroar|12/100 psn|[from] Recoil\n|\n|-weather|SunnyDay|[upkeep]\n|-damage|p2b: Incineroar|0 fnt|[from] psn\n|faint|p2b: Incineroar\n|-fieldend|move: Trick Room\n|upkeep\n|\n|t:|1776501143\n|switch|p2a: Starmie|Starmie-Mega, L50|100/100\n|switch|p2b: Rampardos|Rampardos, L50, F|100/100\n|turn|6\n|inactive|irkenn has 30 seconds left.\n|\n|t:|1776501171\n|switch|p1b: Azumarill|Azumarill, L50, M|56/100\n|move|p2a: Starmie|Skill Swap|p2b: Rampardos\n|-activate|p2a: Starmie|Skill Swap|||[of] p2b: Rampardos\n|move|p2b: Rampardos|Rock Slide|p1b: Azumarill|[spread] p1a,p1b\n|-supereffective|p1a: Torkoal|1\n|-damage|p1a: Torkoal|0 fnt\n|-damage|p1b: Azumarill|0 fnt\n|faint|p1a: Torkoal\n|faint|p1b: Azumarill\n|\n|-weather|SunnyDay|[upkeep]\n|upkeep\n|c|\u2606dankiel|gg bro\n|\n|t:|1776501182\n|switch|p1b: Sinistcha|Sinistcha-Masterpiece, L50|42/100\n|switch|p1a: Slowbro|Slowbro-Galar, L50, F|36/100\n|-heal|p1a: Slowbro|61/100|[from] ability: Hospitality|[of] p1b: Sinistcha\n|turn|7\n|\n|t:|1776501200\n|move|p2a: Starmie|Blizzard|p1b: Sinistcha|[spread] p1a,p1b\n|-supereffective|p1b: Sinistcha|1\n|-damage|p1a: Slowbro|25/100\n|-damage|p1b: Sinistcha|0 fnt\n|faint|p1b: Sinistcha\n|move|p2b: Rampardos|Rock Slide|p1a: Slowbro\n|-damage|p1a: Slowbro|0 fnt\n|faint|p1a: Slowbro\n|\n|win|dankiel\n|raw|irkenn's rating: 1115 &rarr; <strong>1095</strong><br />(-20 for losing)\n|raw|dankiel's rating: 1183 &rarr; <strong>1203</strong><br />(+20 for winning)\n|c|\u2606irkenn|gg\n|l|\u2606irkenn\n|player|p1|\n",
  "uploadtime": 1776501212,
  "views": 13,
  "formatid": "gen9championsvgc2026regma",
  "rating": 1095,
  "private": 0,
  "password": null
}