{
  "id": "gen9championsvgc2026regma-2586718217",
  "format": "[Gen 9 Champions] VGC 2026 Reg M-A",
  "players": [
    "Lessa_ped",
    "Meowbertdakat"
  ],
  "log": "|j|\u2606Lessa_ped\n|j|\u2606Meowbertdakat\n|t:|1776454535\n|gametype|doubles\n|player|p1|Lessa_ped|n|1134\n|player|p2|Meowbertdakat|170|1075\n|gen|9\n|tier|[Gen 9 Champions] VGC 2026 Reg M-A\n|rated|\n|rule|Species Clause: Limit one of each Pok\u00e9mon\n|rule|Item Clause: Limit 1 of each item\n|clearpoke\n|poke|p1|Archaludon, L50, F|\n|poke|p1|Pelipper, L50, M|\n|poke|p1|Sneasler, L50, F|\n|poke|p1|Incineroar, L50, F|\n|poke|p1|Basculegion, L50, M|\n|poke|p1|Meganium, L50, M|\n|poke|p2|Gengar, L50, M|\n|poke|p2|Incineroar, L50, F|\n|poke|p2|Blastoise, L50, F|\n|poke|p2|Sableye, L50, M|\n|poke|p2|Morpeko, L50, F|\n|poke|p2|Kommo-o, L50, F|\n|teampreview|4\n|\n|t:|1776454627\n|teamsize|p1|4\n|teamsize|p2|4\n|start\n|switch|p1a: Incineroar|Incineroar, L50, F, shiny|100/100\n|switch|p1b: Pelipper|Pelipper, L50, M, shiny|100/100\n|switch|p2a: Gengar|Gengar, L50, M|100/100\n|switch|p2b: Morpeko|Morpeko, L50, F|100/100\n|-weather|RainDance|[from] ability: Drizzle|[of] p1b: Pelipper\n|-ability|p1a: Incineroar|Intimidate|boost\n|-unboost|p2a: Gengar|atk|1\n|-unboost|p2b: Morpeko|atk|1\n|turn|1\n|inactive|Battle timer is ON: inactive players will automatically lose when time's up. (requested by Meowbertdakat)\n|inactive|Lessa_ped has 60 seconds left.\n|inactive|Meowbertdakat has 60 seconds left.\n|\n|t:|1776454664\n|switch|p2b: Sableye|Sableye, L50, M|100/100\n|detailschange|p2a: Gengar|Gengar-Mega, L50, M\n|-mega|p2a: Gengar|Gengar|Gengarite\n|move|p1a: Incineroar|Fake Out|p2b: Sableye\n|-immune|p2b: Sableye\n|move|p2a: Gengar|Perish Song|p2a: Gengar\n|-start|p1a: Incineroar|perish3|[silent]\n|-start|p1b: Pelipper|perish3|[silent]\n|-start|p2a: Gengar|perish3|[silent]\n|-start|p2b: Sableye|perish3|[silent]\n|-fieldactivate|move: Perish Song\n|move|p1b: Pelipper|Tailwind|p1b: Pelipper\n|-sidestart|p1: Lessa_ped|move: Tailwind\n|\n|-weather|RainDance|[upkeep]\n|-start|p1b: Pelipper|perish3\n|-start|p2a: Gengar|perish3\n|-start|p1a: Incineroar|perish3\n|-start|p2b: Sableye|perish3\n|upkeep\n|turn|2\n|\n|t:|1776454685\n|move|p2a: Gengar|Protect|p2a: Gengar\n|-singleturn|p2a: Gengar|Protect\n|move|p2b: Sableye|Encore|p1a: Incineroar\n|-hint|Since gen 7, Dark is immune to Prankster moves.\n|-immune|p1a: Incineroar\n|move|p1b: Pelipper|Weather Ball|p2a: Gengar\n|-activate|p2a: Gengar|move: Protect\n|move|p1a: Incineroar|Darkest Lariat|p2a: Gengar\n|-activate|p2a: Gengar|move: Protect\n|\n|-weather|RainDance|[upkeep]\n|-start|p1b: Pelipper|perish2\n|-start|p2a: Gengar|perish2\n|-start|p1a: Incineroar|perish2\n|-start|p2b: Sableye|perish2\n|upkeep\n|turn|3\n|inactive|Meowbertdakat has 30 seconds left.\n|inactive|Meowbertdakat has 20 seconds left.\n|inactive|Meowbertdakat has 15 seconds left.\n|inactive|Meowbertdakat has 10 seconds left.\n|inactive|Meowbertdakat has 5 seconds left.\n|\n|t:|1776454740\n|move|p2a: Gengar|Protect||[still]\n|-fail|p2a: Gengar\n|move|p2b: Sableye|Disable|p1b: Pelipper\n|-start|p1b: Pelipper|Disable|Weather Ball\n|cant|p1b: Pelipper|Disable|Weather Ball\n|move|p1a: Incineroar|Darkest Lariat|p2a: Gengar\n|-supereffective|p2a: Gengar|1\n|-damage|p2a: Gengar|17/100\n|\n|-weather|RainDance|[upkeep]\n|-start|p1b: Pelipper|perish1\n|-start|p2a: Gengar|perish1\n|-start|p1a: Incineroar|perish1\n|-start|p2b: Sableye|perish1\n|upkeep\n|turn|4\n|inactive|Lessa_ped has 30 seconds left.\n|inactive|Meowbertdakat has 30 seconds left.\n|inactive|Meowbertdakat has 20 seconds left.\n|inactive|Meowbertdakat has 15 seconds left.\n|\n|t:|1776454784\n|switch|p2a: Incineroar|Incineroar, L50, F|100/100\n|-ability|p2a: Incineroar|Intimidate|boost\n|-unboost|p1a: Incineroar|atk|1\n|-unboost|p1b: Pelipper|atk|1\n|switch|p2b: Morpeko|Morpeko, L50, F|100/100\n|move|p1b: Pelipper|Hurricane|p2a: Incineroar\n|-damage|p2a: Incineroar|59/100\n|-start|p2a: Incineroar|confusion\n|move|p1a: Incineroar|Darkest Lariat|p2a: Incineroar\n|-resisted|p2a: Incineroar|1\n|-damage|p2a: Incineroar|51/100\n|\n|-weather|RainDance|[upkeep]\n|-start|p1b: Pelipper|perish0\n|-start|p1a: Incineroar|perish0\n|-sideend|p1: Lessa_ped|move: Tailwind\n|-formechange|p2b: Morpeko|Morpeko-Hangry|\n|faint|p1b: Pelipper\n|faint|p1a: Incineroar\n|upkeep\n|\n|t:|1776454798\n|switch|p1b: Archaludon|Archaludon, L50, F, shiny|100/100\n|switch|p1a: Basculegion|Basculegion, L50, M, shiny|100/100\n|turn|5\n|inactive|Meowbertdakat has 30 seconds left.\n|inactive|Meowbertdakat has 20 seconds left.\n|inactive|Meowbertdakat has 15 seconds left.\n|inactive|Meowbertdakat has 10 seconds left.\n|\n|t:|1776454845\n|move|p1b: Archaludon|Protect|p1b: Archaludon\n|-singleturn|p1b: Archaludon|Protect\n|-activate|p2a: Incineroar|confusion\n|-damage|p2a: Incineroar|44/100|[from] confusion\n|-enditem|p2a: Incineroar|Sitrus Berry|[eat]\n|-heal|p2a: Incineroar|69/100|[from] item: Sitrus Berry\n|move|p1a: Basculegion|Wave Crash|p2a: Incineroar\n|-supereffective|p2a: Incineroar|1\n|-damage|p2a: Incineroar|0 fnt\n|faint|p2a: Incineroar\n|-damage|p1a: Basculegion|77/100|[from] Recoil\n|move|p2b: Morpeko|Parting Shot|p1b: Archaludon\n|-activate|p1b: Archaludon|move: Protect\n|\n|-weather|none\n|-formechange|p2b: Morpeko|Morpeko|\n|upkeep\n|\n|t:|1776454870\n|switch|p2a: Sableye|Sableye, L50, M|100/100\n|turn|6\n|inactive|Lessa_ped has 30 seconds left.\n|\n|t:|1776454902\n|move|p2a: Sableye|Encore|p1b: Archaludon\n|-start|p1b: Archaludon|Encore\n|move|p1b: Archaludon|Protect|p1b: Archaludon\n|-singleturn|p1b: Archaludon|Protect\n|move|p2b: Morpeko|Parting Shot|p1a: Basculegion\n|-unboost|p1a: Basculegion|atk|1\n|-unboost|p1a: Basculegion|spa|1\n|\n|t:|1776454910\n|switch|p2b: Gengar|Gengar-Mega, L50, M|17/100|[from] Parting Shot\n|move|p1a: Basculegion|Last Respects|p2a: Sableye\n|-damage|p2a: Sableye|48/100\n|\n|upkeep\n|turn|7\n|\n|t:|1776454929\n|move|p1b: Archaludon|Protect||[still]\n|-fail|p1b: Archaludon\n|move|p2a: Sableye|Disable|p1a: Basculegion\n|-start|p1a: Basculegion|Disable|Last Respects\n|move|p2b: Gengar|Shadow Ball|p1a: Basculegion\n|-supereffective|p1a: Basculegion|1\n|-damage|p1a: Basculegion|0 fnt\n|faint|p1a: Basculegion\n|\n|upkeep\n|turn|8\n|inactive|Meowbertdakat has 30 seconds left.\n|\n|t:|1776454956\n|move|p2a: Sableye|Protect|p2a: Sableye\n|-singleturn|p2a: Sableye|Protect\n|move|p1b: Archaludon|Protect|p1b: Archaludon\n|-singleturn|p1b: Archaludon|Protect\n|move|p2b: Gengar|Shadow Ball|p1b: Archaludon\n|-activate|p1b: Archaludon|move: Protect\n|\n|-end|p1b: Archaludon|Encore\n|upkeep\n|turn|9\n|\n|t:|1776454970\n|move|p2a: Sableye|Encore|p1b: Archaludon\n|-start|p1b: Archaludon|Encore\n|move|p1b: Archaludon|Protect||[still]\n|-fail|p1b: Archaludon\n|move|p2b: Gengar|Shadow Ball|p1b: Archaludon\n|-damage|p1b: Archaludon|54/100\n|-unboost|p1b: Archaludon|spd|1\n|-ability|p1b: Archaludon|Stamina|boost\n|-boost|p1b: Archaludon|def|1\n|\n|-heal|p1b: Archaludon|60/100|[from] item: Leftovers\n|upkeep\n|turn|10\n|c|\u2606Lessa_ped|really?\n|\n|t:|1776454989\n|move|p2b: Gengar|Protect|p2b: Gengar\n|-singleturn|p2b: Gengar|Protect\n|move|p1b: Archaludon|Protect|p1b: Archaludon\n|-singleturn|p1b: Archaludon|Protect\n|move|p2a: Sableye|Disable|p1b: Archaludon\n|-activate|p1b: Archaludon|move: Protect\n|\n|-heal|p1b: Archaludon|66/100|[from] item: Leftovers\n|upkeep\n|turn|11\n|\n|t:|1776455002\n|move|p1b: Archaludon|Protect||[still]\n|-fail|p1b: Archaludon\n|move|p2a: Sableye|Disable|p1b: Archaludon\n|-start|p1b: Archaludon|Disable|Protect\n|move|p2b: Gengar|Shadow Ball|p1b: Archaludon\n|-damage|p1b: Archaludon|4/100\n|-unboost|p1b: Archaludon|spd|1\n|-ability|p1b: Archaludon|Stamina|boost\n|-boost|p1b: Archaludon|def|1\n|\n|-heal|p1b: Archaludon|10/100|[from] item: Leftovers\n|-end|p1b: Archaludon|Encore\n|upkeep\n|turn|12\n|\n|t:|1776455019\n|move|p2a: Sableye|Encore|p1b: Archaludon\n|-start|p1b: Archaludon|Encore\n|cant|p1b: Archaludon|Disable|Protect\n|move|p2b: Gengar|Shadow Ball|p1b: Archaludon\n|-damage|p1b: Archaludon|0 fnt\n|faint|p1b: Archaludon\n|\n|win|Meowbertdakat\n|raw|Lessa_ped's rating: 1134 &rarr; <strong>1105</strong><br />(-29 for losing)\n|raw|Meowbertdakat's rating: 1075 &rarr; <strong>1109</strong><br />(+34 for winning)\n",
  "uploadtime": 1776455022,
  "views": 48,
  "formatid": "gen9championsvgc2026regma",
  "rating": 1105,
  "private": 0,
  "password": null
}