{
  "id": "gen9championsvgc2026regma-2584733122",
  "format": "[Gen 9 Champions] VGC 2026 Reg M-A",
  "players": [
    "choricheeseslw",
    "Runningo"
  ],
  "log": "|j|\u2606choricheeseslw\n|j|\u2606Runningo\n|t:|1776279817\n|gametype|doubles\n|player|p1|choricheeseslw|2|1153\n|player|p2|Runningo|170|1196\n|gen|9\n|tier|[Gen 9 Champions] VGC 2026 Reg M-A\n|rated|\n|rule|Species Clause: Limit one of each Pok\u00e9mon\n|rule|Item Clause: Limit 1 of each item\n|clearpoke\n|poke|p1|Charizard, L50, M|\n|poke|p1|Kingambit, L50, M|\n|poke|p1|Garchomp, L50, M|\n|poke|p1|Floette-Eternal, L50, F|\n|poke|p1|Incineroar, L50, F|\n|poke|p1|Basculegion, L50, M|\n|poke|p2|Whimsicott, L50, M|\n|poke|p2|Typhlosion-Hisui, L50, F|\n|poke|p2|Floette-Eternal, L50, F|\n|poke|p2|Tauros-Paldea-Blaze, L50, M|\n|poke|p2|Farigiraf, L50, M|\n|poke|p2|Primarina, L50, M|\n|teampreview|4\n|inactive|Battle timer is ON: inactive players will automatically lose when time's up. (requested by choricheeseslw)\n|\n|t:|1776279879\n|teamsize|p1|4\n|teamsize|p2|4\n|start\n|switch|p1a: Incineroar|Incineroar, L50, F, shiny|100/100\n|switch|p1b: Kingambit|Kingambit, L50, M|100/100\n|switch|p2a: Farigiraf|Farigiraf, L50, M|100/100\n|switch|p2b: Floette|Floette-Eternal, L50, F|100/100\n|-ability|p1a: Incineroar|Intimidate|boost\n|-unboost|p2a: Farigiraf|atk|1\n|-unboost|p2b: Floette|atk|1\n|turn|1\n|\n|t:|1776279902\n|switch|p2b: Primarina|Primarina, L50, M|100/100\n|move|p1a: Incineroar|Fake Out||[still]\n|cant|p2a: Farigiraf|ability: Armor Tail|Fake Out|[of] p1a: Incineroar\n|move|p1b: Kingambit|Iron Head|p2b: Primarina\n|-damage|p2b: Primarina|36/100\n|move|p2a: Farigiraf|Trick Room|p2a: Farigiraf\n|-fieldstart|move: Trick Room|[of] p2a: Farigiraf\n|\n|upkeep\n|turn|2\n|inactive|choricheeseslw has 30 seconds left.\n|\n|t:|1776279937\n|move|p2a: Farigiraf|Helping Hand|p2b: Primarina\n|-singleturn|p2b: Primarina|Helping Hand|[of] p2a: Farigiraf\n|move|p2b: Primarina|Hyper Voice|p1b: Kingambit|[spread] p1a,p1b\n|-supereffective|p1a: Incineroar|1\n|-damage|p1a: Incineroar|7/100\n|-damage|p1b: Kingambit|36/100\n|-enditem|p1a: Incineroar|Sitrus Berry|[eat]\n|-heal|p1a: Incineroar|32/100|[from] item: Sitrus Berry\n|move|p1b: Kingambit|Iron Head|p2b: Primarina\n|-damage|p2b: Primarina|0 fnt\n|faint|p2b: Primarina\n|move|p1a: Incineroar|Throat Chop|p2a: Farigiraf\n|-supereffective|p2a: Farigiraf|1\n|-enditem|p2a: Farigiraf|Colbur Berry|[eat]\n|-enditem|p2a: Farigiraf|Colbur Berry|[weaken]\n|-damage|p2a: Farigiraf|67/100\n|-start|p2a: Farigiraf|Throat Chop|[silent]\n|\n|upkeep\n|inactive|Runningo has 30 seconds left.\n|\n|t:|1776279966\n|switch|p2b: Floette|Floette-Eternal, L50, F|100/100\n|turn|3\n|\n|t:|1776279982\n|switch|p2a: Whimsicott|Whimsicott, L50, M|100/100\n|move|p2b: Floette|Protect|p2b: Floette\n|-singleturn|p2b: Floette|Protect\n|move|p1b: Kingambit|Iron Head|p2b: Floette\n|-activate|p2b: Floette|move: Protect\n|move|p1a: Incineroar|Throat Chop|p2a: Whimsicott\n|-resisted|p2a: Whimsicott|1\n|-damage|p2a: Whimsicott|76/100\n|-start|p2a: Whimsicott|Throat Chop|[silent]\n|\n|upkeep\n|turn|4\n|\n|t:|1776280002\n|switch|p2b: Farigiraf|Farigiraf, L50, M|67/100\n|move|p2a: Whimsicott|Protect|p2a: Whimsicott\n|-singleturn|p2a: Whimsicott|Protect\n|move|p1b: Kingambit|Iron Head|p2b: Farigiraf\n|-damage|p2b: Farigiraf|15/100\n|move|p1a: Incineroar|Flare Blitz|p2a: Whimsicott\n|-activate|p2a: Whimsicott|move: Protect\n|\n|-end|p2a: Whimsicott|Throat Chop|[silent]\n|upkeep\n|turn|5\n|\n|t:|1776280021\n|move|p1b: Kingambit|Protect|p1b: Kingambit\n|-singleturn|p1b: Kingambit|Protect\n|move|p2a: Whimsicott|Tailwind|p2a: Whimsicott\n|-sidestart|p2: Runningo|move: Tailwind\n|move|p1a: Incineroar|Flare Blitz|p2a: Whimsicott\n|-supereffective|p2a: Whimsicott|1\n|-damage|p2a: Whimsicott|0 fnt\n|faint|p2a: Whimsicott\n|-damage|p1a: Incineroar|15/100|[from] Recoil\n|move|p2b: Farigiraf|Hyper Voice|p1b: Kingambit|[spread] p1a\n|-activate|p1b: Kingambit|move: Protect\n|-damage|p1a: Incineroar|0 fnt\n|faint|p1a: Incineroar\n|\n|-fieldend|move: Trick Room\n|upkeep\n|\n|t:|1776280040\n|switch|p2a: Floette|Floette-Eternal, L50, F|100/100\n|switch|p1a: Basculegion|Basculegion, L50, M|100/100\n|turn|6\n|\n|t:|1776280053\n|detailschange|p2a: Floette|Floette-Mega, L50, F\n|-mega|p2a: Floette|Floette|Floettite\n|-ability|p2a: Floette|Fairy Aura\n|move|p2b: Farigiraf|Helping Hand|p2a: Floette\n|-singleturn|p2a: Floette|Helping Hand|[of] p2b: Farigiraf\n|move|p1a: Basculegion|Aqua Jet||[still]\n|cant|p2b: Farigiraf|ability: Armor Tail|Aqua Jet|[of] p1a: Basculegion\n|move|p2a: Floette|Dazzling Gleam|p1b: Kingambit|[spread] p1a,p1b\n|-damage|p1a: Basculegion|17/100\n|-damage|p1b: Kingambit|0 fnt\n|faint|p1b: Kingambit\n|\n|upkeep\n|\n|t:|1776280066\n|switch|p1b: Floette|Floette-Eternal, L50, F|100/100\n|turn|7\n|\n|t:|1776280081\n|detailschange|p1b: Floette|Floette-Mega, L50, F\n|-mega|p1b: Floette|Floette|Floettite\n|-ability|p1b: Floette|Fairy Aura\n|move|p2b: Farigiraf|Helping Hand|p2a: Floette\n|-singleturn|p2a: Floette|Helping Hand|[of] p2b: Farigiraf\n|move|p2a: Floette|Dazzling Gleam|p1b: Floette|[spread] p1a,p1b\n|-damage|p1a: Basculegion|0 fnt\n|-damage|p1b: Floette|54/100\n|faint|p1a: Basculegion\n|move|p1b: Floette|Calm Mind|p1b: Floette\n|-boost|p1b: Floette|spa|1\n|-boost|p1b: Floette|spd|1\n|\n|upkeep\n|turn|8\n|\n|t:|1776280098\n|move|p2b: Farigiraf|Helping Hand|p2a: Floette\n|-singleturn|p2a: Floette|Helping Hand|[of] p2b: Farigiraf\n|move|p2a: Floette|Light of Ruin|p1b: Floette|[miss]\n|-miss|p2a: Floette|p1b: Floette\n|move|p1b: Floette|Moonblast|p2b: Farigiraf\n|-damage|p2b: Farigiraf|0 fnt\n|faint|p2b: Farigiraf\n|\n|-sideend|p2: Runningo|move: Tailwind\n|upkeep\n|turn|9\n|\n|t:|1776280116\n|move|p2a: Floette|Light of Ruin|p1b: Floette\n|-damage|p1b: Floette|2/100\n|-damage|p2a: Floette|69/100|[from] Recoil\n|move|p1b: Floette|Moonblast|p2a: Floette\n|-damage|p2a: Floette|0 fnt\n|faint|p2a: Floette\n|\n|win|choricheeseslw\n|raw|choricheeseslw's rating: 1153 &rarr; <strong>1181</strong><br />(+28 for winning)\n|raw|Runningo's rating: 1196 &rarr; <strong>1168</strong><br />(-28 for losing)\n",
  "uploadtime": 1776280128,
  "views": 15,
  "formatid": "gen9championsvgc2026regma",
  "rating": 1168,
  "private": 0,
  "password": null
}