{
  "id": "gen9championsvgc2026regma-2586137278",
  "format": "[Gen 9 Champions] VGC 2026 Reg M-A",
  "players": [
    "nsbnsb",
    "rowlet_love"
  ],
  "log": "|j|\u2606nsbnsb\n|j|\u2606rowlet_love\n|t:|1776403636\n|gametype|doubles\n|player|p1|nsbnsb|ghetsis|1465\n|player|p2|rowlet_love|102|1543\n|gen|9\n|tier|[Gen 9 Champions] VGC 2026 Reg M-A\n|rated|\n|rule|Species Clause: Limit one of each Pok\u00e9mon\n|rule|Item Clause: Limit 1 of each item\n|clearpoke\n|poke|p1|Crabominable, L50, M|\n|poke|p1|Farigiraf, L50, M|\n|poke|p1|Kingambit, L50, M|\n|poke|p1|Sinistcha, L50|\n|poke|p1|Camerupt, L50, M|\n|poke|p1|Sneasler, L50, M|\n|poke|p2|Froslass, L50, F|\n|poke|p2|Glaceon, L50, F|\n|poke|p2|Garchomp, L50, M|\n|poke|p2|Sneasler, L50, M|\n|poke|p2|Kingambit, L50, F|\n|poke|p2|Gyarados, L50, M|\n|teampreview|4\n|inactive|Battle timer is ON: inactive players will automatically lose when time's up. (requested by rowlet_love)\n|inactive|nsbnsb also wants the timer to be on.\n|inactive|rowlet_love has 60 seconds left.\n|\n|t:|1776403673\n|teamsize|p1|4\n|teamsize|p2|4\n|start\n|switch|p1a: Farigiraf|Farigiraf, L50, M|100/100\n|switch|p1b: Sneasler|Sneasler, L50, M|100/100\n|switch|p2a: Froslass|Froslass, L50, F|100/100\n|switch|p2b: Glaceon|Glaceon, L50, F|100/100\n|turn|1\n|\n|t:|1776403689\n|detailschange|p2a: Froslass|Froslass-Mega, L50, F\n|-mega|p2a: Froslass|Froslass|Froslassite\n|-weather|Snowscape|[from] ability: Snow Warning|[of] p2a: Froslass\n|move|p1b: Sneasler|Fake Out|p2b: Glaceon\n|-damage|p2b: Glaceon|92/100\n|move|p2a: Froslass|Aurora Veil|p2a: Froslass\n|-sidestart|p2: rowlet_love|move: Aurora Veil\n|cant|p2b: Glaceon|flinch\n|move|p1a: Farigiraf|Trick Room|p1a: Farigiraf\n|-fieldstart|move: Trick Room|[of] p1a: Farigiraf\n|\n|-weather|Snowscape|[upkeep]\n|upkeep\n|turn|2\n|inactive|rowlet_love has 30 seconds left.\n|inactive|rowlet_love has 20 seconds left.\n|\n|t:|1776403726\n|switch|p1b: Kingambit|Kingambit, L50, M, shiny|100/100\n|move|p1a: Farigiraf|Twin Beam|p2b: Glaceon|[miss]\n|-miss|p1a: Farigiraf|p2b: Glaceon\n|move|p2b: Glaceon|Blizzard|p1b: Kingambit|[spread] p1a,p1b\n|-resisted|p1b: Kingambit|1\n|-damage|p1a: Farigiraf|52/100\n|-damage|p1b: Kingambit|71/100\n|move|p2a: Froslass|Blizzard|p1a: Farigiraf|[spread] p1a,p1b\n|-crit|p1a: Farigiraf\n|-resisted|p1b: Kingambit|1\n|-damage|p1a: Farigiraf|0 fnt\n|-damage|p1b: Kingambit|53/100\n|-status|p1b: Kingambit|frz\n|faint|p1a: Farigiraf\n|\n|-weather|Snowscape|[upkeep]\n|upkeep\n|\n|t:|1776403736\n|switch|p1a: Camerupt|Camerupt, L50, M|100/100\n|turn|3\n|inactive|rowlet_love has 30 seconds left.\n|\n|t:|1776403768\n|switch|p2a: Garchomp|Garchomp, L50, M|100/100\n|detailschange|p1a: Camerupt|Camerupt-Mega, L50, M\n|-mega|p1a: Camerupt|Camerupt|Cameruptite\n|move|p2b: Glaceon|Protect|p2b: Glaceon\n|-singleturn|p2b: Glaceon|Protect\n|move|p1a: Camerupt|Eruption|p2b: Glaceon|[spread] p2a\n|-activate|p2b: Glaceon|move: Protect\n|-resisted|p2a: Garchomp|1\n|-damage|p2a: Garchomp|75/100\n|cant|p1b: Kingambit|frz\n|\n|-weather|Snowscape|[upkeep]\n|upkeep\n|turn|4\n|\n|t:|1776403782\n|move|p1a: Camerupt|Eruption|p2a: Garchomp|[spread] p2a,p2b\n|-resisted|p2a: Garchomp|1\n|-supereffective|p2b: Glaceon|1\n|-damage|p2a: Garchomp|47/100\n|-damage|p2b: Glaceon|0 fnt\n|faint|p2b: Glaceon\n|-curestatus|p1b: Kingambit|frz|[msg]\n|move|p1b: Kingambit|Kowtow Cleave|p2a: Garchomp\n|-damage|p2a: Garchomp|10/100\n|-damage|p1b: Kingambit|41/100|[from] ability: Rough Skin|[of] p2a: Garchomp\n|move|p2a: Garchomp|Earthquake|p1a: Camerupt|[spread] p1a,p1b\n|-supereffective|p1a: Camerupt|1\n|-supereffective|p1b: Kingambit|1\n|-damage|p1a: Camerupt|25/100\n|-damage|p1b: Kingambit|0 fnt\n|faint|p1b: Kingambit\n|\n|-weather|Snowscape|[upkeep]\n|upkeep\n|\n|t:|1776403802\n|switch|p1b: Sneasler|Sneasler, L50, M|100/100\n|switch|p2b: Gyarados|Gyarados, L50, M|100/100\n|-ability|p2b: Gyarados|Intimidate|boost\n|-unboost|p1a: Camerupt|atk|1\n|-unboost|p1b: Sneasler|atk|1\n|-enditem|p1b: Sneasler|White Herb\n|-clearnegativeboost|p1b: Sneasler|[silent]\n|turn|5\n|\n|t:|1776403818\n|move|p2a: Garchomp|Protect|p2a: Garchomp\n|-singleturn|p2a: Garchomp|Protect\n|move|p1b: Sneasler|Fake Out|p2b: Gyarados\n|-damage|p2b: Gyarados|89/100\n|move|p1a: Camerupt|Heat Wave|p2b: Gyarados|[spread] p2b\n|-activate|p2a: Garchomp|move: Protect\n|-resisted|p2b: Gyarados|1\n|-damage|p2b: Gyarados|69/100\n|cant|p2b: Gyarados|flinch\n|\n|-weather|none\n|-sideend|p2: rowlet_love|move: Aurora Veil\n|-fieldend|move: Trick Room\n|upkeep\n|turn|6\n|\n|t:|1776403835\n|move|p1a: Camerupt|Protect|p1a: Camerupt\n|-singleturn|p1a: Camerupt|Protect\n|move|p1b: Sneasler|Dire Claw|p2a: Garchomp\n|-resisted|p2a: Garchomp|1\n|-damage|p2a: Garchomp|0 fnt\n|-damage|p1b: Sneasler|88/100|[from] ability: Rough Skin|[of] p2a: Garchomp\n|faint|p2a: Garchomp\n|move|p2b: Gyarados|Waterfall|p1a: Camerupt\n|-activate|p1a: Camerupt|move: Protect\n|\n|upkeep\n|j| gokua2\n|\n|t:|1776403845\n|switch|p2a: Froslass|Froslass-Mega, L50, F|100/100\n|-weather|Snowscape|[from] ability: Snow Warning|[of] p2a: Froslass\n|turn|7\n|\n|t:|1776403853\n|move|p1b: Sneasler|Dire Claw|p2b: Gyarados\n|-damage|p2b: Gyarados|12/100\n|move|p2a: Froslass|Blizzard|p1a: Camerupt|[spread] p1a,p1b\n|-damage|p1a: Camerupt|0 fnt\n|-damage|p1b: Sneasler|40/100\n|faint|p1a: Camerupt\n|move|p2b: Gyarados|Waterfall|p1b: Sneasler\n|-damage|p1b: Sneasler|0 fnt\n|faint|p1b: Sneasler\n|\n|win|rowlet_love\n|raw|nsbnsb's rating: 1465 &rarr; <strong>1449</strong><br />(-16 for losing)\n|raw|rowlet_love's rating: 1543 &rarr; <strong>1559</strong><br />(+16 for winning)\n|l|\u2606nsbnsb\n|player|p1|\n|l|\u2606rowlet_love\n|player|p2|\n",
  "uploadtime": 1776403966,
  "views": 48,
  "formatid": "gen9championsvgc2026regma",
  "rating": 1449,
  "private": 0,
  "password": null
}