{
  "id": "gen9championsvgc2026regma-2588475772",
  "format": "[Gen 9 Champions] VGC 2026 Reg M-A",
  "players": [
    "KilamanolaVGC",
    "batgiuseppe"
  ],
  "log": "|j|\u203dKilamanolaVGC\n|j|\u2606batgiuseppe\n|t:|1776636885\n|gametype|doubles\n|player|p1|KilamanolaVGC|benga|1451\n|player|p2|batgiuseppe|170|1527\n|gen|9\n|tier|[Gen 9 Champions] VGC 2026 Reg M-A\n|rated|\n|rule|Species Clause: Limit one of each Pok\u00e9mon\n|rule|Item Clause: Limit 1 of each item\n|clearpoke\n|poke|p1|Hawlucha, L50, F, shiny|\n|poke|p1|Garganacl, L50, F, shiny|\n|poke|p1|Gengar, L50, M, shiny|\n|poke|p1|Sableye, L50, F, shiny|\n|poke|p1|Maushold, L50|\n|poke|p1|Politoed, L50, M, shiny|\n|poke|p2|Delphox, L50, F|\n|poke|p2|Sneasler, L50, M|\n|poke|p2|Kingambit, L50, M|\n|poke|p2|Basculegion, L50, M|\n|poke|p2|Rotom-Mow, L50|\n|poke|p2|Scizor, L50, M|\n|teampreview|4\n|inactive|Battle timer is ON: inactive players will automatically lose when time's up. (requested by KilamanolaVGC)\nKilamanolaVGC has agreed to open team sheets.\n|inactive|KilamanolaVGC has 60 seconds left.\n|\n|t:|1776636918\n|teamsize|p1|4\n|teamsize|p2|4\n|start\n|switch|p1a: Gengar|Gengar, L50, M, shiny|100/100\n|switch|p1b: Sableye|Sableye, L50, F, shiny|100/100\n|switch|p2a: Sneasler|Sneasler, L50, M|100/100\n|switch|p2b: Delphox|Delphox, L50, F|100/100\n|turn|1\n|\n|t:|1776636933\n|switch|p2a: Kingambit|Kingambit, L50, M|100/100\n|detailschange|p1a: Gengar|Gengar-Mega, L50, M, shiny\n|-mega|p1a: Gengar|Gengar|Gengarite\n|detailschange|p2b: Delphox|Delphox-Mega, L50, F\n|-mega|p2b: Delphox|Delphox|Delphoxite\n|move|p1b: Sableye|Fake Out|p2b: Delphox\n|-damage|p2b: Delphox|93/100\n|cant|p2b: Delphox|flinch\n|move|p1a: Gengar|Perish Song|p1a: Gengar\n|-start|p1a: Gengar|perish3|[silent]\n|-start|p1b: Sableye|perish3|[silent]\n|-start|p2a: Kingambit|perish3|[silent]\n|-start|p2b: Delphox|perish3|[silent]\n|-fieldactivate|move: Perish Song\n|\n|-start|p2b: Delphox|perish3\n|-start|p1a: Gengar|perish3\n|-start|p2a: Kingambit|perish3\n|-start|p1b: Sableye|perish3\n|upkeep\n|turn|2\n|inactive|KilamanolaVGC has 30 seconds left.\n|\n|t:|1776636965\n|move|p1b: Sableye|Protect|p1b: Sableye\n|-singleturn|p1b: Sableye|Protect\n|move|p1a: Gengar|Protect|p1a: Gengar\n|-singleturn|p1a: Gengar|Protect\n|move|p2b: Delphox|Psychic|p1b: Sableye\n|-activate|p1b: Sableye|move: Protect\n|move|p2a: Kingambit|Iron Head|p1b: Sableye\n|-activate|p1b: Sableye|move: Protect\n|\n|-start|p2b: Delphox|perish2\n|-start|p1a: Gengar|perish2\n|-start|p2a: Kingambit|perish2\n|-start|p1b: Sableye|perish2\n|upkeep\n|turn|3\n|\n|t:|1776636986\n|move|p1b: Sableye|Disable|p2b: Delphox\n|-start|p2b: Delphox|Disable|Psychic\n|cant|p2b: Delphox|Disable|Psychic\n|move|p1a: Gengar|Disable|p2a: Kingambit\n|-start|p2a: Kingambit|Disable|Iron Head\n|cant|p2a: Kingambit|Disable|Iron Head\n|\n|-start|p2b: Delphox|perish1\n|-start|p1a: Gengar|perish1\n|-start|p2a: Kingambit|perish1\n|-start|p1b: Sableye|perish1\n|upkeep\n|turn|4\n|\n|t:|1776637005\n|switch|p1a: Politoed|Politoed, L50, M, shiny|100/100\n|-weather|RainDance|[from] ability: Drizzle|[of] p1a: Politoed\n|switch|p1b: Maushold|Maushold, L50|100/100\n|move|p2b: Delphox|Heat Wave|p1b: Maushold|[spread] p1b\n|-miss|p2b: Delphox|p1a: Politoed\n|-damage|p1b: Maushold|75/100\n|move|p2a: Kingambit|Low Kick|p1b: Maushold\n|-supereffective|p1b: Maushold|1\n|-enditem|p1b: Maushold|Chople Berry|[eat]\n|-enditem|p1b: Maushold|Chople Berry|[weaken]\n|-damage|p1b: Maushold|64/100\n|\n|-weather|RainDance|[upkeep]\n|-start|p2b: Delphox|perish0\n|-start|p2a: Kingambit|perish0\n|upkeep\n|faint|p2b: Delphox\n|faint|p2a: Kingambit\n|\n|t:|1776637019\n|switch|p2b: Basculegion|Basculegion, L50, M|100/100\n|switch|p2a: Sneasler|Sneasler, L50, M|100/100\n|turn|5\n|-message|batgiuseppe forfeited.\n|\n|win|KilamanolaVGC\n|raw|KilamanolaVGC's rating: 1451 &rarr; <strong>1475</strong><br />(+24 for winning)\n|raw|batgiuseppe's rating: 1527 &rarr; <strong>1503</strong><br />(-24 for losing)\n|l|\u2606batgiuseppe\n|player|p2|\n",
  "uploadtime": 1776637078,
  "views": 22,
  "formatid": "gen9championsvgc2026regma",
  "rating": 1475,
  "private": 0,
  "password": null
}