{
  "id": "gen9championsvgc2026regma-2587577334",
  "format": "[Gen 9 Champions] VGC 2026 Reg M-A",
  "players": [
    "Wickwici",
    "RobinLeft"
  ],
  "log": "|j|\u2606Wickwici\n|j|\u2606RobinLeft\n|t:|1776543802\n|gametype|doubles\n|player|p1|Wickwici|richboy-gen4|1050\n|player|p2|RobinLeft|n|1000\n|gen|9\n|tier|[Gen 9 Champions] VGC 2026 Reg M-A\n|rated|\n|rule|Species Clause: Limit one of each Pok\u00e9mon\n|rule|Item Clause: Limit 1 of each item\n|clearpoke\n|poke|p1|Lopunny, L50, F|\n|poke|p1|Basculegion, L50, M|\n|poke|p1|Sinistcha, L50|\n|poke|p1|Garchomp, L50, M|\n|poke|p1|Hatterene, L50, F|\n|poke|p1|Scizor, L50, F|\n|poke|p2|Feraligatr, L50, F|\n|poke|p2|Sneasler, L50, F|\n|poke|p2|Whimsicott, L50, F|\n|poke|p2|Farigiraf, L50, M|\n|poke|p2|Incineroar, L50, F|\n|poke|p2|Floette-Eternal, L50, F|\n|teampreview|4\n|inactive|Battle timer is ON: inactive players will automatically lose when time's up. (requested by Wickwici)\nRobinLeft rejected open team sheets.\n|\n|t:|1776543831\n|teamsize|p1|4\n|teamsize|p2|4\n|start\n|switch|p1a: Lopunny|Lopunny, L50, F|100/100\n|switch|p1b: Scizor|Scizor, L50, F|100/100\n|switch|p2a: What a surprise|Incineroar, L50, F|100/100\n|switch|p2b: StraightUpSneasin'|Sneasler, L50, F|100/100\n|-ability|p2a: What a surprise|Intimidate|boost\n|-unboost|p1a: Lopunny|atk|1\n|-unboost|p1b: Scizor|atk|1\n|turn|1\n|\n|t:|1776543855\n|move|p1a: Lopunny|Fake Out|p2b: StraightUpSneasin'\n|-damage|p2b: StraightUpSneasin'|84/100\n|move|p2a: What a surprise|Fake Out|p1b: Scizor\n|-resisted|p1b: Scizor|1\n|-damage|p1b: Scizor|94/100\n|cant|p1b: Scizor|flinch\n|cant|p2b: StraightUpSneasin'|flinch\n|\n|upkeep\n|turn|2\n|\n|t:|1776543875\n|detailschange|p1a: Lopunny|Lopunny-Mega, L50, F\n|-mega|p1a: Lopunny|Lopunny|Lopunnite\n|move|p1b: Scizor|Bullet Punch|p2b: StraightUpSneasin'\n|-damage|p2b: StraightUpSneasin'|48/100\n|move|p1a: Lopunny|Close Combat|p2a: What a surprise\n|-supereffective|p2a: What a surprise|1\n|-crit|p2a: What a surprise\n|-damage|p2a: What a surprise|0 fnt\n|-unboost|p1a: Lopunny|def|1\n|-unboost|p1a: Lopunny|spd|1\n|faint|p2a: What a surprise\n|move|p2b: StraightUpSneasin'|Close Combat|p1a: Lopunny\n|-supereffective|p1a: Lopunny|1\n|-damage|p1a: Lopunny|0 fnt\n|-unboost|p2b: StraightUpSneasin'|def|1\n|-unboost|p2b: StraightUpSneasin'|spd|1\n|faint|p1a: Lopunny\n|\n|upkeep\n|\n|t:|1776543892\n|switch|p1a: Garchomp|Garchomp, L50, M|100/100\n|switch|p2a: Frickakcrif|Farigiraf, L50, M|100/100\n|turn|3\n|\n|t:|1776543913\n|move|p2b: StraightUpSneasin'|Close Combat|p1b: Scizor\n|-damage|p1b: Scizor|17/100\n|-unboost|p2b: StraightUpSneasin'|def|1\n|-unboost|p2b: StraightUpSneasin'|spd|1\n|move|p1a: Garchomp|Earthquake|p2b: StraightUpSneasin'|[spread] p1b,p2a,p2b\n|-supereffective|p2b: StraightUpSneasin'|1\n|-damage|p1b: Scizor|0 fnt\n|-damage|p2a: Frickakcrif|58/100\n|-damage|p2b: StraightUpSneasin'|0 fnt\n|faint|p1b: Scizor\n|faint|p2b: StraightUpSneasin'\n|move|p2a: Frickakcrif|Trick Room|p2a: Frickakcrif\n|-fieldstart|move: Trick Room|[of] p2a: Frickakcrif\n|\n|upkeep\n|\n|t:|1776543925\n|switch|p1b: Basculegion|Basculegion, L50, M|100/100\n|switch|p2b: Big Chompin'|Feraligatr, L50, F|100/100\n|turn|4\n|\n|t:|1776543948\n|detailschange|p2b: Big Chompin'|Feraligatr-Mega, L50, F\n|-mega|p2b: Big Chompin'|Feraligatr|Feraligite\n|move|p2a: Frickakcrif|Psychic|p1b: Basculegion\n|-damage|p1b: Basculegion|50/100\n|move|p2b: Big Chompin'|Double-Edge|p1a: Garchomp\n|-supereffective|p1a: Garchomp|1\n|-damage|p1a: Garchomp|0 fnt\n|-damage|p2b: Big Chompin'|88/100|[from] ability: Rough Skin|[of] p1a: Garchomp\n|faint|p1a: Garchomp\n|-damage|p2b: Big Chompin'|57/100|[from] Recoil\n|move|p1b: Basculegion|Wave Crash|p2a: Frickakcrif\n|-damage|p2a: Frickakcrif|0 fnt\n|faint|p2a: Frickakcrif\n|-damage|p1b: Basculegion|29/100|[from] Recoil\n|\n|upkeep\n|turn|5\n|\n|t:|1776543966\n|move|p2b: Big Chompin'|Double-Edge|p1b: Basculegion\n|-damage|p1b: Basculegion|0 fnt\n|faint|p1b: Basculegion\n|-damage|p2b: Big Chompin'|47/100|[from] Recoil\n|\n|win|RobinLeft\n|raw|Wickwici's rating: 1050 &rarr; <strong>1030</strong><br />(-20 for losing)\n|raw|RobinLeft's rating: 1000 &rarr; <strong>1046</strong><br />(+46 for winning)\n",
  "uploadtime": 1776543974,
  "views": 24,
  "formatid": "gen9championsvgc2026regma",
  "rating": 1030,
  "private": 0,
  "password": null
}