{
  "id": "gen9championsvgc2026regma-2583281752",
  "format": "[Gen 9 Champions] VGC 2026 Reg M-A",
  "players": [
    "faroutfrog",
    "Zapdos79"
  ],
  "log": "|j|\u2606faroutfrog\n|j|\u2606Zapdos79\n|t:|1776162817\n|gametype|doubles\n|player|p1|faroutfrog|102|1153\n|player|p2|Zapdos79|flannery|1151\n|gen|9\n|tier|[Gen 9 Champions] VGC 2026 Reg M-A\n|rated|\n|rule|Species Clause: Limit one of each Pok\u00e9mon\n|rule|Item Clause: Limit 1 of each item\n|clearpoke\n|poke|p1|Maushold, L50|\n|poke|p1|Whimsicott, L50, F|\n|poke|p1|Aerodactyl, L50, M|\n|poke|p1|Archaludon, L50, M|\n|poke|p1|Feraligatr, L50, M|\n|poke|p1|Arcanine, L50, M|\n|poke|p2|Tyranitar, L50, M|\n|poke|p2|Basculegion, L50, M|\n|poke|p2|Excadrill, L50, F|\n|poke|p2|Meganium, L50, F|\n|poke|p2|Farigiraf, L50, M|\n|poke|p2|Incineroar, L50, M|\n|teampreview|4\n|\n|t:|1776162878\n|teamsize|p1|4\n|teamsize|p2|4\n|start\n|switch|p1a: Feraligatr|Feraligatr, L50, M|100/100\n|switch|p1b: Maushold|Maushold, L50|100/100\n|switch|p2a: Incineroar|Incineroar, L50, M|100/100\n|switch|p2b: Tyranitar|Tyranitar, L50, M|100/100\n|-weather|Sandstorm|[from] ability: Sand Stream|[of] p2b: Tyranitar\n|-ability|p2a: Incineroar|Intimidate|boost\n|-unboost|p1a: Feraligatr|atk|1\n|-unboost|p1b: Maushold|atk|1\n|turn|1\n|inactive|Battle timer is ON: inactive players will automatically lose when time's up. (requested by Zapdos79)\n|\n|t:|1776162900\n|switch|p1a: Archaludon|Archaludon, L50, M|100/100\n|move|p1b: Maushold|Beat Up|p1a: Archaludon\n|-damage|p1a: Archaludon|99/100\n|-ability|p1a: Archaludon|Stamina|boost\n|-boost|p1a: Archaludon|def|1\n|-damage|p1a: Archaludon|99/100\n|-ability|p1a: Archaludon|Stamina|boost\n|-boost|p1a: Archaludon|def|1\n|-damage|p1a: Archaludon|98/100\n|-ability|p1a: Archaludon|Stamina|boost\n|-boost|p1a: Archaludon|def|1\n|-damage|p1a: Archaludon|98/100\n|-ability|p1a: Archaludon|Stamina|boost\n|-boost|p1a: Archaludon|def|1\n|-hitcount|p1a: Archaludon|4\n|move|p2b: Tyranitar|Breaking Swipe|p1b: Maushold|[spread] p1a,p1b\n|-damage|p1a: Archaludon|93/100\n|-damage|p1b: Maushold|80/100\n|-unboost|p1a: Archaludon|atk|1\n|-unboost|p1b: Maushold|atk|1\n|-ability|p1a: Archaludon|Stamina|boost\n|-boost|p1a: Archaludon|def|1\n|move|p2a: Incineroar|Flare Blitz|p1b: Maushold\n|-damage|p1b: Maushold|0 fnt\n|faint|p1b: Maushold\n|-damage|p2a: Incineroar|77/100|[from] Recoil\n|\n|-weather|Sandstorm|[upkeep]\n|-damage|p2a: Incineroar|71/100|[from] Sandstorm\n|upkeep\n|inactive|faroutfrog has 30 seconds left.\n|inactive|faroutfrog has 20 seconds left.\n|\n|t:|1776162936\n|switch|p1b: Feraligatr|Feraligatr, L50, M|100/100\n|turn|2\n|\n|t:|1776162951\n|detailschange|p1b: Feraligatr|Feraligatr-Mega, L50, M\n|-mega|p1b: Feraligatr|Feraligatr|Feraligite\n|move|p2a: Incineroar|Protect|p2a: Incineroar\n|-singleturn|p2a: Incineroar|Protect\n|move|p1b: Feraligatr|Liquidation|p2a: Incineroar\n|-activate|p2a: Incineroar|move: Protect\n|move|p2b: Tyranitar|Breaking Swipe|p1b: Feraligatr|[spread] p1a,p1b\n|-supereffective|p1b: Feraligatr|1\n|-damage|p1a: Archaludon|89/100\n|-damage|p1b: Feraligatr|66/100\n|-unboost|p1a: Archaludon|atk|1\n|-unboost|p1b: Feraligatr|atk|1\n|-ability|p1a: Archaludon|Stamina|boost\n|-boost|p1a: Archaludon|def|1\n|move|p1a: Archaludon|Aura Sphere|p2b: Tyranitar\n|-supereffective|p2b: Tyranitar|2\n|-damage|p2b: Tyranitar|25/100\n|\n|-weather|Sandstorm|[upkeep]\n|-damage|p1b: Feraligatr|60/100|[from] Sandstorm\n|-damage|p2a: Incineroar|65/100|[from] Sandstorm\n|upkeep\n|turn|3\n|inactive|faroutfrog has 30 seconds left.\n|inactive|Zapdos79 has 30 seconds left.\n|inactive|Zapdos79 has 20 seconds left.\n|\n|t:|1776162990\n|switch|p2a: Meganium|Meganium, L50, F|100/100\n|move|p1b: Feraligatr|Liquidation|p2a: Meganium\n|-resisted|p2a: Meganium|1\n|-damage|p2a: Meganium|83/100\n|move|p2b: Tyranitar|Knock Off|p1a: Archaludon\n|-damage|p1a: Archaludon|77/100\n|-enditem|p1a: Archaludon|Chople Berry|[from] move: Knock Off|[of] p2b: Tyranitar\n|move|p1a: Archaludon|Aura Sphere|p2b: Tyranitar\n|-supereffective|p2b: Tyranitar|2\n|-damage|p2b: Tyranitar|0 fnt\n|faint|p2b: Tyranitar\n|\n|-weather|Sandstorm|[upkeep]\n|-damage|p1b: Feraligatr|54/100|[from] Sandstorm\n|-damage|p2a: Meganium|77/100|[from] Sandstorm\n|upkeep\n|\n|t:|1776163006\n|switch|p2b: Farigiraf|Farigiraf, L50, M|100/100\n|turn|4\n|\n|t:|1776163029\n|switch|p1b: Arcanine|Arcanine, L50, M|100/100\n|detailschange|p2a: Meganium|Meganium-Mega, L50, F\n|-mega|p2a: Meganium|Meganium|Meganiumite\n|move|p2a: Meganium|Dazzling Gleam|p1b: Arcanine|[spread] p1a,p1b\n|-resisted|p1b: Arcanine|1\n|-damage|p1a: Archaludon|43/100\n|-damage|p1b: Arcanine|77/100\n|move|p1a: Archaludon|Electro Shot||[still]\n|-prepare|p1a: Archaludon|Electro Shot\n|-boost|p1a: Archaludon|spa|1\n|move|p2b: Farigiraf|Thunder Wave|p1a: Archaludon\n|-status|p1a: Archaludon|par\n|\n|-weather|Sandstorm|[upkeep]\n|-damage|p1b: Arcanine|71/100|[from] Sandstorm\n|-damage|p2a: Meganium|71/100|[from] Sandstorm\n|-damage|p2b: Farigiraf|94/100|[from] Sandstorm\n|upkeep\n|turn|5\n|inactive|Zapdos79 has 30 seconds left.\n|\n|t:|1776163060\n|switch|p2a: Incineroar|Incineroar, L50, M|65/100\n|-ability|p2a: Incineroar|Intimidate|boost\n|-unboost|p1a: Archaludon|atk|1\n|-unboost|p1b: Arcanine|atk|1\n|move|p2b: Farigiraf|Ally Switch|p2b: Farigiraf\n|swap|p2b: Farigiraf|0|[from] move: Ally Switch\n|move|p1b: Arcanine|Flare Blitz|p2a: Farigiraf\n|-damage|p2a: Farigiraf|56/100\n|-damage|p1b: Arcanine|54/100|[from] Recoil\n|move|p1a: Archaludon|Electro Shot|p2b: Incineroar|[from] lockedmove\n|-damage|p2b: Incineroar|5/100\n|-enditem|p2b: Incineroar|Sitrus Berry|[eat]\n|-heal|p2b: Incineroar|30/100|[from] item: Sitrus Berry\n|\n|-weather|none\n|upkeep\n|turn|6\n|inactive|Zapdos79 has 30 seconds left.\n|\n|t:|1776163087\n|move|p2b: Incineroar|Fake Out|p1a: Archaludon\n|-resisted|p1a: Archaludon|1\n|-damage|p1a: Archaludon|42/100 par\n|move|p1b: Arcanine|Flare Blitz|p2a: Farigiraf\n|-damage|p2a: Farigiraf|15/100\n|-damage|p1b: Arcanine|36/100|[from] Recoil\n|-enditem|p1b: Arcanine|Sitrus Berry|[eat]\n|-heal|p1b: Arcanine|60/100|[from] item: Sitrus Berry\n|move|p2a: Farigiraf|Psychic|p1b: Arcanine\n|-damage|p1b: Arcanine|18/100\n|cant|p1a: Archaludon|flinch\n|\n|upkeep\n|turn|7\n|\n|t:|1776163106\n|move|p2a: Farigiraf|Ally Switch|p2a: Farigiraf\n|swap|p2a: Farigiraf|1|[from] move: Ally Switch\n|move|p1b: Arcanine|Flare Blitz|p2a: Incineroar\n|-resisted|p2a: Incineroar|1\n|-damage|p2a: Incineroar|13/100\n|-damage|p1b: Arcanine|11/100|[from] Recoil\n|move|p2a: Incineroar|Flare Blitz|p1b: Arcanine\n|-resisted|p1b: Arcanine|1\n|-damage|p1b: Arcanine|0 fnt\n|faint|p1b: Arcanine\n|-damage|p2a: Incineroar|10/100|[from] Recoil\n|cant|p1a: Archaludon|par\n|\n|upkeep\n|\n|t:|1776163120\n|switch|p1b: Feraligatr|Feraligatr-Mega, L50, M|54/100\n|turn|8\n|inactive|faroutfrog has 30 seconds left.\n|inactive|Zapdos79 has 30 seconds left.\n|\n|t:|1776163165\n|switch|p2a: Meganium|Meganium-Mega, L50, F|71/100\n|move|p2b: Farigiraf|Protect|p2b: Farigiraf\n|-singleturn|p2b: Farigiraf|Protect\n|move|p1b: Feraligatr|Liquidation|p2b: Farigiraf\n|-activate|p2b: Farigiraf|move: Protect\n|move|p1a: Archaludon|Flash Cannon|p2a: Meganium\n|-supereffective|p2a: Meganium|1\n|-damage|p2a: Meganium|0 fnt\n|faint|p2a: Meganium\n|\n|upkeep\n|\n|t:|1776163175\n|switch|p2a: Incineroar|Incineroar, L50, M|10/100\n|-ability|p2a: Incineroar|Intimidate|boost\n|-unboost|p1a: Archaludon|atk|1\n|-unboost|p1b: Feraligatr|atk|1\n|turn|9\n|\n|t:|1776163193\n|move|p2a: Incineroar|Fake Out|p1b: Feraligatr\n|-damage|p1b: Feraligatr|41/100\n|cant|p1b: Feraligatr|flinch\n|move|p2b: Farigiraf|Psychic|p1b: Feraligatr\n|-damage|p1b: Feraligatr|0 fnt\n|faint|p1b: Feraligatr\n|move|p1a: Archaludon|Aura Sphere|p2a: Incineroar\n|-supereffective|p2a: Incineroar|1\n|-damage|p2a: Incineroar|0 fnt\n|faint|p2a: Incineroar\n|\n|upkeep\n|turn|10\n|\n|t:|1776163209\n|move|p2b: Farigiraf|Psychic|p1a: Archaludon\n|-resisted|p1a: Archaludon|1\n|-damage|p1a: Archaludon|25/100 par\n|move|p1a: Archaludon|Aura Sphere|p2b: Farigiraf\n|-damage|p2b: Farigiraf|0 fnt\n|faint|p2b: Farigiraf\n|\n|win|faroutfrog\n|raw|faroutfrog's rating: 1153 &rarr; <strong>1178</strong><br />(+25 for winning)\n|raw|Zapdos79's rating: 1151 &rarr; <strong>1126</strong><br />(-25 for losing)\n|c|\u2606Zapdos79|gg\n|c|\u2606faroutfrog|Gg\n",
  "uploadtime": 1776163222,
  "views": 13,
  "formatid": "gen9championsvgc2026regma",
  "rating": 1126,
  "private": 0,
  "password": null
}