{
  "id": "gen9championsvgc2026regma-2581044310",
  "format": "[Gen 9 Champions] VGC 2026 Reg M-A",
  "players": [
    "bdb3000",
    "Timi-alex"
  ],
  "log": "|j|\u2606bdb3000\n|j|\u2606Timi-alex\n|t:|1775954619\n|gametype|doubles\n|player|p1|bdb3000|102|1110\n|player|p2|Timi-alex|170|1044\n|gen|9\n|tier|[Gen 9 Champions] VGC 2026 Reg M-A\n|rated|\n|rule|Species Clause: Limit one of each Pok\u00e9mon\n|rule|Item Clause: Limit 1 of each item\n|clearpoke\n|poke|p1|Charizard, L50, F|\n|poke|p1|Whimsicott, L50, F|\n|poke|p1|Garchomp, L50, F|\n|poke|p1|Sneasler, L50, F|\n|poke|p1|Maushold, L50|\n|poke|p1|Incineroar, L50, M|\n|poke|p2|Scovillain, L50, F|\n|poke|p2|Primarina, L50, F|\n|poke|p2|Raichu, L50, F|\n|poke|p2|Chandelure, L50, F|\n|poke|p2|Sneasler, L50, F|\n|poke|p2|Gyarados, L50, M|\n|teampreview|4\n|inactive|Battle timer is ON: inactive players will automatically lose when time's up. (requested by Timi-alex)\n|inactive|bdb3000 has 60 seconds left.\n|\n|t:|1775954670\n|teamsize|p1|4\n|teamsize|p2|4\n|start\n|switch|p1a: Maushold|Maushold, L50|100/100\n|switch|p1b: Sneasler|Sneasler, L50, F|100/100\n|switch|p2a: Raichu|Raichu, L50, F|100/100\n|switch|p2b: Scovillain|Scovillain, L50, F|100/100\n|turn|1\n|inactive|bdb3000 has 30 seconds left.\n|inactive|Timi-alex has 30 seconds left.\n|\n|t:|1775954702\n|detailschange|p2b: Scovillain|Scovillain-Mega, L50, F\n|-mega|p2b: Scovillain|Scovillain|Scovillainite\n|move|p2a: Raichu|Fake Out|p1b: Sneasler\n|-damage|p1b: Sneasler|89/100\n|move|p1a: Maushold|Follow Me|p1a: Maushold\n|-singleturn|p1a: Maushold|move: Follow Me\n|cant|p1b: Sneasler|flinch\n|move|p2b: Scovillain|Burning Jealousy|p1b: Sneasler|[spread] p1a,p1b\n|-damage|p1a: Maushold|61/100\n|-damage|p1b: Sneasler|56/100\n|\n|upkeep\n|turn|2\n|inactive|bdb3000 has 30 seconds left.\n|inactive|Timi-alex has 30 seconds left.\n|inactive|Timi-alex has 20 seconds left.\n|inactive|Timi-alex has 15 seconds left.\n|\n|t:|1775954744\n|move|p2a: Raichu|Encore|p1a: Maushold\n|-start|p1a: Maushold|Encore\n|move|p1a: Maushold|Follow Me|p1a: Maushold\n|-singleturn|p1a: Maushold|move: Follow Me\n|move|p1b: Sneasler|Dire Claw|p2b: Scovillain\n|-supereffective|p2b: Scovillain|1\n|-damage|p2b: Scovillain|0 fnt\n|-status|p1b: Sneasler|brn|[from] ability: Spicy Spray|[of] p2b: Scovillain\n|faint|p2b: Scovillain\n|\n|-damage|p1b: Sneasler|50/100 brn|[from] brn\n|upkeep\n|\n|t:|1775954749\n|switch|p2b: Sneasler|Sneasler, L50, F|100/100\n|turn|3\n|inactive|bdb3000 has 30 seconds left.\n|inactive|Timi-alex has 30 seconds left.\n|inactive|Timi-alex has 20 seconds left.\n|inactive|bdb3000 has 20 seconds left.\n|inactive|bdb3000 has 15 seconds left.\n|\n|t:|1775954796\n|move|p1a: Maushold|Follow Me|p1a: Maushold\n|-singleturn|p1a: Maushold|move: Follow Me\n|move|p2a: Raichu|Volt Switch|p1a: Maushold\n|-damage|p1a: Maushold|26/100\n|\n|t:|1775954805\n|switch|p2a: Primarina|Primarina, L50, F|100/100|[from] Volt Switch\n|move|p2b: Sneasler|Close Combat|p1a: Maushold\n|-supereffective|p1a: Maushold|1\n|-enditem|p1a: Maushold|Chople Berry|[eat]\n|-enditem|p1a: Maushold|Chople Berry|[weaken]\n|-damage|p1a: Maushold|0 fnt\n|-unboost|p2b: Sneasler|def|1\n|-unboost|p2b: Sneasler|spd|1\n|faint|p1a: Maushold\n|-enditem|p2b: Sneasler|White Herb\n|-clearnegativeboost|p2b: Sneasler|[silent]\n|move|p1b: Sneasler|Dire Claw|p2b: Sneasler\n|-resisted|p2b: Sneasler|1\n|-damage|p2b: Sneasler|79/100\n|\n|-damage|p1b: Sneasler|44/100 brn|[from] brn\n|upkeep\n|\n|t:|1775954826\n|switch|p1a: Whimsicott|Whimsicott, L50, F|100/100\n|turn|4\n|inactive|Timi-alex has 30 seconds left.\n|\n|t:|1775954857\n|move|p1a: Whimsicott|Tailwind|p1a: Whimsicott\n|-sidestart|p1: bdb3000|move: Tailwind\n|move|p1b: Sneasler|Dire Claw|p2a: Primarina\n|-supereffective|p2a: Primarina|1\n|-damage|p2a: Primarina|43/100\n|move|p2b: Sneasler|Dire Claw|p1a: Whimsicott\n|-supereffective|p1a: Whimsicott|2\n|-enditem|p1a: Whimsicott|Focus Sash\n|-damage|p1a: Whimsicott|1/100\n|move|p2a: Primarina|Hyper Voice|p1b: Sneasler|[spread] p1a,p1b\n|-resisted|p1a: Whimsicott|1\n|-damage|p1a: Whimsicott|0 fnt\n|-damage|p1b: Sneasler|6/100 brn\n|faint|p1a: Whimsicott\n|\n|-heal|p2a: Primarina|49/100|[from] item: Leftovers\n|-damage|p1b: Sneasler|0 fnt|[from] brn\n|faint|p1b: Sneasler\n|upkeep\n|\n|t:|1775954879\n|switch|p1b: Garchomp|Garchomp, L50, F|100/100\n|turn|5\n|\n|t:|1775954891\n|move|p2b: Sneasler|Protect|p2b: Sneasler\n|-singleturn|p2b: Sneasler|Protect\n|move|p1b: Garchomp|Earthquake|p2a: Primarina|[spread] p2a\n|-activate|p2b: Sneasler|move: Protect\n|-damage|p2a: Primarina|0 fnt\n|faint|p2a: Primarina\n|\n|upkeep\n|\n|t:|1775954899\n|switch|p2a: Raichu|Raichu, L50, F|100/100\n|turn|6\n|\n|t:|1775954908\n|move|p1b: Garchomp|Protect|p1b: Garchomp\n|-singleturn|p1b: Garchomp|Protect\n|move|p2a: Raichu|Fake Out|p1b: Garchomp\n|-activate|p1b: Garchomp|move: Protect\n|move|p2b: Sneasler|Close Combat|p1b: Garchomp\n|-activate|p1b: Garchomp|move: Protect\n|\n|upkeep\n|turn|7\n|\n|t:|1775954920\n|move|p2b: Sneasler|Close Combat|p1b: Garchomp\n|-damage|p1b: Garchomp|34/100\n|-unboost|p2b: Sneasler|def|1\n|-unboost|p2b: Sneasler|spd|1\n|-damage|p2b: Sneasler|67/100|[from] ability: Rough Skin|[of] p1b: Garchomp\n|move|p1b: Garchomp|Earthquake|p2a: Raichu|[spread] p2a,p2b\n|-supereffective|p2a: Raichu|1\n|-supereffective|p2b: Sneasler|1\n|-enditem|p2a: Raichu|Focus Sash\n|-damage|p2a: Raichu|1/100\n|-damage|p2b: Sneasler|0 fnt\n|faint|p2b: Sneasler\n|move|p2a: Raichu|Encore|p1b: Garchomp\n|-start|p1b: Garchomp|Encore\n|\n|-sideend|p1: bdb3000|move: Tailwind\n|upkeep\n|turn|8\n|\n|t:|1775954938\n|move|p2a: Raichu|Feint|p1b: Garchomp\n|-damage|p1b: Garchomp|28/100\n|move|p1b: Garchomp|Earthquake|p2a: Raichu\n|-supereffective|p2a: Raichu|1\n|-damage|p2a: Raichu|0 fnt\n|faint|p2a: Raichu\n|\n|win|bdb3000\n|raw|bdb3000's rating: 1110 &rarr; <strong>1130</strong><br />(+20 for winning)\n|raw|Timi-alex's rating: 1044 &rarr; <strong>1031</strong><br />(-13 for losing)\n|l|\u2606Timi-alex\n|player|p2|\n",
  "uploadtime": 1775954959,
  "views": 39,
  "formatid": "gen9championsvgc2026regma",
  "rating": 1031,
  "private": 0,
  "password": null
}