{
  "id": "gen9championsvgc2026regma-2583058313",
  "format": "[Gen 9 Champions] VGC 2026 Reg M-A",
  "players": [
    "Annoxia",
    "jiangxiu28"
  ],
  "log": "|j|\u2606Annoxia\n|j|\u2606jiangxiu28\n|t:|1776137496\n|gametype|doubles\n|player|p1|Annoxia|caitlin|1000\n|player|p2|jiangxiu28|riley|1000\n|gen|9\n|tier|[Gen 9 Champions] VGC 2026 Reg M-A\n|rated|\n|rule|Species Clause: Limit one of each Pok\u00e9mon\n|rule|Item Clause: Limit 1 of each item\n|clearpoke\n|poke|p1|Garchomp, L50, F|\n|poke|p1|Talonflame, L50, F|\n|poke|p1|Tyranitar, L50, M|\n|poke|p1|Incineroar, L50, M|\n|poke|p1|Araquanid, L50, M|\n|poke|p1|Chandelure, L50, F|\n|poke|p2|Incineroar, L50, M|\n|poke|p2|Garchomp, L50, F|\n|poke|p2|Gengar, L50, F|\n|poke|p2|Kingambit, L50, F|\n|poke|p2|Maushold-Four, L50|\n|poke|p2|Ditto, L50|\n|teampreview|4\n|inactive|Battle timer is ON: inactive players will automatically lose when time's up. (requested by Annoxia)\nAnnoxia has agreed to open team sheets.\n|inactive|Annoxia has 60 seconds left.\n|\n|t:|1776137547\n|teamsize|p1|4\n|teamsize|p2|4\n|start\n|switch|p1a: Tyranitar|Tyranitar, L50, M, shiny|100/100\n|switch|p1b: Talonflame|Talonflame, L50, F, shiny|100/100\n|switch|p2a: Incineroar|Incineroar, L50, M|100/100\n|switch|p2b: Garchomp|Garchomp, L50, F|100/100\n|-ability|p2a: Incineroar|Intimidate|boost\n|-unboost|p1a: Tyranitar|atk|1\n|-unboost|p1b: Talonflame|atk|1\n|-weather|Sandstorm|[from] ability: Sand Stream|[of] p1a: Tyranitar\n|turn|1\n|\n|t:|1776137566\n|move|p2a: Incineroar|Fake Out|p1b: Talonflame\n|-damage|p1b: Talonflame|88/100\n|cant|p1b: Talonflame|flinch\n|move|p2b: Garchomp|Rock Slide|p1b: Talonflame|[spread] p1a\n|-miss|p2b: Garchomp|p1b: Talonflame\n|-crit|p1a: Tyranitar\n|-damage|p1a: Tyranitar|78/100\n|cant|p1a: Tyranitar|flinch\n|\n|-weather|Sandstorm|[upkeep]\n|-damage|p1b: Talonflame|82/100|[from] Sandstorm\n|-damage|p2a: Incineroar|95/100|[from] Sandstorm\n|-heal|p1a: Tyranitar|84/100|[from] item: Leftovers\n|upkeep\n|turn|2\n|\n|t:|1776137587\n|move|p1b: Talonflame|Tailwind|p1b: Talonflame\n|-sidestart|p1: Annoxia|move: Tailwind\n|move|p2b: Garchomp|Rock Slide|p1a: Tyranitar|[spread] p1a,p1b\n|-supereffective|p1b: Talonflame|2\n|-damage|p1a: Tyranitar|68/100\n|-damage|p1b: Talonflame|0 fnt\n|faint|p1b: Talonflame\n|move|p1a: Tyranitar|Rock Slide|p2a: Incineroar|[spread] p2a,p2b\n|-supereffective|p2a: Incineroar|1\n|-resisted|p2b: Garchomp|1\n|-damage|p2a: Incineroar|52/100\n|-damage|p2b: Garchomp|89/100\n|move|p2a: Incineroar|Will-O-Wisp|p1a: Tyranitar\n|-status|p1a: Tyranitar|brn\n|\n|-weather|Sandstorm|[upkeep]\n|-damage|p2a: Incineroar|46/100|[from] Sandstorm\n|-enditem|p2a: Incineroar|Sitrus Berry|[eat]\n|-heal|p2a: Incineroar|71/100|[from] item: Sitrus Berry\n|-heal|p1a: Tyranitar|73/100 brn|[from] item: Leftovers\n|-damage|p1a: Tyranitar|68/100 brn|[from] brn\n|upkeep\n|\n|t:|1776137602\n|switch|p1b: Garchomp|Garchomp, L50, F|100/100\n|turn|3\n|\n|t:|1776137612\n|detailschange|p1b: Garchomp|Garchomp-Mega, L50, F\n|-mega|p1b: Garchomp|Garchomp|Garchompite\n|move|p2b: Garchomp|Protect|p2b: Garchomp\n|-singleturn|p2b: Garchomp|Protect\n|move|p1b: Garchomp|Earthquake|p2a: Incineroar|[spread] p1a,p2a\n|-activate|p2b: Garchomp|move: Protect\n|-supereffective|p1a: Tyranitar|1\n|-supereffective|p2a: Incineroar|1\n|-damage|p1a: Tyranitar|0 fnt\n|-damage|p2a: Incineroar|0 fnt\n|faint|p1a: Tyranitar\n|faint|p2a: Incineroar\n|\n|-weather|Sandstorm|[upkeep]\n|upkeep\n|\n|t:|1776137621\n|switch|p1a: Araquanid|Araquanid, L50, M, shiny|100/100\n|switch|p2a: Maushold|Maushold-Four, L50|100/100\n|turn|4\n|\n|t:|1776137635\n|move|p1a: Araquanid|Wide Guard|p1a: Araquanid\n|-singleturn|p1a: Araquanid|Wide Guard\n|move|p1b: Garchomp|Earthquake|p2b: Garchomp|[spread] p2a,p2b\n|-activate|p1a: Araquanid|move: Wide Guard\n|-damage|p2a: Maushold|14/100\n|-damage|p2b: Garchomp|33/100\n|move|p2b: Garchomp|Rock Slide|p1b: Garchomp|[spread] \n|-activate|p1a: Araquanid|move: Wide Guard\n|-activate|p1b: Garchomp|move: Wide Guard\n|move|p2a: Maushold|Charm|p1b: Garchomp\n|-unboost|p1b: Garchomp|atk|2\n|\n|-weather|Sandstorm|[upkeep]\n|-damage|p2a: Maushold|8/100|[from] Sandstorm\n|-damage|p1a: Araquanid|95/100|[from] Sandstorm\n|upkeep\n|turn|5\n|inactive|jiangxiu28 has 30 seconds left.\n|\n|t:|1776137662\n|move|p2b: Garchomp|Protect|p2b: Garchomp\n|-singleturn|p2b: Garchomp|Protect\n|move|p2a: Maushold|Protect|p2a: Maushold\n|-singleturn|p2a: Maushold|Protect\n|move|p1b: Garchomp|Earthquake|p2b: Garchomp|[spread] p1a\n|-activate|p2a: Maushold|move: Protect\n|-activate|p2b: Garchomp|move: Protect\n|-resisted|p1a: Araquanid|1\n|-damage|p1a: Araquanid|77/100\n|move|p1a: Araquanid|Sticky Web|p2a: Maushold\n|-sidestart|p2: jiangxiu28|move: Sticky Web\n|\n|-weather|none\n|-sideend|p1: Annoxia|move: Tailwind\n|upkeep\n|turn|6\n|inactive|jiangxiu28 has 30 seconds left.\n|\n|t:|1776137687\n|move|p2b: Garchomp|Stomping Tantrum|p1b: Garchomp\n|-damage|p1b: Garchomp|64/100\n|move|p1b: Garchomp|Earthquake|p2b: Garchomp|[spread] p1a,p2a,p2b\n|-resisted|p1a: Araquanid|1\n|-damage|p1a: Araquanid|63/100\n|-damage|p2a: Maushold|0 fnt\n|-damage|p2b: Garchomp|15/100\n|faint|p2a: Maushold\n|move|p1a: Araquanid|Liquidation|p2b: Garchomp\n|-damage|p2b: Garchomp|0 fnt\n|-damage|p1a: Araquanid|51/100|[from] ability: Rough Skin|[of] p2b: Garchomp\n|faint|p2b: Garchomp\n|\n|upkeep\n|\n|t:|1776137703\n|switch|p2b: Kingambit|Kingambit, L50, F|100/100\n|-activate|p2b: Kingambit|move: Sticky Web\n|-unboost|p2b: Kingambit|spe|1\n|-ability|p2b: Kingambit|Defiant|boost\n|-boost|p2b: Kingambit|atk|2\n|turn|7\n|\n|t:|1776137722\n|move|p2b: Kingambit|Sucker Punch|p1a: Araquanid\n|-damage|p1a: Araquanid|0 fnt\n|faint|p1a: Araquanid\n|move|p1b: Garchomp|Earthquake|p2b: Kingambit\n|-supereffective|p2b: Kingambit|1\n|-damage|p2b: Kingambit|48/100\n|\n|upkeep\n|turn|8\n|\n|t:|1776137728\n|move|p2b: Kingambit|Sucker Punch|p1b: Garchomp\n|-damage|p1b: Garchomp|0 fnt\n|faint|p1b: Garchomp\n|\n|win|jiangxiu28\n|raw|Annoxia's rating: 1000 &rarr; <strong>1000</strong><br />(+0 for losing)\n|raw|jiangxiu28's rating: 1000 &rarr; <strong>1040</strong><br />(+40 for winning)\n",
  "uploadtime": 1776137731,
  "views": 12,
  "formatid": "gen9championsvgc2026regma",
  "rating": 1000,
  "private": 0,
  "password": null
}