{
  "id": "gen9championsvgc2026regma-2585073118",
  "format": "[Gen 9 Champions] VGC 2026 Reg M-A",
  "players": [
    "AcoolDude211",
    "Rocket Bear"
  ],
  "log": "|j|\u2606AcoolDude211\n|j|\u2606Rocket Bear\n|t:|1776308979\n|gametype|doubles\n|player|p1|AcoolDude211|170|1132\n|player|p2|Rocket Bear|265|1103\n|gen|9\n|tier|[Gen 9 Champions] VGC 2026 Reg M-A\n|rated|\n|rule|Species Clause: Limit one of each Pok\u00e9mon\n|rule|Item Clause: Limit 1 of each item\n|clearpoke\n|poke|p1|Emboar, L50, M|\n|poke|p1|Reuniclus, L50, M|\n|poke|p1|Dragonite, L50, M|\n|poke|p1|Palafin, L50, F|\n|poke|p1|Sinistcha, L50|\n|poke|p1|Lycanroc-Dusk, L50, M|\n|poke|p2|Whimsicott, L50, M|\n|poke|p2|Garchomp, L50, F|\n|poke|p2|Charizard, L50, M|\n|poke|p2|Orthworm, L50, M|\n|poke|p2|Gyarados, L50, F|\n|poke|p2|Basculegion, L50, M|\n|teampreview|4\n|\n|t:|1776309010\n|teamsize|p1|4\n|teamsize|p2|4\n|start\n|switch|p1a: Palafin|Palafin, L50, F|100/100\n|switch|p1b: Lycanroc|Lycanroc-Dusk, L50, M|100/100\n|switch|p2a: Whimsicott|Whimsicott, L50, M|100/100\n|switch|p2b: Gyarados|Gyarados, L50, F|100/100\n|-ability|p2b: Gyarados|Intimidate|boost\n|-unboost|p1a: Palafin|atk|1\n|-unboost|p1b: Lycanroc|atk|1\n|turn|1\n|inactive|Battle timer is ON: inactive players will automatically lose when time's up. (requested by AcoolDude211)\n|inactive|AcoolDude211 has 60 seconds left.\n|\n|t:|1776309044\n|switch|p1b: Reuniclus|Reuniclus, L50, M|100/100\n|move|p2a: Whimsicott|Tailwind|p2a: Whimsicott\n|-sidestart|p2: Rocket Bear|move: Tailwind\n|move|p2b: Gyarados|Waterfall|p1b: Reuniclus\n|-damage|p1b: Reuniclus|78/100\n|move|p1a: Palafin|Flip Turn|p2b: Gyarados\n|-resisted|p2b: Gyarados|1\n|-damage|p2b: Gyarados|91/100\n|\n|t:|1776309061\n|detailschange|p1a: Palafin|Palafin-Hero, L50, F\n|switch|p1a: Emboar|Emboar, L50, M|100/100|[from] Flip Turn\n|\n|-heal|p2b: Gyarados|97/100|[from] item: Leftovers\n|upkeep\n|turn|2\n|\n|t:|1776309077\n|switch|p1a: Palafin|Palafin-Hero, L50, F|100/100\n|-activate|p1a: Palafin|ability: Zero to Hero\n|move|p2a: Whimsicott|Light Screen|p2a: Whimsicott\n|-sidestart|p2: Rocket Bear|move: Light Screen\n|move|p2b: Gyarados|Thunder Wave|p1a: Palafin\n|-status|p1a: Palafin|par\n|move|p1b: Reuniclus|Trick Room|p1b: Reuniclus\n|-fieldstart|move: Trick Room|[of] p1b: Reuniclus\n|\n|-heal|p2b: Gyarados|100/100|[from] item: Leftovers\n|upkeep\n|turn|3\n|\n|t:|1776309098\n|move|p1b: Reuniclus|Psychic|p2a: Whimsicott\n|-damage|p2a: Whimsicott|58/100\n|move|p1a: Palafin|Ice Punch|p2a: Whimsicott\n|-supereffective|p2a: Whimsicott|1\n|-damage|p2a: Whimsicott|0 fnt\n|faint|p2a: Whimsicott\n|move|p2b: Gyarados|Crunch|p1b: Reuniclus\n|-supereffective|p1b: Reuniclus|1\n|-crit|p1b: Reuniclus\n|-damage|p1b: Reuniclus|30/100\n|\n|upkeep\n|\n|t:|1776309110\n|switch|p2a: Orthworm|Orthworm, L50, M|100/100\n|turn|4\n|\n|t:|1776309124\n|move|p1b: Reuniclus|Reflect|p1b: Reuniclus\n|-sidestart|p1: AcoolDude211|Reflect\n|move|p1a: Palafin|Ice Punch|p2b: Gyarados\n|-crit|p2b: Gyarados\n|-damage|p2b: Gyarados|51/100\n|move|p2a: Orthworm|Iron Defense|p2a: Orthworm\n|-boost|p2a: Orthworm|def|2\n|move|p2b: Gyarados|Crunch|p1b: Reuniclus\n|-supereffective|p1b: Reuniclus|1\n|-damage|p1b: Reuniclus|8/100\n|\n|-heal|p2b: Gyarados|57/100|[from] item: Leftovers\n|-sideend|p2: Rocket Bear|move: Tailwind\n|upkeep\n|turn|5\n|inactive|Rocket Bear has 30 seconds left.\n|\n|t:|1776309151\n|move|p1b: Reuniclus|Psychic|p2b: Gyarados\n|-damage|p2b: Gyarados|38/100\n|move|p1a: Palafin|Ice Punch|p2b: Gyarados\n|-damage|p2b: Gyarados|8/100\n|move|p2a: Orthworm|Heavy Slam|p1b: Reuniclus\n|-damage|p1b: Reuniclus|0 fnt\n|faint|p1b: Reuniclus\n|move|p2b: Gyarados|Crunch|p1a: Palafin\n|-damage|p1a: Palafin|88/100 par\n|\n|-heal|p2b: Gyarados|14/100|[from] item: Leftovers\n|upkeep\n|\n|t:|1776309168\n|switch|p1b: Emboar|Emboar, L50, M|100/100\n|turn|6\n|\n|t:|1776309186\n|detailschange|p1b: Emboar|Emboar-Mega, L50, M\n|-mega|p1b: Emboar|Emboar|Emboarite\n|-ability|p1b: Emboar|Mold Breaker\n|move|p2a: Orthworm|Protect|p2a: Orthworm\n|-singleturn|p2a: Orthworm|Protect\n|move|p2b: Gyarados|Protect|p2b: Gyarados\n|-singleturn|p2b: Gyarados|Protect\n|move|p1a: Palafin|Jet Punch|p2b: Gyarados\n|-activate|p2b: Gyarados|move: Protect\n|move|p1b: Emboar|Earthquake|p2a: Orthworm|[spread] p1a\n|-activate|p2a: Orthworm|move: Protect\n|-activate|p2b: Gyarados|move: Protect\n|-damage|p1a: Palafin|71/100 par\n|\n|-heal|p2b: Gyarados|20/100|[from] item: Leftovers\n|-sideend|p2: Rocket Bear|move: Light Screen\n|-fieldend|move: Trick Room\n|upkeep\n|turn|7\n|inactive|AcoolDude211 has 30 seconds left.\n|inactive|Rocket Bear has 30 seconds left.\n|\n|t:|1776309220\n|move|p1b: Emboar|Sucker Punch||[still]\n|-fail|p1b: Emboar\n|move|p1a: Palafin|Jet Punch|p2b: Gyarados\n|-resisted|p2b: Gyarados|1\n|-damage|p2b: Gyarados|0 fnt\n|faint|p2b: Gyarados\n|move|p2a: Orthworm|Body Press|p1b: Emboar\n|-damage|p1b: Emboar|45/100\n|\n|upkeep\n|\n|t:|1776309229\n|switch|p2b: Garchomp|Garchomp, L50, F|100/100\n|turn|8\n|inactive|AcoolDude211 has 30 seconds left.\n|\n|t:|1776309254\n|move|p2b: Garchomp|Protect|p2b: Garchomp\n|-singleturn|p2b: Garchomp|Protect\n|move|p1b: Emboar|Temper Flare|p2a: Orthworm\n|-supereffective|p2a: Orthworm|1\n|-damage|p2a: Orthworm|49/100\n|-enditem|p2a: Orthworm|Sitrus Berry|[eat]\n|-heal|p2a: Orthworm|73/100|[from] item: Sitrus Berry\n|move|p2a: Orthworm|Body Press|p1a: Palafin\n|-damage|p1a: Palafin|35/100 par\n|cant|p1a: Palafin|par\n|\n|-sideend|p1: AcoolDude211|Reflect\n|upkeep\n|turn|9\n|inactive|AcoolDude211 has 30 seconds left.\n|inactive|AcoolDude211 has 20 seconds left.\n|\n|t:|1776309291\n|move|p1a: Palafin|Jet Punch|p2b: Garchomp\n|-damage|p2b: Garchomp|51/100\n|-damage|p1a: Palafin|23/100 par|[from] ability: Rough Skin|[of] p2b: Garchomp\n|move|p2b: Garchomp|Earthquake|p1b: Emboar|[spread] p1a,p1b\n|-heal|p2a: Orthworm|98/100|[from] ability: Earth Eater|[of] p2b: Garchomp\n|-supereffective|p1b: Emboar|1\n|-damage|p1a: Palafin|0 fnt\n|-damage|p1b: Emboar|0 fnt\n|faint|p1a: Palafin\n|faint|p1b: Emboar\n|move|p2a: Orthworm|Body Press|p1: Palafin|[notarget]\n|-fail|p2a: Orthworm\n|\n|upkeep\n|-message|AcoolDude211 forfeited.\n|\n|win|Rocket Bear\n|raw|AcoolDude211's rating: 1132 &rarr; <strong>1105</strong><br />(-27 for losing)\n|raw|Rocket Bear's rating: 1103 &rarr; <strong>1130</strong><br />(+27 for winning)\n|l|\u2606AcoolDude211\n|player|p1|\n",
  "uploadtime": 1776309305,
  "views": 26,
  "formatid": "gen9championsvgc2026regma",
  "rating": 1105,
  "private": 0,
  "password": null
}