{
  "id": "gen9championsvgc2026regma-2587456392",
  "format": "[Gen 9 Champions] VGC 2026 Reg M-A",
  "players": [
    "lipeater444",
    "Digga D2.0"
  ],
  "log": "|j|\u2606lipeater444\n|j|\u2606Digga D2.0\n|html|<table width=\"100%\"><tr><td align=\"left\">lipeater444</td><td align=\"right\">Digga D2.0</tr><tr><td align=\"left\"><i class=\"fa fa-circle-o\"></i> <i class=\"fa fa-circle-o\"></i> </td><td align=\"right\"><i class=\"fa fa-circle-o\"></i> <i class=\"fa fa-circle-o\"></i> </tr></table>\n|uhtml|bestof|<h2><strong>Game 1</strong> of <a href=\"/game-bestof3-gen9championsvgc2026regma-2587456391\">a best-of-3</a></h2>\n|t:|1776533357\n|gametype|doubles\n|player|p1|lipeater444|drayden|\n|player|p2|Digga D2.0|gardenia|\n|gen|9\n|tier|[Gen 9 Champions] VGC 2026 Reg M-A\n|rule|Species Clause: Limit one of each Pok\u00e9mon\n|rule|Item Clause: Limit 1 of each item\n|raw|<div class=\"infobox\"><details class=\"readmore\" open><summary><strong>1 custom rule:</strong></summary> Best of = 3</details></div>\n|clearpoke\n|poke|p1|Gallade, L50, M|\n|poke|p1|Froslass, L50, F, shiny|\n|poke|p1|Whimsicott, L50, M|\n|poke|p1|Glaceon, L50, M, shiny|\n|poke|p1|Arcanine-Hisui, L50, F|\n|poke|p1|Dragapult, L50, M|\n|poke|p2|Pelipper, L50, F|\n|poke|p2|Archaludon, L50, M, shiny|\n|poke|p2|Dragonite, L50, M, shiny|\n|poke|p2|Sneasler, L50, F|\n|poke|p2|Basculegion, L50, M, shiny|\n|poke|p2|Meganium, L50, F, shiny|\n|teampreview|4\nlipeater444 has agreed to open team sheets.\n|\n|t:|1776533464\n|teamsize|p1|4\n|teamsize|p2|4\n|start\n|switch|p1a: Toucher|Dragapult, L50, M|100/100\n|switch|p1b: Fluffy|Arcanine-Hisui, L50, F|100/100\n|switch|p2a: Poppin|Pelipper, L50, F|100/100\n|switch|p2b: OnThaLine|Dragonite, L50, M, shiny|100/100\n|-ability|p1b: Fluffy|Intimidate|boost\n|-unboost|p2a: Poppin|atk|1\n|-fail|p2b: OnThaLine|unboost|Attack|[from] ability: Inner Focus|[of] p2b: OnThaLine\n|-weather|RainDance|[from] ability: Drizzle|[of] p2a: Poppin\n|turn|1\n|l|\u2606Digga D2.0\n|player|p2|\n|j|\u2606Digga D2.0\n|player|p2|Digga D2.0|gardenia|\n|\n|t:|1776533570\n|detailschange|p2b: OnThaLine|Dragonite-Mega, L50, M, shiny\n|-mega|p2b: OnThaLine|Dragonite|Dragoninite\n|move|p2b: OnThaLine|Protect|p2b: OnThaLine\n|-singleturn|p2b: OnThaLine|Protect\n|move|p1b: Fluffy|Extreme Speed|p2a: Poppin\n|-damage|p2a: Poppin|67/100\n|move|p1a: Toucher|Thunderbolt|p2a: Poppin\n|-supereffective|p2a: Poppin|2\n|-damage|p2a: Poppin|0 fnt\n|faint|p2a: Poppin\n|\n|-weather|RainDance|[upkeep]\n|upkeep\n|\n|t:|1776533590\n|switch|p2a: Bak2Bed|Archaludon, L50, M, shiny|100/100\n|turn|2\n|\n|t:|1776533611\n|move|p1b: Fluffy|Extreme Speed|p2b: OnThaLine\n|-damage|p2b: OnThaLine|89/100\n|move|p1a: Toucher|Dragon Darts|p2b: OnThaLine\n|-supereffective|p2b: OnThaLine|1\n|-damage|p2b: OnThaLine|46/100\n|-anim|p1a: Toucher|Dragon Darts|p2a: Bak2Bed\n|-damage|p2a: Bak2Bed|85/100\n|-ability|p2a: Bak2Bed|Stamina|boost\n|-boost|p2a: Bak2Bed|def|1\n|move|p2b: OnThaLine|Tailwind|p2b: OnThaLine\n|-sidestart|p2: Digga D2.0|move: Tailwind\n|move|p2a: Bak2Bed|Draco Meteor|p1a: Toucher\n|-supereffective|p1a: Toucher|1\n|-enditem|p1a: Toucher|Focus Sash\n|-damage|p1a: Toucher|1/100\n|-unboost|p2a: Bak2Bed|spa|2\n|\n|-weather|RainDance|[upkeep]\n|-heal|p2a: Bak2Bed|91/100|[from] item: Leftovers\n|upkeep\n|turn|3\n|\n|t:|1776533673\n|switch|p1a: Downy|Whimsicott, L50, M|100/100\n|move|p2b: OnThaLine|Protect|p2b: OnThaLine\n|-singleturn|p2b: OnThaLine|Protect\n|move|p2a: Bak2Bed|Electro Shot||[still]\n|-prepare|p2a: Bak2Bed|Electro Shot\n|-boost|p2a: Bak2Bed|spa|1\n|-anim|p2a: Bak2Bed|Electro Shot|p1a: Downy\n|-resisted|p1a: Downy|1\n|-damage|p1a: Downy|83/100\n|move|p1b: Fluffy|Rock Slide|p2b: OnThaLine|[spread] p2a\n|-activate|p2b: OnThaLine|move: Protect\n|-resisted|p2a: Bak2Bed|1\n|-damage|p2a: Bak2Bed|84/100\n|-ability|p2a: Bak2Bed|Stamina|boost\n|-boost|p2a: Bak2Bed|def|1\n|\n|-weather|RainDance|[upkeep]\n|-heal|p2a: Bak2Bed|90/100|[from] item: Leftovers\n|upkeep\n|turn|4\n|\n|t:|1776533714\n|move|p1b: Fluffy|Protect|p1b: Fluffy\n|-singleturn|p1b: Fluffy|Protect\n|move|p1a: Downy|Tailwind|p1a: Downy\n|-sidestart|p1: lipeater444|move: Tailwind\n|move|p2b: OnThaLine|Hurricane|p1a: Downy\n|-supereffective|p1a: Downy|1\n|-damage|p1a: Downy|0 fnt\n|faint|p1a: Downy\n|move|p2a: Bak2Bed|Electro Shot||[still]\n|-prepare|p2a: Bak2Bed|Electro Shot\n|-boost|p2a: Bak2Bed|spa|1\n|-anim|p2a: Bak2Bed|Electro Shot|p1b: Fluffy\n|-activate|p1b: Fluffy|move: Protect\n|\n|-weather|RainDance|[upkeep]\n|-heal|p2a: Bak2Bed|96/100|[from] item: Leftovers\n|upkeep\n|\n|t:|1776533731\n|switch|p1a: Frosty|Froslass, L50, F, shiny|100/100\n|turn|5\n|\n|t:|1776533779\n|detailschange|p1a: Frosty|Froslass-Mega, L50, F, shiny\n|-mega|p1a: Frosty|Froslass|Froslassite\n|-weather|Snowscape|[from] ability: Snow Warning|[of] p1a: Frosty\n|move|p1a: Frosty|Blizzard|p2a: Bak2Bed|[spread] p2a,p2b\n|-supereffective|p2b: OnThaLine|2\n|-damage|p2a: Bak2Bed|43/100\n|-damage|p2b: OnThaLine|0 fnt\n|-ability|p2a: Bak2Bed|Stamina|boost\n|-boost|p2a: Bak2Bed|def|1\n|faint|p2b: OnThaLine\n|move|p1b: Fluffy|Rock Slide|p2a: Bak2Bed\n|-resisted|p2a: Bak2Bed|1\n|-damage|p2a: Bak2Bed|39/100\n|-ability|p2a: Bak2Bed|Stamina|boost\n|-boost|p2a: Bak2Bed|def|1\n|move|p2a: Bak2Bed|Flash Cannon|p1a: Frosty\n|-supereffective|p1a: Frosty|1\n|-damage|p1a: Frosty|12/100\n|\n|-weather|Snowscape|[upkeep]\n|-heal|p2a: Bak2Bed|45/100|[from] item: Leftovers\n|-sideend|p2: Digga D2.0|move: Tailwind\n|upkeep\n|\n|t:|1776533799\n|switch|p2b: Real six|Basculegion, L50, M, shiny|100/100\n|turn|6\n|l|\u2606Digga D2.0\n|player|p2|\n|j|\u2606Digga D2.0\n|player|p2|Digga D2.0|gardenia|\n|\n|t:|1776533869\n|move|p2b: Real six|Aqua Jet|p1a: Frosty\n|-damage|p1a: Frosty|0 fnt\n|faint|p1a: Frosty\n|move|p1b: Fluffy|Rock Slide|p2b: Real six|[spread] p2b\n|-miss|p1b: Fluffy|p2a: Bak2Bed\n|-damage|p2b: Real six|66/100\n|move|p2a: Bak2Bed|Flash Cannon|p1b: Fluffy\n|-damage|p1b: Fluffy|60/100\n|\n|-weather|Snowscape|[upkeep]\n|-heal|p2a: Bak2Bed|51/100|[from] item: Leftovers\n|upkeep\n|\n|t:|1776533872\n|switch|p1a: Toucher|Dragapult, L50, M|1/100\n|turn|7\n|l|\u2606Digga D2.0\n|player|p2|\n|j|\u2606Digga D2.0\n|player|p2|Digga D2.0|gardenia|\n|\n|t:|1776533939\n|move|p2b: Real six|Aqua Jet|p1a: Toucher\n|-resisted|p1a: Toucher|1\n|-damage|p1a: Toucher|0 fnt\n|faint|p1a: Toucher\n|move|p1b: Fluffy|Flare Blitz|p2a: Bak2Bed\n|-damage|p2a: Bak2Bed|37/100\n|-ability|p2a: Bak2Bed|Stamina|boost\n|-boost|p2a: Bak2Bed|def|1\n|-damage|p1b: Fluffy|55/100|[from] Recoil\n|move|p2a: Bak2Bed|Draco Meteor|p1b: Fluffy|[miss]\n|-miss|p2a: Bak2Bed|p1b: Fluffy\n|\n|-weather|Snowscape|[upkeep]\n|-heal|p2a: Bak2Bed|43/100|[from] item: Leftovers\n|-sideend|p1: lipeater444|move: Tailwind\n|upkeep\n|turn|8\n|\n|t:|1776533963\n|move|p2b: Real six|Aqua Jet|p1b: Fluffy\n|-supereffective|p1b: Fluffy|2\n|-damage|p1b: Fluffy|0 fnt\n|faint|p1b: Fluffy\n|\n|win|Digga D2.0\n||lipeater444 is ready for game 2.\n||Digga D2.0 is ready for game 2.\n|uhtml|next|Next: <a href=\"/battle-gen9championsvgc2026regma-2587463688\"><strong>Game 2 of 3</strong></a>\n|l|\u2606lipeater444\n|player|p1|\n|l|\u2606Digga D2.0\n|player|p2|\n|j|\u2606lipeater444\n|player|p1|lipeater444|drayden|\n",
  "uploadtime": 1776534782,
  "views": 14,
  "formatid": "gen9championsvgc2026regma",
  "rating": null,
  "private": 0,
  "password": null
}