{
  "id": "gen9championsvgc2026regma-2582311547",
  "format": "[Gen 9 Champions] VGC 2026 Reg M-A",
  "players": [
    "Dets",
    "molekhvgc"
  ],
  "log": "|j|\u2606Dets\n|j|\u2606molekhvgc\n|t:|1776082278\n|gametype|doubles\n|player|p1|Dets|steven|1086\n|player|p2|molekhvgc|169|1124\n|gen|9\n|tier|[Gen 9 Champions] VGC 2026 Reg M-A\n|rated|\n|rule|Species Clause: Limit one of each Pok\u00e9mon\n|rule|Item Clause: Limit 1 of each item\n|clearpoke\n|poke|p1|Gardevoir, L50, F|\n|poke|p1|Whimsicott, L50, F|\n|poke|p1|Hydreigon, L50, F|\n|poke|p1|Sneasler, L50, F|\n|poke|p1|Incineroar, L50, M|\n|poke|p1|Altaria, L50, M|\n|poke|p2|Absol, L50, F|\n|poke|p2|Incineroar, L50, F|\n|poke|p2|Basculegion, L50, M|\n|poke|p2|Dragonite, L50, F|\n|poke|p2|Meganium, L50, M|\n|poke|p2|Raichu, L50, M|\n|teampreview|4\n|inactive|Battle timer is ON: inactive players will automatically lose when time's up. (requested by molekhvgc)\n|inactive|Dets also wants the timer to be on.\n|\n|t:|1776082301\n|teamsize|p1|4\n|teamsize|p2|4\n|start\n|switch|p1a: Gardevoir|Gardevoir, L50, F|100/100\n|switch|p1b: Altaria|Altaria, L50, M|100/100\n|switch|p2a: Raichu|Raichu, L50, M|100/100\n|switch|p2b: Absol|Absol, L50, F|100/100\n|-ability|p1b: Altaria|Cloud Nine\n|turn|1\n|\n|t:|1776082316\n|detailschange|p1a: Gardevoir|Gardevoir-Mega, L50, F\n|-mega|p1a: Gardevoir|Gardevoir|Gardevoirite\n|move|p2a: Raichu|Light Screen|p2a: Raichu\n|-sidestart|p2: molekhvgc|move: Light Screen\n|move|p1a: Gardevoir|Calm Mind|p1a: Gardevoir\n|-boost|p1a: Gardevoir|spa|1\n|-boost|p1a: Gardevoir|spd|1\n|move|p2b: Absol|Snarl|p1a: Gardevoir|[spread] p1a,p1b\n|-damage|p1a: Gardevoir|94/100\n|-damage|p1b: Altaria|93/100\n|-unboost|p1a: Gardevoir|spa|1\n|-unboost|p1b: Altaria|spa|1\n|move|p1b: Altaria|Tailwind|p1b: Altaria\n|-sidestart|p1: Dets|move: Tailwind\n|\n|-heal|p1b: Altaria|99/100|[from] item: Leftovers\n|upkeep\n|turn|2\n|\n|t:|1776082336\n|move|p1b: Altaria|Helping Hand|p1a: Gardevoir\n|-singleturn|p1a: Gardevoir|Helping Hand|[of] p1b: Altaria\n|move|p1a: Gardevoir|Hyper Voice|p2b: Absol|[spread] p2a,p2b\n|-supereffective|p2b: Absol|1\n|-damage|p2a: Raichu|33/100\n|-enditem|p2b: Absol|Focus Sash\n|-damage|p2b: Absol|1/100\n|move|p2a: Raichu|Eerie Impulse|p1a: Gardevoir\n|-unboost|p1a: Gardevoir|spa|2\n|move|p2b: Absol|Knock Off|p1b: Altaria\n|-damage|p1b: Altaria|40/100\n|-enditem|p1b: Altaria|Leftovers|[from] move: Knock Off|[of] p2b: Absol\n|\n|-heal|p2a: Raichu|39/100|[from] item: Leftovers\n|upkeep\n|turn|3\n|\n|t:|1776082357\n|move|p1b: Altaria|Helping Hand|p1a: Gardevoir\n|-singleturn|p1a: Gardevoir|Helping Hand|[of] p1b: Altaria\n|move|p2b: Absol|Protect|p2b: Absol\n|-singleturn|p2b: Absol|Protect\n|move|p1a: Gardevoir|Hyper Voice|p2a: Raichu|[spread] p2a\n|-activate|p2b: Absol|move: Protect\n|-damage|p2a: Raichu|9/100\n|move|p2a: Raichu|Nuzzle|p1a: Gardevoir\n|-damage|p1a: Gardevoir|81/100\n|-status|p1a: Gardevoir|par\n|\n|-heal|p2a: Raichu|15/100|[from] item: Leftovers\n|upkeep\n|turn|4\n|inactive|molekhvgc has 30 seconds left.\n|\n|t:|1776082385\n|move|p1b: Altaria|Helping Hand|p1a: Gardevoir\n|-singleturn|p1a: Gardevoir|Helping Hand|[of] p1b: Altaria\n|move|p2a: Raichu|Nuzzle|p1b: Altaria\n|-damage|p1b: Altaria|33/100\n|-status|p1b: Altaria|par\n|cant|p1a: Gardevoir|par\n|move|p2b: Absol|Shadow Claw|p1b: Altaria\n|-crit|p1b: Altaria\n|-damage|p1b: Altaria|0 fnt\n|faint|p1b: Altaria\n|\n|-heal|p2a: Raichu|21/100|[from] item: Leftovers\n|-sideend|p1: Dets|move: Tailwind\n|upkeep\n|\n|t:|1776082398\n|switch|p1b: Incineroar|Incineroar, L50, M|100/100\n|-ability|p1b: Incineroar|Intimidate|boost\n|-unboost|p2a: Raichu|atk|1\n|-unboost|p2b: Absol|atk|1\n|turn|5\n|\n|t:|1776082409\n|switch|p2a: Incineroar|Incineroar, L50, F|100/100\n|-ability|p2a: Incineroar|Intimidate|boost\n|-unboost|p1a: Gardevoir|atk|1\n|-unboost|p1b: Incineroar|atk|1\n|move|p2b: Absol|Protect|p2b: Absol\n|-singleturn|p2b: Absol|Protect\n|move|p1b: Incineroar|Fake Out|p2a: Incineroar\n|-damage|p2a: Incineroar|94/100\n|move|p1a: Gardevoir|Hyper Voice|p2b: Absol|[spread] p2a\n|-activate|p2b: Absol|move: Protect\n|-damage|p2a: Incineroar|79/100\n|\n|-sideend|p2: molekhvgc|move: Light Screen\n|upkeep\n|turn|6\n|\n|t:|1776082428\n|move|p1a: Gardevoir|Protect|p1a: Gardevoir\n|-singleturn|p1a: Gardevoir|Protect\n|move|p2a: Incineroar|Fake Out|p1a: Gardevoir\n|-activate|p1a: Gardevoir|move: Protect\n|move|p2b: Absol|Knock Off|p1b: Incineroar\n|-resisted|p1b: Incineroar|1\n|-damage|p1b: Incineroar|82/100\n|-enditem|p1b: Incineroar|Sitrus Berry|[from] move: Knock Off|[of] p2b: Absol\n|move|p1b: Incineroar|Darkest Lariat|p2b: Absol\n|-resisted|p2b: Absol|1\n|-damage|p2b: Absol|0 fnt\n|faint|p2b: Absol\n|\n|upkeep\n|\n|t:|1776082442\n|switch|p2b: Raichu|Raichu, L50, M|21/100\n|turn|7\n|\n|t:|1776082452\n|switch|p1a: Sneasler|Sneasler, L50, F|100/100\n|move|p2b: Raichu|Light Screen|p2b: Raichu\n|-sidestart|p2: molekhvgc|move: Light Screen\n|move|p1b: Incineroar|Flare Blitz|p2b: Raichu\n|-damage|p2b: Raichu|0 fnt\n|faint|p2b: Raichu\n|-damage|p1b: Incineroar|76/100|[from] Recoil\n|move|p2a: Incineroar|Flare Blitz|p1a: Sneasler\n|-damage|p1a: Sneasler|22/100\n|-damage|p2a: Incineroar|59/100|[from] Recoil\n|\n|upkeep\n|\n|t:|1776082466\n|switch|p2b: Meganium|Meganium, L50, M|100/100\n|turn|8\n|\n|t:|1776082489\n|detailschange|p2b: Meganium|Meganium-Mega, L50, M\n|-mega|p2b: Meganium|Meganium|Meganiumite\n|move|p2b: Meganium|Protect|p2b: Meganium\n|-singleturn|p2b: Meganium|Protect\n|move|p1a: Sneasler|Dire Claw|p2b: Meganium\n|-activate|p2b: Meganium|move: Protect\n|move|p1b: Incineroar|Parting Shot|p2a: Incineroar\n|-unboost|p2a: Incineroar|atk|1\n|-unboost|p2a: Incineroar|spa|1\n|\n|t:|1776082494\n|switch|p1b: Gardevoir|Gardevoir-Mega, L50, F|81/100 par|[from] Parting Shot\n|move|p2a: Incineroar|Flare Blitz|p1a: Sneasler\n|-damage|p1a: Sneasler|0 fnt\n|faint|p1a: Sneasler\n|-damage|p2a: Incineroar|53/100|[from] Recoil\n|\n|upkeep\n|\n|t:|1776082496\n|switch|p1a: Incineroar|Incineroar, L50, M|76/100\n|-ability|p1a: Incineroar|Intimidate|boost\n|-unboost|p2a: Incineroar|atk|1\n|-unboost|p2b: Meganium|atk|1\n|turn|9\n|\n|t:|1776082516\n|move|p2b: Meganium|Protect||[still]\n|-fail|p2b: Meganium\n|move|p1a: Incineroar|Fake Out|p2b: Meganium\n|-damage|p2b: Meganium|91/100\n|move|p2a: Incineroar|Parting Shot|p1b: Gardevoir\n|-unboost|p1b: Gardevoir|atk|1\n|-unboost|p1b: Gardevoir|spa|1\n|move|p1b: Gardevoir|Calm Mind|p1b: Gardevoir\n|-boost|p1b: Gardevoir|spa|1\n|-boost|p1b: Gardevoir|spd|1\n|\n|upkeep\n|turn|10\n|inactive|Dets has 30 seconds left.\n|\n|t:|1776082542\n|move|p1a: Incineroar|Flare Blitz|p2b: Meganium\n|-supereffective|p2b: Meganium|1\n|-damage|p2b: Meganium|5/100\n|-damage|p1a: Incineroar|50/100|[from] Recoil\n|move|p2b: Meganium|Weather Ball|p1b: Gardevoir\n|-damage|p1b: Gardevoir|41/100 par\n|move|p2a: Incineroar|Flare Blitz|p1b: Gardevoir\n|-damage|p1b: Gardevoir|0 fnt\n|faint|p1b: Gardevoir\n|-damage|p2a: Incineroar|44/100|[from] Recoil\n|-enditem|p2a: Incineroar|Sitrus Berry|[eat]\n|-heal|p2a: Incineroar|69/100|[from] item: Sitrus Berry\n|\n|upkeep\n|turn|11\n|\n|t:|1776082566\n|move|p1a: Incineroar|Flare Blitz|p2b: Meganium\n|-supereffective|p2b: Meganium|1\n|-damage|p2b: Meganium|0 fnt\n|faint|p2b: Meganium\n|-damage|p1a: Incineroar|49/100|[from] Recoil\n|move|p2a: Incineroar|Darkest Lariat|p1a: Incineroar\n|-resisted|p1a: Incineroar|1\n|-damage|p1a: Incineroar|41/100\n|\n|-sideend|p2: molekhvgc|move: Light Screen\n|upkeep\n|turn|12\n|\n|t:|1776082578\n|move|p1a: Incineroar|Flare Blitz|p2a: Incineroar\n|-resisted|p2a: Incineroar|1\n|-damage|p2a: Incineroar|47/100\n|-damage|p1a: Incineroar|34/100|[from] Recoil\n|move|p2a: Incineroar|Parting Shot|p1a: Incineroar\n|-unboost|p1a: Incineroar|atk|1\n|-unboost|p1a: Incineroar|spa|1\n|\n|upkeep\n|turn|13\n|\n|t:|1776082587\n|move|p1a: Incineroar|Flare Blitz|p2a: Incineroar\n|-resisted|p2a: Incineroar|1\n|-damage|p2a: Incineroar|33/100\n|-damage|p1a: Incineroar|29/100|[from] Recoil\n|move|p2a: Incineroar|Parting Shot|p1a: Incineroar\n|-unboost|p1a: Incineroar|atk|1\n|-unboost|p1a: Incineroar|spa|1\n|\n|upkeep\n|turn|14\n|\n|t:|1776082596\n|move|p1a: Incineroar|Flare Blitz|p2a: Incineroar\n|-resisted|p2a: Incineroar|1\n|-damage|p2a: Incineroar|22/100\n|-damage|p1a: Incineroar|25/100|[from] Recoil\n|move|p2a: Incineroar|Parting Shot|p1a: Incineroar\n|-unboost|p1a: Incineroar|atk|1\n|-unboost|p1a: Incineroar|spa|1\n|\n|upkeep\n|turn|15\n|\n|t:|1776082605\n|move|p1a: Incineroar|Flare Blitz|p2a: Incineroar\n|-resisted|p2a: Incineroar|1\n|-damage|p2a: Incineroar|14/100\n|-damage|p1a: Incineroar|23/100|[from] Recoil\n|move|p2a: Incineroar|Parting Shot|p1a: Incineroar\n|-unboost|p1a: Incineroar|atk|1\n|-unboost|p1a: Incineroar|spa|1\n|\n|upkeep\n|turn|16\n|\n|t:|1776082614\n|move|p1a: Incineroar|Flare Blitz|p2a: Incineroar\n|-resisted|p2a: Incineroar|1\n|-damage|p2a: Incineroar|8/100\n|-damage|p1a: Incineroar|21/100|[from] Recoil\n|move|p2a: Incineroar|Flare Blitz|p1a: Incineroar\n|-resisted|p1a: Incineroar|1\n|-damage|p1a: Incineroar|10/100\n|-damage|p2a: Incineroar|4/100|[from] Recoil\n|\n|upkeep\n|turn|17\n|\n|t:|1776082624\n|move|p1a: Incineroar|Flare Blitz|p2a: Incineroar\n|-resisted|p2a: Incineroar|1\n|-damage|p2a: Incineroar|0 fnt\n|faint|p2a: Incineroar\n|-damage|p1a: Incineroar|8/100|[from] Recoil\n|\n|win|Dets\n|raw|Dets's rating: 1086 &rarr; <strong>1116</strong><br />(+30 for winning)\n|raw|molekhvgc's rating: 1124 &rarr; <strong>1096</strong><br />(-28 for losing)\n|l|\u2606molekhvgc\n|player|p2|\n",
  "uploadtime": 1776082632,
  "views": 13,
  "formatid": "gen9championsvgc2026regma",
  "rating": 1096,
  "private": 0,
  "password": null
}