{
  "id": "gen9championsvgc2026regma-2584639165",
  "format": "[Gen 9 Champions] VGC 2026 Reg M-A",
  "players": [
    "Plameeyt1",
    "etrdyfyiu"
  ],
  "log": "|j|\u2606Plameeyt1\n|j|\u2606etrdyfyiu\n|t:|1776273767\n|gametype|doubles\n|player|p1|Plameeyt1|2|1108\n|player|p2|etrdyfyiu|266|1191\n|gen|9\n|tier|[Gen 9 Champions] VGC 2026 Reg M-A\n|rated|\n|rule|Species Clause: Limit one of each Pok\u00e9mon\n|rule|Item Clause: Limit 1 of each item\n|clearpoke\n|poke|p1|Diggersby, L50, M|\n|poke|p1|Clefable, L50, F|\n|poke|p1|Meowstic, L50, M|\n|poke|p1|Decidueye, L50, M|\n|poke|p1|Avalugg, L50, M|\n|poke|p1|Lycanroc-Midnight, L50, M|\n|poke|p2|Palafin, L50, F|\n|poke|p2|Arcanine, L50, F|\n|poke|p2|Scizor, L50, M|\n|poke|p2|Tyranitar, L50, F|\n|poke|p2|Sneasler, L50, M|\n|poke|p2|Sinistcha, L50|\n|teampreview|4\nPlameeyt1 rejected open team sheets.\n|inactive|Battle timer is ON: inactive players will automatically lose when time's up. (requested by Plameeyt1)\n|\n|t:|1776273800\n|teamsize|p1|4\n|teamsize|p2|4\n|start\n|switch|p1a: Diggersby|Diggersby, L50, M|100/100\n|switch|p1b: Clefable|Clefable, L50, F|100/100\n|switch|p2a: Tyranitar|Tyranitar, L50, F, shiny|100/100\n|switch|p2b: Sneasler|Sneasler, L50, M, shiny|100/100\n|-weather|Sandstorm|[from] ability: Sand Stream|[of] p2a: Tyranitar\n|turn|1\n|\n|t:|1776273820\n|detailschange|p2a: Tyranitar|Tyranitar-Mega, L50, F, shiny\n|-mega|p2a: Tyranitar|Tyranitar|Tyranitarite\n|move|p1a: Diggersby|Protect|p1a: Diggersby\n|-singleturn|p1a: Diggersby|Protect\n|move|p2b: Sneasler|Dire Claw|p1b: Clefable\n|-supereffective|p1b: Clefable|1\n|-damage|p1b: Clefable|2/100\n|move|p2a: Tyranitar|Low Kick|p1a: Diggersby\n|-activate|p1a: Diggersby|move: Protect\n|move|p1b: Clefable|Dazzling Gleam|p2b: Sneasler|[spread] p2a,p2b\n|-supereffective|p2a: Tyranitar|1\n|-damage|p2a: Tyranitar|76/100\n|-damage|p2b: Sneasler|65/100\n|\n|-weather|Sandstorm|[upkeep]\n|-damage|p2b: Sneasler|60/100|[from] Sandstorm\n|-damage|p1b: Clefable|0 fnt|[from] Sandstorm\n|faint|p1b: Clefable\n|upkeep\n|\n|t:|1776273842\n|switch|p1b: Lycanroc|Lycanroc-Midnight, L50, M, shiny|100/100\n|turn|2\n|\n|t:|1776273854\n|move|p1b: Lycanroc|Rock Slide|p2a: Tyranitar|[spread] p2a,p2b\n|-resisted|p2b: Sneasler|1\n|-damage|p2a: Tyranitar|60/100\n|-damage|p2b: Sneasler|35/100\n|move|p2b: Sneasler|Close Combat|p1a: Diggersby\n|-supereffective|p1a: Diggersby|1\n|-damage|p1a: Diggersby|0 fnt\n|-unboost|p2b: Sneasler|def|1\n|-unboost|p2b: Sneasler|spd|1\n|faint|p1a: Diggersby\n|-enditem|p2b: Sneasler|White Herb\n|-clearnegativeboost|p2b: Sneasler|[silent]\n|move|p2a: Tyranitar|Low Kick|p1b: Lycanroc\n|-supereffective|p1b: Lycanroc|1\n|-damage|p1b: Lycanroc|25/100\n|\n|-weather|Sandstorm|[upkeep]\n|-damage|p2b: Sneasler|29/100|[from] Sandstorm\n|upkeep\n|\n|t:|1776273867\n|switch|p1a: Decidueye|Decidueye, L50, M, shiny|100/100\n|turn|3\n|inactive|etrdyfyiu has 30 seconds left.\n|\n|t:|1776273898\n|switch|p2b: Sinistcha|Sinistcha, L50|100/100\n|-heal|p2a: Tyranitar|85/100|[from] ability: Hospitality|[of] p2b: Sinistcha\n|move|p2a: Tyranitar|Protect|p2a: Tyranitar\n|-singleturn|p2a: Tyranitar|Protect\n|move|p1b: Lycanroc|Rock Slide|p2b: Sinistcha|[spread] p2b\n|-activate|p2a: Tyranitar|move: Protect\n|-damage|p2b: Sinistcha|79/100\n|move|p1a: Decidueye|Leaf Blade|p2a: Tyranitar\n|-activate|p2a: Tyranitar|move: Protect\n|\n|-weather|Sandstorm|[upkeep]\n|-damage|p2b: Sinistcha|72/100|[from] Sandstorm\n|-damage|p1a: Decidueye|95/100|[from] Sandstorm\n|upkeep\n|turn|4\n|\n|t:|1776273919\n|switch|p2a: Arcanine|Arcanine, L50, F, shiny|100/100\n|-ability|p2a: Arcanine|Intimidate|boost\n|-unboost|p1a: Decidueye|atk|1\n|-unboost|p1b: Lycanroc|atk|1\n|move|p1b: Lycanroc|Rock Slide|p2a: Arcanine|[spread] p2a,p2b\n|-supereffective|p2a: Arcanine|1\n|-damage|p2a: Arcanine|66/100\n|-damage|p2b: Sinistcha|55/100\n|move|p1a: Decidueye|Leaf Blade|p2a: Arcanine\n|-resisted|p2a: Arcanine|1\n|-damage|p2a: Arcanine|55/100\n|move|p2b: Sinistcha|Matcha Gotcha|p1a: Decidueye|[spread] p1b\n|-miss|p2b: Sinistcha|p1a: Decidueye\n|-supereffective|p1b: Lycanroc|1\n|-damage|p1b: Lycanroc|0 fnt\n|-heal|p2b: Sinistcha|66/100|[from] drain|[of] p1b: Lycanroc\n|faint|p1b: Lycanroc\n|\n|-weather|Sandstorm|[upkeep]\n|-damage|p2a: Arcanine|49/100|[from] Sandstorm\n|-damage|p1a: Decidueye|89/100|[from] Sandstorm\n|-damage|p2b: Sinistcha|60/100|[from] Sandstorm\n|upkeep\n|turn|5\n|\n|t:|1776273943\n|move|p2a: Arcanine|Flare Blitz|p1a: Decidueye\n|-supereffective|p1a: Decidueye|1\n|-damage|p1a: Decidueye|0 fnt\n|faint|p1a: Decidueye\n|-damage|p2a: Arcanine|21/100|[from] Recoil\n|\n|win|etrdyfyiu\n|raw|Plameeyt1's rating: 1108 &rarr; <strong>1089</strong><br />(-19 for losing)\n|raw|etrdyfyiu's rating: 1191 &rarr; <strong>1210</strong><br />(+19 for winning)\n|l|\u2606Plameeyt1\n|player|p1|\n",
  "uploadtime": 1776273991,
  "views": 20,
  "formatid": "gen9championsvgc2026regma",
  "rating": 1089,
  "private": 0,
  "password": null
}