{
  "id": "gen9championsvgc2026regma-2585849194",
  "format": "[Gen 9 Champions] VGC 2026 Reg M-A",
  "players": [
    "CBKreme",
    "gr8king42"
  ],
  "log": "|j|\u2606CBKreme\n|j|\u2606gr8king42\n|t:|1776375331\n|gametype|doubles\n|player|p1|CBKreme|interviewers|1079\n|player|p2|gr8king42|steven|1000\n|gen|9\n|tier|[Gen 9 Champions] VGC 2026 Reg M-A\n|rated|\n|rule|Species Clause: Limit one of each Pok\u00e9mon\n|rule|Item Clause: Limit 1 of each item\n|clearpoke\n|poke|p1|Gardevoir, L50, F|\n|poke|p1|Ninetales-Alola, L50, F|\n|poke|p1|Froslass, L50, F|\n|poke|p1|Hatterene, L50, F|\n|poke|p1|Flapple, L50, F|\n|poke|p1|Gyarados, L50, M|\n|poke|p2|Feraligatr, L50, F|\n|poke|p2|Sinistcha, L50|\n|poke|p2|Sneasler, L50, F|\n|poke|p2|Talonflame, L50, M|\n|poke|p2|Kingambit, L50, F|\n|poke|p2|Sylveon, L50, M|\n|teampreview|4\n|inactive|Battle timer is ON: inactive players will automatically lose when time's up. (requested by CBKreme)\n|inactive|CBKreme has 60 seconds left.\n|inactive|gr8king42 has 60 seconds left.\n|\n|t:|1776375375\n|teamsize|p1|4\n|teamsize|p2|4\n|start\n|switch|p1a: Gyarados|Gyarados, L50, M, shiny|100/100\n|switch|p1b: Ninetales|Ninetales-Alola, L50, F|100/100\n|switch|p2a: Kingambit|Kingambit, L50, F|100/100\n|switch|p2b: Sneasler|Sneasler, L50, F|100/100\n|-weather|Snowscape|[from] ability: Snow Warning|[of] p1b: Ninetales\n|-ability|p1a: Gyarados|Intimidate|boost\n|-unboost|p2a: Kingambit|atk|1\n|-ability|p2a: Kingambit|Defiant|boost\n|-boost|p2a: Kingambit|atk|2\n|-unboost|p2b: Sneasler|atk|1\n|-enditem|p2b: Sneasler|White Herb\n|-clearnegativeboost|p2b: Sneasler|[silent]\n|turn|1\n|\n|t:|1776375395\n|move|p2b: Sneasler|Fake Out|p1a: Gyarados\n|-damage|p1a: Gyarados|84/100\n|move|p1b: Ninetales|Aurora Veil|p1b: Ninetales\n|-sidestart|p1: CBKreme|move: Aurora Veil\n|cant|p1a: Gyarados|flinch\n|move|p2a: Kingambit|Iron Head|p1b: Ninetales\n|-supereffective|p1b: Ninetales|2\n|-enditem|p1b: Ninetales|Focus Sash\n|-damage|p1b: Ninetales|1/100\n|\n|-weather|Snowscape|[upkeep]\n|upkeep\n|turn|2\n|inactive|gr8king42 has 30 seconds left.\n|inactive|gr8king42 has 20 seconds left.\n|\n|t:|1776375435\n|move|p2b: Sneasler|Coaching|p2a: Kingambit\n|-boost|p2a: Kingambit|atk|1\n|-boost|p2a: Kingambit|def|1\n|move|p1b: Ninetales|Disable|p2a: Kingambit\n|-start|p2a: Kingambit|Disable|Iron Head\n|move|p1a: Gyarados|Thunder Wave|p2b: Sneasler\n|-status|p2b: Sneasler|par\n|cant|p2a: Kingambit|Disable|Iron Head\n|\n|-weather|Snowscape|[upkeep]\n|upkeep\n|turn|3\n|\n|t:|1776375459\n|move|p2a: Kingambit|Protect|p2a: Kingambit\n|-singleturn|p2a: Kingambit|Protect\n|cant|p2b: Sneasler|par\n|move|p1b: Ninetales|Encore|p2b: Sneasler\n|-start|p2b: Sneasler|Encore\n|move|p1a: Gyarados|Thunder Wave|p2a: Kingambit\n|-activate|p2a: Kingambit|move: Protect\n|\n|-weather|Snowscape|[upkeep]\n|upkeep\n|turn|4\n|\n|t:|1776375476\n|move|p2b: Sneasler|Coaching|p2a: Kingambit\n|-boost|p2a: Kingambit|atk|1\n|-boost|p2a: Kingambit|def|1\n|move|p1b: Ninetales|Encore|p2a: Kingambit\n|-start|p2a: Kingambit|Encore\n|move|p2a: Kingambit|Protect|p2a: Kingambit\n|-singleturn|p2a: Kingambit|Protect\n|move|p1a: Gyarados|Thunder Wave|p2a: Kingambit\n|-activate|p2a: Kingambit|move: Protect\n|\n|-weather|Snowscape|[upkeep]\n|upkeep\n|turn|5\n|\n|t:|1776375500\n|switch|p2b: Sinistcha|Sinistcha, L50|100/100\n|move|p2a: Kingambit|Protect||[still]\n|-fail|p2a: Kingambit\n|move|p1b: Ninetales|Snowscape||[still]\n|-fail|p1b: Ninetales\n|move|p1a: Gyarados|Roar|p2b: Sinistcha\n|drag|p2b: Sneasler|Sneasler, L50, F|100/100 par\n|\n|-weather|none\n|-end|p2a: Kingambit|Disable\n|-sideend|p1: CBKreme|move: Aurora Veil\n|upkeep\n|turn|6\n|inactive|CBKreme has 30 seconds left.\n|inactive|CBKreme has 20 seconds left.\n|\n|t:|1776375537\n|switch|p1b: Flapple|Flapple, L50, F, shiny|100/100\n|move|p2a: Kingambit|Protect|p2a: Kingambit\n|-singleturn|p2a: Kingambit|Protect\n|move|p2b: Sneasler|Fake Out|p1b: Flapple\n|-damage|p1b: Flapple|80/100\n|move|p1a: Gyarados|Waterfall|p2b: Sneasler\n|-damage|p2b: Sneasler|44/100 par\n|\n|-end|p2a: Kingambit|Encore\n|upkeep\n|turn|7\n|\n|t:|1776375558\n|switch|p2b: Sinistcha|Sinistcha, L50|100/100\n|move|p2a: Kingambit|Sucker Punch||[still]\n|-fail|p2a: Kingambit\n|move|p1b: Flapple|Acrobatics|p2b: Sinistcha\n|-supereffective|p2b: Sinistcha|1\n|-damage|p2b: Sinistcha|52/100\n|move|p1a: Gyarados|Roar|p2a: Kingambit\n|drag|p2a: Sneasler|Sneasler, L50, F|44/100 par\n|\n|upkeep\n|turn|8\n|inactive|gr8king42 has 30 seconds left.\n|\n|t:|1776375587\n|move|p2b: Sinistcha|Rage Powder|p2b: Sinistcha\n|-singleturn|p2b: Sinistcha|move: Rage Powder\n|move|p1a: Gyarados|Thunder Wave|p2b: Sinistcha|[miss]\n|-miss|p1a: Gyarados|p2b: Sinistcha\n|move|p2a: Sneasler|Dire Claw|p1b: Flapple\n|-supereffective|p1b: Flapple|1\n|-damage|p1b: Flapple|0 fnt\n|faint|p1b: Flapple\n|\n|upkeep\n|\n|t:|1776375594\n|switch|p1b: Ninetales|Ninetales-Alola, L50, F|1/100\n|-weather|Snowscape|[from] ability: Snow Warning|[of] p1b: Ninetales\n|turn|9\n|\n|t:|1776375606\n|switch|p2a: Kingambit|Kingambit, L50, F|100/100\n|move|p1b: Ninetales|Aurora Veil|p1b: Ninetales\n|-sidestart|p1: CBKreme|move: Aurora Veil\n|move|p1a: Gyarados|Thunder Wave|p2b: Sinistcha\n|-status|p2b: Sinistcha|par\n|move|p2b: Sinistcha|Matcha Gotcha|p1b: Ninetales|[spread] p1a,p1b\n|-damage|p1a: Gyarados|69/100\n|-heal|p2b: Sinistcha|61/100 par|[from] drain|[of] p1a: Gyarados\n|-damage|p1b: Ninetales|0 fnt\n|-heal|p2b: Sinistcha|62/100 par|[from] drain|[of] p1b: Ninetales\n|faint|p1b: Ninetales\n|\n|-weather|Snowscape|[upkeep]\n|upkeep\n|\n|t:|1776375615\n|switch|p1b: Gardevoir|Gardevoir, L50, F, shiny|100/100\n|-ability|p1b: Gardevoir|Defiant|Trace|[from] ability: Trace|[of] p2a: Kingambit\n|turn|10\n|\n|t:|1776375630\n|detailschange|p1b: Gardevoir|Gardevoir-Mega, L50, F, shiny\n|-mega|p1b: Gardevoir|Gardevoir|Gardevoirite\n|move|p1b: Gardevoir|Protect|p1b: Gardevoir\n|-singleturn|p1b: Gardevoir|Protect\n|move|p1a: Gyarados|Taunt|p2b: Sinistcha\n|-start|p2b: Sinistcha|move: Taunt\n|move|p2a: Kingambit|Iron Head|p1b: Gardevoir\n|-activate|p1b: Gardevoir|move: Protect\n|cant|p2b: Sinistcha|move: Taunt|Trick Room\n|\n|-weather|Snowscape|[upkeep]\n|upkeep\n|turn|11\n|\n|t:|1776375656\n|switch|p2b: Sneasler|Sneasler, L50, F|44/100 par\n|move|p1b: Gardevoir|Focus Blast|p2a: Kingambit\n|-supereffective|p2a: Kingambit|2\n|-damage|p2a: Kingambit|0 fnt\n|faint|p2a: Kingambit\n|move|p1a: Gyarados|Thunder Wave|p2b: Sneasler\n|-fail|p2b: Sneasler|par\n|\n|-weather|Snowscape|[upkeep]\n|upkeep\n|\n|t:|1776375669\n|switch|p2a: Sinistcha|Sinistcha, L50|62/100 par\n|-heal|p2b: Sneasler|69/100 par|[from] ability: Hospitality|[of] p2a: Sinistcha\n|turn|12\n|\n|t:|1776375684\n|move|p2b: Sneasler|Fake Out|p1b: Gardevoir\n|-damage|p1b: Gardevoir|85/100\n|cant|p1b: Gardevoir|flinch\n|move|p1a: Gyarados|Taunt|p2a: Sinistcha\n|-start|p2a: Sinistcha|move: Taunt\n|cant|p2a: Sinistcha|move: Taunt|Trick Room\n|\n|-weather|Snowscape|[upkeep]\n|upkeep\n|turn|13\n|\n|t:|1776375711\n|switch|p2a: Feraligatr|Feraligatr, L50, F|100/100\n|move|p1b: Gardevoir|Hyper Voice|p2a: Feraligatr|[spread] p2a,p2b\n|-damage|p2a: Feraligatr|41/100\n|-damage|p2b: Sneasler|2/100 par\n|move|p1a: Gyarados|Waterfall|p2b: Sneasler\n|-damage|p2b: Sneasler|0 fnt\n|faint|p2b: Sneasler\n|\n|-weather|none\n|-sideend|p1: CBKreme|move: Aurora Veil\n|upkeep\n|\n|t:|1776375717\n|switch|p2b: Sinistcha|Sinistcha, L50|62/100 par\n|-heal|p2a: Feraligatr|66/100|[from] ability: Hospitality|[of] p2b: Sinistcha\n|turn|14\n|inactive|CBKreme has 30 seconds left.\n|inactive|gr8king42 has 30 seconds left.\n|\n|t:|1776375749\n|detailschange|p2a: Feraligatr|Feraligatr-Mega, L50, F\n|-mega|p2a: Feraligatr|Feraligatr|Feraligite\n|move|p1b: Gardevoir|Psyshock|p2a: Feraligatr\n|-damage|p2a: Feraligatr|27/100\n|move|p1a: Gyarados|Taunt|p2b: Sinistcha\n|-start|p2b: Sinistcha|move: Taunt\n|move|p2a: Feraligatr|Liquidation|p1b: Gardevoir\n|-damage|p1b: Gardevoir|10/100\n|move|p2b: Sinistcha|Matcha Gotcha|p1b: Gardevoir|[spread] p1a,p1b\n|-damage|p1a: Gyarados|48/100\n|-heal|p2b: Sinistcha|74/100 par|[from] drain|[of] p1a: Gyarados\n|-damage|p1b: Gardevoir|0 fnt\n|-heal|p2b: Sinistcha|77/100 par|[from] drain|[of] p1b: Gardevoir\n|faint|p1b: Gardevoir\n|\n|upkeep\n|turn|15\n|\n|t:|1776375771\n|move|p2a: Feraligatr|Protect|p2a: Feraligatr\n|-singleturn|p2a: Feraligatr|Protect\n|move|p1a: Gyarados|Waterfall|p2a: Feraligatr\n|-activate|p2a: Feraligatr|move: Protect\n|move|p2b: Sinistcha|Matcha Gotcha|p1a: Gyarados\n|-damage|p1a: Gyarados|21/100\n|-heal|p2b: Sinistcha|93/100 par|[from] drain|[of] p1a: Gyarados\n|\n|upkeep\n|turn|16\n|\n|t:|1776375782\n|move|p1a: Gyarados|Waterfall|p2a: Feraligatr\n|-resisted|p2a: Feraligatr|2\n|-damage|p2a: Feraligatr|21/100\n|move|p2a: Feraligatr|Double-Edge|p1a: Gyarados\n|-damage|p1a: Gyarados|0 fnt\n|faint|p1a: Gyarados\n|-damage|p2a: Feraligatr|13/100|[from] Recoil\n|\n|win|gr8king42\n|raw|CBKreme's rating: 1079 &rarr; <strong>1052</strong><br />(-27 for losing)\n|raw|gr8king42's rating: 1000 &rarr; <strong>1049</strong><br />(+49 for winning)\n",
  "uploadtime": 1776375790,
  "views": 16,
  "formatid": "gen9championsvgc2026regma",
  "rating": 1049,
  "private": 0,
  "password": null
}