{
  "id": "gen9championsvgc2026regma-2587886628",
  "format": "[Gen 9 Champions] VGC 2026 Reg M-A",
  "players": [
    "MAOSAI",
    "sprix"
  ],
  "log": "|j|\u2606MAOSAI\n|j|\u2606sprix\n|t:|1776574728\n|gametype|doubles\n|player|p1|MAOSAI|elesa|1117\n|player|p2|sprix|benga|1113\n|gen|9\n|tier|[Gen 9 Champions] VGC 2026 Reg M-A\n|rated|\n|rule|Species Clause: Limit one of each Pok\u00e9mon\n|rule|Item Clause: Limit 1 of each item\n|clearpoke\n|poke|p1|Charizard, L50, F|\n|poke|p1|Whimsicott, L50, F|\n|poke|p1|Incineroar, L50, M|\n|poke|p1|Alakazam, L50, M, shiny|\n|poke|p1|Empoleon, L50, M|\n|poke|p1|Scizor, L50, M|\n|poke|p2|Delphox, L50, F|\n|poke|p2|Sinistcha, L50|\n|poke|p2|Primarina, L50, F|\n|poke|p2|Rotom-Wash, L50|\n|poke|p2|Excadrill, L50, M|\n|poke|p2|Tyranitar, L50, M, shiny|\n|teampreview|4\n|inactive|Battle timer is ON: inactive players will automatically lose when time's up. (requested by sprix)\n|inactive|MAOSAI has 60 seconds left.\n|\n|t:|1776574776\n|teamsize|p1|4\n|teamsize|p2|4\n|start\n|switch|p1a: Alakazam|Alakazam, L50, M, shiny|100/100\n|switch|p1b: Empoleon|Empoleon, L50, M|100/100\n|switch|p2a: Excadrill|Excadrill, L50, M|100/100\n|switch|p2b: Tyranitar|Tyranitar, L50, M, shiny|100/100\n|-weather|Sandstorm|[from] ability: Sand Stream|[of] p2b: Tyranitar\n|turn|1\n|\n|t:|1776574795\n|switch|p1a: Incineroar|Incineroar, L50, M|100/100\n|-ability|p1a: Incineroar|Intimidate|boost\n|-unboost|p2a: Excadrill|atk|1\n|-unboost|p2b: Tyranitar|atk|1\n|move|p2b: Tyranitar|Protect|p2b: Tyranitar\n|-singleturn|p2b: Tyranitar|Protect\n|move|p2a: Excadrill|Earthquake|p1a: Incineroar|[spread] p1a,p1b\n|-activate|p2b: Tyranitar|move: Protect\n|-supereffective|p1a: Incineroar|1\n|-supereffective|p1b: Empoleon|1\n|-damage|p1a: Incineroar|48/100\n|-damage|p1b: Empoleon|44/100\n|-enditem|p1a: Incineroar|Sitrus Berry|[eat]\n|-heal|p1a: Incineroar|72/100|[from] item: Sitrus Berry\n|move|p1b: Empoleon|Hydro Pump|p2a: Excadrill\n|-supereffective|p2a: Excadrill|1\n|-enditem|p2a: Excadrill|Focus Sash\n|-damage|p2a: Excadrill|1/100\n|\n|-weather|Sandstorm|[upkeep]\n|-damage|p1a: Incineroar|66/100|[from] Sandstorm\n|-heal|p1b: Empoleon|50/100|[from] item: Leftovers\n|upkeep\n|turn|2\n|inactive|MAOSAI has 30 seconds left.\n|inactive|sprix has 30 seconds left.\n|\n|t:|1776574823\n|move|p2a: Excadrill|Protect|p2a: Excadrill\n|-singleturn|p2a: Excadrill|Protect\n|move|p1a: Incineroar|Fake Out|p2a: Excadrill\n|-activate|p2a: Excadrill|move: Protect\n|move|p2b: Tyranitar|Low Kick|p1b: Empoleon\n|-supereffective|p1b: Empoleon|1\n|-damage|p1b: Empoleon|17/100\n|move|p1b: Empoleon|Flash Cannon|p2b: Tyranitar\n|-supereffective|p2b: Tyranitar|1\n|-damage|p2b: Tyranitar|65/100\n|\n|-weather|Sandstorm|[upkeep]\n|-damage|p1a: Incineroar|60/100|[from] Sandstorm\n|-heal|p1b: Empoleon|23/100|[from] item: Leftovers\n|upkeep\n|turn|3\n|\n|t:|1776574838\n|switch|p2b: Rotom|Rotom-Wash, L50|100/100\n|move|p1b: Empoleon|Vacuum Wave|p2a: Excadrill\n|-supereffective|p2a: Excadrill|1\n|-damage|p2a: Excadrill|0 fnt\n|faint|p2a: Excadrill\n|move|p1a: Incineroar|Parting Shot|p2b: Rotom\n|-unboost|p2b: Rotom|atk|1\n|-unboost|p2b: Rotom|spa|1\n|\n|t:|1776574843\n|switch|p1a: Charizard|Charizard, L50, F|100/100|[from] Parting Shot\n|\n|-weather|Sandstorm|[upkeep]\n|-damage|p1a: Charizard|95/100|[from] Sandstorm\n|-damage|p2b: Rotom|95/100|[from] Sandstorm\n|-heal|p1b: Empoleon|28/100|[from] item: Leftovers\n|upkeep\n|\n|t:|1776574854\n|switch|p2a: Tyranitar|Tyranitar, L50, M, shiny|65/100\n|turn|4\n|\n|t:|1776574868\n|switch|p1a: Incineroar|Incineroar, L50, M|60/100\n|-ability|p1a: Incineroar|Intimidate|boost\n|-unboost|p2a: Tyranitar|atk|1\n|-unboost|p2b: Rotom|atk|1\n|detailschange|p2a: Tyranitar|Tyranitar-Mega, L50, M, shiny\n|-mega|p2a: Tyranitar|Tyranitar|Tyranitarite\n|move|p1b: Empoleon|Vacuum Wave|p2a: Tyranitar\n|-supereffective|p2a: Tyranitar|2\n|-damage|p2a: Tyranitar|42/100\n|move|p2b: Rotom|Trick|p1b: Empoleon\n|-activate|p2b: Rotom|move: Trick|[of] p1b: Empoleon\n|-item|p1b: Empoleon|Choice Scarf|[from] move: Trick\n|-item|p2b: Rotom|Leftovers|[from] move: Trick\n|move|p2a: Tyranitar|Rock Slide|p1b: Empoleon|[spread] p1a,p1b\n|-supereffective|p1a: Incineroar|1\n|-resisted|p1b: Empoleon|1\n|-damage|p1a: Incineroar|25/100\n|-damage|p1b: Empoleon|18/100\n|\n|-weather|Sandstorm|[upkeep]\n|-damage|p2b: Rotom|89/100|[from] Sandstorm\n|-damage|p1a: Incineroar|19/100|[from] Sandstorm\n|-heal|p2b: Rotom|95/100|[from] item: Leftovers\n|upkeep\n|turn|5\n|inactive|sprix has 30 seconds left.\n|inactive|MAOSAI has 30 seconds left.\n|inactive|sprix has 20 seconds left.\n|inactive|sprix has 15 seconds left.\n|\n|t:|1776574910\n|switch|p2a: Primarina|Primarina, L50, F|100/100\n|move|p1a: Incineroar|Fake Out|p2b: Rotom\n|-damage|p2b: Rotom|83/100\n|move|p1b: Empoleon|Hydro Pump|p2a: Primarina|[miss]\n|-miss|p1b: Empoleon|p2a: Primarina\n|cant|p2b: Rotom|flinch\n|\n|-weather|none\n|-heal|p2b: Rotom|89/100|[from] item: Leftovers\n|upkeep\n|turn|6\n|\n|t:|1776574931\n|switch|p1b: Alakazam|Alakazam, L50, M, shiny|100/100\n|move|p2b: Rotom|Volt Switch|p1a: Incineroar\n|-damage|p1a: Incineroar|0 fnt\n|faint|p1a: Incineroar\n|\n|t:|1776574937\n|switch|p2b: Tyranitar|Tyranitar-Mega, L50, M, shiny|42/100|[from] Volt Switch\n|-weather|Sandstorm|[from] ability: Sand Stream|[of] p2b: Tyranitar\n|move|p2a: Primarina|Calm Mind|p2a: Primarina\n|-boost|p2a: Primarina|spa|1\n|-boost|p2a: Primarina|spd|1\n|\n|-weather|Sandstorm|[upkeep]\n|-damage|p1b: Alakazam|94/100|[from] Sandstorm\n|-damage|p2a: Primarina|95/100|[from] Sandstorm\n|-heal|p2a: Primarina|100/100|[from] item: Leftovers\n|upkeep\n|\n|t:|1776574942\n|switch|p1a: Charizard|Charizard, L50, F|95/100\n|turn|7\n|\n|t:|1776574958\n|switch|p2b: Rotom|Rotom-Wash, L50|89/100\n|move|p1b: Alakazam|Sunny Day|p1b: Alakazam\n|-weather|SunnyDay\n|move|p1a: Charizard|Solar Beam||[still]\n|-prepare|p1a: Charizard|Solar Beam\n|-anim|p1a: Charizard|Solar Beam|p2a: Primarina\n|-supereffective|p2a: Primarina|1\n|-damage|p2a: Primarina|32/100\n|move|p2a: Primarina|Hyper Voice|p1b: Alakazam|[spread] p1a,p1b\n|-supereffective|p1a: Charizard|1\n|-damage|p1a: Charizard|40/100\n|-damage|p1b: Alakazam|63/100\n|\n|-weather|SunnyDay|[upkeep]\n|-damage|p1a: Charizard|27/100|[from] ability: Solar Power|[of] p1a: Charizard\n|-heal|p2b: Rotom|95/100|[from] item: Leftovers\n|-heal|p2a: Primarina|38/100|[from] item: Leftovers\n|upkeep\n|turn|8\n|inactive|MAOSAI has 30 seconds left.\n|inactive|sprix has 30 seconds left.\n|\n|t:|1776574992\n|switch|p2b: Tyranitar|Tyranitar-Mega, L50, M, shiny|42/100\n|-weather|Sandstorm|[from] ability: Sand Stream|[of] p2b: Tyranitar\n|move|p1b: Alakazam|Sunny Day|p1b: Alakazam\n|-weather|SunnyDay\n|move|p1a: Charizard|Solar Beam||[still]\n|-prepare|p1a: Charizard|Solar Beam\n|-anim|p1a: Charizard|Solar Beam|p2a: Primarina\n|-supereffective|p2a: Primarina|1\n|-damage|p2a: Primarina|0 fnt\n|faint|p2a: Primarina\n|\n|-weather|SunnyDay|[upkeep]\n|-damage|p1a: Charizard|15/100|[from] ability: Solar Power|[of] p1a: Charizard\n|upkeep\n|\n|t:|1776575004\n|switch|p2a: Rotom|Rotom-Wash, L50|95/100\n|turn|9\n|\n|t:|1776575019\n|move|p2b: Tyranitar|Protect|p2b: Tyranitar\n|-singleturn|p2b: Tyranitar|Protect\n|move|p1b: Alakazam|Psychic|p2a: Rotom\n|-crit|p2a: Rotom\n|-damage|p2a: Rotom|16/100\n|move|p1a: Charizard|Solar Beam||[still]\n|-prepare|p1a: Charizard|Solar Beam\n|-anim|p1a: Charizard|Solar Beam|p2a: Rotom\n|-supereffective|p2a: Rotom|1\n|-damage|p2a: Rotom|0 fnt\n|faint|p2a: Rotom\n|\n|-weather|SunnyDay|[upkeep]\n|-damage|p1a: Charizard|2/100|[from] ability: Solar Power|[of] p1a: Charizard\n|upkeep\n|turn|10\n|-message|sprix forfeited.\n|\n|win|MAOSAI\n|raw|MAOSAI's rating: 1117 &rarr; <strong>1142</strong><br />(+25 for winning)\n|raw|sprix's rating: 1113 &rarr; <strong>1088</strong><br />(-25 for losing)\n|l|\u2606sprix\n|player|p2|\n|l|\u2606MAOSAI\n|player|p1|\n|j|\u2606MAOSAI\n|player|p1|MAOSAI|elesa|\n",
  "uploadtime": 1776575089,
  "views": 20,
  "formatid": "gen9championsvgc2026regma",
  "rating": 1088,
  "private": 0,
  "password": null
}