{
  "id": "gen9championsvgc2026regma-2582214987",
  "format": "[Gen 9 Champions] VGC 2026 Reg M-A",
  "players": [
    "porygon-epilepz",
    "pikaisme69"
  ],
  "log": "|j|\u2606porygon-epilepz\n|j|\u2606pikaisme69\n|t:|1776072219\n|gametype|doubles\n|player|p1|porygon-epilepz|hiker-gen4|1069\n|player|p2|pikaisme69|beauty-gen4dp|1050\n|gen|9\n|tier|[Gen 9 Champions] VGC 2026 Reg M-A\n|rated|\n|rule|Species Clause: Limit one of each Pok\u00e9mon\n|rule|Item Clause: Limit 1 of each item\n|clearpoke\n|poke|p1|Kommo-o, L50, F|\n|poke|p1|Incineroar, L50, F|\n|poke|p1|Glimmora, L50, M|\n|poke|p1|Sinistcha, L50|\n|poke|p1|Corviknight, L50, M|\n|poke|p1|Palafin, L50, M|\n|poke|p2|Volcarona, L50, F|\n|poke|p2|Maushold-Four, L50|\n|poke|p2|Charizard, L50, F|\n|poke|p2|Garchomp, L50, F|\n|poke|p2|Incineroar, L50, F|\n|poke|p2|Talonflame, L50, M|\n|teampreview|4\n|\n|t:|1776072233\n|teamsize|p1|4\n|teamsize|p2|4\n|start\n|switch|p1a: Kommo-o|Kommo-o, L50, F|100/100\n|switch|p1b: Sinistcha|Sinistcha, L50|100/100\n|switch|p2a: Volcarona|Volcarona, L50, F, shiny|100/100\n|switch|p2b: Maushold|Maushold-Four, L50|100/100\n|turn|1\n|\n|t:|1776072250\n|move|p2b: Maushold|Super Fang|p1a: Kommo-o\n|-damage|p1a: Kommo-o|50/100\n|move|p1a: Kommo-o|Clangorous Soul|p1a: Kommo-o\n|-boost|p1a: Kommo-o|atk|1\n|-boost|p1a: Kommo-o|def|1\n|-boost|p1a: Kommo-o|spa|1\n|-boost|p1a: Kommo-o|spd|1\n|-boost|p1a: Kommo-o|spe|1\n|-damage|p1a: Kommo-o|18/100\n|move|p2a: Volcarona|Quiver Dance|p2a: Volcarona\n|-boost|p2a: Volcarona|spa|1\n|-boost|p2a: Volcarona|spd|1\n|-boost|p2a: Volcarona|spe|1\n|move|p1b: Sinistcha|Life Dew||[still]|[spread] p1a,p1b\n|-heal|p1a: Kommo-o|43/100\n|-fail|p1b: Sinistcha|heal\n|\n|-heal|p1a: Kommo-o|49/100|[from] item: Leftovers\n|upkeep\n|turn|2\n|\n|t:|1776072265\n|move|p2b: Maushold|Follow Me|p2b: Maushold\n|-singleturn|p2b: Maushold|move: Follow Me\n|move|p1a: Kommo-o|Clanging Scales|p2a: Volcarona|[spread] p2a,p2b\n|-damage|p2a: Volcarona|77/100\n|-damage|p2b: Maushold|39/100\n|-unboost|p1a: Kommo-o|def|1\n|move|p2a: Volcarona|Heat Wave|p1b: Sinistcha|[spread] p1a,p1b\n|-resisted|p1a: Kommo-o|1\n|-supereffective|p1b: Sinistcha|1\n|-damage|p1a: Kommo-o|28/100\n|-damage|p1b: Sinistcha|0 fnt\n|faint|p1b: Sinistcha\n|\n|-heal|p1a: Kommo-o|34/100|[from] item: Leftovers\n|-heal|p2a: Volcarona|83/100|[from] item: Leftovers\n|upkeep\n|\n|t:|1776072278\n|switch|p1b: Glimmora|Glimmora, L50, M|100/100\n|turn|3\n|\n|t:|1776072286\n|switch|p2b: Incineroar|Incineroar, L50, F, shiny|100/100\n|-ability|p2b: Incineroar|Intimidate|boost\n|-unboost|p1a: Kommo-o|atk|1\n|-unboost|p1b: Glimmora|atk|1\n|detailschange|p1b: Glimmora|Glimmora-Mega, L50, M\n|-mega|p1b: Glimmora|Glimmora|Glimmoranite\n|move|p1a: Kommo-o|Clanging Scales|p2a: Volcarona|[spread] p2a,p2b\n|-damage|p2a: Volcarona|52/100\n|-damage|p2b: Incineroar|49/100\n|-enditem|p2b: Incineroar|Sitrus Berry|[eat]\n|-heal|p2b: Incineroar|73/100|[from] item: Sitrus Berry\n|-unboost|p1a: Kommo-o|def|1\n|move|p2a: Volcarona|Heat Wave|p1b: Glimmora|[spread] p1a,p1b\n|-resisted|p1a: Kommo-o|1\n|-resisted|p1b: Glimmora|1\n|-damage|p1a: Kommo-o|14/100\n|-damage|p1b: Glimmora|67/100\n|-status|p1b: Glimmora|brn\n|move|p1b: Glimmora|Power Gem|p2a: Volcarona\n|-supereffective|p2a: Volcarona|2\n|-damage|p2a: Volcarona|0 fnt\n|faint|p2a: Volcarona\n|\n|-heal|p1a: Kommo-o|20/100|[from] item: Leftovers\n|-damage|p1b: Glimmora|61/100 brn|[from] brn\n|upkeep\n|\n|t:|1776072292\n|switch|p2a: Garchomp|Garchomp, L50, F|100/100\n|turn|4\n|j| 1#MiraidonHater\n|\n|t:|1776072323\n|move|p1a: Kommo-o|Protect|p1a: Kommo-o\n|-singleturn|p1a: Kommo-o|Protect\n|move|p1b: Glimmora|Spiky Shield|p1b: Glimmora\n|-singleturn|p1b: Glimmora|move: Protect\n|move|p2b: Incineroar|Protect|p2b: Incineroar\n|-singleturn|p2b: Incineroar|Protect\n|move|p2a: Garchomp|Earthquake|p1a: Kommo-o|[spread] \n|-activate|p2b: Incineroar|move: Protect\n|-activate|p1a: Kommo-o|move: Protect\n|-activate|p1b: Glimmora|move: Protect\n|\n|-heal|p1a: Kommo-o|26/100|[from] item: Leftovers\n|-damage|p1b: Glimmora|55/100 brn|[from] brn\n|upkeep\n|turn|5\n|\n|t:|1776072338\n|move|p1a: Kommo-o|Clanging Scales|p2b: Incineroar|[spread] p2a,p2b\n|-supereffective|p2a: Garchomp|1\n|-damage|p2a: Garchomp|0 fnt\n|-damage|p2b: Incineroar|20/100\n|faint|p2a: Garchomp\n|-unboost|p1a: Kommo-o|def|1\n|move|p1b: Glimmora|Power Gem|p2b: Incineroar\n|-supereffective|p2b: Incineroar|1\n|-damage|p2b: Incineroar|0 fnt\n|faint|p2b: Incineroar\n|\n|-heal|p1a: Kommo-o|32/100|[from] item: Leftovers\n|-damage|p1b: Glimmora|49/100 brn|[from] brn\n|upkeep\n|-message|pikaisme69 forfeited.\n|\n|win|porygon-epilepz\n|raw|porygon-epilepz's rating: 1069 &rarr; <strong>1097</strong><br />(+28 for winning)\n|raw|pikaisme69's rating: 1050 &rarr; <strong>1033</strong><br />(-17 for losing)\n|l|\u2606pikaisme69\n|player|p2|\n",
  "uploadtime": 1776072222,
  "views": 13,
  "formatid": "gen9championsvgc2026regma",
  "rating": 1033,
  "private": 0,
  "password": null
}