{
  "id": "gen9championsvgc2026regma-2581442532",
  "format": "[Gen 9 Champions] VGC 2026 Reg M-A",
  "players": [
    "Kebap32",
    "Jeremykhoo"
  ],
  "log": "|j|\u2606Kebap32\n|j|\u2606Jeremykhoo\n|t:|1776000852\n|gametype|doubles\n|player|p1|Kebap32|skyla|1052\n|player|p2|Jeremykhoo|266|1086\n|gen|9\n|tier|[Gen 9 Champions] VGC 2026 Reg M-A\n|rated|\n|rule|Species Clause: Limit one of each Pok\u00e9mon\n|rule|Item Clause: Limit 1 of each item\n|clearpoke\n|poke|p1|Crabominable, L50, F|\n|poke|p1|Mimikyu, L50, F|\n|poke|p1|Hatterene, L50, F|\n|poke|p1|Araquanid, L50, M|\n|poke|p1|Hydrapple, L50, F|\n|poke|p1|Sinistcha, L50|\n|poke|p2|Tyranitar, L50, F|\n|poke|p2|Whimsicott, L50, F|\n|poke|p2|Aggron, L50, F|\n|poke|p2|Drampa, L50, M|\n|poke|p2|Sylveon, L50, M|\n|poke|p2|Arcanine, L50, F|\n|teampreview|4\n|inactive|Battle timer is ON: inactive players will automatically lose when time's up. (requested by Kebap32)\n|\n|t:|1776000919\n|teamsize|p1|4\n|teamsize|p2|4\n|start\n|switch|p1a: Crabominable|Crabominable, L50, F|100/100\n|switch|p1b: Hatterene|Hatterene, L50, F|100/100\n|switch|p2a: Whimsicott|Whimsicott, L50, F|100/100\n|switch|p2b: Aggron|Aggron, L50, F|100/100\n|turn|1\n|\n|t:|1776000944\n|detailschange|p1a: Crabominable|Crabominable-Mega, L50, F\n|-mega|p1a: Crabominable|Crabominable|Crabominite\n|move|p1a: Crabominable|Mach Punch|p2b: Aggron\n|-supereffective|p2b: Aggron|2\n|-damage|p2b: Aggron|30/100\n|move|p2a: Whimsicott|Moonblast|p1a: Crabominable\n|-supereffective|p1a: Crabominable|1\n|-damage|p1a: Crabominable|56/100\n|move|p2b: Aggron|Heavy Slam|p1b: Hatterene\n|-supereffective|p1b: Hatterene|1\n|-damage|p1b: Hatterene|0 fnt\n|faint|p1b: Hatterene\n|\n|upkeep\n|\n|t:|1776000958\n|switch|p1b: Sinistcha|Sinistcha, L50|100/100\n|-heal|p1a: Crabominable|81/100|[from] ability: Hospitality|[of] p1b: Sinistcha\n|turn|2\n|inactive|Jeremykhoo has 30 seconds left.\n|\n|t:|1776000986\n|move|p2b: Aggron|Protect|p2b: Aggron\n|-singleturn|p2b: Aggron|Protect\n|move|p2a: Whimsicott|Tailwind|p2a: Whimsicott\n|-sidestart|p2: Jeremykhoo|move: Tailwind\n|move|p1a: Crabominable|Mach Punch|p2b: Aggron\n|-activate|p2b: Aggron|move: Protect\n|move|p1b: Sinistcha|Trick Room|p1b: Sinistcha\n|-fieldstart|move: Trick Room|[of] p1b: Sinistcha\n|\n|upkeep\n|turn|3\n|\n|t:|1776001009\n|move|p1b: Sinistcha|Rage Powder|p1b: Sinistcha\n|-singleturn|p1b: Sinistcha|move: Rage Powder\n|move|p2a: Whimsicott|Encore|p1b: Sinistcha\n|-start|p1b: Sinistcha|Encore\n|move|p1a: Crabominable|Drain Punch|p2b: Aggron\n|-supereffective|p2b: Aggron|2\n|-damage|p2b: Aggron|0 fnt\n|-heal|p1a: Crabominable|95/100|[from] drain|[of] p2b: Aggron\n|faint|p2b: Aggron\n|\n|upkeep\n|\n|t:|1776001027\n|switch|p2b: Drampa|Drampa, L50, M|100/100\n|-ability|p2b: Drampa|Cloud Nine\n|turn|4\n|\n|t:|1776001047\n|move|p2b: Drampa|Protect|p2b: Drampa\n|-singleturn|p2b: Drampa|Protect\n|move|p1b: Sinistcha|Rage Powder|p1b: Sinistcha\n|-singleturn|p1b: Sinistcha|move: Rage Powder\n|move|p2a: Whimsicott|Fake Tears|p1a: Crabominable\n|-unboost|p1a: Crabominable|spd|2\n|move|p1a: Crabominable|Drain Punch|p2b: Drampa\n|-activate|p2b: Drampa|move: Protect\n|\n|upkeep\n|turn|5\n|inactive|Jeremykhoo has 30 seconds left.\n|\n|t:|1776001076\n|switch|p2b: Tyranitar|Tyranitar, L50, F|100/100\n|-weather|Sandstorm|[from] ability: Sand Stream|[of] p2b: Tyranitar\n|move|p1b: Sinistcha|Rage Powder|p1b: Sinistcha\n|-singleturn|p1b: Sinistcha|move: Rage Powder\n|move|p1a: Crabominable|Drain Punch|p2b: Tyranitar\n|-supereffective|p2b: Tyranitar|2\n|-damage|p2b: Tyranitar|0 fnt\n|-heal|p1a: Crabominable|100/100|[from] drain|[of] p2b: Tyranitar\n|faint|p2b: Tyranitar\n|move|p2a: Whimsicott|Moonblast|p1a: Crabominable\n|-supereffective|p1a: Crabominable|1\n|-damage|p1a: Crabominable|20/100\n|\n|-weather|Sandstorm|[upkeep]\n|-damage|p1a: Crabominable|14/100|[from] Sandstorm\n|-damage|p1b: Sinistcha|94/100|[from] Sandstorm\n|-damage|p2a: Whimsicott|95/100|[from] Sandstorm\n|-sideend|p2: Jeremykhoo|move: Tailwind\n|upkeep\n|\n|t:|1776001092\n|switch|p2b: Drampa|Drampa, L50, M|100/100\n|-ability|p2b: Drampa|Cloud Nine\n|turn|6\n|\n|t:|1776001101\n|move|p2b: Drampa|Protect|p2b: Drampa\n|-singleturn|p2b: Drampa|Protect\n|move|p1b: Sinistcha|Rage Powder|p1b: Sinistcha\n|-singleturn|p1b: Sinistcha|move: Rage Powder\n|move|p1a: Crabominable|Drain Punch|p2a: Whimsicott\n|-resisted|p2a: Whimsicott|1\n|-damage|p2a: Whimsicott|61/100\n|-heal|p1a: Crabominable|29/100|[from] drain|[of] p2a: Whimsicott\n|move|p2a: Whimsicott|Moonblast|p1a: Crabominable\n|-supereffective|p1a: Crabominable|1\n|-damage|p1a: Crabominable|0 fnt\n|faint|p1a: Crabominable\n|\n|-weather|Sandstorm|[upkeep]\n|-end|p1b: Sinistcha|Encore\n|-fieldend|move: Trick Room\n|upkeep\n|\n|t:|1776001118\n|switch|p1a: Hydrapple|Hydrapple, L50, F|100/100\n|turn|7\n|inactive|Kebap32 has 30 seconds left.\n|\n|t:|1776001144\n|detailschange|p2b: Drampa|Drampa-Mega, L50, M\n|-mega|p2b: Drampa|Drampa|Drampanite\n|move|p1b: Sinistcha|Rage Powder|p1b: Sinistcha\n|-singleturn|p1b: Sinistcha|move: Rage Powder\n|move|p2a: Whimsicott|Moonblast|p1a: Hydrapple\n|-supereffective|p1a: Hydrapple|1\n|-crit|p1a: Hydrapple\n|-damage|p1a: Hydrapple|15/100\n|move|p2b: Drampa|Dragon Pulse|p1b: Sinistcha\n|-damage|p1b: Sinistcha|49/100\n|move|p1a: Hydrapple|Dragon Pulse|p2b: Drampa\n|-supereffective|p2b: Drampa|1\n|-damage|p2b: Drampa|13/100\n|-ability|p2b: Drampa|Berserk|boost\n|-boost|p2b: Drampa|spa|1\n|\n|-weather|Sandstorm|[upkeep]\n|-damage|p2a: Whimsicott|55/100|[from] Sandstorm\n|-damage|p1b: Sinistcha|43/100|[from] Sandstorm\n|-damage|p2b: Drampa|7/100|[from] Sandstorm\n|-damage|p1a: Hydrapple|9/100|[from] Sandstorm\n|upkeep\n|turn|8\n|inactive|Jeremykhoo has 30 seconds left.\n|\n|t:|1776001172\n|move|p1a: Hydrapple|Protect|p1a: Hydrapple\n|-singleturn|p1a: Hydrapple|Protect\n|move|p2a: Whimsicott|Moonblast|p1a: Hydrapple\n|-activate|p1a: Hydrapple|move: Protect\n|move|p1b: Sinistcha|Matcha Gotcha|p2a: Whimsicott|[spread] p2a,p2b\n|-resisted|p2a: Whimsicott|1\n|-resisted|p2b: Drampa|1\n|-damage|p2a: Whimsicott|38/100\n|-heal|p1b: Sinistcha|50/100|[from] drain|[of] p2a: Whimsicott\n|-damage|p2b: Drampa|0 fnt\n|-heal|p1b: Sinistcha|54/100|[from] drain|[of] p2b: Drampa\n|faint|p2b: Drampa\n|\n|-weather|Sandstorm|[upkeep]\n|-damage|p2a: Whimsicott|32/100|[from] Sandstorm\n|-damage|p1b: Sinistcha|48/100|[from] Sandstorm\n|-damage|p1a: Hydrapple|3/100|[from] Sandstorm\n|upkeep\n|turn|9\n|inactive|Kebap32 has 30 seconds left.\n|inactive|Jeremykhoo has 30 seconds left.\n|\n|t:|1776001202\n|move|p2a: Whimsicott|Encore|p1b: Sinistcha\n|-start|p1b: Sinistcha|Encore\n|move|p1b: Sinistcha|Matcha Gotcha|p2a: Whimsicott|[miss]\n|-miss|p1b: Sinistcha|p2a: Whimsicott\n|move|p1a: Hydrapple|Giga Drain|p2a: Whimsicott\n|-resisted|p2a: Whimsicott|1\n|-damage|p2a: Whimsicott|5/100\n|-heal|p1a: Hydrapple|14/100|[from] drain|[of] p2a: Whimsicott\n|\n|-weather|none\n|upkeep\n|turn|10\n|\n|t:|1776001218\n|move|p2a: Whimsicott|Moonblast|p1a: Hydrapple\n|-supereffective|p1a: Hydrapple|1\n|-damage|p1a: Hydrapple|0 fnt\n|faint|p1a: Hydrapple\n|move|p1b: Sinistcha|Matcha Gotcha|p2a: Whimsicott|[miss]\n|-miss|p1b: Sinistcha|p2a: Whimsicott\n|\n|upkeep\n|turn|11\n|\n|t:|1776001228\n|move|p2a: Whimsicott|Moonblast|p1b: Sinistcha\n|-damage|p1b: Sinistcha|20/100\n|move|p1b: Sinistcha|Matcha Gotcha|p2a: Whimsicott\n|-resisted|p2a: Whimsicott|1\n|-damage|p2a: Whimsicott|0 fnt\n|-heal|p1b: Sinistcha|22/100|[from] drain|[of] p2a: Whimsicott\n|faint|p2a: Whimsicott\n|\n|win|Kebap32\n|raw|Kebap32's rating: 1052 &rarr; <strong>1087</strong><br />(+35 for winning)\n|raw|Jeremykhoo's rating: 1086 &rarr; <strong>1061</strong><br />(-25 for losing)\n",
  "uploadtime": 1776001239,
  "views": 18,
  "formatid": "gen9championsvgc2026regma",
  "rating": 1061,
  "private": 0,
  "password": null
}