{
  "id": "gen9championsvgc2026regma-2585021027",
  "format": "[Gen 9 Champions] VGC 2026 Reg M-A",
  "players": [
    "Mister_Buffalo",
    "srpelea"
  ],
  "log": "|j|\u2606Mister_Buffalo\n|j|\u2606srpelea\n|t:|1776304052\n|gametype|doubles\n|player|p1|Mister_Buffalo|wattson|1129\n|player|p2|srpelea|n|1135\n|gen|9\n|tier|[Gen 9 Champions] VGC 2026 Reg M-A\n|rated|\n|rule|Species Clause: Limit one of each Pok\u00e9mon\n|rule|Item Clause: Limit 1 of each item\n|clearpoke\n|poke|p1|Tyranitar, L50, F|\n|poke|p1|Froslass, L50, F|\n|poke|p1|Excadrill, L50, M|\n|poke|p1|Corviknight, L50, F|\n|poke|p1|Farigiraf, L50, M|\n|poke|p1|Scizor, L50, M|\n|poke|p2|Sneasler, L50, F|\n|poke|p2|Incineroar, L50, M|\n|poke|p2|Kingambit, L50, F|\n|poke|p2|Floette-Eternal, L50, F|\n|poke|p2|Sinistcha, L50|\n|poke|p2|Garchomp, L50, F|\n|teampreview|4\n|inactive|Battle timer is ON: inactive players will automatically lose when time's up. (requested by srpelea)\n|\n|t:|1776304076\n|teamsize|p1|4\n|teamsize|p2|4\n|start\n|switch|p1a: Farigiraf|Farigiraf, L50, M|100/100\n|switch|p1b: Scizor|Scizor, L50, M|100/100\n|switch|p2a: Incineroar|Incineroar, L50, M|100/100\n|switch|p2b: Floette|Floette-Eternal, L50, F|100/100\n|-ability|p2a: Incineroar|Intimidate|boost\n|-unboost|p1a: Farigiraf|atk|1\n|-unboost|p1b: Scizor|atk|1\n|turn|1\n|\n|t:|1776304098\n|detailschange|p2b: Floette|Floette-Mega, L50, F\n|-mega|p2b: Floette|Floette|Floettite\n|-ability|p2b: Floette|Fairy Aura\n|move|p2b: Floette|Protect|p2b: Floette\n|-singleturn|p2b: Floette|Protect\n|move|p1b: Scizor|Close Combat|p2a: Incineroar\n|-supereffective|p2a: Incineroar|1\n|-damage|p2a: Incineroar|57/100\n|-unboost|p1b: Scizor|def|1\n|-unboost|p1b: Scizor|spd|1\n|move|p1a: Farigiraf|Light Screen|p1a: Farigiraf\n|-sidestart|p1: Mister_Buffalo|move: Light Screen\n|move|p2a: Incineroar|Will-O-Wisp|p1b: Scizor\n|-status|p1b: Scizor|brn\n|\n|-damage|p1b: Scizor|94/100 brn|[from] brn\n|upkeep\n|turn|2\n|\n|t:|1776304121\n|switch|p1b: Froslass|Froslass, L50, F|100/100\n|move|p1a: Farigiraf|Protect|p1a: Farigiraf\n|-singleturn|p1a: Farigiraf|Protect\n|move|p2b: Floette|Calm Mind|p2b: Floette\n|-boost|p2b: Floette|spa|1\n|-boost|p2b: Floette|spd|1\n|move|p2a: Incineroar|Parting Shot|p1a: Farigiraf\n|-activate|p1a: Farigiraf|move: Protect\n|\n|upkeep\n|turn|3\n|\n|t:|1776304139\n|detailschange|p1b: Froslass|Froslass-Mega, L50, F\n|-mega|p1b: Froslass|Froslass|Froslassite\n|-weather|Snowscape|[from] ability: Snow Warning|[of] p1b: Froslass\n|move|p1b: Froslass|Protect|p1b: Froslass\n|-singleturn|p1b: Froslass|Protect\n|move|p2b: Floette|Dazzling Gleam|p1a: Farigiraf|[spread] p1a\n|-activate|p1b: Froslass|move: Protect\n|-damage|p1a: Farigiraf|61/100\n|move|p1a: Farigiraf|Dazzling Gleam|p2a: Incineroar|[spread] p2a,p2b\n|-damage|p2a: Incineroar|40/100\n|-damage|p2b: Floette|91/100\n|-enditem|p2a: Incineroar|Sitrus Berry|[eat]\n|-heal|p2a: Incineroar|65/100|[from] item: Sitrus Berry\n|move|p2a: Incineroar|Parting Shot|p1b: Froslass\n|-activate|p1b: Froslass|move: Protect\n|\n|-weather|Snowscape|[upkeep]\n|upkeep\n|turn|4\n|inactive|srpelea has 30 seconds left.\n|\n|t:|1776304165\n|move|p1b: Froslass|Blizzard|p2a: Incineroar|[spread] p2a,p2b\n|-resisted|p2a: Incineroar|1\n|-damage|p2a: Incineroar|46/100\n|-damage|p2b: Floette|70/100\n|-status|p2b: Floette|frz\n|cant|p2b: Floette|frz\n|move|p1a: Farigiraf|Dazzling Gleam|p2a: Incineroar|[spread] p2a,p2b\n|-damage|p2a: Incineroar|27/100\n|-damage|p2b: Floette|60/100 frz\n|move|p2a: Incineroar|Parting Shot|p1b: Froslass\n|-unboost|p1b: Froslass|atk|1\n|-unboost|p1b: Froslass|spa|1\n|\n|t:|1776304180\n|switch|p2a: Kingambit|Kingambit, L50, F|100/100|[from] Parting Shot\n|\n|-weather|Snowscape|[upkeep]\n|upkeep\n|turn|5\n|\n|t:|1776304193\n|switch|p1b: Scizor|Scizor, L50, M|94/100 brn\n|move|p1a: Farigiraf|Protect|p1a: Farigiraf\n|-singleturn|p1a: Farigiraf|Protect\n|cant|p2b: Floette|frz\n|move|p2a: Kingambit|Kowtow Cleave|p1b: Scizor\n|-damage|p1b: Scizor|37/100 brn\n|\n|-weather|Snowscape|[upkeep]\n|-damage|p1b: Scizor|31/100 brn|[from] brn\n|-sideend|p1: Mister_Buffalo|move: Light Screen\n|upkeep\n|turn|6\n|\n|t:|1776304212\n|switch|p2a: Incineroar|Incineroar, L50, M|27/100\n|-ability|p2a: Incineroar|Intimidate|boost\n|-unboost|p1a: Farigiraf|atk|1\n|-unboost|p1b: Scizor|atk|1\n|move|p1b: Scizor|Close Combat|p2a: Incineroar\n|-supereffective|p2a: Incineroar|1\n|-damage|p2a: Incineroar|6/100\n|-unboost|p1b: Scizor|def|1\n|-unboost|p1b: Scizor|spd|1\n|-curestatus|p2b: Floette|frz|[msg]\n|move|p2b: Floette|Dazzling Gleam|p1b: Scizor|[spread] p1a,p1b\n|-resisted|p1b: Scizor|1\n|-damage|p1a: Farigiraf|4/100\n|-damage|p1b: Scizor|0 fnt\n|faint|p1b: Scizor\n|move|p1a: Farigiraf|Dazzling Gleam|p2a: Incineroar|[spread] p2a,p2b\n|-damage|p2a: Incineroar|0 fnt\n|-damage|p2b: Floette|50/100\n|faint|p2a: Incineroar\n|\n|-weather|Snowscape|[upkeep]\n|upkeep\n|\n|t:|1776304234\n|switch|p1b: Corviknight|Corviknight, L50, F|100/100\n|switch|p2a: Kingambit|Kingambit, L50, F|100/100\n|turn|7\n|\n|t:|1776304253\n|move|p1a: Farigiraf|Protect|p1a: Farigiraf\n|-singleturn|p1a: Farigiraf|Protect\n|move|p2a: Kingambit|Protect|p2a: Kingambit\n|-singleturn|p2a: Kingambit|Protect\n|move|p2b: Floette|Dazzling Gleam|p1a: Farigiraf|[spread] p1b\n|-activate|p1a: Farigiraf|move: Protect\n|-resisted|p1b: Corviknight|1\n|-damage|p1b: Corviknight|63/100\n|move|p1b: Corviknight|Tailwind|p1b: Corviknight\n|-sidestart|p1: Mister_Buffalo|move: Tailwind\n|\n|-weather|none\n|upkeep\n|turn|8\n|\n|t:|1776304275\n|switch|p2a: Sneasler|Sneasler, L50, F|100/100\n|move|p1b: Corviknight|Body Press|p2a: Sneasler\n|-resisted|p2a: Sneasler|1\n|-damage|p2a: Sneasler|80/100\n|move|p1a: Farigiraf|Light Screen|p1a: Farigiraf\n|-sidestart|p1: Mister_Buffalo|move: Light Screen\n|move|p2b: Floette|Draining Kiss|p1b: Corviknight\n|-resisted|p1b: Corviknight|1\n|-damage|p1b: Corviknight|39/100\n|-heal|p2b: Floette|68/100|[from] drain|[of] p1b: Corviknight\n|\n|upkeep\n|turn|9\n|\n|t:|1776304291\n|move|p1a: Farigiraf|Protect|p1a: Farigiraf\n|-singleturn|p1a: Farigiraf|Protect\n|move|p2a: Sneasler|Protect|p2a: Sneasler\n|-singleturn|p2a: Sneasler|Protect\n|move|p1b: Corviknight|Roost|p1b: Corviknight\n|-heal|p1b: Corviknight|90/100\n|-singleturn|p1b: Corviknight|move: Roost\n|move|p2b: Floette|Dazzling Gleam|p1a: Farigiraf|[spread] p1b\n|-activate|p1a: Farigiraf|move: Protect\n|-resisted|p1b: Corviknight|1\n|-damage|p1b: Corviknight|60/100\n|\n|upkeep\n|turn|10\n|\n|t:|1776304315\n|move|p1b: Corviknight|Body Press|p2a: Sneasler\n|-resisted|p2a: Sneasler|1\n|-damage|p2a: Sneasler|58/100\n|move|p1a: Farigiraf|Psychic|p2a: Sneasler\n|-supereffective|p2a: Sneasler|2\n|-damage|p2a: Sneasler|0 fnt\n|faint|p2a: Sneasler\n|move|p2b: Floette|Draining Kiss|p1b: Corviknight\n|-resisted|p1b: Corviknight|1\n|-damage|p1b: Corviknight|37/100\n|-heal|p2b: Floette|85/100|[from] drain|[of] p1b: Corviknight\n|\n|-sideend|p1: Mister_Buffalo|move: Tailwind\n|upkeep\n|\n|t:|1776304331\n|switch|p2a: Kingambit|Kingambit, L50, F|100/100\n|turn|11\n|\n|t:|1776304339\n|move|p1a: Farigiraf|Protect|p1a: Farigiraf\n|-singleturn|p1a: Farigiraf|Protect\n|move|p2b: Floette|Dazzling Gleam|p1a: Farigiraf|[spread] p1b\n|-activate|p1a: Farigiraf|move: Protect\n|-resisted|p1b: Corviknight|1\n|-damage|p1b: Corviknight|13/100\n|move|p1b: Corviknight|Roost|p1b: Corviknight\n|-heal|p1b: Corviknight|63/100\n|-singleturn|p1b: Corviknight|move: Roost\n|move|p2a: Kingambit|Kowtow Cleave|p1b: Corviknight\n|-damage|p1b: Corviknight|28/100\n|\n|upkeep\n|turn|12\n|inactive|Mister_Buffalo has 30 seconds left.\n|\n|t:|1776304366\n|switch|p1a: Froslass|Froslass-Mega, L50, F|100/100\n|-weather|Snowscape|[from] ability: Snow Warning|[of] p1a: Froslass\n|move|p2a: Kingambit|Protect|p2a: Kingambit\n|-singleturn|p2a: Kingambit|Protect\n|move|p2b: Floette|Dazzling Gleam|p1b: Corviknight|[spread] p1a,p1b\n|-resisted|p1b: Corviknight|1\n|-damage|p1a: Froslass|39/100\n|-damage|p1b: Corviknight|3/100\n|move|p1b: Corviknight|Tailwind|p1b: Corviknight\n|-sidestart|p1: Mister_Buffalo|move: Tailwind\n|\n|-weather|Snowscape|[upkeep]\n|-sideend|p1: Mister_Buffalo|move: Light Screen\n|upkeep\n|turn|13\n|\n|t:|1776304391\n|move|p2a: Kingambit|Sucker Punch|p1a: Froslass\n|-supereffective|p1a: Froslass|1\n|-damage|p1a: Froslass|0 fnt\n|faint|p1a: Froslass\n|move|p1b: Corviknight|Body Press|p2a: Kingambit\n|-supereffective|p2a: Kingambit|2\n|-damage|p2a: Kingambit|27/100\n|move|p2b: Floette|Dazzling Gleam|p1b: Corviknight\n|-resisted|p1b: Corviknight|1\n|-damage|p1b: Corviknight|0 fnt\n|faint|p1b: Corviknight\n|\n|-weather|Snowscape|[upkeep]\n|upkeep\n|-message|Mister_Buffalo forfeited.\n|\n|win|srpelea\n|raw|Mister_Buffalo's rating: 1129 &rarr; <strong>1104</strong><br />(-25 for losing)\n|raw|srpelea's rating: 1135 &rarr; <strong>1160</strong><br />(+25 for winning)\n|l|\u2606Mister_Buffalo\n|player|p1|\n",
  "uploadtime": 1776304417,
  "views": 20,
  "formatid": "gen9championsvgc2026regma",
  "rating": 1104,
  "private": 0,
  "password": null
}