{
  "id": "gen9championsvgc2026regma-2584259873",
  "format": "[Gen 9 Champions] VGC 2026 Reg M-A",
  "players": [
    "starburst48763",
    "SpareMePlz"
  ],
  "log": "|j|\u2606starburst48763\n|j|\u2606SpareMePlz\n|t:|1776244313\n|gametype|doubles\n|player|p1|starburst48763|101|\n|player|p2|SpareMePlz|169|\n|gen|9\n|tier|[Gen 9 Champions] VGC 2026 Reg M-A\n|rule|Species Clause: Limit one of each Pok\u00e9mon\n|rule|Item Clause: Limit 1 of each item\n|clearpoke\n|poke|p1|Gardevoir, L50, M|\n|poke|p1|Incineroar, L50, F|\n|poke|p1|Sneasler, L50, F|\n|poke|p1|Sinistcha-Masterpiece, L50|\n|poke|p1|Rotom-Wash, L50|\n|poke|p1|Garchomp, L50, F|\n|poke|p2|Heracross, L50, F|\n|poke|p2|Talonflame, L50, F|\n|poke|p2|Kingambit, L50, M|\n|poke|p2|Araquanid, L50, M|\n|poke|p2|Sinistcha, L50|\n|poke|p2|Arcanine-Hisui, L50, F|\n|teampreview|4\n|\n|t:|1776244356\n|teamsize|p1|4\n|teamsize|p2|4\n|start\n|switch|p1a: Rotom|Rotom-Wash, L50|100/100\n|switch|p1b: Sneasler|Sneasler, L50, F|100/100\n|switch|p2a: Talonflame|Talonflame, L50, F|100/100\n|switch|p2b: Kingambit|Kingambit, L50, M|100/100\n|turn|1\n|\n|t:|1776244377\n|switch|p2b: Heracross|Heracross, L50, F|100/100\n|move|p2a: Talonflame|Upper Hand|p1b: Sneasler\n|-resisted|p1b: Sneasler|1\n|-damage|p1b: Sneasler|87/100\n|cant|p1b: Sneasler|flinch\n|move|p1a: Rotom|Will-O-Wisp|p2b: Heracross\n|-status|p2b: Heracross|brn\n|\n|-damage|p2b: Heracross|95/100 brn|[from] brn\n|upkeep\n|turn|2\n|j| Glaceon0404\n|\n|t:|1776244404\n|switch|p1b: Gardevoir|Gardevoir, L50, M|100/100\n|-ability|p1b: Gardevoir|Flame Body|Trace|[from] ability: Trace|[of] p2a: Talonflame\n|detailschange|p2b: Heracross|Heracross-Mega, L50, F\n|-mega|p2b: Heracross|Heracross|Heracronite\n|move|p2a: Talonflame|Tailwind|p2a: Talonflame\n|-sidestart|p2: SpareMePlz|move: Tailwind\n|move|p2b: Heracross|Rock Blast|p1b: Gardevoir\n|-damage|p1b: Gardevoir|94/100\n|-damage|p1b: Gardevoir|88/100\n|-damage|p1b: Gardevoir|81/100\n|-damage|p1b: Gardevoir|74/100\n|-damage|p1b: Gardevoir|67/100\n|-hitcount|p1b: Gardevoir|5\n|move|p1a: Rotom|Thunderbolt|p2a: Talonflame\n|-supereffective|p2a: Talonflame|1\n|-enditem|p2a: Talonflame|Focus Sash\n|-damage|p2a: Talonflame|1/100\n|-status|p2a: Talonflame|par\n|\n|-damage|p2b: Heracross|89/100 brn|[from] brn\n|upkeep\n|turn|3\n|j| MadaHayai\n|j| winsomelosealot\n|\n|t:|1776244437\n|switch|p2b: Kingambit|Kingambit, L50, M|100/100\n|switch|p1a: Sinistcha|Sinistcha-Masterpiece, L50|100/100\n|-heal|p1b: Gardevoir|92/100|[from] ability: Hospitality|[of] p1a: Sinistcha\n|move|p1b: Gardevoir|Protect|p1b: Gardevoir\n|-singleturn|p1b: Gardevoir|Protect\n|move|p2a: Talonflame|Dual Wingbeat|p1b: Gardevoir\n|-activate|p1b: Gardevoir|move: Protect\n|\n|upkeep\n|turn|4\n|j| Oguri_sora\n|j| boony0301\n|\n|t:|1776244478\n|switch|p2b: Araquanid|Araquanid, L50, M|100/100\n|detailschange|p1b: Gardevoir|Gardevoir-Mega, L50, M\n|-mega|p1b: Gardevoir|Gardevoir|Gardevoirite\n|move|p1a: Sinistcha|Rage Powder|p1a: Sinistcha\n|-singleturn|p1a: Sinistcha|move: Rage Powder\n|move|p2a: Talonflame|Dual Wingbeat|p1a: Sinistcha\n|-supereffective|p1a: Sinistcha|1\n|-damage|p1a: Sinistcha|74/100\n|-supereffective|p1a: Sinistcha|1\n|-damage|p1a: Sinistcha|49/100\n|-enditem|p1a: Sinistcha|Sitrus Berry|[eat]\n|-heal|p1a: Sinistcha|74/100|[from] item: Sitrus Berry\n|-hitcount|p1a: Sinistcha|2\n|move|p1b: Gardevoir|Hyper Voice|p2a: Talonflame|[spread] p2a,p2b\n|-resisted|p2a: Talonflame|1\n|-damage|p2a: Talonflame|0 fnt\n|-damage|p2b: Araquanid|66/100\n|faint|p2a: Talonflame\n|\n|-heal|p2b: Araquanid|71/100|[from] item: Leftovers\n|upkeep\n|\n|t:|1776244498\n|switch|p2a: Kingambit|Kingambit, L50, M|100/100\n|turn|5\n|l| Glaceon0404\n|\n|t:|1776244517\n|switch|p1a: Rotom|Rotom-Wash, L50|100/100\n|move|p1b: Gardevoir|Protect|p1b: Gardevoir\n|-singleturn|p1b: Gardevoir|Protect\n|move|p2b: Araquanid|Wide Guard|p2b: Araquanid\n|-singleturn|p2b: Araquanid|Wide Guard\n|move|p2a: Kingambit|Throat Chop|p1b: Gardevoir\n|-activate|p1b: Gardevoir|move: Protect\n|\n|-heal|p2b: Araquanid|77/100|[from] item: Leftovers\n|-sideend|p2: SpareMePlz|move: Tailwind\n|upkeep\n|turn|6\n|j| Glaceon0404\n|c| winsomelosealot|mega\u7368\u89d2\u4ed9\n|c| winsomelosealot|\u597d\u9177\n|\n|t:|1776244566\n|move|p2a: Kingambit|Sucker Punch|p1a: Rotom\n|-damage|p1a: Rotom|52/100\n|move|p1b: Gardevoir|Psyshock|p2b: Araquanid\n|-damage|p2b: Araquanid|30/100\n|move|p1a: Rotom|Thunderbolt|p2a: Kingambit\n|-damage|p2a: Kingambit|56/100\n|move|p2b: Araquanid|Liquidation|p1b: Gardevoir\n|-damage|p1b: Gardevoir|37/100\n|\n|-heal|p2b: Araquanid|36/100|[from] item: Leftovers\n|upkeep\n|turn|7\n|j| Real_Utopias\n|\n|t:|1776244617\n|switch|p1b: Sinistcha|Sinistcha-Masterpiece, L50|74/100\n|-heal|p1a: Rotom|77/100|[from] ability: Hospitality|[of] p1b: Sinistcha\n|move|p1a: Rotom|Hydro Pump|p2a: Kingambit\n|-damage|p2a: Kingambit|0 fnt\n|faint|p2a: Kingambit\n|move|p2b: Araquanid|Liquidation|p1b: Sinistcha\n|-resisted|p1b: Sinistcha|1\n|-damage|p1b: Sinistcha|54/100\n|\n|-heal|p2b: Araquanid|42/100|[from] item: Leftovers\n|upkeep\n|\n|t:|1776244630\n|switch|p2a: Heracross|Heracross-Mega, L50, F|89/100 brn\n|turn|8\n|\n|t:|1776244641\n|move|p1b: Sinistcha|Rage Powder|p1b: Sinistcha\n|-singleturn|p1b: Sinistcha|move: Rage Powder\n|move|p1a: Rotom|Thunderbolt|p2b: Araquanid\n|-supereffective|p2b: Araquanid|1\n|-damage|p2b: Araquanid|0 fnt\n|faint|p2b: Araquanid\n|move|p2a: Heracross|Pin Missile|p1b: Sinistcha\n|-damage|p1b: Sinistcha|47/100\n|-damage|p1b: Sinistcha|40/100\n|-damage|p1b: Sinistcha|32/100\n|-damage|p1b: Sinistcha|25/100\n|-damage|p1b: Sinistcha|16/100\n|-hitcount|p1b: Sinistcha|5\n|\n|-damage|p2a: Heracross|83/100 brn|[from] brn\n|upkeep\n|turn|9\n|l| Glaceon0404\n|\n|t:|1776244663\n|move|p1b: Sinistcha|Protect|p1b: Sinistcha\n|-singleturn|p1b: Sinistcha|Protect\n|move|p1a: Rotom|Hydro Pump|p2a: Heracross\n|-damage|p2a: Heracross|32/100 brn\n|move|p2a: Heracross|Pin Missile|p1b: Sinistcha\n|-activate|p1b: Sinistcha|move: Protect\n|\n|-damage|p2a: Heracross|26/100 brn|[from] brn\n|upkeep\n|turn|10\n|\n|t:|1776244679\n|move|p1a: Rotom|Thunderbolt|p2a: Heracross\n|-damage|p2a: Heracross|0 fnt\n|faint|p2a: Heracross\n|\n|win|starburst48763\n",
  "uploadtime": 1776244681,
  "views": 32,
  "formatid": "gen9championsvgc2026regma",
  "rating": null,
  "private": 0,
  "password": null
}