{
  "id": "gen9championsvgc2026regma-2581251934",
  "format": "[Gen 9 Champions] VGC 2026 Reg M-A",
  "players": [
    "I\u2764\ufe0f\u5a1c\u7984Forever",
    "chromate"
  ],
  "log": "|j|\u2606I\u2764\ufe0f\u5a1c\u7984Forever\n|j|\u2606chromate\n|t:|1775976542\n|gametype|doubles\n|player|p1|I\u2764\ufe0f\u5a1c\u7984Forever|youngcouple-gen4dp|\n|player|p2|chromate|miku-ghost|\n|gen|9\n|tier|[Gen 9 Champions] VGC 2026 Reg M-A\n|rated|Tournament battle\n|rule|Species Clause: Limit one of each Pok\u00e9mon\n|rule|Item Clause: Limit 1 of each item\n|clearpoke\n|poke|p1|Tyranitar, L50, M|\n|poke|p1|Milotic, L50, M|\n|poke|p1|Sylveon, L50, F|\n|poke|p1|Zoroark-Hisui, L50, M|\n|poke|p1|Excadrill, L50, F|\n|poke|p1|Wyrdeer, L50, M|\n|poke|p2|Delphox, L50, F|\n|poke|p2|Tyranitar, L50, M|\n|poke|p2|Excadrill, L50, M|\n|poke|p2|Sneasler, L50, M|\n|poke|p2|Rotom-Mow, L50|\n|poke|p2|Milotic, L50, M|\n|teampreview|4\n|j| Shlurrrb\n|j| uhhncertain\n|j| updoggington\nchromate has agreed to open team sheets.\n|j| pegabeavercorn\n|\n|t:|1775976562\n|teamsize|p1|4\n|teamsize|p2|4\n|start\n|switch|p1a: Milotic|Milotic, L50, M|100/100\n|switch|p1b: Neko Neko.NeNe|Sylveon, L50, F|100/100\n|switch|p2a: Rotom|Rotom-Mow, L50|100/100\n|switch|p2b: Milotic|Milotic, L50, M|100/100\n|turn|1\n|\n|t:|1775976575\n|move|p2b: Milotic|Scald|p1b: Neko Neko.NeNe\n|-damage|p1b: Neko Neko.NeNe|74/100\n|-status|p1b: Neko Neko.NeNe|brn\n|move|p2a: Rotom|Leaf Storm|p1a: Milotic\n|-supereffective|p1a: Milotic|1\n|-damage|p1a: Milotic|22/100\n|-unboost|p2a: Rotom|spa|2\n|move|p1a: Milotic|Substitute|p1a: Milotic\n|-fail|p1a: Milotic|move: Substitute|[weak]\n|move|p1b: Neko Neko.NeNe|Hyper Voice|p2a: Rotom|[spread] p2a,p2b\n|-damage|p2a: Rotom|46/100\n|-damage|p2b: Milotic|68/100\n|-enditem|p2a: Rotom|Sitrus Berry|[eat]\n|-heal|p2a: Rotom|71/100|[from] item: Sitrus Berry\n|\n|-heal|p2b: Milotic|74/100|[from] item: Leftovers\n|-heal|p1a: Milotic|28/100|[from] item: Leftovers\n|-damage|p1b: Neko Neko.NeNe|68/100 brn|[from] brn\n|upkeep\n|turn|2\n|j| khungcanh\n|j| Daffarkfth\n|j| AlienXotic\n|\n|t:|1775976600\n|move|p1a: Milotic|Protect|p1a: Milotic\n|-singleturn|p1a: Milotic|Protect\n|move|p2b: Milotic|Scald|p1b: Neko Neko.NeNe\n|-damage|p1b: Neko Neko.NeNe|45/100 brn\n|move|p2a: Rotom|Leaf Storm|p1a: Milotic\n|-activate|p1a: Milotic|move: Protect\n|move|p1b: Neko Neko.NeNe|Hyper Voice|p2a: Rotom|[spread] p2a,p2b\n|-damage|p2a: Rotom|15/100\n|-damage|p2b: Milotic|37/100\n|\n|-heal|p2b: Milotic|43/100|[from] item: Leftovers\n|-heal|p1a: Milotic|35/100|[from] item: Leftovers\n|-damage|p1b: Neko Neko.NeNe|38/100 brn|[from] brn\n|upkeep\n|turn|3\n|\n|t:|1775976618\n|switch|p1a: Excadrill|Excadrill, L50, F|100/100\n|move|p2b: Milotic|Recover|p2b: Milotic\n|-heal|p2b: Milotic|93/100\n|move|p2a: Rotom|Leaf Storm|p1a: Excadrill\n|-damage|p1a: Excadrill|60/100\n|-unboost|p2a: Rotom|spa|2\n|move|p1b: Neko Neko.NeNe|Hyper Voice|p2b: Milotic|[spread] p2a,p2b\n|-damage|p2a: Rotom|0 fnt\n|-damage|p2b: Milotic|59/100\n|faint|p2a: Rotom\n|\n|-heal|p2b: Milotic|65/100|[from] item: Leftovers\n|-damage|p1b: Neko Neko.NeNe|32/100 brn|[from] brn\n|upkeep\n|\n|t:|1775976625\n|switch|p2a: Delphox|Delphox, L50, F|100/100\n|turn|4\n|j| mynamegrassgreen\n|j| Kapu lelelelele\n|\n|t:|1775976645\n|switch|p1b: Milotic|Milotic, L50, M|35/100\n|detailschange|p2a: Delphox|Delphox-Mega, L50, F\n|-mega|p2a: Delphox|Delphox|Delphoxite\n|move|p1a: Excadrill|Rock Slide|p2a: Delphox|[spread] p2a,p2b\n|-supereffective|p2a: Delphox|1\n|-damage|p2a: Delphox|44/100\n|-damage|p2b: Milotic|48/100\n|move|p2a: Delphox|Heat Wave|p1b: Milotic|[spread] p1a,p1b\n|-supereffective|p1a: Excadrill|1\n|-resisted|p1b: Milotic|1\n|-crit|p1b: Milotic\n|-damage|p1a: Excadrill|0 fnt\n|-damage|p1b: Milotic|13/100\n|faint|p1a: Excadrill\n|cant|p2b: Milotic|flinch\n|\n|-heal|p2b: Milotic|53/100|[from] item: Leftovers\n|-heal|p1b: Milotic|20/100|[from] item: Leftovers\n|upkeep\n|l| Kapu lelelelele\n|\n|t:|1775976663\n|switch|p1a: Tyranitar|Tyranitar, L50, M|100/100\n|-weather|Sandstorm|[from] ability: Sand Stream|[of] p1a: Tyranitar\n|turn|5\n|j|+TheSaxlad\n|c| mynamegrassgreen|Slow af fox\n|c|\u2606chromate|that's choice scarf drill\n|\n|t:|1775976680\n|detailschange|p1a: Tyranitar|Tyranitar-Mega, L50, M\n|-mega|p1a: Tyranitar|Tyranitar|Tyranitarite\n|move|p2a: Delphox|Psychic|p1b: Milotic\n|-damage|p1b: Milotic|0 fnt\n|faint|p1b: Milotic\n|move|p2b: Milotic|Recover|p2b: Milotic\n|-heal|p2b: Milotic|100/100\n|move|p1a: Tyranitar|Rock Slide|p2b: Milotic|[spread] p2a,p2b\n|-supereffective|p2a: Delphox|1\n|-damage|p2a: Delphox|0 fnt\n|-damage|p2b: Milotic|65/100\n|faint|p2a: Delphox\n|\n|-weather|Sandstorm|[upkeep]\n|-damage|p2b: Milotic|59/100|[from] Sandstorm\n|-heal|p2b: Milotic|65/100|[from] item: Leftovers\n|upkeep\n|\n|t:|1775976689\n|switch|p2a: Sneasler|Sneasler, L50, M|100/100\n|switch|p1b: Neko Neko.NeNe|Sylveon, L50, F|32/100 brn\n|turn|6\n|c| mynamegrassgreen|Ohhh\n|\n|t:|1775976698\n|move|p1a: Tyranitar|Protect|p1a: Tyranitar\n|-singleturn|p1a: Tyranitar|Protect\n|move|p1b: Neko Neko.NeNe|Protect|p1b: Neko Neko.NeNe\n|-singleturn|p1b: Neko Neko.NeNe|Protect\n|move|p2a: Sneasler|Dire Claw|p1b: Neko Neko.NeNe\n|-activate|p1b: Neko Neko.NeNe|move: Protect\n|move|p2b: Milotic|Scald|p1a: Tyranitar\n|-activate|p1a: Tyranitar|move: Protect\n|\n|-weather|Sandstorm|[upkeep]\n|-damage|p2a: Sneasler|95/100|[from] Sandstorm\n|-damage|p2b: Milotic|59/100|[from] Sandstorm\n|-damage|p1b: Neko Neko.NeNe|26/100 brn|[from] Sandstorm\n|-heal|p2b: Milotic|65/100|[from] item: Leftovers\n|-damage|p1b: Neko Neko.NeNe|20/100 brn|[from] brn\n|upkeep\n|turn|7\n|\n|t:|1775976719\n|move|p2a: Sneasler|Close Combat|p1a: Tyranitar\n|-supereffective|p1a: Tyranitar|2\n|-damage|p1a: Tyranitar|0 fnt\n|-unboost|p2a: Sneasler|def|1\n|-unboost|p2a: Sneasler|spd|1\n|faint|p1a: Tyranitar\n|-enditem|p2a: Sneasler|White Herb\n|-clearnegativeboost|p2a: Sneasler|[silent]\n|move|p2b: Milotic|Scald|p1b: Neko Neko.NeNe\n|-damage|p1b: Neko Neko.NeNe|0 fnt\n|faint|p1b: Neko Neko.NeNe\n|\n|win|chromate\n|n|\u2606I\u2764\ufe0f\u5a1c\u7984Forever|iforever\n|n|\u2606chromate|chromate\n|n| Shlurrrb|shlurrrb\n|n| uhhncertain|uhhncertain\n|n| updoggington|updoggington\n|n| pegabeavercorn|pegabeavercorn\n|n| khungcanh|khungcanh\n|n| Daffarkfth|daffarkfth\n|n| AlienXotic|alienxotic\n|n| mynamegrassgreen|mynamegrassgreen\n|n| TheSaxlad|thesaxlad\n",
  "uploadtime": 1775976719,
  "views": 16,
  "formatid": "gen9championsvgc2026regma",
  "rating": null,
  "private": 0,
  "password": null
}