{
  "id": "gen9championsvgc2026regma-2586923920",
  "format": "[Gen 9 Champions] VGC 2026 Reg M-A",
  "players": [
    "FlorenceTheThief",
    "blssd7"
  ],
  "log": "|j|\u2606FlorenceTheThief\n|j|\u2606blssd7\n|t:|1776472258\n|gametype|doubles\n|player|p1|FlorenceTheThief|candice|1025\n|player|p2|blssd7|veteran|1039\n|gen|9\n|tier|[Gen 9 Champions] VGC 2026 Reg M-A\n|rated|\n|rule|Species Clause: Limit one of each Pok\u00e9mon\n|rule|Item Clause: Limit 1 of each item\n|clearpoke\n|poke|p1|Oranguru, L50, F|\n|poke|p1|Tinkaton, L50, F|\n|poke|p1|Tyranitar, L50, M|\n|poke|p1|Rotom-Wash, L50|\n|poke|p1|Sneasler, L50, M|\n|poke|p1|Skeledirge, L50, M|\n|poke|p2|Gengar, L50, F|\n|poke|p2|Corviknight, L50, F|\n|poke|p2|Kingambit, L50, F|\n|poke|p2|Primarina, L50, F|\n|poke|p2|Incineroar, L50, F|\n|poke|p2|Garchomp, L50, M|\n|teampreview|4\n|\n|t:|1776472270\n|teamsize|p1|4\n|teamsize|p2|4\n|start\n|switch|p1a: Oranguru|Oranguru, L50, F|100/100\n|switch|p1b: Skeledirge|Skeledirge, L50, M|100/100\n|switch|p2a: Garchomp|Garchomp, L50, M|100/100\n|switch|p2b: Corviknight|Corviknight, L50, F|100/100\n|turn|1\n|\n|t:|1776472289\n|move|p1b: Skeledirge|Protect|p1b: Skeledirge\n|-singleturn|p1b: Skeledirge|Protect\n|move|p2a: Garchomp|Rock Slide|p1b: Skeledirge|[spread] p1a\n|-activate|p1b: Skeledirge|move: Protect\n|-damage|p1a: Oranguru|81/100\n|move|p2b: Corviknight|Body Press|p1a: Oranguru\n|-damage|p1a: Oranguru|53/100\n|move|p1a: Oranguru|Trick Room|p1a: Oranguru\n|-fieldstart|move: Trick Room|[of] p1a: Oranguru\n|\n|upkeep\n|turn|2\n|\n|t:|1776472312\n|switch|p2b: Primarina|Primarina, L50, F|100/100\n|move|p1a: Oranguru|Instruct|p1b: Skeledirge\n|-singleturn|p1b: Skeledirge|move: Instruct|[of] p1a: Oranguru\n|move|p1b: Skeledirge|Protect|p1b: Skeledirge\n|-singleturn|p1b: Skeledirge|Protect\n|move|p1b: Skeledirge|Torch Song|p2b: Primarina\n|-resisted|p2b: Primarina|1\n|-damage|p2b: Primarina|86/100\n|-boost|p1b: Skeledirge|spa|1\n|move|p2a: Garchomp|Rock Slide|p1a: Oranguru|[spread] \n|-activate|p1b: Skeledirge|move: Protect\n|-miss|p2a: Garchomp|p1a: Oranguru\n|\n|upkeep\n|turn|3\n|\n|t:|1776472338\n|move|p1a: Oranguru|Instruct|p1b: Skeledirge\n|-singleturn|p1b: Skeledirge|move: Instruct|[of] p1a: Oranguru\n|move|p1b: Skeledirge|Torch Song|p2b: Primarina\n|-resisted|p2b: Primarina|1\n|-damage|p2b: Primarina|64/100\n|-boost|p1b: Skeledirge|spa|1\n|move|p1b: Skeledirge|Torch Song|p2a: Garchomp\n|-resisted|p2a: Garchomp|1\n|-damage|p2a: Garchomp|62/100\n|-boost|p1b: Skeledirge|spa|1\n|move|p2b: Primarina|Calm Mind|p2b: Primarina\n|-boost|p2b: Primarina|spa|1\n|-boost|p2b: Primarina|spd|1\n|move|p2a: Garchomp|Rock Slide|p1a: Oranguru|[spread] p1a\n|-miss|p2a: Garchomp|p1b: Skeledirge\n|-damage|p1a: Oranguru|33/100\n|-enditem|p1a: Oranguru|Sitrus Berry|[eat]\n|-heal|p1a: Oranguru|58/100|[from] item: Sitrus Berry\n|\n|upkeep\n|turn|4\n|\n|t:|1776472376\n|switch|p2a: Corviknight|Corviknight, L50, F|100/100\n|move|p1a: Oranguru|Instruct|p1b: Skeledirge\n|-singleturn|p1b: Skeledirge|move: Instruct|[of] p1a: Oranguru\n|move|p1b: Skeledirge|Torch Song|p2a: Corviknight\n|-supereffective|p2a: Corviknight|1\n|-damage|p2a: Corviknight|0 fnt\n|-boost|p1b: Skeledirge|spa|1\n|faint|p2a: Corviknight\n|move|p1b: Skeledirge|Torch Song|p2b: Primarina\n|-resisted|p2b: Primarina|1\n|-damage|p2b: Primarina|14/100\n|-boost|p1b: Skeledirge|spa|1\n|move|p2b: Primarina|Hyper Voice|p1b: Skeledirge|[spread] p1a,p1b\n|-supereffective|p1b: Skeledirge|1\n|-damage|p1a: Oranguru|29/100\n|-damage|p1b: Skeledirge|19/100\n|\n|-heal|p1b: Skeledirge|25/100|[from] item: Leftovers\n|upkeep\n|\n|t:|1776472394\n|switch|p2a: Garchomp|Garchomp, L50, M|62/100\n|turn|5\n|\n|t:|1776472406\n|switch|p1a: Sneasler|Sneasler, L50, M|100/100\n|-ability|p1a: Sneasler|Pressure\n|move|p1b: Skeledirge|Protect|p1b: Skeledirge\n|-singleturn|p1b: Skeledirge|Protect\n|move|p2b: Primarina|Protect|p2b: Primarina\n|-singleturn|p2b: Primarina|Protect\n|move|p2a: Garchomp|Protect||[still]\n|-fail|p2a: Garchomp\n|\n|-heal|p1b: Skeledirge|31/100|[from] item: Leftovers\n|-fieldend|move: Trick Room\n|upkeep\n|turn|6\n|\n|t:|1776472427\n|switch|p2a: Gengar|Gengar, L50, F|100/100\n|switch|p1b: Tinkaton|Tinkaton, L50, F|100/100\n|-ability|p1b: Tinkaton|Mold Breaker\n|move|p1a: Sneasler|Fake Out|p2b: Primarina\n|-damage|p2b: Primarina|0 fnt\n|faint|p2b: Primarina\n|\n|upkeep\n|\n|t:|1776472436\n|switch|p2b: Garchomp|Garchomp, L50, M|62/100\n|turn|7\n|\n|t:|1776472451\n|detailschange|p2a: Gengar|Gengar-Mega, L50, F\n|-mega|p2a: Gengar|Gengar|Gengarite\n|move|p2a: Gengar|Protect|p2a: Gengar\n|-singleturn|p2a: Gengar|Protect\n|move|p2b: Garchomp|Earthquake|p1a: Sneasler|[spread] p1a,p1b\n|-activate|p2a: Gengar|move: Protect\n|-supereffective|p1a: Sneasler|1\n|-supereffective|p1b: Tinkaton|1\n|-damage|p1a: Sneasler|0 fnt\n|-damage|p1b: Tinkaton|7/100\n|faint|p1a: Sneasler\n|move|p1b: Tinkaton|Gigaton Hammer|p2a: Gengar\n|-activate|p2a: Gengar|move: Protect\n|\n|upkeep\n|\n|t:|1776472462\n|switch|p1a: Oranguru|Oranguru, L50, F|29/100\n|turn|8\n|\n|t:|1776472468\n|move|p1b: Tinkaton|Protect|p1b: Tinkaton\n|-singleturn|p1b: Tinkaton|Protect\n|move|p2b: Garchomp|Earthquake|p1b: Tinkaton|[spread] p2a,p1a\n|-activate|p1b: Tinkaton|move: Protect\n|-supereffective|p2a: Gengar|1\n|-damage|p2a: Gengar|0 fnt\n|-damage|p1a: Oranguru|0 fnt\n|faint|p2a: Gengar\n|faint|p1a: Oranguru\n|\n|upkeep\n|\n|t:|1776472476\n|switch|p1a: Skeledirge|Skeledirge, L50, M|31/100\n|turn|9\n|\n|t:|1776472486\n|move|p2b: Garchomp|Earthquake|p1a: Skeledirge|[spread] p1a,p1b\n|-supereffective|p1a: Skeledirge|1\n|-supereffective|p1b: Tinkaton|1\n|-damage|p1a: Skeledirge|0 fnt\n|-damage|p1b: Tinkaton|0 fnt\n|faint|p1a: Skeledirge\n|faint|p1b: Tinkaton\n|\n|win|blssd7\n|raw|FlorenceTheThief's rating: 1025 &rarr; <strong>1012</strong><br />(-13 for losing)\n|raw|blssd7's rating: 1039 &rarr; <strong>1072</strong><br />(+33 for winning)\n|c|\u2606FlorenceTheThief|gg\n",
  "uploadtime": 1776472493,
  "views": 24,
  "formatid": "gen9championsvgc2026regma",
  "rating": 1012,
  "private": 0,
  "password": null
}