{
  "id": "gen9championsvgc2026regma-2582010496",
  "format": "[Gen 9 Champions] VGC 2026 Reg M-A",
  "players": [
    "Daleg",
    "injuryreserv3"
  ],
  "log": "|j|\u2606Daleg\n|j|\u2606injuryreserv3\n|t:|1776048079\n|gametype|doubles\n|player|p1|Daleg|169|1336\n|player|p2|injuryreserv3|sabrina|1232\n|gen|9\n|tier|[Gen 9 Champions] VGC 2026 Reg M-A\n|rated|\n|rule|Species Clause: Limit one of each Pok\u00e9mon\n|rule|Item Clause: Limit 1 of each item\n|clearpoke\n|poke|p1|Archaludon, L50, F|\n|poke|p1|Basculegion, L50, M|\n|poke|p1|Pelipper, L50, F|\n|poke|p1|Kingambit, L50, M|\n|poke|p1|Incineroar, L50, F|\n|poke|p1|Victreebel, L50, F|\n|poke|p2|Sneasler, L50, M|\n|poke|p2|Basculegion, L50, M|\n|poke|p2|Charizard, L50, F|\n|poke|p2|Floette-Eternal, L50, F|\n|poke|p2|Incineroar, L50, M|\n|poke|p2|Venusaur, L50, M|\n|teampreview|4\n|inactive|Battle timer is ON: inactive players will automatically lose when time's up. (requested by injuryreserv3)\n|inactive|Daleg has 60 seconds left.\n|\n|t:|1776048140\n|teamsize|p1|4\n|teamsize|p2|4\n|start\n|switch|p1a: Incineroar|Incineroar, L50, F|100/100\n|switch|p1b: Basculegion|Basculegion, L50, M|100/100\n|switch|p2a: Charizard|Charizard, L50, F|100/100\n|switch|p2b: Incineroar|Incineroar, L50, M|100/100\n|-ability|p1a: Incineroar|Intimidate|boost\n|-unboost|p2a: Charizard|atk|1\n|-unboost|p2b: Incineroar|atk|1\n|-ability|p2b: Incineroar|Intimidate|boost\n|-unboost|p1a: Incineroar|atk|1\n|-unboost|p1b: Basculegion|atk|1\n|turn|1\n|\n|t:|1776048159\n|move|p2a: Charizard|Protect|p2a: Charizard\n|-singleturn|p2a: Charizard|Protect\n|move|p1a: Incineroar|Fake Out|p2a: Charizard\n|-activate|p2a: Charizard|move: Protect\n|move|p1b: Basculegion|Flip Turn|p2b: Incineroar\n|-supereffective|p2b: Incineroar|1\n|-crit|p2b: Incineroar\n|-damage|p2b: Incineroar|0 fnt\n|faint|p2b: Incineroar\n|\n|t:|1776048170\n|switch|p1b: Victreebel|Victreebel, L50, F|100/100|[from] Flip Turn\n|\n|upkeep\n|\n|t:|1776048176\n|switch|p2b: Basculegion|Basculegion, L50, M|100/100\n|turn|2\n|inactive|Daleg has 30 seconds left.\n|\n|t:|1776048201\n|detailschange|p2a: Charizard|Charizard-Mega-Y, L50, F\n|-mega|p2a: Charizard|Charizard|Charizardite Y\n|-weather|SunnyDay|[from] ability: Drought|[of] p2a: Charizard\n|move|p1b: Victreebel|Sleep Powder|p2a: Charizard\n|-status|p2a: Charizard|slp|[from] move: Sleep Powder\n|move|p2b: Basculegion|Last Respects|p1b: Victreebel\n|-crit|p1b: Victreebel\n|-damage|p1b: Victreebel|0 fnt\n|faint|p1b: Victreebel\n|cant|p2a: Charizard|slp\n|move|p1a: Incineroar|Parting Shot|p2a: Charizard\n|-unboost|p2a: Charizard|atk|1\n|-unboost|p2a: Charizard|spa|1\n|\n|t:|1776048216\n|switch|p1a: Pelipper|Pelipper, L50, F|100/100|[from] Parting Shot\n|-weather|RainDance|[from] ability: Drizzle|[of] p1a: Pelipper\n|\n|-weather|RainDance|[upkeep]\n|upkeep\n|\n|t:|1776048230\n|switch|p1b: Incineroar|Incineroar, L50, F|100/100\n|-ability|p1b: Incineroar|Intimidate|boost\n|-unboost|p2a: Charizard|atk|1\n|-unboost|p2b: Basculegion|atk|1\n|turn|3\n|\n|t:|1776048239\n|switch|p2a: Venusaur|Venusaur, L50, M|100/100\n|move|p2b: Basculegion|Last Respects|p1a: Pelipper\n|-damage|p1a: Pelipper|55/100\n|move|p1a: Pelipper|Tailwind|p1a: Pelipper\n|-sidestart|p1: Daleg|move: Tailwind\n|move|p1b: Incineroar|Darkest Lariat|p2b: Basculegion\n|-supereffective|p2b: Basculegion|1\n|-damage|p2b: Basculegion|13/100\n|\n|-weather|RainDance|[upkeep]\n|upkeep\n|turn|4\n|inactive|Daleg has 30 seconds left.\n|inactive|injuryreserv3 has 30 seconds left.\n|\n|t:|1776048273\n|move|p2b: Basculegion|Last Respects|p1a: Pelipper\n|-damage|p1a: Pelipper|14/100\n|-enditem|p1a: Pelipper|Sitrus Berry|[eat]\n|-heal|p1a: Pelipper|39/100|[from] item: Sitrus Berry\n|move|p1a: Pelipper|Hurricane|p2a: Venusaur\n|-supereffective|p2a: Venusaur|1\n|-enditem|p2a: Venusaur|Focus Sash\n|-damage|p2a: Venusaur|1/100\n|move|p1b: Incineroar|Flare Blitz|p2b: Basculegion\n|-resisted|p2b: Basculegion|1\n|-damage|p2b: Basculegion|0 fnt\n|faint|p2b: Basculegion\n|-damage|p1b: Incineroar|97/100|[from] Recoil\n|move|p2a: Venusaur|Sleep Powder|p1b: Incineroar\n|-status|p1b: Incineroar|slp|[from] move: Sleep Powder\n|\n|-weather|RainDance|[upkeep]\n|upkeep\n|\n|t:|1776048289\n|switch|p2b: Charizard|Charizard-Mega-Y, L50, F|100/100 slp\n|-weather|SunnyDay|[from] ability: Drought|[of] p2b: Charizard\n|turn|5\n|\n|t:|1776048311\n|switch|p1a: Basculegion|Basculegion, L50, M|100/100\n|move|p2a: Venusaur|Giga Drain|p1a: Basculegion\n|-supereffective|p1a: Basculegion|1\n|-damage|p1a: Basculegion|24/100\n|-heal|p2a: Venusaur|47/100|[from] drain|[of] p1a: Basculegion\n|cant|p2b: Charizard|slp\n|cant|p1b: Incineroar|slp\n|\n|-weather|SunnyDay|[upkeep]\n|upkeep\n|turn|6\n|inactive|Daleg has 30 seconds left.\n|\n|t:|1776048345\n|switch|p1b: Pelipper|Pelipper, L50, F|39/100\n|-weather|RainDance|[from] ability: Drizzle|[of] p1b: Pelipper\n|move|p2a: Venusaur|Protect|p2a: Venusaur\n|-singleturn|p2a: Venusaur|Protect\n|move|p1a: Basculegion|Last Respects|p2a: Venusaur\n|-activate|p2a: Venusaur|move: Protect\n|-curestatus|p2b: Charizard|slp|[msg]\n|move|p2b: Charizard|Scorching Sands|p1b: Pelipper\n|-immune|p1b: Pelipper\n|\n|-weather|RainDance|[upkeep]\n|-sideend|p1: Daleg|move: Tailwind\n|upkeep\n|turn|7\n|inactive|injuryreserv3 has 30 seconds left.\n|\n|t:|1776048380\n|move|p1a: Basculegion|Last Respects|p2a: Venusaur\n|-damage|p2a: Venusaur|0 fnt\n|faint|p2a: Venusaur\n|move|p2b: Charizard|Ancient Power|p1b: Pelipper\n|-supereffective|p1b: Pelipper|1\n|-damage|p1b: Pelipper|0 fnt\n|faint|p1b: Pelipper\n|\n|-weather|RainDance|[upkeep]\n|upkeep\n|\n|t:|1776048386\n|switch|p1b: Incineroar|Incineroar, L50, F|97/100 slp\n|-ability|p1b: Incineroar|Intimidate|boost\n|-unboost|p2b: Charizard|atk|1\n|turn|8\n|\n|t:|1776048400\n|cant|p1b: Incineroar|slp\n|move|p1a: Basculegion|Last Respects|p2b: Charizard\n|-damage|p2b: Charizard|0 fnt\n|faint|p2b: Charizard\n|\n|win|Daleg\n|raw|Daleg's rating: 1336 &rarr; <strong>1350</strong><br />(+14 for winning)\n|raw|injuryreserv3's rating: 1232 &rarr; <strong>1214</strong><br />(-18 for losing)\n",
  "uploadtime": 1776048408,
  "views": 45,
  "formatid": "gen9championsvgc2026regma",
  "rating": 1214,
  "private": 0,
  "password": null
}