{
  "id": "gen9championsvgc2026regma-2586354524",
  "format": "[Gen 9 Champions] VGC 2026 Reg M-A",
  "players": [
    "xClickyx",
    "Loglord142"
  ],
  "log": "|j|\u2606xClickyx\n|j|\u2606Loglord142\n|t:|1776428187\n|gametype|doubles\n|player|p1|xClickyx|guitarist-gen4|1141\n|player|p2|Loglord142|pokemonbreeder-gen4|1123\n|gen|9\n|tier|[Gen 9 Champions] VGC 2026 Reg M-A\n|rated|\n|rule|Species Clause: Limit one of each Pok\u00e9mon\n|rule|Item Clause: Limit 1 of each item\n|clearpoke\n|poke|p1|Skarmory, L50, F|\n|poke|p1|Incineroar, L50, M|\n|poke|p1|Sneasler, L50, M|\n|poke|p1|Garchomp, L50, F|\n|poke|p1|Rotom-Wash, L50|\n|poke|p1|Dragonite, L50, F|\n|poke|p2|Incineroar, L50, M|\n|poke|p2|Charizard, L50, F|\n|poke|p2|Venusaur, L50, F|\n|poke|p2|Aerodactyl, L50, M|\n|poke|p2|Garchomp, L50, F|\n|poke|p2|Trevenant, L50, M|\n|teampreview|4\n|\n|t:|1776428233\n|teamsize|p1|4\n|teamsize|p2|4\n|start\n|switch|p1a: Skarmory|Skarmory, L50, F|100/100\n|switch|p1b: Sneasler|Sneasler, L50, M|100/100\n|switch|p2a: Wolfey|Incineroar, L50, M|100/100\n|switch|p2b: Not a Cactus|Venusaur, L50, F|100/100\n|-ability|p2a: Wolfey|Intimidate|boost\n|-unboost|p1a: Skarmory|atk|1\n|-unboost|p1b: Sneasler|atk|1\n|-enditem|p1b: Sneasler|White Herb\n|-clearnegativeboost|p1b: Sneasler|[silent]\n|turn|1\n|\n|t:|1776428256\n|detailschange|p1a: Skarmory|Skarmory-Mega, L50, F\n|-mega|p1a: Skarmory|Skarmory|Skarmorite\n|move|p2b: Not a Cactus|Protect|p2b: Not a Cactus\n|-singleturn|p2b: Not a Cactus|Protect\n|move|p2a: Wolfey|Fake Out|p1a: Skarmory\n|-resisted|p1a: Skarmory|1\n|-damage|p1a: Skarmory|93/100\n|move|p1b: Sneasler|Coaching|p1a: Skarmory\n|-boost|p1a: Skarmory|atk|1\n|-boost|p1a: Skarmory|def|1\n|cant|p1a: Skarmory|flinch\n|\n|upkeep\n|turn|2\n|\n|t:|1776428287\n|move|p1b: Sneasler|Coaching|p1a: Skarmory\n|-boost|p1a: Skarmory|atk|1\n|-boost|p1a: Skarmory|def|1\n|move|p1a: Skarmory|Brave Bird|p2b: Not a Cactus\n|-supereffective|p2b: Not a Cactus|1\n|-damage|p2b: Not a Cactus|0 fnt\n|faint|p2b: Not a Cactus\n|-damage|p1a: Skarmory|57/100|[from] Recoil\n|move|p2a: Wolfey|Parting Shot|p1b: Sneasler\n|-unboost|p1b: Sneasler|atk|1\n|-unboost|p1b: Sneasler|spa|1\n|\n|t:|1776428304\n|switch|p2a: Wasteland Mother|Charizard, L50, F|100/100|[from] Parting Shot\n|\n|upkeep\n|\n|t:|1776428308\n|switch|p2b: bite :3|Garchomp, L50, F|100/100\n|turn|3\n|\n|t:|1776428322\n|detailschange|p2a: Wasteland Mother|Charizard-Mega-Y, L50, F\n|-mega|p2a: Wasteland Mother|Charizard|Charizardite Y\n|-weather|SunnyDay|[from] ability: Drought|[of] p2a: Wasteland Mother\n|move|p1b: Sneasler|Coaching|p1a: Skarmory\n|-boost|p1a: Skarmory|atk|1\n|-boost|p1a: Skarmory|def|1\n|move|p2b: bite :3|Earthquake|p1b: Sneasler|[spread] p1b\n|-immune|p2a: Wasteland Mother\n|-immune|p1a: Skarmory\n|-supereffective|p1b: Sneasler|1\n|-damage|p1b: Sneasler|0 fnt\n|faint|p1b: Sneasler\n|move|p1a: Skarmory|Brave Bird|p2b: bite :3\n|-damage|p2b: bite :3|0 fnt\n|-damage|p1a: Skarmory|45/100|[from] ability: Rough Skin|[of] p2b: bite :3\n|faint|p2b: bite :3\n|-damage|p1a: Skarmory|3/100|[from] Recoil\n|move|p2a: Wasteland Mother|Weather Ball|p1a: Skarmory\n|-supereffective|p1a: Skarmory|1\n|-damage|p1a: Skarmory|0 fnt\n|faint|p1a: Skarmory\n|\n|-weather|SunnyDay|[upkeep]\n|upkeep\n|\n|t:|1776428347\n|switch|p1b: Garchomp|Garchomp, L50, F|100/100\n|switch|p2b: Wolfey|Incineroar, L50, M|100/100\n|switch|p1a: IFPS|Incineroar, L50, M|100/100\n|-ability|p1a: IFPS|Intimidate|boost\n|-unboost|p2a: Wasteland Mother|atk|1\n|-unboost|p2b: Wolfey|atk|1\n|-ability|p2b: Wolfey|Intimidate|boost\n|-unboost|p1a: IFPS|atk|1\n|-unboost|p1b: Garchomp|atk|1\n|turn|4\n|\n|t:|1776428374\n|move|p1a: IFPS|Fake Out|p2b: Wolfey\n|-damage|p2b: Wolfey|91/100\n|move|p1b: Garchomp|Rock Slide|p2a: Wasteland Mother|[spread] p2a,p2b\n|-supereffective|p2a: Wasteland Mother|2\n|-supereffective|p2b: Wolfey|1\n|-damage|p2a: Wasteland Mother|27/100\n|-damage|p2b: Wolfey|63/100\n|move|p2a: Wasteland Mother|Solar Beam||[still]\n|-prepare|p2a: Wasteland Mother|Solar Beam\n|-anim|p2a: Wasteland Mother|Solar Beam|p1b: Garchomp\n|-damage|p1b: Garchomp|36/100\n|cant|p2b: Wolfey|flinch\n|\n|-weather|SunnyDay|[upkeep]\n|upkeep\n|turn|5\n|\n|t:|1776428399\n|move|p2a: Wasteland Mother|Protect|p2a: Wasteland Mother\n|-singleturn|p2a: Wasteland Mother|Protect\n|move|p1b: Garchomp|Rock Slide|p2a: Wasteland Mother|[spread] p2b\n|-activate|p2a: Wasteland Mother|move: Protect\n|-supereffective|p2b: Wolfey|1\n|-damage|p2b: Wolfey|33/100\n|move|p1a: IFPS|Darkest Lariat|p2a: Wasteland Mother\n|-activate|p2a: Wasteland Mother|move: Protect\n|move|p2b: Wolfey|Darkest Lariat|p1b: Garchomp\n|-damage|p1b: Garchomp|8/100\n|-damage|p2b: Wolfey|21/100|[from] ability: Rough Skin|[of] p1b: Garchomp\n|\n|-weather|SunnyDay|[upkeep]\n|upkeep\n|turn|6\n|\n|t:|1776428426\n|move|p1b: Garchomp|Rock Slide|p2a: Wasteland Mother|[spread] p2a\n|-miss|p1b: Garchomp|p2b: Wolfey\n|-supereffective|p2a: Wasteland Mother|2\n|-damage|p2a: Wasteland Mother|0 fnt\n|faint|p2a: Wasteland Mother\n|move|p2b: Wolfey|Parting Shot|p1b: Garchomp\n|-unboost|p1b: Garchomp|atk|1\n|-unboost|p1b: Garchomp|spa|1\n|move|p1a: IFPS|Darkest Lariat|p2b: Wolfey\n|-resisted|p2b: Wolfey|1\n|-damage|p2b: Wolfey|5/100\n|\n|-weather|SunnyDay|[upkeep]\n|upkeep\n|turn|7\n|-message|Loglord142 forfeited.\n|\n|win|xClickyx\n|raw|xClickyx's rating: 1141 &rarr; <strong>1165</strong><br />(+24 for winning)\n|raw|Loglord142's rating: 1123 &rarr; <strong>1099</strong><br />(-24 for losing)\n|l|\u2606Loglord142\n|player|p2|\n",
  "uploadtime": 1776428513,
  "views": 31,
  "formatid": "gen9championsvgc2026regma",
  "rating": 1099,
  "private": 0,
  "password": null
}