{
  "id": "gen9championsvgc2026regma-2582053912",
  "format": "[Gen 9 Champions] VGC 2026 Reg M-A",
  "players": [
    "Sprite T",
    "KangarooToodleloo"
  ],
  "log": "|j|\u2606Sprite T\n|j|\u2606KangarooToodleloo\n|t:|1776052386\n|gametype|doubles\n|player|p1|Sprite T|2|1280\n|player|p2|KangarooToodleloo|blue-masters|1352\n|gen|9\n|tier|[Gen 9 Champions] VGC 2026 Reg M-A\n|rated|\n|rule|Species Clause: Limit one of each Pok\u00e9mon\n|rule|Item Clause: Limit 1 of each item\n|clearpoke\n|poke|p1|Gengar, L50, M|\n|poke|p1|Incineroar, L50, M|\n|poke|p1|Blastoise, L50, F|\n|poke|p1|Sinistcha, L50|\n|poke|p1|Drampa, L50, M|\n|poke|p1|Kommo-o, L50, F|\n|poke|p2|Gyarados, L50, F|\n|poke|p2|Incineroar, L50, M|\n|poke|p2|Gengar, L50, M|\n|poke|p2|Kommo-o, L50, M|\n|poke|p2|Sinistcha-Masterpiece, L50|\n|poke|p2|Kangaskhan, L50, F|\n|teampreview|4\n|inactive|Battle timer is ON: inactive players will automatically lose when time's up. (requested by Sprite T)\nSprite T has agreed to open team sheets.\n|inactive|KangarooToodleloo has 60 seconds left.\n|\n|t:|1776052443\n|teamsize|p1|4\n|teamsize|p2|4\n|start\n|switch|p1a: Gengar|Gengar, L50, M, shiny|100/100\n|switch|p1b: Incineroar|Incineroar, L50, M|100/100\n|switch|p2a: Kommo-o|Kommo-o, L50, M|100/100\n|switch|p2b: Kangaskhan|Kangaskhan, L50, F|100/100\n|-ability|p1b: Incineroar|Intimidate|boost\n|-unboost|p2a: Kommo-o|atk|1\n|-fail|p2b: Kangaskhan|unboost|Attack|[from] ability: Scrappy|[of] p2b: Kangaskhan\n|turn|1\n|inactive|Sprite T has 30 seconds left.\n|inactive|Sprite T has 20 seconds left.\n|\n|t:|1776052486\n|switch|p1b: Kommo-o|Kommo-o, L50, F|100/100\n|detailschange|p1a: Gengar|Gengar-Mega, L50, M, shiny\n|-mega|p1a: Gengar|Gengar|Gengarite\n|move|p1a: Gengar|Protect|p1a: Gengar\n|-singleturn|p1a: Gengar|Protect\n|move|p2b: Kangaskhan|Fake Out|p1a: Gengar\n|-activate|p1a: Gengar|move: Protect\n|move|p2a: Kommo-o|Aura Sphere|p1b: Kommo-o\n|-crit|p1b: Kommo-o\n|-damage|p1b: Kommo-o|57/100\n|\n|-heal|p1b: Kommo-o|64/100|[from] item: Leftovers\n|upkeep\n|turn|2\n|\n|t:|1776052503\n|switch|p1a: Blastoise|Blastoise, L50, F|100/100\n|move|p1b: Kommo-o|Protect|p1b: Kommo-o\n|-singleturn|p1b: Kommo-o|Protect\n|move|p2a: Kommo-o|Clanging Scales|p1a: Blastoise|[spread] p1a\n|-activate|p1b: Kommo-o|move: Protect\n|-damage|p1a: Blastoise|71/100\n|-unboost|p2a: Kommo-o|def|1\n|move|p2b: Kangaskhan|Double-Edge|p1a: Blastoise\n|-damage|p1a: Blastoise|32/100\n|-damage|p2b: Kangaskhan|89/100|[from] Recoil\n|\n|-heal|p1b: Kommo-o|70/100|[from] item: Leftovers\n|upkeep\n|turn|3\n|\n|t:|1776052526\n|switch|p2a: Gengar|Gengar, L50, M|100/100\n|switch|p2b: Sinistcha|Sinistcha-Masterpiece, L50|100/100\n|move|p1a: Blastoise|Fake Out|p2a: Gengar\n|-immune|p2a: Gengar\n|move|p1b: Kommo-o|Iron Defense|p1b: Kommo-o\n|-boost|p1b: Kommo-o|def|2\n|\n|-heal|p1b: Kommo-o|76/100|[from] item: Leftovers\n|upkeep\n|turn|4\n|\n|t:|1776052544\n|switch|p1a: Incineroar|Incineroar, L50, M|100/100\n|-ability|p1a: Incineroar|Intimidate|boost\n|-unboost|p2a: Gengar|atk|1\n|-unboost|p2b: Sinistcha|atk|1\n|detailschange|p2a: Gengar|Gengar-Mega, L50, M\n|-mega|p2a: Gengar|Gengar|Gengarite\n|move|p2a: Gengar|Sludge Bomb|p1b: Kommo-o\n|-damage|p1b: Kommo-o|29/100\n|move|p1b: Kommo-o|Flamethrower|p2b: Sinistcha\n|-supereffective|p2b: Sinistcha|1\n|-enditem|p2b: Sinistcha|Occa Berry|[eat]\n|-enditem|p2b: Sinistcha|Occa Berry|[weaken]\n|-damage|p2b: Sinistcha|79/100\n|move|p2b: Sinistcha|Matcha Gotcha|p1b: Kommo-o|[spread] p1a,p1b\n|-resisted|p1a: Incineroar|1\n|-crit|p1a: Incineroar\n|-resisted|p1b: Kommo-o|1\n|-damage|p1a: Incineroar|85/100\n|-heal|p2b: Sinistcha|88/100|[from] drain|[of] p1a: Incineroar\n|-damage|p1b: Kommo-o|19/100\n|-heal|p2b: Sinistcha|93/100|[from] drain|[of] p1b: Kommo-o\n|\n|-heal|p1b: Kommo-o|25/100|[from] item: Leftovers\n|upkeep\n|turn|5\n|\n|t:|1776052565\n|switch|p2b: Kangaskhan|Kangaskhan, L50, F|89/100\n|move|p2a: Gengar|Protect|p2a: Gengar\n|-singleturn|p2a: Gengar|Protect\n|move|p1b: Kommo-o|Protect|p1b: Kommo-o\n|-singleturn|p1b: Kommo-o|Protect\n|move|p1a: Incineroar|Parting Shot|p2a: Gengar\n|-activate|p2a: Gengar|move: Protect\n|\n|-heal|p1b: Kommo-o|31/100|[from] item: Leftovers\n|upkeep\n|turn|6\n|\n|t:|1776052580\n|move|p1b: Kommo-o|Protect|p1b: Kommo-o\n|-singleturn|p1b: Kommo-o|Protect\n|move|p2b: Kangaskhan|Fake Out|p1a: Incineroar\n|-damage|p1a: Incineroar|69/100\n|move|p2a: Gengar|Sludge Bomb|p1b: Kommo-o\n|-activate|p1b: Kommo-o|move: Protect\n|cant|p1a: Incineroar|flinch\n|\n|-heal|p1b: Kommo-o|37/100|[from] item: Leftovers\n|upkeep\n|turn|7\n|\n|t:|1776052594\n|move|p1b: Kommo-o|Protect||[still]\n|-fail|p1b: Kommo-o\n|move|p2a: Gengar|Sludge Bomb|p1b: Kommo-o\n|-damage|p1b: Kommo-o|0 fnt\n|faint|p1b: Kommo-o\n|move|p2b: Kangaskhan|Low Kick|p1a: Incineroar\n|-supereffective|p1a: Incineroar|1\n|-damage|p1a: Incineroar|24/100\n|-enditem|p1a: Incineroar|Sitrus Berry|[eat]\n|-heal|p1a: Incineroar|49/100|[from] item: Sitrus Berry\n|move|p1a: Incineroar|Parting Shot|p2b: Kangaskhan\n|-unboost|p2b: Kangaskhan|atk|1\n|-unboost|p2b: Kangaskhan|spa|1\n|\n|t:|1776052596\n|switch|p1a: Gengar|Gengar-Mega, L50, M, shiny|100/100|[from] Parting Shot\n|\n|upkeep\n|\n|t:|1776052600\n|switch|p1b: Incineroar|Incineroar, L50, M|49/100\n|-ability|p1b: Incineroar|Intimidate|boost\n|-unboost|p2a: Gengar|atk|1\n|-fail|p2b: Kangaskhan|unboost|Attack|[from] ability: Scrappy|[of] p2b: Kangaskhan\n|turn|8\n|\n|t:|1776052611\n|move|p2a: Gengar|Protect|p2a: Gengar\n|-singleturn|p2a: Gengar|Protect\n|move|p1b: Incineroar|Fake Out|p2b: Kangaskhan\n|-damage|p2b: Kangaskhan|79/100\n|move|p1a: Gengar|Shadow Ball|p2a: Gengar\n|-activate|p2a: Gengar|move: Protect\n|cant|p2b: Kangaskhan|flinch\n|\n|upkeep\n|turn|9\n|\n|t:|1776052622\n|move|p2a: Gengar|Sludge Bomb|p1b: Incineroar\n|-damage|p1b: Incineroar|7/100\n|move|p1a: Gengar|Shadow Ball|p2a: Gengar\n|-supereffective|p2a: Gengar|1\n|-damage|p2a: Gengar|0 fnt\n|faint|p2a: Gengar\n|move|p2b: Kangaskhan|Double-Edge|p1a: Gengar\n|-damage|p1a: Gengar|49/100\n|-damage|p2b: Kangaskhan|66/100|[from] Recoil\n|move|p1b: Incineroar|Parting Shot|p2b: Kangaskhan\n|-unboost|p2b: Kangaskhan|atk|1\n|-unboost|p2b: Kangaskhan|spa|1\n|\n|t:|1776052628\n|switch|p1b: Blastoise|Blastoise, L50, F|32/100|[from] Parting Shot\n|\n|upkeep\n|\n|t:|1776052632\n|switch|p2a: Kommo-o|Kommo-o, L50, M|100/100\n|turn|10\n|\n|t:|1776052644\n|move|p2a: Kommo-o|Protect|p2a: Kommo-o\n|-singleturn|p2a: Kommo-o|Protect\n|move|p1b: Blastoise|Fake Out|p2a: Kommo-o\n|-activate|p2a: Kommo-o|move: Protect\n|move|p1a: Gengar|Sludge Bomb|p2b: Kangaskhan\n|-damage|p2b: Kangaskhan|14/100\n|move|p2b: Kangaskhan|Double-Edge|p1a: Gengar\n|-damage|p1a: Gengar|14/100\n|-damage|p2b: Kangaskhan|5/100|[from] Recoil\n|\n|upkeep\n|turn|11\n|\n|t:|1776052656\n|move|p1a: Gengar|Protect|p1a: Gengar\n|-singleturn|p1a: Gengar|Protect\n|move|p2b: Kangaskhan|Sucker Punch||[still]\n|-fail|p2b: Kangaskhan\n|move|p2a: Kommo-o|Clanging Scales|p1a: Gengar|[spread] p1b\n|-activate|p1a: Gengar|move: Protect\n|-damage|p1b: Blastoise|0 fnt\n|faint|p1b: Blastoise\n|-unboost|p2a: Kommo-o|def|1\n|\n|upkeep\n|\n|t:|1776052664\n|switch|p1b: Incineroar|Incineroar, L50, M|7/100\n|-ability|p1b: Incineroar|Intimidate|boost\n|-unboost|p2a: Kommo-o|atk|1\n|-fail|p2b: Kangaskhan|unboost|Attack|[from] ability: Scrappy|[of] p2b: Kangaskhan\n|turn|12\n|\n|t:|1776052673\n|move|p2a: Kommo-o|Protect|p2a: Kommo-o\n|-singleturn|p2a: Kommo-o|Protect\n|move|p1b: Incineroar|Fake Out|p2b: Kangaskhan\n|-damage|p2b: Kangaskhan|0 fnt\n|faint|p2b: Kangaskhan\n|move|p1a: Gengar|Sludge Bomb|p2a: Kommo-o\n|-activate|p2a: Kommo-o|move: Protect\n|\n|upkeep\n|\n|t:|1776052678\n|switch|p2b: Sinistcha|Sinistcha-Masterpiece, L50|93/100\n|turn|13\n|\n|t:|1776052684\n|move|p2b: Sinistcha|Rage Powder|p2b: Sinistcha\n|-singleturn|p2b: Sinistcha|move: Rage Powder\n|move|p1a: Gengar|Shadow Ball|p2b: Sinistcha\n|-supereffective|p2b: Sinistcha|1\n|-damage|p2b: Sinistcha|15/100\n|move|p2a: Kommo-o|Clanging Scales|p1a: Gengar|[spread] p1a,p1b\n|-damage|p1a: Gengar|0 fnt\n|-damage|p1b: Incineroar|0 fnt\n|faint|p1a: Gengar\n|faint|p1b: Incineroar\n|\n|win|KangarooToodleloo\n|raw|Sprite T's rating: 1280 &rarr; <strong>1260</strong><br />(-20 for losing)\n|raw|KangarooToodleloo's rating: 1352 &rarr; <strong>1368</strong><br />(+16 for winning)\n",
  "uploadtime": 1776052687,
  "views": 32,
  "formatid": "gen9championsvgc2026regma",
  "rating": 1260,
  "private": 0,
  "password": null
}