{
  "id": "gen9championsvgc2026regma-2587488560",
  "format": "[Gen 9 Champions] VGC 2026 Reg M-A",
  "players": [
    "zhz2021",
    "MilkTeaWayGalaxy"
  ],
  "log": "|j|\u2606zhz2021\n|j|\u2606MilkTeaWayGalaxy\n|t:|1776536088\n|gametype|doubles\n|player|p1|zhz2021|marley|1410\n|player|p2|MilkTeaWayGalaxy|rosa-pokestar3|1417\n|gen|9\n|tier|[Gen 9 Champions] VGC 2026 Reg M-A\n|rated|\n|rule|Species Clause: Limit one of each Pok\u00e9mon\n|rule|Item Clause: Limit 1 of each item\n|clearpoke\n|poke|p1|Sableye, L50, M|\n|poke|p1|Archaludon, L50, M|\n|poke|p1|Scovillain, L50, F, shiny|\n|poke|p1|Basculegion-F, L50, F, shiny|\n|poke|p1|Pelipper, L50, M|\n|poke|p1|Floette-Eternal, L50, F|\n|poke|p2|Milotic, L50, M|\n|poke|p2|Froslass, L50, F|\n|poke|p2|Sneasler, L50, F|\n|poke|p2|Gyarados, L50, F|\n|poke|p2|Incineroar, L50, M|\n|poke|p2|Sinistcha, L50|\n|teampreview|4\n|\n|t:|1776536143\n|teamsize|p1|4\n|teamsize|p2|4\n|start\n|switch|p1a: Scovillain|Scovillain, L50, F, shiny|100/100\n|switch|p1b: Pelipper|Pelipper, L50, M|100/100\n|switch|p2a: Sneasler|Sneasler, L50, F|100/100\n|switch|p2b: Froslass|Froslass, L50, F|100/100\n|-weather|RainDance|[from] ability: Drizzle|[of] p1b: Pelipper\n|turn|1\n|\n|t:|1776536183\n|detailschange|p2b: Froslass|Froslass-Mega, L50, F\n|-mega|p2b: Froslass|Froslass|Froslassite\n|-weather|Snowscape|[from] ability: Snow Warning|[of] p2b: Froslass\n|detailschange|p1a: Scovillain|Scovillain-Mega, L50, F, shiny\n|-mega|p1a: Scovillain|Scovillain|Scovillainite\n|move|p2a: Sneasler|Fake Out|p1b: Pelipper\n|-damage|p1b: Pelipper|84/100\n|move|p2b: Froslass|Aurora Veil|p2b: Froslass\n|-sidestart|p2: MilkTeaWayGalaxy|move: Aurora Veil\n|cant|p1b: Pelipper|flinch\n|move|p1a: Scovillain|Giga Drain|p2b: Froslass\n|-damage|p2b: Froslass|73/100\n|\n|-weather|Snowscape|[upkeep]\n|upkeep\n|turn|2\n|inactive|Battle timer is ON: inactive players will automatically lose when time's up. (requested by zhz2021)\n|\n|t:|1776536211\n|switch|p2a: Sinistcha|Sinistcha, L50|100/100\n|-heal|p2b: Froslass|98/100|[from] ability: Hospitality|[of] p2a: Sinistcha\n|move|p1a: Scovillain|Rage Powder|p1a: Scovillain\n|-singleturn|p1a: Scovillain|move: Rage Powder\n|move|p2b: Froslass|Blizzard|p1b: Pelipper|[spread] p1a,p1b\n|-damage|p1a: Scovillain|60/100\n|-damage|p1b: Pelipper|17/100\n|-status|p2b: Froslass|brn|[from] ability: Spicy Spray|[of] p1a: Scovillain\n|move|p1b: Pelipper|Tailwind|p1b: Pelipper\n|-sidestart|p1: zhz2021|move: Tailwind\n|\n|-weather|Snowscape|[upkeep]\n|-damage|p2b: Froslass|92/100 brn|[from] brn\n|upkeep\n|turn|3\n|inactive|zhz2021 has 30 seconds left.\n|\n|t:|1776536243\n|switch|p2a: Milotic|Milotic, L50, M|100/100\n|move|p1b: Pelipper|Soak|p2a: Milotic\n|-fail|p2a: Milotic\n|move|p1a: Scovillain|Giga Drain|p2a: Milotic\n|-supereffective|p2a: Milotic|1\n|-damage|p2a: Milotic|71/100\n|-heal|p1a: Scovillain|77/100|[from] drain|[of] p2a: Milotic\n|move|p2b: Froslass|Shadow Ball|p1a: Scovillain\n|-damage|p1a: Scovillain|38/100\n|\n|-weather|Snowscape|[upkeep]\n|-damage|p2b: Froslass|86/100 brn|[from] brn\n|upkeep\n|turn|4\n|\n|t:|1776536261\n|move|p1b: Pelipper|Soak|p2b: Froslass\n|-start|p2b: Froslass|typechange|Water\n|move|p1a: Scovillain|Giga Drain|p2a: Milotic\n|-supereffective|p2a: Milotic|1\n|-damage|p2a: Milotic|37/100\n|-heal|p1a: Scovillain|57/100|[from] drain|[of] p2a: Milotic\n|-enditem|p2a: Milotic|Sitrus Berry|[eat]\n|-heal|p2a: Milotic|62/100|[from] item: Sitrus Berry\n|move|p2b: Froslass|Blizzard|p1a: Scovillain|[spread] p1a,p1b\n|-damage|p1a: Scovillain|28/100\n|-damage|p1b: Pelipper|0 fnt\n|faint|p1b: Pelipper\n|move|p2a: Milotic|Icy Wind|p1a: Scovillain\n|-damage|p1a: Scovillain|14/100\n|-unboost|p1a: Scovillain|spe|1\n|-status|p2a: Milotic|brn|[from] ability: Spicy Spray|[of] p1a: Scovillain\n|\n|-weather|Snowscape|[upkeep]\n|-damage|p2b: Froslass|80/100 brn|[from] brn\n|-damage|p2a: Milotic|56/100 brn|[from] brn\n|upkeep\n|\n|t:|1776536277\n|switch|p1b: Basculegion|Basculegion-F, L50, F, shiny|100/100\n|turn|5\n|\n|t:|1776536288\n|switch|p2b: Sinistcha|Sinistcha, L50|100/100\n|-heal|p2a: Milotic|80/100 brn|[from] ability: Hospitality|[of] p2b: Sinistcha\n|move|p1a: Scovillain|Rage Powder|p1a: Scovillain\n|-singleturn|p1a: Scovillain|move: Rage Powder\n|move|p1b: Basculegion|Hex|p2b: Sinistcha\n|-supereffective|p2b: Sinistcha|1\n|-damage|p2b: Sinistcha|62/100\n|move|p2a: Milotic|Icy Wind|p1b: Basculegion|[spread] p1a,p1b\n|-resisted|p1b: Basculegion|1\n|-damage|p1a: Scovillain|4/100\n|-damage|p1b: Basculegion|95/100\n|-unboost|p1a: Scovillain|spe|1\n|-unboost|p1b: Basculegion|spe|1\n|\n|-weather|none\n|-damage|p2a: Milotic|75/100 brn|[from] brn\n|-sideend|p1: zhz2021|move: Tailwind\n|-sideend|p2: MilkTeaWayGalaxy|move: Aurora Veil\n|upkeep\n|turn|6\n|j| Winieska Rambulera\n|\n|t:|1776536307\n|move|p1b: Basculegion|Protect|p1b: Basculegion\n|-singleturn|p1b: Basculegion|Protect\n|move|p2a: Milotic|Icy Wind|p1b: Basculegion|[spread] p1a\n|-activate|p1b: Basculegion|move: Protect\n|-damage|p1a: Scovillain|0 fnt\n|faint|p1a: Scovillain\n|move|p2b: Sinistcha|Life Dew|p2b: Sinistcha|[spread] p2a,p2b\n|-heal|p2a: Milotic|99/100 brn\n|-heal|p2b: Sinistcha|88/100\n|\n|-damage|p2a: Milotic|94/100 brn|[from] brn\n|upkeep\n|\n|t:|1776536314\n|switch|p1a: Sableye|Sableye, L50, M|100/100\n|turn|7\n|\n|t:|1776536320\n|move|p1a: Sableye|Encore|p2b: Sinistcha\n|-start|p2b: Sinistcha|Encore\n|-enditem|p2b: Sinistcha|Mental Herb\n|-end|p2b: Sinistcha|Encore\n|move|p2a: Milotic|Scald|p1b: Basculegion\n|-resisted|p1b: Basculegion|1\n|-damage|p1b: Basculegion|80/100\n|move|p2b: Sinistcha|Matcha Gotcha|p1b: Basculegion|[spread] p1a,p1b\n|-supereffective|p1b: Basculegion|1\n|-damage|p1a: Sableye|69/100\n|-heal|p2b: Sinistcha|100/100|[from] drain|[of] p1a: Sableye\n|-damage|p1b: Basculegion|20/100\n|-status|p1a: Sableye|brn\n|move|p1b: Basculegion|Hex|p2a: Milotic\n|-damage|p2a: Milotic|58/100 brn\n|\n|-damage|p2a: Milotic|52/100 brn|[from] brn\n|-damage|p1a: Sableye|64/100 brn|[from] brn\n|upkeep\n|turn|8\n|-message|zhz2021 forfeited.\n|\n|win|MilkTeaWayGalaxy\n|raw|zhz2021's rating: 1387 &rarr; <strong>1369</strong><br />(-18 for losing)\n|raw|MilkTeaWayGalaxy's rating: 1417 &rarr; <strong>1435</strong><br />(+18 for winning)\n|l|\u2606zhz2021\n|player|p1|\n",
  "uploadtime": 1776536343,
  "views": 23,
  "formatid": "gen9championsvgc2026regma",
  "rating": 1369,
  "private": 0,
  "password": null
}