{
  "id": "gen9championsvgc2026regma-2580868913",
  "format": "[Gen 9 Champions] VGC 2026 Reg M-A",
  "players": [
    "jyotsha",
    "spricatto"
  ],
  "log": "|j|\u2606jyotsha\n|j|\u2606spricatto\n|t:|1775939137\n|gametype|doubles\n|player|p1|jyotsha|102|1214\n|player|p2|spricatto|1|1190\n|gen|9\n|tier|[Gen 9 Champions] VGC 2026 Reg M-A\n|rated|\n|rule|Species Clause: Limit one of each Pok\u00e9mon\n|rule|Item Clause: Limit 1 of each item\n|clearpoke\n|poke|p1|Aegislash, L50, F|\n|poke|p1|Aerodactyl, L50, M|\n|poke|p1|Incineroar, L50, M|\n|poke|p1|Lucario, L50, F|\n|poke|p1|Milotic, L50, M|\n|poke|p1|Rotom-Wash, L50|\n|poke|p2|Floette-Eternal, L50, F|\n|poke|p2|Maushold, L50|\n|poke|p2|Tyranitar, L50, F|\n|poke|p2|Excadrill, L50, F|\n|poke|p2|Talonflame, L50, M|\n|poke|p2|Aegislash, L50, F|\n|teampreview|4\n|inactive|Battle timer is ON: inactive players will automatically lose when time's up. (requested by jyotsha)\n|\n|t:|1775939167\n|teamsize|p1|4\n|teamsize|p2|4\n|start\n|switch|p1a: Aerodactyl|Aerodactyl, L50, M|100/100\n|switch|p1b: Incineroar|Incineroar, L50, M|100/100\n|switch|p2a: Maushold|Maushold, L50|100/100\n|switch|p2b: Floette|Floette-Eternal, L50, F|100/100\n|-ability|p1b: Incineroar|Intimidate|boost\n|-unboost|p2a: Maushold|atk|1\n|-unboost|p2b: Floette|atk|1\n|turn|1\n|inactive|jyotsha has 30 seconds left.\n|\n|t:|1775939196\n|detailschange|p1a: Aerodactyl|Aerodactyl-Mega, L50, M\n|-mega|p1a: Aerodactyl|Aerodactyl|Aerodactylite\n|move|p2b: Floette|Protect|p2b: Floette\n|-singleturn|p2b: Floette|Protect\n|move|p1b: Incineroar|Fake Out|p2b: Floette\n|-activate|p2b: Floette|move: Protect\n|move|p1a: Aerodactyl|Tailwind|p1a: Aerodactyl\n|-sidestart|p1: jyotsha|move: Tailwind\n|move|p2a: Maushold|Taunt|p1a: Aerodactyl\n|-start|p1a: Aerodactyl|move: Taunt\n|\n|upkeep\n|turn|2\n|inactive|spricatto has 30 seconds left.\n|inactive|spricatto has 20 seconds left.\n|inactive|spricatto has 15 seconds left.\n|inactive|spricatto has 10 seconds left.\n|inactive|spricatto has 5 seconds left.\n|\n|t:|1775939250\n|detailschange|p2b: Floette|Floette-Mega, L50, F\n|-mega|p2b: Floette|Floette|Floettite\n|-ability|p2b: Floette|Fairy Aura\n|move|p2a: Maushold|Follow Me|p2a: Maushold\n|-singleturn|p2a: Maushold|move: Follow Me\n|move|p1a: Aerodactyl|Rock Slide|p2b: Floette|[spread] p2a,p2b\n|-damage|p2a: Maushold|60/100\n|-damage|p2b: Floette|75/100\n|move|p1b: Incineroar|Taunt|p2a: Maushold\n|-start|p2a: Maushold|move: Taunt\n|move|p2b: Floette|Calm Mind|p2b: Floette\n|-boost|p2b: Floette|spa|1\n|-boost|p2b: Floette|spd|1\n|\n|upkeep\n|turn|3\n|inactive|jyotsha has 30 seconds left.\n|\n|t:|1775939284\n|move|p1a: Aerodactyl|Rock Slide|p2a: Maushold|[spread] p2a,p2b\n|-damage|p2a: Maushold|24/100\n|-damage|p2b: Floette|51/100\n|move|p2a: Maushold|Super Fang|p1b: Incineroar\n|-damage|p1b: Incineroar|50/100\n|-enditem|p1b: Incineroar|Sitrus Berry|[eat]\n|-heal|p1b: Incineroar|75/100|[from] item: Sitrus Berry\n|move|p1b: Incineroar|Parting Shot|p2a: Maushold\n|-unboost|p2a: Maushold|atk|1\n|-unboost|p2a: Maushold|spa|1\n|\n|t:|1775939294\n|switch|p1b: Aegislash|Aegislash, L50, F|100/100|[from] Parting Shot\n|move|p2b: Floette|Dazzling Gleam|p1b: Aegislash|[spread] p1a,p1b\n|-resisted|p1b: Aegislash|1\n|-damage|p1a: Aerodactyl|18/100\n|-damage|p1b: Aegislash|68/100\n|\n|upkeep\n|turn|4\n|\n|t:|1775939311\n|move|p2b: Floette|Protect|p2b: Floette\n|-singleturn|p2b: Floette|Protect\n|move|p1a: Aerodactyl|Rock Slide|p2a: Maushold|[spread] p2a\n|-activate|p2b: Floette|move: Protect\n|-damage|p2a: Maushold|0 fnt\n|faint|p2a: Maushold\n|-formechange|p1b: Aegislash|Aegislash-Blade|\n|move|p1b: Aegislash|Iron Head|p2b: Floette\n|-activate|p2b: Floette|move: Protect\n|\n|-end|p1a: Aerodactyl|move: Taunt\n|-sideend|p1: jyotsha|move: Tailwind\n|upkeep\n|\n|t:|1775939317\n|switch|p2a: Talonflame|Talonflame, L50, M|100/100\n|turn|5\n|inactive|jyotsha has 30 seconds left.\n|inactive|spricatto has 30 seconds left.\n|\n|t:|1775939346\n|move|p2a: Talonflame|Tailwind|p2a: Talonflame\n|-sidestart|p2: spricatto|move: Tailwind\n|move|p2b: Floette|Dazzling Gleam|p1b: Aegislash|[spread] p1a,p1b\n|-resisted|p1b: Aegislash|1\n|-damage|p1a: Aerodactyl|0 fnt\n|-damage|p1b: Aegislash|3/100\n|faint|p1a: Aerodactyl\n|move|p1b: Aegislash|Iron Head|p2b: Floette\n|-supereffective|p2b: Floette|1\n|-damage|p2b: Floette|0 fnt\n|faint|p2b: Floette\n|\n|upkeep\n|\n|t:|1775939355\n|switch|p1a: Incineroar|Incineroar, L50, M|75/100\n|switch|p2b: Tyranitar|Tyranitar, L50, F, shiny|100/100\n|-weather|Sandstorm|[from] ability: Sand Stream|[of] p2b: Tyranitar\n|-ability|p1a: Incineroar|Intimidate|boost\n|-unboost|p2a: Talonflame|atk|1\n|-unboost|p2b: Tyranitar|atk|1\n|turn|6\n|\n|t:|1775939371\n|-formechange|p1b: Aegislash|Aegislash|\n|move|p1b: Aegislash|King's Shield|p1b: Aegislash\n|-singleturn|p1b: Aegislash|Protect\n|move|p2a: Talonflame|Acrobatics|p1b: Aegislash\n|-activate|p1b: Aegislash|move: Protect\n|-unboost|p2a: Talonflame|atk|1\n|move|p2b: Tyranitar|Rock Slide|p1a: Incineroar|[spread] p1a\n|-activate|p1b: Aegislash|move: Protect\n|-supereffective|p1a: Incineroar|1\n|-damage|p1a: Incineroar|37/100\n|move|p1a: Incineroar|Parting Shot|p2b: Tyranitar\n|-unboost|p2b: Tyranitar|atk|1\n|-unboost|p2b: Tyranitar|spa|1\n|\n|t:|1775939385\n|switch|p1a: Lucario|Lucario, L50, F|100/100|[from] Parting Shot\n|\n|-weather|Sandstorm|[upkeep]\n|-damage|p2a: Talonflame|95/100|[from] Sandstorm\n|upkeep\n|turn|7\n|inactive|jyotsha has 30 seconds left.\n|inactive|spricatto has 30 seconds left.\n|inactive|jyotsha has 20 seconds left.\n|inactive|spricatto has 20 seconds left.\n|\n|t:|1775939424\n|move|p1a: Lucario|Protect|p1a: Lucario\n|-singleturn|p1a: Lucario|Protect\n|-formechange|p1b: Aegislash|Aegislash-Blade|\n|move|p1b: Aegislash|Shadow Sneak|p2a: Talonflame\n|-damage|p2a: Talonflame|59/100\n|move|p2a: Talonflame|Flare Blitz|p1a: Lucario\n|-activate|p1a: Lucario|move: Protect\n|move|p2b: Tyranitar|Rock Slide|p1a: Lucario|[spread] p1b\n|-activate|p1a: Lucario|move: Protect\n|-resisted|p1b: Aegislash|1\n|-damage|p1b: Aegislash|0 fnt\n|faint|p1b: Aegislash\n|\n|-weather|Sandstorm|[upkeep]\n|-damage|p2a: Talonflame|53/100|[from] Sandstorm\n|upkeep\n|\n|t:|1775939433\n|switch|p1b: Incineroar|Incineroar, L50, M|37/100\n|-ability|p1b: Incineroar|Intimidate|boost\n|-unboost|p2a: Talonflame|atk|1\n|-unboost|p2b: Tyranitar|atk|1\n|turn|8\n|\n|t:|1775939450\n|move|p1b: Incineroar|Fake Out|p2a: Talonflame\n|-damage|p2a: Talonflame|36/100\n|cant|p2a: Talonflame|flinch\n|move|p2b: Tyranitar|Rock Slide|p1b: Incineroar|[spread] p1a,p1b\n|-resisted|p1a: Lucario|2\n|-supereffective|p1b: Incineroar|1\n|-damage|p1a: Lucario|96/100\n|-damage|p1b: Incineroar|16/100\n|move|p1a: Lucario|Drain Punch|p2b: Tyranitar\n|-supereffective|p2b: Tyranitar|2\n|-enditem|p2b: Tyranitar|Chople Berry|[eat]\n|-enditem|p2b: Tyranitar|Chople Berry|[weaken]\n|-damage|p2b: Tyranitar|39/100\n|-heal|p1a: Lucario|100/100|[from] drain|[of] p2b: Tyranitar\n|\n|-weather|Sandstorm|[upkeep]\n|-damage|p2a: Talonflame|30/100|[from] Sandstorm\n|-damage|p1b: Incineroar|10/100|[from] Sandstorm\n|-sideend|p2: spricatto|move: Tailwind\n|upkeep\n|turn|9\n|inactive|jyotsha has 30 seconds left.\n|\n|t:|1775939477\n|move|p1a: Lucario|Bullet Punch|p2b: Tyranitar\n|-supereffective|p2b: Tyranitar|1\n|-damage|p2b: Tyranitar|4/100\n|move|p2a: Talonflame|Tailwind|p2a: Talonflame\n|-sidestart|p2: spricatto|move: Tailwind\n|move|p2b: Tyranitar|Rock Slide|p1a: Lucario|[spread] p1a,p1b\n|-resisted|p1a: Lucario|2\n|-supereffective|p1b: Incineroar|1\n|-damage|p1a: Lucario|96/100\n|-damage|p1b: Incineroar|0 fnt\n|faint|p1b: Incineroar\n|\n|-weather|Sandstorm|[upkeep]\n|-damage|p2a: Talonflame|24/100|[from] Sandstorm\n|upkeep\n|turn|10\n|inactive|spricatto has 30 seconds left.\n|\n|t:|1775939502\n|move|p1a: Lucario|Protect|p1a: Lucario\n|-singleturn|p1a: Lucario|Protect\n|move|p2a: Talonflame|Flare Blitz|p1a: Lucario\n|-activate|p1a: Lucario|move: Protect\n|move|p2b: Tyranitar|Knock Off|p1a: Lucario\n|-activate|p1a: Lucario|move: Protect\n|\n|-weather|none\n|upkeep\n|turn|11\n|\n|t:|1775939513\n|move|p1a: Lucario|Bullet Punch|p2a: Talonflame\n|-resisted|p2a: Talonflame|1\n|-damage|p2a: Talonflame|9/100\n|move|p2a: Talonflame|Flare Blitz|p1a: Lucario\n|-supereffective|p1a: Lucario|1\n|-damage|p1a: Lucario|37/100\n|-damage|p2a: Talonflame|0 fnt|[from] Recoil\n|faint|p2a: Talonflame\n|move|p2b: Tyranitar|Knock Off|p1a: Lucario\n|-resisted|p1a: Lucario|1\n|-damage|p1a: Lucario|25/100\n|\n|upkeep\n|turn|12\n|-message|spricatto forfeited.\n|\n|win|jyotsha\n|raw|jyotsha's rating: 1214 &rarr; <strong>1237</strong><br />(+23 for winning)\n|raw|spricatto's rating: 1190 &rarr; <strong>1167</strong><br />(-23 for losing)\n",
  "uploadtime": 1775939526,
  "views": 13,
  "formatid": "gen9championsvgc2026regma",
  "rating": 1167,
  "private": 0,
  "password": null
}