{
  "id": "gen9championsvgc2026regma-2582571809",
  "format": "[Gen 9 Champions] VGC 2026 Reg M-A",
  "players": [
    "RaSaTan",
    "spatunjfd"
  ],
  "log": "|j|\u2606RaSaTan\n|j|\u2606spatunjfd\n|t:|1776100122\n|gametype|doubles\n|player|p1|RaSaTan|265|1118\n|player|p2|spatunjfd|169|1101\n|gen|9\n|tier|[Gen 9 Champions] VGC 2026 Reg M-A\n|rated|\n|rule|Species Clause: Limit one of each Pok\u00e9mon\n|rule|Item Clause: Limit 1 of each item\n|clearpoke\n|poke|p1|Gengar, L50, F|\n|poke|p1|Incineroar, L50, M|\n|poke|p1|Politoed, L50, F|\n|poke|p1|Maushold-Four, L50|\n|poke|p1|Tyranitar, L50, M|\n|poke|p1|Sinistcha, L50|\n|poke|p2|Maushold, L50|\n|poke|p2|Garchomp, L50, M|\n|poke|p2|Talonflame, L50, M|\n|poke|p2|Rotom-Wash, L50|\n|poke|p2|Aegislash, L50, M|\n|poke|p2|Floette-Eternal, L50, F|\n|teampreview|4\n|inactive|Battle timer is ON: inactive players will automatically lose when time's up. (requested by spatunjfd)\n|\n|t:|1776100141\n|teamsize|p1|4\n|teamsize|p2|4\n|start\n|switch|p1a: Gengar|Gengar, L50, F|100/100\n|switch|p1b: Incineroar|Incineroar, L50, M|100/100\n|switch|p2a: Talonflame|Talonflame, L50, M|100/100\n|switch|p2b: Garchomp|Garchomp, L50, M|100/100\n|-ability|p1b: Incineroar|Intimidate|boost\n|-unboost|p2a: Talonflame|atk|1\n|-unboost|p2b: Garchomp|atk|1\n|turn|1\n|\n|t:|1776100148\n|detailschange|p1a: Gengar|Gengar-Mega, L50, F\n|-mega|p1a: Gengar|Gengar|Gengarite\n|move|p2a: Talonflame|Upper Hand|p1b: Incineroar\n|-supereffective|p1b: Incineroar|1\n|-damage|p1b: Incineroar|80/100\n|cant|p1b: Incineroar|flinch\n|move|p1a: Gengar|Perish Song|p1a: Gengar\n|-start|p1a: Gengar|perish3|[silent]\n|-start|p1b: Incineroar|perish3|[silent]\n|-start|p2a: Talonflame|perish3|[silent]\n|-start|p2b: Garchomp|perish3|[silent]\n|-fieldactivate|move: Perish Song\n|move|p2b: Garchomp|Earthquake|p1a: Gengar|[spread] p1a,p1b\n|-immune|p2a: Talonflame\n|-supereffective|p1a: Gengar|1\n|-supereffective|p1b: Incineroar|1\n|-enditem|p1b: Incineroar|Shuca Berry|[eat]\n|-enditem|p1b: Incineroar|Shuca Berry|[weaken]\n|-damage|p1a: Gengar|24/100\n|-damage|p1b: Incineroar|54/100\n|\n|-start|p1a: Gengar|perish3\n|-start|p2a: Talonflame|perish3\n|-start|p2b: Garchomp|perish3\n|-start|p1b: Incineroar|perish3\n|upkeep\n|turn|2\n|\n|t:|1776100160\n|move|p1a: Gengar|Protect|p1a: Gengar\n|-singleturn|p1a: Gengar|Protect\n|move|p1b: Incineroar|Protect|p1b: Incineroar\n|-singleturn|p1b: Incineroar|Protect\n|move|p2a: Talonflame|Tailwind|p2a: Talonflame\n|-sidestart|p2: spatunjfd|move: Tailwind\n|move|p2b: Garchomp|Earthquake|p1b: Incineroar|[spread] \n|-activate|p1a: Gengar|move: Protect\n|-activate|p1b: Incineroar|move: Protect\n|-immune|p2a: Talonflame\n|\n|-start|p2a: Talonflame|perish2\n|-start|p2b: Garchomp|perish2\n|-start|p1a: Gengar|perish2\n|-start|p1b: Incineroar|perish2\n|upkeep\n|turn|3\n|\n|t:|1776100176\n|switch|p1a: Maushold|Maushold-Four, L50|100/100\n|move|p2a: Talonflame|Dual Wingbeat|p1b: Incineroar\n|-damage|p1b: Incineroar|47/100\n|-damage|p1b: Incineroar|40/100\n|-hitcount|p1b: Incineroar|2\n|move|p2b: Garchomp|Earthquake|p1b: Incineroar|[spread] p1a,p1b\n|-immune|p2a: Talonflame\n|-supereffective|p1b: Incineroar|1\n|-damage|p1a: Maushold|62/100\n|-damage|p1b: Incineroar|0 fnt\n|faint|p1b: Incineroar\n|\n|-start|p2a: Talonflame|perish1\n|-start|p2b: Garchomp|perish1\n|upkeep\n|\n|t:|1776100183\n|switch|p1b: Gengar|Gengar-Mega, L50, F|24/100\n|turn|4\n|\n|t:|1776100197\n|move|p1b: Gengar|Protect|p1b: Gengar\n|-singleturn|p1b: Gengar|Protect\n|move|p1a: Maushold|Protect|p1a: Maushold\n|-singleturn|p1a: Maushold|Protect\n|move|p2a: Talonflame|Dual Wingbeat|p1a: Maushold\n|-activate|p1a: Maushold|move: Protect\n|move|p2b: Garchomp|Earthquake|p1a: Maushold|[spread] \n|-activate|p1a: Maushold|move: Protect\n|-activate|p1b: Gengar|move: Protect\n|-immune|p2a: Talonflame\n|\n|-start|p2a: Talonflame|perish0\n|-start|p2b: Garchomp|perish0\n|faint|p2a: Talonflame\n|faint|p2b: Garchomp\n|upkeep\n|\n|t:|1776100202\n|switch|p2a: Floette|Floette-Eternal, L50, F|100/100\n|switch|p2b: Maushold|Maushold, L50|100/100\n|turn|5\n|\n|t:|1776100222\n|detailschange|p2a: Floette|Floette-Mega, L50, F\n|-mega|p2a: Floette|Floette|Floettite\n|-ability|p2a: Floette|Fairy Aura\n|move|p1a: Maushold|Follow Me|p1a: Maushold\n|-singleturn|p1a: Maushold|move: Follow Me\n|move|p2b: Maushold|Taunt|p1a: Maushold\n|-start|p1a: Maushold|move: Taunt\n|move|p2a: Floette|Dazzling Gleam|p1a: Maushold|[spread] p1a,p1b\n|-resisted|p1b: Gengar|1\n|-damage|p1a: Maushold|0 fnt\n|-damage|p1b: Gengar|2/100\n|faint|p1a: Maushold\n|move|p1b: Gengar|Perish Song|p1b: Gengar\n|-start|p1b: Gengar|perish3|[silent]\n|-start|p2a: Floette|perish3|[silent]\n|-start|p2b: Maushold|perish3|[silent]\n|-fieldactivate|move: Perish Song\n|\n|-start|p2b: Maushold|perish3\n|-start|p2a: Floette|perish3\n|-start|p1b: Gengar|perish3\n|-sideend|p2: spatunjfd|move: Tailwind\n|upkeep\n|\n|t:|1776100233\n|switch|p1a: Politoed|Politoed, L50, F|100/100\n|-weather|RainDance|[from] ability: Drizzle|[of] p1a: Politoed\n|turn|6\n|\n|t:|1776100248\n|move|p1a: Politoed|Protect|p1a: Politoed\n|-singleturn|p1a: Politoed|Protect\n|move|p1b: Gengar|Disable|p2a: Floette\n|-start|p2a: Floette|Disable|Dazzling Gleam\n|move|p2b: Maushold|Super Fang|p1a: Politoed\n|-activate|p1a: Politoed|move: Protect\n|cant|p2a: Floette|Disable|Dazzling Gleam\n|\n|-weather|RainDance|[upkeep]\n|-start|p1b: Gengar|perish2\n|-start|p2b: Maushold|perish2\n|-start|p2a: Floette|perish2\n|upkeep\n|turn|7\n|\n|t:|1776100262\n|move|p1b: Gengar|Protect|p1b: Gengar\n|-singleturn|p1b: Gengar|Protect\n|move|p2b: Maushold|Taunt|p1b: Gengar\n|-activate|p1b: Gengar|move: Protect\n|move|p2a: Floette|Moonblast|p1a: Politoed\n|-damage|p1a: Politoed|23/100\n|move|p1a: Politoed|Substitute|p1a: Politoed\n|-fail|p1a: Politoed|move: Substitute|[weak]\n|\n|-weather|RainDance|[upkeep]\n|-start|p1b: Gengar|perish1\n|-start|p2b: Maushold|perish1\n|-start|p2a: Floette|perish1\n|upkeep\n|turn|8\n|inactive|spatunjfd has 30 seconds left.\n|\n|t:|1776100290\n|move|p1b: Gengar|Protect|p1b: Gengar\n|-singleturn|p1b: Gengar|Protect\n|move|p1a: Politoed|Protect|p1a: Politoed\n|-singleturn|p1a: Politoed|Protect\n|move|p2b: Maushold|Super Fang|p1b: Gengar\n|-activate|p1b: Gengar|move: Protect\n|move|p2a: Floette|Moonblast|p1a: Politoed\n|-activate|p1a: Politoed|move: Protect\n|\n|-weather|RainDance|[upkeep]\n|-start|p1b: Gengar|perish0\n|-start|p2b: Maushold|perish0\n|-start|p2a: Floette|perish0\n|faint|p1b: Gengar\n|faint|p2b: Maushold\n|faint|p2a: Floette\n|\n|win|RaSaTan\n|raw|RaSaTan's rating: 1118 &rarr; <strong>1142</strong><br />(+24 for winning)\n|raw|spatunjfd's rating: 1101 &rarr; <strong>1077</strong><br />(-24 for losing)\n",
  "uploadtime": 1776100310,
  "views": 14,
  "formatid": "gen9championsvgc2026regma",
  "rating": 1077,
  "private": 0,
  "password": null
}