{
  "id": "gen9championsvgc2026regma-2584339101",
  "format": "[Gen 9 Champions] VGC 2026 Reg M-A",
  "players": [
    "Oscarbolt",
    "octasito"
  ],
  "log": "|j|\u2606Oscarbolt\n|j|\u2606octasito\n|t:|1776252809\n|gametype|doubles\n|player|p1|Oscarbolt|2|1297\n|player|p2|octasito|lucas|1348\n|gen|9\n|tier|[Gen 9 Champions] VGC 2026 Reg M-A\n|rated|\n|rule|Species Clause: Limit one of each Pok\u00e9mon\n|rule|Item Clause: Limit 1 of each item\n|clearpoke\n|poke|p1|Manectric, L50, M|\n|poke|p1|Sneasler, L50, M|\n|poke|p1|Talonflame, L50, F|\n|poke|p1|Garchomp, L50, F|\n|poke|p1|Blastoise, L50, M|\n|poke|p1|Sinistcha, L50|\n|poke|p2|Charizard, L50, M|\n|poke|p2|Whimsicott, L50, M|\n|poke|p2|Incineroar, L50, M|\n|poke|p2|Garchomp, L50, M|\n|poke|p2|Sneasler, L50, F|\n|poke|p2|Rotom-Wash, L50|\n|teampreview|4\n|inactive|Battle timer is ON: inactive players will automatically lose when time's up. (requested by octasito)\noctasito has agreed to open team sheets.\n|\n|t:|1776252836\n|teamsize|p1|4\n|teamsize|p2|4\n|start\n|switch|p1a: Manectric|Manectric, L50, M|100/100\n|switch|p1b: Sneasler|Sneasler, L50, M|100/100\n|switch|p2a: Whimsicott|Whimsicott, L50, M|100/100\n|switch|p2b: Charizard|Charizard, L50, M|100/100\n|turn|1\n|\n|t:|1776252849\n|detailschange|p1a: Manectric|Manectric-Mega, L50, M\n|-mega|p1a: Manectric|Manectric|Manectite\n|-ability|p1a: Manectric|Intimidate|boost\n|-unboost|p2a: Whimsicott|atk|1\n|-unboost|p2b: Charizard|atk|1\n|move|p2b: Charizard|Protect|p2b: Charizard\n|-singleturn|p2b: Charizard|Protect\n|move|p1b: Sneasler|Fake Out|p2a: Whimsicott\n|-damage|p2a: Whimsicott|81/100\n|-status|p2a: Whimsicott|psn|[from] ability: Poison Touch|[of] p1b: Sneasler\n|move|p1a: Manectric|Volt Switch|p2a: Whimsicott\n|-resisted|p2a: Whimsicott|1\n|-crit|p2a: Whimsicott\n|-damage|p2a: Whimsicott|36/100 psn\n|\n|t:|1776252863\n|switch|p1a: Talonflame|Talonflame, L50, F|100/100|[from] Volt Switch\n|cant|p2a: Whimsicott|flinch\n|\n|-damage|p2a: Whimsicott|24/100 psn|[from] psn\n|upkeep\n|turn|2\n|\n|t:|1776252876\n|detailschange|p2b: Charizard|Charizard-Mega-Y, L50, M\n|-mega|p2b: Charizard|Charizard|Charizardite Y\n|-weather|SunnyDay|[from] ability: Drought|[of] p2b: Charizard\n|move|p2a: Whimsicott|Tailwind|p2a: Whimsicott\n|-sidestart|p2: octasito|move: Tailwind\n|move|p2b: Charizard|Heat Wave|p1a: Talonflame|[spread] p1a,p1b\n|-resisted|p1a: Talonflame|1\n|-damage|p1a: Talonflame|54/100\n|-damage|p1b: Sneasler|14/100\n|move|p1b: Sneasler|Dire Claw|p2b: Charizard\n|-damage|p2b: Charizard|42/100\n|-status|p2b: Charizard|psn|[from] ability: Poison Touch|[of] p1b: Sneasler\n|move|p1a: Talonflame|Tailwind|p1a: Talonflame\n|-sidestart|p1: Oscarbolt|move: Tailwind\n|\n|-weather|SunnyDay|[upkeep]\n|-damage|p2a: Whimsicott|11/100 psn|[from] psn\n|-damage|p2b: Charizard|29/100 psn|[from] psn\n|upkeep\n|turn|3\n|inactive|Oscarbolt has 30 seconds left.\n|\n|t:|1776252901\n|move|p1b: Sneasler|Protect|p1b: Sneasler\n|-singleturn|p1b: Sneasler|Protect\n|move|p1a: Talonflame|Protect|p1a: Talonflame\n|-singleturn|p1a: Talonflame|Protect\n|move|p2a: Whimsicott|Moonblast|p1b: Sneasler\n|-activate|p1b: Sneasler|move: Protect\n|move|p2b: Charizard|Weather Ball|p1a: Talonflame\n|-activate|p1a: Talonflame|move: Protect\n|\n|-weather|SunnyDay|[upkeep]\n|-damage|p2a: Whimsicott|0 fnt|[from] psn\n|faint|p2a: Whimsicott\n|-damage|p2b: Charizard|17/100 psn|[from] psn\n|upkeep\n|\n|t:|1776252907\n|switch|p2a: Garchomp|Garchomp, L50, M|100/100\n|turn|4\n|\n|t:|1776252923\n|switch|p2b: Rotom|Rotom-Wash, L50|100/100\n|move|p2a: Garchomp|Rock Slide|p1b: Sneasler|[spread] p1b\n|-miss|p2a: Garchomp|p1a: Talonflame\n|-resisted|p1b: Sneasler|1\n|-damage|p1b: Sneasler|0 fnt\n|faint|p1b: Sneasler\n|move|p1a: Talonflame|Will-O-Wisp|p2a: Garchomp\n|-status|p2a: Garchomp|brn\n|\n|-weather|SunnyDay|[upkeep]\n|-damage|p2a: Garchomp|95/100 brn|[from] brn\n|upkeep\n|\n|t:|1776252943\n|switch|p1b: Garchomp|Garchomp, L50, F|100/100\n|turn|5\n|\n|t:|1776252951\n|move|p1a: Talonflame|Protect|p1a: Talonflame\n|-singleturn|p1a: Talonflame|Protect\n|move|p1b: Garchomp|Dragon Claw|p2b: Rotom\n|-damage|p2b: Rotom|48/100\n|move|p2a: Garchomp|Rock Slide|p1a: Talonflame|[spread] p1b\n|-activate|p1a: Talonflame|move: Protect\n|-resisted|p1b: Garchomp|1\n|-damage|p1b: Garchomp|95/100\n|move|p2b: Rotom|Will-O-Wisp|p1b: Garchomp\n|-status|p1b: Garchomp|brn\n|\n|-weather|SunnyDay|[upkeep]\n|-heal|p2b: Rotom|53/100|[from] item: Leftovers\n|-damage|p1b: Garchomp|89/100 brn|[from] brn\n|-damage|p2a: Garchomp|89/100 brn|[from] brn\n|-sideend|p2: octasito|move: Tailwind\n|-sideend|p1: Oscarbolt|move: Tailwind\n|upkeep\n|turn|6\n|\n|t:|1776252968\n|move|p1b: Garchomp|Dragon Claw|p2a: Garchomp\n|-supereffective|p2a: Garchomp|1\n|-damage|p2a: Garchomp|48/100 brn\n|-damage|p1b: Garchomp|77/100 brn|[from] ability: Rough Skin|[of] p2a: Garchomp\n|move|p2a: Garchomp|Rock Slide|p1b: Garchomp|[spread] p1a,p1b\n|-supereffective|p1a: Talonflame|2\n|-enditem|p1a: Talonflame|Charti Berry|[eat]\n|-enditem|p1a: Talonflame|Charti Berry|[weaken]\n|-resisted|p1b: Garchomp|1\n|-damage|p1a: Talonflame|31/100\n|-damage|p1b: Garchomp|71/100 brn\n|cant|p1a: Talonflame|flinch\n|move|p2b: Rotom|Hydro Pump|p1b: Garchomp\n|-damage|p1b: Garchomp|42/100 brn\n|\n|-weather|none\n|-heal|p2b: Rotom|59/100|[from] item: Leftovers\n|-damage|p1b: Garchomp|36/100 brn|[from] brn\n|-damage|p2a: Garchomp|42/100 brn|[from] brn\n|upkeep\n|turn|7\n|\n|t:|1776252989\n|move|p1b: Garchomp|Dragon Claw|p2a: Garchomp\n|-supereffective|p2a: Garchomp|1\n|-damage|p2a: Garchomp|2/100 brn\n|-damage|p1b: Garchomp|24/100 brn|[from] ability: Rough Skin|[of] p2a: Garchomp\n|move|p2a: Garchomp|Rock Slide|p1a: Talonflame|[spread] p1a,p1b\n|-supereffective|p1a: Talonflame|2\n|-resisted|p1b: Garchomp|1\n|-damage|p1a: Talonflame|0 fnt\n|-damage|p1b: Garchomp|18/100 brn\n|faint|p1a: Talonflame\n|move|p2b: Rotom|Hydro Pump|p1b: Garchomp\n|-damage|p1b: Garchomp|0 fnt\n|faint|p1b: Garchomp\n|\n|-heal|p2b: Rotom|64/100|[from] item: Leftovers\n|-damage|p2a: Garchomp|0 fnt|[from] brn\n|faint|p2a: Garchomp\n|upkeep\n|\n|t:|1776252997\n|switch|p1b: Manectric|Manectric-Mega, L50, M|100/100\n|switch|p2a: Charizard|Charizard-Mega-Y, L50, M|17/100 psn\n|-ability|p1b: Manectric|Intimidate|boost\n|-unboost|p2a: Charizard|atk|1\n|-unboost|p2b: Rotom|atk|1\n|-weather|SunnyDay|[from] ability: Drought|[of] p2a: Charizard\n|turn|8\n|\n|t:|1776253004\n|move|p1b: Manectric|Discharge|p2a: Charizard|[spread] p2a,p2b\n|-supereffective|p2a: Charizard|1\n|-damage|p2a: Charizard|0 fnt\n|-damage|p2b: Rotom|24/100\n|faint|p2a: Charizard\n|move|p2b: Rotom|Will-O-Wisp|p1b: Manectric\n|-status|p1b: Manectric|brn\n|\n|-weather|SunnyDay|[upkeep]\n|-heal|p2b: Rotom|30/100|[from] item: Leftovers\n|-damage|p1b: Manectric|94/100 brn|[from] brn\n|upkeep\n|turn|9\n|\n|t:|1776253008\n|move|p2b: Rotom|Protect|p2b: Rotom\n|-singleturn|p2b: Rotom|Protect\n|move|p1b: Manectric|Discharge|p2b: Rotom\n|-activate|p2b: Rotom|move: Protect\n|\n|-weather|SunnyDay|[upkeep]\n|-heal|p2b: Rotom|35/100|[from] item: Leftovers\n|-damage|p1b: Manectric|88/100 brn|[from] brn\n|upkeep\n|turn|10\n|\n|t:|1776253013\n|move|p1b: Manectric|Discharge|p2b: Rotom\n|-damage|p2b: Rotom|0 fnt\n|faint|p2b: Rotom\n|\n|win|Oscarbolt\n|raw|Oscarbolt's rating: 1297 &rarr; <strong>1326</strong><br />(+29 for winning)\n|raw|octasito's rating: 1348 &rarr; <strong>1325</strong><br />(-23 for losing)\n|l|\u2606octasito\n|player|p2|\n|c|\u2606Oscarbolt|Gg.\n",
  "uploadtime": 1776253026,
  "views": 31,
  "formatid": "gen9championsvgc2026regma",
  "rating": 1325,
  "private": 0,
  "password": null
}