{
  "id": "gen9championsvgc2026regma-2588679996",
  "format": "[Gen 9 Champions] VGC 2026 Reg M-A",
  "players": [
    "Illuminessenc",
    "sethwell"
  ],
  "log": "|j|\u2606Illuminessenc\n|j|\u2606sethwell\n|t:|1776656974\n|gametype|doubles\n|player|p1|Illuminessenc|palmer|1569\n|player|p2|sethwell|blue|1491\n|gen|9\n|tier|[Gen 9 Champions] VGC 2026 Reg M-A\n|rated|\n|rule|Species Clause: Limit one of each Pok\u00e9mon\n|rule|Item Clause: Limit 1 of each item\n|clearpoke\n|poke|p1|Basculegion, L50, M|\n|poke|p1|Charizard, L50, M|\n|poke|p1|Floette-Eternal, L50, F|\n|poke|p1|Garchomp, L50, F|\n|poke|p1|Kingambit, L50, M|\n|poke|p1|Sinistcha, L50|\n|poke|p2|Sinistcha, L50|\n|poke|p2|Tyranitar, L50, F|\n|poke|p2|Excadrill, L50, M|\n|poke|p2|Blastoise, L50, F|\n|poke|p2|Sneasler, L50, F|\n|poke|p2|Noivern, L50, F|\n|teampreview|4\n|inactive|Battle timer is ON: inactive players will automatically lose when time's up. (requested by sethwell)\n|inactive|Illuminessenc has 60 seconds left.\n|inactive|sethwell has 60 seconds left.\n|inactive|Illuminessenc has 30 seconds left.\n|inactive|sethwell has 30 seconds left.\n|inactive|Illuminessenc has 20 seconds left.\n|inactive|sethwell has 20 seconds left.\n|\n|t:|1776657052\n|teamsize|p1|4\n|teamsize|p2|4\n|start\n|switch|p1a: Kingambit|Kingambit, L50, M|100/100\n|switch|p1b: Charizard|Charizard, L50, M|100/100\n|switch|p2a: Noivern|Noivern, L50, F|100/100\n|switch|p2b: Excadrill|Excadrill, L50, M|100/100\n|-item|p1a: Kingambit|Chople Berry|[from] ability: Frisk|[of] p2a: Noivern\n|-item|p1b: Charizard|Charizardite Y|[from] ability: Frisk|[of] p2a: Noivern\n|turn|1\n|inactive|Illuminessenc has 30 seconds left.\n|inactive|Illuminessenc has 20 seconds left.\n|inactive|Illuminessenc has 15 seconds left.\n|\n|t:|1776657094\n|switch|p1a: Sinistcha|Sinistcha, L50|100/100\n|move|p1b: Charizard|Protect|p1b: Charizard\n|-singleturn|p1b: Charizard|Protect\n|move|p2a: Noivern|Tailwind|p2a: Noivern\n|-sidestart|p2: sethwell|move: Tailwind\n|move|p2b: Excadrill|Rock Slide|p1b: Charizard|[spread] p1a\n|-activate|p1b: Charizard|move: Protect\n|-damage|p1a: Sinistcha|85/100\n|\n|upkeep\n|turn|2\n|\n|t:|1776657118\n|switch|p2a: Tyranitar|Tyranitar, L50, F|100/100\n|-weather|Sandstorm|[from] ability: Sand Stream|[of] p2a: Tyranitar\n|switch|p1b: Kingambit|Kingambit, L50, M|100/100\n|move|p2b: Excadrill|Iron Head|p1a: Sinistcha\n|-damage|p1a: Sinistcha|50/100\n|cant|p1a: Sinistcha|flinch\n|\n|-weather|Sandstorm|[upkeep]\n|-damage|p1a: Sinistcha|44/100|[from] Sandstorm\n|upkeep\n|turn|3\n|inactive|Illuminessenc has 30 seconds left.\n|inactive|sethwell has 30 seconds left.\n|inactive|Illuminessenc has 20 seconds left.\n|inactive|Illuminessenc has 15 seconds left.\n|\n|t:|1776657161\n|detailschange|p2a: Tyranitar|Tyranitar-Mega, L50, F\n|-mega|p2a: Tyranitar|Tyranitar|Tyranitarite\n|move|p2b: Excadrill|High Horsepower|p1b: Kingambit\n|-supereffective|p1b: Kingambit|1\n|-damage|p1b: Kingambit|16/100\n|move|p2a: Tyranitar|Knock Off|p1a: Sinistcha\n|-supereffective|p1a: Sinistcha|1\n|-damage|p1a: Sinistcha|0 fnt\n|-enditem|p1a: Sinistcha|Occa Berry|[from] move: Knock Off|[of] p2a: Tyranitar\n|faint|p1a: Sinistcha\n|move|p1b: Kingambit|Low Kick|p2a: Tyranitar\n|-supereffective|p2a: Tyranitar|2\n|-damage|p2a: Tyranitar|0 fnt\n|faint|p2a: Tyranitar\n|\n|-weather|Sandstorm|[upkeep]\n|upkeep\n|inactive|Illuminessenc has 30 seconds left.\n|inactive|sethwell has 30 seconds left.\n|inactive|Illuminessenc has 20 seconds left.\n|inactive|sethwell has 20 seconds left.\n|\n|t:|1776657208\n|switch|p1a: Basculegion|Basculegion, L50, M|100/100\n|switch|p2a: Noivern|Noivern, L50, F|100/100\n|-item|p1a: Basculegion|Sitrus Berry|[from] ability: Frisk|[of] p2a: Noivern\n|-item|p1b: Kingambit|Chople Berry|[from] ability: Frisk|[of] p2a: Noivern\n|turn|4\n|inactive|sethwell has 30 seconds left.\n|\n|t:|1776657241\n|move|p1a: Basculegion|Aqua Jet|p2b: Excadrill\n|-supereffective|p2b: Excadrill|1\n|-damage|p2b: Excadrill|23/100\n|move|p1b: Kingambit|Sucker Punch|p2b: Excadrill\n|-damage|p2b: Excadrill|0 fnt\n|faint|p2b: Excadrill\n|move|p2a: Noivern|Air Slash|p1a: Basculegion\n|-damage|p1a: Basculegion|61/100\n|\n|-weather|Sandstorm|[upkeep]\n|-damage|p2a: Noivern|95/100|[from] Sandstorm\n|-damage|p1a: Basculegion|55/100|[from] Sandstorm\n|-sideend|p2: sethwell|move: Tailwind\n|upkeep\n|\n|t:|1776657247\n|switch|p2b: Sneasler|Sneasler, L50, F|100/100\n|turn|5\n|inactive|sethwell has 30 seconds left.\n|\n|t:|1776657279\n|move|p1b: Kingambit|Protect|p1b: Kingambit\n|-singleturn|p1b: Kingambit|Protect\n|move|p1a: Basculegion|Aqua Jet|p2b: Sneasler\n|-damage|p2b: Sneasler|52/100\n|move|p2a: Noivern|Air Slash|p1a: Basculegion\n|-damage|p1a: Basculegion|18/100\n|-enditem|p1a: Basculegion|Sitrus Berry|[eat]\n|-heal|p1a: Basculegion|42/100|[from] item: Sitrus Berry\n|move|p2b: Sneasler|Dire Claw|p1a: Basculegion\n|-resisted|p1a: Basculegion|1\n|-damage|p1a: Basculegion|17/100\n|-status|p1a: Basculegion|par\n|\n|-weather|Sandstorm|[upkeep]\n|-damage|p2a: Noivern|89/100|[from] Sandstorm\n|-damage|p2b: Sneasler|46/100|[from] Sandstorm\n|-damage|p1a: Basculegion|11/100 par|[from] Sandstorm\n|upkeep\n|turn|6\n|inactive|Illuminessenc has 30 seconds left.\n|inactive|Illuminessenc has 20 seconds left.\n|inactive|Illuminessenc has 15 seconds left.\n|\n|t:|1776657323\n|move|p2b: Sneasler|Protect|p2b: Sneasler\n|-singleturn|p2b: Sneasler|Protect\n|move|p1b: Kingambit|Sucker Punch|p2a: Noivern\n|-damage|p2a: Noivern|41/100\n|move|p1a: Basculegion|Aqua Jet|p2b: Sneasler\n|-activate|p2b: Sneasler|move: Protect\n|move|p2a: Noivern|Air Slash|p1a: Basculegion\n|-damage|p1a: Basculegion|0 fnt\n|faint|p1a: Basculegion\n|\n|-weather|none\n|upkeep\n|\n|t:|1776657334\n|switch|p1a: Charizard|Charizard, L50, M|100/100\n|turn|7\n|inactive|Illuminessenc has 30 seconds left.\n|inactive|Illuminessenc has 20 seconds left.\n|inactive|Illuminessenc has 15 seconds left.\n|\n|t:|1776657376\n|detailschange|p1a: Charizard|Charizard-Mega-Y, L50, M\n|-mega|p1a: Charizard|Charizard|Charizardite Y\n|-weather|SunnyDay|[from] ability: Drought|[of] p1a: Charizard\n|move|p1b: Kingambit|Sucker Punch|p2a: Noivern\n|-damage|p2a: Noivern|0 fnt\n|faint|p2a: Noivern\n|move|p2b: Sneasler|Dire Claw|p1a: Charizard\n|-damage|p1a: Charizard|30/100\n|move|p1a: Charizard|Weather Ball|p2b: Sneasler\n|-damage|p2b: Sneasler|0 fnt\n|faint|p2b: Sneasler\n|\n|win|Illuminessenc\n|raw|Illuminessenc's rating: 1569 &rarr; <strong>1585</strong><br />(+16 for winning)\n|raw|sethwell's rating: 1491 &rarr; <strong>1475</strong><br />(-16 for losing)\n|l|\u2606sethwell\n|player|p2|\n|l|\u2606Illuminessenc\n|player|p1|\n",
  "uploadtime": 1776657859,
  "views": 10,
  "formatid": "gen9championsvgc2026regma",
  "rating": 1475,
  "private": 0,
  "password": null
}