{
  "id": "gen9championsvgc2026regma-2584808659",
  "format": "[Gen 9 Champions] VGC 2026 Reg M-A",
  "players": [
    "Nebulash.dedede",
    "Brymont"
  ],
  "log": "|j|\u2606Nebulash.dedede\n|j|\u2606Brymont\n|t:|1776285226\n|gametype|doubles\n|player|p1|Nebulash.dedede|2|1161\n|player|p2|Brymont|steven|1116\n|gen|9\n|tier|[Gen 9 Champions] VGC 2026 Reg M-A\n|rated|\n|rule|Species Clause: Limit one of each Pok\u00e9mon\n|rule|Item Clause: Limit 1 of each item\n|clearpoke\n|poke|p1|Aggron, L50, F|\n|poke|p1|Tyranitar, L50, F|\n|poke|p1|Floette-Eternal, L50, F|\n|poke|p1|Sinistcha, L50|\n|poke|p1|Rotom-Wash, L50|\n|poke|p1|Incineroar, L50, M|\n|poke|p2|Skarmory, L50, F|\n|poke|p2|Sneasler, L50, F|\n|poke|p2|Sinistcha, L50|\n|poke|p2|Volcarona, L50, F|\n|poke|p2|Aegislash, L50, M|\n|poke|p2|Araquanid, L50, M|\n|teampreview|4\n|inactive|Battle timer is ON: inactive players will automatically lose when time's up. (requested by Brymont)\n|inactive|Nebulash.dedede has 60 seconds left.\n|inactive|Brymont has 60 seconds left.\n|\n|t:|1776285267\n|teamsize|p1|4\n|teamsize|p2|4\n|start\n|switch|p1a: Rotom|Rotom-Wash, L50|100/100\n|switch|p1b: Incineroar|Incineroar, L50, M|100/100\n|switch|p2a: Sneasler|Sneasler, L50, F|100/100\n|switch|p2b: Volcarona|Volcarona, L50, F|100/100\n|-ability|p1b: Incineroar|Intimidate|boost\n|-unboost|p2a: Sneasler|atk|1\n|-unboost|p2b: Volcarona|atk|1\n|-enditem|p2a: Sneasler|White Herb\n|-clearnegativeboost|p2a: Sneasler|[silent]\n|turn|1\n|inactive|Nebulash.dedede has 30 seconds left.\n|\n|t:|1776285293\n|move|p2a: Sneasler|Fake Out|p1b: Incineroar\n|-damage|p1b: Incineroar|85/100\n|move|p2b: Volcarona|String Shot|p1b: Incineroar|[spread] p1a,p1b\n|-unboost|p1a: Rotom|spe|2\n|-unboost|p1b: Incineroar|spe|2\n|move|p1a: Rotom|Electroweb|p2a: Sneasler|[spread] p2a,p2b\n|-crit|p2b: Volcarona\n|-damage|p2a: Sneasler|79/100\n|-damage|p2b: Volcarona|80/100\n|-unboost|p2a: Sneasler|spe|1\n|-unboost|p2b: Volcarona|spe|1\n|cant|p1b: Incineroar|flinch\n|\n|upkeep\n|turn|2\n|inactive|Brymont has 30 seconds left.\n|\n|t:|1776285325\n|switch|p2b: Sinistcha|Sinistcha, L50|100/100\n|-heal|p2a: Sneasler|100/100|[from] ability: Hospitality|[of] p2b: Sinistcha\n|switch|p1b: Sinistcha|Sinistcha, L50|100/100\n|move|p2a: Sneasler|Close Combat|p1b: Sinistcha\n|-immune|p1b: Sinistcha\n|move|p1a: Rotom|Volt Switch|p2a: Sneasler\n|-damage|p2a: Sneasler|58/100\n|\n|t:|1776285340\n|switch|p1a: Incineroar|Incineroar, L50, M|85/100|[from] Volt Switch\n|-ability|p1a: Incineroar|Intimidate|boost\n|-unboost|p2a: Sneasler|atk|1\n|-unboost|p2b: Sinistcha|atk|1\n|\n|upkeep\n|turn|3\n|\n|t:|1776285353\n|switch|p2a: Volcarona|Volcarona, L50, F|80/100\n|move|p2b: Sinistcha|Matcha Gotcha|p1a: Incineroar|[spread] p1a,p1b\n|-resisted|p1a: Incineroar|1\n|-resisted|p1b: Sinistcha|1\n|-damage|p1a: Incineroar|76/100\n|-damage|p1b: Sinistcha|89/100\n|move|p1a: Incineroar|Flare Blitz|p2b: Sinistcha\n|-supereffective|p2b: Sinistcha|1\n|-damage|p2b: Sinistcha|25/100\n|-damage|p1a: Incineroar|54/100|[from] Recoil\n|move|p1b: Sinistcha|Trick Room|p1b: Sinistcha\n|-fieldstart|move: Trick Room|[of] p1b: Sinistcha\n|\n|upkeep\n|turn|4\n|\n|t:|1776285373\n|switch|p1b: Aggron|Aggron, L50, F|100/100\n|switch|p2b: Sneasler|Sneasler, L50, F|58/100\n|move|p1a: Incineroar|Flare Blitz|p2b: Sneasler\n|-damage|p2b: Sneasler|0 fnt\n|faint|p2b: Sneasler\n|-damage|p1a: Incineroar|39/100|[from] Recoil\n|move|p2a: Volcarona|Heat Wave|p1b: Aggron|[spread] p1a,p1b\n|-resisted|p1a: Incineroar|1\n|-damage|p1a: Incineroar|26/100\n|-damage|p1b: Aggron|58/100\n|\n|upkeep\n|\n|t:|1776285383\n|switch|p2b: Skarmory|Skarmory, L50, F|100/100\n|turn|5\n|\n|t:|1776285396\n|detailschange|p1b: Aggron|Aggron-Mega, L50, F\n|-mega|p1b: Aggron|Aggron|Aggronite\n|detailschange|p2b: Skarmory|Skarmory-Mega, L50, F\n|-mega|p2b: Skarmory|Skarmory|Skarmorite\n|move|p2a: Volcarona|Rage Powder|p2a: Volcarona\n|-singleturn|p2a: Volcarona|move: Rage Powder\n|move|p1b: Aggron|Rock Slide|p2a: Volcarona|[spread] p2a,p2b\n|-supereffective|p2a: Volcarona|2\n|-damage|p2a: Volcarona|0 fnt\n|-damage|p2b: Skarmory|78/100\n|faint|p2a: Volcarona\n|move|p1a: Incineroar|Flare Blitz|p2b: Skarmory\n|-supereffective|p2b: Skarmory|1\n|-damage|p2b: Skarmory|0 fnt\n|faint|p2b: Skarmory\n|-damage|p1a: Incineroar|8/100|[from] Recoil\n|\n|upkeep\n|-message|Brymont forfeited.\n|\n|win|Nebulash.dedede\n|raw|Nebulash.dedede's rating: 1161 &rarr; <strong>1183</strong><br />(+22 for winning)\n|raw|Brymont's rating: 1116 &rarr; <strong>1094</strong><br />(-22 for losing)\n|l|\u2606Brymont\n|player|p2|\n",
  "uploadtime": 1776285414,
  "views": 18,
  "formatid": "gen9championsvgc2026regma",
  "rating": 1094,
  "private": 0,
  "password": null
}