{
  "id": "gen9championsvgc2026regma-2583076665",
  "format": "[Gen 9 Champions] VGC 2026 Reg M-A",
  "players": [
    "juanitohuchha666",
    "ArthurGate"
  ],
  "log": "|j|\u2606juanitohuchha666\n|j|\u203dArthurGate\n|t:|1776139370\n|gametype|doubles\n|player|p1|juanitohuchha666|101|1047\n|player|p2|ArthurGate|veteran|1109\n|gen|9\n|tier|[Gen 9 Champions] VGC 2026 Reg M-A\n|rated|\n|rule|Species Clause: Limit one of each Pok\u00e9mon\n|rule|Item Clause: Limit 1 of each item\n|clearpoke\n|poke|p1|Drampa, L50, M|\n|poke|p1|Clawitzer, L50, M|\n|poke|p1|Sinistcha, L50|\n|poke|p1|Hatterene, L50, F|\n|poke|p1|Clefable, L50, F|\n|poke|p1|Incineroar, L50, F|\n|poke|p2|Pelipper, L50, M|\n|poke|p2|Dragonite, L50, M|\n|poke|p2|Aggron, L50, F|\n|poke|p2|Basculegion, L50, M|\n|poke|p2|Decidueye-Hisui, L50, M|\n|poke|p2|Sneasler, L50, F|\n|teampreview|4\n|inactive|Battle timer is ON: inactive players will automatically lose when time's up. (requested by ArthurGate)\n|\n|t:|1776139411\n|teamsize|p1|4\n|teamsize|p2|4\n|start\n|switch|p1a: Incineroar|Incineroar, L50, F|100/100\n|switch|p1b: Sinistcha|Sinistcha, L50|100/100\n|switch|p2a: Sneasler|Sneasler, L50, F, shiny|100/100\n|switch|p2b: Decidueye|Decidueye-Hisui, L50, M, shiny|100/100\n|-ability|p1a: Incineroar|Intimidate|boost\n|-unboost|p2a: Sneasler|atk|1\n|-fail|p2b: Decidueye|unboost|Attack|[from] ability: Scrappy|[of] p2b: Decidueye\n|-enditem|p2a: Sneasler|White Herb\n|-clearnegativeboost|p2a: Sneasler|[silent]\n|turn|1\n|\n|t:|1776139435\n|move|p2a: Sneasler|Protect|p2a: Sneasler\n|-singleturn|p2a: Sneasler|Protect\n|move|p1a: Incineroar|Fake Out|p2a: Sneasler\n|-activate|p2a: Sneasler|move: Protect\n|move|p2b: Decidueye|Coaching|p2a: Sneasler\n|-boost|p2a: Sneasler|atk|1\n|-boost|p2a: Sneasler|def|1\n|move|p1b: Sinistcha|Trick Room|p1b: Sinistcha\n|-fieldstart|move: Trick Room|[of] p1b: Sinistcha\n|\n|upkeep\n|turn|2\n|inactive|juanitohuchha666 has 30 seconds left.\n|inactive|juanitohuchha666 has 20 seconds left.\n|\n|t:|1776139473\n|move|p1b: Sinistcha|Protect|p1b: Sinistcha\n|-singleturn|p1b: Sinistcha|Protect\n|move|p1a: Incineroar|Parting Shot|p2a: Sneasler\n|-unboost|p2a: Sneasler|atk|1\n|-unboost|p2a: Sneasler|spa|1\n|\n|t:|1776139484\n|switch|p1a: Clawitzer|Clawitzer, L50, M|100/100|[from] Parting Shot\n|move|p2b: Decidueye|Triple Arrows|p1a: Clawitzer\n|-damage|p1a: Clawitzer|41/100\n|move|p2a: Sneasler|Dire Claw|p1b: Sinistcha\n|-activate|p1b: Sinistcha|move: Protect\n|\n|upkeep\n|turn|3\n|inactive|juanitohuchha666 has 30 seconds left.\n|\n|t:|1776139519\n|move|p2a: Sneasler|Protect|p2a: Sneasler\n|-singleturn|p2a: Sneasler|Protect\n|move|p1a: Clawitzer|Dragon Pulse|p2a: Sneasler\n|-activate|p2a: Sneasler|move: Protect\n|move|p1b: Sinistcha|Matcha Gotcha|p2b: Decidueye|[spread] p2b\n|-activate|p2a: Sneasler|move: Protect\n|-resisted|p2b: Decidueye|1\n|-damage|p2b: Decidueye|88/100\n|move|p2b: Decidueye|Leaf Blade|p1a: Clawitzer\n|-supereffective|p1a: Clawitzer|1\n|-damage|p1a: Clawitzer|0 fnt\n|faint|p1a: Clawitzer\n|\n|upkeep\n|\n|t:|1776139531\n|switch|p1a: Incineroar|Incineroar, L50, F|100/100\n|-ability|p1a: Incineroar|Intimidate|boost\n|-unboost|p2a: Sneasler|atk|1\n|-fail|p2b: Decidueye|unboost|Attack|[from] ability: Scrappy|[of] p2b: Decidueye\n|turn|4\n|\n|t:|1776139550\n|move|p1a: Incineroar|Blaze Kick|p2a: Sneasler|[miss]\n|-miss|p1a: Incineroar|p2a: Sneasler\n|move|p1b: Sinistcha|Matcha Gotcha|p2a: Sneasler|[spread] p2a,p2b\n|-resisted|p2a: Sneasler|1\n|-crit|p2a: Sneasler\n|-resisted|p2b: Decidueye|1\n|-damage|p2a: Sneasler|80/100\n|-damage|p2b: Decidueye|76/100\n|move|p2b: Decidueye|Coaching|p2a: Sneasler\n|-boost|p2a: Sneasler|atk|1\n|-boost|p2a: Sneasler|def|1\n|move|p2a: Sneasler|Dire Claw|p1b: Sinistcha\n|-damage|p1b: Sinistcha|65/100\n|\n|upkeep\n|turn|5\n|\n|t:|1776139572\n|move|p2a: Sneasler|Protect|p2a: Sneasler\n|-singleturn|p2a: Sneasler|Protect\n|move|p1a: Incineroar|Blaze Kick|p2b: Decidueye\n|-supereffective|p2b: Decidueye|1\n|-damage|p2b: Decidueye|9/100\n|move|p1b: Sinistcha|Matcha Gotcha|p2a: Sneasler|[spread] p2b\n|-activate|p2a: Sneasler|move: Protect\n|-resisted|p2b: Decidueye|1\n|-damage|p2b: Decidueye|0 fnt\n|-heal|p1b: Sinistcha|69/100|[from] drain|[of] p2b: Decidueye\n|faint|p2b: Decidueye\n|\n|-fieldend|move: Trick Room\n|upkeep\n|\n|t:|1776139584\n|switch|p2b: Pelipper|Pelipper, L50, M|100/100\n|-weather|RainDance|[from] ability: Drizzle|[of] p2b: Pelipper\n|turn|6\n|inactive|juanitohuchha666 has 30 seconds left.\n|\n|t:|1776139612\n|move|p1b: Sinistcha|Protect|p1b: Sinistcha\n|-singleturn|p1b: Sinistcha|Protect\n|move|p2a: Sneasler|Close Combat|p1a: Incineroar\n|-supereffective|p1a: Incineroar|1\n|-damage|p1a: Incineroar|0 fnt\n|-unboost|p2a: Sneasler|def|1\n|-unboost|p2a: Sneasler|spd|1\n|faint|p1a: Incineroar\n|move|p2b: Pelipper|Hurricane|p1b: Sinistcha\n|-activate|p1b: Sinistcha|move: Protect\n|\n|-weather|RainDance|[upkeep]\n|upkeep\n|\n|t:|1776139622\n|switch|p1a: Drampa|Drampa, L50, M|100/100\n|turn|7\n|\n|t:|1776139631\n|detailschange|p1a: Drampa|Drampa-Mega, L50, M\n|-mega|p1a: Drampa|Drampa|Drampanite\n|move|p2a: Sneasler|Close Combat|p1a: Drampa\n|-supereffective|p1a: Drampa|1\n|-damage|p1a: Drampa|0 fnt\n|-unboost|p2a: Sneasler|def|1\n|-unboost|p2a: Sneasler|spd|1\n|faint|p1a: Drampa\n|move|p2b: Pelipper|Hurricane|p1b: Sinistcha\n|-supereffective|p1b: Sinistcha|1\n|-crit|p1b: Sinistcha\n|-damage|p1b: Sinistcha|0 fnt\n|faint|p1b: Sinistcha\n|\n|win|ArthurGate\n|raw|juanitohuchha666's rating: 1047 &rarr; <strong>1033</strong><br />(-14 for losing)\n|raw|ArthurGate's rating: 1109 &rarr; <strong>1130</strong><br />(+21 for winning)\n|l|\u2606juanitohuchha666\n|player|p1|\n",
  "uploadtime": 1776139646,
  "views": 18,
  "formatid": "gen9championsvgc2026regma",
  "rating": 1033,
  "private": 0,
  "password": null
}