{
  "id": "gen9championsvgc2026regma-2581910668",
  "format": "[Gen 9 Champions] VGC 2026 Reg M-A",
  "players": [
    "mishedngI",
    "Holibrand"
  ],
  "log": "|j|\u2606mishedngI\n|j|\u2606Holibrand\n|t:|1776038967\n|gametype|doubles\n|player|p1|mishedngI|giovanni-gen1|1181\n|player|p2|Holibrand|pokemonbreeder-gen4|1079\n|gen|9\n|tier|[Gen 9 Champions] VGC 2026 Reg M-A\n|rated|\n|rule|Species Clause: Limit one of each Pok\u00e9mon\n|rule|Item Clause: Limit 1 of each item\n|clearpoke\n|poke|p1|Pelipper, L50, M|\n|poke|p1|Sinistcha, L50|\n|poke|p1|Sneasler, L50, M|\n|poke|p1|Starmie, L50|\n|poke|p1|Incineroar, L50, F|\n|poke|p1|Drampa, L50, M|\n|poke|p2|Clefable, L50, M|\n|poke|p2|Tyranitar, L50, M|\n|poke|p2|Incineroar, L50, M|\n|poke|p2|Excadrill, L50, F|\n|poke|p2|Sinistcha, L50|\n|poke|p2|Milotic, L50, M|\n|teampreview|4\n|inactive|Battle timer is ON: inactive players will automatically lose when time's up. (requested by Holibrand)\n|inactive|mishedngI has 60 seconds left.\n|\n|t:|1776039002\n|teamsize|p1|4\n|teamsize|p2|4\n|start\n|switch|p1a: Incineroar|Incineroar, L50, F, shiny|100/100\n|switch|p1b: Starmie|Starmie, L50|100/100\n|switch|p2a: Tyranitar|Tyranitar, L50, M, shiny|100/100\n|switch|p2b: Milotic|Milotic, L50, M, shiny|100/100\n|-weather|Sandstorm|[from] ability: Sand Stream|[of] p2a: Tyranitar\n|-ability|p1a: Incineroar|Intimidate|boost\n|-unboost|p2a: Tyranitar|atk|1\n|-unboost|p2b: Milotic|atk|1\n|-ability|p2b: Milotic|Competitive|boost\n|-boost|p2b: Milotic|spa|2\n|turn|1\n|\n|t:|1776039019\n|detailschange|p1b: Starmie|Starmie-Mega, L50\n|-mega|p1b: Starmie|Starmie|Starminite\n|move|p2a: Tyranitar|Protect|p2a: Tyranitar\n|-singleturn|p2a: Tyranitar|Protect\n|move|p2b: Milotic|Protect|p2b: Milotic\n|-singleturn|p2b: Milotic|Protect\n|move|p1a: Incineroar|Fake Out|p2b: Milotic\n|-activate|p2b: Milotic|move: Protect\n|move|p1b: Starmie|Psycho Cut|p2b: Milotic\n|-activate|p2b: Milotic|move: Protect\n|\n|-weather|Sandstorm|[upkeep]\n|-damage|p1b: Starmie|95/100|[from] Sandstorm\n|-damage|p2b: Milotic|94/100|[from] Sandstorm\n|-damage|p1a: Incineroar|95/100|[from] Sandstorm\n|upkeep\n|turn|2\n|\n|t:|1776039041\n|switch|p2a: Clefable|Clefable, L50, M|100/100\n|move|p1b: Starmie|Protect|p1b: Starmie\n|-singleturn|p1b: Starmie|Protect\n|move|p2b: Milotic|Muddy Water|p1a: Incineroar|[spread] p1a\n|-activate|p1b: Starmie|move: Protect\n|-supereffective|p1a: Incineroar|1\n|-damage|p1a: Incineroar|17/100\n|move|p1a: Incineroar|Parting Shot|p2a: Clefable\n|-unboost|p2a: Clefable|atk|1\n|-unboost|p2a: Clefable|spa|1\n|\n|t:|1776039050\n|switch|p1a: Pelipper|Pelipper, L50, M, shiny|100/100|[from] Parting Shot\n|-weather|RainDance|[from] ability: Drizzle|[of] p1a: Pelipper\n|\n|-weather|RainDance|[upkeep]\n|upkeep\n|turn|3\n|\n|t:|1776039068\n|move|p2a: Clefable|Protect|p2a: Clefable\n|-singleturn|p2a: Clefable|Protect\n|move|p1b: Starmie|Liquidation|p2b: Milotic\n|-resisted|p2b: Milotic|1\n|-damage|p2b: Milotic|44/100\n|move|p2b: Milotic|Icy Wind|p1a: Pelipper|[spread] p1a,p1b\n|-resisted|p1b: Starmie|1\n|-damage|p1a: Pelipper|77/100\n|-damage|p1b: Starmie|81/100\n|-unboost|p1a: Pelipper|spe|1\n|-unboost|p1b: Starmie|spe|1\n|move|p1a: Pelipper|Weather Ball|p2b: Milotic\n|-resisted|p2b: Milotic|1\n|-damage|p2b: Milotic|24/100\n|\n|-weather|RainDance|[upkeep]\n|upkeep\n|turn|4\n|\n|t:|1776039082\n|move|p1b: Starmie|Protect|p1b: Starmie\n|-singleturn|p1b: Starmie|Protect\n|move|p2a: Clefable|Follow Me|p2a: Clefable\n|-singleturn|p2a: Clefable|move: Follow Me\n|move|p2b: Milotic|Recover|p2b: Milotic\n|-heal|p2b: Milotic|74/100\n|move|p1a: Pelipper|Tailwind|p1a: Pelipper\n|-sidestart|p1: mishedngI|move: Tailwind\n|\n|-weather|RainDance|[upkeep]\n|upkeep\n|turn|5\n|\n|t:|1776039102\n|move|p2a: Clefable|Follow Me|p2a: Clefable\n|-singleturn|p2a: Clefable|move: Follow Me\n|move|p1b: Starmie|Liquidation|p2a: Clefable\n|-damage|p2a: Clefable|10/100\n|move|p1a: Pelipper|Weather Ball|p2a: Clefable\n|-crit|p2a: Clefable\n|-damage|p2a: Clefable|0 fnt\n|faint|p2a: Clefable\n|move|p2b: Milotic|Icy Wind|p1a: Pelipper|[spread] p1a,p1b\n|-resisted|p1b: Starmie|1\n|-damage|p1a: Pelipper|51/100\n|-damage|p1b: Starmie|69/100\n|-unboost|p1a: Pelipper|spe|1\n|-unboost|p1b: Starmie|spe|1\n|\n|-weather|RainDance|[upkeep]\n|upkeep\n|\n|t:|1776039118\n|switch|p2a: Excadrill|Excadrill, L50, F|100/100\n|turn|6\n|\n|t:|1776039139\n|switch|p1a: Incineroar|Incineroar, L50, F, shiny|17/100\n|-ability|p1a: Incineroar|Intimidate|boost\n|-unboost|p2a: Excadrill|atk|1\n|-unboost|p2b: Milotic|atk|1\n|-ability|p2b: Milotic|Competitive|boost\n|-boost|p2b: Milotic|spa|2\n|move|p2a: Excadrill|Protect|p2a: Excadrill\n|-singleturn|p2a: Excadrill|Protect\n|move|p2b: Milotic|Protect|p2b: Milotic\n|-singleturn|p2b: Milotic|Protect\n|move|p1b: Starmie|Liquidation|p2b: Milotic\n|-activate|p2b: Milotic|move: Protect\n|\n|-weather|none\n|upkeep\n|turn|7\n|\n|t:|1776039163\n|switch|p2a: Tyranitar|Tyranitar, L50, M, shiny|100/100\n|-weather|Sandstorm|[from] ability: Sand Stream|[of] p2a: Tyranitar\n|move|p1a: Incineroar|Fake Out|p2b: Milotic\n|-damage|p2b: Milotic|64/100\n|move|p1b: Starmie|Psycho Cut|p2b: Milotic\n|-damage|p2b: Milotic|10/100\n|cant|p2b: Milotic|flinch\n|\n|-weather|Sandstorm|[upkeep]\n|-damage|p1b: Starmie|63/100|[from] Sandstorm\n|-damage|p1a: Incineroar|11/100|[from] Sandstorm\n|-damage|p2b: Milotic|4/100|[from] Sandstorm\n|-sideend|p1: mishedngI|move: Tailwind\n|upkeep\n|turn|8\n|\n|t:|1776039182\n|switch|p1a: Pelipper|Pelipper, L50, M, shiny|51/100\n|-weather|RainDance|[from] ability: Drizzle|[of] p1a: Pelipper\n|detailschange|p2a: Tyranitar|Tyranitar-Mega, L50, M, shiny\n|-mega|p2a: Tyranitar|Tyranitar|Tyranitarite\n|-weather|Sandstorm|[from] ability: Sand Stream|[of] p2a: Tyranitar\n|move|p2a: Tyranitar|Rock Slide|p1b: Starmie|[spread] p1a,p1b\n|-supereffective|p1a: Pelipper|1\n|-damage|p1a: Pelipper|0 fnt\n|-damage|p1b: Starmie|24/100\n|faint|p1a: Pelipper\n|move|p2b: Milotic|Recover|p2b: Milotic\n|-heal|p2b: Milotic|54/100\n|cant|p1b: Starmie|flinch\n|\n|-weather|Sandstorm|[upkeep]\n|-damage|p2b: Milotic|47/100|[from] Sandstorm\n|-damage|p1b: Starmie|18/100|[from] Sandstorm\n|upkeep\n|\n|t:|1776039188\n|switch|p1a: Incineroar|Incineroar, L50, F, shiny|11/100\n|-ability|p1a: Incineroar|Intimidate|boost\n|-unboost|p2a: Tyranitar|atk|1\n|-unboost|p2b: Milotic|atk|1\n|-ability|p2b: Milotic|Competitive|boost\n|-boost|p2b: Milotic|spa|2\n|turn|9\n|-message|mishedngI forfeited.\n|\n|win|Holibrand\n|raw|mishedngI's rating: 1181 &rarr; <strong>1149</strong><br />(-32 for losing)\n|raw|Holibrand's rating: 1079 &rarr; <strong>1115</strong><br />(+36 for winning)\n|l|\u2606mishedngI\n|player|p1|\n",
  "uploadtime": 1776039211,
  "views": 11,
  "formatid": "gen9championsvgc2026regma",
  "rating": 1115,
  "private": 0,
  "password": null
}