{
  "id": "gen9championsvgc2026regma-2583870656",
  "format": "[Gen 9 Champions] VGC 2026 Reg M-A",
  "players": [
    "Doolie8Aardvark",
    "LaceParius2"
  ],
  "log": "|j|\u2606Doolie8Aardvark\n|j|\u2606LaceParius2\n|t:|1776204207\n|gametype|doubles\n|player|p1|Doolie8Aardvark|lucas|1080\n|player|p2|LaceParius2|101|1115\n|gen|9\n|tier|[Gen 9 Champions] VGC 2026 Reg M-A\n|rated|\n|rule|Species Clause: Limit one of each Pok\u00e9mon\n|rule|Item Clause: Limit 1 of each item\n|clearpoke\n|poke|p1|Ninetales-Alola, L50, M|\n|poke|p1|Meganium, L50, M|\n|poke|p1|Aerodactyl, L50, F|\n|poke|p1|Maushold, L50|\n|poke|p1|Basculegion, L50, M|\n|poke|p1|Camerupt, L50, F|\n|poke|p2|Froslass, L50, F|\n|poke|p2|Tyranitar, L50, M|\n|poke|p2|Excadrill, L50, M|\n|poke|p2|Whimsicott, L50, F|\n|poke|p2|Sneasler, L50, M|\n|poke|p2|Milotic, L50, M|\n|teampreview|4\n|inactive|Battle timer is ON: inactive players will automatically lose when time's up. (requested by Doolie8Aardvark)\n|\n|t:|1776204235\n|teamsize|p1|4\n|teamsize|p2|4\n|start\n|switch|p1a: Ninetales|Ninetales-Alola, L50, M|100/100\n|switch|p1b: Aerodactyl|Aerodactyl, L50, F|100/100\n|switch|p2a: Sneasler|Sneasler, L50, M|100/100\n|switch|p2b: Froslass|Froslass, L50, F|100/100\n|-ability|p1b: Aerodactyl|Unnerve\n|-weather|Snowscape|[from] ability: Snow Warning|[of] p1a: Ninetales\n|turn|1\n|\n|t:|1776204257\n|move|p2b: Froslass|Protect|p2b: Froslass\n|-singleturn|p2b: Froslass|Protect\n|move|p1a: Ninetales|Protect|p1a: Ninetales\n|-singleturn|p1a: Ninetales|Protect\n|move|p1b: Aerodactyl|Rock Slide|p2a: Sneasler|[spread] p2a\n|-activate|p2b: Froslass|move: Protect\n|-resisted|p2a: Sneasler|1\n|-damage|p2a: Sneasler|76/100\n|move|p2a: Sneasler|Close Combat|p1a: Ninetales\n|-activate|p1a: Ninetales|move: Protect\n|\n|-weather|Snowscape|[upkeep]\n|upkeep\n|turn|2\n|\n|t:|1776204277\n|detailschange|p2b: Froslass|Froslass-Mega, L50, F\n|-mega|p2b: Froslass|Froslass|Froslassite\n|move|p1b: Aerodactyl|Dual Wingbeat|p2a: Sneasler\n|-supereffective|p2a: Sneasler|1\n|-damage|p2a: Sneasler|15/100\n|-supereffective|p2a: Sneasler|1\n|-damage|p2a: Sneasler|0 fnt\n|faint|p2a: Sneasler\n|-hitcount|p2: Sneasler|2\n|move|p2b: Froslass|Blizzard|p1a: Ninetales|[spread] p1a,p1b\n|-resisted|p1a: Ninetales|1\n|-supereffective|p1b: Aerodactyl|1\n|-damage|p1a: Ninetales|72/100\n|-damage|p1b: Aerodactyl|0 fnt\n|faint|p1b: Aerodactyl\n|move|p1a: Ninetales|Aurora Veil|p1a: Ninetales\n|-sidestart|p1: Doolie8Aardvark|move: Aurora Veil\n|\n|-weather|Snowscape|[upkeep]\n|upkeep\n|\n|t:|1776204293\n|switch|p1b: Meganium|Meganium, L50, M|100/100\n|switch|p2a: Excadrill|Excadrill, L50, M|100/100\n|turn|3\n|inactive|Doolie8Aardvark has 30 seconds left.\n|\n|t:|1776204326\n|detailschange|p1b: Meganium|Meganium-Mega, L50, M\n|-mega|p1b: Meganium|Meganium|Meganiumite\n|move|p2b: Froslass|Blizzard|p1b: Meganium|[spread] p1a,p1b\n|-resisted|p1a: Ninetales|1\n|-supereffective|p1b: Meganium|1\n|-damage|p1a: Ninetales|54/100\n|-damage|p1b: Meganium|51/100\n|move|p1a: Ninetales|Blizzard|p2b: Froslass|[spread] p2a,p2b\n|-resisted|p2b: Froslass|1\n|-damage|p2a: Excadrill|52/100\n|-damage|p2b: Froslass|78/100\n|move|p2a: Excadrill|Iron Head|p1b: Meganium\n|-supereffective|p1b: Meganium|1\n|-damage|p1b: Meganium|2/100\n|move|p1b: Meganium|Weather Ball|p2b: Froslass\n|-supereffective|p2b: Froslass|1\n|-damage|p2b: Froslass|0 fnt\n|faint|p2b: Froslass\n|\n|-weather|Snowscape|[upkeep]\n|upkeep\n|\n|t:|1776204345\n|switch|p2b: Tyranitar|Tyranitar, L50, M|100/100\n|-weather|Sandstorm|[from] ability: Sand Stream|[of] p2b: Tyranitar\n|turn|4\n|inactive|Doolie8Aardvark has 30 seconds left.\n|\n|t:|1776204377\n|switch|p1b: Basculegion|Basculegion, L50, M|100/100\n|move|p1a: Ninetales|Protect|p1a: Ninetales\n|-singleturn|p1a: Ninetales|Protect\n|move|p2a: Excadrill|Rock Slide|p1b: Basculegion|[spread] p1b\n|-activate|p1a: Ninetales|move: Protect\n|-damage|p1b: Basculegion|84/100\n|move|p2b: Tyranitar|Rock Slide|p1a: Ninetales|[spread] p1b\n|-activate|p1a: Ninetales|move: Protect\n|-damage|p1b: Basculegion|62/100\n|\n|-weather|Sandstorm|[upkeep]\n|-damage|p1b: Basculegion|56/100|[from] Sandstorm\n|-damage|p1a: Ninetales|48/100|[from] Sandstorm\n|upkeep\n|turn|5\n|\n|t:|1776204399\n|switch|p1a: Meganium|Meganium-Mega, L50, M|2/100\n|move|p1b: Basculegion|Aqua Jet|p2a: Excadrill\n|-supereffective|p2a: Excadrill|1\n|-damage|p2a: Excadrill|0 fnt\n|faint|p2a: Excadrill\n|move|p2b: Tyranitar|Crunch|p1b: Basculegion\n|-supereffective|p1b: Basculegion|1\n|-damage|p1b: Basculegion|0 fnt\n|faint|p1b: Basculegion\n|\n|-weather|Sandstorm|[upkeep]\n|-damage|p1a: Meganium|0 fnt|[from] Sandstorm\n|faint|p1a: Meganium\n|upkeep\n|\n|t:|1776204411\n|switch|p1b: Ninetales|Ninetales-Alola, L50, M|48/100\n|-weather|Snowscape|[from] ability: Snow Warning|[of] p1b: Ninetales\n|turn|6\n|\n|t:|1776204418\n|move|p1b: Ninetales|Moonblast|p2b: Tyranitar\n|-supereffective|p2b: Tyranitar|1\n|-crit|p2b: Tyranitar\n|-damage|p2b: Tyranitar|8/100\n|move|p2b: Tyranitar|Rock Slide|p1b: Ninetales|[miss]\n|-miss|p2b: Tyranitar|p1b: Ninetales\n|\n|-weather|Snowscape|[upkeep]\n|-sideend|p1: Doolie8Aardvark|move: Aurora Veil\n|upkeep\n|turn|7\n|\n|t:|1776204429\n|move|p1b: Ninetales|Moonblast|p2b: Tyranitar\n|-supereffective|p2b: Tyranitar|1\n|-damage|p2b: Tyranitar|0 fnt\n|faint|p2b: Tyranitar\n|\n|win|Doolie8Aardvark\n|raw|Doolie8Aardvark's rating: 1080 &rarr; <strong>1111</strong><br />(+31 for winning)\n|raw|LaceParius2's rating: 1115 &rarr; <strong>1087</strong><br />(-28 for losing)\n",
  "uploadtime": 1776204435,
  "views": 29,
  "formatid": "gen9championsvgc2026regma",
  "rating": 1087,
  "private": 0,
  "password": null
}