{
  "id": "gen9championsvgc2026regma-2581051543",
  "format": "[Gen 9 Champions] VGC 2026 Reg M-A",
  "players": [
    "loklastaji",
    "aderhell666"
  ],
  "log": "|j|\u2606loklastaji\n|j|\u2606aderhell666\n|t:|1775955287\n|gametype|doubles\n|player|p1|loklastaji|101|1056\n|player|p2|aderhell666|101|1000\n|gen|9\n|tier|[Gen 9 Champions] VGC 2026 Reg M-A\n|rated|\n|rule|Species Clause: Limit one of each Pok\u00e9mon\n|rule|Item Clause: Limit 1 of each item\n|clearpoke\n|poke|p1|Samurott-Hisui, L50, F|\n|poke|p1|Mamoswine, L50, F|\n|poke|p1|Delphox, L50, M|\n|poke|p1|Clefable, L50, F|\n|poke|p1|Corviknight, L50, M|\n|poke|p1|Dragonite, L50, M|\n|poke|p2|Charizard, L50, F|\n|poke|p2|Whimsicott, L50, M|\n|poke|p2|Umbreon, L50, F|\n|poke|p2|Farigiraf, L50, F|\n|poke|p2|Greninja-*, L50, M|\n|poke|p2|Garchomp, L50, M|\n|teampreview|4\n|\n|t:|1775955328\n|teamsize|p1|4\n|teamsize|p2|4\n|start\n|switch|p1a: Dragonite|Dragonite, L50, M|100/100\n|switch|p1b: Delphox|Delphox, L50, M|100/100\n|switch|p2a: Charizard|Charizard, L50, F|100/100\n|switch|p2b: Garchomp|Garchomp, L50, M|100/100\n|turn|1\n|\n|t:|1775955387\n|switch|p1a: Samurott|Samurott-Hisui, L50, F|100/100\n|detailschange|p1b: Delphox|Delphox-Mega, L50, M\n|-mega|p1b: Delphox|Delphox|Delphoxite\n|move|p2a: Charizard|Protect|p2a: Charizard\n|-singleturn|p2a: Charizard|Protect\n|move|p1b: Delphox|Psychic|p2b: Garchomp\n|-damage|p2b: Garchomp|51/100\n|move|p2b: Garchomp|Dragon Claw|p1a: Samurott\n|-damage|p1a: Samurott|61/100\n|\n|upkeep\n|turn|2\n|\n|t:|1775955427\n|detailschange|p2a: Charizard|Charizard-Mega-Y, L50, F\n|-mega|p2a: Charizard|Charizard|Charizardite Y\n|-weather|SunnyDay|[from] ability: Drought|[of] p2a: Charizard\n|move|p1a: Samurott|Sucker Punch|p2a: Charizard\n|-damage|p2a: Charizard|46/100\n|move|p1b: Delphox|Heat Wave|p2a: Charizard|[spread] p2a,p2b\n|-resisted|p2a: Charizard|1\n|-resisted|p2b: Garchomp|1\n|-crit|p2b: Garchomp\n|-damage|p2a: Charizard|15/100\n|-damage|p2b: Garchomp|2/100\n|move|p2b: Garchomp|Dragon Claw|p1b: Delphox\n|-damage|p1b: Delphox|48/100\n|move|p2a: Charizard|Solar Beam||[still]\n|-prepare|p2a: Charizard|Solar Beam\n|-anim|p2a: Charizard|Solar Beam|p1a: Samurott\n|-supereffective|p1a: Samurott|1\n|-damage|p1a: Samurott|0 fnt\n|faint|p1a: Samurott\n|\n|-weather|SunnyDay|[upkeep]\n|upkeep\n|\n|t:|1775955447\n|switch|p1a: Mamoswine|Mamoswine, L50, F|100/100\n|turn|3\n|\n|t:|1775955496\n|move|p1a: Mamoswine|Ice Shard|p2b: Garchomp\n|-supereffective|p2b: Garchomp|2\n|-enditem|p2b: Garchomp|Yache Berry|[eat]\n|-enditem|p2b: Garchomp|Yache Berry|[weaken]\n|-damage|p2b: Garchomp|0 fnt\n|faint|p2b: Garchomp\n|move|p1b: Delphox|Psychic|p2a: Charizard\n|-damage|p2a: Charizard|0 fnt\n|faint|p2a: Charizard\n|\n|-weather|SunnyDay|[upkeep]\n|upkeep\n|\n|t:|1775955501\n|switch|p2b: Umbreon|Umbreon, L50, F|100/100\n|switch|p2a: Greninja|Greninja, L50, M|100/100\n|turn|4\n|\n|t:|1775955519\n|switch|p1a: Dragonite|Dragonite, L50, M|100/100\n|move|p2a: Greninja|Shadow Sneak|p1b: Delphox\n|-start|p2a: Greninja|typechange|Ghost|[from] ability: Protean\n|-supereffective|p1b: Delphox|1\n|-crit|p1b: Delphox\n|-damage|p1b: Delphox|0 fnt\n|faint|p1b: Delphox\n|move|p2b: Umbreon|Toxic|p1a: Dragonite|[miss]\n|-miss|p2b: Umbreon|p1a: Dragonite\n|\n|-weather|SunnyDay|[upkeep]\n|upkeep\n|\n|t:|1775955531\n|switch|p1b: Mamoswine|Mamoswine, L50, F|100/100\n|turn|5\n|\n|t:|1775955579\n|move|p1a: Dragonite|Protect|p1a: Dragonite\n|-singleturn|p1a: Dragonite|Protect\n|move|p2b: Umbreon|Protect|p2b: Umbreon\n|-singleturn|p2b: Umbreon|Protect\n|move|p1b: Mamoswine|Earthquake|p2b: Umbreon|[spread] p2a\n|-activate|p1a: Dragonite|move: Protect\n|-activate|p2b: Umbreon|move: Protect\n|-damage|p2a: Greninja|31/100\n|move|p2a: Greninja|Surf|p1a: Dragonite|[spread] p1b\n|-activate|p2b: Umbreon|move: Protect\n|-activate|p1a: Dragonite|move: Protect\n|-supereffective|p1b: Mamoswine|1\n|-damage|p1b: Mamoswine|75/100\n|\n|-weather|SunnyDay|[upkeep]\n|upkeep\n|turn|6\n|\n|t:|1775955597\n|move|p1b: Mamoswine|Earthquake|p2b: Umbreon|[spread] p2a,p2b\n|-immune|p1a: Dragonite\n|-damage|p2a: Greninja|0 fnt\n|-damage|p2b: Umbreon|74/100\n|faint|p2a: Greninja\n|move|p1a: Dragonite|Thunderbolt|p2b: Umbreon\n|-damage|p2b: Umbreon|52/100\n|move|p2b: Umbreon|Toxic|p1a: Dragonite\n|-status|p1a: Dragonite|tox\n|\n|-weather|none\n|-heal|p2b: Umbreon|58/100|[from] item: Leftovers\n|-damage|p1a: Dragonite|94/100 tox|[from] psn\n|upkeep\n|turn|7\n|\n|t:|1775955614\n|move|p1b: Mamoswine|Earthquake|p2b: Umbreon|[spread] p2b\n|-immune|p1a: Dragonite\n|-damage|p2b: Umbreon|30/100\n|move|p1a: Dragonite|Air Slash|p2b: Umbreon\n|-damage|p2b: Umbreon|3/100\n|move|p2b: Umbreon|Wish|p2b: Umbreon\n|\n|-heal|p2b: Umbreon|9/100|[from] item: Leftovers\n|-damage|p1a: Dragonite|82/100 tox|[from] psn\n|upkeep\n|turn|8\n|\n|t:|1775955633\n|move|p2b: Umbreon|Protect|p2b: Umbreon\n|-singleturn|p2b: Umbreon|Protect\n|move|p1b: Mamoswine|Earthquake|p2b: Umbreon|[spread] \n|-activate|p2b: Umbreon|move: Protect\n|-immune|p1a: Dragonite\n|move|p1a: Dragonite|Air Slash|p2b: Umbreon\n|-activate|p2b: Umbreon|move: Protect\n|\n|-heal|p2b: Umbreon|59/100|[from] move: Wish|[wisher] Umbreon\n|-heal|p2b: Umbreon|65/100|[from] item: Leftovers\n|-damage|p1a: Dragonite|64/100 tox|[from] psn\n|upkeep\n|turn|9\n|\n|t:|1775955652\n|move|p1b: Mamoswine|Earthquake|p2b: Umbreon|[spread] p2b\n|-immune|p1a: Dragonite\n|-damage|p2b: Umbreon|40/100\n|move|p1a: Dragonite|Draco Meteor|p2b: Umbreon\n|-damage|p2b: Umbreon|0 fnt\n|-unboost|p1a: Dragonite|spa|2\n|faint|p2b: Umbreon\n|\n|win|loklastaji\n|raw|loklastaji's rating: 1035 &rarr; <strong>1066</strong><br />(+31 for winning)\n|raw|aderhell666's rating: 1000 &rarr; <strong>1000</strong><br />(+0 for losing)\n|l|\u2606aderhell666\n|player|p2|\n",
  "uploadtime": 1775955662,
  "views": 11,
  "formatid": "gen9championsvgc2026regma",
  "rating": 1000,
  "private": 0,
  "password": null
}