{
  "id": "gen9championsvgc2026regma-2582945588",
  "format": "[Gen 9 Champions] VGC 2026 Reg M-A",
  "players": [
    "canadamans15",
    "mrks"
  ],
  "log": "|j|\u2606canadamans15\n|j|\u2606mrks\n|t:|1776127339\n|gametype|doubles\n|player|p1|canadamans15|101|1393\n|player|p2|mrks|1|1307\n|gen|9\n|tier|[Gen 9 Champions] VGC 2026 Reg M-A\n|rated|\n|rule|Species Clause: Limit one of each Pok\u00e9mon\n|rule|Item Clause: Limit 1 of each item\n|clearpoke\n|poke|p1|Delphox, L50, M|\n|poke|p1|Floette-Eternal, L50, F|\n|poke|p1|Sneasler, L50, F|\n|poke|p1|Garchomp, L50, M|\n|poke|p1|Kingambit, L50, F|\n|poke|p1|Maushold, L50|\n|poke|p2|Gengar, L50, F|\n|poke|p2|Garchomp, L50, M|\n|poke|p2|Politoed, L50, F|\n|poke|p2|Incineroar, L50, M|\n|poke|p2|Sneasler, L50, M|\n|poke|p2|Sinistcha, L50|\n|teampreview|4\n|inactive|Battle timer is ON: inactive players will automatically lose when time's up. (requested by mrks)\n|inactive|canadamans15 has 60 seconds left.\n|inactive|canadamans15 has 30 seconds left.\n|inactive|canadamans15 has 20 seconds left.\n|\n|t:|1776127454\n|teamsize|p1|4\n|teamsize|p2|4\n|start\n|switch|p1a: Delphox|Delphox, L50, M|100/100\n|switch|p1b: Garchomp|Garchomp, L50, M|100/100\n|switch|p2a: Sneasler|Sneasler, L50, M|100/100\n|switch|p2b: Gengar|Gengar, L50, F|100/100\n|turn|1\n|inactive|mrks has 30 seconds left.\n|\n|t:|1776127487\n|switch|p2a: Garchomp|Garchomp, L50, M|100/100\n|detailschange|p2b: Gengar|Gengar-Mega, L50, F\n|-mega|p2b: Gengar|Gengar|Gengarite\n|detailschange|p1a: Delphox|Delphox-Mega, L50, M\n|-mega|p1a: Delphox|Delphox|Delphoxite\n|move|p2b: Gengar|Protect|p2b: Gengar\n|-singleturn|p2b: Gengar|Protect\n|move|p1a: Delphox|Psychic|p2b: Gengar\n|-activate|p2b: Gengar|move: Protect\n|move|p1b: Garchomp|Earthquake|p2a: Garchomp|[spread] p2a\n|-activate|p2b: Gengar|move: Protect\n|-immune|p1a: Delphox|[from] ability: Levitate\n|-damage|p2a: Garchomp|64/100\n|\n|upkeep\n|turn|2\n|inactive|mrks has 30 seconds left.\n|inactive|mrks has 20 seconds left.\n|\n|t:|1776127522\n|move|p2a: Garchomp|Rock Tomb|p1a: Delphox\n|-supereffective|p1a: Delphox|1\n|-crit|p1a: Delphox\n|-damage|p1a: Delphox|0 fnt\n|faint|p1a: Delphox\n|move|p2b: Gengar|Shadow Ball|p1b: Garchomp\n|-damage|p1b: Garchomp|53/100\n|move|p1b: Garchomp|Earthquake|p2b: Gengar|[spread] p2a,p2b\n|-supereffective|p2b: Gengar|1\n|-damage|p2a: Garchomp|29/100\n|-damage|p2b: Gengar|11/100\n|\n|upkeep\n|c|\u2606canadamans15|who the fuck scarf rock tombs chomp\n|\n|t:|1776127544\n|switch|p1a: Sneasler|Sneasler, L50, F|100/100\n|turn|3\n|\n|t:|1776127560\n|switch|p2a: Sinistcha|Sinistcha, L50|100/100\n|-heal|p2b: Gengar|35/100|[from] ability: Hospitality|[of] p2a: Sinistcha\n|move|p2b: Gengar|Protect|p2b: Gengar\n|-singleturn|p2b: Gengar|Protect\n|move|p1a: Sneasler|Close Combat|p2a: Sinistcha\n|-immune|p2a: Sinistcha\n|move|p1b: Garchomp|Rock Slide|p2b: Gengar|[spread] p2a\n|-activate|p2b: Gengar|move: Protect\n|-damage|p2a: Sinistcha|87/100\n|\n|upkeep\n|turn|4\n|inactive|mrks has 30 seconds left.\n|\n|t:|1776127593\n|move|p1a: Sneasler|Protect|p1a: Sneasler\n|-singleturn|p1a: Sneasler|Protect\n|move|p2b: Gengar|Shadow Ball|p1a: Sneasler\n|-activate|p1a: Sneasler|move: Protect\n|move|p1b: Garchomp|Earthquake|p2a: Sinistcha|[spread] p2a,p2b\n|-activate|p1a: Sneasler|move: Protect\n|-resisted|p2a: Sinistcha|1\n|-supereffective|p2b: Gengar|1\n|-damage|p2a: Sinistcha|73/100\n|-damage|p2b: Gengar|0 fnt\n|faint|p2b: Gengar\n|move|p2a: Sinistcha|Matcha Gotcha|p1b: Garchomp|[spread] p1b\n|-activate|p1a: Sneasler|move: Protect\n|-crit|p1b: Garchomp\n|-damage|p1b: Garchomp|16/100\n|-heal|p2a: Sinistcha|95/100|[from] drain|[of] p1b: Garchomp\n|-enditem|p1b: Garchomp|Sitrus Berry|[eat]\n|-heal|p1b: Garchomp|40/100|[from] item: Sitrus Berry\n|\n|upkeep\n|\n|t:|1776127617\n|switch|p2b: Garchomp|Garchomp, L50, M|29/100\n|turn|5\n|inactive|canadamans15 has 30 seconds left.\n|\n|t:|1776127648\n|switch|p1b: Kingambit|Kingambit, L50, F|100/100\n|move|p2a: Sinistcha|Rage Powder|p2a: Sinistcha\n|-singleturn|p2a: Sinistcha|move: Rage Powder\n|move|p2b: Garchomp|Stomping Tantrum|p1a: Sneasler\n|-supereffective|p1a: Sneasler|1\n|-damage|p1a: Sneasler|0 fnt\n|faint|p1a: Sneasler\n|\n|upkeep\n|\n|t:|1776127655\n|switch|p1a: Garchomp|Garchomp, L50, M|40/100\n|turn|6\n|\n|t:|1776127671\n|move|p1a: Garchomp|Protect|p1a: Garchomp\n|-singleturn|p1a: Garchomp|Protect\n|move|p2b: Garchomp|Stomping Tantrum|p1b: Kingambit\n|-supereffective|p1b: Kingambit|1\n|-damage|p1b: Kingambit|36/100\n|move|p2a: Sinistcha|Matcha Gotcha|p1a: Garchomp|[spread] \n|-activate|p1a: Garchomp|move: Protect\n|-miss|p2a: Sinistcha|p1b: Kingambit\n|move|p1b: Kingambit|Kowtow Cleave|p2a: Sinistcha\n|-supereffective|p2a: Sinistcha|1\n|-enditem|p2a: Sinistcha|Colbur Berry|[eat]\n|-enditem|p2a: Sinistcha|Colbur Berry|[weaken]\n|-damage|p2a: Sinistcha|59/100\n|\n|upkeep\n|turn|7\n|\n|t:|1776127690\n|move|p2a: Sinistcha|Rage Powder|p2a: Sinistcha\n|-singleturn|p2a: Sinistcha|move: Rage Powder\n|move|p1b: Kingambit|Sucker Punch||[still]\n|-fail|p1b: Kingambit\n|move|p2b: Garchomp|Stomping Tantrum|p1b: Kingambit\n|-supereffective|p1b: Kingambit|1\n|-crit|p1b: Kingambit\n|-damage|p1b: Kingambit|0 fnt\n|faint|p1b: Kingambit\n|move|p1a: Garchomp|Dragon Claw|p2a: Sinistcha\n|-damage|p2a: Sinistcha|29/100\n|\n|upkeep\n|turn|8\n|\n|t:|1776127703\n|move|p2b: Garchomp|Stomping Tantrum|p1a: Garchomp\n|-damage|p1a: Garchomp|2/100\n|move|p1a: Garchomp|Dragon Claw|p2a: Sinistcha\n|-damage|p2a: Sinistcha|0 fnt\n|faint|p2a: Sinistcha\n|\n|upkeep\n|\n|t:|1776127709\n|switch|p2a: Sneasler|Sneasler, L50, M|100/100\n|turn|9\n|\n|t:|1776127714\n|move|p2a: Sneasler|Fake Out|p1a: Garchomp\n|-damage|p1a: Garchomp|0 fnt\n|faint|p1a: Garchomp\n|\n|win|mrks\n|raw|canadamans15's rating: 1393 &rarr; <strong>1368</strong><br />(-25 for losing)\n|raw|mrks's rating: 1307 &rarr; <strong>1332</strong><br />(+25 for winning)\n|l|\u2606canadamans15\n|player|p1|\n|l|\u2606mrks\n|player|p2|\n",
  "uploadtime": 1776127907,
  "views": 23,
  "formatid": "gen9championsvgc2026regma",
  "rating": 1332,
  "private": 0,
  "password": null
}