{
  "id": "gen9championsvgc2026regma-2588905151",
  "format": "[Gen 9 Champions] VGC 2026 Reg M-A",
  "players": [
    "yadazei",
    "jingming"
  ],
  "log": "|j|\u2606yadazei\n|j|\u2606jingming\n|html|<table width=\"100%\"><tr><td align=\"left\">yadazei</td><td align=\"right\">jingming</tr><tr><td align=\"left\"><i class=\"fa fa-circle\"></i> <i class=\"fa fa-circle-o\"></i> </td><td align=\"right\"><i class=\"fa fa-circle-o\"></i> <i class=\"fa fa-circle-o\"></i> </tr></table>\n|uhtml|bestof|<h2><strong>Game 2</strong> of <a href=\"/game-bestof3-gen9championsvgc2026regma-2588903161\">a best-of-3</a></h2>\n|t:|1776684462\n|gametype|doubles\n|player|p1|yadazei|cynthia-anime2|\n|player|p2|jingming|nate|\n|gen|9\n|tier|[Gen 9 Champions] VGC 2026 Reg M-A\n|rule|Species Clause: Limit one of each Pok\u00e9mon\n|rule|Item Clause: Limit 1 of each item\n|raw|<div class=\"infobox\"><details class=\"readmore\" open><summary><strong>1 custom rule:</strong></summary> Best of = 3</details></div>\n|clearpoke\n|poke|p1|Charizard, L50, M|\n|poke|p1|Floette-Eternal, L50, F|\n|poke|p1|Aerodactyl, L50, F|\n|poke|p1|Garchomp, L50, M|\n|poke|p1|Sneasler, L50, F|\n|poke|p1|Kingambit, L50, M|\n|poke|p2|Aerodactyl, L50, F|\n|poke|p2|Tyranitar, L50, F|\n|poke|p2|Excadrill, L50, F|\n|poke|p2|Corviknight, L50, M|\n|poke|p2|Sinistcha, L50|\n|poke|p2|Dragapult, L50, M|\n|teampreview|4\n|inactive|Battle timer is ON: inactive players will automatically lose when time's up. (requested by yadazei)\n|inactive|yadazei has 60 seconds left.\n|\n|t:|1776684498\n|teamsize|p1|4\n|teamsize|p2|4\n|start\n|switch|p1a: Sneasler|Sneasler, L50, F|100/100\n|switch|p1b: Garchomp|Garchomp, L50, M|100/100\n|switch|p2a: Tyranitar|Tyranitar, L50, F|100/100\n|switch|p2b: Aerodactyl|Aerodactyl, L50, F|100/100\n|-ability|p2b: Aerodactyl|Unnerve\n|-weather|Sandstorm|[from] ability: Sand Stream|[of] p2a: Tyranitar\n|turn|1\n|\n|t:|1776684518\n|move|p2b: Aerodactyl|Protect|p2b: Aerodactyl\n|-singleturn|p2b: Aerodactyl|Protect\n|move|p1a: Sneasler|Protect|p1a: Sneasler\n|-singleturn|p1a: Sneasler|Protect\n|move|p2a: Tyranitar|Protect|p2a: Tyranitar\n|-singleturn|p2a: Tyranitar|Protect\n|move|p1b: Garchomp|Rock Slide|p2a: Tyranitar|[spread] \n|-activate|p2a: Tyranitar|move: Protect\n|-activate|p2b: Aerodactyl|move: Protect\n|\n|-weather|Sandstorm|[upkeep]\n|-damage|p1a: Sneasler|95/100|[from] Sandstorm\n|upkeep\n|turn|2\n|\n|t:|1776684539\n|switch|p1a: Kingambit|Kingambit, L50, M|100/100\n|switch|p2a: Corviknight|Corviknight, L50, M|100/100\n|move|p1b: Garchomp|Rock Slide|p2a: Corviknight|[spread] p2a,p2b\n|-supereffective|p2b: Aerodactyl|1\n|-damage|p2a: Corviknight|81/100\n|-damage|p2b: Aerodactyl|27/100\n|cant|p2b: Aerodactyl|flinch\n|\n|-weather|Sandstorm|[upkeep]\n|-heal|p2a: Corviknight|87/100|[from] item: Leftovers\n|upkeep\n|turn|3\n|c|\u2606yadazei|\u6c14\u7b11\u4e86\n|inactive|yadazei has 30 seconds left.\n|inactive|jingming has 30 seconds left.\n|\n|t:|1776684570\n|move|p1b: Garchomp|Rock Slide|p2a: Corviknight|[spread] p2a,p2b\n|-crit|p2a: Corviknight\n|-supereffective|p2b: Aerodactyl|1\n|-damage|p2a: Corviknight|59/100\n|-damage|p2b: Aerodactyl|0 fnt\n|faint|p2b: Aerodactyl\n|cant|p2a: Corviknight|flinch\n|move|p1a: Kingambit|Kowtow Cleave|p2a: Corviknight\n|-damage|p2a: Corviknight|6/100\n|\n|-weather|Sandstorm|[upkeep]\n|-heal|p2a: Corviknight|12/100|[from] item: Leftovers\n|upkeep\n|\n|t:|1776684574\n|switch|p2b: Excadrill|Excadrill, L50, F|100/100\n|turn|4\n|\n|t:|1776684584\n|switch|p1b: Sneasler|Sneasler, L50, F|95/100\n|move|p1a: Kingambit|Protect|p1a: Kingambit\n|-singleturn|p1a: Kingambit|Protect\n|move|p2b: Excadrill|Earthquake|p1a: Kingambit|[spread] p1b\n|-activate|p1a: Kingambit|move: Protect\n|-immune|p2a: Corviknight\n|-supereffective|p1b: Sneasler|1\n|-damage|p1b: Sneasler|0 fnt\n|faint|p1b: Sneasler\n|move|p2a: Corviknight|Body Press|p1a: Kingambit\n|-activate|p1a: Kingambit|move: Protect\n|\n|-weather|Sandstorm|[upkeep]\n|-heal|p2a: Corviknight|18/100|[from] item: Leftovers\n|upkeep\n|\n|t:|1776684593\n|switch|p1b: Charizard|Charizard, L50, M|100/100\n|turn|5\n|\n|t:|1776684613\n|switch|p2b: Tyranitar|Tyranitar, L50, F|100/100\n|detailschange|p1b: Charizard|Charizard-Mega-Y, L50, M\n|-mega|p1b: Charizard|Charizard|Charizardite Y\n|-weather|SunnyDay|[from] ability: Drought|[of] p1b: Charizard\n|move|p1b: Charizard|Heat Wave|p2a: Corviknight|[spread] p2a,p2b\n|-supereffective|p2a: Corviknight|1\n|-resisted|p2b: Tyranitar|1\n|-damage|p2a: Corviknight|0 fnt\n|-damage|p2b: Tyranitar|72/100\n|faint|p2a: Corviknight\n|move|p1a: Kingambit|Iron Head|p2b: Tyranitar\n|-supereffective|p2b: Tyranitar|1\n|-damage|p2b: Tyranitar|0 fnt\n|faint|p2b: Tyranitar\n|\n|-weather|SunnyDay|[upkeep]\n|upkeep\n|\n|t:|1776684624\n|switch|p2b: Excadrill|Excadrill, L50, F|100/100\n|turn|6\n|\n|t:|1776684629\n|move|p1a: Kingambit|Protect|p1a: Kingambit\n|-singleturn|p1a: Kingambit|Protect\n|move|p2b: Excadrill|Rock Slide|p1b: Charizard|[spread] p1b\n|-activate|p1a: Kingambit|move: Protect\n|-supereffective|p1b: Charizard|2\n|-damage|p1b: Charizard|1/100\n|cant|p1b: Charizard|flinch\n|\n|-weather|SunnyDay|[upkeep]\n|upkeep\n|turn|7\n|\n|t:|1776684639\n|move|p1a: Kingambit|Sucker Punch|p2b: Excadrill\n|-damage|p2b: Excadrill|29/100\n|move|p2b: Excadrill|Rock Slide|p1a: Kingambit|[spread] p1a,p1b\n|-resisted|p1a: Kingambit|1\n|-supereffective|p1b: Charizard|2\n|-damage|p1a: Kingambit|93/100\n|-damage|p1b: Charizard|0 fnt\n|faint|p1b: Charizard\n|\n|-weather|SunnyDay|[upkeep]\n|upkeep\n|\n|t:|1776684642\n|switch|p1b: Garchomp|Garchomp, L50, M|100/100\n|turn|8\n|\n|t:|1776684646\n|move|p1a: Kingambit|Sucker Punch|p2b: Excadrill\n|-damage|p2b: Excadrill|0 fnt\n|faint|p2b: Excadrill\n|\n|win|yadazei\n|l|\u2606jingming\n|player|p2|\n",
  "uploadtime": 1776684684,
  "views": 11,
  "formatid": "gen9championsvgc2026regma",
  "rating": null,
  "private": 0,
  "password": null
}