{
  "id": "gen9championsvgc2026regma-2586000032",
  "format": "[Gen 9 Champions] VGC 2026 Reg M-A",
  "players": [
    "Hleach",
    "Phillip Blevin"
  ],
  "log": "|j|\u2606Hleach\n|j|\u2606Phillip Blevin\n|t:|1776389005\n|gametype|doubles\n|player|p1|Hleach|265|1229\n|player|p2|Phillip Blevin|cynthia-masters4|1215\n|gen|9\n|tier|[Gen 9 Champions] VGC 2026 Reg M-A\n|rated|\n|rule|Species Clause: Limit one of each Pok\u00e9mon\n|rule|Item Clause: Limit 1 of each item\n|clearpoke\n|poke|p1|Delphox, L50, M|\n|poke|p1|Basculegion, L50, M|\n|poke|p1|Dragapult, L50, M|\n|poke|p1|Sneasler, L50, M|\n|poke|p1|Clefable, L50, M|\n|poke|p1|Kingambit, L50, F|\n|poke|p2|Froslass, L50, F|\n|poke|p2|Corviknight, L50, F|\n|poke|p2|Sneasler, L50, M|\n|poke|p2|Rotom-Mow, L50|\n|poke|p2|Incineroar, L50, F|\n|poke|p2|Gyarados, L50, F|\n|teampreview|4\n|inactive|Battle timer is ON: inactive players will automatically lose when time's up. (requested by Phillip Blevin)\nPhillip Blevin has agreed to open team sheets.\n|inactive|Phillip Blevin has 60 seconds left.\n|inactive|Hleach has 60 seconds left.\n|\n|t:|1776389051\n|teamsize|p1|4\n|teamsize|p2|4\n|start\n|switch|p1a: Delphox|Delphox, L50, M|100/100\n|switch|p1b: Dragapult|Dragapult, L50, M|100/100\n|switch|p2a: Incineroar|Incineroar, L50, F|100/100\n|switch|p2b: Rotom|Rotom-Mow, L50|100/100\n|-ability|p2a: Incineroar|Intimidate|boost\n|-unboost|p1a: Delphox|atk|1\n|-fail|p1b: Dragapult|unboost|[from] ability: Clear Body|[of] p1b: Dragapult\n|turn|1\n|\n|t:|1776389074\n|move|p1b: Dragapult|Protect|p1b: Dragapult\n|-singleturn|p1b: Dragapult|Protect\n|move|p1a: Delphox|Protect|p1a: Delphox\n|-singleturn|p1a: Delphox|Protect\n|move|p2a: Incineroar|Fake Out|p1a: Delphox\n|-activate|p1a: Delphox|move: Protect\n|move|p2b: Rotom|Electroweb|p1a: Delphox|[spread] \n|-activate|p1a: Delphox|move: Protect\n|-activate|p1b: Dragapult|move: Protect\n|\n|upkeep\n|turn|2\n|inactive|Hleach has 30 seconds left.\n|\n|t:|1776389103\n|switch|p1a: Clefable|Clefable, L50, M|100/100\n|move|p2b: Rotom|Electroweb|p1b: Dragapult|[spread] p1a,p1b\n|-resisted|p1b: Dragapult|1\n|-damage|p1a: Clefable|83/100\n|-damage|p1b: Dragapult|88/100\n|-unboost|p1a: Clefable|spe|1\n|move|p1b: Dragapult|Fire Blast|p2b: Rotom\n|-supereffective|p2b: Rotom|1\n|-damage|p2b: Rotom|15/100\n|move|p2a: Incineroar|Darkest Lariat|p1a: Clefable\n|-resisted|p1a: Clefable|1\n|-damage|p1a: Clefable|69/100\n|\n|upkeep\n|turn|3\n|inactive|Hleach has 30 seconds left.\n|inactive|Phillip Blevin has 30 seconds left.\n|\n|t:|1776389134\n|move|p1b: Dragapult|Protect|p1b: Dragapult\n|-singleturn|p1b: Dragapult|Protect\n|move|p2b: Rotom|Electroweb|p1a: Clefable|[spread] \n|-activate|p1b: Dragapult|move: Protect\n|-miss|p2b: Rotom|p1a: Clefable\n|move|p2a: Incineroar|Darkest Lariat|p1b: Dragapult\n|-activate|p1b: Dragapult|move: Protect\n|move|p1a: Clefable|Moonblast|p2a: Incineroar\n|-damage|p2a: Incineroar|73/100\n|\n|upkeep\n|turn|4\n|inactive|Hleach has 30 seconds left.\n|\n|t:|1776389162\n|switch|p2b: Froslass|Froslass, L50, F|100/100\n|move|p1b: Dragapult|Dragon Pulse|p2a: Incineroar\n|-damage|p2a: Incineroar|42/100\n|move|p2a: Incineroar|Darkest Lariat|p1b: Dragapult\n|-supereffective|p1b: Dragapult|1\n|-damage|p1b: Dragapult|0 fnt\n|faint|p1b: Dragapult\n|move|p1a: Clefable|Moonblast|p2a: Incineroar\n|-damage|p2a: Incineroar|12/100\n|\n|upkeep\n|\n|t:|1776389172\n|switch|p1b: Delphox|Delphox, L50, M|100/100\n|turn|5\n|\n|t:|1776389178\n|switch|p2a: Rotom|Rotom-Mow, L50|15/100\n|detailschange|p1b: Delphox|Delphox-Mega, L50, M\n|-mega|p1b: Delphox|Delphox|Delphoxite\n|move|p1a: Clefable|Helping Hand|p1b: Delphox\n|-singleturn|p1b: Delphox|Helping Hand|[of] p1a: Clefable\n|move|p2b: Froslass|Protect|p2b: Froslass\n|-singleturn|p2b: Froslass|Protect\n|move|p1b: Delphox|Heat Wave|p2a: Rotom|[spread] p2a\n|-activate|p2b: Froslass|move: Protect\n|-supereffective|p2a: Rotom|1\n|-damage|p2a: Rotom|0 fnt\n|faint|p2a: Rotom\n|\n|upkeep\n|\n|t:|1776389184\n|switch|p2a: Incineroar|Incineroar, L50, F|12/100\n|-ability|p2a: Incineroar|Intimidate|boost\n|-unboost|p1a: Clefable|atk|1\n|-unboost|p1b: Delphox|atk|1\n|turn|6\n|\n|t:|1776389196\n|detailschange|p2b: Froslass|Froslass-Mega, L50, F\n|-mega|p2b: Froslass|Froslass|Froslassite\n|-weather|Snowscape|[from] ability: Snow Warning|[of] p2b: Froslass\n|move|p1b: Delphox|Protect|p1b: Delphox\n|-singleturn|p1b: Delphox|Protect\n|move|p2a: Incineroar|Fake Out|p1b: Delphox\n|-activate|p1b: Delphox|move: Protect\n|move|p2b: Froslass|Aurora Veil|p2b: Froslass\n|-sidestart|p2: Phillip Blevin|move: Aurora Veil\n|move|p1a: Clefable|Moonblast|p2b: Froslass\n|-damage|p2b: Froslass|72/100\n|\n|-weather|Snowscape|[upkeep]\n|upkeep\n|turn|7\n|\n|t:|1776389211\n|move|p1a: Clefable|Helping Hand|p1b: Delphox\n|-singleturn|p1b: Delphox|Helping Hand|[of] p1a: Clefable\n|move|p1b: Delphox|Heat Wave|p2a: Incineroar|[spread] p2a\n|-miss|p1b: Delphox|p2b: Froslass\n|-resisted|p2a: Incineroar|1\n|-crit|p2a: Incineroar\n|-damage|p2a: Incineroar|0 fnt\n|faint|p2a: Incineroar\n|move|p2b: Froslass|Shadow Ball|p1b: Delphox\n|-supereffective|p1b: Delphox|1\n|-damage|p1b: Delphox|23/100\n|-unboost|p1b: Delphox|spd|1\n|\n|-weather|Snowscape|[upkeep]\n|upkeep\n|\n|t:|1776389215\n|switch|p2a: Corviknight|Corviknight, L50, F|100/100\n|-ability|p2a: Corviknight|Pressure\n|turn|8\n|\n|t:|1776389220\n|move|p1a: Clefable|Helping Hand|p1b: Delphox\n|-singleturn|p1b: Delphox|Helping Hand|[of] p1a: Clefable\n|move|p1b: Delphox|Heat Wave|p2b: Froslass|[spread] p2a\n|-miss|p1b: Delphox|p2b: Froslass\n|-supereffective|p2a: Corviknight|1\n|-damage|p2a: Corviknight|13/100\n|move|p2b: Froslass|Shadow Ball|p1b: Delphox\n|-supereffective|p1b: Delphox|1\n|-damage|p1b: Delphox|0 fnt\n|faint|p1b: Delphox\n|move|p2a: Corviknight|Brave Bird|p1a: Clefable\n|-damage|p1a: Clefable|42/100\n|-enditem|p1a: Clefable|Sitrus Berry|[eat]\n|-heal|p1a: Clefable|66/100|[from] item: Sitrus Berry\n|-damage|p2a: Corviknight|4/100|[from] Recoil\n|\n|-weather|Snowscape|[upkeep]\n|-heal|p2a: Corviknight|10/100|[from] item: Leftovers\n|upkeep\n|\n|t:|1776389227\n|switch|p1b: Sneasler|Sneasler, L50, M|100/100\n|turn|9\n|\n|t:|1776389244\n|move|p1b: Sneasler|Protect|p1b: Sneasler\n|-singleturn|p1b: Sneasler|Protect\n|move|p2b: Froslass|Blizzard|p1b: Sneasler|[spread] p1a\n|-activate|p1b: Sneasler|move: Protect\n|-damage|p1a: Clefable|23/100\n|move|p2a: Corviknight|Roost|p2a: Corviknight\n|-heal|p2a: Corviknight|60/100\n|-singleturn|p2a: Corviknight|move: Roost\n|move|p1a: Clefable|Moonblast|p2a: Corviknight\n|-resisted|p2a: Corviknight|1\n|-damage|p2a: Corviknight|50/100\n|\n|-weather|Snowscape|[upkeep]\n|-heal|p2a: Corviknight|56/100|[from] item: Leftovers\n|upkeep\n|turn|10\n|\n|t:|1776389259\n|move|p1a: Clefable|Helping Hand|p1b: Sneasler\n|-singleturn|p1b: Sneasler|Helping Hand|[of] p1a: Clefable\n|move|p1b: Sneasler|Dire Claw|p2b: Froslass\n|-resisted|p2b: Froslass|1\n|-damage|p2b: Froslass|51/100\n|-status|p2b: Froslass|par\n|move|p2b: Froslass|Blizzard|p1b: Sneasler|[spread] p1a,p1b\n|-damage|p1a: Clefable|0 fnt\n|-damage|p1b: Sneasler|38/100\n|faint|p1a: Clefable\n|move|p2a: Corviknight|Bulk Up|p2a: Corviknight\n|-boost|p2a: Corviknight|atk|1\n|-boost|p2a: Corviknight|def|1\n|\n|-weather|none\n|-heal|p2a: Corviknight|62/100|[from] item: Leftovers\n|-sideend|p2: Phillip Blevin|move: Aurora Veil\n|upkeep\n|turn|11\n|\n|t:|1776389271\n|move|p1b: Sneasler|Close Combat|p2a: Corviknight\n|-damage|p2a: Corviknight|37/100\n|-unboost|p1b: Sneasler|def|1\n|-unboost|p1b: Sneasler|spd|1\n|move|p2b: Froslass|Shadow Ball|p1b: Sneasler\n|-damage|p1b: Sneasler|0 fnt\n|faint|p1b: Sneasler\n|\n|win|Phillip Blevin\n|raw|Hleach's rating: 1229 &rarr; <strong>1203</strong><br />(-26 for losing)\n|raw|Phillip Blevin's rating: 1215 &rarr; <strong>1241</strong><br />(+26 for winning)\n",
  "uploadtime": 1776389272,
  "views": 19,
  "formatid": "gen9championsvgc2026regma",
  "rating": 1203,
  "private": 0,
  "password": null
}