{
  "id": "gen9championsvgc2026regma-2584083901",
  "format": "[Gen 9 Champions] VGC 2026 Reg M-A",
  "players": [
    "Zhm/r",
    "bryangm02"
  ],
  "log": "|j|\u2606Zhm/r\n|j|\u2606bryangm02\n|t:|1776223447\n|gametype|doubles\n|player|p1|Zhm/r|clown|1149\n|player|p2|bryangm02|265|1106\n|gen|9\n|tier|[Gen 9 Champions] VGC 2026 Reg M-A\n|rated|\n|rule|Species Clause: Limit one of each Pok\u00e9mon\n|rule|Item Clause: Limit 1 of each item\n|clearpoke\n|poke|p1|Aggron, L50, M|\n|poke|p1|Slowbro, L50, F|\n|poke|p1|Incineroar, L50, F|\n|poke|p1|Sinistcha, L50|\n|poke|p1|Meganium, L50, M|\n|poke|p1|Aerodactyl, L50, M|\n|poke|p2|Meganium, L50, F|\n|poke|p2|Aerodactyl, L50, M|\n|poke|p2|Tauros-Paldea-Aqua, L50, M|\n|poke|p2|Kangaskhan, L50, F|\n|poke|p2|Archaludon, L50, F|\n|poke|p2|Typhlosion-Hisui, L50, M|\n|teampreview|4\n|inactive|Battle timer is ON: inactive players will automatically lose when time's up. (requested by bryangm02)\n|\n|t:|1776223490\n|teamsize|p1|4\n|teamsize|p2|4\n|start\n|switch|p1a: Aerodactyl|Aerodactyl, L50, M|100/100\n|switch|p1b: Incineroar|Incineroar, L50, F|100/100\n|switch|p2a: Kangaskhan|Kangaskhan, L50, F|100/100\n|switch|p2b: Tauros|Tauros-Paldea-Aqua, L50, M|100/100\n|-ability|p2b: Tauros|Intimidate|boost\n|-unboost|p1a: Aerodactyl|atk|1\n|-unboost|p1b: Incineroar|atk|1\n|-ability|p1b: Incineroar|Intimidate|boost\n|-fail|p2a: Kangaskhan|unboost|Attack|[from] ability: Inner Focus|[of] p2a: Kangaskhan\n|-unboost|p2b: Tauros|atk|1\n|-enditem|p2b: Tauros|White Herb\n|-clearnegativeboost|p2b: Tauros|[silent]\n|turn|1\n|inactive|Zhm/r has 60 seconds left.\n|\n|t:|1776223524\n|move|p1a: Aerodactyl|Protect|p1a: Aerodactyl\n|-singleturn|p1a: Aerodactyl|Protect\n|move|p2a: Kangaskhan|Fake Out|p1b: Incineroar\n|-damage|p1b: Incineroar|86/100\n|cant|p1b: Incineroar|flinch\n|move|p2b: Tauros|Wave Crash|p1a: Aerodactyl\n|-activate|p1a: Aerodactyl|move: Protect\n|\n|upkeep\n|turn|2\n|inactive|bryangm02 has 30 seconds left.\n|inactive|Zhm/r has 30 seconds left.\n|inactive|bryangm02 has 20 seconds left.\n|inactive|bryangm02 has 15 seconds left.\n|\n|t:|1776223566\n|switch|p1b: Sinistcha|Sinistcha, L50|100/100\n|detailschange|p2a: Kangaskhan|Kangaskhan-Mega, L50, F\n|-mega|p2a: Kangaskhan|Kangaskhan|Kangaskhanite\n|move|p1a: Aerodactyl|Tailwind|p1a: Aerodactyl\n|-sidestart|p1: Zhm/r|move: Tailwind\n|move|p2b: Tauros|Wave Crash|p1b: Sinistcha\n|-resisted|p1b: Sinistcha|1\n|-crit|p1b: Sinistcha\n|-damage|p1b: Sinistcha|64/100\n|-damage|p2b: Tauros|87/100|[from] Recoil\n|move|p2a: Kangaskhan|Low Kick|p1b: Sinistcha\n|-immune|p1b: Sinistcha\n|\n|upkeep\n|turn|3\n|inactive|bryangm02 has 30 seconds left.\n|\n|t:|1776223599\n|switch|p2b: Archaludon|Archaludon, L50, F|100/100\n|switch|p2a: Meganium|Meganium, L50, F|100/100\n|move|p1a: Aerodactyl|Dual Wingbeat|p2b: Archaludon\n|-resisted|p2b: Archaludon|1\n|-damage|p2b: Archaludon|96/100\n|-resisted|p2b: Archaludon|1\n|-damage|p2b: Archaludon|93/100\n|-hitcount|p2b: Archaludon|2\n|move|p1b: Sinistcha|Strength Sap|p2a: Meganium\n|-unboost|p2a: Meganium|atk|1\n|-heal|p1b: Sinistcha|100/100\n|\n|upkeep\n|turn|4\n|inactive|Zhm/r has 30 seconds left.\n|\n|t:|1776223632\n|move|p1a: Aerodactyl|Dual Wingbeat|p2a: Meganium\n|-supereffective|p2a: Meganium|1\n|-damage|p2a: Meganium|74/100\n|-supereffective|p2a: Meganium|1\n|-damage|p2a: Meganium|51/100\n|-hitcount|p2a: Meganium|2\n|move|p1b: Sinistcha|Shadow Ball|p2b: Archaludon\n|-damage|p2b: Archaludon|47/100\n|move|p2b: Archaludon|Flash Cannon|p1a: Aerodactyl\n|-supereffective|p1a: Aerodactyl|1\n|-damage|p1a: Aerodactyl|4/100\n|move|p2a: Meganium|Solar Beam||[still]\n|-prepare|p2a: Meganium|Solar Beam\n|\n|upkeep\n|turn|5\n|\n|t:|1776223655\n|switch|p1a: Incineroar|Incineroar, L50, F|86/100\n|-ability|p1a: Incineroar|Intimidate|boost\n|-unboost|p2a: Meganium|atk|1\n|-unboost|p2b: Archaludon|atk|1\n|move|p1b: Sinistcha|Shadow Ball|p2b: Archaludon\n|-damage|p2b: Archaludon|0 fnt\n|faint|p2b: Archaludon\n|move|p2a: Meganium|Solar Beam|p1a: Incineroar|[from] lockedmove\n|-resisted|p1a: Incineroar|1\n|-damage|p1a: Incineroar|62/100\n|\n|-sideend|p1: Zhm/r|move: Tailwind\n|upkeep\n|\n|t:|1776223668\n|switch|p2b: Kangaskhan|Kangaskhan-Mega, L50, F|100/100\n|turn|6\n|inactive|Zhm/r has 30 seconds left.\n|inactive|Zhm/r has 20 seconds left.\n|\n|t:|1776223707\n|move|p2b: Kangaskhan|Fake Out|p1a: Incineroar\n|-damage|p1a: Incineroar|42/100\n|-damage|p1a: Incineroar|38/100\n|-hitcount|p1a: Incineroar|2\n|cant|p1a: Incineroar|flinch\n|move|p2a: Meganium|Dazzling Gleam|p1b: Sinistcha|[spread] p1a,p1b\n|-damage|p1a: Incineroar|21/100\n|-damage|p1b: Sinistcha|88/100\n|move|p1b: Sinistcha|Shadow Ball|p2a: Meganium\n|-damage|p2a: Meganium|12/100\n|-unboost|p2a: Meganium|spd|1\n|\n|upkeep\n|turn|7\n|inactive|Zhm/r has 30 seconds left.\n|inactive|Zhm/r has 20 seconds left.\n|\n|t:|1776223742\n|move|p2a: Meganium|Protect|p2a: Meganium\n|-singleturn|p2a: Meganium|Protect\n|move|p1b: Sinistcha|Rage Powder|p1b: Sinistcha\n|-singleturn|p1b: Sinistcha|move: Rage Powder\n|move|p2b: Kangaskhan|Sucker Punch||[still]\n|-fail|p2b: Kangaskhan\n|move|p1a: Incineroar|Lash Out|p2a: Meganium\n|-activate|p2a: Meganium|move: Protect\n|\n|upkeep\n|turn|8\n|inactive|bryangm02 has 30 seconds left.\n|inactive|Zhm/r has 30 seconds left.\n|\n|t:|1776223780\n|switch|p1a: Meganium|Meganium, L50, M|100/100\n|move|p2b: Kangaskhan|Sucker Punch||[still]\n|-fail|p2b: Kangaskhan\n|move|p2a: Meganium|Dazzling Gleam|p1a: Meganium|[spread] p1a,p1b\n|-damage|p1a: Meganium|83/100\n|-damage|p1b: Sinistcha|74/100\n|move|p1b: Sinistcha|Strength Sap|p2b: Kangaskhan\n|-unboost|p2b: Kangaskhan|atk|1\n|-heal|p1b: Sinistcha|100/100\n|\n|upkeep\n|turn|9\n|-message|bryangm02 forfeited.\n|\n|win|Zhm/r\n|raw|Zhm&#x2f;r's rating: 1149 &rarr; <strong>1171</strong><br />(+22 for winning)\n|raw|bryangm02's rating: 1106 &rarr; <strong>1084</strong><br />(-22 for losing)\n|l|\u2606bryangm02\n|player|p2|\n",
  "uploadtime": 1776223799,
  "views": 21,
  "formatid": "gen9championsvgc2026regma",
  "rating": 1084,
  "private": 0,
  "password": null
}