{
  "id": "gen9championsvgc2026regma-2581823930",
  "format": "[Gen 9 Champions] VGC 2026 Reg M-A",
  "players": [
    "Feebas&Chips",
    "percsorfent"
  ],
  "log": "|j|\u2606Feebas&Chips\n|j|\u2606percsorfent\n|t:|1776031357\n|gametype|doubles\n|player|p1|Feebas&Chips|2|1111\n|player|p2|percsorfent|2|1114\n|gen|9\n|tier|[Gen 9 Champions] VGC 2026 Reg M-A\n|rated|\n|rule|Species Clause: Limit one of each Pok\u00e9mon\n|rule|Item Clause: Limit 1 of each item\n|clearpoke\n|poke|p1|Delphox, L50, F|\n|poke|p1|Garchomp, L50, M|\n|poke|p1|Primarina, L50, F|\n|poke|p1|Farigiraf, L50, F|\n|poke|p1|Sneasler, L50, M|\n|poke|p1|Ninetales-Alola, L50, M|\n|poke|p2|Tyranitar, L50, F|\n|poke|p2|Rotom-Wash, L50|\n|poke|p2|Garchomp, L50, F|\n|poke|p2|Aerodactyl, L50, M|\n|poke|p2|Sinistcha, L50|\n|poke|p2|Sneasler, L50, M|\n|teampreview|4\n|\n|t:|1776031390\n|teamsize|p1|4\n|teamsize|p2|4\n|start\n|switch|p1a: The Sneas|Sneasler, L50, M|100/100\n|switch|p1b: The Prim|Primarina, L50, F|100/100\n|switch|p2a: Aerodactyl|Aerodactyl, L50, M|100/100\n|switch|p2b: Garchomp|Garchomp, L50, F|100/100\n|-ability|p2a: Aerodactyl|Unnerve\n|turn|1\n|\n|t:|1776031415\n|move|p1a: The Sneas|Fake Out|p2b: Garchomp\n|-damage|p2b: Garchomp|85/100\n|move|p2a: Aerodactyl|Tailwind|p2a: Aerodactyl\n|-sidestart|p2: percsorfent|move: Tailwind\n|cant|p2b: Garchomp|flinch\n|move|p1b: The Prim|Calm Mind|p1b: The Prim\n|-boost|p1b: The Prim|spa|1\n|-boost|p1b: The Prim|spd|1\n|\n|upkeep\n|turn|2\n|\n|t:|1776031430\n|move|p1a: The Sneas|Protect|p1a: The Sneas\n|-singleturn|p1a: The Sneas|Protect\n|move|p2a: Aerodactyl|Dual Wingbeat|p1b: The Prim\n|-damage|p1b: The Prim|83/100\n|-damage|p1b: The Prim|65/100\n|-hitcount|p1b: The Prim|2\n|move|p2b: Garchomp|Poison Jab|p1b: The Prim\n|-supereffective|p1b: The Prim|1\n|-damage|p1b: The Prim|3/100\n|move|p1b: The Prim|Moonblast|p2b: Garchomp|[miss]\n|-miss|p1b: The Prim|p2b: Garchomp\n|\n|upkeep\n|turn|3\n|\n|t:|1776031454\n|switch|p1b: The Chomp|Garchomp, L50, M|100/100\n|move|p2a: Aerodactyl|Rock Slide|p1a: The Sneas|[spread] p1a,p1b\n|-resisted|p1a: The Sneas|1\n|-resisted|p1b: The Chomp|1\n|-crit|p1b: The Chomp\n|-damage|p1a: The Sneas|81/100\n|-damage|p1b: The Chomp|80/100\n|move|p2b: Garchomp|Earthquake|p1b: The Chomp|[spread] p1a,p1b\n|-immune|p2a: Aerodactyl\n|-supereffective|p1a: The Sneas|1\n|-damage|p1a: The Sneas|0 fnt\n|-damage|p1b: The Chomp|37/100\n|faint|p1a: The Sneas\n|\n|upkeep\n|\n|t:|1776031466\n|switch|p1a: The Phox|Delphox, L50, F|100/100\n|turn|4\n|\n|t:|1776031475\n|move|p1a: The Phox|Protect|p1a: The Phox\n|-singleturn|p1a: The Phox|Protect\n|move|p1b: The Chomp|Protect|p1b: The Chomp\n|-singleturn|p1b: The Chomp|Protect\n|move|p2a: Aerodactyl|Rock Slide|p1b: The Chomp|[spread] \n|-activate|p1a: The Phox|move: Protect\n|-activate|p1b: The Chomp|move: Protect\n|move|p2b: Garchomp|Earthquake|p1a: The Phox|[spread] \n|-activate|p1a: The Phox|move: Protect\n|-activate|p1b: The Chomp|move: Protect\n|-immune|p2a: Aerodactyl\n|\n|-sideend|p2: percsorfent|move: Tailwind\n|upkeep\n|turn|5\n|\n|t:|1776031509\n|detailschange|p1a: The Phox|Delphox-Mega, L50, F\n|-mega|p1a: The Phox|Delphox|Delphoxite\n|move|p2b: Garchomp|Protect|p2b: Garchomp\n|-singleturn|p2b: Garchomp|Protect\n|move|p1a: The Phox|Psychic|p2b: Garchomp\n|-activate|p2b: Garchomp|move: Protect\n|move|p2a: Aerodactyl|Tailwind|p2a: Aerodactyl\n|-sidestart|p2: percsorfent|move: Tailwind\n|move|p1b: The Chomp|Dragon Claw|p2b: Garchomp\n|-activate|p2b: Garchomp|move: Protect\n|\n|upkeep\n|turn|6\n|inactive|Battle timer is ON: inactive players will automatically lose when time's up. (requested by percsorfent)\n|inactive|Feebas&Chips has 60 seconds left.\n|inactive|Feebas&Chips has 30 seconds left.\n|inactive|Feebas&Chips has 20 seconds left.\n|inactive|Feebas&Chips has 15 seconds left.\n|inactive|Feebas&Chips has 10 seconds left.\n|inactive|Feebas&Chips has 5 seconds left.\n|\n|t:|1776031652\n|move|p2a: Aerodactyl|Rock Slide|p1a: The Phox|[spread] p1b\n|-miss|p2a: Aerodactyl|p1a: The Phox\n|-resisted|p1b: The Chomp|1\n|-damage|p1b: The Chomp|24/100\n|move|p2b: Garchomp|Earthquake|p1b: The Chomp|[spread] p1b\n|-immune|p2a: Aerodactyl\n|-immune|p1a: The Phox|[from] ability: Levitate\n|-damage|p1b: The Chomp|0 fnt\n|faint|p1b: The Chomp\n|move|p1a: The Phox|Heat Wave|p2a: Aerodactyl|[spread] p2a,p2b\n|-resisted|p2a: Aerodactyl|1\n|-resisted|p2b: Garchomp|1\n|-damage|p2a: Aerodactyl|69/100\n|-damage|p2b: Garchomp|63/100\n|-status|p2a: Aerodactyl|brn\n|\n|-damage|p2a: Aerodactyl|63/100 brn|[from] brn\n|upkeep\n|inactive|Feebas&Chips has 30 seconds left.\n|inactive|Feebas&Chips has 20 seconds left.\n|inactive|Feebas&Chips has 15 seconds left.\n|inactive|Feebas&Chips has 10 seconds left.\n|inactive|Feebas&Chips has 5 seconds left.\n|\n|t:|1776031707\n|switch|p1b: The Prim|Primarina, L50, F|3/100\n|turn|7\n|inactive|Feebas&Chips has 30 seconds left.\n|inactive|percsorfent has 30 seconds left.\n|inactive|Feebas&Chips has 20 seconds left.\n|inactive|Feebas&Chips has 15 seconds left.\n|inactive|percsorfent has 20 seconds left.\n|inactive|Feebas&Chips has 10 seconds left.\n|inactive|Feebas&Chips has 5 seconds left.\n|\n|t:|1776031762\n|switch|p2b: Sneasler|Sneasler, L50, M|100/100\n|move|p2a: Aerodactyl|Rock Slide|p1a: The Phox|[spread] p1a,p1b\n|-supereffective|p1a: The Phox|1\n|-damage|p1a: The Phox|62/100\n|-damage|p1b: The Prim|0 fnt\n|faint|p1b: The Prim\n|move|p1a: The Phox|Heat Wave|p2b: Sneasler|[spread] p2a,p2b\n|-resisted|p2a: Aerodactyl|1\n|-crit|p2b: Sneasler\n|-damage|p2a: Aerodactyl|30/100 brn\n|-damage|p2b: Sneasler|10/100\n|\n|-damage|p2a: Aerodactyl|24/100 brn|[from] brn\n|upkeep\n|turn|8\n|inactive|Feebas&Chips has 30 seconds left.\n|inactive|Feebas&Chips has 20 seconds left.\n|inactive|Feebas&Chips has 15 seconds left.\n|inactive|Feebas&Chips has 10 seconds left.\n|inactive|Feebas&Chips has 5 seconds left.\n|\n|t:|1776031817\n|move|p2b: Sneasler|Fake Out|p1a: The Phox\n|-damage|p1a: The Phox|37/100\n|move|p2a: Aerodactyl|Rock Slide|p1a: The Phox\n|-supereffective|p1a: The Phox|1\n|-damage|p1a: The Phox|0 fnt\n|faint|p1a: The Phox\n|\n|win|percsorfent\n|raw|Feebas&amp;Chips's rating: 1111 &rarr; <strong>1086</strong><br />(-25 for losing)\n|raw|percsorfent's rating: 1114 &rarr; <strong>1139</strong><br />(+25 for winning)\n|l|\u2606Feebas&Chips\n|player|p1|\n",
  "uploadtime": 1776031859,
  "views": 14,
  "formatid": "gen9championsvgc2026regma",
  "rating": 1086,
  "private": 0,
  "password": null
}