{
  "id": "gen9championsvgc2026regma-2582563506",
  "format": "[Gen 9 Champions] VGC 2026 Reg M-A",
  "players": [
    "Burritobrown",
    "giubeppo"
  ],
  "log": "|j|\u2606Burritobrown\n|j|\u2606giubeppo\n|t:|1776099604\n|gametype|doubles\n|player|p1|Burritobrown|169|1193\n|player|p2|giubeppo|265|1220\n|gen|9\n|tier|[Gen 9 Champions] VGC 2026 Reg M-A\n|rated|\n|rule|Species Clause: Limit one of each Pok\u00e9mon\n|rule|Item Clause: Limit 1 of each item\n|clearpoke\n|poke|p1|Incineroar, L50, M|\n|poke|p1|Farigiraf, L50, F|\n|poke|p1|Crabominable, L50, F|\n|poke|p1|Glalie, L50, F|\n|poke|p1|Aerodactyl, L50, M|\n|poke|p1|Milotic, L50, F|\n|poke|p2|Starmie, L50|\n|poke|p2|Pelipper, L50, M|\n|poke|p2|Archaludon, L50, F|\n|poke|p2|Sneasler, L50, M|\n|poke|p2|Sinistcha, L50|\n|poke|p2|Incineroar, L50, M|\n|teampreview|4\n|inactive|Battle timer is ON: inactive players will automatically lose when time's up. (requested by Burritobrown)\n|\n|t:|1776099621\n|teamsize|p1|4\n|teamsize|p2|4\n|start\n|switch|p1a: Incineroar|Incineroar, L50, M|100/100\n|switch|p1b: Farigiraf|Farigiraf, L50, F|100/100\n|switch|p2a: Starmie|Starmie, L50|100/100\n|switch|p2b: Sinistcha|Sinistcha, L50|100/100\n|-ability|p1a: Incineroar|Intimidate|boost\n|-unboost|p2a: Starmie|atk|1\n|-unboost|p2b: Sinistcha|atk|1\n|turn|1\n|\n|t:|1776099644\n|switch|p2a: Pelipper|Pelipper, L50, M|100/100\n|-weather|RainDance|[from] ability: Drizzle|[of] p2a: Pelipper\n|move|p1a: Incineroar|Fake Out|p2a: Pelipper\n|-damage|p2a: Pelipper|86/100\n|move|p2b: Sinistcha|Matcha Gotcha|p1a: Incineroar|[spread] p1a,p1b\n|-resisted|p1a: Incineroar|1\n|-damage|p1a: Incineroar|90/100\n|-damage|p1b: Farigiraf|75/100\n|move|p1b: Farigiraf|Imprison|p1b: Farigiraf\n|-start|p1b: Farigiraf|move: Imprison\n|\n|-weather|RainDance|[upkeep]\n|upkeep\n|turn|2\n|inactive|giubeppo has 30 seconds left.\n|\n|t:|1776099674\n|move|p2a: Pelipper|Hurricane|p1b: Farigiraf\n|-damage|p1b: Farigiraf|40/100\n|-start|p1b: Farigiraf|confusion\n|-enditem|p1b: Farigiraf|Sitrus Berry|[eat]\n|-heal|p1b: Farigiraf|64/100|[from] item: Sitrus Berry\n|move|p2b: Sinistcha|Matcha Gotcha|p1a: Incineroar|[spread] p1a,p1b\n|-resisted|p1a: Incineroar|1\n|-damage|p1a: Incineroar|80/100\n|-damage|p1b: Farigiraf|39/100\n|move|p1a: Incineroar|Parting Shot|p2a: Pelipper\n|-unboost|p2a: Pelipper|atk|1\n|-unboost|p2a: Pelipper|spa|1\n|\n|t:|1776099687\n|switch|p1a: Glalie|Glalie, L50, F|100/100|[from] Parting Shot\n|-activate|p1b: Farigiraf|confusion\n|move|p1b: Farigiraf|Trick Room|p1b: Farigiraf\n|-fieldstart|move: Trick Room|[of] p1b: Farigiraf\n|\n|-weather|RainDance|[upkeep]\n|-ability|p1a: Glalie|Moody|boost\n|-boost|p1a: Glalie|spe|2\n|-unboost|p1a: Glalie|atk|1\n|upkeep\n|turn|3\n|\n|t:|1776099704\n|switch|p1b: Crabominable|Crabominable, L50, F|100/100\n|move|p2a: Pelipper|Wide Guard|p2a: Pelipper\n|-singleturn|p2a: Pelipper|Wide Guard\n|move|p2b: Sinistcha|Matcha Gotcha|p1a: Glalie|[spread] p1a,p1b\n|-damage|p1a: Glalie|70/100\n|-damage|p1b: Crabominable|72/100\n|move|p1a: Glalie|Frost Breath|p1b: Crabominable\n|-resisted|p1b: Crabominable|1\n|-crit|p1b: Crabominable\n|-damage|p1b: Crabominable|57/100\n|-setboost|p1b: Crabominable|atk|6|[from] ability: Anger Point\n|\n|-weather|RainDance|[upkeep]\n|-ability|p1a: Glalie|Moody|boost\n|-boost|p1a: Glalie|def|2\n|-unboost|p1a: Glalie|spd|1\n|upkeep\n|turn|4\n|\n|t:|1776099729\n|detailschange|p1b: Crabominable|Crabominable-Mega, L50, F\n|-mega|p1b: Crabominable|Crabominable|Crabominite\n|move|p2a: Pelipper|Protect||[still]\n|-fail|p2a: Pelipper\n|move|p1b: Crabominable|Drain Punch|p2a: Pelipper\n|-resisted|p2a: Pelipper|1\n|-damage|p2a: Pelipper|0 fnt\n|-heal|p1b: Crabominable|86/100|[from] drain|[of] p2a: Pelipper\n|faint|p2a: Pelipper\n|move|p2b: Sinistcha|Shadow Ball|p1b: Crabominable\n|-damage|p1b: Crabominable|58/100\n|move|p1a: Glalie|Double Team|p1a: Glalie\n|-boost|p1a: Glalie|evasion|1\n|\n|-weather|RainDance|[upkeep]\n|-ability|p1a: Glalie|Moody|boost\n|-boost|p1a: Glalie|atk|2\n|-unboost|p1a: Glalie|spe|1\n|upkeep\n|\n|t:|1776099750\n|switch|p2a: Sneasler|Sneasler, L50, M|100/100\n|turn|5\n|\n|t:|1776099758\n|move|p1b: Crabominable|Protect|p1b: Crabominable\n|-singleturn|p1b: Crabominable|Protect\n|move|p2a: Sneasler|Fake Out|p1b: Crabominable\n|-activate|p1b: Crabominable|move: Protect\n|move|p2b: Sinistcha|Shadow Ball|p1b: Crabominable\n|-activate|p1b: Crabominable|move: Protect\n|move|p1a: Glalie|Double Team|p1a: Glalie\n|-boost|p1a: Glalie|evasion|1\n|\n|-weather|none\n|-ability|p1a: Glalie|Moody|boost\n|-boost|p1a: Glalie|def|2\n|-unboost|p1a: Glalie|spa|1\n|upkeep\n|turn|6\n|\n|t:|1776099771\n|move|p2b: Sinistcha|Rage Powder|p2b: Sinistcha\n|-singleturn|p2b: Sinistcha|move: Rage Powder\n|move|p1b: Crabominable|Drain Punch|p2b: Sinistcha\n|-immune|p2b: Sinistcha\n|move|p1a: Glalie|Double Team|p1a: Glalie\n|-boost|p1a: Glalie|evasion|1\n|move|p2a: Sneasler|Close Combat|p1b: Crabominable\n|-supereffective|p1b: Crabominable|1\n|-damage|p1b: Crabominable|0 fnt\n|-unboost|p2a: Sneasler|def|1\n|-unboost|p2a: Sneasler|spd|1\n|faint|p1b: Crabominable\n|-enditem|p2a: Sneasler|White Herb\n|-clearnegativeboost|p2a: Sneasler|[silent]\n|\n|-fieldend|move: Trick Room\n|-ability|p1a: Glalie|Moody|boost\n|-boost|p1a: Glalie|spd|2\n|-unboost|p1a: Glalie|spe|1\n|upkeep\n|\n|t:|1776099777\n|switch|p1b: Incineroar|Incineroar, L50, M|80/100\n|-ability|p1b: Incineroar|Intimidate|boost\n|-unboost|p2a: Sneasler|atk|1\n|-unboost|p2b: Sinistcha|atk|1\n|turn|7\n|\n|t:|1776099794\n|move|p2a: Sneasler|Protect|p2a: Sneasler\n|-singleturn|p2a: Sneasler|Protect\n|move|p1a: Glalie|Frost Breath|p2b: Sinistcha\n|-supereffective|p2b: Sinistcha|1\n|-crit|p2b: Sinistcha\n|-damage|p2b: Sinistcha|40/100\n|move|p2b: Sinistcha|Matcha Gotcha|p1a: Glalie|[spread] p1b\n|-miss|p2b: Sinistcha|p1a: Glalie\n|-resisted|p1b: Incineroar|1\n|-damage|p1b: Incineroar|69/100\n|-heal|p2b: Sinistcha|47/100|[from] drain|[of] p1b: Incineroar\n|move|p1b: Incineroar|Flare Blitz|p2a: Sneasler\n|-activate|p2a: Sneasler|move: Protect\n|\n|-ability|p1a: Glalie|Moody|boost\n|-boost|p1a: Glalie|spa|2\n|-unboost|p1a: Glalie|spd|1\n|upkeep\n|turn|8\n|\n|t:|1776099812\n|switch|p2b: Starmie|Starmie, L50|100/100\n|move|p2a: Sneasler|Close Combat|p1b: Incineroar\n|-supereffective|p1b: Incineroar|1\n|-enditem|p1b: Incineroar|Chople Berry|[eat]\n|-enditem|p1b: Incineroar|Chople Berry|[weaken]\n|-damage|p1b: Incineroar|27/100\n|-unboost|p2a: Sneasler|def|1\n|-unboost|p2a: Sneasler|spd|1\n|move|p1a: Glalie|Frost Breath|p2b: Starmie\n|-resisted|p2b: Starmie|1\n|-crit|p2b: Starmie\n|-damage|p2b: Starmie|74/100\n|move|p1b: Incineroar|Flare Blitz|p2a: Sneasler\n|-damage|p2a: Sneasler|0 fnt\n|faint|p2a: Sneasler\n|-damage|p1b: Incineroar|2/100|[from] Recoil\n|\n|-ability|p1a: Glalie|Moody|boost\n|-boost|p1a: Glalie|def|2\n|-unboost|p1a: Glalie|spa|1\n|upkeep\n|\n|t:|1776099819\n|switch|p2a: Sinistcha|Sinistcha, L50|47/100\n|-heal|p2b: Starmie|98/100|[from] ability: Hospitality|[of] p2a: Sinistcha\n|turn|9\n|\n|t:|1776099839\n|detailschange|p2b: Starmie|Starmie-Mega, L50\n|-mega|p2b: Starmie|Starmie|Starminite\n|move|p2a: Sinistcha|Rage Powder|p2a: Sinistcha\n|-singleturn|p2a: Sinistcha|move: Rage Powder\n|move|p2b: Starmie|Aqua Jet|p1b: Incineroar\n|-supereffective|p1b: Incineroar|1\n|-damage|p1b: Incineroar|0 fnt\n|faint|p1b: Incineroar\n|move|p1a: Glalie|Frost Breath|p2a: Sinistcha\n|-supereffective|p2a: Sinistcha|1\n|-crit|p2a: Sinistcha\n|-damage|p2a: Sinistcha|0 fnt\n|faint|p2a: Sinistcha\n|\n|-ability|p1a: Glalie|Moody|boost\n|-boost|p1a: Glalie|spd|2\n|-unboost|p1a: Glalie|spe|1\n|upkeep\n|\n|t:|1776099848\n|switch|p1b: Farigiraf|Farigiraf, L50, F|39/100\n|turn|10\n|\n|t:|1776099862\n|move|p2b: Starmie|Liquidation|p1b: Farigiraf\n|-crit|p1b: Farigiraf\n|-damage|p1b: Farigiraf|0 fnt\n|faint|p1b: Farigiraf\n|move|p1a: Glalie|Frost Breath|p2b: Starmie\n|-resisted|p2b: Starmie|1\n|-crit|p2b: Starmie\n|-damage|p2b: Starmie|84/100\n|\n|-ability|p1a: Glalie|Moody|boost\n|-boost|p1a: Glalie|atk|2\n|-unboost|p1a: Glalie|def|1\n|upkeep\n|turn|11\n|\n|t:|1776099869\n|move|p2b: Starmie|Liquidation|p1a: Glalie\n|-damage|p1a: Glalie|49/100\n|move|p1a: Glalie|Frost Breath|p2b: Starmie\n|-resisted|p2b: Starmie|1\n|-crit|p2b: Starmie\n|-damage|p2b: Starmie|71/100\n|\n|-ability|p1a: Glalie|Moody|boost\n|-boost|p1a: Glalie|spe|2\n|-unboost|p1a: Glalie|spa|1\n|upkeep\n|turn|12\n|\n|t:|1776099877\n|move|p2b: Starmie|Protect|p2b: Starmie\n|-singleturn|p2b: Starmie|Protect\n|move|p1a: Glalie|Frost Breath|p2b: Starmie\n|-activate|p2b: Starmie|move: Protect\n|\n|-ability|p1a: Glalie|Moody|boost\n|-boost|p1a: Glalie|spa|2\n|-unboost|p1a: Glalie|spd|1\n|upkeep\n|turn|13\n|\n|t:|1776099891\n|move|p2b: Starmie|Liquidation|p1a: Glalie|[miss]\n|-miss|p2b: Starmie|p1a: Glalie\n|move|p1a: Glalie|Frost Breath|p2b: Starmie\n|-resisted|p2b: Starmie|1\n|-crit|p2b: Starmie\n|-damage|p2b: Starmie|47/100\n|\n|-ability|p1a: Glalie|Moody|boost\n|-boost|p1a: Glalie|def|1\n|-unboost|p1a: Glalie|atk|1\n|upkeep\n|turn|14\n|\n|t:|1776099895\n|move|p2b: Starmie|Liquidation|p1a: Glalie\n|-damage|p1a: Glalie|29/100\n|-unboost|p1a: Glalie|def|1\n|move|p1a: Glalie|Frost Breath|p2b: Starmie\n|-resisted|p2b: Starmie|1\n|-crit|p2b: Starmie\n|-damage|p2b: Starmie|27/100\n|\n|-ability|p1a: Glalie|Moody|boost\n|-boost|p1a: Glalie|atk|2\n|-unboost|p1a: Glalie|spe|1\n|upkeep\n|turn|15\n|\n|t:|1776099910\n|move|p2b: Starmie|Zen Headbutt|p1a: Glalie\n|-damage|p1a: Glalie|10/100\n|move|p1a: Glalie|Frost Breath|p2b: Starmie\n|-resisted|p2b: Starmie|1\n|-crit|p2b: Starmie\n|-damage|p2b: Starmie|7/100\n|\n|-ability|p1a: Glalie|Moody|boost\n|-boost|p1a: Glalie|spe|2\n|-unboost|p1a: Glalie|atk|1\n|upkeep\n|turn|16\n|\n|t:|1776099926\n|move|p1a: Glalie|Ice Shard|p2b: Starmie\n|-resisted|p2b: Starmie|1\n|-damage|p2b: Starmie|0 fnt\n|faint|p2b: Starmie\n|\n|win|Burritobrown\n|raw|Burritobrown's rating: 1193 &rarr; <strong>1220</strong><br />(+27 for winning)\n|raw|giubeppo's rating: 1220 &rarr; <strong>1193</strong><br />(-27 for losing)\n|l|\u2606giubeppo\n|player|p2|\n",
  "uploadtime": 1776099938,
  "views": 27,
  "formatid": "gen9championsvgc2026regma",
  "rating": 1193,
  "private": 0,
  "password": null
}