{
  "id": "gen9championsvgc2026regma-2584889487",
  "format": "[Gen 9 Champions] VGC 2026 Reg M-A",
  "players": [
    "orionsayshi",
    "Miurzechi"
  ],
  "log": "|j|\u2606orionsayshi\n|j|\u2606Miurzechi\n|t:|1776291853\n|gametype|doubles\n|player|p1|orionsayshi|elesa|1106\n|player|p2|Miurzechi|265|1148\n|gen|9\n|tier|[Gen 9 Champions] VGC 2026 Reg M-A\n|rated|\n|rule|Species Clause: Limit one of each Pok\u00e9mon\n|rule|Item Clause: Limit 1 of each item\n|clearpoke\n|poke|p1|Incineroar, L50, F|\n|poke|p1|Gengar, L50, M|\n|poke|p1|Sableye, L50, F|\n|poke|p1|Arcanine-Hisui, L50, F|\n|poke|p1|Bellibolt, L50, M|\n|poke|p1|Sinistcha, L50|\n|poke|p2|Scizor, L50, F|\n|poke|p2|Pelipper, L50, M|\n|poke|p2|Basculegion, L50, M|\n|poke|p2|Sneasler, L50, M|\n|poke|p2|Incineroar, L50, F|\n|poke|p2|Sableye, L50, F|\n|teampreview|4\n|\n|t:|1776291911\n|teamsize|p1|4\n|teamsize|p2|4\n|start\n|switch|p1a: Arcanine|Arcanine-Hisui, L50, F|100/100\n|switch|p1b: Gengar|Gengar, L50, M|100/100\n|switch|p2a: Pelipper|Pelipper, L50, M|100/100\n|switch|p2b: Incineroar|Incineroar, L50, F|100/100\n|-ability|p1a: Arcanine|Intimidate|boost\n|-unboost|p2a: Pelipper|atk|1\n|-unboost|p2b: Incineroar|atk|1\n|-weather|RainDance|[from] ability: Drizzle|[of] p2a: Pelipper\n|turn|1\n|c|\u2606orionsayshi|is your incin blaze\n|\n|t:|1776291936\n|detailschange|p1b: Gengar|Gengar-Mega, L50, M\n|-mega|p1b: Gengar|Gengar|Gengarite\n|move|p1b: Gengar|Protect|p1b: Gengar\n|-singleturn|p1b: Gengar|Protect\n|move|p2b: Incineroar|Fake Out|p1a: Arcanine\n|-resisted|p1a: Arcanine|1\n|-damage|p1a: Arcanine|96/100\n|cant|p1a: Arcanine|flinch\n|move|p2a: Pelipper|Tailwind|p2a: Pelipper\n|-sidestart|p2: Miurzechi|move: Tailwind\n|\n|-weather|RainDance|[upkeep]\n|upkeep\n|turn|2\n|\n|t:|1776291956\n|switch|p1a: Bellibolt|Bellibolt, L50, M|100/100\n|switch|p1b: Sinistcha|Sinistcha, L50|100/100\n|move|p2a: Pelipper|Weather Ball|p1a: Bellibolt\n|-damage|p1a: Bellibolt|42/100\n|-start|p1a: Bellibolt|Charge|Weather Ball|[from] ability: Electromorphosis\n|move|p2b: Incineroar|Darkest Lariat|p1b: Sinistcha\n|-supereffective|p1b: Sinistcha|1\n|-damage|p1b: Sinistcha|62/100\n|\n|-weather|RainDance|[upkeep]\n|-heal|p1a: Bellibolt|48/100|[from] item: Leftovers\n|upkeep\n|turn|3\n|\n|t:|1776291977\n|switch|p1b: Arcanine|Arcanine-Hisui, L50, F|96/100\n|-ability|p1b: Arcanine|Intimidate|boost\n|-unboost|p2a: Pelipper|atk|1\n|-unboost|p2b: Incineroar|atk|1\n|move|p2a: Pelipper|Hurricane|p1b: Arcanine\n|-resisted|p1b: Arcanine|1\n|-damage|p1b: Arcanine|70/100\n|move|p2b: Incineroar|Darkest Lariat|p1a: Bellibolt\n|-damage|p1a: Bellibolt|31/100\n|-start|p1a: Bellibolt|Charge|Darkest Lariat|[from] ability: Electromorphosis\n|move|p1a: Bellibolt|Parabolic Charge|p2b: Incineroar|[spread] p1b,p2a,p2b\n|-supereffective|p2a: Pelipper|2\n|-damage|p1b: Arcanine|8/100\n|-heal|p1a: Bellibolt|56/100|[from] drain|[of] p1b: Arcanine\n|-enditem|p2a: Pelipper|Focus Sash\n|-damage|p2a: Pelipper|1/100\n|-heal|p1a: Bellibolt|87/100|[from] drain|[of] p2a: Pelipper\n|-damage|p2b: Incineroar|55/100\n|-heal|p1a: Bellibolt|100/100|[from] drain|[of] p2b: Incineroar\n|-end|p1a: Bellibolt|Charge|[silent]\n|\n|-weather|RainDance|[upkeep]\n|upkeep\n|turn|4\n|\n|t:|1776292007\n|switch|p1b: Sinistcha|Sinistcha, L50|62/100\n|move|p2a: Pelipper|Weather Ball|p1b: Sinistcha\n|-resisted|p1b: Sinistcha|1\n|-damage|p1b: Sinistcha|24/100\n|move|p2b: Incineroar|Darkest Lariat|p1a: Bellibolt\n|-damage|p1a: Bellibolt|85/100\n|-start|p1a: Bellibolt|Charge|Darkest Lariat|[from] ability: Electromorphosis\n|move|p1a: Bellibolt|Parabolic Charge|p2a: Pelipper|[spread] p1b,p2a,p2b\n|-resisted|p1b: Sinistcha|1\n|-supereffective|p2a: Pelipper|2\n|-damage|p1b: Sinistcha|0 fnt\n|-heal|p1a: Bellibolt|95/100|[from] drain|[of] p1b: Sinistcha\n|-damage|p2a: Pelipper|0 fnt\n|-heal|p1a: Bellibolt|95/100|[from] drain|[of] p2a: Pelipper\n|-damage|p2b: Incineroar|9/100\n|-heal|p1a: Bellibolt|100/100|[from] drain|[of] p2b: Incineroar\n|faint|p1b: Sinistcha\n|faint|p2a: Pelipper\n|-end|p1a: Bellibolt|Charge|[silent]\n|\n|-weather|RainDance|[upkeep]\n|-sideend|p2: Miurzechi|move: Tailwind\n|upkeep\n|\n|t:|1776292028\n|switch|p2a: Sableye|Sableye, L50, F|100/100\n|switch|p1b: Arcanine|Arcanine-Hisui, L50, F|8/100\n|-ability|p1b: Arcanine|Intimidate|boost\n|-unboost|p2a: Sableye|atk|1\n|-unboost|p2b: Incineroar|atk|1\n|turn|5\n|\n|t:|1776292064\n|move|p1b: Arcanine|Rock Slide|p2b: Incineroar|[spread] p2a,p2b\n|-supereffective|p2b: Incineroar|1\n|-damage|p2a: Sableye|58/100\n|-damage|p2b: Incineroar|0 fnt\n|faint|p2b: Incineroar\n|cant|p2a: Sableye|flinch\n|move|p1a: Bellibolt|Volt Switch|p2a: Sableye\n|-damage|p2a: Sableye|18/100\n|\n|t:|1776292073\n|switch|p1a: Gengar|Gengar-Mega, L50, M|100/100|[from] Volt Switch\n|\n|-weather|none\n|upkeep\n|\n|t:|1776292076\n|switch|p2b: Scizor|Scizor, L50, F|100/100\n|turn|6\n|\n|t:|1776292094\n|detailschange|p2b: Scizor|Scizor-Mega, L50, F\n|-mega|p2b: Scizor|Scizor|Scizorite\n|move|p2b: Scizor|Bullet Punch|p1b: Arcanine\n|-damage|p1b: Arcanine|0 fnt\n|faint|p1b: Arcanine\n|move|p1a: Gengar|Shadow Ball|p2b: Scizor\n|-damage|p2b: Scizor|52/100\n|move|p2a: Sableye|Foul Play|p1a: Gengar\n|-supereffective|p1a: Gengar|1\n|-damage|p1a: Gengar|45/100\n|\n|upkeep\n|\n|t:|1776292102\n|switch|p1b: Bellibolt|Bellibolt, L50, M|100/100\n|turn|7\n|\n|t:|1776292117\n|move|p2b: Scizor|Bullet Punch|p1a: Gengar\n|-damage|p1a: Gengar|0 fnt\n|faint|p1a: Gengar\n|move|p2a: Sableye|Light Screen|p2a: Sableye\n|-sidestart|p2: Miurzechi|move: Light Screen\n|move|p1b: Bellibolt|Parabolic Charge|p2b: Scizor|[spread] p2a,p2b\n|-damage|p2a: Sableye|0 fnt\n|-damage|p2b: Scizor|36/100\n|faint|p2a: Sableye\n|\n|upkeep\n|turn|8\n|\n|t:|1776292131\n|move|p2b: Scizor|Bug Bite|p1b: Bellibolt\n|-damage|p1b: Bellibolt|53/100\n|-start|p1b: Bellibolt|Charge|Bug Bite|[from] ability: Electromorphosis\n|move|p1b: Bellibolt|Parabolic Charge|p2b: Scizor\n|-damage|p2b: Scizor|0 fnt\n|-heal|p1b: Bellibolt|68/100|[from] drain|[of] p2b: Scizor\n|faint|p2b: Scizor\n|-end|p1b: Bellibolt|Charge|[silent]\n|\n|win|orionsayshi\n|raw|orionsayshi's rating: 1106 &rarr; <strong>1134</strong><br />(+28 for winning)\n|raw|Miurzechi's rating: 1148 &rarr; <strong>1120</strong><br />(-28 for losing)\n|l|\u2606Miurzechi\n|player|p2|\n",
  "uploadtime": 1776292146,
  "views": 21,
  "formatid": "gen9championsvgc2026regma",
  "rating": 1120,
  "private": 0,
  "password": null
}