{
  "id": "gen9championsvgc2026regma-2588430688",
  "format": "[Gen 9 Champions] VGC 2026 Reg M-A",
  "players": [
    "SilverVT",
    "cabrino"
  ],
  "log": "|j|\u2606SilverVT\n|j|\u2606cabrino\n|t:|1776632892\n|gametype|doubles\n|player|p1|SilverVT|silver|1663\n|player|p2|cabrino|depotagent|1625\n|gen|9\n|tier|[Gen 9 Champions] VGC 2026 Reg M-A\n|rated|\n|rule|Species Clause: Limit one of each Pok\u00e9mon\n|rule|Item Clause: Limit 1 of each item\n|clearpoke\n|poke|p1|Whimsicott, L50, M|\n|poke|p1|Gardevoir, L50, F|\n|poke|p1|Garchomp, L50, M|\n|poke|p1|Incineroar, L50, F|\n|poke|p1|Sneasler, L50, M|\n|poke|p1|Farigiraf, L50, M|\n|poke|p2|Aerodactyl, L50, F, shiny|\n|poke|p2|Sneasler, L50, M, shiny|\n|poke|p2|Kingambit, L50, M, shiny|\n|poke|p2|Garchomp, L50, M|\n|poke|p2|Basculegion, L50, M|\n|poke|p2|Charizard, L50, M, shiny|\n|teampreview|4\n|inactive|Battle timer is ON: inactive players will automatically lose when time's up. (requested by SilverVT)\n|inactive|SilverVT has 60 seconds left.\n|inactive|cabrino has 60 seconds left.\n|j| Xheadhonchkrow\n|\n|t:|1776632951\n|teamsize|p1|4\n|teamsize|p2|4\n|start\n|switch|p1a: Whimsicott|Whimsicott, L50, M|100/100\n|switch|p1b: Gardevoir|Gardevoir, L50, F|100/100\n|switch|p2a: AeroNarfi|Aerodactyl, L50, F, shiny|100/100\n|switch|p2b: Pugsy Hunter|Sneasler, L50, M, shiny|100/100\n|-ability|p2a: AeroNarfi|Unnerve\n|-ability|p1b: Gardevoir|Unnerve|Trace|[from] ability: Trace|[of] p2a: AeroNarfi\n|-ability|p1b: Gardevoir|Unnerve\n|turn|1\n|\n|t:|1776632964\n|switch|p1b: Garchomp|Garchomp, L50, M|100/100\n|move|p1a: Whimsicott|Protect|p1a: Whimsicott\n|-singleturn|p1a: Whimsicott|Protect\n|move|p2a: AeroNarfi|Tailwind|p2a: AeroNarfi\n|-sidestart|p2: cabrino|move: Tailwind\n|move|p2b: Pugsy Hunter|Dire Claw|p1b: Garchomp\n|-resisted|p1b: Garchomp|1\n|-damage|p1b: Garchomp|83/100\n|-damage|p2b: Pugsy Hunter|88/100|[from] ability: Rough Skin|[of] p1b: Garchomp\n|\n|upkeep\n|turn|2\n|\n|t:|1776632980\n|switch|p2a: Garchalipe|Garchomp, L50, M|100/100\n|move|p1a: Whimsicott|Encore||[still]\n|-fail|p1a: Whimsicott\n|move|p2b: Pugsy Hunter|Dire Claw|p1a: Whimsicott\n|-supereffective|p1a: Whimsicott|2\n|-enditem|p1a: Whimsicott|Focus Sash\n|-damage|p1a: Whimsicott|1/100\n|-status|p1a: Whimsicott|par\n|move|p1b: Garchomp|Stomping Tantrum|p2b: Pugsy Hunter\n|-supereffective|p2b: Pugsy Hunter|1\n|-damage|p2b: Pugsy Hunter|0 fnt\n|faint|p2b: Pugsy Hunter\n|\n|upkeep\n|\n|t:|1776632997\n|switch|p2b: AeroNarfi|Aerodactyl, L50, F, shiny|100/100\n|-ability|p2b: AeroNarfi|Unnerve\n|turn|3\n|\n|t:|1776633006\n|cant|p1a: Whimsicott|par\n|move|p2b: AeroNarfi|Rock Slide|p1a: Whimsicott|[spread] p1a,p1b\n|-resisted|p1b: Garchomp|1\n|-damage|p1a: Whimsicott|0 fnt\n|-damage|p1b: Garchomp|70/100\n|faint|p1a: Whimsicott\n|move|p2a: Garchalipe|Dragon Claw|p1b: Garchomp\n|-supereffective|p1b: Garchomp|1\n|-damage|p1b: Garchomp|0 fnt\n|-damage|p2a: Garchalipe|88/100|[from] ability: Rough Skin|[of] p1b: Garchomp\n|faint|p1b: Garchomp\n|\n|upkeep\n|j| narrow guard\n|\n|t:|1776633018\n|switch|p1a: Gardevoir|Gardevoir, L50, F|100/100\n|switch|p1b: Sneasler|Sneasler, L50, M|100/100\n|-ability|p1a: Gardevoir|Unnerve|Trace|[from] ability: Trace|[of] p2b: AeroNarfi\n|-ability|p1a: Gardevoir|Unnerve\n|turn|4\n|\n|t:|1776633041\n|detailschange|p1a: Gardevoir|Gardevoir-Mega, L50, F\n|-mega|p1a: Gardevoir|Gardevoir|Gardevoirite\n|move|p1b: Sneasler|Fake Out|p2b: AeroNarfi\n|-resisted|p2b: AeroNarfi|1\n|-damage|p2b: AeroNarfi|87/100\n|cant|p2b: AeroNarfi|flinch\n|move|p2a: Garchalipe|Earthquake|p1a: Gardevoir|[spread] p1a,p1b\n|-immune|p2b: AeroNarfi\n|-supereffective|p1b: Sneasler|1\n|-damage|p1a: Gardevoir|39/100\n|-damage|p1b: Sneasler|0 fnt\n|faint|p1b: Sneasler\n|move|p1a: Gardevoir|Hyper Voice|p2a: Garchalipe|[spread] p2a,p2b\n|-supereffective|p2a: Garchalipe|1\n|-damage|p2a: Garchalipe|0 fnt\n|-damage|p2b: AeroNarfi|13/100\n|faint|p2a: Garchalipe\n|\n|-sideend|p2: cabrino|move: Tailwind\n|upkeep\n|\n|t:|1776633054\n|switch|p2a: Cabrizard|Charizard, L50, M, shiny|100/100\n|turn|5\n|\n|t:|1776633058\n|detailschange|p2a: Cabrizard|Charizard-Mega-Y, L50, M, shiny\n|-mega|p2a: Cabrizard|Charizard|Charizardite Y\n|-weather|SunnyDay|[from] ability: Drought|[of] p2a: Cabrizard\n|move|p2b: AeroNarfi|Tailwind|p2b: AeroNarfi\n|-sidestart|p2: cabrino|move: Tailwind\n|move|p2a: Cabrizard|Weather Ball|p1a: Gardevoir\n|-damage|p1a: Gardevoir|0 fnt\n|faint|p1a: Gardevoir\n|\n|win|cabrino\n|raw|SilverVT's rating: 1663 &rarr; <strong>1641</strong><br />(-22 for losing)\n|raw|cabrino's rating: 1625 &rarr; <strong>1647</strong><br />(+22 for winning)\n|l|\u2606SilverVT\n|player|p1|\n",
  "uploadtime": 1776633090,
  "views": 40,
  "formatid": "gen9championsvgc2026regma",
  "rating": 1641,
  "private": 0,
  "password": null
}