{
  "id": "gen9championsvgc2026regma-2581594110",
  "format": "[Gen 9 Champions] VGC 2026 Reg M-A",
  "players": [
    "gfsawqrafds",
    "RolandGT"
  ],
  "log": "|j|\u2606gfsawqrafds\n|j|\u2606RolandGT\n|t:|1776013652\n|gametype|doubles\n|player|p1|gfsawqrafds|170|1146\n|player|p2|RolandGT|veteran|1138\n|gen|9\n|tier|[Gen 9 Champions] VGC 2026 Reg M-A\n|rated|\n|rule|Species Clause: Limit one of each Pok\u00e9mon\n|rule|Item Clause: Limit 1 of each item\n|clearpoke\n|poke|p1|Chandelure, L50, M|\n|poke|p1|Mimikyu, L50, M|\n|poke|p1|Incineroar, L50, M|\n|poke|p1|Farigiraf, L50, M|\n|poke|p1|Tyranitar, L50, F|\n|poke|p1|Torkoal, L50, M|\n|poke|p2|Blastoise, L50, M|\n|poke|p2|Whimsicott, L50, F|\n|poke|p2|Pelipper, L50, F|\n|poke|p2|Charizard, L50, M|\n|poke|p2|Sinistcha, L50|\n|teampreview|4\n|inactive|Battle timer is ON: inactive players will automatically lose when time's up. (requested by RolandGT)\n|inactive|RolandGT has 60 seconds left.\n|\n|t:|1776013686\n|teamsize|p1|4\n|teamsize|p2|4\n|start\n|switch|p1a: Neroro|Incineroar, L50, M, shiny|100/100\n|switch|p1b: Girara|Farigiraf, L50, M|100/100\n|switch|p2a: Blastoise|Blastoise, L50, M, shiny|100/100\n|switch|p2b: Whimsicott|Whimsicott, L50, F|100/100\n|-ability|p1a: Neroro|Intimidate|boost\n|-unboost|p2a: Blastoise|atk|1\n|-unboost|p2b: Whimsicott|atk|1\n|turn|1\n|\n|t:|1776013702\n|switch|p2b: Pelipper|Pelipper, L50, F|100/100\n|-weather|RainDance|[from] ability: Drizzle|[of] p2b: Pelipper\n|move|p1a: Neroro|Fake Out|p2a: Blastoise\n|-damage|p2a: Blastoise|85/100\n|cant|p2a: Blastoise|flinch\n|move|p1b: Girara|Trick Room|p1b: Girara\n|-fieldstart|move: Trick Room|[of] p1b: Girara\n|\n|-weather|RainDance|[upkeep]\n|upkeep\n|turn|2\n|\n|t:|1776013711\n|switch|p1a: Tytyra|Tyranitar, L50, F|100/100\n|-weather|Sandstorm|[from] ability: Sand Stream|[of] p1a: Tytyra\n|move|p2a: Blastoise|Protect|p2a: Blastoise\n|-singleturn|p2a: Blastoise|Protect\n|move|p1b: Girara|Hyper Voice|p2b: Pelipper|[spread] p2b\n|-activate|p2a: Blastoise|move: Protect\n|-damage|p2b: Pelipper|66/100\n|move|p2b: Pelipper|Weather Ball|p1a: Tytyra\n|-damage|p1a: Tytyra|83/100\n|\n|-weather|Sandstorm|[upkeep]\n|-damage|p1b: Girara|94/100|[from] Sandstorm\n|-damage|p2b: Pelipper|60/100|[from] Sandstorm\n|-damage|p2a: Blastoise|79/100|[from] Sandstorm\n|upkeep\n|turn|3\n|\n|t:|1776013725\n|switch|p2a: Charizard|Charizard, L50, M, shiny|100/100\n|move|p2b: Pelipper|Wide Guard|p2b: Pelipper\n|-singleturn|p2b: Pelipper|Wide Guard\n|move|p1b: Girara|Hyper Voice|p2a: Charizard|[spread] \n|-activate|p2a: Charizard|move: Wide Guard\n|-activate|p2b: Pelipper|move: Wide Guard\n|move|p1a: Tytyra|Rock Slide|p2b: Pelipper|[spread] \n|-activate|p2a: Charizard|move: Wide Guard\n|-activate|p2b: Pelipper|move: Wide Guard\n|\n|-weather|Sandstorm|[upkeep]\n|-damage|p1b: Girara|88/100|[from] Sandstorm\n|-damage|p2b: Pelipper|54/100|[from] Sandstorm\n|-damage|p2a: Charizard|95/100|[from] Sandstorm\n|upkeep\n|turn|4\n|\n|t:|1776013740\n|detailschange|p2a: Charizard|Charizard-Mega-Y, L50, M, shiny\n|-mega|p2a: Charizard|Charizard|Charizardite Y\n|-weather|SunnyDay|[from] ability: Drought|[of] p2a: Charizard\n|move|p1a: Tytyra|Protect|p1a: Tytyra\n|-singleturn|p1a: Tytyra|Protect\n|move|p2b: Pelipper|Wide Guard|p2b: Pelipper\n|-singleturn|p2b: Pelipper|Wide Guard\n|move|p1b: Girara|Hyper Voice|p2a: Charizard|[spread] \n|-activate|p2a: Charizard|move: Wide Guard\n|-activate|p2b: Pelipper|move: Wide Guard\n|move|p2a: Charizard|Heat Wave|p1a: Tytyra|[spread] p1b\n|-activate|p1a: Tytyra|move: Protect\n|-damage|p1b: Girara|27/100\n|\n|-weather|SunnyDay|[upkeep]\n|upkeep\n|turn|5\n|\n|t:|1776013761\n|switch|p2b: Blastoise|Blastoise, L50, M, shiny|79/100\n|detailschange|p1a: Tytyra|Tyranitar-Mega, L50, F\n|-mega|p1a: Tytyra|Tyranitar|Tyranitarite\n|-weather|Sandstorm|[from] ability: Sand Stream|[of] p1a: Tytyra\n|move|p1b: Girara|Helping Hand|p1a: Tytyra\n|-singleturn|p1a: Tytyra|Helping Hand|[of] p1b: Girara\n|move|p2a: Charizard|Protect|p2a: Charizard\n|-singleturn|p2a: Charizard|Protect\n|move|p1a: Tytyra|Knock Off|p2b: Blastoise\n|-damage|p2b: Blastoise|16/100\n|\n|-weather|Sandstorm|[upkeep]\n|-damage|p1b: Girara|21/100|[from] Sandstorm\n|-damage|p2b: Blastoise|10/100|[from] Sandstorm\n|-damage|p2a: Charizard|89/100|[from] Sandstorm\n|-fieldend|move: Trick Room\n|upkeep\n|turn|6\n|inactive|RolandGT has 30 seconds left.\n|\n|t:|1776013790\n|switch|p2a: Pelipper|Pelipper, L50, F|54/100\n|-weather|RainDance|[from] ability: Drizzle|[of] p2a: Pelipper\n|move|p1b: Girara|Helping Hand|p1a: Tytyra\n|-singleturn|p1a: Tytyra|Helping Hand|[of] p1b: Girara\n|move|p2b: Blastoise|Life Dew|p2b: Blastoise|[spread] p2a,p2b\n|-heal|p2a: Pelipper|79/100\n|-heal|p2b: Blastoise|36/100\n|move|p1a: Tytyra|Rock Slide|p2a: Pelipper|[spread] p2a,p2b\n|-supereffective|p2a: Pelipper|1\n|-damage|p2a: Pelipper|0 fnt\n|-damage|p2b: Blastoise|0 fnt\n|faint|p2a: Pelipper\n|faint|p2b: Blastoise\n|\n|-weather|RainDance|[upkeep]\n|upkeep\n|\n|t:|1776013804\n|switch|p2b: Whimsicott|Whimsicott, L50, F|100/100\n|switch|p2a: Charizard|Charizard-Mega-Y, L50, M, shiny|89/100\n|-weather|SunnyDay|[from] ability: Drought|[of] p2a: Charizard\n|turn|7\n|\n|t:|1776013808\n|move|p1a: Tytyra|Protect|p1a: Tytyra\n|-singleturn|p1a: Tytyra|Protect\n|move|p2a: Charizard|Heat Wave|p1b: Girara|[spread] p1b\n|-activate|p1a: Tytyra|move: Protect\n|-damage|p1b: Girara|0 fnt\n|faint|p1b: Girara\n|move|p2b: Whimsicott|Moonblast|p1a: Tytyra\n|-activate|p1a: Tytyra|move: Protect\n|\n|-weather|SunnyDay|[upkeep]\n|upkeep\n|\n|t:|1776013813\n|switch|p1b: Mikyky|Mimikyu, L50, M|100/100\n|turn|8\n|\n|t:|1776013833\n|switch|p1a: Neroro|Incineroar, L50, M, shiny|100/100\n|-ability|p1a: Neroro|Intimidate|boost\n|-unboost|p2a: Charizard|atk|1\n|-unboost|p2b: Whimsicott|atk|1\n|move|p2a: Charizard|Air Slash|p1a: Neroro\n|-damage|p1a: Neroro|57/100\n|move|p2b: Whimsicott|Moonblast|p1a: Neroro\n|-damage|p1a: Neroro|19/100\n|move|p1b: Mikyky|Trick Room|p1b: Mikyky\n|-fieldstart|move: Trick Room|[of] p1b: Mikyky\n|\n|-weather|SunnyDay|[upkeep]\n|upkeep\n|turn|9\n|inactive|RolandGT has 30 seconds left.\n|inactive|RolandGT has 20 seconds left.\n|inactive|RolandGT has 15 seconds left.\n|inactive|gfsawqrafds has 30 seconds left.\n|inactive|RolandGT has 10 seconds left.\n|inactive|RolandGT has 5 seconds left.\n|\n|t:|1776013883\n|move|p2b: Whimsicott|Encore|p1b: Mikyky\n|-start|p1b: Mikyky|Encore\n|move|p1a: Neroro|Flare Blitz|p2b: Whimsicott\n|-supereffective|p2b: Whimsicott|1\n|-damage|p2b: Whimsicott|0 fnt\n|faint|p2b: Whimsicott\n|-damage|p1a: Neroro|0 fnt|[from] Recoil\n|faint|p1a: Neroro\n|move|p2a: Charizard|Heat Wave|p1b: Mikyky\n|-activate|p1b: Mikyky|ability: Disguise\n|-damage|p1b: Mikyky|100/100\n|detailschange|p1b: Mikyky|Mimikyu-Busted, L50, M\n|-damage|p1b: Mikyky|88/100|[from] pokemon: Mimikyu-Busted\n|move|p1b: Mikyky|Trick Room|p1b: Mikyky\n|-fieldend|move: Trick Room\n|\n|-weather|SunnyDay|[upkeep]\n|upkeep\n|\n|t:|1776013888\n|switch|p1a: Tytyra|Tyranitar-Mega, L50, F|83/100\n|-weather|Sandstorm|[from] ability: Sand Stream|[of] p1a: Tytyra\n|turn|10\n|\n|t:|1776013900\n|move|p2a: Charizard|Heat Wave|p1b: Mikyky|[spread] p1a,p1b\n|-resisted|p1a: Tytyra|1\n|-damage|p1a: Tytyra|74/100\n|-damage|p1b: Mikyky|44/100\n|-enditem|p1b: Mikyky|Sitrus Berry|[eat]\n|-heal|p1b: Mikyky|68/100|[from] item: Sitrus Berry\n|move|p1a: Tytyra|Rock Slide|p2a: Charizard\n|-supereffective|p2a: Charizard|2\n|-damage|p2a: Charizard|0 fnt\n|faint|p2a: Charizard\n|\n|win|gfsawqrafds\n|raw|gfsawqrafds's rating: 1146 &rarr; <strong>1170</strong><br />(+24 for winning)\n|raw|RolandGT's rating: 1138 &rarr; <strong>1114</strong><br />(-24 for losing)\n",
  "uploadtime": 1776013908,
  "views": 21,
  "formatid": "gen9championsvgc2026regma",
  "rating": 1114,
  "private": 0,
  "password": null
}