{
  "id": "gen9championsvgc2026regma-2582041125",
  "format": "[Gen 9 Champions] VGC 2026 Reg M-A",
  "players": [
    "loklastaji",
    "WGSGZM"
  ],
  "log": "|j|\u2606loklastaji\n|j|\u2606WGSGZM\n|t:|1776051068\n|gametype|doubles\n|player|p1|loklastaji|265|1353\n|player|p2|WGSGZM|265|1343\n|gen|9\n|tier|[Gen 9 Champions] VGC 2026 Reg M-A\n|rated|\n|rule|Species Clause: Limit one of each Pok\u00e9mon\n|rule|Item Clause: Limit 1 of each item\n|clearpoke\n|poke|p1|Samurott-Hisui, L50, M|\n|poke|p1|Mamoswine, L50, M|\n|poke|p1|Delphox, L50, M|\n|poke|p1|Tsareena, L50, F|\n|poke|p1|Corviknight, L50, M|\n|poke|p1|Altaria, L50, F|\n|poke|p2|Kommo-o, L50, M|\n|poke|p2|Sinistcha-Masterpiece, L50|\n|poke|p2|Incineroar, L50, F|\n|poke|p2|Zoroark-Hisui, L50, M|\n|poke|p2|Froslass, L50, F|\n|poke|p2|Meowscarada, L50, F|\n|teampreview|4\n|l|\u2606WGSGZM\n|player|p2|\n|j|\u2606WGSGZM\n|player|p2|WGSGZM|265|\n|inactive|Battle timer is ON: inactive players will automatically lose when time's up. (requested by WGSGZM)\n|inactive|WGSGZM has 60 seconds left.\n|\n|t:|1776051134\n|teamsize|p1|4\n|teamsize|p2|4\n|start\n|switch|p1a: Samurott|Samurott-Hisui, L50, M|100/100\n|switch|p1b: Mamoswine|Mamoswine, L50, M|100/100\n|switch|p2a: Kommo-o|Kommo-o, L50, M|100/100\n|switch|p2b: Froslass|Froslass, L50, F|100/100\n|turn|1\n|j| Reign1997\n|inactive|loklastaji has 30 seconds left.\n|inactive|WGSGZM has 30 seconds left.\n|\n|t:|1776051167\n|move|p2a: Kommo-o|Protect|p2a: Kommo-o\n|-singleturn|p2a: Kommo-o|Protect\n|move|p1b: Mamoswine|Ice Shard|p2a: Kommo-o\n|-activate|p2a: Kommo-o|move: Protect\n|move|p2b: Froslass|Hyper Voice|p1b: Mamoswine|[spread] p1a,p1b\n|-crit|p1b: Mamoswine\n|-damage|p1a: Samurott|44/100\n|-damage|p1b: Mamoswine|21/100\n|move|p1a: Samurott|Ceaseless Edge|p2b: Froslass|[miss]\n|-miss|p1a: Samurott|p2b: Froslass\n|\n|upkeep\n|turn|2\n|\n|t:|1776051189\n|move|p1b: Mamoswine|Ice Shard|p2a: Kommo-o\n|-supereffective|p2a: Kommo-o|1\n|-damage|p2a: Kommo-o|60/100\n|move|p1a: Samurott|Sucker Punch|p2b: Froslass\n|-supereffective|p2b: Froslass|1\n|-damage|p2b: Froslass|0 fnt\n|replace|p2b: Zoroark|Zoroark-Hisui, L50, M\n|-end|p2b: Zoroark|Illusion\n|faint|p2b: Zoroark\n|move|p2a: Kommo-o|Clangorous Soul|p2a: Kommo-o\n|-boost|p2a: Kommo-o|atk|1\n|-boost|p2a: Kommo-o|def|1\n|-boost|p2a: Kommo-o|spa|1\n|-boost|p2a: Kommo-o|spd|1\n|-boost|p2a: Kommo-o|spe|1\n|-damage|p2a: Kommo-o|27/100\n|\n|-heal|p2a: Kommo-o|33/100|[from] item: Leftovers\n|upkeep\n|j| coscu fan\n|\n|t:|1776051196\n|switch|p2b: Sinistcha|Sinistcha-Masterpiece, L50|100/100\n|-heal|p2a: Kommo-o|58/100|[from] ability: Hospitality|[of] p2b: Sinistcha\n|turn|3\n|\n|t:|1776051211\n|move|p1b: Mamoswine|Ice Shard|p2a: Kommo-o\n|-supereffective|p2a: Kommo-o|1\n|-damage|p2a: Kommo-o|29/100\n|move|p2a: Kommo-o|Clanging Scales|p1b: Mamoswine|[spread] p1a,p1b\n|-damage|p1a: Samurott|0 fnt\n|-damage|p1b: Mamoswine|0 fnt\n|faint|p1a: Samurott\n|faint|p1b: Mamoswine\n|-unboost|p2a: Kommo-o|def|1\n|move|p2b: Sinistcha|Life Dew||[still]|[spread] p2a,p2b\n|-heal|p2a: Kommo-o|54/100\n|-fail|p2b: Sinistcha|heal\n|\n|-heal|p2a: Kommo-o|60/100|[from] item: Leftovers\n|upkeep\n|\n|t:|1776051227\n|switch|p1b: Tsareena|Tsareena, L50, F|100/100\n|switch|p1a: Delphox|Delphox, L50, M|100/100\n|turn|4\n|inactive|loklastaji has 30 seconds left.\n|\n|t:|1776051252\n|move|p1a: Delphox|Protect|p1a: Delphox\n|-singleturn|p1a: Delphox|Protect\n|move|p2b: Sinistcha|Rage Powder|p2b: Sinistcha\n|-singleturn|p2b: Sinistcha|move: Rage Powder\n|move|p2a: Kommo-o|Clanging Scales|p1b: Tsareena|[spread] p1b\n|-activate|p1a: Delphox|move: Protect\n|-damage|p1b: Tsareena|33/100\n|-unboost|p2a: Kommo-o|def|1\n|move|p1b: Tsareena|Taunt|p2b: Sinistcha\n|-start|p2b: Sinistcha|move: Taunt\n|\n|-heal|p2a: Kommo-o|66/100|[from] item: Leftovers\n|upkeep\n|turn|5\n|l| coscu fan\n|inactive|loklastaji has 30 seconds left.\n|\n|t:|1776051278\n|detailschange|p1a: Delphox|Delphox-Mega, L50, M\n|-mega|p1a: Delphox|Delphox|Delphoxite\n|move|p2a: Kommo-o|Protect|p2a: Kommo-o\n|-singleturn|p2a: Kommo-o|Protect\n|move|p1a: Delphox|Psychic|p2a: Kommo-o\n|-activate|p2a: Kommo-o|move: Protect\n|move|p1b: Tsareena|High Jump Kick|p2a: Kommo-o\n|-activate|p2a: Kommo-o|move: Protect\n|-damage|p1b: Tsareena|0 fnt|[from] highjumpkick\n|faint|p1b: Tsareena\n|move|p2b: Sinistcha|Matcha Gotcha|p1a: Delphox\n|-resisted|p1a: Delphox|1\n|-damage|p1a: Delphox|84/100\n|\n|-heal|p2a: Kommo-o|72/100|[from] item: Leftovers\n|upkeep\n|turn|6\n|\n|t:|1776051302\n|move|p2a: Kommo-o|Clanging Scales|p1a: Delphox\n|-damage|p1a: Delphox|12/100\n|-unboost|p2a: Kommo-o|def|1\n|move|p1a: Delphox|Psychic|p2a: Kommo-o\n|-supereffective|p2a: Kommo-o|1\n|-damage|p2a: Kommo-o|0 fnt\n|faint|p2a: Kommo-o\n|move|p2b: Sinistcha|Matcha Gotcha|p1a: Delphox\n|-resisted|p1a: Delphox|1\n|-damage|p1a: Delphox|0 fnt\n|faint|p1a: Delphox\n|\n|win|WGSGZM\n|raw|loklastaji's rating: 1353 &rarr; <strong>1332</strong><br />(-21 for losing)\n|raw|WGSGZM's rating: 1343 &rarr; <strong>1364</strong><br />(+21 for winning)\n|l|\u2606WGSGZM\n|player|p2|\n",
  "uploadtime": 1776051316,
  "views": 36,
  "formatid": "gen9championsvgc2026regma",
  "rating": 1332,
  "private": 0,
  "password": null
}