{
  "id": "gen9championsvgc2026regma-2585614326",
  "format": "[Gen 9 Champions] VGC 2026 Reg M-A",
  "players": [
    "gentlementlemen",
    "rus0804"
  ],
  "log": "|j|\u2606gentlementlemen\n|j|\u2606rus0804\n|t:|1776358985\n|gametype|doubles\n|player|p1|gentlementlemen|265|1000\n|player|p2|rus0804|1|1084\n|gen|9\n|tier|[Gen 9 Champions] VGC 2026 Reg M-A\n|rated|\n|rule|Species Clause: Limit one of each Pok\u00e9mon\n|rule|Item Clause: Limit 1 of each item\n|clearpoke\n|poke|p1|Ampharos, L50, M|\n|poke|p1|Garchomp, L50, F|\n|poke|p1|Clefable, L50, M|\n|poke|p1|Slowbro, L50, F|\n|poke|p1|Corviknight, L50, F|\n|poke|p1|Chandelure, L50, M|\n|poke|p2|Meganium, L50, F|\n|poke|p2|Typhlosion-Hisui, L50, M|\n|poke|p2|Tauros-Paldea-Aqua, L50, M|\n|poke|p2|Aerodactyl, L50, M|\n|poke|p2|Archaludon, L50, M|\n|poke|p2|Kangaskhan, L50, F|\n|teampreview|4\nrus0804 has agreed to open team sheets.\ngentlementlemen has agreed to open team sheets.\n|showteam|p1|Ampharos||Ampharosite|Static|Discharge,VoltSwitch,DragonPulse,Protect|||M|||50|]Garchomp||ChoiceScarf|RoughSkin|Earthquake,Outrage,RockSlide,FireBlast|||F|||50|]Clefable||Leftovers|MagicGuard|Encore,Wish,Moonblast,StealthRock|||M|||50|]Slowbro||SitrusBerry|Regenerator|Surf,Yawn,SlackOff,TrickRoom|||F|||50|]Corviknight||YacheBerry|MirrorArmor|BraveBird,Defog,IronHead,Taunt|||F|||50|]Chandelure||Chandelurite|FlashFire|TrickRoom,WillOWisp,HeatWave,ShadowBall|||M|||50|\n|showteam|p2|Meganium||Meganiumite|Overgrow|DazzlingGleam,Protect,WeatherBall,SolarBeam|||F|||50|]Typhlosion-Hisui||ChoiceScarf|Frisk|Eruption,ShadowBall,Flamethrower,Overheat|||M|||50|]Tauros-Paldea-Aqua||WhiteHerb|Intimidate|CloseCombat,Protect,AquaJet,WaveCrash|||M|||50|]Aerodactyl||FocusSash|Unnerve|DualWingbeat,Protect,Tailwind,RockSlide|||M|||50|]Archaludon||DragonFang|Stalwart|DracoMeteor,FlashCannon,Protect,SteelBeam|||M|||50|]Kangaskhan||Kangaskhanite|InnerFocus|FakeOut,Protect,LowKick,SuckerPunch|||F|||50|\n|\n|t:|1776359027\n|teamsize|p1|4\n|teamsize|p2|4\n|start\n|switch|p1a: Clefable|Clefable, L50, M|100/100\n|switch|p1b: Corviknight|Corviknight, L50, F|100/100\n|switch|p2a: Kangaskhan|Kangaskhan, L50, F|100/100\n|switch|p2b: Tauros|Tauros-Paldea-Aqua, L50, M|100/100\n|-ability|p2b: Tauros|Intimidate|boost\n|-unboost|p1a: Clefable|atk|1\n|-ability|p1b: Corviknight|Mirror Armor\n|-unboost|p2b: Tauros|atk|1\n|-enditem|p2b: Tauros|White Herb\n|-clearnegativeboost|p2b: Tauros|[silent]\n|turn|1\n|\n|t:|1776359061\n|switch|p2b: Typhlosion|Typhlosion-Hisui, L50, M, shiny|100/100\n|-item|p1a: Clefable|Leftovers|[from] ability: Frisk|[of] p2b: Typhlosion\n|-item|p1b: Corviknight|Yache Berry|[from] ability: Frisk|[of] p2b: Typhlosion\n|move|p2a: Kangaskhan|Fake Out|p1a: Clefable\n|-damage|p1a: Clefable|81/100\n|move|p1b: Corviknight|Brave Bird|p2b: Typhlosion\n|-damage|p2b: Typhlosion|42/100\n|-damage|p1b: Corviknight|86/100|[from] Recoil\n|cant|p1a: Clefable|flinch\n|\n|-heal|p1a: Clefable|87/100|[from] item: Leftovers\n|upkeep\n|turn|2\n|\n|t:|1776359105\n|switch|p1b: Garchomp|Garchomp, L50, F|100/100\n|move|p2a: Kangaskhan|Protect|p2a: Kangaskhan\n|-singleturn|p2a: Kangaskhan|Protect\n|move|p2b: Typhlosion|Shadow Ball|p1a: Clefable\n|-damage|p1a: Clefable|61/100\n|move|p1a: Clefable|Stealth Rock|p2b: Typhlosion\n|-sidestart|p2: rus0804|move: Stealth Rock\n|\n|-heal|p1a: Clefable|67/100|[from] item: Leftovers\n|upkeep\n|turn|3\n|\n|t:|1776359125\n|switch|p2b: Meganium|Meganium, L50, F, shiny|100/100\n|-damage|p2b: Meganium|88/100|[from] Stealth Rock\n|switch|p2a: Tauros|Tauros-Paldea-Aqua, L50, M|100/100\n|-damage|p2a: Tauros|94/100|[from] Stealth Rock\n|-ability|p2a: Tauros|Intimidate|boost\n|-unboost|p1a: Clefable|atk|1\n|-unboost|p1b: Garchomp|atk|1\n|switch|p1a: Corviknight|Corviknight, L50, F|86/100\n|move|p1b: Garchomp|Earthquake|p2a: Tauros|[spread] p2a,p2b\n|-immune|p1a: Corviknight\n|-resisted|p2b: Meganium|1\n|-damage|p2a: Tauros|66/100\n|-damage|p2b: Meganium|74/100\n|\n|upkeep\n|turn|4\n|\n|t:|1776359168\n|switch|p1b: Clefable|Clefable, L50, M|67/100\n|detailschange|p2b: Meganium|Meganium-Mega, L50, F, shiny\n|-mega|p2b: Meganium|Meganium|Meganiumite\n|move|p2a: Tauros|Wave Crash|p1a: Corviknight\n|-damage|p1a: Corviknight|38/100\n|-damage|p2a: Tauros|44/100|[from] Recoil\n|move|p2b: Meganium|Weather Ball|p1a: Corviknight\n|-supereffective|p1a: Corviknight|1\n|-damage|p1a: Corviknight|0 fnt\n|faint|p1a: Corviknight\n|\n|-heal|p1b: Clefable|73/100|[from] item: Leftovers\n|upkeep\n|\n|t:|1776359189\n|switch|p1a: Ampharos|Ampharos, L50, M, shiny|100/100\n|turn|5\n|\n|t:|1776359207\n|switch|p1b: Garchomp|Garchomp, L50, F|100/100\n|detailschange|p1a: Ampharos|Ampharos-Mega, L50, M, shiny\n|-mega|p1a: Ampharos|Ampharos|Ampharosite\n|-ability|p1a: Ampharos|Mold Breaker\n|move|p2a: Tauros|Protect|p2a: Tauros\n|-singleturn|p2a: Tauros|Protect\n|move|p2b: Meganium|Dazzling Gleam|p1b: Garchomp|[spread] p1a,p1b\n|-supereffective|p1a: Ampharos|1\n|-supereffective|p1b: Garchomp|1\n|-damage|p1a: Ampharos|42/100\n|-damage|p1b: Garchomp|24/100\n|move|p1a: Ampharos|Discharge|p2b: Meganium|[spread] p2b\n|-activate|p2a: Tauros|move: Protect\n|-immune|p1b: Garchomp\n|-resisted|p2b: Meganium|1\n|-damage|p2b: Meganium|53/100\n|\n|upkeep\n|turn|6\n|\n|t:|1776359252\n|switch|p1b: Clefable|Clefable, L50, M|73/100\n|move|p2a: Tauros|Close Combat|p1a: Ampharos\n|-damage|p1a: Ampharos|0 fnt\n|-unboost|p2a: Tauros|def|1\n|-unboost|p2a: Tauros|spd|1\n|faint|p1a: Ampharos\n|move|p2b: Meganium|Dazzling Gleam|p1b: Clefable\n|-damage|p1b: Clefable|45/100\n|\n|-heal|p1b: Clefable|50/100|[from] item: Leftovers\n|upkeep\n|\n|t:|1776359263\n|switch|p1a: Garchomp|Garchomp, L50, F|24/100\n|turn|7\n|\n|t:|1776359275\n|switch|p2a: Kangaskhan|Kangaskhan, L50, F|100/100\n|-damage|p2a: Kangaskhan|88/100|[from] Stealth Rock\n|move|p2b: Meganium|Protect|p2b: Meganium\n|-singleturn|p2b: Meganium|Protect\n|move|p1a: Garchomp|Outrage|p2b: Meganium\n|-activate|p2b: Meganium|move: Protect\n|move|p1b: Clefable|Wish|p1b: Clefable\n|\n|-heal|p1b: Clefable|56/100|[from] item: Leftovers\n|upkeep\n|turn|8\n|\n|t:|1776359298\n|move|p2a: Kangaskhan|Fake Out|p1b: Clefable\n|-damage|p1b: Clefable|37/100\n|move|p1a: Garchomp|Outrage|p2a: Kangaskhan\n|-damage|p2a: Kangaskhan|9/100\n|move|p2b: Meganium|Dazzling Gleam|p1b: Clefable|[spread] p1a,p1b\n|-supereffective|p1a: Garchomp|1\n|-damage|p1a: Garchomp|0 fnt\n|-damage|p1b: Clefable|16/100\n|faint|p1a: Garchomp\n|cant|p1b: Clefable|flinch\n|\n|-heal|p1b: Clefable|66/100|[from] move: Wish|[wisher] Clefable\n|-heal|p1b: Clefable|72/100|[from] item: Leftovers\n|upkeep\n|turn|9\n|\n|t:|1776359320\n|move|p2a: Kangaskhan|Sucker Punch|p1b: Clefable\n|-resisted|p1b: Clefable|1\n|-damage|p1b: Clefable|61/100\n|move|p2b: Meganium|Solar Beam||[still]\n|-prepare|p2b: Meganium|Solar Beam\n|-activate|p2b: Meganium|ability: Mega Sol\n|-anim|p2b: Meganium|Solar Beam|p1b: Clefable\n|-damage|p1b: Clefable|19/100\n|move|p1b: Clefable|Moonblast|p2a: Kangaskhan\n|-damage|p2a: Kangaskhan|0 fnt\n|faint|p2a: Kangaskhan\n|\n|-heal|p1b: Clefable|25/100|[from] item: Leftovers\n|upkeep\n|\n|t:|1776359338\n|switch|p2a: Typhlosion|Typhlosion-Hisui, L50, M, shiny|42/100\n|-damage|p2a: Typhlosion|17/100|[from] Stealth Rock\n|-item|p1b: Clefable|Leftovers|[from] ability: Frisk|[of] p2a: Typhlosion\n|turn|10\n|c|\u2606rus0804|gg\n|\n|t:|1776359354\n|move|p2a: Typhlosion|Overheat|p1b: Clefable\n|-crit|p1b: Clefable\n|-damage|p1b: Clefable|0 fnt\n|-unboost|p2a: Typhlosion|spa|2\n|faint|p1b: Clefable\n|\n|win|rus0804\n|raw|gentlementlemen's rating: 1000 &rarr; <strong>1000</strong><br />(+0 for losing)\n|raw|rus0804's rating: 1084 &rarr; <strong>1105</strong><br />(+21 for winning)\n|c|\u2606gentlementlemen|gg\n|l|\u2606gentlementlemen\n|player|p1|\n",
  "uploadtime": 1776359387,
  "views": 26,
  "formatid": "gen9championsvgc2026regma",
  "rating": 1000,
  "private": 0,
  "password": null
}