{
  "id": "gen9championsvgc2026regma-2580480424",
  "format": "[Gen 9 Champions] VGC 2026 Reg M-A",
  "players": [
    "Tubandchubb",
    "tastyfloop"
  ],
  "log": "|j|\u2606Tubandchubb\n|j|\u2606tastyfloop\n|t:|1775902784\n|gametype|doubles\n|player|p1|Tubandchubb|giovanni|1058\n|player|p2|tastyfloop|1|1026\n|gen|9\n|tier|[Gen 9 Champions] VGC 2026 Reg M-A\n|rated|\n|rule|Species Clause: Limit one of each Pok\u00e9mon\n|rule|Item Clause: Limit 1 of each item\n|clearpoke\n|poke|p1|Alakazam, L50, M|\n|poke|p1|Meowstic, L50, M|\n|poke|p1|Maushold, L50|\n|poke|p1|Sneasler, L50, M|\n|poke|p1|Rotom-Heat, L50|\n|poke|p1|Aerodactyl, L50, F|\n|poke|p2|Charizard, L50, F|\n|poke|p2|Incineroar, L50, F|\n|poke|p2|Kingambit, L50, M|\n|poke|p2|Garchomp, L50, M|\n|poke|p2|Whimsicott, L50, F|\n|poke|p2|Farigiraf, L50, M|\n|teampreview|4\n|\n|t:|1775902838\n|teamsize|p1|4\n|teamsize|p2|4\n|start\n|switch|p1a: Rotom|Rotom-Heat, L50|100/100\n|switch|p1b: Aerodactyl|Aerodactyl, L50, F|100/100\n|switch|p2a: sun whims|Whimsicott, L50, F|100/100\n|switch|p2b: Kingambit|Kingambit, L50, M|100/100\n|turn|1\n|\n|t:|1775902872\n|move|p2a: sun whims|Tailwind|p2a: sun whims\n|-sidestart|p2: tastyfloop|move: Tailwind\n|move|p1a: Rotom|Overheat|p2b: Kingambit\n|-supereffective|p2b: Kingambit|1\n|-damage|p2b: Kingambit|0 fnt\n|-unboost|p1a: Rotom|spa|2\n|faint|p2b: Kingambit\n|-end|p2b: Kingambit|fallenundefined|[silent]\n|move|p1b: Aerodactyl|Tailwind|p1b: Aerodactyl\n|-sidestart|p1: Tubandchubb|move: Tailwind\n|\n|upkeep\n|\n|t:|1775902882\n|switch|p2b: Charizard|Charizard, L50, F|100/100\n|turn|2\n|\n|t:|1775902912\n|switch|p1a: Meowstic|Meowstic, L50, M|100/100\n|switch|p2b: Garchomp|Garchomp, L50, M|100/100\n|move|p1b: Aerodactyl|Protect|p1b: Aerodactyl\n|-singleturn|p1b: Aerodactyl|Protect\n|move|p2a: sun whims|Encore||[still]\n|-fail|p2a: sun whims\n|\n|upkeep\n|turn|3\n|\n|t:|1775902941\n|move|p1a: Meowstic|Fake Out|p2a: sun whims\n|-damage|p2a: sun whims|93/100\n|move|p1b: Aerodactyl|Dual Wingbeat|p2a: sun whims|[miss]\n|-miss|p1b: Aerodactyl|p2a: sun whims\n|cant|p2a: sun whims|flinch\n|move|p2b: Garchomp|Rock Slide|p1a: Meowstic|[spread] p1a,p1b\n|-supereffective|p1b: Aerodactyl|1\n|-damage|p1a: Meowstic|74/100\n|-damage|p1b: Aerodactyl|36/100\n|\n|upkeep\n|turn|4\n|\n|t:|1775902965\n|move|p1a: Meowstic|Psychic Terrain|p1a: Meowstic\n|-fieldstart|move: Psychic Terrain\n|move|p1b: Aerodactyl|Dual Wingbeat|p2a: sun whims\n|-supereffective|p2a: sun whims|1\n|-damage|p2a: sun whims|36/100\n|-supereffective|p2a: sun whims|1\n|-damage|p2a: sun whims|0 fnt\n|faint|p2a: sun whims\n|-hitcount|p2: sun whims|2\n|move|p2b: Garchomp|Rock Slide|p1a: Meowstic|[spread] p1a,p1b\n|-supereffective|p1b: Aerodactyl|1\n|-damage|p1a: Meowstic|47/100\n|-damage|p1b: Aerodactyl|0 fnt\n|faint|p1b: Aerodactyl\n|\n|-sideend|p2: tastyfloop|move: Tailwind\n|-sideend|p1: Tubandchubb|move: Tailwind\n|upkeep\n|\n|t:|1775902977\n|switch|p1b: Alakazam|Alakazam, L50, M|100/100\n|switch|p2a: Charizard|Charizard, L50, F|100/100\n|turn|5\n|\n|t:|1775902990\n|detailschange|p1b: Alakazam|Alakazam-Mega, L50, M\n|-mega|p1b: Alakazam|Alakazam|Alakazite\n|-ability|p1b: Alakazam|Solar Power|Trace|[from] ability: Trace|[of] p2a: Charizard\n|detailschange|p2a: Charizard|Charizard-Mega-Y, L50, F\n|-mega|p2a: Charizard|Charizard|Charizardite Y\n|-weather|SunnyDay|[from] ability: Drought|[of] p2a: Charizard\n|move|p1b: Alakazam|Expanding Force|p2a: Charizard|[spread] p2a,p2b\n|-damage|p2a: Charizard|0 fnt\n|-damage|p2b: Garchomp|0 fnt\n|faint|p2a: Charizard\n|faint|p2b: Garchomp\n|\n|win|Tubandchubb\n|raw|Tubandchubb's rating: 1058 &rarr; <strong>1086</strong><br />(+28 for winning)\n|raw|tastyfloop's rating: 1026 &rarr; <strong>1013</strong><br />(-13 for losing)\n|l|\u2606tastyfloop\n|player|p2|\n",
  "uploadtime": 1775903043,
  "views": 44,
  "formatid": "gen9championsvgc2026regma",
  "rating": 1013,
  "private": 0,
  "password": null
}