{
  "id": "gen9championsvgc2026regma-2585619237",
  "format": "[Gen 9 Champions] VGC 2026 Reg M-A",
  "players": [
    "luiz red",
    "bumassthiago"
  ],
  "log": "|j|\u2606luiz red\n|j|\u2606bumassthiago\n|t:|1776359293\n|gametype|doubles\n|player|p1|luiz red|veteran|1107\n|player|p2|bumassthiago|hilda-wonderlauncher|1106\n|gen|9\n|tier|[Gen 9 Champions] VGC 2026 Reg M-A\n|rated|\n|rule|Species Clause: Limit one of each Pok\u00e9mon\n|rule|Item Clause: Limit 1 of each item\n|clearpoke\n|poke|p1|Infernape, L50, F|\n|poke|p1|Sinistcha, L50|\n|poke|p1|Empoleon, L50, F|\n|poke|p1|Hippowdon, L50, F|\n|poke|p1|Garchomp, L50, F|\n|poke|p1|Corviknight, L50, F|\n|poke|p2|Clefable, L50, F|\n|poke|p2|Kingambit, L50, F|\n|poke|p2|Dragonite, L50, M|\n|poke|p2|Basculegion, L50, M|\n|poke|p2|Sneasler, L50, M|\n|poke|p2|Delphox, L50, F|\n|teampreview|4\n|inactive|Battle timer is ON: inactive players will automatically lose when time's up. (requested by bumassthiago)\nluiz red rejected open team sheets.\n|inactive|luiz red has 60 seconds left.\n|inactive|bumassthiago has 60 seconds left.\n|inactive|luiz red has 30 seconds left.\n|inactive|bumassthiago has 30 seconds left.\n|inactive|luiz red has 20 seconds left.\n|inactive|luiz red has 15 seconds left.\n|inactive|luiz red has 10 seconds left.\n|\n|t:|1776359376\n|teamsize|p1|4\n|teamsize|p2|4\n|start\n|switch|p1a: Corviknight|Corviknight, L50, F, shiny|100/100\n|switch|p1b: Hippowdon|Hippowdon, L50, F|100/100\n|switch|p2a: Delphox|Delphox, L50, F|100/100\n|switch|p2b: Sneasler|Sneasler, L50, M|100/100\n|-weather|Sandstorm|[from] ability: Sand Stream|[of] p1b: Hippowdon\n|turn|1\n|inactive|luiz red has 30 seconds left.\n|\n|t:|1776359405\n|detailschange|p2a: Delphox|Delphox-Mega, L50, F\n|-mega|p2a: Delphox|Delphox|Delphoxite\n|move|p1a: Corviknight|Protect|p1a: Corviknight\n|-singleturn|p1a: Corviknight|Protect\n|move|p2b: Sneasler|Fake Out|p1b: Hippowdon\n|-damage|p1b: Hippowdon|90/100\n|move|p2a: Delphox|Heat Wave|p1a: Corviknight|[spread] p1b\n|-activate|p1a: Corviknight|move: Protect\n|-damage|p1b: Hippowdon|60/100\n|cant|p1b: Hippowdon|flinch\n|\n|-weather|Sandstorm|[upkeep]\n|-damage|p2a: Delphox|94/100|[from] Sandstorm\n|-damage|p2b: Sneasler|95/100|[from] Sandstorm\n|upkeep\n|turn|2\n|\n|t:|1776359427\n|switch|p1a: Garchomp|Garchomp, L50, F|100/100\n|move|p2a: Delphox|Heat Wave|p1b: Hippowdon|[spread] p1b\n|-miss|p2a: Delphox|p1a: Garchomp\n|-damage|p1b: Hippowdon|25/100\n|-enditem|p1b: Hippowdon|Sitrus Berry|[eat]\n|-heal|p1b: Hippowdon|50/100|[from] item: Sitrus Berry\n|move|p2b: Sneasler|Close Combat|p1b: Hippowdon\n|-damage|p1b: Hippowdon|10/100\n|-unboost|p2b: Sneasler|def|1\n|-unboost|p2b: Sneasler|spd|1\n|-enditem|p2b: Sneasler|White Herb\n|-clearnegativeboost|p2b: Sneasler|[silent]\n|move|p1b: Hippowdon|Yawn|p2a: Delphox\n|-start|p2a: Delphox|move: Yawn|[of] p1b: Hippowdon\n|\n|-weather|Sandstorm|[upkeep]\n|-damage|p2b: Sneasler|89/100|[from] Sandstorm\n|-damage|p2a: Delphox|88/100|[from] Sandstorm\n|upkeep\n|turn|3\n|inactive|luiz red has 30 seconds left.\n|\n|t:|1776359463\n|switch|p2a: Basculegion|Basculegion, L50, M|100/100\n|detailschange|p1a: Garchomp|Garchomp-Mega, L50, F\n|-mega|p1a: Garchomp|Garchomp|Garchompite\n|move|p2b: Sneasler|Close Combat|p1a: Garchomp\n|-damage|p1a: Garchomp|44/100\n|-unboost|p2b: Sneasler|def|1\n|-unboost|p2b: Sneasler|spd|1\n|move|p1a: Garchomp|Swords Dance|p1a: Garchomp\n|-boost|p1a: Garchomp|atk|2\n|move|p1b: Hippowdon|Yawn|p2a: Basculegion\n|-start|p2a: Basculegion|move: Yawn|[of] p1b: Hippowdon\n|\n|-weather|Sandstorm|[upkeep]\n|-damage|p2b: Sneasler|83/100|[from] Sandstorm\n|-damage|p2a: Basculegion|94/100|[from] Sandstorm\n|upkeep\n|turn|4\n|\n|t:|1776359487\n|move|p1b: Hippowdon|Protect|p1b: Hippowdon\n|-singleturn|p1b: Hippowdon|Protect\n|move|p2b: Sneasler|Close Combat|p1b: Hippowdon\n|-activate|p1b: Hippowdon|move: Protect\n|move|p2a: Basculegion|Wave Crash|p1a: Garchomp\n|-damage|p1a: Garchomp|0 fnt\n|faint|p1a: Garchomp\n|-damage|p2a: Basculegion|81/100|[from] Recoil\n|\n|-weather|Sandstorm|[upkeep]\n|-damage|p2b: Sneasler|77/100|[from] Sandstorm\n|-damage|p2a: Basculegion|75/100|[from] Sandstorm\n|-end|p2a: Basculegion|move: Yawn|[silent]\n|-status|p2a: Basculegion|slp\n|upkeep\n|\n|t:|1776359502\n|switch|p1a: Corviknight|Corviknight, L50, F, shiny|100/100\n|turn|5\n|\n|t:|1776359515\n|move|p2b: Sneasler|Close Combat|p1a: Corviknight\n|-damage|p1a: Corviknight|48/100\n|-unboost|p2b: Sneasler|def|1\n|-unboost|p2b: Sneasler|spd|1\n|cant|p2a: Basculegion|slp\n|move|p1a: Corviknight|Iron Defense|p1a: Corviknight\n|-boost|p1a: Corviknight|def|2\n|move|p1b: Hippowdon|Earthquake|p2a: Basculegion|[spread] p2a,p2b\n|-immune|p1a: Corviknight\n|-supereffective|p2b: Sneasler|1\n|-damage|p2a: Basculegion|39/100 slp\n|-damage|p2b: Sneasler|0 fnt\n|faint|p2b: Sneasler\n|\n|-weather|none\n|-heal|p1a: Corviknight|55/100|[from] item: Leftovers\n|upkeep\n|\n|t:|1776359530\n|switch|p2b: Delphox|Delphox-Mega, L50, F|88/100\n|turn|6\n|\n|t:|1776359538\n|switch|p2a: Clefable|Clefable, L50, F|100/100\n|switch|p1b: Empoleon|Empoleon, L50, F|100/100\n|move|p2b: Delphox|Protect|p2b: Delphox\n|-singleturn|p2b: Delphox|Protect\n|move|p1a: Corviknight|Body Press|p2b: Delphox\n|-activate|p2b: Delphox|move: Protect\n|\n|-heal|p1a: Corviknight|61/100|[from] item: Leftovers\n|upkeep\n|turn|7\n|\n|t:|1776359557\n|move|p1a: Corviknight|Protect|p1a: Corviknight\n|-singleturn|p1a: Corviknight|Protect\n|move|p2a: Clefable|Follow Me|p2a: Clefable\n|-singleturn|p2a: Clefable|move: Follow Me\n|move|p2b: Delphox|Heat Wave|p1a: Corviknight|[spread] p1b\n|-activate|p1a: Corviknight|move: Protect\n|-damage|p1b: Empoleon|59/100\n|move|p1b: Empoleon|Hydro Pump|p2a: Clefable|[miss]\n|-miss|p1b: Empoleon|p2a: Clefable\n|\n|-heal|p1a: Corviknight|67/100|[from] item: Leftovers\n|upkeep\n|turn|8\n|inactive|luiz red has 30 seconds left.\n|inactive|luiz red has 20 seconds left.\n|inactive|luiz red has 15 seconds left.\n|\n|t:|1776359598\n|move|p2a: Clefable|Follow Me|p2a: Clefable\n|-singleturn|p2a: Clefable|move: Follow Me\n|move|p2b: Delphox|Heat Wave|p1b: Empoleon|[spread] p1a,p1b\n|-supereffective|p1a: Corviknight|1\n|-damage|p1a: Corviknight|8/100\n|-damage|p1b: Empoleon|19/100\n|move|p1a: Corviknight|Brave Bird|p2a: Clefable\n|-damage|p2a: Clefable|64/100\n|-damage|p1a: Corviknight|0 fnt|[from] Recoil\n|faint|p1a: Corviknight\n|move|p1b: Empoleon|Flash Cannon|p2a: Clefable\n|-supereffective|p2a: Clefable|1\n|-damage|p2a: Clefable|0 fnt\n|faint|p2a: Clefable\n|\n|upkeep\n|\n|t:|1776359611\n|switch|p1a: Hippowdon|Hippowdon, L50, F|10/100\n|switch|p2a: Basculegion|Basculegion, L50, M|39/100 slp\n|-weather|Sandstorm|[from] ability: Sand Stream|[of] p1a: Hippowdon\n|turn|9\n|\n|t:|1776359636\n|move|p2b: Delphox|Heat Wave|p1b: Empoleon|[spread] p1a,p1b\n|-crit|p1a: Hippowdon\n|-damage|p1a: Hippowdon|0 fnt\n|-damage|p1b: Empoleon|0 fnt\n|faint|p1a: Hippowdon\n|faint|p1b: Empoleon\n|\n|win|bumassthiago\n|raw|luiz red's rating: 1107 &rarr; <strong>1082</strong><br />(-25 for losing)\n|raw|bumassthiago's rating: 1106 &rarr; <strong>1131</strong><br />(+25 for winning)\n",
  "uploadtime": 1776359641,
  "views": 24,
  "formatid": "gen9championsvgc2026regma",
  "rating": 1082,
  "private": 0,
  "password": null
}