{
  "id": "gen9championsvgc2026regma-2586880425",
  "format": "[Gen 9 Champions] VGC 2026 Reg M-A",
  "players": [
    "SayanBlox",
    "NoHsHad"
  ],
  "log": "|j|\u2606SayanBlox\n|j|\u2606NoHsHad\n|t:|1776468011\n|gametype|doubles\n|player|p1|SayanBlox|roxie|1081\n|player|p2|NoHsHad|pokemaniac|1000\n|gen|9\n|tier|[Gen 9 Champions] VGC 2026 Reg M-A\n|rated|\n|rule|Species Clause: Limit one of each Pok\u00e9mon\n|rule|Item Clause: Limit 1 of each item\n|clearpoke\n|poke|p1|Archaludon, L50, F|\n|poke|p1|Pelipper, L50, F|\n|poke|p1|Dragonite, L50, F|\n|poke|p1|Sneasler, L50, F|\n|poke|p1|Basculegion, L50, M|\n|poke|p1|Incineroar, L50, M|\n|poke|p2|Sylveon, L50, F|\n|poke|p2|Farigiraf, L50, F|\n|poke|p2|Sinistcha, L50|\n|poke|p2|Drampa, L50, F|\n|poke|p2|Kingambit, L50, M|\n|poke|p2|Basculegion-F, L50, F|\n|teampreview|4\nSayanBlox rejected open team sheets.\n|\n|t:|1776468025\n|teamsize|p1|4\n|teamsize|p2|4\n|start\n|switch|p1a: Pelipper|Pelipper, L50, F|100/100\n|switch|p1b: Sneasler|Sneasler, L50, F|100/100\n|switch|p2a: Farigiraf|Farigiraf, L50, F|100/100\n|switch|p2b: Sinistcha|Sinistcha, L50|100/100\n|-weather|RainDance|[from] ability: Drizzle|[of] p1a: Pelipper\n|turn|1\n|\n|t:|1776468054\n|move|p2b: Sinistcha|Rage Powder|p2b: Sinistcha\n|-singleturn|p2b: Sinistcha|move: Rage Powder\n|move|p1b: Sneasler|Dire Claw|p2b: Sinistcha\n|-damage|p2b: Sinistcha|66/100\n|move|p1a: Pelipper|Hurricane|p2b: Sinistcha\n|-supereffective|p2b: Sinistcha|1\n|-damage|p2b: Sinistcha|0 fnt\n|faint|p2b: Sinistcha\n|move|p2a: Farigiraf|Trick Room|p2a: Farigiraf\n|-fieldstart|move: Trick Room|[of] p2a: Farigiraf\n|\n|-weather|RainDance|[upkeep]\n|upkeep\n|\n|t:|1776468065\n|switch|p2b: Drampa|Drampa, L50, F|100/100\n|-ability|p2b: Drampa|Cloud Nine\n|turn|2\n|\n|t:|1776468096\n|switch|p2b: Sylveon|Sylveon, L50, F|100/100\n|move|p2a: Farigiraf|Psychic|p1b: Sneasler\n|-supereffective|p1b: Sneasler|2\n|-damage|p1b: Sneasler|0 fnt\n|faint|p1b: Sneasler\n|move|p1a: Pelipper|Hurricane|p2b: Sylveon\n|-damage|p2b: Sylveon|69/100\n|\n|-weather|RainDance|[upkeep]\n|upkeep\n|\n|t:|1776468107\n|switch|p1b: Archaludon|Archaludon, L50, F|100/100\n|turn|3\n|\n|t:|1776468116\n|move|p2b: Sylveon|Hyper Voice|p1a: Pelipper|[spread] p1a,p1b\n|-damage|p1a: Pelipper|24/100\n|-damage|p1b: Archaludon|38/100\n|-ability|p1b: Archaludon|Stamina|boost\n|-boost|p1b: Archaludon|def|1\n|move|p2a: Farigiraf|Hyper Voice|p1a: Pelipper|[spread] p1a,p1b\n|-resisted|p1b: Archaludon|1\n|-damage|p1a: Pelipper|0 fnt\n|-damage|p1b: Archaludon|19/100\n|-ability|p1b: Archaludon|Stamina|boost\n|-boost|p1b: Archaludon|def|1\n|faint|p1a: Pelipper\n|move|p1b: Archaludon|Electro Shot||[still]\n|-prepare|p1b: Archaludon|Electro Shot\n|-boost|p1b: Archaludon|spa|1\n|-anim|p1b: Archaludon|Electro Shot|p2b: Sylveon\n|-damage|p2b: Sylveon|25/100\n|\n|-weather|RainDance|[upkeep]\n|-heal|p1b: Archaludon|25/100|[from] item: Leftovers\n|upkeep\n|\n|t:|1776468124\n|switch|p1a: Dragonite|Dragonite, L50, F|100/100\n|turn|4\n|\n|t:|1776468148\n|detailschange|p1a: Dragonite|Dragonite-Mega, L50, F\n|-mega|p1a: Dragonite|Dragonite|Dragoninite\n|move|p1b: Archaludon|Protect|p1b: Archaludon\n|-singleturn|p1b: Archaludon|Protect\n|move|p2a: Farigiraf|Hyper Voice|p1a: Dragonite|[spread] p1a\n|-activate|p1b: Archaludon|move: Protect\n|-damage|p1a: Dragonite|90/100\n|move|p2b: Sylveon|Hyper Voice|p1b: Archaludon|[spread] p1a\n|-activate|p1b: Archaludon|move: Protect\n|-supereffective|p1a: Dragonite|1\n|-damage|p1a: Dragonite|17/100\n|move|p1a: Dragonite|Surf|p2b: Sylveon|[spread] p2a,p2b\n|-activate|p1b: Archaludon|move: Protect\n|-damage|p2a: Farigiraf|71/100\n|-damage|p2b: Sylveon|0 fnt\n|faint|p2b: Sylveon\n|\n|-weather|RainDance|[upkeep]\n|-heal|p1b: Archaludon|31/100|[from] item: Leftovers\n|upkeep\n|\n|t:|1776468165\n|switch|p2b: Drampa|Drampa, L50, F|100/100\n|-ability|p2b: Drampa|Cloud Nine\n|turn|5\n|\n|t:|1776468184\n|detailschange|p2b: Drampa|Drampa-Mega, L50, F\n|-mega|p2b: Drampa|Drampa|Drampanite\n|move|p2b: Drampa|Heat Wave|p1b: Archaludon|[spread] p1a,p1b\n|-resisted|p1a: Dragonite|1\n|-damage|p1a: Dragonite|11/100\n|-damage|p1b: Archaludon|8/100\n|-ability|p1b: Archaludon|Stamina|boost\n|-boost|p1b: Archaludon|def|1\n|move|p2a: Farigiraf|Hyper Voice|p1a: Dragonite|[spread] p1a,p1b\n|-resisted|p1b: Archaludon|1\n|-damage|p1a: Dragonite|0 fnt\n|-damage|p1b: Archaludon|0 fnt\n|faint|p1a: Dragonite\n|faint|p1b: Archaludon\n|\n|win|NoHsHad\n|raw|SayanBlox's rating: 1081 &rarr; <strong>1054</strong><br />(-27 for losing)\n|raw|NoHsHad's rating: 1000 &rarr; <strong>1049</strong><br />(+49 for winning)\n|c|\u2606NoHsHad|gg\n",
  "uploadtime": 1776468196,
  "views": 24,
  "formatid": "gen9championsvgc2026regma",
  "rating": 1049,
  "private": 0,
  "password": null
}