{
  "id": "gen9championsvgc2026regma-2588450589",
  "format": "[Gen 9 Champions] VGC 2026 Reg M-A",
  "players": [
    "gonegeb",
    "zingusen"
  ],
  "log": "|j|\u2606gonegeb\n|j|\u2606zingusen\n|t:|1776634623\n|gametype|doubles\n|player|p1|gonegeb|corbeau|1114\n|player|p2|zingusen|flannery|1162\n|gen|9\n|tier|[Gen 9 Champions] VGC 2026 Reg M-A\n|rated|\n|rule|Species Clause: Limit one of each Pok\u00e9mon\n|rule|Item Clause: Limit 1 of each item\n|clearpoke\n|poke|p1|Lucario, L50, M|\n|poke|p1|Umbreon, L50, M, shiny|\n|poke|p1|Arcanine, L50, F, shiny|\n|poke|p1|Ceruledge, L50, M|\n|poke|p1|Corviknight, L50, M|\n|poke|p1|Whimsicott, L50, F, shiny|\n|poke|p2|Crabominable, L50, M, shiny|\n|poke|p2|Farigiraf, L50, M|\n|poke|p2|Primarina, L50, F|\n|poke|p2|Rotom-Wash, L50, shiny|\n|poke|p2|Incineroar, L50, M|\n|poke|p2|Sinistcha, L50|\n|teampreview|4\n|\n|t:|1776634661\n|teamsize|p1|4\n|teamsize|p2|4\n|start\n|switch|p1a: Umbra|Umbreon, L50, M, shiny|100/100\n|switch|p1b: Luna|Whimsicott, L50, F, shiny|100/100\n|switch|p2a: Farigiraf|Farigiraf, L50, M|100/100\n|switch|p2b: Rotom|Rotom-Wash, L50, shiny|100/100\n|turn|1\n|\n|t:|1776634676\n|move|p1b: Luna|Tailwind|p1b: Luna\n|-sidestart|p1: gonegeb|move: Tailwind\n|move|p1a: Umbra|Taunt|p2a: Farigiraf\n|-start|p2a: Farigiraf|move: Taunt\n|move|p2b: Rotom|Eerie Impulse|p1b: Luna\n|-unboost|p1b: Luna|spa|2\n|cant|p2a: Farigiraf|move: Taunt|Trick Room\n|\n|upkeep\n|turn|2\n|\n|t:|1776634697\n|switch|p1b: Nuumite|Corviknight, L50, M|100/100\n|-ability|p1b: Nuumite|Pressure\n|switch|p2a: Incineroar|Incineroar, L50, M|100/100\n|-ability|p2a: Incineroar|Intimidate|boost\n|-fail|p1a: Umbra|unboost|Attack|[from] ability: Inner Focus|[of] p1a: Umbra\n|-unboost|p1b: Nuumite|atk|1\n|move|p1a: Umbra|Taunt|p2b: Rotom\n|-start|p2b: Rotom|move: Taunt\n|move|p2b: Rotom|Volt Switch|p1a: Umbra\n|-damage|p1a: Umbra|83/100\n|\n|t:|1776634714\n|switch|p2b: Primarina|Primarina, L50, F|100/100|[from] Volt Switch\n|\n|-heal|p1a: Umbra|89/100|[from] item: Leftovers\n|upkeep\n|turn|3\n|\n|t:|1776634739\n|move|p2b: Primarina|Protect|p2b: Primarina\n|-singleturn|p2b: Primarina|Protect\n|move|p1b: Nuumite|Bulk Up|p1b: Nuumite\n|-boost|p1b: Nuumite|atk|1\n|-boost|p1b: Nuumite|def|1\n|move|p1a: Umbra|Snarl|p2b: Primarina|[spread] p2a\n|-activate|p2b: Primarina|move: Protect\n|-resisted|p2a: Incineroar|1\n|-damage|p2a: Incineroar|97/100\n|-unboost|p2a: Incineroar|spa|1\n|-enditem|p2a: Incineroar|White Herb\n|-clearnegativeboost|p2a: Incineroar|[silent]\n|move|p2a: Incineroar|Taunt|p1a: Umbra\n|-start|p1a: Umbra|move: Taunt\n|\n|-heal|p1a: Umbra|95/100|[from] item: Leftovers\n|upkeep\n|turn|4\n|\n|t:|1776634767\n|switch|p2b: Farigiraf|Farigiraf, L50, M|100/100\n|move|p1b: Nuumite|Bulk Up|p1b: Nuumite\n|-boost|p1b: Nuumite|atk|1\n|-boost|p1b: Nuumite|def|1\n|move|p1a: Umbra|Snarl|p2a: Incineroar|[spread] p2a,p2b\n|-resisted|p2a: Incineroar|1\n|-supereffective|p2b: Farigiraf|1\n|-enditem|p2b: Farigiraf|Colbur Berry|[eat]\n|-enditem|p2b: Farigiraf|Colbur Berry|[weaken]\n|-damage|p2a: Incineroar|92/100\n|-damage|p2b: Farigiraf|91/100\n|-unboost|p2a: Incineroar|spa|1\n|-unboost|p2b: Farigiraf|spa|1\n|move|p2a: Incineroar|Parting Shot|p1b: Nuumite\n|-unboost|p1b: Nuumite|atk|1\n|-unboost|p1b: Nuumite|spa|1\n|\n|t:|1776634783\n|switch|p2a: Rotom|Rotom-Wash, L50, shiny|100/100|[from] Parting Shot\n|\n|-heal|p1a: Umbra|100/100|[from] item: Leftovers\n|-sideend|p1: gonegeb|move: Tailwind\n|upkeep\n|turn|5\n|\n|t:|1776634789\n|move|p2a: Rotom|Will-O-Wisp|p1b: Nuumite\n|-status|p1b: Nuumite|brn\n|-enditem|p1b: Nuumite|Lum Berry|[eat]\n|-curestatus|p1b: Nuumite|brn|[msg]\n|move|p1b: Nuumite|Body Press|p2a: Rotom\n|-damage|p2a: Rotom|54/100\n|move|p1a: Umbra|Snarl|p2b: Farigiraf|[spread] p2a,p2b\n|-crit|p2a: Rotom\n|-supereffective|p2b: Farigiraf|1\n|-damage|p2a: Rotom|42/100\n|-damage|p2b: Farigiraf|75/100\n|-unboost|p2a: Rotom|spa|1\n|-unboost|p2b: Farigiraf|spa|1\n|-enditem|p2a: Rotom|Sitrus Berry|[eat]\n|-heal|p2a: Rotom|67/100|[from] item: Sitrus Berry\n|move|p2b: Farigiraf|Trick Room|p2b: Farigiraf\n|-fieldstart|move: Trick Room|[of] p2b: Farigiraf\n|\n|upkeep\n|turn|6\n|\n|t:|1776634820\n|switch|p2b: Primarina|Primarina, L50, F|100/100\n|move|p1a: Umbra|Snarl|p2b: Primarina|[spread] p2a,p2b\n|-resisted|p2b: Primarina|1\n|-damage|p2a: Rotom|59/100\n|-damage|p2b: Primarina|96/100\n|-unboost|p2a: Rotom|spa|1\n|-unboost|p2b: Primarina|spa|1\n|move|p1b: Nuumite|Body Press|p2a: Rotom\n|-damage|p2a: Rotom|10/100\n|move|p2a: Rotom|Will-O-Wisp|p1b: Nuumite|[miss]\n|-miss|p2a: Rotom|p1b: Nuumite\n|\n|-heal|p2b: Primarina|100/100|[from] item: Leftovers\n|-end|p1a: Umbra|move: Taunt\n|upkeep\n|turn|7\n|c|\u2606gonegeb|lol\n|\n|t:|1776634854\n|switch|p2a: Farigiraf|Farigiraf, L50, M|75/100\n|move|p2b: Primarina|Moonblast|p1a: Umbra\n|-supereffective|p1a: Umbra|1\n|-damage|p1a: Umbra|56/100\n|move|p1a: Umbra|Snarl|p2a: Farigiraf|[spread] p2a,p2b\n|-supereffective|p2a: Farigiraf|1\n|-resisted|p2b: Primarina|1\n|-damage|p2a: Farigiraf|58/100\n|-damage|p2b: Primarina|96/100\n|-unboost|p2a: Farigiraf|spa|1\n|-unboost|p2b: Primarina|spa|1\n|move|p1b: Nuumite|Body Press|p2a: Farigiraf\n|-damage|p2a: Farigiraf|17/100\n|\n|-heal|p2b: Primarina|100/100|[from] item: Leftovers\n|-heal|p1a: Umbra|62/100|[from] item: Leftovers\n|upkeep\n|turn|8\n|\n|t:|1776634876\n|switch|p2b: Incineroar|Incineroar, L50, M|92/100\n|-ability|p2b: Incineroar|Intimidate|boost\n|-fail|p1a: Umbra|unboost|Attack|[from] ability: Inner Focus|[of] p1a: Umbra\n|-unboost|p1b: Nuumite|atk|1\n|move|p2a: Farigiraf|Dazzling Gleam|p1b: Nuumite|[spread] p1a,p1b\n|-supereffective|p1a: Umbra|1\n|-resisted|p1b: Nuumite|1\n|-damage|p1a: Umbra|47/100\n|-damage|p1b: Nuumite|96/100\n|move|p1a: Umbra|Snarl|p2a: Farigiraf|[spread] p2a,p2b\n|-supereffective|p2a: Farigiraf|1\n|-resisted|p2b: Incineroar|1\n|-damage|p2a: Farigiraf|0 fnt\n|-damage|p2b: Incineroar|88/100\n|-unboost|p2b: Incineroar|spa|1\n|faint|p2a: Farigiraf\n|move|p1b: Nuumite|Body Press|p2b: Incineroar\n|-supereffective|p2b: Incineroar|1\n|-damage|p2b: Incineroar|9/100\n|\n|-heal|p1a: Umbra|53/100|[from] item: Leftovers\n|upkeep\n|\n|t:|1776634904\n|switch|p2a: Rotom|Rotom-Wash, L50, shiny|10/100\n|turn|9\n|\n|t:|1776634919\n|move|p2b: Incineroar|Fake Out|p1b: Nuumite\n|-resisted|p1b: Nuumite|1\n|-damage|p1b: Nuumite|94/100\n|move|p1a: Umbra|Snarl|p2b: Incineroar|[spread] p2a,p2b\n|-resisted|p2b: Incineroar|1\n|-damage|p2a: Rotom|2/100\n|-damage|p2b: Incineroar|5/100\n|-unboost|p2a: Rotom|spa|1\n|-unboost|p2b: Incineroar|spa|1\n|cant|p1b: Nuumite|flinch\n|move|p2a: Rotom|Will-O-Wisp|p1b: Nuumite\n|-status|p1b: Nuumite|brn\n|\n|-heal|p1a: Umbra|59/100|[from] item: Leftovers\n|-damage|p1b: Nuumite|88/100 brn|[from] brn\n|-fieldend|move: Trick Room\n|upkeep\n|turn|10\n|\n|t:|1776634950\n|move|p2a: Rotom|Volt Switch|p1b: Nuumite\n|-supereffective|p1b: Nuumite|1\n|-damage|p1b: Nuumite|57/100 brn\n|\n|t:|1776634953\n|switch|p2a: Primarina|Primarina, L50, F|100/100|[from] Volt Switch\n|move|p2b: Incineroar|Taunt|p1a: Umbra\n|-start|p1a: Umbra|move: Taunt\n|move|p1b: Nuumite|Body Press|p2b: Incineroar\n|-supereffective|p2b: Incineroar|1\n|-damage|p2b: Incineroar|0 fnt\n|faint|p2b: Incineroar\n|move|p1a: Umbra|Snarl|p2a: Primarina\n|-resisted|p2a: Primarina|1\n|-damage|p2a: Primarina|95/100\n|-unboost|p2a: Primarina|spa|1\n|\n|-heal|p1a: Umbra|65/100|[from] item: Leftovers\n|-heal|p2a: Primarina|100/100|[from] item: Leftovers\n|-damage|p1b: Nuumite|51/100 brn|[from] brn\n|upkeep\n|\n|t:|1776634965\n|switch|p2b: Rotom|Rotom-Wash, L50, shiny|2/100\n|turn|11\n|\n|t:|1776634981\n|move|p2b: Rotom|Hydro Pump|p1a: Umbra|[miss]\n|-miss|p2b: Rotom|p1a: Umbra\n|move|p1b: Nuumite|Roost|p1b: Nuumite\n|-heal|p1b: Nuumite|100/100 brn\n|-singleturn|p1b: Nuumite|move: Roost\n|move|p1a: Umbra|Snarl|p2a: Primarina|[spread] p2a,p2b\n|-resisted|p2a: Primarina|1\n|-damage|p2a: Primarina|97/100\n|-damage|p2b: Rotom|0 fnt\n|-unboost|p2a: Primarina|spa|1\n|faint|p2b: Rotom\n|move|p2a: Primarina|Calm Mind|p2a: Primarina\n|-boost|p2a: Primarina|spa|1\n|-boost|p2a: Primarina|spd|1\n|\n|-heal|p1a: Umbra|71/100|[from] item: Leftovers\n|-heal|p2a: Primarina|100/100|[from] item: Leftovers\n|-damage|p1b: Nuumite|94/100 brn|[from] brn\n|upkeep\n|turn|12\n|c|\u2606gonegeb|lol\n|\n|t:|1776634999\n|move|p1b: Nuumite|Bulk Up|p1b: Nuumite\n|-boost|p1b: Nuumite|atk|1\n|-boost|p1b: Nuumite|def|1\n|move|p1a: Umbra|Snarl|p2a: Primarina\n|-resisted|p2a: Primarina|1\n|-damage|p2a: Primarina|97/100\n|-unboost|p2a: Primarina|spa|1\n|move|p2a: Primarina|Calm Mind|p2a: Primarina\n|-boost|p2a: Primarina|spa|1\n|-boost|p2a: Primarina|spd|1\n|\n|-heal|p1a: Umbra|77/100|[from] item: Leftovers\n|-heal|p2a: Primarina|100/100|[from] item: Leftovers\n|-damage|p1b: Nuumite|88/100 brn|[from] brn\n|-end|p1a: Umbra|move: Taunt\n|upkeep\n|turn|13\n|\n|t:|1776635013\n|move|p1b: Nuumite|Bulk Up|p1b: Nuumite\n|-boost|p1b: Nuumite|atk|1\n|-boost|p1b: Nuumite|def|1\n|move|p1a: Umbra|Yawn|p2a: Primarina\n|-start|p2a: Primarina|move: Yawn|[of] p1a: Umbra\n|move|p2a: Primarina|Hyper Voice|p1b: Nuumite|[spread] p1a,p1b\n|-damage|p1a: Umbra|60/100\n|-damage|p1b: Nuumite|68/100 brn\n|\n|-heal|p1a: Umbra|66/100|[from] item: Leftovers\n|-damage|p1b: Nuumite|62/100 brn|[from] brn\n|upkeep\n|turn|14\n|-message|zingusen forfeited.\n|\n|win|gonegeb\n|raw|gonegeb's rating: 1114 &rarr; <strong>1142</strong><br />(+28 for winning)\n|raw|zingusen's rating: 1162 &rarr; <strong>1134</strong><br />(-28 for losing)\n|l|\u2606zingusen\n|player|p2|\n",
  "uploadtime": 1776635025,
  "views": 9,
  "formatid": "gen9championsvgc2026regma",
  "rating": 1134,
  "private": 0,
  "password": null
}