{
  "id": "gen9championsvgc2026regma-2582760346",
  "format": "[Gen 9 Champions] VGC 2026 Reg M-A",
  "players": [
    "nuklad",
    "FloridaManEX"
  ],
  "log": "|j|\u2606nuklad\n|j|\u2606FloridaManEX\n|t:|1776112191\n|gametype|doubles\n|player|p1|nuklad|medium|1069\n|player|p2|FloridaManEX|veteran|1040\n|gen|9\n|tier|[Gen 9 Champions] VGC 2026 Reg M-A\n|rated|\n|rule|Species Clause: Limit one of each Pok\u00e9mon\n|rule|Item Clause: Limit 1 of each item\n|clearpoke\n|poke|p1|Aerodactyl, L50, M|\n|poke|p1|Charizard, L50, F|\n|poke|p1|Floette-Eternal, L50, F|\n|poke|p1|Kingambit, L50, F|\n|poke|p1|Incineroar, L50, M|\n|poke|p1|Sneasler, L50, M|\n|poke|p2|Charizard, L50, F|\n|poke|p2|Venusaur, L50, M|\n|poke|p2|Garchomp, L50, M|\n|poke|p2|Rotom-Wash, L50|\n|poke|p2|Incineroar, L50, F|\n|poke|p2|Sneasler, L50, F|\n|teampreview|4\nnuklad rejected open team sheets.\n|inactive|Battle timer is ON: inactive players will automatically lose when time's up. (requested by nuklad)\n|\n|t:|1776112230\n|teamsize|p1|4\n|teamsize|p2|4\n|start\n|switch|p1a: Incineroar|Incineroar, L50, M|100/100\n|switch|p1b: Sneasler|Sneasler, L50, M|100/100\n|switch|p2a: False Angel|Charizard, L50, F, shiny|100/100\n|switch|p2b: Vega|Sneasler, L50, F|100/100\n|-ability|p2b: Vega|Pressure\n|-ability|p1a: Incineroar|Intimidate|boost\n|-unboost|p2a: False Angel|atk|1\n|-unboost|p2b: Vega|atk|1\n|-enditem|p2b: Vega|White Herb\n|-clearnegativeboost|p2b: Vega|[silent]\n|turn|1\n|\n|t:|1776112254\n|move|p2a: False Angel|Protect|p2a: False Angel\n|-singleturn|p2a: False Angel|Protect\n|move|p1b: Sneasler|Fake Out|p2a: False Angel\n|-activate|p2a: False Angel|move: Protect\n|move|p2b: Vega|Fake Out|p1a: Incineroar\n|-damage|p1a: Incineroar|87/100\n|cant|p1a: Incineroar|flinch\n|\n|upkeep\n|turn|2\n|\n|t:|1776112272\n|detailschange|p2a: False Angel|Charizard-Mega-Y, L50, F, shiny\n|-mega|p2a: False Angel|Charizard|Charizardite Y\n|-weather|SunnyDay|[from] ability: Drought|[of] p2a: False Angel\n|move|p1b: Sneasler|Dire Claw|p2a: False Angel\n|-damage|p2a: False Angel|38/100\n|move|p2b: Vega|Close Combat|p1a: Incineroar\n|-supereffective|p1a: Incineroar|1\n|-damage|p1a: Incineroar|0 fnt\n|-unboost|p2b: Vega|def|1\n|-unboost|p2b: Vega|spd|1\n|faint|p1a: Incineroar\n|move|p2a: False Angel|Heat Wave|p1b: Sneasler\n|-enditem|p1b: Sneasler|Focus Sash\n|-damage|p1b: Sneasler|1/100\n|\n|-weather|SunnyDay|[upkeep]\n|upkeep\n|\n|t:|1776112280\n|switch|p1a: Kingambit|Kingambit, L50, F|100/100\n|turn|3\n|\n|t:|1776112303\n|switch|p2a: Black Jaw|Garchomp, L50, M|100/100\n|move|p1a: Kingambit|Sucker Punch|p2b: Vega\n|-resisted|p2b: Vega|1\n|-damage|p2b: Vega|35/100\n|move|p1b: Sneasler|Dire Claw|p2a: Black Jaw\n|-resisted|p2a: Black Jaw|1\n|-damage|p2a: Black Jaw|79/100\n|-damage|p1b: Sneasler|0 fnt|[from] ability: Rough Skin|[of] p2a: Black Jaw\n|faint|p1b: Sneasler\n|move|p2b: Vega|Close Combat|p1a: Kingambit\n|-supereffective|p1a: Kingambit|2\n|-damage|p1a: Kingambit|0 fnt\n|-unboost|p2b: Vega|def|1\n|-unboost|p2b: Vega|spd|1\n|faint|p1a: Kingambit\n|\n|-weather|SunnyDay|[upkeep]\n|upkeep\n|\n|t:|1776112317\n|switch|p1b: Aerodactyl|Aerodactyl, L50, M|100/100\n|turn|4\n|\n|t:|1776112333\n|switch|p2b: LG|Rotom-Wash, L50|100/100\n|detailschange|p1b: Aerodactyl|Aerodactyl-Mega, L50, M\n|-mega|p1b: Aerodactyl|Aerodactyl|Aerodactylite\n|move|p2a: Black Jaw|Rock Slide|p1b: Aerodactyl\n|-supereffective|p1b: Aerodactyl|1\n|-damage|p1b: Aerodactyl|23/100\n|move|p1b: Aerodactyl|Dual Wingbeat|p2b: LG\n|-resisted|p2b: LG|1\n|-damage|p2b: LG|87/100\n|-resisted|p2b: LG|1\n|-damage|p2b: LG|72/100\n|-hitcount|p2b: LG|2\n|\n|-weather|SunnyDay|[upkeep]\n|-heal|p2b: LG|78/100|[from] item: Leftovers\n|upkeep\n|turn|5\n|-message|nuklad forfeited.\n|\n|win|FloridaManEX\n|raw|nuklad's rating: 1069 &rarr; <strong>1047</strong><br />(-22 for losing)\n|raw|FloridaManEX's rating: 1040 &rarr; <strong>1077</strong><br />(+37 for winning)\n|l|\u2606nuklad\n|player|p1|\n",
  "uploadtime": 1776112353,
  "views": 22,
  "formatid": "gen9championsvgc2026regma",
  "rating": 1047,
  "private": 0,
  "password": null
}