{
  "id": "gen9championsvgc2026regma-2584917614",
  "format": "[Gen 9 Champions] VGC 2026 Reg M-A",
  "players": [
    "Hiat6578",
    "Davidoskas"
  ],
  "log": "|j|\u2606Hiat6578\n|j|\u2606Davidoskas\n|t:|1776294364\n|gametype|doubles\n|player|p1|Hiat6578|fisherman-gen4|1084\n|player|p2|Davidoskas|265|1089\n|gen|9\n|tier|[Gen 9 Champions] VGC 2026 Reg M-A\n|rated|\n|rule|Species Clause: Limit one of each Pok\u00e9mon\n|rule|Item Clause: Limit 1 of each item\n|clearpoke\n|poke|p1|Victreebel, L50, F|\n|poke|p1|Torkoal, L50, M|\n|poke|p1|Farigiraf, L50, M|\n|poke|p1|Sneasler, L50, F|\n|poke|p1|Rotom-Heat, L50|\n|poke|p1|Archaludon, L50, F|\n|poke|p2|Froslass, L50, F|\n|poke|p2|Gengar, L50, M|\n|poke|p2|Garchomp, L50, M|\n|poke|p2|Kingambit, L50, F|\n|poke|p2|Basculegion, L50, M|\n|poke|p2|Sneasler, L50, M|\n|teampreview|4\n|inactive|Battle timer is ON: inactive players will automatically lose when time's up. (requested by Hiat6578)\n|inactive|Davidoskas has 60 seconds left.\n|\n|t:|1776294405\n|teamsize|p1|4\n|teamsize|p2|4\n|start\n|switch|p1a: Victreebel|Victreebel, L50, F|100/100\n|switch|p1b: Sneasler|Sneasler, L50, F|100/100\n|switch|p2a: Froslass|Froslass, L50, F, shiny|100/100\n|switch|p2b: Kingambit|Kingambit, L50, F, shiny|100/100\n|turn|1\n|inactive|Davidoskas has 30 seconds left.\n|inactive|Hiat6578 has 30 seconds left.\n|inactive|Davidoskas has 20 seconds left.\n|inactive|Davidoskas has 15 seconds left.\n|inactive|Davidoskas has 10 seconds left.\n|\n|t:|1776294452\n|switch|p2b: Garchomp|Garchomp, L50, M|100/100\n|detailschange|p1a: Victreebel|Victreebel-Mega, L50, F\n|-mega|p1a: Victreebel|Victreebel|Victreebelite\n|move|p2a: Froslass|Protect|p2a: Froslass\n|-singleturn|p2a: Froslass|Protect\n|move|p1b: Sneasler|Close Combat|p2b: Garchomp\n|-damage|p2b: Garchomp|37/100\n|-unboost|p1b: Sneasler|def|1\n|-unboost|p1b: Sneasler|spd|1\n|-damage|p1b: Sneasler|88/100|[from] ability: Rough Skin|[of] p2b: Garchomp\n|-enditem|p2b: Garchomp|Sitrus Berry|[eat]\n|-heal|p2b: Garchomp|62/100|[from] item: Sitrus Berry\n|move|p1a: Victreebel|Sleep Powder|p2a: Froslass\n|-activate|p2a: Froslass|move: Protect\n|\n|upkeep\n|turn|2\n|inactive|Hiat6578 has 30 seconds left.\n|inactive|Davidoskas has 30 seconds left.\n|inactive|Davidoskas has 20 seconds left.\n|inactive|Davidoskas has 15 seconds left.\n|inactive|Davidoskas has 10 seconds left.\n|\n|t:|1776294501\n|switch|p1b: Archaludon|Archaludon, L50, F|100/100\n|detailschange|p2a: Froslass|Froslass-Mega, L50, F, shiny\n|-mega|p2a: Froslass|Froslass|Froslassite\n|-weather|Snowscape|[from] ability: Snow Warning|[of] p2a: Froslass\n|move|p2a: Froslass|Blizzard|p1a: Victreebel|[spread] p1a,p1b\n|-supereffective|p1a: Victreebel|1\n|-damage|p1a: Victreebel|0 fnt\n|-damage|p1b: Archaludon|38/100\n|-damage|p2a: Froslass|0 fnt|[from] ability: Innards Out|[of] p1a: Victreebel\n|faint|p1a: Victreebel\n|faint|p2a: Froslass\n|move|p2b: Garchomp|Dragon Claw|p1b: Archaludon\n|-damage|p1b: Archaludon|7/100\n|\n|-weather|Snowscape|[upkeep]\n|upkeep\n|inactive|Hiat6578 has 30 seconds left.\n|inactive|Davidoskas has 30 seconds left.\n|\n|t:|1776294530\n|switch|p2a: Kingambit|Kingambit, L50, F, shiny|100/100\n|switch|p1a: Sneasler|Sneasler, L50, F|88/100\n|turn|3\n|\n|t:|1776294537\n|move|p2a: Kingambit|Protect|p2a: Kingambit\n|-singleturn|p2a: Kingambit|Protect\n|move|p1b: Archaludon|Draco Meteor|p2b: Garchomp\n|-supereffective|p2b: Garchomp|1\n|-damage|p2b: Garchomp|0 fnt\n|-unboost|p1b: Archaludon|spa|2\n|faint|p2b: Garchomp\n|move|p1a: Sneasler|Close Combat|p2a: Kingambit\n|-activate|p2a: Kingambit|move: Protect\n|\n|-weather|Snowscape|[upkeep]\n|upkeep\n|\n|t:|1776294554\n|switch|p2b: Basculegion|Basculegion, L50, M, shiny|100/100\n|turn|4\n|\n|t:|1776294579\n|switch|p1b: Torkoal|Torkoal, L50, M|100/100\n|-weather|SunnyDay|[from] ability: Drought|[of] p1b: Torkoal\n|move|p2a: Kingambit|Sucker Punch||[still]\n|-fail|p2a: Kingambit\n|move|p1a: Sneasler|Close Combat|p2a: Kingambit\n|-supereffective|p2a: Kingambit|2\n|-enditem|p2a: Kingambit|Chople Berry|[eat]\n|-enditem|p2a: Kingambit|Chople Berry|[weaken]\n|-damage|p2a: Kingambit|8/100\n|-unboost|p1a: Sneasler|def|1\n|-unboost|p1a: Sneasler|spd|1\n|move|p2b: Basculegion|Last Respects|p1a: Sneasler\n|-damage|p1a: Sneasler|0 fnt\n|faint|p1a: Sneasler\n|\n|-weather|SunnyDay|[upkeep]\n|upkeep\n|\n|t:|1776294595\n|switch|p1a: Archaludon|Archaludon, L50, F|7/100\n|turn|5\n|inactive|Hiat6578 has 30 seconds left.\n|inactive|Hiat6578 has 20 seconds left.\n|inactive|Hiat6578 has 15 seconds left.\n|\n|t:|1776294636\n|move|p1a: Archaludon|Thunderbolt|p2b: Basculegion\n|-supereffective|p2b: Basculegion|1\n|-damage|p2b: Basculegion|26/100\n|move|p2b: Basculegion|Wave Crash|p1b: Torkoal\n|-supereffective|p1b: Torkoal|1\n|-damage|p1b: Torkoal|33/100\n|-damage|p2b: Basculegion|5/100|[from] Recoil\n|move|p2a: Kingambit|Low Kick|p1a: Archaludon\n|-supereffective|p1a: Archaludon|1\n|-damage|p1a: Archaludon|0 fnt\n|faint|p1a: Archaludon\n|move|p1b: Torkoal|Heat Wave|p2a: Kingambit|[spread] p2a,p2b\n|-supereffective|p2a: Kingambit|1\n|-crit|p2a: Kingambit\n|-resisted|p2b: Basculegion|1\n|-damage|p2a: Kingambit|0 fnt\n|-damage|p2b: Basculegion|0 fnt\n|faint|p2a: Kingambit\n|faint|p2b: Basculegion\n|\n|win|Hiat6578\n|raw|Hiat6578's rating: 1084 &rarr; <strong>1112</strong><br />(+28 for winning)\n|raw|Davidoskas's rating: 1089 &rarr; <strong>1065</strong><br />(-24 for losing)\n",
  "uploadtime": 1776294652,
  "views": 23,
  "formatid": "gen9championsvgc2026regma",
  "rating": 1065,
  "private": 0,
  "password": null
}