{
  "id": "gen9championsvgc2026regma-2582011010",
  "format": "[Gen 9 Champions] VGC 2026 Reg M-A",
  "players": [
    "tindall65",
    "Pigfilth"
  ],
  "log": "|j|\u2606tindall65\n|j|\u2606Pigfilth\n|t:|1776048127\n|gametype|doubles\n|player|p1|tindall65|ranmaru-conquest|1101\n|player|p2|Pigfilth|102|1151\n|gen|9\n|tier|[Gen 9 Champions] VGC 2026 Reg M-A\n|rated|\n|rule|Species Clause: Limit one of each Pok\u00e9mon\n|rule|Item Clause: Limit 1 of each item\n|clearpoke\n|poke|p1|Alcremie, L50, F|\n|poke|p1|Garchomp, L50, M|\n|poke|p1|Delphox, L50, F|\n|poke|p1|Rotom-Wash, L50|\n|poke|p1|Farigiraf, L50, M|\n|poke|p1|Talonflame, L50, F|\n|poke|p2|Gardevoir, L50, M|\n|poke|p2|Talonflame, L50, M|\n|poke|p2|Pelipper, L50, F|\n|poke|p2|Basculegion-F, L50, F|\n|poke|p2|Mamoswine, L50, F|\n|poke|p2|Banette, L50, F|\n|teampreview|4\n|inactive|Battle timer is ON: inactive players will automatically lose when time's up. (requested by Pigfilth)\n|inactive|tindall65 has 60 seconds left.\n|inactive|Pigfilth has 60 seconds left.\n|\n|t:|1776048176\n|teamsize|p1|4\n|teamsize|p2|4\n|start\n|switch|p1a: Alcremie|Alcremie, L50, F|100/100\n|switch|p1b: Farigiraf|Farigiraf, L50, M|100/100\n|switch|p2a: Gyattevoir|Gardevoir, L50, M, shiny|100/100\n|switch|p2b: Shoop de Woop|Talonflame, L50, M|100/100\n|-ability|p2a: Gyattevoir|Sweet Veil|Trace|[from] ability: Trace|[of] p1a: Alcremie\n|turn|1\n|\n|t:|1776048198\n|detailschange|p2a: Gyattevoir|Gardevoir-Mega, L50, M, shiny\n|-mega|p2a: Gyattevoir|Gardevoir|Gardevoirite\n|move|p2b: Shoop de Woop|Taunt|p1b: Farigiraf\n|-start|p1b: Farigiraf|move: Taunt\n|move|p1a: Alcremie|Decorate|p1b: Farigiraf\n|-boost|p1b: Farigiraf|atk|2\n|-boost|p1b: Farigiraf|spa|2\n|move|p2a: Gyattevoir|Hyper Voice|p1a: Alcremie|[spread] p1a,p1b\n|-damage|p1a: Alcremie|44/100\n|-damage|p1b: Farigiraf|52/100\n|move|p1b: Farigiraf|Hyper Voice|p2b: Shoop de Woop|[spread] p2a,p2b\n|-damage|p2a: Gyattevoir|41/100\n|-damage|p2b: Shoop de Woop|8/100\n|\n|upkeep\n|turn|2\n|\n|t:|1776048220\n|switch|p1a: Rotom|Rotom-Wash, L50|100/100\n|move|p2b: Shoop de Woop|Brave Bird|p1b: Farigiraf\n|-damage|p1b: Farigiraf|3/100\n|-damage|p2b: Shoop de Woop|0 fnt|[from] Recoil\n|faint|p2b: Shoop de Woop\n|move|p2a: Gyattevoir|Hyper Voice|p1b: Farigiraf|[spread] p1a,p1b\n|-damage|p1a: Rotom|39/100\n|-damage|p1b: Farigiraf|0 fnt\n|-enditem|p1a: Rotom|Sitrus Berry|[eat]\n|-heal|p1a: Rotom|64/100|[from] item: Sitrus Berry\n|faint|p1b: Farigiraf\n|\n|upkeep\n|\n|t:|1776048235\n|switch|p2b: Pih|Basculegion-F, L50, F, shiny|100/100\n|switch|p1b: Garchomp|Garchomp, L50, M|100/100\n|turn|3\n|\n|t:|1776048255\n|switch|p2a: Plapper|Pelipper, L50, F, shiny|100/100\n|-weather|RainDance|[from] ability: Drizzle|[of] p2a: Plapper\n|move|p2b: Pih|Protect|p2b: Pih\n|-singleturn|p2b: Pih|Protect\n|move|p1b: Garchomp|Earthquake|p2b: Pih|[spread] \n|-activate|p2b: Pih|move: Protect\n|-immune|p1a: Rotom|[from] ability: Levitate\n|-immune|p2a: Plapper\n|move|p1a: Rotom|Electroweb|p2a: Plapper|[spread] p2a\n|-activate|p2b: Pih|move: Protect\n|-supereffective|p2a: Plapper|2\n|-damage|p2a: Plapper|5/100\n|-unboost|p2a: Plapper|spe|1\n|-enditem|p2a: Plapper|Sitrus Berry|[eat]\n|-heal|p2a: Plapper|29/100|[from] item: Sitrus Berry\n|\n|-weather|RainDance|[upkeep]\n|upkeep\n|turn|4\n|\n|t:|1776048274\n|move|p2a: Plapper|Helping Hand|p2b: Pih\n|-singleturn|p2b: Pih|Helping Hand|[of] p2a: Plapper\n|move|p1b: Garchomp|Protect|p1b: Garchomp\n|-singleturn|p1b: Garchomp|Protect\n|move|p2b: Pih|Muddy Water|p1b: Garchomp|[spread] p1a\n|-activate|p1b: Garchomp|move: Protect\n|-resisted|p1a: Rotom|1\n|-damage|p1a: Rotom|6/100\n|move|p1a: Rotom|Electroweb|p2b: Pih|[spread] p2a,p2b\n|-supereffective|p2a: Plapper|2\n|-supereffective|p2b: Pih|1\n|-damage|p2a: Plapper|0 fnt\n|-damage|p2b: Pih|54/100\n|-unboost|p2b: Pih|spe|1\n|faint|p2a: Plapper\n|\n|-weather|RainDance|[upkeep]\n|upkeep\n|\n|t:|1776048277\n|switch|p2a: Gyattevoir|Gardevoir-Mega, L50, M, shiny|41/100\n|turn|5\n|\n|t:|1776048294\n|move|p1b: Garchomp|Earthquake|p2a: Gyattevoir|[spread] p2a,p2b\n|-immune|p1a: Rotom|[from] ability: Levitate\n|-damage|p2a: Gyattevoir|0 fnt\n|-damage|p2b: Pih|0 fnt\n|faint|p2a: Gyattevoir\n|faint|p2b: Pih\n|\n|win|tindall65\n|raw|tindall65's rating: 1101 &rarr; <strong>1130</strong><br />(+29 for winning)\n|raw|Pigfilth's rating: 1151 &rarr; <strong>1122</strong><br />(-29 for losing)\n|l|\u2606Pigfilth\n|player|p2|\n",
  "uploadtime": 1776048618,
  "views": 15,
  "formatid": "gen9championsvgc2026regma",
  "rating": 1122,
  "private": 0,
  "password": null
}