{
  "id": "gen9championsvgc2026regma-2586656753",
  "format": "[Gen 9 Champions] VGC 2026 Reg M-A",
  "players": [
    "Dillosaurus",
    "pissedpepperoni"
  ],
  "log": "|j|\u2606Dillosaurus\n|j|\u2606pissedpepperoni\n|t:|1776449872\n|gametype|doubles\n|player|p1|Dillosaurus|pokemaniac|1164\n|player|p2|pissedpepperoni|1|1153\n|gen|9\n|tier|[Gen 9 Champions] VGC 2026 Reg M-A\n|rated|\n|rule|Species Clause: Limit one of each Pok\u00e9mon\n|rule|Item Clause: Limit 1 of each item\n|clearpoke\n|poke|p1|Aggron, L50, F|\n|poke|p1|Rotom-Heat, L50|\n|poke|p1|Basculegion, L50, M|\n|poke|p1|Dragapult, L50, F|\n|poke|p1|Garchomp, L50, F|\n|poke|p1|Clefable, L50, F|\n|poke|p2|Meganium, L50, F|\n|poke|p2|Hippowdon, L50, F|\n|poke|p2|Aerodactyl, L50, F|\n|poke|p2|Kingambit, L50, M|\n|poke|p2|Floette-Eternal, L50, F|\n|poke|p2|Sinistcha, L50|\n|teampreview|4\n|\n|t:|1776449895\n|teamsize|p1|4\n|teamsize|p2|4\n|start\n|switch|p1a: Dragapult|Dragapult, L50, F|100/100\n|switch|p1b: Aggron|Aggron, L50, F|100/100\n|switch|p2a: Aerodactyl|Aerodactyl, L50, F|100/100\n|switch|p2b: Hippowdon|Hippowdon, L50, F|100/100\n|-ability|p2a: Aerodactyl|Unnerve\n|-weather|Sandstorm|[from] ability: Sand Stream|[of] p2b: Hippowdon\n|turn|1\n|\n|t:|1776449908\n|detailschange|p1b: Aggron|Aggron-Mega, L50, F\n|-mega|p1b: Aggron|Aggron|Aggronite\n|move|p1a: Dragapult|Reflect|p1a: Dragapult\n|-sidestart|p1: Dillosaurus|Reflect\n|move|p2a: Aerodactyl|Tailwind|p2a: Aerodactyl\n|-sidestart|p2: pissedpepperoni|move: Tailwind\n|move|p2b: Hippowdon|Earthquake|p1a: Dragapult|[spread] p1a,p1b\n|-immune|p2a: Aerodactyl\n|-supereffective|p1b: Aggron|1\n|-damage|p1a: Dragapult|73/100\n|-damage|p1b: Aggron|88/100\n|move|p1b: Aggron|Iron Defense|p1b: Aggron\n|-boost|p1b: Aggron|def|2\n|\n|-weather|Sandstorm|[upkeep]\n|-damage|p1a: Dragapult|67/100|[from] Sandstorm\n|upkeep\n|turn|2\n|\n|t:|1776449927\n|move|p2a: Aerodactyl|Rock Slide|p1a: Dragapult|[spread] p1a,p1b\n|-resisted|p1b: Aggron|1\n|-damage|p1a: Dragapult|42/100\n|-damage|p1b: Aggron|86/100\n|move|p1a: Dragapult|Dragon Darts|p2a: Aerodactyl\n|-damage|p2a: Aerodactyl|62/100\n|-anim|p1a: Dragapult|Dragon Darts|p2b: Hippowdon\n|-damage|p2b: Hippowdon|83/100\n|move|p2b: Hippowdon|Earthquake|p1b: Aggron|[spread] p1a,p1b\n|-immune|p2a: Aerodactyl\n|-supereffective|p1b: Aggron|1\n|-damage|p1a: Dragapult|13/100\n|-damage|p1b: Aggron|79/100\n|move|p1b: Aggron|Body Press|p2b: Hippowdon\n|-damage|p2b: Hippowdon|25/100\n|\n|-weather|Sandstorm|[upkeep]\n|-damage|p1a: Dragapult|7/100|[from] Sandstorm\n|upkeep\n|turn|3\n|\n|t:|1776449946\n|switch|p1a: Clefable|Clefable, L50, F|100/100\n|move|p2a: Aerodactyl|Rock Slide|p1a: Clefable|[spread] p1a,p1b\n|-resisted|p1b: Aggron|1\n|-damage|p1a: Clefable|85/100\n|-damage|p1b: Aggron|77/100\n|move|p2b: Hippowdon|Rest|p2b: Hippowdon\n|-status|p2b: Hippowdon|slp|[from] move: Rest\n|-heal|p2b: Hippowdon|100/100 slp|[silent]\n|-enditem|p2b: Hippowdon|Chesto Berry|[eat]\n|-curestatus|p2b: Hippowdon|slp|[msg]\n|cant|p1b: Aggron|flinch\n|\n|-weather|Sandstorm|[upkeep]\n|-damage|p1a: Clefable|79/100|[from] Sandstorm\n|upkeep\n|turn|4\n|\n|t:|1776449966\n|move|p2a: Aerodactyl|Rock Slide|p1a: Clefable|[spread] p1a,p1b\n|-resisted|p1b: Aggron|1\n|-damage|p1a: Clefable|63/100\n|-damage|p1b: Aggron|75/100\n|move|p2b: Hippowdon|Earthquake|p1b: Aggron|[spread] p1a,p1b\n|-immune|p2a: Aerodactyl\n|-supereffective|p1b: Aggron|1\n|-damage|p1a: Clefable|49/100\n|-damage|p1b: Aggron|68/100\n|move|p1a: Clefable|Life Dew|p1a: Clefable|[spread] p1a,p1b\n|-heal|p1a: Clefable|74/100\n|-heal|p1b: Aggron|93/100\n|cant|p1b: Aggron|flinch\n|\n|-weather|Sandstorm|[upkeep]\n|-damage|p1a: Clefable|68/100|[from] Sandstorm\n|-sideend|p2: pissedpepperoni|move: Tailwind\n|upkeep\n|turn|5\n|\n|t:|1776449987\n|move|p2a: Aerodactyl|Rock Slide|p1a: Clefable|[spread] p1a,p1b\n|-resisted|p1b: Aggron|1\n|-damage|p1a: Clefable|53/100\n|-damage|p1b: Aggron|91/100\n|move|p1a: Clefable|Life Dew|p1a: Clefable|[spread] p1a,p1b\n|-heal|p1a: Clefable|78/100\n|-heal|p1b: Aggron|100/100\n|cant|p1b: Aggron|flinch\n|move|p2b: Hippowdon|Earthquake|p1a: Clefable|[spread] p1a,p1b\n|-immune|p2a: Aerodactyl\n|-supereffective|p1b: Aggron|1\n|-damage|p1a: Clefable|63/100\n|-damage|p1b: Aggron|95/100\n|\n|-weather|none\n|-sideend|p1: Dillosaurus|Reflect\n|upkeep\n|turn|6\n|\n|t:|1776450003\n|move|p2a: Aerodactyl|Rock Slide|p1b: Aggron|[spread] p1a,p1b\n|-resisted|p1b: Aggron|1\n|-damage|p1a: Clefable|41/100\n|-damage|p1b: Aggron|92/100\n|move|p1a: Clefable|Life Dew|p1a: Clefable|[spread] p1a,p1b\n|-heal|p1a: Clefable|66/100\n|-heal|p1b: Aggron|100/100\n|cant|p1b: Aggron|flinch\n|move|p2b: Hippowdon|Earthquake|p1b: Aggron|[spread] p1a,p1b\n|-immune|p2a: Aerodactyl\n|-supereffective|p1b: Aggron|1\n|-damage|p1a: Clefable|44/100\n|-damage|p1b: Aggron|90/100\n|\n|upkeep\n|turn|7\n|\n|t:|1776450028\n|move|p2a: Aerodactyl|Rock Slide|p1a: Clefable|[spread] p1a,p1b\n|-resisted|p1b: Aggron|1\n|-damage|p1a: Clefable|22/100\n|-damage|p1b: Aggron|87/100\n|move|p1a: Clefable|Life Dew|p1a: Clefable|[spread] p1a,p1b\n|-heal|p1a: Clefable|48/100\n|-heal|p1b: Aggron|100/100\n|move|p1b: Aggron|Heavy Slam|p2a: Aerodactyl\n|-supereffective|p2a: Aerodactyl|1\n|-damage|p2a: Aerodactyl|0 fnt\n|-enditem|p1a: Clefable|Sitrus Berry|[eat]\n|-heal|p1a: Clefable|72/100|[from] item: Sitrus Berry\n|faint|p2a: Aerodactyl\n|move|p2b: Hippowdon|Earthquake|p1a: Clefable|[spread] p1a,p1b\n|-supereffective|p1b: Aggron|1\n|-damage|p1a: Clefable|49/100\n|-damage|p1b: Aggron|92/100\n|\n|upkeep\n|\n|t:|1776450046\n|switch|p2a: Meganium|Meganium, L50, F|100/100\n|turn|8\n|\n|t:|1776450068\n|switch|p1a: Rotom|Rotom-Heat, L50|100/100\n|detailschange|p2a: Meganium|Meganium-Mega, L50, F\n|-mega|p2a: Meganium|Meganium|Meganiumite\n|move|p2a: Meganium|Weather Ball|p1b: Aggron\n|-supereffective|p1b: Aggron|1\n|-damage|p1b: Aggron|4/100\n|move|p1b: Aggron|Heavy Slam|p2a: Meganium\n|-supereffective|p2a: Meganium|1\n|-damage|p2a: Meganium|67/100\n|move|p2b: Hippowdon|Earthquake|p1a: Rotom|[spread] p2a,p1b\n|-immune|p1a: Rotom|[from] ability: Levitate\n|-resisted|p2a: Meganium|1\n|-supereffective|p1b: Aggron|1\n|-damage|p2a: Meganium|55/100\n|-damage|p1b: Aggron|0 fnt\n|faint|p1b: Aggron\n|\n|upkeep\n|\n|t:|1776450079\n|switch|p1b: Dragapult|Dragapult, L50, F|7/100\n|turn|9\n|\n|t:|1776450088\n|move|p2a: Meganium|Protect|p2a: Meganium\n|-singleturn|p2a: Meganium|Protect\n|move|p1b: Dragapult|Reflect|p1b: Dragapult\n|-sidestart|p1: Dillosaurus|Reflect\n|move|p1a: Rotom|Overheat|p2a: Meganium\n|-activate|p2a: Meganium|move: Protect\n|move|p2b: Hippowdon|Earthquake|p1b: Dragapult|[spread] p1b\n|-activate|p2a: Meganium|move: Protect\n|-immune|p1a: Rotom|[from] ability: Levitate\n|-damage|p1b: Dragapult|0 fnt\n|faint|p1b: Dragapult\n|\n|upkeep\n|\n|t:|1776450091\n|switch|p1b: Clefable|Clefable, L50, F|49/100\n|turn|10\n|\n|t:|1776450113\n|move|p2b: Hippowdon|Protect|p2b: Hippowdon\n|-singleturn|p2b: Hippowdon|Protect\n|move|p1a: Rotom|Overheat|p2a: Meganium\n|-supereffective|p2a: Meganium|1\n|-damage|p2a: Meganium|0 fnt\n|-unboost|p1a: Rotom|spa|2\n|faint|p2a: Meganium\n|move|p1b: Clefable|Moonblast|p2b: Hippowdon\n|-activate|p2b: Hippowdon|move: Protect\n|\n|upkeep\n|\n|t:|1776450124\n|switch|p2a: Kingambit|Kingambit, L50, M|100/100\n|-activate|p2a: Kingambit|ability: Supreme Overlord\n|-start|p2a: Kingambit|fallen2|[silent]\n|turn|11\n|\n|t:|1776450135\n|move|p2a: Kingambit|Protect|p2a: Kingambit\n|-singleturn|p2a: Kingambit|Protect\n|move|p1a: Rotom|Will-O-Wisp|p2a: Kingambit\n|-activate|p2a: Kingambit|move: Protect\n|move|p1b: Clefable|Life Dew||[still]|[spread] p1a,p1b\n|-fail|p1a: Rotom|heal\n|-heal|p1b: Clefable|74/100\n|move|p2b: Hippowdon|Earthquake|p1b: Clefable|[spread] p1b\n|-activate|p2a: Kingambit|move: Protect\n|-immune|p1a: Rotom|[from] ability: Levitate\n|-damage|p1b: Clefable|59/100\n|\n|upkeep\n|turn|12\n|\n|t:|1776450165\n|move|p1a: Rotom|Will-O-Wisp|p2a: Kingambit|[miss]\n|-miss|p1a: Rotom|p2a: Kingambit\n|move|p1b: Clefable|Life Dew||[still]|[spread] p1a,p1b\n|-fail|p1a: Rotom|heal\n|-heal|p1b: Clefable|85/100\n|move|p2a: Kingambit|Kowtow Cleave|p1a: Rotom\n|-damage|p1a: Rotom|56/100\n|move|p2b: Hippowdon|Body Press|p1a: Rotom\n|-damage|p1a: Rotom|36/100\n|\n|upkeep\n|turn|13\n|\n|t:|1776450182\n|move|p2a: Kingambit|Protect|p2a: Kingambit\n|-singleturn|p2a: Kingambit|Protect\n|move|p1a: Rotom|Will-O-Wisp|p2a: Kingambit\n|-activate|p2a: Kingambit|move: Protect\n|move|p1b: Clefable|Life Dew|p1b: Clefable|[spread] p1a,p1b\n|-heal|p1a: Rotom|61/100\n|-heal|p1b: Clefable|100/100\n|move|p2b: Hippowdon|Body Press|p1a: Rotom\n|-damage|p1a: Rotom|42/100\n|\n|-sideend|p1: Dillosaurus|Reflect\n|upkeep\n|turn|14\n|\n|t:|1776450200\n|move|p1a: Rotom|Will-O-Wisp|p2a: Kingambit\n|-status|p2a: Kingambit|brn\n|move|p1b: Clefable|Life Dew||[still]|[spread] p1a,p1b\n|-heal|p1a: Rotom|67/100\n|-fail|p1b: Clefable|heal\n|move|p2a: Kingambit|Kowtow Cleave|p1a: Rotom\n|-damage|p1a: Rotom|35/100\n|move|p2b: Hippowdon|Body Press|p1a: Rotom\n|-damage|p1a: Rotom|7/100\n|\n|-damage|p2a: Kingambit|95/100 brn|[from] brn\n|upkeep\n|turn|15\n|\n|t:|1776450221\n|move|p1a: Rotom|Protect|p1a: Rotom\n|-singleturn|p1a: Rotom|Protect\n|move|p2a: Kingambit|Sucker Punch||[still]\n|-fail|p2a: Kingambit\n|move|p1b: Clefable|Life Dew||[still]|[spread] p1a,p1b\n|-heal|p1a: Rotom|32/100\n|-fail|p1b: Clefable|heal\n|move|p2b: Hippowdon|Body Press|p1a: Rotom\n|-activate|p1a: Rotom|move: Protect\n|\n|-damage|p2a: Kingambit|89/100 brn|[from] brn\n|upkeep\n|turn|16\n|\n|t:|1776450232\n|move|p2a: Kingambit|Sucker Punch||[still]\n|-fail|p2a: Kingambit\n|move|p1a: Rotom|Will-O-Wisp|p2b: Hippowdon\n|-status|p2b: Hippowdon|brn\n|move|p1b: Clefable|Moonblast|p2b: Hippowdon\n|-damage|p2b: Hippowdon|76/100 brn\n|move|p2b: Hippowdon|Body Press|p1a: Rotom\n|-damage|p1a: Rotom|18/100\n|\n|-damage|p2a: Kingambit|83/100 brn|[from] brn\n|-damage|p2b: Hippowdon|70/100 brn|[from] brn\n|upkeep\n|turn|17\n|\n|t:|1776450254\n|move|p1a: Rotom|Protect|p1a: Rotom\n|-singleturn|p1a: Rotom|Protect\n|move|p1b: Clefable|Life Dew||[still]|[spread] p1a,p1b\n|-heal|p1a: Rotom|43/100\n|-fail|p1b: Clefable|heal\n|move|p2a: Kingambit|Iron Head|p1b: Clefable\n|-supereffective|p1b: Clefable|1\n|-damage|p1b: Clefable|53/100\n|move|p2b: Hippowdon|Body Press|p1b: Clefable\n|-resisted|p1b: Clefable|1\n|-damage|p1b: Clefable|48/100\n|\n|-damage|p2a: Kingambit|78/100 brn|[from] brn\n|-damage|p2b: Hippowdon|64/100 brn|[from] brn\n|upkeep\n|turn|18\n|\n|t:|1776450269\n|move|p1a: Rotom|Overheat|p2a: Kingambit\n|-supereffective|p2a: Kingambit|1\n|-damage|p2a: Kingambit|19/100 brn\n|-unboost|p1a: Rotom|spa|2\n|move|p1b: Clefable|Life Dew|p1b: Clefable|[spread] p1a,p1b\n|-heal|p1a: Rotom|68/100\n|-heal|p1b: Clefable|73/100\n|move|p2a: Kingambit|Kowtow Cleave|p1a: Rotom\n|-damage|p1a: Rotom|33/100\n|move|p2b: Hippowdon|Body Press|p1a: Rotom\n|-damage|p1a: Rotom|17/100\n|\n|-damage|p2a: Kingambit|14/100 brn|[from] brn\n|-damage|p2b: Hippowdon|58/100 brn|[from] brn\n|upkeep\n|turn|19\n|\n|t:|1776450293\n|move|p1a: Rotom|Protect|p1a: Rotom\n|-singleturn|p1a: Rotom|Protect\n|move|p2a: Kingambit|Sucker Punch||[still]\n|-fail|p2a: Kingambit\n|move|p1b: Clefable|Moonblast|p2a: Kingambit\n|-damage|p2a: Kingambit|0 fnt\n|faint|p2a: Kingambit\n|-end|p2a: Kingambit|fallen2|[silent]\n|move|p2b: Hippowdon|Body Press|p1a: Rotom\n|-activate|p1a: Rotom|move: Protect\n|\n|-damage|p2b: Hippowdon|52/100 brn|[from] brn\n|upkeep\n|turn|20\n|\n|t:|1776450309\n|move|p1a: Rotom|Overheat|p2b: Hippowdon\n|-damage|p2b: Hippowdon|32/100 brn\n|-unboost|p1a: Rotom|spa|2\n|move|p1b: Clefable|Life Dew|p1b: Clefable|[spread] p1a,p1b\n|-heal|p1a: Rotom|42/100\n|-heal|p1b: Clefable|99/100\n|move|p2b: Hippowdon|Rest|p2b: Hippowdon\n|-status|p2b: Hippowdon|slp|[from] move: Rest\n|-heal|p2b: Hippowdon|100/100 slp|[silent]\n|\n|upkeep\n|turn|21\n|\n|t:|1776450322\n|move|p1a: Rotom|Overheat|p2b: Hippowdon\n|-damage|p2b: Hippowdon|88/100 slp\n|move|p1b: Clefable|Moonblast|p2b: Hippowdon\n|-damage|p2b: Hippowdon|63/100 slp\n|cant|p2b: Hippowdon|slp\n|\n|upkeep\n|turn|22\n|\n|t:|1776450331\n|move|p1a: Rotom|Overheat|p2b: Hippowdon|[miss]\n|-miss|p1a: Rotom|p2b: Hippowdon\n|move|p1b: Clefable|Moonblast|p2b: Hippowdon\n|-damage|p2b: Hippowdon|35/100 slp\n|cant|p2b: Hippowdon|slp\n|\n|upkeep\n|turn|23\n|\n|t:|1776450347\n|move|p1a: Rotom|Overheat|p2b: Hippowdon\n|-damage|p2b: Hippowdon|21/100 slp\n|move|p1b: Clefable|Moonblast|p2b: Hippowdon\n|-damage|p2b: Hippowdon|0 fnt\n|faint|p2b: Hippowdon\n|\n|win|Dillosaurus\n|raw|Dillosaurus's rating: 1164 &rarr; <strong>1188</strong><br />(+24 for winning)\n|raw|pissedpepperoni's rating: 1153 &rarr; <strong>1129</strong><br />(-24 for losing)\n|l|\u2606pissedpepperoni\n|player|p2|\n",
  "uploadtime": 1776450355,
  "views": 40,
  "formatid": "gen9championsvgc2026regma",
  "rating": 1129,
  "private": 0,
  "password": null
}