{
  "id": "gen9championsvgc2026regma-2587150900",
  "format": "[Gen 9 Champions] VGC 2026 Reg M-A",
  "players": [
    "kroomfy",
    "RaxPro"
  ],
  "log": "|j|\u2606kroomfy\n|j|\u2606RaxPro\n|t:|1776500880\n|gametype|doubles\n|player|p1|kroomfy|miku-ice|1113\n|player|p2|RaxPro|101|1064\n|gen|9\n|tier|[Gen 9 Champions] VGC 2026 Reg M-A\n|rated|\n|rule|Species Clause: Limit one of each Pok\u00e9mon\n|rule|Item Clause: Limit 1 of each item\n|clearpoke\n|poke|p1|Golurk, L50|\n|poke|p1|Liepard, L50, F|\n|poke|p1|Slowking-Galar, L50, F|\n|poke|p1|Milotic, L50, F|\n|poke|p1|Heliolisk, L50, F|\n|poke|p1|Torkoal, L50, M|\n|poke|p2|Gengar, L50, M|\n|poke|p2|Incineroar, L50, F|\n|poke|p2|Lucario, L50, M|\n|poke|p2|Sinistcha, L50|\n|poke|p2|Aerodactyl, L50, F|\n|poke|p2|Rotom-Wash, L50|\n|teampreview|4\n|inactive|Battle timer is ON: inactive players will automatically lose when time's up. (requested by kroomfy)\n|\n|t:|1776500904\n|teamsize|p1|4\n|teamsize|p2|4\n|start\n|switch|p1a: Liepard|Liepard, L50, F|100/100\n|switch|p1b: Slowking|Slowking-Galar, L50, F|100/100\n|switch|p2a: Gengar|Gengar, L50, M|100/100\n|switch|p2b: Rotom|Rotom-Wash, L50|100/100\n|turn|1\n|inactive|kroomfy has 30 seconds left.\n|inactive|RaxPro has 30 seconds left.\n|\n|t:|1776500934\n|detailschange|p2a: Gengar|Gengar-Mega, L50, M\n|-mega|p2a: Gengar|Gengar|Gengarite\n|move|p1a: Liepard|Fake Out|p2b: Rotom\n|-damage|p2b: Rotom|89/100\n|move|p2a: Gengar|Sludge Bomb|p1a: Liepard\n|-enditem|p1a: Liepard|Focus Sash\n|-damage|p1a: Liepard|1/100\n|-status|p1a: Liepard|psn\n|cant|p2b: Rotom|flinch\n|move|p1b: Slowking|Trick Room|p1b: Slowking\n|-fieldstart|move: Trick Room|[of] p1b: Slowking\n|\n|-heal|p2b: Rotom|95/100|[from] item: Leftovers\n|-damage|p1a: Liepard|0 fnt|[from] psn\n|faint|p1a: Liepard\n|upkeep\n|\n|t:|1776500948\n|switch|p1a: Golurk|Golurk, L50|100/100\n|turn|2\n|inactive|kroomfy has 30 seconds left.\n|inactive|kroomfy has 20 seconds left.\n|\n|t:|1776500986\n|move|p2a: Gengar|Protect|p2a: Gengar\n|-singleturn|p2a: Gengar|Protect\n|-prepare|p1b: Slowking|Chilly Reception|[premajor]\n|move|p1b: Slowking|Chilly Reception|p1b: Slowking\n|-weather|Snowscape\n|\n|t:|1776500992\n|switch|p1b: Torkoal|Torkoal, L50, M|100/100|[from] Chilly Reception\n|-weather|SunnyDay|[from] ability: Drought|[of] p1b: Torkoal\n|move|p1a: Golurk|High Horsepower|p2a: Gengar\n|-activate|p2a: Gengar|move: Protect\n|move|p2b: Rotom|Hydro Pump|p1a: Golurk|[miss]\n|-miss|p2b: Rotom|p1a: Golurk\n|\n|-weather|SunnyDay|[upkeep]\n|-heal|p2b: Rotom|100/100|[from] item: Leftovers\n|upkeep\n|turn|3\n|inactive|kroomfy has 30 seconds left.\n|inactive|RaxPro has 30 seconds left.\n|inactive|kroomfy has 20 seconds left.\n|\n|t:|1776501028\n|switch|p2a: Aerodactyl|Aerodactyl, L50, F|100/100\n|-ability|p2a: Aerodactyl|Unnerve\n|detailschange|p1a: Golurk|Golurk-Mega, L50\n|-mega|p1a: Golurk|Golurk|Golurkite\n|move|p2b: Rotom|Protect|p2b: Rotom\n|-singleturn|p2b: Rotom|Protect\n|move|p1b: Torkoal|Eruption|p2b: Rotom|[spread] p2a\n|-activate|p2b: Rotom|move: Protect\n|-resisted|p2a: Aerodactyl|1\n|-damage|p2a: Aerodactyl|32/100\n|move|p1a: Golurk|High Horsepower|p2a: Aerodactyl\n|-immune|p2a: Aerodactyl\n|\n|-weather|SunnyDay|[upkeep]\n|upkeep\n|turn|4\n|inactive|RaxPro has 30 seconds left.\n|\n|t:|1776501054\n|move|p2a: Aerodactyl|Protect|p2a: Aerodactyl\n|-singleturn|p2a: Aerodactyl|Protect\n|move|p1b: Torkoal|Eruption|p2a: Aerodactyl|[spread] p2b\n|-activate|p2a: Aerodactyl|move: Protect\n|-resisted|p2b: Rotom|1\n|-damage|p2b: Rotom|58/100\n|move|p1a: Golurk|Poltergeist|p2b: Rotom\n|-activate|p2b: Rotom|move: Poltergeist|Leftovers\n|-damage|p2b: Rotom|0 fnt\n|faint|p2b: Rotom\n|\n|-weather|SunnyDay|[upkeep]\n|upkeep\n|\n|t:|1776501068\n|switch|p2b: Gengar|Gengar-Mega, L50, M|100/100\n|turn|5\n|\n|t:|1776501076\n|move|p1b: Torkoal|Helping Hand|p1a: Golurk\n|-singleturn|p1a: Golurk|Helping Hand|[of] p1b: Torkoal\n|move|p2b: Gengar|Protect|p2b: Gengar\n|-singleturn|p2b: Gengar|Protect\n|move|p1a: Golurk|High Horsepower|p2b: Gengar\n|-supereffective|p2b: Gengar|1\n|-ability|p1a: Golurk|Unseen Fist\n|-zbroken|p2b: Gengar\n|-damage|p2b: Gengar|24/100\n|move|p2a: Aerodactyl|Rock Slide|p1b: Torkoal|[spread] p1b\n|-miss|p2a: Aerodactyl|p1a: Golurk\n|-supereffective|p1b: Torkoal|1\n|-damage|p1b: Torkoal|59/100\n|\n|-weather|SunnyDay|[upkeep]\n|-fieldend|move: Trick Room\n|upkeep\n|turn|6\n|\n|t:|1776501098\n|move|p2a: Aerodactyl|Rock Slide|p1a: Golurk|[spread] p1a,p1b\n|-resisted|p1a: Golurk|1\n|-supereffective|p1b: Torkoal|1\n|-damage|p1a: Golurk|90/100\n|-damage|p1b: Torkoal|21/100\n|move|p2b: Gengar|Shadow Ball|p1a: Golurk\n|-supereffective|p1a: Golurk|1\n|-damage|p1a: Golurk|0 fnt\n|faint|p1a: Golurk\n|move|p1b: Torkoal|Heat Wave|p2b: Gengar|[spread] p2b\n|-miss|p1b: Torkoal|p2a: Aerodactyl\n|-damage|p2b: Gengar|0 fnt\n|faint|p2b: Gengar\n|\n|-weather|none\n|upkeep\n|\n|t:|1776501111\n|switch|p2b: Sinistcha|Sinistcha, L50|100/100\n|switch|p1a: Slowking|Slowking-Galar, L50, F|100/100\n|-heal|p2a: Aerodactyl|57/100|[from] ability: Hospitality|[of] p2b: Sinistcha\n|turn|7\n|inactive|RaxPro has 30 seconds left.\n|\n|t:|1776501141\n|move|p1b: Torkoal|Protect|p1b: Torkoal\n|-singleturn|p1b: Torkoal|Protect\n|move|p2b: Sinistcha|Rage Powder|p2b: Sinistcha\n|-singleturn|p2b: Sinistcha|move: Rage Powder\n|move|p2a: Aerodactyl|Rock Slide|p1b: Torkoal|[spread] p1a\n|-activate|p1b: Torkoal|move: Protect\n|-damage|p1a: Slowking|80/100\n|move|p1a: Slowking|Trick Room|p1a: Slowking\n|-fieldstart|move: Trick Room|[of] p1a: Slowking\n|\n|upkeep\n|turn|8\n|\n|t:|1776501159\n|move|p1b: Torkoal|Heat Wave|p2a: Aerodactyl|[spread] p2a,p2b\n|-resisted|p2a: Aerodactyl|1\n|-supereffective|p2b: Sinistcha|1\n|-damage|p2a: Aerodactyl|31/100\n|-damage|p2b: Sinistcha|22/100\n|move|p1a: Slowking|Sludge Bomb|p2b: Sinistcha\n|-damage|p2b: Sinistcha|0 fnt\n|faint|p2b: Sinistcha\n|move|p2a: Aerodactyl|Rock Slide|p1b: Torkoal|[spread] p1a,p1b\n|-supereffective|p1b: Torkoal|1\n|-damage|p1a: Slowking|58/100\n|-damage|p1b: Torkoal|0 fnt\n|faint|p1b: Torkoal\n|\n|upkeep\n|turn|9\n|\n|t:|1776501170\n|move|p2a: Aerodactyl|Protect|p2a: Aerodactyl\n|-singleturn|p2a: Aerodactyl|Protect\n|move|p1a: Slowking|Sludge Bomb|p2a: Aerodactyl\n|-activate|p2a: Aerodactyl|move: Protect\n|\n|upkeep\n|turn|10\n|\n|t:|1776501181\n|move|p1a: Slowking|Sludge Bomb|p2a: Aerodactyl\n|-resisted|p2a: Aerodactyl|1\n|-damage|p2a: Aerodactyl|4/100\n|-status|p2a: Aerodactyl|psn\n|move|p2a: Aerodactyl|Dual Wingbeat|p1a: Slowking\n|-damage|p1a: Slowking|42/100\n|-damage|p1a: Slowking|25/100\n|-hitcount|p1a: Slowking|2\n|\n|-damage|p2a: Aerodactyl|0 fnt|[from] psn\n|faint|p2a: Aerodactyl\n|\n|win|kroomfy\n|raw|kroomfy's rating: 1113 &rarr; <strong>1134</strong><br />(+21 for winning)\n|raw|RaxPro's rating: 1064 &rarr; <strong>1047</strong><br />(-17 for losing)\n",
  "uploadtime": 1776501195,
  "views": 17,
  "formatid": "gen9championsvgc2026regma",
  "rating": 1047,
  "private": 0,
  "password": null
}