{
  "id": "gen9championsvgc2026regma-2583589767",
  "format": "[Gen 9 Champions] VGC 2026 Reg M-A",
  "players": [
    "maimon32",
    "vegemite360"
  ],
  "log": "|j|\u2606maimon32\n|j|\u2606vegemite360\n|t:|1776185148\n|gametype|doubles\n|player|p1|maimon32|170|1147\n|player|p2|vegemite360|bugcatcher-gen4dp|1218\n|gen|9\n|tier|[Gen 9 Champions] VGC 2026 Reg M-A\n|rated|\n|rule|Species Clause: Limit one of each Pok\u00e9mon\n|rule|Item Clause: Limit 1 of each item\n|clearpoke\n|poke|p1|Arcanine, L50, M|\n|poke|p1|Rotom-Wash, L50|\n|poke|p1|Garchomp, L50, M|\n|poke|p1|Gardevoir, L50, M|\n|poke|p1|Tyranitar, L50, M|\n|poke|p1|Corviknight, L50, F|\n|poke|p2|Crabominable, L50, M|\n|poke|p2|Primarina, L50, M|\n|poke|p2|Armarouge, L50, F|\n|poke|p2|Kingambit, L50, M|\n|poke|p2|Slowking-Galar, L50, F|\n|poke|p2|Incineroar, L50, F|\n|teampreview|4\n|inactive|Battle timer is ON: inactive players will automatically lose when time's up. (requested by vegemite360)\n|inactive|maimon32 has 60 seconds left.\n|inactive|vegemite360 has 60 seconds left.\n|inactive|maimon32 has 30 seconds left.\n|\n|t:|1776185215\n|teamsize|p1|4\n|teamsize|p2|4\n|start\n|switch|p1a: Rotom|Rotom-Wash, L50, shiny|100/100\n|switch|p1b: Gardevoir|Gardevoir, L50, M, shiny|100/100\n|switch|p2a: Slowking|Slowking-Galar, L50, F|100/100\n|switch|p2b: Primarina|Primarina, L50, M|100/100\n|turn|1\n|inactive|vegemite360 has 30 seconds left.\n|l|\u2606vegemite360\n|inactive|vegemite360 disconnected and has a minute to reconnect!\n|player|p2|\n|inactive|vegemite360 has 20 seconds left.\n|inactive|vegemite360 has 15 seconds left.\n|j|\u2606vegemite360\n|inactive|vegemite360 reconnected and has 15 seconds left.\n|player|p2|vegemite360|bugcatcher-gen4dp|\n|inactive|vegemite360 has 10 seconds left.\n|\n|t:|1776185264\n|detailschange|p1b: Gardevoir|Gardevoir-Mega, L50, M, shiny\n|-mega|p1b: Gardevoir|Gardevoir|Gardevoirite\n|move|p2b: Primarina|Protect|p2b: Primarina\n|-singleturn|p2b: Primarina|Protect\n|move|p1a: Rotom|Thunderbolt|p2b: Primarina\n|-activate|p2b: Primarina|move: Protect\n|move|p1b: Gardevoir|Psyshock|p2a: Slowking\n|-damage|p2a: Slowking|52/100\n|move|p2a: Slowking|Trick Room|p2a: Slowking\n|-fieldstart|move: Trick Room|[of] p2a: Slowking\n|\n|upkeep\n|turn|2\n|inactive|vegemite360 has 30 seconds left.\n|\n|t:|1776185291\n|move|p2a: Slowking|Sludge Bomb|p1b: Gardevoir\n|-supereffective|p1b: Gardevoir|1\n|-damage|p1b: Gardevoir|32/100\n|move|p2b: Primarina|Moonblast|p1a: Rotom\n|-damage|p1a: Rotom|35/100\n|move|p1a: Rotom|Thunderbolt|p2b: Primarina\n|-supereffective|p2b: Primarina|1\n|-damage|p2b: Primarina|29/100\n|-status|p2b: Primarina|par\n|move|p1b: Gardevoir|Trick Room|p1b: Gardevoir\n|-fieldend|move: Trick Room\n|\n|upkeep\n|turn|3\n|\n|t:|1776185316\n|switch|p2a: Kingambit|Kingambit, L50, M|100/100\n|move|p1a: Rotom|Thunderbolt|p2a: Kingambit\n|-damage|p2a: Kingambit|57/100\n|-status|p2a: Kingambit|par\n|move|p1b: Gardevoir|Psyshock|p2a: Kingambit\n|-immune|p2a: Kingambit\n|move|p2b: Primarina|Hyper Voice|p1a: Rotom|[spread] p1a,p1b\n|-resisted|p1a: Rotom|1\n|-damage|p1a: Rotom|2/100\n|-damage|p1b: Gardevoir|0 fnt\n|faint|p1b: Gardevoir\n|\n|upkeep\n|\n|t:|1776185330\n|switch|p1b: Arcanine|Arcanine, L50, M|100/100\n|-ability|p1b: Arcanine|Intimidate|boost\n|-unboost|p2a: Kingambit|atk|1\n|-ability|p2a: Kingambit|Defiant|boost\n|-boost|p2a: Kingambit|atk|2\n|-unboost|p2b: Primarina|atk|1\n|turn|4\n|inactive|vegemite360 has 30 seconds left.\n|\n|t:|1776185359\n|switch|p2b: Slowking|Slowking-Galar, L50, F|86/100\n|move|p2a: Kingambit|Sucker Punch|p1a: Rotom\n|-damage|p1a: Rotom|0 fnt\n|faint|p1a: Rotom\n|move|p1b: Arcanine|Flamethrower|p2a: Kingambit\n|-supereffective|p2a: Kingambit|1\n|-damage|p2a: Kingambit|0 fnt\n|faint|p2a: Kingambit\n|\n|upkeep\n|\n|t:|1776185370\n|switch|p1a: Corviknight|Corviknight, L50, F, shiny|100/100\n|switch|p2a: Crabominable|Crabominable, L50, M|100/100\n|turn|5\n|inactive|maimon32 has 30 seconds left.\n|\n|t:|1776185395\n|detailschange|p2a: Crabominable|Crabominable-Mega, L50, M\n|-mega|p2a: Crabominable|Crabominable|Crabominite\n|move|p1b: Arcanine|Flamethrower|p2a: Crabominable\n|-supereffective|p2a: Crabominable|1\n|-damage|p2a: Crabominable|48/100\n|move|p1a: Corviknight|Brave Bird|p2b: Slowking\n|-damage|p2b: Slowking|35/100\n|-damage|p1a: Corviknight|81/100|[from] Recoil\n|move|p2a: Crabominable|Ice Hammer|p1a: Corviknight\n|-damage|p1a: Corviknight|0 fnt\n|-unboost|p2a: Crabominable|spe|1\n|faint|p1a: Corviknight\n|move|p2b: Slowking|Trick Room|p2b: Slowking\n|-fieldstart|move: Trick Room|[of] p2b: Slowking\n|\n|upkeep\n|turn|6\n|\n|t:|1776185409\n|move|p2a: Crabominable|Drain Punch|p1b: Arcanine\n|-damage|p1b: Arcanine|32/100\n|-heal|p2a: Crabominable|81/100|[from] drain|[of] p1b: Arcanine\n|-enditem|p1b: Arcanine|Sitrus Berry|[eat]\n|-heal|p1b: Arcanine|57/100|[from] item: Sitrus Berry\n|move|p2b: Slowking|Sludge Bomb|p1b: Arcanine\n|-damage|p1b: Arcanine|17/100\n|-status|p1b: Arcanine|psn\n|move|p1b: Arcanine|Flamethrower|p2a: Crabominable\n|-supereffective|p2a: Crabominable|1\n|-damage|p2a: Crabominable|19/100\n|\n|-damage|p1b: Arcanine|5/100 psn|[from] psn\n|upkeep\n|turn|7\n|-message|maimon32 forfeited.\n|\n|win|vegemite360\n|raw|maimon32's rating: 1147 &rarr; <strong>1127</strong><br />(-20 for losing)\n|raw|vegemite360's rating: 1218 &rarr; <strong>1238</strong><br />(+20 for winning)\n|l|\u2606maimon32\n|player|p1|\n",
  "uploadtime": 1776185422,
  "views": 12,
  "formatid": "gen9championsvgc2026regma",
  "rating": 1127,
  "private": 0,
  "password": null
}