{
  "id": "gen9championsvgc2026regma-2581612517",
  "format": "[Gen 9 Champions] VGC 2026 Reg M-A",
  "players": [
    "Macchio",
    "CappyCappy"
  ],
  "log": "|j|\u2606Macchio\n|j|\u2606CappyCappy\n|t:|1776015095\n|gametype|doubles\n|player|p1|Macchio|266|1216\n|player|p2|CappyCappy|miku-fairy|1147\n|gen|9\n|tier|[Gen 9 Champions] VGC 2026 Reg M-A\n|rated|\n|rule|Species Clause: Limit one of each Pok\u00e9mon\n|rule|Item Clause: Limit 1 of each item\n|clearpoke\n|poke|p1|Charizard, L50, F|\n|poke|p1|Rotom-Wash, L50|\n|poke|p1|Whimsicott, L50, F|\n|poke|p1|Garchomp, L50, M|\n|poke|p1|Arcanine-Hisui, L50, M|\n|poke|p1|Sneasler, L50, M|\n|poke|p2|Gardevoir, L50, M|\n|poke|p2|Sneasler, L50, F|\n|poke|p2|Incineroar, L50, M|\n|poke|p2|Sinistcha, L50|\n|poke|p2|Kingambit, L50, M|\n|poke|p2|Aerodactyl, L50, M|\n|teampreview|4\n|inactive|Battle timer is ON: inactive players will automatically lose when time's up. (requested by CappyCappy)\nCappyCappy rejected open team sheets.\n|inactive|Macchio has 60 seconds left.\n|inactive|CappyCappy has 60 seconds left.\n|\n|t:|1776015142\n|teamsize|p1|4\n|teamsize|p2|4\n|start\n|switch|p1a: Charizard|Charizard, L50, F|100/100\n|switch|p1b: Rotom|Rotom-Wash, L50|100/100\n|switch|p2a: Aerodactyl|Aerodactyl, L50, M|100/100\n|switch|p2b: Gardevoir|Gardevoir, L50, M|100/100\n|turn|1\n|\n|t:|1776015161\n|detailschange|p1a: Charizard|Charizard-Mega-Y, L50, F\n|-mega|p1a: Charizard|Charizard|Charizardite Y\n|-weather|SunnyDay|[from] ability: Drought|[of] p1a: Charizard\n|detailschange|p2b: Gardevoir|Gardevoir-Mega, L50, M\n|-mega|p2b: Gardevoir|Gardevoir|Gardevoirite\n|move|p1a: Charizard|Protect|p1a: Charizard\n|-singleturn|p1a: Charizard|Protect\n|move|p2a: Aerodactyl|Tailwind|p2a: Aerodactyl\n|-sidestart|p2: CappyCappy|move: Tailwind\n|move|p2b: Gardevoir|Hyper Voice|p1b: Rotom|[spread] p1b\n|-activate|p1a: Charizard|move: Protect\n|-damage|p1b: Rotom|43/100\n|-enditem|p1b: Rotom|Sitrus Berry|[eat]\n|-heal|p1b: Rotom|68/100|[from] item: Sitrus Berry\n|move|p1b: Rotom|Thunderbolt|p2a: Aerodactyl\n|-supereffective|p2a: Aerodactyl|1\n|-enditem|p2a: Aerodactyl|Focus Sash\n|-damage|p2a: Aerodactyl|1/100\n|\n|-weather|SunnyDay|[upkeep]\n|upkeep\n|turn|2\n|inactive|Macchio has 30 seconds left.\n|\n|t:|1776015191\n|switch|p1a: Arcanine|Arcanine-Hisui, L50, M|100/100\n|-ability|p1a: Arcanine|Intimidate|boost\n|-unboost|p2a: Aerodactyl|atk|1\n|-unboost|p2b: Gardevoir|atk|1\n|move|p1b: Rotom|Protect|p1b: Rotom\n|-singleturn|p1b: Rotom|Protect\n|move|p2a: Aerodactyl|Rock Slide|p1b: Rotom|[spread] p1a\n|-activate|p1b: Rotom|move: Protect\n|-supereffective|p1a: Arcanine|1\n|-damage|p1a: Arcanine|64/100\n|move|p2b: Gardevoir|Hyper Voice|p1b: Rotom|[spread] p1a\n|-activate|p1b: Rotom|move: Protect\n|-resisted|p1a: Arcanine|1\n|-damage|p1a: Arcanine|36/100\n|\n|-weather|SunnyDay|[upkeep]\n|upkeep\n|turn|3\n|inactive|Macchio has 30 seconds left.\n|inactive|Macchio has 20 seconds left.\n|inactive|CappyCappy has 30 seconds left.\n|\n|t:|1776015232\n|move|p1a: Arcanine|Protect|p1a: Arcanine\n|-singleturn|p1a: Arcanine|Protect\n|move|p2a: Aerodactyl|Rock Slide|p1a: Arcanine|[spread] \n|-activate|p1a: Arcanine|move: Protect\n|-miss|p2a: Aerodactyl|p1b: Rotom\n|move|p2b: Gardevoir|Hyper Voice|p1b: Rotom|[spread] p1b\n|-activate|p1a: Arcanine|move: Protect\n|-damage|p1b: Rotom|8/100\n|move|p1b: Rotom|Thunderbolt|p2a: Aerodactyl\n|-supereffective|p2a: Aerodactyl|1\n|-damage|p2a: Aerodactyl|0 fnt\n|faint|p2a: Aerodactyl\n|\n|-weather|SunnyDay|[upkeep]\n|upkeep\n|\n|t:|1776015245\n|switch|p2a: Sneasler|Sneasler, L50, F|100/100\n|turn|4\n|\n|t:|1776015258\n|move|p2a: Sneasler|Fake Out|p1b: Rotom\n|-damage|p1b: Rotom|0 fnt\n|faint|p1b: Rotom\n|move|p2b: Gardevoir|Psyshock|p1a: Arcanine\n|-damage|p1a: Arcanine|0 fnt\n|faint|p1a: Arcanine\n|\n|-weather|SunnyDay|[upkeep]\n|-sideend|p2: CappyCappy|move: Tailwind\n|upkeep\n|\n|t:|1776015268\n|switch|p1a: Charizard|Charizard-Mega-Y, L50, F|100/100\n|switch|p1b: Garchomp|Garchomp, L50, M|100/100\n|turn|5\n|\n|t:|1776015282\n|move|p1b: Garchomp|Earthquake|p2a: Sneasler|[spread] p2a,p2b\n|-immune|p1a: Charizard\n|-supereffective|p2a: Sneasler|1\n|-damage|p2a: Sneasler|0 fnt\n|-damage|p2b: Gardevoir|29/100\n|faint|p2a: Sneasler\n|move|p2b: Gardevoir|Hyper Voice|p1b: Garchomp|[spread] p1a,p1b\n|-resisted|p1a: Charizard|1\n|-supereffective|p1b: Garchomp|1\n|-damage|p1a: Charizard|73/100\n|-damage|p1b: Garchomp|0 fnt\n|faint|p1b: Garchomp\n|move|p1a: Charizard|Heat Wave|p2b: Gardevoir\n|-damage|p2b: Gardevoir|0 fnt\n|faint|p2b: Gardevoir\n|\n|-weather|none\n|upkeep\n|\n|t:|1776015291\n|switch|p2b: Kingambit|Kingambit, L50, M|100/100\n|turn|6\n|\n|t:|1776015304\n|move|p1a: Charizard|Heat Wave|p2b: Kingambit\n|-supereffective|p2b: Kingambit|1\n|-damage|p2b: Kingambit|0 fnt\n|faint|p2b: Kingambit\n|\n|win|Macchio\n|raw|Macchio's rating: 1216 &rarr; <strong>1236</strong><br />(+20 for winning)\n|raw|CappyCappy's rating: 1147 &rarr; <strong>1127</strong><br />(-20 for losing)\n",
  "uploadtime": 1776015304,
  "views": 17,
  "formatid": "gen9championsvgc2026regma",
  "rating": 1127,
  "private": 0,
  "password": null
}