{
  "id": "gen9championsvgc2026regma-2585724494",
  "format": "[Gen 9 Champions] VGC 2026 Reg M-A",
  "players": [
    "mr brewster",
    "DiamondNate"
  ],
  "log": "|j|\u2606mr brewster\n|j|\u2606DiamondNate\n|t:|1776366235\n|gametype|doubles\n|player|p1|mr brewster|scientist-gen4dp|1399\n|player|p2|DiamondNate|guitarist|1529\n|gen|9\n|tier|[Gen 9 Champions] VGC 2026 Reg M-A\n|rated|\n|rule|Species Clause: Limit one of each Pok\u00e9mon\n|rule|Item Clause: Limit 1 of each item\n|clearpoke\n|poke|p1|Tyranitar, L50, F|\n|poke|p1|Excadrill, L50, F|\n|poke|p1|Corviknight, L50, M|\n|poke|p1|Primarina, L50, F|\n|poke|p1|Incineroar, L50, F|\n|poke|p1|Sinistcha, L50|\n|poke|p2|Floette-Eternal, L50, F|\n|poke|p2|Maushold, L50|\n|poke|p2|Garchomp, L50, M|\n|poke|p2|Talonflame, L50, M|\n|poke|p2|Milotic, L50, F|\n|poke|p2|Aegislash, L50, M|\n|teampreview|4\n|inactive|Battle timer is ON: inactive players will automatically lose when time's up. (requested by mr brewster)\n|\n|t:|1776366272\n|teamsize|p1|4\n|teamsize|p2|4\n|start\n|switch|p1a: Corviknight|Corviknight, L50, M|100/100\n|switch|p1b: Primarina|Primarina, L50, F|100/100\n|switch|p2a: Talonflame|Talonflame, L50, M|100/100\n|switch|p2b: Garchomp|Garchomp, L50, M|100/100\n|turn|1\n|\n|t:|1776366288\n|move|p2a: Talonflame|Protect|p2a: Talonflame\n|-singleturn|p2a: Talonflame|Protect\n|move|p2b: Garchomp|Rock Slide|p1b: Primarina|[spread] p1a,p1b\n|-damage|p1a: Corviknight|84/100\n|-damage|p1b: Primarina|82/100\n|cant|p1a: Corviknight|flinch\n|move|p1b: Primarina|Hyper Voice|p2a: Talonflame|[spread] p2b\n|-activate|p2a: Talonflame|move: Protect\n|-damage|p2b: Garchomp|64/100\n|\n|-heal|p1a: Corviknight|90/100|[from] item: Leftovers\n|upkeep\n|turn|2\n|\n|t:|1776366303\n|move|p2a: Talonflame|Flare Blitz|p1a: Corviknight\n|-supereffective|p1a: Corviknight|1\n|-damage|p1a: Corviknight|22/100\n|-damage|p2a: Talonflame|71/100|[from] Recoil\n|move|p2b: Garchomp|Earthquake|p1a: Corviknight|[spread] p1b\n|-immune|p2a: Talonflame\n|-immune|p1a: Corviknight\n|-damage|p1b: Primarina|30/100\n|-enditem|p1b: Primarina|Sitrus Berry|[eat]\n|-heal|p1b: Primarina|55/100|[from] item: Sitrus Berry\n|move|p1a: Corviknight|Bulk Up|p1a: Corviknight\n|-boost|p1a: Corviknight|atk|1\n|-boost|p1a: Corviknight|def|1\n|move|p1b: Primarina|Hyper Voice|p2a: Talonflame|[spread] p2a,p2b\n|-supereffective|p2a: Talonflame|1\n|-damage|p2a: Talonflame|0 fnt\n|-damage|p2b: Garchomp|26/100\n|faint|p2a: Talonflame\n|\n|-heal|p1a: Corviknight|28/100|[from] item: Leftovers\n|upkeep\n|\n|t:|1776366317\n|switch|p2a: Floette|Floette-Eternal, L50, F|100/100\n|turn|3\n|\n|t:|1776366325\n|switch|p1b: Sinistcha|Sinistcha, L50|100/100\n|-heal|p1a: Corviknight|53/100|[from] ability: Hospitality|[of] p1b: Sinistcha\n|detailschange|p2a: Floette|Floette-Mega, L50, F\n|-mega|p2a: Floette|Floette|Floettite\n|-ability|p2a: Floette|Fairy Aura\n|move|p2b: Garchomp|Rock Slide|p1a: Corviknight|[spread] p1a,p1b\n|-damage|p1a: Corviknight|43/100\n|-damage|p1b: Sinistcha|83/100\n|move|p2a: Floette|Dazzling Gleam|p1b: Sinistcha|[spread] p1a,p1b\n|-resisted|p1a: Corviknight|1\n|-crit|p1b: Sinistcha\n|-damage|p1a: Corviknight|25/100\n|-damage|p1b: Sinistcha|0 fnt\n|faint|p1b: Sinistcha\n|move|p1a: Corviknight|Roost|p1a: Corviknight\n|-heal|p1a: Corviknight|75/100\n|-singleturn|p1a: Corviknight|move: Roost\n|\n|-heal|p1a: Corviknight|81/100|[from] item: Leftovers\n|upkeep\n|\n|t:|1776366335\n|switch|p1b: Incineroar|Incineroar, L50, F|100/100\n|-ability|p1b: Incineroar|Intimidate|boost\n|-unboost|p2a: Floette|atk|1\n|-unboost|p2b: Garchomp|atk|1\n|turn|4\n|\n|t:|1776366349\n|move|p2a: Floette|Protect|p2a: Floette\n|-singleturn|p2a: Floette|Protect\n|move|p1b: Incineroar|Fake Out|p2a: Floette\n|-activate|p2a: Floette|move: Protect\n|move|p2b: Garchomp|Earthquake|p1b: Incineroar|[spread] p1b\n|-activate|p2a: Floette|move: Protect\n|-immune|p1a: Corviknight\n|-supereffective|p1b: Incineroar|1\n|-damage|p1b: Incineroar|55/100\n|move|p1a: Corviknight|Brave Bird|p2b: Garchomp\n|-damage|p2b: Garchomp|0 fnt\n|-damage|p1a: Corviknight|69/100|[from] ability: Rough Skin|[of] p2b: Garchomp\n|faint|p2b: Garchomp\n|-damage|p1a: Corviknight|61/100|[from] Recoil\n|\n|-heal|p1a: Corviknight|67/100|[from] item: Leftovers\n|upkeep\n|\n|t:|1776366366\n|switch|p2b: Milotic|Milotic, L50, F|100/100\n|turn|5\n|\n|t:|1776366374\n|move|p2a: Floette|Moonblast|p1a: Corviknight\n|-resisted|p1a: Corviknight|1\n|-damage|p1a: Corviknight|35/100\n|move|p2b: Milotic|Scald|p1a: Corviknight\n|-damage|p1a: Corviknight|3/100\n|move|p1a: Corviknight|Roost|p1a: Corviknight\n|-heal|p1a: Corviknight|53/100\n|-singleturn|p1a: Corviknight|move: Roost\n|move|p1b: Incineroar|Parting Shot|p2a: Floette\n|-unboost|p2a: Floette|atk|1\n|-unboost|p2a: Floette|spa|1\n|\n|t:|1776366386\n|switch|p1b: Primarina|Primarina, L50, F|55/100|[from] Parting Shot\n|\n|-heal|p1a: Corviknight|59/100|[from] item: Leftovers\n|upkeep\n|turn|6\n|\n|t:|1776366394\n|move|p2a: Floette|Moonblast|p1b: Primarina\n|-damage|p1b: Primarina|9/100\n|-unboost|p1b: Primarina|spa|1\n|move|p2b: Milotic|Scald|p1b: Primarina\n|-resisted|p1b: Primarina|1\n|-damage|p1b: Primarina|0 fnt\n|faint|p1b: Primarina\n|move|p1a: Corviknight|Roost|p1a: Corviknight\n|-heal|p1a: Corviknight|100/100\n|-singleturn|p1a: Corviknight|move: Roost\n|\n|upkeep\n|\n|t:|1776366401\n|switch|p1b: Incineroar|Incineroar, L50, F|55/100\n|-ability|p1b: Incineroar|Intimidate|boost\n|-unboost|p2a: Floette|atk|1\n|-unboost|p2b: Milotic|atk|1\n|-ability|p2b: Milotic|Competitive|boost\n|-boost|p2b: Milotic|spa|2\n|turn|7\n|\n|t:|1776366415\n|move|p1b: Incineroar|Fake Out|p2b: Milotic\n|-damage|p2b: Milotic|89/100\n|move|p2a: Floette|Moonblast|p1b: Incineroar\n|-damage|p1b: Incineroar|4/100\n|cant|p2b: Milotic|flinch\n|move|p1a: Corviknight|Brave Bird|p2a: Floette\n|-damage|p2a: Floette|42/100\n|-damage|p1a: Corviknight|83/100|[from] Recoil\n|\n|-heal|p2b: Milotic|95/100|[from] item: Leftovers\n|-heal|p1a: Corviknight|89/100|[from] item: Leftovers\n|upkeep\n|turn|8\n|\n|t:|1776366424\n|move|p2a: Floette|Dazzling Gleam|p1a: Corviknight|[spread] p1a,p1b\n|-resisted|p1a: Corviknight|1\n|-damage|p1a: Corviknight|75/100\n|-damage|p1b: Incineroar|0 fnt\n|faint|p1b: Incineroar\n|move|p2b: Milotic|Scald|p1a: Corviknight\n|-damage|p1a: Corviknight|16/100\n|-status|p1a: Corviknight|brn\n|move|p1a: Corviknight|Brave Bird|p2a: Floette\n|-damage|p2a: Floette|13/100\n|-damage|p1a: Corviknight|8/100 brn|[from] Recoil\n|\n|-heal|p2b: Milotic|100/100|[from] item: Leftovers\n|-heal|p1a: Corviknight|14/100 brn|[from] item: Leftovers\n|-damage|p1a: Corviknight|8/100 brn|[from] brn\n|upkeep\n|turn|9\n|-message|mr brewster forfeited.\n|\n|win|DiamondNate\n|raw|mr brewster's rating: 1399 &rarr; <strong>1386</strong><br />(-13 for losing)\n|raw|DiamondNate's rating: 1529 &rarr; <strong>1542</strong><br />(+13 for winning)\n|l|\u2606mr brewster\n|player|p1|\n|l|\u2606DiamondNate\n|player|p2|\n",
  "uploadtime": 1776366441,
  "views": 44,
  "formatid": "gen9championsvgc2026regma",
  "rating": 1386,
  "private": 0,
  "password": null
}