{
  "id": "gen9championsvgc2026regma-2587690497",
  "format": "[Gen 9 Champions] VGC 2026 Reg M-A",
  "players": [
    "sdfgg",
    "irisirisiris"
  ],
  "log": "|j|\u2606sdfgg\n|j|\u2606irisirisiris\n|t:|1776554266\n|gametype|doubles\n|player|p1|sdfgg|cynthia-gen4|1112\n|player|p2|irisirisiris|266|1105\n|gen|9\n|tier|[Gen 9 Champions] VGC 2026 Reg M-A\n|rated|\n|rule|Species Clause: Limit one of each Pok\u00e9mon\n|rule|Item Clause: Limit 1 of each item\n|clearpoke\n|poke|p1|Floette-Eternal, L50, F|\n|poke|p1|Aerodactyl, L50, M|\n|poke|p1|Incineroar, L50, F|\n|poke|p1|Garchomp, L50, F|\n|poke|p1|Delphox, L50, M|\n|poke|p1|Maushold, L50|\n|poke|p2|Lopunny, L50, F|\n|poke|p2|Maushold-Four, L50|\n|poke|p2|Tyranitar, L50, F|\n|poke|p2|Delphox, L50, F|\n|poke|p2|Excadrill, L50, M|\n|poke|p2|Dragonite, L50, M|\n|teampreview|4\n|\n|t:|1776554295\n|teamsize|p1|4\n|teamsize|p2|4\n|start\n|switch|p1a: Maushold|Maushold, L50|100/100\n|switch|p1b: Floette|Floette-Eternal, L50, F|100/100\n|switch|p2a: Dragonite|Dragonite, L50, M|100/100\n|switch|p2b: Delphox|Delphox, L50, F|100/100\n|turn|1\n|\n|t:|1776554314\n|switch|p2a: Excadrill|Excadrill, L50, M|100/100\n|detailschange|p2b: Delphox|Delphox-Mega, L50, F\n|-mega|p2b: Delphox|Delphox|Delphoxite\n|detailschange|p1b: Floette|Floette-Mega, L50, F\n|-mega|p1b: Floette|Floette|Floettite\n|-ability|p1b: Floette|Fairy Aura\n|move|p2b: Delphox|Heat Wave|p1b: Floette|[spread] p1a,p1b\n|-damage|p1a: Maushold|46/100\n|-damage|p1b: Floette|79/100\n|move|p1a: Maushold|Super Fang|p2a: Excadrill\n|-damage|p2a: Excadrill|51/100\n|move|p1b: Floette|Dazzling Gleam|p2b: Delphox|[spread] p2a,p2b\n|-resisted|p2a: Excadrill|1\n|-resisted|p2b: Delphox|1\n|-damage|p2a: Excadrill|18/100\n|-damage|p2b: Delphox|75/100\n|\n|upkeep\n|turn|2\n|\n|t:|1776554365\n|switch|p2b: Tyranitar|Tyranitar, L50, F|100/100\n|-weather|Sandstorm|[from] ability: Sand Stream|[of] p2b: Tyranitar\n|move|p1a: Maushold|Protect|p1a: Maushold\n|-singleturn|p1a: Maushold|Protect\n|move|p2a: Excadrill|Iron Head|p1b: Floette\n|-supereffective|p1b: Floette|1\n|-damage|p1b: Floette|14/100\n|move|p1b: Floette|Dazzling Gleam|p2b: Tyranitar|[spread] p2a,p2b\n|-resisted|p2a: Excadrill|1\n|-supereffective|p2b: Tyranitar|1\n|-damage|p2a: Excadrill|0 fnt\n|-damage|p2b: Tyranitar|27/100\n|faint|p2a: Excadrill\n|\n|-weather|Sandstorm|[upkeep]\n|-damage|p1a: Maushold|40/100|[from] Sandstorm\n|-damage|p1b: Floette|8/100|[from] Sandstorm\n|upkeep\n|\n|t:|1776554379\n|switch|p2a: Delphox|Delphox-Mega, L50, F|75/100\n|turn|3\n|\n|t:|1776554388\n|switch|p2b: Dragonite|Dragonite, L50, M|100/100\n|move|p1b: Floette|Protect|p1b: Floette\n|-singleturn|p1b: Floette|Protect\n|move|p2a: Delphox|Heat Wave|p1a: Maushold|[spread] p1a\n|-activate|p1b: Floette|move: Protect\n|-damage|p1a: Maushold|0 fnt\n|faint|p1a: Maushold\n|\n|-weather|Sandstorm|[upkeep]\n|-damage|p2a: Delphox|69/100|[from] Sandstorm\n|-damage|p1b: Floette|2/100|[from] Sandstorm\n|-damage|p2b: Dragonite|94/100|[from] Sandstorm\n|upkeep\n|\n|t:|1776554396\n|switch|p1a: Incineroar|Incineroar, L50, F|100/100\n|-ability|p1a: Incineroar|Intimidate|boost\n|-unboost|p2a: Delphox|atk|1\n|-fail|p2b: Dragonite|unboost|Attack|[from] ability: Inner Focus|[of] p2b: Dragonite\n|turn|4\n|\n|t:|1776554413\n|move|p2a: Delphox|Protect|p2a: Delphox\n|-singleturn|p2a: Delphox|Protect\n|move|p1a: Incineroar|Fake Out|p2b: Dragonite\n|-damage|p2b: Dragonite|84/100\n|move|p1b: Floette|Moonblast|p2b: Dragonite\n|-supereffective|p2b: Dragonite|1\n|-damage|p2b: Dragonite|0 fnt\n|faint|p2b: Dragonite\n|\n|-weather|Sandstorm|[upkeep]\n|-damage|p2a: Delphox|63/100|[from] Sandstorm\n|-damage|p1b: Floette|0 fnt|[from] Sandstorm\n|-damage|p1a: Incineroar|95/100|[from] Sandstorm\n|faint|p1b: Floette\n|upkeep\n|\n|t:|1776554435\n|switch|p1b: Aerodactyl|Aerodactyl, L50, M|100/100\n|switch|p2b: Tyranitar|Tyranitar, L50, F|27/100\n|-ability|p1b: Aerodactyl|Unnerve\n|turn|5\n|\n|t:|1776554459\n|move|p2a: Delphox|Encore|p1a: Incineroar\n|-start|p1a: Incineroar|Encore\n|move|p1a: Incineroar|Fake Out||[still]\n|-hint|Fake Out only works on your first turn out.\n|-fail|p1a: Incineroar\n|move|p1b: Aerodactyl|Rock Slide|p2b: Tyranitar|[spread] \n|-miss|p1b: Aerodactyl|p2a: Delphox\n|-miss|p1b: Aerodactyl|p2b: Tyranitar\n|move|p2b: Tyranitar|Rock Slide|p1a: Incineroar|[spread] p1a,p1b\n|-supereffective|p1a: Incineroar|1\n|-supereffective|p1b: Aerodactyl|1\n|-damage|p1a: Incineroar|44/100\n|-damage|p1b: Aerodactyl|9/100\n|-enditem|p1a: Incineroar|Sitrus Berry|[eat]\n|-heal|p1a: Incineroar|69/100|[from] item: Sitrus Berry\n|\n|-weather|Sandstorm|[upkeep]\n|-damage|p2a: Delphox|57/100|[from] Sandstorm\n|-damage|p1a: Incineroar|63/100|[from] Sandstorm\n|upkeep\n|turn|6\n|\n|t:|1776554484\n|move|p2a: Delphox|Protect|p2a: Delphox\n|-singleturn|p2a: Delphox|Protect\n|move|p1b: Aerodactyl|Rock Slide|p2b: Tyranitar|[spread] p2b\n|-activate|p2a: Delphox|move: Protect\n|-damage|p2b: Tyranitar|3/100\n|cant|p2b: Tyranitar|flinch\n|-activate|p1a: Incineroar|move: Struggle\n|move|p1a: Incineroar|Struggle|p2a: Delphox\n|-activate|p2a: Delphox|move: Protect\n|\n|-weather|none\n|upkeep\n|turn|7\n|\n|t:|1776554515\n|move|p2a: Delphox|Heat Wave|p1a: Incineroar|[spread] p1a,p1b\n|-resisted|p1a: Incineroar|1\n|-resisted|p1b: Aerodactyl|1\n|-damage|p1a: Incineroar|46/100\n|-damage|p1b: Aerodactyl|0 fnt\n|faint|p1b: Aerodactyl\n|move|p2b: Tyranitar|Rock Slide|p1a: Incineroar\n|-supereffective|p1a: Incineroar|1\n|-damage|p1a: Incineroar|0 fnt\n|faint|p1a: Incineroar\n|\n|win|irisirisiris\n|raw|sdfgg's rating: 1112 &rarr; <strong>1086</strong><br />(-26 for losing)\n|raw|irisirisiris's rating: 1105 &rarr; <strong>1131</strong><br />(+26 for winning)\n",
  "uploadtime": 1776554524,
  "views": 17,
  "formatid": "gen9championsvgc2026regma",
  "rating": 1086,
  "private": 0,
  "password": null
}