{
  "id": "gen9championsvgc2026regma-2588603268",
  "format": "[Gen 9 Champions] VGC 2026 Reg M-A",
  "players": [
    "RolandGT",
    "KeckleonKidVGC"
  ],
  "log": "|j|\u2606RolandGT\n|j|\u2606KeckleonKidVGC\n|t:|1776649203\n|gametype|doubles\n|player|p1|RolandGT|veteran|1118\n|player|p2|KeckleonKidVGC|1|1185\n|gen|9\n|tier|[Gen 9 Champions] VGC 2026 Reg M-A\n|rated|\n|rule|Species Clause: Limit one of each Pok\u00e9mon\n|rule|Item Clause: Limit 1 of each item\n|clearpoke\n|poke|p1|Venusaur, L50, M|\n|poke|p1|Polteageist, L50|\n|poke|p1|Lopunny, L50, M|\n|poke|p1|Palafin, L50, F|\n|poke|p1|Rotom, L50|\n|poke|p1|Orthworm, L50, F|\n|poke|p2|Pelipper, L50, M|\n|poke|p2|Basculegion, L50, M|\n|poke|p2|Farigiraf, L50, F|\n|poke|p2|Archaludon, L50, F|\n|poke|p2|Drampa, L50, F|\n|poke|p2|Venusaur, L50, M|\n|teampreview|4\n|inactive|Battle timer is ON: inactive players will automatically lose when time's up. (requested by KeckleonKidVGC)\n|inactive|RolandGT also wants the timer to be on.\n|inactive|RolandGT has 60 seconds left.\n|inactive|KeckleonKidVGC has 60 seconds left.\n|\n|t:|1776649250\n|teamsize|p1|4\n|teamsize|p2|4\n|start\n|switch|p1a: Lopunny|Lopunny, L50, M|100/100\n|switch|p1b: Palafin|Palafin, L50, F|100/100\n|switch|p2a: Pelipper|Pelipper, L50, M|100/100\n|switch|p2b: Basculegion|Basculegion, L50, M|100/100\n|-weather|RainDance|[from] ability: Drizzle|[of] p2a: Pelipper\n|turn|1\n|\n|t:|1776649275\n|detailschange|p1a: Lopunny|Lopunny-Mega, L50, M\n|-mega|p1a: Lopunny|Lopunny|Lopunnite\n|move|p2b: Basculegion|Protect|p2b: Basculegion\n|-singleturn|p2b: Basculegion|Protect\n|move|p1a: Lopunny|Fake Out|p2b: Basculegion\n|-activate|p2b: Basculegion|move: Protect\n|move|p1b: Palafin|Flip Turn|p2a: Pelipper\n|-resisted|p2a: Pelipper|1\n|-damage|p2a: Pelipper|71/100\n|\n|t:|1776649285\n|detailschange|p1b: Palafin|Palafin-Hero, L50, F\n|switch|p1b: Rotom|Rotom, L50|100/100|[from] Flip Turn\n|move|p2a: Pelipper|Tailwind|p2a: Pelipper\n|-sidestart|p2: KeckleonKidVGC|move: Tailwind\n|\n|-weather|RainDance|[upkeep]\n|upkeep\n|turn|2\n|\n|t:|1776649304\n|switch|p1a: Palafin|Palafin-Hero, L50, F|100/100\n|-activate|p1a: Palafin|ability: Zero to Hero\n|move|p2b: Basculegion|Last Respects|p1b: Rotom\n|-supereffective|p1b: Rotom|1\n|-damage|p1b: Rotom|14/100\n|-enditem|p1b: Rotom|Sitrus Berry|[eat]\n|-heal|p1b: Rotom|39/100|[from] item: Sitrus Berry\n|move|p2a: Pelipper|Hurricane|p1a: Palafin\n|-damage|p1a: Palafin|43/100\n|move|p1b: Rotom|Electroweb|p2b: Basculegion|[spread] p2a,p2b\n|-supereffective|p2a: Pelipper|2\n|-supereffective|p2b: Basculegion|1\n|-damage|p2a: Pelipper|0 fnt\n|-damage|p2b: Basculegion|58/100\n|-unboost|p2b: Basculegion|spe|1\n|faint|p2a: Pelipper\n|\n|-weather|RainDance|[upkeep]\n|upkeep\n|\n|t:|1776649321\n|switch|p2a: Venusaur|Venusaur, L50, M|100/100\n|turn|3\n|\n|t:|1776649328\n|switch|p2b: Farigiraf|Farigiraf, L50, F|100/100\n|detailschange|p2a: Venusaur|Venusaur-Mega, L50, M\n|-mega|p2a: Venusaur|Venusaur|Venusaurite\n|move|p1a: Palafin|Protect|p1a: Palafin\n|-singleturn|p1a: Palafin|Protect\n|move|p2a: Venusaur|Energy Ball|p1a: Palafin\n|-activate|p1a: Palafin|move: Protect\n|move|p1b: Rotom|Electroweb|p2b: Farigiraf|[spread] p2a,p2b\n|-resisted|p2a: Venusaur|1\n|-damage|p2a: Venusaur|93/100\n|-damage|p2b: Farigiraf|84/100\n|-unboost|p2a: Venusaur|spe|1\n|-unboost|p2b: Farigiraf|spe|1\n|\n|-weather|RainDance|[upkeep]\n|upkeep\n|turn|4\n|\n|t:|1776649346\n|switch|p1a: Lopunny|Lopunny-Mega, L50, M|100/100\n|move|p2a: Venusaur|Energy Ball|p1a: Lopunny\n|-damage|p1a: Lopunny|30/100\n|move|p1b: Rotom|Electroweb|p2b: Farigiraf|[spread] p2a,p2b\n|-resisted|p2a: Venusaur|1\n|-damage|p2a: Venusaur|86/100\n|-damage|p2b: Farigiraf|66/100\n|-unboost|p2a: Venusaur|spe|1\n|-unboost|p2b: Farigiraf|spe|1\n|move|p2b: Farigiraf|Trick Room|p2b: Farigiraf\n|-fieldstart|move: Trick Room|[of] p2b: Farigiraf\n|\n|-weather|RainDance|[upkeep]\n|-sideend|p2: KeckleonKidVGC|move: Tailwind\n|upkeep\n|turn|5\n|\n|t:|1776649371\n|move|p1b: Rotom|Protect|p1b: Rotom\n|-singleturn|p1b: Rotom|Protect\n|move|p2b: Farigiraf|Psychic|p1a: Lopunny\n|-supereffective|p1a: Lopunny|1\n|-damage|p1a: Lopunny|0 fnt\n|faint|p1a: Lopunny\n|move|p2a: Venusaur|Energy Ball|p1b: Rotom\n|-activate|p1b: Rotom|move: Protect\n|\n|-weather|none\n|upkeep\n|\n|t:|1776649377\n|switch|p1a: Palafin|Palafin-Hero, L50, F|43/100\n|turn|6\n|-message|RolandGT forfeited.\n|\n|win|KeckleonKidVGC\n|raw|RolandGT's rating: 1118 &rarr; <strong>1098</strong><br />(-20 for losing)\n|raw|KeckleonKidVGC's rating: 1185 &rarr; <strong>1205</strong><br />(+20 for winning)\n|l|\u2606RolandGT\n|player|p1|\n",
  "uploadtime": 1776649383,
  "views": 11,
  "formatid": "gen9championsvgc2026regma",
  "rating": 1098,
  "private": 0,
  "password": null
}