{
  "id": "gen9championsvgc2026regma-2587077269",
  "format": "[Gen 9 Champions] VGC 2026 Reg M-A",
  "players": [
    "kritath",
    "lSuis"
  ],
  "log": "|j|\u2606kritath\n|j|\u2606lSuis\n|t:|1776490270\n|gametype|doubles\n|player|p1|kritath|policeman-gen4|\n|player|p2|lSuis|clerk|\n|gen|9\n|tier|[Gen 9 Champions] VGC 2026 Reg M-A\n|rated|Tournament battle\n|rule|Species Clause: Limit one of each Pok\u00e9mon\n|rule|Item Clause: Limit 1 of each item\n|clearpoke\n|poke|p1|Floette-Eternal, L50, F|\n|poke|p1|Sinistcha, L50|\n|poke|p1|Kommo-o, L50, F|\n|poke|p1|Aegislash, L50, M|\n|poke|p1|Sneasler, L50, M|\n|poke|p1|Garchomp, L50, F|\n|poke|p2|Gardevoir, L50, F, shiny|\n|poke|p2|Maushold, L50, shiny|\n|poke|p2|Aerodactyl, L50, M|\n|poke|p2|Garchomp, L50, M, shiny|\n|poke|p2|Kingambit, L50, F, shiny|\n|poke|p2|Rotom-Wash, L50, shiny|\n|teampreview|4\n|inactive|Battle timer is ON: inactive players will automatically lose when time's up. (requested by kritath)\n|j|+holdingb\nkritath has agreed to open team sheets.\n|c|\u2606kritath|Glhf\n|inactive|kritath has 60 seconds left.\n|inactive|lSuis has 60 seconds left.\n|inactive|lSuis has 30 seconds left.\n|inactive|lSuis has 20 seconds left.\n|j| SeulClef\n|inactive|lSuis has 15 seconds left.\n|\n|t:|1776490350\n|teamsize|p1|4\n|teamsize|p2|4\n|start\n|switch|p1a: Floette|Floette-Eternal, L50, F|100/100\n|switch|p1b: Sneasler|Sneasler, L50, M|100/100\n|switch|p2a: Suis|Gardevoir, L50, F, shiny|100/100\n|switch|p2b: :v|Maushold, L50, shiny|100/100\n|-ability|p2a: Suis|Unburden|Trace|[from] ability: Trace|[of] p1b: Sneasler\n|turn|1\n|l| SeulClef\n|j| SeulClef\n|l| SeulClef\n|inactive|lSuis has 30 seconds left.\n|\n|t:|1776490379\n|detailschange|p1a: Floette|Floette-Mega, L50, F\n|-mega|p1a: Floette|Floette|Floettite\n|-ability|p1a: Floette|Fairy Aura\n|detailschange|p2a: Suis|Gardevoir-Mega, L50, F, shiny\n|-mega|p2a: Suis|Gardevoir|Gardevoirite\n|move|p2a: Suis|Protect|p2a: Suis\n|-singleturn|p2a: Suis|Protect\n|move|p1b: Sneasler|Fake Out|p2a: Suis\n|-activate|p2a: Suis|move: Protect\n|move|p2b: :v|Super Fang|p1a: Floette\n|-damage|p1a: Floette|51/100\n|move|p1a: Floette|Dazzling Gleam|p2a: Suis|[spread] p2b\n|-activate|p2a: Suis|move: Protect\n|-damage|p2b: :v|47/100\n|\n|upkeep\n|turn|2\n|\n|t:|1776490396\n|move|p2b: :v|Follow Me|p2b: :v\n|-singleturn|p2b: :v|move: Follow Me\n|move|p1b: Sneasler|Dire Claw|p2b: :v\n|-damage|p2b: :v|0 fnt\n|faint|p2b: :v\n|move|p1a: Floette|Draining Kiss|p2a: Suis\n|-damage|p2a: Suis|71/100\n|-heal|p1a: Floette|71/100|[from] drain|[of] p2a: Suis\n|move|p2a: Suis|Psyshock|p1b: Sneasler\n|-supereffective|p1b: Sneasler|2\n|-enditem|p1b: Sneasler|Focus Sash\n|-damage|p1b: Sneasler|1/100\n|\n|upkeep\n|\n|t:|1776490411\n|switch|p2b: Kingambit|Kingambit, L50, F, shiny|100/100\n|turn|3\n|\n|t:|1776490423\n|move|p1b: Sneasler|Protect|p1b: Sneasler\n|-singleturn|p1b: Sneasler|Protect\n|move|p2a: Suis|Protect|p2a: Suis\n|-singleturn|p2a: Suis|Protect\n|move|p2b: Kingambit|Sucker Punch||[still]\n|-fail|p2b: Kingambit\n|move|p1a: Floette|Dazzling Gleam|p2b: Kingambit|[spread] p2b\n|-activate|p2a: Suis|move: Protect\n|-damage|p2b: Kingambit|54/100\n|\n|upkeep\n|turn|4\n|\n|t:|1776490439\n|switch|p1b: Aegislash|Aegislash, L50, M|100/100\n|move|p2b: Kingambit|Sucker Punch||[still]\n|-fail|p2b: Kingambit\n|move|p1a: Floette|Dazzling Gleam|p2a: Suis|[spread] p2a,p2b\n|-crit|p2b: Kingambit\n|-damage|p2a: Suis|33/100\n|-damage|p2b: Kingambit|0 fnt\n|faint|p2b: Kingambit\n|move|p2a: Suis|Psyshock|p1b: Aegislash\n|-resisted|p1b: Aegislash|1\n|-damage|p1b: Aegislash|75/100\n|\n|upkeep\n|\n|t:|1776490449\n|switch|p2b: Rotom|Rotom-Wash, L50, shiny|100/100\n|turn|5\n|\n|t:|1776490459\n|move|p2a: Suis|Protect|p2a: Suis\n|-singleturn|p2a: Suis|Protect\n|move|p1b: Aegislash|Protect|p1b: Aegislash\n|-singleturn|p1b: Aegislash|Protect\n|move|p1a: Floette|Dazzling Gleam|p2b: Rotom|[spread] p2b\n|-activate|p2a: Suis|move: Protect\n|-damage|p2b: Rotom|46/100\n|-enditem|p2b: Rotom|Sitrus Berry|[eat]\n|-heal|p2b: Rotom|71/100|[from] item: Sitrus Berry\n|move|p2b: Rotom|Hydro Pump|p1a: Floette\n|-damage|p1a: Floette|38/100\n|\n|upkeep\n|turn|6\n|\n|t:|1776490478\n|-formechange|p1b: Aegislash|Aegislash-Blade|\n|move|p1b: Aegislash|Shadow Sneak|p2b: Rotom\n|-damage|p2b: Rotom|37/100\n|move|p1a: Floette|Dazzling Gleam|p2b: Rotom|[spread] p2a,p2b\n|-damage|p2a: Suis|0 fnt\n|-damage|p2b: Rotom|0 fnt\n|faint|p2a: Suis\n|faint|p2b: Rotom\n|\n|win|kritath\n|n|\u2606kritath|kritath\n|n|\u2606lSuis|lsuis\n|n| holdingb|holdingb\n|l|\u2606kritath\n|player|p1|\n|c|\u2606lSuis|gg\n|l|\u2606lSuis\n|player|p2|\n",
  "uploadtime": 1776490488,
  "views": 11,
  "formatid": "gen9championsvgc2026regma",
  "rating": null,
  "private": 0,
  "password": null
}