{
  "id": "gen9championsvgc2026regma-2587528923",
  "format": "[Gen 9 Champions] VGC 2026 Reg M-A",
  "players": [
    "hvv1409",
    "sneedjak"
  ],
  "log": "|j|\u2606hvv1409\n|j|\u2606sneedjak\n|t:|1776539601\n|gametype|doubles\n|player|p1|hvv1409|pokemonranger-gen4|1048\n|player|p2|sneedjak|169|1092\n|gen|9\n|tier|[Gen 9 Champions] VGC 2026 Reg M-A\n|rated|\n|rule|Species Clause: Limit one of each Pok\u00e9mon\n|rule|Item Clause: Limit 1 of each item\n|clearpoke\n|poke|p1|Talonflame, L50, M, shiny|\n|poke|p1|Incineroar, L50, M, shiny|\n|poke|p1|Gardevoir, L50, F, shiny|\n|poke|p1|Garchomp, L50, M, shiny|\n|poke|p1|Charizard, L50, M, shiny|\n|poke|p1|Rotom-Heat, L50, shiny|\n|poke|p2|Incineroar, L50, F|\n|poke|p2|Kingambit, L50, M|\n|poke|p2|Sinistcha, L50|\n|poke|p2|Basculegion, L50, M|\n|poke|p2|Floette-Eternal, L50, F|\n|poke|p2|Whimsicott, L50, F|\n|teampreview|4\n|inactive|Battle timer is ON: inactive players will automatically lose when time's up. (requested by sneedjak)\n|\n|t:|1776539644\n|teamsize|p1|4\n|teamsize|p2|4\n|start\n|switch|p1a: Rotom|Rotom-Heat, L50, shiny|100/100\n|switch|p1b: fair|Garchomp, L50, M, shiny|100/100\n|switch|p2a: Incineroar|Incineroar, L50, F|100/100\n|switch|p2b: Kingambit|Kingambit, L50, M|100/100\n|-ability|p2a: Incineroar|Intimidate|boost\n|-unboost|p1a: Rotom|atk|1\n|-unboost|p1b: fair|atk|1\n|turn|1\n|\n|t:|1776539659\n|switch|p1b: Talonflame|Talonflame, L50, M, shiny|100/100\n|move|p2b: Kingambit|Protect|p2b: Kingambit\n|-singleturn|p2b: Kingambit|Protect\n|move|p2a: Incineroar|Fake Out|p1b: Talonflame\n|-damage|p1b: Talonflame|78/100\n|move|p1a: Rotom|Will-O-Wisp|p2b: Kingambit\n|-activate|p2b: Kingambit|move: Protect\n|\n|upkeep\n|turn|2\n|inactive|sneedjak has 30 seconds left.\n|\n|t:|1776539689\n|switch|p2b: Floette|Floette-Eternal, L50, F|100/100\n|move|p1b: Talonflame|Tailwind|p1b: Talonflame\n|-sidestart|p1: hvv1409|move: Tailwind\n|move|p1a: Rotom|Overheat|p2b: Floette\n|-damage|p2b: Floette|41/100\n|-unboost|p1a: Rotom|spa|2\n|move|p2a: Incineroar|Darkest Lariat|p1b: Talonflame\n|-damage|p1b: Talonflame|7/100\n|\n|upkeep\n|turn|3\n|\n|t:|1776539710\n|switch|p2a: Sinistcha|Sinistcha, L50|100/100\n|-heal|p2b: Floette|66/100|[from] ability: Hospitality|[of] p2a: Sinistcha\n|detailschange|p2b: Floette|Floette-Mega, L50, F\n|-mega|p2b: Floette|Floette|Floettite\n|-ability|p2b: Floette|Fairy Aura\n|move|p1b: Talonflame|Dual Wingbeat|p2b: Floette\n|-damage|p2b: Floette|46/100\n|-damage|p2b: Floette|25/100\n|-hitcount|p2b: Floette|2\n|move|p1a: Rotom|Overheat|p2b: Floette\n|-damage|p2b: Floette|0 fnt\n|-unboost|p1a: Rotom|spa|2\n|faint|p2b: Floette\n|\n|upkeep\n|\n|t:|1776539721\n|switch|p2b: Incineroar|Incineroar, L50, F|100/100\n|-ability|p2b: Incineroar|Intimidate|boost\n|-unboost|p1a: Rotom|atk|1\n|-unboost|p1b: Talonflame|atk|1\n|turn|4\n|inactive|hvv1409 has 30 seconds left.\n|inactive|hvv1409 has 20 seconds left.\n|inactive|hvv1409 has 15 seconds left.\n|\n|t:|1776539766\n|switch|p1a: Charizard|Charizard, L50, M, shiny|100/100\n|move|p1b: Talonflame|Protect|p1b: Talonflame\n|-singleturn|p1b: Talonflame|Protect\n|move|p2b: Incineroar|Fake Out|p1b: Talonflame\n|-activate|p1b: Talonflame|move: Protect\n|move|p2a: Sinistcha|Matcha Gotcha|p1a: Charizard|[spread] p1a\n|-activate|p1b: Talonflame|move: Protect\n|-resisted|p1a: Charizard|2\n|-damage|p1a: Charizard|91/100\n|\n|upkeep\n|turn|5\n|\n|t:|1776539783\n|switch|p1b: Rotom|Rotom-Heat, L50, shiny|100/100\n|detailschange|p1a: Charizard|Charizard-Mega-Y, L50, M, shiny\n|-mega|p1a: Charizard|Charizard|Charizardite Y\n|-weather|SunnyDay|[from] ability: Drought|[of] p1a: Charizard\n|move|p2a: Sinistcha|Protect|p2a: Sinistcha\n|-singleturn|p2a: Sinistcha|Protect\n|move|p1a: Charizard|Heat Wave|p2a: Sinistcha|[spread] p2b\n|-activate|p2a: Sinistcha|move: Protect\n|-resisted|p2b: Incineroar|1\n|-damage|p2b: Incineroar|67/100\n|move|p2b: Incineroar|Darkest Lariat|p1a: Charizard\n|-damage|p1a: Charizard|27/100\n|\n|-weather|SunnyDay|[upkeep]\n|-sideend|p1: hvv1409|move: Tailwind\n|upkeep\n|turn|6\n|inactive|hvv1409 has 30 seconds left.\n|inactive|sneedjak has 30 seconds left.\n|inactive|hvv1409 has 20 seconds left.\n|\n|t:|1776539821\n|move|p2a: Sinistcha|Rage Powder|p2a: Sinistcha\n|-singleturn|p2a: Sinistcha|move: Rage Powder\n|move|p1a: Charizard|Heat Wave|p2a: Sinistcha|[spread] p2a,p2b\n|-supereffective|p2a: Sinistcha|1\n|-resisted|p2b: Incineroar|1\n|-damage|p2a: Sinistcha|0 fnt\n|-damage|p2b: Incineroar|35/100\n|-enditem|p2b: Incineroar|Sitrus Berry|[eat]\n|-heal|p2b: Incineroar|60/100|[from] item: Sitrus Berry\n|faint|p2a: Sinistcha\n|move|p1b: Rotom|Thunderbolt|p2b: Incineroar\n|-crit|p2b: Incineroar\n|-damage|p2b: Incineroar|0 fnt\n|faint|p2b: Incineroar\n|\n|-weather|SunnyDay|[upkeep]\n|upkeep\n|-message|sneedjak forfeited.\n|\n|win|hvv1409\n|raw|hvv1409's rating: 1048 &rarr; <strong>1085</strong><br />(+37 for winning)\n|raw|sneedjak's rating: 1092 &rarr; <strong>1065</strong><br />(-27 for losing)\n|l|\u2606sneedjak\n|player|p2|\n",
  "uploadtime": 1776539838,
  "views": 25,
  "formatid": "gen9championsvgc2026regma",
  "rating": 1065,
  "private": 0,
  "password": null
}