{
  "id": "gen9championsvgc2026regma-2583847506",
  "format": "[Gen 9 Champions] VGC 2026 Reg M-A",
  "players": [
    "Pazok",
    "thattube"
  ],
  "log": "|j|\u2606Pazok\n|j|\u2606thattube\n|t:|1776202374\n|gametype|doubles\n|player|p1|Pazok|2|1105\n|player|p2|thattube|bellelba|1193\n|gen|9\n|tier|[Gen 9 Champions] VGC 2026 Reg M-A\n|rated|\n|rule|Species Clause: Limit one of each Pok\u00e9mon\n|rule|Item Clause: Limit 1 of each item\n|clearpoke\n|poke|p1|Pelipper, L50, M|\n|poke|p1|Sinistcha, L50|\n|poke|p1|Sneasler, L50, M|\n|poke|p1|Basculegion, L50, M|\n|poke|p1|Archaludon, L50, M|\n|poke|p1|Dragonite, L50, M|\n|poke|p2|Tyranitar, L50, F|\n|poke|p2|Milotic, L50, F|\n|poke|p2|Tinkaton, L50, F|\n|poke|p2|Aerodactyl, L50, M|\n|poke|p2|Excadrill, L50, F|\n|poke|p2|Hydreigon, L50, M|\n|teampreview|4\n|\n|t:|1776202413\n|teamsize|p1|4\n|teamsize|p2|4\n|start\n|switch|p1a: Sneasler|Sneasler, L50, M|100/100\n|switch|p1b: Basculegion|Basculegion, L50, M|100/100\n|switch|p2a: Tinkaton|Tinkaton, L50, F|100/100\n|switch|p2b: Tyranitar|Tyranitar, L50, F|100/100\n|-ability|p2a: Tinkaton|Mold Breaker\n|-weather|Sandstorm|[from] ability: Sand Stream|[of] p2b: Tyranitar\n|turn|1\n|\n|t:|1776202454\n|move|p2a: Tinkaton|Fake Out|p1a: Sneasler\n|-damage|p1a: Sneasler|88/100\n|cant|p1a: Sneasler|flinch\n|move|p2b: Tyranitar|Knock Off|p1b: Basculegion\n|-supereffective|p1b: Basculegion|1\n|-damage|p1b: Basculegion|0 fnt\n|-enditem|p1b: Basculegion|Mystic Water|[from] move: Knock Off|[of] p2b: Tyranitar\n|faint|p1b: Basculegion\n|\n|-weather|Sandstorm|[upkeep]\n|-damage|p1a: Sneasler|82/100|[from] Sandstorm\n|upkeep\n|\n|t:|1776202473\n|switch|p1b: Pelipper|Pelipper, L50, M|100/100\n|-weather|RainDance|[from] ability: Drizzle|[of] p1b: Pelipper\n|turn|2\n|\n|t:|1776202497\n|move|p2a: Tinkaton|Thunder Wave|p1a: Sneasler\n|-status|p1a: Sneasler|par\n|move|p2b: Tyranitar|Rock Slide|p1b: Pelipper|[spread] p1a\n|-miss|p2b: Tyranitar|p1b: Pelipper\n|-resisted|p1a: Sneasler|1\n|-crit|p1a: Sneasler\n|-damage|p1a: Sneasler|51/100 par\n|move|p1b: Pelipper|Weather Ball|p2a: Tinkaton\n|-damage|p2a: Tinkaton|32/100\n|move|p1a: Sneasler|Close Combat|p2b: Tyranitar\n|-supereffective|p2b: Tyranitar|2\n|-damage|p2b: Tyranitar|0 fnt\n|-unboost|p1a: Sneasler|def|1\n|-unboost|p1a: Sneasler|spd|1\n|faint|p2b: Tyranitar\n|-enditem|p1a: Sneasler|White Herb\n|-clearnegativeboost|p1a: Sneasler|[silent]\n|\n|-weather|RainDance|[upkeep]\n|upkeep\n|\n|t:|1776202518\n|switch|p2b: Aerodactyl|Aerodactyl, L50, M|100/100\n|-ability|p2b: Aerodactyl|Unnerve\n|turn|3\n|\n|t:|1776202556\n|move|p1b: Pelipper|Wide Guard|p1b: Pelipper\n|-singleturn|p1b: Pelipper|Wide Guard\n|move|p2b: Aerodactyl|Tailwind|p2b: Aerodactyl\n|-sidestart|p2: thattube|move: Tailwind\n|move|p2a: Tinkaton|Gigaton Hammer|p1a: Sneasler\n|-damage|p1a: Sneasler|0 fnt\n|faint|p1a: Sneasler\n|\n|-weather|RainDance|[upkeep]\n|upkeep\n|\n|t:|1776202566\n|switch|p1a: Dragonite|Dragonite, L50, M|100/100\n|turn|4\n|\n|t:|1776202580\n|detailschange|p1a: Dragonite|Dragonite-Mega, L50, M\n|-mega|p1a: Dragonite|Dragonite|Dragoninite\n|move|p2a: Tinkaton|Helping Hand|p2b: Aerodactyl\n|-singleturn|p2b: Aerodactyl|Helping Hand|[of] p2a: Tinkaton\n|move|p2b: Aerodactyl|Rock Slide|p1a: Dragonite|[spread] p1a\n|-miss|p2b: Aerodactyl|p1b: Pelipper\n|-supereffective|p1a: Dragonite|1\n|-damage|p1a: Dragonite|63/100\n|cant|p1a: Dragonite|flinch\n|move|p1b: Pelipper|Weather Ball|p2b: Aerodactyl\n|-supereffective|p2b: Aerodactyl|1\n|-enditem|p2b: Aerodactyl|Focus Sash\n|-damage|p2b: Aerodactyl|1/100\n|\n|-weather|RainDance|[upkeep]\n|upkeep\n|turn|5\n|\n|t:|1776202619\n|move|p1a: Dragonite|Protect|p1a: Dragonite\n|-singleturn|p1a: Dragonite|Protect\n|move|p2b: Aerodactyl|Rock Slide|p1b: Pelipper|[spread] p1b\n|-activate|p1a: Dragonite|move: Protect\n|-supereffective|p1b: Pelipper|1\n|-crit|p1b: Pelipper\n|-enditem|p1b: Pelipper|Focus Sash\n|-damage|p1b: Pelipper|1/100\n|move|p2a: Tinkaton|Thunder Wave|p1a: Dragonite\n|-activate|p1a: Dragonite|move: Protect\n|move|p1b: Pelipper|Weather Ball|p2b: Aerodactyl\n|-supereffective|p2b: Aerodactyl|1\n|-damage|p2b: Aerodactyl|0 fnt\n|faint|p2b: Aerodactyl\n|\n|-weather|RainDance|[upkeep]\n|upkeep\n|\n|t:|1776202635\n|switch|p2b: Excadrill|Excadrill, L50, F|100/100\n|turn|6\n|\n|t:|1776202661\n|move|p1b: Pelipper|Protect|p1b: Pelipper\n|-singleturn|p1b: Pelipper|Protect\n|move|p2a: Tinkaton|Gigaton Hammer|p1a: Dragonite\n|-damage|p1a: Dragonite|20/100\n|move|p2b: Excadrill|Rock Slide|p1a: Dragonite|[spread] p1a\n|-activate|p1b: Pelipper|move: Protect\n|-supereffective|p1a: Dragonite|1\n|-damage|p1a: Dragonite|0 fnt\n|faint|p1a: Dragonite\n|\n|-weather|none\n|-sideend|p2: thattube|move: Tailwind\n|upkeep\n|turn|7\n|-message|Pazok forfeited.\n|\n|win|thattube\n|raw|Pazok's rating: 1105 &rarr; <strong>1086</strong><br />(-19 for losing)\n|raw|thattube's rating: 1193 &rarr; <strong>1212</strong><br />(+19 for winning)\n|l|\u2606Pazok\n|player|p1|\n",
  "uploadtime": 1776202679,
  "views": 23,
  "formatid": "gen9championsvgc2026regma",
  "rating": 1086,
  "private": 0,
  "password": null
}