{
  "id": "gen9championsvgc2026regma-2582699616",
  "format": "[Gen 9 Champions] VGC 2026 Reg M-A",
  "players": [
    "PokiOkidoki",
    "MathIMo"
  ],
  "log": "|j|\u2606PokiOkidoki\n|j|\u2606MathIMo\n|t:|1776108121\n|gametype|doubles\n|player|p1|PokiOkidoki|richboy|1139\n|player|p2|MathIMo|jogger|1184\n|gen|9\n|tier|[Gen 9 Champions] VGC 2026 Reg M-A\n|rated|\n|rule|Species Clause: Limit one of each Pok\u00e9mon\n|rule|Item Clause: Limit 1 of each item\n|clearpoke\n|poke|p1|Floette-Eternal, L50, F|\n|poke|p1|Aegislash, L50, F|\n|poke|p1|Orthworm, L50, F|\n|poke|p1|Sneasler, L50, M|\n|poke|p1|Archaludon, L50, M|\n|poke|p1|Pelipper, L50, F|\n|poke|p2|Golurk, L50|\n|poke|p2|Farigiraf, L50, M|\n|poke|p2|Incineroar, L50, M|\n|poke|p2|Torkoal, L50, F|\n|poke|p2|Venusaur, L50, F|\n|poke|p2|Sneasler, L50, M|\n|teampreview|4\n|\n|t:|1776108158\n|teamsize|p1|4\n|teamsize|p2|4\n|start\n|switch|p1a: Aegislash|Aegislash, L50, F, shiny|100/100\n|switch|p1b: Orthworm|Orthworm, L50, F, shiny|100/100\n|switch|p2a: Farigiraf|Farigiraf, L50, M|100/100\n|switch|p2b: Torkoal|Torkoal, L50, F|100/100\n|-weather|SunnyDay|[from] ability: Drought|[of] p2b: Torkoal\n|turn|1\n|\n|t:|1776108176\n|move|p2b: Torkoal|Protect|p2b: Torkoal\n|-singleturn|p2b: Torkoal|Protect\n|move|p1a: Aegislash|Wide Guard|p1a: Aegislash\n|-singleturn|p1a: Aegislash|Wide Guard\n|move|p1b: Orthworm|Shed Tail|p1b: Orthworm\n|-start|p1b: Orthworm|Substitute|[from] move: Shed Tail\n|-damage|p1b: Orthworm|50/100\n|\n|t:|1776108186\n|switch|p1b: Floette|Floette-Eternal, L50, F|100/100|[from] Shed Tail\n|move|p2a: Farigiraf|Trick Room|p2a: Farigiraf\n|-fieldstart|move: Trick Room|[of] p2a: Farigiraf\n|\n|-weather|SunnyDay|[upkeep]\n|upkeep\n|turn|2\n|\n|t:|1776108204\n|switch|p2a: Incineroar|Incineroar, L50, M|100/100\n|-ability|p2a: Incineroar|Intimidate|boost\n|-unboost|p1a: Aegislash|atk|1\n|-immune|p1b: Floette\n|switch|p1a: Pelipper|Pelipper, L50, F, shiny|100/100\n|-weather|RainDance|[from] ability: Drizzle|[of] p1a: Pelipper\n|detailschange|p1b: Floette|Floette-Mega, L50, F\n|-mega|p1b: Floette|Floette|Floettite\n|-ability|p1b: Floette|Fairy Aura\n|move|p2b: Torkoal|Weather Ball|p1a: Pelipper\n|-resisted|p1a: Pelipper|1\n|-damage|p1a: Pelipper|71/100\n|move|p1b: Floette|Psychic|p2b: Torkoal\n|-damage|p2b: Torkoal|47/100\n|\n|-weather|RainDance|[upkeep]\n|upkeep\n|turn|3\n|\n|t:|1776108228\n|move|p1a: Pelipper|Protect|p1a: Pelipper\n|-singleturn|p1a: Pelipper|Protect\n|move|p2a: Incineroar|Fake Out|p1a: Pelipper\n|-activate|p1a: Pelipper|move: Protect\n|move|p2b: Torkoal|Weather Ball|p1b: Floette\n|-end|p1b: Floette|Substitute\n|move|p1b: Floette|Dazzling Gleam|p2b: Torkoal|[spread] p2a,p2b\n|-resisted|p2b: Torkoal|1\n|-damage|p2a: Incineroar|57/100\n|-damage|p2b: Torkoal|10/100\n|\n|-weather|RainDance|[upkeep]\n|upkeep\n|turn|4\n|\n|t:|1776108256\n|move|p1b: Floette|Protect|p1b: Floette\n|-singleturn|p1b: Floette|Protect\n|move|p2b: Torkoal|Weather Ball|p1b: Floette\n|-activate|p1b: Floette|move: Protect\n|move|p2a: Incineroar|Darkest Lariat|p1a: Pelipper\n|-damage|p1a: Pelipper|28/100\n|move|p1a: Pelipper|Tailwind|p1a: Pelipper\n|-sidestart|p1: PokiOkidoki|move: Tailwind\n|\n|-weather|RainDance|[upkeep]\n|upkeep\n|turn|5\n|\n|t:|1776108279\n|switch|p1b: Orthworm|Orthworm, L50, F, shiny|50/100\n|move|p1a: Pelipper|Protect|p1a: Pelipper\n|-singleturn|p1a: Pelipper|Protect\n|move|p2b: Torkoal|Weather Ball|p1b: Orthworm\n|-damage|p1b: Orthworm|0 fnt\n|faint|p1b: Orthworm\n|move|p2a: Incineroar|Darkest Lariat|p1a: Pelipper\n|-activate|p1a: Pelipper|move: Protect\n|\n|-weather|RainDance|[upkeep]\n|-fieldend|move: Trick Room\n|upkeep\n|\n|t:|1776108290\n|switch|p1b: Floette|Floette-Mega, L50, F|100/100\n|-ability|p1b: Floette|Fairy Aura\n|turn|6\n|\n|t:|1776108304\n|move|p1b: Floette|Dazzling Gleam|p2a: Incineroar|[spread] p2a,p2b\n|-resisted|p2b: Torkoal|1\n|-damage|p2a: Incineroar|11/100\n|-damage|p2b: Torkoal|0 fnt\n|-enditem|p2a: Incineroar|Sitrus Berry|[eat]\n|-heal|p2a: Incineroar|36/100|[from] item: Sitrus Berry\n|faint|p2b: Torkoal\n|move|p1a: Pelipper|Weather Ball|p2a: Incineroar\n|-supereffective|p2a: Incineroar|1\n|-damage|p2a: Incineroar|0 fnt\n|faint|p2a: Incineroar\n|\n|-weather|none\n|upkeep\n|\n|t:|1776108313\n|switch|p2a: Golurk|Golurk, L50, shiny|100/100\n|switch|p2b: Farigiraf|Farigiraf, L50, M|100/100\n|turn|7\n|\n|t:|1776108332\n|detailschange|p2a: Golurk|Golurk-Mega, L50, shiny\n|-mega|p2a: Golurk|Golurk|Golurkite\n|move|p1b: Floette|Dazzling Gleam|p2b: Farigiraf|[spread] p2a,p2b\n|-crit|p2b: Farigiraf\n|-damage|p2a: Golurk|54/100\n|-damage|p2b: Farigiraf|26/100\n|move|p1a: Pelipper|Weather Ball|p2b: Farigiraf\n|-damage|p2b: Farigiraf|10/100\n|move|p2a: Golurk|Rock Slide|p1a: Pelipper|[spread] p1a\n|-miss|p2a: Golurk|p1b: Floette\n|-supereffective|p1a: Pelipper|1\n|-damage|p1a: Pelipper|0 fnt\n|faint|p1a: Pelipper\n|move|p2b: Farigiraf|Trick Room|p2b: Farigiraf\n|-fieldstart|move: Trick Room|[of] p2b: Farigiraf\n|\n|-sideend|p1: PokiOkidoki|move: Tailwind\n|upkeep\n|\n|t:|1776108345\n|switch|p1a: Aegislash|Aegislash, L50, F, shiny|100/100\n|turn|8\n|\n|t:|1776108356\n|move|p1a: Aegislash|Wide Guard|p1a: Aegislash\n|-singleturn|p1a: Aegislash|Wide Guard\n|move|p2b: Farigiraf|Psychic Noise|p1b: Floette\n|-damage|p1b: Floette|74/100\n|-start|p1b: Floette|move: Heal Block\n|move|p2a: Golurk|Headlong Rush|p1a: Aegislash\n|-supereffective|p1a: Aegislash|1\n|-damage|p1a: Aegislash|0 fnt\n|-unboost|p2a: Golurk|def|1\n|-unboost|p2a: Golurk|spd|1\n|faint|p1a: Aegislash\n|move|p1b: Floette|Moonblast|p2a: Golurk\n|-damage|p2a: Golurk|0 fnt\n|faint|p2a: Golurk\n|\n|upkeep\n|turn|9\n|\n|t:|1776108374\n|move|p2b: Farigiraf|Psychic Noise|p1b: Floette\n|-damage|p1b: Floette|45/100\n|move|p1b: Floette|Moonblast|p2b: Farigiraf\n|-damage|p2b: Farigiraf|0 fnt\n|faint|p2b: Farigiraf\n|\n|win|PokiOkidoki\n|raw|PokiOkidoki's rating: 1139 &rarr; <strong>1167</strong><br />(+28 for winning)\n|raw|MathIMo's rating: 1184 &rarr; <strong>1156</strong><br />(-28 for losing)\n|l|\u2606MathIMo\n|player|p2|\n",
  "uploadtime": 1776108388,
  "views": 14,
  "formatid": "gen9championsvgc2026regma",
  "rating": 1156,
  "private": 0,
  "password": null
}