{
  "id": "gen9championsvgc2026regma-2585124190",
  "format": "[Gen 9 Champions] VGC 2026 Reg M-A",
  "players": [
    "secnico",
    "Slimeko325"
  ],
  "log": "|j|\u2606secnico\n|j|\u2606Slimeko325\n|t:|1776314598\n|gametype|doubles\n|player|p1|secnico|drayden|1163\n|player|p2|Slimeko325|lucas|1261\n|gen|9\n|tier|[Gen 9 Champions] VGC 2026 Reg M-A\n|rated|\n|rule|Species Clause: Limit one of each Pok\u00e9mon\n|rule|Item Clause: Limit 1 of each item\n|clearpoke\n|poke|p1|Charizard, L50, F|\n|poke|p1|Venusaur, L50, M|\n|poke|p1|Garchomp, L50, M|\n|poke|p1|Incineroar, L50, M|\n|poke|p1|Gardevoir, L50, M|\n|poke|p1|Milotic, L50, M|\n|poke|p2|Gengar, L50, M|\n|poke|p2|Rotom-Wash, L50|\n|poke|p2|Whimsicott, L50, M|\n|poke|p2|Orthworm, L50, M|\n|poke|p2|Araquanid, L50, F|\n|poke|p2|Garchomp, L50, F|\n|teampreview|4\n|inactive|Battle timer is ON: inactive players will automatically lose when time's up. (requested by Slimeko325)\n|inactive|secnico has 60 seconds left.\n|\n|t:|1776314642\n|teamsize|p1|4\n|teamsize|p2|4\n|start\n|switch|p1a: Charizard|Charizard, L50, F|100/100\n|switch|p1b: Gardevoir|Gardevoir, L50, M|100/100\n|switch|p2a: Araquanid|Araquanid, L50, F|100/100\n|switch|p2b: Gengar|Gengar, L50, M|100/100\n|turn|1\n|\n|t:|1776314657\n|detailschange|p2b: Gengar|Gengar-Mega, L50, M\n|-mega|p2b: Gengar|Gengar|Gengarite\n|detailschange|p1a: Charizard|Charizard-Mega-Y, L50, F\n|-mega|p1a: Charizard|Charizard|Charizardite Y\n|-weather|SunnyDay|[from] ability: Drought|[of] p1a: Charizard\n|move|p2b: Gengar|Protect|p2b: Gengar\n|-singleturn|p2b: Gengar|Protect\n|move|p1b: Gardevoir|Psychic|p2b: Gengar\n|-activate|p2b: Gengar|move: Protect\n|move|p1a: Charizard|Air Slash|p2a: Araquanid\n|-supereffective|p2a: Araquanid|1\n|-damage|p2a: Araquanid|35/100\n|move|p2a: Araquanid|Mirror Coat|p1a: Charizard\n|-damage|p1a: Charizard|0 fnt\n|faint|p1a: Charizard\n|\n|-weather|SunnyDay|[upkeep]\n|upkeep\n|\n|t:|1776314671\n|switch|p1a: Garchomp|Garchomp, L50, M|100/100\n|turn|2\n|\n|t:|1776314683\n|switch|p2b: Rotom|Rotom-Wash, L50|100/100\n|switch|p2a: Garchomp|Garchomp, L50, F|100/100\n|move|p1b: Gardevoir|Psychic|p2b: Rotom\n|-damage|p2b: Rotom|54/100\n|move|p1a: Garchomp|Earthquake|p2a: Garchomp|[spread] p2a\n|-activate|p1b: Gardevoir|ability: Telepathy\n|-immune|p2b: Rotom|[from] ability: Levitate\n|-damage|p2a: Garchomp|59/100\n|\n|-weather|SunnyDay|[upkeep]\n|upkeep\n|turn|3\n|inactive|Slimeko325 has 30 seconds left.\n|\n|t:|1776314711\n|move|p2a: Garchomp|Dragon Claw|p1a: Garchomp\n|-supereffective|p1a: Garchomp|1\n|-damage|p1a: Garchomp|5/100\n|-damage|p2a: Garchomp|47/100|[from] ability: Rough Skin|[of] p1a: Garchomp\n|move|p1b: Gardevoir|Psychic|p2b: Rotom\n|-damage|p2b: Rotom|6/100\n|move|p1a: Garchomp|Dragon Claw|p2a: Garchomp\n|-supereffective|p2a: Garchomp|1\n|-damage|p2a: Garchomp|0 fnt\n|-damage|p1a: Garchomp|0 fnt|[from] ability: Rough Skin|[of] p2a: Garchomp\n|faint|p2a: Garchomp\n|faint|p1a: Garchomp\n|move|p2b: Rotom|Discharge|p1b: Gardevoir\n|-damage|p1b: Gardevoir|49/100\n|\n|-weather|SunnyDay|[upkeep]\n|upkeep\n|\n|t:|1776314728\n|switch|p1a: Incineroar|Incineroar, L50, M|100/100\n|switch|p2a: Gengar|Gengar-Mega, L50, M|100/100\n|-ability|p1a: Incineroar|Intimidate|boost\n|-unboost|p2a: Gengar|atk|1\n|-unboost|p2b: Rotom|atk|1\n|turn|4\n|\n|t:|1776314740\n|move|p2b: Rotom|Protect|p2b: Rotom\n|-singleturn|p2b: Rotom|Protect\n|move|p1b: Gardevoir|Psychic|p2b: Rotom\n|-activate|p2b: Rotom|move: Protect\n|move|p2a: Gengar|Shadow Ball|p1b: Gardevoir\n|-supereffective|p1b: Gardevoir|1\n|-damage|p1b: Gardevoir|0 fnt\n|faint|p1b: Gardevoir\n|move|p1a: Incineroar|Parting Shot|p2a: Gengar\n|-unboost|p2a: Gengar|atk|1\n|-unboost|p2a: Gengar|spa|1\n|\n|-weather|SunnyDay|[upkeep]\n|upkeep\n|turn|5\n|-message|secnico forfeited.\n|\n|win|Slimeko325\n|raw|secnico's rating: 1163 &rarr; <strong>1145</strong><br />(-18 for losing)\n|raw|Slimeko325's rating: 1261 &rarr; <strong>1279</strong><br />(+18 for winning)\n|l|\u2606secnico\n|player|p1|\n",
  "uploadtime": 1776314753,
  "views": 35,
  "formatid": "gen9championsvgc2026regma",
  "rating": 1145,
  "private": 0,
  "password": null
}