{
  "id": "gen9championsvgc2026regma-2581178657",
  "format": "[Gen 9 Champions] VGC 2026 Reg M-A",
  "players": [
    "wut_omega",
    "Athazagorayawa"
  ],
  "log": "|j|\u2606wut_omega\n|j|\u2606Athazagorayawa\n|t:|1775967638\n|gametype|doubles\n|player|p1|wut_omega|265|\n|player|p2|Athazagorayawa|hilbert|\n|gen|9\n|tier|[Gen 9 Champions] VGC 2026 Reg M-A\n|rule|Species Clause: Limit one of each Pok\u00e9mon\n|rule|Item Clause: Limit 1 of each item\n|clearpoke\n|poke|p1|Charizard, L50, F|\n|poke|p1|Venusaur, L50, F|\n|poke|p1|Archaludon, L50, M|\n|poke|p1|Sneasler, L50, M|\n|poke|p1|Milotic, L50, M|\n|poke|p1|Whimsicott, L50, M|\n|poke|p2|Delphox, L50, F|\n|poke|p2|Garchomp, L50, F|\n|poke|p2|Ninetales-Alola, L50, M|\n|poke|p2|Maushold-Four, L50|\n|poke|p2|Corviknight, L50, F|\n|poke|p2|Meowscarada, L50, F|\n|teampreview|4\nwut_omega rejected open team sheets.\n|inactive|Battle timer is ON: inactive players will automatically lose when time's up. (requested by wut_omega)\n|inactive|Athazagorayawa has 60 seconds left.\n|inactive|Athazagorayawa has 30 seconds left.\n|\n|t:|1775967761\n|teamsize|p1|4\n|teamsize|p2|4\n|start\n|switch|p1a: Milotic|Milotic, L50, M|100/100\n|switch|p1b: Whimsicott|Whimsicott, L50, M|100/100\n|switch|p2a: Delphox|Delphox, L50, F|100/100\n|switch|p2b: Meowscarada|Meowscarada, L50, F|100/100\n|turn|1\n|inactive|Athazagorayawa has 30 seconds left.\n|\n|t:|1775967795\n|move|p1a: Milotic|Protect|p1a: Milotic\n|-singleturn|p1a: Milotic|Protect\n|move|p1b: Whimsicott|Tailwind|p1b: Whimsicott\n|-sidestart|p1: wut_omega|move: Tailwind\n|move|p2b: Meowscarada|Flower Trick|p1a: Milotic\n|-activate|p1a: Milotic|move: Protect\n|move|p2a: Delphox|Heat Wave|p1a: Milotic|[spread] \n|-activate|p1a: Milotic|move: Protect\n|-miss|p2a: Delphox|p1b: Whimsicott\n|\n|upkeep\n|turn|2\n|inactive|Athazagorayawa has 30 seconds left.\n|inactive|Athazagorayawa has 20 seconds left.\n|inactive|Athazagorayawa has 15 seconds left.\n|\n|t:|1775967838\n|detailschange|p2a: Delphox|Delphox-Mega, L50, F\n|-mega|p2a: Delphox|Delphox|Delphoxite\n|move|p2a: Delphox|Protect|p2a: Delphox\n|-singleturn|p2a: Delphox|Protect\n|move|p1b: Whimsicott|Moonblast|p2b: Meowscarada\n|-supereffective|p2b: Meowscarada|1\n|-crit|p2b: Meowscarada\n|-damage|p2b: Meowscarada|0 fnt\n|faint|p2b: Meowscarada\n|move|p1a: Milotic|Scald|p2a: Delphox\n|-activate|p2a: Delphox|move: Protect\n|\n|upkeep\n|inactive|Athazagorayawa has 30 seconds left.\n|inactive|Athazagorayawa has 20 seconds left.\n|\n|t:|1775967874\n|switch|p2b: The Visions|Maushold-Four, L50, shiny|100/100\n|turn|3\n|inactive|Athazagorayawa has 30 seconds left.\n|\n|t:|1775967903\n|switch|p2a: Larpchomp|Garchomp, L50, F|100/100\n|move|p2b: The Visions|Protect|p2b: The Visions\n|-singleturn|p2b: The Visions|Protect\n|move|p1b: Whimsicott|Encore||[still]\n|-fail|p1b: Whimsicott\n|move|p1a: Milotic|Scald|p2a: Larpchomp\n|-damage|p2a: Larpchomp|78/100\n|-status|p2a: Larpchomp|brn\n|\n|-damage|p2a: Larpchomp|72/100 brn|[from] brn\n|upkeep\n|turn|4\n|inactive|Athazagorayawa has 30 seconds left.\n|inactive|Athazagorayawa has 20 seconds left.\n|inactive|Athazagorayawa has 15 seconds left.\n|\n|t:|1775967947\n|move|p1b: Whimsicott|Encore|p2b: The Visions\n|-start|p2b: The Visions|Encore\n|move|p2b: The Visions|Protect|p2b: The Visions\n|-singleturn|p2b: The Visions|Protect\n|move|p1a: Milotic|Icy Wind|p2b: The Visions|[spread] p2a\n|-activate|p2b: The Visions|move: Protect\n|-supereffective|p2a: Larpchomp|2\n|-damage|p2a: Larpchomp|43/100 brn\n|-unboost|p2a: Larpchomp|spe|1\n|-enditem|p2a: Larpchomp|White Herb\n|-clearnegativeboost|p2a: Larpchomp|[silent]\n|move|p2a: Larpchomp|Rock Slide|p1a: Milotic|[spread] p1a,p1b\n|-damage|p1a: Milotic|91/100\n|-damage|p1b: Whimsicott|87/100\n|\n|-heal|p1a: Milotic|97/100|[from] item: Leftovers\n|-damage|p2a: Larpchomp|37/100 brn|[from] brn\n|-sideend|p1: wut_omega|move: Tailwind\n|upkeep\n|turn|5\n|inactive|Athazagorayawa has 30 seconds left.\n|inactive|Athazagorayawa has 20 seconds left.\n|inactive|Athazagorayawa has 15 seconds left.\n|inactive|Athazagorayawa has 10 seconds left.\n|\n|t:|1775967993\n|switch|p2b: Delphox|Delphox-Mega, L50, F|100/100\n|move|p1b: Whimsicott|Moonblast|p2b: Delphox\n|-resisted|p2b: Delphox|1\n|-damage|p2b: Delphox|85/100\n|move|p2a: Larpchomp|Earthquake|p1b: Whimsicott|[spread] p1a,p1b\n|-immune|p2b: Delphox|[from] ability: Levitate\n|-resisted|p1b: Whimsicott|1\n|-damage|p1a: Milotic|76/100\n|-damage|p1b: Whimsicott|73/100\n|move|p1a: Milotic|Icy Wind|p2b: Delphox|[spread] p2a,p2b\n|-supereffective|p2a: Larpchomp|2\n|-resisted|p2b: Delphox|1\n|-damage|p2a: Larpchomp|0 fnt\n|-damage|p2b: Delphox|80/100\n|-unboost|p2b: Delphox|spe|1\n|faint|p2a: Larpchomp\n|\n|-heal|p1a: Milotic|82/100|[from] item: Leftovers\n|upkeep\n|\n|t:|1775968009\n|switch|p2a: The Visions|Maushold-Four, L50, shiny|100/100\n|turn|6\n|inactive|wut_omega has 30 seconds left.\n|\n|t:|1775968035\n|move|p2a: The Visions|Follow Me|p2a: The Visions\n|-singleturn|p2a: The Visions|move: Follow Me\n|move|p1b: Whimsicott|Tailwind|p1b: Whimsicott\n|-sidestart|p1: wut_omega|move: Tailwind\n|move|p1a: Milotic|Scald|p2a: The Visions\n|-damage|p2a: The Visions|62/100\n|move|p2b: Delphox|Heat Wave|p1a: Milotic|[spread] p1a,p1b\n|-resisted|p1a: Milotic|1\n|-supereffective|p1b: Whimsicott|1\n|-damage|p1a: Milotic|70/100\n|-damage|p1b: Whimsicott|0 fnt\n|faint|p1b: Whimsicott\n|\n|-heal|p1a: Milotic|76/100|[from] item: Leftovers\n|upkeep\n|\n|t:|1775968046\n|switch|p1b: Sneasler|Sneasler, L50, M|100/100\n|turn|7\n|inactive|Athazagorayawa has 30 seconds left.\n|inactive|Athazagorayawa has 20 seconds left.\n|inactive|Athazagorayawa has 15 seconds left.\n|inactive|Athazagorayawa has 10 seconds left.\n|inactive|Athazagorayawa has 5 seconds left.\n|\n|t:|1775968099\n|move|p2a: The Visions|Protect|p2a: The Visions\n|-singleturn|p2a: The Visions|Protect\n|move|p1b: Sneasler|Fake Out|p2b: Delphox\n|-damage|p2b: Delphox|63/100\n|move|p1a: Milotic|Scald|p2b: Delphox\n|-supereffective|p2b: Delphox|1\n|-damage|p2b: Delphox|21/100\n|cant|p2b: Delphox|flinch\n|\n|-heal|p1a: Milotic|82/100|[from] item: Leftovers\n|upkeep\n|turn|8\n|\n|t:|1775968118\n|move|p2a: The Visions|Follow Me|p2a: The Visions\n|-singleturn|p2a: The Visions|move: Follow Me\n|move|p1b: Sneasler|Close Combat|p2a: The Visions\n|-supereffective|p2a: The Visions|1\n|-damage|p2a: The Visions|0 fnt\n|-unboost|p1b: Sneasler|def|1\n|-unboost|p1b: Sneasler|spd|1\n|faint|p2a: The Visions\n|-enditem|p1b: Sneasler|White Herb\n|-clearnegativeboost|p1b: Sneasler|[silent]\n|move|p1a: Milotic|Scald|p2b: Delphox\n|-supereffective|p2b: Delphox|1\n|-damage|p2b: Delphox|0 fnt\n|faint|p2b: Delphox\n|\n|win|wut_omega\n",
  "uploadtime": 1775968135,
  "views": 24,
  "formatid": "gen9championsvgc2026regma",
  "rating": null,
  "private": 0,
  "password": null
}