{
  "id": "gen9championsvgc2026regma-2588591957",
  "format": "[Gen 9 Champions] VGC 2026 Reg M-A",
  "players": [
    "OJ32",
    "munchcrunch6"
  ],
  "log": "|j|\u2606OJ32\n|j|\u2606munchcrunch6\n|t:|1776648118\n|gametype|doubles\n|player|p1|OJ32|1|1148\n|player|p2|munchcrunch6|ghetsis-gen5bw|1163\n|gen|9\n|tier|[Gen 9 Champions] VGC 2026 Reg M-A\n|rated|\n|rule|Species Clause: Limit one of each Pok\u00e9mon\n|rule|Item Clause: Limit 1 of each item\n|clearpoke\n|poke|p1|Sneasler, L50, M|\n|poke|p1|Garchomp, L50, F|\n|poke|p1|Sinistcha, L50|\n|poke|p1|Floette-Eternal, L50, F|\n|poke|p1|Aerodactyl, L50, F|\n|poke|p1|Milotic, L50, M|\n|poke|p2|Gardevoir, L50, M|\n|poke|p2|Primarina, L50, F|\n|poke|p2|Whimsicott, L50, M|\n|poke|p2|Sneasler, L50, F|\n|poke|p2|Arcanine-Hisui, L50, M|\n|poke|p2|Kingambit, L50, M|\n|teampreview|4\n|inactive|Battle timer is ON: inactive players will automatically lose when time's up. (requested by OJ32)\n|\n|t:|1776648137\n|teamsize|p1|4\n|teamsize|p2|4\n|start\n|switch|p1a: Milotic|Milotic, L50, M|100/100\n|switch|p1b: Sneasler|Sneasler, L50, M|100/100\n|switch|p2a: Gardevoir|Gardevoir, L50, M|100/100\n|switch|p2b: Whimsicott|Whimsicott, L50, M|100/100\n|-ability|p2a: Gardevoir|Competitive|Trace|[from] ability: Trace|[of] p1a: Milotic\n|turn|1\n|\n|t:|1776648153\n|detailschange|p2a: Gardevoir|Gardevoir-Mega, L50, M\n|-mega|p2a: Gardevoir|Gardevoir|Gardevoirite\n|move|p1b: Sneasler|Fake Out|p2a: Gardevoir\n|-damage|p2a: Gardevoir|74/100\n|move|p2b: Whimsicott|Tailwind|p2b: Whimsicott\n|-sidestart|p2: munchcrunch6|move: Tailwind\n|cant|p2a: Gardevoir|flinch\n|move|p1a: Milotic|Icy Wind|p2b: Whimsicott|[spread] p2a,p2b\n|-supereffective|p2b: Whimsicott|1\n|-damage|p2a: Gardevoir|63/100\n|-damage|p2b: Whimsicott|69/100\n|-unboost|p2a: Gardevoir|spe|1\n|-unboost|p2b: Whimsicott|spe|1\n|\n|upkeep\n|turn|2\n|\n|t:|1776648177\n|switch|p2a: Sneasler|Sneasler, L50, F|100/100\n|move|p1b: Sneasler|Protect|p1b: Sneasler\n|-singleturn|p1b: Sneasler|Protect\n|move|p2b: Whimsicott|Encore|p1b: Sneasler\n|-activate|p1b: Sneasler|move: Protect\n|move|p1a: Milotic|Icy Wind|p2b: Whimsicott|[spread] p2a,p2b\n|-supereffective|p2b: Whimsicott|1\n|-damage|p2a: Sneasler|84/100\n|-damage|p2b: Whimsicott|37/100\n|-unboost|p2a: Sneasler|spe|1\n|-unboost|p2b: Whimsicott|spe|1\n|-enditem|p2a: Sneasler|White Herb\n|-clearnegativeboost|p2a: Sneasler|[silent]\n|\n|upkeep\n|turn|3\n|\n|t:|1776648198\n|move|p2b: Whimsicott|Encore|p1b: Sneasler\n|-start|p1b: Sneasler|Encore\n|move|p1b: Sneasler|Protect||[still]\n|-fail|p1b: Sneasler\n|move|p2a: Sneasler|Dire Claw|p1b: Sneasler\n|-resisted|p1b: Sneasler|1\n|-damage|p1b: Sneasler|62/100\n|move|p1a: Milotic|Icy Wind|p2a: Sneasler|[spread] p2a,p2b\n|-supereffective|p2b: Whimsicott|1\n|-damage|p2a: Sneasler|66/100\n|-damage|p2b: Whimsicott|7/100\n|-unboost|p2a: Sneasler|spe|1\n|-unboost|p2b: Whimsicott|spe|1\n|\n|upkeep\n|turn|4\n|inactive|munchcrunch6 has 30 seconds left.\n|\n|t:|1776648225\n|switch|p1b: Aerodactyl|Aerodactyl, L50, F|100/100\n|-ability|p1b: Aerodactyl|Unnerve\n|switch|p2b: Gardevoir|Gardevoir-Mega, L50, M|63/100\n|move|p2a: Sneasler|Close Combat|p1a: Milotic\n|-damage|p1a: Milotic|42/100\n|-unboost|p2a: Sneasler|def|1\n|-unboost|p2a: Sneasler|spd|1\n|move|p1a: Milotic|Icy Wind|p2a: Sneasler|[spread] p2a,p2b\n|-damage|p2a: Sneasler|42/100\n|-damage|p2b: Gardevoir|52/100\n|-unboost|p2a: Sneasler|spe|1\n|-unboost|p2b: Gardevoir|spe|1\n|\n|-heal|p1a: Milotic|48/100|[from] item: Leftovers\n|-sideend|p2: munchcrunch6|move: Tailwind\n|upkeep\n|turn|5\n|\n|t:|1776648249\n|switch|p2a: Whimsicott|Whimsicott, L50, M|7/100\n|switch|p2b: Primarina|Primarina, L50, F|100/100\n|move|p1b: Aerodactyl|Dual Wingbeat|p2b: Primarina|[miss]\n|-miss|p1b: Aerodactyl|p2b: Primarina\n|move|p1a: Milotic|Scald|p2a: Whimsicott\n|-resisted|p2a: Whimsicott|1\n|-damage|p2a: Whimsicott|0 fnt\n|faint|p2a: Whimsicott\n|\n|-heal|p1a: Milotic|55/100|[from] item: Leftovers\n|upkeep\n|\n|t:|1776648263\n|switch|p2a: Gardevoir|Gardevoir-Mega, L50, M|52/100\n|turn|6\n|\n|t:|1776648273\n|move|p1b: Aerodactyl|Tailwind|p1b: Aerodactyl\n|-sidestart|p1: OJ32|move: Tailwind\n|move|p1a: Milotic|Scald|p2a: Gardevoir\n|-damage|p2a: Gardevoir|20/100\n|-status|p2a: Gardevoir|brn\n|move|p2a: Gardevoir|Hyper Voice|p1b: Aerodactyl|[spread] p1a,p1b\n|-damage|p1a: Milotic|14/100\n|-damage|p1b: Aerodactyl|30/100\n|move|p2b: Primarina|Moonblast|p1a: Milotic\n|-damage|p1a: Milotic|0 fnt\n|faint|p1a: Milotic\n|\n|-damage|p2a: Gardevoir|14/100 brn|[from] brn\n|upkeep\n|\n|t:|1776648281\n|switch|p1a: Sneasler|Sneasler, L50, M|62/100\n|turn|7\n|\n|t:|1776648302\n|switch|p2a: Sneasler|Sneasler, L50, F|42/100\n|move|p2b: Primarina|Protect|p2b: Primarina\n|-singleturn|p2b: Primarina|Protect\n|move|p1b: Aerodactyl|Rock Slide|p2b: Primarina|[spread] p2a\n|-activate|p2b: Primarina|move: Protect\n|-resisted|p2a: Sneasler|1\n|-damage|p2a: Sneasler|21/100\n|move|p1a: Sneasler|Dire Claw|p2b: Primarina\n|-activate|p2b: Primarina|move: Protect\n|\n|upkeep\n|turn|8\n|\n|t:|1776648318\n|move|p1b: Aerodactyl|Protect|p1b: Aerodactyl\n|-singleturn|p1b: Aerodactyl|Protect\n|move|p1a: Sneasler|Protect|p1a: Sneasler\n|-singleturn|p1a: Sneasler|Protect\n|move|p2a: Sneasler|Fake Out|p1a: Sneasler\n|-activate|p1a: Sneasler|move: Protect\n|move|p2b: Primarina|Hyper Voice|p1b: Aerodactyl|[spread] \n|-activate|p1a: Sneasler|move: Protect\n|-activate|p1b: Aerodactyl|move: Protect\n|\n|upkeep\n|turn|9\n|\n|t:|1776648331\n|switch|p2a: Gardevoir|Gardevoir-Mega, L50, M|14/100 brn\n|move|p2b: Primarina|Protect|p2b: Primarina\n|-singleturn|p2b: Primarina|Protect\n|move|p1b: Aerodactyl|Dual Wingbeat|p2a: Gardevoir|[miss]\n|-miss|p1b: Aerodactyl|p2a: Gardevoir\n|move|p1a: Sneasler|Dire Claw|p2b: Primarina\n|-activate|p2b: Primarina|move: Protect\n|\n|-damage|p2a: Gardevoir|7/100 brn|[from] brn\n|-sideend|p1: OJ32|move: Tailwind\n|upkeep\n|turn|10\n|\n|t:|1776648348\n|move|p1b: Aerodactyl|Rock Slide|p2b: Primarina|[spread] p2a,p2b\n|-damage|p2a: Gardevoir|0 fnt\n|-damage|p2b: Primarina|70/100\n|faint|p2a: Gardevoir\n|move|p1a: Sneasler|Dire Claw|p2b: Primarina\n|-supereffective|p2b: Primarina|1\n|-damage|p2b: Primarina|0 fnt\n|faint|p2b: Primarina\n|\n|upkeep\n|-message|munchcrunch6 forfeited.\n|\n|win|OJ32\n|raw|OJ32's rating: 1148 &rarr; <strong>1174</strong><br />(+26 for winning)\n|raw|munchcrunch6's rating: 1163 &rarr; <strong>1137</strong><br />(-26 for losing)\n",
  "uploadtime": 1776648358,
  "views": 6,
  "formatid": "gen9championsvgc2026regma",
  "rating": 1137,
  "private": 0,
  "password": null
}