{
  "id": "gen9championsvgc2026regma-2585983260",
  "format": "[Gen 9 Champions] VGC 2026 Reg M-A",
  "players": [
    "gayluxio",
    "slypig"
  ],
  "log": "|j|\u2606gayluxio\n|j|\u2606slypig\n|t:|1776387431\n|gametype|doubles\n|player|p1|gayluxio|chuck|1000\n|player|p2|slypig|guitarist-gen4|1029\n|gen|9\n|tier|[Gen 9 Champions] VGC 2026 Reg M-A\n|rated|\n|rule|Species Clause: Limit one of each Pok\u00e9mon\n|rule|Item Clause: Limit 1 of each item\n|clearpoke\n|poke|p1|Alcremie, L50, F|\n|poke|p1|Archaludon, L50, M|\n|poke|p1|Starmie, L50|\n|poke|p1|Garchomp, L50, M|\n|poke|p1|Araquanid, L50, F|\n|poke|p1|Ceruledge, L50, F|\n|poke|p2|Charizard, L50, M|\n|poke|p2|Kingambit, L50, M|\n|poke|p2|Rotom-Wash, L50|\n|poke|p2|Sinistcha, L50|\n|poke|p2|Sneasler, L50, F|\n|poke|p2|Ninetales-Alola, L50, M|\n|teampreview|4\nslypig has agreed to open team sheets.\ngayluxio has agreed to open team sheets.\n|showteam|p1|Alcremie||KebiaBerry|AromaVeil|DazzlingGleam,PainSplit,Decorate,Encore|||F|||50|]Archaludon||ChopleBerry|Stamina|ElectroShot,Earthquake,DracoMeteor,Protect|||M|||50|]Starmie||Starminite|Illuminate|Protect,ExpandingForce,SkillSwap,Reflect||||||50|]Garchomp||ChoiceScarf|RoughSkin|Earthquake,RockSlide,Outrage,DracoMeteor|||M|||50|]Araquanid||MysticWater|WaterBubble|Liquidation,StickyWeb,MirrorCoat,PoisonJab|||F|||50|]Ceruledge||FocusSash|WeakArmor|BitterBlade,ShadowSneak,SwordsDance,DestinyBond|||F|||50|\n|showteam|p2|Charizard||CharizarditeX|Blaze|FlareBlitz,DragonClaw,Protect,DragonDance|||M|||50|]Kingambit||ChopleBerry|Defiant|KowtowCleave,IronHead,SuckerPunch,Protect|||M|||50|]Rotom-Wash||SitrusBerry|Levitate|HydroPump,Thunderbolt,WillOWisp,VoltSwitch||||||50|]Sinistcha||KasibBerry|Hospitality|MatchaGotcha,RagePowder,LifeDew,TrickRoom||||||50|]Sneasler||WhiteHerb|Unburden|DireClaw,CloseCombat,Protect,FakeOut|||F|||50|]Ninetales-Alola||FocusSash|SnowWarning|FreezeDry,Blizzard,Protect,AuroraVeil|||M|||50|\n|\n|t:|1776387470\n|teamsize|p1|4\n|teamsize|p2|4\n|start\n|switch|p1a: Araquanid|Araquanid, L50, F|100/100\n|switch|p1b: Archaludon|Archaludon, L50, M|100/100\n|switch|p2a: Kingambit|Kingambit, L50, M|100/100\n|switch|p2b: Charizard|Charizard, L50, M|100/100\n|turn|1\n|inactive|Battle timer is ON: inactive players will automatically lose when time's up. (requested by gayluxio)\n|\n|t:|1776387513\n|switch|p2a: Rotom|Rotom-Wash, L50|100/100\n|detailschange|p2b: Charizard|Charizard-Mega-X, L50, M\n|-mega|p2b: Charizard|Charizard|Charizardite X\n|move|p2b: Charizard|Dragon Dance|p2b: Charizard\n|-boost|p2b: Charizard|atk|1\n|-boost|p2b: Charizard|spe|1\n|move|p1b: Archaludon|Draco Meteor|p2b: Charizard\n|-supereffective|p2b: Charizard|1\n|-damage|p2b: Charizard|0 fnt\n|-unboost|p1b: Archaludon|spa|2\n|faint|p2b: Charizard\n|move|p1a: Araquanid|Liquidation|p2a: Rotom\n|-resisted|p2a: Rotom|1\n|-damage|p2a: Rotom|68/100\n|\n|upkeep\n|\n|t:|1776387532\n|switch|p2b: Sinistcha|Sinistcha, L50|100/100\n|-heal|p2a: Rotom|93/100|[from] ability: Hospitality|[of] p2b: Sinistcha\n|turn|2\n|inactive|slypig has 30 seconds left.\n|\n|t:|1776387561\n|move|p1b: Archaludon|Protect|p1b: Archaludon\n|-singleturn|p1b: Archaludon|Protect\n|move|p2a: Rotom|Will-O-Wisp|p1a: Araquanid\n|-immune|p1a: Araquanid|[from] ability: Water Bubble\n|move|p2b: Sinistcha|Matcha Gotcha|p1a: Araquanid|[spread] p1a\n|-activate|p1b: Archaludon|move: Protect\n|-damage|p1a: Araquanid|81/100\n|move|p1a: Araquanid|Mirror Coat|p2b: Sinistcha\n|-damage|p2b: Sinistcha|67/100\n|\n|upkeep\n|turn|3\n|inactive|slypig has 30 seconds left.\n|inactive|slypig has 20 seconds left.\n|\n|t:|1776387600\n|move|p2a: Rotom|Will-O-Wisp|p1b: Archaludon\n|-status|p1b: Archaludon|brn\n|move|p1b: Archaludon|Electro Shot||[still]\n|-prepare|p1b: Archaludon|Electro Shot\n|-boost|p1b: Archaludon|spa|1\n|move|p2b: Sinistcha|Life Dew|p2b: Sinistcha|[spread] p2a,p2b\n|-heal|p2a: Rotom|100/100\n|-heal|p2b: Sinistcha|91/100\n|move|p1a: Araquanid|Sticky Web|p2a: Rotom\n|-sidestart|p2: slypig|move: Sticky Web\n|\n|-damage|p1b: Archaludon|94/100 brn|[from] brn\n|upkeep\n|turn|4\n|inactive|slypig has 30 seconds left.\n|\n|t:|1776387627\n|move|p2b: Sinistcha|Rage Powder|p2b: Sinistcha\n|-singleturn|p2b: Sinistcha|move: Rage Powder\n|move|p2a: Rotom|Volt Switch|p1a: Araquanid\n|-supereffective|p1a: Araquanid|1\n|-damage|p1a: Araquanid|37/100\n|\n|t:|1776387632\n|switch|p2a: Kingambit|Kingambit, L50, M|100/100|[from] Volt Switch\n|-activate|p2a: Kingambit|move: Sticky Web\n|-unboost|p2a: Kingambit|spe|1\n|-ability|p2a: Kingambit|Defiant|boost\n|-boost|p2a: Kingambit|atk|2\n|move|p1b: Archaludon|Electro Shot|p2b: Sinistcha|[from] lockedmove\n|-resisted|p2b: Sinistcha|1\n|-damage|p2b: Sinistcha|75/100\n|move|p1a: Araquanid|Liquidation|p2b: Sinistcha\n|-resisted|p2b: Sinistcha|1\n|-damage|p2b: Sinistcha|52/100\n|\n|-damage|p1b: Archaludon|88/100 brn|[from] brn\n|upkeep\n|turn|5\n|inactive|slypig has 30 seconds left.\n|\n|t:|1776387665\n|move|p2a: Kingambit|Sucker Punch|p1a: Araquanid\n|-damage|p1a: Araquanid|0 fnt\n|faint|p1a: Araquanid\n|move|p1b: Archaludon|Draco Meteor|p2a: Kingambit\n|-resisted|p2a: Kingambit|1\n|-damage|p2a: Kingambit|82/100\n|-unboost|p1b: Archaludon|spa|2\n|move|p2b: Sinistcha|Trick Room|p2b: Sinistcha\n|-fieldstart|move: Trick Room|[of] p2b: Sinistcha\n|\n|-damage|p1b: Archaludon|82/100 brn|[from] brn\n|upkeep\n|\n|t:|1776387681\n|switch|p1a: Starmie|Starmie, L50|100/100\n|turn|6\n|\n|t:|1776387695\n|move|p1a: Starmie|Protect|p1a: Starmie\n|-singleturn|p1a: Starmie|Protect\n|move|p2a: Kingambit|Kowtow Cleave|p1a: Starmie\n|-activate|p1a: Starmie|move: Protect\n|move|p2b: Sinistcha|Life Dew|p2b: Sinistcha|[spread] p2a,p2b\n|-heal|p2a: Kingambit|100/100\n|-heal|p2b: Sinistcha|77/100\n|move|p1b: Archaludon|Earthquake|p2a: Kingambit|[spread] p2a,p2b\n|-activate|p1a: Starmie|move: Protect\n|-supereffective|p2a: Kingambit|1\n|-crit|p2a: Kingambit\n|-resisted|p2b: Sinistcha|1\n|-damage|p2a: Kingambit|74/100\n|-damage|p2b: Sinistcha|73/100\n|\n|-damage|p1b: Archaludon|76/100 brn|[from] brn\n|upkeep\n|turn|7\n|\n|t:|1776387717\n|switch|p1a: Garchomp|Garchomp, L50, M|100/100\n|move|p1b: Archaludon|Protect|p1b: Archaludon\n|-singleturn|p1b: Archaludon|Protect\n|move|p2b: Sinistcha|Rage Powder|p2b: Sinistcha\n|-singleturn|p2b: Sinistcha|move: Rage Powder\n|move|p2a: Kingambit|Kowtow Cleave|p1a: Garchomp\n|-damage|p1a: Garchomp|10/100\n|-damage|p2a: Kingambit|62/100|[from] ability: Rough Skin|[of] p1a: Garchomp\n|\n|-damage|p1b: Archaludon|70/100 brn|[from] brn\n|upkeep\n|turn|8\n|\n|t:|1776387738\n|move|p2a: Kingambit|Kowtow Cleave|p1a: Garchomp\n|-damage|p1a: Garchomp|0 fnt\n|-damage|p2a: Kingambit|50/100|[from] ability: Rough Skin|[of] p1a: Garchomp\n|faint|p1a: Garchomp\n|move|p2b: Sinistcha|Life Dew|p2b: Sinistcha|[spread] p2a,p2b\n|-heal|p2a: Kingambit|75/100\n|-heal|p2b: Sinistcha|98/100\n|move|p1b: Archaludon|Earthquake|p2a: Kingambit|[spread] p2a,p2b\n|-supereffective|p2a: Kingambit|1\n|-resisted|p2b: Sinistcha|1\n|-damage|p2a: Kingambit|57/100\n|-damage|p2b: Sinistcha|94/100\n|\n|-damage|p1b: Archaludon|64/100 brn|[from] brn\n|upkeep\n|-message|gayluxio forfeited.\n|\n|win|slypig\n|raw|gayluxio's rating: 1000 &rarr; <strong>1000</strong><br />(+0 for losing)\n|raw|slypig's rating: 1029 &rarr; <strong>1062</strong><br />(+33 for winning)\n|l|\u2606gayluxio\n|player|p1|\n",
  "uploadtime": 1776387760,
  "views": 16,
  "formatid": "gen9championsvgc2026regma",
  "rating": 1000,
  "private": 0,
  "password": null
}