{
  "id": "gen9championsvgc2026regma-2589453641",
  "format": "[Gen 9 Champions] VGC 2026 Reg M-A",
  "players": [
    "tomi7002",
    "zeranogamer147"
  ],
  "log": "|j|\u2606tomi7002\n|j|\u2606zeranogamer147\n|t:|1776724325\n|gametype|doubles\n|player|p1|tomi7002|wattson|\n|player|p2|zeranogamer147|benga|\n|gen|9\n|tier|[Gen 9 Champions] VGC 2026 Reg M-A\n|rule|Species Clause: Limit one of each Pok\u00e9mon\n|rule|Item Clause: Limit 1 of each item\n|clearpoke\n|poke|p1|Meganium, L50, F|\n|poke|p1|Politoed, L50, M|\n|poke|p1|Basculegion-F, L50, F, shiny|\n|poke|p1|Toxicroak, L50, M|\n|poke|p1|Archaludon, L50, M|\n|poke|p1|Maushold, L50|\n|poke|p2|Archaludon, L50, F|\n|poke|p2|Politoed, L50, F|\n|poke|p2|Toxicroak, L50, M|\n|poke|p2|Corviknight, L50, F|\n|poke|p2|Chimecho, L50, F|\n|poke|p2|Basculegion-F, L50, F|\n|teampreview|4\n|c|\u2606tomi7002|!showteam\n|c| tomi7002|/raw <div class=\"infobox\"><details><summary>View team</summary>Meganium @ Meganiumite  <br />Ability: Overgrow  <br />Level: 50  <br />EVs: 32 HP &#x2f; 32 SpA &#x2f; 2 SpD  <br />Modest Nature  <br />- Weather Ball  <br />- Protect  <br />- Solar Beam  <br />- Synthesis  <br /><br />Politoed @ Sitrus Berry  <br />Ability: Drizzle  <br />Level: 50  <br />EVs: 32 HP &#x2f; 6 Def &#x2f; 13 SpA &#x2f; 15 SpD  <br />Modest Nature  <br />- Protect  <br />- Weather Ball  <br />- Hypnosis  <br />- Encore  <br /><br />Basculegion (Basculegion-F) (F) @ Mystic Water  <br />Ability: Adaptability  <br />Level: 50  <br />Shiny: Yes  <br />EVs: 2 Def &#x2f; 32 SpA &#x2f; 32 Spe  <br />Modest Nature  <br />- Icy Wind  <br />- Shadow Ball  <br />- Surf  <br />- Protect  <br /><br />Toxicroak @ Poison Barb  <br />Ability: Dry Skin  <br />Level: 50  <br />EVs: 32 Atk &#x2f; 2 SpD &#x2f; 32 Spe  <br />Jolly Nature  <br />- Fake Out  <br />- Close Combat  <br />- Coaching  <br />- Gunk Shot  <br /><br />Archaludon @ Dragon Fang  <br />Ability: Stamina  <br />Level: 50  <br />EVs: 27 HP &#x2f; 32 SpA &#x2f; 7 Spe  <br />Timid Nature  <br />- Draco Meteor  <br />- Electro Shot  <br />- Flash Cannon  <br />- Protect  <br /><br />Maushold @ Chople Berry  <br />Ability: Friend Guard  <br />Level: 50  <br />EVs: 32 Atk &#x2f; 2 SpD &#x2f; 32 Spe  <br />Jolly Nature  <br />- Follow Me  <br />- Population Bomb  <br />- Super Fang  <br />- Helping Hand  <br /><br /></details></div>\n|c|\u2606zeranogamer147|!showteam\n|c| zeranogamer147|/raw <div class=\"infobox\"><details><summary>View team</summary>Archaludon @ Dragon Fang  <br />Ability: Stamina  <br />Level: 50  <br />EVs: 27 HP &#x2f; 32 SpA &#x2f; 7 Spe  <br />Timid Nature  <br />- Draco Meteor  <br />- Electro Shot  <br />- Flash Cannon  <br />- Protect  <br /><br />Politoed @ Sitrus Berry  <br />Ability: Drizzle  <br />Level: 50  <br />EVs: 32 HP &#x2f; 6 Def &#x2f; 13 SpA &#x2f; 15 SpD  <br />Modest Nature  <br />- Protect  <br />- Weather Ball  <br />- Hypnosis  <br />- Encore  <br /><br />Toxicroak @ Poison Barb  <br />Ability: Dry Skin  <br />Level: 50  <br />EVs: 32 Atk &#x2f; 2 SpD &#x2f; 32 Spe  <br />Jolly Nature  <br />- Fake Out  <br />- Close Combat  <br />- Coaching  <br />- Gunk Shot  <br /><br />Corviknight @ Leftovers  <br />Ability: Mirror Armor  <br />Level: 50  <br />EVs: 32 HP &#x2f; 18 Atk &#x2f; 7 Def &#x2f; 9 SpD  <br />Impish Nature  <br />- Tailwind  <br />- Brave Bird  <br />- Roost  <br />- Taunt  <br /><br />Chimecho @ Chimechite  <br />Ability: Levitate  <br />Level: 50  <br />EVs: 32 HP &#x2f; 20 Def &#x2f; 14 SpD  <br />Calm Nature  <br />- Psychic  <br />- Cosmic Power  <br />- Recover  <br />- Baton Pass  <br /><br />Basculegion (Basculegion-F) (F) @ Mystic Water  <br />Ability: Adaptability  <br />Level: 50  <br />EVs: 2 Def &#x2f; 32 SpA &#x2f; 32 Spe  <br />Modest Nature  <br />- Icy Wind  <br />- Shadow Ball  <br />- Surf  <br />- Protect  <br /><br /></details></div>\n|j| zCamii\n|j| notConnG\n|\n|t:|1776724383\n|teamsize|p1|4\n|teamsize|p2|4\n|start\n|switch|p1a: Politoed|Politoed, L50, M|100/100\n|switch|p1b: Archaludon|Archaludon, L50, M|100/100\n|switch|p2a: Toxicroak|Toxicroak, L50, M|100/100\n|switch|p2b: Chimecho|Chimecho, L50, F|100/100\n|-weather|RainDance|[from] ability: Drizzle|[of] p1a: Politoed\n|turn|1\n|\n|t:|1776724413\n|detailschange|p2b: Chimecho|Chimecho-Mega, L50, F\n|-mega|p2b: Chimecho|Chimecho|Chimechite\n|move|p1b: Archaludon|Protect|p1b: Archaludon\n|-singleturn|p1b: Archaludon|Protect\n|move|p2a: Toxicroak|Fake Out|p1b: Archaludon\n|-activate|p1b: Archaludon|move: Protect\n|move|p1a: Politoed|Hypnosis|p2a: Toxicroak\n|-status|p2a: Toxicroak|slp|[from] move: Hypnosis\n|move|p2b: Chimecho|Cosmic Power|p2b: Chimecho\n|-boost|p2b: Chimecho|def|1\n|-boost|p2b: Chimecho|spd|1\n|\n|-weather|RainDance|[upkeep]\n|upkeep\n|turn|2\n|\n|t:|1776724435\n|cant|p2a: Toxicroak|slp\n|move|p1b: Archaludon|Electro Shot||[still]\n|-prepare|p1b: Archaludon|Electro Shot\n|-boost|p1b: Archaludon|spa|1\n|-anim|p1b: Archaludon|Electro Shot|p2b: Chimecho\n|-damage|p2b: Chimecho|70/100\n|move|p1a: Politoed|Weather Ball|p2b: Chimecho\n|-damage|p2b: Chimecho|42/100\n|move|p2b: Chimecho|Cosmic Power|p2b: Chimecho\n|-boost|p2b: Chimecho|def|1\n|-boost|p2b: Chimecho|spd|1\n|\n|-weather|RainDance|[upkeep]\n|upkeep\n|turn|3\n|\n|t:|1776724476\n|cant|p2a: Toxicroak|slp\n|move|p1b: Archaludon|Electro Shot||[still]\n|-prepare|p1b: Archaludon|Electro Shot\n|-boost|p1b: Archaludon|spa|1\n|-anim|p1b: Archaludon|Electro Shot|p2a: Toxicroak\n|-damage|p2a: Toxicroak|0 fnt\n|faint|p2a: Toxicroak\n|move|p1a: Politoed|Hypnosis|p2b: Chimecho\n|-status|p2b: Chimecho|slp|[from] move: Hypnosis\n|cant|p2b: Chimecho|slp\n|\n|-weather|RainDance|[upkeep]\n|upkeep\n|\n|t:|1776724489\n|switch|p2a: Archaludon|Archaludon, L50, F|100/100\n|turn|4\n|\n|t:|1776724501\n|move|p1b: Archaludon|Protect|p1b: Archaludon\n|-singleturn|p1b: Archaludon|Protect\n|move|p2a: Archaludon|Draco Meteor|p1b: Archaludon\n|-activate|p1b: Archaludon|move: Protect\n|move|p1a: Politoed|Hypnosis|p2a: Archaludon|[miss]\n|-miss|p1a: Politoed|p2a: Archaludon\n|cant|p2b: Chimecho|slp\n|\n|-weather|RainDance|[upkeep]\n|upkeep\n|turn|5\n|\n|t:|1776724524\n|move|p2a: Archaludon|Draco Meteor|p1b: Archaludon\n|-damage|p1b: Archaludon|0 fnt\n|-unboost|p2a: Archaludon|spa|2\n|faint|p1b: Archaludon\n|move|p1a: Politoed|Weather Ball|p2b: Chimecho\n|-damage|p2b: Chimecho|22/100 slp\n|-curestatus|p2b: Chimecho|slp|[msg]\n|move|p2b: Chimecho|Recover|p2b: Chimecho\n|-heal|p2b: Chimecho|72/100\n|\n|-weather|none\n|upkeep\n|\n|t:|1776724529\n|switch|p1b: Meganium|Meganium, L50, F|100/100\n|turn|6\n|\n|t:|1776724604\n|switch|p2a: Politoed|Politoed, L50, F|100/100\n|-weather|RainDance|[from] ability: Drizzle|[of] p2a: Politoed\n|detailschange|p1b: Meganium|Meganium-Mega, L50, F\n|-mega|p1b: Meganium|Meganium|Meganiumite\n|move|p1b: Meganium|Weather Ball|p2b: Chimecho\n|-supereffective|p2b: Chimecho|1\n|-damage|p2b: Chimecho|26/100\n|move|p1a: Politoed|Hypnosis|p2b: Chimecho\n|-status|p2b: Chimecho|slp|[from] move: Hypnosis\n|cant|p2b: Chimecho|slp\n|\n|-weather|RainDance|[upkeep]\n|upkeep\n|turn|7\n|\n|t:|1776724637\n|move|p1b: Meganium|Protect|p1b: Meganium\n|-singleturn|p1b: Meganium|Protect\n|move|p2a: Politoed|Hypnosis|p1b: Meganium\n|-activate|p1b: Meganium|move: Protect\n|move|p1a: Politoed|Hypnosis|p2a: Politoed|[miss]\n|-miss|p1a: Politoed|p2a: Politoed\n|-curestatus|p2b: Chimecho|slp|[msg]\n|move|p2b: Chimecho|Recover|p2b: Chimecho\n|-heal|p2b: Chimecho|76/100\n|\n|-weather|RainDance|[upkeep]\n|upkeep\n|turn|8\n|\n|t:|1776724683\n|move|p1b: Meganium|Solar Beam||[still]\n|-prepare|p1b: Meganium|Solar Beam\n|-activate|p1b: Meganium|ability: Mega Sol\n|-anim|p1b: Meganium|Solar Beam|p2a: Politoed\n|-supereffective|p2a: Politoed|1\n|-damage|p2a: Politoed|0 fnt\n|faint|p2a: Politoed\n|move|p1a: Politoed|Encore|p2b: Chimecho\n|-start|p2b: Chimecho|Encore\n|move|p2b: Chimecho|Recover|p2b: Chimecho\n|-heal|p2b: Chimecho|100/100\n|\n|-weather|RainDance|[upkeep]\n|upkeep\n|\n|t:|1776724692\n|switch|p2a: Archaludon|Archaludon, L50, F|100/100\n|turn|9\n|\n|t:|1776724705\n|move|p2a: Archaludon|Protect|p2a: Archaludon\n|-singleturn|p2a: Archaludon|Protect\n|move|p1b: Meganium|Protect|p1b: Meganium\n|-singleturn|p1b: Meganium|Protect\n|move|p1a: Politoed|Hypnosis|p2a: Archaludon\n|-activate|p2a: Archaludon|move: Protect\n|move|p2b: Chimecho|Recover||[still]\n|-fail|p2b: Chimecho|heal\n|\n|-weather|RainDance|[upkeep]\n|upkeep\n|turn|10\n|\n|t:|1776724729\n|switch|p1b: Basculegion|Basculegion-F, L50, F, shiny|100/100\n|move|p2a: Archaludon|Protect|p2a: Archaludon\n|-singleturn|p2a: Archaludon|Protect\n|move|p1a: Politoed|Hypnosis|p2b: Chimecho\n|-status|p2b: Chimecho|slp|[from] move: Hypnosis\n|cant|p2b: Chimecho|slp\n|\n|-weather|none\n|-end|p2b: Chimecho|Encore\n|upkeep\n|turn|11\n|\n|t:|1776724753\n|move|p1b: Basculegion|Icy Wind|p2b: Chimecho|[spread] p2a,p2b\n|-resisted|p2b: Chimecho|1\n|-damage|p2a: Archaludon|84/100\n|-damage|p2b: Chimecho|98/100 slp\n|-unboost|p2a: Archaludon|spe|1\n|-unboost|p2b: Chimecho|spe|1\n|-ability|p2a: Archaludon|Stamina|boost\n|-boost|p2a: Archaludon|def|1\n|move|p1a: Politoed|Hypnosis|p2a: Archaludon|[miss]\n|-miss|p1a: Politoed|p2a: Archaludon\n|move|p2a: Archaludon|Draco Meteor|p1a: Politoed\n|-damage|p1a: Politoed|31/100\n|-unboost|p2a: Archaludon|spa|2\n|-enditem|p1a: Politoed|Sitrus Berry|[eat]\n|-heal|p1a: Politoed|56/100|[from] item: Sitrus Berry\n|-curestatus|p2b: Chimecho|slp|[msg]\n|move|p2b: Chimecho|Psychic|p1a: Politoed\n|-damage|p1a: Politoed|22/100\n|\n|upkeep\n|turn|12\n|\n|t:|1776724810\n|move|p1b: Basculegion|Icy Wind|p2b: Chimecho|[spread] p2a,p2b\n|-resisted|p2b: Chimecho|1\n|-damage|p2a: Archaludon|65/100\n|-damage|p2b: Chimecho|96/100\n|-unboost|p2a: Archaludon|spe|1\n|-unboost|p2b: Chimecho|spe|1\n|-ability|p2a: Archaludon|Stamina|boost\n|-boost|p2a: Archaludon|def|1\n|move|p1a: Politoed|Encore|p2a: Archaludon\n|-start|p2a: Archaludon|Encore\n|move|p2a: Archaludon|Draco Meteor|p1b: Basculegion\n|-damage|p1b: Basculegion|55/100\n|-unboost|p2a: Archaludon|spa|2\n|move|p2b: Chimecho|Psychic|p1b: Basculegion\n|-damage|p1b: Basculegion|8/100\n|-unboost|p1b: Basculegion|spd|1\n|\n|upkeep\n|turn|13\n|\n|t:|1776724834\n|move|p1b: Basculegion|Shadow Ball|p2b: Chimecho\n|-supereffective|p2b: Chimecho|1\n|-damage|p2b: Chimecho|61/100\n|move|p1a: Politoed|Hypnosis|p2b: Chimecho|[miss]\n|-miss|p1a: Politoed|p2b: Chimecho\n|move|p2a: Archaludon|Draco Meteor|p1b: Basculegion\n|-damage|p1b: Basculegion|0 fnt\n|-unboost|p2a: Archaludon|spa|2\n|faint|p1b: Basculegion\n|move|p2b: Chimecho|Psychic|p1a: Politoed\n|-damage|p1a: Politoed|0 fnt\n|faint|p1a: Politoed\n|\n|upkeep\n|\n|t:|1776724842\n|switch|p1b: Meganium|Meganium-Mega, L50, F|100/100\n|turn|14\n|\n|t:|1776724861\n|move|p1b: Meganium|Weather Ball|p2b: Chimecho\n|-supereffective|p2b: Chimecho|1\n|-damage|p2b: Chimecho|18/100\n|move|p2a: Archaludon|Draco Meteor|p1b: Meganium\n|-immune|p1b: Meganium\n|move|p2b: Chimecho|Recover|p2b: Chimecho\n|-heal|p2b: Chimecho|68/100\n|\n|-end|p2a: Archaludon|Encore\n|upkeep\n|turn|15\n|\n|t:|1776724872\n|move|p1b: Meganium|Weather Ball|p2b: Chimecho\n|-supereffective|p2b: Chimecho|1\n|-damage|p2b: Chimecho|25/100\n|move|p2a: Archaludon|Flash Cannon|p1b: Meganium\n|-supereffective|p1b: Meganium|1\n|-damage|p1b: Meganium|83/100\n|-unboost|p1b: Meganium|spd|1\n|move|p2b: Chimecho|Recover|p2b: Chimecho\n|-heal|p2b: Chimecho|75/100\n|\n|upkeep\n|turn|16\n|\n|t:|1776724891\n|move|p2a: Archaludon|Protect|p2a: Archaludon\n|-singleturn|p2a: Archaludon|Protect\n|move|p1b: Meganium|Weather Ball|p2a: Archaludon\n|-activate|p2a: Archaludon|move: Protect\n|move|p2b: Chimecho|Recover|p2b: Chimecho\n|-heal|p2b: Chimecho|100/100\n|\n|upkeep\n|turn|17\n|\n|t:|1776724900\n|move|p1b: Meganium|Weather Ball|p2a: Archaludon\n|-damage|p2a: Archaludon|0 fnt\n|faint|p2a: Archaludon\n|move|p2b: Chimecho|Psychic|p1b: Meganium\n|-damage|p1b: Meganium|30/100\n|\n|upkeep\n|turn|18\n|\n|t:|1776724907\n|move|p1b: Meganium|Synthesis|p1b: Meganium\n|-activate|p1b: Meganium|ability: Mega Sol\n|-heal|p1b: Meganium|97/100\n|move|p2b: Chimecho|Psychic|p1b: Meganium\n|-damage|p1b: Meganium|46/100\n|\n|upkeep\n|turn|19\n|\n|t:|1776724921\n|move|p1b: Meganium|Synthesis|p1b: Meganium\n|-activate|p1b: Meganium|ability: Mega Sol\n|-heal|p1b: Meganium|100/100\n|move|p2b: Chimecho|Cosmic Power|p2b: Chimecho\n|-boost|p2b: Chimecho|def|1\n|-boost|p2b: Chimecho|spd|1\n|\n|upkeep\n|turn|20\n|\n|t:|1776724930\n|move|p1b: Meganium|Weather Ball|p2b: Chimecho\n|-supereffective|p2b: Chimecho|1\n|-damage|p2b: Chimecho|63/100\n|move|p2b: Chimecho|Cosmic Power|p2b: Chimecho\n|-boost|p2b: Chimecho|def|1\n|-boost|p2b: Chimecho|spd|1\n|\n|upkeep\n|turn|21\n|\n|t:|1776724936\n|move|p1b: Meganium|Weather Ball|p2b: Chimecho\n|-supereffective|p2b: Chimecho|1\n|-damage|p2b: Chimecho|31/100\n|move|p2b: Chimecho|Recover|p2b: Chimecho\n|-heal|p2b: Chimecho|81/100\n|\n|upkeep\n|turn|22\n|\n|t:|1776724943\n|move|p1b: Meganium|Weather Ball|p2b: Chimecho\n|-supereffective|p2b: Chimecho|1\n|-damage|p2b: Chimecho|50/100\n|move|p2b: Chimecho|Psychic|p1b: Meganium\n|-damage|p1b: Meganium|49/100\n|\n|upkeep\n|turn|23\n|\n|t:|1776724951\n|move|p1b: Meganium|Weather Ball|p2b: Chimecho\n|-supereffective|p2b: Chimecho|1\n|-damage|p2b: Chimecho|20/100\n|move|p2b: Chimecho|Psychic|p1b: Meganium\n|-damage|p1b: Meganium|0 fnt\n|faint|p1b: Meganium\n|\n|win|zeranogamer147\n",
  "uploadtime": 1776724965,
  "views": 9,
  "formatid": "gen9championsvgc2026regma",
  "rating": null,
  "private": 0,
  "password": null
}