{
  "id": "gen9championsvgc2026regma-2585588218",
  "format": "[Gen 9 Champions] VGC 2026 Reg M-A",
  "players": [
    "CLA76",
    "Vika_F44"
  ],
  "log": "|j|\u2606CLA76\n|j|\u2606Vika_F44\n|t:|1776357329\n|gametype|doubles\n|player|p1|CLA76|1|1155\n|player|p2|Vika_F44|dawn-gen4pt|1200\n|gen|9\n|tier|[Gen 9 Champions] VGC 2026 Reg M-A\n|rated|\n|rule|Species Clause: Limit one of each Pok\u00e9mon\n|rule|Item Clause: Limit 1 of each item\n|clearpoke\n|poke|p1|Floette-Eternal, L50, F|\n|poke|p1|Dragapult, L50, M|\n|poke|p1|Rotom-Wash, L50|\n|poke|p1|Arcanine-Hisui, L50, F|\n|poke|p1|Sneasler, L50, M|\n|poke|p1|Kingambit, L50, M|\n|poke|p2|Raichu, L50, M|\n|poke|p2|Blastoise, L50, M|\n|poke|p2|Aerodactyl, L50, M|\n|poke|p2|Kingambit, L50, M|\n|poke|p2|Farigiraf, L50, M|\n|poke|p2|Sinistcha, L50|\n|teampreview|4\n|inactive|Battle timer is ON: inactive players will automatically lose when time's up. (requested by Vika_F44)\n|\n|t:|1776357385\n|teamsize|p1|4\n|teamsize|p2|4\n|start\n|switch|p1a: Kingambit|Kingambit, L50, M|100/100\n|switch|p1b: Sneasler|Sneasler, L50, M|100/100\n|switch|p2a: Blastoise|Blastoise, L50, M|100/100\n|switch|p2b: Farigiraf|Farigiraf, L50, M|100/100\n|turn|1\n|inactive|Vika_F44 has 30 seconds left.\n|\n|t:|1776357413\n|detailschange|p2a: Blastoise|Blastoise-Mega, L50, M\n|-mega|p2a: Blastoise|Blastoise|Blastoisinite\n|move|p1b: Sneasler|Close Combat|p2b: Farigiraf\n|-damage|p2b: Farigiraf|49/100\n|-unboost|p1b: Sneasler|def|1\n|-unboost|p1b: Sneasler|spd|1\n|-enditem|p2b: Farigiraf|Sitrus Berry|[eat]\n|-heal|p2b: Farigiraf|74/100|[from] item: Sitrus Berry\n|-enditem|p1b: Sneasler|White Herb\n|-clearnegativeboost|p1b: Sneasler|[silent]\n|move|p2a: Blastoise|Water Spout|p1a: Kingambit|[spread] p1a,p1b\n|-damage|p1a: Kingambit|35/100\n|-damage|p1b: Sneasler|18/100\n|move|p1a: Kingambit|Kowtow Cleave|p2b: Farigiraf\n|-supereffective|p2b: Farigiraf|1\n|-damage|p2b: Farigiraf|0 fnt\n|faint|p2b: Farigiraf\n|\n|upkeep\n|\n|t:|1776357431\n|switch|p2b: Raichu|Raichu, L50, M|100/100\n|turn|2\n|\n|t:|1776357440\n|switch|p1b: Dragapult|Dragapult, L50, M|100/100\n|move|p1a: Kingambit|Protect|p1a: Kingambit\n|-singleturn|p1a: Kingambit|Protect\n|move|p2b: Raichu|Fake Out|p1b: Dragapult\n|-immune|p1b: Dragapult\n|move|p2a: Blastoise|Water Spout|p1a: Kingambit|[spread] p1b\n|-activate|p1a: Kingambit|move: Protect\n|-resisted|p1b: Dragapult|1\n|-damage|p1b: Dragapult|57/100\n|\n|upkeep\n|turn|3\n|\n|t:|1776357461\n|move|p1b: Dragapult|Dragon Pulse|p2a: Blastoise\n|-damage|p2a: Blastoise|69/100\n|move|p2b: Raichu|Thunderbolt|p1a: Kingambit\n|-damage|p1a: Kingambit|0 fnt\n|faint|p1a: Kingambit\n|move|p2a: Blastoise|Dark Pulse|p1b: Dragapult\n|-supereffective|p1b: Dragapult|1\n|-damage|p1b: Dragapult|0 fnt\n|faint|p1b: Dragapult\n|\n|upkeep\n|c|\u2606CLA76|uh?\n|\n|t:|1776357472\n|switch|p1b: Sneasler|Sneasler, L50, M|18/100\n|switch|p1a: Floette|Floette-Eternal, L50, F|100/100\n|turn|4\n|\n|t:|1776357494\n|detailschange|p1a: Floette|Floette-Mega, L50, F\n|-mega|p1a: Floette|Floette|Floettite\n|-ability|p1a: Floette|Fairy Aura\n|move|p2a: Blastoise|Protect|p2a: Blastoise\n|-singleturn|p2a: Blastoise|Protect\n|move|p1b: Sneasler|Fake Out|p2b: Raichu\n|-damage|p2b: Raichu|62/100\n|cant|p2b: Raichu|flinch\n|move|p1a: Floette|Moonblast|p2a: Blastoise\n|-activate|p2a: Blastoise|move: Protect\n|\n|upkeep\n|turn|5\n|inactive|Vika_F44 has 30 seconds left.\n|\n|t:|1776357521\n|move|p2b: Raichu|Volt Switch|p1b: Sneasler\n|-damage|p1b: Sneasler|0 fnt\n|faint|p1b: Sneasler\n|\n|t:|1776357525\n|switch|p2b: Kingambit|Kingambit, L50, M|100/100|[from] Volt Switch\n|move|p1a: Floette|Calm Mind|p1a: Floette\n|-boost|p1a: Floette|spa|1\n|-boost|p1a: Floette|spd|1\n|move|p2a: Blastoise|Water Pulse|p1a: Floette\n|-damage|p1a: Floette|77/100\n|\n|upkeep\n|turn|6\n|inactive|CLA76 has 30 seconds left.\n|\n|t:|1776357552\n|move|p1a: Floette|Protect|p1a: Floette\n|-singleturn|p1a: Floette|Protect\n|move|p2a: Blastoise|Water Pulse|p1a: Floette\n|-activate|p1a: Floette|move: Protect\n|move|p2b: Kingambit|Iron Head|p1a: Floette\n|-activate|p1a: Floette|move: Protect\n|\n|upkeep\n|turn|7\n|\n|t:|1776357562\n|move|p2b: Kingambit|Protect|p2b: Kingambit\n|-singleturn|p2b: Kingambit|Protect\n|move|p1a: Floette|Moonblast|p2b: Kingambit\n|-activate|p2b: Kingambit|move: Protect\n|move|p2a: Blastoise|Water Pulse|p1a: Floette\n|-damage|p1a: Floette|52/100\n|\n|upkeep\n|turn|8\n|\n|t:|1776357583\n|move|p2b: Kingambit|Sucker Punch|p1a: Floette\n|-resisted|p1a: Floette|1\n|-damage|p1a: Floette|29/100\n|move|p1a: Floette|Moonblast|p2b: Kingambit\n|-damage|p2b: Kingambit|0 fnt\n|faint|p2b: Kingambit\n|move|p2a: Blastoise|Water Pulse|p1a: Floette\n|-damage|p1a: Floette|4/100\n|\n|upkeep\n|\n|t:|1776357592\n|switch|p2b: Raichu|Raichu, L50, M|62/100\n|turn|9\n|c|\u2606CLA76|gg\n|\n|t:|1776357601\n|move|p1a: Floette|Protect|p1a: Floette\n|-singleturn|p1a: Floette|Protect\n|move|p2b: Raichu|Fake Out|p1a: Floette\n|-activate|p1a: Floette|move: Protect\n|move|p2a: Blastoise|Water Pulse|p1a: Floette\n|-activate|p1a: Floette|move: Protect\n|\n|upkeep\n|turn|10\n|c|\u2606Vika_F44|gg\n|-message|CLA76 forfeited.\n|\n|win|Vika_F44\n|raw|CLA76's rating: 1155 &rarr; <strong>1133</strong><br />(-22 for losing)\n|raw|Vika_F44's rating: 1200 &rarr; <strong>1222</strong><br />(+22 for winning)\n|l|\u2606CLA76\n|player|p1|\n",
  "uploadtime": 1776357626,
  "views": 32,
  "formatid": "gen9championsvgc2026regma",
  "rating": 1133,
  "private": 0,
  "password": null
}