{
  "id": "gen9championsvgc2026regma-2580646467",
  "format": "[Gen 9 Champions] VGC 2026 Reg M-A",
  "players": [
    "waterghostie",
    "JmL94"
  ],
  "log": "|j|\u2606waterghostie\n|j|\u2606JmL94\n|t:|1775921004\n|gametype|doubles\n|player|p1|waterghostie|youngcouple|1187\n|player|p2|JmL94|266|1136\n|gen|9\n|tier|[Gen 9 Champions] VGC 2026 Reg M-A\n|rated|\n|rule|Species Clause: Limit one of each Pok\u00e9mon\n|rule|Item Clause: Limit 1 of each item\n|clearpoke\n|poke|p1|Rotom-Wash, L50|\n|poke|p1|Garchomp, L50, M|\n|poke|p1|Froslass, L50, F|\n|poke|p1|Sneasler, L50, M|\n|poke|p1|Corviknight, L50, F|\n|poke|p1|Arcanine-Hisui, L50, M|\n|poke|p2|Charizard, L50, M|\n|poke|p2|Venusaur, L50, M|\n|poke|p2|Whimsicott, L50, F|\n|poke|p2|Incineroar, L50, M|\n|poke|p2|Kingambit, L50, F|\n|poke|p2|Garchomp, L50, F|\n|teampreview|4\n|\n|t:|1775921056\n|teamsize|p1|4\n|teamsize|p2|4\n|start\n|switch|p1a: Froslass|Froslass, L50, F|100/100\n|switch|p1b: Arcanine|Arcanine-Hisui, L50, M|100/100\n|switch|p2a: Garchomp|Garchomp, L50, F|100/100\n|switch|p2b: Charizard|Charizard, L50, M|100/100\n|-ability|p1b: Arcanine|Intimidate|boost\n|-unboost|p2a: Garchomp|atk|1\n|-unboost|p2b: Charizard|atk|1\n|turn|1\n|inactive|Battle timer is ON: inactive players will automatically lose when time's up. (requested by waterghostie)\n|inactive|waterghostie has 60 seconds left.\n|inactive|JmL94 has 60 seconds left.\n|\n|t:|1775921099\n|switch|p1b: Sneasler|Sneasler, L50, M|100/100\n|move|p1a: Froslass|Protect|p1a: Froslass\n|-singleturn|p1a: Froslass|Protect\n|move|p2b: Charizard|Protect|p2b: Charizard\n|-singleturn|p2b: Charizard|Protect\n|move|p2a: Garchomp|Earthquake|p1a: Froslass|[spread] p1b\n|-activate|p2b: Charizard|move: Protect\n|-activate|p1a: Froslass|move: Protect\n|-supereffective|p1b: Sneasler|1\n|-damage|p1b: Sneasler|4/100\n|\n|upkeep\n|turn|2\n|inactive|waterghostie has 30 seconds left.\n|inactive|waterghostie has 20 seconds left.\n|inactive|waterghostie has 15 seconds left.\n|inactive|waterghostie has 10 seconds left.\n|inactive|waterghostie has 5 seconds left.\n|\n|t:|1775921152\n|switch|p1a: Rotom|Rotom-Wash, L50|100/100\n|detailschange|p2b: Charizard|Charizard-Mega-Y, L50, M\n|-mega|p2b: Charizard|Charizard|Charizardite Y\n|-weather|SunnyDay|[from] ability: Drought|[of] p2b: Charizard\n|move|p2a: Garchomp|Protect|p2a: Garchomp\n|-singleturn|p2a: Garchomp|Protect\n|move|p1b: Sneasler|U-turn|p2b: Charizard\n|-resisted|p2b: Charizard|2\n|-damage|p2b: Charizard|93/100\n|\n|t:|1775921161\n|switch|p1b: Arcanine|Arcanine-Hisui, L50, M|100/100|[from] U-turn\n|-ability|p1b: Arcanine|Intimidate|boost\n|-unboost|p2a: Garchomp|atk|1\n|-unboost|p2b: Charizard|atk|1\n|move|p2b: Charizard|Heat Wave|p1b: Arcanine|[spread] p1b\n|-miss|p2b: Charizard|p1a: Rotom\n|-resisted|p1b: Arcanine|2\n|-damage|p1b: Arcanine|82/100\n|\n|-weather|SunnyDay|[upkeep]\n|upkeep\n|turn|3\n|inactive|waterghostie has 30 seconds left.\n|inactive|waterghostie has 20 seconds left.\n|inactive|waterghostie has 15 seconds left.\n|\n|t:|1775921203\n|switch|p1b: Froslass|Froslass, L50, F|100/100\n|move|p1a: Rotom|Protect|p1a: Rotom\n|-singleturn|p1a: Rotom|Protect\n|move|p2a: Garchomp|Earthquake|p1a: Rotom|[spread] p1b\n|-activate|p1a: Rotom|move: Protect\n|-immune|p2b: Charizard\n|-damage|p1b: Froslass|66/100\n|move|p2b: Charizard|Solar Beam||[still]\n|-prepare|p2b: Charizard|Solar Beam\n|-anim|p2b: Charizard|Solar Beam|p1a: Rotom\n|-activate|p1a: Rotom|move: Protect\n|\n|-weather|SunnyDay|[upkeep]\n|upkeep\n|turn|4\n|inactive|waterghostie has 30 seconds left.\n|inactive|JmL94 has 30 seconds left.\n|\n|t:|1775921231\n|switch|p2a: Kingambit|Kingambit, L50, F|100/100\n|switch|p2b: Incineroar|Incineroar, L50, M|100/100\n|-ability|p2b: Incineroar|Intimidate|boost\n|-unboost|p1a: Rotom|atk|1\n|-unboost|p1b: Froslass|atk|1\n|detailschange|p1b: Froslass|Froslass-Mega, L50, F\n|-mega|p1b: Froslass|Froslass|Froslassite\n|-weather|Snowscape|[from] ability: Snow Warning|[of] p1b: Froslass\n|move|p1b: Froslass|Aurora Veil|p1b: Froslass\n|-sidestart|p1: waterghostie|move: Aurora Veil\n|move|p1a: Rotom|Volt Switch|p2b: Incineroar\n|-damage|p2b: Incineroar|74/100\n|\n|t:|1775921246\n|switch|p1a: Sneasler|Sneasler, L50, M|4/100|[from] Volt Switch\n|\n|-weather|Snowscape|[upkeep]\n|upkeep\n|turn|5\n|inactive|waterghostie has 30 seconds left.\n|inactive|waterghostie has 20 seconds left.\n|inactive|waterghostie has 15 seconds left.\n|inactive|waterghostie has 10 seconds left.\n|\n|t:|1775921294\n|switch|p1b: Rotom|Rotom-Wash, L50|100/100\n|move|p1a: Sneasler|Fake Out|p2a: Kingambit\n|-resisted|p2a: Kingambit|1\n|-damage|p2a: Kingambit|95/100\n|move|p2b: Incineroar|Fake Out|p1a: Sneasler\n|-damage|p1a: Sneasler|0 fnt\n|faint|p1a: Sneasler\n|cant|p2a: Kingambit|flinch\n|\n|-weather|Snowscape|[upkeep]\n|upkeep\n|\n|t:|1775921308\n|switch|p1a: Arcanine|Arcanine-Hisui, L50, M|82/100\n|-ability|p1a: Arcanine|Intimidate|boost\n|-unboost|p2a: Kingambit|atk|1\n|-ability|p2a: Kingambit|Defiant|boost\n|-boost|p2a: Kingambit|atk|2\n|-unboost|p2b: Incineroar|atk|1\n|turn|6\n|inactive|JmL94 has 30 seconds left.\n|inactive|JmL94 has 20 seconds left.\n|\n|t:|1775921348\n|move|p2a: Kingambit|Protect|p2a: Kingambit\n|-singleturn|p2a: Kingambit|Protect\n|move|p1a: Arcanine|Close Combat|p2a: Kingambit\n|-activate|p2a: Kingambit|move: Protect\n|move|p1b: Rotom|Hydro Pump|p2b: Incineroar\n|-supereffective|p2b: Incineroar|1\n|-damage|p2b: Incineroar|0 fnt\n|faint|p2b: Incineroar\n|\n|-weather|Snowscape|[upkeep]\n|upkeep\n|\n|t:|1775921357\n|switch|p2b: Garchomp|Garchomp, L50, F|100/100\n|turn|7\n|\n|t:|1775921369\n|switch|p1a: Froslass|Froslass-Mega, L50, F|66/100\n|switch|p2a: Charizard|Charizard-Mega-Y, L50, M|93/100\n|-weather|SunnyDay|[from] ability: Drought|[of] p2a: Charizard\n|move|p2b: Garchomp|Earthquake|p1a: Froslass|[spread] p1a\n|-immune|p2a: Charizard\n|-immune|p1b: Rotom|[from] ability: Levitate\n|-damage|p1a: Froslass|20/100\n|move|p1b: Rotom|Volt Switch|p2a: Charizard\n|-supereffective|p2a: Charizard|1\n|-damage|p2a: Charizard|39/100\n|\n|t:|1775921382\n|switch|p1b: Arcanine|Arcanine-Hisui, L50, M|82/100|[from] Volt Switch\n|-ability|p1b: Arcanine|Intimidate|boost\n|-unboost|p2a: Charizard|atk|1\n|-unboost|p2b: Garchomp|atk|1\n|\n|-weather|SunnyDay|[upkeep]\n|upkeep\n|turn|8\n|inactive|waterghostie has 30 seconds left.\n|\n|t:|1775921415\n|switch|p1b: Rotom|Rotom-Wash, L50|100/100\n|move|p2a: Charizard|Protect|p2a: Charizard\n|-singleturn|p2a: Charizard|Protect\n|move|p1a: Froslass|Blizzard|p2b: Garchomp|[spread] p2b\n|-activate|p2a: Charizard|move: Protect\n|-supereffective|p2b: Garchomp|2\n|-damage|p2b: Garchomp|0 fnt\n|faint|p2b: Garchomp\n|\n|-weather|SunnyDay|[upkeep]\n|-sideend|p1: waterghostie|move: Aurora Veil\n|upkeep\n|\n|t:|1775921428\n|switch|p2b: Kingambit|Kingambit, L50, F|95/100\n|turn|9\n|inactive|waterghostie has 30 seconds left.\n|inactive|waterghostie has 20 seconds left.\n|inactive|waterghostie has 15 seconds left.\n|inactive|waterghostie has 10 seconds left.\n|\n|t:|1775921478\n|move|p2b: Kingambit|Sucker Punch|p1a: Froslass\n|-supereffective|p1a: Froslass|1\n|-damage|p1a: Froslass|0 fnt\n|faint|p1a: Froslass\n|move|p2a: Charizard|Solar Beam||[still]\n|-prepare|p2a: Charizard|Solar Beam\n|-anim|p2a: Charizard|Solar Beam|p1b: Rotom\n|-supereffective|p1b: Rotom|1\n|-damage|p1b: Rotom|18/100\n|-enditem|p1b: Rotom|Sitrus Berry|[eat]\n|-heal|p1b: Rotom|43/100|[from] item: Sitrus Berry\n|move|p1b: Rotom|Volt Switch|p2a: Charizard\n|-supereffective|p2a: Charizard|1\n|-damage|p2a: Charizard|0 fnt\n|faint|p2a: Charizard\n|\n|t:|1775921487\n|switch|p1b: Arcanine|Arcanine-Hisui, L50, M|82/100|[from] Volt Switch\n|-ability|p1b: Arcanine|Intimidate|boost\n|-unboost|p2b: Kingambit|atk|1\n|-ability|p2b: Kingambit|Defiant|boost\n|-boost|p2b: Kingambit|atk|2\n|\n|-weather|SunnyDay|[upkeep]\n|upkeep\n|\n|t:|1775921490\n|switch|p1a: Rotom|Rotom-Wash, L50|43/100\n|turn|10\n|inactive|waterghostie has 30 seconds left.\n|\n|t:|1775921521\n|move|p1b: Arcanine|Close Combat|p2b: Kingambit\n|-supereffective|p2b: Kingambit|2\n|-enditem|p2b: Kingambit|Chople Berry|[eat]\n|-enditem|p2b: Kingambit|Chople Berry|[weaken]\n|-damage|p2b: Kingambit|31/100\n|-unboost|p1b: Arcanine|def|1\n|-unboost|p1b: Arcanine|spd|1\n|move|p1a: Rotom|Volt Switch|p2b: Kingambit\n|-crit|p2b: Kingambit\n|-damage|p2b: Kingambit|0 fnt\n|faint|p2b: Kingambit\n|\n|win|waterghostie\n|raw|waterghostie's rating: 1187 &rarr; <strong>1208</strong><br />(+21 for winning)\n|raw|JmL94's rating: 1136 &rarr; <strong>1115</strong><br />(-21 for losing)\n|l|\u2606JmL94\n|player|p2|\n",
  "uploadtime": 1775921536,
  "views": 14,
  "formatid": "gen9championsvgc2026regma",
  "rating": 1115,
  "private": 0,
  "password": null
}