{
  "id": "gen9championsvgc2026regma-2587900163",
  "format": "[Gen 9 Champions] VGC 2026 Reg M-A",
  "players": [
    "buggomud",
    "TheGamingMammoth"
  ],
  "log": "|j|\u2606buggomud\n|j|\u2606TheGamingMammoth\n|t:|1776576447\n|gametype|doubles\n|player|p1|buggomud|265|1161\n|player|p2|TheGamingMammoth|1|1202\n|gen|9\n|tier|[Gen 9 Champions] VGC 2026 Reg M-A\n|rated|\n|rule|Species Clause: Limit one of each Pok\u00e9mon\n|rule|Item Clause: Limit 1 of each item\n|clearpoke\n|poke|p1|Sylveon, L50, F|\n|poke|p1|Arcanine, L50, M|\n|poke|p1|Pelipper, L50, F|\n|poke|p1|Dragonite, L50, M|\n|poke|p1|Hydreigon, L50, F|\n|poke|p1|Glimmora, L50, M|\n|poke|p2|Politoed, L50, F|\n|poke|p2|Venusaur, L50, F|\n|poke|p2|Charizard, L50, F, shiny|\n|poke|p2|Clefable, L50, M|\n|poke|p2|Scizor, L50, F|\n|poke|p2|Sableye, L50, M|\n|teampreview|4\n|inactive|Battle timer is ON: inactive players will automatically lose when time's up. (requested by buggomud)\n|\n|t:|1776576512\n|teamsize|p1|4\n|teamsize|p2|4\n|start\n|switch|p1a: Glimmora|Glimmora, L50, M|100/100\n|switch|p1b: Arcanine|Arcanine, L50, M|100/100\n|switch|p2a: Scizor|Scizor, L50, F|100/100\n|switch|p2b: Sableye|Sableye, L50, M|100/100\n|-ability|p1b: Arcanine|Intimidate|boost\n|-unboost|p2a: Scizor|atk|1\n|-unboost|p2b: Sableye|atk|1\n|turn|1\n|\n|t:|1776576530\n|move|p2b: Sableye|Fake Out|p1b: Arcanine\n|-damage|p1b: Arcanine|96/100\n|move|p1a: Glimmora|Stealth Rock|p2a: Scizor\n|-sidestart|p2: TheGamingMammoth|move: Stealth Rock\n|cant|p1b: Arcanine|flinch\n|move|p2a: Scizor|Swords Dance|p2a: Scizor\n|-boost|p2a: Scizor|atk|2\n|\n|upkeep\n|turn|2\n|\n|t:|1776576550\n|switch|p2b: Politoed|Politoed, L50, F|100/100\n|-damage|p2b: Politoed|89/100|[from] Stealth Rock\n|-weather|RainDance|[from] ability: Drizzle|[of] p2b: Politoed\n|move|p2a: Scizor|Bullet Punch|p1a: Glimmora\n|-supereffective|p1a: Glimmora|1\n|-enditem|p1a: Glimmora|Focus Sash\n|-damage|p1a: Glimmora|1/100\n|-activate|p1a: Glimmora|ability: Toxic Debris\n|-sidestart|p2: TheGamingMammoth|move: Toxic Spikes\n|move|p1a: Glimmora|Spikes|p2a: Scizor\n|-sidestart|p2: TheGamingMammoth|Spikes\n|move|p1b: Arcanine|Flare Blitz|p2a: Scizor\n|-supereffective|p2a: Scizor|2\n|-damage|p2a: Scizor|12/100\n|-damage|p1b: Arcanine|65/100|[from] Recoil\n|-heal|p1b: Arcanine|77/100|[from] item: Shell Bell|[of] p2a: Scizor\n|\n|-weather|RainDance|[upkeep]\n|upkeep\n|turn|3\n|inactive|buggomud has 30 seconds left.\n|inactive|TheGamingMammoth has 30 seconds left.\n|\n|t:|1776576579\n|move|p2a: Scizor|Protect|p2a: Scizor\n|-singleturn|p2a: Scizor|Protect\n|move|p2b: Politoed|Muddy Water|p1a: Glimmora|[spread] p1a,p1b\n|-supereffective|p1a: Glimmora|1\n|-supereffective|p1b: Arcanine|1\n|-damage|p1a: Glimmora|0 fnt\n|-damage|p1b: Arcanine|0 fnt\n|faint|p1a: Glimmora\n|faint|p1b: Arcanine\n|\n|-weather|RainDance|[upkeep]\n|upkeep\n|\n|t:|1776576585\n|switch|p1a: Dragonite|Dragonite, L50, M|100/100\n|switch|p1b: Pelipper|Pelipper, L50, F|100/100\n|turn|4\n|inactive|TheGamingMammoth has 30 seconds left.\n|\n|t:|1776576612\n|switch|p2b: Sableye|Sableye, L50, M|100/100\n|-damage|p2b: Sableye|88/100|[from] Stealth Rock\n|-status|p2b: Sableye|psn\n|-damage|p2b: Sableye|76/100 psn|[from] Spikes\n|detailschange|p1a: Dragonite|Dragonite-Mega, L50, M\n|-mega|p1a: Dragonite|Dragonite|Dragoninite\n|move|p2a: Scizor|Bullet Punch|p1a: Dragonite\n|-damage|p1a: Dragonite|73/100\n|move|p1a: Dragonite|Surf|p2a: Scizor|[spread] p1b,p2a,p2b\n|-resisted|p1b: Pelipper|1\n|-damage|p1b: Pelipper|77/100\n|-damage|p2a: Scizor|0 fnt\n|-damage|p2b: Sableye|12/100 psn\n|faint|p2a: Scizor\n|move|p1b: Pelipper|Hurricane|p2b: Sableye\n|-damage|p2b: Sableye|0 fnt\n|faint|p2b: Sableye\n|\n|-weather|RainDance|[upkeep]\n|upkeep\n|\n|t:|1776576626\n|switch|p2a: Politoed|Politoed, L50, F|89/100\n|switch|p2b: Venusaur|Venusaur, L50, F|100/100\n|-damage|p2a: Politoed|77/100|[from] Stealth Rock\n|-status|p2a: Politoed|psn\n|-damage|p2a: Politoed|65/100 psn|[from] Spikes\n|-damage|p2b: Venusaur|88/100|[from] Stealth Rock\n|-sideend|p2: TheGamingMammoth|move: Toxic Spikes|[of] p2b: Venusaur\n|-damage|p2b: Venusaur|76/100|[from] Spikes\n|turn|5\n|\n|t:|1776576647\n|move|p2b: Venusaur|Protect|p2b: Venusaur\n|-singleturn|p2b: Venusaur|Protect\n|move|p2a: Politoed|Ice Beam|p1a: Dragonite\n|-supereffective|p1a: Dragonite|2\n|-damage|p1a: Dragonite|0 fnt\n|faint|p1a: Dragonite\n|move|p1b: Pelipper|Hurricane|p2a: Politoed\n|-crit|p2a: Politoed\n|-damage|p2a: Politoed|3/100 psn\n|\n|-weather|RainDance|[upkeep]\n|-damage|p2a: Politoed|0 fnt|[from] psn\n|faint|p2a: Politoed\n|upkeep\n|turn|6\n|\n|t:|1776576665\n|detailschange|p2b: Venusaur|Venusaur-Mega, L50, F\n|-mega|p2b: Venusaur|Venusaur|Venusaurite\n|move|p2b: Venusaur|Sleep Powder|p1b: Pelipper|[miss]\n|-miss|p2b: Venusaur|p1b: Pelipper\n|move|p1b: Pelipper|Hurricane|p2b: Venusaur\n|-supereffective|p2b: Venusaur|1\n|-damage|p2b: Venusaur|8/100\n|\n|-weather|none\n|upkeep\n|turn|7\n|\n|t:|1776576676\n|move|p2b: Venusaur|Sleep Powder|p1b: Pelipper\n|-status|p1b: Pelipper|slp|[from] move: Sleep Powder\n|cant|p1b: Pelipper|slp\n|\n|upkeep\n|turn|8\n|\n|t:|1776576685\n|move|p2b: Venusaur|Sludge Bomb|p1b: Pelipper\n|-damage|p1b: Pelipper|29/100 slp\n|-enditem|p1b: Pelipper|Sitrus Berry|[eat]\n|-heal|p1b: Pelipper|54/100 slp|[from] item: Sitrus Berry\n|-curestatus|p1b: Pelipper|slp|[msg]\n|move|p1b: Pelipper|Ice Beam|p2b: Venusaur\n|-supereffective|p2b: Venusaur|1\n|-damage|p2b: Venusaur|0 fnt\n|faint|p2b: Venusaur\n|\n|win|buggomud\n|raw|buggomud's rating: 1161 &rarr; <strong>1189</strong><br />(+28 for winning)\n|raw|TheGamingMammoth's rating: 1202 &rarr; <strong>1174</strong><br />(-28 for losing)\n",
  "uploadtime": 1776576686,
  "views": 9,
  "formatid": "gen9championsvgc2026regma",
  "rating": 1174,
  "private": 0,
  "password": null
}