{
  "id": "gen9championsvgc2026regma-2585975017",
  "format": "[Gen 9 Champions] VGC 2026 Reg M-A",
  "players": [
    "Rworwo",
    "superboy245"
  ],
  "log": "|j|\u2606Rworwo\n|j|\u2606superboy245\n|t:|1776386665\n|gametype|doubles\n|player|p1|Rworwo|pokefan|1436\n|player|p2|superboy245|buck|1390\n|gen|9\n|tier|[Gen 9 Champions] VGC 2026 Reg M-A\n|rated|\n|rule|Species Clause: Limit one of each Pok\u00e9mon\n|rule|Item Clause: Limit 1 of each item\n|clearpoke\n|poke|p1|Ampharos, L50, F|\n|poke|p1|Farigiraf, L50, M|\n|poke|p1|Basculegion, L50, M|\n|poke|p1|Lucario, L50, M|\n|poke|p1|Pelipper, L50, M|\n|poke|p1|Clefable, L50, M|\n|poke|p2|Greninja-*, L50, M|\n|poke|p2|Politoed, L50, M|\n|poke|p2|Basculegion, L50, M|\n|poke|p2|Lucario, L50, M|\n|poke|p2|Sinistcha, L50|\n|poke|p2|Toxicroak, L50, M|\n|teampreview|4\n|inactive|Battle timer is ON: inactive players will automatically lose when time's up. (requested by Rworwo)\nsuperboy245 rejected open team sheets.\n|inactive|Rworwo has 60 seconds left.\n|inactive|superboy245 has 60 seconds left.\n|inactive|superboy245 has 30 seconds left.\n|inactive|superboy245 has 20 seconds left.\n|inactive|superboy245 has 15 seconds left.\n|\n|t:|1776386741\n|teamsize|p1|4\n|teamsize|p2|4\n|start\n|switch|p1a: Ampharos|Ampharos, L50, F, shiny|100/100\n|switch|p1b: Basculegion|Basculegion, L50, M, shiny|100/100\n|switch|p2a: Greninja|Greninja, L50, M|100/100\n|switch|p2b: Basculegion|Basculegion, L50, M|100/100\n|turn|1\n|\n|t:|1776386758\n|detailschange|p2a: Greninja|Greninja-Mega, L50, M\n|-mega|p2a: Greninja|Greninja|Greninjite\n|detailschange|p1a: Ampharos|Ampharos-Mega, L50, F, shiny\n|-mega|p1a: Ampharos|Ampharos|Ampharosite\n|-ability|p1a: Ampharos|Mold Breaker\n|move|p2a: Greninja|Dark Pulse|p1b: Basculegion\n|-start|p2a: Greninja|typechange|Dark|[from] ability: Protean\n|-supereffective|p1b: Basculegion|1\n|-damage|p1b: Basculegion|0 fnt\n|faint|p1b: Basculegion\n|move|p2b: Basculegion|Flip Turn|p1a: Ampharos\n|-resisted|p1a: Ampharos|1\n|-damage|p1a: Ampharos|87/100\n|\n|t:|1776386773\n|switch|p2b: Sinistcha|Sinistcha, L50|100/100|[from] Flip Turn\n|move|p1a: Ampharos|Thunder|p2a: Greninja\n|-crit|p2a: Greninja\n|-damage|p2a: Greninja|0 fnt\n|faint|p2a: Greninja\n|\n|upkeep\n|\n|t:|1776386788\n|switch|p2a: Toxicroak|Toxicroak, L50, M|100/100\n|switch|p1b: Clefable|Clefable, L50, M, shiny|100/100\n|turn|2\n|\n|t:|1776386804\n|move|p1a: Ampharos|Protect|p1a: Ampharos\n|-singleturn|p1a: Ampharos|Protect\n|move|p2b: Sinistcha|Rage Powder|p2b: Sinistcha\n|-singleturn|p2b: Sinistcha|move: Rage Powder\n|move|p2a: Toxicroak|Poison Jab|p1b: Clefable\n|-supereffective|p1b: Clefable|1\n|-damage|p1b: Clefable|29/100\n|-status|p1b: Clefable|psn\n|move|p1b: Clefable|Encore|p2b: Sinistcha\n|-start|p2b: Sinistcha|Encore\n|\n|-heal|p1b: Clefable|35/100 psn|[from] item: Leftovers\n|-damage|p1b: Clefable|23/100 psn|[from] psn\n|upkeep\n|turn|3\n|\n|t:|1776386814\n|move|p1b: Clefable|Protect|p1b: Clefable\n|-singleturn|p1b: Clefable|Protect\n|move|p2b: Sinistcha|Rage Powder|p2b: Sinistcha\n|-singleturn|p2b: Sinistcha|move: Rage Powder\n|move|p2a: Toxicroak|Poison Jab|p1b: Clefable\n|-activate|p1b: Clefable|move: Protect\n|move|p1a: Ampharos|Dragon Pulse|p2b: Sinistcha\n|-damage|p2b: Sinistcha|33/100\n|\n|-heal|p2b: Sinistcha|39/100|[from] item: Leftovers\n|-heal|p1b: Clefable|29/100 psn|[from] item: Leftovers\n|-damage|p1b: Clefable|16/100 psn|[from] psn\n|upkeep\n|turn|4\n|\n|t:|1776386833\n|switch|p1b: Pelipper|Pelipper, L50, M, shiny|100/100\n|-weather|RainDance|[from] ability: Drizzle|[of] p1b: Pelipper\n|move|p2b: Sinistcha|Rage Powder|p2b: Sinistcha\n|-singleturn|p2b: Sinistcha|move: Rage Powder\n|move|p2a: Toxicroak|Poison Jab|p1b: Pelipper\n|-damage|p1b: Pelipper|72/100\n|move|p1a: Ampharos|Dragon Pulse|p2b: Sinistcha\n|-damage|p2b: Sinistcha|0 fnt\n|faint|p2b: Sinistcha\n|\n|-weather|RainDance|[upkeep]\n|upkeep\n|\n|t:|1776386837\n|switch|p2b: Basculegion|Basculegion, L50, M|100/100\n|turn|5\n|inactive|superboy245 has 30 seconds left.\n|inactive|superboy245 has 20 seconds left.\n|\n|t:|1776386873\n|move|p1a: Ampharos|Protect|p1a: Ampharos\n|-singleturn|p1a: Ampharos|Protect\n|move|p2b: Basculegion|Last Respects|p1a: Ampharos\n|-activate|p1a: Ampharos|move: Protect\n|move|p2a: Toxicroak|Poison Jab|p1a: Ampharos\n|-activate|p1a: Ampharos|move: Protect\n|move|p1b: Pelipper|Tailwind|p1b: Pelipper\n|-sidestart|p1: Rworwo|move: Tailwind\n|\n|-weather|RainDance|[upkeep]\n|upkeep\n|turn|6\n|\n|t:|1776386891\n|move|p2b: Basculegion|Last Respects|p1a: Ampharos\n|-damage|p1a: Ampharos|14/100\n|move|p1b: Pelipper|Hurricane|p2a: Toxicroak\n|-supereffective|p2a: Toxicroak|1\n|-enditem|p2a: Toxicroak|Focus Sash\n|-damage|p2a: Toxicroak|1/100\n|move|p2a: Toxicroak|Poison Jab|p1a: Ampharos\n|-damage|p1a: Ampharos|0 fnt\n|faint|p1a: Ampharos\n|\n|-weather|RainDance|[upkeep]\n|-heal|p2a: Toxicroak|14/100|[from] ability: Dry Skin\n|upkeep\n|\n|t:|1776386897\n|switch|p1a: Clefable|Clefable, L50, M, shiny|16/100 psn\n|turn|7\n|\n|t:|1776386910\n|move|p2a: Toxicroak|Protect|p2a: Toxicroak\n|-singleturn|p2a: Toxicroak|Protect\n|move|p1a: Clefable|Follow Me|p1a: Clefable\n|-singleturn|p1a: Clefable|move: Follow Me\n|move|p2b: Basculegion|Aqua Jet|p1a: Clefable\n|-damage|p1a: Clefable|0 fnt\n|faint|p1a: Clefable\n|move|p1b: Pelipper|Hurricane|p2b: Basculegion\n|-damage|p2b: Basculegion|61/100\n|\n|-weather|RainDance|[upkeep]\n|-heal|p2a: Toxicroak|26/100|[from] ability: Dry Skin\n|upkeep\n|turn|8\n|c|\u2606superboy245|Gg\n|\n|t:|1776386925\n|move|p2a: Toxicroak|Sucker Punch|p1b: Pelipper\n|-damage|p1b: Pelipper|54/100\n|move|p2b: Basculegion|Last Respects|p1b: Pelipper\n|-damage|p1b: Pelipper|0 fnt\n|faint|p1b: Pelipper\n|\n|win|superboy245\n|raw|Rworwo's rating: 1436 &rarr; <strong>1413</strong><br />(-23 for losing)\n|raw|superboy245's rating: 1390 &rarr; <strong>1413</strong><br />(+23 for winning)\n|l|\u2606Rworwo\n|player|p1|\n",
  "uploadtime": 1776386929,
  "views": 30,
  "formatid": "gen9championsvgc2026regma",
  "rating": 1413,
  "private": 0,
  "password": null
}