{
  "id": "gen9championsvgc2026regma-2586965112",
  "format": "[Gen 9 Champions] VGC 2026 Reg M-A",
  "players": [
    "pinstress",
    "outofthebox215"
  ],
  "log": "|j|\u2606pinstress\n|j|\u2606outofthebox215\n|t:|1776476316\n|gametype|doubles\n|player|p1|pinstress|psychicf-gen4|1177\n|player|p2|outofthebox215|266|1192\n|gen|9\n|tier|[Gen 9 Champions] VGC 2026 Reg M-A\n|rated|\n|rule|Species Clause: Limit one of each Pok\u00e9mon\n|rule|Item Clause: Limit 1 of each item\n|clearpoke\n|poke|p1|Floette-Eternal, L50, F|\n|poke|p1|Incineroar, L50, M|\n|poke|p1|Sinistcha-Masterpiece, L50|\n|poke|p1|Sneasler, L50, F|\n|poke|p1|Kingambit, L50, M|\n|poke|p1|Aerodactyl, L50, M|\n|poke|p2|Garchomp, L50, M|\n|poke|p2|Greninja-*, L50, M|\n|poke|p2|Talonflame, L50, M|\n|poke|p2|Gardevoir, L50, M|\n|poke|p2|Orthworm, L50, F|\n|poke|p2|Rotom-Mow, L50|\n|teampreview|4\n|inactive|Battle timer is ON: inactive players will automatically lose when time's up. (requested by outofthebox215)\n|\n|t:|1776476354\n|teamsize|p1|4\n|teamsize|p2|4\n|start\n|switch|p1a: Aerodactyl|Aerodactyl, L50, M|100/100\n|switch|p1b: Kingambit|Kingambit, L50, M|100/100\n|switch|p2a: Garchomp|Garchomp, L50, M, shiny|100/100\n|switch|p2b: Talonflame|Talonflame, L50, M, shiny|100/100\n|-ability|p1a: Aerodactyl|Unnerve\n|turn|1\n|\n|t:|1776476376\n|move|p1b: Kingambit|Protect|p1b: Kingambit\n|-singleturn|p1b: Kingambit|Protect\n|move|p1a: Aerodactyl|Rock Slide|p2a: Garchomp|[spread] p2a\n|-miss|p1a: Aerodactyl|p2b: Talonflame\n|-resisted|p2a: Garchomp|1\n|-damage|p2a: Garchomp|88/100\n|move|p2b: Talonflame|Will-O-Wisp|p1b: Kingambit\n|-activate|p1b: Kingambit|move: Protect\n|cant|p2a: Garchomp|flinch\n|\n|upkeep\n|turn|2\n|inactive|outofthebox215 has 30 seconds left.\n|\n|t:|1776476409\n|switch|p2b: Orthworm|Orthworm, L50, F, shiny|100/100\n|switch|p1b: Incineroar|Incineroar, L50, M|100/100\n|-ability|p1b: Incineroar|Intimidate|boost\n|-unboost|p2a: Garchomp|atk|1\n|-unboost|p2b: Orthworm|atk|1\n|move|p1a: Aerodactyl|Rock Slide|p2b: Orthworm|[spread] p2a,p2b\n|-resisted|p2a: Garchomp|1\n|-resisted|p2b: Orthworm|1\n|-damage|p2a: Garchomp|76/100\n|-damage|p2b: Orthworm|90/100\n|move|p2a: Garchomp|Earthquake|p1a: Aerodactyl|[spread] p1b\n|-heal|p2b: Orthworm|100/100|[from] ability: Earth Eater|[of] p2a: Garchomp\n|-immune|p1a: Aerodactyl\n|-supereffective|p1b: Incineroar|1\n|-damage|p1b: Incineroar|53/100\n|\n|upkeep\n|turn|3\n|inactive|pinstress has 30 seconds left.\n|\n|t:|1776476441\n|move|p1b: Incineroar|Fake Out|p2a: Garchomp\n|-damage|p2a: Garchomp|66/100\n|-damage|p1b: Incineroar|41/100|[from] ability: Rough Skin|[of] p2a: Garchomp\n|move|p1a: Aerodactyl|Tailwind|p1a: Aerodactyl\n|-sidestart|p1: pinstress|move: Tailwind\n|cant|p2a: Garchomp|flinch\n|move|p2b: Orthworm|Coil|p2b: Orthworm\n|-boost|p2b: Orthworm|atk|1\n|-boost|p2b: Orthworm|def|1\n|-boost|p2b: Orthworm|accuracy|1\n|\n|upkeep\n|turn|4\n|inactive|outofthebox215 has 30 seconds left.\n|\n|t:|1776476470\n|move|p1a: Aerodactyl|Protect|p1a: Aerodactyl\n|-singleturn|p1a: Aerodactyl|Protect\n|move|p2a: Garchomp|Rock Slide|p1b: Incineroar|[spread] p1b\n|-activate|p1a: Aerodactyl|move: Protect\n|-supereffective|p1b: Incineroar|1\n|-damage|p1b: Incineroar|19/100\n|move|p1b: Incineroar|Parting Shot|p2a: Garchomp\n|-unboost|p2a: Garchomp|atk|1\n|-unboost|p2a: Garchomp|spa|1\n|\n|t:|1776476482\n|switch|p1b: Floette|Floette-Eternal, L50, F|100/100|[from] Parting Shot\n|move|p2b: Orthworm|Iron Tail|p1a: Aerodactyl\n|-activate|p1a: Aerodactyl|move: Protect\n|\n|upkeep\n|turn|5\n|inactive|pinstress has 30 seconds left.\n|\n|t:|1776476517\n|switch|p1a: Incineroar|Incineroar, L50, M|19/100\n|-ability|p1a: Incineroar|Intimidate|boost\n|-unboost|p2a: Garchomp|atk|1\n|-unboost|p2b: Orthworm|atk|1\n|detailschange|p1b: Floette|Floette-Mega, L50, F\n|-mega|p1b: Floette|Floette|Floettite\n|-ability|p1b: Floette|Fairy Aura\n|move|p2a: Garchomp|Protect|p2a: Garchomp\n|-singleturn|p2a: Garchomp|Protect\n|move|p1b: Floette|Dazzling Gleam|p2b: Orthworm|[spread] p2b\n|-activate|p2a: Garchomp|move: Protect\n|-resisted|p2b: Orthworm|1\n|-damage|p2b: Orthworm|76/100\n|move|p2b: Orthworm|Iron Tail|p1b: Floette\n|-supereffective|p1b: Floette|1\n|-damage|p1b: Floette|56/100\n|\n|-heal|p2b: Orthworm|82/100|[from] item: Leftovers\n|upkeep\n|turn|6\n|inactive|pinstress has 30 seconds left.\n|\n|t:|1776476546\n|switch|p2a: Talonflame|Talonflame, L50, M, shiny|100/100\n|move|p2b: Orthworm|Protect|p2b: Orthworm\n|-singleturn|p2b: Orthworm|Protect\n|move|p1a: Incineroar|Fake Out|p2b: Orthworm\n|-activate|p2b: Orthworm|move: Protect\n|move|p1b: Floette|Calm Mind|p1b: Floette\n|-boost|p1b: Floette|spa|1\n|-boost|p1b: Floette|spd|1\n|\n|-heal|p2b: Orthworm|88/100|[from] item: Leftovers\n|-sideend|p1: pinstress|move: Tailwind\n|upkeep\n|turn|7\n|inactive|pinstress has 30 seconds left.\n|inactive|outofthebox215 has 30 seconds left.\n|inactive|outofthebox215 has 20 seconds left.\n|\n|t:|1776476584\n|move|p1b: Floette|Protect|p1b: Floette\n|-singleturn|p1b: Floette|Protect\n|move|p2a: Talonflame|Tailwind|p2a: Talonflame\n|-sidestart|p2: outofthebox215|move: Tailwind\n|move|p2b: Orthworm|Body Press|p1a: Incineroar\n|-supereffective|p1a: Incineroar|1\n|-enditem|p1a: Incineroar|Chople Berry|[eat]\n|-enditem|p1a: Incineroar|Chople Berry|[weaken]\n|-damage|p1a: Incineroar|0 fnt\n|faint|p1a: Incineroar\n|\n|-heal|p2b: Orthworm|94/100|[from] item: Leftovers\n|upkeep\n|\n|t:|1776476595\n|switch|p1a: Kingambit|Kingambit, L50, M|100/100\n|turn|8\n|inactive|pinstress has 30 seconds left.\n|inactive|pinstress has 20 seconds left.\n|\n|t:|1776476632\n|move|p2a: Talonflame|Brave Bird|p1b: Floette\n|-damage|p1b: Floette|4/100\n|-damage|p2a: Talonflame|81/100|[from] Recoil\n|move|p2b: Orthworm|Coil|p2b: Orthworm\n|-boost|p2b: Orthworm|atk|1\n|-boost|p2b: Orthworm|def|1\n|-boost|p2b: Orthworm|accuracy|1\n|move|p1b: Floette|Dazzling Gleam|p2a: Talonflame|[spread] p2a,p2b\n|-resisted|p2a: Talonflame|1\n|-resisted|p2b: Orthworm|1\n|-damage|p2a: Talonflame|31/100\n|-damage|p2b: Orthworm|52/100\n|move|p1a: Kingambit|Kowtow Cleave|p2b: Orthworm\n|-crit|p2b: Orthworm\n|-damage|p2b: Orthworm|0 fnt\n|faint|p2b: Orthworm\n|\n|upkeep\n|\n|t:|1776476651\n|switch|p2b: Garchomp|Garchomp, L50, M, shiny|66/100\n|turn|9\n|\n|t:|1776476670\n|move|p1b: Floette|Protect|p1b: Floette\n|-singleturn|p1b: Floette|Protect\n|move|p2a: Talonflame|Quick Guard|p2a: Talonflame\n|-singleturn|p2a: Talonflame|Quick Guard\n|move|p1a: Kingambit|Sucker Punch||[still]\n|-fail|p1a: Kingambit\n|move|p2b: Garchomp|Earthquake|p1b: Floette|[spread] p1a\n|-activate|p1b: Floette|move: Protect\n|-immune|p2a: Talonflame\n|-supereffective|p1a: Kingambit|1\n|-damage|p1a: Kingambit|37/100\n|\n|upkeep\n|turn|10\n|\n|t:|1776476694\n|switch|p1a: Aerodactyl|Aerodactyl, L50, M|100/100\n|-ability|p1a: Aerodactyl|Unnerve\n|move|p1b: Floette|Protect||[still]\n|-fail|p1b: Floette\n|move|p2a: Talonflame|Quick Guard|p2a: Talonflame\n|-singleturn|p2a: Talonflame|Quick Guard\n|move|p2b: Garchomp|Earthquake|p1b: Floette|[spread] p1b\n|-immune|p2a: Talonflame\n|-immune|p1a: Aerodactyl\n|-crit|p1b: Floette\n|-damage|p1b: Floette|0 fnt\n|faint|p1b: Floette\n|\n|-sideend|p2: outofthebox215|move: Tailwind\n|upkeep\n|\n|t:|1776476708\n|switch|p1b: Kingambit|Kingambit, L50, M|37/100\n|turn|11\n|inactive|pinstress has 30 seconds left.\n|\n|t:|1776476739\n|move|p1a: Aerodactyl|Tailwind|p1a: Aerodactyl\n|-sidestart|p1: pinstress|move: Tailwind\n|move|p2a: Talonflame|Will-O-Wisp|p1a: Aerodactyl\n|-status|p1a: Aerodactyl|brn\n|move|p1b: Kingambit|Kowtow Cleave|p2b: Garchomp\n|-damage|p2b: Garchomp|4/100\n|-damage|p1b: Kingambit|24/100|[from] ability: Rough Skin|[of] p2b: Garchomp\n|move|p2b: Garchomp|Earthquake|p1b: Kingambit|[spread] p1b\n|-immune|p2a: Talonflame\n|-immune|p1a: Aerodactyl\n|-supereffective|p1b: Kingambit|1\n|-damage|p1b: Kingambit|0 fnt\n|faint|p1b: Kingambit\n|\n|-damage|p1a: Aerodactyl|95/100 brn|[from] brn\n|upkeep\n|turn|12\n|inactive|outofthebox215 has 30 seconds left.\n|\n|t:|1776476773\n|move|p2b: Garchomp|Protect|p2b: Garchomp\n|-singleturn|p2b: Garchomp|Protect\n|move|p1a: Aerodactyl|Rock Slide|p2b: Garchomp|[spread] p2a\n|-activate|p2b: Garchomp|move: Protect\n|-supereffective|p2a: Talonflame|2\n|-damage|p2a: Talonflame|0 fnt\n|faint|p2a: Talonflame\n|\n|-damage|p1a: Aerodactyl|89/100 brn|[from] brn\n|upkeep\n|\n|t:|1776476779\n|switch|p2a: Greninja|Greninja, L50, M, shiny|100/100\n|turn|13\n|\n|t:|1776476797\n|detailschange|p2a: Greninja|Greninja-Mega, L50, M, shiny\n|-mega|p2a: Greninja|Greninja|Greninjite\n|move|p1a: Aerodactyl|Rock Slide|p2b: Garchomp|[spread] p2a,p2b\n|-resisted|p2b: Garchomp|1\n|-damage|p2a: Greninja|82/100\n|-damage|p2b: Garchomp|0 fnt\n|faint|p2b: Garchomp\n|move|p2a: Greninja|Surf|p1a: Aerodactyl\n|-start|p2a: Greninja|typechange|Water|[from] ability: Protean\n|-supereffective|p1a: Aerodactyl|1\n|-damage|p1a: Aerodactyl|0 fnt\n|faint|p1a: Aerodactyl\n|\n|win|outofthebox215\n|raw|pinstress's rating: 1177 &rarr; <strong>1153</strong><br />(-24 for losing)\n|raw|outofthebox215's rating: 1192 &rarr; <strong>1216</strong><br />(+24 for winning)\n",
  "uploadtime": 1776476810,
  "views": 19,
  "formatid": "gen9championsvgc2026regma",
  "rating": 1153,
  "private": 0,
  "password": null
}