{
  "id": "gen9championsvgc2026regma-2582458324",
  "format": "[Gen 9 Champions] VGC 2026 Reg M-A",
  "players": [
    "jaycubs",
    "rajyesh1"
  ],
  "log": "|j|\u2606jaycubs\n|j|\u2606rajyesh1\n|t:|1776093002\n|gametype|doubles\n|player|p1|jaycubs|steven|1079\n|player|p2|rajyesh1|lucas|1038\n|gen|9\n|tier|[Gen 9 Champions] VGC 2026 Reg M-A\n|rated|\n|rule|Species Clause: Limit one of each Pok\u00e9mon\n|rule|Item Clause: Limit 1 of each item\n|clearpoke\n|poke|p1|Oranguru, L50, M|\n|poke|p1|Incineroar, L50, F|\n|poke|p1|Camerupt, L50, M|\n|poke|p1|Primarina, L50, M|\n|poke|p1|Maushold, L50|\n|poke|p1|Conkeldurr, L50, M|\n|poke|p2|Mimikyu, L50, F|\n|poke|p2|Farigiraf, L50, F|\n|poke|p2|Torkoal, L50, F|\n|poke|p2|Golurk, L50|\n|poke|p2|Maushold, L50|\n|poke|p2|Decidueye-Hisui, L50, F|\n|teampreview|4\n|inactive|Battle timer is ON: inactive players will automatically lose when time's up. (requested by rajyesh1)\n|inactive|jaycubs has 60 seconds left.\n|inactive|rajyesh1 has 60 seconds left.\n|\n|t:|1776093056\n|teamsize|p1|4\n|teamsize|p2|4\n|start\n|switch|p1a: Oranguru|Oranguru, L50, M|100/100\n|switch|p1b: Primarina|Primarina, L50, M|100/100\n|switch|p2a: Farigiraf|Farigiraf, L50, F|100/100\n|switch|p2b: Maushold|Maushold, L50, shiny|100/100\n|turn|1\n|inactive|rajyesh1 has 30 seconds left.\n|\n|t:|1776093089\n|move|p2b: Maushold|Protect|p2b: Maushold\n|-singleturn|p2b: Maushold|Protect\n|move|p2a: Farigiraf|Protect|p2a: Farigiraf\n|-singleturn|p2a: Farigiraf|Protect\n|move|p1a: Oranguru|Protect|p1a: Oranguru\n|-singleturn|p1a: Oranguru|Protect\n|move|p1b: Primarina|Hyper Voice|p2a: Farigiraf|[spread] \n|-activate|p2a: Farigiraf|move: Protect\n|-activate|p2b: Maushold|move: Protect\n|\n|upkeep\n|turn|2\n|\n|t:|1776093113\n|switch|p2a: Decidueye|Decidueye-Hisui, L50, F, shiny|100/100\n|move|p2b: Maushold|Population Bomb|p1b: Primarina\n|-damage|p1b: Primarina|95/100\n|-damage|p1b: Primarina|90/100\n|-damage|p1b: Primarina|84/100\n|-damage|p1b: Primarina|79/100\n|-damage|p1b: Primarina|74/100\n|-damage|p1b: Primarina|68/100\n|-damage|p1b: Primarina|62/100\n|-damage|p1b: Primarina|57/100\n|-damage|p1b: Primarina|52/100\n|-damage|p1b: Primarina|46/100\n|-hitcount|p1b: Primarina|10\n|move|p1b: Primarina|Moonblast|p2b: Maushold\n|-damage|p2b: Maushold|46/100\n|move|p1a: Oranguru|Psychic Terrain|p1a: Oranguru\n|-fieldstart|move: Psychic Terrain\n|\n|-heal|p1b: Primarina|52/100|[from] item: Leftovers\n|upkeep\n|turn|3\n|inactive|rajyesh1 has 30 seconds left.\n|\n|t:|1776093140\n|move|p1b: Primarina|Protect|p1b: Primarina\n|-singleturn|p1b: Primarina|Protect\n|move|p2b: Maushold|Follow Me|p2b: Maushold\n|-singleturn|p2b: Maushold|move: Follow Me\n|move|p2a: Decidueye|Knock Off|p1a: Oranguru\n|-supereffective|p1a: Oranguru|1\n|-damage|p1a: Oranguru|46/100\n|-enditem|p1a: Oranguru|Mental Herb|[from] move: Knock Off|[of] p2a: Decidueye\n|move|p1a: Oranguru|Trick Room|p1a: Oranguru\n|-fieldstart|move: Trick Room|[of] p1a: Oranguru\n|\n|-heal|p1b: Primarina|58/100|[from] item: Leftovers\n|upkeep\n|turn|4\n|\n|t:|1776093162\n|switch|p2a: Golurk|Golurk, L50, shiny|100/100\n|move|p1a: Oranguru|Protect|p1a: Oranguru\n|-singleturn|p1a: Oranguru|Protect\n|move|p2b: Maushold|Follow Me|p2b: Maushold\n|-singleturn|p2b: Maushold|move: Follow Me\n|move|p1b: Primarina|Misty Explosion|p2b: Maushold|[spread] p2a,p2b\n|-activate|p1a: Oranguru|move: Protect\n|-damage|p2a: Golurk|72/100\n|-damage|p2b: Maushold|4/100\n|faint|p1b: Primarina\n|\n|upkeep\n|\n|t:|1776093174\n|switch|p1b: Camerupt|Camerupt, L50, M|100/100\n|turn|5\n|inactive|rajyesh1 has 30 seconds left.\n|\n|t:|1776093201\n|detailschange|p1b: Camerupt|Camerupt-Mega, L50, M\n|-mega|p1b: Camerupt|Camerupt|Cameruptite\n|detailschange|p2a: Golurk|Golurk-Mega, L50, shiny\n|-mega|p2a: Golurk|Golurk|Golurkite\n|move|p2b: Maushold|Helping Hand|p2a: Golurk\n|-singleturn|p2a: Golurk|Helping Hand|[of] p2b: Maushold\n|move|p1b: Camerupt|Eruption|p2a: Golurk|[spread] p2a,p2b\n|-damage|p2a: Golurk|25/100\n|-damage|p2b: Maushold|0 fnt\n|faint|p2b: Maushold\n|move|p2a: Golurk|Headlong Rush|p1b: Camerupt\n|-supereffective|p1b: Camerupt|1\n|-damage|p1b: Camerupt|0 fnt\n|-unboost|p2a: Golurk|def|1\n|-unboost|p2a: Golurk|spd|1\n|faint|p1b: Camerupt\n|move|p1a: Oranguru|Instruct|p1: Camerupt|[notarget]\n|-fail|p1a: Oranguru\n|\n|upkeep\n|\n|t:|1776093218\n|switch|p1b: Maushold|Maushold, L50|100/100\n|switch|p2b: Decidueye|Decidueye-Hisui, L50, F, shiny|100/100\n|turn|6\n|-message|jaycubs forfeited.\n|\n|win|rajyesh1\n|raw|jaycubs's rating: 1079 &rarr; <strong>1055</strong><br />(-24 for losing)\n|raw|rajyesh1's rating: 1038 &rarr; <strong>1076</strong><br />(+38 for winning)\n|l|\u2606jaycubs\n|player|p1|\n",
  "uploadtime": 1776093226,
  "views": 9,
  "formatid": "gen9championsvgc2026regma",
  "rating": 1055,
  "private": 0,
  "password": null
}