{
  "id": "gen9championsvgc2026regma-2582945701",
  "format": "[Gen 9 Champions] VGC 2026 Reg M-A",
  "players": [
    "Jaack22",
    "EldoxeaAbuelas"
  ],
  "log": "|j|\u2606Jaack22\n|j|\u2606EldoxeaAbuelas\n|t:|1776127349\n|gametype|doubles\n|player|p1|Jaack22|1|1052\n|player|p2|EldoxeaAbuelas|101|1000\n|gen|9\n|tier|[Gen 9 Champions] VGC 2026 Reg M-A\n|rated|\n|rule|Species Clause: Limit one of each Pok\u00e9mon\n|rule|Item Clause: Limit 1 of each item\n|clearpoke\n|poke|p1|Gardevoir, L50, F|\n|poke|p1|Garchomp, L50, M|\n|poke|p1|Tyranitar, L50, M|\n|poke|p1|Talonflame, L50, F|\n|poke|p1|Incineroar, L50, M|\n|poke|p1|Clefable, L50, F|\n|poke|p2|Feraligatr, L50, M|\n|poke|p2|Sinistcha, L50|\n|poke|p2|Pelipper, L50, M|\n|poke|p2|Basculegion, L50, M|\n|poke|p2|Incineroar, L50, F|\n|poke|p2|Dragonite, L50, F|\n|teampreview|4\n|\n|t:|1776127376\n|teamsize|p1|4\n|teamsize|p2|4\n|start\n|switch|p1a: Tyranitar|Tyranitar, L50, M|100/100\n|switch|p1b: Garchomp|Garchomp, L50, M|100/100\n|switch|p2a: Pelipper|Pelipper, L50, M|100/100\n|switch|p2b: Incineroar|Incineroar, L50, F|100/100\n|-weather|RainDance|[from] ability: Drizzle|[of] p2a: Pelipper\n|-ability|p2b: Incineroar|Intimidate|boost\n|-unboost|p1a: Tyranitar|atk|1\n|-unboost|p1b: Garchomp|atk|1\n|-weather|Sandstorm|[from] ability: Sand Stream|[of] p1a: Tyranitar\n|turn|1\n|\n|t:|1776127399\n|switch|p1a: Gardevoir|Gardevoir, L50, F|100/100\n|move|p2b: Incineroar|Fake Out|p1b: Garchomp\n|-damage|p1b: Garchomp|87/100\n|cant|p1b: Garchomp|flinch\n|move|p2a: Pelipper|Icy Wind|p1a: Gardevoir|[spread] p1a,p1b\n|-supereffective|p1b: Garchomp|2\n|-damage|p1a: Gardevoir|91/100\n|-damage|p1b: Garchomp|39/100\n|-unboost|p1a: Gardevoir|spe|1\n|-unboost|p1b: Garchomp|spe|1\n|\n|-weather|Sandstorm|[upkeep]\n|-damage|p2a: Pelipper|94/100|[from] Sandstorm\n|-damage|p2b: Incineroar|94/100|[from] Sandstorm\n|-damage|p1a: Gardevoir|85/100|[from] Sandstorm\n|upkeep\n|turn|2\n|\n|t:|1776127422\n|detailschange|p1b: Garchomp|Garchomp-Mega, L50, M\n|-mega|p1b: Garchomp|Garchomp|Garchompite\n|move|p1a: Gardevoir|Helping Hand|p1b: Garchomp\n|-singleturn|p1b: Garchomp|Helping Hand|[of] p1a: Gardevoir\n|move|p1b: Garchomp|Earthquake|p2b: Incineroar|[spread] p2b\n|-activate|p1a: Gardevoir|ability: Telepathy\n|-immune|p2a: Pelipper\n|-supereffective|p2b: Incineroar|1\n|-damage|p2b: Incineroar|0 fnt\n|faint|p2b: Incineroar\n|move|p2a: Pelipper|Tailwind|p2a: Pelipper\n|-sidestart|p2: EldoxeaAbuelas|move: Tailwind\n|\n|-weather|Sandstorm|[upkeep]\n|-damage|p2a: Pelipper|88/100|[from] Sandstorm\n|-damage|p1a: Gardevoir|79/100|[from] Sandstorm\n|upkeep\n|\n|t:|1776127441\n|switch|p2b: Basculegion|Basculegion, L50, M|100/100\n|turn|3\n|inactive|Battle timer is ON: inactive players will automatically lose when time's up. (requested by Jaack22)\n|\n|t:|1776127458\n|switch|p2a: Dragonite|Dragonite, L50, F|100/100\n|move|p1b: Garchomp|Protect|p1b: Garchomp\n|-singleturn|p1b: Garchomp|Protect\n|move|p2b: Basculegion|Liquidation|p1b: Garchomp\n|-activate|p1b: Garchomp|move: Protect\n|move|p1a: Gardevoir|Trick Room|p1a: Gardevoir\n|-fieldstart|move: Trick Room|[of] p1a: Gardevoir\n|\n|-weather|Sandstorm|[upkeep]\n|-damage|p1a: Gardevoir|73/100|[from] Sandstorm\n|-damage|p2a: Dragonite|94/100|[from] Sandstorm\n|-damage|p2b: Basculegion|94/100|[from] Sandstorm\n|upkeep\n|turn|4\n|\n|t:|1776127475\n|detailschange|p2a: Dragonite|Dragonite-Mega, L50, F\n|-mega|p2a: Dragonite|Dragonite|Dragoninite\n|move|p2a: Dragonite|Protect|p2a: Dragonite\n|-singleturn|p2a: Dragonite|Protect\n|move|p1a: Gardevoir|Moonblast|p2a: Dragonite\n|-activate|p2a: Dragonite|move: Protect\n|move|p1b: Garchomp|Rock Slide|p2a: Dragonite|[spread] p2b\n|-activate|p2a: Dragonite|move: Protect\n|-damage|p2b: Basculegion|69/100\n|move|p2b: Basculegion|Liquidation|p1b: Garchomp\n|-damage|p1b: Garchomp|5/100\n|\n|-weather|Sandstorm|[upkeep]\n|-damage|p1a: Gardevoir|67/100|[from] Sandstorm\n|-damage|p2a: Dragonite|88/100|[from] Sandstorm\n|-damage|p2b: Basculegion|63/100|[from] Sandstorm\n|upkeep\n|turn|5\n|\n|t:|1776127499\n|move|p1a: Gardevoir|Moonblast|p2a: Dragonite\n|-supereffective|p2a: Dragonite|1\n|-damage|p2a: Dragonite|0 fnt\n|faint|p2a: Dragonite\n|move|p1b: Garchomp|Rock Slide|p2b: Basculegion\n|-damage|p2b: Basculegion|28/100\n|move|p2b: Basculegion|Liquidation|p1b: Garchomp\n|-damage|p1b: Garchomp|0 fnt\n|faint|p1b: Garchomp\n|\n|-weather|none\n|-sideend|p2: EldoxeaAbuelas|move: Tailwind\n|upkeep\n|inactive|Jaack22 has 30 seconds left.\n|\n|t:|1776127529\n|switch|p2a: Pelipper|Pelipper, L50, M|88/100\n|switch|p1b: Tyranitar|Tyranitar, L50, M|100/100\n|-weather|Sandstorm|[from] ability: Sand Stream|[of] p1b: Tyranitar\n|-weather|RainDance|[from] ability: Drizzle|[of] p2a: Pelipper\n|turn|6\n|\n|t:|1776127552\n|switch|p1b: Clefable|Clefable, L50, F|100/100\n|move|p1a: Gardevoir|Moonblast|p2b: Basculegion\n|-damage|p2b: Basculegion|0 fnt\n|faint|p2b: Basculegion\n|move|p2a: Pelipper|Hurricane|p1a: Gardevoir\n|-damage|p1a: Gardevoir|30/100\n|\n|-weather|RainDance|[upkeep]\n|upkeep\n|turn|7\n|-message|EldoxeaAbuelas forfeited.\n|\n|win|Jaack22\n|raw|Jaack22's rating: 1052 &rarr; <strong>1079</strong><br />(+27 for winning)\n|raw|EldoxeaAbuelas's rating: 1000 &rarr; <strong>1000</strong><br />(+0 for losing)\n|l|\u2606EldoxeaAbuelas\n|player|p2|\n",
  "uploadtime": 1776127565,
  "views": 12,
  "formatid": "gen9championsvgc2026regma",
  "rating": 1000,
  "private": 0,
  "password": null
}