{
  "id": "gen9championsvgc2026regma-2582975553",
  "format": "[Gen 9 Champions] VGC 2026 Reg M-A",
  "players": [
    "TheCoolestPickle",
    "Darkus_37"
  ],
  "log": "|j|\u2606TheCoolestPickle\n|j|\u2606Darkus_37\n|t:|1776129988\n|gametype|doubles\n|player|p1|TheCoolestPickle|102|1077\n|player|p2|Darkus_37|n|1105\n|gen|9\n|tier|[Gen 9 Champions] VGC 2026 Reg M-A\n|rated|\n|rule|Species Clause: Limit one of each Pok\u00e9mon\n|rule|Item Clause: Limit 1 of each item\n|clearpoke\n|poke|p1|Aegislash, L50, M|\n|poke|p1|Meganium, L50, F|\n|poke|p1|Arcanine, L50, F|\n|poke|p1|Garchomp, L50, M|\n|poke|p1|Raichu, L50, M|\n|poke|p1|Politoed, L50, F|\n|poke|p2|Kangaskhan, L50, F|\n|poke|p2|Incineroar, L50, M|\n|poke|p2|Sinistcha, L50|\n|poke|p2|Volcarona, L50, F|\n|poke|p2|Milotic, L50, F|\n|poke|p2|Kommo-o, L50, F|\n|teampreview|4\nTheCoolestPickle has agreed to open team sheets.\n|\n|t:|1776130032\n|teamsize|p1|4\n|teamsize|p2|4\n|start\n|switch|p1a: Politoed|Politoed, L50, F|100/100\n|switch|p1b: Raichu|Raichu, L50, M, shiny|100/100\n|switch|p2a: Kangaskhan|Kangaskhan, L50, F|100/100\n|switch|p2b: Volcarona|Volcarona, L50, F|100/100\n|-weather|RainDance|[from] ability: Drizzle|[of] p1a: Politoed\n|turn|1\n|\n|t:|1776130101\n|switch|p2b: Sinistcha|Sinistcha, L50|100/100\n|move|p2a: Kangaskhan|Protect|p2a: Kangaskhan\n|-singleturn|p2a: Kangaskhan|Protect\n|move|p1b: Raichu|Fake Out|p2a: Kangaskhan\n|-activate|p2a: Kangaskhan|move: Protect\n|move|p1a: Politoed|Weather Ball|p2b: Sinistcha\n|-resisted|p2b: Sinistcha|1\n|-damage|p2b: Sinistcha|60/100\n|\n|-weather|RainDance|[upkeep]\n|upkeep\n|turn|2\n|\n|t:|1776130138\n|detailschange|p2a: Kangaskhan|Kangaskhan-Mega, L50, F\n|-mega|p2a: Kangaskhan|Kangaskhan|Kangaskhanite\n|move|p2b: Sinistcha|Rage Powder|p2b: Sinistcha\n|-singleturn|p2b: Sinistcha|move: Rage Powder\n|move|p1b: Raichu|Thunder|p2b: Sinistcha\n|-resisted|p2b: Sinistcha|1\n|-damage|p2b: Sinistcha|35/100\n|-status|p2b: Sinistcha|par\n|-enditem|p2b: Sinistcha|Sitrus Berry|[eat]\n|-heal|p2b: Sinistcha|59/100 par|[from] item: Sitrus Berry\n|move|p2a: Kangaskhan|Double-Edge|p1a: Politoed\n|-damage|p1a: Politoed|29/100\n|-damage|p1a: Politoed|12/100\n|-hitcount|p1a: Politoed|2\n|-damage|p2a: Kangaskhan|76/100|[from] Recoil\n|move|p1a: Politoed|Ice Beam|p2b: Sinistcha\n|-supereffective|p2b: Sinistcha|1\n|-damage|p2b: Sinistcha|4/100 par\n|\n|-weather|RainDance|[upkeep]\n|upkeep\n|turn|3\n|\n|t:|1776130165\n|switch|p2b: Incineroar|Incineroar, L50, M|100/100\n|-ability|p2b: Incineroar|Intimidate|boost\n|-unboost|p1a: Politoed|atk|1\n|-unboost|p1b: Raichu|atk|1\n|move|p1b: Raichu|Thunder|p2b: Incineroar\n|-damage|p2b: Incineroar|66/100\n|move|p2a: Kangaskhan|Double-Edge|p1a: Politoed\n|-damage|p1a: Politoed|0 fnt\n|faint|p1a: Politoed\n|-hitcount|p1: Politoed|1\n|-damage|p2a: Kangaskhan|73/100|[from] Recoil\n|\n|-weather|RainDance|[upkeep]\n|upkeep\n|\n|t:|1776130177\n|switch|p1a: Meganium|Meganium, L50, F|100/100\n|turn|4\n|\n|t:|1776130188\n|move|p2a: Kangaskhan|Protect|p2a: Kangaskhan\n|-singleturn|p2a: Kangaskhan|Protect\n|move|p1b: Raichu|Thunder|p2a: Kangaskhan\n|-activate|p2a: Kangaskhan|move: Protect\n|move|p1a: Meganium|Weather Ball|p2b: Incineroar\n|-supereffective|p2b: Incineroar|1\n|-damage|p2b: Incineroar|15/100\n|move|p2b: Incineroar|Parting Shot|p1a: Meganium\n|-unboost|p1a: Meganium|atk|1\n|-unboost|p1a: Meganium|spa|1\n|\n|t:|1776130200\n|switch|p2b: Sinistcha|Sinistcha, L50|4/100 par|[from] Parting Shot\n|-heal|p2a: Kangaskhan|98/100|[from] ability: Hospitality|[of] p2b: Sinistcha\n|\n|-weather|RainDance|[upkeep]\n|upkeep\n|turn|5\n|\n|t:|1776130241\n|detailschange|p1a: Meganium|Meganium-Mega, L50, F\n|-mega|p1a: Meganium|Meganium|Meganiumite\n|move|p2b: Sinistcha|Protect|p2b: Sinistcha\n|-singleturn|p2b: Sinistcha|Protect\n|move|p1b: Raichu|Thunder|p2b: Sinistcha\n|-activate|p2b: Sinistcha|move: Protect\n|move|p2a: Kangaskhan|Double-Edge|p1a: Meganium\n|-damage|p1a: Meganium|50/100\n|-damage|p1a: Meganium|38/100\n|-hitcount|p1a: Meganium|2\n|-damage|p2a: Kangaskhan|81/100|[from] Recoil\n|move|p1a: Meganium|Solar Beam||[still]\n|-prepare|p1a: Meganium|Solar Beam\n|-activate|p1a: Meganium|ability: Mega Sol\n|-anim|p1a: Meganium|Solar Beam|p2a: Kangaskhan\n|-damage|p2a: Kangaskhan|42/100\n|\n|-weather|none\n|upkeep\n|turn|6\n|\n|t:|1776130290\n|switch|p1b: Aegislash|Aegislash, L50, M, shiny|100/100\n|switch|p2b: Incineroar|Incineroar, L50, M|15/100\n|-ability|p2b: Incineroar|Intimidate|boost\n|-unboost|p1a: Meganium|atk|1\n|-unboost|p1b: Aegislash|atk|1\n|move|p1a: Meganium|Protect|p1a: Meganium\n|-singleturn|p1a: Meganium|Protect\n|move|p2a: Kangaskhan|Double-Edge|p1a: Meganium\n|-activate|p1a: Meganium|move: Protect\n|\n|upkeep\n|turn|7\n|\n|t:|1776130318\n|switch|p2b: Sinistcha|Sinistcha, L50|4/100 par\n|-heal|p2a: Kangaskhan|67/100|[from] ability: Hospitality|[of] p2b: Sinistcha\n|move|p2a: Kangaskhan|Double-Edge|p1a: Meganium\n|-damage|p1a: Meganium|0 fnt\n|faint|p1a: Meganium\n|-hitcount|p1: Meganium|1\n|-damage|p2a: Kangaskhan|57/100|[from] Recoil\n|-formechange|p1b: Aegislash|Aegislash-Blade|\n|move|p1b: Aegislash|Sacred Sword|p2a: Kangaskhan\n|-supereffective|p2a: Kangaskhan|1\n|-damage|p2a: Kangaskhan|22/100\n|\n|upkeep\n|\n|t:|1776130330\n|switch|p1a: Raichu|Raichu, L50, M, shiny|100/100\n|turn|8\n|\n|t:|1776130340\n|switch|p2b: Incineroar|Incineroar, L50, M|15/100\n|-ability|p2b: Incineroar|Intimidate|boost\n|-unboost|p1a: Raichu|atk|1\n|-unboost|p1b: Aegislash|atk|1\n|move|p2a: Kangaskhan|Protect|p2a: Kangaskhan\n|-singleturn|p2a: Kangaskhan|Protect\n|move|p1a: Raichu|Fake Out|p2a: Kangaskhan\n|-activate|p2a: Kangaskhan|move: Protect\n|move|p1b: Aegislash|Sacred Sword|p2a: Kangaskhan\n|-activate|p2a: Kangaskhan|move: Protect\n|\n|upkeep\n|turn|9\n|\n|t:|1776130365\n|switch|p2a: Sinistcha|Sinistcha, L50|4/100 par\n|-heal|p2b: Incineroar|40/100|[from] ability: Hospitality|[of] p2a: Sinistcha\n|move|p1a: Raichu|Thunder|p2b: Incineroar\n|-damage|p2b: Incineroar|6/100\n|move|p1b: Aegislash|Sacred Sword|p2a: Sinistcha\n|-immune|p2a: Sinistcha\n|move|p2b: Incineroar|Flare Blitz|p1b: Aegislash\n|-supereffective|p1b: Aegislash|1\n|-damage|p1b: Aegislash|0 fnt\n|faint|p1b: Aegislash\n|-damage|p2b: Incineroar|0 fnt|[from] Recoil\n|faint|p2b: Incineroar\n|\n|upkeep\n|\n|t:|1776130389\n|switch|p2b: Kangaskhan|Kangaskhan-Mega, L50, F|22/100\n|turn|10\n|\n|t:|1776130395\n|switch|p2a: Volcarona|Volcarona, L50, F|100/100\n|move|p1a: Raichu|Protect|p1a: Raichu\n|-singleturn|p1a: Raichu|Protect\n|move|p2b: Kangaskhan|Fake Out|p1a: Raichu\n|-activate|p1a: Raichu|move: Protect\n|\n|upkeep\n|turn|11\n|\n|t:|1776130416\n|move|p2a: Volcarona|Rage Powder|p2a: Volcarona\n|-singleturn|p2a: Volcarona|move: Rage Powder\n|move|p1a: Raichu|Thunder|p2a: Volcarona\n|-damage|p2a: Volcarona|61/100\n|move|p2b: Kangaskhan|Double-Edge|p1a: Raichu\n|-enditem|p1a: Raichu|Focus Sash\n|-damage|p1a: Raichu|1/100\n|-damage|p1a: Raichu|0 fnt\n|faint|p1a: Raichu\n|-hitcount|p1: Raichu|2\n|-damage|p2b: Kangaskhan|0 fnt|[from] Recoil\n|faint|p2b: Kangaskhan\n|\n|win|Darkus_37\n|raw|TheCoolestPickle's rating: 1077 &rarr; <strong>1057</strong><br />(-20 for losing)\n|raw|Darkus_37's rating: 1105 &rarr; <strong>1128</strong><br />(+23 for winning)\n|l|\u2606TheCoolestPickle\n|player|p1|\n",
  "uploadtime": 1776130436,
  "views": 25,
  "formatid": "gen9championsvgc2026regma",
  "rating": 1057,
  "private": 0,
  "password": null
}