{
  "id": "gen9championsvgc2026regma-2584128458",
  "format": "[Gen 9 Champions] VGC 2026 Reg M-A",
  "players": [
    "mydoot",
    "Acrophobic_Avian"
  ],
  "log": "|j|\u2606mydoot\n|j|\u2606Acrophobic_Avian\n|t:|1776228299\n|gametype|doubles\n|player|p1|mydoot|veteranf|1110\n|player|p2|Acrophobic_Avian|colress-gen7|1175\n|gen|9\n|tier|[Gen 9 Champions] VGC 2026 Reg M-A\n|rated|\n|rule|Species Clause: Limit one of each Pok\u00e9mon\n|rule|Item Clause: Limit 1 of each item\n|clearpoke\n|poke|p1|Glimmora, L50, F|\n|poke|p1|Incineroar, L50, F|\n|poke|p1|Whimsicott, L50, F|\n|poke|p1|Milotic, L50, F|\n|poke|p1|Garchomp, L50, M|\n|poke|p1|Rotom-Wash, L50|\n|poke|p2|Sableye, L50, M|\n|poke|p2|Gardevoir, L50, M|\n|poke|p2|Milotic, L50, F|\n|poke|p2|Sinistcha, L50|\n|poke|p2|Lucario, L50, F|\n|poke|p2|Rotom-Heat, L50|\n|teampreview|4\n|\n|t:|1776228349\n|teamsize|p1|4\n|teamsize|p2|4\n|start\n|switch|p1a: Glimmora|Glimmora, L50, F, shiny|100/100\n|switch|p1b: Incineroar|Incineroar, L50, F|100/100\n|switch|p2a: Pharaoh|Lucario, L50, F|100/100\n|switch|p2b: Shimmer|Sableye, L50, M|100/100\n|-ability|p1b: Incineroar|Intimidate|boost\n|-fail|p2a: Pharaoh|unboost|Attack|[from] ability: Inner Focus|[of] p2a: Pharaoh\n|-unboost|p2b: Shimmer|atk|1\n|turn|1\n|\n|t:|1776228382\n|detailschange|p1a: Glimmora|Glimmora-Mega, L50, F, shiny\n|-mega|p1a: Glimmora|Glimmora|Glimmoranite\n|move|p2b: Shimmer|Fake Out|p1a: Glimmora\n|-resisted|p1a: Glimmora|1\n|-damage|p1a: Glimmora|98/100\n|cant|p1a: Glimmora|flinch\n|move|p2a: Pharaoh|Close Combat|p1b: Incineroar\n|-supereffective|p1b: Incineroar|1\n|-damage|p1b: Incineroar|7/100\n|-unboost|p2a: Pharaoh|def|1\n|-unboost|p2a: Pharaoh|spd|1\n|-enditem|p1b: Incineroar|Sitrus Berry|[eat]\n|-heal|p1b: Incineroar|32/100|[from] item: Sitrus Berry\n|move|p1b: Incineroar|Darkest Lariat|p2b: Shimmer\n|-damage|p2b: Shimmer|67/100\n|\n|upkeep\n|turn|2\n|\n|t:|1776228417\n|switch|p1b: Whimsicott|Whimsicott, L50, F, shiny|100/100\n|detailschange|p2a: Pharaoh|Lucario-Mega, L50, F\n|-mega|p2a: Pharaoh|Lucario|Lucarionite\n|move|p2a: Pharaoh|Meteor Mash|p1a: Glimmora\n|-supereffective|p1a: Glimmora|1\n|-damage|p1a: Glimmora|0 fnt\n|-boost|p2a: Pharaoh|atk|1\n|faint|p1a: Glimmora\n|move|p2b: Shimmer|Foul Play|p1b: Whimsicott\n|-resisted|p1b: Whimsicott|1\n|-damage|p1b: Whimsicott|83/100\n|\n|upkeep\n|\n|t:|1776228428\n|switch|p1a: Incineroar|Incineroar, L50, F|32/100\n|-ability|p1a: Incineroar|Intimidate|boost\n|-unboost|p2a: Pharaoh|atk|1\n|-unboost|p2b: Shimmer|atk|1\n|turn|3\n|\n|t:|1776228440\n|switch|p2a: Aurora|Milotic, L50, F|100/100\n|move|p1a: Incineroar|Fake Out|p2a: Aurora\n|-damage|p2a: Aurora|91/100\n|move|p1b: Whimsicott|Moonblast|p2b: Shimmer\n|-supereffective|p2b: Shimmer|1\n|-crit|p2b: Shimmer\n|-damage|p2b: Shimmer|0 fnt\n|faint|p2b: Shimmer\n|\n|-heal|p2a: Aurora|97/100|[from] item: Leftovers\n|upkeep\n|\n|t:|1776228450\n|switch|p2b: Pharaoh|Lucario-Mega, L50, F|100/100\n|turn|4\n|\n|t:|1776228461\n|switch|p1a: Rotom|Rotom-Wash, L50, shiny|100/100\n|move|p2b: Pharaoh|Protect|p2b: Pharaoh\n|-singleturn|p2b: Pharaoh|Protect\n|move|p1b: Whimsicott|Tailwind|p1b: Whimsicott\n|-sidestart|p1: mydoot|move: Tailwind\n|move|p2a: Aurora|Scald|p1a: Rotom\n|-resisted|p1a: Rotom|1\n|-damage|p1a: Rotom|81/100\n|\n|-heal|p2a: Aurora|100/100|[from] item: Leftovers\n|upkeep\n|turn|5\n|\n|t:|1776228477\n|switch|p2b: President|Sinistcha, L50|100/100\n|move|p1a: Rotom|Electroweb|p2b: President|[spread] p2a,p2b\n|-supereffective|p2a: Aurora|1\n|-resisted|p2b: President|1\n|-damage|p2a: Aurora|75/100\n|-damage|p2b: President|90/100\n|-unboost|p2a: Aurora|spe|1\n|-ability|p2a: Aurora|Competitive|boost\n|-boost|p2a: Aurora|spa|2\n|-unboost|p2b: President|spe|1\n|move|p1b: Whimsicott|Moonblast|p2b: President\n|-damage|p2b: President|47/100\n|move|p2a: Aurora|Icy Wind|p1a: Rotom|[spread] p1a,p1b\n|-resisted|p1a: Rotom|1\n|-supereffective|p1b: Whimsicott|1\n|-damage|p1a: Rotom|70/100\n|-damage|p1b: Whimsicott|18/100\n|-unboost|p1a: Rotom|spe|1\n|-unboost|p1b: Whimsicott|spe|1\n|\n|-heal|p2a: Aurora|82/100|[from] item: Leftovers\n|upkeep\n|turn|6\n|\n|t:|1776228513\n|move|p2b: President|Rage Powder|p2b: President\n|-singleturn|p2b: President|move: Rage Powder\n|move|p1a: Rotom|Electroweb|p2b: President|[spread] p2a,p2b\n|-supereffective|p2a: Aurora|1\n|-crit|p2a: Aurora\n|-resisted|p2b: President|1\n|-damage|p2a: Aurora|41/100\n|-damage|p2b: President|35/100\n|-unboost|p2a: Aurora|spe|1\n|-ability|p2a: Aurora|Competitive|boost\n|-boost|p2a: Aurora|spa|2\n|-unboost|p2b: President|spe|1\n|move|p1b: Whimsicott|Moonblast|p2a: Aurora\n|-damage|p2a: Aurora|17/100\n|move|p2a: Aurora|Icy Wind|p1a: Rotom|[spread] p1a,p1b\n|-resisted|p1a: Rotom|1\n|-supereffective|p1b: Whimsicott|1\n|-damage|p1a: Rotom|49/100\n|-damage|p1b: Whimsicott|0 fnt\n|-unboost|p1a: Rotom|spe|1\n|faint|p1b: Whimsicott\n|\n|-heal|p2a: Aurora|23/100|[from] item: Leftovers\n|upkeep\n|\n|t:|1776228530\n|switch|p1b: Incineroar|Incineroar, L50, F|32/100\n|-ability|p1b: Incineroar|Intimidate|boost\n|-unboost|p2a: Aurora|atk|1\n|-ability|p2a: Aurora|Competitive|boost\n|-boost|p2a: Aurora|spa|2\n|-unboost|p2b: President|atk|1\n|turn|7\n|\n|t:|1776228556\n|move|p1b: Incineroar|Fake Out|p2a: Aurora\n|-damage|p2a: Aurora|15/100\n|move|p1a: Rotom|Electroweb|p2a: Aurora|[spread] p2a,p2b\n|-supereffective|p2a: Aurora|1\n|-resisted|p2b: President|1\n|-damage|p2a: Aurora|0 fnt\n|-damage|p2b: President|23/100\n|-unboost|p2b: President|spe|1\n|faint|p2a: Aurora\n|move|p2b: President|Matcha Gotcha|p1a: Rotom|[spread] p1a,p1b\n|-supereffective|p1a: Rotom|1\n|-resisted|p1b: Incineroar|1\n|-damage|p1a: Rotom|0 fnt\n|-heal|p2b: President|41/100|[from] drain|[of] p1a: Rotom\n|-damage|p1b: Incineroar|21/100\n|-heal|p2b: President|47/100|[from] drain|[of] p1b: Incineroar\n|faint|p1a: Rotom\n|\n|-sideend|p1: mydoot|move: Tailwind\n|upkeep\n|\n|t:|1776228572\n|switch|p2a: Pharaoh|Lucario-Mega, L50, F|100/100\n|turn|8\n|\n|t:|1776228578\n|move|p2b: President|Rage Powder|p2b: President\n|-singleturn|p2b: President|move: Rage Powder\n|move|p2a: Pharaoh|Close Combat|p1b: Incineroar\n|-supereffective|p1b: Incineroar|1\n|-damage|p1b: Incineroar|0 fnt\n|-unboost|p2a: Pharaoh|def|1\n|-unboost|p2a: Pharaoh|spd|1\n|faint|p1b: Incineroar\n|\n|win|Acrophobic_Avian\n|raw|mydoot's rating: 1110 &rarr; <strong>1090</strong><br />(-20 for losing)\n|raw|Acrophobic_Avian's rating: 1175 &rarr; <strong>1195</strong><br />(+20 for winning)\n|c|\u2606Acrophobic_Avian|gg\n|l|\u2606mydoot\n|player|p1|\n",
  "uploadtime": 1776228596,
  "views": 35,
  "formatid": "gen9championsvgc2026regma",
  "rating": 1090,
  "private": 0,
  "password": null
}