{
  "id": "gen9championsvgc2026regma-2584119518",
  "format": "[Gen 9 Champions] VGC 2026 Reg M-A",
  "players": [
    "bunny31008",
    "Tytywhywhy"
  ],
  "log": "|j|\u2606bunny31008\n|j|\u2606Tytywhywhy\n|t:|1776227270\n|gametype|doubles\n|player|p1|bunny31008|1|1220\n|player|p2|Tytywhywhy|gambler|1133\n|gen|9\n|tier|[Gen 9 Champions] VGC 2026 Reg M-A\n|rated|\n|rule|Species Clause: Limit one of each Pok\u00e9mon\n|rule|Item Clause: Limit 1 of each item\n|clearpoke\n|poke|p1|Kangaskhan, L50, F|\n|poke|p1|Hydreigon, L50, M|\n|poke|p1|Sneasler, L50, F|\n|poke|p1|Basculegion, L50, M|\n|poke|p1|Rotom-Frost, L50|\n|poke|p1|Skarmory, L50, F|\n|poke|p2|Pelipper, L50, F|\n|poke|p2|Archaludon, L50, M|\n|poke|p2|Basculegion, L50, M|\n|poke|p2|Dragonite, L50, F|\n|poke|p2|Garchomp, L50, F|\n|poke|p2|Meowscarada, L50, F|\n|teampreview|4\nTytywhywhy has agreed to open team sheets.\n|inactive|Battle timer is ON: inactive players will automatically lose when time's up. (requested by Tytywhywhy)\n|\n|t:|1776227319\n|teamsize|p1|4\n|teamsize|p2|4\n|start\n|switch|p1a: Kangaskhan|Kangaskhan, L50, F|100/100\n|switch|p1b: Sneasler|Sneasler, L50, F|100/100\n|switch|p2a: Basculegion-|Pelipper, L50, F, shiny|100/100\n|switch|p2b: Iron-Valiant|Archaludon, L50, M, shiny|100/100\n|-weather|RainDance|[from] ability: Drizzle|[of] p2a: Basculegion-\n|turn|1\n|inactive|bunny31008 has 30 seconds left.\n|\n|t:|1776227348\n|switch|p1b: Hydreigon|Hydreigon, L50, M|100/100\n|detailschange|p1a: Kangaskhan|Kangaskhan-Mega, L50, F\n|-mega|p1a: Kangaskhan|Kangaskhan|Kangaskhanite\n|move|p2b: Iron-Valiant|Protect|p2b: Iron-Valiant\n|-singleturn|p2b: Iron-Valiant|Protect\n|move|p1a: Kangaskhan|Earthquake|p2b: Iron-Valiant|[spread] \n|-activate|p2b: Iron-Valiant|move: Protect\n|-immune|p1b: Hydreigon|[from] ability: Levitate\n|-immune|p2a: Basculegion-\n|move|p2a: Basculegion-|Tailwind|p2a: Basculegion-\n|-sidestart|p2: Tytywhywhy|move: Tailwind\n|\n|-weather|RainDance|[upkeep]\n|upkeep\n|turn|2\n|\n|t:|1776227374\n|move|p2a: Basculegion-|Wide Guard|p2a: Basculegion-\n|-singleturn|p2a: Basculegion-|Wide Guard\n|move|p2b: Iron-Valiant|Electro Shot||[still]\n|-prepare|p2b: Iron-Valiant|Electro Shot\n|-boost|p2b: Iron-Valiant|spa|1\n|-anim|p2b: Iron-Valiant|Electro Shot|p1a: Kangaskhan\n|-crit|p1a: Kangaskhan\n|-damage|p1a: Kangaskhan|2/100\n|move|p1a: Kangaskhan|Earthquake|p2a: Basculegion-|[spread] \n|-activate|p2a: Basculegion-|move: Wide Guard\n|-activate|p2b: Iron-Valiant|move: Wide Guard\n|-immune|p1b: Hydreigon|[from] ability: Levitate\n|move|p1b: Hydreigon|Tailwind|p1b: Hydreigon\n|-sidestart|p1: bunny31008|move: Tailwind\n|\n|-weather|RainDance|[upkeep]\n|upkeep\n|turn|3\n|inactive|bunny31008 has 30 seconds left.\n|\n|t:|1776227403\n|move|p2b: Iron-Valiant|Protect|p2b: Iron-Valiant\n|-singleturn|p2b: Iron-Valiant|Protect\n|move|p1a: Kangaskhan|Earthquake|p2a: Basculegion-|[spread] \n|-activate|p2b: Iron-Valiant|move: Protect\n|-immune|p1b: Hydreigon|[from] ability: Levitate\n|-immune|p2a: Basculegion-\n|move|p1b: Hydreigon|Draco Meteor|p2a: Basculegion-|[miss]\n|-miss|p1b: Hydreigon|p2a: Basculegion-\n|move|p2a: Basculegion-|Weather Ball|p1a: Kangaskhan\n|-damage|p1a: Kangaskhan|0 fnt\n|faint|p1a: Kangaskhan\n|\n|-weather|RainDance|[upkeep]\n|upkeep\n|inactive|bunny31008 has 30 seconds left.\n|\n|t:|1776227428\n|switch|p1a: Sneasler|Sneasler, L50, F|100/100\n|turn|4\n|\n|t:|1776227441\n|move|p1a: Sneasler|Fake Out|p2a: Basculegion-\n|-damage|p2a: Basculegion-|86/100\n|move|p1b: Hydreigon|Draco Meteor|p2b: Iron-Valiant\n|-damage|p2b: Iron-Valiant|0 fnt\n|-unboost|p1b: Hydreigon|spa|2\n|faint|p2b: Iron-Valiant\n|cant|p2a: Basculegion-|flinch\n|\n|-weather|RainDance|[upkeep]\n|-sideend|p2: Tytywhywhy|move: Tailwind\n|upkeep\n|\n|t:|1776227451\n|switch|p2b: Calyrex Shadow|Dragonite, L50, F, shiny|100/100\n|turn|5\n|\n|t:|1776227470\n|switch|p1b: Rotom|Rotom-Frost, L50|100/100\n|move|p2b: Calyrex Shadow|Protect|p2b: Calyrex Shadow\n|-singleturn|p2b: Calyrex Shadow|Protect\n|move|p1a: Sneasler|Dire Claw|p2b: Calyrex Shadow\n|-activate|p2b: Calyrex Shadow|move: Protect\n|move|p2a: Basculegion-|Tailwind|p2a: Basculegion-\n|-sidestart|p2: Tytywhywhy|move: Tailwind\n|\n|-weather|none\n|-sideend|p1: bunny31008|move: Tailwind\n|upkeep\n|turn|6\n|\n|t:|1776227494\n|detailschange|p2b: Calyrex Shadow|Dragonite-Mega, L50, F, shiny\n|-mega|p2b: Calyrex Shadow|Dragonite|Dragoninite\n|move|p2a: Basculegion-|Wide Guard|p2a: Basculegion-\n|-singleturn|p2a: Basculegion-|Wide Guard\n|move|p2b: Calyrex Shadow|Hurricane|p1a: Sneasler|[miss]\n|-miss|p2b: Calyrex Shadow|p1a: Sneasler\n|move|p1a: Sneasler|Dire Claw|p2a: Basculegion-\n|-damage|p2a: Basculegion-|41/100\n|-status|p2a: Basculegion-|par\n|move|p1b: Rotom|Blizzard|p2b: Calyrex Shadow|[spread] \n|-activate|p2a: Basculegion-|move: Wide Guard\n|-activate|p2b: Calyrex Shadow|move: Wide Guard\n|\n|upkeep\n|turn|7\n|inactive|bunny31008 has 30 seconds left.\n|\n|t:|1776227520\n|move|p2a: Basculegion-|Wide Guard|p2a: Basculegion-\n|-singleturn|p2a: Basculegion-|Wide Guard\n|move|p2b: Calyrex Shadow|Hurricane|p1a: Sneasler\n|-supereffective|p1a: Sneasler|1\n|-enditem|p1a: Sneasler|Focus Sash\n|-damage|p1a: Sneasler|1/100\n|move|p1a: Sneasler|Dire Claw|p2b: Calyrex Shadow\n|-damage|p2b: Calyrex Shadow|78/100\n|move|p1b: Rotom|Blizzard|p2b: Calyrex Shadow|[spread] \n|-activate|p2a: Basculegion-|move: Wide Guard\n|-activate|p2b: Calyrex Shadow|move: Wide Guard\n|\n|upkeep\n|turn|8\n|inactive|bunny31008 has 30 seconds left.\n|inactive|bunny31008 has 20 seconds left.\n|inactive|bunny31008 has 15 seconds left.\n|inactive|Tytywhywhy has 30 seconds left.\n|\n|t:|1776227565\n|move|p1a: Sneasler|Dire Claw|p2a: Basculegion-\n|-damage|p2a: Basculegion-|0 fnt\n|faint|p2a: Basculegion-\n|move|p2b: Calyrex Shadow|Dragon Pulse|p1a: Sneasler\n|-damage|p1a: Sneasler|0 fnt\n|faint|p1a: Sneasler\n|move|p1b: Rotom|Blizzard|p2b: Calyrex Shadow|[miss]\n|-miss|p1b: Rotom|p2b: Calyrex Shadow\n|\n|-sideend|p2: Tytywhywhy|move: Tailwind\n|upkeep\n|\n|t:|1776227577\n|switch|p1a: Hydreigon|Hydreigon, L50, M|100/100\n|switch|p2a: Ursaluna Bloodmoon|Garchomp, L50, F, shiny|100/100\n|turn|9\n|inactive|bunny31008 has 30 seconds left.\n|\n|t:|1776227603\n|move|p2a: Ursaluna Bloodmoon|Rock Slide|p1a: Hydreigon|[spread] p1a\n|-miss|p2a: Ursaluna Bloodmoon|p1b: Rotom\n|-damage|p1a: Hydreigon|79/100\n|move|p2b: Calyrex Shadow|Dragon Pulse|p1a: Hydreigon\n|-supereffective|p1a: Hydreigon|1\n|-damage|p1a: Hydreigon|0 fnt\n|faint|p1a: Hydreigon\n|move|p1b: Rotom|Blizzard|p2a: Ursaluna Bloodmoon|[spread] p2b\n|-miss|p1b: Rotom|p2a: Ursaluna Bloodmoon\n|-supereffective|p2b: Calyrex Shadow|2\n|-damage|p2b: Calyrex Shadow|0 fnt\n|faint|p2b: Calyrex Shadow\n|\n|upkeep\n|turn|10\n|\n|t:|1776227618\n|move|p2a: Ursaluna Bloodmoon|Rock Slide|p1b: Rotom\n|-supereffective|p1b: Rotom|1\n|-damage|p1b: Rotom|47/100\n|-enditem|p1b: Rotom|Sitrus Berry|[eat]\n|-heal|p1b: Rotom|72/100|[from] item: Sitrus Berry\n|cant|p1b: Rotom|flinch\n|\n|upkeep\n|turn|11\n|\n|t:|1776227626\n|move|p2a: Ursaluna Bloodmoon|Rock Slide|p1b: Rotom|[miss]\n|-miss|p2a: Ursaluna Bloodmoon|p1b: Rotom\n|move|p1b: Rotom|Blizzard|p2a: Ursaluna Bloodmoon|[miss]\n|-miss|p1b: Rotom|p2a: Ursaluna Bloodmoon\n|\n|upkeep\n|turn|12\n|\n|t:|1776227633\n|move|p2a: Ursaluna Bloodmoon|Rock Slide|p1b: Rotom\n|-supereffective|p1b: Rotom|1\n|-damage|p1b: Rotom|13/100\n|move|p1b: Rotom|Blizzard|p2a: Ursaluna Bloodmoon|[miss]\n|-miss|p1b: Rotom|p2a: Ursaluna Bloodmoon\n|\n|upkeep\n|turn|13\n|\n|t:|1776227641\n|move|p2a: Ursaluna Bloodmoon|Rock Slide|p1b: Rotom\n|-supereffective|p1b: Rotom|1\n|-damage|p1b: Rotom|0 fnt\n|faint|p1b: Rotom\n|\n|win|Tytywhywhy\n|raw|bunny31008's rating: 1220 &rarr; <strong>1189</strong><br />(-31 for losing)\n|raw|Tytywhywhy's rating: 1133 &rarr; <strong>1164</strong><br />(+31 for winning)\n|c|\u2606Tytywhywhy|oh ma gawd\n|c|\u2606bunny31008|Bro\n|c|\u2606Tytywhywhy|illigal luck\n|c|\u2606bunny31008|;-;\n|c|\u2606Tytywhywhy|I'ma save this\n|c|\u2606bunny31008|;-;\n|c|\u2606bunny31008|U can save a game ?\n|c|\u2606Tytywhywhy|generational luck\n|c|\u2606Tytywhywhy|used\n|l|\u2606Tytywhywhy\n|player|p2|\n|l|\u2606bunny31008\n|player|p1|\n|j|\u2606Tytywhywhy\n|player|p2|Tytywhywhy|gambler|\n",
  "uploadtime": 1776227774,
  "views": 24,
  "formatid": "gen9championsvgc2026regma",
  "rating": 1164,
  "private": 0,
  "password": null
}