{
  "id": "gen9championsvgc2026regma-2582668999",
  "format": "[Gen 9 Champions] VGC 2026 Reg M-A",
  "players": [
    "PyroCinAltar",
    "neohuehue"
  ],
  "log": "|j|\u2606PyroCinAltar\n|j|\u2606neohuehue\n|t:|1776106138\n|gametype|doubles\n|player|p1|PyroCinAltar|nate|1062\n|player|p2|neohuehue|cynthia|1000\n|gen|9\n|tier|[Gen 9 Champions] VGC 2026 Reg M-A\n|rated|\n|rule|Species Clause: Limit one of each Pok\u00e9mon\n|rule|Item Clause: Limit 1 of each item\n|clearpoke\n|poke|p1|Politoed, L50, M|\n|poke|p1|Gengar, L50, F|\n|poke|p1|Archaludon, L50, M|\n|poke|p1|Dragonite, L50, M|\n|poke|p1|Meganium, L50, F|\n|poke|p1|Sneasler, L50, F|\n|poke|p2|Garchomp, L50, F|\n|poke|p2|Orthworm, L50, M|\n|poke|p2|Talonflame, L50, M|\n|poke|p2|Incineroar, L50, M|\n|poke|p2|Gardevoir, L50, F|\n|poke|p2|Froslass, L50, F|\n|teampreview|4\n|inactive|Battle timer is ON: inactive players will automatically lose when time's up. (requested by PyroCinAltar)\n|inactive|neohuehue has 60 seconds left.\n|\n|t:|1776106172\n|teamsize|p1|4\n|teamsize|p2|4\n|start\n|switch|p1a: Bridge|Archaludon, L50, M|100/100\n|switch|p1b: Sneasler|Sneasler, L50, F|100/100\n|switch|p2a: Incineroar|Incineroar, L50, M|100/100\n|switch|p2b: Gardevoir|Gardevoir, L50, F|100/100\n|-ability|p2a: Incineroar|Intimidate|boost\n|-unboost|p1a: Bridge|atk|1\n|-unboost|p1b: Sneasler|atk|1\n|turn|1\n|\n|t:|1776106195\n|move|p1b: Sneasler|Fake Out|p2b: Gardevoir\n|-damage|p2b: Gardevoir|85/100\n|cant|p2b: Gardevoir|flinch\n|move|p1a: Bridge|Flash Cannon|p2b: Gardevoir\n|-supereffective|p2b: Gardevoir|1\n|-damage|p2b: Gardevoir|2/100\n|move|p2a: Incineroar|Flare Blitz|p1a: Bridge\n|-damage|p1a: Bridge|58/100\n|-ability|p1a: Bridge|Stamina|boost\n|-boost|p1a: Bridge|def|1\n|-damage|p2a: Incineroar|86/100|[from] Recoil\n|\n|-heal|p2b: Gardevoir|8/100|[from] item: Leftovers\n|upkeep\n|turn|2\n|inactive|PyroCinAltar has 30 seconds left.\n|inactive|neohuehue has 30 seconds left.\n|inactive|PyroCinAltar has 20 seconds left.\n|\n|t:|1776106235\n|switch|p2b: Froslass|Froslass, L50, F|100/100\n|move|p1b: Sneasler|Dire Claw|p2b: Froslass\n|-resisted|p2b: Froslass|1\n|-damage|p2b: Froslass|78/100\n|-status|p2b: Froslass|slp\n|move|p1a: Bridge|Draco Meteor|p2a: Incineroar\n|-damage|p2a: Incineroar|40/100\n|-unboost|p1a: Bridge|spa|2\n|-heal|p1a: Bridge|63/100|[from] item: Shell Bell|[of] p2a: Incineroar\n|move|p2a: Incineroar|Parting Shot|p1a: Bridge\n|-unboost|p1a: Bridge|atk|1\n|-unboost|p1a: Bridge|spa|1\n|\n|t:|1776106257\n|switch|p2a: Orthworm|Orthworm, L50, M|100/100|[from] Parting Shot\n|\n|upkeep\n|turn|3\n|\n|t:|1776106281\n|switch|p1b: Silly Frog|Politoed, L50, M|100/100\n|-weather|RainDance|[from] ability: Drizzle|[of] p1b: Silly Frog\n|switch|p2b: Gardevoir|Gardevoir, L50, F|8/100\n|move|p1a: Bridge|Electro Shot||[still]\n|-prepare|p1a: Bridge|Electro Shot\n|-boost|p1a: Bridge|spa|1\n|-anim|p1a: Bridge|Electro Shot|p2a: Orthworm\n|-damage|p2a: Orthworm|69/100\n|-heal|p1a: Bridge|66/100|[from] item: Shell Bell|[of] p2a: Orthworm\n|move|p2a: Orthworm|Body Press|p1a: Bridge\n|-supereffective|p1a: Bridge|1\n|-damage|p1a: Bridge|35/100\n|-ability|p1a: Bridge|Stamina|boost\n|-boost|p1a: Bridge|def|1\n|\n|-weather|RainDance|[upkeep]\n|-heal|p2b: Gardevoir|14/100|[from] item: Leftovers\n|upkeep\n|turn|4\n|inactive|neohuehue has 30 seconds left.\n|\n|t:|1776106316\n|switch|p1a: Sneasler|Sneasler, L50, F|100/100\n|move|p2b: Gardevoir|Mystical Fire|p1a: Sneasler\n|-damage|p1a: Sneasler|82/100\n|-unboost|p1a: Sneasler|spa|1\n|move|p1b: Silly Frog|Weather Ball|p2b: Gardevoir\n|-damage|p2b: Gardevoir|0 fnt\n|faint|p2b: Gardevoir\n|move|p2a: Orthworm|Body Press|p1a: Sneasler\n|-resisted|p1a: Sneasler|1\n|-damage|p1a: Sneasler|55/100\n|\n|-weather|RainDance|[upkeep]\n|upkeep\n|\n|t:|1776106334\n|switch|p2b: Incineroar|Incineroar, L50, M|40/100\n|-ability|p2b: Incineroar|Intimidate|boost\n|-unboost|p1a: Sneasler|atk|1\n|-unboost|p1b: Silly Frog|atk|1\n|turn|5\n|\n|t:|1776106345\n|move|p1a: Sneasler|Fake Out|p2b: Incineroar\n|-damage|p2b: Incineroar|31/100\n|cant|p2b: Incineroar|flinch\n|move|p1b: Silly Frog|Weather Ball|p2a: Orthworm\n|-damage|p2a: Orthworm|0 fnt\n|faint|p2a: Orthworm\n|\n|-weather|RainDance|[upkeep]\n|upkeep\n|\n|t:|1776106356\n|switch|p2a: Froslass|Froslass, L50, F|78/100 slp\n|turn|6\n|\n|t:|1776106375\n|move|p1a: Sneasler|Close Combat|p2b: Incineroar\n|-supereffective|p2b: Incineroar|1\n|-damage|p2b: Incineroar|0 fnt\n|-unboost|p1a: Sneasler|def|1\n|-unboost|p1a: Sneasler|spd|1\n|faint|p2b: Incineroar\n|cant|p2a: Froslass|slp\n|move|p1b: Silly Frog|Perish Song|p1b: Silly Frog\n|-start|p1a: Sneasler|perish3|[silent]\n|-start|p1b: Silly Frog|perish3|[silent]\n|-start|p2a: Froslass|perish3|[silent]\n|-fieldactivate|move: Perish Song\n|\n|-weather|RainDance|[upkeep]\n|-start|p1a: Sneasler|perish3\n|-start|p2a: Froslass|perish3\n|-start|p1b: Silly Frog|perish3\n|upkeep\n|turn|7\n|\n|t:|1776106392\n|detailschange|p2a: Froslass|Froslass-Mega, L50, F\n|-mega|p2a: Froslass|Froslass|Froslassite\n|-weather|Snowscape|[from] ability: Snow Warning|[of] p2a: Froslass\n|move|p1a: Sneasler|Dire Claw|p2a: Froslass\n|-resisted|p2a: Froslass|1\n|-damage|p2a: Froslass|63/100 slp\n|cant|p2a: Froslass|slp\n|move|p1b: Silly Frog|Weather Ball|p2a: Froslass\n|-resisted|p2a: Froslass|1\n|-damage|p2a: Froslass|50/100 slp\n|\n|-weather|Snowscape|[upkeep]\n|-start|p1a: Sneasler|perish2\n|-start|p2a: Froslass|perish2\n|-start|p1b: Silly Frog|perish2\n|upkeep\n|turn|8\n|\n|t:|1776106411\n|switch|p1b: Bridge|Archaludon, L50, M|35/100\n|move|p1a: Sneasler|Protect|p1a: Sneasler\n|-singleturn|p1a: Sneasler|Protect\n|-curestatus|p2a: Froslass|slp|[msg]\n|move|p2a: Froslass|Destiny Bond|p2a: Froslass\n|-singlemove|p2a: Froslass|Destiny Bond\n|\n|-weather|Snowscape|[upkeep]\n|-start|p1a: Sneasler|perish1\n|-start|p2a: Froslass|perish1\n|upkeep\n|turn|9\n|\n|t:|1776106424\n|switch|p1a: Silly Frog|Politoed, L50, M|100/100\n|-weather|RainDance|[from] ability: Drizzle|[of] p1a: Silly Frog\n|move|p1b: Bridge|Protect|p1b: Bridge\n|-singleturn|p1b: Bridge|Protect\n|move|p2a: Froslass|Blizzard|p1a: Silly Frog|[spread] p1a\n|-activate|p1b: Bridge|move: Protect\n|-resisted|p1a: Silly Frog|1\n|-damage|p1a: Silly Frog|82/100\n|\n|-weather|RainDance|[upkeep]\n|-heal|p1a: Silly Frog|88/100|[from] item: Leftovers\n|-start|p2a: Froslass|perish0\n|faint|p2a: Froslass\n|\n|win|PyroCinAltar\n|raw|PyroCinAltar's rating: 1062 &rarr; <strong>1087</strong><br />(+25 for winning)\n|raw|neohuehue's rating: 1000 &rarr; <strong>1000</strong><br />(+0 for losing)\n|c|\u2606PyroCinAltar|gg\n|l|\u2606neohuehue\n|player|p2|\n",
  "uploadtime": 1776106442,
  "views": 12,
  "formatid": "gen9championsvgc2026regma",
  "rating": 1000,
  "private": 0,
  "password": null
}