{
  "id": "gen9championsvgc2026regma-2584087723",
  "format": "[Gen 9 Champions] VGC 2026 Reg M-A",
  "players": [
    "levraimax",
    "colfox"
  ],
  "log": "|j|\u2606levraimax\n|j|\u203dcolfox\n|t:|1776223832\n|gametype|doubles\n|player|p1|levraimax|266|1103\n|player|p2|colfox|169|1147\n|gen|9\n|tier|[Gen 9 Champions] VGC 2026 Reg M-A\n|rated|\n|rule|Species Clause: Limit one of each Pok\u00e9mon\n|rule|Item Clause: Limit 1 of each item\n|clearpoke\n|poke|p1|Garchomp, L50, F|\n|poke|p1|Sinistcha, L50|\n|poke|p1|Floette-Eternal, L50, F|\n|poke|p1|Basculegion, L50, M|\n|poke|p1|Sylveon, L50, F|\n|poke|p1|Talonflame, L50, M|\n|poke|p2|Sylveon, L50, F|\n|poke|p2|Garchomp, L50, M|\n|poke|p2|Milotic, L50, F|\n|poke|p2|Ninetales, L50, M|\n|poke|p2|Raichu, L50, M|\n|poke|p2|Scizor, L50, F|\n|teampreview|4\n|inactive|Battle timer is ON: inactive players will automatically lose when time's up. (requested by levraimax)\n|inactive|colfox has 60 seconds left.\n|\n|t:|1776223878\n|teamsize|p1|4\n|teamsize|p2|4\n|start\n|switch|p1a: Floette|Floette-Eternal, L50, F|100/100\n|switch|p1b: Talonflame|Talonflame, L50, M|100/100\n|switch|p2a: Raichu|Raichu, L50, M|100/100\n|switch|p2b: Garchomp|Garchomp, L50, M|100/100\n|turn|1\n|\n|t:|1776223896\n|move|p1b: Talonflame|Protect|p1b: Talonflame\n|-singleturn|p1b: Talonflame|Protect\n|move|p1a: Floette|Protect|p1a: Floette\n|-singleturn|p1a: Floette|Protect\n|move|p2a: Raichu|Fake Out|p1b: Talonflame\n|-activate|p1b: Talonflame|move: Protect\n|move|p2b: Garchomp|Rock Slide|p1b: Talonflame|[spread] \n|-activate|p1a: Floette|move: Protect\n|-activate|p1b: Talonflame|move: Protect\n|\n|upkeep\n|turn|2\n|inactive|colfox has 30 seconds left.\n|\n|t:|1776223922\n|detailschange|p1a: Floette|Floette-Mega, L50, F\n|-mega|p1a: Floette|Floette|Floettite\n|-ability|p1a: Floette|Fairy Aura\n|move|p2b: Garchomp|Protect|p2b: Garchomp\n|-singleturn|p2b: Garchomp|Protect\n|move|p1b: Talonflame|Tailwind|p1b: Talonflame\n|-sidestart|p1: levraimax|move: Tailwind\n|move|p1a: Floette|Dazzling Gleam|p2b: Garchomp|[spread] p2a\n|-activate|p2b: Garchomp|move: Protect\n|-damage|p2a: Raichu|16/100\n|move|p2a: Raichu|Volt Switch|p1b: Talonflame\n|-supereffective|p1b: Talonflame|1\n|-crit|p1b: Talonflame\n|-damage|p1b: Talonflame|0 fnt\n|faint|p1b: Talonflame\n|\n|t:|1776223939\n|switch|p2a: Scizor|Scizor, L50, F|100/100|[from] Volt Switch\n|\n|upkeep\n|\n|t:|1776223946\n|switch|p1b: Basculegion|Basculegion, L50, M|100/100\n|turn|3\n|\n|t:|1776223958\n|switch|p2b: Sylveon|Sylveon, L50, F|100/100\n|detailschange|p2a: Scizor|Scizor-Mega, L50, F\n|-mega|p2a: Scizor|Scizor|Scizorite\n|move|p2a: Scizor|Bullet Punch|p1b: Basculegion\n|-resisted|p1b: Basculegion|1\n|-damage|p1b: Basculegion|76/100\n|move|p1b: Basculegion|Last Respects|p2a: Scizor\n|-damage|p2a: Scizor|59/100\n|move|p1a: Floette|Dazzling Gleam|p2b: Sylveon|[spread] p2a,p2b\n|-resisted|p2a: Scizor|1\n|-damage|p2a: Scizor|31/100\n|-damage|p2b: Sylveon|65/100\n|\n|upkeep\n|turn|4\n|\n|t:|1776223977\n|move|p2a: Scizor|Bullet Punch|p1a: Floette\n|-supereffective|p1a: Floette|1\n|-damage|p1a: Floette|8/100\n|move|p1b: Basculegion|Last Respects|p2a: Scizor\n|-damage|p2a: Scizor|0 fnt\n|faint|p2a: Scizor\n|move|p1a: Floette|Calm Mind|p1a: Floette\n|-boost|p1a: Floette|spa|1\n|-boost|p1a: Floette|spd|1\n|move|p2b: Sylveon|Hyper Voice|p1b: Basculegion|[spread] p1a,p1b\n|-damage|p1a: Floette|0 fnt\n|-damage|p1b: Basculegion|7/100\n|faint|p1a: Floette\n|\n|upkeep\n|\n|t:|1776223996\n|switch|p1a: Garchomp|Garchomp, L50, F|100/100\n|switch|p2a: Raichu|Raichu, L50, M|16/100\n|turn|5\n|\n|t:|1776224004\n|move|p2a: Raichu|Fake Out|p1a: Garchomp\n|-damage|p1a: Garchomp|92/100\n|-damage|p2a: Raichu|4/100|[from] ability: Rough Skin|[of] p1a: Garchomp\n|move|p1b: Basculegion|Last Respects|p2b: Sylveon\n|-damage|p2b: Sylveon|0 fnt\n|faint|p2b: Sylveon\n|cant|p1a: Garchomp|flinch\n|\n|-sideend|p1: levraimax|move: Tailwind\n|upkeep\n|\n|t:|1776224015\n|switch|p2b: Garchomp|Garchomp, L50, M|100/100\n|turn|6\n|\n|t:|1776224035\n|move|p1b: Basculegion|Last Respects|p2b: Garchomp\n|-damage|p2b: Garchomp|17/100\n|move|p2a: Raichu|Thunderbolt|p1b: Basculegion\n|-supereffective|p1b: Basculegion|1\n|-damage|p1b: Basculegion|0 fnt\n|faint|p1b: Basculegion\n|move|p2b: Garchomp|Dragon Claw|p1a: Garchomp\n|-supereffective|p1a: Garchomp|1\n|-damage|p1a: Garchomp|13/100\n|-damage|p2b: Garchomp|5/100|[from] ability: Rough Skin|[of] p1a: Garchomp\n|move|p1a: Garchomp|Earthquake|p2a: Raichu|[spread] p2a,p2b\n|-supereffective|p2a: Raichu|1\n|-damage|p2a: Raichu|0 fnt\n|-damage|p2b: Garchomp|0 fnt\n|faint|p2a: Raichu\n|faint|p2b: Garchomp\n|\n|win|levraimax\n|raw|levraimax's rating: 1103 &rarr; <strong>1131</strong><br />(+28 for winning)\n|raw|colfox's rating: 1147 &rarr; <strong>1119</strong><br />(-28 for losing)\n|l|\u2606levraimax\n|player|p1|\n",
  "uploadtime": 1776224097,
  "views": 48,
  "formatid": "gen9championsvgc2026regma",
  "rating": 1119,
  "private": 0,
  "password": null
}