{
  "id": "gen9championsvgc2026regma-2584172860",
  "format": "[Gen 9 Champions] VGC 2026 Reg M-A",
  "players": [
    "Ramona Te amo",
    "lucio m"
  ],
  "log": "|j|\u2606Ramona Te amo\n|j|\u2606lucio m\n|t:|1776234082\n|gametype|doubles\n|player|p1|Ramona Te amo|1|1244\n|player|p2|lucio m|2|1318\n|gen|9\n|tier|[Gen 9 Champions] VGC 2026 Reg M-A\n|rated|\n|rule|Species Clause: Limit one of each Pok\u00e9mon\n|rule|Item Clause: Limit 1 of each item\n|clearpoke\n|poke|p1|Blastoise, L50, M|\n|poke|p1|Pelipper, L50, F|\n|poke|p1|Sinistcha, L50|\n|poke|p1|Sneasler, L50, F|\n|poke|p1|Garchomp, L50, F|\n|poke|p1|Kingambit, L50, M|\n|poke|p2|Charizard, L50, F|\n|poke|p2|Meganium, L50, M|\n|poke|p2|Raichu, L50, M|\n|poke|p2|Corviknight, L50, F|\n|poke|p2|Garchomp, L50, M|\n|poke|p2|Gengar, L50, M|\n|teampreview|4\n|inactive|Battle timer is ON: inactive players will automatically lose when time's up. (requested by Ramona Te amo)\n|\n|t:|1776234134\n|teamsize|p1|4\n|teamsize|p2|4\n|start\n|switch|p1a: Garchomp|Garchomp, L50, F|100/100\n|switch|p1b: Pelipper|Pelipper, L50, F|100/100\n|switch|p2a: Raichu|Raichu, L50, M|100/100\n|switch|p2b: Corviknight|Corviknight, L50, F|100/100\n|-weather|RainDance|[from] ability: Drizzle|[of] p1b: Pelipper\n|turn|1\n|inactive|Ramona Te amo has 30 seconds left.\n|inactive|Ramona Te amo has 20 seconds left.\n|inactive|Ramona Te amo has 15 seconds left.\n|inactive|Ramona Te amo has 10 seconds left.\n|inactive|Ramona Te amo has 5 seconds left.\n|\n|t:|1776234185\n|move|p2a: Raichu|Fake Out|p1a: Garchomp\n|-damage|p1a: Garchomp|92/100\n|-damage|p2a: Raichu|89/100|[from] ability: Rough Skin|[of] p1a: Garchomp\n|move|p1b: Pelipper|U-turn|p2a: Raichu\n|-damage|p2a: Raichu|68/100\n|\n|t:|1776234193\n|switch|p1b: Blastoise|Blastoise, L50, M|100/100|[from] U-turn\n|cant|p1a: Garchomp|flinch\n|move|p2b: Corviknight|Tailwind|p2b: Corviknight\n|-sidestart|p2: lucio m|move: Tailwind\n|\n|-weather|RainDance|[upkeep]\n|upkeep\n|turn|2\n|\n|t:|1776234217\n|move|p1b: Blastoise|Protect|p1b: Blastoise\n|-singleturn|p1b: Blastoise|Protect\n|move|p2a: Raichu|Thunderbolt|p1b: Blastoise\n|-activate|p1b: Blastoise|move: Protect\n|move|p2b: Corviknight|Iron Defense|p2b: Corviknight\n|-boost|p2b: Corviknight|def|2\n|move|p1a: Garchomp|Earthquake|p2b: Corviknight|[spread] p2a\n|-activate|p1b: Blastoise|move: Protect\n|-immune|p2b: Corviknight\n|-supereffective|p2a: Raichu|1\n|-damage|p2a: Raichu|0 fnt\n|faint|p2a: Raichu\n|\n|-weather|RainDance|[upkeep]\n|upkeep\n|\n|t:|1776234225\n|switch|p2a: Meganium|Meganium, L50, M|100/100\n|turn|3\n|inactive|Ramona Te amo has 30 seconds left.\n|\n|t:|1776234258\n|switch|p1a: Sneasler|Sneasler, L50, F|100/100\n|switch|p1b: Pelipper|Pelipper, L50, F|100/100\n|detailschange|p2a: Meganium|Meganium-Mega, L50, M\n|-mega|p2a: Meganium|Meganium|Meganiumite\n|move|p2a: Meganium|Dazzling Gleam|p1a: Sneasler|[spread] p1a,p1b\n|-damage|p1a: Sneasler|50/100\n|-damage|p1b: Pelipper|32/100\n|move|p2b: Corviknight|Body Press|p1a: Sneasler\n|-resisted|p1a: Sneasler|1\n|-damage|p1a: Sneasler|10/100\n|\n|-weather|RainDance|[upkeep]\n|upkeep\n|turn|4\n|\n|t:|1776234280\n|move|p1a: Sneasler|Protect|p1a: Sneasler\n|-singleturn|p1a: Sneasler|Protect\n|move|p2a: Meganium|Dazzling Gleam|p1a: Sneasler|[spread] p1b\n|-activate|p1a: Sneasler|move: Protect\n|-damage|p1b: Pelipper|0 fnt\n|faint|p1b: Pelipper\n|move|p2b: Corviknight|Body Press|p1a: Sneasler\n|-activate|p1a: Sneasler|move: Protect\n|\n|-weather|RainDance|[upkeep]\n|-sideend|p2: lucio m|move: Tailwind\n|upkeep\n|\n|t:|1776234292\n|switch|p1b: Blastoise|Blastoise, L50, M|100/100\n|turn|5\n|\n|t:|1776234306\n|detailschange|p1b: Blastoise|Blastoise-Mega, L50, M\n|-mega|p1b: Blastoise|Blastoise|Blastoisinite\n|move|p2a: Meganium|Protect|p2a: Meganium\n|-singleturn|p2a: Meganium|Protect\n|move|p1a: Sneasler|Dire Claw|p2a: Meganium\n|-activate|p2a: Meganium|move: Protect\n|move|p1b: Blastoise|Water Spout|p2a: Meganium|[spread] p2b\n|-activate|p2a: Meganium|move: Protect\n|-damage|p2b: Corviknight|14/100\n|move|p2b: Corviknight|Tailwind|p2b: Corviknight\n|-sidestart|p2: lucio m|move: Tailwind\n|\n|-weather|none\n|-heal|p2b: Corviknight|20/100|[from] item: Leftovers\n|upkeep\n|turn|6\n|\n|t:|1776234329\n|move|p1a: Sneasler|Protect|p1a: Sneasler\n|-singleturn|p1a: Sneasler|Protect\n|move|p2a: Meganium|Solar Beam||[still]\n|-prepare|p2a: Meganium|Solar Beam\n|-activate|p2a: Meganium|ability: Mega Sol\n|-anim|p2a: Meganium|Solar Beam|p1b: Blastoise\n|-supereffective|p1b: Blastoise|1\n|-damage|p1b: Blastoise|0 fnt\n|faint|p1b: Blastoise\n|move|p2b: Corviknight|Body Press|p1a: Sneasler\n|-activate|p1a: Sneasler|move: Protect\n|\n|-heal|p2b: Corviknight|26/100|[from] item: Leftovers\n|upkeep\n|\n|t:|1776234334\n|switch|p1b: Garchomp|Garchomp, L50, F|92/100\n|turn|7\n|-message|Ramona Te amo forfeited.\n|\n|win|lucio m\n|raw|Ramona Te amo's rating: 1244 &rarr; <strong>1224</strong><br />(-20 for losing)\n|raw|lucio m's rating: 1318 &rarr; <strong>1334</strong><br />(+16 for winning)\n|l|\u2606Ramona Te amo\n|player|p1|\n",
  "uploadtime": 1776234342,
  "views": 25,
  "formatid": "gen9championsvgc2026regma",
  "rating": 1224,
  "private": 0,
  "password": null
}