{
  "id": "gen9championsvgc2026regma-2580596861",
  "format": "[Gen 9 Champions] VGC 2026 Reg M-A",
  "players": [
    "qweralt",
    "BeAFamilyMan"
  ],
  "log": "|j|\u2606qweralt\n|j|\u2606BeAFamilyMan\n|t:|1775916593\n|gametype|doubles\n|player|p1|qweralt|brycenman|1022\n|player|p2|BeAFamilyMan|ltsurge|1017\n|gen|9\n|tier|[Gen 9 Champions] VGC 2026 Reg M-A\n|rated|\n|rule|Species Clause: Limit one of each Pok\u00e9mon\n|rule|Item Clause: Limit 1 of each item\n|clearpoke\n|poke|p1|Hawlucha, L50, F|\n|poke|p1|Excadrill, L50, F|\n|poke|p1|Dragapult, L50, F|\n|poke|p1|Hippowdon, L50, M|\n|poke|p1|Sinistcha-Masterpiece, L50|\n|poke|p1|Torkoal, L50, M|\n|poke|p2|Incineroar, L50, F|\n|poke|p2|Gengar, L50, M|\n|poke|p2|Sinistcha, L50|\n|poke|p2|Kingambit, L50, F|\n|poke|p2|Tyranitar, L50, F|\n|poke|p2|Kommo-o, L50, F|\n|teampreview|4\nqweralt has agreed to open team sheets.\n|inactive|Battle timer is ON: inactive players will automatically lose when time's up. (requested by qweralt)\n|\n|t:|1775916659\n|teamsize|p1|4\n|teamsize|p2|4\n|start\n|switch|p1a: Hawlucha|Hawlucha, L50, F|100/100\n|switch|p1b: Excadrill|Excadrill, L50, F|100/100\n|switch|p2a: Tyranitar|Tyranitar, L50, F|100/100\n|switch|p2b: Incineroar|Incineroar, L50, F|100/100\n|-weather|Sandstorm|[from] ability: Sand Stream|[of] p2a: Tyranitar\n|-ability|p2b: Incineroar|Intimidate|boost\n|-unboost|p1a: Hawlucha|atk|1\n|-unboost|p1b: Excadrill|atk|1\n|turn|1\n|inactive|qweralt has 30 seconds left.\n|inactive|BeAFamilyMan has 30 seconds left.\n|inactive|qweralt has 20 seconds left.\n|inactive|BeAFamilyMan has 20 seconds left.\n|\n|t:|1775916697\n|detailschange|p1a: Hawlucha|Hawlucha-Mega, L50, F\n|-mega|p1a: Hawlucha|Hawlucha|Hawluchanite\n|move|p1a: Hawlucha|Protect|p1a: Hawlucha\n|-singleturn|p1a: Hawlucha|Protect\n|move|p2b: Incineroar|Fake Out|p1a: Hawlucha\n|-activate|p1a: Hawlucha|move: Protect\n|move|p1b: Excadrill|High Horsepower|p2b: Incineroar\n|-supereffective|p2b: Incineroar|1\n|-enditem|p2b: Incineroar|Shuca Berry|[eat]\n|-enditem|p2b: Incineroar|Shuca Berry|[weaken]\n|-damage|p2b: Incineroar|68/100\n|move|p2a: Tyranitar|Low Kick|p1b: Excadrill\n|-supereffective|p1b: Excadrill|1\n|-damage|p1b: Excadrill|37/100\n|-enditem|p1b: Excadrill|Sitrus Berry|[eat]\n|-heal|p1b: Excadrill|62/100|[from] item: Sitrus Berry\n|\n|-weather|Sandstorm|[upkeep]\n|-damage|p1a: Hawlucha|95/100|[from] Sandstorm\n|-damage|p2b: Incineroar|62/100|[from] Sandstorm\n|upkeep\n|turn|2\n|inactive|BeAFamilyMan has 30 seconds left.\n|inactive|BeAFamilyMan has 20 seconds left.\n|inactive|BeAFamilyMan has 15 seconds left.\n|inactive|BeAFamilyMan has 10 seconds left.\n|\n|t:|1775916744\n|move|p1b: Excadrill|High Horsepower|p2b: Incineroar|[miss]\n|-miss|p1b: Excadrill|p2b: Incineroar\n|move|p1a: Hawlucha|Cross Chop|p2a: Tyranitar\n|-supereffective|p2a: Tyranitar|2\n|-damage|p2a: Tyranitar|0 fnt\n|faint|p2a: Tyranitar\n|move|p2b: Incineroar|Throat Chop|p1b: Excadrill\n|-damage|p1b: Excadrill|17/100\n|-start|p1b: Excadrill|Throat Chop|[silent]\n|\n|-weather|Sandstorm|[upkeep]\n|-damage|p1a: Hawlucha|89/100|[from] Sandstorm\n|-damage|p2b: Incineroar|56/100|[from] Sandstorm\n|upkeep\n|\n|t:|1775916757\n|switch|p2a: Sinistcha|Sinistcha, L50|100/100\n|-heal|p2b: Incineroar|81/100|[from] ability: Hospitality|[of] p2a: Sinistcha\n|turn|3\n|\n|t:|1775916770\n|move|p1b: Excadrill|Horn Drill|p2b: Incineroar\n|-damage|p2b: Incineroar|0 fnt\n|faint|p2b: Incineroar\n|-ohko\n|move|p1a: Hawlucha|Entrainment|p1b: Excadrill\n|-ability|p1b: Excadrill|No Guard|Sand Rush|[from] move: Entrainment|[of] p1a: Hawlucha\n|move|p2a: Sinistcha|Matcha Gotcha|p1a: Hawlucha|[spread] p1a,p1b\n|-resisted|p1a: Hawlucha|1\n|-damage|p1a: Hawlucha|75/100\n|-damage|p1b: Excadrill|0 fnt\n|faint|p1b: Excadrill\n|\n|-weather|Sandstorm|[upkeep]\n|-damage|p1a: Hawlucha|70/100|[from] Sandstorm\n|-damage|p2a: Sinistcha|94/100|[from] Sandstorm\n|upkeep\n|\n|t:|1775916787\n|switch|p1b: Torkoal|Torkoal, L50, M|100/100\n|switch|p2b: Gengar|Gengar, L50, M|100/100\n|-weather|SunnyDay|[from] ability: Drought|[of] p1b: Torkoal\n|turn|4\n|inactive|BeAFamilyMan has 30 seconds left.\n|\n|t:|1775916814\n|detailschange|p2b: Gengar|Gengar-Mega, L50, M\n|-mega|p2b: Gengar|Gengar|Gengarite\n|move|p2a: Sinistcha|Protect|p2a: Sinistcha\n|-singleturn|p2a: Sinistcha|Protect\n|move|p2b: Gengar|Shadow Ball|p1b: Torkoal\n|-damage|p1b: Torkoal|46/100\n|-unboost|p1b: Torkoal|spd|1\n|move|p1a: Hawlucha|Brave Bird|p2b: Gengar\n|-damage|p2b: Gengar|53/100\n|-damage|p1a: Hawlucha|55/100|[from] Recoil\n|move|p1b: Torkoal|Heat Wave|p2b: Gengar|[spread] p2b\n|-activate|p2a: Sinistcha|move: Protect\n|-damage|p2b: Gengar|0 fnt\n|faint|p2b: Gengar\n|\n|-weather|SunnyDay|[upkeep]\n|upkeep\n|turn|5\n|\n|t:|1775916833\n|move|p1a: Hawlucha|Brave Bird|p2a: Sinistcha\n|-supereffective|p2a: Sinistcha|1\n|-damage|p2a: Sinistcha|26/100\n|-enditem|p2a: Sinistcha|Sitrus Berry|[eat]\n|-heal|p2a: Sinistcha|51/100|[from] item: Sitrus Berry\n|-damage|p1a: Hawlucha|32/100|[from] Recoil\n|move|p2a: Sinistcha|Matcha Gotcha|p1b: Torkoal|[spread] p1a,p1b\n|-resisted|p1a: Hawlucha|1\n|-resisted|p1b: Torkoal|1\n|-damage|p1a: Hawlucha|18/100\n|-heal|p2a: Sinistcha|58/100|[from] drain|[of] p1a: Hawlucha\n|-damage|p1b: Torkoal|22/100\n|-heal|p2a: Sinistcha|70/100|[from] drain|[of] p1b: Torkoal\n|move|p1b: Torkoal|Heat Wave|p2a: Sinistcha\n|-supereffective|p2a: Sinistcha|1\n|-damage|p2a: Sinistcha|0 fnt\n|faint|p2a: Sinistcha\n|\n|win|qweralt\n|raw|qweralt's rating: 1022 &rarr; <strong>1058</strong><br />(+36 for winning)\n|raw|BeAFamilyMan's rating: 1017 &rarr; <strong>1005</strong><br />(-12 for losing)\n|l|\u2606BeAFamilyMan\n|player|p2|\n",
  "uploadtime": 1775916848,
  "views": 32,
  "formatid": "gen9championsvgc2026regma",
  "rating": 1005,
  "private": 0,
  "password": null
}