{
  "id": "gen9championsvgc2026regma-2581251141",
  "format": "[Gen 9 Champions] VGC 2026 Reg M-A",
  "players": [
    "aethrx",
    "maxd08"
  ],
  "log": "|j|\u2606aethrx\n|j|\u2606maxd08\n|t:|1775976439\n|gametype|doubles\n|player|p1|aethrx|169|1196\n|player|p2|maxd08|skierf|1141\n|gen|9\n|tier|[Gen 9 Champions] VGC 2026 Reg M-A\n|rated|\n|rule|Species Clause: Limit one of each Pok\u00e9mon\n|rule|Item Clause: Limit 1 of each item\n|clearpoke\n|poke|p1|Dragapult, L50, F|\n|poke|p1|Delphox, L50, M|\n|poke|p1|Whimsicott, L50, M|\n|poke|p1|Garchomp, L50, M|\n|poke|p1|Sneasler, L50, M|\n|poke|p1|Rotom-Wash, L50|\n|poke|p2|Meganium, L50, F|\n|poke|p2|Aegislash, L50, M|\n|poke|p2|Pelipper, L50, M|\n|poke|p2|Torkoal, L50, F|\n|poke|p2|Farigiraf, L50, M|\n|poke|p2|Archaludon, L50, M|\n|teampreview|4\n|\n|t:|1775976472\n|teamsize|p1|4\n|teamsize|p2|4\n|start\n|switch|p1a: Delphox|Delphox, L50, M|100/100\n|switch|p1b: Whimsicott|Whimsicott, L50, M|100/100\n|switch|p2a: Meganium|Meganium, L50, F|100/100\n|switch|p2b: Farigiraf|Farigiraf, L50, M|100/100\n|turn|1\n|\n|t:|1775976498\n|detailschange|p1a: Delphox|Delphox-Mega, L50, M\n|-mega|p1a: Delphox|Delphox|Delphoxite\n|move|p2a: Meganium|Protect|p2a: Meganium\n|-singleturn|p2a: Meganium|Protect\n|move|p1b: Whimsicott|Sunny Day|p1b: Whimsicott\n|-weather|SunnyDay\n|move|p1a: Delphox|Flamethrower|p2b: Farigiraf\n|-damage|p2b: Farigiraf|23/100\n|move|p2b: Farigiraf|Trick Room|p2b: Farigiraf\n|-fieldstart|move: Trick Room|[of] p2b: Farigiraf\n|\n|-weather|SunnyDay|[upkeep]\n|upkeep\n|turn|2\n|\n|t:|1775976521\n|detailschange|p2a: Meganium|Meganium-Mega, L50, F\n|-mega|p2a: Meganium|Meganium|Meganiumite\n|move|p1a: Delphox|Protect|p1a: Delphox\n|-singleturn|p1a: Delphox|Protect\n|move|p2b: Farigiraf|Thunderbolt|p1a: Delphox\n|-activate|p1a: Delphox|move: Protect\n|move|p2a: Meganium|Weather Ball|p1b: Whimsicott\n|-supereffective|p1b: Whimsicott|1\n|-enditem|p1b: Whimsicott|Occa Berry|[eat]\n|-enditem|p1b: Whimsicott|Occa Berry|[weaken]\n|-damage|p1b: Whimsicott|27/100\n|move|p1b: Whimsicott|Moonblast|p2b: Farigiraf\n|-damage|p2b: Farigiraf|0 fnt\n|faint|p2b: Farigiraf\n|\n|-weather|SunnyDay|[upkeep]\n|upkeep\n|\n|t:|1775976536\n|switch|p2b: Torkoal|Torkoal, L50, F, shiny|100/100\n|turn|3\n|\n|t:|1775976551\n|switch|p1a: Dragapult|Dragapult, L50, F|100/100\n|move|p1b: Whimsicott|Tailwind|p1b: Whimsicott\n|-sidestart|p1: aethrx|move: Tailwind\n|move|p2b: Torkoal|Heat Wave|p1a: Dragapult|[spread] p1a,p1b\n|-resisted|p1a: Dragapult|1\n|-supereffective|p1b: Whimsicott|1\n|-damage|p1a: Dragapult|62/100\n|-damage|p1b: Whimsicott|0 fnt\n|-status|p1a: Dragapult|brn\n|faint|p1b: Whimsicott\n|move|p2a: Meganium|Dazzling Gleam|p1a: Dragapult\n|-supereffective|p1a: Dragapult|1\n|-damage|p1a: Dragapult|0 fnt\n|faint|p1a: Dragapult\n|\n|-weather|SunnyDay|[upkeep]\n|upkeep\n|\n|t:|1775976557\n|switch|p1b: Delphox|Delphox-Mega, L50, M|100/100\n|switch|p1a: Sneasler|Sneasler, L50, M|100/100\n|turn|4\n|\n|t:|1775976575\n|move|p2a: Meganium|Protect|p2a: Meganium\n|-singleturn|p2a: Meganium|Protect\n|move|p1a: Sneasler|Fake Out|p2b: Torkoal\n|-damage|p2b: Torkoal|87/100\n|cant|p2b: Torkoal|flinch\n|move|p1b: Delphox|Flamethrower|p2a: Meganium\n|-activate|p2a: Meganium|move: Protect\n|\n|-weather|SunnyDay|[upkeep]\n|upkeep\n|turn|5\n|\n|t:|1775976592\n|move|p1b: Delphox|Protect|p1b: Delphox\n|-singleturn|p1b: Delphox|Protect\n|move|p2b: Torkoal|Heat Wave|p1a: Sneasler|[spread] p1a\n|-activate|p1b: Delphox|move: Protect\n|-damage|p1a: Sneasler|34/100\n|move|p2a: Meganium|Dazzling Gleam|p1a: Sneasler|[spread] p1a\n|-activate|p1b: Delphox|move: Protect\n|-damage|p1a: Sneasler|0 fnt\n|faint|p1a: Sneasler\n|\n|-weather|none\n|-fieldend|move: Trick Room\n|upkeep\n|turn|6\n|\n|t:|1775976603\n|move|p1b: Delphox|Flamethrower|p2a: Meganium\n|-supereffective|p2a: Meganium|1\n|-damage|p2a: Meganium|0 fnt\n|faint|p2a: Meganium\n|move|p2b: Torkoal|Rapid Spin|p1b: Delphox\n|-damage|p1b: Delphox|87/100\n|-boost|p2b: Torkoal|spe|1\n|\n|-sideend|p1: aethrx|move: Tailwind\n|upkeep\n|\n|t:|1775976608\n|switch|p2a: Aegislash|Aegislash, L50, M, shiny|100/100\n|turn|7\n|\n|t:|1775976619\n|move|p2a: Aegislash|King's Shield|p2a: Aegislash\n|-singleturn|p2a: Aegislash|Protect\n|move|p1b: Delphox|Flamethrower|p2a: Aegislash\n|-activate|p2a: Aegislash|move: Protect\n|move|p2b: Torkoal|Heat Wave|p1b: Delphox\n|-resisted|p1b: Delphox|1\n|-damage|p1b: Delphox|68/100\n|\n|upkeep\n|turn|8\n|\n|t:|1775976629\n|move|p1b: Delphox|Protect|p1b: Delphox\n|-singleturn|p1b: Delphox|Protect\n|-formechange|p2a: Aegislash|Aegislash-Blade|\n|move|p2a: Aegislash|Shadow Sneak|p1b: Delphox\n|-activate|p1b: Delphox|move: Protect\n|move|p2b: Torkoal|Body Press|p1b: Delphox\n|-activate|p1b: Delphox|move: Protect\n|\n|upkeep\n|turn|9\n|\n|t:|1775976636\n|-formechange|p2a: Aegislash|Aegislash|\n|move|p2a: Aegislash|King's Shield|p2a: Aegislash\n|-singleturn|p2a: Aegislash|Protect\n|move|p1b: Delphox|Scorching Sands|p2b: Torkoal\n|-supereffective|p2b: Torkoal|1\n|-damage|p2b: Torkoal|11/100\n|move|p2b: Torkoal|Body Press|p1b: Delphox\n|-resisted|p1b: Delphox|1\n|-damage|p1b: Delphox|49/100\n|\n|upkeep\n|turn|10\n|\n|t:|1775976653\n|move|p1b: Delphox|Protect|p1b: Delphox\n|-singleturn|p1b: Delphox|Protect\n|-formechange|p2a: Aegislash|Aegislash-Blade|\n|move|p2a: Aegislash|Shadow Sneak|p1b: Delphox\n|-activate|p1b: Delphox|move: Protect\n|move|p2b: Torkoal|Body Press|p1b: Delphox\n|-activate|p1b: Delphox|move: Protect\n|\n|upkeep\n|turn|11\n|\n|t:|1775976658\n|move|p2a: Aegislash|Shadow Sneak|p1b: Delphox\n|-supereffective|p1b: Delphox|1\n|-damage|p1b: Delphox|0 fnt\n|faint|p1b: Delphox\n|\n|win|maxd08\n|raw|aethrx's rating: 1196 &rarr; <strong>1167</strong><br />(-29 for losing)\n|raw|maxd08's rating: 1141 &rarr; <strong>1170</strong><br />(+29 for winning)\n|l|\u2606aethrx\n|player|p1|\n",
  "uploadtime": 1775976663,
  "views": 19,
  "formatid": "gen9championsvgc2026regma",
  "rating": 1167,
  "private": 0,
  "password": null
}