{
  "id": "gen9championsvgc2026regma-2583806833",
  "format": "[Gen 9 Champions] VGC 2026 Reg M-A",
  "players": [
    "hyrosh x",
    "Krazyhands12345"
  ],
  "log": "|j|\u2606hyrosh x\n|j|\u2606Krazyhands12345\n|t:|1776199099\n|gametype|doubles\n|player|p1|hyrosh x|2|1142\n|player|p2|Krazyhands12345|1|1111\n|gen|9\n|tier|[Gen 9 Champions] VGC 2026 Reg M-A\n|rated|\n|rule|Species Clause: Limit one of each Pok\u00e9mon\n|rule|Item Clause: Limit 1 of each item\n|clearpoke\n|poke|p1|Kangaskhan, L50, F|\n|poke|p1|Sneasler, L50, M|\n|poke|p1|Vivillon-Fancy, L50, M|\n|poke|p1|Sylveon, L50, M|\n|poke|p1|Milotic, L50, M|\n|poke|p1|Incineroar, L50, F|\n|poke|p2|Tyranitar, L50, M|\n|poke|p2|Alakazam, L50, F|\n|poke|p2|Dragapult, L50, M|\n|poke|p2|Palafin, L50, F|\n|poke|p2|Incineroar, L50, F|\n|poke|p2|Sinistcha, L50|\n|teampreview|4\n|inactive|Battle timer is ON: inactive players will automatically lose when time's up. (requested by hyrosh x)\n|inactive|hyrosh x has 60 seconds left.\n|\n|t:|1776199143\n|teamsize|p1|4\n|teamsize|p2|4\n|start\n|switch|p1a: Sylveon|Sylveon, L50, M, shiny|100/100\n|switch|p1b: Sneasler|Sneasler, L50, M|100/100\n|switch|p2a: Tyranitar|Tyranitar, L50, M, shiny|100/100\n|switch|p2b: Alakazam|Alakazam, L50, F|100/100\n|-weather|Sandstorm|[from] ability: Sand Stream|[of] p2a: Tyranitar\n|turn|1\n|inactive|Krazyhands12345 has 30 seconds left.\n|\n|t:|1776199173\n|move|p2a: Tyranitar|Protect|p2a: Tyranitar\n|-singleturn|p2a: Tyranitar|Protect\n|move|p1b: Sneasler|Fake Out|p2b: Alakazam\n|-damage|p2b: Alakazam|72/100\n|move|p2b: Alakazam|Reflect|p2b: Alakazam\n|-sidestart|p2: Krazyhands12345|Reflect\n|move|p1a: Sylveon|Hyper Voice|p2a: Tyranitar|[spread] p2b\n|-activate|p2a: Tyranitar|move: Protect\n|-damage|p2b: Alakazam|17/100\n|\n|-weather|Sandstorm|[upkeep]\n|-damage|p2b: Alakazam|11/100|[from] Sandstorm\n|-damage|p1b: Sneasler|94/100|[from] Sandstorm\n|-damage|p1a: Sylveon|94/100|[from] Sandstorm\n|upkeep\n|turn|2\n|\n|t:|1776199191\n|switch|p2a: Sinistcha|Sinistcha, L50, shiny|100/100\n|-heal|p2b: Alakazam|36/100|[from] ability: Hospitality|[of] p2a: Sinistcha\n|move|p1a: Sylveon|Quick Attack|p2b: Alakazam\n|-damage|p2b: Alakazam|19/100\n|move|p2b: Alakazam|Psychic|p1b: Sneasler\n|-supereffective|p1b: Sneasler|2\n|-damage|p1b: Sneasler|0 fnt\n|faint|p1b: Sneasler\n|\n|-weather|Sandstorm|[upkeep]\n|-damage|p2b: Alakazam|13/100|[from] Sandstorm\n|-damage|p2a: Sinistcha|94/100|[from] Sandstorm\n|-damage|p1a: Sylveon|88/100|[from] Sandstorm\n|upkeep\n|\n|t:|1776199197\n|switch|p1b: Incineroar|Incineroar, L50, F|100/100\n|-ability|p1b: Incineroar|Intimidate|boost\n|-unboost|p2a: Sinistcha|atk|1\n|-fail|p2b: Alakazam|unboost|Attack|[from] ability: Inner Focus|[of] p2b: Alakazam\n|turn|3\n|inactive|Krazyhands12345 has 30 seconds left.\n|\n|t:|1776199228\n|switch|p2b: Palafin|Palafin, L50, F|100/100\n|move|p2a: Sinistcha|Rage Powder|p2a: Sinistcha\n|-singleturn|p2a: Sinistcha|move: Rage Powder\n|move|p1a: Sylveon|Hyper Voice|p2a: Sinistcha|[spread] p2a,p2b\n|-damage|p2a: Sinistcha|54/100\n|-damage|p2b: Palafin|45/100\n|move|p1b: Incineroar|Flare Blitz|p2a: Sinistcha\n|-supereffective|p2a: Sinistcha|1\n|-damage|p2a: Sinistcha|2/100\n|-enditem|p2a: Sinistcha|Sitrus Berry|[eat]\n|-heal|p2a: Sinistcha|26/100|[from] item: Sitrus Berry\n|-damage|p1b: Incineroar|85/100|[from] Recoil\n|\n|-weather|Sandstorm|[upkeep]\n|-damage|p2b: Palafin|39/100|[from] Sandstorm\n|-damage|p2a: Sinistcha|20/100|[from] Sandstorm\n|-damage|p1a: Sylveon|82/100|[from] Sandstorm\n|-damage|p1b: Incineroar|79/100|[from] Sandstorm\n|upkeep\n|turn|4\n|\n|t:|1776199248\n|move|p2b: Palafin|Waterfall|p1b: Incineroar\n|-supereffective|p1b: Incineroar|1\n|-damage|p1b: Incineroar|34/100\n|-enditem|p1b: Incineroar|Sitrus Berry|[eat]\n|-heal|p1b: Incineroar|59/100|[from] item: Sitrus Berry\n|move|p2a: Sinistcha|Matcha Gotcha|p1b: Incineroar|[spread] p1a,p1b\n|-crit|p1a: Sylveon\n|-resisted|p1b: Incineroar|1\n|-damage|p1a: Sylveon|59/100\n|-heal|p2a: Sinistcha|33/100|[from] drain|[of] p1a: Sylveon\n|-damage|p1b: Incineroar|49/100\n|-heal|p2a: Sinistcha|39/100|[from] drain|[of] p1b: Incineroar\n|move|p1a: Sylveon|Hyper Voice|p2a: Sinistcha|[spread] p2a,p2b\n|-damage|p2a: Sinistcha|0 fnt\n|-damage|p2b: Palafin|0 fnt\n|faint|p2a: Sinistcha\n|faint|p2b: Palafin\n|move|p1b: Incineroar|Parting Shot|p2: Sinistcha|[notarget]\n|-fail|p1b: Incineroar\n|\n|-weather|Sandstorm|[upkeep]\n|-damage|p1a: Sylveon|53/100|[from] Sandstorm\n|-damage|p1b: Incineroar|43/100|[from] Sandstorm\n|upkeep\n|\n|t:|1776199262\n|switch|p2b: Tyranitar|Tyranitar, L50, M, shiny|100/100\n|switch|p2a: Alakazam|Alakazam, L50, F|13/100\n|turn|5\n|\n|t:|1776199272\n|switch|p1b: Kangaskhan|Kangaskhan, L50, F|100/100\n|detailschange|p2a: Alakazam|Alakazam-Mega, L50, F\n|-mega|p2a: Alakazam|Alakazam|Alakazite\n|-ability|p2a: Alakazam|Pixilate|Trace|[from] ability: Trace|[of] p1a: Sylveon\n|move|p1a: Sylveon|Quick Attack|p2a: Alakazam\n|-damage|p2a: Alakazam|0 fnt\n|faint|p2a: Alakazam\n|move|p2b: Tyranitar|Rock Slide|p1a: Sylveon|[spread] p1a,p1b\n|-damage|p1a: Sylveon|16/100\n|-damage|p1b: Kangaskhan|69/100\n|\n|-weather|none\n|-sideend|p2: Krazyhands12345|Reflect\n|upkeep\n|turn|6\n|-message|Krazyhands12345 forfeited.\n|\n|win|hyrosh x\n|raw|hyrosh x's rating: 1142 &rarr; <strong>1165</strong><br />(+23 for winning)\n|raw|Krazyhands12345's rating: 1111 &rarr; <strong>1088</strong><br />(-23 for losing)\n|l|\u2606Krazyhands12345\n|player|p2|\n",
  "uploadtime": 1776199289,
  "views": 15,
  "formatid": "gen9championsvgc2026regma",
  "rating": 1088,
  "private": 0,
  "password": null
}