{
  "id": "gen9championsvgc2026regma-2585093250",
  "format": "[Gen 9 Champions] VGC 2026 Reg M-A",
  "players": [
    "Brando653",
    "grimI0I"
  ],
  "log": "|j|\u2606Brando653\n|j|\u2606grimI0I\n|t:|1776311012\n|gametype|doubles\n|player|p1|Brando653|1|1000\n|player|p2|grimI0I|steven|1062\n|gen|9\n|tier|[Gen 9 Champions] VGC 2026 Reg M-A\n|rated|\n|rule|Species Clause: Limit one of each Pok\u00e9mon\n|rule|Item Clause: Limit 1 of each item\n|clearpoke\n|poke|p1|Sneasler, L50, F|\n|poke|p1|Floette-Eternal, L50, F|\n|poke|p1|Basculegion, L50, M|\n|poke|p1|Maushold-Four, L50|\n|poke|p1|Aerodactyl, L50, M|\n|poke|p1|Kingambit, L50, F|\n|poke|p2|Gengar, L50, M|\n|poke|p2|Clefable, L50, F|\n|poke|p2|Alcremie, L50, F|\n|poke|p2|Dragonite, L50, F|\n|poke|p2|Incineroar, L50, M|\n|poke|p2|Palafin, L50, F|\n|teampreview|4\n|inactive|Battle timer is ON: inactive players will automatically lose when time's up. (requested by grimI0I)\ngrimI0I has agreed to open team sheets.\n|inactive|Brando653 has 60 seconds left.\n|\n|t:|1776311072\n|teamsize|p1|4\n|teamsize|p2|4\n|start\n|switch|p1a: Maushold|Maushold-Four, L50|100/100\n|switch|p1b: Floette|Floette-Eternal, L50, F|100/100\n|switch|p2a: Palafin|Palafin, L50, F|100/100\n|switch|p2b: Clefable|Clefable, L50, F|100/100\n|turn|1\n|inactive|grimI0I has 30 seconds left.\n|\n|t:|1776311105\n|detailschange|p1b: Floette|Floette-Mega, L50, F\n|-mega|p1b: Floette|Floette|Floettite\n|-ability|p1b: Floette|Fairy Aura\n|move|p2b: Clefable|Follow Me|p2b: Clefable\n|-singleturn|p2b: Clefable|move: Follow Me\n|move|p2a: Palafin|Flip Turn|p1b: Floette\n|-damage|p1b: Floette|83/100\n|\n|t:|1776311116\n|detailschange|p2a: Palafin|Palafin-Hero, L50, F\n|switch|p2a: Gengar|Gengar, L50, M|100/100|[from] Flip Turn\n|move|p1a: Maushold|Super Fang|p2b: Clefable\n|-damage|p2b: Clefable|50/100\n|move|p1b: Floette|Calm Mind|p1b: Floette\n|-boost|p1b: Floette|spa|1\n|-boost|p1b: Floette|spd|1\n|\n|upkeep\n|turn|2\n|inactive|Brando653 has 30 seconds left.\n|\n|t:|1776311146\n|detailschange|p2a: Gengar|Gengar-Mega, L50, M\n|-mega|p2a: Gengar|Gengar|Gengarite\n|move|p1a: Maushold|Follow Me|p1a: Maushold\n|-singleturn|p1a: Maushold|move: Follow Me\n|move|p2a: Gengar|Sludge Bomb|p1a: Maushold\n|-damage|p1a: Maushold|35/100\n|move|p1b: Floette|Moonblast|p2a: Gengar\n|-resisted|p2a: Gengar|1\n|-damage|p2a: Gengar|25/100\n|move|p2b: Clefable|Encore|p1a: Maushold\n|-start|p1a: Maushold|Encore\n|\n|upkeep\n|turn|3\n|\n|t:|1776311166\n|move|p1a: Maushold|Follow Me|p1a: Maushold\n|-singleturn|p1a: Maushold|move: Follow Me\n|move|p2b: Clefable|Follow Me|p2b: Clefable\n|-singleturn|p2b: Clefable|move: Follow Me\n|move|p2a: Gengar|Sludge Bomb|p1a: Maushold\n|-damage|p1a: Maushold|0 fnt\n|faint|p1a: Maushold\n|move|p1b: Floette|Dazzling Gleam|p2a: Gengar|[spread] p2a,p2b\n|-resisted|p2a: Gengar|1\n|-damage|p2a: Gengar|0 fnt\n|-damage|p2b: Clefable|8/100\n|faint|p2a: Gengar\n|\n|upkeep\n|\n|t:|1776311182\n|switch|p2a: Palafin|Palafin-Hero, L50, F|100/100\n|switch|p1a: Aerodactyl|Aerodactyl, L50, M|100/100\n|-ability|p1a: Aerodactyl|Unnerve\n|-activate|p2a: Palafin|ability: Zero to Hero\n|turn|4\n|\n|t:|1776311206\n|move|p2b: Clefable|Follow Me|p2b: Clefable\n|-singleturn|p2b: Clefable|move: Follow Me\n|move|p2a: Palafin|Wave Crash|p1b: Floette\n|-damage|p1b: Floette|0 fnt\n|faint|p1b: Floette\n|-damage|p2a: Palafin|73/100|[from] Recoil\n|move|p1a: Aerodactyl|Rock Slide|p2b: Clefable|[spread] p2a,p2b\n|-damage|p2a: Palafin|47/100\n|-damage|p2b: Clefable|0 fnt\n|faint|p2b: Clefable\n|\n|upkeep\n|\n|t:|1776311220\n|switch|p1b: Kingambit|Kingambit, L50, F|100/100\n|switch|p2b: Incineroar|Incineroar, L50, M|100/100\n|-ability|p2b: Incineroar|Intimidate|boost\n|-unboost|p1a: Aerodactyl|atk|1\n|-unboost|p1b: Kingambit|atk|1\n|-ability|p1b: Kingambit|Defiant|boost\n|-boost|p1b: Kingambit|atk|2\n|turn|5\n|inactive|Brando653 has 30 seconds left.\n|\n|t:|1776311252\n|move|p2b: Incineroar|Fake Out|p1b: Kingambit\n|-resisted|p1b: Kingambit|1\n|-damage|p1b: Kingambit|96/100\n|cant|p1b: Kingambit|flinch\n|move|p2a: Palafin|Wave Crash|p1a: Aerodactyl\n|-supereffective|p1a: Aerodactyl|1\n|-enditem|p1a: Aerodactyl|Focus Sash\n|-damage|p1a: Aerodactyl|1/100\n|-damage|p2a: Palafin|18/100|[from] Recoil\n|move|p1a: Aerodactyl|Rock Slide|p2b: Incineroar|[spread] p2a,p2b\n|-supereffective|p2b: Incineroar|1\n|-damage|p2a: Palafin|0 fnt\n|-damage|p2b: Incineroar|71/100\n|faint|p2a: Palafin\n|\n|upkeep\n|turn|6\n|inactive|Brando653 has 30 seconds left.\n|\n|t:|1776311284\n|move|p1a: Aerodactyl|Rock Slide|p2b: Incineroar|[miss]\n|-miss|p1a: Aerodactyl|p2b: Incineroar\n|move|p2b: Incineroar|Will-O-Wisp|p1a: Aerodactyl\n|-status|p1a: Aerodactyl|brn\n|move|p1b: Kingambit|Kowtow Cleave|p2b: Incineroar\n|-resisted|p2b: Incineroar|1\n|-damage|p2b: Incineroar|32/100\n|\n|-damage|p1a: Aerodactyl|0 fnt|[from] brn\n|faint|p1a: Aerodactyl\n|upkeep\n|turn|7\n|\n|t:|1776311304\n|move|p2b: Incineroar|Will-O-Wisp|p1b: Kingambit\n|-status|p1b: Kingambit|brn\n|move|p1b: Kingambit|Kowtow Cleave|p2b: Incineroar\n|-resisted|p2b: Incineroar|1\n|-damage|p2b: Incineroar|13/100\n|\n|-damage|p1b: Kingambit|90/100 brn|[from] brn\n|upkeep\n|turn|8\n|\n|t:|1776311314\n|move|p2b: Incineroar|Flare Blitz|p1b: Kingambit\n|-supereffective|p1b: Kingambit|1\n|-damage|p1b: Kingambit|5/100 brn\n|-damage|p2b: Incineroar|0 fnt|[from] Recoil\n|faint|p2b: Incineroar\n|\n|win|Brando653\n|raw|Brando653's rating: 1000 &rarr; <strong>1047</strong><br />(+47 for winning)\n|raw|grimI0I's rating: 1062 &rarr; <strong>1039</strong><br />(-23 for losing)\n",
  "uploadtime": 1776311318,
  "views": 17,
  "formatid": "gen9championsvgc2026regma",
  "rating": 1039,
  "private": 0,
  "password": null
}