{
  "id": "gen9championsvgc2026regma-2587071722",
  "format": "[Gen 9 Champions] VGC 2026 Reg M-A",
  "players": [
    "Dra. Healer",
    "SharksWithArms"
  ],
  "log": "|j|\u2606Dra. Healer\n|j|\u2606SharksWithArms\n|t:|1776489553\n|gametype|doubles\n|player|p1|Dra. Healer|brycen|1236\n|player|p2|SharksWithArms|galacticgrunt|1263\n|gen|9\n|tier|[Gen 9 Champions] VGC 2026 Reg M-A\n|rated|\n|rule|Species Clause: Limit one of each Pok\u00e9mon\n|rule|Item Clause: Limit 1 of each item\n|clearpoke\n|poke|p1|Banette, L50, F|\n|poke|p1|Gallade, L50, M|\n|poke|p1|Maushold, L50|\n|poke|p1|Vanilluxe, L50, F|\n|poke|p1|Alcremie, L50, F|\n|poke|p1|Tsareena, L50, F|\n|poke|p2|Kingambit, L50, M|\n|poke|p2|Sneasler, L50, F|\n|poke|p2|Talonflame, L50, F|\n|poke|p2|Garchomp, L50, M|\n|poke|p2|Froslass, L50, F, shiny|\n|poke|p2|Milotic, L50, M, shiny|\n|teampreview|4\n|inactive|Battle timer is ON: inactive players will automatically lose when time's up. (requested by SharksWithArms)\nSharksWithArms rejected open team sheets.\n|inactive|Dra. Healer has 60 seconds left.\n|inactive|SharksWithArms has 60 seconds left.\n|\n|t:|1776489594\n|teamsize|p1|4\n|teamsize|p2|4\n|start\n|switch|p1a: Tsareena|Tsareena, L50, F|100/100\n|switch|p1b: Gallade|Gallade, L50, M|100/100\n|switch|p2a: Froslass|Froslass, L50, F, shiny|100/100\n|switch|p2b: Talonflame|Talonflame, L50, F|100/100\n|turn|1\n|inactive|Dra. Healer has 30 seconds left.\n|\n|t:|1776489622\n|detailschange|p2a: Froslass|Froslass-Mega, L50, F, shiny\n|-mega|p2a: Froslass|Froslass|Froslassite\n|-weather|Snowscape|[from] ability: Snow Warning|[of] p2a: Froslass\n|move|p2b: Talonflame|Flare Blitz|p1a: Tsareena\n|-supereffective|p1a: Tsareena|1\n|-crit|p1a: Tsareena\n|-enditem|p1a: Tsareena|Occa Berry|[eat]\n|-enditem|p1a: Tsareena|Occa Berry|[weaken]\n|-damage|p1a: Tsareena|33/100\n|-damage|p2b: Talonflame|75/100|[from] Recoil\n|move|p2a: Froslass|Shadow Ball|p1b: Gallade\n|-supereffective|p1b: Gallade|1\n|-damage|p1b: Gallade|22/100\n|move|p1a: Tsareena|Power Whip|p2a: Froslass\n|-damage|p2a: Froslass|24/100\n|move|p1b: Gallade|Trick Room|p1b: Gallade\n|-fieldstart|move: Trick Room|[of] p1b: Gallade\n|\n|-weather|Snowscape|[upkeep]\n|upkeep\n|turn|2\n|inactive|Dra. Healer has 30 seconds left.\n|inactive|SharksWithArms has 30 seconds left.\n|\n|t:|1776489652\n|move|p2a: Froslass|Protect|p2a: Froslass\n|-singleturn|p2a: Froslass|Protect\n|move|p1a: Tsareena|Power Whip|p2a: Froslass\n|-activate|p2a: Froslass|move: Protect\n|move|p1b: Gallade|Psycho Cut|p2b: Talonflame\n|-damage|p2b: Talonflame|0 fnt\n|faint|p2b: Talonflame\n|\n|-weather|Snowscape|[upkeep]\n|upkeep\n|\n|t:|1776489663\n|switch|p2b: Kingambit|Kingambit, L50, M|100/100\n|turn|3\n|\n|t:|1776489687\n|switch|p2a: Sneasler|Sneasler, L50, F|100/100\n|move|p2b: Kingambit|Kowtow Cleave|p1b: Gallade\n|-damage|p1b: Gallade|0 fnt\n|faint|p1b: Gallade\n|move|p1a: Tsareena|Power Whip|p2a: Sneasler\n|-resisted|p2a: Sneasler|1\n|-damage|p2a: Sneasler|43/100\n|\n|-weather|Snowscape|[upkeep]\n|upkeep\n|\n|t:|1776489703\n|switch|p1b: Banette|Banette, L50, F|100/100\n|-item|p2a: Sneasler|White Herb|[from] ability: Frisk|[of] p1b: Banette\n|-item|p2b: Kingambit|Black Glasses|[from] ability: Frisk|[of] p1b: Banette\n|turn|4\n|inactive|Dra. Healer has 30 seconds left.\n|inactive|Dra. Healer has 20 seconds left.\n|\n|t:|1776489741\n|detailschange|p1b: Banette|Banette-Mega, L50, F\n|-mega|p1b: Banette|Banette|Banettite\n|move|p1b: Banette|Destiny Bond|p1b: Banette\n|-singlemove|p1b: Banette|Destiny Bond\n|move|p2b: Kingambit|Kowtow Cleave|p1b: Banette\n|-supereffective|p1b: Banette|1\n|-damage|p1b: Banette|0 fnt\n|faint|p1b: Banette\n|-activate|p1b: Banette|move: Destiny Bond\n|faint|p2b: Kingambit\n|move|p1a: Tsareena|Power Whip|p2a: Sneasler\n|-resisted|p2a: Sneasler|1\n|-damage|p2a: Sneasler|0 fnt\n|faint|p2a: Sneasler\n|\n|-weather|Snowscape|[upkeep]\n|upkeep\n|\n|t:|1776489759\n|switch|p1b: Alcremie|Alcremie, L50, F|100/100\n|switch|p2a: Froslass|Froslass-Mega, L50, F, shiny|24/100\n|turn|5\n|\n|t:|1776489768\n|move|p2a: Froslass|Protect|p2a: Froslass\n|-singleturn|p2a: Froslass|Protect\n|move|p1b: Alcremie|Calm Mind|p1b: Alcremie\n|-boost|p1b: Alcremie|spa|1\n|-boost|p1b: Alcremie|spd|1\n|move|p1a: Tsareena|Power Whip|p2a: Froslass\n|-activate|p2a: Froslass|move: Protect\n|\n|-weather|none\n|-fieldend|move: Trick Room\n|upkeep\n|turn|6\n|\n|t:|1776489785\n|move|p2a: Froslass|Blizzard|p1a: Tsareena|[spread] p1a\n|-miss|p2a: Froslass|p1b: Alcremie\n|-supereffective|p1a: Tsareena|1\n|-damage|p1a: Tsareena|0 fnt\n|faint|p1a: Tsareena\n|move|p1b: Alcremie|Mystical Fire|p2a: Froslass\n|-supereffective|p2a: Froslass|1\n|-damage|p2a: Froslass|0 fnt\n|faint|p2a: Froslass\n|\n|win|Dra. Healer\n|raw|Dra. Healer's rating: 1236 &rarr; <strong>1263</strong><br />(+27 for winning)\n|raw|SharksWithArms's rating: 1263 &rarr; <strong>1236</strong><br />(-27 for losing)\n",
  "uploadtime": 1776489795,
  "views": 35,
  "formatid": "gen9championsvgc2026regma",
  "rating": 1236,
  "private": 0,
  "password": null
}