{
  "id": "gen9championsvgc2026regma-2587658935",
  "format": "[Gen 9 Champions] VGC 2026 Reg M-A",
  "players": [
    "ivoryP",
    "FallenTurtlle"
  ],
  "log": "|j|\u2606ivoryP\n|j|\u2606FallenTurtlle\n|t:|1776551206\n|gametype|doubles\n|player|p1|ivoryP|bugcatcher-gen4dp|1265\n|player|p2|FallenTurtlle|serena|1257\n|gen|9\n|tier|[Gen 9 Champions] VGC 2026 Reg M-A\n|rated|\n|rule|Species Clause: Limit one of each Pok\u00e9mon\n|rule|Item Clause: Limit 1 of each item\n|clearpoke\n|poke|p1|Gengar, L50, F|\n|poke|p1|Whimsicott, L50, F|\n|poke|p1|Volcarona, L50, M|\n|poke|p1|Aerodactyl, L50, F|\n|poke|p1|Kingambit, L50, M|\n|poke|p1|Kommo-o, L50, M|\n|poke|p2|Mamoswine, L50, M|\n|poke|p2|Aerodactyl, L50, M|\n|poke|p2|Incineroar, L50, M|\n|poke|p2|Meganium, L50, F, shiny|\n|poke|p2|Pelipper, L50, F|\n|poke|p2|Heliolisk, L50, F, shiny|\n|teampreview|4\n|\n|t:|1776551252\n|teamsize|p1|4\n|teamsize|p2|4\n|start\n|switch|p1a: Gengar|Gengar, L50, F|100/100\n|switch|p1b: Whimsicott|Whimsicott, L50, F|100/100\n|switch|p2a: Aerodactyl|Aerodactyl, L50, M|100/100\n|switch|p2b: Mamoswine|Mamoswine, L50, M|100/100\n|-ability|p2a: Aerodactyl|Unnerve\n|turn|1\n|\n|t:|1776551280\n|detailschange|p1a: Gengar|Gengar-Mega, L50, F\n|-mega|p1a: Gengar|Gengar|Gengarite\n|move|p1b: Whimsicott|Protect|p1b: Whimsicott\n|-singleturn|p1b: Whimsicott|Protect\n|move|p1a: Gengar|Protect|p1a: Gengar\n|-singleturn|p1a: Gengar|Protect\n|move|p2a: Aerodactyl|Tailwind|p2a: Aerodactyl\n|-sidestart|p2: FallenTurtlle|move: Tailwind\n|move|p2b: Mamoswine|Earthquake|p1b: Whimsicott|[spread] \n|-activate|p1a: Gengar|move: Protect\n|-activate|p1b: Whimsicott|move: Protect\n|-immune|p2a: Aerodactyl\n|\n|upkeep\n|turn|2\n|\n|t:|1776551290\n|switch|p1a: Aerodactyl|Aerodactyl, L50, F|100/100\n|-ability|p1a: Aerodactyl|Unnerve\n|move|p1b: Whimsicott|Encore|p2a: Aerodactyl\n|-start|p2a: Aerodactyl|Encore\n|move|p2a: Aerodactyl|Tailwind||[still]\n|-fail|p2a: Aerodactyl\n|move|p2b: Mamoswine|Earthquake|p1b: Whimsicott|[spread] p1b\n|-immune|p2a: Aerodactyl\n|-immune|p1a: Aerodactyl\n|-resisted|p1b: Whimsicott|1\n|-damage|p1b: Whimsicott|66/100\n|\n|upkeep\n|turn|3\n|\n|t:|1776551313\n|move|p1b: Whimsicott|Encore|p2b: Mamoswine\n|-start|p2b: Mamoswine|Encore\n|move|p2a: Aerodactyl|Tailwind||[still]\n|-fail|p2a: Aerodactyl\n|move|p1a: Aerodactyl|Rock Slide|p2b: Mamoswine|[spread] p2a,p2b\n|-supereffective|p2a: Aerodactyl|1\n|-damage|p2a: Aerodactyl|17/100\n|-damage|p2b: Mamoswine|73/100\n|move|p2b: Mamoswine|Earthquake|p1a: Aerodactyl|[spread] p1b\n|-immune|p2a: Aerodactyl\n|-immune|p1a: Aerodactyl\n|-resisted|p1b: Whimsicott|1\n|-damage|p1b: Whimsicott|33/100\n|\n|upkeep\n|turn|4\n|\n|t:|1776551335\n|move|p1b: Whimsicott|Tailwind|p1b: Whimsicott\n|-sidestart|p1: ivoryP|move: Tailwind\n|move|p1a: Aerodactyl|Rock Slide|p2b: Mamoswine|[spread] p2a,p2b\n|-supereffective|p2a: Aerodactyl|1\n|-damage|p2a: Aerodactyl|0 fnt\n|-damage|p2b: Mamoswine|45/100\n|faint|p2a: Aerodactyl\n|move|p2b: Mamoswine|Earthquake|p1b: Whimsicott|[spread] p1b\n|-immune|p1a: Aerodactyl\n|-resisted|p1b: Whimsicott|1\n|-damage|p1b: Whimsicott|1/100\n|\n|-sideend|p2: FallenTurtlle|move: Tailwind\n|upkeep\n|\n|t:|1776551349\n|switch|p2a: Pelipper|Pelipper, L50, F|100/100\n|-weather|RainDance|[from] ability: Drizzle|[of] p2a: Pelipper\n|turn|5\n|\n|t:|1776551356\n|move|p2a: Pelipper|Wide Guard|p2a: Pelipper\n|-singleturn|p2a: Pelipper|Wide Guard\n|move|p1a: Aerodactyl|Rock Slide|p2b: Mamoswine|[spread] \n|-activate|p2a: Pelipper|move: Wide Guard\n|-activate|p2b: Mamoswine|move: Wide Guard\n|move|p1b: Whimsicott|Moonblast|p2b: Mamoswine\n|-damage|p2b: Mamoswine|9/100\n|move|p2b: Mamoswine|Earthquake|p1b: Whimsicott|[spread] p1b\n|-activate|p2a: Pelipper|move: Wide Guard\n|-immune|p1a: Aerodactyl\n|-resisted|p1b: Whimsicott|1\n|-damage|p1b: Whimsicott|0 fnt\n|faint|p1b: Whimsicott\n|\n|-weather|RainDance|[upkeep]\n|-end|p2b: Mamoswine|Encore\n|upkeep\n|\n|t:|1776551409\n|switch|p1b: Kingambit|Kingambit, L50, M|100/100\n|turn|6\n|\n|t:|1776551417\n|move|p2b: Mamoswine|Protect|p2b: Mamoswine\n|-singleturn|p2b: Mamoswine|Protect\n|move|p1a: Aerodactyl|Taunt|p2a: Pelipper\n|-start|p2a: Pelipper|move: Taunt\n|move|p1b: Kingambit|Kowtow Cleave|p2b: Mamoswine\n|-activate|p2b: Mamoswine|move: Protect\n|cant|p2a: Pelipper|move: Taunt|Tailwind\n|\n|-weather|RainDance|[upkeep]\n|upkeep\n|turn|7\n|\n|t:|1776551429\n|move|p2b: Mamoswine|Ice Shard|p1a: Aerodactyl\n|-supereffective|p1a: Aerodactyl|1\n|-damage|p1a: Aerodactyl|8/100\n|move|p1a: Aerodactyl|Rock Slide|p2b: Mamoswine|[spread] p2a,p2b\n|-supereffective|p2a: Pelipper|1\n|-damage|p2a: Pelipper|54/100\n|-damage|p2b: Mamoswine|0 fnt\n|faint|p2b: Mamoswine\n|move|p1b: Kingambit|Kowtow Cleave|p2a: Pelipper\n|-damage|p2a: Pelipper|0 fnt\n|faint|p2a: Pelipper\n|\n|-weather|RainDance|[upkeep]\n|-sideend|p1: ivoryP|move: Tailwind\n|upkeep\n|\n|t:|1776551440\n|switch|p2a: Meganium|Meganium, L50, F, shiny|100/100\n|turn|8\n|\n|t:|1776551451\n|move|p1a: Aerodactyl|Dual Wingbeat|p2a: Meganium\n|-supereffective|p2a: Meganium|1\n|-damage|p2a: Meganium|66/100\n|-supereffective|p2a: Meganium|1\n|-damage|p2a: Meganium|32/100\n|-hitcount|p2a: Meganium|2\n|move|p2a: Meganium|Dazzling Gleam|p1b: Kingambit|[spread] p1a,p1b\n|-damage|p1a: Aerodactyl|0 fnt\n|-damage|p1b: Kingambit|87/100\n|faint|p1a: Aerodactyl\n|move|p1b: Kingambit|Iron Head|p2a: Meganium\n|-crit|p2a: Meganium\n|-damage|p2a: Meganium|0 fnt\n|faint|p2a: Meganium\n|\n|win|ivoryP\n|raw|ivoryP's rating: 1265 &rarr; <strong>1289</strong><br />(+24 for winning)\n|raw|FallenTurtlle's rating: 1257 &rarr; <strong>1233</strong><br />(-24 for losing)\n",
  "uploadtime": 1776551451,
  "views": 19,
  "formatid": "gen9championsvgc2026regma",
  "rating": 1233,
  "private": 0,
  "password": null
}