{
  "id": "gen9championsvgc2026regma-2588358358",
  "format": "[Gen 9 Champions] VGC 2026 Reg M-A",
  "players": [
    "Zhm/r",
    "Nexo030909"
  ],
  "log": "|j|\u2606Zhm/r\n|j|\u2606Nexo030909\n|t:|1776626916\n|gametype|doubles\n|player|p1|Zhm/r|clown|1144\n|player|p2|Nexo030909|red|1144\n|gen|9\n|tier|[Gen 9 Champions] VGC 2026 Reg M-A\n|rated|\n|rule|Species Clause: Limit one of each Pok\u00e9mon\n|rule|Item Clause: Limit 1 of each item\n|clearpoke\n|poke|p1|Meganium, L50, M|\n|poke|p1|Charizard, L50, M|\n|poke|p1|Aerodactyl, L50, F|\n|poke|p1|Sinistcha, L50|\n|poke|p1|Milotic, L50, F|\n|poke|p1|Sneasler, L50, F|\n|poke|p2|Garchomp, L50, M|\n|poke|p2|Aerodactyl, L50, M|\n|poke|p2|Venusaur, L50, M|\n|poke|p2|Torkoal, L50, M|\n|poke|p2|Kingambit, L50, F|\n|poke|p2|Basculegion-F, L50, F|\n|teampreview|4\n|inactive|Battle timer is ON: inactive players will automatically lose when time's up. (requested by Nexo030909)\n|\n|t:|1776626967\n|teamsize|p1|4\n|teamsize|p2|4\n|start\n|switch|p1a: Aerodactyl|Aerodactyl, L50, F|100/100\n|switch|p1b: Sneasler|Sneasler, L50, F|100/100\n|switch|p2a: Torkoal|Torkoal, L50, M|100/100\n|switch|p2b: Venusaur|Venusaur, L50, M|100/100\n|-ability|p1a: Aerodactyl|Unnerve\n|-weather|SunnyDay|[from] ability: Drought|[of] p2a: Torkoal\n|turn|1\n|inactive|Zhm/r has 30 seconds left.\n|inactive|Nexo030909 has 30 seconds left.\n|inactive|Zhm/r has 20 seconds left.\n|inactive|Zhm/r has 15 seconds left.\n|inactive|Nexo030909 has 20 seconds left.\n|inactive|Zhm/r has 10 seconds left.\n|\n|t:|1776627016\n|move|p1b: Sneasler|Fake Out|p2b: Venusaur\n|-damage|p2b: Venusaur|81/100\n|cant|p2b: Venusaur|flinch\n|move|p1a: Aerodactyl|Rock Slide|p2a: Torkoal|[spread] p2a,p2b\n|-supereffective|p2a: Torkoal|1\n|-damage|p2a: Torkoal|60/100\n|-damage|p2b: Venusaur|50/100\n|cant|p2a: Torkoal|flinch\n|\n|-weather|SunnyDay|[upkeep]\n|upkeep\n|turn|2\n|inactive|Zhm/r has 30 seconds left.\n|\n|t:|1776627042\n|move|p2b: Venusaur|Energy Ball|p1a: Aerodactyl\n|-damage|p1a: Aerodactyl|36/100\n|move|p1a: Aerodactyl|Tailwind|p1a: Aerodactyl\n|-sidestart|p1: Zhm/r|move: Tailwind\n|move|p1b: Sneasler|Dire Claw|p2b: Venusaur\n|-damage|p2b: Venusaur|0 fnt\n|faint|p2b: Venusaur\n|move|p2a: Torkoal|Heat Wave|p1b: Sneasler|[spread] p1a,p1b\n|-resisted|p1a: Aerodactyl|1\n|-damage|p1a: Aerodactyl|5/100\n|-damage|p1b: Sneasler|34/100\n|\n|-weather|SunnyDay|[upkeep]\n|upkeep\n|\n|t:|1776627051\n|switch|p2b: Aerodactyl|Aerodactyl, L50, M|100/100\n|-ability|p2b: Aerodactyl|Unnerve\n|turn|3\n|\n|t:|1776627075\n|detailschange|p2b: Aerodactyl|Aerodactyl-Mega, L50, M\n|-mega|p2b: Aerodactyl|Aerodactyl|Aerodactylite\n|move|p2b: Aerodactyl|Protect|p2b: Aerodactyl\n|-singleturn|p2b: Aerodactyl|Protect\n|move|p1a: Aerodactyl|Rock Slide|p2b: Aerodactyl|[spread] p2a\n|-activate|p2b: Aerodactyl|move: Protect\n|-supereffective|p2a: Torkoal|1\n|-damage|p2a: Torkoal|18/100\n|move|p1b: Sneasler|Dire Claw|p2a: Torkoal\n|-damage|p2a: Torkoal|0 fnt\n|faint|p2a: Torkoal\n|\n|-weather|SunnyDay|[upkeep]\n|upkeep\n|\n|t:|1776627087\n|switch|p2a: Garchomp|Garchomp, L50, M|100/100\n|turn|4\n|\n|t:|1776627104\n|move|p1a: Aerodactyl|Rock Slide|p2b: Aerodactyl|[spread] p2a,p2b\n|-resisted|p2a: Garchomp|1\n|-supereffective|p2b: Aerodactyl|1\n|-damage|p2a: Garchomp|90/100\n|-damage|p2b: Aerodactyl|38/100\n|move|p1b: Sneasler|Close Combat|p2a: Garchomp\n|-damage|p2a: Garchomp|29/100\n|-unboost|p1b: Sneasler|def|1\n|-unboost|p1b: Sneasler|spd|1\n|-damage|p1b: Sneasler|22/100|[from] ability: Rough Skin|[of] p2a: Garchomp\n|-enditem|p1b: Sneasler|White Herb\n|-clearnegativeboost|p1b: Sneasler|[silent]\n|cant|p2b: Aerodactyl|flinch\n|cant|p2a: Garchomp|flinch\n|\n|-weather|SunnyDay|[upkeep]\n|upkeep\n|turn|5\n|-message|Nexo030909 forfeited.\n|\n|win|Zhm/r\n|raw|Zhm&#x2f;r's rating: 1144 &rarr; <strong>1169</strong><br />(+25 for winning)\n|raw|Nexo030909's rating: 1144 &rarr; <strong>1119</strong><br />(-25 for losing)\n|l|\u2606Nexo030909\n|player|p2|\n",
  "uploadtime": 1776627141,
  "views": 11,
  "formatid": "gen9championsvgc2026regma",
  "rating": 1119,
  "private": 0,
  "password": null
}