{
  "id": "gen9championsvgc2026regma-2585318990",
  "format": "[Gen 9 Champions] VGC 2026 Reg M-A",
  "players": [
    "Crashdead12",
    "RBG_LOL"
  ],
  "log": "|j|\u2606Crashdead12\n|j|\u2606RBG_LOL\n|t:|1776337320\n|gametype|doubles\n|player|p1|Crashdead12|miku-ghost|1180\n|player|p2|RBG_LOL|ghetsis-gen5bw|1121\n|gen|9\n|tier|[Gen 9 Champions] VGC 2026 Reg M-A\n|rated|\n|rule|Species Clause: Limit one of each Pok\u00e9mon\n|rule|Item Clause: Limit 1 of each item\n|clearpoke\n|poke|p1|Gardevoir, L50, F|\n|poke|p1|Arcanine, L50, F|\n|poke|p1|Garchomp, L50, M|\n|poke|p1|Rotom-Wash, L50|\n|poke|p1|Tyranitar, L50, M|\n|poke|p1|Corviknight, L50, F|\n|poke|p2|Garchomp, L50, M|\n|poke|p2|Froslass, L50, F|\n|poke|p2|Sneasler, L50, M|\n|poke|p2|Kingambit, L50, M|\n|poke|p2|Talonflame, L50, M|\n|poke|p2|Milotic, L50, F|\n|teampreview|4\n|inactive|Battle timer is ON: inactive players will automatically lose when time's up. (requested by Crashdead12)\n|inactive|Crashdead12 has 60 seconds left.\n|\n|t:|1776337356\n|teamsize|p1|4\n|teamsize|p2|4\n|start\n|switch|p1a: Corviknight|Corviknight, L50, F|100/100\n|switch|p1b: Rotom|Rotom-Wash, L50|100/100\n|switch|p2a: Talonflame|Talonflame, L50, M, shiny|100/100\n|switch|p2b: Milotic|Milotic, L50, F|100/100\n|turn|1\n|\n|t:|1776337378\n|move|p1b: Rotom|Thunderbolt|p2a: Talonflame\n|-supereffective|p2a: Talonflame|1\n|-damage|p2a: Talonflame|0 fnt\n|faint|p2a: Talonflame\n|move|p1a: Corviknight|Brave Bird|p2b: Milotic\n|-damage|p2b: Milotic|55/100\n|-damage|p1a: Corviknight|88/100|[from] Recoil\n|move|p2b: Milotic|Icy Wind|p1b: Rotom|[spread] p1a,p1b\n|-resisted|p1b: Rotom|1\n|-damage|p1a: Corviknight|74/100\n|-damage|p1b: Rotom|92/100\n|-ability|p1a: Corviknight|Mirror Armor\n|-unboost|p2b: Milotic|spe|1\n|-ability|p2b: Milotic|Competitive|boost\n|-boost|p2b: Milotic|spa|2\n|-unboost|p1b: Rotom|spe|1\n|\n|-heal|p1a: Corviknight|80/100|[from] item: Leftovers\n|-heal|p2b: Milotic|60/100|[from] item: Leftovers\n|upkeep\n|\n|t:|1776337388\n|switch|p2a: Kingambit|Kingambit, L50, M|100/100\n|turn|2\n|\n|t:|1776337400\n|switch|p1a: Tyranitar|Tyranitar, L50, M|100/100\n|-weather|Sandstorm|[from] ability: Sand Stream|[of] p1a: Tyranitar\n|move|p1b: Rotom|Thunderbolt|p2b: Milotic\n|-supereffective|p2b: Milotic|1\n|-damage|p2b: Milotic|0 fnt\n|faint|p2b: Milotic\n|move|p2a: Kingambit|Kowtow Cleave|p1b: Rotom\n|-damage|p1b: Rotom|6/100\n|\n|-weather|Sandstorm|[upkeep]\n|-damage|p1b: Rotom|0 fnt|[from] Sandstorm\n|faint|p1b: Rotom\n|upkeep\n|\n|t:|1776337410\n|switch|p1b: Corviknight|Corviknight, L50, F|80/100\n|switch|p2b: Froslass|Froslass, L50, F|100/100\n|turn|3\n|\n|t:|1776337423\n|detailschange|p2b: Froslass|Froslass-Mega, L50, F\n|-mega|p2b: Froslass|Froslass|Froslassite\n|-weather|Snowscape|[from] ability: Snow Warning|[of] p2b: Froslass\n|move|p2a: Kingambit|Protect|p2a: Kingambit\n|-singleturn|p2a: Kingambit|Protect\n|move|p2b: Froslass|Blizzard|p1a: Tyranitar|[spread] p1a,p1b\n|-damage|p1a: Tyranitar|55/100\n|-damage|p1b: Corviknight|32/100\n|move|p1b: Corviknight|Iron Head|p2b: Froslass\n|-supereffective|p2b: Froslass|1\n|-damage|p2b: Froslass|34/100\n|move|p1a: Tyranitar|Low Kick|p2a: Kingambit\n|-activate|p2a: Kingambit|move: Protect\n|\n|-weather|Snowscape|[upkeep]\n|-heal|p1b: Corviknight|38/100|[from] item: Leftovers\n|upkeep\n|turn|4\n|inactive|RBG_LOL has 30 seconds left.\n|\n|t:|1776337453\n|switch|p1a: Gardevoir|Gardevoir, L50, F, shiny|100/100\n|move|p2a: Kingambit|Sucker Punch||[still]\n|-fail|p2a: Kingambit\n|move|p2b: Froslass|Blizzard|p1a: Gardevoir|[spread] p1a,p1b\n|-damage|p1a: Gardevoir|47/100\n|-damage|p1b: Corviknight|0 fnt\n|faint|p1b: Corviknight\n|\n|-weather|Snowscape|[upkeep]\n|upkeep\n|\n|t:|1776337460\n|switch|p1b: Tyranitar|Tyranitar, L50, M|55/100\n|-weather|Sandstorm|[from] ability: Sand Stream|[of] p1b: Tyranitar\n|turn|5\n|\n|t:|1776337480\n|detailschange|p1a: Gardevoir|Gardevoir-Mega, L50, F, shiny\n|-mega|p1a: Gardevoir|Gardevoir|Gardevoirite\n|move|p1b: Tyranitar|Protect|p1b: Tyranitar\n|-singleturn|p1b: Tyranitar|Protect\n|move|p2a: Kingambit|Protect|p2a: Kingambit\n|-singleturn|p2a: Kingambit|Protect\n|move|p2b: Froslass|Shadow Ball|p1a: Gardevoir\n|-supereffective|p1a: Gardevoir|1\n|-damage|p1a: Gardevoir|0 fnt\n|faint|p1a: Gardevoir\n|\n|-weather|Sandstorm|[upkeep]\n|-damage|p2b: Froslass|28/100|[from] Sandstorm\n|upkeep\n|turn|6\n|-message|Crashdead12 forfeited.\n|\n|win|RBG_LOL\n|raw|Crashdead12's rating: 1180 &rarr; <strong>1151</strong><br />(-29 for losing)\n|raw|RBG_LOL's rating: 1121 &rarr; <strong>1150</strong><br />(+29 for winning)\n|l|\u2606Crashdead12\n|player|p1|\n",
  "uploadtime": 1776337492,
  "views": 19,
  "formatid": "gen9championsvgc2026regma",
  "rating": 1150,
  "private": 0,
  "password": null
}