{
  "id": "gen9championsvgc2026regma-2584587378",
  "format": "[Gen 9 Champions] VGC 2026 Reg M-A",
  "players": [
    "DurkTheYonko",
    "idrinkwithmj"
  ],
  "log": "|j|\u2606DurkTheYonko\n|j|\u2606idrinkwithmj\n|t:|1776270515\n|gametype|doubles\n|player|p1|DurkTheYonko|drayden|1116\n|player|p2|idrinkwithmj|169|1111\n|gen|9\n|tier|[Gen 9 Champions] VGC 2026 Reg M-A\n|rated|\n|rule|Species Clause: Limit one of each Pok\u00e9mon\n|rule|Item Clause: Limit 1 of each item\n|clearpoke\n|poke|p1|Charizard, L50, F|\n|poke|p1|Venusaur, L50, M|\n|poke|p1|Garchomp, L50, F|\n|poke|p1|Whimsicott, L50, F|\n|poke|p1|Incineroar, L50, M|\n|poke|p1|Lucario, L50, M|\n|poke|p2|Meganium, L50, F|\n|poke|p2|Pelipper, L50, M|\n|poke|p2|Orthworm, L50, M|\n|poke|p2|Basculegion, L50, M|\n|poke|p2|Archaludon, L50, M|\n|poke|p2|Krookodile, L50, M|\n|teampreview|4\n|\n|t:|1776270566\n|teamsize|p1|4\n|teamsize|p2|4\n|start\n|switch|p1a: Whimsicott|Whimsicott, L50, F|100/100\n|switch|p1b: Charizard|Charizard, L50, F, shiny|100/100\n|switch|p2a: Pelipper|Pelipper, L50, M, shiny|100/100\n|switch|p2b: Archaludon|Archaludon, L50, M, shiny|100/100\n|-weather|RainDance|[from] ability: Drizzle|[of] p2a: Pelipper\n|turn|1\n|\n|t:|1776270597\n|switch|p2a: Krookodile|Krookodile, L50, M, shiny|100/100\n|-ability|p2a: Krookodile|Intimidate|boost\n|-unboost|p1a: Whimsicott|atk|1\n|-unboost|p1b: Charizard|atk|1\n|detailschange|p1b: Charizard|Charizard-Mega-Y, L50, F, shiny\n|-mega|p1b: Charizard|Charizard|Charizardite Y\n|-weather|SunnyDay|[from] ability: Drought|[of] p1b: Charizard\n|move|p1a: Whimsicott|Taunt|p2a: Krookodile\n|-hint|Since gen 7, Dark is immune to Prankster moves.\n|-immune|p2a: Krookodile\n|move|p1b: Charizard|Heat Wave|p2b: Archaludon|[spread] p2a,p2b\n|-damage|p2a: Krookodile|18/100\n|-damage|p2b: Archaludon|41/100\n|move|p2b: Archaludon|Draco Meteor|p1b: Charizard\n|-damage|p1b: Charizard|40/100\n|-unboost|p2b: Archaludon|spa|2\n|-enditem|p2b: Archaludon|White Herb\n|-clearnegativeboost|p2b: Archaludon|[silent]\n|\n|-weather|SunnyDay|[upkeep]\n|upkeep\n|turn|2\n|\n|t:|1776270626\n|switch|p2b: Pelipper|Pelipper, L50, M, shiny|100/100\n|-weather|RainDance|[from] ability: Drizzle|[of] p2b: Pelipper\n|move|p2a: Krookodile|Protect|p2a: Krookodile\n|-singleturn|p2a: Krookodile|Protect\n|move|p1a: Whimsicott|Tailwind|p1a: Whimsicott\n|-sidestart|p1: DurkTheYonko|move: Tailwind\n|move|p1b: Charizard|Heat Wave|p2b: Pelipper|[spread] p2b\n|-activate|p2a: Krookodile|move: Protect\n|-resisted|p2b: Pelipper|1\n|-damage|p2b: Pelipper|85/100\n|\n|-weather|RainDance|[upkeep]\n|-heal|p2b: Pelipper|91/100|[from] item: Leftovers\n|upkeep\n|turn|3\n|\n|t:|1776270672\n|move|p1a: Whimsicott|Encore||[still]\n|-fail|p1a: Whimsicott\n|move|p1b: Charizard|Weather Ball|p2a: Krookodile\n|-supereffective|p2a: Krookodile|1\n|-damage|p2a: Krookodile|0 fnt\n|faint|p2a: Krookodile\n|move|p2b: Pelipper|Hurricane|p1b: Charizard\n|-damage|p1b: Charizard|3/100\n|-start|p1b: Charizard|confusion\n|\n|-weather|RainDance|[upkeep]\n|-heal|p2b: Pelipper|97/100|[from] item: Leftovers\n|upkeep\n|\n|t:|1776270683\n|switch|p2a: Basculegion|Basculegion, L50, M, shiny|100/100\n|turn|4\n|\n|t:|1776270726\n|-activate|p1b: Charizard|confusion\n|move|p1b: Charizard|Protect|p1b: Charizard\n|-singleturn|p1b: Charizard|Protect\n|move|p1a: Whimsicott|Stun Spore|p2b: Pelipper\n|-status|p2b: Pelipper|par\n|move|p2a: Basculegion|Liquidation|p1b: Charizard\n|-activate|p1b: Charizard|move: Protect\n|cant|p2b: Pelipper|par\n|\n|-weather|RainDance|[upkeep]\n|-heal|p2b: Pelipper|100/100 par|[from] item: Leftovers\n|upkeep\n|turn|5\n|\n|t:|1776270748\n|switch|p1b: Garchomp|Garchomp, L50, F|100/100\n|move|p1a: Whimsicott|Stun Spore|p2a: Basculegion|[miss]\n|-miss|p1a: Whimsicott|p2a: Basculegion\n|move|p2a: Basculegion|Liquidation|p1b: Garchomp\n|-damage|p1b: Garchomp|20/100\n|-unboost|p1b: Garchomp|def|1\n|-damage|p2a: Basculegion|88/100|[from] ability: Rough Skin|[of] p1b: Garchomp\n|move|p2b: Pelipper|U-turn|p1a: Whimsicott\n|-damage|p1a: Whimsicott|87/100\n|\n|t:|1776270759\n|switch|p2b: Archaludon|Archaludon, L50, M, shiny|41/100|[from] U-turn\n|\n|-weather|RainDance|[upkeep]\n|-sideend|p1: DurkTheYonko|move: Tailwind\n|upkeep\n|turn|6\n|\n|t:|1776270783\n|move|p1a: Whimsicott|Tailwind|p1a: Whimsicott\n|-sidestart|p1: DurkTheYonko|move: Tailwind\n|move|p1b: Garchomp|Earthquake|p2a: Basculegion|[spread] p1a,p2a,p2b\n|-resisted|p1a: Whimsicott|1\n|-supereffective|p2b: Archaludon|1\n|-damage|p1a: Whimsicott|54/100\n|-damage|p2a: Basculegion|47/100\n|-damage|p2b: Archaludon|0 fnt\n|faint|p2b: Archaludon\n|move|p2a: Basculegion|Liquidation|p1b: Garchomp\n|-damage|p1b: Garchomp|0 fnt\n|-damage|p2a: Basculegion|34/100|[from] ability: Rough Skin|[of] p1b: Garchomp\n|faint|p1b: Garchomp\n|\n|-weather|none\n|upkeep\n|\n|t:|1776270806\n|switch|p1b: Charizard|Charizard-Mega-Y, L50, F, shiny|3/100\n|switch|p2b: Pelipper|Pelipper, L50, M, shiny|100/100 par\n|-weather|SunnyDay|[from] ability: Drought|[of] p1b: Charizard\n|-weather|RainDance|[from] ability: Drizzle|[of] p2b: Pelipper\n|turn|7\n|\n|t:|1776270821\n|switch|p1b: Venusaur|Venusaur, L50, M|100/100\n|move|p1a: Whimsicott|Stun Spore|p2a: Basculegion|[miss]\n|-miss|p1a: Whimsicott|p2a: Basculegion\n|move|p2a: Basculegion|Liquidation|p1b: Venusaur\n|-resisted|p1b: Venusaur|1\n|-crit|p1b: Venusaur\n|-damage|p1b: Venusaur|16/100\n|-unboost|p1b: Venusaur|def|1\n|move|p2b: Pelipper|Hurricane|p1a: Whimsicott\n|-supereffective|p1a: Whimsicott|1\n|-crit|p1a: Whimsicott\n|-damage|p1a: Whimsicott|0 fnt\n|faint|p1a: Whimsicott\n|\n|-weather|RainDance|[upkeep]\n|upkeep\n|\n|t:|1776270840\n|switch|p1a: Charizard|Charizard-Mega-Y, L50, F, shiny|3/100\n|-weather|SunnyDay|[from] ability: Drought|[of] p1a: Charizard\n|turn|8\n|\n|t:|1776270860\n|move|p1b: Venusaur|Solar Beam||[still]\n|-prepare|p1b: Venusaur|Solar Beam\n|-anim|p1b: Venusaur|Solar Beam|p2b: Pelipper\n|-damage|p2b: Pelipper|7/100 par\n|move|p1a: Charizard|Solar Beam||[still]\n|-prepare|p1a: Charizard|Solar Beam\n|-anim|p1a: Charizard|Solar Beam|p2a: Basculegion\n|-supereffective|p2a: Basculegion|1\n|-damage|p2a: Basculegion|0 fnt\n|faint|p2a: Basculegion\n|move|p2b: Pelipper|Weather Ball|p1b: Venusaur\n|-supereffective|p1b: Venusaur|1\n|-damage|p1b: Venusaur|0 fnt\n|faint|p1b: Venusaur\n|\n|-weather|SunnyDay|[upkeep]\n|-heal|p2b: Pelipper|13/100 par|[from] item: Leftovers\n|upkeep\n|turn|9\n|c|\u2606idrinkwithmj|Ggwp\n|\n|t:|1776270881\n|move|p1a: Charizard|Solar Beam||[still]\n|-prepare|p1a: Charizard|Solar Beam\n|-anim|p1a: Charizard|Solar Beam|p2b: Pelipper\n|-damage|p2b: Pelipper|0 fnt\n|faint|p2b: Pelipper\n|\n|win|DurkTheYonko\n|raw|DurkTheYonko's rating: 1116 &rarr; <strong>1141</strong><br />(+25 for winning)\n|raw|idrinkwithmj's rating: 1111 &rarr; <strong>1086</strong><br />(-25 for losing)\n",
  "uploadtime": 1776270884,
  "views": 20,
  "formatid": "gen9championsvgc2026regma",
  "rating": 1086,
  "private": 0,
  "password": null
}