{
  "id": "gen9championsvgc2026regma-2580650259",
  "format": "[Gen 9 Champions] VGC 2026 Reg M-A",
  "players": [
    "thebosscorbin",
    "Panjiro_6"
  ],
  "log": "|j|\u2606thebosscorbin\n|j|\u2606Panjiro_6\n|t:|1775921314\n|gametype|doubles\n|player|p1|thebosscorbin|101|1091\n|player|p2|Panjiro_6|lusamine-nihilego|1165\n|gen|9\n|tier|[Gen 9 Champions] VGC 2026 Reg M-A\n|rated|\n|rule|Species Clause: Limit one of each Pok\u00e9mon\n|rule|Item Clause: Limit 1 of each item\n|clearpoke\n|poke|p1|Gyarados, L50, M|\n|poke|p1|Dragonite, L50, F|\n|poke|p1|Floette-Eternal, L50, F|\n|poke|p1|Araquanid, L50, M|\n|poke|p1|Chandelure, L50, M|\n|poke|p1|Arcanine-Hisui, L50, M|\n|poke|p2|Glalie, L50, M|\n|poke|p2|Whimsicott, L50, F|\n|poke|p2|Politoed, L50, M|\n|poke|p2|Incineroar, L50, F|\n|poke|p2|Basculegion, L50, M|\n|poke|p2|Garchomp, L50, M|\n|teampreview|4\n|inactive|Battle timer is ON: inactive players will automatically lose when time's up. (requested by Panjiro_6)\nPanjiro_6 has agreed to open team sheets.\n|inactive|thebosscorbin has 60 seconds left.\n|\n|t:|1775921346\n|teamsize|p1|4\n|teamsize|p2|4\n|start\n|switch|p1a: Chandelure|Chandelure, L50, M|100/100\n|switch|p1b: Floette|Floette-Eternal, L50, F|100/100\n|switch|p2a: Glalie|Glalie, L50, M, shiny|100/100\n|switch|p2b: Politoed|Politoed, L50, M|100/100\n|-weather|RainDance|[from] ability: Drizzle|[of] p2b: Politoed\n|turn|1\n|inactive|Panjiro_6 has 30 seconds left.\n|inactive|Panjiro_6 has 20 seconds left.\n|\n|t:|1775921382\n|detailschange|p2a: Glalie|Glalie-Mega, L50, M, shiny\n|-mega|p2a: Glalie|Glalie|Glalitite\n|detailschange|p1b: Floette|Floette-Mega, L50, F\n|-mega|p1b: Floette|Floette|Floettite\n|-ability|p1b: Floette|Fairy Aura\n|move|p1b: Floette|Protect|p1b: Floette\n|-singleturn|p1b: Floette|Protect\n|move|p2a: Glalie|Weather Ball|p1b: Floette\n|-activate|p1b: Floette|move: Protect\n|move|p1a: Chandelure|Shadow Ball|p2a: Glalie\n|-crit|p2a: Glalie\n|-damage|p2a: Glalie|9/100\n|move|p2b: Politoed|Weather Ball|p1b: Floette\n|-activate|p1b: Floette|move: Protect\n|\n|-weather|RainDance|[upkeep]\n|upkeep\n|turn|2\n|inactive|Panjiro_6 has 30 seconds left.\n|\n|t:|1775921411\n|switch|p2b: Incineroar|Incineroar, L50, F, shiny|100/100\n|-ability|p2b: Incineroar|Intimidate|boost\n|-unboost|p1a: Chandelure|atk|1\n|-unboost|p1b: Floette|atk|1\n|move|p2a: Glalie|Protect|p2a: Glalie\n|-singleturn|p2a: Glalie|Protect\n|move|p1b: Floette|Draining Kiss|p2b: Incineroar\n|-damage|p2b: Incineroar|67/100\n|move|p1a: Chandelure|Heat Wave|p2a: Glalie|[spread] p2b\n|-activate|p2a: Glalie|move: Protect\n|-resisted|p2b: Incineroar|1\n|-damage|p2b: Incineroar|57/100\n|\n|-weather|RainDance|[upkeep]\n|upkeep\n|turn|3\n|inactive|thebosscorbin has 30 seconds left.\n|\n|t:|1775921443\n|switch|p2a: Basculegion|Basculegion, L50, M|100/100\n|switch|p1b: Arcanine|Arcanine-Hisui, L50, M|100/100\n|-ability|p1b: Arcanine|Intimidate|boost\n|-unboost|p2a: Basculegion|atk|1\n|-unboost|p2b: Incineroar|atk|1\n|move|p1a: Chandelure|Heat Wave|p2b: Incineroar|[spread] p2a,p2b\n|-resisted|p2a: Basculegion|1\n|-resisted|p2b: Incineroar|1\n|-damage|p2a: Basculegion|90/100\n|-damage|p2b: Incineroar|48/100\n|-enditem|p2b: Incineroar|Sitrus Berry|[eat]\n|-heal|p2b: Incineroar|73/100|[from] item: Sitrus Berry\n|move|p2b: Incineroar|Parting Shot|p1a: Chandelure\n|-unboost|p1a: Chandelure|atk|1\n|-unboost|p1a: Chandelure|spa|1\n|\n|t:|1775921452\n|switch|p2b: Politoed|Politoed, L50, M|100/100|[from] Parting Shot\n|\n|-weather|RainDance|[upkeep]\n|upkeep\n|turn|4\n|\n|t:|1775921469\n|switch|p1b: Dragonite|Dragonite, L50, F|100/100\n|move|p2a: Basculegion|Flip Turn|p1b: Dragonite\n|-resisted|p1b: Dragonite|1\n|-damage|p1b: Dragonite|92/100\n|\n|t:|1775921472\n|switch|p2a: Incineroar|Incineroar, L50, F, shiny|73/100|[from] Flip Turn\n|-ability|p2a: Incineroar|Intimidate|boost\n|-unboost|p1a: Chandelure|atk|1\n|-unboost|p1b: Dragonite|atk|1\n|move|p1a: Chandelure|Shadow Ball|p2a: Incineroar\n|-resisted|p2a: Incineroar|1\n|-damage|p2a: Incineroar|60/100\n|move|p2b: Politoed|Weather Ball|p1a: Chandelure\n|-supereffective|p1a: Chandelure|1\n|-enditem|p1a: Chandelure|Focus Sash\n|-damage|p1a: Chandelure|1/100\n|\n|-weather|RainDance|[upkeep]\n|upkeep\n|turn|5\n|\n|t:|1775921496\n|switch|p2b: Glalie|Glalie-Mega, L50, M, shiny|9/100\n|move|p2a: Incineroar|Fake Out|p1b: Dragonite\n|-damage|p1b: Dragonite|80/100\n|cant|p1b: Dragonite|flinch\n|move|p1a: Chandelure|Shadow Ball|p2b: Glalie\n|-damage|p2b: Glalie|0 fnt\n|faint|p2b: Glalie\n|\n|-weather|none\n|upkeep\n|\n|t:|1775921501\n|switch|p2b: Politoed|Politoed, L50, M|100/100\n|-weather|RainDance|[from] ability: Drizzle|[of] p2b: Politoed\n|turn|6\n|\n|t:|1775921515\n|move|p1b: Dragonite|Waterfall|p2a: Incineroar\n|-supereffective|p2a: Incineroar|1\n|-damage|p2a: Incineroar|5/100\n|move|p1a: Chandelure|Shadow Ball|p2b: Politoed\n|-damage|p2b: Politoed|70/100\n|move|p2b: Politoed|Weather Ball|p1b: Dragonite\n|-resisted|p1b: Dragonite|1\n|-damage|p1b: Dragonite|57/100\n|move|p2a: Incineroar|Flare Blitz|p1a: Chandelure\n|-start|p1a: Chandelure|ability: Flash Fire\n|\n|-weather|RainDance|[upkeep]\n|-heal|p2b: Politoed|76/100|[from] item: Leftovers\n|upkeep\n|turn|7\n|\n|t:|1775921537\n|switch|p1b: Arcanine|Arcanine-Hisui, L50, M|100/100\n|-ability|p1b: Arcanine|Intimidate|boost\n|-unboost|p2a: Incineroar|atk|1\n|-unboost|p2b: Politoed|atk|1\n|move|p1a: Chandelure|Heat Wave|p2a: Incineroar|[spread] p2a,p2b\n|-resisted|p2a: Incineroar|1\n|-resisted|p2b: Politoed|1\n|-damage|p2a: Incineroar|0 fnt\n|-damage|p2b: Politoed|68/100\n|faint|p2a: Incineroar\n|move|p2b: Politoed|Weather Ball|p1a: Chandelure\n|-supereffective|p1a: Chandelure|1\n|-damage|p1a: Chandelure|0 fnt\n|faint|p1a: Chandelure\n|\n|-weather|RainDance|[upkeep]\n|-heal|p2b: Politoed|73/100|[from] item: Leftovers\n|upkeep\n|\n|t:|1775921553\n|switch|p1a: Floette|Floette-Mega, L50, F|100/100\n|switch|p2a: Basculegion|Basculegion, L50, M|90/100\n|-ability|p1a: Floette|Fairy Aura\n|turn|8\n|inactive|Panjiro_6 has 30 seconds left.\n|inactive|Panjiro_6 has 20 seconds left.\n|inactive|Panjiro_6 has 15 seconds left.\n|\n|t:|1775921595\n|move|p2a: Basculegion|Wave Crash|p1a: Floette\n|-damage|p1a: Floette|12/100\n|-damage|p2a: Basculegion|65/100|[from] Recoil\n|move|p1b: Arcanine|Snarl|p2b: Politoed|[spread] p2a,p2b\n|-supereffective|p2a: Basculegion|1\n|-damage|p2a: Basculegion|39/100\n|-damage|p2b: Politoed|63/100\n|-unboost|p2a: Basculegion|spa|1\n|-unboost|p2b: Politoed|spa|1\n|move|p1a: Floette|Light of Ruin|p2a: Basculegion\n|-damage|p2a: Basculegion|0 fnt\n|faint|p2a: Basculegion\n|-damage|p1a: Floette|0 fnt|[from] Recoil\n|faint|p1a: Floette\n|move|p2b: Politoed|Weather Ball|p1b: Arcanine\n|-supereffective|p1b: Arcanine|2\n|-damage|p1b: Arcanine|0 fnt\n|faint|p1b: Arcanine\n|\n|-weather|RainDance|[upkeep]\n|-heal|p2b: Politoed|69/100|[from] item: Leftovers\n|upkeep\n|inactive|thebosscorbin has 30 seconds left.\n|\n|t:|1775921621\n|switch|p1b: Dragonite|Dragonite, L50, F|57/100\n|turn|9\n|\n|t:|1775921630\n|move|p1b: Dragonite|Dragon Claw|p2b: Politoed\n|-damage|p2b: Politoed|28/100\n|move|p2b: Politoed|Perish Song|p2b: Politoed\n|-start|p1b: Dragonite|perish3|[silent]\n|-start|p2b: Politoed|perish3|[silent]\n|-fieldactivate|move: Perish Song\n|\n|-weather|RainDance|[upkeep]\n|-heal|p2b: Politoed|34/100|[from] item: Leftovers\n|-start|p1b: Dragonite|perish3\n|-start|p2b: Politoed|perish3\n|upkeep\n|turn|10\n|\n|t:|1775921644\n|move|p2b: Politoed|Protect|p2b: Politoed\n|-singleturn|p2b: Politoed|Protect\n|move|p1b: Dragonite|Dragon Claw|p2b: Politoed\n|-activate|p2b: Politoed|move: Protect\n|\n|-weather|none\n|-heal|p2b: Politoed|40/100|[from] item: Leftovers\n|-start|p1b: Dragonite|perish2\n|-start|p2b: Politoed|perish2\n|upkeep\n|turn|11\n|\n|t:|1775921655\n|move|p2b: Politoed|Protect|p2b: Politoed\n|-singleturn|p2b: Politoed|Protect\n|move|p1b: Dragonite|Dragon Claw|p2b: Politoed\n|-activate|p2b: Politoed|move: Protect\n|\n|-heal|p2b: Politoed|46/100|[from] item: Leftovers\n|-start|p1b: Dragonite|perish1\n|-start|p2b: Politoed|perish1\n|upkeep\n|turn|12\n|\n|t:|1775921662\n|move|p2b: Politoed|Protect||[still]\n|-fail|p2b: Politoed\n|move|p1b: Dragonite|Dragon Claw|p2b: Politoed\n|-damage|p2b: Politoed|5/100\n|\n|-heal|p2b: Politoed|10/100|[from] item: Leftovers\n|-start|p1b: Dragonite|perish0\n|-start|p2b: Politoed|perish0\n|upkeep\n|faint|p1b: Dragonite\n|faint|p2b: Politoed\n|\n|win|Panjiro_6\n|raw|thebosscorbin's rating: 1091 &rarr; <strong>1072</strong><br />(-19 for losing)\n|raw|Panjiro_6's rating: 1165 &rarr; <strong>1185</strong><br />(+20 for winning)\n|l|\u2606thebosscorbin\n|player|p1|\n",
  "uploadtime": 1775921673,
  "views": 18,
  "formatid": "gen9championsvgc2026regma",
  "rating": 1072,
  "private": 0,
  "password": null
}