{
  "id": "gen9championsvgc2026regma-2587033162",
  "format": "[Gen 9 Champions] VGC 2026 Reg M-A",
  "players": [
    "Caffsy",
    "ssndss"
  ],
  "log": "|j|\u2606Caffsy\n|j|\u2606ssndss\n|t:|1776483381\n|gametype|doubles\n|player|p1|Caffsy|clerkf|1238\n|player|p2|ssndss|2|1170\n|gen|9\n|tier|[Gen 9 Champions] VGC 2026 Reg M-A\n|rated|\n|rule|Species Clause: Limit one of each Pok\u00e9mon\n|rule|Item Clause: Limit 1 of each item\n|clearpoke\n|poke|p1|Sableye, L50, F|\n|poke|p1|Milotic, L50, M|\n|poke|p1|Archaludon, L50, M|\n|poke|p1|Sinistcha, L50|\n|poke|p1|Meganium, L50, M|\n|poke|p1|Leafeon, L50, F|\n|poke|p2|Kingambit, L50, F|\n|poke|p2|Incineroar, L50, F|\n|poke|p2|Farigiraf, L50, M|\n|poke|p2|Crabominable, L50, F|\n|poke|p2|Azumarill, L50, F|\n|poke|p2|Torkoal, L50, F|\n|teampreview|4\n|c|\u2606Caffsy|gl hf :3\n|\n|t:|1776483413\n|teamsize|p1|4\n|teamsize|p2|4\n|start\n|switch|p1a: Milotic|Milotic, L50, M|100/100\n|switch|p1b: Leafeon|Leafeon, L50, F|100/100\n|switch|p2a: Incineroar|Incineroar, L50, F|100/100\n|switch|p2b: Farigiraf|Farigiraf, L50, M|100/100\n|-ability|p2a: Incineroar|Intimidate|boost\n|-unboost|p1a: Milotic|atk|1\n|-ability|p1a: Milotic|Competitive|boost\n|-boost|p1a: Milotic|spa|2\n|-unboost|p1b: Leafeon|atk|1\n|turn|1\n|\n|t:|1776483435\n|move|p2a: Incineroar|Fake Out|p1a: Milotic\n|-damage|p1a: Milotic|89/100\n|move|p1b: Leafeon|Leaf Blade|p2b: Farigiraf\n|-crit|p2b: Farigiraf\n|-damage|p2b: Farigiraf|19/100\n|cant|p1a: Milotic|flinch\n|move|p2b: Farigiraf|Trick Room|p2b: Farigiraf\n|-fieldstart|move: Trick Room|[of] p2b: Farigiraf\n|\n|-heal|p1a: Milotic|95/100|[from] item: Leftovers\n|upkeep\n|turn|2\n|\n|t:|1776483463\n|switch|p1b: Sinistcha|Sinistcha, L50|100/100\n|-heal|p1a: Milotic|100/100|[from] ability: Hospitality|[of] p1b: Sinistcha\n|move|p1a: Milotic|Protect|p1a: Milotic\n|-singleturn|p1a: Milotic|Protect\n|move|p2b: Farigiraf|Hyper Voice|p1b: Sinistcha|[spread] \n|-activate|p1a: Milotic|move: Protect\n|-immune|p1b: Sinistcha\n|move|p2a: Incineroar|Flare Blitz|p1b: Sinistcha\n|-supereffective|p1b: Sinistcha|1\n|-damage|p1b: Sinistcha|9/100\n|-enditem|p1b: Sinistcha|Sitrus Berry|[eat]\n|-heal|p1b: Sinistcha|34/100|[from] item: Sitrus Berry\n|-damage|p2a: Incineroar|74/100|[from] Recoil\n|\n|upkeep\n|turn|3\n|\n|t:|1776483511\n|move|p2b: Farigiraf|Twin Beam|p1a: Milotic\n|-damage|p1a: Milotic|90/100\n|-damage|p1a: Milotic|77/100\n|-hitcount|p1a: Milotic|2\n|move|p2a: Incineroar|Flare Blitz|p1b: Sinistcha\n|-supereffective|p1b: Sinistcha|1\n|-damage|p1b: Sinistcha|0 fnt\n|faint|p1b: Sinistcha\n|-damage|p2a: Incineroar|64/100|[from] Recoil\n|move|p1a: Milotic|Scald|p2a: Incineroar\n|-supereffective|p2a: Incineroar|1\n|-damage|p2a: Incineroar|0 fnt\n|faint|p2a: Incineroar\n|\n|-heal|p1a: Milotic|83/100|[from] item: Leftovers\n|upkeep\n|\n|t:|1776483530\n|switch|p2a: Torkoal|Torkoal, L50, F|100/100\n|switch|p1b: Meganium|Meganium, L50, M|100/100\n|-weather|SunnyDay|[from] ability: Drought|[of] p2a: Torkoal\n|turn|4\n|\n|t:|1776483542\n|detailschange|p1b: Meganium|Meganium-Mega, L50, M\n|-mega|p1b: Meganium|Meganium|Meganiumite\n|move|p2b: Farigiraf|Protect|p2b: Farigiraf\n|-singleturn|p2b: Farigiraf|Protect\n|move|p1b: Meganium|Protect|p1b: Meganium\n|-singleturn|p1b: Meganium|Protect\n|move|p2a: Torkoal|Eruption|p1a: Milotic|[spread] p1a\n|-activate|p1b: Meganium|move: Protect\n|-resisted|p1a: Milotic|1\n|-damage|p1a: Milotic|53/100\n|move|p1a: Milotic|Scald|p2a: Torkoal\n|-supereffective|p2a: Torkoal|1\n|-damage|p2a: Torkoal|29/100\n|\n|-weather|SunnyDay|[upkeep]\n|-heal|p1a: Milotic|59/100|[from] item: Leftovers\n|upkeep\n|turn|5\n|\n|t:|1776483576\n|move|p2a: Torkoal|Heat Wave|p1a: Milotic|[spread] p1a,p1b\n|-resisted|p1a: Milotic|1\n|-supereffective|p1b: Meganium|1\n|-damage|p1a: Milotic|40/100\n|-damage|p1b: Meganium|19/100\n|-status|p1a: Milotic|brn\n|move|p2b: Farigiraf|Hyper Voice|p1a: Milotic|[spread] p1a,p1b\n|-damage|p1a: Milotic|22/100 brn\n|-damage|p1b: Meganium|0 fnt\n|faint|p1b: Meganium\n|move|p1a: Milotic|Life Dew|p1a: Milotic\n|-heal|p1a: Milotic|48/100 brn\n|\n|-weather|SunnyDay|[upkeep]\n|-heal|p1a: Milotic|53/100 brn|[from] item: Leftovers\n|-damage|p1a: Milotic|48/100 brn|[from] brn\n|-fieldend|move: Trick Room\n|upkeep\n|\n|t:|1776483586\n|switch|p1b: Leafeon|Leafeon, L50, F|100/100\n|turn|6\n|\n|t:|1776483612\n|move|p2a: Torkoal|Protect|p2a: Torkoal\n|-singleturn|p2a: Torkoal|Protect\n|move|p1b: Leafeon|Leaf Blade|p2b: Farigiraf\n|-crit|p2b: Farigiraf\n|-damage|p2b: Farigiraf|0 fnt\n|faint|p2b: Farigiraf\n|move|p1a: Milotic|Scald|p2a: Torkoal\n|-activate|p2a: Torkoal|move: Protect\n|\n|-weather|SunnyDay|[upkeep]\n|-heal|p1a: Milotic|53/100 brn|[from] item: Leftovers\n|-damage|p1a: Milotic|48/100 brn|[from] brn\n|upkeep\n|\n|t:|1776483624\n|switch|p2b: Crabominable|Crabominable, L50, F|100/100\n|turn|7\n|\n|t:|1776483640\n|detailschange|p2b: Crabominable|Crabominable-Mega, L50, F\n|-mega|p2b: Crabominable|Crabominable|Crabominite\n|move|p1b: Leafeon|Rain Dance|p1b: Leafeon\n|-weather|RainDance\n|move|p1a: Milotic|Scald|p2b: Crabominable\n|-damage|p2b: Crabominable|25/100\n|move|p2b: Crabominable|Ice Hammer|p1b: Leafeon\n|-supereffective|p1b: Leafeon|1\n|-damage|p1b: Leafeon|0 fnt\n|-unboost|p2b: Crabominable|spe|1\n|faint|p1b: Leafeon\n|move|p2a: Torkoal|Heat Wave|p1a: Milotic\n|-resisted|p1a: Milotic|1\n|-damage|p1a: Milotic|40/100 brn\n|\n|-weather|RainDance|[upkeep]\n|-heal|p1a: Milotic|46/100 brn|[from] item: Leftovers\n|-damage|p1a: Milotic|40/100 brn|[from] brn\n|upkeep\n|turn|8\n|\n|t:|1776483668\n|move|p2b: Crabominable|Mach Punch|p1a: Milotic\n|-damage|p1a: Milotic|16/100 brn\n|move|p1a: Milotic|Scald|p2b: Crabominable\n|-damage|p2b: Crabominable|0 fnt\n|faint|p2b: Crabominable\n|move|p2a: Torkoal|Weather Ball|p1a: Milotic\n|-resisted|p1a: Milotic|1\n|-damage|p1a: Milotic|1/100 brn\n|\n|-weather|RainDance|[upkeep]\n|-heal|p1a: Milotic|7/100 brn|[from] item: Leftovers\n|-damage|p1a: Milotic|1/100 brn|[from] brn\n|upkeep\n|turn|9\n|\n|t:|1776483682\n|move|p2a: Torkoal|Protect|p2a: Torkoal\n|-singleturn|p2a: Torkoal|Protect\n|move|p1a: Milotic|Scald|p2a: Torkoal\n|-activate|p2a: Torkoal|move: Protect\n|\n|-weather|RainDance|[upkeep]\n|-heal|p1a: Milotic|7/100 brn|[from] item: Leftovers\n|-damage|p1a: Milotic|1/100 brn|[from] brn\n|upkeep\n|turn|10\n|\n|t:|1776483696\n|move|p1a: Milotic|Scald|p2a: Torkoal\n|-supereffective|p2a: Torkoal|1\n|-damage|p2a: Torkoal|0 fnt\n|faint|p2a: Torkoal\n|\n|win|Caffsy\n|raw|Caffsy's rating: 1238 &rarr; <strong>1258</strong><br />(+20 for winning)\n|raw|ssndss's rating: 1170 &rarr; <strong>1150</strong><br />(-20 for losing)\n|l|\u2606ssndss\n|player|p2|\n|c|\u2606Caffsy|gg\n",
  "uploadtime": 1776483708,
  "views": 17,
  "formatid": "gen9championsvgc2026regma",
  "rating": 1150,
  "private": 0,
  "password": null
}