{
  "id": "gen9championsvgc2026regma-2584107276",
  "format": "[Gen 9 Champions] VGC 2026 Reg M-A",
  "players": [
    "apexdesu",
    "qweadwadawdq"
  ],
  "log": "|j|\u2606apexdesu\n|j|\u2606qweadwadawdq\n|t:|1776225893\n|gametype|doubles\n|player|p1|apexdesu|cowgirl|1140\n|player|p2|qweadwadawdq|barry|1109\n|gen|9\n|tier|[Gen 9 Champions] VGC 2026 Reg M-A\n|rated|\n|rule|Species Clause: Limit one of each Pok\u00e9mon\n|rule|Item Clause: Limit 1 of each item\n|clearpoke\n|poke|p1|Sinistcha, L50|\n|poke|p1|Crabominable, L50, F|\n|poke|p1|Camerupt, L50, F|\n|poke|p1|Incineroar, L50, F|\n|poke|p1|Farigiraf, L50, F|\n|poke|p1|Torkoal, L50, F|\n|poke|p2|Meowscarada, L50, M|\n|poke|p2|Liepard, L50, F|\n|poke|p2|Meowstic, L50, M|\n|poke|p2|Sneasler, L50, M|\n|poke|p2|Sinistcha, L50|\n|poke|p2|Slowbro, L50, M|\n|teampreview|4\n|inactive|Battle timer is ON: inactive players will automatically lose when time's up. (requested by qweadwadawdq)\n|\n|t:|1776225901\n|teamsize|p1|4\n|teamsize|p2|4\n|start\n|switch|p1a: Incineroar|Incineroar, L50, F|100/100\n|switch|p1b: Farigiraf|Farigiraf, L50, F|100/100\n|switch|p2a: Liepard|Liepard, L50, F|100/100\n|switch|p2b: Meowstic|Meowstic, L50, M|100/100\n|-ability|p1a: Incineroar|Intimidate|boost\n|-unboost|p2a: Liepard|atk|1\n|-unboost|p2b: Meowstic|atk|1\n|turn|1\n|inactive|apexdesu has 30 seconds left.\n|l|\u2606apexdesu\n|inactive|apexdesu disconnected and has a minute to reconnect!\n|player|p1|\n|inactive|apexdesu has 20 seconds left.\n|j|\u2606apexdesu\n|inactive|apexdesu reconnected and has 20 seconds left.\n|player|p1|apexdesu|cowgirl|\n|inactive|apexdesu has 15 seconds left.\n|inactive|apexdesu has 10 seconds left.\n|inactive|apexdesu has 5 seconds left.\n|\n|t:|1776225955\n|move|p1a: Incineroar|Fake Out|p2b: Meowstic\n|-damage|p2b: Meowstic|89/100\n|cant|p2b: Meowstic|flinch\n|move|p2a: Liepard|Foul Play|p1b: Farigiraf\n|-supereffective|p1b: Farigiraf|1\n|-damage|p1b: Farigiraf|55/100\n|move|p1b: Farigiraf|Trick Room|p1b: Farigiraf\n|-fieldstart|move: Trick Room|[of] p1b: Farigiraf\n|\n|upkeep\n|turn|2\n|inactive|apexdesu has 30 seconds left.\n|inactive|apexdesu has 20 seconds left.\n|inactive|apexdesu has 15 seconds left.\n|\n|t:|1776225997\n|switch|p1b: Camerupt|Camerupt, L50, F|100/100\n|move|p2b: Meowstic|Calm Mind|p2b: Meowstic\n|-boost|p2b: Meowstic|spa|1\n|-boost|p2b: Meowstic|spd|1\n|move|p1a: Incineroar|Flare Blitz|p2a: Liepard\n|-enditem|p2a: Liepard|Focus Sash\n|-damage|p2a: Liepard|1/100\n|-damage|p1a: Incineroar|73/100|[from] Recoil\n|move|p2a: Liepard|Foul Play|p1b: Camerupt\n|-damage|p1b: Camerupt|59/100\n|\n|upkeep\n|turn|3\n|inactive|apexdesu has 30 seconds left.\n|inactive|qweadwadawdq has 30 seconds left.\n|inactive|qweadwadawdq has 20 seconds left.\n|\n|t:|1776226032\n|detailschange|p1b: Camerupt|Camerupt-Mega, L50, F\n|-mega|p1b: Camerupt|Camerupt|Cameruptite\n|move|p2b: Meowstic|Calm Mind|p2b: Meowstic\n|-boost|p2b: Meowstic|spa|1\n|-boost|p2b: Meowstic|spd|1\n|move|p1b: Camerupt|Heat Wave|p2b: Meowstic|[spread] p2a,p2b\n|-damage|p2a: Liepard|0 fnt\n|-damage|p2b: Meowstic|57/100\n|faint|p2a: Liepard\n|move|p1a: Incineroar|Parting Shot|p2b: Meowstic\n|-unboost|p2b: Meowstic|atk|1\n|-unboost|p2b: Meowstic|spa|1\n|\n|t:|1776226047\n|switch|p1a: Torkoal|Torkoal, L50, F|100/100|[from] Parting Shot\n|-weather|SunnyDay|[from] ability: Drought|[of] p1a: Torkoal\n|\n|-weather|SunnyDay|[upkeep]\n|upkeep\n|\n|t:|1776226056\n|switch|p2a: Sinistcha|Sinistcha, L50|100/100\n|-heal|p2b: Meowstic|82/100|[from] ability: Hospitality|[of] p2a: Sinistcha\n|turn|4\n|\n|t:|1776226065\n|move|p2b: Meowstic|Baton Pass|p2b: Meowstic\n|\n|t:|1776226067\n|switch|p2b: Slowbro|Slowbro, L50, M|100/100|[from] Baton Pass\n|move|p1a: Torkoal|Eruption|p2b: Slowbro|[spread] p2a,p2b\n|-supereffective|p2a: Sinistcha|1\n|-resisted|p2b: Slowbro|1\n|-damage|p2a: Sinistcha|0 fnt\n|-damage|p2b: Slowbro|76/100\n|faint|p2a: Sinistcha\n|move|p1b: Camerupt|Eruption|p2b: Slowbro\n|-resisted|p2b: Slowbro|1\n|-damage|p2b: Slowbro|55/100\n|\n|-weather|SunnyDay|[upkeep]\n|upkeep\n|\n|t:|1776226068\n|switch|p2a: Meowstic|Meowstic, L50, M|82/100\n|turn|5\n|inactive|apexdesu has 30 seconds left.\n|\n|t:|1776226100\n|detailschange|p2b: Slowbro|Slowbro-Mega, L50, M\n|-mega|p2b: Slowbro|Slowbro|Slowbronite\n|move|p2a: Meowstic|Psychic Terrain|p2a: Meowstic\n|-fieldstart|move: Psychic Terrain\n|move|p1b: Camerupt|Earth Power|p2b: Slowbro\n|-damage|p2b: Slowbro|20/100\n|move|p1a: Torkoal|Eruption|p2b: Slowbro|[spread] p2a,p2b\n|-resisted|p2b: Slowbro|1\n|-damage|p2a: Meowstic|0 fnt\n|-damage|p2b: Slowbro|0 fnt\n|faint|p2a: Meowstic\n|faint|p2b: Slowbro\n|\n|win|apexdesu\n|raw|apexdesu's rating: 1140 &rarr; <strong>1161</strong><br />(+21 for winning)\n|raw|qweadwadawdq's rating: 1084 &rarr; <strong>1065</strong><br />(-19 for losing)\n|l|\u2606qweadwadawdq\n|player|p2|\n",
  "uploadtime": 1776226119,
  "views": 17,
  "formatid": "gen9championsvgc2026regma",
  "rating": 1065,
  "private": 0,
  "password": null
}