{
  "id": "gen9championsvgc2026regma-2581148333",
  "format": "[Gen 9 Champions] VGC 2026 Reg M-A",
  "players": [
    "chromate",
    "u lost da game"
  ],
  "log": "|j|\u2606chromate\n|j|\u2606u lost da game\n|t:|1775964538\n|gametype|doubles\n|player|p1|chromate|miku-ghost|\n|player|p2|u lost da game|265|\n|gen|9\n|tier|[Gen 9 Champions] VGC 2026 Reg M-A\n|rated|Tournament battle\n|rule|Species Clause: Limit one of each Pok\u00e9mon\n|rule|Item Clause: Limit 1 of each item\n|clearpoke\n|poke|p1|Garchomp, L50, M|\n|poke|p1|Aerodactyl, L50, M|\n|poke|p1|Floette-Eternal, L50, F|\n|poke|p1|Rotom-Wash, L50|\n|poke|p1|Incineroar, L50, F|\n|poke|p1|Sinistcha, L50|\n|poke|p2|Incineroar, L50, M|\n|poke|p2|Farigiraf, L50, F|\n|poke|p2|Whimsicott, L50, F|\n|poke|p2|Floette-Eternal, L50, F|\n|poke|p2|Empoleon, L50, M|\n|poke|p2|Aerodactyl, L50, M|\n|teampreview|4\n|j| Carrielis\n|l| Carrielis\n|j| physicstesting8\n|l| physicstesting8\n|c|\u2606u lost da game|glhf\n|j| Carrielis\n|c|\u2606chromate|glhf\n|inactive|Battle timer is ON: inactive players will automatically lose when time's up. (requested by u lost da game)\n|j|+crystalninetales\n|\n|t:|1775964609\n|teamsize|p1|4\n|teamsize|p2|4\n|start\n|switch|p1a: Rotom|Rotom-Wash, L50|100/100\n|switch|p1b: Floette|Floette-Eternal, L50, F|100/100\n|switch|p2a: Incineroar|Incineroar, L50, M|100/100\n|switch|p2b: Empoleon|Empoleon, L50, M|100/100\n|-ability|p2a: Incineroar|Intimidate|boost\n|-unboost|p1a: Rotom|atk|1\n|-unboost|p1b: Floette|atk|1\n|turn|1\n|j|+Bandkrook\n|j| Anish Tatsugiri\n|\n|t:|1775964629\n|detailschange|p1b: Floette|Floette-Mega, L50, F\n|-mega|p1b: Floette|Floette|Floettite\n|-ability|p1b: Floette|Fairy Aura\n|move|p1b: Floette|Protect|p1b: Floette\n|-singleturn|p1b: Floette|Protect\n|move|p2a: Incineroar|Fake Out|p1a: Rotom\n|-damage|p1a: Rotom|90/100\n|cant|p1a: Rotom|flinch\n|move|p2b: Empoleon|Flash Cannon|p1b: Floette\n|-activate|p1b: Floette|move: Protect\n|\n|upkeep\n|turn|2\n|l|+Bandkrook\n|inactive|chromate has 30 seconds left.\n|inactive|chromate has 20 seconds left.\n|\n|t:|1775964667\n|move|p1a: Rotom|Thunderbolt|p2b: Empoleon\n|-supereffective|p2b: Empoleon|1\n|-damage|p2b: Empoleon|35/100\n|move|p1b: Floette|Calm Mind|p1b: Floette\n|-boost|p1b: Floette|spa|1\n|-boost|p1b: Floette|spd|1\n|move|p2a: Incineroar|Flare Blitz|p1b: Floette\n|-damage|p1b: Floette|45/100\n|-damage|p2a: Incineroar|84/100|[from] Recoil\n|move|p2b: Empoleon|Hydro Pump|p1b: Floette|[miss]\n|-miss|p2b: Empoleon|p1b: Floette\n|\n|-heal|p2b: Empoleon|41/100|[from] item: Leftovers\n|upkeep\n|turn|3\n|\n|t:|1775964680\n|move|p2b: Empoleon|Protect|p2b: Empoleon\n|-singleturn|p2b: Empoleon|Protect\n|move|p1a: Rotom|Thunderbolt|p2b: Empoleon\n|-activate|p2b: Empoleon|move: Protect\n|move|p1b: Floette|Moonblast|p2a: Incineroar\n|-damage|p2a: Incineroar|0 fnt\n|faint|p2a: Incineroar\n|\n|-heal|p2b: Empoleon|47/100|[from] item: Leftovers\n|upkeep\n|\n|t:|1775964682\n|switch|p2a: Farigiraf|Farigiraf, L50, F|100/100\n|turn|4\n|\n|t:|1775964691\n|move|p2b: Empoleon|Protect||[still]\n|-fail|p2b: Empoleon\n|move|p1a: Rotom|Thunderbolt|p2b: Empoleon\n|-supereffective|p2b: Empoleon|1\n|-damage|p2b: Empoleon|0 fnt\n|faint|p2b: Empoleon\n|move|p1b: Floette|Moonblast|p2a: Farigiraf\n|-damage|p2a: Farigiraf|0 fnt\n|faint|p2a: Farigiraf\n|\n|upkeep\n|j| typhoeusvgc\n|c|\u2606u lost da game|gg\n|\n|t:|1775964700\n|switch|p2b: Floette|Floette-Eternal, L50, F|100/100\n|turn|5\n|inactive|chromate has 30 seconds left.\n|inactive|chromate has 20 seconds left.\n|inactive|chromate has 15 seconds left.\n|inactive|chromate has 10 seconds left.\n|\n|t:|1775964747\n|detailschange|p2b: Floette|Floette-Mega, L50, F\n|-mega|p2b: Floette|Floette|Floettite\n|-ability|p2b: Floette|Fairy Aura\n|move|p1b: Floette|Protect|p1b: Floette\n|-singleturn|p1b: Floette|Protect\n|move|p2b: Floette|Moonblast|p1b: Floette\n|-activate|p1b: Floette|move: Protect\n|move|p1a: Rotom|Electroweb|p2b: Floette\n|-damage|p2b: Floette|76/100\n|-unboost|p2b: Floette|spe|1\n|\n|upkeep\n|turn|6\n|c|\u2606chromate|gg\n|\n|t:|1775964771\n|move|p1a: Rotom|Electroweb|p2b: Floette\n|-damage|p2b: Floette|56/100\n|-unboost|p2b: Floette|spe|1\n|move|p1b: Floette|Moonblast|p2b: Floette\n|-damage|p2b: Floette|0 fnt\n|faint|p2b: Floette\n|\n|win|chromate\n|n|\u2606chromate|chromate\n|n|\u2606u lost da game|ulostdagame\n|n| Carrielis|carrielis\n|n| crystalninetales|crystalninetales\n|n| Anish Tatsugiri|anishtatsugiri\n|n| typhoeusvgc|typhoeusvgc\n|l|\u2606u lost da game\n|player|p2|\n",
  "uploadtime": 1775964778,
  "views": 11,
  "formatid": "gen9championsvgc2026regma",
  "rating": null,
  "private": 0,
  "password": null
}