{
  "id": "gen9championsvgc2026regma-2587395633",
  "format": "[Gen 9 Champions] VGC 2026 Reg M-A",
  "players": [
    "teskisaburger",
    "sends its regards"
  ],
  "log": "|j|\u2606teskisaburger\n|j|\u2606sends its regards\n|t:|1776528286\n|gametype|doubles\n|player|p1|teskisaburger|fisherman-gen4|1074\n|player|p2|sends its regards|unknown|1102\n|gen|9\n|tier|[Gen 9 Champions] VGC 2026 Reg M-A\n|rated|\n|rule|Species Clause: Limit one of each Pok\u00e9mon\n|rule|Item Clause: Limit 1 of each item\n|clearpoke\n|poke|p1|Arcanine-Hisui, L50, F|\n|poke|p1|Aegislash, L50, F|\n|poke|p1|Kangaskhan, L50, F|\n|poke|p1|Chandelure, L50, F|\n|poke|p1|Noivern, L50, F|\n|poke|p1|Tauros-Paldea-Aqua, L50, M|\n|poke|p2|Skarmory, L50, F|\n|poke|p2|Sneasler, L50, F|\n|poke|p2|Garchomp, L50, F|\n|poke|p2|Incineroar, L50, F|\n|poke|p2|Sinistcha, L50|\n|poke|p2|Milotic, L50, M|\n|teampreview|4\n|inactive|Battle timer is ON: inactive players will automatically lose when time's up. (requested by teskisaburger)\nteskisaburger rejected open team sheets.\n|inactive|sends its regards has 60 seconds left.\n|\n|t:|1776528356\n|teamsize|p1|4\n|teamsize|p2|4\n|start\n|switch|p1a: Kangaskhan|Kangaskhan, L50, F|100/100\n|switch|p1b: Noivern|Noivern, L50, F|100/100\n|switch|p2a: Milotic|Milotic, L50, M|100/100\n|switch|p2b: Incineroar|Incineroar, L50, F|100/100\n|-item|p2a: Milotic|Leftovers|[from] ability: Frisk|[of] p1b: Noivern\n|-item|p2b: Incineroar|Chople Berry|[from] ability: Frisk|[of] p1b: Noivern\n|-ability|p2b: Incineroar|Intimidate|boost\n|-fail|p1a: Kangaskhan|unboost|Attack|[from] ability: Inner Focus|[of] p1a: Kangaskhan\n|-unboost|p1b: Noivern|atk|1\n|turn|1\n|inactive|sends its regards has 30 seconds left.\n|inactive|sends its regards has 20 seconds left.\n|inactive|sends its regards has 15 seconds left.\n|\n|t:|1776528397\n|detailschange|p1a: Kangaskhan|Kangaskhan-Mega, L50, F\n|-mega|p1a: Kangaskhan|Kangaskhan|Kangaskhanite\n|move|p1a: Kangaskhan|Fake Out|p2b: Incineroar\n|-damage|p2b: Incineroar|81/100\n|-damage|p2b: Incineroar|75/100\n|-hitcount|p2b: Incineroar|2\n|cant|p2b: Incineroar|flinch\n|move|p1b: Noivern|Tailwind|p1b: Noivern\n|-sidestart|p1: teskisaburger|move: Tailwind\n|move|p2a: Milotic|Coil|p2a: Milotic\n|-boost|p2a: Milotic|atk|1\n|-boost|p2a: Milotic|def|1\n|-boost|p2a: Milotic|accuracy|1\n|\n|upkeep\n|turn|2\n|inactive|sends its regards has 30 seconds left.\n|\n|t:|1776528424\n|move|p1b: Noivern|Taunt|p2a: Milotic\n|-start|p2a: Milotic|move: Taunt\n|move|p1a: Kangaskhan|Drain Punch|p2b: Incineroar\n|-supereffective|p2b: Incineroar|1\n|-enditem|p2b: Incineroar|Chople Berry|[eat]\n|-enditem|p2b: Incineroar|Chople Berry|[weaken]\n|-damage|p2b: Incineroar|51/100\n|-supereffective|p2b: Incineroar|1\n|-damage|p2b: Incineroar|39/100\n|-hitcount|p2b: Incineroar|2\n|cant|p2a: Milotic|move: Taunt|Hypnosis\n|move|p2b: Incineroar|Parting Shot|p1a: Kangaskhan\n|-unboost|p1a: Kangaskhan|atk|1\n|-unboost|p1a: Kangaskhan|spa|1\n|\n|t:|1776528438\n|switch|p2b: Skarmory|Skarmory, L50, F|100/100|[from] Parting Shot\n|\n|upkeep\n|turn|3\n|\n|t:|1776528457\n|switch|p1a: Tauros|Tauros-Paldea-Aqua, L50, M|100/100\n|-ability|p1a: Tauros|Intimidate|boost\n|-unboost|p2a: Milotic|atk|1\n|-ability|p2a: Milotic|Competitive|boost\n|-boost|p2a: Milotic|spa|2\n|-unboost|p2b: Skarmory|atk|1\n|move|p1b: Noivern|Super Fang|p2b: Skarmory|[miss]\n|-miss|p1b: Noivern|p2b: Skarmory\n|move|p2b: Skarmory|Body Press|p1a: Tauros\n|-damage|p1a: Tauros|71/100\n|move|p2a: Milotic|Muddy Water|p1a: Tauros|[spread] p1a,p1b\n|-resisted|p1a: Tauros|1\n|-resisted|p1b: Noivern|1\n|-damage|p1a: Tauros|33/100\n|-damage|p1b: Noivern|70/100\n|-unboost|p1a: Tauros|accuracy|1\n|-enditem|p1a: Tauros|White Herb\n|-clearnegativeboost|p1a: Tauros|[silent]\n|\n|upkeep\n|turn|4\n|inactive|sends its regards has 30 seconds left.\n|\n|t:|1776528490\n|move|p2b: Skarmory|Protect|p2b: Skarmory\n|-singleturn|p2b: Skarmory|Protect\n|move|p1b: Noivern|Super Fang|p2a: Milotic\n|-damage|p2a: Milotic|50/100\n|move|p1a: Tauros|Wave Crash|p2b: Skarmory\n|-activate|p2b: Skarmory|move: Protect\n|move|p2a: Milotic|Muddy Water|p1a: Tauros|[spread] p1a,p1b\n|-resisted|p1a: Tauros|1\n|-resisted|p1b: Noivern|1\n|-damage|p1a: Tauros|0 fnt\n|-damage|p1b: Noivern|42/100\n|faint|p1a: Tauros\n|\n|-heal|p2a: Milotic|56/100|[from] item: Leftovers\n|-end|p2a: Milotic|move: Taunt\n|-sideend|p1: teskisaburger|move: Tailwind\n|upkeep\n|\n|t:|1776528495\n|switch|p1a: Kangaskhan|Kangaskhan-Mega, L50, F|100/100\n|turn|5\n|inactive|sends its regards has 30 seconds left.\n|\n|t:|1776528522\n|move|p1b: Noivern|Draco Meteor|p2a: Milotic\n|-damage|p2a: Milotic|21/100\n|-unboost|p1b: Noivern|spa|2\n|move|p2b: Skarmory|Body Press|p1a: Kangaskhan\n|-supereffective|p1a: Kangaskhan|1\n|-damage|p1a: Kangaskhan|59/100\n|move|p1a: Kangaskhan|Double-Edge|p2a: Milotic\n|-damage|p2a: Milotic|0 fnt\n|faint|p2a: Milotic\n|-hitcount|p2: Milotic|1\n|-damage|p1a: Kangaskhan|53/100|[from] Recoil\n|\n|upkeep\n|\n|t:|1776528539\n|switch|p2a: Incineroar|Incineroar, L50, F|39/100\n|-ability|p2a: Incineroar|Intimidate|boost\n|-unboost|p1a: Kangaskhan|atk|1\n|-unboost|p1b: Noivern|atk|1\n|turn|6\n|inactive|sends its regards has 30 seconds left.\n|inactive|sends its regards has 20 seconds left.\n|inactive|sends its regards has 15 seconds left.\n|\n|t:|1776528583\n|move|p2a: Incineroar|Fake Out|p1a: Kangaskhan\n|-damage|p1a: Kangaskhan|41/100\n|move|p1b: Noivern|Super Fang|p2b: Skarmory\n|-damage|p2b: Skarmory|51/100\n|move|p2b: Skarmory|Body Press|p1a: Kangaskhan\n|-supereffective|p1a: Kangaskhan|1\n|-damage|p1a: Kangaskhan|0 fnt\n|faint|p1a: Kangaskhan\n|\n|upkeep\n|\n|t:|1776528588\n|switch|p1a: Arcanine|Arcanine-Hisui, L50, F|100/100\n|turn|7\n|inactive|sends its regards has 30 seconds left.\n|\n|t:|1776528619\n|detailschange|p2b: Skarmory|Skarmory-Mega, L50, F\n|-mega|p2b: Skarmory|Skarmory|Skarmorite\n|move|p1a: Arcanine|Rock Slide|p2a: Incineroar|[spread] p2a,p2b\n|-supereffective|p2a: Incineroar|1\n|-damage|p2a: Incineroar|0 fnt\n|-damage|p2b: Skarmory|16/100\n|faint|p2a: Incineroar\n|move|p1b: Noivern|Super Fang|p2b: Skarmory\n|-damage|p2b: Skarmory|8/100\n|cant|p2b: Skarmory|flinch\n|\n|upkeep\n|\n|t:|1776528628\n|switch|p2a: Garchomp|Garchomp, L50, F|100/100\n|turn|8\n|\n|t:|1776528651\n|move|p2b: Skarmory|Protect|p2b: Skarmory\n|-singleturn|p2b: Skarmory|Protect\n|move|p2a: Garchomp|Protect|p2a: Garchomp\n|-singleturn|p2a: Garchomp|Protect\n|move|p1a: Arcanine|Rock Slide|p2b: Skarmory|[spread] \n|-activate|p2a: Garchomp|move: Protect\n|-activate|p2b: Skarmory|move: Protect\n|move|p1b: Noivern|Super Fang|p2a: Garchomp\n|-activate|p2a: Garchomp|move: Protect\n|\n|upkeep\n|turn|9\n|\n|t:|1776528672\n|move|p1a: Arcanine|Rock Slide|p2a: Garchomp|[spread] p2b\n|-miss|p1a: Arcanine|p2a: Garchomp\n|-damage|p2b: Skarmory|0 fnt\n|faint|p2b: Skarmory\n|move|p1b: Noivern|Super Fang|p2a: Garchomp\n|-damage|p2a: Garchomp|51/100\n|-damage|p1b: Noivern|30/100|[from] ability: Rough Skin|[of] p2a: Garchomp\n|move|p2a: Garchomp|Dragon Claw|p1b: Noivern\n|-supereffective|p1b: Noivern|1\n|-damage|p1b: Noivern|0 fnt\n|faint|p1b: Noivern\n|\n|upkeep\n|turn|10\n|\n|t:|1776528680\n|move|p1a: Arcanine|Rock Slide|p2a: Garchomp\n|-resisted|p2a: Garchomp|1\n|-damage|p2a: Garchomp|31/100\n|cant|p2a: Garchomp|flinch\n|\n|upkeep\n|turn|11\n|\n|t:|1776528683\n|move|p1a: Arcanine|Rock Slide|p2a: Garchomp\n|-resisted|p2a: Garchomp|1\n|-damage|p2a: Garchomp|10/100\n|move|p2a: Garchomp|Earthquake|p1a: Arcanine\n|-supereffective|p1a: Arcanine|2\n|-damage|p1a: Arcanine|0 fnt\n|faint|p1a: Arcanine\n|\n|win|sends its regards\n|raw|teskisaburger's rating: 1074 &rarr; <strong>1055</strong><br />(-19 for losing)\n|raw|sends its regards's rating: 1102 &rarr; <strong>1125</strong><br />(+23 for winning)\n|l|\u2606teskisaburger\n|player|p1|\n",
  "uploadtime": 1776528689,
  "views": 14,
  "formatid": "gen9championsvgc2026regma",
  "rating": 1055,
  "private": 0,
  "password": null
}