{
  "id": "gen9championsvgc2026regma-2585831556",
  "format": "[Gen 9 Champions] VGC 2026 Reg M-A",
  "players": [
    "2sweep4u",
    "tupac20"
  ],
  "log": "|j|\u26062sweep4u\n|j|\u2606tupac20\n|t:|1776373929\n|gametype|doubles\n|player|p1|2sweep4u|unknownf|1183\n|player|p2|tupac20|169|1268\n|gen|9\n|tier|[Gen 9 Champions] VGC 2026 Reg M-A\n|rated|\n|rule|Species Clause: Limit one of each Pok\u00e9mon\n|rule|Item Clause: Limit 1 of each item\n|clearpoke\n|poke|p1|Incineroar, L50, F|\n|poke|p1|Milotic, L50, F|\n|poke|p1|Aerodactyl, L50, F|\n|poke|p1|Tyranitar, L50, F|\n|poke|p1|Excadrill, L50, F|\n|poke|p1|Sinistcha-Masterpiece, L50|\n|poke|p2|Gengar, L50, F|\n|poke|p2|Tyranitar, L50, M|\n|poke|p2|Rotom-Wash, L50|\n|poke|p2|Garchomp, L50, M|\n|poke|p2|Sylveon, L50, M|\n|poke|p2|Excadrill, L50, F|\n|teampreview|4\n|j| ClassClownApple\n|inactive|Battle timer is ON: inactive players will automatically lose when time's up. (requested by tupac20)\n|\n|t:|1776373960\n|teamsize|p1|4\n|teamsize|p2|4\n|start\n|switch|p1a: Incineroar|Incineroar, L50, F|100/100\n|switch|p1b: Excadrill|Excadrill, L50, F|100/100\n|switch|p2a: Rotom|Rotom-Wash, L50|100/100\n|switch|p2b: Gengar|Gengar, L50, F|100/100\n|-ability|p1a: Incineroar|Intimidate|boost\n|-unboost|p2a: Rotom|atk|1\n|-unboost|p2b: Gengar|atk|1\n|turn|1\n|inactive|tupac20 has 30 seconds left.\n|inactive|tupac20 has 20 seconds left.\n|inactive|tupac20 has 15 seconds left.\n|inactive|tupac20 has 10 seconds left.\n|\n|t:|1776374007\n|detailschange|p2b: Gengar|Gengar-Mega, L50, F\n|-mega|p2b: Gengar|Gengar|Gengarite\n|move|p1a: Incineroar|Fake Out|p2a: Rotom\n|-damage|p2a: Rotom|89/100\n|move|p2b: Gengar|Sludge Bomb|p1a: Incineroar\n|-damage|p1a: Incineroar|55/100\n|-status|p1a: Incineroar|psn\n|cant|p2a: Rotom|flinch\n|move|p1b: Excadrill|Stomping Tantrum|p2b: Gengar\n|-supereffective|p2b: Gengar|1\n|-crit|p2b: Gengar\n|-damage|p2b: Gengar|0 fnt\n|faint|p2b: Gengar\n|\n|-damage|p1a: Incineroar|43/100 psn|[from] psn\n|upkeep\n|\n|t:|1776374028\n|switch|p2b: Excadrill|Excadrill, L50, F|100/100\n|turn|2\n|inactive|2sweep4u has 30 seconds left.\n|\n|t:|1776374055\n|switch|p1b: Sinistcha|Sinistcha-Masterpiece, L50|100/100\n|-heal|p1a: Incineroar|68/100 psn|[from] ability: Hospitality|[of] p1b: Sinistcha\n|move|p2b: Excadrill|Protect|p2b: Excadrill\n|-singleturn|p2b: Excadrill|Protect\n|move|p2a: Rotom|Will-O-Wisp|p1b: Sinistcha\n|-status|p1b: Sinistcha|brn\n|move|p1a: Incineroar|Parting Shot|p2b: Excadrill\n|-activate|p2b: Excadrill|move: Protect\n|\n|-damage|p1a: Incineroar|55/100 psn|[from] psn\n|-damage|p1b: Sinistcha|95/100 brn|[from] brn\n|upkeep\n|turn|3\n|inactive|2sweep4u has 30 seconds left.\n|inactive|tupac20 has 30 seconds left.\n|inactive|tupac20 has 20 seconds left.\n|\n|t:|1776374091\n|move|p1b: Sinistcha|Rage Powder|p1b: Sinistcha\n|-singleturn|p1b: Sinistcha|move: Rage Powder\n|move|p2a: Rotom|Thunderbolt|p1b: Sinistcha\n|-resisted|p1b: Sinistcha|1\n|-damage|p1b: Sinistcha|78/100 brn\n|move|p2b: Excadrill|Rock Slide|p1a: Incineroar|[spread] p1a,p1b\n|-supereffective|p1a: Incineroar|1\n|-damage|p1a: Incineroar|22/100 psn\n|-damage|p1b: Sinistcha|62/100 brn\n|move|p1a: Incineroar|Flare Blitz|p2b: Excadrill\n|-supereffective|p2b: Excadrill|1\n|-enditem|p2b: Excadrill|Focus Sash\n|-damage|p2b: Excadrill|1/100\n|-damage|p1a: Incineroar|0 fnt|[from] Recoil\n|faint|p1a: Incineroar\n|\n|-damage|p1b: Sinistcha|56/100 brn|[from] brn\n|upkeep\n|\n|t:|1776374110\n|switch|p1a: Milotic|Milotic, L50, F|100/100\n|turn|4\n|\n|t:|1776374122\n|move|p1a: Milotic|Protect|p1a: Milotic\n|-singleturn|p1a: Milotic|Protect\n|move|p2a: Rotom|Volt Switch|p1a: Milotic\n|-activate|p1a: Milotic|move: Protect\n|move|p2b: Excadrill|Rock Slide|p1b: Sinistcha|[spread] p1b\n|-activate|p1a: Milotic|move: Protect\n|-damage|p1b: Sinistcha|39/100 brn\n|-enditem|p1b: Sinistcha|Sitrus Berry|[eat]\n|-heal|p1b: Sinistcha|64/100 brn|[from] item: Sitrus Berry\n|move|p1b: Sinistcha|Matcha Gotcha|p2b: Excadrill|[spread] p2a,p2b\n|-supereffective|p2a: Rotom|1\n|-damage|p2a: Rotom|38/100\n|-heal|p1b: Sinistcha|88/100 brn|[from] drain|[of] p2a: Rotom\n|-damage|p2b: Excadrill|0 fnt\n|-heal|p1b: Sinistcha|88/100 brn|[from] drain|[of] p2b: Excadrill\n|-status|p2a: Rotom|brn\n|-enditem|p2a: Rotom|Sitrus Berry|[eat]\n|-heal|p2a: Rotom|63/100 brn|[from] item: Sitrus Berry\n|faint|p2b: Excadrill\n|\n|-damage|p2a: Rotom|57/100 brn|[from] brn\n|-damage|p1b: Sinistcha|82/100 brn|[from] brn\n|upkeep\n|\n|t:|1776374137\n|switch|p2b: Tyranitar|Tyranitar, L50, M|100/100\n|-weather|Sandstorm|[from] ability: Sand Stream|[of] p2b: Tyranitar\n|turn|5\n|\n|t:|1776374165\n|move|p1b: Sinistcha|Rage Powder|p1b: Sinistcha\n|-singleturn|p1b: Sinistcha|move: Rage Powder\n|move|p2a: Rotom|Thunderbolt|p1b: Sinistcha\n|-resisted|p1b: Sinistcha|1\n|-damage|p1b: Sinistcha|63/100 brn\n|move|p1a: Milotic|Scald|p2b: Tyranitar\n|-supereffective|p2b: Tyranitar|1\n|-damage|p2b: Tyranitar|63/100\n|-status|p2b: Tyranitar|brn\n|move|p2b: Tyranitar|Rock Slide|p1a: Milotic|[spread] p1a,p1b\n|-damage|p1a: Milotic|89/100\n|-damage|p1b: Sinistcha|53/100 brn\n|\n|-weather|Sandstorm|[upkeep]\n|-damage|p2a: Rotom|51/100 brn|[from] Sandstorm\n|-damage|p1a: Milotic|83/100|[from] Sandstorm\n|-damage|p1b: Sinistcha|48/100 brn|[from] Sandstorm\n|-heal|p1a: Milotic|89/100|[from] item: Leftovers\n|-heal|p2b: Tyranitar|69/100 brn|[from] item: Leftovers\n|-damage|p2a: Rotom|46/100 brn|[from] brn\n|-damage|p1b: Sinistcha|42/100 brn|[from] brn\n|-damage|p2b: Tyranitar|63/100 brn|[from] brn\n|upkeep\n|turn|6\n|-message|tupac20 forfeited.\n|\n|win|2sweep4u\n|raw|2sweep4u's rating: 1183 &rarr; <strong>1214</strong><br />(+31 for winning)\n|raw|tupac20's rating: 1268 &rarr; <strong>1237</strong><br />(-31 for losing)\n",
  "uploadtime": 1776374173,
  "views": 36,
  "formatid": "gen9championsvgc2026regma",
  "rating": 1214,
  "private": 0,
  "password": null
}