{
  "id": "gen9championsvgc2026regma-2583742076",
  "format": "[Gen 9 Champions] VGC 2026 Reg M-A",
  "players": [
    "filipelima0617",
    "mofriu4334"
  ],
  "log": "|j|\u2606filipelima0617\n|j|\u2606mofriu4334\n|t:|1776194598\n|gametype|doubles\n|player|p1|filipelima0617|skier|\n|player|p2|mofriu4334|bianca|\n|gen|9\n|tier|[Gen 9 Champions] VGC 2026 Reg M-A\n|rule|Species Clause: Limit one of each Pok\u00e9mon\n|rule|Item Clause: Limit 1 of each item\n|clearpoke\n|poke|p1|Toxapex, L50, M|\n|poke|p1|Rotom-Wash, L50|\n|poke|p1|Hippowdon, L50, M|\n|poke|p1|Scizor, L50, M|\n|poke|p1|Mamoswine, L50, F|\n|poke|p1|Gengar, L50, M|\n|poke|p2|Scizor, L50, M|\n|poke|p2|Rotom-Wash, L50|\n|poke|p2|Sylveon, L50, M|\n|poke|p2|Incineroar, L50, F|\n|poke|p2|Garchomp, L50, M|\n|poke|p2|Dragonite, L50, M|\n|teampreview|4\n|\n|t:|1776194624\n|teamsize|p1|4\n|teamsize|p2|4\n|start\n|switch|p1a: Mamoswine|Mamoswine, L50, F|100/100\n|switch|p1b: Toxapex|Toxapex, L50, M|100/100\n|switch|p2a: Scizor|Scizor, L50, M|100/100\n|switch|p2b: Rotom|Rotom-Wash, L50|100/100\n|turn|1\n|\n|t:|1776194683\n|switch|p1b: Gengar|Gengar, L50, M|100/100\n|move|p1a: Mamoswine|Earthquake|p2b: Rotom|[spread] p1b,p2a\n|-immune|p2b: Rotom|[from] ability: Levitate\n|-supereffective|p1b: Gengar|1\n|-damage|p1b: Gengar|0 fnt\n|-damage|p2a: Scizor|63/100\n|faint|p1b: Gengar\n|move|p2b: Rotom|Thunderbolt|p1a: Mamoswine\n|-immune|p1a: Mamoswine\n|move|p2a: Scizor|Close Combat|p1a: Mamoswine\n|-supereffective|p1a: Mamoswine|1\n|-enditem|p1a: Mamoswine|Focus Sash\n|-damage|p1a: Mamoswine|1/100\n|-unboost|p2a: Scizor|def|1\n|-unboost|p2a: Scizor|spd|1\n|\n|upkeep\n|\n|t:|1776194722\n|switch|p1b: Toxapex|Toxapex, L50, M|100/100\n|turn|2\n|\n|t:|1776194742\n|switch|p2a: Dragonite|Dragonite, L50, M, shiny|100/100\n|move|p1a: Mamoswine|Ice Shard|p2b: Rotom\n|-resisted|p2b: Rotom|1\n|-damage|p2b: Rotom|93/100\n|move|p2b: Rotom|Thunderbolt|p1b: Toxapex\n|-supereffective|p1b: Toxapex|1\n|-damage|p1b: Toxapex|57/100\n|move|p1b: Toxapex|Toxic|p2b: Rotom\n|-status|p2b: Rotom|tox\n|\n|-heal|p1b: Toxapex|63/100|[from] item: Leftovers\n|-damage|p2b: Rotom|87/100 tox|[from] psn\n|upkeep\n|turn|3\n|j| jeanmixed\n|\n|t:|1776194763\n|detailschange|p2a: Dragonite|Dragonite-Mega, L50, M, shiny\n|-mega|p2a: Dragonite|Dragonite|Dragoninite\n|move|p2a: Dragonite|Extreme Speed|p1a: Mamoswine\n|-damage|p1a: Mamoswine|0 fnt\n|faint|p1a: Mamoswine\n|move|p2b: Rotom|Thunderbolt|p1b: Toxapex\n|-supereffective|p1b: Toxapex|1\n|-damage|p1b: Toxapex|20/100\n|move|p1b: Toxapex|Recover|p1b: Toxapex\n|-heal|p1b: Toxapex|70/100\n|\n|-heal|p1b: Toxapex|76/100|[from] item: Leftovers\n|-damage|p2b: Rotom|76/100 tox|[from] psn\n|upkeep\n|\n|t:|1776194778\n|switch|p1a: Scizor|Scizor, L50, M|100/100\n|turn|4\n|\n|t:|1776194805\n|move|p2a: Dragonite|Dragon Dance|p2a: Dragonite\n|-boost|p2a: Dragonite|atk|1\n|-boost|p2a: Dragonite|spe|1\n|move|p2b: Rotom|Will-O-Wisp|p1a: Scizor|[miss]\n|-miss|p2b: Rotom|p1a: Scizor\n|move|p1a: Scizor|Swords Dance|p1a: Scizor\n|-boost|p1a: Scizor|atk|2\n|move|p1b: Toxapex|Toxic|p2a: Dragonite\n|-status|p2a: Dragonite|tox\n|\n|-heal|p1b: Toxapex|81/100|[from] item: Leftovers\n|-damage|p2a: Dragonite|95/100 tox|[from] psn\n|-damage|p2b: Rotom|58/100 tox|[from] psn\n|upkeep\n|turn|5\n|\n|t:|1776194826\n|move|p1a: Scizor|Protect|p1a: Scizor\n|-singleturn|p1a: Scizor|Protect\n|move|p2a: Dragonite|Dragon Claw|p1a: Scizor\n|-activate|p1a: Scizor|move: Protect\n|move|p2b: Rotom|Thunderbolt|p1a: Scizor\n|-activate|p1a: Scizor|move: Protect\n|move|p1b: Toxapex|Recover|p1b: Toxapex\n|-heal|p1b: Toxapex|100/100\n|\n|-damage|p2a: Dragonite|83/100 tox|[from] psn\n|-damage|p2b: Rotom|36/100 tox|[from] psn\n|upkeep\n|-enditem|p2b: Rotom|Sitrus Berry|[eat]\n|-heal|p2b: Rotom|60/100 tox|[from] item: Sitrus Berry\n|turn|6\n|\n|t:|1776194850\n|move|p2a: Dragonite|Dragon Claw|p1a: Scizor\n|-resisted|p1a: Scizor|1\n|-damage|p1a: Scizor|69/100\n|move|p2b: Rotom|Thunderbolt|p1a: Scizor\n|-damage|p1a: Scizor|31/100\n|move|p1a: Scizor|U-turn|p2a: Dragonite\n|-resisted|p2a: Dragonite|1\n|-damage|p2a: Dragonite|43/100 tox\n|move|p1b: Toxapex|Recover||[still]\n|-fail|p1b: Toxapex|heal\n|\n|-damage|p2a: Dragonite|25/100 tox|[from] psn\n|-damage|p2b: Rotom|32/100 tox|[from] psn\n|upkeep\n|turn|7\n|\n|t:|1776194877\n|move|p1a: Scizor|Protect|p1a: Scizor\n|-singleturn|p1a: Scizor|Protect\n|move|p2a: Dragonite|Dragon Claw|p1a: Scizor\n|-activate|p1a: Scizor|move: Protect\n|move|p2b: Rotom|Thunderbolt|p1a: Scizor\n|-activate|p1a: Scizor|move: Protect\n|move|p1b: Toxapex|Recover||[still]\n|-fail|p1b: Toxapex|heal\n|\n|-damage|p2a: Dragonite|2/100 tox|[from] psn\n|-damage|p2b: Rotom|0 fnt|[from] psn\n|faint|p2b: Rotom\n|upkeep\n|\n|t:|1776194899\n|switch|p2b: Scizor|Scizor, L50, M|63/100\n|turn|8\n|\n|t:|1776194938\n|move|p2a: Dragonite|Extreme Speed|p1a: Scizor\n|-resisted|p1a: Scizor|1\n|-damage|p1a: Scizor|9/100\n|move|p2b: Scizor|Bullet Punch|p1a: Scizor\n|-resisted|p1a: Scizor|1\n|-damage|p1a: Scizor|0 fnt\n|faint|p1a: Scizor\n|move|p1b: Toxapex|Chilling Water|p2b: Scizor\n|-damage|p2b: Scizor|49/100\n|-unboost|p2b: Scizor|atk|1\n|\n|-damage|p2a: Dragonite|0 fnt|[from] psn\n|faint|p2a: Dragonite\n|upkeep\n|\n|t:|1776194948\n|switch|p2a: Sylveon|Sylveon, L50, M, shiny|100/100\n|turn|9\n|\n|t:|1776194978\n|move|p2a: Sylveon|Helping Hand|p2b: Scizor\n|-singleturn|p2b: Scizor|Helping Hand|[of] p2a: Sylveon\n|move|p2b: Scizor|Bullet Punch|p2a: Sylveon\n|-supereffective|p2a: Sylveon|1\n|-damage|p2a: Sylveon|0 fnt\n|faint|p2a: Sylveon\n|move|p1b: Toxapex|Toxic|p2b: Scizor\n|-immune|p2b: Scizor\n|\n|upkeep\n|turn|10\n|-message|mofriu4334 forfeited.\n|\n|win|filipelima0617\n|l|\u2606mofriu4334\n|player|p2|\n|l|\u2606filipelima0617\n|player|p1|\n",
  "uploadtime": 1776195023,
  "views": 15,
  "formatid": "gen9championsvgc2026regma",
  "rating": null,
  "private": 0,
  "password": null
}