{
  "id": "gen9championsvgc2026regma-2588531735",
  "format": "[Gen 9 Champions] VGC 2026 Reg M-A",
  "players": [
    "DewEnjoyer",
    "AguaDeVaso"
  ],
  "log": "|j|\u2606DewEnjoyer\n|j|\u2606AguaDeVaso\n|t:|1776642232\n|gametype|doubles\n|player|p1|DewEnjoyer|169|1000\n|player|p2|AguaDeVaso|102|1051\n|gen|9\n|tier|[Gen 9 Champions] VGC 2026 Reg M-A\n|rated|\n|rule|Species Clause: Limit one of each Pok\u00e9mon\n|rule|Item Clause: Limit 1 of each item\n|clearpoke\n|poke|p1|Aerodactyl, L50, M, shiny|\n|poke|p1|Garchomp, L50, M, shiny|\n|poke|p1|Mudsdale, L50, M, shiny|\n|poke|p1|Excadrill, L50, F, shiny|\n|poke|p1|Snorlax, L50, M, shiny|\n|poke|p1|Tyranitar, L50, F, shiny|\n|poke|p2|Gardevoir, L50, F|\n|poke|p2|Maushold-Four, L50|\n|poke|p2|Basculegion, L50, M|\n|poke|p2|Talonflame, L50, M|\n|poke|p2|Kingambit, L50, M|\n|poke|p2|Garchomp, L50, F|\n|teampreview|4\nDewEnjoyer rejected open team sheets.\n|\n|t:|1776642268\n|teamsize|p1|4\n|teamsize|p2|4\n|start\n|switch|p1a: Tyranitar|Tyranitar, L50, F, shiny|100/100\n|switch|p1b: Excadrill|Excadrill, L50, F, shiny|100/100\n|switch|p2a: Gardevoir|Gardevoir, L50, F|100/100\n|switch|p2b: Basculegion|Basculegion, L50, M|100/100\n|-weather|Sandstorm|[from] ability: Sand Stream|[of] p1a: Tyranitar\n|turn|1\n|inactive|Battle timer is ON: inactive players will automatically lose when time's up. (requested by AguaDeVaso)\n|\n|t:|1776642302\n|detailschange|p2a: Gardevoir|Gardevoir-Mega, L50, F\n|-mega|p2a: Gardevoir|Gardevoir|Gardevoirite\n|move|p2a: Gardevoir|Protect|p2a: Gardevoir\n|-singleturn|p2a: Gardevoir|Protect\n|move|p1a: Tyranitar|Protect|p1a: Tyranitar\n|-singleturn|p1a: Tyranitar|Protect\n|move|p1b: Excadrill|Rock Slide|p2b: Basculegion|[spread] p2b\n|-activate|p2a: Gardevoir|move: Protect\n|-crit|p2b: Basculegion\n|-damage|p2b: Basculegion|67/100\n|move|p2b: Basculegion|Wave Crash|p1a: Tyranitar\n|-activate|p1a: Tyranitar|move: Protect\n|\n|-weather|Sandstorm|[upkeep]\n|-damage|p2a: Gardevoir|95/100|[from] Sandstorm\n|-damage|p2b: Basculegion|61/100|[from] Sandstorm\n|upkeep\n|turn|2\n|\n|t:|1776642326\n|move|p2b: Basculegion|Protect|p2b: Basculegion\n|-singleturn|p2b: Basculegion|Protect\n|move|p1b: Excadrill|Rock Slide|p2a: Gardevoir|[spread] p2a\n|-activate|p2b: Basculegion|move: Protect\n|-damage|p2a: Gardevoir|64/100\n|move|p1a: Tyranitar|Rock Slide|p2a: Gardevoir|[spread] p2a\n|-activate|p2b: Basculegion|move: Protect\n|-damage|p2a: Gardevoir|19/100\n|cant|p2a: Gardevoir|flinch\n|\n|-weather|Sandstorm|[upkeep]\n|-damage|p2a: Gardevoir|14/100|[from] Sandstorm\n|-damage|p2b: Basculegion|55/100|[from] Sandstorm\n|upkeep\n|turn|3\n|\n|t:|1776642345\n|switch|p2a: Kingambit|Kingambit, L50, M|100/100\n|move|p1b: Excadrill|Rock Slide|p2b: Basculegion|[spread] p2a,p2b\n|-resisted|p2a: Kingambit|1\n|-crit|p2a: Kingambit\n|-damage|p2a: Kingambit|88/100\n|-damage|p2b: Basculegion|30/100\n|-enditem|p2b: Basculegion|Sitrus Berry|[eat]\n|-heal|p2b: Basculegion|55/100|[from] item: Sitrus Berry\n|move|p2b: Basculegion|Wave Crash|p1b: Excadrill\n|-supereffective|p1b: Excadrill|1\n|-enditem|p1b: Excadrill|Focus Sash\n|-damage|p1b: Excadrill|1/100\n|-damage|p2b: Basculegion|28/100|[from] Recoil\n|move|p1a: Tyranitar|Rock Slide|p2b: Basculegion|[spread] p2a,p2b\n|-resisted|p2a: Kingambit|1\n|-damage|p2a: Kingambit|77/100\n|-damage|p2b: Basculegion|0 fnt\n|faint|p2b: Basculegion\n|\n|-weather|Sandstorm|[upkeep]\n|upkeep\n|\n|t:|1776642362\n|switch|p2b: Gardevoir|Gardevoir-Mega, L50, F|14/100\n|turn|4\n|\n|t:|1776642369\n|move|p2b: Gardevoir|Protect|p2b: Gardevoir\n|-singleturn|p2b: Gardevoir|Protect\n|move|p2a: Kingambit|Sucker Punch|p1b: Excadrill\n|-damage|p1b: Excadrill|0 fnt\n|faint|p1b: Excadrill\n|move|p1a: Tyranitar|Rock Slide|p2a: Kingambit|[spread] p2a\n|-activate|p2b: Gardevoir|move: Protect\n|-resisted|p2a: Kingambit|1\n|-damage|p2a: Kingambit|64/100\n|\n|-weather|Sandstorm|[upkeep]\n|-damage|p2b: Gardevoir|8/100|[from] Sandstorm\n|upkeep\n|\n|t:|1776642387\n|switch|p1b: Garchomp|Garchomp, L50, M, shiny|100/100\n|turn|5\n|\n|t:|1776642402\n|move|p2a: Kingambit|Protect|p2a: Kingambit\n|-singleturn|p2a: Kingambit|Protect\n|move|p1b: Garchomp|Rock Slide|p2b: Gardevoir|[spread] p2b\n|-activate|p2a: Kingambit|move: Protect\n|-damage|p2b: Gardevoir|0 fnt\n|faint|p2b: Gardevoir\n|move|p1a: Tyranitar|Rock Slide|p2a: Kingambit\n|-activate|p2a: Kingambit|move: Protect\n|\n|-weather|none\n|upkeep\n|\n|t:|1776642412\n|switch|p2b: Maushold|Maushold-Four, L50|100/100\n|turn|6\n|\n|t:|1776642432\n|detailschange|p1a: Tyranitar|Tyranitar-Mega, L50, F, shiny\n|-mega|p1a: Tyranitar|Tyranitar|Tyranitarite\n|-weather|Sandstorm|[from] ability: Sand Stream|[of] p1a: Tyranitar\n|move|p1b: Garchomp|Rock Slide|p2b: Maushold|[spread] p2a,p2b\n|-resisted|p2a: Kingambit|1\n|-damage|p2a: Kingambit|58/100\n|-damage|p2b: Maushold|74/100\n|cant|p2b: Maushold|flinch\n|move|p1a: Tyranitar|Rock Slide|p2b: Maushold|[spread] p2a,p2b\n|-resisted|p2a: Kingambit|1\n|-damage|p2a: Kingambit|48/100\n|-damage|p2b: Maushold|29/100\n|move|p2a: Kingambit|Iron Head|p1a: Tyranitar\n|-supereffective|p1a: Tyranitar|1\n|-damage|p1a: Tyranitar|48/100\n|\n|-weather|Sandstorm|[upkeep]\n|-damage|p2b: Maushold|23/100|[from] Sandstorm\n|upkeep\n|turn|7\n|c|\u2606DewEnjoyer|LET IT RIDE\n|\n|t:|1776642455\n|move|p2b: Maushold|Protect|p2b: Maushold\n|-singleturn|p2b: Maushold|Protect\n|move|p1b: Garchomp|Rock Slide|p2a: Kingambit|[spread] p2a\n|-activate|p2b: Maushold|move: Protect\n|-resisted|p2a: Kingambit|1\n|-damage|p2a: Kingambit|42/100\n|move|p1a: Tyranitar|Rock Slide|p2b: Maushold|[spread] p2a\n|-activate|p2b: Maushold|move: Protect\n|-resisted|p2a: Kingambit|1\n|-damage|p2a: Kingambit|31/100\n|move|p2a: Kingambit|Iron Head|p1a: Tyranitar\n|-supereffective|p1a: Tyranitar|1\n|-damage|p1a: Tyranitar|0 fnt\n|faint|p1a: Tyranitar\n|\n|-weather|Sandstorm|[upkeep]\n|-damage|p2b: Maushold|17/100|[from] Sandstorm\n|upkeep\n|\n|t:|1776642471\n|switch|p1a: Mudsdale|Mudsdale, L50, M, shiny|100/100\n|turn|8\n|-activate|p1a: Mudsdale|item: Quick Claw\n|\n|t:|1776642478\n|move|p2a: Kingambit|Sucker Punch|p1b: Garchomp\n|-damage|p1b: Garchomp|58/100\n|-damage|p2a: Kingambit|19/100|[from] ability: Rough Skin|[of] p1b: Garchomp\n|move|p1a: Mudsdale|Rock Slide|p2a: Kingambit|[spread] p2a\n|-miss|p1a: Mudsdale|p2b: Maushold\n|-resisted|p2a: Kingambit|1\n|-damage|p2a: Kingambit|14/100\n|move|p1b: Garchomp|Rock Slide|p2b: Maushold|[spread] p2a,p2b\n|-resisted|p2a: Kingambit|1\n|-damage|p2a: Kingambit|8/100\n|-damage|p2b: Maushold|0 fnt\n|faint|p2b: Maushold\n|\n|-weather|Sandstorm|[upkeep]\n|upkeep\n|turn|9\n|\n|t:|1776642493\n|move|p2a: Kingambit|Sucker Punch|p1b: Garchomp\n|-damage|p1b: Garchomp|18/100\n|-damage|p2a: Kingambit|0 fnt|[from] ability: Rough Skin|[of] p1b: Garchomp\n|faint|p2a: Kingambit\n|\n|win|DewEnjoyer\n|raw|DewEnjoyer's rating: 1000 &rarr; <strong>1046</strong><br />(+46 for winning)\n|raw|AguaDeVaso's rating: 1051 &rarr; <strong>1031</strong><br />(-20 for losing)\n",
  "uploadtime": 1776642503,
  "views": 20,
  "formatid": "gen9championsvgc2026regma",
  "rating": 1031,
  "private": 0,
  "password": null
}