{
  "id": "gen9championsvgc2026regma-2583314491",
  "format": "[Gen 9 Champions] VGC 2026 Reg M-A",
  "players": [
    "Mob777",
    "cottonface"
  ],
  "log": "|j|\u2606Mob777\n|j|\u2606cottonface\n|t:|1776166058\n|gametype|doubles\n|player|p1|Mob777|n|1000\n|player|p2|cottonface|collector|1048\n|gen|9\n|tier|[Gen 9 Champions] VGC 2026 Reg M-A\n|rated|\n|rule|Species Clause: Limit one of each Pok\u00e9mon\n|rule|Item Clause: Limit 1 of each item\n|clearpoke\n|poke|p1|Charizard, L50, M|\n|poke|p1|Ninetales-Alola, L50, F|\n|poke|p1|Kommo-o, L50, M|\n|poke|p1|Sinistcha, L50|\n|poke|p1|Kingambit, L50, F|\n|poke|p1|Milotic, L50, F|\n|poke|p2|Snorlax, L50, M|\n|poke|p2|Audino, L50, M|\n|poke|p2|Zoroark-Hisui, L50, F|\n|poke|p2|Ditto, L50|\n|poke|p2|Farigiraf, L50, F|\n|poke|p2|Toucannon, L50, F|\n|teampreview|4\n|\n|t:|1776166101\n|teamsize|p1|4\n|teamsize|p2|4\n|start\n|switch|p1a: Kingambit|Kingambit, L50, F|100/100\n|switch|p1b: Charizard|Charizard, L50, M|100/100\n|switch|p2a: Audino|Audino, L50, M|100/100\n|switch|p2b: Toucannon|Toucannon, L50, F|100/100\n|turn|1\n|\n|t:|1776166128\n|detailschange|p1b: Charizard|Charizard-Mega-X, L50, M\n|-mega|p1b: Charizard|Charizard|Charizardite X\n|move|p1b: Charizard|Protect|p1b: Charizard\n|-singleturn|p1b: Charizard|Protect\n|move|p2a: Audino|Focus Blast|p1a: Kingambit\n|-supereffective|p1a: Kingambit|2\n|-enditem|p1a: Kingambit|Chople Berry|[eat]\n|-enditem|p1a: Kingambit|Chople Berry|[weaken]\n|-damage|p1a: Kingambit|23/100\n|move|p2b: Toucannon|Flame Charge|p1a: Kingambit\n|-supereffective|p1a: Kingambit|1\n|-damage|p1a: Kingambit|1/100\n|-boost|p2b: Toucannon|spe|1\n|move|p1a: Kingambit|Iron Head|p2a: Audino\n|-damage|p2a: Audino|6/100\n|replace|p2a: Zoroark|Zoroark-Hisui, L50, F\n|-end|p2a: Zoroark|Illusion\n|\n|upkeep\n|turn|2\n|\n|t:|1776166156\n|move|p1a: Kingambit|Sucker Punch|p2a: Zoroark\n|-supereffective|p2a: Zoroark|1\n|-damage|p2a: Zoroark|0 fnt\n|faint|p2a: Zoroark\n|move|p2b: Toucannon|Bullet Seed|p1b: Charizard\n|-resisted|p1b: Charizard|2\n|-damage|p1b: Charizard|99/100\n|-resisted|p1b: Charizard|2\n|-damage|p1b: Charizard|98/100\n|-resisted|p1b: Charizard|2\n|-damage|p1b: Charizard|97/100\n|-resisted|p1b: Charizard|2\n|-damage|p1b: Charizard|96/100\n|-resisted|p1b: Charizard|2\n|-damage|p1b: Charizard|95/100\n|-hitcount|p1b: Charizard|5\n|cant|p1b: Charizard|flinch\n|\n|upkeep\n|\n|t:|1776166170\n|switch|p2a: Audino|Audino, L50, M|100/100\n|turn|3\n|\n|t:|1776166183\n|detailschange|p2a: Audino|Audino-Mega, L50, M\n|-mega|p2a: Audino|Audino|Audinite\n|move|p2a: Audino|Ally Switch|p2a: Audino\n|swap|p2a: Audino|1|[from] move: Ally Switch\n|move|p2a: Toucannon|Flame Charge|p1a: Kingambit\n|-supereffective|p1a: Kingambit|1\n|-damage|p1a: Kingambit|0 fnt\n|-boost|p2a: Toucannon|spe|1\n|faint|p1a: Kingambit\n|move|p1b: Charizard|Flare Blitz|p2a: Toucannon\n|-damage|p2a: Toucannon|0 fnt\n|faint|p2a: Toucannon\n|-damage|p1b: Charizard|67/100|[from] Recoil\n|\n|upkeep\n|\n|t:|1776166202\n|switch|p2a: Snorlax|Snorlax, L50, M|100/100\n|switch|p1a: Sinistcha|Sinistcha, L50|100/100\n|-heal|p1b: Charizard|92/100|[from] ability: Hospitality|[of] p1a: Sinistcha\n|turn|4\n|\n|t:|1776166218\n|move|p1a: Sinistcha|Rage Powder|p1a: Sinistcha\n|-singleturn|p1a: Sinistcha|move: Rage Powder\n|move|p1b: Charizard|Dragon Dance|p1b: Charizard\n|-boost|p1b: Charizard|atk|1\n|-boost|p1b: Charizard|spe|1\n|move|p2a: Snorlax|Curse|p2a: Snorlax\n|-unboost|p2a: Snorlax|spe|1\n|-boost|p2a: Snorlax|atk|1\n|-boost|p2a: Snorlax|def|1\n|move|p2b: Audino|Trick Room|p2b: Audino\n|-fieldstart|move: Trick Room|[of] p2b: Audino\n|\n|upkeep\n|turn|5\n|\n|t:|1776166234\n|move|p1a: Sinistcha|Rage Powder|p1a: Sinistcha\n|-singleturn|p1a: Sinistcha|move: Rage Powder\n|move|p2a: Snorlax|Crunch|p1a: Sinistcha\n|-supereffective|p1a: Sinistcha|1\n|-damage|p1a: Sinistcha|24/100\n|-enditem|p1a: Sinistcha|Sitrus Berry|[eat]\n|-heal|p1a: Sinistcha|49/100|[from] item: Sitrus Berry\n|move|p2b: Audino|Wish|p2b: Audino\n|move|p1b: Charizard|Flare Blitz|p2b: Audino\n|-damage|p2b: Audino|29/100\n|-damage|p1b: Charizard|65/100|[from] Recoil\n|\n|upkeep\n|turn|6\n|\n|t:|1776166250\n|move|p2b: Audino|Protect|p2b: Audino\n|-singleturn|p2b: Audino|Protect\n|move|p1a: Sinistcha|Rage Powder|p1a: Sinistcha\n|-singleturn|p1a: Sinistcha|move: Rage Powder\n|move|p2a: Snorlax|Double-Edge|p1a: Sinistcha\n|-immune|p1a: Sinistcha\n|move|p1b: Charizard|Flare Blitz|p2b: Audino\n|-activate|p2b: Audino|move: Protect\n|\n|-heal|p2b: Audino|79/100|[from] move: Wish|[wisher] Audino\n|upkeep\n|turn|7\n|\n|t:|1776166264\n|move|p1a: Sinistcha|Rage Powder|p1a: Sinistcha\n|-singleturn|p1a: Sinistcha|move: Rage Powder\n|move|p2a: Snorlax|Crunch|p1a: Sinistcha\n|-supereffective|p1a: Sinistcha|1\n|-damage|p1a: Sinistcha|0 fnt\n|faint|p1a: Sinistcha\n|move|p2b: Audino|Wish|p2b: Audino\n|move|p1b: Charizard|Flare Blitz|p2b: Audino\n|-damage|p2b: Audino|10/100\n|-damage|p1b: Charizard|39/100|[from] Recoil\n|\n|upkeep\n|\n|t:|1776166271\n|switch|p1a: Kommo-o|Kommo-o, L50, M|100/100\n|turn|8\n|\n|t:|1776166277\n|move|p2b: Audino|Protect|p2b: Audino\n|-singleturn|p2b: Audino|Protect\n|move|p2a: Snorlax|Double-Edge|p1b: Charizard\n|-damage|p1b: Charizard|0 fnt\n|faint|p1b: Charizard\n|-damage|p2a: Snorlax|92/100|[from] Recoil\n|move|p1a: Kommo-o|Aura Sphere|p2a: Snorlax\n|-supereffective|p2a: Snorlax|1\n|-damage|p2a: Snorlax|45/100\n|\n|-heal|p2b: Audino|60/100|[from] move: Wish|[wisher] Audino\n|-heal|p2a: Snorlax|51/100|[from] item: Leftovers\n|-fieldend|move: Trick Room\n|upkeep\n|turn|9\n|\n|t:|1776166299\n|move|p1a: Kommo-o|Aura Sphere|p2a: Snorlax\n|-supereffective|p2a: Snorlax|1\n|-damage|p2a: Snorlax|6/100\n|move|p2a: Snorlax|Curse|p2a: Snorlax\n|-unboost|p2a: Snorlax|spe|1\n|-boost|p2a: Snorlax|atk|1\n|-boost|p2a: Snorlax|def|1\n|move|p2b: Audino|Trick Room|p2b: Audino\n|-fieldstart|move: Trick Room|[of] p2b: Audino\n|\n|-heal|p2a: Snorlax|12/100|[from] item: Leftovers\n|upkeep\n|turn|10\n|\n|t:|1776166314\n|move|p2a: Snorlax|Rest|p2a: Snorlax\n|-status|p2a: Snorlax|slp|[from] move: Rest\n|-heal|p2a: Snorlax|100/100 slp|[silent]\n|move|p2b: Audino|Wish|p2b: Audino\n|move|p1a: Kommo-o|Aura Sphere|p2a: Snorlax\n|-supereffective|p2a: Snorlax|1\n|-damage|p2a: Snorlax|59/100 slp\n|\n|-heal|p2a: Snorlax|65/100 slp|[from] item: Leftovers\n|-activate|p2b: Audino|ability: Healer\n|-curestatus|p2a: Snorlax|slp|[msg]\n|upkeep\n|turn|11\n|\n|t:|1776166329\n|move|p2b: Audino|Ally Switch|p2b: Audino\n|swap|p2b: Audino|0|[from] move: Ally Switch\n|move|p2b: Snorlax|Double-Edge|p1a: Kommo-o\n|-damage|p1a: Kommo-o|0 fnt\n|faint|p1a: Kommo-o\n|-damage|p2b: Snorlax|47/100|[from] Recoil\n|\n|win|cottonface\n|raw|Mob777's rating: 1000 &rarr; <strong>1000</strong><br />(+0 for losing)\n|raw|cottonface's rating: 1048 &rarr; <strong>1076</strong><br />(+28 for winning)\n|l|\u2606Mob777\n|player|p1|\n",
  "uploadtime": 1776166339,
  "views": 18,
  "formatid": "gen9championsvgc2026regma",
  "rating": 1000,
  "private": 0,
  "password": null
}