{
  "id": "gen9championsvgc2026regma-2583156735",
  "format": "[Gen 9 Champions] VGC 2026 Reg M-A",
  "players": [
    "Piehead",
    "Froth OClock"
  ],
  "log": "|j|\u2606Piehead\n|j|\u2606Froth OClock\n|t:|1776148921\n|gametype|doubles\n|player|p1|Piehead|266|1377\n|player|p2|Froth OClock|crasherwake|1482\n|gen|9\n|tier|[Gen 9 Champions] VGC 2026 Reg M-A\n|rated|\n|rule|Species Clause: Limit one of each Pok\u00e9mon\n|rule|Item Clause: Limit 1 of each item\n|clearpoke\n|poke|p1|Farigiraf, L50, F|\n|poke|p1|Golurk, L50|\n|poke|p1|Araquanid, L50, M|\n|poke|p1|Meganium, L50, F|\n|poke|p1|Incineroar, L50, F|\n|poke|p1|Sneasler, L50, M|\n|poke|p2|Delphox, L50, F|\n|poke|p2|Garchomp, L50, M|\n|poke|p2|Primarina, L50, F|\n|poke|p2|Sneasler, L50, F|\n|poke|p2|Ninetales-Alola, L50, F|\n|poke|p2|Furfrou, L50, M|\n|teampreview|4\n|inactive|Battle timer is ON: inactive players will automatically lose when time's up. (requested by Piehead)\n|inactive|Froth OClock has 60 seconds left.\n|\n|t:|1776148970\n|teamsize|p1|4\n|teamsize|p2|4\n|start\n|switch|p1a: Sneasler|Sneasler, L50, M|100/100\n|switch|p1b: Farigiraf|Farigiraf, L50, F|100/100\n|switch|p2a: Furfrou|Furfrou, L50, M|100/100\n|switch|p2b: The Prim|Primarina, L50, F|100/100\n|turn|1\n|j| Crvstal_K!tty\n|\n|t:|1776148988\n|move|p1a: Sneasler|Dire Claw|p2b: The Prim\n|-supereffective|p2b: The Prim|1\n|-damage|p2b: The Prim|4/100\n|move|p2a: Furfrou|Charm|p1a: Sneasler\n|-unboost|p1a: Sneasler|atk|2\n|-enditem|p1a: Sneasler|White Herb\n|-clearnegativeboost|p1a: Sneasler|[silent]\n|move|p2b: The Prim|Calm Mind|p2b: The Prim\n|-boost|p2b: The Prim|spa|1\n|-boost|p2b: The Prim|spd|1\n|move|p1b: Farigiraf|Trick Room|p1b: Farigiraf\n|-fieldstart|move: Trick Room|[of] p1b: Farigiraf\n|\n|-heal|p2b: The Prim|10/100|[from] item: Leftovers\n|upkeep\n|turn|2\n|inactive|Piehead has 30 seconds left.\n|\n|t:|1776149016\n|move|p1b: Farigiraf|Psychic|p2b: The Prim\n|-damage|p2b: The Prim|0 fnt\n|faint|p2b: The Prim\n|move|p2a: Furfrou|Snarl|p1b: Farigiraf|[spread] p1a,p1b\n|-resisted|p1a: Sneasler|1\n|-crit|p1a: Sneasler\n|-supereffective|p1b: Farigiraf|1\n|-damage|p1a: Sneasler|94/100\n|-damage|p1b: Farigiraf|89/100\n|-unboost|p1a: Sneasler|spa|1\n|-unboost|p1b: Farigiraf|spa|1\n|move|p1a: Sneasler|Close Combat|p2a: Furfrou\n|-supereffective|p2a: Furfrou|1\n|-damage|p2a: Furfrou|8/100\n|-unboost|p1a: Sneasler|def|1\n|-unboost|p1a: Sneasler|spd|1\n|-enditem|p2a: Furfrou|Sitrus Berry|[eat]\n|-heal|p2a: Furfrou|33/100|[from] item: Sitrus Berry\n|\n|upkeep\n|\n|t:|1776149021\n|switch|p2b: The Phox|Delphox, L50, F|100/100\n|turn|3\n|\n|t:|1776149040\n|switch|p1a: Araquanid|Araquanid, L50, M|100/100\n|move|p1b: Farigiraf|Psychic|p2a: Furfrou\n|-damage|p2a: Furfrou|3/100\n|move|p2a: Furfrou|Snarl|p1b: Farigiraf|[spread] p1a,p1b\n|-supereffective|p1b: Farigiraf|1\n|-damage|p1a: Araquanid|95/100\n|-damage|p1b: Farigiraf|78/100\n|-unboost|p1a: Araquanid|spa|1\n|-unboost|p1b: Farigiraf|spa|1\n|move|p2b: The Phox|Heat Wave|p1a: Araquanid|[spread] p1a,p1b\n|-damage|p1a: Araquanid|82/100\n|-damage|p1b: Farigiraf|52/100\n|\n|upkeep\n|turn|4\n|\n|t:|1776149063\n|move|p2b: The Phox|Protect|p2b: The Phox\n|-singleturn|p2b: The Phox|Protect\n|move|p1a: Araquanid|Liquidation|p2b: The Phox\n|-activate|p2b: The Phox|move: Protect\n|move|p1b: Farigiraf|Psychic|p2a: Furfrou\n|-damage|p2a: Furfrou|0 fnt\n|faint|p2a: Furfrou\n|\n|upkeep\n|\n|t:|1776149073\n|switch|p2a: The Sneas|Sneasler, L50, F|100/100\n|turn|5\n|\n|t:|1776149084\n|detailschange|p2b: The Phox|Delphox-Mega, L50, F\n|-mega|p2b: The Phox|Delphox|Delphoxite\n|move|p2a: The Sneas|Protect|p2a: The Sneas\n|-singleturn|p2a: The Sneas|Protect\n|move|p1a: Araquanid|Liquidation|p2b: The Phox\n|-supereffective|p2b: The Phox|1\n|-crit|p2b: The Phox\n|-damage|p2b: The Phox|0 fnt\n|faint|p2b: The Phox\n|move|p1b: Farigiraf|Psychic|p2a: The Sneas\n|-activate|p2a: The Sneas|move: Protect\n|\n|-fieldend|move: Trick Room\n|upkeep\n|turn|6\n|inactive|Piehead has 30 seconds left.\n|\n|t:|1776149110\n|move|p2a: The Sneas|Dire Claw|p1b: Farigiraf\n|-damage|p1b: Farigiraf|15/100\n|-enditem|p1b: Farigiraf|Sitrus Berry|[eat]\n|-heal|p1b: Farigiraf|39/100|[from] item: Sitrus Berry\n|move|p1b: Farigiraf|Psychic|p2a: The Sneas\n|-supereffective|p2a: The Sneas|2\n|-damage|p2a: The Sneas|1/100\n|move|p1a: Araquanid|Liquidation|p2a: The Sneas\n|-damage|p2a: The Sneas|0 fnt\n|faint|p2a: The Sneas\n|\n|win|Piehead\n|raw|Piehead's rating: 1377 &rarr; <strong>1403</strong><br />(+26 for winning)\n|raw|Froth OClock's rating: 1482 &rarr; <strong>1456</strong><br />(-26 for losing)\n|l|\u2606Froth OClock\n|player|p2|\n|l| Crvstal_K!tty\n",
  "uploadtime": 1776149134,
  "views": 44,
  "formatid": "gen9championsvgc2026regma",
  "rating": 1403,
  "private": 0,
  "password": null
}