{
  "id": "gen9championsvgc2026regma-2585631722",
  "format": "[Gen 9 Champions] VGC 2026 Reg M-A",
  "players": [
    "Vetor098",
    "Sobbinghorses"
  ],
  "log": "|j|\u2606Vetor098\n|j|\u2606Sobbinghorses\n|t:|1776360090\n|gametype|doubles\n|player|p1|Vetor098|266|1092\n|player|p2|Sobbinghorses|backersf|1000\n|gen|9\n|tier|[Gen 9 Champions] VGC 2026 Reg M-A\n|rated|\n|rule|Species Clause: Limit one of each Pok\u00e9mon\n|rule|Item Clause: Limit 1 of each item\n|clearpoke\n|poke|p1|Tyranitar, L50, F|\n|poke|p1|Steelix, L50, F|\n|poke|p1|Hydreigon, L50, F|\n|poke|p1|Sinistcha, L50|\n|poke|p1|Rotom-Wash, L50|\n|poke|p1|Sneasler, L50, F|\n|poke|p2|Aegislash, L50, M|\n|poke|p2|Garganacl, L50, M|\n|poke|p2|Sinistcha, L50|\n|poke|p2|Incineroar, L50, F|\n|poke|p2|Garchomp, L50, F|\n|poke|p2|Sneasler, L50, M|\n|teampreview|4\n|\n|t:|1776360111\n|teamsize|p1|4\n|teamsize|p2|4\n|start\n|switch|p1a: Tyranitar|Tyranitar, L50, F|100/100\n|switch|p1b: Steelix|Steelix, L50, F, shiny|100/100\n|switch|p2a: Aegislash|Aegislash, L50, M|100/100\n|switch|p2b: Incineroar|Incineroar, L50, F|100/100\n|-ability|p2b: Incineroar|Intimidate|boost\n|-unboost|p1a: Tyranitar|atk|1\n|-unboost|p1b: Steelix|atk|1\n|-weather|Sandstorm|[from] ability: Sand Stream|[of] p1a: Tyranitar\n|turn|1\n|\n|t:|1776360142\n|switch|p1a: Hydreigon|Hydreigon, L50, F|100/100\n|detailschange|p1b: Steelix|Steelix-Mega, L50, F, shiny\n|-mega|p1b: Steelix|Steelix|Steelixite\n|move|p2a: Aegislash|Swords Dance|p2a: Aegislash\n|-boost|p2a: Aegislash|atk|2\n|move|p2b: Incineroar|Parting Shot|p1a: Hydreigon\n|-unboost|p1a: Hydreigon|atk|1\n|-unboost|p1a: Hydreigon|spa|1\n|\n|t:|1776360153\n|switch|p2b: Garganacl|Garganacl, L50, M, shiny|100/100|[from] Parting Shot\n|move|p1b: Steelix|Earthquake|p2b: Garganacl|[spread] p2a,p2b\n|-immune|p1a: Hydreigon|[from] ability: Levitate\n|-supereffective|p2a: Aegislash|1\n|-supereffective|p2b: Garganacl|1\n|-damage|p2a: Aegislash|35/100\n|-damage|p2b: Garganacl|62/100\n|\n|-weather|Sandstorm|[upkeep]\n|-damage|p1a: Hydreigon|95/100|[from] Sandstorm\n|-heal|p2b: Garganacl|68/100|[from] item: Leftovers\n|upkeep\n|turn|2\n|\n|t:|1776360187\n|switch|p2b: Sinistcha|Sinistcha, L50|100/100\n|-heal|p2a: Aegislash|60/100|[from] ability: Hospitality|[of] p2b: Sinistcha\n|move|p2a: Aegislash|King's Shield|p2a: Aegislash\n|-singleturn|p2a: Aegislash|Protect\n|move|p1a: Hydreigon|Heat Wave|p2a: Aegislash|[spread] p2b\n|-activate|p2a: Aegislash|move: Protect\n|-supereffective|p2b: Sinistcha|1\n|-enditem|p2b: Sinistcha|Occa Berry|[eat]\n|-enditem|p2b: Sinistcha|Occa Berry|[weaken]\n|-damage|p2b: Sinistcha|82/100\n|move|p1b: Steelix|Earthquake|p2b: Sinistcha|[spread] p2b\n|-activate|p2a: Aegislash|move: Protect\n|-immune|p1a: Hydreigon|[from] ability: Levitate\n|-resisted|p2b: Sinistcha|1\n|-damage|p2b: Sinistcha|65/100\n|\n|-weather|Sandstorm|[upkeep]\n|-damage|p1a: Hydreigon|89/100|[from] Sandstorm\n|-damage|p2b: Sinistcha|59/100|[from] Sandstorm\n|upkeep\n|turn|3\n|\n|t:|1776360210\n|-formechange|p2a: Aegislash|Aegislash-Blade|\n|move|p2a: Aegislash|Shadow Sneak|p1b: Steelix\n|-damage|p1b: Steelix|78/100\n|move|p1a: Hydreigon|Heat Wave|p2a: Aegislash|[spread] p2a,p2b\n|-supereffective|p2a: Aegislash|1\n|-supereffective|p2b: Sinistcha|1\n|-damage|p2a: Aegislash|0 fnt\n|-damage|p2b: Sinistcha|21/100\n|-status|p2b: Sinistcha|brn\n|faint|p2a: Aegislash\n|move|p2b: Sinistcha|Matcha Gotcha|p1a: Hydreigon|[spread] p1a,p1b\n|-resisted|p1a: Hydreigon|1\n|-damage|p1a: Hydreigon|72/100\n|-heal|p2b: Sinistcha|29/100 brn|[from] drain|[of] p1a: Hydreigon\n|-damage|p1b: Steelix|45/100\n|-heal|p2b: Sinistcha|45/100 brn|[from] drain|[of] p1b: Steelix\n|move|p1b: Steelix|Rock Slide|p2b: Sinistcha\n|-damage|p2b: Sinistcha|23/100 brn\n|\n|-weather|Sandstorm|[upkeep]\n|-damage|p1a: Hydreigon|66/100|[from] Sandstorm\n|-damage|p2b: Sinistcha|17/100 brn|[from] Sandstorm\n|-damage|p2b: Sinistcha|11/100 brn|[from] brn\n|upkeep\n|\n|t:|1776360233\n|switch|p2a: Incineroar|Incineroar, L50, F|100/100\n|-ability|p2a: Incineroar|Intimidate|boost\n|-unboost|p1a: Hydreigon|atk|1\n|-unboost|p1b: Steelix|atk|1\n|turn|4\n|\n|t:|1776360254\n|move|p2a: Incineroar|Fake Out|p1a: Hydreigon\n|-damage|p1a: Hydreigon|48/100\n|cant|p1a: Hydreigon|flinch\n|move|p1b: Steelix|Earthquake|p2a: Incineroar|[spread] p2a,p2b\n|-immune|p1a: Hydreigon|[from] ability: Levitate\n|-supereffective|p2a: Incineroar|1\n|-resisted|p2b: Sinistcha|1\n|-damage|p2a: Incineroar|40/100\n|-damage|p2b: Sinistcha|0 fnt\n|-enditem|p2a: Incineroar|Sitrus Berry|[eat]\n|-heal|p2a: Incineroar|65/100|[from] item: Sitrus Berry\n|faint|p2b: Sinistcha\n|\n|-weather|Sandstorm|[upkeep]\n|-damage|p1a: Hydreigon|42/100|[from] Sandstorm\n|-damage|p2a: Incineroar|59/100|[from] Sandstorm\n|upkeep\n|\n|t:|1776360268\n|switch|p2b: Garganacl|Garganacl, L50, M, shiny|68/100\n|turn|5\n|\n|t:|1776360287\n|move|p1a: Hydreigon|Heat Wave|p2a: Incineroar|[spread] p2a,p2b\n|-resisted|p2a: Incineroar|1\n|-resisted|p2b: Garganacl|1\n|-damage|p2a: Incineroar|50/100\n|-damage|p2b: Garganacl|64/100\n|move|p2a: Incineroar|Flare Blitz|p1b: Steelix\n|-supereffective|p1b: Steelix|1\n|-damage|p1b: Steelix|0 fnt\n|faint|p1b: Steelix\n|-damage|p2a: Incineroar|34/100|[from] Recoil\n|move|p2b: Garganacl|Salt Cure|p1a: Hydreigon\n|-damage|p1a: Hydreigon|24/100\n|-start|p1a: Hydreigon|Salt Cure\n|\n|-weather|none\n|-heal|p2b: Garganacl|70/100|[from] item: Leftovers\n|-damage|p1a: Hydreigon|18/100|[from] Salt Cure\n|upkeep\n|\n|t:|1776360306\n|switch|p1b: Tyranitar|Tyranitar, L50, F|100/100\n|-weather|Sandstorm|[from] ability: Sand Stream|[of] p1b: Tyranitar\n|turn|6\n|\n|t:|1776360321\n|switch|p1a: Sinistcha|Sinistcha, L50|100/100\n|move|p2a: Incineroar|Protect|p2a: Incineroar\n|-singleturn|p2a: Incineroar|Protect\n|move|p1b: Tyranitar|Low Kick|p2b: Garganacl\n|-supereffective|p2b: Garganacl|1\n|-damage|p2b: Garganacl|19/100\n|move|p2b: Garganacl|Body Press|p1b: Tyranitar\n|-supereffective|p1b: Tyranitar|2\n|-enditem|p1b: Tyranitar|Chople Berry|[eat]\n|-enditem|p1b: Tyranitar|Chople Berry|[weaken]\n|-damage|p1b: Tyranitar|53/100\n|\n|-weather|Sandstorm|[upkeep]\n|-damage|p2a: Incineroar|28/100|[from] Sandstorm\n|-damage|p1a: Sinistcha|94/100|[from] Sandstorm\n|-heal|p2b: Garganacl|25/100|[from] item: Leftovers\n|upkeep\n|turn|7\n|\n|t:|1776360342\n|move|p2b: Garganacl|Protect|p2b: Garganacl\n|-singleturn|p2b: Garganacl|Protect\n|move|p2a: Incineroar|Flare Blitz|p1a: Sinistcha\n|-supereffective|p1a: Sinistcha|1\n|-enditem|p1a: Sinistcha|Occa Berry|[eat]\n|-enditem|p1a: Sinistcha|Occa Berry|[weaken]\n|-damage|p1a: Sinistcha|35/100\n|-damage|p2a: Incineroar|8/100|[from] Recoil\n|move|p1b: Tyranitar|Low Kick|p2a: Incineroar\n|-supereffective|p2a: Incineroar|1\n|-damage|p2a: Incineroar|0 fnt\n|faint|p2a: Incineroar\n|move|p1a: Sinistcha|Matcha Gotcha|p2b: Garganacl\n|-activate|p2b: Garganacl|move: Protect\n|\n|-weather|Sandstorm|[upkeep]\n|-damage|p1a: Sinistcha|29/100|[from] Sandstorm\n|-heal|p2b: Garganacl|31/100|[from] item: Leftovers\n|upkeep\n|turn|8\n|\n|t:|1776360361\n|move|p1b: Tyranitar|Low Kick|p2b: Garganacl\n|-supereffective|p2b: Garganacl|1\n|-damage|p2b: Garganacl|0 fnt\n|faint|p2b: Garganacl\n|\n|win|Vetor098\n|raw|Vetor098's rating: 1092 &rarr; <strong>1111</strong><br />(+19 for winning)\n|raw|Sobbinghorses's rating: 1000 &rarr; <strong>1000</strong><br />(+0 for losing)\n|l|\u2606Sobbinghorses\n|player|p2|\n",
  "uploadtime": 1776360371,
  "views": 21,
  "formatid": "gen9championsvgc2026regma",
  "rating": 1000,
  "private": 0,
  "password": null
}