{
  "id": "gen9championsvgc2026regma-2582014982",
  "format": "[Gen 9 Champions] VGC 2026 Reg M-A",
  "players": [
    "zee for for for",
    "VyseCL"
  ],
  "log": "|j|\u2606zee for for for\n|j|\u2606VyseCL\n|t:|1776048500\n|gametype|doubles\n|player|p1|zee for for for|102|\n|player|p2|VyseCL|102|\n|gen|9\n|tier|[Gen 9 Champions] VGC 2026 Reg M-A\n|rated|Tournament battle\n|rule|Species Clause: Limit one of each Pok\u00e9mon\n|rule|Item Clause: Limit 1 of each item\n|clearpoke\n|poke|p1|Clefable, L50, M|\n|poke|p1|Garchomp, L50, M|\n|poke|p1|Kingambit, L50, F|\n|poke|p1|Sneasler, L50, M|\n|poke|p1|Basculegion, L50, M|\n|poke|p1|Delphox, L50, F|\n|poke|p2|Scizor, L50, M|\n|poke|p2|Pelipper, L50, M|\n|poke|p2|Mamoswine, L50, F|\n|poke|p2|Basculegion, L50, M|\n|poke|p2|Rotom-Mow, L50|\n|poke|p2|Dragonite, L50, F|\n|teampreview|4\n|j| speedyturtle87\n|j|+holdingb\n|inactive|Battle timer is ON: inactive players will automatically lose when time's up. (requested by VyseCL)\n|inactive|zee for for for has 60 seconds left.\n|\n|t:|1776048611\n|teamsize|p1|4\n|teamsize|p2|4\n|start\n|switch|p1a: Sneasler|Sneasler, L50, M|100/100\n|switch|p1b: Kingambit|Kingambit, L50, F|100/100\n|switch|p2a: Mamoswine|Mamoswine, L50, F, shiny|100/100\n|switch|p2b: Scizor|Scizor, L50, M|100/100\n|turn|1\n|j| Luigi Magnezone\n|j| ZaVGC\n|\n|t:|1776048629\n|switch|p1b: Delphox|Delphox, L50, F|100/100\n|move|p1a: Sneasler|Fake Out|p2a: Mamoswine\n|-damage|p2a: Mamoswine|85/100\n|cant|p2a: Mamoswine|flinch\n|move|p2b: Scizor|Dual Wingbeat|p1a: Sneasler\n|-supereffective|p1a: Sneasler|1\n|-crit|p1a: Sneasler\n|-enditem|p1a: Sneasler|Focus Sash\n|-damage|p1a: Sneasler|1/100\n|-supereffective|p1a: Sneasler|1\n|-crit|p1a: Sneasler\n|-damage|p1a: Sneasler|0 fnt\n|faint|p1a: Sneasler\n|-hitcount|p1: Sneasler|2\n|\n|upkeep\n|\n|t:|1776048644\n|switch|p1a: Basculegion|Basculegion, L50, M|100/100\n|turn|2\n|\n|t:|1776048659\n|detailschange|p1b: Delphox|Delphox-Mega, L50, F\n|-mega|p1b: Delphox|Delphox|Delphoxite\n|move|p2b: Scizor|Feint|p1b: Delphox\n|-damage|p1b: Delphox|72/100\n|move|p1a: Basculegion|Flip Turn|p2b: Scizor\n|-damage|p2b: Scizor|50/100\n|-enditem|p2b: Scizor|Sitrus Berry|[eat]\n|-heal|p2b: Scizor|75/100|[from] item: Sitrus Berry\n|j| Sharkman94\n|\n|t:|1776048666\n|switch|p1a: Kingambit|Kingambit, L50, F|100/100|[from] Flip Turn\n|move|p2a: Mamoswine|Rock Slide|p1b: Delphox|[spread] p1a,p1b\n|-resisted|p1a: Kingambit|1\n|-supereffective|p1b: Delphox|1\n|-damage|p1a: Kingambit|94/100\n|-damage|p1b: Delphox|8/100\n|move|p1b: Delphox|Substitute|p1b: Delphox\n|-fail|p1b: Delphox|move: Substitute|[weak]\n|\n|upkeep\n|turn|3\n|\n|t:|1776048680\n|switch|p1b: Basculegion|Basculegion, L50, M|100/100\n|move|p1a: Kingambit|Protect|p1a: Kingambit\n|-singleturn|p1a: Kingambit|Protect\n|move|p2b: Scizor|Feint|p1b: Basculegion\n|-immune|p1b: Basculegion\n|move|p2a: Mamoswine|Rock Slide|p1a: Kingambit|[spread] p1b\n|-activate|p1a: Kingambit|move: Protect\n|-damage|p1b: Basculegion|76/100\n|\n|upkeep\n|turn|4\n|inactive|VyseCL has 30 seconds left.\n|inactive|VyseCL has 20 seconds left.\n|inactive|VyseCL has 15 seconds left.\n|inactive|VyseCL has 10 seconds left.\n|\n|t:|1776048729\n|switch|p2a: Pelipper|Pelipper, L50, M|100/100\n|-weather|RainDance|[from] ability: Drizzle|[of] p2a: Pelipper\n|move|p1b: Basculegion|Wave Crash|p2a: Pelipper\n|-resisted|p2a: Pelipper|1\n|-damage|p2a: Pelipper|29/100\n|-damage|p1b: Basculegion|60/100|[from] Recoil\n|move|p2b: Scizor|Bug Bite|p1a: Kingambit\n|-damage|p1a: Kingambit|54/100\n|move|p1a: Kingambit|Swords Dance|p1a: Kingambit\n|-boost|p1a: Kingambit|atk|2\n|\n|-weather|RainDance|[upkeep]\n|upkeep\n|turn|5\n|inactive|VyseCL has 30 seconds left.\n|inactive|VyseCL has 20 seconds left.\n|\n|t:|1776048768\n|move|p2b: Scizor|Bullet Punch|p1b: Basculegion\n|-resisted|p1b: Basculegion|1\n|-damage|p1b: Basculegion|36/100\n|move|p1b: Basculegion|Wave Crash|p2a: Pelipper\n|-resisted|p2a: Pelipper|1\n|-damage|p2a: Pelipper|0 fnt\n|faint|p2a: Pelipper\n|-damage|p1b: Basculegion|29/100|[from] Recoil\n|move|p1a: Kingambit|Kowtow Cleave|p2b: Scizor\n|-damage|p2b: Scizor|0 fnt\n|faint|p2b: Scizor\n|\n|-weather|RainDance|[upkeep]\n|upkeep\n|\n|t:|1776048781\n|switch|p2b: Basculegion|Basculegion, L50, M, shiny|100/100\n|switch|p2a: Mamoswine|Mamoswine, L50, F, shiny|85/100\n|turn|6\n|j| venson04\n|l| venson04\n|inactive|VyseCL has 30 seconds left.\n|\n|t:|1776048816\n|move|p2b: Basculegion|Last Respects|p1b: Basculegion\n|-supereffective|p1b: Basculegion|1\n|-damage|p1b: Basculegion|0 fnt\n|faint|p1b: Basculegion\n|move|p2a: Mamoswine|Rock Slide|p1a: Kingambit\n|-resisted|p1a: Kingambit|1\n|-damage|p1a: Kingambit|43/100\n|cant|p1a: Kingambit|flinch\n|\n|-weather|RainDance|[upkeep]\n|upkeep\n|\n|t:|1776048820\n|switch|p1b: Delphox|Delphox-Mega, L50, F|8/100\n|turn|7\n|c|\u2606zee for for for|rip\n|\n|t:|1776048833\n|move|p2b: Basculegion|Aqua Jet|p1a: Kingambit\n|-damage|p1a: Kingambit|14/100\n|move|p1a: Kingambit|Sucker Punch||[still]\n|-fail|p1a: Kingambit\n|move|p2a: Mamoswine|Rock Slide|p1b: Delphox|[spread] p1a,p1b\n|-resisted|p1a: Kingambit|1\n|-supereffective|p1b: Delphox|1\n|-damage|p1a: Kingambit|6/100\n|-damage|p1b: Delphox|0 fnt\n|faint|p1b: Delphox\n|\n|-weather|RainDance|[upkeep]\n|upkeep\n|turn|8\n|l| ZaVGC\n|-message|zee for for for forfeited.\n|\n|win|VyseCL\n|n|\u2606zee for for for|zeeforforfor\n|n|\u2606VyseCL|vysecl\n|n| speedyturtle87|speedyturtle87\n|n| holdingb|holdingb\n|n| Luigi Magnezone|luigimagnezone\n|n| Sharkman94|sharkman94\n",
  "uploadtime": 1776048840,
  "views": 16,
  "formatid": "gen9championsvgc2026regma",
  "rating": null,
  "private": 0,
  "password": null
}