{
  "id": "gen9championsvgc2026regma-2585456714",
  "format": "[Gen 9 Champions] VGC 2026 Reg M-A",
  "players": [
    "13thskaven",
    "lunarlycal"
  ],
  "log": "|j|\u260613thskaven\n|j|\u2606lunarlycal\n|t:|1776348543\n|gametype|doubles\n|player|p1|13thskaven|rocketgrunt|1000\n|player|p2|lunarlycal|170|1100\n|gen|9\n|tier|[Gen 9 Champions] VGC 2026 Reg M-A\n|rated|\n|rule|Species Clause: Limit one of each Pok\u00e9mon\n|rule|Item Clause: Limit 1 of each item\n|clearpoke\n|poke|p1|Starmie, L50|\n|poke|p1|Kangaskhan, L50, F|\n|poke|p1|Gyarados, L50, M|\n|poke|p1|Talonflame, L50, M|\n|poke|p1|Aerodactyl, L50, M|\n|poke|p1|Venusaur, L50, F|\n|poke|p2|Starmie, L50|\n|poke|p2|Sneasler, L50, F|\n|poke|p2|Aerodactyl, L50, M|\n|poke|p2|Sinistcha, L50|\n|poke|p2|Clefable, L50, F|\n|poke|p2|Typhlosion-Hisui, L50, F|\n|teampreview|4\n|inactive|Battle timer is ON: inactive players will automatically lose when time's up. (requested by lunarlycal)\n|\n|t:|1776348564\n|teamsize|p1|4\n|teamsize|p2|4\n|start\n|switch|p1a: Gyarados|Gyarados, L50, M|100/100\n|switch|p1b: Aerodactyl|Aerodactyl, L50, M|100/100\n|switch|p2a: Aerodactyl|Aerodactyl, L50, M, shiny|100/100\n|switch|p2b: Sneasler|Sneasler, L50, F, shiny|100/100\n|-ability|p1b: Aerodactyl|Unnerve\n|-ability|p2a: Aerodactyl|Unnerve\n|-ability|p2b: Sneasler|Pressure\n|-ability|p1a: Gyarados|Intimidate|boost\n|-unboost|p2a: Aerodactyl|atk|1\n|-unboost|p2b: Sneasler|atk|1\n|-enditem|p2b: Sneasler|White Herb\n|-clearnegativeboost|p2b: Sneasler|[silent]\n|turn|1\n|\n|t:|1776348585\n|move|p2b: Sneasler|Fake Out|p1b: Aerodactyl|[miss]\n|-miss|p2b: Sneasler|p1b: Aerodactyl\n|move|p2a: Aerodactyl|Tailwind|p2a: Aerodactyl\n|-sidestart|p2: lunarlycal|move: Tailwind\n|move|p1b: Aerodactyl|Tailwind|p1b: Aerodactyl\n|-sidestart|p1: 13thskaven|move: Tailwind\n|move|p1a: Gyarados|Thunder Wave|p2b: Sneasler\n|-status|p2b: Sneasler|par\n|\n|upkeep\n|turn|2\n|c|\u2606lunarlycal|bright powder\n|c|\u2606lunarlycal|really?\n|\n|t:|1776348607\n|move|p2a: Aerodactyl|Rock Slide|p1a: Gyarados|[spread] p1a,p1b\n|-supereffective|p1a: Gyarados|1\n|-supereffective|p1b: Aerodactyl|1\n|-damage|p1a: Gyarados|65/100\n|-damage|p1b: Aerodactyl|42/100\n|move|p1b: Aerodactyl|Dual Wingbeat|p2b: Sneasler\n|-supereffective|p2b: Sneasler|1\n|-damage|p2b: Sneasler|42/100 par\n|-supereffective|p2b: Sneasler|1\n|-damage|p2b: Sneasler|0 fnt\n|faint|p2b: Sneasler\n|-hitcount|p2: Sneasler|2\n|cant|p1a: Gyarados|flinch\n|\n|upkeep\n|\n|t:|1776348618\n|switch|p2b: Starmie|Starmie, L50, shiny|100/100\n|turn|3\n|\n|t:|1776348638\n|detailschange|p2b: Starmie|Starmie-Mega, L50, shiny\n|-mega|p2b: Starmie|Starmie|Starminite\n|move|p1b: Aerodactyl|Rock Slide|p2b: Starmie|[spread] p2a,p2b\n|-supereffective|p2a: Aerodactyl|1\n|-crit|p2b: Starmie\n|-damage|p2a: Aerodactyl|23/100\n|-damage|p2b: Starmie|52/100\n|cant|p2a: Aerodactyl|flinch\n|move|p2b: Starmie|Zen Headbutt|p1a: Gyarados\n|-damage|p1a: Gyarados|0 fnt\n|faint|p1a: Gyarados\n|\n|upkeep\n|c|\u2606lunarlycal|twave gyarados and bright powder aero\n|\n|t:|1776348653\n|switch|p1a: Kangaskhan|Kangaskhan, L50, F|100/100\n|turn|4\n|c|\u2606lunarlycal|you really are a good team builder\n|\n|t:|1776348661\n|move|p1a: Kangaskhan|Fake Out|p2b: Starmie\n|-damage|p2b: Starmie|25/100\n|move|p2a: Aerodactyl|Rock Slide|p1b: Aerodactyl|[spread] p1a\n|-miss|p2a: Aerodactyl|p1b: Aerodactyl\n|-damage|p1a: Kangaskhan|80/100\n|move|p1b: Aerodactyl|Rock Slide|p2a: Aerodactyl|[spread] p2a,p2b\n|-supereffective|p2a: Aerodactyl|1\n|-damage|p2a: Aerodactyl|0 fnt\n|-damage|p2b: Starmie|0 fnt\n|faint|p2a: Aerodactyl\n|faint|p2b: Starmie\n|\n|-sideend|p1: 13thskaven|move: Tailwind\n|-sideend|p2: lunarlycal|move: Tailwind\n|upkeep\n|c|\u2606lunarlycal|you are so lucky\n|\n|t:|1776348674\n|switch|p2b: Typhlosion|Typhlosion-Hisui, L50, F|100/100\n|turn|5\n|\n|t:|1776348694\n|move|p2b: Typhlosion|Eruption|p1a: Kangaskhan|[spread] p1a,p1b\n|-resisted|p1b: Aerodactyl|1\n|-damage|p1a: Kangaskhan|13/100\n|-damage|p1b: Aerodactyl|3/100\n|move|p1b: Aerodactyl|Rock Slide|p2b: Typhlosion\n|-supereffective|p2b: Typhlosion|1\n|-damage|p2b: Typhlosion|11/100\n|move|p1a: Kangaskhan|Rock Slide|p2b: Typhlosion\n|-supereffective|p2b: Typhlosion|1\n|-crit|p2b: Typhlosion\n|-damage|p2b: Typhlosion|0 fnt\n|faint|p2b: Typhlosion\n|\n|win|13thskaven\n|raw|13thskaven's rating: 1000 &rarr; <strong>1051</strong><br />(+51 for winning)\n|raw|lunarlycal's rating: 1100 &rarr; <strong>1068</strong><br />(-32 for losing)\n|c|\u2606lunarlycal|yeah carried by rng\n|c|\u2606lunarlycal|wevs\n",
  "uploadtime": 1776348709,
  "views": 26,
  "formatid": "gen9championsvgc2026regma",
  "rating": 1051,
  "private": 0,
  "password": null
}