{
  "id": "gen9championsvgc2026regma-2588788297",
  "format": "[Gen 9 Champions] VGC 2026 Reg M-A",
  "players": [
    "gamer3drider",
    "Carl_Joshua"
  ],
  "log": "|j|\u2606gamer3drider\n|j|\u2606Carl_Joshua\n|t:|1776670887\n|gametype|doubles\n|player|p1|gamer3drider|169|1034\n|player|p2|Carl_Joshua|nate|1017\n|gen|9\n|tier|[Gen 9 Champions] VGC 2026 Reg M-A\n|rated|\n|rule|Species Clause: Limit one of each Pok\u00e9mon\n|rule|Item Clause: Limit 1 of each item\n|clearpoke\n|poke|p1|Beedrill, L50, M|\n|poke|p1|Sneasler, L50, M|\n|poke|p1|Delphox, L50, M|\n|poke|p1|Garchomp, L50, F|\n|poke|p1|Tinkaton, L50, F|\n|poke|p1|Incineroar, L50, F|\n|poke|p2|Gengar, L50, M|\n|poke|p2|Whimsicott, L50, M|\n|poke|p2|Slowking-Galar, L50, F|\n|poke|p2|Clefable, L50, M|\n|poke|p2|Alcremie, L50, F|\n|poke|p2|Sneasler, L50, M|\n|teampreview|4\n|inactive|Battle timer is ON: inactive players will automatically lose when time's up. (requested by Carl_Joshua)\n|\n|t:|1776670924\n|teamsize|p1|4\n|teamsize|p2|4\n|start\n|switch|p1a: Delphox|Delphox, L50, M|100/100\n|switch|p1b: Garchomp|Garchomp, L50, F|100/100\n|switch|p2a: Sneasler|Sneasler, L50, M|100/100\n|switch|p2b: Whimsicott|Whimsicott, L50, M|100/100\n|turn|1\n|\n|t:|1776670943\n|detailschange|p1a: Delphox|Delphox-Mega, L50, M\n|-mega|p1a: Delphox|Delphox|Delphoxite\n|move|p2a: Sneasler|Protect|p2a: Sneasler\n|-singleturn|p2a: Sneasler|Protect\n|move|p2b: Whimsicott|Tailwind|p2b: Whimsicott\n|-sidestart|p2: Carl_Joshua|move: Tailwind\n|move|p1b: Garchomp|Earthquake|p2a: Sneasler|[spread] p2b\n|-activate|p2a: Sneasler|move: Protect\n|-immune|p1a: Delphox|[from] ability: Levitate\n|-resisted|p2b: Whimsicott|1\n|-damage|p2b: Whimsicott|85/100\n|move|p1a: Delphox|Nasty Plot|p1a: Delphox\n|-boost|p1a: Delphox|spa|2\n|\n|upkeep\n|turn|2\n|\n|t:|1776670967\n|move|p2b: Whimsicott|Encore|p1a: Delphox\n|-start|p1a: Delphox|Encore\n|move|p2a: Sneasler|Dire Claw|p1b: Garchomp\n|-resisted|p1b: Garchomp|1\n|-damage|p1b: Garchomp|78/100\n|move|p1b: Garchomp|Earthquake|p2a: Sneasler|[spread] p2a,p2b\n|-immune|p1a: Delphox|[from] ability: Levitate\n|-supereffective|p2a: Sneasler|1\n|-resisted|p2b: Whimsicott|1\n|-damage|p2a: Sneasler|0 fnt\n|-damage|p2b: Whimsicott|69/100\n|faint|p2a: Sneasler\n|move|p1a: Delphox|Nasty Plot|p1a: Delphox\n|-boost|p1a: Delphox|spa|2\n|\n|upkeep\n|\n|t:|1776670981\n|switch|p2a: Gengar|Gengar, L50, M|100/100\n|turn|3\n|\n|t:|1776671001\n|switch|p2b: Alcremie|Alcremie, L50, F|100/100\n|detailschange|p2a: Gengar|Gengar-Mega, L50, M\n|-mega|p2a: Gengar|Gengar|Gengarite\n|move|p2a: Gengar|Shadow Ball|p1b: Garchomp\n|-damage|p1b: Garchomp|11/100\n|move|p1b: Garchomp|Earthquake|p2a: Gengar|[spread] p2a,p2b\n|-immune|p1a: Delphox|[from] ability: Levitate\n|-supereffective|p2a: Gengar|1\n|-damage|p2a: Gengar|0 fnt\n|-damage|p2b: Alcremie|38/100\n|faint|p2a: Gengar\n|move|p1a: Delphox|Nasty Plot|p1a: Delphox\n|-boost|p1a: Delphox|spa|2\n|\n|upkeep\n|\n|t:|1776671012\n|switch|p2a: Whimsicott|Whimsicott, L50, M|69/100\n|turn|4\n|\n|t:|1776671025\n|move|p2a: Whimsicott|Taunt|p1b: Garchomp\n|-start|p1b: Garchomp|move: Taunt\n|move|p2b: Alcremie|Alluring Voice|p1a: Delphox\n|-resisted|p1a: Delphox|1\n|-damage|p1a: Delphox|83/100\n|move|p1b: Garchomp|Earthquake|p2a: Whimsicott|[spread] p2a,p2b\n|-immune|p1a: Delphox|[from] ability: Levitate\n|-resisted|p2a: Whimsicott|1\n|-damage|p2a: Whimsicott|52/100\n|-damage|p2b: Alcremie|0 fnt\n|faint|p2b: Alcremie\n|move|p1a: Delphox|Nasty Plot|p1a: Delphox\n|-boost|p1a: Delphox|spa|0\n|\n|-end|p1a: Delphox|Encore\n|-sideend|p2: Carl_Joshua|move: Tailwind\n|upkeep\n|turn|5\n|\n|t:|1776671037\n|move|p2a: Whimsicott|Encore|p1a: Delphox\n|-start|p1a: Delphox|Encore\n|move|p1b: Garchomp|Earthquake|p2a: Whimsicott|[spread] p2a\n|-immune|p1a: Delphox|[from] ability: Levitate\n|-resisted|p2a: Whimsicott|1\n|-damage|p2a: Whimsicott|35/100\n|move|p1a: Delphox|Nasty Plot|p1a: Delphox\n|-boost|p1a: Delphox|spa|0\n|\n|upkeep\n|turn|6\n|\n|t:|1776671043\n|move|p2a: Whimsicott|Stun Spore|p1a: Delphox\n|-status|p1a: Delphox|par\n|move|p1b: Garchomp|Earthquake|p2a: Whimsicott|[spread] p2a\n|-immune|p1a: Delphox|[from] ability: Levitate\n|-resisted|p2a: Whimsicott|1\n|-damage|p2a: Whimsicott|17/100\n|move|p1a: Delphox|Nasty Plot|p1a: Delphox\n|-boost|p1a: Delphox|spa|0\n|\n|-end|p1b: Garchomp|move: Taunt\n|upkeep\n|turn|7\n|\n|t:|1776671051\n|move|p2a: Whimsicott|Taunt|p1a: Delphox\n|-start|p1a: Delphox|move: Taunt\n|move|p1b: Garchomp|Earthquake|p2a: Whimsicott|[spread] p2a\n|-immune|p1a: Delphox|[from] ability: Levitate\n|-resisted|p2a: Whimsicott|1\n|-damage|p2a: Whimsicott|0 fnt\n|faint|p2a: Whimsicott\n|\n|win|gamer3drider\n|raw|gamer3drider's rating: 1034 &rarr; <strong>1067</strong><br />(+33 for winning)\n|raw|Carl_Joshua's rating: 1017 &rarr; <strong>1005</strong><br />(-12 for losing)\n",
  "uploadtime": 1776671056,
  "views": 22,
  "formatid": "gen9championsvgc2026regma",
  "rating": 1005,
  "private": 0,
  "password": null
}