{
  "id": "gen9championsvgc2026regma-2582555877",
  "format": "[Gen 9 Champions] VGC 2026 Reg M-A",
  "players": [
    "okidogoat",
    "toasterovens123"
  ],
  "log": "|j|\u2606okidogoat\n|j|\u2606toasterovens123\n|t:|1776099128\n|gametype|doubles\n|player|p1|okidogoat|yellow|1192\n|player|p2|toasterovens123|170|1100\n|gen|9\n|tier|[Gen 9 Champions] VGC 2026 Reg M-A\n|rated|\n|rule|Species Clause: Limit one of each Pok\u00e9mon\n|rule|Item Clause: Limit 1 of each item\n|clearpoke\n|poke|p1|Froslass, L50, F|\n|poke|p1|Kingambit, L50, M|\n|poke|p1|Sinistcha, L50|\n|poke|p1|Sneasler, L50, F|\n|poke|p1|Arcanine-Hisui, L50, F|\n|poke|p1|Palafin, L50, M|\n|poke|p2|Froslass, L50, F|\n|poke|p2|Ninetales-Alola, L50, F|\n|poke|p2|Rotom-Wash, L50|\n|poke|p2|Corviknight, L50, M|\n|poke|p2|Garchomp, L50, M|\n|poke|p2|Incineroar, L50, F|\n|teampreview|4\n|inactive|Battle timer is ON: inactive players will automatically lose when time's up. (requested by okidogoat)\n|inactive|toasterovens123 has 60 seconds left.\n|\n|t:|1776099167\n|teamsize|p1|4\n|teamsize|p2|4\n|start\n|switch|p1a: Arcanine|Arcanine-Hisui, L50, F|100/100\n|switch|p1b: Froslass|Froslass, L50, F|100/100\n|switch|p2a: Incineroar|Incineroar, L50, F|100/100\n|switch|p2b: Corviknight|Corviknight, L50, M|100/100\n|-ability|p1a: Arcanine|Intimidate|boost\n|-unboost|p2a: Incineroar|atk|1\n|-ability|p2b: Corviknight|Mirror Armor\n|-unboost|p1a: Arcanine|atk|1\n|-ability|p2a: Incineroar|Intimidate|boost\n|-unboost|p1a: Arcanine|atk|1\n|-unboost|p1b: Froslass|atk|1\n|turn|1\n|\n|t:|1776099190\n|detailschange|p1b: Froslass|Froslass-Mega, L50, F\n|-mega|p1b: Froslass|Froslass|Froslassite\n|-weather|Snowscape|[from] ability: Snow Warning|[of] p1b: Froslass\n|move|p2a: Incineroar|Fake Out|p1a: Arcanine\n|-resisted|p1a: Arcanine|1\n|-damage|p1a: Arcanine|95/100\n|move|p1b: Froslass|Aurora Veil|p1b: Froslass\n|-sidestart|p1: okidogoat|move: Aurora Veil\n|cant|p1a: Arcanine|flinch\n|move|p2b: Corviknight|Tailwind|p2b: Corviknight\n|-sidestart|p2: toasterovens123|move: Tailwind\n|\n|-weather|Snowscape|[upkeep]\n|upkeep\n|turn|2\n|\n|t:|1776099214\n|move|p2b: Corviknight|Iron Head|p1b: Froslass\n|-supereffective|p1b: Froslass|1\n|-damage|p1b: Froslass|65/100\n|move|p1b: Froslass|Blizzard|p2a: Incineroar|[spread] p2a,p2b\n|-resisted|p2a: Incineroar|1\n|-damage|p2a: Incineroar|80/100\n|-damage|p2b: Corviknight|66/100\n|move|p2a: Incineroar|Flare Blitz|p1b: Froslass\n|-supereffective|p1b: Froslass|1\n|-damage|p1b: Froslass|15/100\n|-status|p1b: Froslass|brn\n|-damage|p2a: Incineroar|66/100|[from] Recoil\n|move|p1a: Arcanine|Flare Blitz|p2b: Corviknight\n|-supereffective|p2b: Corviknight|1\n|-damage|p2b: Corviknight|28/100\n|-damage|p1a: Arcanine|80/100|[from] Recoil\n|\n|-weather|Snowscape|[upkeep]\n|-damage|p1b: Froslass|9/100 brn|[from] brn\n|upkeep\n|turn|3\n|inactive|okidogoat has 30 seconds left.\n|inactive|toasterovens123 has 30 seconds left.\n|inactive|okidogoat has 20 seconds left.\n|inactive|toasterovens123 has 20 seconds left.\n|inactive|okidogoat has 15 seconds left.\n|\n|t:|1776099256\n|switch|p2a: Rotom|Rotom-Wash, L50|100/100\n|move|p2b: Corviknight|Iron Head|p1b: Froslass\n|-supereffective|p1b: Froslass|1\n|-damage|p1b: Froslass|0 fnt\n|faint|p1b: Froslass\n|move|p1a: Arcanine|Flare Blitz|p2b: Corviknight\n|-supereffective|p2b: Corviknight|1\n|-damage|p2b: Corviknight|0 fnt\n|faint|p2b: Corviknight\n|-damage|p1a: Arcanine|69/100|[from] Recoil\n|\n|-weather|Snowscape|[upkeep]\n|upkeep\n|\n|t:|1776099275\n|switch|p1b: Kingambit|Kingambit, L50, M|100/100\n|switch|p2b: Incineroar|Incineroar, L50, F|66/100\n|-ability|p2b: Incineroar|Intimidate|boost\n|-unboost|p1a: Arcanine|atk|1\n|-unboost|p1b: Kingambit|atk|1\n|-ability|p1b: Kingambit|Defiant|boost\n|-boost|p1b: Kingambit|atk|2\n|turn|4\n|\n|t:|1776099292\n|switch|p1a: Sneasler|Sneasler, L50, F|100/100\n|move|p1b: Kingambit|Protect|p1b: Kingambit\n|-singleturn|p1b: Kingambit|Protect\n|move|p2b: Incineroar|Fake Out|p1b: Kingambit\n|-activate|p1b: Kingambit|move: Protect\n|move|p2a: Rotom|Will-O-Wisp|p1b: Kingambit\n|-activate|p1b: Kingambit|move: Protect\n|\n|-weather|Snowscape|[upkeep]\n|-sideend|p2: toasterovens123|move: Tailwind\n|upkeep\n|turn|5\n|\n|t:|1776099313\n|move|p2b: Incineroar|Protect|p2b: Incineroar\n|-singleturn|p2b: Incineroar|Protect\n|move|p1a: Sneasler|Close Combat|p2b: Incineroar\n|-activate|p2b: Incineroar|move: Protect\n|move|p2a: Rotom|Will-O-Wisp|p1b: Kingambit\n|-status|p1b: Kingambit|brn\n|move|p1b: Kingambit|Kowtow Cleave|p2a: Rotom\n|-damage|p2a: Rotom|62/100\n|\n|-weather|none\n|-damage|p1b: Kingambit|95/100 brn|[from] brn\n|-sideend|p1: okidogoat|move: Aurora Veil\n|upkeep\n|turn|6\n|inactive|toasterovens123 has 30 seconds left.\n|inactive|toasterovens123 has 20 seconds left.\n|inactive|toasterovens123 has 15 seconds left.\n|\n|t:|1776099357\n|move|p2a: Rotom|Protect|p2a: Rotom\n|-singleturn|p2a: Rotom|Protect\n|move|p1a: Sneasler|Close Combat|p2a: Rotom\n|-activate|p2a: Rotom|move: Protect\n|move|p2b: Incineroar|Flare Blitz|p1b: Kingambit\n|-supereffective|p1b: Kingambit|1\n|-damage|p1b: Kingambit|5/100 brn\n|-damage|p2b: Incineroar|32/100|[from] Recoil\n|move|p1b: Kingambit|Swords Dance|p1b: Kingambit\n|-boost|p1b: Kingambit|atk|2\n|\n|-damage|p1b: Kingambit|0 fnt|[from] brn\n|faint|p1b: Kingambit\n|upkeep\n|\n|t:|1776099359\n|switch|p1b: Arcanine|Arcanine-Hisui, L50, F|69/100\n|-ability|p1b: Arcanine|Intimidate|boost\n|-unboost|p2a: Rotom|atk|1\n|-unboost|p2b: Incineroar|atk|1\n|turn|7\n|\n|t:|1776099383\n|move|p2b: Incineroar|Protect|p2b: Incineroar\n|-singleturn|p2b: Incineroar|Protect\n|move|p1a: Sneasler|Close Combat|p2a: Rotom\n|-damage|p2a: Rotom|6/100\n|-unboost|p1a: Sneasler|def|1\n|-unboost|p1a: Sneasler|spd|1\n|-enditem|p2a: Rotom|Sitrus Berry|[eat]\n|-heal|p2a: Rotom|31/100|[from] item: Sitrus Berry\n|-enditem|p1a: Sneasler|White Herb\n|-clearnegativeboost|p1a: Sneasler|[silent]\n|move|p1b: Arcanine|Rock Slide|p2a: Rotom|[spread] p2a\n|-activate|p2b: Incineroar|move: Protect\n|-damage|p2a: Rotom|8/100\n|cant|p2a: Rotom|flinch\n|\n|upkeep\n|turn|8\n|inactive|toasterovens123 has 30 seconds left.\n|\n|t:|1776099413\n|switch|p2b: Froslass|Froslass, L50, F|100/100\n|move|p2a: Rotom|Protect|p2a: Rotom\n|-singleturn|p2a: Rotom|Protect\n|move|p1b: Arcanine|Extreme Speed|p2a: Rotom\n|-activate|p2a: Rotom|move: Protect\n|move|p1a: Sneasler|Close Combat|p2b: Froslass\n|-immune|p2b: Froslass\n|\n|upkeep\n|turn|9\n|inactive|toasterovens123 has 30 seconds left.\n|inactive|okidogoat has 30 seconds left.\n|\n|t:|1776099445\n|detailschange|p2b: Froslass|Froslass-Mega, L50, F\n|-mega|p2b: Froslass|Froslass|Froslassite\n|-weather|Snowscape|[from] ability: Snow Warning|[of] p2b: Froslass\n|move|p2b: Froslass|Protect|p2b: Froslass\n|-singleturn|p2b: Froslass|Protect\n|move|p1a: Sneasler|Dire Claw|p2a: Rotom\n|-damage|p2a: Rotom|0 fnt\n|faint|p2a: Rotom\n|move|p1b: Arcanine|Rock Slide|p2b: Froslass\n|-activate|p2b: Froslass|move: Protect\n|\n|-weather|Snowscape|[upkeep]\n|upkeep\n|\n|t:|1776099457\n|switch|p2a: Incineroar|Incineroar, L50, F|32/100\n|-ability|p2a: Incineroar|Intimidate|boost\n|-unboost|p1a: Sneasler|atk|1\n|-unboost|p1b: Arcanine|atk|1\n|turn|10\n|inactive|toasterovens123 has 30 seconds left.\n|\n|t:|1776099488\n|move|p2a: Incineroar|Fake Out|p1b: Arcanine\n|-resisted|p1b: Arcanine|1\n|-damage|p1b: Arcanine|60/100\n|move|p1a: Sneasler|Close Combat|p2a: Incineroar\n|-supereffective|p2a: Incineroar|1\n|-damage|p2a: Incineroar|0 fnt\n|-unboost|p1a: Sneasler|def|1\n|-unboost|p1a: Sneasler|spd|1\n|faint|p2a: Incineroar\n|move|p2b: Froslass|Shadow Ball|p1b: Arcanine\n|-damage|p1b: Arcanine|6/100\n|-unboost|p1b: Arcanine|spd|1\n|cant|p1b: Arcanine|flinch\n|\n|-weather|Snowscape|[upkeep]\n|upkeep\n|turn|11\n|\n|t:|1776099503\n|move|p1a: Sneasler|Dire Claw|p2b: Froslass\n|-resisted|p2b: Froslass|1\n|-damage|p2b: Froslass|85/100\n|move|p2b: Froslass|Blizzard|p1b: Arcanine|[spread] p1a,p1b\n|-resisted|p1b: Arcanine|1\n|-damage|p1a: Sneasler|13/100\n|-damage|p1b: Arcanine|0 fnt\n|faint|p1b: Arcanine\n|\n|-weather|Snowscape|[upkeep]\n|upkeep\n|turn|12\n|\n|t:|1776099512\n|move|p1a: Sneasler|Dire Claw|p2b: Froslass\n|-resisted|p2b: Froslass|1\n|-damage|p2b: Froslass|71/100\n|move|p2b: Froslass|Shadow Ball|p1a: Sneasler\n|-damage|p1a: Sneasler|0 fnt\n|faint|p1a: Sneasler\n|\n|win|toasterovens123\n|raw|okidogoat's rating: 1192 &rarr; <strong>1161</strong><br />(-31 for losing)\n|raw|toasterovens123's rating: 1100 &rarr; <strong>1131</strong><br />(+31 for winning)\n|l|\u2606toasterovens123\n|player|p2|\n|j|\u2606toasterovens123\n|player|p2|toasterovens123|170|\n",
  "uploadtime": 1776099909,
  "views": 23,
  "formatid": "gen9championsvgc2026regma",
  "rating": 1131,
  "private": 0,
  "password": null
}