{
  "id": "gen9championsvgc2026regma-2581734529",
  "format": "[Gen 9 Champions] VGC 2026 Reg M-A",
  "players": [
    "Fuchiball",
    "DarkSSJay"
  ],
  "log": "|j|\u2606Fuchiball\n|j|\u2606DarkSSJay\n|t:|1776024325\n|gametype|doubles\n|player|p1|Fuchiball|gardenia|1007\n|player|p2|DarkSSJay|102|1055\n|gen|9\n|tier|[Gen 9 Champions] VGC 2026 Reg M-A\n|rated|\n|rule|Species Clause: Limit one of each Pok\u00e9mon\n|rule|Item Clause: Limit 1 of each item\n|clearpoke\n|poke|p1|Palafin, L50, M|\n|poke|p1|Sinistcha, L50|\n|poke|p1|Arcanine-Hisui, L50, F|\n|poke|p1|Froslass, L50, F|\n|poke|p1|Glimmora, L50, F|\n|poke|p1|Corviknight, L50, M|\n|poke|p2|Dragonite, L50, M|\n|poke|p2|Garchomp, L50, M|\n|poke|p2|Torterra, L50, M|\n|poke|p2|Corviknight, L50, M|\n|poke|p2|Goodra-Hisui, L50, F|\n|poke|p2|Skeledirge, L50, F|\n|teampreview|4\nDarkSSJay rejected open team sheets.\n|\n|t:|1776024370\n|teamsize|p1|4\n|teamsize|p2|4\n|start\n|switch|p1a: Papa|Palafin, L50, M|100/100\n|switch|p1b: Femboy|Froslass, L50, F|100/100\n|switch|p2a: Corviknight|Corviknight, L50, M|100/100\n|switch|p2b: Skeledirge|Skeledirge, L50, F|100/100\n|turn|1\n|\n|t:|1776024394\n|detailschange|p1b: Femboy|Froslass-Mega, L50, F\n|-mega|p1b: Femboy|Froslass|Froslassite\n|-weather|Snowscape|[from] ability: Snow Warning|[of] p1b: Femboy\n|move|p2b: Skeledirge|Protect|p2b: Skeledirge\n|-singleturn|p2b: Skeledirge|Protect\n|move|p1a: Papa|Flip Turn|p2b: Skeledirge\n|-activate|p2b: Skeledirge|move: Protect\n|move|p1b: Femboy|Shadow Ball|p2b: Skeledirge\n|-activate|p2b: Skeledirge|move: Protect\n|move|p2a: Corviknight|Tailwind|p2a: Corviknight\n|-sidestart|p2: DarkSSJay|move: Tailwind\n|\n|-weather|Snowscape|[upkeep]\n|upkeep\n|turn|2\n|\n|t:|1776024431\n|move|p1b: Femboy|Protect|p1b: Femboy\n|-singleturn|p1b: Femboy|Protect\n|move|p2a: Corviknight|U-turn|p1b: Femboy\n|-activate|p1b: Femboy|move: Protect\n|move|p1a: Papa|Flip Turn|p2b: Skeledirge\n|-supereffective|p2b: Skeledirge|1\n|-damage|p2b: Skeledirge|57/100\n|\n|t:|1776024440\n|detailschange|p1a: Papa|Palafin-Hero, L50, M\n|switch|p1a: Stinkybtt|Arcanine-Hisui, L50, F|100/100|[from] Flip Turn\n|-ability|p1a: Stinkybtt|Intimidate|boost\n|-ability|p2a: Corviknight|Mirror Armor\n|-unboost|p1a: Stinkybtt|atk|1\n|-unboost|p2b: Skeledirge|atk|1\n|move|p2b: Skeledirge|Torch Song|p1b: Femboy\n|-activate|p1b: Femboy|move: Protect\n|\n|-weather|Snowscape|[upkeep]\n|upkeep\n|turn|3\n|\n|t:|1776024460\n|switch|p1b: Papa|Palafin-Hero, L50, M|100/100\n|-activate|p1b: Papa|ability: Zero to Hero\n|move|p2a: Corviknight|U-turn|p1b: Papa\n|-damage|p1b: Papa|85/100\n|\n|t:|1776024469\n|switch|p2a: Dragonite|Dragonite, L50, M|100/100|[from] U-turn\n|move|p2b: Skeledirge|Torch Song|p1b: Papa\n|-resisted|p1b: Papa|1\n|-damage|p1b: Papa|62/100\n|-boost|p2b: Skeledirge|spa|1\n|move|p1a: Stinkybtt|Rock Slide|p2b: Skeledirge|[spread] p2a\n|-miss|p1a: Stinkybtt|p2b: Skeledirge\n|-supereffective|p2a: Dragonite|1\n|-damage|p2a: Dragonite|81/100\n|\n|-weather|Snowscape|[upkeep]\n|upkeep\n|turn|4\n|\n|t:|1776024488\n|switch|p1a: Mama|Sinistcha, L50|100/100\n|-heal|p1b: Papa|86/100|[from] ability: Hospitality|[of] p1a: Mama\n|detailschange|p2a: Dragonite|Dragonite-Mega, L50, M\n|-mega|p2a: Dragonite|Dragonite|Dragoninite\n|move|p2b: Skeledirge|Protect|p2b: Skeledirge\n|-singleturn|p2b: Skeledirge|Protect\n|move|p2a: Dragonite|Dragon Pulse|p1b: Papa\n|-damage|p1b: Papa|30/100\n|move|p1b: Papa|Wave Crash|p2b: Skeledirge\n|-activate|p2b: Skeledirge|move: Protect\n|\n|-weather|Snowscape|[upkeep]\n|-sideend|p2: DarkSSJay|move: Tailwind\n|upkeep\n|turn|5\n|\n|t:|1776024509\n|move|p1a: Mama|Rage Powder|p1a: Mama\n|-singleturn|p1a: Mama|move: Rage Powder\n|move|p1b: Papa|Wave Crash|p2b: Skeledirge\n|-supereffective|p2b: Skeledirge|1\n|-damage|p2b: Skeledirge|0 fnt\n|faint|p2b: Skeledirge\n|-damage|p1b: Papa|11/100|[from] Recoil\n|move|p2a: Dragonite|Dragon Pulse|p1a: Mama\n|-damage|p1a: Mama|33/100\n|-enditem|p1a: Mama|Sitrus Berry|[eat]\n|-heal|p1a: Mama|58/100|[from] item: Sitrus Berry\n|\n|-weather|none\n|upkeep\n|\n|t:|1776024521\n|switch|p2b: Garchomp|Garchomp, L50, M|100/100\n|turn|6\n|\n|t:|1776024554\n|move|p1a: Mama|Protect|p1a: Mama\n|-singleturn|p1a: Mama|Protect\n|move|p1b: Papa|Wave Crash|p2b: Garchomp\n|-damage|p2b: Garchomp|46/100\n|-damage|p1b: Papa|0 fnt|[from] ability: Rough Skin|[of] p2b: Garchomp\n|faint|p1b: Papa\n|move|p2b: Garchomp|Earthquake|p1a: Mama|[spread] \n|-activate|p1a: Mama|move: Protect\n|-immune|p2a: Dragonite\n|move|p2a: Dragonite|Blizzard|p1a: Mama\n|-activate|p1a: Mama|move: Protect\n|\n|upkeep\n|\n|t:|1776024568\n|switch|p1b: Femboy|Froslass-Mega, L50, F|100/100\n|-weather|Snowscape|[from] ability: Snow Warning|[of] p1b: Femboy\n|turn|7\n|\n|t:|1776024588\n|move|p2a: Dragonite|Protect|p2a: Dragonite\n|-singleturn|p2a: Dragonite|Protect\n|move|p1b: Femboy|Blizzard|p2a: Dragonite|[spread] p2b\n|-activate|p2a: Dragonite|move: Protect\n|-supereffective|p2b: Garchomp|2\n|-damage|p2b: Garchomp|0 fnt\n|faint|p2b: Garchomp\n|move|p1a: Mama|Shadow Ball|p2a: Dragonite\n|-activate|p2a: Dragonite|move: Protect\n|\n|-weather|Snowscape|[upkeep]\n|upkeep\n|\n|t:|1776024594\n|switch|p2b: Corviknight|Corviknight, L50, M|100/100\n|turn|8\n|\n|t:|1776024607\n|move|p1b: Femboy|Blizzard|p2b: Corviknight|[spread] p2a,p2b\n|-supereffective|p2a: Dragonite|2\n|-damage|p2a: Dragonite|0 fnt\n|-damage|p2b: Corviknight|50/100\n|-enditem|p2b: Corviknight|Sitrus Berry|[eat]\n|-heal|p2b: Corviknight|75/100|[from] item: Sitrus Berry\n|faint|p2a: Dragonite\n|move|p2b: Corviknight|Tailwind|p2b: Corviknight\n|-sidestart|p2: DarkSSJay|move: Tailwind\n|move|p1a: Mama|Shadow Ball|p2b: Corviknight\n|-damage|p2b: Corviknight|26/100\n|-ability|p2b: Corviknight|Mirror Armor\n|-unboost|p1a: Mama|spd|1\n|\n|-weather|Snowscape|[upkeep]\n|upkeep\n|turn|9\n|\n|t:|1776024626\n|move|p1a: Mama|Rage Powder|p1a: Mama\n|-singleturn|p1a: Mama|move: Rage Powder\n|move|p2b: Corviknight|Brave Bird|p1a: Mama\n|-supereffective|p1a: Mama|1\n|-damage|p1a: Mama|0 fnt\n|faint|p1a: Mama\n|-damage|p2b: Corviknight|6/100|[from] Recoil\n|move|p1b: Femboy|Thunderbolt|p2b: Corviknight\n|-supereffective|p2b: Corviknight|1\n|-damage|p2b: Corviknight|0 fnt\n|faint|p2b: Corviknight\n|\n|win|Fuchiball\n|raw|Fuchiball's rating: 1007 &rarr; <strong>1051</strong><br />(+44 for winning)\n|raw|DarkSSJay's rating: 1055 &rarr; <strong>1034</strong><br />(-21 for losing)\n|l|\u2606DarkSSJay\n|player|p2|\n",
  "uploadtime": 1776024643,
  "views": 13,
  "formatid": "gen9championsvgc2026regma",
  "rating": 1034,
  "private": 0,
  "password": null
}