{
  "id": "gen9championsvgc2026regma-2580387354",
  "format": "[Gen 9 Champions] VGC 2026 Reg M-A",
  "players": [
    "yamzinyobooty",
    "Spottedwoot"
  ],
  "log": "|j|\u2606yamzinyobooty\n|j|\u2606Spottedwoot\n|t:|1775888924\n|gametype|doubles\n|player|p1|yamzinyobooty|170|1122\n|player|p2|Spottedwoot|2|1189\n|gen|9\n|tier|[Gen 9 Champions] VGC 2026 Reg M-A\n|rated|\n|rule|Species Clause: Limit one of each Pok\u00e9mon\n|rule|Item Clause: Limit 1 of each item\n|clearpoke\n|poke|p1|Starmie, L50|\n|poke|p1|Whimsicott, L50, M|\n|poke|p1|Incineroar, L50, F|\n|poke|p1|Rotom-Wash, L50|\n|poke|p1|Kommo-o, L50, M|\n|poke|p1|Sneasler, L50, M|\n|poke|p2|Incineroar, L50, M|\n|poke|p2|Corviknight, L50, M|\n|poke|p2|Primarina, L50, F|\n|poke|p2|Sneasler, L50, M|\n|poke|p2|Gengar, L50, F|\n|poke|p2|Dragonite, L50, M|\n|teampreview|4\n|inactive|Battle timer is ON: inactive players will automatically lose when time's up. (requested by yamzinyobooty)\n|inactive|yamzinyobooty has 60 seconds left.\n|\n|t:|1775888958\n|teamsize|p1|4\n|teamsize|p2|4\n|start\n|switch|p1a: Sneasler|Sneasler, L50, M|100/100\n|switch|p1b: Whimsicott|Whimsicott, L50, M|100/100\n|switch|p2a: Corviknight|Corviknight, L50, M|100/100\n|switch|p2b: Primarina|Primarina, L50, F|100/100\n|turn|1\n|inactive|Spottedwoot has 30 seconds left.\n|\n|t:|1775888985\n|switch|p1a: Rotom|Rotom-Wash, L50, shiny|100/100\n|switch|p2b: Gengar|Gengar, L50, F|100/100\n|move|p1b: Whimsicott|Tailwind|p1b: Whimsicott\n|-sidestart|p1: yamzinyobooty|move: Tailwind\n|move|p2a: Corviknight|Brave Bird|p1a: Rotom\n|-resisted|p1a: Rotom|1\n|-damage|p1a: Rotom|81/100\n|-damage|p2a: Corviknight|96/100|[from] Recoil\n|\n|-heal|p2a: Corviknight|100/100|[from] item: Leftovers\n|upkeep\n|turn|2\n|inactive|yamzinyobooty has 30 seconds left.\n|inactive|yamzinyobooty has 20 seconds left.\n|\n|t:|1775889021\n|detailschange|p2b: Gengar|Gengar-Mega, L50, F\n|-mega|p2b: Gengar|Gengar|Gengarite\n|move|p1b: Whimsicott|Moonblast|p2b: Gengar\n|-resisted|p2b: Gengar|1\n|-damage|p2b: Gengar|76/100\n|-unboost|p2b: Gengar|spa|1\n|move|p1a: Rotom|Volt Switch|p2b: Gengar\n|-damage|p2b: Gengar|38/100\n|j| ghost threads\n|\n|t:|1775889043\n|switch|p1a: Sneasler|Sneasler, L50, M|100/100|[from] Volt Switch\n|move|p2b: Gengar|Sludge Bomb|p1a: Sneasler\n|-resisted|p1a: Sneasler|1\n|-damage|p1a: Sneasler|73/100\n|move|p2a: Corviknight|Tailwind|p2a: Corviknight\n|-sidestart|p2: Spottedwoot|move: Tailwind\n|\n|upkeep\n|turn|3\n|\n|t:|1775889064\n|move|p1a: Sneasler|Protect|p1a: Sneasler\n|-singleturn|p1a: Sneasler|Protect\n|move|p2b: Gengar|Sludge Bomb|p1b: Whimsicott\n|-supereffective|p1b: Whimsicott|2\n|-enditem|p1b: Whimsicott|Focus Sash\n|-damage|p1b: Whimsicott|1/100\n|move|p1b: Whimsicott|Moonblast|p2b: Gengar\n|-resisted|p2b: Gengar|1\n|-damage|p2b: Gengar|14/100\n|move|p2a: Corviknight|Brave Bird|p1a: Sneasler\n|-activate|p1a: Sneasler|move: Protect\n|\n|upkeep\n|turn|4\n|\n|t:|1775889088\n|move|p1b: Whimsicott|Protect|p1b: Whimsicott\n|-singleturn|p1b: Whimsicott|Protect\n|move|p2b: Gengar|Shadow Ball|p1b: Whimsicott\n|-activate|p1b: Whimsicott|move: Protect\n|move|p1a: Sneasler|Close Combat|p2a: Corviknight\n|-damage|p2a: Corviknight|52/100\n|-unboost|p1a: Sneasler|def|1\n|-unboost|p1a: Sneasler|spd|1\n|-enditem|p1a: Sneasler|White Herb\n|-clearnegativeboost|p1a: Sneasler|[silent]\n|move|p2a: Corviknight|Brave Bird|p1a: Sneasler\n|-supereffective|p1a: Sneasler|1\n|-damage|p1a: Sneasler|0 fnt\n|faint|p1a: Sneasler\n|-damage|p2a: Corviknight|34/100|[from] Recoil\n|\n|-heal|p2a: Corviknight|40/100|[from] item: Leftovers\n|-sideend|p1: yamzinyobooty|move: Tailwind\n|upkeep\n|\n|t:|1775889103\n|switch|p1a: Starmie|Starmie, L50|100/100\n|turn|5\n|\n|t:|1775889116\n|detailschange|p1a: Starmie|Starmie-Mega, L50\n|-mega|p1a: Starmie|Starmie|Starminite\n|move|p1b: Whimsicott|Tailwind|p1b: Whimsicott\n|-sidestart|p1: yamzinyobooty|move: Tailwind\n|move|p1a: Starmie|Aqua Jet|p2b: Gengar\n|-damage|p2b: Gengar|0 fnt\n|faint|p2b: Gengar\n|move|p2a: Corviknight|Iron Defense|p2a: Corviknight\n|-boost|p2a: Corviknight|def|2\n|\n|-heal|p2a: Corviknight|45/100|[from] item: Leftovers\n|-sideend|p2: Spottedwoot|move: Tailwind\n|upkeep\n|\n|t:|1775889123\n|switch|p2b: Sneasler|Sneasler, L50, M|100/100\n|turn|6\n|\n|t:|1775889141\n|switch|p1a: Rotom|Rotom-Wash, L50, shiny|81/100\n|move|p2b: Sneasler|Fake Out|p1b: Whimsicott\n|-damage|p1b: Whimsicott|0 fnt\n|faint|p1b: Whimsicott\n|move|p2a: Corviknight|Tailwind|p2a: Corviknight\n|-sidestart|p2: Spottedwoot|move: Tailwind\n|\n|-heal|p2a: Corviknight|51/100|[from] item: Leftovers\n|upkeep\n|\n|t:|1775889143\n|switch|p1b: Starmie|Starmie-Mega, L50|100/100\n|turn|7\n|\n|t:|1775889162\n|move|p2b: Sneasler|Close Combat|p1a: Rotom\n|-damage|p1a: Rotom|13/100\n|-unboost|p2b: Sneasler|def|1\n|-unboost|p2b: Sneasler|spd|1\n|move|p1a: Rotom|Thunderbolt|p2a: Corviknight\n|-supereffective|p2a: Corviknight|1\n|-crit|p2a: Corviknight\n|-damage|p2a: Corviknight|0 fnt\n|faint|p2a: Corviknight\n|move|p1b: Starmie|Zen Headbutt|p2b: Sneasler\n|-supereffective|p2b: Sneasler|2\n|-enditem|p2b: Sneasler|Focus Sash\n|-damage|p2b: Sneasler|1/100\n|\n|upkeep\n|\n|t:|1775889169\n|switch|p2a: Primarina|Primarina, L50, F|100/100\n|turn|8\n|\n|t:|1775889179\n|move|p2b: Sneasler|Protect|p2b: Sneasler\n|-singleturn|p2b: Sneasler|Protect\n|move|p1b: Starmie|Aqua Jet|p2b: Sneasler\n|-activate|p2b: Sneasler|move: Protect\n|move|p1a: Rotom|Thunderbolt|p2a: Primarina\n|-supereffective|p2a: Primarina|1\n|-damage|p2a: Primarina|35/100\n|move|p2a: Primarina|Dazzling Gleam|p1b: Starmie|[spread] p1a,p1b\n|-damage|p1a: Rotom|0 fnt\n|-damage|p1b: Starmie|63/100\n|faint|p1a: Rotom\n|\n|-sideend|p1: yamzinyobooty|move: Tailwind\n|upkeep\n|turn|9\n|\n|t:|1775889186\n|move|p1b: Starmie|Aqua Jet|p2b: Sneasler\n|-damage|p2b: Sneasler|0 fnt\n|faint|p2b: Sneasler\n|move|p2a: Primarina|Moonblast|p1b: Starmie\n|-damage|p1b: Starmie|2/100\n|-unboost|p1b: Starmie|spa|1\n|\n|-sideend|p2: Spottedwoot|move: Tailwind\n|upkeep\n|turn|10\n|\n|t:|1775889194\n|move|p1b: Starmie|Zen Headbutt|p2a: Primarina\n|-damage|p2a: Primarina|0 fnt\n|faint|p2a: Primarina\n|\n|win|yamzinyobooty\n|raw|yamzinyobooty's rating: 1122 &rarr; <strong>1153</strong><br />(+31 for winning)\n|raw|Spottedwoot's rating: 1211 &rarr; <strong>1180</strong><br />(-31 for losing)\n",
  "uploadtime": 1775889194,
  "views": 15,
  "formatid": "gen9championsvgc2026regma",
  "rating": 1153,
  "private": 0,
  "password": null
}