{
  "id": "gen9championsvgc2026regma-2587291696",
  "format": "[Gen 9 Champions] VGC 2026 Reg M-A",
  "players": [
    "shangenb",
    "kingboiboi"
  ],
  "log": "|j|\u2606shangenb\n|j|\u2606kingboiboi\n|t:|1776518951\n|gametype|doubles\n|player|p1|shangenb|102|1180\n|player|p2|kingboiboi|gentleman|1212\n|gen|9\n|tier|[Gen 9 Champions] VGC 2026 Reg M-A\n|rated|\n|rule|Species Clause: Limit one of each Pok\u00e9mon\n|rule|Item Clause: Limit 1 of each item\n|clearpoke\n|poke|p1|Floette-Eternal, L50, F|\n|poke|p1|Garchomp, L50, F|\n|poke|p1|Sneasler, L50, F|\n|poke|p1|Basculegion-F, L50, F|\n|poke|p1|Aerodactyl, L50, M|\n|poke|p1|Incineroar, L50, M|\n|poke|p2|Tyranitar, L50, F|\n|poke|p2|Excadrill, L50, F, shiny|\n|poke|p2|Orthworm, L50, F|\n|poke|p2|Rotom-Wash, L50|\n|poke|p2|Incineroar, L50, M|\n|poke|p2|Floette-Eternal, L50, F|\n|teampreview|4\n|inactive|Battle timer is ON: inactive players will automatically lose when time's up. (requested by shangenb)\n|inactive|kingboiboi also wants the timer to be on.\n|inactive|shangenb has 60 seconds left.\n|inactive|kingboiboi has 60 seconds left.\n|inactive|shangenb has 30 seconds left.\n|inactive|shangenb has 20 seconds left.\n|inactive|shangenb has 15 seconds left.\n|inactive|shangenb has 10 seconds left.\n|inactive|shangenb has 5 seconds left.\n|\n|t:|1776519040\n|teamsize|p1|4\n|teamsize|p2|4\n|start\n|switch|p1a: Basculegion|Basculegion-F, L50, F|100/100\n|switch|p1b: Sneasler|Sneasler, L50, F|100/100\n|switch|p2a: Floette|Floette-Eternal, L50, F|100/100\n|switch|p2b: Incineroar|Incineroar, L50, M|100/100\n|-ability|p2b: Incineroar|Intimidate|boost\n|-unboost|p1a: Basculegion|atk|1\n|-unboost|p1b: Sneasler|atk|1\n|-enditem|p1b: Sneasler|White Herb\n|-clearnegativeboost|p1b: Sneasler|[silent]\n|turn|1\n|\n|t:|1776519063\n|move|p1b: Sneasler|Fake Out|p2b: Incineroar\n|-damage|p2b: Incineroar|88/100\n|cant|p2b: Incineroar|flinch\n|move|p2a: Floette|Psychic|p1b: Sneasler\n|-supereffective|p1b: Sneasler|2\n|-damage|p1b: Sneasler|0 fnt\n|faint|p1b: Sneasler\n|move|p1a: Basculegion|Muddy Water|p2a: Floette|[spread] p2a,p2b\n|-supereffective|p2b: Incineroar|1\n|-damage|p2a: Floette|64/100\n|-damage|p2b: Incineroar|21/100\n|-unboost|p2a: Floette|accuracy|1\n|-unboost|p2b: Incineroar|accuracy|1\n|\n|-heal|p2b: Incineroar|27/100|[from] item: Leftovers\n|upkeep\n|\n|t:|1776519079\n|switch|p1b: Floette|Floette-Eternal, L50, F|100/100\n|turn|2\n|\n|t:|1776519089\n|switch|p2a: Orthworm|Orthworm, L50, F|100/100\n|switch|p2b: Rotom|Rotom-Wash, L50|100/100\n|detailschange|p1b: Floette|Floette-Mega, L50, F\n|-mega|p1b: Floette|Floette|Floettite\n|-ability|p1b: Floette|Fairy Aura\n|move|p1a: Basculegion|Muddy Water|p2b: Rotom|[spread] p2a,p2b\n|-resisted|p2b: Rotom|1\n|-damage|p2a: Orthworm|60/100\n|-damage|p2b: Rotom|79/100\n|move|p1b: Floette|Dazzling Gleam|p2a: Orthworm|[spread] p2a,p2b\n|-resisted|p2a: Orthworm|1\n|-crit|p2b: Rotom\n|-damage|p2a: Orthworm|33/100\n|-damage|p2b: Rotom|4/100\n|-enditem|p2a: Orthworm|Sitrus Berry|[eat]\n|-heal|p2a: Orthworm|58/100|[from] item: Sitrus Berry\n|\n|upkeep\n|turn|3\n|inactive|kingboiboi has 30 seconds left.\n|\n|t:|1776519117\n|move|p1b: Floette|Protect|p1b: Floette\n|-singleturn|p1b: Floette|Protect\n|move|p1a: Basculegion|Muddy Water|p2a: Orthworm|[spread] p2a,p2b\n|-resisted|p2b: Rotom|1\n|-crit|p2b: Rotom\n|-damage|p2a: Orthworm|17/100\n|-damage|p2b: Rotom|0 fnt\n|faint|p2b: Rotom\n|move|p2a: Orthworm|Heavy Slam|p1b: Floette\n|-activate|p1b: Floette|move: Protect\n|\n|upkeep\n|\n|t:|1776519130\n|switch|p2b: Floette|Floette-Eternal, L50, F|64/100\n|turn|4\n|\n|t:|1776519135\n|move|p2b: Floette|Dazzling Gleam|p1b: Floette|[spread] p1a,p1b\n|-damage|p1a: Basculegion|53/100\n|-damage|p1b: Floette|69/100\n|move|p1a: Basculegion|Muddy Water|p2b: Floette|[spread] p2a,p2b\n|-crit|p2a: Orthworm\n|-damage|p2a: Orthworm|0 fnt\n|-damage|p2b: Floette|28/100\n|faint|p2a: Orthworm\n|move|p1b: Floette|Dazzling Gleam|p2b: Floette\n|-damage|p2b: Floette|0 fnt\n|faint|p2b: Floette\n|\n|upkeep\n|\n|t:|1776519141\n|switch|p2b: Incineroar|Incineroar, L50, M|27/100\n|-ability|p2b: Incineroar|Intimidate|boost\n|-unboost|p1a: Basculegion|atk|1\n|-unboost|p1b: Floette|atk|1\n|turn|5\n|-message|kingboiboi forfeited.\n|\n|win|shangenb\n|raw|shangenb's rating: 1180 &rarr; <strong>1207</strong><br />(+27 for winning)\n|raw|kingboiboi's rating: 1212 &rarr; <strong>1185</strong><br />(-27 for losing)\n|l|\u2606kingboiboi\n|player|p2|\n",
  "uploadtime": 1776519152,
  "views": 13,
  "formatid": "gen9championsvgc2026regma",
  "rating": 1185,
  "private": 0,
  "password": null
}