{
  "id": "gen9championsvgc2026regma-2587592768",
  "format": "[Gen 9 Champions] VGC 2026 Reg M-A",
  "players": [
    "appatheboppa",
    "Ori1"
  ],
  "log": "|j|\u2606appatheboppa\n|j|\u2606Ori1\n|t:|1776545174\n|gametype|doubles\n|player|p1|appatheboppa|rocketgrunt|1127\n|player|p2|Ori1|unknown|1220\n|gen|9\n|tier|[Gen 9 Champions] VGC 2026 Reg M-A\n|rated|\n|rule|Species Clause: Limit one of each Pok\u00e9mon\n|rule|Item Clause: Limit 1 of each item\n|clearpoke\n|poke|p1|Blastoise, L50, M|\n|poke|p1|Talonflame, L50, M, shiny|\n|poke|p1|Garchomp, L50, F|\n|poke|p1|Sinistcha, L50, shiny|\n|poke|p1|Sylveon, L50, F, shiny|\n|poke|p1|Kingambit, L50, F, shiny|\n|poke|p2|Archaludon, L50, F|\n|poke|p2|Runerigus, L50, M|\n|poke|p2|Aerodactyl, L50, M|\n|poke|p2|Meganium, L50, F|\n|poke|p2|Kangaskhan, L50, F|\n|poke|p2|Gallade, L50, M|\n|teampreview|4\n|inactive|Battle timer is ON: inactive players will automatically lose when time's up. (requested by Ori1)\n|inactive|appatheboppa has 60 seconds left.\n|\n|t:|1776545211\n|teamsize|p1|4\n|teamsize|p2|4\n|start\n|switch|p1a: Talonflame|Talonflame, L50, M, shiny|100/100\n|switch|p1b: Blastoise|Blastoise, L50, M|100/100\n|switch|p2a: Runerigus|Runerigus, L50, M|100/100\n|switch|p2b: Gallade|Gallade, L50, M|100/100\n|turn|1\n|c|\u2606appatheboppa|glhf\n|\n|t:|1776545235\n|detailschange|p1b: Blastoise|Blastoise-Mega, L50, M\n|-mega|p1b: Blastoise|Blastoise|Blastoisinite\n|move|p2b: Gallade|Protect|p2b: Gallade\n|-singleturn|p2b: Gallade|Protect\n|move|p1a: Talonflame|Rain Dance|p1a: Talonflame\n|-weather|RainDance\n|move|p1b: Blastoise|Water Spout|p2b: Gallade|[spread] p2a\n|-activate|p2b: Gallade|move: Protect\n|-supereffective|p2a: Runerigus|1\n|-damage|p2a: Runerigus|0 fnt\n|faint|p2a: Runerigus\n|\n|-weather|RainDance|[upkeep]\n|upkeep\n|\n|t:|1776545242\n|switch|p2a: Aerodactyl|Aerodactyl, L50, M|100/100\n|-ability|p2a: Aerodactyl|Unnerve\n|turn|2\n|\n|t:|1776545263\n|move|p1b: Blastoise|Protect|p1b: Blastoise\n|-singleturn|p1b: Blastoise|Protect\n|move|p2a: Aerodactyl|Tailwind|p2a: Aerodactyl\n|-sidestart|p2: Ori1|move: Tailwind\n|move|p2b: Gallade|Sacred Sword|p1b: Blastoise\n|-activate|p1b: Blastoise|move: Protect\n|move|p1a: Talonflame|U-turn|p2b: Gallade\n|-damage|p2b: Gallade|84/100\n|\n|t:|1776545272\n|switch|p1a: Garchomp|Garchomp, L50, F|100/100|[from] U-turn\n|\n|-weather|RainDance|[upkeep]\n|upkeep\n|turn|3\n|\n|t:|1776545286\n|move|p2a: Aerodactyl|Wide Guard|p2a: Aerodactyl\n|-singleturn|p2a: Aerodactyl|Wide Guard\n|move|p2b: Gallade|Ice Punch|p1a: Garchomp\n|-supereffective|p1a: Garchomp|2\n|-damage|p1a: Garchomp|0 fnt\n|faint|p1a: Garchomp\n|move|p1b: Blastoise|Water Spout|p2b: Gallade|[spread] \n|-activate|p2a: Aerodactyl|move: Wide Guard\n|-activate|p2b: Gallade|move: Wide Guard\n|\n|-weather|RainDance|[upkeep]\n|upkeep\n|\n|t:|1776545298\n|switch|p1a: Talonflame|Talonflame, L50, M, shiny|100/100\n|turn|4\n|\n|t:|1776545308\n|move|p1a: Talonflame|Protect|p1a: Talonflame\n|-singleturn|p1a: Talonflame|Protect\n|move|p2a: Aerodactyl|Rock Slide|p1a: Talonflame|[spread] p1b\n|-activate|p1a: Talonflame|move: Protect\n|-damage|p1b: Blastoise|76/100\n|move|p2b: Gallade|Sacred Sword|p1b: Blastoise\n|-damage|p1b: Blastoise|4/100\n|move|p1b: Blastoise|Hydro Pump|p2a: Aerodactyl\n|-supereffective|p2a: Aerodactyl|1\n|-enditem|p2a: Aerodactyl|Focus Sash\n|-damage|p2a: Aerodactyl|1/100\n|\n|-weather|RainDance|[upkeep]\n|upkeep\n|turn|5\n|inactive|appatheboppa has 30 seconds left.\n|\n|t:|1776545339\n|move|p1b: Blastoise|Protect|p1b: Blastoise\n|-singleturn|p1b: Blastoise|Protect\n|move|p2a: Aerodactyl|Rock Slide|p1a: Talonflame|[spread] p1a\n|-activate|p1b: Blastoise|move: Protect\n|-supereffective|p1a: Talonflame|2\n|-enditem|p1a: Talonflame|Focus Sash\n|-damage|p1a: Talonflame|1/100\n|move|p2b: Gallade|Psycho Cut|p1a: Talonflame\n|-damage|p1a: Talonflame|0 fnt\n|faint|p1a: Talonflame\n|\n|-weather|none\n|-sideend|p2: Ori1|move: Tailwind\n|upkeep\n|\n|t:|1776545350\n|switch|p1a: Sinistcha|Sinistcha, L50, shiny|100/100\n|-heal|p1b: Blastoise|28/100|[from] ability: Hospitality|[of] p1a: Sinistcha\n|turn|6\n|\n|t:|1776545361\n|move|p2a: Aerodactyl|Dual Wingbeat|p1a: Sinistcha\n|-supereffective|p1a: Sinistcha|1\n|-damage|p1a: Sinistcha|70/100\n|-supereffective|p1a: Sinistcha|1\n|-damage|p1a: Sinistcha|42/100\n|-hitcount|p1a: Sinistcha|2\n|move|p1b: Blastoise|Hydro Pump|p2a: Aerodactyl\n|-supereffective|p2a: Aerodactyl|1\n|-damage|p2a: Aerodactyl|0 fnt\n|-enditem|p1a: Sinistcha|Sitrus Berry|[eat]\n|-heal|p1a: Sinistcha|67/100|[from] item: Sitrus Berry\n|faint|p2a: Aerodactyl\n|move|p2b: Gallade|Ice Punch|p1a: Sinistcha\n|-supereffective|p1a: Sinistcha|1\n|-damage|p1a: Sinistcha|20/100\n|-status|p1a: Sinistcha|frz\n|cant|p1a: Sinistcha|frz\n|\n|upkeep\n|\n|t:|1776545365\n|switch|p2a: Meganium|Meganium, L50, F|100/100\n|turn|7\n|\n|t:|1776545383\n|detailschange|p2a: Meganium|Meganium-Mega, L50, F\n|-mega|p2a: Meganium|Meganium|Meganiumite\n|move|p1b: Blastoise|Water Spout|p2b: Gallade|[spread] p2a,p2b\n|-resisted|p2a: Meganium|1\n|-damage|p2a: Meganium|92/100\n|-damage|p2b: Gallade|63/100\n|move|p2a: Meganium|Solar Beam||[still]\n|-prepare|p2a: Meganium|Solar Beam\n|-activate|p2a: Meganium|ability: Mega Sol\n|-anim|p2a: Meganium|Solar Beam|p1b: Blastoise\n|-supereffective|p1b: Blastoise|1\n|-damage|p1b: Blastoise|0 fnt\n|faint|p1b: Blastoise\n|move|p2b: Gallade|Ice Punch|p1a: Sinistcha\n|-supereffective|p1a: Sinistcha|1\n|-damage|p1a: Sinistcha|0 fnt\n|faint|p1a: Sinistcha\n|\n|win|Ori1\n|raw|appatheboppa's rating: 1127 &rarr; <strong>1109</strong><br />(-18 for losing)\n|raw|Ori1's rating: 1220 &rarr; <strong>1238</strong><br />(+18 for winning)\n|l|\u2606Ori1\n|player|p2|\n|c|\u2606appatheboppa|gg\n",
  "uploadtime": 1776545399,
  "views": 17,
  "formatid": "gen9championsvgc2026regma",
  "rating": 1109,
  "private": 0,
  "password": null
}