{
  "id": "gen9championsvgc2026regma-2588216647",
  "format": "[Gen 9 Champions] VGC 2026 Reg M-A",
  "players": [
    "mynamegrassgreen",
    "spacecowboyp"
  ],
  "log": "|j|\u2606mynamegrassgreen\n|j|\u2606spacecowboyp\n|t:|1776615238\n|gametype|doubles\n|player|p1|mynamegrassgreen|n-masters|\n|player|p2|spacecowboyp|cyclist-gen4|\n|gen|9\n|tier|[Gen 9 Champions] VGC 2026 Reg M-A\n|rated|Tournament battle\n|rule|Species Clause: Limit one of each Pok\u00e9mon\n|rule|Item Clause: Limit 1 of each item\n|raw|<div class=\"infobox\"><details class=\"readmore\" open><summary><strong>1 custom rule:</strong></summary> Force Open Team Sheets</details></div>\n|clearpoke\n|poke|p1|Kommo-o, L50, M|\n|poke|p1|Gengar, L50, F|\n|poke|p1|Whimsicott, L50, M|\n|poke|p1|Sinistcha-Masterpiece, L50|\n|poke|p1|Incineroar, L50, F|\n|poke|p1|Kingambit, L50, F|\n|poke|p2|Dragonite, L50, F|\n|poke|p2|Pelipper, L50, F|\n|poke|p2|Basculegion, L50, M|\n|poke|p2|Scizor, L50, M|\n|poke|p2|Sinistcha, L50|\n|poke|p2|Incineroar, L50, M|\n|teampreview|4\n|showteam|p1|Kommo-o||Leftovers|Overcoat|ClangorousSoul,ClangingScales,AuraSphere,Protect|||M|||50|]Gengar||Gengarite|CursedBody|ShadowBall,PerishSong,Substitute,Protect|||F|||50|]Whimsicott||FocusSash|Prankster|Moonblast,Encore,Tailwind,Protect|||M|||50|]Sinistcha-Masterpiece||SitrusBerry|Hospitality|MatchaGotcha,RagePowder,TrickRoom,StrengthSap||||||50|]Incineroar||ShucaBerry|Intimidate|FakeOut,FlareBlitz,Protect,PartingShot|||F|||50|]Kingambit||ChopleBerry|Defiant|SuckerPunch,IronHead,SwordsDance,Protect|||F|||50|\n|showteam|p2|Dragonite||Dragoninite|InnerFocus|Hurricane,Protect,IceBeam,WeatherBall|||F|||50|]Pelipper||FocusSash|Drizzle|Hurricane,WeatherBall,Tailwind,Protect|||F|||50|]Basculegion||ChoiceScarf|Adaptability|Liquidation,LastRespects,AquaJet,Protect|||M|||50|]Scizor||WhiteHerb|Technician|CloseCombat,SwordsDance,BulletPunch,Protect|||M|||50|]Sinistcha||ColburBerry|Hospitality|RagePowder,MatchaGotcha,TrickRoom,LifeDew||||||50|]Incineroar||SitrusBerry|Intimidate|WillOWisp,Taunt,FakeOut,DarkestLariat|||M|||50|\n|inactive|Battle timer is ON: inactive players will automatically lose when time's up. (requested by spacecowboyp)\nspacecowboyp rejected open team sheets.\n|c|\u2606spacecowboyp|GL\n|inactive|mynamegrassgreen has 60 seconds left.\n|inactive|spacecowboyp has 60 seconds left.\n|\n|t:|1776615288\n|teamsize|p1|4\n|teamsize|p2|4\n|start\n|switch|p1a: Kingambit|Kingambit, L50, F|100/100\n|switch|p1b: :3|Whimsicott, L50, M|100/100\n|switch|p2a: Dragonite|Dragonite, L50, F|100/100\n|switch|p2b: Pelipper|Pelipper, L50, F|100/100\n|-weather|RainDance|[from] ability: Drizzle|[of] p2b: Pelipper\n|turn|1\n|\n|t:|1776615311\n|detailschange|p2a: Dragonite|Dragonite-Mega, L50, F\n|-mega|p2a: Dragonite|Dragonite|Dragoninite\n|move|p1b: :3|Moonblast|p2a: Dragonite\n|-supereffective|p2a: Dragonite|1\n|-damage|p2a: Dragonite|75/100\n|move|p2a: Dragonite|Hurricane|p1a: Kingambit\n|-resisted|p1a: Kingambit|1\n|-damage|p1a: Kingambit|70/100\n|move|p2b: Pelipper|Tailwind|p2b: Pelipper\n|-sidestart|p2: spacecowboyp|move: Tailwind\n|move|p1a: Kingambit|Swords Dance|p1a: Kingambit\n|-boost|p1a: Kingambit|atk|2\n|\n|-weather|RainDance|[upkeep]\n|upkeep\n|turn|2\n|\n|t:|1776615323\n|move|p2a: Dragonite|Protect|p2a: Dragonite\n|-singleturn|p2a: Dragonite|Protect\n|move|p1b: :3|Encore|p2b: Pelipper\n|-start|p2b: Pelipper|Encore\n|move|p1a: Kingambit|Sucker Punch||[still]\n|-fail|p1a: Kingambit\n|move|p2b: Pelipper|Tailwind||[still]\n|-fail|p2b: Pelipper\n|\n|-weather|RainDance|[upkeep]\n|upkeep\n|turn|3\n|inactive|spacecowboyp has 30 seconds left.\n|\n|t:|1776615358\n|switch|p2b: Sinistcha|Sinistcha, L50|100/100\n|-heal|p2a: Dragonite|99/100|[from] ability: Hospitality|[of] p2b: Sinistcha\n|move|p1b: :3|Encore|p2a: Dragonite\n|-start|p2a: Dragonite|Encore\n|move|p2a: Dragonite|Protect||[still]\n|-fail|p2a: Dragonite\n|move|p1a: Kingambit|Swords Dance|p1a: Kingambit\n|-boost|p1a: Kingambit|atk|2\n|\n|-weather|RainDance|[upkeep]\n|upkeep\n|turn|4\n|\n|t:|1776615382\n|move|p2a: Dragonite|Protect|p2a: Dragonite\n|-singleturn|p2a: Dragonite|Protect\n|move|p1b: :3|Moonblast|p2a: Dragonite\n|-activate|p2a: Dragonite|move: Protect\n|move|p2b: Sinistcha|Life Dew||[still]|[spread] p2a,p2b\n|-heal|p2a: Dragonite|100/100\n|-fail|p2b: Sinistcha|heal\n|move|p1a: Kingambit|Iron Head|p2a: Dragonite\n|-activate|p2a: Dragonite|move: Protect\n|\n|-weather|RainDance|[upkeep]\n|-sideend|p2: spacecowboyp|move: Tailwind\n|upkeep\n|turn|5\n|\n|t:|1776615399\n|switch|p2a: Pelipper|Pelipper, L50, F|100/100\n|move|p1b: :3|Moonblast|p2a: Pelipper\n|-damage|p2a: Pelipper|52/100\n|-unboost|p2a: Pelipper|spa|1\n|move|p2b: Sinistcha|Matcha Gotcha|p1a: Kingambit|[spread] p1b\n|-miss|p2b: Sinistcha|p1a: Kingambit\n|-resisted|p1b: :3|1\n|-damage|p1b: :3|84/100\n|move|p1a: Kingambit|Iron Head|p2a: Pelipper\n|-resisted|p2a: Pelipper|1\n|-damage|p2a: Pelipper|0 fnt\n|faint|p2a: Pelipper\n|\n|-weather|none\n|upkeep\n|\n|t:|1776615414\n|switch|p2a: Basculegion|Basculegion, L50, M|100/100\n|turn|6\n|inactive|spacecowboyp has 30 seconds left.\n|inactive|spacecowboyp has 20 seconds left.\n|inactive|spacecowboyp has 15 seconds left.\n|inactive|spacecowboyp has 10 seconds left.\n|\n|t:|1776615461\n|switch|p1b: beer|Sinistcha-Masterpiece, L50|100/100\n|-heal|p1a: Kingambit|95/100|[from] ability: Hospitality|[of] p1b: beer\n|move|p2b: Sinistcha|Rage Powder|p2b: Sinistcha\n|-singleturn|p2b: Sinistcha|move: Rage Powder\n|move|p2a: Basculegion|Liquidation|p1a: Kingambit\n|-damage|p1a: Kingambit|54/100\n|move|p1a: Kingambit|Iron Head|p2b: Sinistcha\n|-damage|p2b: Sinistcha|0 fnt\n|faint|p2b: Sinistcha\n|\n|upkeep\n|\n|t:|1776615463\n|switch|p2b: Dragonite|Dragonite-Mega, L50, F|100/100\n|turn|7\n|\n|t:|1776615479\n|switch|p1b: :3|Whimsicott, L50, M|84/100\n|move|p1a: Kingambit|Sucker Punch|p2a: Basculegion\n|-supereffective|p2a: Basculegion|1\n|-damage|p2a: Basculegion|0 fnt\n|faint|p2a: Basculegion\n|move|p2b: Dragonite|Hurricane|p1a: Kingambit\n|-resisted|p1a: Kingambit|1\n|-damage|p1a: Kingambit|25/100\n|\n|upkeep\n|turn|8\n|c|\u2606spacecowboyp|Gg\n|c|\u2606mynamegrassgreen|ggs\n|inactive|spacecowboyp has 30 seconds left.\n|inactive|spacecowboyp has 20 seconds left.\n|-message|spacecowboyp forfeited.\n|\n|win|mynamegrassgreen\n|n|\u2606mynamegrassgreen|mynamegrassgreen\n|n|\u2606spacecowboyp|spacecowboyp\n",
  "uploadtime": 1776615520,
  "views": 8,
  "formatid": "gen9championsvgc2026regma",
  "rating": null,
  "private": 0,
  "password": null
}