{
  "id": "gen9championsvgc2026regma-2586928105",
  "format": "[Gen 9 Champions] VGC 2026 Reg M-A",
  "players": [
    "lakeandbake",
    "StrangrDangr"
  ],
  "log": "|j|\u203dlakeandbake\n|j|\u2606StrangrDangr\n|t:|1776472666\n|gametype|doubles\n|player|p1|lakeandbake|iono-masters|1135\n|player|p2|StrangrDangr|265|1157\n|gen|9\n|tier|[Gen 9 Champions] VGC 2026 Reg M-A\n|rated|\n|rule|Species Clause: Limit one of each Pok\u00e9mon\n|rule|Item Clause: Limit 1 of each item\n|clearpoke\n|poke|p1|Incineroar, L50, F|\n|poke|p1|Floette-Eternal, L50, F|\n|poke|p1|Delphox, L50, F|\n|poke|p1|Garchomp, L50, M|\n|poke|p1|Aerodactyl, L50, F|\n|poke|p1|Maushold, L50|\n|poke|p2|Gardevoir, L50, M|\n|poke|p2|Whimsicott, L50, M|\n|poke|p2|Basculegion, L50, M|\n|poke|p2|Banette, L50, F|\n|poke|p2|Medicham, L50, F|\n|poke|p2|Kingambit, L50, M|\n|teampreview|4\n|inactive|Battle timer is ON: inactive players will automatically lose when time's up. (requested by lakeandbake)\n|\n|t:|1776472697\n|teamsize|p1|4\n|teamsize|p2|4\n|start\n|switch|p1a: Aerodactyl|Aerodactyl, L50, F|100/100\n|switch|p1b: Garchomp|Garchomp, L50, M|100/100\n|switch|p2a: Medicham|Medicham, L50, F|100/100\n|switch|p2b: Banette|Banette, L50, F|100/100\n|-ability|p1a: Aerodactyl|Unnerve\n|-item|p1a: Aerodactyl|Focus Sash|[from] ability: Frisk|[of] p2b: Banette\n|-item|p1b: Garchomp|White Herb|[from] ability: Frisk|[of] p2b: Banette\n|turn|1\n|\n|t:|1776472722\n|detailschange|p2b: Banette|Banette-Mega, L50, F\n|-mega|p2b: Banette|Banette|Banettite\n|move|p2a: Medicham|Fake Out|p1a: Aerodactyl\n|-resisted|p1a: Aerodactyl|1\n|-damage|p1a: Aerodactyl|91/100\n|cant|p1a: Aerodactyl|flinch\n|move|p1b: Garchomp|Rock Slide|p2b: Banette|[spread] p2a,p2b\n|-resisted|p2a: Medicham|1\n|-damage|p2a: Medicham|90/100\n|-damage|p2b: Banette|72/100\n|move|p2b: Banette|Trick Room|p2b: Banette\n|-fieldstart|move: Trick Room|[of] p2b: Banette\n|\n|upkeep\n|turn|2\n|inactive|StrangrDangr has 30 seconds left.\n|\n|t:|1776472750\n|switch|p1b: Incineroar|Incineroar, L50, F, shiny|100/100\n|-ability|p1b: Incineroar|Intimidate|boost\n|-unboost|p2a: Medicham|atk|1\n|-unboost|p2b: Banette|atk|1\n|move|p2a: Medicham|Skill Swap|p2b: Banette\n|-activate|p2a: Medicham|Skill Swap|||[of] p2b: Banette\n|move|p2b: Banette|Poltergeist|p1b: Incineroar\n|-activate|p1b: Incineroar|move: Poltergeist|Sitrus Berry\n|-resisted|p1b: Incineroar|1\n|-damage|p1b: Incineroar|60/100\n|move|p1a: Aerodactyl|Dual Wingbeat|p2a: Medicham\n|-supereffective|p2a: Medicham|1\n|-damage|p2a: Medicham|51/100\n|-supereffective|p2a: Medicham|1\n|-crit|p2a: Medicham\n|-damage|p2a: Medicham|0 fnt\n|faint|p2a: Medicham\n|-hitcount|p2: Medicham|2\n|\n|upkeep\n|\n|t:|1776472768\n|switch|p2a: Kingambit|Kingambit, L50, M|100/100\n|turn|3\n|\n|t:|1776472782\n|move|p1a: Aerodactyl|Protect|p1a: Aerodactyl\n|-singleturn|p1a: Aerodactyl|Protect\n|move|p1b: Incineroar|Fake Out|p2a: Kingambit\n|-resisted|p2a: Kingambit|1\n|-damage|p2a: Kingambit|96/100\n|cant|p2a: Kingambit|flinch\n|move|p2b: Banette|Poltergeist|p1a: Aerodactyl\n|-activate|p1a: Aerodactyl|move: Protect\n|\n|upkeep\n|turn|4\n|\n|t:|1776472804\n|switch|p1a: Garchomp|Garchomp, L50, M|100/100\n|move|p2a: Kingambit|Low Kick|p1b: Incineroar\n|-supereffective|p1b: Incineroar|1\n|-damage|p1b: Incineroar|14/100\n|-enditem|p1b: Incineroar|Sitrus Berry|[eat]\n|-heal|p1b: Incineroar|39/100|[from] item: Sitrus Berry\n|move|p1b: Incineroar|Flare Blitz|p2a: Kingambit\n|-supereffective|p2a: Kingambit|1\n|-damage|p2a: Kingambit|24/100\n|-damage|p1b: Incineroar|14/100|[from] Recoil\n|move|p2b: Banette|Poltergeist|p1a: Garchomp\n|-activate|p1a: Garchomp|move: Poltergeist|White Herb\n|-damage|p1a: Garchomp|13/100\n|\n|upkeep\n|turn|5\n|inactive|StrangrDangr has 30 seconds left.\n|inactive|StrangrDangr has 20 seconds left.\n|inactive|StrangrDangr has 15 seconds left.\n|inactive|StrangrDangr has 10 seconds left.\n|\n|t:|1776472854\n|move|p1a: Garchomp|Protect|p1a: Garchomp\n|-singleturn|p1a: Garchomp|Protect\n|move|p2b: Banette|Shadow Sneak|p1a: Garchomp\n|-activate|p1a: Garchomp|move: Protect\n|move|p2a: Kingambit|Iron Head|p1b: Incineroar\n|-resisted|p1b: Incineroar|1\n|-damage|p1b: Incineroar|0 fnt\n|faint|p1b: Incineroar\n|\n|-fieldend|move: Trick Room\n|upkeep\n|\n|t:|1776472863\n|switch|p1b: Delphox|Delphox, L50, F|100/100\n|turn|6\n|\n|t:|1776472883\n|detailschange|p1b: Delphox|Delphox-Mega, L50, F\n|-mega|p1b: Delphox|Delphox|Delphoxite\n|move|p2b: Banette|Shadow Sneak|p1a: Garchomp\n|-damage|p1a: Garchomp|0 fnt\n|-damage|p2b: Banette|60/100|[from] ability: Rough Skin|[of] p1a: Garchomp\n|faint|p1a: Garchomp\n|move|p2a: Kingambit|Sucker Punch||[still]\n|-fail|p2a: Kingambit\n|move|p1b: Delphox|Substitute|p1b: Delphox\n|-start|p1b: Delphox|Substitute\n|-damage|p1b: Delphox|76/100\n|\n|upkeep\n|\n|t:|1776472893\n|switch|p1a: Aerodactyl|Aerodactyl, L50, F|91/100\n|-ability|p1a: Aerodactyl|Unnerve\n|turn|7\n|inactive|lakeandbake has 30 seconds left.\n|\n|t:|1776472923\n|move|p1b: Delphox|Protect|p1b: Delphox\n|-singleturn|p1b: Delphox|Protect\n|move|p2b: Banette|Shadow Sneak|p1b: Delphox\n|-activate|p1b: Delphox|move: Protect\n|move|p1a: Aerodactyl|Dual Wingbeat|p2b: Banette\n|-damage|p2b: Banette|37/100\n|-damage|p2b: Banette|12/100\n|-hitcount|p2b: Banette|2\n|move|p2a: Kingambit|Iron Head|p1a: Aerodactyl\n|-supereffective|p1a: Aerodactyl|1\n|-damage|p1a: Aerodactyl|0 fnt\n|faint|p1a: Aerodactyl\n|\n|upkeep\n|turn|8\n|\n|t:|1776472940\n|move|p2b: Banette|Shadow Sneak|p1b: Delphox\n|-supereffective|p1b: Delphox|1\n|-end|p1b: Delphox|Substitute\n|move|p2a: Kingambit|Sucker Punch|p1b: Delphox\n|-supereffective|p1b: Delphox|1\n|-damage|p1b: Delphox|0 fnt\n|faint|p1b: Delphox\n|\n|win|StrangrDangr\n|raw|lakeandbake's rating: 1135 &rarr; <strong>1112</strong><br />(-23 for losing)\n|raw|StrangrDangr's rating: 1157 &rarr; <strong>1180</strong><br />(+23 for winning)\n",
  "uploadtime": 1776472940,
  "views": 21,
  "formatid": "gen9championsvgc2026regma",
  "rating": 1112,
  "private": 0,
  "password": null
}