{
  "id": "gen9championsvgc2026regma-2582391812",
  "format": "[Gen 9 Champions] VGC 2026 Reg M-A",
  "players": [
    "Dalucks89",
    "nKnown"
  ],
  "log": "|j|\u2606Dalucks89\n|j|\u2606nKnown\n|t:|1776088602\n|gametype|doubles\n|player|p1|Dalucks89|266|1190\n|player|p2|nKnown|hilbert-wonderlauncher|1255\n|gen|9\n|tier|[Gen 9 Champions] VGC 2026 Reg M-A\n|rated|\n|rule|Species Clause: Limit one of each Pok\u00e9mon\n|rule|Item Clause: Limit 1 of each item\n|clearpoke\n|poke|p1|Gengar, L50, F|\n|poke|p1|Incineroar, L50, M|\n|poke|p1|Pelipper, L50, F|\n|poke|p1|Archaludon, L50, F|\n|poke|p1|Basculegion, L50, M|\n|poke|p1|Sinistcha, L50|\n|poke|p2|Charizard, L50, M|\n|poke|p2|Venusaur, L50, M|\n|poke|p2|Incineroar, L50, M|\n|poke|p2|Gardevoir, L50, F|\n|poke|p2|Garchomp, L50, F|\n|poke|p2|Empoleon, L50, M|\n|teampreview|4\nnKnown has agreed to open team sheets.\n|inactive|Battle timer is ON: inactive players will automatically lose when time's up. (requested by nKnown)\n|\n|t:|1776088618\n|teamsize|p1|4\n|teamsize|p2|4\n|start\n|switch|p1a: Gengar|Gengar, L50, F|100/100\n|switch|p1b: Incineroar|Incineroar, L50, M|100/100\n|switch|p2a: Gardevoir|Gardevoir, L50, F|100/100\n|switch|p2b: Incineroar|Incineroar, L50, M|100/100\n|-ability|p2a: Gardevoir|Cursed Body|Trace|[from] ability: Trace|[of] p1a: Gengar\n|-ability|p2b: Incineroar|Intimidate|boost\n|-unboost|p1a: Gengar|atk|1\n|-unboost|p1b: Incineroar|atk|1\n|-ability|p1b: Incineroar|Intimidate|boost\n|-unboost|p2a: Gardevoir|atk|1\n|-unboost|p2b: Incineroar|atk|1\n|turn|1\n|inactive|Dalucks89 has 30 seconds left.\n|\n|t:|1776088645\n|detailschange|p1a: Gengar|Gengar-Mega, L50, F\n|-mega|p1a: Gengar|Gengar|Gengarite\n|move|p2b: Incineroar|Fake Out|p1b: Incineroar\n|-damage|p1b: Incineroar|93/100\n|cant|p1b: Incineroar|flinch\n|move|p1a: Gengar|Shadow Ball|p2a: Gardevoir\n|-supereffective|p2a: Gardevoir|1\n|-damage|p2a: Gardevoir|3/100\n|-unboost|p2a: Gardevoir|spd|1\n|move|p2a: Gardevoir|Psyshock|p1a: Gengar\n|-supereffective|p1a: Gengar|1\n|-damage|p1a: Gengar|0 fnt\n|faint|p1a: Gengar\n|\n|-heal|p1b: Incineroar|99/100|[from] item: Leftovers\n|upkeep\n|\n|t:|1776088664\n|switch|p1a: Pelipper|Pelipper, L50, F|100/100\n|-weather|RainDance|[from] ability: Drizzle|[of] p1a: Pelipper\n|turn|2\n|\n|t:|1776088682\n|move|p2a: Gardevoir|Psyshock|p1a: Pelipper\n|-damage|p1a: Pelipper|45/100\n|move|p1a: Pelipper|Weather Ball|p2b: Incineroar\n|-supereffective|p2b: Incineroar|1\n|-damage|p2b: Incineroar|0 fnt\n|faint|p2b: Incineroar\n|move|p1b: Incineroar|Parting Shot|p2a: Gardevoir\n|-unboost|p2a: Gardevoir|atk|1\n|-unboost|p2a: Gardevoir|spa|1\n|\n|t:|1776088691\n|switch|p1b: Basculegion|Basculegion, L50, M|100/100|[from] Parting Shot\n|\n|-weather|RainDance|[upkeep]\n|upkeep\n|\n|t:|1776088696\n|switch|p2b: Charizard|Charizard, L50, M, shiny|100/100\n|turn|3\n|\n|t:|1776088717\n|switch|p1a: Incineroar|Incineroar, L50, M|99/100\n|-ability|p1a: Incineroar|Intimidate|boost\n|-unboost|p2a: Gardevoir|atk|1\n|-unboost|p2b: Charizard|atk|1\n|move|p2b: Charizard|Protect|p2b: Charizard\n|-singleturn|p2b: Charizard|Protect\n|move|p1b: Basculegion|Flip Turn|p2a: Gardevoir\n|-damage|p2a: Gardevoir|0 fnt\n|-start|p1b: Basculegion|Disable|Flip Turn|[from] ability: Cursed Body|[of] p2a: Gardevoir\n|faint|p2a: Gardevoir\n|\n|t:|1776088729\n|switch|p1b: Pelipper|Pelipper, L50, F|45/100|[from] Flip Turn\n|\n|-weather|RainDance|[upkeep]\n|-heal|p1a: Incineroar|100/100|[from] item: Leftovers\n|upkeep\n|\n|t:|1776088735\n|switch|p2a: Empoleon|Empoleon, L50, M|100/100\n|turn|4\n|\n|t:|1776088760\n|switch|p1b: Basculegion|Basculegion, L50, M|100/100\n|move|p1a: Incineroar|Fake Out|p2a: Empoleon\n|-resisted|p2a: Empoleon|1\n|-damage|p2a: Empoleon|95/100\n|move|p2b: Charizard|Weather Ball|p1a: Incineroar\n|-supereffective|p1a: Incineroar|1\n|-damage|p1a: Incineroar|27/100\n|cant|p2a: Empoleon|flinch\n|\n|-weather|RainDance|[upkeep]\n|-heal|p2a: Empoleon|100/100|[from] item: Leftovers\n|-heal|p1a: Incineroar|33/100|[from] item: Leftovers\n|upkeep\n|turn|5\n|\n|t:|1776088779\n|move|p2b: Charizard|Protect|p2b: Charizard\n|-singleturn|p2b: Charizard|Protect\n|move|p1b: Basculegion|Wave Crash|p2b: Charizard\n|-activate|p2b: Charizard|move: Protect\n|move|p2a: Empoleon|Hydro Pump|p1a: Incineroar\n|-supereffective|p1a: Incineroar|1\n|-damage|p1a: Incineroar|0 fnt\n|faint|p1a: Incineroar\n|\n|-weather|RainDance|[upkeep]\n|upkeep\n|\n|t:|1776088791\n|switch|p1a: Pelipper|Pelipper, L50, F|45/100\n|turn|6\n|\n|t:|1776088798\n|detailschange|p2b: Charizard|Charizard-Mega-Y, L50, M, shiny\n|-mega|p2b: Charizard|Charizard|Charizardite Y\n|-weather|SunnyDay|[from] ability: Drought|[of] p2b: Charizard\n|move|p1a: Pelipper|Protect|p1a: Pelipper\n|-singleturn|p1a: Pelipper|Protect\n|move|p1b: Basculegion|Wave Crash|p2b: Charizard\n|-supereffective|p2b: Charizard|1\n|-damage|p2b: Charizard|17/100\n|-damage|p1b: Basculegion|78/100|[from] Recoil\n|move|p2b: Charizard|Solar Beam||[still]\n|-prepare|p2b: Charizard|Solar Beam\n|-anim|p2b: Charizard|Solar Beam|p1b: Basculegion\n|-supereffective|p1b: Basculegion|1\n|-damage|p1b: Basculegion|0 fnt\n|faint|p1b: Basculegion\n|move|p2a: Empoleon|Ice Beam|p1a: Pelipper\n|-activate|p1a: Pelipper|move: Protect\n|\n|-weather|SunnyDay|[upkeep]\n|upkeep\n|turn|7\n|-message|Dalucks89 forfeited.\n|\n|win|nKnown\n|raw|Dalucks89's rating: 1190 &rarr; <strong>1170</strong><br />(-20 for losing)\n|raw|nKnown's rating: 1255 &rarr; <strong>1275</strong><br />(+20 for winning)\n|l|\u2606Dalucks89\n|player|p1|\n",
  "uploadtime": 1776088822,
  "views": 15,
  "formatid": "gen9championsvgc2026regma",
  "rating": 1170,
  "private": 0,
  "password": null
}