{
  "id": "gen9championsvgc2026regma-2581213675",
  "format": "[Gen 9 Champions] VGC 2026 Reg M-A",
  "players": [
    "eeaka",
    "EshuMeow"
  ],
  "log": "|j|\u2606eeaka\n|j|\u2606EshuMeow\n|t:|1775971589\n|gametype|doubles\n|player|p1|eeaka|lady|1102\n|player|p2|EshuMeow|waitress|1142\n|gen|9\n|tier|[Gen 9 Champions] VGC 2026 Reg M-A\n|rated|\n|rule|Species Clause: Limit one of each Pok\u00e9mon\n|rule|Item Clause: Limit 1 of each item\n|clearpoke\n|poke|p1|Charizard, L50, M|\n|poke|p1|Incineroar, L50, M|\n|poke|p1|Whimsicott, L50, M|\n|poke|p1|Rotom-Wash, L50|\n|poke|p1|Sneasler, L50, M|\n|poke|p1|Garchomp, L50, F|\n|poke|p2|Basculegion, L50, M|\n|poke|p2|Pelipper, L50, M|\n|poke|p2|Sinistcha, L50|\n|poke|p2|Archaludon, L50, F|\n|poke|p2|Dragonite, L50, F|\n|poke|p2|Sneasler, L50, M|\n|teampreview|4\n|inactive|Battle timer is ON: inactive players will automatically lose when time's up. (requested by eeaka)\n|inactive|EshuMeow has 60 seconds left.\n|\n|t:|1775971629\n|teamsize|p1|4\n|teamsize|p2|4\n|start\n|switch|p1a: Charizard|Charizard, L50, M|100/100\n|switch|p1b: Rotom|Rotom-Wash, L50|100/100\n|switch|p2a: Sneasler|Sneasler, L50, M|100/100\n|switch|p2b: Dragonite|Dragonite, L50, F|100/100\n|turn|1\n|inactive|EshuMeow has 30 seconds left.\n|\n|t:|1775971663\n|switch|p1a: Garchomp|Garchomp, L50, F|100/100\n|switch|p1b: Whimsicott|Whimsicott, L50, M|100/100\n|detailschange|p2b: Dragonite|Dragonite-Mega, L50, F\n|-mega|p2b: Dragonite|Dragonite|Dragoninite\n|move|p2a: Sneasler|Fake Out|p1a: Garchomp\n|-damage|p1a: Garchomp|84/100\n|-damage|p2a: Sneasler|88/100|[from] ability: Rough Skin|[of] p1a: Garchomp\n|move|p2b: Dragonite|Hurricane|p1b: Whimsicott\n|-supereffective|p1b: Whimsicott|1\n|-enditem|p1b: Whimsicott|Focus Sash\n|-damage|p1b: Whimsicott|1/100\n|\n|upkeep\n|turn|2\n|inactive|eeaka has 30 seconds left.\n|inactive|EshuMeow has 30 seconds left.\n|inactive|eeaka has 20 seconds left.\n|inactive|EshuMeow has 20 seconds left.\n|inactive|eeaka has 15 seconds left.\n|inactive|EshuMeow has 15 seconds left.\n|inactive|EshuMeow has 10 seconds left.\n|inactive|EshuMeow has 5 seconds left.\n|\n|t:|1775971714\n|move|p2b: Dragonite|Protect|p2b: Dragonite\n|-singleturn|p2b: Dragonite|Protect\n|move|p1b: Whimsicott|Encore|p2a: Sneasler\n|-start|p2a: Sneasler|Encore\n|move|p2a: Sneasler|Fake Out||[still]\n|-hint|Fake Out only works on your first turn out.\n|-fail|p2a: Sneasler\n|move|p1a: Garchomp|Dragon Claw|p2b: Dragonite\n|-activate|p2b: Dragonite|move: Protect\n|\n|upkeep\n|turn|3\n|inactive|EshuMeow has 30 seconds left.\n|inactive|EshuMeow has 20 seconds left.\n|inactive|EshuMeow has 15 seconds left.\n|inactive|EshuMeow has 10 seconds left.\n|\n|t:|1775971762\n|switch|p1b: Rotom|Rotom-Wash, L50|100/100\n|switch|p2a: Pelipper|Pelipper, L50, M|100/100\n|-weather|RainDance|[from] ability: Drizzle|[of] p2a: Pelipper\n|move|p1a: Garchomp|Dragon Claw|p2b: Dragonite\n|-supereffective|p2b: Dragonite|1\n|-damage|p2b: Dragonite|61/100\n|move|p2b: Dragonite|Hurricane|p1b: Rotom\n|-resisted|p1b: Rotom|1\n|-damage|p1b: Rotom|64/100\n|\n|-weather|RainDance|[upkeep]\n|-heal|p1b: Rotom|70/100|[from] item: Leftovers\n|upkeep\n|turn|4\n|\n|t:|1775971785\n|move|p1a: Garchomp|Dragon Claw|p2a: Pelipper\n|-damage|p2a: Pelipper|44/100\n|move|p2b: Dragonite|Dragon Pulse|p1a: Garchomp\n|-supereffective|p1a: Garchomp|1\n|-damage|p1a: Garchomp|0 fnt\n|faint|p1a: Garchomp\n|move|p2a: Pelipper|Hurricane|p1b: Rotom\n|-resisted|p1b: Rotom|1\n|-damage|p1b: Rotom|44/100\n|move|p1b: Rotom|Volt Switch|p2a: Pelipper\n|-supereffective|p2a: Pelipper|2\n|-damage|p2a: Pelipper|0 fnt\n|faint|p2a: Pelipper\n|\n|t:|1775971794\n|switch|p1b: Charizard|Charizard, L50, M|100/100|[from] Volt Switch\n|\n|-weather|RainDance|[upkeep]\n|upkeep\n|\n|t:|1775971805\n|switch|p1a: Rotom|Rotom-Wash, L50|44/100\n|switch|p2a: Sinistcha|Sinistcha, L50|100/100\n|-heal|p2b: Dragonite|86/100|[from] ability: Hospitality|[of] p2a: Sinistcha\n|turn|5\n|inactive|EshuMeow has 30 seconds left.\n|inactive|EshuMeow has 20 seconds left.\n|\n|t:|1775971841\n|detailschange|p1b: Charizard|Charizard-Mega-Y, L50, M\n|-mega|p1b: Charizard|Charizard|Charizardite Y\n|-weather|SunnyDay|[from] ability: Drought|[of] p1b: Charizard\n|move|p2a: Sinistcha|Rage Powder|p2a: Sinistcha\n|-singleturn|p2a: Sinistcha|move: Rage Powder\n|move|p2b: Dragonite|Hurricane|p1a: Rotom|[miss]\n|-miss|p2b: Dragonite|p1a: Rotom\n|move|p1b: Charizard|Heat Wave|p2a: Sinistcha|[spread] p2a,p2b\n|-supereffective|p2a: Sinistcha|1\n|-resisted|p2b: Dragonite|1\n|-damage|p2a: Sinistcha|0 fnt\n|-damage|p2b: Dragonite|56/100\n|faint|p2a: Sinistcha\n|move|p1a: Rotom|Volt Switch|p2b: Dragonite\n|-damage|p2b: Dragonite|27/100\n|\n|t:|1775971858\n|switch|p1a: Whimsicott|Whimsicott, L50, M|1/100|[from] Volt Switch\n|\n|-weather|SunnyDay|[upkeep]\n|upkeep\n|\n|t:|1775971863\n|switch|p2a: Sneasler|Sneasler, L50, M|88/100\n|turn|6\n|inactive|EshuMeow has 30 seconds left.\n|\n|t:|1775971889\n|switch|p1a: Rotom|Rotom-Wash, L50|44/100\n|move|p1b: Charizard|Protect|p1b: Charizard\n|-singleturn|p1b: Charizard|Protect\n|move|p2a: Sneasler|Fake Out|p1b: Charizard\n|-activate|p1b: Charizard|move: Protect\n|move|p2b: Dragonite|Hurricane|p1b: Charizard\n|-activate|p1b: Charizard|move: Protect\n|\n|-weather|SunnyDay|[upkeep]\n|-heal|p1a: Rotom|50/100|[from] item: Leftovers\n|upkeep\n|turn|7\n|\n|t:|1775971905\n|move|p2b: Dragonite|Protect|p2b: Dragonite\n|-singleturn|p2b: Dragonite|Protect\n|move|p2a: Sneasler|Dire Claw|p1b: Charizard\n|-damage|p1b: Charizard|47/100\n|-status|p1b: Charizard|psn\n|move|p1b: Charizard|Weather Ball|p2a: Sneasler\n|-damage|p2a: Sneasler|0 fnt\n|faint|p2a: Sneasler\n|move|p1a: Rotom|Thunderbolt|p2b: Dragonite\n|-activate|p2b: Dragonite|move: Protect\n|\n|-weather|SunnyDay|[upkeep]\n|-heal|p1a: Rotom|55/100|[from] item: Leftovers\n|-damage|p1b: Charizard|35/100 psn|[from] psn\n|upkeep\n|turn|8\n|\n|t:|1775971925\n|move|p2b: Dragonite|Dragon Pulse|p1a: Rotom\n|-damage|p1a: Rotom|3/100\n|move|p1b: Charizard|Weather Ball|p2b: Dragonite\n|-resisted|p2b: Dragonite|1\n|-damage|p2b: Dragonite|0 fnt\n|faint|p2b: Dragonite\n|\n|win|eeaka\n|raw|eeaka's rating: 1102 &rarr; <strong>1130</strong><br />(+28 for winning)\n|raw|EshuMeow's rating: 1142 &rarr; <strong>1114</strong><br />(-28 for losing)\n",
  "uploadtime": 1775971931,
  "views": 17,
  "formatid": "gen9championsvgc2026regma",
  "rating": 1114,
  "private": 0,
  "password": null
}