{
  "id": "gen9championsvgc2026regma-2580407911",
  "format": "[Gen 9 Champions] VGC 2026 Reg M-A",
  "players": [
    "lolgz",
    "hariyama lover"
  ],
  "log": "|j|\u2606lolgz\n|j|\u2606hariyama lover\n|t:|1775891917\n|gametype|doubles\n|player|p1|lolgz|266|1091\n|player|p2|hariyama lover|2|1077\n|gen|9\n|tier|[Gen 9 Champions] VGC 2026 Reg M-A\n|rated|\n|rule|Species Clause: Limit one of each Pok\u00e9mon\n|rule|Item Clause: Limit 1 of each item\n|clearpoke\n|poke|p1|Charizard, L50, F|\n|poke|p1|Whimsicott, L50, F|\n|poke|p1|Basculegion, L50, M|\n|poke|p1|Farigiraf, L50, M|\n|poke|p1|Kangaskhan, L50, F|\n|poke|p1|Sneasler, L50, M|\n|poke|p2|Manectric, L50, M|\n|poke|p2|Whimsicott, L50, F|\n|poke|p2|Farigiraf, L50, M|\n|poke|p2|Incineroar, L50, F|\n|poke|p2|Quaquaval, L50, F|\n|poke|p2|Volcarona, L50, F|\n|teampreview|4\n|\n|t:|1775891963\n|teamsize|p1|4\n|teamsize|p2|4\n|start\n|switch|p1a: Whimsicott|Whimsicott, L50, F|100/100\n|switch|p1b: Kangaskhan|Kangaskhan, L50, F|100/100\n|switch|p2a: Manectric|Manectric, L50, M|100/100\n|switch|p2b: Whimsicott|Whimsicott, L50, F|100/100\n|turn|1\n|\n|t:|1775891997\n|detailschange|p1b: Kangaskhan|Kangaskhan-Mega, L50, F\n|-mega|p1b: Kangaskhan|Kangaskhan|Kangaskhanite\n|move|p2a: Manectric|Protect|p2a: Manectric\n|-singleturn|p2a: Manectric|Protect\n|move|p1b: Kangaskhan|Fake Out|p2b: Whimsicott\n|-damage|p2b: Whimsicott|65/100\n|-damage|p2b: Whimsicott|59/100\n|-hitcount|p2b: Whimsicott|2\n|move|p1a: Whimsicott|Tailwind|p1a: Whimsicott\n|-sidestart|p1: lolgz|move: Tailwind\n|cant|p2b: Whimsicott|flinch\n|\n|upkeep\n|turn|2\n|\n|t:|1775892012\n|detailschange|p2a: Manectric|Manectric-Mega, L50, M\n|-mega|p2a: Manectric|Manectric|Manectite\n|-ability|p2a: Manectric|Intimidate|boost\n|-unboost|p1a: Whimsicott|atk|1\n|-unboost|p1b: Kangaskhan|atk|1\n|move|p1a: Whimsicott|Encore|p2a: Manectric\n|-start|p2a: Manectric|Encore\n|move|p2a: Manectric|Protect|p2a: Manectric\n|-singleturn|p2a: Manectric|Protect\n|move|p2b: Whimsicott|Tailwind|p2b: Whimsicott\n|-sidestart|p2: hariyama lover|move: Tailwind\n|move|p1b: Kangaskhan|Double-Edge|p2b: Whimsicott\n|-damage|p2b: Whimsicott|0 fnt\n|faint|p2b: Whimsicott\n|-hitcount|p2: Whimsicott|1\n|-damage|p1b: Kangaskhan|86/100|[from] Recoil\n|\n|upkeep\n|\n|t:|1775892021\n|switch|p2b: Quaquaval|Quaquaval, L50, F|100/100\n|turn|3\n|\n|t:|1775892029\n|switch|p2a: Farigiraf|Farigiraf, L50, M|100/100\n|switch|p1b: Sneasler|Sneasler, L50, M|100/100\n|move|p1a: Whimsicott|Moonblast|p2b: Quaquaval\n|-supereffective|p2b: Quaquaval|1\n|-damage|p2b: Quaquaval|9/100\n|move|p2b: Quaquaval|Close Combat|p1b: Sneasler\n|-resisted|p1b: Sneasler|1\n|-damage|p1b: Sneasler|48/100\n|-unboost|p2b: Quaquaval|def|1\n|-unboost|p2b: Quaquaval|spd|1\n|\n|upkeep\n|turn|4\n|\n|t:|1775892040\n|move|p1a: Whimsicott|Moonblast|p2b: Quaquaval\n|-supereffective|p2b: Quaquaval|1\n|-damage|p2b: Quaquaval|0 fnt\n|faint|p2b: Quaquaval\n|move|p1b: Sneasler|Close Combat|p2a: Farigiraf\n|-damage|p2a: Farigiraf|38/100\n|-unboost|p1b: Sneasler|def|1\n|-unboost|p1b: Sneasler|spd|1\n|-enditem|p2a: Farigiraf|Sitrus Berry|[eat]\n|-heal|p2a: Farigiraf|63/100|[from] item: Sitrus Berry\n|-enditem|p1b: Sneasler|White Herb\n|-clearnegativeboost|p1b: Sneasler|[silent]\n|move|p2a: Farigiraf|Hyper Voice|p1a: Whimsicott|[spread] p1a,p1b\n|-damage|p1a: Whimsicott|54/100\n|-damage|p1b: Sneasler|14/100\n|\n|-sideend|p1: lolgz|move: Tailwind\n|upkeep\n|\n|t:|1775892042\n|switch|p2b: Manectric|Manectric-Mega, L50, M|100/100\n|-ability|p2b: Manectric|Intimidate|boost\n|-unboost|p1a: Whimsicott|atk|1\n|-unboost|p1b: Sneasler|atk|1\n|turn|5\n|\n|t:|1775892055\n|move|p1a: Whimsicott|Tailwind|p1a: Whimsicott\n|-sidestart|p1: lolgz|move: Tailwind\n|move|p1b: Sneasler|Close Combat|p2b: Manectric\n|-crit|p2b: Manectric\n|-damage|p2b: Manectric|0 fnt\n|-unboost|p1b: Sneasler|def|1\n|-unboost|p1b: Sneasler|spd|1\n|faint|p2b: Manectric\n|move|p2a: Farigiraf|Hyper Voice|p1b: Sneasler|[spread] p1a,p1b\n|-damage|p1a: Whimsicott|8/100\n|-damage|p1b: Sneasler|0 fnt\n|faint|p1b: Sneasler\n|\n|-sideend|p2: hariyama lover|move: Tailwind\n|upkeep\n|-message|hariyama lover forfeited.\n|\n|win|lolgz\n|raw|lolgz's rating: 1091 &rarr; <strong>1116</strong><br />(+25 for winning)\n|raw|hariyama lover's rating: 1077 &rarr; <strong>1056</strong><br />(-21 for losing)\n",
  "uploadtime": 1775892063,
  "views": 15,
  "formatid": "gen9championsvgc2026regma",
  "rating": 1056,
  "private": 0,
  "password": null
}