{
  "id": "gen9championsvgc2026regma-2584223867",
  "format": "[Gen 9 Champions] VGC 2026 Reg M-A",
  "players": [
    "Hao_poke",
    "ScribbleScribble"
  ],
  "log": "|j|\u2606Hao_poke\n|j|\u2606ScribbleScribble\n|t:|1776240195\n|gametype|doubles\n|player|p1|Hao_poke|2|1395\n|player|p2|ScribbleScribble|mina-lgpe|1475\n|gen|9\n|tier|[Gen 9 Champions] VGC 2026 Reg M-A\n|rated|\n|rule|Species Clause: Limit one of each Pok\u00e9mon\n|rule|Item Clause: Limit 1 of each item\n|clearpoke\n|poke|p1|Mimikyu, L50, M|\n|poke|p1|Kingambit, L50, M|\n|poke|p1|Basculegion, L50, M|\n|poke|p1|Pelipper, L50, M|\n|poke|p1|Drampa, L50, M|\n|poke|p1|Blastoise, L50, M|\n|poke|p2|Floette-Eternal, L50, F|\n|poke|p2|Sneasler, L50, M|\n|poke|p2|Aerodactyl, L50, F|\n|poke|p2|Kingambit, L50, F|\n|poke|p2|Basculegion, L50, M|\n|poke|p2|Farigiraf, L50, M|\n|teampreview|4\n|inactive|Battle timer is ON: inactive players will automatically lose when time's up. (requested by ScribbleScribble)\n|inactive|Hao_poke has 60 seconds left.\n|\n|t:|1776240247\n|teamsize|p1|4\n|teamsize|p2|4\n|start\n|switch|p1a: Mimikyu|Mimikyu, L50, M|100/100\n|switch|p1b: Basculegion|Basculegion, L50, M|100/100\n|switch|p2a: Farigiraf|Farigiraf, L50, M|100/100\n|switch|p2b: Kingambit|Kingambit, L50, F|100/100\n|turn|1\n|\n|t:|1776240255\n|switch|p1b: Drampa|Drampa, L50, M|100/100\n|-ability|p1b: Drampa|Cloud Nine\n|move|p1a: Mimikyu|Will-O-Wisp|p2b: Kingambit\n|-status|p2b: Kingambit|brn\n|move|p2a: Farigiraf|Imprison|p2a: Farigiraf\n|-start|p2a: Farigiraf|move: Imprison\n|move|p2b: Kingambit|Kowtow Cleave|p1b: Drampa\n|-damage|p1b: Drampa|68/100\n|\n|-damage|p2b: Kingambit|95/100 brn|[from] brn\n|upkeep\n|turn|2\n|\n|t:|1776240274\n|detailschange|p1b: Drampa|Drampa-Mega, L50, M\n|-mega|p1b: Drampa|Drampa|Drampanite\n|move|p1a: Mimikyu|Will-O-Wisp|p2a: Farigiraf\n|-status|p2a: Farigiraf|brn\n|move|p2a: Farigiraf|Psyshock|p1a: Mimikyu\n|-activate|p1a: Mimikyu|ability: Disguise\n|-damage|p1a: Mimikyu|100/100\n|detailschange|p1a: Mimikyu|Mimikyu-Busted, L50, M\n|-damage|p1a: Mimikyu|88/100|[from] pokemon: Mimikyu-Busted\n|move|p2b: Kingambit|Kowtow Cleave|p1a: Mimikyu\n|-damage|p1a: Mimikyu|57/100\n|move|p1b: Drampa|Flamethrower|p2b: Kingambit\n|-supereffective|p2b: Kingambit|1\n|-damage|p2b: Kingambit|22/100 brn\n|\n|-damage|p2a: Farigiraf|95/100 brn|[from] brn\n|-damage|p2b: Kingambit|16/100 brn|[from] brn\n|upkeep\n|turn|3\n|inactive|Hao_poke has 30 seconds left.\n|inactive|ScribbleScribble has 30 seconds left.\n|inactive|Hao_poke has 20 seconds left.\n|inactive|ScribbleScribble has 20 seconds left.\n|\n|t:|1776240312\n|switch|p1a: Kingambit|Kingambit, L50, M|100/100\n|move|p2a: Farigiraf|Psyshock|p1a: Kingambit\n|-immune|p1a: Kingambit\n|move|p2b: Kingambit|Kowtow Cleave|p1a: Kingambit\n|-resisted|p1a: Kingambit|1\n|-damage|p1a: Kingambit|90/100\n|move|p1b: Drampa|Dragon Pulse|p2a: Farigiraf\n|-crit|p2a: Farigiraf\n|-damage|p2a: Farigiraf|17/100 brn\n|-enditem|p2a: Farigiraf|Sitrus Berry|[eat]\n|-heal|p2a: Farigiraf|42/100 brn|[from] item: Sitrus Berry\n|\n|-damage|p2a: Farigiraf|36/100 brn|[from] brn\n|-damage|p2b: Kingambit|10/100 brn|[from] brn\n|upkeep\n|turn|4\n|inactive|Hao_poke has 30 seconds left.\n|inactive|Hao_poke has 20 seconds left.\n|inactive|Hao_poke has 15 seconds left.\n|inactive|Hao_poke has 10 seconds left.\n|\n|t:|1776240358\n|move|p2a: Farigiraf|Hyper Voice|p1b: Drampa|[spread] p1a,p1b\n|-resisted|p1a: Kingambit|1\n|-damage|p1a: Kingambit|77/100\n|-damage|p1b: Drampa|46/100\n|-ability|p1b: Drampa|Berserk|boost\n|-boost|p1b: Drampa|spa|1\n|move|p2b: Kingambit|Low Kick|p1a: Kingambit\n|-supereffective|p1a: Kingambit|2\n|-damage|p1a: Kingambit|18/100\n|move|p1a: Kingambit|Kowtow Cleave|p2a: Farigiraf\n|-supereffective|p2a: Farigiraf|1\n|-damage|p2a: Farigiraf|0 fnt\n|faint|p2a: Farigiraf\n|move|p1b: Drampa|Flamethrower|p2b: Kingambit\n|-supereffective|p2b: Kingambit|1\n|-damage|p2b: Kingambit|0 fnt\n|faint|p2b: Kingambit\n|\n|upkeep\n|\n|t:|1776240361\n|switch|p2a: Sneasler|Sneasler, L50, M|100/100\n|switch|p2b: Floette|Floette-Eternal, L50, F|100/100\n|turn|5\n|inactive|Hao_poke has 30 seconds left.\n|\n|t:|1776240388\n|detailschange|p2b: Floette|Floette-Mega, L50, F\n|-mega|p2b: Floette|Floette|Floettite\n|-ability|p2b: Floette|Fairy Aura\n|move|p1b: Drampa|Protect|p1b: Drampa\n|-singleturn|p1b: Drampa|Protect\n|move|p2a: Sneasler|Close Combat|p1a: Kingambit\n|-supereffective|p1a: Kingambit|2\n|-damage|p1a: Kingambit|0 fnt\n|-unboost|p2a: Sneasler|def|1\n|-unboost|p2a: Sneasler|spd|1\n|faint|p1a: Kingambit\n|-enditem|p2a: Sneasler|White Herb\n|-clearnegativeboost|p2a: Sneasler|[silent]\n|move|p2b: Floette|Dazzling Gleam|p1b: Drampa\n|-activate|p1b: Drampa|move: Protect\n|\n|upkeep\n|\n|t:|1776240400\n|switch|p1a: Mimikyu|Mimikyu-Busted, L50, M|57/100\n|turn|6\n|\n|t:|1776240408\n|move|p2a: Sneasler|Dire Claw|p1a: Mimikyu\n|-damage|p1a: Mimikyu|5/100\n|move|p2b: Floette|Dazzling Gleam|p1b: Drampa|[spread] p1a,p1b\n|-supereffective|p1b: Drampa|1\n|-damage|p1a: Mimikyu|0 fnt\n|-damage|p1b: Drampa|0 fnt\n|faint|p1a: Mimikyu\n|faint|p1b: Drampa\n|\n|upkeep\n|\n|t:|1776240417\n|switch|p1b: Basculegion|Basculegion, L50, M|100/100\n|turn|7\n|\n|t:|1776240421\n|move|p2b: Floette|Protect|p2b: Floette\n|-singleturn|p2b: Floette|Protect\n|move|p2a: Sneasler|Dire Claw|p1b: Basculegion\n|-resisted|p1b: Basculegion|1\n|-damage|p1b: Basculegion|73/100\n|-status|p1b: Basculegion|psn\n|move|p1b: Basculegion|Last Respects|p2b: Floette\n|-activate|p2b: Floette|move: Protect\n|\n|-damage|p1b: Basculegion|60/100 psn|[from] psn\n|upkeep\n|turn|8\n|\n|t:|1776240432\n|move|p2a: Sneasler|Dire Claw|p1b: Basculegion\n|-resisted|p1b: Basculegion|1\n|-damage|p1b: Basculegion|34/100 psn\n|move|p2b: Floette|Moonblast|p1b: Basculegion\n|-damage|p1b: Basculegion|0 fnt\n|faint|p1b: Basculegion\n|\n|win|ScribbleScribble\n|raw|Hao_poke's rating: 1395 &rarr; <strong>1380</strong><br />(-15 for losing)\n|raw|ScribbleScribble's rating: 1490 &rarr; <strong>1505</strong><br />(+15 for winning)\n|l|\u2606Hao_poke\n|player|p1|\n|l|\u2606ScribbleScribble\n|player|p2|\n",
  "uploadtime": 1776240445,
  "views": 63,
  "formatid": "gen9championsvgc2026regma",
  "rating": 1380,
  "private": 0,
  "password": null
}