{
  "id": "gen9championsvgc2026regma-2585415745",
  "format": "[Gen 9 Champions] VGC 2026 Reg M-A",
  "players": [
    "eevee1ynn",
    "Dr. Steam"
  ],
  "log": "|j|\u2606eevee1ynn\n|j|\u2606Dr. Steam\n|t:|1776345716\n|gametype|doubles\n|player|p1|eevee1ynn|unknownf|1189\n|player|p2|Dr. Steam|102|1159\n|gen|9\n|tier|[Gen 9 Champions] VGC 2026 Reg M-A\n|rated|\n|rule|Species Clause: Limit one of each Pok\u00e9mon\n|rule|Item Clause: Limit 1 of each item\n|clearpoke\n|poke|p1|Chimecho, L50, M|\n|poke|p1|Rhyperior, L50, M|\n|poke|p1|Araquanid, L50, M|\n|poke|p1|Oranguru, L50, M|\n|poke|p1|Hydreigon, L50, M|\n|poke|p1|Sneasler, L50, F|\n|poke|p2|Charizard, L50, F|\n|poke|p2|Venusaur, L50, F|\n|poke|p2|Araquanid, L50, M|\n|poke|p2|Heliolisk, L50, M|\n|poke|p2|Mamoswine, L50, M|\n|poke|p2|Whimsicott, L50, F|\n|teampreview|4\n|\n|t:|1776345754\n|teamsize|p1|4\n|teamsize|p2|4\n|start\n|switch|p1a: Sneasler|Sneasler, L50, F|100/100\n|switch|p1b: Oranguru|Oranguru, L50, M|100/100\n|switch|p2a: Mamoswine|Mamoswine, L50, M, shiny|100/100\n|switch|p2b: Araquanid|Araquanid, L50, M, shiny|100/100\n|turn|1\n|\n|t:|1776345769\n|move|p1a: Sneasler|Fake Out|p2b: Araquanid\n|-damage|p2b: Araquanid|87/100\n|move|p2a: Mamoswine|Superpower|p1b: Oranguru\n|-damage|p1b: Oranguru|65/100\n|-unboost|p2a: Mamoswine|atk|1\n|-unboost|p2a: Mamoswine|def|1\n|cant|p2b: Araquanid|flinch\n|move|p1b: Oranguru|Trick Room|p1b: Oranguru\n|-fieldstart|move: Trick Room|[of] p1b: Oranguru\n|\n|upkeep\n|turn|2\n|\n|t:|1776345784\n|switch|p2a: Charizard|Charizard, L50, F, shiny|100/100\n|move|p2b: Araquanid|Liquidation|p1a: Sneasler\n|-enditem|p1a: Sneasler|Focus Sash\n|-damage|p1a: Sneasler|1/100\n|move|p1b: Oranguru|Hyper Voice|p2b: Araquanid|[spread] p2a,p2b\n|-damage|p2a: Charizard|75/100\n|-damage|p2b: Araquanid|69/100\n|move|p1a: Sneasler|Close Combat|p2a: Charizard\n|-resisted|p2a: Charizard|1\n|-damage|p2a: Charizard|26/100\n|-unboost|p1a: Sneasler|def|1\n|-unboost|p1a: Sneasler|spd|1\n|\n|upkeep\n|turn|3\n|\n|t:|1776345810\n|move|p2a: Charizard|Protect|p2a: Charizard\n|-singleturn|p2a: Charizard|Protect\n|move|p2b: Araquanid|Liquidation|p1b: Oranguru\n|-damage|p1b: Oranguru|11/100\n|move|p1b: Oranguru|Instruct|p1a: Sneasler\n|-singleturn|p1a: Sneasler|move: Instruct|[of] p1b: Oranguru\n|move|p1a: Sneasler|Close Combat|p2a: Charizard\n|-activate|p2a: Charizard|move: Protect\n|move|p1a: Sneasler|Dire Claw|p2a: Charizard\n|-activate|p2a: Charizard|move: Protect\n|\n|upkeep\n|turn|4\n|\n|t:|1776345834\n|switch|p1a: Araquanid|Araquanid, L50, M|100/100\n|move|p2b: Araquanid|Liquidation|p1a: Araquanid\n|-resisted|p1a: Araquanid|1\n|-damage|p1a: Araquanid|66/100\n|move|p1b: Oranguru|Hyper Voice|p2a: Charizard|[spread] p2a,p2b\n|-damage|p2a: Charizard|0 fnt\n|-damage|p2b: Araquanid|52/100\n|faint|p2a: Charizard\n|\n|upkeep\n|\n|t:|1776345847\n|switch|p2a: Heliolisk|Heliolisk, L50, M, shiny|100/100\n|turn|5\n|\n|t:|1776345862\n|move|p2b: Araquanid|Wide Guard|p2b: Araquanid\n|-singleturn|p2b: Araquanid|Wide Guard\n|move|p1a: Araquanid|Infestation|p2a: Heliolisk\n|-damage|p2a: Heliolisk|94/100\n|-activate|p2a: Heliolisk|move: Infestation|[of] p1a: Araquanid\n|move|p1b: Oranguru|Hyper Voice|p2b: Araquanid|[spread] \n|-activate|p2a: Heliolisk|move: Wide Guard\n|-activate|p2b: Araquanid|move: Wide Guard\n|move|p2a: Heliolisk|Thunderbolt|p1a: Araquanid\n|-supereffective|p1a: Araquanid|1\n|-damage|p1a: Araquanid|0 fnt\n|faint|p1a: Araquanid\n|\n|-end|p2a: Heliolisk|Infestation|[partiallytrapped]|[silent]\n|-fieldend|move: Trick Room\n|upkeep\n|\n|t:|1776345877\n|switch|p1a: Sneasler|Sneasler, L50, F|1/100\n|turn|6\n|\n|t:|1776345884\n|move|p2a: Heliolisk|Protect|p2a: Heliolisk\n|-singleturn|p2a: Heliolisk|Protect\n|move|p1a: Sneasler|Dire Claw|p2b: Araquanid\n|-damage|p2b: Araquanid|14/100\n|move|p2b: Araquanid|Liquidation|p1a: Sneasler\n|-damage|p1a: Sneasler|0 fnt\n|faint|p1a: Sneasler\n|move|p1b: Oranguru|Trick Room|p1b: Oranguru\n|-fieldstart|move: Trick Room|[of] p1b: Oranguru\n|\n|upkeep\n|\n|t:|1776345893\n|switch|p1a: Rhyperior|Rhyperior, L50, M|100/100\n|turn|7\n|\n|t:|1776345916\n|move|p1a: Rhyperior|Rock Slide|p2a: Heliolisk|[spread] p2a,p2b\n|-supereffective|p2b: Araquanid|1\n|-damage|p2a: Heliolisk|39/100\n|-damage|p2b: Araquanid|0 fnt\n|faint|p2b: Araquanid\n|move|p1b: Oranguru|Encore|p2a: Heliolisk\n|-start|p2a: Heliolisk|Encore\n|move|p2a: Heliolisk|Protect||[still]\n|-fail|p2a: Heliolisk\n|\n|upkeep\n|\n|t:|1776345926\n|switch|p2b: Mamoswine|Mamoswine, L50, M, shiny|100/100\n|turn|8\n|\n|t:|1776345940\n|move|p2a: Heliolisk|Protect|p2a: Heliolisk\n|-singleturn|p2a: Heliolisk|Protect\n|move|p1a: Rhyperior|Rock Slide|p2b: Mamoswine|[spread] p2b\n|-activate|p2a: Heliolisk|move: Protect\n|-damage|p2b: Mamoswine|67/100\n|move|p1b: Oranguru|Instruct|p1a: Rhyperior\n|-singleturn|p1a: Rhyperior|move: Instruct|[of] p1b: Oranguru\n|move|p1a: Rhyperior|Rock Slide|p2a: Heliolisk|[spread] p2b\n|-activate|p2a: Heliolisk|move: Protect\n|-damage|p2b: Mamoswine|35/100\n|cant|p2b: Mamoswine|flinch\n|\n|upkeep\n|turn|9\n|\n|t:|1776345961\n|move|p2a: Heliolisk|Protect||[still]\n|-fail|p2a: Heliolisk\n|move|p2b: Mamoswine|Ice Shard|p1a: Rhyperior\n|-supereffective|p1a: Rhyperior|1\n|-damage|p1a: Rhyperior|73/100\n|move|p1a: Rhyperior|Rock Slide|p2b: Mamoswine|[spread] p2a,p2b\n|-crit|p2b: Mamoswine\n|-damage|p2a: Heliolisk|0 fnt\n|-damage|p2b: Mamoswine|0 fnt\n|faint|p2a: Heliolisk\n|faint|p2b: Mamoswine\n|\n|win|eevee1ynn\n|raw|eevee1ynn's rating: 1189 &rarr; <strong>1212</strong><br />(+23 for winning)\n|raw|Dr. Steam's rating: 1159 &rarr; <strong>1136</strong><br />(-23 for losing)\n",
  "uploadtime": 1776345961,
  "views": 21,
  "formatid": "gen9championsvgc2026regma",
  "rating": 1136,
  "private": 0,
  "password": null
}