{
  "id": "gen9championsvgc2026regma-2581277652",
  "format": "[Gen 9 Champions] VGC 2026 Reg M-A",
  "players": [
    "soupy36",
    "ray_game0"
  ],
  "log": "|j|\u2606soupy36\n|j|\u2606ray_game0\n|t:|1775980257\n|gametype|doubles\n|player|p1|soupy36|kimonogirl|1048\n|player|p2|ray_game0|hiker-gen4|1000\n|gen|9\n|tier|[Gen 9 Champions] VGC 2026 Reg M-A\n|rated|\n|rule|Species Clause: Limit one of each Pok\u00e9mon\n|rule|Item Clause: Limit 1 of each item\n|clearpoke\n|poke|p1|Aegislash, L50, M|\n|poke|p1|Crabominable, L50, F|\n|poke|p1|Farigiraf, L50, F|\n|poke|p1|Incineroar, L50, M|\n|poke|p1|Primarina, L50, F|\n|poke|p1|Maushold-Four, L50|\n|poke|p2|Whimsicott, L50, F|\n|poke|p2|Glalie, L50, F|\n|poke|p2|Archaludon, L50, M|\n|poke|p2|Pelipper, L50, M|\n|teampreview|4\n|\n|t:|1775980314\n|teamsize|p1|4\n|teamsize|p2|4\n|start\n|switch|p1a: Incineroar|Incineroar, L50, M|100/100\n|switch|p1b: Farigiraf|Farigiraf, L50, F|100/100\n|switch|p2a: Whimsicott|Whimsicott, L50, F|100/100\n|switch|p2b: Glalie|Glalie, L50, F|100/100\n|-ability|p1a: Incineroar|Intimidate|boost\n|-unboost|p2a: Whimsicott|atk|1\n|-unboost|p2b: Glalie|atk|1\n|turn|1\n|\n|t:|1775980340\n|move|p2a: Whimsicott|Protect|p2a: Whimsicott\n|-singleturn|p2a: Whimsicott|Protect\n|move|p1a: Incineroar|Fake Out|p2b: Glalie\n|-damage|p2b: Glalie|83/100\n|cant|p2b: Glalie|flinch\n|move|p1b: Farigiraf|Trick Room|p1b: Farigiraf\n|-fieldstart|move: Trick Room|[of] p1b: Farigiraf\n|\n|-ability|p2b: Glalie|Moody|boost\n|-boost|p2b: Glalie|def|2\n|-unboost|p2b: Glalie|spa|1\n|upkeep\n|turn|2\n|\n|t:|1775980362\n|move|p2a: Whimsicott|Protect||[still]\n|-fail|p2a: Whimsicott\n|move|p1b: Farigiraf|Hyper Voice|p2b: Glalie|[spread] p2a,p2b\n|-damage|p2a: Whimsicott|69/100\n|-damage|p2b: Glalie|46/100\n|move|p1a: Incineroar|Flare Blitz|p2b: Glalie\n|-supereffective|p2b: Glalie|1\n|-damage|p2b: Glalie|0 fnt\n|faint|p2b: Glalie\n|-damage|p1a: Incineroar|87/100|[from] Recoil\n|\n|upkeep\n|\n|t:|1775980376\n|switch|p2b: Archaludon|Archaludon, L50, M|100/100\n|turn|3\n|\n|t:|1775980385\n|switch|p1b: Maushold|Maushold-Four, L50|100/100\n|move|p2a: Whimsicott|Protect|p2a: Whimsicott\n|-singleturn|p2a: Whimsicott|Protect\n|move|p1a: Incineroar|Parting Shot|p2b: Archaludon\n|-unboost|p2b: Archaludon|atk|1\n|-unboost|p2b: Archaludon|spa|1\n|\n|t:|1775980394\n|switch|p1a: Crabominable|Crabominable, L50, F|100/100|[from] Parting Shot\n|move|p2b: Archaludon|Thunder Wave|p1b: Maushold|[miss]\n|-miss|p2b: Archaludon|p1b: Maushold\n|\n|upkeep\n|turn|4\n|\n|t:|1775980425\n|detailschange|p1a: Crabominable|Crabominable-Mega, L50, F\n|-mega|p1a: Crabominable|Crabominable|Crabominite\n|move|p1b: Maushold|Follow Me|p1b: Maushold\n|-singleturn|p1b: Maushold|move: Follow Me\n|move|p2a: Whimsicott|Taunt|p1b: Maushold\n|-start|p1b: Maushold|move: Taunt\n|move|p1a: Crabominable|Drain Punch|p2b: Archaludon\n|-supereffective|p2b: Archaludon|1\n|-enditem|p2b: Archaludon|Chople Berry|[eat]\n|-enditem|p2b: Archaludon|Chople Berry|[weaken]\n|-damage|p2b: Archaludon|60/100\n|-ability|p2b: Archaludon|Stamina|boost\n|-boost|p2b: Archaludon|def|1\n|move|p2b: Archaludon|Thunder Wave|p1b: Maushold\n|-status|p1b: Maushold|par\n|\n|upkeep\n|turn|5\n|\n|t:|1775980454\n|switch|p1b: Farigiraf|Farigiraf, L50, F|100/100\n|move|p2a: Whimsicott|Tailwind|p2a: Whimsicott\n|-sidestart|p2: ray_game0|move: Tailwind\n|move|p1a: Crabominable|Drain Punch|p2b: Archaludon\n|-supereffective|p2b: Archaludon|1\n|-damage|p2b: Archaludon|2/100\n|-ability|p2b: Archaludon|Stamina|boost\n|-boost|p2b: Archaludon|def|1\n|move|p2b: Archaludon|Aura Sphere|p1a: Crabominable\n|-supereffective|p1a: Crabominable|1\n|-damage|p1a: Crabominable|67/100\n|\n|-fieldend|move: Trick Room\n|upkeep\n|turn|6\n|\n|t:|1775980491\n|switch|p2a: Pelipper|Pelipper, L50, M|100/100\n|move|p1a: Crabominable|Mach Punch|p2b: Archaludon\n|-supereffective|p2b: Archaludon|1\n|-damage|p2b: Archaludon|0 fnt\n|faint|p2b: Archaludon\n|move|p1b: Farigiraf|Trick Room|p1b: Farigiraf\n|-fieldstart|move: Trick Room|[of] p1b: Farigiraf\n|\n|upkeep\n|-message|ray_game0 forfeited.\n|\n|win|soupy36\n",
  "uploadtime": 1775980260,
  "views": 24,
  "formatid": "gen9championsvgc2026regma",
  "rating": null,
  "private": 0,
  "password": null
}