{
  "id": "gen9championsvgc2026regma-2588843093",
  "format": "[Gen 9 Champions] VGC 2026 Reg M-A",
  "players": [
    "Djinnkiwi",
    "Maskurr"
  ],
  "log": "|j|\u2606Djinnkiwi\n|j|\u2606Maskurr\n|t:|1776677585\n|gametype|doubles\n|player|p1|Djinnkiwi|veteran|1093\n|player|p2|Maskurr|saturn|1089\n|gen|9\n|tier|[Gen 9 Champions] VGC 2026 Reg M-A\n|rated|\n|rule|Species Clause: Limit one of each Pok\u00e9mon\n|rule|Item Clause: Limit 1 of each item\n|clearpoke\n|poke|p1|Pelipper, L50, F|\n|poke|p1|Toxicroak, L50, M|\n|poke|p1|Dragonite, L50, F|\n|poke|p1|Archaludon, L50, F|\n|poke|p1|Basculegion, L50, M|\n|poke|p1|Incineroar, L50, M|\n|poke|p2|Golurk, L50, shiny|\n|poke|p2|Cofagrigus, L50, F|\n|poke|p2|Chesnaught, L50, M|\n|poke|p2|Incineroar, L50, M|\n|poke|p2|Farigiraf, L50, F|\n|poke|p2|Torkoal, L50, M|\n|teampreview|4\n|inactive|Battle timer is ON: inactive players will automatically lose when time's up. (requested by Djinnkiwi)\n|inactive|Maskurr has 60 seconds left.\nDjinnkiwi rejected open team sheets.\n|\n|t:|1776677633\n|teamsize|p1|4\n|teamsize|p2|4\n|start\n|switch|p1a: Toxicroak|Toxicroak, L50, M|100/100\n|switch|p1b: Dragonite|Dragonite, L50, F|100/100\n|switch|p2a: Cofagrigus|Cofagrigus, L50, F|100/100\n|switch|p2b: Golurk|Golurk, L50, shiny|100/100\n|turn|1\n|inactive|Maskurr has 30 seconds left.\n|\n|t:|1776677667\n|detailschange|p1b: Dragonite|Dragonite-Mega, L50, F\n|-mega|p1b: Dragonite|Dragonite|Dragoninite\n|detailschange|p2b: Golurk|Golurk-Mega, L50, shiny\n|-mega|p2b: Golurk|Golurk|Golurkite\n|move|p1a: Toxicroak|Helping Hand|p1b: Dragonite\n|-singleturn|p1b: Dragonite|Helping Hand|[of] p1a: Toxicroak\n|move|p2b: Golurk|Protect|p2b: Golurk\n|-singleturn|p2b: Golurk|Protect\n|move|p1b: Dragonite|Ice Beam|p2b: Golurk\n|-activate|p2b: Golurk|move: Protect\n|move|p2a: Cofagrigus|Trick Room|p2a: Cofagrigus\n|-fieldstart|move: Trick Room|[of] p2a: Cofagrigus\n|\n|upkeep\n|turn|2\n|inactive|Maskurr has 30 seconds left.\n|inactive|Maskurr has 20 seconds left.\n|\n|t:|1776677706\n|switch|p2b: Torkoal|Torkoal, L50, M|100/100\n|-weather|SunnyDay|[from] ability: Drought|[of] p2b: Torkoal\n|switch|p1a: Pelipper|Pelipper, L50, F|100/100\n|-weather|RainDance|[from] ability: Drizzle|[of] p1a: Pelipper\n|move|p2a: Cofagrigus|Will-O-Wisp|p1a: Pelipper|[miss]\n|-miss|p2a: Cofagrigus|p1a: Pelipper\n|move|p1b: Dragonite|Ice Beam|p2b: Torkoal\n|-resisted|p2b: Torkoal|1\n|-damage|p2b: Torkoal|77/100\n|\n|-weather|RainDance|[upkeep]\n|upkeep\n|turn|3\n|inactive|Maskurr has 30 seconds left.\n|inactive|Maskurr has 20 seconds left.\n|inactive|Maskurr has 15 seconds left.\n|inactive|Maskurr has 10 seconds left.\n|\n|t:|1776677756\n|switch|p2b: Golurk|Golurk-Mega, L50, shiny|100/100\n|switch|p1b: Toxicroak|Toxicroak, L50, M|100/100\n|move|p2a: Cofagrigus|Ally Switch|p2a: Cofagrigus\n|swap|p2a: Cofagrigus|1|[from] move: Ally Switch\n|move|p1a: Pelipper|Surf|p2a: Golurk|[spread] p2a,p2b\n|-immune|p1b: Toxicroak|[from] ability: Dry Skin\n|-supereffective|p2a: Golurk|1\n|-damage|p2a: Golurk|17/100\n|-damage|p2b: Cofagrigus|64/100\n|\n|-weather|RainDance|[upkeep]\n|upkeep\n|turn|4\n|\n|t:|1776677773\n|move|p1b: Toxicroak|Helping Hand|p1a: Pelipper\n|-singleturn|p1a: Pelipper|Helping Hand|[of] p1b: Toxicroak\n|move|p2b: Cofagrigus|Will-O-Wisp|p1b: Toxicroak\n|-status|p1b: Toxicroak|brn\n|move|p2a: Golurk|Thunder Punch|p1a: Pelipper\n|-supereffective|p1a: Pelipper|2\n|-crit|p1a: Pelipper\n|-enditem|p1a: Pelipper|Focus Sash\n|-damage|p1a: Pelipper|1/100\n|move|p1a: Pelipper|Surf|p2b: Cofagrigus|[spread] p2a,p2b\n|-immune|p1b: Toxicroak|[from] ability: Dry Skin\n|-supereffective|p2a: Golurk|1\n|-damage|p2a: Golurk|0 fnt\n|-damage|p2b: Cofagrigus|9/100\n|faint|p2a: Golurk\n|\n|-weather|RainDance|[upkeep]\n|-damage|p1b: Toxicroak|94/100 brn|[from] brn\n|upkeep\n|inactive|Maskurr has 30 seconds left.\n|\n|t:|1776677801\n|switch|p2a: Incineroar|Incineroar, L50, M|100/100\n|-ability|p2a: Incineroar|Intimidate|boost\n|-unboost|p1a: Pelipper|atk|1\n|-unboost|p1b: Toxicroak|atk|1\n|-enditem|p1b: Toxicroak|White Herb\n|-clearnegativeboost|p1b: Toxicroak|[silent]\n|turn|5\n|\n|t:|1776677814\n|move|p2a: Incineroar|Fake Out|p1a: Pelipper\n|-damage|p1a: Pelipper|0 fnt\n|faint|p1a: Pelipper\n|move|p2b: Cofagrigus|Shadow Ball|p1b: Toxicroak\n|-damage|p1b: Toxicroak|53/100 brn\n|-unboost|p1b: Toxicroak|spd|1\n|move|p1b: Toxicroak|Close Combat|p2a: Incineroar\n|-supereffective|p2a: Incineroar|1\n|-damage|p2a: Incineroar|56/100\n|-unboost|p1b: Toxicroak|def|1\n|-unboost|p1b: Toxicroak|spd|1\n|\n|-weather|RainDance|[upkeep]\n|-heal|p1b: Toxicroak|65/100 brn|[from] ability: Dry Skin\n|-damage|p1b: Toxicroak|59/100 brn|[from] brn\n|-fieldend|move: Trick Room\n|upkeep\n|\n|t:|1776677817\n|switch|p1a: Dragonite|Dragonite-Mega, L50, F|100/100\n|turn|6\n|inactive|Maskurr has 30 seconds left.\n|\n|t:|1776677845\n|move|p2b: Cofagrigus|Ally Switch|p2b: Cofagrigus\n|swap|p2b: Cofagrigus|0|[from] move: Ally Switch\n|move|p1b: Toxicroak|Poison Jab|p2b: Incineroar\n|-damage|p2b: Incineroar|39/100\n|-status|p2b: Incineroar|psn\n|-enditem|p2b: Incineroar|Sitrus Berry|[eat]\n|-heal|p2b: Incineroar|64/100 psn|[from] item: Sitrus Berry\n|move|p1a: Dragonite|Hurricane|p2a: Cofagrigus\n|-damage|p2a: Cofagrigus|0 fnt\n|faint|p2a: Cofagrigus\n|move|p2b: Incineroar|Parting Shot|p1a: Dragonite\n|-unboost|p1a: Dragonite|atk|1\n|-unboost|p1a: Dragonite|spa|1\n|\n|t:|1776677857\n|switch|p2b: Torkoal|Torkoal, L50, M|77/100|[from] Parting Shot\n|-weather|SunnyDay|[from] ability: Drought|[of] p2b: Torkoal\n|\n|-weather|SunnyDay|[upkeep]\n|-damage|p1b: Toxicroak|47/100 brn|[from] ability: Dry Skin|[of] p1b: Toxicroak\n|-damage|p1b: Toxicroak|40/100 brn|[from] brn\n|upkeep\n|\n|t:|1776677865\n|switch|p2a: Incineroar|Incineroar, L50, M|64/100 psn\n|-ability|p2a: Incineroar|Intimidate|boost\n|-unboost|p1a: Dragonite|atk|1\n|-unboost|p1b: Toxicroak|atk|1\n|turn|7\n|inactive|Maskurr has 30 seconds left.\n|inactive|Maskurr has 20 seconds left.\n|\n|t:|1776677902\n|switch|p1b: Archaludon|Archaludon, L50, F|100/100\n|move|p1a: Dragonite|Protect|p1a: Dragonite\n|-singleturn|p1a: Dragonite|Protect\n|move|p2a: Incineroar|Fake Out|p1b: Archaludon\n|-resisted|p1b: Archaludon|1\n|-damage|p1b: Archaludon|96/100\n|-ability|p1b: Archaludon|Stamina|boost\n|-boost|p1b: Archaludon|def|1\n|move|p2b: Torkoal|Heat Wave|p1b: Archaludon|[spread] p1b\n|-activate|p1a: Dragonite|move: Protect\n|-damage|p1b: Archaludon|23/100\n|-ability|p1b: Archaludon|Stamina|boost\n|-boost|p1b: Archaludon|def|1\n|\n|-weather|SunnyDay|[upkeep]\n|-heal|p1b: Archaludon|29/100|[from] item: Leftovers\n|-damage|p2a: Incineroar|51/100 psn|[from] psn\n|upkeep\n|turn|8\n|inactive|Maskurr has 30 seconds left.\n|inactive|Maskurr has 20 seconds left.\n|inactive|Maskurr has 15 seconds left.\n|inactive|Maskurr has 10 seconds left.\n|inactive|Maskurr has 5 seconds left.\n|\n|t:|1776677955\n|switch|p1a: Toxicroak|Toxicroak, L50, M|40/100 brn\n|move|p1b: Archaludon|Dragon Pulse|p2a: Incineroar\n|-damage|p2a: Incineroar|20/100 psn\n|move|p2a: Incineroar|Parting Shot|p1a: Toxicroak\n|-unboost|p1a: Toxicroak|atk|1\n|-unboost|p1a: Toxicroak|spa|1\n|move|p2b: Torkoal|Heat Wave|p1b: Archaludon|[spread] p1a,p1b\n|-damage|p1a: Toxicroak|0 fnt\n|-damage|p1b: Archaludon|0 fnt\n|faint|p1a: Toxicroak\n|faint|p1b: Archaludon\n|\n|-weather|SunnyDay|[upkeep]\n|-damage|p2a: Incineroar|8/100 psn|[from] psn\n|upkeep\n|\n|t:|1776677967\n|switch|p1a: Dragonite|Dragonite-Mega, L50, F|100/100\n|turn|9\n|inactive|Maskurr has 30 seconds left.\n|inactive|Maskurr has 20 seconds left.\n|\n|t:|1776678004\n|move|p1a: Dragonite|Protect|p1a: Dragonite\n|-singleturn|p1a: Dragonite|Protect\n|move|p2b: Torkoal|Protect|p2b: Torkoal\n|-singleturn|p2b: Torkoal|Protect\n|move|p2a: Incineroar|Parting Shot|p1a: Dragonite\n|-activate|p1a: Dragonite|move: Protect\n|\n|-weather|SunnyDay|[upkeep]\n|-damage|p2a: Incineroar|0 fnt|[from] psn\n|faint|p2a: Incineroar\n|upkeep\n|turn|10\n|\n|t:|1776678019\n|move|p1a: Dragonite|Hurricane|p2b: Torkoal|[miss]\n|-miss|p1a: Dragonite|p2b: Torkoal\n|move|p2b: Torkoal|Heat Wave|p1a: Dragonite\n|-resisted|p1a: Dragonite|1\n|-damage|p1a: Dragonite|86/100\n|\n|-weather|none\n|upkeep\n|turn|11\n|\n|t:|1776678026\n|move|p1a: Dragonite|Hurricane|p2b: Torkoal\n|-damage|p2b: Torkoal|0 fnt\n|faint|p2b: Torkoal\n|\n|win|Djinnkiwi\n|raw|Djinnkiwi's rating: 1093 &rarr; <strong>1119</strong><br />(+26 for winning)\n|raw|Maskurr's rating: 1089 &rarr; <strong>1066</strong><br />(-23 for losing)\n|l|\u2606Maskurr\n|player|p2|\n",
  "uploadtime": 1776678032,
  "views": 13,
  "formatid": "gen9championsvgc2026regma",
  "rating": 1066,
  "private": 0,
  "password": null
}