{
  "id": "gen9championsvgc2026regma-2586866561",
  "format": "[Gen 9 Champions] VGC 2026 Reg M-A",
  "players": [
    "LeviDelta2024",
    "divine128"
  ],
  "log": "|j|\u2606LeviDelta2024\n|j|\u203ddivine128\n|t:|1776466695\n|gametype|doubles\n|player|p1|LeviDelta2024|riley|1110\n|player|p2|divine128|schoolkidf|1146\n|gen|9\n|tier|[Gen 9 Champions] VGC 2026 Reg M-A\n|rated|\n|rule|Species Clause: Limit one of each Pok\u00e9mon\n|rule|Item Clause: Limit 1 of each item\n|clearpoke\n|poke|p1|Lucario, L50, M|\n|poke|p1|Starmie, L50|\n|poke|p1|Incineroar, L50, M|\n|poke|p1|Raichu, L50, M|\n|poke|p1|Whimsicott, L50, F|\n|poke|p1|Mimikyu, L50, M|\n|poke|p2|Tyranitar, L50, F|\n|poke|p2|Aerodactyl, L50, M|\n|poke|p2|Milotic, L50, M|\n|poke|p2|Garchomp, L50, F|\n|poke|p2|Excadrill, L50, M|\n|poke|p2|Rotom-Mow, L50|\n|teampreview|4\n|inactive|Battle timer is ON: inactive players will automatically lose when time's up. (requested by divine128)\n|inactive|divine128 has 60 seconds left.\n|\n|t:|1776466755\n|teamsize|p1|4\n|teamsize|p2|4\n|start\n|switch|p1a: Incineroar|Incineroar, L50, M|100/100\n|switch|p1b: Mimikyu|Mimikyu, L50, M|100/100\n|switch|p2a: Tyranitar|Tyranitar, L50, F|100/100\n|switch|p2b: Aerodactyl|Aerodactyl, L50, M|100/100\n|-ability|p2b: Aerodactyl|Unnerve\n|-weather|Sandstorm|[from] ability: Sand Stream|[of] p2a: Tyranitar\n|-ability|p1a: Incineroar|Intimidate|boost\n|-unboost|p2a: Tyranitar|atk|1\n|-unboost|p2b: Aerodactyl|atk|1\n|turn|1\n|inactive|divine128 has 30 seconds left.\n|inactive|LeviDelta2024 has 30 seconds left.\n|\n|t:|1776466787\n|detailschange|p2a: Tyranitar|Tyranitar-Mega, L50, F\n|-mega|p2a: Tyranitar|Tyranitar|Tyranitarite\n|move|p1a: Incineroar|Fake Out|p2b: Aerodactyl\n|-resisted|p2b: Aerodactyl|1\n|-damage|p2b: Aerodactyl|92/100\n|cant|p2b: Aerodactyl|flinch\n|move|p2a: Tyranitar|Rock Slide|p1b: Mimikyu|[spread] p1a,p1b\n|-supereffective|p1a: Incineroar|1\n|-damage|p1a: Incineroar|59/100\n|-activate|p1b: Mimikyu|ability: Disguise\n|-damage|p1b: Mimikyu|100/100\n|detailschange|p1b: Mimikyu|Mimikyu-Busted, L50, M\n|-damage|p1b: Mimikyu|88/100|[from] pokemon: Mimikyu-Busted\n|move|p1b: Mimikyu|Trick Room|p1b: Mimikyu\n|-fieldstart|move: Trick Room|[of] p1b: Mimikyu\n|\n|-weather|Sandstorm|[upkeep]\n|-damage|p1a: Incineroar|53/100|[from] Sandstorm\n|-damage|p1b: Mimikyu|82/100|[from] Sandstorm\n|upkeep\n|turn|2\n|-activate|p1b: Mimikyu|item: Quick Claw\n|\n|t:|1776466811\n|switch|p2b: Milotic|Milotic, L50, M|100/100\n|move|p1b: Mimikyu|Will-O-Wisp|p2a: Tyranitar\n|-status|p2a: Tyranitar|brn\n|move|p1a: Incineroar|Parting Shot|p2a: Tyranitar\n|-unboost|p2a: Tyranitar|atk|1\n|-unboost|p2a: Tyranitar|spa|1\n|\n|t:|1776466824\n|switch|p1a: Starmie|Starmie, L50|100/100|[from] Parting Shot\n|move|p2a: Tyranitar|Rock Slide|p1a: Starmie|[spread] p1a,p1b\n|-crit|p1a: Starmie\n|-damage|p1a: Starmie|68/100\n|-damage|p1b: Mimikyu|67/100\n|\n|-weather|Sandstorm|[upkeep]\n|-damage|p2b: Milotic|95/100|[from] Sandstorm\n|-damage|p1b: Mimikyu|60/100|[from] Sandstorm\n|-damage|p1a: Starmie|62/100|[from] Sandstorm\n|-damage|p2a: Tyranitar|95/100 brn|[from] brn\n|upkeep\n|turn|3\n|\n|t:|1776466846\n|switch|p2a: Excadrill|Excadrill, L50, M|100/100\n|switch|p1b: Lucario|Lucario, L50, M|100/100\n|detailschange|p1a: Starmie|Starmie-Mega, L50\n|-mega|p1a: Starmie|Starmie|Starminite\n|move|p2b: Milotic|Substitute|p2b: Milotic\n|-start|p2b: Milotic|Substitute\n|-damage|p2b: Milotic|70/100\n|move|p1a: Starmie|Skill Swap|p1b: Lucario\n|-activate|p1a: Starmie|Skill Swap|||[of] p1b: Lucario\n|\n|-weather|Sandstorm|[upkeep]\n|-damage|p2b: Milotic|64/100|[from] Sandstorm\n|-damage|p1a: Starmie|56/100|[from] Sandstorm\n|upkeep\n|turn|4\n|inactive|divine128 has 30 seconds left.\n|inactive|divine128 has 20 seconds left.\n|\n|t:|1776466883\n|move|p2a: Excadrill|Helping Hand|p2b: Milotic\n|-singleturn|p2b: Milotic|Helping Hand|[of] p2a: Excadrill\n|move|p1b: Lucario|Protect|p1b: Lucario\n|-singleturn|p1b: Lucario|Protect\n|move|p2b: Milotic|Scald|p1b: Lucario\n|-activate|p1b: Lucario|move: Protect\n|move|p1a: Starmie|Liquidation|p2a: Excadrill\n|-supereffective|p2a: Excadrill|1\n|-damage|p2a: Excadrill|19/100\n|\n|-weather|Sandstorm|[upkeep]\n|-damage|p2b: Milotic|59/100|[from] Sandstorm\n|-damage|p1a: Starmie|49/100|[from] Sandstorm\n|upkeep\n|turn|5\n|inactive|divine128 has 30 seconds left.\n|inactive|divine128 has 20 seconds left.\n|\n|t:|1776466922\n|switch|p1a: Incineroar|Incineroar, L50, M|53/100\n|-ability|p1a: Incineroar|Intimidate|boost\n|-unboost|p2a: Excadrill|atk|1\n|-immune|p2b: Milotic\n|move|p1b: Lucario|Bullet Punch|p2a: Excadrill\n|-resisted|p2a: Excadrill|1\n|-damage|p2a: Excadrill|0 fnt\n|faint|p2a: Excadrill\n|move|p2b: Milotic|Icy Wind|p1b: Lucario|[spread] p1a,p1b\n|-resisted|p1a: Incineroar|1\n|-resisted|p1b: Lucario|1\n|-damage|p1a: Incineroar|47/100\n|-damage|p1b: Lucario|92/100\n|-unboost|p1a: Incineroar|spe|1\n|-unboost|p1b: Lucario|spe|1\n|-enditem|p1a: Incineroar|Sitrus Berry|[eat]\n|-heal|p1a: Incineroar|72/100|[from] item: Sitrus Berry\n|\n|-weather|none\n|-fieldend|move: Trick Room\n|upkeep\n|\n|t:|1776466940\n|switch|p2a: Aerodactyl|Aerodactyl, L50, M|92/100\n|-ability|p2a: Aerodactyl|Unnerve\n|turn|6\n|\n|t:|1776466956\n|move|p1b: Lucario|Protect|p1b: Lucario\n|-singleturn|p1b: Lucario|Protect\n|move|p1a: Incineroar|Fake Out|p2a: Aerodactyl\n|-resisted|p2a: Aerodactyl|1\n|-damage|p2a: Aerodactyl|83/100\n|cant|p2a: Aerodactyl|flinch\n|move|p2b: Milotic|Scald|p1a: Incineroar\n|-supereffective|p1a: Incineroar|1\n|-damage|p1a: Incineroar|1/100\n|\n|upkeep\n|turn|7\n|inactive|divine128 has 30 seconds left.\n|\n|t:|1776466984\n|move|p1b: Lucario|Bullet Punch|p2a: Aerodactyl\n|-supereffective|p2a: Aerodactyl|1\n|-damage|p2a: Aerodactyl|0 fnt\n|faint|p2a: Aerodactyl\n|move|p2b: Milotic|Scald|p1b: Lucario\n|-damage|p1b: Lucario|42/100\n|move|p1a: Incineroar|Darkest Lariat|p2b: Milotic\n|-end|p2b: Milotic|Substitute\n|\n|upkeep\n|\n|t:|1776466994\n|switch|p2a: Tyranitar|Tyranitar-Mega, L50, F|95/100 brn\n|-weather|Sandstorm|[from] ability: Sand Stream|[of] p2a: Tyranitar\n|turn|8\n|\n|t:|1776467001\n|move|p2a: Tyranitar|Protect|p2a: Tyranitar\n|-singleturn|p2a: Tyranitar|Protect\n|move|p2b: Milotic|Scald|p1b: Lucario\n|-damage|p1b: Lucario|0 fnt\n|faint|p1b: Lucario\n|move|p1a: Incineroar|Parting Shot|p2a: Tyranitar\n|-activate|p2a: Tyranitar|move: Protect\n|\n|-weather|Sandstorm|[upkeep]\n|-damage|p2b: Milotic|53/100|[from] Sandstorm\n|-damage|p1a: Incineroar|0 fnt|[from] Sandstorm\n|faint|p1a: Incineroar\n|-damage|p2a: Tyranitar|89/100 brn|[from] brn\n|upkeep\n|\n|t:|1776467017\n|switch|p1b: Mimikyu|Mimikyu-Busted, L50, M|60/100\n|switch|p1a: Starmie|Starmie-Mega, L50|49/100\n|turn|9\n|\n|t:|1776467037\n|move|p1a: Starmie|Liquidation|p2a: Tyranitar\n|-supereffective|p2a: Tyranitar|1\n|-damage|p2a: Tyranitar|8/100 brn\n|move|p1b: Mimikyu|Play Rough|p2b: Milotic\n|-damage|p2b: Milotic|16/100\n|-enditem|p2b: Milotic|Sitrus Berry|[eat]\n|-heal|p2b: Milotic|41/100|[from] item: Sitrus Berry\n|move|p2a: Tyranitar|Crunch|p1a: Starmie\n|-supereffective|p1a: Starmie|1\n|-damage|p1a: Starmie|0 fnt\n|faint|p1a: Starmie\n|move|p2b: Milotic|Scald|p1b: Mimikyu\n|-damage|p1b: Mimikyu|7/100\n|\n|-weather|Sandstorm|[upkeep]\n|-damage|p1b: Mimikyu|1/100|[from] Sandstorm\n|-damage|p2b: Milotic|35/100|[from] Sandstorm\n|-damage|p2a: Tyranitar|2/100 brn|[from] brn\n|upkeep\n|turn|10\n|inactive|divine128 has 30 seconds left.\n|-activate|p1b: Mimikyu|item: Quick Claw\n|\n|t:|1776467062\n|move|p2a: Tyranitar|Protect|p2a: Tyranitar\n|-singleturn|p2a: Tyranitar|Protect\n|move|p1b: Mimikyu|Play Rough|p2b: Milotic\n|-damage|p2b: Milotic|0 fnt\n|faint|p2b: Milotic\n|\n|-weather|Sandstorm|[upkeep]\n|-damage|p1b: Mimikyu|0 fnt|[from] Sandstorm\n|faint|p1b: Mimikyu\n|\n|win|divine128\n|raw|LeviDelta2024's rating: 1110 &rarr; <strong>1088</strong><br />(-22 for losing)\n|raw|divine128's rating: 1146 &rarr; <strong>1168</strong><br />(+22 for winning)\n",
  "uploadtime": 1776467080,
  "views": 23,
  "formatid": "gen9championsvgc2026regma",
  "rating": 1088,
  "private": 0,
  "password": null
}