{
  "id": "gen9championsvgc2026regma-2589399548",
  "format": "[Gen 9 Champions] VGC 2026 Reg M-A",
  "players": [
    "theyoler",
    "melon storme"
  ],
  "log": "|j|\u2606theyoler\n|j|\u2606melon storme\n|t:|1776719835\n|gametype|doubles\n|player|p1|theyoler|169|1324\n|player|p2|melon storme|kieran-festival|1298\n|gen|9\n|tier|[Gen 9 Champions] VGC 2026 Reg M-A\n|rated|\n|rule|Species Clause: Limit one of each Pok\u00e9mon\n|rule|Item Clause: Limit 1 of each item\n|clearpoke\n|poke|p1|Charizard, L50, F|\n|poke|p1|Milotic, L50, F|\n|poke|p1|Incineroar, L50, F|\n|poke|p1|Sneasler, L50, F|\n|poke|p1|Garchomp, L50, M|\n|poke|p1|Venusaur, L50, M|\n|poke|p2|Scovillain, L50, M|\n|poke|p2|Conkeldurr, L50, F|\n|poke|p2|Aerodactyl, L50, F|\n|poke|p2|Farigiraf, L50, M|\n|poke|p2|Dragapult, L50, M|\n|poke|p2|Kingambit, L50, F|\n|teampreview|4\n|\n|t:|1776719877\n|teamsize|p1|4\n|teamsize|p2|4\n|start\n|switch|p1a: Milotic|Milotic, L50, F|100/100\n|switch|p1b: Charizard|Charizard, L50, F|100/100\n|switch|p2a: Aerodactyl|Aerodactyl, L50, F|100/100\n|switch|p2b: Scovillain|Scovillain, L50, M|100/100\n|-ability|p2a: Aerodactyl|Unnerve\n|turn|1\n|\n|t:|1776719893\n|detailschange|p1b: Charizard|Charizard-Mega-Y, L50, F\n|-mega|p1b: Charizard|Charizard|Charizardite Y\n|-weather|SunnyDay|[from] ability: Drought|[of] p1b: Charizard\n|move|p2b: Scovillain|Protect|p2b: Scovillain\n|-singleturn|p2b: Scovillain|Protect\n|move|p2a: Aerodactyl|Tailwind|p2a: Aerodactyl\n|-sidestart|p2: melon storme|move: Tailwind\n|move|p1b: Charizard|Heat Wave|p2b: Scovillain|[spread] p2a\n|-activate|p2b: Scovillain|move: Protect\n|-resisted|p2a: Aerodactyl|1\n|-damage|p2a: Aerodactyl|50/100\n|move|p1a: Milotic|Coil|p1a: Milotic\n|-boost|p1a: Milotic|atk|1\n|-boost|p1a: Milotic|def|1\n|-boost|p1a: Milotic|accuracy|1\n|\n|-weather|SunnyDay|[upkeep]\n|-ability|p2b: Scovillain|Moody|boost\n|-boost|p2b: Scovillain|atk|2\n|-unboost|p2b: Scovillain|spd|1\n|upkeep\n|turn|2\n|\n|t:|1776719914\n|switch|p2b: Dragapult|Dragapult, L50, M|100/100\n|move|p2a: Aerodactyl|Rock Slide|p1b: Charizard|[spread] p1a,p1b\n|-supereffective|p1b: Charizard|2\n|-damage|p1a: Milotic|87/100\n|-damage|p1b: Charizard|0 fnt\n|faint|p1b: Charizard\n|cant|p1a: Milotic|flinch\n|\n|-weather|SunnyDay|[upkeep]\n|-heal|p1a: Milotic|93/100|[from] item: Leftovers\n|upkeep\n|\n|t:|1776719928\n|switch|p1b: Garchomp|Garchomp, L50, M|100/100\n|turn|3\n|\n|t:|1776719943\n|move|p2b: Dragapult|Draco Meteor|p1b: Garchomp\n|-supereffective|p1b: Garchomp|1\n|-damage|p1b: Garchomp|0 fnt\n|-unboost|p2b: Dragapult|spa|2\n|faint|p1b: Garchomp\n|move|p2a: Aerodactyl|Rock Slide|p1a: Milotic\n|-damage|p1a: Milotic|75/100\n|cant|p1a: Milotic|flinch\n|\n|-weather|SunnyDay|[upkeep]\n|-heal|p1a: Milotic|81/100|[from] item: Leftovers\n|upkeep\n|c|\u2606theyoler|omg\n|\n|t:|1776719965\n|switch|p1b: Venusaur|Venusaur, L50, M|100/100\n|turn|4\n|c|\u2606melon storme|lol\n|\n|t:|1776719977\n|switch|p2b: Kingambit|Kingambit, L50, F|100/100\n|move|p2a: Aerodactyl|Dual Wingbeat|p1b: Venusaur\n|-supereffective|p1b: Venusaur|1\n|-damage|p1b: Venusaur|47/100\n|-supereffective|p1b: Venusaur|1\n|-damage|p1b: Venusaur|0 fnt\n|faint|p1b: Venusaur\n|-hitcount|p1: Venusaur|2\n|move|p1a: Milotic|Hypnosis|p2b: Kingambit\n|-status|p2b: Kingambit|slp|[from] move: Hypnosis\n|\n|-weather|SunnyDay|[upkeep]\n|-heal|p1a: Milotic|87/100|[from] item: Leftovers\n|-sideend|p2: melon storme|move: Tailwind\n|upkeep\n|turn|5\n|c|\u2606melon storme|it happens\n|c|\u2606theyoler|yeah i know\n|\n|t:|1776719996\n|move|p2a: Aerodactyl|Tailwind|p2a: Aerodactyl\n|-sidestart|p2: melon storme|move: Tailwind\n|cant|p2b: Kingambit|slp\n|move|p1a: Milotic|Muddy Water|p2a: Aerodactyl|[spread] p2a,p2b\n|-supereffective|p2a: Aerodactyl|1\n|-damage|p2a: Aerodactyl|15/100\n|-damage|p2b: Kingambit|90/100 slp\n|-unboost|p2a: Aerodactyl|accuracy|1\n|\n|-weather|none\n|-heal|p1a: Milotic|93/100|[from] item: Leftovers\n|upkeep\n|turn|6\n|\n|t:|1776720009\n|move|p2a: Aerodactyl|Rock Slide|p1a: Milotic\n|-damage|p1a: Milotic|73/100\n|cant|p2b: Kingambit|slp\n|cant|p1a: Milotic|flinch\n|\n|-heal|p1a: Milotic|79/100|[from] item: Leftovers\n|upkeep\n|turn|7\n|c|\u2606melon storme|bruh\n|c|\u2606theyoler|xd\n|\n|t:|1776720026\n|move|p2a: Aerodactyl|Rock Slide|p1a: Milotic\n|-damage|p1a: Milotic|59/100\n|-curestatus|p2b: Kingambit|slp|[msg]\n|move|p2b: Kingambit|Swords Dance|p2b: Kingambit\n|-boost|p2b: Kingambit|atk|2\n|move|p1a: Milotic|Muddy Water|p2a: Aerodactyl|[spread] p2a,p2b\n|-supereffective|p2a: Aerodactyl|1\n|-damage|p2a: Aerodactyl|0 fnt\n|-damage|p2b: Kingambit|68/100\n|faint|p2a: Aerodactyl\n|\n|-heal|p1a: Milotic|65/100|[from] item: Leftovers\n|upkeep\n|c|\u2606theyoler|finally\n|\n|t:|1776720037\n|switch|p2a: Scovillain|Scovillain, L50, M|100/100\n|turn|8\n|\n|t:|1776720043\n|move|p2a: Scovillain|Protect|p2a: Scovillain\n|-singleturn|p2a: Scovillain|Protect\n|move|p2b: Kingambit|Kowtow Cleave|p1a: Milotic\n|-damage|p1a: Milotic|13/100\n|move|p1a: Milotic|Hypnosis|p2a: Scovillain\n|-activate|p2a: Scovillain|move: Protect\n|\n|-heal|p1a: Milotic|19/100|[from] item: Leftovers\n|-sideend|p2: melon storme|move: Tailwind\n|-ability|p2a: Scovillain|Moody|boost\n|-boost|p2a: Scovillain|spd|2\n|-unboost|p2a: Scovillain|def|1\n|upkeep\n|turn|9\n|\n|t:|1776720057\n|detailschange|p2a: Scovillain|Scovillain-Mega, L50, M\n|-mega|p2a: Scovillain|Scovillain|Scovillainite\n|move|p2a: Scovillain|Leech Seed|p1a: Milotic\n|-start|p1a: Milotic|move: Leech Seed\n|move|p1a: Milotic|Hypnosis|p2a: Scovillain\n|-status|p2a: Scovillain|slp|[from] move: Hypnosis\n|move|p2b: Kingambit|Kowtow Cleave|p1a: Milotic\n|-damage|p1a: Milotic|0 fnt\n|faint|p1a: Milotic\n|\n|win|melon storme\n|raw|theyoler's rating: 1324 &rarr; <strong>1303</strong><br />(-21 for losing)\n|raw|melon storme's rating: 1298 &rarr; <strong>1325</strong><br />(+27 for winning)\n|c|\u2606melon storme|ggs\n|c|\u2606theyoler|GG\n",
  "uploadtime": 1776720069,
  "views": 10,
  "formatid": "gen9championsvgc2026regma",
  "rating": 1303,
  "private": 0,
  "password": null
}