{
  "id": "gen9championsvgc2026regma-2580313811",
  "format": "[Gen 9 Champions] VGC 2026 Reg M-A",
  "players": [
    "swampizzoCARTI",
    "Beada64"
  ],
  "log": "|j|\u2606swampizzoCARTI\n|j|\u2606Beada64\n|t:|1775879290\n|gametype|doubles\n|player|p1|swampizzoCARTI|leon-masters2|\n|player|p2|Beada64|acetrainer-gen4dp|\n|gen|9\n|tier|[Gen 9 Champions] VGC 2026 Reg M-A\n|rated|Tournament battle\n|rule|Species Clause: Limit one of each Pok\u00e9mon\n|rule|Item Clause: Limit 1 of each item\n|clearpoke\n|poke|p1|Kingambit, L50, F|\n|poke|p1|Sneasler, L50, F|\n|poke|p1|Primarina, L50, F|\n|poke|p1|Aerodactyl, L50, M|\n|poke|p1|Sinistcha-Masterpiece, L50|\n|poke|p1|Corviknight, L50, M|\n|poke|p2|Lopunny, L50, M|\n|poke|p2|Pelipper, L50, M|\n|poke|p2|Archaludon, L50, F|\n|poke|p2|Palafin, L50, F|\n|poke|p2|Rotom-Heat, L50|\n|poke|p2|Basculegion, L50, M|\n|teampreview|4\n|inactive|Battle timer is ON: inactive players will automatically lose when time's up. (requested by swampizzoCARTI)\n|\n|t:|1775879314\n|teamsize|p1|4\n|teamsize|p2|4\n|start\n|switch|p1a: Sneasler|Sneasler, L50, F|100/100\n|switch|p1b: Sinistcha|Sinistcha-Masterpiece, L50|100/100\n|switch|p2a: Lopunny|Lopunny, L50, M, shiny|100/100\n|switch|p2b: Palafin|Palafin, L50, F|100/100\n|turn|1\n|j| pengu\n|j| mynamegrassgreen\n|l| mynamegrassgreen\n|inactive|Beada64 has 30 seconds left.\n|\n|t:|1775879345\n|detailschange|p2b: Palafin|Palafin-Hero, L50, F\n|switch|p2b: Pelipper|Pelipper, L50, M|100/100\n|-weather|RainDance|[from] ability: Drizzle|[of] p2b: Pelipper\n|move|p2a: Lopunny|Fake Out|p1a: Sneasler\n|-damage|p1a: Sneasler|75/100\n|cant|p1a: Sneasler|flinch\n|move|p1b: Sinistcha|Matcha Gotcha|p2b: Pelipper|[spread] p2a,p2b\n|-damage|p2a: Lopunny|67/100\n|-damage|p2b: Pelipper|65/100\n|\n|-weather|RainDance|[upkeep]\n|upkeep\n|turn|2\n|j| Thingmaster\n|inactive|Beada64 has 30 seconds left.\n|j|@verbatim\n|inactive|Beada64 has 20 seconds left.\n|\n|t:|1775879381\n|switch|p2a: Rotom|Rotom-Heat, L50|100/100\n|move|p1b: Sinistcha|Rage Powder|p1b: Sinistcha\n|-singleturn|p1b: Sinistcha|move: Rage Powder\n|move|p1a: Sneasler|Close Combat|p2a: Rotom\n|-damage|p2a: Rotom|13/100\n|-unboost|p1a: Sneasler|def|1\n|-unboost|p1a: Sneasler|spd|1\n|-enditem|p1a: Sneasler|White Herb\n|-clearnegativeboost|p1a: Sneasler|[silent]\n|move|p2b: Pelipper|Weather Ball|p1b: Sinistcha\n|-resisted|p1b: Sinistcha|1\n|-damage|p1b: Sinistcha|67/100\n|\n|-weather|RainDance|[upkeep]\n|upkeep\n|turn|3\n|\n|t:|1775879400\n|move|p1b: Sinistcha|Rage Powder|p1b: Sinistcha\n|-singleturn|p1b: Sinistcha|move: Rage Powder\n|move|p1a: Sneasler|Dire Claw|p2b: Pelipper\n|-damage|p2b: Pelipper|12/100\n|move|p2a: Rotom|Overheat|p1b: Sinistcha\n|-supereffective|p1b: Sinistcha|1\n|-damage|p1b: Sinistcha|10/100\n|-unboost|p2a: Rotom|spa|2\n|-enditem|p1b: Sinistcha|Sitrus Berry|[eat]\n|-heal|p1b: Sinistcha|35/100|[from] item: Sitrus Berry\n|move|p2b: Pelipper|Tailwind|p2b: Pelipper\n|-sidestart|p2: Beada64|move: Tailwind\n|\n|-weather|RainDance|[upkeep]\n|upkeep\n|turn|4\n|inactive|Beada64 has 30 seconds left.\n|\n|t:|1775879430\n|move|p1b: Sinistcha|Rage Powder|p1b: Sinistcha\n|-singleturn|p1b: Sinistcha|move: Rage Powder\n|move|p1a: Sneasler|Dire Claw|p2b: Pelipper\n|-damage|p2b: Pelipper|0 fnt\n|faint|p2b: Pelipper\n|move|p2a: Rotom|Shadow Ball|p1b: Sinistcha\n|-supereffective|p1b: Sinistcha|1\n|-damage|p1b: Sinistcha|8/100\n|\n|-weather|RainDance|[upkeep]\n|upkeep\n|inactive|Beada64 has 30 seconds left.\n|\n|t:|1775879456\n|switch|p2b: Palafin|Palafin-Hero, L50, F|100/100\n|-activate|p2b: Palafin|ability: Zero to Hero\n|turn|5\n|inactive|Beada64 has 30 seconds left.\n|\n|t:|1775879482\n|move|p1b: Sinistcha|Rage Powder|p1b: Sinistcha\n|-singleturn|p1b: Sinistcha|move: Rage Powder\n|move|p1a: Sneasler|Dire Claw|p2b: Palafin\n|-damage|p2b: Palafin|54/100\n|move|p2b: Palafin|Flip Turn|p1b: Sinistcha\n|-resisted|p1b: Sinistcha|1\n|-damage|p1b: Sinistcha|0 fnt\n|faint|p1b: Sinistcha\n|\n|t:|1775879488\n|switch|p2b: Lopunny|Lopunny, L50, M, shiny|67/100|[from] Flip Turn\n|move|p2a: Rotom|Shadow Ball|p1a: Sneasler\n|-damage|p1a: Sneasler|58/100\n|\n|-weather|none\n|upkeep\n|\n|t:|1775879495\n|switch|p1b: Aerodactyl|Aerodactyl, L50, M|100/100\n|-ability|p1b: Aerodactyl|Pressure\n|turn|6\n|inactive|Beada64 has 30 seconds left.\n|inactive|Beada64 has 20 seconds left.\n|inactive|Beada64 has 15 seconds left.\n|j| KaiMVGC\n|j| Gggarbage\n|inactive|Beada64 has 10 seconds left.\n|\n|t:|1775879544\n|switch|p1a: Kingambit|Kingambit, L50, F|100/100\n|detailschange|p2b: Lopunny|Lopunny-Mega, L50, M, shiny\n|-mega|p2b: Lopunny|Lopunny|Lopunnite\n|detailschange|p1b: Aerodactyl|Aerodactyl-Mega, L50, M\n|-mega|p1b: Aerodactyl|Aerodactyl|Aerodactylite\n|move|p2b: Lopunny|Fake Out|p1b: Aerodactyl\n|-resisted|p1b: Aerodactyl|1\n|-damage|p1b: Aerodactyl|85/100\n|move|p2a: Rotom|Volt Switch|p1b: Aerodactyl\n|-supereffective|p1b: Aerodactyl|1\n|-damage|p1b: Aerodactyl|50/100\n|j| Perhaps Perish?\n|\n|t:|1775879548\n|switch|p2a: Palafin|Palafin-Hero, L50, F|54/100|[from] Volt Switch\n|cant|p1b: Aerodactyl|flinch\n|\n|-sideend|p2: Beada64|move: Tailwind\n|upkeep\n|turn|7\n|j| chumba03m\n|inactive|swampizzoCARTI has 30 seconds left.\n|j| tf2026\n|inactive|swampizzoCARTI has 20 seconds left.\n|l| tf2026\n|inactive|swampizzoCARTI has 15 seconds left.\n|\n|t:|1775879593\n|switch|p1a: Sneasler|Sneasler, L50, F|58/100\n|move|p2b: Lopunny|Swords Dance|p2b: Lopunny\n|-boost|p2b: Lopunny|atk|2\n|move|p1b: Aerodactyl|Dual Wingbeat|p2a: Palafin\n|-damage|p2a: Palafin|25/100\n|-damage|p2a: Palafin|0 fnt\n|faint|p2a: Palafin\n|-hitcount|p2: Palafin|2\n|\n|upkeep\n|\n|t:|1775879599\n|switch|p2a: Rotom|Rotom-Heat, L50|13/100\n|turn|8\n|j| mynamegrassgreen\n|inactive|Beada64 has 30 seconds left.\n|inactive|swampizzoCARTI has 30 seconds left.\n|j| SH0CKING BLUE\n|inactive|swampizzoCARTI has 20 seconds left.\n|inactive|swampizzoCARTI has 15 seconds left.\n|\n|t:|1775879644\n|move|p1a: Sneasler|Fake Out|p2a: Rotom\n|-damage|p2a: Rotom|0 fnt\n|faint|p2a: Rotom\n|move|p2b: Lopunny|Close Combat|p1b: Aerodactyl\n|-damage|p1b: Aerodactyl|0 fnt\n|-unboost|p2b: Lopunny|def|1\n|-unboost|p2b: Lopunny|spd|1\n|faint|p1b: Aerodactyl\n|\n|upkeep\n|j| DratiniKing10\n|\n|t:|1775879649\n|switch|p1b: Kingambit|Kingambit, L50, F|100/100\n|turn|9\n|\n|t:|1775879657\n|move|p2b: Lopunny|Close Combat|p1b: Kingambit\n|-supereffective|p1b: Kingambit|2\n|-damage|p1b: Kingambit|0 fnt\n|-unboost|p2b: Lopunny|def|1\n|-unboost|p2b: Lopunny|spd|1\n|faint|p1b: Kingambit\n|move|p1a: Sneasler|Close Combat|p2b: Lopunny\n|-supereffective|p2b: Lopunny|1\n|-damage|p2b: Lopunny|0 fnt\n|-unboost|p1a: Sneasler|def|1\n|-unboost|p1a: Sneasler|spd|1\n|faint|p2b: Lopunny\n|\n|win|swampizzoCARTI\n|n|\u2606swampizzoCARTI|swampizzocarti\n|n|\u2606Beada64|beada64\n|n| pengu|pengu\n|n| Thingmaster|thingmaster\n|n|@verbatim|verbatim\n|n| KaiMVGC|kaimvgc\n|n| Gggarbage|gggarbage\n|n| Perhaps Perish?|perhapsperish\n|n| chumba03m|chumba03m\n|n| mynamegrassgreen|mynamegrassgreen\n|n| SH0CKING BLUE|sh0ckingblue\n|n| DratiniKing10|dratiniking10\n",
  "uploadtime": 1775879658,
  "views": 16,
  "formatid": "gen9championsvgc2026regma",
  "rating": null,
  "private": 0,
  "password": null
}