{
  "id": "gen9championsvgc2026regma-2586713019",
  "format": "[Gen 9 Champions] VGC 2026 Reg M-A",
  "players": [
    "CodeAlpaca Tester",
    "macaco maldoso"
  ],
  "log": "|j|\u2606CodeAlpaca Tester\n|j|\u2606macaco maldoso\n|t:|1776454147\n|gametype|doubles\n|player|p1|CodeAlpaca Tester|265|1102\n|player|p2|macaco maldoso|266|1044\n|gen|9\n|tier|[Gen 9 Champions] VGC 2026 Reg M-A\n|rated|\n|rule|Species Clause: Limit one of each Pok\u00e9mon\n|rule|Item Clause: Limit 1 of each item\n|clearpoke\n|poke|p1|Hawlucha, L50, F|\n|poke|p1|Mr. Rime, L50, M|\n|poke|p1|Meowstic, L50, M|\n|poke|p1|Basculegion, L50, M|\n|poke|p1|Starmie, L50|\n|poke|p1|Sneasler, L50, F|\n|poke|p2|Hatterene, L50, F|\n|poke|p2|Sneasler, L50, M|\n|poke|p2|Drampa, L50, F|\n|poke|p2|Rampardos, L50, M|\n|poke|p2|Sinistcha, L50|\n|poke|p2|Maushold-Four, L50|\n|teampreview|4\n|\n|t:|1776454173\n|teamsize|p1|4\n|teamsize|p2|4\n|start\n|switch|p1a: Hawlucha|Hawlucha, L50, F|100/100\n|switch|p1b: Mr. Rime|Mr. Rime, L50, M|100/100\n|switch|p2a: Hatterene|Hatterene, L50, F, shiny|100/100\n|switch|p2b: Sinistcha|Sinistcha, L50|100/100\n|-ability|p1a: Hawlucha|Mold Breaker\n|turn|1\n|\n|t:|1776454185\n|detailschange|p1a: Hawlucha|Hawlucha-Mega, L50, F\n|-mega|p1a: Hawlucha|Hawlucha|Hawluchanite\n|move|p1a: Hawlucha|Entrainment|p1b: Mr. Rime\n|-ability|p1b: Mr. Rime|No Guard|Screen Cleaner|[from] move: Entrainment|[of] p1a: Hawlucha\n|move|p1b: Mr. Rime|Sheer Cold|p2a: Hatterene\n|-damage|p2a: Hatterene|0 fnt\n|faint|p2a: Hatterene\n|-ohko\n|move|p2b: Sinistcha|Trick Room|p2b: Sinistcha\n|-fieldstart|move: Trick Room|[of] p2b: Sinistcha\n|\n|upkeep\n|\n|t:|1776454200\n|switch|p2a: Rampardos|Rampardos, L50, M|100/100\n|turn|2\n|\n|t:|1776454225\n|move|p1b: Mr. Rime|Protect|p1b: Mr. Rime\n|-singleturn|p1b: Mr. Rime|Protect\n|move|p1a: Hawlucha|Protect|p1a: Hawlucha\n|-singleturn|p1a: Hawlucha|Protect\n|move|p2b: Sinistcha|Rage Powder|p2b: Sinistcha\n|-singleturn|p2b: Sinistcha|move: Rage Powder\n|move|p2a: Rampardos|Rock Slide|p1a: Hawlucha|[spread] \n|-activate|p1a: Hawlucha|move: Protect\n|-activate|p1b: Mr. Rime|move: Protect\n|\n|upkeep\n|turn|3\n|\n|t:|1776454265\n|move|p2b: Sinistcha|Rage Powder|p2b: Sinistcha\n|-singleturn|p2b: Sinistcha|move: Rage Powder\n|move|p2a: Rampardos|Rock Slide|p1a: Hawlucha|[spread] p1a,p1b\n|-supereffective|p1b: Mr. Rime|1\n|-damage|p1a: Hawlucha|40/100\n|-enditem|p1b: Mr. Rime|Focus Sash\n|-damage|p1b: Mr. Rime|1/100\n|move|p1b: Mr. Rime|Sheer Cold|p2b: Sinistcha\n|-damage|p2b: Sinistcha|0 fnt\n|faint|p2b: Sinistcha\n|-ohko\n|move|p1a: Hawlucha|Brave Bird|p2a: Rampardos\n|-resisted|p2a: Rampardos|1\n|-damage|p2a: Rampardos|59/100\n|-damage|p1a: Hawlucha|22/100|[from] Recoil\n|\n|upkeep\n|\n|t:|1776454274\n|switch|p2b: Drampa|Drampa, L50, F|100/100\n|turn|4\n|\n|t:|1776454286\n|detailschange|p2b: Drampa|Drampa-Mega, L50, F\n|-mega|p2b: Drampa|Drampa|Drampanite\n|move|p1b: Mr. Rime|Protect|p1b: Mr. Rime\n|-singleturn|p1b: Mr. Rime|Protect\n|move|p1a: Hawlucha|Protect|p1a: Hawlucha\n|-singleturn|p1a: Hawlucha|Protect\n|move|p2b: Drampa|Hyper Voice|p1b: Mr. Rime|[spread] \n|-activate|p1a: Hawlucha|move: Protect\n|-activate|p1b: Mr. Rime|move: Protect\n|move|p2a: Rampardos|Rock Slide|p1b: Mr. Rime|[spread] \n|-activate|p1a: Hawlucha|move: Protect\n|-activate|p1b: Mr. Rime|move: Protect\n|\n|upkeep\n|turn|5\n|\n|t:|1776454299\n|move|p1b: Mr. Rime|Protect||[still]\n|-fail|p1b: Mr. Rime\n|move|p1a: Hawlucha|Protect||[still]\n|-fail|p1a: Hawlucha\n|move|p2b: Drampa|Hyper Voice|p1b: Mr. Rime|[spread] p1a,p1b\n|-damage|p1a: Hawlucha|0 fnt\n|-damage|p1b: Mr. Rime|0 fnt\n|faint|p1a: Hawlucha\n|faint|p1b: Mr. Rime\n|move|p2a: Rampardos|Rock Slide|p1: Hawlucha|[notarget]\n|-fail|p2a: Rampardos\n|\n|-fieldend|move: Trick Room\n|upkeep\n|\n|t:|1776454306\n|switch|p1a: Meowstic|Meowstic, L50, M|100/100\n|switch|p1b: Basculegion|Basculegion, L50, M|100/100\n|turn|6\n|\n|t:|1776454318\n|move|p2a: Rampardos|Protect|p2a: Rampardos\n|-singleturn|p2a: Rampardos|Protect\n|move|p1a: Meowstic|Fake Out|p2b: Drampa\n|-damage|p2b: Drampa|95/100\n|move|p1b: Basculegion|Wave Crash|p2a: Rampardos\n|-activate|p2a: Rampardos|move: Protect\n|cant|p2b: Drampa|flinch\n|\n|upkeep\n|turn|7\n|inactive|Battle timer is ON: inactive players will automatically lose when time's up. (requested by macaco maldoso)\n|\n|t:|1776454366\n|move|p1a: Meowstic|Rain Dance|p1a: Meowstic\n|-weather|RainDance\n|move|p1b: Basculegion|Wave Crash|p2b: Drampa\n|-resisted|p2b: Drampa|1\n|-damage|p2b: Drampa|46/100\n|-damage|p1b: Basculegion|85/100|[from] Recoil\n|-ability|p2b: Drampa|Berserk|boost\n|-boost|p2b: Drampa|spa|1\n|move|p2a: Rampardos|Rock Slide|p1a: Meowstic|[spread] p1a,p1b\n|-damage|p1a: Meowstic|39/100\n|-damage|p1b: Basculegion|17/100\n|move|p2b: Drampa|Draco Meteor|p1b: Basculegion\n|-damage|p1b: Basculegion|0 fnt\n|-unboost|p2b: Drampa|spa|2\n|faint|p1b: Basculegion\n|\n|-weather|RainDance|[upkeep]\n|upkeep\n|turn|8\n|-message|CodeAlpaca Tester forfeited.\n|\n|win|macaco maldoso\n|raw|CodeAlpaca Tester's rating: 1102 &rarr; <strong>1073</strong><br />(-29 for losing)\n|raw|macaco maldoso's rating: 1044 &rarr; <strong>1083</strong><br />(+39 for winning)\n",
  "uploadtime": 1776454389,
  "views": 30,
  "formatid": "gen9championsvgc2026regma",
  "rating": 1073,
  "private": 0,
  "password": null
}