{
  "id": "gen9championsvgc2026regma-2581245182",
  "format": "[Gen 9 Champions] VGC 2026 Reg M-A",
  "players": [
    "Mudkip_137",
    "pengu"
  ],
  "log": "|j|\u2606Mudkip_137\n|j|\u2606pengu\n|t:|1775975625\n|gametype|doubles\n|player|p1|Mudkip_137|jasmine|1186\n|player|p2|pengu|rosa-masters|1253\n|gen|9\n|tier|[Gen 9 Champions] VGC 2026 Reg M-A\n|rated|\n|rule|Species Clause: Limit one of each Pok\u00e9mon\n|rule|Item Clause: Limit 1 of each item\n|clearpoke\n|poke|p1|Gengar, L50, F|\n|poke|p1|Hydreigon, L50, M|\n|poke|p1|Excadrill, L50, M|\n|poke|p1|Tyranitar, L50, M|\n|poke|p1|Talonflame, L50, M|\n|poke|p1|Rotom-Wash, L50|\n|poke|p2|Pelipper, L50, F|\n|poke|p2|Aegislash, L50, F|\n|poke|p2|Meganium, L50, F|\n|poke|p2|Sneasler, L50, F|\n|poke|p2|Basculegion, L50, M|\n|poke|p2|Farigiraf, L50, M|\n|teampreview|4\n|inactive|Battle timer is ON: inactive players will automatically lose when time's up. (requested by pengu)\npengu has agreed to open team sheets.\nMudkip_137 rejected open team sheets.\n|\n|t:|1775975649\n|teamsize|p1|4\n|teamsize|p2|4\n|start\n|switch|p1a: Gengar|Gengar, L50, F|100/100\n|switch|p1b: Hydreigon|Hydreigon, L50, M|100/100\n|switch|p2a: Farigiraf|Farigiraf, L50, M|100/100\n|switch|p2b: Aegislash|Aegislash, L50, F|100/100\n|turn|1\n|\n|t:|1775975671\n|switch|p1a: Tyranitar|Tyranitar, L50, M|100/100\n|-weather|Sandstorm|[from] ability: Sand Stream|[of] p1a: Tyranitar\n|move|p2a: Farigiraf|Protect|p2a: Farigiraf\n|-singleturn|p2a: Farigiraf|Protect\n|move|p1b: Hydreigon|Nasty Plot|p1b: Hydreigon\n|-boost|p1b: Hydreigon|spa|2\n|-formechange|p2b: Aegislash|Aegislash-Blade|\n|move|p2b: Aegislash|Poltergeist|p1a: Tyranitar\n|-activate|p1a: Tyranitar|move: Poltergeist|Chople Berry\n|-resisted|p1a: Tyranitar|1\n|-damage|p1a: Tyranitar|76/100\n|\n|-weather|Sandstorm|[upkeep]\n|-damage|p1b: Hydreigon|95/100|[from] Sandstorm\n|-damage|p2a: Farigiraf|94/100|[from] Sandstorm\n|-heal|p1b: Hydreigon|100/100|[from] item: Leftovers\n|upkeep\n|turn|2\n|\n|t:|1775975688\n|-formechange|p2b: Aegislash|Aegislash|\n|move|p2b: Aegislash|King's Shield|p2b: Aegislash\n|-singleturn|p2b: Aegislash|Protect\n|move|p1b: Hydreigon|Dark Pulse|p2a: Farigiraf\n|-supereffective|p2a: Farigiraf|1\n|-damage|p2a: Farigiraf|0 fnt\n|faint|p2a: Farigiraf\n|move|p1a: Tyranitar|Dragon Dance|p1a: Tyranitar\n|-boost|p1a: Tyranitar|atk|1\n|-boost|p1a: Tyranitar|spe|1\n|\n|-weather|Sandstorm|[upkeep]\n|-damage|p1b: Hydreigon|95/100|[from] Sandstorm\n|-heal|p1b: Hydreigon|100/100|[from] item: Leftovers\n|upkeep\n|\n|t:|1775975691\n|switch|p2a: Meganium|Meganium, L50, F|100/100\n|turn|3\n|inactive|Mudkip_137 has 30 seconds left.\n|\n|t:|1775975725\n|switch|p2b: Pelipper|Pelipper, L50, F|100/100\n|-weather|RainDance|[from] ability: Drizzle|[of] p2b: Pelipper\n|detailschange|p2a: Meganium|Meganium-Mega, L50, F\n|-mega|p2a: Meganium|Meganium|Meganiumite\n|move|p1a: Tyranitar|Protect|p1a: Tyranitar\n|-singleturn|p1a: Tyranitar|Protect\n|move|p1b: Hydreigon|Dark Pulse|p2b: Pelipper\n|-enditem|p2b: Pelipper|Focus Sash\n|-damage|p2b: Pelipper|1/100\n|move|p2a: Meganium|Dazzling Gleam|p1b: Hydreigon|[spread] p1b\n|-activate|p1a: Tyranitar|move: Protect\n|-supereffective|p1b: Hydreigon|2\n|-damage|p1b: Hydreigon|0 fnt\n|faint|p1b: Hydreigon\n|\n|-weather|RainDance|[upkeep]\n|upkeep\n|\n|t:|1775975740\n|switch|p1b: Gengar|Gengar, L50, F|100/100\n|turn|4\n|\n|t:|1775975752\n|switch|p2a: Aegislash|Aegislash, L50, F|100/100\n|detailschange|p1b: Gengar|Gengar-Mega, L50, F\n|-mega|p1b: Gengar|Gengar|Gengarite\n|move|p2b: Pelipper|Protect|p2b: Pelipper\n|-singleturn|p2b: Pelipper|Protect\n|move|p1b: Gengar|Sludge Bomb|p2a: Aegislash\n|-immune|p2a: Aegislash\n|move|p1a: Tyranitar|Crunch|p2b: Pelipper\n|-activate|p2b: Pelipper|move: Protect\n|\n|-weather|RainDance|[upkeep]\n|upkeep\n|turn|5\n|inactive|Mudkip_137 has 30 seconds left.\n|inactive|Mudkip_137 has 20 seconds left.\n|\n|t:|1775975791\n|move|p1b: Gengar|Sludge Bomb|p2b: Pelipper\n|-damage|p2b: Pelipper|0 fnt\n|faint|p2b: Pelipper\n|move|p1a: Tyranitar|Crunch|p2a: Aegislash\n|-supereffective|p2a: Aegislash|1\n|-damage|p2a: Aegislash|0 fnt\n|faint|p2a: Aegislash\n|\n|-weather|RainDance|[upkeep]\n|upkeep\n|-message|pengu forfeited.\n|\n|win|Mudkip_137\n|raw|Mudkip_137's rating: 1186 &rarr; <strong>1216</strong><br />(+30 for winning)\n|raw|pengu's rating: 1253 &rarr; <strong>1223</strong><br />(-30 for losing)\n|l|\u2606pengu\n|player|p2|\n",
  "uploadtime": 1775975801,
  "views": 27,
  "formatid": "gen9championsvgc2026regma",
  "rating": 1216,
  "private": 0,
  "password": null
}