{
  "id": "gen9championsvgc2026regma-2585134286",
  "format": "[Gen 9 Champions] VGC 2026 Reg M-A",
  "players": [
    "mait27",
    "420Yami"
  ],
  "log": "|j|\u2606mait27\n|j|\u2606420Yami\n|t:|1776315882\n|gametype|doubles\n|player|p1|mait27|170|1084\n|player|p2|420Yami|2|1061\n|gen|9\n|tier|[Gen 9 Champions] VGC 2026 Reg M-A\n|rated|\n|rule|Species Clause: Limit one of each Pok\u00e9mon\n|rule|Item Clause: Limit 1 of each item\n|clearpoke\n|poke|p1|Tyranitar, L50, F|\n|poke|p1|Dragonite, L50, F|\n|poke|p1|Whimsicott, L50, F|\n|poke|p1|Garchomp, L50, M|\n|poke|p1|Arcanine, L50, F|\n|poke|p1|Sylveon, L50, M|\n|poke|p2|Oranguru, L50, F|\n|poke|p2|Torkoal, L50, F|\n|poke|p2|Drampa, L50, F|\n|poke|p2|Milotic, L50, M|\n|poke|p2|Golurk, L50|\n|poke|p2|Alcremie, L50, F|\n|teampreview|4\n|inactive|Battle timer is ON: inactive players will automatically lose when time's up. (requested by 420Yami)\n|\n|t:|1776315912\n|teamsize|p1|4\n|teamsize|p2|4\n|start\n|switch|p1a: Whimsicott|Whimsicott, L50, F|100/100\n|switch|p1b: Garchomp|Garchomp, L50, M|100/100\n|switch|p2a: Oranguru|Oranguru, L50, F|100/100\n|switch|p2b: Alcremie|Alcremie, L50, F|100/100\n|turn|1\n|\n|t:|1776315935\n|move|p2b: Alcremie|Protect|p2b: Alcremie\n|-singleturn|p2b: Alcremie|Protect\n|move|p1a: Whimsicott|Moonblast|p2a: Oranguru\n|-damage|p2a: Oranguru|71/100\n|move|p1b: Garchomp|Swords Dance|p1b: Garchomp\n|-boost|p1b: Garchomp|atk|2\n|move|p2a: Oranguru|Trick Room|p2a: Oranguru\n|-fieldstart|move: Trick Room|[of] p2a: Oranguru\n|\n|upkeep\n|turn|2\n|\n|t:|1776315957\n|switch|p2a: Milotic|Milotic, L50, M|100/100\n|move|p1a: Whimsicott|Encore|p2b: Alcremie\n|-block|p2b: Alcremie|ability: Aroma Veil|[of] p2b: Alcremie\n|move|p2b: Alcremie|Decorate|p2a: Milotic\n|-boost|p2a: Milotic|atk|2\n|-boost|p2a: Milotic|spa|2\n|move|p1b: Garchomp|Earthquake|p2a: Milotic|[spread] p1a,p2a,p2b\n|-resisted|p1a: Whimsicott|1\n|-damage|p1a: Whimsicott|39/100\n|-damage|p2a: Milotic|13/100\n|-damage|p2b: Alcremie|22/100\n|-enditem|p2a: Milotic|Sitrus Berry|[eat]\n|-heal|p2a: Milotic|38/100|[from] item: Sitrus Berry\n|\n|upkeep\n|turn|3\n|inactive|mait27 has 30 seconds left.\n|inactive|mait27 has 20 seconds left.\n|inactive|mait27 has 15 seconds left.\n|inactive|mait27 has 10 seconds left.\n|\n|t:|1776316004\n|move|p1b: Garchomp|Protect|p1b: Garchomp\n|-singleturn|p1b: Garchomp|Protect\n|move|p2b: Alcremie|Draining Kiss|p1a: Whimsicott\n|-damage|p1a: Whimsicott|9/100\n|-heal|p2b: Alcremie|43/100|[from] drain|[of] p1a: Whimsicott\n|move|p2a: Milotic|Ice Beam|p1b: Garchomp\n|-activate|p1b: Garchomp|move: Protect\n|move|p1a: Whimsicott|Moonblast|p2b: Alcremie\n|-crit|p2b: Alcremie\n|-damage|p2b: Alcremie|0 fnt\n|faint|p2b: Alcremie\n|\n|upkeep\n|\n|t:|1776316012\n|switch|p2b: Torkoal|Torkoal, L50, F|100/100\n|-weather|SunnyDay|[from] ability: Drought|[of] p2b: Torkoal\n|turn|4\n|inactive|mait27 has 30 seconds left.\n|inactive|mait27 has 20 seconds left.\n|inactive|mait27 has 15 seconds left.\n|inactive|mait27 has 10 seconds left.\n|\n|t:|1776316058\n|move|p1a: Whimsicott|Fake Tears|p2a: Milotic\n|-unboost|p2a: Milotic|spd|2\n|-ability|p2a: Milotic|Competitive|boost\n|-boost|p2a: Milotic|spa|2\n|move|p2b: Torkoal|Eruption|p1b: Garchomp|[spread] p1a,p1b\n|-supereffective|p1a: Whimsicott|1\n|-resisted|p1b: Garchomp|1\n|-damage|p1a: Whimsicott|0 fnt\n|-damage|p1b: Garchomp|49/100\n|faint|p1a: Whimsicott\n|move|p2a: Milotic|Ice Beam|p1b: Garchomp\n|-supereffective|p1b: Garchomp|2\n|-damage|p1b: Garchomp|0 fnt\n|faint|p1b: Garchomp\n|\n|-weather|SunnyDay|[upkeep]\n|upkeep\n|\n|t:|1776316068\n|switch|p1b: Tyranitar|Tyranitar, L50, F|100/100\n|switch|p1a: Sylveon|Sylveon, L50, M|100/100\n|-weather|Sandstorm|[from] ability: Sand Stream|[of] p1b: Tyranitar\n|turn|5\n|inactive|420Yami has 30 seconds left.\n|\n|t:|1776316094\n|switch|p2b: Oranguru|Oranguru, L50, F|71/100\n|move|p1a: Sylveon|Protect|p1a: Sylveon\n|-singleturn|p1a: Sylveon|Protect\n|move|p2a: Milotic|Protect|p2a: Milotic\n|-singleturn|p2a: Milotic|Protect\n|move|p1b: Tyranitar|Protect||[still]\n|-fail|p1b: Tyranitar\n|\n|-weather|Sandstorm|[upkeep]\n|-damage|p2b: Oranguru|65/100|[from] Sandstorm\n|-damage|p1a: Sylveon|95/100|[from] Sandstorm\n|-damage|p2a: Milotic|32/100|[from] Sandstorm\n|-fieldend|move: Trick Room\n|upkeep\n|turn|6\n|\n|t:|1776316117\n|detailschange|p1b: Tyranitar|Tyranitar-Mega, L50, F\n|-mega|p1b: Tyranitar|Tyranitar|Tyranitarite\n|move|p1b: Tyranitar|Knock Off|p2b: Oranguru\n|-supereffective|p2b: Oranguru|1\n|-damage|p2b: Oranguru|0 fnt\n|-enditem|p2b: Oranguru|Focus Sash|[from] move: Knock Off|[of] p1b: Tyranitar\n|faint|p2b: Oranguru\n|move|p2a: Milotic|Ice Beam|p1b: Tyranitar\n|-damage|p1b: Tyranitar|58/100\n|move|p1a: Sylveon|Hyper Voice|p2a: Milotic\n|-damage|p2a: Milotic|0 fnt\n|faint|p2a: Milotic\n|\n|-weather|Sandstorm|[upkeep]\n|-damage|p1a: Sylveon|89/100|[from] Sandstorm\n|upkeep\n|\n|t:|1776316133\n|switch|p2b: Torkoal|Torkoal, L50, F|100/100\n|-weather|SunnyDay|[from] ability: Drought|[of] p2b: Torkoal\n|turn|7\n|\n|t:|1776316144\n|move|p1b: Tyranitar|Knock Off|p2b: Torkoal\n|-damage|p2b: Torkoal|58/100\n|-enditem|p2b: Torkoal|Charcoal|[from] move: Knock Off|[of] p1b: Tyranitar\n|move|p1a: Sylveon|Calm Mind|p1a: Sylveon\n|-boost|p1a: Sylveon|spa|1\n|-boost|p1a: Sylveon|spd|1\n|move|p2b: Torkoal|Earth Power|p1b: Tyranitar\n|-supereffective|p1b: Tyranitar|1\n|-damage|p1b: Tyranitar|13/100\n|\n|-weather|SunnyDay|[upkeep]\n|upkeep\n|turn|8\n|\n|t:|1776316162\n|move|p1b: Tyranitar|Rock Slide|p2b: Torkoal\n|-supereffective|p2b: Torkoal|1\n|-damage|p2b: Torkoal|0 fnt\n|faint|p2b: Torkoal\n|\n|win|mait27\n|raw|mait27's rating: 1084 &rarr; <strong>1110</strong><br />(+26 for winning)\n|raw|420Yami's rating: 1061 &rarr; <strong>1043</strong><br />(-18 for losing)\n|l|\u2606420Yami\n|player|p2|\n",
  "uploadtime": 1776316169,
  "views": 21,
  "formatid": "gen9championsvgc2026regma",
  "rating": 1043,
  "private": 0,
  "password": null
}