{
  "id": "gen9championsvgc2026regma-2581978081",
  "format": "[Gen 9 Champions] VGC 2026 Reg M-A",
  "players": [
    "mimizuzu",
    "lobbychatlagsmypc"
  ],
  "log": "|j|\u2606mimizuzu\n|j|\u2606lobbychatlagsmypc\n|t:|1776045048\n|gametype|doubles\n|player|p1|mimizuzu|102|1347\n|player|p2|lobbychatlagsmypc|265|1317\n|gen|9\n|tier|[Gen 9 Champions] VGC 2026 Reg M-A\n|rated|\n|rule|Species Clause: Limit one of each Pok\u00e9mon\n|rule|Item Clause: Limit 1 of each item\n|clearpoke\n|poke|p1|Starmie, L50|\n|poke|p1|Pelipper, L50, M|\n|poke|p1|Sneasler, L50, M|\n|poke|p1|Kingambit, L50, M|\n|poke|p1|Hydreigon, L50, M|\n|poke|p1|Froslass, L50, F|\n|poke|p2|Mudsdale, L50, M|\n|poke|p2|Blastoise, L50, F|\n|poke|p2|Talonflame, L50, M|\n|poke|p2|Sinistcha, L50|\n|poke|p2|Floette-Eternal, L50, F|\n|poke|p2|Incineroar, L50, F|\n|teampreview|4\n|inactive|Battle timer is ON: inactive players will automatically lose when time's up. (requested by mimizuzu)\n|j| Kaicyios\n|inactive|lobbychatlagsmypc has 60 seconds left.\n|l| Kaicyios\n|inactive|lobbychatlagsmypc has 30 seconds left.\n|\n|t:|1776045115\n|teamsize|p1|4\n|teamsize|p2|4\n|start\n|switch|p1a: Sneasler|Sneasler, L50, M|100/100\n|switch|p1b: Starmie|Starmie, L50|100/100\n|switch|p2a: Sinistcha|Sinistcha, L50|100/100\n|switch|p2b: Floette|Floette-Eternal, L50, F|100/100\n|turn|1\n|\n|t:|1776045125\n|detailschange|p1b: Starmie|Starmie-Mega, L50\n|-mega|p1b: Starmie|Starmie|Starminite\n|move|p2b: Floette|Protect|p2b: Floette\n|-singleturn|p2b: Floette|Protect\n|move|p2a: Sinistcha|Protect|p2a: Sinistcha\n|-singleturn|p2a: Sinistcha|Protect\n|move|p1a: Sneasler|Dire Claw|p2a: Sinistcha\n|-activate|p2a: Sinistcha|move: Protect\n|move|p1b: Starmie|Ice Spinner|p2a: Sinistcha\n|-activate|p2a: Sinistcha|move: Protect\n|\n|upkeep\n|turn|2\n|\n|t:|1776045143\n|move|p2a: Sinistcha|Rage Powder|p2a: Sinistcha\n|-singleturn|p2a: Sinistcha|move: Rage Powder\n|move|p1a: Sneasler|Dire Claw|p2a: Sinistcha\n|-damage|p2a: Sinistcha|59/100\n|move|p1b: Starmie|Ice Spinner|p2a: Sinistcha\n|-supereffective|p2a: Sinistcha|1\n|-damage|p2a: Sinistcha|0 fnt\n|faint|p2a: Sinistcha\n|move|p2b: Floette|Calm Mind|p2b: Floette\n|-boost|p2b: Floette|spa|1\n|-boost|p2b: Floette|spd|1\n|\n|upkeep\n|\n|t:|1776045157\n|switch|p2a: Talonflame|Talonflame, L50, M|100/100\n|turn|3\n|inactive|mimizuzu has 30 seconds left.\n|inactive|mimizuzu has 20 seconds left.\n|inactive|lobbychatlagsmypc has 30 seconds left.\n|inactive|mimizuzu has 15 seconds left.\n|inactive|mimizuzu has 10 seconds left.\n|\n|t:|1776045204\n|detailschange|p2b: Floette|Floette-Mega, L50, F\n|-mega|p2b: Floette|Floette|Floettite\n|-ability|p2b: Floette|Fairy Aura\n|move|p2a: Talonflame|Tailwind|p2a: Talonflame\n|-sidestart|p2: lobbychatlagsmypc|move: Tailwind\n|move|p1b: Starmie|Aqua Jet|p2a: Talonflame\n|-supereffective|p2a: Talonflame|1\n|-damage|p2a: Talonflame|10/100\n|move|p2b: Floette|Dazzling Gleam|p1a: Sneasler|[spread] p1a,p1b\n|-damage|p1a: Sneasler|9/100\n|-damage|p1b: Starmie|32/100\n|move|p1a: Sneasler|Dire Claw|p2b: Floette\n|-supereffective|p2b: Floette|1\n|-damage|p2b: Floette|13/100\n|\n|upkeep\n|turn|4\n|\n|t:|1776045226\n|move|p2a: Talonflame|Quick Guard|p2a: Talonflame\n|-singleturn|p2a: Talonflame|Quick Guard\n|move|p1a: Sneasler|Feint|p2a: Talonflame\n|-activate|p2a: Talonflame|move: Feint\n|-damage|p2a: Talonflame|0 fnt\n|faint|p2a: Talonflame\n|move|p1b: Starmie|Aqua Jet|p2b: Floette\n|-damage|p2b: Floette|0 fnt\n|faint|p2b: Floette\n|\n|upkeep\n|\n|t:|1776045234\n|switch|p2b: Blastoise|Blastoise, L50, F|100/100\n|turn|5\n|j| klckback\n|\n|t:|1776045256\n|move|p1b: Starmie|Protect|p1b: Starmie\n|-singleturn|p1b: Starmie|Protect\n|move|p1a: Sneasler|Feint|p2b: Blastoise\n|-damage|p2b: Blastoise|88/100\n|move|p2b: Blastoise|Water Spout|p1a: Sneasler|[spread] p1a\n|-activate|p1b: Starmie|move: Protect\n|-damage|p1a: Sneasler|0 fnt\n|faint|p1a: Sneasler\n|\n|upkeep\n|\n|t:|1776045265\n|switch|p1a: Kingambit|Kingambit, L50, M|100/100\n|turn|6\n|\n|t:|1776045271\n|move|p1b: Starmie|Aqua Jet|p2b: Blastoise\n|-resisted|p2b: Blastoise|1\n|-damage|p2b: Blastoise|73/100\n|move|p1a: Kingambit|Sucker Punch|p2b: Blastoise\n|-damage|p2b: Blastoise|23/100\n|move|p2b: Blastoise|Water Spout|p1a: Kingambit|[spread] p1a,p1b\n|-resisted|p1b: Starmie|1\n|-damage|p1a: Kingambit|86/100\n|-damage|p1b: Starmie|24/100\n|\n|-sideend|p2: lobbychatlagsmypc|move: Tailwind\n|upkeep\n|turn|7\n|-message|lobbychatlagsmypc forfeited.\n|\n|win|mimizuzu\n|raw|mimizuzu's rating: 1347 &rarr; <strong>1365</strong><br />(+18 for winning)\n|raw|lobbychatlagsmypc's rating: 1317 &rarr; <strong>1299</strong><br />(-18 for losing)\n",
  "uploadtime": 1776045279,
  "views": 38,
  "formatid": "gen9championsvgc2026regma",
  "rating": 1299,
  "private": 0,
  "password": null
}