{
  "id": "gen9championsvgc2026regma-2585844907",
  "format": "[Gen 9 Champions] VGC 2026 Reg M-A",
  "players": [
    "Jamyrok",
    "NEONxTOKYO"
  ],
  "log": "|j|\u2606Jamyrok\n|j|\u2606NEONxTOKYO\n|t:|1776374986\n|gametype|doubles\n|player|p1|Jamyrok|1|1275\n|player|p2|NEONxTOKYO|265|1210\n|gen|9\n|tier|[Gen 9 Champions] VGC 2026 Reg M-A\n|rated|\n|rule|Species Clause: Limit one of each Pok\u00e9mon\n|rule|Item Clause: Limit 1 of each item\n|clearpoke\n|poke|p1|Milotic, L50, M|\n|poke|p1|Arcanine, L50, F|\n|poke|p1|Venusaur, L50, M|\n|poke|p1|Sylveon, L50, M|\n|poke|p1|Dragapult, L50, F|\n|poke|p1|Excadrill, L50, M|\n|poke|p2|Garchomp, L50, M|\n|poke|p2|Tyranitar, L50, M|\n|poke|p2|Excadrill, L50, F|\n|poke|p2|Corviknight, L50, M|\n|poke|p2|Rotom-Wash, L50|\n|poke|p2|Archaludon, L50, M|\n|teampreview|4\n|\n|t:|1776375030\n|teamsize|p1|4\n|teamsize|p2|4\n|start\n|switch|p1a: Venusaur|Venusaur, L50, M|100/100\n|switch|p1b: Arcanine|Arcanine, L50, F|100/100\n|switch|p2a: Tyranitar|Tyranitar, L50, M|100/100\n|switch|p2b: Excadrill|Excadrill, L50, F|100/100\n|-ability|p1b: Arcanine|Intimidate|boost\n|-unboost|p2a: Tyranitar|atk|1\n|-unboost|p2b: Excadrill|atk|1\n|-weather|Sandstorm|[from] ability: Sand Stream|[of] p2a: Tyranitar\n|turn|1\n|\n|t:|1776375060\n|detailschange|p1a: Venusaur|Venusaur-Mega, L50, M\n|-mega|p1a: Venusaur|Venusaur|Venusaurite\n|move|p2b: Excadrill|High Horsepower|p1b: Arcanine\n|-supereffective|p1b: Arcanine|1\n|-damage|p1b: Arcanine|46/100\n|-enditem|p1b: Arcanine|Sitrus Berry|[eat]\n|-heal|p1b: Arcanine|71/100|[from] item: Sitrus Berry\n|move|p1b: Arcanine|Will-O-Wisp|p2a: Tyranitar\n|-status|p2a: Tyranitar|brn\n|move|p1a: Venusaur|Leech Seed|p2b: Excadrill\n|-start|p2b: Excadrill|move: Leech Seed\n|move|p2a: Tyranitar|Rock Slide|p1a: Venusaur|[spread] p1a,p1b\n|-supereffective|p1b: Arcanine|1\n|-damage|p1a: Venusaur|93/100\n|-damage|p1b: Arcanine|51/100\n|\n|-weather|Sandstorm|[upkeep]\n|-damage|p1b: Arcanine|45/100|[from] Sandstorm\n|-damage|p1a: Venusaur|87/100|[from] Sandstorm\n|-damage|p2b: Excadrill|88/100|[from] Leech Seed|[of] p1a: Venusaur\n|-heal|p1a: Venusaur|99/100|[silent]\n|-damage|p2a: Tyranitar|95/100 brn|[from] brn\n|upkeep\n|turn|2\n|\n|t:|1776375098\n|switch|p1b: Dragapult|Dragapult, L50, F|100/100\n|detailschange|p2a: Tyranitar|Tyranitar-Mega, L50, M\n|-mega|p2a: Tyranitar|Tyranitar|Tyranitarite\n|move|p2b: Excadrill|High Horsepower|p1b: Dragapult\n|-damage|p1b: Dragapult|58/100\n|move|p1a: Venusaur|Giga Drain|p2b: Excadrill\n|-damage|p2b: Excadrill|44/100\n|-heal|p1a: Venusaur|100/100|[from] drain|[of] p2b: Excadrill\n|move|p2a: Tyranitar|Crunch|p1a: Venusaur\n|-damage|p1a: Venusaur|87/100\n|\n|-weather|Sandstorm|[upkeep]\n|-damage|p1b: Dragapult|52/100|[from] Sandstorm\n|-damage|p1a: Venusaur|81/100|[from] Sandstorm\n|-damage|p2b: Excadrill|32/100|[from] Leech Seed|[of] p1a: Venusaur\n|-heal|p1a: Venusaur|94/100|[silent]\n|-damage|p2a: Tyranitar|89/100 brn|[from] brn\n|upkeep\n|turn|3\n|\n|t:|1776375134\n|move|p1b: Dragapult|Protect|p1b: Dragapult\n|-singleturn|p1b: Dragapult|Protect\n|move|p2b: Excadrill|Iron Head|p1a: Venusaur\n|-damage|p1a: Venusaur|74/100\n|move|p1a: Venusaur|Giga Drain|p2b: Excadrill\n|-damage|p2b: Excadrill|0 fnt\n|-heal|p1a: Venusaur|90/100|[from] drain|[of] p2b: Excadrill\n|faint|p2b: Excadrill\n|move|p2a: Tyranitar|Crunch|p1b: Dragapult\n|-activate|p1b: Dragapult|move: Protect\n|\n|-weather|Sandstorm|[upkeep]\n|-damage|p1b: Dragapult|46/100|[from] Sandstorm\n|-damage|p1a: Venusaur|84/100|[from] Sandstorm\n|-damage|p2a: Tyranitar|83/100 brn|[from] brn\n|upkeep\n|\n|t:|1776375150\n|switch|p2b: Archaludon|Archaludon, L50, M|100/100\n|turn|4\n|\n|t:|1776375165\n|move|p1b: Dragapult|U-turn|p2a: Tyranitar\n|-supereffective|p2a: Tyranitar|1\n|-damage|p2a: Tyranitar|54/100 brn\n|\n|t:|1776375170\n|switch|p1b: Arcanine|Arcanine, L50, F|45/100|[from] U-turn\n|-ability|p1b: Arcanine|Intimidate|boost\n|-unboost|p2a: Tyranitar|atk|1\n|-unboost|p2b: Archaludon|atk|1\n|move|p2b: Archaludon|Flash Cannon|p1a: Venusaur\n|-damage|p1a: Venusaur|45/100\n|move|p1a: Venusaur|Leech Seed|p2b: Archaludon\n|-start|p2b: Archaludon|move: Leech Seed\n|move|p2a: Tyranitar|Crunch|p1b: Arcanine\n|-damage|p1b: Arcanine|32/100\n|\n|-weather|Sandstorm|[upkeep]\n|-damage|p1b: Arcanine|26/100|[from] Sandstorm\n|-damage|p1a: Venusaur|40/100|[from] Sandstorm\n|-damage|p2b: Archaludon|88/100|[from] Leech Seed|[of] p1a: Venusaur\n|-heal|p1a: Venusaur|52/100|[silent]\n|-damage|p2a: Tyranitar|48/100 brn|[from] brn\n|upkeep\n|turn|5\n|\n|t:|1776375200\n|move|p1a: Venusaur|Protect|p1a: Venusaur\n|-singleturn|p1a: Venusaur|Protect\n|move|p1b: Arcanine|Snarl|p2a: Tyranitar|[spread] p2a,p2b\n|-resisted|p2a: Tyranitar|1\n|-damage|p2a: Tyranitar|46/100 brn\n|-damage|p2b: Archaludon|75/100\n|-unboost|p2a: Tyranitar|spa|1\n|-unboost|p2b: Archaludon|spa|1\n|-ability|p2b: Archaludon|Stamina|boost\n|-boost|p2b: Archaludon|def|1\n|move|p2b: Archaludon|Flash Cannon|p1a: Venusaur\n|-activate|p1a: Venusaur|move: Protect\n|move|p2a: Tyranitar|Rock Slide|p1a: Venusaur|[spread] p1b\n|-activate|p1a: Venusaur|move: Protect\n|-supereffective|p1b: Arcanine|1\n|-damage|p1b: Arcanine|11/100\n|\n|-weather|none\n|-damage|p2b: Archaludon|63/100|[from] Leech Seed|[of] p1a: Venusaur\n|-heal|p1a: Venusaur|65/100|[silent]\n|-damage|p2a: Tyranitar|41/100 brn|[from] brn\n|upkeep\n|turn|6\n|\n|t:|1776375225\n|move|p1b: Arcanine|Snarl|p2a: Tyranitar|[spread] p2a\n|-miss|p1b: Arcanine|p2b: Archaludon\n|-resisted|p2a: Tyranitar|1\n|-damage|p2a: Tyranitar|37/100 brn\n|-unboost|p2a: Tyranitar|spa|1\n|move|p2b: Archaludon|Flash Cannon|p1a: Venusaur\n|-damage|p1a: Venusaur|41/100\n|move|p1a: Venusaur|Leech Seed|p2a: Tyranitar\n|-start|p2a: Tyranitar|move: Leech Seed\n|move|p2a: Tyranitar|Rock Slide|p1b: Arcanine|[spread] p1a,p1b\n|-supereffective|p1b: Arcanine|1\n|-damage|p1a: Venusaur|34/100\n|-damage|p1b: Arcanine|0 fnt\n|faint|p1b: Arcanine\n|\n|-damage|p2b: Archaludon|51/100|[from] Leech Seed|[of] p1a: Venusaur\n|-heal|p1a: Venusaur|47/100|[silent]\n|-damage|p2a: Tyranitar|25/100 brn|[from] Leech Seed|[of] p1a: Venusaur\n|-heal|p1a: Venusaur|60/100|[silent]\n|-damage|p2a: Tyranitar|19/100 brn|[from] brn\n|upkeep\n|\n|t:|1776375243\n|switch|p1b: Dragapult|Dragapult, L50, F|46/100\n|turn|7\n|\n|t:|1776375260\n|move|p1a: Venusaur|Protect|p1a: Venusaur\n|-singleturn|p1a: Venusaur|Protect\n|move|p1b: Dragapult|Phantom Force||[still]\n|-prepare|p1b: Dragapult|Phantom Force\n|move|p2b: Archaludon|Flash Cannon|p1b: Dragapult|[miss]\n|-miss|p2b: Archaludon|p1b: Dragapult\n|move|p2a: Tyranitar|Crunch|p1b: Dragapult|[miss]\n|-miss|p2a: Tyranitar|p1b: Dragapult\n|\n|-damage|p2b: Archaludon|39/100|[from] Leech Seed|[of] p1a: Venusaur\n|-heal|p1a: Venusaur|73/100|[silent]\n|-damage|p2a: Tyranitar|7/100 brn|[from] Leech Seed|[of] p1a: Venusaur\n|-heal|p1a: Venusaur|87/100|[silent]\n|-damage|p2a: Tyranitar|1/100 brn|[from] brn\n|upkeep\n|turn|8\n|\n|t:|1776375278\n|move|p1b: Dragapult|Phantom Force|p2b: Archaludon|[from] lockedmove\n|-damage|p2b: Archaludon|14/100\n|-ability|p2b: Archaludon|Stamina|boost\n|-boost|p2b: Archaludon|def|1\n|move|p2b: Archaludon|Flash Cannon|p1a: Venusaur\n|-damage|p1a: Venusaur|61/100\n|move|p1a: Venusaur|Giga Drain|p2b: Archaludon\n|-resisted|p2b: Archaludon|2\n|-damage|p2b: Archaludon|4/100\n|-heal|p1a: Venusaur|66/100|[from] drain|[of] p2b: Archaludon\n|-ability|p2b: Archaludon|Stamina|boost\n|-boost|p2b: Archaludon|def|1\n|move|p2a: Tyranitar|Crunch|p1b: Dragapult\n|-supereffective|p1b: Dragapult|1\n|-damage|p1b: Dragapult|10/100\n|\n|-damage|p2b: Archaludon|0 fnt|[from] Leech Seed|[of] p1a: Venusaur\n|-heal|p1a: Venusaur|69/100|[silent]\n|faint|p2b: Archaludon\n|-damage|p2a: Tyranitar|0 fnt|[from] Leech Seed|[of] p1a: Venusaur\n|-heal|p1a: Venusaur|70/100|[silent]\n|faint|p2a: Tyranitar\n|upkeep\n|\n|t:|1776375298\n|switch|p2b: Rotom|Rotom-Wash, L50|100/100\n|turn|9\n|\n|t:|1776375304\n|move|p1b: Dragapult|Phantom Force||[still]\n|-prepare|p1b: Dragapult|Phantom Force\n|move|p2b: Rotom|Thunderbolt|p1b: Dragapult|[miss]\n|-miss|p2b: Rotom|p1b: Dragapult\n|move|p1a: Venusaur|Giga Drain|p2b: Rotom\n|-supereffective|p2b: Rotom|1\n|-damage|p2b: Rotom|27/100\n|-heal|p1a: Venusaur|100/100|[from] drain|[of] p2b: Rotom\n|-enditem|p2b: Rotom|Sitrus Berry|[eat]\n|-heal|p2b: Rotom|51/100|[from] item: Sitrus Berry\n|\n|upkeep\n|turn|10\n|\n|t:|1776375315\n|move|p1b: Dragapult|Phantom Force|p2b: Rotom|[from] lockedmove\n|-damage|p2b: Rotom|0 fnt\n|faint|p2b: Rotom\n|\n|win|Jamyrok\n|raw|Jamyrok's rating: 1275 &rarr; <strong>1295</strong><br />(+20 for winning)\n|raw|NEONxTOKYO's rating: 1210 &rarr; <strong>1190</strong><br />(-20 for losing)\n",
  "uploadtime": 1776375316,
  "views": 19,
  "formatid": "gen9championsvgc2026regma",
  "rating": 1190,
  "private": 0,
  "password": null
}