{
  "id": "gen9championsvgc2026regma-2582934107",
  "format": "[Gen 9 Champions] VGC 2026 Reg M-A",
  "players": [
    "Marcio Lira",
    "biscotti5"
  ],
  "log": "|j|\u2606Marcio Lira\n|j|\u2606biscotti5\n|t:|1776126311\n|gametype|doubles\n|player|p1|Marcio Lira|bugcatcher-gen4dp|1219\n|player|p2|biscotti5|veteranf|1154\n|gen|9\n|tier|[Gen 9 Champions] VGC 2026 Reg M-A\n|rated|\n|rule|Species Clause: Limit one of each Pok\u00e9mon\n|rule|Item Clause: Limit 1 of each item\n|clearpoke\n|poke|p1|Tyranitar, L50, M|\n|poke|p1|Garchomp, L50, M|\n|poke|p1|Cofagrigus, L50, M|\n|poke|p1|Delphox, L50, F|\n|poke|p1|Sneasler, L50, F|\n|poke|p1|Clefable, L50, F|\n|poke|p2|Politoed, L50, F|\n|poke|p2|Dragonite, L50, F|\n|poke|p2|Basculegion, L50, M|\n|poke|p2|Sneasler, L50, M|\n|poke|p2|Sinistcha, L50|\n|poke|p2|Aggron, L50, F|\n|teampreview|4\n|inactive|Battle timer is ON: inactive players will automatically lose when time's up. (requested by biscotti5)\n|\n|t:|1776126341\n|teamsize|p1|4\n|teamsize|p2|4\n|start\n|switch|p1a: Cofagrigus|Cofagrigus, L50, M|100/100\n|switch|p1b: Sneasler|Sneasler, L50, F|100/100\n|switch|p2a: Cannonball|Aggron, L50, F|100/100\n|switch|p2b: Billie|Sneasler, L50, M|100/100\n|turn|1\n|\n|t:|1776126355\n|detailschange|p2a: Cannonball|Aggron-Mega, L50, F\n|-mega|p2a: Cannonball|Aggron|Aggronite\n|move|p1b: Sneasler|Protect|p1b: Sneasler\n|-singleturn|p1b: Sneasler|Protect\n|move|p2a: Cannonball|Protect|p2a: Cannonball\n|-singleturn|p2a: Cannonball|Protect\n|move|p2b: Billie|Throat Chop|p1a: Cofagrigus\n|-supereffective|p1a: Cofagrigus|1\n|-enditem|p1a: Cofagrigus|Colbur Berry|[eat]\n|-enditem|p1a: Cofagrigus|Colbur Berry|[weaken]\n|-damage|p1a: Cofagrigus|79/100\n|-start|p1a: Cofagrigus|Throat Chop|[silent]\n|-activate|p1a: Cofagrigus|ability: Mummy|p2b: Billie|[ability] Unburden\n|move|p1a: Cofagrigus|Will-O-Wisp|p2b: Billie\n|-status|p2b: Billie|brn\n|\n|-damage|p2b: Billie|95/100 brn|[from] brn\n|upkeep\n|turn|2\n|\n|t:|1776126380\n|switch|p2a: Tipton|Sinistcha, L50|100/100\n|-heal|p2b: Billie|100/100 brn|[from] ability: Hospitality|[of] p2a: Tipton\n|move|p2b: Billie|Dire Claw|p1a: Cofagrigus\n|-resisted|p1a: Cofagrigus|1\n|-damage|p1a: Cofagrigus|71/100\n|move|p1b: Sneasler|Close Combat|p2a: Tipton\n|-immune|p2a: Tipton\n|move|p1a: Cofagrigus|Will-O-Wisp|p2a: Tipton\n|-status|p2a: Tipton|brn\n|\n|-damage|p2b: Billie|95/100 brn|[from] brn\n|-damage|p2a: Tipton|94/100 brn|[from] brn\n|-end|p1a: Cofagrigus|Throat Chop|[silent]\n|upkeep\n|turn|3\n|inactive|Marcio Lira has 30 seconds left.\n|inactive|biscotti5 has 30 seconds left.\n|\n|t:|1776126413\n|switch|p2b: Cannonball|Aggron-Mega, L50, F|100/100\n|move|p1b: Sneasler|Dire Claw|p2a: Tipton\n|-damage|p2a: Tipton|48/100 brn\n|-enditem|p2a: Tipton|Sitrus Berry|[eat]\n|-heal|p2a: Tipton|73/100 brn|[from] item: Sitrus Berry\n|move|p1a: Cofagrigus|Shadow Ball|p2a: Tipton\n|-supereffective|p2a: Tipton|1\n|-damage|p2a: Tipton|2/100 brn\n|move|p2a: Tipton|Trick Room|p2a: Tipton\n|-fieldstart|move: Trick Room|[of] p2a: Tipton\n|\n|-damage|p2a: Tipton|0 fnt|[from] brn\n|faint|p2a: Tipton\n|upkeep\n|\n|t:|1776126431\n|switch|p2a: Dizzy|Politoed, L50, F, shiny|100/100\n|-weather|RainDance|[from] ability: Drizzle|[of] p2a: Dizzy\n|turn|4\n|\n|t:|1776126445\n|move|p1a: Cofagrigus|Will-O-Wisp|p2b: Cannonball\n|-status|p2b: Cannonball|brn\n|move|p2b: Cannonball|Heavy Slam|p1b: Sneasler\n|-damage|p1b: Sneasler|50/100\n|move|p2a: Dizzy|Muddy Water|p1a: Cofagrigus|[spread] p1b\n|-miss|p2a: Dizzy|p1a: Cofagrigus\n|-damage|p1b: Sneasler|4/100\n|move|p1b: Sneasler|Dire Claw|p2a: Dizzy\n|-damage|p2a: Dizzy|59/100\n|\n|-weather|RainDance|[upkeep]\n|-heal|p2a: Dizzy|65/100|[from] item: Leftovers\n|-damage|p2b: Cannonball|94/100 brn|[from] brn\n|upkeep\n|turn|5\n|\n|t:|1776126467\n|move|p1b: Sneasler|Protect|p1b: Sneasler\n|-singleturn|p1b: Sneasler|Protect\n|move|p1a: Cofagrigus|Shadow Ball|p2a: Dizzy\n|-damage|p2a: Dizzy|35/100\n|move|p2b: Cannonball|Iron Defense|p2b: Cannonball\n|-boost|p2b: Cannonball|def|2\n|move|p2a: Dizzy|Muddy Water|p1a: Cofagrigus|[spread] \n|-activate|p1b: Sneasler|move: Protect\n|-miss|p2a: Dizzy|p1a: Cofagrigus\n|\n|-weather|RainDance|[upkeep]\n|-heal|p2a: Dizzy|41/100|[from] item: Leftovers\n|-damage|p2b: Cannonball|88/100 brn|[from] brn\n|upkeep\n|turn|6\n|\n|t:|1776126485\n|move|p1a: Cofagrigus|Shadow Ball|p2b: Cannonball\n|-damage|p2b: Cannonball|55/100 brn\n|-unboost|p2b: Cannonball|spd|1\n|move|p2b: Cannonball|Heavy Slam|p1b: Sneasler\n|-damage|p1b: Sneasler|0 fnt\n|faint|p1b: Sneasler\n|move|p2a: Dizzy|Weather Ball|p1a: Cofagrigus\n|-damage|p1a: Cofagrigus|22/100\n|\n|-weather|RainDance|[upkeep]\n|-heal|p2a: Dizzy|47/100|[from] item: Leftovers\n|-damage|p2b: Cannonball|49/100 brn|[from] brn\n|upkeep\n|\n|t:|1776126503\n|switch|p1b: Tyranitar|Tyranitar, L50, M|100/100\n|-weather|Sandstorm|[from] ability: Sand Stream|[of] p1b: Tyranitar\n|turn|7\n|\n|t:|1776126521\n|move|p1b: Tyranitar|Protect|p1b: Tyranitar\n|-singleturn|p1b: Tyranitar|Protect\n|move|p1a: Cofagrigus|Shadow Ball|p2b: Cannonball\n|-damage|p2b: Cannonball|3/100 brn\n|move|p2b: Cannonball|Body Press|p1b: Tyranitar\n|-activate|p1b: Tyranitar|move: Protect\n|move|p2a: Dizzy|Muddy Water|p1a: Cofagrigus|[spread] p1a\n|-activate|p1b: Tyranitar|move: Protect\n|-damage|p1a: Cofagrigus|0 fnt\n|faint|p1a: Cofagrigus\n|\n|-weather|Sandstorm|[upkeep]\n|-damage|p2a: Dizzy|41/100|[from] Sandstorm\n|-heal|p2a: Dizzy|47/100|[from] item: Leftovers\n|-damage|p2b: Cannonball|0 fnt|[from] brn\n|faint|p2b: Cannonball\n|-fieldend|move: Trick Room\n|upkeep\n|\n|t:|1776126530\n|switch|p2b: Billie|Sneasler, L50, M|95/100 brn\n|switch|p1a: Garchomp|Garchomp, L50, M|100/100\n|turn|8\n|\n|t:|1776126546\n|detailschange|p1b: Tyranitar|Tyranitar-Mega, L50, M\n|-mega|p1b: Tyranitar|Tyranitar|Tyranitarite\n|move|p1b: Tyranitar|Protect|p1b: Tyranitar\n|-singleturn|p1b: Tyranitar|Protect\n|move|p2b: Billie|Close Combat|p1b: Tyranitar\n|-activate|p1b: Tyranitar|move: Protect\n|move|p1a: Garchomp|Earthquake|p2a: Dizzy|[spread] p2a,p2b\n|-activate|p1b: Tyranitar|move: Protect\n|-supereffective|p2b: Billie|1\n|-damage|p2a: Dizzy|15/100\n|-damage|p2b: Billie|0 fnt\n|faint|p2b: Billie\n|move|p2a: Dizzy|Muddy Water|p1a: Garchomp|[spread] \n|-activate|p1b: Tyranitar|move: Protect\n|-miss|p2a: Dizzy|p1a: Garchomp\n|\n|-weather|Sandstorm|[upkeep]\n|-damage|p2a: Dizzy|9/100|[from] Sandstorm\n|-heal|p2a: Dizzy|15/100|[from] item: Leftovers\n|upkeep\n|turn|9\n|-message|biscotti5 forfeited.\n|\n|win|Marcio Lira\n|raw|Marcio Lira's rating: 1219 &rarr; <strong>1239</strong><br />(+20 for winning)\n|raw|biscotti5's rating: 1154 &rarr; <strong>1134</strong><br />(-20 for losing)\n|l|\u2606biscotti5\n|player|p2|\n|c|\u2606Marcio Lira|gg\n|l|\u2606Marcio Lira\n|player|p1|\n|j|\u2606Marcio Lira\n|player|p1|Marcio Lira|bugcatcher-gen4dp|\n",
  "uploadtime": 1776126592,
  "views": 18,
  "formatid": "gen9championsvgc2026regma",
  "rating": 1134,
  "private": 0,
  "password": null
}