{
  "id": "gen9championsvgc2026regma-2584362826",
  "format": "[Gen 9 Champions] VGC 2026 Reg M-A",
  "players": [
    "q77182",
    "High Hills Bard"
  ],
  "log": "|j|\u2606q77182\n|j|\u2606High Hills Bard\n|t:|1776255010\n|gametype|doubles\n|player|p1|q77182|266|1136\n|player|p2|High Hills Bard|bugcatcher-gen4dp|1186\n|gen|9\n|tier|[Gen 9 Champions] VGC 2026 Reg M-A\n|rated|\n|rule|Species Clause: Limit one of each Pok\u00e9mon\n|rule|Item Clause: Limit 1 of each item\n|clearpoke\n|poke|p1|Excadrill, L50, F|\n|poke|p1|Tyranitar, L50, F|\n|poke|p1|Garchomp, L50, F|\n|poke|p1|Orthworm, L50, F|\n|poke|p1|Aerodactyl, L50, M|\n|poke|p1|Rotom-Wash, L50|\n|poke|p2|Froslass, L50, F|\n|poke|p2|Volcarona, L50, F|\n|poke|p2|Tauros-Paldea-Blaze, L50, M|\n|poke|p2|Azumarill, L50, M|\n|poke|p2|Sneasler, L50, M|\n|poke|p2|Whimsicott, L50, M|\n|teampreview|4\n|inactive|Battle timer is ON: inactive players will automatically lose when time's up. (requested by q77182)\nq77182 has agreed to open team sheets.\n|inactive|High Hills Bard has 60 seconds left.\n|inactive|High Hills Bard has 30 seconds left.\n|inactive|High Hills Bard has 20 seconds left.\n|inactive|High Hills Bard has 15 seconds left.\n|inactive|High Hills Bard has 10 seconds left.\n|\n|t:|1776255094\n|teamsize|p1|4\n|teamsize|p2|4\n|start\n|switch|p1a: Excadrill|Excadrill, L50, F|100/100\n|switch|p1b: Tyranitar|Tyranitar, L50, F|100/100\n|switch|p2a: Froslass|Froslass, L50, F|100/100\n|switch|p2b: Tauros|Tauros-Paldea-Blaze, L50, M|100/100\n|-ability|p2b: Tauros|Intimidate|boost\n|-unboost|p1a: Excadrill|atk|1\n|-unboost|p1b: Tyranitar|atk|1\n|-weather|Sandstorm|[from] ability: Sand Stream|[of] p1b: Tyranitar\n|turn|1\n|inactive|q77182 has 30 seconds left.\n|inactive|q77182 has 20 seconds left.\n|inactive|q77182 has 15 seconds left.\n|\n|t:|1776255135\n|switch|p1b: Rotom|Rotom-Wash, L50|100/100\n|move|p2a: Froslass|Protect|p2a: Froslass\n|-singleturn|p2a: Froslass|Protect\n|move|p2b: Tauros|Protect|p2b: Tauros\n|-singleturn|p2b: Tauros|Protect\n|move|p1a: Excadrill|Earthquake|p2b: Tauros|[spread] \n|-activate|p2a: Froslass|move: Protect\n|-activate|p2b: Tauros|move: Protect\n|-immune|p1b: Rotom|[from] ability: Levitate\n|\n|-weather|Sandstorm|[upkeep]\n|-damage|p1b: Rotom|95/100|[from] Sandstorm\n|-damage|p2a: Froslass|94/100|[from] Sandstorm\n|-damage|p2b: Tauros|95/100|[from] Sandstorm\n|-heal|p2b: Tauros|100/100|[from] item: Leftovers\n|upkeep\n|turn|2\n|inactive|High Hills Bard has 30 seconds left.\n|inactive|High Hills Bard has 20 seconds left.\n|inactive|High Hills Bard has 15 seconds left.\n|\n|t:|1776255179\n|detailschange|p2a: Froslass|Froslass-Mega, L50, F\n|-mega|p2a: Froslass|Froslass|Froslassite\n|-weather|Snowscape|[from] ability: Snow Warning|[of] p2a: Froslass\n|move|p1b: Rotom|Discharge|p2a: Froslass|[spread] p2a,p2b\n|-immune|p1a: Excadrill\n|-damage|p2a: Froslass|67/100\n|-damage|p2b: Tauros|63/100\n|-status|p2a: Froslass|par\n|move|p2b: Tauros|Will-O-Wisp|p1a: Excadrill\n|-status|p1a: Excadrill|brn\n|move|p1a: Excadrill|Earthquake|p2a: Froslass|[spread] p2a,p2b\n|-immune|p1b: Rotom|[from] ability: Levitate\n|-supereffective|p2b: Tauros|1\n|-damage|p2a: Froslass|54/100 par\n|-damage|p2b: Tauros|34/100\n|cant|p2a: Froslass|par\n|\n|-weather|Snowscape|[upkeep]\n|-heal|p2b: Tauros|40/100|[from] item: Leftovers\n|-damage|p1a: Excadrill|95/100 brn|[from] brn\n|upkeep\n|turn|3\n|inactive|High Hills Bard has 30 seconds left.\n|inactive|High Hills Bard has 20 seconds left.\n|inactive|High Hills Bard has 15 seconds left.\n|inactive|High Hills Bard has 10 seconds left.\n|\n|t:|1776255227\n|switch|p2b: Azumarill|Azumarill, L50, M|100/100\n|switch|p2a: Sneasler|Sneasler, L50, M|100/100\n|move|p1b: Rotom|Discharge|p2b: Azumarill|[spread] p2a,p2b\n|-immune|p1a: Excadrill\n|-supereffective|p2b: Azumarill|1\n|-damage|p2a: Sneasler|66/100\n|-damage|p2b: Azumarill|51/100\n|move|p1a: Excadrill|Earthquake|p2b: Azumarill|[spread] p2a,p2b\n|-immune|p1b: Rotom|[from] ability: Levitate\n|-supereffective|p2a: Sneasler|1\n|-damage|p2a: Sneasler|13/100\n|-damage|p2b: Azumarill|35/100\n|-enditem|p2b: Azumarill|Sitrus Berry|[eat]\n|-heal|p2b: Azumarill|60/100|[from] item: Sitrus Berry\n|\n|-weather|Snowscape|[upkeep]\n|-damage|p1a: Excadrill|89/100 brn|[from] brn\n|upkeep\n|turn|4\n|inactive|High Hills Bard has 30 seconds left.\n|inactive|High Hills Bard has 20 seconds left.\n|\n|t:|1776255265\n|move|p2a: Sneasler|Fake Out|p1b: Rotom\n|-damage|p1b: Rotom|76/100\n|cant|p1b: Rotom|flinch\n|move|p1a: Excadrill|Earthquake|p2b: Azumarill|[spread] p2a,p2b\n|-immune|p1b: Rotom|[from] ability: Levitate\n|-supereffective|p2a: Sneasler|1\n|-damage|p2a: Sneasler|0 fnt\n|-damage|p2b: Azumarill|44/100\n|faint|p2a: Sneasler\n|move|p2b: Azumarill|Play Rough|p1b: Rotom\n|-damage|p1b: Rotom|0 fnt\n|faint|p1b: Rotom\n|\n|-weather|Snowscape|[upkeep]\n|-damage|p1a: Excadrill|83/100 brn|[from] brn\n|upkeep\n|\n|t:|1776255294\n|switch|p2a: Tauros|Tauros-Paldea-Blaze, L50, M|40/100\n|switch|p1b: Garchomp|Garchomp, L50, F|100/100\n|-ability|p2a: Tauros|Intimidate|boost\n|-unboost|p1a: Excadrill|atk|1\n|-unboost|p1b: Garchomp|atk|1\n|turn|5\n|\n|t:|1776255318\n|switch|p1a: Tyranitar|Tyranitar, L50, F|100/100\n|-weather|Sandstorm|[from] ability: Sand Stream|[of] p1a: Tyranitar\n|move|p2a: Tauros|Protect|p2a: Tauros\n|-singleturn|p2a: Tauros|Protect\n|move|p1b: Garchomp|Earthquake|p2b: Azumarill|[spread] p1a,p2b\n|-activate|p2a: Tauros|move: Protect\n|-supereffective|p1a: Tyranitar|1\n|-damage|p1a: Tyranitar|52/100\n|-damage|p2b: Azumarill|14/100\n|move|p2b: Azumarill|Play Rough|p1b: Garchomp\n|-supereffective|p1b: Garchomp|1\n|-damage|p1b: Garchomp|0 fnt\n|faint|p1b: Garchomp\n|\n|-weather|Sandstorm|[upkeep]\n|-damage|p2a: Tauros|34/100|[from] Sandstorm\n|-damage|p2b: Azumarill|8/100|[from] Sandstorm\n|-heal|p2a: Tauros|40/100|[from] item: Leftovers\n|upkeep\n|\n|t:|1776255324\n|switch|p1b: Excadrill|Excadrill, L50, F|83/100 brn\n|turn|6\n|inactive|High Hills Bard has 30 seconds left.\n|\n|t:|1776255363\n|switch|p2a: Froslass|Froslass-Mega, L50, F|54/100 par\n|-weather|Snowscape|[from] ability: Snow Warning|[of] p2a: Froslass\n|detailschange|p1a: Tyranitar|Tyranitar-Mega, L50, F\n|-mega|p1a: Tyranitar|Tyranitar|Tyranitarite\n|-weather|Sandstorm|[from] ability: Sand Stream|[of] p1a: Tyranitar\n|move|p2b: Azumarill|Aqua Jet|p1b: Excadrill\n|-supereffective|p1b: Excadrill|1\n|-damage|p1b: Excadrill|13/100 brn\n|move|p1b: Excadrill|Iron Head|p2a: Froslass\n|-supereffective|p2a: Froslass|1\n|-damage|p2a: Froslass|0 fnt\n|faint|p2a: Froslass\n|move|p1a: Tyranitar|Rock Slide|p2b: Azumarill\n|-damage|p2b: Azumarill|0 fnt\n|faint|p2b: Azumarill\n|\n|-weather|Sandstorm|[upkeep]\n|-damage|p1b: Excadrill|8/100 brn|[from] brn\n|upkeep\n|\n|t:|1776255373\n|switch|p2b: Tauros|Tauros-Paldea-Blaze, L50, M|40/100\n|-ability|p2b: Tauros|Intimidate|boost\n|-unboost|p1a: Tyranitar|atk|1\n|-unboost|p1b: Excadrill|atk|1\n|turn|7\n|\n|t:|1776255383\n|move|p2b: Tauros|Protect|p2b: Tauros\n|-singleturn|p2b: Tauros|Protect\n|move|p1b: Excadrill|Iron Head|p2b: Tauros\n|-activate|p2b: Tauros|move: Protect\n|move|p1a: Tyranitar|Rock Slide|p2b: Tauros\n|-activate|p2b: Tauros|move: Protect\n|\n|-weather|Sandstorm|[upkeep]\n|-damage|p2b: Tauros|34/100|[from] Sandstorm\n|-heal|p2b: Tauros|40/100|[from] item: Leftovers\n|-damage|p1b: Excadrill|2/100 brn|[from] brn\n|upkeep\n|turn|8\n|\n|t:|1776255400\n|move|p1b: Excadrill|Iron Head|p2b: Tauros\n|-resisted|p2b: Tauros|1\n|-damage|p2b: Tauros|33/100\n|move|p2b: Tauros|Close Combat|p1a: Tyranitar\n|-supereffective|p1a: Tyranitar|2\n|-damage|p1a: Tyranitar|0 fnt\n|-unboost|p2b: Tauros|def|1\n|-unboost|p2b: Tauros|spd|1\n|faint|p1a: Tyranitar\n|\n|-weather|Sandstorm|[upkeep]\n|-damage|p2b: Tauros|27/100|[from] Sandstorm\n|-heal|p2b: Tauros|33/100|[from] item: Leftovers\n|-damage|p1b: Excadrill|0 fnt|[from] brn\n|faint|p1b: Excadrill\n|\n|win|High Hills Bard\n|raw|q77182's rating: 1136 &rarr; <strong>1115</strong><br />(-21 for losing)\n|raw|High Hills Bard's rating: 1186 &rarr; <strong>1207</strong><br />(+21 for winning)\n|l|\u2606q77182\n|player|p1|\n",
  "uploadtime": 1776255595,
  "views": 31,
  "formatid": "gen9championsvgc2026regma",
  "rating": 1115,
  "private": 0,
  "password": null
}