{
  "id": "gen9championsvgc2026regma-2585139027",
  "format": "[Gen 9 Champions] VGC 2026 Reg M-A",
  "players": [
    "Noobilio",
    "alone0007"
  ],
  "log": "|j|\u2606Noobilio\n|j|\u2606alone0007\n|t:|1776316481\n|gametype|doubles\n|player|p1|Noobilio|nurse|1224\n|player|p2|alone0007|ghetsis|1158\n|gen|9\n|tier|[Gen 9 Champions] VGC 2026 Reg M-A\n|rated|\n|rule|Species Clause: Limit one of each Pok\u00e9mon\n|rule|Item Clause: Limit 1 of each item\n|clearpoke\n|poke|p1|Hawlucha, L50, F|\n|poke|p1|Floette-Eternal, L50, F|\n|poke|p1|Incineroar, L50, F|\n|poke|p1|Sinistcha, L50|\n|poke|p1|Snorlax, L50, F|\n|poke|p1|Rotom-Wash, L50|\n|poke|p2|Floette-Eternal, L50, F|\n|poke|p2|Garchomp, L50, F|\n|poke|p2|Ninetales-Alola, L50, F|\n|poke|p2|Sinistcha, L50|\n|poke|p2|Aerodactyl, L50, F|\n|poke|p2|Froslass, L50, F|\n|teampreview|4\n|inactive|Battle timer is ON: inactive players will automatically lose when time's up. (requested by alone0007)\n|inactive|alone0007 has 60 seconds left.\n|\n|t:|1776316522\n|teamsize|p1|4\n|teamsize|p2|4\n|start\n|switch|p1a: Incineroar|Incineroar, L50, F|100/100\n|switch|p1b: Floette|Floette-Eternal, L50, F, shiny|100/100\n|switch|p2a: Froslass|Froslass, L50, F|100/100\n|switch|p2b: Ninetales|Ninetales-Alola, L50, F|100/100\n|-weather|Snowscape|[from] ability: Snow Warning|[of] p2b: Ninetales\n|-ability|p1a: Incineroar|Intimidate|boost\n|-unboost|p2a: Froslass|atk|1\n|-unboost|p2b: Ninetales|atk|1\n|turn|1\n|\n|t:|1776316538\n|detailschange|p1b: Floette|Floette-Mega, L50, F, shiny\n|-mega|p1b: Floette|Floette|Floettite\n|-ability|p1b: Floette|Fairy Aura\n|move|p2a: Froslass|Aurora Veil|p2a: Froslass\n|-sidestart|p2: alone0007|move: Aurora Veil\n|move|p2b: Ninetales|Icy Wind|p1b: Floette|[spread] p1b\n|-miss|p2b: Ninetales|p1a: Incineroar\n|-crit|p1b: Floette\n|-damage|p1b: Floette|88/100\n|-unboost|p1b: Floette|spe|1\n|move|p1b: Floette|Calm Mind|p1b: Floette\n|-boost|p1b: Floette|spa|1\n|-boost|p1b: Floette|spd|1\n|move|p1a: Incineroar|Darkest Lariat|p2a: Froslass\n|-supereffective|p2a: Froslass|1\n|-damage|p2a: Froslass|51/100\n|\n|-weather|Snowscape|[upkeep]\n|upkeep\n|turn|2\n|\n|t:|1776316563\n|move|p2a: Froslass|Shadow Ball|p1b: Floette\n|-damage|p1b: Floette|73/100\n|move|p2b: Ninetales|Blizzard|p1a: Incineroar|[spread] p1a,p1b\n|-resisted|p1a: Incineroar|1\n|-damage|p1a: Incineroar|91/100\n|-damage|p1b: Floette|61/100\n|move|p1a: Incineroar|Flare Blitz|p2a: Froslass\n|-supereffective|p2a: Froslass|1\n|-damage|p2a: Froslass|0 fnt\n|faint|p2a: Froslass\n|-damage|p1a: Incineroar|79/100|[from] Recoil\n|move|p1b: Floette|Calm Mind|p1b: Floette\n|-boost|p1b: Floette|spa|1\n|-boost|p1b: Floette|spd|1\n|\n|-weather|Snowscape|[upkeep]\n|upkeep\n|\n|t:|1776316578\n|switch|p2a: Floette|Floette-Eternal, L50, F|100/100\n|turn|3\n|inactive|alone0007 has 30 seconds left.\n|inactive|alone0007 has 20 seconds left.\n|inactive|alone0007 has 15 seconds left.\n|inactive|alone0007 has 10 seconds left.\n|\n|t:|1776316626\n|detailschange|p2a: Floette|Floette-Mega, L50, F\n|-mega|p2a: Floette|Floette|Floettite\n|-ability|p2a: Floette|Fairy Aura\n|move|p2b: Ninetales|Blizzard|p1b: Floette|[spread] p1a,p1b\n|-resisted|p1a: Incineroar|1\n|-damage|p1a: Incineroar|70/100\n|-damage|p1b: Floette|52/100\n|move|p2a: Floette|Light of Ruin|p1a: Incineroar\n|-damage|p1a: Incineroar|0 fnt\n|faint|p1a: Incineroar\n|-damage|p2a: Floette|54/100|[from] Recoil\n|move|p1b: Floette|Dazzling Gleam|p2b: Ninetales|[spread] p2a,p2b\n|-damage|p2a: Floette|0 fnt\n|-damage|p2b: Ninetales|34/100\n|faint|p2a: Floette\n|\n|-weather|Snowscape|[upkeep]\n|upkeep\n|\n|t:|1776316641\n|switch|p2a: Garchomp|Garchomp, L50, F|100/100\n|switch|p1a: Sinistcha|Sinistcha, L50|100/100\n|-heal|p1b: Floette|77/100|[from] ability: Hospitality|[of] p1a: Sinistcha\n|turn|4\n|\n|t:|1776316650\n|move|p1b: Floette|Protect|p1b: Floette\n|-singleturn|p1b: Floette|Protect\n|move|p2b: Ninetales|Blizzard|p1b: Floette|[spread] p1a\n|-activate|p1b: Floette|move: Protect\n|-supereffective|p1a: Sinistcha|1\n|-damage|p1a: Sinistcha|59/100\n|move|p2a: Garchomp|Earthquake|p1a: Sinistcha|[spread] p2b,p1a\n|-activate|p1b: Floette|move: Protect\n|-resisted|p1a: Sinistcha|1\n|-damage|p2b: Ninetales|8/100\n|-damage|p1a: Sinistcha|39/100\n|-enditem|p1a: Sinistcha|Sitrus Berry|[eat]\n|-heal|p1a: Sinistcha|63/100|[from] item: Sitrus Berry\n|move|p1a: Sinistcha|Trick Room|p1a: Sinistcha\n|-fieldstart|move: Trick Room|[of] p1a: Sinistcha\n|\n|-weather|Snowscape|[upkeep]\n|upkeep\n|turn|5\n|\n|t:|1776316672\n|move|p1b: Floette|Moonblast|p2a: Garchomp\n|-supereffective|p2a: Garchomp|1\n|-damage|p2a: Garchomp|0 fnt\n|faint|p2a: Garchomp\n|move|p1a: Sinistcha|Shadow Ball|p2b: Ninetales\n|-damage|p2b: Ninetales|0 fnt\n|faint|p2b: Ninetales\n|\n|win|Noobilio\n|raw|Noobilio's rating: 1224 &rarr; <strong>1244</strong><br />(+20 for winning)\n|raw|alone0007's rating: 1158 &rarr; <strong>1138</strong><br />(-20 for losing)\n",
  "uploadtime": 1776316678,
  "views": 30,
  "formatid": "gen9championsvgc2026regma",
  "rating": 1138,
  "private": 0,
  "password": null
}