{
  "id": "gen9championsvgc2026regma-2585977532",
  "format": "[Gen 9 Champions] VGC 2026 Reg M-A",
  "players": [
    "woobiusart",
    "1%ofGamblers"
  ],
  "log": "|j|\u2606woobiusart\n|j|\u26061%ofGamblers\n|t:|1776386896\n|gametype|doubles\n|player|p1|woobiusart|roxie|\n|player|p2|1%ofGamblers|169|\n|gen|9\n|tier|[Gen 9 Champions] VGC 2026 Reg M-A\n|rule|Species Clause: Limit one of each Pok\u00e9mon\n|rule|Item Clause: Limit 1 of each item\n|clearpoke\n|poke|p1|Glimmora, L50, F|\n|poke|p1|Dragonite, L50, M|\n|poke|p1|Clefable, L50, F|\n|poke|p1|Gengar, L50, F|\n|poke|p1|Kingambit, L50, M|\n|poke|p1|Basculegion, L50, M|\n|poke|p2|Gengar, L50, M|\n|poke|p2|Incineroar, L50, F|\n|poke|p2|Politoed, L50, F|\n|poke|p2|Whimsicott, L50, M|\n|poke|p2|Kangaskhan, L50, F|\n|poke|p2|Farigiraf, L50, M|\n|teampreview|4\n|\n|t:|1776386913\n|teamsize|p1|4\n|teamsize|p2|4\n|start\n|switch|p1a: palm|Glimmora, L50, F, shiny|100/100\n|switch|p1b: Pollux|Gengar, L50, F, shiny|100/100\n|switch|p2a: Kangaskhan|Kangaskhan, L50, F|100/100\n|switch|p2b: Incineroar|Incineroar, L50, F|100/100\n|-ability|p2b: Incineroar|Intimidate|boost\n|-unboost|p1a: palm|atk|1\n|-unboost|p1b: Pollux|atk|1\n|turn|1\n|c|\u2606woobiusart|oops\n|c|\u26061%ofGamblers|Guh\n|\n|t:|1776386951\n|detailschange|p1b: Pollux|Gengar-Mega, L50, F, shiny\n|-mega|p1b: Pollux|Gengar|Gengarite\n|move|p2a: Kangaskhan|Fake Out|p1b: Pollux\n|-damage|p1b: Pollux|69/100\n|move|p2b: Incineroar|Fake Out|p1a: palm\n|-resisted|p1a: palm|1\n|-damage|p1a: palm|92/100\n|-activate|p1a: palm|ability: Toxic Debris\n|-sidestart|p2: 1%ofGamblers|move: Toxic Spikes\n|cant|p1b: Pollux|flinch\n|cant|p1a: palm|flinch\n|\n|upkeep\n|turn|2\n|\n|t:|1776386979\n|detailschange|p2a: Kangaskhan|Kangaskhan-Mega, L50, F\n|-mega|p2a: Kangaskhan|Kangaskhan|Kangaskhanite\n|move|p2a: Kangaskhan|Sucker Punch|p1b: Pollux\n|-supereffective|p1b: Pollux|1\n|-damage|p1b: Pollux|0 fnt\n|faint|p1b: Pollux\n|-hitcount|p1: Pollux|1\n|move|p1a: palm|Earth Power|p2b: Incineroar\n|-supereffective|p2b: Incineroar|1\n|-damage|p2b: Incineroar|47/100\n|-unboost|p2b: Incineroar|spd|1\n|-enditem|p2b: Incineroar|Sitrus Berry|[eat]\n|-heal|p2b: Incineroar|72/100|[from] item: Sitrus Berry\n|move|p2b: Incineroar|Parting Shot|p1a: palm\n|-unboost|p1a: palm|atk|1\n|-unboost|p1a: palm|spa|1\n|\n|t:|1776386994\n|switch|p2b: Politoed|Politoed, L50, F|100/100|[from] Parting Shot\n|-status|p2b: Politoed|psn\n|-weather|RainDance|[from] ability: Drizzle|[of] p2b: Politoed\n|\n|-weather|RainDance|[upkeep]\n|-damage|p2b: Politoed|88/100 psn|[from] psn\n|upkeep\n|c|\u2606woobiusart|oh im def dead\n|\n|t:|1776387003\n|switch|p1b: Dragonite|Dragonite, L50, M|100/100\n|turn|3\n|\n|t:|1776387020\n|switch|p2a: Incineroar|Incineroar, L50, F|72/100\n|-status|p2a: Incineroar|psn\n|-ability|p2a: Incineroar|Intimidate|boost\n|-unboost|p1a: palm|atk|1\n|-unboost|p1b: Dragonite|atk|1\n|move|p1a: palm|Sludge Bomb|p2a: Incineroar\n|-damage|p2a: Incineroar|46/100 psn\n|move|p1b: Dragonite|Outrage|p2b: Politoed\n|-damage|p2b: Politoed|51/100 psn\n|move|p2b: Politoed|Weather Ball|p1a: palm\n|-supereffective|p1a: palm|1\n|-damage|p1a: palm|0 fnt\n|faint|p1a: palm\n|\n|-weather|RainDance|[upkeep]\n|-heal|p2b: Politoed|57/100 psn|[from] item: Leftovers\n|-damage|p2b: Politoed|45/100 psn|[from] psn\n|-damage|p2a: Incineroar|34/100 psn|[from] psn\n|upkeep\n|\n|t:|1776387037\n|switch|p1a: Basculegion|Basculegion, L50, M|100/100\n|turn|4\n|\n|t:|1776387048\n|switch|p2a: Farigiraf|Farigiraf, L50, M|100/100\n|-status|p2a: Farigiraf|psn\n|move|p1b: Dragonite|Outrage|p2b: Politoed|[from] lockedmove\n|-damage|p2b: Politoed|4/100 psn\n|move|p1a: Basculegion|Substitute|p1a: Basculegion\n|-start|p1a: Basculegion|Substitute\n|-damage|p1a: Basculegion|76/100\n|move|p2b: Politoed|Perish Song|p2b: Politoed\n|-start|p1a: Basculegion|perish3|[silent]\n|-start|p1b: Dragonite|perish3|[silent]\n|-start|p2a: Farigiraf|perish3|[silent]\n|-start|p2b: Politoed|perish3|[silent]\n|-fieldactivate|move: Perish Song\n|\n|-weather|RainDance|[upkeep]\n|-heal|p1a: Basculegion|82/100|[from] item: Leftovers\n|-heal|p2b: Politoed|10/100 psn|[from] item: Leftovers\n|-damage|p2b: Politoed|0 fnt|[from] psn\n|faint|p2b: Politoed\n|-damage|p2a: Farigiraf|88/100 psn|[from] psn\n|-start|p1b: Dragonite|perish3\n|-start|p1a: Basculegion|perish3\n|-start|p2a: Farigiraf|perish3\n|upkeep\n|\n|t:|1776387072\n|switch|p2b: Incineroar|Incineroar, L50, F|34/100 psn\n|-ability|p2b: Incineroar|Intimidate|boost\n|-immune|p1a: Basculegion\n|-unboost|p1b: Dragonite|atk|1\n|turn|5\n|\n|t:|1776387086\n|move|p2b: Incineroar|Protect|p2b: Incineroar\n|-singleturn|p2b: Incineroar|Protect\n|move|p2a: Farigiraf|Ally Switch|p2a: Farigiraf\n|swap|p2a: Farigiraf|1|[from] move: Ally Switch\n|move|p1a: Basculegion|Aqua Jet||[still]\n|cant|p2b: Farigiraf|ability: Armor Tail|Aqua Jet|[of] p1a: Basculegion\n|move|p1b: Dragonite|Outrage|p2b: Farigiraf|[from] lockedmove\n|-damage|p2b: Farigiraf|59/100 psn\n|-start|p1b: Dragonite|confusion|[fatigue]\n|\n|-weather|RainDance|[upkeep]\n|-heal|p1a: Basculegion|88/100|[from] item: Leftovers\n|-damage|p2b: Farigiraf|46/100 psn|[from] psn\n|-damage|p2a: Incineroar|22/100 psn|[from] psn\n|-start|p1b: Dragonite|perish2\n|-start|p1a: Basculegion|perish2\n|-start|p2b: Farigiraf|perish2\n|upkeep\n|turn|6\n|c|\u2606woobiusart|wait\n|c|\u26061%ofGamblers|Huh\n|c|\u2606woobiusart|what haopened to my aqua jet\n|c|\u26061%ofGamblers|Armor tail (farigirafs ability) blocks it\n|c|\u26061%ofGamblers|No priority\n|c|\u2606woobiusart|i even predicted the switch\n|\n|t:|1776387153\n|move|p2b: Farigiraf|Protect|p2b: Farigiraf\n|-singleturn|p2b: Farigiraf|Protect\n|-activate|p1b: Dragonite|confusion\n|-damage|p1b: Dragonite|92/100|[from] confusion\n|move|p1a: Basculegion|Last Respects|p2a: Incineroar\n|-resisted|p2a: Incineroar|1\n|-damage|p2a: Incineroar|0 fnt\n|faint|p2a: Incineroar\n|\n|-weather|none\n|-heal|p1a: Basculegion|94/100|[from] item: Leftovers\n|-damage|p2b: Farigiraf|34/100 psn|[from] psn\n|-start|p1b: Dragonite|perish1\n|-start|p1a: Basculegion|perish1\n|-start|p2b: Farigiraf|perish1\n|upkeep\n|c|\u26061%ofGamblers|Aqua jet is a priority move so nothing happened\n|\n|t:|1776387170\n|switch|p2a: Kangaskhan|Kangaskhan-Mega, L50, F|100/100\n|-status|p2a: Kangaskhan|psn\n|turn|7\n|c|\u2606woobiusart|mannnn\n|\n|t:|1776387198\n|move|p2a: Kangaskhan|Fake Out|p1b: Dragonite\n|-damage|p1b: Dragonite|65/100\n|-damage|p1b: Dragonite|58/100\n|-hitcount|p1b: Dragonite|2\n|cant|p1b: Dragonite|flinch\n|move|p2b: Farigiraf|Ally Switch|p2b: Farigiraf\n|swap|p2b: Farigiraf|0|[from] move: Ally Switch\n|move|p1a: Basculegion|Psychic Fangs|p2a: Farigiraf\n|-resisted|p2a: Farigiraf|1\n|-damage|p2a: Farigiraf|19/100 psn\n|\n|-heal|p1a: Basculegion|100/100|[from] item: Leftovers\n|-damage|p2b: Kangaskhan|88/100 psn|[from] psn\n|-damage|p2a: Farigiraf|7/100 psn|[from] psn\n|-start|p1b: Dragonite|perish0\n|-start|p1a: Basculegion|perish0\n|-start|p2a: Farigiraf|perish0\n|faint|p1b: Dragonite\n|faint|p1a: Basculegion\n|faint|p2a: Farigiraf\n|\n|win|1%ofGamblers\n|c|\u26061%ofGamblers|Ggs\n|c|\u2606woobiusart|ggs\n|c|\u26061%ofGamblers|Ok i gotta charge my phone big winninum tho\n",
  "uploadtime": 1776387245,
  "views": 26,
  "formatid": "gen9championsvgc2026regma",
  "rating": null,
  "private": 0,
  "password": null
}