{
  "id": "gen9championsvgc2026regma-2587029988",
  "format": "[Gen 9 Champions] VGC 2026 Reg M-A",
  "players": [
    "DrakyPana",
    "VELA47"
  ],
  "log": "|j|\u2606DrakyPana\n|j|\u203dVELA47\n|t:|1776483020\n|gametype|doubles\n|player|p1|DrakyPana|n|1049\n|player|p2|VELA47|lucas|1005\n|gen|9\n|tier|[Gen 9 Champions] VGC 2026 Reg M-A\n|rated|\n|rule|Species Clause: Limit one of each Pok\u00e9mon\n|rule|Item Clause: Limit 1 of each item\n|clearpoke\n|poke|p1|Tyranitar, L50, M|\n|poke|p1|Garchomp, L50, M|\n|poke|p1|Corviknight, L50, F|\n|poke|p1|Sneasler, L50, F|\n|poke|p1|Rotom-Wash, L50|\n|poke|p1|Sinistcha, L50|\n|poke|p2|Empoleon, L50, F|\n|poke|p2|Trevenant, L50, M|\n|poke|p2|Toxicroak, L50, F|\n|poke|p2|Politoed, L50, M|\n|poke|p2|Aerodactyl, L50, F|\n|poke|p2|Whimsicott, L50, F|\n|teampreview|4\n|\n|t:|1776483073\n|teamsize|p1|4\n|teamsize|p2|4\n|start\n|switch|p1a: Rotom|Rotom-Wash, L50|100/100\n|switch|p1b: Corviknight|Corviknight, L50, F|100/100\n|switch|p2a: Politoed|Politoed, L50, M|100/100\n|switch|p2b: Toxicroak|Toxicroak, L50, F|100/100\n|-weather|RainDance|[from] ability: Drizzle|[of] p2a: Politoed\n|turn|1\n|\n|t:|1776483100\n|move|p2b: Toxicroak|Fake Out|p1a: Rotom\n|-damage|p1a: Rotom|88/100\n|cant|p1a: Rotom|flinch\n|move|p1b: Corviknight|Brave Bird|p2b: Toxicroak\n|-supereffective|p2b: Toxicroak|1\n|-crit|p2b: Toxicroak\n|-enditem|p2b: Toxicroak|Coba Berry|[eat]\n|-enditem|p2b: Toxicroak|Coba Berry|[weaken]\n|-damage|p2b: Toxicroak|0 fnt\n|faint|p2b: Toxicroak\n|-damage|p1b: Corviknight|74/100|[from] Recoil\n|move|p2a: Politoed|Icy Wind|p1b: Corviknight|[spread] p1a,p1b\n|-resisted|p1a: Rotom|1\n|-damage|p1a: Rotom|84/100\n|-damage|p1b: Corviknight|64/100\n|-unboost|p1a: Rotom|spe|1\n|-ability|p1b: Corviknight|Mirror Armor\n|-unboost|p2a: Politoed|spe|1\n|\n|-weather|RainDance|[upkeep]\n|-heal|p1a: Rotom|90/100|[from] item: Leftovers\n|upkeep\n|\n|t:|1776483122\n|switch|p2b: Trevenant|Trevenant, L50, M|100/100\n|turn|2\n|\n|t:|1776483139\n|move|p1b: Corviknight|Roost|p1b: Corviknight\n|-heal|p1b: Corviknight|100/100\n|-singleturn|p1b: Corviknight|move: Roost\n|move|p2b: Trevenant|Wood Hammer|p1a: Rotom\n|-supereffective|p1a: Rotom|1\n|-damage|p1a: Rotom|0 fnt\n|faint|p1a: Rotom\n|-damage|p2b: Trevenant|72/100|[from] Recoil\n|move|p2a: Politoed|Icy Wind|p1b: Corviknight\n|-resisted|p1b: Corviknight|1\n|-damage|p1b: Corviknight|94/100\n|-ability|p1b: Corviknight|Mirror Armor\n|-unboost|p2a: Politoed|spe|1\n|\n|-weather|RainDance|[upkeep]\n|upkeep\n|\n|t:|1776483157\n|switch|p1a: Tyranitar|Tyranitar, L50, M|100/100\n|-weather|Sandstorm|[from] ability: Sand Stream|[of] p1a: Tyranitar\n|turn|3\n|\n|t:|1776483186\n|detailschange|p1a: Tyranitar|Tyranitar-Mega, L50, M\n|-mega|p1a: Tyranitar|Tyranitar|Tyranitarite\n|move|p2a: Politoed|Helping Hand|p2b: Trevenant\n|-singleturn|p2b: Trevenant|Helping Hand|[of] p2a: Politoed\n|move|p1a: Tyranitar|Knock Off|p2b: Trevenant\n|-supereffective|p2b: Trevenant|1\n|-damage|p2b: Trevenant|0 fnt\n|-enditem|p2b: Trevenant|Sitrus Berry|[from] move: Knock Off|[of] p1a: Tyranitar\n|faint|p2b: Trevenant\n|move|p1b: Corviknight|Tailwind|p1b: Corviknight\n|-sidestart|p1: DrakyPana|move: Tailwind\n|\n|-weather|Sandstorm|[upkeep]\n|-damage|p2a: Politoed|94/100|[from] Sandstorm\n|-heal|p2a: Politoed|100/100|[from] item: Leftovers\n|upkeep\n|\n|t:|1776483198\n|switch|p2b: Empoleon|Empoleon, L50, F|100/100\n|turn|4\n|\n|t:|1776483233\n|move|p2a: Politoed|Helping Hand|p2b: Empoleon\n|-singleturn|p2b: Empoleon|Helping Hand|[of] p2a: Politoed\n|move|p1a: Tyranitar|Knock Off|p2b: Empoleon\n|-damage|p2b: Empoleon|24/100\n|-enditem|p2b: Empoleon|Shuca Berry|[from] move: Knock Off|[of] p1a: Tyranitar\n|move|p1b: Corviknight|Brave Bird|p2a: Politoed\n|-damage|p2a: Politoed|35/100\n|-damage|p1b: Corviknight|76/100|[from] Recoil\n|move|p2b: Empoleon|Flash Cannon|p1a: Tyranitar\n|-supereffective|p1a: Tyranitar|1\n|-damage|p1a: Tyranitar|42/100\n|\n|-weather|Sandstorm|[upkeep]\n|-damage|p2a: Politoed|29/100|[from] Sandstorm\n|-heal|p2a: Politoed|35/100|[from] item: Leftovers\n|upkeep\n|turn|5\n|\n|t:|1776483256\n|move|p2b: Empoleon|Protect|p2b: Empoleon\n|-singleturn|p2b: Empoleon|Protect\n|move|p1a: Tyranitar|Knock Off|p2b: Empoleon\n|-activate|p2b: Empoleon|move: Protect\n|move|p1b: Corviknight|Brave Bird|p2a: Politoed\n|-damage|p2a: Politoed|0 fnt\n|faint|p2a: Politoed\n|-damage|p1b: Corviknight|66/100|[from] Recoil\n|\n|-weather|Sandstorm|[upkeep]\n|upkeep\n|turn|6\n|\n|t:|1776483269\n|move|p1a: Tyranitar|Knock Off|p2b: Empoleon\n|-damage|p2b: Empoleon|0 fnt\n|faint|p2b: Empoleon\n|\n|win|DrakyPana\n|raw|DrakyPana's rating: 1049 &rarr; <strong>1078</strong><br />(+29 for winning)\n|raw|VELA47's rating: 1005 &rarr; <strong>1000</strong><br />(-5 for losing)\n",
  "uploadtime": 1776483269,
  "views": 14,
  "formatid": "gen9championsvgc2026regma",
  "rating": 1000,
  "private": 0,
  "password": null
}