{
  "id": "gen9championsvgc2026regma-2583324636",
  "format": "[Gen 9 Champions] VGC 2026 Reg M-A",
  "players": [
    "FabricioPlayApk",
    "Chaoschips"
  ],
  "log": "|j|\u2606FabricioPlayApk\n|j|\u2606Chaoschips\n|t:|1776166997\n|gametype|doubles\n|player|p1|FabricioPlayApk|youngcouple-gen4dp|1068\n|player|p2|Chaoschips|crasherwake|1089\n|gen|9\n|tier|[Gen 9 Champions] VGC 2026 Reg M-A\n|rated|\n|rule|Species Clause: Limit one of each Pok\u00e9mon\n|rule|Item Clause: Limit 1 of each item\n|clearpoke\n|poke|p1|Milotic, L50, F|\n|poke|p1|Farigiraf, L50, M|\n|poke|p1|Crabominable, L50, F|\n|poke|p1|Sinistcha, L50|\n|poke|p1|Torkoal, L50, M|\n|poke|p1|Basculegion, L50, M|\n|poke|p2|Hawlucha, L50, M|\n|poke|p2|Kingambit, L50, F|\n|poke|p2|Floette-Eternal, L50, F|\n|poke|p2|Kommo-o, L50, M|\n|poke|p2|Aerodactyl, L50, F|\n|poke|p2|Incineroar, L50, F|\n|teampreview|4\n|inactive|Battle timer is ON: inactive players will automatically lose when time's up. (requested by FabricioPlayApk)\n|inactive|Chaoschips also wants the timer to be on.\n|inactive|FabricioPlayApk has 60 seconds left.\n|inactive|FabricioPlayApk has 30 seconds left.\n|inactive|FabricioPlayApk has 20 seconds left.\n|inactive|FabricioPlayApk has 15 seconds left.\n|inactive|FabricioPlayApk has 10 seconds left.\n|inactive|FabricioPlayApk has 5 seconds left.\n|\n|t:|1776167086\n|teamsize|p1|4\n|teamsize|p2|4\n|start\n|switch|p1a: Milotic|Milotic, L50, F|100/100\n|switch|p1b: Sinistcha|Sinistcha, L50|100/100\n|switch|p2a: Hawlucha|Hawlucha, L50, M|100/100\n|switch|p2b: Kingambit|Kingambit, L50, F, shiny|100/100\n|-ability|p2a: Hawlucha|Mold Breaker\n|turn|1\n|inactive|FabricioPlayApk has 30 seconds left.\n|\n|t:|1776167112\n|detailschange|p2a: Hawlucha|Hawlucha-Mega, L50, M\n|-mega|p2a: Hawlucha|Hawlucha|Hawluchanite\n|move|p2a: Hawlucha|Detect|p2a: Hawlucha\n|-singleturn|p2a: Hawlucha|Protect\n|move|p1a: Milotic|Flip Turn|p2b: Kingambit\n|-damage|p2b: Kingambit|89/100\n|\n|t:|1776167124\n|switch|p1a: Crabominable|Crabominable, L50, F|100/100|[from] Flip Turn\n|move|p2b: Kingambit|Kowtow Cleave|p1a: Crabominable\n|-resisted|p1a: Crabominable|1\n|-damage|p1a: Crabominable|66/100\n|move|p1b: Sinistcha|Trick Room|p1b: Sinistcha\n|-fieldstart|move: Trick Room|[of] p1b: Sinistcha\n|\n|upkeep\n|turn|2\n|inactive|FabricioPlayApk has 30 seconds left.\n|inactive|Chaoschips has 30 seconds left.\n|inactive|Chaoschips has 20 seconds left.\n|\n|t:|1776167168\n|detailschange|p1a: Crabominable|Crabominable-Mega, L50, F\n|-mega|p1a: Crabominable|Crabominable|Crabominite\n|move|p1b: Sinistcha|Rage Powder|p1b: Sinistcha\n|-singleturn|p1b: Sinistcha|move: Rage Powder\n|move|p1a: Crabominable|Ice Hammer|p2a: Hawlucha\n|-supereffective|p2a: Hawlucha|1\n|-damage|p2a: Hawlucha|0 fnt\n|-unboost|p1a: Crabominable|spe|1\n|faint|p2a: Hawlucha\n|move|p2b: Kingambit|Kowtow Cleave|p1b: Sinistcha\n|-supereffective|p1b: Sinistcha|1\n|-damage|p1b: Sinistcha|20/100\n|-enditem|p1b: Sinistcha|Sitrus Berry|[eat]\n|-heal|p1b: Sinistcha|44/100|[from] item: Sitrus Berry\n|\n|upkeep\n|\n|t:|1776167181\n|switch|p2a: Incineroar|Incineroar, L50, F|100/100\n|-ability|p2a: Incineroar|Intimidate|boost\n|-unboost|p1a: Crabominable|atk|1\n|-unboost|p1b: Sinistcha|atk|1\n|turn|3\n|inactive|FabricioPlayApk has 30 seconds left.\n|\n|t:|1776167214\n|move|p1b: Sinistcha|Rage Powder|p1b: Sinistcha\n|-singleturn|p1b: Sinistcha|move: Rage Powder\n|move|p1a: Crabominable|Close Combat|p2a: Incineroar\n|-supereffective|p2a: Incineroar|1\n|-damage|p2a: Incineroar|0 fnt\n|-unboost|p1a: Crabominable|def|1\n|-unboost|p1a: Crabominable|spd|1\n|faint|p2a: Incineroar\n|move|p2b: Kingambit|Kowtow Cleave|p1b: Sinistcha\n|-supereffective|p1b: Sinistcha|1\n|-damage|p1b: Sinistcha|0 fnt\n|faint|p1b: Sinistcha\n|\n|upkeep\n|\n|t:|1776167230\n|switch|p2a: Kommo-o|Kommo-o, L50, M|100/100\n|switch|p1b: Milotic|Milotic, L50, F|100/100\n|turn|4\n|\n|t:|1776167243\n|move|p1b: Milotic|Helping Hand|p1a: Crabominable\n|-singleturn|p1a: Crabominable|Helping Hand|[of] p1b: Milotic\n|move|p2a: Kommo-o|Protect|p2a: Kommo-o\n|-singleturn|p2a: Kommo-o|Protect\n|move|p1a: Crabominable|Mach Punch|p2b: Kingambit\n|-supereffective|p2b: Kingambit|2\n|-damage|p2b: Kingambit|0 fnt\n|faint|p2b: Kingambit\n|\n|upkeep\n|turn|5\n|-message|Chaoschips forfeited.\n|\n|win|FabricioPlayApk\n|raw|FabricioPlayApk's rating: 1068 &rarr; <strong>1100</strong><br />(+32 for winning)\n|raw|Chaoschips's rating: 1089 &rarr; <strong>1064</strong><br />(-25 for losing)\n|l|\u2606Chaoschips\n|player|p2|\n",
  "uploadtime": 1776167259,
  "views": 17,
  "formatid": "gen9championsvgc2026regma",
  "rating": 1064,
  "private": 0,
  "password": null
}