{
  "id": "gen9championsvgc2026regma-2583628318",
  "format": "[Gen 9 Champions] VGC 2026 Reg M-A",
  "players": [
    "Energoblock4th",
    "Delphichomp"
  ],
  "log": "|j|\u2606Energoblock4th\n|j|\u2606Delphichomp\n|t:|1776187462\n|gametype|doubles\n|player|p1|Energoblock4th|flannery|1202\n|player|p2|Delphichomp|1|1309\n|gen|9\n|tier|[Gen 9 Champions] VGC 2026 Reg M-A\n|rated|\n|rule|Species Clause: Limit one of each Pok\u00e9mon\n|rule|Item Clause: Limit 1 of each item\n|clearpoke\n|poke|p1|Charizard, L50, M|\n|poke|p1|Venusaur, L50, M|\n|poke|p1|Garchomp, L50, F|\n|poke|p1|Sneasler, L50, M|\n|poke|p1|Rotom-Wash, L50|\n|poke|p1|Incineroar, L50, F|\n|poke|p2|Delphox, L50, M|\n|poke|p2|Sneasler, L50, M|\n|poke|p2|Garchomp, L50, F|\n|poke|p2|Kingambit, L50, F|\n|poke|p2|Gyarados, L50, F|\n|poke|p2|Tsareena, L50, F|\n|teampreview|4\n|\n|t:|1776187507\n|teamsize|p1|4\n|teamsize|p2|4\n|start\n|switch|p1a: Garchomp|Garchomp, L50, F|100/100\n|switch|p1b: Incineroar|Incineroar, L50, F|100/100\n|switch|p2a: Delphox|Delphox, L50, M|100/100\n|switch|p2b: Sneasler|Sneasler, L50, M|100/100\n|-ability|p1b: Incineroar|Intimidate|boost\n|-unboost|p2a: Delphox|atk|1\n|-unboost|p2b: Sneasler|atk|1\n|-enditem|p2b: Sneasler|White Herb\n|-clearnegativeboost|p2b: Sneasler|[silent]\n|turn|1\n|\n|t:|1776187548\n|detailschange|p2a: Delphox|Delphox-Mega, L50, M\n|-mega|p2a: Delphox|Delphox|Delphoxite\n|move|p2b: Sneasler|Fake Out|p1b: Incineroar\n|-damage|p1b: Incineroar|87/100\n|cant|p1b: Incineroar|flinch\n|move|p1a: Garchomp|Rock Slide|p2a: Delphox|[spread] p2a\n|-miss|p1a: Garchomp|p2b: Sneasler\n|-supereffective|p2a: Delphox|1\n|-damage|p2a: Delphox|35/100\n|move|p2a: Delphox|Psychic|p1a: Garchomp\n|-damage|p1a: Garchomp|42/100\n|\n|upkeep\n|turn|2\n|\n|t:|1776187569\n|switch|p2a: Garchomp|Garchomp, L50, F|100/100\n|move|p2b: Sneasler|Close Combat|p1b: Incineroar\n|-supereffective|p1b: Incineroar|1\n|-damage|p1b: Incineroar|0 fnt\n|-unboost|p2b: Sneasler|def|1\n|-unboost|p2b: Sneasler|spd|1\n|faint|p1b: Incineroar\n|move|p1a: Garchomp|Rock Slide|p2b: Sneasler|[spread] p2a\n|-miss|p1a: Garchomp|p2b: Sneasler\n|-resisted|p2a: Garchomp|1\n|-damage|p2a: Garchomp|91/100\n|\n|-heal|p2a: Garchomp|98/100|[from] item: Leftovers\n|upkeep\n|\n|t:|1776187582\n|switch|p1b: Venusaur|Venusaur, L50, M|100/100\n|turn|3\n|\n|t:|1776187605\n|move|p1b: Venusaur|Protect|p1b: Venusaur\n|-singleturn|p1b: Venusaur|Protect\n|move|p2b: Sneasler|Dire Claw|p1b: Venusaur\n|-activate|p1b: Venusaur|move: Protect\n|move|p1a: Garchomp|Rock Slide|p2b: Sneasler|[spread] p2a,p2b\n|-resisted|p2a: Garchomp|1\n|-resisted|p2b: Sneasler|1\n|-damage|p2a: Garchomp|88/100\n|-damage|p2b: Sneasler|74/100\n|move|p2a: Garchomp|Dragon Claw|p1a: Garchomp\n|-supereffective|p1a: Garchomp|1\n|-damage|p1a: Garchomp|0 fnt\n|-damage|p2a: Garchomp|76/100|[from] ability: Rough Skin|[of] p1a: Garchomp\n|faint|p1a: Garchomp\n|\n|-heal|p2a: Garchomp|82/100|[from] item: Leftovers\n|upkeep\n|\n|t:|1776187616\n|switch|p1a: Charizard|Charizard, L50, M|100/100\n|turn|4\n|\n|t:|1776187651\n|detailschange|p1a: Charizard|Charizard-Mega-Y, L50, M\n|-mega|p1a: Charizard|Charizard|Charizardite Y\n|-weather|SunnyDay|[from] ability: Drought|[of] p1a: Charizard\n|move|p2a: Garchomp|Protect|p2a: Garchomp\n|-singleturn|p2a: Garchomp|Protect\n|move|p2b: Sneasler|Dire Claw|p1a: Charizard\n|-damage|p1a: Charizard|43/100\n|-status|p1a: Charizard|par\n|move|p1b: Venusaur|Sleep Powder|p2a: Garchomp\n|-activate|p2a: Garchomp|move: Protect\n|move|p1a: Charizard|Heat Wave|p2a: Garchomp|[spread] p2b\n|-activate|p2a: Garchomp|move: Protect\n|-damage|p2b: Sneasler|0 fnt\n|faint|p2b: Sneasler\n|\n|-weather|SunnyDay|[upkeep]\n|-heal|p2a: Garchomp|88/100|[from] item: Leftovers\n|upkeep\n|\n|t:|1776187664\n|switch|p2b: Delphox|Delphox-Mega, L50, M|35/100\n|turn|5\n|\n|t:|1776187676\n|cant|p1a: Charizard|par\n|move|p1b: Venusaur|Sleep Powder|p2a: Garchomp\n|-status|p2a: Garchomp|slp|[from] move: Sleep Powder\n|move|p2b: Delphox|Psychic|p1a: Charizard\n|-damage|p1a: Charizard|0 fnt\n|faint|p1a: Charizard\n|cant|p2a: Garchomp|slp\n|\n|-weather|SunnyDay|[upkeep]\n|-heal|p2a: Garchomp|95/100 slp|[from] item: Leftovers\n|upkeep\n|turn|6\n|\n|t:|1776187683\n|move|p1b: Venusaur|Sleep Powder|p2b: Delphox\n|-status|p2b: Delphox|slp|[from] move: Sleep Powder\n|cant|p2b: Delphox|slp\n|-curestatus|p2a: Garchomp|slp|[msg]\n|move|p2a: Garchomp|Dragon Claw|p1b: Venusaur\n|-damage|p1b: Venusaur|44/100\n|\n|-weather|SunnyDay|[upkeep]\n|-heal|p2a: Garchomp|100/100|[from] item: Leftovers\n|upkeep\n|turn|7\n|\n|t:|1776187688\n|move|p1b: Venusaur|Sleep Powder|p2a: Garchomp\n|-status|p2a: Garchomp|slp|[from] move: Sleep Powder\n|cant|p2b: Delphox|slp\n|cant|p2a: Garchomp|slp\n|\n|-weather|SunnyDay|[upkeep]\n|upkeep\n|turn|8\n|\n|t:|1776187692\n|move|p1b: Venusaur|Sludge Bomb|p2b: Delphox\n|-damage|p2b: Delphox|0 fnt\n|faint|p2b: Delphox\n|cant|p2a: Garchomp|slp\n|\n|-weather|none\n|upkeep\n|\n|t:|1776187694\n|switch|p2b: Gyarados|Gyarados, L50, F|100/100\n|-ability|p2b: Gyarados|Intimidate|boost\n|-unboost|p1b: Venusaur|atk|1\n|turn|9\n|\n|t:|1776187698\n|move|p2b: Gyarados|Crunch|p1b: Venusaur\n|-damage|p1b: Venusaur|11/100\n|move|p1b: Venusaur|Leaf Storm|p2a: Garchomp|[miss]\n|-miss|p1b: Venusaur|p2a: Garchomp\n|-curestatus|p2a: Garchomp|slp|[msg]\n|move|p2a: Garchomp|Dragon Claw|p1b: Venusaur\n|-damage|p1b: Venusaur|0 fnt\n|faint|p1b: Venusaur\n|\n|win|Delphichomp\n|raw|Energoblock4th's rating: 1202 &rarr; <strong>1184</strong><br />(-18 for losing)\n|raw|Delphichomp's rating: 1309 &rarr; <strong>1323</strong><br />(+14 for winning)\n|l|\u2606Delphichomp\n|player|p2|\n",
  "uploadtime": 1776187707,
  "views": 18,
  "formatid": "gen9championsvgc2026regma",
  "rating": 1184,
  "private": 0,
  "password": null
}