{
  "id": "gen9championsvgc2026regma-2586408038",
  "format": "[Gen 9 Champions] VGC 2026 Reg M-A",
  "players": [
    "menst",
    "Ranmados"
  ],
  "log": "|j|\u2606menst\n|j|\u2606Ranmados\n|t:|1776432542\n|gametype|doubles\n|player|p1|menst|red|1118\n|player|p2|Ranmados|coin|1219\n|gen|9\n|tier|[Gen 9 Champions] VGC 2026 Reg M-A\n|rated|\n|rule|Species Clause: Limit one of each Pok\u00e9mon\n|rule|Item Clause: Limit 1 of each item\n|clearpoke\n|poke|p1|Gengar, L50, M|\n|poke|p1|Whimsicott, L50, M|\n|poke|p1|Charizard, L50, M|\n|poke|p1|Leafeon, L50, F|\n|poke|p1|Incineroar, L50, M|\n|poke|p1|Farigiraf, L50, F|\n|poke|p2|Hawlucha, L50, F|\n|poke|p2|Maushold-Four, L50|\n|poke|p2|Snorlax, L50, M|\n|poke|p2|Rotom-Wash, L50|\n|poke|p2|Delphox, L50, M|\n|poke|p2|Garchomp, L50, M|\n|teampreview|4\n|inactive|Battle timer is ON: inactive players will automatically lose when time's up. (requested by menst)\n|inactive|menst has 60 seconds left.\n|\n|t:|1776432583\n|teamsize|p1|4\n|teamsize|p2|4\n|start\n|switch|p1a: estrela|Incineroar, L50, M|100/100\n|switch|p1b: star|Charizard, L50, M|100/100\n|switch|p2a: Snorlax|Snorlax, L50, M|100/100\n|switch|p2b: Rotom|Rotom-Wash, L50|100/100\n|-ability|p1a: estrela|Intimidate|boost\n|-unboost|p2a: Snorlax|atk|1\n|-unboost|p2b: Rotom|atk|1\n|turn|1\n|\n|t:|1776432596\n|detailschange|p1b: star|Charizard-Mega-Y, L50, M\n|-mega|p1b: star|Charizard|Charizardite Y\n|-weather|SunnyDay|[from] ability: Drought|[of] p1b: star\n|move|p1a: estrela|Fake Out|p2b: Rotom\n|-damage|p2b: Rotom|88/100\n|cant|p2b: Rotom|flinch\n|move|p1b: star|Heat Wave|p2a: Snorlax|[spread] p2a,p2b\n|-resisted|p2b: Rotom|1\n|-damage|p2a: Snorlax|82/100\n|-damage|p2b: Rotom|53/100\n|move|p2a: Snorlax|Stockpile|p2a: Snorlax\n|-start|p2a: Snorlax|stockpile1\n|-boost|p2a: Snorlax|def|1\n|-boost|p2a: Snorlax|spd|1\n|\n|-weather|SunnyDay|[upkeep]\n|-heal|p2a: Snorlax|88/100|[from] item: Leftovers\n|upkeep\n|turn|2\n|inactive|Ranmados has 30 seconds left.\n|\n|t:|1776432627\n|switch|p1b: gatonha|Leafeon, L50, F|100/100\n|move|p2a: Snorlax|Protect|p2a: Snorlax\n|-singleturn|p2a: Snorlax|Protect\n|move|p2b: Rotom|Thunderbolt|p1b: gatonha\n|-resisted|p1b: gatonha|1\n|-damage|p1b: gatonha|69/100\n|move|p1a: estrela|Parting Shot|p2a: Snorlax\n|-activate|p2a: Snorlax|move: Protect\n|\n|-weather|SunnyDay|[upkeep]\n|-heal|p2a: Snorlax|94/100|[from] item: Leftovers\n|upkeep\n|turn|3\n|\n|t:|1776432641\n|switch|p2b: Hawlucha|Hawlucha, L50, F|100/100\n|move|p1b: gatonha|Leech Seed|p2a: Snorlax|[miss]\n|-miss|p1b: gatonha|p2a: Snorlax\n|move|p1a: estrela|Parting Shot|p2a: Snorlax\n|-unboost|p2a: Snorlax|atk|1\n|-unboost|p2a: Snorlax|spa|1\n|\n|t:|1776432647\n|switch|p1a: star|Charizard-Mega-Y, L50, M|100/100|[from] Parting Shot\n|move|p2a: Snorlax|Stockpile|p2a: Snorlax\n|-start|p2a: Snorlax|stockpile2\n|-boost|p2a: Snorlax|def|1\n|-boost|p2a: Snorlax|spd|1\n|\n|-weather|SunnyDay|[upkeep]\n|-heal|p2a: Snorlax|99/100|[from] item: Leftovers\n|upkeep\n|turn|4\n|inactive|Ranmados has 30 seconds left.\n|inactive|menst has 30 seconds left.\n|inactive|Ranmados has 20 seconds left.\n|\n|t:|1776432686\n|detailschange|p2b: Hawlucha|Hawlucha-Mega, L50, F\n|-mega|p2b: Hawlucha|Hawlucha|Hawluchanite\n|move|p1b: gatonha|Protect|p1b: gatonha\n|-singleturn|p1b: gatonha|Protect\n|move|p2b: Hawlucha|Detect|p2b: Hawlucha\n|-singleturn|p2b: Hawlucha|Protect\n|move|p1a: star|Heat Wave|p2a: Snorlax|[spread] p2a\n|-activate|p2b: Hawlucha|move: Protect\n|-damage|p2a: Snorlax|92/100\n|-status|p2a: Snorlax|brn\n|move|p2a: Snorlax|Body Press|p1a: star\n|-resisted|p1a: star|1\n|-damage|p1a: star|90/100\n|\n|-weather|SunnyDay|[upkeep]\n|-heal|p2a: Snorlax|98/100 brn|[from] item: Leftovers\n|-damage|p2a: Snorlax|92/100 brn|[from] brn\n|upkeep\n|turn|5\n|\n|t:|1776432708\n|move|p1b: gatonha|Leech Seed|p2a: Snorlax\n|-start|p2a: Snorlax|move: Leech Seed\n|move|p2b: Hawlucha|Entrainment|p2a: Snorlax\n|-ability|p2a: Snorlax|No Guard|Thick Fat|[from] move: Entrainment|[of] p2b: Hawlucha\n|move|p1a: star|Heat Wave|p2b: Hawlucha|[spread] p2a,p2b\n|-damage|p2a: Snorlax|76/100 brn\n|-damage|p2b: Hawlucha|34/100\n|move|p2a: Snorlax|Fissure|p1b: gatonha\n|-damage|p1b: gatonha|0 fnt\n|faint|p1b: gatonha\n|-ohko\n|\n|-weather|none\n|-heal|p2a: Snorlax|82/100 brn|[from] item: Leftovers\n|-damage|p2a: Snorlax|76/100 brn|[from] brn\n|upkeep\n|\n|t:|1776432731\n|switch|p1b: estrela|Incineroar, L50, M|100/100\n|-ability|p1b: estrela|Intimidate|boost\n|-unboost|p2a: Snorlax|atk|1\n|-unboost|p2b: Hawlucha|atk|1\n|turn|6\n|\n|t:|1776432738\n|switch|p2b: Rotom|Rotom-Wash, L50|53/100\n|move|p1b: estrela|Fake Out|p2a: Snorlax\n|-damage|p2a: Snorlax|71/100 brn\n|move|p1a: star|Heat Wave|p2a: Snorlax|[spread] p2a\n|-miss|p1a: star|p2b: Rotom\n|-damage|p2a: Snorlax|61/100 brn\n|cant|p2a: Snorlax|flinch\n|\n|-heal|p2a: Snorlax|67/100 brn|[from] item: Leftovers\n|-damage|p2a: Snorlax|55/100 brn|[from] Leech Seed|[of] p1b: estrela\n|-damage|p2a: Snorlax|49/100 brn|[from] brn\n|upkeep\n|turn|7\n|\n|t:|1776432754\n|switch|p1a: hbomb|Whimsicott, L50, M|100/100\n|move|p2b: Rotom|Thunderbolt|p1a: hbomb\n|-resisted|p1a: hbomb|1\n|-damage|p1a: hbomb|79/100\n|move|p1b: estrela|Flare Blitz|p2a: Snorlax\n|-damage|p2a: Snorlax|26/100 brn\n|-damage|p1b: estrela|90/100|[from] Recoil\n|move|p2a: Snorlax|Fissure|p1b: estrela\n|-damage|p1b: estrela|0 fnt\n|faint|p1b: estrela\n|-ohko\n|\n|-heal|p2a: Snorlax|32/100 brn|[from] item: Leftovers\n|-damage|p2a: Snorlax|26/100 brn|[from] brn\n|upkeep\n|\n|t:|1776432766\n|switch|p1b: star|Charizard-Mega-Y, L50, M|90/100\n|-weather|SunnyDay|[from] ability: Drought|[of] p1b: star\n|turn|8\n|\n|t:|1776432779\n|switch|p2b: Maushold|Maushold-Four, L50|100/100\n|move|p1b: star|Protect|p1b: star\n|-singleturn|p1b: star|Protect\n|move|p1a: hbomb|Tailwind|p1a: hbomb\n|-sidestart|p1: menst|move: Tailwind\n|move|p2a: Snorlax|Fissure|p1a: hbomb\n|-damage|p1a: hbomb|0 fnt\n|faint|p1a: hbomb\n|-ohko\n|\n|-weather|SunnyDay|[upkeep]\n|-heal|p2a: Snorlax|32/100 brn|[from] item: Leftovers\n|-damage|p2a: Snorlax|20/100 brn|[from] Leech Seed|[of] p1b: star\n|-heal|p1b: star|100/100|[silent]\n|-damage|p2a: Snorlax|14/100 brn|[from] brn\n|upkeep\n|turn|9\n|\n|t:|1776432796\n|move|p2b: Maushold|Protect|p2b: Maushold\n|-singleturn|p2b: Maushold|Protect\n|move|p2a: Snorlax|Protect|p2a: Snorlax\n|-singleturn|p2a: Snorlax|Protect\n|move|p1b: star|Heat Wave|p2b: Maushold|[spread] \n|-activate|p2a: Snorlax|move: Protect\n|-activate|p2b: Maushold|move: Protect\n|\n|-weather|SunnyDay|[upkeep]\n|-heal|p2a: Snorlax|20/100 brn|[from] item: Leftovers\n|-damage|p2a: Snorlax|8/100 brn|[from] Leech Seed|[of] p1b: star\n|-damage|p2a: Snorlax|2/100 brn|[from] brn\n|upkeep\n|turn|10\n|\n|t:|1776432803\n|move|p2b: Maushold|Protect|p2b: Maushold\n|-singleturn|p2b: Maushold|Protect\n|move|p1b: star|Heat Wave|p2b: Maushold|[spread] p2a\n|-activate|p2b: Maushold|move: Protect\n|-damage|p2a: Snorlax|0 fnt\n|faint|p2a: Snorlax\n|\n|-weather|SunnyDay|[upkeep]\n|upkeep\n|\n|t:|1776432806\n|switch|p2a: Hawlucha|Hawlucha-Mega, L50, F|34/100\n|turn|11\n|\n|t:|1776432812\n|move|p2a: Hawlucha|Detect|p2a: Hawlucha\n|-singleturn|p2a: Hawlucha|Protect\n|move|p1b: star|Heat Wave|p2a: Hawlucha|[spread] p2b\n|-activate|p2a: Hawlucha|move: Protect\n|-damage|p2b: Maushold|16/100\n|move|p2b: Maushold|Population Bomb|p1b: star|[miss]\n|-miss|p2b: Maushold|p1b: star\n|\n|-weather|SunnyDay|[upkeep]\n|-sideend|p1: menst|move: Tailwind\n|upkeep\n|turn|12\n|\n|t:|1776432824\n|move|p2a: Hawlucha|Dual Wingbeat|p1b: star\n|-damage|p1b: star|73/100\n|-damage|p1b: star|47/100\n|-hitcount|p1b: star|2\n|move|p2b: Maushold|Population Bomb|p1b: star\n|-damage|p1b: star|39/100\n|-damage|p1b: star|30/100\n|-hitcount|p1b: star|2\n|move|p1b: star|Heat Wave|p2b: Maushold|[spread] p2a,p2b\n|-damage|p2a: Hawlucha|0 fnt\n|-damage|p2b: Maushold|0 fnt\n|faint|p2a: Hawlucha\n|faint|p2b: Maushold\n|\n|-weather|none\n|upkeep\n|\n|t:|1776432830\n|switch|p2b: Rotom|Rotom-Wash, L50|53/100\n|turn|13\n|\n|t:|1776432833\n|move|p1b: star|Protect|p1b: star\n|-singleturn|p1b: star|Protect\n|move|p2b: Rotom|Thunderbolt|p1b: star\n|-activate|p1b: star|move: Protect\n|\n|upkeep\n|turn|14\n|\n|t:|1776432841\n|move|p2b: Rotom|Thunderbolt|p1b: star\n|-supereffective|p1b: star|1\n|-damage|p1b: star|0 fnt\n|faint|p1b: star\n|\n|win|Ranmados\n|raw|menst's rating: 1118 &rarr; <strong>1100</strong><br />(-18 for losing)\n|raw|Ranmados's rating: 1219 &rarr; <strong>1237</strong><br />(+18 for winning)\n|l|\u2606menst\n|player|p1|\n",
  "uploadtime": 1776432843,
  "views": 30,
  "formatid": "gen9championsvgc2026regma",
  "rating": 1100,
  "private": 0,
  "password": null
}