{
  "id": "gen9championsvgc2026regma-2584582079",
  "format": "[Gen 9 Champions] VGC 2026 Reg M-A",
  "players": [
    "GK SHOWDOWN",
    "patatataaaaa"
  ],
  "log": "|j|\u2606GK SHOWDOWN\n|j|\u2606patatataaaaa\n|t:|1776270181\n|gametype|doubles\n|player|p1|GK SHOWDOWN|n|1115\n|player|p2|patatataaaaa|unknown|1050\n|gen|9\n|tier|[Gen 9 Champions] VGC 2026 Reg M-A\n|rated|\n|rule|Species Clause: Limit one of each Pok\u00e9mon\n|rule|Item Clause: Limit 1 of each item\n|clearpoke\n|poke|p1|Crabominable, L50, M|\n|poke|p1|Slowking, L50, M|\n|poke|p1|Farigiraf, L50, F|\n|poke|p1|Golurk, L50|\n|poke|p1|Incineroar, L50, M|\n|poke|p1|Torkoal, L50, F|\n|poke|p2|Avalugg, L50, F|\n|poke|p2|Aggron, L50, F|\n|poke|p2|Mimikyu, L50, F|\n|poke|p2|Slowking, L50, M|\n|poke|p2|Torkoal, L50, F|\n|poke|p2|Venusaur, L50, F|\n|teampreview|4\n|\n|t:|1776270232\n|teamsize|p1|4\n|teamsize|p2|4\n|start\n|switch|p1a: Golurk|Golurk, L50, shiny|100/100\n|switch|p1b: Incineroar|Incineroar, L50, M|100/100\n|switch|p2a: Miguel|Mimikyu, L50, F|100/100\n|switch|p2b: WALLdo|Aggron, L50, F|100/100\n|-ability|p1b: Incineroar|Intimidate|boost\n|-unboost|p2a: Miguel|atk|1\n|-unboost|p2b: WALLdo|atk|1\n|turn|1\n|\n|t:|1776270249\n|detailschange|p1a: Golurk|Golurk-Mega, L50, shiny\n|-mega|p1a: Golurk|Golurk|Golurkite\n|detailschange|p2b: WALLdo|Aggron-Mega, L50, F\n|-mega|p2b: WALLdo|Aggron|Aggronite\n|move|p1b: Incineroar|Fake Out|p2b: WALLdo\n|-resisted|p2b: WALLdo|1\n|-damage|p2b: WALLdo|98/100\n|move|p2a: Miguel|Phantom Force||[still]\n|-prepare|p2a: Miguel|Phantom Force\n|move|p1a: Golurk|Poltergeist|p2a: Miguel|[miss]\n|-miss|p1a: Golurk|p2a: Miguel\n|cant|p2b: WALLdo|flinch\n|\n|upkeep\n|turn|2\n|\n|t:|1776270288\n|move|p2a: Miguel|Phantom Force|p1a: Golurk|[from] lockedmove\n|-supereffective|p1a: Golurk|1\n|-damage|p1a: Golurk|57/100\n|move|p1b: Incineroar|Flare Blitz|p2b: WALLdo\n|-supereffective|p2b: WALLdo|1\n|-damage|p2b: WALLdo|64/100\n|-damage|p1b: Incineroar|93/100|[from] Recoil\n|move|p1a: Golurk|Headlong Rush|p2b: WALLdo\n|-supereffective|p2b: WALLdo|1\n|-damage|p2b: WALLdo|9/100\n|-unboost|p1a: Golurk|def|1\n|-unboost|p1a: Golurk|spd|1\n|move|p2b: WALLdo|Iron Defense|p2b: WALLdo\n|-boost|p2b: WALLdo|def|2\n|\n|upkeep\n|turn|3\n|\n|t:|1776270314\n|move|p2a: Miguel|Phantom Force||[still]\n|-prepare|p2a: Miguel|Phantom Force\n|move|p1b: Incineroar|Darkest Lariat|p2b: WALLdo\n|-damage|p2b: WALLdo|0 fnt\n|faint|p2b: WALLdo\n|move|p1a: Golurk|Poltergeist|p2a: Miguel|[miss]\n|-miss|p1a: Golurk|p2a: Miguel\n|\n|upkeep\n|\n|t:|1776270323\n|switch|p2b: trotuga|Torkoal, L50, F|100/100\n|-weather|SunnyDay|[from] ability: Drought|[of] p2b: trotuga\n|turn|4\n|\n|t:|1776270341\n|switch|p1b: Slowking|Slowking, L50, M, shiny|100/100\n|switch|p2b: patata|Venusaur, L50, F|100/100\n|move|p2a: Miguel|Phantom Force|p1a: Golurk|[from] lockedmove\n|-supereffective|p1a: Golurk|1\n|-damage|p1a: Golurk|0 fnt\n|faint|p1a: Golurk\n|\n|-weather|SunnyDay|[upkeep]\n|upkeep\n|\n|t:|1776270354\n|switch|p1a: Incineroar|Incineroar, L50, M|93/100\n|-ability|p1a: Incineroar|Intimidate|boost\n|-unboost|p2a: Miguel|atk|1\n|-unboost|p2b: patata|atk|1\n|turn|5\n|\n|t:|1776270368\n|move|p1a: Incineroar|Fake Out|p2b: patata\n|-damage|p2b: patata|86/100\n|cant|p2b: patata|flinch\n|move|p2a: Miguel|Phantom Force||[still]\n|-prepare|p2a: Miguel|Phantom Force\n|move|p1b: Slowking|Psychic|p2b: patata\n|-supereffective|p2b: patata|1\n|-damage|p2b: patata|20/100\n|-unboost|p2b: patata|spd|1\n|\n|-weather|SunnyDay|[upkeep]\n|upkeep\n|turn|6\n|\n|t:|1776270393\n|move|p2b: patata|Synthesis|p2b: patata\n|-heal|p2b: patata|86/100\n|move|p2a: Miguel|Phantom Force|p1b: Slowking|[from] lockedmove\n|-supereffective|p1b: Slowking|1\n|-damage|p1b: Slowking|71/100\n|move|p1a: Incineroar|Flare Blitz|p2b: patata\n|-supereffective|p2b: patata|1\n|-enditem|p2b: patata|Occa Berry|[eat]\n|-enditem|p2b: patata|Occa Berry|[weaken]\n|-damage|p2b: patata|0 fnt\n|faint|p2b: patata\n|-damage|p1a: Incineroar|70/100|[from] Recoil\n|move|p1b: Slowking|Psychic|p2a: Miguel\n|-activate|p2a: Miguel|ability: Disguise\n|-damage|p2a: Miguel|100/100\n|detailschange|p2a: Miguel|Mimikyu-Busted, L50, F\n|-damage|p2a: Miguel|88/100|[from] pokemon: Mimikyu-Busted\n|\n|-weather|SunnyDay|[upkeep]\n|-heal|p1b: Slowking|77/100|[from] item: Leftovers\n|upkeep\n|\n|t:|1776270410\n|switch|p2b: trotuga|Torkoal, L50, F|100/100\n|turn|7\n|\n|t:|1776270426\n|move|p2a: Miguel|Phantom Force||[still]\n|-prepare|p2a: Miguel|Phantom Force\n|move|p1a: Incineroar|Darkest Lariat|p2b: trotuga\n|-damage|p2b: trotuga|69/100\n|move|p2b: trotuga|Shell Smash|p2b: trotuga\n|-unboost|p2b: trotuga|def|1\n|-unboost|p2b: trotuga|spd|1\n|-boost|p2b: trotuga|atk|2\n|-boost|p2b: trotuga|spa|2\n|-boost|p2b: trotuga|spe|2\n|-enditem|p2b: trotuga|White Herb\n|-clearnegativeboost|p2b: trotuga|[silent]\n|move|p1b: Slowking|Hydro Pump|p2b: trotuga\n|-supereffective|p2b: trotuga|1\n|-damage|p2b: trotuga|14/100\n|\n|-weather|SunnyDay|[upkeep]\n|-heal|p1b: Slowking|83/100|[from] item: Leftovers\n|upkeep\n|turn|8\n|\n|t:|1776270452\n|move|p2a: Miguel|Phantom Force|p1b: Slowking|[from] lockedmove\n|-supereffective|p1b: Slowking|1\n|-damage|p1b: Slowking|53/100\n|move|p2b: trotuga|Superpower|p1a: Incineroar\n|-supereffective|p1a: Incineroar|1\n|-damage|p1a: Incineroar|0 fnt\n|-unboost|p2b: trotuga|atk|1\n|-unboost|p2b: trotuga|def|1\n|faint|p1a: Incineroar\n|move|p1b: Slowking|Psychic|p2b: trotuga\n|-damage|p2b: trotuga|0 fnt\n|faint|p2b: trotuga\n|\n|-weather|none\n|-heal|p1b: Slowking|59/100|[from] item: Leftovers\n|upkeep\n|\n|t:|1776270471\n|switch|p1a: Torkoal|Torkoal, L50, F|100/100\n|-weather|SunnyDay|[from] ability: Drought|[of] p1a: Torkoal\n|turn|9\n|\n|t:|1776270481\n|move|p2a: Miguel|Phantom Force||[still]\n|-prepare|p2a: Miguel|Phantom Force\n|move|p1a: Torkoal|Eruption|p2a: Miguel|[miss]\n|-miss|p1a: Torkoal|p2a: Miguel\n|move|p1b: Slowking|Trick Room|p1b: Slowking\n|-fieldstart|move: Trick Room|[of] p1b: Slowking\n|\n|-weather|SunnyDay|[upkeep]\n|-heal|p1b: Slowking|65/100|[from] item: Leftovers\n|upkeep\n|turn|10\n|\n|t:|1776270500\n|move|p1a: Torkoal|Weather Ball|p2a: Miguel|[miss]\n|-miss|p1a: Torkoal|p2a: Miguel\n|move|p1b: Slowking|Psychic|p2a: Miguel|[miss]\n|-miss|p1b: Slowking|p2a: Miguel\n|move|p2a: Miguel|Phantom Force|p1b: Slowking|[from] lockedmove\n|-supereffective|p1b: Slowking|1\n|-damage|p1b: Slowking|32/100\n|\n|-weather|SunnyDay|[upkeep]\n|-heal|p1b: Slowking|38/100|[from] item: Leftovers\n|upkeep\n|turn|11\n|\n|t:|1776270512\n|move|p1a: Torkoal|Eruption|p2a: Miguel\n|-damage|p2a: Miguel|0 fnt\n|faint|p2a: Miguel\n|\n|win|GK SHOWDOWN\n|raw|GK SHOWDOWN's rating: 1115 &rarr; <strong>1135</strong><br />(+20 for winning)\n|raw|patatataaaaa's rating: 1050 &rarr; <strong>1036</strong><br />(-14 for losing)\n|c|\u2606patatataaaaa|gg\n",
  "uploadtime": 1776270531,
  "views": 24,
  "formatid": "gen9championsvgc2026regma",
  "rating": 1036,
  "private": 0,
  "password": null
}