{
  "id": "gen9championsvgc2026regma-2588118198",
  "format": "[Gen 9 Champions] VGC 2026 Reg M-A",
  "players": [
    "PleaseBuffRayquaza",
    "GaleonCmmnd"
  ],
  "log": "|j|\u2606PleaseBuffRayquaza\n|j|\u2606GaleonCmmnd\n|t:|1776606234\n|gametype|doubles\n|player|p1|PleaseBuffRayquaza|cynthia-gen4|1000\n|player|p2|GaleonCmmnd|lebanne|1047\n|gen|9\n|tier|[Gen 9 Champions] VGC 2026 Reg M-A\n|rated|\n|rule|Species Clause: Limit one of each Pok\u00e9mon\n|rule|Item Clause: Limit 1 of each item\n|clearpoke\n|poke|p1|Gardevoir, L50, F, shiny|\n|poke|p1|Meowstic, L50, M|\n|poke|p1|Talonflame, L50, F|\n|poke|p1|Basculegion, L50, M|\n|poke|p1|Tauros-Paldea-Blaze, L50, M|\n|poke|p1|Sinistcha-Masterpiece, L50|\n|poke|p2|Chesnaught, L50, M|\n|poke|p2|Tyranitar, L50, M, shiny|\n|poke|p2|Rotom-Wash, L50|\n|poke|p2|Excadrill, L50, M|\n|poke|p2|Incineroar, L50, M|\n|poke|p2|Farigiraf, L50, M|\n|teampreview|4\nGaleonCmmnd rejected open team sheets.\n|\n|t:|1776606275\n|teamsize|p1|4\n|teamsize|p2|4\n|start\n|switch|p1a: Gardevoir|Gardevoir, L50, F, shiny|100/100\n|switch|p1b: Talonflame|Talonflame, L50, F|100/100\n|switch|p2a: Incineroar|Incineroar, L50, M|100/100\n|switch|p2b: Farigiraf|Farigiraf, L50, M|100/100\n|-ability|p1a: Gardevoir|Armor Tail|Trace|[from] ability: Trace|[of] p2b: Farigiraf\n|-ability|p2a: Incineroar|Intimidate|boost\n|-unboost|p1a: Gardevoir|atk|1\n|-unboost|p1b: Talonflame|atk|1\n|turn|1\n|\n|t:|1776606302\n|detailschange|p1a: Gardevoir|Gardevoir-Mega, L50, F, shiny\n|-mega|p1a: Gardevoir|Gardevoir|Gardevoirite\n|move|p2a: Incineroar|Fake Out|p1a: Gardevoir\n|-damage|p1a: Gardevoir|79/100\n|move|p1b: Talonflame|Dual Wingbeat||[still]\n|cant|p2b: Farigiraf|ability: Armor Tail|Dual Wingbeat|[of] p1b: Talonflame\n|cant|p1a: Gardevoir|flinch\n|move|p2b: Farigiraf|Trick Room|p2b: Farigiraf\n|-fieldstart|move: Trick Room|[of] p2b: Farigiraf\n|\n|upkeep\n|turn|2\n|\n|t:|1776606346\n|switch|p1b: Sinistcha|Sinistcha-Masterpiece, L50|100/100\n|-heal|p1a: Gardevoir|100/100|[from] ability: Hospitality|[of] p1b: Sinistcha\n|move|p1a: Gardevoir|Protect|p1a: Gardevoir\n|-singleturn|p1a: Gardevoir|Protect\n|move|p2b: Farigiraf|Psychic|p1b: Sinistcha\n|-damage|p1b: Sinistcha|60/100\n|move|p2a: Incineroar|Parting Shot|p1a: Gardevoir\n|-activate|p1a: Gardevoir|move: Protect\n|\n|upkeep\n|turn|3\n|\n|t:|1776606366\n|switch|p1a: Meowstic|Meowstic, L50, M|100/100\n|move|p1b: Sinistcha|Protect|p1b: Sinistcha\n|-singleturn|p1b: Sinistcha|Protect\n|move|p2a: Incineroar|Parting Shot|p1a: Meowstic\n|-unboost|p1a: Meowstic|atk|1\n|-unboost|p1a: Meowstic|spa|1\n|\n|t:|1776606377\n|switch|p2a: Tyranitar|Tyranitar, L50, M, shiny|100/100|[from] Parting Shot\n|-weather|Sandstorm|[from] ability: Sand Stream|[of] p2a: Tyranitar\n|move|p2b: Farigiraf|Psychic|p1b: Sinistcha\n|-activate|p1b: Sinistcha|move: Protect\n|\n|-weather|Sandstorm|[upkeep]\n|-damage|p2b: Farigiraf|94/100|[from] Sandstorm\n|-damage|p1b: Sinistcha|54/100|[from] Sandstorm\n|-damage|p1a: Meowstic|95/100|[from] Sandstorm\n|upkeep\n|turn|4\n|\n|t:|1776606391\n|move|p2b: Farigiraf|Helping Hand|p2a: Tyranitar\n|-singleturn|p2a: Tyranitar|Helping Hand|[of] p2b: Farigiraf\n|move|p1a: Meowstic|Reflect|p1a: Meowstic\n|-sidestart|p1: PleaseBuffRayquaza|Reflect\n|move|p2a: Tyranitar|Rock Slide|p1a: Meowstic|[spread] p1a,p1b\n|-damage|p1a: Meowstic|63/100\n|-damage|p1b: Sinistcha|34/100\n|-enditem|p1b: Sinistcha|Sitrus Berry|[eat]\n|-heal|p1b: Sinistcha|59/100|[from] item: Sitrus Berry\n|move|p1b: Sinistcha|Life Dew|p1b: Sinistcha|[spread] p1a,p1b\n|-heal|p1a: Meowstic|88/100\n|-heal|p1b: Sinistcha|84/100\n|\n|-weather|Sandstorm|[upkeep]\n|-damage|p2b: Farigiraf|88/100|[from] Sandstorm\n|-damage|p1b: Sinistcha|78/100|[from] Sandstorm\n|-damage|p1a: Meowstic|82/100|[from] Sandstorm\n|upkeep\n|turn|5\n|\n|t:|1776606416\n|move|p2b: Farigiraf|Helping Hand|p2a: Tyranitar\n|-singleturn|p2a: Tyranitar|Helping Hand|[of] p2b: Farigiraf\n|move|p1a: Meowstic|Psychic Terrain|p1a: Meowstic\n|-fieldstart|move: Psychic Terrain\n|move|p2a: Tyranitar|Knock Off|p1a: Meowstic\n|-supereffective|p1a: Meowstic|1\n|-damage|p1a: Meowstic|0 fnt\n|-enditem|p1a: Meowstic|Mental Herb|[from] move: Knock Off|[of] p2a: Tyranitar\n|faint|p1a: Meowstic\n|move|p1b: Sinistcha|Matcha Gotcha|p2b: Farigiraf|[spread] p2a,p2b\n|-supereffective|p2a: Tyranitar|1\n|-damage|p2a: Tyranitar|79/100\n|-heal|p1b: Sinistcha|90/100|[from] drain|[of] p2a: Tyranitar\n|-damage|p2b: Farigiraf|70/100\n|-heal|p1b: Sinistcha|100/100|[from] drain|[of] p2b: Farigiraf\n|-status|p2b: Farigiraf|brn\n|\n|-weather|Sandstorm|[upkeep]\n|-damage|p2b: Farigiraf|63/100 brn|[from] Sandstorm\n|-damage|p1b: Sinistcha|94/100|[from] Sandstorm\n|-damage|p2b: Farigiraf|57/100 brn|[from] brn\n|-fieldend|move: Trick Room\n|upkeep\n|\n|t:|1776606430\n|switch|p1a: Gardevoir|Gardevoir-Mega, L50, F, shiny|100/100\n|turn|6\n|\n|t:|1776606457\n|move|p1a: Gardevoir|Hyper Voice|p2b: Farigiraf|[spread] p2a,p2b\n|-supereffective|p2a: Tyranitar|1\n|-damage|p2a: Tyranitar|32/100\n|-damage|p2b: Farigiraf|20/100 brn\n|move|p1b: Sinistcha|Matcha Gotcha|p2a: Tyranitar|[spread] p2a,p2b\n|-supereffective|p2a: Tyranitar|1\n|-damage|p2a: Tyranitar|11/100\n|-heal|p1b: Sinistcha|100/100|[from] drain|[of] p2a: Tyranitar\n|-damage|p2b: Farigiraf|4/100 brn\n|move|p2a: Tyranitar|Rock Slide|p1b: Sinistcha|[spread] p1a,p1b\n|-damage|p1a: Gardevoir|70/100\n|-damage|p1b: Sinistcha|87/100\n|move|p2b: Farigiraf|Trick Room|p2b: Farigiraf\n|-fieldstart|move: Trick Room|[of] p2b: Farigiraf\n|\n|-weather|Sandstorm|[upkeep]\n|-damage|p2b: Farigiraf|0 fnt|[from] Sandstorm\n|-damage|p1b: Sinistcha|81/100|[from] Sandstorm\n|-damage|p1a: Gardevoir|64/100|[from] Sandstorm\n|faint|p2b: Farigiraf\n|upkeep\n|\n|t:|1776606477\n|switch|p2b: Incineroar|Incineroar, L50, M|100/100\n|-ability|p2b: Incineroar|Intimidate|boost\n|-unboost|p1a: Gardevoir|atk|1\n|-unboost|p1b: Sinistcha|atk|1\n|turn|7\n|\n|t:|1776606511\n|move|p1a: Gardevoir|Protect|p1a: Gardevoir\n|-singleturn|p1a: Gardevoir|Protect\n|move|p2b: Incineroar|Parting Shot|p1a: Gardevoir\n|-activate|p1a: Gardevoir|move: Protect\n|move|p2a: Tyranitar|Rock Slide|p1a: Gardevoir|[spread] p1b\n|-activate|p1a: Gardevoir|move: Protect\n|-damage|p1b: Sinistcha|68/100\n|cant|p1b: Sinistcha|flinch\n|\n|-weather|none\n|upkeep\n|turn|8\n|\n|t:|1776606533\n|switch|p1a: Talonflame|Talonflame, L50, F|100/100\n|move|p1b: Sinistcha|Protect|p1b: Sinistcha\n|-singleturn|p1b: Sinistcha|Protect\n|move|p2b: Incineroar|Parting Shot|p1a: Talonflame\n|-unboost|p1a: Talonflame|atk|1\n|-unboost|p1a: Talonflame|spa|1\n|\n|t:|1776606540\n|switch|p2b: Chesnaught|Chesnaught, L50, M|100/100|[from] Parting Shot\n|move|p2a: Tyranitar|Rock Slide|p1a: Talonflame|[spread] p1a\n|-activate|p1b: Sinistcha|move: Protect\n|-supereffective|p1a: Talonflame|2\n|-enditem|p1a: Talonflame|Charti Berry|[eat]\n|-enditem|p1a: Talonflame|Charti Berry|[weaken]\n|-damage|p1a: Talonflame|46/100\n|\n|-sideend|p1: PleaseBuffRayquaza|Reflect\n|upkeep\n|turn|9\n|\n|t:|1776606554\n|detailschange|p2b: Chesnaught|Chesnaught-Mega, L50, M\n|-mega|p2b: Chesnaught|Chesnaught|Chesnaughtite\n|move|p1a: Talonflame|Protect|p1a: Talonflame\n|-singleturn|p1a: Talonflame|Protect\n|move|p2b: Chesnaught|Iron Defense|p2b: Chesnaught\n|-boost|p2b: Chesnaught|def|2\n|move|p2a: Tyranitar|Rock Slide|p1a: Talonflame|[spread] \n|-activate|p1a: Talonflame|move: Protect\n|-miss|p2a: Tyranitar|p1b: Sinistcha\n|move|p1b: Sinistcha|Life Dew|p1b: Sinistcha|[spread] p1a,p1b\n|-heal|p1a: Talonflame|71/100\n|-heal|p1b: Sinistcha|93/100\n|\n|-fieldend|move: Psychic Terrain\n|upkeep\n|turn|10\n|\n|t:|1776606583\n|move|p2b: Chesnaught|Iron Defense|p2b: Chesnaught\n|-boost|p2b: Chesnaught|def|2\n|move|p2a: Tyranitar|Rock Slide|p1b: Sinistcha|[spread] p1b\n|-miss|p2a: Tyranitar|p1a: Talonflame\n|-damage|p1b: Sinistcha|71/100\n|cant|p1b: Sinistcha|flinch\n|move|p1a: Talonflame|Dual Wingbeat|p2a: Tyranitar\n|-resisted|p2a: Tyranitar|1\n|-damage|p2a: Tyranitar|6/100\n|-resisted|p2a: Tyranitar|1\n|-damage|p2a: Tyranitar|2/100\n|-hitcount|p2a: Tyranitar|2\n|\n|-fieldend|move: Trick Room\n|upkeep\n|turn|11\n|\n|t:|1776606614\n|move|p2a: Tyranitar|Protect|p2a: Tyranitar\n|-singleturn|p2a: Tyranitar|Protect\n|move|p1a: Talonflame|Dual Wingbeat|p2b: Chesnaught\n|-supereffective|p2b: Chesnaught|2\n|-damage|p2b: Chesnaught|88/100\n|-supereffective|p2b: Chesnaught|2\n|-damage|p2b: Chesnaught|80/100\n|-hitcount|p2b: Chesnaught|2\n|move|p1b: Sinistcha|Matcha Gotcha|p2b: Chesnaught|[spread] p2b\n|-activate|p2a: Tyranitar|move: Protect\n|-resisted|p2b: Chesnaught|1\n|-damage|p2b: Chesnaught|70/100\n|-heal|p1b: Sinistcha|77/100|[from] drain|[of] p2b: Chesnaught\n|-status|p2b: Chesnaught|brn\n|move|p2b: Chesnaught|Body Press|p1a: Talonflame\n|-resisted|p1a: Talonflame|1\n|-damage|p1a: Talonflame|7/100\n|\n|-damage|p2b: Chesnaught|64/100 brn|[from] brn\n|upkeep\n|turn|12\n|\n|t:|1776606654\n|move|p1a: Talonflame|Dual Wingbeat|p2b: Chesnaught\n|-supereffective|p2b: Chesnaught|2\n|-crit|p2b: Chesnaught\n|-damage|p2b: Chesnaught|20/100 brn\n|-supereffective|p2b: Chesnaught|2\n|-damage|p2b: Chesnaught|12/100 brn\n|-hitcount|p2b: Chesnaught|2\n|move|p1b: Sinistcha|Matcha Gotcha|p2b: Chesnaught|[spread] p2a,p2b\n|-supereffective|p2a: Tyranitar|1\n|-resisted|p2b: Chesnaught|1\n|-damage|p2a: Tyranitar|0 fnt\n|-heal|p1b: Sinistcha|78/100|[from] drain|[of] p2a: Tyranitar\n|-damage|p2b: Chesnaught|2/100 brn\n|-heal|p1b: Sinistcha|84/100|[from] drain|[of] p2b: Chesnaught\n|faint|p2a: Tyranitar\n|move|p2b: Chesnaught|Synthesis|p2b: Chesnaught\n|-heal|p2b: Chesnaught|51/100 brn\n|\n|-damage|p2b: Chesnaught|45/100 brn|[from] brn\n|upkeep\n|\n|t:|1776606671\n|switch|p2a: Incineroar|Incineroar, L50, M|100/100\n|-ability|p2a: Incineroar|Intimidate|boost\n|-unboost|p1a: Talonflame|atk|1\n|-unboost|p1b: Sinistcha|atk|1\n|turn|13\n|\n|t:|1776606690\n|move|p1a: Talonflame|Protect|p1a: Talonflame\n|-singleturn|p1a: Talonflame|Protect\n|move|p1b: Sinistcha|Matcha Gotcha|p2a: Incineroar|[spread] p2a,p2b\n|-resisted|p2a: Incineroar|1\n|-resisted|p2b: Chesnaught|1\n|-damage|p2a: Incineroar|92/100\n|-heal|p1b: Sinistcha|89/100|[from] drain|[of] p2a: Incineroar\n|-damage|p2b: Chesnaught|36/100 brn\n|-heal|p1b: Sinistcha|94/100|[from] drain|[of] p2b: Chesnaught\n|move|p2a: Incineroar|Darkest Lariat|p1b: Sinistcha\n|-supereffective|p1b: Sinistcha|1\n|-damage|p1b: Sinistcha|44/100\n|move|p2b: Chesnaught|Synthesis|p2b: Chesnaught\n|-heal|p2b: Chesnaught|86/100 brn\n|\n|-damage|p2b: Chesnaught|80/100 brn|[from] brn\n|upkeep\n|turn|14\n|\n|t:|1776606729\n|move|p1b: Sinistcha|Protect|p1b: Sinistcha\n|-singleturn|p1b: Sinistcha|Protect\n|move|p1a: Talonflame|Dual Wingbeat|p2b: Chesnaught\n|-supereffective|p2b: Chesnaught|2\n|-damage|p2b: Chesnaught|74/100 brn\n|-supereffective|p2b: Chesnaught|2\n|-damage|p2b: Chesnaught|68/100 brn\n|-hitcount|p2b: Chesnaught|2\n|move|p2a: Incineroar|Darkest Lariat|p1a: Talonflame\n|-damage|p1a: Talonflame|0 fnt\n|faint|p1a: Talonflame\n|move|p2b: Chesnaught|Iron Defense|p2b: Chesnaught\n|-boost|p2b: Chesnaught|def|2\n|\n|-damage|p2b: Chesnaught|62/100 brn|[from] brn\n|upkeep\n|\n|t:|1776606739\n|switch|p1a: Gardevoir|Gardevoir-Mega, L50, F, shiny|64/100\n|turn|15\n|\n|t:|1776606752\n|move|p1a: Gardevoir|Protect|p1a: Gardevoir\n|-singleturn|p1a: Gardevoir|Protect\n|move|p1b: Sinistcha|Life Dew|p1b: Sinistcha|[spread] p1a,p1b\n|-heal|p1a: Gardevoir|89/100\n|-heal|p1b: Sinistcha|69/100\n|move|p2a: Incineroar|Flare Blitz|p1b: Sinistcha\n|-supereffective|p1b: Sinistcha|1\n|-damage|p1b: Sinistcha|0 fnt\n|faint|p1b: Sinistcha\n|-damage|p2a: Incineroar|72/100|[from] Recoil\n|move|p2b: Chesnaught|Body Press|p1a: Gardevoir\n|-activate|p1a: Gardevoir|move: Protect\n|\n|-damage|p2b: Chesnaught|55/100 brn|[from] brn\n|upkeep\n|turn|16\n|\n|t:|1776606772\n|move|p1a: Gardevoir|Hyper Voice|p2a: Incineroar|[spread] p2a,p2b\n|-supereffective|p2b: Chesnaught|1\n|-damage|p2a: Incineroar|35/100\n|-damage|p2b: Chesnaught|0 fnt\n|-enditem|p2a: Incineroar|Sitrus Berry|[eat]\n|-heal|p2a: Incineroar|59/100|[from] item: Sitrus Berry\n|faint|p2b: Chesnaught\n|move|p2a: Incineroar|Flare Blitz|p1a: Gardevoir\n|-damage|p1a: Gardevoir|0 fnt\n|faint|p1a: Gardevoir\n|-damage|p2a: Incineroar|39/100|[from] Recoil\n|\n|win|GaleonCmmnd\n|raw|PleaseBuffRayquaza's rating: 1000 &rarr; <strong>1000</strong><br />(+0 for losing)\n|raw|GaleonCmmnd's rating: 1047 &rarr; <strong>1076</strong><br />(+29 for winning)\n|c|\u2606GaleonCmmnd|ggwp\n|c|\u2606GaleonCmmnd|daaamn\n|c|\u2606GaleonCmmnd|that was wild\n|c|\u2606PleaseBuffRayquaza|Ggs man\n",
  "uploadtime": 1776606800,
  "views": 12,
  "formatid": "gen9championsvgc2026regma",
  "rating": 1000,
  "private": 0,
  "password": null
}