{
  "id": "gen9championsvgc2026regma-2582877997",
  "format": "[Gen 9 Champions] VGC 2026 Reg M-A",
  "players": [
    "legit4u",
    "sethwell"
  ],
  "log": "|j|\u2606legit4u\n|j|\u2606sethwell\n|t:|1776121363\n|gametype|doubles\n|player|p1|legit4u|265|1086\n|player|p2|sethwell|blue|1109\n|gen|9\n|tier|[Gen 9 Champions] VGC 2026 Reg M-A\n|rated|\n|rule|Species Clause: Limit one of each Pok\u00e9mon\n|rule|Item Clause: Limit 1 of each item\n|clearpoke\n|poke|p1|Sinistcha, L50|\n|poke|p1|Alakazam, L50, M|\n|poke|p1|Drampa, L50, M|\n|poke|p1|Golurk, L50|\n|poke|p1|Tyranitar, L50, M|\n|poke|p1|Aerodactyl, L50, M|\n|poke|p2|Blastoise, L50, M|\n|poke|p2|Orthworm, L50, F|\n|poke|p2|Pelipper, L50, M|\n|poke|p2|Garchomp, L50, M|\n|poke|p2|Sinistcha, L50|\n|poke|p2|Sneasler, L50, F|\n|teampreview|4\n|inactive|Battle timer is ON: inactive players will automatically lose when time's up. (requested by sethwell)\n|inactive|sethwell has 60 seconds left.\n|\n|t:|1776121404\n|teamsize|p1|4\n|teamsize|p2|4\n|start\n|switch|p1a: Alakazam|Alakazam, L50, M|100/100\n|switch|p1b: Golurk|Golurk, L50|100/100\n|switch|p2a: Sinistcha|Sinistcha, L50|100/100\n|switch|p2b: Blastoise|Blastoise, L50, M|100/100\n|turn|1\n|inactive|legit4u has 30 seconds left.\n|inactive|legit4u has 20 seconds left.\n|inactive|legit4u has 15 seconds left.\n|\n|t:|1776121447\n|switch|p1b: Sinistcha|Sinistcha, L50|100/100\n|detailschange|p2b: Blastoise|Blastoise-Mega, L50, M\n|-mega|p2b: Blastoise|Blastoise|Blastoisinite\n|move|p2a: Sinistcha|Rage Powder|p2a: Sinistcha\n|-singleturn|p2a: Sinistcha|move: Rage Powder\n|move|p1a: Alakazam|Light Screen|p1a: Alakazam\n|-sidestart|p1: legit4u|move: Light Screen\n|move|p2b: Blastoise|Shell Smash|p2b: Blastoise\n|-unboost|p2b: Blastoise|def|1\n|-unboost|p2b: Blastoise|spd|1\n|-boost|p2b: Blastoise|atk|2\n|-boost|p2b: Blastoise|spa|2\n|-boost|p2b: Blastoise|spe|2\n|\n|upkeep\n|turn|2\n|inactive|legit4u has 30 seconds left.\n|\n|t:|1776121481\n|switch|p2a: Pelipper|Pelipper, L50, M|100/100\n|-weather|RainDance|[from] ability: Drizzle|[of] p2a: Pelipper\n|move|p2b: Blastoise|Water Spout|p1a: Alakazam|[spread] p1a,p1b\n|-crit|p1a: Alakazam\n|-resisted|p1b: Sinistcha|1\n|-damage|p1a: Alakazam|0 fnt\n|-damage|p1b: Sinistcha|21/100\n|faint|p1a: Alakazam\n|move|p1b: Sinistcha|Matcha Gotcha|p2b: Blastoise|[spread] p2a,p2b\n|-supereffective|p2b: Blastoise|1\n|-damage|p2a: Pelipper|55/100\n|-heal|p1b: Sinistcha|38/100|[from] drain|[of] p2a: Pelipper\n|-damage|p2b: Blastoise|30/100\n|-heal|p1b: Sinistcha|69/100|[from] drain|[of] p2b: Blastoise\n|\n|-weather|RainDance|[upkeep]\n|upkeep\n|\n|t:|1776121499\n|switch|p1a: Aerodactyl|Aerodactyl, L50, M|100/100\n|-ability|p1a: Aerodactyl|Unnerve\n|turn|3\n|\n|t:|1776121522\n|switch|p2a: Sinistcha|Sinistcha, L50|100/100\n|-heal|p2b: Blastoise|55/100|[from] ability: Hospitality|[of] p2a: Sinistcha\n|move|p1a: Aerodactyl|Protect|p1a: Aerodactyl\n|-singleturn|p1a: Aerodactyl|Protect\n|move|p2b: Blastoise|Water Pulse|p1a: Aerodactyl\n|-activate|p1a: Aerodactyl|move: Protect\n|move|p1b: Sinistcha|Matcha Gotcha|p2a: Sinistcha|[spread] p2b\n|-miss|p1b: Sinistcha|p2a: Sinistcha\n|-supereffective|p2b: Blastoise|1\n|-damage|p2b: Blastoise|0 fnt\n|-heal|p1b: Sinistcha|93/100|[from] drain|[of] p2b: Blastoise\n|faint|p2b: Blastoise\n|\n|-weather|RainDance|[upkeep]\n|upkeep\n|\n|t:|1776121530\n|switch|p2b: Pelipper|Pelipper, L50, M|55/100\n|turn|4\n|inactive|legit4u has 30 seconds left.\n|\n|t:|1776121564\n|move|p2b: Pelipper|Protect|p2b: Pelipper\n|-singleturn|p2b: Pelipper|Protect\n|move|p1a: Aerodactyl|Rock Slide|p2a: Sinistcha|[spread] p2a\n|-activate|p2b: Pelipper|move: Protect\n|-damage|p2a: Sinistcha|81/100\n|move|p2a: Sinistcha|Strength Sap|p1a: Aerodactyl\n|-unboost|p1a: Aerodactyl|atk|1\n|-heal|p2a: Sinistcha|100/100\n|move|p1b: Sinistcha|Matcha Gotcha|p2a: Sinistcha|[spread] p2a\n|-activate|p2b: Pelipper|move: Protect\n|-resisted|p2a: Sinistcha|1\n|-damage|p2a: Sinistcha|89/100\n|-heal|p1b: Sinistcha|99/100|[from] drain|[of] p2a: Sinistcha\n|\n|-weather|RainDance|[upkeep]\n|upkeep\n|turn|5\n|inactive|legit4u has 30 seconds left.\n|inactive|sethwell has 30 seconds left.\n|\n|t:|1776121597\n|switch|p2b: Orthworm|Orthworm, L50, F|100/100\n|switch|p1b: Golurk|Golurk, L50|100/100\n|move|p1a: Aerodactyl|Tailwind|p1a: Aerodactyl\n|-sidestart|p1: legit4u|move: Tailwind\n|move|p2a: Sinistcha|Matcha Gotcha|p1b: Golurk|[spread] p1a,p1b\n|-supereffective|p1b: Golurk|1\n|-damage|p1a: Aerodactyl|77/100\n|-heal|p2a: Sinistcha|100/100|[from] drain|[of] p1a: Aerodactyl\n|-damage|p1b: Golurk|68/100\n|-status|p1a: Aerodactyl|brn\n|-status|p1b: Golurk|brn\n|\n|-weather|RainDance|[upkeep]\n|-damage|p1a: Aerodactyl|71/100 brn|[from] brn\n|-damage|p1b: Golurk|62/100 brn|[from] brn\n|-sideend|p1: legit4u|move: Light Screen\n|upkeep\n|turn|6\n|inactive|legit4u has 30 seconds left.\n|inactive|sethwell has 30 seconds left.\n|\n|t:|1776121627\n|detailschange|p1b: Golurk|Golurk-Mega, L50\n|-mega|p1b: Golurk|Golurk|Golurkite\n|move|p1a: Aerodactyl|Tailwind||[still]\n|-fail|p1a: Aerodactyl\n|move|p1b: Golurk|Poltergeist|p2a: Sinistcha\n|-activate|p2a: Sinistcha|move: Poltergeist|Occa Berry\n|-supereffective|p2a: Sinistcha|1\n|-damage|p2a: Sinistcha|35/100\n|move|p2b: Orthworm|Iron Defense|p2b: Orthworm\n|-boost|p2b: Orthworm|def|2\n|move|p2a: Sinistcha|Trick Room|p2a: Sinistcha\n|-fieldstart|move: Trick Room|[of] p2a: Sinistcha\n|\n|-weather|none\n|-damage|p1b: Golurk|56/100 brn|[from] brn\n|-damage|p1a: Aerodactyl|65/100 brn|[from] brn\n|upkeep\n|turn|7\n|inactive|sethwell has 30 seconds left.\n|\n|t:|1776121652\n|move|p2b: Orthworm|Body Press|p1a: Aerodactyl\n|-damage|p1a: Aerodactyl|0 fnt\n|faint|p1a: Aerodactyl\n|move|p2a: Sinistcha|Strength Sap|p1b: Golurk\n|-unboost|p1b: Golurk|atk|1\n|-heal|p2a: Sinistcha|100/100\n|move|p1b: Golurk|Poltergeist|p2a: Sinistcha\n|-activate|p2a: Sinistcha|move: Poltergeist|Occa Berry\n|-supereffective|p2a: Sinistcha|1\n|-damage|p2a: Sinistcha|61/100\n|\n|-damage|p1b: Golurk|49/100 brn|[from] brn\n|upkeep\n|-message|legit4u forfeited.\n|\n|win|sethwell\n|raw|legit4u's rating: 1086 &rarr; <strong>1065</strong><br />(-21 for losing)\n|raw|sethwell's rating: 1109 &rarr; <strong>1132</strong><br />(+23 for winning)\n|l|\u2606legit4u\n|player|p1|\n",
  "uploadtime": 1776121679,
  "views": 23,
  "formatid": "gen9championsvgc2026regma",
  "rating": 1065,
  "private": 0,
  "password": null
}