{
  "id": "gen9championsvgc2026regma-2583939970",
  "format": "[Gen 9 Champions] VGC 2026 Reg M-A",
  "players": [
    "miujao4",
    "Soupepi"
  ],
  "log": "|j|\u2606miujao4\n|j|\u2606Soupepi\n|t:|1776210133\n|gametype|doubles\n|player|p1|miujao4|christoph|1122\n|player|p2|Soupepi|101|1164\n|gen|9\n|tier|[Gen 9 Champions] VGC 2026 Reg M-A\n|rated|\n|rule|Species Clause: Limit one of each Pok\u00e9mon\n|rule|Item Clause: Limit 1 of each item\n|clearpoke\n|poke|p1|Sinistcha-Masterpiece, L50|\n|poke|p1|Drampa, L50, F|\n|poke|p1|Incineroar, L50, M|\n|poke|p1|Kingambit, L50, F|\n|poke|p1|Crabominable, L50, M|\n|poke|p1|Farigiraf, L50, F|\n|poke|p2|Charizard, L50, F|\n|poke|p2|Venusaur, L50, F|\n|poke|p2|Garchomp, L50, F|\n|poke|p2|Rotom-Wash, L50|\n|poke|p2|Sneasler, L50, F|\n|poke|p2|Incineroar, L50, F|\n|teampreview|4\n|\n|t:|1776210153\n|teamsize|p1|4\n|teamsize|p2|4\n|start\n|switch|p1a: Farigiraf|Farigiraf, L50, F, shiny|100/100\n|switch|p1b: Incineroar|Incineroar, L50, M, shiny|100/100\n|switch|p2a: Charizard|Charizard, L50, F|100/100\n|switch|p2b: Venusaur|Venusaur, L50, F|100/100\n|-ability|p1b: Incineroar|Intimidate|boost\n|-unboost|p2a: Charizard|atk|1\n|-unboost|p2b: Venusaur|atk|1\n|turn|1\n|inactive|Battle timer is ON: inactive players will automatically lose when time's up. (requested by miujao4)\n|\n|t:|1776210184\n|detailschange|p2a: Charizard|Charizard-Mega-Y, L50, F\n|-mega|p2a: Charizard|Charizard|Charizardite Y\n|-weather|SunnyDay|[from] ability: Drought|[of] p2a: Charizard\n|move|p1b: Incineroar|Fake Out|p2a: Charizard\n|-damage|p2a: Charizard|84/100\n|move|p2b: Venusaur|Sleep Powder|p1a: Farigiraf\n|-status|p1a: Farigiraf|slp|[from] move: Sleep Powder\n|cant|p2a: Charizard|flinch\n|cant|p1a: Farigiraf|slp\n|\n|-weather|SunnyDay|[upkeep]\n|upkeep\n|turn|2\n|\n|t:|1776210201\n|move|p2b: Venusaur|Leaf Storm|p1a: Farigiraf\n|-damage|p1a: Farigiraf|49/100 slp\n|-unboost|p2b: Venusaur|spa|2\n|move|p2a: Charizard|Heat Wave|p1a: Farigiraf|[spread] p1a,p1b\n|-resisted|p1b: Incineroar|1\n|-damage|p1a: Farigiraf|0 fnt\n|-damage|p1b: Incineroar|74/100\n|faint|p1a: Farigiraf\n|move|p1b: Incineroar|Flare Blitz|p2b: Venusaur\n|-supereffective|p2b: Venusaur|1\n|-enditem|p2b: Venusaur|Focus Sash\n|-damage|p2b: Venusaur|1/100\n|-damage|p1b: Incineroar|49/100|[from] Recoil\n|\n|-weather|SunnyDay|[upkeep]\n|-heal|p1b: Incineroar|55/100|[from] item: Leftovers\n|upkeep\n|\n|t:|1776210204\n|switch|p1a: Drampa|Drampa, L50, F, shiny|100/100\n|turn|3\n|inactive|Soupepi has 30 seconds left.\n|\n|t:|1776210233\n|detailschange|p1a: Drampa|Drampa-Mega, L50, F, shiny\n|-mega|p1a: Drampa|Drampa|Drampanite\n|move|p2b: Venusaur|Sludge Bomb|p1b: Incineroar\n|-damage|p1b: Incineroar|35/100\n|-status|p1b: Incineroar|psn\n|move|p2a: Charizard|Heat Wave|p1a: Drampa|[spread] p1a,p1b\n|-resisted|p1a: Drampa|1\n|-resisted|p1b: Incineroar|1\n|-damage|p1a: Drampa|72/100\n|-damage|p1b: Incineroar|6/100 psn\n|move|p1b: Incineroar|Parting Shot|p2a: Charizard\n|-unboost|p2a: Charizard|atk|1\n|-unboost|p2a: Charizard|spa|1\n|\n|t:|1776210241\n|switch|p1b: Kingambit|Kingambit, L50, F, shiny|100/100|[from] Parting Shot\n|move|p1a: Drampa|Hyper Voice|p2a: Charizard|[spread] p2a,p2b\n|-crit|p2b: Venusaur\n|-damage|p2a: Charizard|39/100\n|-damage|p2b: Venusaur|0 fnt\n|faint|p2b: Venusaur\n|\n|-weather|SunnyDay|[upkeep]\n|upkeep\n|\n|t:|1776210255\n|switch|p2b: Incineroar|Incineroar, L50, F|100/100\n|-ability|p2b: Incineroar|Intimidate|boost\n|-unboost|p1a: Drampa|atk|1\n|-unboost|p1b: Kingambit|atk|1\n|-ability|p1b: Kingambit|Defiant|boost\n|-boost|p1b: Kingambit|atk|2\n|turn|4\n|\n|t:|1776210272\n|move|p2a: Charizard|Protect|p2a: Charizard\n|-singleturn|p2a: Charizard|Protect\n|move|p1b: Kingambit|Protect|p1b: Kingambit\n|-singleturn|p1b: Kingambit|Protect\n|move|p2b: Incineroar|Fake Out|p1b: Kingambit\n|-activate|p1b: Kingambit|move: Protect\n|move|p1a: Drampa|Calm Mind|p1a: Drampa\n|-boost|p1a: Drampa|spa|1\n|-boost|p1a: Drampa|spd|1\n|\n|-weather|SunnyDay|[upkeep]\n|upkeep\n|turn|5\n|\n|t:|1776210289\n|move|p1b: Kingambit|Sucker Punch|p2a: Charizard\n|-damage|p2a: Charizard|0 fnt\n|faint|p2a: Charizard\n|move|p2b: Incineroar|Flare Blitz|p1b: Kingambit\n|-supereffective|p1b: Kingambit|1\n|-damage|p1b: Kingambit|0 fnt\n|faint|p1b: Kingambit\n|-damage|p2b: Incineroar|69/100|[from] Recoil\n|move|p1a: Drampa|Earth Power|p2b: Incineroar\n|-supereffective|p2b: Incineroar|1\n|-damage|p2b: Incineroar|0 fnt\n|faint|p2b: Incineroar\n|\n|-weather|none\n|upkeep\n|inactive|Soupepi has 30 seconds left.\n|inactive|Soupepi has 20 seconds left.\n|inactive|Soupepi has 15 seconds left.\n|\n|t:|1776210334\n|switch|p2a: Garchomp|Garchomp, L50, F|100/100\n|switch|p1b: Incineroar|Incineroar, L50, M, shiny|6/100 psn\n|-ability|p1b: Incineroar|Intimidate|boost\n|-unboost|p2a: Garchomp|atk|1\n|turn|6\n|\n|t:|1776210354\n|move|p1b: Incineroar|Fake Out|p2a: Garchomp\n|-damage|p2a: Garchomp|87/100\n|-damage|p1b: Incineroar|0 fnt|[from] ability: Rough Skin|[of] p2a: Garchomp\n|faint|p1b: Incineroar\n|cant|p2a: Garchomp|flinch\n|move|p1a: Drampa|Dragon Pulse|p2a: Garchomp\n|-supereffective|p2a: Garchomp|1\n|-damage|p2a: Garchomp|0 fnt\n|faint|p2a: Garchomp\n|\n|win|miujao4\n|raw|miujao4's rating: 1122 &rarr; <strong>1150</strong><br />(+28 for winning)\n|raw|Soupepi's rating: 1164 &rarr; <strong>1136</strong><br />(-28 for losing)\n|l|\u2606Soupepi\n|player|p2|\n|l|\u2606miujao4\n|player|p1|\n|j|\u2606miujao4\n|player|p1|miujao4|christoph|\n",
  "uploadtime": 1776210387,
  "views": 15,
  "formatid": "gen9championsvgc2026regma",
  "rating": 1136,
  "private": 0,
  "password": null
}