{
  "id": "gen9championsvgc2026regma-2584248546",
  "format": "[Gen 9 Champions] VGC 2026 Reg M-A",
  "players": [
    "Catactual",
    "SimMikaze"
  ],
  "log": "|j|\u2606Catactual\n|j|\u2606SimMikaze\n|t:|1776243012\n|gametype|doubles\n|player|p1|Catactual|101|1312\n|player|p2|SimMikaze|miku-ghost|1218\n|gen|9\n|tier|[Gen 9 Champions] VGC 2026 Reg M-A\n|rated|\n|rule|Species Clause: Limit one of each Pok\u00e9mon\n|rule|Item Clause: Limit 1 of each item\n|clearpoke\n|poke|p1|Starmie, L50|\n|poke|p1|Sneasler, L50, M|\n|poke|p1|Archaludon, L50, F|\n|poke|p1|Pelipper, L50, M|\n|poke|p1|Maushold-Four, L50|\n|poke|p1|Aegislash, L50, F|\n|poke|p2|Gengar, L50, M|\n|poke|p2|Maushold, L50|\n|poke|p2|Whimsicott, L50, M|\n|poke|p2|Incineroar, L50, M|\n|poke|p2|Politoed, L50, F|\n|poke|p2|Kommo-o, L50, F|\n|teampreview|4\nCatactual rejected open team sheets.\n|inactive|Battle timer is ON: inactive players will automatically lose when time's up. (requested by SimMikaze)\n|\n|t:|1776243071\n|teamsize|p1|4\n|teamsize|p2|4\n|start\n|switch|p1a: Starmie|Starmie, L50|100/100\n|switch|p1b: Pelipper|Pelipper, L50, M|100/100\n|switch|p2a: Gengar|Gengar, L50, M, shiny|100/100\n|switch|p2b: Whimsicott|Whimsicott, L50, M|100/100\n|-weather|RainDance|[from] ability: Drizzle|[of] p1b: Pelipper\n|turn|1\n|\n|t:|1776243088\n|detailschange|p2a: Gengar|Gengar-Mega, L50, M, shiny\n|-mega|p2a: Gengar|Gengar|Gengarite\n|detailschange|p1a: Starmie|Starmie-Mega, L50\n|-mega|p1a: Starmie|Starmie|Starminite\n|move|p1a: Starmie|Protect|p1a: Starmie\n|-singleturn|p1a: Starmie|Protect\n|move|p2b: Whimsicott|Fake Tears|p1a: Starmie\n|-activate|p1a: Starmie|move: Protect\n|move|p2a: Gengar|Shadow Ball|p1a: Starmie\n|-activate|p1a: Starmie|move: Protect\n|move|p1b: Pelipper|Tailwind|p1b: Pelipper\n|-sidestart|p1: Catactual|move: Tailwind\n|\n|-weather|RainDance|[upkeep]\n|upkeep\n|turn|2\n|inactive|Catactual has 30 seconds left.\n|\n|t:|1776243117\n|move|p2b: Whimsicott|Tailwind|p2b: Whimsicott\n|-sidestart|p2: SimMikaze|move: Tailwind\n|move|p2a: Gengar|Shadow Ball|p1a: Starmie\n|-supereffective|p1a: Starmie|1\n|-damage|p1a: Starmie|0 fnt\n|faint|p1a: Starmie\n|move|p1b: Pelipper|Hurricane|p2b: Whimsicott\n|-supereffective|p2b: Whimsicott|1\n|-damage|p2b: Whimsicott|0 fnt\n|faint|p2b: Whimsicott\n|\n|-weather|RainDance|[upkeep]\n|upkeep\n|\n|t:|1776243137\n|switch|p1a: Archaludon|Archaludon, L50, F|100/100\n|switch|p2b: Incineroar|Incineroar, L50, M, shiny|100/100\n|-ability|p2b: Incineroar|Intimidate|boost\n|-unboost|p1a: Archaludon|atk|1\n|-unboost|p1b: Pelipper|atk|1\n|turn|3\n|\n|t:|1776243160\n|move|p1b: Pelipper|Protect|p1b: Pelipper\n|-singleturn|p1b: Pelipper|Protect\n|move|p2b: Incineroar|Fake Out|p1b: Pelipper\n|-activate|p1b: Pelipper|move: Protect\n|move|p2a: Gengar|Perish Song|p2a: Gengar\n|-start|p1a: Archaludon|perish3|[silent]\n|-start|p1b: Pelipper|perish3|[silent]\n|-start|p2a: Gengar|perish3|[silent]\n|-start|p2b: Incineroar|perish3|[silent]\n|-fieldactivate|move: Perish Song\n|move|p1a: Archaludon|Electro Shot||[still]\n|-prepare|p1a: Archaludon|Electro Shot\n|-boost|p1a: Archaludon|spa|1\n|-anim|p1a: Archaludon|Electro Shot|p2a: Gengar\n|-damage|p2a: Gengar|21/100\n|\n|-weather|RainDance|[upkeep]\n|-start|p2a: Gengar|perish3\n|-start|p1b: Pelipper|perish3\n|-start|p1a: Archaludon|perish3\n|-start|p2b: Incineroar|perish3\n|upkeep\n|turn|4\n|c|\u2606SimMikaze|Ouch\n|\n|t:|1776243178\n|move|p2a: Gengar|Protect|p2a: Gengar\n|-singleturn|p2a: Gengar|Protect\n|move|p2b: Incineroar|Protect|p2b: Incineroar\n|-singleturn|p2b: Incineroar|Protect\n|move|p1b: Pelipper|Weather Ball|p2a: Gengar\n|-activate|p2a: Gengar|move: Protect\n|move|p1a: Archaludon|Draco Meteor|p2b: Incineroar\n|-activate|p2b: Incineroar|move: Protect\n|\n|-weather|RainDance|[upkeep]\n|-start|p2a: Gengar|perish2\n|-start|p1b: Pelipper|perish2\n|-start|p1a: Archaludon|perish2\n|-start|p2b: Incineroar|perish2\n|-sideend|p1: Catactual|move: Tailwind\n|upkeep\n|turn|5\n|\n|t:|1776243194\n|switch|p2a: Kommo-o|Kommo-o, L50, F|100/100\n|move|p2b: Incineroar|Parting Shot|p1a: Archaludon\n|-unboost|p1a: Archaludon|atk|1\n|-unboost|p1a: Archaludon|spa|1\n|\n|t:|1776243199\n|switch|p2b: Gengar|Gengar-Mega, L50, M, shiny|21/100|[from] Parting Shot\n|move|p1b: Pelipper|Hurricane|p2a: Kommo-o\n|-supereffective|p2a: Kommo-o|1\n|-damage|p2a: Kommo-o|0 fnt\n|faint|p2a: Kommo-o\n|move|p1a: Archaludon|Draco Meteor|p2b: Gengar\n|-damage|p2b: Gengar|0 fnt\n|-unboost|p1a: Archaludon|spa|2\n|faint|p2b: Gengar\n|\n|-weather|none\n|-start|p1b: Pelipper|perish1\n|-start|p1a: Archaludon|perish1\n|-sideend|p2: SimMikaze|move: Tailwind\n|upkeep\n|c|\u2606SimMikaze|Oh well\n|\n|t:|1776243220\n|switch|p2b: Incineroar|Incineroar, L50, M, shiny|100/100\n|-ability|p2b: Incineroar|Intimidate|boost\n|-unboost|p1a: Archaludon|atk|1\n|-unboost|p1b: Pelipper|atk|1\n|turn|6\n|\n|t:|1776243243\n|switch|p1b: Sneasler|Sneasler, L50, M|100/100\n|move|p1a: Archaludon|Draco Meteor|p1b: Sneasler\n|-damage|p1b: Sneasler|56/100\n|-unboost|p1a: Archaludon|spa|2\n|move|p2b: Incineroar|Parting Shot|p1a: Archaludon\n|-unboost|p1a: Archaludon|atk|1\n|-unboost|p1a: Archaludon|spa|1\n|\n|-start|p1a: Archaludon|perish0\n|faint|p1a: Archaludon\n|upkeep\n|inactive|Catactual has 30 seconds left.\n|inactive|Catactual has 20 seconds left.\n|\n|t:|1776243278\n|switch|p1a: Pelipper|Pelipper, L50, M|100/100\n|-weather|RainDance|[from] ability: Drizzle|[of] p1a: Pelipper\n|turn|7\n|\n|t:|1776243283\n|move|p2b: Incineroar|Protect|p2b: Incineroar\n|-singleturn|p2b: Incineroar|Protect\n|move|p1b: Sneasler|Close Combat|p2b: Incineroar\n|-activate|p2b: Incineroar|move: Protect\n|move|p1a: Pelipper|Weather Ball|p2b: Incineroar\n|-activate|p2b: Incineroar|move: Protect\n|\n|-weather|RainDance|[upkeep]\n|upkeep\n|turn|8\n|\n|t:|1776243298\n|move|p1b: Sneasler|Close Combat|p2b: Incineroar\n|-supereffective|p2b: Incineroar|1\n|-damage|p2b: Incineroar|0 fnt\n|-unboost|p1b: Sneasler|def|1\n|-unboost|p1b: Sneasler|spd|1\n|faint|p2b: Incineroar\n|\n|win|Catactual\n|raw|Catactual's rating: 1312 &rarr; <strong>1327</strong><br />(+15 for winning)\n|raw|SimMikaze's rating: 1218 &rarr; <strong>1200</strong><br />(-18 for losing)\n",
  "uploadtime": 1776243299,
  "views": 23,
  "formatid": "gen9championsvgc2026regma",
  "rating": 1200,
  "private": 0,
  "password": null
}