{
  "id": "gen9championsvgc2026regma-2582917852",
  "format": "[Gen 9 Champions] VGC 2026 Reg M-A",
  "players": [
    "Pedimgg",
    "pyroboy001"
  ],
  "log": "|j|\u2606Pedimgg\n|j|\u2606pyroboy001\n|t:|1776124854\n|gametype|doubles\n|player|p1|Pedimgg|2|1040\n|player|p2|pyroboy001|170|1047\n|gen|9\n|tier|[Gen 9 Champions] VGC 2026 Reg M-A\n|rated|\n|rule|Species Clause: Limit one of each Pok\u00e9mon\n|rule|Item Clause: Limit 1 of each item\n|clearpoke\n|poke|p1|Gallade, L50, M|\n|poke|p1|Oranguru, L50, M|\n|poke|p1|Ampharos, L50, M|\n|poke|p1|Clefable, L50, F|\n|poke|p1|Incineroar, L50, M|\n|poke|p1|Pangoro, L50, F|\n|poke|p2|Kangaskhan, L50, F|\n|poke|p2|Volcarona, L50, F|\n|poke|p2|Sinistcha, L50|\n|poke|p2|Palafin, L50, M|\n|poke|p2|Tinkaton, L50, F|\n|poke|p2|Aerodactyl, L50, M|\n|teampreview|4\n|inactive|Battle timer is ON: inactive players will automatically lose when time's up. (requested by Pedimgg)\n|inactive|pyroboy001 has 60 seconds left.\n|\n|t:|1776124889\n|teamsize|p1|4\n|teamsize|p2|4\n|start\n|switch|p1a: Gallade|Gallade, L50, M|100/100\n|switch|p1b: Clefable|Clefable, L50, F|100/100\n|switch|p2a: Kangaskhan|Kangaskhan, L50, F|100/100\n|switch|p2b: Tinkaton|Tinkaton, L50, F|100/100\n|-ability|p2b: Tinkaton|Mold Breaker\n|turn|1\n|\n|t:|1776124912\n|switch|p2a: Volcarona|Volcarona, L50, F|100/100\n|move|p1b: Clefable|Follow Me|p1b: Clefable\n|-singleturn|p1b: Clefable|move: Follow Me\n|move|p2b: Tinkaton|Gigaton Hammer|p1b: Clefable\n|-supereffective|p1b: Clefable|1\n|-damage|p1b: Clefable|0 fnt\n|faint|p1b: Clefable\n|move|p1a: Gallade|Sacred Sword|p2b: Tinkaton\n|-damage|p2b: Tinkaton|15/100\n|\n|upkeep\n|\n|t:|1776124925\n|switch|p1b: Incineroar|Incineroar, L50, M|100/100\n|-ability|p1b: Incineroar|Intimidate|boost\n|-unboost|p2a: Volcarona|atk|1\n|-unboost|p2b: Tinkaton|atk|1\n|turn|2\n|\n|t:|1776124943\n|move|p1b: Incineroar|Fake Out|p2a: Volcarona\n|-crit|p2a: Volcarona\n|-damage|p2a: Volcarona|75/100\n|move|p2b: Tinkaton|Knock Off|p1a: Gallade\n|-damage|p1a: Gallade|72/100\n|-enditem|p1a: Gallade|Focus Sash|[from] move: Knock Off|[of] p2b: Tinkaton\n|cant|p2a: Volcarona|flinch\n|move|p1a: Gallade|Aqua Cutter|p2a: Volcarona\n|-supereffective|p2a: Volcarona|1\n|-damage|p2a: Volcarona|0 fnt\n|faint|p2a: Volcarona\n|\n|upkeep\n|\n|t:|1776124957\n|switch|p2a: Kangaskhan|Kangaskhan, L50, F|100/100\n|turn|3\n|\n|t:|1776124969\n|switch|p1a: Pangoro|Pangoro, L50, F|100/100\n|-ability|p1a: Pangoro|Mold Breaker\n|detailschange|p2a: Kangaskhan|Kangaskhan-Mega, L50, F\n|-mega|p2a: Kangaskhan|Kangaskhan|Kangaskhanite\n|move|p2b: Tinkaton|Encore|p1b: Incineroar\n|-start|p1b: Incineroar|Encore\n|-enditem|p1b: Incineroar|Mental Herb\n|-end|p1b: Incineroar|Encore\n|move|p2a: Kangaskhan|Drain Punch|p1b: Incineroar\n|-supereffective|p1b: Incineroar|1\n|-damage|p1b: Incineroar|32/100\n|-supereffective|p1b: Incineroar|1\n|-damage|p1b: Incineroar|16/100\n|-hitcount|p1b: Incineroar|2\n|move|p1b: Incineroar|Flare Blitz|p2b: Tinkaton\n|-supereffective|p2b: Tinkaton|1\n|-damage|p2b: Tinkaton|0 fnt\n|faint|p2b: Tinkaton\n|-damage|p1b: Incineroar|10/100|[from] Recoil\n|\n|upkeep\n|\n|t:|1776124988\n|switch|p2b: Sinistcha|Sinistcha, L50|100/100\n|turn|4\n|\n|t:|1776125004\n|move|p2b: Sinistcha|Protect|p2b: Sinistcha\n|-singleturn|p2b: Sinistcha|Protect\n|move|p2a: Kangaskhan|Body Slam|p1a: Pangoro\n|-damage|p1a: Pangoro|51/100\n|-damage|p1a: Pangoro|39/100\n|-hitcount|p1a: Pangoro|2\n|move|p1b: Incineroar|Parting Shot|p2a: Kangaskhan\n|-unboost|p2a: Kangaskhan|atk|1\n|-unboost|p2a: Kangaskhan|spa|1\n|\n|t:|1776125014\n|switch|p1b: Gallade|Gallade, L50, M|72/100|[from] Parting Shot\n|move|p1a: Pangoro|Close Combat|p2a: Kangaskhan\n|-supereffective|p2a: Kangaskhan|1\n|-damage|p2a: Kangaskhan|0 fnt\n|-unboost|p1a: Pangoro|def|1\n|-unboost|p1a: Pangoro|spd|1\n|faint|p2a: Kangaskhan\n|\n|upkeep\n|turn|5\n|\n|t:|1776125032\n|move|p1b: Gallade|Psycho Cut|p2b: Sinistcha\n|-crit|p2b: Sinistcha\n|-damage|p2b: Sinistcha|20/100\n|-enditem|p2b: Sinistcha|Sitrus Berry|[eat]\n|-heal|p2b: Sinistcha|44/100|[from] item: Sitrus Berry\n|move|p2b: Sinistcha|Matcha Gotcha|p1b: Gallade|[spread] p1b\n|-miss|p2b: Sinistcha|p1a: Pangoro\n|-damage|p1b: Gallade|46/100\n|-heal|p2b: Sinistcha|55/100|[from] drain|[of] p1b: Gallade\n|move|p1a: Pangoro|Darkest Lariat|p2b: Sinistcha\n|-supereffective|p2b: Sinistcha|1\n|-damage|p2b: Sinistcha|0 fnt\n|faint|p2b: Sinistcha\n|\n|win|Pedimgg\n|raw|Pedimgg's rating: 1040 &rarr; <strong>1075</strong><br />(+35 for winning)\n|raw|pyroboy001's rating: 1047 &rarr; <strong>1030</strong><br />(-17 for losing)\n|l|\u2606pyroboy001\n|player|p2|\n",
  "uploadtime": 1776125048,
  "views": 19,
  "formatid": "gen9championsvgc2026regma",
  "rating": 1030,
  "private": 0,
  "password": null
}