{
  "id": "gen9championsvgc2026regma-2580674399",
  "format": "[Gen 9 Champions] VGC 2026 Reg M-A",
  "players": [
    "pretzel_galaxian",
    "SculoWally"
  ],
  "log": "|j|\u2606pretzel_galaxian\n|j|\u2606SculoWally\n|t:|1775923273\n|gametype|doubles\n|player|p1|pretzel_galaxian|170|1088\n|player|p2|SculoWally|170|1143\n|gen|9\n|tier|[Gen 9 Champions] VGC 2026 Reg M-A\n|rated|\n|rule|Species Clause: Limit one of each Pok\u00e9mon\n|rule|Item Clause: Limit 1 of each item\n|clearpoke\n|poke|p1|Medicham, L50, M|\n|poke|p1|Sneasler, L50, F|\n|poke|p1|Clefable, L50, M|\n|poke|p1|Runerigus, L50, F|\n|poke|p1|Torkoal, L50, F|\n|poke|p1|Scovillain, L50, F|\n|poke|p2|Aerodactyl, L50, M|\n|poke|p2|Sneasler, L50, M|\n|poke|p2|Sableye, L50, F|\n|poke|p2|Primarina, L50, M|\n|poke|p2|Sinistcha, L50|\n|poke|p2|Beedrill, L50, F|\n|teampreview|4\n|\n|t:|1775923325\n|teamsize|p1|4\n|teamsize|p2|4\n|start\n|switch|p1a: Medicham|Medicham, L50, M, shiny|100/100\n|switch|p1b: Sneasler|Sneasler, L50, F|100/100\n|switch|p2a: Beedrill|Beedrill, L50, F|100/100\n|switch|p2b: Primarina|Primarina, L50, M|100/100\n|turn|1\n|\n|t:|1775923351\n|detailschange|p2a: Beedrill|Beedrill-Mega, L50, F\n|-mega|p2a: Beedrill|Beedrill|Beedrillite\n|move|p2a: Beedrill|U-turn|p1a: Medicham\n|-damage|p1a: Medicham|3/100\n|\n|t:|1775923355\n|switch|p2a: Sableye|Sableye, L50, F|100/100|[from] U-turn\n|move|p1a: Medicham|Skill Swap|p1b: Sneasler\n|-activate|p1a: Medicham|Skill Swap|||[of] p1b: Sneasler\n|move|p1b: Sneasler|Dire Claw|p2b: Primarina\n|-supereffective|p2b: Primarina|1\n|-damage|p2b: Primarina|0 fnt\n|faint|p2b: Primarina\n|\n|upkeep\n|\n|t:|1775923363\n|switch|p2b: Sneasler|Sneasler, L50, M|100/100\n|turn|2\n|\n|t:|1775923403\n|switch|p1a: Runerigus|Runerigus, L50, F|100/100\n|move|p2b: Sneasler|Fake Out|p1a: Runerigus\n|-immune|p1a: Runerigus\n|move|p2a: Sableye|Will-O-Wisp|p1b: Sneasler\n|-status|p1b: Sneasler|brn\n|move|p1b: Sneasler|Dire Claw|p2b: Sneasler\n|-resisted|p2b: Sneasler|1\n|-damage|p2b: Sneasler|65/100\n|\n|-damage|p1b: Sneasler|95/100 brn|[from] brn\n|upkeep\n|turn|3\n|\n|t:|1775923423\n|move|p1b: Sneasler|Protect|p1b: Sneasler\n|-singleturn|p1b: Sneasler|Protect\n|move|p2a: Sableye|Reflect|p2a: Sableye\n|-sidestart|p2: SculoWally|Reflect\n|move|p2b: Sneasler|Close Combat|p1b: Sneasler\n|-activate|p1b: Sneasler|move: Protect\n|move|p1a: Runerigus|Earthquake|p2a: Sableye|[spread] p2a,p2b\n|-activate|p1b: Sneasler|move: Protect\n|-supereffective|p2b: Sneasler|1\n|-damage|p2a: Sableye|72/100\n|-damage|p2b: Sneasler|0 fnt\n|faint|p2b: Sneasler\n|\n|-damage|p1b: Sneasler|89/100 brn|[from] brn\n|upkeep\n|\n|t:|1775923426\n|switch|p2b: Beedrill|Beedrill-Mega, L50, F|100/100\n|turn|4\n|\n|t:|1775923477\n|move|p2a: Sableye|Will-O-Wisp|p1a: Runerigus\n|-status|p1a: Runerigus|brn\n|move|p2b: Beedrill|Drill Run|p1b: Sneasler\n|-supereffective|p1b: Sneasler|1\n|-damage|p1b: Sneasler|0 fnt\n|faint|p1b: Sneasler\n|move|p1a: Runerigus|Trick Room|p1a: Runerigus\n|-fieldstart|move: Trick Room|[of] p1a: Runerigus\n|\n|-damage|p1a: Runerigus|94/100 brn|[from] brn\n|upkeep\n|\n|t:|1775923497\n|switch|p1b: Clefable|Clefable, L50, M|100/100\n|turn|5\n|\n|t:|1775923514\n|detailschange|p1b: Clefable|Clefable-Mega, L50, M\n|-mega|p1b: Clefable|Clefable|Clefablite\n|move|p2a: Sableye|Light Screen|p2a: Sableye\n|-sidestart|p2: SculoWally|move: Light Screen\n|move|p1a: Runerigus|Body Press|p2b: Beedrill\n|-resisted|p2b: Beedrill|2\n|-crit|p2b: Beedrill\n|-damage|p2b: Beedrill|84/100\n|move|p1b: Clefable|Air Slash|p2b: Beedrill\n|-supereffective|p2b: Beedrill|1\n|-damage|p2b: Beedrill|18/100\n|cant|p2b: Beedrill|flinch\n|\n|-damage|p1a: Runerigus|88/100 brn|[from] brn\n|upkeep\n|turn|6\n|\n|t:|1775923539\n|move|p2b: Beedrill|Protect|p2b: Beedrill\n|-singleturn|p2b: Beedrill|Protect\n|move|p2a: Sableye|Will-O-Wisp|p1b: Clefable\n|move|p1b: Clefable|Will-O-Wisp|p2a: Sableye|[from] ability: Magic Bounce\n|-status|p2a: Sableye|brn\n|move|p1a: Runerigus|Poltergeist|p2a: Sableye\n|-activate|p2a: Sableye|move: Poltergeist|Sitrus Berry\n|-damage|p2a: Sableye|50/100 brn\n|-enditem|p2a: Sableye|Sitrus Berry|[eat]\n|-heal|p2a: Sableye|75/100 brn|[from] item: Sitrus Berry\n|move|p1b: Clefable|Air Slash|p2b: Beedrill\n|-activate|p2b: Beedrill|move: Protect\n|\n|-damage|p1a: Runerigus|82/100 brn|[from] brn\n|-damage|p2a: Sableye|69/100 brn|[from] brn\n|upkeep\n|turn|7\n|\n|t:|1775923579\n|move|p2a: Sableye|Rain Dance|p2a: Sableye\n|-weather|RainDance\n|move|p1a: Runerigus|Earthquake|p2a: Sableye|[spread] p2a,p2b\n|-immune|p1b: Clefable\n|-damage|p2a: Sableye|54/100 brn\n|-damage|p2b: Beedrill|0 fnt\n|faint|p2b: Beedrill\n|move|p1b: Clefable|Dazzling Gleam|p2a: Sableye\n|-supereffective|p2a: Sableye|1\n|-damage|p2a: Sableye|3/100 brn\n|\n|-weather|RainDance|[upkeep]\n|-damage|p1a: Runerigus|76/100 brn|[from] brn\n|-damage|p2a: Sableye|0 fnt|[from] brn\n|faint|p2a: Sableye\n|\n|win|pretzel_galaxian\n|raw|pretzel_galaxian's rating: 1088 &rarr; <strong>1119</strong><br />(+31 for winning)\n|raw|SculoWally's rating: 1143 &rarr; <strong>1114</strong><br />(-29 for losing)\n|l|\u2606SculoWally\n|player|p2|\n",
  "uploadtime": 1775923594,
  "views": 14,
  "formatid": "gen9championsvgc2026regma",
  "rating": 1114,
  "private": 0,
  "password": null
}