{
  "id": "gen9championsvgc2026regma-2586078619",
  "format": "[Gen 9 Champions] VGC 2026 Reg M-A",
  "players": [
    "draconious101",
    "Zenakuss17"
  ],
  "log": "|j|\u2606draconious101\n|j|\u2606Zenakuss17\n|t:|1776396666\n|gametype|doubles\n|player|p1|draconious101|blue|1127\n|player|p2|Zenakuss17|benga|1124\n|gen|9\n|tier|[Gen 9 Champions] VGC 2026 Reg M-A\n|rated|\n|rule|Species Clause: Limit one of each Pok\u00e9mon\n|rule|Item Clause: Limit 1 of each item\n|clearpoke\n|poke|p1|Meganium, L50, F|\n|poke|p1|Whimsicott, L50, M|\n|poke|p1|Drampa, L50, M|\n|poke|p1|Corviknight, L50, M|\n|poke|p1|Arcanine-Hisui, L50, F|\n|poke|p1|Golurk, L50|\n|poke|p2|Pelipper, L50, M|\n|poke|p2|Sneasler, L50, M|\n|poke|p2|Palafin, L50, M|\n|poke|p2|Sinistcha, L50|\n|poke|p2|Archaludon, L50, M|\n|poke|p2|Dragonite, L50, M|\n|teampreview|4\n|\n|t:|1776396682\n|teamsize|p1|4\n|teamsize|p2|4\n|start\n|switch|p1a: Whimsicott|Whimsicott, L50, M|100/100\n|switch|p1b: Corviknight|Corviknight, L50, M, shiny|100/100\n|switch|p2a: Sneasler|Sneasler, L50, M|100/100\n|switch|p2b: Palafin|Palafin, L50, M, shiny|100/100\n|turn|1\n|\n|t:|1776396698\n|move|p2a: Sneasler|Fake Out|p1a: Whimsicott\n|-damage|p1a: Whimsicott|89/100\n|cant|p1a: Whimsicott|flinch\n|move|p2b: Palafin|Flip Turn|p1b: Corviknight\n|-damage|p1b: Corviknight|83/100\n|\n|t:|1776396707\n|detailschange|p2b: Palafin|Palafin-Hero, L50, M, shiny\n|switch|p2b: Pelipper|Pelipper, L50, M|100/100|[from] Flip Turn\n|-weather|RainDance|[from] ability: Drizzle|[of] p2b: Pelipper\n|move|p1b: Corviknight|Dual Wingbeat|p2a: Sneasler\n|-supereffective|p2a: Sneasler|1\n|-damage|p2a: Sneasler|42/100\n|-supereffective|p2a: Sneasler|1\n|-damage|p2a: Sneasler|0 fnt\n|faint|p2a: Sneasler\n|-hitcount|p2: Sneasler|2\n|\n|-weather|RainDance|[upkeep]\n|-heal|p1b: Corviknight|88/100|[from] item: Leftovers\n|upkeep\n|\n|t:|1776396716\n|switch|p2a: Archaludon|Archaludon, L50, M|100/100\n|turn|2\n|\n|t:|1776396737\n|switch|p1b: Drampa|Drampa, L50, M|100/100\n|-ability|p1b: Drampa|Cloud Nine\n|move|p1a: Whimsicott|Tailwind|p1a: Whimsicott\n|-sidestart|p1: draconious101|move: Tailwind\n|move|p2a: Archaludon|Electro Shot||[still]\n|-prepare|p2a: Archaludon|Electro Shot\n|-boost|p2a: Archaludon|spa|1\n|move|p2b: Pelipper|Tailwind|p2b: Pelipper\n|-sidestart|p2: Zenakuss17|move: Tailwind\n|\n|-weather|RainDance|[upkeep]\n|upkeep\n|turn|3\n|\n|t:|1776396771\n|move|p1a: Whimsicott|Grassy Terrain|p1a: Whimsicott\n|-fieldstart|move: Grassy Terrain\n|move|p2a: Archaludon|Electro Shot|p1b: Drampa|[from] lockedmove\n|-resisted|p1b: Drampa|1\n|-damage|p1b: Drampa|73/100\n|move|p2b: Pelipper|Hurricane|p1a: Whimsicott\n|-supereffective|p1a: Whimsicott|1\n|-damage|p1a: Whimsicott|0 fnt\n|faint|p1a: Whimsicott\n|move|p1b: Drampa|Glare|p2a: Archaludon\n|-status|p2a: Archaludon|par\n|\n|-weather|RainDance|[upkeep]\n|-heal|p1b: Drampa|79/100|[from] Grassy Terrain\n|upkeep\n|\n|t:|1776396788\n|switch|p1a: Meganium|Meganium, L50, F|100/100\n|turn|4\n|\n|t:|1776396800\n|detailschange|p1a: Meganium|Meganium-Mega, L50, F\n|-mega|p1a: Meganium|Meganium|Meganiumite\n|move|p1a: Meganium|Weather Ball|p2a: Archaludon\n|-damage|p2a: Archaludon|26/100 par\n|-ability|p2a: Archaludon|Stamina|boost\n|-boost|p2a: Archaludon|def|1\n|move|p2b: Pelipper|Hurricane|p1a: Meganium\n|-supereffective|p1a: Meganium|1\n|-damage|p1a: Meganium|19/100\n|-start|p1a: Meganium|confusion\n|move|p1b: Drampa|Glare|p2b: Pelipper\n|-status|p2b: Pelipper|par\n|move|p2a: Archaludon|Flash Cannon|p1a: Meganium\n|-supereffective|p1a: Meganium|1\n|-damage|p1a: Meganium|0 fnt\n|faint|p1a: Meganium\n|\n|-weather|RainDance|[upkeep]\n|-heal|p1b: Drampa|85/100|[from] Grassy Terrain\n|-heal|p2a: Archaludon|32/100 par|[from] Grassy Terrain\n|-heal|p2a: Archaludon|38/100 par|[from] item: Leftovers\n|upkeep\n|\n|t:|1776396821\n|switch|p1a: Corviknight|Corviknight, L50, M, shiny|88/100\n|turn|5\n|\n|t:|1776396866\n|move|p1a: Corviknight|Dual Wingbeat|p2b: Pelipper\n|-damage|p2b: Pelipper|83/100 par\n|-damage|p2b: Pelipper|66/100 par\n|-hitcount|p2b: Pelipper|2\n|move|p1b: Drampa|Draco Meteor|p2a: Archaludon\n|-damage|p2a: Archaludon|0 fnt\n|-unboost|p1b: Drampa|spa|2\n|faint|p2a: Archaludon\n|move|p2b: Pelipper|Hurricane|p1b: Drampa\n|-damage|p1b: Drampa|29/100\n|-start|p1b: Drampa|confusion\n|-enditem|p1b: Drampa|Sitrus Berry|[eat]\n|-heal|p1b: Drampa|54/100|[from] item: Sitrus Berry\n|\n|-weather|none\n|-heal|p1a: Corviknight|94/100|[from] item: Leftovers\n|-heal|p1b: Drampa|60/100|[from] Grassy Terrain\n|-sideend|p1: draconious101|move: Tailwind\n|-sideend|p2: Zenakuss17|move: Tailwind\n|upkeep\n|\n|t:|1776396874\n|switch|p2a: Palafin|Palafin-Hero, L50, M, shiny|100/100\n|-activate|p2a: Palafin|ability: Zero to Hero\n|turn|6\n|\n|t:|1776396894\n|move|p2a: Palafin|Ice Punch|p1b: Drampa\n|-supereffective|p1b: Drampa|1\n|-damage|p1b: Drampa|0 fnt\n|faint|p1b: Drampa\n|move|p1a: Corviknight|Dual Wingbeat|p2a: Palafin\n|-damage|p2a: Palafin|83/100\n|-damage|p2a: Palafin|67/100\n|-hitcount|p2a: Palafin|2\n|move|p2b: Pelipper|Hurricane|p1a: Corviknight\n|-resisted|p1a: Corviknight|1\n|-crit|p1a: Corviknight\n|-damage|p1a: Corviknight|56/100\n|\n|-heal|p2a: Palafin|72/100|[from] Grassy Terrain\n|-heal|p1a: Corviknight|61/100|[from] item: Leftovers\n|upkeep\n|turn|7\n|\n|t:|1776396911\n|move|p2a: Palafin|Ice Punch|p1a: Corviknight\n|-damage|p1a: Corviknight|37/100\n|move|p1a: Corviknight|Dual Wingbeat|p2a: Palafin\n|-damage|p2a: Palafin|54/100\n|-damage|p2a: Palafin|36/100\n|-hitcount|p2a: Palafin|2\n|move|p2b: Pelipper|Weather Ball|p1a: Corviknight\n|-resisted|p1a: Corviknight|1\n|-damage|p1a: Corviknight|29/100\n|\n|-heal|p2a: Palafin|42/100|[from] Grassy Terrain\n|-heal|p1a: Corviknight|35/100|[from] item: Leftovers\n|-fieldend|move: Grassy Terrain\n|upkeep\n|turn|8\n|\n|t:|1776396927\n|move|p1a: Corviknight|Protect|p1a: Corviknight\n|-singleturn|p1a: Corviknight|Protect\n|move|p2a: Palafin|Wave Crash|p1a: Corviknight\n|-activate|p1a: Corviknight|move: Protect\n|move|p2b: Pelipper|Hurricane|p1a: Corviknight\n|-activate|p1a: Corviknight|move: Protect\n|\n|-heal|p1a: Corviknight|41/100|[from] item: Leftovers\n|upkeep\n|turn|9\n|\n|t:|1776396934\n|move|p2a: Palafin|Wave Crash|p1a: Corviknight\n|-damage|p1a: Corviknight|0 fnt\n|faint|p1a: Corviknight\n|-damage|p2a: Palafin|28/100|[from] Recoil\n|\n|win|Zenakuss17\n|raw|draconious101's rating: 1127 &rarr; <strong>1102</strong><br />(-25 for losing)\n|raw|Zenakuss17's rating: 1124 &rarr; <strong>1149</strong><br />(+25 for winning)\n|l|\u2606draconious101\n|player|p1|\n",
  "uploadtime": 1776397108,
  "views": 17,
  "formatid": "gen9championsvgc2026regma",
  "rating": 1102,
  "private": 0,
  "password": null
}