{
  "id": "gen9championsvgc2026regma-2581108715",
  "format": "[Gen 9 Champions] VGC 2026 Reg M-A",
  "players": [
    "Uncreative7452",
    "Ivyzinha089"
  ],
  "log": "|j|\u203dUncreative7452\n|j|\u2606Ivyzinha089\n|t:|1775960673\n|gametype|doubles\n|player|p1|Uncreative7452|tuber|1182\n|player|p2|Ivyzinha089|dawn|1157\n|gen|9\n|tier|[Gen 9 Champions] VGC 2026 Reg M-A\n|rated|\n|rule|Species Clause: Limit one of each Pok\u00e9mon\n|rule|Item Clause: Limit 1 of each item\n|clearpoke\n|poke|p1|Charizard, L50, M|\n|poke|p1|Venusaur, L50, M|\n|poke|p1|Sneasler, L50, F|\n|poke|p1|Dragonite, L50, F|\n|poke|p1|Incineroar, L50, M|\n|poke|p1|Rhyperior, L50, M|\n|poke|p2|Froslass, L50, F|\n|poke|p2|Sneasler, L50, M|\n|poke|p2|Kingambit, L50, M|\n|poke|p2|Garchomp, L50, M|\n|poke|p2|Whimsicott, L50, F|\n|poke|p2|Milotic, L50, F|\n|teampreview|4\n|inactive|Battle timer is ON: inactive players will automatically lose when time's up. (requested by Ivyzinha089)\n|\n|t:|1775960702\n|teamsize|p1|4\n|teamsize|p2|4\n|start\n|switch|p1a: Rhyperior|Rhyperior, L50, M|100/100\n|switch|p1b: Charizard|Charizard, L50, M, shiny|100/100\n|switch|p2a: Froslass|Froslass, L50, F|100/100\n|switch|p2b: Sneasler|Sneasler, L50, M|100/100\n|turn|1\n|\n|t:|1775960719\n|move|p2a: Froslass|Protect|p2a: Froslass\n|-singleturn|p2a: Froslass|Protect\n|move|p2b: Sneasler|Protect|p2b: Sneasler\n|-singleturn|p2b: Sneasler|Protect\n|move|p1b: Charizard|Heat Wave|p2b: Sneasler|[spread] \n|-activate|p2a: Froslass|move: Protect\n|-activate|p2b: Sneasler|move: Protect\n|move|p1a: Rhyperior|Earthquake|p2b: Sneasler|[spread] \n|-activate|p2a: Froslass|move: Protect\n|-activate|p2b: Sneasler|move: Protect\n|-immune|p1b: Charizard\n|\n|upkeep\n|turn|2\n|\n|t:|1775960741\n|detailschange|p2a: Froslass|Froslass-Mega, L50, F\n|-mega|p2a: Froslass|Froslass|Froslassite\n|-weather|Snowscape|[from] ability: Snow Warning|[of] p2a: Froslass\n|move|p1b: Charizard|Protect|p1b: Charizard\n|-singleturn|p1b: Charizard|Protect\n|move|p2a: Froslass|Blizzard|p1b: Charizard|[spread] p1a\n|-activate|p1b: Charizard|move: Protect\n|-supereffective|p1a: Rhyperior|1\n|-damage|p1a: Rhyperior|23/100\n|move|p2b: Sneasler|Close Combat|p1a: Rhyperior\n|-supereffective|p1a: Rhyperior|1\n|-damage|p1a: Rhyperior|0 fnt\n|-unboost|p2b: Sneasler|def|1\n|-unboost|p2b: Sneasler|spd|1\n|faint|p1a: Rhyperior\n|-enditem|p2b: Sneasler|White Herb\n|-clearnegativeboost|p2b: Sneasler|[silent]\n|\n|-weather|Snowscape|[upkeep]\n|upkeep\n|\n|t:|1775960753\n|switch|p1a: Venusaur|Venusaur, L50, M, shiny|100/100\n|turn|3\n|\n|t:|1775960761\n|switch|p2a: Milotic|Milotic, L50, F|100/100\n|detailschange|p1b: Charizard|Charizard-Mega-Y, L50, M, shiny\n|-mega|p1b: Charizard|Charizard|Charizardite Y\n|-weather|SunnyDay|[from] ability: Drought|[of] p1b: Charizard\n|move|p2b: Sneasler|Protect|p2b: Sneasler\n|-singleturn|p2b: Sneasler|Protect\n|move|p1a: Venusaur|Sleep Powder|p2b: Sneasler\n|-activate|p2b: Sneasler|move: Protect\n|move|p1b: Charizard|Weather Ball|p2a: Milotic\n|-resisted|p2a: Milotic|1\n|-damage|p2a: Milotic|71/100\n|\n|-weather|SunnyDay|[upkeep]\n|-heal|p2a: Milotic|77/100|[from] item: Leftovers\n|upkeep\n|turn|4\n|inactive|Ivyzinha089 has 30 seconds left.\n|inactive|Ivyzinha089 has 20 seconds left.\n|inactive|Ivyzinha089 has 15 seconds left.\n|\n|t:|1775960802\n|move|p2a: Milotic|Protect|p2a: Milotic\n|-singleturn|p2a: Milotic|Protect\n|move|p2b: Sneasler|Dire Claw|p1b: Charizard\n|-damage|p1b: Charizard|36/100\n|move|p1a: Venusaur|Solar Beam||[still]\n|-prepare|p1a: Venusaur|Solar Beam\n|-anim|p1a: Venusaur|Solar Beam|p2a: Milotic\n|-activate|p2a: Milotic|move: Protect\n|move|p1b: Charizard|Weather Ball|p2b: Sneasler\n|-damage|p2b: Sneasler|0 fnt\n|faint|p2b: Sneasler\n|\n|-weather|SunnyDay|[upkeep]\n|-heal|p2a: Milotic|83/100|[from] item: Leftovers\n|upkeep\n|\n|t:|1775960814\n|switch|p2b: Froslass|Froslass-Mega, L50, F|100/100\n|-weather|Snowscape|[from] ability: Snow Warning|[of] p2b: Froslass\n|turn|5\n|\n|t:|1775960824\n|switch|p1b: Dragonite|Dragonite, L50, F|100/100\n|move|p1a: Venusaur|Protect|p1a: Venusaur\n|-singleturn|p1a: Venusaur|Protect\n|move|p2b: Froslass|Blizzard|p1a: Venusaur|[spread] p1b\n|-activate|p1a: Venusaur|move: Protect\n|-supereffective|p1b: Dragonite|2\n|-damage|p1b: Dragonite|9/100\n|move|p2a: Milotic|Muddy Water|p1a: Venusaur|[spread] p1b\n|-activate|p1a: Venusaur|move: Protect\n|-resisted|p1b: Dragonite|1\n|-damage|p1b: Dragonite|0 fnt\n|faint|p1b: Dragonite\n|\n|-weather|Snowscape|[upkeep]\n|-heal|p2a: Milotic|89/100|[from] item: Leftovers\n|upkeep\n|\n|t:|1775960826\n|switch|p1b: Charizard|Charizard-Mega-Y, L50, M, shiny|36/100\n|-weather|SunnyDay|[from] ability: Drought|[of] p1b: Charizard\n|turn|6\n|\n|t:|1775960851\n|switch|p2b: Garchomp|Garchomp, L50, M|100/100\n|move|p1a: Venusaur|Solar Beam||[still]\n|-prepare|p1a: Venusaur|Solar Beam\n|-anim|p1a: Venusaur|Solar Beam|p2a: Milotic\n|-supereffective|p2a: Milotic|1\n|-damage|p2a: Milotic|16/100\n|move|p1b: Charizard|Weather Ball|p2b: Garchomp\n|-resisted|p2b: Garchomp|1\n|-damage|p2b: Garchomp|48/100\n|move|p2a: Milotic|Icy Wind|p1b: Charizard|[spread] p1a,p1b\n|-supereffective|p1a: Venusaur|1\n|-damage|p1a: Venusaur|75/100\n|-damage|p1b: Charizard|25/100\n|-unboost|p1a: Venusaur|spe|1\n|-unboost|p1b: Charizard|spe|1\n|\n|-weather|SunnyDay|[upkeep]\n|-heal|p2a: Milotic|22/100|[from] item: Leftovers\n|upkeep\n|turn|7\n|\n|t:|1775960872\n|move|p1a: Venusaur|Sleep Powder|p2b: Garchomp|[miss]\n|-miss|p1a: Venusaur|p2b: Garchomp\n|move|p2b: Garchomp|Rock Slide|p1a: Venusaur|[spread] p1a,p1b\n|-supereffective|p1b: Charizard|2\n|-damage|p1a: Venusaur|51/100\n|-damage|p1b: Charizard|0 fnt\n|faint|p1b: Charizard\n|move|p2a: Milotic|Icy Wind|p1a: Venusaur\n|-supereffective|p1a: Venusaur|1\n|-damage|p1a: Venusaur|13/100\n|-unboost|p1a: Venusaur|spe|1\n|\n|-weather|SunnyDay|[upkeep]\n|-heal|p2a: Milotic|28/100|[from] item: Leftovers\n|upkeep\n|turn|8\n|-message|Uncreative7452 forfeited.\n|\n|win|Ivyzinha089\n|raw|Uncreative7452's rating: 1182 &rarr; <strong>1155</strong><br />(-27 for losing)\n|raw|Ivyzinha089's rating: 1157 &rarr; <strong>1184</strong><br />(+27 for winning)\n|l|\u203dUncreative7452\n|player|p1|\n|l|\u2606Ivyzinha089\n|player|p2|\n|j|\u2606Ivyzinha089\n|player|p2|Ivyzinha089|dawn|\n",
  "uploadtime": 1775960904,
  "views": 15,
  "formatid": "gen9championsvgc2026regma",
  "rating": 1155,
  "private": 0,
  "password": null
}