{
  "id": "gen9championsvgc2026regma-2580363965",
  "format": "[Gen 9 Champions] VGC 2026 Reg M-A",
  "players": [
    "sheikhswampert",
    "jsjsjshshshhs"
  ],
  "log": "|j|\u2606sheikhswampert\n|j|\u2606jsjsjshshshhs\n|t:|1775885626\n|gametype|doubles\n|player|p1|sheikhswampert|volkner|1113\n|player|p2|jsjsjshshshhs|169|1174\n|gen|9\n|tier|[Gen 9 Champions] VGC 2026 Reg M-A\n|rated|\n|rule|Species Clause: Limit one of each Pok\u00e9mon\n|rule|Item Clause: Limit 1 of each item\n|clearpoke\n|poke|p1|Pelipper, L50, F|\n|poke|p1|Archaludon, L50, M|\n|poke|p1|Basculegion, L50, M|\n|poke|p1|Dragapult, L50, F|\n|poke|p1|Sinistcha-Masterpiece, L50|\n|poke|p1|Beedrill, L50, M|\n|poke|p2|Charizard, L50, F|\n|poke|p2|Maushold-Four, L50|\n|poke|p2|Sneasler, L50, F|\n|poke|p2|Dragapult, L50, F|\n|poke|p2|Kingambit, L50, M|\n|poke|p2|Garchomp, L50, F|\n|teampreview|4\n|inactive|Battle timer is ON: inactive players will automatically lose when time's up. (requested by jsjsjshshshhs)\n|\n|t:|1775885644\n|teamsize|p1|4\n|teamsize|p2|4\n|start\n|switch|p1a: Pelipper|Pelipper, L50, F|100/100\n|switch|p1b: Archaludon|Archaludon, L50, M|100/100\n|switch|p2a: Charizard|Charizard, L50, F|100/100\n|switch|p2b: Garchomp|Garchomp, L50, F|100/100\n|-weather|RainDance|[from] ability: Drizzle|[of] p1a: Pelipper\n|turn|1\n|inactive|sheikhswampert has 30 seconds left.\n|inactive|sheikhswampert has 20 seconds left.\n|\n|t:|1775885683\n|detailschange|p2a: Charizard|Charizard-Mega-Y, L50, F\n|-mega|p2a: Charizard|Charizard|Charizardite Y\n|-weather|SunnyDay|[from] ability: Drought|[of] p2a: Charizard\n|move|p2b: Garchomp|Stomping Tantrum|p1b: Archaludon\n|-supereffective|p1b: Archaludon|1\n|-damage|p1b: Archaludon|39/100\n|-ability|p1b: Archaludon|Stamina|boost\n|-boost|p1b: Archaludon|def|1\n|-enditem|p1b: Archaludon|Sitrus Berry|[eat]\n|-heal|p1b: Archaludon|63/100|[from] item: Sitrus Berry\n|move|p2a: Charizard|Heat Wave|p1b: Archaludon|[spread] p1a,p1b\n|-resisted|p1a: Pelipper|1\n|-damage|p1a: Pelipper|54/100\n|-damage|p1b: Archaludon|8/100\n|-status|p1a: Pelipper|brn\n|-ability|p1b: Archaludon|Stamina|boost\n|-boost|p1b: Archaludon|def|1\n|move|p1a: Pelipper|Muddy Water|p2a: Charizard|[spread] p2a,p2b\n|-supereffective|p2a: Charizard|1\n|-damage|p2a: Charizard|72/100\n|-damage|p2b: Garchomp|85/100\n|-unboost|p2a: Charizard|accuracy|1\n|-unboost|p2b: Garchomp|accuracy|1\n|move|p1b: Archaludon|Dragon Pulse|p2b: Garchomp\n|-supereffective|p2b: Garchomp|1\n|-damage|p2b: Garchomp|12/100\n|\n|-weather|SunnyDay|[upkeep]\n|-damage|p1a: Pelipper|48/100 brn|[from] brn\n|upkeep\n|turn|2\n|inactive|sheikhswampert has 30 seconds left.\n|inactive|jsjsjshshshhs has 30 seconds left.\n|inactive|sheikhswampert has 20 seconds left.\n|\n|t:|1775885720\n|switch|p2a: Maushold|Maushold-Four, L50|100/100\n|switch|p1a: Basculegion|Basculegion, L50, M|100/100\n|move|p2b: Garchomp|Stomping Tantrum|p1b: Archaludon|[miss]\n|-miss|p2b: Garchomp|p1b: Archaludon\n|move|p1b: Archaludon|Dragon Pulse|p2b: Garchomp\n|-supereffective|p2b: Garchomp|1\n|-damage|p2b: Garchomp|0 fnt\n|faint|p2b: Garchomp\n|\n|-weather|SunnyDay|[upkeep]\n|upkeep\n|\n|t:|1775885733\n|switch|p2b: Dragapult|Dragapult, L50, F|100/100\n|turn|3\n|\n|t:|1775885752\n|switch|p1b: Dragapult|Dragapult, L50, F|100/100\n|move|p1a: Basculegion|Protect|p1a: Basculegion\n|-singleturn|p1a: Basculegion|Protect\n|move|p2a: Maushold|Follow Me|p2a: Maushold\n|-singleturn|p2a: Maushold|move: Follow Me\n|move|p2b: Dragapult|Will-O-Wisp|p1a: Basculegion\n|-activate|p1a: Basculegion|move: Protect\n|\n|-weather|SunnyDay|[upkeep]\n|upkeep\n|turn|4\n|inactive|sheikhswampert has 30 seconds left.\n|inactive|sheikhswampert has 20 seconds left.\n|inactive|sheikhswampert has 15 seconds left.\n|\n|t:|1775885792\n|switch|p1a: Archaludon|Archaludon, L50, M|8/100\n|move|p2a: Maushold|Follow Me|p2a: Maushold\n|-singleturn|p2a: Maushold|move: Follow Me\n|move|p1b: Dragapult|Shadow Ball|p2a: Maushold\n|-immune|p2a: Maushold\n|move|p2b: Dragapult|Will-O-Wisp|p1a: Archaludon\n|-status|p1a: Archaludon|brn\n|\n|-weather|SunnyDay|[upkeep]\n|-damage|p1a: Archaludon|2/100 brn|[from] brn\n|upkeep\n|turn|5\n|\n|t:|1775885812\n|move|p2a: Maushold|Follow Me|p2a: Maushold\n|-singleturn|p2a: Maushold|move: Follow Me\n|move|p1b: Dragapult|Draco Meteor|p2a: Maushold|[miss]\n|-miss|p1b: Dragapult|p2a: Maushold\n|move|p2b: Dragapult|Shadow Ball|p1b: Dragapult\n|-supereffective|p1b: Dragapult|1\n|-damage|p1b: Dragapult|5/100\n|move|p1a: Archaludon|Aura Sphere|p2a: Maushold\n|-supereffective|p2a: Maushold|1\n|-enditem|p2a: Maushold|Chople Berry|[eat]\n|-enditem|p2a: Maushold|Chople Berry|[weaken]\n|-damage|p2a: Maushold|73/100\n|\n|-weather|none\n|-damage|p1a: Archaludon|0 fnt|[from] brn\n|faint|p1a: Archaludon\n|upkeep\n|\n|t:|1775885831\n|switch|p1a: Pelipper|Pelipper, L50, F|48/100 brn\n|-weather|RainDance|[from] ability: Drizzle|[of] p1a: Pelipper\n|turn|6\n|\n|t:|1775885852\n|move|p2a: Maushold|Follow Me|p2a: Maushold\n|-singleturn|p2a: Maushold|move: Follow Me\n|move|p1b: Dragapult|Draco Meteor|p2a: Maushold\n|-damage|p2a: Maushold|15/100\n|-unboost|p1b: Dragapult|spa|2\n|-enditem|p1b: Dragapult|White Herb\n|-clearnegativeboost|p1b: Dragapult|[silent]\n|move|p2b: Dragapult|Shadow Ball|p1b: Dragapult\n|-supereffective|p1b: Dragapult|1\n|-damage|p1b: Dragapult|0 fnt\n|faint|p1b: Dragapult\n|move|p1a: Pelipper|Hurricane|p2a: Maushold\n|-damage|p2a: Maushold|0 fnt\n|faint|p2a: Maushold\n|\n|-weather|RainDance|[upkeep]\n|-damage|p1a: Pelipper|42/100 brn|[from] brn\n|upkeep\n|\n|t:|1775885867\n|switch|p1b: Basculegion|Basculegion, L50, M|100/100\n|switch|p2a: Charizard|Charizard-Mega-Y, L50, F|72/100\n|-weather|SunnyDay|[from] ability: Drought|[of] p2a: Charizard\n|turn|7\n|\n|t:|1775885887\n|move|p2a: Charizard|Protect|p2a: Charizard\n|-singleturn|p2a: Charizard|Protect\n|move|p2b: Dragapult|Will-O-Wisp|p1b: Basculegion\n|-status|p1b: Basculegion|brn\n|move|p1b: Basculegion|Last Respects|p2b: Dragapult\n|-supereffective|p2b: Dragapult|1\n|-enditem|p2b: Dragapult|Focus Sash\n|-damage|p2b: Dragapult|1/100\n|move|p1a: Pelipper|Hurricane|p2a: Charizard\n|-activate|p2a: Charizard|move: Protect\n|\n|-weather|SunnyDay|[upkeep]\n|-damage|p1b: Basculegion|94/100 brn|[from] brn\n|-damage|p1a: Pelipper|36/100 brn|[from] brn\n|upkeep\n|turn|8\n|\n|t:|1775885906\n|move|p1b: Basculegion|Aqua Jet|p2b: Dragapult\n|-resisted|p2b: Dragapult|1\n|-damage|p2b: Dragapult|0 fnt\n|faint|p2b: Dragapult\n|move|p2a: Charizard|Solar Beam||[still]\n|-prepare|p2a: Charizard|Solar Beam\n|-anim|p2a: Charizard|Solar Beam|p1b: Basculegion\n|-supereffective|p1b: Basculegion|1\n|-damage|p1b: Basculegion|0 fnt\n|faint|p1b: Basculegion\n|move|p1a: Pelipper|Hurricane|p2a: Charizard\n|-damage|p2a: Charizard|18/100\n|-start|p2a: Charizard|confusion\n|\n|-weather|SunnyDay|[upkeep]\n|-damage|p1a: Pelipper|31/100 brn|[from] brn\n|upkeep\n|turn|9\n|j| tuffa92\n|\n|t:|1775885921\n|-activate|p2a: Charizard|confusion\n|move|p2a: Charizard|Solar Beam||[still]\n|-prepare|p2a: Charizard|Solar Beam\n|-anim|p2a: Charizard|Solar Beam|p1a: Pelipper\n|-damage|p1a: Pelipper|0 fnt\n|faint|p1a: Pelipper\n|\n|win|jsjsjshshshhs\n|raw|sheikhswampert's rating: 1113 &rarr; <strong>1092</strong><br />(-21 for losing)\n|raw|jsjsjshshshhs's rating: 1174 &rarr; <strong>1195</strong><br />(+21 for winning)\n|c|\u2606sheikhswampert|gg\n|l|\u2606jsjsjshshshhs\n|player|p2|\n|l| tuffa92\n",
  "uploadtime": 1775886087,
  "views": 13,
  "formatid": "gen9championsvgc2026regma",
  "rating": 1092,
  "private": 0,
  "password": null
}