{
  "id": "gen9championsvgc2026regma-2588533582",
  "format": "[Gen 9 Champions] VGC 2026 Reg M-A",
  "players": [
    "Azre64",
    "yuriimon"
  ],
  "log": "|j|\u2606Azre64\n|j|\u2606yuriimon\n|t:|1776642414\n|gametype|doubles\n|player|p1|Azre64|drayden|1202\n|player|p2|yuriimon|waitress-gen4|1220\n|gen|9\n|tier|[Gen 9 Champions] VGC 2026 Reg M-A\n|rated|\n|rule|Species Clause: Limit one of each Pok\u00e9mon\n|rule|Item Clause: Limit 1 of each item\n|clearpoke\n|poke|p1|Floette-Eternal, L50, F|\n|poke|p1|Sinistcha, L50, shiny|\n|poke|p1|Aerodactyl, L50, F|\n|poke|p1|Archaludon, L50, F|\n|poke|p1|Gyarados, L50, M|\n|poke|p1|Sneasler, L50, M|\n|poke|p2|Glimmora, L50, F|\n|poke|p2|Archaludon, L50, F|\n|poke|p2|Politoed, L50, M|\n|poke|p2|Chesnaught, L50, F|\n|poke|p2|Incineroar, L50, M|\n|poke|p2|Garchomp, L50, F|\n|teampreview|4\n|inactive|Battle timer is ON: inactive players will automatically lose when time's up. (requested by yuriimon)\nAzre64 rejected open team sheets.\n|inactive|yuriimon has 60 seconds left.\n|\n|t:|1776642444\n|teamsize|p1|4\n|teamsize|p2|4\n|start\n|switch|p1a: Sneasler|Sneasler, L50, M|100/100\n|switch|p1b: Sinistcha|Sinistcha, L50, shiny|100/100\n|switch|p2a: Glimmora|Glimmora, L50, F|100/100\n|switch|p2b: Archaludon|Archaludon, L50, F|100/100\n|turn|1\n|\n|t:|1776642468\n|detailschange|p2a: Glimmora|Glimmora-Mega, L50, F\n|-mega|p2a: Glimmora|Glimmora|Glimmoranite\n|move|p2b: Archaludon|Protect|p2b: Archaludon\n|-singleturn|p2b: Archaludon|Protect\n|move|p1b: Sinistcha|Rage Powder|p1b: Sinistcha\n|-singleturn|p1b: Sinistcha|move: Rage Powder\n|move|p1a: Sneasler|Close Combat|p2b: Archaludon\n|-activate|p2b: Archaludon|move: Protect\n|move|p2a: Glimmora|Earth Power|p1b: Sinistcha\n|-resisted|p1b: Sinistcha|1\n|-damage|p1b: Sinistcha|83/100\n|\n|upkeep\n|turn|2\n|inactive|yuriimon has 30 seconds left.\n|\n|t:|1776642498\n|move|p1b: Sinistcha|Rage Powder|p1b: Sinistcha\n|-singleturn|p1b: Sinistcha|move: Rage Powder\n|move|p1a: Sneasler|Close Combat|p2a: Glimmora\n|-damage|p2a: Glimmora|36/100\n|-unboost|p1a: Sneasler|def|1\n|-unboost|p1a: Sneasler|spd|1\n|-enditem|p1a: Sneasler|White Herb\n|-clearnegativeboost|p1a: Sneasler|[silent]\n|move|p2a: Glimmora|Sludge Wave|p1a: Sneasler|[spread] p1a,p1b\n|-immune|p2b: Archaludon\n|-resisted|p1a: Sneasler|1\n|-damage|p1a: Sneasler|59/100\n|-damage|p1b: Sinistcha|25/100\n|-status|p1b: Sinistcha|psn\n|move|p2b: Archaludon|Draco Meteor|p1b: Sinistcha\n|-damage|p1b: Sinistcha|0 fnt\n|-unboost|p2b: Archaludon|spa|2\n|faint|p1b: Sinistcha\n|\n|upkeep\n|\n|t:|1776642517\n|switch|p1b: Floette|Floette-Eternal, L50, F|100/100\n|turn|3\n|\n|t:|1776642526\n|switch|p2b: Incineroar|Incineroar, L50, M|100/100\n|-ability|p2b: Incineroar|Intimidate|boost\n|-unboost|p1a: Sneasler|atk|1\n|-unboost|p1b: Floette|atk|1\n|detailschange|p1b: Floette|Floette-Mega, L50, F\n|-mega|p1b: Floette|Floette|Floettite\n|-ability|p1b: Floette|Fairy Aura\n|move|p2a: Glimmora|Spiky Shield|p2a: Glimmora\n|-singleturn|p2a: Glimmora|move: Protect\n|move|p1a: Sneasler|Close Combat|p2b: Incineroar\n|-supereffective|p2b: Incineroar|1\n|-damage|p2b: Incineroar|32/100\n|-unboost|p1a: Sneasler|def|1\n|-unboost|p1a: Sneasler|spd|1\n|-enditem|p2b: Incineroar|Sitrus Berry|[eat]\n|-heal|p2b: Incineroar|57/100|[from] item: Sitrus Berry\n|move|p1b: Floette|Dazzling Gleam|p2a: Glimmora|[spread] p2b\n|-activate|p2a: Glimmora|move: Protect\n|-damage|p2b: Incineroar|14/100\n|\n|upkeep\n|turn|4\n|inactive|yuriimon has 30 seconds left.\n|\n|t:|1776642551\n|switch|p1a: Gyarados|Gyarados, L50, M|100/100\n|-ability|p1a: Gyarados|Intimidate|boost\n|-unboost|p2a: Glimmora|atk|1\n|-unboost|p2b: Incineroar|atk|1\n|switch|p2b: Archaludon|Archaludon, L50, F|100/100\n|move|p1b: Floette|Protect|p1b: Floette\n|-singleturn|p1b: Floette|Protect\n|move|p2a: Glimmora|Sludge Wave|p1a: Gyarados|[spread] p1a\n|-activate|p1b: Floette|move: Protect\n|-immune|p2b: Archaludon\n|-crit|p1a: Gyarados\n|-damage|p1a: Gyarados|23/100\n|-enditem|p1a: Gyarados|Sitrus Berry|[eat]\n|-heal|p1a: Gyarados|47/100|[from] item: Sitrus Berry\n|\n|upkeep\n|turn|5\n|inactive|Azre64 has 30 seconds left.\n|inactive|yuriimon has 30 seconds left.\n|inactive|Azre64 has 20 seconds left.\n|inactive|Azre64 has 15 seconds left.\n|inactive|Azre64 has 10 seconds left.\n|\n|t:|1776642597\n|switch|p1b: Sneasler|Sneasler, L50, M|59/100\n|move|p2a: Glimmora|Spiky Shield|p2a: Glimmora\n|-singleturn|p2a: Glimmora|move: Protect\n|move|p2b: Archaludon|Flash Cannon|p1b: Sneasler\n|-damage|p1b: Sneasler|2/100\n|move|p1a: Gyarados|Waterfall|p2a: Glimmora\n|-activate|p2a: Glimmora|move: Protect\n|-damage|p1a: Gyarados|35/100|[from] Spiky Shield|[of] p2a: Glimmora\n|\n|upkeep\n|turn|6\n|\n|t:|1776642615\n|switch|p2a: Incineroar|Incineroar, L50, M|14/100\n|-ability|p2a: Incineroar|Intimidate|boost\n|-unboost|p1a: Gyarados|atk|1\n|-unboost|p1b: Sneasler|atk|1\n|move|p2b: Archaludon|Protect|p2b: Archaludon\n|-singleturn|p2b: Archaludon|Protect\n|move|p1b: Sneasler|Close Combat|p2b: Archaludon\n|-activate|p2b: Archaludon|move: Protect\n|move|p1a: Gyarados|Waterfall|p2a: Incineroar\n|-supereffective|p2a: Incineroar|1\n|-damage|p2a: Incineroar|0 fnt\n|faint|p2a: Incineroar\n|\n|upkeep\n|\n|t:|1776642626\n|switch|p2a: Politoed|Politoed, L50, M|100/100\n|-weather|RainDance|[from] ability: Drizzle|[of] p2a: Politoed\n|turn|7\n|\n|t:|1776642640\n|move|p1b: Sneasler|Close Combat|p2b: Archaludon\n|-supereffective|p2b: Archaludon|1\n|-enditem|p2b: Archaludon|Chople Berry|[eat]\n|-enditem|p2b: Archaludon|Chople Berry|[weaken]\n|-damage|p2b: Archaludon|64/100\n|-unboost|p1b: Sneasler|def|1\n|-unboost|p1b: Sneasler|spd|1\n|move|p2b: Archaludon|Electro Shot||[still]\n|-prepare|p2b: Archaludon|Electro Shot\n|-boost|p2b: Archaludon|spa|1\n|-anim|p2b: Archaludon|Electro Shot|p1a: Gyarados\n|-supereffective|p1a: Gyarados|2\n|-damage|p1a: Gyarados|0 fnt\n|faint|p1a: Gyarados\n|move|p2a: Politoed|Weather Ball|p1b: Sneasler\n|-damage|p1b: Sneasler|0 fnt\n|faint|p1b: Sneasler\n|\n|-weather|RainDance|[upkeep]\n|upkeep\n|\n|t:|1776642656\n|switch|p1b: Floette|Floette-Mega, L50, F|100/100\n|-ability|p1b: Floette|Fairy Aura\n|turn|8\n|\n|t:|1776642671\n|move|p1b: Floette|Moonblast|p2b: Archaludon\n|-damage|p2b: Archaludon|0 fnt\n|faint|p2b: Archaludon\n|move|p2a: Politoed|Weather Ball|p1b: Floette\n|-damage|p1b: Floette|60/100\n|\n|-weather|RainDance|[upkeep]\n|upkeep\n|\n|t:|1776642674\n|switch|p2b: Glimmora|Glimmora-Mega, L50, F|36/100\n|turn|9\n|\n|t:|1776642683\n|move|p2b: Glimmora|Spiky Shield|p2b: Glimmora\n|-singleturn|p2b: Glimmora|move: Protect\n|move|p1b: Floette|Dazzling Gleam|p2a: Politoed|[spread] p2a\n|-activate|p2b: Glimmora|move: Protect\n|-damage|p2a: Politoed|57/100\n|move|p2a: Politoed|Weather Ball|p1b: Floette\n|-damage|p1b: Floette|22/100\n|\n|-weather|RainDance|[upkeep]\n|upkeep\n|turn|10\n|\n|t:|1776642699\n|move|p1b: Floette|Dazzling Gleam|p2b: Glimmora|[spread] p2a,p2b\n|-resisted|p2b: Glimmora|1\n|-damage|p2a: Politoed|13/100\n|-damage|p2b: Glimmora|11/100\n|move|p2b: Glimmora|Sludge Wave|p1b: Floette|[spread] p2a,p1b\n|-supereffective|p1b: Floette|1\n|-damage|p2a: Politoed|0 fnt\n|-damage|p1b: Floette|0 fnt\n|faint|p2a: Politoed\n|faint|p1b: Floette\n|\n|win|yuriimon\n|raw|Azre64's rating: 1202 &rarr; <strong>1178</strong><br />(-24 for losing)\n|raw|yuriimon's rating: 1220 &rarr; <strong>1244</strong><br />(+24 for winning)\n|c|\u2606yuriimon|ggwp\n|c|\u2606Azre64|Gg\n",
  "uploadtime": 1776642713,
  "views": 11,
  "formatid": "gen9championsvgc2026regma",
  "rating": 1178,
  "private": 0,
  "password": null
}