{
  "id": "gen9championsvgc2026regma-2586553172",
  "format": "[Gen 9 Champions] VGC 2026 Reg M-A",
  "players": [
    "KarmicPines2002",
    "fyju"
  ],
  "log": "|j|\u2606KarmicPines2002\n|j|\u2606fyju\n|t:|1776442592\n|gametype|doubles\n|player|p1|KarmicPines2002|2|1237\n|player|p2|fyju|169|1184\n|gen|9\n|tier|[Gen 9 Champions] VGC 2026 Reg M-A\n|rated|\n|rule|Species Clause: Limit one of each Pok\u00e9mon\n|rule|Item Clause: Limit 1 of each item\n|clearpoke\n|poke|p1|Gardevoir, L50, M|\n|poke|p1|Incineroar, L50, F|\n|poke|p1|Aerodactyl, L50, F|\n|poke|p1|Sinistcha, L50|\n|poke|p1|Torkoal, L50, F|\n|poke|p1|Sneasler, L50, M|\n|poke|p2|Gengar, L50, M|\n|poke|p2|Snorlax, L50, M|\n|poke|p2|Hydreigon, L50, M|\n|poke|p2|Milotic, L50, F|\n|poke|p2|Sinistcha, L50|\n|poke|p2|Hawlucha, L50, M|\n|teampreview|4\n|inactive|Battle timer is ON: inactive players will automatically lose when time's up. (requested by KarmicPines2002)\nfyju rejected open team sheets.\n|inactive|KarmicPines2002 has 60 seconds left.\n|\n|t:|1776442637\n|teamsize|p1|4\n|teamsize|p2|4\n|start\n|switch|p1a: Gardevoir|Gardevoir, L50, M|100/100\n|switch|p1b: Sneasler|Sneasler, L50, M|100/100\n|switch|p2a: Milotic|Milotic, L50, F|100/100\n|switch|p2b: Gengar|Gengar, L50, M|100/100\n|-ability|p1a: Gardevoir|Competitive|Trace|[from] ability: Trace|[of] p2a: Milotic\n|turn|1\n|inactive|KarmicPines2002 has 30 seconds left.\n|inactive|fyju has 30 seconds left.\n|inactive|KarmicPines2002 has 20 seconds left.\n|inactive|KarmicPines2002 has 15 seconds left.\n|inactive|KarmicPines2002 has 10 seconds left.\n|\n|t:|1776442686\n|detailschange|p2b: Gengar|Gengar-Mega, L50, M\n|-mega|p2b: Gengar|Gengar|Gengarite\n|move|p2a: Milotic|Protect|p2a: Milotic\n|-singleturn|p2a: Milotic|Protect\n|move|p1b: Sneasler|Fake Out|p2a: Milotic\n|-activate|p2a: Milotic|move: Protect\n|move|p2b: Gengar|Sludge Bomb|p1a: Gardevoir\n|-supereffective|p1a: Gardevoir|1\n|-damage|p1a: Gardevoir|0 fnt\n|faint|p1a: Gardevoir\n|\n|upkeep\n|\n|t:|1776442707\n|switch|p1a: Aerodactyl|Aerodactyl, L50, F|100/100\n|-ability|p1a: Aerodactyl|Unnerve\n|turn|2\n|\n|t:|1776442720\n|move|p1a: Aerodactyl|Dual Wingbeat|p2b: Gengar\n|-damage|p2b: Gengar|74/100\n|-damage|p2b: Gengar|45/100\n|-hitcount|p2b: Gengar|2\n|move|p2b: Gengar|Shadow Ball|p1b: Sneasler\n|-damage|p1b: Sneasler|43/100\n|move|p1b: Sneasler|Dire Claw|p2a: Milotic\n|-damage|p2a: Milotic|47/100\n|move|p2a: Milotic|Scald|p1a: Aerodactyl\n|-supereffective|p1a: Aerodactyl|1\n|-damage|p1a: Aerodactyl|9/100\n|\n|-heal|p2a: Milotic|52/100|[from] item: Leftovers\n|upkeep\n|turn|3\n|inactive|KarmicPines2002 has 30 seconds left.\n|\n|t:|1776442748\n|move|p2b: Gengar|Protect|p2b: Gengar\n|-singleturn|p2b: Gengar|Protect\n|move|p1b: Sneasler|Protect|p1b: Sneasler\n|-singleturn|p1b: Sneasler|Protect\n|move|p1a: Aerodactyl|Dual Wingbeat|p2b: Gengar\n|-activate|p2b: Gengar|move: Protect\n|move|p2a: Milotic|Scald|p1a: Aerodactyl\n|-supereffective|p1a: Aerodactyl|1\n|-damage|p1a: Aerodactyl|0 fnt\n|faint|p1a: Aerodactyl\n|\n|-heal|p2a: Milotic|58/100|[from] item: Leftovers\n|upkeep\n|\n|t:|1776442764\n|switch|p1a: Sinistcha|Sinistcha, L50|100/100\n|-heal|p1b: Sneasler|67/100|[from] ability: Hospitality|[of] p1a: Sinistcha\n|turn|4\n|inactive|KarmicPines2002 has 30 seconds left.\n|\n|t:|1776442792\n|move|p2b: Gengar|Shadow Ball|p1a: Sinistcha\n|-supereffective|p1a: Sinistcha|1\n|-damage|p1a: Sinistcha|9/100\n|-enditem|p1a: Sinistcha|Sitrus Berry|[eat]\n|-heal|p1a: Sinistcha|34/100|[from] item: Sitrus Berry\n|move|p1b: Sneasler|Dire Claw|p2a: Milotic\n|-damage|p2a: Milotic|12/100\n|move|p2a: Milotic|Scald|p1b: Sneasler\n|-damage|p1b: Sneasler|34/100\n|move|p1a: Sinistcha|Matcha Gotcha|p2b: Gengar|[spread] p2a,p2b\n|-supereffective|p2a: Milotic|1\n|-resisted|p2b: Gengar|1\n|-damage|p2a: Milotic|0 fnt\n|-heal|p1a: Sinistcha|41/100|[from] drain|[of] p2a: Milotic\n|-damage|p2b: Gengar|28/100\n|-heal|p1a: Sinistcha|48/100|[from] drain|[of] p2b: Gengar\n|-status|p2b: Gengar|brn\n|faint|p2a: Milotic\n|\n|-damage|p2b: Gengar|22/100 brn|[from] brn\n|upkeep\n|\n|t:|1776442812\n|switch|p2a: Sinistcha|Sinistcha, L50|100/100\n|-heal|p2b: Gengar|46/100 brn|[from] ability: Hospitality|[of] p2a: Sinistcha\n|turn|5\n|\n|t:|1776442829\n|move|p1a: Sinistcha|Rage Powder|p1a: Sinistcha\n|-singleturn|p1a: Sinistcha|move: Rage Powder\n|move|p2b: Gengar|Shadow Ball|p1a: Sinistcha\n|-supereffective|p1a: Sinistcha|1\n|-damage|p1a: Sinistcha|0 fnt\n|faint|p1a: Sinistcha\n|move|p1b: Sneasler|Dire Claw|p2a: Sinistcha\n|-damage|p2a: Sinistcha|65/100\n|move|p2a: Sinistcha|Matcha Gotcha|p1b: Sneasler\n|-resisted|p1b: Sneasler|1\n|-damage|p1b: Sneasler|12/100\n|-heal|p2a: Sinistcha|76/100|[from] drain|[of] p1b: Sneasler\n|\n|-damage|p2b: Gengar|40/100 brn|[from] brn\n|upkeep\n|turn|6\n|\n|t:|1776442848\n|move|p2a: Sinistcha|Rage Powder|p2a: Sinistcha\n|-singleturn|p2a: Sinistcha|move: Rage Powder\n|move|p2b: Gengar|Shadow Ball|p1b: Sneasler\n|-damage|p1b: Sneasler|0 fnt\n|faint|p1b: Sneasler\n|\n|win|fyju\n|raw|KarmicPines2002's rating: 1237 &rarr; <strong>1208</strong><br />(-29 for losing)\n|raw|fyju's rating: 1184 &rarr; <strong>1213</strong><br />(+29 for winning)\n|l|\u2606fyju\n|player|p2|\n",
  "uploadtime": 1776442855,
  "views": 43,
  "formatid": "gen9championsvgc2026regma",
  "rating": 1208,
  "private": 0,
  "password": null
}