{
  "id": "gen9championsvgc2026regma-2589465733",
  "format": "[Gen 9 Champions] VGC 2026 Reg M-A",
  "players": [
    "Rammburglar",
    "dgsaffasdgag"
  ],
  "log": "|j|\u2606Rammburglar\n|j|\u2606dgsaffasdgag\n|t:|1776725413\n|gametype|doubles\n|player|p1|Rammburglar|266|1005\n|player|p2|dgsaffasdgag|266|1042\n|gen|9\n|tier|[Gen 9 Champions] VGC 2026 Reg M-A\n|rated|\n|rule|Species Clause: Limit one of each Pok\u00e9mon\n|rule|Item Clause: Limit 1 of each item\n|clearpoke\n|poke|p1|Meganium, L50, M|\n|poke|p1|Tauros-Paldea-Aqua, L50, M|\n|poke|p1|Liepard, L50, F|\n|poke|p1|Skarmory, L50, M|\n|poke|p1|Typhlosion-Hisui, L50, M|\n|poke|p1|Aurorus, L50, F|\n|poke|p2|Salazzle, L50, F, shiny|\n|poke|p2|Clefable, L50, F, shiny|\n|poke|p2|Whimsicott, L50, F, shiny|\n|poke|p2|Samurott-Hisui, L50, M, shiny|\n|poke|p2|Hydreigon, L50, M|\n|poke|p2|Lucario, L50, M|\n|teampreview|4\n|inactive|Battle timer is ON: inactive players will automatically lose when time's up. (requested by dgsaffasdgag)\n|inactive|Rammburglar has 60 seconds left.\n|inactive|dgsaffasdgag has 60 seconds left.\n|\n|t:|1776725446\n|teamsize|p1|4\n|teamsize|p2|4\n|start\n|switch|p1a: Liepard|Liepard, L50, F|100/100\n|switch|p1b: Skarmory|Skarmory, L50, M|100/100\n|switch|p2a: Salazzle|Salazzle, L50, F, shiny|100/100\n|switch|p2b: Hydreigon|Hydreigon, L50, M|100/100\n|turn|1\n|inactive|dgsaffasdgag has 30 seconds left.\n|\n|t:|1776725481\n|move|p2a: Salazzle|Fake Out|p1a: Liepard\n|-damage|p1a: Liepard|86/100\n|cant|p1a: Liepard|flinch\n|move|p2b: Hydreigon|Dark Pulse|p1b: Skarmory\n|-damage|p1b: Skarmory|23/100\n|move|p1b: Skarmory|Iron Defense|p1b: Skarmory\n|-boost|p1b: Skarmory|def|2\n|\n|upkeep\n|turn|2\n|inactive|Rammburglar has 30 seconds left.\n|\n|t:|1776725509\n|move|p1b: Skarmory|Protect|p1b: Skarmory\n|-singleturn|p1b: Skarmory|Protect\n|move|p1a: Liepard|Encore|p2a: Salazzle\n|-start|p2a: Salazzle|Encore\n|move|p2a: Salazzle|Fake Out||[still]\n|-hint|Fake Out only works on your first turn out.\n|-fail|p2a: Salazzle\n|move|p2b: Hydreigon|Dark Pulse|p1b: Skarmory\n|-activate|p1b: Skarmory|move: Protect\n|\n|upkeep\n|turn|3\n|\n|t:|1776725524\n|switch|p2a: Clefable|Clefable, L50, F, shiny|100/100\n|move|p1a: Liepard|Thunder Wave|p2b: Hydreigon\n|-hint|Since gen 7, Dark is immune to Prankster moves.\n|-immune|p2b: Hydreigon\n|move|p2b: Hydreigon|Dark Pulse|p1b: Skarmory\n|-crit|p1b: Skarmory\n|-damage|p1b: Skarmory|0 fnt\n|faint|p1b: Skarmory\n|\n|upkeep\n|\n|t:|1776725541\n|switch|p1b: Meganium|Meganium, L50, M|100/100\n|turn|4\n|\n|t:|1776725556\n|detailschange|p1b: Meganium|Meganium-Mega, L50, M\n|-mega|p1b: Meganium|Meganium|Meganiumite\n|move|p2a: Clefable|Follow Me|p2a: Clefable\n|-singleturn|p2a: Clefable|move: Follow Me\n|move|p1a: Liepard|U-turn|p2a: Clefable\n|-resisted|p2a: Clefable|1\n|-damage|p2a: Clefable|92/100\n|\n|t:|1776725563\n|switch|p1a: Typhlosion|Typhlosion-Hisui, L50, M|100/100|[from] U-turn\n|move|p2b: Hydreigon|Flash Cannon|p1b: Meganium\n|-supereffective|p1b: Meganium|1\n|-damage|p1b: Meganium|42/100\n|-unboost|p1b: Meganium|spd|1\n|move|p1b: Meganium|Dazzling Gleam|p2b: Hydreigon|[spread] p2a,p2b\n|-supereffective|p2b: Hydreigon|2\n|-damage|p2a: Clefable|60/100\n|-damage|p2b: Hydreigon|0 fnt\n|faint|p2b: Hydreigon\n|\n|upkeep\n|\n|t:|1776725574\n|switch|p2b: Salazzle|Salazzle, L50, F, shiny|100/100\n|turn|5\n|inactive|dgsaffasdgag has 30 seconds left.\n|inactive|dgsaffasdgag has 20 seconds left.\n|\n|t:|1776725611\n|switch|p1b: Liepard|Liepard, L50, F|86/100\n|move|p1a: Typhlosion|Protect|p1a: Typhlosion\n|-singleturn|p1a: Typhlosion|Protect\n|move|p2a: Clefable|Follow Me|p2a: Clefable\n|-singleturn|p2a: Clefable|move: Follow Me\n|move|p2b: Salazzle|Sludge Bomb|p1a: Typhlosion\n|-activate|p1a: Typhlosion|move: Protect\n|\n|upkeep\n|turn|6\n|\n|t:|1776725625\n|move|p1b: Liepard|Fake Out|p2b: Salazzle\n|-damage|p2b: Salazzle|78/100\n|move|p2a: Clefable|Follow Me|p2a: Clefable\n|-singleturn|p2a: Clefable|move: Follow Me\n|cant|p2b: Salazzle|flinch\n|move|p1a: Typhlosion|Eruption|p2b: Salazzle|[spread] p2a,p2b\n|-resisted|p2b: Salazzle|1\n|-damage|p2a: Clefable|14/100\n|-damage|p2b: Salazzle|26/100\n|-enditem|p2a: Clefable|Sitrus Berry|[eat]\n|-heal|p2a: Clefable|39/100|[from] item: Sitrus Berry\n|\n|upkeep\n|turn|7\n|inactive|dgsaffasdgag has 30 seconds left.\n|inactive|Rammburglar has 30 seconds left.\n|\n|t:|1776725665\n|move|p2a: Clefable|Follow Me|p2a: Clefable\n|-singleturn|p2a: Clefable|move: Follow Me\n|move|p1b: Liepard|Thunder Wave|p2a: Clefable\n|-status|p2a: Clefable|par\n|move|p2b: Salazzle|Sludge Bomb|p1a: Typhlosion\n|-resisted|p1a: Typhlosion|1\n|-damage|p1a: Typhlosion|72/100\n|-status|p1a: Typhlosion|psn\n|move|p1a: Typhlosion|Eruption|p2a: Clefable|[spread] p2a,p2b\n|-resisted|p2b: Salazzle|1\n|-damage|p2a: Clefable|6/100 par\n|-damage|p2b: Salazzle|0 fnt\n|faint|p2b: Salazzle\n|\n|-damage|p1a: Typhlosion|59/100 psn|[from] psn\n|upkeep\n|\n|t:|1776725675\n|switch|p2b: Lucario|Lucario, L50, M|100/100\n|turn|8\n|\n|t:|1776725696\n|detailschange|p2b: Lucario|Lucario-Mega, L50, M\n|-mega|p2b: Lucario|Lucario|Lucarionite\n|move|p1a: Typhlosion|Protect|p1a: Typhlosion\n|-singleturn|p1a: Typhlosion|Protect\n|move|p2a: Clefable|Follow Me|p2a: Clefable\n|-singleturn|p2a: Clefable|move: Follow Me\n|move|p2b: Lucario|Shadow Ball|p1a: Typhlosion\n|-activate|p1a: Typhlosion|move: Protect\n|move|p1b: Liepard|U-turn|p2a: Clefable\n|-resisted|p2a: Clefable|1\n|-damage|p2a: Clefable|0 fnt\n|faint|p2a: Clefable\n|\n|t:|1776725709\n|switch|p1b: Meganium|Meganium-Mega, L50, M|42/100|[from] U-turn\n|\n|-damage|p1a: Typhlosion|47/100 psn|[from] psn\n|upkeep\n|turn|9\n|\n|t:|1776725727\n|move|p2b: Lucario|Shadow Ball|p1a: Typhlosion\n|-supereffective|p1a: Typhlosion|1\n|-damage|p1a: Typhlosion|0 fnt\n|faint|p1a: Typhlosion\n|move|p1b: Meganium|Weather Ball|p2b: Lucario\n|-supereffective|p2b: Lucario|1\n|-damage|p2b: Lucario|0 fnt\n|faint|p2b: Lucario\n|\n|win|Rammburglar\n|raw|Rammburglar's rating: 1005 &rarr; <strong>1048</strong><br />(+43 for winning)\n|raw|dgsaffasdgag's rating: 1042 &rarr; <strong>1024</strong><br />(-18 for losing)\n|l|\u2606dgsaffasdgag\n|player|p2|\n",
  "uploadtime": 1776725901,
  "views": 14,
  "formatid": "gen9championsvgc2026regma",
  "rating": 1024,
  "private": 0,
  "password": null
}