{
  "id": "gen9championsvgc2026regma-2586007106",
  "format": "[Gen 9 Champions] VGC 2026 Reg M-A",
  "players": [
    "Phillip Blevin",
    "GMAX Sushisaurus"
  ],
  "log": "|j|\u2606Phillip Blevin\n|j|\u2606GMAX Sushisaurus\n|t:|1776389674\n|gametype|doubles\n|player|p1|Phillip Blevin|cynthia-masters4|1266\n|player|p2|GMAX Sushisaurus|2|1305\n|gen|9\n|tier|[Gen 9 Champions] VGC 2026 Reg M-A\n|rated|\n|rule|Species Clause: Limit one of each Pok\u00e9mon\n|rule|Item Clause: Limit 1 of each item\n|clearpoke\n|poke|p1|Froslass, L50, F|\n|poke|p1|Corviknight, L50, F|\n|poke|p1|Sneasler, L50, F|\n|poke|p1|Rotom-Mow, L50|\n|poke|p1|Incineroar, L50, M|\n|poke|p1|Gyarados, L50, F|\n|poke|p2|Aerodactyl, L50, F|\n|poke|p2|Sylveon, L50, F|\n|poke|p2|Aegislash, L50, F|\n|poke|p2|Garchomp, L50, F|\n|poke|p2|Kangaskhan, L50, F|\n|poke|p2|Rotom-Wash, L50|\n|teampreview|4\n|inactive|Battle timer is ON: inactive players will automatically lose when time's up. (requested by Phillip Blevin)\nPhillip Blevin has agreed to open team sheets.\nGMAX Sushisaurus has agreed to open team sheets.\n|showteam|p1|Froslass||Froslassite|SnowCloak|Blizzard,ShadowBall,AuroraVeil,Protect|||F|||50|]Corviknight||Leftovers|Pressure|BraveBird,BodyPress,BulkUp,Roost|||F|||50|]Sneasler||WhiteHerb|Pressure|FakeOut,CloseCombat,DireClaw,Protect|||F|||50|]Rotom-Mow||ChoiceScarf|Levitate|LeafStorm,Electroweb,Trick,VoltSwitch||||||50|]Incineroar||PasshoBerry|Intimidate|FakeOut,DarkestLariat,FlareBlitz,PartingShot|||M|||50|]Gyarados||SitrusBerry|Intimidate|Waterfall,IceFang,DragonDance,Protect|||F|||50|\n|showteam|p2|Aerodactyl||FocusSash|Unnerve|Tailwind,DualWingbeat,RockSlide,Protect|||F|||50|]Sylveon||FairyFeather|Pixilate|HyperVoice,Yawn,QuickAttack,Protect|||F|||50|]Aegislash||MetalCoat|StanceChange|ShadowBall,FlashCannon,KingsShield,WideGuard|||F|||50|]Garchomp||LumBerry|RoughSkin|RockSlide,SwordsDance,DragonClaw,Protect|||F|||50|]Kangaskhan||Kangaskhanite|InnerFocus|DoubleEdge,FakeOut,SuckerPunch,Protect|||F|||50|]Rotom-Wash||Leftovers|Levitate|HydroPump,VoltSwitch,WillOWisp,PainSplit||||||50|\n|inactive|Phillip Blevin has 60 seconds left.\n|inactive|GMAX Sushisaurus has 60 seconds left.\n|\n|t:|1776389718\n|teamsize|p1|4\n|teamsize|p2|4\n|start\n|switch|p1a: Sneasler|Sneasler, L50, F|100/100\n|switch|p1b: Froslass|Froslass, L50, F|100/100\n|switch|p2a: Aerodactyl|Aerodactyl, L50, F|100/100\n|switch|p2b: Kangaskhan|Kangaskhan, L50, F|100/100\n|-ability|p2a: Aerodactyl|Unnerve\n|-ability|p1a: Sneasler|Pressure\n|turn|1\n|\n|t:|1776389729\n|move|p2a: Aerodactyl|Protect|p2a: Aerodactyl\n|-singleturn|p2a: Aerodactyl|Protect\n|move|p1b: Froslass|Protect|p1b: Froslass\n|-singleturn|p1b: Froslass|Protect\n|move|p2b: Kangaskhan|Protect|p2b: Kangaskhan\n|-singleturn|p2b: Kangaskhan|Protect\n|move|p1a: Sneasler|Fake Out|p2a: Aerodactyl\n|-activate|p2a: Aerodactyl|move: Protect\n|\n|upkeep\n|turn|2\n|\n|t:|1776389745\n|detailschange|p1b: Froslass|Froslass-Mega, L50, F\n|-mega|p1b: Froslass|Froslass|Froslassite\n|-weather|Snowscape|[from] ability: Snow Warning|[of] p1b: Froslass\n|detailschange|p2b: Kangaskhan|Kangaskhan-Mega, L50, F\n|-mega|p2b: Kangaskhan|Kangaskhan|Kangaskhanite\n|move|p2b: Kangaskhan|Sucker Punch||[still]\n|-fail|p2b: Kangaskhan\n|move|p2a: Aerodactyl|Dual Wingbeat|p1a: Sneasler\n|-supereffective|p1a: Sneasler|1\n|-damage|p1a: Sneasler|38/100\n|-supereffective|p1a: Sneasler|1\n|-damage|p1a: Sneasler|0 fnt\n|faint|p1a: Sneasler\n|-hitcount|p1: Sneasler|2\n|move|p1b: Froslass|Aurora Veil|p1b: Froslass\n|-sidestart|p1: Phillip Blevin|move: Aurora Veil\n|\n|-weather|Snowscape|[upkeep]\n|upkeep\n|\n|t:|1776389756\n|switch|p1a: Rotom|Rotom-Mow, L50|100/100\n|turn|3\n|\n|t:|1776389777\n|move|p1a: Rotom|Electroweb|p2b: Kangaskhan|[spread] p2a,p2b\n|-supereffective|p2a: Aerodactyl|1\n|-damage|p2a: Aerodactyl|46/100\n|-damage|p2b: Kangaskhan|85/100\n|-unboost|p2a: Aerodactyl|spe|1\n|-unboost|p2b: Kangaskhan|spe|1\n|move|p1b: Froslass|Blizzard|p2b: Kangaskhan|[spread] p2a,p2b\n|-supereffective|p2a: Aerodactyl|1\n|-crit|p2a: Aerodactyl\n|-damage|p2a: Aerodactyl|0 fnt\n|-damage|p2b: Kangaskhan|44/100\n|faint|p2a: Aerodactyl\n|move|p2b: Kangaskhan|Double-Edge|p1a: Rotom\n|-damage|p1a: Rotom|44/100\n|-damage|p1a: Rotom|30/100\n|-hitcount|p1a: Rotom|2\n|-damage|p2b: Kangaskhan|30/100|[from] Recoil\n|\n|-weather|Snowscape|[upkeep]\n|upkeep\n|\n|t:|1776389791\n|switch|p2a: Aegislash|Aegislash, L50, F|100/100\n|turn|4\n|\n|t:|1776389814\n|switch|p1a: Corviknight|Corviknight, L50, F|100/100\n|-ability|p1a: Corviknight|Pressure\n|move|p2a: Aegislash|King's Shield|p2a: Aegislash\n|-singleturn|p2a: Aegislash|Protect\n|move|p2b: Kangaskhan|Protect|p2b: Kangaskhan\n|-singleturn|p2b: Kangaskhan|Protect\n|move|p1b: Froslass|Blizzard|p2b: Kangaskhan|[spread] \n|-activate|p2a: Aegislash|move: Protect\n|-activate|p2b: Kangaskhan|move: Protect\n|\n|-weather|Snowscape|[upkeep]\n|upkeep\n|turn|5\n|\n|t:|1776389825\n|move|p2b: Kangaskhan|Sucker Punch|p1b: Froslass\n|-supereffective|p1b: Froslass|1\n|-damage|p1b: Froslass|65/100\n|-supereffective|p1b: Froslass|1\n|-damage|p1b: Froslass|57/100\n|-hitcount|p1b: Froslass|2\n|move|p1b: Froslass|Shadow Ball|p2a: Aegislash\n|-supereffective|p2a: Aegislash|1\n|-damage|p2a: Aegislash|29/100\n|move|p1a: Corviknight|Bulk Up|p1a: Corviknight\n|-boost|p1a: Corviknight|atk|1\n|-boost|p1a: Corviknight|def|1\n|-formechange|p2a: Aegislash|Aegislash-Blade|\n|move|p2a: Aegislash|Shadow Ball|p1a: Corviknight\n|-damage|p1a: Corviknight|68/100\n|\n|-weather|Snowscape|[upkeep]\n|-heal|p1a: Corviknight|74/100|[from] item: Leftovers\n|upkeep\n|turn|6\n|\n|t:|1776389838\n|-formechange|p2a: Aegislash|Aegislash|\n|move|p2a: Aegislash|King's Shield|p2a: Aegislash\n|-singleturn|p2a: Aegislash|Protect\n|move|p2b: Kangaskhan|Protect|p2b: Kangaskhan\n|-singleturn|p2b: Kangaskhan|Protect\n|move|p1b: Froslass|Shadow Ball|p2a: Aegislash\n|-activate|p2a: Aegislash|move: Protect\n|move|p1a: Corviknight|Body Press|p2b: Kangaskhan\n|-activate|p2b: Kangaskhan|move: Protect\n|\n|-weather|none\n|-heal|p1a: Corviknight|80/100|[from] item: Leftovers\n|-sideend|p1: Phillip Blevin|move: Aurora Veil\n|upkeep\n|turn|7\n|\n|t:|1776389857\n|switch|p1b: Rotom|Rotom-Mow, L50|30/100\n|switch|p2b: Sylveon|Sylveon, L50, F, shiny|100/100\n|move|p1a: Corviknight|Body Press|p2b: Sylveon\n|-resisted|p2b: Sylveon|1\n|-damage|p2b: Sylveon|76/100\n|-formechange|p2a: Aegislash|Aegislash-Blade|\n|move|p2a: Aegislash|Shadow Ball|p1a: Corviknight\n|-damage|p1a: Corviknight|33/100\n|-unboost|p1a: Corviknight|spd|1\n|\n|-heal|p1a: Corviknight|39/100|[from] item: Leftovers\n|upkeep\n|turn|8\n|inactive|GMAX Sushisaurus has 30 seconds left.\n|\n|t:|1776389886\n|-formechange|p2a: Aegislash|Aegislash|\n|move|p2a: Aegislash|King's Shield|p2a: Aegislash\n|-singleturn|p2a: Aegislash|Protect\n|move|p1b: Rotom|Electroweb|p2a: Aegislash|[spread] p2b\n|-activate|p2a: Aegislash|move: Protect\n|-damage|p2b: Sylveon|62/100\n|-unboost|p2b: Sylveon|spe|1\n|move|p1a: Corviknight|Brave Bird|p2b: Sylveon\n|-damage|p2b: Sylveon|0 fnt\n|faint|p2b: Sylveon\n|-damage|p1a: Corviknight|19/100|[from] Recoil\n|\n|-heal|p1a: Corviknight|25/100|[from] item: Leftovers\n|upkeep\n|\n|t:|1776389902\n|switch|p2b: Kangaskhan|Kangaskhan-Mega, L50, F|30/100\n|turn|9\n|inactive|GMAX Sushisaurus has 30 seconds left.\n|inactive|GMAX Sushisaurus has 20 seconds left.\n|inactive|GMAX Sushisaurus has 15 seconds left.\n|inactive|GMAX Sushisaurus has 10 seconds left.\n|inactive|GMAX Sushisaurus has 5 seconds left.\n|\n|t:|1776389957\n|move|p2b: Kangaskhan|Fake Out|p1a: Corviknight\n|-resisted|p1a: Corviknight|1\n|-damage|p1a: Corviknight|20/100\n|-resisted|p1a: Corviknight|1\n|-damage|p1a: Corviknight|20/100\n|-hitcount|p1a: Corviknight|2\n|move|p1b: Rotom|Electroweb|p2b: Kangaskhan|[spread] p2a,p2b\n|-damage|p2a: Aegislash|12/100\n|-damage|p2b: Kangaskhan|14/100\n|-unboost|p2a: Aegislash|spe|1\n|-unboost|p2b: Kangaskhan|spe|1\n|cant|p1a: Corviknight|flinch\n|-formechange|p2a: Aegislash|Aegislash-Blade|\n|move|p2a: Aegislash|Shadow Ball|p1b: Rotom\n|-damage|p1b: Rotom|0 fnt\n|faint|p1b: Rotom\n|\n|-heal|p1a: Corviknight|25/100|[from] item: Leftovers\n|upkeep\n|\n|t:|1776389966\n|switch|p1b: Froslass|Froslass-Mega, L50, F|57/100\n|-weather|Snowscape|[from] ability: Snow Warning|[of] p1b: Froslass\n|turn|10\n|inactive|GMAX Sushisaurus has 30 seconds left.\n|\n|t:|1776389998\n|move|p2b: Kangaskhan|Protect|p2b: Kangaskhan\n|-singleturn|p2b: Kangaskhan|Protect\n|move|p1b: Froslass|Aurora Veil|p1b: Froslass\n|-sidestart|p1: Phillip Blevin|move: Aurora Veil\n|move|p1a: Corviknight|Brave Bird|p2a: Aegislash\n|-resisted|p2a: Aegislash|1\n|-damage|p2a: Aegislash|0 fnt\n|faint|p2a: Aegislash\n|-damage|p1a: Corviknight|22/100|[from] Recoil\n|\n|-weather|Snowscape|[upkeep]\n|-heal|p1a: Corviknight|28/100|[from] item: Leftovers\n|upkeep\n|turn|11\n|\n|t:|1776390007\n|move|p2b: Kangaskhan|Sucker Punch|p1b: Froslass\n|-supereffective|p1b: Froslass|1\n|-damage|p1b: Froslass|19/100\n|-supereffective|p1b: Froslass|1\n|-damage|p1b: Froslass|10/100\n|-hitcount|p1b: Froslass|2\n|move|p1b: Froslass|Blizzard|p2b: Kangaskhan\n|-damage|p2b: Kangaskhan|0 fnt\n|faint|p2b: Kangaskhan\n|\n|win|Phillip Blevin\n|raw|Phillip Blevin's rating: 1266 &rarr; <strong>1294</strong><br />(+28 for winning)\n|raw|GMAX Sushisaurus's rating: 1305 &rarr; <strong>1283</strong><br />(-22 for losing)\n",
  "uploadtime": 1776390007,
  "views": 22,
  "formatid": "gen9championsvgc2026regma",
  "rating": 1283,
  "private": 0,
  "password": null
}