{
  "id": "gen9championsvgc2026regma-2581283453",
  "format": "[Gen 9 Champions] VGC 2026 Reg M-A",
  "players": [
    "lemond",
    "sjysjy"
  ],
  "log": "|j|\u2606lemond\n|j|\u2606sjysjy\n|t:|1775981078\n|gametype|doubles\n|player|p1|lemond|102|1311\n|player|p2|sjysjy|265|1377\n|gen|9\n|tier|[Gen 9 Champions] VGC 2026 Reg M-A\n|rated|\n|rule|Species Clause: Limit one of each Pok\u00e9mon\n|rule|Item Clause: Limit 1 of each item\n|clearpoke\n|poke|p1|Tyranitar, L50, F|\n|poke|p1|Excadrill, L50, M|\n|poke|p1|Gyarados, L50, M|\n|poke|p1|Gardevoir, L50, F|\n|poke|p1|Sinistcha, L50|\n|poke|p1|Rotom-Heat, L50|\n|poke|p2|Gengar, L50, M|\n|poke|p2|Garchomp, L50, F|\n|poke|p2|Whimsicott, L50, F|\n|poke|p2|Typhlosion-Hisui, L50, F|\n|poke|p2|Kingambit, L50, F|\n|poke|p2|Rotom-Wash, L50|\n|teampreview|4\n|inactive|Battle timer is ON: inactive players will automatically lose when time's up. (requested by lemond)\n|inactive|lemond has 60 seconds left.\n|\n|t:|1775981109\n|teamsize|p1|4\n|teamsize|p2|4\n|start\n|switch|p1a: Tyranitar|Tyranitar, L50, F|100/100\n|switch|p1b: Rotom|Rotom-Heat, L50|100/100\n|switch|p2a: Garchomp|Garchomp, L50, F|100/100\n|switch|p2b: Rotom|Rotom-Wash, L50|100/100\n|-weather|Sandstorm|[from] ability: Sand Stream|[of] p1a: Tyranitar\n|turn|1\n|j| gE1xjZRtuhW2DdT0AK\n|j| babblebloeb\n|\n|t:|1775981129\n|detailschange|p1a: Tyranitar|Tyranitar-Mega, L50, F\n|-mega|p1a: Tyranitar|Tyranitar|Tyranitarite\n|move|p2a: Garchomp|Protect|p2a: Garchomp\n|-singleturn|p2a: Garchomp|Protect\n|move|p1b: Rotom|Volt Switch|p2b: Rotom\n|-damage|p2b: Rotom|66/100\n|j| Azuiir\n|\n|t:|1775981136\n|switch|p1b: Sinistcha|Sinistcha, L50|100/100|[from] Volt Switch\n|move|p2b: Rotom|Hydro Pump|p1b: Sinistcha\n|-resisted|p1b: Sinistcha|1\n|-damage|p1b: Sinistcha|80/100\n|move|p1a: Tyranitar|Rock Slide|p2b: Rotom|[spread] p2b\n|-activate|p2a: Garchomp|move: Protect\n|-damage|p2b: Rotom|30/100\n|-enditem|p2b: Rotom|Sitrus Berry|[eat]\n|-heal|p2b: Rotom|55/100|[from] item: Sitrus Berry\n|\n|-weather|Sandstorm|[upkeep]\n|-damage|p2b: Rotom|49/100|[from] Sandstorm\n|-damage|p1b: Sinistcha|74/100|[from] Sandstorm\n|upkeep\n|turn|2\n|l| Azuiir\n|inactive|sjysjy has 30 seconds left.\n|\n|t:|1775981162\n|move|p2a: Garchomp|Earthquake|p1b: Sinistcha|[spread] p1a,p1b\n|-immune|p2b: Rotom|[from] ability: Levitate\n|-supereffective|p1a: Tyranitar|1\n|-resisted|p1b: Sinistcha|1\n|-damage|p1a: Tyranitar|43/100\n|-damage|p1b: Sinistcha|56/100\n|move|p2b: Rotom|Hydro Pump|p1a: Tyranitar\n|-supereffective|p1a: Tyranitar|1\n|-damage|p1a: Tyranitar|0 fnt\n|faint|p1a: Tyranitar\n|move|p1b: Sinistcha|Matcha Gotcha|p2b: Rotom|[spread] p2a,p2b\n|-supereffective|p2b: Rotom|1\n|-damage|p2a: Garchomp|69/100\n|-heal|p1b: Sinistcha|72/100|[from] drain|[of] p2a: Garchomp\n|-damage|p2b: Rotom|0 fnt\n|-heal|p1b: Sinistcha|93/100|[from] drain|[of] p2b: Rotom\n|faint|p2b: Rotom\n|\n|-weather|Sandstorm|[upkeep]\n|-damage|p1b: Sinistcha|86/100|[from] Sandstorm\n|-heal|p2a: Garchomp|75/100|[from] item: Leftovers\n|upkeep\n|inactive|lemond has 30 seconds left.\n|inactive|lemond has 20 seconds left.\n|\n|t:|1775981201\n|switch|p2b: Gengar|Gengar, L50, M|100/100\n|switch|p1a: Rotom|Rotom-Heat, L50|100/100\n|turn|3\n|\n|t:|1775981214\n|detailschange|p2b: Gengar|Gengar-Mega, L50, M\n|-mega|p2b: Gengar|Gengar|Gengarite\n|move|p2b: Gengar|Protect|p2b: Gengar\n|-singleturn|p2b: Gengar|Protect\n|move|p2a: Garchomp|Protect|p2a: Garchomp\n|-singleturn|p2a: Garchomp|Protect\n|move|p1a: Rotom|Volt Switch|p2b: Gengar\n|-activate|p2b: Gengar|move: Protect\n|move|p1b: Sinistcha|Shadow Ball|p2b: Gengar\n|-activate|p2b: Gengar|move: Protect\n|\n|-weather|Sandstorm|[upkeep]\n|-damage|p1a: Rotom|95/100|[from] Sandstorm\n|-damage|p2b: Gengar|95/100|[from] Sandstorm\n|-damage|p1b: Sinistcha|80/100|[from] Sandstorm\n|-heal|p2a: Garchomp|81/100|[from] item: Leftovers\n|upkeep\n|turn|4\n|\n|t:|1775981238\n|move|p1b: Sinistcha|Rage Powder|p1b: Sinistcha\n|-singleturn|p1b: Sinistcha|move: Rage Powder\n|move|p1a: Rotom|Volt Switch|p2b: Gengar\n|-damage|p2b: Gengar|46/100\n|\n|t:|1775981242\n|switch|p1a: Excadrill|Excadrill, L50, M|100/100|[from] Volt Switch\n|move|p2b: Gengar|Shadow Ball|p1b: Sinistcha\n|-supereffective|p1b: Sinistcha|1\n|-damage|p1b: Sinistcha|0 fnt\n|faint|p1b: Sinistcha\n|move|p2a: Garchomp|Rock Slide|p1a: Excadrill\n|-resisted|p1a: Excadrill|2\n|-damage|p1a: Excadrill|91/100\n|\n|-weather|Sandstorm|[upkeep]\n|-damage|p2b: Gengar|41/100|[from] Sandstorm\n|-heal|p2a: Garchomp|87/100|[from] item: Leftovers\n|upkeep\n|\n|t:|1775981254\n|switch|p1b: Rotom|Rotom-Heat, L50|95/100\n|turn|5\n|\n|t:|1775981261\n|move|p2b: Gengar|Protect|p2b: Gengar\n|-singleturn|p2b: Gengar|Protect\n|move|p2a: Garchomp|Protect|p2a: Garchomp\n|-singleturn|p2a: Garchomp|Protect\n|move|p1a: Excadrill|Earthquake|p2a: Garchomp|[spread] \n|-activate|p2a: Garchomp|move: Protect\n|-activate|p2b: Gengar|move: Protect\n|-immune|p1b: Rotom|[from] ability: Levitate\n|move|p1b: Rotom|Overheat|p2a: Garchomp\n|-activate|p2a: Garchomp|move: Protect\n|\n|-weather|none\n|-heal|p2a: Garchomp|93/100|[from] item: Leftovers\n|upkeep\n|turn|6\n|inactive|sjysjy has 30 seconds left.\n|\n|t:|1775981289\n|move|p1b: Rotom|Overheat|p2a: Garchomp\n|-resisted|p2a: Garchomp|1\n|-damage|p2a: Garchomp|59/100\n|-unboost|p1b: Rotom|spa|2\n|move|p2b: Gengar|Shadow Ball|p1b: Rotom\n|-damage|p1b: Rotom|25/100\n|-unboost|p1b: Rotom|spd|1\n|move|p2a: Garchomp|Earthquake|p1a: Excadrill|[spread] p2b,p1a\n|-immune|p1b: Rotom|[from] ability: Levitate\n|-supereffective|p2b: Gengar|1\n|-supereffective|p1a: Excadrill|1\n|-crit|p1a: Excadrill\n|-damage|p2b: Gengar|0 fnt\n|-damage|p1a: Excadrill|0 fnt\n|faint|p2b: Gengar\n|faint|p1a: Excadrill\n|\n|-heal|p2a: Garchomp|65/100|[from] item: Leftovers\n|upkeep\n|\n|t:|1775981296\n|switch|p2b: Kingambit|Kingambit, L50, F|100/100\n|turn|7\n|\n|t:|1775981306\n|move|p2b: Kingambit|Sucker Punch|p1b: Rotom\n|-damage|p1b: Rotom|0 fnt\n|faint|p1b: Rotom\n|\n|win|sjysjy\n|raw|lemond's rating: 1311 &rarr; <strong>1295</strong><br />(-16 for losing)\n|raw|sjysjy's rating: 1377 &rarr; <strong>1393</strong><br />(+16 for winning)\n|l|\u2606lemond\n|player|p1|\n",
  "uploadtime": 1775981314,
  "views": 29,
  "formatid": "gen9championsvgc2026regma",
  "rating": 1295,
  "private": 0,
  "password": null
}