{
  "id": "gen9championsvgc2026regma-2585298543",
  "format": "[Gen 9 Champions] VGC 2026 Reg M-A",
  "players": [
    "RCrownFlame",
    "Capitan_Fosforo"
  ],
  "log": "|j|\u2606RCrownFlame\n|j|\u2606Capitan_Fosforo\n|t:|1776335220\n|gametype|doubles\n|player|p1|RCrownFlame|1|1099\n|player|p2|Capitan_Fosforo|n|1087\n|gen|9\n|tier|[Gen 9 Champions] VGC 2026 Reg M-A\n|rated|\n|rule|Species Clause: Limit one of each Pok\u00e9mon\n|rule|Item Clause: Limit 1 of each item\n|clearpoke\n|poke|p1|Aggron, L50, F|\n|poke|p1|Incineroar, L50, M|\n|poke|p1|Farigiraf, L50, M|\n|poke|p1|Sinistcha-Masterpiece, L50|\n|poke|p1|Tyranitar, L50, M|\n|poke|p1|Rotom-Wash, L50|\n|poke|p2|Volcarona, L50, M|\n|poke|p2|Zoroark-Hisui, L50, M|\n|poke|p2|Milotic, L50, F|\n|poke|p2|Ninetales-Alola, L50, M|\n|poke|p2|Corviknight, L50, M|\n|poke|p2|Garchomp, L50, F|\n|teampreview|4\n|\n|t:|1776335252\n|teamsize|p1|4\n|teamsize|p2|4\n|start\n|switch|p1a: Farigiraf|Farigiraf, L50, M|100/100\n|switch|p1b: Rotom|Rotom-Wash, L50|100/100\n|switch|p2a: Solarona|Volcarona, L50, M|100/100\n|switch|p2b: Milotic|Milotic, L50, F|100/100\n|turn|1\n|\n|t:|1776335290\n|move|p2b: Milotic|Poltergeist|p1b: Rotom\n|-activate|p1b: Rotom|move: Poltergeist|Quick Claw\n|-damage|p1b: Rotom|48/100\n|move|p2a: Solarona|Bug Buzz|p1a: Farigiraf\n|-supereffective|p1a: Farigiraf|1\n|-damage|p1a: Farigiraf|10/100\n|move|p1b: Rotom|Thunderbolt|p2b: Milotic\n|-damage|p2b: Milotic|10/100\n|replace|p2b: Yuki|Zoroark-Hisui, L50, M, shiny\n|-end|p2b: Yuki|Illusion\n|move|p1a: Farigiraf|Trick Room|p1a: Farigiraf\n|-fieldstart|move: Trick Room|[of] p1a: Farigiraf\n|\n|upkeep\n|turn|2\n|\n|t:|1776335337\n|switch|p1a: Tyranitar|Tyranitar, L50, M|100/100\n|-weather|Sandstorm|[from] ability: Sand Stream|[of] p1a: Tyranitar\n|move|p1b: Rotom|Thunder Wave|p2a: Solarona\n|-status|p2a: Solarona|par\n|cant|p2a: Solarona|par\n|move|p2b: Yuki|U-turn|p1a: Tyranitar\n|-supereffective|p1a: Tyranitar|1\n|-damage|p1a: Tyranitar|69/100\n|\n|t:|1776335350\n|switch|p2b: Ninetales|Ninetales-Alola, L50, M|100/100|[from] U-turn\n|-weather|Snowscape|[from] ability: Snow Warning|[of] p2b: Ninetales\n|\n|-weather|Snowscape|[upkeep]\n|-heal|p1a: Tyranitar|75/100|[from] item: Leftovers\n|upkeep\n|turn|3\n|\n|t:|1776335375\n|move|p2a: Solarona|Quiver Dance|p2a: Solarona\n|-boost|p2a: Solarona|spa|1\n|-boost|p2a: Solarona|spd|1\n|-boost|p2a: Solarona|spe|1\n|move|p1a: Tyranitar|Earthquake|p2a: Solarona|[spread] p2a,p2b\n|-immune|p1b: Rotom|[from] ability: Levitate\n|-damage|p2a: Solarona|61/100 par\n|-damage|p2b: Ninetales|71/100\n|move|p1b: Rotom|Hydro Pump|p2a: Solarona\n|-supereffective|p2a: Solarona|1\n|-damage|p2a: Solarona|0 fnt\n|faint|p2a: Solarona\n|move|p2b: Ninetales|Aurora Veil|p2b: Ninetales\n|-sidestart|p2: Capitan_Fosforo|move: Aurora Veil\n|\n|-weather|Snowscape|[upkeep]\n|-heal|p1a: Tyranitar|81/100|[from] item: Leftovers\n|upkeep\n|\n|t:|1776335393\n|switch|p2a: Milotic|Milotic, L50, F|100/100\n|turn|4\n|\n|t:|1776335411\n|switch|p1a: Aggron|Aggron, L50, F|100/100\n|move|p1b: Rotom|Thunderbolt|p2a: Milotic\n|-supereffective|p2a: Milotic|1\n|-damage|p2a: Milotic|52/100\n|move|p2a: Milotic|Scald|p1a: Aggron\n|-supereffective|p1a: Aggron|1\n|-damage|p1a: Aggron|30/100\n|move|p2b: Ninetales|Dazzling Gleam|p1b: Rotom|[spread] p1a,p1b\n|-resisted|p1a: Aggron|1\n|-damage|p1a: Aggron|13/100\n|-damage|p1b: Rotom|19/100\n|\n|-weather|Snowscape|[upkeep]\n|upkeep\n|turn|5\n|-activate|p1b: Rotom|item: Quick Claw\n|\n|t:|1776335433\n|detailschange|p1a: Aggron|Aggron-Mega, L50, F\n|-mega|p1a: Aggron|Aggron|Aggronite\n|move|p2b: Ninetales|Protect|p2b: Ninetales\n|-singleturn|p2b: Ninetales|Protect\n|move|p1b: Rotom|Thunderbolt|p2a: Milotic\n|-supereffective|p2a: Milotic|1\n|-damage|p2a: Milotic|6/100\n|move|p1a: Aggron|Rock Slide|p2b: Ninetales|[spread] p2a\n|-activate|p2b: Ninetales|move: Protect\n|-damage|p2a: Milotic|0 fnt\n|faint|p2a: Milotic\n|\n|-weather|Snowscape|[upkeep]\n|-fieldend|move: Trick Room\n|upkeep\n|\n|t:|1776335447\n|switch|p2a: Ninetales|Ninetales-Alola, L50, M|10/100\n|turn|6\n|inactive|Battle timer is ON: inactive players will automatically lose when time's up. (requested by Capitan_Fosforo)\n|\n|t:|1776335479\n|move|p2a: Ninetales|Hyper Voice|p1b: Rotom|[spread] p1a,p1b\n|-resisted|p1a: Aggron|1\n|-crit|p1b: Rotom\n|-damage|p1a: Aggron|0 fnt\n|-damage|p1b: Rotom|0 fnt\n|faint|p1a: Aggron\n|faint|p1b: Rotom\n|move|p2b: Ninetales|Dazzling Gleam|p1: Aggron|[notarget]\n|-fail|p2b: Ninetales\n|\n|-weather|none\n|upkeep\n|\n|t:|1776335487\n|switch|p1b: Farigiraf|Farigiraf, L50, M|10/100\n|switch|p1a: Tyranitar|Tyranitar, L50, M|81/100\n|-weather|Sandstorm|[from] ability: Sand Stream|[of] p1a: Tyranitar\n|turn|7\n|\n|t:|1776335501\n|move|p2a: Ninetales|Focus Blast|p1a: Tyranitar\n|-supereffective|p1a: Tyranitar|2\n|-damage|p1a: Tyranitar|0 fnt\n|faint|p1a: Tyranitar\n|move|p2b: Ninetales|Dazzling Gleam|p1b: Farigiraf\n|-damage|p1b: Farigiraf|0 fnt\n|faint|p1b: Farigiraf\n|\n|win|Capitan_Fosforo\n|raw|RCrownFlame's rating: 1099 &rarr; <strong>1073</strong><br />(-26 for losing)\n|raw|Capitan_Fosforo's rating: 1087 &rarr; <strong>1115</strong><br />(+28 for winning)\n|l|\u2606RCrownFlame\n|player|p1|\n",
  "uploadtime": 1776335516,
  "views": 24,
  "formatid": "gen9championsvgc2026regma",
  "rating": 1073,
  "private": 0,
  "password": null
}