{
  "id": "gen9championsvgc2026regma-2581109388",
  "format": "[Gen 9 Champions] VGC 2026 Reg M-A",
  "players": [
    "PokiMikey",
    "SpearOfGungnir"
  ],
  "log": "|j|\u2606PokiMikey\n|j|\u2606SpearOfGungnir\n|t:|1775960738\n|gametype|doubles\n|player|p1|PokiMikey|alder|1101\n|player|p2|SpearOfGungnir|shauntal|1051\n|gen|9\n|tier|[Gen 9 Champions] VGC 2026 Reg M-A\n|rated|\n|rule|Species Clause: Limit one of each Pok\u00e9mon\n|rule|Item Clause: Limit 1 of each item\n|clearpoke\n|poke|p1|Pelipper, L50, M|\n|poke|p1|Feraligatr, L50, F|\n|poke|p1|Incineroar, L50, F|\n|poke|p1|Sinistcha, L50|\n|poke|p1|Rotom-Wash, L50|\n|poke|p1|Tinkaton, L50, F|\n|poke|p2|Sylveon, L50, M|\n|poke|p2|Primarina, L50, M|\n|poke|p2|Incineroar, L50, F|\n|poke|p2|Tyranitar, L50, M|\n|poke|p2|Whimsicott, L50, F|\n|poke|p2|Garchomp, L50, M|\n|teampreview|4\n|inactive|Battle timer is ON: inactive players will automatically lose when time's up. (requested by PokiMikey)\nPokiMikey has agreed to open team sheets.\n|\n|t:|1775960759\n|teamsize|p1|4\n|teamsize|p2|4\n|start\n|switch|p1a: Rotom|Rotom-Wash, L50|100/100\n|switch|p1b: Tinkaton|Tinkaton, L50, F|100/100\n|switch|p2a: Whimsicott|Whimsicott, L50, F|100/100\n|switch|p2b: Tyranitar|Tyranitar, L50, M|100/100\n|-weather|Sandstorm|[from] ability: Sand Stream|[of] p2b: Tyranitar\n|turn|1\n|inactive|SpearOfGungnir has 30 seconds left.\n|inactive|PokiMikey has 30 seconds left.\n|\n|t:|1775960796\n|move|p2a: Whimsicott|Tailwind|p2a: Whimsicott\n|-sidestart|p2: SpearOfGungnir|move: Tailwind\n|move|p2b: Tyranitar|Low Kick|p1b: Tinkaton\n|-damage|p1b: Tinkaton|59/100\n|move|p1a: Rotom|Volt Switch|p2a: Whimsicott\n|-resisted|p2a: Whimsicott|1\n|-damage|p2a: Whimsicott|74/100\n|\n|t:|1775960805\n|switch|p1a: Pelipper|Pelipper, L50, M|100/100|[from] Volt Switch\n|-weather|RainDance|[from] ability: Drizzle|[of] p1a: Pelipper\n|move|p1b: Tinkaton|Gigaton Hammer|p2a: Whimsicott\n|-supereffective|p2a: Whimsicott|1\n|-crit|p2a: Whimsicott\n|-damage|p2a: Whimsicott|0 fnt\n|faint|p2a: Whimsicott\n|\n|-weather|RainDance|[upkeep]\n|upkeep\n|\n|t:|1775960817\n|switch|p2a: Garchomp|Garchomp, L50, M|100/100\n|turn|2\n|\n|t:|1775960841\n|detailschange|p2a: Garchomp|Garchomp-Mega, L50, M\n|-mega|p2a: Garchomp|Garchomp|Garchompite\n|move|p1b: Tinkaton|Protect|p1b: Tinkaton\n|-singleturn|p1b: Tinkaton|Protect\n|move|p2a: Garchomp|Dragon Claw|p1a: Pelipper\n|-damage|p1a: Pelipper|46/100\n|move|p2b: Tyranitar|Ice Punch|p1a: Pelipper\n|-damage|p1a: Pelipper|15/100\n|move|p1a: Pelipper|Tailwind|p1a: Pelipper\n|-sidestart|p1: PokiMikey|move: Tailwind\n|\n|-weather|RainDance|[upkeep]\n|upkeep\n|turn|3\n|\n|t:|1775960865\n|move|p2a: Garchomp|Iron Head|p1b: Tinkaton\n|-damage|p1b: Tinkaton|22/100\n|move|p1b: Tinkaton|Play Rough|p2a: Garchomp\n|-supereffective|p2a: Garchomp|1\n|-damage|p2a: Garchomp|27/100\n|move|p1a: Pelipper|Weather Ball|p2b: Tyranitar\n|-supereffective|p2b: Tyranitar|1\n|-damage|p2b: Tyranitar|11/100\n|move|p2b: Tyranitar|Rock Slide|p1b: Tinkaton|[spread] p1a,p1b\n|-supereffective|p1a: Pelipper|1\n|-resisted|p1b: Tinkaton|1\n|-damage|p1a: Pelipper|0 fnt\n|-damage|p1b: Tinkaton|4/100\n|faint|p1a: Pelipper\n|\n|-weather|RainDance|[upkeep]\n|upkeep\n|\n|t:|1775960879\n|switch|p1a: Rotom|Rotom-Wash, L50|100/100\n|turn|4\n|\n|t:|1775960899\n|switch|p2b: Incineroar|Incineroar, L50, F|100/100\n|-ability|p2b: Incineroar|Intimidate|boost\n|-unboost|p1a: Rotom|atk|1\n|-fail|p1b: Tinkaton|unboost|Attack|[from] ability: Own Tempo|[of] p1b: Tinkaton\n|move|p2a: Garchomp|Earthquake|p1b: Tinkaton|[spread] p2b,p1b\n|-immune|p1a: Rotom|[from] ability: Levitate\n|-supereffective|p2b: Incineroar|1\n|-supereffective|p1b: Tinkaton|1\n|-damage|p2b: Incineroar|2/100\n|-damage|p1b: Tinkaton|0 fnt\n|faint|p1b: Tinkaton\n|move|p1a: Rotom|Hydro Pump|p2a: Garchomp|[miss]\n|-miss|p1a: Rotom|p2a: Garchomp\n|\n|-weather|RainDance|[upkeep]\n|-sideend|p2: SpearOfGungnir|move: Tailwind\n|upkeep\n|\n|t:|1775960915\n|switch|p1b: Feraligatr|Feraligatr, L50, F|100/100\n|turn|5\n|\n|t:|1775960932\n|move|p2b: Incineroar|Fake Out|p1a: Rotom\n|-damage|p1a: Rotom|86/100\n|move|p1b: Feraligatr|Aqua Jet|p2b: Incineroar\n|-supereffective|p2b: Incineroar|1\n|-damage|p2b: Incineroar|0 fnt\n|faint|p2b: Incineroar\n|cant|p1a: Rotom|flinch\n|move|p2a: Garchomp|Dragon Claw|p1b: Feraligatr\n|-damage|p1b: Feraligatr|40/100\n|\n|-weather|none\n|-sideend|p1: PokiMikey|move: Tailwind\n|upkeep\n|\n|t:|1775960944\n|switch|p2b: Tyranitar|Tyranitar, L50, M|11/100\n|-weather|Sandstorm|[from] ability: Sand Stream|[of] p2b: Tyranitar\n|turn|6\n|\n|t:|1775960967\n|move|p2a: Garchomp|Dragon Claw|p1b: Feraligatr\n|-damage|p1b: Feraligatr|0 fnt\n|faint|p1b: Feraligatr\n|move|p1a: Rotom|Hydro Pump|p2a: Garchomp\n|-damage|p2a: Garchomp|0 fnt\n|faint|p2a: Garchomp\n|move|p2b: Tyranitar|Low Kick|p1a: Rotom\n|-damage|p1a: Rotom|75/100\n|\n|-weather|Sandstorm|[upkeep]\n|-damage|p1a: Rotom|69/100|[from] Sandstorm\n|upkeep\n|turn|7\n|\n|t:|1775960986\n|move|p1a: Rotom|Volt Switch|p2b: Tyranitar\n|-damage|p2b: Tyranitar|0 fnt\n|faint|p2b: Tyranitar\n|\n|win|PokiMikey\n|raw|PokiMikey's rating: 1101 &rarr; <strong>1122</strong><br />(+21 for winning)\n|raw|SpearOfGungnir's rating: 1051 &rarr; <strong>1036</strong><br />(-15 for losing)\n",
  "uploadtime": 1775960992,
  "views": 11,
  "formatid": "gen9championsvgc2026regma",
  "rating": 1036,
  "private": 0,
  "password": null
}