{
  "id": "gen9championsvgc2026regma-2581779273",
  "format": "[Gen 9 Champions] VGC 2026 Reg M-A",
  "players": [
    "moonslk",
    "Primus735"
  ],
  "log": "|j|\u2606moonslk\n|j|\u2606Primus735\n|t:|1776027748\n|gametype|doubles\n|player|p1|moonslk|selene-masters2|\n|player|p2|Primus735|hilbert|\n|gen|9\n|tier|[Gen 9 Champions] VGC 2026 Reg M-A\n|rule|Species Clause: Limit one of each Pok\u00e9mon\n|rule|Item Clause: Limit 1 of each item\n|clearpoke\n|poke|p1|Meganium, L50, M|\n|poke|p1|Pelipper, L50, F|\n|poke|p1|Archaludon, L50, F|\n|poke|p1|Basculegion, L50, M|\n|poke|p1|Incineroar, L50, F|\n|poke|p1|Sinistcha, L50|\n|poke|p2|Gyarados, L50, M|\n|poke|p2|Noivern, L50, M|\n|poke|p2|Gengar, L50, M|\n|poke|p2|Arcanine, L50, M|\n|poke|p2|Kingambit, L50, M|\n|poke|p2|Tyranitar, L50, M|\n|teampreview|4\n|j| ilovedelphox\n|\n|t:|1776027763\n|teamsize|p1|4\n|teamsize|p2|4\n|start\n|switch|p1a: Pepe|Pelipper, L50, F|100/100\n|switch|p1b: Basculegion|Basculegion, L50, M|100/100\n|switch|p2a: Noivern|Noivern, L50, M|100/100\n|switch|p2b: Gyarados|Gyarados, L50, M, shiny|100/100\n|-ability|p2b: Gyarados|Intimidate|boost\n|-unboost|p1a: Pepe|atk|1\n|-unboost|p1b: Basculegion|atk|1\n|-weather|RainDance|[from] ability: Drizzle|[of] p1a: Pepe\n|turn|1\n|\n|t:|1776027784\n|switch|p2b: Tyranitar|Tyranitar, L50, M|100/100\n|-weather|Sandstorm|[from] ability: Sand Stream|[of] p2b: Tyranitar\n|move|p2a: Noivern|Tailwind|p2a: Noivern\n|-sidestart|p2: Primus735|move: Tailwind\n|move|p1b: Basculegion|Flip Turn|p2b: Tyranitar\n|-supereffective|p2b: Tyranitar|1\n|-damage|p2b: Tyranitar|70/100\n|\n|t:|1776027794\n|switch|p1b: Incineroar|Incineroar, L50, F|100/100|[from] Flip Turn\n|-ability|p1b: Incineroar|Intimidate|boost\n|-unboost|p2a: Noivern|atk|1\n|-unboost|p2b: Tyranitar|atk|1\n|move|p1a: Pepe|Tailwind|p1a: Pepe\n|-sidestart|p1: moonslk|move: Tailwind\n|\n|-weather|Sandstorm|[upkeep]\n|-damage|p2a: Noivern|94/100|[from] Sandstorm\n|-damage|p1a: Pepe|95/100|[from] Sandstorm\n|-damage|p1b: Incineroar|95/100|[from] Sandstorm\n|-heal|p2b: Tyranitar|75/100|[from] item: Leftovers\n|upkeep\n|turn|2\n|\n|t:|1776027816\n|move|p1b: Incineroar|Fake Out|p2b: Tyranitar\n|-resisted|p2b: Tyranitar|1\n|-damage|p2b: Tyranitar|71/100\n|move|p2a: Noivern|Boomburst|p1b: Incineroar|[spread] p2b,p1a\n|-miss|p2a: Noivern|p1b: Incineroar\n|-resisted|p2b: Tyranitar|1\n|-damage|p2b: Tyranitar|62/100\n|-damage|p1a: Pepe|44/100\n|move|p1a: Pepe|Weather Ball|p2a: Noivern\n|-supereffective|p2a: Noivern|1\n|-damage|p2a: Noivern|36/100\n|cant|p2b: Tyranitar|flinch\n|\n|-weather|Sandstorm|[upkeep]\n|-damage|p2a: Noivern|30/100|[from] Sandstorm\n|-damage|p1a: Pepe|38/100|[from] Sandstorm\n|-damage|p1b: Incineroar|89/100|[from] Sandstorm\n|-heal|p2b: Tyranitar|67/100|[from] item: Leftovers\n|upkeep\n|turn|3\n|\n|t:|1776027838\n|move|p1a: Pepe|Protect|p1a: Pepe\n|-singleturn|p1a: Pepe|Protect\n|move|p2a: Noivern|Boomburst|p1b: Incineroar|[spread] p2b,p1b\n|-activate|p1a: Pepe|move: Protect\n|-resisted|p2b: Tyranitar|1\n|-damage|p2b: Tyranitar|57/100\n|-damage|p1b: Incineroar|60/100\n|move|p1b: Incineroar|Drain Punch|p2b: Tyranitar\n|-supereffective|p2b: Tyranitar|2\n|-damage|p2b: Tyranitar|0 fnt\n|-heal|p1b: Incineroar|85/100|[from] drain|[of] p2b: Tyranitar\n|faint|p2b: Tyranitar\n|\n|-weather|Sandstorm|[upkeep]\n|-damage|p2a: Noivern|24/100|[from] Sandstorm\n|-damage|p1a: Pepe|32/100|[from] Sandstorm\n|-damage|p1b: Incineroar|79/100|[from] Sandstorm\n|upkeep\n|\n|t:|1776027850\n|switch|p2b: Gyarados|Gyarados, L50, M, shiny|100/100\n|-ability|p2b: Gyarados|Intimidate|boost\n|-unboost|p1a: Pepe|atk|1\n|-unboost|p1b: Incineroar|atk|1\n|turn|4\n|l| ilovedelphox\n|\n|t:|1776027870\n|switch|p1a: Prime Ganium|Meganium, L50, M|100/100\n|move|p2a: Noivern|Dragon Pulse|p1a: Prime Ganium\n|-damage|p1a: Prime Ganium|69/100\n|move|p2b: Gyarados|Dragon Dance|p2b: Gyarados\n|-boost|p2b: Gyarados|atk|1\n|-boost|p2b: Gyarados|spe|1\n|move|p1b: Incineroar|Parting Shot|p2b: Gyarados\n|-unboost|p2b: Gyarados|atk|1\n|-unboost|p2b: Gyarados|spa|1\n|\n|t:|1776027882\n|switch|p1b: Pepe|Pelipper, L50, F|32/100|[from] Parting Shot\n|-weather|RainDance|[from] ability: Drizzle|[of] p1b: Pepe\n|\n|-weather|RainDance|[upkeep]\n|-sideend|p1: moonslk|move: Tailwind\n|-sideend|p2: Primus735|move: Tailwind\n|upkeep\n|turn|5\n|\n|t:|1776027902\n|detailschange|p2b: Gyarados|Gyarados-Mega, L50, M, shiny\n|-mega|p2b: Gyarados|Gyarados|Gyaradosite\n|-ability|p2b: Gyarados|Mold Breaker\n|detailschange|p1a: Prime Ganium|Meganium-Mega, L50, M\n|-mega|p1a: Prime Ganium|Meganium|Meganiumite\n|move|p2b: Gyarados|Crunch|p1b: Pepe\n|-damage|p1b: Pepe|0 fnt\n|faint|p1b: Pepe\n|move|p2a: Noivern|Hurricane|p1a: Prime Ganium\n|-supereffective|p1a: Prime Ganium|1\n|-damage|p1a: Prime Ganium|0 fnt\n|faint|p1a: Prime Ganium\n|\n|-weather|RainDance|[upkeep]\n|upkeep\n|\n|t:|1776027914\n|switch|p1b: Basculegion|Basculegion, L50, M|100/100\n|switch|p1a: Incineroar|Incineroar, L50, F|79/100\n|-ability|p1a: Incineroar|Intimidate|boost\n|-unboost|p2a: Noivern|atk|1\n|-unboost|p2b: Gyarados|atk|1\n|turn|6\n|\n|t:|1776027940\n|switch|p2b: Arcanine|Arcanine, L50, M|100/100\n|-ability|p2b: Arcanine|Intimidate|boost\n|-unboost|p1a: Incineroar|atk|1\n|-unboost|p1b: Basculegion|atk|1\n|move|p1a: Incineroar|Fake Out|p2a: Noivern\n|-damage|p2a: Noivern|14/100\n|move|p1b: Basculegion|Wave Crash|p2b: Arcanine\n|-supereffective|p2b: Arcanine|1\n|-damage|p2b: Arcanine|0 fnt\n|faint|p2b: Arcanine\n|-damage|p1b: Basculegion|73/100|[from] Recoil\n|cant|p2a: Noivern|flinch\n|\n|-weather|RainDance|[upkeep]\n|upkeep\n|\n|t:|1776027949\n|switch|p2b: Gyarados|Gyarados-Mega, L50, M, shiny|100/100\n|-ability|p2b: Gyarados|Mold Breaker\n|turn|7\n|\n|t:|1776027979\n|move|p1b: Basculegion|Last Respects|p2a: Noivern\n|-damage|p2a: Noivern|0 fnt\n|faint|p2a: Noivern\n|move|p2b: Gyarados|Aqua Tail|p1a: Incineroar\n|-supereffective|p1a: Incineroar|1\n|-damage|p1a: Incineroar|0 fnt\n|faint|p1a: Incineroar\n|\n|-weather|RainDance|[upkeep]\n|upkeep\n|turn|8\n|\n|t:|1776027986\n|move|p1b: Basculegion|Wave Crash|p2b: Gyarados\n|-resisted|p2b: Gyarados|1\n|-damage|p2b: Gyarados|75/100\n|-damage|p1b: Basculegion|65/100|[from] Recoil\n|move|p2b: Gyarados|Crunch|p1b: Basculegion\n|-supereffective|p1b: Basculegion|1\n|-damage|p1b: Basculegion|0 fnt\n|faint|p1b: Basculegion\n|\n|win|Primus735\n|l|\u2606moonslk\n|player|p1|\n",
  "uploadtime": 1776027997,
  "views": 16,
  "formatid": "gen9championsvgc2026regma",
  "rating": null,
  "private": 0,
  "password": null
}