{
  "id": "gen9championsvgc2026regma-2584244490",
  "format": "[Gen 9 Champions] VGC 2026 Reg M-A",
  "players": [
    "Ronnie122307",
    "Barber1"
  ],
  "log": "|j|\u2606Ronnie122307\n|j|\u2606Barber1\n|t:|1776242561\n|gametype|doubles\n|player|p1|Ronnie122307|serena|1180\n|player|p2|Barber1|cynthia-gen4|1260\n|gen|9\n|tier|[Gen 9 Champions] VGC 2026 Reg M-A\n|rated|\n|rule|Species Clause: Limit one of each Pok\u00e9mon\n|rule|Item Clause: Limit 1 of each item\n|clearpoke\n|poke|p1|Charizard, L50, M|\n|poke|p1|Whimsicott, L50, M|\n|poke|p1|Kingambit, L50, F|\n|poke|p1|Farigiraf, L50, F|\n|poke|p1|Venusaur, L50, M|\n|poke|p1|Sylveon, L50, F|\n|poke|p2|Sneasler, L50, M|\n|poke|p2|Basculegion, L50, M|\n|poke|p2|Delphox, L50, F|\n|poke|p2|Kingambit, L50, F|\n|poke|p2|Garchomp, L50, F|\n|poke|p2|Floette-Eternal, L50, F|\n|teampreview|4\n|inactive|Battle timer is ON: inactive players will automatically lose when time's up. (requested by Barber1)\n|inactive|Barber1 has 60 seconds left.\n|\n|t:|1776242607\n|teamsize|p1|4\n|teamsize|p2|4\n|start\n|switch|p1a: Kingambit|Kingambit, L50, F|100/100\n|switch|p1b: Farigiraf|Farigiraf, L50, F|100/100\n|switch|p2a: Sneasler|Sneasler, L50, M|100/100\n|switch|p2b: Delphox|Delphox, L50, F|100/100\n|turn|1\n|\n|t:|1776242631\n|switch|p2b: Kingambit|Kingambit, L50, F|100/100\n|move|p1a: Kingambit|Protect|p1a: Kingambit\n|-singleturn|p1a: Kingambit|Protect\n|move|p2a: Sneasler|Close Combat|p1a: Kingambit\n|-activate|p1a: Kingambit|move: Protect\n|move|p1b: Farigiraf|Trick Room|p1b: Farigiraf\n|-fieldstart|move: Trick Room|[of] p1b: Farigiraf\n|\n|upkeep\n|turn|2\n|inactive|Ronnie122307 has 30 seconds left.\n|inactive|Barber1 has 30 seconds left.\n|\n|t:|1776242662\n|move|p1a: Kingambit|Kowtow Cleave|p2b: Kingambit\n|-resisted|p2b: Kingambit|1\n|-damage|p2b: Kingambit|79/100\n|move|p2b: Kingambit|Low Kick|p1a: Kingambit\n|-supereffective|p1a: Kingambit|2\n|-crit|p1a: Kingambit\n|-damage|p1a: Kingambit|0 fnt\n|faint|p1a: Kingambit\n|move|p1b: Farigiraf|Psychic|p2a: Sneasler\n|-supereffective|p2a: Sneasler|2\n|-damage|p2a: Sneasler|0 fnt\n|faint|p2a: Sneasler\n|\n|upkeep\n|\n|t:|1776242684\n|switch|p1a: Venusaur|Venusaur, L50, M|100/100\n|switch|p2a: Delphox|Delphox, L50, F|100/100\n|turn|3\n|inactive|Ronnie122307 has 30 seconds left.\n|inactive|Ronnie122307 has 20 seconds left.\n|\n|t:|1776242722\n|detailschange|p1a: Venusaur|Venusaur-Mega, L50, M\n|-mega|p1a: Venusaur|Venusaur|Venusaurite\n|detailschange|p2a: Delphox|Delphox-Mega, L50, F\n|-mega|p2a: Delphox|Delphox|Delphoxite\n|move|p2a: Delphox|Protect|p2a: Delphox\n|-singleturn|p2a: Delphox|Protect\n|move|p2b: Kingambit|Iron Head|p1a: Venusaur\n|-damage|p1a: Venusaur|56/100\n|move|p1b: Farigiraf|Foul Play|p2a: Delphox\n|-activate|p2a: Delphox|move: Protect\n|move|p1a: Venusaur|Sleep Powder|p2a: Delphox\n|-activate|p2a: Delphox|move: Protect\n|\n|upkeep\n|turn|4\n|inactive|Barber1 has 30 seconds left.\n|\n|t:|1776242754\n|move|p2b: Kingambit|Iron Head|p1a: Venusaur\n|-damage|p1a: Venusaur|9/100\n|move|p1b: Farigiraf|Foul Play|p2a: Delphox\n|-supereffective|p2a: Delphox|1\n|-damage|p2a: Delphox|63/100\n|move|p1a: Venusaur|Sleep Powder|p2b: Kingambit|[miss]\n|-miss|p1a: Venusaur|p2b: Kingambit\n|move|p2a: Delphox|Heat Wave|p1a: Venusaur|[spread] p1a,p1b\n|-supereffective|p1a: Venusaur|1\n|-damage|p1a: Venusaur|0 fnt\n|-damage|p1b: Farigiraf|62/100\n|faint|p1a: Venusaur\n|\n|upkeep\n|\n|t:|1776242761\n|switch|p1a: Sylveon|Sylveon, L50, F|100/100\n|turn|5\n|\n|t:|1776242778\n|move|p1a: Sylveon|Protect|p1a: Sylveon\n|-singleturn|p1a: Sylveon|Protect\n|move|p2a: Delphox|Protect|p2a: Delphox\n|-singleturn|p2a: Delphox|Protect\n|move|p2b: Kingambit|Iron Head|p1a: Sylveon\n|-activate|p1a: Sylveon|move: Protect\n|move|p1b: Farigiraf|Foul Play|p2a: Delphox\n|-activate|p2a: Delphox|move: Protect\n|\n|-fieldend|move: Trick Room\n|upkeep\n|turn|6\n|inactive|Barber1 has 30 seconds left.\n|\n|t:|1776242805\n|move|p1b: Farigiraf|Helping Hand|p1a: Sylveon\n|-singleturn|p1a: Sylveon|Helping Hand|[of] p1b: Farigiraf\n|move|p2a: Delphox|Heat Wave|p1a: Sylveon|[spread] p1a,p1b\n|-damage|p1a: Sylveon|75/100\n|-damage|p1b: Farigiraf|23/100\n|move|p1a: Sylveon|Hyper Voice|p2b: Kingambit|[spread] p2a,p2b\n|-resisted|p2a: Delphox|1\n|-damage|p2a: Delphox|27/100\n|-damage|p2b: Kingambit|0 fnt\n|faint|p2b: Kingambit\n|-end|p2b: Kingambit|fallenundefined|[silent]\n|\n|upkeep\n|\n|t:|1776242814\n|switch|p2b: Garchomp|Garchomp, L50, F|100/100\n|turn|7\n|\n|t:|1776242833\n|move|p1b: Farigiraf|Helping Hand|p1a: Sylveon\n|-singleturn|p1a: Sylveon|Helping Hand|[of] p1b: Farigiraf\n|move|p2a: Delphox|Heat Wave|p1b: Farigiraf|[spread] p1a,p1b\n|-damage|p1a: Sylveon|46/100\n|-damage|p1b: Farigiraf|0 fnt\n|faint|p1b: Farigiraf\n|move|p2b: Garchomp|Earthquake|p1a: Sylveon|[spread] p1a\n|-immune|p2a: Delphox|[from] ability: Levitate\n|-damage|p1a: Sylveon|0 fnt\n|faint|p1a: Sylveon\n|\n|win|Barber1\n|raw|Ronnie122307's rating: 1180 &rarr; <strong>1161</strong><br />(-19 for losing)\n|raw|Barber1's rating: 1260 &rarr; <strong>1279</strong><br />(+19 for winning)\n",
  "uploadtime": 1776242849,
  "views": 23,
  "formatid": "gen9championsvgc2026regma",
  "rating": 1161,
  "private": 0,
  "password": null
}