{
  "id": "gen9championsvgc2026regma-2582813371",
  "format": "[Gen 9 Champions] VGC 2026 Reg M-A",
  "players": [
    "Just Typical",
    "fangyusuhe"
  ],
  "log": "|j|\u2606Just Typical\n|j|\u2606fangyusuhe\n|t:|1776116062\n|gametype|doubles\n|player|p1|Just Typical|giovanni-masters|1316\n|player|p2|fangyusuhe|dawn|1367\n|gen|9\n|tier|[Gen 9 Champions] VGC 2026 Reg M-A\n|rated|\n|rule|Species Clause: Limit one of each Pok\u00e9mon\n|rule|Item Clause: Limit 1 of each item\n|clearpoke\n|poke|p1|Crabominable, L50, M|\n|poke|p1|Oranguru, L50, F|\n|poke|p1|Ninetales-Alola, L50, M|\n|poke|p1|Incineroar, L50, F|\n|poke|p1|Primarina, L50, F|\n|poke|p1|Slowking, L50, F|\n|poke|p2|Incineroar, L50, M|\n|poke|p2|Sinistcha, L50|\n|poke|p2|Kingambit, L50, F|\n|poke|p2|Floette-Eternal, L50, F|\n|poke|p2|Dragapult, L50, M|\n|poke|p2|Sneasler, L50, F|\n|teampreview|4\n|inactive|Battle timer is ON: inactive players will automatically lose when time's up. (requested by fangyusuhe)\n|\n|t:|1776116083\n|teamsize|p1|4\n|teamsize|p2|4\n|start\n|switch|p1a: BE LIKE YOU|Oranguru, L50, F|100/100\n|switch|p1b: SAYU|Primarina, L50, F|100/100\n|switch|p2a: Floette|Floette-Eternal, L50, F|100/100\n|switch|p2b: Dragapult|Dragapult, L50, M|100/100\n|turn|1\n|\n|t:|1776116094\n|move|p2b: Dragapult|Dragon Darts|p1a: BE LIKE YOU\n|-damage|p1a: BE LIKE YOU|79/100\n|-anim|p2b: Dragapult|Dragon Darts|p1a: BE LIKE YOU\n|-damage|p1a: BE LIKE YOU|57/100\n|move|p2a: Floette|Calm Mind|p2a: Floette\n|-boost|p2a: Floette|spa|1\n|-boost|p2a: Floette|spd|1\n|move|p1b: SAYU|Moonblast|p2a: Floette\n|-damage|p2a: Floette|69/100\n|move|p1a: BE LIKE YOU|Trick Room|p1a: BE LIKE YOU\n|-fieldstart|move: Trick Room|[of] p1a: BE LIKE YOU\n|\n|upkeep\n|turn|2\n|j| pikachupao\n|inactive|fangyusuhe has 30 seconds left.\n|inactive|fangyusuhe has 20 seconds left.\n|\n|t:|1776116131\n|switch|p2b: Incineroar|Incineroar, L50, M|100/100\n|-ability|p2b: Incineroar|Intimidate|boost\n|-fail|p1a: BE LIKE YOU|unboost|Attack|[from] ability: Inner Focus|[of] p1a: BE LIKE YOU\n|-unboost|p1b: SAYU|atk|1\n|detailschange|p2a: Floette|Floette-Mega, L50, F\n|-mega|p2a: Floette|Floette|Floettite\n|-ability|p2a: Floette|Fairy Aura\n|move|p1b: SAYU|Dazzling Gleam|p2b: Incineroar|[spread] p2a,p2b\n|-damage|p2a: Floette|42/100\n|-damage|p2b: Incineroar|57/100\n|move|p1a: BE LIKE YOU|Instruct|p1b: SAYU\n|-singleturn|p1b: SAYU|move: Instruct|[of] p1a: BE LIKE YOU\n|move|p1b: SAYU|Dazzling Gleam|p2a: Floette|[spread] p2a,p2b\n|-damage|p2a: Floette|19/100\n|-damage|p2b: Incineroar|17/100\n|move|p2a: Floette|Draining Kiss|p1a: BE LIKE YOU\n|-damage|p1a: BE LIKE YOU|19/100\n|-heal|p2a: Floette|50/100|[from] drain|[of] p1a: BE LIKE YOU\n|\n|upkeep\n|turn|3\n|\n|t:|1776116153\n|move|p1b: SAYU|Protect|p1b: SAYU\n|-singleturn|p1b: SAYU|Protect\n|move|p1a: BE LIKE YOU|Protect|p1a: BE LIKE YOU\n|-singleturn|p1a: BE LIKE YOU|Protect\n|move|p2b: Incineroar|Fake Out|p1b: SAYU\n|-activate|p1b: SAYU|move: Protect\n|move|p2a: Floette|Calm Mind|p2a: Floette\n|-boost|p2a: Floette|spa|1\n|-boost|p2a: Floette|spd|1\n|\n|upkeep\n|turn|4\n|\n|t:|1776116161\n|switch|p2b: Kingambit|Kingambit, L50, F|100/100\n|move|p1b: SAYU|Moonblast|p2a: Floette\n|-damage|p2a: Floette|19/100\n|move|p1a: BE LIKE YOU|Instruct|p1b: SAYU\n|-singleturn|p1b: SAYU|move: Instruct|[of] p1a: BE LIKE YOU\n|move|p1b: SAYU|Moonblast|p2a: Floette\n|-damage|p2a: Floette|0 fnt\n|faint|p2a: Floette\n|\n|upkeep\n|\n|t:|1776116170\n|switch|p2a: Incineroar|Incineroar, L50, M|17/100\n|-ability|p2a: Incineroar|Intimidate|boost\n|-fail|p1a: BE LIKE YOU|unboost|Attack|[from] ability: Inner Focus|[of] p1a: BE LIKE YOU\n|-unboost|p1b: SAYU|atk|1\n|turn|5\n|\n|t:|1776116180\n|move|p1b: SAYU|Protect|p1b: SAYU\n|-singleturn|p1b: SAYU|Protect\n|move|p1a: BE LIKE YOU|Encore||[still]\n|-fail|p1a: BE LIKE YOU\n|move|p2b: Kingambit|Swords Dance|p2b: Kingambit\n|-boost|p2b: Kingambit|atk|2\n|move|p2a: Incineroar|Throat Chop|p1a: BE LIKE YOU\n|-supereffective|p1a: BE LIKE YOU|1\n|-damage|p1a: BE LIKE YOU|0 fnt\n|faint|p1a: BE LIKE YOU\n|\n|-fieldend|move: Trick Room\n|upkeep\n|\n|t:|1776116187\n|switch|p1a: FUNKY OMAR|Crabominable, L50, M, shiny|100/100\n|turn|6\n|l|\u2606fangyusuhe\n|inactive|fangyusuhe disconnected and has a minute to reconnect!\n|player|p2|\n|inactive|fangyusuhe has 30 seconds left.\n|inactive|fangyusuhe has 20 seconds left.\n|inactive|fangyusuhe has 15 seconds left.\n|j|\u2606fangyusuhe\n|inactive|fangyusuhe reconnected and has 15 seconds left.\n|player|p2|fangyusuhe|dawn|\n|inactive|fangyusuhe has 10 seconds left.\n|\n|t:|1776116236\n|switch|p1b: AISHA|Ninetales-Alola, L50, M|100/100\n|-weather|Snowscape|[from] ability: Snow Warning|[of] p1b: AISHA\n|detailschange|p1a: FUNKY OMAR|Crabominable-Mega, L50, M, shiny\n|-mega|p1a: FUNKY OMAR|Crabominable|Crabominite\n|move|p1a: FUNKY OMAR|Mach Punch|p2a: Incineroar\n|-supereffective|p2a: Incineroar|1\n|-enditem|p2a: Incineroar|Chople Berry|[eat]\n|-enditem|p2a: Incineroar|Chople Berry|[weaken]\n|-damage|p2a: Incineroar|0 fnt\n|faint|p2a: Incineroar\n|move|p2b: Kingambit|Kowtow Cleave|p1b: AISHA\n|-resisted|p1b: AISHA|1\n|-damage|p1b: AISHA|43/100\n|\n|-weather|Snowscape|[upkeep]\n|upkeep\n|\n|t:|1776116239\n|switch|p2a: Dragapult|Dragapult, L50, M|100/100\n|turn|7\n|\n|t:|1776116251\n|move|p2b: Kingambit|Protect|p2b: Kingambit\n|-singleturn|p2b: Kingambit|Protect\n|move|p2a: Dragapult|Psychic Fangs|p1b: AISHA\n|-damage|p1b: AISHA|15/100\n|move|p1b: AISHA|Aurora Veil|p1b: AISHA\n|-sidestart|p1: Just Typical|move: Aurora Veil\n|move|p1a: FUNKY OMAR|Ice Hammer|p2a: Dragapult\n|-supereffective|p2a: Dragapult|1\n|-enditem|p2a: Dragapult|Focus Sash\n|-damage|p2a: Dragapult|1/100\n|-unboost|p1a: FUNKY OMAR|spe|1\n|\n|-weather|Snowscape|[upkeep]\n|upkeep\n|turn|8\n|inactive|fangyusuhe has 30 seconds left.\n|inactive|fangyusuhe has 20 seconds left.\n|\n|t:|1776116287\n|move|p1b: AISHA|Protect|p1b: AISHA\n|-singleturn|p1b: AISHA|Protect\n|move|p2a: Dragapult|Psychic Fangs|p1b: AISHA\n|-activate|p1b: AISHA|move: Protect\n|move|p2b: Kingambit|Kowtow Cleave|p1a: FUNKY OMAR\n|-resisted|p1a: FUNKY OMAR|1\n|-damage|p1a: FUNKY OMAR|80/100\n|move|p1a: FUNKY OMAR|Drain Punch|p2b: Kingambit\n|-supereffective|p2b: Kingambit|2\n|-damage|p2b: Kingambit|0 fnt\n|-heal|p1a: FUNKY OMAR|100/100|[from] drain|[of] p2b: Kingambit\n|faint|p2b: Kingambit\n|\n|-weather|Snowscape|[upkeep]\n|upkeep\n|turn|9\n|\n|t:|1776116300\n|move|p2a: Dragapult|Psychic Fangs|p1b: AISHA\n|-sideend|p1: Just Typical|move: Aurora Veil\n|-damage|p1b: AISHA|0 fnt\n|faint|p1b: AISHA\n|move|p1a: FUNKY OMAR|Ice Hammer|p2a: Dragapult\n|-supereffective|p2a: Dragapult|1\n|-damage|p2a: Dragapult|0 fnt\n|-unboost|p1a: FUNKY OMAR|spe|1\n|faint|p2a: Dragapult\n|\n|win|Just Typical\n|raw|Just Typical's rating: 1316 &rarr; <strong>1339</strong><br />(+23 for winning)\n|raw|fangyusuhe's rating: 1367 &rarr; <strong>1344</strong><br />(-23 for losing)\n|l|\u2606fangyusuhe\n|player|p2|\n",
  "uploadtime": 1776116375,
  "views": 31,
  "formatid": "gen9championsvgc2026regma",
  "rating": 1339,
  "private": 0,
  "password": null
}