{
  "id": "gen9championsvgc2026regma-2582772664",
  "format": "[Gen 9 Champions] VGC 2026 Reg M-A",
  "players": [
    "Gt yss se j bn",
    "Lolfeever"
  ],
  "log": "|j|\u2606Gt yss se j bn\n|j|\u203dLolfeever\n|t:|1776113054\n|gametype|doubles\n|player|p1|Gt yss se j bn|265|1078\n|player|p2|Lolfeever|lucas|1124\n|gen|9\n|tier|[Gen 9 Champions] VGC 2026 Reg M-A\n|rated|\n|rule|Species Clause: Limit one of each Pok\u00e9mon\n|rule|Item Clause: Limit 1 of each item\n|clearpoke\n|poke|p1|Kingambit, L50, M|\n|poke|p1|Sneasler, L50, F|\n|poke|p1|Farigiraf, L50, F|\n|poke|p1|Meganium, L50, M|\n|poke|p1|Starmie, L50|\n|poke|p1|Sinistcha, L50|\n|poke|p2|Tyranitar, L50, M|\n|poke|p2|Excadrill, L50, F|\n|poke|p2|Hydreigon, L50, M|\n|poke|p2|Floette-Eternal, L50, F|\n|poke|p2|Incineroar, L50, M|\n|poke|p2|Maushold-Four, L50|\n|teampreview|4\n|inactive|Battle timer is ON: inactive players will automatically lose when time's up. (requested by Lolfeever)\n|inactive|Gt yss se j bn has 60 seconds left.\n|\n|t:|1776113086\n|teamsize|p1|4\n|teamsize|p2|4\n|start\n|switch|p1a: Starmie|Starmie, L50|100/100\n|switch|p1b: Sneasler|Sneasler, L50, F|100/100\n|switch|p2a: Tyranitar|Tyranitar, L50, M|100/100\n|switch|p2b: Excadrill|Excadrill, L50, F|100/100\n|-weather|Sandstorm|[from] ability: Sand Stream|[of] p2a: Tyranitar\n|turn|1\n|inactive|Gt yss se j bn has 30 seconds left.\n|inactive|Gt yss se j bn has 20 seconds left.\n|inactive|Gt yss se j bn has 15 seconds left.\n|inactive|Gt yss se j bn has 10 seconds left.\n|\n|t:|1776113133\n|switch|p2a: Incineroar|Incineroar, L50, M|100/100\n|-ability|p2a: Incineroar|Intimidate|boost\n|-unboost|p1a: Starmie|atk|1\n|-unboost|p1b: Sneasler|atk|1\n|detailschange|p1a: Starmie|Starmie-Mega, L50\n|-mega|p1a: Starmie|Starmie|Starminite\n|move|p2b: Excadrill|Rock Slide|p1b: Sneasler|[spread] p1b\n|-miss|p2b: Excadrill|p1a: Starmie\n|-resisted|p1b: Sneasler|1\n|-damage|p1b: Sneasler|78/100\n|move|p1a: Starmie|Flip Turn|p2b: Excadrill\n|-supereffective|p2b: Excadrill|1\n|-damage|p2b: Excadrill|1/100\n|\n|t:|1776113148\n|switch|p1a: Farigiraf|Farigiraf, L50, F|100/100|[from] Flip Turn\n|move|p1b: Sneasler|Close Combat|p2a: Incineroar\n|-supereffective|p2a: Incineroar|1\n|-enditem|p2a: Incineroar|Chople Berry|[eat]\n|-enditem|p2a: Incineroar|Chople Berry|[weaken]\n|-damage|p2a: Incineroar|60/100\n|-unboost|p1b: Sneasler|def|1\n|-unboost|p1b: Sneasler|spd|1\n|\n|-weather|Sandstorm|[upkeep]\n|-damage|p1b: Sneasler|72/100|[from] Sandstorm\n|-damage|p1a: Farigiraf|94/100|[from] Sandstorm\n|-damage|p2a: Incineroar|54/100|[from] Sandstorm\n|upkeep\n|turn|2\n|inactive|Gt yss se j bn has 30 seconds left.\n|\n|t:|1776113182\n|move|p1b: Sneasler|Protect|p1b: Sneasler\n|-singleturn|p1b: Sneasler|Protect\n|move|p2b: Excadrill|Earthquake|p1b: Sneasler|[spread] p2a,p1a\n|-activate|p1b: Sneasler|move: Protect\n|-supereffective|p2a: Incineroar|1\n|-damage|p2a: Incineroar|0 fnt\n|-damage|p1a: Farigiraf|53/100\n|faint|p2a: Incineroar\n|move|p1a: Farigiraf|Reflect|p1a: Farigiraf\n|-sidestart|p1: Gt yss se j bn|Reflect\n|\n|-weather|Sandstorm|[upkeep]\n|-damage|p1b: Sneasler|66/100|[from] Sandstorm\n|-damage|p1a: Farigiraf|47/100|[from] Sandstorm\n|upkeep\n|\n|t:|1776113190\n|switch|p2a: Tyranitar|Tyranitar, L50, M|100/100\n|turn|3\n|\n|t:|1776113203\n|move|p2b: Excadrill|Iron Head|p1b: Sneasler\n|-damage|p1b: Sneasler|0 fnt\n|faint|p1b: Sneasler\n|move|p2a: Tyranitar|Knock Off|p1a: Farigiraf\n|-supereffective|p1a: Farigiraf|1\n|-enditem|p1a: Farigiraf|Colbur Berry|[eat]\n|-enditem|p1a: Farigiraf|Colbur Berry|[weaken]\n|-damage|p1a: Farigiraf|14/100\n|move|p1a: Farigiraf|Psychic|p2b: Excadrill\n|-resisted|p2b: Excadrill|1\n|-damage|p2b: Excadrill|0 fnt\n|faint|p2b: Excadrill\n|\n|-weather|Sandstorm|[upkeep]\n|-damage|p1a: Farigiraf|8/100|[from] Sandstorm\n|upkeep\n|\n|t:|1776113220\n|switch|p1b: Starmie|Starmie-Mega, L50|100/100\n|switch|p2b: Floette|Floette-Eternal, L50, F|100/100\n|turn|4\n|\n|t:|1776113240\n|detailschange|p2b: Floette|Floette-Mega, L50, F\n|-mega|p2b: Floette|Floette|Floettite\n|-ability|p2b: Floette|Fairy Aura\n|move|p1b: Starmie|Flip Turn|p2a: Tyranitar\n|-supereffective|p2a: Tyranitar|1\n|-damage|p2a: Tyranitar|6/100\n|\n|t:|1776113246\n|switch|p1b: Kingambit|Kingambit, L50, M|100/100|[from] Flip Turn\n|move|p2a: Tyranitar|Knock Off|p1b: Kingambit\n|-resisted|p1b: Kingambit|1\n|-damage|p1b: Kingambit|88/100\n|-enditem|p1b: Kingambit|Sitrus Berry|[from] move: Knock Off|[of] p2a: Tyranitar\n|move|p2b: Floette|Dazzling Gleam|p1b: Kingambit|[spread] p1a,p1b\n|-crit|p1b: Kingambit\n|-damage|p1a: Farigiraf|0 fnt\n|-damage|p1b: Kingambit|20/100\n|faint|p1a: Farigiraf\n|\n|-weather|Sandstorm|[upkeep]\n|-damage|p2b: Floette|95/100|[from] Sandstorm\n|upkeep\n|\n|t:|1776113261\n|switch|p1a: Starmie|Starmie-Mega, L50|100/100\n|turn|5\n|\n|t:|1776113284\n|move|p1b: Kingambit|Sucker Punch|p2a: Tyranitar\n|-resisted|p2a: Tyranitar|1\n|-damage|p2a: Tyranitar|0 fnt\n|faint|p2a: Tyranitar\n|move|p1a: Starmie|Psycho Cut|p2b: Floette\n|-damage|p2b: Floette|7/100\n|move|p2b: Floette|Dazzling Gleam|p1b: Kingambit|[spread] p1a,p1b\n|-crit|p1a: Starmie\n|-damage|p1a: Starmie|13/100\n|-damage|p1b: Kingambit|0 fnt\n|faint|p1b: Kingambit\n|\n|-weather|none\n|upkeep\n|turn|6\n|\n|t:|1776113298\n|move|p1a: Starmie|Aqua Jet|p2b: Floette\n|-damage|p2b: Floette|0 fnt\n|faint|p2b: Floette\n|\n|win|Gt yss se j bn\n|raw|Gt yss se j bn's rating: 1078 &rarr; <strong>1110</strong><br />(+32 for winning)\n|raw|Lolfeever's rating: 1124 &rarr; <strong>1096</strong><br />(-28 for losing)\n|l|\u203dLolfeever\n|player|p2|\n",
  "uploadtime": 1776113306,
  "views": 33,
  "formatid": "gen9championsvgc2026regma",
  "rating": 1096,
  "private": 0,
  "password": null
}