{
  "id": "gen9championsvgc2026regma-2580858605",
  "format": "[Gen 9 Champions] VGC 2026 Reg M-A",
  "players": [
    "Lucad_18",
    "ester98"
  ],
  "log": "|j|\u2606Lucad_18\n|j|\u2606ester98\n|t:|1775938292\n|gametype|doubles\n|player|p1|Lucad_18|265|1000\n|player|p2|ester98|phoebe-masters|1045\n|gen|9\n|tier|[Gen 9 Champions] VGC 2026 Reg M-A\n|rated|\n|rule|Species Clause: Limit one of each Pok\u00e9mon\n|rule|Item Clause: Limit 1 of each item\n|clearpoke\n|poke|p1|Steelix, L50, M|\n|poke|p1|Farigiraf, L50, F|\n|poke|p1|Incineroar, L50, F|\n|poke|p1|Rotom-Wash, L50|\n|poke|p1|Maushold-Four, L50|\n|poke|p1|Tyranitar, L50, F|\n|poke|p2|Slowbro, L50, F|\n|poke|p2|Tyranitar, L50, M|\n|poke|p2|Garchomp, L50, F|\n|poke|p2|Corviknight, L50, F|\n|poke|p2|Venusaur, L50, M|\n|poke|p2|Sneasler, L50, M|\n|teampreview|4\n|\n|t:|1775938363\n|teamsize|p1|4\n|teamsize|p2|4\n|start\n|switch|p1a: Farigiraf|Farigiraf, L50, F|100/100\n|switch|p1b: Steelix|Steelix, L50, M|100/100\n|switch|p2a: Sneasler|Sneasler, L50, M|100/100\n|switch|p2b: Venusaur|Venusaur, L50, M|100/100\n|turn|1\n|\n|t:|1775938388\n|detailschange|p2b: Venusaur|Venusaur-Mega, L50, M\n|-mega|p2b: Venusaur|Venusaur|Venusaurite\n|detailschange|p1b: Steelix|Steelix-Mega, L50, M\n|-mega|p1b: Steelix|Steelix|Steelixite\n|move|p2a: Sneasler|Close Combat|p1a: Farigiraf\n|-damage|p1a: Farigiraf|30/100\n|-unboost|p2a: Sneasler|def|1\n|-unboost|p2a: Sneasler|spd|1\n|-enditem|p2a: Sneasler|White Herb\n|-clearnegativeboost|p2a: Sneasler|[silent]\n|move|p2b: Venusaur|Sludge Bomb|p1a: Farigiraf\n|-damage|p1a: Farigiraf|0 fnt\n|faint|p1a: Farigiraf\n|move|p1b: Steelix|High Horsepower|p2a: Sneasler\n|-supereffective|p2a: Sneasler|1\n|-damage|p2a: Sneasler|0 fnt\n|faint|p2a: Sneasler\n|\n|upkeep\n|\n|t:|1775938406\n|switch|p2a: Slowbro|Slowbro, L50, F|100/100\n|switch|p1a: Tyranitar|Tyranitar, L50, F|100/100\n|-weather|Sandstorm|[from] ability: Sand Stream|[of] p1a: Tyranitar\n|turn|2\n|\n|t:|1775938434\n|move|p2b: Venusaur|Giga Drain|p1a: Tyranitar\n|-supereffective|p1a: Tyranitar|1\n|-damage|p1a: Tyranitar|60/100\n|move|p1a: Tyranitar|Knock Off|p2a: Slowbro\n|-supereffective|p2a: Slowbro|1\n|-damage|p2a: Slowbro|17/100\n|-enditem|p2a: Slowbro|Sitrus Berry|[from] move: Knock Off|[of] p1a: Tyranitar\n|move|p1b: Steelix|High Horsepower|p2b: Venusaur\n|-damage|p2b: Venusaur|54/100\n|move|p2a: Slowbro|Scald|p1a: Tyranitar\n|-supereffective|p1a: Tyranitar|1\n|-damage|p1a: Tyranitar|22/100\n|\n|-weather|Sandstorm|[upkeep]\n|-damage|p2b: Venusaur|48/100|[from] Sandstorm\n|-damage|p2a: Slowbro|11/100|[from] Sandstorm\n|upkeep\n|turn|3\n|\n|t:|1775938454\n|move|p1a: Tyranitar|Protect|p1a: Tyranitar\n|-singleturn|p1a: Tyranitar|Protect\n|move|p2b: Venusaur|Giga Drain|p1a: Tyranitar\n|-activate|p1a: Tyranitar|move: Protect\n|move|p1b: Steelix|Heavy Slam|p2b: Venusaur\n|-damage|p2b: Venusaur|0 fnt\n|faint|p2b: Venusaur\n|move|p2a: Slowbro|Scald|p1b: Steelix\n|-supereffective|p1b: Steelix|1\n|-crit|p1b: Steelix\n|-damage|p1b: Steelix|2/100\n|\n|-weather|Sandstorm|[upkeep]\n|-damage|p2a: Slowbro|5/100|[from] Sandstorm\n|upkeep\n|\n|t:|1775938457\n|switch|p2b: Garchomp|Garchomp, L50, F|100/100\n|turn|4\n|\n|t:|1775938491\n|move|p1a: Tyranitar|Protect|p1a: Tyranitar\n|-singleturn|p1a: Tyranitar|Protect\n|move|p1b: Steelix|Protect|p1b: Steelix\n|-singleturn|p1b: Steelix|Protect\n|move|p2b: Garchomp|Earthquake|p1b: Steelix|[spread] p2a\n|-activate|p1a: Tyranitar|move: Protect\n|-activate|p1b: Steelix|move: Protect\n|-damage|p2a: Slowbro|0 fnt\n|faint|p2a: Slowbro\n|\n|-weather|Sandstorm|[upkeep]\n|upkeep\n|turn|5\n|\n|t:|1775938521\n|switch|p1a: Rotom|Rotom-Wash, L50|100/100\n|move|p1b: Steelix|Protect|p1b: Steelix\n|-singleturn|p1b: Steelix|Protect\n|move|p2b: Garchomp|Earthquake|p1a: Rotom|[spread] \n|-activate|p1b: Steelix|move: Protect\n|-immune|p1a: Rotom|[from] ability: Levitate\n|\n|-weather|Sandstorm|[upkeep]\n|-damage|p1a: Rotom|95/100|[from] Sandstorm\n|-heal|p1a: Rotom|100/100|[from] item: Leftovers\n|upkeep\n|turn|6\n|\n|t:|1775938549\n|move|p2b: Garchomp|Rock Slide|p1b: Steelix|[spread] p1a,p1b\n|-resisted|p1b: Steelix|2\n|-damage|p1a: Rotom|80/100\n|-damage|p1b: Steelix|0 fnt\n|faint|p1b: Steelix\n|move|p1a: Rotom|Nasty Plot|p1a: Rotom\n|-boost|p1a: Rotom|spa|2\n|\n|-weather|none\n|-heal|p1a: Rotom|86/100|[from] item: Leftovers\n|upkeep\n|\n|t:|1775938557\n|switch|p1b: Tyranitar|Tyranitar, L50, F|22/100\n|-weather|Sandstorm|[from] ability: Sand Stream|[of] p1b: Tyranitar\n|turn|7\n|\n|t:|1775938570\n|move|p2b: Garchomp|Dragon Claw|p1b: Tyranitar\n|-damage|p1b: Tyranitar|0 fnt\n|faint|p1b: Tyranitar\n|move|p1a: Rotom|Hydro Pump|p2b: Garchomp\n|-damage|p2b: Garchomp|14/100\n|\n|-weather|Sandstorm|[upkeep]\n|-damage|p1a: Rotom|80/100|[from] Sandstorm\n|-heal|p1a: Rotom|86/100|[from] item: Leftovers\n|upkeep\n|turn|8\n|\n|t:|1775938582\n|move|p2b: Garchomp|Dragon Claw|p1a: Rotom\n|-damage|p1a: Rotom|48/100\n|move|p1a: Rotom|Hydro Pump|p2b: Garchomp|[miss]\n|-miss|p1a: Rotom|p2b: Garchomp\n|\n|-weather|Sandstorm|[upkeep]\n|-damage|p1a: Rotom|42/100|[from] Sandstorm\n|-heal|p1a: Rotom|48/100|[from] item: Leftovers\n|upkeep\n|turn|9\n|\n|t:|1775938592\n|move|p1a: Rotom|Protect|p1a: Rotom\n|-singleturn|p1a: Rotom|Protect\n|move|p2b: Garchomp|Dragon Claw|p1a: Rotom\n|-activate|p1a: Rotom|move: Protect\n|\n|-weather|Sandstorm|[upkeep]\n|-damage|p1a: Rotom|42/100|[from] Sandstorm\n|-heal|p1a: Rotom|48/100|[from] item: Leftovers\n|upkeep\n|turn|10\n|\n|t:|1775938601\n|move|p2b: Garchomp|Dragon Claw|p1a: Rotom\n|-damage|p1a: Rotom|8/100\n|move|p1a: Rotom|Hydro Pump|p2b: Garchomp|[miss]\n|-miss|p1a: Rotom|p2b: Garchomp\n|\n|-weather|Sandstorm|[upkeep]\n|-damage|p1a: Rotom|2/100|[from] Sandstorm\n|-heal|p1a: Rotom|8/100|[from] item: Leftovers\n|upkeep\n|turn|11\n|c|\u2606ester98|give me another one my beloved sand veil\n|c|\u2606ester98|lfgg\n|\n|t:|1775938609\n|move|p1a: Rotom|Protect|p1a: Rotom\n|-singleturn|p1a: Rotom|Protect\n|move|p2b: Garchomp|Dragon Claw|p1a: Rotom\n|-activate|p1a: Rotom|move: Protect\n|\n|-weather|none\n|-heal|p1a: Rotom|13/100|[from] item: Leftovers\n|upkeep\n|turn|12\n|\n|t:|1775938612\n|move|p2b: Garchomp|Dragon Claw|p1a: Rotom\n|-damage|p1a: Rotom|0 fnt\n|faint|p1a: Rotom\n|\n|win|ester98\n|raw|Lucad_18's rating: 1000 &rarr; <strong>1000</strong><br />(+0 for losing)\n|raw|ester98's rating: 1045 &rarr; <strong>1074</strong><br />(+29 for winning)\n|l|\u2606Lucad_18\n|player|p1|\n",
  "uploadtime": 1775938616,
  "views": 19,
  "formatid": "gen9championsvgc2026regma",
  "rating": 1000,
  "private": 0,
  "password": null
}