{
  "id": "gen9championsvgc2026regma-2582344473",
  "format": "[Gen 9 Champions] VGC 2026 Reg M-A",
  "players": [
    "On the wave now",
    "Spiritomb0722"
  ],
  "log": "|j|\u2606On the wave now\n|j|\u2606Spiritomb0722\n|t:|1776085076\n|gametype|doubles\n|player|p1|On the wave now|ruinmaniac|1166\n|player|p2|Spiritomb0722|cynthia-gen4|1221\n|gen|9\n|tier|[Gen 9 Champions] VGC 2026 Reg M-A\n|rated|\n|rule|Species Clause: Limit one of each Pok\u00e9mon\n|rule|Item Clause: Limit 1 of each item\n|clearpoke\n|poke|p1|Delphox, L50, M|\n|poke|p1|Sneasler, L50, M|\n|poke|p1|Ninetales, L50, M|\n|poke|p1|Milotic, L50, M|\n|poke|p1|Venusaur, L50, M|\n|poke|p1|Whimsicott, L50, M|\n|poke|p2|Sinistcha, L50|\n|poke|p2|Tyranitar, L50, F|\n|poke|p2|Incineroar, L50, M|\n|poke|p2|Scovillain, L50, F|\n|poke|p2|Manectric, L50, F|\n|poke|p2|Azumarill, L50, M|\n|teampreview|4\n|c|\u2606On the wave now|glhf\nOn the wave now has agreed to open team sheets.\nSpiritomb0722 has agreed to open team sheets.\n|showteam|p1|Delphox||Delphoxite|Blaze|HeatWave,Psychic,Protect,CalmMind|||M|||50|]Sneasler||WhiteHerb|Unburden|DireClaw,CloseCombat,FakeOut,Protect|||M|||50|]Ninetales||Charcoal|Drought|HelpingHand,Protect,WillOWisp,Overheat|||M|||50|]Milotic||SitrusBerry|Competitive|IceBeam,FlipTurn,Scald,Protect|||M|||50|]Venusaur||Venusaurite|Chlorophyll|GigaDrain,SludgeWave,SleepPowder,Protect|||M|||50|]Whimsicott||FocusSash|Prankster|SunnyDay,Tailwind,FakeTears,Moonblast|||M|||50|\n|showteam|p2|Sinistcha||Leftovers|Hospitality|MatchaGotcha,RagePowder,TrickRoom,StrengthSap||||||50|]Tyranitar||ChopleBerry|SandStream|RockSlide,Crunch,DragonDance,Protect|||F|||50|]Incineroar||ChestoBerry|Intimidate|FlareBlitz,ThroatChop,FakeOut,PartingShot|||M|||50|]Scovillain||Scovillainite|Chlorophyll|RagePowder,Flamethrower,LeechSeed,Protect|||F|||50|]Manectric||Manectite|Static|Snarl,Thunderbolt,VoltSwitch,Protect|||F|||50|]Azumarill||SitrusBerry|HugePower|BellyDrum,AquaJet,PlayRough,Protect|||M|||50|\n|c|\u2606Spiritomb0722|glhf\n|\n|t:|1776085157\n|teamsize|p1|4\n|teamsize|p2|4\n|start\n|switch|p1a: Delphox|Delphox, L50, M|100/100\n|switch|p1b: Sneasler|Sneasler, L50, M|100/100\n|switch|p2a: Incineroar|Incineroar, L50, M|100/100\n|switch|p2b: Manectric|Manectric, L50, F|100/100\n|-ability|p2a: Incineroar|Intimidate|boost\n|-unboost|p1a: Delphox|atk|1\n|-unboost|p1b: Sneasler|atk|1\n|-enditem|p1b: Sneasler|White Herb\n|-clearnegativeboost|p1b: Sneasler|[silent]\n|turn|1\n|\n|t:|1776085205\n|switch|p2a: Sinistcha|Sinistcha, L50|100/100\n|detailschange|p1a: Delphox|Delphox-Mega, L50, M\n|-mega|p1a: Delphox|Delphox|Delphoxite\n|move|p2b: Manectric|Protect|p2b: Manectric\n|-singleturn|p2b: Manectric|Protect\n|move|p1b: Sneasler|Fake Out|p2a: Sinistcha\n|-immune|p2a: Sinistcha\n|move|p1a: Delphox|Heat Wave|p2b: Manectric|[spread] \n|-activate|p2b: Manectric|move: Protect\n|-miss|p1a: Delphox|p2a: Sinistcha\n|\n|upkeep\n|turn|2\n|\n|t:|1776085224\n|switch|p2a: Incineroar|Incineroar, L50, M|100/100\n|-ability|p2a: Incineroar|Intimidate|boost\n|-unboost|p1a: Delphox|atk|1\n|-unboost|p1b: Sneasler|atk|1\n|detailschange|p2b: Manectric|Manectric-Mega, L50, F\n|-mega|p2b: Manectric|Manectric|Manectite\n|-ability|p2b: Manectric|Intimidate|boost\n|-unboost|p1a: Delphox|atk|1\n|-unboost|p1b: Sneasler|atk|1\n|move|p1b: Sneasler|Close Combat|p2b: Manectric\n|-damage|p2b: Manectric|60/100\n|-unboost|p1b: Sneasler|def|1\n|-unboost|p1b: Sneasler|spd|1\n|move|p2b: Manectric|Snarl|p1a: Delphox|[spread] p1a,p1b\n|-supereffective|p1a: Delphox|1\n|-resisted|p1b: Sneasler|1\n|-damage|p1a: Delphox|75/100\n|-damage|p1b: Sneasler|88/100\n|-unboost|p1a: Delphox|spa|1\n|-unboost|p1b: Sneasler|spa|1\n|move|p1a: Delphox|Heat Wave|p2b: Manectric|[spread] p2a,p2b\n|-resisted|p2a: Incineroar|1\n|-damage|p2a: Incineroar|90/100\n|-damage|p2b: Manectric|22/100\n|\n|upkeep\n|turn|3\n|\n|t:|1776085255\n|move|p1b: Sneasler|Protect|p1b: Sneasler\n|-singleturn|p1b: Sneasler|Protect\n|move|p2b: Manectric|Protect|p2b: Manectric\n|-singleturn|p2b: Manectric|Protect\n|move|p1a: Delphox|Protect|p1a: Delphox\n|-singleturn|p1a: Delphox|Protect\n|move|p2a: Incineroar|Flare Blitz|p1b: Sneasler\n|-activate|p1b: Sneasler|move: Protect\n|\n|upkeep\n|turn|4\n|\n|t:|1776085277\n|switch|p2b: Sinistcha|Sinistcha, L50|100/100\n|-heal|p2a: Incineroar|100/100|[from] ability: Hospitality|[of] p2b: Sinistcha\n|move|p1b: Sneasler|Dire Claw|p2a: Incineroar\n|-damage|p2a: Incineroar|79/100\n|-status|p2a: Incineroar|par\n|move|p1a: Delphox|Heat Wave|p2b: Sinistcha|[spread] p2b\n|-miss|p1a: Delphox|p2a: Incineroar\n|-supereffective|p2b: Sinistcha|1\n|-damage|p2b: Sinistcha|56/100\n|move|p2a: Incineroar|Throat Chop|p1a: Delphox\n|-supereffective|p1a: Delphox|1\n|-damage|p1a: Delphox|0 fnt\n|faint|p1a: Delphox\n|\n|-heal|p2b: Sinistcha|62/100|[from] item: Leftovers\n|upkeep\n|\n|t:|1776085288\n|switch|p1a: Whimsicott|Whimsicott, L50, M|100/100\n|turn|5\n|\n|t:|1776085313\n|move|p1b: Sneasler|Dire Claw|p2b: Sinistcha\n|-damage|p2b: Sinistcha|43/100\n|move|p1a: Whimsicott|Moonblast|p2b: Sinistcha\n|-damage|p2b: Sinistcha|7/100\n|move|p2b: Sinistcha|Matcha Gotcha|p1b: Sneasler|[spread] p1a,p1b\n|-resisted|p1a: Whimsicott|1\n|-resisted|p1b: Sneasler|1\n|-damage|p1a: Whimsicott|79/100\n|-heal|p2b: Sinistcha|15/100|[from] drain|[of] p1a: Whimsicott\n|-damage|p1b: Sneasler|65/100\n|-heal|p2b: Sinistcha|25/100|[from] drain|[of] p1b: Sneasler\n|move|p2a: Incineroar|Flare Blitz|p1b: Sneasler\n|-damage|p1b: Sneasler|0 fnt\n|faint|p1b: Sneasler\n|-damage|p2a: Incineroar|60/100 par|[from] Recoil\n|\n|-heal|p2b: Sinistcha|31/100|[from] item: Leftovers\n|upkeep\n|\n|t:|1776085319\n|switch|p1b: Venusaur|Venusaur, L50, M|100/100\n|turn|6\n|\n|t:|1776085357\n|move|p1b: Venusaur|Protect|p1b: Venusaur\n|-singleturn|p1b: Venusaur|Protect\n|move|p1a: Whimsicott|Moonblast|p2a: Incineroar\n|-damage|p2a: Incineroar|26/100 par\n|move|p2a: Incineroar|Flare Blitz|p1b: Venusaur\n|-activate|p1b: Venusaur|move: Protect\n|move|p2b: Sinistcha|Trick Room|p2b: Sinistcha\n|-fieldstart|move: Trick Room|[of] p2b: Sinistcha\n|\n|-heal|p2b: Sinistcha|38/100|[from] item: Leftovers\n|upkeep\n|turn|7\n|\n|t:|1776085379\n|switch|p2b: Tyranitar|Tyranitar, L50, F|100/100\n|-weather|Sandstorm|[from] ability: Sand Stream|[of] p2b: Tyranitar\n|move|p1b: Venusaur|Protect||[still]\n|-fail|p1b: Venusaur\n|move|p2a: Incineroar|Flare Blitz|p1b: Venusaur\n|-supereffective|p1b: Venusaur|1\n|-damage|p1b: Venusaur|0 fnt\n|faint|p1b: Venusaur\n|-damage|p2a: Incineroar|0 fnt|[from] Recoil\n|faint|p2a: Incineroar\n|move|p1a: Whimsicott|Moonblast|p2b: Tyranitar\n|-supereffective|p2b: Tyranitar|1\n|-damage|p2b: Tyranitar|44/100\n|\n|-weather|Sandstorm|[upkeep]\n|-damage|p1a: Whimsicott|73/100|[from] Sandstorm\n|upkeep\n|c|\u2606On the wave now|gg\n|-message|On the wave now forfeited.\n|\n|win|Spiritomb0722\n|raw|On the wave now's rating: 1166 &rarr; <strong>1145</strong><br />(-21 for losing)\n|raw|Spiritomb0722's rating: 1221 &rarr; <strong>1242</strong><br />(+21 for winning)\n",
  "uploadtime": 1776085394,
  "views": 11,
  "formatid": "gen9championsvgc2026regma",
  "rating": 1145,
  "private": 0,
  "password": null
}