{
  "id": "gen9championsvgc2026regma-2583656217",
  "format": "[Gen 9 Champions] VGC 2026 Reg M-A",
  "players": [
    "MESIGNO!!!!",
    "potatochipenguin"
  ],
  "log": "|j|\u2606MESIGNO!!!!\n|j|\u2606potatochipenguin\n|t:|1776189133\n|gametype|doubles\n|player|p1|MESIGNO!!!!|galacticgruntf|1102\n|player|p2|potatochipenguin|266|1000\n|gen|9\n|tier|[Gen 9 Champions] VGC 2026 Reg M-A\n|rated|\n|rule|Species Clause: Limit one of each Pok\u00e9mon\n|rule|Item Clause: Limit 1 of each item\n|clearpoke\n|poke|p1|Hatterene, L50, F|\n|poke|p1|Kingambit, L50, M|\n|poke|p1|Drampa, L50, F|\n|poke|p1|Sinistcha, L50|\n|poke|p1|Farigiraf, L50, M|\n|poke|p1|Golurk, L50|\n|poke|p2|Froslass, L50, F|\n|poke|p2|Abomasnow, L50, F|\n|poke|p2|Incineroar, L50, M|\n|poke|p2|Garchomp, L50, M|\n|poke|p2|Rotom-Wash, L50|\n|poke|p2|Orthworm, L50, M|\n|teampreview|4\n|\n|t:|1776189182\n|teamsize|p1|4\n|teamsize|p2|4\n|start\n|switch|p1a: Hatterene|Hatterene, L50, F|100/100\n|switch|p1b: Drampa|Drampa, L50, F|100/100\n|switch|p2a: Orthworm|Orthworm, L50, M, shiny|100/100\n|switch|p2b: Abomasnow|Abomasnow, L50, F|100/100\n|-weather|Snowscape|[from] ability: Snow Warning|[of] p2b: Abomasnow\n|-ability|p1b: Drampa|Cloud Nine\n|turn|1\n|\n|t:|1776189206\n|detailschange|p1b: Drampa|Drampa-Mega, L50, F\n|-mega|p1b: Drampa|Drampa|Drampanite\n|move|p2b: Abomasnow|Ice Shard|p1b: Drampa\n|-supereffective|p1b: Drampa|1\n|-damage|p1b: Drampa|68/100\n|move|p2a: Orthworm|Shed Tail|p2a: Orthworm\n|-start|p2a: Orthworm|Substitute|[from] move: Shed Tail\n|-damage|p2a: Orthworm|50/100\n|-enditem|p2a: Orthworm|Sitrus Berry|[eat]\n|-heal|p2a: Orthworm|75/100|[from] item: Sitrus Berry\n|\n|t:|1776189219\n|switch|p2a: Froslass|Froslass, L50, F|100/100|[from] Shed Tail\n|move|p1b: Drampa|Calm Mind|p1b: Drampa\n|-boost|p1b: Drampa|spa|1\n|-boost|p1b: Drampa|spd|1\n|move|p1a: Hatterene|Trick Room|p1a: Hatterene\n|-fieldstart|move: Trick Room|[of] p1a: Hatterene\n|\n|-weather|Snowscape|[upkeep]\n|upkeep\n|turn|2\n|\n|t:|1776189250\n|detailschange|p2a: Froslass|Froslass-Mega, L50, F\n|-mega|p2a: Froslass|Froslass|Froslassite\n|move|p1a: Hatterene|Mystical Fire|p2b: Abomasnow\n|-supereffective|p2b: Abomasnow|2\n|-damage|p2b: Abomasnow|0 fnt\n|faint|p2b: Abomasnow\n|move|p1b: Drampa|Calm Mind|p1b: Drampa\n|-boost|p1b: Drampa|spa|1\n|-boost|p1b: Drampa|spd|1\n|move|p2a: Froslass|Blizzard|p1b: Drampa|[spread] p1a,p1b\n|-supereffective|p1b: Drampa|1\n|-damage|p1a: Hatterene|52/100\n|-damage|p1b: Drampa|26/100\n|-status|p1b: Drampa|frz\n|-ability|p1b: Drampa|Berserk|boost\n|-boost|p1b: Drampa|spa|1\n|\n|-weather|Snowscape|[upkeep]\n|upkeep\n|c|\u2606MESIGNO!!!!|:((((\n|\n|t:|1776189266\n|switch|p2b: Orthworm|Orthworm, L50, M, shiny|75/100\n|turn|3\n|c|\u2606potatochipenguin|HOLY LUCK\n|c|\u2606MESIGNO!!!!|frrr hahaha\n|c|\u2606potatochipenguin|what shall u do\n|\n|t:|1776189310\n|move|p1a: Hatterene|Mystical Fire|p2a: Froslass\n|-supereffective|p2a: Froslass|1\n|-end|p2a: Froslass|Substitute\n|cant|p1b: Drampa|frz\n|move|p2b: Orthworm|Iron Head|p1a: Hatterene\n|-supereffective|p1a: Hatterene|1\n|-damage|p1a: Hatterene|0 fnt\n|faint|p1a: Hatterene\n|move|p2a: Froslass|Blizzard|p1b: Drampa\n|-supereffective|p1b: Drampa|1\n|-damage|p1b: Drampa|0 fnt\n|faint|p1b: Drampa\n|\n|-weather|Snowscape|[upkeep]\n|upkeep\n|\n|t:|1776189321\n|switch|p1a: Kingambit|Kingambit, L50, M, shiny|100/100\n|switch|p1b: Farigiraf|Farigiraf, L50, M, shiny|100/100\n|turn|4\n|\n|t:|1776189349\n|switch|p2a: Garchomp|Garchomp, L50, M|100/100\n|move|p1a: Kingambit|Iron Head|p2a: Garchomp\n|-damage|p2a: Garchomp|52/100\n|-damage|p1a: Kingambit|88/100|[from] ability: Rough Skin|[of] p2a: Garchomp\n|move|p1b: Farigiraf|Psychic Noise|p2b: Orthworm\n|-resisted|p2b: Orthworm|1\n|-damage|p2b: Orthworm|55/100\n|-start|p2b: Orthworm|move: Heal Block\n|move|p2b: Orthworm|Shed Tail|p2b: Orthworm\n|-start|p2b: Orthworm|Substitute|[from] move: Shed Tail\n|-damage|p2b: Orthworm|4/100\n|\n|t:|1776189361\n|switch|p2b: Froslass|Froslass-Mega, L50, F|100/100|[from] Shed Tail\n|\n|-weather|Snowscape|[upkeep]\n|upkeep\n|turn|5\n|\n|t:|1776189400\n|move|p1a: Kingambit|Iron Head|p2a: Garchomp\n|-damage|p2a: Garchomp|2/100\n|-damage|p1a: Kingambit|76/100|[from] ability: Rough Skin|[of] p2a: Garchomp\n|move|p1b: Farigiraf|Psychic Noise|p2a: Garchomp\n|-damage|p2a: Garchomp|0 fnt\n|faint|p2a: Garchomp\n|move|p2b: Froslass|Blizzard|p1b: Farigiraf|[spread] p1a,p1b\n|-resisted|p1a: Kingambit|1\n|-damage|p1a: Kingambit|53/100\n|-damage|p1b: Farigiraf|67/100\n|\n|-weather|none\n|-fieldend|move: Trick Room\n|upkeep\n|\n|t:|1776189413\n|switch|p2a: Orthworm|Orthworm, L50, M, shiny|4/100\n|turn|6\n|\n|t:|1776189445\n|move|p2a: Orthworm|Protect|p2a: Orthworm\n|-singleturn|p2a: Orthworm|Protect\n|move|p2b: Froslass|Shadow Ball|p1b: Farigiraf\n|-immune|p1b: Farigiraf\n|move|p1a: Kingambit|Throat Chop|p2b: Froslass\n|-supereffective|p2b: Froslass|1\n|-end|p2b: Froslass|Substitute\n|move|p1b: Farigiraf|Trick Room|p1b: Farigiraf\n|-fieldstart|move: Trick Room|[of] p1b: Farigiraf\n|\n|upkeep\n|turn|7\n|\n|t:|1776189460\n|move|p1b: Farigiraf|Helping Hand|p1a: Kingambit\n|-singleturn|p1a: Kingambit|Helping Hand|[of] p1b: Farigiraf\n|move|p1a: Kingambit|Iron Head|p2b: Froslass\n|-supereffective|p2b: Froslass|1\n|-damage|p2b: Froslass|0 fnt\n|faint|p2b: Froslass\n|move|p2a: Orthworm|Body Press|p1a: Kingambit\n|-supereffective|p1a: Kingambit|2\n|-damage|p1a: Kingambit|0 fnt\n|faint|p1a: Kingambit\n|\n|upkeep\n|turn|8\n|\n|t:|1776189472\n|move|p1b: Farigiraf|Psychic Noise|p2a: Orthworm\n|-resisted|p2a: Orthworm|1\n|-damage|p2a: Orthworm|0 fnt\n|faint|p2a: Orthworm\n|\n|win|MESIGNO!!!!\n|raw|MESIGNO!!!!'s rating: 1102 &rarr; <strong>1120</strong><br />(+18 for winning)\n|raw|potatochipenguin's rating: 1000 &rarr; <strong>1000</strong><br />(+0 for losing)\n|c|\u2606MESIGNO!!!!|gg\n|l|\u2606potatochipenguin\n|player|p2|\n",
  "uploadtime": 1776189551,
  "views": 16,
  "formatid": "gen9championsvgc2026regma",
  "rating": 1000,
  "private": 0,
  "password": null
}