{
  "id": "gen9championsvgc2026regma-2586512160",
  "format": "[Gen 9 Champions] VGC 2026 Reg M-A",
  "players": [
    "Xxip",
    "TheCyanTurtle"
  ],
  "log": "|j|\u2606Xxip\n|j|\u2606TheCyanTurtle\n|t:|1776439747\n|gametype|doubles\n|player|p1|Xxip|swimmer-gen4dp|1030\n|player|p2|TheCyanTurtle|backpacker|1000\n|gen|9\n|tier|[Gen 9 Champions] VGC 2026 Reg M-A\n|rated|\n|rule|Species Clause: Limit one of each Pok\u00e9mon\n|rule|Item Clause: Limit 1 of each item\n|clearpoke\n|poke|p1|Pinsir, L50, F|\n|poke|p1|Runerigus, L50, F|\n|poke|p1|Politoed, L50, F|\n|poke|p1|Ceruledge, L50, F|\n|poke|p1|Dragonite, L50, M|\n|poke|p1|Archaludon, L50, F|\n|poke|p2|Golurk, L50|\n|poke|p2|Incineroar, L50, M|\n|poke|p2|Feraligatr, L50, M|\n|poke|p2|Venusaur, L50, F|\n|poke|p2|Farigiraf, L50, M|\n|poke|p2|Sinistcha, L50|\n|teampreview|4\n|inactive|Battle timer is ON: inactive players will automatically lose when time's up. (requested by Xxip)\nTheCyanTurtle rejected open team sheets.\n|\n|t:|1776439772\n|teamsize|p1|4\n|teamsize|p2|4\n|start\n|switch|p1a: Runerigus|Runerigus, L50, F|100/100\n|switch|p1b: Pinsir|Pinsir, L50, F|100/100\n|switch|p2a: Incineroar|Incineroar, L50, M|100/100\n|switch|p2b: Venusaur|Venusaur, L50, F|100/100\n|-ability|p2a: Incineroar|Intimidate|boost\n|-unboost|p1a: Runerigus|atk|1\n|-fail|p1b: Pinsir|unboost|Attack|[from] ability: Hyper Cutter|[of] p1b: Pinsir\n|turn|1\n|inactive|TheCyanTurtle has 30 seconds left.\n|\n|t:|1776439797\n|detailschange|p1b: Pinsir|Pinsir-Mega, L50, F\n|-mega|p1b: Pinsir|Pinsir|Pinsirite\n|move|p1a: Runerigus|Ally Switch|p1a: Runerigus\n|swap|p1a: Runerigus|1|[from] move: Ally Switch\n|move|p1a: Pinsir|Body Slam|p2b: Venusaur\n|-supereffective|p2b: Venusaur|1\n|-damage|p2b: Venusaur|0 fnt\n|faint|p2b: Venusaur\n|move|p2a: Incineroar|Crunch|p1a: Pinsir\n|-damage|p1a: Pinsir|68/100\n|\n|upkeep\n|\n|t:|1776439807\n|switch|p2b: Feraligatr|Feraligatr, L50, M|100/100\n|turn|2\n|\n|t:|1776439820\n|detailschange|p2b: Feraligatr|Feraligatr-Mega, L50, M\n|-mega|p2b: Feraligatr|Feraligatr|Feraligite\n|move|p1a: Pinsir|Lunge|p2b: Feraligatr\n|-damage|p2b: Feraligatr|66/100\n|-unboost|p2b: Feraligatr|atk|1\n|move|p2b: Feraligatr|Liquidation|p1a: Pinsir\n|-damage|p1a: Pinsir|33/100\n|move|p2a: Incineroar|Crunch|p1b: Runerigus\n|-supereffective|p1b: Runerigus|1\n|-damage|p1b: Runerigus|47/100\n|-activate|p2a: Incineroar|Skill Swap|Wandering Spirit|Intimidate|[of] p1b: Runerigus\n|-ability|p1b: Runerigus|Intimidate|boost\n|-unboost|p2a: Incineroar|atk|1\n|-unboost|p2b: Feraligatr|atk|1\n|move|p1b: Runerigus|Sand Tomb|p2a: Incineroar\n|-supereffective|p2a: Incineroar|1\n|-damage|p2a: Incineroar|84/100\n|-activate|p2a: Incineroar|move: Sand Tomb|[of] p1b: Runerigus\n|\n|-damage|p2a: Incineroar|72/100|[from] move: Sand Tomb|[partiallytrapped]\n|upkeep\n|turn|3\n|inactive|Xxip has 30 seconds left.\n|inactive|TheCyanTurtle has 30 seconds left.\n|inactive|Xxip has 20 seconds left.\n|\n|t:|1776439857\n|move|p1a: Pinsir|Lunge|p2b: Feraligatr\n|-damage|p2b: Feraligatr|32/100\n|-unboost|p2b: Feraligatr|atk|1\n|move|p2b: Feraligatr|Liquidation|p1b: Runerigus\n|-supereffective|p1b: Runerigus|1\n|-damage|p1b: Runerigus|14/100\n|move|p2a: Incineroar|Crunch|p1a: Pinsir\n|-damage|p1a: Pinsir|10/100\n|-unboost|p1a: Pinsir|def|1\n|move|p1b: Runerigus|Poltergeist|p2a: Incineroar|[miss]\n|-miss|p1b: Runerigus|p2a: Incineroar\n|\n|-damage|p2a: Incineroar|59/100|[from] move: Sand Tomb|[partiallytrapped]\n|upkeep\n|turn|4\n|\n|t:|1776439881\n|switch|p1a: Archaludon|Archaludon, L50, F|100/100\n|move|p2b: Feraligatr|Protect|p2b: Feraligatr\n|-singleturn|p2b: Feraligatr|Protect\n|move|p1b: Runerigus|Ally Switch|p1b: Runerigus\n|swap|p1b: Runerigus|0|[from] move: Ally Switch\n|move|p2a: Incineroar|Crunch|p1b: Archaludon\n|-crit|p1b: Archaludon\n|-damage|p1b: Archaludon|62/100\n|-ability|p1b: Archaludon|Stamina|boost\n|-boost|p1b: Archaludon|def|1\n|\n|-damage|p2a: Incineroar|47/100|[from] move: Sand Tomb|[partiallytrapped]\n|upkeep\n|turn|5\n|inactive|TheCyanTurtle has 30 seconds left.\n|\n|t:|1776439907\n|switch|p1a: Politoed|Politoed, L50, F|100/100\n|-weather|RainDance|[from] ability: Drizzle|[of] p1a: Politoed\n|move|p1b: Archaludon|Electro Shot||[still]\n|-prepare|p1b: Archaludon|Electro Shot\n|-boost|p1b: Archaludon|spa|1\n|-anim|p1b: Archaludon|Electro Shot|p2b: Feraligatr\n|-damage|p2b: Feraligatr|0 fnt\n|faint|p2b: Feraligatr\n|move|p2a: Incineroar|Flare Blitz|p1a: Politoed\n|-resisted|p1a: Politoed|1\n|-damage|p1a: Politoed|91/100\n|-damage|p2a: Incineroar|43/100|[from] Recoil\n|\n|-weather|RainDance|[upkeep]\n|-heal|p1a: Politoed|97/100|[from] item: Leftovers\n|-end|p2a: Incineroar|Sand Tomb|[partiallytrapped]|[silent]\n|upkeep\n|-message|TheCyanTurtle forfeited.\n|\n|win|Xxip\n|raw|Xxip's rating: 1030 &rarr; <strong>1062</strong><br />(+32 for winning)\n|raw|TheCyanTurtle's rating: 1000 &rarr; <strong>1000</strong><br />(+0 for losing)\n|l|\u2606TheCyanTurtle\n|player|p2|\n",
  "uploadtime": 1776439929,
  "views": 30,
  "formatid": "gen9championsvgc2026regma",
  "rating": 1000,
  "private": 0,
  "password": null
}