{
  "id": "gen9championsvgc2026regma-2583491199",
  "format": "[Gen 9 Champions] VGC 2026 Reg M-A",
  "players": [
    "Hatake77VGC",
    "drake78976"
  ],
  "log": "|j|\u2606Hatake77VGC\n|j|\u2606drake78976\n|t:|1776179021\n|gametype|doubles\n|player|p1|Hatake77VGC|1|1091\n|player|p2|drake78976|li|1167\n|gen|9\n|tier|[Gen 9 Champions] VGC 2026 Reg M-A\n|rated|\n|rule|Species Clause: Limit one of each Pok\u00e9mon\n|rule|Item Clause: Limit 1 of each item\n|clearpoke\n|poke|p1|Zoroark-Hisui, L50, M|\n|poke|p1|Delphox, L50, F|\n|poke|p1|Tyranitar, L50, M|\n|poke|p1|Aerodactyl, L50, F|\n|poke|p1|Excadrill, L50, M|\n|poke|p1|Whimsicott, L50, M|\n|poke|p2|Kingambit, L50, F|\n|poke|p2|Froslass, L50, F|\n|poke|p2|Kommo-o, L50, M|\n|poke|p2|Incineroar, L50, M|\n|poke|p2|Glimmora, L50, F|\n|poke|p2|Whimsicott, L50, M|\n|teampreview|4\n|\n|t:|1776179062\n|teamsize|p1|4\n|teamsize|p2|4\n|start\n|switch|p1a: Tyranitar|Tyranitar, L50, M, shiny|100/100\n|switch|p1b: Whimsicott|Whimsicott, L50, M|100/100\n|switch|p2a: Whimsicott|Whimsicott, L50, M|100/100\n|switch|p2b: Incineroar|Incineroar, L50, M|100/100\n|-weather|Sandstorm|[from] ability: Sand Stream|[of] p1a: Tyranitar\n|-ability|p2b: Incineroar|Intimidate|boost\n|-unboost|p1a: Tyranitar|atk|1\n|-unboost|p1b: Whimsicott|atk|1\n|-enditem|p1a: Tyranitar|White Herb\n|-clearnegativeboost|p1a: Tyranitar|[silent]\n|turn|1\n|\n|t:|1776179096\n|move|p2b: Incineroar|Fake Out|p1b: Whimsicott\n|-damage|p1b: Whimsicott|83/100\n|cant|p1b: Whimsicott|flinch\n|move|p2a: Whimsicott|Moonblast|p1a: Tyranitar\n|-supereffective|p1a: Tyranitar|1\n|-damage|p1a: Tyranitar|63/100\n|move|p1a: Tyranitar|Rock Slide|p2b: Incineroar|[spread] p2a,p2b\n|-supereffective|p2b: Incineroar|1\n|-damage|p2a: Whimsicott|55/100\n|-damage|p2b: Incineroar|43/100\n|-enditem|p2b: Incineroar|Sitrus Berry|[eat]\n|-heal|p2b: Incineroar|68/100|[from] item: Sitrus Berry\n|\n|-weather|Sandstorm|[upkeep]\n|-damage|p2a: Whimsicott|49/100|[from] Sandstorm\n|-damage|p1b: Whimsicott|77/100|[from] Sandstorm\n|-damage|p2b: Incineroar|62/100|[from] Sandstorm\n|upkeep\n|turn|2\n|\n|t:|1776179118\n|move|p1b: Whimsicott|Taunt|p2a: Whimsicott\n|-start|p2a: Whimsicott|move: Taunt\n|-enditem|p2a: Whimsicott|Mental Herb\n|-end|p2a: Whimsicott|move: Taunt\n|move|p2a: Whimsicott|Taunt|p1b: Whimsicott\n|-start|p1b: Whimsicott|move: Taunt\n|move|p1a: Tyranitar|Rock Slide|p2a: Whimsicott|[spread] \n|-miss|p1a: Tyranitar|p2a: Whimsicott\n|-miss|p1a: Tyranitar|p2b: Incineroar\n|move|p2b: Incineroar|Flare Blitz|p1b: Whimsicott\n|-supereffective|p1b: Whimsicott|1\n|-damage|p1b: Whimsicott|0 fnt\n|faint|p1b: Whimsicott\n|-damage|p2b: Incineroar|45/100|[from] Recoil\n|\n|-weather|Sandstorm|[upkeep]\n|-damage|p2a: Whimsicott|43/100|[from] Sandstorm\n|-damage|p2b: Incineroar|39/100|[from] Sandstorm\n|upkeep\n|\n|t:|1776179135\n|switch|p1b: Aerodactyl|Aerodactyl, L50, F, shiny|100/100\n|-ability|p1b: Aerodactyl|Unnerve\n|turn|3\n|\n|t:|1776179152\n|switch|p2b: Kommo-o|Kommo-o, L50, M|100/100\n|detailschange|p1b: Aerodactyl|Aerodactyl-Mega, L50, F, shiny\n|-mega|p1b: Aerodactyl|Aerodactyl|Aerodactylite\n|move|p1a: Tyranitar|Protect|p1a: Tyranitar\n|-singleturn|p1a: Tyranitar|Protect\n|move|p1b: Aerodactyl|Rock Slide|p2b: Kommo-o|[spread] p2a,p2b\n|-resisted|p2b: Kommo-o|1\n|-damage|p2a: Whimsicott|0 fnt\n|-damage|p2b: Kommo-o|86/100\n|faint|p2a: Whimsicott\n|\n|-weather|Sandstorm|[upkeep]\n|upkeep\n|\n|t:|1776179165\n|switch|p2a: Froslass|Froslass, L50, F|100/100\n|turn|4\n|\n|t:|1776179179\n|switch|p1a: Delphox|Delphox, L50, F|100/100\n|detailschange|p2a: Froslass|Froslass-Mega, L50, F\n|-mega|p2a: Froslass|Froslass|Froslassite\n|-weather|Snowscape|[from] ability: Snow Warning|[of] p2a: Froslass\n|move|p1b: Aerodactyl|Crunch|p2a: Froslass\n|-supereffective|p2a: Froslass|1\n|-damage|p2a: Froslass|23/100\n|move|p2a: Froslass|Blizzard|p1b: Aerodactyl|[spread] p1a,p1b\n|-resisted|p1a: Delphox|1\n|-supereffective|p1b: Aerodactyl|1\n|-damage|p1a: Delphox|73/100\n|-damage|p1b: Aerodactyl|0 fnt\n|faint|p1b: Aerodactyl\n|move|p2b: Kommo-o|Clangorous Soul|p2b: Kommo-o\n|-boost|p2b: Kommo-o|atk|1\n|-boost|p2b: Kommo-o|def|1\n|-boost|p2b: Kommo-o|spa|1\n|-boost|p2b: Kommo-o|spd|1\n|-boost|p2b: Kommo-o|spe|1\n|-damage|p2b: Kommo-o|54/100\n|\n|-weather|Snowscape|[upkeep]\n|upkeep\n|\n|t:|1776179197\n|switch|p1b: Tyranitar|Tyranitar, L50, M, shiny|63/100\n|-weather|Sandstorm|[from] ability: Sand Stream|[of] p1b: Tyranitar\n|turn|5\n|\n|t:|1776179217\n|switch|p2a: Incineroar|Incineroar, L50, M|39/100\n|-ability|p2a: Incineroar|Intimidate|boost\n|-unboost|p1a: Delphox|atk|1\n|-unboost|p1b: Tyranitar|atk|1\n|move|p1b: Tyranitar|Protect|p1b: Tyranitar\n|-singleturn|p1b: Tyranitar|Protect\n|move|p2b: Kommo-o|Dragon Pulse|p1a: Delphox\n|-damage|p1a: Delphox|3/100\n|move|p1a: Delphox|Psychic|p2b: Kommo-o\n|-supereffective|p2b: Kommo-o|1\n|-damage|p2b: Kommo-o|0 fnt\n|faint|p2b: Kommo-o\n|\n|-weather|Sandstorm|[upkeep]\n|-damage|p1a: Delphox|0 fnt|[from] Sandstorm\n|-damage|p2a: Incineroar|33/100|[from] Sandstorm\n|faint|p1a: Delphox\n|upkeep\n|\n|t:|1776179229\n|switch|p2b: Froslass|Froslass-Mega, L50, F|23/100\n|-weather|Snowscape|[from] ability: Snow Warning|[of] p2b: Froslass\n|turn|6\n|\n|t:|1776179238\n|move|p1b: Tyranitar|Protect||[still]\n|-fail|p1b: Tyranitar\n|move|p2a: Incineroar|Fake Out|p1b: Tyranitar\n|-resisted|p1b: Tyranitar|1\n|-damage|p1b: Tyranitar|58/100\n|move|p2b: Froslass|Blizzard|p1b: Tyranitar\n|-damage|p1b: Tyranitar|0 fnt\n|faint|p1b: Tyranitar\n|\n|win|drake78976\n|raw|Hatake77VGC's rating: 1091 &rarr; <strong>1072</strong><br />(-19 for losing)\n|raw|drake78976's rating: 1167 &rarr; <strong>1187</strong><br />(+20 for winning)\n|l|\u2606Hatake77VGC\n|player|p1|\n",
  "uploadtime": 1776179250,
  "views": 25,
  "formatid": "gen9championsvgc2026regma",
  "rating": 1072,
  "private": 0,
  "password": null
}