{
  "id": "gen9championsvgc2026regma-2581960624",
  "format": "[Gen 9 Champions] VGC 2026 Reg M-A",
  "players": [
    "JackTG",
    "Marolio_XDD"
  ],
  "log": "|j|\u2606JackTG\n|j|\u2606Marolio_XDD\n|t:|1776043471\n|gametype|doubles\n|player|p1|JackTG|palmer|1053\n|player|p2|Marolio_XDD|iris-gen5bw2|1040\n|gen|9\n|tier|[Gen 9 Champions] VGC 2026 Reg M-A\n|rated|\n|rule|Species Clause: Limit one of each Pok\u00e9mon\n|rule|Item Clause: Limit 1 of each item\n|clearpoke\n|poke|p1|Tyranitar, L50, M|\n|poke|p1|Garchomp, L50, M|\n|poke|p1|Slowbro, L50, M|\n|poke|p1|Venusaur, L50, M|\n|poke|p1|Incineroar, L50, M|\n|poke|p1|Corviknight, L50, F|\n|poke|p2|Dragonite, L50, F|\n|poke|p2|Pelipper, L50, F|\n|poke|p2|Archaludon, L50, M|\n|poke|p2|Politoed, L50, F|\n|poke|p2|Basculegion, L50, M|\n|poke|p2|Whimsicott, L50, M|\n|teampreview|4\n|c|\u2606JackTG|glhf\nMarolio_XDD has agreed to open team sheets.\nJackTG has agreed to open team sheets.\n|showteam|p1|Tyranitar||ChopleBerry|SandStream|RockSlide,KnockOff,LowKick,Protect|||M|||50|]Garchomp||ChoiceScarf|SandVeil|Earthquake,RockSlide,DragonClaw,IronHead|||M|||50|]Slowbro||KingsRock|Regenerator|Scald,Psychic,Protect,TrickRoom|||M|||50|]Venusaur||Venusaurite|Chlorophyll|SludgeBomb,LeafStorm,WeatherBall,SleepPowder|||M|||50|]Incineroar||SitrusBerry|Intimidate|FakeOut,DarkestLariat,FlareBlitz,PartingShot|||M|||50|]Corviknight||Leftovers|MirrorArmor|Tailwind,Uturn,Taunt,BraveBird|||F|||50|\n|showteam|p2|Dragonite||Dragoninite|InnerFocus|Hurricane,Thunder,WeatherBall,IceBeam|||F|||50|]Pelipper||WacanBerry|Drizzle|WeatherBall,Hurricane,Tailwind,WideGuard|||F|||50|]Archaludon||Leftovers|Stamina|ElectroShot,Protect,FlashCannon,AuraSphere|||M|||50|]Politoed||MentalHerb|Drizzle|ChillingWater,WeatherBall,HelpingHand,Protect|||F|||50|]Basculegion||MysticWater|SwiftSwim|WaveCrash,LastRespects,Protect,FlipTurn|||M|||50|]Whimsicott||FocusSash|Prankster|Tailwind,Moonblast,Taunt,Encore|||M|||50|\n|\n|t:|1776043530\n|teamsize|p1|4\n|teamsize|p2|4\n|start\n|switch|p1a: ChainChomp|Garchomp, L50, M|100/100\n|switch|p1b: Glenn|Venusaur, L50, M|100/100\n|switch|p2a: Dragonite|Dragonite, L50, F, shiny|100/100\n|switch|p2b: Pelipper|Pelipper, L50, F|100/100\n|-weather|RainDance|[from] ability: Drizzle|[of] p2b: Pelipper\n|turn|1\n|inactive|Battle timer is ON: inactive players will automatically lose when time's up. (requested by Marolio_XDD)\n|\n|t:|1776043556\n|detailschange|p2a: Dragonite|Dragonite-Mega, L50, F, shiny\n|-mega|p2a: Dragonite|Dragonite|Dragoninite\n|detailschange|p1b: Glenn|Venusaur-Mega, L50, M\n|-mega|p1b: Glenn|Venusaur|Venusaurite\n|move|p2b: Pelipper|Wide Guard|p2b: Pelipper\n|-singleturn|p2b: Pelipper|Wide Guard\n|move|p1a: ChainChomp|Rock Slide|p2b: Pelipper|[spread] \n|-activate|p2a: Dragonite|move: Wide Guard\n|-activate|p2b: Pelipper|move: Wide Guard\n|move|p2a: Dragonite|Ice Beam|p1a: ChainChomp\n|-supereffective|p1a: ChainChomp|2\n|-damage|p1a: ChainChomp|0 fnt\n|faint|p1a: ChainChomp\n|move|p1b: Glenn|Sludge Bomb|p2a: Dragonite\n|-damage|p2a: Dragonite|83/100\n|\n|-weather|RainDance|[upkeep]\n|upkeep\n|c|\u2606JackTG|oh no\n|\n|t:|1776043571\n|switch|p1a: Kamiyama|Tyranitar, L50, M|100/100\n|-weather|Sandstorm|[from] ability: Sand Stream|[of] p1a: Kamiyama\n|turn|2\n|inactive|Marolio_XDD has 30 seconds left.\n|\n|t:|1776043598\n|switch|p2a: Archaludon|Archaludon, L50, M|100/100\n|move|p1b: Glenn|Weather Ball|p2b: Pelipper\n|-supereffective|p2b: Pelipper|1\n|-damage|p2b: Pelipper|13/100\n|move|p2b: Pelipper|Tailwind|p2b: Pelipper\n|-sidestart|p2: Marolio_XDD|move: Tailwind\n|move|p1a: Kamiyama|Rock Slide|p2a: Archaludon|[spread] p2a,p2b\n|-resisted|p2a: Archaludon|1\n|-supereffective|p2b: Pelipper|1\n|-damage|p2a: Archaludon|90/100\n|-damage|p2b: Pelipper|0 fnt\n|-ability|p2a: Archaludon|Stamina|boost\n|-boost|p2a: Archaludon|def|1\n|faint|p2b: Pelipper\n|\n|-weather|Sandstorm|[upkeep]\n|-damage|p1b: Glenn|95/100|[from] Sandstorm\n|-heal|p2a: Archaludon|96/100|[from] item: Leftovers\n|upkeep\n|c|\u2606JackTG|that wide guard was nasty\n|inactive|Marolio_XDD has 30 seconds left.\n|inactive|Marolio_XDD has 20 seconds left.\n|inactive|Marolio_XDD has 15 seconds left.\n|\n|t:|1776043640\n|switch|p2b: Dragonite|Dragonite-Mega, L50, F, shiny|83/100\n|turn|3\n|\n|t:|1776043650\n|move|p2b: Dragonite|Hurricane|p1b: Glenn|[miss]\n|-miss|p2b: Dragonite|p1b: Glenn\n|move|p2a: Archaludon|Aura Sphere|p1a: Kamiyama\n|-supereffective|p1a: Kamiyama|2\n|-enditem|p1a: Kamiyama|Chople Berry|[eat]\n|-enditem|p1a: Kamiyama|Chople Berry|[weaken]\n|-damage|p1a: Kamiyama|69/100\n|move|p1b: Glenn|Sleep Powder|p2a: Archaludon\n|-status|p2a: Archaludon|slp|[from] move: Sleep Powder\n|move|p1a: Kamiyama|Rock Slide|p2a: Archaludon|[spread] p2a,p2b\n|-resisted|p2a: Archaludon|1\n|-supereffective|p2b: Dragonite|1\n|-damage|p2a: Archaludon|89/100 slp\n|-damage|p2b: Dragonite|29/100\n|-ability|p2a: Archaludon|Stamina|boost\n|-boost|p2a: Archaludon|def|1\n|\n|-weather|Sandstorm|[upkeep]\n|-damage|p2b: Dragonite|23/100|[from] Sandstorm\n|-damage|p1b: Glenn|89/100|[from] Sandstorm\n|-heal|p2a: Archaludon|95/100 slp|[from] item: Leftovers\n|upkeep\n|turn|4\n|inactive|JackTG has 30 seconds left.\n|inactive|JackTG has 20 seconds left.\n|\n|t:|1776043686\n|move|p2b: Dragonite|Hurricane|p1b: Glenn\n|-supereffective|p1b: Glenn|1\n|-crit|p1b: Glenn\n|-damage|p1b: Glenn|0 fnt\n|faint|p1b: Glenn\n|cant|p2a: Archaludon|slp\n|move|p1a: Kamiyama|Rock Slide|p2b: Dragonite|[spread] p2a,p2b\n|-resisted|p2a: Archaludon|1\n|-supereffective|p2b: Dragonite|1\n|-damage|p2a: Archaludon|90/100 slp\n|-damage|p2b: Dragonite|0 fnt\n|-ability|p2a: Archaludon|Stamina|boost\n|-boost|p2a: Archaludon|def|1\n|faint|p2b: Dragonite\n|\n|-weather|Sandstorm|[upkeep]\n|-heal|p2a: Archaludon|96/100 slp|[from] item: Leftovers\n|upkeep\n|\n|t:|1776043702\n|switch|p2b: Basculegion|Basculegion, L50, M|100/100\n|switch|p1b: Quick Silver|Corviknight, L50, F, shiny|100/100\n|turn|5\n|\n|t:|1776043718\n|move|p2b: Basculegion|Wave Crash|p1a: Kamiyama\n|-supereffective|p1a: Kamiyama|1\n|-damage|p1a: Kamiyama|0 fnt\n|faint|p1a: Kamiyama\n|-damage|p2b: Basculegion|77/100|[from] Recoil\n|cant|p2a: Archaludon|slp\n|move|p1b: Quick Silver|Tailwind|p1b: Quick Silver\n|-sidestart|p1: JackTG|move: Tailwind\n|\n|-weather|Sandstorm|[upkeep]\n|-damage|p2b: Basculegion|71/100|[from] Sandstorm\n|-heal|p2a: Archaludon|100/100 slp|[from] item: Leftovers\n|-sideend|p2: Marolio_XDD|move: Tailwind\n|upkeep\n|turn|6\n|c|\u2606JackTG|gg\n|-message|JackTG forfeited.\n|\n|win|Marolio_XDD\n|raw|JackTG's rating: 1053 &rarr; <strong>1034</strong><br />(-19 for losing)\n|raw|Marolio_XDD's rating: 1040 &rarr; <strong>1075</strong><br />(+35 for winning)\n|l|\u2606JackTG\n|player|p1|\n",
  "uploadtime": 1776043741,
  "views": 15,
  "formatid": "gen9championsvgc2026regma",
  "rating": 1034,
  "private": 0,
  "password": null
}