{
  "id": "gen9championsvgc2026regma-2588310999",
  "format": "[Gen 9 Champions] VGC 2026 Reg M-A",
  "players": [
    "TheCoffeeBun",
    "sdlt 2krl coolguy"
  ],
  "log": "|raw|<div class=\"broadcast-blue\"><strong>This battle is required to be public due to a player having a name starting with 'sdlt'.</div>\n|j|\u2606TheCoffeeBun\n|j|\u2606sdlt 2krl coolguy\n|t:|1776623070\n|gametype|doubles\n|player|p1|TheCoffeeBun|266|1248\n|player|p2|sdlt 2krl coolguy|leon-masters2|1326\n|gen|9\n|tier|[Gen 9 Champions] VGC 2026 Reg M-A\n|rated|\n|rule|Species Clause: Limit one of each Pok\u00e9mon\n|rule|Item Clause: Limit 1 of each item\n|clearpoke\n|poke|p1|Tyranitar, L50, F|\n|poke|p1|Excadrill, L50, M|\n|poke|p1|Incineroar, L50, F|\n|poke|p1|Corviknight, L50, M|\n|poke|p1|Araquanid, L50, F|\n|poke|p1|Meganium, L50, F|\n|poke|p2|Floette-Eternal, L50, F|\n|poke|p2|Incineroar, L50, M|\n|poke|p2|Sinistcha, L50|\n|poke|p2|Garchomp, L50, F|\n|poke|p2|Sneasler, L50, F|\n|poke|p2|Kingambit, L50, F|\n|teampreview|4\n|inactive|Battle timer is ON: inactive players will automatically lose when time's up. (requested by sdlt 2krl coolguy)\n|inactive|TheCoffeeBun has 60 seconds left.\n|inactive|sdlt 2krl coolguy has 60 seconds left.\n|\n|t:|1776623123\n|teamsize|p1|4\n|teamsize|p2|4\n|start\n|switch|p1a: Excadrill|Excadrill, L50, M|100/100\n|switch|p1b: Incineroar|Incineroar, L50, F|100/100\n|switch|p2a: Floette|Floette-Eternal, L50, F|100/100\n|switch|p2b: Incineroar|Incineroar, L50, M|100/100\n|-ability|p2b: Incineroar|Intimidate|boost\n|-unboost|p1a: Excadrill|atk|1\n|-unboost|p1b: Incineroar|atk|1\n|-ability|p1b: Incineroar|Intimidate|boost\n|-unboost|p2a: Floette|atk|1\n|-unboost|p2b: Incineroar|atk|1\n|-enditem|p1a: Excadrill|White Herb\n|-clearnegativeboost|p1a: Excadrill|[silent]\n|turn|1\n|\n|t:|1776623147\n|switch|p2b: Sinistcha|Sinistcha, L50|100/100\n|detailschange|p2a: Floette|Floette-Mega, L50, F\n|-mega|p2a: Floette|Floette|Floettite\n|-ability|p2a: Floette|Fairy Aura\n|move|p1a: Excadrill|Protect|p1a: Excadrill\n|-singleturn|p1a: Excadrill|Protect\n|move|p2a: Floette|Protect|p2a: Floette\n|-singleturn|p2a: Floette|Protect\n|move|p1b: Incineroar|Snarl|p2a: Floette|[spread] p2b\n|-activate|p2a: Floette|move: Protect\n|-supereffective|p2b: Sinistcha|1\n|-damage|p2b: Sinistcha|80/100\n|-unboost|p2b: Sinistcha|spa|1\n|\n|upkeep\n|turn|2\n|inactive|TheCoffeeBun has 30 seconds left.\n|inactive|TheCoffeeBun has 20 seconds left.\n|\n|t:|1776623182\n|switch|p2a: Incineroar|Incineroar, L50, M|100/100\n|-ability|p2a: Incineroar|Intimidate|boost\n|-unboost|p1a: Excadrill|atk|1\n|-unboost|p1b: Incineroar|atk|1\n|move|p1a: Excadrill|Iron Head|p2a: Incineroar\n|-resisted|p2a: Incineroar|1\n|-damage|p2a: Incineroar|89/100\n|move|p2b: Sinistcha|Matcha Gotcha|p1a: Excadrill|[spread] p1a,p1b\n|-resisted|p1b: Incineroar|1\n|-damage|p1a: Excadrill|81/100\n|-heal|p2b: Sinistcha|91/100|[from] drain|[of] p1a: Excadrill\n|-damage|p1b: Incineroar|95/100\n|-heal|p2b: Sinistcha|94/100|[from] drain|[of] p1b: Incineroar\n|move|p1b: Incineroar|Flare Blitz|p2b: Sinistcha\n|-supereffective|p2b: Sinistcha|1\n|-damage|p2b: Sinistcha|53/100\n|-damage|p1b: Incineroar|83/100|[from] Recoil\n|\n|upkeep\n|turn|3\n|inactive|TheCoffeeBun has 30 seconds left.\n|inactive|TheCoffeeBun has 20 seconds left.\n|\n|t:|1776623218\n|switch|p1a: Araquanid|Araquanid, L50, F|100/100\n|switch|p1b: Tyranitar|Tyranitar, L50, F|100/100\n|-weather|Sandstorm|[from] ability: Sand Stream|[of] p1b: Tyranitar\n|move|p2b: Sinistcha|Life Dew|p2b: Sinistcha|[spread] p2a,p2b\n|-heal|p2a: Incineroar|100/100\n|-heal|p2b: Sinistcha|78/100\n|move|p2a: Incineroar|Flare Blitz|p1a: Araquanid\n|-damage|p1a: Araquanid|80/100\n|-damage|p2a: Incineroar|95/100|[from] Recoil\n|\n|-weather|Sandstorm|[upkeep]\n|-damage|p2b: Sinistcha|72/100|[from] Sandstorm\n|-damage|p2a: Incineroar|89/100|[from] Sandstorm\n|-damage|p1a: Araquanid|74/100|[from] Sandstorm\n|upkeep\n|turn|4\n|inactive|TheCoffeeBun has 30 seconds left.\n|inactive|sdlt 2krl coolguy has 30 seconds left.\n|inactive|TheCoffeeBun has 20 seconds left.\n|inactive|sdlt 2krl coolguy has 20 seconds left.\n|inactive|TheCoffeeBun has 15 seconds left.\n|inactive|TheCoffeeBun has 10 seconds left.\n|\n|t:|1776623265\n|switch|p2b: Floette|Floette-Mega, L50, F|100/100\n|-ability|p2b: Floette|Fairy Aura\n|detailschange|p1b: Tyranitar|Tyranitar-Mega, L50, F\n|-mega|p1b: Tyranitar|Tyranitar|Tyranitarite\n|move|p1b: Tyranitar|Dragon Dance|p1b: Tyranitar\n|-boost|p1b: Tyranitar|atk|1\n|-boost|p1b: Tyranitar|spe|1\n|move|p2a: Incineroar|Parting Shot|p1b: Tyranitar\n|-unboost|p1b: Tyranitar|atk|1\n|-unboost|p1b: Tyranitar|spa|1\n|inactive|sdlt 2krl coolguy has 30 seconds left.\n|\n|t:|1776623295\n|switch|p2a: Sinistcha|Sinistcha, L50|72/100|[from] Parting Shot\n|move|p1a: Araquanid|Lunge|p2b: Floette\n|-resisted|p2b: Floette|1\n|-damage|p2b: Floette|90/100\n|-unboost|p2b: Floette|atk|1\n|\n|-weather|Sandstorm|[upkeep]\n|-damage|p2b: Floette|84/100|[from] Sandstorm\n|-damage|p2a: Sinistcha|66/100|[from] Sandstorm\n|-damage|p1a: Araquanid|68/100|[from] Sandstorm\n|upkeep\n|turn|5\n|\n|t:|1776623308\n|switch|p2a: Incineroar|Incineroar, L50, M|89/100\n|-ability|p2a: Incineroar|Intimidate|boost\n|-unboost|p1a: Araquanid|atk|1\n|-unboost|p1b: Tyranitar|atk|1\n|move|p1a: Araquanid|Wide Guard|p1a: Araquanid\n|-singleturn|p1a: Araquanid|Wide Guard\n|move|p1b: Tyranitar|Knock Off|p2a: Incineroar\n|-resisted|p2a: Incineroar|1\n|-damage|p2a: Incineroar|75/100\n|-enditem|p2a: Incineroar|Chople Berry|[from] move: Knock Off|[of] p1b: Tyranitar\n|move|p2b: Floette|Moonblast|p1b: Tyranitar\n|-supereffective|p1b: Tyranitar|1\n|-damage|p1b: Tyranitar|22/100\n|\n|-weather|Sandstorm|[upkeep]\n|-damage|p2b: Floette|78/100|[from] Sandstorm\n|-damage|p2a: Incineroar|69/100|[from] Sandstorm\n|-damage|p1a: Araquanid|63/100|[from] Sandstorm\n|upkeep\n|turn|6\n|inactive|TheCoffeeBun has 30 seconds left.\n|\n|t:|1776623338\n|switch|p1b: Excadrill|Excadrill, L50, M|81/100\n|move|p2b: Floette|Dazzling Gleam|p1b: Excadrill|[spread] p1a,p1b\n|-resisted|p1b: Excadrill|1\n|-damage|p1a: Araquanid|27/100\n|-damage|p1b: Excadrill|47/100\n|move|p2a: Incineroar|Parting Shot|p1a: Araquanid\n|-unboost|p1a: Araquanid|atk|1\n|-unboost|p1a: Araquanid|spa|1\n|\n|t:|1776623362\n|switch|p2a: Sinistcha|Sinistcha, L50|66/100|[from] Parting Shot\n|-heal|p2b: Floette|100/100|[from] ability: Hospitality|[of] p2a: Sinistcha\n|move|p1a: Araquanid|Lunge|p2a: Sinistcha\n|-damage|p2a: Sinistcha|56/100\n|-unboost|p2a: Sinistcha|atk|1\n|\n|-weather|Sandstorm|[upkeep]\n|-damage|p2b: Floette|94/100|[from] Sandstorm\n|-damage|p2a: Sinistcha|49/100|[from] Sandstorm\n|-damage|p1a: Araquanid|21/100|[from] Sandstorm\n|-enditem|p2a: Sinistcha|Sitrus Berry|[eat]\n|-heal|p2a: Sinistcha|74/100|[from] item: Sitrus Berry\n|upkeep\n|turn|7\n|-message|TheCoffeeBun forfeited.\n|\n|win|sdlt 2krl coolguy\n|raw|TheCoffeeBun's rating: 1248 &rarr; <strong>1229</strong><br />(-19 for losing)\n|raw|sdlt 2krl coolguy's rating: 1326 &rarr; <strong>1342</strong><br />(+16 for winning)\n",
  "uploadtime": 1776623380,
  "views": 13,
  "formatid": "gen9championsvgc2026regma",
  "rating": 1229,
  "private": 0,
  "password": null
}