{
  "id": "gen9championsvgc2026regma-2583636519",
  "format": "[Gen 9 Champions] VGC 2026 Reg M-A",
  "players": [
    "Maphru",
    "beesandbooks"
  ],
  "log": "|j|\u2606Maphru\n|j|\u2606beesandbooks\n|t:|1776187949\n|gametype|doubles\n|player|p1|Maphru|1|1064\n|player|p2|beesandbooks|2|1000\n|gen|9\n|tier|[Gen 9 Champions] VGC 2026 Reg M-A\n|rated|\n|rule|Species Clause: Limit one of each Pok\u00e9mon\n|rule|Item Clause: Limit 1 of each item\n|clearpoke\n|poke|p1|Politoed, L50, M|\n|poke|p1|Archaludon, L50, M|\n|poke|p1|Gengar, L50, M|\n|poke|p1|Snorlax, L50, F|\n|poke|p1|Sinistcha, L50|\n|poke|p1|Incineroar, L50, F|\n|poke|p2|Lopunny, L50, M|\n|poke|p2|Torkoal, L50, M|\n|poke|p2|Aerodactyl, L50, F|\n|poke|p2|Garchomp, L50, F|\n|poke|p2|Alakazam, L50, F|\n|poke|p2|Incineroar, L50, F|\n|teampreview|4\n|inactive|Battle timer is ON: inactive players will automatically lose when time's up. (requested by beesandbooks)\n|inactive|Maphru has 60 seconds left.\n|\n|t:|1776187985\n|teamsize|p1|4\n|teamsize|p2|4\n|start\n|switch|p1a: Incineroar|Incineroar, L50, F|100/100\n|switch|p1b: Gengar|Gengar, L50, M|100/100\n|switch|p2a: Torkoal|Torkoal, L50, M|100/100\n|switch|p2b: Alakazam|Alakazam, L50, F|100/100\n|-ability|p1a: Incineroar|Intimidate|boost\n|-unboost|p2a: Torkoal|atk|1\n|-fail|p2b: Alakazam|unboost|Attack|[from] ability: Inner Focus|[of] p2b: Alakazam\n|-weather|SunnyDay|[from] ability: Drought|[of] p2a: Torkoal\n|turn|1\n|inactive|Maphru has 30 seconds left.\n|\n|t:|1776188013\n|detailschange|p1b: Gengar|Gengar-Mega, L50, M\n|-mega|p1b: Gengar|Gengar|Gengarite\n|move|p1b: Gengar|Perish Song|p1b: Gengar\n|-start|p1a: Incineroar|perish3|[silent]\n|-start|p1b: Gengar|perish3|[silent]\n|-start|p2a: Torkoal|perish3|[silent]\n|-start|p2b: Alakazam|perish3|[silent]\n|-fieldactivate|move: Perish Song\n|move|p2b: Alakazam|Speed Swap|p2a: Torkoal\n|-activate|p2b: Alakazam|move: Speed Swap|[of] p2a: Torkoal\n|move|p2a: Torkoal|Eruption|p1a: Incineroar|[spread] p1a,p1b\n|-resisted|p1a: Incineroar|1\n|-damage|p1a: Incineroar|67/100\n|-damage|p1b: Gengar|2/100\n|move|p1a: Incineroar|Parting Shot|p2b: Alakazam\n|-unboost|p2b: Alakazam|atk|1\n|-unboost|p2b: Alakazam|spa|1\n|\n|t:|1776188028\n|switch|p1a: Politoed|Politoed, L50, M|100/100|[from] Parting Shot\n|-weather|RainDance|[from] ability: Drizzle|[of] p1a: Politoed\n|\n|-weather|RainDance|[upkeep]\n|-start|p1b: Gengar|perish3\n|-start|p2a: Torkoal|perish3\n|-start|p2b: Alakazam|perish3\n|upkeep\n|turn|2\n|\n|t:|1776188044\n|switch|p1a: Incineroar|Incineroar, L50, F|67/100\n|-ability|p1a: Incineroar|Intimidate|boost\n|-unboost|p2a: Torkoal|atk|1\n|-fail|p2b: Alakazam|unboost|Attack|[from] ability: Inner Focus|[of] p2b: Alakazam\n|move|p1b: Gengar|Protect|p1b: Gengar\n|-singleturn|p1b: Gengar|Protect\n|move|p2a: Torkoal|Eruption|p1b: Gengar|[spread] p1a\n|-activate|p1b: Gengar|move: Protect\n|-resisted|p1a: Incineroar|1\n|-damage|p1a: Incineroar|56/100\n|move|p2b: Alakazam|Dazzling Gleam|p1a: Incineroar|[spread] p1a\n|-activate|p1b: Gengar|move: Protect\n|-damage|p1a: Incineroar|43/100\n|\n|-weather|RainDance|[upkeep]\n|-start|p1b: Gengar|perish2\n|-start|p2a: Torkoal|perish2\n|-start|p2b: Alakazam|perish2\n|upkeep\n|turn|3\n|inactive|Maphru has 30 seconds left.\n|\n|t:|1776188075\n|switch|p1b: Politoed|Politoed, L50, M|100/100\n|move|p2a: Torkoal|Eruption|p1b: Politoed|[spread] p1a,p1b\n|-resisted|p1a: Incineroar|1\n|-resisted|p1b: Politoed|1\n|-damage|p1a: Incineroar|33/100\n|-damage|p1b: Politoed|88/100\n|move|p1a: Incineroar|Parting Shot|p2a: Torkoal\n|-unboost|p2a: Torkoal|atk|1\n|-unboost|p2a: Torkoal|spa|1\n|\n|t:|1776188086\n|switch|p1a: Gengar|Gengar-Mega, L50, M|2/100|[from] Parting Shot\n|move|p2b: Alakazam|Psychic Terrain|p2b: Alakazam\n|-fieldstart|move: Psychic Terrain\n|\n|-weather|RainDance|[upkeep]\n|-start|p2a: Torkoal|perish1\n|-start|p2b: Alakazam|perish1\n|upkeep\n|turn|4\n|\n|t:|1776188106\n|move|p1a: Gengar|Protect|p1a: Gengar\n|-singleturn|p1a: Gengar|Protect\n|move|p1b: Politoed|Protect|p1b: Politoed\n|-singleturn|p1b: Politoed|Protect\n|move|p2a: Torkoal|Eruption|p1a: Gengar|[spread] \n|-activate|p1a: Gengar|move: Protect\n|-activate|p1b: Politoed|move: Protect\n|move|p2b: Alakazam|Expanding Force|p1a: Gengar|[spread] \n|-activate|p1a: Gengar|move: Protect\n|-activate|p1b: Politoed|move: Protect\n|\n|-weather|RainDance|[upkeep]\n|-start|p2a: Torkoal|perish0\n|-start|p2b: Alakazam|perish0\n|faint|p2a: Torkoal\n|faint|p2b: Alakazam\n|upkeep\n|\n|t:|1776188122\n|switch|p2b: Incineroar|Incineroar, L50, F|100/100\n|switch|p2a: Lopunny|Lopunny, L50, M|100/100\n|-ability|p2b: Incineroar|Intimidate|boost\n|-unboost|p1a: Gengar|atk|1\n|-unboost|p1b: Politoed|atk|1\n|turn|5\n|\n|t:|1776188138\n|switch|p1a: Sinistcha|Sinistcha, L50|100/100\n|-heal|p1b: Politoed|100/100|[from] ability: Hospitality|[of] p1a: Sinistcha\n|detailschange|p2a: Lopunny|Lopunny-Mega, L50, M\n|-mega|p2a: Lopunny|Lopunny|Lopunnite\n|move|p2a: Lopunny|Fake Out|p1a: Sinistcha\n|-activate|p1a: Sinistcha|move: Psychic Terrain\n|move|p1b: Politoed|Weather Ball|p2b: Incineroar\n|-supereffective|p2b: Incineroar|1\n|-damage|p2b: Incineroar|0 fnt\n|faint|p2b: Incineroar\n|\n|-weather|none\n|upkeep\n|turn|6\n|inactive|Maphru has 30 seconds left.\n|\n|t:|1776188165\n|move|p2a: Lopunny|Ice Punch|p1a: Sinistcha\n|-supereffective|p1a: Sinistcha|1\n|-damage|p1a: Sinistcha|50/100\n|move|p1b: Politoed|Ice Beam|p2a: Lopunny\n|-damage|p2a: Lopunny|67/100\n|-status|p2a: Lopunny|frz\n|move|p1a: Sinistcha|Trick Room|p1a: Sinistcha\n|-fieldstart|move: Trick Room|[of] p1a: Sinistcha\n|\n|-heal|p1a: Sinistcha|56/100|[from] item: Leftovers\n|upkeep\n|turn|7\n|-message|beesandbooks forfeited.\n|\n|win|Maphru\n|raw|Maphru's rating: 1064 &rarr; <strong>1089</strong><br />(+25 for winning)\n|raw|beesandbooks's rating: 1000 &rarr; <strong>1000</strong><br />(+0 for losing)\n|l|\u2606beesandbooks\n|player|p2|\n",
  "uploadtime": 1776188179,
  "views": 30,
  "formatid": "gen9championsvgc2026regma",
  "rating": 1000,
  "private": 0,
  "password": null
}