{
  "id": "gen9championsvgc2026regma-2581190785",
  "format": "[Gen 9 Champions] VGC 2026 Reg M-A",
  "players": [
    "Pmtang",
    "Jhonyjoestar146"
  ],
  "log": "|j|\u2606Pmtang\n|j|\u2606Jhonyjoestar146\n|t:|1775968957\n|gametype|doubles\n|player|p1|Pmtang|102|1056\n|player|p2|Jhonyjoestar146|leon|1048\n|gen|9\n|tier|[Gen 9 Champions] VGC 2026 Reg M-A\n|rated|\n|rule|Species Clause: Limit one of each Pok\u00e9mon\n|rule|Item Clause: Limit 1 of each item\n|clearpoke\n|poke|p1|Charizard, L50, F|\n|poke|p1|Garchomp, L50, F|\n|poke|p1|Rotom-Wash, L50|\n|poke|p1|Whimsicott, L50, M|\n|poke|p1|Incineroar, L50, F|\n|poke|p1|Sneasler, L50, F|\n|poke|p2|Kangaskhan, L50, F|\n|poke|p2|Incineroar, L50, M|\n|poke|p2|Sinistcha, L50|\n|poke|p2|Volcarona, L50, M|\n|poke|p2|Kommo-o, L50, F|\n|poke|p2|Milotic, L50, F|\n|teampreview|4\n|inactive|Battle timer is ON: inactive players will automatically lose when time's up. (requested by Jhonyjoestar146)\n|\n|t:|1775969010\n|teamsize|p1|4\n|teamsize|p2|4\n|start\n|switch|p1a: S-L-A-v-E|Whimsicott, L50, M, shiny|100/100\n|switch|p1b: Sneasler|Sneasler, L50, F|100/100\n|switch|p2a: Kangaskhan|Kangaskhan, L50, F|100/100\n|switch|p2b: Incineroar|Incineroar, L50, M|100/100\n|-ability|p2b: Incineroar|Intimidate|boost\n|-unboost|p1a: S-L-A-v-E|atk|1\n|-unboost|p1b: Sneasler|atk|1\n|-enditem|p1b: Sneasler|White Herb\n|-clearnegativeboost|p1b: Sneasler|[silent]\n|turn|1\n|inactive|Pmtang has 30 seconds left.\n|inactive|Jhonyjoestar146 has 30 seconds left.\n|inactive|Pmtang has 20 seconds left.\n|inactive|Pmtang has 15 seconds left.\n|inactive|Pmtang has 10 seconds left.\n|\n|t:|1775969059\n|detailschange|p2a: Kangaskhan|Kangaskhan-Mega, L50, F\n|-mega|p2a: Kangaskhan|Kangaskhan|Kangaskhanite\n|move|p1a: S-L-A-v-E|Protect|p1a: S-L-A-v-E\n|-singleturn|p1a: S-L-A-v-E|Protect\n|move|p1b: Sneasler|Fake Out|p2b: Incineroar\n|-damage|p2b: Incineroar|86/100\n|cant|p2b: Incineroar|flinch\n|move|p2a: Kangaskhan|Double-Edge|p1a: S-L-A-v-E\n|-activate|p1a: S-L-A-v-E|move: Protect\n|\n|upkeep\n|turn|2\n|\n|t:|1775969079\n|move|p2a: Kangaskhan|Protect|p2a: Kangaskhan\n|-singleturn|p2a: Kangaskhan|Protect\n|move|p1a: S-L-A-v-E|Tailwind|p1a: S-L-A-v-E\n|-sidestart|p1: Pmtang|move: Tailwind\n|move|p1b: Sneasler|Close Combat|p2a: Kangaskhan\n|-activate|p2a: Kangaskhan|move: Protect\n|move|p2b: Incineroar|Parting Shot|p1b: Sneasler\n|-unboost|p1b: Sneasler|atk|1\n|-unboost|p1b: Sneasler|spa|1\n|\n|t:|1775969091\n|switch|p2b: Sinistcha|Sinistcha, L50|100/100|[from] Parting Shot\n|\n|upkeep\n|turn|3\n|\n|t:|1775969113\n|switch|p1b: Wyvern|Charizard, L50, F, shiny|100/100\n|move|p2b: Sinistcha|Rage Powder|p2b: Sinistcha\n|-singleturn|p2b: Sinistcha|move: Rage Powder\n|move|p1a: S-L-A-v-E|Encore|p2a: Kangaskhan\n|-start|p2a: Kangaskhan|Encore\n|move|p2a: Kangaskhan|Protect||[still]\n|-fail|p2a: Kangaskhan\n|\n|upkeep\n|turn|4\n|inactive|Pmtang has 30 seconds left.\n|inactive|Pmtang has 20 seconds left.\n|\n|t:|1775969149\n|switch|p2a: Incineroar|Incineroar, L50, M|86/100\n|-ability|p2a: Incineroar|Intimidate|boost\n|-unboost|p1a: S-L-A-v-E|atk|1\n|-unboost|p1b: Wyvern|atk|1\n|detailschange|p1b: Wyvern|Charizard-Mega-Y, L50, F, shiny\n|-mega|p1b: Wyvern|Charizard|Charizardite Y\n|-weather|SunnyDay|[from] ability: Drought|[of] p1b: Wyvern\n|move|p2b: Sinistcha|Protect|p2b: Sinistcha\n|-singleturn|p2b: Sinistcha|Protect\n|move|p1a: S-L-A-v-E|Encore|p2b: Sinistcha\n|-activate|p2b: Sinistcha|move: Protect\n|move|p1b: Wyvern|Weather Ball|p2b: Sinistcha\n|-activate|p2b: Sinistcha|move: Protect\n|\n|-weather|SunnyDay|[upkeep]\n|upkeep\n|turn|5\n|inactive|Jhonyjoestar146 has 30 seconds left.\n|\n|t:|1775969177\n|switch|p2b: Kangaskhan|Kangaskhan-Mega, L50, F|100/100\n|move|p1b: Wyvern|Protect|p1b: Wyvern\n|-singleturn|p1b: Wyvern|Protect\n|move|p2a: Incineroar|Fake Out|p1b: Wyvern\n|-activate|p1b: Wyvern|move: Protect\n|move|p1a: S-L-A-v-E|Encore||[still]\n|-fail|p1a: S-L-A-v-E\n|\n|-weather|SunnyDay|[upkeep]\n|-sideend|p1: Pmtang|move: Tailwind\n|upkeep\n|turn|6\n|\n|t:|1775969196\n|move|p2b: Kangaskhan|Fake Out|p1b: Wyvern\n|-damage|p1b: Wyvern|67/100\n|-damage|p1b: Wyvern|59/100\n|-hitcount|p1b: Wyvern|2\n|move|p1a: S-L-A-v-E|Tailwind|p1a: S-L-A-v-E\n|-sidestart|p1: Pmtang|move: Tailwind\n|cant|p1b: Wyvern|flinch\n|move|p2a: Incineroar|Parting Shot|p1b: Wyvern\n|-unboost|p1b: Wyvern|atk|1\n|-unboost|p1b: Wyvern|spa|1\n|\n|t:|1775969203\n|switch|p2a: Kommo-o|Kommo-o, L50, F|100/100|[from] Parting Shot\n|\n|-weather|SunnyDay|[upkeep]\n|upkeep\n|turn|7\n|inactive|Jhonyjoestar146 has 30 seconds left.\n|\n|t:|1775969229\n|switch|p1b: Sneasler|Sneasler, L50, F|100/100\n|switch|p2a: Incineroar|Incineroar, L50, M|86/100\n|-ability|p2a: Incineroar|Intimidate|boost\n|-unboost|p1a: S-L-A-v-E|atk|1\n|-unboost|p1b: Sneasler|atk|1\n|move|p2b: Kangaskhan|Sucker Punch||[still]\n|-fail|p2b: Kangaskhan\n|move|p1a: S-L-A-v-E|Moonblast|p2a: Incineroar\n|-damage|p2a: Incineroar|49/100\n|\n|-weather|SunnyDay|[upkeep]\n|upkeep\n|turn|8\n|inactive|Pmtang has 30 seconds left.\n|inactive|Jhonyjoestar146 has 30 seconds left.\n|inactive|Pmtang has 20 seconds left.\n|\n|t:|1775969268\n|switch|p2a: Sinistcha|Sinistcha, L50|100/100\n|move|p1b: Sneasler|Fake Out|p2a: Sinistcha\n|-immune|p2a: Sinistcha\n|move|p1a: S-L-A-v-E|Encore|p2b: Kangaskhan\n|-start|p2b: Kangaskhan|Encore\n|move|p2b: Kangaskhan|Sucker Punch||[still]\n|-fail|p2b: Kangaskhan\n|\n|-weather|none\n|upkeep\n|turn|9\n|\n|t:|1775969289\n|switch|p2b: Kommo-o|Kommo-o, L50, F|100/100\n|move|p1a: S-L-A-v-E|Protect|p1a: S-L-A-v-E\n|-singleturn|p1a: S-L-A-v-E|Protect\n|move|p1b: Sneasler|Dire Claw|p2a: Sinistcha\n|-damage|p2a: Sinistcha|74/100\n|move|p2a: Sinistcha|Matcha Gotcha|p1b: Sneasler|[spread] p1b\n|-activate|p1a: S-L-A-v-E|move: Protect\n|-resisted|p1b: Sneasler|1\n|-damage|p1b: Sneasler|85/100\n|-heal|p2a: Sinistcha|80/100|[from] drain|[of] p1b: Sneasler\n|\n|-sideend|p1: Pmtang|move: Tailwind\n|upkeep\n|turn|10\n|inactive|Jhonyjoestar146 has 30 seconds left.\n|inactive|Pmtang has 30 seconds left.\n|\n|t:|1775969321\n|switch|p1b: Wyvern|Charizard-Mega-Y, L50, F, shiny|59/100\n|-weather|SunnyDay|[from] ability: Drought|[of] p1b: Wyvern\n|switch|p2b: Incineroar|Incineroar, L50, M|49/100\n|-ability|p2b: Incineroar|Intimidate|boost\n|-unboost|p1a: S-L-A-v-E|atk|1\n|-unboost|p1b: Wyvern|atk|1\n|move|p2a: Sinistcha|Rage Powder|p2a: Sinistcha\n|-singleturn|p2a: Sinistcha|move: Rage Powder\n|move|p1a: S-L-A-v-E|Moonblast|p2b: Incineroar\n|-damage|p2b: Incineroar|14/100\n|\n|-weather|SunnyDay|[upkeep]\n|upkeep\n|turn|11\n|\n|t:|1775969345\n|move|p1b: Wyvern|Protect|p1b: Wyvern\n|-singleturn|p1b: Wyvern|Protect\n|move|p2a: Sinistcha|Rage Powder|p2a: Sinistcha\n|-singleturn|p2a: Sinistcha|move: Rage Powder\n|move|p1a: S-L-A-v-E|Moonblast|p2b: Incineroar\n|-damage|p2b: Incineroar|0 fnt\n|faint|p2b: Incineroar\n|\n|-weather|SunnyDay|[upkeep]\n|upkeep\n|\n|t:|1775969352\n|switch|p2b: Kangaskhan|Kangaskhan-Mega, L50, F|100/100\n|turn|12\n|\n|t:|1775969368\n|move|p2a: Sinistcha|Rage Powder|p2a: Sinistcha\n|-singleturn|p2a: Sinistcha|move: Rage Powder\n|move|p1a: S-L-A-v-E|Tailwind|p1a: S-L-A-v-E\n|-sidestart|p1: Pmtang|move: Tailwind\n|move|p1b: Wyvern|Heat Wave|p2b: Kangaskhan|[spread] p2a,p2b\n|-supereffective|p2a: Sinistcha|1\n|-damage|p2a: Sinistcha|0 fnt\n|-damage|p2b: Kangaskhan|28/100\n|faint|p2a: Sinistcha\n|move|p2b: Kangaskhan|Double-Edge|p1b: Wyvern\n|-damage|p1b: Wyvern|0 fnt\n|faint|p1b: Wyvern\n|-hitcount|p1: Wyvern|1\n|-damage|p2b: Kangaskhan|12/100|[from] Recoil\n|\n|-weather|SunnyDay|[upkeep]\n|upkeep\n|\n|t:|1775969380\n|switch|p1b: Sneasler|Sneasler, L50, F|85/100\n|switch|p2a: Kommo-o|Kommo-o, L50, F|100/100\n|turn|13\n|\n|t:|1775969396\n|move|p2b: Kangaskhan|Protect|p2b: Kangaskhan\n|-singleturn|p2b: Kangaskhan|Protect\n|move|p1b: Sneasler|Fake Out|p2b: Kangaskhan\n|-activate|p2b: Kangaskhan|move: Protect\n|move|p1a: S-L-A-v-E|Moonblast|p2a: Kommo-o\n|-supereffective|p2a: Kommo-o|2\n|-damage|p2a: Kommo-o|0 fnt\n|faint|p2a: Kommo-o\n|\n|-weather|SunnyDay|[upkeep]\n|upkeep\n|turn|14\n|-message|Jhonyjoestar146 forfeited.\n|\n|win|Pmtang\n|raw|Pmtang's rating: 1056 &rarr; <strong>1087</strong><br />(+31 for winning)\n|raw|Jhonyjoestar146's rating: 1048 &rarr; <strong>1031</strong><br />(-17 for losing)\n|l|\u2606Jhonyjoestar146\n|player|p2|\n",
  "uploadtime": 1775969410,
  "views": 36,
  "formatid": "gen9championsvgc2026regma",
  "rating": 1031,
  "private": 0,
  "password": null
}