{
  "id": "gen9championsvgc2026regma-2585530065",
  "format": "[Gen 9 Champions] VGC 2026 Reg M-A",
  "players": [
    "fuuuuuuuuuunnn",
    "asherhbaron"
  ],
  "log": "|j|\u2606fuuuuuuuuuunnn\n|j|\u2606asherhbaron\n|t:|1776353640\n|gametype|doubles\n|player|p1|fuuuuuuuuuunnn|ethan|1203\n|player|p2|asherhbaron|265|1293\n|gen|9\n|tier|[Gen 9 Champions] VGC 2026 Reg M-A\n|rated|\n|rule|Species Clause: Limit one of each Pok\u00e9mon\n|rule|Item Clause: Limit 1 of each item\n|clearpoke\n|poke|p1|Dragonite, L50, M|\n|poke|p1|Pelipper, L50, M|\n|poke|p1|Basculegion, L50, M|\n|poke|p1|Sneasler, L50, M|\n|poke|p1|Scizor, L50, F|\n|poke|p1|Beartic, L50, M|\n|poke|p2|Floette-Eternal, L50, F|\n|poke|p2|Maushold, L50|\n|poke|p2|Garchomp, L50, M|\n|poke|p2|Talonflame, L50, F|\n|poke|p2|Rotom-Wash, L50|\n|poke|p2|Aegislash, L50, M|\n|teampreview|4\n|\n|t:|1776353653\n|teamsize|p1|4\n|teamsize|p2|4\n|start\n|switch|p1a: Biggie|Dragonite, L50, M, shiny|100/100\n|switch|p1b: I LOVE WATER|Pelipper, L50, M|100/100\n|switch|p2a: Maushold|Maushold, L50|100/100\n|switch|p2b: Floette|Floette-Eternal, L50, F|100/100\n|-weather|RainDance|[from] ability: Drizzle|[of] p1b: I LOVE WATER\n|turn|1\n|inactive|Battle timer is ON: inactive players will automatically lose when time's up. (requested by fuuuuuuuuuunnn)\n|\n|t:|1776353665\n|detailschange|p2b: Floette|Floette-Mega, L50, F\n|-mega|p2b: Floette|Floette|Floettite\n|-ability|p2b: Floette|Fairy Aura\n|move|p1a: Biggie|Protect|p1a: Biggie\n|-singleturn|p1a: Biggie|Protect\n|move|p2a: Maushold|Follow Me|p2a: Maushold\n|-singleturn|p2a: Maushold|move: Follow Me\n|move|p2b: Floette|Dazzling Gleam|p1b: I LOVE WATER|[spread] p1b\n|-activate|p1a: Biggie|move: Protect\n|-damage|p1b: I LOVE WATER|29/100\n|move|p1b: I LOVE WATER|Tailwind|p1b: I LOVE WATER\n|-sidestart|p1: fuuuuuuuuuunnn|move: Tailwind\n|\n|-weather|RainDance|[upkeep]\n|-heal|p1b: I LOVE WATER|35/100|[from] item: Leftovers\n|upkeep\n|turn|2\n|\n|t:|1776353685\n|detailschange|p1a: Biggie|Dragonite-Mega, L50, M, shiny\n|-mega|p1a: Biggie|Dragonite|Dragoninite\n|move|p1b: I LOVE WATER|Helping Hand|p1a: Biggie\n|-singleturn|p1a: Biggie|Helping Hand|[of] p1b: I LOVE WATER\n|move|p2a: Maushold|Follow Me|p2a: Maushold\n|-singleturn|p2a: Maushold|move: Follow Me\n|move|p1a: Biggie|Hurricane|p2a: Maushold\n|-enditem|p2a: Maushold|Focus Sash\n|-damage|p2a: Maushold|1/100\n|move|p2b: Floette|Calm Mind|p2b: Floette\n|-boost|p2b: Floette|spa|1\n|-boost|p2b: Floette|spd|1\n|\n|-weather|RainDance|[upkeep]\n|-heal|p1b: I LOVE WATER|41/100|[from] item: Leftovers\n|upkeep\n|turn|3\n|\n|t:|1776353707\n|move|p1a: Biggie|Protect|p1a: Biggie\n|-singleturn|p1a: Biggie|Protect\n|move|p2a: Maushold|Follow Me|p2a: Maushold\n|-singleturn|p2a: Maushold|move: Follow Me\n|move|p1b: I LOVE WATER|Hurricane|p2a: Maushold\n|-damage|p2a: Maushold|0 fnt\n|faint|p2a: Maushold\n|move|p2b: Floette|Dazzling Gleam|p1b: I LOVE WATER|[spread] p1b\n|-activate|p1a: Biggie|move: Protect\n|-damage|p1b: I LOVE WATER|0 fnt\n|faint|p1b: I LOVE WATER\n|\n|-weather|RainDance|[upkeep]\n|upkeep\n|\n|t:|1776353722\n|switch|p2a: Rotom|Rotom-Wash, L50|100/100\n|switch|p1b: Lanky legs|Sneasler, L50, M|100/100\n|turn|4\n|\n|t:|1776353735\n|move|p2b: Floette|Protect|p2b: Floette\n|-singleturn|p2b: Floette|Protect\n|move|p1b: Lanky legs|Close Combat|p2a: Rotom\n|-damage|p2a: Rotom|22/100\n|-unboost|p1b: Lanky legs|def|1\n|-unboost|p1b: Lanky legs|spd|1\n|-enditem|p1b: Lanky legs|White Herb\n|-clearnegativeboost|p1b: Lanky legs|[silent]\n|move|p1a: Biggie|Hurricane|p2b: Floette\n|-activate|p2b: Floette|move: Protect\n|move|p2a: Rotom|Thunderbolt|p1a: Biggie\n|-damage|p1a: Biggie|83/100\n|\n|-weather|RainDance|[upkeep]\n|-heal|p2a: Rotom|28/100|[from] item: Leftovers\n|-sideend|p1: fuuuuuuuuuunnn|move: Tailwind\n|upkeep\n|turn|5\n|inactive|asherhbaron has 30 seconds left.\n|\n|t:|1776353761\n|move|p2a: Rotom|Helping Hand|p2b: Floette\n|-singleturn|p2b: Floette|Helping Hand|[of] p2a: Rotom\n|move|p1b: Lanky legs|Dire Claw|p2b: Floette\n|-supereffective|p2b: Floette|1\n|-damage|p2b: Floette|0 fnt\n|faint|p2b: Floette\n|move|p1a: Biggie|Hurricane|p2a: Rotom\n|-resisted|p2a: Rotom|1\n|-damage|p2a: Rotom|0 fnt\n|faint|p2a: Rotom\n|\n|-weather|none\n|upkeep\n|\n|t:|1776353784\n|switch|p2a: Garchomp|Garchomp, L50, M|100/100\n|turn|6\n|\n|t:|1776353805\n|move|p1b: Lanky legs|Close Combat|p2a: Garchomp\n|-damage|p2a: Garchomp|37/100\n|-unboost|p1b: Lanky legs|def|1\n|-unboost|p1b: Lanky legs|spd|1\n|-damage|p1b: Lanky legs|88/100|[from] ability: Rough Skin|[of] p2a: Garchomp\n|move|p2a: Garchomp|Stomping Tantrum|p1b: Lanky legs\n|-supereffective|p1b: Lanky legs|1\n|-damage|p1b: Lanky legs|0 fnt\n|faint|p1b: Lanky legs\n|move|p1a: Biggie|Draco Meteor|p2a: Garchomp\n|-supereffective|p2a: Garchomp|1\n|-damage|p2a: Garchomp|0 fnt\n|-unboost|p1a: Biggie|spa|2\n|faint|p2a: Garchomp\n|\n|win|fuuuuuuuuuunnn\n|raw|fuuuuuuuuuunnn's rating: 1203 &rarr; <strong>1234</strong><br />(+31 for winning)\n|raw|asherhbaron's rating: 1293 &rarr; <strong>1262</strong><br />(-31 for losing)\n",
  "uploadtime": 1776353819,
  "views": 32,
  "formatid": "gen9championsvgc2026regma",
  "rating": 1234,
  "private": 0,
  "password": null
}