{
  "id": "gen9championsvgc2026regma-2587624292",
  "format": "[Gen 9 Champions] VGC 2026 Reg M-A",
  "players": [
    "gogogogogogoj",
    "T8XICIDAD"
  ],
  "log": "|j|\u2606gogogogogogoj\n|j|\u2606T8XICIDAD\n|t:|1776547987\n|gametype|doubles\n|player|p1|gogogogogogoj|crasherwake|1215\n|player|p2|T8XICIDAD|170|1260\n|gen|9\n|tier|[Gen 9 Champions] VGC 2026 Reg M-A\n|rated|\n|rule|Species Clause: Limit one of each Pok\u00e9mon\n|rule|Item Clause: Limit 1 of each item\n|clearpoke\n|poke|p1|Farigiraf, L50, F|\n|poke|p1|Abomasnow, L50, F|\n|poke|p1|Slowking, L50, M|\n|poke|p1|Ninetales-Alola, L50, M|\n|poke|p1|Araquanid, L50, F|\n|poke|p1|Incineroar, L50, F|\n|poke|p2|Gengar, L50, M, shiny|\n|poke|p2|Incineroar, L50, M|\n|poke|p2|Sinistcha, L50|\n|poke|p2|Pelipper, L50, F|\n|poke|p2|Sylveon, L50, F, shiny|\n|poke|p2|Archaludon, L50, F, shiny|\n|teampreview|4\n|l|\u2606gogogogogogoj\n|player|p1|\n|j|\u2606gogogogogogoj\n|player|p1|gogogogogogoj|crasherwake|\n|\n|t:|1776548023\n|teamsize|p1|4\n|teamsize|p2|4\n|start\n|switch|p1a: Slowking|Slowking, L50, M|100/100\n|switch|p1b: Farigiraf|Farigiraf, L50, F|100/100\n|switch|p2a: Archaludon|Archaludon, L50, F, shiny|100/100\n|switch|p2b: Sinistcha|Sinistcha, L50|100/100\n|turn|1\n|\n|t:|1776548041\n|switch|p2b: Pelipper|Pelipper, L50, F|100/100\n|-weather|RainDance|[from] ability: Drizzle|[of] p2b: Pelipper\n|move|p2a: Archaludon|Electro Shot||[still]\n|-prepare|p2a: Archaludon|Electro Shot\n|-boost|p2a: Archaludon|spa|1\n|-anim|p2a: Archaludon|Electro Shot|p1a: Slowking\n|-supereffective|p1a: Slowking|1\n|-damage|p1a: Slowking|26/100\n|move|p1a: Slowking|Disable||[still]\n|-fail|p1a: Slowking\n|move|p1b: Farigiraf|Trick Room|p1b: Farigiraf\n|-fieldstart|move: Trick Room|[of] p1b: Farigiraf\n|\n|-weather|RainDance|[upkeep]\n|-heal|p1a: Slowking|32/100|[from] item: Leftovers\n|upkeep\n|turn|2\n|\n|t:|1776548082\n|move|p1a: Slowking|Disable|p2a: Archaludon\n|-start|p2a: Archaludon|Disable|Electro Shot\n|move|p1b: Farigiraf|Dazzling Gleam|p2b: Pelipper|[spread] p2a,p2b\n|-damage|p2a: Archaludon|84/100\n|-damage|p2b: Pelipper|73/100\n|-ability|p2a: Archaludon|Stamina|boost\n|-boost|p2a: Archaludon|def|1\n|cant|p2a: Archaludon|Disable|Electro Shot\n|move|p2b: Pelipper|U-turn|p1b: Farigiraf\n|-supereffective|p1b: Farigiraf|1\n|-damage|p1b: Farigiraf|84/100\n|\n|t:|1776548092\n|switch|p2b: Sylveon|Sylveon, L50, F, shiny|100/100|[from] U-turn\n|\n|-weather|RainDance|[upkeep]\n|-heal|p1a: Slowking|38/100|[from] item: Leftovers\n|-heal|p2a: Archaludon|90/100|[from] item: Leftovers\n|upkeep\n|turn|3\n|\n|t:|1776548111\n|switch|p1a: Araquanid|Araquanid, L50, F|100/100\n|move|p1b: Farigiraf|Dazzling Gleam|p2b: Sylveon|[spread] p2a,p2b\n|-damage|p2a: Archaludon|73/100\n|-damage|p2b: Sylveon|88/100\n|-ability|p2a: Archaludon|Stamina|boost\n|-boost|p2a: Archaludon|def|1\n|move|p2b: Sylveon|Hyper Voice|p1a: Araquanid|[spread] p1a,p1b\n|-damage|p1a: Araquanid|67/100\n|-damage|p1b: Farigiraf|45/100\n|move|p2a: Archaludon|Dragon Pulse|p1b: Farigiraf\n|-damage|p1b: Farigiraf|0 fnt\n|faint|p1b: Farigiraf\n|\n|-weather|RainDance|[upkeep]\n|-heal|p2a: Archaludon|79/100|[from] item: Leftovers\n|upkeep\n|\n|t:|1776548125\n|switch|p1b: Obamasnow|Abomasnow, L50, F|100/100\n|-weather|Snowscape|[from] ability: Snow Warning|[of] p1b: Obamasnow\n|turn|4\n|\n|t:|1776548132\n|switch|p2b: Pelipper|Pelipper, L50, F|73/100\n|-weather|RainDance|[from] ability: Drizzle|[of] p2b: Pelipper\n|move|p2a: Archaludon|Protect|p2a: Archaludon\n|-singleturn|p2a: Archaludon|Protect\n|move|p1a: Araquanid|Wide Guard|p1a: Araquanid\n|-singleturn|p1a: Araquanid|Wide Guard\n|move|p1b: Obamasnow|Blizzard|p2b: Pelipper|[spread] p2b\n|-activate|p2a: Archaludon|move: Protect\n|-crit|p2b: Pelipper\n|-damage|p2b: Pelipper|0 fnt\n|faint|p2b: Pelipper\n|\n|-weather|RainDance|[upkeep]\n|-heal|p2a: Archaludon|85/100|[from] item: Leftovers\n|upkeep\n|\n|t:|1776548144\n|switch|p2b: Sylveon|Sylveon, L50, F, shiny|88/100\n|turn|5\n|\n|t:|1776548151\n|detailschange|p1b: Obamasnow|Abomasnow-Mega, L50, F\n|-mega|p1b: Obamasnow|Abomasnow|Abomasite\n|-weather|Snowscape|[from] ability: Snow Warning|[of] p1b: Obamasnow\n|move|p1b: Obamasnow|Blizzard|p2a: Archaludon|[spread] p2a,p2b\n|-damage|p2a: Archaludon|37/100\n|-damage|p2b: Sylveon|52/100\n|-ability|p2a: Archaludon|Stamina|boost\n|-boost|p2a: Archaludon|def|1\n|move|p1a: Araquanid|Liquidation|p2b: Sylveon\n|-damage|p2b: Sylveon|0 fnt\n|faint|p2b: Sylveon\n|move|p2a: Archaludon|Flash Cannon|p1b: Obamasnow\n|-supereffective|p1b: Obamasnow|1\n|-damage|p1b: Obamasnow|0 fnt\n|faint|p1b: Obamasnow\n|\n|-weather|Snowscape|[upkeep]\n|-heal|p2a: Archaludon|43/100|[from] item: Leftovers\n|-end|p2a: Archaludon|Disable\n|-fieldend|move: Trick Room\n|upkeep\n|\n|t:|1776548168\n|switch|p2b: Sinistcha|Sinistcha, L50|100/100\n|switch|p1b: Slowking|Slowking, L50, M|71/100\n|-heal|p2a: Archaludon|68/100|[from] ability: Hospitality|[of] p2b: Sinistcha\n|turn|6\n|\n|t:|1776548180\n|move|p2a: Archaludon|Dragon Pulse|p1b: Slowking\n|-damage|p1b: Slowking|34/100\n|move|p2b: Sinistcha|Matcha Gotcha|p1a: Araquanid|[spread] p1a,p1b\n|-supereffective|p1b: Slowking|1\n|-damage|p1a: Araquanid|51/100\n|-damage|p1b: Slowking|3/100\n|move|p1a: Araquanid|Leech Life|p2b: Sinistcha\n|-damage|p2b: Sinistcha|77/100\n|-heal|p1a: Araquanid|65/100|[from] drain|[of] p2b: Sinistcha\n|move|p1b: Slowking|Trick Room|p1b: Slowking\n|-fieldstart|move: Trick Room|[of] p1b: Slowking\n|\n|-weather|Snowscape|[upkeep]\n|-heal|p1b: Slowking|9/100|[from] item: Leftovers\n|-heal|p2a: Archaludon|74/100|[from] item: Leftovers\n|upkeep\n|turn|7\n|\n|t:|1776548221\n|move|p1b: Slowking|Scald|p2a: Archaludon\n|-resisted|p2a: Archaludon|1\n|-damage|p2a: Archaludon|60/100\n|-status|p2a: Archaludon|brn\n|-ability|p2a: Archaludon|Stamina|boost\n|-boost|p2a: Archaludon|def|1\n|move|p1a: Araquanid|Leech Life|p2b: Sinistcha\n|-damage|p2b: Sinistcha|54/100\n|-heal|p1a: Araquanid|79/100|[from] drain|[of] p2b: Sinistcha\n|move|p2b: Sinistcha|Matcha Gotcha|p1a: Araquanid|[spread] p1a,p1b\n|-supereffective|p1b: Slowking|1\n|-damage|p1a: Araquanid|63/100\n|-heal|p2b: Sinistcha|61/100|[from] drain|[of] p1a: Araquanid\n|-damage|p1b: Slowking|0 fnt\n|-heal|p2b: Sinistcha|66/100|[from] drain|[of] p1b: Slowking\n|faint|p1b: Slowking\n|move|p2a: Archaludon|Dragon Pulse|p1a: Araquanid\n|-damage|p1a: Araquanid|19/100\n|\n|-weather|Snowscape|[upkeep]\n|-heal|p2a: Archaludon|66/100 brn|[from] item: Leftovers\n|-damage|p2a: Archaludon|60/100 brn|[from] brn\n|upkeep\n|turn|8\n|-message|gogogogogogoj forfeited.\n|\n|win|T8XICIDAD\n|raw|gogogogogogoj's rating: 1215 &rarr; <strong>1193</strong><br />(-22 for losing)\n|raw|T8XICIDAD's rating: 1260 &rarr; <strong>1282</strong><br />(+22 for winning)\n|c|\u2606T8XICIDAD|gg\n",
  "uploadtime": 1776548251,
  "views": 16,
  "formatid": "gen9championsvgc2026regma",
  "rating": 1193,
  "private": 0,
  "password": null
}