{
  "id": "gen9championsvgc2026regma-2582255094",
  "format": "[Gen 9 Champions] VGC 2026 Reg M-A",
  "players": [
    "A$apdos Rocky",
    "faric"
  ],
  "log": "|j|\u2606A$apdos Rocky\n|j|\u2606faric\n|t:|1776076660\n|gametype|doubles\n|player|p1|A$apdos Rocky|1|1028\n|player|p2|faric|170|1114\n|gen|9\n|tier|[Gen 9 Champions] VGC 2026 Reg M-A\n|rated|\n|rule|Species Clause: Limit one of each Pok\u00e9mon\n|rule|Item Clause: Limit 1 of each item\n|clearpoke\n|poke|p1|Arcanine, L50, M|\n|poke|p1|Kangaskhan, L50, F|\n|poke|p1|Sinistcha, L50|\n|poke|p1|Aerodactyl, L50, M|\n|poke|p1|Milotic, L50, M|\n|poke|p1|Hydreigon, L50, F|\n|poke|p2|Charizard, L50, F|\n|poke|p2|Venusaur, L50, M|\n|poke|p2|Garchomp, L50, M|\n|poke|p2|Rotom-Wash, L50|\n|poke|p2|Incineroar, L50, M|\n|poke|p2|Sneasler, L50, F|\n|teampreview|4\n|inactive|Battle timer is ON: inactive players will automatically lose when time's up. (requested by faric)\n|inactive|A$apdos Rocky has 60 seconds left.\n|inactive|faric has 60 seconds left.\n|\n|t:|1776076717\n|teamsize|p1|4\n|teamsize|p2|4\n|start\n|switch|p1a: Arcanine|Arcanine, L50, M|100/100\n|switch|p1b: Aerodactyl|Aerodactyl, L50, M|100/100\n|switch|p2a: Rotom|Rotom-Wash, L50|100/100\n|switch|p2b: Incineroar|Incineroar, L50, M|100/100\n|-ability|p1b: Aerodactyl|Pressure\n|-ability|p1a: Arcanine|Intimidate|boost\n|-unboost|p2a: Rotom|atk|1\n|-unboost|p2b: Incineroar|atk|1\n|-ability|p2b: Incineroar|Intimidate|boost\n|-unboost|p1a: Arcanine|atk|1\n|-unboost|p1b: Aerodactyl|atk|1\n|turn|1\n|inactive|A$apdos Rocky has 30 seconds left.\n|\n|t:|1776076745\n|switch|p1a: Milotic|Milotic, L50, M|100/100\n|move|p2b: Incineroar|Fake Out|p1b: Aerodactyl\n|-resisted|p1b: Aerodactyl|1\n|-damage|p1b: Aerodactyl|93/100\n|cant|p1b: Aerodactyl|flinch\n|move|p2a: Rotom|Thunderbolt|p1b: Aerodactyl\n|-supereffective|p1b: Aerodactyl|1\n|-damage|p1b: Aerodactyl|0 fnt\n|faint|p1b: Aerodactyl\n|\n|upkeep\n|\n|t:|1776076757\n|switch|p1b: Kangaskhan|Kangaskhan, L50, F|100/100\n|turn|2\n|\n|t:|1776076769\n|move|p1b: Kangaskhan|Fake Out|p2a: Rotom\n|-damage|p2a: Rotom|79/100\n|move|p1a: Milotic|Scald|p2b: Incineroar\n|-supereffective|p2b: Incineroar|1\n|-damage|p2b: Incineroar|43/100\n|-enditem|p2b: Incineroar|Sitrus Berry|[eat]\n|-heal|p2b: Incineroar|68/100|[from] item: Sitrus Berry\n|cant|p2a: Rotom|flinch\n|move|p2b: Incineroar|Parting Shot|p1a: Milotic\n|-unboost|p1a: Milotic|atk|1\n|-ability|p1a: Milotic|Competitive|boost\n|-boost|p1a: Milotic|spa|2\n|-unboost|p1a: Milotic|spa|1\n|-ability|p1a: Milotic|Competitive|boost\n|-boost|p1a: Milotic|spa|2\n|\n|t:|1776076781\n|switch|p2b: Sneasler|Sneasler, L50, F|100/100|[from] Parting Shot\n|\n|-heal|p2a: Rotom|85/100|[from] item: Leftovers\n|upkeep\n|turn|3\n|\n|t:|1776076804\n|switch|p1b: Arcanine|Arcanine, L50, M|100/100\n|-ability|p1b: Arcanine|Intimidate|boost\n|-unboost|p2a: Rotom|atk|1\n|-unboost|p2b: Sneasler|atk|1\n|-enditem|p2b: Sneasler|White Herb\n|-clearnegativeboost|p2b: Sneasler|[silent]\n|move|p2b: Sneasler|Fake Out|p1a: Milotic\n|-damage|p1a: Milotic|81/100\n|cant|p1a: Milotic|flinch\n|move|p2a: Rotom|Will-O-Wisp|p1b: Arcanine\n|-immune|p1b: Arcanine\n|\n|-heal|p2a: Rotom|90/100|[from] item: Leftovers\n|upkeep\n|turn|4\n|inactive|A$apdos Rocky has 30 seconds left.\n|\n|t:|1776076830\n|switch|p1b: Kangaskhan|Kangaskhan, L50, F|100/100\n|move|p2b: Sneasler|Dire Claw|p1a: Milotic\n|-damage|p1a: Milotic|26/100\n|move|p1a: Milotic|Scald|p2b: Sneasler\n|-damage|p2b: Sneasler|0 fnt\n|faint|p2b: Sneasler\n|-heal|p1a: Milotic|38/100|[from] item: Shell Bell|[of] p2: Sneasler\n|move|p2a: Rotom|Thunderbolt|p1a: Milotic\n|-supereffective|p1a: Milotic|1\n|-damage|p1a: Milotic|0 fnt\n|faint|p1a: Milotic\n|\n|-heal|p2a: Rotom|96/100|[from] item: Leftovers\n|upkeep\n|\n|t:|1776076844\n|switch|p2b: Incineroar|Incineroar, L50, M|68/100\n|switch|p1a: Arcanine|Arcanine, L50, M|100/100\n|-ability|p1a: Arcanine|Intimidate|boost\n|-unboost|p2a: Rotom|atk|1\n|-unboost|p2b: Incineroar|atk|1\n|-ability|p2b: Incineroar|Intimidate|boost\n|-unboost|p1a: Arcanine|atk|1\n|-fail|p1b: Kangaskhan|unboost|Attack|[from] ability: Scrappy|[of] p1b: Kangaskhan\n|turn|5\n|inactive|A$apdos Rocky has 30 seconds left.\n|\n|t:|1776076871\n|move|p1b: Kangaskhan|Protect|p1b: Kangaskhan\n|-singleturn|p1b: Kangaskhan|Protect\n|move|p2b: Incineroar|Fake Out|p1b: Kangaskhan\n|-activate|p1b: Kangaskhan|move: Protect\n|move|p1a: Arcanine|Will-O-Wisp|p2a: Rotom\n|-status|p2a: Rotom|brn\n|move|p2a: Rotom|Hydro Pump|p1a: Arcanine\n|-supereffective|p1a: Arcanine|1\n|-damage|p1a: Arcanine|0 fnt\n|faint|p1a: Arcanine\n|\n|-heal|p2a: Rotom|100/100 brn|[from] item: Leftovers\n|-damage|p2a: Rotom|95/100 brn|[from] brn\n|upkeep\n|turn|6\n|\n|t:|1776076887\n|detailschange|p1b: Kangaskhan|Kangaskhan-Mega, L50, F\n|-mega|p1b: Kangaskhan|Kangaskhan|Kangaskhanite\n|move|p1b: Kangaskhan|Low Kick|p2b: Incineroar\n|-supereffective|p2b: Incineroar|1\n|-damage|p2b: Incineroar|15/100\n|-supereffective|p2b: Incineroar|1\n|-damage|p2b: Incineroar|2/100\n|-hitcount|p2b: Incineroar|2\n|move|p2a: Rotom|Hydro Pump|p1b: Kangaskhan|[miss]\n|-miss|p2a: Rotom|p1b: Kangaskhan\n|move|p2b: Incineroar|Flare Blitz|p1b: Kangaskhan\n|-damage|p1b: Kangaskhan|63/100\n|-damage|p2b: Incineroar|0 fnt|[from] Recoil\n|faint|p2b: Incineroar\n|\n|-heal|p2a: Rotom|100/100 brn|[from] item: Leftovers\n|-damage|p2a: Rotom|95/100 brn|[from] brn\n|upkeep\n|\n|t:|1776076899\n|switch|p2b: Charizard|Charizard, L50, F|100/100\n|turn|7\n|\n|t:|1776076912\n|move|p2b: Charizard|Protect|p2b: Charizard\n|-singleturn|p2b: Charizard|Protect\n|move|p1b: Kangaskhan|Double-Edge|p2b: Charizard\n|-activate|p2b: Charizard|move: Protect\n|move|p2a: Rotom|Will-O-Wisp|p1b: Kangaskhan\n|-status|p1b: Kangaskhan|brn\n|\n|-heal|p2a: Rotom|100/100 brn|[from] item: Leftovers\n|-damage|p1b: Kangaskhan|57/100 brn|[from] brn\n|-damage|p2a: Rotom|95/100 brn|[from] brn\n|upkeep\n|turn|8\n|-message|A$apdos Rocky forfeited.\n|\n|win|faric\n|raw|A$apdos Rocky's rating: 1028 &rarr; <strong>1017</strong><br />(-11 for losing)\n|raw|faric's rating: 1114 &rarr; <strong>1133</strong><br />(+19 for winning)\n|l|\u2606A$apdos Rocky\n|player|p1|\n",
  "uploadtime": 1776076929,
  "views": 15,
  "formatid": "gen9championsvgc2026regma",
  "rating": 1017,
  "private": 0,
  "password": null
}