{
  "id": "gen9championsvgc2026regma-2585792867",
  "format": "[Gen 9 Champions] VGC 2026 Reg M-A",
  "players": [
    "Dizzydwarf99",
    "edenborn"
  ],
  "log": "|j|\u2606Dizzydwarf99\n|j|\u2606edenborn\n|t:|1776371017\n|gametype|doubles\n|player|p1|Dizzydwarf99|cheryl|1112\n|player|p2|edenborn|unknown|1187\n|gen|9\n|tier|[Gen 9 Champions] VGC 2026 Reg M-A\n|rated|\n|rule|Species Clause: Limit one of each Pok\u00e9mon\n|rule|Item Clause: Limit 1 of each item\n|clearpoke\n|poke|p1|Aggron, L50, M|\n|poke|p1|Incineroar, L50, M|\n|poke|p1|Rotom-Wash, L50|\n|poke|p1|Sinistcha, L50|\n|poke|p1|Dragapult, L50, F|\n|poke|p1|Mamoswine, L50, F|\n|poke|p2|Palafin, L50, M|\n|poke|p2|Pelipper, L50, F|\n|poke|p2|Archaludon, L50, F|\n|poke|p2|Sinistcha, L50|\n|poke|p2|Incineroar, L50, M|\n|poke|p2|Aerodactyl, L50, M|\n|teampreview|4\n|inactive|Battle timer is ON: inactive players will automatically lose when time's up. (requested by edenborn)\n|inactive|Dizzydwarf99 also wants the timer to be on.\n|\n|t:|1776371039\n|teamsize|p1|4\n|teamsize|p2|4\n|start\n|switch|p1a: Rotom|Rotom-Wash, L50|100/100\n|switch|p1b: Aggron|Aggron, L50, M|100/100\n|switch|p2a: Herc|Palafin, L50, M|100/100\n|switch|p2b: Weather Breaker|Aerodactyl, L50, M|100/100\n|-ability|p2b: Weather Breaker|Unnerve\n|turn|1\n|\n|t:|1776371054\n|detailschange|p2b: Weather Breaker|Aerodactyl-Mega, L50, M\n|-mega|p2b: Weather Breaker|Aerodactyl|Aerodactylite\n|detailschange|p1b: Aggron|Aggron-Mega, L50, M\n|-mega|p1b: Aggron|Aggron|Aggronite\n|move|p2b: Weather Breaker|Tailwind|p2b: Weather Breaker\n|-sidestart|p2: edenborn|move: Tailwind\n|move|p2a: Herc|Flip Turn|p1b: Aggron\n|-damage|p1b: Aggron|88/100\n|\n|t:|1776371064\n|detailschange|p2a: Herc|Palafin-Hero, L50, M\n|switch|p2a: Archie Manning|Archaludon, L50, F|100/100|[from] Flip Turn\n|move|p1a: Rotom|Volt Switch|p2b: Weather Breaker\n|-supereffective|p2b: Weather Breaker|1\n|-damage|p2b: Weather Breaker|34/100\n|\n|t:|1776371068\n|switch|p1a: Dragapult|Dragapult, L50, F|100/100|[from] Volt Switch\n|move|p1b: Aggron|Iron Defense|p1b: Aggron\n|-boost|p1b: Aggron|def|2\n|\n|upkeep\n|turn|2\n|\n|t:|1776371093\n|move|p1a: Dragapult|Protect|p1a: Dragapult\n|-singleturn|p1a: Dragapult|Protect\n|move|p2b: Weather Breaker|Rock Slide|p1b: Aggron|[spread] p1b\n|-activate|p1a: Dragapult|move: Protect\n|-resisted|p1b: Aggron|1\n|-damage|p1b: Aggron|85/100\n|move|p2a: Archie Manning|Aura Sphere|p1b: Aggron\n|-supereffective|p1b: Aggron|1\n|-crit|p1b: Aggron\n|-damage|p1b: Aggron|36/100\n|move|p1b: Aggron|Body Press|p2a: Archie Manning\n|-supereffective|p2a: Archie Manning|1\n|-damage|p2a: Archie Manning|0 fnt\n|faint|p2a: Archie Manning\n|\n|upkeep\n|\n|t:|1776371113\n|switch|p2a: Drizz Lord|Pelipper, L50, F|100/100\n|-weather|RainDance|[from] ability: Drizzle|[of] p2a: Drizz Lord\n|turn|3\n|\n|t:|1776371127\n|switch|p1a: Sinistcha|Sinistcha, L50|100/100\n|-heal|p1b: Aggron|60/100|[from] ability: Hospitality|[of] p1a: Sinistcha\n|move|p1b: Aggron|Protect|p1b: Aggron\n|-singleturn|p1b: Aggron|Protect\n|move|p2b: Weather Breaker|Dual Wingbeat|p1a: Sinistcha\n|-supereffective|p1a: Sinistcha|1\n|-damage|p1a: Sinistcha|62/100\n|-supereffective|p1a: Sinistcha|1\n|-damage|p1a: Sinistcha|21/100\n|-hitcount|p1a: Sinistcha|2\n|move|p2a: Drizz Lord|Weather Ball|p1b: Aggron\n|-activate|p1b: Aggron|move: Protect\n|\n|-weather|RainDance|[upkeep]\n|-heal|p1a: Sinistcha|27/100|[from] item: Leftovers\n|upkeep\n|turn|4\n|\n|t:|1776371150\n|switch|p1a: Rotom|Rotom-Wash, L50|100/100\n|move|p2b: Weather Breaker|Dual Wingbeat|p1a: Rotom\n|-resisted|p1a: Rotom|1\n|-damage|p1a: Rotom|86/100\n|-resisted|p1a: Rotom|1\n|-damage|p1a: Rotom|72/100\n|-hitcount|p1a: Rotom|2\n|move|p2a: Drizz Lord|Weather Ball|p1b: Aggron\n|-damage|p1b: Aggron|13/100\n|move|p1b: Aggron|Heavy Slam|p2b: Weather Breaker\n|-supereffective|p2b: Weather Breaker|1\n|-damage|p2b: Weather Breaker|0 fnt\n|faint|p2b: Weather Breaker\n|\n|-weather|RainDance|[upkeep]\n|-sideend|p2: edenborn|move: Tailwind\n|upkeep\n|\n|t:|1776371171\n|switch|p2b: Herc|Palafin-Hero, L50, M|100/100\n|-activate|p2b: Herc|ability: Zero to Hero\n|turn|5\n|\n|t:|1776371178\n|move|p1b: Aggron|Protect|p1b: Aggron\n|-singleturn|p1b: Aggron|Protect\n|move|p2b: Herc|Jet Punch|p1a: Rotom\n|-resisted|p1a: Rotom|1\n|-damage|p1a: Rotom|38/100\n|move|p1a: Rotom|Volt Switch|p2a: Drizz Lord\n|-supereffective|p2a: Drizz Lord|2\n|-enditem|p2a: Drizz Lord|Focus Sash\n|-damage|p2a: Drizz Lord|1/100\n|\n|t:|1776371183\n|switch|p1a: Sinistcha|Sinistcha, L50|27/100|[from] Volt Switch\n|-heal|p1b: Aggron|38/100|[from] ability: Hospitality|[of] p1a: Sinistcha\n|move|p2a: Drizz Lord|Weather Ball|p1b: Aggron\n|-activate|p1b: Aggron|move: Protect\n|\n|-weather|RainDance|[upkeep]\n|-heal|p1a: Sinistcha|33/100|[from] item: Leftovers\n|upkeep\n|turn|6\n|\n|t:|1776371199\n|move|p2b: Herc|Wave Crash|p1b: Aggron\n|-damage|p1b: Aggron|4/100\n|-damage|p2b: Herc|91/100|[from] Recoil\n|move|p1a: Sinistcha|Matcha Gotcha|p2a: Drizz Lord|[spread] p2a,p2b\n|-supereffective|p2b: Herc|1\n|-damage|p2a: Drizz Lord|0 fnt\n|-heal|p1a: Sinistcha|34/100|[from] drain|[of] p2a: Drizz Lord\n|-damage|p2b: Herc|44/100\n|-heal|p1a: Sinistcha|61/100|[from] drain|[of] p2b: Herc\n|faint|p2a: Drizz Lord\n|move|p1b: Aggron|Body Press|p2b: Herc\n|-damage|p2b: Herc|0 fnt\n|faint|p2b: Herc\n|\n|win|Dizzydwarf99\n|raw|Dizzydwarf99's rating: 1112 &rarr; <strong>1142</strong><br />(+30 for winning)\n|raw|edenborn's rating: 1187 &rarr; <strong>1157</strong><br />(-30 for losing)\n|l|\u2606Dizzydwarf99\n|player|p1|\n",
  "uploadtime": 1776371217,
  "views": 21,
  "formatid": "gen9championsvgc2026regma",
  "rating": 1142,
  "private": 0,
  "password": null
}