{
  "id": "gen9championsvgc2026regma-2583609975",
  "format": "[Gen 9 Champions] VGC 2026 Reg M-A",
  "players": [
    "Zory Ylumi",
    "gfdethvc"
  ],
  "log": "|j|\u2606Zory Ylumi\n|j|\u2606gfdethvc\n|t:|1776186367\n|gametype|doubles\n|player|p1|Zory Ylumi|169|1093\n|player|p2|gfdethvc|1|1000\n|gen|9\n|tier|[Gen 9 Champions] VGC 2026 Reg M-A\n|rated|\n|rule|Species Clause: Limit one of each Pok\u00e9mon\n|rule|Item Clause: Limit 1 of each item\n|clearpoke\n|poke|p1|Delphox, L50, F|\n|poke|p1|Incineroar, L50, M|\n|poke|p1|Garchomp, L50, F|\n|poke|p1|Rotom-Mow, L50|\n|poke|p1|Clefable, L50, M|\n|poke|p1|Sneasler, L50, M|\n|poke|p2|Arcanine, L50, M|\n|poke|p2|Sinistcha, L50|\n|poke|p2|Goodra, L50, M|\n|poke|p2|Aggron, L50, F|\n|poke|p2|Toxapex, L50, F|\n|poke|p2|Slowking, L50, M|\n|teampreview|4\n|inactive|Battle timer is ON: inactive players will automatically lose when time's up. (requested by gfdethvc)\n|\n|t:|1776186405\n|teamsize|p1|4\n|teamsize|p2|4\n|start\n|switch|p1a: Cynthia|Garchomp, L50, F|100/100\n|switch|p1b: The Grass Reaper|Rotom-Mow, L50|100/100\n|switch|p2a: Arcanine|Arcanine, L50, M|100/100\n|switch|p2b: Slowking|Slowking, L50, M|100/100\n|-ability|p2a: Arcanine|Intimidate|boost\n|-unboost|p1a: Cynthia|atk|1\n|-unboost|p1b: The Grass Reaper|atk|1\n|turn|1\n|inactive|Zory Ylumi has 30 seconds left.\n|\n|t:|1776186434\n|switch|p2b: Goodra|Goodra, L50, M|100/100\n|move|p1b: The Grass Reaper|Volt Switch|p2b: Goodra\n|-resisted|p2b: Goodra|1\n|-damage|p2b: Goodra|93/100\n|\n|t:|1776186441\n|switch|p1b: Vernias|Clefable, L50, M|100/100|[from] Volt Switch\n|move|p1a: Cynthia|Rock Slide|p2b: Goodra|[spread] p2a,p2b\n|-supereffective|p2a: Arcanine|1\n|-damage|p2a: Arcanine|72/100\n|-damage|p2b: Goodra|76/100\n|cant|p2a: Arcanine|flinch\n|\n|-heal|p2a: Arcanine|78/100|[from] item: Leftovers\n|upkeep\n|turn|2\n|inactive|Zory Ylumi has 30 seconds left.\n|\n|t:|1776186474\n|switch|p1a: The Grass Reaper|Rotom-Mow, L50|100/100\n|move|p2a: Arcanine|Will-O-Wisp|p1a: The Grass Reaper\n|-status|p1a: The Grass Reaper|brn\n|move|p2b: Goodra|Toxic|p1b: Vernias\n|-status|p1b: Vernias|tox\n|move|p1b: Vernias|Moonblast|p2b: Goodra\n|-supereffective|p2b: Goodra|1\n|-damage|p2b: Goodra|43/100\n|\n|-heal|p2a: Arcanine|84/100|[from] item: Leftovers\n|-damage|p1a: The Grass Reaper|95/100 brn|[from] brn\n|upkeep\n|turn|3\n|inactive|Zory Ylumi has 30 seconds left.\n|inactive|Zory Ylumi has 20 seconds left.\n|\n|t:|1776186513\n|move|p1a: The Grass Reaper|Volt Switch|p2a: Arcanine\n|-damage|p2a: Arcanine|61/100\n|\n|t:|1776186517\n|switch|p1a: Cynthia|Garchomp, L50, F|100/100|[from] Volt Switch\n|move|p2a: Arcanine|Snarl|p1a: Cynthia|[spread] p1a,p1b\n|-resisted|p1b: Vernias|1\n|-damage|p1a: Cynthia|90/100\n|-damage|p1b: Vernias|97/100 tox\n|-unboost|p1a: Cynthia|spa|1\n|-unboost|p1b: Vernias|spa|1\n|move|p2b: Goodra|Life Dew|p2b: Goodra|[spread] p2a,p2b\n|-heal|p2a: Arcanine|86/100\n|-heal|p2b: Goodra|68/100\n|move|p1b: Vernias|Moonblast|p2b: Goodra\n|-supereffective|p2b: Goodra|1\n|-damage|p2b: Goodra|45/100\n|\n|-heal|p2a: Arcanine|92/100|[from] item: Leftovers\n|-heal|p1b: Vernias|100/100 tox|[from] item: Leftovers\n|upkeep\n|turn|4\n|inactive|Zory Ylumi has 30 seconds left.\n|\n|t:|1776186548\n|switch|p2b: Slowking|Slowking, L50, M|100/100\n|switch|p1b: The Grass Reaper|Rotom-Mow, L50|95/100 brn\n|move|p1a: Cynthia|Earthquake|p2b: Slowking|[spread] p2a,p2b\n|-immune|p1b: The Grass Reaper|[from] ability: Levitate\n|-supereffective|p2a: Arcanine|1\n|-damage|p2a: Arcanine|15/100\n|-damage|p2b: Slowking|63/100\n|move|p2a: Arcanine|Will-O-Wisp|p1a: Cynthia|[miss]\n|-miss|p2a: Arcanine|p1a: Cynthia\n|\n|-heal|p2a: Arcanine|21/100|[from] item: Leftovers\n|-damage|p1b: The Grass Reaper|89/100 brn|[from] brn\n|upkeep\n|turn|5\n|\n|t:|1776186567\n|move|p2a: Arcanine|Protect|p2a: Arcanine\n|-singleturn|p2a: Arcanine|Protect\n|move|p1b: The Grass Reaper|Electroweb|p2a: Arcanine|[spread] p2b\n|-activate|p2a: Arcanine|move: Protect\n|-supereffective|p2b: Slowking|1\n|-damage|p2b: Slowking|42/100\n|-unboost|p2b: Slowking|spe|1\n|move|p1a: Cynthia|Earthquake|p2b: Slowking|[spread] \n|-activate|p2a: Arcanine|move: Protect\n|-immune|p1b: The Grass Reaper|[from] ability: Levitate\n|-miss|p1a: Cynthia|p2b: Slowking\n|move|p2b: Slowking|Chilling Water|p1a: Cynthia\n|-damage|p1a: Cynthia|69/100\n|-unboost|p1a: Cynthia|atk|1\n|\n|-heal|p2a: Arcanine|27/100|[from] item: Leftovers\n|-damage|p1b: The Grass Reaper|84/100 brn|[from] brn\n|upkeep\n|turn|6\n|\n|t:|1776186590\n|switch|p2a: Sinistcha|Sinistcha, L50|100/100\n|-heal|p2b: Slowking|67/100|[from] ability: Hospitality|[of] p2a: Sinistcha\n|switch|p2b: Goodra|Goodra, L50, M|45/100\n|move|p1b: The Grass Reaper|Electroweb|p2a: Sinistcha|[spread] p2a,p2b\n|-resisted|p2a: Sinistcha|1\n|-resisted|p2b: Goodra|1\n|-damage|p2a: Sinistcha|91/100\n|-damage|p2b: Goodra|41/100\n|-unboost|p2a: Sinistcha|spe|1\n|-unboost|p2b: Goodra|spe|1\n|move|p1a: Cynthia|Earthquake|p2a: Sinistcha|[spread] p2a,p2b\n|-immune|p1b: The Grass Reaper|[from] ability: Levitate\n|-resisted|p2a: Sinistcha|1\n|-damage|p2a: Sinistcha|77/100\n|-damage|p2b: Goodra|8/100\n|\n|-damage|p1b: The Grass Reaper|78/100 brn|[from] brn\n|upkeep\n|turn|7\n|inactive|Zory Ylumi has 30 seconds left.\n|inactive|gfdethvc has 30 seconds left.\n|inactive|Zory Ylumi has 20 seconds left.\n|inactive|gfdethvc has 20 seconds left.\n|\n|t:|1776186633\n|switch|p1a: Vernias|Clefable, L50, M|100/100 tox\n|move|p1b: The Grass Reaper|Electroweb|p2a: Sinistcha|[spread] p2a,p2b\n|-resisted|p2a: Sinistcha|1\n|-resisted|p2b: Goodra|1\n|-damage|p2a: Sinistcha|67/100\n|-damage|p2b: Goodra|4/100\n|-unboost|p2a: Sinistcha|spe|1\n|-unboost|p2b: Goodra|spe|1\n|move|p2b: Goodra|Toxic|p1a: Vernias\n|-fail|p1a: Vernias|tox\n|move|p2a: Sinistcha|Matcha Gotcha|p1a: Vernias|[spread] p1a,p1b\n|-resisted|p1b: The Grass Reaper|1\n|-damage|p1a: Vernias|73/100 tox\n|-heal|p2a: Sinistcha|86/100|[from] drain|[of] p1a: Vernias\n|-damage|p1b: The Grass Reaper|58/100 brn\n|-heal|p2a: Sinistcha|94/100|[from] drain|[of] p1b: The Grass Reaper\n|\n|-heal|p1a: Vernias|79/100 tox|[from] item: Leftovers\n|-damage|p1b: The Grass Reaper|52/100 brn|[from] brn\n|upkeep\n|turn|8\n|inactive|Zory Ylumi has 30 seconds left.\n|inactive|gfdethvc has 30 seconds left.\n|inactive|Zory Ylumi has 20 seconds left.\n|inactive|gfdethvc has 20 seconds left.\n|\n|t:|1776186673\n|switch|p1a: Chris Pratt|Incineroar, L50, M, shiny|100/100\n|-ability|p1a: Chris Pratt|Intimidate|boost\n|-unboost|p2a: Sinistcha|atk|1\n|-unboost|p2b: Goodra|atk|1\n|switch|p2b: Slowking|Slowking, L50, M|99/100\n|move|p1b: The Grass Reaper|Electroweb|p2b: Slowking|[spread] p2a,p2b\n|-resisted|p2a: Sinistcha|1\n|-supereffective|p2b: Slowking|1\n|-damage|p2a: Sinistcha|84/100\n|-damage|p2b: Slowking|78/100\n|-unboost|p2a: Sinistcha|spe|1\n|-unboost|p2b: Slowking|spe|1\n|move|p2a: Sinistcha|Matcha Gotcha|p1a: Chris Pratt|[spread] p1a,p1b\n|-resisted|p1a: Chris Pratt|1\n|-resisted|p1b: The Grass Reaper|1\n|-crit|p1b: The Grass Reaper\n|-damage|p1a: Chris Pratt|86/100\n|-heal|p2a: Sinistcha|94/100|[from] drain|[of] p1a: Chris Pratt\n|-damage|p1b: The Grass Reaper|17/100 brn\n|-heal|p2a: Sinistcha|100/100|[from] drain|[of] p1b: The Grass Reaper\n|\n|-damage|p1b: The Grass Reaper|12/100 brn|[from] brn\n|upkeep\n|turn|9\n|inactive|Zory Ylumi has 30 seconds left.\n|inactive|gfdethvc has 30 seconds left.\n|inactive|gfdethvc has 20 seconds left.\n|inactive|gfdethvc has 15 seconds left.\n|\n|t:|1776186715\n|switch|p1b: Cynthia|Garchomp, L50, F|69/100\n|move|p1a: Chris Pratt|Darkest Lariat|p2a: Sinistcha\n|-supereffective|p2a: Sinistcha|1\n|-damage|p2a: Sinistcha|26/100\n|-enditem|p2a: Sinistcha|Sitrus Berry|[eat]\n|-heal|p2a: Sinistcha|51/100|[from] item: Sitrus Berry\n|move|p2a: Sinistcha|Strength Sap|p1a: Chris Pratt\n|-unboost|p1a: Chris Pratt|atk|1\n|-heal|p2a: Sinistcha|100/100\n|move|p2b: Slowking|Chilling Water|p1a: Chris Pratt\n|-supereffective|p1a: Chris Pratt|1\n|-damage|p1a: Chris Pratt|59/100\n|-unboost|p1a: Chris Pratt|atk|1\n|\n|upkeep\n|turn|10\n|inactive|Zory Ylumi has 30 seconds left.\n|inactive|gfdethvc has 30 seconds left.\n|inactive|Zory Ylumi has 20 seconds left.\n|inactive|Zory Ylumi has 15 seconds left.\n|\n|t:|1776186758\n|move|p1a: Chris Pratt|Helping Hand|p1b: Cynthia\n|-singleturn|p1b: Cynthia|Helping Hand|[of] p1a: Chris Pratt\n|move|p1b: Cynthia|Dragon Claw|p2a: Sinistcha\n|-damage|p2a: Sinistcha|25/100\n|move|p2a: Sinistcha|Matcha Gotcha|p1b: Cynthia|[spread] p1a,p1b\n|-resisted|p1a: Chris Pratt|1\n|-damage|p1a: Chris Pratt|45/100\n|-heal|p2a: Sinistcha|36/100|[from] drain|[of] p1a: Chris Pratt\n|-damage|p1b: Cynthia|33/100\n|-heal|p2a: Sinistcha|58/100|[from] drain|[of] p1b: Cynthia\n|move|p2b: Slowking|Chilling Water|p1b: Cynthia\n|-damage|p1b: Cynthia|15/100\n|-unboost|p1b: Cynthia|atk|1\n|\n|upkeep\n|turn|11\n|inactive|Zory Ylumi has 30 seconds left.\n|inactive|gfdethvc has 30 seconds left.\n|\n|t:|1776186790\n|switch|p1b: Vernias|Clefable, L50, M|79/100 tox\n|move|p1a: Chris Pratt|Darkest Lariat|p2a: Sinistcha\n|-supereffective|p2a: Sinistcha|1\n|-damage|p2a: Sinistcha|21/100\n|move|p2a: Sinistcha|Matcha Gotcha|p1b: Vernias|[spread] p1a,p1b\n|-resisted|p1a: Chris Pratt|1\n|-damage|p1a: Chris Pratt|31/100\n|-heal|p2a: Sinistcha|31/100|[from] drain|[of] p1a: Chris Pratt\n|-damage|p1b: Vernias|52/100 tox\n|-heal|p2a: Sinistcha|49/100|[from] drain|[of] p1b: Vernias\n|move|p2b: Slowking|Future Sight|p1b: Vernias\n|-start|p2b: Slowking|move: Future Sight\n|\n|-heal|p1b: Vernias|58/100 tox|[from] item: Leftovers\n|upkeep\n|turn|12\n|inactive|gfdethvc has 30 seconds left.\n|inactive|gfdethvc has 20 seconds left.\n|inactive|gfdethvc has 15 seconds left.\n|\n|t:|1776186832\n|move|p1b: Vernias|Helping Hand|p1a: Chris Pratt\n|-singleturn|p1a: Chris Pratt|Helping Hand|[of] p1b: Vernias\n|move|p1a: Chris Pratt|Darkest Lariat|p2a: Sinistcha\n|-supereffective|p2a: Sinistcha|1\n|-damage|p2a: Sinistcha|0 fnt\n|faint|p2a: Sinistcha\n|move|p2b: Slowking|Chilling Water|p1a: Chris Pratt\n|-supereffective|p1a: Chris Pratt|1\n|-damage|p1a: Chris Pratt|0 fnt\n|faint|p1a: Chris Pratt\n|\n|-heal|p1b: Vernias|64/100 tox|[from] item: Leftovers\n|upkeep\n|\n|t:|1776186846\n|switch|p2a: Goodra|Goodra, L50, M|4/100\n|switch|p1a: Cynthia|Garchomp, L50, F|15/100\n|turn|13\n|inactive|gfdethvc has 30 seconds left.\n|\n|t:|1776186873\n|move|p1b: Vernias|Follow Me|p1b: Vernias\n|-singleturn|p1b: Vernias|move: Follow Me\n|move|p1a: Cynthia|Earthquake|p2a: Goodra|[spread] p1b,p2a,p2b\n|-damage|p1b: Vernias|30/100 tox\n|-damage|p2a: Goodra|0 fnt\n|-damage|p2b: Slowking|38/100\n|faint|p2a: Goodra\n|move|p2b: Slowking|Chilling Water|p1b: Vernias\n|-damage|p1b: Vernias|16/100 tox\n|-unboost|p1b: Vernias|atk|1\n|\n|-end|p1b: Vernias|move: Future Sight\n|-damage|p1b: Vernias|0 fnt\n|faint|p1b: Vernias\n|upkeep\n|\n|t:|1776186887\n|switch|p2a: Arcanine|Arcanine, L50, M|27/100\n|switch|p1b: The Grass Reaper|Rotom-Mow, L50|12/100 brn\n|-ability|p2a: Arcanine|Intimidate|boost\n|-unboost|p1a: Cynthia|atk|1\n|-unboost|p1b: The Grass Reaper|atk|1\n|turn|14\n|\n|t:|1776186901\n|move|p1b: The Grass Reaper|Electroweb|p2b: Slowking|[spread] p2a,p2b\n|-supereffective|p2b: Slowking|1\n|-damage|p2a: Arcanine|13/100\n|-damage|p2b: Slowking|14/100\n|-unboost|p2a: Arcanine|spe|1\n|-unboost|p2b: Slowking|spe|1\n|move|p1a: Cynthia|Earthquake|p2b: Slowking|[spread] p2a,p2b\n|-immune|p1b: The Grass Reaper|[from] ability: Levitate\n|-supereffective|p2a: Arcanine|1\n|-damage|p2a: Arcanine|0 fnt\n|-damage|p2b: Slowking|0 fnt\n|faint|p2a: Arcanine\n|faint|p2b: Slowking\n|\n|win|Zory Ylumi\n|raw|Zory Ylumi's rating: 1093 &rarr; <strong>1112</strong><br />(+19 for winning)\n|raw|gfdethvc's rating: 1000 &rarr; <strong>1000</strong><br />(+0 for losing)\n|l|\u2606gfdethvc\n|player|p2|\n",
  "uploadtime": 1776186921,
  "views": 17,
  "formatid": "gen9championsvgc2026regma",
  "rating": 1000,
  "private": 0,
  "password": null
}