{
  "id": "gen9championsvgc2026regma-2587751238",
  "format": "[Gen 9 Champions] VGC 2026 Reg M-A",
  "players": [
    "qubofan",
    "ferenainexi"
  ],
  "log": "|j|\u2606qubofan\n|j|\u2606ferenainexi\n|t:|1776560336\n|gametype|doubles\n|player|p1|qubofan|101|1000\n|player|p2|ferenainexi|scientistf|1044\n|gen|9\n|tier|[Gen 9 Champions] VGC 2026 Reg M-A\n|rated|\n|rule|Species Clause: Limit one of each Pok\u00e9mon\n|rule|Item Clause: Limit 1 of each item\n|clearpoke\n|poke|p1|Drampa, L50, F|\n|poke|p1|Skarmory, L50, M|\n|poke|p1|Aerodactyl, L50, M|\n|poke|p1|Incineroar, L50, F|\n|poke|p1|Rotom-Wash, L50|\n|poke|p1|Tyranitar, L50, M|\n|poke|p2|Vivillon, L50, M|\n|poke|p2|Kleavor, L50, M|\n|poke|p2|Clawitzer, L50, F|\n|poke|p2|Scizor, L50, M|\n|poke|p2|Pinsir, L50, F|\n|poke|p2|Gliscor, L50, F|\n|teampreview|4\n|\n|t:|1776560359\n|teamsize|p1|4\n|teamsize|p2|4\n|start\n|switch|p1a: Incineroar|Incineroar, L50, F|100/100\n|switch|p1b: Rotom|Rotom-Wash, L50|100/100\n|switch|p2a: IEMS|Kleavor, L50, M|100/100\n|switch|p2b: Not Butterfree|Vivillon, L50, M|100/100\n|-ability|p1a: Incineroar|Intimidate|boost\n|-unboost|p2a: IEMS|atk|1\n|-unboost|p2b: Not Butterfree|atk|1\n|turn|1\n|\n|t:|1776560376\n|move|p2b: Not Butterfree|Protect|p2b: Not Butterfree\n|-singleturn|p2b: Not Butterfree|Protect\n|move|p1a: Incineroar|Fake Out|p2b: Not Butterfree\n|-activate|p2b: Not Butterfree|move: Protect\n|move|p2a: IEMS|Stone Axe|p1a: Incineroar\n|-supereffective|p1a: Incineroar|1\n|-damage|p1a: Incineroar|47/100\n|-sidestart|p1: qubofan|move: Stealth Rock\n|move|p1b: Rotom|Rain Dance|p1b: Rotom\n|-weather|RainDance\n|\n|-weather|RainDance|[upkeep]\n|-heal|p1a: Incineroar|54/100|[from] item: Leftovers\n|upkeep\n|turn|2\n|\n|t:|1776560400\n|move|p2b: Not Butterfree|Hurricane|p1a: Incineroar\n|-damage|p1a: Incineroar|9/100\n|move|p2a: IEMS|Rock Slide|p1a: Incineroar|[spread] p1a,p1b\n|-supereffective|p1a: Incineroar|1\n|-damage|p1a: Incineroar|0 fnt\n|-damage|p1b: Rotom|71/100\n|faint|p1a: Incineroar\n|move|p1b: Rotom|Hydro Pump|p2a: IEMS\n|-supereffective|p2a: IEMS|1\n|-damage|p2a: IEMS|0 fnt\n|faint|p2a: IEMS\n|\n|-weather|RainDance|[upkeep]\n|upkeep\n|\n|t:|1776560414\n|switch|p2a: Dragonator|Clawitzer, L50, F|100/100\n|switch|p1a: Aerodactyl|Aerodactyl, L50, M|100/100\n|-damage|p1a: Aerodactyl|76/100|[from] Stealth Rock\n|turn|3\n|\n|t:|1776560427\n|detailschange|p1a: Aerodactyl|Aerodactyl-Mega, L50, M\n|-mega|p1a: Aerodactyl|Aerodactyl|Aerodactylite\n|move|p1a: Aerodactyl|Ancient Power|p2b: Not Butterfree\n|-supereffective|p2b: Not Butterfree|2\n|-enditem|p2b: Not Butterfree|Focus Sash\n|-damage|p2b: Not Butterfree|1/100\n|move|p2b: Not Butterfree|Tailwind|p2b: Not Butterfree\n|-sidestart|p2: ferenainexi|move: Tailwind\n|move|p2a: Dragonator|Ice Beam|p1a: Aerodactyl\n|-supereffective|p1a: Aerodactyl|1\n|-damage|p1a: Aerodactyl|18/100\n|move|p1b: Rotom|Thunderbolt|p2a: Dragonator\n|-supereffective|p2a: Dragonator|1\n|-damage|p2a: Dragonator|31/100\n|-status|p2a: Dragonator|par\n|\n|-weather|RainDance|[upkeep]\n|upkeep\n|turn|4\n|-activate|p2a: Dragonator|item: Quick Claw\n|\n|t:|1776560467\n|move|p2b: Not Butterfree|Protect|p2b: Not Butterfree\n|-singleturn|p2b: Not Butterfree|Protect\n|move|p2a: Dragonator|Ice Beam|p1a: Aerodactyl\n|-supereffective|p1a: Aerodactyl|1\n|-damage|p1a: Aerodactyl|0 fnt\n|faint|p1a: Aerodactyl\n|move|p1b: Rotom|Thunderbolt|p2a: Dragonator\n|-supereffective|p2a: Dragonator|1\n|-damage|p2a: Dragonator|0 fnt\n|faint|p2a: Dragonator\n|\n|-weather|RainDance|[upkeep]\n|upkeep\n|\n|t:|1776560478\n|switch|p1a: Drampa|Drampa, L50, F|100/100\n|switch|p2a: Sir Pin|Pinsir, L50, F|100/100\n|-damage|p1a: Drampa|88/100|[from] Stealth Rock\n|turn|5\n|\n|t:|1776560494\n|move|p2b: Not Butterfree|Sleep Powder|p1b: Rotom\n|-status|p1b: Rotom|slp|[from] move: Sleep Powder\n|move|p2a: Sir Pin|Close Combat|p1a: Drampa\n|-supereffective|p1a: Drampa|1\n|-damage|p1a: Drampa|3/100\n|-unboost|p2a: Sir Pin|def|1\n|-unboost|p2a: Sir Pin|spd|1\n|-ability|p1a: Drampa|Berserk|boost\n|-boost|p1a: Drampa|spa|1\n|cant|p1b: Rotom|slp\n|move|p1a: Drampa|Blizzard|p2b: Not Butterfree|[spread] p2a,p2b\n|-supereffective|p2b: Not Butterfree|1\n|-damage|p2a: Sir Pin|40/100\n|-damage|p2b: Not Butterfree|0 fnt\n|faint|p2b: Not Butterfree\n|\n|-weather|none\n|upkeep\n|turn|6\n|\n|t:|1776560517\n|detailschange|p2a: Sir Pin|Pinsir-Mega, L50, F\n|-mega|p2a: Sir Pin|Pinsir|Pinsirite\n|move|p2a: Sir Pin|Close Combat|p1a: Drampa\n|-supereffective|p1a: Drampa|1\n|-damage|p1a: Drampa|0 fnt\n|-unboost|p2a: Sir Pin|def|1\n|-unboost|p2a: Sir Pin|spd|1\n|faint|p1a: Drampa\n|-curestatus|p1b: Rotom|slp|[msg]\n|move|p1b: Rotom|Thunderbolt|p2a: Sir Pin\n|-supereffective|p2a: Sir Pin|1\n|-damage|p2a: Sir Pin|0 fnt\n|faint|p2a: Sir Pin\n|\n|win|qubofan\n|raw|qubofan's rating: 1000 &rarr; <strong>1045</strong><br />(+45 for winning)\n|raw|ferenainexi's rating: 1044 &rarr; <strong>1025</strong><br />(-19 for losing)\n|l|\u2606ferenainexi\n|player|p2|\n",
  "uploadtime": 1776560540,
  "views": 19,
  "formatid": "gen9championsvgc2026regma",
  "rating": 1025,
  "private": 0,
  "password": null
}