{
  "id": "gen9championsvgc2026regma-2587447045",
  "format": "[Gen 9 Champions] VGC 2026 Reg M-A",
  "players": [
    "snorlax2277",
    "SimMikaze"
  ],
  "log": "|j|\u2606snorlax2277\n|j|\u2606SimMikaze\n|t:|1776532562\n|gametype|doubles\n|player|p1|snorlax2277|harlequin|1442\n|player|p2|SimMikaze|miku-ghost|1363\n|gen|9\n|tier|[Gen 9 Champions] VGC 2026 Reg M-A\n|rated|\n|rule|Species Clause: Limit one of each Pok\u00e9mon\n|rule|Item Clause: Limit 1 of each item\n|clearpoke\n|poke|p1|Charizard, L50, M|\n|poke|p1|Whimsicott, L50, F|\n|poke|p1|Gallade, L50, M|\n|poke|p1|Rotom-Wash, L50|\n|poke|p1|Garchomp, L50, M|\n|poke|p1|Zoroark-Hisui, L50, F|\n|poke|p2|Gardevoir, L50, F, shiny|\n|poke|p2|Garchomp, L50, F|\n|poke|p2|Incineroar, L50, M, shiny|\n|poke|p2|Sinistcha, L50, shiny|\n|poke|p2|Corviknight, L50, M, shiny|\n|poke|p2|Milotic, L50, F|\n|teampreview|4\n|j| Dirt_W0man\n|inactive|Battle timer is ON: inactive players will automatically lose when time's up. (requested by snorlax2277)\n|inactive|SimMikaze has 60 seconds left.\n|\n|t:|1776532667\n|teamsize|p1|4\n|teamsize|p2|4\n|start\n|switch|p1a: Whimsicott|Whimsicott, L50, F|100/100\n|switch|p1b: Gallade|Gallade, L50, M|100/100\n|switch|p2a: Sinistcha|Sinistcha, L50, shiny|100/100\n|switch|p2b: Incineroar|Incineroar, L50, M, shiny|100/100\n|-ability|p2b: Incineroar|Intimidate|boost\n|-unboost|p1a: Whimsicott|atk|1\n|-unboost|p1b: Gallade|atk|1\n|turn|1\n|\n|t:|1776532687\n|move|p1a: Whimsicott|Protect|p1a: Whimsicott\n|-singleturn|p1a: Whimsicott|Protect\n|move|p2b: Incineroar|Fake Out|p1a: Whimsicott\n|-activate|p1a: Whimsicott|move: Protect\n|move|p1b: Gallade|Night Slash|p2a: Sinistcha\n|-supereffective|p2a: Sinistcha|1\n|-damage|p2a: Sinistcha|63/100\n|move|p2a: Sinistcha|Trick Room|p2a: Sinistcha\n|-fieldstart|move: Trick Room|[of] p2a: Sinistcha\n|\n|upkeep\n|turn|2\n|inactive|SimMikaze has 30 seconds left.\n|\n|t:|1776532715\n|switch|p2a: Milotic|Milotic, L50, F|100/100\n|move|p1a: Whimsicott|Encore||[still]\n|-fail|p1a: Whimsicott\n|move|p2b: Incineroar|Flare Blitz|p1a: Whimsicott\n|-supereffective|p1a: Whimsicott|1\n|-enditem|p1a: Whimsicott|Focus Sash\n|-damage|p1a: Whimsicott|1/100\n|-damage|p2b: Incineroar|79/100|[from] Recoil\n|move|p1b: Gallade|Sacred Sword|p2b: Incineroar\n|-supereffective|p2b: Incineroar|1\n|-enditem|p2b: Incineroar|Chople Berry|[eat]\n|-enditem|p2b: Incineroar|Chople Berry|[weaken]\n|-damage|p2b: Incineroar|38/100\n|\n|upkeep\n|turn|3\n|inactive|snorlax2277 has 30 seconds left.\n|inactive|SimMikaze has 30 seconds left.\n|inactive|SimMikaze has 20 seconds left.\n|inactive|SimMikaze has 15 seconds left.\n|\n|t:|1776532759\n|switch|p2b: Gardevoir|Gardevoir, L50, F, shiny|100/100\n|-ability|p2b: Gardevoir|Sharpness|Trace|[from] ability: Trace|[of] p1b: Gallade\n|move|p1a: Whimsicott|Protect|p1a: Whimsicott\n|-singleturn|p1a: Whimsicott|Protect\n|move|p1b: Gallade|Protect|p1b: Gallade\n|-singleturn|p1b: Gallade|Protect\n|move|p2a: Milotic|Coil|p2a: Milotic\n|-boost|p2a: Milotic|atk|1\n|-boost|p2a: Milotic|def|1\n|-boost|p2a: Milotic|accuracy|1\n|\n|upkeep\n|turn|4\n|\n|t:|1776532783\n|switch|p1b: Charizard|Charizard, L50, M|100/100\n|detailschange|p2b: Gardevoir|Gardevoir-Mega, L50, F, shiny\n|-mega|p2b: Gardevoir|Gardevoir|Gardevoirite\n|move|p1a: Whimsicott|Encore|p2a: Milotic\n|-start|p2a: Milotic|Encore\n|move|p2b: Gardevoir|Hyper Voice|p1a: Whimsicott|[spread] p1a,p1b\n|-resisted|p1b: Charizard|1\n|-damage|p1a: Whimsicott|0 fnt\n|-damage|p1b: Charizard|72/100\n|faint|p1a: Whimsicott\n|move|p2a: Milotic|Coil|p2a: Milotic\n|-boost|p2a: Milotic|atk|1\n|-boost|p2a: Milotic|def|1\n|-boost|p2a: Milotic|accuracy|1\n|\n|upkeep\n|\n|t:|1776532796\n|switch|p1a: Gallade|Gallade, L50, M|100/100\n|turn|5\n|\n|t:|1776532815\n|switch|p2b: Incineroar|Incineroar, L50, M, shiny|38/100\n|-ability|p2b: Incineroar|Intimidate|boost\n|-unboost|p1a: Gallade|atk|1\n|-unboost|p1b: Charizard|atk|1\n|move|p1a: Gallade|Protect|p1a: Gallade\n|-singleturn|p1a: Gallade|Protect\n|move|p1b: Charizard|Protect|p1b: Charizard\n|-singleturn|p1b: Charizard|Protect\n|move|p2a: Milotic|Coil|p2a: Milotic\n|-boost|p2a: Milotic|atk|1\n|-boost|p2a: Milotic|def|1\n|-boost|p2a: Milotic|accuracy|1\n|\n|-fieldend|move: Trick Room\n|upkeep\n|turn|6\n|\n|t:|1776532828\n|detailschange|p1b: Charizard|Charizard-Mega-Y, L50, M\n|-mega|p1b: Charizard|Charizard|Charizardite Y\n|-weather|SunnyDay|[from] ability: Drought|[of] p1b: Charizard\n|move|p2b: Incineroar|Fake Out|p1b: Charizard\n|-damage|p1b: Charizard|59/100\n|move|p2a: Milotic|Coil|p2a: Milotic\n|-boost|p2a: Milotic|atk|1\n|-boost|p2a: Milotic|def|1\n|-boost|p2a: Milotic|accuracy|1\n|cant|p1b: Charizard|flinch\n|move|p1a: Gallade|Sacred Sword|p2b: Incineroar\n|-supereffective|p2b: Incineroar|1\n|-damage|p2b: Incineroar|0 fnt\n|faint|p2b: Incineroar\n|\n|-weather|SunnyDay|[upkeep]\n|-end|p2a: Milotic|Encore\n|upkeep\n|inactive|SimMikaze has 30 seconds left.\n|inactive|SimMikaze has 20 seconds left.\n|\n|t:|1776532868\n|switch|p2b: Gardevoir|Gardevoir-Mega, L50, F, shiny|100/100\n|turn|7\n|\n|t:|1776532888\n|move|p2b: Gardevoir|Hyper Voice|p1b: Charizard|[spread] p1a,p1b\n|-supereffective|p1a: Gallade|1\n|-resisted|p1b: Charizard|1\n|-damage|p1a: Gallade|1/100\n|-damage|p1b: Charizard|36/100\n|move|p2a: Milotic|Muddy Water|p1b: Charizard|[spread] p1a,p1b\n|-supereffective|p1b: Charizard|1\n|-damage|p1a: Gallade|0 fnt\n|-damage|p1b: Charizard|11/100\n|-unboost|p1b: Charizard|accuracy|1\n|faint|p1a: Gallade\n|move|p1b: Charizard|Heat Wave|p2b: Gardevoir|[spread] p2a,p2b\n|-resisted|p2a: Milotic|1\n|-crit|p2b: Gardevoir\n|-damage|p2a: Milotic|78/100\n|-damage|p2b: Gardevoir|23/100\n|\n|-weather|SunnyDay|[upkeep]\n|-heal|p2a: Milotic|84/100|[from] item: Leftovers\n|upkeep\n|\n|t:|1776532895\n|switch|p1a: Rotom|Rotom-Wash, L50|100/100\n|turn|8\n|\n|t:|1776532911\n|move|p1b: Charizard|Protect|p1b: Charizard\n|-singleturn|p1b: Charizard|Protect\n|move|p2a: Milotic|Muddy Water|p1b: Charizard|[spread] p1a\n|-activate|p1b: Charizard|move: Protect\n|-resisted|p1a: Rotom|1\n|-damage|p1a: Rotom|93/100\n|move|p2b: Gardevoir|Hyper Voice|p1b: Charizard|[spread] p1a\n|-activate|p1b: Charizard|move: Protect\n|-damage|p1a: Rotom|38/100\n|-enditem|p1a: Rotom|Sitrus Berry|[eat]\n|-heal|p1a: Rotom|63/100|[from] item: Sitrus Berry\n|move|p1a: Rotom|Electroweb|p2b: Gardevoir|[spread] p2a,p2b\n|-supereffective|p2a: Milotic|1\n|-damage|p2a: Milotic|53/100\n|-damage|p2b: Gardevoir|9/100\n|-unboost|p2a: Milotic|spe|1\n|-ability|p2a: Milotic|Competitive|boost\n|-boost|p2a: Milotic|spa|2\n|-unboost|p2b: Gardevoir|spe|1\n|\n|-weather|SunnyDay|[upkeep]\n|-heal|p2a: Milotic|59/100|[from] item: Leftovers\n|upkeep\n|turn|9\n|inactive|SimMikaze has 30 seconds left.\n|inactive|SimMikaze has 20 seconds left.\n|\n|t:|1776532946\n|switch|p2b: Sinistcha|Sinistcha, L50, shiny|63/100\n|-heal|p2a: Milotic|84/100|[from] ability: Hospitality|[of] p2b: Sinistcha\n|move|p2a: Milotic|Protect|p2a: Milotic\n|-singleturn|p2a: Milotic|Protect\n|move|p1b: Charizard|Solar Beam||[still]\n|-prepare|p1b: Charizard|Solar Beam\n|-anim|p1b: Charizard|Solar Beam|p2a: Milotic\n|-activate|p2a: Milotic|move: Protect\n|move|p1a: Rotom|Electroweb|p2b: Sinistcha|[spread] \n|-activate|p2a: Milotic|move: Protect\n|-miss|p1a: Rotom|p2b: Sinistcha\n|\n|-weather|SunnyDay|[upkeep]\n|-heal|p2a: Milotic|90/100|[from] item: Leftovers\n|upkeep\n|turn|10\n|\n|t:|1776532963\n|move|p2b: Sinistcha|Rage Powder|p2b: Sinistcha\n|-singleturn|p2b: Sinistcha|move: Rage Powder\n|move|p1b: Charizard|Solar Beam||[still]\n|-prepare|p1b: Charizard|Solar Beam\n|-anim|p1b: Charizard|Solar Beam|p2b: Sinistcha\n|-resisted|p2b: Sinistcha|1\n|-damage|p2b: Sinistcha|33/100\n|-enditem|p2b: Sinistcha|Sitrus Berry|[eat]\n|-heal|p2b: Sinistcha|58/100|[from] item: Sitrus Berry\n|move|p1a: Rotom|Electroweb|p2a: Milotic|[spread] p2a,p2b\n|-supereffective|p2a: Milotic|1\n|-crit|p2a: Milotic\n|-resisted|p2b: Sinistcha|1\n|-damage|p2a: Milotic|45/100\n|-damage|p2b: Sinistcha|47/100\n|-unboost|p2a: Milotic|spe|1\n|-ability|p2a: Milotic|Competitive|boost\n|-boost|p2a: Milotic|spa|2\n|-unboost|p2b: Sinistcha|spe|1\n|move|p2a: Milotic|Muddy Water|p1a: Rotom|[spread] p1a,p1b\n|-resisted|p1a: Rotom|1\n|-supereffective|p1b: Charizard|1\n|-damage|p1a: Rotom|40/100\n|-damage|p1b: Charizard|0 fnt\n|-unboost|p1a: Rotom|accuracy|1\n|faint|p1b: Charizard\n|\n|-weather|none\n|-heal|p2a: Milotic|51/100|[from] item: Leftovers\n|upkeep\n|turn|11\n|-message|snorlax2277 forfeited.\n|\n|win|SimMikaze\n|raw|snorlax2277's rating: 1442 &rarr; <strong>1418</strong><br />(-24 for losing)\n|raw|SimMikaze's rating: 1363 &rarr; <strong>1387</strong><br />(+24 for winning)\n|l|\u2606snorlax2277\n|player|p1|\n|l| Dirt_W0man\n",
  "uploadtime": 1776532970,
  "views": 21,
  "formatid": "gen9championsvgc2026regma",
  "rating": 1387,
  "private": 0,
  "password": null
}