{
  "id": "gen9championsvgc2026regma-2582955237",
  "format": "[Gen 9 Champions] VGC 2026 Reg M-A",
  "players": [
    "QuiteTasty",
    "scovillepepper"
  ],
  "log": "|j|\u2606QuiteTasty\n|j|\u2606scovillepepper\n|t:|1776128183\n|gametype|doubles\n|player|p1|QuiteTasty|shauntal|1129\n|player|p2|scovillepepper|pokemaniac|1030\n|gen|9\n|tier|[Gen 9 Champions] VGC 2026 Reg M-A\n|rated|\n|rule|Species Clause: Limit one of each Pok\u00e9mon\n|rule|Item Clause: Limit 1 of each item\n|clearpoke\n|poke|p1|Primarina, L50, F|\n|poke|p1|Scovillain, L50, F|\n|poke|p1|Garchomp, L50, F|\n|poke|p1|Kingambit, L50, M|\n|poke|p1|Dragonite, L50, F|\n|poke|p1|Sneasler, L50, M|\n|poke|p2|Slowbro, L50, F|\n|poke|p2|Medicham, L50, M|\n|poke|p2|Conkeldurr, L50, M|\n|poke|p2|Beartic, L50, M|\n|poke|p2|Orthworm, L50, F|\n|poke|p2|Bellibolt, L50, F|\n|teampreview|4\nQuiteTasty has agreed to open team sheets.\nscovillepepper has agreed to open team sheets.\n|showteam|p1|Primarina||Leftovers|LiquidVoice|HyperVoice,Protect,CalmMind,Moonblast|||F|||50|]Scovillain||Scovillainite|Moody|Flamethrower,GigaDrain,RagePowder,Protect|||F|||50|]Garchomp||LumBerry|RoughSkin|DragonClaw,StompingTantrum,RockSlide,Protect|||F|||50|]Kingambit||BlackGlasses|Defiant|KowtowCleave,SuckerPunch,Protect,SwordsDance|||M|||50|]Dragonite||WhiteHerb|Multiscale|ScaleShot,ExtremeSpeed,Protect,StompingTantrum|||F|||50|]Sneasler||FocusSash|Unburden|DireClaw,Coaching,FakeOut,CloseCombat|||M|||50|\n|showteam|p2|Slowbro||Slowbronite|Regenerator|TrickRoom,Psychic,Scald,SlackOff|||F|||50|]Medicham||Medichamite|Telepathy|TrickRoom,DrainPunch,FakeOut,BulletPunch|||M|||50|]Conkeldurr||BlackBelt|SheerForce|RockSlide,DrainPunch,PoisonJab,BodySlam|||M|||50|]Beartic||KingsRock|SnowCloak|SheerCold,Protect,IcicleSpear,BodySlam|||M|||50|]Orthworm||Leftovers|EarthEater|Protect,IronDefense,BodyPress,HighHorsepower|||F|||50|]Bellibolt||SitrusBerry|Electromorphosis|VoltSwitch,ThunderWave,ChillingWater,Protect|||F|||50|\n|\n|t:|1776128210\n|teamsize|p1|4\n|teamsize|p2|4\n|start\n|switch|p1a: Scovillain|Scovillain, L50, F|100/100\n|switch|p1b: Sneasler|Sneasler, L50, M|100/100\n|switch|p2a: Orthworm|Orthworm, L50, F|100/100\n|switch|p2b: Slowbro|Slowbro, L50, F|100/100\n|turn|1\n|\n|t:|1776128231\n|move|p2a: Orthworm|Protect|p2a: Orthworm\n|-singleturn|p2a: Orthworm|Protect\n|move|p1b: Sneasler|Fake Out|p2a: Orthworm\n|-activate|p2a: Orthworm|move: Protect\n|move|p1a: Scovillain|Rage Powder|p1a: Scovillain\n|-singleturn|p1a: Scovillain|move: Rage Powder\n|move|p2b: Slowbro|Trick Room|p2b: Slowbro\n|-fieldstart|move: Trick Room|[of] p2b: Slowbro\n|\n|-ability|p1a: Scovillain|Moody|boost\n|-boost|p1a: Scovillain|spd|2\n|-unboost|p1a: Scovillain|atk|1\n|upkeep\n|turn|2\n|\n|t:|1776128253\n|switch|p1b: Primarina|Primarina, L50, F|100/100\n|detailschange|p2b: Slowbro|Slowbro-Mega, L50, F\n|-mega|p2b: Slowbro|Slowbro|Slowbronite\n|move|p2b: Slowbro|Psychic|p1b: Primarina\n|-damage|p1b: Primarina|66/100\n|move|p2a: Orthworm|High Horsepower|p1b: Primarina\n|-damage|p1b: Primarina|44/100\n|move|p1a: Scovillain|Flamethrower|p2a: Orthworm\n|-supereffective|p2a: Orthworm|1\n|-damage|p2a: Orthworm|18/100\n|\n|-heal|p1b: Primarina|50/100|[from] item: Leftovers\n|-heal|p2a: Orthworm|24/100|[from] item: Leftovers\n|-ability|p1a: Scovillain|Moody|boost\n|-boost|p1a: Scovillain|spd|2\n|-unboost|p1a: Scovillain|atk|1\n|upkeep\n|turn|3\n|\n|t:|1776128273\n|detailschange|p1a: Scovillain|Scovillain-Mega, L50, F\n|-mega|p1a: Scovillain|Scovillain|Scovillainite\n|move|p1a: Scovillain|Rage Powder|p1a: Scovillain\n|-singleturn|p1a: Scovillain|move: Rage Powder\n|move|p2b: Slowbro|Scald|p1a: Scovillain\n|-damage|p1a: Scovillain|88/100\n|-status|p2b: Slowbro|brn|[from] ability: Spicy Spray|[of] p1a: Scovillain\n|move|p1b: Primarina|Calm Mind|p1b: Primarina\n|-boost|p1b: Primarina|spa|1\n|-boost|p1b: Primarina|spd|1\n|move|p2a: Orthworm|High Horsepower|p1a: Scovillain\n|-damage|p1a: Scovillain|69/100\n|-status|p2a: Orthworm|brn|[from] ability: Spicy Spray|[of] p1a: Scovillain\n|\n|-heal|p1b: Primarina|56/100|[from] item: Leftovers\n|-heal|p2a: Orthworm|31/100 brn|[from] item: Leftovers\n|-damage|p2b: Slowbro|95/100 brn|[from] brn\n|-damage|p2a: Orthworm|24/100 brn|[from] brn\n|upkeep\n|turn|4\n|\n|t:|1776128303\n|move|p2b: Slowbro|Psychic|p1a: Scovillain\n|-damage|p1a: Scovillain|53/100\n|move|p1b: Primarina|Hyper Voice|p2b: Slowbro|[spread] p2a,p2b\n|-resisted|p2b: Slowbro|1\n|-damage|p2a: Orthworm|0 fnt\n|-damage|p2b: Slowbro|68/100 brn\n|faint|p2a: Orthworm\n|move|p1a: Scovillain|Giga Drain|p2b: Slowbro\n|-supereffective|p2b: Slowbro|1\n|-damage|p2b: Slowbro|0 fnt\n|-heal|p1a: Scovillain|93/100|[from] drain|[of] p2b: Slowbro\n|faint|p2b: Slowbro\n|\n|-heal|p1b: Primarina|62/100|[from] item: Leftovers\n|upkeep\n|\n|t:|1776128310\n|switch|p2b: Beartic|Beartic, L50, M|100/100\n|switch|p2a: Bellibolt|Bellibolt, L50, F|100/100\n|turn|5\n|\n|t:|1776128331\n|move|p2b: Beartic|Sheer Cold|p1a: Scovillain|[miss]\n|-miss|p2b: Beartic|p1a: Scovillain\n|move|p2a: Bellibolt|Volt Switch|p1b: Primarina\n|-supereffective|p1b: Primarina|1\n|-damage|p1b: Primarina|32/100\n|move|p1b: Primarina|Calm Mind|p1b: Primarina\n|-boost|p1b: Primarina|spa|1\n|-boost|p1b: Primarina|spd|1\n|move|p1a: Scovillain|Flamethrower|p2b: Beartic\n|-supereffective|p2b: Beartic|1\n|-damage|p2b: Beartic|25/100\n|\n|-heal|p1b: Primarina|38/100|[from] item: Leftovers\n|-fieldend|move: Trick Room\n|upkeep\n|turn|6\n|\n|t:|1776128345\n|move|p1a: Scovillain|Rage Powder|p1a: Scovillain\n|-singleturn|p1a: Scovillain|move: Rage Powder\n|move|p1b: Primarina|Hyper Voice|p2a: Bellibolt|[spread] p2a,p2b\n|-crit|p2b: Beartic\n|-damage|p2a: Bellibolt|31/100\n|-damage|p2b: Beartic|0 fnt\n|-start|p2a: Bellibolt|Charge|Hyper Voice|[from] ability: Electromorphosis\n|-enditem|p2a: Bellibolt|Sitrus Berry|[eat]\n|-heal|p2a: Bellibolt|56/100|[from] item: Sitrus Berry\n|faint|p2b: Beartic\n|move|p2a: Bellibolt|Volt Switch|p1a: Scovillain\n|-resisted|p1a: Scovillain|1\n|-damage|p1a: Scovillain|85/100\n|-status|p2a: Bellibolt|brn|[from] ability: Spicy Spray|[of] p1a: Scovillain\n|-end|p2a: Bellibolt|Charge|[silent]\n|\n|-heal|p1b: Primarina|44/100|[from] item: Leftovers\n|-damage|p2a: Bellibolt|50/100 brn|[from] brn\n|upkeep\n|turn|7\n|-message|scovillepepper forfeited.\n|\n|win|QuiteTasty\n|raw|QuiteTasty's rating: 1129 &rarr; <strong>1147</strong><br />(+18 for winning)\n|raw|scovillepepper's rating: 1030 &rarr; <strong>1020</strong><br />(-10 for losing)\n|l|\u2606scovillepepper\n|player|p2|\n|c|\u2606QuiteTasty|ggs\n",
  "uploadtime": 1776128710,
  "views": 26,
  "formatid": "gen9championsvgc2026regma",
  "rating": 1020,
  "private": 0,
  "password": null
}