{
  "id": "gen9championsvgc2026regma-2581304107",
  "format": "[Gen 9 Champions] VGC 2026 Reg M-A",
  "players": [
    "dav115",
    "9wtt"
  ],
  "log": "|j|\u2606dav115\n|j|\u26069wtt\n|t:|1775983965\n|gametype|doubles\n|player|p1|dav115|266|1072\n|player|p2|9wtt|karen-gen2|1084\n|gen|9\n|tier|[Gen 9 Champions] VGC 2026 Reg M-A\n|rated|\n|rule|Species Clause: Limit one of each Pok\u00e9mon\n|rule|Item Clause: Limit 1 of each item\n|clearpoke\n|poke|p1|Sinistcha, L50|\n|poke|p1|Incineroar, L50, F|\n|poke|p1|Farigiraf, L50, M|\n|poke|p1|Kingambit, L50, F|\n|poke|p1|Golurk, L50|\n|poke|p1|Milotic, L50, F|\n|poke|p2|Gengar, L50, F|\n|poke|p2|Garchomp, L50, F|\n|poke|p2|Politoed, L50, F|\n|poke|p2|Sneasler, L50, F|\n|poke|p2|Basculegion, L50, M|\n|poke|p2|Talonflame, L50, F|\n|teampreview|4\n|\n|t:|1775983993\n|teamsize|p1|4\n|teamsize|p2|4\n|start\n|switch|p1a: Farigiraf|Farigiraf, L50, M|100/100\n|switch|p1b: Golurk|Golurk, L50|100/100\n|switch|p2a: Talonflame|Talonflame, L50, F, shiny|100/100\n|switch|p2b: Garchomp|Garchomp, L50, F, shiny|100/100\n|turn|1\n|\n|t:|1775984011\n|detailschange|p2b: Garchomp|Garchomp-Mega, L50, F, shiny\n|-mega|p2b: Garchomp|Garchomp|Garchompite\n|detailschange|p1b: Golurk|Golurk-Mega, L50\n|-mega|p1b: Golurk|Golurk|Golurkite\n|move|p2a: Talonflame|Taunt|p1a: Farigiraf\n|-start|p1a: Farigiraf|move: Taunt\n|move|p2b: Garchomp|Earthquake|p1b: Golurk|[spread] p1a,p1b\n|-immune|p2a: Talonflame\n|-crit|p1a: Farigiraf\n|-damage|p1a: Farigiraf|38/100\n|-damage|p1b: Golurk|59/100\n|move|p1b: Golurk|Rock Slide|p2b: Garchomp|[spread] p2a,p2b\n|-supereffective|p2a: Talonflame|2\n|-resisted|p2b: Garchomp|1\n|-damage|p2a: Talonflame|4/100\n|-damage|p2b: Garchomp|91/100\n|cant|p1a: Farigiraf|move: Taunt|Trick Room\n|\n|upkeep\n|turn|2\n|\n|t:|1775984034\n|switch|p1a: Sinistcha|Sinistcha, L50|100/100\n|-heal|p1b: Golurk|84/100|[from] ability: Hospitality|[of] p1a: Sinistcha\n|move|p2a: Talonflame|Heat Wave|p1a: Sinistcha|[spread] \n|-miss|p2a: Talonflame|p1a: Sinistcha\n|-miss|p2a: Talonflame|p1b: Golurk\n|move|p2b: Garchomp|Earthquake|p1a: Sinistcha|[spread] p1a,p1b\n|-immune|p2a: Talonflame\n|-resisted|p1a: Sinistcha|1\n|-damage|p1a: Sinistcha|80/100\n|-damage|p1b: Golurk|45/100\n|move|p1b: Golurk|Rock Slide|p2a: Talonflame|[spread] p2a,p2b\n|-supereffective|p2a: Talonflame|2\n|-resisted|p2b: Garchomp|1\n|-damage|p2a: Talonflame|0 fnt\n|-damage|p2b: Garchomp|82/100\n|faint|p2a: Talonflame\n|\n|upkeep\n|\n|t:|1775984041\n|switch|p2a: Basculegion|Basculegion, L50, M, shiny|100/100\n|turn|3\n|\n|t:|1775984059\n|move|p1b: Golurk|Protect|p1b: Golurk\n|-singleturn|p1b: Golurk|Protect\n|move|p2b: Garchomp|Dragon Claw|p1a: Sinistcha\n|-damage|p1a: Sinistcha|38/100\n|move|p2a: Basculegion|Last Respects|p1a: Sinistcha\n|-supereffective|p1a: Sinistcha|1\n|-damage|p1a: Sinistcha|0 fnt\n|faint|p1a: Sinistcha\n|\n|upkeep\n|\n|t:|1775984068\n|switch|p1a: Incineroar|Incineroar, L50, F|100/100\n|-ability|p1a: Incineroar|Intimidate|boost\n|-unboost|p2a: Basculegion|atk|1\n|-unboost|p2b: Garchomp|atk|1\n|turn|4\n|\n|t:|1775984081\n|switch|p2b: Politoed|Politoed, L50, F, shiny|100/100\n|-weather|RainDance|[from] ability: Drizzle|[of] p2b: Politoed\n|move|p1a: Incineroar|Fake Out|p2b: Politoed\n|-damage|p2b: Politoed|90/100\n|move|p2a: Basculegion|Last Respects|p1b: Golurk\n|-supereffective|p1b: Golurk|1\n|-damage|p1b: Golurk|0 fnt\n|faint|p1b: Golurk\n|\n|-weather|RainDance|[upkeep]\n|-heal|p2b: Politoed|96/100|[from] item: Leftovers\n|upkeep\n|\n|t:|1775984090\n|switch|p1b: Farigiraf|Farigiraf, L50, M|38/100\n|turn|5\n|\n|t:|1775984099\n|move|p2a: Basculegion|Wave Crash|p1a: Incineroar\n|-supereffective|p1a: Incineroar|1\n|-damage|p1a: Incineroar|0 fnt\n|faint|p1a: Incineroar\n|-damage|p2a: Basculegion|66/100|[from] Recoil\n|move|p2b: Politoed|Weather Ball|p1b: Farigiraf\n|-damage|p1b: Farigiraf|0 fnt\n|faint|p1b: Farigiraf\n|\n|win|9wtt\n|raw|dav115's rating: 1072 &rarr; <strong>1052</strong><br />(-20 for losing)\n|raw|9wtt's rating: 1084 &rarr; <strong>1110</strong><br />(+26 for winning)\n|l|\u2606dav115\n|player|p1|\n",
  "uploadtime": 1775984106,
  "views": 17,
  "formatid": "gen9championsvgc2026regma",
  "rating": 1052,
  "private": 0,
  "password": null
}