{
  "id": "gen9championsvgc2026regma-2587275567",
  "format": "[Gen 9 Champions] VGC 2026 Reg M-A",
  "players": [
    "Ferret05",
    "Pinoitaliano"
  ],
  "log": "|j|\u2606Ferret05\n|j|\u2606Pinoitaliano\n|t:|1776517303\n|gametype|doubles\n|player|p1|Ferret05|schoolkid-gen4|1058\n|player|p2|Pinoitaliano|allister|1054\n|gen|9\n|tier|[Gen 9 Champions] VGC 2026 Reg M-A\n|rated|\n|rule|Species Clause: Limit one of each Pok\u00e9mon\n|rule|Item Clause: Limit 1 of each item\n|clearpoke\n|poke|p1|Ninetales-Alola, L50, F|\n|poke|p1|Garchomp, L50, M|\n|poke|p1|Incineroar, L50, M|\n|poke|p1|Aerodactyl, L50, F|\n|poke|p1|Arcanine, L50, M|\n|poke|p1|Kingambit, L50, F|\n|poke|p2|Aggron, L50, M|\n|poke|p2|Whimsicott, L50, M|\n|poke|p2|Incineroar, L50, M|\n|poke|p2|Mimikyu, L50, F|\n|poke|p2|Gallade, L50, M|\n|poke|p2|Araquanid, L50, M|\n|teampreview|4\n|inactive|Battle timer is ON: inactive players will automatically lose when time's up. (requested by Pinoitaliano)\n|inactive|Ferret05 has 60 seconds left.\n|\n|t:|1776517363\n|teamsize|p1|4\n|teamsize|p2|4\n|start\n|switch|p1a: Ninetales|Ninetales-Alola, L50, F|100/100\n|switch|p1b: Garchomp|Garchomp, L50, M|100/100\n|switch|p2a: Aggron|Aggron, L50, M|100/100\n|switch|p2b: Mimikyu|Mimikyu, L50, F|100/100\n|-weather|Snowscape|[from] ability: Snow Warning|[of] p1a: Ninetales\n|turn|1\n|\n|t:|1776517386\n|move|p2a: Aggron|Protect|p2a: Aggron\n|-singleturn|p2a: Aggron|Protect\n|move|p1b: Garchomp|Poison Jab|p2b: Mimikyu\n|-activate|p2b: Mimikyu|ability: Disguise\n|-damage|p2b: Mimikyu|100/100\n|detailschange|p2b: Mimikyu|Mimikyu-Busted, L50, F\n|-damage|p2b: Mimikyu|88/100|[from] pokemon: Mimikyu-Busted\n|move|p1a: Ninetales|Roar|p2a: Aggron\n|drag|p2a: Araquanid|Araquanid, L50, M|100/100\n|move|p2b: Mimikyu|Trick Room|p2b: Mimikyu\n|-fieldstart|move: Trick Room|[of] p2b: Mimikyu\n|\n|-weather|Snowscape|[upkeep]\n|upkeep\n|turn|2\n|\n|t:|1776517408\n|switch|p1b: Kingambit|Kingambit, L50, F|100/100\n|move|p2a: Araquanid|Liquidation|p1a: Ninetales\n|-damage|p1a: Ninetales|57/100\n|move|p2b: Mimikyu|Play Rough|p1b: Kingambit\n|-damage|p1b: Kingambit|68/100\n|move|p1a: Ninetales|Blizzard|p2a: Araquanid|[spread] p2a,p2b\n|-resisted|p2a: Araquanid|1\n|-damage|p2a: Araquanid|91/100\n|-damage|p2b: Mimikyu|61/100\n|\n|-weather|Snowscape|[upkeep]\n|upkeep\n|turn|3\n|inactive|Ferret05 has 30 seconds left.\n|\n|t:|1776517434\n|move|p2a: Araquanid|Liquidation|p1b: Kingambit\n|-damage|p1b: Kingambit|0 fnt\n|faint|p1b: Kingambit\n|move|p2b: Mimikyu|Play Rough|p1a: Ninetales|[miss]\n|-miss|p2b: Mimikyu|p1a: Ninetales\n|move|p1a: Ninetales|Aurora Veil|p1a: Ninetales\n|-sidestart|p1: Ferret05|move: Aurora Veil\n|\n|-weather|Snowscape|[upkeep]\n|upkeep\n|\n|t:|1776517443\n|switch|p1b: Arcanine|Arcanine, L50, M|100/100\n|-ability|p1b: Arcanine|Intimidate|boost\n|-unboost|p2a: Araquanid|atk|1\n|-unboost|p2b: Mimikyu|atk|1\n|turn|4\n|\n|t:|1776517452\n|switch|p2b: Aggron|Aggron, L50, M|100/100\n|move|p1b: Arcanine|Protect|p1b: Arcanine\n|-singleturn|p1b: Arcanine|Protect\n|move|p2a: Araquanid|Liquidation|p1b: Arcanine\n|-activate|p1b: Arcanine|move: Protect\n|move|p1a: Ninetales|Moonblast|p2a: Araquanid\n|-damage|p2a: Araquanid|70/100\n|\n|-weather|Snowscape|[upkeep]\n|upkeep\n|turn|5\n|inactive|Ferret05 has 30 seconds left.\n|inactive|Ferret05 has 20 seconds left.\n|\n|t:|1776517488\n|switch|p1a: Garchomp|Garchomp, L50, M|100/100\n|detailschange|p2b: Aggron|Aggron-Mega, L50, M\n|-mega|p2b: Aggron|Aggron|Aggronite\n|move|p2a: Araquanid|Liquidation|p1b: Arcanine\n|-supereffective|p1b: Arcanine|1\n|-damage|p1b: Arcanine|13/100\n|move|p2b: Aggron|Heavy Slam|p1a: Garchomp\n|-damage|p1a: Garchomp|66/100\n|-damage|p2b: Aggron|89/100|[from] ability: Rough Skin|[of] p1a: Garchomp\n|move|p1b: Arcanine|Will-O-Wisp|p2b: Aggron\n|-status|p2b: Aggron|brn\n|\n|-weather|none\n|-heal|p1b: Arcanine|19/100|[from] item: Leftovers\n|-damage|p2b: Aggron|83/100 brn|[from] brn\n|-fieldend|move: Trick Room\n|upkeep\n|turn|6\n|inactive|Pinoitaliano has 30 seconds left.\n|\n|t:|1776517519\n|switch|p2a: Incineroar|Incineroar, L50, M|100/100\n|-ability|p2a: Incineroar|Intimidate|boost\n|-unboost|p1a: Garchomp|atk|1\n|-unboost|p1b: Arcanine|atk|1\n|move|p1b: Arcanine|Protect|p1b: Arcanine\n|-singleturn|p1b: Arcanine|Protect\n|move|p2b: Aggron|Protect|p2b: Aggron\n|-singleturn|p2b: Aggron|Protect\n|move|p1a: Garchomp|Earthquake|p2b: Aggron|[spread] p2a\n|-activate|p1b: Arcanine|move: Protect\n|-activate|p2b: Aggron|move: Protect\n|-supereffective|p2a: Incineroar|1\n|-damage|p2a: Incineroar|44/100\n|\n|-heal|p1b: Arcanine|25/100|[from] item: Leftovers\n|-heal|p2a: Incineroar|49/100|[from] item: Leftovers\n|-damage|p2b: Aggron|77/100 brn|[from] brn\n|upkeep\n|turn|7\n|inactive|Pinoitaliano has 30 seconds left.\n|inactive|Pinoitaliano has 20 seconds left.\n|\n|t:|1776517554\n|switch|p1b: Ninetales|Ninetales-Alola, L50, F|57/100\n|-weather|Snowscape|[from] ability: Snow Warning|[of] p1b: Ninetales\n|switch|p2b: Araquanid|Araquanid, L50, M|70/100\n|move|p2a: Incineroar|Fake Out|p1b: Ninetales\n|-damage|p1b: Ninetales|51/100\n|move|p1a: Garchomp|Earthquake|p2b: Araquanid|[spread] p1b,p2a,p2b\n|-supereffective|p2a: Incineroar|1\n|-crit|p2a: Incineroar\n|-resisted|p2b: Araquanid|1\n|-damage|p1b: Ninetales|40/100\n|-damage|p2a: Incineroar|0 fnt\n|-damage|p2b: Araquanid|55/100\n|faint|p2a: Incineroar\n|\n|-weather|Snowscape|[upkeep]\n|-sideend|p1: Ferret05|move: Aurora Veil\n|upkeep\n|\n|t:|1776517572\n|switch|p2a: Mimikyu|Mimikyu-Busted, L50, F|61/100\n|turn|8\n|\n|t:|1776517587\n|switch|p1a: Arcanine|Arcanine, L50, M|25/100\n|-ability|p1a: Arcanine|Intimidate|boost\n|-unboost|p2a: Mimikyu|atk|1\n|-unboost|p2b: Araquanid|atk|1\n|move|p2b: Araquanid|Wide Guard|p2b: Araquanid\n|-singleturn|p2b: Araquanid|Wide Guard\n|move|p1b: Ninetales|Roar|p2b: Araquanid\n|drag|p2b: Aggron|Aggron-Mega, L50, M|77/100 brn\n|move|p2a: Mimikyu|Trick Room|p2a: Mimikyu\n|-fieldstart|move: Trick Room|[of] p2a: Mimikyu\n|\n|-weather|Snowscape|[upkeep]\n|-heal|p1a: Arcanine|31/100|[from] item: Leftovers\n|-damage|p2b: Aggron|71/100 brn|[from] brn\n|upkeep\n|turn|9\n|inactive|Pinoitaliano has 30 seconds left.\n|\n|t:|1776517620\n|switch|p1b: Garchomp|Garchomp, L50, M|66/100\n|move|p2b: Aggron|Heavy Slam|p1b: Garchomp\n|-damage|p1b: Garchomp|39/100\n|-damage|p2b: Aggron|59/100 brn|[from] ability: Rough Skin|[of] p1b: Garchomp\n|move|p2a: Mimikyu|Play Rough|p1a: Arcanine\n|-resisted|p1a: Arcanine|1\n|-damage|p1a: Arcanine|13/100\n|move|p1a: Arcanine|Flare Blitz|p2b: Aggron\n|-supereffective|p2b: Aggron|1\n|-damage|p2b: Aggron|22/100 brn\n|-damage|p1a: Arcanine|2/100|[from] Recoil\n|\n|-weather|Snowscape|[upkeep]\n|-heal|p1a: Arcanine|8/100|[from] item: Leftovers\n|-damage|p2b: Aggron|16/100 brn|[from] brn\n|upkeep\n|turn|10\n|inactive|Ferret05 has 30 seconds left.\n|\n|t:|1776517648\n|switch|p1b: Ninetales|Ninetales-Alola, L50, F|40/100\n|move|p1a: Arcanine|Protect|p1a: Arcanine\n|-singleturn|p1a: Arcanine|Protect\n|move|p2b: Aggron|Heavy Slam|p1a: Arcanine\n|-activate|p1a: Arcanine|move: Protect\n|move|p2a: Mimikyu|Play Rough|p1b: Ninetales\n|-damage|p1b: Ninetales|25/100\n|\n|-weather|Snowscape|[upkeep]\n|-heal|p1a: Arcanine|14/100|[from] item: Leftovers\n|-damage|p2b: Aggron|10/100 brn|[from] brn\n|upkeep\n|turn|11\n|inactive|Pinoitaliano has 30 seconds left.\n|\n|t:|1776517677\n|move|p1a: Arcanine|Extreme Speed|p2b: Aggron\n|-resisted|p2b: Aggron|1\n|-damage|p2b: Aggron|4/100 brn\n|move|p2b: Aggron|Heavy Slam|p1b: Ninetales\n|-supereffective|p1b: Ninetales|2\n|-enditem|p1b: Ninetales|Babiri Berry|[eat]\n|-enditem|p1b: Ninetales|Babiri Berry|[weaken]\n|-damage|p1b: Ninetales|0 fnt\n|faint|p1b: Ninetales\n|move|p2a: Mimikyu|Shadow Claw|p1a: Arcanine\n|-damage|p1a: Arcanine|0 fnt\n|faint|p1a: Arcanine\n|\n|-weather|none\n|-damage|p2b: Aggron|0 fnt|[from] brn\n|faint|p2b: Aggron\n|upkeep\n|\n|t:|1776517694\n|switch|p2b: Araquanid|Araquanid, L50, M|55/100\n|switch|p1b: Garchomp|Garchomp, L50, M|39/100\n|turn|12\n|\n|t:|1776517703\n|move|p2b: Araquanid|Liquidation|p1b: Garchomp\n|-damage|p1b: Garchomp|0 fnt\n|-damage|p2b: Araquanid|43/100|[from] ability: Rough Skin|[of] p1b: Garchomp\n|faint|p1b: Garchomp\n|\n|win|Pinoitaliano\n|raw|Ferret05's rating: 1058 &rarr; <strong>1039</strong><br />(-19 for losing)\n|raw|Pinoitaliano's rating: 1054 &rarr; <strong>1086</strong><br />(+32 for winning)\n|l|\u2606Ferret05\n|player|p1|\n",
  "uploadtime": 1776517808,
  "views": 13,
  "formatid": "gen9championsvgc2026regma",
  "rating": 1039,
  "private": 0,
  "password": null
}