{
  "id": "gen9championsvgc2026regma-2584198395",
  "format": "[Gen 9 Champions] VGC 2026 Reg M-A",
  "players": [
    "ScribbleScribble",
    "ChampionsmatchVGC"
  ],
  "log": "|j|\u2606ScribbleScribble\n|j|\u2606ChampionsmatchVGC\n|t:|1776237192\n|gametype|doubles\n|player|p1|ScribbleScribble|mina-lgpe|1659\n|player|p2|ChampionsmatchVGC|gardenia|1670\n|gen|9\n|tier|[Gen 9 Champions] VGC 2026 Reg M-A\n|rated|\n|rule|Species Clause: Limit one of each Pok\u00e9mon\n|rule|Item Clause: Limit 1 of each item\n|clearpoke\n|poke|p1|Floette-Eternal, L50, F|\n|poke|p1|Sneasler, L50, F|\n|poke|p1|Aerodactyl, L50, F|\n|poke|p1|Kingambit, L50, F|\n|poke|p1|Basculegion, L50, M|\n|poke|p1|Farigiraf, L50, M|\n|poke|p2|Garchomp, L50, F|\n|poke|p2|Delphox, L50, M|\n|poke|p2|Floette-Eternal, L50, F|\n|poke|p2|Kingambit, L50, F|\n|poke|p2|Basculegion, L50, M|\n|poke|p2|Talonflame, L50, F|\n|teampreview|4\n|inactive|Battle timer is ON: inactive players will automatically lose when time's up. (requested by ScribbleScribble)\n|inactive|ScribbleScribble has 60 seconds left.\n|inactive|ChampionsmatchVGC has 60 seconds left.\n|\n|t:|1776237252\n|teamsize|p1|4\n|teamsize|p2|4\n|start\n|switch|p1a: Aerodactyl|Aerodactyl, L50, F|100/100\n|switch|p1b: Basculegion|Basculegion, L50, M|100/100\n|switch|p2a: Garchomp|Garchomp, L50, F|100/100\n|switch|p2b: Talonflame|Talonflame, L50, F|100/100\n|-ability|p1a: Aerodactyl|Unnerve\n|turn|1\n|\n|t:|1776237262\n|move|p2b: Talonflame|Tailwind|p2b: Talonflame\n|-sidestart|p2: ChampionsmatchVGC|move: Tailwind\n|move|p2a: Garchomp|Rock Slide|p1a: Aerodactyl|[spread] p1a,p1b\n|-supereffective|p1a: Aerodactyl|1\n|-damage|p1a: Aerodactyl|28/100\n|-damage|p1b: Basculegion|76/100\n|move|p1b: Basculegion|Wave Crash|p2b: Talonflame\n|-supereffective|p2b: Talonflame|1\n|-damage|p2b: Talonflame|0 fnt\n|faint|p2b: Talonflame\n|-damage|p1b: Basculegion|50/100|[from] Recoil\n|move|p1a: Aerodactyl|Tailwind|p1a: Aerodactyl\n|-sidestart|p1: ScribbleScribble|move: Tailwind\n|\n|upkeep\n|\n|t:|1776237285\n|switch|p2b: Floette|Floette-Eternal, L50, F|100/100\n|turn|2\n|j| grapplebeam\n|\n|t:|1776237309\n|detailschange|p2b: Floette|Floette-Mega, L50, F\n|-mega|p2b: Floette|Floette|Floettite\n|-ability|p2b: Floette|Fairy Aura\n|move|p2b: Floette|Protect|p2b: Floette\n|-singleturn|p2b: Floette|Protect\n|move|p1b: Basculegion|Wave Crash|p2b: Floette\n|-activate|p2b: Floette|move: Protect\n|move|p1a: Aerodactyl|Rock Slide|p2a: Garchomp|[spread] p2a\n|-activate|p2b: Floette|move: Protect\n|-resisted|p2a: Garchomp|1\n|-damage|p2a: Garchomp|90/100\n|move|p2a: Garchomp|Rock Slide|p1a: Aerodactyl|[spread] p1a,p1b\n|-supereffective|p1a: Aerodactyl|1\n|-damage|p1a: Aerodactyl|0 fnt\n|-damage|p1b: Basculegion|22/100\n|faint|p1a: Aerodactyl\n|\n|upkeep\n|\n|t:|1776237322\n|switch|p1a: Farigiraf|Farigiraf, L50, M|100/100\n|turn|3\n|\n|t:|1776237334\n|switch|p2b: Basculegion|Basculegion, L50, M|100/100\n|move|p1b: Basculegion|Wave Crash|p2b: Basculegion\n|-resisted|p2b: Basculegion|1\n|-damage|p2b: Basculegion|51/100\n|-damage|p1b: Basculegion|6/100|[from] Recoil\n|move|p2a: Garchomp|Stomping Tantrum|p1b: Basculegion\n|-damage|p1b: Basculegion|0 fnt\n|faint|p1b: Basculegion\n|move|p1a: Farigiraf|Hyper Voice|p2b: Basculegion|[spread] p2a\n|-immune|p2b: Basculegion\n|-damage|p2a: Garchomp|67/100\n|\n|upkeep\n|j| luckycrane\n|\n|t:|1776237338\n|switch|p1b: Kingambit|Kingambit, L50, F|100/100\n|turn|4\n|\n|t:|1776237351\n|move|p1b: Kingambit|Sucker Punch|p2b: Basculegion\n|-supereffective|p2b: Basculegion|1\n|-damage|p2b: Basculegion|0 fnt\n|faint|p2b: Basculegion\n|move|p2a: Garchomp|Earthquake|p1a: Farigiraf|[spread] p1a,p1b\n|-supereffective|p1b: Kingambit|1\n|-damage|p1a: Farigiraf|65/100\n|-damage|p1b: Kingambit|34/100\n|move|p1a: Farigiraf|Trick Room|p1a: Farigiraf\n|-fieldstart|move: Trick Room|[of] p1a: Farigiraf\n|\n|-sideend|p2: ChampionsmatchVGC|move: Tailwind\n|-sideend|p1: ScribbleScribble|move: Tailwind\n|upkeep\n|\n|t:|1776237354\n|switch|p2b: Floette|Floette-Mega, L50, F|100/100\n|-ability|p2b: Floette|Fairy Aura\n|turn|5\n|\n|t:|1776237376\n|move|p2a: Garchomp|Protect|p2a: Garchomp\n|-singleturn|p2a: Garchomp|Protect\n|move|p2b: Floette|Protect|p2b: Floette\n|-singleturn|p2b: Floette|Protect\n|move|p1b: Kingambit|Kowtow Cleave|p2a: Garchomp\n|-activate|p2a: Garchomp|move: Protect\n|move|p1a: Farigiraf|Hyper Voice|p2b: Floette|[spread] \n|-activate|p2a: Garchomp|move: Protect\n|-activate|p2b: Floette|move: Protect\n|\n|upkeep\n|turn|6\n|\n|t:|1776237391\n|move|p1b: Kingambit|Kowtow Cleave|p2a: Garchomp\n|-damage|p2a: Garchomp|13/100\n|-damage|p1b: Kingambit|21/100|[from] ability: Rough Skin|[of] p2a: Garchomp\n|-enditem|p2a: Garchomp|Sitrus Berry|[eat]\n|-heal|p2a: Garchomp|38/100|[from] item: Sitrus Berry\n|move|p1a: Farigiraf|Hyper Voice|p2a: Garchomp|[spread] p2a,p2b\n|-damage|p2a: Garchomp|9/100\n|-damage|p2b: Floette|75/100\n|move|p2a: Garchomp|Stomping Tantrum|p1b: Kingambit\n|-supereffective|p1b: Kingambit|1\n|-damage|p1b: Kingambit|0 fnt\n|faint|p1b: Kingambit\n|move|p2b: Floette|Dazzling Gleam|p1a: Farigiraf\n|-damage|p1a: Farigiraf|5/100\n|-enditem|p1a: Farigiraf|Sitrus Berry|[eat]\n|-heal|p1a: Farigiraf|30/100|[from] item: Sitrus Berry\n|\n|upkeep\n|turn|7\n|-message|ScribbleScribble forfeited.\n|\n|win|ChampionsmatchVGC\n|raw|ScribbleScribble's rating: 1659 &rarr; <strong>1640</strong><br />(-19 for losing)\n|raw|ChampionsmatchVGC's rating: 1670 &rarr; <strong>1689</strong><br />(+19 for winning)\n|l|\u2606ScribbleScribble\n|player|p1|\n|l| luckycrane\n|l|\u2606ChampionsmatchVGC\n|player|p2|\n",
  "uploadtime": 1776237433,
  "views": 343,
  "formatid": "gen9championsvgc2026regma",
  "rating": 1640,
  "private": 0,
  "password": null
}