{
  "id": "gen9championsvgc2026regma-2587729569",
  "format": "[Gen 9 Champions] VGC 2026 Reg M-A",
  "players": [
    "grimI0I",
    "Daiches"
  ],
  "log": "|j|\u2606grimI0I\n|j|\u2606Daiches\n|t:|1776558150\n|gametype|doubles\n|player|p1|grimI0I|steven|1107\n|player|p2|Daiches|102|1204\n|gen|9\n|tier|[Gen 9 Champions] VGC 2026 Reg M-A\n|rated|\n|rule|Species Clause: Limit one of each Pok\u00e9mon\n|rule|Item Clause: Limit 1 of each item\n|clearpoke\n|poke|p1|Gengar, L50, M|\n|poke|p1|Clefable, L50, M|\n|poke|p1|Dragonite, L50, F|\n|poke|p1|Incineroar, L50, F|\n|poke|p1|Palafin, L50, F|\n|poke|p1|Kingambit, L50, M|\n|poke|p2|Floette-Eternal, L50, F|\n|poke|p2|Whimsicott, L50, M|\n|poke|p2|Incineroar, L50, M|\n|poke|p2|Pelipper, L50, M|\n|poke|p2|Archaludon, L50, F|\n|poke|p2|Basculegion, L50, M|\n|teampreview|4\n|inactive|Battle timer is ON: inactive players will automatically lose when time's up. (requested by grimI0I)\ngrimI0I has agreed to open team sheets.\n|inactive|Daiches has 60 seconds left.\n|\n|t:|1776558198\n|teamsize|p1|4\n|teamsize|p2|4\n|start\n|switch|p1a: Palafin|Palafin, L50, F|100/100\n|switch|p1b: Clefable|Clefable, L50, M|100/100\n|switch|p2a: Whimsicott|Whimsicott, L50, M|100/100\n|switch|p2b: Archaludon|Archaludon, L50, F|100/100\n|turn|1\n|\n|t:|1776558208\n|move|p1b: Clefable|Follow Me|p1b: Clefable\n|-singleturn|p1b: Clefable|move: Follow Me\n|move|p2a: Whimsicott|Fake Tears|p1b: Clefable\n|-unboost|p1b: Clefable|spd|2\n|move|p1a: Palafin|Flip Turn|p2a: Whimsicott\n|-resisted|p2a: Whimsicott|1\n|-damage|p2a: Whimsicott|87/100\n|\n|t:|1776558214\n|detailschange|p1a: Palafin|Palafin-Hero, L50, F\n|switch|p1a: Dragonite|Dragonite, L50, F|100/100|[from] Flip Turn\n|move|p2b: Archaludon|Flash Cannon|p1b: Clefable\n|-supereffective|p1b: Clefable|1\n|-damage|p1b: Clefable|0 fnt\n|faint|p1b: Clefable\n|\n|upkeep\n|\n|t:|1776558218\n|switch|p1b: Palafin|Palafin-Hero, L50, F|100/100\n|-activate|p1b: Palafin|ability: Zero to Hero\n|turn|2\n|\n|t:|1776558227\n|move|p2b: Archaludon|Protect|p2b: Archaludon\n|-singleturn|p2b: Archaludon|Protect\n|move|p2a: Whimsicott|Tailwind|p2a: Whimsicott\n|-sidestart|p2: Daiches|move: Tailwind\n|move|p1b: Palafin|Close Combat|p2b: Archaludon\n|-activate|p2b: Archaludon|move: Protect\n|move|p1a: Dragonite|Hurricane|p2a: Whimsicott\n|-supereffective|p2a: Whimsicott|1\n|-damage|p2a: Whimsicott|0 fnt\n|faint|p2a: Whimsicott\n|\n|upkeep\n|\n|t:|1776558250\n|switch|p2a: Basculegion|Basculegion, L50, M|100/100\n|turn|3\n|\n|t:|1776558272\n|move|p2a: Basculegion|Last Respects|p1b: Palafin\n|-damage|p1b: Palafin|33/100\n|move|p2b: Archaludon|Draco Meteor|p1a: Dragonite|[miss]\n|-miss|p2b: Archaludon|p1a: Dragonite\n|move|p1b: Palafin|Close Combat|p2b: Archaludon\n|-supereffective|p2b: Archaludon|1\n|-damage|p2b: Archaludon|19/100\n|-unboost|p1b: Palafin|def|1\n|-unboost|p1b: Palafin|spd|1\n|move|p1a: Dragonite|Draco Meteor|p2a: Basculegion\n|-damage|p2a: Basculegion|30/100\n|-unboost|p1a: Dragonite|spa|2\n|\n|-heal|p2b: Archaludon|25/100|[from] item: Leftovers\n|upkeep\n|turn|4\n|\n|t:|1776558287\n|move|p2a: Basculegion|Last Respects|p1b: Palafin\n|-damage|p1b: Palafin|0 fnt\n|faint|p1b: Palafin\n|move|p2b: Archaludon|Draco Meteor|p1a: Dragonite\n|-supereffective|p1a: Dragonite|1\n|-damage|p1a: Dragonite|0 fnt\n|-unboost|p2b: Archaludon|spa|2\n|faint|p1a: Dragonite\n|\n|-heal|p2b: Archaludon|31/100|[from] item: Leftovers\n|upkeep\n|\n|t:|1776558290\n|switch|p1b: Gengar|Gengar, L50, M|100/100\n|turn|5\n|\n|t:|1776558303\n|move|p1b: Gengar|Protect|p1b: Gengar\n|-singleturn|p1b: Gengar|Protect\n|move|p2a: Basculegion|Last Respects|p1b: Gengar\n|-activate|p1b: Gengar|move: Protect\n|move|p2b: Archaludon|Flash Cannon|p1b: Gengar\n|-activate|p1b: Gengar|move: Protect\n|\n|-heal|p2b: Archaludon|37/100|[from] item: Leftovers\n|-sideend|p2: Daiches|move: Tailwind\n|upkeep\n|turn|6\n|\n|t:|1776558306\n|switch|p2a: Pelipper|Pelipper, L50, M|100/100\n|-weather|RainDance|[from] ability: Drizzle|[of] p2a: Pelipper\n|detailschange|p1b: Gengar|Gengar-Mega, L50, M\n|-mega|p1b: Gengar|Gengar|Gengarite\n|move|p2b: Archaludon|Protect|p2b: Archaludon\n|-singleturn|p2b: Archaludon|Protect\n|move|p1b: Gengar|Dazzling Gleam|p2a: Pelipper|[spread] p2a\n|-activate|p2b: Archaludon|move: Protect\n|-damage|p2a: Pelipper|52/100\n|\n|-weather|RainDance|[upkeep]\n|-heal|p2b: Archaludon|43/100|[from] item: Leftovers\n|upkeep\n|turn|7\n|\n|t:|1776558316\n|move|p1b: Gengar|Dazzling Gleam|p2b: Archaludon|[spread] p2a,p2b\n|-damage|p2a: Pelipper|4/100\n|-damage|p2b: Archaludon|13/100\n|move|p2b: Archaludon|Draco Meteor|p1b: Gengar\n|-damage|p1b: Gengar|58/100\n|-unboost|p2b: Archaludon|spa|2\n|move|p2a: Pelipper|Tailwind|p2a: Pelipper\n|-sidestart|p2: Daiches|move: Tailwind\n|\n|-weather|RainDance|[upkeep]\n|-heal|p2b: Archaludon|19/100|[from] item: Leftovers\n|upkeep\n|turn|8\n|\n|t:|1776558332\n|move|p1b: Gengar|Protect|p1b: Gengar\n|-singleturn|p1b: Gengar|Protect\n|move|p2b: Archaludon|Draco Meteor|p1b: Gengar\n|-activate|p1b: Gengar|move: Protect\n|move|p2a: Pelipper|Weather Ball|p1b: Gengar\n|-activate|p1b: Gengar|move: Protect\n|\n|-weather|RainDance|[upkeep]\n|-heal|p2b: Archaludon|25/100|[from] item: Leftovers\n|upkeep\n|turn|9\n|\n|t:|1776558339\n|move|p2b: Archaludon|Draco Meteor|p1b: Gengar\n|-damage|p1b: Gengar|31/100\n|-unboost|p2b: Archaludon|spa|2\n|move|p2a: Pelipper|Weather Ball|p1b: Gengar\n|-damage|p1b: Gengar|0 fnt\n|faint|p1b: Gengar\n|\n|win|Daiches\n|raw|grimI0I's rating: 1107 &rarr; <strong>1089</strong><br />(-18 for losing)\n|raw|Daiches's rating: 1204 &rarr; <strong>1222</strong><br />(+18 for winning)\n",
  "uploadtime": 1776558342,
  "views": 10,
  "formatid": "gen9championsvgc2026regma",
  "rating": 1089,
  "private": 0,
  "password": null
}