{
  "id": "gen9championsvgc2026regma-2586432958",
  "format": "[Gen 9 Champions] VGC 2026 Reg M-A",
  "players": [
    "Samubruni97",
    "kingcs2"
  ],
  "log": "|j|\u2606Samubruni97\n|j|\u2606kingcs2\n|t:|1776434333\n|gametype|doubles\n|player|p1|Samubruni97|red|1294\n|player|p2|kingcs2|psychicf|1194\n|gen|9\n|tier|[Gen 9 Champions] VGC 2026 Reg M-A\n|rated|\n|rule|Species Clause: Limit one of each Pok\u00e9mon\n|rule|Item Clause: Limit 1 of each item\n|clearpoke\n|poke|p1|Incineroar, L50, F|\n|poke|p1|Floette-Eternal, L50, F|\n|poke|p1|Dragapult, L50, M|\n|poke|p1|Corviknight, L50, F|\n|poke|p1|Garchomp, L50, M|\n|poke|p1|Rotom-Wash, L50|\n|poke|p2|Ampharos, L50, M|\n|poke|p2|Farigiraf, L50, F|\n|poke|p2|Hatterene, L50, F|\n|poke|p2|Kingambit, L50, M|\n|poke|p2|Mamoswine, L50, F|\n|poke|p2|Chesnaught, L50, M|\n|teampreview|4\n|inactive|Battle timer is ON: inactive players will automatically lose when time's up. (requested by Samubruni97)\n|inactive|Samubruni97 has 60 seconds left.\n|\n|t:|1776434371\n|teamsize|p1|4\n|teamsize|p2|4\n|start\n|switch|p1a: Corviknight|Corviknight, L50, F|100/100\n|switch|p1b: Rotom|Rotom-Wash, L50|100/100\n|switch|p2a: Farigiraf|Farigiraf, L50, F|100/100\n|switch|p2b: Ampharos|Ampharos, L50, M, shiny|100/100\n|turn|1\n|inactive|Samubruni97 has 30 seconds left.\n|inactive|kingcs2 has 30 seconds left.\n|\n|t:|1776434406\n|move|p2b: Ampharos|Protect|p2b: Ampharos\n|-singleturn|p2b: Ampharos|Protect\n|move|p1b: Rotom|Trick|p2a: Farigiraf\n|-activate|p1b: Rotom|move: Trick|[of] p2a: Farigiraf\n|-item|p2a: Farigiraf|Choice Scarf|[from] move: Trick\n|-item|p1b: Rotom|Mental Herb|[from] move: Trick\n|move|p1a: Corviknight|Iron Head|p2a: Farigiraf\n|-damage|p2a: Farigiraf|74/100\n|move|p2a: Farigiraf|Trick Room|p2a: Farigiraf\n|-fieldstart|move: Trick Room|[of] p2a: Farigiraf\n|\n|upkeep\n|turn|2\n|inactive|Samubruni97 has 30 seconds left.\n|\n|t:|1776434436\n|switch|p2a: Hatterene|Hatterene, L50, F, shiny|100/100\n|detailschange|p2b: Ampharos|Ampharos-Mega, L50, M, shiny\n|-mega|p2b: Ampharos|Ampharos|Ampharosite\n|-ability|p2b: Ampharos|Mold Breaker\n|move|p2b: Ampharos|Thunderbolt|p1a: Corviknight\n|-supereffective|p1a: Corviknight|1\n|-damage|p1a: Corviknight|0 fnt\n|faint|p1a: Corviknight\n|move|p1b: Rotom|Thunderbolt|p2a: Hatterene\n|-damage|p2a: Hatterene|53/100\n|\n|-heal|p2a: Hatterene|59/100|[from] item: Leftovers\n|upkeep\n|\n|t:|1776434450\n|switch|p1a: Floette|Floette-Eternal, L50, F|100/100\n|turn|3\n|\n|t:|1776434468\n|detailschange|p1a: Floette|Floette-Mega, L50, F\n|-mega|p1a: Floette|Floette|Floettite\n|-ability|p1a: Floette|Fairy Aura\n|move|p2a: Hatterene|Dazzling Gleam|p1a: Floette|[spread] p1a,p1b\n|-crit|p1a: Floette\n|-damage|p1a: Floette|51/100\n|-damage|p1b: Rotom|34/100\n|move|p2b: Ampharos|Thunderbolt|p1a: Floette\n|-damage|p1a: Floette|8/100\n|move|p1a: Floette|Dazzling Gleam|p2b: Ampharos|[spread] p2a,p2b\n|-supereffective|p2b: Ampharos|1\n|-damage|p2a: Hatterene|0 fnt\n|-damage|p2b: Ampharos|17/100\n|faint|p2a: Hatterene\n|move|p1b: Rotom|Thunderbolt|p2b: Ampharos\n|-resisted|p2b: Ampharos|2\n|-damage|p2b: Ampharos|8/100\n|\n|upkeep\n|\n|t:|1776434487\n|switch|p2a: Mamoswine|Mamoswine, L50, F|100/100\n|turn|4\n|\n|t:|1776434498\n|move|p2b: Ampharos|Thunderbolt|p1b: Rotom\n|-damage|p1b: Rotom|0 fnt\n|faint|p1b: Rotom\n|move|p2a: Mamoswine|Rock Slide|p1a: Floette\n|-damage|p1a: Floette|0 fnt\n|faint|p1a: Floette\n|\n|upkeep\n|\n|t:|1776434507\n|switch|p1b: Incineroar|Incineroar, L50, F, shiny|100/100\n|-ability|p1b: Incineroar|Intimidate|boost\n|-unboost|p2a: Mamoswine|atk|1\n|-unboost|p2b: Ampharos|atk|1\n|turn|5\n|\n|t:|1776434518\n|move|p2b: Ampharos|Thunderbolt|p1b: Incineroar\n|-damage|p1b: Incineroar|50/100\n|move|p1b: Incineroar|Flare Blitz|p2a: Mamoswine\n|-supereffective|p2a: Mamoswine|1\n|-damage|p2a: Mamoswine|53/100\n|-damage|p1b: Incineroar|33/100|[from] Recoil\n|move|p2a: Mamoswine|High Horsepower|p1b: Incineroar\n|-supereffective|p1b: Incineroar|1\n|-damage|p1b: Incineroar|0 fnt\n|faint|p1b: Incineroar\n|\n|win|kingcs2\n|raw|Samubruni97's rating: 1294 &rarr; <strong>1262</strong><br />(-32 for losing)\n|raw|kingcs2's rating: 1194 &rarr; <strong>1226</strong><br />(+32 for winning)\n|l|\u2606Samubruni97\n|player|p1|\n",
  "uploadtime": 1776434533,
  "views": 33,
  "formatid": "gen9championsvgc2026regma",
  "rating": 1226,
  "private": 0,
  "password": null
}