{
  "id": "gen9championsvgc2026regma-2588816775",
  "format": "[Gen 9 Champions] VGC 2026 Reg M-A",
  "players": [
    "ElgyemEmperess",
    "Mask4M"
  ],
  "log": "|j|\u2606ElgyemEmperess\n|j|\u2606Mask4M\n|t:|1776674437\n|gametype|doubles\n|player|p1|ElgyemEmperess|karen|1174\n|player|p2|Mask4M|169|1234\n|gen|9\n|tier|[Gen 9 Champions] VGC 2026 Reg M-A\n|rated|\n|rule|Species Clause: Limit one of each Pok\u00e9mon\n|rule|Item Clause: Limit 1 of each item\n|clearpoke\n|poke|p1|Slowking, L50, M|\n|poke|p1|Crabominable, L50, M|\n|poke|p1|Incineroar, L50, F|\n|poke|p1|Aegislash, L50, M|\n|poke|p1|Sinistcha-Masterpiece, L50|\n|poke|p1|Drampa, L50, M|\n|poke|p2|Glimmora, L50, F|\n|poke|p2|Hydreigon, L50, M|\n|poke|p2|Sneasler, L50, M|\n|poke|p2|Incineroar, L50, F|\n|poke|p2|Whimsicott, L50, F|\n|poke|p2|Rotom-Wash, L50|\n|teampreview|4\n|inactive|Battle timer is ON: inactive players will automatically lose when time's up. (requested by Mask4M)\n|c|\u2606ElgyemEmperess|glhf!\n|inactive|Mask4M has 60 seconds left.\n|inactive|Mask4M has 30 seconds left.\n|inactive|Mask4M has 20 seconds left.\n|inactive|Mask4M has 15 seconds left.\n|inactive|Mask4M has 10 seconds left.\n|inactive|Mask4M has 5 seconds left.\n|\n|t:|1776674528\n|teamsize|p1|4\n|teamsize|p2|4\n|start\n|switch|p1a: Slowking|Slowking, L50, M|100/100\n|switch|p1b: Sinistcha|Sinistcha-Masterpiece, L50|100/100\n|switch|p2a: Glimmora|Glimmora, L50, F|100/100\n|switch|p2b: Hydreigon|Hydreigon, L50, M|100/100\n|turn|1\n|inactive|Mask4M has 30 seconds left.\n|inactive|Mask4M has 20 seconds left.\n|inactive|Mask4M has 15 seconds left.\n|inactive|Mask4M has 10 seconds left.\n|inactive|Mask4M has 5 seconds left.\n|\n|t:|1776674583\n|move|p2a: Glimmora|Sludge Bomb|p1b: Sinistcha\n|-damage|p1b: Sinistcha|52/100\n|-status|p1b: Sinistcha|psn\n|move|p2b: Hydreigon|Draco Meteor|p1a: Slowking\n|-damage|p1a: Slowking|57/100\n|-unboost|p2b: Hydreigon|spa|2\n|-prepare|p1a: Slowking|Chilly Reception|[premajor]\n|move|p1a: Slowking|Chilly Reception|p1a: Slowking\n|-weather|Snowscape\n|\n|t:|1776674596\n|switch|p1a: Crabominable|Crabominable, L50, M|100/100|[from] Chilly Reception\n|move|p1b: Sinistcha|Trick Room|p1b: Sinistcha\n|-fieldstart|move: Trick Room|[of] p1b: Sinistcha\n|\n|-weather|Snowscape|[upkeep]\n|-damage|p1b: Sinistcha|39/100 psn|[from] psn\n|upkeep\n|turn|2\n|inactive|Mask4M has 30 seconds left.\n|inactive|Mask4M has 20 seconds left.\n|inactive|Mask4M has 15 seconds left.\n|inactive|Mask4M has 10 seconds left.\n|inactive|Mask4M has 5 seconds left.\n|\n|t:|1776674651\n|detailschange|p1a: Crabominable|Crabominable-Mega, L50, M\n|-mega|p1a: Crabominable|Crabominable|Crabominite\n|move|p1a: Crabominable|Drain Punch|p2a: Glimmora\n|-damage|p2a: Glimmora|25/100\n|-activate|p2a: Glimmora|ability: Toxic Debris\n|-sidestart|p1: ElgyemEmperess|move: Toxic Spikes\n|move|p1b: Sinistcha|Matcha Gotcha|p2a: Glimmora|[spread] p2a\n|-miss|p1b: Sinistcha|p2b: Hydreigon\n|-damage|p2a: Glimmora|0 fnt\n|-heal|p1b: Sinistcha|50/100 psn|[from] drain|[of] p2a: Glimmora\n|faint|p2a: Glimmora\n|move|p2b: Hydreigon|Draco Meteor|p1a: Crabominable\n|-damage|p1a: Crabominable|72/100\n|-unboost|p2b: Hydreigon|spa|2\n|\n|-weather|Snowscape|[upkeep]\n|-damage|p1b: Sinistcha|38/100 psn|[from] psn\n|upkeep\n|inactive|Mask4M has 30 seconds left.\n|\n|t:|1776674681\n|switch|p2a: Incineroar|Incineroar, L50, F|100/100\n|-ability|p2a: Incineroar|Intimidate|boost\n|-unboost|p1a: Crabominable|atk|1\n|-unboost|p1b: Sinistcha|atk|1\n|turn|3\n|inactive|ElgyemEmperess has 30 seconds left.\n|\n|t:|1776674709\n|move|p2a: Incineroar|Fake Out|p1a: Crabominable\n|-damage|p1a: Crabominable|66/100\n|cant|p1a: Crabominable|flinch\n|move|p1b: Sinistcha|Matcha Gotcha|p2a: Incineroar|[spread] p2a,p2b\n|-resisted|p2a: Incineroar|1\n|-resisted|p2b: Hydreigon|1\n|-damage|p2a: Incineroar|85/100\n|-heal|p1b: Sinistcha|47/100 psn|[from] drain|[of] p2a: Incineroar\n|-damage|p2b: Hydreigon|85/100\n|-heal|p1b: Sinistcha|55/100 psn|[from] drain|[of] p2b: Hydreigon\n|move|p2b: Hydreigon|Dark Pulse|p1b: Sinistcha\n|-supereffective|p1b: Sinistcha|1\n|-enditem|p1b: Sinistcha|Colbur Berry|[eat]\n|-enditem|p1b: Sinistcha|Colbur Berry|[weaken]\n|-damage|p1b: Sinistcha|38/100 psn\n|\n|-weather|Snowscape|[upkeep]\n|-damage|p1b: Sinistcha|26/100 psn|[from] psn\n|upkeep\n|turn|4\n|inactive|Mask4M has 30 seconds left.\n|\n|t:|1776674739\n|switch|p2a: Sneasler|Sneasler, L50, M|100/100\n|move|p2b: Hydreigon|Protect|p2b: Hydreigon\n|-singleturn|p2b: Hydreigon|Protect\n|move|p1a: Crabominable|Drain Punch|p2b: Hydreigon\n|-activate|p2b: Hydreigon|move: Protect\n|move|p1b: Sinistcha|Matcha Gotcha|p2b: Hydreigon|[spread] p2a\n|-activate|p2b: Hydreigon|move: Protect\n|-resisted|p2a: Sneasler|1\n|-damage|p2a: Sneasler|80/100\n|-heal|p1b: Sinistcha|35/100 psn|[from] drain|[of] p2a: Sneasler\n|-status|p2a: Sneasler|brn\n|\n|-weather|Snowscape|[upkeep]\n|-damage|p1b: Sinistcha|22/100 psn|[from] psn\n|-damage|p2a: Sneasler|74/100 brn|[from] brn\n|upkeep\n|turn|5\n|inactive|Mask4M has 30 seconds left.\n|\n|t:|1776674771\n|switch|p2b: Incineroar|Incineroar, L50, F|85/100\n|-ability|p2b: Incineroar|Intimidate|boost\n|-unboost|p1a: Crabominable|atk|1\n|-unboost|p1b: Sinistcha|atk|1\n|move|p2a: Sneasler|Fake Out|p1a: Crabominable\n|-damage|p1a: Crabominable|62/100\n|cant|p1a: Crabominable|flinch\n|move|p1b: Sinistcha|Matcha Gotcha|p2a: Sneasler|[spread] p2a,p2b\n|-resisted|p2a: Sneasler|1\n|-resisted|p2b: Incineroar|1\n|-damage|p2a: Sneasler|53/100 brn\n|-heal|p1b: Sinistcha|32/100 psn|[from] drain|[of] p2a: Sneasler\n|-damage|p2b: Incineroar|72/100\n|-heal|p1b: Sinistcha|40/100 psn|[from] drain|[of] p2b: Incineroar\n|\n|-weather|none\n|-damage|p1b: Sinistcha|27/100 psn|[from] psn\n|-damage|p2a: Sneasler|47/100 brn|[from] brn\n|-fieldend|move: Trick Room\n|upkeep\n|turn|6\n|inactive|Mask4M has 30 seconds left.\n|\n|t:|1776674804\n|switch|p1a: Aegislash|Aegislash, L50, M|100/100\n|move|p2b: Incineroar|Fake Out|p1a: Aegislash\n|-immune|p1a: Aegislash\n|move|p2a: Sneasler|Dire Claw|p1b: Sinistcha\n|-crit|p1b: Sinistcha\n|-damage|p1b: Sinistcha|0 fnt\n|-fail|p1b: Sinistcha|psn\n|faint|p1b: Sinistcha\n|\n|-damage|p2a: Sneasler|41/100 brn|[from] brn\n|upkeep\n|\n|t:|1776674815\n|switch|p1b: Crabominable|Crabominable-Mega, L50, M|62/100\n|-status|p1b: Crabominable|psn\n|turn|7\n|inactive|Mask4M has 30 seconds left.\n|inactive|Mask4M has 20 seconds left.\n|\n|t:|1776674850\n|move|p2a: Sneasler|Close Combat|p1b: Crabominable\n|-supereffective|p1b: Crabominable|1\n|-damage|p1b: Crabominable|9/100 psn\n|-unboost|p2a: Sneasler|def|1\n|-unboost|p2a: Sneasler|spd|1\n|-enditem|p2a: Sneasler|White Herb\n|-clearnegativeboost|p2a: Sneasler|[silent]\n|-formechange|p1a: Aegislash|Aegislash-Blade|\n|move|p1a: Aegislash|Sacred Sword|p2a: Sneasler\n|-resisted|p2a: Sneasler|1\n|-damage|p2a: Sneasler|11/100 brn\n|move|p2b: Incineroar|Parting Shot|p1a: Aegislash\n|-unboost|p1a: Aegislash|atk|1\n|-unboost|p1a: Aegislash|spa|1\n|c|\u2606ElgyemEmperess|HE LIVES THAT!?\n|\n|t:|1776674868\n|switch|p2b: Hydreigon|Hydreigon, L50, M|85/100|[from] Parting Shot\n|move|p1b: Crabominable|Rock Slide|p2b: Hydreigon|[spread] p2b\n|-miss|p1b: Crabominable|p2a: Sneasler\n|-crit|p2b: Hydreigon\n|-damage|p2b: Hydreigon|52/100\n|\n|-damage|p1b: Crabominable|0 fnt|[from] psn\n|faint|p1b: Crabominable\n|-damage|p2a: Sneasler|5/100 brn|[from] brn\n|upkeep\n|\n|t:|1776674878\n|switch|p1b: Slowking|Slowking, L50, M|57/100\n|-status|p1b: Slowking|psn\n|turn|8\n|\n|t:|1776674893\n|move|p2b: Hydreigon|Protect|p2b: Hydreigon\n|-singleturn|p2b: Hydreigon|Protect\n|move|p1a: Aegislash|Shadow Sneak|p2a: Sneasler\n|-damage|p2a: Sneasler|0 fnt\n|faint|p2a: Sneasler\n|move|p1b: Slowking|Blizzard|p2b: Hydreigon\n|-activate|p2b: Hydreigon|move: Protect\n|\n|-heal|p1b: Slowking|63/100 psn|[from] item: Leftovers\n|-damage|p1b: Slowking|50/100 psn|[from] psn\n|upkeep\n|\n|t:|1776674905\n|switch|p2a: Incineroar|Incineroar, L50, F|72/100\n|-ability|p2a: Incineroar|Intimidate|boost\n|-unboost|p1a: Aegislash|atk|1\n|-fail|p1b: Slowking|unboost|Attack|[from] ability: Oblivious|[of] p1b: Slowking\n|turn|9\n|inactive|ElgyemEmperess has 30 seconds left.\n|\n|t:|1776674932\n|move|p2a: Incineroar|Fake Out|p1b: Slowking\n|-damage|p1b: Slowking|40/100 psn\n|move|p2b: Hydreigon|Dark Pulse|p1a: Aegislash\n|-supereffective|p1a: Aegislash|1\n|-damage|p1a: Aegislash|0 fnt\n|faint|p1a: Aegislash\n|cant|p1b: Slowking|flinch\n|\n|-heal|p1b: Slowking|46/100 psn|[from] item: Leftovers\n|-damage|p1b: Slowking|33/100 psn|[from] psn\n|upkeep\n|turn|10\n|c|\u2606ElgyemEmperess|GG\n|\n|t:|1776674947\n|move|p2b: Hydreigon|Dark Pulse|p1b: Slowking\n|-supereffective|p1b: Slowking|1\n|-damage|p1b: Slowking|0 fnt\n|faint|p1b: Slowking\n|\n|win|Mask4M\n|raw|ElgyemEmperess's rating: 1174 &rarr; <strong>1153</strong><br />(-21 for losing)\n|raw|Mask4M's rating: 1234 &rarr; <strong>1255</strong><br />(+21 for winning)\n|l|\u2606ElgyemEmperess\n|player|p1|\n|l|\u2606Mask4M\n|player|p2|\n|j|\u2606Mask4M\n|player|p2|Mask4M|169|\n",
  "uploadtime": 1776675037,
  "views": 10,
  "formatid": "gen9championsvgc2026regma",
  "rating": 1153,
  "private": 0,
  "password": null
}