{
  "id": "gen9championsvgc2026regma-2587576579",
  "format": "[Gen 9 Champions] VGC 2026 Reg M-A",
  "players": [
    "skidog",
    "funkmeisterd"
  ],
  "log": "|j|\u2606skidog\n|j|\u2606funkmeisterd\n|t:|1776543734\n|gametype|doubles\n|player|p1|skidog|2|1165\n|player|p2|funkmeisterd|artist-gen4|1065\n|gen|9\n|tier|[Gen 9 Champions] VGC 2026 Reg M-A\n|rated|\n|rule|Species Clause: Limit one of each Pok\u00e9mon\n|rule|Item Clause: Limit 1 of each item\n|clearpoke\n|poke|p1|Floette-Eternal, L50, F|\n|poke|p1|Garchomp, L50, F|\n|poke|p1|Kingambit, L50, F|\n|poke|p1|Basculegion, L50, M|\n|poke|p1|Sneasler, L50, M|\n|poke|p1|Froslass, L50, F|\n|poke|p2|Beedrill, L50, F|\n|poke|p2|Rotom-Wash, L50|\n|poke|p2|Cofagrigus, L50, F|\n|poke|p2|Talonflame, L50, F|\n|poke|p2|Golurk, L50|\n|poke|p2|Incineroar, L50, M|\n|teampreview|4\n|inactive|Battle timer is ON: inactive players will automatically lose when time's up. (requested by funkmeisterd)\n|inactive|skidog has 60 seconds left.\n|\n|t:|1776543779\n|teamsize|p1|4\n|teamsize|p2|4\n|start\n|switch|p1a: Floette|Floette-Eternal, L50, F|100/100\n|switch|p1b: Basculegion|Basculegion, L50, M|100/100\n|switch|p2a: Cofagrigus|Cofagrigus, L50, F|100/100\n|switch|p2b: Beedrill|Beedrill, L50, F|100/100\n|turn|1\n|inactive|skidog has 30 seconds left.\n|\n|t:|1776543807\n|detailschange|p1a: Floette|Floette-Mega, L50, F\n|-mega|p1a: Floette|Floette|Floettite\n|-ability|p1a: Floette|Fairy Aura\n|detailschange|p2b: Beedrill|Beedrill-Mega, L50, F\n|-mega|p2b: Beedrill|Beedrill|Beedrillite\n|move|p2b: Beedrill|Poison Jab|p1a: Floette\n|-supereffective|p1a: Floette|1\n|-damage|p1a: Floette|0 fnt\n|faint|p1a: Floette\n|move|p1b: Basculegion|Wave Crash|p2b: Beedrill\n|-damage|p2b: Beedrill|0 fnt\n|faint|p2b: Beedrill\n|-damage|p1b: Basculegion|79/100|[from] Recoil\n|move|p2a: Cofagrigus|Will-O-Wisp|p1b: Basculegion|[miss]\n|-miss|p2a: Cofagrigus|p1b: Basculegion\n|\n|upkeep\n|\n|t:|1776543828\n|switch|p2b: Rotom|Rotom-Wash, L50|100/100\n|switch|p1a: Garchomp|Garchomp, L50, F|100/100\n|turn|2\n|\n|t:|1776543842\n|move|p1a: Garchomp|Rock Slide|p2a: Cofagrigus|[spread] p2a,p2b\n|-damage|p2a: Cofagrigus|85/100\n|-damage|p2b: Rotom|82/100\n|move|p2b: Rotom|Volt Switch|p1b: Basculegion\n|-supereffective|p1b: Basculegion|1\n|-damage|p1b: Basculegion|11/100\n|-enditem|p1b: Basculegion|Sitrus Berry|[eat]\n|-heal|p1b: Basculegion|36/100|[from] item: Sitrus Berry\n|\n|t:|1776543851\n|switch|p2b: Golurk|Golurk, L50|100/100|[from] Volt Switch\n|move|p1b: Basculegion|Wave Crash|p2a: Cofagrigus\n|-damage|p2a: Cofagrigus|22/100\n|-activate|p2a: Cofagrigus|ability: Mummy|p1b: Basculegion|[ability] Adaptability\n|-damage|p1b: Basculegion|20/100|[from] Recoil\n|move|p2a: Cofagrigus|Trick Room|p2a: Cofagrigus\n|-fieldstart|move: Trick Room|[of] p2a: Cofagrigus\n|\n|-heal|p2a: Cofagrigus|28/100|[from] item: Leftovers\n|upkeep\n|turn|3\n|inactive|funkmeisterd has 30 seconds left.\n|\n|t:|1776543879\n|move|p1b: Basculegion|Protect|p1b: Basculegion\n|-singleturn|p1b: Basculegion|Protect\n|move|p2a: Cofagrigus|Will-O-Wisp|p1a: Garchomp\n|-status|p1a: Garchomp|brn\n|move|p2b: Golurk|Heavy Slam|p1b: Basculegion\n|-activate|p1b: Basculegion|move: Protect\n|move|p1a: Garchomp|Earthquake|p2b: Golurk|[spread] p2a,p2b\n|-activate|p1b: Basculegion|move: Protect\n|-damage|p2a: Cofagrigus|15/100\n|-damage|p2b: Golurk|79/100\n|\n|-heal|p2a: Cofagrigus|21/100|[from] item: Leftovers\n|-damage|p1a: Garchomp|94/100 brn|[from] brn\n|upkeep\n|turn|4\n|inactive|skidog has 30 seconds left.\n|inactive|funkmeisterd has 30 seconds left.\n|\n|t:|1776543906\n|switch|p1b: Sneasler|Sneasler, L50, M|100/100\n|move|p2a: Cofagrigus|Shadow Ball|p1b: Sneasler\n|-damage|p1b: Sneasler|61/100\n|move|p2b: Golurk|Poltergeist|p1a: Garchomp\n|-activate|p1a: Garchomp|move: Poltergeist|Haban Berry\n|-damage|p1a: Garchomp|41/100 brn\n|move|p1a: Garchomp|Dragon Claw|p2a: Cofagrigus\n|-damage|p2a: Cofagrigus|5/100\n|-activate|p2a: Cofagrigus|ability: Mummy|p1a: Garchomp|[ability] Rough Skin\n|\n|-heal|p2a: Cofagrigus|11/100|[from] item: Leftovers\n|-damage|p1a: Garchomp|35/100 brn|[from] brn\n|upkeep\n|turn|5\n|inactive|skidog has 30 seconds left.\n|inactive|funkmeisterd has 30 seconds left.\n|\n|t:|1776543939\n|move|p2a: Cofagrigus|Shadow Ball|p1a: Garchomp\n|-damage|p1a: Garchomp|12/100 brn\n|move|p2b: Golurk|Poltergeist|p1b: Sneasler\n|-activate|p1b: Sneasler|move: Poltergeist|Focus Sash\n|-damage|p1b: Sneasler|0 fnt\n|faint|p1b: Sneasler\n|move|p1a: Garchomp|Dragon Claw|p2a: Cofagrigus\n|-damage|p2a: Cofagrigus|0 fnt\n|faint|p2a: Cofagrigus\n|\n|-damage|p1a: Garchomp|6/100 brn|[from] brn\n|upkeep\n|\n|t:|1776543953\n|switch|p2a: Rotom|Rotom-Wash, L50|82/100\n|switch|p1b: Basculegion|Basculegion, L50, M|20/100\n|turn|6\n|\n|t:|1776543973\n|move|p1b: Basculegion|Protect|p1b: Basculegion\n|-singleturn|p1b: Basculegion|Protect\n|move|p2b: Golurk|Heavy Slam|p1a: Garchomp\n|-damage|p1a: Garchomp|0 fnt\n|-activate|p1a: Garchomp|ability: Mummy|p2b: Golurk|[ability] No Guard\n|faint|p1a: Garchomp\n|move|p2a: Rotom|Thunderbolt|p1b: Basculegion\n|-activate|p1b: Basculegion|move: Protect\n|\n|-fieldend|move: Trick Room\n|upkeep\n|turn|7\n|\n|t:|1776543994\n|move|p2b: Golurk|Protect|p2b: Golurk\n|-singleturn|p2b: Golurk|Protect\n|move|p2a: Rotom|Thunderbolt|p1b: Basculegion\n|-supereffective|p1b: Basculegion|1\n|-damage|p1b: Basculegion|0 fnt\n|faint|p1b: Basculegion\n|\n|win|funkmeisterd\n|raw|skidog's rating: 1165 &rarr; <strong>1133</strong><br />(-32 for losing)\n|raw|funkmeisterd's rating: 1065 &rarr; <strong>1104</strong><br />(+39 for winning)\n|l|\u2606skidog\n|player|p1|\n",
  "uploadtime": 1776544003,
  "views": 24,
  "formatid": "gen9championsvgc2026regma",
  "rating": 1104,
  "private": 0,
  "password": null
}