{
  "id": "gen9championsvgc2026regma-2581370543",
  "format": "[Gen 9 Champions] VGC 2026 Reg M-A",
  "players": [
    "dark king_5",
    "vikijeane"
  ],
  "log": "|j|\u2606dark king_5\n|j|\u2606vikijeane\n|t:|1775992863\n|gametype|doubles\n|player|p1|dark king_5|101|1021\n|player|p2|vikijeane|2|1070\n|gen|9\n|tier|[Gen 9 Champions] VGC 2026 Reg M-A\n|rated|\n|rule|Species Clause: Limit one of each Pok\u00e9mon\n|rule|Item Clause: Limit 1 of each item\n|clearpoke\n|poke|p1|Ninetales-Alola, L50, M|\n|poke|p1|Raichu-Alola, L50, M|\n|poke|p1|Slowbro-Galar, L50, F|\n|poke|p1|Feraligatr, L50, M|\n|poke|p1|Meganium, L50, F|\n|poke|p1|Zoroark-Hisui, L50, F|\n|poke|p2|Clefable, L50, M|\n|poke|p2|Alcremie, L50, F|\n|poke|p2|Ninetales-Alola, L50, M|\n|poke|p2|Sinistcha, L50|\n|poke|p2|Garchomp, L50, M|\n|poke|p2|Chimecho, L50, M|\n|teampreview|4\n|\n|t:|1775992913\n|teamsize|p1|4\n|teamsize|p2|4\n|start\n|switch|p1a: Meganium|Meganium, L50, F|100/100\n|switch|p1b: Slowbro|Slowbro-Galar, L50, F|100/100\n|switch|p2a: Clefable|Clefable, L50, M|100/100\n|switch|p2b: Alcremie|Alcremie, L50, F|100/100\n|turn|1\n|\n|t:|1775992930\n|switch|p1a: Raichu|Raichu-Alola, L50, M|100/100\n|detailschange|p2a: Clefable|Clefable-Mega, L50, M\n|-mega|p2a: Clefable|Clefable|Clefablite\n|move|p2a: Clefable|Cosmic Power|p2a: Clefable\n|-boost|p2a: Clefable|def|1\n|-boost|p2a: Clefable|spd|1\n|move|p2b: Alcremie|Decorate|p2a: Clefable\n|-boost|p2a: Clefable|atk|2\n|-boost|p2a: Clefable|spa|2\n|move|p1b: Slowbro|Trick Room|p1b: Slowbro\n|-fieldstart|move: Trick Room|[of] p1b: Slowbro\n|\n|upkeep\n|turn|2\n|\n|t:|1775992966\n|move|p2b: Alcremie|Helping Hand|p2a: Clefable\n|-singleturn|p2a: Clefable|Helping Hand|[of] p2b: Alcremie\n|move|p1a: Raichu|Fake Out|p2a: Clefable\n|-damage|p2a: Clefable|96/100\n|move|p1b: Slowbro|Shell Side Arm|p2b: Alcremie|[anim] Shell Side Arm Physical\n|-supereffective|p2b: Alcremie|1\n|-damage|p2b: Alcremie|40/100\n|-hint|Physical Shell Side Arm\n|cant|p2a: Clefable|flinch\n|\n|upkeep\n|turn|3\n|-activate|p1b: Slowbro|ability: Quick Draw\n|\n|t:|1775992978\n|switch|p2b: Sinistcha|Sinistcha, L50|100/100\n|-heal|p2a: Clefable|100/100|[from] ability: Hospitality|[of] p2b: Sinistcha\n|move|p1b: Slowbro|Shell Side Arm|p2a: Clefable|[anim] Shell Side Arm Physical\n|-supereffective|p2a: Clefable|1\n|-damage|p2a: Clefable|73/100\n|-hint|Physical Shell Side Arm\n|move|p2a: Clefable|Stored Power|p1b: Slowbro\n|-damage|p1b: Slowbro|28/100\n|move|p1a: Raichu|Thunderbolt|p2a: Clefable\n|-supereffective|p2a: Clefable|1\n|-damage|p2a: Clefable|28/100\n|\n|-heal|p1b: Slowbro|34/100|[from] item: Leftovers\n|upkeep\n|turn|4\n|\n|t:|1775993002\n|move|p1b: Slowbro|Protect|p1b: Slowbro\n|-singleturn|p1b: Slowbro|Protect\n|move|p2b: Sinistcha|Rage Powder|p2b: Sinistcha\n|-singleturn|p2b: Sinistcha|move: Rage Powder\n|move|p2a: Clefable|Moonlight|p2a: Clefable\n|-heal|p2a: Clefable|78/100\n|move|p1a: Raichu|Volt Switch|p2b: Sinistcha\n|-resisted|p2b: Sinistcha|1\n|-damage|p2b: Sinistcha|84/100\n|\n|t:|1775993019\n|switch|p1a: Meganium|Meganium, L50, F|100/100|[from] Volt Switch\n|\n|-heal|p1b: Slowbro|40/100|[from] item: Leftovers\n|-heal|p2b: Sinistcha|90/100|[from] item: Leftovers\n|upkeep\n|turn|5\n|\n|t:|1775993038\n|move|p1b: Slowbro|Slack Off|p1b: Slowbro\n|-heal|p1b: Slowbro|90/100\n|move|p2a: Clefable|Cosmic Power|p2a: Clefable\n|-boost|p2a: Clefable|def|1\n|-boost|p2a: Clefable|spd|1\n|move|p1a: Meganium|Flamethrower|p2b: Sinistcha\n|-supereffective|p2b: Sinistcha|1\n|-damage|p2b: Sinistcha|38/100\n|move|p2b: Sinistcha|Trick Room|p2b: Sinistcha\n|-fieldend|move: Trick Room\n|\n|-heal|p2b: Sinistcha|44/100|[from] item: Leftovers\n|-heal|p1b: Slowbro|96/100|[from] item: Leftovers\n|upkeep\n|turn|6\n|\n|t:|1775993061\n|switch|p2b: Ninetales|Ninetales-Alola, L50, M|100/100\n|-weather|Snowscape|[from] ability: Snow Warning|[of] p2b: Ninetales\n|move|p1b: Slowbro|Protect|p1b: Slowbro\n|-singleturn|p1b: Slowbro|Protect\n|move|p1a: Meganium|Flamethrower|p2a: Clefable\n|-damage|p2a: Clefable|67/100\n|move|p2a: Clefable|Stored Power|p1b: Slowbro\n|-activate|p1b: Slowbro|move: Protect\n|\n|-weather|Snowscape|[upkeep]\n|-heal|p1b: Slowbro|100/100|[from] item: Leftovers\n|upkeep\n|turn|7\n|\n|t:|1775993081\n|move|p1a: Meganium|Hyper Voice|p2a: Clefable|[spread] p2a,p2b\n|-damage|p2a: Clefable|54/100\n|-damage|p2b: Ninetales|58/100\n|move|p2b: Ninetales|Aurora Veil|p2b: Ninetales\n|-sidestart|p2: vikijeane|move: Aurora Veil\n|move|p2a: Clefable|Stored Power|p1b: Slowbro\n|-damage|p1b: Slowbro|7/100\n|move|p1b: Slowbro|Shell Side Arm|p2a: Clefable|[anim] Shell Side Arm Physical\n|-supereffective|p2a: Clefable|1\n|-crit|p2a: Clefable\n|-damage|p2a: Clefable|0 fnt\n|-hint|Physical Shell Side Arm\n|faint|p2a: Clefable\n|\n|-weather|Snowscape|[upkeep]\n|-heal|p1b: Slowbro|13/100|[from] item: Leftovers\n|upkeep\n|\n|t:|1775993096\n|switch|p2a: Sinistcha|Sinistcha, L50|44/100\n|-heal|p2b: Ninetales|82/100|[from] ability: Hospitality|[of] p2a: Sinistcha\n|turn|8\n|\n|t:|1775993124\n|switch|p2a: Alcremie|Alcremie, L50, F|40/100\n|move|p1b: Slowbro|Protect|p1b: Slowbro\n|-singleturn|p1b: Slowbro|Protect\n|move|p1a: Meganium|Shadow Ball|p2a: Alcremie\n|-damage|p2a: Alcremie|18/100\n|move|p2b: Ninetales|Blizzard|p1b: Slowbro|[spread] p1a\n|-activate|p1b: Slowbro|move: Protect\n|-damage|p1a: Meganium|24/100\n|replace|p1a: Zoroark|Zoroark-Hisui, L50, F\n|-end|p1a: Zoroark|Illusion\n|\n|-weather|Snowscape|[upkeep]\n|-heal|p1b: Slowbro|19/100|[from] item: Leftovers\n|upkeep\n|turn|9\n|\n|t:|1775993150\n|move|p1a: Zoroark|Hyper Voice|p2b: Ninetales|[spread] p2a,p2b\n|-damage|p2a: Alcremie|0 fnt\n|-damage|p2b: Ninetales|55/100\n|faint|p2a: Alcremie\n|move|p2b: Ninetales|Blizzard|p1b: Slowbro|[spread] p1a,p1b\n|-damage|p1a: Zoroark|0 fnt\n|-damage|p1b: Slowbro|0 fnt\n|faint|p1a: Zoroark\n|faint|p1b: Slowbro\n|\n|-weather|Snowscape|[upkeep]\n|upkeep\n|\n|t:|1775993159\n|switch|p1a: Raichu|Raichu-Alola, L50, M|100/100\n|switch|p2a: Sinistcha|Sinistcha, L50|44/100\n|switch|p1b: Meganium|Meganium, L50, F|100/100\n|-heal|p2b: Ninetales|80/100|[from] ability: Hospitality|[of] p2a: Sinistcha\n|turn|10\n|\n|t:|1775993182\n|detailschange|p1b: Meganium|Meganium-Mega, L50, F\n|-mega|p1b: Meganium|Meganium|Meganiumite\n|move|p1a: Raichu|Fake Out|p2b: Ninetales\n|-damage|p2b: Ninetales|74/100\n|move|p2a: Sinistcha|Rage Powder|p2a: Sinistcha\n|-singleturn|p2a: Sinistcha|move: Rage Powder\n|cant|p2b: Ninetales|flinch\n|move|p1b: Meganium|Solar Beam||[still]\n|-prepare|p1b: Meganium|Solar Beam\n|-activate|p1b: Meganium|ability: Mega Sol\n|-anim|p1b: Meganium|Solar Beam|p2b: Ninetales\n|-damage|p2b: Ninetales|10/100\n|\n|-weather|none\n|-heal|p2a: Sinistcha|50/100|[from] item: Leftovers\n|upkeep\n|turn|11\n|\n|t:|1775993209\n|move|p2b: Ninetales|Blizzard|p1b: Meganium|[spread] p1a,p1b\n|-supereffective|p1b: Meganium|1\n|-damage|p1a: Raichu|56/100\n|-damage|p1b: Meganium|38/100\n|move|p1a: Raichu|Psychic|p2a: Sinistcha\n|-damage|p2a: Sinistcha|27/100\n|move|p1b: Meganium|Dazzling Gleam|p2b: Ninetales|[spread] p2a,p2b\n|-damage|p2a: Sinistcha|7/100\n|-damage|p2b: Ninetales|0 fnt\n|faint|p2b: Ninetales\n|move|p2a: Sinistcha|Life Dew|p2a: Sinistcha\n|-heal|p2a: Sinistcha|32/100\n|\n|-heal|p2a: Sinistcha|38/100|[from] item: Leftovers\n|-sideend|p2: vikijeane|move: Aurora Veil\n|upkeep\n|turn|12\n|\n|t:|1775993223\n|move|p1a: Raichu|Psychic|p2a: Sinistcha\n|-damage|p2a: Sinistcha|4/100\n|move|p1b: Meganium|Solar Beam||[still]\n|-prepare|p1b: Meganium|Solar Beam\n|-activate|p1b: Meganium|ability: Mega Sol\n|-anim|p1b: Meganium|Solar Beam|p2a: Sinistcha\n|-resisted|p2a: Sinistcha|1\n|-damage|p2a: Sinistcha|0 fnt\n|faint|p2a: Sinistcha\n|\n|win|dark king_5\n|raw|dark king_5's rating: 1021 &rarr; <strong>1063</strong><br />(+42 for winning)\n|raw|vikijeane's rating: 1070 &rarr; <strong>1047</strong><br />(-23 for losing)\n|l|\u2606vikijeane\n|player|p2|\n",
  "uploadtime": 1775993231,
  "views": 17,
  "formatid": "gen9championsvgc2026regma",
  "rating": 1047,
  "private": 0,
  "password": null
}