{
  "id": "gen9championsvgc2026regma-2583331669",
  "format": "[Gen 9 Champions] VGC 2026 Reg M-A",
  "players": [
    "420CatBug",
    "leoscerni"
  ],
  "log": "|j|\u2606420CatBug\n|j|\u2606leoscerni\n|t:|1776167618\n|gametype|doubles\n|player|p1|420CatBug|blaine|1188\n|player|p2|leoscerni|1|1209\n|gen|9\n|tier|[Gen 9 Champions] VGC 2026 Reg M-A\n|rated|\n|rule|Species Clause: Limit one of each Pok\u00e9mon\n|rule|Item Clause: Limit 1 of each item\n|clearpoke\n|poke|p1|Maushold-Four, L50|\n|poke|p1|Floette-Eternal, L50, F|\n|poke|p1|Garchomp, L50, M|\n|poke|p1|Talonflame, L50, M|\n|poke|p1|Rotom-Wash, L50|\n|poke|p1|Aegislash, L50, F|\n|poke|p2|Scovillain, L50, F|\n|poke|p2|Tyranitar, L50, F|\n|poke|p2|Aegislash, L50, M|\n|poke|p2|Kommo-o, L50, M|\n|poke|p2|Rotom-Wash, L50|\n|poke|p2|Garchomp, L50, M|\n|teampreview|4\n|inactive|Battle timer is ON: inactive players will automatically lose when time's up. (requested by leoscerni)\n|inactive|420CatBug has 60 seconds left.\n|inactive|leoscerni has 60 seconds left.\n|inactive|leoscerni has 30 seconds left.\n|\n|t:|1776167691\n|teamsize|p1|4\n|teamsize|p2|4\n|start\n|switch|p1a: Floette|Floette-Eternal, L50, F|100/100\n|switch|p1b: Aegislash|Aegislash, L50, F|100/100\n|switch|p2a: Aegislash|Aegislash, L50, M|100/100\n|switch|p2b: Scovillain|Scovillain, L50, F|100/100\n|turn|1\n|inactive|420CatBug has 30 seconds left.\n|inactive|420CatBug has 20 seconds left.\n|inactive|420CatBug has 15 seconds left.\n|\n|t:|1776167733\n|switch|p1b: Talonflame|Talonflame, L50, M|100/100\n|detailschange|p2b: Scovillain|Scovillain-Mega, L50, F\n|-mega|p2b: Scovillain|Scovillain|Scovillainite\n|move|p1a: Floette|Protect|p1a: Floette\n|-singleturn|p1a: Floette|Protect\n|move|p2b: Scovillain|Rage Powder|p2b: Scovillain\n|-singleturn|p2b: Scovillain|move: Rage Powder\n|-formechange|p2a: Aegislash|Aegislash-Blade|\n|move|p2a: Aegislash|Iron Head|p1a: Floette\n|-activate|p1a: Floette|move: Protect\n|\n|upkeep\n|turn|2\n|inactive|420CatBug has 30 seconds left.\n|inactive|leoscerni has 30 seconds left.\n|inactive|420CatBug has 20 seconds left.\n|\n|t:|1776167770\n|switch|p2b: Rotom|Rotom-Wash, L50|100/100\n|detailschange|p1a: Floette|Floette-Mega, L50, F\n|-mega|p1a: Floette|Floette|Floettite\n|-ability|p1a: Floette|Fairy Aura\n|move|p1b: Talonflame|Acrobatics|p2b: Rotom\n|-resisted|p2b: Rotom|1\n|-damage|p2b: Rotom|75/100\n|move|p1a: Floette|Calm Mind|p1a: Floette\n|-boost|p1a: Floette|spa|1\n|-boost|p1a: Floette|spd|1\n|move|p2a: Aegislash|Poltergeist|p1a: Floette\n|-activate|p1a: Floette|move: Poltergeist|Floettite\n|-damage|p1a: Floette|9/100\n|\n|upkeep\n|turn|3\n|inactive|420CatBug has 30 seconds left.\n|inactive|leoscerni has 30 seconds left.\n|\n|t:|1776167799\n|move|p1a: Floette|Protect|p1a: Floette\n|-singleturn|p1a: Floette|Protect\n|move|p1b: Talonflame|Tailwind|p1b: Talonflame\n|-sidestart|p1: 420CatBug|move: Tailwind\n|move|p2a: Aegislash|Shadow Sneak|p1b: Talonflame\n|-damage|p1b: Talonflame|59/100\n|move|p2b: Rotom|Electroweb|p1b: Talonflame|[spread] p1b\n|-activate|p1a: Floette|move: Protect\n|-supereffective|p1b: Talonflame|1\n|-crit|p1b: Talonflame\n|-damage|p1b: Talonflame|0 fnt\n|faint|p1b: Talonflame\n|\n|upkeep\n|\n|t:|1776167824\n|switch|p1b: Aegislash|Aegislash, L50, F|100/100\n|turn|4\n|inactive|420CatBug has 30 seconds left.\n|\n|t:|1776167854\n|switch|p2a: Scovillain|Scovillain-Mega, L50, F|100/100\n|-formechange|p1b: Aegislash|Aegislash-Blade|\n|move|p1b: Aegislash|Shadow Sneak|p2a: Scovillain\n|-crit|p2a: Scovillain\n|-damage|p2a: Scovillain|56/100\n|-status|p1b: Aegislash|brn|[from] ability: Spicy Spray|[of] p2a: Scovillain\n|move|p1a: Floette|Moonblast|p2b: Rotom\n|-damage|p2b: Rotom|0 fnt\n|faint|p2b: Rotom\n|\n|-damage|p1b: Aegislash|95/100 brn|[from] brn\n|upkeep\n|\n|t:|1776167872\n|switch|p2b: Aegislash|Aegislash, L50, M|100/100\n|turn|5\n|inactive|420CatBug has 30 seconds left.\n|\n|t:|1776167901\n|move|p1b: Aegislash|Shadow Sneak|p2b: Aegislash\n|-supereffective|p2b: Aegislash|1\n|-damage|p2b: Aegislash|77/100\n|-formechange|p2b: Aegislash|Aegislash-Blade|\n|move|p2b: Aegislash|Shadow Sneak|p1a: Floette\n|-damage|p1a: Floette|0 fnt\n|faint|p1a: Floette\n|move|p2a: Scovillain|Overheat|p1b: Aegislash\n|-supereffective|p1b: Aegislash|1\n|-damage|p1b: Aegislash|0 fnt\n|-unboost|p2a: Scovillain|spa|2\n|faint|p1b: Aegislash\n|\n|upkeep\n|\n|t:|1776167923\n|switch|p1a: Garchomp|Garchomp, L50, M|100/100\n|turn|6\n|\n|t:|1776167937\n|-formechange|p2b: Aegislash|Aegislash|\n|move|p2b: Aegislash|King's Shield|p2b: Aegislash\n|-singleturn|p2b: Aegislash|Protect\n|move|p2a: Scovillain|Rage Powder|p2a: Scovillain\n|-singleturn|p2a: Scovillain|move: Rage Powder\n|move|p1a: Garchomp|Earthquake|p2a: Scovillain|[spread] p2a\n|-activate|p2b: Aegislash|move: Protect\n|-damage|p2a: Scovillain|0 fnt\n|-status|p1a: Garchomp|brn|[from] ability: Spicy Spray|[of] p2a: Scovillain\n|faint|p2a: Scovillain\n|\n|-damage|p1a: Garchomp|95/100 brn|[from] brn\n|-sideend|p1: 420CatBug|move: Tailwind\n|upkeep\n|\n|t:|1776167948\n|switch|p2a: Kommo-o|Kommo-o, L50, M|100/100\n|turn|7\n|\n|t:|1776167963\n|move|p1a: Garchomp|Earthquake|p2b: Aegislash|[spread] p2a,p2b\n|-supereffective|p2b: Aegislash|1\n|-damage|p2a: Kommo-o|80/100\n|-damage|p2b: Aegislash|36/100\n|move|p2a: Kommo-o|Clanging Scales|p1a: Garchomp\n|-supereffective|p1a: Garchomp|1\n|-damage|p1a: Garchomp|0 fnt\n|faint|p1a: Garchomp\n|\n|win|leoscerni\n|raw|420CatBug's rating: 1188 &rarr; <strong>1165</strong><br />(-23 for losing)\n|raw|leoscerni's rating: 1209 &rarr; <strong>1232</strong><br />(+23 for winning)\n|l|\u2606420CatBug\n|player|p1|\n",
  "uploadtime": 1776167972,
  "views": 41,
  "formatid": "gen9championsvgc2026regma",
  "rating": 1165,
  "private": 0,
  "password": null
}