{
  "id": "gen9championsvgc2026regma-2588456608",
  "format": "[Gen 9 Champions] VGC 2026 Reg M-A",
  "players": [
    "Elite Fource",
    "WalterDay"
  ],
  "log": "|j|\u2606Elite Fource\n|j|\u2606WalterDay\n|t:|1776635151\n|gametype|doubles\n|player|p1|Elite Fource|infielder|1018\n|player|p2|WalterDay|169|1038\n|gen|9\n|tier|[Gen 9 Champions] VGC 2026 Reg M-A\n|rated|\n|rule|Species Clause: Limit one of each Pok\u00e9mon\n|rule|Item Clause: Limit 1 of each item\n|clearpoke\n|poke|p1|Drampa, L50, F|\n|poke|p1|Milotic, L50, M|\n|poke|p1|Gallade, L50, M, shiny|\n|poke|p1|Emolga, L50, F|\n|poke|p1|Volcarona, L50, F|\n|poke|p1|Corviknight, L50, M, shiny|\n|poke|p2|Meganium, L50, F|\n|poke|p2|Pelipper, L50, F|\n|poke|p2|Garchomp, L50, F|\n|poke|p2|Aegislash, L50, F|\n|poke|p2|Incineroar, L50, F|\n|poke|p2|Basculegion, L50, M|\n|teampreview|4\n|inactive|Battle timer is ON: inactive players will automatically lose when time's up. (requested by Elite Fource)\n|\n|t:|1776635173\n|teamsize|p1|4\n|teamsize|p2|4\n|start\n|switch|p1a: rayquales|Milotic, L50, M|100/100\n|switch|p1b: hahaha yes|Emolga, L50, F|100/100\n|switch|p2a: Aegislash|Aegislash, L50, F|100/100\n|switch|p2b: Incineroar|Incineroar, L50, F|100/100\n|-ability|p2b: Incineroar|Intimidate|boost\n|-unboost|p1a: rayquales|atk|1\n|-ability|p1a: rayquales|Competitive|boost\n|-boost|p1a: rayquales|spa|2\n|-unboost|p1b: hahaha yes|atk|1\n|turn|1\n|\n|t:|1776635195\n|move|p1a: rayquales|Protect|p1a: rayquales\n|-singleturn|p1a: rayquales|Protect\n|move|p2b: Incineroar|Fake Out|p1a: rayquales\n|-activate|p1a: rayquales|move: Protect\n|move|p1b: hahaha yes|Discharge|p2a: Aegislash|[spread] p2a,p2b\n|-activate|p1a: rayquales|move: Protect\n|-damage|p2a: Aegislash|81/100\n|-damage|p2b: Incineroar|76/100\n|move|p2a: Aegislash|Swords Dance|p2a: Aegislash\n|-boost|p2a: Aegislash|atk|2\n|\n|-heal|p2a: Aegislash|87/100|[from] item: Leftovers\n|upkeep\n|turn|2\n|\n|t:|1776635214\n|move|p1b: hahaha yes|Encore|p2a: Aegislash\n|-start|p2a: Aegislash|Encore\n|move|p1a: rayquales|Scald|p2b: Incineroar\n|-supereffective|p2b: Incineroar|1\n|-damage|p2b: Incineroar|0 fnt\n|faint|p2b: Incineroar\n|move|p2a: Aegislash|Swords Dance|p2a: Aegislash\n|-boost|p2a: Aegislash|atk|2\n|\n|-heal|p2a: Aegislash|92/100|[from] item: Leftovers\n|upkeep\n|\n|t:|1776635226\n|switch|p2b: Meganium|Meganium, L50, F|100/100\n|turn|3\n|\n|t:|1776635241\n|detailschange|p2b: Meganium|Meganium-Mega, L50, F\n|-mega|p2b: Meganium|Meganium|Meganiumite\n|move|p1b: hahaha yes|Volt Switch|p2b: Meganium\n|-resisted|p2b: Meganium|1\n|-damage|p2b: Meganium|85/100\n|\n|t:|1776635247\n|switch|p1b: elbow|Gallade, L50, M, shiny|100/100|[from] Volt Switch\n|move|p2b: Meganium|Dazzling Gleam|p1b: elbow|[spread] p1a,p1b\n|-crit|p1a: rayquales\n|-supereffective|p1b: elbow|1\n|-damage|p1a: rayquales|62/100\n|-damage|p1b: elbow|19/100\n|move|p1a: rayquales|Scald|p2a: Aegislash\n|-damage|p2a: Aegislash|48/100\n|move|p2a: Aegislash|Swords Dance|p2a: Aegislash\n|-boost|p2a: Aegislash|atk|2\n|\n|-heal|p1a: rayquales|68/100|[from] item: Leftovers\n|-heal|p2a: Aegislash|54/100|[from] item: Leftovers\n|upkeep\n|turn|4\n|\n|t:|1776635266\n|move|p1b: elbow|Psycho Cut|p2b: Meganium\n|-crit|p2b: Meganium\n|-damage|p2b: Meganium|0 fnt\n|faint|p2b: Meganium\n|move|p1a: rayquales|Scald|p2a: Aegislash\n|-damage|p2a: Aegislash|6/100\n|move|p2a: Aegislash|Swords Dance|p2a: Aegislash\n|-boost|p2a: Aegislash|atk|0\n|\n|-heal|p1a: rayquales|74/100|[from] item: Leftovers\n|-heal|p2a: Aegislash|11/100|[from] item: Leftovers\n|-end|p2a: Aegislash|Encore\n|upkeep\n|\n|t:|1776635278\n|switch|p2b: Pelipper|Pelipper, L50, F|100/100\n|-weather|RainDance|[from] ability: Drizzle|[of] p2b: Pelipper\n|turn|5\n|\n|t:|1776635291\n|-formechange|p2a: Aegislash|Aegislash-Blade|\n|move|p2a: Aegislash|Shadow Sneak|p1a: rayquales\n|-damage|p1a: rayquales|11/100\n|move|p1b: elbow|Psycho Cut|p2a: Aegislash\n|-resisted|p2a: Aegislash|1\n|-damage|p2a: Aegislash|0 fnt\n|faint|p2a: Aegislash\n|move|p1a: rayquales|Life Dew|p1a: rayquales|[spread] p1a,p1b\n|-heal|p1a: rayquales|36/100\n|-heal|p1b: elbow|45/100\n|move|p2b: Pelipper|Weather Ball|p1b: elbow\n|-damage|p1b: elbow|0 fnt\n|faint|p1b: elbow\n|\n|-weather|RainDance|[upkeep]\n|-heal|p1a: rayquales|42/100|[from] item: Leftovers\n|upkeep\n|\n|t:|1776635298\n|switch|p1b: hahaha yes|Emolga, L50, F|100/100\n|turn|6\n|-message|WalterDay forfeited.\n|\n|win|Elite Fource\n|raw|Elite Fource's rating: 1018 &rarr; <strong>1057</strong><br />(+39 for winning)\n|raw|WalterDay's rating: 1038 &rarr; <strong>1021</strong><br />(-17 for losing)\n|l|\u2606WalterDay\n|player|p2|\n|c|\u2606Elite Fource|god it feels so good to outplay a brainless team\n",
  "uploadtime": 1776635314,
  "views": 9,
  "formatid": "gen9championsvgc2026regma",
  "rating": 1021,
  "private": 0,
  "password": null
}