{
  "id": "gen9championsvgc2026regma-2584832855",
  "format": "[Gen 9 Champions] VGC 2026 Reg M-A",
  "players": [
    "OrangeSawMan",
    "TheWonderfulGirl"
  ],
  "log": "|j|\u2606OrangeSawMan\n|j|\u2606TheWonderfulGirl\n|t:|1776287149\n|gametype|doubles\n|player|p1|OrangeSawMan|1|1053\n|player|p2|TheWonderfulGirl|pokekid|1095\n|gen|9\n|tier|[Gen 9 Champions] VGC 2026 Reg M-A\n|rated|\n|rule|Species Clause: Limit one of each Pok\u00e9mon\n|rule|Item Clause: Limit 1 of each item\n|clearpoke\n|poke|p1|Starmie, L50|\n|poke|p1|Meganium, L50, M|\n|poke|p1|Pelipper, L50, M|\n|poke|p1|Basculegion, L50, M|\n|poke|p1|Blastoise, L50, M|\n|poke|p1|Raichu, L50, F|\n|poke|p2|Froslass, L50, F|\n|poke|p2|Garchomp, L50, M|\n|poke|p2|Rotom-Frost, L50|\n|poke|p2|Empoleon, L50, F|\n|poke|p2|Incineroar, L50, F|\n|poke|p2|Kingambit, L50, M|\n|teampreview|4\n|inactive|Battle timer is ON: inactive players will automatically lose when time's up. (requested by TheWonderfulGirl)\n|inactive|TheWonderfulGirl has 60 seconds left.\n|inactive|TheWonderfulGirl has 30 seconds left.\n|\n|t:|1776287213\n|teamsize|p1|4\n|teamsize|p2|4\n|start\n|switch|p1a: Meganium|Meganium, L50, M|100/100\n|switch|p1b: Blastoise|Blastoise, L50, M|100/100\n|switch|p2a: Rotom|Rotom-Frost, L50|100/100\n|switch|p2b: Garchomp|Garchomp, L50, M|100/100\n|turn|1\n|\n|t:|1776287231\n|switch|p2b: Froslass|Froslass, L50, F|100/100\n|detailschange|p1a: Meganium|Meganium-Mega, L50, M\n|-mega|p1a: Meganium|Meganium|Meganiumite\n|move|p1b: Blastoise|Protect|p1b: Blastoise\n|-singleturn|p1b: Blastoise|Protect\n|move|p2a: Rotom|Blizzard|p1a: Meganium|[spread] p1a\n|-activate|p1b: Blastoise|move: Protect\n|-supereffective|p1a: Meganium|1\n|-damage|p1a: Meganium|37/100\n|move|p1a: Meganium|Solar Beam||[still]\n|-prepare|p1a: Meganium|Solar Beam\n|-activate|p1a: Meganium|ability: Mega Sol\n|-anim|p1a: Meganium|Solar Beam|p2b: Froslass\n|-damage|p2b: Froslass|0 fnt\n|faint|p2b: Froslass\n|\n|upkeep\n|\n|t:|1776287254\n|switch|p2b: Kingambit|Kingambit, L50, M|100/100\n|turn|2\n|inactive|OrangeSawMan has 30 seconds left.\n|\n|t:|1776287285\n|switch|p2a: Garchomp|Garchomp, L50, M|100/100\n|move|p1b: Blastoise|Brick Break|p2b: Kingambit\n|-supereffective|p2b: Kingambit|2\n|-damage|p2b: Kingambit|36/100\n|move|p2b: Kingambit|Iron Head|p1a: Meganium\n|-supereffective|p1a: Meganium|1\n|-damage|p1a: Meganium|0 fnt\n|faint|p1a: Meganium\n|\n|upkeep\n|\n|t:|1776287295\n|switch|p1a: Pelipper|Pelipper, L50, M|100/100\n|-weather|RainDance|[from] ability: Drizzle|[of] p1a: Pelipper\n|turn|3\n|inactive|TheWonderfulGirl has 30 seconds left.\n|inactive|TheWonderfulGirl has 20 seconds left.\n|inactive|TheWonderfulGirl has 15 seconds left.\n|inactive|TheWonderfulGirl has 10 seconds left.\n|\n|t:|1776287341\n|switch|p2b: Rotom|Rotom-Frost, L50|100/100\n|move|p1b: Blastoise|Protect|p1b: Blastoise\n|-singleturn|p1b: Blastoise|Protect\n|move|p2a: Garchomp|Rock Slide|p1b: Blastoise|[spread] p1a\n|-activate|p1b: Blastoise|move: Protect\n|-supereffective|p1a: Pelipper|1\n|-damage|p1a: Pelipper|63/100\n|move|p1a: Pelipper|Tailwind|p1a: Pelipper\n|-sidestart|p1: OrangeSawMan|move: Tailwind\n|\n|-weather|RainDance|[upkeep]\n|upkeep\n|turn|4\n|\n|t:|1776287364\n|move|p1b: Blastoise|Shell Smash|p1b: Blastoise\n|-unboost|p1b: Blastoise|def|1\n|-unboost|p1b: Blastoise|spd|1\n|-boost|p1b: Blastoise|atk|2\n|-boost|p1b: Blastoise|spa|2\n|-boost|p1b: Blastoise|spe|2\n|-enditem|p1b: Blastoise|White Herb\n|-clearnegativeboost|p1b: Blastoise|[silent]\n|move|p1a: Pelipper|U-turn|p2b: Rotom\n|-damage|p2b: Rotom|89/100\n|\n|t:|1776287373\n|switch|p1a: Basculegion|Basculegion, L50, M|100/100|[from] U-turn\n|move|p2b: Rotom|Volt Switch|p1a: Basculegion\n|-supereffective|p1a: Basculegion|1\n|-enditem|p1a: Basculegion|Wacan Berry|[eat]\n|-enditem|p1a: Basculegion|Wacan Berry|[weaken]\n|-damage|p1a: Basculegion|65/100\n|\n|t:|1776287381\n|switch|p2b: Kingambit|Kingambit, L50, M|36/100|[from] Volt Switch\n|move|p2a: Garchomp|Rock Slide|p1b: Blastoise|[spread] p1a,p1b\n|-damage|p1a: Basculegion|38/100\n|-damage|p1b: Blastoise|78/100\n|\n|-weather|RainDance|[upkeep]\n|-heal|p1b: Blastoise|84/100|[from] ability: Rain Dish\n|upkeep\n|turn|5\n|inactive|OrangeSawMan has 30 seconds left.\n|\n|t:|1776287411\n|move|p2a: Garchomp|Protect|p2a: Garchomp\n|-singleturn|p2a: Garchomp|Protect\n|move|p2b: Kingambit|Protect|p2b: Kingambit\n|-singleturn|p2b: Kingambit|Protect\n|move|p1b: Blastoise|Liquidation|p2a: Garchomp\n|-activate|p2a: Garchomp|move: Protect\n|move|p1a: Basculegion|Liquidation|p2b: Kingambit\n|-activate|p2b: Kingambit|move: Protect\n|\n|-weather|RainDance|[upkeep]\n|-heal|p1b: Blastoise|90/100|[from] ability: Rain Dish\n|upkeep\n|turn|6\n|\n|t:|1776287430\n|move|p2b: Kingambit|Sucker Punch|p1a: Basculegion\n|-supereffective|p1a: Basculegion|1\n|-damage|p1a: Basculegion|0 fnt\n|faint|p1a: Basculegion\n|move|p1b: Blastoise|Liquidation|p2a: Garchomp\n|-damage|p2a: Garchomp|0 fnt\n|-damage|p1b: Blastoise|78/100|[from] ability: Rough Skin|[of] p2a: Garchomp\n|faint|p2a: Garchomp\n|\n|-weather|RainDance|[upkeep]\n|-heal|p1b: Blastoise|84/100|[from] ability: Rain Dish\n|-sideend|p1: OrangeSawMan|move: Tailwind\n|upkeep\n|inactive|OrangeSawMan has 30 seconds left.\n|inactive|OrangeSawMan has 20 seconds left.\n|\n|t:|1776287470\n|switch|p2a: Rotom|Rotom-Frost, L50|89/100\n|switch|p1a: Pelipper|Pelipper, L50, M|63/100\n|turn|7\n|inactive|OrangeSawMan has 30 seconds left.\n|inactive|TheWonderfulGirl has 30 seconds left.\n|inactive|OrangeSawMan has 20 seconds left.\n|\n|t:|1776287509\n|move|p2b: Kingambit|Sucker Punch|p1b: Blastoise\n|-crit|p1b: Blastoise\n|-damage|p1b: Blastoise|13/100\n|move|p1b: Blastoise|Brick Break|p2a: Rotom\n|-supereffective|p2a: Rotom|1\n|-damage|p2a: Rotom|0 fnt\n|faint|p2a: Rotom\n|move|p1a: Pelipper|Weather Ball|p2b: Kingambit\n|-damage|p2b: Kingambit|0 fnt\n|faint|p2b: Kingambit\n|\n|win|OrangeSawMan\n|raw|OrangeSawMan's rating: 1093 &rarr; <strong>1119</strong><br />(+26 for winning)\n|raw|TheWonderfulGirl's rating: 1095 &rarr; <strong>1071</strong><br />(-24 for losing)\n|c|\u2606TheWonderfulGirl|Gg\n|l|\u2606OrangeSawMan\n|player|p1|\n",
  "uploadtime": 1776287524,
  "views": 23,
  "formatid": "gen9championsvgc2026regma",
  "rating": 1071,
  "private": 0,
  "password": null
}