{
  "id": "gen9championsvgc2026regma-2584916160",
  "format": "[Gen 9 Champions] VGC 2026 Reg M-A",
  "players": [
    "KUTF1",
    "darksora420"
  ],
  "log": "|j|\u2606KUTF1\n|j|\u2606darksora420\n|t:|1776294228\n|gametype|doubles\n|player|p1|KUTF1|firebreather|1185\n|player|p2|darksora420|266|1216\n|gen|9\n|tier|[Gen 9 Champions] VGC 2026 Reg M-A\n|rated|\n|rule|Species Clause: Limit one of each Pok\u00e9mon\n|rule|Item Clause: Limit 1 of each item\n|clearpoke\n|poke|p1|Drampa, L50, M|\n|poke|p1|Emboar, L50, F|\n|poke|p1|Kingambit, L50, M|\n|poke|p1|Decidueye-Hisui, L50, F|\n|poke|p1|Farigiraf, L50, F|\n|poke|p1|Incineroar, L50, M|\n|poke|p2|Sinistcha, L50|\n|poke|p2|Snorlax, L50, M|\n|poke|p2|Torkoal, L50, F|\n|poke|p2|Farigiraf, L50, M|\n|poke|p2|Kingambit, L50, F|\n|poke|p2|Heracross, L50, F|\n|teampreview|4\n|inactive|Battle timer is ON: inactive players will automatically lose when time's up. (requested by KUTF1)\n|\n|t:|1776294254\n|teamsize|p1|4\n|teamsize|p2|4\n|start\n|switch|p1a: El Gambito|Kingambit, L50, M|100/100\n|switch|p1b: Yamata No Orichi|Drampa, L50, M, shiny|100/100\n|switch|p2a: Kingambit|Kingambit, L50, F|100/100\n|switch|p2b: Sinistcha|Sinistcha, L50|100/100\n|-ability|p1b: Yamata No Orichi|Cloud Nine\n|turn|1\n|\n|t:|1776294269\n|detailschange|p1b: Yamata No Orichi|Drampa-Mega, L50, M, shiny\n|-mega|p1b: Yamata No Orichi|Drampa|Drampanite\n|move|p2b: Sinistcha|Rage Powder|p2b: Sinistcha\n|-singleturn|p2b: Sinistcha|move: Rage Powder\n|move|p2a: Kingambit|Swords Dance|p2a: Kingambit\n|-boost|p2a: Kingambit|atk|2\n|move|p1a: El Gambito|Kowtow Cleave|p2b: Sinistcha\n|-supereffective|p2b: Sinistcha|1\n|-damage|p2b: Sinistcha|9/100\n|move|p1b: Yamata No Orichi|Earth Power|p2b: Sinistcha\n|-resisted|p2b: Sinistcha|1\n|-damage|p2b: Sinistcha|0 fnt\n|faint|p2b: Sinistcha\n|\n|upkeep\n|\n|t:|1776294273\n|switch|p2b: Snorlax|Snorlax, L50, M|100/100\n|turn|2\n|\n|t:|1776294280\n|move|p1a: El Gambito|Kowtow Cleave|p2b: Snorlax\n|-damage|p2b: Snorlax|52/100\n|move|p2a: Kingambit|Kowtow Cleave|p1b: Yamata No Orichi\n|-damage|p1b: Yamata No Orichi|10/100\n|-ability|p1b: Yamata No Orichi|Berserk|boost\n|-boost|p1b: Yamata No Orichi|spa|1\n|move|p2b: Snorlax|Belly Drum|p2b: Snorlax\n|-damage|p2b: Snorlax|2/100\n|-setboost|p2b: Snorlax|atk|6|[from] move: Belly Drum\n|-enditem|p2b: Snorlax|Sitrus Berry|[eat]\n|-heal|p2b: Snorlax|27/100|[from] item: Sitrus Berry\n|move|p1b: Yamata No Orichi|Earth Power|p2a: Kingambit\n|-supereffective|p2a: Kingambit|1\n|-damage|p2a: Kingambit|0 fnt\n|faint|p2a: Kingambit\n|\n|upkeep\n|\n|t:|1776294284\n|switch|p2a: Heracross|Heracross, L50, F|100/100\n|turn|3\n|\n|t:|1776294295\n|move|p1a: El Gambito|Sucker Punch|p2b: Snorlax\n|-damage|p2b: Snorlax|0 fnt\n|faint|p2b: Snorlax\n|move|p2a: Heracross|Pin Missile|p1b: Yamata No Orichi\n|-damage|p1b: Yamata No Orichi|0 fnt\n|faint|p1b: Yamata No Orichi\n|-ability|p2a: Heracross|Moxie|boost\n|-boost|p2a: Heracross|atk|1\n|-hitcount|p1: Yamata No Orichi|1\n|\n|upkeep\n|\n|t:|1776294297\n|switch|p1b: Mori Jin|Emboar, L50, F, shiny|100/100\n|turn|4\n|\n|t:|1776294305\n|move|p2a: Heracross|Close Combat|p1b: Mori Jin\n|-damage|p1b: Mori Jin|0 fnt\n|-unboost|p2a: Heracross|def|1\n|-unboost|p2a: Heracross|spd|1\n|faint|p1b: Mori Jin\n|-ability|p2a: Heracross|Moxie|boost\n|-boost|p2a: Heracross|atk|1\n|move|p1a: El Gambito|Kowtow Cleave|p2a: Heracross\n|-resisted|p2a: Heracross|1\n|-damage|p2a: Heracross|49/100\n|\n|upkeep\n|\n|t:|1776294307\n|switch|p1b: Konshu\u2019s Will|Decidueye-Hisui, L50, F|100/100\n|turn|5\n|\n|t:|1776294314\n|detailschange|p2a: Heracross|Heracross-Mega, L50, F\n|-mega|p2a: Heracross|Heracross|Heracronite\n|move|p1b: Konshu\u2019s Will|Sucker Punch|p2a: Heracross\n|-resisted|p2a: Heracross|1\n|-damage|p2a: Heracross|34/100\n|move|p1a: El Gambito|Sucker Punch|p2a: Heracross\n|-resisted|p2a: Heracross|1\n|-damage|p2a: Heracross|0 fnt\n|faint|p2a: Heracross\n|\n|win|KUTF1\n|raw|KUTF1's rating: 1185 &rarr; <strong>1212</strong><br />(+27 for winning)\n|raw|darksora420's rating: 1216 &rarr; <strong>1189</strong><br />(-27 for losing)\n|l|\u2606darksora420\n|player|p2|\n",
  "uploadtime": 1776294318,
  "views": 21,
  "formatid": "gen9championsvgc2026regma",
  "rating": 1189,
  "private": 0,
  "password": null
}