{
  "id": "gen9championsvgc2026regma-2581832183",
  "format": "[Gen 9 Champions] VGC 2026 Reg M-A",
  "players": [
    "c0zmic",
    "Jfurb28"
  ],
  "log": "|j|\u2606c0zmic\n|j|\u2606Jfurb28\n|t:|1776032056\n|gametype|doubles\n|player|p1|c0zmic|veteranf|1311\n|player|p2|Jfurb28|266|1349\n|gen|9\n|tier|[Gen 9 Champions] VGC 2026 Reg M-A\n|rated|\n|rule|Species Clause: Limit one of each Pok\u00e9mon\n|rule|Item Clause: Limit 1 of each item\n|clearpoke\n|poke|p1|Umbreon, L50, M|\n|poke|p1|Garganacl, L50, M|\n|poke|p1|Araquanid, L50, F|\n|poke|p1|Pelipper, L50, F|\n|poke|p1|Tyranitar, L50, F|\n|poke|p1|Mimikyu, L50, M|\n|poke|p2|Torkoal, L50, F|\n|poke|p2|Meowscarada, L50, M|\n|poke|p2|Oranguru, L50, M|\n|poke|p2|Golurk, L50|\n|poke|p2|Sneasler, L50, M|\n|poke|p2|Incineroar, L50, F|\n|teampreview|4\n|j| iwjcuek\n|inactive|Battle timer is ON: inactive players will automatically lose when time's up. (requested by Jfurb28)\n|\n|t:|1776032084\n|teamsize|p1|4\n|teamsize|p2|4\n|start\n|switch|p1a: Umbreon|Umbreon, L50, M|100/100\n|switch|p1b: Mimikyu|Mimikyu, L50, M|100/100\n|switch|p2a: Meowscarada|Meowscarada, L50, M|100/100\n|switch|p2b: Oranguru|Oranguru, L50, M|100/100\n|turn|1\n|inactive|Jfurb28 has 30 seconds left.\n|\n|t:|1776032112\n|move|p2a: Meowscarada|Flower Trick|p1a: Umbreon\n|-start|p2a: Meowscarada|typechange|Grass|[from] ability: Protean\n|-crit|p1a: Umbreon\n|-damage|p1a: Umbreon|69/100\n|move|p1b: Mimikyu|Swords Dance|p1b: Mimikyu\n|-boost|p1b: Mimikyu|atk|2\n|move|p1a: Umbreon|Swagger|p1b: Mimikyu\n|-boost|p1b: Mimikyu|atk|2\n|-start|p1b: Mimikyu|confusion\n|-enditem|p1b: Mimikyu|Lum Berry|[eat]\n|-end|p1b: Mimikyu|confusion\n|move|p2b: Oranguru|Instruct|p2a: Meowscarada\n|-singleturn|p2a: Meowscarada|move: Instruct|[of] p2b: Oranguru\n|move|p2a: Meowscarada|Flower Trick|p1a: Umbreon\n|-crit|p1a: Umbreon\n|-damage|p1a: Umbreon|39/100\n|-enditem|p1a: Umbreon|Sitrus Berry|[eat]\n|-heal|p1a: Umbreon|63/100|[from] item: Sitrus Berry\n|\n|upkeep\n|turn|2\n|j| geekaleek\n|inactive|c0zmic has 30 seconds left.\n|inactive|c0zmic has 20 seconds left.\n|inactive|c0zmic has 15 seconds left.\n|inactive|c0zmic has 10 seconds left.\n|\n|t:|1776032160\n|move|p1b: Mimikyu|Protect|p1b: Mimikyu\n|-singleturn|p1b: Mimikyu|Protect\n|move|p2a: Meowscarada|Flower Trick|p1b: Mimikyu\n|-activate|p1b: Mimikyu|move: Protect\n|move|p1a: Umbreon|Yawn|p2a: Meowscarada\n|-start|p2a: Meowscarada|move: Yawn|[of] p1a: Umbreon\n|move|p2b: Oranguru|Trick Room|p2b: Oranguru\n|-fieldstart|move: Trick Room|[of] p2b: Oranguru\n|\n|upkeep\n|turn|3\n|\n|t:|1776032177\n|switch|p2a: Torkoal|Torkoal, L50, F|100/100\n|-weather|SunnyDay|[from] ability: Drought|[of] p2a: Torkoal\n|move|p2b: Oranguru|Encore|p1b: Mimikyu\n|-start|p1b: Mimikyu|Encore\n|move|p1b: Mimikyu|Protect|p1b: Mimikyu\n|-singleturn|p1b: Mimikyu|Protect\n|move|p1a: Umbreon|Wish|p1a: Umbreon\n|\n|-weather|SunnyDay|[upkeep]\n|upkeep\n|turn|4\n|j| HappyLiga\n|\n|t:|1776032196\n|switch|p1b: Pelipper|Pelipper, L50, F|100/100\n|-weather|RainDance|[from] ability: Drizzle|[of] p1b: Pelipper\n|move|p2a: Torkoal|Eruption|p1a: Umbreon|[spread] p1a,p1b\n|-crit|p1a: Umbreon\n|-resisted|p1b: Pelipper|1\n|-damage|p1a: Umbreon|35/100\n|-damage|p1b: Pelipper|76/100\n|move|p2b: Oranguru|Instruct|p2a: Torkoal\n|-singleturn|p2a: Torkoal|move: Instruct|[of] p2b: Oranguru\n|move|p2a: Torkoal|Eruption|p1a: Umbreon|[spread] p1a,p1b\n|-resisted|p1b: Pelipper|1\n|-damage|p1a: Umbreon|18/100\n|-damage|p1b: Pelipper|50/100\n|move|p1a: Umbreon|Yawn|p2a: Torkoal\n|-start|p2a: Torkoal|move: Yawn|[of] p1a: Umbreon\n|\n|-weather|RainDance|[upkeep]\n|-heal|p1a: Umbreon|68/100|[from] move: Wish|[wisher] Umbreon\n|upkeep\n|turn|5\n|inactive|c0zmic has 30 seconds left.\n|\n|t:|1776032222\n|move|p1b: Pelipper|Wide Guard|p1b: Pelipper\n|-singleturn|p1b: Pelipper|Wide Guard\n|move|p2a: Torkoal|Weather Ball|p1a: Umbreon\n|-damage|p1a: Umbreon|38/100\n|move|p2b: Oranguru|Instruct|p2a: Torkoal\n|-singleturn|p2a: Torkoal|move: Instruct|[of] p2b: Oranguru\n|move|p2a: Torkoal|Weather Ball|p1a: Umbreon\n|-damage|p1a: Umbreon|13/100\n|move|p1a: Umbreon|Yawn|p2b: Oranguru\n|-start|p2b: Oranguru|move: Yawn|[of] p1a: Umbreon\n|\n|-weather|RainDance|[upkeep]\n|-end|p2a: Torkoal|move: Yawn|[silent]\n|-status|p2a: Torkoal|slp\n|upkeep\n|turn|6\n|\n|t:|1776032243\n|switch|p2a: Meowscarada|Meowscarada, L50, M|100/100\n|move|p2b: Oranguru|Psychic Noise|p1b: Pelipper\n|-damage|p1b: Pelipper|8/100\n|-start|p1b: Pelipper|move: Heal Block\n|move|p1b: Pelipper|Weather Ball|p2a: Meowscarada\n|-resisted|p2a: Meowscarada|1\n|-damage|p2a: Meowscarada|48/100\n|move|p1a: Umbreon|Wish|p1a: Umbreon\n|\n|-weather|RainDance|[upkeep]\n|-end|p2b: Oranguru|move: Yawn|[silent]\n|-status|p2b: Oranguru|slp\n|-fieldend|move: Trick Room\n|upkeep\n|turn|7\n|\n|t:|1776032254\n|move|p1a: Umbreon|Protect|p1a: Umbreon\n|-singleturn|p1a: Umbreon|Protect\n|move|p2a: Meowscarada|Thunder Punch|p1b: Pelipper\n|-start|p2a: Meowscarada|typechange|Electric|[from] ability: Protean\n|-supereffective|p1b: Pelipper|2\n|-damage|p1b: Pelipper|0 fnt\n|faint|p1b: Pelipper\n|cant|p2b: Oranguru|slp\n|\n|-weather|RainDance|[upkeep]\n|-heal|p1a: Umbreon|63/100|[from] move: Wish|[wisher] Umbreon\n|upkeep\n|\n|t:|1776032262\n|switch|p1b: Araquanid|Araquanid, L50, F|100/100\n|turn|8\n|\n|t:|1776032274\n|move|p1b: Araquanid|Protect|p1b: Araquanid\n|-singleturn|p1b: Araquanid|Protect\n|move|p2a: Meowscarada|Thunder Punch|p1b: Araquanid\n|-activate|p1b: Araquanid|move: Protect\n|move|p1a: Umbreon|Yawn|p2a: Meowscarada\n|-start|p2a: Meowscarada|move: Yawn|[of] p1a: Umbreon\n|-curestatus|p2b: Oranguru|slp|[msg]\n|move|p2b: Oranguru|Instruct|p2a: Meowscarada\n|-singleturn|p2a: Meowscarada|move: Instruct|[of] p2b: Oranguru\n|move|p2a: Meowscarada|Thunder Punch|p1b: Araquanid\n|-activate|p1b: Araquanid|move: Protect\n|\n|-weather|none\n|upkeep\n|turn|9\n|l| geekaleek\n|\n|t:|1776032292\n|switch|p1b: Mimikyu|Mimikyu, L50, M|100/100\n|move|p2a: Meowscarada|Flower Trick|p1b: Mimikyu\n|-activate|p1b: Mimikyu|ability: Disguise\n|-damage|p1b: Mimikyu|100/100\n|detailschange|p1b: Mimikyu|Mimikyu-Busted, L50, M\n|-damage|p1b: Mimikyu|88/100|[from] pokemon: Mimikyu-Busted\n|move|p1a: Umbreon|Swagger|p1b: Mimikyu\n|-boost|p1b: Mimikyu|atk|2\n|-start|p1b: Mimikyu|confusion\n|move|p2b: Oranguru|Instruct|p2a: Meowscarada\n|-singleturn|p2a: Meowscarada|move: Instruct|[of] p2b: Oranguru\n|move|p2a: Meowscarada|Flower Trick|p1b: Mimikyu\n|-crit|p1b: Mimikyu\n|-damage|p1b: Mimikyu|39/100\n|\n|-end|p2a: Meowscarada|move: Yawn|[silent]\n|-status|p2a: Meowscarada|slp\n|upkeep\n|turn|10\n|\n|t:|1776032316\n|-activate|p1b: Mimikyu|confusion\n|-damage|p1b: Mimikyu|3/100|[from] confusion\n|cant|p2a: Meowscarada|slp\n|move|p1a: Umbreon|Yawn|p2b: Oranguru\n|-start|p2b: Oranguru|move: Yawn|[of] p1a: Umbreon\n|move|p2b: Oranguru|Trick Room|p2b: Oranguru\n|-fieldstart|move: Trick Room|[of] p2b: Oranguru\n|\n|upkeep\n|turn|11\n|inactive|Jfurb28 has 30 seconds left.\n|\n|t:|1776032343\n|-end|p1b: Mimikyu|confusion\n|move|p1b: Mimikyu|Shadow Sneak|p2a: Meowscarada\n|-damage|p2a: Meowscarada|0 fnt\n|faint|p2a: Meowscarada\n|move|p2b: Oranguru|Psychic Noise|p1b: Mimikyu\n|-damage|p1b: Mimikyu|0 fnt\n|faint|p1b: Mimikyu\n|move|p1a: Umbreon|Wish|p1a: Umbreon\n|\n|-end|p2b: Oranguru|move: Yawn|[silent]\n|-status|p2b: Oranguru|slp\n|upkeep\n|\n|t:|1776032351\n|switch|p1b: Araquanid|Araquanid, L50, F|100/100\n|switch|p2a: Golurk|Golurk, L50|100/100\n|turn|12\n|\n|t:|1776032364\n|detailschange|p2a: Golurk|Golurk-Mega, L50\n|-mega|p2a: Golurk|Golurk|Golurkite\n|move|p1b: Araquanid|Liquidation|p2a: Golurk\n|-supereffective|p2a: Golurk|1\n|-damage|p2a: Golurk|0 fnt\n|faint|p2a: Golurk\n|cant|p2b: Oranguru|slp\n|move|p1a: Umbreon|Swagger|p1b: Araquanid|[miss]\n|-miss|p1a: Umbreon|p1b: Araquanid\n|\n|-heal|p1a: Umbreon|100/100|[from] move: Wish|[wisher] Umbreon\n|upkeep\n|-message|Jfurb28 forfeited.\n|\n|win|c0zmic\n|raw|c0zmic's rating: 1311 &rarr; <strong>1333</strong><br />(+22 for winning)\n|raw|Jfurb28's rating: 1349 &rarr; <strong>1327</strong><br />(-22 for losing)\n|l|\u2606Jfurb28\n|player|p2|\n|l|\u2606c0zmic\n|player|p1|\n|l| iwjcuek\n|l| HappyLiga\n",
  "uploadtime": 1776033546,
  "views": 34,
  "formatid": "gen9championsvgc2026regma",
  "rating": 1327,
  "private": 0,
  "password": null
}