{
  "id": "gen9championsvgc2026regma-2580414551",
  "format": "[Gen 9 Champions] VGC 2026 Reg M-A",
  "players": [
    "yagaroth",
    "battle sim trainer"
  ],
  "log": "|j|\u2606yagaroth\n|j|\u2606battle sim trainer\n|t:|1775892939\n|gametype|doubles\n|player|p1|yagaroth|wicke|1077\n|player|p2|battle sim trainer|turo|1076\n|gen|9\n|tier|[Gen 9 Champions] VGC 2026 Reg M-A\n|rated|\n|rule|Species Clause: Limit one of each Pok\u00e9mon\n|rule|Item Clause: Limit 1 of each item\n|clearpoke\n|poke|p1|Pelipper, L50, M|\n|poke|p1|Archaludon, L50, F|\n|poke|p1|Basculegion, L50, M|\n|poke|p1|Blastoise, L50, F|\n|poke|p1|Incineroar, L50, M|\n|poke|p1|Sinistcha, L50|\n|poke|p2|Banette, L50, M|\n|poke|p2|Gallade, L50, M|\n|poke|p2|Farigiraf, L50, F|\n|poke|p2|Sinistcha-Masterpiece, L50|\n|poke|p2|Crabominable, L50, F|\n|poke|p2|Torkoal, L50, F|\n|teampreview|4\n|\n|t:|1775892960\n|teamsize|p1|4\n|teamsize|p2|4\n|start\n|switch|p1a: Pelipper|Pelipper, L50, M|100/100\n|switch|p1b: Blastoise|Blastoise, L50, F|100/100\n|switch|p2a: Banette|Banette, L50, M|100/100\n|switch|p2b: Sinistcha|Sinistcha-Masterpiece, L50|100/100\n|-item|p1a: Pelipper|Focus Sash|[from] ability: Frisk|[of] p2a: Banette\n|-item|p1b: Blastoise|Blastoisinite|[from] ability: Frisk|[of] p2a: Banette\n|-weather|RainDance|[from] ability: Drizzle|[of] p1a: Pelipper\n|turn|1\n|\n|t:|1775892980\n|detailschange|p1b: Blastoise|Blastoise-Mega, L50, F\n|-mega|p1b: Blastoise|Blastoise|Blastoisinite\n|move|p2a: Banette|Sucker Punch|p1b: Blastoise\n|-damage|p1b: Blastoise|78/100\n|move|p1b: Blastoise|Water Spout|p2a: Banette|[spread] p2a,p2b\n|-resisted|p2b: Sinistcha|1\n|-damage|p2a: Banette|0 fnt\n|-damage|p2b: Sinistcha|70/100\n|faint|p2a: Banette\n|move|p1a: Pelipper|Hurricane|p2b: Sinistcha\n|-supereffective|p2b: Sinistcha|1\n|-damage|p2b: Sinistcha|2/100\n|move|p2b: Sinistcha|Trick Room|p2b: Sinistcha\n|-fieldstart|move: Trick Room|[of] p2b: Sinistcha\n|\n|-weather|RainDance|[upkeep]\n|-heal|p2b: Sinistcha|8/100|[from] item: Leftovers\n|upkeep\n|\n|t:|1775892996\n|switch|p2a: Crabominable|Crabominable, L50, F|100/100\n|turn|2\n|\n|t:|1775893007\n|detailschange|p2a: Crabominable|Crabominable-Mega, L50, F\n|-mega|p2a: Crabominable|Crabominable|Crabominite\n|move|p2a: Crabominable|Thunder Punch|p1b: Blastoise\n|-supereffective|p1b: Blastoise|1\n|-damage|p1b: Blastoise|7/100\n|move|p2b: Sinistcha|Strength Sap|p1a: Pelipper\n|-unboost|p1a: Pelipper|atk|1\n|-heal|p2b: Sinistcha|44/100\n|move|p1a: Pelipper|Hurricane|p2b: Sinistcha\n|-supereffective|p2b: Sinistcha|1\n|-damage|p2b: Sinistcha|0 fnt\n|faint|p2b: Sinistcha\n|move|p1b: Blastoise|Aura Sphere|p2a: Crabominable\n|-supereffective|p2a: Crabominable|1\n|-damage|p2a: Crabominable|29/100\n|\n|-weather|RainDance|[upkeep]\n|upkeep\n|\n|t:|1775893022\n|switch|p2b: Torkoal|Torkoal, L50, F|100/100\n|-weather|SunnyDay|[from] ability: Drought|[of] p2b: Torkoal\n|turn|3\n|inactive|Battle timer is ON: inactive players will automatically lose when time's up. (requested by battle sim trainer)\n|\n|t:|1775893047\n|switch|p1a: Basculegion|Basculegion, L50, M|100/100\n|move|p2b: Torkoal|Eruption|p1a: Basculegion|[spread] p1a,p1b\n|-resisted|p1a: Basculegion|1\n|-resisted|p1b: Blastoise|1\n|-damage|p1a: Basculegion|46/100\n|-damage|p1b: Blastoise|0 fnt\n|faint|p1b: Blastoise\n|move|p2a: Crabominable|Thunder Punch|p1a: Basculegion\n|-supereffective|p1a: Basculegion|1\n|-damage|p1a: Basculegion|0 fnt\n|faint|p1a: Basculegion\n|\n|-weather|SunnyDay|[upkeep]\n|upkeep\n|\n|t:|1775893056\n|switch|p1b: Archaludon|Archaludon, L50, F|100/100\n|switch|p1a: Pelipper|Pelipper, L50, M|100/100\n|-weather|RainDance|[from] ability: Drizzle|[of] p1a: Pelipper\n|turn|4\n|\n|t:|1775893073\n|move|p1b: Archaludon|Protect|p1b: Archaludon\n|-singleturn|p1b: Archaludon|Protect\n|move|p2b: Torkoal|Eruption|p1a: Pelipper|[spread] p1a\n|-activate|p1b: Archaludon|move: Protect\n|-resisted|p1a: Pelipper|1\n|-damage|p1a: Pelipper|80/100\n|move|p2a: Crabominable|Thunder Punch|p1a: Pelipper\n|-supereffective|p1a: Pelipper|2\n|-damage|p1a: Pelipper|0 fnt\n|faint|p1a: Pelipper\n|\n|-weather|RainDance|[upkeep]\n|upkeep\n|turn|5\n|\n|t:|1775893087\n|move|p1b: Archaludon|Protect||[still]\n|-fail|p1b: Archaludon\n|move|p2b: Torkoal|Earth Power|p1b: Archaludon\n|-supereffective|p1b: Archaludon|1\n|-damage|p1b: Archaludon|39/100\n|-ability|p1b: Archaludon|Stamina|boost\n|-boost|p1b: Archaludon|def|1\n|move|p2a: Crabominable|Drain Punch|p1b: Archaludon\n|-supereffective|p1b: Archaludon|1\n|-damage|p1b: Archaludon|0 fnt\n|-heal|p2a: Crabominable|45/100|[from] drain|[of] p1b: Archaludon\n|faint|p1b: Archaludon\n|\n|win|battle sim trainer\n|raw|yagaroth's rating: 1077 &rarr; <strong>1055</strong><br />(-22 for losing)\n|raw|battle sim trainer's rating: 1076 &rarr; <strong>1105</strong><br />(+29 for winning)\n|l|\u2606yagaroth\n|player|p1|\n",
  "uploadtime": 1775893097,
  "views": 14,
  "formatid": "gen9championsvgc2026regma",
  "rating": 1055,
  "private": 0,
  "password": null
}