{
  "id": "gen9championsvgc2026regma-2588611262",
  "format": "[Gen 9 Champions] VGC 2026 Reg M-A",
  "players": [
    "Dr. Papus",
    "sdlt 2krl coolguy"
  ],
  "log": "|raw|<div class=\"broadcast-blue\"><strong>This battle is required to be public due to a player having a name starting with 'sdlt'.</div>\n|j|\u2606Dr. Papus\n|j|\u2606sdlt 2krl coolguy\n|t:|1776649950\n|gametype|doubles\n|player|p1|Dr. Papus|morty|1396\n|player|p2|sdlt 2krl coolguy|leon-masters2|1375\n|gen|9\n|tier|[Gen 9 Champions] VGC 2026 Reg M-A\n|rated|\n|rule|Species Clause: Limit one of each Pok\u00e9mon\n|rule|Item Clause: Limit 1 of each item\n|clearpoke\n|poke|p1|Tyranitar, L50, M, shiny|\n|poke|p1|Corviknight, L50, M|\n|poke|p1|Excadrill, L50, M|\n|poke|p1|Milotic, L50, F|\n|poke|p1|Sinistcha, L50|\n|poke|p1|Incineroar, L50, F|\n|poke|p2|Floette-Eternal, L50, F|\n|poke|p2|Incineroar, L50, M|\n|poke|p2|Sinistcha, L50|\n|poke|p2|Garchomp, L50, M|\n|poke|p2|Sneasler, L50, M|\n|poke|p2|Kingambit, L50, M|\n|teampreview|4\n|inactive|Battle timer is ON: inactive players will automatically lose when time's up. (requested by sdlt 2krl coolguy)\n|inactive|Dr. Papus also wants the timer to be on.\n|inactive|Dr. Papus has 60 seconds left.\n|\n|t:|1776649988\n|teamsize|p1|4\n|teamsize|p2|4\n|start\n|switch|p1a: Milotic|Milotic, L50, F|100/100\n|switch|p1b: Excadrill|Excadrill, L50, M|100/100\n|switch|p2a: Floette|Floette-Eternal, L50, F|100/100\n|switch|p2b: Sinistcha|Sinistcha, L50|100/100\n|turn|1\n|\n|t:|1776650001\n|move|p2a: Floette|Protect|p2a: Floette\n|-singleturn|p2a: Floette|Protect\n|move|p1b: Excadrill|Iron Head|p2a: Floette\n|-activate|p2a: Floette|move: Protect\n|move|p1a: Milotic|Ice Beam|p2b: Sinistcha\n|-supereffective|p2b: Sinistcha|1\n|-damage|p2b: Sinistcha|54/100\n|move|p2b: Sinistcha|Matcha Gotcha|p1a: Milotic|[spread] p1b\n|-miss|p2b: Sinistcha|p1a: Milotic\n|-damage|p1b: Excadrill|68/100\n|-heal|p2b: Sinistcha|71/100|[from] drain|[of] p1b: Excadrill\n|\n|upkeep\n|turn|2\n|\n|t:|1776650011\n|switch|p2a: Kingambit|Kingambit, L50, M|100/100\n|move|p1b: Excadrill|Iron Head|p2a: Kingambit\n|-resisted|p2a: Kingambit|1\n|-damage|p2a: Kingambit|83/100\n|move|p1a: Milotic|Ice Beam|p2b: Sinistcha\n|-supereffective|p2b: Sinistcha|1\n|-damage|p2b: Sinistcha|23/100\n|-enditem|p2b: Sinistcha|Sitrus Berry|[eat]\n|-heal|p2b: Sinistcha|48/100|[from] item: Sitrus Berry\n|move|p2b: Sinistcha|Matcha Gotcha|p1a: Milotic|[spread] p1a,p1b\n|-supereffective|p1a: Milotic|1\n|-damage|p1a: Milotic|62/100\n|-heal|p2b: Sinistcha|70/100|[from] drain|[of] p1a: Milotic\n|-damage|p1b: Excadrill|33/100\n|-heal|p2b: Sinistcha|89/100|[from] drain|[of] p1b: Excadrill\n|\n|upkeep\n|turn|3\n|\n|t:|1776650029\n|move|p1a: Milotic|Protect|p1a: Milotic\n|-singleturn|p1a: Milotic|Protect\n|move|p2a: Kingambit|Sucker Punch|p1b: Excadrill\n|-damage|p1b: Excadrill|0 fnt\n|faint|p1b: Excadrill\n|move|p2b: Sinistcha|Matcha Gotcha|p1a: Milotic\n|-activate|p1a: Milotic|move: Protect\n|\n|upkeep\n|\n|t:|1776650033\n|switch|p1b: Tyranitar|Tyranitar, L50, M, shiny|100/100\n|-weather|Sandstorm|[from] ability: Sand Stream|[of] p1b: Tyranitar\n|turn|4\n|\n|t:|1776650040\n|switch|p1a: Corviknight|Corviknight, L50, M|100/100\n|switch|p2b: Floette|Floette-Eternal, L50, F|100/100\n|detailschange|p1b: Tyranitar|Tyranitar-Mega, L50, M, shiny\n|-mega|p1b: Tyranitar|Tyranitar|Tyranitarite\n|move|p1b: Tyranitar|Low Kick|p2a: Kingambit\n|-supereffective|p2a: Kingambit|2\n|-damage|p2a: Kingambit|0 fnt\n|faint|p2a: Kingambit\n|\n|-weather|Sandstorm|[upkeep]\n|-damage|p2b: Floette|94/100|[from] Sandstorm\n|upkeep\n|\n|t:|1776650047\n|switch|p2a: Sinistcha|Sinistcha, L50|89/100\n|-heal|p2b: Floette|100/100|[from] ability: Hospitality|[of] p2a: Sinistcha\n|turn|5\n|\n|t:|1776650059\n|switch|p2a: Incineroar|Incineroar, L50, M|100/100\n|-ability|p2a: Incineroar|Intimidate|boost\n|-ability|p1a: Corviknight|Mirror Armor\n|-unboost|p2a: Incineroar|atk|1\n|-unboost|p1b: Tyranitar|atk|1\n|detailschange|p2b: Floette|Floette-Mega, L50, F\n|-mega|p2b: Floette|Floette|Floettite\n|-ability|p2b: Floette|Fairy Aura\n|move|p1b: Tyranitar|Protect|p1b: Tyranitar\n|-singleturn|p1b: Tyranitar|Protect\n|move|p2b: Floette|Calm Mind|p2b: Floette\n|-boost|p2b: Floette|spa|1\n|-boost|p2b: Floette|spd|1\n|move|p1a: Corviknight|Tailwind|p1a: Corviknight\n|-sidestart|p1: Dr. Papus|move: Tailwind\n|\n|-weather|Sandstorm|[upkeep]\n|-damage|p2b: Floette|94/100|[from] Sandstorm\n|-damage|p2a: Incineroar|95/100|[from] Sandstorm\n|upkeep\n|turn|6\n|\n|t:|1776650065\n|switch|p1b: Milotic|Milotic, L50, F|62/100\n|move|p2a: Incineroar|Fake Out|p1b: Milotic\n|-damage|p1b: Milotic|56/100\n|move|p1a: Corviknight|Iron Head|p2b: Floette\n|-supereffective|p2b: Floette|1\n|-damage|p2b: Floette|21/100\n|move|p2b: Floette|Dazzling Gleam|p1b: Milotic|[spread] p1a,p1b\n|-resisted|p1a: Corviknight|1\n|-damage|p1a: Corviknight|62/100\n|-damage|p1b: Milotic|6/100\n|\n|-weather|Sandstorm|[upkeep]\n|-damage|p1b: Milotic|0 fnt|[from] Sandstorm\n|-damage|p2b: Floette|15/100|[from] Sandstorm\n|-damage|p2a: Incineroar|89/100|[from] Sandstorm\n|faint|p1b: Milotic\n|-heal|p1a: Corviknight|68/100|[from] item: Leftovers\n|upkeep\n|\n|t:|1776650074\n|switch|p1b: Tyranitar|Tyranitar-Mega, L50, M, shiny|100/100\n|turn|7\n|\n|t:|1776650082\n|switch|p2a: Sinistcha|Sinistcha, L50|89/100\n|-heal|p2b: Floette|40/100|[from] ability: Hospitality|[of] p2a: Sinistcha\n|move|p2b: Floette|Protect|p2b: Floette\n|-singleturn|p2b: Floette|Protect\n|move|p1a: Corviknight|Brave Bird|p2a: Sinistcha\n|-supereffective|p2a: Sinistcha|1\n|-damage|p2a: Sinistcha|0 fnt\n|faint|p2a: Sinistcha\n|-damage|p1a: Corviknight|42/100|[from] Recoil\n|move|p1b: Tyranitar|Knock Off|p2b: Floette\n|-activate|p2b: Floette|move: Protect\n|\n|-weather|Sandstorm|[upkeep]\n|-damage|p2b: Floette|34/100|[from] Sandstorm\n|-heal|p1a: Corviknight|48/100|[from] item: Leftovers\n|upkeep\n|\n|t:|1776650095\n|switch|p2a: Incineroar|Incineroar, L50, M|89/100\n|-ability|p2a: Incineroar|Intimidate|boost\n|-ability|p1a: Corviknight|Mirror Armor\n|-unboost|p2a: Incineroar|atk|1\n|-unboost|p1b: Tyranitar|atk|1\n|turn|8\n|\n|t:|1776650105\n|move|p1b: Tyranitar|Protect|p1b: Tyranitar\n|-singleturn|p1b: Tyranitar|Protect\n|move|p2a: Incineroar|Fake Out|p1a: Corviknight\n|-resisted|p1a: Corviknight|1\n|-damage|p1a: Corviknight|45/100\n|cant|p1a: Corviknight|flinch\n|move|p2b: Floette|Moonblast|p1b: Tyranitar\n|-activate|p1b: Tyranitar|move: Protect\n|\n|-weather|none\n|-heal|p1a: Corviknight|51/100|[from] item: Leftovers\n|-sideend|p1: Dr. Papus|move: Tailwind\n|upkeep\n|turn|9\n|\n|t:|1776650116\n|move|p2b: Floette|Moonblast|p1b: Tyranitar\n|-supereffective|p1b: Tyranitar|1\n|-damage|p1b: Tyranitar|0 fnt\n|faint|p1b: Tyranitar\n|move|p1a: Corviknight|Iron Head|p2b: Floette\n|-supereffective|p2b: Floette|1\n|-damage|p2b: Floette|0 fnt\n|faint|p2b: Floette\n|move|p2a: Incineroar|Flare Blitz|p1a: Corviknight\n|-supereffective|p1a: Corviknight|1\n|-damage|p1a: Corviknight|0 fnt\n|faint|p1a: Corviknight\n|-damage|p2a: Incineroar|72/100|[from] Recoil\n|\n|win|sdlt 2krl coolguy\n|raw|Dr. Papus's rating: 1396 &rarr; <strong>1375</strong><br />(-21 for losing)\n|raw|sdlt 2krl coolguy's rating: 1375 &rarr; <strong>1396</strong><br />(+21 for winning)\n",
  "uploadtime": 1776650116,
  "views": 11,
  "formatid": "gen9championsvgc2026regma",
  "rating": 1375,
  "private": 0,
  "password": null
}