{
  "id": "gen9championsvgc2026regma-2585190944",
  "format": "[Gen 9 Champions] VGC 2026 Reg M-A",
  "players": [
    "Todo CCT",
    "SMuscheS"
  ],
  "log": "|j|\u2606Todo CCT\n|j|\u2606SMuscheS\n|t:|1776323066\n|gametype|doubles\n|player|p1|Todo CCT|giovanni|1381\n|player|p2|SMuscheS|266|1294\n|gen|9\n|tier|[Gen 9 Champions] VGC 2026 Reg M-A\n|rated|\n|rule|Species Clause: Limit one of each Pok\u00e9mon\n|rule|Item Clause: Limit 1 of each item\n|clearpoke\n|poke|p1|Sneasler, L50, M|\n|poke|p1|Kingambit, L50, F|\n|poke|p1|Farigiraf, L50, M|\n|poke|p1|Torkoal, L50, M|\n|poke|p1|Whimsicott, L50, M|\n|poke|p1|Floette-Eternal, L50, F|\n|poke|p2|Milotic, L50, M|\n|poke|p2|Sinistcha, L50|\n|poke|p2|Mimikyu, L50, F|\n|poke|p2|Aerodactyl, L50, M|\n|poke|p2|Arbok, L50, M|\n|poke|p2|Emboar, L50, F|\n|teampreview|4\n|inactive|Battle timer is ON: inactive players will automatically lose when time's up. (requested by SMuscheS)\n|inactive|Todo CCT has 60 seconds left.\n|inactive|SMuscheS has 60 seconds left.\n|\n|t:|1776323107\n|teamsize|p1|4\n|teamsize|p2|4\n|start\n|switch|p1a: Kingambit|Kingambit, L50, F|100/100\n|switch|p1b: Floette|Floette-Eternal, L50, F|100/100\n|switch|p2a: Milotic|Milotic, L50, M|100/100\n|switch|p2b: Arbok|Arbok, L50, M|100/100\n|-ability|p2b: Arbok|Intimidate|boost\n|-unboost|p1a: Kingambit|atk|1\n|-ability|p1a: Kingambit|Defiant|boost\n|-boost|p1a: Kingambit|atk|2\n|-unboost|p1b: Floette|atk|1\n|turn|1\n|\n|t:|1776323130\n|detailschange|p1b: Floette|Floette-Mega, L50, F\n|-mega|p1b: Floette|Floette|Floettite\n|-ability|p1b: Floette|Fairy Aura\n|move|p2b: Arbok|Switcheroo||[still]\n|-fail|p2b: Arbok\n|move|p1b: Floette|Substitute|p1b: Floette\n|-start|p1b: Floette|Substitute\n|-damage|p1b: Floette|76/100\n|move|p2a: Milotic|Scald|p1a: Kingambit\n|-damage|p1a: Kingambit|67/100\n|-status|p1a: Kingambit|brn\n|move|p1a: Kingambit|Kowtow Cleave|p2b: Arbok\n|-damage|p2b: Arbok|54/100\n|\n|-damage|p1a: Kingambit|61/100 brn|[from] brn\n|upkeep\n|turn|2\n|\n|t:|1776323153\n|switch|p2b: Emboar|Emboar, L50, F, shiny|100/100\n|move|p1b: Floette|Protect|p1b: Floette\n|-singleturn|p1b: Floette|Protect\n|move|p2a: Milotic|Scald|p1b: Floette\n|-activate|p1b: Floette|move: Protect\n|move|p1a: Kingambit|Kowtow Cleave|p2a: Milotic\n|-damage|p2a: Milotic|69/100\n|\n|-heal|p2a: Milotic|75/100|[from] item: Leftovers\n|-damage|p1a: Kingambit|56/100 brn|[from] brn\n|upkeep\n|turn|3\n|inactive|SMuscheS has 30 seconds left.\n|\n|t:|1776323179\n|detailschange|p2b: Emboar|Emboar-Mega, L50, F, shiny\n|-mega|p2b: Emboar|Emboar|Emboarite\n|-ability|p2b: Emboar|Mold Breaker\n|move|p1a: Kingambit|Sucker Punch|p2b: Emboar\n|-resisted|p2b: Emboar|1\n|-damage|p2b: Emboar|87/100\n|move|p1b: Floette|Moonblast|p2b: Emboar\n|-damage|p2b: Emboar|27/100\n|-unboost|p2b: Emboar|spa|1\n|move|p2b: Emboar|Flame Charge|p1b: Floette\n|-end|p1b: Floette|Substitute\n|-boost|p2b: Emboar|spe|1\n|move|p2a: Milotic|Scald|p1a: Kingambit\n|-damage|p1a: Kingambit|21/100 brn\n|\n|-heal|p2a: Milotic|82/100|[from] item: Leftovers\n|-damage|p1a: Kingambit|15/100 brn|[from] brn\n|upkeep\n|turn|4\n|inactive|SMuscheS has 30 seconds left.\n|\n|t:|1776323206\n|move|p2b: Emboar|Protect|p2b: Emboar\n|-singleturn|p2b: Emboar|Protect\n|move|p1b: Floette|Protect|p1b: Floette\n|-singleturn|p1b: Floette|Protect\n|move|p1a: Kingambit|Sucker Punch||[still]\n|-fail|p1a: Kingambit\n|move|p2a: Milotic|Icy Wind|p1b: Floette|[spread] p1a\n|-activate|p1b: Floette|move: Protect\n|-resisted|p1a: Kingambit|1\n|-damage|p1a: Kingambit|10/100 brn\n|-unboost|p1a: Kingambit|spe|1\n|-ability|p1a: Kingambit|Defiant|boost\n|-boost|p1a: Kingambit|atk|2\n|\n|-heal|p2a: Milotic|88/100|[from] item: Leftovers\n|-damage|p1a: Kingambit|4/100 brn|[from] brn\n|upkeep\n|turn|5\n|\n|t:|1776323227\n|move|p1a: Kingambit|Sucker Punch|p2b: Emboar\n|-resisted|p2b: Emboar|1\n|-damage|p2b: Emboar|7/100\n|move|p2b: Emboar|Flare Blitz|p1b: Floette\n|-damage|p1b: Floette|3/100\n|-damage|p2b: Emboar|0 fnt|[from] Recoil\n|faint|p2b: Emboar\n|move|p1b: Floette|Dazzling Gleam|p2a: Milotic\n|-damage|p2a: Milotic|44/100\n|move|p2a: Milotic|Scald|p1b: Floette\n|-damage|p1b: Floette|0 fnt\n|faint|p1b: Floette\n|\n|-heal|p2a: Milotic|50/100|[from] item: Leftovers\n|-damage|p1a: Kingambit|0 fnt|[from] brn\n|faint|p1a: Kingambit\n|upkeep\n|\n|t:|1776323234\n|switch|p1b: Farigiraf|Farigiraf, L50, M|100/100\n|switch|p2b: Arbok|Arbok, L50, M|54/100\n|switch|p1a: Torkoal|Torkoal, L50, M|100/100\n|-ability|p2b: Arbok|Intimidate|boost\n|-unboost|p1a: Torkoal|atk|1\n|-unboost|p1b: Farigiraf|atk|1\n|-weather|SunnyDay|[from] ability: Drought|[of] p1a: Torkoal\n|turn|6\n|\n|t:|1776323250\n|move|p1a: Torkoal|Protect|p1a: Torkoal\n|-singleturn|p1a: Torkoal|Protect\n|move|p2b: Arbok|Switcheroo|p1b: Farigiraf\n|-activate|p2b: Arbok|move: Trick|[of] p1b: Farigiraf\n|-item|p1b: Farigiraf|Choice Scarf|[from] move: Switcheroo\n|-item|p2b: Arbok|Mental Herb|[from] move: Switcheroo\n|move|p2a: Milotic|Scald|p1a: Torkoal\n|-activate|p1a: Torkoal|move: Protect\n|move|p1b: Farigiraf|Trick Room|p1b: Farigiraf\n|-fieldstart|move: Trick Room|[of] p1b: Farigiraf\n|\n|-weather|SunnyDay|[upkeep]\n|-heal|p2a: Milotic|57/100|[from] item: Leftovers\n|upkeep\n|turn|7\n|inactive|SMuscheS has 30 seconds left.\n|\n|t:|1776323276\n|move|p2a: Milotic|Protect|p2a: Milotic\n|-singleturn|p2a: Milotic|Protect\n|move|p1a: Torkoal|Eruption|p2b: Arbok|[spread] p2b\n|-activate|p2a: Milotic|move: Protect\n|-damage|p2b: Arbok|0 fnt\n|faint|p2b: Arbok\n|move|p1b: Farigiraf|Trick Room|p1b: Farigiraf\n|-fieldend|move: Trick Room\n|\n|-weather|SunnyDay|[upkeep]\n|-heal|p2a: Milotic|63/100|[from] item: Leftovers\n|upkeep\n|\n|t:|1776323283\n|switch|p2b: Aerodactyl|Aerodactyl, L50, M|100/100\n|-ability|p2b: Aerodactyl|Unnerve\n|turn|8\n|\n|t:|1776323289\n|move|p1a: Torkoal|Protect|p1a: Torkoal\n|-singleturn|p1a: Torkoal|Protect\n|move|p2b: Aerodactyl|Rock Slide|p1a: Torkoal|[spread] \n|-activate|p1a: Torkoal|move: Protect\n|-miss|p2b: Aerodactyl|p1b: Farigiraf\n|move|p2a: Milotic|Scald|p1a: Torkoal\n|-activate|p1a: Torkoal|move: Protect\n|move|p1b: Farigiraf|Trick Room|p1b: Farigiraf\n|-fieldstart|move: Trick Room|[of] p1b: Farigiraf\n|\n|-weather|SunnyDay|[upkeep]\n|-heal|p2a: Milotic|69/100|[from] item: Leftovers\n|upkeep\n|turn|9\n|\n|t:|1776323294\n|move|p2a: Milotic|Protect|p2a: Milotic\n|-singleturn|p2a: Milotic|Protect\n|move|p2b: Aerodactyl|Protect|p2b: Aerodactyl\n|-singleturn|p2b: Aerodactyl|Protect\n|move|p1a: Torkoal|Eruption|p2a: Milotic|[spread] \n|-activate|p2a: Milotic|move: Protect\n|-activate|p2b: Aerodactyl|move: Protect\n|move|p1b: Farigiraf|Trick Room|p1b: Farigiraf\n|-fieldend|move: Trick Room\n|\n|-weather|SunnyDay|[upkeep]\n|-heal|p2a: Milotic|75/100|[from] item: Leftovers\n|upkeep\n|turn|10\n|-message|Todo CCT forfeited.\n|\n|win|SMuscheS\n|raw|Todo CCT's rating: 1381 &rarr; <strong>1356</strong><br />(-25 for losing)\n|raw|SMuscheS's rating: 1294 &rarr; <strong>1325</strong><br />(+31 for winning)\n",
  "uploadtime": 1776323308,
  "views": 70,
  "formatid": "gen9championsvgc2026regma",
  "rating": 1325,
  "private": 0,
  "password": null
}