{
  "id": "gen9championsvgc2026regma-2587630829",
  "format": "[Gen 9 Champions] VGC 2026 Reg M-A",
  "players": [
    "CasualitoGaming",
    "rgoirghoerimg"
  ],
  "log": "|j|\u2606CasualitoGaming\n|j|\u2606rgoirghoerimg\n|t:|1776548594\n|gametype|doubles\n|player|p1|CasualitoGaming|harlequin|1206\n|player|p2|rgoirghoerimg|265|1220\n|gen|9\n|tier|[Gen 9 Champions] VGC 2026 Reg M-A\n|rated|\n|rule|Species Clause: Limit one of each Pok\u00e9mon\n|rule|Item Clause: Limit 1 of each item\n|clearpoke\n|poke|p1|Kommo-o, L50, F|\n|poke|p1|Orthworm, L50, F|\n|poke|p1|Farigiraf, L50, F|\n|poke|p1|Sneasler, L50, F|\n|poke|p1|Froslass, L50, F|\n|poke|p1|Basculegion, L50, M|\n|poke|p2|Gengar, L50, M|\n|poke|p2|Raichu, L50, F|\n|poke|p2|Incineroar, L50, F|\n|poke|p2|Mimikyu, L50, M|\n|poke|p2|Garchomp, L50, M|\n|poke|p2|Kingambit, L50, F|\n|teampreview|4\n|\n|t:|1776548651\n|teamsize|p1|4\n|teamsize|p2|4\n|start\n|switch|p1a: Farigiraf|Farigiraf, L50, F|100/100\n|switch|p1b: Sneasler|Sneasler, L50, F|100/100\n|switch|p2a: Mimikyu|Mimikyu, L50, M|100/100\n|switch|p2b: Kingambit|Kingambit, L50, F|100/100\n|turn|1\n|\n|t:|1776548689\n|move|p1b: Sneasler|Fake Out|p2b: Kingambit\n|-resisted|p2b: Kingambit|1\n|-crit|p2b: Kingambit\n|-damage|p2b: Kingambit|93/100\n|move|p2a: Mimikyu|Taunt|p1a: Farigiraf\n|-start|p1a: Farigiraf|move: Taunt\n|move|p1a: Farigiraf|Psychic|p2a: Mimikyu\n|-activate|p2a: Mimikyu|ability: Disguise\n|-damage|p2a: Mimikyu|100/100\n|detailschange|p2a: Mimikyu|Mimikyu-Busted, L50, M\n|-damage|p2a: Mimikyu|88/100|[from] pokemon: Mimikyu-Busted\n|cant|p2b: Kingambit|flinch\n|\n|upkeep\n|turn|2\n|\n|t:|1776548724\n|switch|p1b: Basculegion|Basculegion, L50, M|100/100\n|move|p2a: Mimikyu|Protect|p2a: Mimikyu\n|-singleturn|p2a: Mimikyu|Protect\n|move|p1a: Farigiraf|Foul Play|p2a: Mimikyu\n|-activate|p2a: Mimikyu|move: Protect\n|move|p2b: Kingambit|Kowtow Cleave|p1a: Farigiraf\n|-supereffective|p1a: Farigiraf|1\n|-damage|p1a: Farigiraf|21/100\n|\n|upkeep\n|turn|3\n|\n|t:|1776548749\n|move|p2b: Kingambit|Sucker Punch||[still]\n|cant|p1a: Farigiraf|ability: Armor Tail|Sucker Punch|[of] p2b: Kingambit\n|move|p2a: Mimikyu|Shadow Claw|p1b: Basculegion\n|-supereffective|p1b: Basculegion|1\n|-damage|p1b: Basculegion|55/100\n|move|p1b: Basculegion|Wave Crash|p2b: Kingambit\n|-damage|p2b: Kingambit|22/100\n|-damage|p1b: Basculegion|34/100|[from] Recoil\n|move|p1a: Farigiraf|Foul Play|p2a: Mimikyu\n|-damage|p2a: Mimikyu|69/100\n|\n|-end|p1a: Farigiraf|move: Taunt\n|upkeep\n|turn|4\n|\n|t:|1776548775\n|move|p1b: Basculegion|Protect|p1b: Basculegion\n|-singleturn|p1b: Basculegion|Protect\n|move|p1a: Farigiraf|Protect|p1a: Farigiraf\n|-singleturn|p1a: Farigiraf|Protect\n|move|p2b: Kingambit|Protect|p2b: Kingambit\n|-singleturn|p2b: Kingambit|Protect\n|move|p2a: Mimikyu|Shadow Claw|p1b: Basculegion\n|-activate|p1b: Basculegion|move: Protect\n|\n|upkeep\n|turn|5\n|\n|t:|1776548808\n|switch|p1a: Kommo-o|Kommo-o, L50, F|100/100\n|move|p1b: Basculegion|Aqua Jet|p2a: Mimikyu\n|-damage|p2a: Mimikyu|36/100\n|-enditem|p2a: Mimikyu|Sitrus Berry|[eat]\n|-heal|p2a: Mimikyu|60/100|[from] item: Sitrus Berry\n|move|p2a: Mimikyu|Shadow Claw|p1b: Basculegion\n|-supereffective|p1b: Basculegion|1\n|-damage|p1b: Basculegion|0 fnt\n|faint|p1b: Basculegion\n|move|p2b: Kingambit|Kowtow Cleave|p1a: Kommo-o\n|-resisted|p1a: Kommo-o|1\n|-damage|p1a: Kommo-o|78/100\n|\n|-heal|p1a: Kommo-o|84/100|[from] item: Leftovers\n|upkeep\n|\n|t:|1776548822\n|switch|p1b: Sneasler|Sneasler, L50, F|100/100\n|turn|6\n|\n|t:|1776548847\n|move|p2b: Kingambit|Protect|p2b: Kingambit\n|-singleturn|p2b: Kingambit|Protect\n|move|p1b: Sneasler|Dire Claw|p2a: Mimikyu\n|-damage|p2a: Mimikyu|17/100\n|move|p2a: Mimikyu|Taunt|p1a: Kommo-o\n|-start|p1a: Kommo-o|move: Taunt\n|move|p1a: Kommo-o|Aura Sphere|p2b: Kingambit\n|-activate|p2b: Kingambit|move: Protect\n|\n|-heal|p1a: Kommo-o|90/100|[from] item: Leftovers\n|upkeep\n|turn|7\n|\n|t:|1776548880\n|move|p2a: Mimikyu|Shadow Sneak|p1a: Kommo-o\n|-damage|p1a: Kommo-o|79/100\n|move|p1b: Sneasler|Dire Claw|p2a: Mimikyu\n|-damage|p2a: Mimikyu|0 fnt\n|faint|p2a: Mimikyu\n|move|p1a: Kommo-o|Clanging Scales|p2b: Kingambit\n|-resisted|p2b: Kingambit|1\n|-damage|p2b: Kingambit|0 fnt\n|faint|p2b: Kingambit\n|-unboost|p1a: Kommo-o|def|1\n|\n|-heal|p1a: Kommo-o|85/100|[from] item: Leftovers\n|upkeep\n|\n|t:|1776548892\n|switch|p2a: Gengar|Gengar, L50, M|100/100\n|switch|p2b: Raichu|Raichu, L50, F|100/100\n|turn|8\n|\n|t:|1776548910\n|switch|p1a: Farigiraf|Farigiraf, L50, F|21/100\n|detailschange|p2a: Gengar|Gengar-Mega, L50, M\n|-mega|p2a: Gengar|Gengar|Gengarite\n|move|p1b: Sneasler|Protect|p1b: Sneasler\n|-singleturn|p1b: Sneasler|Protect\n|move|p2b: Raichu|Fake Out||[still]\n|cant|p1a: Farigiraf|ability: Armor Tail|Fake Out|[of] p2b: Raichu\n|move|p2a: Gengar|Shadow Ball|p1a: Farigiraf\n|-immune|p1a: Farigiraf\n|\n|upkeep\n|turn|9\n|\n|t:|1776548937\n|move|p2a: Gengar|Sludge Bomb|p1a: Farigiraf\n|-damage|p1a: Farigiraf|0 fnt\n|faint|p1a: Farigiraf\n|move|p1b: Sneasler|Close Combat|p2b: Raichu\n|-enditem|p2b: Raichu|Focus Sash\n|-damage|p2b: Raichu|1/100\n|-unboost|p1b: Sneasler|def|1\n|-unboost|p1b: Sneasler|spd|1\n|-enditem|p1b: Sneasler|White Herb\n|-clearnegativeboost|p1b: Sneasler|[silent]\n|move|p2b: Raichu|Volt Switch|p1b: Sneasler\n|-damage|p1b: Sneasler|64/100\n|\n|upkeep\n|\n|t:|1776548950\n|switch|p1a: Kommo-o|Kommo-o, L50, F|85/100\n|turn|10\n|\n|t:|1776548964\n|move|p1b: Sneasler|Dire Claw|p2b: Raichu\n|-damage|p2b: Raichu|0 fnt\n|faint|p2b: Raichu\n|move|p2a: Gengar|Shadow Ball|p1b: Sneasler\n|-damage|p1b: Sneasler|0 fnt\n|faint|p1b: Sneasler\n|move|p1a: Kommo-o|Clanging Scales|p2a: Gengar\n|-damage|p2a: Gengar|46/100\n|-unboost|p1a: Kommo-o|def|1\n|\n|-heal|p1a: Kommo-o|91/100|[from] item: Leftovers\n|upkeep\n|turn|11\n|\n|t:|1776548981\n|move|p1a: Kommo-o|Protect|p1a: Kommo-o\n|-singleturn|p1a: Kommo-o|Protect\n|move|p2a: Gengar|Shadow Ball|p1a: Kommo-o\n|-activate|p1a: Kommo-o|move: Protect\n|\n|-heal|p1a: Kommo-o|97/100|[from] item: Leftovers\n|upkeep\n|turn|12\n|\n|t:|1776548990\n|move|p2a: Gengar|Shadow Ball|p1a: Kommo-o\n|-damage|p1a: Kommo-o|52/100\n|-unboost|p1a: Kommo-o|spd|1\n|move|p1a: Kommo-o|Clanging Scales|p2a: Gengar\n|-damage|p2a: Gengar|0 fnt\n|faint|p2a: Gengar\n|\n|win|CasualitoGaming\n|raw|CasualitoGaming's rating: 1206 &rarr; <strong>1232</strong><br />(+26 for winning)\n|raw|rgoirghoerimg's rating: 1220 &rarr; <strong>1194</strong><br />(-26 for losing)\n|l|\u2606rgoirghoerimg\n|player|p2|\n|c|\u2606CasualitoGaming|gg\n",
  "uploadtime": 1776549203,
  "views": 12,
  "formatid": "gen9championsvgc2026regma",
  "rating": 1194,
  "private": 0,
  "password": null
}