{
  "id": "gen9championsvgc2026regma-2588897525",
  "format": "[Gen 9 Champions] VGC 2026 Reg M-A",
  "players": [
    "yundrex",
    "Zapdos79"
  ],
  "log": "|j|\u203dyundrex\n|j|\u2606Zapdos79\n|t:|1776683669\n|gametype|doubles\n|player|p1|yundrex|169|1292\n|player|p2|Zapdos79|flannery|1242\n|gen|9\n|tier|[Gen 9 Champions] VGC 2026 Reg M-A\n|rated|\n|rule|Species Clause: Limit one of each Pok\u00e9mon\n|rule|Item Clause: Limit 1 of each item\n|clearpoke\n|poke|p1|Basculegion, L50, M|\n|poke|p1|Dragapult, L50, F|\n|poke|p1|Froslass, L50, F|\n|poke|p1|Glaceon, L50, M|\n|poke|p1|Sneasler, L50, F|\n|poke|p1|Incineroar, L50, F|\n|poke|p2|Tyranitar, L50, F|\n|poke|p2|Basculegion, L50, M|\n|poke|p2|Excadrill, L50, F|\n|poke|p2|Meganium, L50, M|\n|poke|p2|Farigiraf, L50, M|\n|poke|p2|Incineroar, L50, F|\n|teampreview|4\n|inactive|Battle timer is ON: inactive players will automatically lose when time's up. (requested by yundrex)\n|inactive|Zapdos79 has 60 seconds left.\n|\n|t:|1776683745\n|teamsize|p1|4\n|teamsize|p2|4\n|start\n|switch|p1a: Froslass|Froslass, L50, F|100/100\n|switch|p1b: Incineroar|Incineroar, L50, F|100/100\n|switch|p2a: Farigiraf|Farigiraf, L50, M|100/100\n|switch|p2b: Tyranitar|Tyranitar, L50, F|100/100\n|-weather|Sandstorm|[from] ability: Sand Stream|[of] p2b: Tyranitar\n|-ability|p1b: Incineroar|Intimidate|boost\n|-unboost|p2a: Farigiraf|atk|1\n|-unboost|p2b: Tyranitar|atk|1\n|turn|1\n|inactive|yundrex has 30 seconds left.\n|inactive|yundrex has 20 seconds left.\n|\n|t:|1776683781\n|move|p1a: Froslass|Protect|p1a: Froslass\n|-singleturn|p1a: Froslass|Protect\n|move|p2b: Tyranitar|Rock Slide|p1b: Incineroar|[spread] p1b\n|-activate|p1a: Froslass|move: Protect\n|-supereffective|p1b: Incineroar|1\n|-damage|p1b: Incineroar|58/100\n|move|p1b: Incineroar|Parting Shot|p2b: Tyranitar\n|-unboost|p2b: Tyranitar|atk|1\n|-unboost|p2b: Tyranitar|spa|1\n|\n|t:|1776683794\n|switch|p1b: Basculegion|Basculegion, L50, M|100/100|[from] Parting Shot\n|move|p2a: Farigiraf|Thunder Wave|p1a: Froslass\n|-activate|p1a: Froslass|move: Protect\n|\n|-weather|Sandstorm|[upkeep]\n|-damage|p1b: Basculegion|94/100|[from] Sandstorm\n|-damage|p1a: Froslass|94/100|[from] Sandstorm\n|-damage|p2a: Farigiraf|94/100|[from] Sandstorm\n|-heal|p2a: Farigiraf|100/100|[from] item: Leftovers\n|upkeep\n|turn|2\n|inactive|yundrex has 30 seconds left.\n|\n|t:|1776683827\n|switch|p1a: Incineroar|Incineroar, L50, F|58/100\n|-ability|p1a: Incineroar|Intimidate|boost\n|-unboost|p2a: Farigiraf|atk|1\n|-unboost|p2b: Tyranitar|atk|1\n|switch|p2a: Incineroar|Incineroar, L50, F|100/100\n|-ability|p2a: Incineroar|Intimidate|boost\n|-unboost|p1a: Incineroar|atk|1\n|-unboost|p1b: Basculegion|atk|1\n|move|p2b: Tyranitar|Protect|p2b: Tyranitar\n|-singleturn|p2b: Tyranitar|Protect\n|move|p1b: Basculegion|Wave Crash|p2b: Tyranitar\n|-activate|p2b: Tyranitar|move: Protect\n|\n|-weather|Sandstorm|[upkeep]\n|-damage|p1b: Basculegion|88/100|[from] Sandstorm\n|-damage|p1a: Incineroar|52/100|[from] Sandstorm\n|-damage|p2a: Incineroar|95/100|[from] Sandstorm\n|upkeep\n|turn|3\n|inactive|Zapdos79 has 30 seconds left.\n|\n|t:|1776683852\n|switch|p2b: Meganium|Meganium, L50, M|100/100\n|move|p2a: Incineroar|Protect|p2a: Incineroar\n|-singleturn|p2a: Incineroar|Protect\n|move|p1a: Incineroar|Fake Out|p2b: Meganium\n|-damage|p2b: Meganium|92/100\n|move|p1b: Basculegion|Wave Crash|p2b: Meganium\n|-resisted|p2b: Meganium|1\n|-damage|p2b: Meganium|60/100\n|-damage|p1b: Basculegion|79/100|[from] Recoil\n|\n|-weather|Sandstorm|[upkeep]\n|-damage|p1b: Basculegion|73/100|[from] Sandstorm\n|-damage|p2b: Meganium|55/100|[from] Sandstorm\n|-damage|p1a: Incineroar|46/100|[from] Sandstorm\n|-damage|p2a: Incineroar|89/100|[from] Sandstorm\n|-enditem|p1a: Incineroar|Sitrus Berry|[eat]\n|-heal|p1a: Incineroar|71/100|[from] item: Sitrus Berry\n|upkeep\n|turn|4\n|inactive|yundrex has 30 seconds left.\n|inactive|yundrex has 20 seconds left.\n|\n|t:|1776683890\n|detailschange|p2b: Meganium|Meganium-Mega, L50, M\n|-mega|p2b: Meganium|Meganium|Meganiumite\n|move|p2b: Meganium|Protect|p2b: Meganium\n|-singleturn|p2b: Meganium|Protect\n|move|p1b: Basculegion|Wave Crash|p2a: Incineroar\n|-supereffective|p2a: Incineroar|1\n|-damage|p2a: Incineroar|0 fnt\n|faint|p2a: Incineroar\n|-damage|p1b: Basculegion|43/100|[from] Recoil\n|move|p1a: Incineroar|Flare Blitz|p2b: Meganium\n|-activate|p2b: Meganium|move: Protect\n|\n|-weather|Sandstorm|[upkeep]\n|-damage|p1b: Basculegion|37/100|[from] Sandstorm\n|-damage|p2b: Meganium|49/100|[from] Sandstorm\n|-damage|p1a: Incineroar|65/100|[from] Sandstorm\n|upkeep\n|\n|t:|1776683903\n|switch|p2a: Tyranitar|Tyranitar, L50, F|100/100\n|turn|5\n|inactive|Zapdos79 has 30 seconds left.\n|\n|t:|1776683929\n|move|p1b: Basculegion|Wave Crash|p2a: Tyranitar\n|-supereffective|p2a: Tyranitar|1\n|-damage|p2a: Tyranitar|0 fnt\n|faint|p2a: Tyranitar\n|-damage|p1b: Basculegion|7/100|[from] Recoil\n|move|p2b: Meganium|Dazzling Gleam|p1a: Incineroar|[spread] p1a,p1b\n|-damage|p1a: Incineroar|37/100\n|-damage|p1b: Basculegion|0 fnt\n|faint|p1b: Basculegion\n|move|p1a: Incineroar|Will-O-Wisp|p2b: Meganium\n|-status|p2b: Meganium|brn\n|\n|-weather|none\n|-damage|p2b: Meganium|43/100 brn|[from] brn\n|upkeep\n|\n|t:|1776683946\n|switch|p1b: Froslass|Froslass, L50, F|94/100\n|switch|p2a: Farigiraf|Farigiraf, L50, M|100/100\n|turn|6\n|\n|t:|1776683961\n|detailschange|p1b: Froslass|Froslass-Mega, L50, F\n|-mega|p1b: Froslass|Froslass|Froslassite\n|-weather|Snowscape|[from] ability: Snow Warning|[of] p1b: Froslass\n|move|p2a: Farigiraf|Ally Switch|p2a: Farigiraf\n|swap|p2a: Farigiraf|1|[from] move: Ally Switch\n|move|p1b: Froslass|Blizzard|p2a: Meganium|[spread] p2a,p2b\n|-supereffective|p2a: Meganium|1\n|-damage|p2a: Meganium|0 fnt\n|-damage|p2b: Farigiraf|71/100\n|faint|p2a: Meganium\n|move|p1a: Incineroar|Flare Blitz|p2b: Farigiraf\n|-damage|p2b: Farigiraf|39/100\n|-damage|p1a: Incineroar|25/100|[from] Recoil\n|\n|-weather|Snowscape|[upkeep]\n|-heal|p2b: Farigiraf|45/100|[from] item: Leftovers\n|upkeep\n|turn|7\n|\n|t:|1776683983\n|move|p2b: Farigiraf|Protect|p2b: Farigiraf\n|-singleturn|p2b: Farigiraf|Protect\n|move|p1b: Froslass|Blizzard|p2b: Farigiraf\n|-activate|p2b: Farigiraf|move: Protect\n|move|p1a: Incineroar|Flare Blitz|p2b: Farigiraf\n|-activate|p2b: Farigiraf|move: Protect\n|\n|-weather|Snowscape|[upkeep]\n|-heal|p2b: Farigiraf|51/100|[from] item: Leftovers\n|upkeep\n|turn|8\n|\n|t:|1776683999\n|move|p1b: Froslass|Blizzard|p2b: Farigiraf\n|-damage|p2b: Farigiraf|8/100\n|move|p1a: Incineroar|Flare Blitz|p2b: Farigiraf\n|-damage|p2b: Farigiraf|0 fnt\n|faint|p2b: Farigiraf\n|-damage|p1a: Incineroar|22/100|[from] Recoil\n|\n|win|yundrex\n|raw|yundrex's rating: 1292 &rarr; <strong>1313</strong><br />(+21 for winning)\n|raw|Zapdos79's rating: 1242 &rarr; <strong>1221</strong><br />(-21 for losing)\n|c|\u2606Zapdos79|gg\n",
  "uploadtime": 1776684007,
  "views": 17,
  "formatid": "gen9championsvgc2026regma",
  "rating": 1221,
  "private": 0,
  "password": null
}