{
  "id": "gen9championsvgc2026regma-2583187079",
  "format": "[Gen 9 Champions] VGC 2026 Reg M-A",
  "players": [
    "huvidragon",
    "negalord"
  ],
  "log": "|j|\u2606huvidragon\n|j|\u2606negalord\n|t:|1776152492\n|gametype|doubles\n|player|p1|huvidragon|1|1108\n|player|p2|negalord|drayden|1050\n|gen|9\n|tier|[Gen 9 Champions] VGC 2026 Reg M-A\n|rated|\n|rule|Species Clause: Limit one of each Pok\u00e9mon\n|rule|Item Clause: Limit 1 of each item\n|clearpoke\n|poke|p1|Incineroar, L50, M|\n|poke|p1|Charizard, L50, F|\n|poke|p1|Whimsicott, L50, M|\n|poke|p1|Kingambit, L50, F|\n|poke|p1|Venusaur, L50, M|\n|poke|p1|Mamoswine, L50, F|\n|poke|p2|Sinistcha, L50|\n|poke|p2|Crabominable, L50, M|\n|poke|p2|Aegislash, L50, M|\n|poke|p2|Incineroar, L50, M|\n|poke|p2|Camerupt, L50, F|\n|poke|p2|Slowking-Galar, L50, F|\n|teampreview|4\n|inactive|Battle timer is ON: inactive players will automatically lose when time's up. (requested by negalord)\n|inactive|huvidragon has 60 seconds left.\n|inactive|negalord has 60 seconds left.\n|\n|t:|1776152530\n|teamsize|p1|4\n|teamsize|p2|4\n|start\n|switch|p1a: Whimsicott|Whimsicott, L50, M|100/100\n|switch|p1b: Mamoswine|Mamoswine, L50, F|100/100\n|switch|p2a: God save|Incineroar, L50, M|100/100\n|switch|p2b: The Queen|Slowking-Galar, L50, F|100/100\n|-ability|p2a: God save|Intimidate|boost\n|-unboost|p1a: Whimsicott|atk|1\n|-fail|p1b: Mamoswine|unboost|Attack|[from] ability: Oblivious|[of] p1b: Mamoswine\n|turn|1\n|inactive|huvidragon has 30 seconds left.\n|inactive|negalord has 30 seconds left.\n|\n|t:|1776152564\n|move|p2a: God save|Fake Out|p1a: Whimsicott\n|-damage|p1a: Whimsicott|79/100\n|cant|p1a: Whimsicott|flinch\n|move|p1b: Mamoswine|High Horsepower|p2b: The Queen\n|-supereffective|p2b: The Queen|1\n|-damage|p2b: The Queen|0 fnt\n|faint|p2b: The Queen\n|\n|upkeep\n|\n|t:|1776152588\n|switch|p2b: Estathe|Sinistcha, L50|100/100\n|turn|2\n|\n|t:|1776152600\n|move|p2b: Estathe|Rage Powder|p2b: Estathe\n|-singleturn|p2b: Estathe|move: Rage Powder\n|move|p1a: Whimsicott|Tailwind|p1a: Whimsicott\n|-sidestart|p1: huvidragon|move: Tailwind\n|move|p1b: Mamoswine|High Horsepower|p2b: Estathe\n|-resisted|p2b: Estathe|1\n|-damage|p2b: Estathe|80/100\n|move|p2a: God save|Flare Blitz|p1b: Mamoswine\n|-supereffective|p1b: Mamoswine|1\n|-damage|p1b: Mamoswine|0 fnt\n|faint|p1b: Mamoswine\n|-damage|p2a: God save|64/100|[from] Recoil\n|\n|upkeep\n|\n|t:|1776152616\n|switch|p1b: Charizard|Charizard, L50, F|100/100\n|turn|3\n|\n|t:|1776152639\n|detailschange|p1b: Charizard|Charizard-Mega-Y, L50, F\n|-mega|p1b: Charizard|Charizard|Charizardite Y\n|-weather|SunnyDay|[from] ability: Drought|[of] p1b: Charizard\n|move|p1a: Whimsicott|Fake Tears|p2b: Estathe|[miss]\n|-miss|p1a: Whimsicott|p2b: Estathe\n|move|p1b: Charizard|Heat Wave|p2b: Estathe|[spread] p2a\n|-miss|p1b: Charizard|p2b: Estathe\n|-resisted|p2a: God save|1\n|-damage|p2a: God save|28/100\n|-enditem|p2a: God save|Sitrus Berry|[eat]\n|-heal|p2a: God save|52/100|[from] item: Sitrus Berry\n|move|p2b: Estathe|Life Dew|p2b: Estathe|[spread] p2a,p2b\n|-heal|p2a: God save|78/100\n|-heal|p2b: Estathe|100/100\n|move|p2a: God save|Parting Shot|p1b: Charizard\n|-unboost|p1b: Charizard|atk|1\n|-unboost|p1b: Charizard|spa|1\n|\n|t:|1776152657\n|switch|p2a: Le Crab|Crabominable, L50, M|100/100|[from] Parting Shot\n|\n|-weather|SunnyDay|[upkeep]\n|upkeep\n|turn|4\n|inactive|negalord has 30 seconds left.\n|\n|t:|1776152689\n|switch|p1b: Kingambit|Kingambit, L50, F|100/100\n|switch|p2b: God save|Incineroar, L50, M|78/100\n|-ability|p2b: God save|Intimidate|boost\n|-unboost|p1a: Whimsicott|atk|1\n|-unboost|p1b: Kingambit|atk|1\n|-ability|p1b: Kingambit|Defiant|boost\n|-boost|p1b: Kingambit|atk|2\n|detailschange|p2a: Le Crab|Crabominable-Mega, L50, M\n|-mega|p2a: Le Crab|Crabominable|Crabominite\n|move|p1a: Whimsicott|Moonblast|p2a: Le Crab\n|-supereffective|p2a: Le Crab|1\n|-damage|p2a: Le Crab|48/100\n|move|p2a: Le Crab|Crabhammer|p1b: Kingambit\n|-damage|p1b: Kingambit|84/100\n|\n|-weather|SunnyDay|[upkeep]\n|upkeep\n|turn|5\n|inactive|huvidragon has 30 seconds left.\n|\n|t:|1776152716\n|switch|p1a: Charizard|Charizard-Mega-Y, L50, F|100/100\n|move|p1b: Kingambit|Protect|p1b: Kingambit\n|-singleturn|p1b: Kingambit|Protect\n|move|p2b: God save|Fake Out|p1a: Charizard\n|-damage|p1a: Charizard|82/100\n|move|p2a: Le Crab|Mach Punch|p1b: Kingambit\n|-activate|p1b: Kingambit|move: Protect\n|\n|-weather|SunnyDay|[upkeep]\n|-sideend|p1: huvidragon|move: Tailwind\n|upkeep\n|turn|6\n|inactive|huvidragon has 30 seconds left.\n|\n|t:|1776152747\n|move|p1a: Charizard|Protect|p1a: Charizard\n|-singleturn|p1a: Charizard|Protect\n|move|p1b: Kingambit|Sucker Punch|p2a: Le Crab\n|-resisted|p2a: Le Crab|1\n|-damage|p2a: Le Crab|20/100\n|move|p2a: Le Crab|Mach Punch|p1b: Kingambit\n|-supereffective|p1b: Kingambit|2\n|-damage|p1b: Kingambit|0 fnt\n|faint|p1b: Kingambit\n|move|p2b: God save|Parting Shot|p1a: Charizard\n|-activate|p1a: Charizard|move: Protect\n|\n|-weather|SunnyDay|[upkeep]\n|upkeep\n|\n|t:|1776152760\n|switch|p1b: Whimsicott|Whimsicott, L50, M|79/100\n|turn|7\n|\n|t:|1776152782\n|switch|p2a: Estathe|Sinistcha, L50|100/100\n|-heal|p2b: God save|100/100|[from] ability: Hospitality|[of] p2a: Estathe\n|move|p1b: Whimsicott|Tailwind|p1b: Whimsicott\n|-sidestart|p1: huvidragon|move: Tailwind\n|move|p1a: Charizard|Weather Ball|p2a: Estathe\n|-supereffective|p2a: Estathe|1\n|-damage|p2a: Estathe|0 fnt\n|faint|p2a: Estathe\n|move|p2b: God save|Parting Shot|p1a: Charizard\n|-unboost|p1a: Charizard|atk|1\n|-unboost|p1a: Charizard|spa|1\n|\n|t:|1776152796\n|switch|p2b: Le Crab|Crabominable-Mega, L50, M|20/100|[from] Parting Shot\n|\n|-weather|none\n|upkeep\n|\n|t:|1776152801\n|switch|p2a: God save|Incineroar, L50, M|100/100\n|-ability|p2a: God save|Intimidate|boost\n|-unboost|p1a: Charizard|atk|1\n|-unboost|p1b: Whimsicott|atk|1\n|turn|8\n|\n|t:|1776152816\n|move|p2a: God save|Fake Out|p1a: Charizard\n|-damage|p1a: Charizard|60/100\n|move|p1b: Whimsicott|Moonblast|p2a: God save\n|-damage|p2a: God save|62/100\n|cant|p1a: Charizard|flinch\n|move|p2b: Le Crab|Crabhammer|p1a: Charizard\n|-supereffective|p1a: Charizard|1\n|-damage|p1a: Charizard|0 fnt\n|faint|p1a: Charizard\n|\n|upkeep\n|turn|9\n|\n|t:|1776152838\n|move|p1b: Whimsicott|Moonblast|p2b: Le Crab\n|-supereffective|p2b: Le Crab|1\n|-damage|p2b: Le Crab|0 fnt\n|faint|p2b: Le Crab\n|move|p2a: God save|Flare Blitz|p1b: Whimsicott\n|-supereffective|p1b: Whimsicott|1\n|-damage|p1b: Whimsicott|0 fnt\n|faint|p1b: Whimsicott\n|-damage|p2a: God save|40/100|[from] Recoil\n|\n|win|negalord\n|raw|huvidragon's rating: 1108 &rarr; <strong>1079</strong><br />(-29 for losing)\n|raw|negalord's rating: 1050 &rarr; <strong>1088</strong><br />(+38 for winning)\n",
  "uploadtime": 1776152850,
  "views": 41,
  "formatid": "gen9championsvgc2026regma",
  "rating": 1079,
  "private": 0,
  "password": null
}