{
  "id": "gen9championsvgc2026regma-2583791004",
  "format": "[Gen 9 Champions] VGC 2026 Reg M-A",
  "players": [
    "Isidino",
    "bobimus"
  ],
  "log": "|j|\u2606Isidino\n|j|\u2606bobimus\n|t:|1776197949\n|gametype|doubles\n|player|p1|Isidino|102|1173\n|player|p2|bobimus|1|1076\n|gen|9\n|tier|[Gen 9 Champions] VGC 2026 Reg M-A\n|rated|\n|rule|Species Clause: Limit one of each Pok\u00e9mon\n|rule|Item Clause: Limit 1 of each item\n|clearpoke\n|poke|p1|Pelipper, L50, F|\n|poke|p1|Basculegion-F, L50, F|\n|poke|p1|Starmie, L50|\n|poke|p1|Sneasler, L50, M|\n|poke|p1|Sableye, L50, M|\n|poke|p1|Dragapult, L50, M|\n|poke|p2|Floette-Eternal, L50, F|\n|poke|p2|Incineroar, L50, F|\n|poke|p2|Whimsicott, L50, F|\n|poke|p2|Garchomp, L50, M|\n|poke|p2|Sneasler, L50, M|\n|poke|p2|Aegislash, L50, F|\n|teampreview|4\n|inactive|Battle timer is ON: inactive players will automatically lose when time's up. (requested by bobimus)\n|inactive|Isidino also wants the timer to be on.\n|inactive|Isidino has 60 seconds left.\n|\n|t:|1776197988\n|teamsize|p1|4\n|teamsize|p2|4\n|start\n|switch|p1a: Basculegion|Basculegion-F, L50, F, shiny|100/100\n|switch|p1b: Sableye|Sableye, L50, M, shiny|100/100\n|switch|p2a: Incineroar|Incineroar, L50, F|100/100\n|switch|p2b: Floette|Floette-Eternal, L50, F|100/100\n|-ability|p2a: Incineroar|Intimidate|boost\n|-unboost|p1a: Basculegion|atk|1\n|-unboost|p1b: Sableye|atk|1\n|turn|1\n|\n|t:|1776198001\n|detailschange|p2b: Floette|Floette-Mega, L50, F\n|-mega|p2b: Floette|Floette|Floettite\n|-ability|p2b: Floette|Fairy Aura\n|move|p1b: Sableye|Rain Dance|p1b: Sableye\n|-weather|RainDance\n|move|p1a: Basculegion|Muddy Water|p2a: Incineroar|[spread] p2a,p2b\n|-supereffective|p2a: Incineroar|1\n|-crit|p2b: Floette\n|-damage|p2a: Incineroar|17/100\n|-damage|p2b: Floette|46/100\n|-unboost|p2a: Incineroar|accuracy|1\n|-enditem|p2a: Incineroar|Sitrus Berry|[eat]\n|-heal|p2a: Incineroar|42/100|[from] item: Sitrus Berry\n|move|p2b: Floette|Calm Mind|p2b: Floette\n|-boost|p2b: Floette|spa|1\n|-boost|p2b: Floette|spd|1\n|move|p2a: Incineroar|Will-O-Wisp|p1a: Basculegion|[miss]\n|-miss|p2a: Incineroar|p1a: Basculegion\n|\n|-weather|RainDance|[upkeep]\n|upkeep\n|turn|2\n|inactive|Isidino has 30 seconds left.\n|\n|t:|1776198031\n|move|p2b: Floette|Protect|p2b: Floette\n|-singleturn|p2b: Floette|Protect\n|move|p1a: Basculegion|Muddy Water|p2b: Floette|[spread] p2a\n|-activate|p2b: Floette|move: Protect\n|-supereffective|p2a: Incineroar|1\n|-damage|p2a: Incineroar|0 fnt\n|faint|p2a: Incineroar\n|move|p1b: Sableye|Night Shade|p2b: Floette\n|-activate|p2b: Floette|move: Protect\n|\n|-weather|RainDance|[upkeep]\n|upkeep\n|\n|t:|1776198041\n|switch|p2a: Whimsicott|Whimsicott, L50, F|100/100\n|turn|3\n|\n|t:|1776198050\n|move|p2a: Whimsicott|Tailwind|p2a: Whimsicott\n|-sidestart|p2: bobimus|move: Tailwind\n|move|p1b: Sableye|Encore|p2b: Floette\n|-start|p2b: Floette|Encore\n|move|p2b: Floette|Protect|p2b: Floette\n|-singleturn|p2b: Floette|Protect\n|move|p1a: Basculegion|Icy Wind|p2b: Floette|[spread] p2a\n|-activate|p2b: Floette|move: Protect\n|-supereffective|p2a: Whimsicott|1\n|-damage|p2a: Whimsicott|68/100\n|-unboost|p2a: Whimsicott|spe|1\n|\n|-weather|RainDance|[upkeep]\n|upkeep\n|turn|4\n|\n|t:|1776198064\n|switch|p2b: Garchomp|Garchomp, L50, M|100/100\n|move|p2a: Whimsicott|Encore|p1b: Sableye\n|-hint|Since gen 7, Dark is immune to Prankster moves.\n|-immune|p1b: Sableye\n|move|p1b: Sableye|Encore||[still]\n|-fail|p1b: Sableye\n|move|p1a: Basculegion|Icy Wind|p2b: Garchomp|[spread] p2a\n|-miss|p1a: Basculegion|p2b: Garchomp\n|-supereffective|p2a: Whimsicott|1\n|-crit|p2a: Whimsicott\n|-damage|p2a: Whimsicott|23/100\n|-unboost|p2a: Whimsicott|spe|1\n|\n|-weather|RainDance|[upkeep]\n|upkeep\n|turn|5\n|\n|t:|1776198079\n|move|p2a: Whimsicott|Sunny Day|p2a: Whimsicott\n|-weather|SunnyDay\n|move|p2b: Garchomp|Earthquake|p1b: Sableye|[spread] p2a,p1a,p1b\n|-resisted|p2a: Whimsicott|1\n|-damage|p2a: Whimsicott|2/100\n|-damage|p1a: Basculegion|44/100\n|-damage|p1b: Sableye|46/100\n|move|p1a: Basculegion|Icy Wind|p2b: Garchomp|[spread] p2a,p2b\n|-supereffective|p2a: Whimsicott|1\n|-supereffective|p2b: Garchomp|2\n|-damage|p2a: Whimsicott|0 fnt\n|-damage|p2b: Garchomp|38/100\n|-unboost|p2b: Garchomp|spe|1\n|faint|p2a: Whimsicott\n|move|p1b: Sableye|Night Shade|p2b: Garchomp\n|-damage|p2b: Garchomp|11/100\n|\n|-weather|SunnyDay|[upkeep]\n|-heal|p1b: Sableye|53/100|[from] item: Leftovers\n|upkeep\n|\n|t:|1776198083\n|switch|p2a: Floette|Floette-Mega, L50, F|46/100\n|-ability|p2a: Floette|Fairy Aura\n|turn|6\n|\n|t:|1776198101\n|move|p1a: Basculegion|Protect|p1a: Basculegion\n|-singleturn|p1a: Basculegion|Protect\n|move|p1b: Sableye|Rain Dance|p1b: Sableye\n|-weather|RainDance\n|move|p2a: Floette|Dazzling Gleam|p1a: Basculegion|[spread] p1b\n|-activate|p1a: Basculegion|move: Protect\n|-supereffective|p1b: Sableye|1\n|-damage|p1b: Sableye|0 fnt\n|faint|p1b: Sableye\n|move|p2b: Garchomp|Rock Slide|p1a: Basculegion\n|-activate|p1a: Basculegion|move: Protect\n|\n|-weather|RainDance|[upkeep]\n|-sideend|p2: bobimus|move: Tailwind\n|upkeep\n|\n|t:|1776198109\n|switch|p1b: Starmie|Starmie, L50, shiny|100/100\n|turn|7\n|-message|bobimus forfeited.\n|\n|win|Isidino\n|raw|Isidino's rating: 1173 &rarr; <strong>1191</strong><br />(+18 for winning)\n|raw|bobimus's rating: 1076 &rarr; <strong>1060</strong><br />(-16 for losing)\n|l|\u2606bobimus\n|player|p2|\n",
  "uploadtime": 1776198114,
  "views": 15,
  "formatid": "gen9championsvgc2026regma",
  "rating": 1060,
  "private": 0,
  "password": null
}