{
  "id": "gen9championsvgc2026regma-2583017420",
  "format": "[Gen 9 Champions] VGC 2026 Reg M-A",
  "players": [
    "INCENEDORUS",
    "iwillbeausername"
  ],
  "log": "|j|\u2606INCENEDORUS\n|j|\u2606iwillbeausername\n|t:|1776133708\n|gametype|doubles\n|player|p1|INCENEDORUS|gambler|1420\n|player|p2|iwillbeausername|1|1444\n|gen|9\n|tier|[Gen 9 Champions] VGC 2026 Reg M-A\n|rated|\n|rule|Species Clause: Limit one of each Pok\u00e9mon\n|rule|Item Clause: Limit 1 of each item\n|clearpoke\n|poke|p1|Aerodactyl, L50, M|\n|poke|p1|Floette-Eternal, L50, F|\n|poke|p1|Garchomp, L50, F|\n|poke|p1|Incineroar, L50, M|\n|poke|p1|Sneasler, L50, M|\n|poke|p1|Basculegion, L50, M|\n|poke|p2|Charizard, L50, M|\n|poke|p2|Kingambit, L50, M|\n|poke|p2|Sneasler, L50, F|\n|poke|p2|Froslass, L50, F|\n|poke|p2|Rotom-Wash, L50|\n|poke|p2|Garchomp, L50, F|\n|teampreview|4\n|\n|t:|1776133743\n|teamsize|p1|4\n|teamsize|p2|4\n|start\n|switch|p1a: Aerodactyl|Aerodactyl, L50, M|100/100\n|switch|p1b: Floette|Floette-Eternal, L50, F|100/100\n|switch|p2a: Garchomp|Garchomp, L50, F|100/100\n|switch|p2b: Sneasler|Sneasler, L50, F|100/100\n|-ability|p1a: Aerodactyl|Unnerve\n|turn|1\n|c|\u2606INCENEDORUS|gl hf\n|c|\u2606iwillbeausername|u2\n|\n|t:|1776133756\n|move|p1a: Aerodactyl|Protect|p1a: Aerodactyl\n|-singleturn|p1a: Aerodactyl|Protect\n|move|p1b: Floette|Protect|p1b: Floette\n|-singleturn|p1b: Floette|Protect\n|move|p2b: Sneasler|Fake Out|p1a: Aerodactyl\n|-activate|p1a: Aerodactyl|move: Protect\n|move|p2a: Garchomp|Rock Slide|p1b: Floette|[spread] \n|-activate|p1a: Aerodactyl|move: Protect\n|-activate|p1b: Floette|move: Protect\n|\n|upkeep\n|turn|2\n|\n|t:|1776133777\n|detailschange|p1b: Floette|Floette-Mega, L50, F\n|-mega|p1b: Floette|Floette|Floettite\n|-ability|p1b: Floette|Fairy Aura\n|move|p2a: Garchomp|Rock Slide|p1a: Aerodactyl|[spread] p1a,p1b\n|-supereffective|p1a: Aerodactyl|1\n|-damage|p1a: Aerodactyl|44/100\n|-damage|p1b: Floette|79/100\n|cant|p1a: Aerodactyl|flinch\n|move|p2b: Sneasler|Close Combat|p1b: Floette\n|-resisted|p1b: Floette|1\n|-damage|p1b: Floette|36/100\n|-unboost|p2b: Sneasler|def|1\n|-unboost|p2b: Sneasler|spd|1\n|-enditem|p2b: Sneasler|White Herb\n|-clearnegativeboost|p2b: Sneasler|[silent]\n|cant|p1b: Floette|flinch\n|\n|upkeep\n|turn|3\n|\n|t:|1776133800\n|switch|p1b: Incineroar|Incineroar, L50, M|100/100\n|-ability|p1b: Incineroar|Intimidate|boost\n|-unboost|p2a: Garchomp|atk|1\n|-unboost|p2b: Sneasler|atk|1\n|move|p2b: Sneasler|Dire Claw|p1b: Incineroar\n|-damage|p1b: Incineroar|78/100\n|move|p2a: Garchomp|Rock Slide|p1b: Incineroar|[spread] p1a,p1b\n|-supereffective|p1a: Aerodactyl|1\n|-supereffective|p1b: Incineroar|1\n|-damage|p1a: Aerodactyl|6/100\n|-damage|p1b: Incineroar|59/100\n|move|p1a: Aerodactyl|Dual Wingbeat|p2b: Sneasler\n|-supereffective|p2b: Sneasler|1\n|-damage|p2b: Sneasler|31/100\n|-supereffective|p2b: Sneasler|1\n|-damage|p2b: Sneasler|0 fnt\n|faint|p2b: Sneasler\n|-hitcount|p2: Sneasler|2\n|\n|upkeep\n|\n|t:|1776133811\n|switch|p2b: Rotom|Rotom-Wash, L50|100/100\n|turn|4\n|\n|t:|1776133834\n|switch|p2a: Charizard|Charizard, L50, M|100/100\n|move|p1b: Incineroar|Fake Out|p2a: Charizard\n|-damage|p2a: Charizard|90/100\n|move|p1a: Aerodactyl|Tailwind|p1a: Aerodactyl\n|-sidestart|p1: INCENEDORUS|move: Tailwind\n|move|p2b: Rotom|Volt Switch|p1a: Aerodactyl\n|-supereffective|p1a: Aerodactyl|1\n|-crit|p1a: Aerodactyl\n|-damage|p1a: Aerodactyl|0 fnt\n|faint|p1a: Aerodactyl\n|\n|t:|1776133841\n|switch|p2b: Garchomp|Garchomp, L50, F|100/100|[from] Volt Switch\n|\n|upkeep\n|\n|t:|1776133846\n|switch|p1a: Floette|Floette-Mega, L50, F|36/100\n|-ability|p1a: Floette|Fairy Aura\n|turn|5\n|\n|t:|1776133855\n|detailschange|p2a: Charizard|Charizard-Mega-X, L50, M\n|-mega|p2a: Charizard|Charizard|Charizardite X\n|move|p1a: Floette|Dazzling Gleam|p2b: Garchomp|[spread] p2a,p2b\n|-supereffective|p2b: Garchomp|1\n|-damage|p2a: Charizard|39/100\n|-damage|p2b: Garchomp|1/100\n|move|p2b: Garchomp|Poison Jab|p1a: Floette\n|-supereffective|p1a: Floette|1\n|-damage|p1a: Floette|0 fnt\n|faint|p1a: Floette\n|move|p1b: Incineroar|Throat Chop|p2a: Charizard\n|-damage|p2a: Charizard|12/100\n|-start|p2a: Charizard|Throat Chop|[silent]\n|move|p2a: Charizard|Flare Blitz|p1b: Incineroar\n|-resisted|p1b: Incineroar|1\n|-damage|p1b: Incineroar|33/100\n|-enditem|p1b: Incineroar|Sitrus Berry|[eat]\n|-heal|p1b: Incineroar|58/100|[from] item: Sitrus Berry\n|-damage|p2a: Charizard|3/100|[from] Recoil\n|\n|upkeep\n|j| Bokkimano\n|c|\u2606INCENEDORUS|this is the most anoying garchomp oat\n|\n|t:|1776133881\n|switch|p1a: Garchomp|Garchomp, L50, F|100/100\n|turn|6\n|c|\u2606iwillbeausername|yeah lol\n|c|\u2606INCENEDORUS|are u eved to live gleam\n|c|\u2606iwillbeausername|i think so\n|\n|t:|1776133908\n|move|p1a: Garchomp|Dragon Claw|p2b: Garchomp\n|-supereffective|p2b: Garchomp|1\n|-damage|p2b: Garchomp|0 fnt\n|-damage|p1a: Garchomp|88/100|[from] ability: Rough Skin|[of] p2b: Garchomp\n|faint|p2b: Garchomp\n|move|p1b: Incineroar|Throat Chop|p2a: Charizard\n|-damage|p2a: Charizard|0 fnt\n|faint|p2a: Charizard\n|\n|upkeep\n|\n|t:|1776133919\n|switch|p2b: Rotom|Rotom-Wash, L50|100/100\n|turn|7\n|j| coscu fan\n|\n|t:|1776133928\n|move|p1a: Garchomp|Dragon Claw|p2b: Rotom\n|-damage|p2b: Rotom|53/100\n|move|p1b: Incineroar|Throat Chop|p2b: Rotom\n|-damage|p2b: Rotom|20/100\n|-start|p2b: Rotom|Throat Chop|[silent]\n|-enditem|p2b: Rotom|Sitrus Berry|[eat]\n|-heal|p2b: Rotom|45/100|[from] item: Sitrus Berry\n|move|p2b: Rotom|Will-O-Wisp|p1a: Garchomp\n|-status|p1a: Garchomp|brn\n|\n|-damage|p1a: Garchomp|82/100 brn|[from] brn\n|-sideend|p1: INCENEDORUS|move: Tailwind\n|upkeep\n|turn|8\n|\n|t:|1776133941\n|move|p1a: Garchomp|Dragon Claw|p2b: Rotom\n|-damage|p2b: Rotom|23/100\n|move|p2b: Rotom|Hydro Pump|p1b: Incineroar|[miss]\n|-miss|p2b: Rotom|p1b: Incineroar\n|move|p1b: Incineroar|Throat Chop|p2b: Rotom\n|-damage|p2b: Rotom|0 fnt\n|faint|p2b: Rotom\n|\n|win|INCENEDORUS\n|raw|INCENEDORUS's rating: 1420 &rarr; <strong>1441</strong><br />(+21 for winning)\n|raw|iwillbeausername's rating: 1444 &rarr; <strong>1423</strong><br />(-21 for losing)\n|c|\u2606INCENEDORUS|gg\n|c|\u2606INCENEDORUS|wp\n|c|\u2606iwillbeausername|gg u2\n|l|\u2606iwillbeausername\n|player|p2|\n|l| coscu fan\n",
  "uploadtime": 1776133965,
  "views": 26,
  "formatid": "gen9championsvgc2026regma",
  "rating": 1423,
  "private": 0,
  "password": null
}