{
  "id": "gen9championsvgc2026regma-2581276858",
  "format": "[Gen 9 Champions] VGC 2026 Reg M-A",
  "players": [
    "Virtuosa_Ingrid",
    "Jean44150"
  ],
  "log": "|j|\u2606Virtuosa_Ingrid\n|j|\u2606Jean44150\n|t:|1775980142\n|gametype|doubles\n|player|p1|Virtuosa_Ingrid|iris-gen5bw2|1035\n|player|p2|Jean44150|170|1055\n|gen|9\n|tier|[Gen 9 Champions] VGC 2026 Reg M-A\n|rated|\n|rule|Species Clause: Limit one of each Pok\u00e9mon\n|rule|Item Clause: Limit 1 of each item\n|clearpoke\n|poke|p1|Hatterene, L50, F|\n|poke|p1|Farigiraf, L50, F|\n|poke|p1|Sylveon, L50, M|\n|poke|p1|Tinkaton, L50, F|\n|poke|p1|Clefable, L50, M|\n|poke|p1|Alcremie, L50, F|\n|poke|p2|Gengar, L50, F|\n|poke|p2|Incineroar, L50, F|\n|poke|p2|Kingambit, L50, F|\n|poke|p2|Kommo-o, L50, F|\n|poke|p2|Tyranitar, L50, F|\n|poke|p2|Sinistcha, L50|\n|teampreview|4\n|\n|t:|1775980157\n|teamsize|p1|4\n|teamsize|p2|4\n|start\n|switch|p1a: Alcremie|Alcremie, L50, F|100/100\n|switch|p1b: Tinkaton|Tinkaton, L50, F, shiny|100/100\n|switch|p2a: Gengar|Gengar, L50, F, shiny|100/100\n|switch|p2b: Incineroar|Incineroar, L50, F|100/100\n|-ability|p2b: Incineroar|Intimidate|boost\n|-unboost|p1a: Alcremie|atk|1\n|-unboost|p1b: Tinkaton|atk|1\n|turn|1\n|inactive|Battle timer is ON: inactive players will automatically lose when time's up. (requested by Virtuosa_Ingrid)\n|inactive|Jean44150 has 60 seconds left.\n|inactive|Jean44150 has 30 seconds left.\n|inactive|Jean44150 has 20 seconds left.\n|inactive|Jean44150 has 15 seconds left.\n|inactive|Jean44150 has 10 seconds left.\n|\n|t:|1775980341\n|detailschange|p2a: Gengar|Gengar-Mega, L50, F, shiny\n|-mega|p2a: Gengar|Gengar|Gengarite\n|move|p2a: Gengar|Perish Song|p2a: Gengar\n|-start|p1a: Alcremie|perish3|[silent]\n|-start|p1b: Tinkaton|perish3|[silent]\n|-start|p2a: Gengar|perish3|[silent]\n|-start|p2b: Incineroar|perish3|[silent]\n|-fieldactivate|move: Perish Song\n|move|p1b: Tinkaton|Knock Off|p2a: Gengar\n|-supereffective|p2a: Gengar|1\n|-damage|p2a: Gengar|60/100\n|move|p1a: Alcremie|Decorate|p1b: Tinkaton\n|-boost|p1b: Tinkaton|atk|2\n|-boost|p1b: Tinkaton|spa|2\n|move|p2b: Incineroar|Flare Blitz|p1b: Tinkaton\n|-supereffective|p1b: Tinkaton|1\n|-damage|p1b: Tinkaton|0 fnt\n|faint|p1b: Tinkaton\n|-damage|p2b: Incineroar|74/100|[from] Recoil\n|\n|-start|p2a: Gengar|perish3\n|-start|p1a: Alcremie|perish3\n|-start|p2b: Incineroar|perish3\n|upkeep\n|\n|t:|1775980361\n|switch|p1b: Farigiraf|Farigiraf, L50, F|100/100\n|turn|2\n|\n|t:|1775980374\n|move|p2a: Gengar|Protect|p2a: Gengar\n|-singleturn|p2a: Gengar|Protect\n|move|p1a: Alcremie|Protect|p1a: Alcremie\n|-singleturn|p1a: Alcremie|Protect\n|move|p2b: Incineroar|Flare Blitz|p1b: Farigiraf\n|-damage|p1b: Farigiraf|64/100\n|-damage|p2b: Incineroar|61/100|[from] Recoil\n|move|p1b: Farigiraf|Trick Room|p1b: Farigiraf\n|-fieldstart|move: Trick Room|[of] p1b: Farigiraf\n|\n|-start|p2b: Incineroar|perish2\n|-start|p1a: Alcremie|perish2\n|-start|p2a: Gengar|perish2\n|upkeep\n|turn|3\n|inactive|Virtuosa_Ingrid has 30 seconds left.\n|\n|t:|1775980401\n|move|p1b: Farigiraf|Protect|p1b: Farigiraf\n|-singleturn|p1b: Farigiraf|Protect\n|move|p2a: Gengar|Protect||[still]\n|-fail|p2a: Gengar\n|move|p2b: Incineroar|Parting Shot|p1b: Farigiraf\n|-activate|p1b: Farigiraf|move: Protect\n|move|p1a: Alcremie|Decorate|p1b: Farigiraf\n|-boost|p1b: Farigiraf|atk|2\n|-boost|p1b: Farigiraf|spa|2\n|\n|-start|p2b: Incineroar|perish1\n|-start|p1a: Alcremie|perish1\n|-start|p2a: Gengar|perish1\n|upkeep\n|turn|4\n|\n|t:|1775980424\n|switch|p2b: Sinistcha|Sinistcha, L50|100/100\n|-heal|p2a: Gengar|85/100|[from] ability: Hospitality|[of] p2b: Sinistcha\n|switch|p2a: Kingambit|Kingambit, L50, F|100/100\n|move|p1a: Alcremie|Decorate|p1b: Farigiraf\n|-boost|p1b: Farigiraf|atk|2\n|-boost|p1b: Farigiraf|spa|2\n|move|p1b: Farigiraf|Trick Room|p1b: Farigiraf\n|-fieldend|move: Trick Room\n|\n|-start|p1a: Alcremie|perish0\n|upkeep\n|faint|p1a: Alcremie\n|\n|t:|1775980436\n|switch|p1a: Arturia|Hatterene, L50, F, shiny|100/100\n|turn|5\n|\n|t:|1775980455\n|move|p1b: Farigiraf|Protect|p1b: Farigiraf\n|-singleturn|p1b: Farigiraf|Protect\n|move|p2a: Kingambit|Kowtow Cleave|p1b: Farigiraf\n|-activate|p1b: Farigiraf|move: Protect\n|move|p1a: Arturia|Dazzling Gleam|p2b: Sinistcha|[spread] p2a,p2b\n|-crit|p2b: Sinistcha\n|-damage|p2a: Kingambit|64/100\n|-damage|p2b: Sinistcha|36/100\n|move|p2b: Sinistcha|Trick Room|p2b: Sinistcha\n|-fieldstart|move: Trick Room|[of] p2b: Sinistcha\n|\n|-heal|p2b: Sinistcha|43/100|[from] item: Leftovers\n|upkeep\n|turn|6\n|\n|t:|1775980477\n|move|p1b: Farigiraf|Helping Hand|p1a: Arturia\n|-singleturn|p1a: Arturia|Helping Hand|[of] p1b: Farigiraf\n|move|p2b: Sinistcha|Rage Powder|p2b: Sinistcha\n|-singleturn|p2b: Sinistcha|move: Rage Powder\n|move|p1a: Arturia|Dazzling Gleam|p2a: Kingambit|[spread] p2a,p2b\n|-damage|p2a: Kingambit|13/100\n|-damage|p2b: Sinistcha|0 fnt\n|faint|p2b: Sinistcha\n|move|p2a: Kingambit|Kowtow Cleave|p1b: Farigiraf\n|-supereffective|p1b: Farigiraf|1\n|-damage|p1b: Farigiraf|0 fnt\n|faint|p1b: Farigiraf\n|\n|upkeep\n|\n|t:|1775980495\n|switch|p2b: Incineroar|Incineroar, L50, F|61/100\n|-ability|p2b: Incineroar|Intimidate|boost\n|-unboost|p1a: Arturia|atk|1\n|turn|7\n|\n|t:|1775980511\n|move|p1a: Arturia|Dazzling Gleam|p2a: Kingambit|[spread] p2a,p2b\n|-damage|p2a: Kingambit|0 fnt\n|-damage|p2b: Incineroar|31/100\n|-enditem|p2b: Incineroar|Sitrus Berry|[eat]\n|-heal|p2b: Incineroar|56/100|[from] item: Sitrus Berry\n|faint|p2a: Kingambit\n|-end|p2a: Kingambit|fallenundefined|[silent]\n|move|p2b: Incineroar|Will-O-Wisp|p1a: Arturia\n|move|p1a: Arturia|Will-O-Wisp|p2b: Incineroar|[from] ability: Magic Bounce|[miss]\n|-miss|p1a: Arturia|p2b: Incineroar\n|\n|upkeep\n|\n|t:|1775980522\n|switch|p2a: Gengar|Gengar-Mega, L50, F, shiny|85/100\n|turn|8\n|\n|t:|1775980532\n|move|p1a: Arturia|Expanding Force|p2a: Gengar\n|-supereffective|p2a: Gengar|1\n|-damage|p2a: Gengar|0 fnt\n|faint|p2a: Gengar\n|move|p2b: Incineroar|Flare Blitz|p1a: Arturia\n|-damage|p1a: Arturia|53/100\n|-damage|p2b: Incineroar|46/100|[from] Recoil\n|\n|upkeep\n|turn|9\n|\n|t:|1775980545\n|move|p1a: Arturia|Dazzling Gleam|p2b: Incineroar\n|-damage|p2b: Incineroar|3/100\n|move|p2b: Incineroar|Flare Blitz|p1a: Arturia\n|-damage|p1a: Arturia|4/100\n|-damage|p2b: Incineroar|0 fnt|[from] Recoil\n|faint|p2b: Incineroar\n|\n|win|Virtuosa_Ingrid\n|raw|Virtuosa_Ingrid's rating: 1035 &rarr; <strong>1072</strong><br />(+37 for winning)\n|raw|Jean44150's rating: 1055 &rarr; <strong>1036</strong><br />(-19 for losing)\n",
  "uploadtime": 1775980564,
  "views": 11,
  "formatid": "gen9championsvgc2026regma",
  "rating": 1036,
  "private": 0,
  "password": null
}