{
  "id": "gen9championsvgc2026regma-2585563225",
  "format": "[Gen 9 Champions] VGC 2026 Reg M-A",
  "players": [
    "vnunesp12",
    "cheesytoed"
  ],
  "log": "|j|\u2606vnunesp12\n|j|\u203dcheesytoed\n|t:|1776355749\n|gametype|doubles\n|player|p1|vnunesp12|red|1091\n|player|p2|cheesytoed|clay|1160\n|gen|9\n|tier|[Gen 9 Champions] VGC 2026 Reg M-A\n|rated|\n|rule|Species Clause: Limit one of each Pok\u00e9mon\n|rule|Item Clause: Limit 1 of each item\n|clearpoke\n|poke|p1|Froslass, L50, F|\n|poke|p1|Sneasler, L50, M|\n|poke|p1|Kingambit, L50, F|\n|poke|p1|Garchomp, L50, F|\n|poke|p1|Talonflame, L50, M|\n|poke|p1|Primarina, L50, M|\n|poke|p2|Golurk, L50|\n|poke|p2|Whimsicott, L50, M|\n|poke|p2|Zoroark-Hisui, L50, M|\n|poke|p2|Ninetales-Alola, L50, F|\n|poke|p2|Aerodactyl, L50, F|\n|poke|p2|Kingambit, L50, F|\n|teampreview|4\n|inactive|Battle timer is ON: inactive players will automatically lose when time's up. (requested by cheesytoed)\n|inactive|vnunesp12 has 60 seconds left.\n|inactive|cheesytoed has 60 seconds left.\n|\n|t:|1776355795\n|teamsize|p1|4\n|teamsize|p2|4\n|start\n|switch|p1a: Caio Alexandre|Talonflame, L50, M|100/100\n|switch|p1b: Sanabria|Primarina, L50, M|100/100\n|switch|p2a: Aerodactyl|Aerodactyl, L50, F|100/100\n|switch|p2b: Golurk|Golurk, L50|100/100\n|-ability|p2a: Aerodactyl|Unnerve\n|turn|1\n|inactive|cheesytoed has 30 seconds left.\n|\n|t:|1776355822\n|move|p1a: Caio Alexandre|Tailwind|p1a: Caio Alexandre\n|-sidestart|p1: vnunesp12|move: Tailwind\n|move|p2a: Aerodactyl|Rock Slide|p1a: Caio Alexandre|[spread] p1a,p1b\n|-supereffective|p1a: Caio Alexandre|2\n|-enditem|p1a: Caio Alexandre|Focus Sash\n|-damage|p1a: Caio Alexandre|1/100\n|-damage|p1b: Sanabria|78/100\n|move|p1b: Sanabria|Hyper Voice|p2b: Golurk|[spread] p2a,p2b\n|-supereffective|p2a: Aerodactyl|1\n|-supereffective|p2b: Golurk|1\n|-damage|p2a: Aerodactyl|15/100\n|-damage|p2b: Golurk|34/100\n|move|p2b: Golurk|Headlong Rush|p1b: Sanabria\n|-damage|p1b: Sanabria|15/100\n|-unboost|p2b: Golurk|def|1\n|-unboost|p2b: Golurk|spd|1\n|\n|-heal|p1b: Sanabria|21/100|[from] item: Leftovers\n|upkeep\n|turn|2\n|inactive|vnunesp12 has 30 seconds left.\n|\n|t:|1776355849\n|move|p1a: Caio Alexandre|Protect|p1a: Caio Alexandre\n|-singleturn|p1a: Caio Alexandre|Protect\n|move|p2b: Golurk|Protect|p2b: Golurk\n|-singleturn|p2b: Golurk|Protect\n|move|p2a: Aerodactyl|Rock Slide|p1b: Sanabria|[spread] p1b\n|-activate|p1a: Caio Alexandre|move: Protect\n|-damage|p1b: Sanabria|0 fnt\n|faint|p1b: Sanabria\n|\n|upkeep\n|\n|t:|1776355861\n|switch|p1b: Everaldo|Froslass, L50, F|100/100\n|turn|3\n|\n|t:|1776355881\n|detailschange|p1b: Everaldo|Froslass-Mega, L50, F\n|-mega|p1b: Everaldo|Froslass|Froslassite\n|-weather|Snowscape|[from] ability: Snow Warning|[of] p1b: Everaldo\n|detailschange|p2b: Golurk|Golurk-Mega, L50\n|-mega|p2b: Golurk|Golurk|Golurkite\n|move|p1a: Caio Alexandre|Brave Bird|p2b: Golurk\n|-damage|p2b: Golurk|0 fnt\n|faint|p2b: Golurk\n|-damage|p1a: Caio Alexandre|0 fnt|[from] Recoil\n|faint|p1a: Caio Alexandre\n|move|p1b: Everaldo|Blizzard|p2a: Aerodactyl\n|-supereffective|p2a: Aerodactyl|1\n|-damage|p2a: Aerodactyl|0 fnt\n|faint|p2a: Aerodactyl\n|\n|-weather|Snowscape|[upkeep]\n|upkeep\n|\n|t:|1776355902\n|switch|p1a: Pulga|Sneasler, L50, M|100/100\n|switch|p2a: Kingambit|Kingambit, L50, F|100/100\n|switch|p2b: Kingambit|Kingambit, L50, F|100/100\n|turn|4\n|\n|t:|1776355924\n|move|p1b: Everaldo|Protect|p1b: Everaldo\n|-singleturn|p1b: Everaldo|Protect\n|move|p1a: Pulga|Close Combat|p2a: Kingambit\n|-immune|p2a: Kingambit\n|move|p2a: Kingambit|Bitter Malice|p1a: Pulga\n|-damage|p1a: Pulga|46/100\n|-unboost|p1a: Pulga|atk|1\n|-enditem|p1a: Pulga|White Herb\n|-clearnegativeboost|p1a: Pulga|[silent]\n|move|p2b: Kingambit|Kowtow Cleave|p1b: Everaldo\n|-activate|p1b: Everaldo|move: Protect\n|\n|-weather|Snowscape|[upkeep]\n|-sideend|p1: vnunesp12|move: Tailwind\n|upkeep\n|turn|5\n|inactive|vnunesp12 has 30 seconds left.\n|\n|t:|1776355951\n|move|p1a: Pulga|Close Combat|p2b: Kingambit\n|-supereffective|p2b: Kingambit|2\n|-enditem|p2b: Kingambit|Focus Sash\n|-damage|p2b: Kingambit|1/100\n|-unboost|p1a: Pulga|def|1\n|-unboost|p1a: Pulga|spd|1\n|move|p1b: Everaldo|Blizzard|p2a: Kingambit|[spread] p2a,p2b\n|-resisted|p2b: Kingambit|1\n|-damage|p2a: Kingambit|14/100\n|-damage|p2b: Kingambit|0 fnt\n|-status|p2a: Kingambit|frz\n|replace|p2a: Zoroark|Zoroark-Hisui, L50, M\n|-end|p2a: Zoroark|Illusion\n|faint|p2b: Kingambit\n|cant|p2a: Zoroark|frz\n|\n|-weather|Snowscape|[upkeep]\n|upkeep\n|turn|6\n|\n|t:|1776355974\n|-curestatus|p2a: Zoroark|frz|[msg]\n|move|p2a: Zoroark|Protect|p2a: Zoroark\n|-singleturn|p2a: Zoroark|Protect\n|move|p1a: Pulga|Dire Claw|p2a: Zoroark\n|-activate|p2a: Zoroark|move: Protect\n|move|p1b: Everaldo|Shadow Ball|p2a: Zoroark\n|-activate|p2a: Zoroark|move: Protect\n|\n|-weather|Snowscape|[upkeep]\n|upkeep\n|turn|7\n|\n|t:|1776355990\n|move|p1a: Pulga|Dire Claw|p2a: Zoroark\n|-resisted|p2a: Zoroark|1\n|-damage|p2a: Zoroark|0 fnt\n|faint|p2a: Zoroark\n|\n|win|vnunesp12\n|raw|vnunesp12's rating: 1091 &rarr; <strong>1123</strong><br />(+32 for winning)\n|raw|cheesytoed's rating: 1160 &rarr; <strong>1130</strong><br />(-30 for losing)\n|l|\u203dcheesytoed\n|player|p2|\n",
  "uploadtime": 1776355998,
  "views": 20,
  "formatid": "gen9championsvgc2026regma",
  "rating": 1123,
  "private": 0,
  "password": null
}