{
  "id": "gen9championsvgc2026regma-2586157454",
  "format": "[Gen 9 Champions] VGC 2026 Reg M-A",
  "players": [
    "AceeeVGC",
    "holdingb"
  ],
  "log": "|j|\u2606AceeeVGC\n|j|\u2606holdingb\n|html|<table width=\"100%\"><tr><td align=\"left\">AceeeVGC</td><td align=\"right\">holdingb</tr><tr><td align=\"left\"><i class=\"fa fa-circle\"></i> <i class=\"fa fa-circle-o\"></i> </td><td align=\"right\"><i class=\"fa fa-circle-o\"></i> <i class=\"fa fa-circle\"></i> </tr></table>\n|uhtml|bestof|<h2><strong>Game 3</strong> of <a href=\"/game-bestof3-gen9championsvgc2026regma-2586153185\">a best-of-3</a></h2>\n|t:|1776406302\n|gametype|doubles\n|player|p1|AceeeVGC|170|\n|player|p2|holdingb|266|\n|gen|9\n|tier|[Gen 9 Champions] VGC 2026 Reg M-A\n|rated|Tournament battle\n|rule|Species Clause: Limit one of each Pok\u00e9mon\n|rule|Item Clause: Limit 1 of each item\n|raw|<div class=\"infobox\"><details class=\"readmore\" open><summary><strong>2 custom rules:</strong></summary> Force Open Team Sheets, Best of = 3</details></div>\n|clearpoke\n|poke|p1|Meowstic-F, L50, F|\n|poke|p1|Araquanid, L50, F|\n|poke|p1|Wyrdeer, L50, F|\n|poke|p1|Scovillain, L50, M|\n|poke|p1|Kommo-o, L50, F|\n|poke|p1|Aegislash, L50, F|\n|poke|p2|Meowscarada, L50, M|\n|poke|p2|Dragapult, L50, F|\n|poke|p2|Rotom-Wash, L50|\n|poke|p2|Corviknight, L50, M|\n|poke|p2|Charizard, L50, F|\n|poke|p2|Sneasler, L50, M|\n|teampreview|4\n|showteam|p1|Meowstic-F||Meowsticite|Competitive|FakeOut,Thunderbolt,Psyshock,Protect|||F|||50|]Araquanid||Leftovers|WaterBubble|WideGuard,Reflect,Protect,Liquidation|||F|||50|]Wyrdeer||SitrusBerry|Intimidate|SkillSwap,EarthPower,TrickRoom,Psychic|||F|||50|]Scovillain||Scovillainite|Moody|FlareBlitz,GigaDrain,RagePowder,Protect|||M|||50|]Kommo-o||HabanBerry|Bulletproof|ClangorousSoul,ClangingScales,AuraSphere,Protect|||F|||50|]Aegislash||SpellTag|StanceChange|Poltergeist,KingsShield,SacredSword,ShadowSneak|||F|||50|\n|showteam|p2|Meowscarada||ChoiceScarf|Protean|FlowerTrick,ThroatChop,TripleAxel,ThunderPunch|||M|||50|]Dragapult||FocusSash|ClearBody|PhantomForce,DragonDarts,PsychicFangs,Protect|||F|||50|]Rotom-Wash||SitrusBerry|Levitate|HydroPump,VoltSwitch,Protect,WillOWisp||||||50|]Corviknight||Leftovers|Unnerve|BodyPress,IronHead,IronDefense,Roost|||M|||50|]Charizard||CharizarditeY|SolarPower|HeatWave,WeatherBall,SolarBeam,Protect|||F|||50|]Sneasler||WhiteHerb|Unburden|FakeOut,CloseCombat,DireClaw,RockTomb|||M|||50|\n|inactive|Battle timer is ON: inactive players will automatically lose when time's up. (requested by holdingb)\n|inactive|AceeeVGC has 60 seconds left.\n|inactive|holdingb has 60 seconds left.\n|inactive|holdingb has 30 seconds left.\n|\n|t:|1776406363\n|teamsize|p1|4\n|teamsize|p2|4\n|start\n|switch|p1a: Aegislash|Aegislash, L50, F|100/100\n|switch|p1b: Kommo-o|Kommo-o, L50, F|100/100\n|switch|p2a: Charizard|Charizard, L50, F|100/100\n|switch|p2b: Sneasler|Sneasler, L50, M|100/100\n|turn|1\n|j| shoccco<3\n|\n|t:|1776406384\n|detailschange|p2a: Charizard|Charizard-Mega-Y, L50, F\n|-mega|p2a: Charizard|Charizard|Charizardite Y\n|-weather|SunnyDay|[from] ability: Drought|[of] p2a: Charizard\n|move|p1b: Kommo-o|Protect|p1b: Kommo-o\n|-singleturn|p1b: Kommo-o|Protect\n|move|p1a: Aegislash|King's Shield|p1a: Aegislash\n|-singleturn|p1a: Aegislash|Protect\n|move|p2b: Sneasler|Fake Out|p1b: Kommo-o\n|-activate|p1b: Kommo-o|move: Protect\n|move|p2a: Charizard|Weather Ball|p1a: Aegislash\n|-activate|p1a: Aegislash|move: Protect\n|\n|-weather|SunnyDay|[upkeep]\n|upkeep\n|turn|2\n|inactive|AceeeVGC has 30 seconds left.\n|inactive|AceeeVGC has 20 seconds left.\n|inactive|AceeeVGC has 15 seconds left.\n|\n|t:|1776406429\n|switch|p1a: Wyrdeer|Wyrdeer, L50, F|100/100\n|-ability|p1a: Wyrdeer|Intimidate|boost\n|-unboost|p2a: Charizard|atk|1\n|-unboost|p2b: Sneasler|atk|1\n|-enditem|p2b: Sneasler|White Herb\n|-clearnegativeboost|p2b: Sneasler|[silent]\n|move|p2b: Sneasler|Close Combat|p1b: Kommo-o\n|-damage|p1b: Kommo-o|54/100\n|-unboost|p2b: Sneasler|def|1\n|-unboost|p2b: Sneasler|spd|1\n|move|p2a: Charizard|Weather Ball|p1a: Wyrdeer\n|-damage|p1a: Wyrdeer|15/100\n|-enditem|p1a: Wyrdeer|Sitrus Berry|[eat]\n|-heal|p1a: Wyrdeer|40/100|[from] item: Sitrus Berry\n|move|p1b: Kommo-o|Clangorous Soul|p1b: Kommo-o\n|-boost|p1b: Kommo-o|atk|1\n|-boost|p1b: Kommo-o|def|1\n|-boost|p1b: Kommo-o|spa|1\n|-boost|p1b: Kommo-o|spd|1\n|-boost|p1b: Kommo-o|spe|1\n|-damage|p1b: Kommo-o|21/100\n|\n|-weather|SunnyDay|[upkeep]\n|upkeep\n|turn|3\n|inactive|AceeeVGC has 30 seconds left.\n|\n|t:|1776406460\n|move|p2b: Sneasler|Rock Tomb|p1b: Kommo-o\n|-resisted|p1b: Kommo-o|1\n|-damage|p1b: Kommo-o|16/100\n|-unboost|p1b: Kommo-o|spe|1\n|move|p2a: Charizard|Heat Wave|p1a: Wyrdeer|[spread] p1a\n|-miss|p2a: Charizard|p1b: Kommo-o\n|-damage|p1a: Wyrdeer|0 fnt\n|faint|p1a: Wyrdeer\n|move|p1b: Kommo-o|Clanging Scales|p2a: Charizard|[spread] p2a,p2b\n|-damage|p2a: Charizard|53/100\n|-damage|p2b: Sneasler|24/100\n|-unboost|p1b: Kommo-o|def|1\n|\n|-weather|SunnyDay|[upkeep]\n|upkeep\n|\n|t:|1776406479\n|switch|p1a: Aegislash|Aegislash, L50, F|100/100\n|turn|4\n|\n|t:|1776406492\n|switch|p2b: Rotom|Rotom-Wash, L50|100/100\n|move|p1b: Kommo-o|Protect|p1b: Kommo-o\n|-singleturn|p1b: Kommo-o|Protect\n|-formechange|p1a: Aegislash|Aegislash-Blade|\n|move|p1a: Aegislash|Shadow Sneak|p2b: Rotom\n|-damage|p2b: Rotom|73/100\n|move|p2a: Charizard|Heat Wave|p1b: Kommo-o|[spread] p1a\n|-activate|p1b: Kommo-o|move: Protect\n|-supereffective|p1a: Aegislash|1\n|-damage|p1a: Aegislash|0 fnt\n|faint|p1a: Aegislash\n|\n|-weather|SunnyDay|[upkeep]\n|upkeep\n|\n|t:|1776406512\n|switch|p1a: Meowstic|Meowstic-F, L50, F|100/100\n|turn|5\n|\n|t:|1776406530\n|detailschange|p1a: Meowstic|Meowstic-F-Mega, L50, F\n|-mega|p1a: Meowstic|Meowstic|Meowsticite\n|-ability|p1a: Meowstic|Drought|Trace|[from] ability: Trace|[of] p2a: Charizard\n|move|p2a: Charizard|Protect|p2a: Charizard\n|-singleturn|p2a: Charizard|Protect\n|move|p1a: Meowstic|Fake Out|p2a: Charizard\n|-activate|p2a: Charizard|move: Protect\n|move|p1b: Kommo-o|Clanging Scales|p2b: Rotom|[spread] p2b\n|-activate|p2a: Charizard|move: Protect\n|-damage|p2b: Rotom|33/100\n|-enditem|p2b: Rotom|Sitrus Berry|[eat]\n|-heal|p2b: Rotom|58/100|[from] item: Sitrus Berry\n|-unboost|p1b: Kommo-o|def|1\n|move|p2b: Rotom|Volt Switch|p1b: Kommo-o\n|-resisted|p1b: Kommo-o|1\n|-damage|p1b: Kommo-o|8/100\n|\n|t:|1776406546\n|switch|p2b: Meowscarada|Meowscarada, L50, M|100/100|[from] Volt Switch\n|\n|-weather|none\n|upkeep\n|turn|6\n|\n|t:|1776406559\n|move|p1b: Kommo-o|Protect|p1b: Kommo-o\n|-singleturn|p1b: Kommo-o|Protect\n|move|p2b: Meowscarada|Throat Chop|p1a: Meowstic\n|-start|p2b: Meowscarada|typechange|Dark|[from] ability: Protean\n|-supereffective|p1a: Meowstic|1\n|-damage|p1a: Meowstic|0 fnt\n|faint|p1a: Meowstic\n|move|p2a: Charizard|Weather Ball|p1b: Kommo-o\n|-activate|p1b: Kommo-o|move: Protect\n|\n|upkeep\n|turn|7\n|c|\u2606AceeeVGC|Ggs wp!\n|c|\u2606holdingb|gg\n|\n|t:|1776406578\n|switch|p2a: Sneasler|Sneasler, L50, M|24/100\n|move|p2b: Meowscarada|Throat Chop|p1b: Kommo-o\n|-resisted|p1b: Kommo-o|1\n|-damage|p1b: Kommo-o|0 fnt\n|faint|p1b: Kommo-o\n|\n|win|holdingb\n",
  "uploadtime": 1776406584,
  "views": 18,
  "formatid": "gen9championsvgc2026regma",
  "rating": null,
  "private": 0,
  "password": null
}