{
  "id": "gen9championsvgc2026regma-2584929497",
  "format": "[Gen 9 Champions] VGC 2026 Reg M-A",
  "players": [
    "younglong151",
    "toxmyself"
  ],
  "log": "|j|\u2606younglong151\n|j|\u2606toxmyself\n|t:|1776295470\n|gametype|doubles\n|player|p1|younglong151|102|1181\n|player|p2|toxmyself|norman|1242\n|gen|9\n|tier|[Gen 9 Champions] VGC 2026 Reg M-A\n|rated|\n|rule|Species Clause: Limit one of each Pok\u00e9mon\n|rule|Item Clause: Limit 1 of each item\n|clearpoke\n|poke|p1|Froslass, L50, F|\n|poke|p1|Milotic, L50, M|\n|poke|p1|Gallade, L50, M|\n|poke|p1|Sinistcha, L50|\n|poke|p1|Hawlucha, L50, F|\n|poke|p1|Typhlosion-Hisui, L50, F|\n|poke|p2|Charizard, L50, M|\n|poke|p2|Venusaur, L50, F|\n|poke|p2|Incineroar, L50, F|\n|poke|p2|Gardevoir, L50, F|\n|poke|p2|Milotic, L50, M|\n|poke|p2|Aerodactyl, L50, F|\n|teampreview|4\n|inactive|Battle timer is ON: inactive players will automatically lose when time's up. (requested by toxmyself)\n|inactive|younglong151 has 60 seconds left.\n|inactive|younglong151 has 30 seconds left.\n|inactive|younglong151 has 20 seconds left.\n|inactive|younglong151 has 15 seconds left.\n|\n|t:|1776295546\n|teamsize|p1|4\n|teamsize|p2|4\n|start\n|switch|p1a: Sinistcha|Sinistcha, L50|100/100\n|switch|p1b: Typhlosion|Typhlosion-Hisui, L50, F|100/100\n|switch|p2a: Gardevoir|Gardevoir, L50, F|100/100\n|switch|p2b: Aerodactyl|Aerodactyl, L50, F|100/100\n|-item|p2a: Gardevoir|Choice Scarf|[from] ability: Frisk|[of] p1b: Typhlosion\n|-item|p2b: Aerodactyl|Hard Stone|[from] ability: Frisk|[of] p1b: Typhlosion\n|turn|1\n|\n|t:|1776295569\n|move|p1a: Sinistcha|Rage Powder|p1a: Sinistcha\n|-singleturn|p1a: Sinistcha|move: Rage Powder\n|move|p1b: Typhlosion|Eruption|p2b: Aerodactyl|[spread] p2a,p2b\n|-resisted|p2b: Aerodactyl|1\n|-damage|p2a: Gardevoir|41/100\n|-damage|p2b: Aerodactyl|66/100\n|move|p2a: Gardevoir|Icy Wind|p1a: Sinistcha|[spread] p1a,p1b\n|-supereffective|p1a: Sinistcha|1\n|-crit|p1a: Sinistcha\n|-resisted|p1b: Typhlosion|1\n|-damage|p1a: Sinistcha|59/100\n|-damage|p1b: Typhlosion|91/100\n|-unboost|p1a: Sinistcha|spe|1\n|-unboost|p1b: Typhlosion|spe|1\n|move|p2b: Aerodactyl|Rock Slide|p1a: Sinistcha|[spread] p1a,p1b\n|-supereffective|p1b: Typhlosion|1\n|-damage|p1a: Sinistcha|37/100\n|-damage|p1b: Typhlosion|18/100\n|-enditem|p1a: Sinistcha|Sitrus Berry|[eat]\n|-heal|p1a: Sinistcha|62/100|[from] item: Sitrus Berry\n|\n|upkeep\n|turn|2\n|inactive|younglong151 has 30 seconds left.\n|\n|t:|1776295603\n|switch|p1b: Milotic|Milotic, L50, M|100/100\n|move|p2a: Gardevoir|Icy Wind|p1b: Milotic|[spread] p1a,p1b\n|-supereffective|p1a: Sinistcha|1\n|-resisted|p1b: Milotic|1\n|-damage|p1a: Sinistcha|35/100\n|-damage|p1b: Milotic|96/100\n|-unboost|p1a: Sinistcha|spe|1\n|-unboost|p1b: Milotic|spe|1\n|-ability|p1b: Milotic|Competitive|boost\n|-boost|p1b: Milotic|spa|2\n|move|p2b: Aerodactyl|Rock Slide|p1a: Sinistcha|[spread] \n|-miss|p2b: Aerodactyl|p1a: Sinistcha\n|-miss|p2b: Aerodactyl|p1b: Milotic\n|move|p1a: Sinistcha|Matcha Gotcha|p2a: Gardevoir|[spread] p2a,p2b\n|-damage|p2a: Gardevoir|5/100\n|-heal|p1a: Sinistcha|49/100|[from] drain|[of] p2a: Gardevoir\n|-damage|p2b: Aerodactyl|32/100\n|-heal|p1a: Sinistcha|66/100|[from] drain|[of] p2b: Aerodactyl\n|-status|p2b: Aerodactyl|brn\n|\n|-heal|p1b: Milotic|100/100|[from] item: Leftovers\n|-damage|p2b: Aerodactyl|26/100 brn|[from] brn\n|upkeep\n|turn|3\n|inactive|younglong151 has 30 seconds left.\n|\n|t:|1776295636\n|switch|p2a: Venusaur|Venusaur, L50, F|100/100\n|move|p2b: Aerodactyl|Tailwind|p2b: Aerodactyl\n|-sidestart|p2: toxmyself|move: Tailwind\n|move|p1b: Milotic|Scald|p2b: Aerodactyl\n|-supereffective|p2b: Aerodactyl|1\n|-damage|p2b: Aerodactyl|0 fnt\n|faint|p2b: Aerodactyl\n|move|p1a: Sinistcha|Matcha Gotcha|p2a: Venusaur\n|-resisted|p2a: Venusaur|2\n|-damage|p2a: Venusaur|90/100\n|-heal|p1a: Sinistcha|71/100|[from] drain|[of] p2a: Venusaur\n|\n|upkeep\n|\n|t:|1776295646\n|switch|p2b: Charizard|Charizard, L50, M|100/100\n|turn|4\n|\n|t:|1776295668\n|detailschange|p2b: Charizard|Charizard-Mega-Y, L50, M\n|-mega|p2b: Charizard|Charizard|Charizardite Y\n|-weather|SunnyDay|[from] ability: Drought|[of] p2b: Charizard\n|move|p1a: Sinistcha|Rage Powder|p1a: Sinistcha\n|-singleturn|p1a: Sinistcha|move: Rage Powder\n|move|p2a: Venusaur|Energy Ball|p1b: Milotic\n|-supereffective|p1b: Milotic|1\n|-damage|p1b: Milotic|41/100\n|move|p2b: Charizard|Weather Ball|p1a: Sinistcha\n|-supereffective|p1a: Sinistcha|1\n|-damage|p1a: Sinistcha|0 fnt\n|faint|p1a: Sinistcha\n|move|p1b: Milotic|Scald|p2b: Charizard\n|-supereffective|p2b: Charizard|1\n|-damage|p2b: Charizard|26/100\n|\n|-weather|SunnyDay|[upkeep]\n|-heal|p1b: Milotic|47/100|[from] item: Leftovers\n|upkeep\n|\n|t:|1776295686\n|switch|p1a: Typhlosion|Typhlosion-Hisui, L50, F|18/100\n|-item|p2a: Venusaur|Focus Sash|[from] ability: Frisk|[of] p1a: Typhlosion\n|-item|p2b: Charizard|Charizardite Y|[from] ability: Frisk|[of] p1a: Typhlosion\n|turn|5\n|\n|t:|1776295707\n|move|p1b: Milotic|Protect|p1b: Milotic\n|-singleturn|p1b: Milotic|Protect\n|move|p2a: Venusaur|Energy Ball|p1b: Milotic\n|-activate|p1b: Milotic|move: Protect\n|move|p2b: Charizard|Weather Ball|p1a: Typhlosion\n|-resisted|p1a: Typhlosion|1\n|-damage|p1a: Typhlosion|0 fnt\n|faint|p1a: Typhlosion\n|\n|-weather|SunnyDay|[upkeep]\n|-heal|p1b: Milotic|53/100|[from] item: Leftovers\n|upkeep\n|\n|t:|1776295721\n|switch|p1a: Hawlucha|Hawlucha, L50, F|100/100\n|turn|6\n|\n|t:|1776295735\n|detailschange|p1a: Hawlucha|Hawlucha-Mega, L50, F\n|-mega|p1a: Hawlucha|Hawlucha|Hawluchanite\n|move|p1a: Hawlucha|Protect|p1a: Hawlucha\n|-singleturn|p1a: Hawlucha|Protect\n|move|p2a: Venusaur|Sleep Powder|p1a: Hawlucha\n|-activate|p1a: Hawlucha|move: Protect\n|move|p2b: Charizard|Solar Beam||[still]\n|-prepare|p2b: Charizard|Solar Beam\n|-anim|p2b: Charizard|Solar Beam|p1b: Milotic\n|-supereffective|p1b: Milotic|1\n|-damage|p1b: Milotic|0 fnt\n|faint|p1b: Milotic\n|\n|-weather|SunnyDay|[upkeep]\n|-sideend|p2: toxmyself|move: Tailwind\n|upkeep\n|turn|7\n|inactive|toxmyself has 30 seconds left.\n|\n|t:|1776295760\n|move|p2a: Venusaur|Sleep Powder|p1a: Hawlucha\n|-status|p1a: Hawlucha|slp|[from] move: Sleep Powder\n|cant|p1a: Hawlucha|slp\n|move|p2b: Charizard|Weather Ball|p1a: Hawlucha\n|-damage|p1a: Hawlucha|0 fnt\n|faint|p1a: Hawlucha\n|\n|win|toxmyself\n|raw|younglong151's rating: 1181 &rarr; <strong>1160</strong><br />(-21 for losing)\n|raw|toxmyself's rating: 1242 &rarr; <strong>1263</strong><br />(+21 for winning)\n",
  "uploadtime": 1776295761,
  "views": 15,
  "formatid": "gen9championsvgc2026regma",
  "rating": 1160,
  "private": 0,
  "password": null
}