{
  "id": "gen9championsvgc2026regma-2582691305",
  "format": "[Gen 9 Champions] VGC 2026 Reg M-A",
  "players": [
    "Ghostkller",
    "Eligoth"
  ],
  "log": "|j|\u2606Ghostkller\n|j|\u2606Eligoth\n|t:|1776107577\n|gametype|doubles\n|player|p1|Ghostkller|170|1125\n|player|p2|Eligoth|miku-fairy|1082\n|gen|9\n|tier|[Gen 9 Champions] VGC 2026 Reg M-A\n|rated|\n|rule|Species Clause: Limit one of each Pok\u00e9mon\n|rule|Item Clause: Limit 1 of each item\n|clearpoke\n|poke|p1|Heracross, L50, M|\n|poke|p1|Sableye, L50, M|\n|poke|p1|Gallade, L50, M|\n|poke|p1|Kingambit, L50, F|\n|poke|p1|Rotom-Wash, L50|\n|poke|p1|Incineroar, L50, F|\n|poke|p2|Volcarona, L50, M|\n|poke|p2|Lucario, L50, F|\n|poke|p2|Sinistcha, L50|\n|poke|p2|Whimsicott, L50, M|\n|poke|p2|Incineroar, L50, F|\n|poke|p2|Rotom-Wash, L50|\n|teampreview|4\n|inactive|Battle timer is ON: inactive players will automatically lose when time's up. (requested by Ghostkller)\n|\n|t:|1776107601\n|teamsize|p1|4\n|teamsize|p2|4\n|start\n|switch|p1a: Sableye|Sableye, L50, M|100/100\n|switch|p1b: Kingambit|Kingambit, L50, F|100/100\n|switch|p2a: Whimsicott|Whimsicott, L50, M|100/100\n|switch|p2b: Volcarona|Volcarona, L50, M|100/100\n|turn|1\n|inactive|Ghostkller has 30 seconds left.\n|\n|t:|1776107636\n|move|p2a: Whimsicott|Protect|p2a: Whimsicott\n|-singleturn|p2a: Whimsicott|Protect\n|move|p1a: Sableye|Fake Out|p2b: Volcarona\n|-damage|p2b: Volcarona|90/100\n|-status|p1a: Sableye|brn|[from] ability: Flame Body|[of] p2b: Volcarona\n|cant|p2b: Volcarona|flinch\n|move|p1b: Kingambit|Iron Head|p2a: Whimsicott\n|-activate|p2a: Whimsicott|move: Protect\n|\n|-damage|p1a: Sableye|95/100 brn|[from] brn\n|upkeep\n|turn|2\n|inactive|Eligoth has 30 seconds left.\n|\n|t:|1776107666\n|switch|p1b: Rotom|Rotom-Wash, L50|100/100\n|move|p2a: Whimsicott|Tailwind|p2a: Whimsicott\n|-sidestart|p2: Eligoth|move: Tailwind\n|move|p1a: Sableye|Encore|p2a: Whimsicott\n|-start|p2a: Whimsicott|Encore\n|-enditem|p2a: Whimsicott|Mental Herb\n|-end|p2a: Whimsicott|Encore\n|move|p2b: Volcarona|Heat Wave|p1a: Sableye|[spread] p1a,p1b\n|-resisted|p1b: Rotom|1\n|-damage|p1a: Sableye|45/100 brn\n|-damage|p1b: Rotom|80/100\n|\n|-damage|p1a: Sableye|39/100 brn|[from] brn\n|upkeep\n|turn|3\n|inactive|Ghostkller has 30 seconds left.\n|inactive|Eligoth has 30 seconds left.\n|inactive|Eligoth has 20 seconds left.\n|\n|t:|1776107706\n|move|p2a: Whimsicott|Protect|p2a: Whimsicott\n|-singleturn|p2a: Whimsicott|Protect\n|move|p1a: Sableye|Thunder Wave|p2a: Whimsicott\n|-activate|p2a: Whimsicott|move: Protect\n|move|p2b: Volcarona|Quiver Dance|p2b: Volcarona\n|-boost|p2b: Volcarona|spa|1\n|-boost|p2b: Volcarona|spd|1\n|-boost|p2b: Volcarona|spe|1\n|move|p1b: Rotom|Hydro Pump|p2b: Volcarona|[miss]\n|-miss|p1b: Rotom|p2b: Volcarona\n|\n|-damage|p1a: Sableye|33/100 brn|[from] brn\n|upkeep\n|turn|4\n|\n|t:|1776107724\n|move|p2a: Whimsicott|Taunt|p1a: Sableye\n|-hint|Since gen 7, Dark is immune to Prankster moves.\n|-immune|p1a: Sableye\n|move|p1a: Sableye|Encore|p2b: Volcarona\n|-start|p2b: Volcarona|Encore\n|move|p2b: Volcarona|Quiver Dance|p2b: Volcarona\n|-boost|p2b: Volcarona|spa|1\n|-boost|p2b: Volcarona|spd|1\n|-boost|p2b: Volcarona|spe|1\n|move|p1b: Rotom|Hydro Pump|p2b: Volcarona|[miss]\n|-miss|p1b: Rotom|p2b: Volcarona\n|\n|-damage|p1a: Sableye|27/100 brn|[from] brn\n|upkeep\n|turn|5\n|\n|t:|1776107746\n|switch|p2b: Rotom|Rotom-Wash, L50|100/100\n|move|p2a: Whimsicott|Protect|p2a: Whimsicott\n|-singleturn|p2a: Whimsicott|Protect\n|move|p1a: Sableye|Encore|p2a: Whimsicott\n|-activate|p2a: Whimsicott|move: Protect\n|move|p1b: Rotom|Volt Switch|p2a: Whimsicott\n|-activate|p2a: Whimsicott|move: Protect\n|\n|-damage|p1a: Sableye|21/100 brn|[from] brn\n|-sideend|p2: Eligoth|move: Tailwind\n|upkeep\n|turn|6\n|\n|t:|1776107765\n|move|p2a: Whimsicott|Tailwind|p2a: Whimsicott\n|-sidestart|p2: Eligoth|move: Tailwind\n|move|p1a: Sableye|Thunder Wave|p2b: Rotom\n|-immune|p2b: Rotom\n|move|p2b: Rotom|Volt Switch|p1a: Sableye\n|-damage|p1a: Sableye|0 fnt\n|faint|p1a: Sableye\n|\n|t:|1776107774\n|switch|p2b: Volcarona|Volcarona, L50, M|90/100|[from] Volt Switch\n|move|p1b: Rotom|Volt Switch|p2b: Volcarona\n|-damage|p2b: Volcarona|62/100\n|\n|t:|1776107783\n|switch|p1b: Heracross|Heracross, L50, M|100/100|[from] Volt Switch\n|\n|upkeep\n|\n|t:|1776107789\n|switch|p1a: Rotom|Rotom-Wash, L50|80/100\n|turn|7\n|\n|t:|1776107796\n|detailschange|p1b: Heracross|Heracross-Mega, L50, M\n|-mega|p1b: Heracross|Heracross|Heracronite\n|move|p2a: Whimsicott|Helping Hand|p2b: Volcarona\n|-singleturn|p2b: Volcarona|Helping Hand|[of] p2a: Whimsicott\n|move|p1b: Heracross|Detect|p1b: Heracross\n|-singleturn|p1b: Heracross|Protect\n|move|p2b: Volcarona|Heat Wave|p1b: Heracross|[spread] p1a\n|-activate|p1b: Heracross|move: Protect\n|-resisted|p1a: Rotom|1\n|-damage|p1a: Rotom|48/100\n|move|p1a: Rotom|Hydro Pump|p2b: Volcarona|[miss]\n|-miss|p1a: Rotom|p2b: Volcarona\n|\n|upkeep\n|turn|8\n|c|\u2606Ghostkller|Wtf\n|c|\u2606Eligoth|dont look at me\n|c|\u2606Eligoth|lmao\n|inactive|Ghostkller has 30 seconds left.\n|c|\u2606Ghostkller|Hahahaa\n|inactive|Ghostkller has 20 seconds left.\n|\n|t:|1776107833\n|move|p2a: Whimsicott|Helping Hand|p2b: Volcarona\n|-singleturn|p2b: Volcarona|Helping Hand|[of] p2a: Whimsicott\n|move|p1b: Heracross|Detect|p1b: Heracross\n|-singleturn|p1b: Heracross|Protect\n|move|p2b: Volcarona|Heat Wave|p1b: Heracross|[spread] p1a\n|-activate|p1b: Heracross|move: Protect\n|-resisted|p1a: Rotom|1\n|-damage|p1a: Rotom|17/100\n|move|p1a: Rotom|Hydro Pump|p2b: Volcarona|[miss]\n|-miss|p1a: Rotom|p2b: Volcarona\n|\n|upkeep\n|turn|9\n|c|\u2606Eligoth|ok\n|c|\u2606Ghostkller|Really\n|c|\u2606Ghostkller|Im getting out pos\n|c|\u2606Ghostkller|pps\n|inactive|Ghostkller has 30 seconds left.\n|c|\u2606Eligoth|rotom is working for me\n|c|\u2606Ghostkller|thisnis insane\n|inactive|Ghostkller has 20 seconds left.\n|c|\u2606Eligoth|7k going to rotom bank\n|c|\u2606Ghostkller|mine is broken\n|inactive|Ghostkller has 15 seconds left.\n|inactive|Ghostkller has 10 seconds left.\n|inactive|Ghostkller has 5 seconds left.\n|c|\u2606Ghostkller|After this game im dont with this haha\n|\n|t:|1776107889\n|move|p2a: Whimsicott|Helping Hand|p2b: Volcarona\n|-singleturn|p2b: Volcarona|Helping Hand|[of] p2a: Whimsicott\n|move|p2b: Volcarona|Heat Wave|p1a: Rotom|[spread] p1a,p1b\n|-resisted|p1a: Rotom|1\n|-supereffective|p1b: Heracross|1\n|-damage|p1a: Rotom|0 fnt\n|-damage|p1b: Heracross|0 fnt\n|faint|p1a: Rotom\n|faint|p1b: Heracross\n|\n|-sideend|p2: Eligoth|move: Tailwind\n|upkeep\n|\n|t:|1776107899\n|switch|p1b: Kingambit|Kingambit, L50, F|100/100\n|turn|10\n|c|\u2606Eligoth|dont blame you\n|c|\u2606Ghostkller|Rotom going bsck to his cell\n|c|\u2606Ghostkller|ggs\n|inactive|Ghostkller has 30 seconds left.\n|\n|t:|1776107927\n|move|p2a: Whimsicott|Tailwind|p2a: Whimsicott\n|-sidestart|p2: Eligoth|move: Tailwind\n|move|p2b: Volcarona|Quiver Dance|p2b: Volcarona\n|-boost|p2b: Volcarona|spa|1\n|-boost|p2b: Volcarona|spd|1\n|-boost|p2b: Volcarona|spe|1\n|move|p1b: Kingambit|Iron Head|p2a: Whimsicott\n|-supereffective|p2a: Whimsicott|1\n|-damage|p2a: Whimsicott|14/100\n|\n|upkeep\n|turn|11\n|\n|t:|1776107946\n|move|p2a: Whimsicott|Helping Hand|p2b: Volcarona\n|-singleturn|p2b: Volcarona|Helping Hand|[of] p2a: Whimsicott\n|move|p1b: Kingambit|Sucker Punch||[still]\n|-fail|p1b: Kingambit\n|move|p2b: Volcarona|Heat Wave|p1b: Kingambit\n|-supereffective|p1b: Kingambit|1\n|-damage|p1b: Kingambit|0 fnt\n|faint|p1b: Kingambit\n|\n|win|Eligoth\n|raw|Ghostkller's rating: 1125 &rarr; <strong>1097</strong><br />(-28 for losing)\n|raw|Eligoth's rating: 1082 &rarr; <strong>1113</strong><br />(+31 for winning)\n|c|\u2606Eligoth|ggs\n|l|\u2606Eligoth\n|player|p2|\n",
  "uploadtime": 1776107957,
  "views": 10,
  "formatid": "gen9championsvgc2026regma",
  "rating": 1097,
  "private": 0,
  "password": null
}