{
  "id": "gen9championsvgc2026regma-2585992844",
  "format": "[Gen 9 Champions] VGC 2026 Reg M-A",
  "players": [
    "miker141",
    "MackCasual"
  ],
  "log": "|j|\u2606miker141\n|j|\u2606MackCasual\n|t:|1776388335\n|gametype|doubles\n|player|p1|miker141|101|1020\n|player|p2|MackCasual|worker-gen4|1050\n|gen|9\n|tier|[Gen 9 Champions] VGC 2026 Reg M-A\n|rated|\n|rule|Species Clause: Limit one of each Pok\u00e9mon\n|rule|Item Clause: Limit 1 of each item\n|clearpoke\n|poke|p1|Pelipper, L50, F|\n|poke|p1|Basculegion, L50, M|\n|poke|p1|Archaludon, L50, M|\n|poke|p1|Dragonite, L50, M|\n|poke|p1|Sinistcha, L50|\n|poke|p1|Diggersby, L50, F|\n|poke|p2|Aurorus, L50, M|\n|poke|p2|Sylveon, L50, F|\n|poke|p2|Primarina, L50, F|\n|poke|p2|Dragapult, L50, M|\n|poke|p2|Ninetales-Alola, L50, M|\n|poke|p2|Lucario, L50, M|\n|teampreview|4\n|inactive|Battle timer is ON: inactive players will automatically lose when time's up. (requested by MackCasual)\n|inactive|miker141 has 60 seconds left.\n|inactive|MackCasual has 60 seconds left.\n|\n|t:|1776388368\n|teamsize|p1|4\n|teamsize|p2|4\n|start\n|switch|p1a: Basculegion|Basculegion, L50, M|100/100\n|switch|p1b: Archaludon|Archaludon, L50, M|100/100\n|switch|p2a: Dragapult|Dragapult, L50, M, shiny|100/100\n|switch|p2b: Sylveon|Sylveon, L50, F, shiny|100/100\n|turn|1\n|\n|t:|1776388389\n|switch|p1b: Pelipper|Pelipper, L50, F|100/100\n|-weather|RainDance|[from] ability: Drizzle|[of] p1b: Pelipper\n|move|p1a: Basculegion|Phantom Force||[still]\n|-prepare|p1a: Basculegion|Phantom Force\n|move|p2a: Dragapult|Shadow Ball|p1a: Basculegion|[miss]\n|-miss|p2a: Dragapult|p1a: Basculegion\n|move|p2b: Sylveon|Calm Mind|p2b: Sylveon\n|-boost|p2b: Sylveon|spa|1\n|-boost|p2b: Sylveon|spd|1\n|\n|-weather|RainDance|[upkeep]\n|upkeep\n|turn|2\n|\n|t:|1776388409\n|switch|p2a: Ninetales|Ninetales-Alola, L50, M|100/100\n|-weather|Snowscape|[from] ability: Snow Warning|[of] p2a: Ninetales\n|move|p1a: Basculegion|Phantom Force|p2a: Ninetales|[from] lockedmove\n|-damage|p2a: Ninetales|52/100\n|move|p1b: Pelipper|Weather Ball|p2b: Sylveon\n|-damage|p2b: Sylveon|86/100\n|move|p2b: Sylveon|Hyper Voice|p1b: Pelipper|[spread] p1a,p1b\n|-damage|p1a: Basculegion|8/100\n|-enditem|p1b: Pelipper|Focus Sash\n|-damage|p1b: Pelipper|1/100\n|\n|-weather|Snowscape|[upkeep]\n|upkeep\n|turn|3\n|inactive|miker141 has 30 seconds left.\n|inactive|miker141 has 20 seconds left.\n|inactive|miker141 has 15 seconds left.\n|inactive|miker141 has 10 seconds left.\n|inactive|miker141 has 5 seconds left.\n|\n|t:|1776388459\n|move|p1b: Pelipper|Wide Guard|p1b: Pelipper\n|-singleturn|p1b: Pelipper|Wide Guard\n|move|p1a: Basculegion|Aqua Jet|p2a: Ninetales\n|-damage|p2a: Ninetales|28/100\n|move|p2a: Ninetales|Aurora Veil|p2a: Ninetales\n|-sidestart|p2: MackCasual|move: Aurora Veil\n|move|p2b: Sylveon|Hyper Voice|p1a: Basculegion|[spread] \n|-activate|p1a: Basculegion|move: Wide Guard\n|-activate|p1b: Pelipper|move: Wide Guard\n|\n|-weather|Snowscape|[upkeep]\n|upkeep\n|turn|4\n|\n|t:|1776388481\n|move|p1a: Basculegion|Aqua Jet|p2a: Ninetales\n|-damage|p2a: Ninetales|12/100\n|move|p2a: Ninetales|Round|p1b: Pelipper\n|-damage|p1b: Pelipper|0 fnt\n|faint|p1b: Pelipper\n|move|p2b: Sylveon|Round|p1a: Basculegion|[from] move: Round\n|-damage|p1a: Basculegion|0 fnt\n|faint|p1a: Basculegion\n|\n|-weather|Snowscape|[upkeep]\n|upkeep\n|\n|t:|1776388491\n|switch|p1a: Archaludon|Archaludon, L50, M|100/100\n|switch|p1b: Diggersby|Diggersby, L50, F|100/100\n|turn|5\n|\n|t:|1776388513\n|move|p1b: Diggersby|Rock Slide|p2a: Ninetales|[spread] p2a,p2b\n|-supereffective|p2a: Ninetales|1\n|-damage|p2a: Ninetales|0 fnt\n|-damage|p2b: Sylveon|67/100\n|faint|p2a: Ninetales\n|move|p1a: Archaludon|Light Screen|p1a: Archaludon\n|-sidestart|p1: miker141|move: Light Screen\n|move|p2b: Sylveon|Round|p1a: Archaludon\n|-damage|p1a: Archaludon|50/100\n|-ability|p1a: Archaludon|Stamina|boost\n|-boost|p1a: Archaludon|def|1\n|\n|-weather|Snowscape|[upkeep]\n|upkeep\n|\n|t:|1776388526\n|switch|p2a: Aurorus|Aurorus, L50, M, shiny|100/100\n|turn|6\n|\n|t:|1776388545\n|move|p1b: Diggersby|Rock Slide|p2b: Sylveon|[spread] p2a,p2b\n|-supereffective|p2a: Aurorus|1\n|-damage|p2a: Aurorus|81/100\n|-damage|p2b: Sylveon|47/100\n|move|p1a: Archaludon|Iron Head|p2a: Aurorus\n|-supereffective|p2a: Aurorus|2\n|-damage|p2a: Aurorus|28/100\n|move|p2b: Sylveon|Hyper Voice|p1b: Diggersby|[spread] p1a,p1b\n|-damage|p1a: Archaludon|0 fnt\n|-damage|p1b: Diggersby|31/100\n|faint|p1a: Archaludon\n|cant|p2a: Aurorus|flinch\n|\n|-weather|none\n|upkeep\n|turn|7\n|\n|t:|1776388563\n|move|p1b: Diggersby|Rock Slide|p2a: Aurorus|[spread] p2b\n|-miss|p1b: Diggersby|p2a: Aurorus\n|-damage|p2b: Sylveon|27/100\n|cant|p2b: Sylveon|flinch\n|move|p2a: Aurorus|Round|p1b: Diggersby\n|-supereffective|p1b: Diggersby|1\n|-damage|p1b: Diggersby|0 fnt\n|faint|p1b: Diggersby\n|\n|win|MackCasual\n|raw|miker141's rating: 1020 &rarr; <strong>1008</strong><br />(-12 for losing)\n|raw|MackCasual's rating: 1050 &rarr; <strong>1080</strong><br />(+30 for winning)\n|l|\u2606miker141\n|player|p1|\n",
  "uploadtime": 1776388576,
  "views": 37,
  "formatid": "gen9championsvgc2026regma",
  "rating": 1008,
  "private": 0,
  "password": null
}