{
  "id": "gen9championsvgc2026regma-2583349531",
  "format": "[Gen 9 Champions] VGC 2026 Reg M-A",
  "players": [
    "FabricioPlayApk",
    "Melldollaz"
  ],
  "log": "|j|\u2606FabricioPlayApk\n|j|\u2606Melldollaz\n|t:|1776169174\n|gametype|doubles\n|player|p1|FabricioPlayApk|youngcouple-gen4dp|1128\n|player|p2|Melldollaz|1|1064\n|gen|9\n|tier|[Gen 9 Champions] VGC 2026 Reg M-A\n|rated|\n|rule|Species Clause: Limit one of each Pok\u00e9mon\n|rule|Item Clause: Limit 1 of each item\n|clearpoke\n|poke|p1|Milotic, L50, F|\n|poke|p1|Farigiraf, L50, M|\n|poke|p1|Crabominable, L50, F|\n|poke|p1|Sinistcha, L50|\n|poke|p1|Torkoal, L50, M|\n|poke|p1|Basculegion, L50, M|\n|poke|p2|Starmie, L50|\n|poke|p2|Sinistcha, L50|\n|poke|p2|Pelipper, L50, M|\n|poke|p2|Raichu, L50, M|\n|poke|p2|Gyarados, L50, F|\n|poke|p2|Garchomp, L50, M|\n|teampreview|4\n|inactive|Battle timer is ON: inactive players will automatically lose when time's up. (requested by FabricioPlayApk)\n|inactive|Melldollaz has 60 seconds left.\n|inactive|Melldollaz has 30 seconds left.\n|\n|t:|1776169242\n|teamsize|p1|4\n|teamsize|p2|4\n|start\n|switch|p1a: Milotic|Milotic, L50, F|100/100\n|switch|p1b: Sinistcha|Sinistcha, L50|100/100\n|switch|p2a: Raichu|Raichu, L50, M|100/100\n|switch|p2b: Garchomp|Garchomp, L50, M|100/100\n|turn|1\n|inactive|Melldollaz has 30 seconds left.\n|inactive|Melldollaz has 20 seconds left.\n|inactive|Melldollaz has 15 seconds left.\n|inactive|Melldollaz has 10 seconds left.\n|inactive|Melldollaz has 5 seconds left.\n|-activate|p2a: Raichu|item: Quick Claw\n|\n|t:|1776169292\n|move|p2a: Raichu|Thunderbolt|p1a: Milotic\n|-supereffective|p1a: Milotic|1\n|-damage|p1a: Milotic|62/100\n|move|p2b: Garchomp|Rock Slide|p1b: Sinistcha|[spread] p1a,p1b\n|-damage|p1a: Milotic|40/100\n|-damage|p1b: Sinistcha|85/100\n|move|p1a: Milotic|Flip Turn|p2a: Raichu\n|-damage|p2a: Raichu|73/100\n|\n|t:|1776169306\n|switch|p1a: Crabominable|Crabominable, L50, F|100/100|[from] Flip Turn\n|move|p1b: Sinistcha|Trick Room|p1b: Sinistcha\n|-fieldstart|move: Trick Room|[of] p1b: Sinistcha\n|\n|upkeep\n|turn|2\n|inactive|Melldollaz has 30 seconds left.\n|inactive|Melldollaz has 20 seconds left.\n|inactive|Melldollaz has 15 seconds left.\n|-activate|p2a: Raichu|item: Quick Claw\n|\n|t:|1776169351\n|detailschange|p1a: Crabominable|Crabominable-Mega, L50, F\n|-mega|p1a: Crabominable|Crabominable|Crabominite\n|move|p1b: Sinistcha|Protect|p1b: Sinistcha\n|-singleturn|p1b: Sinistcha|Protect\n|move|p2a: Raichu|Reflect|p2a: Raichu\n|-sidestart|p2: Melldollaz|Reflect\n|move|p1a: Crabominable|Ice Hammer|p2b: Garchomp|[miss]\n|-miss|p1a: Crabominable|p2b: Garchomp\n|move|p2b: Garchomp|Rock Slide|p1b: Sinistcha|[spread] p1a\n|-activate|p1b: Sinistcha|move: Protect\n|-damage|p1a: Crabominable|85/100\n|\n|upkeep\n|turn|3\n|inactive|FabricioPlayApk has 30 seconds left.\n|inactive|Melldollaz has 30 seconds left.\n|inactive|Melldollaz has 20 seconds left.\n|\n|t:|1776169389\n|switch|p2b: Starmie|Starmie, L50|100/100\n|move|p1a: Crabominable|Ice Hammer|p2b: Starmie\n|-resisted|p2b: Starmie|1\n|-damage|p2b: Starmie|63/100\n|-unboost|p1a: Crabominable|spe|1\n|move|p1b: Sinistcha|Matcha Gotcha|p2b: Starmie|[spread] p2b\n|-miss|p1b: Sinistcha|p2a: Raichu\n|-supereffective|p2b: Starmie|1\n|-damage|p2b: Starmie|0 fnt\n|-heal|p1b: Sinistcha|100/100|[from] drain|[of] p2b: Starmie\n|faint|p2b: Starmie\n|move|p2a: Raichu|Volt Switch|p1a: Crabominable\n|-damage|p1a: Crabominable|63/100\n|\n|t:|1776169410\n|switch|p2a: Garchomp|Garchomp, L50, M|100/100|[from] Volt Switch\n|\n|upkeep\n|\n|t:|1776169417\n|switch|p2b: Raichu|Raichu, L50, M|73/100\n|turn|4\n|\n|t:|1776169435\n|move|p2b: Raichu|Fake Out|p1a: Crabominable\n|-damage|p1a: Crabominable|57/100\n|move|p1b: Sinistcha|Rage Powder|p1b: Sinistcha\n|-singleturn|p1b: Sinistcha|move: Rage Powder\n|cant|p1a: Crabominable|flinch\n|move|p2a: Garchomp|Iron Head|p1b: Sinistcha\n|-crit|p1b: Sinistcha\n|-damage|p1b: Sinistcha|68/100\n|\n|upkeep\n|turn|5\n|-activate|p2b: Raichu|item: Quick Claw\n|\n|t:|1776169458\n|move|p2b: Raichu|Thunderbolt|p1a: Crabominable\n|-damage|p1a: Crabominable|27/100\n|move|p1a: Crabominable|Close Combat|p2b: Raichu\n|-damage|p2b: Raichu|0 fnt\n|-unboost|p1a: Crabominable|def|1\n|-unboost|p1a: Crabominable|spd|1\n|faint|p2b: Raichu\n|move|p1b: Sinistcha|Matcha Gotcha|p2a: Garchomp\n|-damage|p2a: Garchomp|62/100\n|-heal|p1b: Sinistcha|88/100|[from] drain|[of] p2a: Garchomp\n|move|p2a: Garchomp|Dragon Claw|p1a: Crabominable\n|-damage|p1a: Crabominable|0 fnt\n|faint|p1a: Crabominable\n|\n|-fieldend|move: Trick Room\n|upkeep\n|\n|t:|1776169480\n|switch|p2b: Pelipper|Pelipper, L50, M|100/100\n|switch|p1a: Milotic|Milotic, L50, F|40/100\n|-weather|RainDance|[from] ability: Drizzle|[of] p2b: Pelipper\n|turn|6\n|\n|t:|1776169504\n|move|p2a: Garchomp|Dragon Claw|p1b: Sinistcha\n|-damage|p1b: Sinistcha|57/100\n|move|p2b: Pelipper|Air Slash|p1b: Sinistcha|[miss]\n|-miss|p2b: Pelipper|p1b: Sinistcha\n|move|p1a: Milotic|Flip Turn|p2a: Garchomp\n|-damage|p2a: Garchomp|46/100\n|-damage|p1a: Milotic|28/100|[from] ability: Rough Skin|[of] p2a: Garchomp\n|\n|t:|1776169514\n|switch|p1a: Torkoal|Torkoal, L50, M|100/100|[from] Flip Turn\n|-weather|SunnyDay|[from] ability: Drought|[of] p1a: Torkoal\n|move|p1b: Sinistcha|Trick Room|p1b: Sinistcha\n|-fieldstart|move: Trick Room|[of] p1b: Sinistcha\n|\n|-weather|SunnyDay|[upkeep]\n|-sideend|p2: Melldollaz|Reflect\n|upkeep\n|turn|7\n|\n|t:|1776169537\n|move|p1a: Torkoal|Eruption|p2a: Garchomp|[spread] p2a,p2b\n|-resisted|p2a: Garchomp|1\n|-resisted|p2b: Pelipper|1\n|-damage|p2a: Garchomp|0 fnt\n|-damage|p2b: Pelipper|33/100\n|faint|p2a: Garchomp\n|move|p1b: Sinistcha|Matcha Gotcha|p2b: Pelipper|[miss]\n|-miss|p1b: Sinistcha|p2b: Pelipper\n|move|p2b: Pelipper|Air Slash|p1b: Sinistcha\n|-supereffective|p1b: Sinistcha|1\n|-damage|p1b: Sinistcha|0 fnt\n|faint|p1b: Sinistcha\n|\n|-weather|SunnyDay|[upkeep]\n|upkeep\n|\n|t:|1776169552\n|switch|p1b: Milotic|Milotic, L50, F|28/100\n|turn|8\n|\n|t:|1776169563\n|move|p1a: Torkoal|Eruption|p2b: Pelipper\n|-resisted|p2b: Pelipper|1\n|-damage|p2b: Pelipper|0 fnt\n|faint|p2b: Pelipper\n|\n|win|FabricioPlayApk\n|raw|FabricioPlayApk's rating: 1128 &rarr; <strong>1148</strong><br />(+20 for winning)\n|raw|Melldollaz's rating: 1064 &rarr; <strong>1048</strong><br />(-16 for losing)\n",
  "uploadtime": 1776169571,
  "views": 20,
  "formatid": "gen9championsvgc2026regma",
  "rating": 1048,
  "private": 0,
  "password": null
}