{
  "id": "gen9championsvgc2026regma-2582773520",
  "format": "[Gen 9 Champions] VGC 2026 Reg M-A",
  "players": [
    "SHyperdestroyerVGC",
    "la javineta"
  ],
  "log": "|j|\u2606SHyperdestroyerVGC\n|j|\u2606la javineta\n|t:|1776113116\n|gametype|doubles\n|player|p1|SHyperdestroyerVGC|lady|1206\n|player|p2|la javineta|1|1266\n|gen|9\n|tier|[Gen 9 Champions] VGC 2026 Reg M-A\n|rated|\n|rule|Species Clause: Limit one of each Pok\u00e9mon\n|rule|Item Clause: Limit 1 of each item\n|clearpoke\n|poke|p1|Charizard, L50, F|\n|poke|p1|Venusaur, L50, F|\n|poke|p1|Whimsicott, L50, F|\n|poke|p1|Kingambit, L50, M|\n|poke|p1|Kommo-o, L50, F|\n|poke|p1|Typhlosion-Hisui, L50, M|\n|poke|p2|Meowstic, L50, M|\n|poke|p2|Alakazam, L50, F|\n|poke|p2|Passimian, L50, F|\n|poke|p2|Blastoise, L50, F|\n|poke|p2|Sinistcha, L50|\n|poke|p2|Talonflame, L50, M|\n|teampreview|4\n|\n|t:|1776113136\n|teamsize|p1|4\n|teamsize|p2|4\n|start\n|switch|p1a: Charizard|Charizard, L50, F|100/100\n|switch|p1b: Kingambit|Kingambit, L50, M|100/100\n|switch|p2a: Meowstic|Meowstic, L50, M|100/100\n|switch|p2b: Talonflame|Talonflame, L50, M|100/100\n|turn|1\n|\n|t:|1776113152\n|detailschange|p1a: Charizard|Charizard-Mega-Y, L50, F\n|-mega|p1a: Charizard|Charizard|Charizardite Y\n|-weather|SunnyDay|[from] ability: Drought|[of] p1a: Charizard\n|move|p1b: Kingambit|Protect|p1b: Kingambit\n|-singleturn|p1b: Kingambit|Protect\n|move|p2a: Meowstic|Fake Out|p1b: Kingambit\n|-activate|p1b: Kingambit|move: Protect\n|move|p2b: Talonflame|Tailwind|p2b: Talonflame\n|-sidestart|p2: la javineta|move: Tailwind\n|move|p1a: Charizard|Heat Wave|p2b: Talonflame|[spread] p2a\n|-miss|p1a: Charizard|p2b: Talonflame\n|-damage|p2a: Meowstic|42/100\n|\n|-weather|SunnyDay|[upkeep]\n|upkeep\n|turn|2\n|\n|t:|1776113169\n|switch|p1b: Typhlosion|Typhlosion-Hisui, L50, M|100/100\n|move|p2a: Meowstic|Light Screen|p2a: Meowstic\n|-sidestart|p2: la javineta|move: Light Screen\n|move|p2b: Talonflame|Will-O-Wisp|p1b: Typhlosion\n|-immune|p1b: Typhlosion\n|move|p1a: Charizard|Heat Wave|p2a: Meowstic|[spread] p2a,p2b\n|-resisted|p2b: Talonflame|1\n|-damage|p2a: Meowstic|2/100\n|-damage|p2b: Talonflame|73/100\n|-status|p2a: Meowstic|brn\n|\n|-weather|SunnyDay|[upkeep]\n|-damage|p2a: Meowstic|0 fnt|[from] brn\n|faint|p2a: Meowstic\n|upkeep\n|\n|t:|1776113173\n|switch|p2a: Alakazam|Alakazam, L50, F|100/100\n|turn|3\n|\n|t:|1776113196\n|switch|p1b: Kingambit|Kingambit, L50, M|100/100\n|detailschange|p2a: Alakazam|Alakazam-Mega, L50, F\n|-mega|p2a: Alakazam|Alakazam|Alakazite\n|-ability|p2a: Alakazam|Defiant|Trace|[from] ability: Trace|[of] p1b: Kingambit\n|move|p1a: Charizard|Protect|p1a: Charizard\n|-singleturn|p1a: Charizard|Protect\n|move|p2a: Alakazam|Calm Mind|p2a: Alakazam\n|-boost|p2a: Alakazam|spa|1\n|-boost|p2a: Alakazam|spd|1\n|move|p2b: Talonflame|Dual Wingbeat|p1b: Kingambit\n|-resisted|p1b: Kingambit|1\n|-damage|p1b: Kingambit|93/100\n|-resisted|p1b: Kingambit|1\n|-crit|p1b: Kingambit\n|-damage|p1b: Kingambit|82/100\n|-hitcount|p1b: Kingambit|2\n|\n|-weather|SunnyDay|[upkeep]\n|upkeep\n|turn|4\n|\n|t:|1776113220\n|move|p2a: Alakazam|Protect|p2a: Alakazam\n|-singleturn|p2a: Alakazam|Protect\n|move|p1b: Kingambit|Protect|p1b: Kingambit\n|-singleturn|p1b: Kingambit|Protect\n|move|p2b: Talonflame|Will-O-Wisp|p1b: Kingambit\n|-activate|p1b: Kingambit|move: Protect\n|move|p1a: Charizard|Heat Wave|p2b: Talonflame|[spread] p2b\n|-activate|p2a: Alakazam|move: Protect\n|-resisted|p2b: Talonflame|1\n|-damage|p2b: Talonflame|45/100\n|\n|-weather|SunnyDay|[upkeep]\n|-sideend|p2: la javineta|move: Tailwind\n|upkeep\n|turn|5\n|\n|t:|1776113244\n|switch|p1b: Typhlosion|Typhlosion-Hisui, L50, M|100/100\n|move|p2a: Alakazam|Calm Mind|p2a: Alakazam\n|-boost|p2a: Alakazam|spa|1\n|-boost|p2a: Alakazam|spd|1\n|move|p2b: Talonflame|Will-O-Wisp|p1b: Typhlosion\n|-immune|p1b: Typhlosion\n|move|p1a: Charizard|Air Slash|p2b: Talonflame\n|-damage|p2b: Talonflame|4/100\n|\n|-weather|none\n|upkeep\n|turn|6\n|\n|t:|1776113263\n|switch|p2b: Passimian|Passimian, L50, F|100/100\n|switch|p1a: Venusaur|Venusaur, L50, F|100/100\n|move|p2a: Alakazam|Expanding Force|p1b: Typhlosion\n|-crit|p1b: Typhlosion\n|-damage|p1b: Typhlosion|0 fnt\n|faint|p1b: Typhlosion\n|\n|-sideend|p2: la javineta|move: Light Screen\n|upkeep\n|\n|t:|1776113271\n|switch|p1b: Charizard|Charizard-Mega-Y, L50, F|100/100\n|-weather|SunnyDay|[from] ability: Drought|[of] p1b: Charizard\n|turn|7\n|\n|t:|1776113277\n|move|p1a: Venusaur|Sleep Powder|p2a: Alakazam\n|-status|p2a: Alakazam|slp|[from] move: Sleep Powder\n|move|p2b: Passimian|Rock Slide|p1b: Charizard|[spread] p1a,p1b\n|-supereffective|p1b: Charizard|2\n|-damage|p1a: Venusaur|80/100\n|-damage|p1b: Charizard|9/100\n|cant|p2a: Alakazam|slp\n|cant|p1b: Charizard|flinch\n|\n|-weather|SunnyDay|[upkeep]\n|upkeep\n|turn|8\n|\n|t:|1776113291\n|move|p1a: Venusaur|Sleep Powder|p2b: Passimian\n|-status|p2b: Passimian|slp|[from] move: Sleep Powder\n|cant|p2b: Passimian|slp\n|cant|p2a: Alakazam|slp\n|move|p1b: Charizard|Air Slash|p2b: Passimian|[miss]\n|-miss|p1b: Charizard|p2b: Passimian\n|\n|-weather|SunnyDay|[upkeep]\n|upkeep\n|turn|9\n|\n|t:|1776113310\n|switch|p1a: Kingambit|Kingambit, L50, M|82/100\n|switch|p2b: Talonflame|Talonflame, L50, M|4/100\n|-curestatus|p2a: Alakazam|slp|[msg]\n|move|p2a: Alakazam|Expanding Force|p1a: Kingambit\n|-immune|p1a: Kingambit\n|move|p1b: Charizard|Air Slash|p2b: Talonflame\n|-crit|p2b: Talonflame\n|-damage|p2b: Talonflame|0 fnt\n|faint|p2b: Talonflame\n|\n|-weather|SunnyDay|[upkeep]\n|upkeep\n|\n|t:|1776113314\n|switch|p2b: Passimian|Passimian, L50, F|100/100 slp\n|turn|10\n|\n|t:|1776113322\n|move|p1b: Charizard|Protect|p1b: Charizard\n|-singleturn|p1b: Charizard|Protect\n|cant|p2b: Passimian|slp\n|move|p2a: Alakazam|Calm Mind|p2a: Alakazam\n|-boost|p2a: Alakazam|spa|1\n|-boost|p2a: Alakazam|spd|1\n|move|p1a: Kingambit|Kowtow Cleave|p2a: Alakazam\n|-supereffective|p2a: Alakazam|1\n|-damage|p2a: Alakazam|0 fnt\n|faint|p2a: Alakazam\n|\n|-weather|SunnyDay|[upkeep]\n|upkeep\n|turn|11\n|\n|t:|1776113339\n|move|p1a: Kingambit|Sucker Punch|p2b: Passimian\n|-resisted|p2b: Passimian|1\n|-damage|p2b: Passimian|76/100 slp\n|-curestatus|p2b: Passimian|slp|[msg]\n|move|p2b: Passimian|Close Combat|p1a: Kingambit\n|-supereffective|p1a: Kingambit|2\n|-damage|p1a: Kingambit|0 fnt\n|-unboost|p2b: Passimian|def|1\n|-unboost|p2b: Passimian|spd|1\n|faint|p1a: Kingambit\n|move|p1b: Charizard|Air Slash|p2b: Passimian\n|-supereffective|p2b: Passimian|1\n|-damage|p2b: Passimian|0 fnt\n|faint|p2b: Passimian\n|\n|win|SHyperdestroyerVGC\n|raw|SHyperdestroyerVGC's rating: 1206 &rarr; <strong>1235</strong><br />(+29 for winning)\n|raw|la javineta's rating: 1266 &rarr; <strong>1237</strong><br />(-29 for losing)\n|l|\u2606la javineta\n|player|p2|\n",
  "uploadtime": 1776113358,
  "views": 23,
  "formatid": "gen9championsvgc2026regma",
  "rating": 1235,
  "private": 0,
  "password": null
}