{
  "id": "gen9championsvgc2026regma-2585747630",
  "format": "[Gen 9 Champions] VGC 2026 Reg M-A",
  "players": [
    "GoofballBTW",
    "Govek314"
  ],
  "log": "|j|\u2606GoofballBTW\n|j|\u2606Govek314\n|t:|1776367820\n|gametype|doubles\n|player|p1|GoofballBTW|clair|1279\n|player|p2|Govek314|266|1268\n|gen|9\n|tier|[Gen 9 Champions] VGC 2026 Reg M-A\n|rated|\n|rule|Species Clause: Limit one of each Pok\u00e9mon\n|rule|Item Clause: Limit 1 of each item\n|clearpoke\n|poke|p1|Sneasler, L50, M|\n|poke|p1|Whimsicott, L50, M|\n|poke|p1|Charizard, L50, M|\n|poke|p1|Milotic, L50, M|\n|poke|p1|Garchomp, L50, M|\n|poke|p1|Incineroar, L50, F|\n|poke|p2|Tyranitar, L50, F|\n|poke|p2|Excadrill, L50, F|\n|poke|p2|Meganium, L50, F|\n|poke|p2|Sneasler, L50, M|\n|poke|p2|Dragapult, L50, F|\n|poke|p2|Rotom-Wash, L50|\n|teampreview|4\n|inactive|Battle timer is ON: inactive players will automatically lose when time's up. (requested by GoofballBTW)\n|inactive|Govek314 has 60 seconds left.\n|inactive|Govek314 has 30 seconds left.\n|inactive|Govek314 has 20 seconds left.\n|inactive|Govek314 has 15 seconds left.\n|inactive|Govek314 has 10 seconds left.\n|\n|t:|1776367904\n|teamsize|p1|4\n|teamsize|p2|4\n|start\n|switch|p1a: WhereRMyItems|Whimsicott, L50, M|100/100\n|switch|p1b: PkmnCheapions|Charizard, L50, M|100/100\n|switch|p2a: Sneasler|Sneasler, L50, M|100/100\n|switch|p2b: Tyranitar|Tyranitar, L50, F|100/100\n|-weather|Sandstorm|[from] ability: Sand Stream|[of] p2b: Tyranitar\n|turn|1\n|inactive|Govek314 has 30 seconds left.\n|inactive|Govek314 has 20 seconds left.\n|\n|t:|1776367942\n|switch|p1b: UnfinishedGame|Garchomp, L50, M|100/100\n|move|p1a: WhereRMyItems|Protect|p1a: WhereRMyItems\n|-singleturn|p1a: WhereRMyItems|Protect\n|move|p2a: Sneasler|Fake Out|p1a: WhereRMyItems\n|-activate|p1a: WhereRMyItems|move: Protect\n|move|p2b: Tyranitar|Dragon Dance|p2b: Tyranitar\n|-boost|p2b: Tyranitar|atk|1\n|-boost|p2b: Tyranitar|spe|1\n|\n|-weather|Sandstorm|[upkeep]\n|-damage|p1a: WhereRMyItems|95/100|[from] Sandstorm\n|-damage|p2a: Sneasler|95/100|[from] Sandstorm\n|upkeep\n|turn|2\n|inactive|Govek314 has 30 seconds left.\n|inactive|Govek314 has 20 seconds left.\n|inactive|Govek314 has 15 seconds left.\n|inactive|Govek314 has 10 seconds left.\n|inactive|Govek314 has 5 seconds left.\n|\n|t:|1776367995\n|move|p2b: Tyranitar|Protect|p2b: Tyranitar\n|-singleturn|p2b: Tyranitar|Protect\n|move|p1a: WhereRMyItems|Tailwind|p1a: WhereRMyItems\n|-sidestart|p1: GoofballBTW|move: Tailwind\n|move|p1b: UnfinishedGame|Earthquake|p2a: Sneasler|[spread] p1a,p2a\n|-activate|p2b: Tyranitar|move: Protect\n|-resisted|p1a: WhereRMyItems|1\n|-supereffective|p2a: Sneasler|1\n|-damage|p1a: WhereRMyItems|64/100\n|-damage|p2a: Sneasler|0 fnt\n|faint|p2a: Sneasler\n|\n|-weather|Sandstorm|[upkeep]\n|-damage|p1a: WhereRMyItems|58/100|[from] Sandstorm\n|upkeep\n|\n|t:|1776368010\n|switch|p2a: Rotom|Rotom-Wash, L50|100/100\n|turn|3\n|\n|t:|1776368026\n|detailschange|p2b: Tyranitar|Tyranitar-Mega, L50, F\n|-mega|p2b: Tyranitar|Tyranitar|Tyranitarite\n|move|p1b: UnfinishedGame|Earthquake|p2b: Tyranitar|[spread] p1a,p2b\n|-immune|p2a: Rotom|[from] ability: Levitate\n|-resisted|p1a: WhereRMyItems|1\n|-supereffective|p2b: Tyranitar|1\n|-damage|p1a: WhereRMyItems|32/100\n|-damage|p2b: Tyranitar|48/100\n|move|p1a: WhereRMyItems|Moonblast|p2b: Tyranitar\n|-supereffective|p2b: Tyranitar|1\n|-damage|p2b: Tyranitar|8/100\n|move|p2a: Rotom|Hydro Pump|p1b: UnfinishedGame|[miss]\n|-miss|p2a: Rotom|p1b: UnfinishedGame\n|move|p2b: Tyranitar|Rock Slide|p1b: UnfinishedGame|[spread] p1a\n|-miss|p2b: Tyranitar|p1b: UnfinishedGame\n|-damage|p1a: WhereRMyItems|0 fnt\n|faint|p1a: WhereRMyItems\n|\n|-weather|Sandstorm|[upkeep]\n|-damage|p2a: Rotom|95/100|[from] Sandstorm\n|upkeep\n|\n|t:|1776368036\n|switch|p1a: PkmnCheapions|Charizard, L50, M|100/100\n|turn|4\n|\n|t:|1776368052\n|switch|p1b: MorePkmnSlop|Sneasler, L50, M|100/100\n|switch|p2b: Dragapult|Dragapult, L50, F|100/100\n|detailschange|p1a: PkmnCheapions|Charizard-Mega-Y, L50, M\n|-mega|p1a: PkmnCheapions|Charizard|Charizardite Y\n|-weather|SunnyDay|[from] ability: Drought|[of] p1a: PkmnCheapions\n|move|p1a: PkmnCheapions|Heat Wave|p2b: Dragapult|[spread] p2a\n|-miss|p1a: PkmnCheapions|p2b: Dragapult\n|-resisted|p2a: Rotom|1\n|-damage|p2a: Rotom|52/100\n|move|p2a: Rotom|Hydro Pump|p1b: MorePkmnSlop\n|-damage|p1b: MorePkmnSlop|62/100\n|\n|-weather|SunnyDay|[upkeep]\n|upkeep\n|turn|5\n|inactive|Govek314 has 30 seconds left.\n|inactive|Govek314 has 20 seconds left.\n|inactive|Govek314 has 15 seconds left.\n|\n|t:|1776368094\n|move|p2b: Dragapult|Protect|p2b: Dragapult\n|-singleturn|p2b: Dragapult|Protect\n|move|p1b: MorePkmnSlop|Close Combat|p2a: Rotom\n|-damage|p2a: Rotom|0 fnt\n|-unboost|p1b: MorePkmnSlop|def|1\n|-unboost|p1b: MorePkmnSlop|spd|1\n|faint|p2a: Rotom\n|-enditem|p1b: MorePkmnSlop|White Herb\n|-clearnegativeboost|p1b: MorePkmnSlop|[silent]\n|move|p1a: PkmnCheapions|Heat Wave|p2b: Dragapult\n|-activate|p2b: Dragapult|move: Protect\n|\n|-weather|SunnyDay|[upkeep]\n|-sideend|p1: GoofballBTW|move: Tailwind\n|upkeep\n|\n|t:|1776368107\n|switch|p2a: Tyranitar|Tyranitar-Mega, L50, F|8/100\n|-weather|Sandstorm|[from] ability: Sand Stream|[of] p2a: Tyranitar\n|turn|6\n|\n|t:|1776368122\n|move|p2a: Tyranitar|Protect|p2a: Tyranitar\n|-singleturn|p2a: Tyranitar|Protect\n|move|p1b: MorePkmnSlop|Dire Claw|p2b: Dragapult\n|-resisted|p2b: Dragapult|1\n|-damage|p2b: Dragapult|71/100\n|move|p2b: Dragapult|Dragon Darts|p1b: MorePkmnSlop\n|-damage|p1b: MorePkmnSlop|18/100\n|-anim|p2b: Dragapult|Dragon Darts|p1a: PkmnCheapions\n|-damage|p1a: PkmnCheapions|63/100\n|move|p1a: PkmnCheapions|Heat Wave|p2a: Tyranitar|[spread] p2b\n|-activate|p2a: Tyranitar|move: Protect\n|-resisted|p2b: Dragapult|1\n|-damage|p2b: Dragapult|44/100\n|\n|-weather|Sandstorm|[upkeep]\n|-damage|p1b: MorePkmnSlop|12/100|[from] Sandstorm\n|-damage|p2b: Dragapult|38/100|[from] Sandstorm\n|-damage|p1a: PkmnCheapions|57/100|[from] Sandstorm\n|upkeep\n|turn|7\n|\n|t:|1776368145\n|move|p2a: Tyranitar|Protect|p2a: Tyranitar\n|-singleturn|p2a: Tyranitar|Protect\n|move|p1b: MorePkmnSlop|Dire Claw|p2b: Dragapult\n|-resisted|p2b: Dragapult|1\n|-damage|p2b: Dragapult|11/100\n|move|p2b: Dragapult|Dragon Darts|p1b: MorePkmnSlop\n|-damage|p1b: MorePkmnSlop|0 fnt\n|-anim|p2b: Dragapult|Dragon Darts|p1a: PkmnCheapions\n|-damage|p1a: PkmnCheapions|20/100\n|faint|p1b: MorePkmnSlop\n|move|p1a: PkmnCheapions|Heat Wave|p2a: Tyranitar|[spread] p2b\n|-activate|p2a: Tyranitar|move: Protect\n|-resisted|p2b: Dragapult|1\n|-damage|p2b: Dragapult|0 fnt\n|faint|p2b: Dragapult\n|\n|-weather|Sandstorm|[upkeep]\n|-damage|p1a: PkmnCheapions|14/100|[from] Sandstorm\n|upkeep\n|\n|t:|1776368152\n|switch|p1b: UnfinishedGame|Garchomp, L50, M|100/100\n|turn|8\n|\n|t:|1776368168\n|move|p1b: UnfinishedGame|Earthquake|p2a: Tyranitar|[spread] p2a\n|-immune|p1a: PkmnCheapions\n|-supereffective|p2a: Tyranitar|1\n|-damage|p2a: Tyranitar|0 fnt\n|faint|p2a: Tyranitar\n|\n|win|GoofballBTW\n|raw|GoofballBTW's rating: 1279 &rarr; <strong>1303</strong><br />(+24 for winning)\n|raw|Govek314's rating: 1268 &rarr; <strong>1244</strong><br />(-24 for losing)\n|l|\u2606GoofballBTW\n|player|p1|\n",
  "uploadtime": 1776368175,
  "views": 23,
  "formatid": "gen9championsvgc2026regma",
  "rating": 1244,
  "private": 0,
  "password": null
}