{
  "id": "gen9championsvgc2026regma-2583137246",
  "format": "[Gen 9 Champions] VGC 2026 Reg M-A",
  "players": [
    "lizardon0516",
    "sprushy"
  ],
  "log": "|j|\u2606lizardon0516\n|j|\u2606sprushy\n|t:|1776146520\n|gametype|doubles\n|player|p1|lizardon0516|266|1056\n|player|p2|sprushy|266|1005\n|gen|9\n|tier|[Gen 9 Champions] VGC 2026 Reg M-A\n|rated|\n|rule|Species Clause: Limit one of each Pok\u00e9mon\n|rule|Item Clause: Limit 1 of each item\n|clearpoke\n|poke|p1|Charizard, L50, M|\n|poke|p1|Milotic, L50, F|\n|poke|p1|Sinistcha, L50|\n|poke|p1|Incineroar, L50, M|\n|poke|p1|Sneasler, L50, M|\n|poke|p1|Aerodactyl, L50, M|\n|poke|p2|Venusaur, L50, F|\n|poke|p2|Toxapex, L50, M|\n|poke|p2|Incineroar, L50, F|\n|poke|p2|Sinistcha, L50|\n|poke|p2|Kommo-o, L50, F|\n|poke|p2|Maushold-Four, L50|\n|teampreview|4\n|\n|t:|1776146567\n|teamsize|p1|4\n|teamsize|p2|4\n|start\n|switch|p1a: Milotic|Milotic, L50, F, shiny|100/100\n|switch|p1b: Sneasler|Sneasler, L50, M|100/100\n|switch|p2a: Kommo-o|Kommo-o, L50, F|100/100\n|switch|p2b: Maushold|Maushold-Four, L50|100/100\n|turn|1\n|inactive|Battle timer is ON: inactive players will automatically lose when time's up. (requested by lizardon0516)\n|\n|t:|1776146592\n|move|p2b: Maushold|Follow Me|p2b: Maushold\n|-singleturn|p2b: Maushold|move: Follow Me\n|move|p1b: Sneasler|Dire Claw|p2b: Maushold\n|-damage|p2b: Maushold|47/100\n|move|p2a: Kommo-o|Clangorous Soul|p2a: Kommo-o\n|-boost|p2a: Kommo-o|atk|1\n|-boost|p2a: Kommo-o|def|1\n|-boost|p2a: Kommo-o|spa|1\n|-boost|p2a: Kommo-o|spd|1\n|-boost|p2a: Kommo-o|spe|1\n|-damage|p2a: Kommo-o|68/100\n|move|p1a: Milotic|Icy Wind|p2b: Maushold|[spread] p2a,p2b\n|-supereffective|p2a: Kommo-o|1\n|-damage|p2a: Kommo-o|57/100\n|-damage|p2b: Maushold|34/100\n|-unboost|p2a: Kommo-o|spe|1\n|-unboost|p2b: Maushold|spe|1\n|\n|-heal|p2a: Kommo-o|63/100|[from] item: Leftovers\n|upkeep\n|turn|2\n|\n|t:|1776146614\n|move|p2b: Maushold|Follow Me|p2b: Maushold\n|-singleturn|p2b: Maushold|move: Follow Me\n|move|p1b: Sneasler|Dire Claw|p2b: Maushold\n|-damage|p2b: Maushold|0 fnt\n|faint|p2b: Maushold\n|move|p2a: Kommo-o|Clangorous Soul|p2a: Kommo-o\n|-boost|p2a: Kommo-o|atk|1\n|-boost|p2a: Kommo-o|def|1\n|-boost|p2a: Kommo-o|spa|1\n|-boost|p2a: Kommo-o|spd|1\n|-boost|p2a: Kommo-o|spe|1\n|-damage|p2a: Kommo-o|30/100\n|move|p1a: Milotic|Icy Wind|p2a: Kommo-o\n|-supereffective|p2a: Kommo-o|1\n|-damage|p2a: Kommo-o|13/100\n|-unboost|p2a: Kommo-o|spe|1\n|\n|-heal|p2a: Kommo-o|19/100|[from] item: Leftovers\n|upkeep\n|\n|t:|1776146630\n|switch|p2b: Sinistcha|Sinistcha, L50|100/100\n|-heal|p2a: Kommo-o|44/100|[from] ability: Hospitality|[of] p2b: Sinistcha\n|turn|3\n|\n|t:|1776146643\n|move|p1b: Sneasler|Dire Claw|p2a: Kommo-o\n|-damage|p2a: Kommo-o|26/100\n|-status|p2a: Kommo-o|psn\n|move|p2a: Kommo-o|Clanging Scales|p1a: Milotic|[spread] p1a,p1b\n|-damage|p1a: Milotic|64/100\n|-damage|p1b: Sneasler|15/100\n|-unboost|p2a: Kommo-o|def|1\n|move|p1a: Milotic|Icy Wind|p2b: Sinistcha|[spread] p2a,p2b\n|-supereffective|p2a: Kommo-o|1\n|-supereffective|p2b: Sinistcha|1\n|-damage|p2a: Kommo-o|15/100 psn\n|-damage|p2b: Sinistcha|75/100\n|-unboost|p2a: Kommo-o|spe|1\n|-unboost|p2b: Sinistcha|spe|1\n|move|p2b: Sinistcha|Life Dew|p2b: Sinistcha|[spread] p2a,p2b\n|-heal|p2a: Kommo-o|40/100 psn\n|-heal|p2b: Sinistcha|99/100\n|\n|-heal|p1a: Milotic|70/100|[from] item: Leftovers\n|-heal|p2a: Kommo-o|46/100 psn|[from] item: Leftovers\n|-damage|p2a: Kommo-o|33/100 psn|[from] psn\n|upkeep\n|turn|4\n|inactive|lizardon0516 has 30 seconds left.\n|inactive|sprushy has 30 seconds left.\n|\n|t:|1776146676\n|move|p1b: Sneasler|Close Combat|p2a: Kommo-o\n|-damage|p2a: Kommo-o|0 fnt\n|-unboost|p1b: Sneasler|def|1\n|-unboost|p1b: Sneasler|spd|1\n|faint|p2a: Kommo-o\n|-enditem|p1b: Sneasler|White Herb\n|-clearnegativeboost|p1b: Sneasler|[silent]\n|move|p1a: Milotic|Icy Wind|p2b: Sinistcha\n|-supereffective|p2b: Sinistcha|1\n|-damage|p2b: Sinistcha|66/100\n|-unboost|p2b: Sinistcha|spe|1\n|move|p2b: Sinistcha|Life Dew|p2b: Sinistcha\n|-heal|p2b: Sinistcha|92/100\n|\n|-heal|p1a: Milotic|76/100|[from] item: Leftovers\n|upkeep\n|\n|t:|1776146694\n|switch|p2a: Venusaur|Venusaur, L50, F|100/100\n|turn|5\n|\n|t:|1776146705\n|switch|p1b: Sinistcha|Sinistcha, L50|100/100\n|-heal|p1a: Milotic|100/100|[from] ability: Hospitality|[of] p1b: Sinistcha\n|move|p1a: Milotic|Icy Wind|p2a: Venusaur|[spread] p2a,p2b\n|-supereffective|p2a: Venusaur|1\n|-supereffective|p2b: Sinistcha|1\n|-damage|p2a: Venusaur|82/100\n|-damage|p2b: Sinistcha|65/100\n|-unboost|p2a: Venusaur|spe|1\n|-unboost|p2b: Sinistcha|spe|1\n|move|p2a: Venusaur|Giga Drain|p1a: Milotic\n|-supereffective|p1a: Milotic|1\n|-damage|p1a: Milotic|67/100\n|-heal|p2a: Venusaur|99/100|[from] drain|[of] p1a: Milotic\n|move|p2b: Sinistcha|Matcha Gotcha|p1b: Sinistcha|[spread] p1a,p1b\n|-supereffective|p1a: Milotic|1\n|-resisted|p1b: Sinistcha|1\n|-damage|p1a: Milotic|34/100\n|-heal|p2b: Sinistcha|83/100|[from] drain|[of] p1a: Milotic\n|-damage|p1b: Sinistcha|87/100\n|-heal|p2b: Sinistcha|90/100|[from] drain|[of] p1b: Sinistcha\n|-status|p1b: Sinistcha|brn\n|\n|-heal|p1a: Milotic|40/100|[from] item: Leftovers\n|-damage|p1b: Sinistcha|81/100 brn|[from] brn\n|upkeep\n|turn|6\n|inactive|lizardon0516 has 30 seconds left.\n|inactive|sprushy has 30 seconds left.\n|inactive|lizardon0516 has 20 seconds left.\n|\n|t:|1776146741\n|switch|p1b: Sneasler|Sneasler, L50, M|15/100\n|move|p1a: Milotic|Protect|p1a: Milotic\n|-singleturn|p1a: Milotic|Protect\n|move|p2a: Venusaur|Leech Seed|p1a: Milotic\n|-activate|p1a: Milotic|move: Protect\n|move|p2b: Sinistcha|Matcha Gotcha|p1b: Sneasler|[spread] p1b\n|-activate|p1a: Milotic|move: Protect\n|-resisted|p1b: Sneasler|1\n|-damage|p1b: Sneasler|0 fnt\n|-heal|p2b: Sinistcha|97/100|[from] drain|[of] p1b: Sneasler\n|faint|p1b: Sneasler\n|\n|-heal|p1a: Milotic|46/100|[from] item: Leftovers\n|upkeep\n|\n|t:|1776146755\n|switch|p1b: Charizard|Charizard, L50, M, shiny|100/100\n|turn|7\n|\n|t:|1776146773\n|detailschange|p1b: Charizard|Charizard-Mega-X, L50, M, shiny\n|-mega|p1b: Charizard|Charizard|Charizardite X\n|detailschange|p2a: Venusaur|Venusaur-Mega, L50, F\n|-mega|p2a: Venusaur|Venusaur|Venusaurite\n|move|p2a: Venusaur|Protect|p2a: Venusaur\n|-singleturn|p2a: Venusaur|Protect\n|move|p2b: Sinistcha|Protect|p2b: Sinistcha\n|-singleturn|p2b: Sinistcha|Protect\n|move|p1b: Charizard|Flare Blitz|p2b: Sinistcha\n|-activate|p2b: Sinistcha|move: Protect\n|move|p1a: Milotic|Icy Wind|p2b: Sinistcha|[spread] \n|-activate|p2a: Venusaur|move: Protect\n|-activate|p2b: Sinistcha|move: Protect\n|\n|-heal|p1a: Milotic|52/100|[from] item: Leftovers\n|upkeep\n|turn|8\n|inactive|sprushy has 30 seconds left.\n|inactive|sprushy has 20 seconds left.\n|\n|t:|1776146812\n|move|p1b: Charizard|Flare Blitz|p2a: Venusaur\n|-supereffective|p2a: Venusaur|1\n|-damage|p2a: Venusaur|45/100\n|-damage|p1b: Charizard|78/100|[from] Recoil\n|move|p1a: Milotic|Icy Wind|p2b: Sinistcha|[spread] p2a,p2b\n|-supereffective|p2a: Venusaur|1\n|-supereffective|p2b: Sinistcha|1\n|-damage|p2a: Venusaur|38/100\n|-damage|p2b: Sinistcha|72/100\n|-unboost|p2a: Venusaur|spe|1\n|-unboost|p2b: Sinistcha|spe|1\n|move|p2a: Venusaur|Leech Seed|p1b: Charizard\n|-start|p1b: Charizard|move: Leech Seed\n|move|p2b: Sinistcha|Matcha Gotcha|p1a: Milotic|[spread] p1a,p1b\n|-supereffective|p1a: Milotic|1\n|-resisted|p1b: Charizard|2\n|-damage|p1a: Milotic|19/100\n|-heal|p2b: Sinistcha|90/100|[from] drain|[of] p1a: Milotic\n|-damage|p1b: Charizard|70/100\n|-heal|p2b: Sinistcha|94/100|[from] drain|[of] p1b: Charizard\n|\n|-heal|p1a: Milotic|25/100|[from] item: Leftovers\n|-damage|p1b: Charizard|58/100|[from] Leech Seed|[of] p2a: Venusaur\n|-heal|p2a: Venusaur|48/100|[silent]\n|upkeep\n|turn|9\n|\n|t:|1776146835\n|switch|p1b: Sinistcha|Sinistcha, L50|81/100 brn\n|-heal|p1a: Milotic|50/100|[from] ability: Hospitality|[of] p1b: Sinistcha\n|move|p2a: Venusaur|Protect|p2a: Venusaur\n|-singleturn|p2a: Venusaur|Protect\n|move|p1a: Milotic|Icy Wind|p2a: Venusaur|[spread] p2b\n|-activate|p2a: Venusaur|move: Protect\n|-supereffective|p2b: Sinistcha|1\n|-damage|p2b: Sinistcha|67/100\n|-unboost|p2b: Sinistcha|spe|1\n|move|p2b: Sinistcha|Life Dew|p2b: Sinistcha|[spread] p2a,p2b\n|-heal|p2a: Venusaur|73/100\n|-heal|p2b: Sinistcha|93/100\n|\n|-heal|p1a: Milotic|56/100|[from] item: Leftovers\n|-damage|p1b: Sinistcha|74/100 brn|[from] brn\n|upkeep\n|turn|10\n|\n|t:|1776146858\n|move|p1a: Milotic|Icy Wind|p2a: Venusaur|[spread] p2a,p2b\n|-supereffective|p2a: Venusaur|1\n|-supereffective|p2b: Sinistcha|1\n|-damage|p2a: Venusaur|66/100\n|-damage|p2b: Sinistcha|67/100\n|-unboost|p2a: Venusaur|spe|1\n|-unboost|p2b: Sinistcha|spe|1\n|move|p1b: Sinistcha|Matcha Gotcha|p2b: Sinistcha|[spread] p2a,p2b\n|-resisted|p2a: Venusaur|2\n|-resisted|p2b: Sinistcha|1\n|-damage|p2a: Venusaur|61/100\n|-heal|p1b: Sinistcha|77/100 brn|[from] drain|[of] p2a: Venusaur\n|-damage|p2b: Sinistcha|52/100\n|-heal|p1b: Sinistcha|85/100 brn|[from] drain|[of] p2b: Sinistcha\n|move|p2a: Venusaur|Leech Seed|p1a: Milotic\n|-start|p1a: Milotic|move: Leech Seed\n|move|p2b: Sinistcha|Life Dew|p2b: Sinistcha|[spread] p2a,p2b\n|-heal|p2a: Venusaur|86/100\n|-heal|p2b: Sinistcha|77/100\n|\n|-heal|p1a: Milotic|62/100|[from] item: Leftovers\n|-damage|p1a: Milotic|50/100|[from] Leech Seed|[of] p2a: Venusaur\n|-heal|p2a: Venusaur|99/100|[silent]\n|-damage|p1b: Sinistcha|79/100 brn|[from] brn\n|upkeep\n|turn|11\n|inactive|sprushy has 30 seconds left.\n|\n|t:|1776146889\n|switch|p1a: Charizard|Charizard-Mega-X, L50, M, shiny|58/100\n|move|p1b: Sinistcha|Matcha Gotcha|p2b: Sinistcha|[spread] p2a,p2b\n|-resisted|p2a: Venusaur|2\n|-resisted|p2b: Sinistcha|1\n|-damage|p2a: Venusaur|95/100\n|-heal|p1b: Sinistcha|81/100 brn|[from] drain|[of] p2a: Venusaur\n|-damage|p2b: Sinistcha|62/100\n|-heal|p1b: Sinistcha|89/100 brn|[from] drain|[of] p2b: Sinistcha\n|-status|p2b: Sinistcha|brn\n|move|p2a: Venusaur|Leech Seed|p1b: Sinistcha\n|-immune|p1b: Sinistcha\n|move|p2b: Sinistcha|Strength Sap|p1b: Sinistcha\n|-unboost|p1b: Sinistcha|atk|1\n|-heal|p2b: Sinistcha|100/100 brn\n|\n|-damage|p1b: Sinistcha|83/100 brn|[from] brn\n|-damage|p2b: Sinistcha|94/100 brn|[from] brn\n|upkeep\n|turn|12\n|inactive|sprushy has 30 seconds left.\n|\n|t:|1776146919\n|move|p1a: Charizard|Flare Blitz|p2b: Sinistcha\n|-supereffective|p2b: Sinistcha|1\n|-damage|p2b: Sinistcha|0 fnt\n|faint|p2b: Sinistcha\n|-damage|p1a: Charizard|22/100|[from] Recoil\n|move|p1b: Sinistcha|Matcha Gotcha|p2a: Venusaur\n|-resisted|p2a: Venusaur|2\n|-damage|p2a: Venusaur|89/100\n|-heal|p1b: Sinistcha|86/100 brn|[from] drain|[of] p2a: Venusaur\n|move|p2a: Venusaur|Leech Seed|p1a: Charizard\n|-start|p1a: Charizard|move: Leech Seed\n|\n|-damage|p1a: Charizard|10/100|[from] Leech Seed|[of] p2a: Venusaur\n|-heal|p2a: Venusaur|99/100|[silent]\n|-damage|p1b: Sinistcha|80/100 brn|[from] brn\n|upkeep\n|turn|13\n|\n|t:|1776146942\n|switch|p1a: Milotic|Milotic, L50, F, shiny|50/100\n|move|p1b: Sinistcha|Matcha Gotcha|p2a: Venusaur\n|-resisted|p2a: Venusaur|2\n|-damage|p2a: Venusaur|93/100\n|-heal|p1b: Sinistcha|83/100 brn|[from] drain|[of] p2a: Venusaur\n|move|p2a: Venusaur|Knock Off|p1b: Sinistcha\n|-supereffective|p1b: Sinistcha|1\n|-damage|p1b: Sinistcha|54/100 brn\n|-enditem|p1b: Sinistcha|Coba Berry|[from] move: Knock Off|[of] p2a: Venusaur\n|\n|-heal|p1a: Milotic|56/100|[from] item: Leftovers\n|-damage|p1b: Sinistcha|48/100 brn|[from] brn\n|upkeep\n|turn|14\n|\n|t:|1776146964\n|move|p1a: Milotic|Scald|p2a: Venusaur\n|-resisted|p2a: Venusaur|1\n|-damage|p2a: Venusaur|80/100\n|move|p1b: Sinistcha|Matcha Gotcha|p2a: Venusaur\n|-resisted|p2a: Venusaur|2\n|-damage|p2a: Venusaur|74/100\n|-heal|p1b: Sinistcha|51/100 brn|[from] drain|[of] p2a: Venusaur\n|move|p2a: Venusaur|Leech Seed|p1a: Milotic\n|-start|p1a: Milotic|move: Leech Seed\n|\n|-heal|p1a: Milotic|62/100|[from] item: Leftovers\n|-damage|p1a: Milotic|49/100|[from] Leech Seed|[of] p2a: Venusaur\n|-heal|p2a: Venusaur|88/100|[silent]\n|-damage|p1b: Sinistcha|45/100 brn|[from] brn\n|upkeep\n|turn|15\n|\n|t:|1776146988\n|move|p1a: Milotic|Scald|p2a: Venusaur\n|-resisted|p2a: Venusaur|1\n|-damage|p2a: Venusaur|75/100\n|-status|p2a: Venusaur|brn\n|move|p1b: Sinistcha|Matcha Gotcha|p2a: Venusaur\n|-resisted|p2a: Venusaur|2\n|-damage|p2a: Venusaur|69/100 brn\n|-heal|p1b: Sinistcha|48/100 brn|[from] drain|[of] p2a: Venusaur\n|move|p2a: Venusaur|Knock Off|p1a: Milotic\n|-damage|p1a: Milotic|39/100\n|-enditem|p1a: Milotic|Leftovers|[from] move: Knock Off|[of] p2a: Venusaur\n|\n|-damage|p1a: Milotic|27/100|[from] Leech Seed|[of] p2a: Venusaur\n|-heal|p2a: Venusaur|82/100 brn|[silent]\n|-damage|p1b: Sinistcha|42/100 brn|[from] brn\n|-damage|p2a: Venusaur|76/100 brn|[from] brn\n|upkeep\n|turn|16\n|\n|t:|1776147009\n|switch|p1b: Charizard|Charizard-Mega-X, L50, M, shiny|10/100\n|move|p1a: Milotic|Icy Wind|p2a: Venusaur\n|-supereffective|p2a: Venusaur|1\n|-damage|p2a: Venusaur|65/100 brn\n|-unboost|p2a: Venusaur|spe|1\n|move|p2a: Venusaur|Giga Drain|p1a: Milotic\n|-supereffective|p1a: Milotic|1\n|-crit|p1a: Milotic\n|-damage|p1a: Milotic|0 fnt\n|-heal|p2a: Venusaur|79/100 brn|[from] drain|[of] p1a: Milotic\n|faint|p1a: Milotic\n|\n|-damage|p2a: Venusaur|73/100 brn|[from] brn\n|upkeep\n|\n|t:|1776147020\n|switch|p1a: Sinistcha|Sinistcha, L50|42/100 brn\n|-heal|p1b: Charizard|34/100|[from] ability: Hospitality|[of] p1a: Sinistcha\n|turn|17\n|\n|t:|1776147030\n|move|p1b: Charizard|Flare Blitz|p2a: Venusaur\n|-supereffective|p2a: Venusaur|1\n|-damage|p2a: Venusaur|15/100 brn\n|-damage|p1b: Charizard|11/100|[from] Recoil\n|move|p1a: Sinistcha|Matcha Gotcha|p2a: Venusaur\n|-resisted|p2a: Venusaur|2\n|-damage|p2a: Venusaur|10/100 brn\n|-heal|p1a: Sinistcha|45/100 brn|[from] drain|[of] p2a: Venusaur\n|move|p2a: Venusaur|Leech Seed|p1b: Charizard\n|-start|p1b: Charizard|move: Leech Seed\n|\n|-damage|p1b: Charizard|0 fnt|[from] Leech Seed|[of] p2a: Venusaur\n|-heal|p2a: Venusaur|19/100 brn|[silent]\n|faint|p1b: Charizard\n|-damage|p1a: Sinistcha|39/100 brn|[from] brn\n|-damage|p2a: Venusaur|13/100 brn|[from] brn\n|upkeep\n|turn|18\n|\n|t:|1776147053\n|move|p1a: Sinistcha|Matcha Gotcha|p2a: Venusaur\n|-resisted|p2a: Venusaur|2\n|-damage|p2a: Venusaur|7/100 brn\n|-heal|p1a: Sinistcha|41/100 brn|[from] drain|[of] p2a: Venusaur\n|move|p2a: Venusaur|Leech Seed|p1a: Sinistcha\n|-immune|p1a: Sinistcha\n|\n|-damage|p1a: Sinistcha|35/100 brn|[from] brn\n|-damage|p2a: Venusaur|2/100 brn|[from] brn\n|upkeep\n|turn|19\n|\n|t:|1776147064\n|move|p1a: Sinistcha|Matcha Gotcha|p2a: Venusaur\n|-resisted|p2a: Venusaur|2\n|-damage|p2a: Venusaur|0 fnt\n|-heal|p1a: Sinistcha|36/100 brn|[from] drain|[of] p2a: Venusaur\n|faint|p2a: Venusaur\n|\n|win|lizardon0516\n|raw|lizardon0516's rating: 1056 &rarr; <strong>1083</strong><br />(+27 for winning)\n|raw|sprushy's rating: 1005 &rarr; <strong>1000</strong><br />(-5 for losing)\n|l|\u2606sprushy\n|player|p2|\n",
  "uploadtime": 1776147073,
  "views": 23,
  "formatid": "gen9championsvgc2026regma",
  "rating": 1000,
  "private": 0,
  "password": null
}