{
  "id": "gen9championsvgc2026regma-2580740994",
  "format": "[Gen 9 Champions] VGC 2026 Reg M-A",
  "players": [
    "willi3m",
    "bus"
  ],
  "log": "|j|\u2606willi3m\n|j|\u2606bus\n|t:|1775928665\n|gametype|doubles\n|player|p1|willi3m|steven|1000\n|player|p2|bus|1|1000\n|gen|9\n|tier|[Gen 9 Champions] VGC 2026 Reg M-A\n|rated|\n|rule|Species Clause: Limit one of each Pok\u00e9mon\n|rule|Item Clause: Limit 1 of each item\n|clearpoke\n|poke|p1|Incineroar, L50, F|\n|poke|p1|Charizard, L50, F|\n|poke|p1|Starmie, L50|\n|poke|p1|Meowscarada, L50, M|\n|poke|p1|Clefable, L50, M|\n|poke|p1|Garchomp, L50, M|\n|poke|p2|Skarmory, L50, F|\n|poke|p2|Tauros, L50, M|\n|poke|p2|Aerodactyl, L50, M|\n|poke|p2|Gengar, L50, F|\n|poke|p2|Sylveon, L50, M|\n|poke|p2|Torkoal, L50, F|\n|teampreview|4\n|c|\u2606willi3m|Hi\nwilli3m has agreed to open team sheets.\n|\n|t:|1775928705\n|teamsize|p1|4\n|teamsize|p2|4\n|start\n|switch|p1a: Incineroar|Incineroar, L50, F, shiny|100/100\n|switch|p1b: Meowscarada|Meowscarada, L50, M, shiny|100/100\n|switch|p2a: Kodinski|Tauros, L50, M|100/100\n|switch|p2b: Xylek|Aerodactyl, L50, M|100/100\n|-ability|p2a: Kodinski|Intimidate|boost\n|-unboost|p1a: Incineroar|atk|1\n|-unboost|p1b: Meowscarada|atk|1\n|-ability|p1a: Incineroar|Intimidate|boost\n|-unboost|p2a: Kodinski|atk|1\n|-unboost|p2b: Xylek|atk|1\n|turn|1\n|\n|t:|1775928724\n|switch|p2a: Pyrite|Skarmory, L50, F|100/100\n|move|p1b: Meowscarada|Protect|p1b: Meowscarada\n|-start|p1b: Meowscarada|typechange|Normal|[from] ability: Protean\n|-singleturn|p1b: Meowscarada|Protect\n|move|p1a: Incineroar|Fake Out|p2a: Pyrite\n|-resisted|p2a: Pyrite|1\n|-damage|p2a: Pyrite|97/100\n|-ability|p2a: Pyrite|Weak Armor|boost\n|-unboost|p2a: Pyrite|def|1\n|-boost|p2a: Pyrite|spe|2\n|move|p2b: Xylek|Tailwind|p2b: Xylek\n|-sidestart|p2: bus|move: Tailwind\n|\n|upkeep\n|turn|2\n|\n|t:|1775928746\n|detailschange|p2a: Pyrite|Skarmory-Mega, L50, F\n|-mega|p2a: Pyrite|Skarmory|Skarmorite\n|move|p2a: Pyrite|Swords Dance|p2a: Pyrite\n|-boost|p2a: Pyrite|atk|2\n|move|p2b: Xylek|Taunt|p1a: Incineroar\n|-start|p1a: Incineroar|move: Taunt\n|move|p1b: Meowscarada|U-turn|p2b: Xylek\n|-resisted|p2b: Xylek|1\n|-damage|p2b: Xylek|88/100\n|\n|t:|1775928757\n|switch|p1b: Charizard|Charizard, L50, F, shiny|100/100|[from] U-turn\n|cant|p1a: Incineroar|move: Taunt|Parting Shot\n|\n|upkeep\n|turn|3\n|\n|t:|1775928772\n|switch|p2b: Kodinski|Tauros, L50, M|100/100\n|-ability|p2b: Kodinski|Intimidate|boost\n|-unboost|p1a: Incineroar|atk|1\n|-unboost|p1b: Charizard|atk|1\n|switch|p1a: Clefable|Clefable, L50, M, shiny|100/100\n|detailschange|p1b: Charizard|Charizard-Mega-Y, L50, F, shiny\n|-mega|p1b: Charizard|Charizard|Charizardite Y\n|-weather|SunnyDay|[from] ability: Drought|[of] p1b: Charizard\n|move|p2a: Pyrite|Drill Run|p1a: Clefable|[miss]\n|-miss|p2a: Pyrite|p1a: Clefable\n|move|p1b: Charizard|Flamethrower|p2a: Pyrite\n|-supereffective|p2a: Pyrite|1\n|-damage|p2a: Pyrite|0 fnt\n|faint|p2a: Pyrite\n|\n|-weather|SunnyDay|[upkeep]\n|upkeep\n|\n|t:|1775928788\n|switch|p2a: PK Caddy|Sylveon, L50, M|100/100\n|turn|4\n|\n|t:|1775928804\n|move|p1b: Charizard|Protect|p1b: Charizard\n|-singleturn|p1b: Charizard|Protect\n|move|p1a: Clefable|Protect|p1a: Clefable\n|-singleturn|p1a: Clefable|Protect\n|move|p2b: Kodinski|Rain Dance|p2b: Kodinski\n|-weather|RainDance\n|move|p2a: PK Caddy|Weather Ball|p1b: Charizard\n|-activate|p1b: Charizard|move: Protect\n|\n|-weather|RainDance|[upkeep]\n|-sideend|p2: bus|move: Tailwind\n|upkeep\n|turn|5\n|\n|t:|1775928821\n|switch|p1b: Meowscarada|Meowscarada, L50, M, shiny|100/100\n|switch|p2b: Xylek|Aerodactyl, L50, M|88/100\n|move|p2a: PK Caddy|Weather Ball|p1b: Meowscarada\n|-resisted|p1b: Meowscarada|1\n|-damage|p1b: Meowscarada|69/100\n|move|p1a: Clefable|Body Slam|p2a: PK Caddy\n|-damage|p2a: PK Caddy|78/100\n|\n|-weather|RainDance|[upkeep]\n|upkeep\n|turn|6\n|\n|t:|1775928841\n|move|p1a: Clefable|Helping Hand|p1b: Meowscarada\n|-singleturn|p1b: Meowscarada|Helping Hand|[of] p1a: Clefable\n|move|p2b: Xylek|Rock Slide|p1b: Meowscarada|[spread] p1a,p1b\n|-damage|p1a: Clefable|75/100\n|-damage|p1b: Meowscarada|33/100\n|move|p1b: Meowscarada|Flower Trick|p2b: Xylek\n|-start|p1b: Meowscarada|typechange|Grass|[from] ability: Protean\n|-crit|p2b: Xylek\n|-damage|p2b: Xylek|0 fnt\n|faint|p2b: Xylek\n|move|p2a: PK Caddy|Hyper Voice|p1b: Meowscarada|[spread] p1a,p1b\n|-damage|p1a: Clefable|35/100\n|-damage|p1b: Meowscarada|0 fnt\n|-enditem|p1a: Clefable|Sitrus Berry|[eat]\n|-heal|p1a: Clefable|59/100|[from] item: Sitrus Berry\n|faint|p1b: Meowscarada\n|\n|-weather|RainDance|[upkeep]\n|upkeep\n|\n|t:|1775928861\n|switch|p2b: Kodinski|Tauros, L50, M|100/100\n|switch|p1b: Charizard|Charizard-Mega-Y, L50, F, shiny|100/100\n|-weather|SunnyDay|[from] ability: Drought|[of] p1b: Charizard\n|-ability|p2b: Kodinski|Intimidate|boost\n|-unboost|p1a: Clefable|atk|1\n|-unboost|p1b: Charizard|atk|1\n|turn|7\n|\n|t:|1775928880\n|move|p1a: Clefable|Helping Hand|p1b: Charizard\n|-singleturn|p1b: Charizard|Helping Hand|[of] p1a: Clefable\n|move|p1b: Charizard|Flamethrower|p2b: Kodinski\n|-damage|p2b: Kodinski|0 fnt\n|faint|p2b: Kodinski\n|move|p2a: PK Caddy|Hyper Voice|p1a: Clefable|[spread] p1a,p1b\n|-crit|p1a: Clefable\n|-resisted|p1b: Charizard|1\n|-damage|p1a: Clefable|0 fnt\n|-damage|p1b: Charizard|78/100\n|faint|p1a: Clefable\n|\n|-weather|SunnyDay|[upkeep]\n|upkeep\n|\n|t:|1775928893\n|switch|p1a: Incineroar|Incineroar, L50, F, shiny|100/100\n|-ability|p1a: Incineroar|Intimidate|boost\n|-unboost|p2a: PK Caddy|atk|1\n|turn|8\n|\n|t:|1775928903\n|move|p2a: PK Caddy|Protect|p2a: PK Caddy\n|-singleturn|p2a: PK Caddy|Protect\n|move|p1a: Incineroar|Fake Out|p2a: PK Caddy\n|-activate|p2a: PK Caddy|move: Protect\n|move|p1b: Charizard|Air Slash|p2a: PK Caddy\n|-activate|p2a: PK Caddy|move: Protect\n|\n|-weather|SunnyDay|[upkeep]\n|upkeep\n|turn|9\n|\n|t:|1775928921\n|move|p1b: Charizard|Flamethrower|p2a: PK Caddy\n|-damage|p2a: PK Caddy|12/100\n|move|p2a: PK Caddy|Hyper Voice|p1b: Charizard|[spread] p1a,p1b\n|-resisted|p1b: Charizard|1\n|-damage|p1a: Incineroar|62/100\n|-damage|p1b: Charizard|58/100\n|move|p1a: Incineroar|Parting Shot|p2a: PK Caddy\n|-unboost|p2a: PK Caddy|atk|1\n|-unboost|p2a: PK Caddy|spa|1\n|\n|-weather|SunnyDay|[upkeep]\n|-heal|p1a: Incineroar|68/100|[from] item: Leftovers\n|upkeep\n|turn|10\n|\n|t:|1775928941\n|move|p1b: Charizard|Solar Beam||[still]\n|-prepare|p1b: Charizard|Solar Beam\n|-anim|p1b: Charizard|Solar Beam|p2a: PK Caddy\n|-damage|p2a: PK Caddy|0 fnt\n|faint|p2a: PK Caddy\n|\n|win|willi3m\n|raw|willi3m's rating: 1000 &rarr; <strong>1040</strong><br />(+40 for winning)\n|raw|bus's rating: 1000 &rarr; <strong>1000</strong><br />(+0 for losing)\n|c|\u2606willi3m|Gg\n",
  "uploadtime": 1775928948,
  "views": 14,
  "formatid": "gen9championsvgc2026regma",
  "rating": 1000,
  "private": 0,
  "password": null
}