{
  "id": "gen9championsvgc2026regma-2582641333",
  "format": "[Gen 9 Champions] VGC 2026 Reg M-A",
  "players": [
    "Rockoso",
    "Avatar Kony"
  ],
  "log": "|j|\u2606Rockoso\n|j|\u2606Avatar Kony\n|t:|1776104401\n|gametype|doubles\n|player|p1|Rockoso|bruno|1114\n|player|p2|Avatar Kony|sabrina-frlg|1081\n|gen|9\n|tier|[Gen 9 Champions] VGC 2026 Reg M-A\n|rated|\n|rule|Species Clause: Limit one of each Pok\u00e9mon\n|rule|Item Clause: Limit 1 of each item\n|clearpoke\n|poke|p1|Slowbro, L50, M|\n|poke|p1|Maushold-Four, L50|\n|poke|p1|Meowscarada, L50, F|\n|poke|p1|Ceruledge, L50, M|\n|poke|p1|Rotom-Wash, L50|\n|poke|p1|Mudsdale, L50, M|\n|poke|p2|Aerodactyl, L50, F|\n|poke|p2|Floette-Eternal, L50, F|\n|poke|p2|Incineroar, L50, F|\n|poke|p2|Sneasler, L50, M|\n|poke|p2|Basculegion, L50, M|\n|poke|p2|Garchomp, L50, M|\n|teampreview|4\n|j| Earl xx Sweatshirt\n|j| gothsaga\n|inactive|Battle timer is ON: inactive players will automatically lose when time's up. (requested by Rockoso)\n|\n|t:|1776104492\n|teamsize|p1|4\n|teamsize|p2|4\n|start\n|switch|p1a: Mudsdale|Mudsdale, L50, M|100/100\n|switch|p1b: Slowbro|Slowbro, L50, M|100/100\n|switch|p2a: Floette|Floette-Eternal, L50, F|100/100\n|switch|p2b: Incineroar|Incineroar, L50, F|100/100\n|-ability|p2b: Incineroar|Intimidate|boost\n|-fail|p1a: Mudsdale|unboost|Attack|[from] ability: Inner Focus|[of] p1a: Mudsdale\n|-unboost|p1b: Slowbro|atk|1\n|turn|1\n|inactive|Rockoso has 30 seconds left.\n|inactive|Avatar Kony has 30 seconds left.\n|\n|t:|1776104524\n|detailschange|p2a: Floette|Floette-Mega, L50, F\n|-mega|p2a: Floette|Floette|Floettite\n|-ability|p2a: Floette|Fairy Aura\n|detailschange|p1b: Slowbro|Slowbro-Mega, L50, M\n|-mega|p1b: Slowbro|Slowbro|Slowbronite\n|move|p2a: Floette|Light of Ruin|p1b: Slowbro\n|-damage|p1b: Slowbro|5/100\n|-damage|p2a: Floette|36/100|[from] Recoil\n|move|p2b: Incineroar|Parting Shot|p1a: Mudsdale\n|-unboost|p1a: Mudsdale|atk|1\n|-unboost|p1a: Mudsdale|spa|1\n|\n|t:|1776104540\n|switch|p2b: Basculegion|Basculegion, L50, M|100/100|[from] Parting Shot\n|move|p1a: Mudsdale|High Horsepower|p2b: Basculegion\n|-damage|p2b: Basculegion|65/100\n|move|p1b: Slowbro|Calm Mind|p1b: Slowbro\n|-boost|p1b: Slowbro|spa|1\n|-boost|p1b: Slowbro|spd|1\n|\n|upkeep\n|turn|2\n|inactive|Rockoso has 30 seconds left.\n|\n|t:|1776104568\n|move|p1a: Mudsdale|Protect|p1a: Mudsdale\n|-singleturn|p1a: Mudsdale|Protect\n|move|p2b: Basculegion|Wave Crash|p1a: Mudsdale\n|-activate|p1a: Mudsdale|move: Protect\n|move|p2a: Floette|Dazzling Gleam|p1a: Mudsdale|[spread] p1b\n|-activate|p1a: Mudsdale|move: Protect\n|-damage|p1b: Slowbro|0 fnt\n|faint|p1b: Slowbro\n|\n|upkeep\n|inactive|Rockoso has 30 seconds left.\n|\n|t:|1776104598\n|switch|p1b: Meowscarada|Meowscarada, L50, F|100/100\n|turn|3\n|\n|t:|1776104617\n|move|p2a: Floette|Protect|p2a: Floette\n|-singleturn|p2a: Floette|Protect\n|move|p1b: Meowscarada|Flower Trick|p2a: Floette\n|-start|p1b: Meowscarada|typechange|Grass|[from] ability: Protean\n|-activate|p2a: Floette|move: Protect\n|move|p2b: Basculegion|Wave Crash|p1a: Mudsdale\n|-supereffective|p1a: Mudsdale|1\n|-damage|p1a: Mudsdale|0 fnt\n|faint|p1a: Mudsdale\n|-damage|p2b: Basculegion|30/100|[from] Recoil\n|\n|upkeep\n|\n|t:|1776104629\n|switch|p1a: Ceruledge|Ceruledge, L50, M|100/100\n|turn|4\n|\n|t:|1776104643\n|switch|p2a: Incineroar|Incineroar, L50, F|100/100\n|-ability|p2a: Incineroar|Intimidate|boost\n|-unboost|p1a: Ceruledge|atk|1\n|-unboost|p1b: Meowscarada|atk|1\n|move|p1a: Ceruledge|Shadow Sneak|p2b: Basculegion\n|-supereffective|p2b: Basculegion|1\n|-damage|p2b: Basculegion|0 fnt\n|faint|p2b: Basculegion\n|move|p1b: Meowscarada|Flower Trick|p2a: Incineroar\n|-resisted|p2a: Incineroar|1\n|-crit|p2a: Incineroar\n|-damage|p2a: Incineroar|77/100\n|\n|upkeep\n|\n|t:|1776104656\n|switch|p2b: Sneasler|Sneasler, L50, M|100/100\n|turn|5\n|\n|t:|1776104675\n|move|p2a: Incineroar|Fake Out|p1b: Meowscarada\n|-damage|p1b: Meowscarada|83/100\n|cant|p1b: Meowscarada|flinch\n|move|p2b: Sneasler|Dire Claw|p1b: Meowscarada\n|-supereffective|p1b: Meowscarada|1\n|-damage|p1b: Meowscarada|0 fnt\n|faint|p1b: Meowscarada\n|move|p1a: Ceruledge|Swords Dance|p1a: Ceruledge\n|-boost|p1a: Ceruledge|atk|2\n|\n|upkeep\n|turn|6\n|\n|t:|1776104695\n|move|p2b: Sneasler|Rock Tomb|p1a: Ceruledge\n|-supereffective|p1a: Ceruledge|1\n|-damage|p1a: Ceruledge|49/100\n|-unboost|p1a: Ceruledge|spe|1\n|move|p1a: Ceruledge|Bitter Blade|p2b: Sneasler\n|-damage|p2b: Sneasler|0 fnt\n|-heal|p1a: Ceruledge|93/100|[from] drain|[of] p2b: Sneasler\n|faint|p2b: Sneasler\n|move|p2a: Incineroar|Throat Chop|p1a: Ceruledge\n|-supereffective|p1a: Ceruledge|1\n|-damage|p1a: Ceruledge|15/100\n|-start|p1a: Ceruledge|Throat Chop|[silent]\n|\n|upkeep\n|\n|t:|1776104703\n|switch|p2b: Floette|Floette-Mega, L50, F|36/100\n|-ability|p2b: Floette|Fairy Aura\n|turn|7\n|\n|t:|1776104712\n|move|p2b: Floette|Protect|p2b: Floette\n|-singleturn|p2b: Floette|Protect\n|move|p1a: Ceruledge|Protect|p1a: Ceruledge\n|-singleturn|p1a: Ceruledge|Protect\n|move|p2a: Incineroar|Throat Chop|p1a: Ceruledge\n|-activate|p1a: Ceruledge|move: Protect\n|\n|-end|p1a: Ceruledge|Throat Chop|[silent]\n|upkeep\n|turn|8\n|\n|t:|1776104726\n|move|p2b: Floette|Moonblast|p1a: Ceruledge\n|-resisted|p1a: Ceruledge|1\n|-damage|p1a: Ceruledge|0 fnt\n|faint|p1a: Ceruledge\n|\n|win|Avatar Kony\n|raw|Rockoso's rating: 1114 &rarr; <strong>1087</strong><br />(-27 for losing)\n|raw|Avatar Kony's rating: 1081 &rarr; <strong>1111</strong><br />(+30 for winning)\n|c|\u2606Avatar Kony|gg\n|c|\u2606Rockoso|ggs\n",
  "uploadtime": 1776104735,
  "views": 33,
  "formatid": "gen9championsvgc2026regma",
  "rating": 1087,
  "private": 0,
  "password": null
}