{
  "id": "gen9championsvgc2026regma-2586381185",
  "format": "[Gen 9 Champions] VGC 2026 Reg M-A",
  "players": [
    "SkelyStealth",
    "skymin<3"
  ],
  "log": "|j|\u2606SkelyStealth\n|j|\u2606skymin<3\n|t:|1776430471\n|gametype|doubles\n|player|p1|SkelyStealth|yellow|1471\n|player|p2|skymin<3|#skymin3|1630\n|gen|9\n|tier|[Gen 9 Champions] VGC 2026 Reg M-A\n|rated|\n|rule|Species Clause: Limit one of each Pok\u00e9mon\n|rule|Item Clause: Limit 1 of each item\n|clearpoke\n|poke|p1|Blastoise, L50, M|\n|poke|p1|Farigiraf, L50, F|\n|poke|p1|Mimikyu, L50, F|\n|poke|p1|Incineroar, L50, F|\n|poke|p1|Araquanid, L50, M|\n|poke|p1|Chandelure, L50, M|\n|poke|p2|Delphox, L50, F|\n|poke|p2|Aegislash, L50, M|\n|poke|p2|Aerodactyl, L50, F|\n|poke|p2|Meowscarada, L50, M|\n|poke|p2|Primarina, L50, F|\n|poke|p2|Garchomp, L50, M|\n|teampreview|4\n|inactive|Battle timer is ON: inactive players will automatically lose when time's up. (requested by SkelyStealth)\n|inactive|skymin<3 has 60 seconds left.\n|inactive|skymin<3 has 30 seconds left.\n|inactive|skymin<3 has 20 seconds left.\n|inactive|skymin<3 has 15 seconds left.\n|inactive|skymin<3 has 10 seconds left.\n|inactive|skymin<3 has 5 seconds left.\n|\n|t:|1776430560\n|teamsize|p1|4\n|teamsize|p2|4\n|start\n|switch|p1a: April Showers|Blastoise, L50, M|100/100\n|switch|p1b: Headlock|Farigiraf, L50, F|100/100\n|switch|p2a: Diablos|Garchomp, L50, M, shiny|100/100\n|switch|p2b: Ruined Dragon|Aerodactyl, L50, F, shiny|100/100\n|-ability|p2b: Ruined Dragon|Unnerve\n|turn|1\n|inactive|skymin<3 has 30 seconds left.\n|\n|t:|1776430590\n|detailschange|p2b: Ruined Dragon|Aerodactyl-Mega, L50, F, shiny\n|-mega|p2b: Ruined Dragon|Aerodactyl|Aerodactylite\n|detailschange|p1a: April Showers|Blastoise-Mega, L50, M\n|-mega|p1a: April Showers|Blastoise|Blastoisinite\n|move|p1a: April Showers|Fake Out|p2b: Ruined Dragon\n|-resisted|p2b: Ruined Dragon|1\n|-damage|p2b: Ruined Dragon|94/100\n|cant|p2b: Ruined Dragon|flinch\n|move|p2a: Diablos|Rock Slide|p1b: Headlock|[spread] p1a,p1b\n|-damage|p1a: April Showers|82/100\n|-damage|p1b: Headlock|85/100\n|move|p1b: Headlock|Trick Room|p1b: Headlock\n|-fieldstart|move: Trick Room|[of] p1b: Headlock\n|\n|upkeep\n|turn|2\n|\n|t:|1776430604\n|move|p2b: Ruined Dragon|Protect|p2b: Ruined Dragon\n|-singleturn|p2b: Ruined Dragon|Protect\n|move|p1b: Headlock|Rain Dance|p1b: Headlock\n|-weather|RainDance\n|move|p1a: April Showers|Water Spout|p2b: Ruined Dragon|[spread] p2a\n|-activate|p2b: Ruined Dragon|move: Protect\n|-damage|p2a: Diablos|11/100\n|move|p2a: Diablos|Earthquake|p1b: Headlock|[spread] p1a,p1b\n|-activate|p2b: Ruined Dragon|move: Protect\n|-damage|p1a: April Showers|48/100\n|-damage|p1b: Headlock|54/100\n|\n|-weather|RainDance|[upkeep]\n|upkeep\n|turn|3\n|inactive|skymin<3 has 30 seconds left.\n|\n|t:|1776430636\n|move|p2b: Ruined Dragon|Protect|p2b: Ruined Dragon\n|-singleturn|p2b: Ruined Dragon|Protect\n|move|p1b: Headlock|Hyper Voice|p2a: Diablos|[spread] p2a\n|-activate|p2b: Ruined Dragon|move: Protect\n|-damage|p2a: Diablos|0 fnt\n|faint|p2a: Diablos\n|move|p1a: April Showers|Water Pulse|p2b: Ruined Dragon\n|-activate|p2b: Ruined Dragon|move: Protect\n|\n|-weather|RainDance|[upkeep]\n|upkeep\n|\n|t:|1776430638\n|switch|p2a: Yunhae|Primarina, L50, F, shiny|100/100\n|turn|4\n|c|\u2606SkelyStealth|i like your avatar\n|\n|t:|1776430659\n|switch|p1b: Jupiter|Araquanid, L50, M|100/100\n|switch|p2b: Malos|Aegislash, L50, M|100/100\n|move|p1a: April Showers|Water Pulse|p2b: Malos\n|-damage|p2b: Malos|25/100\n|-enditem|p2b: Malos|Sitrus Berry|[eat]\n|-heal|p2b: Malos|50/100|[from] item: Sitrus Berry\n|move|p2a: Yunhae|Moonblast|p1a: April Showers\n|-damage|p1a: April Showers|0 fnt\n|faint|p1a: April Showers\n|\n|-weather|RainDance|[upkeep]\n|upkeep\n|j| CrazyyBoi\n|j| nsdede\n|\n|t:|1776430674\n|switch|p1a: Headlock|Farigiraf, L50, F|54/100\n|turn|5\n|\n|t:|1776430682\n|move|p1a: Headlock|Helping Hand|p1b: Jupiter\n|-singleturn|p1b: Jupiter|Helping Hand|[of] p1a: Headlock\n|move|p2b: Malos|King's Shield|p2b: Malos\n|-singleturn|p2b: Malos|Protect\n|move|p2a: Yunhae|Protect|p2a: Yunhae\n|-singleturn|p2a: Yunhae|Protect\n|move|p1b: Jupiter|Liquidation|p2a: Yunhae\n|-activate|p2a: Yunhae|move: Protect\n|\n|-weather|RainDance|[upkeep]\n|-fieldend|move: Trick Room\n|upkeep\n|turn|6\n|inactive|skymin<3 has 30 seconds left.\n|\n|t:|1776430709\n|-formechange|p2b: Malos|Aegislash-Blade|\n|move|p2b: Malos|Sacred Sword|p1a: Headlock\n|-damage|p1a: Headlock|29/100\n|-enditem|p1a: Headlock|Sitrus Berry|[eat]\n|-heal|p1a: Headlock|54/100|[from] item: Sitrus Berry\n|move|p2a: Yunhae|Moonblast|p1a: Headlock\n|-damage|p1a: Headlock|0 fnt\n|faint|p1a: Headlock\n|move|p1b: Jupiter|Liquidation|p2b: Malos\n|-damage|p2b: Malos|0 fnt\n|faint|p2b: Malos\n|\n|-weather|none\n|upkeep\n|\n|t:|1776430715\n|switch|p2b: Ruined Dragon|Aerodactyl-Mega, L50, F, shiny|94/100\n|switch|p1a: I'm Nobody|Mimikyu, L50, F|100/100\n|turn|7\n|\n|t:|1776430721\n|move|p1b: Jupiter|Wide Guard|p1b: Jupiter\n|-singleturn|p1b: Jupiter|Wide Guard\n|move|p2b: Ruined Dragon|Dual Wingbeat|p1b: Jupiter\n|-supereffective|p1b: Jupiter|1\n|-damage|p1b: Jupiter|44/100\n|-supereffective|p1b: Jupiter|1\n|-damage|p1b: Jupiter|0 fnt\n|faint|p1b: Jupiter\n|-hitcount|p1: Jupiter|2\n|move|p2a: Yunhae|Moonblast|p1a: I'm Nobody\n|-activate|p1a: I'm Nobody|ability: Disguise\n|-damage|p1a: I'm Nobody|100/100\n|detailschange|p1a: I'm Nobody|Mimikyu-Busted, L50, F\n|-damage|p1a: I'm Nobody|88/100|[from] pokemon: Mimikyu-Busted\n|move|p1a: I'm Nobody|Trick Room|p1a: I'm Nobody\n|-fieldstart|move: Trick Room|[of] p1a: I'm Nobody\n|\n|upkeep\n|turn|8\n|c|\u2606skymin<3|gg\n|\n|t:|1776430733\n|move|p2a: Yunhae|Moonblast|p1a: I'm Nobody\n|-damage|p1a: I'm Nobody|25/100\n|move|p1a: I'm Nobody|Wood Hammer|p2a: Yunhae\n|-supereffective|p2a: Yunhae|1\n|-damage|p2a: Yunhae|25/100\n|-damage|p1a: I'm Nobody|0 fnt|[from] Recoil\n|faint|p1a: I'm Nobody\n|\n|win|skymin<3\n|raw|SkelyStealth's rating: 1471 &rarr; <strong>1460</strong><br />(-11 for losing)\n|raw|skymin&lt;3's rating: 1630 &rarr; <strong>1641</strong><br />(+11 for winning)\n|c|\u2606SkelyStealth|gg\n|l| nsdede\n",
  "uploadtime": 1776430745,
  "views": 55,
  "formatid": "gen9championsvgc2026regma",
  "rating": 1460,
  "private": 0,
  "password": null
}