{
  "id": "gen9championsvgc2026regma-2582334656",
  "format": "[Gen 9 Champions] VGC 2026 Reg M-A",
  "players": [
    "I'mSoTiredBro",
    "FunnyOwl27"
  ],
  "log": "|j|\u2606I'mSoTiredBro\n|j|\u2606FunnyOwl27\n|t:|1776084278\n|gametype|doubles\n|player|p1|I'mSoTiredBro|linebacker|1178\n|player|p2|FunnyOwl27|170|1117\n|gen|9\n|tier|[Gen 9 Champions] VGC 2026 Reg M-A\n|rated|\n|rule|Species Clause: Limit one of each Pok\u00e9mon\n|rule|Item Clause: Limit 1 of each item\n|clearpoke\n|poke|p1|Heracross, L50, F|\n|poke|p1|Whimsicott, L50, M|\n|poke|p1|Excadrill, L50, F|\n|poke|p1|Hawlucha, L50, F|\n|poke|p1|Milotic, L50, M|\n|poke|p1|Delphox, L50, F|\n|poke|p2|Incineroar, L50, M|\n|poke|p2|Basculegion, L50, M|\n|poke|p2|Sneasler, L50, M|\n|poke|p2|Glimmora, L50, M|\n|poke|p2|Meganium, L50, F|\n|poke|p2|Talonflame, L50, M|\n|teampreview|4\n|\n|t:|1776084335\n|teamsize|p1|4\n|teamsize|p2|4\n|start\n|switch|p1a: Hawlucha|Hawlucha, L50, F, shiny|100/100\n|switch|p1b: Milotic|Milotic, L50, M, shiny|100/100\n|switch|p2a: Talonflame|Talonflame, L50, M|100/100\n|switch|p2b: Glimmora|Glimmora, L50, M|100/100\n|turn|1\n|inactive|Battle timer is ON: inactive players will automatically lose when time's up. (requested by I'mSoTiredBro)\n|\n|t:|1776084401\n|move|p2a: Talonflame|Tailwind|p2a: Talonflame\n|-sidestart|p2: FunnyOwl27|move: Tailwind\n|move|p2b: Glimmora|Power Gem|p1a: Hawlucha\n|-damage|p1a: Hawlucha|40/100\n|move|p1a: Hawlucha|Close Combat|p2b: Glimmora\n|-damage|p2b: Glimmora|36/100\n|-unboost|p1a: Hawlucha|def|1\n|-unboost|p1a: Hawlucha|spd|1\n|-activate|p2b: Glimmora|ability: Toxic Debris\n|-sidestart|p1: I'mSoTiredBro|move: Toxic Spikes\n|-enditem|p1a: Hawlucha|White Herb\n|-clearnegativeboost|p1a: Hawlucha|[silent]\n|move|p1b: Milotic|Muddy Water|p2b: Glimmora|[spread] p2a,p2b\n|-supereffective|p2a: Talonflame|1\n|-supereffective|p2b: Glimmora|1\n|-damage|p2a: Talonflame|28/100\n|-damage|p2b: Glimmora|0 fnt\n|faint|p2b: Glimmora\n|\n|upkeep\n|\n|t:|1776084416\n|switch|p2b: Basculegion|Basculegion, L50, M|100/100\n|turn|2\n|\n|t:|1776084429\n|move|p2b: Basculegion|Last Respects|p1b: Milotic\n|-damage|p1b: Milotic|46/100\n|-enditem|p1b: Milotic|Sitrus Berry|[eat]\n|-heal|p1b: Milotic|71/100|[from] item: Sitrus Berry\n|move|p1a: Hawlucha|Brave Bird|p2a: Talonflame\n|-damage|p2a: Talonflame|0 fnt\n|faint|p2a: Talonflame\n|-damage|p1a: Hawlucha|30/100|[from] Recoil\n|move|p1b: Milotic|Muddy Water|p2b: Basculegion|[miss]\n|-miss|p1b: Milotic|p2b: Basculegion\n|\n|upkeep\n|\n|t:|1776084441\n|switch|p2a: Incineroar|Incineroar, L50, M|100/100\n|-ability|p2a: Incineroar|Intimidate|boost\n|-unboost|p1a: Hawlucha|atk|1\n|-unboost|p1b: Milotic|atk|1\n|-ability|p1b: Milotic|Competitive|boost\n|-boost|p1b: Milotic|spa|2\n|turn|3\n|\n|t:|1776084456\n|move|p1b: Milotic|Protect|p1b: Milotic\n|-singleturn|p1b: Milotic|Protect\n|move|p2a: Incineroar|Fake Out|p1a: Hawlucha\n|-damage|p1a: Hawlucha|13/100\n|move|p2b: Basculegion|Last Respects|p1a: Hawlucha\n|-damage|p1a: Hawlucha|0 fnt\n|faint|p1a: Hawlucha\n|\n|upkeep\n|\n|t:|1776084480\n|switch|p1a: Heracross|Heracross, L50, F, shiny|100/100\n|-status|p1a: Heracross|psn\n|turn|4\n|\n|t:|1776084503\n|detailschange|p1a: Heracross|Heracross-Mega, L50, F, shiny\n|-mega|p1a: Heracross|Heracross|Heracronite\n|move|p2b: Basculegion|Last Respects|p1b: Milotic\n|-damage|p1b: Milotic|0 fnt\n|faint|p1b: Milotic\n|move|p2a: Incineroar|Flare Blitz|p1a: Heracross\n|-supereffective|p1a: Heracross|1\n|-damage|p1a: Heracross|23/100 psn\n|-damage|p2a: Incineroar|78/100|[from] Recoil\n|move|p1a: Heracross|Close Combat|p2a: Incineroar\n|-supereffective|p2a: Incineroar|1\n|-damage|p2a: Incineroar|0 fnt\n|-unboost|p1a: Heracross|def|1\n|-unboost|p1a: Heracross|spd|1\n|faint|p2a: Incineroar\n|\n|-damage|p1a: Heracross|10/100 psn|[from] psn\n|-sideend|p2: FunnyOwl27|move: Tailwind\n|upkeep\n|\n|t:|1776084511\n|switch|p1b: Whimsicott|Whimsicott, L50, M, shiny|100/100\n|-status|p1b: Whimsicott|psn\n|turn|5\n|\n|t:|1776084522\n|move|p2b: Basculegion|Last Respects|p1a: Heracross\n|-damage|p1a: Heracross|0 fnt\n|faint|p1a: Heracross\n|move|p1b: Whimsicott|Energy Ball|p2b: Basculegion\n|-supereffective|p2b: Basculegion|1\n|-damage|p2b: Basculegion|24/100\n|\n|-damage|p1b: Whimsicott|88/100 psn|[from] psn\n|upkeep\n|turn|6\n|\n|t:|1776084529\n|move|p2b: Basculegion|Last Respects|p1b: Whimsicott\n|-damage|p1b: Whimsicott|0 fnt\n|faint|p1b: Whimsicott\n|\n|win|FunnyOwl27\n|raw|I&apos;mSoTiredBro's rating: 1178 &rarr; <strong>1149</strong><br />(-29 for losing)\n|raw|FunnyOwl27's rating: 1117 &rarr; <strong>1146</strong><br />(+29 for winning)\n|l|\u2606I'mSoTiredBro\n|player|p1|\n",
  "uploadtime": 1776084536,
  "views": 18,
  "formatid": "gen9championsvgc2026regma",
  "rating": 1146,
  "private": 0,
  "password": null
}