{
  "id": "gen9championsvgc2026regma-2582121704",
  "format": "[Gen 9 Champions] VGC 2026 Reg M-A",
  "players": [
    "HeyaImBackkk",
    "mmmjam"
  ],
  "log": "|j|\u2606HeyaImBackkk\n|j|\u2606mmmjam\n|t:|1776060721\n|gametype|doubles\n|player|p1|HeyaImBackkk|265|1065\n|player|p2|mmmjam|266|1086\n|gen|9\n|tier|[Gen 9 Champions] VGC 2026 Reg M-A\n|rated|\n|rule|Species Clause: Limit one of each Pok\u00e9mon\n|rule|Item Clause: Limit 1 of each item\n|clearpoke\n|poke|p1|Tyranitar, L50, F|\n|poke|p1|Hawlucha, L50, M|\n|poke|p1|Incineroar, L50, F|\n|poke|p1|Sinistcha, L50|\n|poke|p1|Excadrill, L50, F|\n|poke|p1|Dragonite, L50, F|\n|poke|p2|Meganium, L50, M|\n|poke|p2|Politoed, L50, F|\n|poke|p2|Basculegion, L50, M|\n|poke|p2|Archaludon, L50, F|\n|poke|p2|Sneasler, L50, M|\n|poke|p2|Talonflame, L50, M|\n|teampreview|4\n|inactive|Battle timer is ON: inactive players will automatically lose when time's up. (requested by HeyaImBackkk)\n|inactive|mmmjam has 60 seconds left.\n|\n|t:|1776060801\n|teamsize|p1|4\n|teamsize|p2|4\n|start\n|switch|p1a: Hawlucha|Hawlucha, L50, M|100/100\n|switch|p1b: Excadrill|Excadrill, L50, F|100/100\n|switch|p2a: Sneasler|Sneasler, L50, M|100/100\n|switch|p2b: Talonflame|Talonflame, L50, M, shiny|100/100\n|-ability|p1a: Hawlucha|Mold Breaker\n|turn|1\n|\n|t:|1776060820\n|detailschange|p1a: Hawlucha|Hawlucha-Mega, L50, M\n|-mega|p1a: Hawlucha|Hawlucha|Hawluchanite\n|move|p2b: Talonflame|Tailwind|p2b: Talonflame\n|-sidestart|p2: mmmjam|move: Tailwind\n|move|p2a: Sneasler|Close Combat|p1b: Excadrill\n|-supereffective|p1b: Excadrill|1\n|-enditem|p1b: Excadrill|Focus Sash\n|-damage|p1b: Excadrill|1/100\n|-unboost|p2a: Sneasler|def|1\n|-unboost|p2a: Sneasler|spd|1\n|-enditem|p2a: Sneasler|White Herb\n|-clearnegativeboost|p2a: Sneasler|[silent]\n|move|p1a: Hawlucha|Entrainment|p1b: Excadrill\n|-ability|p1b: Excadrill|No Guard|Sand Rush|[from] move: Entrainment|[of] p1a: Hawlucha\n|move|p1b: Excadrill|Fissure|p2a: Sneasler\n|-damage|p2a: Sneasler|0 fnt\n|faint|p2a: Sneasler\n|-ohko\n|\n|upkeep\n|\n|t:|1776060845\n|switch|p2a: Basculegion|Basculegion, L50, M|100/100\n|turn|2\n|\n|t:|1776060856\n|move|p1b: Excadrill|Protect|p1b: Excadrill\n|-singleturn|p1b: Excadrill|Protect\n|move|p2a: Basculegion|Aqua Jet|p1b: Excadrill\n|-activate|p1b: Excadrill|move: Protect\n|move|p2b: Talonflame|Rain Dance|p2b: Talonflame\n|-weather|RainDance\n|move|p1a: Hawlucha|Stone Edge|p2b: Talonflame\n|-supereffective|p2b: Talonflame|2\n|-damage|p2b: Talonflame|0 fnt\n|faint|p2b: Talonflame\n|\n|-weather|RainDance|[upkeep]\n|upkeep\n|\n|t:|1776060868\n|switch|p2b: Politoed|Politoed, L50, F|100/100\n|turn|3\n|\n|t:|1776060888\n|move|p2a: Basculegion|Aqua Jet|p1b: Excadrill\n|-supereffective|p1b: Excadrill|1\n|-damage|p1b: Excadrill|0 fnt\n|faint|p1b: Excadrill\n|move|p1a: Hawlucha|Brave Bird|p2a: Basculegion\n|-damage|p2a: Basculegion|15/100\n|-damage|p1a: Hawlucha|65/100|[from] Recoil\n|move|p2b: Politoed|Weather Ball|p1a: Hawlucha\n|-damage|p1a: Hawlucha|4/100\n|\n|-weather|RainDance|[upkeep]\n|upkeep\n|\n|t:|1776060901\n|switch|p1b: Sinistcha|Sinistcha, L50|100/100\n|-heal|p1a: Hawlucha|29/100|[from] ability: Hospitality|[of] p1b: Sinistcha\n|turn|4\n|\n|t:|1776060921\n|move|p1b: Sinistcha|Rage Powder|p1b: Sinistcha\n|-singleturn|p1b: Sinistcha|move: Rage Powder\n|move|p2a: Basculegion|Aqua Jet|p1b: Sinistcha\n|-resisted|p1b: Sinistcha|1\n|-damage|p1b: Sinistcha|85/100\n|move|p1a: Hawlucha|Brave Bird|p2a: Basculegion\n|-damage|p2a: Basculegion|0 fnt\n|faint|p2a: Basculegion\n|-damage|p1a: Hawlucha|23/100|[from] Recoil\n|move|p2b: Politoed|Icy Wind|p1a: Hawlucha|[spread] p1a,p1b\n|-supereffective|p1a: Hawlucha|1\n|-supereffective|p1b: Sinistcha|1\n|-damage|p1a: Hawlucha|2/100\n|-damage|p1b: Sinistcha|69/100\n|-unboost|p1a: Hawlucha|spe|1\n|-unboost|p1b: Sinistcha|spe|1\n|\n|-weather|RainDance|[upkeep]\n|-sideend|p2: mmmjam|move: Tailwind\n|upkeep\n|turn|5\n|\n|t:|1776060940\n|move|p1a: Hawlucha|High Jump Kick|p2b: Politoed\n|-damage|p2b: Politoed|37/100\n|-enditem|p2b: Politoed|Sitrus Berry|[eat]\n|-heal|p2b: Politoed|61/100|[from] item: Sitrus Berry\n|move|p2b: Politoed|Icy Wind|p1a: Hawlucha|[spread] p1a,p1b\n|-supereffective|p1a: Hawlucha|1\n|-supereffective|p1b: Sinistcha|1\n|-damage|p1a: Hawlucha|0 fnt\n|-damage|p1b: Sinistcha|53/100\n|-unboost|p1b: Sinistcha|spe|1\n|faint|p1a: Hawlucha\n|move|p1b: Sinistcha|Matcha Gotcha|p2b: Politoed\n|-supereffective|p2b: Politoed|1\n|-damage|p2b: Politoed|13/100\n|-heal|p1b: Sinistcha|80/100|[from] drain|[of] p2b: Politoed\n|\n|-weather|RainDance|[upkeep]\n|upkeep\n|\n|t:|1776060955\n|switch|p1a: Dragonite|Dragonite, L50, F|100/100\n|turn|6\n|\n|t:|1776060963\n|move|p1a: Dragonite|Tailwind|p1a: Dragonite\n|-sidestart|p1: HeyaImBackkk|move: Tailwind\n|move|p1b: Sinistcha|Matcha Gotcha|p2b: Politoed\n|-supereffective|p2b: Politoed|1\n|-damage|p2b: Politoed|0 fnt\n|-heal|p1b: Sinistcha|87/100|[from] drain|[of] p2b: Politoed\n|faint|p2b: Politoed\n|\n|win|HeyaImBackkk\n|raw|HeyaImBackkk's rating: 1065 &rarr; <strong>1097</strong><br />(+32 for winning)\n|raw|mmmjam's rating: 1086 &rarr; <strong>1062</strong><br />(-24 for losing)\n",
  "uploadtime": 1776060972,
  "views": 23,
  "formatid": "gen9championsvgc2026regma",
  "rating": 1062,
  "private": 0,
  "password": null
}