{
  "id": "gen9championsvgc2026regma-2584670819",
  "format": "[Gen 9 Champions] VGC 2026 Reg M-A",
  "players": [
    "etrdyfyiu",
    "proudcloud49"
  ],
  "log": "|j|\u2606etrdyfyiu\n|j|\u2606proudcloud49\n|t:|1776275751\n|gametype|doubles\n|player|p1|etrdyfyiu|266|1138\n|player|p2|proudcloud49|policeman-gen4|1129\n|gen|9\n|tier|[Gen 9 Champions] VGC 2026 Reg M-A\n|rated|\n|rule|Species Clause: Limit one of each Pok\u00e9mon\n|rule|Item Clause: Limit 1 of each item\n|clearpoke\n|poke|p1|Palafin, L50, F|\n|poke|p1|Arcanine, L50, M|\n|poke|p1|Scizor, L50, F|\n|poke|p1|Tyranitar, L50, F|\n|poke|p1|Sneasler, L50, M|\n|poke|p1|Sinistcha, L50|\n|poke|p2|Venusaur, L50, M|\n|poke|p2|Charizard, L50, M|\n|poke|p2|Aerodactyl, L50, F|\n|poke|p2|Lucario, L50, F|\n|poke|p2|Garchomp, L50, F|\n|poke|p2|Incineroar, L50, F|\n|teampreview|4\n|\n|t:|1776275780\n|teamsize|p1|4\n|teamsize|p2|4\n|start\n|switch|p1a: Tyranitar|Tyranitar, L50, F, shiny|100/100\n|switch|p1b: Sneasler|Sneasler, L50, M, shiny|100/100\n|switch|p2a: Incineroar|Incineroar, L50, F|100/100\n|switch|p2b: Aerodactyl|Aerodactyl, L50, F|100/100\n|-ability|p2b: Aerodactyl|Unnerve\n|-ability|p2a: Incineroar|Intimidate|boost\n|-unboost|p1a: Tyranitar|atk|1\n|-unboost|p1b: Sneasler|atk|1\n|-weather|Sandstorm|[from] ability: Sand Stream|[of] p1a: Tyranitar\n|-enditem|p1b: Sneasler|White Herb\n|-clearnegativeboost|p1b: Sneasler|[silent]\n|turn|1\n|inactive|Battle timer is ON: inactive players will automatically lose when time's up. (requested by etrdyfyiu)\n|\n|t:|1776275797\n|detailschange|p1a: Tyranitar|Tyranitar-Mega, L50, F, shiny\n|-mega|p1a: Tyranitar|Tyranitar|Tyranitarite\n|move|p1b: Sneasler|Fake Out|p2a: Incineroar\n|-damage|p2a: Incineroar|84/100\n|cant|p2a: Incineroar|flinch\n|move|p2b: Aerodactyl|Tailwind|p2b: Aerodactyl\n|-sidestart|p2: proudcloud49|move: Tailwind\n|move|p1a: Tyranitar|Rock Slide|p2a: Incineroar|[spread] p2a,p2b\n|-supereffective|p2a: Incineroar|1\n|-supereffective|p2b: Aerodactyl|1\n|-damage|p2a: Incineroar|34/100\n|-damage|p2b: Aerodactyl|34/100\n|\n|-weather|Sandstorm|[upkeep]\n|-damage|p1b: Sneasler|95/100|[from] Sandstorm\n|-damage|p2a: Incineroar|28/100|[from] Sandstorm\n|upkeep\n|turn|2\n|inactive|etrdyfyiu has 30 seconds left.\n|\n|t:|1776275823\n|switch|p1b: Sinistcha|Sinistcha, L50|100/100\n|move|p1a: Tyranitar|Protect|p1a: Tyranitar\n|-singleturn|p1a: Tyranitar|Protect\n|move|p2b: Aerodactyl|Sunny Day|p2b: Aerodactyl\n|-weather|SunnyDay\n|move|p2a: Incineroar|Parting Shot|p1a: Tyranitar\n|-activate|p1a: Tyranitar|move: Protect\n|\n|-weather|SunnyDay|[upkeep]\n|upkeep\n|turn|3\n|j| thebeast4895\n|inactive|etrdyfyiu has 30 seconds left.\n|inactive|etrdyfyiu has 20 seconds left.\n|\n|t:|1776275859\n|switch|p2b: Garchomp|Garchomp, L50, F|100/100\n|move|p1b: Sinistcha|Rage Powder|p1b: Sinistcha\n|-singleturn|p1b: Sinistcha|move: Rage Powder\n|move|p2a: Incineroar|Flare Blitz|p1b: Sinistcha\n|-supereffective|p1b: Sinistcha|1\n|-damage|p1b: Sinistcha|0 fnt\n|faint|p1b: Sinistcha\n|-damage|p2a: Incineroar|0 fnt|[from] Recoil\n|faint|p2a: Incineroar\n|move|p1a: Tyranitar|Rock Slide|p2b: Garchomp\n|-resisted|p2b: Garchomp|1\n|-damage|p2b: Garchomp|85/100\n|\n|-weather|SunnyDay|[upkeep]\n|upkeep\n|c| thebeast4895|has anyone ever told you\n|c| thebeast4895|you take out sneasler way to much\n|c|\u2606etrdyfyiu|like mine\n|c|\u2606etrdyfyiu|no\n|inactive|etrdyfyiu has 30 seconds left.\n|c| thebeast4895|you doooo\n|\n|t:|1776275891\n|switch|p2a: Lucario|Lucario, L50, F|100/100\n|switch|p1b: Sneasler|Sneasler, L50, M, shiny|95/100\n|turn|4\n|c| thebeast4895|like you had no reason to swap out sneasler there\n|\n|t:|1776275901\n|detailschange|p2a: Lucario|Lucario-Mega, L50, F\n|-mega|p2a: Lucario|Lucario|Lucarionite\n|move|p2a: Lucario|Protect|p2a: Lucario\n|-singleturn|p2a: Lucario|Protect\n|move|p1b: Sneasler|Fake Out|p2b: Garchomp\n|-damage|p2b: Garchomp|71/100\n|-damage|p1b: Sneasler|83/100|[from] ability: Rough Skin|[of] p2b: Garchomp\n|cant|p2b: Garchomp|flinch\n|move|p1a: Tyranitar|Low Kick|p2a: Lucario\n|-activate|p2a: Lucario|move: Protect\n|\n|-weather|SunnyDay|[upkeep]\n|-sideend|p2: proudcloud49|move: Tailwind\n|upkeep\n|turn|5\n|c|\u2606proudcloud49|hi there\n|c| thebeast4895|hi\n|c|\u2606etrdyfyiu|hi proudcloud\n|c| thebeast4895|hows your dayy\n|c|\u2606proudcloud49|good\n|inactive|etrdyfyiu has 30 seconds left.\n|c|\u2606proudcloud49|how about you guys\n|c| thebeast4895|thats good\n|\n|t:|1776275930\n|move|p1b: Sneasler|Close Combat|p2a: Lucario\n|-supereffective|p2a: Lucario|1\n|-damage|p2a: Lucario|0 fnt\n|-unboost|p1b: Sneasler|def|1\n|-unboost|p1b: Sneasler|spd|1\n|faint|p2a: Lucario\n|move|p2b: Garchomp|Dragon Claw|p1b: Sneasler\n|-damage|p1b: Sneasler|0 fnt\n|faint|p1b: Sneasler\n|move|p1a: Tyranitar|Low Kick|p2b: Garchomp\n|-crit|p2b: Garchomp\n|-damage|p2b: Garchomp|21/100\n|-damage|p1a: Tyranitar|88/100|[from] ability: Rough Skin|[of] p2b: Garchomp\n|\n|-weather|SunnyDay|[upkeep]\n|upkeep\n|c| thebeast4895|its decent\n|c|\u2606etrdyfyiu|well into the night\n|c| thebeast4895|got work soon that sucks\n|\n|t:|1776275945\n|switch|p1b: Arcanine|Arcanine, L50, M, shiny|100/100\n|switch|p2a: Aerodactyl|Aerodactyl, L50, F|34/100\n|-ability|p2a: Aerodactyl|Unnerve\n|-ability|p1b: Arcanine|Intimidate|boost\n|-unboost|p2a: Aerodactyl|atk|1\n|-unboost|p2b: Garchomp|atk|1\n|turn|6\n|c|\u2606proudcloud49|im in class right now\n|c|\u2606proudcloud49|its kinda boring\n|c|\u2606etrdyfyiu|lmao\n|c|\u2606etrdyfyiu|what class\n|c| thebeast4895|real\n|c| thebeast4895|college or high?\n|\n|t:|1776275967\n|move|p2a: Aerodactyl|Wide Guard|p2a: Aerodactyl\n|-singleturn|p2a: Aerodactyl|Wide Guard\n|move|p1b: Arcanine|Extreme Speed|p2b: Garchomp\n|-damage|p2b: Garchomp|0 fnt\n|-damage|p1b: Arcanine|88/100|[from] ability: Rough Skin|[of] p2b: Garchomp\n|faint|p2b: Garchomp\n|move|p1a: Tyranitar|Rock Slide|p2a: Aerodactyl\n|-activate|p2a: Aerodactyl|move: Wide Guard\n|\n|-weather|none\n|upkeep\n|turn|7\n|c|\u2606proudcloud49|college\n|c| thebeast4895|yeah no thats about right\n|c|\u2606proudcloud49|also gg mans\n|c| thebeast4895|my college classes are so boring\n|\n|t:|1776275983\n|move|p1b: Arcanine|Extreme Speed|p2a: Aerodactyl\n|-resisted|p2a: Aerodactyl|1\n|-damage|p2a: Aerodactyl|13/100\n|move|p2a: Aerodactyl|Rock Slide|p1b: Arcanine|[spread] p1a,p1b\n|-supereffective|p1b: Arcanine|1\n|-damage|p1a: Tyranitar|79/100\n|-damage|p1b: Arcanine|59/100\n|move|p1a: Tyranitar|Knock Off|p2a: Aerodactyl\n|-damage|p2a: Aerodactyl|0 fnt\n|-enditem|p2a: Aerodactyl|Focus Sash|[from] move: Knock Off|[of] p1a: Tyranitar\n|faint|p2a: Aerodactyl\n|\n|win|etrdyfyiu\n|raw|etrdyfyiu's rating: 1138 &rarr; <strong>1162</strong><br />(+24 for winning)\n|raw|proudcloud49's rating: 1129 &rarr; <strong>1105</strong><br />(-24 for losing)\n|c|\u2606etrdyfyiu|gg\n",
  "uploadtime": 1776275996,
  "views": 18,
  "formatid": "gen9championsvgc2026regma",
  "rating": 1105,
  "private": 0,
  "password": null
}