{
  "id": "gen9championsvgc2026regma-2582340877",
  "format": "[Gen 9 Champions] VGC 2026 Reg M-A",
  "players": [
    "Ivanpmd",
    "gengarhaunt"
  ],
  "log": "|j|\u2606Ivanpmd\n|j|\u2606gengarhaunt\n|t:|1776084782\n|gametype|doubles\n|player|p1|Ivanpmd|cheren|\n|player|p2|gengarhaunt|red|\n|gen|9\n|tier|[Gen 9 Champions] VGC 2026 Reg M-A\n|rule|Species Clause: Limit one of each Pok\u00e9mon\n|rule|Item Clause: Limit 1 of each item\n|clearpoke\n|poke|p1|Floette-Eternal, L50, F|\n|poke|p1|Garchomp, L50, M|\n|poke|p1|Incineroar, L50, F|\n|poke|p1|Sneasler, L50, M|\n|poke|p1|Basculegion-F, L50, F|\n|poke|p1|Whimsicott, L50, M|\n|poke|p2|Charizard, L50, M|\n|poke|p2|Incineroar, L50, M|\n|poke|p2|Sneasler, L50, F|\n|poke|p2|Milotic, L50, F|\n|poke|p2|Sinistcha, L50|\n|poke|p2|Whimsicott, L50, F|\n|teampreview|4\n|inactive|Battle timer is ON: inactive players will automatically lose when time's up. (requested by Ivanpmd)\ngengarhaunt rejected open team sheets.\n|inactive|gengarhaunt has 60 seconds left.\n|\n|t:|1776084838\n|teamsize|p1|4\n|teamsize|p2|4\n|start\n|switch|p1a: Sneasler|Sneasler, L50, M|100/100\n|switch|p1b: Basculegion|Basculegion-F, L50, F|100/100\n|switch|p2a: Sneasler|Sneasler, L50, F|100/100\n|switch|p2b: Milotic|Milotic, L50, F, shiny|100/100\n|turn|1\n|\n|t:|1776084855\n|switch|p2a: Incineroar|Incineroar, L50, M, shiny|100/100\n|-ability|p2a: Incineroar|Intimidate|boost\n|-unboost|p1a: Sneasler|atk|1\n|-unboost|p1b: Basculegion|atk|1\n|move|p2b: Milotic|Protect|p2b: Milotic\n|-singleturn|p2b: Milotic|Protect\n|move|p1a: Sneasler|Fake Out|p2a: Incineroar\n|-crit|p2a: Incineroar\n|-damage|p2a: Incineroar|84/100\n|move|p1b: Basculegion|Shadow Ball|p2b: Milotic\n|-activate|p2b: Milotic|move: Protect\n|\n|upkeep\n|turn|2\n|inactive|gengarhaunt has 30 seconds left.\n|inactive|gengarhaunt has 20 seconds left.\n|inactive|gengarhaunt has 15 seconds left.\n|\n|t:|1776084899\n|move|p1a: Sneasler|Protect|p1a: Sneasler\n|-singleturn|p1a: Sneasler|Protect\n|move|p2a: Incineroar|Fake Out|p1a: Sneasler\n|-activate|p1a: Sneasler|move: Protect\n|move|p1b: Basculegion|Shadow Ball|p2b: Milotic\n|-damage|p2b: Milotic|60/100\n|move|p2b: Milotic|Scald|p1b: Basculegion\n|-resisted|p1b: Basculegion|1\n|-crit|p1b: Basculegion\n|-damage|p1b: Basculegion|72/100\n|-status|p1b: Basculegion|brn\n|\n|-heal|p2b: Milotic|66/100|[from] item: Leftovers\n|-damage|p1b: Basculegion|66/100 brn|[from] brn\n|upkeep\n|turn|3\n|\n|t:|1776084918\n|switch|p2a: Sneasler|Sneasler, L50, F|100/100\n|move|p2b: Milotic|Protect|p2b: Milotic\n|-singleturn|p2b: Milotic|Protect\n|move|p1b: Basculegion|Shadow Ball|p2b: Milotic\n|-activate|p2b: Milotic|move: Protect\n|move|p1a: Sneasler|Close Combat|p2a: Sneasler\n|-resisted|p2a: Sneasler|1\n|-damage|p2a: Sneasler|66/100\n|-unboost|p1a: Sneasler|def|1\n|-unboost|p1a: Sneasler|spd|1\n|\n|-heal|p2b: Milotic|72/100|[from] item: Leftovers\n|-damage|p1b: Basculegion|60/100 brn|[from] brn\n|upkeep\n|turn|4\n|\n|t:|1776084937\n|move|p1a: Sneasler|Protect|p1a: Sneasler\n|-singleturn|p1a: Sneasler|Protect\n|move|p2a: Sneasler|Fake Out|p1a: Sneasler\n|-activate|p1a: Sneasler|move: Protect\n|move|p1b: Basculegion|Shadow Ball|p2a: Sneasler\n|-damage|p2a: Sneasler|0 fnt\n|faint|p2a: Sneasler\n|move|p2b: Milotic|Recover|p2b: Milotic\n|-heal|p2b: Milotic|100/100\n|\n|-damage|p1b: Basculegion|54/100 brn|[from] brn\n|upkeep\n|inactive|gengarhaunt has 30 seconds left.\n|inactive|gengarhaunt has 20 seconds left.\n|inactive|gengarhaunt has 15 seconds left.\n|inactive|gengarhaunt has 10 seconds left.\n|\n|t:|1776084982\n|switch|p2a: Charizard|Charizard, L50, M, shiny|100/100\n|turn|5\n|inactive|Ivanpmd has 30 seconds left.\n|\n|t:|1776085011\n|switch|p1b: Garchomp|Garchomp, L50, M, shiny|100/100\n|detailschange|p2a: Charizard|Charizard-Mega-X, L50, M, shiny\n|-mega|p2a: Charizard|Charizard|Charizardite X\n|move|p1a: Sneasler|Dire Claw|p2a: Charizard\n|-damage|p2a: Charizard|73/100\n|move|p2a: Charizard|Dragon Dance|p2a: Charizard\n|-boost|p2a: Charizard|atk|1\n|-boost|p2a: Charizard|spe|1\n|move|p2b: Milotic|Scald|p1a: Sneasler\n|-damage|p1a: Sneasler|39/100\n|\n|upkeep\n|turn|6\n|\n|t:|1776085029\n|move|p2a: Charizard|Protect|p2a: Charizard\n|-singleturn|p2a: Charizard|Protect\n|move|p1a: Sneasler|Dire Claw|p2b: Milotic\n|-damage|p2b: Milotic|75/100\n|-status|p2b: Milotic|par\n|move|p1b: Garchomp|Stomping Tantrum|p2a: Charizard\n|-activate|p2a: Charizard|move: Protect\n|move|p2b: Milotic|Icy Wind|p1a: Sneasler|[spread] p1a,p1b\n|-supereffective|p1b: Garchomp|2\n|-enditem|p1b: Garchomp|Yache Berry|[eat]\n|-enditem|p1b: Garchomp|Yache Berry|[weaken]\n|-damage|p1a: Sneasler|19/100\n|-damage|p1b: Garchomp|80/100\n|-unboost|p1a: Sneasler|spe|1\n|-unboost|p1b: Garchomp|spe|1\n|\n|-heal|p2b: Milotic|81/100 par|[from] item: Leftovers\n|upkeep\n|turn|7\n|\n|t:|1776085053\n|move|p2a: Charizard|Dragon Claw|p1b: Garchomp\n|-supereffective|p1b: Garchomp|1\n|-damage|p1b: Garchomp|0 fnt\n|-damage|p2a: Charizard|61/100|[from] ability: Rough Skin|[of] p1b: Garchomp\n|faint|p1b: Garchomp\n|move|p1a: Sneasler|Close Combat|p2b: Milotic\n|-damage|p2b: Milotic|45/100 par\n|-unboost|p1a: Sneasler|def|1\n|-unboost|p1a: Sneasler|spd|1\n|move|p2b: Milotic|Scald|p1a: Sneasler\n|-damage|p1a: Sneasler|0 fnt\n|faint|p1a: Sneasler\n|\n|-heal|p2b: Milotic|50/100 par|[from] item: Leftovers\n|upkeep\n|\n|t:|1776085069\n|switch|p1a: Floette|Floette-Eternal, L50, F|100/100\n|switch|p1b: Basculegion|Basculegion-F, L50, F|54/100 brn\n|turn|8\n|\n|t:|1776085087\n|detailschange|p1a: Floette|Floette-Mega, L50, F\n|-mega|p1a: Floette|Floette|Floettite\n|-ability|p1a: Floette|Fairy Aura\n|move|p2a: Charizard|Flare Blitz|p1a: Floette\n|-damage|p1a: Floette|15/100\n|-damage|p2a: Charizard|31/100|[from] Recoil\n|move|p1b: Basculegion|Muddy Water|p2b: Milotic|[spread] p2a,p2b\n|-resisted|p2b: Milotic|1\n|-damage|p2a: Charizard|0 fnt\n|-damage|p2b: Milotic|36/100 par\n|faint|p2a: Charizard\n|move|p1a: Floette|Moonblast|p2b: Milotic\n|-damage|p2b: Milotic|0 fnt\n|faint|p2b: Milotic\n|\n|-damage|p1b: Basculegion|48/100 brn|[from] brn\n|upkeep\n|\n|t:|1776085100\n|switch|p2b: Incineroar|Incineroar, L50, M, shiny|84/100\n|-ability|p2b: Incineroar|Intimidate|boost\n|-unboost|p1a: Floette|atk|1\n|-unboost|p1b: Basculegion|atk|1\n|turn|9\n|inactive|Ivanpmd has 30 seconds left.\n|\n|t:|1776085128\n|move|p2b: Incineroar|Fake Out|p1a: Floette\n|-damage|p1a: Floette|7/100\n|move|p1b: Basculegion|Muddy Water|p2b: Incineroar\n|-supereffective|p2b: Incineroar|1\n|-damage|p2b: Incineroar|0 fnt\n|faint|p2b: Incineroar\n|\n|win|Ivanpmd\n",
  "uploadtime": 1776085136,
  "views": 9,
  "formatid": "gen9championsvgc2026regma",
  "rating": null,
  "private": 0,
  "password": null
}