{
  "id": "gen9championsvgc2026regma-2580490027",
  "format": "[Gen 9 Champions] VGC 2026 Reg M-A",
  "players": [
    "koraidonrider3565",
    "dwert7"
  ],
  "log": "|j|\u203dkoraidonrider3565\n|j|\u2606dwert7\n|t:|1775904104\n|gametype|doubles\n|player|p1|koraidonrider3565|2|1000\n|player|p2|dwert7|benga|1043\n|gen|9\n|tier|[Gen 9 Champions] VGC 2026 Reg M-A\n|rated|\n|rule|Species Clause: Limit one of each Pok\u00e9mon\n|rule|Item Clause: Limit 1 of each item\n|clearpoke\n|poke|p1|Charizard, L50, F|\n|poke|p1|Venusaur, L50, F|\n|poke|p1|Kingambit, L50, F|\n|poke|p1|Whimsicott, L50, M|\n|poke|p1|Palafin, L50, F|\n|poke|p1|Incineroar, L50, M|\n|poke|p2|Meganium, L50, M|\n|poke|p2|Pelipper, L50, M|\n|poke|p2|Incineroar, L50, M|\n|poke|p2|Archaludon, L50, F|\n|poke|p2|Dragonite, L50, M|\n|poke|p2|Basculegion, L50, M|\n|teampreview|4\n|\n|t:|1775904170\n|teamsize|p1|4\n|teamsize|p2|4\n|start\n|switch|p1a: Kingambit|Kingambit, L50, F|100/100\n|switch|p1b: Whimsicott|Whimsicott, L50, M|100/100\n|switch|p2a: Incineroar|Incineroar, L50, M|100/100\n|switch|p2b: Dragonite|Dragonite, L50, M, shiny|100/100\n|-ability|p2a: Incineroar|Intimidate|boost\n|-unboost|p1a: Kingambit|atk|1\n|-ability|p1a: Kingambit|Defiant|boost\n|-boost|p1a: Kingambit|atk|2\n|-unboost|p1b: Whimsicott|atk|1\n|turn|1\n|\n|t:|1775904197\n|move|p1b: Whimsicott|Protect|p1b: Whimsicott\n|-singleturn|p1b: Whimsicott|Protect\n|move|p1a: Kingambit|Protect|p1a: Kingambit\n|-singleturn|p1a: Kingambit|Protect\n|move|p2a: Incineroar|Fake Out|p1b: Whimsicott\n|-activate|p1b: Whimsicott|move: Protect\n|move|p2b: Dragonite|Dragon Dance|p2b: Dragonite\n|-boost|p2b: Dragonite|atk|1\n|-boost|p2b: Dragonite|spe|1\n|\n|upkeep\n|turn|2\n|\n|t:|1775904221\n|switch|p1a: Incineroar|Incineroar, L50, M|100/100\n|-ability|p1a: Incineroar|Intimidate|boost\n|-unboost|p2a: Incineroar|atk|1\n|-unboost|p2b: Dragonite|atk|1\n|move|p1b: Whimsicott|Tailwind|p1b: Whimsicott\n|-sidestart|p1: koraidonrider3565|move: Tailwind\n|move|p2b: Dragonite|Earthquake|p1a: Incineroar|[spread] p2a,p1a,p1b\n|-supereffective|p2a: Incineroar|1\n|-supereffective|p1a: Incineroar|1\n|-resisted|p1b: Whimsicott|1\n|-damage|p2a: Incineroar|52/100\n|-damage|p1a: Incineroar|53/100\n|-damage|p1b: Whimsicott|80/100\n|move|p2a: Incineroar|Will-O-Wisp|p1a: Incineroar\n|-immune|p1a: Incineroar\n|\n|-heal|p1a: Incineroar|59/100|[from] item: Leftovers\n|upkeep\n|turn|3\n|\n|t:|1775904241\n|move|p1a: Incineroar|Fake Out|p2b: Dragonite\n|-damage|p2b: Dragonite|94/100\n|move|p1b: Whimsicott|Moonblast|p2b: Dragonite\n|-supereffective|p2b: Dragonite|1\n|-damage|p2b: Dragonite|21/100\n|cant|p2b: Dragonite|flinch\n|move|p2a: Incineroar|Parting Shot|p1a: Incineroar\n|-unboost|p1a: Incineroar|atk|1\n|-unboost|p1a: Incineroar|spa|1\n|\n|t:|1775904259\n|switch|p2a: Pelipper|Pelipper, L50, M|100/100|[from] Parting Shot\n|-weather|RainDance|[from] ability: Drizzle|[of] p2a: Pelipper\n|\n|-weather|RainDance|[upkeep]\n|-heal|p1a: Incineroar|65/100|[from] item: Leftovers\n|upkeep\n|turn|4\n|\n|t:|1775904278\n|switch|p2b: Meganium|Meganium, L50, M, shiny|100/100\n|switch|p1a: Kingambit|Kingambit, L50, F|100/100\n|move|p1b: Whimsicott|Moonblast|p2b: Meganium\n|-damage|p2b: Meganium|60/100\n|move|p2a: Pelipper|Tailwind|p2a: Pelipper\n|-sidestart|p2: dwert7|move: Tailwind\n|\n|-weather|RainDance|[upkeep]\n|upkeep\n|turn|5\n|\n|t:|1775904295\n|detailschange|p2b: Meganium|Meganium-Mega, L50, M, shiny\n|-mega|p2b: Meganium|Meganium|Meganiumite\n|move|p1b: Whimsicott|Encore|p2a: Pelipper\n|-start|p2a: Pelipper|Encore\n|move|p1a: Kingambit|Sucker Punch|p2b: Meganium\n|-resisted|p2b: Meganium|1\n|-damage|p2b: Meganium|41/100\n|move|p2b: Meganium|Weather Ball|p1a: Kingambit\n|-supereffective|p1a: Kingambit|1\n|-damage|p1a: Kingambit|62/100\n|move|p2a: Pelipper|Tailwind||[still]\n|-fail|p2a: Pelipper\n|\n|-weather|RainDance|[upkeep]\n|-sideend|p1: koraidonrider3565|move: Tailwind\n|upkeep\n|turn|6\n|\n|t:|1775904333\n|switch|p2a: Dragonite|Dragonite, L50, M, shiny|21/100\n|move|p2b: Meganium|Synthesis|p2b: Meganium\n|-heal|p2b: Meganium|100/100\n|move|p1b: Whimsicott|Moonblast|p2a: Dragonite\n|-supereffective|p2a: Dragonite|1\n|-damage|p2a: Dragonite|0 fnt\n|faint|p2a: Dragonite\n|move|p1a: Kingambit|Kowtow Cleave|p2b: Meganium\n|-resisted|p2b: Meganium|1\n|-damage|p2b: Meganium|79/100\n|\n|-weather|RainDance|[upkeep]\n|upkeep\n|\n|t:|1775904349\n|switch|p2a: Pelipper|Pelipper, L50, M|100/100\n|turn|7\n|\n|t:|1775904369\n|move|p1a: Kingambit|Protect|p1a: Kingambit\n|-singleturn|p1a: Kingambit|Protect\n|move|p1b: Whimsicott|Encore|p2b: Meganium\n|-start|p2b: Meganium|Encore\n|move|p2b: Meganium|Synthesis|p2b: Meganium\n|-heal|p2b: Meganium|100/100\n|move|p2a: Pelipper|Hurricane|p1b: Whimsicott\n|-supereffective|p1b: Whimsicott|1\n|-damage|p1b: Whimsicott|0 fnt\n|faint|p1b: Whimsicott\n|\n|-weather|none\n|-sideend|p2: dwert7|move: Tailwind\n|upkeep\n|\n|t:|1775904383\n|switch|p1b: Venusaur|Venusaur, L50, F|100/100\n|turn|8\n|\n|t:|1775904397\n|switch|p2b: Incineroar|Incineroar, L50, M|52/100\n|-ability|p2b: Incineroar|Intimidate|boost\n|-unboost|p1a: Kingambit|atk|1\n|-ability|p1a: Kingambit|Defiant|boost\n|-boost|p1a: Kingambit|atk|2\n|-unboost|p1b: Venusaur|atk|1\n|detailschange|p1b: Venusaur|Venusaur-Mega, L50, F\n|-mega|p1b: Venusaur|Venusaur|Venusaurite\n|move|p1b: Venusaur|Sludge Wave|p2b: Incineroar|[spread] p2a,p2b\n|-immune|p1a: Kingambit\n|-damage|p2a: Pelipper|56/100\n|-damage|p2b: Incineroar|28/100\n|-status|p2a: Pelipper|psn\n|-enditem|p2b: Incineroar|Sitrus Berry|[eat]\n|-heal|p2b: Incineroar|52/100|[from] item: Sitrus Berry\n|move|p2a: Pelipper|Tailwind|p2a: Pelipper\n|-sidestart|p2: dwert7|move: Tailwind\n|move|p1a: Kingambit|Kowtow Cleave|p2a: Pelipper\n|-damage|p2a: Pelipper|0 fnt\n|faint|p2a: Pelipper\n|\n|upkeep\n|\n|t:|1775904401\n|switch|p2a: Meganium|Meganium-Mega, L50, M, shiny|100/100\n|turn|9\n|\n|t:|1775904431\n|switch|p1a: Incineroar|Incineroar, L50, M|65/100\n|-ability|p1a: Incineroar|Intimidate|boost\n|-unboost|p2a: Meganium|atk|1\n|-unboost|p2b: Incineroar|atk|1\n|move|p2b: Incineroar|Fake Out|p1b: Venusaur\n|-damage|p1b: Venusaur|93/100\n|move|p2a: Meganium|Weather Ball|p1b: Venusaur\n|-supereffective|p1b: Venusaur|1\n|-crit|p1b: Venusaur\n|-damage|p1b: Venusaur|49/100\n|cant|p1b: Venusaur|flinch\n|\n|-heal|p1a: Incineroar|71/100|[from] item: Leftovers\n|upkeep\n|turn|10\n|\n|t:|1775904466\n|move|p1a: Incineroar|Fake Out|p2a: Meganium\n|-damage|p2a: Meganium|88/100\n|cant|p2a: Meganium|flinch\n|move|p2b: Incineroar|Darkest Lariat|p1b: Venusaur\n|-damage|p1b: Venusaur|25/100\n|move|p1b: Venusaur|Sludge Wave|p2a: Meganium|[spread] p1a,p2a,p2b\n|-supereffective|p2a: Meganium|2\n|-damage|p1a: Incineroar|50/100\n|-damage|p2a: Meganium|0 fnt\n|-damage|p2b: Incineroar|29/100\n|faint|p2a: Meganium\n|\n|-heal|p1a: Incineroar|55/100|[from] item: Leftovers\n|upkeep\n|turn|11\n|-message|dwert7 forfeited.\n|\n|win|koraidonrider3565\n|raw|koraidonrider3565's rating: 1000 &rarr; <strong>1045</strong><br />(+45 for winning)\n|raw|dwert7's rating: 1043 &rarr; <strong>1025</strong><br />(-18 for losing)\n|l|\u2606dwert7\n|player|p2|\n",
  "uploadtime": 1775904495,
  "views": 20,
  "formatid": "gen9championsvgc2026regma",
  "rating": 1025,
  "private": 0,
  "password": null
}