{
  "id": "gen9championsvgc2026regma-2584873477",
  "format": "[Gen 9 Champions] VGC 2026 Reg M-A",
  "players": [
    "Carfrogs",
    "kangkang"
  ],
  "log": "|j|\u2606Carfrogs\n|j|\u2606kangkang\n|t:|1776290474\n|gametype|doubles\n|player|p1|Carfrogs|iris-gen5bw2|1164\n|player|p2|kangkang|1|1253\n|gen|9\n|tier|[Gen 9 Champions] VGC 2026 Reg M-A\n|rated|\n|rule|Species Clause: Limit one of each Pok\u00e9mon\n|rule|Item Clause: Limit 1 of each item\n|clearpoke\n|poke|p1|Pelipper, L50, F|\n|poke|p1|Archaludon, L50, F|\n|poke|p1|Basculegion, L50, M|\n|poke|p1|Meganium, L50, F|\n|poke|p1|Sinistcha, L50|\n|poke|p1|Sneasler, L50, F|\n|poke|p2|Clefable, L50, F|\n|poke|p2|Incineroar, L50, F|\n|poke|p2|Rotom-Wash, L50|\n|poke|p2|Aegislash, L50, F|\n|poke|p2|Pelipper, L50, M|\n|poke|p2|Glimmora, L50, M|\n|teampreview|4\n|inactive|Battle timer is ON: inactive players will automatically lose when time's up. (requested by Carfrogs)\n|\n|t:|1776290499\n|teamsize|p1|4\n|teamsize|p2|4\n|start\n|switch|p1a: Pelipper|Pelipper, L50, F, shiny|100/100\n|switch|p1b: Archaludon|Archaludon, L50, F, shiny|100/100\n|switch|p2a: Rotom|Rotom-Wash, L50|100/100\n|switch|p2b: Glimmora|Glimmora, L50, M|100/100\n|-weather|RainDance|[from] ability: Drizzle|[of] p1a: Pelipper\n|turn|1\n|\n|t:|1776290517\n|detailschange|p2b: Glimmora|Glimmora-Mega, L50, M\n|-mega|p2b: Glimmora|Glimmora|Glimmoranite\n|move|p2b: Glimmora|Spiky Shield|p2b: Glimmora\n|-singleturn|p2b: Glimmora|move: Protect\n|move|p1a: Pelipper|Weather Ball|p2b: Glimmora\n|-activate|p2b: Glimmora|move: Protect\n|move|p1b: Archaludon|Electro Shot||[still]\n|-prepare|p1b: Archaludon|Electro Shot\n|-boost|p1b: Archaludon|spa|1\n|-anim|p1b: Archaludon|Electro Shot|p2a: Rotom\n|-damage|p2a: Rotom|41/100\n|move|p2a: Rotom|Volt Switch|p1a: Pelipper\n|-supereffective|p1a: Pelipper|2\n|-enditem|p1a: Pelipper|Focus Sash\n|-damage|p1a: Pelipper|1/100\n|\n|t:|1776290539\n|switch|p2a: Aegislash|Aegislash, L50, F|100/100|[from] Volt Switch\n|\n|-weather|RainDance|[upkeep]\n|upkeep\n|turn|2\n|inactive|kangkang has 30 seconds left.\n|inactive|kangkang has 20 seconds left.\n|inactive|kangkang has 15 seconds left.\n|inactive|kangkang has 10 seconds left.\n|\n|t:|1776290587\n|move|p1a: Pelipper|Protect|p1a: Pelipper\n|-singleturn|p1a: Pelipper|Protect\n|move|p2b: Glimmora|Power Gem|p1a: Pelipper\n|-activate|p1a: Pelipper|move: Protect\n|move|p1b: Archaludon|Draco Meteor|p2b: Glimmora\n|-damage|p2b: Glimmora|0 fnt\n|-unboost|p1b: Archaludon|spa|2\n|faint|p2b: Glimmora\n|-formechange|p2a: Aegislash|Aegislash-Blade|\n|move|p2a: Aegislash|Close Combat|p1b: Archaludon\n|-supereffective|p1b: Archaludon|1\n|-damage|p1b: Archaludon|27/100\n|-unboost|p2a: Aegislash|def|1\n|-unboost|p2a: Aegislash|spd|1\n|-ability|p1b: Archaludon|Stamina|boost\n|-boost|p1b: Archaludon|def|1\n|-enditem|p2a: Aegislash|White Herb\n|-clearnegativeboost|p2a: Aegislash|[silent]\n|\n|-weather|RainDance|[upkeep]\n|upkeep\n|inactive|kangkang has 30 seconds left.\n|\n|t:|1776290614\n|switch|p2b: Pelipper|Pelipper, L50, M|100/100\n|turn|3\n|\n|t:|1776290627\n|move|p2a: Aegislash|Shadow Sneak|p1a: Pelipper\n|-damage|p1a: Pelipper|0 fnt\n|faint|p1a: Pelipper\n|move|p2b: Pelipper|Tailwind|p2b: Pelipper\n|-sidestart|p2: kangkang|move: Tailwind\n|move|p1b: Archaludon|Electro Shot||[still]\n|-prepare|p1b: Archaludon|Electro Shot\n|-boost|p1b: Archaludon|spa|1\n|-anim|p1b: Archaludon|Electro Shot|p2a: Aegislash\n|-damage|p2a: Aegislash|12/100\n|\n|-weather|RainDance|[upkeep]\n|upkeep\n|\n|t:|1776290638\n|switch|p1a: Basculegion|Basculegion, L50, M, shiny|100/100\n|turn|4\n|\n|t:|1776290647\n|-formechange|p2a: Aegislash|Aegislash|\n|move|p2a: Aegislash|King's Shield|p2a: Aegislash\n|-singleturn|p2a: Aegislash|Protect\n|move|p1a: Basculegion|Flip Turn|p2b: Pelipper\n|-resisted|p2b: Pelipper|1\n|-damage|p2b: Pelipper|70/100\n|\n|t:|1776290654\n|switch|p1a: Sneasler|Sneasler, L50, F, shiny|100/100|[from] Flip Turn\n|move|p2b: Pelipper|Weather Ball|p1b: Archaludon\n|-resisted|p1b: Archaludon|1\n|-damage|p1b: Archaludon|0 fnt\n|faint|p1b: Archaludon\n|\n|-weather|RainDance|[upkeep]\n|upkeep\n|\n|t:|1776290661\n|switch|p1b: Basculegion|Basculegion, L50, M, shiny|100/100\n|turn|5\n|\n|t:|1776290684\n|switch|p2a: Rotom|Rotom-Wash, L50|41/100\n|move|p1a: Sneasler|Fake Out|p2b: Pelipper\n|-damage|p2b: Pelipper|49/100\n|move|p1b: Basculegion|Last Respects|p2a: Rotom\n|-damage|p2a: Rotom|0 fnt\n|faint|p2a: Rotom\n|cant|p2b: Pelipper|flinch\n|\n|-weather|none\n|upkeep\n|\n|t:|1776290692\n|switch|p2a: Aegislash|Aegislash, L50, F|12/100\n|turn|6\n|\n|t:|1776290698\n|move|p2b: Pelipper|Hurricane|p1a: Sneasler|[miss]\n|-miss|p2b: Pelipper|p1a: Sneasler\n|-formechange|p2a: Aegislash|Aegislash-Blade|\n|move|p2a: Aegislash|Poltergeist|p1b: Basculegion\n|-activate|p1b: Basculegion|move: Poltergeist|Choice Scarf\n|-supereffective|p1b: Basculegion|1\n|-damage|p1b: Basculegion|0 fnt\n|faint|p1b: Basculegion\n|move|p1a: Sneasler|Rain Dance|p1a: Sneasler\n|-weather|RainDance\n|\n|-weather|RainDance|[upkeep]\n|-sideend|p2: kangkang|move: Tailwind\n|upkeep\n|turn|7\n|c|\u2606kangkang|????????????\n|\n|t:|1776290719\n|move|p1a: Sneasler|Dire Claw|p2b: Pelipper\n|-damage|p2b: Pelipper|0 fnt\n|faint|p2b: Pelipper\n|move|p2a: Aegislash|Poltergeist|p1a: Sneasler\n|-activate|p1a: Sneasler|move: Poltergeist|White Herb\n|-damage|p1a: Sneasler|0 fnt\n|faint|p1a: Sneasler\n|\n|win|kangkang\n|raw|Carfrogs's rating: 1164 &rarr; <strong>1145</strong><br />(-19 for losing)\n|raw|kangkang's rating: 1253 &rarr; <strong>1272</strong><br />(+19 for winning)\n|l|\u2606Carfrogs\n|player|p1|\n",
  "uploadtime": 1776290737,
  "views": 46,
  "formatid": "gen9championsvgc2026regma",
  "rating": 1145,
  "private": 0,
  "password": null
}