{
  "id": "gen9championsvgc2026regma-2585218335",
  "format": "[Gen 9 Champions] VGC 2026 Reg M-A",
  "players": [
    "Slim523",
    "yggdrasilsys"
  ],
  "log": "|j|\u2606Slim523\n|j|\u2606yggdrasilsys\n|t:|1776326306\n|gametype|doubles\n|player|p1|Slim523|169|1000\n|player|p2|yggdrasilsys|lebanne|1083\n|gen|9\n|tier|[Gen 9 Champions] VGC 2026 Reg M-A\n|rated|\n|rule|Species Clause: Limit one of each Pok\u00e9mon\n|rule|Item Clause: Limit 1 of each item\n|clearpoke\n|poke|p1|Charizard, L50, F|\n|poke|p1|Venusaur, L50, M|\n|poke|p1|Incineroar, L50, F|\n|poke|p1|Gardevoir, L50, F|\n|poke|p1|Garchomp, L50, F|\n|poke|p1|Milotic, L50, F|\n|poke|p2|Scizor, L50, M|\n|poke|p2|Primarina, L50, F|\n|poke|p2|Garchomp, L50, F|\n|poke|p2|Incineroar, L50, M|\n|poke|p2|Dragapult, L50, M|\n|poke|p2|Rotom-Wash, L50|\n|teampreview|4\n|inactive|Battle timer is ON: inactive players will automatically lose when time's up. (requested by Slim523)\n|\n|t:|1776326349\n|teamsize|p1|4\n|teamsize|p2|4\n|start\n|switch|p1a: Milotic|Milotic, L50, F|100/100\n|switch|p1b: Garchomp|Garchomp, L50, F|100/100\n|switch|p2a: Garchomp|Garchomp, L50, F|100/100\n|switch|p2b: Rotom|Rotom-Wash, L50|100/100\n|turn|1\n|\n|t:|1776326369\n|move|p2a: Garchomp|Protect|p2a: Garchomp\n|-singleturn|p2a: Garchomp|Protect\n|move|p1a: Milotic|Protect|p1a: Milotic\n|-singleturn|p1a: Milotic|Protect\n|move|p1b: Garchomp|Dragon Claw|p2a: Garchomp\n|-activate|p2a: Garchomp|move: Protect\n|move|p2b: Rotom|Will-O-Wisp|p1b: Garchomp\n|-status|p1b: Garchomp|brn\n|\n|-damage|p1b: Garchomp|95/100 brn|[from] brn\n|upkeep\n|turn|2\n|inactive|yggdrasilsys has 30 seconds left.\n|\n|t:|1776326397\n|move|p2a: Garchomp|Earthquake|p1a: Milotic|[spread] p1a,p1b\n|-immune|p2b: Rotom|[from] ability: Levitate\n|-damage|p1a: Milotic|66/100\n|-damage|p1b: Garchomp|56/100 brn\n|move|p1b: Garchomp|Dragon Claw|p2a: Garchomp\n|-supereffective|p2a: Garchomp|1\n|-damage|p2a: Garchomp|58/100\n|-damage|p1b: Garchomp|43/100 brn|[from] ability: Rough Skin|[of] p2a: Garchomp\n|move|p2b: Rotom|Discharge|p1b: Garchomp|[spread] p1a\n|-immune|p2a: Garchomp\n|-immune|p1b: Garchomp\n|-supereffective|p1a: Milotic|1\n|-damage|p1a: Milotic|33/100\n|-enditem|p1a: Milotic|Sitrus Berry|[eat]\n|-heal|p1a: Milotic|58/100|[from] item: Sitrus Berry\n|move|p1a: Milotic|Icy Wind|p2a: Garchomp|[spread] p2b\n|-miss|p1a: Milotic|p2a: Garchomp\n|-resisted|p2b: Rotom|1\n|-damage|p2b: Rotom|96/100\n|-unboost|p2b: Rotom|spe|1\n|\n|-damage|p1b: Garchomp|38/100 brn|[from] brn\n|upkeep\n|turn|3\n|inactive|Slim523 has 30 seconds left.\n|inactive|yggdrasilsys has 30 seconds left.\n|\n|t:|1776326425\n|move|p2a: Garchomp|Earthquake|p1a: Milotic|[spread] p1a,p1b\n|-immune|p2b: Rotom|[from] ability: Levitate\n|-damage|p1a: Milotic|17/100\n|-damage|p1b: Garchomp|1/100 brn\n|move|p1b: Garchomp|Dragon Claw|p2a: Garchomp\n|-supereffective|p2a: Garchomp|1\n|-crit|p2a: Garchomp\n|-damage|p2a: Garchomp|0 fnt\n|-damage|p1b: Garchomp|0 fnt|[from] ability: Rough Skin|[of] p2a: Garchomp\n|faint|p2a: Garchomp\n|faint|p1b: Garchomp\n|move|p1a: Milotic|Life Dew|p1a: Milotic\n|-heal|p1a: Milotic|43/100\n|move|p2b: Rotom|Discharge|p1a: Milotic\n|-supereffective|p1a: Milotic|1\n|-damage|p1a: Milotic|0 fnt\n|faint|p1a: Milotic\n|\n|upkeep\n|\n|t:|1776326446\n|switch|p2a: Incineroar|Incineroar, L50, M|100/100\n|switch|p1b: Venusaur|Venusaur, L50, M|100/100\n|switch|p1a: Charizard|Charizard, L50, F|100/100\n|-ability|p2a: Incineroar|Intimidate|boost\n|-unboost|p1a: Charizard|atk|1\n|-unboost|p1b: Venusaur|atk|1\n|turn|4\n|\n|t:|1776326457\n|detailschange|p1a: Charizard|Charizard-Mega-Y, L50, F\n|-mega|p1a: Charizard|Charizard|Charizardite Y\n|-weather|SunnyDay|[from] ability: Drought|[of] p1a: Charizard\n|move|p2a: Incineroar|Fake Out|p1b: Venusaur\n|-damage|p1b: Venusaur|81/100\n|cant|p1b: Venusaur|flinch\n|move|p1a: Charizard|Solar Beam||[still]\n|-prepare|p1a: Charizard|Solar Beam\n|-anim|p1a: Charizard|Solar Beam|p2b: Rotom\n|-supereffective|p2b: Rotom|1\n|-damage|p2b: Rotom|9/100\n|move|p2b: Rotom|Thunder Wave|p1a: Charizard\n|-status|p1a: Charizard|par\n|\n|-weather|SunnyDay|[upkeep]\n|upkeep\n|turn|5\n|\n|t:|1776326479\n|move|p1b: Venusaur|Sleep Powder|p2a: Incineroar\n|-status|p2a: Incineroar|slp|[from] move: Sleep Powder\n|cant|p2a: Incineroar|slp\n|move|p2b: Rotom|Discharge|p1b: Venusaur|[spread] p2a,p1a,p1b\n|-supereffective|p1a: Charizard|1\n|-resisted|p1b: Venusaur|1\n|-damage|p2a: Incineroar|76/100 slp\n|-damage|p1a: Charizard|54/100 par\n|-damage|p1b: Venusaur|68/100\n|move|p1a: Charizard|Solar Beam||[still]\n|-prepare|p1a: Charizard|Solar Beam\n|-anim|p1a: Charizard|Solar Beam|p2b: Rotom\n|-supereffective|p2b: Rotom|1\n|-damage|p2b: Rotom|0 fnt\n|faint|p2b: Rotom\n|\n|-weather|SunnyDay|[upkeep]\n|upkeep\n|\n|t:|1776326490\n|switch|p2b: Scizor|Scizor, L50, M|100/100\n|turn|6\n|\n|t:|1776326504\n|detailschange|p2b: Scizor|Scizor-Mega, L50, M\n|-mega|p2b: Scizor|Scizor|Scizorite\n|move|p1b: Venusaur|Sludge Bomb|p2a: Incineroar\n|-damage|p2a: Incineroar|30/100 slp\n|move|p2b: Scizor|Close Combat|p1a: Charizard\n|-resisted|p1a: Charizard|1\n|-damage|p1a: Charizard|26/100 par\n|-unboost|p2b: Scizor|def|1\n|-unboost|p2b: Scizor|spd|1\n|-curestatus|p2a: Incineroar|slp|[msg]\n|move|p2a: Incineroar|Flare Blitz|p1a: Charizard\n|-resisted|p1a: Charizard|1\n|-damage|p1a: Charizard|0 fnt\n|faint|p1a: Charizard\n|-damage|p2a: Incineroar|22/100|[from] Recoil\n|\n|-weather|SunnyDay|[upkeep]\n|upkeep\n|turn|7\n|inactive|Slim523 has 30 seconds left.\n|\n|t:|1776326539\n|move|p2b: Scizor|Bullet Punch|p1b: Venusaur\n|-damage|p1b: Venusaur|13/100\n|move|p1b: Venusaur|Sleep Powder|p2a: Incineroar\n|-status|p2a: Incineroar|slp|[from] move: Sleep Powder\n|cant|p2a: Incineroar|slp\n|\n|-weather|SunnyDay|[upkeep]\n|upkeep\n|turn|8\n|\n|t:|1776326546\n|move|p2b: Scizor|Bullet Punch|p1b: Venusaur\n|-damage|p1b: Venusaur|0 fnt\n|faint|p1b: Venusaur\n|\n|win|yggdrasilsys\n|raw|Slim523's rating: 1000 &rarr; <strong>1000</strong><br />(+0 for losing)\n|raw|yggdrasilsys's rating: 1083 &rarr; <strong>1104</strong><br />(+21 for winning)\n",
  "uploadtime": 1776326548,
  "views": 23,
  "formatid": "gen9championsvgc2026regma",
  "rating": 1000,
  "private": 0,
  "password": null
}