{
  "id": "gen9championsvgc2026regma-2582907236",
  "format": "[Gen 9 Champions] VGC 2026 Reg M-A",
  "players": [
    "Adomin1000",
    "miseria010"
  ],
  "log": "|j|\u2606Adomin1000\n|j|\u2606miseria010\n|t:|1776123909\n|gametype|doubles\n|player|p1|Adomin1000|cheren-gen5bw2|1127\n|player|p2|miseria010|unknown|1220\n|gen|9\n|tier|[Gen 9 Champions] VGC 2026 Reg M-A\n|rated|\n|rule|Species Clause: Limit one of each Pok\u00e9mon\n|rule|Item Clause: Limit 1 of each item\n|clearpoke\n|poke|p1|Sableye, L50, F|\n|poke|p1|Zoroark-Hisui, L50, M|\n|poke|p1|Charizard, L50, M|\n|poke|p1|Incineroar, L50, M|\n|poke|p1|Lopunny, L50, F|\n|poke|p1|Weavile, L50, F|\n|poke|p2|Charizard, L50, M|\n|poke|p2|Venusaur, L50, M|\n|poke|p2|Whimsicott, L50, F|\n|poke|p2|Incineroar, L50, M|\n|poke|p2|Garchomp, L50, M|\n|poke|p2|Conkeldurr, L50, M|\n|teampreview|4\n|inactive|Battle timer is ON: inactive players will automatically lose when time's up. (requested by Adomin1000)\n|inactive|miseria010 has 60 seconds left.\n|\n|t:|1776123960\n|teamsize|p1|4\n|teamsize|p2|4\n|start\n|switch|p1a: Sableye|Sableye, L50, F, shiny|100/100\n|switch|p1b: Lopunny|Lopunny, L50, F, shiny|100/100\n|switch|p2a: Incineroar|Incineroar, L50, M, shiny|100/100\n|switch|p2b: Whimsicott|Whimsicott, L50, F|100/100\n|-ability|p2a: Incineroar|Intimidate|boost\n|-unboost|p1a: Sableye|atk|1\n|-unboost|p1b: Lopunny|atk|1\n|turn|1\n|\n|t:|1776123982\n|move|p2a: Incineroar|Fake Out|p1b: Lopunny\n|-immune|p1b: Lopunny\n|move|p1a: Sableye|Fake Out|p2b: Whimsicott\n|-damage|p2b: Whimsicott|92/100\n|cant|p2b: Whimsicott|flinch\n|move|p1b: Lopunny|Hyper Voice|p2a: Incineroar|[spread] p2a,p2b\n|-damage|p2a: Incineroar|66/100\n|-damage|p2b: Whimsicott|26/100\n|\n|upkeep\n|turn|2\n|\n|t:|1776123997\n|move|p1a: Sableye|Helping Hand|p1b: Lopunny\n|-singleturn|p1b: Lopunny|Helping Hand|[of] p1a: Sableye\n|move|p2b: Whimsicott|Tailwind|p2b: Whimsicott\n|-sidestart|p2: miseria010|move: Tailwind\n|move|p1b: Lopunny|Hyper Voice|p2a: Incineroar|[spread] p2a,p2b\n|-damage|p2a: Incineroar|16/100\n|-damage|p2b: Whimsicott|0 fnt\n|-enditem|p2a: Incineroar|Sitrus Berry|[eat]\n|-heal|p2a: Incineroar|40/100|[from] item: Sitrus Berry\n|faint|p2b: Whimsicott\n|move|p2a: Incineroar|Throat Chop|p1b: Lopunny\n|-supereffective|p1b: Lopunny|1\n|-damage|p1b: Lopunny|0 fnt\n|replace|p1b: Zoroark|Zoroark-Hisui, L50, M, shiny\n|-end|p1b: Zoroark|Illusion\n|faint|p1b: Zoroark\n|\n|upkeep\n|\n|t:|1776124015\n|switch|p2b: Charizard|Charizard, L50, M, shiny|100/100\n|switch|p1b: Charizard|Charizard, L50, M|100/100\n|turn|3\n|\n|t:|1776124028\n|detailschange|p2b: Charizard|Charizard-Mega-Y, L50, M, shiny\n|-mega|p2b: Charizard|Charizard|Charizardite Y\n|-weather|SunnyDay|[from] ability: Drought|[of] p2b: Charizard\n|detailschange|p1b: Charizard|Charizard-Mega-X, L50, M\n|-mega|p1b: Charizard|Charizard|Charizardite X\n|move|p1a: Sableye|Disable|p2a: Incineroar\n|-hint|Since gen 7, Dark is immune to Prankster moves.\n|-immune|p2a: Incineroar\n|move|p2b: Charizard|Heat Wave|p1a: Sableye|[spread] p1a,p1b\n|-resisted|p1b: Charizard|2\n|-enditem|p1a: Sableye|Focus Sash\n|-damage|p1a: Sableye|1/100\n|-damage|p1b: Charizard|77/100\n|-status|p1a: Sableye|brn\n|move|p2a: Incineroar|Parting Shot|p1b: Charizard\n|-unboost|p1b: Charizard|atk|1\n|-unboost|p1b: Charizard|spa|1\n|\n|t:|1776124044\n|switch|p2a: Garchomp|Garchomp, L50, M|100/100|[from] Parting Shot\n|move|p1b: Charizard|Dragon Dance|p1b: Charizard\n|-boost|p1b: Charizard|atk|1\n|-boost|p1b: Charizard|spe|1\n|\n|-weather|SunnyDay|[upkeep]\n|-damage|p1a: Sableye|0 fnt|[from] brn\n|faint|p1a: Sableye\n|upkeep\n|\n|t:|1776124052\n|switch|p1a: Lopunny|Lopunny, L50, F, shiny|100/100\n|turn|4\n|\n|t:|1776124072\n|move|p2a: Garchomp|Protect|p2a: Garchomp\n|-singleturn|p2a: Garchomp|Protect\n|move|p2b: Charizard|Protect|p2b: Charizard\n|-singleturn|p2b: Charizard|Protect\n|move|p1a: Lopunny|Fake Out|p2b: Charizard\n|-activate|p2b: Charizard|move: Protect\n|move|p1b: Charizard|Dragon Claw|p2b: Charizard\n|-activate|p2b: Charizard|move: Protect\n|\n|-weather|SunnyDay|[upkeep]\n|upkeep\n|turn|5\n|\n|t:|1776124083\n|move|p1b: Charizard|Protect|p1b: Charizard\n|-singleturn|p1b: Charizard|Protect\n|move|p1a: Lopunny|Protect|p1a: Lopunny\n|-singleturn|p1a: Lopunny|Protect\n|move|p2a: Garchomp|Earthquake|p1b: Charizard|[spread] \n|-activate|p1a: Lopunny|move: Protect\n|-activate|p1b: Charizard|move: Protect\n|-immune|p2b: Charizard\n|move|p2b: Charizard|Flamethrower|p1a: Lopunny\n|-activate|p1a: Lopunny|move: Protect\n|\n|-weather|SunnyDay|[upkeep]\n|-sideend|p2: miseria010|move: Tailwind\n|upkeep\n|turn|6\n|\n|t:|1776124107\n|switch|p2b: Incineroar|Incineroar, L50, M, shiny|40/100\n|-ability|p2b: Incineroar|Intimidate|boost\n|-unboost|p1a: Lopunny|atk|1\n|-unboost|p1b: Charizard|atk|1\n|move|p2a: Garchomp|Protect|p2a: Garchomp\n|-singleturn|p2a: Garchomp|Protect\n|move|p1b: Charizard|Dragon Claw|p2a: Garchomp\n|-activate|p2a: Garchomp|move: Protect\n|move|p1a: Lopunny|Close Combat|p2a: Garchomp\n|-activate|p2a: Garchomp|move: Protect\n|\n|-weather|SunnyDay|[upkeep]\n|upkeep\n|turn|7\n|inactive|miseria010 has 30 seconds left.\n|inactive|miseria010 has 20 seconds left.\n|inactive|miseria010 has 15 seconds left.\n|inactive|miseria010 has 10 seconds left.\n|\n|t:|1776124156\n|switch|p2a: Charizard|Charizard-Mega-Y, L50, M, shiny|100/100\n|move|p1b: Charizard|Protect|p1b: Charizard\n|-singleturn|p1b: Charizard|Protect\n|move|p1a: Lopunny|Protect|p1a: Lopunny\n|-singleturn|p1a: Lopunny|Protect\n|move|p2b: Incineroar|Parting Shot|p1b: Charizard\n|-activate|p1b: Charizard|move: Protect\n|\n|-weather|none\n|upkeep\n|turn|8\n|inactive|miseria010 has 30 seconds left.\n|\n|t:|1776124184\n|switch|p2b: Garchomp|Garchomp, L50, M|100/100\n|move|p2a: Charizard|Protect|p2a: Charizard\n|-singleturn|p2a: Charizard|Protect\n|move|p1b: Charizard|Dragon Dance|p1b: Charizard\n|-boost|p1b: Charizard|atk|1\n|-boost|p1b: Charizard|spe|1\n|move|p1a: Lopunny|Drain Punch|p2b: Garchomp\n|-damage|p2b: Garchomp|88/100\n|-damage|p1a: Lopunny|88/100|[from] ability: Rough Skin|[of] p2b: Garchomp\n|\n|upkeep\n|turn|9\n|inactive|miseria010 has 30 seconds left.\n|inactive|Adomin1000 has 30 seconds left.\n|inactive|miseria010 has 20 seconds left.\n|\n|t:|1776124220\n|switch|p2a: Incineroar|Incineroar, L50, M, shiny|40/100\n|-ability|p2a: Incineroar|Intimidate|boost\n|-unboost|p1a: Lopunny|atk|1\n|-unboost|p1b: Charizard|atk|1\n|move|p1b: Charizard|Dragon Dance|p1b: Charizard\n|-boost|p1b: Charizard|atk|1\n|-boost|p1b: Charizard|spe|1\n|move|p1a: Lopunny|Close Combat|p2a: Incineroar\n|-supereffective|p2a: Incineroar|1\n|-damage|p2a: Incineroar|13/100\n|-unboost|p1a: Lopunny|def|1\n|-unboost|p1a: Lopunny|spd|1\n|move|p2b: Garchomp|Earthquake|p1b: Charizard|[spread] p2a,p1a,p1b\n|-supereffective|p2a: Incineroar|1\n|-supereffective|p1b: Charizard|1\n|-damage|p2a: Incineroar|0 fnt\n|-damage|p1a: Lopunny|3/100\n|-damage|p1b: Charizard|0 fnt\n|faint|p2a: Incineroar\n|faint|p1b: Charizard\n|\n|upkeep\n|-message|Adomin1000 forfeited.\n|\n|win|miseria010\n|raw|Adomin1000's rating: 1127 &rarr; <strong>1109</strong><br />(-18 for losing)\n|raw|miseria010's rating: 1220 &rarr; <strong>1238</strong><br />(+18 for winning)\n|l|\u2606Adomin1000\n|player|p1|\n",
  "uploadtime": 1776124250,
  "views": 15,
  "formatid": "gen9championsvgc2026regma",
  "rating": 1109,
  "private": 0,
  "password": null
}