{
  "id": "gen9championsvgc2026regma-2583238173",
  "format": "[Gen 9 Champions] VGC 2026 Reg M-A",
  "players": [
    "RandomGuyInSchool",
    "xnnsaibh"
  ],
  "log": "|j|\u2606RandomGuyInSchool\n|j|\u2606xnnsaibh\n|t:|1776158200\n|gametype|doubles\n|player|p1|RandomGuyInSchool|schoolkid-gen4|1083\n|player|p2|xnnsaibh|red|1000\n|gen|9\n|tier|[Gen 9 Champions] VGC 2026 Reg M-A\n|rated|\n|rule|Species Clause: Limit one of each Pok\u00e9mon\n|rule|Item Clause: Limit 1 of each item\n|clearpoke\n|poke|p1|Rotom-Wash, L50|\n|poke|p1|Incineroar, L50, M|\n|poke|p1|Sinistcha, L50|\n|poke|p1|Drampa, L50, M|\n|poke|p1|Floette-Eternal, L50, F|\n|poke|p1|Sneasler, L50, F|\n|poke|p2|Gyarados, L50, F|\n|poke|p2|Garchomp, L50, F|\n|poke|p2|Altaria, L50, F|\n|poke|p2|Sneasler, L50, F|\n|poke|p2|Incineroar, L50, M|\n|poke|p2|Ditto, L50|\n|teampreview|4\n|inactive|Battle timer is ON: inactive players will automatically lose when time's up. (requested by RandomGuyInSchool)\nRandomGuyInSchool rejected open team sheets.\n|inactive|RandomGuyInSchool has 60 seconds left.\n|\n|t:|1776158231\n|teamsize|p1|4\n|teamsize|p2|4\n|start\n|switch|p1a: Rotom|Rotom-Wash, L50|100/100\n|switch|p1b: Incineroar|Incineroar, L50, M|100/100\n|switch|p2a: Sneasler|Sneasler, L50, F|100/100\n|switch|p2b: Incineroar|Incineroar, L50, M|100/100\n|-ability|p2b: Incineroar|Intimidate|boost\n|-unboost|p1a: Rotom|atk|1\n|-unboost|p1b: Incineroar|atk|1\n|-ability|p1b: Incineroar|Intimidate|boost\n|-unboost|p2a: Sneasler|atk|1\n|-unboost|p2b: Incineroar|atk|1\n|turn|1\n|\n|t:|1776158248\n|switch|p2a: Ditto|Ditto, L50|100/100\n|-transform|p2a: Ditto|p1b: Incineroar|[from] ability: Imposter\n|-ability|p2a: Ditto|Intimidate|boost\n|-unboost|p1a: Rotom|atk|1\n|-unboost|p1b: Incineroar|atk|1\n|move|p2b: Incineroar|Fake Out|p1a: Rotom\n|-damage|p1a: Rotom|91/100\n|move|p1b: Incineroar|Fake Out|p2a: Ditto\n|-damage|p2a: Ditto|96/100\n|cant|p1a: Rotom|flinch\n|\n|upkeep\n|turn|2\n|inactive|RandomGuyInSchool has 30 seconds left.\n|inactive|xnnsaibh has 30 seconds left.\n|\n|t:|1776158275\n|switch|p2b: Altaria|Altaria, L50, F|100/100\n|move|p2a: Ditto|Fake Out|p1a: Rotom\n|-damage|p1a: Rotom|83/100\n|cant|p1a: Rotom|flinch\n|move|p1b: Incineroar|Parting Shot|p2b: Altaria\n|-unboost|p2b: Altaria|atk|1\n|-unboost|p2b: Altaria|spa|1\n|\n|t:|1776158295\n|switch|p1b: Drampa|Drampa, L50, M|100/100|[from] Parting Shot\n|-ability|p1b: Drampa|Cloud Nine\n|\n|upkeep\n|turn|3\n|\n|t:|1776158314\n|switch|p2b: Sneasler|Sneasler, L50, F|100/100\n|move|p2a: Ditto|Helping Hand|p2b: Sneasler\n|-singleturn|p2b: Sneasler|Helping Hand|[of] p2a: Ditto\n|move|p1b: Drampa|Protect|p1b: Drampa\n|-singleturn|p1b: Drampa|Protect\n|move|p1a: Rotom|Volt Switch|p2a: Ditto\n|-damage|p2a: Ditto|60/100\n|\n|t:|1776158326\n|switch|p1a: Incineroar|Incineroar, L50, M|100/100|[from] Volt Switch\n|-ability|p1a: Incineroar|Intimidate|boost\n|-unboost|p2a: Ditto|atk|1\n|-unboost|p2b: Sneasler|atk|1\n|\n|upkeep\n|turn|4\n|\n|t:|1776158347\n|switch|p2a: Incineroar|Incineroar, L50, M|100/100\n|-ability|p2a: Incineroar|Intimidate|boost\n|-unboost|p1a: Incineroar|atk|1\n|-unboost|p1b: Drampa|atk|1\n|detailschange|p1b: Drampa|Drampa-Mega, L50, M\n|-mega|p1b: Drampa|Drampa|Drampanite\n|move|p1a: Incineroar|Fake Out|p2b: Sneasler\n|-damage|p2b: Sneasler|88/100\n|cant|p2b: Sneasler|flinch\n|move|p1b: Drampa|Calm Mind|p1b: Drampa\n|-boost|p1b: Drampa|spa|1\n|-boost|p1b: Drampa|spd|1\n|\n|upkeep\n|turn|5\n|inactive|RandomGuyInSchool has 30 seconds left.\n|inactive|xnnsaibh has 30 seconds left.\n|inactive|RandomGuyInSchool has 20 seconds left.\n|inactive|xnnsaibh has 20 seconds left.\n|inactive|RandomGuyInSchool has 15 seconds left.\n|inactive|xnnsaibh has 15 seconds left.\n|inactive|RandomGuyInSchool has 10 seconds left.\n|\n|t:|1776158392\n|switch|p2a: Ditto|Ditto, L50|60/100\n|-transform|p2a: Ditto|p1b: Drampa|[from] ability: Imposter\n|switch|p1a: Sinistcha|Sinistcha, L50|100/100\n|move|p1b: Drampa|Protect|p1b: Drampa\n|-singleturn|p1b: Drampa|Protect\n|move|p2b: Sneasler|Close Combat|p1b: Drampa\n|-activate|p1b: Drampa|move: Protect\n|\n|upkeep\n|turn|6\n|inactive|RandomGuyInSchool has 30 seconds left.\n|inactive|xnnsaibh has 30 seconds left.\n|\n|t:|1776158419\n|switch|p1a: Incineroar|Incineroar, L50, M|100/100\n|-ability|p1a: Incineroar|Intimidate|boost\n|-unboost|p2a: Ditto|atk|1\n|-unboost|p2b: Sneasler|atk|1\n|move|p2b: Sneasler|Close Combat|p1b: Drampa\n|-supereffective|p1b: Drampa|1\n|-damage|p1b: Drampa|45/100\n|-unboost|p2b: Sneasler|def|1\n|-unboost|p2b: Sneasler|spd|1\n|-ability|p1b: Drampa|Berserk|boost\n|-boost|p1b: Drampa|spa|1\n|move|p2a: Ditto|Earth Power|p1b: Drampa\n|-damage|p1b: Drampa|11/100\n|move|p1b: Drampa|Hyper Voice|p2b: Sneasler|[spread] p2a,p2b\n|-damage|p2a: Ditto|2/100\n|-damage|p2b: Sneasler|0 fnt\n|faint|p2b: Sneasler\n|-ability|p2a: Ditto|Berserk|boost\n|-boost|p2a: Ditto|spa|1\n|\n|upkeep\n|\n|t:|1776158437\n|switch|p2b: Altaria|Altaria, L50, F|100/100\n|turn|7\n|\n|t:|1776158453\n|switch|p2a: Incineroar|Incineroar, L50, M|100/100\n|-ability|p2a: Incineroar|Intimidate|boost\n|-unboost|p1a: Incineroar|atk|1\n|-unboost|p1b: Drampa|atk|1\n|detailschange|p2b: Altaria|Altaria-Mega, L50, F\n|-mega|p2b: Altaria|Altaria|Altarianite\n|move|p1b: Drampa|Protect|p1b: Drampa\n|-singleturn|p1b: Drampa|Protect\n|move|p1a: Incineroar|Fake Out|p2a: Incineroar\n|-damage|p2a: Incineroar|94/100\n|move|p2b: Altaria|Hyper Voice|p1a: Incineroar|[spread] p1a\n|-activate|p1b: Drampa|move: Protect\n|-damage|p1a: Incineroar|72/100\n|\n|upkeep\n|turn|8\n|inactive|RandomGuyInSchool has 30 seconds left.\n|inactive|xnnsaibh has 30 seconds left.\n|inactive|RandomGuyInSchool has 20 seconds left.\n|\n|t:|1776158490\n|switch|p1b: Rotom|Rotom-Wash, L50|83/100\n|move|p2b: Altaria|Hyper Voice|p1a: Incineroar|[spread] p1a,p1b\n|-damage|p1a: Incineroar|44/100\n|-damage|p1b: Rotom|48/100\n|move|p2a: Incineroar|Close Combat|p1a: Incineroar\n|-supereffective|p1a: Incineroar|1\n|-damage|p1a: Incineroar|0 fnt\n|-unboost|p2a: Incineroar|def|1\n|-unboost|p2a: Incineroar|spd|1\n|faint|p1a: Incineroar\n|\n|upkeep\n|\n|t:|1776158504\n|switch|p1a: Sinistcha|Sinistcha, L50|100/100\n|-heal|p1b: Rotom|72/100|[from] ability: Hospitality|[of] p1a: Sinistcha\n|turn|9\n|\n|t:|1776158517\n|switch|p2b: Ditto|Ditto, L50|2/100\n|-transform|p2b: Ditto|p1a: Sinistcha|[from] ability: Imposter\n|-heal|p2a: Incineroar|100/100|[from] ability: Hospitality|[of] p2b: Ditto\n|move|p1b: Rotom|Thunderbolt|p2b: Ditto\n|-resisted|p2b: Ditto|1\n|-damage|p2b: Ditto|0 fnt\n|faint|p2b: Ditto\n|move|p2a: Incineroar|Flare Blitz|p1a: Sinistcha\n|-supereffective|p1a: Sinistcha|1\n|-damage|p1a: Sinistcha|0 fnt\n|faint|p1a: Sinistcha\n|-damage|p2a: Incineroar|71/100|[from] Recoil\n|\n|upkeep\n|\n|t:|1776158531\n|switch|p1a: Drampa|Drampa-Mega, L50, M|11/100\n|switch|p2b: Altaria|Altaria-Mega, L50, F|100/100\n|turn|10\n|\n|t:|1776158543\n|move|p1a: Drampa|Protect|p1a: Drampa\n|-singleturn|p1a: Drampa|Protect\n|move|p1b: Rotom|Thunderbolt|p2b: Altaria\n|-resisted|p2b: Altaria|1\n|-damage|p2b: Altaria|88/100\n|-status|p2b: Altaria|par\n|move|p2a: Incineroar|Close Combat|p1b: Rotom\n|-damage|p1b: Rotom|25/100\n|-unboost|p2a: Incineroar|def|1\n|-unboost|p2a: Incineroar|spd|1\n|move|p2b: Altaria|Hyper Voice|p1b: Rotom|[spread] p1b\n|-activate|p1a: Drampa|move: Protect\n|-damage|p1b: Rotom|0 fnt\n|faint|p1b: Rotom\n|\n|upkeep\n|turn|11\n|-message|RandomGuyInSchool forfeited.\n|\n|win|xnnsaibh\n|raw|RandomGuyInSchool's rating: 1083 &rarr; <strong>1055</strong><br />(-28 for losing)\n|raw|xnnsaibh's rating: 1000 &rarr; <strong>1049</strong><br />(+49 for winning)\n",
  "uploadtime": 1776158555,
  "views": 16,
  "formatid": "gen9championsvgc2026regma",
  "rating": 1049,
  "private": 0,
  "password": null
}