{
  "id": "gen9championsvgc2026regma-2580750043",
  "format": "[Gen 9 Champions] VGC 2026 Reg M-A",
  "players": [
    "Raynobi",
    "niesieler"
  ],
  "log": "|j|\u2606Raynobi\n|j|\u2606niesieler\n|t:|1775929409\n|gametype|doubles\n|player|p1|Raynobi|red|\n|player|p2|niesieler|hilbert-wonderlauncher|\n|gen|9\n|tier|[Gen 9 Champions] VGC 2026 Reg M-A\n|rated|Tournament battle\n|rule|Species Clause: Limit one of each Pok\u00e9mon\n|rule|Item Clause: Limit 1 of each item\n|clearpoke\n|poke|p1|Charizard, L50, F|\n|poke|p1|Sneasler, L50, F|\n|poke|p1|Rotom-Wash, L50|\n|poke|p1|Garchomp, L50, F|\n|poke|p1|Kingambit, L50, F|\n|poke|p1|Venusaur, L50, M|\n|poke|p2|Dragonite, L50, M|\n|poke|p2|Politoed, L50, F|\n|poke|p2|Archaludon, L50, F|\n|poke|p2|Incineroar, L50, F|\n|poke|p2|Sinistcha, L50|\n|poke|p2|Basculegion, L50, M|\n|teampreview|4\n|c|\u2606niesieler|glhf\n|j| puritypoke\n|c|\u2606Raynobi|glhf\n|j| ido1234567890\n|l| ido1234567890\n|\n|t:|1775929443\n|teamsize|p1|4\n|teamsize|p2|4\n|start\n|switch|p1a: Kingambit|Kingambit, L50, F|100/100\n|switch|p1b: Rotom|Rotom-Wash, L50|100/100\n|switch|p2a: Basculegion|Basculegion, L50, M|100/100\n|switch|p2b: Incineroar|Incineroar, L50, F|100/100\n|-ability|p2b: Incineroar|Intimidate|boost\n|-unboost|p1a: Kingambit|atk|1\n|-ability|p1a: Kingambit|Defiant|boost\n|-boost|p1a: Kingambit|atk|2\n|-unboost|p1b: Rotom|atk|1\n|turn|1\n|j| theoduron\n|\n|t:|1775929492\n|move|p2b: Incineroar|Fake Out|p1a: Kingambit\n|-resisted|p1a: Kingambit|1\n|-damage|p1a: Kingambit|96/100\n|cant|p1a: Kingambit|flinch\n|move|p2a: Basculegion|Wave Crash|p1a: Kingambit\n|-damage|p1a: Kingambit|41/100\n|-damage|p2a: Basculegion|81/100|[from] Recoil\n|move|p1b: Rotom|Hydro Pump|p2b: Incineroar|[miss]\n|-miss|p1b: Rotom|p2b: Incineroar\n|\n|upkeep\n|turn|2\n|\n|t:|1775929508\n|switch|p2b: Politoed|Politoed, L50, F|100/100\n|-weather|RainDance|[from] ability: Drizzle|[of] p2b: Politoed\n|move|p2a: Basculegion|Aqua Jet|p1a: Kingambit\n|-damage|p1a: Kingambit|13/100\n|move|p1a: Kingambit|Sucker Punch||[still]\n|-fail|p1a: Kingambit\n|move|p1b: Rotom|Hydro Pump|p2b: Politoed\n|-resisted|p2b: Politoed|1\n|-damage|p2b: Politoed|77/100\n|\n|-weather|RainDance|[upkeep]\n|-heal|p2b: Politoed|83/100|[from] item: Leftovers\n|upkeep\n|turn|3\n|j| A Regu1ar Guy\n|j| FunneeMonkee\n|l| FunneeMonkee\n|\n|t:|1775929560\n|switch|p2b: Incineroar|Incineroar, L50, F|100/100\n|-ability|p2b: Incineroar|Intimidate|boost\n|-unboost|p1a: Kingambit|atk|1\n|-ability|p1a: Kingambit|Defiant|boost\n|-boost|p1a: Kingambit|atk|2\n|-unboost|p1b: Rotom|atk|1\n|move|p2a: Basculegion|Protect|p2a: Basculegion\n|-singleturn|p2a: Basculegion|Protect\n|move|p1a: Kingambit|Sucker Punch||[still]\n|-fail|p1a: Kingambit\n|move|p1b: Rotom|Thunderbolt|p2a: Basculegion\n|-activate|p2a: Basculegion|move: Protect\n|\n|-weather|RainDance|[upkeep]\n|upkeep\n|turn|4\n|\n|t:|1775929581\n|move|p2b: Incineroar|Fake Out|p1b: Rotom\n|-damage|p1b: Rotom|91/100\n|move|p2a: Basculegion|Aqua Jet|p1a: Kingambit\n|-damage|p1a: Kingambit|0 fnt\n|faint|p1a: Kingambit\n|cant|p1b: Rotom|flinch\n|\n|-weather|RainDance|[upkeep]\n|-heal|p1b: Rotom|97/100|[from] item: Leftovers\n|upkeep\n|\n|t:|1775929592\n|switch|p1a: Charizard|Charizard, L50, F|100/100\n|turn|5\n|j| longsenpai\n|\n|t:|1775929611\n|switch|p2a: Dragonite|Dragonite, L50, M|100/100\n|move|p1a: Charizard|Protect|p1a: Charizard\n|-singleturn|p1a: Charizard|Protect\n|move|p1b: Rotom|Hydro Pump|p2b: Incineroar\n|-supereffective|p2b: Incineroar|1\n|-damage|p2b: Incineroar|1/100\n|move|p2b: Incineroar|Parting Shot|p1b: Rotom\n|-unboost|p1b: Rotom|atk|1\n|-unboost|p1b: Rotom|spa|1\n|\n|t:|1775929620\n|switch|p2b: Basculegion|Basculegion, L50, M|81/100|[from] Parting Shot\n|\n|-weather|RainDance|[upkeep]\n|-heal|p1b: Rotom|100/100|[from] item: Leftovers\n|upkeep\n|turn|6\n|\n|t:|1775929636\n|detailschange|p1a: Charizard|Charizard-Mega-Y, L50, F\n|-mega|p1a: Charizard|Charizard|Charizardite Y\n|-weather|SunnyDay|[from] ability: Drought|[of] p1a: Charizard\n|detailschange|p2a: Dragonite|Dragonite-Mega, L50, M\n|-mega|p2a: Dragonite|Dragonite|Dragoninite\n|move|p2b: Basculegion|Protect|p2b: Basculegion\n|-singleturn|p2b: Basculegion|Protect\n|move|p1a: Charizard|Solar Beam||[still]\n|-prepare|p1a: Charizard|Solar Beam\n|-anim|p1a: Charizard|Solar Beam|p2b: Basculegion\n|-activate|p2b: Basculegion|move: Protect\n|move|p2a: Dragonite|Dragon Pulse|p1a: Charizard\n|-damage|p1a: Charizard|52/100\n|move|p1b: Rotom|Will-O-Wisp|p2a: Dragonite\n|-status|p2a: Dragonite|brn\n|\n|-weather|SunnyDay|[upkeep]\n|-damage|p2a: Dragonite|95/100 brn|[from] brn\n|upkeep\n|turn|7\n|\n|t:|1775929670\n|switch|p2b: Incineroar|Incineroar, L50, F|1/100\n|-ability|p2b: Incineroar|Intimidate|boost\n|-unboost|p1a: Charizard|atk|1\n|-unboost|p1b: Rotom|atk|1\n|move|p1a: Charizard|Air Slash|p2b: Incineroar\n|-damage|p2b: Incineroar|0 fnt\n|faint|p2b: Incineroar\n|move|p2a: Dragonite|Dragon Pulse|p1b: Rotom\n|-damage|p1b: Rotom|60/100\n|move|p1b: Rotom|Thunderbolt|p2a: Dragonite\n|-damage|p2a: Dragonite|77/100 brn\n|\n|-weather|SunnyDay|[upkeep]\n|-heal|p1b: Rotom|66/100|[from] item: Leftovers\n|-damage|p2a: Dragonite|71/100 brn|[from] brn\n|upkeep\n|j| PlagueWagon\n|\n|t:|1775929677\n|switch|p2b: Basculegion|Basculegion, L50, M|81/100\n|turn|8\n|\n|t:|1775929689\n|switch|p1a: Garchomp|Garchomp, L50, F|100/100\n|switch|p2a: Politoed|Politoed, L50, F|83/100\n|-weather|RainDance|[from] ability: Drizzle|[of] p2a: Politoed\n|move|p2b: Basculegion|Aqua Jet|p1a: Garchomp\n|-damage|p1a: Garchomp|64/100\n|-damage|p2b: Basculegion|69/100|[from] ability: Rough Skin|[of] p1a: Garchomp\n|move|p1b: Rotom|Thunderbolt|p2a: Politoed\n|-supereffective|p2a: Politoed|1\n|-damage|p2a: Politoed|49/100\n|\n|-weather|RainDance|[upkeep]\n|-heal|p1b: Rotom|72/100|[from] item: Leftovers\n|-heal|p2a: Politoed|55/100|[from] item: Leftovers\n|upkeep\n|turn|9\n|\n|t:|1775929714\n|switch|p1b: Charizard|Charizard-Mega-Y, L50, F|52/100\n|-weather|SunnyDay|[from] ability: Drought|[of] p1b: Charizard\n|switch|p2a: Dragonite|Dragonite-Mega, L50, M|71/100 brn\n|move|p2b: Basculegion|Protect|p2b: Basculegion\n|-singleturn|p2b: Basculegion|Protect\n|move|p1a: Garchomp|Earthquake|p2a: Dragonite|[spread] \n|-activate|p2b: Basculegion|move: Protect\n|-immune|p1b: Charizard\n|-immune|p2a: Dragonite\n|\n|-weather|SunnyDay|[upkeep]\n|-damage|p2a: Dragonite|65/100 brn|[from] brn\n|upkeep\n|turn|10\n|\n|t:|1775929727\n|switch|p1a: Rotom|Rotom-Wash, L50|72/100\n|switch|p2a: Politoed|Politoed, L50, F|55/100\n|-weather|RainDance|[from] ability: Drizzle|[of] p2a: Politoed\n|move|p1b: Charizard|Protect|p1b: Charizard\n|-singleturn|p1b: Charizard|Protect\n|move|p2b: Basculegion|Wave Crash|p1b: Charizard\n|-activate|p1b: Charizard|move: Protect\n|\n|-weather|RainDance|[upkeep]\n|-heal|p1a: Rotom|78/100|[from] item: Leftovers\n|-heal|p2a: Politoed|61/100|[from] item: Leftovers\n|upkeep\n|turn|11\n|\n|t:|1775929752\n|switch|p1b: Garchomp|Garchomp, L50, F|64/100\n|move|p2b: Basculegion|Protect|p2b: Basculegion\n|-singleturn|p2b: Basculegion|Protect\n|move|p1a: Rotom|Thunderbolt|p2b: Basculegion\n|-activate|p2b: Basculegion|move: Protect\n|move|p2a: Politoed|Weather Ball|p1b: Garchomp\n|-damage|p1b: Garchomp|4/100\n|\n|-weather|RainDance|[upkeep]\n|-heal|p1a: Rotom|83/100|[from] item: Leftovers\n|-heal|p2a: Politoed|67/100|[from] item: Leftovers\n|upkeep\n|turn|12\n|j| yuirs gsb\n|j| howdy12345\n|inactive|Battle timer is ON: inactive players will automatically lose when time's up. (requested by Raynobi)\n|inactive|niesieler has 60 seconds left.\n|\n|t:|1775929870\n|switch|p1b: Charizard|Charizard-Mega-Y, L50, F|52/100\n|-weather|SunnyDay|[from] ability: Drought|[of] p1b: Charizard\n|move|p2b: Basculegion|Last Respects|p1a: Rotom\n|-damage|p1a: Rotom|34/100\n|move|p1a: Rotom|Thunderbolt|p2b: Basculegion\n|-supereffective|p2b: Basculegion|1\n|-crit|p2b: Basculegion\n|-damage|p2b: Basculegion|0 fnt\n|faint|p2b: Basculegion\n|move|p2a: Politoed|Weather Ball|p1b: Charizard\n|-resisted|p1b: Charizard|1\n|-damage|p1b: Charizard|35/100\n|\n|-weather|SunnyDay|[upkeep]\n|-heal|p1a: Rotom|39/100|[from] item: Leftovers\n|-heal|p2a: Politoed|73/100|[from] item: Leftovers\n|upkeep\n|\n|t:|1775929876\n|switch|p2b: Dragonite|Dragonite-Mega, L50, M|65/100 brn\n|turn|13\n|c|\u2606niesieler|gg\n|inactive|Raynobi has 30 seconds left.\n|\n|t:|1775929903\n|move|p2a: Politoed|Protect|p2a: Politoed\n|-singleturn|p2a: Politoed|Protect\n|move|p1b: Charizard|Air Slash|p2b: Dragonite\n|-damage|p2b: Dragonite|30/100 brn\n|cant|p2b: Dragonite|flinch\n|move|p1a: Rotom|Thunderbolt|p2a: Politoed\n|-activate|p2a: Politoed|move: Protect\n|\n|-weather|SunnyDay|[upkeep]\n|-heal|p1a: Rotom|45/100|[from] item: Leftovers\n|-heal|p2a: Politoed|79/100|[from] item: Leftovers\n|-damage|p2b: Dragonite|24/100 brn|[from] brn\n|upkeep\n|turn|14\n|\n|t:|1775929922\n|move|p2b: Dragonite|Protect|p2b: Dragonite\n|-singleturn|p2b: Dragonite|Protect\n|move|p1b: Charizard|Solar Beam||[still]\n|-prepare|p1b: Charizard|Solar Beam\n|-anim|p1b: Charizard|Solar Beam|p2a: Politoed\n|-supereffective|p2a: Politoed|1\n|-damage|p2a: Politoed|9/100\n|move|p1a: Rotom|Thunderbolt|p2b: Dragonite\n|-activate|p2b: Dragonite|move: Protect\n|move|p2a: Politoed|Weather Ball|p1a: Rotom\n|-resisted|p1a: Rotom|1\n|-damage|p1a: Rotom|30/100\n|\n|-weather|SunnyDay|[upkeep]\n|-heal|p1a: Rotom|36/100|[from] item: Leftovers\n|-heal|p2a: Politoed|15/100|[from] item: Leftovers\n|-damage|p2b: Dragonite|18/100 brn|[from] brn\n|upkeep\n|turn|15\n|\n|t:|1775929935\n|move|p1b: Charizard|Air Slash|p2b: Dragonite\n|-damage|p2b: Dragonite|0 fnt\n|faint|p2b: Dragonite\n|move|p1a: Rotom|Thunderbolt|p2a: Politoed\n|-supereffective|p2a: Politoed|1\n|-damage|p2a: Politoed|0 fnt\n|faint|p2a: Politoed\n|\n|win|Raynobi\n|n|\u2606Raynobi|raynobi\n|n|\u2606niesieler|niesieler\n|n| puritypoke|puritypoke\n|n| theoduron|theoduron\n|n| A Regu1ar Guy|aregu1arguy\n|n| longsenpai|longsenpai\n|n| PlagueWagon|plaguewagon\n|n| yuirs gsb|yuirsgsb\n|n| howdy12345|howdy12345\n|c|\u2606Raynobi|gg\n|l| puritypoke\n|l| PlagueWagon\n",
  "uploadtime": 1775929946,
  "views": 12,
  "formatid": "gen9championsvgc2026regma",
  "rating": null,
  "private": 0,
  "password": null
}