{
  "id": "gen9championsvgc2026regma-2580722485",
  "format": "[Gen 9 Champions] VGC 2026 Reg M-A",
  "players": [
    "DracovishGlazer",
    "syn001"
  ],
  "log": "|j|\u2606DracovishGlazer\n|j|\u2606syn001\n|t:|1775927167\n|gametype|doubles\n|player|p1|DracovishGlazer|skier|1097\n|player|p2|syn001|cynthia-gen4|1040\n|gen|9\n|tier|[Gen 9 Champions] VGC 2026 Reg M-A\n|rated|\n|rule|Species Clause: Limit one of each Pok\u00e9mon\n|rule|Item Clause: Limit 1 of each item\n|clearpoke\n|poke|p1|Froslass, L50, F|\n|poke|p1|Basculegion, L50, M|\n|poke|p1|Sinistcha, L50|\n|poke|p1|Incineroar, L50, M|\n|poke|p1|Sylveon, L50, F|\n|poke|p1|Sneasler, L50, F|\n|poke|p2|Charizard, L50, M|\n|poke|p2|Whimsicott, L50, F|\n|poke|p2|Venusaur, L50, M|\n|poke|p2|Aerodactyl, L50, M|\n|poke|p2|Tinkaton, L50, F|\n|poke|p2|Basculegion, L50, M|\n|teampreview|4\n|inactive|Battle timer is ON: inactive players will automatically lose when time's up. (requested by DracovishGlazer)\n|\n|t:|1775927202\n|teamsize|p1|4\n|teamsize|p2|4\n|start\n|switch|p1a: Incineroar|Incineroar, L50, M|100/100\n|switch|p1b: Sinistcha|Sinistcha, L50|100/100\n|switch|p2a: Charizard|Charizard, L50, M, shiny|100/100\n|switch|p2b: Aerodactyl|Aerodactyl, L50, M|100/100\n|-ability|p2b: Aerodactyl|Unnerve\n|-ability|p1a: Incineroar|Intimidate|boost\n|-unboost|p2a: Charizard|atk|1\n|-unboost|p2b: Aerodactyl|atk|1\n|turn|1\n|\n|t:|1775927220\n|move|p2a: Charizard|Protect|p2a: Charizard\n|-singleturn|p2a: Charizard|Protect\n|move|p1a: Incineroar|Fake Out|p2a: Charizard\n|-activate|p2a: Charizard|move: Protect\n|move|p2b: Aerodactyl|Tailwind|p2b: Aerodactyl\n|-sidestart|p2: syn001|move: Tailwind\n|move|p1b: Sinistcha|Matcha Gotcha|p2b: Aerodactyl|[spread] p2b\n|-activate|p2a: Charizard|move: Protect\n|-damage|p2b: Aerodactyl|66/100\n|\n|upkeep\n|turn|2\n|inactive|syn001 has 30 seconds left.\n|\n|t:|1775927251\n|move|p2b: Aerodactyl|Rock Slide|p1a: Incineroar|[spread] p1a,p1b\n|-supereffective|p1a: Incineroar|1\n|-damage|p1a: Incineroar|77/100\n|-damage|p1b: Sinistcha|84/100\n|move|p2a: Charizard|Heat Wave|p1b: Sinistcha|[spread] p1a,p1b\n|-resisted|p1a: Incineroar|1\n|-supereffective|p1b: Sinistcha|1\n|-damage|p1a: Incineroar|61/100\n|-damage|p1b: Sinistcha|26/100\n|cant|p1a: Incineroar|flinch\n|cant|p1b: Sinistcha|flinch\n|\n|upkeep\n|turn|3\n|inactive|DracovishGlazer has 30 seconds left.\n|inactive|syn001 has 30 seconds left.\n|inactive|DracovishGlazer has 20 seconds left.\n|inactive|DracovishGlazer has 15 seconds left.\n|inactive|syn001 has 20 seconds left.\n|inactive|DracovishGlazer has 10 seconds left.\n|inactive|syn001 has 15 seconds left.\n|inactive|DracovishGlazer has 5 seconds left.\n|inactive|syn001 has 10 seconds left.\n|\n|t:|1775927303\n|move|p2b: Aerodactyl|Dual Wingbeat|p1b: Sinistcha\n|-supereffective|p1b: Sinistcha|1\n|-damage|p1b: Sinistcha|6/100\n|-supereffective|p1b: Sinistcha|1\n|-damage|p1b: Sinistcha|0 fnt\n|faint|p1b: Sinistcha\n|-hitcount|p1: Sinistcha|2\n|move|p2a: Charizard|Air Slash|p1a: Incineroar\n|-damage|p1a: Incineroar|26/100\n|move|p1a: Incineroar|Throat Chop|p2b: Aerodactyl\n|-damage|p2b: Aerodactyl|20/100\n|-start|p2b: Aerodactyl|Throat Chop|[silent]\n|\n|upkeep\n|\n|t:|1775927308\n|switch|p1b: Froslass|Froslass, L50, F|100/100\n|turn|4\n|\n|t:|1775927331\n|detailschange|p1b: Froslass|Froslass-Mega, L50, F\n|-mega|p1b: Froslass|Froslass|Froslassite\n|-weather|Snowscape|[from] ability: Snow Warning|[of] p1b: Froslass\n|move|p1b: Froslass|Protect|p1b: Froslass\n|-singleturn|p1b: Froslass|Protect\n|move|p2b: Aerodactyl|Rock Slide|p1a: Incineroar|[spread] p1a\n|-activate|p1b: Froslass|move: Protect\n|-supereffective|p1a: Incineroar|1\n|-damage|p1a: Incineroar|1/100\n|move|p2a: Charizard|Heat Wave|p1b: Froslass|[spread] p1a\n|-activate|p1b: Froslass|move: Protect\n|-resisted|p1a: Incineroar|1\n|-damage|p1a: Incineroar|0 fnt\n|faint|p1a: Incineroar\n|\n|-weather|Snowscape|[upkeep]\n|-end|p2b: Aerodactyl|Throat Chop|[silent]\n|-sideend|p2: syn001|move: Tailwind\n|upkeep\n|\n|t:|1775927337\n|switch|p1a: Sylveon|Sylveon, L50, F, shiny|100/100\n|turn|5\n|\n|t:|1775927355\n|detailschange|p2a: Charizard|Charizard-Mega-Y, L50, M, shiny\n|-mega|p2a: Charizard|Charizard|Charizardite Y\n|-weather|SunnyDay|[from] ability: Drought|[of] p2a: Charizard\n|move|p2b: Aerodactyl|Tailwind|p2b: Aerodactyl\n|-sidestart|p2: syn001|move: Tailwind\n|move|p2a: Charizard|Heat Wave|p1b: Froslass|[spread] p1a,p1b\n|-supereffective|p1b: Froslass|1\n|-damage|p1a: Sylveon|51/100\n|-damage|p1b: Froslass|0 fnt\n|-status|p1a: Sylveon|brn\n|faint|p1b: Froslass\n|move|p1a: Sylveon|Yawn|p2a: Charizard\n|-start|p2a: Charizard|move: Yawn|[of] p1a: Sylveon\n|\n|-weather|SunnyDay|[upkeep]\n|-damage|p1a: Sylveon|45/100 brn|[from] brn\n|upkeep\n|turn|6\n|-message|DracovishGlazer forfeited.\n|\n|win|syn001\n|raw|DracovishGlazer's rating: 1097 &rarr; <strong>1068</strong><br />(-29 for losing)\n|raw|syn001's rating: 1040 &rarr; <strong>1080</strong><br />(+40 for winning)\n|l|\u2606DracovishGlazer\n|player|p1|\n",
  "uploadtime": 1775927372,
  "views": 12,
  "formatid": "gen9championsvgc2026regma",
  "rating": 1068,
  "private": 0,
  "password": null
}