{
  "id": "gen9championsvgc2026regma-2586760880",
  "format": "[Gen 9 Champions] VGC 2026 Reg M-A",
  "players": [
    "dynastictooth",
    "Thrills123"
  ],
  "log": "|j|\u2606dynastictooth\n|j|\u2606Thrills123\n|t:|1776457797\n|gametype|doubles\n|player|p1|dynastictooth|266|1129\n|player|p2|Thrills123|265|1082\n|gen|9\n|tier|[Gen 9 Champions] VGC 2026 Reg M-A\n|rated|\n|rule|Species Clause: Limit one of each Pok\u00e9mon\n|rule|Item Clause: Limit 1 of each item\n|clearpoke\n|poke|p1|Excadrill, L50, F|\n|poke|p1|Tyranitar, L50, M|\n|poke|p1|Rotom-Wash, L50|\n|poke|p1|Sneasler, L50, F|\n|poke|p1|Dragapult, L50, F|\n|poke|p1|Meganium, L50, M|\n|poke|p2|Decidueye-Hisui, L50, M|\n|poke|p2|Mimikyu, L50, M|\n|poke|p2|Milotic, L50, F|\n|poke|p2|Basculegion, L50, M|\n|poke|p2|Farigiraf, L50, F|\n|poke|p2|Scizor, L50, M|\n|teampreview|4\n|\n|t:|1776457856\n|teamsize|p1|4\n|teamsize|p2|4\n|start\n|switch|p1a: Tyranitar|Tyranitar, L50, M|100/100\n|switch|p1b: Excadrill|Excadrill, L50, F|100/100\n|switch|p2a: Decidueye|Decidueye-Hisui, L50, M|100/100\n|switch|p2b: Mimikyu|Mimikyu, L50, M|100/100\n|-weather|Sandstorm|[from] ability: Sand Stream|[of] p1a: Tyranitar\n|turn|1\n|inactive|Battle timer is ON: inactive players will automatically lose when time's up. (requested by Thrills123)\n|\n|t:|1776457876\n|move|p1a: Tyranitar|Protect|p1a: Tyranitar\n|-singleturn|p1a: Tyranitar|Protect\n|move|p2a: Decidueye|Protect|p2a: Decidueye\n|-singleturn|p2a: Decidueye|Protect\n|move|p1b: Excadrill|Earthquake|p2b: Mimikyu|[spread] p2b\n|-activate|p1a: Tyranitar|move: Protect\n|-activate|p2a: Decidueye|move: Protect\n|-activate|p2b: Mimikyu|ability: Disguise\n|-damage|p2b: Mimikyu|100/100\n|detailschange|p2b: Mimikyu|Mimikyu-Busted, L50, M\n|-damage|p2b: Mimikyu|88/100|[from] pokemon: Mimikyu-Busted\n|move|p2b: Mimikyu|Trick Room|p2b: Mimikyu\n|-fieldstart|move: Trick Room|[of] p2b: Mimikyu\n|\n|-weather|Sandstorm|[upkeep]\n|-damage|p2a: Decidueye|94/100|[from] Sandstorm\n|-damage|p2b: Mimikyu|82/100|[from] Sandstorm\n|upkeep\n|turn|2\n|inactive|dynastictooth has 30 seconds left.\n|inactive|dynastictooth has 20 seconds left.\n|\n|t:|1776457912\n|switch|p1a: Meganium|Meganium, L50, M|100/100\n|move|p2a: Decidueye|Triple Arrows|p1a: Meganium\n|-crit|p1a: Meganium\n|-damage|p1a: Meganium|28/100\n|-unboost|p1a: Meganium|def|1\n|move|p2b: Mimikyu|Will-O-Wisp|p1b: Excadrill\n|-status|p1b: Excadrill|brn\n|move|p1b: Excadrill|Iron Head|p2b: Mimikyu\n|-supereffective|p2b: Mimikyu|1\n|-damage|p2b: Mimikyu|31/100\n|\n|-weather|Sandstorm|[upkeep]\n|-damage|p2a: Decidueye|88/100|[from] Sandstorm\n|-damage|p2b: Mimikyu|25/100|[from] Sandstorm\n|-damage|p1a: Meganium|22/100|[from] Sandstorm\n|-damage|p1b: Excadrill|95/100 brn|[from] brn\n|upkeep\n|turn|3\n|inactive|dynastictooth has 30 seconds left.\n|\n|t:|1776457939\n|move|p1a: Meganium|Protect|p1a: Meganium\n|-singleturn|p1a: Meganium|Protect\n|move|p2a: Decidueye|Triple Arrows|p1b: Excadrill\n|-supereffective|p1b: Excadrill|1\n|-crit|p1b: Excadrill\n|-damage|p1b: Excadrill|0 fnt\n|faint|p1b: Excadrill\n|move|p2b: Mimikyu|Shadow Claw|p1a: Meganium\n|-activate|p1a: Meganium|move: Protect\n|\n|-weather|Sandstorm|[upkeep]\n|-damage|p2a: Decidueye|82/100|[from] Sandstorm\n|-damage|p2b: Mimikyu|19/100|[from] Sandstorm\n|-damage|p1a: Meganium|16/100|[from] Sandstorm\n|upkeep\n|\n|t:|1776457954\n|switch|p1b: Sneasler|Sneasler, L50, F|100/100\n|turn|4\n|\n|t:|1776457961\n|detailschange|p1a: Meganium|Meganium-Mega, L50, M\n|-mega|p1a: Meganium|Meganium|Meganiumite\n|move|p2a: Decidueye|Protect|p2a: Decidueye\n|-singleturn|p2a: Decidueye|Protect\n|move|p1b: Sneasler|Fake Out|p2a: Decidueye\n|-activate|p2a: Decidueye|move: Protect\n|move|p2b: Mimikyu|Will-O-Wisp|p1b: Sneasler\n|-status|p1b: Sneasler|brn\n|move|p1a: Meganium|Dazzling Gleam|p2b: Mimikyu|[spread] p2b\n|-activate|p2a: Decidueye|move: Protect\n|-damage|p2b: Mimikyu|0 fnt\n|faint|p2b: Mimikyu\n|\n|-weather|Sandstorm|[upkeep]\n|-damage|p2a: Decidueye|76/100|[from] Sandstorm\n|-damage|p1a: Meganium|10/100|[from] Sandstorm\n|-damage|p1b: Sneasler|95/100 brn|[from] Sandstorm\n|-damage|p1b: Sneasler|89/100 brn|[from] brn\n|upkeep\n|\n|t:|1776457972\n|switch|p2b: Scizor|Scizor, L50, M|100/100\n|turn|5\n|\n|t:|1776457989\n|detailschange|p2b: Scizor|Scizor-Mega, L50, M\n|-mega|p2b: Scizor|Scizor|Scizorite\n|move|p1a: Meganium|Protect|p1a: Meganium\n|-singleturn|p1a: Meganium|Protect\n|move|p2b: Scizor|Bullet Punch|p1b: Sneasler\n|-damage|p1b: Sneasler|23/100 brn\n|move|p2a: Decidueye|Leaf Blade|p1a: Meganium\n|-activate|p1a: Meganium|move: Protect\n|move|p1b: Sneasler|Close Combat|p2b: Scizor\n|-crit|p2b: Scizor\n|-damage|p2b: Scizor|60/100\n|-unboost|p1b: Sneasler|def|1\n|-unboost|p1b: Sneasler|spd|1\n|-enditem|p1b: Sneasler|White Herb\n|-clearnegativeboost|p1b: Sneasler|[silent]\n|\n|-weather|none\n|-damage|p1b: Sneasler|18/100 brn|[from] brn\n|-fieldend|move: Trick Room\n|upkeep\n|turn|6\n|inactive|dynastictooth has 30 seconds left.\n|\n|t:|1776458019\n|move|p2b: Scizor|Bullet Punch|p1b: Sneasler\n|-damage|p1b: Sneasler|0 fnt\n|faint|p1b: Sneasler\n|move|p2a: Decidueye|Sucker Punch|p1a: Meganium\n|-resisted|p1a: Meganium|1\n|-damage|p1a: Meganium|0 fnt\n|faint|p1a: Meganium\n|\n|upkeep\n|\n|t:|1776458029\n|switch|p1a: Tyranitar|Tyranitar, L50, M|100/100\n|-weather|Sandstorm|[from] ability: Sand Stream|[of] p1a: Tyranitar\n|turn|7\n|inactive|dynastictooth has 30 seconds left.\n|\n|t:|1776458054\n|move|p2b: Scizor|Swords Dance|p2b: Scizor\n|-boost|p2b: Scizor|atk|2\n|move|p1a: Tyranitar|Rock Slide|p2b: Scizor|[spread] p2a,p2b\n|-resisted|p2a: Decidueye|1\n|-damage|p2a: Decidueye|60/100\n|-damage|p2b: Scizor|38/100\n|move|p2a: Decidueye|Triple Arrows|p1a: Tyranitar\n|-supereffective|p1a: Tyranitar|2\n|-crit|p1a: Tyranitar\n|-enditem|p1a: Tyranitar|Chople Berry|[eat]\n|-enditem|p1a: Tyranitar|Chople Berry|[weaken]\n|-damage|p1a: Tyranitar|0 fnt\n|faint|p1a: Tyranitar\n|\n|win|Thrills123\n|raw|dynastictooth's rating: 1129 &rarr; <strong>1101</strong><br />(-28 for losing)\n|raw|Thrills123's rating: 1082 &rarr; <strong>1113</strong><br />(+31 for winning)\n|l|\u2606dynastictooth\n|player|p1|\n",
  "uploadtime": 1776458076,
  "views": 31,
  "formatid": "gen9championsvgc2026regma",
  "rating": 1101,
  "private": 0,
  "password": null
}