{
  "id": "gen9championsvgc2026regma-2587777362",
  "format": "[Gen 9 Champions] VGC 2026 Reg M-A",
  "players": [
    "Ayldus",
    "hesolk"
  ],
  "log": "|j|\u2606Ayldus\n|j|\u2606hesolk\n|t:|1776562964\n|gametype|doubles\n|player|p1|Ayldus|rosa|1357\n|player|p2|hesolk|265|1452\n|gen|9\n|tier|[Gen 9 Champions] VGC 2026 Reg M-A\n|rated|\n|rule|Species Clause: Limit one of each Pok\u00e9mon\n|rule|Item Clause: Limit 1 of each item\n|clearpoke\n|poke|p1|Aggron, L50, F|\n|poke|p1|Incineroar, L50, F|\n|poke|p1|Basculegion, L50, M|\n|poke|p1|Sinistcha, L50|\n|poke|p1|Dragonite, L50, F|\n|poke|p1|Pelipper, L50, M|\n|poke|p2|Froslass, L50, F|\n|poke|p2|Kingambit, L50, F|\n|poke|p2|Farigiraf, L50, F|\n|poke|p2|Sneasler, L50, M|\n|poke|p2|Rotom-Wash, L50|\n|poke|p2|Garchomp, L50, M|\n|teampreview|4\n|inactive|Battle timer is ON: inactive players will automatically lose when time's up. (requested by Ayldus)\n|j| D1Grandmaster\n|l| D1Grandmaster\n|inactive|hesolk has 60 seconds left.\n|\n|t:|1776563011\n|teamsize|p1|4\n|teamsize|p2|4\n|start\n|switch|p1a: Aggron|Aggron, L50, F|100/100\n|switch|p1b: Basculegion|Basculegion, L50, M|100/100\n|switch|p2a: Froslass|Froslass, L50, F|100/100\n|switch|p2b: Sneasler|Sneasler, L50, M|100/100\n|turn|1\n|\n|t:|1776563034\n|switch|p2b: Rotom|Rotom-Wash, L50|100/100\n|detailschange|p2a: Froslass|Froslass-Mega, L50, F\n|-mega|p2a: Froslass|Froslass|Froslassite\n|-weather|Snowscape|[from] ability: Snow Warning|[of] p2a: Froslass\n|detailschange|p1a: Aggron|Aggron-Mega, L50, F\n|-mega|p1a: Aggron|Aggron|Aggronite\n|move|p1b: Basculegion|Flip Turn|p2b: Rotom\n|-resisted|p2b: Rotom|1\n|-damage|p2b: Rotom|78/100\n|\n|t:|1776563044\n|switch|p1b: Incineroar|Incineroar, L50, F|100/100|[from] Flip Turn\n|-ability|p1b: Incineroar|Intimidate|boost\n|-unboost|p2a: Froslass|atk|1\n|-unboost|p2b: Rotom|atk|1\n|move|p2a: Froslass|Will-O-Wisp|p1b: Incineroar\n|-immune|p1b: Incineroar\n|move|p1a: Aggron|Iron Defense|p1a: Aggron\n|-boost|p1a: Aggron|def|2\n|\n|-weather|Snowscape|[upkeep]\n|upkeep\n|turn|2\n|\n|t:|1776563062\n|move|p1a: Aggron|Protect|p1a: Aggron\n|-singleturn|p1a: Aggron|Protect\n|move|p2a: Froslass|Will-O-Wisp|p1a: Aggron\n|-activate|p1a: Aggron|move: Protect\n|move|p2b: Rotom|Hydro Pump|p1a: Aggron\n|-activate|p1a: Aggron|move: Protect\n|move|p1b: Incineroar|Flare Blitz|p2a: Froslass\n|-supereffective|p2a: Froslass|1\n|-damage|p2a: Froslass|17/100\n|-status|p2a: Froslass|brn\n|-damage|p1b: Incineroar|77/100|[from] Recoil\n|\n|-weather|Snowscape|[upkeep]\n|-damage|p2a: Froslass|11/100 brn|[from] brn\n|upkeep\n|turn|3\n|inactive|hesolk has 30 seconds left.\n|\n|t:|1776563088\n|switch|p1a: Sinistcha|Sinistcha, L50|100/100\n|-heal|p1b: Incineroar|100/100|[from] ability: Hospitality|[of] p1a: Sinistcha\n|move|p2a: Froslass|Blizzard|p1a: Sinistcha|[spread] p1a,p1b\n|-supereffective|p1a: Sinistcha|1\n|-resisted|p1b: Incineroar|1\n|-damage|p1a: Sinistcha|33/100\n|-damage|p1b: Incineroar|87/100\n|-enditem|p1a: Sinistcha|Sitrus Berry|[eat]\n|-heal|p1a: Sinistcha|58/100|[from] item: Sitrus Berry\n|move|p2b: Rotom|Hydro Pump|p1b: Incineroar|[miss]\n|-miss|p2b: Rotom|p1b: Incineroar\n|move|p1b: Incineroar|Darkest Lariat|p2a: Froslass\n|-supereffective|p2a: Froslass|1\n|-damage|p2a: Froslass|0 fnt\n|faint|p2a: Froslass\n|\n|-weather|Snowscape|[upkeep]\n|upkeep\n|\n|t:|1776563102\n|switch|p2a: Sneasler|Sneasler, L50, M|100/100\n|turn|4\n|\n|t:|1776563129\n|move|p2a: Sneasler|Dire Claw|p1a: Sinistcha\n|-damage|p1a: Sinistcha|20/100\n|move|p2b: Rotom|Volt Switch|p1a: Sinistcha\n|-resisted|p1a: Sinistcha|1\n|-damage|p1a: Sinistcha|4/100\n|\n|t:|1776563135\n|switch|p2b: Kingambit|Kingambit, L50, F|100/100|[from] Volt Switch\n|move|p1a: Sinistcha|Matcha Gotcha|p2b: Kingambit|[spread] p2a,p2b\n|-resisted|p2a: Sneasler|1\n|-resisted|p2b: Kingambit|1\n|-damage|p2a: Sneasler|85/100\n|-heal|p1a: Sinistcha|12/100|[from] drain|[of] p2a: Sneasler\n|-damage|p2b: Kingambit|89/100\n|-heal|p1a: Sinistcha|19/100|[from] drain|[of] p2b: Kingambit\n|move|p1b: Incineroar|Flare Blitz|p2a: Sneasler\n|-damage|p2a: Sneasler|33/100\n|-damage|p1b: Incineroar|72/100|[from] Recoil\n|\n|-weather|Snowscape|[upkeep]\n|upkeep\n|turn|5\n|\n|t:|1776563160\n|switch|p2a: Rotom|Rotom-Wash, L50|78/100\n|switch|p1a: Aggron|Aggron-Mega, L50, F|100/100\n|move|p1b: Incineroar|Flare Blitz|p2b: Kingambit\n|-supereffective|p2b: Kingambit|1\n|-damage|p2b: Kingambit|24/100\n|-damage|p1b: Incineroar|50/100|[from] Recoil\n|move|p2b: Kingambit|Kowtow Cleave|p1a: Aggron\n|-damage|p1a: Aggron|75/100\n|\n|-weather|none\n|upkeep\n|turn|6\n|\n|t:|1776563175\n|switch|p1b: Sinistcha|Sinistcha, L50|19/100\n|-heal|p1a: Aggron|99/100|[from] ability: Hospitality|[of] p1b: Sinistcha\n|switch|p2b: Sneasler|Sneasler, L50, M|33/100\n|move|p2a: Rotom|Hydro Pump|p1b: Sinistcha\n|-resisted|p1b: Sinistcha|1\n|-damage|p1b: Sinistcha|0 fnt\n|faint|p1b: Sinistcha\n|move|p1a: Aggron|Iron Defense|p1a: Aggron\n|-boost|p1a: Aggron|def|2\n|\n|upkeep\n|\n|t:|1776563181\n|switch|p1b: Incineroar|Incineroar, L50, F|50/100\n|-ability|p1b: Incineroar|Intimidate|boost\n|-unboost|p2a: Rotom|atk|1\n|-unboost|p2b: Sneasler|atk|1\n|-enditem|p2b: Sneasler|White Herb\n|-clearnegativeboost|p2b: Sneasler|[silent]\n|turn|7\n|\n|t:|1776563201\n|move|p2b: Sneasler|Fake Out|p1b: Incineroar\n|-crit|p1b: Incineroar\n|-damage|p1b: Incineroar|33/100\n|cant|p1b: Incineroar|flinch\n|move|p2a: Rotom|Hydro Pump|p1b: Incineroar\n|-supereffective|p1b: Incineroar|1\n|-damage|p1b: Incineroar|0 fnt\n|faint|p1b: Incineroar\n|move|p1a: Aggron|Body Press|p2a: Rotom\n|-damage|p2a: Rotom|2/100\n|-enditem|p2a: Rotom|Sitrus Berry|[eat]\n|-heal|p2a: Rotom|27/100|[from] item: Sitrus Berry\n|\n|upkeep\n|\n|t:|1776563204\n|switch|p1b: Basculegion|Basculegion, L50, M|100/100\n|turn|8\n|\n|t:|1776563223\n|move|p2a: Rotom|Protect|p2a: Rotom\n|-singleturn|p2a: Rotom|Protect\n|move|p1a: Aggron|Protect|p1a: Aggron\n|-singleturn|p1a: Aggron|Protect\n|move|p2b: Sneasler|Close Combat|p1a: Aggron\n|-activate|p1a: Aggron|move: Protect\n|move|p1b: Basculegion|Wave Crash|p2a: Rotom\n|-activate|p2a: Rotom|move: Protect\n|\n|upkeep\n|turn|9\n|inactive|hesolk has 30 seconds left.\n|inactive|hesolk has 20 seconds left.\n|inactive|hesolk has 15 seconds left.\n|\n|t:|1776563264\n|move|p2b: Sneasler|Dire Claw|p1b: Basculegion\n|-resisted|p1b: Basculegion|1\n|-damage|p1b: Basculegion|76/100\n|move|p1b: Basculegion|Wave Crash|p2a: Rotom\n|-resisted|p2a: Rotom|1\n|-damage|p2a: Rotom|0 fnt\n|faint|p2a: Rotom\n|-damage|p1b: Basculegion|69/100|[from] Recoil\n|move|p1a: Aggron|Body Press|p2b: Sneasler\n|-resisted|p2b: Sneasler|1\n|-damage|p2b: Sneasler|0 fnt\n|faint|p2b: Sneasler\n|\n|upkeep\n|\n|t:|1776563270\n|switch|p2b: Kingambit|Kingambit, L50, F|24/100\n|turn|10\n|-message|hesolk forfeited.\n|\n|win|Ayldus\n|raw|Ayldus's rating: 1357 &rarr; <strong>1382</strong><br />(+25 for winning)\n|raw|hesolk's rating: 1452 &rarr; <strong>1427</strong><br />(-25 for losing)\n|l|\u2606hesolk\n|player|p2|\n|l|\u2606Ayldus\n|player|p1|\n|j|\u2606Ayldus\n|player|p1|Ayldus|rosa|\n",
  "uploadtime": 1776563287,
  "views": 16,
  "formatid": "gen9championsvgc2026regma",
  "rating": 1382,
  "private": 0,
  "password": null
}