{
  "id": "gen9championsvgc2026regma-2580326535",
  "format": "[Gen 9 Champions] VGC 2026 Reg M-A",
  "players": [
    "nikbutawesome",
    "Taighean"
  ],
  "log": "|j|\u2606nikbutawesome\n|j|\u2606Taighean\n|t:|1775880808\n|gametype|doubles\n|player|p1|nikbutawesome|pokemaniac|1047\n|player|p2|Taighean|nate|1040\n|gen|9\n|tier|[Gen 9 Champions] VGC 2026 Reg M-A\n|rated|\n|rule|Species Clause: Limit one of each Pok\u00e9mon\n|rule|Item Clause: Limit 1 of each item\n|clearpoke\n|poke|p1|Charizard, L50, F|\n|poke|p1|Venusaur, L50, M|\n|poke|p1|Whimsicott, L50, F|\n|poke|p1|Mimikyu, L50, M|\n|poke|p1|Garchomp, L50, F|\n|poke|p1|Greninja-*, L50, M|\n|poke|p2|Orthworm, L50, M|\n|poke|p2|Garchomp, L50, M|\n|poke|p2|Rotom-Frost, L50|\n|poke|p2|Froslass, L50, F|\n|poke|p2|Incineroar, L50, F|\n|poke|p2|Araquanid, L50, M|\n|teampreview|4\n|\n|t:|1775880838\n|teamsize|p1|4\n|teamsize|p2|4\n|start\n|switch|p1a: Greninja|Greninja, L50, M|100/100\n|switch|p1b: Whimsicott|Whimsicott, L50, F|100/100\n|switch|p2a: Orthworm|Orthworm, L50, M|100/100\n|switch|p2b: Garchomp|Garchomp, L50, M|100/100\n|turn|1\n|inactive|Battle timer is ON: inactive players will automatically lose when time's up. (requested by Taighean)\n|\n|t:|1775880866\n|move|p2b: Garchomp|Protect|p2b: Garchomp\n|-singleturn|p2b: Garchomp|Protect\n|move|p1b: Whimsicott|Tailwind|p1b: Whimsicott\n|-sidestart|p1: nikbutawesome|move: Tailwind\n|move|p1a: Greninja|Ice Beam|p2b: Garchomp\n|-start|p1a: Greninja|typechange|Ice|[from] ability: Protean\n|-activate|p2b: Garchomp|move: Protect\n|move|p2a: Orthworm|Shed Tail|p2a: Orthworm\n|-start|p2a: Orthworm|Substitute|[from] move: Shed Tail\n|-damage|p2a: Orthworm|50/100\n|-enditem|p2a: Orthworm|Sitrus Berry|[eat]\n|-heal|p2a: Orthworm|75/100|[from] item: Sitrus Berry\n|\n|t:|1775880880\n|switch|p2a: Froslass|Froslass, L50, F|100/100|[from] Shed Tail\n|\n|upkeep\n|turn|2\n|inactive|nikbutawesome has 30 seconds left.\n|\n|t:|1775880908\n|switch|p1a: Charizard|Charizard, L50, F|100/100\n|switch|p2b: Orthworm|Orthworm, L50, M|75/100\n|move|p1b: Whimsicott|Moonblast|p2b: Orthworm\n|-resisted|p2b: Orthworm|1\n|-damage|p2b: Orthworm|45/100\n|move|p2a: Froslass|Nasty Plot|p2a: Froslass\n|-boost|p2a: Froslass|spa|2\n|\n|upkeep\n|turn|3\n|\n|t:|1775880932\n|move|p2b: Orthworm|Protect|p2b: Orthworm\n|-singleturn|p2b: Orthworm|Protect\n|move|p1b: Whimsicott|Encore|p2a: Froslass\n|-start|p2a: Froslass|Encore\n|move|p1a: Charizard|Heat Wave|p2a: Froslass|[spread] p2a\n|-activate|p2b: Orthworm|move: Protect\n|-supereffective|p2a: Froslass|1\n|-end|p2a: Froslass|Substitute\n|move|p2a: Froslass|Nasty Plot|p2a: Froslass\n|-boost|p2a: Froslass|spa|2\n|\n|upkeep\n|turn|4\n|inactive|Taighean has 30 seconds left.\n|\n|t:|1775880959\n|switch|p2a: Garchomp|Garchomp, L50, M|100/100\n|move|p1b: Whimsicott|Taunt|p2b: Orthworm\n|-start|p2b: Orthworm|move: Taunt\n|move|p1a: Charizard|Heat Wave|p2b: Orthworm|[spread] p2a,p2b\n|-resisted|p2a: Garchomp|1\n|-supereffective|p2b: Orthworm|1\n|-damage|p2a: Garchomp|84/100\n|-damage|p2b: Orthworm|0 fnt\n|faint|p2b: Orthworm\n|\n|-sideend|p1: nikbutawesome|move: Tailwind\n|upkeep\n|inactive|Taighean has 30 seconds left.\n|\n|t:|1775880991\n|switch|p2b: Froslass|Froslass, L50, F|100/100\n|turn|5\n|\n|t:|1775881008\n|detailschange|p2b: Froslass|Froslass-Mega, L50, F\n|-mega|p2b: Froslass|Froslass|Froslassite\n|-weather|Snowscape|[from] ability: Snow Warning|[of] p2b: Froslass\n|detailschange|p1a: Charizard|Charizard-Mega-Y, L50, F\n|-mega|p1a: Charizard|Charizard|Charizardite Y\n|-weather|SunnyDay|[from] ability: Drought|[of] p1a: Charizard\n|move|p1b: Whimsicott|Tailwind|p1b: Whimsicott\n|-sidestart|p1: nikbutawesome|move: Tailwind\n|move|p1a: Charizard|Heat Wave|p2b: Froslass|[spread] p2a,p2b\n|-resisted|p2a: Garchomp|1\n|-supereffective|p2b: Froslass|1\n|-damage|p2a: Garchomp|51/100\n|-damage|p2b: Froslass|0 fnt\n|faint|p2b: Froslass\n|move|p2a: Garchomp|Rock Slide|p1b: Whimsicott|[spread] p1a,p1b\n|-supereffective|p1a: Charizard|2\n|-damage|p1a: Charizard|0 fnt\n|-damage|p1b: Whimsicott|71/100\n|faint|p1a: Charizard\n|\n|-weather|SunnyDay|[upkeep]\n|upkeep\n|\n|t:|1775881028\n|switch|p2b: Rotom|Rotom-Frost, L50|100/100\n|switch|p1a: Greninja|Greninja, L50, M|100/100\n|turn|6\n|inactive|nikbutawesome has 30 seconds left.\n|\n|t:|1775881059\n|move|p2a: Garchomp|Protect|p2a: Garchomp\n|-singleturn|p2a: Garchomp|Protect\n|move|p2b: Rotom|Protect|p2b: Rotom\n|-singleturn|p2b: Rotom|Protect\n|move|p1a: Greninja|Dark Pulse|p2a: Garchomp\n|-start|p1a: Greninja|typechange|Dark|[from] ability: Protean\n|-activate|p2a: Garchomp|move: Protect\n|move|p1b: Whimsicott|Moonblast|p2a: Garchomp\n|-activate|p2a: Garchomp|move: Protect\n|\n|-weather|SunnyDay|[upkeep]\n|upkeep\n|turn|7\n|\n|t:|1775881080\n|move|p1b: Whimsicott|Encore|p2b: Rotom\n|-start|p2b: Rotom|Encore\n|move|p2b: Rotom|Protect||[still]\n|-fail|p2b: Rotom\n|move|p1a: Greninja|Dark Pulse|p2a: Garchomp\n|-damage|p2a: Garchomp|10/100\n|move|p2a: Garchomp|Rock Slide|p1a: Greninja|[spread] p1a,p1b\n|-damage|p1a: Greninja|67/100\n|-damage|p1b: Whimsicott|44/100\n|\n|-weather|SunnyDay|[upkeep]\n|upkeep\n|turn|8\n|\n|t:|1775881094\n|switch|p1b: Mimikyu|Mimikyu, L50, M|100/100\n|move|p2b: Rotom|Protect|p2b: Rotom\n|-singleturn|p2b: Rotom|Protect\n|move|p1a: Greninja|Dark Pulse|p2a: Garchomp\n|-damage|p2a: Garchomp|0 fnt\n|faint|p2a: Garchomp\n|\n|-weather|SunnyDay|[upkeep]\n|-sideend|p1: nikbutawesome|move: Tailwind\n|upkeep\n|turn|9\n|\n|t:|1775881103\n|move|p2b: Rotom|Protect||[still]\n|-fail|p2b: Rotom\n|move|p1a: Greninja|Dark Pulse|p2b: Rotom\n|-damage|p2b: Rotom|55/100\n|move|p1b: Mimikyu|Drain Punch|p2b: Rotom\n|-supereffective|p2b: Rotom|1\n|-damage|p2b: Rotom|7/100\n|\n|-weather|none\n|-end|p2b: Rotom|Encore\n|upkeep\n|turn|10\n|\n|t:|1775881111\n|move|p1a: Greninja|Dark Pulse|p2b: Rotom\n|-damage|p2b: Rotom|0 fnt\n|faint|p2b: Rotom\n|\n|win|nikbutawesome\n|raw|nikbutawesome's rating: 1047 &rarr; <strong>1079</strong><br />(+32 for winning)\n|raw|Taighean's rating: 1040 &rarr; <strong>1024</strong><br />(-16 for losing)\n|l|\u2606Taighean\n|player|p2|\n",
  "uploadtime": 1775881124,
  "views": 14,
  "formatid": "gen9championsvgc2026regma",
  "rating": 1024,
  "private": 0,
  "password": null
}