{
  "id": "gen9championsvgc2026regma-2587553839",
  "format": "[Gen 9 Champions] VGC 2026 Reg M-A",
  "players": [
    "pevere1l",
    "evilest twink"
  ],
  "log": "|j|\u2606pevere1l\n|j|\u2606evilest twink\n|t:|1776541773\n|gametype|doubles\n|player|p1|pevere1l|steven|1460\n|player|p2|evilest twink|jacinthe|1660\n|gen|9\n|tier|[Gen 9 Champions] VGC 2026 Reg M-A\n|rated|\n|rule|Species Clause: Limit one of each Pok\u00e9mon\n|rule|Item Clause: Limit 1 of each item\n|clearpoke\n|poke|p1|Farigiraf, L50, F|\n|poke|p1|Excadrill, L50, M|\n|poke|p1|Aerodactyl, L50, M|\n|poke|p1|Floette-Eternal, L50, F|\n|poke|p1|Maushold, L50|\n|poke|p1|Gyarados, L50, M|\n|poke|p2|Pelipper, L50, M|\n|poke|p2|Basculegion, L50, M|\n|poke|p2|Scovillain, L50, M|\n|poke|p2|Kingambit, L50, M|\n|poke|p2|Sneasler, L50, M|\n|poke|p2|Archaludon, L50, M|\n|teampreview|4\n|inactive|Battle timer is ON: inactive players will automatically lose when time's up. (requested by pevere1l)\n|j| Garderoar\n|inactive|evilest twink has 60 seconds left.\n|\n|t:|1776541823\n|teamsize|p1|4\n|teamsize|p2|4\n|start\n|switch|p1a: Aerodactyl|Aerodactyl, L50, M|100/100\n|switch|p1b: Floette|Floette-Eternal, L50, F|100/100\n|switch|p2a: Archaludon|Archaludon, L50, M|100/100\n|switch|p2b: Pelipper|Pelipper, L50, M|100/100\n|-ability|p1a: Aerodactyl|Unnerve\n|-weather|RainDance|[from] ability: Drizzle|[of] p2b: Pelipper\n|turn|1\n|\n|t:|1776541841\n|switch|p1b: Excadrill|Excadrill, L50, M|100/100\n|-ability|p1b: Excadrill|Mold Breaker\n|move|p2b: Pelipper|Wide Guard|p2b: Pelipper\n|-singleturn|p2b: Pelipper|Wide Guard\n|move|p1a: Aerodactyl|Rock Slide|p2a: Archaludon|[spread] \n|-activate|p2a: Archaludon|move: Wide Guard\n|-activate|p2b: Pelipper|move: Wide Guard\n|move|p2a: Archaludon|Electro Shot||[still]\n|-prepare|p2a: Archaludon|Electro Shot\n|-boost|p2a: Archaludon|spa|1\n|-anim|p2a: Archaludon|Electro Shot|p1a: Aerodactyl\n|-supereffective|p1a: Aerodactyl|1\n|-enditem|p1a: Aerodactyl|Focus Sash\n|-damage|p1a: Aerodactyl|1/100\n|\n|-weather|RainDance|[upkeep]\n|upkeep\n|turn|2\n|inactive|evilest twink has 30 seconds left.\n|\n|t:|1776541871\n|move|p2a: Archaludon|Protect|p2a: Archaludon\n|-singleturn|p2a: Archaludon|Protect\n|move|p1b: Excadrill|High Horsepower|p2a: Archaludon\n|-activate|p2a: Archaludon|move: Protect\n|move|p1a: Aerodactyl|Tailwind|p1a: Aerodactyl\n|-sidestart|p1: pevere1l|move: Tailwind\n|move|p2b: Pelipper|Weather Ball|p1b: Excadrill\n|-supereffective|p1b: Excadrill|1\n|-damage|p1b: Excadrill|0 fnt\n|faint|p1b: Excadrill\n|\n|-weather|RainDance|[upkeep]\n|upkeep\n|\n|t:|1776541876\n|switch|p1b: Floette|Floette-Eternal, L50, F|100/100\n|turn|3\n|\n|t:|1776541886\n|detailschange|p1b: Floette|Floette-Mega, L50, F\n|-mega|p1b: Floette|Floette|Floettite\n|-ability|p1b: Floette|Fairy Aura\n|move|p1a: Aerodactyl|Wide Guard|p1a: Aerodactyl\n|-singleturn|p1a: Aerodactyl|Wide Guard\n|move|p2b: Pelipper|Wide Guard|p2b: Pelipper\n|-singleturn|p2b: Pelipper|Wide Guard\n|move|p1b: Floette|Calm Mind|p1b: Floette\n|-boost|p1b: Floette|spa|1\n|-boost|p1b: Floette|spd|1\n|move|p2a: Archaludon|Flash Cannon|p1b: Floette\n|-supereffective|p1b: Floette|1\n|-damage|p1b: Floette|41/100\n|\n|-weather|RainDance|[upkeep]\n|upkeep\n|turn|4\n|\n|t:|1776541904\n|move|p2a: Archaludon|Protect|p2a: Archaludon\n|-singleturn|p2a: Archaludon|Protect\n|move|p1a: Aerodactyl|Rock Slide|p2a: Archaludon|[spread] p2b\n|-activate|p2a: Archaludon|move: Protect\n|-supereffective|p2b: Pelipper|1\n|-damage|p2b: Pelipper|37/100\n|move|p1b: Floette|Moonblast|p2a: Archaludon\n|-activate|p2a: Archaludon|move: Protect\n|cant|p2b: Pelipper|flinch\n|\n|-weather|RainDance|[upkeep]\n|upkeep\n|turn|5\n|\n|t:|1776541915\n|move|p2b: Pelipper|Wide Guard|p2b: Pelipper\n|-singleturn|p2b: Pelipper|Wide Guard\n|move|p1a: Aerodactyl|Rock Slide|p2a: Archaludon|[spread] \n|-activate|p2a: Archaludon|move: Wide Guard\n|-activate|p2b: Pelipper|move: Wide Guard\n|move|p1b: Floette|Moonblast|p2a: Archaludon\n|-ability|p2a: Archaludon|Sturdy\n|-damage|p2a: Archaludon|1/100\n|move|p2a: Archaludon|Flash Cannon|p1b: Floette\n|-supereffective|p1b: Floette|1\n|-crit|p1b: Floette\n|-damage|p1b: Floette|0 fnt\n|faint|p1b: Floette\n|\n|-weather|none\n|-sideend|p1: pevere1l|move: Tailwind\n|upkeep\n|l|\u2606pevere1l\n|inactive|pevere1l disconnected and has a minute to reconnect!\n|player|p1|\n|j|\u2606pevere1l\n|inactive|pevere1l reconnected and has 45 seconds left.\n|player|p1|pevere1l|steven|\n|\n|t:|1776541937\n|switch|p1b: Farigiraf|Farigiraf, L50, F|100/100\n|turn|6\n|\n|t:|1776541947\n|move|p2b: Pelipper|Wide Guard|p2b: Pelipper\n|-singleturn|p2b: Pelipper|Wide Guard\n|move|p1a: Aerodactyl|Rock Slide|p2a: Archaludon|[spread] \n|-activate|p2a: Archaludon|move: Wide Guard\n|-activate|p2b: Pelipper|move: Wide Guard\n|move|p2a: Archaludon|Draco Meteor|p1b: Farigiraf\n|-damage|p1b: Farigiraf|17/100\n|-unboost|p2a: Archaludon|spa|2\n|-enditem|p1b: Farigiraf|Sitrus Berry|[eat]\n|-heal|p1b: Farigiraf|41/100|[from] item: Sitrus Berry\n|move|p1b: Farigiraf|Twin Beam|p2b: Pelipper\n|-damage|p2b: Pelipper|15/100\n|-damage|p2b: Pelipper|0 fnt\n|faint|p2b: Pelipper\n|-hitcount|p2: Pelipper|2\n|\n|upkeep\n|\n|t:|1776541960\n|switch|p2b: Scovillain|Scovillain, L50, M|100/100\n|turn|7\n|\n|t:|1776541976\n|detailschange|p2b: Scovillain|Scovillain-Mega, L50, M\n|-mega|p2b: Scovillain|Scovillain|Scovillainite\n|move|p1a: Aerodactyl|Dual Wingbeat|p2b: Scovillain|[miss]\n|-miss|p1a: Aerodactyl|p2b: Scovillain\n|move|p2a: Archaludon|Flash Cannon|p1b: Farigiraf\n|-damage|p1b: Farigiraf|16/100\n|-unboost|p1b: Farigiraf|spd|1\n|move|p2b: Scovillain|Energy Ball|p1b: Farigiraf\n|-damage|p1b: Farigiraf|0 fnt\n|faint|p1b: Farigiraf\n|\n|upkeep\n|turn|8\n|-message|pevere1l forfeited.\n|\n|win|evilest twink\n|raw|pevere1l's rating: 1460 &rarr; <strong>1450</strong><br />(-10 for losing)\n|raw|evilest twink's rating: 1660 &rarr; <strong>1670</strong><br />(+10 for winning)\n|l|\u2606pevere1l\n|player|p1|\n",
  "uploadtime": 1776541992,
  "views": 29,
  "formatid": "gen9championsvgc2026regma",
  "rating": 1450,
  "private": 0,
  "password": null
}