{
  "id": "gen9championsvgc2026regma-2587844159",
  "format": "[Gen 9 Champions] VGC 2026 Reg M-A",
  "players": [
    "freshveggies2",
    "Scyche"
  ],
  "log": "|j|\u2606freshveggies2\n|j|\u2606Scyche\n|html|<table width=\"100%\"><tr><td align=\"left\">freshveggies2</td><td align=\"right\">Scyche</tr><tr><td align=\"left\"><i class=\"fa fa-circle\"></i> <i class=\"fa fa-circle-o\"></i> </td><td align=\"right\"><i class=\"fa fa-circle-o\"></i> <i class=\"fa fa-circle-o\"></i> </tr></table>\n|uhtml|bestof|<h2><strong>Game 2</strong> of <a href=\"/game-bestof3-gen9championsvgc2026regma-2587840978\">a best-of-3</a></h2>\n|t:|1776569842\n|gametype|doubles\n|player|p1|freshveggies2|102|\n|player|p2|Scyche|morty|\n|gen|9\n|tier|[Gen 9 Champions] VGC 2026 Reg M-A\n|rule|Species Clause: Limit one of each Pok\u00e9mon\n|rule|Item Clause: Limit 1 of each item\n|raw|<div class=\"infobox\"><details class=\"readmore\" open><summary><strong>1 custom rule:</strong></summary> Best of = 3</details></div>\n|clearpoke\n|poke|p1|Aerodactyl, L50, F|\n|poke|p1|Charizard, L50, M|\n|poke|p1|Farigiraf, L50, M|\n|poke|p1|Basculegion-F, L50, F|\n|poke|p1|Tinkaton, L50, F|\n|poke|p1|Garchomp, L50, F|\n|poke|p2|Floette-Eternal, L50, F|\n|poke|p2|Vivillon, L50, F, shiny|\n|poke|p2|Dragapult, L50, M, shiny|\n|poke|p2|Slowking-Galar, L50, M, shiny|\n|poke|p2|Delphox, L50, M, shiny|\n|poke|p2|Garganacl, L50, F, shiny|\n|teampreview|4\n|c|\u2606Scyche|gr\n|\n|t:|1776569883\n|teamsize|p1|4\n|teamsize|p2|4\n|start\n|switch|p1a: Aerodactyl|Aerodactyl, L50, F|100/100\n|switch|p1b: Tinkaton|Tinkaton, L50, F|100/100\n|switch|p2a: Dragapult|Dragapult, L50, M, shiny|100/100\n|switch|p2b: Delphox|Delphox, L50, M, shiny|100/100\n|turn|1\n|\n|t:|1776569894\n|move|p1b: Tinkaton|Fake Out|p2b: Delphox\n|-damage|p2b: Delphox|84/100\n|move|p2a: Dragapult|Thunder|p1a: Aerodactyl|[miss]\n|-miss|p2a: Dragapult|p1a: Aerodactyl\n|move|p1a: Aerodactyl|Tailwind|p1a: Aerodactyl\n|-sidestart|p1: freshveggies2|move: Tailwind\n|cant|p2b: Delphox|flinch\n|\n|upkeep\n|turn|2\n|\n|t:|1776569921\n|switch|p1b: Garchomp|Garchomp, L50, F|100/100\n|move|p1a: Aerodactyl|Rock Slide|p2b: Delphox|[spread] p2a,p2b\n|-supereffective|p2b: Delphox|1\n|-damage|p2a: Dragapult|69/100\n|-damage|p2b: Delphox|12/100\n|move|p2a: Dragapult|Thunder|p1a: Aerodactyl\n|-supereffective|p1a: Aerodactyl|1\n|-enditem|p1a: Aerodactyl|Focus Sash\n|-damage|p1a: Aerodactyl|1/100\n|move|p2b: Delphox|Heat Wave|p1a: Aerodactyl|[spread] p1a,p1b\n|-resisted|p1a: Aerodactyl|1\n|-resisted|p1b: Garchomp|1\n|-damage|p1a: Aerodactyl|0 fnt\n|-damage|p1b: Garchomp|65/100\n|faint|p1a: Aerodactyl\n|\n|upkeep\n|\n|t:|1776569933\n|switch|p1a: Charizard|Charizard, L50, M|100/100\n|turn|3\n|\n|t:|1776569945\n|detailschange|p1a: Charizard|Charizard-Mega-Y, L50, M\n|-mega|p1a: Charizard|Charizard|Charizardite Y\n|-weather|SunnyDay|[from] ability: Drought|[of] p1a: Charizard\n|move|p1b: Garchomp|Earthquake|p2b: Delphox|[spread] p2a,p2b\n|-immune|p1a: Charizard\n|-supereffective|p2b: Delphox|1\n|-damage|p2a: Dragapult|13/100\n|-damage|p2b: Delphox|0 fnt\n|faint|p2b: Delphox\n|move|p1a: Charizard|Weather Ball|p2a: Dragapult\n|-resisted|p2a: Dragapult|1\n|-damage|p2a: Dragapult|0 fnt\n|faint|p2a: Dragapult\n|\n|-weather|SunnyDay|[upkeep]\n|upkeep\n|\n|t:|1776569957\n|switch|p2a: Vivillon|Vivillon, L50, F, shiny|100/100\n|switch|p2b: Floette|Floette-Eternal, L50, F|100/100\n|turn|4\n|\n|t:|1776569991\n|detailschange|p2b: Floette|Floette-Mega, L50, F\n|-mega|p2b: Floette|Floette|Floettite\n|-ability|p2b: Floette|Fairy Aura\n|move|p2b: Floette|Protect|p2b: Floette\n|-singleturn|p2b: Floette|Protect\n|move|p2a: Vivillon|Protect|p2a: Vivillon\n|-singleturn|p2a: Vivillon|Protect\n|move|p1b: Garchomp|Dragon Claw|p2a: Vivillon\n|-activate|p2a: Vivillon|move: Protect\n|move|p1a: Charizard|Heat Wave|p2b: Floette|[spread] \n|-activate|p2a: Vivillon|move: Protect\n|-activate|p2b: Floette|move: Protect\n|\n|-weather|SunnyDay|[upkeep]\n|-sideend|p1: freshveggies2|move: Tailwind\n|upkeep\n|turn|5\n|\n|t:|1776570002\n|move|p2b: Floette|Calm Mind|p2b: Floette\n|-boost|p2b: Floette|spa|1\n|-boost|p2b: Floette|spd|1\n|move|p2a: Vivillon|Tailwind|p2a: Vivillon\n|-sidestart|p2: Scyche|move: Tailwind\n|move|p1b: Garchomp|Rock Slide|p2a: Vivillon|[spread] p2a,p2b\n|-supereffective|p2a: Vivillon|2\n|-enditem|p2a: Vivillon|Focus Sash\n|-damage|p2a: Vivillon|1/100\n|-damage|p2b: Floette|80/100\n|move|p1a: Charizard|Heat Wave|p2a: Vivillon|[spread] p2a,p2b\n|-supereffective|p2a: Vivillon|1\n|-damage|p2a: Vivillon|0 fnt\n|-damage|p2b: Floette|51/100\n|faint|p2a: Vivillon\n|\n|-weather|SunnyDay|[upkeep]\n|upkeep\n|turn|6\n|\n|t:|1776570017\n|move|p1b: Garchomp|Protect|p1b: Garchomp\n|-singleturn|p1b: Garchomp|Protect\n|move|p2b: Floette|Dazzling Gleam|p1a: Charizard|[spread] p1a\n|-activate|p1b: Garchomp|move: Protect\n|-resisted|p1a: Charizard|1\n|-damage|p1a: Charizard|72/100\n|move|p1a: Charizard|Weather Ball|p2b: Floette\n|-damage|p2b: Floette|0 fnt\n|faint|p2b: Floette\n|\n|win|freshveggies2\n|c|\u2606freshveggies2|gg\n|c|\u2606Scyche|gg\n",
  "uploadtime": 1776570040,
  "views": 24,
  "formatid": "gen9championsvgc2026regma",
  "rating": null,
  "private": 0,
  "password": null
}