{
  "id": "gen9championsvgc2026regma-2581187742",
  "format": "[Gen 9 Champions] VGC 2026 Reg M-A",
  "players": [
    "FukZamazenta917813",
    "unicornia2174"
  ],
  "log": "|j|\u2606FukZamazenta917813\n|j|\u2606unicornia2174\n|t:|1775968630\n|gametype|doubles\n|player|p1|FukZamazenta917813|lucas|1143\n|player|p2|unicornia2174|1|1072\n|gen|9\n|tier|[Gen 9 Champions] VGC 2026 Reg M-A\n|rated|\n|rule|Species Clause: Limit one of each Pok\u00e9mon\n|rule|Item Clause: Limit 1 of each item\n|clearpoke\n|poke|p1|Floette-Eternal, L50, F|\n|poke|p1|Incineroar, L50, F|\n|poke|p1|Charizard, L50, F|\n|poke|p1|Garchomp, L50, M|\n|poke|p1|Venusaur, L50, M|\n|poke|p1|Aerodactyl, L50, F|\n|poke|p2|Gallade, L50, M|\n|poke|p2|Aegislash, L50, F|\n|poke|p2|Gliscor, L50, F|\n|poke|p2|Tyranitar, L50, F|\n|poke|p2|Kingambit, L50, M|\n|poke|p2|Conkeldurr, L50, F|\n|teampreview|4\n|inactive|Battle timer is ON: inactive players will automatically lose when time's up. (requested by FukZamazenta917813)\n|\n|t:|1775968659\n|teamsize|p1|4\n|teamsize|p2|4\n|start\n|switch|p1a: \u795e\u7684\u4f1f\u5927\u65e0\u9700\u591a\u8a00|Incineroar, L50, F|100/100\n|switch|p1b: \u60f3\u51ff\u82b1\u53f6\u8482|Floette-Eternal, L50, F|100/100\n|switch|p2a: Gliscor|Gliscor, L50, F|100/100\n|switch|p2b: Aegislash|Aegislash, L50, F|100/100\n|-ability|p1a: \u795e\u7684\u4f1f\u5927\u65e0\u9700\u591a\u8a00|Intimidate|boost\n|-fail|p2a: Gliscor|unboost|Attack|[from] ability: Hyper Cutter|[of] p2a: Gliscor\n|-unboost|p2b: Aegislash|atk|1\n|turn|1\n|inactive|unicornia2174 has 30 seconds left.\n|\n|t:|1775968686\n|switch|p1b: \u5316\u77f3\u7ffc\u9f99\u8001\u77e3\uff0c\u5c1a\u80fd\u996d\u5426?|Aerodactyl, L50, F|100/100\n|-ability|p1b: \u5316\u77f3\u7ffc\u9f99\u8001\u77e3\uff0c\u5c1a\u80fd\u996d\u5426?|Unnerve\n|move|p2a: Gliscor|Rock Slide|p1b: \u5316\u77f3\u7ffc\u9f99\u8001\u77e3\uff0c\u5c1a\u80fd\u996d\u5426?|[spread] p1b\n|-miss|p2a: Gliscor|p1a: \u795e\u7684\u4f1f\u5927\u65e0\u9700\u591a\u8a00\n|-supereffective|p1b: \u5316\u77f3\u7ffc\u9f99\u8001\u77e3\uff0c\u5c1a\u80fd\u996d\u5426?|1\n|-enditem|p1b: \u5316\u77f3\u7ffc\u9f99\u8001\u77e3\uff0c\u5c1a\u80fd\u996d\u5426?|Charti Berry|[eat]\n|-enditem|p1b: \u5316\u77f3\u7ffc\u9f99\u8001\u77e3\uff0c\u5c1a\u80fd\u996d\u5426?|Charti Berry|[weaken]\n|-damage|p1b: \u5316\u77f3\u7ffc\u9f99\u8001\u77e3\uff0c\u5c1a\u80fd\u996d\u5426?|74/100\n|move|p1a: \u795e\u7684\u4f1f\u5927\u65e0\u9700\u591a\u8a00|Parting Shot|p2a: Gliscor\n|-fail|p2a: Gliscor|unboost|Attack|[from] ability: Hyper Cutter|[of] p2a: Gliscor\n|-unboost|p2a: Gliscor|spa|1\n|\n|t:|1775968697\n|switch|p1a: \u53f2\u5bc6\u65af\u5462?\ud83c\udfc6\ud83c\udfc6\ud83c\udfc6|Garchomp, L50, M|100/100|[from] Parting Shot\n|-formechange|p2b: Aegislash|Aegislash-Blade|\n|move|p2b: Aegislash|Iron Head|p1b: \u5316\u77f3\u7ffc\u9f99\u8001\u77e3\uff0c\u5c1a\u80fd\u996d\u5426?\n|-supereffective|p1b: \u5316\u77f3\u7ffc\u9f99\u8001\u77e3\uff0c\u5c1a\u80fd\u996d\u5426?|1\n|-damage|p1b: \u5316\u77f3\u7ffc\u9f99\u8001\u77e3\uff0c\u5c1a\u80fd\u996d\u5426?|0 fnt\n|faint|p1b: \u5316\u77f3\u7ffc\u9f99\u8001\u77e3\uff0c\u5c1a\u80fd\u996d\u5426?\n|\n|upkeep\n|\n|t:|1775968703\n|switch|p1b: \u60f3\u51ff\u82b1\u53f6\u8482|Floette-Eternal, L50, F|100/100\n|turn|2\n|\n|t:|1775968728\n|detailschange|p1b: \u60f3\u51ff\u82b1\u53f6\u8482|Floette-Mega, L50, F\n|-mega|p1b: \u60f3\u51ff\u82b1\u53f6\u8482|Floette|Floettite\n|-ability|p1b: \u60f3\u51ff\u82b1\u53f6\u8482|Fairy Aura\n|-formechange|p2b: Aegislash|Aegislash|\n|move|p2b: Aegislash|King's Shield|p2b: Aegislash\n|-singleturn|p2b: Aegislash|Protect\n|move|p2a: Gliscor|Rock Slide|p1a: \u53f2\u5bc6\u65af\u5462?\ud83c\udfc6\ud83c\udfc6\ud83c\udfc6|[spread] p1a,p1b\n|-resisted|p1a: \u53f2\u5bc6\u65af\u5462?\ud83c\udfc6\ud83c\udfc6\ud83c\udfc6|1\n|-damage|p1a: \u53f2\u5bc6\u65af\u5462?\ud83c\udfc6\ud83c\udfc6\ud83c\udfc6|92/100\n|-damage|p1b: \u60f3\u51ff\u82b1\u53f6\u8482|79/100\n|move|p1a: \u53f2\u5bc6\u65af\u5462?\ud83c\udfc6\ud83c\udfc6\ud83c\udfc6|Dragon Claw|p2a: Gliscor\n|-damage|p2a: Gliscor|56/100\n|move|p1b: \u60f3\u51ff\u82b1\u53f6\u8482|Dazzling Gleam|p2b: Aegislash|[spread] p2a\n|-activate|p2b: Aegislash|move: Protect\n|-damage|p2a: Gliscor|0 fnt\n|faint|p2a: Gliscor\n|\n|upkeep\n|\n|t:|1775968747\n|switch|p2a: Kingambit|Kingambit, L50, M|100/100\n|turn|3\n|\n|t:|1775968754\n|switch|p1b: \u795e\u7684\u4f1f\u5927\u65e0\u9700\u591a\u8a00|Incineroar, L50, F|100/100\n|-ability|p1b: \u795e\u7684\u4f1f\u5927\u65e0\u9700\u591a\u8a00|Intimidate|boost\n|-unboost|p2a: Kingambit|atk|1\n|-ability|p2a: Kingambit|Defiant|boost\n|-boost|p2a: Kingambit|atk|2\n|-unboost|p2b: Aegislash|atk|1\n|move|p2b: Aegislash|Wide Guard|p2b: Aegislash\n|-singleturn|p2b: Aegislash|Wide Guard\n|move|p1a: \u53f2\u5bc6\u65af\u5462?\ud83c\udfc6\ud83c\udfc6\ud83c\udfc6|Earthquake|p2b: Aegislash|[spread] p1b\n|-activate|p2a: Kingambit|move: Wide Guard\n|-activate|p2b: Aegislash|move: Wide Guard\n|-supereffective|p1b: \u795e\u7684\u4f1f\u5927\u65e0\u9700\u591a\u8a00|1\n|-damage|p1b: \u795e\u7684\u4f1f\u5927\u65e0\u9700\u591a\u8a00|29/100\n|move|p2a: Kingambit|Iron Head|p1b: \u795e\u7684\u4f1f\u5927\u65e0\u9700\u591a\u8a00\n|-resisted|p1b: \u795e\u7684\u4f1f\u5927\u65e0\u9700\u591a\u8a00|1\n|-damage|p1b: \u795e\u7684\u4f1f\u5927\u65e0\u9700\u591a\u8a00|0 fnt\n|faint|p1b: \u795e\u7684\u4f1f\u5927\u65e0\u9700\u591a\u8a00\n|\n|upkeep\n|\n|t:|1775968765\n|switch|p1b: \u60f3\u51ff\u82b1\u53f6\u8482|Floette-Mega, L50, F|79/100\n|-ability|p1b: \u60f3\u51ff\u82b1\u53f6\u8482|Fairy Aura\n|turn|4\n|\n|t:|1775968782\n|move|p2b: Aegislash|Wide Guard|p2b: Aegislash\n|-singleturn|p2b: Aegislash|Wide Guard\n|move|p1a: \u53f2\u5bc6\u65af\u5462?\ud83c\udfc6\ud83c\udfc6\ud83c\udfc6|Stomping Tantrum|p2b: Aegislash\n|-supereffective|p2b: Aegislash|1\n|-damage|p2b: Aegislash|42/100\n|move|p1b: \u60f3\u51ff\u82b1\u53f6\u8482|Light of Ruin|p2a: Kingambit\n|-damage|p2a: Kingambit|0 fnt\n|faint|p2a: Kingambit\n|-damage|p1b: \u60f3\u51ff\u82b1\u53f6\u8482|10/100|[from] Recoil\n|\n|-heal|p2b: Aegislash|48/100|[from] item: Leftovers\n|upkeep\n|\n|t:|1775968795\n|switch|p2a: Gallade|Gallade, L50, M|100/100\n|turn|5\n|inactive|unicornia2174 has 30 seconds left.\n|\n|t:|1775968825\n|detailschange|p2a: Gallade|Gallade-Mega, L50, M\n|-mega|p2a: Gallade|Gallade|Galladite\n|move|p2a: Gallade|Protect|p2a: Gallade\n|-singleturn|p2a: Gallade|Protect\n|move|p1a: \u53f2\u5bc6\u65af\u5462?\ud83c\udfc6\ud83c\udfc6\ud83c\udfc6|Dragon Claw|p2a: Gallade\n|-activate|p2a: Gallade|move: Protect\n|move|p1b: \u60f3\u51ff\u82b1\u53f6\u8482|Moonblast|p2a: Gallade\n|-activate|p2a: Gallade|move: Protect\n|-formechange|p2b: Aegislash|Aegislash-Blade|\n|move|p2b: Aegislash|Iron Head|p1b: \u60f3\u51ff\u82b1\u53f6\u8482\n|-supereffective|p1b: \u60f3\u51ff\u82b1\u53f6\u8482|1\n|-damage|p1b: \u60f3\u51ff\u82b1\u53f6\u8482|0 fnt\n|faint|p1b: \u60f3\u51ff\u82b1\u53f6\u8482\n|\n|-heal|p2b: Aegislash|54/100|[from] item: Leftovers\n|upkeep\n|turn|6\n|\n|t:|1775968844\n|move|p2a: Gallade|Psycho Cut|p1a: \u53f2\u5bc6\u65af\u5462?\ud83c\udfc6\ud83c\udfc6\ud83c\udfc6\n|-damage|p1a: \u53f2\u5bc6\u65af\u5462?\ud83c\udfc6\ud83c\udfc6\ud83c\udfc6|46/100\n|-enditem|p1a: \u53f2\u5bc6\u65af\u5462?\ud83c\udfc6\ud83c\udfc6\ud83c\udfc6|Sitrus Berry|[eat]\n|-heal|p1a: \u53f2\u5bc6\u65af\u5462?\ud83c\udfc6\ud83c\udfc6\ud83c\udfc6|71/100|[from] item: Sitrus Berry\n|move|p1a: \u53f2\u5bc6\u65af\u5462?\ud83c\udfc6\ud83c\udfc6\ud83c\udfc6|Dragon Claw|p2a: Gallade\n|-damage|p2a: Gallade|45/100\n|move|p2b: Aegislash|Poltergeist||[still]\n|-fail|p2b: Aegislash\n|\n|-heal|p2b: Aegislash|60/100|[from] item: Leftovers\n|upkeep\n|turn|7\n|\n|t:|1775968869\n|move|p2a: Gallade|Protect|p2a: Gallade\n|-singleturn|p2a: Gallade|Protect\n|move|p1a: \u53f2\u5bc6\u65af\u5462?\ud83c\udfc6\ud83c\udfc6\ud83c\udfc6|Earthquake|p2a: Gallade|[spread] p2b\n|-activate|p2a: Gallade|move: Protect\n|-supereffective|p2b: Aegislash|1\n|-damage|p2b: Aegislash|0 fnt\n|faint|p2b: Aegislash\n|\n|upkeep\n|turn|8\n|\n|t:|1775968879\n|move|p2a: Gallade|Psycho Cut|p1a: \u53f2\u5bc6\u65af\u5462?\ud83c\udfc6\ud83c\udfc6\ud83c\udfc6\n|-damage|p1a: \u53f2\u5bc6\u65af\u5462?\ud83c\udfc6\ud83c\udfc6\ud83c\udfc6|27/100\n|move|p1a: \u53f2\u5bc6\u65af\u5462?\ud83c\udfc6\ud83c\udfc6\ud83c\udfc6|Dragon Claw|p2a: Gallade\n|-damage|p2a: Gallade|0 fnt\n|faint|p2a: Gallade\n|\n|win|FukZamazenta917813\n|raw|FukZamazenta917813's rating: 1143 &rarr; <strong>1163</strong><br />(+20 for winning)\n|raw|unicornia2174's rating: 1072 &rarr; <strong>1055</strong><br />(-17 for losing)\n",
  "uploadtime": 1775968881,
  "views": 15,
  "formatid": "gen9championsvgc2026regma",
  "rating": 1055,
  "private": 0,
  "password": null
}