{
  "id": "gen9championsvgc2026regma-2588321406",
  "format": "[Gen 9 Champions] VGC 2026 Reg M-A",
  "players": [
    "omegaruby35",
    "Hitmonjon"
  ],
  "log": "|j|\u2606omegaruby35\n|j|\u2606Hitmonjon\n|html|<table width=\"100%\"><tr><td align=\"left\">omegaruby35</td><td align=\"right\">Hitmonjon</tr><tr><td align=\"left\"><i class=\"fa fa-circle\"></i> <i class=\"fa fa-circle-o\"></i> </td><td align=\"right\"><i class=\"fa fa-circle-o\"></i> <i class=\"fa fa-circle-o\"></i> </tr></table>\n|uhtml|bestof|<h2><strong>Game 2</strong> of <a href=\"/game-bestof3-gen9championsvgc2026regma-2588317126\">a best-of-3</a></h2>\n|t:|1776623925\n|gametype|doubles\n|player|p1|omegaruby35|ltsurge|\n|player|p2|Hitmonjon|170|\n|gen|9\n|tier|[Gen 9 Champions] VGC 2026 Reg M-A\n|rated|Tournament battle\n|rule|Species Clause: Limit one of each Pok\u00e9mon\n|rule|Item Clause: Limit 1 of each item\n|raw|<div class=\"infobox\"><details class=\"readmore\" open><summary><strong>1 custom rule:</strong></summary> Best of = 3</details></div>\n|clearpoke\n|poke|p1|Garchomp, L50, F, shiny|\n|poke|p1|Tyranitar, L50, F|\n|poke|p1|Rotom-Heat, L50|\n|poke|p1|Skarmory, L50, F, shiny|\n|poke|p1|Reuniclus, L50, F|\n|poke|p1|Milotic, L50, F, shiny|\n|poke|p2|Scovillain, L50, F|\n|poke|p2|Palafin, L50, F|\n|poke|p2|Rotom-Heat, L50|\n|poke|p2|Garchomp, L50, F|\n|poke|p2|Gardevoir, L50, F|\n|poke|p2|Kingambit, L50, M|\n|teampreview|4\n|j| porygon-epilepz\n|j|+holdingb\n|j| stinkyton\n|j| clutcheye_.\n|j| 23456ujhgrew\n|j| BaelorStark\n|j| Jamstiffer\n|\n|t:|1776624007\n|teamsize|p1|4\n|teamsize|p2|4\n|start\n|switch|p1a: Rotom|Rotom-Heat, L50|100/100\n|switch|p1b: Skarmory|Skarmory, L50, F, shiny|100/100\n|switch|p2a: Palafin|Palafin, L50, F|100/100\n|switch|p2b: Garchomp|Garchomp, L50, F|100/100\n|turn|1\n|j| ido1234567890\n|\n|t:|1776624068\n|switch|p1b: Garchomp|Garchomp, L50, F, shiny|100/100\n|detailschange|p2a: Palafin|Palafin-Hero, L50, F\n|switch|p2a: Kingambit|Kingambit, L50, M|100/100\n|move|p1a: Rotom|Volt Switch|p2a: Kingambit\n|-damage|p2a: Kingambit|67/100\n|\n|t:|1776624075\n|switch|p1a: Skarmory|Skarmory, L50, F, shiny|100/100|[from] Volt Switch\n|move|p2b: Garchomp|Rock Slide|p1b: Garchomp|[spread] p1a,p1b\n|-resisted|p1b: Garchomp|1\n|-damage|p1a: Skarmory|85/100\n|-damage|p1b: Garchomp|91/100\n|\n|upkeep\n|turn|2\n|j| Pecksters\n|j|+Gross Sweep \u2603\n|\n|t:|1776624111\n|move|p1b: Garchomp|Protect|p1b: Garchomp\n|-singleturn|p1b: Garchomp|Protect\n|move|p2b: Garchomp|Dragon Claw|p1b: Garchomp\n|-activate|p1b: Garchomp|move: Protect\n|move|p1a: Skarmory|Tailwind|p1a: Skarmory\n|-sidestart|p1: omegaruby35|move: Tailwind\n|move|p2a: Kingambit|Swords Dance|p2a: Kingambit\n|-boost|p2a: Kingambit|atk|2\n|\n|upkeep\n|turn|3\n|l| ido1234567890\n|\n|t:|1776624154\n|switch|p1a: Tyranitar|Tyranitar, L50, F|100/100\n|-weather|Sandstorm|[from] ability: Sand Stream|[of] p1a: Tyranitar\n|move|p2a: Kingambit|Sucker Punch|p1b: Garchomp\n|-damage|p1b: Garchomp|0 fnt\n|-damage|p2a: Kingambit|55/100|[from] ability: Rough Skin|[of] p1b: Garchomp\n|faint|p1b: Garchomp\n|move|p2b: Garchomp|Dragon Claw|p1a: Tyranitar\n|-damage|p1a: Tyranitar|64/100\n|\n|-weather|Sandstorm|[upkeep]\n|upkeep\n|\n|t:|1776624165\n|switch|p1b: Skarmory|Skarmory, L50, F, shiny|85/100\n|turn|4\n|\n|t:|1776624181\n|detailschange|p1b: Skarmory|Skarmory-Mega, L50, F, shiny\n|-mega|p1b: Skarmory|Skarmory|Skarmorite\n|move|p2a: Kingambit|Protect|p2a: Kingambit\n|-singleturn|p2a: Kingambit|Protect\n|move|p1b: Skarmory|Iron Head|p2b: Garchomp\n|-damage|p2b: Garchomp|62/100\n|-damage|p1b: Skarmory|73/100|[from] ability: Rough Skin|[of] p2b: Garchomp\n|move|p1a: Tyranitar|Low Kick|p2a: Kingambit\n|-activate|p2a: Kingambit|move: Protect\n|move|p2b: Garchomp|Earthquake|p1a: Tyranitar|[spread] p1a\n|-activate|p2a: Kingambit|move: Protect\n|-immune|p1b: Skarmory\n|-supereffective|p1a: Tyranitar|1\n|-damage|p1a: Tyranitar|0 fnt\n|faint|p1a: Tyranitar\n|\n|-weather|Sandstorm|[upkeep]\n|upkeep\n|\n|t:|1776624188\n|switch|p1a: Rotom|Rotom-Heat, L50|100/100\n|turn|5\n|c|\u2606Hitmonjon|no way\n|c|\u2606Hitmonjon|I had no idea you had two megas\n|c|\u2606Hitmonjon|that's awesome!\n|c|\u2606omegaruby35|mainly only for bad matchups for chomp\n|c|\u2606omegaruby35|I should've mega chomp gg\n|c|\u2606Hitmonjon|that's fair.  Chomp is sand force is crazy good\n|-message|omegaruby35 forfeited.\n|\n|win|Hitmonjon\n",
  "uploadtime": 1776623930,
  "views": 5,
  "formatid": "gen9championsvgc2026regma",
  "rating": null,
  "private": 0,
  "password": null
}