{
  "id": "gen9championsvgc2026regma-2583746865",
  "format": "[Gen 9 Champions] VGC 2026 Reg M-A",
  "players": [
    "Thewizkidrob",
    "Tempest Flute"
  ],
  "log": "|j|\u2606Thewizkidrob\n|j|\u2606Tempest Flute\n|t:|1776194925\n|gametype|doubles\n|player|p1|Thewizkidrob|bugcatcher-gen4dp|1057\n|player|p2|Tempest Flute|youngster-gen1rb|1141\n|gen|9\n|tier|[Gen 9 Champions] VGC 2026 Reg M-A\n|rated|\n|rule|Species Clause: Limit one of each Pok\u00e9mon\n|rule|Item Clause: Limit 1 of each item\n|clearpoke\n|poke|p1|Scovillain, L50, F|\n|poke|p1|Incineroar, L50, F|\n|poke|p1|Farigiraf, L50, M|\n|poke|p1|Gallade, L50, M|\n|poke|p1|Kingambit, L50, M|\n|poke|p1|Pelipper, L50, M|\n|poke|p2|Glimmora, L50, M|\n|poke|p2|Talonflame, L50, F|\n|poke|p2|Basculegion, L50, M|\n|poke|p2|Farigiraf, L50, F|\n|poke|p2|Garchomp, L50, F|\n|poke|p2|Weavile, L50, F|\n|teampreview|4\n|inactive|Battle timer is ON: inactive players will automatically lose when time's up. (requested by Tempest Flute)\n|inactive|Thewizkidrob has 60 seconds left.\n|inactive|Tempest Flute has 60 seconds left.\n|\n|t:|1776194971\n|teamsize|p1|4\n|teamsize|p2|4\n|start\n|switch|p1a: Incineroar|Incineroar, L50, F|100/100\n|switch|p1b: Kingambit|Kingambit, L50, M|100/100\n|switch|p2a: Talonflame|Talonflame, L50, F|100/100\n|switch|p2b: Basculegion|Basculegion, L50, M|100/100\n|-ability|p1a: Incineroar|Intimidate|boost\n|-unboost|p2a: Talonflame|atk|1\n|-unboost|p2b: Basculegion|atk|1\n|turn|1\n|inactive|Tempest Flute has 30 seconds left.\n|\n|t:|1776195002\n|move|p1a: Incineroar|Fake Out|p2a: Talonflame\n|-damage|p2a: Talonflame|80/100\n|move|p2b: Basculegion|Flip Turn|p1a: Incineroar\n|-supereffective|p1a: Incineroar|1\n|-damage|p1a: Incineroar|51/100\n|\n|t:|1776195012\n|switch|p2b: Weavile|Weavile, L50, F|100/100|[from] Flip Turn\n|cant|p2a: Talonflame|flinch\n|move|p1b: Kingambit|Iron Head|p2a: Talonflame\n|-resisted|p2a: Talonflame|1\n|-damage|p2a: Talonflame|44/100\n|\n|upkeep\n|turn|2\n|\n|t:|1776195037\n|move|p1b: Kingambit|Sucker Punch||[still]\n|-fail|p1b: Kingambit\n|move|p2a: Talonflame|Tailwind|p2a: Talonflame\n|-sidestart|p2: Tempest Flute|move: Tailwind\n|move|p2b: Weavile|Low Kick|p1b: Kingambit\n|-supereffective|p1b: Kingambit|2\n|-damage|p1b: Kingambit|0 fnt\n|faint|p1b: Kingambit\n|move|p1a: Incineroar|Close Combat|p2b: Weavile\n|-supereffective|p2b: Weavile|2\n|-crit|p2b: Weavile\n|-enditem|p2b: Weavile|Focus Sash\n|-damage|p2b: Weavile|1/100\n|-unboost|p1a: Incineroar|def|1\n|-unboost|p1a: Incineroar|spd|1\n|-enditem|p1a: Incineroar|White Herb|[silent]|[from] ability: Pickpocket|[of] p1a: Incineroar\n|-item|p2b: Weavile|White Herb|[from] ability: Pickpocket|[of] p1a: Incineroar\n|\n|upkeep\n|\n|t:|1776195056\n|switch|p1b: Gallade|Gallade, L50, M|100/100\n|turn|3\n|\n|t:|1776195069\n|switch|p1a: Scovillain|Scovillain, L50, F|100/100\n|move|p2a: Talonflame|Brave Bird|p1b: Gallade\n|-supereffective|p1b: Gallade|1\n|-damage|p1b: Gallade|1/100\n|-damage|p2a: Talonflame|7/100|[from] Recoil\n|move|p2b: Weavile|Throat Chop|p1b: Gallade\n|-damage|p1b: Gallade|0 fnt\n|faint|p1b: Gallade\n|\n|-ability|p1a: Scovillain|Moody|boost\n|-boost|p1a: Scovillain|spd|2\n|-unboost|p1a: Scovillain|spa|1\n|upkeep\n|\n|t:|1776195084\n|switch|p1b: Incineroar|Incineroar, L50, F|51/100\n|-ability|p1b: Incineroar|Intimidate|boost\n|-unboost|p2a: Talonflame|atk|1\n|-unboost|p2b: Weavile|atk|1\n|-enditem|p2b: Weavile|White Herb\n|-clearnegativeboost|p2b: Weavile|[silent]\n|turn|4\n|inactive|Tempest Flute has 30 seconds left.\n|\n|t:|1776195115\n|switch|p2a: Glimmora|Glimmora, L50, M|100/100\n|detailschange|p1a: Scovillain|Scovillain-Mega, L50, F\n|-mega|p1a: Scovillain|Scovillain|Scovillainite\n|move|p2b: Weavile|Protect|p2b: Weavile\n|-singleturn|p2b: Weavile|Protect\n|move|p1a: Scovillain|Rage Powder|p1a: Scovillain\n|-singleturn|p1a: Scovillain|move: Rage Powder\n|move|p1b: Incineroar|Close Combat|p2a: Glimmora\n|-damage|p2a: Glimmora|50/100\n|-unboost|p1b: Incineroar|def|1\n|-unboost|p1b: Incineroar|spd|1\n|-activate|p2a: Glimmora|ability: Toxic Debris\n|-sidestart|p1: Thewizkidrob|move: Toxic Spikes\n|\n|upkeep\n|turn|5\n|inactive|Thewizkidrob has 30 seconds left.\n|inactive|Thewizkidrob has 20 seconds left.\n|\n|t:|1776195150\n|detailschange|p2a: Glimmora|Glimmora-Mega, L50, M\n|-mega|p2a: Glimmora|Glimmora|Glimmoranite\n|move|p2b: Weavile|Low Kick|p1b: Incineroar\n|-supereffective|p1b: Incineroar|1\n|-damage|p1b: Incineroar|0 fnt\n|faint|p1b: Incineroar\n|move|p2a: Glimmora|Power Gem|p1a: Scovillain\n|-supereffective|p1a: Scovillain|1\n|-damage|p1a: Scovillain|35/100\n|-status|p2a: Glimmora|brn|[from] ability: Spicy Spray|[of] p1a: Scovillain\n|move|p1a: Scovillain|Leaf Storm|p2a: Glimmora|[miss]\n|-miss|p1a: Scovillain|p2a: Glimmora\n|\n|-damage|p2a: Glimmora|44/100 brn|[from] brn\n|-sideend|p2: Tempest Flute|move: Tailwind\n|upkeep\n|turn|6\n|-message|Thewizkidrob forfeited.\n|\n|win|Tempest Flute\n|raw|Thewizkidrob's rating: 1057 &rarr; <strong>1043</strong><br />(-14 for losing)\n|raw|Tempest Flute's rating: 1141 &rarr; <strong>1160</strong><br />(+19 for winning)\n|l|\u2606Thewizkidrob\n|player|p1|\n",
  "uploadtime": 1776195209,
  "views": 17,
  "formatid": "gen9championsvgc2026regma",
  "rating": 1043,
  "private": 0,
  "password": null
}