{
  "id": "gen9championsvgc2026regma-2587836556",
  "format": "[Gen 9 Champions] VGC 2026 Reg M-A",
  "players": [
    "8CanOfSoup",
    "smp on whimsicott"
  ],
  "log": "|j|\u26068CanOfSoup\n|j|\u2606smp on whimsicott\n|t:|1776569032\n|gametype|doubles\n|player|p1|8CanOfSoup|102|1341\n|player|p2|smp on whimsicott|artist-gen4|1426\n|gen|9\n|tier|[Gen 9 Champions] VGC 2026 Reg M-A\n|rated|\n|rule|Species Clause: Limit one of each Pok\u00e9mon\n|rule|Item Clause: Limit 1 of each item\n|clearpoke\n|poke|p1|Sinistcha, L50|\n|poke|p1|Pelipper, L50, M|\n|poke|p1|Garchomp, L50, M|\n|poke|p1|Basculegion, L50, M|\n|poke|p1|Incineroar, L50, F|\n|poke|p1|Floette-Eternal, L50, F|\n|poke|p2|Garchomp, L50, M|\n|poke|p2|Aerodactyl, L50, F|\n|poke|p2|Kingambit, L50, M|\n|poke|p2|Sneasler, L50, F|\n|poke|p2|Mimikyu, L50, M|\n|poke|p2|Charizard, L50, F|\n|teampreview|4\n|inactive|Battle timer is ON: inactive players will automatically lose when time's up. (requested by 8CanOfSoup)\n|\n|t:|1776569130\n|teamsize|p1|4\n|teamsize|p2|4\n|start\n|switch|p1a: Pelipper|Pelipper, L50, M|100/100\n|switch|p1b: Floette|Floette-Eternal, L50, F|100/100\n|switch|p2a: Kingambit|Kingambit, L50, M|100/100\n|switch|p2b: Mimikyu|Mimikyu, L50, M|100/100\n|-weather|RainDance|[from] ability: Drizzle|[of] p1a: Pelipper\n|turn|1\n|inactive|8CanOfSoup has 30 seconds left.\n|inactive|smp on whimsicott has 30 seconds left.\n|inactive|8CanOfSoup has 20 seconds left.\n|inactive|smp on whimsicott has 20 seconds left.\n|inactive|8CanOfSoup has 15 seconds left.\n|inactive|smp on whimsicott has 15 seconds left.\n|inactive|8CanOfSoup has 10 seconds left.\n|\n|t:|1776569175\n|switch|p1b: Basculegion|Basculegion, L50, M|100/100\n|move|p1a: Pelipper|Hurricane|p2b: Mimikyu\n|-activate|p2b: Mimikyu|ability: Disguise\n|-damage|p2b: Mimikyu|100/100\n|-start|p2b: Mimikyu|confusion\n|detailschange|p2b: Mimikyu|Mimikyu-Busted, L50, M\n|-damage|p2b: Mimikyu|88/100|[from] pokemon: Mimikyu-Busted\n|-activate|p2b: Mimikyu|confusion\n|-damage|p2b: Mimikyu|71/100|[from] confusion\n|move|p2a: Kingambit|Kowtow Cleave|p1b: Basculegion\n|-supereffective|p1b: Basculegion|1\n|-damage|p1b: Basculegion|0 fnt\n|faint|p1b: Basculegion\n|\n|-weather|RainDance|[upkeep]\n|upkeep\n|\n|t:|1776569192\n|switch|p1b: Floette|Floette-Eternal, L50, F|100/100\n|turn|2\n|\n|t:|1776569208\n|detailschange|p1b: Floette|Floette-Mega, L50, F\n|-mega|p1b: Floette|Floette|Floettite\n|-ability|p1b: Floette|Fairy Aura\n|-activate|p2b: Mimikyu|confusion\n|move|p2b: Mimikyu|Shadow Sneak|p1a: Pelipper\n|-damage|p1a: Pelipper|78/100\n|move|p1b: Floette|Dazzling Gleam|p2b: Mimikyu|[spread] p2a,p2b\n|-damage|p2a: Kingambit|46/100\n|-damage|p2b: Mimikyu|20/100\n|move|p1a: Pelipper|Weather Ball|p2b: Mimikyu\n|-damage|p2b: Mimikyu|0 fnt\n|faint|p2b: Mimikyu\n|move|p2a: Kingambit|Kowtow Cleave|p1a: Pelipper\n|-damage|p1a: Pelipper|19/100\n|\n|-weather|RainDance|[upkeep]\n|upkeep\n|\n|t:|1776569231\n|switch|p2b: Sneasler|Sneasler, L50, F|100/100\n|turn|3\n|\n|t:|1776569245\n|move|p1b: Floette|Protect|p1b: Floette\n|-singleturn|p1b: Floette|Protect\n|move|p2b: Sneasler|Close Combat|p1a: Pelipper\n|-resisted|p1a: Pelipper|1\n|-damage|p1a: Pelipper|0 fnt\n|-unboost|p2b: Sneasler|def|1\n|-unboost|p2b: Sneasler|spd|1\n|faint|p1a: Pelipper\n|-enditem|p2b: Sneasler|White Herb\n|-clearnegativeboost|p2b: Sneasler|[silent]\n|move|p2a: Kingambit|Kowtow Cleave|p1b: Floette\n|-activate|p1b: Floette|move: Protect\n|\n|-weather|RainDance|[upkeep]\n|upkeep\n|\n|t:|1776569258\n|switch|p1a: Incineroar|Incineroar, L50, F|100/100\n|-ability|p1a: Incineroar|Intimidate|boost\n|-unboost|p2a: Kingambit|atk|1\n|-ability|p2a: Kingambit|Defiant|boost\n|-boost|p2a: Kingambit|atk|2\n|-unboost|p2b: Sneasler|atk|1\n|turn|4\n|\n|t:|1776569281\n|move|p2b: Sneasler|Protect|p2b: Sneasler\n|-singleturn|p2b: Sneasler|Protect\n|move|p2a: Kingambit|Protect|p2a: Kingambit\n|-singleturn|p2a: Kingambit|Protect\n|move|p1a: Incineroar|Fake Out|p2b: Sneasler\n|-activate|p2b: Sneasler|move: Protect\n|move|p1b: Floette|Dazzling Gleam|p2b: Sneasler|[spread] \n|-activate|p2a: Kingambit|move: Protect\n|-activate|p2b: Sneasler|move: Protect\n|\n|-weather|RainDance|[upkeep]\n|upkeep\n|turn|5\n|inactive|8CanOfSoup has 30 seconds left.\n|inactive|smp on whimsicott has 30 seconds left.\n|\n|t:|1776569314\n|move|p2a: Kingambit|Sucker Punch|p1b: Floette\n|-resisted|p1b: Floette|1\n|-damage|p1b: Floette|63/100\n|move|p2b: Sneasler|Close Combat|p1a: Incineroar\n|-supereffective|p1a: Incineroar|1\n|-damage|p1a: Incineroar|40/100\n|-unboost|p2b: Sneasler|def|1\n|-unboost|p2b: Sneasler|spd|1\n|-enditem|p1a: Incineroar|Sitrus Berry|[eat]\n|-heal|p1a: Incineroar|65/100|[from] item: Sitrus Berry\n|move|p1b: Floette|Dazzling Gleam|p2b: Sneasler|[spread] p2a,p2b\n|-damage|p2a: Kingambit|0 fnt\n|-damage|p2b: Sneasler|1/100\n|faint|p2a: Kingambit\n|move|p1a: Incineroar|Flare Blitz|p2b: Sneasler\n|-damage|p2b: Sneasler|0 fnt\n|faint|p2b: Sneasler\n|-damage|p1a: Incineroar|64/100|[from] Recoil\n|\n|-weather|none\n|upkeep\n|\n|t:|1776569320\n|switch|p2b: Charizard|Charizard, L50, F|100/100\n|turn|6\n|\n|t:|1776569343\n|detailschange|p2b: Charizard|Charizard-Mega-Y, L50, F\n|-mega|p2b: Charizard|Charizard|Charizardite Y\n|-weather|SunnyDay|[from] ability: Drought|[of] p2b: Charizard\n|move|p1b: Floette|Dazzling Gleam|p2b: Charizard\n|-resisted|p2b: Charizard|1\n|-damage|p2b: Charizard|70/100\n|move|p2b: Charizard|Heat Wave|p1a: Incineroar|[spread] p1a\n|-miss|p2b: Charizard|p1b: Floette\n|-resisted|p1a: Incineroar|1\n|-damage|p1a: Incineroar|41/100\n|move|p1a: Incineroar|Flare Blitz|p2b: Charizard\n|-resisted|p2b: Charizard|1\n|-damage|p2b: Charizard|32/100\n|-damage|p1a: Incineroar|30/100|[from] Recoil\n|\n|-weather|SunnyDay|[upkeep]\n|upkeep\n|turn|7\n|-message|smp on whimsicott forfeited.\n|\n|win|8CanOfSoup\n|raw|8CanOfSoup's rating: 1341 &rarr; <strong>1366</strong><br />(+25 for winning)\n|raw|smp on whimsicott's rating: 1426 &rarr; <strong>1401</strong><br />(-25 for losing)\n",
  "uploadtime": 1776569356,
  "views": 13,
  "formatid": "gen9championsvgc2026regma",
  "rating": 1366,
  "private": 0,
  "password": null
}