{
  "id": "gen9championsvgc2026regma-2582634075",
  "format": "[Gen 9 Champions] VGC 2026 Reg M-A",
  "players": [
    "DracoSpirit",
    "biludbiludbilud"
  ],
  "log": "|j|\u2606DracoSpirit\n|j|\u2606biludbiludbilud\n|t:|1776103951\n|gametype|doubles\n|player|p1|DracoSpirit|ingo|1354\n|player|p2|biludbiludbilud|lucas|1382\n|gen|9\n|tier|[Gen 9 Champions] VGC 2026 Reg M-A\n|rated|\n|rule|Species Clause: Limit one of each Pok\u00e9mon\n|rule|Item Clause: Limit 1 of each item\n|clearpoke\n|poke|p1|Hawlucha, L50, M|\n|poke|p1|Snorlax, L50, M|\n|poke|p1|Sinistcha, L50|\n|poke|p1|Rotom-Wash, L50|\n|poke|p1|Incineroar, L50, M|\n|poke|p1|Delphox, L50, F|\n|poke|p2|Meowscarada, L50, F|\n|poke|p2|Kingambit, L50, M|\n|poke|p2|Incineroar, L50, F|\n|poke|p2|Crabominable, L50, M|\n|poke|p2|Torkoal, L50, F|\n|poke|p2|Farigiraf, L50, F|\n|teampreview|4\n|\n|t:|1776103968\n|teamsize|p1|4\n|teamsize|p2|4\n|start\n|switch|p1a: Hawlucha|Hawlucha, L50, M|100/100\n|switch|p1b: Snorlax|Snorlax, L50, M|100/100\n|switch|p2a: Farigiraf|Farigiraf, L50, F|100/100\n|switch|p2b: Incineroar|Incineroar, L50, F|100/100\n|-ability|p2b: Incineroar|Intimidate|boost\n|-unboost|p1a: Hawlucha|atk|1\n|-unboost|p1b: Snorlax|atk|1\n|turn|1\n|inactive|Battle timer is ON: inactive players will automatically lose when time's up. (requested by biludbiludbilud)\n|\n|t:|1776103992\n|detailschange|p1a: Hawlucha|Hawlucha-Mega, L50, M\n|-mega|p1a: Hawlucha|Hawlucha|Hawluchanite\n|move|p2b: Incineroar|Fake Out|p1a: Hawlucha\n|-damage|p1a: Hawlucha|86/100\n|cant|p1a: Hawlucha|flinch\n|move|p1b: Snorlax|Yawn|p2a: Farigiraf\n|-start|p2a: Farigiraf|move: Yawn|[of] p1b: Snorlax\n|move|p2a: Farigiraf|Trick Room|p2a: Farigiraf\n|-fieldstart|move: Trick Room|[of] p2a: Farigiraf\n|\n|upkeep\n|turn|2\n|j| CARtu348rjf90\n|\n|t:|1776104006\n|switch|p2a: Torkoal|Torkoal, L50, F|100/100\n|-weather|SunnyDay|[from] ability: Drought|[of] p2a: Torkoal\n|move|p1b: Snorlax|Yawn|p2a: Torkoal\n|-start|p2a: Torkoal|move: Yawn|[of] p1b: Snorlax\n|move|p2b: Incineroar|Flare Blitz|p1a: Hawlucha\n|-damage|p1a: Hawlucha|0 fnt\n|faint|p1a: Hawlucha\n|-damage|p2b: Incineroar|76/100|[from] Recoil\n|\n|-weather|SunnyDay|[upkeep]\n|upkeep\n|\n|t:|1776104019\n|switch|p1a: Incineroar|Incineroar, L50, M|100/100\n|-ability|p1a: Incineroar|Intimidate|boost\n|-unboost|p2a: Torkoal|atk|1\n|-unboost|p2b: Incineroar|atk|1\n|-enditem|p2b: Incineroar|White Herb\n|-clearnegativeboost|p2b: Incineroar|[silent]\n|turn|3\n|inactive|DracoSpirit has 30 seconds left.\n|\n|t:|1776104051\n|switch|p2a: Farigiraf|Farigiraf, L50, F|100/100\n|move|p1b: Snorlax|Yawn|p2b: Incineroar\n|-start|p2b: Incineroar|move: Yawn|[of] p1b: Snorlax\n|move|p2b: Incineroar|Close Combat|p1a: Incineroar\n|-supereffective|p1a: Incineroar|1\n|-damage|p1a: Incineroar|25/100\n|-unboost|p2b: Incineroar|def|1\n|-unboost|p2b: Incineroar|spd|1\n|move|p1a: Incineroar|Parting Shot|p2a: Farigiraf\n|-unboost|p2a: Farigiraf|atk|1\n|-unboost|p2a: Farigiraf|spa|1\n|j| Robertl\n|\n|t:|1776104059\n|switch|p1a: Sinistcha|Sinistcha, L50|100/100|[from] Parting Shot\n|\n|-weather|SunnyDay|[upkeep]\n|upkeep\n|turn|4\n|j| oherrodersir\n|\n|t:|1776104082\n|switch|p2b: Torkoal|Torkoal, L50, F|100/100\n|move|p1b: Snorlax|Yawn|p2b: Torkoal\n|-start|p2b: Torkoal|move: Yawn|[of] p1b: Snorlax\n|move|p2a: Farigiraf|Hyper Voice|p1b: Snorlax|[spread] p1b\n|-immune|p1a: Sinistcha\n|-damage|p1b: Snorlax|90/100\n|move|p1a: Sinistcha|Trick Room|p1a: Sinistcha\n|-fieldend|move: Trick Room\n|\n|-weather|SunnyDay|[upkeep]\n|-heal|p1b: Snorlax|96/100|[from] item: Leftovers\n|upkeep\n|turn|5\n|\n|t:|1776104100\n|move|p2a: Farigiraf|Helping Hand|p2b: Torkoal\n|-singleturn|p2b: Torkoal|Helping Hand|[of] p2a: Farigiraf\n|move|p1a: Sinistcha|Matcha Gotcha|p2a: Farigiraf|[spread] p2a,p2b\n|-resisted|p2b: Torkoal|1\n|-damage|p2a: Farigiraf|81/100\n|-damage|p2b: Torkoal|84/100\n|move|p1b: Snorlax|Fissure|p2a: Farigiraf|[miss]\n|-miss|p1b: Snorlax|p2a: Farigiraf\n|move|p2b: Torkoal|Eruption|p1a: Sinistcha|[spread] p1a,p1b\n|-supereffective|p1a: Sinistcha|1\n|-damage|p1a: Sinistcha|0 fnt\n|-damage|p1b: Snorlax|64/100\n|faint|p1a: Sinistcha\n|\n|-weather|SunnyDay|[upkeep]\n|-heal|p1b: Snorlax|70/100|[from] item: Leftovers\n|-end|p2b: Torkoal|move: Yawn|[silent]\n|-status|p2b: Torkoal|slp\n|upkeep\n|\n|t:|1776104112\n|switch|p1a: Incineroar|Incineroar, L50, M|25/100\n|-ability|p1a: Incineroar|Intimidate|boost\n|-unboost|p2a: Farigiraf|atk|1\n|-unboost|p2b: Torkoal|atk|1\n|turn|6\n|\n|t:|1776104121\n|switch|p2a: Incineroar|Incineroar, L50, F|76/100\n|-ability|p2a: Incineroar|Intimidate|boost\n|-unboost|p1a: Incineroar|atk|1\n|-unboost|p1b: Snorlax|atk|1\n|move|p1a: Incineroar|Throat Chop|p2a: Incineroar\n|-resisted|p2a: Incineroar|1\n|-damage|p2a: Incineroar|65/100\n|-start|p2a: Incineroar|Throat Chop|[silent]\n|move|p1b: Snorlax|Yawn|p2a: Incineroar\n|-start|p2a: Incineroar|move: Yawn|[of] p1b: Snorlax\n|cant|p2b: Torkoal|slp\n|\n|-weather|none\n|-heal|p1b: Snorlax|76/100|[from] item: Leftovers\n|upkeep\n|turn|7\n|l| Robertl\n|\n|t:|1776104143\n|move|p1a: Incineroar|Throat Chop|p2b: Torkoal\n|-damage|p2b: Torkoal|65/100 slp\n|-start|p2b: Torkoal|Throat Chop|[silent]\n|move|p2a: Incineroar|Close Combat|p1a: Incineroar\n|-supereffective|p1a: Incineroar|1\n|-damage|p1a: Incineroar|0 fnt\n|-unboost|p2a: Incineroar|def|1\n|-unboost|p2a: Incineroar|spd|1\n|faint|p1a: Incineroar\n|move|p1b: Snorlax|Fissure|p2a: Incineroar|[miss]\n|-miss|p1b: Snorlax|p2a: Incineroar\n|cant|p2b: Torkoal|slp\n|\n|-heal|p1b: Snorlax|83/100|[from] item: Leftovers\n|-end|p2a: Incineroar|Throat Chop|[silent]\n|-end|p2a: Incineroar|move: Yawn|[silent]\n|-status|p2a: Incineroar|slp\n|upkeep\n|turn|8\n|j| Robertl\n|l| Robertl\n|\n|t:|1776104156\n|cant|p2a: Incineroar|slp\n|move|p1b: Snorlax|Smack Down|p2a: Incineroar\n|-supereffective|p2a: Incineroar|1\n|-damage|p2a: Incineroar|47/100 slp\n|-curestatus|p2b: Torkoal|slp|[msg]\n|move|p2b: Torkoal|Heat Wave|p1b: Snorlax\n|-damage|p1b: Snorlax|68/100\n|\n|-heal|p1b: Snorlax|75/100|[from] item: Leftovers\n|-end|p2b: Torkoal|Throat Chop|[silent]\n|upkeep\n|turn|9\n|l| oherrodersir\n|\n|t:|1776104166\n|cant|p2a: Incineroar|slp\n|move|p1b: Snorlax|Smack Down|p2a: Incineroar\n|-supereffective|p2a: Incineroar|1\n|-damage|p2a: Incineroar|28/100 slp\n|move|p2b: Torkoal|Heat Wave|p1b: Snorlax\n|-damage|p1b: Snorlax|60/100\n|\n|-heal|p1b: Snorlax|67/100|[from] item: Leftovers\n|upkeep\n|turn|10\n|\n|t:|1776104178\n|switch|p2b: Crabominable|Crabominable, L50, M|100/100\n|move|p1b: Snorlax|Protect|p1b: Snorlax\n|-singleturn|p1b: Snorlax|Protect\n|-curestatus|p2a: Incineroar|slp|[msg]\n|move|p2a: Incineroar|Close Combat|p1b: Snorlax\n|-activate|p1b: Snorlax|move: Protect\n|\n|-heal|p1b: Snorlax|73/100|[from] item: Leftovers\n|upkeep\n|turn|11\n|\n|t:|1776104186\n|detailschange|p2b: Crabominable|Crabominable-Mega, L50, M\n|-mega|p2b: Crabominable|Crabominable|Crabominite\n|move|p2a: Incineroar|Close Combat|p1b: Snorlax\n|-supereffective|p1b: Snorlax|1\n|-damage|p1b: Snorlax|21/100\n|-unboost|p2a: Incineroar|def|1\n|-unboost|p2a: Incineroar|spd|1\n|move|p2b: Crabominable|Close Combat|p1b: Snorlax\n|-supereffective|p1b: Snorlax|1\n|-damage|p1b: Snorlax|0 fnt\n|-unboost|p2b: Crabominable|def|1\n|-unboost|p2b: Crabominable|spd|1\n|faint|p1b: Snorlax\n|\n|win|biludbiludbilud\n|raw|DracoSpirit's rating: 1354 &rarr; <strong>1336</strong><br />(-18 for losing)\n|raw|biludbiludbilud's rating: 1382 &rarr; <strong>1400</strong><br />(+18 for winning)\n|j| zaneami\n|l|\u2606DracoSpirit\n|player|p1|\n|l| zaneami\n|l|\u2606biludbiludbilud\n|player|p2|\n",
  "uploadtime": 1776104242,
  "views": 25,
  "formatid": "gen9championsvgc2026regma",
  "rating": 1336,
  "private": 0,
  "password": null
}