{
  "id": "gen9championsvgc2026regma-2583638632",
  "format": "[Gen 9 Champions] VGC 2026 Reg M-A",
  "players": [
    "Heracross12345",
    "klinkywinky"
  ],
  "log": "|j|\u2606Heracross12345\n|j|\u2606klinkywinky\n|t:|1776188073\n|gametype|doubles\n|player|p1|Heracross12345|170|1072\n|player|p2|klinkywinky|alder|1094\n|gen|9\n|tier|[Gen 9 Champions] VGC 2026 Reg M-A\n|rated|\n|rule|Species Clause: Limit one of each Pok\u00e9mon\n|rule|Item Clause: Limit 1 of each item\n|clearpoke\n|poke|p1|Heracross, L50, M|\n|poke|p1|Pelipper, L50, M|\n|poke|p1|Archaludon, L50, M|\n|poke|p1|Basculegion, L50, M|\n|poke|p1|Incineroar, L50, F|\n|poke|p1|Farigiraf, L50, F|\n|poke|p2|Sinistcha, L50|\n|poke|p2|Aerodactyl, L50, F|\n|poke|p2|Garchomp, L50, M|\n|poke|p2|Incineroar, L50, F|\n|poke|p2|Charizard, L50, M|\n|poke|p2|Venusaur, L50, F|\n|teampreview|4\n|inactive|Battle timer is ON: inactive players will automatically lose when time's up. (requested by Heracross12345)\n|\n|t:|1776188098\n|teamsize|p1|4\n|teamsize|p2|4\n|start\n|switch|p1a: Heracross|Heracross, L50, M|100/100\n|switch|p1b: Farigiraf|Farigiraf, L50, F|100/100\n|switch|p2a: Incineroar|Incineroar, L50, F|100/100\n|switch|p2b: Garchomp|Garchomp, L50, M|100/100\n|-ability|p2a: Incineroar|Intimidate|boost\n|-unboost|p1a: Heracross|atk|1\n|-unboost|p1b: Farigiraf|atk|1\n|turn|1\n|\n|t:|1776188110\n|move|p1a: Heracross|Detect|p1a: Heracross\n|-singleturn|p1a: Heracross|Protect\n|move|p2a: Incineroar|Fake Out||[still]\n|cant|p1b: Farigiraf|ability: Armor Tail|Fake Out|[of] p2a: Incineroar\n|move|p2b: Garchomp|Swords Dance|p2b: Garchomp\n|-boost|p2b: Garchomp|atk|2\n|move|p1b: Farigiraf|Trick Room|p1b: Farigiraf\n|-fieldstart|move: Trick Room|[of] p1b: Farigiraf\n|\n|upkeep\n|turn|2\n|\n|t:|1776188133\n|move|p1b: Farigiraf|Helping Hand|p1a: Heracross\n|-singleturn|p1a: Heracross|Helping Hand|[of] p1b: Farigiraf\n|move|p2a: Incineroar|Parting Shot|p1a: Heracross\n|-unboost|p1a: Heracross|atk|1\n|-unboost|p1a: Heracross|spa|1\n|\n|t:|1776188138\n|switch|p2a: Charizard|Charizard, L50, M|100/100|[from] Parting Shot\n|move|p1a: Heracross|Pin Missile|p2b: Garchomp\n|-damage|p2b: Garchomp|89/100\n|-damage|p2b: Garchomp|79/100\n|-damage|p2b: Garchomp|69/100\n|-damage|p2b: Garchomp|58/100\n|-damage|p2b: Garchomp|48/100\n|-hitcount|p2b: Garchomp|5\n|move|p2b: Garchomp|Earthquake|p1a: Heracross|[spread] p1a,p1b\n|-immune|p2a: Charizard\n|-resisted|p1a: Heracross|1\n|-damage|p1a: Heracross|53/100\n|-damage|p1b: Farigiraf|38/100\n|-enditem|p1b: Farigiraf|Sitrus Berry|[eat]\n|-heal|p1b: Farigiraf|63/100|[from] item: Sitrus Berry\n|\n|upkeep\n|turn|3\n|inactive|Heracross12345 has 30 seconds left.\n|inactive|klinkywinky has 30 seconds left.\n|inactive|klinkywinky has 20 seconds left.\n|\n|t:|1776188176\n|detailschange|p1a: Heracross|Heracross-Mega, L50, M\n|-mega|p1a: Heracross|Heracross|Heracronite\n|move|p2a: Charizard|Protect|p2a: Charizard\n|-singleturn|p2a: Charizard|Protect\n|move|p1b: Farigiraf|Psychic|p2b: Garchomp\n|-damage|p2b: Garchomp|11/100\n|move|p1a: Heracross|Rock Blast|p2a: Charizard\n|-activate|p2a: Charizard|move: Protect\n|move|p2b: Garchomp|Earthquake|p1b: Farigiraf|[spread] p1a,p1b\n|-activate|p2a: Charizard|move: Protect\n|-resisted|p1a: Heracross|1\n|-damage|p1a: Heracross|20/100\n|-damage|p1b: Farigiraf|1/100\n|\n|upkeep\n|turn|4\n|\n|t:|1776188198\n|switch|p1a: Pelipper|Pelipper, L50, M|100/100\n|-weather|RainDance|[from] ability: Drizzle|[of] p1a: Pelipper\n|switch|p2a: Incineroar|Incineroar, L50, F|100/100\n|-ability|p2a: Incineroar|Intimidate|boost\n|-unboost|p1a: Pelipper|atk|1\n|-unboost|p1b: Farigiraf|atk|1\n|move|p1b: Farigiraf|Hyper Voice|p2a: Incineroar|[spread] p2a,p2b\n|-damage|p2a: Incineroar|78/100\n|-damage|p2b: Garchomp|0 fnt\n|faint|p2b: Garchomp\n|\n|-weather|RainDance|[upkeep]\n|upkeep\n|\n|t:|1776188211\n|switch|p2b: Charizard|Charizard, L50, M|100/100\n|turn|5\n|inactive|Heracross12345 has 30 seconds left.\n|\n|t:|1776188242\n|switch|p1a: Basculegion|Basculegion, L50, M|100/100\n|detailschange|p2b: Charizard|Charizard-Mega-Y, L50, M\n|-mega|p2b: Charizard|Charizard|Charizardite Y\n|-weather|SunnyDay|[from] ability: Drought|[of] p2b: Charizard\n|move|p2a: Incineroar|Throat Chop|p1a: Basculegion\n|-supereffective|p1a: Basculegion|1\n|-damage|p1a: Basculegion|17/100\n|-start|p1a: Basculegion|Throat Chop|[silent]\n|move|p1b: Farigiraf|Hyper Voice|p2b: Charizard|[spread] p2a,p2b\n|-crit|p2a: Incineroar\n|-damage|p2a: Incineroar|47/100\n|-damage|p2b: Charizard|73/100\n|move|p2b: Charizard|Substitute|p2b: Charizard\n|-start|p2b: Charizard|Substitute\n|-damage|p2b: Charizard|48/100\n|\n|-weather|SunnyDay|[upkeep]\n|-fieldend|move: Trick Room\n|upkeep\n|turn|6\n|inactive|klinkywinky has 30 seconds left.\n|inactive|Heracross12345 has 30 seconds left.\n|\n|t:|1776188278\n|move|p1a: Basculegion|Flip Turn|p2b: Charizard\n|-supereffective|p2b: Charizard|1\n|-end|p2b: Charizard|Substitute\n|\n|t:|1776188282\n|switch|p1a: Pelipper|Pelipper, L50, M|100/100|[from] Flip Turn\n|-weather|RainDance|[from] ability: Drizzle|[of] p1a: Pelipper\n|move|p2b: Charizard|Heat Wave|p1b: Farigiraf|[spread] p1a,p1b\n|-resisted|p1a: Pelipper|1\n|-crit|p1b: Farigiraf\n|-damage|p1a: Pelipper|90/100\n|-damage|p1b: Farigiraf|0 fnt\n|faint|p1b: Farigiraf\n|move|p2a: Incineroar|Throat Chop|p1a: Pelipper\n|-damage|p1a: Pelipper|56/100\n|-start|p1a: Pelipper|Throat Chop|[silent]\n|\n|-weather|RainDance|[upkeep]\n|upkeep\n|\n|t:|1776188294\n|switch|p1b: Basculegion|Basculegion, L50, M|17/100\n|turn|7\n|\n|t:|1776188317\n|move|p2b: Charizard|Protect|p2b: Charizard\n|-singleturn|p2b: Charizard|Protect\n|move|p1b: Basculegion|Flip Turn|p2a: Incineroar\n|-supereffective|p2a: Incineroar|1\n|-damage|p2a: Incineroar|0 fnt\n|faint|p2a: Incineroar\n|\n|t:|1776188324\n|switch|p1b: Heracross|Heracross-Mega, L50, M|20/100|[from] Flip Turn\n|move|p1a: Pelipper|Muddy Water|p2b: Charizard\n|-activate|p2b: Charizard|move: Protect\n|\n|-weather|RainDance|[upkeep]\n|-end|p1a: Pelipper|Throat Chop|[silent]\n|upkeep\n|\n|t:|1776188327\n|switch|p2a: Venusaur|Venusaur, L50, F|100/100\n|turn|8\n|\n|t:|1776188345\n|move|p1b: Heracross|Detect|p1b: Heracross\n|-singleturn|p1b: Heracross|Protect\n|move|p2b: Charizard|Substitute|p2b: Charizard\n|-start|p2b: Charizard|Substitute\n|-damage|p2b: Charizard|24/100\n|move|p2a: Venusaur|Sludge Bomb|p1b: Heracross\n|-activate|p1b: Heracross|move: Protect\n|move|p1a: Pelipper|Tailwind|p1a: Pelipper\n|-sidestart|p1: Heracross12345|move: Tailwind\n|\n|-weather|RainDance|[upkeep]\n|upkeep\n|turn|9\n|\n|t:|1776188364\n|move|p2b: Charizard|Protect|p2b: Charizard\n|-singleturn|p2b: Charizard|Protect\n|move|p1b: Heracross|Rock Blast|p2b: Charizard\n|-activate|p2b: Charizard|move: Protect\n|move|p1a: Pelipper|Hurricane|p2a: Venusaur\n|-supereffective|p2a: Venusaur|1\n|-damage|p2a: Venusaur|20/100\n|move|p2a: Venusaur|Sludge Bomb|p1b: Heracross\n|-damage|p1b: Heracross|0 fnt\n|faint|p1b: Heracross\n|\n|-weather|RainDance|[upkeep]\n|upkeep\n|\n|t:|1776188374\n|switch|p1b: Basculegion|Basculegion, L50, M|17/100\n|turn|10\n|\n|t:|1776188393\n|move|p1a: Pelipper|Wide Guard|p1a: Pelipper\n|-singleturn|p1a: Pelipper|Wide Guard\n|move|p1b: Basculegion|Last Respects|p2a: Venusaur\n|-damage|p2a: Venusaur|0 fnt\n|faint|p2a: Venusaur\n|move|p2b: Charizard|Heat Wave|p1b: Basculegion|[spread] \n|-activate|p1a: Pelipper|move: Wide Guard\n|-activate|p1b: Basculegion|move: Wide Guard\n|\n|-weather|none\n|upkeep\n|turn|11\n|\n|t:|1776188415\n|move|p2b: Charizard|Protect|p2b: Charizard\n|-singleturn|p2b: Charizard|Protect\n|move|p1b: Basculegion|Last Respects|p2b: Charizard\n|-activate|p2b: Charizard|move: Protect\n|move|p1a: Pelipper|Muddy Water|p2b: Charizard\n|-activate|p2b: Charizard|move: Protect\n|\n|-sideend|p1: Heracross12345|move: Tailwind\n|upkeep\n|turn|12\n|\n|t:|1776188425\n|move|p1a: Pelipper|Wide Guard|p1a: Pelipper\n|-singleturn|p1a: Pelipper|Wide Guard\n|move|p1b: Basculegion|Last Respects|p2b: Charizard\n|-end|p2b: Charizard|Substitute\n|move|p2b: Charizard|Heat Wave|p1a: Pelipper|[spread] \n|-activate|p1a: Pelipper|move: Wide Guard\n|-activate|p1b: Basculegion|move: Wide Guard\n|\n|upkeep\n|turn|13\n|\n|t:|1776188438\n|move|p1b: Basculegion|Last Respects|p2b: Charizard\n|-damage|p2b: Charizard|0 fnt\n|faint|p2b: Charizard\n|\n|win|Heracross12345\n|raw|Heracross12345's rating: 1072 &rarr; <strong>1103</strong><br />(+31 for winning)\n|raw|klinkywinky's rating: 1094 &rarr; <strong>1068</strong><br />(-26 for losing)\n|l|\u2606klinkywinky\n|player|p2|\n",
  "uploadtime": 1776188457,
  "views": 14,
  "formatid": "gen9championsvgc2026regma",
  "rating": 1068,
  "private": 0,
  "password": null
}