{
  "id": "gen9championsvgc2026regma-2581164211",
  "format": "[Gen 9 Champions] VGC 2026 Reg M-A",
  "players": [
    "BK Sergio",
    "Calli3Mari"
  ],
  "log": "|j|\u2606BK Sergio\n|j|\u2606Calli3Mari\n|t:|1775966120\n|gametype|doubles\n|player|p1|BK Sergio|birdkeeper-gen4dp|1058\n|player|p2|Calli3Mari|2|1041\n|gen|9\n|tier|[Gen 9 Champions] VGC 2026 Reg M-A\n|rated|\n|rule|Species Clause: Limit one of each Pok\u00e9mon\n|rule|Item Clause: Limit 1 of each item\n|clearpoke\n|poke|p1|Pikachu, L50, M|\n|poke|p1|Scizor, L50, M|\n|poke|p1|Whimsicott, L50, F|\n|poke|p1|Feraligatr, L50, M|\n|poke|p1|Incineroar, L50, M|\n|poke|p1|Alakazam, L50, F|\n|poke|p2|Gallade, L50, M|\n|poke|p2|Whimsicott, L50, M|\n|poke|p2|Incineroar, L50, M|\n|poke|p2|Sneasler, L50, F|\n|poke|p2|Rotom-Wash, L50|\n|poke|p2|Sinistcha, L50|\n|teampreview|4\n|inactive|Battle timer is ON: inactive players will automatically lose when time's up. (requested by BK Sergio)\n|\n|t:|1775966167\n|teamsize|p1|4\n|teamsize|p2|4\n|start\n|switch|p1a: E|Alakazam, L50, F|100/100\n|switch|p1b: Whimsicott|Whimsicott, L50, F|100/100\n|switch|p2a: Subaru|Whimsicott, L50, M|100/100\n|switch|p2b: Julius|Gallade, L50, M, shiny|100/100\n|turn|1\n|\n|t:|1775966191\n|switch|p2b: Garfiel|Incineroar, L50, M|100/100\n|-ability|p2b: Garfiel|Intimidate|boost\n|-fail|p1a: E|unboost|Attack|[from] ability: Inner Focus|[of] p1a: E\n|-unboost|p1b: Whimsicott|atk|1\n|move|p1b: Whimsicott|Tailwind|p1b: Whimsicott\n|-sidestart|p1: BK Sergio|move: Tailwind\n|move|p2a: Subaru|Tailwind|p2a: Subaru\n|-sidestart|p2: Calli3Mari|move: Tailwind\n|move|p1a: E|Dazzling Gleam|p2b: Garfiel|[spread] p2a,p2b\n|-crit|p2b: Garfiel\n|-damage|p2a: Subaru|69/100\n|-damage|p2b: Garfiel|71/100\n|\n|upkeep\n|turn|2\n|\n|t:|1775966209\n|switch|p1a: Incineroar|Incineroar, L50, M|100/100\n|-ability|p1a: Incineroar|Intimidate|boost\n|-unboost|p2a: Subaru|atk|1\n|-unboost|p2b: Garfiel|atk|1\n|move|p1b: Whimsicott|Encore|p2a: Subaru\n|-start|p2a: Subaru|Encore\n|move|p2a: Subaru|Tailwind||[still]\n|-fail|p2a: Subaru\n|move|p2b: Garfiel|Throat Chop|p1a: Incineroar\n|-resisted|p1a: Incineroar|1\n|-damage|p1a: Incineroar|87/100\n|-start|p1a: Incineroar|Throat Chop|[silent]\n|\n|upkeep\n|turn|3\n|\n|t:|1775966230\n|switch|p2a: Julius|Gallade, L50, M, shiny|100/100\n|move|p1b: Whimsicott|Moonblast|p2a: Julius\n|-supereffective|p2a: Julius|1\n|-damage|p2a: Julius|21/100\n|move|p1a: Incineroar|Close Combat|p2b: Garfiel\n|-supereffective|p2b: Garfiel|1\n|-damage|p2b: Garfiel|1/100\n|-unboost|p1a: Incineroar|def|1\n|-unboost|p1a: Incineroar|spd|1\n|-enditem|p2b: Garfiel|Sitrus Berry|[eat]\n|-heal|p2b: Garfiel|26/100|[from] item: Sitrus Berry\n|move|p2b: Garfiel|Parting Shot|p1a: Incineroar\n|-unboost|p1a: Incineroar|atk|1\n|-unboost|p1a: Incineroar|spa|1\n|\n|t:|1775966244\n|switch|p2b: Subaru|Whimsicott, L50, M|69/100|[from] Parting Shot\n|\n|-end|p1a: Incineroar|Throat Chop|[silent]\n|upkeep\n|turn|4\n|\n|t:|1775966260\n|switch|p2b: Felis|Sinistcha, L50, shiny|100/100\n|-heal|p2a: Julius|45/100|[from] ability: Hospitality|[of] p2b: Felis\n|switch|p1a: E|Alakazam, L50, F|100/100\n|detailschange|p2a: Julius|Gallade-Mega, L50, M, shiny\n|-mega|p2a: Julius|Gallade|Galladite\n|move|p2a: Julius|Close Combat|p1a: E\n|-resisted|p1a: E|1\n|-damage|p1a: E|10/100\n|-unboost|p2a: Julius|def|1\n|-unboost|p2a: Julius|spd|1\n|move|p1b: Whimsicott|Moonblast|p2a: Julius\n|-supereffective|p2a: Julius|1\n|-crit|p2a: Julius\n|-damage|p2a: Julius|0 fnt\n|faint|p2a: Julius\n|\n|-sideend|p2: Calli3Mari|move: Tailwind\n|-sideend|p1: BK Sergio|move: Tailwind\n|upkeep\n|\n|t:|1775966277\n|switch|p2a: Garfiel|Incineroar, L50, M|26/100\n|-ability|p2a: Garfiel|Intimidate|boost\n|-fail|p1a: E|unboost|Attack|[from] ability: Inner Focus|[of] p1a: E\n|-unboost|p1b: Whimsicott|atk|1\n|turn|5\n|\n|t:|1775966289\n|move|p1a: E|Protect|p1a: E\n|-singleturn|p1a: E|Protect\n|move|p2a: Garfiel|Fake Out|p1b: Whimsicott\n|-damage|p1b: Whimsicott|82/100\n|cant|p1b: Whimsicott|flinch\n|move|p2b: Felis|Matcha Gotcha|p1b: Whimsicott|[spread] p1b\n|-activate|p1a: E|move: Protect\n|-resisted|p1b: Whimsicott|1\n|-damage|p1b: Whimsicott|63/100\n|-status|p1b: Whimsicott|brn\n|\n|-damage|p1b: Whimsicott|57/100 brn|[from] brn\n|upkeep\n|turn|6\n|\n|t:|1775966314\n|move|p1a: E|Dazzling Gleam|p2a: Garfiel|[spread] p2a,p2b\n|-crit|p2b: Felis\n|-damage|p2a: Garfiel|7/100\n|-damage|p2b: Felis|67/100\n|move|p1b: Whimsicott|Moonblast|p2a: Garfiel\n|-damage|p2a: Garfiel|0 fnt\n|faint|p2a: Garfiel\n|move|p2b: Felis|Matcha Gotcha|p1a: E|[spread] p1a\n|-miss|p2b: Felis|p1b: Whimsicott\n|-crit|p1a: E\n|-damage|p1a: E|0 fnt\n|-heal|p2b: Felis|70/100|[from] drain|[of] p1a: E\n|faint|p1a: E\n|\n|-heal|p2b: Felis|76/100|[from] item: Leftovers\n|-damage|p1b: Whimsicott|52/100 brn|[from] brn\n|upkeep\n|\n|t:|1775966332\n|switch|p1a: Incineroar|Incineroar, L50, M|87/100\n|switch|p2a: Subaru|Whimsicott, L50, M|69/100\n|-ability|p1a: Incineroar|Intimidate|boost\n|-unboost|p2a: Subaru|atk|1\n|-unboost|p2b: Felis|atk|1\n|turn|7\n|\n|t:|1775966346\n|move|p1b: Whimsicott|Helping Hand|p1a: Incineroar\n|-singleturn|p1a: Incineroar|Helping Hand|[of] p1b: Whimsicott\n|move|p2a: Subaru|Moonblast|p1a: Incineroar\n|-damage|p1a: Incineroar|50/100\n|-enditem|p1a: Incineroar|Sitrus Berry|[eat]\n|-heal|p1a: Incineroar|75/100|[from] item: Sitrus Berry\n|move|p1a: Incineroar|Flare Blitz|p2b: Felis\n|-supereffective|p2b: Felis|1\n|-damage|p2b: Felis|0 fnt\n|faint|p2b: Felis\n|-damage|p1a: Incineroar|49/100|[from] Recoil\n|\n|-damage|p1b: Whimsicott|46/100 brn|[from] brn\n|upkeep\n|turn|8\n|\n|t:|1775966362\n|move|p1b: Whimsicott|Tailwind|p1b: Whimsicott\n|-sidestart|p1: BK Sergio|move: Tailwind\n|move|p1a: Incineroar|Flare Blitz|p2a: Subaru\n|-supereffective|p2a: Subaru|1\n|-damage|p2a: Subaru|0 fnt\n|faint|p2a: Subaru\n|-damage|p1a: Incineroar|31/100|[from] Recoil\n|\n|win|BK Sergio\n|raw|BK Sergio's rating: 1058 &rarr; <strong>1088</strong><br />(+30 for winning)\n|raw|Calli3Mari's rating: 1041 &rarr; <strong>1026</strong><br />(-15 for losing)\n|l|\u2606Calli3Mari\n|player|p2|\n",
  "uploadtime": 1775966371,
  "views": 21,
  "formatid": "gen9championsvgc2026regma",
  "rating": 1026,
  "private": 0,
  "password": null
}