{
  "id": "gen9championsvgc2026regma-2583923927",
  "format": "[Gen 9 Champions] VGC 2026 Reg M-A",
  "players": [
    "whyrallnamesstolen",
    "iDrinkWithMJ"
  ],
  "log": "|j|\u2606whyrallnamesstolen\n|j|\u2606iDrinkWithMJ\n|t:|1776208716\n|gametype|doubles\n|player|p1|whyrallnamesstolen|ninjaboy|1020\n|player|p2|iDrinkWithMJ|170|1000\n|gen|9\n|tier|[Gen 9 Champions] VGC 2026 Reg M-A\n|rated|\n|rule|Species Clause: Limit one of each Pok\u00e9mon\n|rule|Item Clause: Limit 1 of each item\n|clearpoke\n|poke|p1|Floette-Eternal, L50, F|\n|poke|p1|Talonflame, L50, F|\n|poke|p1|Hatterene, L50, F|\n|poke|p1|Whimsicott, L50, M|\n|poke|p1|Kingambit, L50, F|\n|poke|p1|Palafin, L50, F|\n|poke|p2|Meganium, L50, M|\n|poke|p2|Pelipper, L50, M|\n|poke|p2|Orthworm, L50, M|\n|poke|p2|Basculegion, L50, M|\n|poke|p2|Archaludon, L50, F|\n|poke|p2|Krookodile, L50, M|\n|teampreview|4\n|c|\u2606whyrallnamesstolen|glhf\n|j| Surge9719\nwhyrallnamesstolen has agreed to open team sheets.\n|\n|t:|1776208767\n|teamsize|p1|4\n|teamsize|p2|4\n|start\n|switch|p1a: Floette|Floette-Eternal, L50, F|100/100\n|switch|p1b: Talonflame|Talonflame, L50, F|100/100\n|switch|p2a: Pelipper|Pelipper, L50, M, shiny|100/100\n|switch|p2b: Orthworm|Orthworm, L50, M, shiny|100/100\n|-weather|RainDance|[from] ability: Drizzle|[of] p2a: Pelipper\n|turn|1\n|\n|t:|1776208791\n|detailschange|p1a: Floette|Floette-Mega, L50, F\n|-mega|p1a: Floette|Floette|Floettite\n|-ability|p1a: Floette|Fairy Aura\n|move|p1b: Talonflame|Tailwind|p1b: Talonflame\n|-sidestart|p1: whyrallnamesstolen|move: Tailwind\n|move|p1a: Floette|Dazzling Gleam|p2b: Orthworm|[spread] p2a,p2b\n|-resisted|p2b: Orthworm|1\n|-damage|p2a: Pelipper|33/100\n|-damage|p2b: Orthworm|77/100\n|move|p2a: Pelipper|Hurricane|p1a: Floette\n|-damage|p1a: Floette|72/100\n|move|p2b: Orthworm|Shed Tail|p2b: Orthworm\n|-start|p2b: Orthworm|Substitute|[from] move: Shed Tail\n|-damage|p2b: Orthworm|26/100\n|-enditem|p2b: Orthworm|Sitrus Berry|[eat]\n|-heal|p2b: Orthworm|51/100|[from] item: Sitrus Berry\n|\n|t:|1776208824\n|switch|p2b: Archaludon|Archaludon, L50, F, shiny|100/100|[from] Shed Tail\n|\n|-weather|RainDance|[upkeep]\n|-heal|p2a: Pelipper|39/100|[from] item: Leftovers\n|upkeep\n|turn|2\n|\n|t:|1776208845\n|switch|p2a: Orthworm|Orthworm, L50, M, shiny|51/100\n|move|p1b: Talonflame|Flare Blitz|p2b: Archaludon\n|-activate|p2b: Archaludon|move: Substitute|[damage]\n|-damage|p1b: Talonflame|93/100|[from] Recoil|[of] p2b: Archaludon\n|move|p1a: Floette|Moonblast|p2b: Archaludon\n|-end|p2b: Archaludon|Substitute\n|move|p2b: Archaludon|Electro Shot||[still]\n|-prepare|p2b: Archaludon|Electro Shot\n|-boost|p2b: Archaludon|spa|1\n|-anim|p2b: Archaludon|Electro Shot|p1b: Talonflame\n|-supereffective|p1b: Talonflame|1\n|-damage|p1b: Talonflame|0 fnt\n|faint|p1b: Talonflame\n|\n|-weather|RainDance|[upkeep]\n|upkeep\n|\n|t:|1776208874\n|switch|p1b: Palafin|Palafin, L50, F, shiny|100/100\n|turn|3\n|\n|t:|1776208909\n|move|p1b: Palafin|Flip Turn|p2a: Orthworm\n|-damage|p2a: Orthworm|27/100\n|\n|t:|1776208912\n|detailschange|p1b: Palafin|Palafin-Hero, L50, F, shiny\n|switch|p1b: Whimsicott|Whimsicott, L50, M, shiny|100/100|[from] Flip Turn\n|move|p1a: Floette|Moonblast|p2b: Archaludon\n|-damage|p2b: Archaludon|40/100\n|-ability|p2b: Archaludon|Stamina|boost\n|-boost|p2b: Archaludon|def|1\n|move|p2b: Archaludon|Flash Cannon|p1a: Floette\n|-supereffective|p1a: Floette|1\n|-damage|p1a: Floette|0 fnt\n|faint|p1a: Floette\n|move|p2a: Orthworm|Iron Defense|p2a: Orthworm\n|-boost|p2a: Orthworm|def|2\n|\n|-weather|RainDance|[upkeep]\n|upkeep\n|\n|t:|1776208920\n|switch|p1a: Palafin|Palafin-Hero, L50, F, shiny|100/100\n|-activate|p1a: Palafin|ability: Zero to Hero\n|turn|4\n|\n|t:|1776208935\n|move|p1b: Whimsicott|Encore|p2a: Orthworm\n|-start|p2a: Orthworm|Encore\n|move|p1a: Palafin|Close Combat|p2b: Archaludon\n|-supereffective|p2b: Archaludon|1\n|-damage|p2b: Archaludon|0 fnt\n|-unboost|p1a: Palafin|def|1\n|-unboost|p1a: Palafin|spd|1\n|faint|p2b: Archaludon\n|move|p2a: Orthworm|Iron Defense|p2a: Orthworm\n|-boost|p2a: Orthworm|def|2\n|\n|-weather|RainDance|[upkeep]\n|-sideend|p1: whyrallnamesstolen|move: Tailwind\n|upkeep\n|\n|t:|1776208955\n|switch|p2b: Basculegion|Basculegion, L50, M, shiny|100/100\n|turn|5\n|-message|whyrallnamesstolen forfeited.\n|\n|win|iDrinkWithMJ\n|raw|whyrallnamesstolen's rating: 1020 &rarr; <strong>1006</strong><br />(-14 for losing)\n|raw|iDrinkWithMJ's rating: 1000 &rarr; <strong>1042</strong><br />(+42 for winning)\n|l|\u2606whyrallnamesstolen\n|player|p1|\n",
  "uploadtime": 1776208991,
  "views": 17,
  "formatid": "gen9championsvgc2026regma",
  "rating": 1006,
  "private": 0,
  "password": null
}