{
  "id": "gen9championsvgc2026regma-2583026644",
  "format": "[Gen 9 Champions] VGC 2026 Reg M-A",
  "players": [
    "iiSilverkx",
    "diegoncyl"
  ],
  "log": "|j|\u2606iiSilverkx\n|j|\u2606diegoncyl\n|t:|1776134549\n|gametype|doubles\n|player|p1|iiSilverkx|miku-ground|1048\n|player|p2|diegoncyl|hilbert-wonderlauncher|1138\n|gen|9\n|tier|[Gen 9 Champions] VGC 2026 Reg M-A\n|rated|\n|rule|Species Clause: Limit one of each Pok\u00e9mon\n|rule|Item Clause: Limit 1 of each item\n|clearpoke\n|poke|p1|Hawlucha, L50, M|\n|poke|p1|Kingambit, L50, F|\n|poke|p1|Sinistcha, L50|\n|poke|p1|Incineroar, L50, F|\n|poke|p1|Excadrill, L50, F|\n|poke|p1|Volcarona, L50, F|\n|poke|p2|Dragonite, L50, F|\n|poke|p2|Sneasler, L50, M|\n|poke|p2|Pelipper, L50, M|\n|poke|p2|Basculegion, L50, M|\n|poke|p2|Sinistcha, L50|\n|poke|p2|Incineroar, L50, M|\n|teampreview|4\n|inactive|Battle timer is ON: inactive players will automatically lose when time's up. (requested by iiSilverkx)\n|inactive|diegoncyl also wants the timer to be on.\n|\n|t:|1776134563\n|teamsize|p1|4\n|teamsize|p2|4\n|start\n|switch|p1a: \u30b9\u30c8\u30ec\u30f3\u30b0\u30b9|Hawlucha, L50, M|100/100\n|switch|p1b: \u592a\u967d|Volcarona, L50, F|100/100\n|switch|p2a: Pelipper|Pelipper, L50, M|100/100\n|switch|p2b: Basculegion|Basculegion, L50, M, shiny|100/100\n|-weather|RainDance|[from] ability: Drizzle|[of] p2a: Pelipper\n|turn|1\n|\n|t:|1776134577\n|detailschange|p1a: \u30b9\u30c8\u30ec\u30f3\u30b0\u30b9|Hawlucha-Mega, L50, M\n|-mega|p1a: \u30b9\u30c8\u30ec\u30f3\u30b0\u30b9|Hawlucha|Hawluchanite\n|move|p1a: \u30b9\u30c8\u30ec\u30f3\u30b0\u30b9|Protect|p1a: \u30b9\u30c8\u30ec\u30f3\u30b0\u30b9\n|-singleturn|p1a: \u30b9\u30c8\u30ec\u30f3\u30b0\u30b9|Protect\n|move|p2b: Basculegion|Wave Crash|p1b: \u592a\u967d\n|-supereffective|p1b: \u592a\u967d|1\n|-damage|p1b: \u592a\u967d|0 fnt\n|faint|p1b: \u592a\u967d\n|-damage|p2b: Basculegion|69/100|[from] Recoil\n|move|p2a: Pelipper|Hurricane|p1a: \u30b9\u30c8\u30ec\u30f3\u30b0\u30b9\n|-activate|p1a: \u30b9\u30c8\u30ec\u30f3\u30b0\u30b9|move: Protect\n|\n|-weather|RainDance|[upkeep]\n|upkeep\n|\n|t:|1776134592\n|switch|p1b: \u30a8\u30f3\u30da\u30e9\u30fc|Kingambit, L50, F|100/100\n|-activate|p1b: \u30a8\u30f3\u30da\u30e9\u30fc|ability: Supreme Overlord\n|-start|p1b: \u30a8\u30f3\u30da\u30e9\u30fc|fallen1|[silent]\n|turn|2\n|\n|t:|1776134603\n|move|p2b: Basculegion|Wave Crash|p1b: \u30a8\u30f3\u30da\u30e9\u30fc\n|-damage|p1b: \u30a8\u30f3\u30da\u30e9\u30fc|19/100\n|-enditem|p1b: \u30a8\u30f3\u30da\u30e9\u30fc|Sitrus Berry|[eat]\n|-heal|p1b: \u30a8\u30f3\u30da\u30e9\u30fc|43/100|[from] item: Sitrus Berry\n|-damage|p2b: Basculegion|40/100|[from] Recoil\n|move|p1a: \u30b9\u30c8\u30ec\u30f3\u30b0\u30b9|Entrainment|p1b: \u30a8\u30f3\u30da\u30e9\u30fc\n|-end|p1b: \u30a8\u30f3\u30da\u30e9\u30fc|fallen1|[silent]\n|-ability|p1b: \u30a8\u30f3\u30da\u30e9\u30fc|No Guard|Supreme Overlord|[from] move: Entrainment|[of] p1a: \u30b9\u30c8\u30ec\u30f3\u30b0\u30b9\n|move|p2a: Pelipper|Weather Ball|p1a: \u30b9\u30c8\u30ec\u30f3\u30b0\u30b9\n|-damage|p1a: \u30b9\u30c8\u30ec\u30f3\u30b0\u30b9|16/100\n|move|p1b: \u30a8\u30f3\u30da\u30e9\u30fc|Guillotine|p2a: Pelipper\n|-enditem|p2a: Pelipper|Focus Sash\n|-damage|p2a: Pelipper|1/100\n|\n|-weather|RainDance|[upkeep]\n|upkeep\n|turn|3\n|inactive|diegoncyl has 30 seconds left.\n|inactive|diegoncyl has 20 seconds left.\n|\n|t:|1776134638\n|move|p1b: \u30a8\u30f3\u30da\u30e9\u30fc|Sucker Punch|p2b: Basculegion\n|-supereffective|p2b: Basculegion|1\n|-damage|p2b: Basculegion|0 fnt\n|faint|p2b: Basculegion\n|move|p1a: \u30b9\u30c8\u30ec\u30f3\u30b0\u30b9|High Jump Kick|p2a: Pelipper\n|-resisted|p2a: Pelipper|1\n|-damage|p2a: Pelipper|0 fnt\n|faint|p2a: Pelipper\n|\n|-weather|RainDance|[upkeep]\n|upkeep\n|\n|t:|1776134642\n|switch|p2b: Sinistcha|Sinistcha, L50|100/100\n|switch|p2a: Dragonite|Dragonite, L50, F|100/100\n|turn|4\n|\n|t:|1776134655\n|detailschange|p2a: Dragonite|Dragonite-Mega, L50, F\n|-mega|p2a: Dragonite|Dragonite|Dragoninite\n|move|p1a: \u30b9\u30c8\u30ec\u30f3\u30b0\u30b9|Protect|p1a: \u30b9\u30c8\u30ec\u30f3\u30b0\u30b9\n|-singleturn|p1a: \u30b9\u30c8\u30ec\u30f3\u30b0\u30b9|Protect\n|move|p1b: \u30a8\u30f3\u30da\u30e9\u30fc|Protect|p1b: \u30a8\u30f3\u30da\u30e9\u30fc\n|-singleturn|p1b: \u30a8\u30f3\u30da\u30e9\u30fc|Protect\n|move|p2b: Sinistcha|Rage Powder|p2b: Sinistcha\n|-singleturn|p2b: Sinistcha|move: Rage Powder\n|move|p2a: Dragonite|Hurricane|p1b: \u30a8\u30f3\u30da\u30e9\u30fc\n|-activate|p1b: \u30a8\u30f3\u30da\u30e9\u30fc|move: Protect\n|\n|-weather|RainDance|[upkeep]\n|upkeep\n|turn|5\n|inactive|iiSilverkx has 30 seconds left.\n|\n|t:|1776134681\n|move|p2b: Sinistcha|Rage Powder|p2b: Sinistcha\n|-singleturn|p2b: Sinistcha|move: Rage Powder\n|move|p1a: \u30b9\u30c8\u30ec\u30f3\u30b0\u30b9|Brave Bird|p2b: Sinistcha\n|-supereffective|p2b: Sinistcha|1\n|-crit|p2b: Sinistcha\n|-damage|p2b: Sinistcha|0 fnt\n|faint|p2b: Sinistcha\n|-damage|p1a: \u30b9\u30c8\u30ec\u30f3\u30b0\u30b9|0 fnt|[from] Recoil\n|faint|p1a: \u30b9\u30c8\u30ec\u30f3\u30b0\u30b9\n|move|p2a: Dragonite|Hurricane|p1b: \u30a8\u30f3\u30da\u30e9\u30fc\n|-resisted|p1b: \u30a8\u30f3\u30da\u30e9\u30fc|1\n|-damage|p1b: \u30a8\u30f3\u30da\u30e9\u30fc|9/100\n|move|p1b: \u30a8\u30f3\u30da\u30e9\u30fc|Guillotine|p2a: Dragonite\n|-damage|p2a: Dragonite|0 fnt\n|faint|p2a: Dragonite\n|-ohko\n|\n|win|iiSilverkx\n|raw|iiSilverkx's rating: 1048 &rarr; <strong>1089</strong><br />(+41 for winning)\n|raw|diegoncyl's rating: 1138 &rarr; <strong>1107</strong><br />(-31 for losing)\n",
  "uploadtime": 1776134688,
  "views": 27,
  "formatid": "gen9championsvgc2026regma",
  "rating": 1089,
  "private": 0,
  "password": null
}