{
  "id": "gen9championsvgc2026regma-2580578890",
  "format": "[Gen 9 Champions] VGC 2026 Reg M-A",
  "players": [
    "diegoesteve",
    "Nomad3929"
  ],
  "log": "|j|\u2606diegoesteve\n|j|\u2606Nomad3929\n|t:|1775914848\n|gametype|doubles\n|player|p1|diegoesteve|skier|1064\n|player|p2|Nomad3929|hilbert|1070\n|gen|9\n|tier|[Gen 9 Champions] VGC 2026 Reg M-A\n|rated|\n|rule|Species Clause: Limit one of each Pok\u00e9mon\n|rule|Item Clause: Limit 1 of each item\n|clearpoke\n|poke|p1|Basculegion, L50, M|\n|poke|p1|Pelipper, L50, F|\n|poke|p1|Dragonite, L50, M|\n|poke|p1|Sinistcha, L50|\n|poke|p1|Incineroar, L50, M|\n|poke|p1|Floette-Eternal, L50, F|\n|poke|p2|Charizard, L50, F|\n|poke|p2|Venusaur, L50, F|\n|poke|p2|Garchomp, L50, F|\n|poke|p2|Rotom-Wash, L50|\n|poke|p2|Sneasler, L50, F|\n|poke|p2|Incineroar, L50, F|\n|teampreview|4\n|inactive|Battle timer is ON: inactive players will automatically lose when time's up. (requested by Nomad3929)\n|inactive|diegoesteve has 60 seconds left.\n|\n|t:|1775914891\n|teamsize|p1|4\n|teamsize|p2|4\n|start\n|switch|p1a: Incineroar|Incineroar, L50, M|100/100\n|switch|p1b: Dragonite|Dragonite, L50, M|100/100\n|switch|p2a: Charizard|Charizard, L50, F|100/100\n|switch|p2b: Sneasler|Sneasler, L50, F|100/100\n|-ability|p1a: Incineroar|Intimidate|boost\n|-unboost|p2a: Charizard|atk|1\n|-unboost|p2b: Sneasler|atk|1\n|-enditem|p2b: Sneasler|White Herb\n|-clearnegativeboost|p2b: Sneasler|[silent]\n|turn|1\n|\n|t:|1775914912\n|detailschange|p2a: Charizard|Charizard-Mega-Y, L50, F\n|-mega|p2a: Charizard|Charizard|Charizardite Y\n|-weather|SunnyDay|[from] ability: Drought|[of] p2a: Charizard\n|detailschange|p1b: Dragonite|Dragonite-Mega, L50, M\n|-mega|p1b: Dragonite|Dragonite|Dragoninite\n|move|p1b: Dragonite|Protect|p1b: Dragonite\n|-singleturn|p1b: Dragonite|Protect\n|move|p2b: Sneasler|Fake Out|p1a: Incineroar\n|-damage|p1a: Incineroar|88/100\n|cant|p1a: Incineroar|flinch\n|move|p2a: Charizard|Heat Wave|p1b: Dragonite|[spread] p1a\n|-activate|p1b: Dragonite|move: Protect\n|-resisted|p1a: Incineroar|1\n|-damage|p1a: Incineroar|60/100\n|\n|-weather|SunnyDay|[upkeep]\n|upkeep\n|turn|2\n|inactive|diegoesteve has 30 seconds left.\n|inactive|Nomad3929 has 30 seconds left.\n|\n|t:|1775914945\n|switch|p1a: Pelipper|Pelipper, L50, F|100/100\n|-weather|RainDance|[from] ability: Drizzle|[of] p1a: Pelipper\n|move|p2a: Charizard|Protect|p2a: Charizard\n|-singleturn|p2a: Charizard|Protect\n|move|p2b: Sneasler|Close Combat|p1a: Pelipper\n|-resisted|p1a: Pelipper|1\n|-damage|p1a: Pelipper|64/100\n|-unboost|p2b: Sneasler|def|1\n|-unboost|p2b: Sneasler|spd|1\n|move|p1b: Dragonite|Tailwind|p1b: Dragonite\n|-sidestart|p1: diegoesteve|move: Tailwind\n|\n|-weather|RainDance|[upkeep]\n|upkeep\n|turn|3\n|inactive|diegoesteve has 30 seconds left.\n|\n|t:|1775914974\n|switch|p2a: Rotom|Rotom-Wash, L50|100/100\n|move|p2b: Sneasler|Rock Tomb|p1a: Pelipper\n|-supereffective|p1a: Pelipper|1\n|-damage|p1a: Pelipper|22/100\n|-unboost|p1a: Pelipper|spe|1\n|move|p1b: Dragonite|Hurricane|p2a: Rotom\n|-resisted|p2a: Rotom|1\n|-damage|p2a: Rotom|64/100\n|-start|p2a: Rotom|confusion\n|move|p1a: Pelipper|Weather Ball|p2a: Rotom\n|-resisted|p2a: Rotom|1\n|-damage|p2a: Rotom|29/100\n|\n|-weather|RainDance|[upkeep]\n|-heal|p2a: Rotom|35/100|[from] item: Leftovers\n|upkeep\n|turn|4\n|\n|t:|1775914995\n|switch|p1a: Incineroar|Incineroar, L50, M|60/100\n|-ability|p1a: Incineroar|Intimidate|boost\n|-unboost|p2a: Rotom|atk|1\n|-unboost|p2b: Sneasler|atk|1\n|move|p2b: Sneasler|Dire Claw|p1a: Incineroar\n|-damage|p1a: Incineroar|35/100\n|move|p1b: Dragonite|Hurricane|p2b: Sneasler\n|-supereffective|p2b: Sneasler|1\n|-damage|p2b: Sneasler|0 fnt\n|faint|p2b: Sneasler\n|-activate|p2a: Rotom|confusion\n|-damage|p2a: Rotom|31/100|[from] confusion\n|\n|-weather|RainDance|[upkeep]\n|-heal|p2a: Rotom|37/100|[from] item: Leftovers\n|upkeep\n|\n|t:|1775914998\n|switch|p2b: Charizard|Charizard-Mega-Y, L50, F|100/100\n|-weather|SunnyDay|[from] ability: Drought|[of] p2b: Charizard\n|turn|5\n|\n|t:|1775915011\n|switch|p1a: Pelipper|Pelipper, L50, F|22/100\n|-weather|RainDance|[from] ability: Drizzle|[of] p1a: Pelipper\n|switch|p2a: Venusaur|Venusaur, L50, F|100/100\n|move|p2b: Charizard|Protect|p2b: Charizard\n|-singleturn|p2b: Charizard|Protect\n|move|p1b: Dragonite|Hurricane|p2b: Charizard\n|-activate|p2b: Charizard|move: Protect\n|\n|-weather|RainDance|[upkeep]\n|-sideend|p1: diegoesteve|move: Tailwind\n|upkeep\n|turn|6\n|inactive|Nomad3929 has 30 seconds left.\n|inactive|Nomad3929 has 20 seconds left.\n|\n|t:|1775915051\n|switch|p2b: Rotom|Rotom-Wash, L50|37/100\n|move|p2a: Venusaur|Sleep Powder|p1b: Dragonite\n|-status|p1b: Dragonite|slp|[from] move: Sleep Powder\n|cant|p1b: Dragonite|slp\n|move|p1a: Pelipper|Tailwind|p1a: Pelipper\n|-sidestart|p1: diegoesteve|move: Tailwind\n|\n|-weather|RainDance|[upkeep]\n|-heal|p2b: Rotom|43/100|[from] item: Leftovers\n|upkeep\n|turn|7\n|inactive|diegoesteve has 30 seconds left.\n|\n|t:|1775915083\n|cant|p1b: Dragonite|slp\n|move|p1a: Pelipper|Hurricane|p2a: Venusaur\n|-supereffective|p2a: Venusaur|1\n|-enditem|p2a: Venusaur|Focus Sash\n|-damage|p2a: Venusaur|1/100\n|move|p2a: Venusaur|Sleep Powder|p1a: Pelipper\n|-status|p1a: Pelipper|slp|[from] move: Sleep Powder\n|move|p2b: Rotom|Thunderbolt|p1b: Dragonite\n|-damage|p1b: Dragonite|84/100 slp\n|\n|-weather|RainDance|[upkeep]\n|-heal|p2b: Rotom|48/100|[from] item: Leftovers\n|upkeep\n|turn|8\n|\n|t:|1775915106\n|-curestatus|p1b: Dragonite|slp|[msg]\n|move|p1b: Dragonite|Protect|p1b: Dragonite\n|-singleturn|p1b: Dragonite|Protect\n|cant|p1a: Pelipper|slp\n|move|p2a: Venusaur|Protect|p2a: Venusaur\n|-singleturn|p2a: Venusaur|Protect\n|move|p2b: Rotom|Thunderbolt|p1a: Pelipper\n|-supereffective|p1a: Pelipper|2\n|-damage|p1a: Pelipper|0 fnt\n|faint|p1a: Pelipper\n|\n|-weather|RainDance|[upkeep]\n|-heal|p2b: Rotom|54/100|[from] item: Leftovers\n|upkeep\n|\n|t:|1775915116\n|switch|p1a: Incineroar|Incineroar, L50, M|35/100\n|-ability|p1a: Incineroar|Intimidate|boost\n|-unboost|p2a: Venusaur|atk|1\n|-unboost|p2b: Rotom|atk|1\n|turn|9\n|\n|t:|1775915137\n|move|p2a: Venusaur|Protect|p2a: Venusaur\n|-singleturn|p2a: Venusaur|Protect\n|move|p1a: Incineroar|Fake Out|p2a: Venusaur\n|-activate|p2a: Venusaur|move: Protect\n|move|p1b: Dragonite|Dragon Pulse|p2b: Rotom\n|-damage|p2b: Rotom|0 fnt\n|faint|p2b: Rotom\n|\n|-weather|none\n|-sideend|p1: diegoesteve|move: Tailwind\n|upkeep\n|\n|t:|1775915146\n|switch|p2b: Charizard|Charizard-Mega-Y, L50, F|100/100\n|-weather|SunnyDay|[from] ability: Drought|[of] p2b: Charizard\n|turn|10\n|\n|t:|1775915157\n|move|p1b: Dragonite|Protect|p1b: Dragonite\n|-singleturn|p1b: Dragonite|Protect\n|move|p2a: Venusaur|Sleep Powder|p1b: Dragonite\n|-activate|p1b: Dragonite|move: Protect\n|move|p2b: Charizard|Heat Wave|p1a: Incineroar|[spread] p1a\n|-activate|p1b: Dragonite|move: Protect\n|-resisted|p1a: Incineroar|1\n|-damage|p1a: Incineroar|4/100\n|move|p1a: Incineroar|Flare Blitz|p2a: Venusaur\n|-supereffective|p2a: Venusaur|1\n|-damage|p2a: Venusaur|0 fnt\n|faint|p2a: Venusaur\n|-damage|p1a: Incineroar|4/100|[from] Recoil\n|\n|-weather|SunnyDay|[upkeep]\n|upkeep\n|turn|11\n|\n|t:|1775915175\n|move|p2b: Charizard|Heat Wave|p1b: Dragonite|[spread] p1a,p1b\n|-resisted|p1a: Incineroar|1\n|-resisted|p1b: Dragonite|1\n|-damage|p1a: Incineroar|0 fnt\n|-damage|p1b: Dragonite|57/100\n|faint|p1a: Incineroar\n|move|p1b: Dragonite|Dragon Pulse|p2b: Charizard\n|-damage|p2b: Charizard|48/100\n|\n|-weather|SunnyDay|[upkeep]\n|upkeep\n|\n|t:|1775915178\n|switch|p1a: Basculegion|Basculegion, L50, M|100/100\n|turn|12\n|-message|Nomad3929 forfeited.\n|\n|win|diegoesteve\n|raw|diegoesteve's rating: 1064 &rarr; <strong>1095</strong><br />(+31 for winning)\n|raw|Nomad3929's rating: 1070 &rarr; <strong>1049</strong><br />(-21 for losing)\n",
  "uploadtime": 1775915183,
  "views": 16,
  "formatid": "gen9championsvgc2026regma",
  "rating": 1049,
  "private": 0,
  "password": null
}