{
  "id": "gen9championsvgc2026regma-2587037410",
  "format": "[Gen 9 Champions] VGC 2026 Reg M-A",
  "players": [
    "meguquaaa",
    "Herobryant"
  ],
  "log": "|j|\u2606meguquaaa\n|j|\u2606Herobryant\n|t:|1776483861\n|gametype|doubles\n|player|p1|meguquaaa|blue|1163\n|player|p2|Herobryant|cynthia|1208\n|gen|9\n|tier|[Gen 9 Champions] VGC 2026 Reg M-A\n|rated|\n|rule|Species Clause: Limit one of each Pok\u00e9mon\n|rule|Item Clause: Limit 1 of each item\n|clearpoke\n|poke|p1|Floette-Eternal, L50, F|\n|poke|p1|Aerodactyl, L50, M|\n|poke|p1|Garchomp, L50, M|\n|poke|p1|Charizard, L50, M|\n|poke|p1|Sneasler, L50, M|\n|poke|p1|Whimsicott, L50, F|\n|poke|p2|Floette-Eternal, L50, F|\n|poke|p2|Delphox, L50, F|\n|poke|p2|Aerodactyl, L50, F|\n|poke|p2|Sneasler, L50, F|\n|poke|p2|Incineroar, L50, M|\n|poke|p2|Garchomp, L50, M|\n|teampreview|4\nHerobryant has agreed to open team sheets.\nmeguquaaa rejected open team sheets.\n|inactive|Battle timer is ON: inactive players will automatically lose when time's up. (requested by Herobryant)\n|\n|t:|1776483926\n|teamsize|p1|4\n|teamsize|p2|4\n|start\n|switch|p1a: Aerodactyl|Aerodactyl, L50, M|100/100\n|switch|p1b: Floette|Floette-Eternal, L50, F|100/100\n|switch|p2a: dak|Aerodactyl, L50, F|100/100\n|switch|p2b: Garchomp|Garchomp, L50, M|100/100\n|-ability|p1a: Aerodactyl|Unnerve\n|-ability|p2a: dak|Unnerve\n|turn|1\n|\n|t:|1776483941\n|detailschange|p1b: Floette|Floette-Mega, L50, F\n|-mega|p1b: Floette|Floette|Floettite\n|-ability|p1b: Floette|Fairy Aura\n|move|p2b: Garchomp|Iron Head|p1b: Floette\n|-supereffective|p1b: Floette|1\n|-damage|p1b: Floette|13/100\n|move|p1a: Aerodactyl|Tailwind|p1a: Aerodactyl\n|-sidestart|p1: meguquaaa|move: Tailwind\n|cant|p1b: Floette|flinch\n|move|p2a: dak|Tailwind|p2a: dak\n|-sidestart|p2: Herobryant|move: Tailwind\n|\n|upkeep\n|turn|2\n|c|\u2606meguquaaa|damn\n|\n|t:|1776483959\n|switch|p1b: Garchomp|Garchomp, L50, M, shiny|100/100\n|move|p2b: Garchomp|Iron Head|p1b: Garchomp\n|-damage|p1b: Garchomp|68/100\n|-damage|p2b: Garchomp|88/100|[from] ability: Rough Skin|[of] p1b: Garchomp\n|move|p1a: Aerodactyl|Rock Slide|p2b: Garchomp|[spread] p2a,p2b\n|-supereffective|p2a: dak|1\n|-resisted|p2b: Garchomp|1\n|-damage|p2a: dak|24/100\n|-damage|p2b: Garchomp|76/100\n|move|p2a: dak|Rock Slide|p1b: Garchomp|[spread] p1a,p1b\n|-supereffective|p1a: Aerodactyl|1\n|-resisted|p1b: Garchomp|1\n|-damage|p1a: Aerodactyl|15/100\n|-damage|p1b: Garchomp|53/100\n|\n|upkeep\n|turn|3\n|c|\u2606Herobryant|sorry bro\n|inactive|meguquaaa has 30 seconds left.\n|inactive|Herobryant has 30 seconds left.\n|c|\u2606meguquaaa|lol it happens\n|inactive|meguquaaa has 20 seconds left.\n|\n|t:|1776483995\n|switch|p2a: H|Incineroar, L50, M, shiny|100/100\n|-enditem|p1a: Aerodactyl|Sitrus Berry|[eat]\n|-heal|p1a: Aerodactyl|40/100|[from] item: Sitrus Berry\n|-ability|p2a: H|Intimidate|boost\n|-unboost|p1a: Aerodactyl|atk|1\n|-unboost|p1b: Garchomp|atk|1\n|move|p1b: Garchomp|Earthquake|p2b: Garchomp|[spread] p2a,p2b\n|-immune|p1a: Aerodactyl\n|-supereffective|p2a: H|1\n|-crit|p2a: H\n|-damage|p2a: H|0 fnt\n|-damage|p2b: Garchomp|50/100\n|faint|p2a: H\n|move|p2b: Garchomp|Iron Head|p1a: Aerodactyl\n|-supereffective|p1a: Aerodactyl|1\n|-damage|p1a: Aerodactyl|0 fnt\n|faint|p1a: Aerodactyl\n|\n|upkeep\n|\n|t:|1776484013\n|switch|p1a: Sneasler|Sneasler, L50, M|100/100\n|switch|p2a: Mrs. Warcrimes Jr.|Floette-Eternal, L50, F|100/100\n|turn|4\n|inactive|meguquaaa has 30 seconds left.\n|\n|t:|1776484040\n|switch|p2b: dak|Aerodactyl, L50, F|24/100\n|-ability|p2b: dak|Unnerve\n|move|p1a: Sneasler|Protect|p1a: Sneasler\n|-singleturn|p1a: Sneasler|Protect\n|move|p2a: Mrs. Warcrimes Jr.|Protect|p2a: Mrs. Warcrimes Jr.\n|-singleturn|p2a: Mrs. Warcrimes Jr.|Protect\n|move|p1b: Garchomp|Earthquake|p2b: dak|[spread] \n|-activate|p1a: Sneasler|move: Protect\n|-activate|p2a: Mrs. Warcrimes Jr.|move: Protect\n|-immune|p2b: dak\n|\n|-sideend|p1: meguquaaa|move: Tailwind\n|-sideend|p2: Herobryant|move: Tailwind\n|upkeep\n|turn|5\n|c|\u2606meguquaaa|gg\n|c|\u2606Herobryant|gg\n|\n|t:|1776484061\n|switch|p1b: Floette|Floette-Mega, L50, F|13/100\n|-ability|p1b: Floette|Fairy Aura\n|detailschange|p2a: Mrs. Warcrimes Jr.|Floette-Mega, L50, F\n|-mega|p2a: Mrs. Warcrimes Jr.|Floette|Floettite\n|-ability|p2a: Mrs. Warcrimes Jr.|Fairy Aura\n|move|p2b: dak|Tailwind|p2b: dak\n|-sidestart|p2: Herobryant|move: Tailwind\n|move|p2a: Mrs. Warcrimes Jr.|Moonblast|p1b: Floette\n|-damage|p1b: Floette|0 fnt\n|faint|p1b: Floette\n|move|p1a: Sneasler|Dire Claw|p2a: Mrs. Warcrimes Jr.\n|-supereffective|p2a: Mrs. Warcrimes Jr.|1\n|-damage|p2a: Mrs. Warcrimes Jr.|2/100\n|-status|p2a: Mrs. Warcrimes Jr.|psn\n|\n|-damage|p2a: Mrs. Warcrimes Jr.|0 fnt|[from] psn\n|faint|p2a: Mrs. Warcrimes Jr.\n|upkeep\n|\n|t:|1776484078\n|switch|p1b: Garchomp|Garchomp, L50, M, shiny|53/100\n|switch|p2a: Garchomp|Garchomp, L50, M|50/100\n|turn|6\n|inactive|meguquaaa has 30 seconds left.\n|\n|t:|1776484107\n|move|p2a: Garchomp|Earthquake|p1b: Garchomp|[spread] p1a,p1b\n|-immune|p2b: dak\n|-supereffective|p1a: Sneasler|1\n|-damage|p1a: Sneasler|0 fnt\n|-damage|p1b: Garchomp|8/100\n|faint|p1a: Sneasler\n|move|p2b: dak|Rock Slide|p1b: Garchomp\n|-resisted|p1b: Garchomp|1\n|-damage|p1b: Garchomp|0 fnt\n|faint|p1b: Garchomp\n|\n|win|Herobryant\n|raw|meguquaaa's rating: 1163 &rarr; <strong>1141</strong><br />(-22 for losing)\n|raw|Herobryant's rating: 1208 &rarr; <strong>1230</strong><br />(+22 for winning)\n|l|\u2606meguquaaa\n|player|p1|\n",
  "uploadtime": 1776484127,
  "views": 15,
  "formatid": "gen9championsvgc2026regma",
  "rating": 1141,
  "private": 0,
  "password": null
}