{
  "id": "gen9championsvgc2026regma-2588686185",
  "format": "[Gen 9 Champions] VGC 2026 Reg M-A",
  "players": [
    "Bugsnax4smash",
    "Arthuritiis"
  ],
  "log": "|j|\u2606Bugsnax4smash\n|j|\u2606Arthuritiis\n|t:|1776657661\n|gametype|doubles\n|player|p1|Bugsnax4smash|skierf|1252\n|player|p2|Arthuritiis|102|1315\n|gen|9\n|tier|[Gen 9 Champions] VGC 2026 Reg M-A\n|rated|\n|rule|Species Clause: Limit one of each Pok\u00e9mon\n|rule|Item Clause: Limit 1 of each item\n|clearpoke\n|poke|p1|Victreebel, L50, F|\n|poke|p1|Kingambit, L50, F|\n|poke|p1|Zoroark-Hisui, L50, F|\n|poke|p1|Azumarill, L50, F|\n|poke|p1|Talonflame, L50, F|\n|poke|p1|Kommo-o, L50, F|\n|poke|p2|Charizard, L50, M|\n|poke|p2|Whimsicott, L50, M|\n|poke|p2|Mamoswine, L50, M|\n|poke|p2|Dragapult, L50, F|\n|poke|p2|Venusaur, L50, F|\n|poke|p2|Incineroar, L50, M|\n|teampreview|4\n|\n|t:|1776657716\n|teamsize|p1|4\n|teamsize|p2|4\n|start\n|switch|p1a: Victreebel|Victreebel, L50, F|100/100\n|switch|p1b: Talonflame|Talonflame, L50, F|100/100\n|switch|p2a: Charizard|Charizard, L50, M|100/100\n|switch|p2b: Whimsicott|Whimsicott, L50, M|100/100\n|turn|1\n|\n|t:|1776657738\n|detailschange|p2a: Charizard|Charizard-Mega-Y, L50, M\n|-mega|p2a: Charizard|Charizard|Charizardite Y\n|-weather|SunnyDay|[from] ability: Drought|[of] p2a: Charizard\n|detailschange|p1a: Victreebel|Victreebel-Mega, L50, F\n|-mega|p1a: Victreebel|Victreebel|Victreebelite\n|move|p2b: Whimsicott|Protect|p2b: Whimsicott\n|-singleturn|p2b: Whimsicott|Protect\n|move|p1b: Talonflame|Tailwind|p1b: Talonflame\n|-sidestart|p1: Bugsnax4smash|move: Tailwind\n|move|p1a: Victreebel|Sludge Bomb|p2b: Whimsicott\n|-activate|p2b: Whimsicott|move: Protect\n|move|p2a: Charizard|Heat Wave|p1a: Victreebel|[spread] p1a,p1b\n|-supereffective|p1a: Victreebel|1\n|-resisted|p1b: Talonflame|1\n|-damage|p1a: Victreebel|0 fnt\n|-damage|p1b: Talonflame|60/100\n|-damage|p2a: Charizard|0 fnt|[from] ability: Innards Out|[of] p1a: Victreebel\n|faint|p1a: Victreebel\n|faint|p2a: Charizard\n|\n|-weather|SunnyDay|[upkeep]\n|upkeep\n|\n|t:|1776657761\n|switch|p2a: Dragapult|Dragapult, L50, F|100/100\n|switch|p1a: Azumarill|Azumarill, L50, F|100/100\n|turn|2\n|\n|t:|1776657772\n|move|p2a: Dragapult|Protect|p2a: Dragapult\n|-singleturn|p2a: Dragapult|Protect\n|move|p2b: Whimsicott|Tailwind|p2b: Whimsicott\n|-sidestart|p2: Arthuritiis|move: Tailwind\n|move|p1b: Talonflame|Acrobatics|p2b: Whimsicott\n|-supereffective|p2b: Whimsicott|1\n|-damage|p2b: Whimsicott|0 fnt\n|faint|p2b: Whimsicott\n|move|p1a: Azumarill|Bitter Malice|p2a: Dragapult\n|-activate|p2a: Dragapult|move: Protect\n|\n|-weather|SunnyDay|[upkeep]\n|upkeep\n|\n|t:|1776657784\n|switch|p2b: Mamoswine|Mamoswine, L50, M|100/100\n|turn|3\n|\n|t:|1776657799\n|move|p1b: Talonflame|Quick Guard|p1b: Talonflame\n|-singleturn|p1b: Talonflame|Quick Guard\n|move|p2a: Dragapult|Dragon Darts|p1b: Talonflame\n|-damage|p1b: Talonflame|20/100\n|-anim|p2a: Dragapult|Dragon Darts|p1a: Azumarill\n|-damage|p1a: Azumarill|36/100\n|replace|p1a: Zoroark|Zoroark-Hisui, L50, F\n|-end|p1a: Zoroark|Illusion\n|move|p1a: Zoroark|Bitter Malice|p2a: Dragapult\n|-supereffective|p2a: Dragapult|1\n|-damage|p2a: Dragapult|0 fnt\n|faint|p2a: Dragapult\n|move|p2b: Mamoswine|Curse|p2b: Mamoswine\n|-unboost|p2b: Mamoswine|spe|1\n|-boost|p2b: Mamoswine|atk|1\n|-boost|p2b: Mamoswine|def|1\n|\n|-weather|SunnyDay|[upkeep]\n|upkeep\n|turn|4\n|\n|t:|1776657820\n|move|p2b: Mamoswine|Ice Shard|p1a: Zoroark\n|-damage|p1a: Zoroark|0 fnt\n|faint|p1a: Zoroark\n|move|p1b: Talonflame|Acrobatics|p2b: Mamoswine\n|-damage|p2b: Mamoswine|78/100\n|\n|-weather|SunnyDay|[upkeep]\n|-heal|p2b: Mamoswine|84/100|[from] item: Leftovers\n|-sideend|p1: Bugsnax4smash|move: Tailwind\n|upkeep\n|\n|t:|1776657831\n|switch|p1a: Azumarill|Azumarill, L50, F|100/100\n|turn|5\n|\n|t:|1776657845\n|move|p1b: Talonflame|Acrobatics|p2b: Mamoswine\n|-damage|p2b: Mamoswine|62/100\n|move|p2b: Mamoswine|Curse|p2b: Mamoswine\n|-unboost|p2b: Mamoswine|spe|1\n|-boost|p2b: Mamoswine|atk|1\n|-boost|p2b: Mamoswine|def|1\n|move|p1a: Azumarill|Belly Drum|p1a: Azumarill\n|-damage|p1a: Azumarill|50/100\n|-setboost|p1a: Azumarill|atk|6|[from] move: Belly Drum\n|-enditem|p1a: Azumarill|Sitrus Berry|[eat]\n|-heal|p1a: Azumarill|75/100|[from] item: Sitrus Berry\n|\n|-weather|none\n|-heal|p2b: Mamoswine|68/100|[from] item: Leftovers\n|-sideend|p2: Arthuritiis|move: Tailwind\n|upkeep\n|turn|6\n|\n|t:|1776657865\n|move|p2b: Mamoswine|Protect|p2b: Mamoswine\n|-singleturn|p2b: Mamoswine|Protect\n|move|p1a: Azumarill|Aqua Jet|p2b: Mamoswine\n|-activate|p2b: Mamoswine|move: Protect\n|move|p1b: Talonflame|Acrobatics|p2b: Mamoswine\n|-activate|p2b: Mamoswine|move: Protect\n|\n|-heal|p2b: Mamoswine|74/100|[from] item: Leftovers\n|upkeep\n|turn|7\n|\n|t:|1776657878\n|move|p1a: Azumarill|Aqua Jet|p2b: Mamoswine\n|-supereffective|p2b: Mamoswine|1\n|-damage|p2b: Mamoswine|0 fnt\n|faint|p2b: Mamoswine\n|\n|win|Bugsnax4smash\n|raw|Bugsnax4smash's rating: 1252 &rarr; <strong>1281</strong><br />(+29 for winning)\n|raw|Arthuritiis's rating: 1315 &rarr; <strong>1291</strong><br />(-24 for losing)\n|l|\u2606Arthuritiis\n|player|p2|\n",
  "uploadtime": 1776657884,
  "views": 12,
  "formatid": "gen9championsvgc2026regma",
  "rating": 1281,
  "private": 0,
  "password": null
}