{
  "id": "gen9championsvgc2026regma-2587499041",
  "format": "[Gen 9 Champions] VGC 2026 Reg M-A",
  "players": [
    "vi44444",
    "Daap_15"
  ],
  "log": "|j|\u203dvi44444\n|j|\u2606Daap_15\n|t:|1776536989\n|gametype|doubles\n|player|p1|vi44444|blackbelt-gen4dp|1070\n|player|p2|Daap_15|pokemaniac|1127\n|gen|9\n|tier|[Gen 9 Champions] VGC 2026 Reg M-A\n|rated|\n|rule|Species Clause: Limit one of each Pok\u00e9mon\n|rule|Item Clause: Limit 1 of each item\n|clearpoke\n|poke|p1|Starmie, L50|\n|poke|p1|Azumarill, L50, F|\n|poke|p1|Zoroark-Hisui, L50, M|\n|poke|p1|Dragapult, L50, M|\n|poke|p1|Appletun, L50, M|\n|poke|p1|Sinistcha, L50|\n|poke|p2|Pelipper, L50, M|\n|poke|p2|Archaludon, L50, M|\n|poke|p2|Basculegion, L50, M|\n|poke|p2|Sinistcha, L50|\n|poke|p2|Sneasler, L50, M|\n|poke|p2|Dragonite, L50, M, shiny|\n|teampreview|4\n|\n|t:|1776537006\n|teamsize|p1|4\n|teamsize|p2|4\n|start\n|switch|p1a: Starmie|Starmie, L50|100/100\n|switch|p1b: Dragapult|Dragapult, L50, M|100/100\n|switch|p2a: Pelipper|Pelipper, L50, M|100/100\n|switch|p2b: Sneasler|Sneasler, L50, M|100/100\n|-weather|RainDance|[from] ability: Drizzle|[of] p2a: Pelipper\n|turn|1\n|inactive|Battle timer is ON: inactive players will automatically lose when time's up. (requested by vi44444)\n|\n|t:|1776537025\n|detailschange|p1a: Starmie|Starmie-Mega, L50\n|-mega|p1a: Starmie|Starmie|Starminite\n|move|p1b: Dragapult|Helping Hand|p1a: Starmie\n|-singleturn|p1a: Starmie|Helping Hand|[of] p1b: Dragapult\n|move|p1a: Starmie|Self-Destruct|p2a: Pelipper|[spread] p2a,p2b\n|-immune|p1b: Dragapult\n|-enditem|p2a: Pelipper|Focus Sash\n|-damage|p2a: Pelipper|1/100\n|-damage|p2b: Sneasler|0 fnt\n|faint|p1a: Starmie\n|faint|p2b: Sneasler\n|move|p2a: Pelipper|Hurricane|p1b: Dragapult\n|-damage|p1b: Dragapult|30/100\n|\n|-weather|RainDance|[upkeep]\n|upkeep\n|\n|t:|1776537043\n|switch|p1a: Azumarill|Azumarill, L50, F|100/100\n|switch|p2b: Basculegion|Basculegion, L50, M|100/100\n|turn|2\n|\n|t:|1776537059\n|move|p1b: Dragapult|Protect|p1b: Dragapult\n|-singleturn|p1b: Dragapult|Protect\n|move|p1a: Azumarill|Aqua Jet|p2a: Pelipper\n|-resisted|p2a: Pelipper|1\n|-damage|p2a: Pelipper|0 fnt\n|faint|p2a: Pelipper\n|move|p2b: Basculegion|Last Respects|p1b: Dragapult\n|-activate|p1b: Dragapult|move: Protect\n|\n|-weather|RainDance|[upkeep]\n|upkeep\n|\n|t:|1776537069\n|switch|p2a: Dragonite|Dragonite, L50, M, shiny|100/100\n|turn|3\n|\n|t:|1776537094\n|detailschange|p2a: Dragonite|Dragonite-Mega, L50, M, shiny\n|-mega|p2a: Dragonite|Dragonite|Dragoninite\n|move|p2b: Basculegion|Last Respects|p1a: Azumarill\n|-damage|p1a: Azumarill|28/100\n|move|p1b: Dragapult|Phantom Force||[still]\n|-prepare|p1b: Dragapult|Phantom Force\n|move|p2a: Dragonite|Dragon Pulse|p1b: Dragapult|[miss]\n|-miss|p2a: Dragonite|p1b: Dragapult\n|move|p1a: Azumarill|Perish Song|p1a: Azumarill\n|-start|p1a: Azumarill|perish3|[silent]\n|-miss|p1a: Azumarill|p1b: Dragapult\n|-start|p2a: Dragonite|perish3|[silent]\n|-start|p2b: Basculegion|perish3|[silent]\n|-fieldactivate|move: Perish Song\n|\n|-weather|RainDance|[upkeep]\n|-start|p2b: Basculegion|perish3\n|-start|p2a: Dragonite|perish3\n|-start|p1a: Azumarill|perish3\n|upkeep\n|turn|4\n|inactive|Daap_15 has 30 seconds left.\n|\n|t:|1776537120\n|move|p1a: Azumarill|Protect|p1a: Azumarill\n|-singleturn|p1a: Azumarill|Protect\n|move|p2b: Basculegion|Last Respects|p1a: Azumarill\n|-activate|p1a: Azumarill|move: Protect\n|move|p1b: Dragapult|Phantom Force|p2b: Basculegion|[from] lockedmove\n|-supereffective|p2b: Basculegion|1\n|-damage|p2b: Basculegion|0 fnt\n|faint|p2b: Basculegion\n|move|p2a: Dragonite|Dragon Pulse|p1b: Dragapult\n|-supereffective|p1b: Dragapult|1\n|-damage|p1b: Dragapult|0 fnt\n|faint|p1b: Dragapult\n|\n|-weather|RainDance|[upkeep]\n|-start|p2a: Dragonite|perish2\n|-start|p1a: Azumarill|perish2\n|upkeep\n|\n|t:|1776537132\n|switch|p1b: Zoroark|Zoroark-Hisui, L50, M|100/100\n|turn|5\n|\n|t:|1776537145\n|move|p1b: Zoroark|Protect|p1b: Zoroark\n|-singleturn|p1b: Zoroark|Protect\n|move|p2a: Dragonite|Hurricane|p1b: Zoroark\n|-activate|p1b: Zoroark|move: Protect\n|move|p1a: Azumarill|Double-Edge|p2a: Dragonite\n|-damage|p2a: Dragonite|93/100\n|-damage|p1a: Azumarill|26/100|[from] Recoil\n|\n|-weather|none\n|-start|p2a: Dragonite|perish1\n|-start|p1a: Azumarill|perish1\n|upkeep\n|turn|6\n|\n|t:|1776537162\n|move|p1a: Azumarill|Protect|p1a: Azumarill\n|-singleturn|p1a: Azumarill|Protect\n|move|p1b: Zoroark|Hyper Voice|p2a: Dragonite\n|-damage|p2a: Dragonite|44/100\n|move|p2a: Dragonite|Hurricane|p1b: Zoroark\n|-damage|p1b: Zoroark|0 fnt\n|faint|p1b: Zoroark\n|\n|-start|p2a: Dragonite|perish0\n|-start|p1a: Azumarill|perish0\n|faint|p2a: Dragonite\n|faint|p1a: Azumarill\n|\n|win|vi44444\n|raw|vi44444's rating: 1070 &rarr; <strong>1104</strong><br />(+34 for winning)\n|raw|Daap_15's rating: 1127 &rarr; <strong>1098</strong><br />(-29 for losing)\n",
  "uploadtime": 1776537180,
  "views": 23,
  "formatid": "gen9championsvgc2026regma",
  "rating": 1098,
  "private": 0,
  "password": null
}