{
  "id": "gen9championsvgc2026regma-2589511118",
  "format": "[Gen 9 Champions] VGC 2026 Reg M-A",
  "players": [
    "Blueberrybolt1",
    "DaddyWex"
  ],
  "log": "|j|\u2606Blueberrybolt1\n|j|\u2606DaddyWex\n|t:|1776729600\n|gametype|doubles\n|player|p1|Blueberrybolt1|2|1204\n|player|p2|DaddyWex|turo|1193\n|gen|9\n|tier|[Gen 9 Champions] VGC 2026 Reg M-A\n|rated|\n|rule|Species Clause: Limit one of each Pok\u00e9mon\n|rule|Item Clause: Limit 1 of each item\n|clearpoke\n|poke|p1|Charizard, L50, F|\n|poke|p1|Sinistcha, L50|\n|poke|p1|Sneasler, L50, F|\n|poke|p1|Torkoal, L50, F|\n|poke|p1|Milotic, L50, M|\n|poke|p1|Incineroar, L50, F|\n|poke|p2|Venusaur, L50, F|\n|poke|p2|Charizard, L50, M, shiny|\n|poke|p2|Milotic, L50, M|\n|poke|p2|Sneasler, L50, F|\n|poke|p2|Hydrapple, L50, M|\n|poke|p2|Incineroar, L50, M|\n|teampreview|4\n|\n|t:|1776729623\n|teamsize|p1|4\n|teamsize|p2|4\n|start\n|switch|p1a: Sneasler|Sneasler, L50, F|100/100\n|switch|p1b: Charizard|Charizard, L50, F|100/100\n|switch|p2a: Milotic|Milotic, L50, M|100/100\n|switch|p2b: Sneasler|Sneasler, L50, F|100/100\n|turn|1\n|\n|t:|1776729633\n|detailschange|p1b: Charizard|Charizard-Mega-X, L50, F\n|-mega|p1b: Charizard|Charizard|Charizardite X\n|move|p1a: Sneasler|Fake Out|p2b: Sneasler\n|-damage|p2b: Sneasler|77/100\n|cant|p2b: Sneasler|flinch\n|move|p1b: Charizard|Dragon Dance|p1b: Charizard\n|-boost|p1b: Charizard|atk|1\n|-boost|p1b: Charizard|spe|1\n|move|p2a: Milotic|Coil|p2a: Milotic\n|-boost|p2a: Milotic|atk|1\n|-boost|p2a: Milotic|def|1\n|-boost|p2a: Milotic|accuracy|1\n|\n|upkeep\n|turn|2\n|inactive|Battle timer is ON: inactive players will automatically lose when time's up. (requested by DaddyWex)\n|\n|t:|1776729671\n|switch|p1a: Milotic|Milotic, L50, M|100/100\n|switch|p2b: Hydrapple|Hydrapple, L50, M|100/100\n|-ability|p2b: Hydrapple|Supersweet Syrup\n|-unboost|p1a: Milotic|evasion|1\n|-ability|p1a: Milotic|Competitive|boost\n|-boost|p1a: Milotic|spa|2\n|-unboost|p1b: Charizard|evasion|1\n|move|p1b: Charizard|Dragon Claw|p2b: Hydrapple\n|-supereffective|p2b: Hydrapple|1\n|-damage|p2b: Hydrapple|0 fnt\n|faint|p2b: Hydrapple\n|move|p2a: Milotic|Hypnosis|p1b: Charizard\n|-status|p1b: Charizard|slp|[from] move: Hypnosis\n|\n|upkeep\n|\n|t:|1776729689\n|switch|p2b: Sneasler|Sneasler, L50, F|77/100\n|turn|3\n|\n|t:|1776729706\n|move|p2b: Sneasler|Fake Out|p1a: Milotic\n|-damage|p1a: Milotic|86/100\n|cant|p1b: Charizard|slp\n|move|p2a: Milotic|Hypnosis|p1a: Milotic\n|-status|p1a: Milotic|slp|[from] move: Hypnosis\n|cant|p1a: Milotic|slp\n|\n|-heal|p1a: Milotic|92/100 slp|[from] item: Leftovers\n|upkeep\n|turn|4\n|\n|t:|1776729724\n|cant|p1b: Charizard|slp\n|move|p2b: Sneasler|Close Combat|p1b: Charizard\n|-damage|p1b: Charizard|45/100 slp\n|-unboost|p2b: Sneasler|def|1\n|-unboost|p2b: Sneasler|spd|1\n|-enditem|p2b: Sneasler|White Herb\n|-clearnegativeboost|p2b: Sneasler|[silent]\n|move|p2a: Milotic|Coil|p2a: Milotic\n|-boost|p2a: Milotic|atk|1\n|-boost|p2a: Milotic|def|1\n|-boost|p2a: Milotic|accuracy|1\n|cant|p1a: Milotic|slp\n|\n|-heal|p1a: Milotic|98/100 slp|[from] item: Leftovers\n|upkeep\n|turn|5\n|\n|t:|1776729748\n|-curestatus|p1b: Charizard|slp|[msg]\n|move|p1b: Charizard|Protect|p1b: Charizard\n|-singleturn|p1b: Charizard|Protect\n|move|p2b: Sneasler|Close Combat|p1a: Milotic\n|-damage|p1a: Milotic|31/100 slp\n|-unboost|p2b: Sneasler|def|1\n|-unboost|p2b: Sneasler|spd|1\n|move|p2a: Milotic|Coil|p2a: Milotic\n|-boost|p2a: Milotic|atk|1\n|-boost|p2a: Milotic|def|1\n|-boost|p2a: Milotic|accuracy|1\n|-curestatus|p1a: Milotic|slp|[msg]\n|move|p1a: Milotic|Coil|p1a: Milotic\n|-boost|p1a: Milotic|atk|1\n|-boost|p1a: Milotic|def|1\n|-boost|p1a: Milotic|accuracy|1\n|\n|-heal|p1a: Milotic|37/100|[from] item: Leftovers\n|upkeep\n|turn|6\n|\n|t:|1776729771\n|move|p2b: Sneasler|Close Combat|p1a: Milotic\n|-damage|p1a: Milotic|0 fnt\n|-unboost|p2b: Sneasler|def|1\n|-unboost|p2b: Sneasler|spd|1\n|faint|p1a: Milotic\n|move|p1b: Charizard|Dragon Claw|p2b: Sneasler\n|-damage|p2b: Sneasler|0 fnt\n|faint|p2b: Sneasler\n|move|p2a: Milotic|Hypnosis|p1b: Charizard\n|-status|p1b: Charizard|slp|[from] move: Hypnosis\n|\n|upkeep\n|\n|t:|1776729793\n|switch|p2b: Charizard|Charizard, L50, M, shiny|100/100\n|switch|p1a: Incineroar|Incineroar, L50, F|100/100\n|-ability|p1a: Incineroar|Intimidate|boost\n|-unboost|p2a: Milotic|atk|1\n|-ability|p2a: Milotic|Competitive|boost\n|-boost|p2a: Milotic|spa|2\n|-unboost|p2b: Charizard|atk|1\n|turn|7\n|\n|t:|1776729810\n|cant|p1b: Charizard|slp\n|move|p2b: Charizard|Protect|p2b: Charizard\n|-singleturn|p2b: Charizard|Protect\n|move|p1a: Incineroar|Fake Out|p2b: Charizard\n|-activate|p2b: Charizard|move: Protect\n|move|p2a: Milotic|Scald|p1a: Incineroar\n|-supereffective|p1a: Incineroar|1\n|-damage|p1a: Incineroar|7/100\n|\n|upkeep\n|turn|8\n|\n|t:|1776729828\n|detailschange|p2b: Charizard|Charizard-Mega-Y, L50, M, shiny\n|-mega|p2b: Charizard|Charizard|Charizardite Y\n|-weather|SunnyDay|[from] ability: Drought|[of] p2b: Charizard\n|cant|p1b: Charizard|slp\n|move|p2b: Charizard|Heat Wave|p1b: Charizard|[spread] p1a,p1b\n|-resisted|p1a: Incineroar|1\n|-resisted|p1b: Charizard|2\n|-damage|p1a: Incineroar|0 fnt\n|-damage|p1b: Charizard|29/100 slp\n|faint|p1a: Incineroar\n|move|p2a: Milotic|Hypnosis|p1b: Charizard\n|-fail|p1b: Charizard|slp\n|\n|-weather|SunnyDay|[upkeep]\n|upkeep\n|\n|t:|1776729839\n|switch|p1a: Sneasler|Sneasler, L50, F|100/100\n|turn|9\n|\n|t:|1776729860\n|move|p1a: Sneasler|Fake Out|p2a: Milotic\n|-damage|p2a: Milotic|94/100\n|-curestatus|p1b: Charizard|slp|[msg]\n|move|p1b: Charizard|Dragon Claw|p2a: Milotic\n|-damage|p2a: Milotic|60/100\n|move|p2b: Charizard|Heat Wave|p1a: Sneasler|[spread] p1a,p1b\n|-resisted|p1b: Charizard|2\n|-damage|p1a: Sneasler|20/100\n|-damage|p1b: Charizard|13/100\n|cant|p2a: Milotic|flinch\n|\n|-weather|SunnyDay|[upkeep]\n|-heal|p2a: Milotic|66/100|[from] item: Leftovers\n|upkeep\n|turn|10\n|inactive|Blueberrybolt1 has 30 seconds left.\n|\n|t:|1776729885\n|move|p1b: Charizard|Dragon Claw|p2b: Charizard\n|-damage|p2b: Charizard|3/100\n|move|p1a: Sneasler|Close Combat|p2a: Milotic\n|-damage|p2a: Milotic|39/100\n|-unboost|p1a: Sneasler|def|1\n|-unboost|p1a: Sneasler|spd|1\n|move|p2b: Charizard|Weather Ball|p1b: Charizard\n|-resisted|p1b: Charizard|2\n|-damage|p1b: Charizard|0 fnt\n|faint|p1b: Charizard\n|move|p2a: Milotic|Scald|p1a: Sneasler\n|-damage|p1a: Sneasler|0 fnt\n|faint|p1a: Sneasler\n|\n|win|DaddyWex\n|raw|Blueberrybolt1's rating: 1204 &rarr; <strong>1178</strong><br />(-26 for losing)\n|raw|DaddyWex's rating: 1193 &rarr; <strong>1219</strong><br />(+26 for winning)\n",
  "uploadtime": 1776729907,
  "views": 4,
  "formatid": "gen9championsvgc2026regma",
  "rating": 1178,
  "private": 0,
  "password": null
}