{
  "id": "gen9championsvgc2026regma-2583853293",
  "format": "[Gen 9 Champions] VGC 2026 Reg M-A",
  "players": [
    "Negative31x",
    "Ch4mk3_"
  ],
  "log": "|j|\u2606Negative31x\n|j|\u2606Ch4mk3_\n|t:|1776202827\n|gametype|doubles\n|player|p1|Negative31x|lance|1050\n|player|p2|Ch4mk3_|lance|1077\n|gen|9\n|tier|[Gen 9 Champions] VGC 2026 Reg M-A\n|rated|\n|rule|Species Clause: Limit one of each Pok\u00e9mon\n|rule|Item Clause: Limit 1 of each item\n|clearpoke\n|poke|p1|Dragonite, L50, F|\n|poke|p1|Politoed, L50, M|\n|poke|p1|Archaludon, L50, F|\n|poke|p1|Palafin, L50, M|\n|poke|p1|Incineroar, L50, F|\n|poke|p1|Sinistcha, L50|\n|poke|p2|Meganium, L50, F|\n|poke|p2|Pelipper, L50, M|\n|poke|p2|Basculegion, L50, M|\n|poke|p2|Politoed, L50, F|\n|poke|p2|Rhyperior, L50, F|\n|poke|p2|Archaludon, L50, F|\n|teampreview|4\n|j| letataii\n|l| letataii\n|\n|t:|1776202870\n|teamsize|p1|4\n|teamsize|p2|4\n|start\n|switch|p1a: Sinistcha|Sinistcha, L50|100/100\n|switch|p1b: Palafin|Palafin, L50, M|100/100\n|switch|p2a: Politoed|Politoed, L50, F|100/100\n|switch|p2b: Archaludon|Archaludon, L50, F|100/100\n|-weather|RainDance|[from] ability: Drizzle|[of] p2a: Politoed\n|turn|1\n|\n|t:|1776202900\n|move|p2a: Politoed|Helping Hand|p2b: Archaludon\n|-singleturn|p2b: Archaludon|Helping Hand|[of] p2a: Politoed\n|move|p1b: Palafin|Flip Turn|p2b: Archaludon\n|-resisted|p2b: Archaludon|1\n|-damage|p2b: Archaludon|88/100\n|\n|t:|1776202909\n|detailschange|p1b: Palafin|Palafin-Hero, L50, M\n|switch|p1b: Archaludon|Archaludon, L50, F|100/100|[from] Flip Turn\n|move|p2b: Archaludon|Electro Shot||[still]\n|-prepare|p2b: Archaludon|Electro Shot\n|-boost|p2b: Archaludon|spa|1\n|-anim|p2b: Archaludon|Electro Shot|p1b: Archaludon\n|-resisted|p1b: Archaludon|1\n|-damage|p1b: Archaludon|28/100\n|-ability|p1b: Archaludon|Stamina|boost\n|-boost|p1b: Archaludon|def|1\n|move|p1a: Sinistcha|Trick Room|p1a: Sinistcha\n|-fieldstart|move: Trick Room|[of] p1a: Sinistcha\n|\n|-weather|RainDance|[upkeep]\n|upkeep\n|turn|2\n|\n|t:|1776202937\n|move|p2b: Archaludon|Protect|p2b: Archaludon\n|-singleturn|p2b: Archaludon|Protect\n|move|p1a: Sinistcha|Life Dew||[still]|[spread] p1a,p1b\n|-fail|p1a: Sinistcha|heal\n|-heal|p1b: Archaludon|53/100\n|move|p2a: Politoed|Icy Wind|p1b: Archaludon|[spread] p1a,p1b\n|-supereffective|p1a: Sinistcha|1\n|-damage|p1a: Sinistcha|78/100\n|-damage|p1b: Archaludon|40/100\n|-unboost|p1a: Sinistcha|spe|1\n|-unboost|p1b: Archaludon|spe|1\n|-ability|p1b: Archaludon|Stamina|boost\n|-boost|p1b: Archaludon|def|1\n|move|p1b: Archaludon|Electro Shot||[still]\n|-prepare|p1b: Archaludon|Electro Shot\n|-boost|p1b: Archaludon|spa|1\n|-anim|p1b: Archaludon|Electro Shot|p2a: Politoed\n|-supereffective|p2a: Politoed|1\n|-damage|p2a: Politoed|0 fnt\n|faint|p2a: Politoed\n|\n|-weather|RainDance|[upkeep]\n|upkeep\n|\n|t:|1776202956\n|switch|p2a: Rhyperior|Rhyperior, L50, F|100/100\n|turn|3\n|\n|t:|1776202986\n|switch|p2b: Meganium|Meganium, L50, F|100/100\n|switch|p1b: Palafin|Palafin-Hero, L50, M|100/100\n|-activate|p1b: Palafin|ability: Zero to Hero\n|move|p1a: Sinistcha|Protect|p1a: Sinistcha\n|-singleturn|p1a: Sinistcha|Protect\n|move|p2a: Rhyperior|Earthquake|p1b: Palafin|[spread] p2b,p1b\n|-activate|p1a: Sinistcha|move: Protect\n|-resisted|p2b: Meganium|1\n|-damage|p2b: Meganium|76/100\n|-damage|p1b: Palafin|61/100\n|\n|-weather|RainDance|[upkeep]\n|upkeep\n|turn|4\n|\n|t:|1776203017\n|switch|p2a: Archaludon|Archaludon, L50, F|88/100\n|detailschange|p2b: Meganium|Meganium-Mega, L50, F\n|-mega|p2b: Meganium|Meganium|Meganiumite\n|move|p1b: Palafin|Jet Punch|p2a: Archaludon\n|-resisted|p2a: Archaludon|1\n|-damage|p2a: Archaludon|65/100\n|move|p1a: Sinistcha|Life Dew|p1a: Sinistcha|[spread] p1a,p1b\n|-heal|p1a: Sinistcha|100/100\n|-heal|p1b: Palafin|86/100\n|move|p2b: Meganium|Solar Beam||[still]\n|-prepare|p2b: Meganium|Solar Beam\n|-activate|p2b: Meganium|ability: Mega Sol\n|-anim|p2b: Meganium|Solar Beam|p1b: Palafin\n|-supereffective|p1b: Palafin|1\n|-crit|p1b: Palafin\n|-damage|p1b: Palafin|0 fnt\n|faint|p1b: Palafin\n|\n|-weather|RainDance|[upkeep]\n|upkeep\n|\n|t:|1776203042\n|switch|p1b: Archaludon|Archaludon, L50, F|40/100\n|turn|5\n|\n|t:|1776203060\n|move|p1a: Sinistcha|Protect|p1a: Sinistcha\n|-singleturn|p1a: Sinistcha|Protect\n|move|p2b: Meganium|Protect|p2b: Meganium\n|-singleturn|p2b: Meganium|Protect\n|move|p2a: Archaludon|Protect|p2a: Archaludon\n|-singleturn|p2a: Archaludon|Protect\n|move|p1b: Archaludon|Draco Meteor|p2a: Archaludon\n|-activate|p2a: Archaludon|move: Protect\n|\n|-weather|none\n|-fieldend|move: Trick Room\n|upkeep\n|turn|6\n|\n|t:|1776203081\n|switch|p2a: Rhyperior|Rhyperior, L50, F|100/100\n|move|p1b: Archaludon|Draco Meteor|p2a: Rhyperior\n|-damage|p2a: Rhyperior|6/100\n|-unboost|p1b: Archaludon|spa|2\n|move|p2b: Meganium|Weather Ball|p1a: Sinistcha\n|-supereffective|p1a: Sinistcha|1\n|-enditem|p1a: Sinistcha|Focus Sash\n|-damage|p1a: Sinistcha|1/100\n|move|p1a: Sinistcha|Trick Room|p1a: Sinistcha\n|-fieldstart|move: Trick Room|[of] p1a: Sinistcha\n|\n|upkeep\n|turn|7\n|\n|t:|1776203111\n|switch|p1b: Dragonite|Dragonite, L50, F, shiny|100/100\n|move|p2b: Meganium|Protect|p2b: Meganium\n|-singleturn|p2b: Meganium|Protect\n|move|p1a: Sinistcha|Matcha Gotcha|p2a: Rhyperior|[spread] p2a\n|-activate|p2b: Meganium|move: Protect\n|-supereffective|p2a: Rhyperior|2\n|-crit|p2a: Rhyperior\n|-enditem|p2a: Rhyperior|Rindo Berry|[eat]\n|-enditem|p2a: Rhyperior|Rindo Berry|[weaken]\n|-damage|p2a: Rhyperior|0 fnt\n|-heal|p1a: Sinistcha|4/100|[from] drain|[of] p2a: Rhyperior\n|faint|p2a: Rhyperior\n|\n|upkeep\n|\n|t:|1776203124\n|switch|p2a: Archaludon|Archaludon, L50, F|65/100\n|turn|8\n|\n|t:|1776203140\n|switch|p1a: Archaludon|Archaludon, L50, F|40/100\n|detailschange|p1b: Dragonite|Dragonite-Mega, L50, F, shiny\n|-mega|p1b: Dragonite|Dragonite|Dragoninite\n|move|p2b: Meganium|Weather Ball|p1b: Dragonite\n|-resisted|p1b: Dragonite|1\n|-damage|p1b: Dragonite|87/100\n|move|p2a: Archaludon|Draco Meteor|p1b: Dragonite\n|-supereffective|p1b: Dragonite|1\n|-damage|p1b: Dragonite|0 fnt\n|-unboost|p2a: Archaludon|spa|2\n|faint|p1b: Dragonite\n|-enditem|p2a: Archaludon|White Herb\n|-clearnegativeboost|p2a: Archaludon|[silent]\n|\n|upkeep\n|\n|t:|1776203155\n|switch|p1b: Sinistcha|Sinistcha, L50|4/100\n|-heal|p1a: Archaludon|65/100|[from] ability: Hospitality|[of] p1b: Sinistcha\n|turn|9\n|\n|t:|1776203172\n|move|p1b: Sinistcha|Life Dew|p1b: Sinistcha|[spread] p1a,p1b\n|-heal|p1a: Archaludon|90/100\n|-heal|p1b: Sinistcha|30/100\n|move|p2b: Meganium|Weather Ball|p1a: Archaludon\n|-damage|p1a: Archaludon|3/100\n|-ability|p1a: Archaludon|Stamina|boost\n|-boost|p1a: Archaludon|def|1\n|move|p2a: Archaludon|Flash Cannon|p1b: Sinistcha\n|-damage|p1b: Sinistcha|0 fnt\n|faint|p1b: Sinistcha\n|move|p1a: Archaludon|Flash Cannon|p2b: Meganium\n|-supereffective|p2b: Meganium|1\n|-damage|p2b: Meganium|0 fnt\n|faint|p2b: Meganium\n|\n|upkeep\n|turn|10\n|\n|t:|1776203194\n|move|p2a: Archaludon|Draco Meteor|p1a: Archaludon\n|-damage|p1a: Archaludon|0 fnt\n|-unboost|p2a: Archaludon|spa|2\n|faint|p1a: Archaludon\n|\n|win|Ch4mk3_\n|raw|Negative31x's rating: 1050 &rarr; <strong>1034</strong><br />(-16 for losing)\n|raw|Ch4mk3_'s rating: 1077 &rarr; <strong>1103</strong><br />(+26 for winning)\n|c|\u2606Ch4mk3_|gg\n|c|\u2606Negative31x|Gg\n",
  "uploadtime": 1776203212,
  "views": 20,
  "formatid": "gen9championsvgc2026regma",
  "rating": 1034,
  "private": 0,
  "password": null
}