{
  "id": "gen9championsvgc2026regma-2583658307",
  "format": "[Gen 9 Champions] VGC 2026 Reg M-A",
  "players": [
    "epicninjacatbro",
    "DES390"
  ],
  "log": "|j|\u2606epicninjacatbro\n|j|\u2606DES390\n|t:|1776189264\n|gametype|doubles\n|player|p1|epicninjacatbro|sabrina|1123\n|player|p2|DES390|265|1132\n|gen|9\n|tier|[Gen 9 Champions] VGC 2026 Reg M-A\n|rated|\n|rule|Species Clause: Limit one of each Pok\u00e9mon\n|rule|Item Clause: Limit 1 of each item\n|clearpoke\n|poke|p1|Charizard, L50, M|\n|poke|p1|Venusaur, L50, F|\n|poke|p1|Emolga, L50, M|\n|poke|p1|Excadrill, L50, F|\n|poke|p1|Milotic, L50, M|\n|poke|p1|Hatterene, L50, F|\n|poke|p2|Crabominable, L50, M|\n|poke|p2|Farigiraf, L50, M|\n|poke|p2|Kleavor, L50, F|\n|poke|p2|Milotic, L50, M|\n|poke|p2|Torkoal, L50, F|\n|poke|p2|Meowscarada, L50, M|\n|teampreview|4\n|inactive|Battle timer is ON: inactive players will automatically lose when time's up. (requested by DES390)\n|\n|t:|1776189313\n|teamsize|p1|4\n|teamsize|p2|4\n|start\n|switch|p1a: Hatterene|Hatterene, L50, F|100/100\n|switch|p1b: Charizard|Charizard, L50, M|100/100\n|switch|p2a: Farigiraf|Farigiraf, L50, M|100/100\n|switch|p2b: Kleavor|Kleavor, L50, F|100/100\n|turn|1\n|\n|t:|1776189331\n|detailschange|p1b: Charizard|Charizard-Mega-Y, L50, M\n|-mega|p1b: Charizard|Charizard|Charizardite Y\n|-weather|SunnyDay|[from] ability: Drought|[of] p1b: Charizard\n|move|p1b: Charizard|Protect|p1b: Charizard\n|-singleturn|p1b: Charizard|Protect\n|move|p2b: Kleavor|Stone Axe|p1b: Charizard\n|-activate|p1b: Charizard|move: Protect\n|move|p2a: Farigiraf|Hyper Voice|p1b: Charizard|[spread] p1a\n|-activate|p1b: Charizard|move: Protect\n|-damage|p1a: Hatterene|68/100\n|move|p1a: Hatterene|Psyshock|p2b: Kleavor\n|-crit|p2b: Kleavor\n|-damage|p2b: Kleavor|26/100\n|\n|-weather|SunnyDay|[upkeep]\n|upkeep\n|turn|2\n|\n|t:|1776189353\n|switch|p1b: Excadrill|Excadrill, L50, F|100/100\n|-ability|p1b: Excadrill|Mold Breaker\n|move|p2b: Kleavor|Stone Axe|p1b: Excadrill|[miss]\n|-miss|p2b: Kleavor|p1b: Excadrill\n|move|p1a: Hatterene|Psyshock|p2b: Kleavor\n|-damage|p2b: Kleavor|0 fnt\n|faint|p2b: Kleavor\n|move|p2a: Farigiraf|Trick Room|p2a: Farigiraf\n|-fieldstart|move: Trick Room|[of] p2a: Farigiraf\n|\n|-weather|SunnyDay|[upkeep]\n|upkeep\n|\n|t:|1776189365\n|switch|p2b: Crabominable|Crabominable, L50, M|100/100\n|turn|3\n|\n|t:|1776189381\n|detailschange|p2b: Crabominable|Crabominable-Mega, L50, M\n|-mega|p2b: Crabominable|Crabominable|Crabominite\n|-singleturn|p2b: Crabominable|move: Focus Punch\n|move|p1a: Hatterene|Psyshock|p2b: Crabominable\n|-supereffective|p2b: Crabominable|1\n|-damage|p2b: Crabominable|47/100\n|move|p2a: Farigiraf|Hyper Voice|p1b: Excadrill|[spread] p1a,p1b\n|-resisted|p1b: Excadrill|1\n|-crit|p1b: Excadrill\n|-damage|p1a: Hatterene|38/100\n|-damage|p1b: Excadrill|70/100\n|move|p1b: Excadrill|Rock Slide|p2a: Farigiraf|[spread] p2a,p2b\n|-damage|p2a: Farigiraf|80/100\n|-damage|p2b: Crabominable|31/100\n|cant|p2b: Crabominable|Focus Punch|Focus Punch\n|\n|-weather|SunnyDay|[upkeep]\n|upkeep\n|turn|4\n|inactive|epicninjacatbro has 30 seconds left.\n|inactive|DES390 has 30 seconds left.\n|\n|t:|1776189413\n|move|p2b: Crabominable|Protect|p2b: Crabominable\n|-singleturn|p2b: Crabominable|Protect\n|move|p1b: Excadrill|Protect|p1b: Excadrill\n|-singleturn|p1b: Excadrill|Protect\n|move|p1a: Hatterene|Dazzling Gleam|p2b: Crabominable|[spread] p2a\n|-activate|p2b: Crabominable|move: Protect\n|-damage|p2a: Farigiraf|54/100\n|move|p2a: Farigiraf|Hyper Voice|p1b: Excadrill|[spread] p1a\n|-activate|p1b: Excadrill|move: Protect\n|-damage|p1a: Hatterene|8/100\n|\n|-weather|SunnyDay|[upkeep]\n|upkeep\n|turn|5\n|\n|t:|1776189430\n|switch|p2b: Milotic|Milotic, L50, M, shiny|100/100\n|switch|p1b: Charizard|Charizard-Mega-Y, L50, M|100/100\n|move|p1a: Hatterene|Dazzling Gleam|p2b: Milotic|[spread] p2a,p2b\n|-damage|p2a: Farigiraf|26/100\n|-damage|p2b: Milotic|80/100\n|move|p2a: Farigiraf|Hyper Voice|p1a: Hatterene|[spread] p1a,p1b\n|-damage|p1a: Hatterene|0 fnt\n|-damage|p1b: Charizard|67/100\n|faint|p1a: Hatterene\n|\n|-weather|none\n|-heal|p2b: Milotic|86/100|[from] item: Leftovers\n|upkeep\n|\n|t:|1776189441\n|switch|p1a: Excadrill|Excadrill, L50, F|70/100\n|-ability|p1a: Excadrill|Mold Breaker\n|turn|6\n|\n|t:|1776189462\n|move|p1b: Charizard|Protect|p1b: Charizard\n|-singleturn|p1b: Charizard|Protect\n|move|p2a: Farigiraf|Hyper Voice|p1a: Excadrill|[spread] p1a\n|-activate|p1b: Charizard|move: Protect\n|-resisted|p1a: Excadrill|1\n|-damage|p1a: Excadrill|49/100\n|move|p2b: Milotic|Scald|p1b: Charizard\n|-activate|p1b: Charizard|move: Protect\n|move|p1a: Excadrill|Rock Slide|p2b: Milotic|[spread] p2a,p2b\n|-damage|p2a: Farigiraf|6/100\n|-damage|p2b: Milotic|66/100\n|\n|-heal|p2b: Milotic|72/100|[from] item: Leftovers\n|-fieldend|move: Trick Room\n|upkeep\n|turn|7\n|inactive|epicninjacatbro has 30 seconds left.\n|\n|t:|1776189494\n|switch|p1b: Milotic|Milotic, L50, M|100/100\n|move|p1a: Excadrill|Protect|p1a: Excadrill\n|-singleturn|p1a: Excadrill|Protect\n|move|p2b: Milotic|Scald|p1b: Milotic\n|-resisted|p1b: Milotic|1\n|-damage|p1b: Milotic|87/100\n|-status|p1b: Milotic|brn\n|move|p2a: Farigiraf|Trick Room|p2a: Farigiraf\n|-fieldstart|move: Trick Room|[of] p2a: Farigiraf\n|\n|-heal|p1b: Milotic|93/100 brn|[from] item: Leftovers\n|-heal|p2b: Milotic|78/100|[from] item: Leftovers\n|-damage|p1b: Milotic|87/100 brn|[from] brn\n|upkeep\n|turn|8\n|inactive|epicninjacatbro has 30 seconds left.\n|inactive|DES390 has 30 seconds left.\n|inactive|epicninjacatbro has 20 seconds left.\n|inactive|epicninjacatbro has 15 seconds left.\n|inactive|epicninjacatbro has 10 seconds left.\n|\n|t:|1776189543\n|move|p2a: Farigiraf|Protect|p2a: Farigiraf\n|-singleturn|p2a: Farigiraf|Protect\n|move|p1b: Milotic|Scald|p2a: Farigiraf\n|-activate|p2a: Farigiraf|move: Protect\n|move|p2b: Milotic|Scald|p1a: Excadrill\n|-supereffective|p1a: Excadrill|1\n|-damage|p1a: Excadrill|0 fnt\n|faint|p1a: Excadrill\n|\n|-heal|p1b: Milotic|93/100 brn|[from] item: Leftovers\n|-heal|p2b: Milotic|84/100|[from] item: Leftovers\n|-damage|p1b: Milotic|87/100 brn|[from] brn\n|upkeep\n|\n|t:|1776189548\n|switch|p1a: Charizard|Charizard-Mega-Y, L50, M|67/100\n|-weather|SunnyDay|[from] ability: Drought|[of] p1a: Charizard\n|turn|9\n|\n|t:|1776189562\n|move|p2a: Farigiraf|Hyper Voice|p1b: Milotic|[spread] p1a,p1b\n|-damage|p1a: Charizard|35/100\n|-damage|p1b: Milotic|65/100 brn\n|move|p1b: Milotic|Scald|p2a: Farigiraf\n|-damage|p2a: Farigiraf|0 fnt\n|faint|p2a: Farigiraf\n|move|p2b: Milotic|Scald|p1a: Charizard\n|-supereffective|p1a: Charizard|1\n|-damage|p1a: Charizard|0 fnt\n|faint|p1a: Charizard\n|\n|-weather|SunnyDay|[upkeep]\n|-heal|p2b: Milotic|89/100|[from] item: Leftovers\n|-heal|p1b: Milotic|71/100 brn|[from] item: Leftovers\n|-damage|p1b: Milotic|65/100 brn|[from] brn\n|upkeep\n|\n|t:|1776189571\n|switch|p2a: Crabominable|Crabominable-Mega, L50, M|31/100\n|turn|10\n|-message|epicninjacatbro forfeited.\n|\n|win|DES390\n|raw|epicninjacatbro's rating: 1123 &rarr; <strong>1099</strong><br />(-24 for losing)\n|raw|DES390's rating: 1132 &rarr; <strong>1156</strong><br />(+24 for winning)\n|l|\u2606epicninjacatbro\n|player|p1|\n",
  "uploadtime": 1776189579,
  "views": 13,
  "formatid": "gen9championsvgc2026regma",
  "rating": 1099,
  "private": 0,
  "password": null
}