{
  "id": "gen9championsvgc2026regma-2584695039",
  "format": "[Gen 9 Champions] VGC 2026 Reg M-A",
  "players": [
    "sebas99sevilla",
    "Murphy's kitchen"
  ],
  "log": "|j|\u2606sebas99sevilla\n|j|\u2606Murphy's kitchen\n|t:|1776277313\n|gametype|doubles\n|player|p1|sebas99sevilla|102|1363\n|player|p2|Murphy's kitchen|102|1492\n|gen|9\n|tier|[Gen 9 Champions] VGC 2026 Reg M-A\n|rated|\n|rule|Species Clause: Limit one of each Pok\u00e9mon\n|rule|Item Clause: Limit 1 of each item\n|clearpoke\n|poke|p1|Froslass, L50, F|\n|poke|p1|Kingambit, L50, F|\n|poke|p1|Garchomp, L50, F|\n|poke|p1|Empoleon, L50, M|\n|poke|p1|Rotom-Frost, L50|\n|poke|p1|Incineroar, L50, F|\n|poke|p2|Basculegion, L50, M|\n|poke|p2|Aerodactyl, L50, F|\n|poke|p2|Kommo-o, L50, F|\n|poke|p2|Scovillain, L50, M|\n|poke|p2|Scizor, L50, F|\n|poke|p2|Sneasler, L50, M|\n|teampreview|4\n|inactive|Battle timer is ON: inactive players will automatically lose when time's up. (requested by sebas99sevilla)\n|inactive|Murphy's kitchen has 60 seconds left.\n|\n|t:|1776277354\n|teamsize|p1|4\n|teamsize|p2|4\n|start\n|switch|p1a: Rotom|Rotom-Frost, L50|100/100\n|switch|p1b: Froslass|Froslass, L50, F|100/100\n|switch|p2a: Aerodactyl|Aerodactyl, L50, F|100/100\n|switch|p2b: Scizor|Scizor, L50, F|100/100\n|-ability|p2a: Aerodactyl|Unnerve\n|turn|1\n|inactive|sebas99sevilla has 30 seconds left.\n|inactive|Murphy's kitchen has 30 seconds left.\n|\n|t:|1776277387\n|move|p1b: Froslass|Protect|p1b: Froslass\n|-singleturn|p1b: Froslass|Protect\n|move|p2b: Scizor|Bullet Punch|p1b: Froslass\n|-activate|p1b: Froslass|move: Protect\n|move|p1a: Rotom|Volt Switch|p2a: Aerodactyl\n|-supereffective|p2a: Aerodactyl|1\n|-damage|p2a: Aerodactyl|16/100\n|\n|t:|1776277395\n|switch|p1a: Incineroar|Incineroar, L50, F|100/100|[from] Volt Switch\n|-ability|p1a: Incineroar|Intimidate|boost\n|-unboost|p2a: Aerodactyl|atk|1\n|-unboost|p2b: Scizor|atk|1\n|move|p2a: Aerodactyl|Rock Slide|p1b: Froslass|[spread] \n|-activate|p1b: Froslass|move: Protect\n|-miss|p2a: Aerodactyl|p1a: Incineroar\n|\n|upkeep\n|turn|2\n|\n|t:|1776277412\n|switch|p1b: Garchomp|Garchomp, L50, F|100/100\n|move|p2a: Aerodactyl|Rock Slide|p1b: Garchomp|[spread] p1b\n|-miss|p2a: Aerodactyl|p1a: Incineroar\n|-resisted|p1b: Garchomp|1\n|-damage|p1b: Garchomp|92/100\n|move|p2b: Scizor|Swords Dance|p2b: Scizor\n|-boost|p2b: Scizor|atk|2\n|move|p1a: Incineroar|Flare Blitz|p2b: Scizor\n|-supereffective|p2b: Scizor|2\n|-damage|p2b: Scizor|0 fnt\n|faint|p2b: Scizor\n|-damage|p1a: Incineroar|72/100|[from] Recoil\n|\n|upkeep\n|\n|t:|1776277428\n|switch|p2b: Kommo-o|Kommo-o, L50, F|100/100\n|turn|3\n|\n|t:|1776277437\n|move|p2a: Aerodactyl|Tailwind|p2a: Aerodactyl\n|-sidestart|p2: Murphy's kitchen|move: Tailwind\n|move|p2b: Kommo-o|Clangorous Soul|p2b: Kommo-o\n|-boost|p2b: Kommo-o|atk|1\n|-boost|p2b: Kommo-o|def|1\n|-boost|p2b: Kommo-o|spa|1\n|-boost|p2b: Kommo-o|spd|1\n|-boost|p2b: Kommo-o|spe|1\n|-damage|p2b: Kommo-o|68/100\n|move|p1b: Garchomp|Dragon Claw|p2b: Kommo-o\n|-supereffective|p2b: Kommo-o|1\n|-damage|p2b: Kommo-o|16/100\n|move|p1a: Incineroar|Parting Shot|p2b: Kommo-o\n|-immune|p2b: Kommo-o|[from] ability: Soundproof\n|\n|-heal|p2b: Kommo-o|22/100|[from] item: Leftovers\n|upkeep\n|turn|4\n|\n|t:|1776277456\n|move|p2b: Kommo-o|Clanging Scales|p1b: Garchomp|[spread] p1a,p1b\n|-supereffective|p1b: Garchomp|1\n|-damage|p1a: Incineroar|23/100\n|-damage|p1b: Garchomp|0 fnt\n|faint|p1b: Garchomp\n|-unboost|p2b: Kommo-o|def|1\n|move|p2a: Aerodactyl|Rock Slide|p1a: Incineroar\n|-supereffective|p1a: Incineroar|1\n|-damage|p1a: Incineroar|0 fnt\n|faint|p1a: Incineroar\n|\n|-heal|p2b: Kommo-o|28/100|[from] item: Leftovers\n|upkeep\n|\n|t:|1776277463\n|switch|p1b: Froslass|Froslass, L50, F|100/100\n|switch|p1a: Rotom|Rotom-Frost, L50|100/100\n|turn|5\n|\n|t:|1776277474\n|detailschange|p1b: Froslass|Froslass-Mega, L50, F\n|-mega|p1b: Froslass|Froslass|Froslassite\n|-weather|Snowscape|[from] ability: Snow Warning|[of] p1b: Froslass\n|move|p2b: Kommo-o|Clanging Scales|p1a: Rotom|[spread] p1a,p1b\n|-damage|p1a: Rotom|30/100\n|-damage|p1b: Froslass|38/100\n|-unboost|p2b: Kommo-o|def|1\n|move|p2a: Aerodactyl|Rock Slide|p1a: Rotom|[spread] p1a,p1b\n|-supereffective|p1a: Rotom|1\n|-supereffective|p1b: Froslass|1\n|-damage|p1a: Rotom|0 fnt\n|-damage|p1b: Froslass|4/100\n|faint|p1a: Rotom\n|move|p1b: Froslass|Blizzard|p2b: Kommo-o|[spread] p2a,p2b\n|-supereffective|p2a: Aerodactyl|1\n|-supereffective|p2b: Kommo-o|1\n|-damage|p2a: Aerodactyl|0 fnt\n|-damage|p2b: Kommo-o|0 fnt\n|faint|p2a: Aerodactyl\n|faint|p2b: Kommo-o\n|\n|-weather|Snowscape|[upkeep]\n|upkeep\n|\n|t:|1776277495\n|switch|p2a: Scovillain|Scovillain, L50, M|100/100\n|turn|6\n|\n|t:|1776277504\n|detailschange|p2a: Scovillain|Scovillain-Mega, L50, M\n|-mega|p2a: Scovillain|Scovillain|Scovillainite\n|move|p1b: Froslass|Protect|p1b: Froslass\n|-singleturn|p1b: Froslass|Protect\n|move|p2a: Scovillain|Overheat|p1b: Froslass\n|-activate|p1b: Froslass|move: Protect\n|\n|-weather|Snowscape|[upkeep]\n|-sideend|p2: Murphy's kitchen|move: Tailwind\n|upkeep\n|turn|7\n|\n|t:|1776277515\n|move|p1b: Froslass|Blizzard|p2a: Scovillain\n|-damage|p2a: Scovillain|32/100\n|-status|p1b: Froslass|brn|[from] ability: Spicy Spray|[of] p2a: Scovillain\n|move|p2a: Scovillain|Overheat|p1b: Froslass|[miss]\n|-miss|p2a: Scovillain|p1b: Froslass\n|\n|-weather|Snowscape|[upkeep]\n|-damage|p1b: Froslass|0 fnt|[from] brn\n|faint|p1b: Froslass\n|\n|win|Murphy's kitchen\n|raw|sebas99sevilla's rating: 1363 &rarr; <strong>1350</strong><br />(-13 for losing)\n|raw|Murphy&apos;s kitchen's rating: 1492 &rarr; <strong>1505</strong><br />(+13 for winning)\n",
  "uploadtime": 1776277530,
  "views": 40,
  "formatid": "gen9championsvgc2026regma",
  "rating": 1350,
  "private": 0,
  "password": null
}