{
  "id": "gen9championsvgc2026regma-2582114240",
  "format": "[Gen 9 Champions] VGC 2026 Reg M-A",
  "players": [
    "lolgz",
    "Sores"
  ],
  "log": "|j|\u2606lolgz\n|j|\u2606Sores\n|t:|1776059707\n|gametype|doubles\n|player|p1|lolgz|266|1327\n|player|p2|Sores|veteran|1258\n|gen|9\n|tier|[Gen 9 Champions] VGC 2026 Reg M-A\n|rated|\n|rule|Species Clause: Limit one of each Pok\u00e9mon\n|rule|Item Clause: Limit 1 of each item\n|clearpoke\n|poke|p1|Charizard, L50, F|\n|poke|p1|Whimsicott, L50, M|\n|poke|p1|Garchomp, L50, M|\n|poke|p1|Farigiraf, L50, F|\n|poke|p1|Sneasler, L50, F|\n|poke|p1|Floette-Eternal, L50, F|\n|poke|p2|Sableye, L50, M|\n|poke|p2|Incineroar, L50, M|\n|poke|p2|Farigiraf, L50, M|\n|poke|p2|Milotic, L50, F|\n|poke|p2|Dragapult, L50, M|\n|poke|p2|Ninetales-Alola, L50, F|\n|teampreview|4\n|\n|t:|1776059750\n|teamsize|p1|4\n|teamsize|p2|4\n|start\n|switch|p1a: Whimsicott|Whimsicott, L50, M|100/100\n|switch|p1b: Floette|Floette-Eternal, L50, F|100/100\n|switch|p2a: Dragapult|Dragapult, L50, M|100/100\n|switch|p2b: Farigiraf|Farigiraf, L50, M|100/100\n|turn|1\n|\n|t:|1776059801\n|switch|p2a: Incineroar|Incineroar, L50, M|100/100\n|-ability|p2a: Incineroar|Intimidate|boost\n|-block|p1a: Whimsicott|ability: Flower Veil|[of] p1b: Floette\n|-unboost|p1b: Floette|atk|1\n|detailschange|p1b: Floette|Floette-Mega, L50, F\n|-mega|p1b: Floette|Floette|Floettite\n|-ability|p1b: Floette|Fairy Aura\n|move|p1a: Whimsicott|Moonblast|p2b: Farigiraf\n|-damage|p2b: Farigiraf|68/100\n|move|p1b: Floette|Moonblast|p2b: Farigiraf\n|-damage|p2b: Farigiraf|12/100\n|move|p2b: Farigiraf|Trick Room|p2b: Farigiraf\n|-fieldstart|move: Trick Room|[of] p2b: Farigiraf\n|\n|upkeep\n|turn|2\n|\n|t:|1776059819\n|move|p2b: Farigiraf|Psychic Noise|p1a: Whimsicott\n|-damage|p1a: Whimsicott|52/100\n|-start|p1a: Whimsicott|move: Heal Block\n|move|p2a: Incineroar|Flare Blitz|p1a: Whimsicott\n|-supereffective|p1a: Whimsicott|1\n|-damage|p1a: Whimsicott|0 fnt\n|faint|p1a: Whimsicott\n|-damage|p2a: Incineroar|89/100|[from] Recoil\n|move|p1b: Floette|Dazzling Gleam|p2b: Farigiraf|[spread] p2a,p2b\n|-damage|p2a: Incineroar|42/100\n|-damage|p2b: Farigiraf|0 fnt\n|-enditem|p2a: Incineroar|Sitrus Berry|[eat]\n|-heal|p2a: Incineroar|66/100|[from] item: Sitrus Berry\n|faint|p2b: Farigiraf\n|\n|upkeep\n|\n|t:|1776059823\n|switch|p2b: Sableye|Sableye, L50, M|100/100\n|switch|p1a: Sneasler|Sneasler, L50, F|100/100\n|turn|3\n|\n|t:|1776059834\n|detailschange|p2b: Sableye|Sableye-Mega, L50, M\n|-mega|p2b: Sableye|Sableye|Sablenite\n|move|p2b: Sableye|Bulk Up|p2b: Sableye\n|-boost|p2b: Sableye|atk|1\n|-boost|p2b: Sableye|def|1\n|move|p2a: Incineroar|Parting Shot|p1b: Floette\n|-unboost|p1b: Floette|atk|1\n|-unboost|p1b: Floette|spa|1\n|\n|t:|1776059841\n|switch|p2a: Dragapult|Dragapult, L50, M|100/100|[from] Parting Shot\n|move|p1b: Floette|Dazzling Gleam|p2a: Dragapult|[spread] p2a,p2b\n|-supereffective|p2a: Dragapult|1\n|-supereffective|p2b: Sableye|1\n|-damage|p2a: Dragapult|11/100\n|-damage|p2b: Sableye|28/100\n|move|p1a: Sneasler|Close Combat|p2a: Dragapult\n|-immune|p2a: Dragapult\n|\n|upkeep\n|turn|4\n|\n|t:|1776059879\n|switch|p2a: Incineroar|Incineroar, L50, M|66/100\n|-ability|p2a: Incineroar|Intimidate|boost\n|-unboost|p1a: Sneasler|atk|1\n|-unboost|p1b: Floette|atk|1\n|-enditem|p1a: Sneasler|White Herb\n|-clearnegativeboost|p1a: Sneasler|[silent]\n|move|p2b: Sableye|Pain Split|p1a: Sneasler\n|-sethp|p1a: Sneasler|64/100|[from] move: Pain Split|[silent]\n|-sethp|p2b: Sableye|64/100|[from] move: Pain Split\n|move|p1b: Floette|Moonblast|p2b: Sableye\n|-supereffective|p2b: Sableye|1\n|-damage|p2b: Sableye|0 fnt\n|faint|p2b: Sableye\n|move|p1a: Sneasler|Dire Claw|p2a: Incineroar\n|-damage|p2a: Incineroar|32/100\n|\n|upkeep\n|\n|t:|1776059890\n|switch|p2b: Dragapult|Dragapult, L50, M|11/100\n|turn|5\n|-message|Sores forfeited.\n|\n|win|lolgz\n|raw|lolgz's rating: 1327 &rarr; <strong>1343</strong><br />(+16 for winning)\n|raw|Sores's rating: 1258 &rarr; <strong>1238</strong><br />(-20 for losing)\n",
  "uploadtime": 1776059892,
  "views": 19,
  "formatid": "gen9championsvgc2026regma",
  "rating": 1238,
  "private": 0,
  "password": null
}