{
  "id": "gen9championsvgc2026regma-2586135184",
  "format": "[Gen 9 Champions] VGC 2026 Reg M-A",
  "players": [
    "henitusec",
    "XenGg07"
  ],
  "log": "|j|\u2606henitusec\n|j|\u2606XenGg07\n|t:|1776403348\n|gametype|doubles\n|player|p1|henitusec|volo|1249\n|player|p2|XenGg07|red|1283\n|gen|9\n|tier|[Gen 9 Champions] VGC 2026 Reg M-A\n|rated|\n|rule|Species Clause: Limit one of each Pok\u00e9mon\n|rule|Item Clause: Limit 1 of each item\n|clearpoke\n|poke|p1|Gardevoir, L50, F|\n|poke|p1|Aegislash, L50, F|\n|poke|p1|Incineroar, L50, M|\n|poke|p1|Vivillon-Polar, L50, M|\n|poke|p1|Whimsicott, L50, M|\n|poke|p1|Tauros-Paldea-Aqua, L50, M|\n|poke|p2|Tyranitar, L50, F|\n|poke|p2|Aegislash, L50, F|\n|poke|p2|Excadrill, L50, M|\n|poke|p2|Sinistcha-Masterpiece, L50|\n|poke|p2|Farigiraf, L50, F|\n|poke|p2|Rotom-Wash, L50|\n|teampreview|4\n|inactive|Battle timer is ON: inactive players will automatically lose when time's up. (requested by XenGg07)\n|inactive|henitusec also wants the timer to be on.\n|inactive|XenGg07 has 60 seconds left.\n|\n|t:|1776403388\n|teamsize|p1|4\n|teamsize|p2|4\n|start\n|switch|p1a: Vivillon|Vivillon-Polar, L50, M|100/100\n|switch|p1b: Gardevoir|Gardevoir, L50, F, shiny|100/100\n|switch|p2a: Tyranitar|Tyranitar, L50, F|100/100\n|switch|p2b: Farigiraf|Farigiraf, L50, F|100/100\n|-ability|p1b: Gardevoir|Armor Tail|Trace|[from] ability: Trace|[of] p2b: Farigiraf\n|-weather|Sandstorm|[from] ability: Sand Stream|[of] p2a: Tyranitar\n|turn|1\n|\n|t:|1776403404\n|detailschange|p1b: Gardevoir|Gardevoir-Mega, L50, F, shiny\n|-mega|p1b: Gardevoir|Gardevoir|Gardevoirite\n|move|p2a: Tyranitar|Protect|p2a: Tyranitar\n|-singleturn|p2a: Tyranitar|Protect\n|move|p1a: Vivillon|Sleep Powder|p2b: Farigiraf\n|-status|p2b: Farigiraf|slp|[from] move: Sleep Powder\n|move|p1b: Gardevoir|Hyper Voice|p2a: Tyranitar|[spread] p2b\n|-activate|p2a: Tyranitar|move: Protect\n|-damage|p2b: Farigiraf|54/100 slp\n|cant|p2b: Farigiraf|slp\n|\n|-weather|Sandstorm|[upkeep]\n|-damage|p1a: Vivillon|95/100|[from] Sandstorm\n|-damage|p1b: Gardevoir|95/100|[from] Sandstorm\n|-damage|p2b: Farigiraf|48/100 slp|[from] Sandstorm\n|upkeep\n|turn|2\n|\n|t:|1776403419\n|detailschange|p2a: Tyranitar|Tyranitar-Mega, L50, F\n|-mega|p2a: Tyranitar|Tyranitar|Tyranitarite\n|move|p1a: Vivillon|Sleep Powder|p2a: Tyranitar\n|-status|p2a: Tyranitar|slp|[from] move: Sleep Powder\n|move|p1b: Gardevoir|Hyper Voice|p2a: Tyranitar|[spread] p2a,p2b\n|-supereffective|p2a: Tyranitar|1\n|-damage|p2a: Tyranitar|49/100 slp\n|-damage|p2b: Farigiraf|0 fnt\n|faint|p2b: Farigiraf\n|cant|p2a: Tyranitar|slp\n|\n|-weather|Sandstorm|[upkeep]\n|-damage|p1a: Vivillon|89/100|[from] Sandstorm\n|-damage|p1b: Gardevoir|89/100|[from] Sandstorm\n|upkeep\n|\n|t:|1776403430\n|switch|p2b: Aegislash|Aegislash, L50, F|100/100\n|turn|3\n|\n|t:|1776403438\n|move|p1a: Vivillon|Sleep Powder|p2b: Aegislash\n|-status|p2b: Aegislash|slp|[from] move: Sleep Powder\n|move|p1b: Gardevoir|Hyper Voice|p2b: Aegislash|[spread] p2a,p2b\n|-supereffective|p2a: Tyranitar|1\n|-resisted|p2b: Aegislash|1\n|-damage|p2a: Tyranitar|0 fnt\n|-damage|p2b: Aegislash|83/100 slp\n|faint|p2a: Tyranitar\n|cant|p2b: Aegislash|slp\n|\n|-weather|Sandstorm|[upkeep]\n|-damage|p1a: Vivillon|83/100|[from] Sandstorm\n|-damage|p1b: Gardevoir|83/100|[from] Sandstorm\n|upkeep\n|\n|t:|1776403444\n|switch|p2a: Rotom|Rotom-Wash, L50|100/100\n|turn|4\n|\n|t:|1776403456\n|move|p2a: Rotom|Protect|p2a: Rotom\n|-singleturn|p2a: Rotom|Protect\n|move|p1a: Vivillon|Sleep Powder|p2a: Rotom\n|-activate|p2a: Rotom|move: Protect\n|move|p1b: Gardevoir|Hyper Voice|p2b: Aegislash|[spread] p2b\n|-activate|p2a: Rotom|move: Protect\n|-resisted|p2b: Aegislash|1\n|-damage|p2b: Aegislash|63/100 slp\n|cant|p2b: Aegislash|slp\n|\n|-weather|Sandstorm|[upkeep]\n|-damage|p1a: Vivillon|77/100|[from] Sandstorm\n|-damage|p1b: Gardevoir|78/100|[from] Sandstorm\n|-damage|p2a: Rotom|95/100|[from] Sandstorm\n|upkeep\n|turn|5\n|\n|t:|1776403472\n|-curestatus|p2b: Aegislash|slp|[msg]\n|move|p2b: Aegislash|Wide Guard|p2b: Aegislash\n|-singleturn|p2b: Aegislash|Wide Guard\n|move|p1a: Vivillon|Sleep Powder|p2a: Rotom\n|-status|p2a: Rotom|slp|[from] move: Sleep Powder\n|move|p1b: Gardevoir|Destiny Bond|p1b: Gardevoir\n|-singlemove|p1b: Gardevoir|Destiny Bond\n|cant|p2a: Rotom|slp\n|\n|-weather|none\n|upkeep\n|turn|6\n|\n|t:|1776403487\n|move|p2b: Aegislash|Wide Guard|p2b: Aegislash\n|-singleturn|p2b: Aegislash|Wide Guard\n|move|p1a: Vivillon|Sleep Powder|p2b: Aegislash\n|-status|p2b: Aegislash|slp|[from] move: Sleep Powder\n|move|p1b: Gardevoir|Psychic|p2a: Rotom\n|-damage|p2a: Rotom|46/100 slp\n|-enditem|p2a: Rotom|Sitrus Berry|[eat]\n|-heal|p2a: Rotom|71/100 slp|[from] item: Sitrus Berry\n|-curestatus|p2a: Rotom|slp|[msg]\n|move|p2a: Rotom|Thunderbolt|p1a: Vivillon\n|-supereffective|p1a: Vivillon|1\n|-damage|p1a: Vivillon|0 fnt\n|faint|p1a: Vivillon\n|\n|upkeep\n|\n|t:|1776403501\n|switch|p1a: Incineroar|Incineroar, L50, M|100/100\n|-ability|p1a: Incineroar|Intimidate|boost\n|-unboost|p2a: Rotom|atk|1\n|-unboost|p2b: Aegislash|atk|1\n|turn|7\n|\n|t:|1776403516\n|move|p1b: Gardevoir|Hyper Voice|p2a: Rotom|[spread] p2a,p2b\n|-crit|p2a: Rotom\n|-resisted|p2b: Aegislash|1\n|-damage|p2a: Rotom|12/100\n|-damage|p2b: Aegislash|45/100 slp\n|move|p2a: Rotom|Hydro Pump|p1a: Incineroar|[miss]\n|-miss|p2a: Rotom|p1a: Incineroar\n|move|p1a: Incineroar|Flare Blitz|p2b: Aegislash\n|-supereffective|p2b: Aegislash|1\n|-damage|p2b: Aegislash|0 fnt\n|faint|p2b: Aegislash\n|-damage|p1a: Incineroar|88/100|[from] Recoil\n|\n|upkeep\n|turn|8\n|-message|XenGg07 forfeited.\n|\n|win|henitusec\n|raw|henitusec's rating: 1249 &rarr; <strong>1276</strong><br />(+27 for winning)\n|raw|XenGg07's rating: 1283 &rarr; <strong>1256</strong><br />(-27 for losing)\n|l|\u2606XenGg07\n|player|p2|\n",
  "uploadtime": 1776403529,
  "views": 29,
  "formatid": "gen9championsvgc2026regma",
  "rating": 1256,
  "private": 0,
  "password": null
}