{
  "id": "gen9championsvgc2026regma-2587662830",
  "format": "[Gen 9 Champions] VGC 2026 Reg M-A",
  "players": [
    "jonas242-",
    "loihni"
  ],
  "log": "|j|\u2606jonas242-\n|j|\u2606loihni\n|t:|1776551563\n|gametype|doubles\n|player|p1|jonas242-|lance-masters2|1072\n|player|p2|loihni|101|1050\n|gen|9\n|tier|[Gen 9 Champions] VGC 2026 Reg M-A\n|rated|\n|rule|Species Clause: Limit one of each Pok\u00e9mon\n|rule|Item Clause: Limit 1 of each item\n|clearpoke\n|poke|p1|Ninetales-Alola, L50, F|\n|poke|p1|Beedrill, L50, M|\n|poke|p1|Aerodactyl, L50, M|\n|poke|p1|Excadrill, L50, M|\n|poke|p1|Sneasler, L50, M|\n|poke|p1|Chandelure, L50, F|\n|poke|p2|Aerodactyl, L50, M|\n|poke|p2|Maushold, L50|\n|poke|p2|Garchomp, L50, F|\n|poke|p2|Delphox, L50, F|\n|poke|p2|Aegislash, L50, M|\n|poke|p2|Floette-Eternal, L50, F|\n|teampreview|4\n|inactive|Battle timer is ON: inactive players will automatically lose when time's up. (requested by jonas242-)\n|inactive|loihni has 60 seconds left.\n|inactive|loihni has 30 seconds left.\n|\n|t:|1776551630\n|teamsize|p1|4\n|teamsize|p2|4\n|start\n|switch|p1a: Aerodactyl|Aerodactyl, L50, M|100/100\n|switch|p1b: Excadrill|Excadrill, L50, M|100/100\n|switch|p2a: Aerodactyl|Aerodactyl, L50, M|100/100\n|switch|p2b: Garchomp|Garchomp, L50, F|100/100\n|-ability|p1a: Aerodactyl|Unnerve\n|-ability|p2a: Aerodactyl|Unnerve\n|-ability|p1b: Excadrill|Mold Breaker\n|turn|1\n|\n|t:|1776551649\n|detailschange|p1b: Excadrill|Excadrill-Mega, L50, M\n|-mega|p1b: Excadrill|Excadrill|Excadrite\n|move|p2a: Aerodactyl|Tailwind|p2a: Aerodactyl\n|-sidestart|p2: loihni|move: Tailwind\n|move|p2b: Garchomp|Stomping Tantrum|p1b: Excadrill\n|-supereffective|p1b: Excadrill|1\n|-damage|p1b: Excadrill|9/100\n|move|p1a: Aerodactyl|Tailwind|p1a: Aerodactyl\n|-sidestart|p1: jonas242-|move: Tailwind\n|move|p1b: Excadrill|Iron Head|p2a: Aerodactyl\n|-supereffective|p2a: Aerodactyl|1\n|-enditem|p2a: Aerodactyl|Focus Sash\n|-damage|p2a: Aerodactyl|1/100\n|\n|upkeep\n|turn|2\n|\n|t:|1776551673\n|move|p2a: Aerodactyl|Protect|p2a: Aerodactyl\n|-singleturn|p2a: Aerodactyl|Protect\n|move|p1a: Aerodactyl|Rock Slide|p2b: Garchomp|[spread] p2b\n|-activate|p2a: Aerodactyl|move: Protect\n|-resisted|p2b: Garchomp|1\n|-damage|p2b: Garchomp|88/100\n|move|p1b: Excadrill|Iron Head|p2b: Garchomp\n|-crit|p2b: Garchomp\n|-damage|p2b: Garchomp|16/100\n|-damage|p1b: Excadrill|0 fnt|[from] ability: Rough Skin|[of] p2b: Garchomp\n|faint|p1b: Excadrill\n|cant|p2b: Garchomp|flinch\n|\n|upkeep\n|\n|t:|1776551690\n|switch|p1b: Sneasler|Sneasler, L50, M|100/100\n|turn|3\n|\n|t:|1776551709\n|switch|p2a: Aegislash|Aegislash, L50, M|100/100\n|move|p1b: Sneasler|Protect|p1b: Sneasler\n|-singleturn|p1b: Sneasler|Protect\n|move|p1a: Aerodactyl|Rock Slide|p2a: Aegislash|[spread] p2a,p2b\n|-resisted|p2a: Aegislash|1\n|-resisted|p2b: Garchomp|1\n|-damage|p2a: Aegislash|90/100\n|-damage|p2b: Garchomp|3/100\n|cant|p2b: Garchomp|flinch\n|\n|upkeep\n|turn|4\n|inactive|loihni has 30 seconds left.\n|inactive|loihni has 20 seconds left.\n|inactive|loihni has 15 seconds left.\n|\n|t:|1776551750\n|switch|p1b: Ninetales|Ninetales-Alola, L50, F|100/100\n|-weather|Snowscape|[from] ability: Snow Warning|[of] p1b: Ninetales\n|move|p2b: Garchomp|Protect|p2b: Garchomp\n|-singleturn|p2b: Garchomp|Protect\n|move|p1a: Aerodactyl|Rock Slide|p2b: Garchomp|[spread] p2a\n|-activate|p2b: Garchomp|move: Protect\n|-resisted|p2a: Aegislash|1\n|-damage|p2a: Aegislash|80/100\n|-formechange|p2a: Aegislash|Aegislash-Blade|\n|move|p2a: Aegislash|Poltergeist|p1a: Aerodactyl\n|-activate|p1a: Aerodactyl|move: Poltergeist|Sharp Beak\n|-damage|p1a: Aerodactyl|0 fnt\n|faint|p1a: Aerodactyl\n|\n|-weather|Snowscape|[upkeep]\n|-sideend|p2: loihni|move: Tailwind\n|-sideend|p1: jonas242-|move: Tailwind\n|upkeep\n|\n|t:|1776551765\n|switch|p1a: Sneasler|Sneasler, L50, M|100/100\n|turn|5\n|inactive|loihni has 30 seconds left.\n|\n|t:|1776551797\n|-formechange|p2a: Aegislash|Aegislash|\n|move|p2a: Aegislash|King's Shield|p2a: Aegislash\n|-singleturn|p2a: Aegislash|Protect\n|move|p1b: Ninetales|Aurora Veil|p1b: Ninetales\n|-sidestart|p1: jonas242-|move: Aurora Veil\n|move|p1a: Sneasler|Brick Break|p2b: Garchomp\n|-damage|p2b: Garchomp|0 fnt\n|-damage|p1a: Sneasler|88/100|[from] ability: Rough Skin|[of] p2b: Garchomp\n|faint|p2b: Garchomp\n|\n|-weather|Snowscape|[upkeep]\n|upkeep\n|\n|t:|1776551816\n|switch|p2b: Aerodactyl|Aerodactyl, L50, M|1/100\n|-ability|p2b: Aerodactyl|Unnerve\n|turn|6\n|inactive|loihni has 30 seconds left.\n|\n|t:|1776551841\n|move|p2b: Aerodactyl|Dual Wingbeat|p1a: Sneasler\n|-supereffective|p1a: Sneasler|1\n|-damage|p1a: Sneasler|49/100\n|-supereffective|p1a: Sneasler|1\n|-damage|p1a: Sneasler|7/100\n|-hitcount|p1a: Sneasler|2\n|move|p1b: Ninetales|Calm Mind|p1b: Ninetales\n|-boost|p1b: Ninetales|spa|1\n|-boost|p1b: Ninetales|spd|1\n|move|p1a: Sneasler|Brick Break|p2b: Aerodactyl\n|-crit|p2b: Aerodactyl\n|-damage|p2b: Aerodactyl|0 fnt\n|faint|p2b: Aerodactyl\n|-formechange|p2a: Aegislash|Aegislash-Blade|\n|move|p2a: Aegislash|Poltergeist|p1b: Ninetales\n|-activate|p1b: Ninetales|move: Poltergeist|Never-Melt Ice\n|-damage|p1b: Ninetales|50/100\n|\n|-weather|Snowscape|[upkeep]\n|upkeep\n|\n|t:|1776551856\n|switch|p2b: Delphox|Delphox, L50, F|100/100\n|turn|7\n|\n|t:|1776551880\n|detailschange|p2b: Delphox|Delphox-Mega, L50, F\n|-mega|p2b: Delphox|Delphox|Delphoxite\n|move|p2a: Aegislash|Shadow Sneak|p1a: Sneasler\n|-damage|p1a: Sneasler|0 fnt\n|faint|p1a: Sneasler\n|move|p2b: Delphox|Encore|p1b: Ninetales\n|-start|p1b: Ninetales|Encore\n|move|p1b: Ninetales|Calm Mind|p1b: Ninetales\n|-boost|p1b: Ninetales|spa|1\n|-boost|p1b: Ninetales|spd|1\n|\n|-weather|Snowscape|[upkeep]\n|upkeep\n|turn|8\n|-message|jonas242- forfeited.\n|\n|win|loihni\n|raw|jonas242-'s rating: 1072 &rarr; <strong>1050</strong><br />(-22 for losing)\n|raw|loihni's rating: 1050 &rarr; <strong>1085</strong><br />(+35 for winning)\n|l|\u2606jonas242-\n|player|p1|\n",
  "uploadtime": 1776551895,
  "views": 11,
  "formatid": "gen9championsvgc2026regma",
  "rating": 1050,
  "private": 0,
  "password": null
}