{
  "id": "gen9championsvgc2026regma-2581277893",
  "format": "[Gen 9 Champions] VGC 2026 Reg M-A",
  "players": [
    "J1_GM",
    "JarvisTypeGGEZ"
  ],
  "log": "|j|\u2606J1_GM\n|j|\u2606JarvisTypeGGEZ\n|t:|1775980295\n|gametype|doubles\n|player|p1|J1_GM|2|1064\n|player|p2|JarvisTypeGGEZ|lucas|1123\n|gen|9\n|tier|[Gen 9 Champions] VGC 2026 Reg M-A\n|rated|\n|rule|Species Clause: Limit one of each Pok\u00e9mon\n|rule|Item Clause: Limit 1 of each item\n|clearpoke\n|poke|p1|Dragonite, L50, M|\n|poke|p1|Whimsicott, L50, M|\n|poke|p1|Garchomp, L50, M|\n|poke|p1|Incineroar, L50, M|\n|poke|p1|Kingambit, L50, F|\n|poke|p1|Milotic, L50, F|\n|poke|p2|Pelipper, L50, M|\n|poke|p2|Incineroar, L50, M|\n|poke|p2|Garchomp, L50, M|\n|poke|p2|Archaludon, L50, M|\n|poke|p2|Basculegion, L50, M|\n|poke|p2|Meganium, L50, F|\n|teampreview|4\n|\n|t:|1775980329\n|teamsize|p1|4\n|teamsize|p2|4\n|start\n|switch|p1a: Milotic|Milotic, L50, F|100/100\n|switch|p1b: Whimsicott|Whimsicott, L50, M|100/100\n|switch|p2a: Pelipper|Pelipper, L50, M|100/100\n|switch|p2b: Archaludon|Archaludon, L50, M|100/100\n|-weather|RainDance|[from] ability: Drizzle|[of] p2a: Pelipper\n|turn|1\n|\n|t:|1775980368\n|switch|p1a: Garchomp|Garchomp, L50, M|100/100\n|move|p1b: Whimsicott|Tailwind|p1b: Whimsicott\n|-sidestart|p1: J1_GM|move: Tailwind\n|move|p2b: Archaludon|Electro Shot||[still]\n|-prepare|p2b: Archaludon|Electro Shot\n|-boost|p2b: Archaludon|spa|1\n|-anim|p2b: Archaludon|Electro Shot|p1a: Garchomp\n|-immune|p1a: Garchomp\n|move|p2a: Pelipper|Tailwind|p2a: Pelipper\n|-sidestart|p2: JarvisTypeGGEZ|move: Tailwind\n|\n|-weather|RainDance|[upkeep]\n|upkeep\n|turn|2\n|inactive|Battle timer is ON: inactive players will automatically lose when time's up. (requested by JarvisTypeGGEZ)\n|\n|t:|1775980408\n|switch|p2a: Meganium|Meganium, L50, F|100/100\n|move|p2b: Archaludon|Protect|p2b: Archaludon\n|-singleturn|p2b: Archaludon|Protect\n|move|p1a: Garchomp|Stomping Tantrum|p2b: Archaludon\n|-activate|p2b: Archaludon|move: Protect\n|move|p1b: Whimsicott|Moonblast|p2b: Archaludon\n|-activate|p2b: Archaludon|move: Protect\n|\n|-weather|RainDance|[upkeep]\n|upkeep\n|turn|3\n|\n|t:|1775980427\n|detailschange|p2a: Meganium|Meganium-Mega, L50, F\n|-mega|p2a: Meganium|Meganium|Meganiumite\n|move|p1a: Garchomp|Stomping Tantrum|p2b: Archaludon\n|-supereffective|p2b: Archaludon|1\n|-damage|p2b: Archaludon|29/100\n|-ability|p2b: Archaludon|Stamina|boost\n|-boost|p2b: Archaludon|def|1\n|move|p1b: Whimsicott|Moonblast|p2b: Archaludon\n|-damage|p2b: Archaludon|0 fnt\n|faint|p2b: Archaludon\n|move|p2a: Meganium|Weather Ball|p1b: Whimsicott\n|-supereffective|p1b: Whimsicott|1\n|-enditem|p1b: Whimsicott|Focus Sash\n|-damage|p1b: Whimsicott|1/100\n|\n|-weather|RainDance|[upkeep]\n|upkeep\n|\n|t:|1775980437\n|switch|p2b: Basculegion|Basculegion, L50, M|100/100\n|turn|4\n|inactive|JarvisTypeGGEZ has 30 seconds left.\n|\n|t:|1775980466\n|switch|p1a: Dragonite|Dragonite, L50, M|100/100\n|switch|p1b: Milotic|Milotic, L50, F|100/100\n|move|p2b: Basculegion|Flip Turn|p1a: Dragonite\n|-resisted|p1a: Dragonite|1\n|-damage|p1a: Dragonite|85/100\n|\n|t:|1775980474\n|switch|p2b: Pelipper|Pelipper, L50, M|100/100|[from] Flip Turn\n|move|p2a: Meganium|Dazzling Gleam|p1a: Dragonite|[spread] p1a,p1b\n|-supereffective|p1a: Dragonite|1\n|-crit|p1a: Dragonite\n|-damage|p1a: Dragonite|0 fnt\n|-damage|p1b: Milotic|72/100\n|faint|p1a: Dragonite\n|\n|-weather|RainDance|[upkeep]\n|-heal|p1b: Milotic|78/100|[from] item: Leftovers\n|-sideend|p2: JarvisTypeGGEZ|move: Tailwind\n|-sideend|p1: J1_GM|move: Tailwind\n|upkeep\n|\n|t:|1775980486\n|switch|p1a: Garchomp|Garchomp, L50, M|100/100\n|turn|5\n|inactive|J1_GM has 30 seconds left.\n|\n|t:|1775980513\n|move|p1a: Garchomp|Rock Slide|p2a: Meganium|[spread] p2a\n|-miss|p1a: Garchomp|p2b: Pelipper\n|-damage|p2a: Meganium|81/100\n|move|p2a: Meganium|Dazzling Gleam|p1b: Milotic|[spread] p1a,p1b\n|-supereffective|p1a: Garchomp|1\n|-damage|p1a: Garchomp|25/100\n|-damage|p1b: Milotic|50/100\n|move|p2b: Pelipper|Tailwind|p2b: Pelipper\n|-sidestart|p2: JarvisTypeGGEZ|move: Tailwind\n|move|p1b: Milotic|Ice Beam|p2a: Meganium\n|-supereffective|p2a: Meganium|1\n|-damage|p2a: Meganium|25/100\n|\n|-weather|none\n|-heal|p1b: Milotic|56/100|[from] item: Leftovers\n|upkeep\n|turn|6\n|inactive|JarvisTypeGGEZ has 30 seconds left.\n|\n|t:|1775980547\n|move|p2a: Meganium|Dazzling Gleam|p1b: Milotic|[spread] p1a,p1b\n|-supereffective|p1a: Garchomp|1\n|-damage|p1a: Garchomp|0 fnt\n|-damage|p1b: Milotic|28/100\n|faint|p1a: Garchomp\n|move|p2b: Pelipper|Hurricane|p1b: Milotic\n|-damage|p1b: Milotic|0 fnt\n|faint|p1b: Milotic\n|\n|upkeep\n|-message|J1_GM forfeited.\n|\n|win|JarvisTypeGGEZ\n|raw|J1_GM's rating: 1064 &rarr; <strong>1048</strong><br />(-16 for losing)\n|raw|JarvisTypeGGEZ's rating: 1123 &rarr; <strong>1144</strong><br />(+21 for winning)\n|l|\u2606J1_GM\n|player|p1|\n",
  "uploadtime": 1775980560,
  "views": 27,
  "formatid": "gen9championsvgc2026regma",
  "rating": 1048,
  "private": 0,
  "password": null
}