{
  "id": "gen9championsvgc2026regma-2584125689",
  "format": "[Gen 9 Champions] VGC 2026 Reg M-A",
  "players": [
    "gexley",
    "siunhanech"
  ],
  "log": "|j|\u2606gexley\n|j|\u2606siunhanech\n|t:|1776227982\n|gametype|doubles\n|player|p1|gexley|266|1333\n|player|p2|siunhanech|cynthia-gen4|1246\n|gen|9\n|tier|[Gen 9 Champions] VGC 2026 Reg M-A\n|rated|\n|rule|Species Clause: Limit one of each Pok\u00e9mon\n|rule|Item Clause: Limit 1 of each item\n|clearpoke\n|poke|p1|Floette-Eternal, L50, F|\n|poke|p1|Maushold, L50|\n|poke|p1|Garchomp, L50, M|\n|poke|p1|Talonflame, L50, M|\n|poke|p1|Rotom-Wash, L50|\n|poke|p1|Aegislash, L50, F|\n|poke|p2|Blastoise, L50, F|\n|poke|p2|Sableye, L50, F|\n|poke|p2|Basculegion, L50, M|\n|poke|p2|Sneasler, L50, F|\n|poke|p2|Sinistcha, L50|\n|poke|p2|Rotom-Wash, L50|\n|teampreview|4\n|inactive|Battle timer is ON: inactive players will automatically lose when time's up. (requested by siunhanech)\n|inactive|gexley has 60 seconds left.\n|\n|t:|1776228016\n|teamsize|p1|4\n|teamsize|p2|4\n|start\n|switch|p1a: Floette|Floette-Eternal, L50, F|100/100\n|switch|p1b: Maushold|Maushold, L50|100/100\n|switch|p2a: Sinh vi\u00ean|Sableye, L50, F|100/100\n|switch|p2b: C\u00e1 ch\u00e9p r\u00e1n|Basculegion, L50, M, shiny|100/100\n|turn|1\n|inactive|gexley has 30 seconds left.\n|\n|t:|1776228044\n|detailschange|p1a: Floette|Floette-Mega, L50, F\n|-mega|p1a: Floette|Floette|Floettite\n|-ability|p1a: Floette|Fairy Aura\n|move|p2a: Sinh vi\u00ean|Fake Out|p1a: Floette\n|-damage|p1a: Floette|95/100\n|move|p1b: Maushold|Follow Me|p1b: Maushold\n|-singleturn|p1b: Maushold|move: Follow Me\n|move|p2b: C\u00e1 ch\u00e9p r\u00e1n|Wave Crash|p1b: Maushold\n|-damage|p1b: Maushold|1/100\n|-damage|p2b: C\u00e1 ch\u00e9p r\u00e1n|71/100|[from] Recoil\n|cant|p1a: Floette|flinch\n|\n|upkeep\n|turn|2\n|inactive|siunhanech has 30 seconds left.\n|\n|t:|1776228074\n|move|p1b: Maushold|Follow Me|p1b: Maushold\n|-singleturn|p1b: Maushold|move: Follow Me\n|move|p2a: Sinh vi\u00ean|Rain Dance|p2a: Sinh vi\u00ean\n|-weather|RainDance\n|move|p2b: C\u00e1 ch\u00e9p r\u00e1n|Wave Crash|p1b: Maushold\n|-damage|p1b: Maushold|0 fnt\n|faint|p1b: Maushold\n|-damage|p2b: C\u00e1 ch\u00e9p r\u00e1n|70/100|[from] Recoil\n|move|p1a: Floette|Dazzling Gleam|p2b: C\u00e1 ch\u00e9p r\u00e1n|[spread] p2a,p2b\n|-supereffective|p2a: Sinh vi\u00ean|1\n|-crit|p2a: Sinh vi\u00ean\n|-enditem|p2a: Sinh vi\u00ean|Focus Sash\n|-damage|p2a: Sinh vi\u00ean|1/100\n|-damage|p2b: C\u00e1 ch\u00e9p r\u00e1n|9/100\n|\n|-weather|RainDance|[upkeep]\n|upkeep\n|\n|t:|1776228096\n|switch|p1b: Rotom|Rotom-Wash, L50|100/100\n|turn|3\n|\n|t:|1776228117\n|move|p1a: Floette|Protect|p1a: Floette\n|-singleturn|p1a: Floette|Protect\n|move|p2a: Sinh vi\u00ean|Disable|p1a: Floette\n|-activate|p1a: Floette|move: Protect\n|move|p2b: C\u00e1 ch\u00e9p r\u00e1n|Wave Crash|p1b: Rotom\n|-resisted|p1b: Rotom|1\n|-damage|p1b: Rotom|39/100\n|-enditem|p1b: Rotom|Sitrus Berry|[eat]\n|-heal|p1b: Rotom|64/100|[from] item: Sitrus Berry\n|-damage|p2b: C\u00e1 ch\u00e9p r\u00e1n|0 fnt|[from] Recoil\n|faint|p2b: C\u00e1 ch\u00e9p r\u00e1n\n|move|p1b: Rotom|Volt Switch|p2a: Sinh vi\u00ean\n|-damage|p2a: Sinh vi\u00ean|0 fnt\n|faint|p2a: Sinh vi\u00ean\n|\n|t:|1776228129\n|switch|p1b: Talonflame|Talonflame, L50, M|100/100|[from] Volt Switch\n|\n|-weather|RainDance|[upkeep]\n|upkeep\n|\n|t:|1776228133\n|switch|p2b: B\u1eafn t\u00f9m lum|Blastoise, L50, F|100/100\n|switch|p2a: Tr\u00e0 t\u1eeb tay|Sinistcha, L50|100/100\n|turn|4\n|\n|t:|1776228151\n|detailschange|p2b: B\u1eafn t\u00f9m lum|Blastoise-Mega, L50, F\n|-mega|p2b: B\u1eafn t\u00f9m lum|Blastoise|Blastoisinite\n|move|p1b: Talonflame|Tailwind|p1b: Talonflame\n|-sidestart|p1: gexley|move: Tailwind\n|move|p1a: Floette|Calm Mind|p1a: Floette\n|-boost|p1a: Floette|spa|1\n|-boost|p1a: Floette|spd|1\n|move|p2b: B\u1eafn t\u00f9m lum|Water Spout|p1b: Talonflame|[spread] p1a,p1b\n|-supereffective|p1b: Talonflame|1\n|-damage|p1a: Floette|46/100\n|-damage|p1b: Talonflame|0 fnt\n|faint|p1b: Talonflame\n|move|p2a: Tr\u00e0 t\u1eeb tay|Trick Room|p2a: Tr\u00e0 t\u1eeb tay\n|-fieldstart|move: Trick Room|[of] p2a: Tr\u00e0 t\u1eeb tay\n|\n|-weather|RainDance|[upkeep]\n|upkeep\n|\n|t:|1776228157\n|switch|p1b: Rotom|Rotom-Wash, L50|64/100\n|turn|5\n|\n|t:|1776228176\n|move|p1a: Floette|Protect|p1a: Floette\n|-singleturn|p1a: Floette|Protect\n|move|p2a: Tr\u00e0 t\u1eeb tay|Rage Powder|p2a: Tr\u00e0 t\u1eeb tay\n|-singleturn|p2a: Tr\u00e0 t\u1eeb tay|move: Rage Powder\n|move|p2b: B\u1eafn t\u00f9m lum|Water Spout|p1b: Rotom|[spread] p1b\n|-activate|p1a: Floette|move: Protect\n|-resisted|p1b: Rotom|1\n|-damage|p1b: Rotom|11/100\n|move|p1b: Rotom|Thunderbolt|p2a: Tr\u00e0 t\u1eeb tay\n|-resisted|p2a: Tr\u00e0 t\u1eeb tay|1\n|-damage|p2a: Tr\u00e0 t\u1eeb tay|83/100\n|\n|-weather|RainDance|[upkeep]\n|upkeep\n|turn|6\n|\n|t:|1776228190\n|move|p1b: Rotom|Helping Hand|p1a: Floette\n|-singleturn|p1a: Floette|Helping Hand|[of] p1b: Rotom\n|move|p2a: Tr\u00e0 t\u1eeb tay|Rage Powder|p2a: Tr\u00e0 t\u1eeb tay\n|-singleturn|p2a: Tr\u00e0 t\u1eeb tay|move: Rage Powder\n|move|p2b: B\u1eafn t\u00f9m lum|Water Spout|p1b: Rotom|[spread] p1a,p1b\n|-resisted|p1b: Rotom|1\n|-damage|p1a: Floette|0 fnt\n|-damage|p1b: Rotom|0 fnt\n|faint|p1a: Floette\n|faint|p1b: Rotom\n|\n|win|siunhanech\n|raw|gexley's rating: 1333 &rarr; <strong>1308</strong><br />(-25 for losing)\n|raw|siunhanech's rating: 1246 &rarr; <strong>1277</strong><br />(+31 for winning)\n|l|\u2606gexley\n|player|p1|\n",
  "uploadtime": 1776228202,
  "views": 28,
  "formatid": "gen9championsvgc2026regma",
  "rating": 1277,
  "private": 0,
  "password": null
}