{
  "id": "gen9championsvgc2026regma-2586225500",
  "format": "[Gen 9 Champions] VGC 2026 Reg M-A",
  "players": [
    "mmitei",
    "Azreal29"
  ],
  "log": "|j|\u2606mmitei\n|j|\u2606Azreal29\n|t:|1776414558\n|gametype|doubles\n|player|p1|mmitei|170|1163\n|player|p2|Azreal29|unknown|1222\n|gen|9\n|tier|[Gen 9 Champions] VGC 2026 Reg M-A\n|rated|\n|rule|Species Clause: Limit one of each Pok\u00e9mon\n|rule|Item Clause: Limit 1 of each item\n|clearpoke\n|poke|p1|Sinistcha, L50|\n|poke|p1|Starmie, L50|\n|poke|p1|Sneasler, L50, F|\n|poke|p1|Pelipper, L50, F|\n|poke|p1|Archaludon, L50, F|\n|poke|p1|Aegislash, L50, F|\n|poke|p2|Scovillain, L50, F|\n|poke|p2|Garchomp, L50, M|\n|poke|p2|Sinistcha, L50|\n|poke|p2|Aerodactyl, L50, F|\n|poke|p2|Sneasler, L50, F|\n|poke|p2|Primarina, L50, M|\n|teampreview|4\n|inactive|Battle timer is ON: inactive players will automatically lose when time's up. (requested by Azreal29)\n|inactive|mmitei has 60 seconds left.\n|\n|t:|1776414599\n|teamsize|p1|4\n|teamsize|p2|4\n|start\n|switch|p1a: Starmie|Starmie, L50|100/100\n|switch|p1b: Sneasler|Sneasler, L50, F|100/100\n|switch|p2a: Kusakabe|Scovillain, L50, F|100/100\n|switch|p2b: Dagon|Primarina, L50, M|100/100\n|turn|1\n|\n|t:|1776414618\n|detailschange|p1a: Starmie|Starmie-Mega, L50\n|-mega|p1a: Starmie|Starmie|Starminite\n|move|p2b: Dagon|Protect|p2b: Dagon\n|-singleturn|p2b: Dagon|Protect\n|move|p2a: Kusakabe|Protect|p2a: Kusakabe\n|-singleturn|p2a: Kusakabe|Protect\n|move|p1b: Sneasler|Fake Out|p2b: Dagon\n|-activate|p2b: Dagon|move: Protect\n|move|p1a: Starmie|Liquidation|p2a: Kusakabe\n|-activate|p2a: Kusakabe|move: Protect\n|\n|-ability|p2a: Kusakabe|Moody|boost\n|-boost|p2a: Kusakabe|spd|2\n|-unboost|p2a: Kusakabe|atk|1\n|upkeep\n|turn|2\n|\n|t:|1776414641\n|detailschange|p2a: Kusakabe|Scovillain-Mega, L50, F\n|-mega|p2a: Kusakabe|Scovillain|Scovillainite\n|move|p2a: Kusakabe|Rage Powder|p2a: Kusakabe\n|-singleturn|p2a: Kusakabe|move: Rage Powder\n|move|p1a: Starmie|Liquidation|p2a: Kusakabe\n|-damage|p2a: Kusakabe|36/100\n|-unboost|p2a: Kusakabe|def|1\n|-status|p1a: Starmie|brn|[from] ability: Spicy Spray|[of] p2a: Kusakabe\n|move|p1b: Sneasler|Dire Claw|p2a: Kusakabe\n|-supereffective|p2a: Kusakabe|1\n|-damage|p2a: Kusakabe|0 fnt\n|-status|p1b: Sneasler|brn|[from] ability: Spicy Spray|[of] p2a: Kusakabe\n|faint|p2a: Kusakabe\n|move|p2b: Dagon|Calm Mind|p2b: Dagon\n|-boost|p2b: Dagon|spa|1\n|-boost|p2b: Dagon|spd|1\n|\n|-damage|p1b: Sneasler|95/100 brn|[from] brn\n|-damage|p1a: Starmie|95/100 brn|[from] brn\n|upkeep\n|\n|t:|1776414660\n|switch|p2a: Gojo|Garchomp, L50, M|100/100\n|turn|3\n|\n|t:|1776414673\n|move|p2b: Dagon|Protect|p2b: Dagon\n|-singleturn|p2b: Dagon|Protect\n|move|p1b: Sneasler|Dire Claw|p2b: Dagon\n|-activate|p2b: Dagon|move: Protect\n|move|p1a: Starmie|Ice Spinner|p2a: Gojo\n|-supereffective|p2a: Gojo|2\n|-damage|p2a: Gojo|9/100\n|-damage|p1a: Starmie|83/100 brn|[from] ability: Rough Skin|[of] p2a: Gojo\n|move|p2a: Gojo|Earthquake|p1b: Sneasler|[spread] p1a,p1b\n|-activate|p2b: Dagon|move: Protect\n|-supereffective|p1b: Sneasler|1\n|-damage|p1a: Starmie|35/100 brn\n|-damage|p1b: Sneasler|0 fnt\n|faint|p1b: Sneasler\n|\n|-damage|p1a: Starmie|29/100 brn|[from] brn\n|upkeep\n|\n|t:|1776414692\n|switch|p1b: Sinistcha|Sinistcha, L50|100/100\n|-heal|p1a: Starmie|54/100 brn|[from] ability: Hospitality|[of] p1b: Sinistcha\n|turn|4\n|\n|t:|1776414711\n|move|p1a: Starmie|Protect|p1a: Starmie\n|-singleturn|p1a: Starmie|Protect\n|move|p2a: Gojo|Protect|p2a: Gojo\n|-singleturn|p2a: Gojo|Protect\n|move|p2b: Dagon|Moonblast|p1a: Starmie\n|-activate|p1a: Starmie|move: Protect\n|move|p1b: Sinistcha|Matcha Gotcha|p2a: Gojo|[spread] p2b\n|-activate|p2a: Gojo|move: Protect\n|-supereffective|p2b: Dagon|1\n|-damage|p2b: Dagon|72/100\n|\n|-heal|p2b: Dagon|78/100|[from] item: Leftovers\n|-damage|p1a: Starmie|48/100 brn|[from] brn\n|upkeep\n|turn|5\n|inactive|mmitei has 30 seconds left.\n|inactive|mmitei has 20 seconds left.\n|inactive|mmitei has 15 seconds left.\n|inactive|mmitei has 10 seconds left.\n|\n|t:|1776414761\n|switch|p1a: Pelipper|Pelipper, L50, F, shiny|100/100\n|-weather|RainDance|[from] ability: Drizzle|[of] p1a: Pelipper\n|move|p2b: Dagon|Protect|p2b: Dagon\n|-singleturn|p2b: Dagon|Protect\n|move|p2a: Gojo|Earthquake|p1a: Pelipper|[spread] p1b\n|-activate|p2b: Dagon|move: Protect\n|-immune|p1a: Pelipper\n|-resisted|p1b: Sinistcha|1\n|-damage|p1b: Sinistcha|86/100\n|move|p1b: Sinistcha|Matcha Gotcha|p2b: Dagon|[spread] p2a\n|-activate|p2b: Dagon|move: Protect\n|-damage|p2a: Gojo|0 fnt\n|-heal|p1b: Sinistcha|91/100|[from] drain|[of] p2a: Gojo\n|faint|p2a: Gojo\n|\n|-weather|RainDance|[upkeep]\n|-heal|p2b: Dagon|85/100|[from] item: Leftovers\n|upkeep\n|\n|t:|1776414772\n|switch|p2a: Uro|Aerodactyl, L50, F|100/100\n|-ability|p2a: Uro|Unnerve\n|turn|6\n|\n|t:|1776414786\n|move|p2a: Uro|Tailwind|p2a: Uro\n|-sidestart|p2: Azreal29|move: Tailwind\n|move|p2b: Dagon|Moonblast|p1b: Sinistcha\n|-damage|p1b: Sinistcha|8/100\n|move|p1b: Sinistcha|Strength Sap|p2a: Uro\n|-unboost|p2a: Uro|atk|1\n|-heal|p1b: Sinistcha|97/100\n|move|p1a: Pelipper|Hydro Pump|p2a: Uro\n|-supereffective|p2a: Uro|1\n|-enditem|p2a: Uro|Focus Sash\n|-damage|p2a: Uro|1/100\n|\n|-weather|RainDance|[upkeep]\n|-heal|p2b: Dagon|91/100|[from] item: Leftovers\n|upkeep\n|turn|7\n|\n|t:|1776414806\n|move|p1b: Sinistcha|Protect|p1b: Sinistcha\n|-singleturn|p1b: Sinistcha|Protect\n|move|p2a: Uro|Rock Slide|p1b: Sinistcha|[spread] p1a\n|-activate|p1b: Sinistcha|move: Protect\n|-supereffective|p1a: Pelipper|1\n|-damage|p1a: Pelipper|74/100\n|move|p2b: Dagon|Moonblast|p1b: Sinistcha\n|-activate|p1b: Sinistcha|move: Protect\n|move|p1a: Pelipper|Hurricane|p2a: Uro\n|-resisted|p2a: Uro|1\n|-damage|p2a: Uro|0 fnt\n|faint|p2a: Uro\n|\n|-weather|RainDance|[upkeep]\n|-heal|p2b: Dagon|97/100|[from] item: Leftovers\n|upkeep\n|turn|8\n|\n|t:|1776414825\n|move|p2b: Dagon|Moonblast|p1b: Sinistcha\n|-damage|p1b: Sinistcha|11/100\n|-unboost|p1b: Sinistcha|spa|1\n|-enditem|p1b: Sinistcha|Sitrus Berry|[eat]\n|-heal|p1b: Sinistcha|35/100|[from] item: Sitrus Berry\n|move|p1b: Sinistcha|Matcha Gotcha|p2b: Dagon\n|-supereffective|p2b: Dagon|1\n|-damage|p2b: Dagon|70/100\n|-heal|p1b: Sinistcha|49/100|[from] drain|[of] p2b: Dagon\n|move|p1a: Pelipper|Tailwind|p1a: Pelipper\n|-sidestart|p1: mmitei|move: Tailwind\n|\n|-weather|RainDance|[upkeep]\n|-heal|p2b: Dagon|76/100|[from] item: Leftovers\n|upkeep\n|turn|9\n|\n|t:|1776414847\n|move|p1b: Sinistcha|Protect|p1b: Sinistcha\n|-singleturn|p1b: Sinistcha|Protect\n|move|p2b: Dagon|Moonblast|p1a: Pelipper\n|-damage|p1a: Pelipper|0 fnt\n|faint|p1a: Pelipper\n|\n|-weather|none\n|-heal|p2b: Dagon|82/100|[from] item: Leftovers\n|-sideend|p2: Azreal29|move: Tailwind\n|upkeep\n|\n|t:|1776414858\n|switch|p1a: Starmie|Starmie-Mega, L50|48/100 brn\n|turn|10\n|\n|t:|1776414868\n|move|p1b: Sinistcha|Rage Powder|p1b: Sinistcha\n|-singleturn|p1b: Sinistcha|move: Rage Powder\n|move|p1a: Starmie|Liquidation|p2b: Dagon\n|-resisted|p2b: Dagon|1\n|-damage|p2b: Dagon|59/100\n|move|p2b: Dagon|Moonblast|p1b: Sinistcha\n|-crit|p1b: Sinistcha\n|-damage|p1b: Sinistcha|0 fnt\n|faint|p1b: Sinistcha\n|\n|-heal|p2b: Dagon|65/100|[from] item: Leftovers\n|-damage|p1a: Starmie|42/100 brn|[from] brn\n|upkeep\n|turn|11\n|c|\u2606Azreal29|heh\n|\n|t:|1776414893\n|move|p2b: Dagon|Protect|p2b: Dagon\n|-singleturn|p2b: Dagon|Protect\n|move|p1a: Starmie|Liquidation|p2b: Dagon\n|-activate|p2b: Dagon|move: Protect\n|\n|-heal|p2b: Dagon|72/100|[from] item: Leftovers\n|-damage|p1a: Starmie|36/100 brn|[from] brn\n|-sideend|p1: mmitei|move: Tailwind\n|upkeep\n|turn|12\n|\n|t:|1776414902\n|move|p1a: Starmie|Liquidation|p2b: Dagon\n|-resisted|p2b: Dagon|1\n|-crit|p2b: Dagon\n|-damage|p2b: Dagon|37/100\n|move|p2b: Dagon|Moonblast|p1a: Starmie\n|-damage|p1a: Starmie|0 fnt\n|faint|p1a: Starmie\n|\n|win|Azreal29\n|raw|mmitei's rating: 1163 &rarr; <strong>1142</strong><br />(-21 for losing)\n|raw|Azreal29's rating: 1222 &rarr; <strong>1243</strong><br />(+21 for winning)\n",
  "uploadtime": 1776414931,
  "views": 19,
  "formatid": "gen9championsvgc2026regma",
  "rating": 1142,
  "private": 0,
  "password": null
}