{
  "id": "gen9championsvgc2026regma-2586350946",
  "format": "[Gen 9 Champions] VGC 2026 Reg M-A",
  "players": [
    "EXSA",
    "redskyv2"
  ],
  "log": "|j|\u2606EXSA\n|j|\u2606redskyv2\n|t:|1776427859\n|gametype|doubles\n|player|p1|EXSA|102|1203\n|player|p2|redskyv2|maid|1162\n|gen|9\n|tier|[Gen 9 Champions] VGC 2026 Reg M-A\n|rated|\n|rule|Species Clause: Limit one of each Pok\u00e9mon\n|rule|Item Clause: Limit 1 of each item\n|clearpoke\n|poke|p1|Charizard, L50, F|\n|poke|p1|Incineroar, L50, M|\n|poke|p1|Maushold-Four, L50|\n|poke|p1|Garchomp, L50, F|\n|poke|p1|Whimsicott, L50, M|\n|poke|p1|Kingambit, L50, F|\n|poke|p2|Emboar, L50, F|\n|poke|p2|Spiritomb, L50, F|\n|poke|p2|Kingambit, L50, F|\n|poke|p2|Gallade, L50, M|\n|poke|p2|Runerigus, L50, M|\n|poke|p2|Conkeldurr, L50, M|\n|teampreview|4\n|inactive|Battle timer is ON: inactive players will automatically lose when time's up. (requested by redskyv2)\n|\n|t:|1776427885\n|teamsize|p1|4\n|teamsize|p2|4\n|start\n|switch|p1a: Incineroar|Incineroar, L50, M|100/100\n|switch|p1b: Charizard|Charizard, L50, F, shiny|100/100\n|switch|p2a: Spiritomb|Spiritomb, L50, F|100/100\n|switch|p2b: Conkeldurr|Conkeldurr, L50, M|100/100\n|-ability|p1a: Incineroar|Intimidate|boost\n|-unboost|p2a: Spiritomb|atk|1\n|-unboost|p2b: Conkeldurr|atk|1\n|-ability|p2a: Spiritomb|Pressure\n|-enditem|p2b: Conkeldurr|White Herb\n|-clearnegativeboost|p2b: Conkeldurr|[silent]\n|turn|1\n|inactive|EXSA has 30 seconds left.\n|\n|t:|1776427913\n|switch|p1a: Whimsicott|Whimsicott, L50, M|100/100\n|detailschange|p1b: Charizard|Charizard-Mega-Y, L50, F, shiny\n|-mega|p1b: Charizard|Charizard|Charizardite Y\n|-weather|SunnyDay|[from] ability: Drought|[of] p1b: Charizard\n|move|p2b: Conkeldurr|Protect|p2b: Conkeldurr\n|-singleturn|p2b: Conkeldurr|Protect\n|move|p1b: Charizard|Weather Ball|p2a: Spiritomb\n|-damage|p2a: Spiritomb|18/100\n|move|p2a: Spiritomb|Trick Room|p2a: Spiritomb\n|-fieldstart|move: Trick Room|[of] p2a: Spiritomb\n|\n|-weather|SunnyDay|[upkeep]\n|upkeep\n|turn|2\n|\n|t:|1776427929\n|move|p1a: Whimsicott|Encore|p2b: Conkeldurr\n|-start|p2b: Conkeldurr|Encore\n|move|p2b: Conkeldurr|Protect||[still]\n|-fail|p2b: Conkeldurr\n|move|p2a: Spiritomb|Will-O-Wisp|p2b: Conkeldurr\n|-status|p2b: Conkeldurr|brn\n|move|p1b: Charizard|Heat Wave|p2b: Conkeldurr|[spread] p2a,p2b\n|-damage|p2a: Spiritomb|0 fnt\n|-damage|p2b: Conkeldurr|21/100 brn\n|faint|p2a: Spiritomb\n|\n|-weather|SunnyDay|[upkeep]\n|-damage|p2b: Conkeldurr|15/100 brn|[from] brn\n|upkeep\n|\n|t:|1776427939\n|switch|p2a: Emboar|Emboar, L50, F|100/100\n|turn|3\n|\n|t:|1776427948\n|switch|p1a: Incineroar|Incineroar, L50, M|100/100\n|-ability|p1a: Incineroar|Intimidate|boost\n|-unboost|p2a: Emboar|atk|1\n|-unboost|p2b: Conkeldurr|atk|1\n|detailschange|p2a: Emboar|Emboar-Mega, L50, F\n|-mega|p2a: Emboar|Emboar|Emboarite\n|-ability|p2a: Emboar|Mold Breaker\n|move|p2b: Conkeldurr|Protect|p2b: Conkeldurr\n|-singleturn|p2b: Conkeldurr|Protect\n|move|p2a: Emboar|Flare Blitz|p1b: Charizard\n|-resisted|p1b: Charizard|1\n|-damage|p1b: Charizard|48/100\n|-damage|p2a: Emboar|88/100|[from] Recoil\n|move|p1b: Charizard|Heat Wave|p2b: Conkeldurr|[spread] p2a\n|-activate|p2b: Conkeldurr|move: Protect\n|-resisted|p2a: Emboar|1\n|-damage|p2a: Emboar|66/100\n|\n|-weather|SunnyDay|[upkeep]\n|-damage|p2b: Conkeldurr|9/100 brn|[from] brn\n|upkeep\n|turn|4\n|\n|t:|1776427960\n|move|p2b: Conkeldurr|Protect||[still]\n|-fail|p2b: Conkeldurr\n|move|p1a: Incineroar|Fake Out|p2a: Emboar\n|-damage|p2a: Emboar|51/100\n|cant|p2a: Emboar|flinch\n|move|p1b: Charizard|Heat Wave|p2a: Emboar|[spread] p2a,p2b\n|-resisted|p2a: Emboar|1\n|-damage|p2a: Emboar|27/100\n|-damage|p2b: Conkeldurr|0 fnt\n|faint|p2b: Conkeldurr\n|\n|-weather|SunnyDay|[upkeep]\n|upkeep\n|\n|t:|1776427965\n|switch|p2b: Kingambit|Kingambit, L50, F|100/100\n|turn|5\n|\n|t:|1776427976\n|switch|p1b: Maushold|Maushold-Four, L50|100/100\n|move|p2b: Kingambit|Kowtow Cleave|p1b: Maushold\n|-damage|p1b: Maushold|52/100\n|move|p1a: Incineroar|Flare Blitz|p2b: Kingambit\n|-supereffective|p2b: Kingambit|1\n|-damage|p2b: Kingambit|0 fnt\n|faint|p2b: Kingambit\n|-damage|p1a: Incineroar|65/100|[from] Recoil\n|move|p2a: Emboar|Drain Punch|p1a: Incineroar\n|-supereffective|p1a: Incineroar|1\n|-damage|p1a: Incineroar|4/100\n|-heal|p2a: Emboar|54/100|[from] drain|[of] p1a: Incineroar\n|-enditem|p1a: Incineroar|Sitrus Berry|[eat]\n|-heal|p1a: Incineroar|29/100|[from] item: Sitrus Berry\n|\n|-weather|none\n|-fieldend|move: Trick Room\n|upkeep\n|turn|6\n|-message|redskyv2 forfeited.\n|\n|win|EXSA\n|raw|EXSA's rating: 1203 &rarr; <strong>1225</strong><br />(+22 for winning)\n|raw|redskyv2's rating: 1162 &rarr; <strong>1140</strong><br />(-22 for losing)\n|l|\u2606redskyv2\n|player|p2|\n",
  "uploadtime": 1776427997,
  "views": 29,
  "formatid": "gen9championsvgc2026regma",
  "rating": 1140,
  "private": 0,
  "password": null
}