{
  "id": "gen9championsvgc2026regma-2586302641",
  "format": "[Gen 9 Champions] VGC 2026 Reg M-A",
  "players": [
    "DavidTIS",
    "ChampofChampions"
  ],
  "log": "|j|\u2606DavidTIS\n|j|\u2606ChampofChampions\n|t:|1776423154\n|gametype|doubles\n|player|p1|DavidTIS|265|1201\n|player|p2|ChampofChampions|tate|1177\n|gen|9\n|tier|[Gen 9 Champions] VGC 2026 Reg M-A\n|rated|\n|rule|Species Clause: Limit one of each Pok\u00e9mon\n|rule|Item Clause: Limit 1 of each item\n|clearpoke\n|poke|p1|Starmie, L50|\n|poke|p1|Lucario, L50, F|\n|poke|p1|Lycanroc-Dusk, L50, F|\n|poke|p1|Hydreigon, L50, M|\n|poke|p1|Slowbro-Galar, L50, M|\n|poke|p1|Skarmory, L50, F|\n|poke|p2|Furfrou-Star, L50, F|\n|poke|p2|Sinistcha, L50|\n|poke|p2|Sneasler, L50, M|\n|poke|p2|Typhlosion, L50, F|\n|poke|p2|Whimsicott, L50, F|\n|poke|p2|Feraligatr, L50, M|\n|teampreview|4\n|\n|t:|1776423192\n|teamsize|p1|4\n|teamsize|p2|4\n|start\n|switch|p1a: Starmie|Starmie, L50|100/100\n|switch|p1b: Lucario|Lucario, L50, F|100/100\n|switch|p2a: Sent2Oblivion|Feraligatr, L50, M|100/100\n|switch|p2b: Whimsicott|Whimsicott, L50, F|100/100\n|turn|1\n|\n|t:|1776423224\n|detailschange|p1a: Starmie|Starmie-Mega, L50\n|-mega|p1a: Starmie|Starmie|Starminite\n|detailschange|p2a: Sent2Oblivion|Feraligatr-Mega, L50, M\n|-mega|p2a: Sent2Oblivion|Feraligatr|Feraligite\n|move|p2b: Whimsicott|Tailwind|p2b: Whimsicott\n|-sidestart|p2: ChampofChampions|move: Tailwind\n|move|p2a: Sent2Oblivion|Double-Edge|p1b: Lucario\n|-resisted|p1b: Lucario|1\n|-damage|p1b: Lucario|34/100\n|-damage|p2a: Sent2Oblivion|81/100|[from] Recoil\n|move|p1a: Starmie|Ice Spinner|p2b: Whimsicott\n|-supereffective|p2b: Whimsicott|1\n|-crit|p2b: Whimsicott\n|-damage|p2b: Whimsicott|0 fnt\n|faint|p2b: Whimsicott\n|move|p1b: Lucario|Flash Cannon|p2a: Sent2Oblivion\n|-resisted|p2a: Sent2Oblivion|1\n|-damage|p2a: Sent2Oblivion|51/100\n|\n|upkeep\n|\n|t:|1776423237\n|switch|p2b: Replaced|Typhlosion, L50, F|100/100\n|turn|2\n|inactive|Battle timer is ON: inactive players will automatically lose when time's up. (requested by ChampofChampions)\n|\n|t:|1776423252\n|move|p1b: Lucario|Vacuum Wave|p2a: Sent2Oblivion\n|-damage|p2a: Sent2Oblivion|25/100\n|move|p2b: Replaced|Eruption|p1a: Starmie|[spread] p1a,p1b\n|-resisted|p1a: Starmie|1\n|-supereffective|p1b: Lucario|1\n|-damage|p1a: Starmie|65/100\n|-damage|p1b: Lucario|0 fnt\n|faint|p1b: Lucario\n|move|p2a: Sent2Oblivion|Double-Edge|p1a: Starmie\n|-damage|p1a: Starmie|0 fnt\n|faint|p1a: Starmie\n|-damage|p2a: Sent2Oblivion|7/100|[from] Recoil\n|\n|upkeep\n|\n|t:|1776423263\n|switch|p1a: Lycanroc|Lycanroc-Dusk, L50, F|100/100\n|switch|p1b: Slowbro|Slowbro-Galar, L50, M|100/100\n|turn|3\n|\n|t:|1776423278\n|move|p2a: Sent2Oblivion|Protect|p2a: Sent2Oblivion\n|-singleturn|p2a: Sent2Oblivion|Protect\n|move|p1a: Lycanroc|Accelerock|p2a: Sent2Oblivion\n|-activate|p2a: Sent2Oblivion|move: Protect\n|move|p2b: Replaced|Eruption|p1b: Slowbro|[spread] p1a,p1b\n|-resisted|p1a: Lycanroc|1\n|-damage|p1a: Lycanroc|49/100\n|-damage|p1b: Slowbro|21/100\n|move|p1b: Slowbro|Shell Side Arm|p2b: Replaced|[anim] Shell Side Arm Physical\n|-damage|p2b: Replaced|38/100\n|-hint|Physical Shell Side Arm\n|\n|-heal|p1b: Slowbro|27/100|[from] item: Leftovers\n|upkeep\n|turn|4\n|\n|t:|1776423300\n|switch|p2a: Sinistcha|Sinistcha, L50|100/100\n|-heal|p2b: Replaced|62/100|[from] ability: Hospitality|[of] p2a: Sinistcha\n|move|p1a: Lycanroc|Accelerock|p2a: Sinistcha\n|-damage|p2a: Sinistcha|77/100\n|move|p2b: Replaced|Flamethrower|p1b: Slowbro\n|-damage|p1b: Slowbro|0 fnt\n|faint|p1b: Slowbro\n|\n|-sideend|p2: ChampofChampions|move: Tailwind\n|upkeep\n|turn|5\n|\n|t:|1776423314\n|move|p2a: Sinistcha|Rage Powder|p2a: Sinistcha\n|-singleturn|p2a: Sinistcha|move: Rage Powder\n|move|p1a: Lycanroc|Rock Slide|p2a: Sinistcha|[spread] p2a,p2b\n|-supereffective|p2b: Replaced|1\n|-crit|p2b: Replaced\n|-damage|p2a: Sinistcha|50/100\n|-damage|p2b: Replaced|0 fnt\n|-enditem|p2a: Sinistcha|Sitrus Berry|[eat]\n|-heal|p2a: Sinistcha|75/100|[from] item: Sitrus Berry\n|faint|p2b: Replaced\n|\n|upkeep\n|\n|t:|1776423319\n|switch|p2b: Sent2Oblivion|Feraligatr-Mega, L50, M|7/100\n|turn|6\n|\n|t:|1776423324\n|move|p2b: Sent2Oblivion|Protect|p2b: Sent2Oblivion\n|-singleturn|p2b: Sent2Oblivion|Protect\n|move|p1a: Lycanroc|Rock Slide|p2a: Sinistcha|[spread] p2a\n|-activate|p2b: Sent2Oblivion|move: Protect\n|-damage|p2a: Sinistcha|49/100\n|cant|p2a: Sinistcha|flinch\n|\n|upkeep\n|turn|7\n|\n|t:|1776423342\n|move|p1a: Lycanroc|Rock Slide|p2b: Sent2Oblivion|[spread] p2a,p2b\n|-damage|p2a: Sinistcha|23/100\n|-damage|p2b: Sent2Oblivion|0 fnt\n|faint|p2b: Sent2Oblivion\n|move|p2a: Sinistcha|Life Dew|p2a: Sinistcha\n|-heal|p2a: Sinistcha|48/100\n|\n|upkeep\n|turn|8\n|\n|t:|1776423350\n|move|p1a: Lycanroc|Crunch|p2a: Sinistcha\n|-supereffective|p2a: Sinistcha|1\n|-damage|p2a: Sinistcha|0 fnt\n|faint|p2a: Sinistcha\n|\n|win|DavidTIS\n|raw|DavidTIS's rating: 1201 &rarr; <strong>1224</strong><br />(+23 for winning)\n|raw|ChampofChampions's rating: 1177 &rarr; <strong>1154</strong><br />(-23 for losing)\n",
  "uploadtime": 1776423354,
  "views": 48,
  "formatid": "gen9championsvgc2026regma",
  "rating": 1154,
  "private": 0,
  "password": null
}