{
  "id": "gen9championsvgc2026regma-2588258810",
  "format": "[Gen 9 Champions] VGC 2026 Reg M-A",
  "players": [
    "Roly B",
    "Richard Drago"
  ],
  "log": "|j|\u2606Roly B\n|j|\u2606Richard Drago\n|t:|1776618783\n|gametype|doubles\n|player|p1|Roly B|hilbert|\n|player|p2|Richard Drago|gambler|\n|gen|9\n|tier|[Gen 9 Champions] VGC 2026 Reg M-A\n|rule|Species Clause: Limit one of each Pok\u00e9mon\n|rule|Item Clause: Limit 1 of each item\n|clearpoke\n|poke|p1|Starmie, L50|\n|poke|p1|Whimsicott, L50, F|\n|poke|p1|Dragapult, L50, M|\n|poke|p1|Zoroark-Hisui, L50, M|\n|poke|p1|Corviknight, L50, F|\n|poke|p1|Decidueye-Hisui, L50, F|\n|poke|p2|Sinistcha-Masterpiece, L50|\n|poke|p2|Blastoise, L50, M, shiny|\n|poke|p2|Sneasler, L50, M|\n|poke|p2|Meganium, L50, M|\n|poke|p2|Politoed, L50, M|\n|poke|p2|Basculegion, L50, M|\n|teampreview|4\n|\n|t:|1776618818\n|teamsize|p1|4\n|teamsize|p2|4\n|start\n|switch|p1a: Corviknight|Corviknight, L50, F|100/100\n|switch|p1b: Decidueye|Decidueye-Hisui, L50, F|100/100\n|switch|p2a: Politoed|Politoed, L50, M|100/100\n|switch|p2b: Sneasler|Sneasler, L50, M|100/100\n|-weather|RainDance|[from] ability: Drizzle|[of] p2a: Politoed\n|turn|1\n|\n|t:|1776618874\n|move|p1b: Decidueye|Hyper Voice|p2a: Politoed|[spread] p2a,p2b\n|-damage|p2a: Politoed|70/100\n|-damage|p2b: Sneasler|54/100\n|move|p2b: Sneasler|Dire Claw|p1b: Decidueye\n|-resisted|p1b: Decidueye|1\n|-damage|p1b: Decidueye|60/100\n|replace|p1b: Zoroark|Zoroark-Hisui, L50, M\n|-end|p1b: Zoroark|Illusion\n|move|p2a: Politoed|Encore||[still]\n|-fail|p2a: Politoed\n|move|p1a: Corviknight|Tailwind|p1a: Corviknight\n|-sidestart|p1: Roly B|move: Tailwind\n|\n|-weather|RainDance|[upkeep]\n|-heal|p1b: Zoroark|66/100|[from] item: Leftovers\n|upkeep\n|turn|2\n|\n|t:|1776618920\n|switch|p2a: Blastoise|Blastoise, L50, M, shiny|100/100\n|move|p1b: Zoroark|Hyper Voice|p2a: Blastoise|[spread] p2a,p2b\n|-damage|p2a: Blastoise|66/100\n|-damage|p2b: Sneasler|10/100\n|move|p1a: Corviknight|Body Press|p2b: Sneasler\n|-resisted|p2b: Sneasler|1\n|-damage|p2b: Sneasler|0 fnt\n|faint|p2b: Sneasler\n|\n|-weather|RainDance|[upkeep]\n|-heal|p2a: Blastoise|72/100|[from] ability: Rain Dish\n|-heal|p1b: Zoroark|72/100|[from] item: Leftovers\n|upkeep\n|\n|t:|1776618937\n|switch|p2b: Sinistcha|Sinistcha-Masterpiece, L50|100/100\n|-heal|p2a: Blastoise|97/100|[from] ability: Hospitality|[of] p2b: Sinistcha\n|turn|3\n|\n|t:|1776618961\n|move|p1b: Zoroark|Dark Pulse|p2a: Blastoise\n|-damage|p2a: Blastoise|68/100\n|move|p1a: Corviknight|Body Press|p2a: Blastoise\n|-damage|p2a: Blastoise|44/100\n|move|p2a: Blastoise|Shell Smash|p2a: Blastoise\n|-unboost|p2a: Blastoise|def|1\n|-unboost|p2a: Blastoise|spd|1\n|-boost|p2a: Blastoise|atk|2\n|-boost|p2a: Blastoise|spa|2\n|-boost|p2a: Blastoise|spe|2\n|-enditem|p2a: Blastoise|White Herb\n|-clearnegativeboost|p2a: Blastoise|[silent]\n|move|p2b: Sinistcha|Psych Up|p2a: Blastoise\n|-copyboost|p2b: Sinistcha|p2a: Blastoise|[from] move: Psych Up\n|\n|-weather|RainDance|[upkeep]\n|-heal|p2a: Blastoise|50/100|[from] ability: Rain Dish\n|-heal|p1b: Zoroark|79/100|[from] item: Leftovers\n|upkeep\n|turn|4\n|\n|t:|1776618995\n|move|p2a: Blastoise|Protect|p2a: Blastoise\n|-singleturn|p2a: Blastoise|Protect\n|move|p1b: Zoroark|Dark Pulse|p2b: Sinistcha\n|-supereffective|p2b: Sinistcha|1\n|-damage|p2b: Sinistcha|33/100\n|cant|p2b: Sinistcha|flinch\n|move|p1a: Corviknight|Body Press|p2a: Blastoise\n|-activate|p2a: Blastoise|move: Protect\n|\n|-weather|RainDance|[upkeep]\n|-heal|p2a: Blastoise|56/100|[from] ability: Rain Dish\n|-heal|p1b: Zoroark|85/100|[from] item: Leftovers\n|-sideend|p1: Roly B|move: Tailwind\n|upkeep\n|turn|5\n|\n|t:|1776619042\n|switch|p2b: Politoed|Politoed, L50, M|70/100\n|move|p1b: Zoroark|Protect|p1b: Zoroark\n|-singleturn|p1b: Zoroark|Protect\n|move|p2a: Blastoise|Ice Beam|p1b: Zoroark\n|-activate|p1b: Zoroark|move: Protect\n|move|p1a: Corviknight|Tailwind|p1a: Corviknight\n|-sidestart|p1: Roly B|move: Tailwind\n|\n|-weather|none\n|-heal|p1b: Zoroark|91/100|[from] item: Leftovers\n|upkeep\n|turn|6\n|\n|t:|1776619068\n|switch|p2b: Sinistcha|Sinistcha-Masterpiece, L50|33/100\n|-heal|p2a: Blastoise|80/100|[from] ability: Hospitality|[of] p2b: Sinistcha\n|move|p1b: Zoroark|Hyper Voice|p2a: Blastoise|[spread] p2a\n|-immune|p2b: Sinistcha\n|-damage|p2a: Blastoise|48/100\n|move|p2a: Blastoise|Water Spout|p1a: Corviknight|[spread] p1a,p1b\n|-damage|p1a: Corviknight|68/100\n|-damage|p1b: Zoroark|10/100\n|move|p1a: Corviknight|Body Press|p2a: Blastoise\n|-damage|p2a: Blastoise|20/100\n|\n|-heal|p1b: Zoroark|16/100|[from] item: Leftovers\n|upkeep\n|turn|7\n|\n|t:|1776619102\n|move|p1b: Zoroark|Dark Pulse|p2b: Sinistcha\n|-supereffective|p2b: Sinistcha|1\n|-damage|p2b: Sinistcha|0 fnt\n|faint|p2b: Sinistcha\n|move|p2a: Blastoise|Ice Beam|p1b: Zoroark\n|-damage|p1b: Zoroark|0 fnt\n|faint|p1b: Zoroark\n|move|p1a: Corviknight|Body Press|p2a: Blastoise\n|-damage|p2a: Blastoise|0 fnt\n|faint|p2a: Blastoise\n|\n|upkeep\n|\n|t:|1776619118\n|switch|p1b: Decidueye|Decidueye-Hisui, L50, F|100/100\n|switch|p2b: Politoed|Politoed, L50, M|70/100\n|-weather|RainDance|[from] ability: Drizzle|[of] p2b: Politoed\n|turn|8\n|\n|t:|1776619140\n|move|p1b: Decidueye|Leaf Blade|p2b: Politoed\n|-supereffective|p2b: Politoed|1\n|-damage|p2b: Politoed|0 fnt\n|faint|p2b: Politoed\n|\n|win|Roly B\n|l|\u2606Richard Drago\n|player|p2|\n|l|\u2606Roly B\n|player|p1|\n|j|\u2606Roly B\n|player|p1|Roly B|hilbert|\n",
  "uploadtime": 1776619176,
  "views": 9,
  "formatid": "gen9championsvgc2026regma",
  "rating": null,
  "private": 0,
  "password": null
}