{
  "id": "gen9championsvgc2026regma-2586832067",
  "format": "[Gen 9 Champions] VGC 2026 Reg M-A",
  "players": [
    "Asherhbaron",
    "ChazzItUp4200"
  ],
  "log": "|j|\u2606Asherhbaron\n|j|\u2606ChazzItUp4200\n|t:|1776463622\n|gametype|doubles\n|player|p1|Asherhbaron|101|1270\n|player|p2|ChazzItUp4200|cheren-gen5bw2|1302\n|gen|9\n|tier|[Gen 9 Champions] VGC 2026 Reg M-A\n|rated|\n|rule|Species Clause: Limit one of each Pok\u00e9mon\n|rule|Item Clause: Limit 1 of each item\n|clearpoke\n|poke|p1|Aerodactyl, L50, F|\n|poke|p1|Incineroar, L50, M|\n|poke|p1|Floette-Eternal, L50, F|\n|poke|p1|Basculegion, L50, M|\n|poke|p1|Garchomp, L50, F|\n|poke|p1|Sneasler, L50, M|\n|poke|p2|Glimmora, L50, M|\n|poke|p2|Talonflame, L50, M|\n|poke|p2|Farigiraf, L50, M|\n|poke|p2|Ninetales-Alola, L50, M|\n|poke|p2|Garchomp, L50, F|\n|poke|p2|Samurott-Hisui, L50, F|\n|teampreview|4\n|inactive|Battle timer is ON: inactive players will automatically lose when time's up. (requested by ChazzItUp4200)\n|inactive|ChazzItUp4200 has 60 seconds left.\n|\n|t:|1776463663\n|teamsize|p1|4\n|teamsize|p2|4\n|start\n|switch|p1a: Incineroar|Incineroar, L50, M|100/100\n|switch|p1b: Basculegion|Basculegion, L50, M|100/100\n|switch|p2a: Johnny Joestar|Talonflame, L50, M, shiny|100/100\n|switch|p2b: Sandman|Garchomp, L50, F|100/100\n|-ability|p1a: Incineroar|Intimidate|boost\n|-unboost|p2a: Johnny Joestar|atk|1\n|-unboost|p2b: Sandman|atk|1\n|turn|1\n|\n|t:|1776463683\n|move|p2a: Johnny Joestar|Protect|p2a: Johnny Joestar\n|-singleturn|p2a: Johnny Joestar|Protect\n|move|p1a: Incineroar|Fake Out|p2a: Johnny Joestar\n|-activate|p2a: Johnny Joestar|move: Protect\n|move|p2b: Sandman|Earthquake|p1a: Incineroar|[spread] p1a,p1b\n|-activate|p2a: Johnny Joestar|move: Protect\n|-supereffective|p1a: Incineroar|1\n|-damage|p1a: Incineroar|38/100\n|-damage|p1b: Basculegion|60/100\n|-enditem|p1a: Incineroar|Sitrus Berry|[eat]\n|-heal|p1a: Incineroar|63/100|[from] item: Sitrus Berry\n|move|p1b: Basculegion|Ice Beam|p2b: Sandman\n|-supereffective|p2b: Sandman|2\n|-damage|p2b: Sandman|5/100\n|\n|upkeep\n|turn|2\n|inactive|ChazzItUp4200 has 30 seconds left.\n|\n|t:|1776463717\n|move|p2b: Sandman|Protect|p2b: Sandman\n|-singleturn|p2b: Sandman|Protect\n|move|p2a: Johnny Joestar|Tailwind|p2a: Johnny Joestar\n|-sidestart|p2: ChazzItUp4200|move: Tailwind\n|move|p1b: Basculegion|Ice Beam|p2b: Sandman\n|-activate|p2b: Sandman|move: Protect\n|move|p1a: Incineroar|Parting Shot|p2b: Sandman\n|-activate|p2b: Sandman|move: Protect\n|\n|upkeep\n|turn|3\n|inactive|Asherhbaron has 30 seconds left.\n|inactive|Asherhbaron has 20 seconds left.\n|inactive|Asherhbaron has 15 seconds left.\n|inactive|Asherhbaron has 10 seconds left.\n|\n|t:|1776463765\n|move|p2a: Johnny Joestar|Brave Bird|p1b: Basculegion\n|-damage|p1b: Basculegion|9/100\n|-damage|p2a: Johnny Joestar|79/100|[from] Recoil\n|move|p2b: Sandman|Earthquake|p1b: Basculegion|[spread] p1a,p1b\n|-immune|p2a: Johnny Joestar\n|-supereffective|p1a: Incineroar|1\n|-damage|p1a: Incineroar|0 fnt\n|-damage|p1b: Basculegion|0 fnt\n|faint|p1a: Incineroar\n|faint|p1b: Basculegion\n|\n|upkeep\n|\n|t:|1776463777\n|switch|p1a: Floette|Floette-Eternal, L50, F|100/100\n|switch|p1b: Sneasler|Sneasler, L50, M|100/100\n|turn|4\n|inactive|ChazzItUp4200 has 30 seconds left.\n|\n|t:|1776463807\n|detailschange|p1a: Floette|Floette-Mega, L50, F\n|-mega|p1a: Floette|Floette|Floettite\n|-ability|p1a: Floette|Fairy Aura\n|move|p2b: Sandman|Protect|p2b: Sandman\n|-singleturn|p2b: Sandman|Protect\n|move|p2a: Johnny Joestar|Brave Bird|p1b: Sneasler\n|-supereffective|p1b: Sneasler|1\n|-damage|p1b: Sneasler|0 fnt\n|faint|p1b: Sneasler\n|-damage|p2a: Johnny Joestar|46/100|[from] Recoil\n|move|p1a: Floette|Dazzling Gleam|p2b: Sandman|[spread] p2a\n|-activate|p2b: Sandman|move: Protect\n|-resisted|p2a: Johnny Joestar|1\n|-damage|p2a: Johnny Joestar|4/100\n|\n|upkeep\n|turn|5\n|\n|t:|1776463821\n|move|p2a: Johnny Joestar|Protect|p2a: Johnny Joestar\n|-singleturn|p2a: Johnny Joestar|Protect\n|move|p2b: Sandman|Earthquake|p1a: Floette|[spread] p1a\n|-activate|p2a: Johnny Joestar|move: Protect\n|-damage|p1a: Floette|68/100\n|move|p1a: Floette|Dazzling Gleam|p2a: Johnny Joestar|[spread] p2b\n|-activate|p2a: Johnny Joestar|move: Protect\n|-supereffective|p2b: Sandman|1\n|-damage|p2b: Sandman|0 fnt\n|faint|p2b: Sandman\n|\n|-sideend|p2: ChazzItUp4200|move: Tailwind\n|upkeep\n|\n|t:|1776463827\n|switch|p2b: Gyro Zeppeli|Glimmora, L50, M|100/100\n|turn|6\n|\n|t:|1776463832\n|detailschange|p2b: Gyro Zeppeli|Glimmora-Mega, L50, M\n|-mega|p2b: Gyro Zeppeli|Glimmora|Glimmoranite\n|move|p2a: Johnny Joestar|Tailwind|p2a: Johnny Joestar\n|-sidestart|p2: ChazzItUp4200|move: Tailwind\n|move|p2b: Gyro Zeppeli|Sludge Bomb|p1a: Floette\n|-supereffective|p1a: Floette|1\n|-damage|p1a: Floette|0 fnt\n|faint|p1a: Floette\n|\n|win|ChazzItUp4200\n|raw|Asherhbaron's rating: 1270 &rarr; <strong>1247</strong><br />(-23 for losing)\n|raw|ChazzItUp4200's rating: 1302 &rarr; <strong>1320</strong><br />(+18 for winning)\n|l|\u2606Asherhbaron\n|player|p1|\n",
  "uploadtime": 1776463862,
  "views": 38,
  "formatid": "gen9championsvgc2026regma",
  "rating": 1247,
  "private": 0,
  "password": null
}