{
  "id": "gen9championsvgc2026regma-2584018295",
  "format": "[Gen 9 Champions] VGC 2026 Reg M-A",
  "players": [
    "asanagiyuri",
    "flix_peace"
  ],
  "log": "|j|\u2606asanagiyuri\n|j|\u2606flix_peace\n|t:|1776217230\n|gametype|doubles\n|player|p1|asanagiyuri|miku-fairy|1094\n|player|p2|flix_peace|265|1095\n|gen|9\n|tier|[Gen 9 Champions] VGC 2026 Reg M-A\n|rated|\n|rule|Species Clause: Limit one of each Pok\u00e9mon\n|rule|Item Clause: Limit 1 of each item\n|clearpoke\n|poke|p1|Dragonite, L50, F|\n|poke|p1|Incineroar, L50, M|\n|poke|p1|Sinistcha, L50|\n|poke|p1|Floette-Eternal, L50, F|\n|poke|p1|Basculegion, L50, M|\n|poke|p1|Kingambit, L50, M|\n|poke|p2|Skarmory, L50, M|\n|poke|p2|Sinistcha, L50|\n|poke|p2|Farigiraf, L50, F|\n|poke|p2|Whimsicott, L50, M|\n|poke|p2|Goodra, L50, M|\n|poke|p2|Incineroar, L50, F|\n|teampreview|4\n|inactive|Battle timer is ON: inactive players will automatically lose when time's up. (requested by flix_peace)\n|\n|t:|1776217262\n|teamsize|p1|4\n|teamsize|p2|4\n|start\n|switch|p1a: Floette|Floette-Eternal, L50, F|100/100\n|switch|p1b: Incineroar|Incineroar, L50, M|100/100\n|switch|p2a: Skarmory|Skarmory, L50, M|100/100\n|switch|p2b: Farigiraf|Farigiraf, L50, F|100/100\n|-ability|p1b: Incineroar|Intimidate|boost\n|-unboost|p2a: Skarmory|atk|1\n|-unboost|p2b: Farigiraf|atk|1\n|turn|1\n|inactive|asanagiyuri has 30 seconds left.\n|\n|t:|1776217294\n|detailschange|p1a: Floette|Floette-Mega, L50, F\n|-mega|p1a: Floette|Floette|Floettite\n|-ability|p1a: Floette|Fairy Aura\n|move|p1a: Floette|Protect|p1a: Floette\n|-singleturn|p1a: Floette|Protect\n|move|p2a: Skarmory|Swords Dance|p2a: Skarmory\n|-boost|p2a: Skarmory|atk|2\n|move|p2b: Farigiraf|Hyper Voice|p1b: Incineroar|[spread] p1b\n|-activate|p1a: Floette|move: Protect\n|-damage|p1b: Incineroar|78/100\n|move|p1b: Incineroar|Flare Blitz|p2a: Skarmory\n|-supereffective|p2a: Skarmory|1\n|-damage|p2a: Skarmory|10/100\n|-damage|p1b: Incineroar|57/100|[from] Recoil\n|\n|upkeep\n|turn|2\n|\n|t:|1776217313\n|detailschange|p2a: Skarmory|Skarmory-Mega, L50, M\n|-mega|p2a: Skarmory|Skarmory|Skarmorite\n|move|p2a: Skarmory|Brave Bird|p1a: Floette\n|-damage|p1a: Floette|0 fnt\n|faint|p1a: Floette\n|-damage|p2a: Skarmory|0 fnt|[from] Recoil\n|faint|p2a: Skarmory\n|move|p2b: Farigiraf|Hyper Voice|p1b: Incineroar\n|-damage|p1b: Incineroar|29/100\n|move|p1b: Incineroar|Throat Chop|p2b: Farigiraf\n|-supereffective|p2b: Farigiraf|1\n|-damage|p2b: Farigiraf|55/100\n|-start|p2b: Farigiraf|Throat Chop|[silent]\n|\n|upkeep\n|\n|t:|1776217329\n|switch|p2a: Incineroar|Incineroar, L50, F|100/100\n|switch|p1a: Sinistcha|Sinistcha, L50|100/100\n|-ability|p2a: Incineroar|Intimidate|boost\n|-unboost|p1a: Sinistcha|atk|1\n|-unboost|p1b: Incineroar|atk|1\n|-heal|p1b: Incineroar|53/100|[from] ability: Hospitality|[of] p1a: Sinistcha\n|turn|3\n|inactive|flix_peace has 30 seconds left.\n|\n|t:|1776217361\n|move|p2b: Farigiraf|Helping Hand|p2a: Incineroar\n|-singleturn|p2a: Incineroar|Helping Hand|[of] p2b: Farigiraf\n|move|p1a: Sinistcha|Protect|p1a: Sinistcha\n|-singleturn|p1a: Sinistcha|Protect\n|move|p2a: Incineroar|Flare Blitz|p1a: Sinistcha\n|-activate|p1a: Sinistcha|move: Protect\n|move|p1b: Incineroar|Throat Chop|p2b: Farigiraf\n|-supereffective|p2b: Farigiraf|1\n|-damage|p2b: Farigiraf|20/100\n|-enditem|p2b: Farigiraf|Sitrus Berry|[eat]\n|-heal|p2b: Farigiraf|45/100|[from] item: Sitrus Berry\n|\n|-end|p2b: Farigiraf|Throat Chop|[silent]\n|upkeep\n|turn|4\n|\n|t:|1776217378\n|switch|p1a: Basculegion|Basculegion, L50, M|100/100\n|move|p2b: Farigiraf|Helping Hand|p2a: Incineroar\n|-singleturn|p2a: Incineroar|Helping Hand|[of] p2b: Farigiraf\n|move|p2a: Incineroar|Flare Blitz|p1a: Basculegion\n|-resisted|p1a: Basculegion|1\n|-damage|p1a: Basculegion|55/100\n|-damage|p2a: Incineroar|86/100|[from] Recoil\n|move|p1b: Incineroar|Parting Shot|p2b: Farigiraf\n|-unboost|p2b: Farigiraf|atk|1\n|-unboost|p2b: Farigiraf|spa|1\n|\n|t:|1776217388\n|switch|p1b: Sinistcha|Sinistcha, L50|100/100|[from] Parting Shot\n|-heal|p1a: Basculegion|80/100|[from] ability: Hospitality|[of] p1b: Sinistcha\n|\n|upkeep\n|turn|5\n|\n|t:|1776217396\n|switch|p2a: Sinistcha|Sinistcha, L50|100/100\n|-heal|p2b: Farigiraf|70/100|[from] ability: Hospitality|[of] p2a: Sinistcha\n|move|p2b: Farigiraf|Protect|p2b: Farigiraf\n|-singleturn|p2b: Farigiraf|Protect\n|move|p1a: Basculegion|Wave Crash|p2a: Sinistcha\n|-resisted|p2a: Sinistcha|1\n|-damage|p2a: Sinistcha|75/100\n|-damage|p1a: Basculegion|73/100|[from] Recoil\n|move|p1b: Sinistcha|Matcha Gotcha|p2b: Farigiraf|[spread] \n|-activate|p2b: Farigiraf|move: Protect\n|-miss|p1b: Sinistcha|p2a: Sinistcha\n|\n|-heal|p2a: Sinistcha|81/100|[from] item: Leftovers\n|upkeep\n|turn|6\n|\n|t:|1776217413\n|switch|p2b: Incineroar|Incineroar, L50, F|86/100\n|-ability|p2b: Incineroar|Intimidate|boost\n|-unboost|p1a: Basculegion|atk|1\n|-unboost|p1b: Sinistcha|atk|1\n|move|p2a: Sinistcha|Protect|p2a: Sinistcha\n|-singleturn|p2a: Sinistcha|Protect\n|move|p1a: Basculegion|Wave Crash|p2b: Incineroar\n|-supereffective|p2b: Incineroar|1\n|-damage|p2b: Incineroar|20/100\n|-damage|p1a: Basculegion|51/100|[from] Recoil\n|move|p1b: Sinistcha|Life Dew||[still]|[spread] p1a,p1b\n|-heal|p1a: Basculegion|76/100\n|-fail|p1b: Sinistcha|heal\n|\n|-heal|p2a: Sinistcha|88/100|[from] item: Leftovers\n|upkeep\n|turn|7\n|\n|t:|1776217427\n|switch|p1a: Incineroar|Incineroar, L50, M|53/100\n|-ability|p1a: Incineroar|Intimidate|boost\n|-unboost|p2a: Sinistcha|atk|1\n|-unboost|p2b: Incineroar|atk|1\n|move|p1b: Sinistcha|Protect|p1b: Sinistcha\n|-singleturn|p1b: Sinistcha|Protect\n|move|p2a: Sinistcha|Rage Powder|p2a: Sinistcha\n|-singleturn|p2a: Sinistcha|move: Rage Powder\n|move|p2b: Incineroar|Parting Shot|p1a: Incineroar\n|-unboost|p1a: Incineroar|atk|1\n|-unboost|p1a: Incineroar|spa|1\n|\n|t:|1776217430\n|switch|p2b: Farigiraf|Farigiraf, L50, F|70/100|[from] Parting Shot\n|\n|-heal|p2a: Sinistcha|94/100|[from] item: Leftovers\n|upkeep\n|turn|8\n|\n|t:|1776217444\n|move|p2a: Sinistcha|Life Dew|p2a: Sinistcha|[spread] p2a,p2b\n|-heal|p2a: Sinistcha|100/100\n|-heal|p2b: Farigiraf|95/100\n|move|p1b: Sinistcha|Life Dew||[still]|[spread] p1a,p1b\n|-heal|p1a: Incineroar|79/100\n|-fail|p1b: Sinistcha|heal\n|move|p2b: Farigiraf|Dazzling Gleam|p1a: Incineroar|[spread] p1a,p1b\n|-damage|p1a: Incineroar|64/100\n|-damage|p1b: Sinistcha|85/100\n|move|p1a: Incineroar|Flare Blitz|p2a: Sinistcha\n|-supereffective|p2a: Sinistcha|1\n|-damage|p2a: Sinistcha|59/100\n|-damage|p1a: Incineroar|52/100|[from] Recoil\n|\n|-heal|p1b: Sinistcha|92/100|[from] item: Leftovers\n|-heal|p2a: Sinistcha|65/100|[from] item: Leftovers\n|upkeep\n|turn|9\n|\n|t:|1776217465\n|switch|p2b: Incineroar|Incineroar, L50, F|20/100\n|-ability|p2b: Incineroar|Intimidate|boost\n|-unboost|p1a: Incineroar|atk|1\n|-unboost|p1b: Sinistcha|atk|1\n|move|p2a: Sinistcha|Life Dew|p2a: Sinistcha|[spread] p2a,p2b\n|-heal|p2a: Sinistcha|90/100\n|-heal|p2b: Incineroar|46/100\n|move|p1b: Sinistcha|Life Dew|p1b: Sinistcha|[spread] p1a,p1b\n|-heal|p1a: Incineroar|78/100\n|-heal|p1b: Sinistcha|100/100\n|move|p1a: Incineroar|Parting Shot|p2a: Sinistcha\n|-unboost|p2a: Sinistcha|atk|1\n|-unboost|p2a: Sinistcha|spa|1\n|\n|t:|1776217474\n|switch|p1a: Basculegion|Basculegion, L50, M|76/100|[from] Parting Shot\n|\n|-heal|p2a: Sinistcha|97/100|[from] item: Leftovers\n|upkeep\n|turn|10\n|\n|t:|1776217483\n|switch|p1b: Incineroar|Incineroar, L50, M|78/100\n|-ability|p1b: Incineroar|Intimidate|boost\n|-unboost|p2a: Sinistcha|atk|1\n|-unboost|p2b: Incineroar|atk|1\n|switch|p2a: Farigiraf|Farigiraf, L50, F|95/100\n|move|p2b: Incineroar|Protect|p2b: Incineroar\n|-singleturn|p2b: Incineroar|Protect\n|move|p1a: Basculegion|Last Respects|p2a: Farigiraf\n|-immune|p2a: Farigiraf\n|\n|upkeep\n|turn|11\n|\n|t:|1776217500\n|switch|p1a: Sinistcha|Sinistcha, L50|100/100\n|-heal|p1b: Incineroar|100/100|[from] ability: Hospitality|[of] p1a: Sinistcha\n|move|p1b: Incineroar|Fake Out||[still]\n|cant|p2a: Farigiraf|ability: Armor Tail|Fake Out|[of] p1b: Incineroar\n|move|p2b: Incineroar|Flare Blitz|p1b: Incineroar\n|-resisted|p1b: Incineroar|1\n|-damage|p1b: Incineroar|89/100\n|-damage|p2b: Incineroar|42/100|[from] Recoil\n|move|p2a: Farigiraf|Hyper Voice|p1b: Incineroar|[spread] p1b\n|-immune|p1a: Sinistcha\n|-damage|p1b: Incineroar|66/100\n|\n|upkeep\n|turn|12\n|inactive|flix_peace has 30 seconds left.\n|inactive|flix_peace has 20 seconds left.\n|inactive|flix_peace has 15 seconds left.\n|inactive|flix_peace has 10 seconds left.\n|inactive|flix_peace has 5 seconds left.\n|\n|t:|1776217551\n|move|p1a: Sinistcha|Protect|p1a: Sinistcha\n|-singleturn|p1a: Sinistcha|Protect\n|move|p2a: Farigiraf|Hyper Voice|p1a: Sinistcha|[spread] p1b\n|-activate|p1a: Sinistcha|move: Protect\n|-damage|p1b: Incineroar|45/100\n|move|p2b: Incineroar|Flare Blitz|p1a: Sinistcha\n|-activate|p1a: Sinistcha|move: Protect\n|move|p1b: Incineroar|Throat Chop|p2a: Farigiraf\n|-supereffective|p2a: Farigiraf|1\n|-damage|p2a: Farigiraf|47/100\n|-start|p2a: Farigiraf|Throat Chop|[silent]\n|\n|upkeep\n|turn|13\n|\n|t:|1776217571\n|switch|p1a: Basculegion|Basculegion, L50, M|76/100\n|move|p2a: Farigiraf|Helping Hand|p2b: Incineroar\n|-singleturn|p2b: Incineroar|Helping Hand|[of] p2a: Farigiraf\n|move|p2b: Incineroar|Flare Blitz|p1a: Basculegion\n|-resisted|p1a: Basculegion|1\n|-damage|p1a: Basculegion|47/100\n|-damage|p2b: Incineroar|32/100|[from] Recoil\n|move|p1b: Incineroar|Throat Chop|p2b: Incineroar\n|-resisted|p2b: Incineroar|1\n|-damage|p2b: Incineroar|21/100\n|-start|p2b: Incineroar|Throat Chop|[silent]\n|\n|-end|p2a: Farigiraf|Throat Chop|[silent]\n|upkeep\n|turn|14\n|\n|t:|1776217590\n|switch|p2a: Sinistcha|Sinistcha, L50|97/100\n|-heal|p2b: Incineroar|46/100|[from] ability: Hospitality|[of] p2a: Sinistcha\n|move|p2b: Incineroar|Protect|p2b: Incineroar\n|-singleturn|p2b: Incineroar|Protect\n|move|p1a: Basculegion|Flip Turn|p2b: Incineroar\n|-activate|p2b: Incineroar|move: Protect\n|move|p1b: Incineroar|Throat Chop|p2a: Sinistcha\n|-supereffective|p2a: Sinistcha|1\n|-damage|p2a: Sinistcha|53/100\n|-start|p2a: Sinistcha|Throat Chop|[silent]\n|\n|-heal|p2a: Sinistcha|59/100|[from] item: Leftovers\n|-end|p2b: Incineroar|Throat Chop|[silent]\n|upkeep\n|turn|15\n|\n|t:|1776217606\n|move|p2a: Sinistcha|Protect|p2a: Sinistcha\n|-singleturn|p2a: Sinistcha|Protect\n|move|p1a: Basculegion|Flip Turn|p2b: Incineroar\n|-supereffective|p2b: Incineroar|1\n|-damage|p2b: Incineroar|0 fnt\n|faint|p2b: Incineroar\n|\n|t:|1776217610\n|switch|p1a: Sinistcha|Sinistcha, L50|100/100|[from] Flip Turn\n|-heal|p1b: Incineroar|69/100|[from] ability: Hospitality|[of] p1a: Sinistcha\n|move|p1b: Incineroar|Throat Chop|p2a: Sinistcha\n|-activate|p2a: Sinistcha|move: Protect\n|\n|-heal|p2a: Sinistcha|65/100|[from] item: Leftovers\n|-end|p2a: Sinistcha|Throat Chop|[silent]\n|upkeep\n|\n|t:|1776217612\n|switch|p2b: Farigiraf|Farigiraf, L50, F|47/100\n|turn|16\n|\n|t:|1776217620\n|move|p2a: Sinistcha|Life Dew|p2a: Sinistcha|[spread] p2a,p2b\n|-heal|p2a: Sinistcha|90/100\n|-heal|p2b: Farigiraf|72/100\n|move|p1a: Sinistcha|Life Dew||[still]|[spread] p1a,p1b\n|-fail|p1a: Sinistcha|heal\n|-heal|p1b: Incineroar|95/100\n|move|p2b: Farigiraf|Hyper Voice|p1a: Sinistcha|[spread] p1b\n|-immune|p1a: Sinistcha\n|-damage|p1b: Incineroar|74/100\n|move|p1b: Incineroar|Flare Blitz|p2a: Sinistcha\n|-supereffective|p2a: Sinistcha|1\n|-damage|p2a: Sinistcha|25/100\n|-damage|p1b: Incineroar|55/100|[from] Recoil\n|\n|-heal|p2a: Sinistcha|31/100|[from] item: Leftovers\n|upkeep\n|turn|17\n|inactive|flix_peace has 30 seconds left.\n|\n|t:|1776217653\n|move|p2a: Sinistcha|Protect|p2a: Sinistcha\n|-singleturn|p2a: Sinistcha|Protect\n|move|p1a: Sinistcha|Life Dew||[still]|[spread] p1a,p1b\n|-fail|p1a: Sinistcha|heal\n|-heal|p1b: Incineroar|80/100\n|move|p2b: Farigiraf|Hyper Voice|p1a: Sinistcha|[spread] p1b\n|-immune|p1a: Sinistcha\n|-damage|p1b: Incineroar|56/100\n|move|p1b: Incineroar|Flare Blitz|p2a: Sinistcha\n|-activate|p2a: Sinistcha|move: Protect\n|\n|-heal|p2a: Sinistcha|38/100|[from] item: Leftovers\n|upkeep\n|turn|18\n|\n|t:|1776217666\n|move|p1a: Sinistcha|Life Dew||[still]|[spread] p1a,p1b\n|-fail|p1a: Sinistcha|heal\n|-heal|p1b: Incineroar|81/100\n|move|p2a: Sinistcha|Life Dew|p2a: Sinistcha|[spread] p2a,p2b\n|-heal|p2a: Sinistcha|63/100\n|-heal|p2b: Farigiraf|97/100\n|move|p2b: Farigiraf|Hyper Voice|p1b: Incineroar|[spread] p1b\n|-immune|p1a: Sinistcha\n|-crit|p1b: Incineroar\n|-damage|p1b: Incineroar|46/100\n|move|p1b: Incineroar|Flare Blitz|p2a: Sinistcha\n|-supereffective|p2a: Sinistcha|1\n|-damage|p2a: Sinistcha|0 fnt\n|faint|p2a: Sinistcha\n|-damage|p1b: Incineroar|27/100|[from] Recoil\n|\n|upkeep\n|turn|19\n|\n|t:|1776217675\n|move|p1a: Sinistcha|Life Dew||[still]|[spread] p1a,p1b\n|-fail|p1a: Sinistcha|heal\n|-heal|p1b: Incineroar|52/100\n|move|p2b: Farigiraf|Dazzling Gleam|p1a: Sinistcha|[spread] p1a,p1b\n|-damage|p1a: Sinistcha|85/100\n|-damage|p1b: Incineroar|38/100\n|move|p1b: Incineroar|Throat Chop|p2b: Farigiraf\n|-supereffective|p2b: Farigiraf|1\n|-damage|p2b: Farigiraf|54/100\n|-start|p2b: Farigiraf|Throat Chop|[silent]\n|\n|-heal|p1a: Sinistcha|92/100|[from] item: Leftovers\n|upkeep\n|turn|20\n|\n|t:|1776217683\n|move|p1a: Sinistcha|Matcha Gotcha|p2b: Farigiraf\n|-crit|p2b: Farigiraf\n|-damage|p2b: Farigiraf|0 fnt\n|-heal|p1a: Sinistcha|100/100|[from] drain|[of] p2b: Farigiraf\n|faint|p2b: Farigiraf\n|\n|win|asanagiyuri\n|raw|asanagiyuri's rating: 1094 &rarr; <strong>1120</strong><br />(+26 for winning)\n|raw|flix_peace's rating: 1095 &rarr; <strong>1071</strong><br />(-24 for losing)\n|l|\u2606flix_peace\n|player|p2|\n",
  "uploadtime": 1776217686,
  "views": 17,
  "formatid": "gen9championsvgc2026regma",
  "rating": 1071,
  "private": 0,
  "password": null
}