{
  "id": "gen9championsvgc2026regma-2584649016",
  "format": "[Gen 9 Champions] VGC 2026 Reg M-A",
  "players": [
    "5wamp",
    "jesuuuus"
  ],
  "log": "|j|\u26065wamp\n|j|\u2606jesuuuus\n|t:|1776274380\n|gametype|doubles\n|player|p1|5wamp|iono-masters|\n|player|p2|jesuuuus|265|\n|gen|9\n|tier|[Gen 9 Champions] VGC 2026 Reg M-A\n|rated|Tournament battle\n|rule|Species Clause: Limit one of each Pok\u00e9mon\n|rule|Item Clause: Limit 1 of each item\n|raw|<div class=\"infobox\"><details class=\"readmore\" open><summary><strong>1 custom rule:</strong></summary> -urshifu</details></div>\n|clearpoke\n|poke|p1|Floette-Eternal, L50, F|\n|poke|p1|Sneasler, L50, M|\n|poke|p1|Aerodactyl, L50, F|\n|poke|p1|Delphox, L50, F|\n|poke|p1|Garchomp, L50, M|\n|poke|p1|Kingambit, L50, M|\n|poke|p2|Gengar, L50, M|\n|poke|p2|Incineroar, L50, M|\n|poke|p2|Kommo-o, L50, M|\n|poke|p2|Sinistcha, L50|\n|poke|p2|Floette-Eternal, L50, F|\n|poke|p2|Sneasler, L50, M|\n|teampreview|4\n|inactive|Battle timer is ON: inactive players will automatically lose when time's up. (requested by 5wamp)\n|j| BIGGY STEELS\n|c|\u26065wamp|glhf\n|j| Plopy14\n|c|\u2606jesuuuus|glhf\n|j| lele0987\n|j| OnToTheOther\n|j|@Radio Free C-Side\n|j| AlbannachVGC\n|\n|t:|1776274408\n|teamsize|p1|4\n|teamsize|p2|4\n|start\n|switch|p1a: Floette|Floette-Eternal, L50, F|100/100\n|switch|p1b: Sneasler|Sneasler, L50, M|100/100\n|switch|p2a: Sneasler|Sneasler, L50, M|100/100\n|switch|p2b: Floette|Floette-Eternal, L50, F|100/100\n|turn|1\n|\n|t:|1776274429\n|detailschange|p2b: Floette|Floette-Mega, L50, F\n|-mega|p2b: Floette|Floette|Floettite\n|-ability|p2b: Floette|Fairy Aura\n|move|p1b: Sneasler|Fake Out|p2b: Floette\n|-damage|p2b: Floette|87/100\n|move|p2a: Sneasler|Fake Out|p1b: Sneasler\n|-damage|p1b: Sneasler|76/100\n|move|p1a: Floette|Psychic|p2a: Sneasler\n|-supereffective|p2a: Sneasler|2\n|-enditem|p2a: Sneasler|Focus Sash\n|-damage|p2a: Sneasler|1/100\n|cant|p2b: Floette|flinch\n|\n|upkeep\n|turn|2\n|inactive|jesuuuus has 30 seconds left.\n|inactive|5wamp has 30 seconds left.\n|inactive|jesuuuus has 20 seconds left.\n|\n|t:|1776274464\n|switch|p1a: Kingambit|Kingambit, L50, M|100/100\n|move|p2a: Sneasler|Dire Claw|p1a: Kingambit\n|-immune|p1a: Kingambit\n|move|p1b: Sneasler|Dire Claw|p2b: Floette\n|-supereffective|p2b: Floette|1\n|-damage|p2b: Floette|4/100\n|move|p2b: Floette|Moonblast|p1b: Sneasler\n|-damage|p1b: Sneasler|0 fnt\n|faint|p1b: Sneasler\n|\n|upkeep\n|\n|t:|1776274486\n|switch|p1b: Floette|Floette-Eternal, L50, F|100/100\n|turn|3\n|\n|t:|1776274502\n|move|p2a: Sneasler|Protect|p2a: Sneasler\n|-singleturn|p2a: Sneasler|Protect\n|move|p2b: Floette|Protect|p2b: Floette\n|-singleturn|p2b: Floette|Protect\n|move|p1a: Kingambit|Sucker Punch||[still]\n|-fail|p1a: Kingambit\n|move|p1b: Floette|Dazzling Gleam|p2b: Floette|[spread] \n|-activate|p2a: Sneasler|move: Protect\n|-activate|p2b: Floette|move: Protect\n|\n|upkeep\n|turn|4\n|\n|t:|1776274508\n|switch|p2b: Sinistcha|Sinistcha, L50|100/100\n|-heal|p2a: Sneasler|26/100|[from] ability: Hospitality|[of] p2b: Sinistcha\n|move|p1a: Kingambit|Sucker Punch|p2a: Sneasler\n|-resisted|p2a: Sneasler|1\n|-damage|p2a: Sneasler|0 fnt\n|faint|p2a: Sneasler\n|move|p1b: Floette|Dazzling Gleam|p2b: Sinistcha\n|-damage|p2b: Sinistcha|62/100\n|\n|upkeep\n|\n|t:|1776274516\n|switch|p2a: Floette|Floette-Mega, L50, F|4/100\n|-ability|p2a: Floette|Fairy Aura\n|turn|5\n|-message|jesuuuus forfeited.\n|\n|win|5wamp\n|n|\u26065wamp|5wamp\n|n|\u2606jesuuuus|jesuuuus\n|n| BIGGY STEELS|biggysteels\n|n| Plopy14|plopy14\n|n| lele0987|lele0987\n|n| OnToTheOther|ontotheother\n|n|+Radio Free C-Side|radiofreecside\n|n| AlbannachVGC|albannachvgc\n",
  "uploadtime": 1776274523,
  "views": 22,
  "formatid": "gen9championsvgc2026regma",
  "rating": null,
  "private": 0,
  "password": null
}