{
  "id": "gen9championsvgc2026regma-2584961979",
  "format": "[Gen 9 Champions] VGC 2026 Reg M-A",
  "players": [
    "Moacho",
    "Vitalis24"
  ],
  "log": "|j|\u2606Moacho\n|j|\u2606Vitalis24\n|t:|1776298504\n|gametype|doubles\n|player|p1|Moacho|169|1137\n|player|p2|Vitalis24|crasherwake|1215\n|gen|9\n|tier|[Gen 9 Champions] VGC 2026 Reg M-A\n|rated|\n|rule|Species Clause: Limit one of each Pok\u00e9mon\n|rule|Item Clause: Limit 1 of each item\n|clearpoke\n|poke|p1|Crabominable, L50, M|\n|poke|p1|Froslass, L50, F|\n|poke|p1|Sinistcha, L50|\n|poke|p1|Rotom-Wash, L50|\n|poke|p1|Alakazam, L50, F|\n|poke|p1|Kangaskhan, L50, F|\n|poke|p2|Manectric, L50, F|\n|poke|p2|Kingambit, L50, F|\n|poke|p2|Hatterene, L50, F|\n|poke|p2|Decidueye-Hisui, L50, F|\n|poke|p2|Pelipper, L50, M|\n|poke|p2|Basculegion, L50, M|\n|teampreview|4\n|inactive|Battle timer is ON: inactive players will automatically lose when time's up. (requested by Moacho)\n|inactive|Vitalis24 has 60 seconds left.\n|inactive|Vitalis24 has 30 seconds left.\n|inactive|Vitalis24 has 20 seconds left.\n|inactive|Vitalis24 has 15 seconds left.\n|inactive|Vitalis24 has 10 seconds left.\n|inactive|Vitalis24 has 5 seconds left.\n|\n|t:|1776298608\n|teamsize|p1|4\n|teamsize|p2|4\n|start\n|switch|p1a: Crabominable|Crabominable, L50, M|100/100\n|switch|p1b: Froslass|Froslass, L50, F|100/100\n|switch|p2a: Basculegion|Basculegion, L50, M|100/100\n|switch|p2b: Hatterene|Hatterene, L50, F|100/100\n|turn|1\n|inactive|Vitalis24 has 30 seconds left.\n|inactive|Vitalis24 has 20 seconds left.\n|inactive|Vitalis24 has 15 seconds left.\n|\n|t:|1776298651\n|move|p1b: Froslass|Frost Breath|p1a: Crabominable\n|-resisted|p1a: Crabominable|1\n|-crit|p1a: Crabominable\n|-damage|p1a: Crabominable|86/100\n|-setboost|p1a: Crabominable|atk|6|[from] ability: Anger Point\n|move|p2a: Basculegion|Last Respects|p1b: Froslass\n|-supereffective|p1b: Froslass|1\n|-enditem|p1b: Froslass|Focus Sash\n|-damage|p1b: Froslass|1/100\n|move|p1a: Crabominable|Crabhammer|p2b: Hatterene\n|-damage|p2b: Hatterene|0 fnt\n|faint|p2b: Hatterene\n|\n|upkeep\n|\n|t:|1776298675\n|switch|p2b: Decidueye|Decidueye-Hisui, L50, F|100/100\n|turn|2\n|\n|t:|1776298696\n|detailschange|p1a: Crabominable|Crabominable-Mega, L50, M\n|-mega|p1a: Crabominable|Crabominable|Crabominite\n|move|p1a: Crabominable|Protect|p1a: Crabominable\n|-singleturn|p1a: Crabominable|Protect\n|move|p2a: Basculegion|Aqua Jet|p1b: Froslass\n|-damage|p1b: Froslass|0 fnt\n|faint|p1b: Froslass\n|move|p2b: Decidueye|Triple Arrows|p1a: Crabominable\n|-activate|p1a: Crabominable|move: Protect\n|\n|upkeep\n|\n|t:|1776298711\n|switch|p1b: Kangaskhan|Kangaskhan, L50, F|100/100\n|turn|3\n|inactive|Vitalis24 has 30 seconds left.\n|\n|t:|1776298738\n|move|p2a: Basculegion|Protect|p2a: Basculegion\n|-singleturn|p2a: Basculegion|Protect\n|move|p1b: Kangaskhan|Fake Out|p2b: Decidueye\n|-damage|p2b: Decidueye|80/100\n|cant|p2b: Decidueye|flinch\n|move|p1a: Crabominable|Drain Punch|p2b: Decidueye\n|-damage|p2b: Decidueye|0 fnt\n|-heal|p1a: Crabominable|100/100|[from] drain|[of] p2b: Decidueye\n|faint|p2b: Decidueye\n|\n|upkeep\n|\n|t:|1776298752\n|switch|p2b: Pelipper|Pelipper, L50, M|100/100\n|-weather|RainDance|[from] ability: Drizzle|[of] p2b: Pelipper\n|turn|4\n|\n|t:|1776298769\n|move|p1a: Crabominable|Protect|p1a: Crabominable\n|-singleturn|p1a: Crabominable|Protect\n|move|p1b: Kangaskhan|Sucker Punch|p2a: Basculegion\n|-supereffective|p2a: Basculegion|1\n|-damage|p2a: Basculegion|42/100\n|move|p2a: Basculegion|Wave Crash|p1b: Kangaskhan\n|-damage|p1b: Kangaskhan|0 fnt\n|faint|p1b: Kangaskhan\n|-damage|p2a: Basculegion|6/100|[from] Recoil\n|move|p2b: Pelipper|Hurricane|p1a: Crabominable\n|-activate|p1a: Crabominable|move: Protect\n|\n|-weather|RainDance|[upkeep]\n|upkeep\n|\n|t:|1776298784\n|switch|p1b: Sinistcha|Sinistcha, L50|100/100\n|turn|5\n|\n|t:|1776298798\n|move|p1b: Sinistcha|Rage Powder|p1b: Sinistcha\n|-singleturn|p1b: Sinistcha|move: Rage Powder\n|move|p2a: Basculegion|Last Respects|p1b: Sinistcha\n|-supereffective|p1b: Sinistcha|1\n|-damage|p1b: Sinistcha|0 fnt\n|faint|p1b: Sinistcha\n|move|p2b: Pelipper|Hurricane|p1a: Crabominable\n|-supereffective|p1a: Crabominable|1\n|-damage|p1a: Crabominable|47/100\n|move|p1a: Crabominable|Ice Hammer|p2b: Pelipper\n|-enditem|p2b: Pelipper|Focus Sash\n|-damage|p2b: Pelipper|1/100\n|-unboost|p1a: Crabominable|spe|1\n|\n|-weather|RainDance|[upkeep]\n|upkeep\n|turn|6\n|\n|t:|1776298823\n|move|p1a: Crabominable|Protect|p1a: Crabominable\n|-singleturn|p1a: Crabominable|Protect\n|move|p2a: Basculegion|Last Respects|p1a: Crabominable\n|-activate|p1a: Crabominable|move: Protect\n|move|p2b: Pelipper|Hurricane|p1a: Crabominable\n|-activate|p1a: Crabominable|move: Protect\n|\n|-weather|RainDance|[upkeep]\n|upkeep\n|turn|7\n|\n|t:|1776298837\n|move|p1a: Crabominable|Protect|p1a: Crabominable\n|-singleturn|p1a: Crabominable|Protect\n|move|p2a: Basculegion|Last Respects|p1a: Crabominable\n|-activate|p1a: Crabominable|move: Protect\n|move|p2b: Pelipper|Hurricane|p1a: Crabominable\n|-activate|p1a: Crabominable|move: Protect\n|\n|-weather|RainDance|[upkeep]\n|upkeep\n|turn|8\n|\n|t:|1776298855\n|move|p1a: Crabominable|Protect||[still]\n|-fail|p1a: Crabominable\n|move|p2a: Basculegion|Last Respects|p1a: Crabominable\n|-damage|p1a: Crabominable|0 fnt\n|faint|p1a: Crabominable\n|\n|win|Vitalis24\n|raw|Moacho's rating: 1137 &rarr; <strong>1118</strong><br />(-19 for losing)\n|raw|Vitalis24's rating: 1215 &rarr; <strong>1234</strong><br />(+19 for winning)\n|l|\u2606Moacho\n|player|p1|\n",
  "uploadtime": 1776298873,
  "views": 50,
  "formatid": "gen9championsvgc2026regma",
  "rating": 1118,
  "private": 0,
  "password": null
}