{
  "id": "gen9championsvgc2026regma-2587033859",
  "format": "[Gen 9 Champions] VGC 2026 Reg M-A",
  "players": [
    "MegaAuraMaxxing",
    "WS Hawk"
  ],
  "log": "|j|\u2606MegaAuraMaxxing\n|j|\u2606WS Hawk\n|t:|1776483461\n|gametype|doubles\n|player|p1|MegaAuraMaxxing|red|1293\n|player|p2|WS Hawk|170|1319\n|gen|9\n|tier|[Gen 9 Champions] VGC 2026 Reg M-A\n|rated|\n|rule|Species Clause: Limit one of each Pok\u00e9mon\n|rule|Item Clause: Limit 1 of each item\n|clearpoke\n|poke|p1|Gengar, L50, F|\n|poke|p1|Lucario, L50, F|\n|poke|p1|Tyranitar, L50, F|\n|poke|p1|Rotom-Wash, L50|\n|poke|p1|Corviknight, L50, M|\n|poke|p1|Clefable, L50, F|\n|poke|p2|Froslass, L50, F|\n|poke|p2|Garchomp, L50, M|\n|poke|p2|Talonflame, L50, F|\n|poke|p2|Gyarados, L50, M|\n|poke|p2|Sneasler, L50, F|\n|poke|p2|Kingambit, L50, F|\n|teampreview|4\n|inactive|Battle timer is ON: inactive players will automatically lose when time's up. (requested by WS Hawk)\n|inactive|WS Hawk has 60 seconds left.\n|\n|t:|1776483520\n|teamsize|p1|4\n|teamsize|p2|4\n|start\n|switch|p1a: Gengar|Gengar, L50, F|100/100\n|switch|p1b: Lucario|Lucario, L50, F|100/100\n|switch|p2a: Garchomp|Garchomp, L50, M|100/100\n|switch|p2b: Talonflame|Talonflame, L50, F|100/100\n|turn|1\n|\n|t:|1776483531\n|detailschange|p1a: Gengar|Gengar-Mega, L50, F\n|-mega|p1a: Gengar|Gengar|Gengarite\n|move|p1a: Gengar|Protect|p1a: Gengar\n|-singleturn|p1a: Gengar|Protect\n|move|p1b: Lucario|Protect|p1b: Lucario\n|-singleturn|p1b: Lucario|Protect\n|move|p2b: Talonflame|Tailwind|p2b: Talonflame\n|-sidestart|p2: WS Hawk|move: Tailwind\n|move|p2a: Garchomp|Earthquake|p1a: Gengar|[spread] \n|-activate|p1a: Gengar|move: Protect\n|-activate|p1b: Lucario|move: Protect\n|-immune|p2b: Talonflame\n|\n|upkeep\n|turn|2\n|\n|t:|1776483546\n|switch|p1a: Corviknight|Corviknight, L50, M|100/100\n|move|p2b: Talonflame|Dual Wingbeat|p1a: Corviknight\n|-resisted|p1a: Corviknight|1\n|-damage|p1a: Corviknight|93/100\n|-resisted|p1a: Corviknight|1\n|-damage|p1a: Corviknight|85/100\n|-hitcount|p1a: Corviknight|2\n|move|p1b: Lucario|Bullet Punch|p2b: Talonflame\n|-resisted|p2b: Talonflame|1\n|-damage|p2b: Talonflame|84/100\n|move|p2a: Garchomp|Earthquake|p1b: Lucario|[spread] p1b\n|-immune|p2b: Talonflame\n|-immune|p1a: Corviknight\n|-supereffective|p1b: Lucario|1\n|-enditem|p1b: Lucario|Focus Sash\n|-damage|p1b: Lucario|1/100\n|\n|-heal|p1a: Corviknight|91/100|[from] item: Leftovers\n|upkeep\n|turn|3\n|\n|t:|1776483568\n|switch|p2b: Froslass|Froslass, L50, F|100/100\n|move|p1b: Lucario|Bullet Punch|p2a: Garchomp\n|-damage|p2a: Garchomp|84/100\n|-damage|p1b: Lucario|0 fnt|[from] ability: Rough Skin|[of] p2a: Garchomp\n|faint|p1b: Lucario\n|move|p2a: Garchomp|Rock Slide|p1a: Corviknight\n|-damage|p1a: Corviknight|68/100\n|move|p1a: Corviknight|Roost|p1a: Corviknight\n|-heal|p1a: Corviknight|100/100\n|-singleturn|p1a: Corviknight|move: Roost\n|\n|upkeep\n|\n|t:|1776483572\n|switch|p1b: Gengar|Gengar-Mega, L50, F|100/100\n|turn|4\n|\n|t:|1776483585\n|detailschange|p2b: Froslass|Froslass-Mega, L50, F\n|-mega|p2b: Froslass|Froslass|Froslassite\n|-weather|Snowscape|[from] ability: Snow Warning|[of] p2b: Froslass\n|move|p1b: Gengar|Protect|p1b: Gengar\n|-singleturn|p1b: Gengar|Protect\n|move|p2b: Froslass|Aurora Veil|p2b: Froslass\n|-sidestart|p2: WS Hawk|move: Aurora Veil\n|move|p2a: Garchomp|Rock Slide|p1a: Corviknight|[spread] p1a\n|-activate|p1b: Gengar|move: Protect\n|-damage|p1a: Corviknight|84/100\n|cant|p1a: Corviknight|flinch\n|\n|-weather|Snowscape|[upkeep]\n|-heal|p1a: Corviknight|90/100|[from] item: Leftovers\n|-sideend|p2: WS Hawk|move: Tailwind\n|upkeep\n|turn|5\n|\n|t:|1776483606\n|switch|p1b: Tyranitar|Tyranitar, L50, F|100/100\n|-weather|Sandstorm|[from] ability: Sand Stream|[of] p1b: Tyranitar\n|move|p2b: Froslass|Protect|p2b: Froslass\n|-singleturn|p2b: Froslass|Protect\n|move|p2a: Garchomp|Earthquake|p1b: Tyranitar|[spread] p1b\n|-activate|p2b: Froslass|move: Protect\n|-immune|p1a: Corviknight\n|-supereffective|p1b: Tyranitar|1\n|-damage|p1b: Tyranitar|38/100\n|move|p1a: Corviknight|Iron Defense|p1a: Corviknight\n|-boost|p1a: Corviknight|def|2\n|\n|-weather|Sandstorm|[upkeep]\n|-damage|p2b: Froslass|94/100|[from] Sandstorm\n|-heal|p1a: Corviknight|96/100|[from] item: Leftovers\n|upkeep\n|turn|6\n|\n|t:|1776483619\n|switch|p2b: Talonflame|Talonflame, L50, F|84/100\n|move|p2a: Garchomp|Earthquake|p1a: Corviknight|[spread] p1b\n|-immune|p2b: Talonflame\n|-immune|p1a: Corviknight\n|-supereffective|p1b: Tyranitar|1\n|-damage|p1b: Tyranitar|0 fnt\n|faint|p1b: Tyranitar\n|move|p1a: Corviknight|Iron Defense|p1a: Corviknight\n|-boost|p1a: Corviknight|def|2\n|\n|-weather|Sandstorm|[upkeep]\n|-damage|p2b: Talonflame|79/100|[from] Sandstorm\n|-heal|p1a: Corviknight|100/100|[from] item: Leftovers\n|upkeep\n|\n|t:|1776483622\n|switch|p1b: Gengar|Gengar-Mega, L50, F|100/100\n|turn|7\n|\n|t:|1776483633\n|move|p1b: Gengar|Icy Wind|p2b: Talonflame|[spread] p2a,p2b\n|-supereffective|p2a: Garchomp|2\n|-damage|p2a: Garchomp|40/100\n|-damage|p2b: Talonflame|61/100\n|-unboost|p2a: Garchomp|spe|1\n|-unboost|p2b: Talonflame|spe|1\n|move|p2b: Talonflame|Tailwind|p2b: Talonflame\n|-sidestart|p2: WS Hawk|move: Tailwind\n|move|p2a: Garchomp|Earthquake|p1a: Corviknight|[spread] p1b\n|-immune|p2b: Talonflame\n|-immune|p1a: Corviknight\n|-supereffective|p1b: Gengar|1\n|-damage|p1b: Gengar|0 fnt\n|faint|p1b: Gengar\n|move|p1a: Corviknight|Body Press|p2a: Garchomp\n|-damage|p2a: Garchomp|6/100\n|-damage|p1a: Corviknight|88/100|[from] ability: Rough Skin|[of] p2a: Garchomp\n|\n|-weather|Sandstorm|[upkeep]\n|-damage|p2b: Talonflame|55/100|[from] Sandstorm\n|-heal|p1a: Corviknight|94/100|[from] item: Leftovers\n|upkeep\n|turn|8\n|\n|t:|1776483643\n|move|p2b: Talonflame|Dual Wingbeat|p1a: Corviknight\n|-resisted|p1a: Corviknight|1\n|-damage|p1a: Corviknight|92/100\n|-resisted|p1a: Corviknight|1\n|-damage|p1a: Corviknight|88/100\n|-hitcount|p1a: Corviknight|2\n|move|p2a: Garchomp|Rock Slide|p1a: Corviknight\n|-damage|p1a: Corviknight|81/100\n|move|p1a: Corviknight|Roost|p1a: Corviknight\n|-heal|p1a: Corviknight|100/100\n|-singleturn|p1a: Corviknight|move: Roost\n|\n|-weather|Sandstorm|[upkeep]\n|-damage|p2b: Talonflame|50/100|[from] Sandstorm\n|-sideend|p2: WS Hawk|move: Aurora Veil\n|upkeep\n|turn|9\n|\n|t:|1776483657\n|switch|p2a: Gyarados|Gyarados, L50, M|100/100\n|-ability|p2a: Gyarados|Intimidate|boost\n|-ability|p1a: Corviknight|Mirror Armor\n|-unboost|p2a: Gyarados|atk|1\n|move|p2b: Talonflame|Protect|p2b: Talonflame\n|-singleturn|p2b: Talonflame|Protect\n|move|p1a: Corviknight|Roost||[still]\n|-fail|p1a: Corviknight|heal\n|\n|-weather|none\n|upkeep\n|turn|10\n|\n|t:|1776483666\n|switch|p2b: Froslass|Froslass-Mega, L50, F|94/100\n|-weather|Snowscape|[from] ability: Snow Warning|[of] p2b: Froslass\n|move|p2a: Gyarados|Dragon Dance|p2a: Gyarados\n|-boost|p2a: Gyarados|atk|1\n|-boost|p2a: Gyarados|spe|1\n|move|p1a: Corviknight|Iron Defense|p1a: Corviknight\n|-boost|p1a: Corviknight|def|2\n|\n|-weather|Snowscape|[upkeep]\n|-sideend|p2: WS Hawk|move: Tailwind\n|upkeep\n|turn|11\n|\n|t:|1776483671\n|move|p2a: Gyarados|Dragon Dance|p2a: Gyarados\n|-boost|p2a: Gyarados|atk|1\n|-boost|p2a: Gyarados|spe|1\n|move|p2b: Froslass|Aurora Veil|p2b: Froslass\n|-sidestart|p2: WS Hawk|move: Aurora Veil\n|move|p1a: Corviknight|Brave Bird|p2b: Froslass\n|-damage|p2b: Froslass|62/100\n|-damage|p1a: Corviknight|92/100|[from] Recoil\n|\n|-weather|Snowscape|[upkeep]\n|-heal|p1a: Corviknight|98/100|[from] item: Leftovers\n|upkeep\n|turn|12\n|\n|t:|1776483679\n|move|p2a: Gyarados|Dragon Dance|p2a: Gyarados\n|-boost|p2a: Gyarados|atk|1\n|-boost|p2a: Gyarados|spe|1\n|move|p2b: Froslass|Blizzard|p1a: Corviknight\n|-damage|p1a: Corviknight|49/100\n|move|p1a: Corviknight|Brave Bird|p2b: Froslass\n|-damage|p2b: Froslass|33/100\n|-damage|p1a: Corviknight|41/100|[from] Recoil\n|\n|-weather|Snowscape|[upkeep]\n|-heal|p1a: Corviknight|47/100|[from] item: Leftovers\n|upkeep\n|turn|13\n|\n|t:|1776483682\n|move|p2a: Gyarados|Dragon Dance|p2a: Gyarados\n|-boost|p2a: Gyarados|atk|1\n|-boost|p2a: Gyarados|spe|1\n|move|p2b: Froslass|Blizzard|p1a: Corviknight\n|-damage|p1a: Corviknight|0 fnt\n|faint|p1a: Corviknight\n|\n|win|WS Hawk\n|raw|MegaAuraMaxxing's rating: 1293 &rarr; <strong>1270</strong><br />(-23 for losing)\n|raw|WS Hawk's rating: 1319 &rarr; <strong>1338</strong><br />(+19 for winning)\n",
  "uploadtime": 1776483683,
  "views": 24,
  "formatid": "gen9championsvgc2026regma",
  "rating": 1270,
  "private": 0,
  "password": null
}