{
  "id": "gen9championsvgc2026regma-2586827792",
  "format": "[Gen 9 Champions] VGC 2026 Reg M-A",
  "players": [
    "BeTransThrowHands",
    "jok4rzin"
  ],
  "log": "|j|\u2606BeTransThrowHands\n|j|\u2606jok4rzin\n|t:|1776463247\n|gametype|doubles\n|player|p1|BeTransThrowHands|may-masters|1094\n|player|p2|jok4rzin|giovanni|1030\n|gen|9\n|tier|[Gen 9 Champions] VGC 2026 Reg M-A\n|rated|\n|rule|Species Clause: Limit one of each Pok\u00e9mon\n|rule|Item Clause: Limit 1 of each item\n|clearpoke\n|poke|p1|Delphox, L50, F|\n|poke|p1|Froslass, L50, F|\n|poke|p1|Clefable, L50, F|\n|poke|p1|Aerodactyl, L50, M|\n|poke|p1|Glaceon, L50, F|\n|poke|p1|Sneasler, L50, F|\n|poke|p2|Pelipper, L50, F|\n|poke|p2|Archaludon, L50, F|\n|poke|p2|Sneasler, L50, M|\n|poke|p2|Incineroar, L50, M|\n|poke|p2|Basculegion, L50, M|\n|poke|p2|Gengar, L50, M|\n|teampreview|4\n|\n|t:|1776463288\n|teamsize|p1|4\n|teamsize|p2|4\n|start\n|switch|p1a: Froslass|Froslass, L50, F|100/100\n|switch|p1b: Aerodactyl|Aerodactyl, L50, M|100/100\n|switch|p2a: Gengar|Gengar, L50, M|100/100\n|switch|p2b: Basculegion|Basculegion, L50, M|100/100\n|-ability|p1b: Aerodactyl|Unnerve\n|turn|1\n|inactive|Battle timer is ON: inactive players will automatically lose when time's up. (requested by jok4rzin)\n|\n|t:|1776463322\n|detailschange|p2a: Gengar|Gengar-Mega, L50, M\n|-mega|p2a: Gengar|Gengar|Gengarite\n|move|p1a: Froslass|Protect|p1a: Froslass\n|-singleturn|p1a: Froslass|Protect\n|move|p2b: Basculegion|Aqua Jet|p1b: Aerodactyl\n|-supereffective|p1b: Aerodactyl|1\n|-damage|p1b: Aerodactyl|14/100\n|move|p1b: Aerodactyl|Rock Slide|p2b: Basculegion|[spread] p2b\n|-miss|p1b: Aerodactyl|p2a: Gengar\n|-damage|p2b: Basculegion|69/100\n|move|p2a: Gengar|Shadow Ball|p1a: Froslass\n|-activate|p1a: Froslass|move: Protect\n|\n|upkeep\n|turn|2\n|inactive|BeTransThrowHands has 30 seconds left.\n|\n|t:|1776463356\n|detailschange|p1a: Froslass|Froslass-Mega, L50, F\n|-mega|p1a: Froslass|Froslass|Froslassite\n|-weather|Snowscape|[from] ability: Snow Warning|[of] p1a: Froslass\n|move|p2b: Basculegion|Aqua Jet|p1b: Aerodactyl\n|-supereffective|p1b: Aerodactyl|1\n|-damage|p1b: Aerodactyl|0 fnt\n|faint|p1b: Aerodactyl\n|move|p2a: Gengar|Shadow Ball|p1a: Froslass\n|-supereffective|p1a: Froslass|1\n|-damage|p1a: Froslass|0 fnt\n|faint|p1a: Froslass\n|\n|-weather|Snowscape|[upkeep]\n|upkeep\n|\n|t:|1776463364\n|switch|p1b: Glaceon|Glaceon, L50, F, shiny|100/100\n|switch|p1a: Clefable|Clefable, L50, F, shiny|100/100\n|turn|3\n|inactive|BeTransThrowHands has 30 seconds left.\n|inactive|jok4rzin has 30 seconds left.\n|inactive|jok4rzin has 20 seconds left.\n|inactive|jok4rzin has 15 seconds left.\n|\n|t:|1776463405\n|switch|p2b: Pelipper|Pelipper, L50, F|100/100\n|-weather|RainDance|[from] ability: Drizzle|[of] p2b: Pelipper\n|move|p2a: Gengar|Sludge Bomb|p1a: Clefable\n|-supereffective|p1a: Clefable|1\n|-damage|p1a: Clefable|13/100\n|-enditem|p1a: Clefable|Sitrus Berry|[eat]\n|-heal|p1a: Clefable|38/100|[from] item: Sitrus Berry\n|move|p1b: Glaceon|Blizzard|p2b: Pelipper|[spread] p2a\n|-miss|p1b: Glaceon|p2b: Pelipper\n|-damage|p2a: Gengar|19/100\n|move|p1a: Clefable|Life Dew||[still]|[spread] p1a,p1b\n|-heal|p1a: Clefable|63/100\n|-fail|p1b: Glaceon|heal\n|\n|-weather|RainDance|[upkeep]\n|upkeep\n|turn|4\n|\n|t:|1776463426\n|move|p2a: Gengar|Protect|p2a: Gengar\n|-singleturn|p2a: Gengar|Protect\n|move|p1a: Clefable|Follow Me|p1a: Clefable\n|-singleturn|p1a: Clefable|move: Follow Me\n|move|p2b: Pelipper|Weather Ball|p1a: Clefable\n|-damage|p1a: Clefable|7/100\n|move|p1b: Glaceon|Freeze-Dry|p2b: Pelipper\n|-supereffective|p2b: Pelipper|2\n|-enditem|p2b: Pelipper|Focus Sash\n|-damage|p2b: Pelipper|1/100\n|\n|-weather|RainDance|[upkeep]\n|upkeep\n|turn|5\n|\n|t:|1776463450\n|move|p1a: Clefable|Follow Me|p1a: Clefable\n|-singleturn|p1a: Clefable|move: Follow Me\n|move|p2a: Gengar|Shadow Ball|p1a: Clefable\n|-damage|p1a: Clefable|0 fnt\n|faint|p1a: Clefable\n|move|p2b: Pelipper|Weather Ball|p1b: Glaceon\n|-damage|p1b: Glaceon|25/100\n|move|p1b: Glaceon|Blizzard|p2b: Pelipper|[spread] p2b\n|-miss|p1b: Glaceon|p2a: Gengar\n|-damage|p2b: Pelipper|0 fnt\n|faint|p2b: Pelipper\n|\n|-weather|RainDance|[upkeep]\n|upkeep\n|\n|t:|1776463455\n|switch|p2b: Basculegion|Basculegion, L50, M|69/100\n|turn|6\n|\n|t:|1776463462\n|move|p2b: Basculegion|Wave Crash|p1b: Glaceon\n|-damage|p1b: Glaceon|0 fnt\n|faint|p1b: Glaceon\n|-damage|p2b: Basculegion|61/100|[from] Recoil\n|\n|win|jok4rzin\n|raw|BeTransThrowHands's rating: 1094 &rarr; <strong>1066</strong><br />(-28 for losing)\n|raw|jok4rzin's rating: 1030 &rarr; <strong>1072</strong><br />(+42 for winning)\n|l|\u2606jok4rzin\n|player|p2|\n",
  "uploadtime": 1776463466,
  "views": 22,
  "formatid": "gen9championsvgc2026regma",
  "rating": 1066,
  "private": 0,
  "password": null
}