{
  "id": "gen9championsvgc2026regma-2588310551",
  "format": "[Gen 9 Champions] VGC 2026 Reg M-A",
  "players": [
    "Axell88",
    "Sheepsoft"
  ],
  "log": "|j|\u2606Axell88\n|j|\u2606Sheepsoft\n|t:|1776623035\n|gametype|doubles\n|player|p1|Axell88|pokemaniac|1359\n|player|p2|Sheepsoft|maid|1291\n|gen|9\n|tier|[Gen 9 Champions] VGC 2026 Reg M-A\n|rated|\n|rule|Species Clause: Limit one of each Pok\u00e9mon\n|rule|Item Clause: Limit 1 of each item\n|clearpoke\n|poke|p1|Goodra, L50, F|\n|poke|p1|Primarina, L50, F|\n|poke|p1|Sneasler, L50, F|\n|poke|p1|Pelipper, L50, F|\n|poke|p1|Basculegion, L50, M|\n|poke|p1|Kingambit, L50, M|\n|poke|p2|Hydreigon, L50, M|\n|poke|p2|Aegislash, L50, M|\n|poke|p2|Floette-Eternal, L50, F|\n|poke|p2|Rotom-Wash, L50|\n|poke|p2|Volcarona, L50, F|\n|poke|p2|Sneasler, L50, F|\n|teampreview|4\n|\n|t:|1776623078\n|teamsize|p1|4\n|teamsize|p2|4\n|start\n|switch|p1a: Primarina|Primarina, L50, F|100/100\n|switch|p1b: Sneasler|Sneasler, L50, F|100/100\n|switch|p2a: Rotom|Rotom-Wash, L50|100/100\n|switch|p2b: Aegislash|Aegislash, L50, M|100/100\n|turn|1\n|\n|t:|1776623101\n|move|p1b: Sneasler|Fake Out|p2a: Rotom\n|-damage|p2a: Rotom|83/100\n|cant|p2a: Rotom|flinch\n|move|p1a: Primarina|Calm Mind|p1a: Primarina\n|-boost|p1a: Primarina|spa|1\n|-boost|p1a: Primarina|spd|1\n|-formechange|p2b: Aegislash|Aegislash-Blade|\n|move|p2b: Aegislash|Flash Cannon|p1a: Primarina\n|-damage|p1a: Primarina|70/100\n|\n|upkeep\n|turn|2\n|\n|t:|1776623120\n|move|p2a: Rotom|Volt Switch|p1a: Primarina\n|-supereffective|p1a: Primarina|1\n|-crit|p1a: Primarina\n|-damage|p1a: Primarina|0 fnt\n|faint|p1a: Primarina\n|\n|t:|1776623131\n|switch|p2a: Floette|Floette-Eternal, L50, F|100/100|[from] Volt Switch\n|move|p1b: Sneasler|Dire Claw|p2a: Floette\n|-supereffective|p2a: Floette|1\n|-damage|p2a: Floette|0 fnt\n|faint|p2a: Floette\n|move|p2b: Aegislash|Flash Cannon|p1b: Sneasler\n|-damage|p1b: Sneasler|28/100\n|\n|upkeep\n|\n|t:|1776623142\n|switch|p2a: Rotom|Rotom-Wash, L50|83/100\n|switch|p1a: Kingambit|Kingambit, L50, M|100/100\n|turn|3\n|\n|t:|1776623155\n|-formechange|p2b: Aegislash|Aegislash|\n|move|p2b: Aegislash|King's Shield|p2b: Aegislash\n|-singleturn|p2b: Aegislash|Protect\n|move|p1a: Kingambit|Sucker Punch||[still]\n|-fail|p1a: Kingambit\n|move|p2a: Rotom|Trick|p1a: Kingambit\n|-activate|p2a: Rotom|move: Trick|[of] p1a: Kingambit\n|-item|p1a: Kingambit|Choice Scarf|[from] move: Trick\n|-item|p2a: Rotom|Black Glasses|[from] move: Trick\n|move|p1b: Sneasler|Taunt|p2b: Aegislash\n|-start|p2b: Aegislash|move: Taunt\n|\n|upkeep\n|turn|4\n|\n|t:|1776623172\n|switch|p2b: Hydreigon|Hydreigon, L50, M|100/100\n|move|p1b: Sneasler|Dire Claw|p2a: Rotom\n|-damage|p2a: Rotom|33/100\n|move|p2a: Rotom|Volt Switch|p1b: Sneasler\n|-damage|p1b: Sneasler|0 fnt\n|faint|p1b: Sneasler\n|\n|t:|1776623181\n|switch|p2a: Aegislash|Aegislash, L50, M|100/100|[from] Volt Switch\n|move|p1a: Kingambit|Kowtow Cleave|p2b: Hydreigon\n|-resisted|p2b: Hydreigon|1\n|-damage|p2b: Hydreigon|73/100\n|\n|upkeep\n|\n|t:|1776623188\n|switch|p1b: Basculegion|Basculegion, L50, M|100/100\n|turn|5\n|\n|t:|1776623201\n|move|p1b: Basculegion|Protect|p1b: Basculegion\n|-singleturn|p1b: Basculegion|Protect\n|move|p2b: Hydreigon|Dark Pulse|p1b: Basculegion\n|-activate|p1b: Basculegion|move: Protect\n|move|p1a: Kingambit|Kowtow Cleave|p2b: Hydreigon\n|-resisted|p2b: Hydreigon|1\n|-damage|p2b: Hydreigon|46/100\n|-formechange|p2a: Aegislash|Aegislash-Blade|\n|move|p2a: Aegislash|Shadow Ball|p1b: Basculegion\n|-activate|p1b: Basculegion|move: Protect\n|\n|upkeep\n|turn|6\n|\n|t:|1776623238\n|move|p2b: Hydreigon|Protect|p2b: Hydreigon\n|-singleturn|p2b: Hydreigon|Protect\n|-formechange|p2a: Aegislash|Aegislash|\n|move|p2a: Aegislash|King's Shield|p2a: Aegislash\n|-singleturn|p2a: Aegislash|Protect\n|move|p1b: Basculegion|Aqua Jet|p2a: Aegislash\n|-activate|p2a: Aegislash|move: Protect\n|-unboost|p1b: Basculegion|atk|1\n|move|p1a: Kingambit|Kowtow Cleave|p2b: Hydreigon\n|-activate|p2b: Hydreigon|move: Protect\n|\n|upkeep\n|turn|7\n|\n|t:|1776623258\n|move|p1b: Basculegion|Protect|p1b: Basculegion\n|-singleturn|p1b: Basculegion|Protect\n|move|p2b: Hydreigon|Heat Wave|p1b: Basculegion|[spread] p1a\n|-activate|p1b: Basculegion|move: Protect\n|-supereffective|p1a: Kingambit|1\n|-damage|p1a: Kingambit|53/100\n|move|p1a: Kingambit|Kowtow Cleave|p2b: Hydreigon\n|-resisted|p2b: Hydreigon|1\n|-damage|p2b: Hydreigon|18/100\n|-formechange|p2a: Aegislash|Aegislash-Blade|\n|move|p2a: Aegislash|Shadow Ball|p1b: Basculegion\n|-activate|p1b: Basculegion|move: Protect\n|\n|upkeep\n|turn|8\n|\n|t:|1776623279\n|move|p2b: Hydreigon|Heat Wave|p1a: Kingambit|[spread] p1a,p1b\n|-supereffective|p1a: Kingambit|1\n|-resisted|p1b: Basculegion|1\n|-damage|p1a: Kingambit|5/100\n|-damage|p1b: Basculegion|86/100\n|move|p1b: Basculegion|Last Respects|p2b: Hydreigon\n|-resisted|p2b: Hydreigon|1\n|-damage|p2b: Hydreigon|0 fnt\n|faint|p2b: Hydreigon\n|move|p1a: Kingambit|Kowtow Cleave|p2a: Aegislash\n|-supereffective|p2a: Aegislash|1\n|-damage|p2a: Aegislash|0 fnt\n|faint|p2a: Aegislash\n|\n|upkeep\n|\n|t:|1776623292\n|switch|p2a: Rotom|Rotom-Wash, L50|33/100\n|turn|9\n|\n|t:|1776623306\n|move|p2a: Rotom|Electroweb|p1a: Kingambit|[spread] p1a,p1b\n|-supereffective|p1b: Basculegion|1\n|-damage|p1a: Kingambit|0 fnt\n|-damage|p1b: Basculegion|43/100\n|-unboost|p1b: Basculegion|spe|1\n|faint|p1a: Kingambit\n|move|p1b: Basculegion|Last Respects|p2a: Rotom\n|-damage|p2a: Rotom|0 fnt\n|faint|p2a: Rotom\n|\n|win|Axell88\n|raw|Axell88's rating: 1359 &rarr; <strong>1375</strong><br />(+16 for winning)\n|raw|Sheepsoft's rating: 1291 &rarr; <strong>1271</strong><br />(-20 for losing)\n|l|\u2606Sheepsoft\n|player|p2|\n",
  "uploadtime": 1776623396,
  "views": 11,
  "formatid": "gen9championsvgc2026regma",
  "rating": 1271,
  "private": 0,
  "password": null
}