{
  "id": "gen9championsvgc2026regma-2588674192",
  "format": "[Gen 9 Champions] VGC 2026 Reg M-A",
  "players": [
    "adalove",
    "Btuhhhhhhhhh"
  ],
  "log": "|j|\u2606adalove\n|j|\u2606Btuhhhhhhhhh\n|t:|1776656329\n|gametype|doubles\n|player|p1|adalove|dragontamer|1242\n|player|p2|Btuhhhhhhhhh|pokemaniac|1234\n|gen|9\n|tier|[Gen 9 Champions] VGC 2026 Reg M-A\n|rated|\n|rule|Species Clause: Limit one of each Pok\u00e9mon\n|rule|Item Clause: Limit 1 of each item\n|clearpoke\n|poke|p1|Tyranitar, L50, M|\n|poke|p1|Excadrill, L50, M|\n|poke|p1|Corviknight, L50, F|\n|poke|p1|Garchomp, L50, F|\n|poke|p1|Primarina, L50, M|\n|poke|p1|Sinistcha, L50|\n|poke|p2|Farigiraf, L50, M, shiny|\n|poke|p2|Incineroar, L50, F|\n|poke|p2|Araquanid, L50, M|\n|poke|p2|Blastoise, L50, F|\n|poke|p2|Drampa, L50, M, shiny|\n|poke|p2|Goodra-Hisui, L50, F|\n|teampreview|4\n|inactive|Battle timer is ON: inactive players will automatically lose when time's up. (requested by adalove)\n|inactive|adalove has 60 seconds left.\n|\n|t:|1776656361\n|teamsize|p1|4\n|teamsize|p2|4\n|start\n|switch|p1a: Bandwidth|Sinistcha, L50|100/100\n|switch|p1b: The-Catalyst|Tyranitar, L50, M|100/100\n|switch|p2a: Acheron|Farigiraf, L50, M, shiny|100/100\n|switch|p2b: Blastoise|Blastoise, L50, F|100/100\n|-weather|Sandstorm|[from] ability: Sand Stream|[of] p1b: The-Catalyst\n|turn|1\n|\n|t:|1776656380\n|detailschange|p2b: Blastoise|Blastoise-Mega, L50, F\n|-mega|p2b: Blastoise|Blastoise|Blastoisinite\n|detailschange|p1b: The-Catalyst|Tyranitar-Mega, L50, M\n|-mega|p1b: The-Catalyst|Tyranitar|Tyranitarite\n|move|p1a: Bandwidth|Rage Powder|p1a: Bandwidth\n|-singleturn|p1a: Bandwidth|move: Rage Powder\n|move|p1b: The-Catalyst|Knock Off|p2a: Acheron\n|-supereffective|p2a: Acheron|1\n|-crit|p2a: Acheron\n|-damage|p2a: Acheron|0 fnt\n|-enditem|p2a: Acheron|Sitrus Berry|[from] move: Knock Off|[of] p1b: The-Catalyst\n|faint|p2a: Acheron\n|move|p2b: Blastoise|Dark Pulse|p1a: Bandwidth\n|-supereffective|p1a: Bandwidth|1\n|-damage|p1a: Bandwidth|0 fnt\n|faint|p1a: Bandwidth\n|\n|-weather|Sandstorm|[upkeep]\n|-damage|p2b: Blastoise|95/100|[from] Sandstorm\n|upkeep\n|\n|t:|1776656401\n|switch|p1a: Frictionless|Garchomp, L50, F|100/100\n|switch|p2a: Down Unda|Araquanid, L50, M|100/100\n|turn|2\n|inactive|adalove has 30 seconds left.\n|inactive|adalove has 20 seconds left.\n|inactive|adalove has 15 seconds left.\n|\n|t:|1776656445\n|move|p2a: Down Unda|Wide Guard|p2a: Down Unda\n|-singleturn|p2a: Down Unda|Wide Guard\n|move|p1a: Frictionless|Dragon Claw|p2b: Blastoise\n|-damage|p2b: Blastoise|60/100\n|move|p1b: The-Catalyst|Low Kick|p2b: Blastoise\n|-damage|p2b: Blastoise|26/100\n|move|p2b: Blastoise|Water Spout|p1b: The-Catalyst|[spread] p1a,p1b\n|-supereffective|p1b: The-Catalyst|1\n|-damage|p1a: Frictionless|84/100\n|-damage|p1b: The-Catalyst|85/100\n|\n|-weather|Sandstorm|[upkeep]\n|-damage|p2b: Blastoise|20/100|[from] Sandstorm\n|-damage|p2a: Down Unda|95/100|[from] Sandstorm\n|upkeep\n|turn|3\n|\n|t:|1776656462\n|move|p2b: Blastoise|Protect|p2b: Blastoise\n|-singleturn|p2b: Blastoise|Protect\n|move|p1a: Frictionless|Dragon Claw|p2b: Blastoise\n|-activate|p2b: Blastoise|move: Protect\n|move|p1b: The-Catalyst|Knock Off|p2a: Down Unda\n|-damage|p2a: Down Unda|24/100\n|-enditem|p2a: Down Unda|Mystic Water|[from] move: Knock Off|[of] p1b: The-Catalyst\n|move|p2a: Down Unda|Liquidation|p1a: Frictionless\n|-damage|p1a: Frictionless|17/100\n|\n|-weather|Sandstorm|[upkeep]\n|-damage|p2b: Blastoise|14/100|[from] Sandstorm\n|-damage|p2a: Down Unda|19/100|[from] Sandstorm\n|upkeep\n|turn|4\n|\n|t:|1776656486\n|move|p2a: Down Unda|Protect|p2a: Down Unda\n|-singleturn|p2a: Down Unda|Protect\n|move|p1a: Frictionless|Dragon Claw|p2b: Blastoise\n|-damage|p2b: Blastoise|0 fnt\n|faint|p2b: Blastoise\n|move|p1b: The-Catalyst|Knock Off|p2a: Down Unda\n|-activate|p2a: Down Unda|move: Protect\n|\n|-weather|Sandstorm|[upkeep]\n|-damage|p2a: Down Unda|13/100|[from] Sandstorm\n|upkeep\n|\n|t:|1776656496\n|switch|p2b: Zirokabi|Incineroar, L50, F|100/100\n|-ability|p2b: Zirokabi|Intimidate|boost\n|-unboost|p1a: Frictionless|atk|1\n|-unboost|p1b: The-Catalyst|atk|1\n|turn|5\n|\n|t:|1776656511\n|move|p1a: Frictionless|Protect|p1a: Frictionless\n|-singleturn|p1a: Frictionless|Protect\n|move|p1b: The-Catalyst|Protect|p1b: The-Catalyst\n|-singleturn|p1b: The-Catalyst|Protect\n|move|p2b: Zirokabi|Fake Out|p1b: The-Catalyst\n|-activate|p1b: The-Catalyst|move: Protect\n|move|p2a: Down Unda|Liquidation|p1b: The-Catalyst\n|-activate|p1b: The-Catalyst|move: Protect\n|\n|-weather|none\n|upkeep\n|turn|6\n|\n|t:|1776656523\n|switch|p1b: Defensive-Moat|Corviknight, L50, F|100/100\n|move|p1a: Frictionless|Earthquake|p2b: Zirokabi|[spread] p2a,p2b\n|-immune|p1b: Defensive-Moat\n|-resisted|p2a: Down Unda|1\n|-supereffective|p2b: Zirokabi|1\n|-damage|p2a: Down Unda|0 fnt\n|-damage|p2b: Zirokabi|48/100\n|faint|p2a: Down Unda\n|move|p2b: Zirokabi|Darkest Lariat|p1a: Frictionless\n|-damage|p1a: Frictionless|0 fnt\n|faint|p1a: Frictionless\n|\n|upkeep\n|\n|t:|1776656535\n|switch|p1a: The-Catalyst|Tyranitar-Mega, L50, M|85/100\n|-weather|Sandstorm|[from] ability: Sand Stream|[of] p1a: The-Catalyst\n|turn|7\n|-message|Btuhhhhhhhhh forfeited.\n|\n|win|adalove\n|raw|adalove's rating: 1242 &rarr; <strong>1266</strong><br />(+24 for winning)\n|raw|Btuhhhhhhhhh's rating: 1234 &rarr; <strong>1210</strong><br />(-24 for losing)\n",
  "uploadtime": 1776656537,
  "views": 7,
  "formatid": "gen9championsvgc2026regma",
  "rating": 1210,
  "private": 0,
  "password": null
}