{
  "id": "gen9championsvgc2026regma-2580603151",
  "format": "[Gen 9 Champions] VGC 2026 Reg M-A",
  "players": [
    "AAACompanyBtw",
    "spacesnake11"
  ],
  "log": "|j|\u2606AAACompanyBtw\n|j|\u2606spacesnake11\n|t:|1775917184\n|gametype|doubles\n|player|p1|AAACompanyBtw|2|1050\n|player|p2|spacesnake11|ghetsis|1084\n|gen|9\n|tier|[Gen 9 Champions] VGC 2026 Reg M-A\n|rated|\n|rule|Species Clause: Limit one of each Pok\u00e9mon\n|rule|Item Clause: Limit 1 of each item\n|clearpoke\n|poke|p1|Incineroar, L50, M|\n|poke|p1|Pelipper, L50, M|\n|poke|p1|Basculegion, L50, M|\n|poke|p1|Mamoswine, L50, F|\n|poke|p1|Orthworm, L50, M|\n|poke|p1|Dragonite, L50, M|\n|poke|p2|Crabominable, L50, M|\n|poke|p2|Farigiraf, L50, F|\n|poke|p2|Torkoal, L50, F|\n|poke|p2|Charizard, L50, M|\n|poke|p2|Venusaur, L50, F|\n|poke|p2|Incineroar, L50, F|\n|teampreview|4\n|inactive|Battle timer is ON: inactive players will automatically lose when time's up. (requested by AAACompanyBtw)\n|\n|t:|1775917242\n|teamsize|p1|4\n|teamsize|p2|4\n|start\n|switch|p1a: Incineroar|Incineroar, L50, M|100/100\n|switch|p1b: Dragonite|Dragonite, L50, M|100/100\n|switch|p2a: Farigiraf|Farigiraf, L50, F|100/100\n|switch|p2b: Incineroar|Incineroar, L50, F|100/100\n|-ability|p2b: Incineroar|Intimidate|boost\n|-unboost|p1a: Incineroar|atk|1\n|-fail|p1b: Dragonite|unboost|Attack|[from] ability: Inner Focus|[of] p1b: Dragonite\n|-ability|p1a: Incineroar|Intimidate|boost\n|-unboost|p2a: Farigiraf|atk|1\n|-unboost|p2b: Incineroar|atk|1\n|turn|1\n|inactive|AAACompanyBtw has 30 seconds left.\n|inactive|spacesnake11 has 30 seconds left.\n|inactive|AAACompanyBtw has 20 seconds left.\n|inactive|spacesnake11 has 20 seconds left.\n|inactive|AAACompanyBtw has 15 seconds left.\n|inactive|spacesnake11 has 15 seconds left.\n|inactive|spacesnake11 has 10 seconds left.\n|\n|t:|1775917288\n|detailschange|p1b: Dragonite|Dragonite-Mega, L50, M\n|-mega|p1b: Dragonite|Dragonite|Dragoninite\n|move|p2b: Incineroar|Fake Out|p1a: Incineroar\n|-damage|p1a: Incineroar|92/100\n|move|p1b: Dragonite|Draco Meteor|p2a: Farigiraf\n|-damage|p2a: Farigiraf|29/100\n|-unboost|p1b: Dragonite|spa|2\n|cant|p1a: Incineroar|flinch\n|move|p2a: Farigiraf|Trick Room|p2a: Farigiraf\n|-fieldstart|move: Trick Room|[of] p2a: Farigiraf\n|\n|upkeep\n|turn|2\n|\n|t:|1775917307\n|switch|p1b: Pelipper|Pelipper, L50, M|100/100\n|-weather|RainDance|[from] ability: Drizzle|[of] p1b: Pelipper\n|move|p1a: Incineroar|Parting Shot|p2a: Farigiraf\n|-unboost|p2a: Farigiraf|atk|1\n|-unboost|p2a: Farigiraf|spa|1\n|\n|t:|1775917316\n|switch|p1a: Dragonite|Dragonite-Mega, L50, M|100/100|[from] Parting Shot\n|move|p2a: Farigiraf|Psychic|p1b: Pelipper\n|-damage|p1b: Pelipper|70/100\n|move|p2b: Incineroar|Parting Shot|p1a: Dragonite\n|-unboost|p1a: Dragonite|atk|1\n|-unboost|p1a: Dragonite|spa|1\n|\n|t:|1775917322\n|switch|p2b: Torkoal|Torkoal, L50, F|100/100|[from] Parting Shot\n|-weather|SunnyDay|[from] ability: Drought|[of] p2b: Torkoal\n|\n|-weather|SunnyDay|[upkeep]\n|upkeep\n|turn|3\n|\n|t:|1775917336\n|switch|p2a: Crabominable|Crabominable, L50, M|100/100\n|switch|p1b: Incineroar|Incineroar, L50, M|92/100\n|-ability|p1b: Incineroar|Intimidate|boost\n|-fail|p2a: Crabominable|unboost|Attack|[from] ability: Hyper Cutter|[of] p2a: Crabominable\n|-unboost|p2b: Torkoal|atk|1\n|move|p1a: Dragonite|Protect|p1a: Dragonite\n|-singleturn|p1a: Dragonite|Protect\n|move|p2b: Torkoal|Eruption|p1b: Incineroar|[spread] p1b\n|-activate|p1a: Dragonite|move: Protect\n|-resisted|p1b: Incineroar|1\n|-damage|p1b: Incineroar|62/100\n|\n|-weather|SunnyDay|[upkeep]\n|upkeep\n|turn|4\n|inactive|spacesnake11 has 30 seconds left.\n|inactive|spacesnake11 has 20 seconds left.\n|inactive|spacesnake11 has 15 seconds left.\n|inactive|spacesnake11 has 10 seconds left.\n|inactive|spacesnake11 has 5 seconds left.\n|\n|t:|1775917388\n|switch|p1a: Pelipper|Pelipper, L50, M|70/100\n|-weather|RainDance|[from] ability: Drizzle|[of] p1a: Pelipper\n|detailschange|p2a: Crabominable|Crabominable-Mega, L50, M\n|-mega|p2a: Crabominable|Crabominable|Crabominite\n|move|p1b: Incineroar|Fake Out|p2a: Crabominable\n|-damage|p2a: Crabominable|93/100\n|move|p2b: Torkoal|Eruption|p1a: Pelipper|[spread] p1a,p1b\n|-resisted|p1a: Pelipper|1\n|-resisted|p1b: Incineroar|1\n|-damage|p1a: Pelipper|48/100\n|-damage|p1b: Incineroar|52/100\n|cant|p2a: Crabominable|flinch\n|\n|-weather|RainDance|[upkeep]\n|upkeep\n|turn|5\n|\n|t:|1775917408\n|switch|p2b: Incineroar|Incineroar, L50, F|100/100\n|-ability|p2b: Incineroar|Intimidate|boost\n|-unboost|p1a: Pelipper|atk|1\n|-unboost|p1b: Incineroar|atk|1\n|move|p1a: Pelipper|Protect|p1a: Pelipper\n|-singleturn|p1a: Pelipper|Protect\n|move|p2a: Crabominable|Ice Hammer|p1a: Pelipper\n|-activate|p1a: Pelipper|move: Protect\n|move|p1b: Incineroar|Parting Shot|p2a: Crabominable\n|-unboost|p2a: Crabominable|atk|1\n|-unboost|p2a: Crabominable|spa|1\n|\n|t:|1775917426\n|switch|p1b: Basculegion|Basculegion, L50, M|100/100|[from] Parting Shot\n|\n|-weather|RainDance|[upkeep]\n|-fieldend|move: Trick Room\n|upkeep\n|turn|6\n|\n|t:|1775917450\n|switch|p2a: Torkoal|Torkoal, L50, F|100/100\n|-weather|SunnyDay|[from] ability: Drought|[of] p2a: Torkoal\n|move|p1b: Basculegion|Flip Turn|p2b: Incineroar\n|-supereffective|p2b: Incineroar|1\n|-enditem|p2b: Incineroar|Passho Berry|[eat]\n|-enditem|p2b: Incineroar|Passho Berry|[weaken]\n|-damage|p2b: Incineroar|83/100\n|\n|t:|1775917458\n|switch|p1b: Incineroar|Incineroar, L50, M|52/100|[from] Flip Turn\n|-ability|p1b: Incineroar|Intimidate|boost\n|-unboost|p2a: Torkoal|atk|1\n|-unboost|p2b: Incineroar|atk|1\n|move|p2b: Incineroar|Darkest Lariat|p1b: Incineroar\n|-resisted|p1b: Incineroar|1\n|-damage|p1b: Incineroar|40/100\n|move|p1a: Pelipper|Hurricane|p2a: Torkoal\n|-damage|p2a: Torkoal|50/100\n|\n|-weather|SunnyDay|[upkeep]\n|upkeep\n|turn|7\n|\n|t:|1775917476\n|move|p2a: Torkoal|Helping Hand|p2b: Incineroar\n|-singleturn|p2b: Incineroar|Helping Hand|[of] p2a: Torkoal\n|move|p2b: Incineroar|Darkest Lariat|p1a: Pelipper\n|-damage|p1a: Pelipper|17/100\n|move|p1a: Pelipper|Muddy Water|p2b: Incineroar|[spread] p2a,p2b\n|-supereffective|p2a: Torkoal|1\n|-supereffective|p2b: Incineroar|1\n|-damage|p2a: Torkoal|21/100\n|-damage|p2b: Incineroar|61/100\n|-unboost|p2b: Incineroar|accuracy|1\n|move|p1b: Incineroar|Parting Shot|p2a: Torkoal\n|-unboost|p2a: Torkoal|atk|1\n|-unboost|p2a: Torkoal|spa|1\n|\n|t:|1775917488\n|switch|p1b: Dragonite|Dragonite-Mega, L50, M|100/100|[from] Parting Shot\n|\n|-weather|SunnyDay|[upkeep]\n|upkeep\n|turn|8\n|inactive|spacesnake11 has 30 seconds left.\n|inactive|spacesnake11 has 20 seconds left.\n|inactive|spacesnake11 has 15 seconds left.\n|inactive|spacesnake11 has 10 seconds left.\n|\n|t:|1775917535\n|switch|p1a: Incineroar|Incineroar, L50, M|40/100\n|-ability|p1a: Incineroar|Intimidate|boost\n|-unboost|p2a: Torkoal|atk|1\n|-unboost|p2b: Incineroar|atk|1\n|switch|p2a: Crabominable|Crabominable-Mega, L50, M|93/100\n|move|p1b: Dragonite|Protect|p1b: Dragonite\n|-singleturn|p1b: Dragonite|Protect\n|move|p2b: Incineroar|Darkest Lariat|p1a: Incineroar\n|-resisted|p1a: Incineroar|1\n|-damage|p1a: Incineroar|31/100\n|\n|-weather|SunnyDay|[upkeep]\n|upkeep\n|turn|9\n|\n|t:|1775917553\n|switch|p1a: Pelipper|Pelipper, L50, M|17/100\n|-weather|RainDance|[from] ability: Drizzle|[of] p1a: Pelipper\n|move|p2a: Crabominable|Protect|p2a: Crabominable\n|-singleturn|p2a: Crabominable|Protect\n|move|p1b: Dragonite|Hurricane|p2a: Crabominable\n|-activate|p2a: Crabominable|move: Protect\n|move|p2b: Incineroar|Darkest Lariat|p1a: Pelipper|[miss]\n|-miss|p2b: Incineroar|p1a: Pelipper\n|\n|-weather|RainDance|[upkeep]\n|upkeep\n|turn|10\n|inactive|AAACompanyBtw has 30 seconds left.\n|\n|t:|1775917579\n|switch|p2b: Torkoal|Torkoal, L50, F|21/100\n|-weather|SunnyDay|[from] ability: Drought|[of] p2b: Torkoal\n|switch|p1a: Incineroar|Incineroar, L50, M|31/100\n|-ability|p1a: Incineroar|Intimidate|boost\n|-unboost|p2a: Crabominable|atk|1\n|-unboost|p2b: Torkoal|atk|1\n|move|p1b: Dragonite|Hurricane|p2a: Crabominable\n|-supereffective|p2a: Crabominable|1\n|-crit|p2a: Crabominable\n|-damage|p2a: Crabominable|0 fnt\n|faint|p2a: Crabominable\n|\n|-weather|SunnyDay|[upkeep]\n|upkeep\n|inactive|spacesnake11 has 30 seconds left.\n|inactive|spacesnake11 has 20 seconds left.\n|inactive|spacesnake11 has 15 seconds left.\n|-message|spacesnake11 forfeited.\n|\n|win|AAACompanyBtw\n|raw|AAACompanyBtw's rating: 1050 &rarr; <strong>1086</strong><br />(+36 for winning)\n|raw|spacesnake11's rating: 1084 &rarr; <strong>1059</strong><br />(-25 for losing)\n|l|\u2606spacesnake11\n|player|p2|\n",
  "uploadtime": 1775917628,
  "views": 11,
  "formatid": "gen9championsvgc2026regma",
  "rating": 1059,
  "private": 0,
  "password": null
}