{
  "id": "gen9championsvgc2026regma-2586809270",
  "format": "[Gen 9 Champions] VGC 2026 Reg M-A",
  "players": [
    "the roach goblin",
    "gonegeb"
  ],
  "log": "|j|\u2606the roach goblin\n|j|\u2606gonegeb\n|t:|1776461673\n|gametype|doubles\n|player|p1|the roach goblin|idol|1086\n|player|p2|gonegeb|corbeau|1047\n|gen|9\n|tier|[Gen 9 Champions] VGC 2026 Reg M-A\n|rated|\n|rule|Species Clause: Limit one of each Pok\u00e9mon\n|rule|Item Clause: Limit 1 of each item\n|clearpoke\n|poke|p1|Slurpuff, L50, F|\n|poke|p1|Garchomp, L50, F|\n|poke|p1|Tyranitar, L50, F|\n|poke|p1|Rotom-Wash, L50|\n|poke|p1|Corviknight, L50, M|\n|poke|p1|Gliscor, L50, M|\n|poke|p2|Lucario, L50, M|\n|poke|p2|Umbreon, L50, M|\n|poke|p2|Arcanine, L50, F|\n|poke|p2|Ceruledge, L50, M|\n|poke|p2|Corviknight, L50, M|\n|poke|p2|Whimsicott, L50, F|\n|teampreview|4\n|inactive|Battle timer is ON: inactive players will automatically lose when time's up. (requested by the roach goblin)\n|\n|t:|1776461714\n|teamsize|p1|4\n|teamsize|p2|4\n|start\n|switch|p1a: Macaron|Slurpuff, L50, F|100/100\n|switch|p1b: Viscount Score|Gliscor, L50, M|100/100\n|switch|p2a: Lucario|Lucario, L50, M|100/100\n|switch|p2b: Luna|Whimsicott, L50, F, shiny|100/100\n|turn|1\n|\n|t:|1776461738\n|detailschange|p2a: Lucario|Lucario-Mega, L50, M\n|-mega|p2a: Lucario|Lucario|Lucarionite\n|move|p2b: Luna|Tailwind|p2b: Luna\n|-sidestart|p2: gonegeb|move: Tailwind\n|move|p2a: Lucario|Meteor Mash|p1a: Macaron\n|-supereffective|p1a: Macaron|1\n|-damage|p1a: Macaron|5/100\n|-enditem|p1a: Macaron|Sitrus Berry|[eat]\n|-heal|p1a: Macaron|30/100|[from] item: Sitrus Berry\n|move|p1a: Macaron|String Shot|p2b: Luna|[spread] p2a,p2b\n|-unboost|p2a: Lucario|spe|2\n|-unboost|p2b: Luna|spe|2\n|move|p1b: Viscount Score|Tailwind|p1b: Viscount Score\n|-sidestart|p1: the roach goblin|move: Tailwind\n|\n|upkeep\n|turn|2\n|\n|t:|1776461757\n|move|p1a: Macaron|Helping Hand|p1b: Viscount Score\n|-singleturn|p1b: Viscount Score|Helping Hand|[of] p1a: Macaron\n|move|p2b: Luna|Encore|p1b: Viscount Score\n|-start|p1b: Viscount Score|Encore\n|move|p1b: Viscount Score|Tailwind||[still]\n|-fail|p1b: Viscount Score\n|move|p2a: Lucario|Swords Dance|p2a: Lucario\n|-boost|p2a: Lucario|atk|2\n|\n|upkeep\n|turn|3\n|inactive|gonegeb has 30 seconds left.\n|\n|t:|1776461792\n|move|p2b: Luna|Encore|p1a: Macaron\n|-start|p1a: Macaron|Encore\n|move|p1a: Macaron|Helping Hand|p1b: Viscount Score\n|-singleturn|p1b: Viscount Score|Helping Hand|[of] p1a: Macaron\n|move|p1b: Viscount Score|Tailwind||[still]\n|-fail|p1b: Viscount Score\n|move|p2a: Lucario|Meteor Mash|p1b: Viscount Score\n|-damage|p1b: Viscount Score|0 fnt\n|faint|p1b: Viscount Score\n|\n|upkeep\n|\n|t:|1776461798\n|switch|p1b: Duchess Chomp|Garchomp, L50, F, shiny|100/100\n|turn|4\n|inactive|gonegeb has 30 seconds left.\n|inactive|gonegeb has 20 seconds left.\n|\n|t:|1776461837\n|switch|p1a: Duchess' Mistress|Tyranitar, L50, F|100/100\n|-weather|Sandstorm|[from] ability: Sand Stream|[of] p1a: Duchess' Mistress\n|detailschange|p1b: Duchess Chomp|Garchomp-Mega, L50, F, shiny\n|-mega|p1b: Duchess Chomp|Garchomp|Garchompite\n|move|p2a: Lucario|Protect|p2a: Lucario\n|-singleturn|p2a: Lucario|Protect\n|move|p2b: Luna|Taunt|p1a: Duchess' Mistress\n|-hint|Since gen 7, Dark is immune to Prankster moves.\n|-immune|p1a: Duchess' Mistress\n|move|p1b: Duchess Chomp|Earthquake|p2b: Luna|[spread] p1a,p2b\n|-activate|p2a: Lucario|move: Protect\n|-supereffective|p1a: Duchess' Mistress|1\n|-resisted|p2b: Luna|1\n|-damage|p1a: Duchess' Mistress|0 fnt\n|-damage|p2b: Luna|59/100\n|faint|p1a: Duchess' Mistress\n|\n|-weather|Sandstorm|[upkeep]\n|-damage|p2b: Luna|53/100|[from] Sandstorm\n|-sideend|p2: gonegeb|move: Tailwind\n|-sideend|p1: the roach goblin|move: Tailwind\n|upkeep\n|c|\u2606gonegeb|nice\n|\n|t:|1776461849\n|switch|p1a: Macaron|Slurpuff, L50, F|30/100\n|turn|5\n|\n|t:|1776461861\n|move|p1a: Macaron|Helping Hand|p1b: Duchess Chomp\n|-singleturn|p1b: Duchess Chomp|Helping Hand|[of] p1a: Macaron\n|move|p2b: Luna|Tailwind|p2b: Luna\n|-sidestart|p2: gonegeb|move: Tailwind\n|move|p2a: Lucario|Close Combat|p1b: Duchess Chomp\n|-damage|p1b: Duchess Chomp|0 fnt\n|-unboost|p2a: Lucario|def|1\n|-unboost|p2a: Lucario|spd|1\n|faint|p1b: Duchess Chomp\n|\n|-weather|Sandstorm|[upkeep]\n|-damage|p2b: Luna|47/100|[from] Sandstorm\n|-damage|p1a: Macaron|24/100|[from] Sandstorm\n|upkeep\n|turn|6\n|c|\u2606gonegeb|dang\n|c|\u2606gonegeb|lol\n|\n|t:|1776461877\n|move|p2b: Luna|Encore|p1a: Macaron\n|-start|p1a: Macaron|Encore\n|move|p1a: Macaron|Helping Hand|null|[notarget]\n|-fail|p1a: Macaron\n|move|p2a: Lucario|Meteor Mash|p1a: Macaron\n|-supereffective|p1a: Macaron|1\n|-damage|p1a: Macaron|0 fnt\n|faint|p1a: Macaron\n|\n|win|gonegeb\n|raw|the roach goblin's rating: 1086 &rarr; <strong>1061</strong><br />(-25 for losing)\n|raw|gonegeb's rating: 1047 &rarr; <strong>1084</strong><br />(+37 for winning)\n|l|\u2606the roach goblin\n|player|p1|\n|l|\u2606gonegeb\n|player|p2|\n|j|\u2606gonegeb\n|player|p2|gonegeb|corbeau|\n",
  "uploadtime": 1776461917,
  "views": 38,
  "formatid": "gen9championsvgc2026regma",
  "rating": 1061,
  "private": 0,
  "password": null
}