{
  "id": "gen9championsvgc2026regma-2582801783",
  "format": "[Gen 9 Champions] VGC 2026 Reg M-A",
  "players": [
    "CementTheBlock",
    "Goukxd2020"
  ],
  "log": "|j|\u2606CementTheBlock\n|j|\u2606Goukxd2020\n|t:|1776115191\n|gametype|doubles\n|player|p1|CementTheBlock|266|1144\n|player|p2|Goukxd2020|lyra|1190\n|gen|9\n|tier|[Gen 9 Champions] VGC 2026 Reg M-A\n|rated|\n|rule|Species Clause: Limit one of each Pok\u00e9mon\n|rule|Item Clause: Limit 1 of each item\n|clearpoke\n|poke|p1|Gardevoir, L50, F|\n|poke|p1|Palafin, L50, M|\n|poke|p1|Talonflame, L50, F|\n|poke|p1|Scizor, L50, M|\n|poke|p1|Farigiraf, L50, M|\n|poke|p1|Hydreigon, L50, F|\n|poke|p2|Gallade, L50, M|\n|poke|p2|Armarouge, L50, M|\n|poke|p2|Hatterene, L50, F|\n|poke|p2|Archaludon, L50, M|\n|poke|p2|Tyranitar, L50, F|\n|poke|p2|Mimikyu, L50, F|\n|teampreview|4\n|\n|t:|1776115210\n|teamsize|p1|4\n|teamsize|p2|4\n|start\n|switch|p1a: Farigiraf|Farigiraf, L50, M|100/100\n|switch|p1b: Hydreigon|Hydreigon, L50, F|100/100\n|switch|p2a: Armarouge|Armarouge, L50, M|100/100\n|switch|p2b: Hatterene|Hatterene, L50, F|100/100\n|turn|1\n|\n|t:|1776115256\n|move|p1b: Hydreigon|Snarl|p2b: Hatterene|[spread] p2a,p2b\n|-supereffective|p2a: Armarouge|1\n|-damage|p2a: Armarouge|43/100\n|-damage|p2b: Hatterene|66/100\n|-unboost|p2a: Armarouge|spa|1\n|-unboost|p2b: Hatterene|spa|1\n|move|p2b: Hatterene|Trick|p1b: Hydreigon\n|-activate|p2b: Hatterene|move: Trick|[of] p1b: Hydreigon\n|-item|p1b: Hydreigon|Choice Scarf|[from] move: Trick\n|-item|p2b: Hatterene|Black Glasses|[from] move: Trick\n|move|p2a: Armarouge|Trick Room|p2a: Armarouge\n|-fieldstart|move: Trick Room|[of] p2a: Armarouge\n|move|p1a: Farigiraf|Trick Room|p1a: Farigiraf\n|-fieldend|move: Trick Room\n|\n|upkeep\n|turn|2\n|\n|t:|1776115272\n|move|p2a: Armarouge|Wide Guard|p2a: Armarouge\n|-singleturn|p2a: Armarouge|Wide Guard\n|move|p1b: Hydreigon|Snarl|p2b: Hatterene|[spread] \n|-activate|p2a: Armarouge|move: Wide Guard\n|-activate|p2b: Hatterene|move: Wide Guard\n|move|p1a: Farigiraf|Foul Play|p2b: Hatterene\n|-damage|p2b: Hatterene|47/100\n|move|p2b: Hatterene|Dazzling Gleam|p1b: Hydreigon|[spread] p1a,p1b\n|-supereffective|p1b: Hydreigon|2\n|-damage|p1a: Farigiraf|78/100\n|-damage|p1b: Hydreigon|22/100\n|\n|-heal|p1a: Farigiraf|84/100|[from] item: Leftovers\n|upkeep\n|turn|3\n|\n|t:|1776115301\n|move|p2a: Armarouge|Wide Guard|p2a: Armarouge\n|-singleturn|p2a: Armarouge|Wide Guard\n|move|p1b: Hydreigon|Snarl|p2b: Hatterene|[spread] \n|-activate|p2a: Armarouge|move: Wide Guard\n|-activate|p2b: Hatterene|move: Wide Guard\n|move|p1a: Farigiraf|Foul Play|p2a: Armarouge\n|-supereffective|p2a: Armarouge|1\n|-damage|p2a: Armarouge|18/100\n|move|p2b: Hatterene|Dazzling Gleam|p1b: Hydreigon|[spread] p1a,p1b\n|-supereffective|p1b: Hydreigon|2\n|-damage|p1a: Farigiraf|62/100\n|-damage|p1b: Hydreigon|0 fnt\n|faint|p1b: Hydreigon\n|\n|-heal|p1a: Farigiraf|68/100|[from] item: Leftovers\n|upkeep\n|\n|t:|1776115318\n|switch|p1b: Scizor|Scizor, L50, M|100/100\n|turn|4\n|\n|t:|1776115340\n|switch|p2a: Gallade|Gallade, L50, M|100/100\n|detailschange|p1b: Scizor|Scizor-Mega, L50, M\n|-mega|p1b: Scizor|Scizor|Scizorite\n|move|p1b: Scizor|Bullet Punch|p2b: Hatterene\n|-supereffective|p2b: Hatterene|1\n|-damage|p2b: Hatterene|0 fnt\n|faint|p2b: Hatterene\n|move|p1a: Farigiraf|Foul Play|p2a: Gallade\n|-damage|p2a: Gallade|48/100\n|\n|-heal|p1a: Farigiraf|74/100|[from] item: Leftovers\n|upkeep\n|\n|t:|1776115361\n|switch|p2b: Tyranitar|Tyranitar, L50, F|100/100\n|-weather|Sandstorm|[from] ability: Sand Stream|[of] p2b: Tyranitar\n|turn|5\n|\n|t:|1776115372\n|move|p2b: Tyranitar|Protect|p2b: Tyranitar\n|-singleturn|p2b: Tyranitar|Protect\n|move|p1b: Scizor|Bullet Punch|p2b: Tyranitar\n|-activate|p2b: Tyranitar|move: Protect\n|move|p2a: Gallade|Sacred Sword|p1b: Scizor\n|-crit|p1b: Scizor\n|-damage|p1b: Scizor|13/100\n|move|p1a: Farigiraf|Foul Play|p2a: Gallade\n|-damage|p2a: Gallade|0 fnt\n|faint|p2a: Gallade\n|\n|-weather|Sandstorm|[upkeep]\n|-damage|p1a: Farigiraf|68/100|[from] Sandstorm\n|-heal|p1a: Farigiraf|74/100|[from] item: Leftovers\n|upkeep\n|\n|t:|1776115382\n|switch|p2a: Armarouge|Armarouge, L50, M|18/100\n|turn|6\n|\n|t:|1776115395\n|detailschange|p2b: Tyranitar|Tyranitar-Mega, L50, F\n|-mega|p2b: Tyranitar|Tyranitar|Tyranitarite\n|move|p2b: Tyranitar|Protect|p2b: Tyranitar\n|-singleturn|p2b: Tyranitar|Protect\n|move|p1b: Scizor|Bullet Punch|p2b: Tyranitar\n|-activate|p2b: Tyranitar|move: Protect\n|move|p2a: Armarouge|Heat Wave|p1b: Scizor|[spread] p1a\n|-miss|p2a: Armarouge|p1b: Scizor\n|-damage|p1a: Farigiraf|31/100\n|move|p1a: Farigiraf|Foul Play|p2a: Armarouge\n|-supereffective|p2a: Armarouge|1\n|-damage|p2a: Armarouge|0 fnt\n|faint|p2a: Armarouge\n|\n|-weather|Sandstorm|[upkeep]\n|-damage|p1a: Farigiraf|25/100|[from] Sandstorm\n|-heal|p1a: Farigiraf|31/100|[from] item: Leftovers\n|upkeep\n|turn|7\n|c|\u2606CementTheBlock|Okay that miss was BS\n|\n|t:|1776115425\n|switch|p1a: Gardevoir|Gardevoir, L50, F|100/100\n|move|p1b: Scizor|Bullet Punch|p2b: Tyranitar\n|-supereffective|p2b: Tyranitar|1\n|-damage|p2b: Tyranitar|55/100\n|move|p2b: Tyranitar|Body Press|p1b: Scizor\n|-damage|p1b: Scizor|0 fnt\n|faint|p1b: Scizor\n|\n|-weather|Sandstorm|[upkeep]\n|-damage|p1a: Gardevoir|95/100|[from] Sandstorm\n|upkeep\n|c|\u2606Goukxd2020|damn\n|\n|t:|1776115437\n|switch|p1b: Farigiraf|Farigiraf, L50, M|31/100\n|turn|8\n|\n|t:|1776115446\n|move|p1a: Gardevoir|Will-O-Wisp|p2b: Tyranitar\n|-status|p2b: Tyranitar|brn\n|move|p2b: Tyranitar|Knock Off|p1a: Gardevoir\n|-damage|p1a: Gardevoir|67/100\n|move|p1b: Farigiraf|Foul Play|p2b: Tyranitar\n|-resisted|p2b: Tyranitar|1\n|-damage|p2b: Tyranitar|45/100 brn\n|\n|-weather|Sandstorm|[upkeep]\n|-damage|p1a: Gardevoir|61/100|[from] Sandstorm\n|-damage|p1b: Farigiraf|25/100|[from] Sandstorm\n|-heal|p1b: Farigiraf|31/100|[from] item: Leftovers\n|-damage|p2b: Tyranitar|38/100 brn|[from] brn\n|upkeep\n|turn|9\n|\n|t:|1776115463\n|move|p1b: Farigiraf|Helping Hand|p1a: Gardevoir\n|-singleturn|p1a: Gardevoir|Helping Hand|[of] p1b: Farigiraf\n|move|p1a: Gardevoir|Hyper Voice|p2b: Tyranitar\n|-resisted|p2b: Tyranitar|1\n|-damage|p2b: Tyranitar|24/100 brn\n|move|p2b: Tyranitar|Rock Slide|p1b: Farigiraf|[spread] p1a,p1b\n|-damage|p1a: Gardevoir|38/100\n|-damage|p1b: Farigiraf|14/100\n|\n|-weather|none\n|-heal|p1b: Farigiraf|20/100|[from] item: Leftovers\n|-damage|p2b: Tyranitar|17/100 brn|[from] brn\n|upkeep\n|turn|10\n|\n|t:|1776115478\n|move|p1a: Gardevoir|Hyper Voice|p2b: Tyranitar\n|-resisted|p2b: Tyranitar|1\n|-damage|p2b: Tyranitar|3/100 brn\n|move|p2b: Tyranitar|Rock Slide|p1b: Farigiraf|[spread] p1a,p1b\n|-crit|p1a: Gardevoir\n|-damage|p1a: Gardevoir|4/100\n|-damage|p1b: Farigiraf|3/100\n|move|p1b: Farigiraf|Foul Play|p2b: Tyranitar\n|-resisted|p2b: Tyranitar|1\n|-damage|p2b: Tyranitar|0 fnt\n|faint|p2b: Tyranitar\n|\n|win|CementTheBlock\n|raw|CementTheBlock's rating: 1144 &rarr; <strong>1172</strong><br />(+28 for winning)\n|raw|Goukxd2020's rating: 1190 &rarr; <strong>1162</strong><br />(-28 for losing)\n|c|\u2606CementTheBlock|GG\n",
  "uploadtime": 1776115502,
  "views": 26,
  "formatid": "gen9championsvgc2026regma",
  "rating": 1162,
  "private": 0,
  "password": null
}