{
  "id": "gen9championsvgc2026regma-2581837057",
  "format": "[Gen 9 Champions] VGC 2026 Reg M-A",
  "players": [
    "dmryrdtp",
    "Evil Yarrack"
  ],
  "log": "|j|\u2606dmryrdtp\n|j|\u2606Evil Yarrack\n|t:|1776032469\n|gametype|doubles\n|player|p1|dmryrdtp|nate|1318\n|player|p2|Evil Yarrack|youngster-gen4dp|1349\n|gen|9\n|tier|[Gen 9 Champions] VGC 2026 Reg M-A\n|rated|\n|rule|Species Clause: Limit one of each Pok\u00e9mon\n|rule|Item Clause: Limit 1 of each item\n|clearpoke\n|poke|p1|Froslass, L50, F|\n|poke|p1|Incineroar, L50, M|\n|poke|p1|Basculegion, L50, M|\n|poke|p1|Garchomp, L50, M|\n|poke|p1|Floette-Eternal, L50, F|\n|poke|p1|Sneasler, L50, F|\n|poke|p2|Hawlucha, L50, F|\n|poke|p2|Lycanroc, L50, F|\n|poke|p2|Tyranitar, L50, M|\n|poke|p2|Sinistcha, L50|\n|poke|p2|Basculegion, L50, M|\n|poke|p2|Scizor, L50, M|\n|teampreview|4\n|inactive|Battle timer is ON: inactive players will automatically lose when time's up. (requested by Evil Yarrack)\n|inactive|Evil Yarrack has 60 seconds left.\n|\n|t:|1776032501\n|teamsize|p1|4\n|teamsize|p2|4\n|start\n|switch|p1a: Basculegion|Basculegion, L50, M|100/100\n|switch|p1b: Sneasler|Sneasler, L50, F|100/100\n|switch|p2a: Lycanroc|Lycanroc, L50, F|100/100\n|switch|p2b: Tyranitar|Tyranitar, L50, M|100/100\n|-weather|Sandstorm|[from] ability: Sand Stream|[of] p2b: Tyranitar\n|turn|1\n|inactive|dmryrdtp has 30 seconds left.\n|\n|t:|1776032526\n|move|p2a: Lycanroc|Protect|p2a: Lycanroc\n|-singleturn|p2a: Lycanroc|Protect\n|move|p2b: Tyranitar|Protect|p2b: Tyranitar\n|-singleturn|p2b: Tyranitar|Protect\n|move|p1b: Sneasler|Fake Out|p2b: Tyranitar\n|-activate|p2b: Tyranitar|move: Protect\n|move|p1a: Basculegion|Wave Crash|p2b: Tyranitar\n|-activate|p2b: Tyranitar|move: Protect\n|\n|-weather|Sandstorm|[upkeep]\n|-damage|p1b: Sneasler|95/100|[from] Sandstorm\n|-damage|p1a: Basculegion|94/100|[from] Sandstorm\n|upkeep\n|turn|2\n|inactive|Evil Yarrack has 30 seconds left.\n|inactive|Evil Yarrack has 20 seconds left.\n|\n|t:|1776032563\n|detailschange|p2b: Tyranitar|Tyranitar-Mega, L50, M\n|-mega|p2b: Tyranitar|Tyranitar|Tyranitarite\n|move|p2a: Lycanroc|Psychic Fangs|p1b: Sneasler\n|-supereffective|p1b: Sneasler|2\n|-damage|p1b: Sneasler|0 fnt\n|faint|p1b: Sneasler\n|move|p1a: Basculegion|Wave Crash|p2b: Tyranitar\n|-supereffective|p2b: Tyranitar|1\n|-damage|p2b: Tyranitar|10/100\n|-damage|p1a: Basculegion|63/100|[from] Recoil\n|move|p2b: Tyranitar|Rock Slide|p1a: Basculegion\n|-damage|p1a: Basculegion|0 fnt\n|faint|p1a: Basculegion\n|\n|-weather|Sandstorm|[upkeep]\n|upkeep\n|\n|t:|1776032574\n|switch|p1b: Garchomp|Garchomp, L50, M|100/100\n|switch|p1a: Froslass|Froslass, L50, F|100/100\n|turn|3\n|\n|t:|1776032596\n|detailschange|p1a: Froslass|Froslass-Mega, L50, F\n|-mega|p1a: Froslass|Froslass|Froslassite\n|-weather|Snowscape|[from] ability: Snow Warning|[of] p1a: Froslass\n|move|p1a: Froslass|Protect|p1a: Froslass\n|-singleturn|p1a: Froslass|Protect\n|move|p2a: Lycanroc|Endeavor|p1b: Garchomp\n|-damage|p1b: Garchomp|77/100\n|-damage|p2a: Lycanroc|88/100|[from] ability: Rough Skin|[of] p1b: Garchomp\n|move|p1b: Garchomp|Earthquake|p2b: Tyranitar|[spread] p2a,p2b\n|-activate|p1a: Froslass|move: Protect\n|-supereffective|p2a: Lycanroc|1\n|-crit|p2a: Lycanroc\n|-supereffective|p2b: Tyranitar|1\n|-damage|p2a: Lycanroc|0 fnt\n|-damage|p2b: Tyranitar|0 fnt\n|faint|p2a: Lycanroc\n|faint|p2b: Tyranitar\n|\n|-weather|Snowscape|[upkeep]\n|upkeep\n|\n|t:|1776032605\n|switch|p2a: Basculegion|Basculegion, L50, M|100/100\n|switch|p2b: Scizor|Scizor, L50, M|100/100\n|turn|4\n|\n|t:|1776032623\n|move|p2b: Scizor|Bullet Punch|p1a: Froslass\n|-supereffective|p1a: Froslass|1\n|-damage|p1a: Froslass|19/100\n|move|p2a: Basculegion|Last Respects|p1a: Froslass\n|-supereffective|p1a: Froslass|1\n|-damage|p1a: Froslass|0 fnt\n|faint|p1a: Froslass\n|move|p1b: Garchomp|Earthquake|p2a: Basculegion|[spread] p2a,p2b\n|-damage|p2a: Basculegion|54/100\n|-damage|p2b: Scizor|64/100\n|\n|-weather|Snowscape|[upkeep]\n|upkeep\n|turn|5\n|\n|t:|1776032632\n|move|p2b: Scizor|Bullet Punch|p1b: Garchomp\n|-damage|p1b: Garchomp|35/100\n|-damage|p2b: Scizor|52/100|[from] ability: Rough Skin|[of] p1b: Garchomp\n|move|p2a: Basculegion|Last Respects|p1b: Garchomp\n|-damage|p1b: Garchomp|0 fnt\n|faint|p1b: Garchomp\n|\n|win|Evil Yarrack\n|raw|dmryrdtp's rating: 1318 &rarr; <strong>1300</strong><br />(-18 for losing)\n|raw|Evil Yarrack's rating: 1346 &rarr; <strong>1364</strong><br />(+18 for winning)\n|l|\u2606dmryrdtp\n|player|p1|\n",
  "uploadtime": 1776032716,
  "views": 39,
  "formatid": "gen9championsvgc2026regma",
  "rating": 1300,
  "private": 0,
  "password": null
}