{
  "id": "gen9championsvgc2026regma-2584412015",
  "format": "[Gen 9 Champions] VGC 2026 Reg M-A",
  "players": [
    "xMF_GLOOM",
    "smp on whimsicott"
  ],
  "log": "|j|\u2606xMF_GLOOM\n|j|\u2606smp on whimsicott\n|t:|1776259002\n|gametype|doubles\n|player|p1|xMF_GLOOM|chuck|1307\n|player|p2|smp on whimsicott|artist-gen4|1392\n|gen|9\n|tier|[Gen 9 Champions] VGC 2026 Reg M-A\n|rated|\n|rule|Species Clause: Limit one of each Pok\u00e9mon\n|rule|Item Clause: Limit 1 of each item\n|clearpoke\n|poke|p1|Tyranitar, L50, M|\n|poke|p1|Aerodactyl, L50, M|\n|poke|p1|Garchomp, L50, M|\n|poke|p1|Corviknight, L50, M|\n|poke|p1|Incineroar, L50, M|\n|poke|p1|Milotic, L50, F|\n|poke|p2|Arcanine, L50, M|\n|poke|p2|Venusaur, L50, F|\n|poke|p2|Sneasler, L50, F|\n|poke|p2|Rotom-Wash, L50|\n|poke|p2|Garchomp, L50, F|\n|poke|p2|Corviknight, L50, M|\n|teampreview|4\nxMF_GLOOM rejected open team sheets.\n|inactive|Battle timer is ON: inactive players will automatically lose when time's up. (requested by xMF_GLOOM)\n|inactive|xMF_GLOOM has 60 seconds left.\n|\n|t:|1776259047\n|teamsize|p1|4\n|teamsize|p2|4\n|start\n|switch|p1a: Ariel|Milotic, L50, F|100/100\n|switch|p1b: Petrie|Aerodactyl, L50, M, shiny|100/100\n|switch|p2a: Rotom|Rotom-Wash, L50|100/100\n|switch|p2b: Venusaur|Venusaur, L50, F|100/100\n|-ability|p1b: Petrie|Unnerve\n|turn|1\n|\n|t:|1776259067\n|detailschange|p2b: Venusaur|Venusaur-Mega, L50, F\n|-mega|p2b: Venusaur|Venusaur|Venusaurite\n|move|p1a: Ariel|Protect|p1a: Ariel\n|-singleturn|p1a: Ariel|Protect\n|move|p2a: Rotom|Thunderbolt|p1a: Ariel\n|-activate|p1a: Ariel|move: Protect\n|move|p1b: Petrie|Dual Wingbeat|p2b: Venusaur\n|-supereffective|p2b: Venusaur|1\n|-damage|p2b: Venusaur|74/100\n|-supereffective|p2b: Venusaur|1\n|-damage|p2b: Venusaur|45/100\n|-hitcount|p2b: Venusaur|2\n|move|p2b: Venusaur|Sludge Bomb|p1a: Ariel\n|-activate|p1a: Ariel|move: Protect\n|\n|upkeep\n|turn|2\n|\n|t:|1776259092\n|switch|p2b: Garchomp|Garchomp, L50, F|100/100\n|move|p2a: Rotom|Thunderbolt|p1b: Petrie\n|-supereffective|p1b: Petrie|1\n|-enditem|p1b: Petrie|Focus Sash\n|-damage|p1b: Petrie|1/100\n|move|p1b: Petrie|Dual Wingbeat|p2b: Garchomp\n|-damage|p2b: Garchomp|81/100\n|-damage|p1b: Petrie|0 fnt|[from] ability: Rough Skin|[of] p2b: Garchomp\n|faint|p1b: Petrie\n|-hitcount|p2b: Garchomp|1\n|move|p1a: Ariel|Icy Wind|p2a: Rotom|[spread] p2a,p2b\n|-resisted|p2a: Rotom|1\n|-supereffective|p2b: Garchomp|2\n|-damage|p2a: Rotom|95/100\n|-damage|p2b: Garchomp|36/100\n|-unboost|p2a: Rotom|spe|1\n|-unboost|p2b: Garchomp|spe|1\n|-enditem|p2b: Garchomp|White Herb\n|-clearnegativeboost|p2b: Garchomp|[silent]\n|\n|upkeep\n|inactive|xMF_GLOOM has 30 seconds left.\n|\n|t:|1776259120\n|switch|p1b: Undertaker|Incineroar, L50, M|100/100\n|-ability|p1b: Undertaker|Intimidate|boost\n|-unboost|p2a: Rotom|atk|1\n|-unboost|p2b: Garchomp|atk|1\n|turn|3\n|\n|t:|1776259131\n|move|p1b: Undertaker|Fake Out|p2a: Rotom\n|-damage|p2a: Rotom|85/100\n|move|p2b: Garchomp|Earthquake|p1a: Ariel|[spread] p1a,p1b\n|-immune|p2a: Rotom|[from] ability: Levitate\n|-supereffective|p1b: Undertaker|1\n|-damage|p1a: Ariel|74/100\n|-damage|p1b: Undertaker|55/100\n|cant|p2a: Rotom|flinch\n|move|p1a: Ariel|Scald|p2a: Rotom\n|-resisted|p2a: Rotom|1\n|-damage|p2a: Rotom|67/100\n|\n|upkeep\n|turn|4\n|inactive|xMF_GLOOM has 30 seconds left.\n|\n|t:|1776259163\n|move|p2b: Garchomp|Earthquake|p1a: Ariel|[spread] p1a,p1b\n|-immune|p2a: Rotom|[from] ability: Levitate\n|-supereffective|p1b: Undertaker|1\n|-damage|p1a: Ariel|45/100\n|-damage|p1b: Undertaker|10/100\n|-enditem|p1b: Undertaker|Sitrus Berry|[eat]\n|-heal|p1b: Undertaker|35/100|[from] item: Sitrus Berry\n|move|p2a: Rotom|Thunderbolt|p1b: Undertaker\n|-damage|p1b: Undertaker|12/100\n|move|p1a: Ariel|Scald|p2a: Rotom\n|-resisted|p2a: Rotom|1\n|-damage|p2a: Rotom|48/100\n|move|p1b: Undertaker|Darkest Lariat|p2a: Rotom\n|-damage|p2a: Rotom|14/100\n|\n|upkeep\n|turn|5\n|\n|t:|1776259187\n|move|p2b: Garchomp|Dragon Claw|p1b: Undertaker\n|-damage|p1b: Undertaker|0 fnt\n|faint|p1b: Undertaker\n|move|p2a: Rotom|Thunderbolt|p1a: Ariel\n|-supereffective|p1a: Ariel|1\n|-damage|p1a: Ariel|5/100\n|move|p1a: Ariel|Recover|p1a: Ariel\n|-heal|p1a: Ariel|55/100\n|\n|upkeep\n|\n|t:|1776259195\n|switch|p1b: Edgar|Corviknight, L50, M, shiny|100/100\n|turn|6\n|\n|t:|1776259215\n|move|p2b: Garchomp|Stone Edge|p1b: Edgar\n|-damage|p1b: Edgar|86/100\n|move|p2a: Rotom|Thunderbolt|p1b: Edgar\n|-supereffective|p1b: Edgar|1\n|-damage|p1b: Edgar|13/100\n|move|p1a: Ariel|Scald|p2a: Rotom\n|-resisted|p2a: Rotom|1\n|-damage|p2a: Rotom|0 fnt\n|faint|p2a: Rotom\n|move|p1b: Edgar|Iron Defense|p1b: Edgar\n|-boost|p1b: Edgar|def|2\n|\n|-heal|p1b: Edgar|19/100|[from] item: Leftovers\n|upkeep\n|\n|t:|1776259221\n|switch|p2a: Sneasler|Sneasler, L50, F|100/100\n|turn|7\n|\n|t:|1776259238\n|move|p1b: Edgar|Protect|p1b: Edgar\n|-singleturn|p1b: Edgar|Protect\n|move|p2a: Sneasler|Close Combat|p1b: Edgar\n|-activate|p1b: Edgar|move: Protect\n|move|p2b: Garchomp|Dragon Claw|p1a: Ariel\n|-damage|p1a: Ariel|27/100\n|move|p1a: Ariel|Scald|p2a: Sneasler\n|-crit|p2a: Sneasler\n|-damage|p2a: Sneasler|28/100\n|\n|-heal|p1b: Edgar|24/100|[from] item: Leftovers\n|upkeep\n|turn|8\n|\n|t:|1776259262\n|move|p1a: Ariel|Protect|p1a: Ariel\n|-singleturn|p1a: Ariel|Protect\n|move|p2a: Sneasler|Close Combat|p1b: Edgar\n|-damage|p1b: Edgar|3/100\n|-unboost|p2a: Sneasler|def|1\n|-unboost|p2a: Sneasler|spd|1\n|move|p2b: Garchomp|Dragon Claw|p1a: Ariel\n|-activate|p1a: Ariel|move: Protect\n|move|p1b: Edgar|Iron Head|p2a: Sneasler\n|-damage|p2a: Sneasler|0 fnt\n|faint|p2a: Sneasler\n|\n|-heal|p1b: Edgar|9/100|[from] item: Leftovers\n|upkeep\n|\n|t:|1776259267\n|switch|p2a: Venusaur|Venusaur-Mega, L50, F|45/100\n|turn|9\n|\n|t:|1776259281\n|move|p2b: Garchomp|Stone Edge|p1b: Edgar|[miss]\n|-miss|p2b: Garchomp|p1b: Edgar\n|move|p2a: Venusaur|Sludge Bomb|p1a: Ariel\n|-damage|p1a: Ariel|1/100\n|move|p1a: Ariel|Icy Wind|p2b: Garchomp|[spread] p2a,p2b\n|-supereffective|p2a: Venusaur|1\n|-crit|p2a: Venusaur\n|-supereffective|p2b: Garchomp|2\n|-damage|p2a: Venusaur|32/100\n|-damage|p2b: Garchomp|0 fnt\n|-unboost|p2a: Venusaur|spe|1\n|faint|p2b: Garchomp\n|move|p1b: Edgar|Iron Head|p2a: Venusaur\n|-damage|p2a: Venusaur|12/100\n|\n|-heal|p1b: Edgar|15/100|[from] item: Leftovers\n|upkeep\n|turn|10\n|-message|smp on whimsicott forfeited.\n|\n|win|xMF_GLOOM\n|raw|xMF_GLOOM's rating: 1307 &rarr; <strong>1332</strong><br />(+25 for winning)\n|raw|smp on whimsicott's rating: 1392 &rarr; <strong>1367</strong><br />(-25 for losing)\n",
  "uploadtime": 1776259290,
  "views": 41,
  "formatid": "gen9championsvgc2026regma",
  "rating": 1332,
  "private": 0,
  "password": null
}