{
  "id": "gen9championsvgc2026regma-2588351013",
  "format": "[Gen 9 Champions] VGC 2026 Reg M-A",
  "players": [
    "robinmuister",
    "L0CORB"
  ],
  "log": "|j|\u2606robinmuister\n|j|\u2606L0CORB\n|t:|1776626332\n|gametype|doubles\n|player|p1|robinmuister|blackbelt|1077\n|player|p2|L0CORB|policeman-gen4|1144\n|gen|9\n|tier|[Gen 9 Champions] VGC 2026 Reg M-A\n|rated|\n|rule|Species Clause: Limit one of each Pok\u00e9mon\n|rule|Item Clause: Limit 1 of each item\n|clearpoke\n|poke|p1|Garchomp, L50, M|\n|poke|p1|Charizard, L50, F|\n|poke|p1|Kingambit, L50, F|\n|poke|p1|Whimsicott, L50, F|\n|poke|p1|Dragonite, L50, F|\n|poke|p1|Typhlosion-Hisui, L50, F|\n|poke|p2|Snorlax, L50, M|\n|poke|p2|Skarmory, L50, F|\n|poke|p2|Chandelure, L50, M|\n|poke|p2|Whimsicott, L50, F|\n|poke|p2|Gyarados, L50, F|\n|poke|p2|Garchomp, L50, F|\n|teampreview|4\n|inactive|Battle timer is ON: inactive players will automatically lose when time's up. (requested by L0CORB)\nL0CORB rejected open team sheets.\n|\n|t:|1776626421\n|teamsize|p1|4\n|teamsize|p2|4\n|start\n|switch|p1a: Charizard|Charizard, L50, F|100/100\n|switch|p1b: Typhlosion|Typhlosion-Hisui, L50, F|100/100\n|switch|p2a: Garchomp|Garchomp, L50, F|100/100\n|switch|p2b: Whimsicott|Whimsicott, L50, F|100/100\n|-item|p2a: Garchomp|Choice Scarf|[from] ability: Frisk|[of] p1b: Typhlosion\n|-item|p2b: Whimsicott|Focus Sash|[from] ability: Frisk|[of] p1b: Typhlosion\n|turn|1\n|inactive|robinmuister has 30 seconds left.\n|inactive|robinmuister has 20 seconds left.\n|\n|t:|1776626460\n|switch|p1a: Kingambit|Kingambit, L50, F|100/100\n|move|p2b: Whimsicott|Tailwind|p2b: Whimsicott\n|-sidestart|p2: L0CORB|move: Tailwind\n|move|p2a: Garchomp|Rock Slide|p1a: Kingambit|[spread] p1a,p1b\n|-resisted|p1a: Kingambit|1\n|-supereffective|p1b: Typhlosion|1\n|-damage|p1a: Kingambit|93/100\n|-damage|p1b: Typhlosion|47/100\n|move|p1b: Typhlosion|Shadow Ball|p2a: Garchomp\n|-damage|p2a: Garchomp|59/100\n|\n|upkeep\n|turn|2\n|inactive|L0CORB has 30 seconds left.\n|inactive|L0CORB has 20 seconds left.\n|inactive|L0CORB has 15 seconds left.\n|inactive|L0CORB has 10 seconds left.\n|inactive|L0CORB has 5 seconds left.\n|\n|t:|1776626512\n|switch|p1b: Charizard|Charizard, L50, F|100/100\n|move|p2b: Whimsicott|Helping Hand|p2a: Garchomp\n|-singleturn|p2a: Garchomp|Helping Hand|[of] p2b: Whimsicott\n|move|p2a: Garchomp|Rock Slide|p1a: Kingambit|[spread] p1a,p1b\n|-resisted|p1a: Kingambit|1\n|-supereffective|p1b: Charizard|2\n|-damage|p1a: Kingambit|83/100\n|-damage|p1b: Charizard|0 fnt\n|faint|p1b: Charizard\n|cant|p1a: Kingambit|flinch\n|\n|upkeep\n|\n|t:|1776626523\n|switch|p1b: Dragonite|Dragonite, L50, F|100/100\n|turn|3\n|\n|t:|1776626531\n|move|p1b: Dragonite|Extreme Speed|p2a: Garchomp\n|-damage|p2a: Garchomp|28/100\n|-damage|p1b: Dragonite|88/100|[from] ability: Rough Skin|[of] p2a: Garchomp\n|move|p1a: Kingambit|Sucker Punch|p2a: Garchomp\n|-damage|p2a: Garchomp|0 fnt\n|-damage|p1a: Kingambit|71/100|[from] ability: Rough Skin|[of] p2a: Garchomp\n|faint|p2a: Garchomp\n|move|p2b: Whimsicott|Moonblast|p1b: Dragonite\n|-supereffective|p1b: Dragonite|1\n|-damage|p1b: Dragonite|15/100\n|\n|upkeep\n|\n|t:|1776626545\n|switch|p2a: Chandelure|Chandelure, L50, M|100/100\n|turn|4\n|inactive|L0CORB has 30 seconds left.\n|\n|t:|1776626571\n|switch|p2a: Gyarados|Gyarados, L50, F|100/100\n|-ability|p2a: Gyarados|Intimidate|boost\n|-unboost|p1a: Kingambit|atk|1\n|-ability|p1a: Kingambit|Defiant|boost\n|-boost|p1a: Kingambit|atk|2\n|-fail|p1b: Dragonite|unboost|Attack|[from] ability: Inner Focus|[of] p1b: Dragonite\n|move|p1b: Dragonite|Protect|p1b: Dragonite\n|-singleturn|p1b: Dragonite|Protect\n|move|p1a: Kingambit|Sucker Punch||[still]\n|-fail|p1a: Kingambit\n|move|p2b: Whimsicott|Moonblast|p1b: Dragonite\n|-activate|p1b: Dragonite|move: Protect\n|\n|-sideend|p2: L0CORB|move: Tailwind\n|upkeep\n|turn|5\n|inactive|L0CORB has 30 seconds left.\n|\n|t:|1776626596\n|move|p1b: Dragonite|Extreme Speed|p2a: Gyarados\n|-damage|p2a: Gyarados|64/100\n|move|p2b: Whimsicott|Encore|p1b: Dragonite\n|-start|p1b: Dragonite|Encore\n|move|p1a: Kingambit|Sucker Punch|p2a: Gyarados\n|-damage|p2a: Gyarados|2/100\n|move|p2a: Gyarados|Dragon Tail|p1a: Kingambit\n|-resisted|p1a: Kingambit|1\n|-damage|p1a: Kingambit|63/100\n|drag|p1a: Typhlosion|Typhlosion-Hisui, L50, F|47/100\n|-item|p2a: Gyarados|Wacan Berry|[from] ability: Frisk|[of] p1a: Typhlosion\n|-item|p2b: Whimsicott|Focus Sash|[from] ability: Frisk|[of] p1a: Typhlosion\n|\n|upkeep\n|turn|6\n|\n|t:|1776626620\n|switch|p2a: Chandelure|Chandelure, L50, M|100/100\n|move|p1b: Dragonite|Extreme Speed|p2a: Chandelure\n|-immune|p2a: Chandelure\n|move|p2b: Whimsicott|Tailwind|p2b: Whimsicott\n|-sidestart|p2: L0CORB|move: Tailwind\n|move|p1a: Typhlosion|Heat Wave|p2b: Whimsicott|[spread] p2b\n|-start|p2a: Chandelure|ability: Flash Fire\n|-supereffective|p2b: Whimsicott|1\n|-enditem|p2b: Whimsicott|Focus Sash\n|-damage|p2b: Whimsicott|1/100\n|\n|upkeep\n|turn|7\n|\n|t:|1776626645\n|switch|p2b: Gyarados|Gyarados, L50, F|2/100\n|-ability|p2b: Gyarados|Intimidate|boost\n|-unboost|p1a: Typhlosion|atk|1\n|-fail|p1b: Dragonite|unboost|Attack|[from] ability: Inner Focus|[of] p1b: Dragonite\n|detailschange|p2a: Chandelure|Chandelure-Mega, L50, M\n|-mega|p2a: Chandelure|Chandelure|Chandelurite\n|-end|p2a: Chandelure|ability: Flash Fire|[silent]\n|move|p1b: Dragonite|Extreme Speed|p2b: Gyarados\n|-damage|p2b: Gyarados|0 fnt\n|faint|p2b: Gyarados\n|move|p2a: Chandelure|Heat Wave|p1a: Typhlosion|[spread] p1a,p1b\n|-resisted|p1a: Typhlosion|1\n|-resisted|p1b: Dragonite|1\n|-damage|p1a: Typhlosion|13/100\n|-damage|p1b: Dragonite|0 fnt\n|faint|p1b: Dragonite\n|move|p1a: Typhlosion|Heat Wave|p2a: Chandelure\n|-resisted|p2a: Chandelure|1\n|-damage|p2a: Chandelure|76/100\n|\n|upkeep\n|\n|t:|1776626663\n|switch|p1b: Kingambit|Kingambit, L50, F|63/100\n|switch|p2b: Whimsicott|Whimsicott, L50, F|1/100\n|turn|8\n|\n|t:|1776626688\n|move|p2a: Chandelure|Protect|p2a: Chandelure\n|-singleturn|p2a: Chandelure|Protect\n|move|p1b: Kingambit|Sucker Punch||[still]\n|-fail|p1b: Kingambit\n|move|p2b: Whimsicott|Moonblast|p1a: Typhlosion\n|-resisted|p1a: Typhlosion|1\n|-damage|p1a: Typhlosion|0 fnt\n|faint|p1a: Typhlosion\n|\n|upkeep\n|turn|9\n|\n|t:|1776626709\n|move|p2a: Chandelure|Protect||[still]\n|-fail|p2a: Chandelure\n|move|p1b: Kingambit|Sucker Punch||[still]\n|-fail|p1b: Kingambit\n|move|p2b: Whimsicott|Moonblast|p1b: Kingambit\n|-damage|p1b: Kingambit|29/100\n|-unboost|p1b: Kingambit|spa|1\n|-ability|p1b: Kingambit|Defiant|boost\n|-boost|p1b: Kingambit|atk|2\n|\n|-sideend|p2: L0CORB|move: Tailwind\n|upkeep\n|turn|10\n|\n|t:|1776626728\n|move|p1b: Kingambit|Sucker Punch|p2b: Whimsicott\n|-resisted|p2b: Whimsicott|1\n|-damage|p2b: Whimsicott|0 fnt\n|faint|p2b: Whimsicott\n|move|p2a: Chandelure|Heat Wave|p1b: Kingambit\n|-supereffective|p1b: Kingambit|1\n|-damage|p1b: Kingambit|0 fnt\n|faint|p1b: Kingambit\n|\n|win|L0CORB\n|raw|robinmuister's rating: 1077 &rarr; <strong>1060</strong><br />(-17 for losing)\n|raw|L0CORB's rating: 1144 &rarr; <strong>1164</strong><br />(+20 for winning)\n|l|\u2606robinmuister\n|player|p1|\n",
  "uploadtime": 1776626741,
  "views": 10,
  "formatid": "gen9championsvgc2026regma",
  "rating": 1060,
  "private": 0,
  "password": null
}