{
  "id": "gen9championsvgc2026regma-2583590509",
  "format": "[Gen 9 Champions] VGC 2026 Reg M-A",
  "players": [
    "Megamoehre",
    "Holibrand"
  ],
  "log": "|j|\u2606Megamoehre\n|j|\u2606Holibrand\n|t:|1776185193\n|gametype|doubles\n|player|p1|Megamoehre|blackbelt-gen4dp|1188\n|player|p2|Holibrand|pokemonbreeder-gen4|1115\n|gen|9\n|tier|[Gen 9 Champions] VGC 2026 Reg M-A\n|rated|\n|rule|Species Clause: Limit one of each Pok\u00e9mon\n|rule|Item Clause: Limit 1 of each item\n|clearpoke\n|poke|p1|Froslass, L50, F|\n|poke|p1|Glimmora, L50, M|\n|poke|p1|Incineroar, L50, F|\n|poke|p1|Whimsicott, L50, F|\n|poke|p1|Sneasler, L50, M|\n|poke|p1|Clefable, L50, F|\n|poke|p2|Gyarados, L50, M|\n|poke|p2|Rotom-Fan, L50|\n|poke|p2|Sinistcha, L50|\n|poke|p2|Incineroar, L50, M|\n|poke|p2|Excadrill, L50, F|\n|poke|p2|Sneasler, L50, M|\n|teampreview|4\n|inactive|Battle timer is ON: inactive players will automatically lose when time's up. (requested by Holibrand)\n|l|\u2606Holibrand\n|inactive|Holibrand disconnected and has a minute to reconnect!\n|player|p2|\n|j|\u2606Holibrand\n|inactive|Holibrand reconnected and has 70 seconds left.\n|player|p2|Holibrand|pokemonbreeder-gen4|\n|inactive|Megamoehre has 60 seconds left.\n|inactive|Holibrand has 60 seconds left.\n|\n|t:|1776185231\n|teamsize|p1|4\n|teamsize|p2|4\n|start\n|switch|p1a: Clefable|Clefable, L50, F|100/100\n|switch|p1b: Sneasler|Sneasler, L50, M|100/100\n|switch|p2a: Gyarados|Gyarados, L50, M|100/100\n|switch|p2b: Sneasler|Sneasler, L50, M|100/100\n|-ability|p2a: Gyarados|Intimidate|boost\n|-unboost|p1a: Clefable|atk|1\n|-unboost|p1b: Sneasler|atk|1\n|-enditem|p1b: Sneasler|White Herb\n|-clearnegativeboost|p1b: Sneasler|[silent]\n|turn|1\n|inactive|Megamoehre has 30 seconds left.\n|\n|t:|1776185265\n|move|p1b: Sneasler|Fake Out|p2b: Sneasler\n|-crit|p2b: Sneasler\n|-damage|p2b: Sneasler|62/100\n|cant|p2b: Sneasler|flinch\n|move|p2a: Gyarados|Dragon Dance|p2a: Gyarados\n|-boost|p2a: Gyarados|atk|1\n|-boost|p2a: Gyarados|spe|1\n|move|p1a: Clefable|Calm Mind|p1a: Clefable\n|-boost|p1a: Clefable|spa|1\n|-boost|p1a: Clefable|spd|1\n|\n|upkeep\n|turn|2\n|\n|t:|1776185289\n|move|p1b: Sneasler|Protect|p1b: Sneasler\n|-singleturn|p1b: Sneasler|Protect\n|move|p2a: Gyarados|Protect|p2a: Gyarados\n|-singleturn|p2a: Gyarados|Protect\n|move|p2b: Sneasler|Coaching|p2a: Gyarados\n|-boost|p2a: Gyarados|atk|1\n|-boost|p2a: Gyarados|def|1\n|move|p1a: Clefable|Baton Pass|p1a: Clefable\n|\n|t:|1776185302\n|switch|p1a: Glimmora|Glimmora, L50, M, shiny|100/100|[from] Baton Pass\n|\n|upkeep\n|turn|3\n|inactive|Megamoehre has 30 seconds left.\n|\n|t:|1776185332\n|switch|p1b: Whimsicott|Whimsicott, L50, F|100/100\n|detailschange|p2a: Gyarados|Gyarados-Mega, L50, M\n|-mega|p2a: Gyarados|Gyarados|Gyaradosite\n|-ability|p2a: Gyarados|Mold Breaker\n|move|p1a: Glimmora|Protect|p1a: Glimmora\n|-singleturn|p1a: Glimmora|Protect\n|move|p2a: Gyarados|Waterfall|p1b: Whimsicott\n|-resisted|p1b: Whimsicott|1\n|-damage|p1b: Whimsicott|36/100\n|move|p2b: Sneasler|Dire Claw|p1b: Whimsicott\n|-supereffective|p1b: Whimsicott|2\n|-damage|p1b: Whimsicott|0 fnt\n|faint|p1b: Whimsicott\n|\n|upkeep\n|\n|t:|1776185345\n|switch|p1b: Clefable|Clefable, L50, F|100/100\n|turn|4\n|inactive|Megamoehre has 30 seconds left.\n|\n|t:|1776185373\n|move|p1a: Glimmora|Protect||[still]\n|-fail|p1a: Glimmora\n|move|p2a: Gyarados|Waterfall|p1a: Glimmora\n|-supereffective|p1a: Glimmora|1\n|-damage|p1a: Glimmora|0 fnt\n|-activate|p1a: Glimmora|ability: Toxic Debris\n|-sidestart|p2: Holibrand|move: Toxic Spikes\n|faint|p1a: Glimmora\n|move|p2b: Sneasler|Coaching|p2a: Gyarados\n|-boost|p2a: Gyarados|atk|1\n|-boost|p2a: Gyarados|def|1\n|move|p1b: Clefable|Draining Kiss|p2a: Gyarados\n|-supereffective|p2a: Gyarados|1\n|-damage|p2a: Gyarados|75/100\n|\n|upkeep\n|\n|t:|1776185385\n|switch|p1a: Sneasler|Sneasler, L50, M|100/100\n|turn|5\n|\n|t:|1776185392\n|switch|p2b: Rotom|Rotom-Fan, L50|100/100\n|move|p2a: Gyarados|Protect|p2a: Gyarados\n|-singleturn|p2a: Gyarados|Protect\n|move|p1b: Clefable|Follow Me|p1b: Clefable\n|-singleturn|p1b: Clefable|move: Follow Me\n|move|p1a: Sneasler|Close Combat|p2a: Gyarados\n|-activate|p2a: Gyarados|move: Protect\n|\n|upkeep\n|turn|6\n|\n|t:|1776185410\n|move|p1b: Clefable|Follow Me|p1b: Clefable\n|-singleturn|p1b: Clefable|move: Follow Me\n|move|p2a: Gyarados|Waterfall|p1b: Clefable\n|-damage|p1b: Clefable|3/100\n|-enditem|p1b: Clefable|Sitrus Berry|[eat]\n|-heal|p1b: Clefable|28/100|[from] item: Sitrus Berry\n|move|p2b: Rotom|Electroweb|p1a: Sneasler|[spread] p1a,p1b\n|-damage|p1a: Sneasler|77/100\n|-damage|p1b: Clefable|13/100\n|-unboost|p1a: Sneasler|spe|1\n|-unboost|p1b: Clefable|spe|1\n|move|p1a: Sneasler|Close Combat|p2a: Gyarados\n|-supereffective|p2a: Gyarados|1\n|-damage|p2a: Gyarados|7/100\n|-unboost|p1a: Sneasler|def|1\n|-unboost|p1a: Sneasler|spd|1\n|\n|upkeep\n|turn|7\n|\n|t:|1776185427\n|move|p2a: Gyarados|Protect|p2a: Gyarados\n|-singleturn|p2a: Gyarados|Protect\n|move|p1a: Sneasler|Protect|p1a: Sneasler\n|-singleturn|p1a: Sneasler|Protect\n|move|p2b: Rotom|Electroweb|p1b: Clefable|[spread] p1b\n|-activate|p1a: Sneasler|move: Protect\n|-damage|p1b: Clefable|0 fnt\n|faint|p1b: Clefable\n|\n|upkeep\n|turn|8\n|\n|t:|1776185437\n|move|p2a: Gyarados|Waterfall|p1a: Sneasler\n|-crit|p1a: Sneasler\n|-damage|p1a: Sneasler|0 fnt\n|faint|p1a: Sneasler\n|\n|win|Holibrand\n|raw|Megamoehre's rating: 1188 &rarr; <strong>1158</strong><br />(-30 for losing)\n|raw|Holibrand's rating: 1115 &rarr; <strong>1145</strong><br />(+30 for winning)\n|l|\u2606Megamoehre\n|player|p1|\n",
  "uploadtime": 1776185444,
  "views": 24,
  "formatid": "gen9championsvgc2026regma",
  "rating": 1145,
  "private": 0,
  "password": null
}