{
  "id": "gen9championsvgc2026regma-2589545997",
  "format": "[Gen 9 Champions] VGC 2026 Reg M-A",
  "players": [
    "EnigmaticEevee",
    "nagato137"
  ],
  "log": "|j|\u2606EnigmaticEevee\n|j|\u2606nagato137\n|t:|1776732857\n|gametype|doubles\n|player|p1|EnigmaticEevee|serena-masters2|1203\n|player|p2|nagato137|265|1120\n|gen|9\n|tier|[Gen 9 Champions] VGC 2026 Reg M-A\n|rated|\n|rule|Species Clause: Limit one of each Pok\u00e9mon\n|rule|Item Clause: Limit 1 of each item\n|clearpoke\n|poke|p1|Heliolisk, L50, M|\n|poke|p1|Milotic, L50, F|\n|poke|p1|Sneasler, L50, F|\n|poke|p1|Froslass, L50, F|\n|poke|p1|Delphox, L50, F|\n|poke|p1|Kingambit, L50, M|\n|poke|p2|Froslass, L50, F|\n|poke|p2|Milotic, L50, F|\n|poke|p2|Aerodactyl, L50, F|\n|poke|p2|Rotom-Heat, L50|\n|poke|p2|Mamoswine, L50, M|\n|poke|p2|Incineroar, L50, F|\n|teampreview|4\n|inactive|Battle timer is ON: inactive players will automatically lose when time's up. (requested by nagato137)\nEnigmaticEevee rejected open team sheets.\n|\n|t:|1776732886\n|teamsize|p1|4\n|teamsize|p2|4\n|start\n|switch|p1a: Eris|Sneasler, L50, F|100/100\n|switch|p1b: Aphrodite|Milotic, L50, F|100/100\n|switch|p2a: Aerodactyl|Aerodactyl, L50, F|100/100\n|switch|p2b: Milotic|Milotic, L50, F|100/100\n|-ability|p2a: Aerodactyl|Unnerve\n|turn|1\n|inactive|nagato137 has 30 seconds left.\n|inactive|nagato137 has 20 seconds left.\n|\n|t:|1776732922\n|move|p2a: Aerodactyl|Protect|p2a: Aerodactyl\n|-singleturn|p2a: Aerodactyl|Protect\n|move|p1a: Eris|Fake Out|p2a: Aerodactyl\n|-activate|p2a: Aerodactyl|move: Protect\n|move|p2b: Milotic|Muddy Water|p1b: Aphrodite|[spread] p1a,p1b\n|-resisted|p1b: Aphrodite|1\n|-damage|p1a: Eris|55/100\n|-damage|p1b: Aphrodite|86/100\n|move|p1b: Aphrodite|Hypnosis|p2a: Aerodactyl\n|-activate|p2a: Aerodactyl|move: Protect\n|\n|-heal|p1b: Aphrodite|92/100|[from] item: Leftovers\n|upkeep\n|turn|2\n|\n|t:|1776732939\n|move|p2b: Milotic|Muddy Water|p1a: Eris|[spread] p1a,p1b\n|-resisted|p1b: Aphrodite|1\n|-damage|p1a: Eris|13/100\n|-damage|p1b: Aphrodite|78/100\n|move|p1a: Eris|Close Combat|p2a: Aerodactyl\n|-damage|p2a: Aerodactyl|8/100\n|-unboost|p1a: Eris|def|1\n|-unboost|p1a: Eris|spd|1\n|-enditem|p1a: Eris|White Herb\n|-clearnegativeboost|p1a: Eris|[silent]\n|move|p2a: Aerodactyl|Rock Slide|p1a: Eris|[spread] p1a,p1b\n|-resisted|p1a: Eris|1\n|-crit|p1b: Aphrodite\n|-damage|p1a: Eris|0 fnt\n|-damage|p1b: Aphrodite|30/100\n|faint|p1a: Eris\n|cant|p1b: Aphrodite|flinch\n|\n|-heal|p1b: Aphrodite|36/100|[from] item: Leftovers\n|upkeep\n|\n|t:|1776732955\n|switch|p1a: Hermes|Heliolisk, L50, M|100/100\n|turn|3\n|\n|t:|1776732964\n|move|p1b: Aphrodite|Protect|p1b: Aphrodite\n|-singleturn|p1b: Aphrodite|Protect\n|move|p2b: Milotic|Muddy Water|p1b: Aphrodite|[spread] \n|-activate|p1b: Aphrodite|move: Protect\n|-immune|p1a: Hermes|[from] ability: Dry Skin\n|move|p2a: Aerodactyl|Rock Slide|p1a: Hermes|[spread] p1a\n|-activate|p1b: Aphrodite|move: Protect\n|-damage|p1a: Hermes|37/100\n|move|p1a: Hermes|Electroweb|p2b: Milotic|[spread] p2a,p2b\n|-supereffective|p2a: Aerodactyl|1\n|-supereffective|p2b: Milotic|1\n|-damage|p2a: Aerodactyl|0 fnt\n|-damage|p2b: Milotic|66/100\n|-unboost|p2b: Milotic|spe|1\n|-ability|p2b: Milotic|Competitive|boost\n|-boost|p2b: Milotic|spa|2\n|-enditem|p1a: Hermes|Sitrus Berry|[eat]\n|-heal|p1a: Hermes|62/100|[from] item: Sitrus Berry\n|faint|p2a: Aerodactyl\n|\n|-heal|p1b: Aphrodite|42/100|[from] item: Leftovers\n|upkeep\n|\n|t:|1776732988\n|switch|p2a: Mamoswine|Mamoswine, L50, M|100/100\n|turn|4\n|\n|t:|1776732999\n|move|p1a: Hermes|Shed Tail|p1a: Hermes\n|-start|p1a: Hermes|Substitute|[from] move: Shed Tail\n|-damage|p1a: Hermes|11/100\n|\n|t:|1776733002\n|switch|p1a: Demeter|Froslass, L50, F|100/100|[from] Shed Tail\n|move|p1b: Aphrodite|Hypnosis|p2b: Milotic\n|-status|p2b: Milotic|slp|[from] move: Hypnosis\n|cant|p2b: Milotic|slp\n|move|p2a: Mamoswine|High Horsepower|p1a: Demeter\n|-end|p1a: Demeter|Substitute\n|\n|-heal|p1b: Aphrodite|48/100|[from] item: Leftovers\n|upkeep\n|turn|5\n|\n|t:|1776733019\n|detailschange|p1a: Demeter|Froslass-Mega, L50, F\n|-mega|p1a: Demeter|Froslass|Froslassite\n|-weather|Snowscape|[from] ability: Snow Warning|[of] p1a: Demeter\n|move|p1a: Demeter|Aurora Veil|p1a: Demeter\n|-sidestart|p1: EnigmaticEevee|move: Aurora Veil\n|move|p1b: Aphrodite|Hypnosis|p2a: Mamoswine\n|-status|p2a: Mamoswine|slp|[from] move: Hypnosis\n|cant|p2b: Milotic|slp\n|cant|p2a: Mamoswine|slp\n|\n|-weather|Snowscape|[upkeep]\n|-heal|p1b: Aphrodite|53/100|[from] item: Leftovers\n|upkeep\n|turn|6\n|\n|t:|1776733037\n|move|p1a: Demeter|Blizzard|p2a: Mamoswine|[spread] p2a,p2b\n|-resisted|p2b: Milotic|1\n|-damage|p2a: Mamoswine|42/100 slp\n|-damage|p2b: Milotic|46/100 slp\n|move|p1b: Aphrodite|Coil|p1b: Aphrodite\n|-boost|p1b: Aphrodite|atk|1\n|-boost|p1b: Aphrodite|def|1\n|-boost|p1b: Aphrodite|accuracy|1\n|-curestatus|p2a: Mamoswine|slp|[msg]\n|move|p2a: Mamoswine|High Horsepower|p1a: Demeter\n|-damage|p1a: Demeter|64/100\n|-curestatus|p2b: Milotic|slp|[msg]\n|move|p2b: Milotic|Muddy Water|p1a: Demeter|[spread] p1a,p1b\n|-resisted|p1b: Aphrodite|1\n|-damage|p1a: Demeter|15/100\n|-damage|p1b: Aphrodite|33/100\n|\n|-weather|Snowscape|[upkeep]\n|-heal|p1b: Aphrodite|39/100|[from] item: Leftovers\n|upkeep\n|turn|7\n|inactive|EnigmaticEevee has 30 seconds left.\n|inactive|nagato137 has 30 seconds left.\n|\n|t:|1776733066\n|switch|p1a: Hermes|Heliolisk, L50, M|11/100\n|move|p1b: Aphrodite|Surf|p2b: Milotic|[spread] p2a,p2b\n|-heal|p1a: Hermes|36/100|[from] ability: Dry Skin|[of] p1b: Aphrodite\n|-supereffective|p2a: Mamoswine|1\n|-resisted|p2b: Milotic|1\n|-damage|p2a: Mamoswine|0 fnt\n|-damage|p2b: Milotic|35/100\n|faint|p2a: Mamoswine\n|move|p2b: Milotic|Muddy Water|p1b: Aphrodite|[spread] \n|-heal|p1a: Hermes|61/100|[from] ability: Dry Skin|[of] p2b: Milotic\n|-miss|p2b: Milotic|p1b: Aphrodite\n|\n|-weather|Snowscape|[upkeep]\n|-heal|p1b: Aphrodite|45/100|[from] item: Leftovers\n|upkeep\n|\n|t:|1776733086\n|switch|p2a: Froslass|Froslass, L50, F|100/100\n|turn|8\n|\n|t:|1776733105\n|detailschange|p2a: Froslass|Froslass-Mega, L50, F\n|-mega|p2a: Froslass|Froslass|Froslassite\n|move|p2a: Froslass|Blizzard|p1a: Hermes|[spread] p1a,p1b\n|-resisted|p1b: Aphrodite|1\n|-damage|p1a: Hermes|20/100\n|-damage|p1b: Aphrodite|31/100\n|move|p1a: Hermes|Electroweb|p2a: Froslass|[spread] p2a,p2b\n|-supereffective|p2b: Milotic|1\n|-damage|p2a: Froslass|76/100\n|-damage|p2b: Milotic|2/100\n|-unboost|p2a: Froslass|spe|1\n|-unboost|p2b: Milotic|spe|1\n|-ability|p2b: Milotic|Competitive|boost\n|-boost|p2b: Milotic|spa|2\n|move|p1b: Aphrodite|Hypnosis|p2a: Froslass\n|-status|p2a: Froslass|slp|[from] move: Hypnosis\n|move|p2b: Milotic|Muddy Water|p1b: Aphrodite|[spread] p1b\n|-heal|p1a: Hermes|45/100|[from] ability: Dry Skin|[of] p2b: Milotic\n|-resisted|p1b: Aphrodite|1\n|-damage|p1b: Aphrodite|2/100\n|\n|-weather|Snowscape|[upkeep]\n|-heal|p1b: Aphrodite|8/100|[from] item: Leftovers\n|upkeep\n|turn|9\n|-message|nagato137 forfeited.\n|\n|win|EnigmaticEevee\n|raw|EnigmaticEevee's rating: 1203 &rarr; <strong>1222</strong><br />(+19 for winning)\n|raw|nagato137's rating: 1120 &rarr; <strong>1101</strong><br />(-19 for losing)\n|l|\u2606nagato137\n|player|p2|\n",
  "uploadtime": 1776733147,
  "views": 3,
  "formatid": "gen9championsvgc2026regma",
  "rating": 1101,
  "private": 0,
  "password": null
}