{
  "id": "gen9championsvgc2026regma-2582596373",
  "format": "[Gen 9 Champions] VGC 2026 Reg M-A",
  "players": [
    "MikeTitan",
    "Joh Prime"
  ],
  "log": "|j|\u2606MikeTitan\n|j|\u2606Joh Prime\n|t:|1776101630\n|gametype|doubles\n|player|p1|MikeTitan|blaine|1226\n|player|p2|Joh Prime|marley|1189\n|gen|9\n|tier|[Gen 9 Champions] VGC 2026 Reg M-A\n|rated|\n|rule|Species Clause: Limit one of each Pok\u00e9mon\n|rule|Item Clause: Limit 1 of each item\n|clearpoke\n|poke|p1|Floette-Eternal, L50, F|\n|poke|p1|Sneasler, L50, M|\n|poke|p1|Aerodactyl, L50, F|\n|poke|p1|Incineroar, L50, F|\n|poke|p1|Garchomp, L50, M|\n|poke|p1|Rotom-Wash, L50|\n|poke|p2|Charizard, L50, M|\n|poke|p2|Whimsicott, L50, F|\n|poke|p2|Incineroar, L50, M|\n|poke|p2|Aerodactyl, L50, M|\n|poke|p2|Venusaur, L50, M|\n|poke|p2|Sneasler, L50, F|\n|teampreview|4\n|\n|t:|1776101677\n|teamsize|p1|4\n|teamsize|p2|4\n|start\n|switch|p1a: Sneasler|Sneasler, L50, M|100/100\n|switch|p1b: Aerodactyl|Aerodactyl, L50, F|100/100\n|switch|p2a: Incineroar|Incineroar, L50, M, shiny|100/100\n|switch|p2b: Whimsicott|Whimsicott, L50, F, shiny|100/100\n|-ability|p1b: Aerodactyl|Unnerve\n|-ability|p2a: Incineroar|Intimidate|boost\n|-unboost|p1a: Sneasler|atk|1\n|-unboost|p1b: Aerodactyl|atk|1\n|turn|1\n|\n|t:|1776101701\n|move|p1a: Sneasler|Fake Out|p2a: Incineroar\n|-damage|p2a: Incineroar|92/100\n|cant|p2a: Incineroar|flinch\n|move|p2b: Whimsicott|Tailwind|p2b: Whimsicott\n|-sidestart|p2: Joh Prime|move: Tailwind\n|move|p1b: Aerodactyl|Dual Wingbeat|p2b: Whimsicott\n|-supereffective|p2b: Whimsicott|1\n|-damage|p2b: Whimsicott|61/100\n|-supereffective|p2b: Whimsicott|1\n|-damage|p2b: Whimsicott|26/100\n|-hitcount|p2b: Whimsicott|2\n|\n|upkeep\n|turn|2\n|\n|t:|1776101731\n|switch|p1a: Floette|Floette-Eternal, L50, F|100/100\n|move|p2b: Whimsicott|Protect|p2b: Whimsicott\n|-singleturn|p2b: Whimsicott|Protect\n|move|p1b: Aerodactyl|Tailwind|p1b: Aerodactyl\n|-sidestart|p1: MikeTitan|move: Tailwind\n|move|p2a: Incineroar|Parting Shot|p1b: Aerodactyl\n|-unboost|p1b: Aerodactyl|atk|1\n|-unboost|p1b: Aerodactyl|spa|1\n|\n|t:|1776101751\n|switch|p2a: Charizard|Charizard, L50, M, shiny|100/100|[from] Parting Shot\n|\n|upkeep\n|turn|3\n|\n|t:|1776101778\n|detailschange|p2a: Charizard|Charizard-Mega-Y, L50, M, shiny\n|-mega|p2a: Charizard|Charizard|Charizardite Y\n|-weather|SunnyDay|[from] ability: Drought|[of] p2a: Charizard\n|detailschange|p1a: Floette|Floette-Mega, L50, F\n|-mega|p1a: Floette|Floette|Floettite\n|-ability|p1a: Floette|Fairy Aura\n|move|p2b: Whimsicott|Helping Hand|p2a: Charizard\n|-singleturn|p2a: Charizard|Helping Hand|[of] p2b: Whimsicott\n|move|p1b: Aerodactyl|Rock Slide|p2a: Charizard|[spread] p2a,p2b\n|-supereffective|p2a: Charizard|2\n|-damage|p2a: Charizard|28/100\n|-damage|p2b: Whimsicott|6/100\n|move|p2a: Charizard|Heat Wave|p1b: Aerodactyl|[spread] p1a\n|-miss|p2a: Charizard|p1b: Aerodactyl\n|-damage|p1a: Floette|30/100\n|move|p1a: Floette|Dazzling Gleam|p2b: Whimsicott|[spread] p2a,p2b\n|-resisted|p2a: Charizard|1\n|-damage|p2a: Charizard|4/100\n|-damage|p2b: Whimsicott|0 fnt\n|faint|p2b: Whimsicott\n|\n|-weather|SunnyDay|[upkeep]\n|upkeep\n|\n|t:|1776101819\n|switch|p2b: Incineroar|Incineroar, L50, M, shiny|92/100\n|-ability|p2b: Incineroar|Intimidate|boost\n|-unboost|p1a: Floette|atk|1\n|-unboost|p1b: Aerodactyl|atk|1\n|turn|4\n|\n|t:|1776101854\n|switch|p1b: Garchomp|Garchomp, L50, M, shiny|100/100\n|move|p1a: Floette|Protect|p1a: Floette\n|-singleturn|p1a: Floette|Protect\n|move|p2b: Incineroar|Fake Out|p1a: Floette\n|-activate|p1a: Floette|move: Protect\n|move|p2a: Charizard|Weather Ball|p1b: Garchomp\n|-resisted|p1b: Garchomp|1\n|-damage|p1b: Garchomp|45/100\n|\n|-weather|SunnyDay|[upkeep]\n|-sideend|p2: Joh Prime|move: Tailwind\n|upkeep\n|turn|5\n|\n|t:|1776101896\n|move|p1b: Garchomp|Stomping Tantrum|p2b: Incineroar\n|-supereffective|p2b: Incineroar|1\n|-damage|p2b: Incineroar|1/100\n|move|p1a: Floette|Dazzling Gleam|p2b: Incineroar|[spread] p2a,p2b\n|-resisted|p2a: Charizard|1\n|-damage|p2a: Charizard|0 fnt\n|-damage|p2b: Incineroar|0 fnt\n|faint|p2a: Charizard\n|faint|p2b: Incineroar\n|\n|-weather|SunnyDay|[upkeep]\n|-sideend|p1: MikeTitan|move: Tailwind\n|upkeep\n|\n|t:|1776101910\n|switch|p2b: Sneasler|Sneasler, L50, F|100/100\n|turn|6\n|\n|t:|1776101939\n|move|p1b: Garchomp|Protect|p1b: Garchomp\n|-singleturn|p1b: Garchomp|Protect\n|move|p1a: Floette|Protect|p1a: Floette\n|-singleturn|p1a: Floette|Protect\n|move|p2b: Sneasler|Close Combat|p1b: Garchomp\n|-activate|p1b: Garchomp|move: Protect\n|\n|-weather|SunnyDay|[upkeep]\n|upkeep\n|turn|7\n|\n|t:|1776101954\n|move|p2b: Sneasler|Close Combat|p1b: Garchomp\n|-damage|p1b: Garchomp|0 fnt\n|-unboost|p2b: Sneasler|def|1\n|-unboost|p2b: Sneasler|spd|1\n|-damage|p2b: Sneasler|88/100|[from] ability: Rough Skin|[of] p1b: Garchomp\n|faint|p1b: Garchomp\n|-enditem|p2b: Sneasler|White Herb\n|-clearnegativeboost|p2b: Sneasler|[silent]\n|move|p1a: Floette|Moonblast|p2b: Sneasler\n|-damage|p2b: Sneasler|0 fnt\n|faint|p2b: Sneasler\n|\n|win|MikeTitan\n|raw|MikeTitan's rating: 1226 &rarr; <strong>1248</strong><br />(+22 for winning)\n|raw|Joh Prime's rating: 1189 &rarr; <strong>1167</strong><br />(-22 for losing)\n",
  "uploadtime": 1776101963,
  "views": 30,
  "formatid": "gen9championsvgc2026regma",
  "rating": 1167,
  "private": 0,
  "password": null
}