{
  "id": "gen9championsvgc2026regma-2588502284",
  "format": "[Gen 9 Champions] VGC 2026 Reg M-A",
  "players": [
    "iamjalenhh",
    "jonathan53332"
  ],
  "log": "|j|\u2606iamjalenhh\n|j|\u2606jonathan53332\n|html|<table width=\"100%\"><tr><td align=\"left\">iamjalenhh</td><td align=\"right\">jonathan53332</tr><tr><td align=\"left\"><i class=\"fa fa-circle-o\"></i> <i class=\"fa fa-circle-o\"></i> </td><td align=\"right\"><i class=\"fa fa-circle-o\"></i> <i class=\"fa fa-circle-o\"></i> </tr></table>\n|uhtml|bestof|<h2><strong>Game 1</strong> of <a href=\"/game-bestof3-gen9championsvgc2026regma-2588502283\">a best-of-3</a></h2>\n|t:|1776639369\n|gametype|doubles\n|player|p1|iamjalenhh|1|\n|player|p2|jonathan53332|102|\n|gen|9\n|tier|[Gen 9 Champions] VGC 2026 Reg M-A\n|rule|Species Clause: Limit one of each Pok\u00e9mon\n|rule|Item Clause: Limit 1 of each item\n|raw|<div class=\"infobox\"><details class=\"readmore\" open><summary><strong>1 custom rule:</strong></summary> Best of = 3</details></div>\n|clearpoke\n|poke|p1|Incineroar, L50, M, shiny|\n|poke|p1|Scovillain, L50, M, shiny|\n|poke|p1|Meganium, L50, F, shiny|\n|poke|p1|Torkoal, L50, F, shiny|\n|poke|p1|Armarouge, L50, F, shiny|\n|poke|p1|Maushold-Four, L50, shiny|\n|poke|p2|Meganium, L50, F, shiny|\n|poke|p2|Pelipper, L50, M|\n|poke|p2|Primarina, L50, M|\n|poke|p2|Sinistcha-Masterpiece, L50, shiny|\n|poke|p2|Archaludon, L50, F, shiny|\n|poke|p2|Empoleon, L50, F|\n|teampreview|4\n|\n|t:|1776639435\n|teamsize|p1|4\n|teamsize|p2|4\n|start\n|switch|p1a: Scovillain|Scovillain, L50, M, shiny|100/100\n|switch|p1b: Meganium|Meganium, L50, F, shiny|100/100\n|switch|p2a: Primarina|Primarina, L50, M|100/100\n|switch|p2b: Archaludon|Archaludon, L50, F, shiny|100/100\n|turn|1\n|\n|t:|1776639460\n|switch|p1b: Torkoal|Torkoal, L50, F, shiny|100/100\n|-weather|SunnyDay|[from] ability: Drought|[of] p1b: Torkoal\n|move|p1a: Scovillain|Giga Drain|p2a: Primarina\n|-supereffective|p2a: Primarina|1\n|-damage|p2a: Primarina|47/100\n|move|p2b: Archaludon|Flash Cannon|p1b: Torkoal\n|-resisted|p1b: Torkoal|1\n|-damage|p1b: Torkoal|70/100\n|move|p2a: Primarina|Hyper Voice|p1b: Torkoal|[spread] p1a,p1b\n|-supereffective|p1b: Torkoal|1\n|-damage|p1a: Scovillain|70/100\n|-damage|p1b: Torkoal|15/100\n|\n|-weather|SunnyDay|[upkeep]\n|-heal|p2a: Primarina|53/100|[from] item: Leftovers\n|upkeep\n|turn|2\n|\n|t:|1776639518\n|switch|p2a: Pelipper|Pelipper, L50, M|100/100\n|-weather|RainDance|[from] ability: Drizzle|[of] p2a: Pelipper\n|switch|p1b: Meganium|Meganium, L50, F, shiny|100/100\n|move|p2b: Archaludon|Aura Sphere|p1b: Meganium\n|-damage|p1b: Meganium|79/100\n|move|p1a: Scovillain|Solar Beam||[still]\n|-prepare|p1a: Scovillain|Solar Beam\n|\n|-weather|RainDance|[upkeep]\n|upkeep\n|turn|3\n|\n|t:|1776639551\n|detailschange|p1b: Meganium|Meganium-Mega, L50, F, shiny\n|-mega|p1b: Meganium|Meganium|Meganiumite\n|move|p2b: Archaludon|Electro Shot||[still]\n|-prepare|p2b: Archaludon|Electro Shot\n|-boost|p2b: Archaludon|spa|1\n|-anim|p2b: Archaludon|Electro Shot|p1b: Meganium\n|-resisted|p1b: Meganium|1\n|-damage|p1b: Meganium|53/100\n|move|p1a: Scovillain|Solar Beam|p2a: Pelipper|[from] lockedmove\n|-damage|p2a: Pelipper|58/100\n|move|p2a: Pelipper|Hurricane|p1a: Scovillain\n|-supereffective|p1a: Scovillain|1\n|-damage|p1a: Scovillain|0 fnt\n|faint|p1a: Scovillain\n|move|p1b: Meganium|Dazzling Gleam|p2a: Pelipper|[spread] p2a,p2b\n|-damage|p2a: Pelipper|0 fnt\n|-damage|p2b: Archaludon|46/100\n|-ability|p2b: Archaludon|Stamina|boost\n|-boost|p2b: Archaludon|def|1\n|faint|p2a: Pelipper\n|\n|-weather|RainDance|[upkeep]\n|upkeep\n|\n|t:|1776639575\n|switch|p1a: Torkoal|Torkoal, L50, F, shiny|15/100\n|switch|p2a: Primarina|Primarina, L50, M|53/100\n|-weather|SunnyDay|[from] ability: Drought|[of] p1a: Torkoal\n|turn|4\n|\n|t:|1776639594\n|switch|p1a: Armarouge|Armarouge, L50, F, shiny|100/100\n|move|p2b: Archaludon|Aura Sphere|p1a: Armarouge\n|-resisted|p1a: Armarouge|1\n|-damage|p1a: Armarouge|75/100\n|move|p1b: Meganium|Solar Beam||[still]\n|-prepare|p1b: Meganium|Solar Beam\n|-anim|p1b: Meganium|Solar Beam|p2a: Primarina\n|-supereffective|p2a: Primarina|1\n|-damage|p2a: Primarina|0 fnt\n|faint|p2a: Primarina\n|\n|-weather|SunnyDay|[upkeep]\n|upkeep\n|\n|t:|1776639603\n|switch|p2a: Meganium|Meganium, L50, F, shiny|100/100\n|turn|5\n|\n|t:|1776639621\n|detailschange|p2a: Meganium|Meganium-Mega, L50, F, shiny\n|-mega|p2a: Meganium|Meganium|Meganiumite\n|move|p2b: Archaludon|Draco Meteor|p1a: Armarouge\n|-damage|p1a: Armarouge|0 fnt\n|-unboost|p2b: Archaludon|spa|2\n|faint|p1a: Armarouge\n|-enditem|p2b: Archaludon|White Herb\n|-clearnegativeboost|p2b: Archaludon|[silent]\n|move|p2a: Meganium|Weather Ball|p1b: Meganium\n|-supereffective|p1b: Meganium|1\n|-damage|p1b: Meganium|0 fnt\n|faint|p1b: Meganium\n|\n|-weather|SunnyDay|[upkeep]\n|upkeep\n|\n|t:|1776639635\n|switch|p1a: Torkoal|Torkoal, L50, F, shiny|15/100\n|turn|6\n|\n|t:|1776639647\n|move|p2b: Archaludon|Aura Sphere|p1a: Torkoal\n|-damage|p1a: Torkoal|0 fnt\n|faint|p1a: Torkoal\n|\n|win|jonathan53332\n|l|\u2606iamjalenhh\n|player|p1|\n|inactive|iamjalenhh has 30 seconds to confirm battle start!\n|inactive|jonathan53332 has 30 seconds to confirm battle start!\n||jonathan53332 is ready for game 2.\n|inactive|iamjalenhh has 20 seconds to confirm battle start!\n|inactive|iamjalenhh has 10 seconds to confirm battle start!\n|uhtml|next|Next: <a href=\"/battle-gen9championsvgc2026regma-2588505579\"><strong>Game 2 of 3</strong></a>\n",
  "uploadtime": 1776639648,
  "views": 5,
  "formatid": "gen9championsvgc2026regma",
  "rating": null,
  "private": 0,
  "password": null
}