{
  "id": "gen9championsvgc2026regma-2586221291",
  "format": "[Gen 9 Champions] VGC 2026 Reg M-A",
  "players": [
    "aleduk",
    "ADV169"
  ],
  "log": "|j|\u2606aleduk\n|j|\u2606ADV169\n|t:|1776414082\n|gametype|doubles\n|player|p1|aleduk|roark|1080\n|player|p2|ADV169|cynthia-gen4|1104\n|gen|9\n|tier|[Gen 9 Champions] VGC 2026 Reg M-A\n|rated|\n|rule|Species Clause: Limit one of each Pok\u00e9mon\n|rule|Item Clause: Limit 1 of each item\n|clearpoke\n|poke|p1|Glimmora, L50, F|\n|poke|p1|Klefki, L50, F|\n|poke|p1|Dragapult, L50, M|\n|poke|p1|Basculegion, L50, M|\n|poke|p1|Tinkaton, L50, F|\n|poke|p1|Milotic, L50, F|\n|poke|p2|Gardevoir, L50, M|\n|poke|p2|Farigiraf, L50, F|\n|poke|p2|Incineroar, L50, F|\n|poke|p2|Rotom-Wash, L50|\n|poke|p2|Archaludon, L50, F|\n|poke|p2|Sinistcha, L50|\n|teampreview|4\n|inactive|Battle timer is ON: inactive players will automatically lose when time's up. (requested by aleduk)\n|\n|t:|1776414104\n|teamsize|p1|4\n|teamsize|p2|4\n|start\n|switch|p1a: Glimmora|Glimmora, L50, F, shiny|100/100\n|switch|p1b: Klefki|Klefki, L50, F|100/100\n|switch|p2a: Carcosa|Farigiraf, L50, F|100/100\n|switch|p2b: Babylon|Archaludon, L50, F|100/100\n|turn|1\n|\n|t:|1776414124\n|detailschange|p1a: Glimmora|Glimmora-Mega, L50, F, shiny\n|-mega|p1a: Glimmora|Glimmora|Glimmoranite\n|move|p1b: Klefki|Light Screen|p1b: Klefki\n|-sidestart|p1: aleduk|move: Light Screen\n|move|p1a: Glimmora|Meteor Beam||[still]\n|-prepare|p1a: Glimmora|Meteor Beam\n|-boost|p1a: Glimmora|spa|1\n|move|p2a: Carcosa|Rain Dance|p2a: Carcosa\n|-weather|RainDance\n|move|p2b: Babylon|Electro Shot||[still]\n|-prepare|p2b: Babylon|Electro Shot\n|-boost|p2b: Babylon|spa|1\n|-anim|p2b: Babylon|Electro Shot|p1b: Klefki\n|-damage|p1b: Klefki|60/100\n|\n|-weather|RainDance|[upkeep]\n|upkeep\n|turn|2\n|\n|t:|1776414148\n|move|p1b: Klefki|Rain Dance||[still]\n|-fail|p1b: Klefki\n|move|p1a: Glimmora|Meteor Beam|p2b: Babylon|[from] lockedmove\n|-resisted|p2b: Babylon|1\n|-damage|p2b: Babylon|30/100\n|-ability|p2b: Babylon|Stamina|boost\n|-boost|p2b: Babylon|def|1\n|move|p2a: Carcosa|Expanding Force|p1a: Glimmora\n|-supereffective|p1a: Glimmora|1\n|-damage|p1a: Glimmora|57/100\n|move|p2b: Babylon|Flash Cannon|p1a: Glimmora\n|-supereffective|p1a: Glimmora|1\n|-damage|p1a: Glimmora|0 fnt\n|faint|p1a: Glimmora\n|\n|-weather|RainDance|[upkeep]\n|-heal|p2b: Babylon|37/100|[from] item: Leftovers\n|upkeep\n|\n|t:|1776414167\n|switch|p1a: Basculegion|Basculegion, L50, M|100/100\n|turn|3\n|inactive|ADV169 has 30 seconds left.\n|inactive|ADV169 has 20 seconds left.\n|inactive|ADV169 has 15 seconds left.\n|inactive|ADV169 has 10 seconds left.\n|\n|t:|1776414216\n|move|p2b: Babylon|Protect|p2b: Babylon\n|-singleturn|p2b: Babylon|Protect\n|move|p1a: Basculegion|Wave Crash|p2b: Babylon\n|-activate|p2b: Babylon|move: Protect\n|move|p1b: Klefki|Dazzling Gleam|p2a: Carcosa|[spread] p2a\n|-activate|p2b: Babylon|move: Protect\n|-damage|p2a: Carcosa|79/100\n|move|p2a: Carcosa|Expanding Force|p1a: Basculegion\n|-damage|p1a: Basculegion|76/100\n|\n|-weather|RainDance|[upkeep]\n|-heal|p2b: Babylon|43/100|[from] item: Leftovers\n|upkeep\n|turn|4\n|inactive|ADV169 has 30 seconds left.\n|\n|t:|1776414243\n|switch|p2b: Current|Rotom-Wash, L50|100/100\n|move|p1a: Basculegion|Wave Crash|p2b: Current\n|-resisted|p2b: Current|1\n|-damage|p2b: Current|35/100\n|-damage|p1a: Basculegion|58/100|[from] Recoil\n|move|p2a: Carcosa|Expanding Force|p1a: Basculegion\n|-damage|p1a: Basculegion|34/100\n|move|p1b: Klefki|Dazzling Gleam|p2a: Carcosa|[spread] p2a,p2b\n|-damage|p2a: Carcosa|61/100\n|-damage|p2b: Current|12/100\n|\n|-weather|RainDance|[upkeep]\n|upkeep\n|turn|5\n|inactive|aleduk has 30 seconds left.\n|inactive|ADV169 has 30 seconds left.\n|\n|t:|1776414271\n|move|p2a: Carcosa|Protect|p2a: Carcosa\n|-singleturn|p2a: Carcosa|Protect\n|move|p1a: Basculegion|Wave Crash|p2a: Carcosa\n|-activate|p2a: Carcosa|move: Protect\n|move|p2b: Current|Discharge|p1b: Klefki|[spread] p1a,p1b\n|-activate|p2a: Carcosa|move: Protect\n|-supereffective|p1a: Basculegion|1\n|-damage|p1a: Basculegion|0 fnt\n|-damage|p1b: Klefki|32/100\n|faint|p1a: Basculegion\n|move|p1b: Klefki|Dazzling Gleam|p2b: Current|[spread] p2b\n|-activate|p2a: Carcosa|move: Protect\n|-damage|p2b: Current|0 fnt\n|faint|p2b: Current\n|\n|-weather|none\n|-sideend|p1: aleduk|move: Light Screen\n|upkeep\n|\n|t:|1776414291\n|switch|p1a: Dragapult|Dragapult, L50, M|100/100\n|switch|p2b: Babylon|Archaludon, L50, F|43/100\n|turn|6\n|\n|t:|1776414312\n|move|p2b: Babylon|Protect|p2b: Babylon\n|-singleturn|p2b: Babylon|Protect\n|move|p1b: Klefki|Light Screen|p1b: Klefki\n|-sidestart|p1: aleduk|move: Light Screen\n|move|p1a: Dragapult|Phantom Force||[still]\n|-prepare|p1a: Dragapult|Phantom Force\n|move|p2a: Carcosa|Rain Dance|p2a: Carcosa\n|-weather|RainDance\n|\n|-weather|RainDance|[upkeep]\n|-heal|p2b: Babylon|49/100|[from] item: Leftovers\n|upkeep\n|turn|7\n|inactive|ADV169 has 30 seconds left.\n|\n|t:|1776414341\n|move|p1a: Dragapult|Phantom Force|p2b: Babylon|[from] lockedmove\n|-damage|p2b: Babylon|13/100\n|-ability|p2b: Babylon|Stamina|boost\n|-boost|p2b: Babylon|def|1\n|move|p2a: Carcosa|Psychic Terrain|p2a: Carcosa\n|-fieldstart|move: Psychic Terrain\n|move|p1b: Klefki|Dazzling Gleam|p2a: Carcosa|[spread] p2a,p2b\n|-crit|p2a: Carcosa\n|-damage|p2a: Carcosa|31/100\n|-damage|p2b: Babylon|0 fnt\n|-enditem|p2a: Carcosa|Sitrus Berry|[eat]\n|-heal|p2a: Carcosa|56/100|[from] item: Sitrus Berry\n|faint|p2b: Babylon\n|\n|-weather|RainDance|[upkeep]\n|upkeep\n|\n|t:|1776414356\n|switch|p2b: Monet\u2640\ufe0f|Gardevoir, L50, M|100/100\n|turn|8\n|\n|t:|1776414373\n|detailschange|p2b: Monet\u2640\ufe0f|Gardevoir-Mega, L50, M\n|-mega|p2b: Monet\u2640\ufe0f|Gardevoir|Gardevoirite\n|move|p1a: Dragapult|Phantom Force||[still]\n|-prepare|p1a: Dragapult|Phantom Force\n|move|p2b: Monet\u2640\ufe0f|Hyper Voice|p1a: Dragapult|[spread] p1b\n|-miss|p2b: Monet\u2640\ufe0f|p1a: Dragapult\n|-resisted|p1b: Klefki|1\n|-damage|p1b: Klefki|13/100\n|move|p2a: Carcosa|Expanding Force|p1a: Dragapult|[spread] p1b\n|-miss|p2a: Carcosa|p1a: Dragapult\n|-resisted|p1b: Klefki|1\n|-damage|p1b: Klefki|0 fnt\n|faint|p1b: Klefki\n|\n|-weather|RainDance|[upkeep]\n|upkeep\n|turn|9\n|\n|t:|1776414388\n|move|p2b: Monet\u2640\ufe0f|Protect|p2b: Monet\u2640\ufe0f\n|-singleturn|p2b: Monet\u2640\ufe0f|Protect\n|move|p1a: Dragapult|Phantom Force|p2b: Monet\u2640\ufe0f|[from] lockedmove\n|-activate|p2b: Monet\u2640\ufe0f|move: Phantom Force|[broken]\n|-supereffective|p2b: Monet\u2640\ufe0f|1\n|-damage|p2b: Monet\u2640\ufe0f|0 fnt\n|faint|p2b: Monet\u2640\ufe0f\n|move|p2a: Carcosa|Expanding Force|p1a: Dragapult\n|-damage|p1a: Dragapult|45/100\n|\n|-weather|RainDance|[upkeep]\n|upkeep\n|turn|10\n|inactive|aleduk has 30 seconds left.\n|\n|t:|1776414416\n|move|p1a: Dragapult|Dragon Darts|p2a: Carcosa\n|-damage|p2a: Carcosa|31/100\n|-anim|p1a: Dragapult|Dragon Darts|p2a: Carcosa\n|-damage|p2a: Carcosa|7/100\n|move|p2a: Carcosa|Expanding Force|p1a: Dragapult\n|-damage|p1a: Dragapult|0 fnt\n|faint|p1a: Dragapult\n|\n|win|ADV169\n|raw|aleduk's rating: 1080 &rarr; <strong>1060</strong><br />(-20 for losing)\n|raw|ADV169's rating: 1104 &rarr; <strong>1127</strong><br />(+23 for winning)\n|l|\u2606aleduk\n|player|p1|\n|l|\u2606ADV169\n|player|p2|\n|j|\u2606ADV169\n|player|p2|ADV169|cynthia-gen4|\n",
  "uploadtime": 1776414663,
  "views": 20,
  "formatid": "gen9championsvgc2026regma",
  "rating": 1060,
  "private": 0,
  "password": null
}