{
  "id": "gen9championsvgc2026regma-2582641211",
  "format": "[Gen 9 Champions] VGC 2026 Reg M-A",
  "players": [
    "IlCastello",
    "Kalaphant"
  ],
  "log": "|j|\u2606IlCastello\n|j|\u2606Kalaphant\n|t:|1776104392\n|gametype|doubles\n|player|p1|IlCastello|101|1080\n|player|p2|Kalaphant|1|1117\n|gen|9\n|tier|[Gen 9 Champions] VGC 2026 Reg M-A\n|rated|\n|rule|Species Clause: Limit one of each Pok\u00e9mon\n|rule|Item Clause: Limit 1 of each item\n|clearpoke\n|poke|p1|Altaria, L50, F|\n|poke|p1|Chesnaught, L50, F|\n|poke|p1|Oranguru, L50, F|\n|poke|p1|Torkoal, L50, F|\n|poke|p1|Rotom-Wash, L50|\n|poke|p1|Sableye, L50, F|\n|poke|p2|Gengar, L50, F|\n|poke|p2|Politoed, L50, F|\n|poke|p2|Whimsicott, L50, F|\n|poke|p2|Incineroar, L50, M|\n|poke|p2|Charizard, L50, M|\n|poke|p2|Sneasler, L50, M|\n|teampreview|4\n|inactive|Battle timer is ON: inactive players will automatically lose when time's up. (requested by Kalaphant)\n|c|\u2606Kalaphant|glhf\nKalaphant has agreed to open team sheets.\n|inactive|IlCastello has 60 seconds left.\n|\n|t:|1776104439\n|teamsize|p1|4\n|teamsize|p2|4\n|start\n|switch|p1a: Oranguru|Oranguru, L50, F|100/100\n|switch|p1b: Sableye|Sableye, L50, F|100/100\n|switch|p2a: Gengar|Gengar, L50, F|100/100\n|switch|p2b: Incineroar|Incineroar, L50, M|100/100\n|-ability|p2b: Incineroar|Intimidate|boost\n|-unboost|p1a: Oranguru|atk|1\n|-unboost|p1b: Sableye|atk|1\n|turn|1\n|inactive|Kalaphant has 30 seconds left.\n|inactive|Kalaphant has 20 seconds left.\n|\n|t:|1776104477\n|detailschange|p2a: Gengar|Gengar-Mega, L50, F\n|-mega|p2a: Gengar|Gengar|Gengarite\n|move|p2b: Incineroar|Fake Out|p1a: Oranguru\n|-damage|p1a: Oranguru|90/100\n|move|p2a: Gengar|Perish Song|p2a: Gengar\n|-start|p1a: Oranguru|perish3|[silent]\n|-start|p1b: Sableye|perish3|[silent]\n|-start|p2a: Gengar|perish3|[silent]\n|-start|p2b: Incineroar|perish3|[silent]\n|-fieldactivate|move: Perish Song\n|move|p1b: Sableye|Foul Play|p2a: Gengar\n|-supereffective|p2a: Gengar|1\n|-damage|p2a: Gengar|60/100\n|cant|p1a: Oranguru|flinch\n|\n|-start|p2a: Gengar|perish3\n|-start|p2b: Incineroar|perish3\n|-start|p1a: Oranguru|perish3\n|-start|p1b: Sableye|perish3\n|upkeep\n|turn|2\n|inactive|Kalaphant has 30 seconds left.\n|\n|t:|1776104509\n|move|p2a: Gengar|Protect|p2a: Gengar\n|-singleturn|p2a: Gengar|Protect\n|move|p1b: Sableye|Encore|p2a: Gengar\n|-activate|p2a: Gengar|move: Protect\n|move|p2b: Incineroar|Parting Shot|p1b: Sableye\n|-unboost|p1b: Sableye|atk|1\n|-unboost|p1b: Sableye|spa|1\n|\n|t:|1776104523\n|switch|p2b: Sneasler|Sneasler, L50, M|100/100|[from] Parting Shot\n|move|p1a: Oranguru|Trick Room|p1a: Oranguru\n|-fieldstart|move: Trick Room|[of] p1a: Oranguru\n|\n|-start|p1b: Sableye|perish2\n|-start|p1a: Oranguru|perish2\n|-start|p2a: Gengar|perish2\n|upkeep\n|turn|3\n|inactive|IlCastello has 30 seconds left.\n|\n|t:|1776104563\n|move|p1b: Sableye|Encore|p2a: Gengar\n|-start|p2a: Gengar|Encore\n|move|p2a: Gengar|Protect||[still]\n|-fail|p2a: Gengar\n|move|p1a: Oranguru|Psychic|p2b: Sneasler\n|-supereffective|p2b: Sneasler|2\n|-damage|p2b: Sneasler|0 fnt\n|faint|p2b: Sneasler\n|\n|-start|p1b: Sableye|perish1\n|-start|p1a: Oranguru|perish1\n|-start|p2a: Gengar|perish1\n|upkeep\n|l|\u2606IlCastello\n|inactive|IlCastello disconnected and has a minute to reconnect!\n|player|p1|\n|\n|t:|1776104579\n|switch|p2b: Incineroar|Incineroar, L50, M|100/100\n|-ability|p2b: Incineroar|Intimidate|boost\n|-unboost|p1a: Oranguru|atk|1\n|-unboost|p1b: Sableye|atk|1\n|turn|4\n|j|\u2606IlCastello\n|inactive|IlCastello reconnected and has 50 seconds left.\n|player|p1|IlCastello|101|\n|inactive|IlCastello has 30 seconds left.\n|\n|t:|1776104607\n|switch|p1b: Altaria|Altaria, L50, F|100/100\n|-ability|p1b: Altaria|Cloud Nine\n|switch|p2a: Politoed|Politoed, L50, F|100/100\n|-weather|RainDance|[from] ability: Drizzle|[of] p2a: Politoed\n|move|p1a: Oranguru|Psychic|p2a: Politoed\n|-damage|p2a: Politoed|77/100\n|move|p2b: Incineroar|Flare Blitz|p1b: Altaria\n|-resisted|p1b: Altaria|1\n|-damage|p1b: Altaria|75/100\n|-damage|p2b: Incineroar|94/100|[from] Recoil\n|\n|-weather|RainDance|[upkeep]\n|-start|p1a: Oranguru|perish0\n|faint|p1a: Oranguru\n|upkeep\n|\n|t:|1776104624\n|switch|p1a: Torkoal|Torkoal, L50, F|100/100\n|-weather|SunnyDay|[from] ability: Drought|[of] p1a: Torkoal\n|turn|5\n|\n|t:|1776104629\n|switch|p1b: Sableye|Sableye, L50, F|100/100\n|move|p1a: Torkoal|Solar Beam||[still]\n|-prepare|p1a: Torkoal|Solar Beam\n|-anim|p1a: Torkoal|Solar Beam|p2a: Politoed\n|-supereffective|p2a: Politoed|1\n|-damage|p2a: Politoed|26/100\n|-enditem|p2a: Politoed|Sitrus Berry|[eat]\n|-heal|p2a: Politoed|51/100|[from] item: Sitrus Berry\n|move|p2a: Politoed|Perish Song|p2a: Politoed\n|-start|p1a: Torkoal|perish3|[silent]\n|-start|p1b: Sableye|perish3|[silent]\n|-start|p2a: Politoed|perish3|[silent]\n|-start|p2b: Incineroar|perish3|[silent]\n|-fieldactivate|move: Perish Song\n|move|p2b: Incineroar|Parting Shot|p1a: Torkoal\n|-unboost|p1a: Torkoal|atk|1\n|-unboost|p1a: Torkoal|spa|1\n|\n|t:|1776104642\n|switch|p2b: Gengar|Gengar-Mega, L50, F|60/100|[from] Parting Shot\n|\n|-weather|SunnyDay|[upkeep]\n|-start|p1a: Torkoal|perish3\n|-start|p1b: Sableye|perish3\n|-start|p2a: Politoed|perish3\n|upkeep\n|turn|6\n|\n|t:|1776104662\n|move|p2a: Politoed|Protect|p2a: Politoed\n|-singleturn|p2a: Politoed|Protect\n|move|p2b: Gengar|Protect|p2b: Gengar\n|-singleturn|p2b: Gengar|Protect\n|move|p1b: Sableye|Encore|p2a: Politoed\n|-activate|p2a: Politoed|move: Protect\n|move|p1a: Torkoal|Solar Beam||[still]\n|-prepare|p1a: Torkoal|Solar Beam\n|-anim|p1a: Torkoal|Solar Beam|p2a: Politoed\n|-activate|p2a: Politoed|move: Protect\n|\n|-weather|SunnyDay|[upkeep]\n|-start|p1a: Torkoal|perish2\n|-start|p1b: Sableye|perish2\n|-start|p2a: Politoed|perish2\n|-fieldend|move: Trick Room\n|upkeep\n|turn|7\n|l|\u2606IlCastello\n|inactive|IlCastello disconnected and has a minute to reconnect!\n|player|p1|\n|j|\u2606IlCastello\n|inactive|IlCastello reconnected and has 40 seconds left.\n|player|p1|IlCastello|101|\n|inactive|IlCastello has 30 seconds left.\n|inactive|Kalaphant has 30 seconds left.\n|inactive|Kalaphant has 20 seconds left.\n|inactive|Kalaphant has 15 seconds left.\n|\n|t:|1776104703\n|switch|p2a: Incineroar|Incineroar, L50, M|94/100\n|-ability|p2a: Incineroar|Intimidate|boost\n|-unboost|p1a: Torkoal|atk|1\n|-unboost|p1b: Sableye|atk|1\n|move|p2b: Gengar|Protect||[still]\n|-fail|p2b: Gengar\n|move|p1b: Sableye|Encore|p2a: Incineroar\n|-hint|Since gen 7, Dark is immune to Prankster moves.\n|-immune|p2a: Incineroar\n|move|p1a: Torkoal|Eruption|p2b: Gengar|[spread] p2a,p2b\n|-resisted|p2a: Incineroar|1\n|-damage|p2a: Incineroar|72/100\n|-damage|p2b: Gengar|2/100\n|\n|-weather|SunnyDay|[upkeep]\n|-start|p1b: Sableye|perish1\n|-start|p1a: Torkoal|perish1\n|upkeep\n|turn|8\n|\n|t:|1776104724\n|switch|p2b: Politoed|Politoed, L50, F|51/100\n|-weather|RainDance|[from] ability: Drizzle|[of] p2b: Politoed\n|switch|p1b: Altaria|Altaria, L50, F|75/100\n|-ability|p1b: Altaria|Cloud Nine\n|move|p2a: Incineroar|Fake Out|p1a: Torkoal\n|-damage|p1a: Torkoal|91/100\n|cant|p1a: Torkoal|flinch\n|\n|-weather|RainDance|[upkeep]\n|-start|p1a: Torkoal|perish0\n|upkeep\n|faint|p1a: Torkoal\n|\n|t:|1776104729\n|switch|p1a: Sableye|Sableye, L50, F|100/100\n|turn|9\n|inactive|Kalaphant has 30 seconds left.\n|\n|t:|1776104759\n|detailschange|p1b: Altaria|Altaria-Mega, L50, F\n|-mega|p1b: Altaria|Altaria|Altarianite\n|move|p1a: Sableye|Fake Out|p2b: Politoed\n|-damage|p2b: Politoed|45/100\n|move|p1b: Altaria|Hyper Voice|p2b: Politoed|[spread] p2a,p2b\n|-damage|p2a: Incineroar|42/100\n|-damage|p2b: Politoed|15/100\n|cant|p2b: Politoed|flinch\n|move|p2a: Incineroar|Parting Shot|p1b: Altaria\n|-unboost|p1b: Altaria|atk|1\n|-unboost|p1b: Altaria|spa|1\n|\n|t:|1776104769\n|switch|p2a: Gengar|Gengar-Mega, L50, F|2/100|[from] Parting Shot\n|\n|-weather|RainDance|[upkeep]\n|upkeep\n|turn|10\n|\n|t:|1776104777\n|move|p2a: Gengar|Protect|p2a: Gengar\n|-singleturn|p2a: Gengar|Protect\n|move|p1b: Altaria|Hyper Voice|p2a: Gengar|[spread] p2b\n|-activate|p2a: Gengar|move: Protect\n|-damage|p2b: Politoed|0 fnt\n|faint|p2b: Politoed\n|move|p1a: Sableye|Foul Play|p2a: Gengar\n|-activate|p2a: Gengar|move: Protect\n|\n|-weather|RainDance|[upkeep]\n|upkeep\n|\n|t:|1776104785\n|switch|p2b: Incineroar|Incineroar, L50, M|42/100\n|-ability|p2b: Incineroar|Intimidate|boost\n|-unboost|p1a: Sableye|atk|1\n|-unboost|p1b: Altaria|atk|1\n|turn|11\n|\n|t:|1776104794\n|move|p2b: Incineroar|Fake Out|p1b: Altaria\n|-damage|p1b: Altaria|65/100\n|move|p2a: Gengar|Perish Song|p2a: Gengar\n|-start|p1a: Sableye|perish3|[silent]\n|-start|p1b: Altaria|perish3|[silent]\n|-start|p2a: Gengar|perish3|[silent]\n|-start|p2b: Incineroar|perish3|[silent]\n|-fieldactivate|move: Perish Song\n|cant|p1b: Altaria|flinch\n|move|p1a: Sableye|Foul Play|p2a: Gengar\n|-supereffective|p2a: Gengar|1\n|-damage|p2a: Gengar|0 fnt\n|faint|p2a: Gengar\n|\n|-weather|RainDance|[upkeep]\n|-start|p1b: Altaria|perish3\n|-start|p2b: Incineroar|perish3\n|-start|p1a: Sableye|perish3\n|upkeep\n|turn|12\n|\n|t:|1776104810\n|move|p1b: Altaria|Draco Meteor|p2b: Incineroar\n|-damage|p2b: Incineroar|4/100\n|-unboost|p1b: Altaria|spa|2\n|move|p2b: Incineroar|Parting Shot|p1b: Altaria\n|-unboost|p1b: Altaria|atk|1\n|-unboost|p1b: Altaria|spa|1\n|move|p1a: Sableye|Foul Play|p2b: Incineroar\n|-resisted|p2b: Incineroar|1\n|-damage|p2b: Incineroar|0 fnt\n|faint|p2b: Incineroar\n|\n|win|IlCastello\n|raw|IlCastello's rating: 1080 &rarr; <strong>1111</strong><br />(+31 for winning)\n|raw|Kalaphant's rating: 1117 &rarr; <strong>1089</strong><br />(-28 for losing)\n",
  "uploadtime": 1776104811,
  "views": 12,
  "formatid": "gen9championsvgc2026regma",
  "rating": 1089,
  "private": 0,
  "password": null
}