{
  "id": "gen9championsvgc2026regma-2582786463",
  "format": "[Gen 9 Champions] VGC 2026 Reg M-A",
  "players": [
    "augsaas",
    "trashtile"
  ],
  "log": "|j|\u2606augsaas\n|j|\u2606trashtile\n|t:|1776114051\n|gametype|doubles\n|player|p1|augsaas|cynthia-gen4|\n|player|p2|trashtile|red|\n|gen|9\n|tier|[Gen 9 Champions] VGC 2026 Reg M-A\n|rule|Species Clause: Limit one of each Pok\u00e9mon\n|rule|Item Clause: Limit 1 of each item\n|clearpoke\n|poke|p1|Aerodactyl, L50, F|\n|poke|p1|Floette-Eternal, L50, F|\n|poke|p1|Sinistcha, L50|\n|poke|p1|Garchomp, L50, F|\n|poke|p1|Tyranitar, L50, F|\n|poke|p1|Rotom-Wash, L50|\n|poke|p2|Floette-Eternal, L50, F|\n|poke|p2|Chandelure, L50, M|\n|poke|p2|Maushold-Four, L50|\n|poke|p2|Sinistcha, L50|\n|poke|p2|Dragapult, L50, M|\n|poke|p2|Clefable, L50, F|\n|teampreview|4\n|inactive|Battle timer is ON: inactive players will automatically lose when time's up. (requested by trashtile)\n|j| The name's Beanus\n|c|\u2606trashtile|Briga de mega flo\n|inactive|augsaas has 60 seconds left.\n|inactive|trashtile has 60 seconds left.\n|inactive|augsaas has 30 seconds left.\n|\n|t:|1776114120\n|teamsize|p1|4\n|teamsize|p2|4\n|start\n|switch|p1a: Aerodactyl|Aerodactyl, L50, F|100/100\n|switch|p1b: Floette|Floette-Eternal, L50, F|100/100\n|switch|p2a: Maushold|Maushold-Four, L50|100/100\n|switch|p2b: Dragapult|Dragapult, L50, M|100/100\n|-ability|p1a: Aerodactyl|Unnerve\n|turn|1\n|\n|t:|1776114138\n|detailschange|p1a: Aerodactyl|Aerodactyl-Mega, L50, F\n|-mega|p1a: Aerodactyl|Aerodactyl|Aerodactylite\n|move|p1a: Aerodactyl|Tailwind|p1a: Aerodactyl\n|-sidestart|p1: augsaas|move: Tailwind\n|move|p1b: Floette|Moonblast|p2b: Dragapult\n|-supereffective|p2b: Dragapult|1\n|-damage|p2b: Dragapult|0 fnt\n|faint|p2b: Dragapult\n|move|p2a: Maushold|Population Bomb|p1b: Floette\n|-damage|p1b: Floette|82/100\n|-damage|p1b: Floette|64/100\n|-damage|p1b: Floette|47/100\n|-damage|p1b: Floette|31/100\n|-damage|p1b: Floette|14/100\n|-damage|p1b: Floette|0 fnt\n|faint|p1b: Floette\n|-hitcount|p1: Floette|6\n|\n|upkeep\n|\n|t:|1776114158\n|switch|p2b: Floette|Floette-Eternal, L50, F|100/100\n|switch|p1b: Tyranitar|Tyranitar, L50, F|100/100\n|-weather|Sandstorm|[from] ability: Sand Stream|[of] p1b: Tyranitar\n|turn|2\n|\n|t:|1776114175\n|detailschange|p2b: Floette|Floette-Mega, L50, F\n|-mega|p2b: Floette|Floette|Floettite\n|-ability|p2b: Floette|Fairy Aura\n|move|p1a: Aerodactyl|Wide Guard|p1a: Aerodactyl\n|-singleturn|p1a: Aerodactyl|Wide Guard\n|move|p2a: Maushold|Follow Me|p2a: Maushold\n|-singleturn|p2a: Maushold|move: Follow Me\n|move|p1b: Tyranitar|Knock Off|p2a: Maushold\n|-damage|p2a: Maushold|29/100\n|-enditem|p2a: Maushold|Silk Scarf|[from] move: Knock Off|[of] p1b: Tyranitar\n|move|p2b: Floette|Dazzling Gleam|p1a: Aerodactyl|[spread] \n|-activate|p1a: Aerodactyl|move: Wide Guard\n|-activate|p1b: Tyranitar|move: Wide Guard\n|\n|-weather|Sandstorm|[upkeep]\n|-damage|p2a: Maushold|23/100|[from] Sandstorm\n|-damage|p2b: Floette|94/100|[from] Sandstorm\n|upkeep\n|turn|3\n|inactive|augsaas has 30 seconds left.\n|inactive|trashtile has 30 seconds left.\n|c|\u2606augsaas|lixo\n|inactive|trashtile has 20 seconds left.\n|\n|t:|1776114210\n|move|p2b: Floette|Protect|p2b: Floette\n|-singleturn|p2b: Floette|Protect\n|move|p1a: Aerodactyl|Rock Slide|p2b: Floette|[spread] p2a\n|-activate|p2b: Floette|move: Protect\n|-damage|p2a: Maushold|0 fnt\n|faint|p2a: Maushold\n|move|p1b: Tyranitar|Rock Slide|p2b: Floette\n|-activate|p2b: Floette|move: Protect\n|\n|-weather|Sandstorm|[upkeep]\n|-damage|p2b: Floette|88/100|[from] Sandstorm\n|upkeep\n|\n|t:|1776114224\n|switch|p2a: Sinistcha|Sinistcha, L50|100/100\n|-heal|p2b: Floette|100/100|[from] ability: Hospitality|[of] p2a: Sinistcha\n|turn|4\n|\n|t:|1776114230\n|move|p2a: Sinistcha|Protect|p2a: Sinistcha\n|-singleturn|p2a: Sinistcha|Protect\n|move|p1a: Aerodactyl|Wide Guard|p1a: Aerodactyl\n|-singleturn|p1a: Aerodactyl|Wide Guard\n|move|p1b: Tyranitar|Knock Off|p2a: Sinistcha\n|-activate|p2a: Sinistcha|move: Protect\n|move|p2b: Floette|Draining Kiss|p1b: Tyranitar\n|-supereffective|p1b: Tyranitar|1\n|-damage|p1b: Tyranitar|62/100\n|\n|-weather|Sandstorm|[upkeep]\n|-damage|p2b: Floette|94/100|[from] Sandstorm\n|-damage|p2a: Sinistcha|94/100|[from] Sandstorm\n|-heal|p2a: Sinistcha|100/100|[from] item: Leftovers\n|-sideend|p1: augsaas|move: Tailwind\n|upkeep\n|turn|5\n|\n|t:|1776114245\n|move|p1b: Tyranitar|Protect|p1b: Tyranitar\n|-singleturn|p1b: Tyranitar|Protect\n|move|p1a: Aerodactyl|Dual Wingbeat|p2a: Sinistcha\n|-supereffective|p2a: Sinistcha|1\n|-damage|p2a: Sinistcha|49/100\n|-supereffective|p2a: Sinistcha|1\n|-damage|p2a: Sinistcha|0 fnt\n|faint|p2a: Sinistcha\n|-hitcount|p2: Sinistcha|2\n|move|p2b: Floette|Dazzling Gleam|p1b: Tyranitar|[spread] p1a\n|-activate|p1b: Tyranitar|move: Protect\n|-damage|p1a: Aerodactyl|71/100\n|\n|-weather|Sandstorm|[upkeep]\n|-damage|p2b: Floette|88/100|[from] Sandstorm\n|upkeep\n|turn|6\n|\n|t:|1776114264\n|move|p2b: Floette|Protect|p2b: Floette\n|-singleturn|p2b: Floette|Protect\n|move|p1a: Aerodactyl|Dual Wingbeat|p2b: Floette\n|-activate|p2b: Floette|move: Protect\n|move|p1b: Tyranitar|Rock Slide|p2b: Floette\n|-activate|p2b: Floette|move: Protect\n|\n|-weather|none\n|upkeep\n|turn|7\n|\n|t:|1776114276\n|move|p1a: Aerodactyl|Tailwind|p1a: Aerodactyl\n|-sidestart|p1: augsaas|move: Tailwind\n|move|p1b: Tyranitar|Rock Slide|p2b: Floette\n|-damage|p2b: Floette|33/100\n|cant|p2b: Floette|flinch\n|\n|upkeep\n|turn|8\n|c|\u2606trashtile|Claro\n|\n|t:|1776114290\n|move|p1a: Aerodactyl|Dual Wingbeat|p2b: Floette\n|-damage|p2b: Floette|0 fnt\n|faint|p2b: Floette\n|-hitcount|p2: Floette|1\n|\n|win|augsaas\n",
  "uploadtime": 1776114295,
  "views": 13,
  "formatid": "gen9championsvgc2026regma",
  "rating": null,
  "private": 0,
  "password": null
}