{
  "id": "gen9championsvgc2026regma-2587320091",
  "format": "[Gen 9 Champions] VGC 2026 Reg M-A",
  "players": [
    "xersheds",
    "clpb"
  ],
  "log": "|j|\u2606xersheds\n|j|\u2606clpb\n|t:|1776521682\n|gametype|doubles\n|player|p1|xersheds|2|1040\n|player|p2|clpb|acetrainerf-gen4|1082\n|gen|9\n|tier|[Gen 9 Champions] VGC 2026 Reg M-A\n|rated|\n|rule|Species Clause: Limit one of each Pok\u00e9mon\n|rule|Item Clause: Limit 1 of each item\n|clearpoke\n|poke|p1|Glimmora, L50, F|\n|poke|p1|Whimsicott, L50, F|\n|poke|p1|Maushold, L50|\n|poke|p1|Goodra-Hisui, L50, M|\n|poke|p1|Incineroar, L50, M|\n|poke|p1|Primarina, L50, M|\n|poke|p2|Tinkaton, L50, F|\n|poke|p2|Altaria, L50, M|\n|poke|p2|Excadrill, L50, F|\n|poke|p2|Rotom-Wash, L50|\n|poke|p2|Meganium, L50, F|\n|poke|p2|Dragonite, L50, M|\n|teampreview|4\n|inactive|Battle timer is ON: inactive players will automatically lose when time's up. (requested by clpb)\n|\n|t:|1776521705\n|teamsize|p1|4\n|teamsize|p2|4\n|start\n|switch|p1a: Glimmora|Glimmora, L50, F|100/100\n|switch|p1b: Whimsicott|Whimsicott, L50, F|100/100\n|switch|p2a: Altaria|Altaria, L50, M|100/100\n|switch|p2b: Tinkaton|Tinkaton, L50, F|100/100\n|-ability|p2a: Altaria|Cloud Nine\n|turn|1\n|\n|t:|1776521733\n|detailschange|p1a: Glimmora|Glimmora-Mega, L50, F\n|-mega|p1a: Glimmora|Glimmora|Glimmoranite\n|move|p1a: Glimmora|Spiky Shield|p1a: Glimmora\n|-singleturn|p1a: Glimmora|move: Protect\n|move|p2b: Tinkaton|Fake Out|p1a: Glimmora\n|-activate|p1a: Glimmora|move: Protect\n|-damage|p2b: Tinkaton|88/100|[from] Spiky Shield|[of] p1a: Glimmora\n|move|p1b: Whimsicott|Moonblast|p2a: Altaria\n|-supereffective|p2a: Altaria|1\n|-damage|p2a: Altaria|40/100\n|move|p2a: Altaria|Tailwind|p2a: Altaria\n|-sidestart|p2: clpb|move: Tailwind\n|\n|upkeep\n|turn|2\n|\n|t:|1776521751\n|switch|p2a: Excadrill|Excadrill, L50, F|100/100\n|switch|p1a: Maushold|Maushold, L50|100/100\n|move|p2b: Tinkaton|Gigaton Hammer|p1a: Maushold\n|-damage|p1a: Maushold|36/100\n|move|p1b: Whimsicott|Moonblast|p2a: Excadrill\n|-resisted|p2a: Excadrill|1\n|-crit|p2a: Excadrill\n|-damage|p2a: Excadrill|68/100\n|\n|upkeep\n|turn|3\n|\n|t:|1776521773\n|detailschange|p2a: Excadrill|Excadrill-Mega, L50, F\n|-mega|p2a: Excadrill|Excadrill|Excadrite\n|move|p1a: Maushold|Protect|p1a: Maushold\n|-singleturn|p1a: Maushold|Protect\n|move|p1b: Whimsicott|Tailwind|p1b: Whimsicott\n|-sidestart|p1: xersheds|move: Tailwind\n|move|p2b: Tinkaton|Knock Off|p1a: Maushold\n|-activate|p1a: Maushold|move: Protect\n|move|p2a: Excadrill|Poison Jab|p1b: Whimsicott\n|-supereffective|p1b: Whimsicott|2\n|-enditem|p1b: Whimsicott|Focus Sash\n|-damage|p1b: Whimsicott|1/100\n|\n|upkeep\n|turn|4\n|inactive|xersheds has 30 seconds left.\n|\n|t:|1776521799\n|switch|p2b: Altaria|Altaria, L50, M|40/100\n|-ability|p2b: Altaria|Cloud Nine\n|move|p1b: Whimsicott|Encore|p2a: Excadrill\n|-start|p2a: Excadrill|Encore\n|move|p1a: Maushold|Super Fang|p2b: Altaria\n|-damage|p2b: Altaria|20/100\n|move|p2a: Excadrill|Poison Jab|p1b: Whimsicott\n|-supereffective|p1b: Whimsicott|2\n|-damage|p1b: Whimsicott|0 fnt\n|faint|p1b: Whimsicott\n|\n|-sideend|p2: clpb|move: Tailwind\n|upkeep\n|\n|t:|1776521805\n|switch|p1b: Glimmora|Glimmora-Mega, L50, F|100/100\n|turn|5\n|\n|t:|1776521821\n|switch|p2b: Tinkaton|Tinkaton, L50, F|88/100\n|switch|p2a: Rotom|Rotom-Wash, L50|100/100\n|move|p1b: Glimmora|Power Gem|p2b: Tinkaton\n|-resisted|p2b: Tinkaton|1\n|-damage|p2b: Tinkaton|56/100\n|move|p1a: Maushold|Super Fang|p2a: Rotom\n|-damage|p2a: Rotom|51/100\n|\n|upkeep\n|turn|6\n|\n|t:|1776521843\n|move|p2b: Tinkaton|Fake Out|p1a: Maushold\n|-damage|p1a: Maushold|26/100\n|cant|p1a: Maushold|flinch\n|move|p1b: Glimmora|Sludge Bomb|p2a: Rotom\n|-damage|p2a: Rotom|0 fnt\n|faint|p2a: Rotom\n|\n|-sideend|p1: xersheds|move: Tailwind\n|upkeep\n|\n|t:|1776521852\n|switch|p2a: Excadrill|Excadrill-Mega, L50, F|68/100\n|turn|7\n|\n|t:|1776521868\n|switch|p1b: Primarina|Primarina, L50, M|100/100\n|switch|p2b: Altaria|Altaria, L50, M|20/100\n|-ability|p2b: Altaria|Cloud Nine\n|move|p1a: Maushold|Protect|p1a: Maushold\n|-singleturn|p1a: Maushold|Protect\n|move|p2a: Excadrill|Earthquake|p1a: Maushold|[spread] p1b\n|-activate|p1a: Maushold|move: Protect\n|-immune|p2b: Altaria\n|-damage|p1b: Primarina|55/100\n|\n|upkeep\n|turn|8\n|\n|t:|1776521889\n|move|p1a: Maushold|Helping Hand|p1b: Primarina\n|-singleturn|p1b: Primarina|Helping Hand|[of] p1a: Maushold\n|move|p2b: Altaria|Protect|p2b: Altaria\n|-singleturn|p2b: Altaria|Protect\n|move|p2a: Excadrill|Poison Jab|p1b: Primarina\n|-supereffective|p1b: Primarina|1\n|-damage|p1b: Primarina|0 fnt\n|faint|p1b: Primarina\n|\n|upkeep\n|\n|t:|1776521898\n|switch|p1b: Glimmora|Glimmora-Mega, L50, F|100/100\n|turn|9\n|\n|t:|1776521909\n|move|p1b: Glimmora|Power Gem|p2a: Excadrill\n|-resisted|p2a: Excadrill|2\n|-damage|p2a: Excadrill|46/100\n|move|p2b: Altaria|Tailwind|p2b: Altaria\n|-sidestart|p2: clpb|move: Tailwind\n|move|p2a: Excadrill|Earthquake|p1b: Glimmora|[spread] p1a,p1b\n|-immune|p2b: Altaria\n|-crit|p1a: Maushold\n|-supereffective|p1b: Glimmora|2\n|-damage|p1a: Maushold|0 fnt\n|-damage|p1b: Glimmora|0 fnt\n|faint|p1a: Maushold\n|faint|p1b: Glimmora\n|\n|win|clpb\n|raw|xersheds's rating: 1040 &rarr; <strong>1026</strong><br />(-14 for losing)\n|raw|clpb's rating: 1082 &rarr; <strong>1106</strong><br />(+24 for winning)\n|l|\u2606xersheds\n|player|p1|\n",
  "uploadtime": 1776521921,
  "views": 16,
  "formatid": "gen9championsvgc2026regma",
  "rating": 1026,
  "private": 0,
  "password": null
}