{
  "id": "gen9championsvgc2026regma-2581184210",
  "format": "[Gen 9 Champions] VGC 2026 Reg M-A",
  "players": [
    "Treeckoguy1",
    "HappyNico"
  ],
  "log": "|j|\u2606Treeckoguy1\n|j|\u2606HappyNico\n|t:|1775968244\n|gametype|doubles\n|player|p1|Treeckoguy1|101|1084\n|player|p2|HappyNico|workerice|1052\n|gen|9\n|tier|[Gen 9 Champions] VGC 2026 Reg M-A\n|rated|\n|rule|Species Clause: Limit one of each Pok\u00e9mon\n|rule|Item Clause: Limit 1 of each item\n|clearpoke\n|poke|p1|Politoed, L50, F|\n|poke|p1|Dragonite, L50, F|\n|poke|p1|Zoroark, L50, F|\n|poke|p1|Mimikyu, L50, M|\n|poke|p1|Avalugg-Hisui, L50, F|\n|poke|p1|Chesnaught, L50, M|\n|poke|p2|Chesnaught, L50, M|\n|poke|p2|Incineroar, L50, F|\n|poke|p2|Froslass, L50, F|\n|poke|p2|Farigiraf, L50, M|\n|poke|p2|Chandelure, L50, M|\n|poke|p2|Orthworm, L50, M|\n|teampreview|4\n|inactive|Battle timer is ON: inactive players will automatically lose when time's up. (requested by HappyNico)\n|inactive|Treeckoguy1 has 60 seconds left.\n|inactive|HappyNico has 60 seconds left.\n|\n|t:|1775968302\n|teamsize|p1|4\n|teamsize|p2|4\n|start\n|switch|p1a: Mimikyu|Mimikyu, L50, M|100/100\n|switch|p1b: Politoed|Politoed, L50, F|100/100\n|switch|p2a: Orthworm|Orthworm, L50, M|100/100\n|switch|p2b: Farigiraf|Farigiraf, L50, M, shiny|100/100\n|-weather|RainDance|[from] ability: Drizzle|[of] p1b: Politoed\n|turn|1\n|inactive|HappyNico has 30 seconds left.\n|\n|t:|1775968335\n|move|p1b: Politoed|Helping Hand|p1a: Mimikyu\n|-singleturn|p1a: Mimikyu|Helping Hand|[of] p1b: Politoed\n|move|p1a: Mimikyu|Night Daze|p2b: Farigiraf\n|-supereffective|p2b: Farigiraf|1\n|-enditem|p2b: Farigiraf|Colbur Berry|[eat]\n|-enditem|p2b: Farigiraf|Colbur Berry|[weaken]\n|-damage|p2b: Farigiraf|36/100\n|move|p2b: Farigiraf|Psychic|p1a: Mimikyu\n|-immune|p1a: Mimikyu\n|move|p2a: Orthworm|Heavy Slam|p1a: Mimikyu\n|-damage|p1a: Mimikyu|57/100\n|replace|p1a: Zoroark|Zoroark, L50, F\n|-end|p1a: Zoroark|Illusion\n|\n|-weather|RainDance|[upkeep]\n|upkeep\n|turn|2\n|\n|t:|1775968351\n|move|p2b: Farigiraf|Protect|p2b: Farigiraf\n|-singleturn|p2b: Farigiraf|Protect\n|move|p1a: Zoroark|Night Daze|p2a: Orthworm\n|-damage|p2a: Orthworm|39/100\n|-unboost|p2a: Orthworm|accuracy|1\n|-enditem|p2a: Orthworm|Sitrus Berry|[eat]\n|-heal|p2a: Orthworm|64/100|[from] item: Sitrus Berry\n|move|p1b: Politoed|Muddy Water|p2a: Orthworm|[spread] p2a\n|-activate|p2b: Farigiraf|move: Protect\n|-damage|p2a: Orthworm|21/100\n|move|p2a: Orthworm|Body Press|p1a: Zoroark\n|-supereffective|p1a: Zoroark|1\n|-damage|p1a: Zoroark|0 fnt\n|faint|p1a: Zoroark\n|\n|-weather|RainDance|[upkeep]\n|upkeep\n|\n|t:|1775968356\n|switch|p1a: Avalugg|Avalugg-Hisui, L50, F|100/100\n|turn|3\n|-activate|p1a: Avalugg|item: Quick Claw\n|\n|t:|1775968380\n|switch|p2a: Froslass|Froslass, L50, F, shiny|100/100\n|move|p1a: Avalugg|Mountain Gale|p2b: Farigiraf|[miss]\n|-miss|p1a: Avalugg|p2b: Farigiraf\n|move|p1b: Politoed|Muddy Water|p2a: Froslass|[spread] p2b\n|-miss|p1b: Politoed|p2a: Froslass\n|-damage|p2b: Farigiraf|4/100\n|-unboost|p2b: Farigiraf|accuracy|1\n|move|p2b: Farigiraf|Psychic|p1b: Politoed\n|-damage|p1b: Politoed|61/100\n|\n|-weather|RainDance|[upkeep]\n|upkeep\n|turn|4\n|inactive|Treeckoguy1 has 30 seconds left.\n|inactive|HappyNico has 30 seconds left.\n|\n|t:|1775968408\n|switch|p2b: Orthworm|Orthworm, L50, M|21/100\n|detailschange|p2a: Froslass|Froslass-Mega, L50, F, shiny\n|-mega|p2a: Froslass|Froslass|Froslassite\n|-weather|Snowscape|[from] ability: Snow Warning|[of] p2a: Froslass\n|move|p1b: Politoed|Helping Hand|p1a: Avalugg\n|-singleturn|p1a: Avalugg|Helping Hand|[of] p1b: Politoed\n|move|p2a: Froslass|Blizzard|p1b: Politoed|[spread] p1a,p1b\n|-resisted|p1a: Avalugg|1\n|-resisted|p1b: Politoed|1\n|-damage|p1a: Avalugg|53/100\n|-damage|p1b: Politoed|40/100\n|-enditem|p1b: Politoed|Sitrus Berry|[eat]\n|-heal|p1b: Politoed|64/100|[from] item: Sitrus Berry\n|move|p1a: Avalugg|Rock Slide|p2a: Froslass|[spread] p2a,p2b\n|-supereffective|p2a: Froslass|1\n|-resisted|p2b: Orthworm|1\n|-damage|p2a: Froslass|0 fnt\n|-damage|p2b: Orthworm|6/100\n|faint|p2a: Froslass\n|\n|-weather|Snowscape|[upkeep]\n|upkeep\n|\n|t:|1775968424\n|switch|p2a: Chandelure|Chandelure, L50, M, shiny|100/100\n|turn|5\n|\n|t:|1775968434\n|move|p1a: Avalugg|Wide Guard|p1a: Avalugg\n|-singleturn|p1a: Avalugg|Wide Guard\n|move|p2a: Chandelure|Energy Ball|p1b: Politoed\n|-supereffective|p1b: Politoed|1\n|-damage|p1b: Politoed|0 fnt\n|faint|p1b: Politoed\n|move|p2b: Orthworm|Body Press|p1a: Avalugg\n|-supereffective|p1a: Avalugg|2\n|-damage|p1a: Avalugg|2/100\n|\n|-weather|Snowscape|[upkeep]\n|upkeep\n|\n|t:|1775968439\n|switch|p1b: Mimikyu|Mimikyu, L50, M|100/100\n|turn|6\n|-activate|p1a: Avalugg|item: Quick Claw\n|\n|t:|1775968461\n|move|p1b: Mimikyu|Shadow Sneak|p2b: Orthworm\n|-damage|p2b: Orthworm|0 fnt\n|faint|p2b: Orthworm\n|move|p1a: Avalugg|Rock Slide|p2a: Chandelure\n|-supereffective|p2a: Chandelure|1\n|-damage|p2a: Chandelure|0 fnt\n|faint|p2a: Chandelure\n|\n|-weather|Snowscape|[upkeep]\n|upkeep\n|-message|HappyNico forfeited.\n|\n|win|Treeckoguy1\n|raw|Treeckoguy1's rating: 1084 &rarr; <strong>1109</strong><br />(+25 for winning)\n|raw|HappyNico's rating: 1052 &rarr; <strong>1036</strong><br />(-16 for losing)\n|l|\u2606HappyNico\n|player|p2|\n",
  "uploadtime": 1775968583,
  "views": 33,
  "formatid": "gen9championsvgc2026regma",
  "rating": 1036,
  "private": 0,
  "password": null
}