{
  "id": "gen9championsvgc2026regma-2587666458",
  "format": "[Gen 9 Champions] VGC 2026 Reg M-A",
  "players": [
    "El Gingero",
    "shadowelrac"
  ],
  "log": "|j|\u2606El Gingero\n|j|\u2606shadowelrac\n|t:|1776551902\n|gametype|doubles\n|player|p1|El Gingero|gentleman-gen4|1103\n|player|p2|shadowelrac|hugh|1083\n|gen|9\n|tier|[Gen 9 Champions] VGC 2026 Reg M-A\n|rated|\n|rule|Species Clause: Limit one of each Pok\u00e9mon\n|rule|Item Clause: Limit 1 of each item\n|clearpoke\n|poke|p1|Charizard, L50, F|\n|poke|p1|Heliolisk, L50, M|\n|poke|p1|Golurk, L50, shiny|\n|poke|p1|Whimsicott, L50, F|\n|poke|p1|Empoleon, L50, F|\n|poke|p1|Farigiraf, L50, F|\n|poke|p2|Chesnaught, L50, M|\n|poke|p2|Florges, L50, F|\n|poke|p2|Incineroar, L50, M|\n|poke|p2|Armarouge, L50, M|\n|poke|p2|Farigiraf, L50, F|\n|poke|p2|Goodra-Hisui, L50, F|\n|teampreview|4\nEl Gingero rejected open team sheets.\n|inactive|Battle timer is ON: inactive players will automatically lose when time's up. (requested by El Gingero)\n|inactive|El Gingero has 60 seconds left.\n|inactive|shadowelrac has 60 seconds left.\n|inactive|shadowelrac has 30 seconds left.\n|inactive|shadowelrac has 20 seconds left.\n|\n|t:|1776551985\n|teamsize|p1|4\n|teamsize|p2|4\n|start\n|switch|p1a: Empoleon|Empoleon, L50, F|100/100\n|switch|p1b: Farigiraf|Farigiraf, L50, F|100/100\n|switch|p2a: Armarouge|Armarouge, L50, M|100/100\n|switch|p2b: Incineroar|Incineroar, L50, M|100/100\n|-ability|p2b: Incineroar|Intimidate|boost\n|-unboost|p1a: Empoleon|atk|1\n|-ability|p1a: Empoleon|Competitive|boost\n|-boost|p1a: Empoleon|spa|2\n|-unboost|p1b: Farigiraf|atk|1\n|turn|1\n|inactive|El Gingero has 30 seconds left.\n|inactive|shadowelrac has 30 seconds left.\n|inactive|El Gingero has 20 seconds left.\n|inactive|El Gingero has 15 seconds left.\n|inactive|El Gingero has 10 seconds left.\n|inactive|El Gingero has 5 seconds left.\n|\n|t:|1776552037\n|switch|p2a: Goodra|Goodra-Hisui, L50, F|100/100\n|move|p1a: Empoleon|Protect|p1a: Empoleon\n|-singleturn|p1a: Empoleon|Protect\n|move|p2b: Incineroar|Parting Shot|p1b: Farigiraf\n|-unboost|p1b: Farigiraf|atk|1\n|-unboost|p1b: Farigiraf|spa|1\n|inactive|shadowelrac has 30 seconds left.\n|\n|t:|1776552067\n|switch|p2b: Chesnaught|Chesnaught, L50, M|100/100|[from] Parting Shot\n|move|p1b: Farigiraf|Trick Room|p1b: Farigiraf\n|-fieldstart|move: Trick Room|[of] p1b: Farigiraf\n|\n|upkeep\n|turn|2\n|inactive|El Gingero has 30 seconds left.\n|inactive|shadowelrac has 30 seconds left.\n|inactive|El Gingero has 20 seconds left.\n|inactive|shadowelrac has 20 seconds left.\n|inactive|shadowelrac has 15 seconds left.\n|\n|t:|1776552112\n|detailschange|p2b: Chesnaught|Chesnaught-Mega, L50, M\n|-mega|p2b: Chesnaught|Chesnaught|Chesnaughtite\n|move|p2b: Chesnaught|Bulk Up|p2b: Chesnaught\n|-boost|p2b: Chesnaught|atk|1\n|-boost|p2b: Chesnaught|def|1\n|move|p1a: Empoleon|Ice Beam|p2a: Goodra\n|-damage|p2a: Goodra|56/100\n|move|p2a: Goodra|Flash Cannon|p1b: Farigiraf\n|-damage|p1b: Farigiraf|54/100\n|move|p1b: Farigiraf|Psychic|p2b: Chesnaught\n|-supereffective|p2b: Chesnaught|1\n|-damage|p2b: Chesnaught|53/100\n|\n|-heal|p1b: Farigiraf|60/100|[from] item: Leftovers\n|upkeep\n|turn|3\n|\n|t:|1776552132\n|move|p2b: Chesnaught|Drain Punch|p1b: Farigiraf\n|-damage|p1b: Farigiraf|9/100\n|-heal|p2b: Chesnaught|84/100|[from] drain|[of] p1b: Farigiraf\n|move|p1a: Empoleon|Ice Beam|p2b: Chesnaught\n|-supereffective|p2b: Chesnaught|1\n|-damage|p2b: Chesnaught|0 fnt\n|faint|p2b: Chesnaught\n|move|p1b: Farigiraf|Psychic|p2a: Goodra\n|-resisted|p2a: Goodra|1\n|-damage|p2a: Goodra|46/100\n|move|p2a: Goodra|Flash Cannon|p1b: Farigiraf\n|-damage|p1b: Farigiraf|0 fnt\n|faint|p1b: Farigiraf\n|\n|upkeep\n|\n|t:|1776552145\n|switch|p2b: Armarouge|Armarouge, L50, M|100/100\n|switch|p1b: Iron Giant|Golurk, L50, shiny|100/100\n|turn|4\n|inactive|El Gingero has 30 seconds left.\n|\n|t:|1776552172\n|switch|p2b: Incineroar|Incineroar, L50, M|100/100\n|-ability|p2b: Incineroar|Intimidate|boost\n|-unboost|p1a: Empoleon|atk|1\n|-ability|p1a: Empoleon|Competitive|boost\n|-boost|p1a: Empoleon|spa|2\n|-unboost|p1b: Iron Giant|atk|1\n|detailschange|p1b: Iron Giant|Golurk-Mega, L50, shiny\n|-mega|p1b: Iron Giant|Golurk|Golurkite\n|move|p1b: Iron Giant|Protect|p1b: Iron Giant\n|-singleturn|p1b: Iron Giant|Protect\n|move|p2a: Goodra|Hydro Pump|p1b: Iron Giant\n|-activate|p1b: Iron Giant|move: Protect\n|move|p1a: Empoleon|Ice Beam|p2a: Goodra\n|-damage|p2a: Goodra|0 fnt\n|faint|p2a: Goodra\n|\n|upkeep\n|\n|t:|1776552188\n|switch|p2a: Armarouge|Armarouge, L50, M|100/100\n|turn|5\n|\n|t:|1776552208\n|move|p2b: Incineroar|Fake Out|p1a: Empoleon\n|-resisted|p1a: Empoleon|1\n|-damage|p1a: Empoleon|93/100\n|move|p1b: Iron Giant|Phantom Force||[still]\n|-prepare|p1b: Iron Giant|Phantom Force\n|cant|p1a: Empoleon|flinch\n|move|p2a: Armarouge|Armor Cannon|p1b: Iron Giant|[miss]\n|-miss|p2a: Armarouge|p1b: Iron Giant\n|\n|-fieldend|move: Trick Room\n|upkeep\n|turn|6\n|inactive|El Gingero has 30 seconds left.\n|\n|t:|1776552234\n|move|p2a: Armarouge|Armor Cannon|p1a: Empoleon\n|-crit|p1a: Empoleon\n|-damage|p1a: Empoleon|5/100\n|-unboost|p2a: Armarouge|def|1\n|-unboost|p2a: Armarouge|spd|1\n|move|p2b: Incineroar|Flare Blitz|p1a: Empoleon\n|-damage|p1a: Empoleon|0 fnt\n|faint|p1a: Empoleon\n|-damage|p2b: Incineroar|99/100|[from] Recoil\n|move|p1b: Iron Giant|Phantom Force|p2a: Armarouge|[from] lockedmove\n|-supereffective|p2a: Armarouge|1\n|-damage|p2a: Armarouge|0 fnt\n|faint|p2a: Armarouge\n|\n|upkeep\n|\n|t:|1776552246\n|switch|p1a: Whimsicott|Whimsicott, L50, F|100/100\n|turn|7\n|\n|t:|1776552260\n|move|p1a: Whimsicott|Tailwind|p1a: Whimsicott\n|-sidestart|p1: El Gingero|move: Tailwind\n|move|p1b: Iron Giant|High Horsepower|p2b: Incineroar\n|-supereffective|p2b: Incineroar|1\n|-damage|p2b: Incineroar|31/100\n|-enditem|p2b: Incineroar|Sitrus Berry|[eat]\n|-heal|p2b: Incineroar|55/100|[from] item: Sitrus Berry\n|move|p2b: Incineroar|Flare Blitz|p1a: Whimsicott\n|-supereffective|p1a: Whimsicott|1\n|-enditem|p1a: Whimsicott|Focus Sash\n|-damage|p1a: Whimsicott|1/100\n|-status|p1a: Whimsicott|brn\n|-damage|p2b: Incineroar|34/100|[from] Recoil\n|\n|-damage|p1a: Whimsicott|0 fnt|[from] brn\n|faint|p1a: Whimsicott\n|upkeep\n|turn|8\n|\n|t:|1776552279\n|move|p1b: Iron Giant|Earthquake|p2b: Incineroar\n|-supereffective|p2b: Incineroar|1\n|-damage|p2b: Incineroar|0 fnt\n|faint|p2b: Incineroar\n|\n|win|El Gingero\n|raw|El Gingero's rating: 1103 &rarr; <strong>1127</strong><br />(+24 for winning)\n|raw|shadowelrac's rating: 1083 &rarr; <strong>1062</strong><br />(-21 for losing)\n|l|\u2606shadowelrac\n|player|p2|\n",
  "uploadtime": 1776552283,
  "views": 13,
  "formatid": "gen9championsvgc2026regma",
  "rating": 1062,
  "private": 0,
  "password": null
}