{
  "id": "gen9championsvgc2026regma-2584983389",
  "format": "[Gen 9 Champions] VGC 2026 Reg M-A",
  "players": [
    "TheSmartFella",
    "DGENERAT"
  ],
  "log": "|j|\u2606TheSmartFella\n|j|\u2606DGENERAT\n|t:|1776300521\n|gametype|doubles\n|player|p1|TheSmartFella|265|1137\n|player|p2|DGENERAT|guzma|1218\n|gen|9\n|tier|[Gen 9 Champions] VGC 2026 Reg M-A\n|rated|\n|rule|Species Clause: Limit one of each Pok\u00e9mon\n|rule|Item Clause: Limit 1 of each item\n|clearpoke\n|poke|p1|Meganium, L50, M|\n|poke|p1|Pelipper, L50, F|\n|poke|p1|Archaludon, L50, F|\n|poke|p1|Incineroar, L50, M|\n|poke|p1|Basculegion, L50, M|\n|poke|p1|Gallade, L50, M|\n|poke|p2|Drampa, L50, M|\n|poke|p2|Sinistcha-Masterpiece, L50|\n|poke|p2|Incineroar, L50, F|\n|poke|p2|Farigiraf, L50, F|\n|poke|p2|Sneasler, L50, M|\n|poke|p2|Empoleon, L50, M|\n|teampreview|4\n|inactive|Battle timer is ON: inactive players will automatically lose when time's up. (requested by DGENERAT)\n|\n|t:|1776300546\n|teamsize|p1|4\n|teamsize|p2|4\n|start\n|switch|p1a: Pelipper|Pelipper, L50, F|100/100\n|switch|p1b: Incineroar|Incineroar, L50, M|100/100\n|switch|p2a: Drampa|Drampa, L50, M, shiny|100/100\n|switch|p2b: Farigiraf|Farigiraf, L50, F|100/100\n|-weather|RainDance|[from] ability: Drizzle|[of] p1a: Pelipper\n|-ability|p1b: Incineroar|Intimidate|boost\n|-unboost|p2a: Drampa|atk|1\n|-unboost|p2b: Farigiraf|atk|1\n|-ability|p2a: Drampa|Cloud Nine\n|turn|1\n|inactive|TheSmartFella has 30 seconds left.\n|\n|t:|1776300575\n|switch|p2a: Empoleon|Empoleon, L50, M, shiny|100/100\n|move|p1a: Pelipper|Tailwind|p1a: Pelipper\n|-sidestart|p1: TheSmartFella|move: Tailwind\n|move|p1b: Incineroar|Parting Shot|p2a: Empoleon\n|-unboost|p2a: Empoleon|atk|1\n|-ability|p2a: Empoleon|Competitive|boost\n|-boost|p2a: Empoleon|spa|2\n|-unboost|p2a: Empoleon|spa|1\n|-ability|p2a: Empoleon|Competitive|boost\n|-boost|p2a: Empoleon|spa|2\n|\n|t:|1776300592\n|switch|p1b: Meganium|Meganium, L50, M|100/100|[from] Parting Shot\n|move|p2b: Farigiraf|Trick Room|p2b: Farigiraf\n|-fieldstart|move: Trick Room|[of] p2b: Farigiraf\n|\n|-weather|RainDance|[upkeep]\n|upkeep\n|turn|2\n|inactive|TheSmartFella has 30 seconds left.\n|inactive|TheSmartFella has 20 seconds left.\n|\n|t:|1776300629\n|switch|p1a: Incineroar|Incineroar, L50, M|100/100\n|-ability|p1a: Incineroar|Intimidate|boost\n|-unboost|p2a: Empoleon|atk|1\n|-ability|p2a: Empoleon|Competitive|boost\n|-boost|p2a: Empoleon|spa|2\n|-unboost|p2b: Farigiraf|atk|1\n|detailschange|p1b: Meganium|Meganium-Mega, L50, M\n|-mega|p1b: Meganium|Meganium|Meganiumite\n|move|p2b: Farigiraf|Ally Switch|p2b: Farigiraf\n|swap|p2b: Farigiraf|0|[from] move: Ally Switch\n|move|p2b: Empoleon|Ice Beam|p1a: Incineroar\n|-resisted|p1a: Incineroar|1\n|-damage|p1a: Incineroar|59/100\n|move|p1b: Meganium|Solar Beam||[still]\n|-prepare|p1b: Meganium|Solar Beam\n|-activate|p1b: Meganium|ability: Mega Sol\n|-anim|p1b: Meganium|Solar Beam|p2a: Farigiraf\n|-damage|p2a: Farigiraf|26/100\n|\n|-weather|RainDance|[upkeep]\n|upkeep\n|turn|3\n|inactive|TheSmartFella has 30 seconds left.\n|inactive|TheSmartFella has 20 seconds left.\n|\n|t:|1776300667\n|move|p2a: Farigiraf|Helping Hand|p2b: Empoleon\n|-singleturn|p2b: Empoleon|Helping Hand|[of] p2a: Farigiraf\n|move|p2b: Empoleon|Flash Cannon|p1b: Meganium\n|-supereffective|p1b: Meganium|1\n|-damage|p1b: Meganium|0 fnt\n|faint|p1b: Meganium\n|move|p1a: Incineroar|Darkest Lariat|p2a: Farigiraf\n|-supereffective|p2a: Farigiraf|1\n|-damage|p2a: Farigiraf|0 fnt\n|faint|p2a: Farigiraf\n|\n|-weather|RainDance|[upkeep]\n|upkeep\n|\n|t:|1776300678\n|switch|p2a: Drampa|Drampa, L50, M, shiny|100/100\n|switch|p1b: Archaludon|Archaludon, L50, F|100/100\n|-ability|p2a: Drampa|Cloud Nine\n|turn|4\n|inactive|TheSmartFella has 30 seconds left.\n|\n|t:|1776300708\n|detailschange|p2a: Drampa|Drampa-Mega, L50, M, shiny\n|-mega|p2a: Drampa|Drampa|Drampanite\n|move|p1a: Incineroar|Fake Out||[still]\n|-hint|Fake Out only works on your first turn out.\n|-fail|p1a: Incineroar\n|move|p2a: Drampa|Hyper Voice|p1a: Incineroar|[spread] p1a,p1b\n|-resisted|p1b: Archaludon|1\n|-damage|p1a: Incineroar|23/100\n|-damage|p1b: Archaludon|72/100\n|-enditem|p1a: Incineroar|Sitrus Berry|[eat]\n|-heal|p1a: Incineroar|48/100|[from] item: Sitrus Berry\n|move|p2b: Empoleon|Ice Beam|p1b: Archaludon\n|-damage|p1b: Archaludon|0 fnt\n|faint|p1b: Archaludon\n|\n|-weather|RainDance|[upkeep]\n|-sideend|p1: TheSmartFella|move: Tailwind\n|upkeep\n|\n|t:|1776300721\n|switch|p1b: Pelipper|Pelipper, L50, F|100/100\n|turn|5\n|inactive|TheSmartFella has 30 seconds left.\n|\n|t:|1776300749\n|move|p2a: Drampa|Hyper Voice|p1a: Incineroar|[spread] p1a,p1b\n|-damage|p1a: Incineroar|16/100\n|-damage|p1b: Pelipper|26/100\n|move|p2b: Empoleon|Flash Cannon|p1a: Incineroar\n|-resisted|p1a: Incineroar|1\n|-damage|p1a: Incineroar|0 fnt\n|faint|p1a: Incineroar\n|move|p1b: Pelipper|Hurricane|p2a: Drampa\n|-damage|p2a: Drampa|59/100\n|\n|-weather|none\n|-fieldend|move: Trick Room\n|upkeep\n|turn|6\n|\n|t:|1776300761\n|move|p2a: Drampa|Protect|p2a: Drampa\n|-singleturn|p2a: Drampa|Protect\n|move|p1b: Pelipper|Hurricane|p2a: Drampa\n|-activate|p2a: Drampa|move: Protect\n|move|p2b: Empoleon|Flash Cannon|p1b: Pelipper\n|-resisted|p1b: Pelipper|1\n|-damage|p1b: Pelipper|0 fnt\n|faint|p1b: Pelipper\n|\n|win|DGENERAT\n|raw|TheSmartFella's rating: 1137 &rarr; <strong>1116</strong><br />(-21 for losing)\n|raw|DGENERAT's rating: 1188 &rarr; <strong>1209</strong><br />(+21 for winning)\n|l|\u2606TheSmartFella\n|player|p1|\n",
  "uploadtime": 1776300778,
  "views": 31,
  "formatid": "gen9championsvgc2026regma",
  "rating": 1116,
  "private": 0,
  "password": null
}