{
  "id": "gen9championsvgc2026regma-2583964176",
  "format": "[Gen 9 Champions] VGC 2026 Reg M-A",
  "players": [
    "comrade cats",
    "The_AG_Is_Real"
  ],
  "log": "|j|\u2606comrade cats\n|j|\u2606The_AG_Is_Real\n|t:|1776212343\n|gametype|doubles\n|player|p1|comrade cats|unknown|1173\n|player|p2|The_AG_Is_Real|rika|1245\n|gen|9\n|tier|[Gen 9 Champions] VGC 2026 Reg M-A\n|rated|\n|rule|Species Clause: Limit one of each Pok\u00e9mon\n|rule|Item Clause: Limit 1 of each item\n|clearpoke\n|poke|p1|Maushold, L50|\n|poke|p1|Kingambit, L50, M|\n|poke|p1|Gengar, L50, M|\n|poke|p1|Sneasler, L50, F|\n|poke|p1|Incineroar, L50, F|\n|poke|p1|Weavile, L50, F|\n|poke|p2|Clefable, L50, M|\n|poke|p2|Incineroar, L50, F|\n|poke|p2|Kingambit, L50, M|\n|poke|p2|Sneasler, L50, M|\n|poke|p2|Kommo-o, L50, M|\n|poke|p2|Delphox, L50, M|\n|teampreview|4\n|inactive|Battle timer is ON: inactive players will automatically lose when time's up. (requested by The_AG_Is_Real)\n|inactive|comrade cats also wants the timer to be on.\n|inactive|The_AG_Is_Real has 60 seconds left.\n|\n|t:|1776212402\n|teamsize|p1|4\n|teamsize|p2|4\n|start\n|switch|p1a: Gengar|Gengar, L50, M|100/100\n|switch|p1b: Incineroar|Incineroar, L50, F|100/100\n|switch|p2a: Kommo-o|Kommo-o, L50, M|100/100\n|switch|p2b: Kingambit|Kingambit, L50, M|100/100\n|-ability|p1b: Incineroar|Intimidate|boost\n|-unboost|p2a: Kommo-o|atk|1\n|-unboost|p2b: Kingambit|atk|1\n|-ability|p2b: Kingambit|Defiant|boost\n|-boost|p2b: Kingambit|atk|2\n|turn|1\n|\n|t:|1776212417\n|detailschange|p1a: Gengar|Gengar-Mega, L50, M\n|-mega|p1a: Gengar|Gengar|Gengarite\n|move|p1b: Incineroar|Fake Out|p2b: Kingambit\n|-resisted|p2b: Kingambit|1\n|-damage|p2b: Kingambit|97/100\n|move|p1a: Gengar|Perish Song|p1a: Gengar\n|-start|p1a: Gengar|perish3|[silent]\n|-start|p1b: Incineroar|perish3|[silent]\n|-start|p2a: Kommo-o|perish3|[silent]\n|-start|p2b: Kingambit|perish3|[silent]\n|-fieldactivate|move: Perish Song\n|move|p2a: Kommo-o|Clangorous Soul|p2a: Kommo-o\n|-boost|p2a: Kommo-o|atk|1\n|-boost|p2a: Kommo-o|def|1\n|-boost|p2a: Kommo-o|spa|1\n|-boost|p2a: Kommo-o|spd|1\n|-boost|p2a: Kommo-o|spe|1\n|-damage|p2a: Kommo-o|68/100\n|cant|p2b: Kingambit|flinch\n|\n|-heal|p2a: Kommo-o|74/100|[from] item: Leftovers\n|-start|p1a: Gengar|perish3\n|-start|p2a: Kommo-o|perish3\n|-start|p1b: Incineroar|perish3\n|-start|p2b: Kingambit|perish3\n|upkeep\n|turn|2\n|\n|t:|1776212436\n|move|p1a: Gengar|Protect|p1a: Gengar\n|-singleturn|p1a: Gengar|Protect\n|move|p1b: Incineroar|Protect|p1b: Incineroar\n|-singleturn|p1b: Incineroar|Protect\n|move|p2a: Kommo-o|Aura Sphere|p1b: Incineroar\n|-activate|p1b: Incineroar|move: Protect\n|move|p2b: Kingambit|Kowtow Cleave|p1b: Incineroar\n|-activate|p1b: Incineroar|move: Protect\n|\n|-heal|p2a: Kommo-o|80/100|[from] item: Leftovers\n|-start|p1a: Gengar|perish2\n|-start|p2a: Kommo-o|perish2\n|-start|p1b: Incineroar|perish2\n|-start|p2b: Kingambit|perish2\n|upkeep\n|turn|3\n|\n|t:|1776212461\n|switch|p1a: Maushold|Maushold, L50|100/100\n|move|p2a: Kommo-o|Clanging Scales|p1a: Maushold|[spread] p1a,p1b\n|-damage|p1a: Maushold|40/100\n|-damage|p1b: Incineroar|70/100\n|-unboost|p2a: Kommo-o|def|1\n|move|p1b: Incineroar|Parting Shot|p2a: Kommo-o\n|-unboost|p2a: Kommo-o|atk|1\n|-unboost|p2a: Kommo-o|spa|1\n|\n|t:|1776212474\n|switch|p1b: Gengar|Gengar-Mega, L50, M|100/100|[from] Parting Shot\n|move|p2b: Kingambit|Kowtow Cleave|p1a: Maushold\n|-damage|p1a: Maushold|0 fnt\n|faint|p1a: Maushold\n|\n|-heal|p2a: Kommo-o|87/100|[from] item: Leftovers\n|-start|p2a: Kommo-o|perish1\n|-start|p2b: Kingambit|perish1\n|upkeep\n|\n|t:|1776212486\n|switch|p1a: Incineroar|Incineroar, L50, F|70/100\n|-ability|p1a: Incineroar|Intimidate|boost\n|-unboost|p2a: Kommo-o|atk|1\n|-unboost|p2b: Kingambit|atk|1\n|-ability|p2b: Kingambit|Defiant|boost\n|-boost|p2b: Kingambit|atk|2\n|turn|4\n|\n|t:|1776212493\n|move|p1b: Gengar|Protect|p1b: Gengar\n|-singleturn|p1b: Gengar|Protect\n|move|p1a: Incineroar|Protect|p1a: Incineroar\n|-singleturn|p1a: Incineroar|Protect\n|move|p2a: Kommo-o|Clanging Scales|p1a: Incineroar|[spread] \n|-activate|p1a: Incineroar|move: Protect\n|-activate|p1b: Gengar|move: Protect\n|move|p2b: Kingambit|Kowtow Cleave|p1b: Gengar\n|-activate|p1b: Gengar|move: Protect\n|\n|-heal|p2a: Kommo-o|93/100|[from] item: Leftovers\n|-start|p2a: Kommo-o|perish0\n|-start|p2b: Kingambit|perish0\n|faint|p2a: Kommo-o\n|faint|p2b: Kingambit\n|upkeep\n|\n|t:|1776212496\n|switch|p2a: Incineroar|Incineroar, L50, F|100/100\n|switch|p2b: Sneasler|Sneasler, L50, M|100/100\n|-ability|p2a: Incineroar|Intimidate|boost\n|-unboost|p1a: Incineroar|atk|1\n|-unboost|p1b: Gengar|atk|1\n|turn|5\n|\n|t:|1776212519\n|move|p1a: Incineroar|Protect||[still]\n|-fail|p1a: Incineroar\n|move|p1b: Gengar|Perish Song|p1b: Gengar\n|-start|p1a: Incineroar|perish3|[silent]\n|-start|p1b: Gengar|perish3|[silent]\n|-start|p2a: Incineroar|perish3|[silent]\n|-start|p2b: Sneasler|perish3|[silent]\n|-fieldactivate|move: Perish Song\n|move|p2b: Sneasler|Dire Claw|p1b: Gengar\n|-resisted|p1b: Gengar|2\n|-damage|p1b: Gengar|83/100\n|-status|p1b: Gengar|slp\n|move|p2a: Incineroar|Throat Chop|p1b: Gengar\n|-supereffective|p1b: Gengar|1\n|-damage|p1b: Gengar|0 fnt\n|faint|p1b: Gengar\n|\n|-start|p2b: Sneasler|perish3\n|-start|p2a: Incineroar|perish3\n|-start|p1a: Incineroar|perish3\n|upkeep\n|\n|t:|1776212534\n|switch|p1b: Sneasler|Sneasler, L50, F|100/100\n|turn|6\n|\n|t:|1776212549\n|move|p1b: Sneasler|Fake Out|p2b: Sneasler\n|-damage|p2b: Sneasler|76/100\n|cant|p2b: Sneasler|flinch\n|move|p2a: Incineroar|Flare Blitz|p1b: Sneasler\n|-damage|p1b: Sneasler|25/100\n|-damage|p2a: Incineroar|81/100|[from] Recoil\n|move|p1a: Incineroar|Darkest Lariat|p2a: Incineroar\n|-resisted|p2a: Incineroar|1\n|-damage|p2a: Incineroar|70/100\n|\n|-start|p2b: Sneasler|perish2\n|-start|p2a: Incineroar|perish2\n|-start|p1a: Incineroar|perish2\n|upkeep\n|turn|7\n|\n|t:|1776212571\n|move|p1a: Incineroar|Protect|p1a: Incineroar\n|-singleturn|p1a: Incineroar|Protect\n|move|p1b: Sneasler|Acrobatics|p2b: Sneasler\n|-supereffective|p2b: Sneasler|1\n|-damage|p2b: Sneasler|13/100\n|move|p2b: Sneasler|Close Combat|p1a: Incineroar\n|-activate|p1a: Incineroar|move: Protect\n|move|p2a: Incineroar|Flare Blitz|p1b: Sneasler\n|-damage|p1b: Sneasler|0 fnt\n|faint|p1b: Sneasler\n|-damage|p2a: Incineroar|64/100|[from] Recoil\n|\n|-start|p2b: Sneasler|perish1\n|-start|p2a: Incineroar|perish1\n|-start|p1a: Incineroar|perish1\n|upkeep\n|turn|8\n|\n|t:|1776212587\n|move|p1a: Incineroar|Protect|p1a: Incineroar\n|-singleturn|p1a: Incineroar|Protect\n|move|p2b: Sneasler|Close Combat|p1a: Incineroar\n|-activate|p1a: Incineroar|move: Protect\n|move|p2a: Incineroar|Flare Blitz|p1a: Incineroar\n|-activate|p1a: Incineroar|move: Protect\n|\n|-start|p2b: Sneasler|perish0\n|-start|p2a: Incineroar|perish0\n|-start|p1a: Incineroar|perish0\n|faint|p2b: Sneasler\n|faint|p2a: Incineroar\n|faint|p1a: Incineroar\n|\n|win|comrade cats\n|raw|comrade cats's rating: 1173 &rarr; <strong>1203</strong><br />(+30 for winning)\n|raw|The_AG_Is_Real's rating: 1245 &rarr; <strong>1215</strong><br />(-30 for losing)\n",
  "uploadtime": 1776212587,
  "views": 20,
  "formatid": "gen9championsvgc2026regma",
  "rating": 1203,
  "private": 0,
  "password": null
}