{
  "id": "gen9championsvgc2026regma-2589436614",
  "format": "[Gen 9 Champions] VGC 2026 Reg M-A",
  "players": [
    "zzzzzegarra",
    "sgafas"
  ],
  "log": "|j|\u2606zzzzzegarra\n|j|\u2606sgafas\n|t:|1776722827\n|gametype|doubles\n|player|p1|zzzzzegarra|1|1115\n|player|p2|sgafas|hilbert-wonderlauncher|1031\n|gen|9\n|tier|[Gen 9 Champions] VGC 2026 Reg M-A\n|rated|\n|rule|Species Clause: Limit one of each Pok\u00e9mon\n|rule|Item Clause: Limit 1 of each item\n|clearpoke\n|poke|p1|Gengar, L50, M|\n|poke|p1|Sableye, L50, M, shiny|\n|poke|p1|Gyarados, L50, M, shiny|\n|poke|p1|Dragonite, L50, M, shiny|\n|poke|p1|Absol, L50, M|\n|poke|p1|Aggron, L50, M|\n|poke|p2|Tyranitar, L50, F|\n|poke|p2|Garchomp, L50, M|\n|poke|p2|Sinistcha, L50|\n|poke|p2|Incineroar, L50, F|\n|poke|p2|Corviknight, L50, M|\n|poke|p2|Rotom-Wash, L50|\n|teampreview|4\nzzzzzegarra rejected open team sheets.\n|\n|t:|1776722845\n|teamsize|p1|4\n|teamsize|p2|4\n|start\n|switch|p1a: Gengar|Gengar, L50, M|100/100\n|switch|p1b: Sableye|Sableye, L50, M, shiny|100/100\n|switch|p2a: Incineroar|Incineroar, L50, F|100/100\n|switch|p2b: Rotom|Rotom-Wash, L50|100/100\n|-ability|p2a: Incineroar|Intimidate|boost\n|-unboost|p1a: Gengar|atk|1\n|-unboost|p1b: Sableye|atk|1\n|turn|1\n|\n|t:|1776722854\n|move|p1b: Sableye|Gravity|p1b: Sableye\n|-fieldstart|move: Gravity\n|move|p1a: Gengar|Hypnosis|p2a: Incineroar\n|-status|p2a: Incineroar|slp|[from] move: Hypnosis\n|move|p2b: Rotom|Electroweb|p1a: Gengar|[spread] p1a,p1b\n|-damage|p1a: Gengar|76/100\n|-damage|p1b: Sableye|75/100\n|-unboost|p1a: Gengar|spe|1\n|-unboost|p1b: Sableye|spe|1\n|-start|p2b: Rotom|Disable|Electroweb|[from] ability: Cursed Body|[of] p1a: Gengar\n|cant|p2a: Incineroar|slp\n|\n|upkeep\n|turn|2\n|inactive|Battle timer is ON: inactive players will automatically lose when time's up. (requested by sgafas)\n|inactive|zzzzzegarra has 60 seconds left.\n|\n|t:|1776722933\n|switch|p1b: Gyarados|Gyarados, L50, M, shiny|100/100\n|-ability|p1b: Gyarados|Intimidate|boost\n|-unboost|p2a: Incineroar|atk|1\n|-unboost|p2b: Rotom|atk|1\n|move|p1a: Gengar|Hypnosis|p2b: Rotom\n|-status|p2b: Rotom|slp|[from] move: Hypnosis\n|cant|p2b: Rotom|slp\n|cant|p2a: Incineroar|slp\n|\n|upkeep\n|turn|3\n|\n|t:|1776722954\n|move|p1b: Gyarados|Waterfall|p2a: Incineroar\n|-supereffective|p2a: Incineroar|1\n|-damage|p2a: Incineroar|24/100 slp\n|-enditem|p2a: Incineroar|Sitrus Berry|[eat]\n|-heal|p2a: Incineroar|49/100 slp|[from] item: Sitrus Berry\n|move|p1a: Gengar|Hex|p2b: Rotom\n|-damage|p2b: Rotom|42/100 slp\n|cant|p2b: Rotom|slp\n|-curestatus|p2a: Incineroar|slp|[msg]\n|cant|p2a: Incineroar|flinch\n|\n|upkeep\n|turn|4\n|\n|t:|1776722974\n|move|p1b: Gyarados|Waterfall|p2a: Incineroar\n|-supereffective|p2a: Incineroar|1\n|-damage|p2a: Incineroar|0 fnt\n|faint|p2a: Incineroar\n|move|p1a: Gengar|Hex|p2b: Rotom\n|-damage|p2b: Rotom|0 fnt\n|faint|p2b: Rotom\n|\n|upkeep\n|n|\u2606sgafas|sgafas\n|\n|t:|1776722993\n|switch|p2b: Garchomp|Garchomp, L50, M|100/100\n|switch|p2a: Tyranitar|Tyranitar, L50, F|100/100\n|-weather|Sandstorm|[from] ability: Sand Stream|[of] p2a: Tyranitar\n|turn|5\n|\n|t:|1776723013\n|move|p2a: Tyranitar|Protect|p2a: Tyranitar\n|-singleturn|p2a: Tyranitar|Protect\n|move|p1b: Gyarados|Waterfall|p2a: Tyranitar\n|-activate|p2a: Tyranitar|move: Protect\n|move|p2b: Garchomp|Earthquake|p1b: Gyarados|[spread] p1a,p1b\n|-activate|p2a: Tyranitar|move: Protect\n|-supereffective|p1a: Gengar|1\n|-damage|p1a: Gengar|0 fnt\n|-damage|p1b: Gyarados|48/100\n|faint|p1a: Gengar\n|\n|-weather|Sandstorm|[upkeep]\n|-damage|p1b: Gyarados|42/100|[from] Sandstorm\n|-fieldend|move: Gravity\n|upkeep\n|\n|t:|1776723035\n|switch|p1a: Sableye|Sableye, L50, M, shiny|75/100\n|turn|6\n|\n|t:|1776723055\n|move|p1a: Sableye|Helping Hand|p1b: Gyarados\n|-singleturn|p1b: Gyarados|Helping Hand|[of] p1a: Sableye\n|move|p1b: Gyarados|Waterfall|p2a: Tyranitar\n|-supereffective|p2a: Tyranitar|1\n|-damage|p2a: Tyranitar|0 fnt\n|faint|p2a: Tyranitar\n|move|p2b: Garchomp|Dragon Claw|p1a: Sableye\n|-damage|p1a: Sableye|18/100\n|-enditem|p1a: Sableye|Sitrus Berry|[eat]\n|-heal|p1a: Sableye|42/100|[from] item: Sitrus Berry\n|\n|-weather|Sandstorm|[upkeep]\n|-damage|p1b: Gyarados|36/100|[from] Sandstorm\n|-damage|p1a: Sableye|37/100|[from] Sandstorm\n|upkeep\n|turn|7\n|c|\u2606sgafas|que gordo puto que sos\n|\n|t:|1776723071\n|move|p1a: Sableye|Helping Hand|p1b: Gyarados\n|-singleturn|p1b: Gyarados|Helping Hand|[of] p1a: Sableye\n|move|p1b: Gyarados|Waterfall|p2b: Garchomp\n|-damage|p2b: Garchomp|32/100\n|move|p2b: Garchomp|Rock Slide|p1b: Gyarados|[spread] p1a,p1b\n|-supereffective|p1b: Gyarados|1\n|-damage|p1a: Sableye|9/100\n|-damage|p1b: Gyarados|0 fnt\n|faint|p1b: Gyarados\n|\n|-weather|Sandstorm|[upkeep]\n|-damage|p1a: Sableye|4/100|[from] Sandstorm\n|upkeep\n|c|\u2606zzzzzegarra|jajajaja\n|c|\u2606zzzzzegarra|te cague boludo\n|\n|t:|1776723083\n|switch|p1b: Dragonite|Dragonite, L50, M, shiny|100/100\n|turn|8\n|c|\u2606sgafas|JAGHSDJHAGFDJHSAGFDAS\n|c|\u2606sgafas|JODEME QUE HABLAS ESPA\u00d1OL BLD\n|c|\u2606sgafas|Perdon pense q eras un gringo\n|c|\u2606zzzzzegarra|Si me ganas en velocidad\n|c|\u2606zzzzzegarra|Ganas el match\n|c|\u2606sgafas|na\n|c|\u2606sgafas|gg\n|inactive|zzzzzegarra has 30 seconds left.\n|inactive|zzzzzegarra has 20 seconds left.\n|inactive|zzzzzegarra has 15 seconds left.\n|inactive|zzzzzegarra has 10 seconds left.\n|\n|t:|1776723130\n|detailschange|p1b: Dragonite|Dragonite-Mega, L50, M, shiny\n|-mega|p1b: Dragonite|Dragonite|Dragoninite\n|move|p1a: Sableye|Quash|p2b: Garchomp\n|-activate|p2b: Garchomp|move: Quash\n|move|p1b: Dragonite|Hurricane|p2b: Garchomp|[miss]\n|-miss|p1b: Dragonite|p2b: Garchomp\n|move|p2b: Garchomp|Dragon Claw|p1b: Dragonite\n|-supereffective|p1b: Dragonite|1\n|-damage|p1b: Dragonite|61/100\n|\n|-weather|Sandstorm|[upkeep]\n|-damage|p1b: Dragonite|55/100|[from] Sandstorm\n|-damage|p1a: Sableye|0 fnt|[from] Sandstorm\n|faint|p1a: Sableye\n|upkeep\n|turn|9\n|\n|t:|1776723145\n|move|p1b: Dragonite|Extreme Speed|p2b: Garchomp|[miss]\n|-miss|p1b: Dragonite|p2b: Garchomp\n|move|p2b: Garchomp|Dragon Claw|p1b: Dragonite\n|-supereffective|p1b: Dragonite|1\n|-damage|p1b: Dragonite|0 fnt\n|faint|p1b: Dragonite\n|\n|win|sgafas\n|raw|zzzzzegarra's rating: 1115 &rarr; <strong>1084</strong><br />(-31 for losing)\n|raw|sgafas's rating: 1031 &rarr; <strong>1075</strong><br />(+44 for winning)\n|l|\u2606zzzzzegarra\n|player|p1|\n",
  "uploadtime": 1776723068,
  "views": 7,
  "formatid": "gen9championsvgc2026regma",
  "rating": 1075,
  "private": 0,
  "password": null
}