{
  "id": "gen9championsvgc2026regma-2586803680",
  "format": "[Gen 9 Champions] VGC 2026 Reg M-A",
  "players": [
    "jesucris",
    "Aiden4115"
  ],
  "log": "|j|\u2606jesucris\n|j|\u2606Aiden4115\n|t:|1776461206\n|gametype|doubles\n|player|p1|jesucris|cynthia|1000\n|player|p2|Aiden4115|101|1024\n|gen|9\n|tier|[Gen 9 Champions] VGC 2026 Reg M-A\n|rated|\n|rule|Species Clause: Limit one of each Pok\u00e9mon\n|rule|Item Clause: Limit 1 of each item\n|clearpoke\n|poke|p1|Dragonite, L50, F|\n|poke|p1|Pelipper, L50, F|\n|poke|p1|Basculegion, L50, M|\n|poke|p1|Sneasler, L50, F|\n|poke|p1|Sinistcha-Masterpiece, L50|\n|poke|p1|Archaludon, L50, F|\n|poke|p2|Diggersby, L50, M|\n|poke|p2|Sinistcha, L50|\n|poke|p2|Aggron, L50, F|\n|poke|p2|Talonflame, L50, M|\n|poke|p2|Corviknight, L50, M|\n|poke|p2|Delphox, L50, M|\n|teampreview|4\n|inactive|Battle timer is ON: inactive players will automatically lose when time's up. (requested by Aiden4115)\njesucris has agreed to open team sheets.\n|inactive|Aiden4115 has 60 seconds left.\n|\n|t:|1776461283\n|teamsize|p1|4\n|teamsize|p2|4\n|start\n|switch|p1a: Dragonite|Dragonite, L50, F|100/100\n|switch|p1b: Pelipper|Pelipper, L50, F|100/100\n|switch|p2a: Diggersby|Diggersby, L50, M|100/100\n|switch|p2b: Aggron|Aggron, L50, F|100/100\n|-weather|RainDance|[from] ability: Drizzle|[of] p1b: Pelipper\n|turn|1\n|inactive|jesucris has 30 seconds left.\n|\n|t:|1776461309\n|detailschange|p2b: Aggron|Aggron-Mega, L50, F\n|-mega|p2b: Aggron|Aggron|Aggronite\n|move|p1b: Pelipper|Wide Guard|p1b: Pelipper\n|-singleturn|p1b: Pelipper|Wide Guard\n|move|p2a: Diggersby|Rock Slide|p1a: Dragonite|[spread] \n|-activate|p1a: Dragonite|move: Wide Guard\n|-activate|p1b: Pelipper|move: Wide Guard\n|move|p1a: Dragonite|Tailwind|p1a: Dragonite\n|-sidestart|p1: jesucris|move: Tailwind\n|move|p2b: Aggron|Rock Slide|p1a: Dragonite|[spread] \n|-activate|p1a: Dragonite|move: Wide Guard\n|-activate|p1b: Pelipper|move: Wide Guard\n|\n|-weather|RainDance|[upkeep]\n|upkeep\n|turn|2\n|inactive|jesucris has 30 seconds left.\n|inactive|Aiden4115 has 30 seconds left.\n|\n|t:|1776461346\n|switch|p1a: Sneasler|Sneasler, L50, F|100/100\n|move|p1b: Pelipper|Weather Ball|p2a: Diggersby\n|-supereffective|p2a: Diggersby|1\n|-damage|p2a: Diggersby|0 fnt\n|faint|p2a: Diggersby\n|move|p2b: Aggron|Heavy Slam|p1a: Sneasler\n|-damage|p1a: Sneasler|0 fnt\n|faint|p1a: Sneasler\n|\n|-weather|RainDance|[upkeep]\n|upkeep\n|\n|t:|1776461359\n|switch|p1a: Basculegion|Basculegion, L50, M, shiny|100/100\n|switch|p2a: Sinistcha|Sinistcha, L50|100/100\n|turn|3\n|\n|t:|1776461376\n|move|p1b: Pelipper|Wide Guard|p1b: Pelipper\n|-singleturn|p1b: Pelipper|Wide Guard\n|move|p1a: Basculegion|Phantom Force||[still]\n|-prepare|p1a: Basculegion|Phantom Force\n|move|p2a: Sinistcha|Strength Sap|p1a: Basculegion|[miss]\n|-miss|p2a: Sinistcha|p1a: Basculegion\n|move|p2b: Aggron|Rock Slide|p1a: Basculegion|[spread] \n|-miss|p2b: Aggron|p1a: Basculegion\n|-activate|p1b: Pelipper|move: Wide Guard\n|\n|-weather|RainDance|[upkeep]\n|upkeep\n|turn|4\n|\n|t:|1776461396\n|switch|p2a: Corviknight|Corviknight, L50, M|100/100\n|move|p1a: Basculegion|Phantom Force|p2a: Corviknight|[from] lockedmove\n|-damage|p2a: Corviknight|69/100\n|move|p1b: Pelipper|Weather Ball|p2b: Aggron\n|-damage|p2b: Aggron|12/100\n|move|p2b: Aggron|Rock Slide|p1b: Pelipper|[spread] p1a,p1b\n|-supereffective|p1b: Pelipper|1\n|-damage|p1a: Basculegion|80/100\n|-damage|p1b: Pelipper|52/100\n|\n|-weather|RainDance|[upkeep]\n|-heal|p2a: Corviknight|75/100|[from] item: Leftovers\n|-sideend|p1: jesucris|move: Tailwind\n|upkeep\n|turn|5\n|\n|t:|1776461425\n|switch|p2b: Sinistcha|Sinistcha, L50|100/100\n|-heal|p2a: Corviknight|99/100|[from] ability: Hospitality|[of] p2b: Sinistcha\n|move|p1b: Pelipper|Wide Guard|p1b: Pelipper\n|-singleturn|p1b: Pelipper|Wide Guard\n|move|p1a: Basculegion|Aqua Jet|p2b: Sinistcha\n|-resisted|p2b: Sinistcha|1\n|-damage|p2b: Sinistcha|83/100\n|move|p2a: Corviknight|Tailwind|p2a: Corviknight\n|-sidestart|p2: Aiden4115|move: Tailwind\n|\n|-weather|none\n|-heal|p2a: Corviknight|100/100|[from] item: Leftovers\n|upkeep\n|turn|6\n|\n|t:|1776461444\n|switch|p1a: Dragonite|Dragonite, L50, F|100/100\n|move|p1b: Pelipper|Wide Guard|p1b: Pelipper\n|-singleturn|p1b: Pelipper|Wide Guard\n|move|p2b: Sinistcha|Matcha Gotcha|p1b: Pelipper|[spread] \n|-activate|p1a: Dragonite|move: Wide Guard\n|-activate|p1b: Pelipper|move: Wide Guard\n|move|p2a: Corviknight|Iron Defense|p2a: Corviknight\n|-boost|p2a: Corviknight|def|2\n|\n|upkeep\n|turn|7\n|inactive|jesucris has 30 seconds left.\n|inactive|Aiden4115 has 30 seconds left.\n|inactive|Aiden4115 has 20 seconds left.\n|inactive|Aiden4115 has 15 seconds left.\n|\n|t:|1776461487\n|detailschange|p1a: Dragonite|Dragonite-Mega, L50, F\n|-mega|p1a: Dragonite|Dragonite|Dragoninite\n|move|p1b: Pelipper|Wide Guard|p1b: Pelipper\n|-singleturn|p1b: Pelipper|Wide Guard\n|move|p2b: Sinistcha|Shadow Ball|p1a: Dragonite\n|-damage|p1a: Dragonite|86/100\n|move|p2a: Corviknight|Brave Bird|p1a: Dragonite\n|-damage|p1a: Dragonite|49/100\n|-damage|p2a: Corviknight|88/100|[from] Recoil\n|move|p1a: Dragonite|Tailwind|p1a: Dragonite\n|-sidestart|p1: jesucris|move: Tailwind\n|\n|-heal|p2a: Corviknight|94/100|[from] item: Leftovers\n|upkeep\n|turn|8\n|inactive|jesucris has 30 seconds left.\n|inactive|Aiden4115 has 30 seconds left.\n|\n|t:|1776461515\n|switch|p1b: Basculegion|Basculegion, L50, M, shiny|80/100\n|move|p2b: Sinistcha|Rage Powder|p2b: Sinistcha\n|-singleturn|p2b: Sinistcha|move: Rage Powder\n|move|p1a: Dragonite|Dragon Pulse|p2b: Sinistcha\n|-crit|p2b: Sinistcha\n|-damage|p2b: Sinistcha|15/100\n|-enditem|p2b: Sinistcha|Sitrus Berry|[eat]\n|-heal|p2b: Sinistcha|40/100|[from] item: Sitrus Berry\n|move|p2a: Corviknight|Brave Bird|p1a: Dragonite\n|-damage|p1a: Dragonite|12/100\n|-damage|p2a: Corviknight|83/100|[from] Recoil\n|\n|-heal|p2a: Corviknight|88/100|[from] item: Leftovers\n|-sideend|p2: Aiden4115|move: Tailwind\n|upkeep\n|turn|9\n|inactive|Aiden4115 has 30 seconds left.\n|inactive|Aiden4115 has 20 seconds left.\n|\n|t:|1776461559\n|switch|p1b: Pelipper|Pelipper, L50, F|52/100\n|-weather|RainDance|[from] ability: Drizzle|[of] p1b: Pelipper\n|move|p1a: Dragonite|Protect|p1a: Dragonite\n|-singleturn|p1a: Dragonite|Protect\n|move|p2b: Sinistcha|Shadow Ball|p1b: Pelipper\n|-damage|p1b: Pelipper|0 fnt\n|faint|p1b: Pelipper\n|move|p2a: Corviknight|Body Press|p1a: Dragonite\n|-activate|p1a: Dragonite|move: Protect\n|\n|-weather|RainDance|[upkeep]\n|-heal|p2a: Corviknight|94/100|[from] item: Leftovers\n|upkeep\n|\n|t:|1776461573\n|switch|p1b: Basculegion|Basculegion, L50, M, shiny|80/100\n|turn|10\n|\n|t:|1776461590\n|move|p2b: Sinistcha|Rage Powder|p2b: Sinistcha\n|-singleturn|p2b: Sinistcha|move: Rage Powder\n|move|p1b: Basculegion|Wave Crash|p2b: Sinistcha\n|-resisted|p2b: Sinistcha|1\n|-damage|p2b: Sinistcha|0 fnt\n|faint|p2b: Sinistcha\n|-damage|p1b: Basculegion|69/100|[from] Recoil\n|move|p1a: Dragonite|Hurricane|p2a: Corviknight\n|-resisted|p2a: Corviknight|1\n|-damage|p2a: Corviknight|64/100\n|move|p2a: Corviknight|Body Press|p1a: Dragonite\n|-resisted|p1a: Dragonite|1\n|-damage|p1a: Dragonite|0 fnt\n|faint|p1a: Dragonite\n|\n|-weather|RainDance|[upkeep]\n|-heal|p2a: Corviknight|70/100|[from] item: Leftovers\n|-sideend|p1: jesucris|move: Tailwind\n|upkeep\n|\n|t:|1776461608\n|switch|p2b: Aggron|Aggron-Mega, L50, F|12/100\n|turn|11\n|\n|t:|1776461632\n|move|p1b: Basculegion|Aqua Jet|p2b: Aggron\n|-damage|p2b: Aggron|0 fnt\n|faint|p2b: Aggron\n|move|p2a: Corviknight|Brave Bird|p1b: Basculegion\n|-damage|p1b: Basculegion|24/100\n|-damage|p2a: Corviknight|54/100|[from] Recoil\n|\n|-weather|RainDance|[upkeep]\n|-heal|p2a: Corviknight|59/100|[from] item: Leftovers\n|upkeep\n|turn|12\n|\n|t:|1776461650\n|move|p1b: Basculegion|Wave Crash|p2a: Corviknight\n|-damage|p2a: Corviknight|18/100\n|-damage|p1b: Basculegion|12/100|[from] Recoil\n|move|p2a: Corviknight|Brave Bird|p1b: Basculegion\n|-damage|p1b: Basculegion|0 fnt\n|faint|p1b: Basculegion\n|-damage|p2a: Corviknight|14/100|[from] Recoil\n|\n|win|Aiden4115\n|raw|jesucris's rating: 1000 &rarr; <strong>1000</strong><br />(+0 for losing)\n|raw|Aiden4115's rating: 1024 &rarr; <strong>1058</strong><br />(+34 for winning)\n|l|\u2606jesucris\n|player|p1|\n",
  "uploadtime": 1776461670,
  "views": 38,
  "formatid": "gen9championsvgc2026regma",
  "rating": 1000,
  "private": 0,
  "password": null
}