{
  "id": "gen9championsvgc2026regma-2584520683",
  "format": "[Gen 9 Champions] VGC 2026 Reg M-A",
  "players": [
    "aceac3",
    "melon storme"
  ],
  "log": "|j|\u2606aceac3\n|j|\u2606melon storme\n|t:|1776266283\n|gametype|doubles\n|player|p1|aceac3|riley|1083\n|player|p2|melon storme|kieran-festival|1067\n|gen|9\n|tier|[Gen 9 Champions] VGC 2026 Reg M-A\n|rated|\n|rule|Species Clause: Limit one of each Pok\u00e9mon\n|rule|Item Clause: Limit 1 of each item\n|clearpoke\n|poke|p1|Ditto, L50|\n|poke|p1|Floette-Eternal, L50, F|\n|poke|p1|Goodra-Hisui, L50, F|\n|poke|p1|Kommo-o, L50, M|\n|poke|p1|Whimsicott, L50, F|\n|poke|p1|Simipour, L50, F|\n|poke|p2|Floette-Eternal, L50, F|\n|poke|p2|Espathra, L50, F|\n|poke|p2|Sinistcha, L50|\n|poke|p2|Incineroar, L50, M|\n|poke|p2|Gallade, L50, M|\n|poke|p2|Palafin, L50, F|\n|teampreview|4\n|\n|t:|1776266312\n|teamsize|p1|4\n|teamsize|p2|4\n|start\n|switch|p1a: Kommo-o|Kommo-o, L50, M|100/100\n|switch|p1b: Floette|Floette-Eternal, L50, F|100/100\n|switch|p2a: Incineroar|Incineroar, L50, M|100/100\n|switch|p2b: Espathra|Espathra, L50, F|100/100\n|-ability|p2a: Incineroar|Intimidate|boost\n|-unboost|p1a: Kommo-o|atk|1\n|-unboost|p1b: Floette|atk|1\n|turn|1\n|\n|t:|1776266333\n|detailschange|p1b: Floette|Floette-Mega, L50, F\n|-mega|p1b: Floette|Floette|Floettite\n|-ability|p1b: Floette|Fairy Aura\n|move|p2a: Incineroar|Fake Out|p1b: Floette\n|-damage|p1b: Floette|86/100\n|move|p2b: Espathra|Lumina Crash|p1a: Kommo-o\n|-supereffective|p1a: Kommo-o|1\n|-damage|p1a: Kommo-o|3/100\n|-unboost|p1a: Kommo-o|spd|2\n|cant|p1b: Floette|flinch\n|move|p1a: Kommo-o|Drain Punch|p2a: Incineroar\n|-supereffective|p2a: Incineroar|1\n|-enditem|p2a: Incineroar|Chople Berry|[eat]\n|-enditem|p2a: Incineroar|Chople Berry|[weaken]\n|-damage|p2a: Incineroar|80/100\n|-heal|p1a: Kommo-o|16/100|[from] drain|[of] p2a: Incineroar\n|\n|-ability|p2b: Espathra|Speed Boost|boost\n|-boost|p2b: Espathra|spe|1\n|upkeep\n|turn|2\n|\n|t:|1776266358\n|move|p2b: Espathra|Dazzling Gleam|p1a: Kommo-o|[spread] p1a,p1b\n|-supereffective|p1a: Kommo-o|2\n|-damage|p1a: Kommo-o|0 fnt\n|-damage|p1b: Floette|68/100\n|faint|p1a: Kommo-o\n|move|p1b: Floette|Dazzling Gleam|p2b: Espathra|[spread] p2a,p2b\n|-damage|p2a: Incineroar|34/100\n|-damage|p2b: Espathra|17/100\n|move|p2a: Incineroar|Parting Shot|p1b: Floette\n|-unboost|p1b: Floette|atk|1\n|-unboost|p1b: Floette|spa|1\n|\n|t:|1776266367\n|switch|p2a: Floette|Floette-Eternal, L50, F|100/100|[from] Parting Shot\n|\n|-ability|p2b: Espathra|Speed Boost|boost\n|-boost|p2b: Espathra|spe|1\n|upkeep\n|\n|t:|1776266374\n|switch|p1a: Goodra|Goodra-Hisui, L50, F|100/100\n|turn|3\n|\n|t:|1776266383\n|detailschange|p2a: Floette|Floette-Mega, L50, F\n|-mega|p2a: Floette|Floette|Floettite\n|-ability|p2a: Floette|Fairy Aura\n|move|p2b: Espathra|Skill Swap|p2a: Floette\n|-activate|p2b: Espathra|Skill Swap|||[of] p2a: Floette\n|-ability|p2b: Espathra|Fairy Aura\n|move|p2a: Floette|Calm Mind|p2a: Floette\n|-boost|p2a: Floette|spa|1\n|-boost|p2a: Floette|spd|1\n|move|p1b: Floette|Dazzling Gleam|p2a: Floette|[spread] p2a,p2b\n|-damage|p2a: Floette|81/100\n|-damage|p2b: Espathra|0 fnt\n|faint|p2b: Espathra\n|move|p1a: Goodra|Flash Cannon|p2a: Floette\n|-supereffective|p2a: Floette|1\n|-damage|p2a: Floette|44/100\n|\n|-ability|p2a: Floette|Speed Boost|boost\n|-boost|p2a: Floette|spe|1\n|upkeep\n|\n|t:|1776266397\n|switch|p2b: Palafin|Palafin, L50, F|100/100\n|turn|4\n|\n|t:|1776266406\n|detailschange|p2b: Palafin|Palafin-Hero, L50, F\n|switch|p2b: Incineroar|Incineroar, L50, M|34/100\n|-ability|p2b: Incineroar|Intimidate|boost\n|-unboost|p1a: Goodra|atk|1\n|-unboost|p1b: Floette|atk|1\n|move|p2a: Floette|Protect|p2a: Floette\n|-singleturn|p2a: Floette|Protect\n|move|p1b: Floette|Dazzling Gleam|p2a: Floette|[spread] p2b\n|-activate|p2a: Floette|move: Protect\n|-damage|p2b: Incineroar|1/100\n|move|p1a: Goodra|Thunderbolt|p2b: Incineroar\n|-damage|p2b: Incineroar|0 fnt\n|faint|p2b: Incineroar\n|\n|-ability|p2a: Floette|Speed Boost|boost\n|-boost|p2a: Floette|spe|1\n|upkeep\n|\n|t:|1776266418\n|switch|p2b: Palafin|Palafin-Hero, L50, F|100/100\n|-activate|p2b: Palafin|ability: Zero to Hero\n|turn|5\n|\n|t:|1776266435\n|move|p2a: Floette|Dazzling Gleam|p1b: Floette|[spread] p1a,p1b\n|-damage|p1a: Goodra|60/100\n|-damage|p1b: Floette|25/100\n|move|p2b: Palafin|Drain Punch|p1a: Goodra\n|-supereffective|p1a: Goodra|1\n|-damage|p1a: Goodra|0 fnt\n|faint|p1a: Goodra\n|move|p1b: Floette|Light of Ruin|p2a: Floette\n|-damage|p2a: Floette|4/100\n|-damage|p1b: Floette|4/100|[from] Recoil\n|\n|-ability|p2a: Floette|Speed Boost|boost\n|-boost|p2a: Floette|spe|1\n|upkeep\n|\n|t:|1776266447\n|switch|p1a: Ditto|Ditto, L50|100/100\n|-transform|p1a: Ditto|p2b: Palafin|[from] ability: Imposter\n|turn|6\n|\n|t:|1776266459\n|move|p2a: Floette|Protect|p2a: Floette\n|-singleturn|p2a: Floette|Protect\n|move|p2b: Palafin|Jet Punch|p1b: Floette\n|-damage|p1b: Floette|0 fnt\n|faint|p1b: Floette\n|move|p1a: Ditto|Jet Punch|p2a: Floette\n|-activate|p2a: Floette|move: Protect\n|\n|-ability|p2a: Floette|Speed Boost|boost\n|-boost|p2a: Floette|spe|1\n|upkeep\n|turn|7\n|\n|t:|1776266470\n|move|p1a: Ditto|Jet Punch|p2a: Floette\n|-damage|p2a: Floette|0 fnt\n|faint|p2a: Floette\n|move|p2b: Palafin|Drain Punch|p1a: Ditto\n|-damage|p1a: Ditto|67/100\n|\n|upkeep\n|turn|8\n|\n|t:|1776266485\n|move|p2b: Palafin|Wave Crash|p1a: Ditto\n|-resisted|p1a: Ditto|1\n|-damage|p1a: Ditto|19/100\n|-damage|p2b: Palafin|87/100|[from] Recoil\n|move|p1a: Ditto|Drain Punch|p2b: Palafin\n|-damage|p2b: Palafin|61/100\n|-heal|p1a: Ditto|33/100|[from] drain|[of] p2b: Palafin\n|\n|upkeep\n|turn|9\n|\n|t:|1776266503\n|move|p1a: Ditto|Jet Punch|p2b: Palafin\n|-resisted|p2b: Palafin|1\n|-damage|p2b: Palafin|44/100\n|move|p2b: Palafin|Drain Punch|p1a: Ditto\n|-crit|p1a: Ditto\n|-damage|p1a: Ditto|0 fnt\n|-heal|p2b: Palafin|59/100|[from] drain|[of] p1a: Ditto\n|faint|p1a: Ditto\n|\n|win|melon storme\n|raw|aceac3's rating: 1083 &rarr; <strong>1062</strong><br />(-21 for losing)\n|raw|melon storme's rating: 1104 &rarr; <strong>1127</strong><br />(+23 for winning)\n|c|\u2606melon storme|ggs\n|l|\u2606aceac3\n|player|p1|\n",
  "uploadtime": 1776266513,
  "views": 24,
  "formatid": "gen9championsvgc2026regma",
  "rating": 1062,
  "private": 0,
  "password": null
}