{
  "id": "gen9championsvgc2026regma-2588301457",
  "format": "[Gen 9 Champions] VGC 2026 Reg M-A",
  "players": [
    "138mysx",
    "Hitmonjon"
  ],
  "log": "|j|\u2606138mysx\n|j|\u2606Hitmonjon\n|html|<table width=\"100%\"><tr><td align=\"left\">138mysx</td><td align=\"right\">Hitmonjon</tr><tr><td align=\"left\"><i class=\"fa fa-circle-o\"></i> <i class=\"fa fa-circle-o\"></i> </td><td align=\"right\"><i class=\"fa fa-circle-o\"></i> <i class=\"fa fa-circle-o\"></i> </tr></table>\n|uhtml|bestof|<h2><strong>Game 1</strong> of <a href=\"/game-bestof3-gen9championsvgc2026regma-2588301456\">a best-of-3</a></h2>\n|t:|1776622300\n|gametype|doubles\n|player|p1|138mysx|2|\n|player|p2|Hitmonjon|170|\n|gen|9\n|tier|[Gen 9 Champions] VGC 2026 Reg M-A\n|rated|Tournament battle\n|rule|Species Clause: Limit one of each Pok\u00e9mon\n|rule|Item Clause: Limit 1 of each item\n|raw|<div class=\"infobox\"><details class=\"readmore\" open><summary><strong>1 custom rule:</strong></summary> Best of = 3</details></div>\n|clearpoke\n|poke|p1|Garchomp, L50, F, shiny|\n|poke|p1|Gardevoir, L50, F, shiny|\n|poke|p1|Charizard, L50, M, shiny|\n|poke|p1|Milotic, L50, M|\n|poke|p1|Corviknight, L50, F, shiny|\n|poke|p1|Meowscarada, L50, F|\n|poke|p2|Scovillain, L50, M|\n|poke|p2|Palafin, L50, F|\n|poke|p2|Rotom-Heat, L50|\n|poke|p2|Garchomp, L50, M|\n|poke|p2|Gardevoir, L50, F|\n|poke|p2|Kingambit, L50, F|\n|teampreview|4\n|j| mysticmarshtomp\n|c|\u2606Hitmonjon|gl hf\n|c|\u2606138mysx|Glhf\n|j| BaelorStark\n|j| mynamegrassgreen\n|j| lSuis\n|l| mynamegrassgreen\n|j| mynamegrassgreen\n|\n|t:|1776622400\n|teamsize|p1|4\n|teamsize|p2|4\n|start\n|switch|p1a: Gardevoir|Gardevoir, L50, F, shiny|100/100\n|switch|p1b: Charizard|Charizard, L50, M, shiny|100/100\n|switch|p2a: Scovillain|Scovillain, L50, M|100/100\n|switch|p2b: Kingambit|Kingambit, L50, F|100/100\n|turn|1\n|\n|t:|1776622429\n|switch|p1a: Milotic|Milotic, L50, M|100/100\n|detailschange|p1b: Charizard|Charizard-Mega-Y, L50, M, shiny\n|-mega|p1b: Charizard|Charizard|Charizardite Y\n|-weather|SunnyDay|[from] ability: Drought|[of] p1b: Charizard\n|detailschange|p2a: Scovillain|Scovillain-Mega, L50, M\n|-mega|p2a: Scovillain|Scovillain|Scovillainite\n|move|p2b: Kingambit|Protect|p2b: Kingambit\n|-singleturn|p2b: Kingambit|Protect\n|move|p1b: Charizard|Weather Ball|p2a: Scovillain\n|-damage|p2a: Scovillain|0 fnt\n|-immune|p1b: Charizard\n|faint|p2a: Scovillain\n|\n|-weather|SunnyDay|[upkeep]\n|upkeep\n|\n|t:|1776622446\n|switch|p2a: Rotom|Rotom-Heat, L50|100/100\n|turn|2\n|j| DiegoPKMNtrainer\n|\n|t:|1776622463\n|switch|p2b: Garchomp|Garchomp, L50, M|100/100\n|move|p1b: Charizard|Protect|p1b: Charizard\n|-singleturn|p1b: Charizard|Protect\n|move|p2a: Rotom|Volt Switch|p1b: Charizard\n|-activate|p1b: Charizard|move: Protect\n|move|p1a: Milotic|Scald|p2a: Rotom\n|-supereffective|p2a: Rotom|1\n|-damage|p2a: Rotom|76/100\n|\n|-weather|SunnyDay|[upkeep]\n|upkeep\n|turn|3\n|l| DiegoPKMNtrainer\n|\n|t:|1776622505\n|switch|p1b: Garchomp|Garchomp, L50, F, shiny|100/100\n|move|p1a: Milotic|Protect|p1a: Milotic\n|-singleturn|p1a: Milotic|Protect\n|move|p2b: Garchomp|Dragon Claw|p1a: Milotic\n|-activate|p1a: Milotic|move: Protect\n|move|p2a: Rotom|Thunderbolt|p1a: Milotic\n|-activate|p1a: Milotic|move: Protect\n|\n|-weather|SunnyDay|[upkeep]\n|upkeep\n|turn|4\n|j| FBISurveillanceMan\n|j| benniOVYalt\n|\n|t:|1776622573\n|move|p1b: Garchomp|Rock Slide|p2a: Rotom|[spread] p2a,p2b\n|-supereffective|p2a: Rotom|1\n|-resisted|p2b: Garchomp|1\n|-damage|p2a: Rotom|32/100\n|-damage|p2b: Garchomp|90/100\n|-enditem|p2a: Rotom|Sitrus Berry|[eat]\n|-heal|p2a: Rotom|57/100|[from] item: Sitrus Berry\n|move|p2b: Garchomp|Dragon Claw|p1a: Milotic\n|-damage|p1a: Milotic|60/100\n|cant|p2a: Rotom|flinch\n|move|p1a: Milotic|Ice Beam|p2b: Garchomp\n|-supereffective|p2b: Garchomp|2\n|-damage|p2b: Garchomp|2/100\n|\n|-weather|SunnyDay|[upkeep]\n|upkeep\n|turn|5\n|j| porygon-epilepz\n|j| anderoid\n|\n|t:|1776622597\n|switch|p2b: Kingambit|Kingambit, L50, F|100/100\n|move|p1b: Garchomp|Rock Slide|p2b: Kingambit|[spread] p2a\n|-miss|p1b: Garchomp|p2b: Kingambit\n|-supereffective|p2a: Rotom|1\n|-damage|p2a: Rotom|16/100\n|move|p2a: Rotom|Thunderbolt|p1a: Milotic\n|-supereffective|p1a: Milotic|1\n|-damage|p1a: Milotic|13/100\n|-enditem|p1a: Milotic|Sitrus Berry|[eat]\n|-heal|p1a: Milotic|38/100|[from] item: Sitrus Berry\n|move|p1a: Milotic|Recover|p1a: Milotic\n|-heal|p1a: Milotic|88/100\n|\n|-weather|none\n|upkeep\n|turn|6\n|c|\u2606Hitmonjon|gg wp\n|j|@radio free c-side\n|\n|t:|1776622626\n|move|p1b: Garchomp|Rock Slide|p2b: Kingambit|[spread] p2b\n|-miss|p1b: Garchomp|p2a: Rotom\n|-resisted|p2b: Kingambit|1\n|-damage|p2b: Kingambit|93/100\n|move|p2a: Rotom|Thunderbolt|p1a: Milotic\n|-supereffective|p1a: Milotic|1\n|-damage|p1a: Milotic|38/100\n|move|p1a: Milotic|Scald|p2b: Kingambit\n|-damage|p2b: Kingambit|65/100\n|cant|p2b: Kingambit|flinch\n|\n|upkeep\n|turn|7\n|j| Dr.Bejan\n|l|@radio free c-side\n|c|\u2606138mysx|Omg i feel bad\n|c|\u2606138mysx|Trash rng\n|c|\u2606Hitmonjon|it happens!\n|\n|t:|1776622661\n|move|p2a: Rotom|Protect|p2a: Rotom\n|-singleturn|p2a: Rotom|Protect\n|move|p1a: Milotic|Protect|p1a: Milotic\n|-singleturn|p1a: Milotic|Protect\n|move|p1b: Garchomp|Earthquake|p2a: Rotom|[spread] p2b\n|-activate|p1a: Milotic|move: Protect\n|-activate|p2a: Rotom|move: Protect\n|-supereffective|p2b: Kingambit|1\n|-damage|p2b: Kingambit|12/100\n|move|p2b: Kingambit|Swords Dance|p2b: Kingambit\n|-boost|p2b: Kingambit|atk|2\n|\n|upkeep\n|turn|8\n|j|@radio free c-side\n|\n|t:|1776622677\n|move|p2b: Kingambit|Sucker Punch|p1b: Garchomp\n|-damage|p1b: Garchomp|0 fnt\n|-damage|p2b: Kingambit|0 fnt|[from] ability: Rough Skin|[of] p1b: Garchomp\n|faint|p1b: Garchomp\n|faint|p2b: Kingambit\n|move|p2a: Rotom|Thunderbolt|p1a: Milotic\n|-supereffective|p1a: Milotic|1\n|-damage|p1a: Milotic|0 fnt\n|faint|p1a: Milotic\n|\n|upkeep\n|\n|t:|1776622681\n|switch|p1b: Charizard|Charizard-Mega-Y, L50, M, shiny|100/100\n|switch|p1a: Gardevoir|Gardevoir, L50, F, shiny|100/100\n|switch|p2b: Garchomp|Garchomp, L50, M|2/100\n|-weather|SunnyDay|[from] ability: Drought|[of] p1b: Charizard\n|turn|9\n|\n|t:|1776622698\n|move|p1b: Charizard|Protect|p1b: Charizard\n|-singleturn|p1b: Charizard|Protect\n|move|p1a: Gardevoir|Dazzling Gleam|p2a: Rotom|[spread] p2a,p2b\n|-resisted|p2a: Rotom|1\n|-supereffective|p2b: Garchomp|1\n|-damage|p2a: Rotom|2/100\n|-damage|p2b: Garchomp|0 fnt\n|faint|p2b: Garchomp\n|move|p2a: Rotom|Thunderbolt|p1b: Charizard\n|-activate|p1b: Charizard|move: Protect\n|\n|-weather|SunnyDay|[upkeep]\n|upkeep\n|turn|10\n|j| Rolling Stonedge\n|\n|t:|1776622705\n|move|p1a: Gardevoir|Dazzling Gleam|p2a: Rotom\n|-resisted|p2a: Rotom|1\n|-damage|p2a: Rotom|0 fnt\n|faint|p2a: Rotom\n|\n|win|138mysx\n",
  "uploadtime": 1776622579,
  "views": 9,
  "formatid": "gen9championsvgc2026regma",
  "rating": null,
  "private": 0,
  "password": null
}