{
  "id": "gen9championsvgc2026regma-2586869638",
  "format": "[Gen 9 Champions] VGC 2026 Reg M-A",
  "players": [
    "mrguy888",
    "dnkfcr"
  ],
  "log": "|j|\u2606mrguy888\n|j|\u2606dnkfcr\n|t:|1776466981\n|gametype|doubles\n|player|p1|mrguy888|noland-gen3|1353\n|player|p2|dnkfcr|drayden|1361\n|gen|9\n|tier|[Gen 9 Champions] VGC 2026 Reg M-A\n|rated|\n|rule|Species Clause: Limit one of each Pok\u00e9mon\n|rule|Item Clause: Limit 1 of each item\n|clearpoke\n|poke|p1|Floette-Eternal, L50, F|\n|poke|p1|Aerodactyl, L50, F|\n|poke|p1|Tauros-Paldea-Aqua, L50, M|\n|poke|p1|Kangaskhan, L50, F|\n|poke|p1|Rotom-Heat, L50|\n|poke|p1|Aegislash, L50, F|\n|poke|p2|Blastoise, L50, M|\n|poke|p2|Incineroar, L50, M|\n|poke|p2|Sneasler, L50, M|\n|poke|p2|Sinistcha-Masterpiece, L50|\n|poke|p2|Aegislash, L50, F|\n|poke|p2|Kingambit, L50, M|\n|teampreview|4\n|inactive|Battle timer is ON: inactive players will automatically lose when time's up. (requested by mrguy888)\n|inactive|mrguy888 has 60 seconds left.\n|inactive|dnkfcr has 60 seconds left.\n|\n|t:|1776467034\n|teamsize|p1|4\n|teamsize|p2|4\n|start\n|switch|p1a: Aerodactyl|Aerodactyl, L50, F|100/100\n|switch|p1b: Rotom|Rotom-Heat, L50|100/100\n|switch|p2a: Blastoid|Blastoise, L50, M, shiny|100/100\n|switch|p2b: Incineroar|Incineroar, L50, M|100/100\n|-ability|p1a: Aerodactyl|Unnerve\n|-ability|p2b: Incineroar|Intimidate|boost\n|-unboost|p1a: Aerodactyl|atk|1\n|-unboost|p1b: Rotom|atk|1\n|turn|1\n|\n|t:|1776467048\n|detailschange|p2a: Blastoid|Blastoise-Mega, L50, M, shiny\n|-mega|p2a: Blastoid|Blastoise|Blastoisinite\n|move|p1a: Aerodactyl|Protect|p1a: Aerodactyl\n|-singleturn|p1a: Aerodactyl|Protect\n|move|p2b: Incineroar|Fake Out|p1b: Rotom\n|-damage|p1b: Rotom|88/100\n|cant|p1b: Rotom|flinch\n|move|p2a: Blastoid|Dragon Pulse|p1a: Aerodactyl\n|-activate|p1a: Aerodactyl|move: Protect\n|\n|upkeep\n|turn|2\n|inactive|mrguy888 has 30 seconds left.\n|inactive|dnkfcr has 30 seconds left.\n|inactive|mrguy888 has 20 seconds left.\n|\n|t:|1776467083\n|switch|p2a: Sneasler|Sneasler, L50, M, shiny|100/100\n|move|p1b: Rotom|Volt Switch|p2a: Sneasler\n|-damage|p2a: Sneasler|60/100\n|\n|t:|1776467090\n|switch|p1b: Floette|Floette-Eternal, L50, F|100/100|[from] Volt Switch\n|move|p1a: Aerodactyl|Rock Slide|p2a: Sneasler|[spread] p2a,p2b\n|-resisted|p2a: Sneasler|1\n|-supereffective|p2b: Incineroar|1\n|-damage|p2a: Sneasler|46/100\n|-damage|p2b: Incineroar|70/100\n|move|p2b: Incineroar|Parting Shot|p1b: Floette\n|-unboost|p1b: Floette|atk|1\n|-unboost|p1b: Floette|spa|1\n|\n|t:|1776467098\n|switch|p2b: Sinistcha|Sinistcha-Masterpiece, L50|100/100|[from] Parting Shot\n|-heal|p2a: Sneasler|71/100|[from] ability: Hospitality|[of] p2b: Sinistcha\n|\n|upkeep\n|turn|3\n|\n|t:|1776467109\n|switch|p1b: Tauros|Tauros-Paldea-Aqua, L50, M|100/100\n|-ability|p1b: Tauros|Intimidate|boost\n|-unboost|p2a: Sneasler|atk|1\n|-unboost|p2b: Sinistcha|atk|1\n|-enditem|p2a: Sneasler|White Herb\n|-clearnegativeboost|p2a: Sneasler|[silent]\n|move|p2a: Sneasler|Fake Out|p1a: Aerodactyl\n|-resisted|p1a: Aerodactyl|1\n|-crit|p1a: Aerodactyl\n|-damage|p1a: Aerodactyl|83/100\n|cant|p1a: Aerodactyl|flinch\n|move|p2b: Sinistcha|Matcha Gotcha|p1b: Tauros|[spread] p1b\n|-miss|p2b: Sinistcha|p1a: Aerodactyl\n|-supereffective|p1b: Tauros|1\n|-damage|p1b: Tauros|28/100\n|\n|upkeep\n|turn|4\n|\n|t:|1776467131\n|switch|p2a: Incineroar|Incineroar, L50, M|70/100\n|-ability|p2a: Incineroar|Intimidate|boost\n|-unboost|p1a: Aerodactyl|atk|1\n|-unboost|p1b: Tauros|atk|1\n|-enditem|p1b: Tauros|White Herb\n|-clearnegativeboost|p1b: Tauros|[silent]\n|switch|p1a: Rotom|Rotom-Heat, L50|88/100\n|move|p1b: Tauros|Protect|p1b: Tauros\n|-singleturn|p1b: Tauros|Protect\n|move|p2b: Sinistcha|Matcha Gotcha|p1b: Tauros|[spread] \n|-activate|p1b: Tauros|move: Protect\n|-miss|p2b: Sinistcha|p1a: Rotom\n|\n|upkeep\n|turn|5\n|inactive|mrguy888 has 30 seconds left.\n|inactive|dnkfcr has 30 seconds left.\n|inactive|dnkfcr has 20 seconds left.\n|inactive|dnkfcr has 15 seconds left.\n|inactive|dnkfcr has 10 seconds left.\n|\n|t:|1776467177\n|switch|p1b: Aerodactyl|Aerodactyl, L50, F|83/100\n|-ability|p1b: Aerodactyl|Unnerve\n|move|p2a: Incineroar|Fake Out|p1a: Rotom\n|-damage|p1a: Rotom|76/100\n|cant|p1a: Rotom|flinch\n|move|p2b: Sinistcha|Matcha Gotcha|p1b: Aerodactyl|[spread] p1a,p1b\n|-resisted|p1a: Rotom|1\n|-damage|p1a: Rotom|61/100\n|-damage|p1b: Aerodactyl|50/100\n|\n|upkeep\n|turn|6\n|\n|t:|1776467200\n|switch|p2b: Blastoid|Blastoise-Mega, L50, M, shiny|100/100\n|move|p1a: Rotom|Volt Switch|p2a: Incineroar\n|-damage|p2a: Incineroar|52/100\n|\n|t:|1776467208\n|switch|p1a: Floette|Floette-Eternal, L50, F|100/100|[from] Volt Switch\n|move|p1b: Aerodactyl|Tailwind|p1b: Aerodactyl\n|-sidestart|p1: mrguy888|move: Tailwind\n|move|p2a: Incineroar|Parting Shot|p1b: Aerodactyl\n|-unboost|p1b: Aerodactyl|atk|1\n|-unboost|p1b: Aerodactyl|spa|1\n|\n|t:|1776467215\n|switch|p2a: Sneasler|Sneasler, L50, M, shiny|71/100|[from] Parting Shot\n|\n|upkeep\n|turn|7\n|\n|t:|1776467227\n|detailschange|p1a: Floette|Floette-Mega, L50, F\n|-mega|p1a: Floette|Floette|Floettite\n|-ability|p1a: Floette|Fairy Aura\n|move|p1b: Aerodactyl|Protect|p1b: Aerodactyl\n|-singleturn|p1b: Aerodactyl|Protect\n|move|p1a: Floette|Protect|p1a: Floette\n|-singleturn|p1a: Floette|Protect\n|move|p2a: Sneasler|Fake Out|p1a: Floette\n|-activate|p1a: Floette|move: Protect\n|move|p2b: Blastoid|Dragon Pulse|p1b: Aerodactyl\n|-activate|p1b: Aerodactyl|move: Protect\n|\n|upkeep\n|turn|8\n|\n|t:|1776467242\n|switch|p2b: Sinistcha|Sinistcha-Masterpiece, L50|100/100\n|-heal|p2a: Sneasler|96/100|[from] ability: Hospitality|[of] p2b: Sinistcha\n|move|p1b: Aerodactyl|Dual Wingbeat|p2a: Sneasler\n|-supereffective|p2a: Sneasler|1\n|-damage|p2a: Sneasler|57/100\n|-supereffective|p2a: Sneasler|1\n|-damage|p2a: Sneasler|13/100\n|-hitcount|p2a: Sneasler|2\n|move|p1a: Floette|Moonblast|p2b: Sinistcha\n|-damage|p2b: Sinistcha|6/100\n|move|p2a: Sneasler|Dire Claw|p1a: Floette\n|-supereffective|p1a: Floette|1\n|-crit|p1a: Floette\n|-damage|p1a: Floette|0 fnt\n|faint|p1a: Floette\n|\n|upkeep\n|inactive|mrguy888 has 30 seconds left.\n|\n|t:|1776467268\n|switch|p1a: Tauros|Tauros-Paldea-Aqua, L50, M|28/100\n|-ability|p1a: Tauros|Intimidate|boost\n|-unboost|p2a: Sneasler|atk|1\n|-unboost|p2b: Sinistcha|atk|1\n|turn|9\n|\n|t:|1776467282\n|switch|p2a: Incineroar|Incineroar, L50, M|52/100\n|-ability|p2a: Incineroar|Intimidate|boost\n|-unboost|p1a: Tauros|atk|1\n|-unboost|p1b: Aerodactyl|atk|1\n|switch|p2b: Blastoid|Blastoise-Mega, L50, M, shiny|100/100\n|move|p1b: Aerodactyl|Rock Slide|p2a: Incineroar|[spread] p2a,p2b\n|-supereffective|p2a: Incineroar|1\n|-damage|p2a: Incineroar|28/100\n|-damage|p2b: Blastoid|91/100\n|move|p1a: Tauros|Close Combat|p2a: Incineroar\n|-supereffective|p2a: Incineroar|1\n|-damage|p2a: Incineroar|0 fnt\n|-unboost|p1a: Tauros|def|1\n|-unboost|p1a: Tauros|spd|1\n|faint|p2a: Incineroar\n|\n|-sideend|p1: mrguy888|move: Tailwind\n|upkeep\n|\n|t:|1776467285\n|switch|p2a: Sinistcha|Sinistcha-Masterpiece, L50|6/100\n|-heal|p2b: Blastoid|100/100|[from] ability: Hospitality|[of] p2a: Sinistcha\n|turn|10\n|\n|t:|1776467305\n|move|p1b: Aerodactyl|Rock Slide|p2b: Blastoid|[spread] \n|-miss|p1b: Aerodactyl|p2a: Sinistcha\n|-miss|p1b: Aerodactyl|p2b: Blastoid\n|move|p1a: Tauros|Close Combat|p2b: Blastoid\n|-damage|p2b: Blastoid|65/100\n|-unboost|p1a: Tauros|def|1\n|-unboost|p1a: Tauros|spd|1\n|move|p2b: Blastoid|Dragon Pulse|p1b: Aerodactyl\n|-damage|p1b: Aerodactyl|0 fnt\n|faint|p1b: Aerodactyl\n|move|p2a: Sinistcha|Matcha Gotcha|p1a: Tauros\n|-supereffective|p1a: Tauros|1\n|-damage|p1a: Tauros|0 fnt\n|-heal|p2a: Sinistcha|18/100|[from] drain|[of] p1a: Tauros\n|faint|p1a: Tauros\n|\n|upkeep\n|\n|t:|1776467319\n|switch|p1b: Rotom|Rotom-Heat, L50|61/100\n|turn|11\n|inactive|dnkfcr has 30 seconds left.\n|\n|t:|1776467349\n|move|p1b: Rotom|Electroweb|p2b: Blastoid|[spread] p2a,p2b\n|-resisted|p2a: Sinistcha|1\n|-supereffective|p2b: Blastoid|1\n|-damage|p2a: Sinistcha|8/100\n|-damage|p2b: Blastoid|38/100\n|-unboost|p2a: Sinistcha|spe|1\n|-unboost|p2b: Blastoid|spe|1\n|move|p2b: Blastoid|Dragon Pulse|p1b: Rotom\n|-damage|p1b: Rotom|2/100\n|move|p2a: Sinistcha|Matcha Gotcha|p1b: Rotom\n|-resisted|p1b: Rotom|1\n|-damage|p1b: Rotom|0 fnt\n|-heal|p2a: Sinistcha|9/100|[from] drain|[of] p1b: Rotom\n|faint|p1b: Rotom\n|\n|win|dnkfcr\n|raw|mrguy888's rating: 1353 &rarr; <strong>1333</strong><br />(-20 for losing)\n|raw|dnkfcr's rating: 1361 &rarr; <strong>1381</strong><br />(+20 for winning)\n",
  "uploadtime": 1776467358,
  "views": 37,
  "formatid": "gen9championsvgc2026regma",
  "rating": 1333,
  "private": 0,
  "password": null
}