{
  "id": "gen9championsvgc2026regma-2587137535",
  "format": "[Gen 9 Champions] VGC 2026 Reg M-A",
  "players": [
    "queenskinny",
    "SphealGoodMoment"
  ],
  "log": "|j|\u2606queenskinny\n|j|\u2606SphealGoodMoment\n|t:|1776498848\n|gametype|doubles\n|player|p1|queenskinny|1|1058\n|player|p2|SphealGoodMoment|102|1036\n|gen|9\n|tier|[Gen 9 Champions] VGC 2026 Reg M-A\n|rated|\n|rule|Species Clause: Limit one of each Pok\u00e9mon\n|rule|Item Clause: Limit 1 of each item\n|clearpoke\n|poke|p1|Froslass, L50, F|\n|poke|p1|Sneasler, L50, F|\n|poke|p1|Whimsicott, L50, F|\n|poke|p1|Basculegion, L50, M|\n|poke|p1|Lycanroc-Dusk, L50, F|\n|poke|p1|Volcarona, L50, F|\n|poke|p2|Aerodactyl, L50, F|\n|poke|p2|Garchomp, L50, F|\n|poke|p2|Aegislash, L50, F|\n|poke|p2|Sneasler, L50, F|\n|poke|p2|Basculegion, L50, M|\n|poke|p2|Rotom-Wash, L50|\n|teampreview|4\n|inactive|Battle timer is ON: inactive players will automatically lose when time's up. (requested by queenskinny)\n|inactive|queenskinny has 60 seconds left.\n|\n|t:|1776498914\n|teamsize|p1|4\n|teamsize|p2|4\n|start\n|switch|p1a: Whimsicott|Whimsicott, L50, F|100/100\n|switch|p1b: Froslass|Froslass, L50, F|100/100\n|switch|p2a: Aerodactyl|Aerodactyl, L50, F|100/100\n|switch|p2b: Garchomp|Garchomp, L50, F|100/100\n|-ability|p2a: Aerodactyl|Unnerve\n|turn|1\n|\n|t:|1776498928\n|switch|p2b: Aegislash|Aegislash, L50, F|100/100\n|detailschange|p1b: Froslass|Froslass-Mega, L50, F\n|-mega|p1b: Froslass|Froslass|Froslassite\n|-weather|Snowscape|[from] ability: Snow Warning|[of] p1b: Froslass\n|move|p2a: Aerodactyl|Protect|p2a: Aerodactyl\n|-singleturn|p2a: Aerodactyl|Protect\n|move|p1a: Whimsicott|Tailwind|p1a: Whimsicott\n|-sidestart|p1: queenskinny|move: Tailwind\n|move|p1b: Froslass|Blizzard|p2a: Aerodactyl|[spread] p2b\n|-activate|p2a: Aerodactyl|move: Protect\n|-resisted|p2b: Aegislash|1\n|-damage|p2b: Aegislash|82/100\n|\n|-weather|Snowscape|[upkeep]\n|upkeep\n|turn|2\n|\n|t:|1776498953\n|detailschange|p2a: Aerodactyl|Aerodactyl-Mega, L50, F\n|-mega|p2a: Aerodactyl|Aerodactyl|Aerodactylite\n|move|p1a: Whimsicott|Protect|p1a: Whimsicott\n|-singleturn|p1a: Whimsicott|Protect\n|move|p1b: Froslass|Protect|p1b: Froslass\n|-singleturn|p1b: Froslass|Protect\n|move|p2b: Aegislash|Wide Guard|p2b: Aegislash\n|-singleturn|p2b: Aegislash|Wide Guard\n|move|p2a: Aerodactyl|Dual Wingbeat|p1a: Whimsicott\n|-activate|p1a: Whimsicott|move: Protect\n|\n|-weather|Snowscape|[upkeep]\n|upkeep\n|turn|3\n|inactive|queenskinny has 30 seconds left.\n|inactive|SphealGoodMoment has 30 seconds left.\n|\n|t:|1776498985\n|move|p2a: Aerodactyl|Protect|p2a: Aerodactyl\n|-singleturn|p2a: Aerodactyl|Protect\n|move|p1b: Froslass|Shadow Ball|p2b: Aegislash\n|-supereffective|p2b: Aegislash|1\n|-damage|p2b: Aegislash|10/100\n|move|p1a: Whimsicott|Moonblast|p2a: Aerodactyl\n|-activate|p2a: Aerodactyl|move: Protect\n|-formechange|p2b: Aegislash|Aegislash-Blade|\n|move|p2b: Aegislash|Iron Head|p1b: Froslass\n|-supereffective|p1b: Froslass|1\n|-damage|p1b: Froslass|7/100\n|\n|-weather|Snowscape|[upkeep]\n|upkeep\n|turn|4\n|\n|t:|1776499008\n|move|p2b: Aegislash|Wide Guard|p2b: Aegislash\n|-singleturn|p2b: Aegislash|Wide Guard\n|move|p1b: Froslass|Shadow Ball|p2a: Aerodactyl\n|-damage|p2a: Aerodactyl|59/100\n|move|p1a: Whimsicott|Moonblast|p2b: Aegislash\n|-resisted|p2b: Aegislash|1\n|-damage|p2b: Aegislash|0 fnt\n|faint|p2b: Aegislash\n|move|p2a: Aerodactyl|Dual Wingbeat|p1a: Whimsicott\n|-supereffective|p1a: Whimsicott|1\n|-damage|p1a: Whimsicott|25/100\n|-supereffective|p1a: Whimsicott|1\n|-damage|p1a: Whimsicott|0 fnt\n|faint|p1a: Whimsicott\n|-hitcount|p1: Whimsicott|2\n|\n|-weather|Snowscape|[upkeep]\n|-sideend|p1: queenskinny|move: Tailwind\n|upkeep\n|inactive|queenskinny has 30 seconds left.\n|inactive|queenskinny has 20 seconds left.\n|inactive|queenskinny has 15 seconds left.\n|inactive|queenskinny has 10 seconds left.\n|\n|t:|1776499058\n|switch|p1a: Basculegion|Basculegion, L50, M|100/100\n|switch|p2b: Rotom|Rotom-Wash, L50|100/100\n|turn|5\n|\n|t:|1776499072\n|move|p2a: Aerodactyl|Protect|p2a: Aerodactyl\n|-singleturn|p2a: Aerodactyl|Protect\n|move|p1a: Basculegion|Flip Turn|p2a: Aerodactyl\n|-activate|p2a: Aerodactyl|move: Protect\n|move|p1b: Froslass|Blizzard|p2a: Aerodactyl|[spread] p2b\n|-activate|p2a: Aerodactyl|move: Protect\n|-resisted|p2b: Rotom|1\n|-damage|p2b: Rotom|71/100\n|move|p2b: Rotom|Electroweb|p1a: Basculegion|[spread] p1a,p1b\n|-supereffective|p1a: Basculegion|1\n|-crit|p1b: Froslass\n|-damage|p1a: Basculegion|55/100\n|-damage|p1b: Froslass|0 fnt\n|-unboost|p1a: Basculegion|spe|1\n|faint|p1b: Froslass\n|\n|-weather|none\n|upkeep\n|\n|t:|1776499089\n|switch|p1b: Sneasler|Sneasler, L50, F|100/100\n|turn|6\n|\n|t:|1776499112\n|move|p1b: Sneasler|Fake Out|p2a: Aerodactyl\n|-resisted|p2a: Aerodactyl|1\n|-damage|p2a: Aerodactyl|51/100\n|cant|p2a: Aerodactyl|flinch\n|move|p2b: Rotom|Volt Switch|p1a: Basculegion\n|-supereffective|p1a: Basculegion|1\n|-damage|p1a: Basculegion|0 fnt\n|faint|p1a: Basculegion\n|\n|t:|1776499121\n|switch|p2b: Garchomp|Garchomp, L50, F|100/100|[from] Volt Switch\n|\n|upkeep\n|turn|7\n|\n|t:|1776499136\n|move|p2a: Aerodactyl|Dual Wingbeat|p1b: Sneasler\n|-supereffective|p1b: Sneasler|1\n|-damage|p1b: Sneasler|20/100\n|-supereffective|p1b: Sneasler|1\n|-damage|p1b: Sneasler|0 fnt\n|faint|p1b: Sneasler\n|-hitcount|p1: Sneasler|2\n|\n|win|SphealGoodMoment\n|raw|queenskinny's rating: 1058 &rarr; <strong>1038</strong><br />(-20 for losing)\n|raw|SphealGoodMoment's rating: 1036 &rarr; <strong>1073</strong><br />(+37 for winning)\n|l|\u2606queenskinny\n|player|p1|\n",
  "uploadtime": 1776499143,
  "views": 17,
  "formatid": "gen9championsvgc2026regma",
  "rating": 1038,
  "private": 0,
  "password": null
}