{
  "id": "gen9championsvgc2026regma-2587716760",
  "format": "[Gen 9 Champions] VGC 2026 Reg M-A",
  "players": [
    "migui32",
    "Elite Fource"
  ],
  "log": "|j|\u2606migui32\n|j|\u2606Elite Fource\n|t:|1776556861\n|gametype|doubles\n|player|p1|migui32|102|1064\n|player|p2|Elite Fource|infielder|1000\n|gen|9\n|tier|[Gen 9 Champions] VGC 2026 Reg M-A\n|rated|\n|rule|Species Clause: Limit one of each Pok\u00e9mon\n|rule|Item Clause: Limit 1 of each item\n|clearpoke\n|poke|p1|Dragonite, L50, F|\n|poke|p1|Pelipper, L50, M|\n|poke|p1|Feraligatr, L50, F|\n|poke|p1|Raichu, L50, M|\n|poke|p1|Whimsicott, L50, F|\n|poke|p1|Sneasler, L50, F|\n|poke|p2|Greninja, L50, F|\n|poke|p2|Mr. Rime, L50, F|\n|poke|p2|Victreebel, L50, F, shiny|\n|poke|p2|Flareon, L50, M|\n|poke|p2|Pinsir, L50, M, shiny|\n|poke|p2|Zoroark-Hisui, L50, M|\n|teampreview|4\n|inactive|Battle timer is ON: inactive players will automatically lose when time's up. (requested by Elite Fource)\n|inactive|Elite Fource has 60 seconds left.\n|\n|t:|1776556897\n|teamsize|p1|4\n|teamsize|p2|4\n|start\n|switch|p1a: Pelipper|Pelipper, L50, M|100/100\n|switch|p1b: Dragonite|Dragonite, L50, F|100/100\n|switch|p2a: In the courtyard|Greninja, L50, F|100/100\n|switch|p2b: Arwing|Pinsir, L50, M, shiny|100/100\n|-weather|RainDance|[from] ability: Drizzle|[of] p1a: Pelipper\n|turn|1\n|\n|t:|1776556921\n|detailschange|p1b: Dragonite|Dragonite-Mega, L50, F\n|-mega|p1b: Dragonite|Dragonite|Dragoninite\n|move|p1b: Dragonite|Protect|p1b: Dragonite\n|-singleturn|p1b: Dragonite|Protect\n|move|p2a: In the courtyard|U-turn|p1b: Dragonite\n|-start|p2a: In the courtyard|typechange|Bug|[from] ability: Protean\n|-activate|p1b: Dragonite|move: Protect\n|move|p2b: Arwing|Rock Slide|p1a: Pelipper|[spread] p1a\n|-activate|p1b: Dragonite|move: Protect\n|-supereffective|p1a: Pelipper|1\n|-damage|p1a: Pelipper|72/100\n|cant|p1a: Pelipper|flinch\n|\n|-weather|RainDance|[upkeep]\n|upkeep\n|turn|2\n|\n|t:|1776556944\n|move|p2a: In the courtyard|U-turn|p1b: Dragonite\n|-resisted|p1b: Dragonite|1\n|-damage|p1b: Dragonite|93/100\n|\n|t:|1776556950\n|switch|p2a: No plan|Mr. Rime, L50, F|100/100|[from] U-turn\n|move|p1b: Dragonite|Hurricane|p2b: Arwing\n|-supereffective|p2b: Arwing|1\n|-damage|p2b: Arwing|0 fnt\n|faint|p2b: Arwing\n|move|p1a: Pelipper|Tailwind|p1a: Pelipper\n|-sidestart|p1: migui32|move: Tailwind\n|\n|-weather|RainDance|[upkeep]\n|upkeep\n|\n|t:|1776556961\n|switch|p2b: Spoils Bag|Victreebel, L50, F, shiny|100/100\n|turn|3\n|\n|t:|1776556972\n|detailschange|p2b: Spoils Bag|Victreebel-Mega, L50, F, shiny\n|-mega|p2b: Spoils Bag|Victreebel|Victreebelite\n|move|p1a: Pelipper|Helping Hand|p1b: Dragonite\n|-singleturn|p1b: Dragonite|Helping Hand|[of] p1a: Pelipper\n|move|p2b: Spoils Bag|Protect|p2b: Spoils Bag\n|-singleturn|p2b: Spoils Bag|Protect\n|move|p1b: Dragonite|Draco Meteor|p2a: No plan|[miss]\n|-miss|p1b: Dragonite|p2a: No plan\n|move|p2a: No plan|Freeze-Dry|p1b: Dragonite\n|-supereffective|p1b: Dragonite|2\n|-damage|p1b: Dragonite|0 fnt\n|faint|p1b: Dragonite\n|\n|-weather|RainDance|[upkeep]\n|upkeep\n|\n|t:|1776556986\n|switch|p1b: Sneasler|Sneasler, L50, F|100/100\n|turn|4\n|\n|t:|1776557005\n|switch|p2a: In the courtyard|Greninja, L50, F|100/100\n|move|p1b: Sneasler|Close Combat|p2a: In the courtyard\n|-supereffective|p2a: In the courtyard|1\n|-damage|p2a: In the courtyard|0 fnt\n|-unboost|p1b: Sneasler|def|1\n|-unboost|p1b: Sneasler|spd|1\n|faint|p2a: In the courtyard\n|-enditem|p1b: Sneasler|White Herb\n|-clearnegativeboost|p1b: Sneasler|[silent]\n|move|p1a: Pelipper|Hurricane|p2b: Spoils Bag\n|-supereffective|p2b: Spoils Bag|1\n|-crit|p2b: Spoils Bag\n|-damage|p2b: Spoils Bag|0 fnt\n|-damage|p1a: Pelipper|0 fnt|[from] ability: Innards Out|[of] p2b: Spoils Bag\n|faint|p2b: Spoils Bag\n|faint|p1a: Pelipper\n|\n|-weather|RainDance|[upkeep]\n|upkeep\n|\n|t:|1776557017\n|switch|p2b: No plan|Mr. Rime, L50, F|100/100\n|switch|p1a: Whimsicott|Whimsicott, L50, F|100/100\n|turn|5\n|\n|t:|1776557032\n|move|p1a: Whimsicott|Helping Hand|p1b: Sneasler\n|-singleturn|p1b: Sneasler|Helping Hand|[of] p1a: Whimsicott\n|move|p1b: Sneasler|Protect|p1b: Sneasler\n|-singleturn|p1b: Sneasler|Protect\n|move|p2b: No plan|Psychic|p1b: Sneasler\n|-activate|p1b: Sneasler|move: Protect\n|\n|-weather|none\n|-sideend|p1: migui32|move: Tailwind\n|upkeep\n|turn|6\n|inactive|migui32 has 30 seconds left.\n|inactive|Elite Fource has 30 seconds left.\n|inactive|Elite Fource has 20 seconds left.\n|inactive|Elite Fource has 15 seconds left.\n|inactive|Elite Fource has 10 seconds left.\n|\n|t:|1776557094\n|move|p1a: Whimsicott|Memento|p2b: No plan\n|-unboost|p2b: No plan|atk|2\n|-unboost|p2b: No plan|spa|2\n|faint|p1a: Whimsicott\n|move|p1b: Sneasler|Dire Claw|p2b: No plan\n|-damage|p2b: No plan|37/100\n|move|p2b: No plan|Psychic|p1b: Sneasler\n|-supereffective|p1b: Sneasler|2\n|-damage|p1b: Sneasler|0 fnt\n|faint|p1b: Sneasler\n|\n|win|Elite Fource\n|raw|migui32's rating: 1064 &rarr; <strong>1041</strong><br />(-23 for losing)\n|raw|Elite Fource's rating: 1000 &rarr; <strong>1047</strong><br />(+47 for winning)\n|c|\u2606Elite Fource|gg bro\n|l|\u2606migui32\n|player|p1|\n",
  "uploadtime": 1776557104,
  "views": 13,
  "formatid": "gen9championsvgc2026regma",
  "rating": 1041,
  "private": 0,
  "password": null
}