{
  "id": "gen9championsvgc2026regma-2583778336",
  "format": "[Gen 9 Champions] VGC 2026 Reg M-A",
  "players": [
    "statusqo",
    "suiskska"
  ],
  "log": "|j|\u2606statusqo\n|j|\u2606suiskska\n|t:|1776197061\n|gametype|doubles\n|player|p1|statusqo|1|1001\n|player|p2|suiskska|lance|1029\n|gen|9\n|tier|[Gen 9 Champions] VGC 2026 Reg M-A\n|rated|\n|rule|Species Clause: Limit one of each Pok\u00e9mon\n|rule|Item Clause: Limit 1 of each item\n|clearpoke\n|poke|p1|Pelipper, L50, M|\n|poke|p1|Palafin, L50, M|\n|poke|p1|Scizor, L50, F|\n|poke|p1|Dragonite, L50, M|\n|poke|p1|Sneasler, L50, F|\n|poke|p1|Sableye, L50, F|\n|poke|p2|Hawlucha, L50, M|\n|poke|p2|Mr. Rime, L50, F|\n|poke|p2|Incineroar, L50, F|\n|poke|p2|Sinistcha, L50|\n|poke|p2|Sneasler, L50, F|\n|poke|p2|Excadrill, L50, M|\n|teampreview|4\n|j| SilksongIsReallll\n|\n|t:|1776197078\n|teamsize|p1|4\n|teamsize|p2|4\n|start\n|switch|p1a: Palafin|Palafin, L50, M|100/100\n|switch|p1b: Sneasler|Sneasler, L50, F|100/100\n|switch|p2a: Hawlucha|Hawlucha, L50, M, shiny|100/100\n|switch|p2b: Excadrill|Excadrill, L50, M|100/100\n|turn|1\n|\n|t:|1776197105\n|switch|p2b: Incineroar|Incineroar, L50, F, shiny|100/100\n|-ability|p2b: Incineroar|Intimidate|boost\n|-unboost|p1a: Palafin|atk|1\n|-unboost|p1b: Sneasler|atk|1\n|move|p2a: Hawlucha|Protect|p2a: Hawlucha\n|-singleturn|p2a: Hawlucha|Protect\n|move|p1b: Sneasler|Fake Out|p2a: Hawlucha\n|-activate|p2a: Hawlucha|move: Protect\n|move|p1a: Palafin|Flip Turn|p2b: Incineroar\n|-supereffective|p2b: Incineroar|1\n|-damage|p2b: Incineroar|71/100\n|\n|t:|1776197120\n|detailschange|p1a: Palafin|Palafin-Hero, L50, M\n|switch|p1a: Pelipper|Pelipper, L50, M|100/100|[from] Flip Turn\n|-weather|RainDance|[from] ability: Drizzle|[of] p1a: Pelipper\n|\n|-weather|RainDance|[upkeep]\n|upkeep\n|turn|2\n|\n|t:|1776197139\n|detailschange|p2a: Hawlucha|Hawlucha-Mega, L50, M, shiny\n|-mega|p2a: Hawlucha|Hawlucha|Hawluchanite\n|move|p1b: Sneasler|Protect|p1b: Sneasler\n|-singleturn|p1b: Sneasler|Protect\n|move|p2a: Hawlucha|Entrainment|p2b: Incineroar\n|-ability|p2b: Incineroar|No Guard|Intimidate|[from] move: Entrainment|[of] p2a: Hawlucha\n|move|p1a: Pelipper|Hurricane|p2a: Hawlucha\n|-supereffective|p2a: Hawlucha|1\n|-damage|p2a: Hawlucha|2/100\n|-start|p2a: Hawlucha|confusion\n|move|p2b: Incineroar|Parting Shot|p1a: Pelipper\n|-unboost|p1a: Pelipper|atk|1\n|-unboost|p1a: Pelipper|spa|1\n|\n|t:|1776197149\n|switch|p2b: Excadrill|Excadrill, L50, M|100/100|[from] Parting Shot\n|\n|-weather|RainDance|[upkeep]\n|upkeep\n|turn|3\n|\n|t:|1776197170\n|-activate|p2a: Hawlucha|confusion\n|move|p2a: Hawlucha|Entrainment|p2b: Excadrill\n|-ability|p2b: Excadrill|No Guard|Sand Rush|[from] move: Entrainment|[of] p2a: Hawlucha\n|move|p2b: Excadrill|Horn Drill|p1b: Sneasler\n|-enditem|p1b: Sneasler|Focus Sash\n|-damage|p1b: Sneasler|1/100\n|move|p1b: Sneasler|Close Combat|p2b: Excadrill\n|-supereffective|p2b: Excadrill|1\n|-damage|p2b: Excadrill|0 fnt\n|-unboost|p1b: Sneasler|def|1\n|-unboost|p1b: Sneasler|spd|1\n|faint|p2b: Excadrill\n|move|p1a: Pelipper|Tailwind|p1a: Pelipper\n|-sidestart|p1: statusqo|move: Tailwind\n|\n|-weather|RainDance|[upkeep]\n|upkeep\n|\n|t:|1776197177\n|switch|p2b: Sinistcha|Sinistcha, L50, shiny|100/100\n|-heal|p2a: Hawlucha|27/100|[from] ability: Hospitality|[of] p2b: Sinistcha\n|turn|4\n|\n|t:|1776197199\n|-activate|p2a: Hawlucha|confusion\n|move|p2a: Hawlucha|Protect|p2a: Hawlucha\n|-singleturn|p2a: Hawlucha|Protect\n|move|p1b: Sneasler|Dire Claw|p2b: Sinistcha\n|-damage|p2b: Sinistcha|73/100\n|-status|p2b: Sinistcha|par\n|move|p1a: Pelipper|Hurricane|p2b: Sinistcha\n|-supereffective|p2b: Sinistcha|1\n|-damage|p2b: Sinistcha|3/100 par\n|-start|p2b: Sinistcha|confusion\n|-activate|p2b: Sinistcha|confusion\n|-damage|p2b: Sinistcha|0 fnt|[from] confusion\n|faint|p2b: Sinistcha\n|\n|-weather|RainDance|[upkeep]\n|upkeep\n|\n|t:|1776197212\n|switch|p2b: Incineroar|Incineroar, L50, F, shiny|71/100\n|-ability|p2b: Incineroar|Intimidate|boost\n|-unboost|p1a: Pelipper|atk|1\n|-unboost|p1b: Sneasler|atk|1\n|turn|5\n|\n|t:|1776197225\n|move|p1b: Sneasler|Protect|p1b: Sneasler\n|-singleturn|p1b: Sneasler|Protect\n|move|p2b: Incineroar|Fake Out|p1a: Pelipper\n|-damage|p1a: Pelipper|89/100\n|-activate|p2a: Hawlucha|confusion\n|move|p2a: Hawlucha|High Jump Kick|p1b: Sneasler\n|-activate|p1b: Sneasler|move: Protect\n|-damage|p2a: Hawlucha|0 fnt|[from] highjumpkick\n|faint|p2a: Hawlucha\n|cant|p1a: Pelipper|flinch\n|\n|-weather|none\n|upkeep\n|turn|6\n|\n|t:|1776197241\n|switch|p1a: Palafin|Palafin-Hero, L50, M|100/100\n|-activate|p1a: Palafin|ability: Zero to Hero\n|move|p1b: Sneasler|Close Combat|p2b: Incineroar\n|-supereffective|p2b: Incineroar|1\n|-damage|p2b: Incineroar|6/100\n|-unboost|p1b: Sneasler|def|1\n|-unboost|p1b: Sneasler|spd|1\n|-enditem|p2b: Incineroar|Sitrus Berry|[eat]\n|-heal|p2b: Incineroar|31/100|[from] item: Sitrus Berry\n|move|p2b: Incineroar|Flare Blitz|p1a: Palafin\n|-resisted|p1a: Palafin|1\n|-damage|p1a: Palafin|66/100\n|-damage|p2b: Incineroar|19/100|[from] Recoil\n|\n|-sideend|p1: statusqo|move: Tailwind\n|upkeep\n|turn|7\n|l|\u2606suiskska\n|player|p2|\n|l| SilksongIsReallll\n|inactive|Battle timer is ON: inactive players will automatically lose when time's up. (requested by statusqo)\n|inactive|suiskska has 30 seconds to reconnect!\n|inactive|suiskska has 20 seconds to reconnect!\n|inactive|suiskska has 15 seconds to reconnect!\n|inactive|suiskska has 10 seconds to reconnect!\n|inactive|suiskska has 5 seconds to reconnect!\n|-message|suiskska lost due to inactivity.\n|\n|win|statusqo\n|raw|statusqo's rating: 1001 &rarr; <strong>1044</strong><br />(+43 for winning)\n|raw|suiskska's rating: 1029 &rarr; <strong>1013</strong><br />(-16 for losing)\n",
  "uploadtime": 1776197384,
  "views": 35,
  "formatid": "gen9championsvgc2026regma",
  "rating": 1013,
  "private": 0,
  "password": null
}