{
  "id": "gen9championsvgc2026regma-2581724395",
  "format": "[Gen 9 Champions] VGC 2026 Reg M-A",
  "players": [
    "hayniu",
    "Alphacaballero"
  ],
  "log": "|j|\u2606hayniu\n|j|\u2606Alphacaballero\n|t:|1776023563\n|gametype|doubles\n|player|p1|hayniu|102|1141\n|player|p2|Alphacaballero|flint|1183\n|gen|9\n|tier|[Gen 9 Champions] VGC 2026 Reg M-A\n|rated|\n|rule|Species Clause: Limit one of each Pok\u00e9mon\n|rule|Item Clause: Limit 1 of each item\n|clearpoke\n|poke|p1|Camerupt, L50, M|\n|poke|p1|Chesnaught, L50, M|\n|poke|p1|Crabominable, L50, M|\n|poke|p1|Aurorus, L50, F|\n|poke|p1|Mimikyu, L50, M|\n|poke|p1|Floette-Eternal, L50, F|\n|poke|p2|Charizard, L50, F|\n|poke|p2|Venusaur, L50, M|\n|poke|p2|Garchomp, L50, M|\n|poke|p2|Rotom-Wash, L50|\n|poke|p2|Sneasler, L50, F|\n|poke|p2|Incineroar, L50, F|\n|teampreview|4\n|\n|t:|1776023592\n|teamsize|p1|4\n|teamsize|p2|4\n|start\n|switch|p1a: Chesnaught|Chesnaught, L50, M|100/100\n|switch|p1b: Mimikyu|Mimikyu, L50, M|100/100\n|switch|p2a: Charizard|Charizard, L50, F|100/100\n|switch|p2b: Venusaur|Venusaur, L50, M|100/100\n|turn|1\n|\n|t:|1776023619\n|detailschange|p2a: Charizard|Charizard-Mega-Y, L50, F\n|-mega|p2a: Charizard|Charizard|Charizardite Y\n|-weather|SunnyDay|[from] ability: Drought|[of] p2a: Charizard\n|move|p1a: Chesnaught|Wide Guard|p1a: Chesnaught\n|-singleturn|p1a: Chesnaught|Wide Guard\n|move|p2b: Venusaur|Sludge Bomb|p1a: Chesnaught\n|-immune|p1a: Chesnaught|[from] ability: Bulletproof\n|move|p2a: Charizard|Heat Wave|p1a: Chesnaught|[spread] \n|-activate|p1a: Chesnaught|move: Wide Guard\n|-activate|p1b: Mimikyu|move: Wide Guard\n|move|p1b: Mimikyu|Trick Room|p1b: Mimikyu\n|-fieldstart|move: Trick Room|[of] p1b: Mimikyu\n|\n|-weather|SunnyDay|[upkeep]\n|upkeep\n|turn|2\n|\n|t:|1776023641\n|switch|p1a: Aurorus|Aurorus, L50, F|100/100\n|-weather|Snowscape|[from] ability: Snow Warning|[of] p1a: Aurorus\n|switch|p1b: Camerupt|Camerupt, L50, M|100/100\n|move|p2b: Venusaur|Protect|p2b: Venusaur\n|-singleturn|p2b: Venusaur|Protect\n|move|p2a: Charizard|Heat Wave|p1b: Camerupt|[spread] p1a,p1b\n|-resisted|p1b: Camerupt|1\n|-damage|p1a: Aurorus|70/100\n|-damage|p1b: Camerupt|74/100\n|\n|-weather|Snowscape|[upkeep]\n|upkeep\n|turn|3\n|\n|t:|1776023666\n|switch|p2b: Rotom|Rotom-Wash, L50|100/100\n|switch|p2a: Garchomp|Garchomp, L50, M|100/100\n|detailschange|p1b: Camerupt|Camerupt-Mega, L50, M\n|-mega|p1b: Camerupt|Camerupt|Cameruptite\n|move|p1b: Camerupt|Earth Power|p2a: Garchomp\n|-damage|p2a: Garchomp|25/100\n|move|p1a: Aurorus|Blizzard|p2b: Rotom|[spread] p2a,p2b\n|-supereffective|p2a: Garchomp|2\n|-resisted|p2b: Rotom|1\n|-damage|p2a: Garchomp|0 fnt\n|-damage|p2b: Rotom|82/100\n|-status|p2b: Rotom|frz\n|faint|p2a: Garchomp\n|\n|-weather|Snowscape|[upkeep]\n|-heal|p2b: Rotom|88/100 frz|[from] item: Leftovers\n|upkeep\n|\n|t:|1776023682\n|switch|p2a: Charizard|Charizard-Mega-Y, L50, F|100/100\n|-weather|SunnyDay|[from] ability: Drought|[of] p2a: Charizard\n|turn|4\n|\n|t:|1776023697\n|cant|p2b: Rotom|frz\n|move|p2a: Charizard|Protect|p2a: Charizard\n|-singleturn|p2a: Charizard|Protect\n|move|p1b: Camerupt|Growth|p1b: Camerupt\n|-boost|p1b: Camerupt|atk|2\n|-boost|p1b: Camerupt|spa|2\n|move|p1a: Aurorus|Freeze-Dry|p2b: Rotom\n|-supereffective|p2b: Rotom|1\n|-damage|p2b: Rotom|29/100 frz\n|\n|-weather|SunnyDay|[upkeep]\n|-heal|p2b: Rotom|35/100 frz|[from] item: Leftovers\n|upkeep\n|turn|5\n|\n|t:|1776023712\n|move|p1b: Camerupt|Heat Wave|p2b: Rotom|[spread] p2a,p2b\n|-resisted|p2a: Charizard|1\n|-resisted|p2b: Rotom|1\n|-damage|p2a: Charizard|7/100\n|-damage|p2b: Rotom|0 fnt\n|faint|p2b: Rotom\n|move|p1a: Aurorus|Freeze-Dry|p2a: Charizard\n|-damage|p2a: Charizard|0 fnt\n|faint|p2a: Charizard\n|\n|-weather|SunnyDay|[upkeep]\n|-fieldend|move: Trick Room\n|upkeep\n|-message|Alphacaballero forfeited.\n|\n|win|hayniu\n|raw|hayniu's rating: 1141 &rarr; <strong>1169</strong><br />(+28 for winning)\n|raw|Alphacaballero's rating: 1183 &rarr; <strong>1155</strong><br />(-28 for losing)\n|l|\u2606Alphacaballero\n|player|p2|\n",
  "uploadtime": 1776023725,
  "views": 15,
  "formatid": "gen9championsvgc2026regma",
  "rating": 1155,
  "private": 0,
  "password": null
}