{
  "id": "gen9championsvgc2026regma-2584796312",
  "format": "[Gen 9 Champions] VGC 2026 Reg M-A",
  "players": [
    "benis_cult",
    "ernieshmitz"
  ],
  "log": "|j|\u2606benis_cult\n|j|\u2606ernieshmitz\n|t:|1776284293\n|gametype|doubles\n|player|p1|benis_cult|iris|1077\n|player|p2|ernieshmitz|170|1124\n|gen|9\n|tier|[Gen 9 Champions] VGC 2026 Reg M-A\n|rated|\n|rule|Species Clause: Limit one of each Pok\u00e9mon\n|rule|Item Clause: Limit 1 of each item\n|clearpoke\n|poke|p1|Dragonite, L50, M|\n|poke|p1|Aerodactyl, L50, F|\n|poke|p1|Politoed, L50, M|\n|poke|p1|Kangaskhan, L50, F|\n|poke|p1|Archaludon, L50, M|\n|poke|p1|Sneasler, L50, M|\n|poke|p2|Archaludon, L50, F|\n|poke|p2|Farigiraf, L50, F|\n|poke|p2|Sinistcha, L50|\n|poke|p2|Pelipper, L50, F|\n|poke|p2|Aggron, L50, F|\n|poke|p2|Incineroar, L50, F|\n|teampreview|4\n|\n|t:|1776284363\n|teamsize|p1|4\n|teamsize|p2|4\n|start\n|switch|p1a: Politoed|Politoed, L50, M|100/100\n|switch|p1b: Archaludon|Archaludon, L50, M|100/100\n|switch|p2a: Farigiraf|Farigiraf, L50, F|100/100\n|switch|p2b: Aggron|Aggron, L50, F|100/100\n|-weather|RainDance|[from] ability: Drizzle|[of] p1a: Politoed\n|turn|1\n|j| RPGman1627\n|l| RPGman1627\n|\n|t:|1776284394\n|detailschange|p2b: Aggron|Aggron-Mega, L50, F\n|-mega|p2b: Aggron|Aggron|Aggronite\n|move|p1a: Politoed|Helping Hand|p1b: Archaludon\n|-singleturn|p1b: Archaludon|Helping Hand|[of] p1a: Politoed\n|move|p1b: Archaludon|Electro Shot||[still]\n|-prepare|p1b: Archaludon|Electro Shot\n|-boost|p1b: Archaludon|spa|1\n|-anim|p1b: Archaludon|Electro Shot|p2a: Farigiraf\n|-damage|p2a: Farigiraf|0 fnt\n|faint|p2a: Farigiraf\n|move|p2b: Aggron|Body Press|p1b: Archaludon\n|-supereffective|p1b: Archaludon|1\n|-damage|p1b: Archaludon|43/100\n|\n|-weather|RainDance|[upkeep]\n|-heal|p1b: Archaludon|49/100|[from] item: Leftovers\n|upkeep\n|\n|t:|1776284412\n|switch|p2a: Archaludon|Archaludon, L50, F|100/100\n|turn|2\n|\n|t:|1776284448\n|move|p1a: Politoed|Protect|p1a: Politoed\n|-singleturn|p1a: Politoed|Protect\n|move|p2a: Archaludon|Draco Meteor|p1b: Archaludon|[miss]\n|-miss|p2a: Archaludon|p1b: Archaludon\n|move|p1b: Archaludon|Aura Sphere|p2b: Aggron\n|-supereffective|p2b: Aggron|1\n|-damage|p2b: Aggron|52/100\n|move|p2b: Aggron|Body Press|p1a: Politoed\n|-activate|p1a: Politoed|move: Protect\n|\n|-weather|RainDance|[upkeep]\n|-heal|p1b: Archaludon|55/100|[from] item: Leftovers\n|upkeep\n|turn|3\n|\n|t:|1776284472\n|move|p1b: Archaludon|Protect|p1b: Archaludon\n|-singleturn|p1b: Archaludon|Protect\n|move|p2a: Archaludon|Electro Shot||[still]\n|-prepare|p2a: Archaludon|Electro Shot\n|-boost|p2a: Archaludon|spa|1\n|-anim|p2a: Archaludon|Electro Shot|p1a: Politoed\n|-supereffective|p1a: Politoed|1\n|-damage|p1a: Politoed|0 fnt\n|faint|p1a: Politoed\n|move|p2b: Aggron|Body Press|p1b: Archaludon\n|-activate|p1b: Archaludon|move: Protect\n|\n|-weather|RainDance|[upkeep]\n|-heal|p1b: Archaludon|61/100|[from] item: Leftovers\n|upkeep\n|\n|t:|1776284516\n|switch|p1a: Dragonite|Dragonite, L50, M|100/100\n|turn|4\n|\n|t:|1776284539\n|switch|p2a: Sinistcha|Sinistcha, L50|100/100\n|-heal|p2b: Aggron|77/100|[from] ability: Hospitality|[of] p2a: Sinistcha\n|move|p1a: Dragonite|Protect|p1a: Dragonite\n|-singleturn|p1a: Dragonite|Protect\n|move|p1b: Archaludon|Draco Meteor|p2a: Sinistcha\n|-damage|p2a: Sinistcha|0 fnt\n|-unboost|p1b: Archaludon|spa|2\n|faint|p2a: Sinistcha\n|move|p2b: Aggron|Body Press|p1b: Archaludon\n|-supereffective|p1b: Archaludon|1\n|-damage|p1b: Archaludon|7/100\n|\n|-weather|RainDance|[upkeep]\n|-heal|p1b: Archaludon|13/100|[from] item: Leftovers\n|upkeep\n|\n|t:|1776284553\n|switch|p2a: Archaludon|Archaludon, L50, F|100/100\n|turn|5\n|\n|t:|1776284585\n|detailschange|p1a: Dragonite|Dragonite-Mega, L50, M\n|-mega|p1a: Dragonite|Dragonite|Dragoninite\n|move|p1a: Dragonite|Draco Meteor|p2a: Archaludon\n|-damage|p2a: Archaludon|0 fnt\n|-unboost|p1a: Dragonite|spa|2\n|faint|p2a: Archaludon\n|move|p1b: Archaludon|Aura Sphere|p2b: Aggron\n|-supereffective|p2b: Aggron|1\n|-damage|p2b: Aggron|51/100\n|move|p2b: Aggron|Body Press|p1b: Archaludon\n|-supereffective|p1b: Archaludon|1\n|-damage|p1b: Archaludon|0 fnt\n|faint|p1b: Archaludon\n|\n|-weather|none\n|upkeep\n|\n|t:|1776284597\n|switch|p1b: Sneasler|Sneasler, L50, M|100/100\n|turn|6\n|\n|t:|1776284619\n|move|p1b: Sneasler|Fake Out|p2b: Aggron\n|-resisted|p2b: Aggron|1\n|-damage|p2b: Aggron|47/100\n|move|p1a: Dragonite|Hurricane|p2b: Aggron\n|-resisted|p2b: Aggron|1\n|-crit|p2b: Aggron\n|-damage|p2b: Aggron|3/100\n|cant|p2b: Aggron|flinch\n|\n|upkeep\n|turn|7\n|-message|ernieshmitz forfeited.\n|\n|win|benis_cult\n|raw|benis_cult's rating: 1077 &rarr; <strong>1109</strong><br />(+32 for winning)\n|raw|ernieshmitz's rating: 1124 &rarr; <strong>1096</strong><br />(-28 for losing)\n|l|\u2606ernieshmitz\n|player|p2|\n",
  "uploadtime": 1776284632,
  "views": 33,
  "formatid": "gen9championsvgc2026regma",
  "rating": 1096,
  "private": 0,
  "password": null
}