{
  "id": "gen9championsvgc2026regma-2583127909",
  "format": "[Gen 9 Champions] VGC 2026 Reg M-A",
  "players": [
    "LUWITE",
    "Justinguiguivgc"
  ],
  "log": "|j|\u2606LUWITE\n|j|\u2606Justinguiguivgc\n|t:|1776145353\n|gametype|doubles\n|player|p1|LUWITE|ghetsis|1144\n|player|p2|Justinguiguivgc|lucas|1074\n|gen|9\n|tier|[Gen 9 Champions] VGC 2026 Reg M-A\n|rated|\n|rule|Species Clause: Limit one of each Pok\u00e9mon\n|rule|Item Clause: Limit 1 of each item\n|clearpoke\n|poke|p1|Palafin, L50, M|\n|poke|p1|Clefable, L50, M|\n|poke|p1|Incineroar, L50, F|\n|poke|p1|Gengar, L50, F|\n|poke|p1|Kingambit, L50, M|\n|poke|p1|Dragonite, L50, M|\n|poke|p2|Gengar, L50, M|\n|poke|p2|Incineroar, L50, M|\n|poke|p2|Sinistcha, L50|\n|poke|p2|Garchomp, L50, F|\n|poke|p2|Kangaskhan, L50, F|\n|poke|p2|Sneasler, L50, M|\n|teampreview|4\nLUWITE rejected open team sheets.\n|inactive|Battle timer is ON: inactive players will automatically lose when time's up. (requested by Justinguiguivgc)\n|\n|t:|1776145386\n|teamsize|p1|4\n|teamsize|p2|4\n|start\n|switch|p1a: Palafin|Palafin, L50, M|100/100\n|switch|p1b: Incineroar|Incineroar, L50, F|100/100\n|switch|p2a: Gengar|Gengar, L50, M|100/100\n|switch|p2b: Incineroar|Incineroar, L50, M|100/100\n|-ability|p1b: Incineroar|Intimidate|boost\n|-unboost|p2a: Gengar|atk|1\n|-unboost|p2b: Incineroar|atk|1\n|-ability|p2b: Incineroar|Intimidate|boost\n|-unboost|p1a: Palafin|atk|1\n|-unboost|p1b: Incineroar|atk|1\n|turn|1\n|inactive|Justinguiguivgc has 30 seconds left.\n|inactive|Justinguiguivgc has 20 seconds left.\n|inactive|Justinguiguivgc has 15 seconds left.\n|inactive|Justinguiguivgc has 10 seconds left.\n|\n|t:|1776145437\n|detailschange|p1a: Palafin|Palafin-Hero, L50, M\n|switch|p1a: Kingambit|Kingambit, L50, M|100/100\n|detailschange|p2a: Gengar|Gengar-Mega, L50, M\n|-mega|p2a: Gengar|Gengar|Gengarite\n|move|p2b: Incineroar|Protect|p2b: Incineroar\n|-singleturn|p2b: Incineroar|Protect\n|move|p2a: Gengar|Shadow Ball|p1a: Kingambit\n|-resisted|p1a: Kingambit|1\n|-crit|p1a: Kingambit\n|-damage|p1a: Kingambit|56/100\n|move|p1b: Incineroar|Throat Chop|p2a: Gengar\n|-supereffective|p2a: Gengar|1\n|-damage|p2a: Gengar|33/100\n|-start|p2a: Gengar|Throat Chop|[silent]\n|\n|upkeep\n|turn|2\n|\n|t:|1776145462\n|move|p2a: Gengar|Protect|p2a: Gengar\n|-singleturn|p2a: Gengar|Protect\n|move|p1a: Kingambit|Sucker Punch||[still]\n|-fail|p1a: Kingambit\n|move|p1b: Incineroar|Parting Shot|p2b: Incineroar\n|-unboost|p2b: Incineroar|atk|1\n|-unboost|p2b: Incineroar|spa|1\n|\n|t:|1776145471\n|switch|p1b: Clefable|Clefable, L50, M|100/100|[from] Parting Shot\n|move|p2b: Incineroar|Flare Blitz|p1a: Kingambit\n|-supereffective|p1a: Kingambit|1\n|-crit|p1a: Kingambit\n|-damage|p1a: Kingambit|0 fnt\n|faint|p1a: Kingambit\n|-damage|p2b: Incineroar|84/100|[from] Recoil\n|\n|-end|p2a: Gengar|Throat Chop|[silent]\n|upkeep\n|\n|t:|1776145476\n|switch|p1a: Palafin|Palafin-Hero, L50, M|100/100\n|-activate|p1a: Palafin|ability: Zero to Hero\n|turn|3\n|\n|t:|1776145497\n|switch|p2b: Sinistcha|Sinistcha, L50|100/100\n|-heal|p2a: Gengar|58/100|[from] ability: Hospitality|[of] p2b: Sinistcha\n|move|p2a: Gengar|Perish Song|p2a: Gengar\n|-start|p1a: Palafin|perish3|[silent]\n|-start|p1b: Clefable|perish3|[silent]\n|-start|p2a: Gengar|perish3|[silent]\n|-start|p2b: Sinistcha|perish3|[silent]\n|-fieldactivate|move: Perish Song\n|move|p1a: Palafin|Bulk Up|p1a: Palafin\n|-boost|p1a: Palafin|atk|1\n|-boost|p1a: Palafin|def|1\n|move|p1b: Clefable|Moonblast|p2a: Gengar\n|-resisted|p2a: Gengar|1\n|-damage|p2a: Gengar|36/100\n|\n|-start|p2a: Gengar|perish3\n|-start|p1a: Palafin|perish3\n|-start|p2b: Sinistcha|perish3\n|-start|p1b: Clefable|perish3\n|upkeep\n|turn|4\n|inactive|LUWITE has 30 seconds left.\n|inactive|Justinguiguivgc has 30 seconds left.\n|\n|t:|1776145525\n|move|p1a: Palafin|Jet Punch|p2a: Gengar\n|-damage|p2a: Gengar|0 fnt\n|faint|p2a: Gengar\n|move|p2b: Sinistcha|Matcha Gotcha|p1b: Clefable|[spread] p1a,p1b\n|-supereffective|p1a: Palafin|1\n|-damage|p1a: Palafin|59/100\n|-damage|p1b: Clefable|82/100\n|-status|p1a: Palafin|brn\n|-enditem|p1a: Palafin|Lum Berry|[eat]\n|-curestatus|p1a: Palafin|brn|[msg]\n|move|p1b: Clefable|Life Dew|p1b: Clefable|[spread] p1a,p1b\n|-heal|p1a: Palafin|84/100\n|-heal|p1b: Clefable|100/100\n|\n|-start|p1a: Palafin|perish2\n|-start|p2b: Sinistcha|perish2\n|-start|p1b: Clefable|perish2\n|upkeep\n|\n|t:|1776145543\n|switch|p2a: Kangaskhan|Kangaskhan, L50, F|100/100\n|turn|5\n|\n|t:|1776145555\n|switch|p1a: Incineroar|Incineroar, L50, F|100/100\n|-ability|p1a: Incineroar|Intimidate|boost\n|-fail|p2a: Kangaskhan|unboost|Attack|[from] ability: Scrappy|[of] p2a: Kangaskhan\n|-unboost|p2b: Sinistcha|atk|1\n|move|p2a: Kangaskhan|Fake Out|p1a: Incineroar\n|-damage|p1a: Incineroar|85/100\n|move|p2b: Sinistcha|Matcha Gotcha|p1a: Incineroar|[spread] p1a,p1b\n|-resisted|p1a: Incineroar|1\n|-damage|p1a: Incineroar|75/100\n|-damage|p1b: Clefable|81/100\n|-status|p1b: Clefable|brn\n|move|p1b: Clefable|Moonblast|p2b: Sinistcha\n|-damage|p2b: Sinistcha|67/100\n|\n|-damage|p1b: Clefable|75/100 brn|[from] brn\n|-start|p2b: Sinistcha|perish1\n|-start|p1b: Clefable|perish1\n|upkeep\n|turn|6\n|inactive|LUWITE has 30 seconds left.\n|inactive|Justinguiguivgc has 30 seconds left.\n|\n|t:|1776145583\n|switch|p2b: Incineroar|Incineroar, L50, M|84/100\n|-ability|p2b: Incineroar|Intimidate|boost\n|-unboost|p1a: Incineroar|atk|1\n|-unboost|p1b: Clefable|atk|1\n|switch|p1b: Palafin|Palafin-Hero, L50, M|84/100\n|move|p2a: Kangaskhan|Drain Punch|p1a: Incineroar\n|-supereffective|p1a: Incineroar|1\n|-damage|p1a: Incineroar|24/100\n|move|p1a: Incineroar|Flare Blitz|p2b: Incineroar\n|-resisted|p2b: Incineroar|1\n|-damage|p2b: Incineroar|69/100\n|-damage|p1a: Incineroar|19/100|[from] Recoil\n|\n|upkeep\n|turn|7\n|\n|t:|1776145603\n|switch|p1a: Clefable|Clefable, L50, M|75/100 brn\n|move|p1b: Palafin|Protect|p1b: Palafin\n|-singleturn|p1b: Palafin|Protect\n|move|p2b: Incineroar|Fake Out|p1b: Palafin\n|-activate|p1b: Palafin|move: Protect\n|move|p2a: Kangaskhan|Drain Punch|p1a: Clefable\n|-resisted|p1a: Clefable|1\n|-damage|p1a: Clefable|62/100 brn\n|\n|-damage|p1a: Clefable|56/100 brn|[from] brn\n|upkeep\n|turn|8\n|inactive|Justinguiguivgc has 30 seconds left.\n|\n|t:|1776145633\n|move|p2b: Incineroar|Protect|p2b: Incineroar\n|-singleturn|p2b: Incineroar|Protect\n|move|p1b: Palafin|Bulk Up|p1b: Palafin\n|-boost|p1b: Palafin|atk|1\n|-boost|p1b: Palafin|def|1\n|move|p2a: Kangaskhan|Drain Punch|p1b: Palafin\n|-damage|p1b: Palafin|63/100\n|move|p1a: Clefable|Life Dew|p1a: Clefable|[spread] p1a,p1b\n|-heal|p1a: Clefable|81/100 brn\n|-heal|p1b: Palafin|88/100\n|\n|-damage|p1a: Clefable|75/100 brn|[from] brn\n|upkeep\n|turn|9\n|inactive|LUWITE has 30 seconds left.\n|\n|t:|1776145664\n|switch|p2b: Sinistcha|Sinistcha, L50|67/100\n|switch|p1a: Incineroar|Incineroar, L50, F|19/100\n|-ability|p1a: Incineroar|Intimidate|boost\n|-fail|p2a: Kangaskhan|unboost|Attack|[from] ability: Scrappy|[of] p2a: Kangaskhan\n|-unboost|p2b: Sinistcha|atk|1\n|move|p1b: Palafin|Drain Punch|p2a: Kangaskhan\n|-supereffective|p2a: Kangaskhan|1\n|-damage|p2a: Kangaskhan|4/100\n|-heal|p1b: Palafin|100/100|[from] drain|[of] p2a: Kangaskhan\n|move|p2a: Kangaskhan|Double-Edge|p1b: Palafin\n|-damage|p1b: Palafin|60/100\n|-damage|p2a: Kangaskhan|0 fnt|[from] Recoil\n|faint|p2a: Kangaskhan\n|\n|upkeep\n|\n|t:|1776145679\n|switch|p2a: Incineroar|Incineroar, L50, M|69/100\n|-ability|p2a: Incineroar|Intimidate|boost\n|-unboost|p1a: Incineroar|atk|1\n|-unboost|p1b: Palafin|atk|1\n|turn|10\n|\n|t:|1776145697\n|switch|p1a: Clefable|Clefable, L50, M|75/100 brn\n|move|p1b: Palafin|Protect|p1b: Palafin\n|-singleturn|p1b: Palafin|Protect\n|move|p2a: Incineroar|Fake Out|p1a: Clefable\n|-crit|p1a: Clefable\n|-damage|p1a: Clefable|61/100 brn\n|move|p2b: Sinistcha|Matcha Gotcha|p1b: Palafin|[spread] p1a\n|-activate|p1b: Palafin|move: Protect\n|-damage|p1a: Clefable|40/100 brn\n|-heal|p2b: Sinistcha|79/100|[from] drain|[of] p1a: Clefable\n|-enditem|p1a: Clefable|Sitrus Berry|[eat]\n|-heal|p1a: Clefable|64/100 brn|[from] item: Sitrus Berry\n|\n|-damage|p1a: Clefable|58/100 brn|[from] brn\n|upkeep\n|turn|11\n|\n|t:|1776145719\n|move|p2a: Incineroar|Protect|p2a: Incineroar\n|-singleturn|p2a: Incineroar|Protect\n|move|p1b: Palafin|Drain Punch|p2a: Incineroar\n|-activate|p2a: Incineroar|move: Protect\n|move|p2b: Sinistcha|Matcha Gotcha|p1a: Clefable|[spread] p1a,p1b\n|-supereffective|p1b: Palafin|1\n|-damage|p1a: Clefable|39/100 brn\n|-heal|p2b: Sinistcha|90/100|[from] drain|[of] p1a: Clefable\n|-damage|p1b: Palafin|15/100\n|-heal|p2b: Sinistcha|100/100|[from] drain|[of] p1b: Palafin\n|move|p1a: Clefable|Life Dew|p1a: Clefable|[spread] p1a,p1b\n|-heal|p1a: Clefable|64/100 brn\n|-heal|p1b: Palafin|40/100\n|\n|-damage|p1a: Clefable|58/100 brn|[from] brn\n|upkeep\n|turn|12\n|inactive|Justinguiguivgc has 30 seconds left.\n|\n|t:|1776145747\n|switch|p1a: Incineroar|Incineroar, L50, F|19/100\n|-ability|p1a: Incineroar|Intimidate|boost\n|-unboost|p2a: Incineroar|atk|1\n|-unboost|p2b: Sinistcha|atk|1\n|move|p1b: Palafin|Protect|p1b: Palafin\n|-singleturn|p1b: Palafin|Protect\n|move|p2a: Incineroar|Protect||[still]\n|-fail|p2a: Incineroar\n|move|p2b: Sinistcha|Matcha Gotcha|p1a: Incineroar|[spread] p1a\n|-activate|p1b: Palafin|move: Protect\n|-resisted|p1a: Incineroar|1\n|-crit|p1a: Incineroar\n|-damage|p1a: Incineroar|5/100\n|\n|upkeep\n|turn|13\n|inactive|LUWITE has 30 seconds left.\n|inactive|Justinguiguivgc has 30 seconds left.\n|\n|t:|1776145773\n|move|p2a: Incineroar|Protect|p2a: Incineroar\n|-singleturn|p2a: Incineroar|Protect\n|move|p1b: Palafin|Drain Punch|p2a: Incineroar\n|-activate|p2a: Incineroar|move: Protect\n|move|p1a: Incineroar|Flare Blitz|p2b: Sinistcha\n|-supereffective|p2b: Sinistcha|1\n|-damage|p2b: Sinistcha|26/100\n|-enditem|p2b: Sinistcha|Sitrus Berry|[eat]\n|-heal|p2b: Sinistcha|51/100|[from] item: Sitrus Berry\n|-damage|p1a: Incineroar|0 fnt|[from] Recoil\n|faint|p1a: Incineroar\n|move|p2b: Sinistcha|Matcha Gotcha|p1b: Palafin\n|-supereffective|p1b: Palafin|1\n|-crit|p1b: Palafin\n|-damage|p1b: Palafin|0 fnt\n|-heal|p2b: Sinistcha|71/100|[from] drain|[of] p1b: Palafin\n|faint|p1b: Palafin\n|\n|upkeep\n|\n|t:|1776145786\n|switch|p1b: Clefable|Clefable, L50, M|58/100 brn\n|turn|14\n|\n|t:|1776145798\n|move|p2b: Sinistcha|Matcha Gotcha|p1b: Clefable\n|-damage|p1b: Clefable|33/100 brn\n|-heal|p2b: Sinistcha|85/100|[from] drain|[of] p1b: Clefable\n|move|p1b: Clefable|Life Dew|p1b: Clefable\n|-heal|p1b: Clefable|58/100 brn\n|move|p2a: Incineroar|Flare Blitz|p1b: Clefable\n|-damage|p1b: Clefable|15/100 brn\n|-damage|p2a: Incineroar|54/100|[from] Recoil\n|\n|-damage|p1b: Clefable|9/100 brn|[from] brn\n|upkeep\n|turn|15\n|\n|t:|1776145816\n|move|p2b: Sinistcha|Matcha Gotcha|p1b: Clefable|[miss]\n|-miss|p2b: Sinistcha|p1b: Clefable\n|move|p2a: Incineroar|Flare Blitz|p1b: Clefable\n|-damage|p1b: Clefable|0 fnt\n|faint|p1b: Clefable\n|-damage|p2a: Incineroar|51/100|[from] Recoil\n|\n|win|Justinguiguivgc\n|raw|LUWITE's rating: 1144 &rarr; <strong>1114</strong><br />(-30 for losing)\n|raw|Justinguiguivgc's rating: 1074 &rarr; <strong>1109</strong><br />(+35 for winning)\n|l|\u2606Justinguiguivgc\n|player|p2|\n",
  "uploadtime": 1776146149,
  "views": 16,
  "formatid": "gen9championsvgc2026regma",
  "rating": 1109,
  "private": 0,
  "password": null
}