{
  "id": "gen9championsvgc2026regma-2588670695",
  "format": "[Gen 9 Champions] VGC 2026 Reg M-A",
  "players": [
    "KoolCreatorX",
    "mumof"
  ],
  "log": "|j|\u2606KoolCreatorX\n|j|\u2606mumof\n|t:|1776655950\n|gametype|doubles\n|player|p1|KoolCreatorX|unknown|1276\n|player|p2|mumof|169|1301\n|gen|9\n|tier|[Gen 9 Champions] VGC 2026 Reg M-A\n|rated|\n|rule|Species Clause: Limit one of each Pok\u00e9mon\n|rule|Item Clause: Limit 1 of each item\n|clearpoke\n|poke|p1|Drampa, L50, F|\n|poke|p1|Farigiraf, L50, F|\n|poke|p1|Sinistcha, L50|\n|poke|p1|Torkoal, L50, F|\n|poke|p1|Golurk, L50|\n|poke|p1|Incineroar, L50, M|\n|poke|p2|Floette-Eternal, L50, F|\n|poke|p2|Garchomp, L50, F|\n|poke|p2|Kingambit, L50, M|\n|poke|p2|Basculegion, L50, M|\n|poke|p2|Sneasler, L50, M|\n|poke|p2|Froslass, L50, F|\n|teampreview|4\nKoolCreatorX rejected open team sheets.\n|inactive|Battle timer is ON: inactive players will automatically lose when time's up. (requested by KoolCreatorX)\n|\n|t:|1776656026\n|teamsize|p1|4\n|teamsize|p2|4\n|start\n|switch|p1a: Drampa|Drampa, L50, F|100/100\n|switch|p1b: Farigiraf|Farigiraf, L50, F|100/100\n|switch|p2a: Basculegion|Basculegion, L50, M|100/100\n|switch|p2b: Sneasler|Sneasler, L50, M|100/100\n|-ability|p1a: Drampa|Cloud Nine\n|turn|1\n|inactive|KoolCreatorX has 30 seconds left.\n|inactive|mumof has 30 seconds left.\n|inactive|mumof has 20 seconds left.\n|\n|t:|1776656061\n|switch|p2a: Kingambit|Kingambit, L50, M|100/100\n|switch|p1a: Incineroar|Incineroar, L50, M|100/100\n|-ability|p1a: Incineroar|Intimidate|boost\n|-unboost|p2a: Kingambit|atk|1\n|-ability|p2a: Kingambit|Defiant|boost\n|-boost|p2a: Kingambit|atk|2\n|-unboost|p2b: Sneasler|atk|1\n|move|p2b: Sneasler|Close Combat|p1a: Incineroar\n|-supereffective|p1a: Incineroar|1\n|-damage|p1a: Incineroar|16/100\n|-unboost|p2b: Sneasler|def|1\n|-unboost|p2b: Sneasler|spd|1\n|-enditem|p1a: Incineroar|Sitrus Berry|[eat]\n|-heal|p1a: Incineroar|41/100|[from] item: Sitrus Berry\n|move|p1b: Farigiraf|Trick Room|p1b: Farigiraf\n|-fieldstart|move: Trick Room|[of] p1b: Farigiraf\n|\n|upkeep\n|turn|2\n|inactive|mumof has 30 seconds left.\n|inactive|mumof has 20 seconds left.\n|inactive|mumof has 15 seconds left.\n|\n|t:|1776656102\n|move|p2a: Kingambit|Sucker Punch||[still]\n|cant|p1b: Farigiraf|ability: Armor Tail|Sucker Punch|[of] p2a: Kingambit\n|move|p1b: Farigiraf|Psychic|p2b: Sneasler\n|-supereffective|p2b: Sneasler|2\n|-enditem|p2b: Sneasler|Focus Sash\n|-damage|p2b: Sneasler|1/100\n|move|p1a: Incineroar|Drain Punch|p2a: Kingambit\n|-supereffective|p2a: Kingambit|2\n|-enditem|p2a: Kingambit|Chople Berry|[eat]\n|-enditem|p2a: Kingambit|Chople Berry|[weaken]\n|-damage|p2a: Kingambit|64/100\n|-heal|p1a: Incineroar|60/100|[from] drain|[of] p2a: Kingambit\n|move|p2b: Sneasler|Close Combat|p1a: Incineroar\n|-supereffective|p1a: Incineroar|1\n|-damage|p1a: Incineroar|0 fnt\n|-unboost|p2b: Sneasler|def|1\n|-unboost|p2b: Sneasler|spd|1\n|faint|p1a: Incineroar\n|\n|upkeep\n|\n|t:|1776656121\n|switch|p1a: Torkoal|Torkoal, L50, F|100/100\n|-weather|SunnyDay|[from] ability: Drought|[of] p1a: Torkoal\n|turn|3\n|\n|t:|1776656135\n|move|p2a: Kingambit|Protect|p2a: Kingambit\n|-singleturn|p2a: Kingambit|Protect\n|move|p2b: Sneasler|Protect|p2b: Sneasler\n|-singleturn|p2b: Sneasler|Protect\n|move|p1a: Torkoal|Eruption|p2b: Sneasler|[spread] \n|-activate|p2a: Kingambit|move: Protect\n|-activate|p2b: Sneasler|move: Protect\n|move|p1b: Farigiraf|Hyper Voice|p2a: Kingambit|[spread] \n|-activate|p2a: Kingambit|move: Protect\n|-activate|p2b: Sneasler|move: Protect\n|\n|-weather|SunnyDay|[upkeep]\n|upkeep\n|turn|4\n|\n|t:|1776656160\n|switch|p2a: Basculegion|Basculegion, L50, M|100/100\n|move|p2b: Sneasler|Protect||[still]\n|-fail|p2b: Sneasler\n|move|p1a: Torkoal|Eruption|p2b: Sneasler|[spread] p2a,p2b\n|-resisted|p2a: Basculegion|1\n|-crit|p2a: Basculegion\n|-damage|p2a: Basculegion|33/100\n|-damage|p2b: Sneasler|0 fnt\n|-enditem|p2a: Basculegion|Sitrus Berry|[eat]\n|-heal|p2a: Basculegion|58/100|[from] item: Sitrus Berry\n|faint|p2b: Sneasler\n|move|p1b: Farigiraf|Psychic|p2a: Basculegion\n|-damage|p2a: Basculegion|24/100\n|\n|-weather|SunnyDay|[upkeep]\n|upkeep\n|\n|t:|1776656180\n|switch|p2b: Floette|Floette-Eternal, L50, F|100/100\n|turn|5\n|\n|t:|1776656197\n|move|p2a: Basculegion|Protect|p2a: Basculegion\n|-singleturn|p2a: Basculegion|Protect\n|move|p2b: Floette|Protect|p2b: Floette\n|-singleturn|p2b: Floette|Protect\n|move|p1a: Torkoal|Eruption|p2a: Basculegion|[spread] \n|-activate|p2a: Basculegion|move: Protect\n|-activate|p2b: Floette|move: Protect\n|move|p1b: Farigiraf|Hyper Voice|p2a: Basculegion|[spread] \n|-activate|p2a: Basculegion|move: Protect\n|-activate|p2b: Floette|move: Protect\n|\n|-weather|SunnyDay|[upkeep]\n|-fieldend|move: Trick Room\n|upkeep\n|turn|6\n|inactive|mumof has 30 seconds left.\n|inactive|mumof has 20 seconds left.\n|inactive|mumof has 15 seconds left.\n|\n|t:|1776656238\n|detailschange|p2b: Floette|Floette-Mega, L50, F\n|-mega|p2b: Floette|Floette|Floettite\n|-ability|p2b: Floette|Fairy Aura\n|move|p2b: Floette|Light of Ruin|p1b: Farigiraf\n|-damage|p1b: Farigiraf|0 fnt\n|faint|p1b: Farigiraf\n|-damage|p2b: Floette|31/100|[from] Recoil\n|move|p2a: Basculegion|Wave Crash|p1a: Torkoal\n|-supereffective|p1a: Torkoal|1\n|-damage|p1a: Torkoal|39/100\n|-damage|p2a: Basculegion|7/100|[from] Recoil\n|move|p1a: Torkoal|Eruption|p2b: Floette|[spread] p2a,p2b\n|-resisted|p2a: Basculegion|1\n|-damage|p2a: Basculegion|0 fnt\n|-damage|p2b: Floette|5/100\n|faint|p2a: Basculegion\n|\n|-weather|SunnyDay|[upkeep]\n|upkeep\n|\n|t:|1776656262\n|switch|p2a: Kingambit|Kingambit, L50, M|64/100\n|switch|p1b: Drampa|Drampa, L50, F|100/100\n|-ability|p1b: Drampa|Cloud Nine\n|turn|7\n|inactive|mumof has 30 seconds left.\n|inactive|mumof has 20 seconds left.\n|inactive|mumof has 15 seconds left.\n|\n|t:|1776656306\n|detailschange|p1b: Drampa|Drampa-Mega, L50, F\n|-mega|p1b: Drampa|Drampa|Drampanite\n|move|p2b: Floette|Moonblast|p1b: Drampa\n|-supereffective|p1b: Drampa|1\n|-damage|p1b: Drampa|0 fnt\n|faint|p1b: Drampa\n|move|p2a: Kingambit|Kowtow Cleave|p1a: Torkoal\n|-damage|p1a: Torkoal|2/100\n|move|p1a: Torkoal|Heat Wave|p2b: Floette|[spread] p2b\n|-miss|p1a: Torkoal|p2a: Kingambit\n|-damage|p2b: Floette|0 fnt\n|faint|p2b: Floette\n|\n|-weather|none\n|upkeep\n|turn|8\n|c|\u2606KoolCreatorX|fuck this shit\n|-message|KoolCreatorX forfeited.\n|\n|win|mumof\n",
  "uploadtime": 1776656315,
  "views": 4,
  "formatid": "gen9championsvgc2026regma",
  "rating": null,
  "private": 0,
  "password": null
}