{
  "id": "gen9championsvgc2026regma-2580577258",
  "format": "[Gen 9 Champions] VGC 2026 Reg M-A",
  "players": [
    "Yoruwx",
    "NicoBelic"
  ],
  "log": "|j|\u2606Yoruwx\n|j|\u2606NicoBelic\n|t:|1775914684\n|gametype|doubles\n|player|p1|Yoruwx|morty|1040\n|player|p2|NicoBelic|alder|1036\n|gen|9\n|tier|[Gen 9 Champions] VGC 2026 Reg M-A\n|rated|\n|rule|Species Clause: Limit one of each Pok\u00e9mon\n|rule|Item Clause: Limit 1 of each item\n|clearpoke\n|poke|p1|Charizard, L50, F|\n|poke|p1|Venusaur, L50, F|\n|poke|p1|Whimsicott, L50, M|\n|poke|p1|Incineroar, L50, M|\n|poke|p1|Kingambit, L50, M|\n|poke|p1|Garchomp, L50, M|\n|poke|p2|Sneasler, L50, M|\n|poke|p2|Gliscor, L50, M|\n|poke|p2|Tyranitar, L50, M|\n|poke|p2|Incineroar, L50, M|\n|poke|p2|Charizard, L50, F|\n|poke|p2|Corviknight, L50, F|\n|teampreview|4\n|inactive|Battle timer is ON: inactive players will automatically lose when time's up. (requested by Yoruwx)\n|\n|t:|1775914727\n|teamsize|p1|4\n|teamsize|p2|4\n|start\n|switch|p1a: Charizard|Charizard, L50, F|100/100\n|switch|p1b: Incineroar|Incineroar, L50, M|100/100\n|switch|p2a: Gliscor|Gliscor, L50, M|100/100\n|switch|p2b: Corviknight|Corviknight, L50, F|100/100\n|-ability|p2b: Corviknight|Pressure\n|-ability|p1b: Incineroar|Intimidate|boost\n|-fail|p2a: Gliscor|unboost|Attack|[from] ability: Hyper Cutter|[of] p2a: Gliscor\n|-unboost|p2b: Corviknight|atk|1\n|turn|1\n|inactive|NicoBelic has 30 seconds left.\n|\n|t:|1775914753\n|detailschange|p1a: Charizard|Charizard-Mega-Y, L50, F\n|-mega|p1a: Charizard|Charizard|Charizardite Y\n|-weather|SunnyDay|[from] ability: Drought|[of] p1a: Charizard\n|move|p2a: Gliscor|Protect|p2a: Gliscor\n|-singleturn|p2a: Gliscor|Protect\n|move|p1b: Incineroar|Fake Out|p2a: Gliscor\n|-activate|p2a: Gliscor|move: Protect\n|move|p1a: Charizard|Heat Wave|p2a: Gliscor|[spread] p2b\n|-activate|p2a: Gliscor|move: Protect\n|-supereffective|p2b: Corviknight|1\n|-damage|p2b: Corviknight|0 fnt\n|faint|p2b: Corviknight\n|\n|-weather|SunnyDay|[upkeep]\n|upkeep\n|\n|t:|1775914767\n|switch|p2b: Charizard|Charizard, L50, F|100/100\n|turn|2\n|inactive|Yoruwx has 30 seconds left.\n|inactive|NicoBelic has 30 seconds left.\n|\n|t:|1775914794\n|detailschange|p2b: Charizard|Charizard-Mega-X, L50, F\n|-mega|p2b: Charizard|Charizard|Charizardite X\n|move|p1a: Charizard|Protect|p1a: Charizard\n|-singleturn|p1a: Charizard|Protect\n|move|p2a: Gliscor|Toxic|p1b: Incineroar|[miss]\n|-miss|p2a: Gliscor|p1b: Incineroar\n|move|p2b: Charizard|Thunder Punch|p1a: Charizard\n|-activate|p1a: Charizard|move: Protect\n|move|p1b: Incineroar|Parting Shot|p2b: Charizard\n|-unboost|p2b: Charizard|atk|1\n|-unboost|p2b: Charizard|spa|1\n|\n|t:|1775914806\n|switch|p1b: Whimsicott|Whimsicott, L50, M|100/100|[from] Parting Shot\n|\n|-weather|SunnyDay|[upkeep]\n|upkeep\n|turn|3\n|\n|t:|1775914816\n|switch|p2b: Sneasler|Sneasler, L50, M|100/100\n|move|p1b: Whimsicott|Tailwind|p1b: Whimsicott\n|-sidestart|p1: Yoruwx|move: Tailwind\n|move|p1a: Charizard|Dragon Pulse|p2b: Sneasler\n|-damage|p2b: Sneasler|53/100\n|move|p2a: Gliscor|Toxic|p1a: Charizard|[miss]\n|-miss|p2a: Gliscor|p1a: Charizard\n|\n|-weather|SunnyDay|[upkeep]\n|upkeep\n|turn|4\n|\n|t:|1775914839\n|move|p1b: Whimsicott|Protect|p1b: Whimsicott\n|-singleturn|p1b: Whimsicott|Protect\n|move|p2b: Sneasler|Fake Out|p1b: Whimsicott\n|-activate|p1b: Whimsicott|move: Protect\n|move|p1a: Charizard|Heat Wave|p2a: Gliscor|[spread] p2b\n|-miss|p1a: Charizard|p2a: Gliscor\n|-damage|p2b: Sneasler|0 fnt\n|faint|p2b: Sneasler\n|move|p2a: Gliscor|Toxic|p1b: Whimsicott\n|-activate|p1b: Whimsicott|move: Protect\n|\n|-weather|SunnyDay|[upkeep]\n|upkeep\n|\n|t:|1775914850\n|switch|p2b: Charizard|Charizard-Mega-X, L50, F|100/100\n|turn|5\n|\n|t:|1775914866\n|move|p1b: Whimsicott|Encore|p2a: Gliscor\n|-start|p2a: Gliscor|Encore\n|move|p1a: Charizard|Dragon Pulse|p2b: Charizard\n|-supereffective|p2b: Charizard|1\n|-damage|p2b: Charizard|5/100\n|move|p2a: Gliscor|Toxic|p1a: Charizard\n|-status|p1a: Charizard|tox\n|move|p2b: Charizard|Flare Blitz|p1b: Whimsicott\n|-supereffective|p1b: Whimsicott|1\n|-crit|p1b: Whimsicott\n|-enditem|p1b: Whimsicott|Focus Sash\n|-damage|p1b: Whimsicott|1/100\n|-damage|p2b: Charizard|0 fnt|[from] Recoil\n|faint|p2b: Charizard\n|\n|-weather|none\n|-damage|p1a: Charizard|95/100 tox|[from] psn\n|upkeep\n|turn|6\n|n|!NicoBelic|nicobelic\n|inactive|Yoruwx has 30 seconds left.\n|inactive|NicoBelic has 30 seconds left.\n|-message|NicoBelic forfeited.\n|\n|win|Yoruwx\n",
  "uploadtime": 1775914884,
  "views": 9,
  "formatid": "gen9championsvgc2026regma",
  "rating": null,
  "private": 0,
  "password": null
}