{
  "id": "gen9championsvgc2026regma-2584974752",
  "format": "[Gen 9 Champions] VGC 2026 Reg M-A",
  "players": [
    "Jengibrelol1311",
    "NJ_STRANGE90209"
  ],
  "log": "|j|\u2606Jengibrelol1311\n|j|\u2606NJ_STRANGE90209\n|t:|1776299710\n|gametype|doubles\n|player|p1|Jengibrelol1311|caitlin|1219\n|player|p2|NJ_STRANGE90209|hilbert|1169\n|gen|9\n|tier|[Gen 9 Champions] VGC 2026 Reg M-A\n|rated|\n|rule|Species Clause: Limit one of each Pok\u00e9mon\n|rule|Item Clause: Limit 1 of each item\n|clearpoke\n|poke|p1|Dragapult, L50, F|\n|poke|p1|Gardevoir, L50, M|\n|poke|p1|Whimsicott, L50, F|\n|poke|p1|Milotic, L50, M|\n|poke|p1|Typhlosion-Hisui, L50, F|\n|poke|p1|Rotom-Heat, L50|\n|poke|p2|Froslass, L50, F|\n|poke|p2|Empoleon, L50, F|\n|poke|p2|Rotom-Frost, L50|\n|poke|p2|Garchomp, L50, F|\n|poke|p2|Incineroar, L50, F|\n|poke|p2|Orthworm, L50, M|\n|teampreview|4\n|inactive|Battle timer is ON: inactive players will automatically lose when time's up. (requested by Jengibrelol1311)\n|\n|t:|1776299736\n|teamsize|p1|4\n|teamsize|p2|4\n|start\n|switch|p1a: Milotic|Milotic, L50, M, shiny|100/100\n|switch|p1b: Rotom|Rotom-Heat, L50|100/100\n|switch|p2a: Garchomp|Garchomp, L50, F|100/100\n|switch|p2b: Orthworm|Orthworm, L50, M|100/100\n|turn|1\n|inactive|NJ_STRANGE90209 has 30 seconds left.\n|\n|t:|1776299767\n|move|p2a: Garchomp|Rock Slide|p1b: Rotom|[spread] p1a,p1b\n|-crit|p1a: Milotic\n|-supereffective|p1b: Rotom|1\n|-damage|p1a: Milotic|76/100\n|-damage|p1b: Rotom|58/100\n|move|p1b: Rotom|Overheat|p2b: Orthworm\n|-supereffective|p2b: Orthworm|1\n|-damage|p2b: Orthworm|0 fnt\n|-unboost|p1b: Rotom|spa|2\n|faint|p2b: Orthworm\n|move|p1a: Milotic|Icy Wind|p2a: Garchomp\n|-supereffective|p2a: Garchomp|2\n|-damage|p2a: Garchomp|46/100\n|-unboost|p2a: Garchomp|spe|1\n|-enditem|p2a: Garchomp|White Herb\n|-clearnegativeboost|p2a: Garchomp|[silent]\n|\n|-heal|p1a: Milotic|82/100|[from] item: Leftovers\n|upkeep\n|\n|t:|1776299786\n|switch|p2b: Incineroar|Incineroar, L50, F|100/100\n|-ability|p2b: Incineroar|Intimidate|boost\n|-unboost|p1a: Milotic|atk|1\n|-ability|p1a: Milotic|Competitive|boost\n|-boost|p1a: Milotic|spa|2\n|-unboost|p1b: Rotom|atk|1\n|turn|2\n|\n|t:|1776299799\n|move|p2b: Incineroar|Fake Out|p1a: Milotic\n|-damage|p1a: Milotic|71/100\n|move|p2a: Garchomp|Rock Slide|p1b: Rotom|[spread] p1b\n|-miss|p2a: Garchomp|p1a: Milotic\n|-supereffective|p1b: Rotom|1\n|-damage|p1b: Rotom|16/100\n|-enditem|p1b: Rotom|Sitrus Berry|[eat]\n|-heal|p1b: Rotom|41/100|[from] item: Sitrus Berry\n|move|p1b: Rotom|Reflect|p1b: Rotom\n|-sidestart|p1: Jengibrelol1311|Reflect\n|cant|p1a: Milotic|flinch\n|\n|-heal|p1a: Milotic|77/100|[from] item: Leftovers\n|upkeep\n|turn|3\n|inactive|NJ_STRANGE90209 has 30 seconds left.\n|\n|t:|1776299825\n|move|p2a: Garchomp|Rock Slide|p1b: Rotom|[spread] p1a,p1b\n|-supereffective|p1b: Rotom|1\n|-damage|p1a: Milotic|65/100\n|-damage|p1b: Rotom|13/100\n|move|p1b: Rotom|Overheat|p2a: Garchomp\n|-resisted|p2a: Garchomp|1\n|-damage|p2a: Garchomp|32/100\n|-unboost|p1b: Rotom|spa|2\n|move|p1a: Milotic|Icy Wind|p2b: Incineroar|[spread] p2a,p2b\n|-supereffective|p2a: Garchomp|2\n|-resisted|p2b: Incineroar|1\n|-damage|p2a: Garchomp|0 fnt\n|-damage|p2b: Incineroar|92/100\n|-unboost|p2b: Incineroar|spe|1\n|faint|p2a: Garchomp\n|move|p2b: Incineroar|Parting Shot|p1a: Milotic\n|-unboost|p1a: Milotic|atk|1\n|-ability|p1a: Milotic|Competitive|boost\n|-boost|p1a: Milotic|spa|2\n|-unboost|p1a: Milotic|spa|1\n|-ability|p1a: Milotic|Competitive|boost\n|-boost|p1a: Milotic|spa|2\n|\n|t:|1776299845\n|switch|p2b: Froslass|Froslass, L50, F|100/100|[from] Parting Shot\n|\n|-heal|p1a: Milotic|71/100|[from] item: Leftovers\n|upkeep\n|\n|t:|1776299851\n|switch|p2a: Incineroar|Incineroar, L50, F|92/100\n|-ability|p2a: Incineroar|Intimidate|boost\n|-unboost|p1a: Milotic|atk|1\n|-ability|p1a: Milotic|Competitive|boost\n|-boost|p1a: Milotic|spa|1\n|-unboost|p1b: Rotom|atk|1\n|turn|4\n|\n|t:|1776299868\n|detailschange|p2b: Froslass|Froslass-Mega, L50, F\n|-mega|p2b: Froslass|Froslass|Froslassite\n|-weather|Snowscape|[from] ability: Snow Warning|[of] p2b: Froslass\n|move|p2a: Incineroar|Fake Out|p1a: Milotic\n|-damage|p1a: Milotic|63/100\n|move|p2b: Froslass|Blizzard|p1b: Rotom|[spread] p1a,p1b\n|-resisted|p1a: Milotic|1\n|-resisted|p1b: Rotom|1\n|-damage|p1a: Milotic|48/100\n|-damage|p1b: Rotom|0 fnt\n|faint|p1b: Rotom\n|cant|p1a: Milotic|flinch\n|\n|-weather|Snowscape|[upkeep]\n|-heal|p1a: Milotic|54/100|[from] item: Leftovers\n|upkeep\n|\n|t:|1776299884\n|switch|p1b: Typhlosion|Typhlosion-Hisui, L50, F|100/100\n|-item|p2a: Incineroar|Sitrus Berry|[from] ability: Frisk|[of] p1b: Typhlosion\n|-item|p2b: Froslass|Froslassite|[from] ability: Frisk|[of] p1b: Typhlosion\n|turn|5\n|inactive|NJ_STRANGE90209 has 30 seconds left.\n|\n|t:|1776299911\n|move|p1b: Typhlosion|Eruption|p2a: Incineroar|[spread] p2a,p2b\n|-resisted|p2a: Incineroar|1\n|-supereffective|p2b: Froslass|1\n|-damage|p2a: Incineroar|66/100\n|-damage|p2b: Froslass|0 fnt\n|faint|p2b: Froslass\n|move|p1a: Milotic|Scald|p2a: Incineroar\n|-supereffective|p2a: Incineroar|1\n|-damage|p2a: Incineroar|0 fnt\n|faint|p2a: Incineroar\n|\n|win|Jengibrelol1311\n|raw|Jengibrelol1311's rating: 1219 &rarr; <strong>1240</strong><br />(+21 for winning)\n|raw|NJ_STRANGE90209's rating: 1169 &rarr; <strong>1148</strong><br />(-21 for losing)\n",
  "uploadtime": 1776299915,
  "views": 23,
  "formatid": "gen9championsvgc2026regma",
  "rating": 1148,
  "private": 0,
  "password": null
}