{
  "id": "gen9championsvgc2026regma-2588206275",
  "format": "[Gen 9 Champions] VGC 2026 Reg M-A",
  "players": [
    "sergiomoreno",
    "gabrioche"
  ],
  "log": "|j|\u2606sergiomoreno\n|j|\u2606gabrioche\n|t:|1776614341\n|gametype|doubles\n|player|p1|sergiomoreno|cyrus|1141\n|player|p2|gabrioche|red|1197\n|gen|9\n|tier|[Gen 9 Champions] VGC 2026 Reg M-A\n|rated|\n|rule|Species Clause: Limit one of each Pok\u00e9mon\n|rule|Item Clause: Limit 1 of each item\n|clearpoke\n|poke|p1|Farigiraf, L50, M|\n|poke|p1|Corviknight, L50, M, shiny|\n|poke|p1|Incineroar, L50, M, shiny|\n|poke|p1|Sinistcha, L50|\n|poke|p1|Gyarados, L50, M, shiny|\n|poke|p1|Meganium, L50, M|\n|poke|p2|Tyranitar, L50, M|\n|poke|p2|Sinistcha, L50|\n|poke|p2|Incineroar, L50, F|\n|poke|p2|Conkeldurr, L50, M|\n|poke|p2|Excadrill, L50, M|\n|poke|p2|Primarina, L50, F|\n|teampreview|4\n|inactive|Battle timer is ON: inactive players will automatically lose when time's up. (requested by gabrioche)\n|inactive|sergiomoreno has 60 seconds left.\n|inactive|gabrioche has 60 seconds left.\n|\n|t:|1776614387\n|teamsize|p1|4\n|teamsize|p2|4\n|start\n|switch|p1a: Corviknight|Corviknight, L50, M, shiny|100/100\n|switch|p1b: Incineroar|Incineroar, L50, M, shiny|100/100\n|switch|p2a: Sinistcha|Sinistcha, L50|100/100\n|switch|p2b: Incineroar|Incineroar, L50, F|100/100\n|-ability|p1b: Incineroar|Intimidate|boost\n|-unboost|p2a: Sinistcha|atk|1\n|-unboost|p2b: Incineroar|atk|1\n|-ability|p2b: Incineroar|Intimidate|boost\n|-ability|p1a: Corviknight|Mirror Armor\n|-unboost|p2b: Incineroar|atk|1\n|-unboost|p1b: Incineroar|atk|1\n|turn|1\n|inactive|sergiomoreno has 30 seconds left.\n|inactive|gabrioche has 30 seconds left.\n|\n|t:|1776614414\n|move|p2b: Incineroar|Fake Out|p1b: Incineroar\n|-damage|p1b: Incineroar|96/100\n|cant|p1b: Incineroar|flinch\n|move|p1a: Corviknight|Iron Defense|p1a: Corviknight\n|-boost|p1a: Corviknight|def|2\n|move|p2a: Sinistcha|Trick Room|p2a: Sinistcha\n|-fieldstart|move: Trick Room|[of] p2a: Sinistcha\n|\n|upkeep\n|turn|2\n|\n|t:|1776614434\n|move|p1b: Incineroar|Flare Blitz|p2a: Sinistcha\n|-supereffective|p2a: Sinistcha|1\n|-damage|p2a: Sinistcha|53/100\n|-damage|p1b: Incineroar|82/100|[from] Recoil\n|move|p2b: Incineroar|Parting Shot|p1b: Incineroar\n|-unboost|p1b: Incineroar|atk|1\n|-unboost|p1b: Incineroar|spa|1\n|\n|t:|1776614446\n|switch|p2b: Conkeldurr|Conkeldurr, L50, M|100/100|[from] Parting Shot\n|move|p2a: Sinistcha|Matcha Gotcha|p1a: Corviknight|[spread] p1a,p1b\n|-resisted|p1a: Corviknight|2\n|-resisted|p1b: Incineroar|1\n|-damage|p1a: Corviknight|96/100\n|-heal|p2a: Sinistcha|56/100|[from] drain|[of] p1a: Corviknight\n|-damage|p1b: Incineroar|71/100\n|-heal|p2a: Sinistcha|62/100|[from] drain|[of] p1b: Incineroar\n|move|p1a: Corviknight|Brave Bird|p2a: Sinistcha\n|-supereffective|p2a: Sinistcha|1\n|-crit|p2a: Sinistcha\n|-damage|p2a: Sinistcha|0 fnt\n|faint|p2a: Sinistcha\n|-damage|p1a: Corviknight|79/100|[from] Recoil\n|\n|upkeep\n|\n|t:|1776614463\n|switch|p2a: Tyranitar|Tyranitar, L50, M|100/100\n|-weather|Sandstorm|[from] ability: Sand Stream|[of] p2a: Tyranitar\n|turn|3\n|\n|t:|1776614479\n|switch|p1b: Sinistcha|Sinistcha, L50|100/100\n|-heal|p1a: Corviknight|100/100|[from] ability: Hospitality|[of] p1b: Sinistcha\n|detailschange|p2a: Tyranitar|Tyranitar-Mega, L50, M\n|-mega|p2a: Tyranitar|Tyranitar|Tyranitarite\n|move|p2b: Conkeldurr|Thunder Punch|p1a: Corviknight\n|-supereffective|p1a: Corviknight|1\n|-crit|p1a: Corviknight\n|-damage|p1a: Corviknight|21/100\n|move|p1a: Corviknight|Body Press|p2a: Tyranitar\n|-supereffective|p2a: Tyranitar|2\n|-damage|p2a: Tyranitar|27/100\n|move|p2a: Tyranitar|Rock Slide|p1b: Sinistcha|[spread] p1a,p1b\n|-damage|p1a: Corviknight|9/100\n|-damage|p1b: Sinistcha|75/100\n|\n|-weather|Sandstorm|[upkeep]\n|-damage|p2b: Conkeldurr|94/100|[from] Sandstorm\n|-damage|p1b: Sinistcha|69/100|[from] Sandstorm\n|upkeep\n|turn|4\n|inactive|sergiomoreno has 30 seconds left.\n|\n|t:|1776614514\n|move|p1a: Corviknight|Protect|p1a: Corviknight\n|-singleturn|p1a: Corviknight|Protect\n|move|p2a: Tyranitar|Protect|p2a: Tyranitar\n|-singleturn|p2a: Tyranitar|Protect\n|move|p2b: Conkeldurr|Ice Punch|p1b: Sinistcha\n|-supereffective|p1b: Sinistcha|1\n|-damage|p1b: Sinistcha|9/100\n|move|p1b: Sinistcha|Life Dew|p1b: Sinistcha|[spread] p1a,p1b\n|-heal|p1a: Corviknight|34/100\n|-heal|p1b: Sinistcha|34/100\n|\n|-weather|Sandstorm|[upkeep]\n|-damage|p2b: Conkeldurr|88/100|[from] Sandstorm\n|-damage|p1b: Sinistcha|28/100|[from] Sandstorm\n|upkeep\n|turn|5\n|\n|t:|1776614533\n|switch|p1b: Incineroar|Incineroar, L50, M, shiny|71/100\n|-ability|p1b: Incineroar|Intimidate|boost\n|-unboost|p2a: Tyranitar|atk|1\n|-unboost|p2b: Conkeldurr|atk|1\n|move|p2b: Conkeldurr|Thunder Punch|p1a: Corviknight\n|-supereffective|p1a: Corviknight|1\n|-damage|p1a: Corviknight|16/100\n|move|p1a: Corviknight|Body Press|p2a: Tyranitar\n|-supereffective|p2a: Tyranitar|2\n|-damage|p2a: Tyranitar|0 fnt\n|faint|p2a: Tyranitar\n|\n|-weather|Sandstorm|[upkeep]\n|-damage|p2b: Conkeldurr|82/100|[from] Sandstorm\n|-damage|p1b: Incineroar|65/100|[from] Sandstorm\n|-fieldend|move: Trick Room\n|upkeep\n|\n|t:|1776614542\n|switch|p2a: Incineroar|Incineroar, L50, F|100/100\n|-ability|p2a: Incineroar|Intimidate|boost\n|-ability|p1a: Corviknight|Mirror Armor\n|-unboost|p2a: Incineroar|atk|1\n|-unboost|p1b: Incineroar|atk|1\n|turn|6\n|\n|t:|1776614567\n|switch|p1b: Sinistcha|Sinistcha, L50|28/100\n|-heal|p1a: Corviknight|40/100|[from] ability: Hospitality|[of] p1b: Sinistcha\n|move|p2b: Conkeldurr|Upper Hand||[still]\n|-fail|p2b: Conkeldurr\n|move|p1a: Corviknight|Body Press|p2a: Incineroar\n|-supereffective|p2a: Incineroar|1\n|-damage|p2a: Incineroar|39/100\n|-enditem|p2a: Incineroar|Sitrus Berry|[eat]\n|-heal|p2a: Incineroar|64/100|[from] item: Sitrus Berry\n|move|p2a: Incineroar|Flare Blitz|p1a: Corviknight\n|-supereffective|p1a: Corviknight|1\n|-enditem|p1a: Corviknight|Occa Berry|[eat]\n|-enditem|p1a: Corviknight|Occa Berry|[weaken]\n|-damage|p1a: Corviknight|27/100\n|-damage|p2a: Incineroar|59/100|[from] Recoil\n|\n|-weather|Sandstorm|[upkeep]\n|-damage|p1b: Sinistcha|21/100|[from] Sandstorm\n|-damage|p2a: Incineroar|53/100|[from] Sandstorm\n|-damage|p2b: Conkeldurr|76/100|[from] Sandstorm\n|upkeep\n|turn|7\n|\n|t:|1776614587\n|move|p1b: Sinistcha|Life Dew|p1b: Sinistcha|[spread] p1a,p1b\n|-heal|p1a: Corviknight|52/100\n|-heal|p1b: Sinistcha|46/100\n|move|p1a: Corviknight|Body Press|p2a: Incineroar\n|-supereffective|p2a: Incineroar|1\n|-damage|p2a: Incineroar|0 fnt\n|faint|p2a: Incineroar\n|move|p2b: Conkeldurr|Thunder Punch|p1a: Corviknight\n|-supereffective|p1a: Corviknight|1\n|-damage|p1a: Corviknight|35/100\n|\n|-weather|none\n|upkeep\n|turn|8\n|\n|t:|1776614604\n|switch|p1b: Incineroar|Incineroar, L50, M, shiny|65/100\n|-ability|p1b: Incineroar|Intimidate|boost\n|-unboost|p2b: Conkeldurr|atk|1\n|move|p1a: Corviknight|Iron Defense|p1a: Corviknight\n|-boost|p1a: Corviknight|def|2\n|move|p2b: Conkeldurr|Thunder Punch|p1a: Corviknight\n|-supereffective|p1a: Corviknight|1\n|-damage|p1a: Corviknight|24/100\n|\n|upkeep\n|turn|9\n|\n|t:|1776614615\n|move|p1b: Incineroar|Fake Out|p2b: Conkeldurr\n|-damage|p2b: Conkeldurr|66/100\n|cant|p2b: Conkeldurr|flinch\n|move|p1a: Corviknight|Body Press|p2b: Conkeldurr\n|-damage|p2b: Conkeldurr|6/100\n|\n|upkeep\n|turn|10\n|\n|t:|1776614625\n|move|p1a: Corviknight|Body Press|p2b: Conkeldurr\n|-damage|p2b: Conkeldurr|0 fnt\n|faint|p2b: Conkeldurr\n|\n|win|sergiomoreno\n|raw|sergiomoreno's rating: 1141 &rarr; <strong>1170</strong><br />(+29 for winning)\n|raw|gabrioche's rating: 1197 &rarr; <strong>1168</strong><br />(-29 for losing)\n",
  "uploadtime": 1776614629,
  "views": 7,
  "formatid": "gen9championsvgc2026regma",
  "rating": 1168,
  "private": 0,
  "password": null
}