{
  "id": "gen9championsvgc2026regma-2584918593",
  "format": "[Gen 9 Champions] VGC 2026 Reg M-A",
  "players": [
    "OCFrey",
    "ChainsPkmn"
  ],
  "log": "|j|\u2606OCFrey\n|j|\u2606ChainsPkmn\n|html|<table width=\"100%\"><tr><td align=\"left\">OCFrey</td><td align=\"right\">ChainsPkmn</tr><tr><td align=\"left\"><i class=\"fa fa-circle-o\"></i> <i class=\"fa fa-circle-o\"></i> </td><td align=\"right\"><i class=\"fa fa-circle-o\"></i> <i class=\"fa fa-circle-o\"></i> </tr></table>\n|uhtml|bestof|<h2><strong>Game 1</strong> of <a href=\"/game-bestof3-gen9championsvgc2026regma-2584918592\">a best-of-3</a></h2>\n|t:|1776294454\n|gametype|doubles\n|player|p1|OCFrey|boarder|\n|player|p2|ChainsPkmn|miku-water|\n|gen|9\n|tier|[Gen 9 Champions] VGC 2026 Reg M-A\n|rule|Species Clause: Limit one of each Pok\u00e9mon\n|rule|Item Clause: Limit 1 of each item\n|raw|<div class=\"infobox\"><details class=\"readmore\" open><summary><strong>1 custom rule:</strong></summary> Best of = 3</details></div>\n|clearpoke\n|poke|p1|Espathra, L50, M|\n|poke|p1|Froslass, L50, F|\n|poke|p1|Incineroar, L50, F|\n|poke|p1|Mimikyu, L50, M|\n|poke|p1|Hydrapple, L50, F|\n|poke|p1|Kingambit, L50, F|\n|poke|p2|Gengar, L50, F|\n|poke|p2|Palafin, L50, F|\n|poke|p2|Politoed, L50, F|\n|poke|p2|Kommo-o, L50, M|\n|poke|p2|Skarmory, L50, M|\n|poke|p2|Sableye, L50, F|\n|teampreview|4\nOCFrey rejected open team sheets.\n|inactive|Battle timer is ON: inactive players will automatically lose when time's up. (requested by ChainsPkmn)\n|c|\u2606OCFrey|glhf\n|\n|t:|1776294474\n|teamsize|p1|4\n|teamsize|p2|4\n|start\n|switch|p1a: Froslass|Froslass, L50, F|100/100\n|switch|p1b: Espathra|Espathra, L50, M|100/100\n|switch|p2a: Palafin|Palafin, L50, F|100/100\n|switch|p2b: Politoed|Politoed, L50, F|100/100\n|-weather|RainDance|[from] ability: Drizzle|[of] p2b: Politoed\n|turn|1\n|inactive|ChainsPkmn has 30 seconds left.\n|inactive|ChainsPkmn has 20 seconds left.\n|inactive|ChainsPkmn has 15 seconds left.\n|inactive|ChainsPkmn has 10 seconds left.\n|inactive|ChainsPkmn has 5 seconds left.\n|\n|t:|1776294524\n|detailschange|p2a: Palafin|Palafin-Hero, L50, F\n|switch|p2a: Kommo-o|Kommo-o, L50, M|100/100\n|switch|p2b: Gengar|Gengar, L50, F, shiny|100/100\n|move|p1a: Froslass|Protect|p1a: Froslass\n|-singleturn|p1a: Froslass|Protect\n|move|p1b: Espathra|Protect||[still]\n|-fail|p1b: Espathra\n|\n|-weather|RainDance|[upkeep]\n|-ability|p1b: Espathra|Speed Boost|boost\n|-boost|p1b: Espathra|spe|1\n|upkeep\n|turn|2\n|inactive|ChainsPkmn has 30 seconds left.\n|inactive|ChainsPkmn has 20 seconds left.\n|\n|t:|1776294563\n|detailschange|p1a: Froslass|Froslass-Mega, L50, F\n|-mega|p1a: Froslass|Froslass|Froslassite\n|-weather|Snowscape|[from] ability: Snow Warning|[of] p1a: Froslass\n|detailschange|p2b: Gengar|Gengar-Mega, L50, F, shiny\n|-mega|p2b: Gengar|Gengar|Gengarite\n|move|p1b: Espathra|Pounce|p2b: Gengar\n|-resisted|p2b: Gengar|2\n|-damage|p2b: Gengar|98/100\n|-unboost|p2b: Gengar|spe|1\n|move|p1a: Froslass|Shadow Ball|p2b: Gengar\n|-supereffective|p2b: Gengar|1\n|-damage|p2b: Gengar|5/100\n|-unboost|p2b: Gengar|spd|1\n|move|p2b: Gengar|Shadow Ball|p1b: Espathra\n|-supereffective|p1b: Espathra|1\n|-enditem|p1b: Espathra|Focus Sash\n|-damage|p1b: Espathra|1/100\n|move|p2a: Kommo-o|Clangorous Soul|p2a: Kommo-o\n|-boost|p2a: Kommo-o|atk|1\n|-boost|p2a: Kommo-o|def|1\n|-boost|p2a: Kommo-o|spa|1\n|-boost|p2a: Kommo-o|spd|1\n|-boost|p2a: Kommo-o|spe|1\n|-damage|p2a: Kommo-o|68/100\n|\n|-weather|Snowscape|[upkeep]\n|-ability|p1b: Espathra|Speed Boost|boost\n|-boost|p1b: Espathra|spe|1\n|upkeep\n|turn|3\n|inactive|ChainsPkmn has 30 seconds left.\n|inactive|ChainsPkmn has 20 seconds left.\n|inactive|ChainsPkmn has 15 seconds left.\n|inactive|OCFrey has 30 seconds left.\n|\n|t:|1776294609\n|switch|p2b: Palafin|Palafin-Hero, L50, F|100/100\n|-activate|p2b: Palafin|ability: Zero to Hero\n|move|p2a: Kommo-o|Protect|p2a: Kommo-o\n|-singleturn|p2a: Kommo-o|Protect\n|move|p1b: Espathra|Pounce|p2a: Kommo-o\n|-activate|p2a: Kommo-o|move: Protect\n|move|p1a: Froslass|Blizzard|p2a: Kommo-o|[spread] p2b\n|-activate|p2a: Kommo-o|move: Protect\n|-resisted|p2b: Palafin|1\n|-damage|p2b: Palafin|73/100\n|\n|-weather|Snowscape|[upkeep]\n|-ability|p1b: Espathra|Speed Boost|boost\n|-boost|p1b: Espathra|spe|1\n|upkeep\n|turn|4\n|\n|t:|1776294626\n|move|p1b: Espathra|Protect|p1b: Espathra\n|-singleturn|p1b: Espathra|Protect\n|move|p2b: Palafin|Jet Punch|p1b: Espathra\n|-activate|p1b: Espathra|move: Protect\n|move|p1a: Froslass|Blizzard|p2b: Palafin|[spread] p2a,p2b\n|-supereffective|p2a: Kommo-o|1\n|-resisted|p2b: Palafin|1\n|-damage|p2a: Kommo-o|0 fnt\n|-damage|p2b: Palafin|49/100\n|-status|p2b: Palafin|frz\n|faint|p2a: Kommo-o\n|\n|-weather|Snowscape|[upkeep]\n|-ability|p1b: Espathra|Speed Boost|boost\n|-boost|p1b: Espathra|spe|1\n|upkeep\n|\n|t:|1776294635\n|switch|p2a: Gengar|Gengar-Mega, L50, F, shiny|5/100\n|turn|5\n|c|\u2606ChainsPkmn|bruh\n|\n|t:|1776294649\n|switch|p1a: Incineroar|Incineroar, L50, F|100/100\n|-ability|p1a: Incineroar|Intimidate|boost\n|-unboost|p2a: Gengar|atk|1\n|-unboost|p2b: Palafin|atk|1\n|move|p2a: Gengar|Protect|p2a: Gengar\n|-singleturn|p2a: Gengar|Protect\n|-curestatus|p2b: Palafin|frz|[msg]\n|move|p2b: Palafin|Jet Punch|p1b: Espathra\n|-damage|p1b: Espathra|0 fnt\n|faint|p1b: Espathra\n|\n|-weather|Snowscape|[upkeep]\n|upkeep\n|\n|t:|1776294656\n|switch|p1b: Kingambit|Kingambit, L50, F|100/100\n|-activate|p1b: Kingambit|ability: Supreme Overlord\n|-start|p1b: Kingambit|fallen1|[silent]\n|turn|6\n|\n|t:|1776294672\n|switch|p2b: Politoed|Politoed, L50, F|100/100\n|-weather|RainDance|[from] ability: Drizzle|[of] p2b: Politoed\n|move|p1a: Incineroar|Fake Out|p2b: Politoed\n|-damage|p2b: Politoed|89/100\n|move|p2a: Gengar|Focus Blast|p1b: Kingambit\n|-supereffective|p1b: Kingambit|2\n|-damage|p1b: Kingambit|0 fnt\n|faint|p1b: Kingambit\n|-end|p1b: Kingambit|fallen1|[silent]\n|\n|-weather|RainDance|[upkeep]\n|upkeep\n|\n|t:|1776294682\n|switch|p1b: Froslass|Froslass-Mega, L50, F|100/100\n|-weather|Snowscape|[from] ability: Snow Warning|[of] p1b: Froslass\n|turn|7\n|inactive|ChainsPkmn has 30 seconds left.\n|\n|t:|1776294709\n|switch|p2b: Palafin|Palafin-Hero, L50, F|49/100\n|move|p1b: Froslass|Protect|p1b: Froslass\n|-singleturn|p1b: Froslass|Protect\n|move|p2a: Gengar|Shadow Ball|p1b: Froslass\n|-activate|p1b: Froslass|move: Protect\n|move|p1a: Incineroar|Throat Chop|p2a: Gengar\n|-supereffective|p2a: Gengar|1\n|-damage|p2a: Gengar|0 fnt\n|faint|p2a: Gengar\n|\n|-weather|Snowscape|[upkeep]\n|upkeep\n|\n|t:|1776294713\n|switch|p2a: Politoed|Politoed, L50, F|89/100\n|-weather|RainDance|[from] ability: Drizzle|[of] p2a: Politoed\n|turn|8\n|inactive|ChainsPkmn has 30 seconds left.\n|\n|t:|1776294743\n|move|p1b: Froslass|Shadow Ball|p2b: Palafin\n|-damage|p2b: Palafin|3/100\n|move|p2b: Palafin|Wave Crash|p1b: Froslass\n|-damage|p1b: Froslass|0 fnt\n|faint|p1b: Froslass\n|-damage|p2b: Palafin|0 fnt|[from] Recoil\n|faint|p2b: Palafin\n|move|p2a: Politoed|Weather Ball|p1a: Incineroar\n|-supereffective|p1a: Incineroar|1\n|-enditem|p1a: Incineroar|Passho Berry|[eat]\n|-enditem|p1a: Incineroar|Passho Berry|[weaken]\n|-damage|p1a: Incineroar|41/100\n|move|p1a: Incineroar|Throat Chop|p2a: Politoed\n|-damage|p2a: Politoed|52/100\n|-start|p2a: Politoed|Throat Chop|[silent]\n|\n|-weather|RainDance|[upkeep]\n|upkeep\n|turn|9\n|\n|t:|1776294756\n|move|p2a: Politoed|Weather Ball|p1a: Incineroar\n|-supereffective|p1a: Incineroar|1\n|-damage|p1a: Incineroar|0 fnt\n|faint|p1a: Incineroar\n|\n|win|ChainsPkmn\n||OCFrey is ready for game 2.\n||ChainsPkmn is ready for game 2.\n|uhtml|next|Next: <a href=\"/battle-gen9championsvgc2026regma-2584921890\"><strong>Game 2 of 3</strong></a>\n|l|\u2606OCFrey\n|player|p1|\n",
  "uploadtime": 1776295560,
  "views": 33,
  "formatid": "gen9championsvgc2026regma",
  "rating": null,
  "private": 0,
  "password": null
}