{
  "id": "gen9championsvgc2026regma-2586190127",
  "format": "[Gen 9 Champions] VGC 2026 Reg M-A",
  "players": [
    "Relaxo4400",
    "Pokeventurer"
  ],
  "log": "|j|\u2606Relaxo4400\n|j|\u2606Pokeventurer\n|t:|1776410373\n|gametype|doubles\n|player|p1|Relaxo4400|crasherwake|1338\n|player|p2|Pokeventurer|170|1324\n|gen|9\n|tier|[Gen 9 Champions] VGC 2026 Reg M-A\n|rated|\n|rule|Species Clause: Limit one of each Pok\u00e9mon\n|rule|Item Clause: Limit 1 of each item\n|clearpoke\n|poke|p1|Meganium, L50, F|\n|poke|p1|Aerodactyl, L50, M|\n|poke|p1|Tauros-Paldea-Aqua, L50, M|\n|poke|p1|Typhlosion-Hisui, L50, F|\n|poke|p1|Archaludon, L50, F|\n|poke|p1|Kangaskhan, L50, F|\n|poke|p2|Talonflame, L50, F|\n|poke|p2|Kingambit, L50, F|\n|poke|p2|Garchomp, L50, F|\n|poke|p2|Basculegion, L50, M|\n|poke|p2|Floette-Eternal, L50, F|\n|poke|p2|Pelipper, L50, F|\n|teampreview|4\n|inactive|Battle timer is ON: inactive players will automatically lose when time's up. (requested by Relaxo4400)\n|inactive|Relaxo4400 has 60 seconds left.\n|inactive|Pokeventurer has 60 seconds left.\n|inactive|Relaxo4400 has 30 seconds left.\n|\n|t:|1776410440\n|teamsize|p1|4\n|teamsize|p2|4\n|start\n|switch|p1a: Aerodactyl|Aerodactyl, L50, M|100/100\n|switch|p1b: Archaludon|Archaludon, L50, F|100/100\n|switch|p2a: Kingambit|Kingambit, L50, F|100/100\n|switch|p2b: Basculegion|Basculegion, L50, M|100/100\n|-ability|p1a: Aerodactyl|Unnerve\n|turn|1\n|j| 1#MiraidonHater\n|inactive|Relaxo4400 has 30 seconds left.\n|inactive|Relaxo4400 has 20 seconds left.\n|inactive|Relaxo4400 has 15 seconds left.\n|\n|t:|1776410482\n|move|p1a: Aerodactyl|Protect|p1a: Aerodactyl\n|-singleturn|p1a: Aerodactyl|Protect\n|move|p2b: Basculegion|Flip Turn|p1a: Aerodactyl\n|-activate|p1a: Aerodactyl|move: Protect\n|move|p1b: Archaludon|Thunderbolt|p2b: Basculegion\n|-supereffective|p2b: Basculegion|1\n|-crit|p2b: Basculegion\n|-damage|p2b: Basculegion|0 fnt\n|faint|p2b: Basculegion\n|move|p2a: Kingambit|Low Kick|p1b: Archaludon\n|-supereffective|p1b: Archaludon|1\n|-damage|p1b: Archaludon|49/100\n|\n|-heal|p1b: Archaludon|55/100|[from] item: Leftovers\n|upkeep\n|\n|t:|1776410488\n|switch|p2b: Floette|Floette-Eternal, L50, F|100/100\n|turn|2\n|\n|t:|1776410506\n|detailschange|p2b: Floette|Floette-Mega, L50, F\n|-mega|p2b: Floette|Floette|Floettite\n|-ability|p2b: Floette|Fairy Aura\n|move|p1b: Archaludon|Protect|p1b: Archaludon\n|-singleturn|p1b: Archaludon|Protect\n|move|p2a: Kingambit|Sucker Punch||[still]\n|-fail|p2a: Kingambit\n|move|p1a: Aerodactyl|Tailwind|p1a: Aerodactyl\n|-sidestart|p1: Relaxo4400|move: Tailwind\n|move|p2b: Floette|Dazzling Gleam|p1b: Archaludon|[spread] p1a\n|-activate|p1b: Archaludon|move: Protect\n|-damage|p1a: Aerodactyl|33/100\n|\n|-heal|p1b: Archaludon|61/100|[from] item: Leftovers\n|upkeep\n|turn|3\n|\n|t:|1776410530\n|move|p2a: Kingambit|Sucker Punch|p1a: Aerodactyl\n|-damage|p1a: Aerodactyl|0 fnt\n|faint|p1a: Aerodactyl\n|move|p1b: Archaludon|Flash Cannon|p2b: Floette\n|-supereffective|p2b: Floette|1\n|-damage|p2b: Floette|36/100\n|move|p2b: Floette|Dazzling Gleam|p1b: Archaludon\n|-damage|p1b: Archaludon|0 fnt\n|faint|p1b: Archaludon\n|\n|upkeep\n|\n|t:|1776410540\n|switch|p1a: Tauros|Tauros-Paldea-Aqua, L50, M|100/100\n|switch|p1b: Kangaskhan|Kangaskhan, L50, F|100/100\n|-ability|p1a: Tauros|Intimidate|boost\n|-unboost|p2a: Kingambit|atk|1\n|-ability|p2a: Kingambit|Defiant|boost\n|-boost|p2a: Kingambit|atk|2\n|-unboost|p2b: Floette|atk|1\n|turn|4\n|inactive|Relaxo4400 has 30 seconds left.\n|inactive|Relaxo4400 has 20 seconds left.\n|inactive|Relaxo4400 has 15 seconds left.\n|\n|t:|1776410580\n|detailschange|p1b: Kangaskhan|Kangaskhan-Mega, L50, F\n|-mega|p1b: Kangaskhan|Kangaskhan|Kangaskhanite\n|move|p2b: Floette|Protect|p2b: Floette\n|-singleturn|p2b: Floette|Protect\n|move|p2a: Kingambit|Protect|p2a: Kingambit\n|-singleturn|p2a: Kingambit|Protect\n|move|p1b: Kangaskhan|Fake Out|p2b: Floette\n|-activate|p2b: Floette|move: Protect\n|move|p1a: Tauros|Close Combat|p2a: Kingambit\n|-activate|p2a: Kingambit|move: Protect\n|\n|upkeep\n|turn|5\n|inactive|Relaxo4400 has 30 seconds left.\n|\n|t:|1776410608\n|move|p1a: Tauros|Close Combat|p2a: Kingambit\n|-supereffective|p2a: Kingambit|2\n|-enditem|p2a: Kingambit|Chople Berry|[eat]\n|-enditem|p2a: Kingambit|Chople Berry|[weaken]\n|-damage|p2a: Kingambit|11/100\n|-unboost|p1a: Tauros|def|1\n|-unboost|p1a: Tauros|spd|1\n|-enditem|p1a: Tauros|White Herb\n|-clearnegativeboost|p1a: Tauros|[silent]\n|move|p1b: Kangaskhan|Double-Edge|p2b: Floette\n|-damage|p2b: Floette|0 fnt\n|faint|p2b: Floette\n|-hitcount|p2: Floette|1\n|-damage|p1b: Kangaskhan|90/100|[from] Recoil\n|move|p2a: Kingambit|Low Kick|p1b: Kangaskhan\n|-supereffective|p1b: Kangaskhan|1\n|-damage|p1b: Kangaskhan|0 fnt\n|faint|p1b: Kangaskhan\n|\n|-sideend|p1: Relaxo4400|move: Tailwind\n|upkeep\n|\n|t:|1776410618\n|switch|p2b: Pelipper|Pelipper, L50, F|100/100\n|-weather|RainDance|[from] ability: Drizzle|[of] p2b: Pelipper\n|turn|6\n|\n|t:|1776410630\n|move|p1a: Tauros|Aqua Jet|p2a: Kingambit\n|-damage|p2a: Kingambit|0 fnt\n|faint|p2a: Kingambit\n|move|p2b: Pelipper|Hurricane|p1a: Tauros\n|-supereffective|p1a: Tauros|1\n|-damage|p1a: Tauros|0 fnt\n|faint|p1a: Tauros\n|\n|win|Pokeventurer\n|raw|Relaxo4400's rating: 1338 &rarr; <strong>1317</strong><br />(-21 for losing)\n|raw|Pokeventurer's rating: 1324 &rarr; <strong>1345</strong><br />(+21 for winning)\n|l|\u2606Relaxo4400\n|player|p1|\n",
  "uploadtime": 1776410634,
  "views": 37,
  "formatid": "gen9championsvgc2026regma",
  "rating": 1317,
  "private": 0,
  "password": null
}