{
  "id": "gen9championsvgc2026regma-2582778259",
  "format": "[Gen 9 Champions] VGC 2026 Reg M-A",
  "players": [
    "MingulinSelmo",
    "PokeHys"
  ],
  "log": "|j|\u2606MingulinSelmo\n|j|\u2606PokeHys\n|t:|1776113450\n|gametype|doubles\n|player|p1|MingulinSelmo|shauntal|1481\n|player|p2|PokeHys|blackbelt-gen4dp|1469\n|gen|9\n|tier|[Gen 9 Champions] VGC 2026 Reg M-A\n|rated|\n|rule|Species Clause: Limit one of each Pok\u00e9mon\n|rule|Item Clause: Limit 1 of each item\n|clearpoke\n|poke|p1|Basculegion, L50, M|\n|poke|p1|Pelipper, L50, M|\n|poke|p1|Archaludon, L50, F|\n|poke|p1|Sneasler, L50, M|\n|poke|p1|Dragonite, L50, F|\n|poke|p1|Beedrill, L50, M|\n|poke|p2|Torkoal, L50, F|\n|poke|p2|Farigiraf, L50, M|\n|poke|p2|Venusaur, L50, M|\n|poke|p2|Golurk, L50|\n|poke|p2|Incineroar, L50, M|\n|poke|p2|Charizard, L50, F|\n|teampreview|4\n|inactive|Battle timer is ON: inactive players will automatically lose when time's up. (requested by PokeHys)\n|inactive|MingulinSelmo also wants the timer to be on.\n|\n|t:|1776113477\n|teamsize|p1|4\n|teamsize|p2|4\n|start\n|switch|p1a: Basculegion|Basculegion, L50, M|100/100\n|switch|p1b: Archaludon|Archaludon, L50, F|100/100\n|switch|p2a: Charizard|Charizard, L50, F|100/100\n|switch|p2b: Venusaur|Venusaur, L50, M|100/100\n|turn|1\n|inactive|MingulinSelmo has 30 seconds left.\n|j| PapaBigBelly\n|\n|t:|1776113511\n|detailschange|p2a: Charizard|Charizard-Mega-Y, L50, F\n|-mega|p2a: Charizard|Charizard|Charizardite Y\n|-weather|SunnyDay|[from] ability: Drought|[of] p2a: Charizard\n|move|p1b: Archaludon|Protect|p1b: Archaludon\n|-singleturn|p1b: Archaludon|Protect\n|move|p2b: Venusaur|Leaf Storm|p1a: Basculegion\n|-supereffective|p1a: Basculegion|1\n|-damage|p1a: Basculegion|0 fnt\n|-unboost|p2b: Venusaur|spa|2\n|faint|p1a: Basculegion\n|move|p2a: Charizard|Weather Ball|p1b: Archaludon\n|-activate|p1b: Archaludon|move: Protect\n|\n|-weather|SunnyDay|[upkeep]\n|upkeep\n|\n|t:|1776113529\n|switch|p1a: Pelipper|Pelipper, L50, M|100/100\n|-weather|RainDance|[from] ability: Drizzle|[of] p1a: Pelipper\n|turn|2\n|j| bloodbat007\n|\n|t:|1776113538\n|switch|p2b: Francois|Torkoal, L50, F|100/100\n|-weather|SunnyDay|[from] ability: Drought|[of] p2b: Francois\n|move|p2a: Charizard|Weather Ball|p1b: Archaludon\n|-damage|p1b: Archaludon|22/100\n|-ability|p1b: Archaludon|Stamina|boost\n|-boost|p1b: Archaludon|def|1\n|move|p1b: Archaludon|Electro Shot||[still]\n|-prepare|p1b: Archaludon|Electro Shot\n|-boost|p1b: Archaludon|spa|1\n|move|p1a: Pelipper|Hurricane|p2b: Francois\n|-damage|p2b: Francois|44/100\n|-start|p2b: Francois|confusion\n|\n|-weather|SunnyDay|[upkeep]\n|-heal|p1b: Archaludon|28/100|[from] item: Leftovers\n|upkeep\n|turn|3\n|\n|t:|1776113553\n|switch|p2b: Venusaur|Venusaur, L50, M|100/100\n|move|p1a: Pelipper|Wide Guard|p1a: Pelipper\n|-singleturn|p1a: Pelipper|Wide Guard\n|move|p2a: Charizard|Heat Wave|p1b: Archaludon|[spread] \n|-activate|p1a: Pelipper|move: Wide Guard\n|-activate|p1b: Archaludon|move: Wide Guard\n|move|p1b: Archaludon|Electro Shot|p2a: Charizard|[from] lockedmove\n|-supereffective|p2a: Charizard|1\n|-damage|p2a: Charizard|0 fnt\n|faint|p2a: Charizard\n|\n|-weather|SunnyDay|[upkeep]\n|-heal|p1b: Archaludon|35/100|[from] item: Leftovers\n|upkeep\n|\n|t:|1776113559\n|switch|p2a: Farigiraf|Farigiraf, L50, M|100/100\n|turn|4\n|j| your stepsister\n|inactive|MingulinSelmo has 30 seconds left.\n|\n|t:|1776113585\n|switch|p1a: Dragonite|Dragonite, L50, F|100/100\n|move|p1b: Archaludon|Protect|p1b: Archaludon\n|-singleturn|p1b: Archaludon|Protect\n|move|p2b: Venusaur|Sleep Powder|p1a: Dragonite\n|-status|p1a: Dragonite|slp|[from] move: Sleep Powder\n|move|p2a: Farigiraf|Trick Room|p2a: Farigiraf\n|-fieldstart|move: Trick Room|[of] p2a: Farigiraf\n|\n|-weather|SunnyDay|[upkeep]\n|-heal|p1b: Archaludon|41/100|[from] item: Leftovers\n|upkeep\n|turn|5\n|j| killapowa\n|\n|t:|1776113606\n|cant|p1a: Dragonite|slp\n|move|p2a: Farigiraf|Hyper Voice|p1b: Archaludon|[spread] p1a,p1b\n|-resisted|p1b: Archaludon|1\n|-damage|p1a: Dragonite|79/100 slp\n|-damage|p1b: Archaludon|25/100\n|-ability|p1b: Archaludon|Stamina|boost\n|-boost|p1b: Archaludon|def|1\n|move|p1b: Archaludon|Flash Cannon|p2a: Farigiraf\n|-damage|p2a: Farigiraf|50/100\n|move|p2b: Venusaur|Sludge Bomb|p1a: Dragonite\n|-damage|p1a: Dragonite|32/100 slp\n|\n|-weather|SunnyDay|[upkeep]\n|-heal|p1b: Archaludon|31/100|[from] item: Leftovers\n|upkeep\n|turn|6\n|l| your stepsister\n|inactive|MingulinSelmo has 30 seconds left.\n|inactive|PokeHys has 30 seconds left.\n|\n|t:|1776113641\n|detailschange|p1a: Dragonite|Dragonite-Mega, L50, F\n|-mega|p1a: Dragonite|Dragonite|Dragoninite\n|move|p2a: Farigiraf|Protect|p2a: Farigiraf\n|-singleturn|p2a: Farigiraf|Protect\n|cant|p1a: Dragonite|slp\n|move|p1b: Archaludon|Flash Cannon|p2a: Farigiraf\n|-activate|p2a: Farigiraf|move: Protect\n|move|p2b: Venusaur|Sludge Bomb|p1a: Dragonite\n|-damage|p1a: Dragonite|0 fnt\n|faint|p1a: Dragonite\n|\n|-weather|none\n|-heal|p1b: Archaludon|37/100|[from] item: Leftovers\n|upkeep\n|j| Ilredeitreni\n|\n|t:|1776113652\n|switch|p1a: Pelipper|Pelipper, L50, M|100/100\n|-weather|RainDance|[from] ability: Drizzle|[of] p1a: Pelipper\n|turn|7\n|\n|t:|1776113677\n|move|p2b: Venusaur|Protect|p2b: Venusaur\n|-singleturn|p2b: Venusaur|Protect\n|move|p2a: Farigiraf|Psychic|p1b: Archaludon\n|-resisted|p1b: Archaludon|1\n|-damage|p1b: Archaludon|17/100\n|-ability|p1b: Archaludon|Stamina|boost\n|-boost|p1b: Archaludon|def|1\n|move|p1a: Pelipper|Weather Ball|p2b: Venusaur\n|-activate|p2b: Venusaur|move: Protect\n|move|p1b: Archaludon|Flash Cannon|p2a: Farigiraf\n|-damage|p2a: Farigiraf|3/100\n|\n|-weather|RainDance|[upkeep]\n|-heal|p1b: Archaludon|23/100|[from] item: Leftovers\n|upkeep\n|turn|8\n|\n|t:|1776113692\n|move|p1b: Archaludon|Protect|p1b: Archaludon\n|-singleturn|p1b: Archaludon|Protect\n|move|p2a: Farigiraf|Psychic|p1b: Archaludon\n|-activate|p1b: Archaludon|move: Protect\n|move|p1a: Pelipper|Hurricane|p2b: Venusaur\n|-supereffective|p2b: Venusaur|1\n|-enditem|p2b: Venusaur|Focus Sash\n|-damage|p2b: Venusaur|1/100\n|move|p2b: Venusaur|Sleep Powder|p1a: Pelipper|[miss]\n|-miss|p2b: Venusaur|p1a: Pelipper\n|\n|-weather|RainDance|[upkeep]\n|-heal|p1b: Archaludon|29/100|[from] item: Leftovers\n|-fieldend|move: Trick Room\n|upkeep\n|turn|9\n|l| bloodbat007\n|inactive|MingulinSelmo has 30 seconds left.\n|\n|t:|1776113721\n|move|p2b: Venusaur|Sleep Powder|p1b: Archaludon\n|-status|p1b: Archaludon|slp|[from] move: Sleep Powder\n|cant|p1b: Archaludon|slp\n|move|p1a: Pelipper|Weather Ball|p2b: Venusaur\n|-resisted|p2b: Venusaur|1\n|-crit|p2b: Venusaur\n|-damage|p2b: Venusaur|0 fnt\n|faint|p2b: Venusaur\n|move|p2a: Farigiraf|Trick Room|p2a: Farigiraf\n|-fieldstart|move: Trick Room|[of] p2a: Farigiraf\n|\n|-weather|RainDance|[upkeep]\n|-heal|p1b: Archaludon|36/100 slp|[from] item: Leftovers\n|upkeep\n|\n|t:|1776113729\n|switch|p2b: Francois|Torkoal, L50, F|44/100\n|-weather|SunnyDay|[from] ability: Drought|[of] p2b: Francois\n|turn|10\n|\n|t:|1776113739\n|move|p1a: Pelipper|Wide Guard|p1a: Pelipper\n|-singleturn|p1a: Pelipper|Wide Guard\n|move|p2b: Francois|Weather Ball|p1b: Archaludon\n|-damage|p1b: Archaludon|0 fnt\n|faint|p1b: Archaludon\n|move|p2a: Farigiraf|Psychic|p1a: Pelipper\n|-damage|p1a: Pelipper|33/100\n|\n|-weather|SunnyDay|[upkeep]\n|upkeep\n|turn|11\n|\n|t:|1776113749\n|move|p2b: Francois|Weather Ball|p1a: Pelipper\n|-resisted|p1a: Pelipper|1\n|-damage|p1a: Pelipper|0 fnt\n|faint|p1a: Pelipper\n|\n|win|PokeHys\n|raw|MingulinSelmo's rating: 1481 &rarr; <strong>1460</strong><br />(-21 for losing)\n|raw|PokeHys's rating: 1469 &rarr; <strong>1490</strong><br />(+21 for winning)\n|l|\u2606MingulinSelmo\n|player|p1|\n|l|\u2606PokeHys\n|player|p2|\n|l| killapowa\n",
  "uploadtime": 1776113958,
  "views": 69,
  "formatid": "gen9championsvgc2026regma",
  "rating": 1460,
  "private": 0,
  "password": null
}