{
  "id": "gen9championsvgc2026regma-2588410112",
  "format": "[Gen 9 Champions] VGC 2026 Reg M-A",
  "players": [
    "AiOPedrito",
    "k1ngm3"
  ],
  "log": "|j|\u2606AiOPedrito\n|j|\u2606k1ngm3\n|t:|1776631154\n|gametype|doubles\n|player|p1|AiOPedrito|jacq|1203\n|player|p2|k1ngm3|dragontamer|1129\n|gen|9\n|tier|[Gen 9 Champions] VGC 2026 Reg M-A\n|rated|\n|rule|Species Clause: Limit one of each Pok\u00e9mon\n|rule|Item Clause: Limit 1 of each item\n|clearpoke\n|poke|p1|Gengar, L50, M|\n|poke|p1|Garchomp, L50, M|\n|poke|p1|Corviknight, L50, F|\n|poke|p1|Arcanine, L50, F|\n|poke|p1|Palafin, L50, F|\n|poke|p1|Scizor, L50, F|\n|poke|p2|Gyarados, L50, M|\n|poke|p2|Aegislash, L50, F|\n|poke|p2|Incineroar, L50, M|\n|poke|p2|Archaludon, L50, M|\n|poke|p2|Floette-Eternal, L50, F|\n|poke|p2|Sneasler, L50, M|\n|teampreview|4\n|inactive|Battle timer is ON: inactive players will automatically lose when time's up. (requested by k1ngm3)\n|\n|t:|1776631220\n|teamsize|p1|4\n|teamsize|p2|4\n|start\n|switch|p1a: Gengar|Gengar, L50, M|100/100\n|switch|p1b: Arcanine|Arcanine, L50, F|100/100\n|switch|p2a: Aegislash|Aegislash, L50, F|100/100\n|switch|p2b: Incineroar|Incineroar, L50, M|100/100\n|-ability|p1b: Arcanine|Intimidate|boost\n|-unboost|p2a: Aegislash|atk|1\n|-unboost|p2b: Incineroar|atk|1\n|-ability|p2b: Incineroar|Intimidate|boost\n|-unboost|p1a: Gengar|atk|1\n|-unboost|p1b: Arcanine|atk|1\n|turn|1\n|inactive|AiOPedrito has 30 seconds left.\n|inactive|k1ngm3 has 30 seconds left.\n|inactive|k1ngm3 has 20 seconds left.\n|\n|t:|1776631256\n|switch|p1b: Garchomp|Garchomp, L50, M|100/100\n|detailschange|p1a: Gengar|Gengar-Mega, L50, M\n|-mega|p1a: Gengar|Gengar|Gengarite\n|move|p1a: Gengar|Protect|p1a: Gengar\n|-singleturn|p1a: Gengar|Protect\n|-formechange|p2a: Aegislash|Aegislash-Blade|\n|move|p2a: Aegislash|Shadow Sneak|p1a: Gengar\n|-activate|p1a: Gengar|move: Protect\n|move|p2b: Incineroar|Darkest Lariat|p1a: Gengar\n|-activate|p1a: Gengar|move: Protect\n|\n|upkeep\n|turn|2\n|inactive|AiOPedrito has 30 seconds left.\n|inactive|k1ngm3 has 30 seconds left.\n|inactive|k1ngm3 has 20 seconds left.\n|inactive|AiOPedrito has 20 seconds left.\n|\n|t:|1776631297\n|switch|p1a: Scizor|Scizor, L50, F|100/100\n|-formechange|p2a: Aegislash|Aegislash|\n|move|p2a: Aegislash|King's Shield|p2a: Aegislash\n|-singleturn|p2a: Aegislash|Protect\n|move|p1b: Garchomp|Dragon Claw|p2b: Incineroar\n|-damage|p2b: Incineroar|61/100\n|move|p2b: Incineroar|Drain Punch|p1b: Garchomp\n|-damage|p1b: Garchomp|86/100\n|-heal|p2b: Incineroar|69/100|[from] drain|[of] p1b: Garchomp\n|-damage|p2b: Incineroar|56/100|[from] ability: Rough Skin|[of] p1b: Garchomp\n|\n|upkeep\n|turn|3\n|inactive|k1ngm3 has 30 seconds left.\n|inactive|k1ngm3 has 20 seconds left.\n|inactive|k1ngm3 has 15 seconds left.\n|\n|t:|1776631341\n|switch|p2b: Gyarados|Gyarados, L50, M|100/100\n|-ability|p2b: Gyarados|Intimidate|boost\n|-unboost|p1a: Scizor|atk|1\n|-unboost|p1b: Garchomp|atk|1\n|move|p1b: Garchomp|Earthquake|p2a: Aegislash|[spread] p1a,p2a\n|-immune|p2b: Gyarados\n|-supereffective|p2a: Aegislash|1\n|-damage|p1a: Scizor|70/100\n|-damage|p2a: Aegislash|51/100\n|move|p1a: Scizor|Knock Off|p2a: Aegislash\n|-supereffective|p2a: Aegislash|1\n|-damage|p2a: Aegislash|13/100\n|-enditem|p2a: Aegislash|Leftovers|[from] move: Knock Off|[of] p1a: Scizor\n|-formechange|p2a: Aegislash|Aegislash-Blade|\n|move|p2a: Aegislash|Close Combat|p1b: Garchomp\n|-damage|p1b: Garchomp|56/100\n|-unboost|p2a: Aegislash|def|1\n|-unboost|p2a: Aegislash|spd|1\n|-damage|p2a: Aegislash|0 fnt|[from] ability: Rough Skin|[of] p1b: Garchomp\n|faint|p2a: Aegislash\n|\n|upkeep\n|\n|t:|1776631361\n|switch|p2a: Incineroar|Incineroar, L50, M|56/100\n|-ability|p2a: Incineroar|Intimidate|boost\n|-unboost|p1a: Scizor|atk|1\n|-unboost|p1b: Garchomp|atk|1\n|turn|4\n|\n|t:|1776631378\n|detailschange|p2b: Gyarados|Gyarados-Mega, L50, M\n|-mega|p2b: Gyarados|Gyarados|Gyaradosite\n|-ability|p2b: Gyarados|Mold Breaker\n|move|p1b: Garchomp|Rock Slide|p2b: Gyarados|[spread] p2b\n|-miss|p1b: Garchomp|p2a: Incineroar\n|-damage|p2b: Gyarados|91/100\n|move|p2b: Gyarados|Ice Fang|p1b: Garchomp\n|-supereffective|p1b: Garchomp|2\n|-enditem|p1b: Garchomp|Yache Berry|[eat]\n|-enditem|p1b: Garchomp|Yache Berry|[weaken]\n|-damage|p1b: Garchomp|2/100\n|-damage|p2b: Gyarados|79/100|[from] ability: Rough Skin|[of] p1b: Garchomp\n|move|p1a: Scizor|U-turn|p2a: Incineroar\n|-damage|p2a: Incineroar|41/100\n|-enditem|p2a: Incineroar|Sitrus Berry|[eat]\n|-heal|p2a: Incineroar|66/100|[from] item: Sitrus Berry\n|\n|t:|1776631396\n|switch|p1a: Arcanine|Arcanine, L50, F|100/100|[from] U-turn\n|-ability|p1a: Arcanine|Intimidate|boost\n|-unboost|p2a: Incineroar|atk|1\n|-unboost|p2b: Gyarados|atk|1\n|move|p2a: Incineroar|Flare Blitz|p1a: Arcanine\n|-resisted|p1a: Arcanine|1\n|-damage|p1a: Arcanine|81/100\n|-damage|p2a: Incineroar|58/100|[from] Recoil\n|\n|-heal|p1a: Arcanine|87/100|[from] item: Leftovers\n|upkeep\n|turn|5\n|inactive|k1ngm3 has 30 seconds left.\n|\n|t:|1776631425\n|switch|p2a: Archaludon|Archaludon, L50, M|100/100\n|move|p1b: Garchomp|Rock Slide|p2b: Gyarados|[spread] p2a,p2b\n|-resisted|p2a: Archaludon|1\n|-damage|p2a: Archaludon|96/100\n|-damage|p2b: Gyarados|69/100\n|-ability|p2a: Archaludon|Stamina|boost\n|-boost|p2a: Archaludon|def|1\n|move|p2b: Gyarados|Waterfall|p1a: Arcanine\n|-supereffective|p1a: Arcanine|1\n|-damage|p1a: Arcanine|31/100\n|move|p1a: Arcanine|Wild Charge|p2b: Gyarados\n|-supereffective|p2b: Gyarados|1\n|-damage|p2b: Gyarados|9/100\n|-damage|p1a: Arcanine|18/100|[from] Recoil\n|\n|-heal|p1a: Arcanine|24/100|[from] item: Leftovers\n|upkeep\n|turn|6\n|inactive|k1ngm3 has 30 seconds left.\n|inactive|AiOPedrito has 30 seconds left.\n|\n|t:|1776631458\n|switch|p2b: Incineroar|Incineroar, L50, M|58/100\n|-ability|p2b: Incineroar|Intimidate|boost\n|-unboost|p1a: Arcanine|atk|1\n|-unboost|p1b: Garchomp|atk|1\n|move|p1a: Arcanine|Protect|p1a: Arcanine\n|-singleturn|p1a: Arcanine|Protect\n|move|p1b: Garchomp|Earthquake|p2b: Incineroar|[spread] p2a,p2b\n|-activate|p1a: Arcanine|move: Protect\n|-supereffective|p2a: Archaludon|1\n|-supereffective|p2b: Incineroar|1\n|-damage|p2a: Archaludon|74/100\n|-damage|p2b: Incineroar|28/100\n|-ability|p2a: Archaludon|Stamina|boost\n|-boost|p2a: Archaludon|def|1\n|move|p2a: Archaludon|Flash Cannon|p1a: Arcanine\n|-activate|p1a: Arcanine|move: Protect\n|\n|-heal|p1a: Arcanine|30/100|[from] item: Leftovers\n|upkeep\n|turn|7\n|inactive|k1ngm3 has 30 seconds left.\n|inactive|k1ngm3 has 20 seconds left.\n|inactive|k1ngm3 has 15 seconds left.\n|\n|t:|1776631501\n|move|p2b: Incineroar|Fake Out|p1b: Garchomp\n|-damage|p1b: Garchomp|0 fnt\n|-damage|p2b: Incineroar|15/100|[from] ability: Rough Skin|[of] p1b: Garchomp\n|faint|p1b: Garchomp\n|move|p1a: Arcanine|Extreme Speed|p2b: Incineroar\n|-crit|p2b: Incineroar\n|-damage|p2b: Incineroar|0 fnt\n|faint|p2b: Incineroar\n|move|p2a: Archaludon|Flash Cannon|p1a: Arcanine\n|-resisted|p1a: Arcanine|1\n|-damage|p1a: Arcanine|9/100\n|\n|-heal|p1a: Arcanine|15/100|[from] item: Leftovers\n|upkeep\n|\n|t:|1776631515\n|switch|p1b: Gengar|Gengar-Mega, L50, M|100/100\n|switch|p2b: Gyarados|Gyarados-Mega, L50, M|9/100\n|-ability|p2b: Gyarados|Mold Breaker\n|turn|8\n|\n|t:|1776631532\n|move|p2a: Archaludon|Protect|p2a: Archaludon\n|-singleturn|p2a: Archaludon|Protect\n|move|p1a: Arcanine|Extreme Speed|p2b: Gyarados\n|-damage|p2b: Gyarados|0 fnt\n|faint|p2b: Gyarados\n|move|p1b: Gengar|Perish Song|p1b: Gengar\n|-start|p1a: Arcanine|perish3|[silent]\n|-start|p1b: Gengar|perish3|[silent]\n|-start|p2a: Archaludon|perish3|[silent]\n|-fieldactivate|move: Perish Song\n|\n|-heal|p1a: Arcanine|21/100|[from] item: Leftovers\n|-start|p1b: Gengar|perish3\n|-start|p2a: Archaludon|perish3\n|-start|p1a: Arcanine|perish3\n|upkeep\n|turn|9\n|\n|t:|1776631548\n|move|p1b: Gengar|Protect|p1b: Gengar\n|-singleturn|p1b: Gengar|Protect\n|move|p1a: Arcanine|Protect|p1a: Arcanine\n|-singleturn|p1a: Arcanine|Protect\n|move|p2a: Archaludon|Draco Meteor|p1b: Gengar\n|-activate|p1b: Gengar|move: Protect\n|\n|-heal|p1a: Arcanine|27/100|[from] item: Leftovers\n|-start|p1b: Gengar|perish2\n|-start|p2a: Archaludon|perish2\n|-start|p1a: Arcanine|perish2\n|upkeep\n|turn|10\n|\n|t:|1776631566\n|switch|p1b: Scizor|Scizor, L50, F|70/100\n|move|p2a: Archaludon|Draco Meteor|p1b: Scizor|[miss]\n|-miss|p2a: Archaludon|p1b: Scizor\n|move|p1a: Arcanine|Flare Blitz|p2a: Archaludon\n|-damage|p2a: Archaludon|57/100\n|-ability|p2a: Archaludon|Stamina|boost\n|-boost|p2a: Archaludon|def|1\n|-damage|p1a: Arcanine|23/100|[from] Recoil\n|\n|-heal|p1a: Arcanine|29/100|[from] item: Leftovers\n|-start|p2a: Archaludon|perish1\n|-start|p1a: Arcanine|perish1\n|upkeep\n|turn|11\n|-message|k1ngm3 forfeited.\n|\n|win|AiOPedrito\n|raw|AiOPedrito's rating: 1203 &rarr; <strong>1223</strong><br />(+20 for winning)\n|raw|k1ngm3's rating: 1129 &rarr; <strong>1109</strong><br />(-20 for losing)\n|l|\u2606k1ngm3\n|player|p2|\n",
  "uploadtime": 1776631584,
  "views": 13,
  "formatid": "gen9championsvgc2026regma",
  "rating": 1109,
  "private": 0,
  "password": null
}