{
  "id": "gen9championsvgc2026regma-2583014362",
  "format": "[Gen 9 Champions] VGC 2026 Reg M-A",
  "players": [
    "Boomboompow202",
    "jyotsha"
  ],
  "log": "|j|\u2606Boomboompow202\n|j|\u2606jyotsha\n|t:|1776133432\n|gametype|doubles\n|player|p1|Boomboompow202|266|1234\n|player|p2|jyotsha|102|1233\n|gen|9\n|tier|[Gen 9 Champions] VGC 2026 Reg M-A\n|rated|\n|rule|Species Clause: Limit one of each Pok\u00e9mon\n|rule|Item Clause: Limit 1 of each item\n|clearpoke\n|poke|p1|Incineroar, L50, F|\n|poke|p1|Tyranitar, L50, F|\n|poke|p1|Excadrill, L50, M|\n|poke|p1|Rotom-Frost, L50|\n|poke|p1|Aerodactyl, L50, F|\n|poke|p1|Sneasler, L50, F|\n|poke|p2|Floette-Eternal, L50, F|\n|poke|p2|Sinistcha, L50|\n|poke|p2|Sableye, L50, F|\n|poke|p2|Aegislash, L50, F|\n|poke|p2|Primarina, L50, F|\n|poke|p2|Incineroar, L50, F|\n|teampreview|4\n|inactive|Battle timer is ON: inactive players will automatically lose when time's up. (requested by jyotsha)\n|\n|t:|1776133464\n|teamsize|p1|4\n|teamsize|p2|4\n|start\n|switch|p1a: Sneasler|Sneasler, L50, F|100/100\n|switch|p1b: Incineroar|Incineroar, L50, F|100/100\n|switch|p2a: Incineroar|Incineroar, L50, F|100/100\n|switch|p2b: Sableye|Sableye, L50, F|100/100\n|-ability|p1b: Incineroar|Intimidate|boost\n|-unboost|p2a: Incineroar|atk|1\n|-unboost|p2b: Sableye|atk|1\n|-ability|p2a: Incineroar|Intimidate|boost\n|-unboost|p1a: Sneasler|atk|1\n|-unboost|p1b: Incineroar|atk|1\n|-enditem|p1a: Sneasler|White Herb\n|-clearnegativeboost|p1a: Sneasler|[silent]\n|turn|1\n|inactive|jyotsha has 30 seconds left.\n|inactive|jyotsha has 20 seconds left.\n|\n|t:|1776133501\n|move|p1b: Incineroar|Fake Out|p2a: Incineroar\n|-damage|p2a: Incineroar|91/100\n|cant|p2a: Incineroar|flinch\n|move|p2b: Sableye|Fake Out|p1b: Incineroar\n|-damage|p1b: Incineroar|96/100\n|move|p1a: Sneasler|Close Combat|p2a: Incineroar\n|-supereffective|p2a: Incineroar|1\n|-enditem|p2a: Incineroar|Chople Berry|[eat]\n|-enditem|p2a: Incineroar|Chople Berry|[weaken]\n|-damage|p2a: Incineroar|24/100\n|-unboost|p1a: Sneasler|def|1\n|-unboost|p1a: Sneasler|spd|1\n|\n|upkeep\n|turn|2\n|inactive|Boomboompow202 has 30 seconds left.\n|inactive|jyotsha has 30 seconds left.\n|inactive|Boomboompow202 has 20 seconds left.\n|\n|t:|1776133538\n|switch|p1a: Tyranitar|Tyranitar, L50, F|100/100\n|-weather|Sandstorm|[from] ability: Sand Stream|[of] p1a: Tyranitar\n|switch|p2a: Sinistcha|Sinistcha, L50|100/100\n|move|p2b: Sableye|Will-O-Wisp|p1a: Tyranitar\n|-hint|Since gen 7, Dark is immune to Prankster moves.\n|-immune|p1a: Tyranitar\n|move|p1b: Incineroar|Darkest Lariat|p2b: Sableye\n|-damage|p2b: Sableye|60/100\n|\n|-weather|Sandstorm|[upkeep]\n|-damage|p1b: Incineroar|90/100|[from] Sandstorm\n|-damage|p2a: Sinistcha|94/100|[from] Sandstorm\n|-damage|p2b: Sableye|55/100|[from] Sandstorm\n|upkeep\n|turn|3\n|inactive|Boomboompow202 has 30 seconds left.\n|\n|t:|1776133564\n|switch|p2b: Incineroar|Incineroar, L50, F|24/100\n|-ability|p2b: Incineroar|Intimidate|boost\n|-unboost|p1a: Tyranitar|atk|1\n|-unboost|p1b: Incineroar|atk|1\n|move|p1b: Incineroar|Flare Blitz|p2a: Sinistcha\n|-supereffective|p2a: Sinistcha|1\n|-damage|p2a: Sinistcha|39/100\n|-enditem|p2a: Sinistcha|Sitrus Berry|[eat]\n|-heal|p2a: Sinistcha|64/100|[from] item: Sitrus Berry\n|-damage|p1b: Incineroar|73/100|[from] Recoil\n|move|p1a: Tyranitar|Knock Off|p2a: Sinistcha\n|-supereffective|p2a: Sinistcha|1\n|-damage|p2a: Sinistcha|17/100\n|move|p2a: Sinistcha|Trick Room|p2a: Sinistcha\n|-fieldstart|move: Trick Room|[of] p2a: Sinistcha\n|\n|-weather|Sandstorm|[upkeep]\n|-damage|p2b: Incineroar|18/100|[from] Sandstorm\n|-damage|p2a: Sinistcha|11/100|[from] Sandstorm\n|-damage|p1b: Incineroar|67/100|[from] Sandstorm\n|upkeep\n|turn|4\n|inactive|jyotsha has 30 seconds left.\n|\n|t:|1776133594\n|switch|p1b: Sneasler|Sneasler, L50, F|100/100\n|move|p1a: Tyranitar|Protect|p1a: Tyranitar\n|-singleturn|p1a: Tyranitar|Protect\n|move|p2b: Incineroar|Fake Out|p1b: Sneasler\n|-crit|p1b: Sneasler\n|-damage|p1b: Sneasler|64/100\n|move|p2a: Sinistcha|Life Dew|p2a: Sinistcha|[spread] p2a,p2b\n|-heal|p2a: Sinistcha|36/100\n|-heal|p2b: Incineroar|43/100\n|\n|-weather|Sandstorm|[upkeep]\n|-damage|p2b: Incineroar|37/100|[from] Sandstorm\n|-damage|p2a: Sinistcha|30/100|[from] Sandstorm\n|-damage|p1b: Sneasler|59/100|[from] Sandstorm\n|upkeep\n|turn|5\n|\n|t:|1776133608\n|switch|p2b: Sableye|Sableye, L50, F|55/100\n|switch|p1a: Incineroar|Incineroar, L50, F|67/100\n|-ability|p1a: Incineroar|Intimidate|boost\n|-unboost|p2a: Sinistcha|atk|1\n|-unboost|p2b: Sableye|atk|1\n|move|p1b: Sneasler|Fake Out|p2b: Sableye\n|-immune|p2b: Sableye\n|move|p2a: Sinistcha|Life Dew|p2a: Sinistcha|[spread] p2a,p2b\n|-heal|p2a: Sinistcha|55/100\n|-heal|p2b: Sableye|79/100\n|\n|-weather|Sandstorm|[upkeep]\n|-damage|p2b: Sableye|74/100|[from] Sandstorm\n|-damage|p2a: Sinistcha|49/100|[from] Sandstorm\n|-damage|p1a: Incineroar|61/100|[from] Sandstorm\n|-damage|p1b: Sneasler|53/100|[from] Sandstorm\n|upkeep\n|turn|6\n|inactive|jyotsha has 30 seconds left.\n|\n|t:|1776133634\n|move|p2b: Sableye|Fake Out|p1a: Incineroar\n|-damage|p1a: Incineroar|57/100\n|move|p2a: Sinistcha|Life Dew|p2a: Sinistcha|[spread] p2a,p2b\n|-heal|p2a: Sinistcha|74/100\n|-heal|p2b: Sableye|99/100\n|cant|p1a: Incineroar|flinch\n|move|p1b: Sneasler|Dire Claw|p2a: Sinistcha\n|-damage|p2a: Sinistcha|34/100\n|\n|-weather|none\n|upkeep\n|turn|7\n|\n|t:|1776133655\n|switch|p2a: Incineroar|Incineroar, L50, F|37/100\n|-ability|p2a: Incineroar|Intimidate|boost\n|-unboost|p1a: Incineroar|atk|1\n|-unboost|p1b: Sneasler|atk|1\n|move|p2b: Sableye|Will-O-Wisp|p1b: Sneasler\n|-status|p1b: Sneasler|brn\n|move|p1a: Incineroar|Parting Shot|p2b: Sableye\n|-unboost|p2b: Sableye|atk|1\n|-unboost|p2b: Sableye|spa|1\n|\n|t:|1776133666\n|switch|p1a: Tyranitar|Tyranitar, L50, F|100/100|[from] Parting Shot\n|-weather|Sandstorm|[from] ability: Sand Stream|[of] p1a: Tyranitar\n|move|p1b: Sneasler|Dire Claw|p2a: Incineroar\n|-damage|p2a: Incineroar|23/100\n|\n|-weather|Sandstorm|[upkeep]\n|-damage|p2b: Sableye|93/100|[from] Sandstorm\n|-damage|p2a: Incineroar|17/100|[from] Sandstorm\n|-damage|p1b: Sneasler|47/100 brn|[from] Sandstorm\n|-damage|p1b: Sneasler|41/100 brn|[from] brn\n|-fieldend|move: Trick Room\n|upkeep\n|turn|8\n|\n|t:|1776133690\n|switch|p2b: Sinistcha|Sinistcha, L50|34/100\n|-heal|p2a: Incineroar|42/100|[from] ability: Hospitality|[of] p2b: Sinistcha\n|move|p1a: Tyranitar|Protect|p1a: Tyranitar\n|-singleturn|p1a: Tyranitar|Protect\n|move|p2a: Incineroar|Fake Out|p1a: Tyranitar\n|-activate|p1a: Tyranitar|move: Protect\n|move|p1b: Sneasler|Close Combat|p2a: Incineroar\n|-supereffective|p2a: Incineroar|1\n|-damage|p2a: Incineroar|0 fnt\n|-unboost|p1b: Sneasler|def|1\n|-unboost|p1b: Sneasler|spd|1\n|faint|p2a: Incineroar\n|\n|-weather|Sandstorm|[upkeep]\n|-damage|p1b: Sneasler|35/100 brn|[from] Sandstorm\n|-damage|p2b: Sinistcha|27/100|[from] Sandstorm\n|-damage|p1b: Sneasler|30/100 brn|[from] brn\n|upkeep\n|\n|t:|1776133702\n|switch|p2a: Primarina|Primarina, L50, F|100/100\n|turn|9\n|inactive|Boomboompow202 has 30 seconds left.\n|\n|t:|1776133730\n|switch|p1b: Incineroar|Incineroar, L50, F|57/100\n|-ability|p1b: Incineroar|Intimidate|boost\n|-unboost|p2a: Primarina|atk|1\n|-unboost|p2b: Sinistcha|atk|1\n|switch|p2b: Sableye|Sableye, L50, F|93/100\n|detailschange|p1a: Tyranitar|Tyranitar-Mega, L50, F\n|-mega|p1a: Tyranitar|Tyranitar|Tyranitarite\n|move|p1a: Tyranitar|Knock Off|p2a: Primarina\n|-resisted|p2a: Primarina|1\n|-damage|p2a: Primarina|69/100\n|-enditem|p2a: Primarina|Leftovers|[from] move: Knock Off|[of] p1a: Tyranitar\n|move|p2a: Primarina|Calm Mind|p2a: Primarina\n|-boost|p2a: Primarina|spa|1\n|-boost|p2a: Primarina|spd|1\n|\n|-weather|Sandstorm|[upkeep]\n|-damage|p1b: Incineroar|50/100|[from] Sandstorm\n|-damage|p2a: Primarina|64/100|[from] Sandstorm\n|-damage|p2b: Sableye|87/100|[from] Sandstorm\n|-enditem|p1b: Incineroar|Sitrus Berry|[eat]\n|-heal|p1b: Incineroar|75/100|[from] item: Sitrus Berry\n|upkeep\n|turn|10\n|inactive|Boomboompow202 has 30 seconds left.\n|inactive|jyotsha has 30 seconds left.\n|\n|t:|1776133761\n|move|p2b: Sableye|Fake Out|p1b: Incineroar\n|-damage|p1b: Incineroar|68/100\n|move|p1a: Tyranitar|Rock Slide|p2b: Sableye|[spread] p2a\n|-miss|p1a: Tyranitar|p2b: Sableye\n|-damage|p2a: Primarina|32/100\n|cant|p1b: Incineroar|flinch\n|move|p2a: Primarina|Calm Mind|p2a: Primarina\n|-boost|p2a: Primarina|spa|1\n|-boost|p2a: Primarina|spd|1\n|\n|-weather|Sandstorm|[upkeep]\n|-damage|p1b: Incineroar|62/100|[from] Sandstorm\n|-damage|p2a: Primarina|26/100|[from] Sandstorm\n|-damage|p2b: Sableye|81/100|[from] Sandstorm\n|upkeep\n|turn|11\n|\n|t:|1776133776\n|switch|p2b: Sinistcha|Sinistcha, L50|27/100\n|-heal|p2a: Primarina|50/100|[from] ability: Hospitality|[of] p2b: Sinistcha\n|move|p2a: Primarina|Protect|p2a: Primarina\n|-singleturn|p2a: Primarina|Protect\n|move|p1a: Tyranitar|Rock Slide|p2b: Sinistcha|[spread] p2b\n|-activate|p2a: Primarina|move: Protect\n|-damage|p2b: Sinistcha|0 fnt\n|faint|p2b: Sinistcha\n|move|p1b: Incineroar|Parting Shot|p2a: Primarina\n|-activate|p2a: Primarina|move: Protect\n|\n|-weather|none\n|upkeep\n|\n|t:|1776133780\n|switch|p2b: Sableye|Sableye, L50, F|81/100\n|turn|12\n|\n|t:|1776133791\n|switch|p1a: Sneasler|Sneasler, L50, F|30/100 brn\n|move|p2b: Sableye|Fake Out|p1a: Sneasler\n|-damage|p1a: Sneasler|17/100 brn\n|move|p1b: Incineroar|Parting Shot|p2a: Primarina\n|-unboost|p2a: Primarina|atk|1\n|-unboost|p2a: Primarina|spa|1\n|\n|t:|1776133800\n|switch|p1b: Excadrill|Excadrill, L50, M|100/100|[from] Parting Shot\n|move|p2a: Primarina|Hyper Voice|p1b: Excadrill|[spread] p1a,p1b\n|-supereffective|p1b: Excadrill|1\n|-damage|p1a: Sneasler|0 fnt\n|-enditem|p1b: Excadrill|Focus Sash\n|-damage|p1b: Excadrill|1/100\n|faint|p1a: Sneasler\n|\n|upkeep\n|\n|t:|1776133811\n|switch|p1a: Incineroar|Incineroar, L50, F|62/100\n|-ability|p1a: Incineroar|Intimidate|boost\n|-unboost|p2a: Primarina|atk|1\n|-unboost|p2b: Sableye|atk|1\n|turn|13\n|\n|t:|1776133823\n|move|p2a: Primarina|Protect|p2a: Primarina\n|-singleturn|p2a: Primarina|Protect\n|move|p1a: Incineroar|Fake Out|p2a: Primarina\n|-activate|p2a: Primarina|move: Protect\n|move|p2b: Sableye|Will-O-Wisp|p1b: Excadrill\n|-status|p1b: Excadrill|brn\n|move|p1b: Excadrill|High Horsepower|p2b: Sableye|[miss]\n|-miss|p1b: Excadrill|p2b: Sableye\n|\n|-damage|p1b: Excadrill|0 fnt|[from] brn\n|faint|p1b: Excadrill\n|upkeep\n|\n|t:|1776133834\n|switch|p1b: Tyranitar|Tyranitar-Mega, L50, F|100/100\n|-weather|Sandstorm|[from] ability: Sand Stream|[of] p1b: Tyranitar\n|turn|14\n|\n|t:|1776133849\n|move|p2b: Sableye|Light Screen|p2b: Sableye\n|-sidestart|p2: jyotsha|move: Light Screen\n|move|p1b: Tyranitar|Rock Slide|p2a: Primarina|[spread] p2a,p2b\n|-crit|p2a: Primarina\n|-damage|p2a: Primarina|0 fnt\n|-damage|p2b: Sableye|35/100\n|faint|p2a: Primarina\n|move|p1a: Incineroar|Flare Blitz|p2b: Sableye\n|-damage|p2b: Sableye|0 fnt\n|faint|p2b: Sableye\n|-damage|p1a: Incineroar|53/100|[from] Recoil\n|\n|win|Boomboompow202\n|raw|Boomboompow202's rating: 1234 &rarr; <strong>1259</strong><br />(+25 for winning)\n|raw|jyotsha's rating: 1233 &rarr; <strong>1208</strong><br />(-25 for losing)\n",
  "uploadtime": 1776133849,
  "views": 34,
  "formatid": "gen9championsvgc2026regma",
  "rating": 1208,
  "private": 0,
  "password": null
}