{
  "id": "gen9championsvgc2026regma-2586206604",
  "format": "[Gen 9 Champions] VGC 2026 Reg M-A",
  "players": [
    "untitled1111",
    "Tb003"
  ],
  "log": "|j|\u2606untitled1111\n|j|\u2606Tb003\n|t:|1776412346\n|gametype|doubles\n|player|p1|untitled1111|lady|1043\n|player|p2|Tb003|1|1033\n|gen|9\n|tier|[Gen 9 Champions] VGC 2026 Reg M-A\n|rated|\n|rule|Species Clause: Limit one of each Pok\u00e9mon\n|rule|Item Clause: Limit 1 of each item\n|clearpoke\n|poke|p1|Alakazam, L50, F|\n|poke|p1|Meowstic, L50, M|\n|poke|p1|Gallade, L50, M|\n|poke|p1|Araquanid, L50, F|\n|poke|p1|Maushold-Four, L50|\n|poke|p1|Skarmory, L50, F|\n|poke|p2|Meganium, L50, M|\n|poke|p2|Pelipper, L50, M|\n|poke|p2|Arcanine, L50, M|\n|poke|p2|Sableye, L50, F|\n|poke|p2|Aggron, L50, M|\n|poke|p2|Sinistcha, L50|\n|teampreview|4\n|inactive|Battle timer is ON: inactive players will automatically lose when time's up. (requested by untitled1111)\n|\n|t:|1776412366\n|teamsize|p1|4\n|teamsize|p2|4\n|start\n|switch|p1a: Steeeel birb|Skarmory, L50, F|100/100\n|switch|p1b: Meow meow cat|Meowstic, L50, M|100/100\n|switch|p2a: Arcanine|Arcanine, L50, M|100/100\n|switch|p2b: Sableye|Sableye, L50, F|100/100\n|-ability|p2a: Arcanine|Intimidate|boost\n|-unboost|p1a: Steeeel birb|atk|1\n|-unboost|p1b: Meow meow cat|atk|1\n|-enditem|p1a: Steeeel birb|White Herb\n|-clearnegativeboost|p1a: Steeeel birb|[silent]\n|turn|1\n|\n|t:|1776412390\n|move|p1b: Meow meow cat|Fake Out|p2a: Arcanine\n|-damage|p2a: Arcanine|98/100\n|cant|p2a: Arcanine|flinch\n|move|p1a: Steeeel birb|Brave Bird|p2b: Sableye\n|-damage|p2b: Sableye|41/100\n|-damage|p1a: Steeeel birb|83/100|[from] Recoil\n|move|p2b: Sableye|Knock Off|p1b: Meow meow cat\n|-supereffective|p1b: Meow meow cat|1\n|-damage|p1b: Meow meow cat|40/100\n|-enditem|p1b: Meow meow cat|Focus Sash|[from] move: Knock Off|[of] p2b: Sableye\n|\n|-heal|p2a: Arcanine|100/100|[from] item: Leftovers\n|upkeep\n|turn|2\n|\n|t:|1776412408\n|move|p1b: Meow meow cat|Psychic Terrain|p1b: Meow meow cat\n|-fieldstart|move: Psychic Terrain\n|move|p2b: Sableye|Will-O-Wisp|p1a: Steeeel birb\n|-status|p1a: Steeeel birb|brn\n|move|p2a: Arcanine|Flare Blitz|p1a: Steeeel birb\n|-supereffective|p1a: Steeeel birb|1\n|-damage|p1a: Steeeel birb|14/100 brn\n|-ability|p1a: Steeeel birb|Weak Armor|boost\n|-unboost|p1a: Steeeel birb|def|1\n|-boost|p1a: Steeeel birb|spe|2\n|-damage|p2a: Arcanine|84/100|[from] Recoil\n|move|p1a: Steeeel birb|Brave Bird|p2b: Sableye\n|-crit|p2b: Sableye\n|-damage|p2b: Sableye|0 fnt\n|faint|p2b: Sableye\n|-damage|p1a: Steeeel birb|2/100 brn|[from] Recoil\n|\n|-heal|p2a: Arcanine|90/100|[from] item: Leftovers\n|-damage|p1a: Steeeel birb|0 fnt|[from] brn\n|faint|p1a: Steeeel birb\n|upkeep\n|\n|t:|1776412431\n|switch|p1a: Spoons|Alakazam, L50, F|100/100\n|switch|p2b: Aggron|Aggron, L50, M|100/100\n|turn|3\n|\n|t:|1776412450\n|detailschange|p1a: Spoons|Alakazam-Mega, L50, F\n|-mega|p1a: Spoons|Alakazam|Alakazite\n|-ability|p1a: Spoons|Intimidate|Trace|[from] ability: Trace|[of] p2a: Arcanine\n|-ability|p1a: Spoons|Intimidate|boost\n|-unboost|p2a: Arcanine|atk|1\n|-unboost|p2b: Aggron|atk|1\n|detailschange|p2b: Aggron|Aggron-Mega, L50, M\n|-mega|p2b: Aggron|Aggron|Aggronite\n|move|p1a: Spoons|Expanding Force|p2b: Aggron|[spread] p2a,p2b\n|-resisted|p2b: Aggron|1\n|-damage|p2a: Arcanine|7/100\n|-damage|p2b: Aggron|65/100\n|move|p1b: Meow meow cat|Expanding Force|p2a: Arcanine|[spread] p2a,p2b\n|-crit|p2a: Arcanine\n|-resisted|p2b: Aggron|1\n|-damage|p2a: Arcanine|0 fnt\n|-damage|p2b: Aggron|51/100\n|faint|p2a: Arcanine\n|move|p2b: Aggron|Iron Head|p1a: Spoons\n|-damage|p1a: Spoons|50/100\n|\n|upkeep\n|\n|t:|1776412467\n|switch|p2a: Sinistcha|Sinistcha, L50|100/100\n|-heal|p2b: Aggron|76/100|[from] ability: Hospitality|[of] p2a: Sinistcha\n|turn|4\n|\n|t:|1776412487\n|move|p1a: Spoons|Expanding Force|p2a: Sinistcha|[spread] p2a,p2b\n|-resisted|p2b: Aggron|1\n|-damage|p2a: Sinistcha|4/100\n|-damage|p2b: Aggron|43/100\n|-enditem|p2a: Sinistcha|Sitrus Berry|[eat]\n|-heal|p2a: Sinistcha|29/100|[from] item: Sitrus Berry\n|move|p1b: Meow meow cat|Expanding Force|p2a: Sinistcha|[spread] p2a,p2b\n|-resisted|p2b: Aggron|1\n|-damage|p2a: Sinistcha|0 fnt\n|-damage|p2b: Aggron|30/100\n|faint|p2a: Sinistcha\n|move|p2b: Aggron|Rock Slide|p1a: Spoons|[spread] p1a,p1b\n|-damage|p1a: Spoons|27/100\n|-damage|p1b: Meow meow cat|26/100\n|\n|upkeep\n|turn|5\n|\n|t:|1776412500\n|move|p1a: Spoons|Expanding Force|p2b: Aggron\n|-resisted|p2b: Aggron|1\n|-damage|p2b: Aggron|0 fnt\n|faint|p2b: Aggron\n|\n|win|untitled1111\n|raw|untitled1111's rating: 1043 &rarr; <strong>1076</strong><br />(+33 for winning)\n|raw|Tb003's rating: 1033 &rarr; <strong>1018</strong><br />(-15 for losing)\n|l|\u2606Tb003\n|player|p2|\n",
  "uploadtime": 1776412513,
  "views": 16,
  "formatid": "gen9championsvgc2026regma",
  "rating": 1018,
  "private": 0,
  "password": null
}