{
  "id": "gen9championsvgc2026regma-2586868844",
  "format": "[Gen 9 Champions] VGC 2026 Reg M-A",
  "players": [
    "ThatOtherOneWeirdo",
    "cuadradoo"
  ],
  "log": "|j|\u2606ThatOtherOneWeirdo\n|j|\u2606cuadradoo\n|t:|1776466906\n|gametype|doubles\n|player|p1|ThatOtherOneWeirdo|bellelba|1033\n|player|p2|cuadradoo|aaron|1000\n|gen|9\n|tier|[Gen 9 Champions] VGC 2026 Reg M-A\n|rated|\n|rule|Species Clause: Limit one of each Pok\u00e9mon\n|rule|Item Clause: Limit 1 of each item\n|clearpoke\n|poke|p1|Chandelure, L50, F|\n|poke|p1|Whimsicott, L50, F|\n|poke|p1|Incineroar, L50, F|\n|poke|p1|Farigiraf, L50, F|\n|poke|p1|Crabominable, L50, F|\n|poke|p1|Orthworm, L50, M|\n|poke|p2|Tyranitar, L50, F|\n|poke|p2|Excadrill, L50, M|\n|poke|p2|Pelipper, L50, F|\n|poke|p2|Houndoom, L50, F|\n|poke|p2|Torkoal, L50, F|\n|poke|p2|Azumarill, L50, F|\n|teampreview|4\ncuadradoo rejected open team sheets.\n|inactive|Battle timer is ON: inactive players will automatically lose when time's up. (requested by cuadradoo)\n|\n|t:|1776467021\n|teamsize|p1|4\n|teamsize|p2|4\n|start\n|switch|p1a: Incineroar|Incineroar, L50, F, shiny|100/100\n|switch|p1b: Whimsicott|Whimsicott, L50, F, shiny|100/100\n|switch|p2a: Tyranitar|Tyranitar, L50, F|100/100\n|switch|p2b: Excadrill|Excadrill, L50, M|100/100\n|-ability|p1a: Incineroar|Intimidate|boost\n|-unboost|p2a: Tyranitar|atk|1\n|-unboost|p2b: Excadrill|atk|1\n|-weather|Sandstorm|[from] ability: Sand Stream|[of] p2a: Tyranitar\n|turn|1\n|inactive|cuadradoo has 30 seconds left.\n|\n|t:|1776467052\n|move|p1a: Incineroar|Fake Out|p2b: Excadrill\n|-resisted|p2b: Excadrill|1\n|-damage|p2b: Excadrill|93/100\n|move|p1b: Whimsicott|Sunny Day|p1b: Whimsicott\n|-weather|SunnyDay\n|cant|p2b: Excadrill|flinch\n|move|p2a: Tyranitar|Dragon Tail|p1a: Incineroar\n|-damage|p1a: Incineroar|87/100\n|drag|p1a: Chandelure|Chandelure, L50, F, shiny|100/100\n|\n|-weather|SunnyDay|[upkeep]\n|upkeep\n|turn|2\n|inactive|ThatOtherOneWeirdo has 30 seconds left.\n|inactive|ThatOtherOneWeirdo has 20 seconds left.\n|inactive|ThatOtherOneWeirdo has 15 seconds left.\n|inactive|ThatOtherOneWeirdo has 10 seconds left.\n|\n|t:|1776467098\n|switch|p2b: Pelipper|Pelipper, L50, F|100/100\n|-weather|RainDance|[from] ability: Drizzle|[of] p2b: Pelipper\n|detailschange|p1a: Chandelure|Chandelure-Mega, L50, F, shiny\n|-mega|p1a: Chandelure|Chandelure|Chandelurite\n|move|p1b: Whimsicott|Tailwind|p1b: Whimsicott\n|-sidestart|p1: ThatOtherOneWeirdo|move: Tailwind\n|move|p1a: Chandelure|Heat Wave|p2a: Tyranitar|[spread] p2a,p2b\n|-resisted|p2a: Tyranitar|1\n|-resisted|p2b: Pelipper|1\n|-damage|p2a: Tyranitar|90/100\n|-damage|p2b: Pelipper|80/100\n|move|p2a: Tyranitar|Thunder|p1a: Chandelure\n|-damage|p1a: Chandelure|69/100\n|-status|p1a: Chandelure|par\n|\n|-weather|RainDance|[upkeep]\n|-heal|p2a: Tyranitar|96/100|[from] item: Leftovers\n|upkeep\n|turn|3\n|inactive|cuadradoo has 30 seconds left.\n|\n|t:|1776467130\n|move|p1b: Whimsicott|Sunny Day|p1b: Whimsicott\n|-weather|SunnyDay\n|move|p1a: Chandelure|Shadow Ball|p2b: Pelipper\n|-damage|p2b: Pelipper|0 fnt\n|faint|p2b: Pelipper\n|move|p2a: Tyranitar|Crunch|p1a: Chandelure\n|-supereffective|p1a: Chandelure|1\n|-damage|p1a: Chandelure|3/100 par\n|\n|-weather|SunnyDay|[upkeep]\n|-heal|p2a: Tyranitar|100/100|[from] item: Leftovers\n|upkeep\n|\n|t:|1776467137\n|switch|p2b: Excadrill|Excadrill, L50, M|93/100\n|turn|4\n|\n|t:|1776467159\n|switch|p2a: Azumarill|Azumarill, L50, F|100/100\n|move|p1b: Whimsicott|Moonblast|p2a: Azumarill\n|-damage|p2a: Azumarill|64/100\n|cant|p1a: Chandelure|par\n|move|p2b: Excadrill|Swords Dance|p2b: Excadrill\n|-boost|p2b: Excadrill|atk|2\n|\n|-weather|SunnyDay|[upkeep]\n|upkeep\n|turn|5\n|\n|t:|1776467174\n|switch|p2a: Tyranitar|Tyranitar, L50, F|100/100\n|-weather|Sandstorm|[from] ability: Sand Stream|[of] p2a: Tyranitar\n|move|p1b: Whimsicott|Taunt|p2a: Tyranitar\n|-hint|Since gen 7, Dark is immune to Prankster moves.\n|-immune|p2a: Tyranitar\n|move|p2b: Excadrill|Rock Slide|p1b: Whimsicott|[spread] p1a,p1b\n|-supereffective|p1a: Chandelure|1\n|-damage|p1a: Chandelure|0 fnt\n|-damage|p1b: Whimsicott|37/100\n|faint|p1a: Chandelure\n|\n|-weather|Sandstorm|[upkeep]\n|-damage|p1b: Whimsicott|31/100|[from] Sandstorm\n|-sideend|p1: ThatOtherOneWeirdo|move: Tailwind\n|upkeep\n|\n|t:|1776467194\n|switch|p1a: Orthworm|Orthworm, L50, M, shiny|100/100\n|turn|6\n|inactive|ThatOtherOneWeirdo has 30 seconds left.\n|\n|t:|1776467221\n|switch|p2a: Azumarill|Azumarill, L50, F|64/100\n|move|p1b: Whimsicott|Tailwind|p1b: Whimsicott\n|-sidestart|p1: ThatOtherOneWeirdo|move: Tailwind\n|move|p2b: Excadrill|Earthquake|p1b: Whimsicott|[spread] p2a,p1b\n|-immune|p1a: Orthworm|[from] ability: Earth Eater\n|-resisted|p1b: Whimsicott|1\n|-damage|p2a: Azumarill|0 fnt\n|-damage|p1b: Whimsicott|0 fnt\n|faint|p2a: Azumarill\n|faint|p1b: Whimsicott\n|move|p1a: Orthworm|Body Press|p2b: Excadrill\n|-supereffective|p2b: Excadrill|1\n|-damage|p2b: Excadrill|19/100\n|\n|-weather|Sandstorm|[upkeep]\n|upkeep\n|\n|t:|1776467233\n|switch|p1b: Incineroar|Incineroar, L50, F, shiny|87/100\n|switch|p2a: Tyranitar|Tyranitar, L50, F|100/100\n|-ability|p1b: Incineroar|Intimidate|boost\n|-unboost|p2a: Tyranitar|atk|1\n|-unboost|p2b: Excadrill|atk|1\n|turn|7\n|inactive|cuadradoo has 30 seconds left.\n|inactive|cuadradoo has 20 seconds left.\n|\n|t:|1776467273\n|move|p1b: Incineroar|Fake Out|p2b: Excadrill\n|-resisted|p2b: Excadrill|1\n|-crit|p2b: Excadrill\n|-damage|p2b: Excadrill|7/100\n|cant|p2b: Excadrill|flinch\n|move|p1a: Orthworm|Body Press|p2a: Tyranitar\n|-supereffective|p2a: Tyranitar|2\n|-damage|p2a: Tyranitar|25/100\n|move|p2a: Tyranitar|Thunder|p1b: Incineroar\n|-damage|p1b: Incineroar|64/100\n|\n|-weather|Sandstorm|[upkeep]\n|-damage|p1b: Incineroar|58/100|[from] Sandstorm\n|-heal|p2a: Tyranitar|31/100|[from] item: Leftovers\n|upkeep\n|turn|8\n|\n|t:|1776467294\n|move|p2b: Excadrill|Brick Break|p1a: Orthworm\n|-supereffective|p1a: Orthworm|1\n|-damage|p1a: Orthworm|19/100\n|move|p1b: Incineroar|Flare Blitz|p2b: Excadrill\n|-supereffective|p2b: Excadrill|1\n|-damage|p2b: Excadrill|0 fnt\n|faint|p2b: Excadrill\n|-damage|p1b: Incineroar|56/100|[from] Recoil\n|move|p1a: Orthworm|Body Press|p2a: Tyranitar\n|-supereffective|p2a: Tyranitar|2\n|-damage|p2a: Tyranitar|0 fnt\n|faint|p2a: Tyranitar\n|\n|win|ThatOtherOneWeirdo\n|raw|ThatOtherOneWeirdo's rating: 1033 &rarr; <strong>1065</strong><br />(+32 for winning)\n|raw|cuadradoo's rating: 1000 &rarr; <strong>1000</strong><br />(+0 for losing)\n",
  "uploadtime": 1776467329,
  "views": 22,
  "formatid": "gen9championsvgc2026regma",
  "rating": 1000,
  "private": 0,
  "password": null
}