{
  "id": "gen9championsvgc2026regma-2584463350",
  "format": "[Gen 9 Champions] VGC 2026 Reg M-A",
  "players": [
    "defeatallbugs",
    "Chocokoala VGC"
  ],
  "log": "|j|\u2606defeatallbugs\n|j|\u2606Chocokoala VGC\n|t:|1776262583\n|gametype|doubles\n|player|p1|defeatallbugs|1|1132\n|player|p2|Chocokoala VGC|aaron|1035\n|gen|9\n|tier|[Gen 9 Champions] VGC 2026 Reg M-A\n|rated|\n|rule|Species Clause: Limit one of each Pok\u00e9mon\n|rule|Item Clause: Limit 1 of each item\n|clearpoke\n|poke|p1|Watchog, L50, F|\n|poke|p1|Vanilluxe, L50, M|\n|poke|p1|Dedenne, L50, M|\n|poke|p1|Manectric, L50, M|\n|poke|p1|Maushold, L50|\n|poke|p1|Appletun, L50, M|\n|poke|p2|Glimmora, L50, M|\n|poke|p2|Whimsicott, L50, F|\n|poke|p2|Aegislash, L50, F|\n|poke|p2|Hydreigon, L50, F|\n|poke|p2|Pikachu, L50, M|\n|poke|p2|Garchomp, L50, M|\n|teampreview|4\n|inactive|Battle timer is ON: inactive players will automatically lose when time's up. (requested by Chocokoala VGC)\ndefeatallbugs rejected open team sheets.\n|inactive|Chocokoala VGC has 60 seconds left.\n|\n|t:|1776262631\n|teamsize|p1|4\n|teamsize|p2|4\n|start\n|switch|p1a: Manectric|Manectric, L50, M|100/100\n|switch|p1b: Maushold|Maushold, L50|100/100\n|switch|p2a: Whimsicott|Whimsicott, L50, F|100/100\n|switch|p2b: Glimmora|Glimmora, L50, M|100/100\n|turn|1\n|\n|t:|1776262643\n|detailschange|p1a: Manectric|Manectric-Mega, L50, M\n|-mega|p1a: Manectric|Manectric|Manectite\n|-ability|p1a: Manectric|Intimidate|boost\n|-unboost|p2a: Whimsicott|atk|1\n|-unboost|p2b: Glimmora|atk|1\n|detailschange|p2b: Glimmora|Glimmora-Mega, L50, M\n|-mega|p2b: Glimmora|Glimmora|Glimmoranite\n|move|p2a: Whimsicott|Tailwind|p2a: Whimsicott\n|-sidestart|p2: Chocokoala VGC|move: Tailwind\n|move|p2b: Glimmora|Sludge Bomb|p1b: Maushold\n|-damage|p1b: Maushold|0 fnt\n|faint|p1b: Maushold\n|move|p1a: Manectric|Volt Switch|p2b: Glimmora\n|-damage|p2b: Glimmora|55/100\n|\n|t:|1776262654\n|switch|p1a: Vanilluxe|Vanilluxe, L50, M|100/100|[from] Volt Switch\n|-weather|Snowscape|[from] ability: Snow Warning|[of] p1a: Vanilluxe\n|\n|-weather|Snowscape|[upkeep]\n|upkeep\n|\n|t:|1776262657\n|switch|p1b: Manectric|Manectric-Mega, L50, M|100/100\n|-ability|p1b: Manectric|Intimidate|boost\n|-unboost|p2a: Whimsicott|atk|1\n|-unboost|p2b: Glimmora|atk|1\n|turn|2\n|\n|t:|1776262669\n|move|p2b: Glimmora|Spiky Shield|p2b: Glimmora\n|-singleturn|p2b: Glimmora|move: Protect\n|move|p1b: Manectric|Protect|p1b: Manectric\n|-singleturn|p1b: Manectric|Protect\n|move|p2a: Whimsicott|Fake Tears|p1b: Manectric\n|-activate|p1b: Manectric|move: Protect\n|move|p1a: Vanilluxe|Aurora Veil|p1a: Vanilluxe\n|-sidestart|p1: defeatallbugs|move: Aurora Veil\n|\n|-weather|Snowscape|[upkeep]\n|upkeep\n|turn|3\n|\n|t:|1776262682\n|move|p2a: Whimsicott|Encore|p1b: Manectric\n|-start|p1b: Manectric|Encore\n|move|p1b: Manectric|Protect||[still]\n|-fail|p1b: Manectric\n|move|p2b: Glimmora|Power Gem|p1a: Vanilluxe\n|-supereffective|p1a: Vanilluxe|1\n|-damage|p1a: Vanilluxe|13/100\n|move|p1a: Vanilluxe|Blizzard|p2a: Whimsicott|[spread] p2a,p2b\n|-supereffective|p2a: Whimsicott|1\n|-enditem|p2a: Whimsicott|Focus Sash\n|-damage|p2a: Whimsicott|1/100\n|-damage|p2b: Glimmora|10/100\n|\n|-weather|Snowscape|[upkeep]\n|upkeep\n|turn|4\n|\n|t:|1776262701\n|switch|p1b: Watchog|Watchog, L50, F|100/100\n|move|p2a: Whimsicott|Moonblast|p1a: Vanilluxe\n|-damage|p1a: Vanilluxe|0 fnt\n|faint|p1a: Vanilluxe\n|move|p2b: Glimmora|Power Gem|p1b: Watchog\n|-damage|p1b: Watchog|22/100\n|\n|-weather|Snowscape|[upkeep]\n|-sideend|p2: Chocokoala VGC|move: Tailwind\n|upkeep\n|\n|t:|1776262710\n|switch|p1a: Manectric|Manectric-Mega, L50, M|100/100\n|-ability|p1a: Manectric|Intimidate|boost\n|-unboost|p2a: Whimsicott|atk|1\n|-unboost|p2b: Glimmora|atk|1\n|turn|5\n|\n|t:|1776262723\n|move|p2b: Glimmora|Spiky Shield|p2b: Glimmora\n|-singleturn|p2b: Glimmora|move: Protect\n|move|p2a: Whimsicott|Fake Tears|p1a: Manectric\n|-unboost|p1a: Manectric|spd|2\n|move|p1a: Manectric|Discharge|p2a: Whimsicott|[spread] p1b,p2a\n|-activate|p2b: Glimmora|move: Protect\n|-crit|p1b: Watchog\n|-resisted|p2a: Whimsicott|1\n|-damage|p1b: Watchog|0 fnt\n|-damage|p2a: Whimsicott|0 fnt\n|faint|p1b: Watchog\n|faint|p2a: Whimsicott\n|\n|-weather|none\n|upkeep\n|\n|t:|1776262736\n|switch|p2a: Hydreigon|Hydreigon, L50, F|100/100\n|turn|6\n|\n|t:|1776262746\n|move|p1a: Manectric|Discharge|p2b: Glimmora|[spread] p2a,p2b\n|-resisted|p2a: Hydreigon|1\n|-damage|p2a: Hydreigon|83/100\n|-damage|p2b: Glimmora|0 fnt\n|faint|p2b: Glimmora\n|move|p2a: Hydreigon|Focus Energy|p2a: Hydreigon\n|-start|p2a: Hydreigon|move: Focus Energy\n|\n|-sideend|p1: defeatallbugs|move: Aurora Veil\n|upkeep\n|inactive|Chocokoala VGC has 30 seconds left.\n|inactive|Chocokoala VGC has 20 seconds left.\n|inactive|Chocokoala VGC has 15 seconds left.\n|inactive|Chocokoala VGC has 10 seconds left.\n|inactive|Chocokoala VGC has 5 seconds left.\n|\n|t:|1776262801\n|switch|p2b: Aegislash|Aegislash, L50, F|100/100\n|turn|7\n|inactive|Chocokoala VGC has 30 seconds left.\n|inactive|Chocokoala VGC has 20 seconds left.\n|inactive|Chocokoala VGC has 15 seconds left.\n|inactive|Chocokoala VGC has 10 seconds left.\n|\n|t:|1776262846\n|move|p1a: Manectric|Overheat|p2b: Aegislash\n|-supereffective|p2b: Aegislash|1\n|-damage|p2b: Aegislash|29/100\n|-unboost|p1a: Manectric|spa|2\n|move|p2a: Hydreigon|Draco Meteor|p1a: Manectric\n|-crit|p1a: Manectric\n|-damage|p1a: Manectric|0 fnt\n|-unboost|p2a: Hydreigon|spa|2\n|faint|p1a: Manectric\n|\n|win|Chocokoala VGC\n|raw|defeatallbugs's rating: 1132 &rarr; <strong>1100</strong><br />(-32 for losing)\n|raw|Chocokoala VGC's rating: 1035 &rarr; <strong>1079</strong><br />(+44 for winning)\n",
  "uploadtime": 1776262847,
  "views": 20,
  "formatid": "gen9championsvgc2026regma",
  "rating": 1079,
  "private": 0,
  "password": null
}