{
  "id": "gen9championsvgc2026regma-2582064045",
  "format": "[Gen 9 Champions] VGC 2026 Reg M-A",
  "players": [
    "AquaticPanic",
    "Cosmicfab"
  ],
  "log": "|j|\u2606AquaticPanic\n|j|\u2606Cosmicfab\n|t:|1776053504\n|gametype|doubles\n|player|p1|AquaticPanic|170|1184\n|player|p2|Cosmicfab|smasher|1254\n|gen|9\n|tier|[Gen 9 Champions] VGC 2026 Reg M-A\n|rated|\n|rule|Species Clause: Limit one of each Pok\u00e9mon\n|rule|Item Clause: Limit 1 of each item\n|clearpoke\n|poke|p1|Gengar, L50, M|\n|poke|p1|Whimsicott, L50, M|\n|poke|p1|Incineroar, L50, F|\n|poke|p1|Sneasler, L50, M|\n|poke|p1|Rotom-Wash, L50|\n|poke|p1|Kingambit, L50, F|\n|poke|p2|Chesnaught, L50, M|\n|poke|p2|Oranguru, L50, M|\n|poke|p2|Incineroar, L50, M|\n|poke|p2|Mr. Rime, L50, M|\n|poke|p2|Sneasler, L50, F|\n|poke|p2|Primarina, L50, M|\n|teampreview|4\n|\n|t:|1776053552\n|teamsize|p1|4\n|teamsize|p2|4\n|start\n|switch|p1a: Rotom|Rotom-Wash, L50|100/100\n|switch|p1b: Incineroar|Incineroar, L50, F|100/100\n|switch|p2a: Mr. Rhyme|Mr. Rime, L50, M|100/100\n|switch|p2b: Incineroar|Incineroar, L50, M|100/100\n|-ability|p1b: Incineroar|Intimidate|boost\n|-unboost|p2a: Mr. Rhyme|atk|1\n|-unboost|p2b: Incineroar|atk|1\n|-ability|p2b: Incineroar|Intimidate|boost\n|-unboost|p1a: Rotom|atk|1\n|-unboost|p1b: Incineroar|atk|1\n|turn|1\n|\n|t:|1776053577\n|move|p1b: Incineroar|Fake Out|p2b: Incineroar\n|-damage|p2b: Incineroar|94/100\n|move|p1a: Rotom|Volt Switch|p2a: Mr. Rhyme\n|-crit|p2a: Mr. Rhyme\n|-damage|p2a: Mr. Rhyme|60/100\n|\n|t:|1776053586\n|switch|p1a: Whimsicott|Whimsicott, L50, M|100/100|[from] Volt Switch\n|cant|p2b: Incineroar|flinch\n|move|p2a: Mr. Rhyme|Trick Room|p2a: Mr. Rhyme\n|-fieldstart|move: Trick Room|[of] p2a: Mr. Rhyme\n|\n|upkeep\n|turn|2\n|\n|t:|1776053597\n|move|p1a: Whimsicott|Encore|p2a: Mr. Rhyme\n|-start|p2a: Mr. Rhyme|Encore\n|move|p2b: Incineroar|Parting Shot|p1b: Incineroar\n|-unboost|p1b: Incineroar|atk|1\n|-unboost|p1b: Incineroar|spa|1\n|\n|t:|1776053607\n|switch|p2b: Chesnaught|Chesnaught, L50, M|100/100|[from] Parting Shot\n|move|p1b: Incineroar|Parting Shot|p2b: Chesnaught\n|-unboost|p2b: Chesnaught|atk|1\n|-unboost|p2b: Chesnaught|spa|1\n|\n|t:|1776053614\n|switch|p1b: Gengar|Gengar, L50, M|100/100|[from] Parting Shot\n|move|p2a: Mr. Rhyme|Trick Room|p2a: Mr. Rhyme\n|-fieldend|move: Trick Room\n|\n|upkeep\n|turn|3\n|\n|t:|1776053625\n|detailschange|p1b: Gengar|Gengar-Mega, L50, M\n|-mega|p1b: Gengar|Gengar|Gengarite\n|detailschange|p2b: Chesnaught|Chesnaught-Mega, L50, M\n|-mega|p2b: Chesnaught|Chesnaught|Chesnaughtite\n|move|p1b: Gengar|Disable|p2a: Mr. Rhyme\n|-start|p2a: Mr. Rhyme|Disable|Trick Room\n|move|p1a: Whimsicott|Moonblast|p2b: Chesnaught\n|-supereffective|p2b: Chesnaught|1\n|-damage|p2b: Chesnaught|64/100\n|-unboost|p2b: Chesnaught|spa|1\n|move|p2b: Chesnaught|Knock Off|p1b: Gengar\n|-supereffective|p1b: Gengar|1\n|-damage|p1b: Gengar|63/100\n|cant|p2a: Mr. Rhyme|Disable|Trick Room\n|\n|upkeep\n|turn|4\n|\n|t:|1776053649\n|move|p1a: Whimsicott|Encore|p2b: Chesnaught\n|-start|p2b: Chesnaught|Encore\n|move|p1b: Gengar|Disable|p2b: Chesnaught\n|-start|p2b: Chesnaught|Disable|Knock Off\n|-activate|p2a: Mr. Rhyme|move: Struggle\n|move|p2a: Mr. Rhyme|Struggle|p1b: Gengar\n|-damage|p1b: Gengar|55/100\n|-damage|p2a: Mr. Rhyme|35/100|[from] recoil\n|cant|p2b: Chesnaught|Disable|Knock Off\n|\n|-end|p2a: Mr. Rhyme|Encore\n|upkeep\n|turn|5\n|\n|t:|1776053663\n|move|p1b: Gengar|Shadow Ball|p2a: Mr. Rhyme\n|-supereffective|p2a: Mr. Rhyme|1\n|-damage|p2a: Mr. Rhyme|0 fnt\n|faint|p2a: Mr. Rhyme\n|move|p1a: Whimsicott|Moonblast|p2b: Chesnaught\n|-supereffective|p2b: Chesnaught|1\n|-damage|p2b: Chesnaught|26/100\n|-activate|p2b: Chesnaught|move: Struggle\n|move|p2b: Chesnaught|Struggle|p1b: Gengar\n|-damage|p1b: Gengar|40/100\n|-damage|p2b: Chesnaught|0 fnt|[from] recoil\n|faint|p2b: Chesnaught\n|\n|upkeep\n|\n|t:|1776053667\n|switch|p2a: Incineroar|Incineroar, L50, M|94/100\n|switch|p2b: Oranguru|Oranguru, L50, M|100/100\n|-ability|p2a: Incineroar|Intimidate|boost\n|-unboost|p1a: Whimsicott|atk|1\n|-unboost|p1b: Gengar|atk|1\n|turn|6\n|\n|t:|1776053682\n|move|p1a: Whimsicott|Protect|p1a: Whimsicott\n|-singleturn|p1a: Whimsicott|Protect\n|move|p1b: Gengar|Protect|p1b: Gengar\n|-singleturn|p1b: Gengar|Protect\n|move|p2a: Incineroar|Darkest Lariat|p1b: Gengar\n|-activate|p1b: Gengar|move: Protect\n|move|p2b: Oranguru|Trick Room|p2b: Oranguru\n|-fieldstart|move: Trick Room|[of] p2b: Oranguru\n|\n|upkeep\n|turn|7\n|\n|t:|1776053705\n|switch|p1b: Rotom|Rotom-Wash, L50|100/100\n|move|p2b: Oranguru|Protect|p2b: Oranguru\n|-singleturn|p2b: Oranguru|Protect\n|move|p1a: Whimsicott|Encore|p2b: Oranguru\n|-activate|p2b: Oranguru|move: Protect\n|move|p2a: Incineroar|Darkest Lariat|p1b: Rotom\n|-damage|p1b: Rotom|38/100\n|\n|upkeep\n|turn|8\n|\n|t:|1776053725\n|move|p1a: Whimsicott|Encore|p2b: Oranguru\n|-start|p2b: Oranguru|Encore\n|-enditem|p2b: Oranguru|Mental Herb\n|-end|p2b: Oranguru|Encore\n|move|p2a: Incineroar|Darkest Lariat|p1b: Rotom\n|-damage|p1b: Rotom|0 fnt\n|faint|p1b: Rotom\n|move|p2b: Oranguru|Instruct|p2a: Incineroar\n|-singleturn|p2a: Incineroar|move: Instruct|[of] p2b: Oranguru\n|move|p2a: Incineroar|Darkest Lariat|p1a: Whimsicott\n|-resisted|p1a: Whimsicott|1\n|-damage|p1a: Whimsicott|71/100\n|\n|upkeep\n|\n|t:|1776053735\n|switch|p1b: Incineroar|Incineroar, L50, F|100/100\n|-ability|p1b: Incineroar|Intimidate|boost\n|-unboost|p2a: Incineroar|atk|1\n|-fail|p2b: Oranguru|unboost|Attack|[from] ability: Inner Focus|[of] p2b: Oranguru\n|turn|9\n|\n|t:|1776053751\n|move|p1b: Incineroar|Fake Out|p2a: Incineroar\n|-damage|p2a: Incineroar|84/100\n|move|p1a: Whimsicott|Encore|p2b: Oranguru\n|-start|p2b: Oranguru|Encore\n|cant|p2a: Incineroar|flinch\n|move|p2b: Oranguru|Instruct|p1a: Whimsicott\n|-singleturn|p1a: Whimsicott|move: Instruct|[of] p2b: Oranguru\n|move|p1a: Whimsicott|Encore||[still]\n|-fail|p1a: Whimsicott\n|\n|upkeep\n|turn|10\n|\n|t:|1776053767\n|move|p1a: Whimsicott|Protect|p1a: Whimsicott\n|-singleturn|p1a: Whimsicott|Protect\n|move|p2a: Incineroar|Flare Blitz|p1a: Whimsicott\n|-activate|p1a: Whimsicott|move: Protect\n|move|p2b: Oranguru|Instruct|p2a: Incineroar\n|-singleturn|p2a: Incineroar|move: Instruct|[of] p2b: Oranguru\n|move|p2a: Incineroar|Flare Blitz|p1a: Whimsicott\n|-activate|p1a: Whimsicott|move: Protect\n|move|p1b: Incineroar|Parting Shot|p2a: Incineroar\n|-unboost|p2a: Incineroar|atk|1\n|-unboost|p2a: Incineroar|spa|1\n|\n|t:|1776053780\n|switch|p1b: Gengar|Gengar-Mega, L50, M|40/100|[from] Parting Shot\n|\n|-fieldend|move: Trick Room\n|upkeep\n|turn|11\n|\n|t:|1776053788\n|move|p1b: Gengar|Sludge Bomb|p2a: Incineroar\n|-damage|p2a: Incineroar|39/100\n|-status|p2a: Incineroar|psn\n|move|p1a: Whimsicott|Moonblast|p2a: Incineroar\n|-damage|p2a: Incineroar|13/100 psn\n|move|p2b: Oranguru|Instruct|p2a: Incineroar\n|-singleturn|p2a: Incineroar|move: Instruct|[of] p2b: Oranguru\n|move|p2a: Incineroar|Flare Blitz|p1a: Whimsicott\n|-supereffective|p1a: Whimsicott|1\n|-damage|p1a: Whimsicott|0 fnt\n|faint|p1a: Whimsicott\n|-damage|p2a: Incineroar|0 fnt|[from] Recoil\n|faint|p2a: Incineroar\n|\n|-end|p2b: Oranguru|Encore\n|upkeep\n|\n|t:|1776053802\n|switch|p1a: Incineroar|Incineroar, L50, F|100/100\n|-ability|p1a: Incineroar|Intimidate|boost\n|-fail|p2b: Oranguru|unboost|Attack|[from] ability: Inner Focus|[of] p2b: Oranguru\n|turn|12\n|\n|t:|1776053808\n|move|p1a: Incineroar|Fake Out|p2b: Oranguru\n|-damage|p2b: Oranguru|91/100\n|move|p1b: Gengar|Sludge Bomb|p2b: Oranguru\n|-damage|p2b: Oranguru|52/100\n|-status|p2b: Oranguru|psn\n|move|p2b: Oranguru|Instruct|p1a: Incineroar\n|-singleturn|p1a: Incineroar|move: Instruct|[of] p2b: Oranguru\n|move|p1a: Incineroar|Fake Out||[still]\n|-hint|Fake Out only works on your first turn out.\n|-fail|p1a: Incineroar\n|\n|-damage|p2b: Oranguru|40/100 psn|[from] psn\n|upkeep\n|turn|13\n|\n|t:|1776053822\n|move|p1b: Gengar|Sludge Bomb|p2b: Oranguru\n|-damage|p2b: Oranguru|6/100 psn\n|move|p1a: Incineroar|Snarl|p2b: Oranguru\n|-supereffective|p2b: Oranguru|1\n|-damage|p2b: Oranguru|0 fnt\n|faint|p2b: Oranguru\n|\n|win|AquaticPanic\n|raw|AquaticPanic's rating: 1184 &rarr; <strong>1214</strong><br />(+30 for winning)\n|raw|Cosmicfab's rating: 1254 &rarr; <strong>1224</strong><br />(-30 for losing)\n|l|\u2606Cosmicfab\n|player|p2|\n",
  "uploadtime": 1776053833,
  "views": 22,
  "formatid": "gen9championsvgc2026regma",
  "rating": 1214,
  "private": 0,
  "password": null
}