{
  "id": "gen9championsvgc2026regma-2586035307",
  "format": "[Gen 9 Champions] VGC 2026 Reg M-A",
  "players": [
    "Marcio Lira",
    "chumba03"
  ],
  "log": "|j|\u2606Marcio Lira\n|j|\u2606chumba03\n|t:|1776392379\n|gametype|doubles\n|player|p1|Marcio Lira|bugcatcher-gen4dp|1277\n|player|p2|chumba03|yellow|1314\n|gen|9\n|tier|[Gen 9 Champions] VGC 2026 Reg M-A\n|rated|\n|rule|Species Clause: Limit one of each Pok\u00e9mon\n|rule|Item Clause: Limit 1 of each item\n|clearpoke\n|poke|p1|Floette-Eternal, L50, F|\n|poke|p1|Sinistcha, L50|\n|poke|p1|Rotom-Wash, L50|\n|poke|p1|Talonflame, L50, F|\n|poke|p1|Garchomp, L50, M|\n|poke|p1|Sneasler, L50, F|\n|poke|p2|Garchomp, L50, M|\n|poke|p2|Aerodactyl, L50, F|\n|poke|p2|Venusaur, L50, F|\n|poke|p2|Torkoal, L50, M|\n|poke|p2|Kingambit, L50, M|\n|poke|p2|Basculegion-F, L50, F|\n|teampreview|4\n|inactive|Battle timer is ON: inactive players will automatically lose when time's up. (requested by chumba03)\n|inactive|Marcio Lira has 60 seconds left.\n|inactive|chumba03 has 60 seconds left.\n|\n|t:|1776392421\n|teamsize|p1|4\n|teamsize|p2|4\n|start\n|switch|p1a: Rotom|Rotom-Wash, L50, shiny|100/100\n|switch|p1b: Garchomp|Garchomp, L50, M|100/100\n|switch|p2a: Aerodactyl|Aerodactyl, L50, F|100/100\n|switch|p2b: Venusaur|Venusaur, L50, F|100/100\n|-ability|p2a: Aerodactyl|Unnerve\n|turn|1\n|\n|t:|1776392445\n|move|p2a: Aerodactyl|Tailwind|p2a: Aerodactyl\n|-sidestart|p2: chumba03|move: Tailwind\n|move|p2b: Venusaur|Sleep Powder|p1a: Rotom|[miss]\n|-miss|p2b: Venusaur|p1a: Rotom\n|move|p1b: Garchomp|Earthquake|p2b: Venusaur|[spread] p2b\n|-immune|p1a: Rotom|[from] ability: Levitate\n|-immune|p2a: Aerodactyl\n|-damage|p2b: Venusaur|47/100\n|move|p1a: Rotom|Will-O-Wisp|p2a: Aerodactyl\n|-status|p2a: Aerodactyl|brn\n|\n|-damage|p2a: Aerodactyl|95/100 brn|[from] brn\n|upkeep\n|turn|2\n|inactive|Marcio Lira has 30 seconds left.\n|\n|t:|1776392474\n|switch|p1a: Talonflame|Talonflame, L50, F|100/100\n|detailschange|p2b: Venusaur|Venusaur-Mega, L50, F\n|-mega|p2b: Venusaur|Venusaur|Venusaurite\n|move|p2a: Aerodactyl|Rock Slide|p1a: Talonflame|[spread] p1a,p1b\n|-supereffective|p1a: Talonflame|2\n|-resisted|p1b: Garchomp|1\n|-damage|p1a: Talonflame|18/100\n|-damage|p1b: Garchomp|95/100\n|move|p2b: Venusaur|Energy Ball|p1a: Talonflame\n|-resisted|p1a: Talonflame|2\n|-damage|p1a: Talonflame|0 fnt\n|faint|p1a: Talonflame\n|move|p1b: Garchomp|Earthquake|p2a: Aerodactyl|[spread] p2b\n|-immune|p2a: Aerodactyl\n|-damage|p2b: Venusaur|7/100\n|\n|-damage|p2a: Aerodactyl|89/100 brn|[from] brn\n|upkeep\n|\n|t:|1776392487\n|switch|p1a: Sneasler|Sneasler, L50, F|100/100\n|turn|3\n|\n|t:|1776392506\n|move|p2b: Venusaur|Protect|p2b: Venusaur\n|-singleturn|p2b: Venusaur|Protect\n|move|p1a: Sneasler|Protect|p1a: Sneasler\n|-singleturn|p1a: Sneasler|Protect\n|move|p2a: Aerodactyl|Dual Wingbeat|p1a: Sneasler\n|-activate|p1a: Sneasler|move: Protect\n|move|p1b: Garchomp|Earthquake|p2a: Aerodactyl|[spread] \n|-activate|p1a: Sneasler|move: Protect\n|-activate|p2b: Venusaur|move: Protect\n|-immune|p2a: Aerodactyl\n|\n|-damage|p2a: Aerodactyl|83/100 brn|[from] brn\n|upkeep\n|turn|4\n|\n|t:|1776392526\n|move|p2a: Aerodactyl|Dual Wingbeat|p1a: Sneasler\n|-supereffective|p1a: Sneasler|1\n|-damage|p1a: Sneasler|68/100\n|-supereffective|p1a: Sneasler|1\n|-damage|p1a: Sneasler|34/100\n|-hitcount|p1a: Sneasler|2\n|move|p2b: Venusaur|Sleep Powder|p1b: Garchomp\n|-status|p1b: Garchomp|slp|[from] move: Sleep Powder\n|move|p1a: Sneasler|Close Combat|p2a: Aerodactyl\n|-crit|p2a: Aerodactyl\n|-damage|p2a: Aerodactyl|0 fnt\n|-unboost|p1a: Sneasler|def|1\n|-unboost|p1a: Sneasler|spd|1\n|-enditem|p1b: Garchomp|Lum Berry|[eat]\n|-curestatus|p1b: Garchomp|slp|[msg]\n|faint|p2a: Aerodactyl\n|-enditem|p1a: Sneasler|White Herb\n|-clearnegativeboost|p1a: Sneasler|[silent]\n|move|p1b: Garchomp|Stomping Tantrum|p2b: Venusaur\n|-damage|p2b: Venusaur|0 fnt\n|faint|p2b: Venusaur\n|\n|-sideend|p2: chumba03|move: Tailwind\n|upkeep\n|\n|t:|1776392536\n|switch|p2a: Basculegion|Basculegion-F, L50, F|100/100\n|switch|p2b: Torkoal|Torkoal, L50, M|100/100\n|-weather|SunnyDay|[from] ability: Drought|[of] p2b: Torkoal\n|turn|5\n|inactive|chumba03 has 30 seconds left.\n|\n|t:|1776392562\n|move|p1a: Sneasler|Dire Claw|p2a: Basculegion\n|-resisted|p2a: Basculegion|1\n|-damage|p2a: Basculegion|73/100\n|move|p2a: Basculegion|Shadow Ball|p1b: Garchomp\n|-damage|p1b: Garchomp|41/100\n|-unboost|p1b: Garchomp|spd|1\n|move|p1b: Garchomp|Stomping Tantrum|p2b: Torkoal\n|-supereffective|p2b: Torkoal|1\n|-damage|p2b: Torkoal|32/100\n|-enditem|p2b: Torkoal|Sitrus Berry|[eat]\n|-heal|p2b: Torkoal|56/100|[from] item: Sitrus Berry\n|move|p2b: Torkoal|Earth Power|p1a: Sneasler\n|-supereffective|p1a: Sneasler|1\n|-damage|p1a: Sneasler|0 fnt\n|faint|p1a: Sneasler\n|\n|-weather|SunnyDay|[upkeep]\n|upkeep\n|\n|t:|1776392577\n|switch|p1a: Rotom|Rotom-Wash, L50, shiny|100/100\n|turn|6\n|\n|t:|1776392587\n|move|p1b: Garchomp|Protect|p1b: Garchomp\n|-singleturn|p1b: Garchomp|Protect\n|move|p2a: Basculegion|Shadow Ball|p1a: Rotom\n|-damage|p1a: Rotom|32/100\n|-enditem|p1a: Rotom|Sitrus Berry|[eat]\n|-heal|p1a: Rotom|56/100|[from] item: Sitrus Berry\n|move|p1a: Rotom|Electroweb|p2a: Basculegion|[spread] p2a,p2b\n|-supereffective|p2a: Basculegion|1\n|-damage|p2a: Basculegion|33/100\n|-damage|p2b: Torkoal|30/100\n|-unboost|p2a: Basculegion|spe|1\n|-unboost|p2b: Torkoal|spe|1\n|move|p2b: Torkoal|Earth Power|p1b: Garchomp\n|-activate|p1b: Garchomp|move: Protect\n|\n|-weather|SunnyDay|[upkeep]\n|upkeep\n|turn|7\n|\n|t:|1776392607\n|move|p1b: Garchomp|Earthquake|p2a: Basculegion|[spread] p2a,p2b\n|-immune|p1a: Rotom|[from] ability: Levitate\n|-supereffective|p2b: Torkoal|1\n|-damage|p2a: Basculegion|0 fnt\n|-damage|p2b: Torkoal|0 fnt\n|faint|p2a: Basculegion\n|faint|p2b: Torkoal\n|\n|win|Marcio Lira\n|raw|Marcio Lira's rating: 1277 &rarr; <strong>1305</strong><br />(+28 for winning)\n|raw|chumba03's rating: 1314 &rarr; <strong>1292</strong><br />(-22 for losing)\n|l|\u2606chumba03\n|player|p2|\n|c|\u2606Marcio Lira|gg\n|l|\u2606Marcio Lira\n|player|p1|\n|j|\u2606Marcio Lira\n|player|p1|Marcio Lira|bugcatcher-gen4dp|\n",
  "uploadtime": 1776392747,
  "views": 47,
  "formatid": "gen9championsvgc2026regma",
  "rating": 1292,
  "private": 0,
  "password": null
}