{
  "id": "gen9championsvgc2026regma-2583493483",
  "format": "[Gen 9 Champions] VGC 2026 Reg M-A",
  "players": [
    "faric",
    "rish17mufc"
  ],
  "log": "|j|\u2606faric\n|j|\u2606rish17mufc\n|t:|1776179166\n|gametype|doubles\n|player|p1|faric|102|1178\n|player|p2|rish17mufc|1|1176\n|gen|9\n|tier|[Gen 9 Champions] VGC 2026 Reg M-A\n|rated|\n|rule|Species Clause: Limit one of each Pok\u00e9mon\n|rule|Item Clause: Limit 1 of each item\n|clearpoke\n|poke|p1|Charizard, L50, M|\n|poke|p1|Garchomp, L50, M|\n|poke|p1|Rotom-Wash, L50|\n|poke|p1|Incineroar, L50, M|\n|poke|p1|Sneasler, L50, F|\n|poke|p1|Whimsicott, L50, F|\n|poke|p2|Aerodactyl, L50, M|\n|poke|p2|Aegislash, L50, F|\n|poke|p2|Hippowdon, L50, M|\n|poke|p2|Palafin, L50, M|\n|poke|p2|Aggron, L50, M|\n|poke|p2|Sinistcha, L50|\n|teampreview|4\n|inactive|Battle timer is ON: inactive players will automatically lose when time's up. (requested by rish17mufc)\nrish17mufc rejected open team sheets.\n|inactive|faric has 60 seconds left.\n|\n|t:|1776179215\n|teamsize|p1|4\n|teamsize|p2|4\n|start\n|switch|p1a: Incineroar|Incineroar, L50, M|100/100\n|switch|p1b: Rotom|Rotom-Wash, L50|100/100\n|switch|p2a: Aerodactyl|Aerodactyl, L50, M|100/100\n|switch|p2b: Hippowdon|Hippowdon, L50, M|100/100\n|-ability|p2a: Aerodactyl|Unnerve\n|-ability|p1a: Incineroar|Intimidate|boost\n|-unboost|p2a: Aerodactyl|atk|1\n|-unboost|p2b: Hippowdon|atk|1\n|-weather|Sandstorm|[from] ability: Sand Stream|[of] p2b: Hippowdon\n|turn|1\n|\n|t:|1776179232\n|switch|p2a: Aegislash|Aegislash, L50, F|100/100\n|move|p1a: Incineroar|Fake Out|p2a: Aegislash\n|-immune|p2a: Aegislash\n|move|p1b: Rotom|Thunderbolt|p2a: Aegislash\n|-crit|p2a: Aegislash\n|-damage|p2a: Aegislash|46/100\n|move|p2b: Hippowdon|Yawn|p1b: Rotom\n|-start|p1b: Rotom|move: Yawn|[of] p2b: Hippowdon\n|\n|-weather|Sandstorm|[upkeep]\n|-damage|p1b: Rotom|95/100|[from] Sandstorm\n|-damage|p1a: Incineroar|95/100|[from] Sandstorm\n|-heal|p1b: Rotom|100/100|[from] item: Leftovers\n|upkeep\n|turn|2\n|\n|t:|1776179254\n|move|p2a: Aegislash|King's Shield|p2a: Aegislash\n|-singleturn|p2a: Aegislash|Protect\n|move|p1b: Rotom|Volt Switch|p2a: Aegislash\n|-activate|p2a: Aegislash|move: Protect\n|move|p1a: Incineroar|Parting Shot|p2a: Aegislash\n|-unboost|p2a: Aegislash|atk|1\n|-unboost|p2a: Aegislash|spa|1\n|\n|t:|1776179269\n|switch|p1a: Garchomp|Garchomp, L50, M|100/100|[from] Parting Shot\n|move|p2b: Hippowdon|Yawn|p1a: Garchomp\n|-start|p1a: Garchomp|move: Yawn|[of] p2b: Hippowdon\n|\n|-weather|Sandstorm|[upkeep]\n|-damage|p1b: Rotom|95/100|[from] Sandstorm\n|-heal|p1b: Rotom|100/100|[from] item: Leftovers\n|-end|p1b: Rotom|move: Yawn|[silent]\n|-status|p1b: Rotom|slp\n|upkeep\n|turn|3\n|\n|t:|1776179285\n|switch|p1a: Incineroar|Incineroar, L50, M|95/100\n|-ability|p1a: Incineroar|Intimidate|boost\n|-unboost|p2a: Aegislash|atk|1\n|-unboost|p2b: Hippowdon|atk|1\n|move|p2a: Aegislash|Wide Guard|p2a: Aegislash\n|-singleturn|p2a: Aegislash|Wide Guard\n|cant|p1b: Rotom|slp\n|move|p2b: Hippowdon|High Horsepower|p1a: Incineroar\n|-supereffective|p1a: Incineroar|1\n|-damage|p1a: Incineroar|61/100\n|\n|-weather|Sandstorm|[upkeep]\n|-damage|p1b: Rotom|95/100 slp|[from] Sandstorm\n|-damage|p1a: Incineroar|55/100|[from] Sandstorm\n|-heal|p1b: Rotom|100/100 slp|[from] item: Leftovers\n|upkeep\n|turn|4\n|\n|t:|1776179308\n|switch|p2a: Aggron|Aggron, L50, M|100/100\n|-curestatus|p1b: Rotom|slp|[msg]\n|move|p1b: Rotom|Hydro Pump|p2b: Hippowdon\n|-supereffective|p2b: Hippowdon|1\n|-enditem|p2b: Hippowdon|Passho Berry|[eat]\n|-enditem|p2b: Hippowdon|Passho Berry|[weaken]\n|-damage|p2b: Hippowdon|56/100\n|move|p1a: Incineroar|Flare Blitz|p2b: Hippowdon\n|-damage|p2b: Hippowdon|16/100\n|-damage|p1a: Incineroar|41/100|[from] Recoil\n|-enditem|p1a: Incineroar|Sitrus Berry|[eat]\n|-heal|p1a: Incineroar|66/100|[from] item: Sitrus Berry\n|move|p2b: Hippowdon|Yawn|p1b: Rotom\n|-start|p1b: Rotom|move: Yawn|[of] p2b: Hippowdon\n|\n|-weather|Sandstorm|[upkeep]\n|-damage|p1b: Rotom|95/100|[from] Sandstorm\n|-damage|p1a: Incineroar|60/100|[from] Sandstorm\n|-heal|p1b: Rotom|100/100|[from] item: Leftovers\n|upkeep\n|turn|5\n|inactive|rish17mufc has 30 seconds left.\n|\n|t:|1776179333\n|switch|p1b: Garchomp|Garchomp, L50, M|100/100\n|switch|p2b: Aerodactyl|Aerodactyl, L50, M|100/100\n|-ability|p2b: Aerodactyl|Unnerve\n|detailschange|p2a: Aggron|Aggron-Mega, L50, M\n|-mega|p2a: Aggron|Aggron|Aggronite\n|move|p1a: Incineroar|Parting Shot|p2a: Aggron\n|-unboost|p2a: Aggron|atk|1\n|-unboost|p2a: Aggron|spa|1\n|\n|t:|1776179345\n|switch|p1a: Rotom|Rotom-Wash, L50|100/100|[from] Parting Shot\n|move|p2a: Aggron|Body Press|p1a: Rotom\n|-damage|p1a: Rotom|52/100\n|\n|-weather|none\n|-heal|p1a: Rotom|58/100|[from] item: Leftovers\n|upkeep\n|turn|6\n|\n|t:|1776179365\n|move|p1b: Garchomp|Rock Slide|p2a: Aggron|[spread] p2b\n|-miss|p1b: Garchomp|p2a: Aggron\n|-supereffective|p2b: Aerodactyl|1\n|-damage|p2b: Aerodactyl|28/100\n|move|p2b: Aerodactyl|Rock Slide|p1b: Garchomp|[spread] p1b\n|-miss|p2b: Aerodactyl|p1a: Rotom\n|-resisted|p1b: Garchomp|1\n|-damage|p1b: Garchomp|87/100\n|move|p1a: Rotom|Thunderbolt|p2b: Aerodactyl\n|-supereffective|p2b: Aerodactyl|1\n|-crit|p2b: Aerodactyl\n|-damage|p2b: Aerodactyl|0 fnt\n|faint|p2b: Aerodactyl\n|move|p2a: Aggron|Body Press|p1a: Rotom\n|-damage|p1a: Rotom|10/100\n|\n|-heal|p1a: Rotom|16/100|[from] item: Leftovers\n|upkeep\n|inactive|rish17mufc has 30 seconds left.\n|\n|t:|1776179390\n|switch|p2b: Aegislash|Aegislash, L50, F|46/100\n|turn|7\n|\n|t:|1776179399\n|switch|p1a: Incineroar|Incineroar, L50, M|60/100\n|-ability|p1a: Incineroar|Intimidate|boost\n|-unboost|p2a: Aggron|atk|1\n|-unboost|p2b: Aegislash|atk|1\n|move|p2b: Aegislash|King's Shield|p2b: Aegislash\n|-singleturn|p2b: Aegislash|Protect\n|move|p1b: Garchomp|Rock Slide|p2b: Aegislash|[spread] p2a\n|-activate|p2b: Aegislash|move: Protect\n|-resisted|p2a: Aggron|1\n|-damage|p2a: Aggron|96/100\n|move|p2a: Aggron|Body Press|p1a: Incineroar\n|-supereffective|p1a: Incineroar|1\n|-damage|p1a: Incineroar|0 fnt\n|faint|p1a: Incineroar\n|\n|upkeep\n|\n|t:|1776179414\n|switch|p1a: Charizard|Charizard, L50, M|100/100\n|turn|8\n|\n|t:|1776179428\n|switch|p1b: Rotom|Rotom-Wash, L50|16/100\n|move|p1a: Charizard|Protect|p1a: Charizard\n|-singleturn|p1a: Charizard|Protect\n|move|p2b: Aegislash|Wide Guard|p2b: Aegislash\n|-singleturn|p2b: Aegislash|Wide Guard\n|move|p2a: Aggron|Body Press|p1a: Charizard\n|-activate|p1a: Charizard|move: Protect\n|\n|-heal|p1b: Rotom|22/100|[from] item: Leftovers\n|upkeep\n|turn|9\n|\n|t:|1776179448\n|switch|p1b: Garchomp|Garchomp, L50, M|87/100\n|switch|p2b: Hippowdon|Hippowdon, L50, M|16/100\n|-weather|Sandstorm|[from] ability: Sand Stream|[of] p2b: Hippowdon\n|detailschange|p1a: Charizard|Charizard-Mega-Y, L50, M\n|-mega|p1a: Charizard|Charizard|Charizardite Y\n|-weather|SunnyDay|[from] ability: Drought|[of] p1a: Charizard\n|move|p1a: Charizard|Weather Ball|p2a: Aggron\n|-supereffective|p2a: Aggron|1\n|-damage|p2a: Aggron|0 fnt\n|faint|p2a: Aggron\n|\n|-weather|SunnyDay|[upkeep]\n|upkeep\n|\n|t:|1776179461\n|switch|p2a: Aegislash|Aegislash, L50, F|46/100\n|turn|10\n|-message|rish17mufc forfeited.\n|\n|win|faric\n|raw|faric's rating: 1178 &rarr; <strong>1203</strong><br />(+25 for winning)\n|raw|rish17mufc's rating: 1176 &rarr; <strong>1151</strong><br />(-25 for losing)\n|l|\u2606rish17mufc\n|player|p2|\n",
  "uploadtime": 1776179482,
  "views": 37,
  "formatid": "gen9championsvgc2026regma",
  "rating": 1151,
  "private": 0,
  "password": null
}