{
  "id": "gen9championsvgc2026regma-2584232705",
  "format": "[Gen 9 Champions] VGC 2026 Reg M-A",
  "players": [
    "AkioKira",
    "jeiebdke"
  ],
  "log": "|j|\u2606AkioKira\n|j|\u2606jeiebdke\n|t:|1776241218\n|gametype|doubles\n|player|p1|AkioKira|miku-ground|1068\n|player|p2|jeiebdke|benga|1133\n|gen|9\n|tier|[Gen 9 Champions] VGC 2026 Reg M-A\n|rated|\n|rule|Species Clause: Limit one of each Pok\u00e9mon\n|rule|Item Clause: Limit 1 of each item\n|clearpoke\n|poke|p1|Lopunny, L50, M|\n|poke|p1|Incineroar, L50, F|\n|poke|p1|Sinistcha, L50|\n|poke|p1|Corviknight, L50, F|\n|poke|p1|Garchomp, L50, F|\n|poke|p1|Rotom-Wash, L50|\n|poke|p2|Kingambit, L50, M|\n|poke|p2|Garchomp, L50, M|\n|poke|p2|Floette-Eternal, L50, F|\n|poke|p2|Maushold-Four, L50|\n|poke|p2|Milotic, L50, F|\n|poke|p2|Aerodactyl, L50, M|\n|teampreview|4\n|\n|t:|1776241266\n|teamsize|p1|4\n|teamsize|p2|4\n|start\n|switch|p1a: Lopunny|Lopunny, L50, M, shiny|100/100\n|switch|p1b: Rotom|Rotom-Wash, L50|100/100\n|switch|p2a: Milotic|Milotic, L50, F|100/100\n|switch|p2b: Kingambit|Kingambit, L50, M|100/100\n|turn|1\n|\n|t:|1776241301\n|switch|p2b: Garchomp|Garchomp, L50, M|100/100\n|detailschange|p1a: Lopunny|Lopunny-Mega, L50, M, shiny\n|-mega|p1a: Lopunny|Lopunny|Lopunnite\n|move|p1a: Lopunny|Fake Out|p2a: Milotic\n|-damage|p2a: Milotic|80/100\n|move|p1b: Rotom|Will-O-Wisp|p2b: Garchomp\n|-status|p2b: Garchomp|brn\n|cant|p2a: Milotic|flinch\n|\n|-heal|p2a: Milotic|86/100|[from] item: Leftovers\n|-damage|p2b: Garchomp|95/100 brn|[from] brn\n|upkeep\n|turn|2\n|\n|t:|1776241322\n|move|p2b: Garchomp|Dragon Claw|p1a: Lopunny\n|-damage|p1a: Lopunny|69/100\n|move|p1a: Lopunny|U-turn|p2a: Milotic\n|-damage|p2a: Milotic|62/100\n|\n|t:|1776241327\n|switch|p1a: Incineroar|Incineroar, L50, F|100/100|[from] U-turn\n|-ability|p1a: Incineroar|Intimidate|boost\n|-unboost|p2a: Milotic|atk|1\n|-ability|p2a: Milotic|Competitive|boost\n|-boost|p2a: Milotic|spa|2\n|-unboost|p2b: Garchomp|atk|1\n|move|p1b: Rotom|Hydro Pump|p2b: Garchomp\n|-damage|p2b: Garchomp|38/100 brn\n|move|p2a: Milotic|Icy Wind|p1b: Rotom|[spread] p1a,p1b\n|-resisted|p1a: Incineroar|1\n|-resisted|p1b: Rotom|1\n|-damage|p1a: Incineroar|91/100\n|-damage|p1b: Rotom|90/100\n|-unboost|p1a: Incineroar|spe|1\n|-unboost|p1b: Rotom|spe|1\n|\n|-heal|p2a: Milotic|68/100|[from] item: Leftovers\n|-damage|p2b: Garchomp|32/100 brn|[from] brn\n|upkeep\n|turn|3\n|\n|t:|1776241347\n|switch|p2b: Maushold|Maushold-Four, L50|100/100\n|move|p1a: Incineroar|Fake Out|p2a: Milotic\n|-damage|p2a: Milotic|58/100\n|cant|p2a: Milotic|flinch\n|move|p1b: Rotom|Volt Switch|p2a: Milotic\n|-supereffective|p2a: Milotic|1\n|-damage|p2a: Milotic|18/100\n|\n|t:|1776241356\n|switch|p1b: Lopunny|Lopunny-Mega, L50, M, shiny|69/100|[from] Volt Switch\n|\n|-heal|p2a: Milotic|23/100|[from] item: Leftovers\n|upkeep\n|turn|4\n|\n|t:|1776241379\n|switch|p2a: Kingambit|Kingambit, L50, M|100/100\n|move|p1b: Lopunny|Fake Out|p2a: Kingambit\n|-resisted|p2a: Kingambit|1\n|-damage|p2a: Kingambit|94/100\n|move|p2b: Maushold|Super Fang|p1a: Incineroar\n|-damage|p1a: Incineroar|46/100\n|move|p1a: Incineroar|Flare Blitz|p2b: Maushold\n|-damage|p2b: Maushold|20/100\n|-status|p2b: Maushold|brn\n|-damage|p1a: Incineroar|22/100|[from] Recoil\n|\n|-damage|p2b: Maushold|14/100 brn|[from] brn\n|upkeep\n|turn|5\n|\n|t:|1776241401\n|move|p2b: Maushold|Follow Me|p2b: Maushold\n|-singleturn|p2b: Maushold|move: Follow Me\n|move|p2a: Kingambit|Sucker Punch|p1b: Lopunny\n|-resisted|p1b: Lopunny|1\n|-damage|p1b: Lopunny|40/100\n|move|p1b: Lopunny|Close Combat|p2b: Maushold\n|-supereffective|p2b: Maushold|1\n|-damage|p2b: Maushold|0 fnt\n|-unboost|p1b: Lopunny|def|1\n|-unboost|p1b: Lopunny|spd|1\n|faint|p2b: Maushold\n|move|p1a: Incineroar|Parting Shot|p2a: Kingambit\n|-unboost|p2a: Kingambit|atk|1\n|-ability|p2a: Kingambit|Defiant|boost\n|-boost|p2a: Kingambit|atk|2\n|-unboost|p2a: Kingambit|spa|1\n|-ability|p2a: Kingambit|Defiant|boost\n|-boost|p2a: Kingambit|atk|2\n|\n|t:|1776241409\n|switch|p1a: Sinistcha|Sinistcha, L50|100/100|[from] Parting Shot\n|-heal|p1b: Lopunny|65/100|[from] ability: Hospitality|[of] p1a: Sinistcha\n|\n|upkeep\n|\n|t:|1776241423\n|switch|p2b: Milotic|Milotic, L50, F|23/100\n|turn|6\n|\n|t:|1776241451\n|switch|p1b: Rotom|Rotom-Wash, L50|90/100\n|move|p2a: Kingambit|Protect|p2a: Kingambit\n|-singleturn|p2a: Kingambit|Protect\n|move|p1a: Sinistcha|Rage Powder|p1a: Sinistcha\n|-singleturn|p1a: Sinistcha|move: Rage Powder\n|move|p2b: Milotic|Recover|p2b: Milotic\n|-heal|p2b: Milotic|73/100\n|\n|-heal|p2b: Milotic|79/100|[from] item: Leftovers\n|upkeep\n|turn|7\n|\n|t:|1776241468\n|move|p1b: Rotom|Will-O-Wisp|p2a: Kingambit\n|-status|p2a: Kingambit|brn\n|move|p2b: Milotic|Icy Wind|p1a: Sinistcha|[spread] p1a,p1b\n|-supereffective|p1a: Sinistcha|1\n|-resisted|p1b: Rotom|1\n|-damage|p1a: Sinistcha|78/100\n|-damage|p1b: Rotom|85/100\n|-unboost|p1a: Sinistcha|spe|1\n|-unboost|p1b: Rotom|spe|1\n|move|p2a: Kingambit|Kowtow Cleave|p1a: Sinistcha\n|-supereffective|p1a: Sinistcha|1\n|-damage|p1a: Sinistcha|0 fnt\n|faint|p1a: Sinistcha\n|\n|-heal|p2b: Milotic|85/100|[from] item: Leftovers\n|-damage|p2a: Kingambit|88/100 brn|[from] brn\n|upkeep\n|\n|t:|1776241479\n|switch|p1a: Lopunny|Lopunny-Mega, L50, M, shiny|65/100\n|turn|8\n|\n|t:|1776241493\n|move|p2a: Kingambit|Protect|p2a: Kingambit\n|-singleturn|p2a: Kingambit|Protect\n|move|p1a: Lopunny|Fake Out|p2a: Kingambit\n|-activate|p2a: Kingambit|move: Protect\n|move|p2b: Milotic|Icy Wind|p1b: Rotom|[spread] p1a,p1b\n|-resisted|p1b: Rotom|1\n|-damage|p1a: Lopunny|52/100\n|-damage|p1b: Rotom|80/100\n|-unboost|p1a: Lopunny|spe|1\n|-unboost|p1b: Rotom|spe|1\n|move|p1b: Rotom|Thunderbolt|p2b: Milotic\n|-supereffective|p2b: Milotic|1\n|-damage|p2b: Milotic|15/100\n|-status|p2b: Milotic|par\n|\n|-heal|p2b: Milotic|20/100 par|[from] item: Leftovers\n|-damage|p2a: Kingambit|82/100 brn|[from] brn\n|upkeep\n|turn|9\n|\n|t:|1776241524\n|move|p1a: Lopunny|Close Combat|p2a: Kingambit\n|-supereffective|p2a: Kingambit|2\n|-damage|p2a: Kingambit|0 fnt\n|-unboost|p1a: Lopunny|def|1\n|-unboost|p1a: Lopunny|spd|1\n|faint|p2a: Kingambit\n|move|p1b: Rotom|Thunderbolt|p2b: Milotic\n|-supereffective|p2b: Milotic|1\n|-damage|p2b: Milotic|0 fnt\n|faint|p2b: Milotic\n|\n|upkeep\n|-message|jeiebdke forfeited.\n|\n|win|AkioKira\n|raw|AkioKira's rating: 1068 &rarr; <strong>1103</strong><br />(+35 for winning)\n|raw|jeiebdke's rating: 1133 &rarr; <strong>1103</strong><br />(-30 for losing)\n|l|\u2606jeiebdke\n|player|p2|\n",
  "uploadtime": 1776241543,
  "views": 22,
  "formatid": "gen9championsvgc2026regma",
  "rating": 1103,
  "private": 0,
  "password": null
}