{
  "id": "gen9championsvgc2026regma-2583788961",
  "format": "[Gen 9 Champions] VGC 2026 Reg M-A",
  "players": [
    "lukeiscoocoo",
    "thepwr"
  ],
  "log": "|j|\u2606lukeiscoocoo\n|j|\u2606thepwr\n|t:|1776197803\n|gametype|doubles\n|player|p1|lukeiscoocoo|cynthia|\n|player|p2|thepwr|guzma|\n|gen|9\n|tier|[Gen 9 Champions] VGC 2026 Reg M-A\n|rule|Species Clause: Limit one of each Pok\u00e9mon\n|rule|Item Clause: Limit 1 of each item\n|clearpoke\n|poke|p1|Lucario, L50, M|\n|poke|p1|Garchomp, L50, F|\n|poke|p1|Aerodactyl, L50, F|\n|poke|p1|Aegislash, L50, F|\n|poke|p1|Manectric, L50, M|\n|poke|p1|Incineroar, L50, F|\n|poke|p2|Aerodactyl, L50, M|\n|poke|p2|Meganium, L50, F|\n|poke|p2|Archaludon, L50, M|\n|poke|p2|Rotom-Wash, L50|\n|poke|p2|Sneasler, L50, F|\n|poke|p2|Maushold-Four, L50|\n|teampreview|4\n|inactive|Battle timer is ON: inactive players will automatically lose when time's up. (requested by lukeiscoocoo)\n|inactive|thepwr also wants the timer to be on.\n|c|\u2606lukeiscoocoo|gladly\n|inactive|lukeiscoocoo has 60 seconds left.\n|c|\u2606thepwr|lol\n|\n|t:|1776197843\n|teamsize|p1|4\n|teamsize|p2|4\n|start\n|switch|p1a: Aegislash|Aegislash, L50, F, shiny|100/100\n|switch|p1b: Manectric|Manectric, L50, M, shiny|100/100\n|switch|p2a: Aerodactyl|Aerodactyl, L50, M|100/100\n|switch|p2b: Sneasler|Sneasler, L50, F|100/100\n|-ability|p2a: Aerodactyl|Unnerve\n|turn|1\n|inactive|lukeiscoocoo has 30 seconds left.\n|\n|t:|1776197871\n|detailschange|p1b: Manectric|Manectric-Mega, L50, M, shiny\n|-mega|p1b: Manectric|Manectric|Manectite\n|-ability|p1b: Manectric|Intimidate|boost\n|-unboost|p2a: Aerodactyl|atk|1\n|-unboost|p2b: Sneasler|atk|1\n|-enditem|p2b: Sneasler|White Herb\n|-clearnegativeboost|p2b: Sneasler|[silent]\n|move|p2b: Sneasler|Fake Out|p1b: Manectric\n|-damage|p1b: Manectric|79/100\n|move|p2a: Aerodactyl|Tailwind|p2a: Aerodactyl\n|-sidestart|p2: thepwr|move: Tailwind\n|cant|p1b: Manectric|flinch\n|-formechange|p1a: Aegislash|Aegislash-Blade|\n|move|p1a: Aegislash|Flash Cannon|p2a: Aerodactyl\n|-supereffective|p2a: Aerodactyl|1\n|-enditem|p2a: Aerodactyl|Focus Sash\n|-damage|p2a: Aerodactyl|1/100\n|\n|upkeep\n|turn|2\n|inactive|lukeiscoocoo has 30 seconds left.\n|inactive|lukeiscoocoo has 20 seconds left.\n|inactive|lukeiscoocoo has 15 seconds left.\n|\n|t:|1776197915\n|move|p1b: Manectric|Protect|p1b: Manectric\n|-singleturn|p1b: Manectric|Protect\n|move|p2b: Sneasler|Dire Claw|p1b: Manectric\n|-activate|p1b: Manectric|move: Protect\n|move|p2a: Aerodactyl|Rock Slide|p1a: Aegislash|[spread] p1a\n|-activate|p1b: Manectric|move: Protect\n|-resisted|p1a: Aegislash|1\n|-damage|p1a: Aegislash|84/100\n|cant|p1a: Aegislash|flinch\n|\n|-heal|p1a: Aegislash|90/100|[from] item: Leftovers\n|upkeep\n|turn|3\n|\n|t:|1776197937\n|move|p1a: Aegislash|Wide Guard|p1a: Aegislash\n|-singleturn|p1a: Aegislash|Wide Guard\n|move|p2b: Sneasler|Dire Claw|p1b: Manectric\n|-damage|p1b: Manectric|16/100\n|-status|p1b: Manectric|slp\n|move|p2a: Aerodactyl|Rock Slide|p1b: Manectric|[spread] \n|-activate|p1a: Aegislash|move: Wide Guard\n|-activate|p1b: Manectric|move: Wide Guard\n|cant|p1b: Manectric|slp\n|\n|-heal|p1a: Aegislash|96/100|[from] item: Leftovers\n|upkeep\n|turn|4\n|c|\u2606thepwr|lol\n|inactive|lukeiscoocoo has 30 seconds left.\n|inactive|thepwr has 30 seconds left.\n|inactive|lukeiscoocoo has 20 seconds left.\n|\n|t:|1776197972\n|move|p2a: Aerodactyl|Protect|p2a: Aerodactyl\n|-singleturn|p2a: Aerodactyl|Protect\n|cant|p1b: Manectric|slp\n|move|p2b: Sneasler|Dire Claw|p1b: Manectric\n|-damage|p1b: Manectric|0 fnt\n|faint|p1b: Manectric\n|move|p1a: Aegislash|Shadow Ball|p2b: Sneasler\n|-crit|p2b: Sneasler\n|-damage|p2b: Sneasler|20/100\n|\n|-heal|p1a: Aegislash|100/100|[from] item: Leftovers\n|-sideend|p2: thepwr|move: Tailwind\n|upkeep\n|\n|t:|1776197981\n|switch|p1b: Lucario|Lucario, L50, M, shiny|100/100\n|turn|5\n|\n|t:|1776197993\n|move|p2b: Sneasler|Protect|p2b: Sneasler\n|-singleturn|p2b: Sneasler|Protect\n|move|p1a: Aegislash|Wide Guard|p1a: Aegislash\n|-singleturn|p1a: Aegislash|Wide Guard\n|move|p1b: Lucario|Bullet Punch|p2b: Sneasler\n|-activate|p2b: Sneasler|move: Protect\n|move|p2a: Aerodactyl|Tailwind|p2a: Aerodactyl\n|-sidestart|p2: thepwr|move: Tailwind\n|\n|upkeep\n|turn|6\n|\n|t:|1776198008\n|switch|p2b: Archaludon|Archaludon, L50, M|100/100\n|move|p1a: Aegislash|Wide Guard|p1a: Aegislash\n|-singleturn|p1a: Aegislash|Wide Guard\n|move|p1b: Lucario|Bullet Punch|p2b: Archaludon\n|-resisted|p2b: Archaludon|1\n|-damage|p2b: Archaludon|93/100\n|move|p2a: Aerodactyl|Dual Wingbeat|p1b: Lucario\n|-damage|p1b: Lucario|81/100\n|-damage|p1b: Lucario|60/100\n|-hitcount|p1b: Lucario|2\n|\n|upkeep\n|turn|7\n|\n|t:|1776198032\n|switch|p1b: Aerodactyl|Aerodactyl, L50, F, shiny|100/100\n|-ability|p1b: Aerodactyl|Unnerve\n|-formechange|p1a: Aegislash|Aegislash|\n|move|p1a: Aegislash|King's Shield||[still]\n|-fail|p1a: Aegislash\n|move|p2b: Archaludon|Aura Sphere|p1b: Aerodactyl\n|-damage|p1b: Aerodactyl|60/100\n|move|p2a: Aerodactyl|Dual Wingbeat|p1b: Aerodactyl\n|-resisted|p1b: Aerodactyl|1\n|-crit|p1b: Aerodactyl\n|-damage|p1b: Aerodactyl|38/100\n|-resisted|p1b: Aerodactyl|1\n|-damage|p1b: Aerodactyl|29/100\n|-hitcount|p1b: Aerodactyl|2\n|\n|upkeep\n|turn|8\n|\n|t:|1776198054\n|move|p2a: Aerodactyl|Protect|p2a: Aerodactyl\n|-singleturn|p2a: Aerodactyl|Protect\n|move|p2b: Archaludon|Aura Sphere|p1b: Aerodactyl\n|-damage|p1b: Aerodactyl|0 fnt\n|faint|p1b: Aerodactyl\n|-formechange|p1a: Aegislash|Aegislash-Blade|\n|move|p1a: Aegislash|Shadow Ball|p2b: Archaludon\n|-damage|p2b: Archaludon|29/100\n|\n|-sideend|p2: thepwr|move: Tailwind\n|upkeep\n|\n|t:|1776198063\n|switch|p1b: Lucario|Lucario, L50, M, shiny|60/100\n|turn|9\n|\n|t:|1776198072\n|switch|p2a: Sneasler|Sneasler, L50, F|20/100\n|move|p1a: Aegislash|Wide Guard|p1a: Aegislash\n|-singleturn|p1a: Aegislash|Wide Guard\n|move|p1b: Lucario|Bullet Punch|p2a: Sneasler\n|-damage|p2a: Sneasler|0 fnt\n|faint|p2a: Sneasler\n|move|p2b: Archaludon|Aura Sphere|p1b: Lucario\n|-supereffective|p1b: Lucario|1\n|-damage|p1b: Lucario|0 fnt\n|faint|p1b: Lucario\n|\n|upkeep\n|\n|t:|1776198086\n|switch|p2a: Aerodactyl|Aerodactyl, L50, M|1/100\n|-ability|p2a: Aerodactyl|Unnerve\n|turn|10\n|c|\u2606thepwr|yikes bud\n|c|\u2606lukeiscoocoo|yeahhhhhhhh\n|inactive|lukeiscoocoo has 30 seconds left.\n|c|\u2606lukeiscoocoo|still in development lmaop\n|\n|t:|1776198120\n|switch|p2b: Meganium|Meganium, L50, F|100/100\n|move|p2a: Aerodactyl|Tailwind|p2a: Aerodactyl\n|-sidestart|p2: thepwr|move: Tailwind\n|move|p1a: Aegislash|Shadow Ball|p2a: Aerodactyl\n|-damage|p2a: Aerodactyl|0 fnt\n|faint|p2a: Aerodactyl\n|\n|upkeep\n|c|\u2606thepwr|lol\n|\n|t:|1776198129\n|switch|p2a: Archaludon|Archaludon, L50, M|29/100\n|turn|11\n|\n|t:|1776198139\n|detailschange|p2b: Meganium|Meganium-Mega, L50, F\n|-mega|p2b: Meganium|Meganium|Meganiumite\n|-formechange|p1a: Aegislash|Aegislash|\n|move|p1a: Aegislash|King's Shield|p1a: Aegislash\n|-singleturn|p1a: Aegislash|Protect\n|move|p2a: Archaludon|Thunderbolt|p1a: Aegislash\n|-activate|p1a: Aegislash|move: Protect\n|move|p2b: Meganium|Weather Ball|p1a: Aegislash\n|-activate|p1a: Aegislash|move: Protect\n|\n|upkeep\n|turn|12\n|\n|t:|1776198152\n|move|p2a: Archaludon|Thunderbolt|p1a: Aegislash\n|-damage|p1a: Aegislash|71/100\n|-status|p1a: Aegislash|par\n|move|p2b: Meganium|Weather Ball|p1a: Aegislash\n|-supereffective|p1a: Aegislash|1\n|-damage|p1a: Aegislash|0 fnt\n|faint|p1a: Aegislash\n|\n|win|thepwr\n|c|\u2606lukeiscoocoo|ggs\n|c|\u2606thepwr|ggs\n|c|\u2606lukeiscoocoo|dang maganium broken\n|c|\u2606thepwr|you didnt play bad though\n|c|\u2606lukeiscoocoo|meganium*\n|c|\u2606thepwr|haha\n|c|\u2606lukeiscoocoo|Thanks\n|c|\u2606thepwr|sleeper pick fr\n|c|\u2606lukeiscoocoo|yeahhhhhhhhh\n|c|\u2606lukeiscoocoo|why cloraphyl venasaur is busted\n|c|\u2606thepwr|mightve had me if manectric didnt get out to sleep\n|c|\u2606thepwr|just unlucky\n|c|\u2606lukeiscoocoo|yep :|\n|l|\u2606lukeiscoocoo\n|player|p1|\n|c|\u2606thepwr|you're asking why is venusaur busted?\n",
  "uploadtime": 1776198272,
  "views": 28,
  "formatid": "gen9championsvgc2026regma",
  "rating": null,
  "private": 0,
  "password": null
}