{
  "id": "gen9championsvgc2026regma-2586248360",
  "format": "[Gen 9 Champions] VGC 2026 Reg M-A",
  "players": [
    "VicSaus53",
    "Assassin6000"
  ],
  "log": "|j|\u2606VicSaus53\n|j|\u2606Assassin6000\n|t:|1776417142\n|gametype|doubles\n|player|p1|VicSaus53|giovanni|1043\n|player|p2|Assassin6000|2|1051\n|gen|9\n|tier|[Gen 9 Champions] VGC 2026 Reg M-A\n|rated|\n|rule|Species Clause: Limit one of each Pok\u00e9mon\n|rule|Item Clause: Limit 1 of each item\n|clearpoke\n|poke|p1|Chandelure, L50, M|\n|poke|p1|Whimsicott, L50, F|\n|poke|p1|Sneasler, L50, F|\n|poke|p1|Maushold-Four, L50|\n|poke|p1|Corviknight, L50, F|\n|poke|p1|Garchomp, L50, M|\n|poke|p2|Archaludon, L50, M|\n|poke|p2|Pelipper, L50, F|\n|poke|p2|Sneasler, L50, M|\n|poke|p2|Incineroar, L50, F|\n|poke|p2|Basculegion, L50, M|\n|poke|p2|Gengar, L50, M|\n|teampreview|4\nAssassin6000 has agreed to open team sheets.\n|inactive|Battle timer is ON: inactive players will automatically lose when time's up. (requested by VicSaus53)\n|\n|t:|1776417177\n|teamsize|p1|4\n|teamsize|p2|4\n|start\n|switch|p1a: Chandelure|Chandelure, L50, M|100/100\n|switch|p1b: Maushold|Maushold-Four, L50|100/100\n|switch|p2a: Incineroar|Incineroar, L50, F|100/100\n|switch|p2b: Basculegion|Basculegion, L50, M|100/100\n|-ability|p2a: Incineroar|Intimidate|boost\n|-unboost|p1a: Chandelure|atk|1\n|-unboost|p1b: Maushold|atk|1\n|turn|1\n|inactive|Assassin6000 has 30 seconds left.\n|inactive|Assassin6000 has 20 seconds left.\n|inactive|Assassin6000 has 15 seconds left.\n|\n|t:|1776417219\n|switch|p2b: Pelipper|Pelipper, L50, F|100/100\n|-weather|RainDance|[from] ability: Drizzle|[of] p2b: Pelipper\n|move|p1b: Maushold|Protect|p1b: Maushold\n|-singleturn|p1b: Maushold|Protect\n|move|p1a: Chandelure|Protect|p1a: Chandelure\n|-singleturn|p1a: Chandelure|Protect\n|move|p2a: Incineroar|Fake Out|p1a: Chandelure\n|-activate|p1a: Chandelure|move: Protect\n|\n|-weather|RainDance|[upkeep]\n|upkeep\n|turn|2\n|\n|t:|1776417244\n|switch|p2a: Basculegion|Basculegion, L50, M|100/100\n|detailschange|p1a: Chandelure|Chandelure-Mega, L50, M\n|-mega|p1a: Chandelure|Chandelure|Chandelurite\n|move|p1b: Maushold|Super Fang|p2b: Pelipper\n|-damage|p2b: Pelipper|51/100\n|move|p1a: Chandelure|Shadow Ball|p2b: Pelipper\n|-damage|p2b: Pelipper|0 fnt\n|faint|p2b: Pelipper\n|\n|-weather|RainDance|[upkeep]\n|upkeep\n|\n|t:|1776417259\n|switch|p2b: Gengar|Gengar, L50, M|100/100\n|turn|3\n|inactive|VicSaus53 has 30 seconds left.\n|inactive|VicSaus53 has 20 seconds left.\n|inactive|VicSaus53 has 15 seconds left.\n|\n|t:|1776417299\n|detailschange|p2b: Gengar|Gengar-Mega, L50, M\n|-mega|p2b: Gengar|Gengar|Gengarite\n|move|p1b: Maushold|Follow Me|p1b: Maushold\n|-singleturn|p1b: Maushold|move: Follow Me\n|move|p2a: Basculegion|Wave Crash|p1b: Maushold\n|-damage|p1b: Maushold|0 fnt\n|faint|p1b: Maushold\n|-damage|p2a: Basculegion|70/100|[from] Recoil\n|move|p2b: Gengar|Icy Wind|p1a: Chandelure\n|-resisted|p1a: Chandelure|1\n|-damage|p1a: Chandelure|86/100\n|-unboost|p1a: Chandelure|spe|1\n|move|p1a: Chandelure|Shadow Ball|p2b: Gengar\n|-supereffective|p2b: Gengar|1\n|-damage|p2b: Gengar|0 fnt\n|faint|p2b: Gengar\n|\n|-weather|RainDance|[upkeep]\n|upkeep\n|\n|t:|1776417315\n|switch|p2b: Incineroar|Incineroar, L50, F|100/100\n|switch|p1b: Sneasler|Sneasler, L50, F|100/100\n|-ability|p2b: Incineroar|Intimidate|boost\n|-unboost|p1a: Chandelure|atk|1\n|-unboost|p1b: Sneasler|atk|1\n|-enditem|p1b: Sneasler|White Herb\n|-clearnegativeboost|p1b: Sneasler|[silent]\n|turn|4\n|inactive|Assassin6000 has 30 seconds left.\n|inactive|Assassin6000 has 20 seconds left.\n|inactive|Assassin6000 has 15 seconds left.\n|inactive|Assassin6000 has 10 seconds left.\n|inactive|Assassin6000 has 5 seconds left.\n|\n|t:|1776417369\n|switch|p1a: Whimsicott|Whimsicott, L50, F|100/100\n|move|p1b: Sneasler|Protect|p1b: Sneasler\n|-singleturn|p1b: Sneasler|Protect\n|move|p2a: Basculegion|Last Respects|p1a: Whimsicott\n|-enditem|p1a: Whimsicott|Focus Sash\n|-damage|p1a: Whimsicott|1/100\n|move|p2b: Incineroar|Darkest Lariat|p1a: Whimsicott\n|-resisted|p1a: Whimsicott|1\n|-damage|p1a: Whimsicott|0 fnt\n|faint|p1a: Whimsicott\n|\n|-weather|RainDance|[upkeep]\n|upkeep\n|\n|t:|1776417384\n|switch|p1a: Chandelure|Chandelure-Mega, L50, M|86/100\n|turn|5\n|\n|t:|1776417407\n|move|p1a: Chandelure|Protect|p1a: Chandelure\n|-singleturn|p1a: Chandelure|Protect\n|move|p1b: Sneasler|Close Combat|p2b: Incineroar\n|-supereffective|p2b: Incineroar|1\n|-damage|p2b: Incineroar|0 fnt\n|-unboost|p1b: Sneasler|def|1\n|-unboost|p1b: Sneasler|spd|1\n|faint|p2b: Incineroar\n|move|p2a: Basculegion|Last Respects|p1b: Sneasler\n|-damage|p1b: Sneasler|0 fnt\n|faint|p1b: Sneasler\n|\n|-weather|none\n|upkeep\n|turn|6\n|\n|t:|1776417421\n|move|p1a: Chandelure|Shadow Ball|p2a: Basculegion\n|-supereffective|p2a: Basculegion|1\n|-damage|p2a: Basculegion|0 fnt\n|faint|p2a: Basculegion\n|\n|win|VicSaus53\n|raw|VicSaus53's rating: 1043 &rarr; <strong>1077</strong><br />(+34 for winning)\n|raw|Assassin6000's rating: 1051 &rarr; <strong>1033</strong><br />(-18 for losing)\n",
  "uploadtime": 1776417424,
  "views": 45,
  "formatid": "gen9championsvgc2026regma",
  "rating": 1033,
  "private": 0,
  "password": null
}