{
  "id": "gen9championsvgc2026regma-2581786708",
  "format": "[Gen 9 Champions] VGC 2026 Reg M-A",
  "players": [
    "cameruptthegoat O",
    "cremess"
  ],
  "log": "|j|\u2606cameruptthegoat O\n|j|\u2606cremess\n|t:|1776028334\n|gametype|doubles\n|player|p1|cameruptthegoat O|1|1177\n|player|p2|cremess|ghetsis-gen5bw|1202\n|gen|9\n|tier|[Gen 9 Champions] VGC 2026 Reg M-A\n|rated|\n|rule|Species Clause: Limit one of each Pok\u00e9mon\n|rule|Item Clause: Limit 1 of each item\n|clearpoke\n|poke|p1|Camerupt, L50, M|\n|poke|p1|Farigiraf, L50, M|\n|poke|p1|Incineroar, L50, F|\n|poke|p1|Torkoal, L50, F|\n|poke|p1|Sinistcha, L50|\n|poke|p2|Manectric, L50, F|\n|poke|p2|Politoed, L50, M|\n|poke|p2|Whimsicott, L50, M|\n|poke|p2|Palafin, L50, M|\n|poke|p2|Farigiraf, L50, M|\n|poke|p2|Incineroar, L50, M|\n|teampreview|4\ncremess rejected open team sheets.\n|\n|t:|1776028355\n|teamsize|p1|4\n|teamsize|p2|4\n|start\n|switch|p1a: Incineroar|Incineroar, L50, F|100/100\n|switch|p1b: Farigiraf|Farigiraf, L50, M|100/100\n|switch|p2a: Palafin|Palafin, L50, M|100/100\n|switch|p2b: Manectric|Manectric, L50, F|100/100\n|-ability|p1a: Incineroar|Intimidate|boost\n|-unboost|p2a: Palafin|atk|1\n|-unboost|p2b: Manectric|atk|1\n|turn|1\n|inactive|Battle timer is ON: inactive players will automatically lose when time's up. (requested by cremess)\n|\n|t:|1776028389\n|detailschange|p2a: Palafin|Palafin-Hero, L50, M\n|switch|p2a: Incineroar|Incineroar, L50, M|100/100\n|-ability|p2a: Incineroar|Intimidate|boost\n|-unboost|p1a: Incineroar|atk|1\n|-unboost|p1b: Farigiraf|atk|1\n|detailschange|p2b: Manectric|Manectric-Mega, L50, F\n|-mega|p2b: Manectric|Manectric|Manectite\n|-ability|p2b: Manectric|Intimidate|boost\n|-unboost|p1a: Incineroar|atk|1\n|-unboost|p1b: Farigiraf|atk|1\n|move|p2b: Manectric|Volt Switch|p1b: Farigiraf\n|-damage|p1b: Farigiraf|58/100\n|\n|t:|1776028404\n|switch|p2b: Palafin|Palafin-Hero, L50, M|100/100|[from] Volt Switch\n|-activate|p2b: Palafin|ability: Zero to Hero\n|move|p1a: Incineroar|Parting Shot|p2b: Palafin\n|-unboost|p2b: Palafin|atk|1\n|-unboost|p2b: Palafin|spa|1\n|\n|t:|1776028418\n|switch|p1a: Camerupt|Camerupt, L50, M|100/100|[from] Parting Shot\n|move|p1b: Farigiraf|Trick Room|p1b: Farigiraf\n|-fieldstart|move: Trick Room|[of] p1b: Farigiraf\n|\n|upkeep\n|turn|2\n|\n|t:|1776028427\n|detailschange|p1a: Camerupt|Camerupt-Mega, L50, M\n|-mega|p1a: Camerupt|Camerupt|Cameruptite\n|move|p2a: Incineroar|Helping Hand|p2b: Palafin\n|-singleturn|p2b: Palafin|Helping Hand|[of] p2a: Incineroar\n|move|p1a: Camerupt|Protect|p1a: Camerupt\n|-singleturn|p1a: Camerupt|Protect\n|move|p2b: Palafin|Jet Punch||[still]\n|cant|p1b: Farigiraf|ability: Armor Tail|Jet Punch|[of] p2b: Palafin\n|move|p1b: Farigiraf|Hyper Voice|p2a: Incineroar|[spread] p2a,p2b\n|-damage|p2a: Incineroar|71/100\n|-damage|p2b: Palafin|74/100\n|\n|-heal|p2b: Palafin|80/100|[from] item: Leftovers\n|upkeep\n|turn|3\n|inactive|cameruptthegoat O has 30 seconds left.\n|\n|t:|1776028459\n|switch|p2b: Politoed|Politoed, L50, M|100/100\n|-weather|RainDance|[from] ability: Drizzle|[of] p2b: Politoed\n|move|p1b: Farigiraf|Hyper Voice|p2a: Incineroar|[spread] p2a,p2b\n|-damage|p2a: Incineroar|43/100\n|-damage|p2b: Politoed|69/100\n|-enditem|p2a: Incineroar|Sitrus Berry|[eat]\n|-heal|p2a: Incineroar|68/100|[from] item: Sitrus Berry\n|move|p1a: Camerupt|Earth Power|p2b: Politoed\n|-damage|p2b: Politoed|12/100\n|move|p2a: Incineroar|Parting Shot|p1a: Camerupt\n|-unboost|p1a: Camerupt|atk|1\n|-unboost|p1a: Camerupt|spa|1\n|\n|t:|1776028475\n|switch|p2a: Palafin|Palafin-Hero, L50, M|80/100|[from] Parting Shot\n|\n|-weather|RainDance|[upkeep]\n|-heal|p2a: Palafin|86/100|[from] item: Leftovers\n|upkeep\n|turn|4\n|\n|t:|1776028498\n|switch|p1a: Torkoal|Torkoal, L50, F|100/100\n|-weather|SunnyDay|[from] ability: Drought|[of] p1a: Torkoal\n|move|p2b: Politoed|Protect|p2b: Politoed\n|-singleturn|p2b: Politoed|Protect\n|move|p1b: Farigiraf|Hyper Voice|p2a: Palafin|[spread] p2a\n|-activate|p2b: Politoed|move: Protect\n|-damage|p2a: Palafin|59/100\n|move|p2a: Palafin|Drain Punch|p1a: Torkoal\n|-damage|p1a: Torkoal|78/100\n|-heal|p2a: Palafin|69/100|[from] drain|[of] p1a: Torkoal\n|\n|-weather|SunnyDay|[upkeep]\n|-heal|p2a: Palafin|74/100|[from] item: Leftovers\n|upkeep\n|turn|5\n|inactive|cremess has 30 seconds left.\n|\n|t:|1776028524\n|switch|p1a: Incineroar|Incineroar, L50, F|100/100\n|-ability|p1a: Incineroar|Intimidate|boost\n|-unboost|p2a: Palafin|atk|1\n|-unboost|p2b: Politoed|atk|1\n|switch|p2b: Manectric|Manectric-Mega, L50, F|100/100\n|-ability|p2b: Manectric|Intimidate|boost\n|-unboost|p1a: Incineroar|atk|1\n|-unboost|p1b: Farigiraf|atk|1\n|move|p1b: Farigiraf|Hyper Voice|p2b: Manectric|[spread] p2a,p2b\n|-crit|p2a: Palafin\n|-damage|p2a: Palafin|33/100\n|-damage|p2b: Manectric|53/100\n|move|p2a: Palafin|Drain Punch|p1b: Farigiraf\n|-damage|p1b: Farigiraf|41/100\n|-heal|p2a: Palafin|43/100|[from] drain|[of] p1b: Farigiraf\n|\n|-weather|SunnyDay|[upkeep]\n|-heal|p2a: Palafin|48/100|[from] item: Leftovers\n|-fieldend|move: Trick Room\n|upkeep\n|turn|6\n|\n|t:|1776028547\n|switch|p2a: Politoed|Politoed, L50, M|12/100\n|-weather|RainDance|[from] ability: Drizzle|[of] p2a: Politoed\n|move|p1a: Incineroar|Fake Out|p2b: Manectric\n|-damage|p2b: Manectric|43/100\n|cant|p2b: Manectric|flinch\n|move|p1b: Farigiraf|Trick Room|p1b: Farigiraf\n|-fieldstart|move: Trick Room|[of] p1b: Farigiraf\n|\n|-weather|RainDance|[upkeep]\n|upkeep\n|turn|7\n|\n|t:|1776028570\n|move|p2a: Politoed|Protect|p2a: Politoed\n|-singleturn|p2a: Politoed|Protect\n|move|p1b: Farigiraf|Hyper Voice|p2a: Politoed|[spread] p2b\n|-activate|p2a: Politoed|move: Protect\n|-damage|p2b: Manectric|0 fnt\n|faint|p2b: Manectric\n|move|p1a: Incineroar|Throat Chop|p2a: Politoed\n|-activate|p2a: Politoed|move: Protect\n|\n|-weather|RainDance|[upkeep]\n|upkeep\n|\n|t:|1776028581\n|switch|p2b: Palafin|Palafin-Hero, L50, M|48/100\n|turn|8\n|\n|t:|1776028588\n|move|p1b: Farigiraf|Hyper Voice|p2a: Politoed|[spread] p2a,p2b\n|-damage|p2a: Politoed|0 fnt\n|-damage|p2b: Palafin|20/100\n|faint|p2a: Politoed\n|move|p1a: Incineroar|Throat Chop|p2b: Palafin\n|-damage|p2b: Palafin|0 fnt\n|faint|p2b: Palafin\n|\n|-weather|RainDance|[upkeep]\n|upkeep\n|-message|cremess forfeited.\n|\n|win|cameruptthegoat O\n|raw|cameruptthegoat O's rating: 1177 &rarr; <strong>1204</strong><br />(+27 for winning)\n|raw|cremess's rating: 1202 &rarr; <strong>1175</strong><br />(-27 for losing)\n|l|\u2606cremess\n|player|p2|\n",
  "uploadtime": 1776028597,
  "views": 18,
  "formatid": "gen9championsvgc2026regma",
  "rating": 1175,
  "private": 0,
  "password": null
}