{
  "id": "gen9championsvgc2026regma-2585024097",
  "format": "[Gen 9 Champions] VGC 2026 Reg M-A",
  "players": [
    "ArepadeChorizard",
    "xxxxbyu"
  ],
  "log": "|j|\u2606ArepadeChorizard\n|j|\u2606xxxxbyu\n|t:|1776304331\n|gametype|doubles\n|player|p1|ArepadeChorizard|allister-unmasked|1020\n|player|p2|xxxxbyu|waitress-gen4|1052\n|gen|9\n|tier|[Gen 9 Champions] VGC 2026 Reg M-A\n|rated|\n|rule|Species Clause: Limit one of each Pok\u00e9mon\n|rule|Item Clause: Limit 1 of each item\n|clearpoke\n|poke|p1|Gengar, L50, F|\n|poke|p1|Incineroar, L50, F|\n|poke|p1|Alcremie-Ruby-Swirl, L50, F|\n|poke|p1|Talonflame, L50, M|\n|poke|p1|Araquanid, L50, M|\n|poke|p1|Greninja-*, L50, M|\n|poke|p2|Floette-Eternal, L50, F|\n|poke|p2|Incineroar, L50, F|\n|poke|p2|Sinistcha, L50|\n|poke|p2|Sneasler, L50, F|\n|poke|p2|Froslass, L50, F|\n|poke|p2|Whimsicott, L50, F|\n|teampreview|4\n|inactive|Battle timer is ON: inactive players will automatically lose when time's up. (requested by ArepadeChorizard)\nArepadeChorizard rejected open team sheets.\n|inactive|ArepadeChorizard has 60 seconds left.\n|\n|t:|1776304372\n|teamsize|p1|4\n|teamsize|p2|4\n|start\n|switch|p1a: Incineroar|Incineroar, L50, F|100/100\n|switch|p1b: Greninja|Greninja, L50, M|100/100\n|switch|p2a: Floette|Floette-Eternal, L50, F|100/100\n|switch|p2b: Incineroar|Incineroar, L50, F|100/100\n|-ability|p1a: Incineroar|Intimidate|boost\n|-unboost|p2a: Floette|atk|1\n|-unboost|p2b: Incineroar|atk|1\n|-ability|p2b: Incineroar|Intimidate|boost\n|-unboost|p1a: Incineroar|atk|1\n|-unboost|p1b: Greninja|atk|1\n|turn|1\n|\n|t:|1776304393\n|detailschange|p1b: Greninja|Greninja-Mega, L50, M\n|-mega|p1b: Greninja|Greninja|Greninjite\n|detailschange|p2a: Floette|Floette-Mega, L50, F\n|-mega|p2a: Floette|Floette|Floettite\n|-ability|p2a: Floette|Fairy Aura\n|move|p2a: Floette|Protect|p2a: Floette\n|-singleturn|p2a: Floette|Protect\n|move|p1a: Incineroar|Fake Out|p2a: Floette\n|-activate|p2a: Floette|move: Protect\n|move|p1b: Greninja|Water Shuriken|p2b: Incineroar\n|-start|p1b: Greninja|typechange|Water|[from] ability: Protean\n|-supereffective|p2b: Incineroar|1\n|-damage|p2b: Incineroar|86/100\n|-supereffective|p2b: Incineroar|1\n|-damage|p2b: Incineroar|71/100\n|-supereffective|p2b: Incineroar|1\n|-damage|p2b: Incineroar|59/100\n|-hitcount|p2b: Incineroar|3\n|move|p2b: Incineroar|Parting Shot|p1b: Greninja\n|-unboost|p1b: Greninja|atk|1\n|-unboost|p1b: Greninja|spa|1\n|\n|t:|1776304414\n|switch|p2b: Sinistcha|Sinistcha, L50|100/100|[from] Parting Shot\n|\n|upkeep\n|turn|2\n|\n|t:|1776304438\n|switch|p1b: Alcremie|Alcremie-Ruby-Swirl, L50, F|100/100\n|switch|p2b: Incineroar|Incineroar, L50, F|59/100\n|-ability|p2b: Incineroar|Intimidate|boost\n|-unboost|p1a: Incineroar|atk|1\n|-unboost|p1b: Alcremie|atk|1\n|move|p2a: Floette|Calm Mind|p2a: Floette\n|-boost|p2a: Floette|spa|1\n|-boost|p2a: Floette|spd|1\n|move|p1a: Incineroar|Parting Shot|p2a: Floette\n|-unboost|p2a: Floette|atk|1\n|-unboost|p2a: Floette|spa|1\n|\n|t:|1776304448\n|switch|p1a: Araquanid|Araquanid, L50, M|100/100|[from] Parting Shot\n|\n|upkeep\n|turn|3\n|inactive|xxxxbyu has 30 seconds left.\n|inactive|xxxxbyu has 20 seconds left.\n|\n|t:|1776304487\n|move|p2b: Incineroar|Fake Out|p1a: Araquanid\n|-damage|p1a: Araquanid|87/100\n|move|p2a: Floette|Dazzling Gleam|p1b: Alcremie|[spread] p1a,p1b\n|-damage|p1a: Araquanid|50/100\n|-damage|p1b: Alcremie|61/100\n|move|p1b: Alcremie|Decorate|p1a: Araquanid\n|-boost|p1a: Araquanid|atk|2\n|-boost|p1a: Araquanid|spa|2\n|cant|p1a: Araquanid|flinch\n|\n|-heal|p1b: Alcremie|68/100|[from] item: Leftovers\n|upkeep\n|turn|4\n|\n|t:|1776304505\n|move|p1a: Araquanid|Protect|p1a: Araquanid\n|-singleturn|p1a: Araquanid|Protect\n|move|p2a: Floette|Dazzling Gleam|p1a: Araquanid|[spread] p1b\n|-activate|p1a: Araquanid|move: Protect\n|-damage|p1b: Alcremie|32/100\n|move|p1b: Alcremie|Mystical Fire|p2a: Floette\n|-damage|p2a: Floette|91/100\n|-unboost|p2a: Floette|spa|1\n|move|p2b: Incineroar|Throat Chop|p1a: Araquanid\n|-activate|p1a: Araquanid|move: Protect\n|\n|-heal|p1b: Alcremie|38/100|[from] item: Leftovers\n|upkeep\n|turn|5\n|\n|t:|1776304527\n|switch|p2a: Sinistcha|Sinistcha, L50|100/100\n|-heal|p2b: Incineroar|84/100|[from] ability: Hospitality|[of] p2a: Sinistcha\n|switch|p2b: Whimsicott|Whimsicott, L50, F|100/100\n|move|p1b: Alcremie|Dazzling Gleam|p2b: Whimsicott|[spread] p2a,p2b\n|-crit|p2a: Sinistcha\n|-damage|p2a: Sinistcha|70/100\n|-damage|p2b: Whimsicott|60/100\n|move|p1a: Araquanid|Leech Life|p2b: Whimsicott\n|-damage|p2b: Whimsicott|0 fnt\n|-heal|p1a: Araquanid|75/100|[from] drain|[of] p2b: Whimsicott\n|faint|p2b: Whimsicott\n|\n|-heal|p1b: Alcremie|44/100|[from] item: Leftovers\n|upkeep\n|\n|t:|1776304534\n|switch|p2b: Incineroar|Incineroar, L50, F|84/100\n|-ability|p2b: Incineroar|Intimidate|boost\n|-unboost|p1a: Araquanid|atk|1\n|-unboost|p1b: Alcremie|atk|1\n|turn|6\n|\n|t:|1776304552\n|move|p1a: Araquanid|Protect|p1a: Araquanid\n|-singleturn|p1a: Araquanid|Protect\n|move|p2b: Incineroar|Fake Out|p1a: Araquanid\n|-activate|p1a: Araquanid|move: Protect\n|move|p2a: Sinistcha|Matcha Gotcha|p1a: Araquanid|[spread] p1b\n|-activate|p1a: Araquanid|move: Protect\n|-damage|p1b: Alcremie|22/100\n|-heal|p2a: Sinistcha|80/100|[from] drain|[of] p1b: Alcremie\n|move|p1b: Alcremie|Mystical Fire|p2a: Sinistcha\n|-supereffective|p2a: Sinistcha|1\n|-damage|p2a: Sinistcha|46/100\n|-unboost|p2a: Sinistcha|spa|1\n|\n|-heal|p1b: Alcremie|28/100|[from] item: Leftovers\n|upkeep\n|turn|7\n|inactive|ArepadeChorizard has 30 seconds left.\n|inactive|xxxxbyu has 30 seconds left.\n|\n|t:|1776304578\n|move|p2a: Sinistcha|Strength Sap|p1a: Araquanid\n|-unboost|p1a: Araquanid|atk|1\n|-heal|p2a: Sinistcha|100/100\n|move|p1b: Alcremie|Decorate|p1a: Araquanid\n|-boost|p1a: Araquanid|atk|2\n|-boost|p1a: Araquanid|spa|2\n|move|p2b: Incineroar|Parting Shot|p1a: Araquanid\n|-unboost|p1a: Araquanid|atk|1\n|-unboost|p1a: Araquanid|spa|1\n|\n|t:|1776304587\n|switch|p2b: Floette|Floette-Mega, L50, F|91/100|[from] Parting Shot\n|-ability|p2b: Floette|Fairy Aura\n|move|p1a: Araquanid|Liquidation|p2b: Floette\n|-damage|p2b: Floette|0 fnt\n|faint|p2b: Floette\n|\n|-heal|p1b: Alcremie|34/100|[from] item: Leftovers\n|upkeep\n|\n|t:|1776304594\n|switch|p2b: Incineroar|Incineroar, L50, F|84/100\n|-ability|p2b: Incineroar|Intimidate|boost\n|-unboost|p1a: Araquanid|atk|1\n|-unboost|p1b: Alcremie|atk|1\n|turn|8\n|\n|t:|1776304604\n|switch|p1b: Incineroar|Incineroar, L50, F|100/100\n|-ability|p1b: Incineroar|Intimidate|boost\n|-unboost|p2a: Sinistcha|atk|1\n|-unboost|p2b: Incineroar|atk|1\n|move|p1a: Araquanid|Protect|p1a: Araquanid\n|-singleturn|p1a: Araquanid|Protect\n|move|p2a: Sinistcha|Matcha Gotcha|p1b: Incineroar|[spread] p1b\n|-activate|p1a: Araquanid|move: Protect\n|-resisted|p1b: Incineroar|1\n|-damage|p1b: Incineroar|94/100\n|move|p2b: Incineroar|Flare Blitz|p1b: Incineroar\n|-resisted|p1b: Incineroar|1\n|-damage|p1b: Incineroar|79/100\n|-damage|p2b: Incineroar|79/100|[from] Recoil\n|\n|upkeep\n|turn|9\n|-message|xxxxbyu forfeited.\n|\n|win|ArepadeChorizard\n|raw|ArepadeChorizard's rating: 1020 &rarr; <strong>1060</strong><br />(+40 for winning)\n|raw|xxxxbyu's rating: 1052 &rarr; <strong>1033</strong><br />(-19 for losing)\n|l|\u2606xxxxbyu\n|player|p2|\n",
  "uploadtime": 1776304620,
  "views": 21,
  "formatid": "gen9championsvgc2026regma",
  "rating": 1033,
  "private": 0,
  "password": null
}