{
  "id": "gen9championsvgc2026regma-2588586920",
  "format": "[Gen 9 Champions] VGC 2026 Reg M-A",
  "players": [
    "disciple of blahaj",
    "bandite"
  ],
  "log": "|j|\u2606disciple of blahaj\n|j|\u2606bandite\n|t:|1776647621\n|gametype|doubles\n|player|p1|disciple of blahaj|jacinthe|1293\n|player|p2|bandite|102|1192\n|gen|9\n|tier|[Gen 9 Champions] VGC 2026 Reg M-A\n|rated|\n|rule|Species Clause: Limit one of each Pok\u00e9mon\n|rule|Item Clause: Limit 1 of each item\n|clearpoke\n|poke|p1|Floette-Eternal, L50, F|\n|poke|p1|Aegislash, L50, M|\n|poke|p1|Mimikyu, L50, F|\n|poke|p1|Incineroar, L50, F|\n|poke|p1|Maushold-Four, L50|\n|poke|p1|Rotom-Wash, L50|\n|poke|p2|Gengar, L50, M|\n|poke|p2|Corviknight, L50, F|\n|poke|p2|Aegislash, L50, M|\n|poke|p2|Lucario, L50, M|\n|poke|p2|Aerodactyl, L50, M|\n|poke|p2|Tinkaton, L50, F|\n|teampreview|4\n|inactive|Battle timer is ON: inactive players will automatically lose when time's up. (requested by bandite)\n|\n|t:|1776647665\n|teamsize|p1|4\n|teamsize|p2|4\n|start\n|switch|p1a: Mimikyu|Mimikyu, L50, F|100/100\n|switch|p1b: Rotom|Rotom-Wash, L50|100/100\n|switch|p2a: Tinkaton|Tinkaton, L50, F|100/100\n|switch|p2b: Lucario|Lucario, L50, M|100/100\n|-ability|p2a: Tinkaton|Mold Breaker\n|turn|1\n|\n|t:|1776647682\n|move|p1b: Rotom|Volt Switch|p2b: Lucario\n|-damage|p2b: Lucario|54/100\n|\n|t:|1776647685\n|switch|p1b: Aegislash|Aegislash, L50, M|100/100|[from] Volt Switch\n|move|p2b: Lucario|Final Gambit|p1b: Aegislash\n|-immune|p1b: Aegislash\n|move|p2a: Tinkaton|Gigaton Hammer|p1a: Mimikyu\n|-supereffective|p1a: Mimikyu|1\n|-damage|p1a: Mimikyu|0 fnt\n|faint|p1a: Mimikyu\n|\n|upkeep\n|\n|t:|1776647696\n|switch|p1a: Rotom|Rotom-Wash, L50|100/100\n|turn|2\n|\n|t:|1776647704\n|move|p2a: Tinkaton|Protect|p2a: Tinkaton\n|-singleturn|p2a: Tinkaton|Protect\n|move|p1a: Rotom|Thunderbolt|p2b: Lucario\n|-damage|p2b: Lucario|0 fnt\n|faint|p2b: Lucario\n|-formechange|p1b: Aegislash|Aegislash-Blade|\n|move|p1b: Aegislash|Poltergeist|p2a: Tinkaton\n|-activate|p2a: Tinkaton|move: Protect\n|\n|upkeep\n|\n|t:|1776647710\n|switch|p2b: Corviknight|Corviknight, L50, F|100/100\n|turn|3\n|\n|t:|1776647725\n|switch|p2b: Gengar|Gengar, L50, M|100/100\n|move|p1a: Rotom|Thunderbolt|p2b: Gengar\n|-damage|p2b: Gengar|36/100\n|-start|p1a: Rotom|Disable|Thunderbolt|[from] ability: Cursed Body|[of] p2b: Gengar\n|move|p2a: Tinkaton|Gigaton Hammer|p1b: Aegislash\n|-resisted|p1b: Aegislash|1\n|-damage|p1b: Aegislash|49/100\n|move|p1b: Aegislash|Poltergeist|p2a: Tinkaton\n|-activate|p2a: Tinkaton|move: Poltergeist|Shuca Berry\n|-damage|p2a: Tinkaton|30/100\n|\n|-heal|p1b: Aegislash|55/100|[from] item: Leftovers\n|upkeep\n|turn|4\n|\n|t:|1776647745\n|switch|p1a: Floette|Floette-Eternal, L50, F|100/100\n|detailschange|p2b: Gengar|Gengar-Mega, L50, M\n|-mega|p2b: Gengar|Gengar|Gengarite\n|move|p2a: Tinkaton|Protect|p2a: Tinkaton\n|-singleturn|p2a: Tinkaton|Protect\n|-formechange|p1b: Aegislash|Aegislash|\n|move|p1b: Aegislash|King's Shield|p1b: Aegislash\n|-singleturn|p1b: Aegislash|Protect\n|move|p2b: Gengar|Substitute|p2b: Gengar\n|-start|p2b: Gengar|Substitute\n|-damage|p2b: Gengar|11/100\n|\n|-heal|p1b: Aegislash|61/100|[from] item: Leftovers\n|upkeep\n|turn|5\n|\n|t:|1776647765\n|switch|p1b: Rotom|Rotom-Wash, L50|100/100\n|detailschange|p1a: Floette|Floette-Mega, L50, F\n|-mega|p1a: Floette|Floette|Floettite\n|-ability|p1a: Floette|Fairy Aura\n|move|p2b: Gengar|Sludge Wave|p1b: Rotom|[spread] p1a,p1b\n|-immune|p2a: Tinkaton\n|-supereffective|p1a: Floette|1\n|-damage|p1a: Floette|36/100\n|-damage|p1b: Rotom|38/100\n|move|p1a: Floette|Dazzling Gleam|p2a: Tinkaton|[spread] p2a,p2b\n|-resisted|p2b: Gengar|1\n|-end|p2b: Gengar|Substitute\n|-resisted|p2a: Tinkaton|1\n|-crit|p2a: Tinkaton\n|-damage|p2a: Tinkaton|0 fnt\n|faint|p2a: Tinkaton\n|\n|upkeep\n|\n|t:|1776647775\n|switch|p2a: Corviknight|Corviknight, L50, F|100/100\n|turn|6\n|\n|t:|1776647792\n|move|p1a: Floette|Protect|p1a: Floette\n|-singleturn|p1a: Floette|Protect\n|move|p1b: Rotom|Electroweb|p2b: Gengar|[spread] p2a,p2b\n|-supereffective|p2a: Corviknight|1\n|-damage|p2a: Corviknight|65/100\n|-damage|p2b: Gengar|0 fnt\n|-ability|p2a: Corviknight|Mirror Armor\n|-unboost|p1b: Rotom|spe|1\n|faint|p2b: Gengar\n|move|p2a: Corviknight|Roost|p2a: Corviknight\n|-heal|p2a: Corviknight|100/100\n|-singleturn|p2a: Corviknight|move: Roost\n|\n|upkeep\n|turn|7\n|inactive|disciple of blahaj has 30 seconds left.\n|inactive|disciple of blahaj has 20 seconds left.\n|\n|t:|1776647828\n|switch|p1b: Aegislash|Aegislash, L50, M|61/100\n|move|p1a: Floette|Calm Mind|p1a: Floette\n|-boost|p1a: Floette|spa|1\n|-boost|p1a: Floette|spd|1\n|move|p2a: Corviknight|Brave Bird|p1a: Floette\n|-damage|p1a: Floette|3/100\n|-damage|p2a: Corviknight|91/100|[from] Recoil\n|\n|-heal|p2a: Corviknight|97/100|[from] item: Leftovers\n|-heal|p1b: Aegislash|67/100|[from] item: Leftovers\n|upkeep\n|turn|8\n|inactive|bandite has 30 seconds left.\n|\n|t:|1776647861\n|move|p1a: Floette|Draining Kiss|p2a: Corviknight\n|-resisted|p2a: Corviknight|1\n|-crit|p2a: Corviknight\n|-damage|p2a: Corviknight|55/100\n|-heal|p1a: Floette|38/100|[from] drain|[of] p2a: Corviknight\n|move|p2a: Corviknight|Brave Bird|p1a: Floette\n|-damage|p1a: Floette|5/100\n|-damage|p2a: Corviknight|45/100|[from] Recoil\n|-formechange|p1b: Aegislash|Aegislash-Blade|\n|move|p1b: Aegislash|Poltergeist|p2a: Corviknight\n|-activate|p2a: Corviknight|move: Poltergeist|Leftovers\n|-damage|p2a: Corviknight|6/100\n|\n|-heal|p2a: Corviknight|12/100|[from] item: Leftovers\n|-heal|p1b: Aegislash|73/100|[from] item: Leftovers\n|upkeep\n|turn|9\n|-message|bandite forfeited.\n|\n|win|disciple of blahaj\n|raw|disciple of blahaj's rating: 1293 &rarr; <strong>1311</strong><br />(+18 for winning)\n|raw|bandite's rating: 1192 &rarr; <strong>1174</strong><br />(-18 for losing)\n|l|\u2606bandite\n|player|p2|\n",
  "uploadtime": 1776647884,
  "views": 6,
  "formatid": "gen9championsvgc2026regma",
  "rating": 1174,
  "private": 0,
  "password": null
}