{
  "id": "gen9championsvgc2026regma-2585481199",
  "format": "[Gen 9 Champions] VGC 2026 Reg M-A",
  "players": [
    "jacrepid",
    "toadic6"
  ],
  "log": "|j|\u2606jacrepid\n|j|\u2606toadic6\n|t:|1776350388\n|gametype|doubles\n|player|p1|jacrepid|acetrainer-gen4dp|1045\n|player|p2|toadic6|101|1147\n|gen|9\n|tier|[Gen 9 Champions] VGC 2026 Reg M-A\n|rated|\n|rule|Species Clause: Limit one of each Pok\u00e9mon\n|rule|Item Clause: Limit 1 of each item\n|clearpoke\n|poke|p1|Gyarados, L50, F|\n|poke|p1|Whimsicott, L50, M|\n|poke|p1|Tauros-Paldea-Blaze, L50, M|\n|poke|p1|Manectric, L50, M|\n|poke|p1|Sneasler, L50, F|\n|poke|p1|Ninetales-Alola, L50, M|\n|poke|p2|Hawlucha, L50, F|\n|poke|p2|Excadrill, L50, F|\n|poke|p2|Kingambit, L50, F|\n|poke|p2|Whimsicott, L50, M|\n|poke|p2|Weavile, L50, F|\n|poke|p2|Tyranitar, L50, M|\n|teampreview|4\n|\n|t:|1776350423\n|teamsize|p1|4\n|teamsize|p2|4\n|start\n|switch|p1a: Manectric|Manectric, L50, M|100/100\n|switch|p1b: Whimsicott|Whimsicott, L50, M|100/100\n|switch|p2a: Whimsicott|Whimsicott, L50, M|100/100\n|switch|p2b: Weavile|Weavile, L50, F|100/100\n|-ability|p2b: Weavile|Pressure\n|turn|1\n|\n|t:|1776350439\n|detailschange|p1a: Manectric|Manectric-Mega, L50, M\n|-mega|p1a: Manectric|Manectric|Manectite\n|-ability|p1a: Manectric|Intimidate|boost\n|-unboost|p2a: Whimsicott|atk|1\n|-unboost|p2b: Weavile|atk|1\n|-enditem|p2b: Weavile|White Herb\n|-clearnegativeboost|p2b: Weavile|[silent]\n|move|p2b: Weavile|Fake Out|p1b: Whimsicott\n|-damage|p1b: Whimsicott|82/100\n|cant|p1b: Whimsicott|flinch\n|move|p2a: Whimsicott|Tailwind|p2a: Whimsicott\n|-sidestart|p2: toadic6|move: Tailwind\n|move|p1a: Manectric|Volt Switch|p2b: Weavile\n|-damage|p2b: Weavile|53/100\n|\n|t:|1776350451\n|switch|p1a: Ninetales|Ninetales-Alola, L50, M|100/100|[from] Volt Switch\n|-weather|Snowscape|[from] ability: Snow Warning|[of] p1a: Ninetales\n|\n|-weather|Snowscape|[upkeep]\n|upkeep\n|turn|2\n|\n|t:|1776350472\n|move|p2a: Whimsicott|Light Screen|p2a: Whimsicott\n|-sidestart|p2: toadic6|move: Light Screen\n|move|p1b: Whimsicott|Tailwind|p1b: Whimsicott\n|-sidestart|p1: jacrepid|move: Tailwind\n|move|p2b: Weavile|Triple Axel|p1b: Whimsicott\n|-supereffective|p1b: Whimsicott|1\n|-damage|p1b: Whimsicott|51/100\n|-supereffective|p1b: Whimsicott|1\n|-damage|p1b: Whimsicott|0 fnt\n|faint|p1b: Whimsicott\n|-hitcount|p1: Whimsicott|2\n|move|p1a: Ninetales|Moonblast|p2b: Weavile\n|-supereffective|p2b: Weavile|1\n|-damage|p2b: Weavile|0 fnt\n|faint|p2b: Weavile\n|\n|-weather|Snowscape|[upkeep]\n|upkeep\n|\n|t:|1776350490\n|switch|p2b: Hawlucha|Hawlucha, L50, F|100/100\n|switch|p1b: Tauros|Tauros-Paldea-Blaze, L50, M|100/100\n|-ability|p1b: Tauros|Intimidate|boost\n|-unboost|p2a: Whimsicott|atk|1\n|-unboost|p2b: Hawlucha|atk|1\n|turn|3\n|\n|t:|1776350523\n|detailschange|p2b: Hawlucha|Hawlucha-Mega, L50, F\n|-mega|p2b: Hawlucha|Hawlucha|Hawluchanite\n|move|p1b: Tauros|Body Press|p2a: Whimsicott\n|-resisted|p2a: Whimsicott|1\n|-damage|p2a: Whimsicott|81/100\n|move|p1a: Ninetales|Blizzard|p2a: Whimsicott|[spread] p2a,p2b\n|-supereffective|p2a: Whimsicott|1\n|-supereffective|p2b: Hawlucha|1\n|-damage|p2a: Whimsicott|28/100\n|-damage|p2b: Hawlucha|61/100\n|move|p2a: Whimsicott|Moonblast|p1a: Ninetales\n|-damage|p1a: Ninetales|69/100\n|move|p2b: Hawlucha|Close Combat|p1a: Ninetales\n|-damage|p1a: Ninetales|29/100\n|-unboost|p2b: Hawlucha|def|1\n|-unboost|p2b: Hawlucha|spd|1\n|\n|-weather|Snowscape|[upkeep]\n|upkeep\n|turn|4\n|\n|t:|1776350559\n|switch|p2a: Excadrill|Excadrill, L50, F|100/100\n|-ability|p2a: Excadrill|Mold Breaker\n|move|p2b: Hawlucha|Protect|p2b: Hawlucha\n|-singleturn|p2b: Hawlucha|Protect\n|move|p1b: Tauros|Body Press|p2b: Hawlucha\n|-activate|p2b: Hawlucha|move: Protect\n|move|p1a: Ninetales|Blizzard|p2b: Hawlucha|[spread] p2a\n|-activate|p2b: Hawlucha|move: Protect\n|-damage|p2a: Excadrill|73/100\n|\n|-weather|Snowscape|[upkeep]\n|-sideend|p2: toadic6|move: Tailwind\n|upkeep\n|turn|5\n|\n|t:|1776350589\n|switch|p2b: Whimsicott|Whimsicott, L50, M|28/100\n|move|p2a: Excadrill|Protect|p2a: Excadrill\n|-singleturn|p2a: Excadrill|Protect\n|move|p1b: Tauros|Body Press|p2a: Excadrill\n|-activate|p2a: Excadrill|move: Protect\n|move|p1a: Ninetales|Moonblast|p2b: Whimsicott\n|-damage|p2b: Whimsicott|0 fnt\n|faint|p2b: Whimsicott\n|\n|-weather|none\n|-sideend|p1: jacrepid|move: Tailwind\n|upkeep\n|\n|t:|1776350601\n|switch|p2b: Hawlucha|Hawlucha-Mega, L50, F|61/100\n|turn|6\n|\n|t:|1776350619\n|move|p1b: Tauros|Body Press|p2a: Excadrill\n|-supereffective|p2a: Excadrill|1\n|-damage|p2a: Excadrill|0 fnt\n|faint|p2a: Excadrill\n|move|p1a: Ninetales|Moonblast|p2b: Hawlucha\n|-supereffective|p2b: Hawlucha|1\n|-damage|p2b: Hawlucha|15/100\n|move|p2b: Hawlucha|Brave Bird|p1b: Tauros\n|-supereffective|p1b: Tauros|1\n|-damage|p1b: Tauros|0 fnt\n|faint|p1b: Tauros\n|-damage|p2b: Hawlucha|0 fnt|[from] Recoil\n|faint|p2b: Hawlucha\n|\n|win|jacrepid\n|raw|jacrepid's rating: 1045 &rarr; <strong>1088</strong><br />(+43 for winning)\n|raw|toadic6's rating: 1147 &rarr; <strong>1115</strong><br />(-32 for losing)\n",
  "uploadtime": 1776350620,
  "views": 21,
  "formatid": "gen9championsvgc2026regma",
  "rating": 1088,
  "private": 0,
  "password": null
}