{
  "id": "gen9championsvgc2026regma-2582930529",
  "format": "[Gen 9 Champions] VGC 2026 Reg M-A",
  "players": [
    "Prohxy",
    "sharpdarkness320"
  ],
  "log": "|j|\u2606Prohxy\n|j|\u2606sharpdarkness320\n|t:|1776125989\n|gametype|doubles\n|player|p1|Prohxy|lorelei-lgpe|1009\n|player|p2|sharpdarkness320|265|1052\n|gen|9\n|tier|[Gen 9 Champions] VGC 2026 Reg M-A\n|rated|\n|rule|Species Clause: Limit one of each Pok\u00e9mon\n|rule|Item Clause: Limit 1 of each item\n|clearpoke\n|poke|p1|Alcremie, L50, F|\n|poke|p1|Sinistcha, L50|\n|poke|p1|Scizor, L50, F|\n|poke|p1|Politoed, L50, F|\n|poke|p1|Basculegion, L50, M|\n|poke|p1|Manectric, L50, F|\n|poke|p2|Pelipper, L50, M|\n|poke|p2|Archaludon, L50, M|\n|poke|p2|Palafin, L50, M|\n|poke|p2|Dragonite, L50, F|\n|poke|p2|Meowscarada, L50, F|\n|poke|p2|Tinkaton, L50, F|\n|teampreview|4\n|\n|t:|1776126026\n|teamsize|p1|4\n|teamsize|p2|4\n|start\n|switch|p1a: Politoed|Politoed, L50, F, shiny|100/100\n|switch|p1b: Manectric|Manectric, L50, F, shiny|100/100\n|switch|p2a: Meowscarada|Meowscarada, L50, F|100/100\n|switch|p2b: Dragonite|Dragonite, L50, F|100/100\n|-weather|RainDance|[from] ability: Drizzle|[of] p1a: Politoed\n|turn|1\n|\n|t:|1776126060\n|switch|p2b: Archaludon|Archaludon, L50, M|100/100\n|move|p2a: Meowscarada|Flower Trick|p1a: Politoed\n|-start|p2a: Meowscarada|typechange|Grass|[from] ability: Protean\n|-supereffective|p1a: Politoed|1\n|-crit|p1a: Politoed\n|-damage|p1a: Politoed|9/100\n|move|p1b: Manectric|Flamethrower|p2a: Meowscarada\n|-supereffective|p2a: Meowscarada|1\n|-damage|p2a: Meowscarada|56/100\n|move|p1a: Politoed|Icy Wind|p2b: Archaludon|[spread] p2a,p2b\n|-supereffective|p2a: Meowscarada|1\n|-damage|p2a: Meowscarada|29/100\n|-damage|p2b: Archaludon|87/100\n|-unboost|p2a: Meowscarada|spe|1\n|-unboost|p2b: Archaludon|spe|1\n|\n|-weather|RainDance|[upkeep]\n|upkeep\n|turn|2\n|\n|t:|1776126094\n|move|p1a: Politoed|Helping Hand|p1b: Manectric\n|-singleturn|p1b: Manectric|Helping Hand|[of] p1a: Politoed\n|move|p1b: Manectric|Thunder|p2b: Archaludon\n|-resisted|p2b: Archaludon|1\n|-damage|p2b: Archaludon|21/100\n|-status|p2b: Archaludon|par\n|move|p2a: Meowscarada|Knock Off|p1b: Manectric\n|-damage|p1b: Manectric|61/100\n|move|p2b: Archaludon|Electro Shot||[still]\n|-prepare|p2b: Archaludon|Electro Shot\n|-boost|p2b: Archaludon|spa|1\n|-anim|p2b: Archaludon|Electro Shot|p1a: Politoed\n|-supereffective|p1a: Politoed|1\n|-damage|p1a: Politoed|0 fnt\n|faint|p1a: Politoed\n|\n|-weather|RainDance|[upkeep]\n|upkeep\n|\n|t:|1776126112\n|switch|p1a: Basculegion|Basculegion, L50, M|100/100\n|turn|3\n|\n|t:|1776126123\n|move|p2a: Meowscarada|Protect|p2a: Meowscarada\n|-singleturn|p2a: Meowscarada|Protect\n|move|p1a: Basculegion|Wave Crash|p2b: Archaludon\n|-resisted|p2b: Archaludon|1\n|-damage|p2b: Archaludon|0 fnt\n|faint|p2b: Archaludon\n|-damage|p1a: Basculegion|94/100|[from] Recoil\n|move|p1b: Manectric|Flamethrower|p2a: Meowscarada\n|-activate|p2a: Meowscarada|move: Protect\n|\n|-weather|RainDance|[upkeep]\n|upkeep\n|\n|t:|1776126133\n|switch|p2b: Dragonite|Dragonite, L50, F|100/100\n|turn|4\n|\n|t:|1776126171\n|switch|p2a: Pelipper|Pelipper, L50, M|100/100\n|detailschange|p2b: Dragonite|Dragonite-Mega, L50, F\n|-mega|p2b: Dragonite|Dragonite|Dragoninite\n|move|p1a: Basculegion|Psychic Fangs|p2a: Pelipper\n|-damage|p2a: Pelipper|68/100\n|move|p2b: Dragonite|Draco Meteor|p1b: Manectric\n|-damage|p1b: Manectric|0 fnt\n|-unboost|p2b: Dragonite|spa|2\n|faint|p1b: Manectric\n|\n|-weather|RainDance|[upkeep]\n|upkeep\n|\n|t:|1776126182\n|switch|p1b: Scizor|Scizor, L50, F, shiny|100/100\n|turn|5\n|\n|t:|1776126197\n|switch|p2b: Meowscarada|Meowscarada, L50, F|29/100\n|detailschange|p1b: Scizor|Scizor-Mega, L50, F, shiny\n|-mega|p1b: Scizor|Scizor|Scizorite\n|move|p1b: Scizor|Bullet Punch|p2a: Pelipper\n|-resisted|p2a: Pelipper|1\n|-damage|p2a: Pelipper|48/100\n|-enditem|p2a: Pelipper|Sitrus Berry|[eat]\n|-heal|p2a: Pelipper|72/100|[from] item: Sitrus Berry\n|move|p1a: Basculegion|Last Respects|p2b: Meowscarada\n|-resisted|p2b: Meowscarada|1\n|-damage|p2b: Meowscarada|0 fnt\n|faint|p2b: Meowscarada\n|move|p2a: Pelipper|Hurricane|p1a: Basculegion\n|-crit|p1a: Basculegion\n|-damage|p1a: Basculegion|35/100\n|-start|p1a: Basculegion|confusion\n|\n|-weather|none\n|upkeep\n|\n|t:|1776126213\n|switch|p2b: Dragonite|Dragonite-Mega, L50, F|100/100\n|turn|6\n|\n|t:|1776126230\n|move|p2a: Pelipper|Protect|p2a: Pelipper\n|-singleturn|p2a: Pelipper|Protect\n|move|p2b: Dragonite|Rain Dance|p2b: Dragonite\n|-weather|RainDance\n|-activate|p1a: Basculegion|confusion\n|move|p1a: Basculegion|Last Respects|p2b: Dragonite\n|-damage|p2b: Dragonite|65/100\n|move|p1b: Scizor|Dual Wingbeat|p2a: Pelipper\n|-activate|p2a: Pelipper|move: Protect\n|\n|-weather|RainDance|[upkeep]\n|upkeep\n|turn|7\n|\n|t:|1776126271\n|move|p1b: Scizor|Bullet Punch|p2b: Dragonite\n|-damage|p2b: Dragonite|29/100\n|-end|p1a: Basculegion|confusion\n|move|p1a: Basculegion|Last Respects|p2a: Pelipper\n|-crit|p2a: Pelipper\n|-damage|p2a: Pelipper|0 fnt\n|faint|p2a: Pelipper\n|move|p2b: Dragonite|Hurricane|p1a: Basculegion\n|-damage|p1a: Basculegion|0 fnt\n|faint|p1a: Basculegion\n|\n|-weather|RainDance|[upkeep]\n|upkeep\n|turn|8\n|\n|t:|1776126288\n|move|p1b: Scizor|Bullet Punch|p2b: Dragonite\n|-damage|p2b: Dragonite|0 fnt\n|faint|p2b: Dragonite\n|\n|win|Prohxy\n|raw|Prohxy's rating: 1009 &rarr; <strong>1052</strong><br />(+43 for winning)\n|raw|sharpdarkness320's rating: 1052 &rarr; <strong>1032</strong><br />(-20 for losing)\n|l|\u2606sharpdarkness320\n|player|p2|\n",
  "uploadtime": 1776126295,
  "views": 24,
  "formatid": "gen9championsvgc2026regma",
  "rating": 1032,
  "private": 0,
  "password": null
}