{
  "id": "gen9championsvgc2026regma-2585892927",
  "format": "[Gen 9 Champions] VGC 2026 Reg M-A",
  "players": [
    "vveliplayspokemon",
    "octasito"
  ],
  "log": "|j|\u2606vveliplayspokemon\n|j|\u2606octasito\n|t:|1776379043\n|gametype|doubles\n|player|p1|vveliplayspokemon|101|1300\n|player|p2|octasito|lucas|1373\n|gen|9\n|tier|[Gen 9 Champions] VGC 2026 Reg M-A\n|rated|\n|rule|Species Clause: Limit one of each Pok\u00e9mon\n|rule|Item Clause: Limit 1 of each item\n|clearpoke\n|poke|p1|Kangaskhan, L50, F|\n|poke|p1|Whimsicott, L50, F|\n|poke|p1|Basculegion, L50, M|\n|poke|p1|Pelipper, L50, M|\n|poke|p1|Sneasler, L50, M|\n|poke|p1|Gardevoir, L50, F|\n|poke|p2|Sneasler, L50, F|\n|poke|p2|Floette-Eternal, L50, F|\n|poke|p2|Basculegion, L50, M|\n|poke|p2|Maushold-Four, L50|\n|poke|p2|Aerodactyl, L50, M|\n|poke|p2|Kingambit, L50, M|\n|teampreview|4\n|inactive|Battle timer is ON: inactive players will automatically lose when time's up. (requested by vveliplayspokemon)\n|inactive|octasito also wants the timer to be on.\noctasito has agreed to open team sheets.\n|inactive|vveliplayspokemon has 60 seconds left.\n|j| Choklit Milk\n|l| Choklit Milk\n|inactive|vveliplayspokemon has 30 seconds left.\n|\n|t:|1776379110\n|teamsize|p1|4\n|teamsize|p2|4\n|start\n|switch|p1a: Kangaskhan|Kangaskhan, L50, F|100/100\n|switch|p1b: Sneasler|Sneasler, L50, M|100/100\n|switch|p2a: Aerodactyl|Aerodactyl, L50, M|100/100\n|switch|p2b: Floette|Floette-Eternal, L50, F|100/100\n|-ability|p2a: Aerodactyl|Unnerve\n|turn|1\n|inactive|vveliplayspokemon has 30 seconds left.\n|inactive|octasito has 30 seconds left.\n|\n|t:|1776379140\n|switch|p1a: Whimsicott|Whimsicott, L50, F|100/100\n|move|p2a: Aerodactyl|Protect|p2a: Aerodactyl\n|-singleturn|p2a: Aerodactyl|Protect\n|move|p2b: Floette|Protect|p2b: Floette\n|-singleturn|p2b: Floette|Protect\n|move|p1b: Sneasler|Fake Out|p2a: Aerodactyl\n|-activate|p2a: Aerodactyl|move: Protect\n|\n|upkeep\n|turn|2\n|\n|t:|1776379163\n|switch|p2b: Kingambit|Kingambit, L50, M|100/100\n|move|p1a: Whimsicott|Encore|p2a: Aerodactyl\n|-start|p2a: Aerodactyl|Encore\n|move|p2a: Aerodactyl|Protect||[still]\n|-fail|p2a: Aerodactyl\n|move|p1b: Sneasler|Close Combat|p2b: Kingambit\n|-supereffective|p2b: Kingambit|2\n|-damage|p2b: Kingambit|0 fnt\n|-unboost|p1b: Sneasler|def|1\n|-unboost|p1b: Sneasler|spd|1\n|faint|p2b: Kingambit\n|\n|upkeep\n|\n|t:|1776379172\n|switch|p2b: Sneasler|Sneasler, L50, F|100/100\n|turn|3\n|inactive|vveliplayspokemon has 30 seconds left.\n|\n|t:|1776379203\n|move|p2a: Aerodactyl|Protect|p2a: Aerodactyl\n|-singleturn|p2a: Aerodactyl|Protect\n|move|p1a: Whimsicott|Tailwind|p1a: Whimsicott\n|-sidestart|p1: vveliplayspokemon|move: Tailwind\n|move|p1b: Sneasler|Dire Claw|p2a: Aerodactyl\n|-activate|p2a: Aerodactyl|move: Protect\n|move|p2b: Sneasler|Dire Claw|p1a: Whimsicott\n|-supereffective|p1a: Whimsicott|2\n|-damage|p1a: Whimsicott|0 fnt\n|faint|p1a: Whimsicott\n|\n|upkeep\n|\n|t:|1776379225\n|switch|p1a: Kangaskhan|Kangaskhan, L50, F|100/100\n|turn|4\n|\n|t:|1776379249\n|detailschange|p1a: Kangaskhan|Kangaskhan-Mega, L50, F\n|-mega|p1a: Kangaskhan|Kangaskhan|Kangaskhanite\n|move|p2a: Aerodactyl|Protect||[still]\n|-fail|p2a: Aerodactyl\n|move|p2b: Sneasler|Protect|p2b: Sneasler\n|-singleturn|p2b: Sneasler|Protect\n|move|p1b: Sneasler|Dire Claw|p2a: Aerodactyl\n|-resisted|p2a: Aerodactyl|1\n|-damage|p2a: Aerodactyl|64/100\n|move|p1a: Kangaskhan|Double-Edge|p2b: Sneasler\n|-activate|p2b: Sneasler|move: Protect\n|\n|-end|p2a: Aerodactyl|Encore\n|upkeep\n|turn|5\n|\n|t:|1776379271\n|move|p1b: Sneasler|Close Combat|p2a: Aerodactyl\n|-damage|p2a: Aerodactyl|0 fnt\n|-unboost|p1b: Sneasler|def|1\n|-unboost|p1b: Sneasler|spd|1\n|faint|p2a: Aerodactyl\n|move|p1a: Kangaskhan|Double-Edge|p2b: Sneasler\n|-damage|p2b: Sneasler|0 fnt\n|faint|p2b: Sneasler\n|-hitcount|p2: Sneasler|1\n|-damage|p1a: Kangaskhan|76/100|[from] Recoil\n|\n|upkeep\n|-message|octasito forfeited.\n|\n|win|vveliplayspokemon\n|raw|vveliplayspokemon's rating: 1300 &rarr; <strong>1330</strong><br />(+30 for winning)\n|raw|octasito's rating: 1373 &rarr; <strong>1349</strong><br />(-24 for losing)\n|l|\u2606octasito\n|player|p2|\n|l|\u2606vveliplayspokemon\n|player|p1|\n",
  "uploadtime": 1776379534,
  "views": 48,
  "formatid": "gen9championsvgc2026regma",
  "rating": 1330,
  "private": 0,
  "password": null
}