{
  "id": "gen9championsvgc2026regma-2582462772",
  "format": "[Gen 9 Champions] VGC 2026 Reg M-A",
  "players": [
    "Volcanicscroo",
    "szadek"
  ],
  "log": "|j|\u2606Volcanicscroo\n|j|\u2606szadek\n|t:|1776093292\n|gametype|doubles\n|player|p1|Volcanicscroo|265|1014\n|player|p2|szadek|veteran|1096\n|gen|9\n|tier|[Gen 9 Champions] VGC 2026 Reg M-A\n|rated|\n|rule|Species Clause: Limit one of each Pok\u00e9mon\n|rule|Item Clause: Limit 1 of each item\n|clearpoke\n|poke|p1|Incineroar, L50, F|\n|poke|p1|Sneasler, L50, M|\n|poke|p1|Sinistcha-Masterpiece, L50|\n|poke|p1|Dragonite, L50, F|\n|poke|p1|Farigiraf, L50, F|\n|poke|p1|Whimsicott, L50, F|\n|poke|p2|Floette-Eternal, L50, F|\n|poke|p2|Talonflame, L50, F|\n|poke|p2|Mamoswine, L50, F|\n|poke|p2|Sinistcha, L50|\n|poke|p2|Sneasler, L50, F|\n|poke|p2|Araquanid, L50, M|\n|teampreview|4\n|\n|t:|1776093351\n|teamsize|p1|4\n|teamsize|p2|4\n|start\n|switch|p1a: Sneasler|Sneasler, L50, M|100/100\n|switch|p1b: Farigiraf|Farigiraf, L50, F|100/100\n|switch|p2a: Talonflame|Talonflame, L50, F|100/100\n|switch|p2b: Sneasler|Sneasler, L50, F|100/100\n|turn|1\n|\n|t:|1776093361\n|move|p2a: Talonflame|Protect|p2a: Talonflame\n|-singleturn|p2a: Talonflame|Protect\n|move|p1a: Sneasler|Dire Claw|p2a: Talonflame\n|-activate|p2a: Talonflame|move: Protect\n|move|p2b: Sneasler|Dire Claw|p1b: Farigiraf\n|-damage|p1b: Farigiraf|60/100\n|move|p1b: Farigiraf|Roar|p1a: Sneasler\n|drag|p1a: Dragonite|Dragonite, L50, F|100/100\n|\n|upkeep\n|turn|2\n|\n|t:|1776093378\n|move|p1a: Dragonite|Extreme Speed|p2a: Talonflame\n|-damage|p2a: Talonflame|69/100\n|move|p2a: Talonflame|Acrobatics|p1a: Dragonite\n|-damage|p1a: Dragonite|78/100\n|move|p2b: Sneasler|Dire Claw|p1a: Dragonite\n|-damage|p1a: Dragonite|28/100\n|move|p1b: Farigiraf|Psychic|p2b: Sneasler\n|-supereffective|p2b: Sneasler|2\n|-damage|p2b: Sneasler|0 fnt\n|faint|p2b: Sneasler\n|\n|upkeep\n|\n|t:|1776093389\n|switch|p2b: Floette|Floette-Eternal, L50, F|100/100\n|turn|3\n|\n|t:|1776093408\n|switch|p1a: Sneasler|Sneasler, L50, M|100/100\n|detailschange|p2b: Floette|Floette-Mega, L50, F\n|-mega|p2b: Floette|Floette|Floettite\n|-ability|p2b: Floette|Fairy Aura\n|move|p2a: Talonflame|Acrobatics|p1a: Sneasler\n|-supereffective|p1a: Sneasler|1\n|-damage|p1a: Sneasler|0 fnt\n|faint|p1a: Sneasler\n|move|p2b: Floette|Calm Mind|p2b: Floette\n|-boost|p2b: Floette|spa|1\n|-boost|p2b: Floette|spd|1\n|move|p1b: Farigiraf|Psychic|p2b: Floette\n|-damage|p2b: Floette|81/100\n|\n|upkeep\n|\n|t:|1776093414\n|switch|p1a: Sinistcha|Sinistcha-Masterpiece, L50|100/100\n|-heal|p1b: Farigiraf|85/100|[from] ability: Hospitality|[of] p1a: Sinistcha\n|turn|4\n|\n|t:|1776093429\n|move|p2a: Talonflame|Acrobatics|p1a: Sinistcha\n|-supereffective|p1a: Sinistcha|1\n|-damage|p1a: Sinistcha|10/100\n|move|p2b: Floette|Dazzling Gleam|p1b: Farigiraf|[spread] p1a,p1b\n|-damage|p1a: Sinistcha|0 fnt\n|-damage|p1b: Farigiraf|9/100\n|-enditem|p1b: Farigiraf|Sitrus Berry|[eat]\n|-heal|p1b: Farigiraf|34/100|[from] item: Sitrus Berry\n|faint|p1a: Sinistcha\n|move|p1b: Farigiraf|Roar|p2b: Floette\n|drag|p2b: Mamoswine|Mamoswine, L50, F|100/100\n|\n|upkeep\n|\n|t:|1776093436\n|switch|p1a: Dragonite|Dragonite, L50, F|28/100\n|turn|5\n|\n|t:|1776093448\n|detailschange|p1a: Dragonite|Dragonite-Mega, L50, F\n|-mega|p1a: Dragonite|Dragonite|Dragoninite\n|move|p2b: Mamoswine|Rock Slide|p1a: Dragonite|[spread] p1a,p1b\n|-supereffective|p1a: Dragonite|1\n|-damage|p1a: Dragonite|0 fnt\n|-damage|p1b: Farigiraf|17/100\n|faint|p1a: Dragonite\n|move|p2a: Talonflame|Acrobatics|p1b: Farigiraf\n|-crit|p1b: Farigiraf\n|-damage|p1b: Farigiraf|0 fnt\n|faint|p1b: Farigiraf\n|\n|win|szadek\n|raw|Volcanicscroo's rating: 1014 &rarr; <strong>1005</strong><br />(-9 for losing)\n|raw|szadek's rating: 1096 &rarr; <strong>1116</strong><br />(+20 for winning)\n|l|\u2606Volcanicscroo\n|player|p1|\n",
  "uploadtime": 1776093458,
  "views": 11,
  "formatid": "gen9championsvgc2026regma",
  "rating": 1005,
  "private": 0,
  "password": null
}