{
  "id": "gen9championsvgc2026regma-2588906229",
  "format": "[Gen 9 Champions] VGC 2026 Reg M-A",
  "players": [
    "iccr",
    "ShinyLucari00"
  ],
  "log": "|j|\u2606iccr\n|j|\u2606ShinyLucari00\n|t:|1776684570\n|gametype|doubles\n|player|p1|iccr|265|1248\n|player|p2|ShinyLucari00|102|1332\n|gen|9\n|tier|[Gen 9 Champions] VGC 2026 Reg M-A\n|rated|\n|rule|Species Clause: Limit one of each Pok\u00e9mon\n|rule|Item Clause: Limit 1 of each item\n|clearpoke\n|poke|p1|Sinistcha-Masterpiece, L50|\n|poke|p1|Oranguru, L50, F|\n|poke|p1|Torkoal, L50, M|\n|poke|p1|Crabominable, L50, M, shiny|\n|poke|p1|Drampa, L50, M|\n|poke|p1|Kingambit, L50, M, shiny|\n|poke|p2|Aerodactyl, L50, M|\n|poke|p2|Floette-Eternal, L50, F|\n|poke|p2|Incineroar, L50, F, shiny|\n|poke|p2|Kingambit, L50, F, shiny|\n|poke|p2|Basculegion, L50, M|\n|poke|p2|Meganium, L50, F, shiny|\n|teampreview|4\n|inactive|Battle timer is ON: inactive players will automatically lose when time's up. (requested by iccr)\n|inactive|iccr has 60 seconds left.\n|\n|t:|1776684612\n|teamsize|p1|4\n|teamsize|p2|4\n|start\n|switch|p1a: Sinistcha|Sinistcha-Masterpiece, L50|100/100\n|switch|p1b: Oranguru|Oranguru, L50, F|100/100\n|switch|p2a: Incineroar|Incineroar, L50, F, shiny|100/100\n|switch|p2b: Kingambit|Kingambit, L50, F, shiny|100/100\n|-ability|p2a: Incineroar|Intimidate|boost\n|-unboost|p1a: Sinistcha|atk|1\n|-fail|p1b: Oranguru|unboost|Attack|[from] ability: Inner Focus|[of] p1b: Oranguru\n|turn|1\n|\n|t:|1776684634\n|move|p1a: Sinistcha|Rage Powder|p1a: Sinistcha\n|-singleturn|p1a: Sinistcha|move: Rage Powder\n|move|p2b: Kingambit|Kowtow Cleave|p1a: Sinistcha\n|-supereffective|p1a: Sinistcha|1\n|-enditem|p1a: Sinistcha|Focus Sash\n|-damage|p1a: Sinistcha|1/100\n|move|p2a: Incineroar|Roar|p1a: Sinistcha\n|drag|p1a: Torkoal|Torkoal, L50, M|100/100\n|-weather|SunnyDay|[from] ability: Drought|[of] p1a: Torkoal\n|move|p1b: Oranguru|Trick Room|p1b: Oranguru\n|-fieldstart|move: Trick Room|[of] p1b: Oranguru\n|\n|-weather|SunnyDay|[upkeep]\n|upkeep\n|turn|2\n|\n|t:|1776684654\n|move|p2b: Kingambit|Protect|p2b: Kingambit\n|-singleturn|p2b: Kingambit|Protect\n|move|p1a: Torkoal|Eruption|p2b: Kingambit|[spread] p2a\n|-activate|p2b: Kingambit|move: Protect\n|-resisted|p2a: Incineroar|1\n|-damage|p2a: Incineroar|58/100\n|move|p1b: Oranguru|Instruct|p1a: Torkoal\n|-singleturn|p1a: Torkoal|move: Instruct|[of] p1b: Oranguru\n|move|p1a: Torkoal|Eruption|p2a: Incineroar|[spread] p2a\n|-activate|p2b: Kingambit|move: Protect\n|-resisted|p2a: Incineroar|1\n|-damage|p2a: Incineroar|16/100\n|move|p2a: Incineroar|Roar|p1a: Torkoal\n|drag|p1a: Crabominable|Crabominable, L50, M, shiny|100/100\n|\n|-weather|SunnyDay|[upkeep]\n|upkeep\n|turn|3\n|inactive|ShinyLucari00 has 30 seconds left.\n|\n|t:|1776684679\n|switch|p2b: Basculegion|Basculegion, L50, M|100/100\n|detailschange|p1a: Crabominable|Crabominable-Mega, L50, M, shiny\n|-mega|p1a: Crabominable|Crabominable|Crabominite\n|move|p1a: Crabominable|Drain Punch|p2a: Incineroar\n|-supereffective|p2a: Incineroar|1\n|-damage|p2a: Incineroar|0 fnt\n|faint|p2a: Incineroar\n|move|p1b: Oranguru|Instruct|p1a: Crabominable\n|-singleturn|p1a: Crabominable|move: Instruct|[of] p1b: Oranguru\n|move|p1a: Crabominable|Drain Punch|p2b: Basculegion\n|-immune|p2b: Basculegion\n|\n|-weather|SunnyDay|[upkeep]\n|upkeep\n|\n|t:|1776684697\n|switch|p2a: Meganium|Meganium, L50, F, shiny|100/100\n|turn|4\n|\n|t:|1776684708\n|detailschange|p2a: Meganium|Meganium-Mega, L50, F, shiny\n|-mega|p2a: Meganium|Meganium|Meganiumite\n|move|p2a: Meganium|Protect|p2a: Meganium\n|-singleturn|p2a: Meganium|Protect\n|move|p1a: Crabominable|Ice Punch|p2a: Meganium\n|-activate|p2a: Meganium|move: Protect\n|move|p1b: Oranguru|Instruct|p1a: Crabominable\n|-singleturn|p1a: Crabominable|move: Instruct|[of] p1b: Oranguru\n|move|p1a: Crabominable|Ice Punch|p2a: Meganium\n|-activate|p2a: Meganium|move: Protect\n|move|p2b: Basculegion|Last Respects|p1a: Crabominable\n|-damage|p1a: Crabominable|51/100\n|\n|-weather|SunnyDay|[upkeep]\n|upkeep\n|turn|5\n|inactive|ShinyLucari00 has 30 seconds left.\n|\n|t:|1776684735\n|switch|p2a: Kingambit|Kingambit, L50, F, shiny|100/100\n|move|p1a: Crabominable|Ice Punch|p2b: Basculegion\n|-resisted|p2b: Basculegion|1\n|-damage|p2b: Basculegion|68/100\n|move|p1b: Oranguru|Instruct|p1a: Crabominable\n|-singleturn|p1a: Crabominable|move: Instruct|[of] p1b: Oranguru\n|move|p1a: Crabominable|Ice Punch|p2b: Basculegion\n|-resisted|p2b: Basculegion|1\n|-damage|p2b: Basculegion|38/100\n|move|p2b: Basculegion|Last Respects|p1a: Crabominable\n|-damage|p1a: Crabominable|0 fnt\n|faint|p1a: Crabominable\n|\n|-weather|none\n|-fieldend|move: Trick Room\n|upkeep\n|\n|t:|1776684742\n|switch|p1a: Sinistcha|Sinistcha-Masterpiece, L50|1/100\n|turn|6\n|\n|t:|1776684759\n|move|p1a: Sinistcha|Rage Powder|p1a: Sinistcha\n|-singleturn|p1a: Sinistcha|move: Rage Powder\n|move|p2b: Basculegion|Last Respects|p1a: Sinistcha\n|-supereffective|p1a: Sinistcha|1\n|-damage|p1a: Sinistcha|0 fnt\n|faint|p1a: Sinistcha\n|move|p2a: Kingambit|Kowtow Cleave|p1b: Oranguru\n|-supereffective|p1b: Oranguru|1\n|-damage|p1b: Oranguru|5/100\n|move|p1b: Oranguru|Trick Room|p1b: Oranguru\n|-fieldstart|move: Trick Room|[of] p1b: Oranguru\n|\n|upkeep\n|\n|t:|1776684771\n|switch|p1a: Torkoal|Torkoal, L50, M|100/100\n|-weather|SunnyDay|[from] ability: Drought|[of] p1a: Torkoal\n|turn|7\n|inactive|ShinyLucari00 has 30 seconds left.\n|\n|t:|1776684797\n|move|p2a: Kingambit|Sucker Punch|p1a: Torkoal\n|-damage|p1a: Torkoal|64/100\n|move|p1a: Torkoal|Eruption|p2b: Basculegion|[spread] p2a,p2b\n|-supereffective|p2a: Kingambit|1\n|-resisted|p2b: Basculegion|1\n|-damage|p2a: Kingambit|0 fnt\n|-damage|p2b: Basculegion|11/100\n|faint|p2a: Kingambit\n|move|p1b: Oranguru|Instruct|p1a: Torkoal\n|-singleturn|p1a: Torkoal|move: Instruct|[of] p1b: Oranguru\n|move|p1a: Torkoal|Eruption|p2b: Basculegion\n|-resisted|p2b: Basculegion|1\n|-damage|p2b: Basculegion|0 fnt\n|faint|p2b: Basculegion\n|\n|-weather|SunnyDay|[upkeep]\n|upkeep\n|\n|t:|1776684817\n|switch|p2a: Meganium|Meganium-Mega, L50, F, shiny|100/100\n|turn|8\n|\n|t:|1776684826\n|move|p2a: Meganium|Protect|p2a: Meganium\n|-singleturn|p2a: Meganium|Protect\n|move|p1a: Torkoal|Weather Ball|p2a: Meganium\n|-activate|p2a: Meganium|move: Protect\n|move|p1b: Oranguru|Instruct|p1a: Torkoal\n|-singleturn|p1a: Torkoal|move: Instruct|[of] p1b: Oranguru\n|move|p1a: Torkoal|Weather Ball|p2a: Meganium\n|-activate|p2a: Meganium|move: Protect\n|\n|-weather|SunnyDay|[upkeep]\n|upkeep\n|turn|9\n|\n|t:|1776684840\n|move|p1a: Torkoal|Weather Ball|p2a: Meganium\n|-supereffective|p2a: Meganium|1\n|-damage|p2a: Meganium|0 fnt\n|faint|p2a: Meganium\n|\n|win|iccr\n|raw|iccr's rating: 1248 &rarr; <strong>1279</strong><br />(+31 for winning)\n|raw|ShinyLucari00's rating: 1332 &rarr; <strong>1307</strong><br />(-25 for losing)\n",
  "uploadtime": 1776684845,
  "views": 17,
  "formatid": "gen9championsvgc2026regma",
  "rating": 1279,
  "private": 0,
  "password": null
}