{
  "id": "gen9championsvgc2026regma-2582332685",
  "format": "[Gen 9 Champions] VGC 2026 Reg M-A",
  "players": [
    "Djmlndzart",
    "Barber1"
  ],
  "log": "|j|\u2606Djmlndzart\n|j|\u2606Barber1\n|t:|1776084113\n|gametype|doubles\n|player|p1|Djmlndzart|101|1107\n|player|p2|Barber1|cynthia-gen4|1073\n|gen|9\n|tier|[Gen 9 Champions] VGC 2026 Reg M-A\n|rated|\n|rule|Species Clause: Limit one of each Pok\u00e9mon\n|rule|Item Clause: Limit 1 of each item\n|clearpoke\n|poke|p1|Drampa, L50, M|\n|poke|p1|Milotic, L50, F|\n|poke|p1|Farigiraf, L50, F|\n|poke|p1|Torkoal, L50, F|\n|poke|p1|Basculegion, L50, M|\n|poke|p1|Sinistcha, L50|\n|poke|p2|Floette-Eternal, L50, F|\n|poke|p2|Sneasler, L50, M|\n|poke|p2|Aerodactyl, L50, M|\n|poke|p2|Basculegion, L50, M|\n|poke|p2|Delphox, L50, M|\n|poke|p2|Kingambit, L50, M|\n|teampreview|4\n|inactive|Battle timer is ON: inactive players will automatically lose when time's up. (requested by Barber1)\n|l|\u2606Barber1\n|inactive|Barber1 disconnected and has a minute to reconnect!\n|player|p2|\n|j|\u2606Barber1\n|inactive|Barber1 reconnected and has 85 seconds left.\n|player|p2|Barber1|cynthia-gen4|\n|inactive|Djmlndzart has 60 seconds left.\n|inactive|Barber1 has 60 seconds left.\n|\n|t:|1776084146\n|teamsize|p1|4\n|teamsize|p2|4\n|start\n|switch|p1a: Farigiraf|Farigiraf, L50, F|100/100\n|switch|p1b: Drampa|Drampa, L50, M|100/100\n|switch|p2a: Floette|Floette-Eternal, L50, F|100/100\n|switch|p2b: Kingambit|Kingambit, L50, M|100/100\n|turn|1\n|\n|t:|1776084165\n|detailschange|p2a: Floette|Floette-Mega, L50, F\n|-mega|p2a: Floette|Floette|Floettite\n|-ability|p2a: Floette|Fairy Aura\n|move|p1b: Drampa|Protect|p1b: Drampa\n|-singleturn|p1b: Drampa|Protect\n|move|p2a: Floette|Dazzling Gleam|p1a: Farigiraf|[spread] p1a\n|-activate|p1b: Drampa|move: Protect\n|-damage|p1a: Farigiraf|48/100\n|move|p2b: Kingambit|Iron Head|p1a: Farigiraf\n|-damage|p1a: Farigiraf|15/100\n|cant|p1a: Farigiraf|flinch\n|\n|upkeep\n|turn|2\n|inactive|Barber1 has 30 seconds left.\n|\n|t:|1776084192\n|detailschange|p1b: Drampa|Drampa-Mega, L50, M\n|-mega|p1b: Drampa|Drampa|Drampanite\n|move|p2a: Floette|Dazzling Gleam|p1a: Farigiraf|[spread] p1a,p1b\n|-supereffective|p1b: Drampa|1\n|-damage|p1a: Farigiraf|0 fnt\n|-damage|p1b: Drampa|18/100\n|faint|p1a: Farigiraf\n|-ability|p1b: Drampa|Berserk|boost\n|-boost|p1b: Drampa|spa|1\n|move|p2b: Kingambit|Iron Head|p1b: Drampa\n|-damage|p1b: Drampa|0 fnt\n|faint|p1b: Drampa\n|\n|upkeep\n|\n|t:|1776084202\n|switch|p1a: Sinistcha|Sinistcha, L50|100/100\n|switch|p1b: Basculegion|Basculegion, L50, M|100/100\n|turn|3\n|\n|t:|1776084221\n|move|p2a: Floette|Dazzling Gleam|p1b: Basculegion|[spread] p1a,p1b\n|-damage|p1a: Sinistcha|58/100\n|-damage|p1b: Basculegion|56/100\n|move|p1b: Basculegion|Last Respects|p2a: Floette\n|-damage|p2a: Floette|0 fnt\n|faint|p2a: Floette\n|move|p2b: Kingambit|Iron Head|p1a: Sinistcha\n|-damage|p1a: Sinistcha|16/100\n|-enditem|p1a: Sinistcha|Sitrus Berry|[eat]\n|-heal|p1a: Sinistcha|40/100|[from] item: Sitrus Berry\n|move|p1a: Sinistcha|Trick Room|p1a: Sinistcha\n|-fieldstart|move: Trick Room|[of] p1a: Sinistcha\n|\n|upkeep\n|\n|t:|1776084238\n|switch|p2a: Basculegion|Basculegion, L50, M|100/100\n|turn|4\n|\n|t:|1776084261\n|move|p2b: Kingambit|Iron Head|p1a: Sinistcha\n|-crit|p1a: Sinistcha\n|-damage|p1a: Sinistcha|0 fnt\n|faint|p1a: Sinistcha\n|move|p1b: Basculegion|Last Respects|p2a: Basculegion\n|-supereffective|p2a: Basculegion|1\n|-damage|p2a: Basculegion|0 fnt\n|faint|p2a: Basculegion\n|\n|upkeep\n|\n|t:|1776084268\n|switch|p2a: Sneasler|Sneasler, L50, M|100/100\n|turn|5\n|\n|t:|1776084280\n|move|p2a: Sneasler|Protect|p2a: Sneasler\n|-singleturn|p2a: Sneasler|Protect\n|move|p2b: Kingambit|Iron Head|p1b: Basculegion\n|-resisted|p1b: Basculegion|1\n|-damage|p1b: Basculegion|30/100\n|move|p1b: Basculegion|Last Respects|p2a: Sneasler\n|-activate|p2a: Sneasler|move: Protect\n|\n|upkeep\n|turn|6\n|\n|t:|1776084291\n|move|p2b: Kingambit|Sucker Punch|p1b: Basculegion\n|-supereffective|p1b: Basculegion|1\n|-damage|p1b: Basculegion|0 fnt\n|faint|p1b: Basculegion\n|\n|win|Barber1\n|raw|Djmlndzart's rating: 1107 &rarr; <strong>1080</strong><br />(-27 for losing)\n|raw|Barber1's rating: 1073 &rarr; <strong>1105</strong><br />(+32 for winning)\n|l|\u2606Djmlndzart\n|player|p1|\n",
  "uploadtime": 1776084298,
  "views": 12,
  "formatid": "gen9championsvgc2026regma",
  "rating": 1080,
  "private": 0,
  "password": null
}