{
  "id": "gen9championsvgc2026regma-2583762878",
  "format": "[Gen 9 Champions] VGC 2026 Reg M-A",
  "players": [
    "Jennifernand",
    "steamboatwilly"
  ],
  "log": "|j|\u2606Jennifernand\n|j|\u2606steamboatwilly\n|t:|1776196024\n|gametype|doubles\n|player|p1|Jennifernand|tarragon|1225\n|player|p2|steamboatwilly|cynthia|1234\n|gen|9\n|tier|[Gen 9 Champions] VGC 2026 Reg M-A\n|rated|\n|rule|Species Clause: Limit one of each Pok\u00e9mon\n|rule|Item Clause: Limit 1 of each item\n|clearpoke\n|poke|p1|Incineroar, L50, M|\n|poke|p1|Floette-Eternal, L50, F|\n|poke|p1|Kommo-o, L50, M|\n|poke|p1|Aegislash, L50, F|\n|poke|p1|Rotom-Wash, L50|\n|poke|p1|Tyranitar, L50, M|\n|poke|p2|Froslass, L50, F|\n|poke|p2|Garchomp, L50, M|\n|poke|p2|Incineroar, L50, F|\n|poke|p2|Rotom-Wash, L50|\n|poke|p2|Aerodactyl, L50, F|\n|poke|p2|Sneasler, L50, M|\n|teampreview|4\n|inactive|Battle timer is ON: inactive players will automatically lose when time's up. (requested by steamboatwilly)\n|\n|t:|1776196067\n|teamsize|p1|4\n|teamsize|p2|4\n|start\n|switch|p1a: Incineroar|Incineroar, L50, M|100/100\n|switch|p1b: Rotom|Rotom-Wash, L50|100/100\n|switch|p2a: Garchomp|Garchomp, L50, M, shiny|100/100\n|switch|p2b: Sneasler|Sneasler, L50, M, shiny|100/100\n|-ability|p1a: Incineroar|Intimidate|boost\n|-unboost|p2a: Garchomp|atk|1\n|-unboost|p2b: Sneasler|atk|1\n|-enditem|p2b: Sneasler|White Herb\n|-clearnegativeboost|p2b: Sneasler|[silent]\n|turn|1\n|inactive|steamboatwilly has 30 seconds left.\n|\n|t:|1776196098\n|switch|p2a: Rotom|Rotom-Wash, L50, shiny|100/100\n|move|p1a: Incineroar|Fake Out|p2a: Rotom\n|-damage|p2a: Rotom|87/100\n|move|p2b: Sneasler|Close Combat|p1a: Incineroar\n|-supereffective|p1a: Incineroar|1\n|-damage|p1a: Incineroar|0 fnt\n|-unboost|p2b: Sneasler|def|1\n|-unboost|p2b: Sneasler|spd|1\n|faint|p1a: Incineroar\n|move|p1b: Rotom|Will-O-Wisp|p2a: Rotom\n|-status|p2a: Rotom|brn\n|\n|-damage|p2a: Rotom|81/100 brn|[from] brn\n|upkeep\n|\n|t:|1776196108\n|switch|p1a: Aegislash|Aegislash, L50, F|100/100\n|turn|2\n|inactive|steamboatwilly has 30 seconds left.\n|\n|t:|1776196140\n|switch|p2b: Garchomp|Garchomp, L50, M, shiny|100/100\n|move|p2a: Rotom|Volt Switch|p1b: Rotom\n|-damage|p1b: Rotom|58/100\n|\n|t:|1776196155\n|switch|p2a: Froslass|Froslass, L50, F, shiny|100/100|[from] Volt Switch\n|move|p1b: Rotom|Will-O-Wisp|p2b: Garchomp\n|-status|p2b: Garchomp|brn\n|-formechange|p1a: Aegislash|Aegislash-Blade|\n|move|p1a: Aegislash|Poltergeist|p2b: Garchomp|[miss]\n|-miss|p1a: Aegislash|p2b: Garchomp\n|\n|-damage|p2b: Garchomp|94/100 brn|[from] brn\n|upkeep\n|turn|3\n|inactive|steamboatwilly has 30 seconds left.\n|\n|t:|1776196181\n|switch|p1b: Floette|Floette-Eternal, L50, F|100/100\n|detailschange|p2a: Froslass|Froslass-Mega, L50, F, shiny\n|-mega|p2a: Froslass|Froslass|Froslassite\n|-weather|Snowscape|[from] ability: Snow Warning|[of] p2a: Froslass\n|move|p2a: Froslass|Aurora Veil|p2a: Froslass\n|-sidestart|p2: steamboatwilly|move: Aurora Veil\n|move|p2b: Garchomp|Stomping Tantrum|p1a: Aegislash\n|-supereffective|p1a: Aegislash|1\n|-damage|p1a: Aegislash|21/100\n|move|p1a: Aegislash|Iron Head|p2a: Froslass\n|-supereffective|p2a: Froslass|1\n|-damage|p2a: Froslass|31/100\n|\n|-weather|Snowscape|[upkeep]\n|-damage|p2b: Garchomp|88/100 brn|[from] brn\n|upkeep\n|turn|4\n|\n|t:|1776196205\n|switch|p1a: Rotom|Rotom-Wash, L50|58/100\n|detailschange|p1b: Floette|Floette-Mega, L50, F\n|-mega|p1b: Floette|Floette|Floettite\n|-ability|p1b: Floette|Fairy Aura\n|move|p2b: Garchomp|Protect|p2b: Garchomp\n|-singleturn|p2b: Garchomp|Protect\n|move|p2a: Froslass|Blizzard|p1b: Floette|[spread] p1a,p1b\n|-resisted|p1a: Rotom|1\n|-damage|p1a: Rotom|30/100\n|-damage|p1b: Floette|67/100\n|-status|p1a: Rotom|frz\n|move|p1b: Floette|Dazzling Gleam|p2a: Froslass|[spread] p2a\n|-activate|p2b: Garchomp|move: Protect\n|-damage|p2a: Froslass|0 fnt\n|faint|p2a: Froslass\n|\n|-weather|Snowscape|[upkeep]\n|-damage|p2b: Garchomp|82/100 brn|[from] brn\n|upkeep\n|\n|t:|1776196227\n|switch|p2a: Sneasler|Sneasler, L50, M, shiny|100/100\n|turn|5\n|\n|t:|1776196249\n|switch|p2b: Rotom|Rotom-Wash, L50, shiny|81/100 brn\n|switch|p1b: Aegislash|Aegislash, L50, F|21/100\n|-curestatus|p1a: Rotom|frz|[msg]\n|move|p1a: Rotom|Will-O-Wisp|p2a: Sneasler\n|-status|p2a: Sneasler|brn\n|move|p2a: Sneasler|Dire Claw|p1b: Aegislash\n|-immune|p1b: Aegislash\n|\n|-weather|Snowscape|[upkeep]\n|-damage|p2b: Rotom|76/100 brn|[from] brn\n|-damage|p2a: Sneasler|95/100 brn|[from] brn\n|upkeep\n|turn|6\n|inactive|Jennifernand has 30 seconds left.\n|inactive|steamboatwilly has 30 seconds left.\n|inactive|Jennifernand has 20 seconds left.\n|inactive|Jennifernand has 15 seconds left.\n|\n|t:|1776196292\n|move|p2b: Rotom|Thunderbolt|p1a: Rotom\n|-damage|p1a: Rotom|0 fnt\n|faint|p1a: Rotom\n|move|p2a: Sneasler|Throat Chop|p1b: Aegislash\n|-supereffective|p1b: Aegislash|1\n|-damage|p1b: Aegislash|0 fnt\n|faint|p1b: Aegislash\n|\n|-weather|Snowscape|[upkeep]\n|-damage|p2b: Rotom|70/100 brn|[from] brn\n|-damage|p2a: Sneasler|89/100 brn|[from] brn\n|upkeep\n|\n|t:|1776196298\n|switch|p1b: Floette|Floette-Mega, L50, F|67/100\n|-ability|p1b: Floette|Fairy Aura\n|turn|7\n|\n|t:|1776196309\n|move|p2b: Rotom|Thunderbolt|p1b: Floette\n|-damage|p1b: Floette|35/100\n|move|p2a: Sneasler|Dire Claw|p1b: Floette\n|-supereffective|p1b: Floette|1\n|-damage|p1b: Floette|0 fnt\n|faint|p1b: Floette\n|\n|win|steamboatwilly\n|raw|Jennifernand's rating: 1225 &rarr; <strong>1201</strong><br />(-24 for losing)\n|raw|steamboatwilly's rating: 1234 &rarr; <strong>1258</strong><br />(+24 for winning)\n|l|\u2606Jennifernand\n|player|p1|\n",
  "uploadtime": 1776196373,
  "views": 36,
  "formatid": "gen9championsvgc2026regma",
  "rating": 1201,
  "private": 0,
  "password": null
}