{
  "id": "gen9championsvgc2026regma-2586837080",
  "format": "[Gen 9 Champions] VGC 2026 Reg M-A",
  "players": [
    "AndyWarh01",
    "MyBroChondria"
  ],
  "log": "|j|\u2606AndyWarh01\n|j|\u2606MyBroChondria\n|t:|1776464048\n|gametype|doubles\n|player|p1|AndyWarh01|parasollady-gen4|1210\n|player|p2|MyBroChondria|lance|1114\n|gen|9\n|tier|[Gen 9 Champions] VGC 2026 Reg M-A\n|rated|\n|rule|Species Clause: Limit one of each Pok\u00e9mon\n|rule|Item Clause: Limit 1 of each item\n|clearpoke\n|poke|p1|Delphox, L50, M|\n|poke|p1|Sneasler, L50, M|\n|poke|p1|Aerodactyl, L50, F|\n|poke|p1|Meowscarada, L50, F|\n|poke|p1|Milotic, L50, F|\n|poke|p1|Garchomp, L50, F|\n|poke|p2|Starmie, L50|\n|poke|p2|Maushold-Four, L50|\n|poke|p2|Tyranitar, L50, F|\n|poke|p2|Sinistcha, L50|\n|poke|p2|Kingambit, L50, M|\n|poke|p2|Aerodactyl, L50, F|\n|teampreview|4\n|inactive|Battle timer is ON: inactive players will automatically lose when time's up. (requested by AndyWarh01)\nAndyWarh01 rejected open team sheets.\n|inactive|MyBroChondria has 60 seconds left.\n|\n|t:|1776464117\n|teamsize|p1|4\n|teamsize|p2|4\n|start\n|switch|p1a: Garchomp|Garchomp, L50, F|100/100\n|switch|p1b: Delphox|Delphox, L50, M|100/100\n|switch|p2a: Aerodactyl|Aerodactyl, L50, F|100/100\n|switch|p2b: Starmie|Starmie, L50|100/100\n|-ability|p2a: Aerodactyl|Unnerve\n|turn|1\n|\n|t:|1776464141\n|switch|p1b: Meowscarada|Meowscarada, L50, F|100/100\n|detailschange|p2b: Starmie|Starmie-Mega, L50\n|-mega|p2b: Starmie|Starmie|Starminite\n|move|p2a: Aerodactyl|Tailwind|p2a: Aerodactyl\n|-sidestart|p2: MyBroChondria|move: Tailwind\n|move|p2b: Starmie|Skill Swap|p2a: Aerodactyl\n|-activate|p2b: Starmie|Skill Swap|||[of] p2a: Aerodactyl\n|-ability|p2b: Starmie|Unnerve\n|move|p1a: Garchomp|Rock Slide|p2b: Starmie|[spread] p2a,p2b\n|-supereffective|p2a: Aerodactyl|1\n|-damage|p2a: Aerodactyl|25/100\n|-damage|p2b: Starmie|79/100\n|\n|upkeep\n|turn|2\n|inactive|MyBroChondria has 30 seconds left.\n|\n|t:|1776464176\n|move|p2a: Aerodactyl|Rock Slide|p1b: Meowscarada|[spread] p1a,p1b\n|-resisted|p1a: Garchomp|1\n|-damage|p1a: Garchomp|77/100\n|-damage|p1b: Meowscarada|21/100\n|move|p2b: Starmie|Liquidation|p1a: Garchomp\n|-damage|p1a: Garchomp|52/100\n|-damage|p2b: Starmie|66/100|[from] ability: Rough Skin|[of] p1a: Garchomp\n|cant|p1b: Meowscarada|flinch\n|cant|p1a: Garchomp|flinch\n|\n|upkeep\n|turn|3\n|inactive|MyBroChondria has 30 seconds left.\n|\n|t:|1776464204\n|move|p1b: Meowscarada|Protect|p1b: Meowscarada\n|-start|p1b: Meowscarada|typechange|Normal|[from] ability: Protean\n|-singleturn|p1b: Meowscarada|Protect\n|move|p2a: Aerodactyl|Rock Slide|p1a: Garchomp|[spread] p1a\n|-activate|p1b: Meowscarada|move: Protect\n|-resisted|p1a: Garchomp|1\n|-damage|p1a: Garchomp|29/100\n|move|p2b: Starmie|Liquidation|p1a: Garchomp\n|-damage|p1a: Garchomp|5/100\n|-damage|p2b: Starmie|54/100|[from] ability: Rough Skin|[of] p1a: Garchomp\n|move|p1a: Garchomp|Rock Slide|p2a: Aerodactyl|[spread] p2a,p2b\n|-supereffective|p2a: Aerodactyl|1\n|-damage|p2a: Aerodactyl|0 fnt\n|-damage|p2b: Starmie|33/100\n|faint|p2a: Aerodactyl\n|\n|upkeep\n|\n|t:|1776464222\n|switch|p2a: Kingambit|Kingambit, L50, M|100/100\n|turn|4\n|\n|t:|1776464231\n|move|p1a: Garchomp|Protect|p1a: Garchomp\n|-singleturn|p1a: Garchomp|Protect\n|move|p2b: Starmie|Aqua Jet|p1a: Garchomp\n|-activate|p1a: Garchomp|move: Protect\n|move|p2a: Kingambit|Sucker Punch|p1b: Meowscarada\n|-damage|p1b: Meowscarada|0 fnt\n|faint|p1b: Meowscarada\n|\n|-sideend|p2: MyBroChondria|move: Tailwind\n|upkeep\n|\n|t:|1776464242\n|switch|p1b: Sneasler|Sneasler, L50, M|100/100\n|turn|5\n|\n|t:|1776464260\n|move|p2a: Kingambit|Protect|p2a: Kingambit\n|-singleturn|p2a: Kingambit|Protect\n|move|p1b: Sneasler|Fake Out|p2b: Starmie\n|-damage|p2b: Starmie|19/100\n|cant|p2b: Starmie|flinch\n|move|p1a: Garchomp|Rock Slide|p2a: Kingambit|[spread] p2b\n|-activate|p2a: Kingambit|move: Protect\n|-damage|p2b: Starmie|0 fnt\n|-enditem|p1a: Garchomp|Sitrus Berry|[eat]\n|-heal|p1a: Garchomp|29/100|[from] item: Sitrus Berry\n|faint|p2b: Starmie\n|\n|upkeep\n|\n|t:|1776464268\n|switch|p2b: Tyranitar|Tyranitar, L50, F|100/100\n|-weather|Sandstorm|[from] ability: Sand Stream|[of] p2b: Tyranitar\n|turn|6\n|inactive|MyBroChondria has 30 seconds left.\n|inactive|MyBroChondria has 20 seconds left.\n|inactive|MyBroChondria has 15 seconds left.\n|\n|t:|1776464310\n|move|p1b: Sneasler|Protect|p1b: Sneasler\n|-singleturn|p1b: Sneasler|Protect\n|move|p2a: Kingambit|Sucker Punch|p1a: Garchomp\n|-damage|p1a: Garchomp|0 fnt\n|-damage|p2a: Kingambit|88/100|[from] ability: Rough Skin|[of] p1a: Garchomp\n|faint|p1a: Garchomp\n|move|p2b: Tyranitar|Dragon Dance|p2b: Tyranitar\n|-boost|p2b: Tyranitar|atk|1\n|-boost|p2b: Tyranitar|spe|1\n|\n|-weather|Sandstorm|[upkeep]\n|-damage|p1b: Sneasler|95/100|[from] Sandstorm\n|upkeep\n|\n|t:|1776464315\n|switch|p1a: Delphox|Delphox, L50, M|100/100\n|turn|7\n|\n|t:|1776464333\n|detailschange|p1a: Delphox|Delphox-Mega, L50, M\n|-mega|p1a: Delphox|Delphox|Delphoxite\n|move|p2a: Kingambit|Sucker Punch||[still]\n|-fail|p2a: Kingambit\n|move|p1a: Delphox|Nasty Plot|p1a: Delphox\n|-boost|p1a: Delphox|spa|2\n|move|p1b: Sneasler|Close Combat|p2b: Tyranitar\n|-supereffective|p2b: Tyranitar|2\n|-crit|p2b: Tyranitar\n|-enditem|p2b: Tyranitar|Focus Sash\n|-damage|p2b: Tyranitar|1/100\n|-unboost|p1b: Sneasler|def|1\n|-unboost|p1b: Sneasler|spd|1\n|-enditem|p1b: Sneasler|White Herb\n|-clearnegativeboost|p1b: Sneasler|[silent]\n|move|p2b: Tyranitar|Rock Slide|p1b: Sneasler|[spread] p1a,p1b\n|-supereffective|p1a: Delphox|1\n|-resisted|p1b: Sneasler|1\n|-damage|p1a: Delphox|0 fnt\n|-damage|p1b: Sneasler|56/100\n|faint|p1a: Delphox\n|\n|-weather|Sandstorm|[upkeep]\n|-damage|p1b: Sneasler|50/100|[from] Sandstorm\n|upkeep\n|turn|8\n|inactive|MyBroChondria has 30 seconds left.\n|inactive|MyBroChondria has 20 seconds left.\n|\n|t:|1776464372\n|move|p1b: Sneasler|Close Combat|p2a: Kingambit\n|-supereffective|p2a: Kingambit|2\n|-enditem|p2a: Kingambit|Chople Berry|[eat]\n|-enditem|p2a: Kingambit|Chople Berry|[weaken]\n|-damage|p2a: Kingambit|0 fnt\n|-unboost|p1b: Sneasler|def|1\n|-unboost|p1b: Sneasler|spd|1\n|faint|p2a: Kingambit\n|move|p2b: Tyranitar|High Horsepower|p1b: Sneasler|[miss]\n|-miss|p2b: Tyranitar|p1b: Sneasler\n|\n|-weather|Sandstorm|[upkeep]\n|-damage|p1b: Sneasler|44/100|[from] Sandstorm\n|upkeep\n|turn|9\n|c|\u2606AndyWarh01|Miss me with that\n|inactive|MyBroChondria has 30 seconds left.\n|c|\u2606MyBroChondria|With what\n|c|\u2606AndyWarh01|High horse power\n|c|\u2606MyBroChondria|Paint some soup cans man\n|inactive|MyBroChondria has 20 seconds left.\n|inactive|MyBroChondria has 15 seconds left.\n|c|\u2606AndyWarh01|Stay mad\n|inactive|MyBroChondria has 10 seconds left.\n|c|\u2606AndyWarh01|you got a double flinch\n|inactive|MyBroChondria has 5 seconds left.\n|c|\u2606MyBroChondria|You came in here my man\n|\n|t:|1776464427\n|move|p2b: Tyranitar|Protect|p2b: Tyranitar\n|-singleturn|p2b: Tyranitar|Protect\n|move|p1b: Sneasler|Close Combat|p2b: Tyranitar\n|-activate|p2b: Tyranitar|move: Protect\n|\n|-weather|Sandstorm|[upkeep]\n|-damage|p1b: Sneasler|39/100|[from] Sandstorm\n|upkeep\n|turn|10\n|c|\u2606MyBroChondria|I didn't say anything\n|c|\u2606MyBroChondria|I told you to express yourself creatively\n|c|\u2606MyBroChondria|paint some soup cans\n|c|\u2606MyBroChondria|then stick one up to your prostate\n|c|\u2606MyBroChondria|see how you feel about it\n|c|\u2606AndyWarh01|That might feel good lowkey\n|inactive|MyBroChondria has 30 seconds left.\n|c|\u2606MyBroChondria|I'M SAYIN\n|inactive|MyBroChondria has 20 seconds left.\n|inactive|MyBroChondria has 15 seconds left.\n|c|\u2606AndyWarh01|Protect\n|inactive|MyBroChondria has 10 seconds left.\n|inactive|MyBroChondria has 5 seconds left.\n|\n|t:|1776464482\n|move|p1b: Sneasler|Close Combat|p2b: Tyranitar\n|-supereffective|p2b: Tyranitar|2\n|-damage|p2b: Tyranitar|0 fnt\n|-unboost|p1b: Sneasler|def|1\n|-unboost|p1b: Sneasler|spd|1\n|faint|p2b: Tyranitar\n|\n|win|AndyWarh01\n|raw|AndyWarh01's rating: 1210 &rarr; <strong>1228</strong><br />(+18 for winning)\n|raw|MyBroChondria's rating: 1114 &rarr; <strong>1096</strong><br />(-18 for losing)\n|l|\u2606MyBroChondria\n|player|p2|\n|c|\u2606AndyWarh01|Ggez\n",
  "uploadtime": 1776464495,
  "views": 39,
  "formatid": "gen9championsvgc2026regma",
  "rating": 1096,
  "private": 0,
  "password": null
}