{
  "id": "gen9championsvgc2026regma-2581950574",
  "format": "[Gen 9 Champions] VGC 2026 Reg M-A",
  "players": [
    "SavPass9",
    "gibsao"
  ],
  "log": "|j|\u2606SavPass9\n|j|\u2606gibsao\n|t:|1776042562\n|gametype|doubles\n|player|p1|SavPass9|102|1183\n|player|p2|gibsao|fisherman|1233\n|gen|9\n|tier|[Gen 9 Champions] VGC 2026 Reg M-A\n|rated|\n|rule|Species Clause: Limit one of each Pok\u00e9mon\n|rule|Item Clause: Limit 1 of each item\n|clearpoke\n|poke|p1|Incineroar, L50, M|\n|poke|p1|Gengar, L50, M|\n|poke|p1|Sinistcha, L50|\n|poke|p1|Tyranitar, L50, M|\n|poke|p1|Kingambit, L50, M|\n|poke|p1|Kommo-o, L50, F|\n|poke|p2|Greninja-*, L50, M|\n|poke|p2|Dragonite, L50, F|\n|poke|p2|Pelipper, L50, F|\n|poke|p2|Archaludon, L50, M|\n|poke|p2|Maushold, L50|\n|poke|p2|Sinistcha, L50|\n|teampreview|4\n|\n|t:|1776042595\n|teamsize|p1|4\n|teamsize|p2|4\n|start\n|switch|p1a: Incineroar|Incineroar, L50, M|100/100\n|switch|p1b: Gengar|Gengar, L50, M|100/100\n|switch|p2a: Greninja|Greninja, L50, M|100/100\n|switch|p2b: Maushold|Maushold, L50|100/100\n|-ability|p1a: Incineroar|Intimidate|boost\n|-unboost|p2a: Greninja|atk|1\n|-unboost|p2b: Maushold|atk|1\n|turn|1\n|\n|t:|1776042616\n|detailschange|p1b: Gengar|Gengar-Mega, L50, M\n|-mega|p1b: Gengar|Gengar|Gengarite\n|move|p2a: Greninja|Protect|p2a: Greninja\n|-start|p2a: Greninja|typechange|Normal|[from] ability: Protean\n|-singleturn|p2a: Greninja|Protect\n|move|p1a: Incineroar|Fake Out|p2a: Greninja\n|-activate|p2a: Greninja|move: Protect\n|move|p1b: Gengar|Perish Song|p1b: Gengar\n|-start|p1a: Incineroar|perish3|[silent]\n|-start|p1b: Gengar|perish3|[silent]\n|-start|p2a: Greninja|perish3|[silent]\n|-start|p2b: Maushold|perish3|[silent]\n|-fieldactivate|move: Perish Song\n|move|p2b: Maushold|Super Fang|p1a: Incineroar\n|-damage|p1a: Incineroar|51/100\n|\n|-start|p2a: Greninja|perish3\n|-start|p1b: Gengar|perish3\n|-start|p2b: Maushold|perish3\n|-start|p1a: Incineroar|perish3\n|upkeep\n|turn|2\n|\n|t:|1776042647\n|detailschange|p2a: Greninja|Greninja-Mega, L50, M\n|-mega|p2a: Greninja|Greninja|Greninjite\n|move|p1b: Gengar|Protect|p1b: Gengar\n|-singleturn|p1b: Gengar|Protect\n|move|p1a: Incineroar|Protect|p1a: Incineroar\n|-singleturn|p1a: Incineroar|Protect\n|move|p2a: Greninja|Dark Pulse|p1b: Gengar\n|-start|p2a: Greninja|typechange|Dark|[from] ability: Protean\n|-activate|p1b: Gengar|move: Protect\n|move|p2b: Maushold|Encore|p1b: Gengar\n|-activate|p1b: Gengar|move: Protect\n|\n|-start|p2a: Greninja|perish2\n|-start|p1b: Gengar|perish2\n|-start|p2b: Maushold|perish2\n|-start|p1a: Incineroar|perish2\n|upkeep\n|turn|3\n|\n|t:|1776042675\n|switch|p1b: Kommo-o|Kommo-o, L50, F|100/100\n|move|p2b: Maushold|Follow Me|p2b: Maushold\n|-singleturn|p2b: Maushold|move: Follow Me\n|move|p2a: Greninja|Dark Pulse|p1b: Kommo-o\n|-resisted|p1b: Kommo-o|1\n|-damage|p1b: Kommo-o|78/100\n|move|p1a: Incineroar|Parting Shot|p2b: Maushold\n|-unboost|p2b: Maushold|atk|1\n|-unboost|p2b: Maushold|spa|1\n|\n|t:|1776042686\n|switch|p1a: Gengar|Gengar-Mega, L50, M|100/100|[from] Parting Shot\n|\n|-heal|p1b: Kommo-o|84/100|[from] item: Leftovers\n|-start|p2a: Greninja|perish1\n|-start|p2b: Maushold|perish1\n|upkeep\n|turn|4\n|\n|t:|1776042716\n|move|p1a: Gengar|Protect|p1a: Gengar\n|-singleturn|p1a: Gengar|Protect\n|move|p1b: Kommo-o|Protect|p1b: Kommo-o\n|-singleturn|p1b: Kommo-o|Protect\n|move|p2a: Greninja|Dark Pulse|p1a: Gengar\n|-activate|p1a: Gengar|move: Protect\n|move|p2b: Maushold|Super Fang|p1b: Kommo-o\n|-activate|p1b: Kommo-o|move: Protect\n|\n|-heal|p1b: Kommo-o|90/100|[from] item: Leftovers\n|-start|p2a: Greninja|perish0\n|-start|p2b: Maushold|perish0\n|faint|p2a: Greninja\n|faint|p2b: Maushold\n|upkeep\n|\n|t:|1776042720\n|switch|p2a: Pelipper|Pelipper, L50, F|100/100\n|switch|p2b: Archaludon|Archaludon, L50, M|100/100\n|-weather|RainDance|[from] ability: Drizzle|[of] p2a: Pelipper\n|turn|5\n|\n|t:|1776042752\n|switch|p1a: Tyranitar|Tyranitar, L50, M|100/100\n|-weather|Sandstorm|[from] ability: Sand Stream|[of] p1a: Tyranitar\n|move|p1b: Kommo-o|Clangorous Soul|p1b: Kommo-o\n|-boost|p1b: Kommo-o|atk|1\n|-boost|p1b: Kommo-o|def|1\n|-boost|p1b: Kommo-o|spa|1\n|-boost|p1b: Kommo-o|spd|1\n|-boost|p1b: Kommo-o|spe|1\n|-damage|p1b: Kommo-o|57/100\n|move|p2b: Archaludon|Electro Shot||[still]\n|-prepare|p2b: Archaludon|Electro Shot\n|-boost|p2b: Archaludon|spa|1\n|move|p2a: Pelipper|Hurricane|p1a: Tyranitar\n|-resisted|p1a: Tyranitar|1\n|-damage|p1a: Tyranitar|82/100\n|-start|p1a: Tyranitar|confusion\n|\n|-weather|Sandstorm|[upkeep]\n|-damage|p1b: Kommo-o|51/100|[from] Sandstorm\n|-damage|p2a: Pelipper|95/100|[from] Sandstorm\n|-heal|p1b: Kommo-o|57/100|[from] item: Leftovers\n|upkeep\n|turn|6\n|\n|t:|1776042785\n|move|p1b: Kommo-o|Aura Sphere|p2b: Archaludon\n|-supereffective|p2b: Archaludon|1\n|-damage|p2b: Archaludon|0 fnt\n|faint|p2b: Archaludon\n|-activate|p1a: Tyranitar|confusion\n|move|p1a: Tyranitar|Stone Edge|p2a: Pelipper\n|-supereffective|p2a: Pelipper|1\n|-damage|p2a: Pelipper|0 fnt\n|faint|p2a: Pelipper\n|\n|win|SavPass9\n|raw|SavPass9's rating: 1183 &rarr; <strong>1212</strong><br />(+29 for winning)\n|raw|gibsao's rating: 1233 &rarr; <strong>1204</strong><br />(-29 for losing)\n|l|\u2606gibsao\n|player|p2|\n",
  "uploadtime": 1776042848,
  "views": 24,
  "formatid": "gen9championsvgc2026regma",
  "rating": 1204,
  "private": 0,
  "password": null
}