{
  "id": "gen9championsvgc2026regma-2581512131",
  "format": "[Gen 9 Champions] VGC 2026 Reg M-A",
  "players": [
    "ThePeasent",
    "ItzXeroo"
  ],
  "log": "|j|\u2606ThePeasent\n|j|\u2606ItzXeroo\n|t:|1776007114\n|gametype|doubles\n|player|p1|ThePeasent|170|1060\n|player|p2|ItzXeroo|n|1057\n|gen|9\n|tier|[Gen 9 Champions] VGC 2026 Reg M-A\n|rated|\n|rule|Species Clause: Limit one of each Pok\u00e9mon\n|rule|Item Clause: Limit 1 of each item\n|clearpoke\n|poke|p1|Glimmora, L50, M|\n|poke|p1|Tyranitar, L50, F|\n|poke|p1|Excadrill, L50, M|\n|poke|p1|Milotic, L50, M|\n|poke|p1|Sneasler, L50, F|\n|poke|p1|Rotom-Wash, L50|\n|poke|p2|Gengar, L50, F|\n|poke|p2|Whimsicott, L50, M|\n|poke|p2|Incineroar, L50, F|\n|poke|p2|Archaludon, L50, F|\n|poke|p2|Sneasler, L50, F|\n|poke|p2|Politoed, L50, M|\n|teampreview|4\n|inactive|Battle timer is ON: inactive players will automatically lose when time's up. (requested by ThePeasent)\n|\n|t:|1776007137\n|teamsize|p1|4\n|teamsize|p2|4\n|start\n|switch|p1a: Excadrill|Excadrill, L50, M|100/100\n|switch|p1b: Rotom|Rotom-Wash, L50|100/100\n|switch|p2a: Gengar|Gengar, L50, F, shiny|100/100\n|switch|p2b: Whimsicott|Whimsicott, L50, M|100/100\n|turn|1\n|\n|t:|1776007153\n|detailschange|p2a: Gengar|Gengar-Mega, L50, F, shiny\n|-mega|p2a: Gengar|Gengar|Gengarite\n|move|p2a: Gengar|Protect|p2a: Gengar\n|-singleturn|p2a: Gengar|Protect\n|move|p2b: Whimsicott|Tailwind|p2b: Whimsicott\n|-sidestart|p2: ItzXeroo|move: Tailwind\n|move|p1a: Excadrill|Earthquake|p2a: Gengar|[spread] p2b\n|-activate|p2a: Gengar|move: Protect\n|-immune|p1b: Rotom|[from] ability: Levitate\n|-resisted|p2b: Whimsicott|1\n|-damage|p2b: Whimsicott|81/100\n|move|p1b: Rotom|Electroweb|p2b: Whimsicott|[spread] p2b\n|-activate|p2a: Gengar|move: Protect\n|-resisted|p2b: Whimsicott|1\n|-damage|p2b: Whimsicott|72/100\n|-unboost|p2b: Whimsicott|spe|1\n|\n|upkeep\n|turn|2\n|inactive|ItzXeroo has 30 seconds left.\n|inactive|ItzXeroo has 20 seconds left.\n|\n|t:|1776007192\n|switch|p2a: Politoed|Politoed, L50, M|100/100\n|-weather|RainDance|[from] ability: Drizzle|[of] p2a: Politoed\n|switch|p2b: Incineroar|Incineroar, L50, F|100/100\n|-ability|p2b: Incineroar|Intimidate|boost\n|-unboost|p1a: Excadrill|atk|1\n|-unboost|p1b: Rotom|atk|1\n|move|p1a: Excadrill|Protect|p1a: Excadrill\n|-singleturn|p1a: Excadrill|Protect\n|move|p1b: Rotom|Volt Switch|p2a: Politoed\n|-supereffective|p2a: Politoed|1\n|-damage|p2a: Politoed|40/100\n|\n|t:|1776007201\n|switch|p1b: Tyranitar|Tyranitar, L50, F|100/100|[from] Volt Switch\n|-weather|Sandstorm|[from] ability: Sand Stream|[of] p1b: Tyranitar\n|\n|-weather|Sandstorm|[upkeep]\n|-damage|p2a: Politoed|34/100|[from] Sandstorm\n|-damage|p2b: Incineroar|95/100|[from] Sandstorm\n|upkeep\n|turn|3\n|inactive|ItzXeroo has 30 seconds left.\n|\n|t:|1776007228\n|switch|p1a: Rotom|Rotom-Wash, L50|100/100\n|move|p2b: Incineroar|Fake Out|p1a: Rotom\n|-damage|p1a: Rotom|90/100\n|move|p2a: Politoed|Perish Song|p2a: Politoed\n|-start|p1a: Rotom|perish3|[silent]\n|-start|p1b: Tyranitar|perish3|[silent]\n|-start|p2a: Politoed|perish3|[silent]\n|-start|p2b: Incineroar|perish3|[silent]\n|-fieldactivate|move: Perish Song\n|move|p1b: Tyranitar|Rock Slide|p2a: Politoed|[spread] p2a,p2b\n|-crit|p2a: Politoed\n|-supereffective|p2b: Incineroar|1\n|-damage|p2a: Politoed|0 fnt\n|-damage|p2b: Incineroar|50/100\n|-enditem|p2b: Incineroar|Sitrus Berry|[eat]\n|-heal|p2b: Incineroar|75/100|[from] item: Sitrus Berry\n|faint|p2a: Politoed\n|\n|-weather|Sandstorm|[upkeep]\n|-damage|p2b: Incineroar|69/100|[from] Sandstorm\n|-damage|p1a: Rotom|85/100|[from] Sandstorm\n|-start|p2b: Incineroar|perish3\n|-start|p1a: Rotom|perish3\n|-start|p1b: Tyranitar|perish3\n|upkeep\n|inactive|ItzXeroo has 30 seconds left.\n|\n|t:|1776007254\n|switch|p2a: Gengar|Gengar-Mega, L50, F, shiny|100/100\n|turn|4\n|\n|t:|1776007269\n|move|p2a: Gengar|Protect|p2a: Gengar\n|-singleturn|p2a: Gengar|Protect\n|move|p2b: Incineroar|Parting Shot|p1b: Tyranitar\n|-unboost|p1b: Tyranitar|atk|1\n|-unboost|p1b: Tyranitar|spa|1\n|\n|t:|1776007275\n|switch|p2b: Whimsicott|Whimsicott, L50, M|72/100|[from] Parting Shot\n|move|p1a: Rotom|Volt Switch|p2b: Whimsicott\n|-resisted|p2b: Whimsicott|1\n|-damage|p2b: Whimsicott|55/100\n|\n|t:|1776007284\n|switch|p1a: Excadrill|Excadrill, L50, M|100/100|[from] Volt Switch\n|move|p1b: Tyranitar|Rock Slide|p2a: Gengar|[spread] p2b\n|-activate|p2a: Gengar|move: Protect\n|-damage|p2b: Whimsicott|36/100\n|\n|-weather|Sandstorm|[upkeep]\n|-damage|p2a: Gengar|95/100|[from] Sandstorm\n|-damage|p2b: Whimsicott|30/100|[from] Sandstorm\n|-start|p1b: Tyranitar|perish2\n|-sideend|p2: ItzXeroo|move: Tailwind\n|upkeep\n|turn|5\n|\n|t:|1776007303\n|move|p2b: Whimsicott|Encore|p1b: Tyranitar\n|-hint|Since gen 7, Dark is immune to Prankster moves.\n|-immune|p1b: Tyranitar\n|move|p1a: Excadrill|High Horsepower|p2a: Gengar\n|-supereffective|p2a: Gengar|1\n|-damage|p2a: Gengar|0 fnt\n|faint|p2a: Gengar\n|move|p1b: Tyranitar|Rock Slide|p2b: Whimsicott\n|-damage|p2b: Whimsicott|8/100\n|\n|-weather|Sandstorm|[upkeep]\n|-damage|p2b: Whimsicott|2/100|[from] Sandstorm\n|-start|p1b: Tyranitar|perish1\n|upkeep\n|\n|t:|1776007309\n|switch|p2a: Incineroar|Incineroar, L50, F|69/100\n|-ability|p2a: Incineroar|Intimidate|boost\n|-unboost|p1a: Excadrill|atk|1\n|-unboost|p1b: Tyranitar|atk|1\n|turn|6\n|\n|t:|1776007320\n|switch|p1a: Milotic|Milotic, L50, M|100/100\n|switch|p1b: Rotom|Rotom-Wash, L50|85/100\n|move|p2b: Whimsicott|Moonblast|p1b: Rotom\n|-damage|p1b: Rotom|59/100\n|move|p2a: Incineroar|Flare Blitz|p1a: Milotic\n|-resisted|p1a: Milotic|1\n|-damage|p1a: Milotic|81/100\n|-damage|p2a: Incineroar|62/100|[from] Recoil\n|\n|-weather|none\n|-heal|p1a: Milotic|87/100|[from] item: Leftovers\n|upkeep\n|turn|7\n|-message|ItzXeroo forfeited.\n|\n|win|ThePeasent\n|raw|ThePeasent's rating: 1060 &rarr; <strong>1091</strong><br />(+31 for winning)\n|raw|ItzXeroo's rating: 1057 &rarr; <strong>1039</strong><br />(-18 for losing)\n|l|\u2606ItzXeroo\n|player|p2|\n",
  "uploadtime": 1776007334,
  "views": 34,
  "formatid": "gen9championsvgc2026regma",
  "rating": 1039,
  "private": 0,
  "password": null
}