{
  "id": "gen9championsvgc2026regma-2586386007",
  "format": "[Gen 9 Champions] VGC 2026 Reg M-A",
  "players": [
    "clickformoreinfos",
    "The Clefabler"
  ],
  "log": "|j|\u2606clickformoreinfos\n|j|\u2606The Clefabler\n|t:|1776430868\n|gametype|doubles\n|player|p1|clickformoreinfos|medium|1172\n|player|p2|The Clefabler|irida|1261\n|gen|9\n|tier|[Gen 9 Champions] VGC 2026 Reg M-A\n|rated|\n|rule|Species Clause: Limit one of each Pok\u00e9mon\n|rule|Item Clause: Limit 1 of each item\n|clearpoke\n|poke|p1|Slowking-Galar, L50, M|\n|poke|p1|Basculegion, L50, M|\n|poke|p1|Meganium, L50, M|\n|poke|p1|Milotic, L50, F|\n|poke|p1|Sneasler, L50, M|\n|poke|p1|Pelipper, L50, M|\n|poke|p2|Kangaskhan, L50, F|\n|poke|p2|Sneasler, L50, F|\n|poke|p2|Sinistcha, L50|\n|poke|p2|Incineroar, L50, F|\n|poke|p2|Zoroark-Hisui, L50, F|\n|poke|p2|Tyranitar, L50, M|\n|teampreview|4\n|inactive|Battle timer is ON: inactive players will automatically lose when time's up. (requested by clickformoreinfos)\n|inactive|clickformoreinfos has 60 seconds left.\n|\n|t:|1776430899\n|teamsize|p1|4\n|teamsize|p2|4\n|start\n|switch|p1a: Basculegion|Basculegion, L50, M|100/100\n|switch|p1b: Milotic|Milotic, L50, F|100/100\n|switch|p2a: Kangaskhan|Kangaskhan, L50, F|100/100\n|switch|p2b: Sneasler|Sneasler, L50, F|100/100\n|turn|1\n|\n|t:|1776430921\n|move|p2b: Sneasler|Fake Out|p1b: Milotic\n|-damage|p1b: Milotic|91/100\n|move|p2a: Kangaskhan|Shadow Ball|p1a: Basculegion\n|-supereffective|p1a: Basculegion|1\n|-damage|p1a: Basculegion|0 fnt\n|faint|p1a: Basculegion\n|cant|p1b: Milotic|flinch\n|\n|upkeep\n|\n|t:|1776430930\n|switch|p1a: Sneasler|Sneasler, L50, M|100/100\n|turn|2\n|\n|t:|1776430939\n|move|p1a: Sneasler|Fake Out|p2b: Sneasler\n|-damage|p2b: Sneasler|76/100\n|move|p2a: Kangaskhan|Shadow Ball|p1a: Sneasler\n|-damage|p1a: Sneasler|37/100\n|cant|p2b: Sneasler|flinch\n|move|p1b: Milotic|Icy Wind|p2b: Sneasler|[spread] p2a,p2b\n|-crit|p2b: Sneasler\n|-damage|p2a: Kangaskhan|80/100\n|-damage|p2b: Sneasler|55/100\n|-unboost|p2a: Kangaskhan|spe|1\n|-unboost|p2b: Sneasler|spe|1\n|replace|p2a: Zoroark|Zoroark-Hisui, L50, F\n|-end|p2a: Zoroark|Illusion\n|-enditem|p2b: Sneasler|White Herb\n|-clearnegativeboost|p2b: Sneasler|[silent]\n|\n|upkeep\n|turn|3\n|\n|t:|1776430963\n|switch|p2a: Kangaskhan|Kangaskhan, L50, F|100/100\n|move|p1a: Sneasler|Protect|p1a: Sneasler\n|-singleturn|p1a: Sneasler|Protect\n|move|p2b: Sneasler|Close Combat|p1a: Sneasler\n|-activate|p1a: Sneasler|move: Protect\n|move|p1b: Milotic|Scald|p2b: Sneasler\n|-damage|p2b: Sneasler|13/100\n|\n|upkeep\n|turn|4\n|\n|t:|1776430978\n|switch|p1a: Meganium|Meganium, L50, M|100/100\n|detailschange|p2a: Kangaskhan|Kangaskhan-Mega, L50, F\n|-mega|p2a: Kangaskhan|Kangaskhan|Kangaskhanite\n|move|p1b: Milotic|Protect|p1b: Milotic\n|-singleturn|p1b: Milotic|Protect\n|move|p2a: Kangaskhan|Fake Out|p1b: Milotic\n|-activate|p1b: Milotic|move: Protect\n|move|p2b: Sneasler|Close Combat|p1a: Meganium\n|-damage|p1a: Meganium|39/100\n|-unboost|p2b: Sneasler|def|1\n|-unboost|p2b: Sneasler|spd|1\n|\n|upkeep\n|turn|5\n|\n|t:|1776431003\n|detailschange|p1a: Meganium|Meganium-Mega, L50, M\n|-mega|p1a: Meganium|Meganium|Meganiumite\n|move|p1a: Meganium|Protect|p1a: Meganium\n|-singleturn|p1a: Meganium|Protect\n|move|p2b: Sneasler|Close Combat|p1b: Milotic\n|-damage|p1b: Milotic|46/100\n|-unboost|p2b: Sneasler|def|1\n|-unboost|p2b: Sneasler|spd|1\n|move|p2a: Kangaskhan|Body Slam|p1b: Milotic\n|-damage|p1b: Milotic|7/100\n|-damage|p1b: Milotic|0 fnt\n|faint|p1b: Milotic\n|-hitcount|p1: Milotic|2\n|\n|upkeep\n|c|\u2606The Clefabler|Gg\n|-message|clickformoreinfos forfeited.\n|\n|win|The Clefabler\n|raw|clickformoreinfos's rating: 1172 &rarr; <strong>1153</strong><br />(-19 for losing)\n|raw|The Clefabler's rating: 1261 &rarr; <strong>1280</strong><br />(+19 for winning)\n|l|\u2606clickformoreinfos\n|player|p1|\n",
  "uploadtime": 1776431032,
  "views": 38,
  "formatid": "gen9championsvgc2026regma",
  "rating": 1153,
  "private": 0,
  "password": null
}