{
  "id": "gen9championsvgc2026regma-2588601741",
  "format": "[Gen 9 Champions] VGC 2026 Reg M-A",
  "players": [
    "Forbranna",
    "Mildly Displeased"
  ],
  "log": "|j|\u2606Forbranna\n|j|\u2606Mildly Displeased\n|t:|1776649054\n|gametype|doubles\n|player|p1|Forbranna|102|1540\n|player|p2|Mildly Displeased|dawn|1473\n|gen|9\n|tier|[Gen 9 Champions] VGC 2026 Reg M-A\n|rated|\n|rule|Species Clause: Limit one of each Pok\u00e9mon\n|rule|Item Clause: Limit 1 of each item\n|clearpoke\n|poke|p1|Meganium, L50, F|\n|poke|p1|Tyranitar, L50, M, shiny|\n|poke|p1|Excadrill, L50, F, shiny|\n|poke|p1|Aegislash, L50, M|\n|poke|p1|Sinistcha, L50|\n|poke|p1|Talonflame, L50, M, shiny|\n|poke|p2|Primarina, L50, F|\n|poke|p2|Sinistcha, L50|\n|poke|p2|Aegislash, L50, M|\n|poke|p2|Pelipper, L50, M|\n|poke|p2|Scizor, L50, M|\n|poke|p2|Clefable, L50, M|\n|teampreview|4\n|inactive|Battle timer is ON: inactive players will automatically lose when time's up. (requested by Mildly Displeased)\n|inactive|Forbranna also wants the timer to be on.\n|inactive|Forbranna has 60 seconds left.\n|\n|t:|1776649086\n|teamsize|p1|4\n|teamsize|p2|4\n|start\n|switch|p1a: Malcom X|Talonflame, L50, M, shiny|100/100\n|switch|p1b: Sappho|Meganium, L50, F|100/100\n|switch|p2a: Sinistcha|Sinistcha, L50|100/100\n|switch|p2b: Clefable|Clefable, L50, M|100/100\n|turn|1\n|\n|t:|1776649101\n|detailschange|p1b: Sappho|Meganium-Mega, L50, F\n|-mega|p1b: Sappho|Meganium|Meganiumite\n|detailschange|p2b: Clefable|Clefable-Mega, L50, M\n|-mega|p2b: Clefable|Clefable|Clefablite\n|move|p2b: Clefable|Follow Me|p2b: Clefable\n|-singleturn|p2b: Clefable|move: Follow Me\n|move|p1a: Malcom X|Dual Wingbeat|p2b: Clefable\n|-damage|p2b: Clefable|84/100\n|-damage|p2b: Clefable|69/100\n|-hitcount|p2b: Clefable|2\n|move|p1b: Sappho|Weather Ball|p2b: Clefable\n|-damage|p2b: Clefable|21/100\n|move|p2a: Sinistcha|Trick Room|p2a: Sinistcha\n|-fieldstart|move: Trick Room|[of] p2a: Sinistcha\n|\n|upkeep\n|turn|2\n|\n|t:|1776649119\n|move|p1a: Malcom X|Dual Wingbeat|p2a: Sinistcha\n|-supereffective|p2a: Sinistcha|1\n|-damage|p2a: Sinistcha|70/100\n|-supereffective|p2a: Sinistcha|1\n|-damage|p2a: Sinistcha|39/100\n|-hitcount|p2a: Sinistcha|2\n|move|p2a: Sinistcha|Shadow Ball|p1a: Malcom X\n|-damage|p1a: Malcom X|53/100\n|-unboost|p1a: Malcom X|spd|1\n|move|p2b: Clefable|Air Slash|p1a: Malcom X\n|-damage|p1a: Malcom X|0 fnt\n|faint|p1a: Malcom X\n|move|p1b: Sappho|Dazzling Gleam|p2a: Sinistcha|[spread] p2a,p2b\n|-damage|p2a: Sinistcha|9/100\n|-damage|p2b: Clefable|0 fnt\n|faint|p2b: Clefable\n|\n|-heal|p2a: Sinistcha|16/100|[from] item: Leftovers\n|upkeep\n|\n|t:|1776649139\n|switch|p2b: Aegislash|Aegislash, L50, M|100/100\n|switch|p1a: Charlemagne|Sinistcha, L50|100/100\n|turn|3\n|\n|t:|1776649147\n|move|p1a: Charlemagne|Rage Powder|p1a: Charlemagne\n|-singleturn|p1a: Charlemagne|move: Rage Powder\n|-formechange|p2b: Aegislash|Aegislash-Blade|\n|move|p2b: Aegislash|Iron Head|p1a: Charlemagne\n|-damage|p1a: Charlemagne|58/100\n|move|p2a: Sinistcha|Shadow Ball|p1a: Charlemagne\n|-supereffective|p1a: Charlemagne|1\n|-damage|p1a: Charlemagne|0 fnt\n|faint|p1a: Charlemagne\n|move|p1b: Sappho|Weather Ball|p2b: Aegislash\n|-supereffective|p2b: Aegislash|1\n|-damage|p2b: Aegislash|0 fnt\n|faint|p2b: Aegislash\n|\n|-heal|p2a: Sinistcha|22/100|[from] item: Leftovers\n|upkeep\n|\n|t:|1776649163\n|switch|p2b: Pelipper|Pelipper, L50, M|100/100\n|switch|p1a: Ivan IV|Tyranitar, L50, M, shiny|100/100\n|-weather|RainDance|[from] ability: Drizzle|[of] p2b: Pelipper\n|-weather|Sandstorm|[from] ability: Sand Stream|[of] p1a: Ivan IV\n|turn|4\n|\n|t:|1776649179\n|move|p1b: Sappho|Protect|p1b: Sappho\n|-singleturn|p1b: Sappho|Protect\n|move|p2b: Pelipper|Hurricane|p1b: Sappho\n|-activate|p1b: Sappho|move: Protect\n|move|p2a: Sinistcha|Matcha Gotcha|p1a: Ivan IV|[spread] p1a\n|-activate|p1b: Sappho|move: Protect\n|-supereffective|p1a: Ivan IV|1\n|-damage|p1a: Ivan IV|69/100\n|-heal|p2a: Sinistcha|39/100|[from] drain|[of] p1a: Ivan IV\n|move|p1a: Ivan IV|Rock Slide|p2a: Sinistcha|[spread] p2a,p2b\n|-supereffective|p2b: Pelipper|1\n|-damage|p2a: Sinistcha|10/100\n|-damage|p2b: Pelipper|32/100\n|\n|-weather|Sandstorm|[upkeep]\n|-damage|p2b: Pelipper|26/100|[from] Sandstorm\n|-damage|p2a: Sinistcha|4/100|[from] Sandstorm\n|-damage|p1b: Sappho|94/100|[from] Sandstorm\n|-heal|p2a: Sinistcha|10/100|[from] item: Leftovers\n|upkeep\n|turn|5\n|\n|t:|1776649203\n|move|p2b: Pelipper|Wide Guard|p2b: Pelipper\n|-singleturn|p2b: Pelipper|Wide Guard\n|move|p2a: Sinistcha|Matcha Gotcha|p1a: Ivan IV|[spread] p1a,p1b\n|-supereffective|p1a: Ivan IV|1\n|-resisted|p1b: Sappho|1\n|-damage|p1a: Ivan IV|37/100\n|-heal|p2a: Sinistcha|27/100|[from] drain|[of] p1a: Ivan IV\n|-damage|p1b: Sappho|84/100\n|-heal|p2a: Sinistcha|33/100|[from] drain|[of] p1b: Sappho\n|move|p1a: Ivan IV|Rock Slide|p2b: Pelipper|[spread] \n|-activate|p2a: Sinistcha|move: Wide Guard\n|-activate|p2b: Pelipper|move: Wide Guard\n|move|p1b: Sappho|Solar Beam||[still]\n|-prepare|p1b: Sappho|Solar Beam\n|-activate|p1b: Sappho|ability: Mega Sol\n|-anim|p1b: Sappho|Solar Beam|p2b: Pelipper\n|-damage|p2b: Pelipper|0 fnt\n|faint|p2b: Pelipper\n|\n|-weather|Sandstorm|[upkeep]\n|-damage|p2a: Sinistcha|27/100|[from] Sandstorm\n|-damage|p1b: Sappho|78/100|[from] Sandstorm\n|-heal|p2a: Sinistcha|33/100|[from] item: Leftovers\n|-fieldend|move: Trick Room\n|upkeep\n|turn|6\n|l|\u2606Mildly Displeased\n|inactive|Mildly Displeased disconnected and has a minute to reconnect!\n|player|p2|\n|inactive|Forbranna has 30 seconds left.\n|\n|t:|1776649231\n|move|p1b: Sappho|Weather Ball|p2a: Sinistcha\n|-supereffective|p2a: Sinistcha|1\n|-damage|p2a: Sinistcha|0 fnt\n|faint|p2a: Sinistcha\n|\n|win|Forbranna\n|raw|Forbranna's rating: 1540 &rarr; <strong>1556</strong><br />(+16 for winning)\n|raw|Mildly Displeased's rating: 1473 &rarr; <strong>1457</strong><br />(-16 for losing)\n|l|\u2606Forbranna\n|player|p1|\n",
  "uploadtime": 1776649239,
  "views": 10,
  "formatid": "gen9championsvgc2026regma",
  "rating": 1457,
  "private": 0,
  "password": null
}