{
  "id": "gen9championsvgc2026regma-2588385782",
  "format": "[Gen 9 Champions] VGC 2026 Reg M-A",
  "players": [
    "orangejuice111",
    "dankiel"
  ],
  "log": "|j|\u2606orangejuice111\n|j|\u2606dankiel\n|t:|1776629139\n|gametype|doubles\n|player|p1|orangejuice111|169|1149\n|player|p2|dankiel|morty|1087\n|gen|9\n|tier|[Gen 9 Champions] VGC 2026 Reg M-A\n|rated|\n|rule|Species Clause: Limit one of each Pok\u00e9mon\n|rule|Item Clause: Limit 1 of each item\n|clearpoke\n|poke|p1|Pelipper, L50, F, shiny|\n|poke|p1|Basculegion, L50, M, shiny|\n|poke|p1|Dragonite, L50, M, shiny|\n|poke|p1|Sinistcha-Masterpiece, L50, shiny|\n|poke|p1|Kingambit, L50, M, shiny|\n|poke|p1|Incineroar, L50, M, shiny|\n|poke|p2|Starmie, L50|\n|poke|p2|Arcanine-Hisui, L50, M|\n|poke|p2|Crabominable, L50, F|\n|poke|p2|Ninetales-Alola, L50, F|\n|poke|p2|Slowking-Galar, L50, F|\n|poke|p2|Tsareena, L50, F|\n|teampreview|4\n|inactive|Battle timer is ON: inactive players will automatically lose when time's up. (requested by orangejuice111)\ndankiel rejected open team sheets.\n|c|\u2606dankiel|OJ Simpson fucked my mother\n|n|\u203ddankiel|dankiel\n|c|~|/log dankiel was locked from talking by Artemis. (\u2606dankiel: OJ Simpson fucked my mother)\n|c|~|/raw <small>This action was done automatically. Want to learn more about the AI? <a href=\"https://www.smogon.com/forums/threads/3570628/#post-9056769\">Visit the information thread</a>.</small>\n|inactive|orangejuice111 has 60 seconds left.\n|c|\u2606orangejuice111|?_.\n|\n|t:|1776629195\n|teamsize|p1|4\n|teamsize|p2|4\n|start\n|switch|p1a: Pelipper|Pelipper, L50, F, shiny|100/100\n|switch|p1b: Kingambit|Kingambit, L50, M, shiny|100/100\n|switch|p2a: Starmie|Starmie, L50|100/100\n|switch|p2b: Arcanine|Arcanine-Hisui, L50, M|100/100\n|-weather|RainDance|[from] ability: Drizzle|[of] p1a: Pelipper\n|-ability|p2b: Arcanine|Intimidate|boost\n|-unboost|p1a: Pelipper|atk|1\n|-unboost|p1b: Kingambit|atk|1\n|-ability|p1b: Kingambit|Defiant|boost\n|-boost|p1b: Kingambit|atk|2\n|turn|1\n|inactive|dankiel has 30 seconds left.\n|inactive|dankiel has 20 seconds left.\n|\n|t:|1776629233\n|switch|p2b: Tsareena|Tsareena, L50, F|100/100\n|detailschange|p2a: Starmie|Starmie-Mega, L50\n|-mega|p2a: Starmie|Starmie|Starminite\n|move|p1b: Kingambit|Sucker Punch||[still]\n|cant|p2b: Tsareena|ability: Queenly Majesty|Sucker Punch|[of] p1b: Kingambit\n|move|p2a: Starmie|Hydro Pump|p1b: Kingambit\n|-damage|p1b: Kingambit|24/100\n|move|p1a: Pelipper|Weather Ball|p2b: Tsareena\n|-resisted|p2b: Tsareena|1\n|-damage|p2b: Tsareena|69/100\n|\n|-weather|RainDance|[upkeep]\n|upkeep\n|turn|2\n|inactive|dankiel has 30 seconds left.\n|\n|t:|1776629261\n|move|p1b: Kingambit|Protect|p1b: Kingambit\n|-singleturn|p1b: Kingambit|Protect\n|move|p2a: Starmie|Skill Swap|p2b: Tsareena\n|-activate|p2a: Starmie|Skill Swap|||[of] p2b: Tsareena\n|move|p1a: Pelipper|Hurricane|p2b: Tsareena\n|-supereffective|p2b: Tsareena|1\n|-damage|p2b: Tsareena|0 fnt\n|faint|p2b: Tsareena\n|\n|-weather|RainDance|[upkeep]\n|upkeep\n|\n|t:|1776629274\n|switch|p2b: Ninetales|Ninetales-Alola, L50, F|100/100\n|-weather|Snowscape|[from] ability: Snow Warning|[of] p2b: Ninetales\n|turn|3\n|\n|t:|1776629283\n|switch|p1a: Basculegion|Basculegion, L50, M, shiny|100/100\n|move|p1b: Kingambit|Sucker Punch||[still]\n|cant|p2a: Starmie|ability: Queenly Majesty|Sucker Punch|[of] p1b: Kingambit\n|move|p2a: Starmie|Blizzard|p1a: Basculegion|[spread] p1a,p1b\n|-resisted|p1a: Basculegion|1\n|-crit|p1a: Basculegion\n|-resisted|p1b: Kingambit|1\n|-damage|p1a: Basculegion|78/100\n|-damage|p1b: Kingambit|11/100\n|move|p2b: Ninetales|Aurora Veil|p2b: Ninetales\n|-sidestart|p2: dankiel|move: Aurora Veil\n|\n|-weather|Snowscape|[upkeep]\n|upkeep\n|turn|4\n|\n|t:|1776629302\n|move|p1a: Basculegion|Flip Turn|p2b: Ninetales\n|-damage|p2b: Ninetales|85/100\n|\n|t:|1776629304\n|switch|p1a: Pelipper|Pelipper, L50, F, shiny|100/100|[from] Flip Turn\n|-weather|RainDance|[from] ability: Drizzle|[of] p1a: Pelipper\n|move|p2a: Starmie|Blizzard|p1a: Pelipper|[spread] p1a,p1b\n|-resisted|p1b: Kingambit|1\n|-damage|p1a: Pelipper|49/100\n|-damage|p1b: Kingambit|0 fnt\n|faint|p1b: Kingambit\n|move|p2b: Ninetales|Encore||[still]\n|-fail|p2b: Ninetales\n|\n|-weather|RainDance|[upkeep]\n|upkeep\n|\n|t:|1776629318\n|switch|p1b: Basculegion|Basculegion, L50, M, shiny|78/100\n|turn|5\n|\n|t:|1776629341\n|move|p1b: Basculegion|Last Respects|p2a: Starmie\n|-supereffective|p2a: Starmie|1\n|-damage|p2a: Starmie|29/100\n|move|p2a: Starmie|Skill Swap|p2b: Ninetales\n|-activate|p2a: Starmie|Skill Swap|||[of] p2b: Ninetales\n|-weather|Snowscape|[from] ability: Snow Warning|[of] p2a: Starmie\n|move|p2b: Ninetales|Blizzard|p1a: Pelipper|[spread] p1a,p1b\n|-resisted|p1b: Basculegion|1\n|-damage|p1a: Pelipper|5/100\n|-damage|p1b: Basculegion|64/100\n|-status|p1b: Basculegion|frz\n|move|p1a: Pelipper|Weather Ball|p2b: Ninetales\n|-resisted|p2b: Ninetales|1\n|-damage|p2b: Ninetales|76/100\n|\n|-weather|Snowscape|[upkeep]\n|upkeep\n|turn|6\n|\n|t:|1776629365\n|cant|p1b: Basculegion|frz\n|move|p2a: Starmie|Blizzard|p1a: Pelipper|[spread] p1a,p1b\n|-resisted|p1b: Basculegion|1\n|-damage|p1a: Pelipper|0 fnt\n|-damage|p1b: Basculegion|49/100 frz\n|faint|p1a: Pelipper\n|move|p2b: Ninetales|Dazzling Gleam|p1b: Basculegion\n|-damage|p1b: Basculegion|24/100 frz\n|\n|-weather|Snowscape|[upkeep]\n|upkeep\n|\n|t:|1776629372\n|switch|p1a: Dragonite|Dragonite, L50, M, shiny|100/100\n|turn|7\n|\n|t:|1776629382\n|detailschange|p1a: Dragonite|Dragonite-Mega, L50, M, shiny\n|-mega|p1a: Dragonite|Dragonite|Dragoninite\n|cant|p1b: Basculegion|frz\n|move|p2a: Starmie|Blizzard|p1b: Basculegion|[spread] p1a,p1b\n|-supereffective|p1a: Dragonite|2\n|-resisted|p1b: Basculegion|1\n|-damage|p1a: Dragonite|51/100\n|-damage|p1b: Basculegion|8/100 frz\n|move|p2b: Ninetales|Blizzard|p1a: Dragonite|[spread] p1a,p1b\n|-supereffective|p1a: Dragonite|2\n|-resisted|p1b: Basculegion|1\n|-damage|p1a: Dragonite|0 fnt\n|-damage|p1b: Basculegion|0 fnt\n|faint|p1a: Dragonite\n|faint|p1b: Basculegion\n|\n|win|dankiel\n|raw|orangejuice111's rating: 1149 &rarr; <strong>1120</strong><br />(-29 for losing)\n|raw|dankiel's rating: 1087 &rarr; <strong>1119</strong><br />(+32 for winning)\n|l|\u2606orangejuice111\n|player|p1|\n",
  "uploadtime": 1776629165,
  "views": 10,
  "formatid": "gen9championsvgc2026regma",
  "rating": 1119,
  "private": 0,
  "password": null
}