{
  "id": "gen9championsvgc2026regma-2581862959",
  "format": "[Gen 9 Champions] VGC 2026 Reg M-A",
  "players": [
    "ilovedelphox",
    "moonslk"
  ],
  "log": "|j|\u2606ilovedelphox\n|j|\u2606moonslk\n|t:|1776034688\n|gametype|doubles\n|player|p1|ilovedelphox|skyla|\n|player|p2|moonslk|selene-masters2|\n|gen|9\n|tier|[Gen 9 Champions] VGC 2026 Reg M-A\n|rule|Species Clause: Limit one of each Pok\u00e9mon\n|rule|Item Clause: Limit 1 of each item\n|clearpoke\n|poke|p1|Sneasler, L50, F|\n|poke|p1|Dragonite, L50, M|\n|poke|p1|Aggron, L50, M|\n|poke|p1|Sinistcha, L50|\n|poke|p1|Primarina, L50, F|\n|poke|p1|Incineroar, L50, M|\n|poke|p2|Meganium, L50, M|\n|poke|p2|Pelipper, L50, F|\n|poke|p2|Archaludon, L50, M|\n|poke|p2|Basculegion, L50, M|\n|poke|p2|Incineroar, L50, F|\n|poke|p2|Sinistcha, L50|\n|teampreview|4\n|inactive|Battle timer is ON: inactive players will automatically lose when time's up. (requested by moonslk)\n|\n|t:|1776034757\n|teamsize|p1|4\n|teamsize|p2|4\n|start\n|switch|p1a: Sneasler|Sneasler, L50, F|100/100\n|switch|p1b: Dragonite|Dragonite, L50, M, shiny|100/100\n|switch|p2a: Pepe|Pelipper, L50, F|100/100\n|switch|p2b: Archaludon|Archaludon, L50, M|100/100\n|-weather|RainDance|[from] ability: Drizzle|[of] p2a: Pepe\n|turn|1\n|\n|t:|1776034781\n|detailschange|p1b: Dragonite|Dragonite-Mega, L50, M, shiny\n|-mega|p1b: Dragonite|Dragonite|Dragoninite\n|move|p2a: Pepe|Protect|p2a: Pepe\n|-singleturn|p2a: Pepe|Protect\n|move|p1a: Sneasler|Fake Out|p2a: Pepe\n|-activate|p2a: Pepe|move: Protect\n|move|p1b: Dragonite|Draco Meteor|p2b: Archaludon\n|-damage|p2b: Archaludon|25/100\n|-unboost|p1b: Dragonite|spa|2\n|-ability|p2b: Archaludon|Stamina|boost\n|-boost|p2b: Archaludon|def|1\n|move|p2b: Archaludon|Electro Shot||[still]\n|-prepare|p2b: Archaludon|Electro Shot\n|-boost|p2b: Archaludon|spa|1\n|-anim|p2b: Archaludon|Electro Shot|p1a: Sneasler\n|-damage|p1a: Sneasler|27/100\n|\n|-weather|RainDance|[upkeep]\n|upkeep\n|turn|2\n|\n|t:|1776034804\n|move|p2b: Archaludon|Protect|p2b: Archaludon\n|-singleturn|p2b: Archaludon|Protect\n|move|p1a: Sneasler|Close Combat|p2b: Archaludon\n|-activate|p2b: Archaludon|move: Protect\n|move|p2a: Pepe|Tailwind|p2a: Pepe\n|-sidestart|p2: moonslk|move: Tailwind\n|move|p1b: Dragonite|Tailwind|p1b: Dragonite\n|-sidestart|p1: ilovedelphox|move: Tailwind\n|\n|-weather|RainDance|[upkeep]\n|upkeep\n|turn|3\n|\n|t:|1776034828\n|switch|p1b: Primarina|Primarina, L50, F, shiny|100/100\n|switch|p2b: Incineroar|Incineroar, L50, F|100/100\n|-ability|p2b: Incineroar|Intimidate|boost\n|-unboost|p1a: Sneasler|atk|1\n|-unboost|p1b: Primarina|atk|1\n|-enditem|p1a: Sneasler|White Herb\n|-clearnegativeboost|p1a: Sneasler|[silent]\n|move|p1a: Sneasler|Close Combat|p2b: Incineroar\n|-supereffective|p2b: Incineroar|1\n|-damage|p2b: Incineroar|0 fnt\n|-unboost|p1a: Sneasler|def|1\n|-unboost|p1a: Sneasler|spd|1\n|faint|p2b: Incineroar\n|move|p2a: Pepe|Hurricane|p1a: Sneasler\n|-supereffective|p1a: Sneasler|1\n|-damage|p1a: Sneasler|0 fnt\n|faint|p1a: Sneasler\n|\n|-weather|RainDance|[upkeep]\n|upkeep\n|\n|t:|1776034847\n|switch|p1a: Dragonite|Dragonite-Mega, L50, M, shiny|100/100\n|switch|p2b: Archaludon|Archaludon, L50, M|25/100\n|turn|4\n|\n|t:|1776034865\n|move|p2b: Archaludon|Protect|p2b: Archaludon\n|-singleturn|p2b: Archaludon|Protect\n|move|p2a: Pepe|Hurricane|p1a: Dragonite\n|-crit|p1a: Dragonite\n|-damage|p1a: Dragonite|78/100\n|move|p1a: Dragonite|Air Slash|p2a: Pepe\n|-damage|p2a: Pepe|35/100\n|move|p1b: Primarina|Calm Mind|p1b: Primarina\n|-boost|p1b: Primarina|spa|1\n|-boost|p1b: Primarina|spd|1\n|\n|-weather|RainDance|[upkeep]\n|upkeep\n|turn|5\n|inactive|ilovedelphox has 30 seconds left.\n|\n|t:|1776034896\n|move|p2a: Pepe|Hurricane|p1a: Dragonite\n|-damage|p1a: Dragonite|46/100\n|move|p1a: Dragonite|Draco Meteor|p2b: Archaludon\n|-damage|p2b: Archaludon|0 fnt\n|-unboost|p1a: Dragonite|spa|2\n|faint|p2b: Archaludon\n|move|p1b: Primarina|Hyper Voice|p2a: Pepe\n|-resisted|p2a: Pepe|1\n|-damage|p2a: Pepe|0 fnt\n|faint|p2a: Pepe\n|\n|-weather|none\n|-sideend|p1: ilovedelphox|move: Tailwind\n|-sideend|p2: moonslk|move: Tailwind\n|upkeep\n|\n|t:|1776034903\n|switch|p2a: Prime Ganium|Meganium, L50, M|100/100\n|turn|6\n|\n|t:|1776034912\n|switch|p1a: Sinistcha|Sinistcha, L50|100/100\n|detailschange|p2a: Prime Ganium|Meganium-Mega, L50, M\n|-mega|p2a: Prime Ganium|Meganium|Meganiumite\n|move|p1b: Primarina|Protect|p1b: Primarina\n|-singleturn|p1b: Primarina|Protect\n|move|p2a: Prime Ganium|Solar Beam||[still]\n|-prepare|p2a: Prime Ganium|Solar Beam\n|-activate|p2a: Prime Ganium|ability: Mega Sol\n|-anim|p2a: Prime Ganium|Solar Beam|p1b: Primarina\n|-activate|p1b: Primarina|move: Protect\n|\n|upkeep\n|turn|7\n|\n|t:|1776034935\n|move|p2a: Prime Ganium|Weather Ball|p1a: Sinistcha\n|-supereffective|p1a: Sinistcha|1\n|-damage|p1a: Sinistcha|0 fnt\n|faint|p1a: Sinistcha\n|move|p1b: Primarina|Calm Mind|p1b: Primarina\n|-boost|p1b: Primarina|spa|1\n|-boost|p1b: Primarina|spd|1\n|\n|upkeep\n|\n|t:|1776034939\n|switch|p1a: Dragonite|Dragonite-Mega, L50, M, shiny|46/100\n|turn|8\n|\n|t:|1776034957\n|move|p1a: Dragonite|Air Slash|p2a: Prime Ganium\n|-supereffective|p2a: Prime Ganium|1\n|-damage|p2a: Prime Ganium|23/100\n|cant|p2a: Prime Ganium|flinch\n|move|p1b: Primarina|Moonblast|p2a: Prime Ganium\n|-damage|p2a: Prime Ganium|0 fnt\n|faint|p2a: Prime Ganium\n|\n|win|ilovedelphox\n|l|\u2606moonslk\n|player|p2|\n",
  "uploadtime": 1776034968,
  "views": 9,
  "formatid": "gen9championsvgc2026regma",
  "rating": null,
  "private": 0,
  "password": null
}