{
  "id": "gen9championsvgc2026regma-2581930708",
  "format": "[Gen 9 Champions] VGC 2026 Reg M-A",
  "players": [
    "bloodnirvana98",
    "Ivyzinha089"
  ],
  "log": "|j|\u2606bloodnirvana98\n|j|\u2606Ivyzinha089\n|t:|1776040781\n|gametype|doubles\n|player|p1|bloodnirvana98|170|1136\n|player|p2|Ivyzinha089|dawn|1197\n|gen|9\n|tier|[Gen 9 Champions] VGC 2026 Reg M-A\n|rated|\n|rule|Species Clause: Limit one of each Pok\u00e9mon\n|rule|Item Clause: Limit 1 of each item\n|clearpoke\n|poke|p1|Charizard, L50, M|\n|poke|p1|Sneasler, L50, F|\n|poke|p1|Whimsicott, L50, F|\n|poke|p1|Garchomp, L50, F|\n|poke|p1|Basculegion, L50, M|\n|poke|p1|Incineroar, L50, F|\n|poke|p2|Froslass, L50, F|\n|poke|p2|Sneasler, L50, M|\n|poke|p2|Aerodactyl, L50, F|\n|poke|p2|Garchomp, L50, M|\n|poke|p2|Kingambit, L50, M|\n|poke|p2|Rotom-Wash, L50|\n|teampreview|4\n|inactive|Battle timer is ON: inactive players will automatically lose when time's up. (requested by bloodnirvana98)\n|inactive|Ivyzinha089 also wants the timer to be on.\n|inactive|bloodnirvana98 has 60 seconds left.\n|inactive|bloodnirvana98 has 30 seconds left.\n|\n|t:|1776040852\n|teamsize|p1|4\n|teamsize|p2|4\n|start\n|switch|p1a: Sneasler|Sneasler, L50, F|100/100\n|switch|p1b: Whimsicott|Whimsicott, L50, F|100/100\n|switch|p2a: Garchomp|Garchomp, L50, M|100/100\n|switch|p2b: Rotom|Rotom-Wash, L50|100/100\n|turn|1\n|\n|t:|1776040876\n|move|p1a: Sneasler|Fake Out|p2a: Garchomp\n|-damage|p2a: Garchomp|85/100\n|-damage|p1a: Sneasler|88/100|[from] ability: Rough Skin|[of] p2a: Garchomp\n|move|p1b: Whimsicott|Tailwind|p1b: Whimsicott\n|-sidestart|p1: bloodnirvana98|move: Tailwind\n|move|p2b: Rotom|Volt Switch|p1a: Sneasler\n|-damage|p1a: Sneasler|44/100\n|\n|t:|1776040887\n|switch|p2b: Froslass|Froslass, L50, F|100/100|[from] Volt Switch\n|cant|p2a: Garchomp|flinch\n|\n|upkeep\n|turn|2\n|\n|t:|1776040899\n|detailschange|p2b: Froslass|Froslass-Mega, L50, F\n|-mega|p2b: Froslass|Froslass|Froslassite\n|-weather|Snowscape|[from] ability: Snow Warning|[of] p2b: Froslass\n|move|p2a: Garchomp|Protect|p2a: Garchomp\n|-singleturn|p2a: Garchomp|Protect\n|move|p1a: Sneasler|Dire Claw|p2b: Froslass\n|-resisted|p2b: Froslass|1\n|-damage|p2b: Froslass|79/100\n|move|p1b: Whimsicott|Moonblast|p2a: Garchomp\n|-activate|p2a: Garchomp|move: Protect\n|move|p2b: Froslass|Blizzard|p1a: Sneasler|[spread] p1a,p1b\n|-supereffective|p1b: Whimsicott|1\n|-damage|p1a: Sneasler|0 fnt\n|-damage|p1b: Whimsicott|0 fnt\n|faint|p1a: Sneasler\n|faint|p1b: Whimsicott\n|\n|-weather|Snowscape|[upkeep]\n|upkeep\n|\n|t:|1776040912\n|switch|p1a: Charizard|Charizard, L50, M|100/100\n|switch|p1b: Garchomp|Garchomp, L50, F|100/100\n|turn|3\n|inactive|bloodnirvana98 has 30 seconds left.\n|\n|t:|1776040944\n|detailschange|p1a: Charizard|Charizard-Mega-Y, L50, M\n|-mega|p1a: Charizard|Charizard|Charizardite Y\n|-weather|SunnyDay|[from] ability: Drought|[of] p1a: Charizard\n|move|p2b: Froslass|Protect|p2b: Froslass\n|-singleturn|p2b: Froslass|Protect\n|move|p1b: Garchomp|Earthquake|p2b: Froslass|[spread] p2a\n|-activate|p2b: Froslass|move: Protect\n|-immune|p1a: Charizard\n|-damage|p2a: Garchomp|46/100\n|move|p1a: Charizard|Heat Wave|p2a: Garchomp|[spread] p2a\n|-activate|p2b: Froslass|move: Protect\n|-resisted|p2a: Garchomp|1\n|-damage|p2a: Garchomp|8/100\n|move|p2a: Garchomp|Earthquake|p1a: Charizard|[spread] p1b\n|-activate|p2b: Froslass|move: Protect\n|-immune|p1a: Charizard\n|-damage|p1b: Garchomp|64/100\n|\n|-weather|SunnyDay|[upkeep]\n|upkeep\n|turn|4\n|inactive|Ivyzinha089 has 30 seconds left.\n|\n|t:|1776040969\n|switch|p2b: Rotom|Rotom-Wash, L50|100/100\n|move|p2a: Garchomp|Protect|p2a: Garchomp\n|-singleturn|p2a: Garchomp|Protect\n|move|p1b: Garchomp|Earthquake|p2a: Garchomp|[spread] \n|-activate|p2a: Garchomp|move: Protect\n|-immune|p1a: Charizard\n|-immune|p2b: Rotom|[from] ability: Levitate\n|move|p1a: Charizard|Heat Wave|p2a: Garchomp|[spread] p2b\n|-activate|p2a: Garchomp|move: Protect\n|-resisted|p2b: Rotom|1\n|-damage|p2b: Rotom|61/100\n|\n|-weather|SunnyDay|[upkeep]\n|-sideend|p1: bloodnirvana98|move: Tailwind\n|upkeep\n|turn|5\n|inactive|bloodnirvana98 has 30 seconds left.\n|inactive|Ivyzinha089 has 30 seconds left.\n|inactive|bloodnirvana98 has 20 seconds left.\n|\n|t:|1776041005\n|move|p1b: Garchomp|Earthquake|p2a: Garchomp|[spread] p2a\n|-immune|p1a: Charizard\n|-immune|p2b: Rotom|[from] ability: Levitate\n|-damage|p2a: Garchomp|0 fnt\n|faint|p2a: Garchomp\n|move|p2b: Rotom|Volt Switch|p1a: Charizard\n|-supereffective|p1a: Charizard|1\n|-damage|p1a: Charizard|33/100\n|\n|t:|1776041015\n|switch|p2b: Froslass|Froslass-Mega, L50, F|79/100|[from] Volt Switch\n|-weather|Snowscape|[from] ability: Snow Warning|[of] p2b: Froslass\n|move|p1a: Charizard|Solar Beam||[still]\n|-prepare|p1a: Charizard|Solar Beam\n|\n|-weather|Snowscape|[upkeep]\n|upkeep\n|\n|t:|1776041024\n|switch|p2a: Sneasler|Sneasler, L50, M|100/100\n|turn|6\n|\n|t:|1776041030\n|move|p2a: Sneasler|Fake Out|p1b: Garchomp\n|-damage|p1b: Garchomp|49/100\n|-damage|p2a: Sneasler|88/100|[from] ability: Rough Skin|[of] p1b: Garchomp\n|cant|p1b: Garchomp|flinch\n|move|p2b: Froslass|Blizzard|p1a: Charizard|[spread] p1a,p1b\n|-supereffective|p1b: Garchomp|2\n|-damage|p1a: Charizard|0 fnt\n|-damage|p1b: Garchomp|0 fnt\n|faint|p1a: Charizard\n|faint|p1b: Garchomp\n|\n|win|Ivyzinha089\n|raw|bloodnirvana98's rating: 1136 &rarr; <strong>1115</strong><br />(-21 for losing)\n|raw|Ivyzinha089's rating: 1197 &rarr; <strong>1218</strong><br />(+21 for winning)\n|l|\u2606bloodnirvana98\n|player|p1|\n",
  "uploadtime": 1776041047,
  "views": 20,
  "formatid": "gen9championsvgc2026regma",
  "rating": 1115,
  "private": 0,
  "password": null
}