{
  "id": "gen9championsvgc2026regma-2583697349",
  "format": "[Gen 9 Champions] VGC 2026 Reg M-A",
  "players": [
    "cerdicactus",
    "kmjhbgvf"
  ],
  "log": "|j|\u2606cerdicactus\n|j|\u2606kmjhbgvf\n|t:|1776191679\n|gametype|doubles\n|player|p1|cerdicactus|juan|1000\n|player|p2|kmjhbgvf|169|1000\n|gen|9\n|tier|[Gen 9 Champions] VGC 2026 Reg M-A\n|rated|\n|rule|Species Clause: Limit one of each Pok\u00e9mon\n|rule|Item Clause: Limit 1 of each item\n|clearpoke\n|poke|p1|Scovillain, L50, F|\n|poke|p1|Serperior, L50, F|\n|poke|p1|Raichu, L50, F|\n|poke|p1|Pelipper, L50, M|\n|poke|p1|Milotic, L50, F|\n|poke|p1|Krookodile, L50, F|\n|poke|p2|Pelipper, L50, M|\n|poke|p2|Dragonite, L50, F|\n|poke|p2|Incineroar, L50, F|\n|poke|p2|Archaludon, L50, F|\n|poke|p2|Sinistcha, L50|\n|poke|p2|Basculegion, L50, M|\n|teampreview|4\n|j| cyusontheinternet\n|l| cyusontheinternet\n|\n|t:|1776191738\n|teamsize|p1|4\n|teamsize|p2|4\n|start\n|switch|p1a: Krookodile|Krookodile, L50, F|100/100\n|switch|p1b: Raichu|Raichu, L50, F|100/100\n|switch|p2a: Pelipper|Pelipper, L50, M|100/100\n|switch|p2b: Archaludon|Archaludon, L50, F|100/100\n|-ability|p1a: Krookodile|Intimidate|boost\n|-unboost|p2a: Pelipper|atk|1\n|-unboost|p2b: Archaludon|atk|1\n|-weather|RainDance|[from] ability: Drizzle|[of] p2a: Pelipper\n|turn|1\n|\n|t:|1776191761\n|move|p2a: Pelipper|Protect|p2a: Pelipper\n|-singleturn|p2a: Pelipper|Protect\n|move|p2b: Archaludon|Protect|p2b: Archaludon\n|-singleturn|p2b: Archaludon|Protect\n|move|p1b: Raichu|Thunder|p2a: Pelipper\n|-activate|p2a: Pelipper|move: Protect\n|move|p1a: Krookodile|High Horsepower|p2b: Archaludon\n|-activate|p2b: Archaludon|move: Protect\n|\n|-weather|RainDance|[upkeep]\n|upkeep\n|turn|2\n|\n|t:|1776191788\n|move|p1b: Raichu|Thunder|p2a: Pelipper\n|-supereffective|p2a: Pelipper|2\n|-enditem|p2a: Pelipper|Focus Sash\n|-damage|p2a: Pelipper|1/100\n|move|p1a: Krookodile|Knock Off|p2b: Archaludon\n|-damage|p2b: Archaludon|62/100\n|-ability|p2b: Archaludon|Stamina|boost\n|-boost|p2b: Archaludon|def|1\n|-enditem|p2b: Archaludon|Leftovers|[from] move: Knock Off|[of] p1a: Krookodile\n|move|p2a: Pelipper|Tailwind|p2a: Pelipper\n|-sidestart|p2: kmjhbgvf|move: Tailwind\n|move|p2b: Archaludon|Dragon Pulse|p1a: Krookodile\n|-damage|p1a: Krookodile|49/100\n|-enditem|p1a: Krookodile|Sitrus Berry|[eat]\n|-heal|p1a: Krookodile|74/100|[from] item: Sitrus Berry\n|\n|-weather|RainDance|[upkeep]\n|upkeep\n|turn|3\n|\n|t:|1776191815\n|move|p2a: Pelipper|Protect|p2a: Pelipper\n|-singleturn|p2a: Pelipper|Protect\n|move|p2b: Archaludon|Dragon Pulse|p1a: Krookodile\n|-damage|p1a: Krookodile|21/100\n|move|p1b: Raichu|Thunder|p2b: Archaludon\n|-resisted|p2b: Archaludon|1\n|-damage|p2b: Archaludon|30/100\n|-ability|p2b: Archaludon|Stamina|boost\n|-boost|p2b: Archaludon|def|1\n|move|p1a: Krookodile|High Horsepower|p2b: Archaludon\n|-supereffective|p2b: Archaludon|1\n|-damage|p2b: Archaludon|0 fnt\n|faint|p2b: Archaludon\n|\n|-weather|RainDance|[upkeep]\n|upkeep\n|\n|t:|1776191831\n|switch|p2b: Dragonite|Dragonite, L50, F|100/100\n|turn|4\n|\n|t:|1776191874\n|switch|p2a: Sinistcha|Sinistcha, L50|100/100\n|switch|p1b: Scovillain|Scovillain, L50, F|100/100\n|detailschange|p2b: Dragonite|Dragonite-Mega, L50, F\n|-mega|p2b: Dragonite|Dragonite|Dragoninite\n|move|p2b: Dragonite|Hurricane|p1a: Krookodile\n|-damage|p1a: Krookodile|0 fnt\n|faint|p1a: Krookodile\n|\n|-weather|RainDance|[upkeep]\n|upkeep\n|\n|t:|1776191896\n|switch|p1a: Raichu|Raichu, L50, F|100/100\n|turn|5\n|\n|t:|1776191914\n|switch|p2a: Pelipper|Pelipper, L50, M|1/100\n|switch|p1b: Pelipper|Pelipper, L50, M|100/100\n|move|p1a: Raichu|Fake Out|p2b: Dragonite\n|-damage|p2b: Dragonite|97/100\n|cant|p2b: Dragonite|flinch\n|\n|-weather|none\n|-sideend|p2: kmjhbgvf|move: Tailwind\n|upkeep\n|turn|6\n|\n|t:|1776191948\n|move|p2a: Pelipper|Protect|p2a: Pelipper\n|-singleturn|p2a: Pelipper|Protect\n|move|p1a: Raichu|Volt Switch|p2b: Dragonite\n|-damage|p2b: Dragonite|69/100\n|\n|t:|1776191953\n|switch|p1a: Scovillain|Scovillain, L50, F|100/100|[from] Volt Switch\n|move|p2b: Dragonite|Tailwind|p2b: Dragonite\n|-sidestart|p2: kmjhbgvf|move: Tailwind\n|move|p1b: Pelipper|Tailwind|p1b: Pelipper\n|-sidestart|p1: cerdicactus|move: Tailwind\n|\n|upkeep\n|turn|7\n|\n|t:|1776191976\n|switch|p2a: Sinistcha|Sinistcha, L50|100/100\n|-heal|p2b: Dragonite|94/100|[from] ability: Hospitality|[of] p2a: Sinistcha\n|detailschange|p1a: Scovillain|Scovillain-Mega, L50, F\n|-mega|p1a: Scovillain|Scovillain|Scovillainite\n|move|p1a: Scovillain|Rage Powder|p1a: Scovillain\n|-singleturn|p1a: Scovillain|move: Rage Powder\n|move|p2b: Dragonite|Hurricane|p1a: Scovillain\n|-supereffective|p1a: Scovillain|1\n|-damage|p1a: Scovillain|0 fnt\n|-status|p2b: Dragonite|brn|[from] ability: Spicy Spray|[of] p1a: Scovillain\n|faint|p1a: Scovillain\n|move|p1b: Pelipper|Hurricane|p2b: Dragonite\n|-damage|p2b: Dragonite|52/100 brn\n|-start|p2b: Dragonite|confusion\n|\n|-damage|p2b: Dragonite|46/100 brn|[from] brn\n|upkeep\n|\n|t:|1776191992\n|switch|p1a: Raichu|Raichu, L50, F|100/100\n|turn|8\n|\n|t:|1776192006\n|switch|p2b: Pelipper|Pelipper, L50, M|1/100\n|-weather|RainDance|[from] ability: Drizzle|[of] p2b: Pelipper\n|move|p1a: Raichu|Fake Out|p2b: Pelipper\n|-damage|p2b: Pelipper|0 fnt\n|faint|p2b: Pelipper\n|move|p2a: Sinistcha|Matcha Gotcha|p1a: Raichu|[spread] p1a,p1b\n|-damage|p1a: Raichu|63/100\n|-damage|p1b: Pelipper|66/100\n|-status|p1b: Pelipper|brn\n|move|p1b: Pelipper|Hurricane|p2a: Sinistcha\n|-supereffective|p2a: Sinistcha|1\n|-crit|p2a: Sinistcha\n|-damage|p2a: Sinistcha|0 fnt\n|faint|p2a: Sinistcha\n|\n|-weather|RainDance|[upkeep]\n|-damage|p1b: Pelipper|60/100 brn|[from] brn\n|upkeep\n|\n|t:|1776192023\n|switch|p2a: Dragonite|Dragonite-Mega, L50, F|46/100 brn\n|turn|9\n|\n|t:|1776192033\n|move|p1a: Raichu|Thunder|p2a: Dragonite\n|-damage|p2a: Dragonite|1/100 brn\n|move|p2a: Dragonite|Draco Meteor|p1a: Raichu|[miss]\n|-miss|p2a: Dragonite|p1a: Raichu\n|move|p1b: Pelipper|Hurricane|p2a: Dragonite\n|-damage|p2a: Dragonite|0 fnt\n|faint|p2a: Dragonite\n|\n|win|cerdicactus\n|raw|cerdicactus's rating: 1000 &rarr; <strong>1040</strong><br />(+40 for winning)\n|raw|kmjhbgvf's rating: 1000 &rarr; <strong>1000</strong><br />(+0 for losing)\n|l|\u2606kmjhbgvf\n|player|p2|\n",
  "uploadtime": 1776192049,
  "views": 19,
  "formatid": "gen9championsvgc2026regma",
  "rating": 1000,
  "private": 0,
  "password": null
}