{
  "id": "gen9championsvgc2026regma-2584757902",
  "format": "[Gen 9 Champions] VGC 2026 Reg M-A",
  "players": [
    "LowlandFool",
    "Darhax"
  ],
  "log": "|j|\u2606LowlandFool\n|j|\u2606Darhax\n|t:|1776281556\n|gametype|doubles\n|player|p1|LowlandFool|265|1025\n|player|p2|Darhax|gambler|1050\n|gen|9\n|tier|[Gen 9 Champions] VGC 2026 Reg M-A\n|rated|\n|rule|Species Clause: Limit one of each Pok\u00e9mon\n|rule|Item Clause: Limit 1 of each item\n|clearpoke\n|poke|p1|Delphox, L50, F|\n|poke|p1|Maushold, L50|\n|poke|p1|Garchomp, L50, M|\n|poke|p1|Basculegion, L50, M|\n|poke|p1|Aerodactyl, L50, F|\n|poke|p1|Tinkaton, L50, F|\n|poke|p2|Meganium, L50, F|\n|poke|p2|Tauros-Paldea-Aqua, L50, M|\n|poke|p2|Aerodactyl, L50, M|\n|poke|p2|Archaludon, L50, M|\n|poke|p2|Typhlosion-Hisui, L50, F|\n|poke|p2|Kangaskhan, L50, F|\n|teampreview|4\n|inactive|Battle timer is ON: inactive players will automatically lose when time's up. (requested by Darhax)\n|inactive|LowlandFool has 60 seconds left.\n|inactive|Darhax has 60 seconds left.\n|\n|t:|1776281601\n|teamsize|p1|4\n|teamsize|p2|4\n|start\n|switch|p1a: Aerodactyl|Aerodactyl, L50, F|100/100\n|switch|p1b: Delphox|Delphox, L50, F|100/100\n|switch|p2a: Aerodactyl|Aerodactyl, L50, M|100/100\n|switch|p2b: Tauros|Tauros-Paldea-Aqua, L50, M, shiny|100/100\n|-ability|p2a: Aerodactyl|Unnerve\n|-ability|p1a: Aerodactyl|Unnerve\n|-ability|p2b: Tauros|Intimidate|boost\n|-unboost|p1a: Aerodactyl|atk|1\n|-unboost|p1b: Delphox|atk|1\n|turn|1\n|inactive|LowlandFool has 30 seconds left.\n|\n|t:|1776281635\n|switch|p1b: Basculegion|Basculegion, L50, M|100/100\n|move|p2b: Tauros|Aqua Jet|p1b: Basculegion\n|-resisted|p1b: Basculegion|1\n|-damage|p1b: Basculegion|89/100\n|move|p2a: Aerodactyl|Stone Edge|p1b: Basculegion\n|-damage|p1b: Basculegion|32/100\n|move|p1a: Aerodactyl|Tailwind|p1a: Aerodactyl\n|-sidestart|p1: LowlandFool|move: Tailwind\n|\n|upkeep\n|turn|2\n|\n|t:|1776281660\n|move|p2b: Tauros|Aqua Jet|p1b: Basculegion\n|-resisted|p1b: Basculegion|1\n|-damage|p1b: Basculegion|20/100\n|move|p1a: Aerodactyl|Dual Wingbeat|p2b: Tauros\n|-supereffective|p2b: Tauros|1\n|-damage|p2b: Tauros|75/100\n|-supereffective|p2b: Tauros|1\n|-damage|p2b: Tauros|52/100\n|-hitcount|p2b: Tauros|2\n|move|p1b: Basculegion|Flip Turn|p2a: Aerodactyl\n|-supereffective|p2a: Aerodactyl|1\n|-enditem|p2a: Aerodactyl|Focus Sash\n|-damage|p2a: Aerodactyl|1/100\n|\n|t:|1776281676\n|switch|p1b: Delphox|Delphox, L50, F|100/100|[from] Flip Turn\n|move|p2a: Aerodactyl|Tailwind|p2a: Aerodactyl\n|-sidestart|p2: Darhax|move: Tailwind\n|\n|upkeep\n|turn|3\n|\n|t:|1776281697\n|switch|p1b: Basculegion|Basculegion, L50, M|20/100\n|move|p2a: Aerodactyl|Stone Edge|p1b: Basculegion\n|-damage|p1b: Basculegion|0 fnt\n|faint|p1b: Basculegion\n|move|p1a: Aerodactyl|Rock Slide|p2b: Tauros|[spread] p2a,p2b\n|-supereffective|p2a: Aerodactyl|1\n|-resisted|p2b: Tauros|1\n|-damage|p2a: Aerodactyl|0 fnt\n|-damage|p2b: Tauros|44/100\n|faint|p2a: Aerodactyl\n|cant|p2b: Tauros|flinch\n|\n|upkeep\n|\n|t:|1776281713\n|switch|p2a: Meganium|Meganium, L50, F, shiny|100/100\n|switch|p1b: Delphox|Delphox, L50, F|100/100\n|turn|4\n|\n|t:|1776281729\n|detailschange|p1b: Delphox|Delphox-Mega, L50, F\n|-mega|p1b: Delphox|Delphox|Delphoxite\n|detailschange|p2a: Meganium|Meganium-Mega, L50, F, shiny\n|-mega|p2a: Meganium|Meganium|Meganiumite\n|move|p2a: Meganium|Protect|p2a: Meganium\n|-singleturn|p2a: Meganium|Protect\n|move|p1a: Aerodactyl|Dual Wingbeat|p2b: Tauros\n|-supereffective|p2b: Tauros|1\n|-damage|p2b: Tauros|21/100\n|-supereffective|p2b: Tauros|1\n|-damage|p2b: Tauros|0 fnt\n|faint|p2b: Tauros\n|-hitcount|p2: Tauros|2\n|move|p1b: Delphox|Heat Wave|p2a: Meganium\n|-activate|p2a: Meganium|move: Protect\n|\n|-sideend|p1: LowlandFool|move: Tailwind\n|upkeep\n|\n|t:|1776281743\n|switch|p2b: Typhlosion|Typhlosion-Hisui, L50, F|100/100\n|-item|p1a: Aerodactyl|Focus Sash|[from] ability: Frisk|[of] p2b: Typhlosion\n|-item|p1b: Delphox|Delphoxite|[from] ability: Frisk|[of] p2b: Typhlosion\n|turn|5\n|\n|t:|1776281768\n|switch|p1b: Garchomp|Garchomp, L50, M|100/100\n|move|p2b: Typhlosion|Shadow Ball|p1b: Garchomp\n|-damage|p1b: Garchomp|53/100\n|move|p1a: Aerodactyl|Tailwind|p1a: Aerodactyl\n|-sidestart|p1: LowlandFool|move: Tailwind\n|move|p2a: Meganium|Solar Beam||[still]\n|-prepare|p2a: Meganium|Solar Beam\n|-activate|p2a: Meganium|ability: Mega Sol\n|-anim|p2a: Meganium|Solar Beam|p1b: Garchomp\n|-damage|p1b: Garchomp|0 fnt\n|faint|p1b: Garchomp\n|\n|-sideend|p2: Darhax|move: Tailwind\n|upkeep\n|\n|t:|1776281784\n|switch|p1b: Delphox|Delphox-Mega, L50, F|100/100\n|turn|6\n|\n|t:|1776281807\n|move|p2a: Meganium|Protect|p2a: Meganium\n|-singleturn|p2a: Meganium|Protect\n|move|p1a: Aerodactyl|Rock Slide|p2a: Meganium|[spread] p2b\n|-activate|p2a: Meganium|move: Protect\n|-supereffective|p2b: Typhlosion|1\n|-damage|p2b: Typhlosion|59/100\n|move|p1b: Delphox|Heat Wave|p2b: Typhlosion|[spread] p2b\n|-activate|p2a: Meganium|move: Protect\n|-resisted|p2b: Typhlosion|1\n|-damage|p2b: Typhlosion|35/100\n|cant|p2b: Typhlosion|flinch\n|\n|upkeep\n|turn|7\n|\n|t:|1776281832\n|move|p1a: Aerodactyl|Rock Slide|p2b: Typhlosion|[spread] \n|-miss|p1a: Aerodactyl|p2a: Meganium\n|-miss|p1a: Aerodactyl|p2b: Typhlosion\n|move|p1b: Delphox|Heat Wave|p2a: Meganium|[spread] p2a,p2b\n|-supereffective|p2a: Meganium|1\n|-resisted|p2b: Typhlosion|1\n|-damage|p2a: Meganium|35/100\n|-damage|p2b: Typhlosion|12/100\n|move|p2b: Typhlosion|Shadow Ball|p1b: Delphox\n|-supereffective|p1b: Delphox|1\n|-damage|p1b: Delphox|39/100\n|-unboost|p1b: Delphox|spd|1\n|move|p2a: Meganium|Solar Beam||[still]\n|-prepare|p2a: Meganium|Solar Beam\n|-activate|p2a: Meganium|ability: Mega Sol\n|-anim|p2a: Meganium|Solar Beam|p1b: Delphox\n|-resisted|p1b: Delphox|1\n|-damage|p1b: Delphox|0 fnt\n|faint|p1b: Delphox\n|\n|upkeep\n|turn|8\n|inactive|Darhax has 30 seconds left.\n|\n|t:|1776281857\n|move|p1a: Aerodactyl|Rock Slide|p2a: Meganium|[spread] p2a,p2b\n|-supereffective|p2b: Typhlosion|1\n|-damage|p2a: Meganium|20/100\n|-damage|p2b: Typhlosion|0 fnt\n|faint|p2b: Typhlosion\n|cant|p2a: Meganium|flinch\n|\n|-sideend|p1: LowlandFool|move: Tailwind\n|upkeep\n|turn|9\n|-message|Darhax forfeited.\n|\n|win|LowlandFool\n|raw|LowlandFool's rating: 1025 &rarr; <strong>1064</strong><br />(+39 for winning)\n|raw|Darhax's rating: 1050 &rarr; <strong>1031</strong><br />(-19 for losing)\n|l|\u2606Darhax\n|player|p2|\n|c|\u2606LowlandFool|Gg\n",
  "uploadtime": 1776281878,
  "views": 22,
  "formatid": "gen9championsvgc2026regma",
  "rating": 1031,
  "private": 0,
  "password": null
}