{
  "id": "gen9championsvgc2026regma-2585928411",
  "format": "[Gen 9 Champions] VGC 2026 Reg M-A",
  "players": [
    "benjiapollo",
    "igor1707"
  ],
  "log": "|j|\u2606benjiapollo\n|j|\u2606igor1707\n|t:|1776382294\n|gametype|doubles\n|player|p1|benjiapollo|giovanni|1322\n|player|p2|igor1707|1|1242\n|gen|9\n|tier|[Gen 9 Champions] VGC 2026 Reg M-A\n|rated|\n|rule|Species Clause: Limit one of each Pok\u00e9mon\n|rule|Item Clause: Limit 1 of each item\n|clearpoke\n|poke|p1|Basculegion, L50, M|\n|poke|p1|Charizard, L50, F|\n|poke|p1|Kingambit, L50, F|\n|poke|p1|Sneasler, L50, M|\n|poke|p1|Venusaur, L50, F|\n|poke|p1|Talonflame, L50, M|\n|poke|p2|Chimecho, L50, F|\n|poke|p2|Gardevoir, L50, F|\n|poke|p2|Incineroar, L50, F|\n|poke|p2|Sableye, L50, M|\n|poke|p2|Zoroark-Hisui, L50, F|\n|poke|p2|Tauros-Paldea-Aqua, L50, M|\n|teampreview|4\n|inactive|Battle timer is ON: inactive players will automatically lose when time's up. (requested by benjiapollo)\n|\n|t:|1776382332\n|teamsize|p1|4\n|teamsize|p2|4\n|start\n|switch|p1a: Talonflame|Talonflame, L50, M|100/100\n|switch|p1b: Charizard|Charizard, L50, F|100/100\n|switch|p2a: Tauros|Tauros-Paldea-Aqua, L50, M|100/100\n|switch|p2b: Sableye|Sableye, L50, M|100/100\n|-ability|p2a: Tauros|Intimidate|boost\n|-unboost|p1a: Talonflame|atk|1\n|-unboost|p1b: Charizard|atk|1\n|turn|1\n|\n|t:|1776382346\n|detailschange|p1b: Charizard|Charizard-Mega-X, L50, F\n|-mega|p1b: Charizard|Charizard|Charizardite X\n|move|p2b: Sableye|Protect|p2b: Sableye\n|-singleturn|p2b: Sableye|Protect\n|move|p2a: Tauros|Protect|p2a: Tauros\n|-singleturn|p2a: Tauros|Protect\n|move|p1a: Talonflame|Quick Guard|p1a: Talonflame\n|-singleturn|p1a: Talonflame|Quick Guard\n|move|p1b: Charizard|Dragon Claw|p2a: Tauros\n|-activate|p2a: Tauros|move: Protect\n|\n|upkeep\n|turn|2\n|\n|t:|1776382371\n|switch|p2a: Incineroar|Incineroar, L50, F, shiny|100/100\n|-ability|p2a: Incineroar|Intimidate|boost\n|-unboost|p1a: Talonflame|atk|1\n|-unboost|p1b: Charizard|atk|1\n|move|p1a: Talonflame|Tailwind|p1a: Talonflame\n|-sidestart|p1: benjiapollo|move: Tailwind\n|move|p2b: Sableye|Thunder Wave|p1b: Charizard\n|-status|p1b: Charizard|par\n|cant|p1b: Charizard|par\n|\n|upkeep\n|turn|3\n|inactive|igor1707 has 30 seconds left.\n|\n|t:|1776382402\n|move|p1a: Talonflame|Quick Guard|p1a: Talonflame\n|-singleturn|p1a: Talonflame|Quick Guard\n|move|p2b: Sableye|Encore|p1a: Talonflame\n|-activate|p1a: Talonflame|move: Quick Guard\n|move|p1b: Charizard|Brick Break|p2a: Incineroar\n|-supereffective|p2a: Incineroar|1\n|-damage|p2a: Incineroar|70/100\n|move|p2a: Incineroar|Parting Shot|p1b: Charizard\n|-unboost|p1b: Charizard|atk|1\n|-unboost|p1b: Charizard|spa|1\n|\n|t:|1776382417\n|switch|p2a: Chimecho|Chimecho, L50, F|100/100|[from] Parting Shot\n|\n|upkeep\n|turn|4\n|\n|t:|1776382426\n|switch|p1a: Basculegion|Basculegion, L50, M|100/100\n|switch|p1b: Sneasler|Sneasler, L50, M|100/100\n|detailschange|p2a: Chimecho|Chimecho-Mega, L50, F\n|-mega|p2a: Chimecho|Chimecho|Chimechite\n|move|p2b: Sableye|Encore||[still]\n|-fail|p2b: Sableye\n|move|p2a: Chimecho|Boomburst|p1b: Sneasler|[spread] p1b\n|-immune|p2b: Sableye\n|-immune|p1a: Basculegion\n|-damage|p1b: Sneasler|50/100\n|\n|upkeep\n|turn|5\n|inactive|benjiapollo has 30 seconds left.\n|\n|t:|1776382458\n|move|p2a: Chimecho|Protect|p2a: Chimecho\n|-singleturn|p2a: Chimecho|Protect\n|move|p1b: Sneasler|Fake Out|p2a: Chimecho\n|-activate|p2a: Chimecho|move: Protect\n|move|p2b: Sableye|Thunder Wave|p1a: Basculegion|[miss]\n|-miss|p2b: Sableye|p1a: Basculegion\n|move|p1a: Basculegion|Wave Crash|p2b: Sableye\n|-damage|p2b: Sableye|18/100\n|-damage|p1a: Basculegion|78/100|[from] Recoil\n|\n|-sideend|p1: benjiapollo|move: Tailwind\n|upkeep\n|turn|6\n|\n|t:|1776382480\n|move|p1b: Sneasler|Protect|p1b: Sneasler\n|-singleturn|p1b: Sneasler|Protect\n|move|p2b: Sableye|Encore|p1b: Sneasler\n|-activate|p1b: Sneasler|move: Protect\n|move|p1a: Basculegion|Wave Crash|p2b: Sableye\n|-damage|p2b: Sableye|0 fnt\n|faint|p2b: Sableye\n|-damage|p1a: Basculegion|74/100|[from] Recoil\n|move|p2a: Chimecho|Extrasensory|p1a: Basculegion\n|-damage|p1a: Basculegion|26/100\n|\n|upkeep\n|\n|t:|1776382505\n|switch|p2b: Incineroar|Incineroar, L50, F, shiny|70/100\n|-ability|p2b: Incineroar|Intimidate|boost\n|-unboost|p1a: Basculegion|atk|1\n|-unboost|p1b: Sneasler|atk|1\n|-enditem|p1b: Sneasler|White Herb\n|-clearnegativeboost|p1b: Sneasler|[silent]\n|turn|7\n|\n|t:|1776382520\n|move|p2a: Chimecho|Protect|p2a: Chimecho\n|-singleturn|p2a: Chimecho|Protect\n|move|p1b: Sneasler|Close Combat|p2a: Chimecho\n|-activate|p2a: Chimecho|move: Protect\n|move|p1a: Basculegion|Wave Crash|p2b: Incineroar\n|-supereffective|p2b: Incineroar|1\n|-damage|p2b: Incineroar|0 fnt\n|faint|p2b: Incineroar\n|-damage|p1a: Basculegion|2/100|[from] Recoil\n|\n|upkeep\n|\n|t:|1776382532\n|switch|p2b: Tauros|Tauros-Paldea-Aqua, L50, M|100/100\n|-ability|p2b: Tauros|Intimidate|boost\n|-unboost|p1a: Basculegion|atk|1\n|-unboost|p1b: Sneasler|atk|1\n|turn|8\n|\n|t:|1776382542\n|move|p2b: Tauros|Aqua Jet|p1a: Basculegion\n|-resisted|p1a: Basculegion|1\n|-damage|p1a: Basculegion|0 fnt\n|faint|p1a: Basculegion\n|move|p1b: Sneasler|Dire Claw|p2b: Tauros\n|-damage|p2b: Tauros|72/100\n|move|p2a: Chimecho|Extrasensory|p1b: Sneasler\n|-supereffective|p1b: Sneasler|2\n|-damage|p1b: Sneasler|0 fnt\n|faint|p1b: Sneasler\n|\n|upkeep\n|\n|t:|1776382551\n|switch|p1b: Talonflame|Talonflame, L50, M|100/100\n|switch|p1a: Charizard|Charizard-Mega-X, L50, F|100/100 par\n|turn|9\n|\n|t:|1776382564\n|move|p2b: Tauros|Protect|p2b: Tauros\n|-singleturn|p2b: Tauros|Protect\n|move|p1b: Talonflame|Brave Bird|p2b: Tauros\n|-activate|p2b: Tauros|move: Protect\n|move|p2a: Chimecho|Boomburst|p1a: Charizard|[spread] p1a,p1b\n|-activate|p2b: Tauros|move: Protect\n|-damage|p1a: Charizard|55/100 par\n|-damage|p1b: Talonflame|48/100\n|move|p1a: Charizard|Flare Blitz|p2a: Chimecho\n|-supereffective|p2a: Chimecho|1\n|-damage|p2a: Chimecho|0 fnt\n|faint|p2a: Chimecho\n|-damage|p1a: Charizard|17/100 par|[from] Recoil\n|\n|upkeep\n|turn|10\n|\n|t:|1776382581\n|move|p2b: Tauros|Aqua Jet|p1b: Talonflame\n|-supereffective|p1b: Talonflame|1\n|-damage|p1b: Talonflame|0 fnt\n|faint|p1b: Talonflame\n|move|p1a: Charizard|Dragon Claw|p2b: Tauros\n|-damage|p2b: Tauros|12/100\n|\n|upkeep\n|turn|11\n|\n|t:|1776382592\n|move|p2b: Tauros|Aqua Jet|p1a: Charizard\n|-damage|p1a: Charizard|0 fnt\n|faint|p1a: Charizard\n|\n|win|igor1707\n|raw|benjiapollo's rating: 1322 &rarr; <strong>1296</strong><br />(-26 for losing)\n|raw|igor1707's rating: 1214 &rarr; <strong>1247</strong><br />(+33 for winning)\n|l|\u2606igor1707\n|player|p2|\n",
  "uploadtime": 1776382598,
  "views": 22,
  "formatid": "gen9championsvgc2026regma",
  "rating": 1247,
  "private": 0,
  "password": null
}