{
  "id": "gen9championsvgc2026regma-2585769980",
  "format": "[Gen 9 Champions] VGC 2026 Reg M-A",
  "players": [
    "SoyGomezLoco",
    "ShimakazeVGC"
  ],
  "log": "|j|\u2606SoyGomezLoco\n|j|\u2606ShimakazeVGC\n|t:|1776369375\n|gametype|doubles\n|player|p1|SoyGomezLoco|hiker-gen4|1089\n|player|p2|ShimakazeVGC|2|1116\n|gen|9\n|tier|[Gen 9 Champions] VGC 2026 Reg M-A\n|rated|\n|rule|Species Clause: Limit one of each Pok\u00e9mon\n|rule|Item Clause: Limit 1 of each item\n|clearpoke\n|poke|p1|Alakazam, L50, M|\n|poke|p1|Ampharos, L50, F|\n|poke|p1|Sinistcha, L50|\n|poke|p1|Basculegion, L50, M|\n|poke|p1|Pelipper, L50, M|\n|poke|p1|Scizor, L50, M|\n|poke|p2|Charizard, L50, M|\n|poke|p2|Venusaur, L50, M|\n|poke|p2|Incineroar, L50, M|\n|poke|p2|Sneasler, L50, F|\n|poke|p2|Garchomp, L50, F|\n|poke|p2|Basculegion, L50, M|\n|teampreview|4\nSoyGomezLoco has agreed to open team sheets.\n|\n|t:|1776369391\n|teamsize|p1|4\n|teamsize|p2|4\n|start\n|switch|p1a: Ampharos|Ampharos, L50, F|100/100\n|switch|p1b: ELMago|Alakazam, L50, M, shiny|100/100\n|switch|p2a: Basculegion|Basculegion, L50, M, shiny|100/100\n|switch|p2b: Sneasler|Sneasler, L50, F|100/100\n|turn|1\n|inactive|Battle timer is ON: inactive players will automatically lose when time's up. (requested by ShimakazeVGC)\n|\n|t:|1776369419\n|detailschange|p1a: Ampharos|Ampharos-Mega, L50, F\n|-mega|p1a: Ampharos|Ampharos|Ampharosite\n|-ability|p1a: Ampharos|Mold Breaker\n|move|p2a: Basculegion|Wave Crash|p1b: ELMago\n|-enditem|p1b: ELMago|Focus Sash\n|-damage|p1b: ELMago|1/100\n|-damage|p2a: Basculegion|73/100|[from] Recoil\n|move|p1b: ELMago|Reflect|p1b: ELMago\n|-sidestart|p1: SoyGomezLoco|Reflect\n|move|p2b: Sneasler|Rock Slide|p1b: ELMago|[spread] p1b\n|-miss|p2b: Sneasler|p1a: Ampharos\n|-damage|p1b: ELMago|0 fnt\n|faint|p1b: ELMago\n|move|p1a: Ampharos|Electroweb|p2a: Basculegion|[spread] p2a,p2b\n|-supereffective|p2a: Basculegion|1\n|-damage|p2a: Basculegion|9/100\n|-damage|p2b: Sneasler|65/100\n|-unboost|p2a: Basculegion|spe|1\n|-unboost|p2b: Sneasler|spe|1\n|-enditem|p2b: Sneasler|White Herb\n|-clearnegativeboost|p2b: Sneasler|[silent]\n|\n|upkeep\n|\n|t:|1776369445\n|switch|p1b: CapituloMuerto|Basculegion, L50, M|100/100\n|turn|2\n|\n|t:|1776369456\n|switch|p2a: Venusaur|Venusaur, L50, M|100/100\n|move|p2b: Sneasler|Protect|p2b: Sneasler\n|-singleturn|p2b: Sneasler|Protect\n|move|p1b: CapituloMuerto|Aqua Jet|p2a: Venusaur\n|-resisted|p2a: Venusaur|1\n|-damage|p2a: Venusaur|84/100\n|move|p1a: Ampharos|Electroweb|p2b: Sneasler|[spread] p2a\n|-activate|p2b: Sneasler|move: Protect\n|-resisted|p2a: Venusaur|1\n|-damage|p2a: Venusaur|69/100\n|-unboost|p2a: Venusaur|spe|1\n|\n|upkeep\n|turn|3\n|\n|t:|1776369478\n|move|p2b: Sneasler|Close Combat|p1a: Ampharos\n|-damage|p1a: Ampharos|59/100\n|-unboost|p2b: Sneasler|def|1\n|-unboost|p2b: Sneasler|spd|1\n|move|p1b: CapituloMuerto|Last Respects|p2a: Venusaur\n|-damage|p2a: Venusaur|0 fnt\n|faint|p2a: Venusaur\n|move|p1a: Ampharos|Thunder|p2b: Sneasler\n|-damage|p2b: Sneasler|0 fnt\n|faint|p2b: Sneasler\n|\n|upkeep\n|\n|t:|1776369494\n|switch|p2b: Charizard|Charizard, L50, M, shiny|100/100\n|switch|p2a: Basculegion|Basculegion, L50, M, shiny|9/100\n|turn|4\n|\n|t:|1776369508\n|detailschange|p2b: Charizard|Charizard-Mega-Y, L50, M, shiny\n|-mega|p2b: Charizard|Charizard|Charizardite Y\n|-weather|SunnyDay|[from] ability: Drought|[of] p2b: Charizard\n|move|p1b: CapituloMuerto|Aqua Jet|p2a: Basculegion\n|-resisted|p2a: Basculegion|1\n|-damage|p2a: Basculegion|2/100\n|move|p2a: Basculegion|Last Respects|p1b: CapituloMuerto\n|-supereffective|p1b: CapituloMuerto|1\n|-damage|p1b: CapituloMuerto|0 fnt\n|faint|p1b: CapituloMuerto\n|move|p2b: Charizard|Heat Wave|p1a: Ampharos\n|-resisted|p1a: Ampharos|1\n|-damage|p1a: Ampharos|20/100\n|move|p1a: Ampharos|Electroweb|p2b: Charizard|[spread] p2a,p2b\n|-supereffective|p2a: Basculegion|1\n|-supereffective|p2b: Charizard|1\n|-damage|p2a: Basculegion|0 fnt\n|-damage|p2b: Charizard|46/100\n|-unboost|p2b: Charizard|spe|1\n|faint|p2a: Basculegion\n|\n|-weather|SunnyDay|[upkeep]\n|upkeep\n|\n|t:|1776369529\n|switch|p1b: Escusado|Pelipper, L50, M|100/100\n|-weather|RainDance|[from] ability: Drizzle|[of] p1b: Escusado\n|turn|5\n|\n|t:|1776369538\n|move|p2b: Charizard|Heat Wave|p1a: Ampharos|[spread] p1a,p1b\n|-resisted|p1a: Ampharos|1\n|-resisted|p1b: Escusado|1\n|-damage|p1a: Ampharos|11/100\n|-damage|p1b: Escusado|88/100\n|move|p1b: Escusado|Weather Ball|p2b: Charizard\n|-supereffective|p2b: Charizard|1\n|-crit|p2b: Charizard\n|-damage|p2b: Charizard|0 fnt\n|faint|p2b: Charizard\n|\n|win|SoyGomezLoco\n|raw|SoyGomezLoco's rating: 1089 &rarr; <strong>1118</strong><br />(+29 for winning)\n|raw|ShimakazeVGC's rating: 1116 &rarr; <strong>1089</strong><br />(-27 for losing)\n|l|\u2606ShimakazeVGC\n|player|p2|\n",
  "uploadtime": 1776369563,
  "views": 25,
  "formatid": "gen9championsvgc2026regma",
  "rating": 1089,
  "private": 0,
  "password": null
}