{
  "id": "gen9championsvgc2026regma-2585716014",
  "format": "[Gen 9 Champions] VGC 2026 Reg M-A",
  "players": [
    "MagnezoneSH",
    "ericaikok"
  ],
  "log": "|j|\u2606MagnezoneSH\n|j|\u2606ericaikok\n|t:|1776365663\n|gametype|doubles\n|player|p1|MagnezoneSH|skyla|1112\n|player|p2|ericaikok|#ptplvidazzlingdiancies|1210\n|gen|9\n|tier|[Gen 9 Champions] VGC 2026 Reg M-A\n|rated|\n|rule|Species Clause: Limit one of each Pok\u00e9mon\n|rule|Item Clause: Limit 1 of each item\n|clearpoke\n|poke|p1|Blastoise, L50, M|\n|poke|p1|Pelipper, L50, F|\n|poke|p1|Sneasler, L50, M|\n|poke|p1|Sableye, L50, F|\n|poke|p1|Sinistcha, L50|\n|poke|p1|Archaludon, L50, F|\n|poke|p2|Gengar, L50, M|\n|poke|p2|Whimsicott, L50, M|\n|poke|p2|Incineroar, L50, M|\n|poke|p2|Sneasler, L50, F|\n|poke|p2|Rotom-Wash, L50|\n|poke|p2|Arcanine-Hisui, L50, F|\n|teampreview|4\n|inactive|Battle timer is ON: inactive players will automatically lose when time's up. (requested by MagnezoneSH)\n|inactive|ericaikok has 60 seconds left.\n|inactive|ericaikok has 30 seconds left.\n|inactive|ericaikok has 20 seconds left.\n|inactive|ericaikok has 15 seconds left.\n|inactive|ericaikok has 10 seconds left.\n|inactive|ericaikok has 5 seconds left.\n|\n|t:|1776365752\n|teamsize|p1|4\n|teamsize|p2|4\n|start\n|switch|p1a: Blastoise|Blastoise, L50, M, shiny|100/100\n|switch|p1b: bleh|Sneasler, L50, M|100/100\n|switch|p2a: Sneasler|Sneasler, L50, F|100/100\n|switch|p2b: Rotom|Rotom-Wash, L50|100/100\n|turn|1\n|\n|t:|1776365776\n|detailschange|p1a: Blastoise|Blastoise-Mega, L50, M, shiny\n|-mega|p1a: Blastoise|Blastoise|Blastoisinite\n|move|p1b: bleh|Fake Out|p2b: Rotom\n|-damage|p2b: Rotom|82/100\n|move|p2a: Sneasler|Fake Out|p1a: Blastoise\n|-damage|p1a: Blastoise|85/100\n|cant|p1a: Blastoise|flinch\n|cant|p2b: Rotom|flinch\n|\n|-heal|p2b: Rotom|87/100|[from] item: Leftovers\n|upkeep\n|turn|2\n|inactive|ericaikok has 30 seconds left.\n|inactive|ericaikok has 20 seconds left.\n|\n|t:|1776365816\n|switch|p2a: Whimsicott|Whimsicott, L50, M|100/100\n|switch|p1a: 3DIMPACT|Sinistcha, L50|100/100\n|move|p1b: bleh|Dire Claw|p2b: Rotom\n|-damage|p2b: Rotom|20/100\n|move|p2b: Rotom|Volt Switch|p1a: 3DIMPACT\n|-resisted|p1a: 3DIMPACT|1\n|-damage|p1a: 3DIMPACT|87/100\n|\n|t:|1776365831\n|switch|p2b: Gengar|Gengar, L50, M|100/100|[from] Volt Switch\n|\n|upkeep\n|turn|3\n|\n|t:|1776365848\n|switch|p2a: Sneasler|Sneasler, L50, F|100/100\n|detailschange|p2b: Gengar|Gengar-Mega, L50, M\n|-mega|p2b: Gengar|Gengar|Gengarite\n|move|p2b: Gengar|Shadow Ball|p1b: bleh\n|-damage|p1b: bleh|31/100\n|move|p1b: bleh|Dire Claw|p2a: Sneasler\n|-resisted|p2a: Sneasler|1\n|-damage|p2a: Sneasler|64/100\n|move|p1a: 3DIMPACT|Shadow Ball|p2b: Gengar\n|-supereffective|p2b: Gengar|1\n|-damage|p2b: Gengar|19/100\n|\n|upkeep\n|turn|4\n|inactive|MagnezoneSH has 30 seconds left.\n|inactive|ericaikok has 30 seconds left.\n|\n|t:|1776365878\n|move|p2a: Sneasler|Fake Out|p1b: bleh\n|-damage|p1b: bleh|6/100\n|move|p2b: Gengar|Disable|p1a: 3DIMPACT\n|-start|p1a: 3DIMPACT|Disable|Shadow Ball\n|cant|p1b: bleh|flinch\n|move|p1a: 3DIMPACT|Trick Room|p1a: 3DIMPACT\n|-fieldstart|move: Trick Room|[of] p1a: 3DIMPACT\n|\n|upkeep\n|turn|5\n|\n|t:|1776365899\n|switch|p2b: Whimsicott|Whimsicott, L50, M|100/100\n|move|p1a: 3DIMPACT|Matcha Gotcha|p2b: Whimsicott|[spread] p2a,p2b\n|-resisted|p2a: Sneasler|1\n|-resisted|p2b: Whimsicott|1\n|-damage|p2a: Sneasler|46/100\n|-heal|p1a: 3DIMPACT|95/100|[from] drain|[of] p2a: Sneasler\n|-damage|p2b: Whimsicott|86/100\n|-heal|p1a: 3DIMPACT|100/100|[from] drain|[of] p2b: Whimsicott\n|move|p2a: Sneasler|Dire Claw|p1b: bleh\n|-resisted|p1b: bleh|1\n|-damage|p1b: bleh|0 fnt\n|faint|p1b: bleh\n|\n|upkeep\n|\n|t:|1776365916\n|switch|p1b: GREMLIN|Sableye, L50, F|100/100\n|turn|6\n|\n|t:|1776365938\n|move|p2a: Sneasler|Protect|p2a: Sneasler\n|-singleturn|p2a: Sneasler|Protect\n|move|p1b: GREMLIN|Fake Out|p2a: Sneasler\n|-activate|p2a: Sneasler|move: Protect\n|move|p1a: 3DIMPACT|Matcha Gotcha|p2a: Sneasler|[spread] p2b\n|-activate|p2a: Sneasler|move: Protect\n|-resisted|p2b: Whimsicott|1\n|-damage|p2b: Whimsicott|69/100\n|move|p2b: Whimsicott|Moonblast|p1b: GREMLIN\n|-supereffective|p1b: GREMLIN|1\n|-enditem|p1b: GREMLIN|Roseli Berry|[eat]\n|-enditem|p1b: GREMLIN|Roseli Berry|[weaken]\n|-damage|p1b: GREMLIN|64/100\n|\n|upkeep\n|turn|7\n|\n|t:|1776365961\n|switch|p2a: Rotom|Rotom-Wash, L50|20/100\n|move|p1b: GREMLIN|Rain Dance|p1b: GREMLIN\n|-weather|RainDance\n|move|p1a: 3DIMPACT|Matcha Gotcha|p2a: Rotom|[spread] p2a,p2b\n|-supereffective|p2a: Rotom|1\n|-resisted|p2b: Whimsicott|1\n|-damage|p2a: Rotom|0 fnt\n|-damage|p2b: Whimsicott|53/100\n|faint|p2a: Rotom\n|move|p2b: Whimsicott|Moonblast|p1b: GREMLIN\n|-supereffective|p1b: GREMLIN|1\n|-crit|p1b: GREMLIN\n|-damage|p1b: GREMLIN|0 fnt\n|faint|p1b: GREMLIN\n|\n|-weather|RainDance|[upkeep]\n|-end|p1a: 3DIMPACT|Disable\n|upkeep\n|inactive|ericaikok has 30 seconds left.\n|\n|t:|1776365988\n|switch|p1b: Blastoise|Blastoise-Mega, L50, M, shiny|85/100\n|switch|p2a: Sneasler|Sneasler, L50, F|46/100\n|turn|8\n|\n|t:|1776366003\n|move|p2a: Sneasler|Fake Out|p1b: Blastoise\n|-damage|p1b: Blastoise|68/100\n|move|p1a: 3DIMPACT|Matcha Gotcha|p2a: Sneasler|[spread] p2a\n|-miss|p1a: 3DIMPACT|p2b: Whimsicott\n|-resisted|p2a: Sneasler|1\n|-damage|p2a: Sneasler|29/100\n|cant|p1b: Blastoise|flinch\n|move|p2b: Whimsicott|Moonblast|p1b: Blastoise\n|-damage|p1b: Blastoise|42/100\n|\n|-weather|RainDance|[upkeep]\n|-fieldend|move: Trick Room\n|upkeep\n|turn|9\n|inactive|MagnezoneSH has 30 seconds left.\n|\n|t:|1776366033\n|move|p2a: Sneasler|Close Combat|p1b: Blastoise\n|-damage|p1b: Blastoise|0 fnt\n|-unboost|p2a: Sneasler|def|1\n|-unboost|p2a: Sneasler|spd|1\n|faint|p1b: Blastoise\n|-enditem|p2a: Sneasler|White Herb\n|-clearnegativeboost|p2a: Sneasler|[silent]\n|move|p2b: Whimsicott|Moonblast|p1a: 3DIMPACT\n|-damage|p1a: 3DIMPACT|74/100\n|move|p1a: 3DIMPACT|Life Dew|p1a: 3DIMPACT\n|-heal|p1a: 3DIMPACT|99/100\n|\n|-weather|RainDance|[upkeep]\n|upkeep\n|turn|10\n|\n|t:|1776366048\n|move|p2a: Sneasler|Dire Claw|p1a: 3DIMPACT\n|-damage|p1a: 3DIMPACT|60/100\n|-status|p1a: 3DIMPACT|par\n|move|p2b: Whimsicott|Moonblast|p1a: 3DIMPACT\n|-damage|p1a: 3DIMPACT|34/100 par\n|-enditem|p1a: 3DIMPACT|Sitrus Berry|[eat]\n|-heal|p1a: 3DIMPACT|59/100 par|[from] item: Sitrus Berry\n|move|p1a: 3DIMPACT|Shadow Ball|p2a: Sneasler\n|-damage|p2a: Sneasler|0 fnt\n|faint|p2a: Sneasler\n|\n|-weather|RainDance|[upkeep]\n|upkeep\n|\n|t:|1776366059\n|switch|p2a: Gengar|Gengar-Mega, L50, M|19/100\n|turn|11\n|\n|t:|1776366068\n|move|p2b: Whimsicott|Encore|p1a: 3DIMPACT\n|-start|p1a: 3DIMPACT|Encore\n|move|p2a: Gengar|Disable|p1a: 3DIMPACT\n|-start|p1a: 3DIMPACT|Disable|Shadow Ball\n|cant|p1a: 3DIMPACT|Disable|Shadow Ball\n|\n|-weather|none\n|upkeep\n|turn|12\n|\n|t:|1776366078\n|move|p2a: Gengar|Shadow Ball|p1a: 3DIMPACT\n|-supereffective|p1a: 3DIMPACT|1\n|-damage|p1a: 3DIMPACT|0 fnt\n|faint|p1a: 3DIMPACT\n|\n|win|ericaikok\n|raw|MagnezoneSH's rating: 1112 &rarr; <strong>1094</strong><br />(-18 for losing)\n|raw|ericaikok's rating: 1210 &rarr; <strong>1228</strong><br />(+18 for winning)\n|l|\u2606MagnezoneSH\n|player|p1|\n",
  "uploadtime": 1776366146,
  "views": 14,
  "formatid": "gen9championsvgc2026regma",
  "rating": 1094,
  "private": 0,
  "password": null
}