{
  "id": "gen9championsvgc2026regma-2585622999",
  "format": "[Gen 9 Champions] VGC 2026 Reg M-A",
  "players": [
    "arthur.ayms",
    "Kono Dio Da XD"
  ],
  "log": "|j|\u2606arthur.ayms\n|j|\u2606Kono Dio Da XD\n|t:|1776359532\n|gametype|doubles\n|player|p1|arthur.ayms|2|1275\n|player|p2|Kono Dio Da XD|1|1290\n|gen|9\n|tier|[Gen 9 Champions] VGC 2026 Reg M-A\n|rated|\n|rule|Species Clause: Limit one of each Pok\u00e9mon\n|rule|Item Clause: Limit 1 of each item\n|clearpoke\n|poke|p1|Farigiraf, L50, M|\n|poke|p1|Incineroar, L50, F|\n|poke|p1|Torkoal, L50, F|\n|poke|p1|Sinistcha-Masterpiece, L50|\n|poke|p1|Empoleon, L50, M|\n|poke|p1|Crabominable, L50, F|\n|poke|p2|Incineroar, L50, F|\n|poke|p2|Milotic, L50, M|\n|poke|p2|Aegislash, L50, F|\n|poke|p2|Floette-Eternal, L50, F|\n|poke|p2|Klefki, L50, M|\n|poke|p2|Scovillain, L50, F|\n|teampreview|4\n|inactive|Battle timer is ON: inactive players will automatically lose when time's up. (requested by arthur.ayms)\n|inactive|arthur.ayms has 60 seconds left.\n|\n|t:|1776359582\n|teamsize|p1|4\n|teamsize|p2|4\n|start\n|switch|p1a: Farigiraf|Farigiraf, L50, M|100/100\n|switch|p1b: Empoleon|Empoleon, L50, M|100/100\n|switch|p2a: Scovillain|Scovillain, L50, F|100/100\n|switch|p2b: Klefki|Klefki, L50, M|100/100\n|turn|1\n|inactive|arthur.ayms has 30 seconds left.\n|\n|t:|1776359612\n|move|p2b: Klefki|Reflect|p2b: Klefki\n|-sidestart|p2: Kono Dio Da XD|Reflect\n|move|p2a: Scovillain|Substitute|p2a: Scovillain\n|-start|p2a: Scovillain|Substitute\n|-damage|p2a: Scovillain|75/100\n|move|p1b: Empoleon|Hydro Pump|p2a: Scovillain\n|-end|p2a: Scovillain|Substitute\n|move|p1a: Farigiraf|Trick Room|p1a: Farigiraf\n|-fieldstart|move: Trick Room|[of] p1a: Farigiraf\n|\n|upkeep\n|turn|2\n|inactive|Kono Dio Da XD has 30 seconds left.\n|\n|t:|1776359644\n|switch|p1b: Torkoal|Torkoal, L50, F|100/100\n|-weather|SunnyDay|[from] ability: Drought|[of] p1b: Torkoal\n|switch|p2a: Milotic|Milotic, L50, M|100/100\n|move|p2b: Klefki|Light Screen|p2b: Klefki\n|-sidestart|p2: Kono Dio Da XD|move: Light Screen\n|move|p1a: Farigiraf|Psychic Fangs|p2a: Milotic\n|-sideend|p2: Kono Dio Da XD|Reflect\n|-sideend|p2: Kono Dio Da XD|move: Light Screen\n|-damage|p2a: Milotic|74/100\n|\n|-weather|SunnyDay|[upkeep]\n|-heal|p2a: Milotic|80/100|[from] item: Leftovers\n|upkeep\n|turn|3\n|\n|t:|1776359669\n|move|p1a: Farigiraf|Helping Hand|p1b: Torkoal\n|-singleturn|p1b: Torkoal|Helping Hand|[of] p1a: Farigiraf\n|move|p1b: Torkoal|Solar Beam||[still]\n|-prepare|p1b: Torkoal|Solar Beam\n|-anim|p1b: Torkoal|Solar Beam|p2a: Milotic\n|-supereffective|p2a: Milotic|1\n|-damage|p2a: Milotic|4/100\n|move|p2a: Milotic|Scald|p1b: Torkoal\n|-supereffective|p1b: Torkoal|1\n|-damage|p1b: Torkoal|53/100\n|move|p2b: Klefki|Trick Room|p2b: Klefki\n|-fieldend|move: Trick Room\n|\n|-weather|SunnyDay|[upkeep]\n|-heal|p2a: Milotic|10/100|[from] item: Leftovers\n|upkeep\n|turn|4\n|inactive|arthur.ayms has 30 seconds left.\n|inactive|Kono Dio Da XD has 30 seconds left.\n|\n|t:|1776359698\n|switch|p1b: Empoleon|Empoleon, L50, M|100/100\n|move|p2b: Klefki|Light Screen|p2b: Klefki\n|-sidestart|p2: Kono Dio Da XD|move: Light Screen\n|move|p2a: Milotic|Scald|p1b: Empoleon\n|-resisted|p1b: Empoleon|1\n|-damage|p1b: Empoleon|92/100\n|move|p1a: Farigiraf|Psychic Fangs|p2a: Milotic\n|-sideend|p2: Kono Dio Da XD|move: Light Screen\n|-damage|p2a: Milotic|0 fnt\n|faint|p2a: Milotic\n|\n|-weather|SunnyDay|[upkeep]\n|upkeep\n|\n|t:|1776359710\n|switch|p2a: Aegislash|Aegislash, L50, F|100/100\n|turn|5\n|inactive|arthur.ayms has 30 seconds left.\n|inactive|arthur.ayms has 20 seconds left.\n|\n|t:|1776359747\n|move|p2b: Klefki|Flash Cannon|p1a: Farigiraf\n|-damage|p1a: Farigiraf|82/100\n|move|p1b: Empoleon|Flash Cannon|p2a: Aegislash\n|-resisted|p2a: Aegislash|1\n|-damage|p2a: Aegislash|84/100\n|-formechange|p2a: Aegislash|Aegislash-Blade|\n|move|p2a: Aegislash|Sacred Sword|p1b: Empoleon\n|-supereffective|p1b: Empoleon|1\n|-damage|p1b: Empoleon|17/100\n|move|p1a: Farigiraf|Trick Room|p1a: Farigiraf\n|-fieldstart|move: Trick Room|[of] p1a: Farigiraf\n|\n|-weather|SunnyDay|[upkeep]\n|upkeep\n|turn|6\n|\n|t:|1776359767\n|switch|p1b: Sinistcha|Sinistcha-Masterpiece, L50|100/100\n|-heal|p1a: Farigiraf|100/100|[from] ability: Hospitality|[of] p1b: Sinistcha\n|-formechange|p2a: Aegislash|Aegislash|\n|move|p2a: Aegislash|King's Shield|p2a: Aegislash\n|-singleturn|p2a: Aegislash|Protect\n|move|p1a: Farigiraf|Imprison|p1a: Farigiraf\n|-start|p1a: Farigiraf|move: Imprison\n|cant|p2b: Klefki|move: Imprison|Trick Room\n|\n|-weather|none\n|upkeep\n|turn|7\n|inactive|arthur.ayms has 30 seconds left.\n|inactive|Kono Dio Da XD has 30 seconds left.\n|\n|t:|1776359799\n|switch|p1a: Torkoal|Torkoal, L50, F|53/100\n|-weather|SunnyDay|[from] ability: Drought|[of] p1a: Torkoal\n|switch|p2a: Scovillain|Scovillain, L50, F|75/100\n|move|p1b: Sinistcha|Life Dew||[still]|[spread] p1a,p1b\n|-heal|p1a: Torkoal|78/100\n|-fail|p1b: Sinistcha|heal\n|move|p2b: Klefki|Flash Cannon|p1b: Sinistcha\n|-damage|p1b: Sinistcha|78/100\n|\n|-weather|SunnyDay|[upkeep]\n|upkeep\n|turn|8\n|inactive|arthur.ayms has 30 seconds left.\n|\n|t:|1776359826\n|detailschange|p2a: Scovillain|Scovillain-Mega, L50, F\n|-mega|p2a: Scovillain|Scovillain|Scovillainite\n|move|p2b: Klefki|Light Screen|p2b: Klefki\n|-sidestart|p2: Kono Dio Da XD|move: Light Screen\n|move|p1a: Torkoal|Eruption|p2b: Klefki|[spread] p2a,p2b\n|-supereffective|p2b: Klefki|1\n|-damage|p2a: Scovillain|37/100\n|-damage|p2b: Klefki|10/100\n|-immune|p1a: Torkoal\n|move|p1b: Sinistcha|Life Dew|p1b: Sinistcha|[spread] p1a,p1b\n|-heal|p1a: Torkoal|100/100\n|-heal|p1b: Sinistcha|100/100\n|move|p2a: Scovillain|Leech Seed|p1a: Torkoal\n|-start|p1a: Torkoal|move: Leech Seed\n|\n|-weather|SunnyDay|[upkeep]\n|-damage|p1a: Torkoal|88/100|[from] Leech Seed|[of] p2a: Scovillain\n|-heal|p2a: Scovillain|49/100|[silent]\n|upkeep\n|turn|9\n|inactive|arthur.ayms has 30 seconds left.\n|\n|t:|1776359851\n|switch|p1b: Farigiraf|Farigiraf, L50, M|100/100\n|move|p2a: Scovillain|Protect|p2a: Scovillain\n|-singleturn|p2a: Scovillain|Protect\n|move|p2b: Klefki|Reflect|p2b: Klefki\n|-sidestart|p2: Kono Dio Da XD|Reflect\n|move|p1a: Torkoal|Eruption|p2a: Scovillain|[spread] p2b\n|-activate|p2a: Scovillain|move: Protect\n|-supereffective|p2b: Klefki|1\n|-damage|p2b: Klefki|0 fnt\n|faint|p2b: Klefki\n|\n|-weather|SunnyDay|[upkeep]\n|-damage|p1a: Torkoal|76/100|[from] Leech Seed|[of] p2a: Scovillain\n|-heal|p2a: Scovillain|62/100|[silent]\n|-fieldend|move: Trick Room\n|upkeep\n|\n|t:|1776359863\n|switch|p2b: Aegislash|Aegislash, L50, F|84/100\n|turn|10\n|\n|t:|1776359879\n|switch|p1a: Empoleon|Empoleon, L50, M|17/100\n|move|p2a: Scovillain|Substitute|p2a: Scovillain\n|-start|p2a: Scovillain|Substitute\n|-damage|p2a: Scovillain|37/100\n|-formechange|p2b: Aegislash|Aegislash-Blade|\n|move|p2b: Aegislash|Sacred Sword|p1a: Empoleon\n|-supereffective|p1a: Empoleon|1\n|-damage|p1a: Empoleon|0 fnt\n|faint|p1a: Empoleon\n|move|p1b: Farigiraf|Trick Room|p1b: Farigiraf\n|-fieldstart|move: Trick Room|[of] p1b: Farigiraf\n|\n|-weather|SunnyDay|[upkeep]\n|upkeep\n|\n|t:|1776359888\n|switch|p1a: Torkoal|Torkoal, L50, F|76/100\n|turn|11\n|\n|t:|1776359909\n|-formechange|p2b: Aegislash|Aegislash|\n|move|p2b: Aegislash|King's Shield|p2b: Aegislash\n|-singleturn|p2b: Aegislash|Protect\n|move|p1a: Torkoal|Eruption|p2a: Scovillain|[spread] p2a\n|-activate|p2b: Aegislash|move: Protect\n|-end|p2a: Scovillain|Substitute\n|move|p1b: Farigiraf|Psychic Fangs|p2a: Scovillain\n|-sideend|p2: Kono Dio Da XD|Reflect\n|-sideend|p2: Kono Dio Da XD|move: Light Screen\n|-damage|p2a: Scovillain|7/100\n|-status|p1b: Farigiraf|brn|[from] ability: Spicy Spray|[of] p2a: Scovillain\n|move|p2a: Scovillain|Leech Seed|p1a: Torkoal\n|-start|p1a: Torkoal|move: Leech Seed\n|\n|-weather|none\n|-damage|p1a: Torkoal|63/100|[from] Leech Seed|[of] p2a: Scovillain\n|-heal|p2a: Scovillain|20/100|[silent]\n|-damage|p1b: Farigiraf|94/100 brn|[from] brn\n|upkeep\n|turn|12\n|inactive|arthur.ayms has 30 seconds left.\n|\n|t:|1776359940\n|switch|p1b: Sinistcha|Sinistcha-Masterpiece, L50|100/100\n|-heal|p1a: Torkoal|88/100|[from] ability: Hospitality|[of] p1b: Sinistcha\n|move|p2a: Scovillain|Protect|p2a: Scovillain\n|-singleturn|p2a: Scovillain|Protect\n|move|p1a: Torkoal|Eruption|p2b: Aegislash|[spread] p2b\n|-activate|p2a: Scovillain|move: Protect\n|-supereffective|p2b: Aegislash|1\n|-damage|p2b: Aegislash|5/100\n|-formechange|p2b: Aegislash|Aegislash-Blade|\n|move|p2b: Aegislash|Sacred Sword|p1a: Torkoal\n|-damage|p1a: Torkoal|62/100\n|\n|-damage|p1a: Torkoal|50/100|[from] Leech Seed|[of] p2a: Scovillain\n|-heal|p2a: Scovillain|33/100|[silent]\n|upkeep\n|turn|13\n|inactive|arthur.ayms has 30 seconds left.\n|\n|t:|1776359971\n|-formechange|p2b: Aegislash|Aegislash|\n|move|p2b: Aegislash|King's Shield|p2b: Aegislash\n|-singleturn|p2b: Aegislash|Protect\n|move|p1a: Torkoal|Eruption|p2b: Aegislash|[spread] p2a\n|-activate|p2b: Aegislash|move: Protect\n|-damage|p2a: Scovillain|6/100\n|-immune|p1a: Torkoal\n|move|p1b: Sinistcha|Matcha Gotcha|p2b: Aegislash|[spread] p2a\n|-activate|p2b: Aegislash|move: Protect\n|-resisted|p2a: Scovillain|2\n|-damage|p2a: Scovillain|1/100\n|-status|p1b: Sinistcha|brn|[from] ability: Spicy Spray|[of] p2a: Scovillain\n|move|p2a: Scovillain|Substitute|p2a: Scovillain\n|-fail|p2a: Scovillain|move: Substitute|[weak]\n|\n|-damage|p1a: Torkoal|37/100|[from] Leech Seed|[of] p2a: Scovillain\n|-heal|p2a: Scovillain|14/100|[silent]\n|-damage|p1b: Sinistcha|94/100 brn|[from] brn\n|upkeep\n|turn|14\n|inactive|arthur.ayms has 30 seconds left.\n|\n|t:|1776360001\n|move|p2b: Aegislash|King's Shield|p2b: Aegislash\n|-singleturn|p2b: Aegislash|Protect\n|move|p2a: Scovillain|Protect|p2a: Scovillain\n|-singleturn|p2a: Scovillain|Protect\n|move|p1a: Torkoal|Eruption|p2b: Aegislash|[spread] \n|-activate|p2a: Scovillain|move: Protect\n|-activate|p2b: Aegislash|move: Protect\n|move|p1b: Sinistcha|Matcha Gotcha|p2a: Scovillain|[spread] \n|-activate|p2a: Scovillain|move: Protect\n|-activate|p2b: Aegislash|move: Protect\n|\n|-damage|p1a: Torkoal|25/100|[from] Leech Seed|[of] p2a: Scovillain\n|-heal|p2a: Scovillain|27/100|[silent]\n|-damage|p1b: Sinistcha|88/100 brn|[from] brn\n|-fieldend|move: Trick Room\n|upkeep\n|turn|15\n|\n|t:|1776360024\n|switch|p1a: Farigiraf|Farigiraf, L50, M|94/100 brn\n|move|p2a: Scovillain|Burning Jealousy|p1b: Sinistcha|[spread] p1a,p1b\n|-supereffective|p1b: Sinistcha|1\n|-enditem|p1b: Sinistcha|Occa Berry|[eat]\n|-enditem|p1b: Sinistcha|Occa Berry|[weaken]\n|-damage|p1a: Farigiraf|74/100 brn\n|-damage|p1b: Sinistcha|66/100 brn\n|-formechange|p2b: Aegislash|Aegislash-Blade|\n|move|p2b: Aegislash|Sacred Sword|p1a: Farigiraf\n|-damage|p1a: Farigiraf|44/100 brn\n|move|p1b: Sinistcha|Trick Room|p1b: Sinistcha\n|-fieldstart|move: Trick Room|[of] p1b: Sinistcha\n|\n|-damage|p1a: Farigiraf|38/100 brn|[from] brn\n|-damage|p1b: Sinistcha|59/100 brn|[from] brn\n|upkeep\n|turn|16\n|inactive|arthur.ayms has 30 seconds left.\n|\n|t:|1776360051\n|-formechange|p2b: Aegislash|Aegislash|\n|move|p2b: Aegislash|King's Shield|p2b: Aegislash\n|-singleturn|p2b: Aegislash|Protect\n|move|p1a: Farigiraf|Psychic Fangs|p2a: Scovillain\n|-damage|p2a: Scovillain|14/100\n|move|p1b: Sinistcha|Life Dew|p1b: Sinistcha|[spread] p1a,p1b\n|-heal|p1a: Farigiraf|63/100 brn\n|-heal|p1b: Sinistcha|85/100 brn\n|move|p2a: Scovillain|Leech Seed|p1a: Farigiraf\n|-start|p1a: Farigiraf|move: Leech Seed\n|\n|-damage|p1a: Farigiraf|51/100 brn|[from] Leech Seed|[of] p2a: Scovillain\n|-heal|p2a: Scovillain|31/100|[silent]\n|-damage|p1a: Farigiraf|44/100 brn|[from] brn\n|-damage|p1b: Sinistcha|79/100 brn|[from] brn\n|upkeep\n|turn|17\n|\n|t:|1776360073\n|move|p2a: Scovillain|Protect|p2a: Scovillain\n|-singleturn|p2a: Scovillain|Protect\n|move|p1a: Farigiraf|Psychic Fangs|p2b: Aegislash\n|-resisted|p2b: Aegislash|1\n|-damage|p2b: Aegislash|0 fnt\n|faint|p2b: Aegislash\n|move|p1b: Sinistcha|Matcha Gotcha|p2a: Scovillain\n|-activate|p2a: Scovillain|move: Protect\n|\n|-damage|p1a: Farigiraf|32/100 brn|[from] Leech Seed|[of] p2a: Scovillain\n|-heal|p2a: Scovillain|47/100|[silent]\n|-damage|p1a: Farigiraf|26/100 brn|[from] brn\n|-damage|p1b: Sinistcha|72/100 brn|[from] brn\n|upkeep\n|turn|18\n|inactive|arthur.ayms has 30 seconds left.\n|\n|t:|1776360088\n|switch|p1a: Torkoal|Torkoal, L50, F|25/100\n|-weather|SunnyDay|[from] ability: Drought|[of] p1a: Torkoal\n|move|p1b: Sinistcha|Life Dew|p1b: Sinistcha|[spread] p1a,p1b\n|-heal|p1a: Torkoal|50/100\n|-heal|p1b: Sinistcha|98/100 brn\n|move|p2a: Scovillain|Substitute|p2a: Scovillain\n|-start|p2a: Scovillain|Substitute\n|-damage|p2a: Scovillain|22/100\n|\n|-weather|SunnyDay|[upkeep]\n|-damage|p1b: Sinistcha|92/100 brn|[from] brn\n|upkeep\n|turn|19\n|inactive|arthur.ayms has 25 seconds left this turn.\n|inactive|arthur.ayms has 20 seconds left.\n|inactive|arthur.ayms has 15 seconds left.\n|inactive|arthur.ayms has 10 seconds left.\n|\n|t:|1776360106\n|move|p1a: Torkoal|Eruption|p2a: Scovillain\n|-end|p2a: Scovillain|Substitute\n|move|p1b: Sinistcha|Life Dew|p1b: Sinistcha|[spread] p1a,p1b\n|-heal|p1a: Torkoal|75/100\n|-heal|p1b: Sinistcha|100/100 brn\n|move|p2a: Scovillain|Leech Seed|p1a: Torkoal\n|-start|p1a: Torkoal|move: Leech Seed\n|\n|-weather|SunnyDay|[upkeep]\n|-damage|p1a: Torkoal|62/100|[from] Leech Seed|[of] p2a: Scovillain\n|-heal|p2a: Scovillain|35/100|[silent]\n|-damage|p1b: Sinistcha|94/100 brn|[from] brn\n|-fieldend|move: Trick Room\n|upkeep\n|turn|20\n|inactive|arthur.ayms has 10 seconds left this turn.\n|inactiveoff|Battle timer is now OFF.\n|\n|t:|1776360128\n|move|p2a: Scovillain|Burning Jealousy|p1b: Sinistcha|[spread] p1a,p1b\n|-resisted|p1a: Torkoal|1\n|-supereffective|p1b: Sinistcha|1\n|-damage|p1a: Torkoal|37/100\n|-damage|p1b: Sinistcha|30/100 brn\n|move|p1a: Torkoal|Eruption|p2a: Scovillain\n|-damage|p2a: Scovillain|0 fnt\n|-immune|p1a: Torkoal\n|faint|p2a: Scovillain\n|\n|win|arthur.ayms\n|raw|arthur.ayms's rating: 1275 &rarr; <strong>1301</strong><br />(+26 for winning)\n|raw|Kono Dio Da XD's rating: 1290 &rarr; <strong>1264</strong><br />(-26 for losing)\n",
  "uploadtime": 1776360139,
  "views": 44,
  "formatid": "gen9championsvgc2026regma",
  "rating": 1264,
  "private": 0,
  "password": null
}