{
  "id": "gen9championsvgc2026regma-2580537496",
  "format": "[Gen 9 Champions] VGC 2026 Reg M-A",
  "players": [
    "crepitans",
    "471 Scyther"
  ],
  "log": "|j|\u2606crepitans\n|j|\u2606471 Scyther\n|t:|1775910284\n|gametype|doubles\n|player|p1|crepitans|aetherfoundation2|1079\n|player|p2|471 Scyther|101|1052\n|gen|9\n|tier|[Gen 9 Champions] VGC 2026 Reg M-A\n|rated|\n|rule|Species Clause: Limit one of each Pok\u00e9mon\n|rule|Item Clause: Limit 1 of each item\n|clearpoke\n|poke|p1|Tyranitar, L50, F|\n|poke|p1|Excadrill, L50, M|\n|poke|p1|Corviknight, L50, F|\n|poke|p1|Garchomp, L50, F|\n|poke|p1|Incineroar, L50, M|\n|poke|p1|Sinistcha, L50|\n|poke|p2|Gengar, L50, F|\n|poke|p2|Sableye, L50, F|\n|poke|p2|Maushold-Four, L50|\n|poke|p2|Talonflame, L50, F|\n|poke|p2|Incineroar, L50, F|\n|poke|p2|Garchomp, L50, F|\n|teampreview|4\n|inactive|Battle timer is ON: inactive players will automatically lose when time's up. (requested by crepitans)\n|\n|t:|1775910320\n|teamsize|p1|4\n|teamsize|p2|4\n|start\n|switch|p1a: pocket sands|Tyranitar, L50, F|100/100\n|switch|p1b: pocket sands 2|Excadrill, L50, M|100/100\n|switch|p2a: Talonflame|Talonflame, L50, F|100/100\n|switch|p2b: Garchomp|Garchomp, L50, F|100/100\n|-weather|Sandstorm|[from] ability: Sand Stream|[of] p1a: pocket sands\n|turn|1\n|\n|t:|1775910332\n|move|p2a: Talonflame|Tailwind|p2a: Talonflame\n|-sidestart|p2: 471 Scyther|move: Tailwind\n|move|p2b: Garchomp|Earthquake|p1b: pocket sands 2|[spread] p1a,p1b\n|-immune|p2a: Talonflame\n|-supereffective|p1a: pocket sands|1\n|-supereffective|p1b: pocket sands 2|1\n|-damage|p1a: pocket sands|2/100\n|-enditem|p1b: pocket sands 2|Focus Sash\n|-damage|p1b: pocket sands 2|1/100\n|move|p1b: pocket sands 2|Rock Slide|p2b: Garchomp|[spread] p2a,p2b\n|-supereffective|p2a: Talonflame|2\n|-resisted|p2b: Garchomp|1\n|-damage|p2a: Talonflame|0 fnt\n|-damage|p2b: Garchomp|88/100\n|faint|p2a: Talonflame\n|move|p1a: pocket sands|Rock Slide|p2b: Garchomp|[miss]\n|-miss|p1a: pocket sands|p2b: Garchomp\n|\n|-weather|Sandstorm|[upkeep]\n|upkeep\n|c|\u2606crepitans|in my defence\n|c|\u2606crepitans|it would've been real funny\n|inactive|471 Scyther has 30 seconds left.\n|\n|t:|1775910360\n|switch|p2a: Gengar|Gengar, L50, F, shiny|100/100\n|turn|2\n|\n|t:|1775910367\n|switch|p1b: Garchomp|Garchomp, L50, F|100/100\n|switch|p1a: Corviknight|Corviknight, L50, F|100/100\n|detailschange|p2a: Gengar|Gengar-Mega, L50, F, shiny\n|-mega|p2a: Gengar|Gengar|Gengarite\n|move|p2a: Gengar|Protect|p2a: Gengar\n|-singleturn|p2a: Gengar|Protect\n|move|p2b: Garchomp|Earthquake|p1a: Corviknight|[spread] \n|-activate|p2a: Gengar|move: Protect\n|-immune|p1a: Corviknight\n|-miss|p2b: Garchomp|p1b: Garchomp\n|\n|-weather|Sandstorm|[upkeep]\n|-damage|p2a: Gengar|95/100|[from] Sandstorm\n|upkeep\n|turn|3\n|inactive|471 Scyther has 30 seconds left.\n|inactive|471 Scyther has 20 seconds left.\n|inactive|471 Scyther has 15 seconds left.\n|\n|t:|1775910408\n|switch|p2a: Incineroar|Incineroar, L50, F|100/100\n|-ability|p2a: Incineroar|Intimidate|boost\n|-ability|p1a: Corviknight|Mirror Armor\n|-unboost|p2a: Incineroar|atk|1\n|-unboost|p1b: Garchomp|atk|1\n|move|p2b: Garchomp|Rock Slide|p1a: Corviknight|[spread] p1a\n|-miss|p2b: Garchomp|p1b: Garchomp\n|-crit|p1a: Corviknight\n|-damage|p1a: Corviknight|80/100\n|move|p1b: Garchomp|Earthquake|p2a: Incineroar|[spread] p2a,p2b\n|-immune|p1a: Corviknight\n|-supereffective|p2a: Incineroar|1\n|-damage|p2a: Incineroar|60/100\n|-damage|p2b: Garchomp|67/100\n|cant|p1a: Corviknight|flinch\n|\n|-weather|Sandstorm|[upkeep]\n|-damage|p2a: Incineroar|54/100|[from] Sandstorm\n|upkeep\n|turn|4\n|inactive|471 Scyther has 30 seconds left.\n|\n|t:|1775910442\n|move|p2b: Garchomp|Rock Slide|p1a: Corviknight|[spread] p1a\n|-miss|p2b: Garchomp|p1b: Garchomp\n|-damage|p1a: Corviknight|68/100\n|move|p2a: Incineroar|Flare Blitz|p1a: Corviknight\n|-supereffective|p1a: Corviknight|1\n|-damage|p1a: Corviknight|24/100\n|-enditem|p1a: Corviknight|Sitrus Berry|[eat]\n|-heal|p1a: Corviknight|49/100|[from] item: Sitrus Berry\n|-damage|p2a: Incineroar|39/100|[from] Recoil\n|-enditem|p2a: Incineroar|Sitrus Berry|[eat]\n|-heal|p2a: Incineroar|64/100|[from] item: Sitrus Berry\n|move|p1b: Garchomp|Outrage|p2b: Garchomp\n|-supereffective|p2b: Garchomp|1\n|-damage|p2b: Garchomp|0 fnt\n|-damage|p1b: Garchomp|88/100|[from] ability: Rough Skin|[of] p2b: Garchomp\n|faint|p2b: Garchomp\n|move|p1a: Corviknight|Tailwind|p1a: Corviknight\n|-sidestart|p1: crepitans|move: Tailwind\n|\n|-weather|Sandstorm|[upkeep]\n|-damage|p2a: Incineroar|58/100|[from] Sandstorm\n|-sideend|p2: 471 Scyther|move: Tailwind\n|upkeep\n|\n|t:|1775910461\n|switch|p2b: Gengar|Gengar-Mega, L50, F, shiny|95/100\n|turn|5\n|\n|t:|1775910480\n|move|p1b: Garchomp|Outrage|p2a: Incineroar|[from] lockedmove\n|-damage|p2a: Incineroar|23/100\n|move|p2b: Gengar|Shadow Ball|p1b: Garchomp|[miss]\n|-miss|p2b: Gengar|p1b: Garchomp\n|move|p1a: Corviknight|Light Screen|p1a: Corviknight\n|-sidestart|p1: crepitans|move: Light Screen\n|move|p2a: Incineroar|Flare Blitz|p1a: Corviknight\n|-supereffective|p1a: Corviknight|1\n|-damage|p1a: Corviknight|7/100\n|-damage|p2a: Incineroar|9/100|[from] Recoil\n|\n|-weather|none\n|upkeep\n|turn|6\n|\n|t:|1775910502\n|move|p1b: Garchomp|Outrage|p2b: Gengar|[from] lockedmove\n|-damage|p2b: Gengar|35/100\n|-start|p1b: Garchomp|confusion|[fatigue]\n|move|p2b: Gengar|Shadow Ball|p1b: Garchomp|[miss]\n|-miss|p2b: Gengar|p1b: Garchomp\n|move|p1a: Corviknight|U-turn|p2a: Incineroar\n|-damage|p2a: Incineroar|0 fnt\n|faint|p2a: Incineroar\n|\n|t:|1775910511\n|switch|p1a: pocket sands|Tyranitar, L50, F|2/100|[from] U-turn\n|-weather|Sandstorm|[from] ability: Sand Stream|[of] p1a: pocket sands\n|\n|-weather|Sandstorm|[upkeep]\n|-damage|p2b: Gengar|29/100|[from] Sandstorm\n|upkeep\n|turn|7\n|\n|t:|1775910529\n|move|p2b: Gengar|Protect|p2b: Gengar\n|-singleturn|p2b: Gengar|Protect\n|move|p1a: pocket sands|Rock Slide|p2b: Gengar\n|-activate|p2b: Gengar|move: Protect\n|-activate|p1b: Garchomp|confusion\n|move|p1b: Garchomp|Rock Slide|p2b: Gengar\n|-activate|p2b: Gengar|move: Protect\n|\n|-weather|Sandstorm|[upkeep]\n|-damage|p2b: Gengar|23/100|[from] Sandstorm\n|-sideend|p1: crepitans|move: Tailwind\n|upkeep\n|turn|8\n|\n|t:|1775910543\n|move|p2b: Gengar|Shadow Ball|p1a: pocket sands\n|-resisted|p1a: pocket sands|1\n|-damage|p1a: pocket sands|0 fnt\n|faint|p1a: pocket sands\n|-activate|p1b: Garchomp|confusion\n|move|p1b: Garchomp|Rock Slide|p2b: Gengar|[miss]\n|-miss|p1b: Garchomp|p2b: Gengar\n|\n|-weather|Sandstorm|[upkeep]\n|-damage|p2b: Gengar|17/100|[from] Sandstorm\n|upkeep\n|\n|t:|1775910547\n|switch|p1a: pocket sands 2|Excadrill, L50, M|1/100\n|turn|9\n|\n|t:|1775910554\n|-end|p1b: Garchomp|confusion\n|move|p1b: Garchomp|Protect|p1b: Garchomp\n|-singleturn|p1b: Garchomp|Protect\n|move|p1a: pocket sands 2|Earthquake|p2b: Gengar|[spread] p2b\n|-activate|p1b: Garchomp|move: Protect\n|-supereffective|p2b: Gengar|1\n|-damage|p2b: Gengar|0 fnt\n|faint|p2b: Gengar\n|\n|win|crepitans\n|raw|crepitans's rating: 1079 &rarr; <strong>1105</strong><br />(+26 for winning)\n|raw|471 Scyther's rating: 1052 &rarr; <strong>1036</strong><br />(-16 for losing)\n|c|\u2606crepitans|my bad\n|c|\u2606471 Scyther|gg\n|c|\u2606471 Scyther|your garchomp is a dancer\n|l|\u2606471 Scyther\n|player|p2|\n|l|\u2606crepitans\n|player|p1|\n|j|\u2606crepitans\n|player|p1|crepitans|aetherfoundation2|\n|l|\u2606crepitans\n|player|p1|\n|j|\u2606crepitans\n|player|p1|crepitans|aetherfoundation2|\n",
  "uploadtime": 1775910755,
  "views": 17,
  "formatid": "gen9championsvgc2026regma",
  "rating": 1036,
  "private": 0,
  "password": null
}