{
  "id": "gen9championsvgc2026regma-2581045898",
  "format": "[Gen 9 Champions] VGC 2026 Reg M-A",
  "players": [
    "Michael YunGOOBian",
    "Fscizor"
  ],
  "log": "|j|\u2606Michael YunGOOBian\n|j|\u2606Fscizor\n|t:|1775954768\n|gametype|doubles\n|player|p1|Michael YunGOOBian|benga|1150\n|player|p2|Fscizor|2|1199\n|gen|9\n|tier|[Gen 9 Champions] VGC 2026 Reg M-A\n|rated|\n|rule|Species Clause: Limit one of each Pok\u00e9mon\n|rule|Item Clause: Limit 1 of each item\n|clearpoke\n|poke|p1|Feraligatr, L50, M|\n|poke|p1|Sneasler, L50, M|\n|poke|p1|Incineroar, L50, M|\n|poke|p1|Sinistcha-Masterpiece, L50|\n|poke|p1|Kingambit, L50, M|\n|poke|p1|Ninetales-Alola, L50, M|\n|poke|p2|Scizor, L50, M|\n|poke|p2|Hydreigon, L50, F|\n|poke|p2|Tyranitar, L50, M|\n|poke|p2|Tauros-Paldea-Aqua, L50, M|\n|poke|p2|Corviknight, L50, M|\n|poke|p2|Milotic, L50, M|\n|teampreview|4\n|inactive|Battle timer is ON: inactive players will automatically lose when time's up. (requested by Fscizor)\n|\n|t:|1775954830\n|teamsize|p1|4\n|teamsize|p2|4\n|start\n|switch|p1a: Sinistcha|Sinistcha-Masterpiece, L50|100/100\n|switch|p1b: Feraligatr|Feraligatr, L50, M|100/100\n|switch|p2a: Corviknight|Corviknight, L50, M|100/100\n|switch|p2b: Tauros|Tauros-Paldea-Aqua, L50, M|100/100\n|-ability|p2b: Tauros|Intimidate|boost\n|-unboost|p1a: Sinistcha|atk|1\n|-unboost|p1b: Feraligatr|atk|1\n|turn|1\n|inactive|Michael YunGOOBian has 30 seconds left.\n|\n|t:|1775954862\n|switch|p2b: Hydreigon|Hydreigon, L50, F|100/100\n|move|p1b: Feraligatr|Dragon Dance|p1b: Feraligatr\n|-boost|p1b: Feraligatr|atk|1\n|-boost|p1b: Feraligatr|spe|1\n|move|p2a: Corviknight|Bulk Up|p2a: Corviknight\n|-boost|p2a: Corviknight|atk|1\n|-boost|p2a: Corviknight|def|1\n|move|p1a: Sinistcha|Matcha Gotcha|p2b: Hydreigon|[spread] p2a,p2b\n|-resisted|p2a: Corviknight|2\n|-resisted|p2b: Hydreigon|1\n|-damage|p2a: Corviknight|97/100\n|-damage|p2b: Hydreigon|86/100\n|\n|-heal|p2a: Corviknight|100/100|[from] item: Leftovers\n|upkeep\n|turn|2\n|inactive|Michael YunGOOBian has 30 seconds left.\n|\n|t:|1775954890\n|switch|p2b: Tauros|Tauros-Paldea-Aqua, L50, M|100/100\n|-ability|p2b: Tauros|Intimidate|boost\n|-unboost|p1a: Sinistcha|atk|1\n|-unboost|p1b: Feraligatr|atk|1\n|detailschange|p1b: Feraligatr|Feraligatr-Mega, L50, M\n|-mega|p1b: Feraligatr|Feraligatr|Feraligite\n|move|p1a: Sinistcha|Rage Powder|p1a: Sinistcha\n|-singleturn|p1a: Sinistcha|move: Rage Powder\n|move|p1b: Feraligatr|Double-Edge|p2b: Tauros\n|-damage|p2b: Tauros|33/100\n|-damage|p1b: Feraligatr|81/100|[from] Recoil\n|move|p2a: Corviknight|Brave Bird|p1a: Sinistcha\n|-supereffective|p1a: Sinistcha|1\n|-damage|p1a: Sinistcha|11/100\n|-enditem|p1a: Sinistcha|Sitrus Berry|[eat]\n|-heal|p1a: Sinistcha|36/100|[from] item: Sitrus Berry\n|-damage|p2a: Corviknight|75/100|[from] Recoil\n|\n|-heal|p2a: Corviknight|81/100|[from] item: Leftovers\n|upkeep\n|turn|3\n|inactive|Michael YunGOOBian has 30 seconds left.\n|inactive|Fscizor has 30 seconds left.\n|\n|t:|1775954925\n|move|p1b: Feraligatr|Dragon Dance|p1b: Feraligatr\n|-boost|p1b: Feraligatr|atk|1\n|-boost|p1b: Feraligatr|spe|1\n|move|p2b: Tauros|Earthquake|p1b: Feraligatr|[spread] p1a,p1b\n|-immune|p2a: Corviknight\n|-resisted|p1a: Sinistcha|1\n|-damage|p1a: Sinistcha|28/100\n|-damage|p1b: Feraligatr|64/100\n|move|p1a: Sinistcha|Matcha Gotcha|p2a: Corviknight|[spread] p2a,p2b\n|-resisted|p2a: Corviknight|2\n|-supereffective|p2b: Tauros|1\n|-damage|p2a: Corviknight|77/100\n|-heal|p1a: Sinistcha|30/100|[from] drain|[of] p2a: Corviknight\n|-damage|p2b: Tauros|0 fnt\n|-heal|p1a: Sinistcha|45/100|[from] drain|[of] p2b: Tauros\n|faint|p2b: Tauros\n|move|p2a: Corviknight|Bulk Up|p2a: Corviknight\n|-boost|p2a: Corviknight|atk|1\n|-boost|p2a: Corviknight|def|1\n|\n|-heal|p2a: Corviknight|82/100|[from] item: Leftovers\n|upkeep\n|inactive|Fscizor has 30 seconds left.\n|\n|t:|1775954953\n|switch|p2b: Scizor|Scizor, L50, M|100/100\n|turn|4\n|inactive|Fscizor has 30 seconds left.\n|inactive|Michael YunGOOBian has 30 seconds left.\n|inactive|Michael YunGOOBian has 20 seconds left.\n|inactive|Michael YunGOOBian has 15 seconds left.\n|inactive|Michael YunGOOBian has 10 seconds left.\n|\n|t:|1775955010\n|switch|p1a: Incineroar|Incineroar, L50, M|100/100\n|-ability|p1a: Incineroar|Intimidate|boost\n|-ability|p2a: Corviknight|Mirror Armor\n|-unboost|p1a: Incineroar|atk|1\n|-unboost|p2b: Scizor|atk|1\n|detailschange|p2b: Scizor|Scizor-Mega, L50, M\n|-mega|p2b: Scizor|Scizor|Scizorite\n|move|p2b: Scizor|Protect|p2b: Scizor\n|-singleturn|p2b: Scizor|Protect\n|move|p1b: Feraligatr|Liquidation|p2a: Corviknight\n|-damage|p2a: Corviknight|60/100\n|-ability|p2a: Corviknight|Mirror Armor\n|-unboost|p1b: Feraligatr|def|1\n|move|p2a: Corviknight|Brave Bird|p1a: Incineroar\n|-damage|p1a: Incineroar|32/100\n|-damage|p2a: Corviknight|38/100|[from] Recoil\n|\n|-heal|p2a: Corviknight|44/100|[from] item: Leftovers\n|upkeep\n|turn|5\n|inactive|Michael YunGOOBian has 30 seconds left.\n|inactive|Fscizor has 30 seconds left.\n|inactive|Michael YunGOOBian has 20 seconds left.\n|inactive|Fscizor has 20 seconds left.\n|\n|t:|1775955050\n|move|p1a: Incineroar|Fake Out|p2a: Corviknight\n|-resisted|p2a: Corviknight|1\n|-damage|p2a: Corviknight|42/100\n|move|p1b: Feraligatr|Liquidation|p2a: Corviknight\n|-damage|p2a: Corviknight|20/100\n|move|p2b: Scizor|Bug Bite|p1a: Incineroar\n|-damage|p1a: Incineroar|0 fnt\n|-enditem|p1a: Incineroar|Shuca Berry|[from] stealeat|[move] Bug Bite|[of] p2b: Scizor\n|faint|p1a: Incineroar\n|cant|p2a: Corviknight|flinch\n|\n|-heal|p2a: Corviknight|26/100|[from] item: Leftovers\n|upkeep\n|\n|t:|1775955068\n|switch|p1a: Ninetales|Ninetales-Alola, L50, M|100/100\n|-weather|Snowscape|[from] ability: Snow Warning|[of] p1a: Ninetales\n|turn|6\n|inactive|Michael YunGOOBian has 30 seconds left.\n|inactive|Michael YunGOOBian has 20 seconds left.\n|\n|t:|1775955103\n|switch|p1a: Sinistcha|Sinistcha-Masterpiece, L50|45/100\n|-heal|p1b: Feraligatr|89/100|[from] ability: Hospitality|[of] p1a: Sinistcha\n|switch|p2b: Hydreigon|Hydreigon, L50, F|86/100\n|move|p1b: Feraligatr|Liquidation|p2a: Corviknight\n|-damage|p2a: Corviknight|2/100\n|move|p2a: Corviknight|Body Press|p1b: Feraligatr\n|-damage|p1b: Feraligatr|41/100\n|\n|-weather|Snowscape|[upkeep]\n|-heal|p2a: Corviknight|8/100|[from] item: Leftovers\n|upkeep\n|turn|7\n|inactive|Michael YunGOOBian has 30 seconds left.\n|inactive|Fscizor has 30 seconds left.\n|inactive|Michael YunGOOBian has 20 seconds left.\n|inactive|Fscizor has 20 seconds left.\n|inactive|Michael YunGOOBian has 15 seconds left.\n|inactive|Fscizor has 15 seconds left.\n|\n|t:|1775955146\n|switch|p1a: Ninetales|Ninetales-Alola, L50, M|100/100\n|move|p1b: Feraligatr|Double-Edge|p2b: Hydreigon\n|-supereffective|p2b: Hydreigon|1\n|-damage|p2b: Hydreigon|0 fnt\n|faint|p2b: Hydreigon\n|-damage|p1b: Feraligatr|14/100|[from] Recoil\n|move|p2a: Corviknight|Brave Bird|p1a: Ninetales\n|-damage|p1a: Ninetales|35/100\n|-damage|p2a: Corviknight|0 fnt|[from] Recoil\n|faint|p2a: Corviknight\n|\n|-weather|Snowscape|[upkeep]\n|upkeep\n|\n|t:|1775955167\n|switch|p2b: Scizor|Scizor-Mega, L50, M|100/100\n|turn|8\n|inactive|Michael YunGOOBian has 30 seconds left.\n|inactive|Michael YunGOOBian has 20 seconds left.\n|inactive|Michael YunGOOBian has 15 seconds left.\n|\n|t:|1775955210\n|switch|p1a: Sinistcha|Sinistcha-Masterpiece, L50|45/100\n|-heal|p1b: Feraligatr|39/100|[from] ability: Hospitality|[of] p1a: Sinistcha\n|move|p1b: Feraligatr|Protect|p1b: Feraligatr\n|-singleturn|p1b: Feraligatr|Protect\n|move|p2b: Scizor|Bug Bite|p1b: Feraligatr\n|-activate|p1b: Feraligatr|move: Protect\n|\n|-weather|Snowscape|[upkeep]\n|upkeep\n|turn|9\n|\n|t:|1775955232\n|move|p1a: Sinistcha|Rage Powder|p1a: Sinistcha\n|-singleturn|p1a: Sinistcha|move: Rage Powder\n|move|p1b: Feraligatr|Liquidation|p2b: Scizor\n|-damage|p2b: Scizor|58/100\n|move|p2b: Scizor|Bug Bite|p1a: Sinistcha\n|-damage|p1a: Sinistcha|5/100\n|\n|-weather|Snowscape|[upkeep]\n|upkeep\n|turn|10\n|\n|t:|1775955253\n|switch|p1a: Ninetales|Ninetales-Alola, L50, M|35/100\n|move|p1b: Feraligatr|Protect|p1b: Feraligatr\n|-singleturn|p1b: Feraligatr|Protect\n|move|p2b: Scizor|Bullet Punch|p1a: Ninetales\n|-supereffective|p1a: Ninetales|2\n|-damage|p1a: Ninetales|0 fnt\n|faint|p1a: Ninetales\n|\n|-weather|none\n|upkeep\n|\n|t:|1775955262\n|switch|p1a: Sinistcha|Sinistcha-Masterpiece, L50|5/100\n|-heal|p1b: Feraligatr|64/100|[from] ability: Hospitality|[of] p1a: Sinistcha\n|turn|11\n|\n|t:|1775955281\n|move|p1a: Sinistcha|Protect|p1a: Sinistcha\n|-singleturn|p1a: Sinistcha|Protect\n|move|p2b: Scizor|Bullet Punch|p1a: Sinistcha\n|-activate|p1a: Sinistcha|move: Protect\n|move|p1b: Feraligatr|Liquidation|p2b: Scizor\n|-damage|p2b: Scizor|19/100\n|\n|upkeep\n|turn|12\n|\n|t:|1775955294\n|move|p1a: Sinistcha|Rage Powder|p1a: Sinistcha\n|-singleturn|p1a: Sinistcha|move: Rage Powder\n|move|p2b: Scizor|Bullet Punch|p1a: Sinistcha\n|-damage|p1a: Sinistcha|0 fnt\n|faint|p1a: Sinistcha\n|move|p1b: Feraligatr|Liquidation|p2b: Scizor\n|-damage|p2b: Scizor|0 fnt\n|faint|p2b: Scizor\n|\n|win|Michael YunGOOBian\n|raw|Michael YunGOOBian's rating: 1150 &rarr; <strong>1179</strong><br />(+29 for winning)\n|raw|Fscizor's rating: 1199 &rarr; <strong>1170</strong><br />(-29 for losing)\n|l|\u2606Fscizor\n|player|p2|\n",
  "uploadtime": 1775955315,
  "views": 16,
  "formatid": "gen9championsvgc2026regma",
  "rating": 1170,
  "private": 0,
  "password": null
}