{
  "id": "gen9championsvgc2026regma-2585960826",
  "format": "[Gen 9 Champions] VGC 2026 Reg M-A",
  "players": [
    "PP_GAM",
    "boysenorange"
  ],
  "log": "|j|\u2606PP_GAM\n|j|\u2606boysenorange\n|t:|1776385332\n|gametype|doubles\n|player|p1|PP_GAM|unknownf|1264\n|player|p2|boysenorange|turo|1335\n|gen|9\n|tier|[Gen 9 Champions] VGC 2026 Reg M-A\n|rated|\n|rule|Species Clause: Limit one of each Pok\u00e9mon\n|rule|Item Clause: Limit 1 of each item\n|clearpoke\n|poke|p1|Kangaskhan, L50, F|\n|poke|p1|Milotic, L50, M|\n|poke|p1|Torkoal, L50, F|\n|poke|p1|Venusaur, L50, F|\n|poke|p1|Mimikyu, L50, M|\n|poke|p1|Kingambit, L50, F|\n|poke|p2|Farigiraf, L50, F|\n|poke|p2|Gardevoir, L50, M|\n|poke|p2|Kangaskhan, L50, F|\n|poke|p2|Camerupt, L50, F|\n|poke|p2|Conkeldurr, L50, M|\n|poke|p2|Tinkaton, L50, F|\n|teampreview|4\n|\n|t:|1776385364\n|teamsize|p1|4\n|teamsize|p2|4\n|start\n|switch|p1a: Milotic|Milotic, L50, M|100/100\n|switch|p1b: Mimikyu|Mimikyu, L50, M, shiny|100/100\n|switch|p2a: Farigiraf|Farigiraf, L50, F|100/100\n|switch|p2b: Kangaskhan|Kangaskhan, L50, F|100/100\n|turn|1\n|inactive|Battle timer is ON: inactive players will automatically lose when time's up. (requested by boysenorange)\n|\n|t:|1776385389\n|move|p2b: Kangaskhan|Fake Out|p1b: Mimikyu\n|-activate|p1b: Mimikyu|ability: Disguise\n|-damage|p1b: Mimikyu|100/100\n|detailschange|p1b: Mimikyu|Mimikyu-Busted, L50, M, shiny\n|-damage|p1b: Mimikyu|88/100|[from] pokemon: Mimikyu-Busted\n|move|p1a: Milotic|Coil|p1a: Milotic\n|-boost|p1a: Milotic|atk|1\n|-boost|p1a: Milotic|def|1\n|-boost|p1a: Milotic|accuracy|1\n|cant|p1b: Mimikyu|flinch\n|move|p2a: Farigiraf|Trick Room|p2a: Farigiraf\n|-fieldstart|move: Trick Room|[of] p2a: Farigiraf\n|\n|upkeep\n|turn|2\n|inactive|boysenorange has 30 seconds left.\n|inactive|boysenorange has 20 seconds left.\n|\n|t:|1776385425\n|move|p2a: Farigiraf|Protect|p2a: Farigiraf\n|-singleturn|p2a: Farigiraf|Protect\n|move|p2b: Kangaskhan|Last Resort|p1a: Milotic\n|-damage|p1a: Milotic|60/100\n|move|p1a: Milotic|Coil|p1a: Milotic\n|-boost|p1a: Milotic|atk|1\n|-boost|p1a: Milotic|def|1\n|-boost|p1a: Milotic|accuracy|1\n|move|p1b: Mimikyu|Taunt|p2a: Farigiraf\n|-activate|p2a: Farigiraf|move: Protect\n|\n|-heal|p1a: Milotic|66/100|[from] item: Leftovers\n|upkeep\n|turn|3\n|\n|t:|1776385446\n|switch|p2a: Conkeldurr|Conkeldurr, L50, M|100/100\n|move|p2b: Kangaskhan|Last Resort|p1b: Mimikyu\n|-damage|p1b: Mimikyu|0 fnt\n|faint|p1b: Mimikyu\n|move|p1a: Milotic|Recover|p1a: Milotic\n|-heal|p1a: Milotic|100/100\n|\n|upkeep\n|\n|t:|1776385456\n|switch|p1b: Torkoal|Torkoal, L50, F|100/100\n|-weather|SunnyDay|[from] ability: Drought|[of] p1b: Torkoal\n|turn|4\n|\n|t:|1776385463\n|move|p2a: Conkeldurr|Wide Guard|p2a: Conkeldurr\n|-singleturn|p2a: Conkeldurr|Wide Guard\n|move|p1b: Torkoal|Eruption|p2a: Conkeldurr|[spread] \n|-activate|p2a: Conkeldurr|move: Wide Guard\n|-activate|p2b: Kangaskhan|move: Wide Guard\n|move|p2b: Kangaskhan|Last Resort|p1b: Torkoal\n|-damage|p1b: Torkoal|44/100\n|move|p1a: Milotic|Muddy Water|p2a: Conkeldurr|[spread] \n|-activate|p2a: Conkeldurr|move: Wide Guard\n|-activate|p2b: Kangaskhan|move: Wide Guard\n|\n|-weather|SunnyDay|[upkeep]\n|upkeep\n|turn|5\n|\n|t:|1776385479\n|move|p1b: Torkoal|Protect|p1b: Torkoal\n|-singleturn|p1b: Torkoal|Protect\n|move|p2a: Conkeldurr|Mach Punch|p1b: Torkoal\n|-activate|p1b: Torkoal|move: Protect\n|move|p2b: Kangaskhan|Last Resort|p1a: Milotic\n|-damage|p1a: Milotic|73/100\n|move|p1a: Milotic|Hypnosis|p2a: Conkeldurr\n|-status|p2a: Conkeldurr|slp|[from] move: Hypnosis\n|\n|-weather|SunnyDay|[upkeep]\n|-heal|p1a: Milotic|79/100|[from] item: Leftovers\n|-fieldend|move: Trick Room\n|upkeep\n|turn|6\n|c|\u2606boysenorange|oh crap\n|inactive|boysenorange has 30 seconds left.\n|\n|t:|1776385507\n|cant|p2a: Conkeldurr|slp\n|move|p1a: Milotic|Muddy Water|p2b: Kangaskhan|[spread] p2a,p2b\n|-crit|p2a: Conkeldurr\n|-damage|p2a: Conkeldurr|82/100 slp\n|-damage|p2b: Kangaskhan|90/100\n|-unboost|p2a: Conkeldurr|accuracy|1\n|move|p2b: Kangaskhan|Last Resort|p1b: Torkoal\n|-damage|p1b: Torkoal|0 fnt\n|faint|p1b: Torkoal\n|\n|-weather|SunnyDay|[upkeep]\n|-heal|p1a: Milotic|85/100|[from] item: Leftovers\n|upkeep\n|\n|t:|1776385518\n|switch|p1b: Kingambit|Kingambit, L50, F|100/100\n|turn|7\n|\n|t:|1776385532\n|switch|p2a: Farigiraf|Farigiraf, L50, F|100/100\n|move|p1a: Milotic|Hypnosis|p2b: Kangaskhan\n|-status|p2b: Kangaskhan|slp|[from] move: Hypnosis\n|cant|p2b: Kangaskhan|slp\n|move|p1b: Kingambit|Iron Head|p2a: Farigiraf\n|-damage|p2a: Farigiraf|56/100\n|\n|-weather|SunnyDay|[upkeep]\n|-heal|p1a: Milotic|91/100|[from] item: Leftovers\n|upkeep\n|turn|8\n|\n|t:|1776385550\n|move|p2a: Farigiraf|Protect|p2a: Farigiraf\n|-singleturn|p2a: Farigiraf|Protect\n|move|p1a: Milotic|Muddy Water|p2a: Farigiraf|[spread] p2b\n|-activate|p2a: Farigiraf|move: Protect\n|-damage|p2b: Kangaskhan|80/100 slp\n|cant|p2b: Kangaskhan|slp\n|move|p1b: Kingambit|Kowtow Cleave|p2a: Farigiraf\n|-activate|p2a: Farigiraf|move: Protect\n|\n|-weather|none\n|-heal|p1a: Milotic|97/100|[from] item: Leftovers\n|upkeep\n|turn|9\n|\n|t:|1776385567\n|switch|p2a: Conkeldurr|Conkeldurr, L50, M|82/100 slp\n|move|p1a: Milotic|Muddy Water|p2b: Kangaskhan|[spread] p2a,p2b\n|-damage|p2a: Conkeldurr|56/100 slp\n|-damage|p2b: Kangaskhan|57/100 slp\n|-curestatus|p2b: Kangaskhan|slp|[msg]\n|move|p2b: Kangaskhan|Last Resort|p1a: Milotic\n|-damage|p1a: Milotic|67/100\n|move|p1b: Kingambit|Kowtow Cleave|p2a: Conkeldurr\n|-resisted|p2a: Conkeldurr|1\n|-damage|p2a: Conkeldurr|30/100 slp\n|\n|-heal|p1a: Milotic|73/100|[from] item: Leftovers\n|upkeep\n|turn|10\n|\n|t:|1776385587\n|move|p1b: Kingambit|Protect|p1b: Kingambit\n|-singleturn|p1b: Kingambit|Protect\n|cant|p2a: Conkeldurr|slp\n|move|p1a: Milotic|Hypnosis|p2b: Kangaskhan\n|-status|p2b: Kangaskhan|slp|[from] move: Hypnosis\n|cant|p2b: Kangaskhan|slp\n|\n|-heal|p1a: Milotic|79/100|[from] item: Leftovers\n|upkeep\n|turn|11\n|\n|t:|1776385599\n|move|p1b: Kingambit|Sucker Punch|p2a: Conkeldurr\n|-resisted|p2a: Conkeldurr|1\n|-damage|p2a: Conkeldurr|10/100 slp\n|-curestatus|p2a: Conkeldurr|slp|[msg]\n|move|p2a: Conkeldurr|Mach Punch|p1b: Kingambit\n|-supereffective|p1b: Kingambit|2\n|-damage|p1b: Kingambit|0 fnt\n|faint|p1b: Kingambit\n|move|p1a: Milotic|Muddy Water|p2a: Conkeldurr|[spread] p2a,p2b\n|-damage|p2a: Conkeldurr|0 fnt\n|-damage|p2b: Kangaskhan|32/100 slp\n|faint|p2a: Conkeldurr\n|-curestatus|p2b: Kangaskhan|slp|[msg]\n|move|p2b: Kangaskhan|Last Resort|p1a: Milotic\n|-damage|p1a: Milotic|49/100\n|\n|-heal|p1a: Milotic|55/100|[from] item: Leftovers\n|upkeep\n|\n|t:|1776385612\n|switch|p2a: Farigiraf|Farigiraf, L50, F|56/100\n|turn|12\n|\n|t:|1776385618\n|move|p1a: Milotic|Hypnosis|p2b: Kangaskhan\n|-status|p2b: Kangaskhan|slp|[from] move: Hypnosis\n|cant|p2b: Kangaskhan|slp\n|move|p2a: Farigiraf|Trick Room|p2a: Farigiraf\n|-fieldstart|move: Trick Room|[of] p2a: Farigiraf\n|\n|-heal|p1a: Milotic|61/100|[from] item: Leftovers\n|upkeep\n|turn|13\n|\n|t:|1776385633\n|switch|p2b: Camerupt|Camerupt, L50, F|100/100\n|move|p2a: Farigiraf|Psychic|p1a: Milotic\n|-damage|p1a: Milotic|32/100\n|-unboost|p1a: Milotic|spd|1\n|-ability|p1a: Milotic|Competitive|boost\n|-boost|p1a: Milotic|spa|2\n|move|p1a: Milotic|Recover|p1a: Milotic\n|-heal|p1a: Milotic|82/100\n|\n|-heal|p1a: Milotic|88/100|[from] item: Leftovers\n|upkeep\n|turn|14\n|\n|t:|1776385645\n|detailschange|p2b: Camerupt|Camerupt-Mega, L50, F\n|-mega|p2b: Camerupt|Camerupt|Cameruptite\n|move|p2b: Camerupt|Earth Power|p1a: Milotic\n|-damage|p1a: Milotic|12/100\n|move|p2a: Farigiraf|Psychic|p1a: Milotic\n|-damage|p1a: Milotic|0 fnt\n|faint|p1a: Milotic\n|\n|win|boysenorange\n|raw|PP_GAM's rating: 1264 &rarr; <strong>1244</strong><br />(-20 for losing)\n|raw|boysenorange's rating: 1335 &rarr; <strong>1351</strong><br />(+16 for winning)\n|c|\u2606boysenorange|gg\n",
  "uploadtime": 1776385654,
  "views": 38,
  "formatid": "gen9championsvgc2026regma",
  "rating": 1244,
  "private": 0,
  "password": null
}