{
  "id": "gen9championsvgc2026regma-2583845545",
  "format": "[Gen 9 Champions] VGC 2026 Reg M-A",
  "players": [
    "Give_Rn",
    "LamestAmos"
  ],
  "log": "|j|\u2606Give_Rn\n|j|\u2606LamestAmos\n|t:|1776202220\n|gametype|doubles\n|player|p1|Give_Rn|lance|1247\n|player|p2|LamestAmos|veteran|1208\n|gen|9\n|tier|[Gen 9 Champions] VGC 2026 Reg M-A\n|rated|\n|rule|Species Clause: Limit one of each Pok\u00e9mon\n|rule|Item Clause: Limit 1 of each item\n|clearpoke\n|poke|p1|Archaludon, L50, M|\n|poke|p1|Pelipper, L50, M|\n|poke|p1|Basculegion, L50, M|\n|poke|p1|Sneasler, L50, M|\n|poke|p1|Dragonite, L50, M|\n|poke|p1|Rotom-Heat, L50|\n|poke|p2|Palafin, L50, F|\n|poke|p2|Orthworm, L50, M|\n|poke|p2|Garchomp, L50, F|\n|poke|p2|Delphox, L50, F|\n|poke|p2|Whimsicott, L50, F|\n|poke|p2|Sneasler, L50, F|\n|teampreview|4\n|inactive|Battle timer is ON: inactive players will automatically lose when time's up. (requested by Give_Rn)\n|\n|t:|1776202250\n|teamsize|p1|4\n|teamsize|p2|4\n|start\n|switch|p1a: Pelipper|Pelipper, L50, M|100/100\n|switch|p1b: Sneasler|Sneasler, L50, M|100/100\n|switch|p2a: Orthworm|Orthworm, L50, M|100/100\n|switch|p2b: Palafin|Palafin, L50, F|100/100\n|-weather|RainDance|[from] ability: Drizzle|[of] p1a: Pelipper\n|turn|1\n|\n|t:|1776202273\n|move|p1b: Sneasler|Fake Out|p2a: Orthworm\n|-resisted|p2a: Orthworm|1\n|-damage|p2a: Orthworm|96/100\n|move|p2b: Palafin|Flip Turn|p1a: Pelipper\n|-resisted|p1a: Pelipper|1\n|-damage|p1a: Pelipper|72/100\n|\n|t:|1776202279\n|detailschange|p2b: Palafin|Palafin-Hero, L50, F\n|switch|p2b: Whimsicott|Whimsicott, L50, F|100/100|[from] Flip Turn\n|move|p1a: Pelipper|Tailwind|p1a: Pelipper\n|-sidestart|p1: Give_Rn|move: Tailwind\n|cant|p2a: Orthworm|flinch\n|\n|-weather|RainDance|[upkeep]\n|upkeep\n|turn|2\n|\n|t:|1776202302\n|move|p2b: Whimsicott|Protect|p2b: Whimsicott\n|-singleturn|p2b: Whimsicott|Protect\n|move|p1b: Sneasler|Dire Claw|p2b: Whimsicott\n|-activate|p2b: Whimsicott|move: Protect\n|move|p1a: Pelipper|Hurricane|p2b: Whimsicott\n|-activate|p2b: Whimsicott|move: Protect\n|move|p2a: Orthworm|Shed Tail|p2a: Orthworm\n|-start|p2a: Orthworm|Substitute|[from] move: Shed Tail\n|-damage|p2a: Orthworm|46/100\n|-enditem|p2a: Orthworm|Sitrus Berry|[eat]\n|-heal|p2a: Orthworm|71/100|[from] item: Sitrus Berry\n|\n|t:|1776202314\n|switch|p2a: Delphox|Delphox, L50, F|100/100|[from] Shed Tail\n|\n|-weather|RainDance|[upkeep]\n|upkeep\n|turn|3\n|\n|t:|1776202337\n|detailschange|p2a: Delphox|Delphox-Mega, L50, F\n|-mega|p2a: Delphox|Delphox|Delphoxite\n|move|p2b: Whimsicott|Sunny Day|p2b: Whimsicott\n|-weather|SunnyDay\n|move|p1b: Sneasler|Dire Claw|p2b: Whimsicott\n|-supereffective|p2b: Whimsicott|2\n|-enditem|p2b: Whimsicott|Focus Sash\n|-damage|p2b: Whimsicott|1/100\n|move|p1a: Pelipper|Weather Ball|p2a: Delphox\n|-resisted|p2a: Delphox|1\n|-activate|p2a: Delphox|move: Substitute|[damage]\n|move|p2a: Delphox|Nasty Plot|p2a: Delphox\n|-boost|p2a: Delphox|spa|2\n|\n|-weather|SunnyDay|[upkeep]\n|upkeep\n|turn|4\n|\n|t:|1776202362\n|switch|p1a: Basculegion|Basculegion, L50, M|100/100\n|move|p2b: Whimsicott|Tailwind|p2b: Whimsicott\n|-sidestart|p2: LamestAmos|move: Tailwind\n|move|p2a: Delphox|Heat Wave|p1b: Sneasler|[spread] p1a,p1b\n|-resisted|p1a: Basculegion|1\n|-damage|p1a: Basculegion|30/100\n|-damage|p1b: Sneasler|0 fnt\n|faint|p1b: Sneasler\n|\n|-weather|SunnyDay|[upkeep]\n|-sideend|p1: Give_Rn|move: Tailwind\n|upkeep\n|\n|t:|1776202376\n|switch|p1b: Pelipper|Pelipper, L50, M|72/100\n|-weather|RainDance|[from] ability: Drizzle|[of] p1b: Pelipper\n|turn|5\n|\n|t:|1776202395\n|move|p1b: Pelipper|Protect|p1b: Pelipper\n|-singleturn|p1b: Pelipper|Protect\n|move|p2b: Whimsicott|Sunny Day|p2b: Whimsicott\n|-weather|SunnyDay\n|move|p1a: Basculegion|Aqua Jet|p2b: Whimsicott\n|-resisted|p2b: Whimsicott|1\n|-damage|p2b: Whimsicott|0 fnt\n|faint|p2b: Whimsicott\n|move|p2a: Delphox|Heat Wave|p1b: Pelipper|[spread] p1a\n|-activate|p1b: Pelipper|move: Protect\n|-resisted|p1a: Basculegion|1\n|-damage|p1a: Basculegion|0 fnt\n|faint|p1a: Basculegion\n|\n|-weather|SunnyDay|[upkeep]\n|upkeep\n|\n|t:|1776202411\n|switch|p2b: Orthworm|Orthworm, L50, M|71/100\n|switch|p1a: Archaludon|Archaludon, L50, M, shiny|100/100\n|turn|6\n|-message|Give_Rn forfeited.\n|\n|win|LamestAmos\n|raw|Give_Rn's rating: 1247 &rarr; <strong>1219</strong><br />(-28 for losing)\n|raw|LamestAmos's rating: 1208 &rarr; <strong>1236</strong><br />(+28 for winning)\n|l|\u2606Give_Rn\n|player|p1|\n",
  "uploadtime": 1776202530,
  "views": 36,
  "formatid": "gen9championsvgc2026regma",
  "rating": 1219,
  "private": 0,
  "password": null
}