{
  "id": "gen9championsvgc2026regma-2587781507",
  "format": "[Gen 9 Champions] VGC 2026 Reg M-A",
  "players": [
    "AirusX",
    "TrickRoomAbooser"
  ],
  "log": "|j|\u2606AirusX\n|j|\u2606TrickRoomAbooser\n|t:|1776563389\n|gametype|doubles\n|player|p1|AirusX|lady-gen4|1254\n|player|p2|TrickRoomAbooser|169|1236\n|gen|9\n|tier|[Gen 9 Champions] VGC 2026 Reg M-A\n|rated|\n|rule|Species Clause: Limit one of each Pok\u00e9mon\n|rule|Item Clause: Limit 1 of each item\n|clearpoke\n|poke|p1|Meganium, L50, F|\n|poke|p1|Sneasler, L50, M|\n|poke|p1|Archaludon, L50, M|\n|poke|p1|Basculegion, L50, M, shiny|\n|poke|p1|Pelipper, L50, F|\n|poke|p1|Kingambit, L50, M|\n|poke|p2|Hydrapple, L50, M, shiny|\n|poke|p2|Skarmory, L50, F|\n|poke|p2|Milotic, L50, M, shiny|\n|poke|p2|Infernape, L50, F, shiny|\n|poke|p2|Gengar, L50, M|\n|poke|p2|Sableye, L50, M, shiny|\n|teampreview|4\n|inactive|Battle timer is ON: inactive players will automatically lose when time's up. (requested by AirusX)\n|\n|t:|1776563464\n|teamsize|p1|4\n|teamsize|p2|4\n|start\n|switch|p1a: Archaludon|Archaludon, L50, M|100/100\n|switch|p1b: Pelipper|Pelipper, L50, F|100/100\n|switch|p2a: Gengar|Gengar, L50, M|100/100\n|switch|p2b: Sableye|Sableye, L50, M, shiny|100/100\n|-weather|RainDance|[from] ability: Drizzle|[of] p1b: Pelipper\n|turn|1\n|inactive|AirusX has 30 seconds left.\n|inactive|TrickRoomAbooser has 30 seconds left.\n|\n|t:|1776563493\n|move|p2b: Sableye|Fake Out|p1b: Pelipper\n|-damage|p1b: Pelipper|90/100\n|move|p2a: Gengar|Shadow Ball|p1a: Archaludon\n|-damage|p1a: Archaludon|55/100\n|-unboost|p1a: Archaludon|spd|1\n|-ability|p1a: Archaludon|Stamina|boost\n|-boost|p1a: Archaludon|def|1\n|cant|p1b: Pelipper|flinch\n|move|p1a: Archaludon|Electro Shot||[still]\n|-prepare|p1a: Archaludon|Electro Shot\n|-boost|p1a: Archaludon|spa|1\n|-anim|p1a: Archaludon|Electro Shot|p2b: Sableye\n|-damage|p2b: Sableye|17/100\n|\n|-weather|RainDance|[upkeep]\n|-heal|p1a: Archaludon|61/100|[from] item: Leftovers\n|upkeep\n|turn|2\n|inactive|AirusX has 30 seconds left.\n|\n|t:|1776563519\n|move|p2b: Sableye|Disable|p1a: Archaludon\n|-start|p1a: Archaludon|Disable|Electro Shot\n|move|p2a: Gengar|Shadow Ball|p1a: Archaludon\n|-damage|p1a: Archaludon|0 fnt\n|faint|p1a: Archaludon\n|move|p1b: Pelipper|Hurricane|p2a: Gengar\n|-damage|p2a: Gengar|21/100\n|\n|-weather|RainDance|[upkeep]\n|upkeep\n|\n|t:|1776563528\n|switch|p1a: Basculegion|Basculegion, L50, M, shiny|100/100\n|turn|3\n|\n|t:|1776563551\n|switch|p2a: Skarmory|Skarmory, L50, F|100/100\n|move|p1a: Basculegion|Wave Crash|p2a: Skarmory\n|-damage|p2a: Skarmory|0 fnt\n|faint|p2a: Skarmory\n|-damage|p1a: Basculegion|77/100|[from] Recoil\n|move|p1b: Pelipper|Weather Ball|p2b: Sableye\n|-damage|p2b: Sableye|0 fnt\n|faint|p2b: Sableye\n|\n|-weather|RainDance|[upkeep]\n|upkeep\n|\n|t:|1776563562\n|switch|p2a: Gengar|Gengar, L50, M|21/100\n|switch|p2b: Infernape|Infernape, L50, F, shiny|100/100\n|turn|4\n|\n|t:|1776563584\n|switch|p1a: Meganium|Meganium, L50, F|100/100\n|move|p1b: Pelipper|Protect|p1b: Pelipper\n|-singleturn|p1b: Pelipper|Protect\n|move|p2b: Infernape|Fake Out|p1b: Pelipper\n|-activate|p1b: Pelipper|move: Protect\n|move|p2a: Gengar|Shadow Ball|p1a: Meganium\n|-damage|p1a: Meganium|61/100\n|\n|-weather|RainDance|[upkeep]\n|upkeep\n|turn|5\n|\n|t:|1776563603\n|detailschange|p1a: Meganium|Meganium-Mega, L50, F\n|-mega|p1a: Meganium|Meganium|Meganiumite\n|move|p1a: Meganium|Protect|p1a: Meganium\n|-singleturn|p1a: Meganium|Protect\n|move|p2a: Gengar|Shadow Ball|p1a: Meganium\n|-activate|p1a: Meganium|move: Protect\n|move|p2b: Infernape|Close Combat|p1b: Pelipper\n|-resisted|p1b: Pelipper|1\n|-crit|p1b: Pelipper\n|-damage|p1b: Pelipper|34/100\n|-unboost|p2b: Infernape|def|1\n|-unboost|p2b: Infernape|spd|1\n|move|p1b: Pelipper|Tailwind|p1b: Pelipper\n|-sidestart|p1: AirusX|move: Tailwind\n|\n|-weather|none\n|upkeep\n|turn|6\n|inactive|AirusX has 30 seconds left.\n|\n|t:|1776563629\n|move|p1b: Pelipper|Hurricane|p2b: Infernape\n|-supereffective|p2b: Infernape|1\n|-enditem|p2b: Infernape|Focus Sash\n|-damage|p2b: Infernape|1/100\n|-start|p2b: Infernape|confusion\n|move|p2a: Gengar|Shadow Ball|p1a: Meganium\n|-damage|p1a: Meganium|25/100\n|-unboost|p1a: Meganium|spd|1\n|move|p1a: Meganium|Weather Ball|p2a: Gengar\n|-damage|p2a: Gengar|0 fnt\n|faint|p2a: Gengar\n|-activate|p2b: Infernape|confusion\n|move|p2b: Infernape|Fire Punch|p1a: Meganium\n|-supereffective|p1a: Meganium|1\n|-damage|p1a: Meganium|0 fnt\n|faint|p1a: Meganium\n|\n|upkeep\n|-message|TrickRoomAbooser forfeited.\n|\n|win|AirusX\n|raw|AirusX's rating: 1254 &rarr; <strong>1278</strong><br />(+24 for winning)\n|raw|TrickRoomAbooser's rating: 1236 &rarr; <strong>1212</strong><br />(-24 for losing)\n|l|\u2606TrickRoomAbooser\n|player|p2|\n",
  "uploadtime": 1776563649,
  "views": 16,
  "formatid": "gen9championsvgc2026regma",
  "rating": 1212,
  "private": 0,
  "password": null
}