{
  "id": "gen9championsvgc2026regma-2588060493",
  "format": "[Gen 9 Champions] VGC 2026 Reg M-A",
  "players": [
    "69pranav69",
    "FolkNanikore"
  ],
  "log": "|j|\u260669pranav69\n|j|\u2606FolkNanikore\n|t:|1776599481\n|gametype|doubles\n|player|p1|69pranav69|hilbert|1083\n|player|p2|FolkNanikore|rosa|1065\n|gen|9\n|tier|[Gen 9 Champions] VGC 2026 Reg M-A\n|rated|\n|rule|Species Clause: Limit one of each Pok\u00e9mon\n|rule|Item Clause: Limit 1 of each item\n|clearpoke\n|poke|p1|Incineroar, L50, M|\n|poke|p1|Gengar, L50, F|\n|poke|p1|Sinistcha, L50|\n|poke|p1|Kingambit, L50, F|\n|poke|p1|Tyranitar, L50, M|\n|poke|p1|Kommo-o, L50, M|\n|poke|p2|Floette-Eternal, L50, F|\n|poke|p2|Garchomp, L50, F|\n|poke|p2|Kingambit, L50, M|\n|poke|p2|Basculegion, L50, M|\n|poke|p2|Sneasler, L50, F|\n|poke|p2|Froslass, L50, F|\n|teampreview|4\n|j| Draco_9O\n|j| BobElephant\n|\n|t:|1776599584\n|teamsize|p1|4\n|teamsize|p2|4\n|start\n|switch|p1a: Gengar|Gengar, L50, F|100/100\n|switch|p1b: Incineroar|Incineroar, L50, M|100/100\n|switch|p2a: Sneasler|Sneasler, L50, F|100/100\n|switch|p2b: Floette|Floette-Eternal, L50, F|100/100\n|-ability|p1b: Incineroar|Intimidate|boost\n|-unboost|p2a: Sneasler|atk|1\n|-unboost|p2b: Floette|atk|1\n|turn|1\n|\n|t:|1776599670\n|switch|p2b: Garchomp|Garchomp, L50, F|100/100\n|switch|p1b: Sinistcha|Sinistcha, L50|100/100\n|detailschange|p1a: Gengar|Gengar-Mega, L50, F\n|-mega|p1a: Gengar|Gengar|Gengarite\n|move|p2a: Sneasler|Fake Out|p1b: Sinistcha\n|-immune|p1b: Sinistcha\n|move|p1a: Gengar|Perish Song|p1a: Gengar\n|-start|p1a: Gengar|perish3|[silent]\n|-start|p1b: Sinistcha|perish3|[silent]\n|-start|p2a: Sneasler|perish3|[silent]\n|-start|p2b: Garchomp|perish3|[silent]\n|-fieldactivate|move: Perish Song\n|\n|-start|p1a: Gengar|perish3\n|-start|p2a: Sneasler|perish3\n|-start|p2b: Garchomp|perish3\n|-start|p1b: Sinistcha|perish3\n|upkeep\n|turn|2\n|\n|t:|1776599724\n|move|p1a: Gengar|Protect|p1a: Gengar\n|-singleturn|p1a: Gengar|Protect\n|move|p1b: Sinistcha|Protect|p1b: Sinistcha\n|-singleturn|p1b: Sinistcha|Protect\n|move|p2a: Sneasler|Dire Claw|p1b: Sinistcha\n|-activate|p1b: Sinistcha|move: Protect\n|move|p2b: Garchomp|Dragon Claw|p1b: Sinistcha\n|-activate|p1b: Sinistcha|move: Protect\n|\n|-start|p1a: Gengar|perish2\n|-start|p2a: Sneasler|perish2\n|-start|p2b: Garchomp|perish2\n|-start|p1b: Sinistcha|perish2\n|upkeep\n|turn|3\n|\n|t:|1776599753\n|move|p1b: Sinistcha|Rage Powder|p1b: Sinistcha\n|-singleturn|p1b: Sinistcha|move: Rage Powder\n|move|p1a: Gengar|Substitute|p1a: Gengar\n|-start|p1a: Gengar|Substitute\n|-damage|p1a: Gengar|76/100\n|move|p2a: Sneasler|Dire Claw|p1b: Sinistcha\n|-damage|p1b: Sinistcha|75/100\n|-status|p1b: Sinistcha|par\n|move|p2b: Garchomp|Earthquake|p1b: Sinistcha|[spread] p2a,p1a,p1b\n|-supereffective|p1a: Gengar|1\n|-end|p1a: Gengar|Substitute\n|-supereffective|p2a: Sneasler|1\n|-resisted|p1b: Sinistcha|1\n|-enditem|p2a: Sneasler|Focus Sash\n|-damage|p2a: Sneasler|1/100\n|-damage|p1b: Sinistcha|61/100 par\n|\n|-start|p1a: Gengar|perish1\n|-start|p2a: Sneasler|perish1\n|-start|p2b: Garchomp|perish1\n|-start|p1b: Sinistcha|perish1\n|upkeep\n|turn|4\n|\n|t:|1776599781\n|switch|p1a: Incineroar|Incineroar, L50, M|100/100\n|-ability|p1a: Incineroar|Intimidate|boost\n|-unboost|p2a: Sneasler|atk|1\n|-unboost|p2b: Garchomp|atk|1\n|switch|p1b: Tyranitar|Tyranitar, L50, M|100/100\n|-weather|Sandstorm|[from] ability: Sand Stream|[of] p1b: Tyranitar\n|move|p2a: Sneasler|Dire Claw|p1b: Tyranitar\n|-resisted|p1b: Tyranitar|1\n|-damage|p1b: Tyranitar|91/100\n|-status|p1b: Tyranitar|psn|[from] ability: Poison Touch|[of] p2a: Sneasler\n|move|p2b: Garchomp|Earthquake|p1a: Incineroar|[spread] p2a,p1a,p1b\n|-supereffective|p2a: Sneasler|1\n|-supereffective|p1a: Incineroar|1\n|-enditem|p1a: Incineroar|Shuca Berry|[eat]\n|-enditem|p1a: Incineroar|Shuca Berry|[weaken]\n|-supereffective|p1b: Tyranitar|1\n|-damage|p2a: Sneasler|0 fnt\n|-damage|p1a: Incineroar|81/100\n|-damage|p1b: Tyranitar|49/100 psn\n|faint|p2a: Sneasler\n|\n|-weather|Sandstorm|[upkeep]\n|-damage|p1a: Incineroar|75/100|[from] Sandstorm\n|-damage|p1b: Tyranitar|37/100 psn|[from] psn\n|-start|p2b: Garchomp|perish0\n|upkeep\n|faint|p2b: Garchomp\n|\n|t:|1776599804\n|switch|p2a: Basculegion|Basculegion, L50, M|100/100\n|switch|p2b: Floette|Floette-Eternal, L50, F|100/100\n|turn|5\n|\n|t:|1776599822\n|detailschange|p2b: Floette|Floette-Mega, L50, F\n|-mega|p2b: Floette|Floette|Floettite\n|-ability|p2b: Floette|Fairy Aura\n|move|p1a: Incineroar|Fake Out|p2b: Floette\n|-damage|p2b: Floette|89/100\n|move|p2a: Basculegion|Aqua Jet|p1b: Tyranitar\n|-supereffective|p1b: Tyranitar|1\n|-damage|p1b: Tyranitar|0 fnt\n|faint|p1b: Tyranitar\n|cant|p2b: Floette|flinch\n|\n|-weather|Sandstorm|[upkeep]\n|-damage|p2b: Floette|83/100|[from] Sandstorm\n|-damage|p2a: Basculegion|94/100|[from] Sandstorm\n|-damage|p1a: Incineroar|69/100|[from] Sandstorm\n|upkeep\n|\n|t:|1776599831\n|switch|p1b: Gengar|Gengar-Mega, L50, F|76/100\n|turn|6\n|\n|t:|1776599861\n|move|p1b: Gengar|Protect|p1b: Gengar\n|-singleturn|p1b: Gengar|Protect\n|move|p2b: Floette|Moonblast|p1b: Gengar\n|-activate|p1b: Gengar|move: Protect\n|move|p2a: Basculegion|Last Respects|p1b: Gengar\n|-activate|p1b: Gengar|move: Protect\n|move|p1a: Incineroar|Parting Shot|p2b: Floette\n|-unboost|p2b: Floette|atk|1\n|-unboost|p2b: Floette|spa|1\n|\n|t:|1776599873\n|switch|p1a: Sinistcha|Sinistcha, L50|61/100 par|[from] Parting Shot\n|-heal|p1b: Gengar|100/100|[from] ability: Hospitality|[of] p1a: Sinistcha\n|\n|-weather|Sandstorm|[upkeep]\n|-damage|p1b: Gengar|95/100|[from] Sandstorm\n|-damage|p2b: Floette|77/100|[from] Sandstorm\n|-damage|p2a: Basculegion|88/100|[from] Sandstorm\n|-damage|p1a: Sinistcha|55/100 par|[from] Sandstorm\n|upkeep\n|turn|7\n|\n|t:|1776599894\n|move|p1a: Sinistcha|Rage Powder|p1a: Sinistcha\n|-singleturn|p1a: Sinistcha|move: Rage Powder\n|move|p1b: Gengar|Perish Song|p1b: Gengar\n|-start|p1a: Sinistcha|perish3|[silent]\n|-start|p1b: Gengar|perish3|[silent]\n|-start|p2a: Basculegion|perish3|[silent]\n|-start|p2b: Floette|perish3|[silent]\n|-fieldactivate|move: Perish Song\n|move|p2b: Floette|Moonblast|p1a: Sinistcha\n|-damage|p1a: Sinistcha|15/100 par\n|-enditem|p1a: Sinistcha|Sitrus Berry|[eat]\n|-heal|p1a: Sinistcha|40/100 par|[from] item: Sitrus Berry\n|move|p2a: Basculegion|Last Respects|p1a: Sinistcha\n|-supereffective|p1a: Sinistcha|1\n|-damage|p1a: Sinistcha|0 fnt\n|faint|p1a: Sinistcha\n|\n|-weather|Sandstorm|[upkeep]\n|-damage|p1b: Gengar|89/100|[from] Sandstorm\n|-damage|p2b: Floette|71/100|[from] Sandstorm\n|-damage|p2a: Basculegion|82/100|[from] Sandstorm\n|-start|p1b: Gengar|perish3\n|-start|p2b: Floette|perish3\n|-start|p2a: Basculegion|perish3\n|upkeep\n|\n|t:|1776599907\n|switch|p1a: Incineroar|Incineroar, L50, M|69/100\n|-ability|p1a: Incineroar|Intimidate|boost\n|-unboost|p2a: Basculegion|atk|1\n|-unboost|p2b: Floette|atk|1\n|turn|8\n|\n|t:|1776599918\n|move|p1b: Gengar|Protect|p1b: Gengar\n|-singleturn|p1b: Gengar|Protect\n|move|p2b: Floette|Protect|p2b: Floette\n|-singleturn|p2b: Floette|Protect\n|move|p2a: Basculegion|Protect|p2a: Basculegion\n|-singleturn|p2a: Basculegion|Protect\n|move|p1a: Incineroar|Fake Out|p2b: Floette\n|-activate|p2b: Floette|move: Protect\n|\n|-weather|none\n|-start|p1b: Gengar|perish2\n|-start|p2b: Floette|perish2\n|-start|p2a: Basculegion|perish2\n|upkeep\n|turn|9\n|\n|t:|1776599939\n|move|p1a: Incineroar|Protect|p1a: Incineroar\n|-singleturn|p1a: Incineroar|Protect\n|move|p1b: Gengar|Substitute|p1b: Gengar\n|-start|p1b: Gengar|Substitute\n|-damage|p1b: Gengar|64/100\n|move|p2b: Floette|Moonblast|p1b: Gengar\n|-resisted|p1b: Gengar|1\n|-activate|p1b: Gengar|move: Substitute|[damage]\n|move|p2a: Basculegion|Last Respects|p1b: Gengar\n|-supereffective|p1b: Gengar|1\n|-end|p1b: Gengar|Substitute\n|\n|-start|p1b: Gengar|perish1\n|-start|p2b: Floette|perish1\n|-start|p2a: Basculegion|perish1\n|upkeep\n|turn|10\n|\n|t:|1776599962\n|move|p1b: Gengar|Protect|p1b: Gengar\n|-singleturn|p1b: Gengar|Protect\n|move|p1a: Incineroar|Protect||[still]\n|-fail|p1a: Incineroar\n|move|p2b: Floette|Dazzling Gleam|p1b: Gengar|[spread] p1a\n|-activate|p1b: Gengar|move: Protect\n|-damage|p1a: Incineroar|49/100\n|move|p2a: Basculegion|Last Respects|p1b: Gengar\n|-activate|p1b: Gengar|move: Protect\n|\n|-start|p1b: Gengar|perish0\n|-start|p2b: Floette|perish0\n|-start|p2a: Basculegion|perish0\n|faint|p1b: Gengar\n|faint|p2b: Floette\n|faint|p2a: Basculegion\n|\n|win|69pranav69\n|raw|69pranav69's rating: 1083 &rarr; <strong>1109</strong><br />(+26 for winning)\n|raw|FolkNanikore's rating: 1065 &rarr; <strong>1046</strong><br />(-19 for losing)\n|l|\u2606FolkNanikore\n|player|p2|\n|l|\u260669pranav69\n|player|p1|\n",
  "uploadtime": 1776599994,
  "views": 9,
  "formatid": "gen9championsvgc2026regma",
  "rating": 1046,
  "private": 0,
  "password": null
}