{
  "id": "gen9championsvgc2026regma-2581395447",
  "format": "[Gen 9 Champions] VGC 2026 Reg M-A",
  "players": [
    "redravencellinia",
    "Gilgamon"
  ],
  "log": "|j|\u2606redravencellinia\n|j|\u2606Gilgamon\n|t:|1775995893\n|gametype|doubles\n|player|p1|redravencellinia|265|1089\n|player|p2|Gilgamon|psychic-gen4|1168\n|gen|9\n|tier|[Gen 9 Champions] VGC 2026 Reg M-A\n|rated|\n|rule|Species Clause: Limit one of each Pok\u00e9mon\n|rule|Item Clause: Limit 1 of each item\n|clearpoke\n|poke|p1|Ampharos, L50, M|\n|poke|p1|Mimikyu, L50, F|\n|poke|p1|Kingambit, L50, M|\n|poke|p1|Sylveon, L50, F|\n|poke|p1|Crabominable, L50, M|\n|poke|p1|Camerupt, L50, F|\n|poke|p2|Alakazam, L50, F|\n|poke|p2|Orthworm, L50, F|\n|poke|p2|Meowstic, L50, M|\n|poke|p2|Garchomp, L50, F|\n|poke|p2|Tyranitar, L50, F|\n|poke|p2|Empoleon, L50, F|\n|teampreview|4\nredravencellinia has agreed to open team sheets.\nGilgamon rejected open team sheets.\n|\n|t:|1775995921\n|teamsize|p1|4\n|teamsize|p2|4\n|start\n|switch|p1a: Mimikyu|Mimikyu, L50, F|100/100\n|switch|p1b: Ampharos|Ampharos, L50, M|100/100\n|switch|p2a: Orthworm|Orthworm, L50, F, shiny|100/100\n|switch|p2b: Meowstic|Meowstic, L50, M|100/100\n|turn|1\n|\n|t:|1775995951\n|detailschange|p1b: Ampharos|Ampharos-Mega, L50, M\n|-mega|p1b: Ampharos|Ampharos|Ampharosite\n|-ability|p1b: Ampharos|Mold Breaker\n|move|p1b: Ampharos|Protect|p1b: Ampharos\n|-singleturn|p1b: Ampharos|Protect\n|move|p2b: Meowstic|Fake Out|p1a: Mimikyu\n|-immune|p1a: Mimikyu\n|move|p2a: Orthworm|Heavy Slam|p1a: Mimikyu\n|-activate|p1a: Mimikyu|ability: Disguise\n|-damage|p1a: Mimikyu|100/100\n|detailschange|p1a: Mimikyu|Mimikyu-Busted, L50, F\n|-damage|p1a: Mimikyu|88/100|[from] pokemon: Mimikyu-Busted\n|move|p1a: Mimikyu|Trick Room|p1a: Mimikyu\n|-fieldstart|move: Trick Room|[of] p1a: Mimikyu\n|\n|upkeep\n|turn|2\n|\n|t:|1775996000\n|switch|p1a: Crabominable|Crabominable, L50, M|100/100\n|move|p2b: Meowstic|Psychic Terrain|p2b: Meowstic\n|-fieldstart|move: Psychic Terrain\n|move|p1b: Ampharos|Thunderbolt|p2b: Meowstic\n|-damage|p2b: Meowstic|34/100\n|move|p2a: Orthworm|Shed Tail|p2a: Orthworm\n|-start|p2a: Orthworm|Substitute|[from] move: Shed Tail\n|-damage|p2a: Orthworm|50/100\n|-enditem|p2a: Orthworm|Sitrus Berry|[eat]\n|-heal|p2a: Orthworm|75/100|[from] item: Sitrus Berry\n|\n|t:|1775996011\n|switch|p2a: Alakazam|Alakazam, L50, F|100/100|[from] Shed Tail\n|\n|upkeep\n|turn|3\n|\n|t:|1775996035\n|detailschange|p2a: Alakazam|Alakazam-Mega, L50, F\n|-mega|p2a: Alakazam|Alakazam|Alakazite\n|-ability|p2a: Alakazam|Iron Fist|Trace|[from] ability: Trace|[of] p1a: Crabominable\n|move|p2b: Meowstic|Helping Hand|p2a: Alakazam\n|-singleturn|p2a: Alakazam|Helping Hand|[of] p2b: Meowstic\n|move|p1a: Crabominable|Ice Hammer|p2a: Alakazam\n|-end|p2a: Alakazam|Substitute\n|-unboost|p1a: Crabominable|spe|1\n|move|p1b: Ampharos|Thunderbolt|p2a: Alakazam\n|-damage|p2a: Alakazam|19/100\n|move|p2a: Alakazam|Expanding Force|p1b: Ampharos|[spread] p1a,p1b\n|-supereffective|p1a: Crabominable|1\n|-damage|p1a: Crabominable|0 fnt\n|-damage|p1b: Ampharos|10/100\n|faint|p1a: Crabominable\n|\n|upkeep\n|\n|t:|1775996051\n|switch|p1a: Kingambit|Kingambit, L50, M|100/100\n|turn|4\n|\n|t:|1775996059\n|move|p2a: Alakazam|Protect|p2a: Alakazam\n|-singleturn|p2a: Alakazam|Protect\n|move|p1b: Ampharos|Thunderbolt|p2a: Alakazam\n|-activate|p2a: Alakazam|move: Protect\n|move|p1a: Kingambit|Kowtow Cleave|p2b: Meowstic\n|-supereffective|p2b: Meowstic|1\n|-damage|p2b: Meowstic|0 fnt\n|faint|p2b: Meowstic\n|\n|upkeep\n|\n|t:|1775996075\n|switch|p2b: Garchomp|Garchomp, L50, F|100/100\n|turn|5\n|\n|t:|1775996089\n|move|p1b: Ampharos|Dragon Pulse|p2b: Garchomp\n|-supereffective|p2b: Garchomp|1\n|-damage|p2b: Garchomp|0 fnt\n|faint|p2b: Garchomp\n|move|p1a: Kingambit|Kowtow Cleave|p2a: Alakazam\n|-supereffective|p2a: Alakazam|1\n|-crit|p2a: Alakazam\n|-damage|p2a: Alakazam|0 fnt\n|faint|p2a: Alakazam\n|\n|-fieldend|move: Trick Room\n|upkeep\n|inactive|Battle timer is ON: inactive players will automatically lose when time's up. (requested by redravencellinia)\n|\n|t:|1775996133\n|switch|p2b: Orthworm|Orthworm, L50, F, shiny|75/100\n|turn|6\n|\n|t:|1775996157\n|move|p1a: Kingambit|Sucker Punch|p2b: Orthworm\n|-activate|p2b: Orthworm|move: Psychic Terrain\n|move|p2b: Orthworm|Body Press|p1a: Kingambit\n|-supereffective|p1a: Kingambit|2\n|-damage|p1a: Kingambit|8/100\n|move|p1b: Ampharos|Thunderbolt|p2b: Orthworm\n|-damage|p2b: Orthworm|0 fnt\n|faint|p2b: Orthworm\n|\n|win|redravencellinia\n|raw|redravencellinia's rating: 1089 &rarr; <strong>1122</strong><br />(+33 for winning)\n|raw|Gilgamon's rating: 1168 &rarr; <strong>1137</strong><br />(-31 for losing)\n",
  "uploadtime": 1775996166,
  "views": 21,
  "formatid": "gen9championsvgc2026regma",
  "rating": 1122,
  "private": 0,
  "password": null
}