{
  "id": "gen9championsvgc2026regma-2583341437",
  "format": "[Gen 9 Champions] VGC 2026 Reg M-A",
  "players": [
    "lakyzu98",
    "RUBICON-9"
  ],
  "log": "|j|\u2606lakyzu98\n|j|\u2606RUBICON-9\n|t:|1776168490\n|gametype|doubles\n|player|p1|lakyzu98|2|1156\n|player|p2|RUBICON-9|shauntal|1239\n|gen|9\n|tier|[Gen 9 Champions] VGC 2026 Reg M-A\n|rated|\n|rule|Species Clause: Limit one of each Pok\u00e9mon\n|rule|Item Clause: Limit 1 of each item\n|clearpoke\n|poke|p1|Sableye, L50, F|\n|poke|p1|Primarina, L50, M|\n|poke|p1|Politoed, L50, M|\n|poke|p1|Incineroar, L50, F|\n|poke|p1|Oranguru, L50, M|\n|poke|p1|Crabominable, L50, M|\n|poke|p2|Sneasler, L50, M|\n|poke|p2|Kingambit, L50, M|\n|poke|p2|Froslass, L50, F|\n|poke|p2|Basculegion, L50, M|\n|poke|p2|Archaludon, L50, M|\n|poke|p2|Delphox, L50, F|\n|teampreview|4\n|c|\u2606RUBICON-9|hiiiii based crab user\n|inactive|Battle timer is ON: inactive players will automatically lose when time's up. (requested by lakyzu98)\n|\n|t:|1776168533\n|teamsize|p1|4\n|teamsize|p2|4\n|start\n|switch|p1a: Sableye|Sableye, L50, F|100/100\n|switch|p1b: Oranguru|Oranguru, L50, M|100/100\n|switch|p2a: Crawler|Basculegion, L50, M|100/100\n|switch|p2b: Mannequin|Archaludon, L50, M|100/100\n|turn|1\n|c|\u2606RUBICON-9|god its a gimmick team\n|inactive|RUBICON-9 has 30 seconds left.\n|\n|t:|1776168565\n|move|p1b: Oranguru|Protect|p1b: Oranguru\n|-singleturn|p1b: Oranguru|Protect\n|move|p1a: Sableye|Will-O-Wisp|p2a: Crawler\n|-status|p2a: Crawler|brn\n|move|p2a: Crawler|Wave Crash|p1b: Oranguru\n|-activate|p1b: Oranguru|move: Protect\n|move|p2b: Mannequin|Draco Meteor|p1a: Sableye\n|-damage|p1a: Sableye|18/100\n|-unboost|p2b: Mannequin|spa|2\n|\n|-damage|p2a: Crawler|94/100 brn|[from] brn\n|upkeep\n|turn|2\n|c|\u2606lakyzu98|I guess you never played VGC before champions\n|inactive|lakyzu98 has 30 seconds left.\n|\n|t:|1776168590\n|switch|p2b: Bonesaw|Kingambit, L50, M|100/100\n|switch|p1a: Primarina|Primarina, L50, M|100/100\n|move|p2a: Crawler|Wave Crash|p1a: Primarina\n|-resisted|p1a: Primarina|1\n|-damage|p1a: Primarina|79/100\n|-damage|p2a: Crawler|87/100 brn|[from] Recoil\n|move|p1b: Oranguru|Trick Room|p1b: Oranguru\n|-fieldstart|move: Trick Room|[of] p1b: Oranguru\n|\n|-heal|p1a: Primarina|84/100|[from] item: Leftovers\n|-damage|p2a: Crawler|81/100 brn|[from] brn\n|upkeep\n|turn|3\n|inactive|lakyzu98 has 30 seconds left.\n|inactive|RUBICON-9 has 30 seconds left.\n|\n|t:|1776168618\n|move|p2b: Bonesaw|Iron Head|p1a: Primarina\n|-damage|p1a: Primarina|28/100\n|move|p1a: Primarina|Moonblast|p2b: Bonesaw\n|-damage|p2b: Bonesaw|55/100\n|move|p1b: Oranguru|Instruct|p1a: Primarina\n|-singleturn|p1a: Primarina|move: Instruct|[of] p1b: Oranguru\n|move|p1a: Primarina|Moonblast|p2b: Bonesaw\n|-damage|p2b: Bonesaw|8/100\n|move|p2a: Crawler|Wave Crash|p1b: Oranguru\n|-crit|p1b: Oranguru\n|-damage|p1b: Oranguru|47/100\n|-damage|p2a: Crawler|63/100 brn|[from] Recoil\n|\n|-heal|p1a: Primarina|34/100|[from] item: Leftovers\n|-damage|p2a: Crawler|57/100 brn|[from] brn\n|upkeep\n|turn|4\n|inactive|lakyzu98 has 30 seconds left.\n|\n|t:|1776168652\n|switch|p1b: Sableye|Sableye, L50, F|18/100\n|move|p2b: Bonesaw|Protect|p2b: Bonesaw\n|-singleturn|p2b: Bonesaw|Protect\n|move|p1a: Primarina|Protect|p1a: Primarina\n|-singleturn|p1a: Primarina|Protect\n|move|p2a: Crawler|Wave Crash|p1b: Sableye\n|-damage|p1b: Sableye|0 fnt\n|faint|p1b: Sableye\n|-damage|p2a: Crawler|53/100 brn|[from] Recoil\n|\n|-heal|p1a: Primarina|40/100|[from] item: Leftovers\n|-damage|p2a: Crawler|47/100 brn|[from] brn\n|upkeep\n|\n|t:|1776168661\n|switch|p1b: Incineroar|Incineroar, L50, F|100/100\n|-ability|p1b: Incineroar|Intimidate|boost\n|-unboost|p2a: Crawler|atk|1\n|-unboost|p2b: Bonesaw|atk|1\n|-ability|p2b: Bonesaw|Defiant|boost\n|-boost|p2b: Bonesaw|atk|2\n|turn|5\n|\n|t:|1776168675\n|move|p1b: Incineroar|Fake Out|p2b: Bonesaw\n|-resisted|p2b: Bonesaw|1\n|-damage|p2b: Bonesaw|4/100\n|cant|p2b: Bonesaw|flinch\n|move|p1a: Primarina|Moonblast|p2a: Crawler\n|-damage|p2a: Crawler|0 fnt\n|faint|p2a: Crawler\n|\n|-heal|p1a: Primarina|45/100|[from] item: Leftovers\n|upkeep\n|\n|t:|1776168686\n|switch|p2a: The Siberian|Froslass, L50, F|100/100\n|turn|6\n|\n|t:|1776168702\n|detailschange|p2a: The Siberian|Froslass-Mega, L50, F\n|-mega|p2a: The Siberian|Froslass|Froslassite\n|-weather|Snowscape|[from] ability: Snow Warning|[of] p2a: The Siberian\n|move|p2b: Bonesaw|Protect|p2b: Bonesaw\n|-singleturn|p2b: Bonesaw|Protect\n|move|p1a: Primarina|Protect|p1a: Primarina\n|-singleturn|p1a: Primarina|Protect\n|move|p2a: The Siberian|Protect|p2a: The Siberian\n|-singleturn|p2a: The Siberian|Protect\n|move|p1b: Incineroar|Darkest Lariat|p2a: The Siberian\n|-activate|p2a: The Siberian|move: Protect\n|\n|-weather|Snowscape|[upkeep]\n|-heal|p1a: Primarina|51/100|[from] item: Leftovers\n|-fieldend|move: Trick Room\n|upkeep\n|turn|7\n|c|\u2606RUBICON-9|what\n|inactive|RUBICON-9 has 30 seconds left.\n|c|\u2606RUBICON-9|huh???\n|\n|t:|1776168737\n|switch|p2a: Mannequin|Archaludon, L50, M|100/100\n|switch|p1a: Oranguru|Oranguru, L50, M|47/100\n|move|p1b: Incineroar|Flare Blitz|p2a: Mannequin\n|-damage|p2a: Mannequin|62/100\n|-ability|p2a: Mannequin|Stamina|boost\n|-boost|p2a: Mannequin|def|1\n|-damage|p1b: Incineroar|88/100|[from] Recoil\n|move|p2b: Bonesaw|Iron Head|p1a: Oranguru\n|-damage|p1a: Oranguru|0 fnt\n|faint|p1a: Oranguru\n|\n|-weather|Snowscape|[upkeep]\n|-heal|p2a: Mannequin|68/100|[from] item: Leftovers\n|upkeep\n|\n|t:|1776168748\n|switch|p1a: Primarina|Primarina, L50, M|51/100\n|turn|8\n|\n|t:|1776168764\n|move|p2a: Mannequin|Flash Cannon|p1a: Primarina\n|-damage|p1a: Primarina|15/100\n|-unboost|p1a: Primarina|spd|1\n|move|p1b: Incineroar|Darkest Lariat|p2b: Bonesaw\n|-resisted|p2b: Bonesaw|1\n|-damage|p2b: Bonesaw|0 fnt\n|faint|p2b: Bonesaw\n|move|p1a: Primarina|Moonblast|p2a: Mannequin\n|-damage|p2a: Mannequin|5/100\n|-ability|p2a: Mannequin|Stamina|boost\n|-boost|p2a: Mannequin|def|1\n|\n|-weather|Snowscape|[upkeep]\n|-heal|p2a: Mannequin|11/100|[from] item: Leftovers\n|-heal|p1a: Primarina|21/100|[from] item: Leftovers\n|upkeep\n|\n|t:|1776168777\n|switch|p2b: The Siberian|Froslass-Mega, L50, F|100/100\n|turn|9\n|\n|t:|1776168792\n|move|p1a: Primarina|Protect|p1a: Primarina\n|-singleturn|p1a: Primarina|Protect\n|move|p2b: The Siberian|Blizzard|p1a: Primarina|[spread] p1b\n|-activate|p1a: Primarina|move: Protect\n|-resisted|p1b: Incineroar|1\n|-damage|p1b: Incineroar|67/100\n|move|p2a: Mannequin|Draco Meteor|p1b: Incineroar\n|-damage|p1b: Incineroar|0 fnt\n|-unboost|p2a: Mannequin|spa|2\n|faint|p1b: Incineroar\n|\n|-weather|Snowscape|[upkeep]\n|-heal|p2a: Mannequin|17/100|[from] item: Leftovers\n|-heal|p1a: Primarina|27/100|[from] item: Leftovers\n|upkeep\n|turn|10\n|c|\u2606lakyzu98|gg\n|c|\u2606RUBICON-9|did you see that??\n|inactive|RUBICON-9 has 30 seconds left.\n|\n|t:|1776168822\n|move|p2b: The Siberian|Blizzard|p1a: Primarina\n|-resisted|p1a: Primarina|1\n|-damage|p1a: Primarina|0 fnt\n|faint|p1a: Primarina\n|\n|win|RUBICON-9\n|raw|lakyzu98's rating: 1156 &rarr; <strong>1137</strong><br />(-19 for losing)\n|raw|RUBICON-9's rating: 1239 &rarr; <strong>1258</strong><br />(+19 for winning)\n|l|\u2606lakyzu98\n|player|p1|\n",
  "uploadtime": 1776168827,
  "views": 14,
  "formatid": "gen9championsvgc2026regma",
  "rating": 1137,
  "private": 0,
  "password": null
}