{
  "id": "gen9championsvgc2026regma-2584401053",
  "format": "[Gen 9 Champions] VGC 2026 Reg M-A",
  "players": [
    "pedrix021",
    "NaWuu"
  ],
  "log": "|j|\u2606pedrix021\n|j|\u2606NaWuu\n|t:|1776258177\n|gametype|doubles\n|player|p1|pedrix021|cynthia-gen4|1087\n|player|p2|NaWuu|101|1065\n|gen|9\n|tier|[Gen 9 Champions] VGC 2026 Reg M-A\n|rated|\n|rule|Species Clause: Limit one of each Pok\u00e9mon\n|rule|Item Clause: Limit 1 of each item\n|clearpoke\n|poke|p1|Tyranitar, L50, M|\n|poke|p1|Lycanroc, L50, F|\n|poke|p1|Gyarados, L50, F|\n|poke|p1|Sylveon, L50, M|\n|poke|p1|Talonflame, L50, M|\n|poke|p1|Garchomp, L50, F|\n|poke|p2|Gengar, L50, M|\n|poke|p2|Kommo-o, L50, F|\n|poke|p2|Incineroar, L50, F|\n|poke|p2|Kingambit, L50, M|\n|poke|p2|Maushold-Four, L50|\n|poke|p2|Araquanid, L50, F|\n|teampreview|4\n|l|\u2606NaWuu\n|player|p2|\n|j|\u2606NaWuu\n|player|p2|NaWuu|101|\n|\n|t:|1776258230\n|teamsize|p1|4\n|teamsize|p2|4\n|start\n|switch|p1a: Tyranitar|Tyranitar, L50, M|100/100\n|switch|p1b: Garchomp|Garchomp, L50, F|100/100\n|switch|p2a: Araquanid|Araquanid, L50, F|100/100\n|switch|p2b: Kingambit|Kingambit, L50, M|100/100\n|-weather|Sandstorm|[from] ability: Sand Stream|[of] p1a: Tyranitar\n|turn|1\n|\n|t:|1776258257\n|move|p1a: Tyranitar|Protect|p1a: Tyranitar\n|-singleturn|p1a: Tyranitar|Protect\n|move|p2a: Araquanid|Wide Guard|p2a: Araquanid\n|-singleturn|p2a: Araquanid|Wide Guard\n|move|p1b: Garchomp|Earthquake|p2b: Kingambit|[spread] \n|-activate|p2a: Araquanid|move: Wide Guard\n|-activate|p2b: Kingambit|move: Wide Guard\n|-activate|p1a: Tyranitar|move: Protect\n|move|p2b: Kingambit|Swords Dance|p2b: Kingambit\n|-boost|p2b: Kingambit|atk|2\n|\n|-weather|Sandstorm|[upkeep]\n|-damage|p2a: Araquanid|95/100|[from] Sandstorm\n|-heal|p2a: Araquanid|100/100|[from] item: Leftovers\n|upkeep\n|turn|2\n|inactive|Battle timer is ON: inactive players will automatically lose when time's up. (requested by NaWuu)\n|inactive|NaWuu has 60 seconds left.\n|\n|t:|1776258289\n|detailschange|p1a: Tyranitar|Tyranitar-Mega, L50, M\n|-mega|p1a: Tyranitar|Tyranitar|Tyranitarite\n|move|p2a: Araquanid|Wide Guard|p2a: Araquanid\n|-singleturn|p2a: Araquanid|Wide Guard\n|move|p1b: Garchomp|Stomping Tantrum|p2b: Kingambit\n|-supereffective|p2b: Kingambit|1\n|-damage|p2b: Kingambit|36/100\n|move|p1a: Tyranitar|Knock Off|p2b: Kingambit\n|-resisted|p2b: Kingambit|1\n|-damage|p2b: Kingambit|11/100\n|-enditem|p2b: Kingambit|Black Glasses|[from] move: Knock Off|[of] p1a: Tyranitar\n|move|p2b: Kingambit|Swords Dance|p2b: Kingambit\n|-boost|p2b: Kingambit|atk|2\n|\n|-weather|Sandstorm|[upkeep]\n|-damage|p2a: Araquanid|95/100|[from] Sandstorm\n|-heal|p2a: Araquanid|100/100|[from] item: Leftovers\n|upkeep\n|turn|3\n|inactive|pedrix021 has 30 seconds left.\n|inactive|NaWuu has 30 seconds left.\n|inactive|NaWuu has 20 seconds left.\n|inactive|NaWuu has 15 seconds left.\n|inactive|pedrix021 has 20 seconds left.\n|inactive|NaWuu has 10 seconds left.\n|inactive|NaWuu has 5 seconds left.\n|\n|t:|1776258344\n|move|p1b: Garchomp|Protect|p1b: Garchomp\n|-singleturn|p1b: Garchomp|Protect\n|move|p2b: Kingambit|Protect|p2b: Kingambit\n|-singleturn|p2b: Kingambit|Protect\n|move|p2a: Araquanid|Protect||[still]\n|-fail|p2a: Araquanid\n|move|p1a: Tyranitar|Knock Off|p2b: Kingambit\n|-activate|p2b: Kingambit|move: Protect\n|\n|-weather|Sandstorm|[upkeep]\n|-damage|p2a: Araquanid|95/100|[from] Sandstorm\n|-heal|p2a: Araquanid|100/100|[from] item: Leftovers\n|upkeep\n|turn|4\n|\n|t:|1776258363\n|move|p2b: Kingambit|Sucker Punch|p1b: Garchomp\n|-damage|p1b: Garchomp|0 fnt\n|-damage|p2b: Kingambit|0 fnt|[from] ability: Rough Skin|[of] p1b: Garchomp\n|faint|p1b: Garchomp\n|faint|p2b: Kingambit\n|move|p1a: Tyranitar|Knock Off|p2a: Araquanid\n|-damage|p2a: Araquanid|50/100\n|-enditem|p2a: Araquanid|Leftovers|[from] move: Knock Off|[of] p1a: Tyranitar\n|move|p2a: Araquanid|Liquidation|p1a: Tyranitar\n|-supereffective|p1a: Tyranitar|1\n|-damage|p1a: Tyranitar|50/100\n|\n|-weather|Sandstorm|[upkeep]\n|-damage|p2a: Araquanid|44/100|[from] Sandstorm\n|upkeep\n|\n|t:|1776258380\n|switch|p1b: Talonflame|Talonflame, L50, M|100/100\n|switch|p2b: Incineroar|Incineroar, L50, F|100/100\n|-ability|p2b: Incineroar|Intimidate|boost\n|-unboost|p1a: Tyranitar|atk|1\n|-unboost|p1b: Talonflame|atk|1\n|turn|5\n|inactive|NaWuu has 30 seconds left.\n|inactive|pedrix021 has 30 seconds left.\n|inactive|NaWuu has 20 seconds left.\n|\n|t:|1776258417\n|move|p2b: Incineroar|Fake Out|p1b: Talonflame\n|-damage|p1b: Talonflame|84/100\n|cant|p1b: Talonflame|flinch\n|move|p1a: Tyranitar|Knock Off|p2a: Araquanid\n|-damage|p2a: Araquanid|22/100\n|move|p2a: Araquanid|Liquidation|p1a: Tyranitar\n|-supereffective|p1a: Tyranitar|1\n|-damage|p1a: Tyranitar|0 fnt\n|faint|p1a: Tyranitar\n|\n|-weather|none\n|-heal|p1b: Talonflame|90/100|[from] item: Leftovers\n|upkeep\n|\n|t:|1776258432\n|switch|p1a: Gyarados|Gyarados, L50, F|100/100\n|-ability|p1a: Gyarados|Intimidate|boost\n|-unboost|p2a: Araquanid|atk|1\n|-unboost|p2b: Incineroar|atk|1\n|turn|6\n|\n|t:|1776258450\n|move|p2a: Araquanid|Protect|p2a: Araquanid\n|-singleturn|p2a: Araquanid|Protect\n|move|p1b: Talonflame|Overheat|p2a: Araquanid\n|-activate|p2a: Araquanid|move: Protect\n|move|p1a: Gyarados|Waterfall|p2b: Incineroar\n|-supereffective|p2b: Incineroar|1\n|-crit|p2b: Incineroar\n|-damage|p2b: Incineroar|0 fnt\n|faint|p2b: Incineroar\n|\n|-heal|p1b: Talonflame|95/100|[from] item: Leftovers\n|upkeep\n|\n|t:|1776258458\n|switch|p2b: Gengar|Gengar, L50, M|100/100\n|turn|7\n|inactive|NaWuu has 30 seconds left.\n|\n|t:|1776258490\n|detailschange|p2b: Gengar|Gengar-Mega, L50, M\n|-mega|p2b: Gengar|Gengar|Gengarite\n|move|p2b: Gengar|Protect|p2b: Gengar\n|-singleturn|p2b: Gengar|Protect\n|move|p1b: Talonflame|Overheat|p2a: Araquanid\n|-damage|p2a: Araquanid|3/100\n|-unboost|p1b: Talonflame|spa|2\n|move|p1a: Gyarados|Thunder Wave|p2b: Gengar\n|-activate|p2b: Gengar|move: Protect\n|move|p2a: Araquanid|Liquidation|p1b: Talonflame\n|-supereffective|p1b: Talonflame|1\n|-crit|p1b: Talonflame\n|-damage|p1b: Talonflame|0 fnt\n|faint|p1b: Talonflame\n|\n|upkeep\n|turn|8\n|inactive|NaWuu has 30 seconds left.\n|\n|t:|1776258518\n|move|p2b: Gengar|Shadow Ball|p1a: Gyarados\n|-damage|p1a: Gyarados|56/100\n|move|p1a: Gyarados|Iron Head|p2a: Araquanid\n|-resisted|p2a: Araquanid|1\n|-damage|p2a: Araquanid|0 fnt\n|faint|p2a: Araquanid\n|\n|upkeep\n|turn|9\n|\n|t:|1776258531\n|move|p2b: Gengar|Shadow Ball|p1a: Gyarados\n|-damage|p1a: Gyarados|13/100\n|-enditem|p1a: Gyarados|Sitrus Berry|[eat]\n|-heal|p1a: Gyarados|37/100|[from] item: Sitrus Berry\n|move|p1a: Gyarados|Waterfall|p2b: Gengar\n|-damage|p2b: Gengar|47/100\n|\n|upkeep\n|turn|10\n|\n|t:|1776258540\n|move|p2b: Gengar|Shadow Ball|p1a: Gyarados\n|-damage|p1a: Gyarados|0 fnt\n|faint|p1a: Gyarados\n|\n|win|NaWuu\n|raw|pedrix021's rating: 1087 &rarr; <strong>1062</strong><br />(-25 for losing)\n|raw|NaWuu's rating: 1065 &rarr; <strong>1097</strong><br />(+32 for winning)\n|l|\u2606pedrix021\n|player|p1|\n",
  "uploadtime": 1776258545,
  "views": 43,
  "formatid": "gen9championsvgc2026regma",
  "rating": 1062,
  "private": 0,
  "password": null
}