{
  "id": "gen9championsvgc2026regma-2582751093",
  "format": "[Gen 9 Champions] VGC 2026 Reg M-A",
  "players": [
    "Mcslicks",
    "pauao"
  ],
  "log": "|j|\u2606Mcslicks\n|j|\u2606pauao\n|t:|1776111562\n|gametype|doubles\n|player|p1|Mcslicks|101|1095\n|player|p2|pauao|265|1000\n|gen|9\n|tier|[Gen 9 Champions] VGC 2026 Reg M-A\n|rated|\n|rule|Species Clause: Limit one of each Pok\u00e9mon\n|rule|Item Clause: Limit 1 of each item\n|clearpoke\n|poke|p1|Blastoise, L50, M|\n|poke|p1|Oranguru, L50, M|\n|poke|p1|Conkeldurr, L50, F|\n|poke|p1|Incineroar, L50, F|\n|poke|p1|Pelipper, L50, F|\n|poke|p1|Appletun, L50, F|\n|poke|p2|Froslass, L50, F|\n|poke|p2|Orthworm, L50, F|\n|poke|p2|Garchomp, L50, M|\n|poke|p2|Rotom-Frost, L50|\n|poke|p2|Basculegion, L50, M|\n|poke|p2|Incineroar, L50, F|\n|teampreview|4\nMcslicks has agreed to open team sheets.\npauao has agreed to open team sheets.\n|showteam|p1|Blastoise||Blastoisinite|Torrent|WaterSpout,WaterPulse,Protect,FakeOut|||M|||50|]Oranguru||MentalHerb|InnerFocus|TrickRoom,Instruct,Psychic,Protect|||M|||50|]Conkeldurr||BlackBelt|IronFist|HammerArm,RockSlide,Protect,IcePunch|||F|||50|]Incineroar||SitrusBerry|Blaze|DarkestLariat,FakeOut,FlareBlitz,PartingShot|||F|||50|]Pelipper||FocusSash|Drizzle|Hurricane,Surf,Protect,WeatherBall|||F|||50|]Appletun||Leftovers|ThickFat|AppleAcid,DragonPulse,Protect,GigaDrain|||F|||50|\n|showteam|p2|Froslass||Froslassite|SnowCloak|Blizzard,ShadowBall,Protect,NastyPlot|||F|||50|]Orthworm||SitrusBerry|EarthEater|IronDefense,ShedTail,HeavySlam,BodyPress|||F|||50|]Garchomp||FocusSash|RoughSkin|Earthquake,DragonClaw,Protect,RockSlide|||M|||50|]Rotom-Frost||NeverMeltIce|Levitate|Blizzard,Thunderbolt,Protect,HelpingHand||||||50|]Basculegion||ChoiceScarf|SwiftSwim|FlipTurn,LastRespects,WaveCrash,AquaJet|||M|||50|]Incineroar||LumBerry|Intimidate|PartingShot,FakeOut,FlareBlitz,DarkestLariat|||F|||50|\n|inactive|Battle timer is ON: inactive players will automatically lose when time's up. (requested by pauao)\n|inactive|pauao has 60 seconds left.\n|inactive|Mcslicks also wants the timer to be on.\n|inactive|pauao has 30 seconds left.\n|inactive|pauao has 20 seconds left.\n|inactive|pauao has 15 seconds left.\n|inactive|pauao has 10 seconds left.\n|inactive|pauao has 5 seconds left.\n|c|\u2606Mcslicks|Gg?\n|\n|t:|1776111763\n|teamsize|p1|4\n|teamsize|p2|4\n|start\n|switch|p1a: Oranguru|Oranguru, L50, M|100/100\n|switch|p1b: Blastoise|Blastoise, L50, M|100/100\n|switch|p2a: Froslass|Froslass, L50, F|100/100\n|switch|p2b: Orthworm|Orthworm, L50, F|100/100\n|turn|1\n|inactive|pauao has 30 seconds left.\n|inactive|pauao has 20 seconds left.\n|\n|t:|1776111799\n|move|p1b: Blastoise|Fake Out|p2b: Orthworm\n|-resisted|p2b: Orthworm|1\n|-damage|p2b: Orthworm|98/100\n|move|p2a: Froslass|Nasty Plot|p2a: Froslass\n|-boost|p2a: Froslass|spa|2\n|cant|p2b: Orthworm|flinch\n|move|p1a: Oranguru|Trick Room|p1a: Oranguru\n|-fieldstart|move: Trick Room|[of] p1a: Oranguru\n|\n|upkeep\n|turn|2\n|inactive|pauao has 30 seconds left.\n|\n|t:|1776111832\n|detailschange|p1b: Blastoise|Blastoise-Mega, L50, M\n|-mega|p1b: Blastoise|Blastoise|Blastoisinite\n|detailschange|p2a: Froslass|Froslass-Mega, L50, F\n|-mega|p2a: Froslass|Froslass|Froslassite\n|-weather|Snowscape|[from] ability: Snow Warning|[of] p2a: Froslass\n|move|p1a: Oranguru|Psychic|p2b: Orthworm\n|-resisted|p2b: Orthworm|1\n|-damage|p2b: Orthworm|83/100\n|move|p2b: Orthworm|Heavy Slam|p1a: Oranguru\n|-damage|p1a: Oranguru|77/100\n|move|p1b: Blastoise|Water Spout|p2a: Froslass|[spread] p2a,p2b\n|-damage|p2a: Froslass|40/100\n|-damage|p2b: Orthworm|17/100\n|-enditem|p2b: Orthworm|Sitrus Berry|[eat]\n|-heal|p2b: Orthworm|42/100|[from] item: Sitrus Berry\n|move|p2a: Froslass|Blizzard|p1a: Oranguru|[spread] p1a,p1b\n|-resisted|p1b: Blastoise|1\n|-damage|p1a: Oranguru|18/100\n|-damage|p1b: Blastoise|68/100\n|\n|-weather|Snowscape|[upkeep]\n|upkeep\n|turn|3\n|inactive|Mcslicks has 30 seconds left.\n|inactive|pauao has 30 seconds left.\n|inactive|pauao has 20 seconds left.\n|inactive|pauao has 15 seconds left.\n|\n|t:|1776111876\n|move|p2a: Froslass|Protect|p2a: Froslass\n|-singleturn|p2a: Froslass|Protect\n|move|p1a: Oranguru|Instruct|p1b: Blastoise\n|-singleturn|p1b: Blastoise|move: Instruct|[of] p1a: Oranguru\n|move|p1b: Blastoise|Water Spout|p2a: Froslass|[spread] p2b\n|-activate|p2a: Froslass|move: Protect\n|-crit|p2b: Orthworm\n|-damage|p2b: Orthworm|0 fnt\n|faint|p2b: Orthworm\n|move|p1b: Blastoise|Water Spout|p2a: Froslass\n|-activate|p2a: Froslass|move: Protect\n|\n|-weather|Snowscape|[upkeep]\n|upkeep\n|inactive|pauao has 30 seconds left.\n|\n|t:|1776111902\n|switch|p2b: Rotom|Rotom-Frost, L50|100/100\n|turn|4\n|\n|t:|1776111908\n|switch|p1a: Pelipper|Pelipper, L50, F|100/100\n|-weather|RainDance|[from] ability: Drizzle|[of] p1a: Pelipper\n|move|p1b: Blastoise|Water Pulse|p2a: Froslass\n|-crit|p2a: Froslass\n|-damage|p2a: Froslass|0 fnt\n|faint|p2a: Froslass\n|move|p2b: Rotom|Blizzard|p1a: Pelipper|[spread] p1a\n|-miss|p2b: Rotom|p1b: Blastoise\n|-damage|p1a: Pelipper|39/100\n|\n|-weather|RainDance|[upkeep]\n|upkeep\n|\n|t:|1776111920\n|switch|p2a: Garchomp|Garchomp, L50, M|100/100\n|turn|5\n|\n|t:|1776111928\n|move|p2b: Rotom|Helping Hand|p2a: Garchomp\n|-singleturn|p2a: Garchomp|Helping Hand|[of] p2b: Rotom\n|move|p1b: Blastoise|Protect|p1b: Blastoise\n|-singleturn|p1b: Blastoise|Protect\n|move|p1a: Pelipper|Surf|p2b: Rotom|[spread] p2a,p2b\n|-activate|p1b: Blastoise|move: Protect\n|-damage|p2a: Garchomp|51/100\n|-damage|p2b: Rotom|49/100\n|move|p2a: Garchomp|Rock Slide|p1a: Pelipper|[spread] p1a\n|-activate|p1b: Blastoise|move: Protect\n|-supereffective|p1a: Pelipper|1\n|-damage|p1a: Pelipper|0 fnt\n|faint|p1a: Pelipper\n|\n|-weather|RainDance|[upkeep]\n|-fieldend|move: Trick Room\n|upkeep\n|\n|t:|1776111945\n|switch|p1a: Conkeldurr|Conkeldurr, L50, F|100/100\n|turn|6\n|\n|t:|1776111954\n|move|p2a: Garchomp|Earthquake|p1b: Blastoise|[spread] p1a,p1b\n|-immune|p2b: Rotom|[from] ability: Levitate\n|-damage|p1a: Conkeldurr|67/100\n|-damage|p1b: Blastoise|38/100\n|move|p2b: Rotom|Thunderbolt|p1b: Blastoise\n|-supereffective|p1b: Blastoise|1\n|-damage|p1b: Blastoise|0 fnt\n|faint|p1b: Blastoise\n|move|p1a: Conkeldurr|Hammer Arm|p2b: Rotom\n|-supereffective|p2b: Rotom|1\n|-crit|p2b: Rotom\n|-damage|p2b: Rotom|0 fnt\n|-unboost|p1a: Conkeldurr|spe|1\n|faint|p2b: Rotom\n|\n|-weather|RainDance|[upkeep]\n|upkeep\n|\n|t:|1776111970\n|switch|p1b: Oranguru|Oranguru, L50, M|18/100\n|turn|7\n|\n|t:|1776111985\n|move|p1b: Oranguru|Protect|p1b: Oranguru\n|-singleturn|p1b: Oranguru|Protect\n|move|p2a: Garchomp|Earthquake|p1b: Oranguru|[spread] p1a\n|-activate|p1b: Oranguru|move: Protect\n|-damage|p1a: Conkeldurr|34/100\n|move|p1a: Conkeldurr|Ice Punch|p2a: Garchomp\n|-supereffective|p2a: Garchomp|2\n|-damage|p2a: Garchomp|0 fnt\n|-damage|p1a: Conkeldurr|22/100|[from] ability: Rough Skin|[of] p2a: Garchomp\n|faint|p2a: Garchomp\n|\n|win|Mcslicks\n|raw|Mcslicks's rating: 1095 &rarr; <strong>1114</strong><br />(+19 for winning)\n|raw|pauao's rating: 1000 &rarr; <strong>1000</strong><br />(+0 for losing)\n|l|\u2606pauao\n|player|p2|\n",
  "uploadtime": 1776112007,
  "views": 14,
  "formatid": "gen9championsvgc2026regma",
  "rating": 1000,
  "private": 0,
  "password": null
}