{
  "id": "gen9championsvgc2026regma-2585620325",
  "format": "[Gen 9 Champions] VGC 2026 Reg M-A",
  "players": [
    "Darpydragoon",
    "edo ghira"
  ],
  "log": "|j|\u2606Darpydragoon\n|j|\u2606edo ghira\n|t:|1776359360\n|gametype|doubles\n|player|p1|Darpydragoon|266|1037\n|player|p2|edo ghira|lance|1109\n|gen|9\n|tier|[Gen 9 Champions] VGC 2026 Reg M-A\n|rated|\n|rule|Species Clause: Limit one of each Pok\u00e9mon\n|rule|Item Clause: Limit 1 of each item\n|clearpoke\n|poke|p1|Garganacl, L50, F|\n|poke|p1|Azumarill, L50, F|\n|poke|p1|Incineroar, L50, M|\n|poke|p1|Sneasler, L50, F|\n|poke|p1|Froslass, L50, F|\n|poke|p1|Polteageist, L50|\n|poke|p2|Oranguru, L50, M|\n|poke|p2|Golurk, L50|\n|poke|p2|Incineroar, L50, F|\n|poke|p2|Conkeldurr, L50, M|\n|poke|p2|Maushold-Four, L50|\n|poke|p2|Empoleon, L50, M|\n|teampreview|4\n|inactive|Battle timer is ON: inactive players will automatically lose when time's up. (requested by Darpydragoon)\nDarpydragoon rejected open team sheets.\n|inactive|edo ghira has 60 seconds left.\n|\n|t:|1776359396\n|teamsize|p1|4\n|teamsize|p2|4\n|start\n|switch|p1a: Garganacl|Garganacl, L50, F|100/100\n|switch|p1b: Azumarill|Azumarill, L50, F|100/100\n|switch|p2a: Oranguru|Oranguru, L50, M|100/100\n|switch|p2b: Incineroar|Incineroar, L50, F|100/100\n|-ability|p2b: Incineroar|Intimidate|boost\n|-unboost|p1a: Garganacl|atk|1\n|-unboost|p1b: Azumarill|atk|1\n|turn|1\n|inactive|edo ghira has 30 seconds left.\n|\n|t:|1776359426\n|switch|p1b: Polteageist|Polteageist, L50|100/100\n|move|p2b: Incineroar|Parting Shot|p1b: Polteageist\n|-unboost|p1b: Polteageist|atk|1\n|-unboost|p1b: Polteageist|spa|1\n|\n|t:|1776359434\n|switch|p2b: Golurk|Golurk, L50|100/100|[from] Parting Shot\n|-enditem|p1b: Polteageist|White Herb\n|-clearnegativeboost|p1b: Polteageist|[silent]\n|move|p1a: Garganacl|Stealth Rock|p2a: Oranguru\n|-sidestart|p2: edo ghira|move: Stealth Rock\n|move|p2a: Oranguru|Trick Room|p2a: Oranguru\n|-fieldstart|move: Trick Room|[of] p2a: Oranguru\n|\n|upkeep\n|turn|2\n|\n|t:|1776359459\n|detailschange|p2b: Golurk|Golurk-Mega, L50\n|-mega|p2b: Golurk|Golurk|Golurkite\n|move|p1a: Garganacl|Salt Cure|p2b: Golurk\n|-resisted|p2b: Golurk|1\n|-damage|p2b: Golurk|96/100\n|-start|p2b: Golurk|Salt Cure\n|move|p2b: Golurk|Poltergeist||[still]\n|-fail|p2b: Golurk\n|move|p2a: Oranguru|Instruct|p2b: Golurk\n|-singleturn|p2b: Golurk|move: Instruct|[of] p2a: Oranguru\n|move|p2b: Golurk|Poltergeist||[still]\n|-fail|p2b: Golurk\n|move|p1b: Polteageist|Strength Sap|p2b: Golurk\n|-unboost|p2b: Golurk|atk|1\n|\n|-damage|p2b: Golurk|90/100|[from] Salt Cure\n|upkeep\n|turn|3\n|\n|t:|1776359481\n|move|p1a: Garganacl|Salt Cure|p2a: Oranguru\n|-damage|p2a: Oranguru|92/100\n|-start|p2a: Oranguru|Salt Cure\n|move|p2b: Golurk|Headlong Rush|p1a: Garganacl\n|-supereffective|p1a: Garganacl|1\n|-damage|p1a: Garganacl|33/100\n|-unboost|p2b: Golurk|def|1\n|-unboost|p2b: Golurk|spd|1\n|move|p2a: Oranguru|Instruct|p2b: Golurk\n|-singleturn|p2b: Golurk|move: Instruct|[of] p2a: Oranguru\n|move|p2b: Golurk|Headlong Rush|p1a: Garganacl\n|-supereffective|p1a: Garganacl|1\n|-damage|p1a: Garganacl|0 fnt\n|-unboost|p2b: Golurk|def|1\n|-unboost|p2b: Golurk|spd|1\n|faint|p1a: Garganacl\n|move|p1b: Polteageist|Shell Smash|p1b: Polteageist\n|-unboost|p1b: Polteageist|def|1\n|-unboost|p1b: Polteageist|spd|1\n|-boost|p1b: Polteageist|atk|2\n|-boost|p1b: Polteageist|spa|2\n|-boost|p1b: Polteageist|spe|2\n|\n|-damage|p2b: Golurk|84/100|[from] Salt Cure\n|-damage|p2a: Oranguru|86/100|[from] Salt Cure\n|upkeep\n|\n|t:|1776359502\n|switch|p1a: Azumarill|Azumarill, L50, F|100/100\n|turn|4\n|\n|t:|1776359521\n|move|p1a: Azumarill|Aqua Jet|p2b: Golurk\n|-supereffective|p2b: Golurk|1\n|-damage|p2b: Golurk|37/100\n|move|p2b: Golurk|Headlong Rush|p1b: Polteageist\n|-damage|p1b: Polteageist|0 fnt\n|-unboost|p2b: Golurk|def|1\n|-unboost|p2b: Golurk|spd|1\n|faint|p1b: Polteageist\n|move|p2a: Oranguru|Instruct|p2b: Golurk\n|-singleturn|p2b: Golurk|move: Instruct|[of] p2a: Oranguru\n|move|p2b: Golurk|Headlong Rush|p1a: Azumarill\n|-damage|p1a: Azumarill|48/100\n|-unboost|p2b: Golurk|def|1\n|-unboost|p2b: Golurk|spd|1\n|-enditem|p1a: Azumarill|Sitrus Berry|[eat]\n|-heal|p1a: Azumarill|73/100|[from] item: Sitrus Berry\n|\n|-damage|p2b: Golurk|31/100|[from] Salt Cure\n|-damage|p2a: Oranguru|80/100|[from] Salt Cure\n|upkeep\n|\n|t:|1776359538\n|switch|p1b: Sneasler|Sneasler, L50, F|100/100\n|turn|5\n|\n|t:|1776359545\n|switch|p2b: Incineroar|Incineroar, L50, F|100/100\n|-damage|p2b: Incineroar|76/100|[from] Stealth Rock\n|-ability|p2b: Incineroar|Intimidate|boost\n|-unboost|p1a: Azumarill|atk|1\n|-unboost|p1b: Sneasler|atk|1\n|move|p1b: Sneasler|Fake Out|p2a: Oranguru\n|-damage|p2a: Oranguru|72/100\n|move|p1a: Azumarill|Aqua Jet|p2b: Incineroar\n|-supereffective|p2b: Incineroar|1\n|-damage|p2b: Incineroar|63/100\n|move|p2a: Oranguru|Thunderbolt|p1a: Azumarill\n|-supereffective|p1a: Azumarill|1\n|-damage|p1a: Azumarill|32/100\n|\n|-damage|p2a: Oranguru|65/100|[from] Salt Cure\n|-fieldend|move: Trick Room\n|upkeep\n|turn|6\n|-message|Darpydragoon forfeited.\n|\n|win|edo ghira\n|raw|Darpydragoon's rating: 1037 &rarr; <strong>1025</strong><br />(-12 for losing)\n|raw|edo ghira's rating: 1109 &rarr; <strong>1129</strong><br />(+20 for winning)\n|l|\u2606Darpydragoon\n|player|p1|\n",
  "uploadtime": 1776359571,
  "views": 27,
  "formatid": "gen9championsvgc2026regma",
  "rating": 1025,
  "private": 0,
  "password": null
}