{
  "id": "gen9championsvgc2026regma-2584281209",
  "format": "[Gen 9 Champions] VGC 2026 Reg M-A",
  "players": [
    "MAOSAI",
    "zane121"
  ],
  "log": "|j|\u2606MAOSAI\n|j|\u2606zane121\n|t:|1776246676\n|gametype|doubles\n|player|p1|MAOSAI|elesa|1234\n|player|p2|zane121|swimmerf-gen4dp|1153\n|gen|9\n|tier|[Gen 9 Champions] VGC 2026 Reg M-A\n|rated|\n|rule|Species Clause: Limit one of each Pok\u00e9mon\n|rule|Item Clause: Limit 1 of each item\n|clearpoke\n|poke|p1|Armarouge, L50, M|\n|poke|p1|Charizard, L50, F|\n|poke|p1|Heliolisk, L50, M|\n|poke|p1|Hatterene, L50, F|\n|poke|p1|Floette-Eternal, L50, F|\n|poke|p1|Farigiraf, L50, F|\n|poke|p2|Kleavor, L50, F|\n|poke|p2|Scizor, L50, F|\n|poke|p2|Pinsir, L50, M|\n|poke|p2|Meganium, L50, F|\n|poke|p2|Tyranitar, L50, M|\n|poke|p2|Rotom-Wash, L50|\n|teampreview|4\n|inactive|Battle timer is ON: inactive players will automatically lose when time's up. (requested by zane121)\nzane121 rejected open team sheets.\n|\n|t:|1776246709\n|teamsize|p1|4\n|teamsize|p2|4\n|start\n|switch|p1a: Farigiraf|Farigiraf, L50, F|100/100\n|switch|p1b: Hatterene|Hatterene, L50, F|100/100\n|switch|p2a: Tyranitar|Tyranitar, L50, M|100/100\n|switch|p2b: Kleavor|Kleavor, L50, F|100/100\n|-weather|Sandstorm|[from] ability: Sand Stream|[of] p2a: Tyranitar\n|turn|1\n|inactive|MAOSAI has 30 seconds left.\n|inactive|zane121 has 30 seconds left.\n|inactive|MAOSAI has 20 seconds left.\n|inactive|zane121 has 20 seconds left.\n|inactive|MAOSAI has 15 seconds left.\n|\n|t:|1776246753\n|move|p2b: Kleavor|Night Slash|p1a: Farigiraf\n|-supereffective|p1a: Farigiraf|1\n|-damage|p1a: Farigiraf|27/100\n|move|p2a: Tyranitar|Rock Slide|p1b: Hatterene|[spread] \n|-miss|p2a: Tyranitar|p1a: Farigiraf\n|-miss|p2a: Tyranitar|p1b: Hatterene\n|move|p1b: Hatterene|Psychic Terrain|p1b: Hatterene\n|-fieldstart|move: Psychic Terrain\n|move|p1a: Farigiraf|Trick Room|p1a: Farigiraf\n|-fieldstart|move: Trick Room|[of] p1a: Farigiraf\n|\n|-weather|Sandstorm|[upkeep]\n|-damage|p1b: Hatterene|94/100|[from] Sandstorm\n|-damage|p1a: Farigiraf|20/100|[from] Sandstorm\n|upkeep\n|turn|2\n|\n|t:|1776246771\n|move|p2a: Tyranitar|Protect|p2a: Tyranitar\n|-singleturn|p2a: Tyranitar|Protect\n|move|p1b: Hatterene|Dazzling Gleam|p2b: Kleavor|[spread] p2b\n|-activate|p2a: Tyranitar|move: Protect\n|-damage|p2b: Kleavor|63/100\n|move|p1a: Farigiraf|Expanding Force|p2a: Tyranitar|[spread] p2b\n|-activate|p2a: Tyranitar|move: Protect\n|-damage|p2b: Kleavor|3/100\n|move|p2b: Kleavor|Night Slash|p1a: Farigiraf\n|-supereffective|p1a: Farigiraf|1\n|-crit|p1a: Farigiraf\n|-damage|p1a: Farigiraf|0 fnt\n|faint|p1a: Farigiraf\n|\n|-weather|Sandstorm|[upkeep]\n|-damage|p1b: Hatterene|88/100|[from] Sandstorm\n|upkeep\n|\n|t:|1776246786\n|switch|p1a: Charizard|Charizard, L50, F|100/100\n|turn|3\n|\n|t:|1776246797\n|switch|p2a: Scizor|Scizor, L50, F|100/100\n|switch|p2b: Rotom|Rotom-Wash, L50|100/100\n|move|p1b: Hatterene|Dazzling Gleam|p2a: Scizor|[spread] p2a,p2b\n|-resisted|p2a: Scizor|1\n|-damage|p2a: Scizor|75/100\n|-damage|p2b: Rotom|65/100\n|move|p1a: Charizard|Will-O-Wisp|p2a: Scizor|[miss]\n|-miss|p1a: Charizard|p2a: Scizor\n|\n|-weather|Sandstorm|[upkeep]\n|-damage|p1b: Hatterene|82/100|[from] Sandstorm\n|-damage|p2b: Rotom|60/100|[from] Sandstorm\n|-damage|p1a: Charizard|95/100|[from] Sandstorm\n|upkeep\n|turn|4\n|inactive|MAOSAI has 30 seconds left.\n|inactive|zane121 has 30 seconds left.\n|inactive|MAOSAI has 20 seconds left.\n|\n|t:|1776246836\n|move|p2a: Scizor|Protect|p2a: Scizor\n|-singleturn|p2a: Scizor|Protect\n|move|p1b: Hatterene|Expanding Force|p2b: Rotom|[spread] p2b\n|-activate|p2a: Scizor|move: Protect\n|-damage|p2b: Rotom|0 fnt\n|faint|p2b: Rotom\n|move|p1a: Charizard|Flamethrower|p2a: Scizor\n|-activate|p2a: Scizor|move: Protect\n|\n|-weather|Sandstorm|[upkeep]\n|-damage|p1b: Hatterene|76/100|[from] Sandstorm\n|-damage|p1a: Charizard|89/100|[from] Sandstorm\n|upkeep\n|\n|t:|1776246847\n|switch|p2b: Tyranitar|Tyranitar, L50, M|100/100\n|turn|5\n|\n|t:|1776246859\n|move|p2b: Tyranitar|Protect|p2b: Tyranitar\n|-singleturn|p2b: Tyranitar|Protect\n|move|p2a: Scizor|Protect|p2a: Scizor\n|-singleturn|p2a: Scizor|Protect\n|move|p1b: Hatterene|Dazzling Gleam|p2a: Scizor|[spread] \n|-activate|p2a: Scizor|move: Protect\n|-activate|p2b: Tyranitar|move: Protect\n|move|p1a: Charizard|Flamethrower|p2a: Scizor\n|-activate|p2a: Scizor|move: Protect\n|\n|-weather|none\n|-fieldend|move: Trick Room\n|-fieldend|move: Psychic Terrain\n|upkeep\n|turn|6\n|\n|t:|1776246877\n|detailschange|p1a: Charizard|Charizard-Mega-Y, L50, F\n|-mega|p1a: Charizard|Charizard|Charizardite Y\n|-weather|SunnyDay|[from] ability: Drought|[of] p1a: Charizard\n|move|p2a: Scizor|Bullet Punch|p1b: Hatterene\n|-supereffective|p1b: Hatterene|1\n|-damage|p1b: Hatterene|0 fnt\n|faint|p1b: Hatterene\n|move|p1a: Charizard|Flamethrower|p2a: Scizor\n|-supereffective|p2a: Scizor|2\n|-damage|p2a: Scizor|0 fnt\n|faint|p2a: Scizor\n|move|p2b: Tyranitar|Rock Slide|p1a: Charizard\n|-supereffective|p1a: Charizard|2\n|-damage|p1a: Charizard|0 fnt\n|faint|p1a: Charizard\n|\n|-weather|SunnyDay|[upkeep]\n|upkeep\n|inactive|MAOSAI has 30 seconds left.\n|inactive|MAOSAI has 20 seconds left.\n|\n|t:|1776246913\n|switch|p2a: Kleavor|Kleavor, L50, F|3/100\n|switch|p1b: Armarouge|Armarouge, L50, M|100/100\n|turn|7\n|\n|t:|1776246922\n|move|p2a: Kleavor|Night Slash|p1b: Armarouge\n|-supereffective|p1b: Armarouge|1\n|-damage|p1b: Armarouge|34/100\n|-enditem|p1b: Armarouge|Sitrus Berry|[eat]\n|-heal|p1b: Armarouge|59/100|[from] item: Sitrus Berry\n|move|p1b: Armarouge|Focus Blast|p2b: Tyranitar|[miss]\n|-miss|p1b: Armarouge|p2b: Tyranitar\n|move|p2b: Tyranitar|Rock Slide|p1b: Armarouge\n|-supereffective|p1b: Armarouge|1\n|-damage|p1b: Armarouge|0 fnt\n|faint|p1b: Armarouge\n|\n|win|zane121\n|raw|MAOSAI's rating: 1205 &rarr; <strong>1176</strong><br />(-29 for losing)\n|raw|zane121's rating: 1153 &rarr; <strong>1182</strong><br />(+29 for winning)\n|l|\u2606MAOSAI\n|player|p1|\n|c|\u2606zane121|ggs\n",
  "uploadtime": 1776247009,
  "views": 26,
  "formatid": "gen9championsvgc2026regma",
  "rating": 1176,
  "private": 0,
  "password": null
}