{
  "id": "gen9championsvgc2026regma-2584896805",
  "format": "[Gen 9 Champions] VGC 2026 Reg M-A",
  "players": [
    "Snipe Mastery",
    "ShumpJot"
  ],
  "log": "|j|\u2606Snipe Mastery\n|j|\u2606ShumpJot\n|t:|1776292493\n|gametype|doubles\n|player|p1|Snipe Mastery|102|1106\n|player|p2|ShumpJot|1|1129\n|gen|9\n|tier|[Gen 9 Champions] VGC 2026 Reg M-A\n|rated|\n|rule|Species Clause: Limit one of each Pok\u00e9mon\n|rule|Item Clause: Limit 1 of each item\n|clearpoke\n|poke|p1|Volcarona, L50, F|\n|poke|p1|Gardevoir, L50, M|\n|poke|p1|Incineroar, L50, F|\n|poke|p1|Archaludon, L50, F|\n|poke|p1|Sneasler, L50, F|\n|poke|p1|Aerodactyl, L50, M|\n|poke|p2|Dragonite, L50, M|\n|poke|p2|Pelipper, L50, M|\n|poke|p2|Ninetales-Alola, L50, M|\n|poke|p2|Torkoal, L50, F|\n|poke|p2|Sneasler, L50, M|\n|poke|p2|Kingambit, L50, M|\n|teampreview|4\n|inactive|Battle timer is ON: inactive players will automatically lose when time's up. (requested by ShumpJot)\n|\n|t:|1776292543\n|teamsize|p1|4\n|teamsize|p2|4\n|start\n|switch|p1a: Gardevoir|Gardevoir, L50, M, shiny|100/100\n|switch|p1b: Volcarona|Volcarona, L50, F|100/100\n|switch|p2a: Kingambit|Kingambit, L50, M|100/100\n|switch|p2b: Sneasler|Sneasler, L50, M|100/100\n|turn|1\n|\n|t:|1776292560\n|move|p1a: Gardevoir|Protect|p1a: Gardevoir\n|-singleturn|p1a: Gardevoir|Protect\n|move|p2b: Sneasler|Fake Out|p1b: Volcarona\n|-damage|p1b: Volcarona|88/100\n|cant|p1b: Volcarona|flinch\n|move|p2a: Kingambit|Iron Head|p1a: Gardevoir\n|-activate|p1a: Gardevoir|move: Protect\n|\n|upkeep\n|turn|2\n|\n|t:|1776292576\n|switch|p1a: Archaludon|Archaludon, L50, F|100/100\n|move|p2a: Kingambit|Protect|p2a: Kingambit\n|-singleturn|p2a: Kingambit|Protect\n|move|p2b: Sneasler|Dire Claw|p1a: Archaludon\n|-immune|p1a: Archaludon\n|move|p1b: Volcarona|Tailwind|p1b: Volcarona\n|-sidestart|p1: Snipe Mastery|move: Tailwind\n|\n|upkeep\n|turn|3\n|inactive|Snipe Mastery has 30 seconds left.\n|inactive|Snipe Mastery has 20 seconds left.\n|\n|t:|1776292614\n|switch|p2a: Ninetales|Ninetales-Alola, L50, M|100/100\n|-weather|Snowscape|[from] ability: Snow Warning|[of] p2a: Ninetales\n|move|p2b: Sneasler|Protect|p2b: Sneasler\n|-singleturn|p2b: Sneasler|Protect\n|move|p1b: Volcarona|Fiery Dance|p2a: Ninetales\n|-supereffective|p2a: Ninetales|1\n|-damage|p2a: Ninetales|19/100\n|move|p1a: Archaludon|Dragon Pulse|p2b: Sneasler\n|-activate|p2b: Sneasler|move: Protect\n|\n|-weather|Snowscape|[upkeep]\n|upkeep\n|turn|4\n|inactive|Snipe Mastery has 30 seconds left.\n|inactive|ShumpJot has 30 seconds left.\n|\n|t:|1776292644\n|move|p1b: Volcarona|Fiery Dance|p2a: Ninetales\n|-supereffective|p2a: Ninetales|1\n|-damage|p2a: Ninetales|0 fnt\n|faint|p2a: Ninetales\n|move|p1a: Archaludon|Dragon Pulse|p2b: Sneasler\n|-damage|p2b: Sneasler|50/100\n|move|p2b: Sneasler|Close Combat|p1a: Archaludon\n|-supereffective|p1a: Archaludon|1\n|-damage|p1a: Archaludon|8/100\n|-unboost|p2b: Sneasler|def|1\n|-unboost|p2b: Sneasler|spd|1\n|-ability|p1a: Archaludon|Stamina|boost\n|-boost|p1a: Archaludon|def|1\n|-enditem|p2b: Sneasler|White Herb\n|-clearnegativeboost|p2b: Sneasler|[silent]\n|\n|-weather|Snowscape|[upkeep]\n|-heal|p1a: Archaludon|14/100|[from] item: Leftovers\n|upkeep\n|\n|t:|1776292663\n|switch|p2a: Dragonite|Dragonite, L50, M|100/100\n|turn|5\n|inactive|Snipe Mastery has 30 seconds left.\n|\n|t:|1776292695\n|detailschange|p2a: Dragonite|Dragonite-Mega, L50, M\n|-mega|p2a: Dragonite|Dragonite|Dragoninite\n|move|p2b: Sneasler|Protect|p2b: Sneasler\n|-singleturn|p2b: Sneasler|Protect\n|move|p1b: Volcarona|Will-O-Wisp|p2b: Sneasler\n|-activate|p2b: Sneasler|move: Protect\n|move|p1a: Archaludon|Dragon Pulse|p2a: Dragonite\n|-supereffective|p2a: Dragonite|1\n|-damage|p2a: Dragonite|73/100\n|move|p2a: Dragonite|Blizzard|p1a: Archaludon|[spread] p1a,p1b\n|-resisted|p1b: Volcarona|1\n|-damage|p1a: Archaludon|0 fnt\n|-damage|p1b: Volcarona|73/100\n|faint|p1a: Archaludon\n|\n|-weather|Snowscape|[upkeep]\n|-sideend|p1: Snipe Mastery|move: Tailwind\n|upkeep\n|\n|t:|1776292706\n|switch|p1a: Incineroar|Incineroar, L50, F|100/100\n|-ability|p1a: Incineroar|Intimidate|boost\n|-unboost|p2a: Dragonite|atk|1\n|-unboost|p2b: Sneasler|atk|1\n|turn|6\n|inactive|ShumpJot has 30 seconds left.\n|inactive|ShumpJot has 20 seconds left.\n|\n|t:|1776292743\n|move|p1a: Incineroar|Fake Out|p2b: Sneasler\n|-damage|p2b: Sneasler|31/100\n|cant|p2b: Sneasler|flinch\n|move|p2a: Dragonite|Draco Meteor|p1b: Volcarona\n|-crit|p1b: Volcarona\n|-damage|p1b: Volcarona|0 fnt\n|-unboost|p2a: Dragonite|spa|2\n|faint|p1b: Volcarona\n|\n|-weather|Snowscape|[upkeep]\n|upkeep\n|inactive|Snipe Mastery has 30 seconds left.\n|\n|t:|1776292771\n|switch|p1b: Gardevoir|Gardevoir, L50, M, shiny|100/100\n|turn|7\n|\n|t:|1776292795\n|switch|p2a: Kingambit|Kingambit, L50, M|100/100\n|detailschange|p1b: Gardevoir|Gardevoir-Mega, L50, M, shiny\n|-mega|p1b: Gardevoir|Gardevoir|Gardevoirite\n|move|p1b: Gardevoir|Protect|p1b: Gardevoir\n|-singleturn|p1b: Gardevoir|Protect\n|move|p2b: Sneasler|Dire Claw|p1b: Gardevoir\n|-activate|p1b: Gardevoir|move: Protect\n|move|p1a: Incineroar|Flare Blitz|p2b: Sneasler\n|-damage|p2b: Sneasler|0 fnt\n|faint|p2b: Sneasler\n|-damage|p1a: Incineroar|93/100|[from] Recoil\n|\n|-weather|none\n|upkeep\n|\n|t:|1776292812\n|switch|p2b: Dragonite|Dragonite-Mega, L50, M|73/100\n|turn|8\n|\n|t:|1776292828\n|move|p1b: Gardevoir|Hyper Voice|p2a: Kingambit|[spread] p2a,p2b\n|-supereffective|p2b: Dragonite|1\n|-damage|p2a: Kingambit|44/100\n|-damage|p2b: Dragonite|0 fnt\n|faint|p2b: Dragonite\n|move|p1a: Incineroar|Flare Blitz|p2a: Kingambit\n|-supereffective|p2a: Kingambit|1\n|-damage|p2a: Kingambit|0 fnt\n|faint|p2a: Kingambit\n|-damage|p1a: Incineroar|78/100|[from] Recoil\n|\n|win|Snipe Mastery\n|raw|Snipe Mastery's rating: 1106 &rarr; <strong>1133</strong><br />(+27 for winning)\n|raw|ShumpJot's rating: 1129 &rarr; <strong>1102</strong><br />(-27 for losing)\n|l|\u2606ShumpJot\n|player|p2|\n",
  "uploadtime": 1776292844,
  "views": 21,
  "formatid": "gen9championsvgc2026regma",
  "rating": 1102,
  "private": 0,
  "password": null
}