{
  "id": "gen9championsvgc2026regma-2589443148",
  "format": "[Gen 9 Champions] VGC 2026 Reg M-A",
  "players": [
    "sgafas",
    "fallen_whimmy"
  ],
  "log": "|j|\u2606sgafas\n|j|\u2606fallen_whimmy\n|t:|1776723384\n|gametype|doubles\n|player|p1|sgafas|hilbert-wonderlauncher|1099\n|player|p2|fallen_whimmy|hilbert|1190\n|gen|9\n|tier|[Gen 9 Champions] VGC 2026 Reg M-A\n|rated|\n|rule|Species Clause: Limit one of each Pok\u00e9mon\n|rule|Item Clause: Limit 1 of each item\n|clearpoke\n|poke|p1|Tyranitar, L50, F|\n|poke|p1|Garchomp, L50, F|\n|poke|p1|Sinistcha, L50|\n|poke|p1|Incineroar, L50, M|\n|poke|p1|Corviknight, L50, F|\n|poke|p1|Rotom-Wash, L50|\n|poke|p2|Garchomp, L50, M|\n|poke|p2|Sneasler, L50, F|\n|poke|p2|Skarmory, L50, F|\n|poke|p2|Milotic, L50, F|\n|poke|p2|Spiritomb, L50, F|\n|poke|p2|Kingambit, L50, M|\n|teampreview|4\n|inactive|Battle timer is ON: inactive players will automatically lose when time's up. (requested by fallen_whimmy)\nsgafas has agreed to open team sheets.\nfallen_whimmy rejected open team sheets.\n|inactive|fallen_whimmy has 60 seconds left.\n|\n|t:|1776723416\n|teamsize|p1|4\n|teamsize|p2|4\n|start\n|switch|p1a: Incineroar|Incineroar, L50, M|100/100\n|switch|p1b: Rotom|Rotom-Wash, L50|100/100\n|switch|p2a: Milotic|Milotic, L50, F|100/100\n|switch|p2b: Sneasler|Sneasler, L50, F|100/100\n|-ability|p1a: Incineroar|Intimidate|boost\n|-unboost|p2a: Milotic|atk|1\n|-ability|p2a: Milotic|Competitive|boost\n|-boost|p2a: Milotic|spa|2\n|-unboost|p2b: Sneasler|atk|1\n|turn|1\n|inactive|fallen_whimmy has 30 seconds left.\n|\n|t:|1776723446\n|move|p2b: Sneasler|Fake Out|p1a: Incineroar\n|-damage|p1a: Incineroar|91/100\n|cant|p1a: Incineroar|flinch\n|move|p2a: Milotic|Muddy Water|p1a: Incineroar|[spread] p1a,p1b\n|-supereffective|p1a: Incineroar|1\n|-resisted|p1b: Rotom|1\n|-damage|p1a: Incineroar|0 fnt\n|-damage|p1b: Rotom|65/100\n|faint|p1a: Incineroar\n|move|p1b: Rotom|Electroweb|p2a: Milotic|[spread] p2a,p2b\n|-supereffective|p2a: Milotic|1\n|-damage|p2a: Milotic|71/100\n|-damage|p2b: Sneasler|78/100\n|-unboost|p2a: Milotic|spe|1\n|-ability|p2a: Milotic|Competitive|boost\n|-boost|p2a: Milotic|spa|2\n|-unboost|p2b: Sneasler|spe|1\n|\n|upkeep\n|\n|t:|1776723462\n|switch|p1a: Garchomp|Garchomp, L50, F|100/100\n|turn|2\n|\n|t:|1776723474\n|move|p1a: Garchomp|Protect|p1a: Garchomp\n|-singleturn|p1a: Garchomp|Protect\n|move|p2a: Milotic|Protect|p2a: Milotic\n|-singleturn|p2a: Milotic|Protect\n|move|p2b: Sneasler|Close Combat|p1b: Rotom\n|-damage|p1b: Rotom|14/100\n|-unboost|p2b: Sneasler|def|1\n|-unboost|p2b: Sneasler|spd|1\n|move|p1b: Rotom|Volt Switch|p2a: Milotic\n|-activate|p2a: Milotic|move: Protect\n|\n|upkeep\n|turn|3\n|\n|t:|1776723492\n|move|p1a: Garchomp|Earthquake|p2a: Milotic|[spread] p2a,p2b\n|-immune|p1b: Rotom|[from] ability: Levitate\n|-supereffective|p2b: Sneasler|1\n|-damage|p2a: Milotic|24/100\n|-damage|p2b: Sneasler|0 fnt\n|faint|p2b: Sneasler\n|move|p1b: Rotom|Volt Switch|p2a: Milotic\n|-supereffective|p2a: Milotic|1\n|-damage|p2a: Milotic|0 fnt\n|faint|p2a: Milotic\n|\n|t:|1776723501\n|switch|p1b: Tyranitar|Tyranitar, L50, F|100/100|[from] Volt Switch\n|-weather|Sandstorm|[from] ability: Sand Stream|[of] p1b: Tyranitar\n|\n|-weather|Sandstorm|[upkeep]\n|upkeep\n|\n|t:|1776723505\n|switch|p2b: Garchomp|Garchomp, L50, M|100/100\n|switch|p2a: Skarmory|Skarmory, L50, F|100/100\n|turn|4\n|\n|t:|1776723525\n|detailschange|p2a: Skarmory|Skarmory-Mega, L50, F\n|-mega|p2a: Skarmory|Skarmory|Skarmorite\n|move|p1b: Tyranitar|Protect|p1b: Tyranitar\n|-singleturn|p1b: Tyranitar|Protect\n|move|p1a: Garchomp|Dragon Claw|p2b: Garchomp\n|-supereffective|p2b: Garchomp|1\n|-damage|p2b: Garchomp|23/100\n|-damage|p1a: Garchomp|88/100|[from] ability: Rough Skin|[of] p2b: Garchomp\n|move|p2b: Garchomp|Earthquake|p1b: Tyranitar|[spread] p1a\n|-activate|p1b: Tyranitar|move: Protect\n|-immune|p2a: Skarmory\n|-damage|p1a: Garchomp|46/100\n|move|p2a: Skarmory|Iron Head|p1a: Garchomp|[miss]\n|-miss|p2a: Skarmory|p1a: Garchomp\n|\n|-weather|Sandstorm|[upkeep]\n|upkeep\n|turn|5\n|inactive|sgafas has 30 seconds left.\n|\n|t:|1776723555\n|move|p2b: Garchomp|Protect|p2b: Garchomp\n|-singleturn|p2b: Garchomp|Protect\n|move|p1a: Garchomp|Rock Slide|p2b: Garchomp|[spread] p2a\n|-activate|p2b: Garchomp|move: Protect\n|-damage|p2a: Skarmory|79/100\n|move|p2a: Skarmory|Iron Head|p1a: Garchomp\n|-damage|p1a: Garchomp|0 fnt\n|faint|p1a: Garchomp\n|move|p1b: Tyranitar|Dragon Dance|p1b: Tyranitar\n|-boost|p1b: Tyranitar|atk|1\n|-boost|p1b: Tyranitar|spe|1\n|\n|-weather|Sandstorm|[upkeep]\n|upkeep\n|\n|t:|1776723559\n|switch|p1a: Rotom|Rotom-Wash, L50|14/100\n|turn|6\n|\n|t:|1776723578\n|move|p2b: Garchomp|Protect||[still]\n|-fail|p2b: Garchomp\n|move|p1b: Tyranitar|Protect|p1b: Tyranitar\n|-singleturn|p1b: Tyranitar|Protect\n|move|p1a: Rotom|Protect|p1a: Rotom\n|-singleturn|p1a: Rotom|Protect\n|move|p2a: Skarmory|Iron Head|p1b: Tyranitar\n|-activate|p1b: Tyranitar|move: Protect\n|\n|-weather|Sandstorm|[upkeep]\n|-damage|p1a: Rotom|7/100|[from] Sandstorm\n|upkeep\n|turn|7\n|\n|t:|1776723592\n|move|p2b: Garchomp|Protect|p2b: Garchomp\n|-singleturn|p2b: Garchomp|Protect\n|move|p2a: Skarmory|Protect|p2a: Skarmory\n|-singleturn|p2a: Skarmory|Protect\n|move|p1b: Tyranitar|Dragon Dance|p1b: Tyranitar\n|-boost|p1b: Tyranitar|atk|1\n|-boost|p1b: Tyranitar|spe|1\n|move|p1a: Rotom|Volt Switch|p2a: Skarmory\n|-activate|p2a: Skarmory|move: Protect\n|\n|-weather|none\n|upkeep\n|turn|8\n|\n|t:|1776723603\n|detailschange|p1b: Tyranitar|Tyranitar-Mega, L50, F\n|-mega|p1b: Tyranitar|Tyranitar|Tyranitarite\n|-weather|Sandstorm|[from] ability: Sand Stream|[of] p1b: Tyranitar\n|move|p1b: Tyranitar|Rock Slide|p2b: Garchomp|[spread] p2a,p2b\n|-resisted|p2b: Garchomp|1\n|-damage|p2a: Skarmory|0 fnt\n|-damage|p2b: Garchomp|0 fnt\n|faint|p2a: Skarmory\n|faint|p2b: Garchomp\n|\n|win|sgafas\n|raw|sgafas's rating: 1099 &rarr; <strong>1131</strong><br />(+32 for winning)\n|raw|fallen_whimmy's rating: 1190 &rarr; <strong>1159</strong><br />(-31 for losing)\n|l|\u2606fallen_whimmy\n|player|p2|\n",
  "uploadtime": 1776723611,
  "views": 5,
  "formatid": "gen9championsvgc2026regma",
  "rating": 1131,
  "private": 0,
  "password": null
}