{
  "id": "gen9championsvgc2026regma-2585054627",
  "format": "[Gen 9 Champions] VGC 2026 Reg M-A",
  "players": [
    "Slimeko325",
    "Dripple3000"
  ],
  "log": "|j|\u2606Slimeko325\n|j|\u2606Dripple3000\n|t:|1776307193\n|gametype|doubles\n|player|p1|Slimeko325|lucas|1287\n|player|p2|Dripple3000|ingo|1229\n|gen|9\n|tier|[Gen 9 Champions] VGC 2026 Reg M-A\n|rated|\n|rule|Species Clause: Limit one of each Pok\u00e9mon\n|rule|Item Clause: Limit 1 of each item\n|clearpoke\n|poke|p1|Gengar, L50, F|\n|poke|p1|Rotom-Wash, L50|\n|poke|p1|Whimsicott, L50, F|\n|poke|p1|Incineroar, L50, F|\n|poke|p1|Floette-Eternal, L50, F|\n|poke|p1|Garchomp, L50, F|\n|poke|p2|Pelipper, L50, F|\n|poke|p2|Basculegion, L50, M|\n|poke|p2|Archaludon, L50, F|\n|poke|p2|Aegislash, L50, M|\n|poke|p2|Gengar, L50, F|\n|poke|p2|Whimsicott, L50, M|\n|teampreview|4\n|inactive|Battle timer is ON: inactive players will automatically lose when time's up. (requested by Dripple3000)\n|inactive|Slimeko325 also wants the timer to be on.\n|\n|t:|1776307205\n|teamsize|p1|4\n|teamsize|p2|4\n|start\n|switch|p1a: Rotom|Rotom-Wash, L50|100/100\n|switch|p1b: Garchomp|Garchomp, L50, F|100/100\n|switch|p2a: Atem|Gengar, L50, F, shiny|100/100\n|switch|p2b: Gamma|Whimsicott, L50, M|100/100\n|turn|1\n|\n|t:|1776307221\n|detailschange|p2a: Atem|Gengar-Mega, L50, F, shiny\n|-mega|p2a: Atem|Gengar|Gengarite\n|move|p2b: Gamma|Tailwind|p2b: Gamma\n|-sidestart|p2: Dripple3000|move: Tailwind\n|move|p2a: Atem|Shadow Ball|p1b: Garchomp\n|-damage|p1b: Garchomp|45/100\n|move|p1b: Garchomp|Earthquake|p2b: Gamma|[spread] p2a,p2b\n|-immune|p1a: Rotom|[from] ability: Levitate\n|-supereffective|p2a: Atem|1\n|-resisted|p2b: Gamma|1\n|-damage|p2a: Atem|0 fnt\n|-damage|p2b: Gamma|76/100\n|faint|p2a: Atem\n|move|p1a: Rotom|Discharge|p2b: Gamma|[spread] p2b\n|-immune|p1b: Garchomp\n|-resisted|p2b: Gamma|1\n|-damage|p2b: Gamma|56/100\n|\n|upkeep\n|\n|t:|1776307234\n|switch|p2a: Nigel|Pelipper, L50, F, shiny|100/100\n|-weather|RainDance|[from] ability: Drizzle|[of] p2a: Nigel\n|turn|2\n|\n|t:|1776307245\n|switch|p1b: Whimsicott|Whimsicott, L50, F|100/100\n|move|p2b: Gamma|Moonblast|p1b: Whimsicott\n|-damage|p1b: Whimsicott|57/100\n|move|p2a: Nigel|Hurricane|p1b: Whimsicott\n|-supereffective|p1b: Whimsicott|1\n|-damage|p1b: Whimsicott|0 fnt\n|faint|p1b: Whimsicott\n|move|p1a: Rotom|Discharge|p2b: Gamma|[spread] p2a,p2b\n|-supereffective|p2a: Nigel|2\n|-resisted|p2b: Gamma|1\n|-enditem|p2a: Nigel|Focus Sash\n|-damage|p2a: Nigel|1/100\n|-damage|p2b: Gamma|37/100\n|-status|p2a: Nigel|par\n|\n|-weather|RainDance|[upkeep]\n|upkeep\n|\n|t:|1776307263\n|switch|p1b: Gengar|Gengar, L50, F|100/100\n|turn|3\n|\n|t:|1776307273\n|detailschange|p1b: Gengar|Gengar-Mega, L50, F\n|-mega|p1b: Gengar|Gengar|Gengarite\n|move|p1b: Gengar|Protect|p1b: Gengar\n|-singleturn|p1b: Gengar|Protect\n|move|p2b: Gamma|Moonblast|p1b: Gengar\n|-activate|p1b: Gengar|move: Protect\n|move|p2a: Nigel|Hurricane|p1b: Gengar\n|-activate|p1b: Gengar|move: Protect\n|move|p1a: Rotom|Discharge|p2b: Gamma|[spread] p2a,p2b\n|-activate|p1b: Gengar|move: Protect\n|-supereffective|p2a: Nigel|2\n|-resisted|p2b: Gamma|1\n|-damage|p2a: Nigel|0 fnt\n|-damage|p2b: Gamma|17/100\n|-status|p2b: Gamma|par\n|faint|p2a: Nigel\n|\n|-weather|RainDance|[upkeep]\n|upkeep\n|\n|t:|1776307276\n|switch|p2a: Kiryu|Archaludon, L50, F|100/100\n|turn|4\n|\n|t:|1776307294\n|move|p2a: Kiryu|Electro Shot||[still]\n|-prepare|p2a: Kiryu|Electro Shot\n|-boost|p2a: Kiryu|spa|1\n|-anim|p2a: Kiryu|Electro Shot|p1b: Gengar\n|-damage|p1b: Gengar|25/100\n|move|p1b: Gengar|Shadow Ball|p2a: Kiryu\n|-damage|p2a: Kiryu|37/100\n|-ability|p2a: Kiryu|Stamina|boost\n|-boost|p2a: Kiryu|def|1\n|move|p2b: Gamma|Moonblast|p1b: Gengar\n|-resisted|p1b: Gengar|1\n|-damage|p1b: Gengar|9/100\n|move|p1a: Rotom|Discharge|p2b: Gamma|[spread] p1b,p2a,p2b\n|-resisted|p2a: Kiryu|1\n|-resisted|p2b: Gamma|1\n|-damage|p1b: Gengar|0 fnt\n|-damage|p2a: Kiryu|16/100\n|-damage|p2b: Gamma|0 fnt\n|-status|p2a: Kiryu|par\n|-ability|p2a: Kiryu|Stamina|boost\n|-boost|p2a: Kiryu|def|1\n|faint|p1b: Gengar\n|faint|p2b: Gamma\n|\n|-weather|RainDance|[upkeep]\n|-sideend|p2: Dripple3000|move: Tailwind\n|upkeep\n|\n|t:|1776307309\n|switch|p1b: Garchomp|Garchomp, L50, F|45/100\n|turn|5\n|\n|t:|1776307315\n|move|p1b: Garchomp|Earthquake|p2a: Kiryu|[spread] p2a\n|-immune|p1a: Rotom|[from] ability: Levitate\n|-supereffective|p2a: Kiryu|1\n|-damage|p2a: Kiryu|0 fnt\n|faint|p2a: Kiryu\n|\n|win|Slimeko325\n|raw|Slimeko325's rating: 1287 &rarr; <strong>1308</strong><br />(+21 for winning)\n|raw|Dripple3000's rating: 1229 &rarr; <strong>1208</strong><br />(-21 for losing)\n",
  "uploadtime": 1776307317,
  "views": 29,
  "formatid": "gen9championsvgc2026regma",
  "rating": 1208,
  "private": 0,
  "password": null
}