{
  "id": "gen9championsvgc2026regma-2588240073",
  "format": "[Gen 9 Champions] VGC 2026 Reg M-A",
  "players": [
    "moranpoke",
    "xtanhy"
  ],
  "log": "|j|\u2606moranpoke\n|j|\u2606xtanhy\n|t:|1776617212\n|gametype|doubles\n|player|p1|moranpoke|170|1099\n|player|p2|xtanhy|169|1157\n|gen|9\n|tier|[Gen 9 Champions] VGC 2026 Reg M-A\n|rated|\n|rule|Species Clause: Limit one of each Pok\u00e9mon\n|rule|Item Clause: Limit 1 of each item\n|clearpoke\n|poke|p1|Charizard, L50, F, shiny|\n|poke|p1|Sneasler, L50, F|\n|poke|p1|Whimsicott, L50, M|\n|poke|p1|Garchomp, L50, F|\n|poke|p1|Maushold-Four, L50|\n|poke|p1|Kingambit, L50, F|\n|poke|p2|Floette-Eternal, L50, F|\n|poke|p2|Palafin, L50, M|\n|poke|p2|Incineroar, L50, M|\n|poke|p2|Sinistcha, L50|\n|poke|p2|Delphox, L50, F|\n|poke|p2|Aerodactyl, L50, F|\n|teampreview|4\n|inactive|Battle timer is ON: inactive players will automatically lose when time's up. (requested by xtanhy)\n|inactive|xtanhy has 60 seconds left.\n|\n|t:|1776617269\n|teamsize|p1|4\n|teamsize|p2|4\n|start\n|switch|p1a: Charizard|Charizard, L50, F, shiny|100/100\n|switch|p1b: Kingambit|Kingambit, L50, F|100/100\n|switch|p2a: Aerodactyl|Aerodactyl, L50, F|100/100\n|switch|p2b: Delphox|Delphox, L50, F|100/100\n|-ability|p2a: Aerodactyl|Unnerve\n|turn|1\n|\n|t:|1776617290\n|switch|p1b: Garchomp|Garchomp, L50, F|100/100\n|detailschange|p2b: Delphox|Delphox-Mega, L50, F\n|-mega|p2b: Delphox|Delphox|Delphoxite\n|move|p1a: Charizard|Protect|p1a: Charizard\n|-singleturn|p1a: Charizard|Protect\n|move|p2b: Delphox|Substitute|p2b: Delphox\n|-start|p2b: Delphox|Substitute\n|-damage|p2b: Delphox|76/100\n|move|p2a: Aerodactyl|Tailwind|p2a: Aerodactyl\n|-sidestart|p2: xtanhy|move: Tailwind\n|\n|upkeep\n|turn|2\n|inactive|moranpoke has 30 seconds left.\n|inactive|xtanhy has 30 seconds left.\n|\n|t:|1776617324\n|switch|p1a: Maushold|Maushold-Four, L50|100/100\n|move|p2b: Delphox|Psychic|p1b: Garchomp\n|-damage|p1b: Garchomp|55/100\n|move|p2a: Aerodactyl|Tailwind||[still]\n|-fail|p2a: Aerodactyl\n|move|p1b: Garchomp|Rock Slide|p2a: Aerodactyl|[spread] p2a,p2b\n|-supereffective|p2b: Delphox|1\n|-end|p2b: Delphox|Substitute\n|-supereffective|p2a: Aerodactyl|1\n|-damage|p2a: Aerodactyl|37/100\n|\n|upkeep\n|turn|3\n|inactive|xtanhy has 30 seconds left.\n|\n|t:|1776617358\n|move|p2b: Delphox|Protect|p2b: Delphox\n|-singleturn|p2b: Delphox|Protect\n|move|p1a: Maushold|Follow Me|p1a: Maushold\n|-singleturn|p1a: Maushold|move: Follow Me\n|move|p2a: Aerodactyl|Rock Slide|p1a: Maushold|[spread] p1a,p1b\n|-resisted|p1b: Garchomp|1\n|-damage|p1a: Maushold|69/100\n|-damage|p1b: Garchomp|45/100\n|move|p1b: Garchomp|Rock Slide|p2a: Aerodactyl|[spread] p2a\n|-activate|p2b: Delphox|move: Protect\n|-supereffective|p2a: Aerodactyl|1\n|-damage|p2a: Aerodactyl|0 fnt\n|faint|p2a: Aerodactyl\n|\n|upkeep\n|inactive|xtanhy has 30 seconds left.\n|\n|t:|1776617386\n|switch|p2a: Incineroar|Incineroar, L50, M|100/100\n|-ability|p2a: Incineroar|Intimidate|boost\n|-unboost|p1a: Maushold|atk|1\n|-unboost|p1b: Garchomp|atk|1\n|turn|4\n|inactive|moranpoke has 30 seconds left.\n|\n|t:|1776617418\n|move|p2a: Incineroar|Fake Out|p1a: Maushold\n|-damage|p1a: Maushold|55/100\n|cant|p1a: Maushold|flinch\n|move|p2b: Delphox|Psychic|p1b: Garchomp\n|-damage|p1b: Garchomp|0 fnt\n|faint|p1b: Garchomp\n|\n|-sideend|p2: xtanhy|move: Tailwind\n|upkeep\n|\n|t:|1776617431\n|switch|p1b: Charizard|Charizard, L50, F, shiny|100/100\n|turn|5\n|\n|t:|1776617450\n|detailschange|p1b: Charizard|Charizard-Mega-Y, L50, F, shiny\n|-mega|p1b: Charizard|Charizard|Charizardite Y\n|-weather|SunnyDay|[from] ability: Drought|[of] p1b: Charizard\n|move|p1a: Maushold|Protect|p1a: Maushold\n|-singleturn|p1a: Maushold|Protect\n|move|p2b: Delphox|Substitute|p2b: Delphox\n|-start|p2b: Delphox|Substitute\n|-damage|p2b: Delphox|51/100\n|move|p1b: Charizard|Dragon Pulse|p2b: Delphox\n|-end|p2b: Delphox|Substitute\n|move|p2a: Incineroar|Parting Shot|p1b: Charizard\n|-unboost|p1b: Charizard|atk|1\n|-unboost|p1b: Charizard|spa|1\n|\n|t:|1776617464\n|switch|p2a: Sinistcha|Sinistcha, L50|100/100|[from] Parting Shot\n|-heal|p2b: Delphox|76/100|[from] ability: Hospitality|[of] p2a: Sinistcha\n|\n|-weather|SunnyDay|[upkeep]\n|upkeep\n|turn|6\n|\n|t:|1776617482\n|switch|p2a: Incineroar|Incineroar, L50, M|100/100\n|-ability|p2a: Incineroar|Intimidate|boost\n|-unboost|p1a: Maushold|atk|1\n|-unboost|p1b: Charizard|atk|1\n|move|p2b: Delphox|Heat Wave|p1b: Charizard|[spread] \n|-miss|p2b: Delphox|p1a: Maushold\n|-miss|p2b: Delphox|p1b: Charizard\n|move|p1b: Charizard|Heat Wave|p2b: Delphox|[spread] p2a,p2b\n|-resisted|p2a: Incineroar|1\n|-resisted|p2b: Delphox|1\n|-damage|p2a: Incineroar|80/100\n|-damage|p2b: Delphox|55/100\n|move|p1a: Maushold|Super Fang|p2b: Delphox\n|-damage|p2b: Delphox|28/100\n|\n|-weather|SunnyDay|[upkeep]\n|-heal|p2a: Incineroar|86/100|[from] item: Leftovers\n|upkeep\n|turn|7\n|\n|t:|1776617506\n|move|p2b: Delphox|Protect|p2b: Delphox\n|-singleturn|p2b: Delphox|Protect\n|move|p1a: Maushold|Protect|p1a: Maushold\n|-singleturn|p1a: Maushold|Protect\n|move|p1b: Charizard|Dragon Pulse|p2b: Delphox\n|-activate|p2b: Delphox|move: Protect\n|move|p2a: Incineroar|Parting Shot|p1b: Charizard\n|-unboost|p1b: Charizard|atk|1\n|-unboost|p1b: Charizard|spa|1\n|\n|t:|1776617516\n|switch|p2a: Sinistcha|Sinistcha, L50|100/100|[from] Parting Shot\n|-heal|p2b: Delphox|52/100|[from] ability: Hospitality|[of] p2a: Sinistcha\n|\n|-weather|SunnyDay|[upkeep]\n|upkeep\n|turn|8\n|\n|t:|1776617532\n|move|p2a: Sinistcha|Rage Powder|p2a: Sinistcha\n|-singleturn|p2a: Sinistcha|move: Rage Powder\n|move|p2b: Delphox|Heat Wave|p1a: Maushold|[spread] p1a,p1b\n|-resisted|p1b: Charizard|1\n|-damage|p1a: Maushold|0 fnt\n|-damage|p1b: Charizard|78/100\n|faint|p1a: Maushold\n|move|p1b: Charizard|Dragon Pulse|p2a: Sinistcha\n|-damage|p2a: Sinistcha|84/100\n|\n|-weather|SunnyDay|[upkeep]\n|upkeep\n|\n|t:|1776617543\n|switch|p1a: Kingambit|Kingambit, L50, F|100/100\n|turn|9\n|\n|t:|1776617556\n|move|p1a: Kingambit|Sucker Punch||[still]\n|-fail|p1a: Kingambit\n|move|p2b: Delphox|Substitute|p2b: Delphox\n|-start|p2b: Delphox|Substitute\n|-damage|p2b: Delphox|28/100\n|move|p1b: Charizard|Heat Wave|p2a: Sinistcha|[spread] p2a,p2b\n|-resisted|p2b: Delphox|1\n|-activate|p2b: Delphox|move: Substitute|[damage]\n|-supereffective|p2a: Sinistcha|1\n|-damage|p2a: Sinistcha|22/100\n|-enditem|p2a: Sinistcha|Sitrus Berry|[eat]\n|-heal|p2a: Sinistcha|47/100|[from] item: Sitrus Berry\n|move|p2a: Sinistcha|Matcha Gotcha|p1b: Charizard|[spread] p1a,p1b\n|-resisted|p1a: Kingambit|1\n|-resisted|p1b: Charizard|2\n|-damage|p1a: Kingambit|89/100\n|-heal|p2a: Sinistcha|53/100|[from] drain|[of] p1a: Kingambit\n|-damage|p1b: Charizard|72/100\n|-heal|p2a: Sinistcha|56/100|[from] drain|[of] p1b: Charizard\n|\n|-weather|none\n|upkeep\n|turn|10\n|inactive|moranpoke has 30 seconds left.\n|inactive|xtanhy has 30 seconds left.\n|inactive|moranpoke has 20 seconds left.\n|\n|t:|1776617594\n|move|p1a: Kingambit|Sucker Punch||[still]\n|-fail|p1a: Kingambit\n|move|p2b: Delphox|Heat Wave|p1a: Kingambit|[spread] p1a\n|-miss|p2b: Delphox|p1b: Charizard\n|-supereffective|p1a: Kingambit|1\n|-damage|p1a: Kingambit|8/100\n|move|p1b: Charizard|Heat Wave|p2b: Delphox|[spread] p2a,p2b\n|-resisted|p2b: Delphox|1\n|-end|p2b: Delphox|Substitute\n|-supereffective|p2a: Sinistcha|1\n|-damage|p2a: Sinistcha|8/100\n|move|p2a: Sinistcha|Life Dew|p2a: Sinistcha|[spread] p2a,p2b\n|-heal|p2a: Sinistcha|33/100\n|-heal|p2b: Delphox|53/100\n|\n|upkeep\n|turn|11\n|inactive|xtanhy has 30 seconds left.\n|\n|t:|1776617627\n|move|p2a: Sinistcha|Rage Powder|p2a: Sinistcha\n|-singleturn|p2a: Sinistcha|move: Rage Powder\n|move|p1a: Kingambit|Sucker Punch||[still]\n|-fail|p1a: Kingambit\n|move|p2b: Delphox|Heat Wave|p1a: Kingambit|[spread] p1a,p1b\n|-supereffective|p1a: Kingambit|1\n|-resisted|p1b: Charizard|1\n|-damage|p1a: Kingambit|0 fnt\n|-damage|p1b: Charizard|51/100\n|faint|p1a: Kingambit\n|move|p1b: Charizard|Heat Wave|p2a: Sinistcha|[spread] p2a,p2b\n|-supereffective|p2a: Sinistcha|1\n|-resisted|p2b: Delphox|1\n|-damage|p2a: Sinistcha|0 fnt\n|-damage|p2b: Delphox|42/100\n|faint|p2a: Sinistcha\n|\n|upkeep\n|\n|t:|1776617641\n|switch|p2a: Incineroar|Incineroar, L50, M|86/100\n|-ability|p2a: Incineroar|Intimidate|boost\n|-unboost|p1b: Charizard|atk|1\n|turn|12\n|l|\u2606moranpoke\n|inactive|moranpoke disconnected and has a minute to reconnect!\n|player|p1|\n|inactive|moranpoke has 30 seconds left.\n|inactive|moranpoke has 20 seconds left.\n|inactive|moranpoke has 15 seconds left.\n|inactive|moranpoke has 10 seconds left.\n|inactive|moranpoke has 5 seconds left.\n|-message|moranpoke lost due to inactivity.\n|\n|win|xtanhy\n|raw|moranpoke's rating: 1099 &rarr; <strong>1078</strong><br />(-21 for losing)\n|raw|xtanhy's rating: 1157 &rarr; <strong>1178</strong><br />(+21 for winning)\n",
  "uploadtime": 1776617708,
  "views": 9,
  "formatid": "gen9championsvgc2026regma",
  "rating": 1078,
  "private": 0,
  "password": null
}