{
  "id": "gen9championsvgc2026regma-2581414278",
  "format": "[Gen 9 Champions] VGC 2026 Reg M-A",
  "players": [
    "kazamafu",
    "Pwaite"
  ],
  "log": "|j|\u2606kazamafu\n|j|\u2606Pwaite\n|t:|1775997989\n|gametype|doubles\n|player|p1|kazamafu|unknownf|1000\n|player|p2|Pwaite|xerosic|1068\n|gen|9\n|tier|[Gen 9 Champions] VGC 2026 Reg M-A\n|rated|\n|rule|Species Clause: Limit one of each Pok\u00e9mon\n|rule|Item Clause: Limit 1 of each item\n|clearpoke\n|poke|p1|Crabominable, L50, M|\n|poke|p1|Sinistcha, L50|\n|poke|p1|Pelipper, L50, M|\n|poke|p1|Basculegion, L50, M|\n|poke|p1|Arcanine, L50, F|\n|poke|p1|Sneasler, L50, M|\n|poke|p2|Sylveon, L50, F|\n|poke|p2|Farigiraf, L50, M|\n|poke|p2|Aegislash, L50, M|\n|poke|p2|Palafin, L50, M|\n|poke|p2|Politoed, L50, F|\n|poke|p2|Dragonite, L50, M|\n|teampreview|4\n|inactive|Battle timer is ON: inactive players will automatically lose when time's up. (requested by kazamafu)\nPwaite rejected open team sheets.\n|\n|t:|1775998013\n|teamsize|p1|4\n|teamsize|p2|4\n|start\n|switch|p1a: Sinistcha|Sinistcha, L50|100/100\n|switch|p1b: Sneasler|Sneasler, L50, M|100/100\n|switch|p2a: Palafin|Palafin, L50, M|100/100\n|switch|p2b: Dragonite|Dragonite, L50, M|100/100\n|turn|1\n|\n|t:|1775998038\n|detailschange|p2a: Palafin|Palafin-Hero, L50, M\n|switch|p2a: Aegislash|Aegislash, L50, M|100/100\n|switch|p2b: Politoed|Politoed, L50, F|100/100\n|-weather|RainDance|[from] ability: Drizzle|[of] p2b: Politoed\n|move|p1b: Sneasler|Fake Out|p2b: Politoed\n|-damage|p2b: Politoed|89/100\n|move|p1a: Sinistcha|Matcha Gotcha|p2b: Politoed|[spread] p2a,p2b\n|-resisted|p2a: Aegislash|1\n|-supereffective|p2b: Politoed|1\n|-damage|p2a: Aegislash|87/100\n|-damage|p2b: Politoed|48/100\n|\n|-weather|RainDance|[upkeep]\n|-heal|p2b: Politoed|54/100|[from] item: Leftovers\n|upkeep\n|turn|2\n|\n|t:|1775998060\n|move|p2a: Aegislash|Wide Guard|p2a: Aegislash\n|-singleturn|p2a: Aegislash|Wide Guard\n|move|p1b: Sneasler|Dire Claw|p2b: Politoed\n|-damage|p2b: Politoed|22/100\n|-status|p2b: Politoed|par\n|move|p2b: Politoed|Icy Wind|p1b: Sneasler|[spread] p1a,p1b\n|-supereffective|p1a: Sinistcha|1\n|-damage|p1a: Sinistcha|84/100\n|-damage|p1b: Sneasler|89/100\n|-unboost|p1a: Sinistcha|spe|1\n|-unboost|p1b: Sneasler|spe|1\n|-enditem|p1b: Sneasler|White Herb\n|-clearnegativeboost|p1b: Sneasler|[silent]\n|move|p1a: Sinistcha|Trick Room|p1a: Sinistcha\n|-fieldstart|move: Trick Room|[of] p1a: Sinistcha\n|\n|-weather|RainDance|[upkeep]\n|-heal|p2b: Politoed|28/100 par|[from] item: Leftovers\n|upkeep\n|turn|3\n|inactive|Pwaite has 30 seconds left.\n|\n|t:|1775998085\n|switch|p1b: Crabominable|Crabominable, L50, M|100/100\n|move|p2b: Politoed|Weather Ball|p1b: Crabominable\n|-damage|p1b: Crabominable|43/100\n|move|p1a: Sinistcha|Matcha Gotcha|p2b: Politoed|[spread] p2a,p2b\n|-resisted|p2a: Aegislash|1\n|-supereffective|p2b: Politoed|1\n|-damage|p2a: Aegislash|75/100\n|-heal|p1a: Sinistcha|88/100|[from] drain|[of] p2a: Aegislash\n|-damage|p2b: Politoed|0 fnt\n|-heal|p1a: Sinistcha|100/100|[from] drain|[of] p2b: Politoed\n|-status|p2a: Aegislash|brn\n|faint|p2b: Politoed\n|-formechange|p2a: Aegislash|Aegislash-Blade|\n|move|p2a: Aegislash|Iron Head|p1b: Crabominable\n|-supereffective|p1b: Crabominable|1\n|-damage|p1b: Crabominable|0 fnt\n|faint|p1b: Crabominable\n|\n|-weather|RainDance|[upkeep]\n|-damage|p2a: Aegislash|69/100 brn|[from] brn\n|upkeep\n|\n|t:|1775998105\n|switch|p1b: Sneasler|Sneasler, L50, M|89/100\n|switch|p2b: Dragonite|Dragonite, L50, M|100/100\n|turn|4\n|\n|t:|1775998126\n|move|p2b: Dragonite|Protect|p2b: Dragonite\n|-singleturn|p2b: Dragonite|Protect\n|move|p1a: Sinistcha|Rage Powder|p1a: Sinistcha\n|-singleturn|p1a: Sinistcha|move: Rage Powder\n|move|p2a: Aegislash|Iron Head|p1a: Sinistcha\n|-damage|p1a: Sinistcha|80/100\n|move|p1b: Sneasler|Dire Claw|p2b: Dragonite\n|-activate|p2b: Dragonite|move: Protect\n|\n|-weather|RainDance|[upkeep]\n|-damage|p2a: Aegislash|63/100 brn|[from] brn\n|upkeep\n|turn|5\n|\n|t:|1775998143\n|move|p1a: Sinistcha|Rage Powder|p1a: Sinistcha\n|-singleturn|p1a: Sinistcha|move: Rage Powder\n|move|p2b: Dragonite|Hurricane|p1a: Sinistcha\n|-supereffective|p1a: Sinistcha|1\n|-damage|p1a: Sinistcha|0 fnt\n|faint|p1a: Sinistcha\n|move|p2a: Aegislash|Poltergeist||[still]\n|-fail|p2a: Aegislash\n|move|p1b: Sneasler|Dire Claw|p2b: Dragonite\n|-crit|p2b: Dragonite\n|-damage|p2b: Dragonite|71/100\n|\n|-weather|none\n|-damage|p2a: Aegislash|58/100 brn|[from] brn\n|upkeep\n|\n|t:|1775998148\n|switch|p1a: Basculegion|Basculegion, L50, M|100/100\n|turn|6\n|\n|t:|1775998162\n|detailschange|p2b: Dragonite|Dragonite-Mega, L50, M\n|-mega|p2b: Dragonite|Dragonite|Dragoninite\n|move|p2b: Dragonite|Protect|p2b: Dragonite\n|-singleturn|p2b: Dragonite|Protect\n|move|p1b: Sneasler|Protect|p1b: Sneasler\n|-singleturn|p1b: Sneasler|Protect\n|move|p2a: Aegislash|Poltergeist|p1a: Basculegion\n|-activate|p1a: Basculegion|move: Poltergeist|Choice Scarf\n|-supereffective|p1a: Basculegion|1\n|-damage|p1a: Basculegion|20/100\n|move|p1a: Basculegion|Last Respects|p2a: Aegislash\n|-supereffective|p2a: Aegislash|1\n|-damage|p2a: Aegislash|0 fnt\n|faint|p2a: Aegislash\n|\n|-fieldend|move: Trick Room\n|upkeep\n|\n|t:|1775998176\n|switch|p2a: Palafin|Palafin-Hero, L50, M|100/100\n|-activate|p2a: Palafin|ability: Zero to Hero\n|turn|7\n|\n|t:|1775998189\n|move|p2b: Dragonite|Protect|p2b: Dragonite\n|-singleturn|p2b: Dragonite|Protect\n|move|p2a: Palafin|Jet Punch|p1a: Basculegion\n|-resisted|p1a: Basculegion|1\n|-damage|p1a: Basculegion|0 fnt\n|faint|p1a: Basculegion\n|move|p1b: Sneasler|Dire Claw|p2a: Palafin\n|-crit|p2a: Palafin\n|-damage|p2a: Palafin|44/100\n|\n|upkeep\n|turn|8\n|\n|t:|1775998203\n|move|p2a: Palafin|Jet Punch|p1b: Sneasler\n|-damage|p1b: Sneasler|5/100\n|move|p1b: Sneasler|Dire Claw|p2b: Dragonite\n|-damage|p2b: Dragonite|37/100\n|-status|p2b: Dragonite|psn\n|move|p2b: Dragonite|Draco Meteor|p1b: Sneasler|[miss]\n|-miss|p2b: Dragonite|p1b: Sneasler\n|\n|-damage|p2b: Dragonite|25/100 psn|[from] psn\n|upkeep\n|turn|9\n|\n|t:|1775998216\n|move|p2a: Palafin|Jet Punch|p1b: Sneasler\n|-damage|p1b: Sneasler|0 fnt\n|faint|p1b: Sneasler\n|\n|win|Pwaite\n|raw|kazamafu's rating: 1000 &rarr; <strong>1000</strong><br />(+0 for losing)\n|raw|Pwaite's rating: 1068 &rarr; <strong>1092</strong><br />(+24 for winning)\n|l|\u2606kazamafu\n|player|p1|\n",
  "uploadtime": 1775998221,
  "views": 24,
  "formatid": "gen9championsvgc2026regma",
  "rating": 1000,
  "private": 0,
  "password": null
}