{
  "id": "gen9championsvgc2026regma-2582780151",
  "format": "[Gen 9 Champions] VGC 2026 Reg M-A",
  "players": [
    "PappyPud",
    "maxd08"
  ],
  "log": "|j|\u2606PappyPud\n|j|\u2606maxd08\n|t:|1776113584\n|gametype|doubles\n|player|p1|PappyPud|backpacker|1055\n|player|p2|maxd08|aromalady|1117\n|gen|9\n|tier|[Gen 9 Champions] VGC 2026 Reg M-A\n|rated|\n|rule|Species Clause: Limit one of each Pok\u00e9mon\n|rule|Item Clause: Limit 1 of each item\n|clearpoke\n|poke|p1|Froslass, L50, F|\n|poke|p1|Kingambit, L50, F|\n|poke|p1|Sneasler, L50, F|\n|poke|p1|Sinistcha, L50|\n|poke|p1|Palafin, L50, F|\n|poke|p1|Arcanine-Hisui, L50, F|\n|poke|p2|Meganium, L50, F|\n|poke|p2|Weavile, L50, F|\n|poke|p2|Pelipper, L50, M|\n|poke|p2|Torkoal, L50, F|\n|poke|p2|Farigiraf, L50, M|\n|poke|p2|Archaludon, L50, M|\n|teampreview|4\n|\n|t:|1776113614\n|teamsize|p1|4\n|teamsize|p2|4\n|start\n|switch|p1a: Palafin|Palafin, L50, F|100/100\n|switch|p1b: Arcanine|Arcanine-Hisui, L50, F|100/100\n|switch|p2a: Torkoal|Torkoal, L50, F, shiny|100/100\n|switch|p2b: Farigiraf|Farigiraf, L50, M|100/100\n|-ability|p1b: Arcanine|Intimidate|boost\n|-unboost|p2a: Torkoal|atk|1\n|-unboost|p2b: Farigiraf|atk|1\n|-weather|SunnyDay|[from] ability: Drought|[of] p2a: Torkoal\n|turn|1\n|\n|t:|1776113640\n|move|p1b: Arcanine|Rock Slide|p2b: Farigiraf|[spread] p2a,p2b\n|-supereffective|p2a: Torkoal|1\n|-damage|p2a: Torkoal|55/100\n|-damage|p2b: Farigiraf|75/100\n|move|p1a: Palafin|Wave Crash|p2a: Torkoal\n|-supereffective|p2a: Torkoal|1\n|-damage|p2a: Torkoal|8/100\n|-damage|p1a: Palafin|90/100|[from] Recoil\n|move|p2a: Torkoal|Iron Defense|p2a: Torkoal\n|-boost|p2a: Torkoal|def|2\n|move|p2b: Farigiraf|Trick Room|p2b: Farigiraf\n|-fieldstart|move: Trick Room|[of] p2b: Farigiraf\n|\n|-weather|SunnyDay|[upkeep]\n|-heal|p2a: Torkoal|14/100|[from] item: Leftovers\n|upkeep\n|turn|2\n|\n|t:|1776113672\n|move|p1b: Arcanine|Extreme Speed||[still]\n|cant|p2b: Farigiraf|ability: Armor Tail|Extreme Speed|[of] p1b: Arcanine\n|move|p1a: Palafin|Jet Punch||[still]\n|cant|p2b: Farigiraf|ability: Armor Tail|Jet Punch|[of] p1a: Palafin\n|move|p2a: Torkoal|Body Press|p1b: Arcanine\n|-supereffective|p1b: Arcanine|1\n|-enditem|p1b: Arcanine|Focus Sash\n|-damage|p1b: Arcanine|1/100\n|move|p2b: Farigiraf|Thunderbolt|p1a: Palafin\n|-supereffective|p1a: Palafin|1\n|-damage|p1a: Palafin|19/100\n|-status|p1a: Palafin|par\n|\n|-weather|SunnyDay|[upkeep]\n|-heal|p2a: Torkoal|20/100|[from] item: Leftovers\n|upkeep\n|turn|3\n|\n|t:|1776113718\n|move|p2b: Farigiraf|Protect|p2b: Farigiraf\n|-singleturn|p2b: Farigiraf|Protect\n|move|p1b: Arcanine|Protect|p1b: Arcanine\n|-singleturn|p1b: Arcanine|Protect\n|move|p2a: Torkoal|Heat Wave|p1a: Palafin|[spread] p1a\n|-activate|p1b: Arcanine|move: Protect\n|-resisted|p1a: Palafin|1\n|-damage|p1a: Palafin|0 fnt\n|faint|p1a: Palafin\n|\n|-weather|SunnyDay|[upkeep]\n|-heal|p2a: Torkoal|27/100|[from] item: Leftovers\n|upkeep\n|\n|t:|1776113731\n|switch|p1a: Froslass|Froslass, L50, F|100/100\n|turn|4\n|\n|t:|1776113746\n|move|p1a: Froslass|Protect|p1a: Froslass\n|-singleturn|p1a: Froslass|Protect\n|move|p2a: Torkoal|Heat Wave|p1a: Froslass|[spread] p1b\n|-activate|p1a: Froslass|move: Protect\n|-resisted|p1b: Arcanine|2\n|-damage|p1b: Arcanine|0 fnt\n|faint|p1b: Arcanine\n|move|p2b: Farigiraf|Thunderbolt|p1a: Froslass\n|-activate|p1a: Froslass|move: Protect\n|\n|-weather|SunnyDay|[upkeep]\n|-heal|p2a: Torkoal|33/100|[from] item: Leftovers\n|upkeep\n|\n|t:|1776113757\n|switch|p1b: Sinistcha|Sinistcha, L50|100/100\n|turn|5\n|\n|t:|1776113767\n|detailschange|p1a: Froslass|Froslass-Mega, L50, F\n|-mega|p1a: Froslass|Froslass|Froslassite\n|-weather|Snowscape|[from] ability: Snow Warning|[of] p1a: Froslass\n|move|p2b: Farigiraf|Protect|p2b: Farigiraf\n|-singleturn|p2b: Farigiraf|Protect\n|move|p1b: Sinistcha|Protect|p1b: Sinistcha\n|-singleturn|p1b: Sinistcha|Protect\n|move|p1a: Froslass|Protect|p1a: Froslass\n|-singleturn|p1a: Froslass|Protect\n|move|p2a: Torkoal|Heat Wave|p1a: Froslass|[spread] \n|-activate|p1a: Froslass|move: Protect\n|-activate|p1b: Sinistcha|move: Protect\n|\n|-weather|Snowscape|[upkeep]\n|-heal|p2a: Torkoal|39/100|[from] item: Leftovers\n|-fieldend|move: Trick Room\n|upkeep\n|turn|6\n|\n|t:|1776113795\n|switch|p2a: Weavile|Weavile, L50, F|100/100\n|-ability|p2a: Weavile|Pressure\n|move|p1a: Froslass|Shadow Ball|p2a: Weavile\n|-resisted|p2a: Weavile|1\n|-damage|p2a: Weavile|69/100\n|move|p1b: Sinistcha|Matcha Gotcha|p2b: Farigiraf|[spread] p2a,p2b\n|-damage|p2a: Weavile|32/100\n|-damage|p2b: Farigiraf|50/100\n|-status|p2a: Weavile|brn\n|-enditem|p2a: Weavile|Sitrus Berry|[eat]\n|-heal|p2a: Weavile|57/100 brn|[from] item: Sitrus Berry\n|move|p2b: Farigiraf|Trick Room|p2b: Farigiraf\n|-fieldstart|move: Trick Room|[of] p2b: Farigiraf\n|\n|-weather|Snowscape|[upkeep]\n|-damage|p2a: Weavile|51/100 brn|[from] brn\n|upkeep\n|turn|7\n|\n|t:|1776113821\n|switch|p2a: Torkoal|Torkoal, L50, F, shiny|39/100\n|-weather|SunnyDay|[from] ability: Drought|[of] p2a: Torkoal\n|move|p2b: Farigiraf|Protect|p2b: Farigiraf\n|-singleturn|p2b: Farigiraf|Protect\n|move|p1a: Froslass|Aurora Veil||[still]\n|-fail|p1a: Froslass\n|move|p1b: Sinistcha|Trick Room|p1b: Sinistcha\n|-fieldend|move: Trick Room\n|\n|-weather|SunnyDay|[upkeep]\n|-heal|p2a: Torkoal|45/100|[from] item: Leftovers\n|upkeep\n|turn|8\n|\n|t:|1776113838\n|move|p1a: Froslass|Shadow Ball|p2a: Torkoal\n|-damage|p2a: Torkoal|0 fnt\n|faint|p2a: Torkoal\n|move|p1b: Sinistcha|Matcha Gotcha|p2b: Farigiraf|[miss]\n|-miss|p1b: Sinistcha|p2b: Farigiraf\n|move|p2b: Farigiraf|Trick Room|p2b: Farigiraf\n|-fieldstart|move: Trick Room|[of] p2b: Farigiraf\n|\n|-weather|SunnyDay|[upkeep]\n|upkeep\n|\n|t:|1776113841\n|switch|p2a: Meganium|Meganium, L50, F|100/100\n|turn|9\n|\n|t:|1776113861\n|detailschange|p2a: Meganium|Meganium-Mega, L50, F\n|-mega|p2a: Meganium|Meganium|Meganiumite\n|move|p1a: Froslass|Protect|p1a: Froslass\n|-singleturn|p1a: Froslass|Protect\n|move|p2b: Farigiraf|Psychic|p1b: Sinistcha\n|-damage|p1b: Sinistcha|63/100\n|move|p2a: Meganium|Weather Ball|p1b: Sinistcha\n|-supereffective|p1b: Sinistcha|1\n|-damage|p1b: Sinistcha|0 fnt\n|faint|p1b: Sinistcha\n|\n|-weather|SunnyDay|[upkeep]\n|upkeep\n|turn|10\n|\n|t:|1776113872\n|move|p2b: Farigiraf|Psychic|p1a: Froslass\n|-damage|p1a: Froslass|51/100\n|move|p2a: Meganium|Weather Ball|p1a: Froslass\n|-supereffective|p1a: Froslass|1\n|-damage|p1a: Froslass|0 fnt\n|faint|p1a: Froslass\n|\n|win|maxd08\n|raw|PappyPud's rating: 1055 &rarr; <strong>1040</strong><br />(-15 for losing)\n|raw|maxd08's rating: 1117 &rarr; <strong>1138</strong><br />(+21 for winning)\n|c|\u2606maxd08|wp\n|c|\u2606PappyPud|gg\n|l|\u2606PappyPud\n|player|p1|\n",
  "uploadtime": 1776113889,
  "views": 19,
  "formatid": "gen9championsvgc2026regma",
  "rating": 1040,
  "private": 0,
  "password": null
}