{
  "id": "gen9championsvgc2026regma-2580439756",
  "format": "[Gen 9 Champions] VGC 2026 Reg M-A",
  "players": [
    "PhatBabyShane",
    "kynshi"
  ],
  "log": "|j|\u2606PhatBabyShane\n|j|\u2606kynshi\n|t:|1775896802\n|gametype|doubles\n|player|p1|PhatBabyShane|flannery|1089\n|player|p2|kynshi|265|1023\n|gen|9\n|tier|[Gen 9 Champions] VGC 2026 Reg M-A\n|rated|\n|rule|Species Clause: Limit one of each Pok\u00e9mon\n|rule|Item Clause: Limit 1 of each item\n|clearpoke\n|poke|p1|Charizard, L50, M|\n|poke|p1|Aerodactyl, L50, F|\n|poke|p1|Venusaur, L50, M|\n|poke|p1|Raichu, L50, F|\n|poke|p1|Farigiraf, L50, F|\n|poke|p1|Dragonite, L50, M|\n|poke|p2|Gardevoir, L50, F|\n|poke|p2|Whimsicott, L50, F|\n|poke|p2|Incineroar, L50, F|\n|poke|p2|Garchomp, L50, F|\n|poke|p2|Sneasler, L50, F|\n|poke|p2|Pelipper, L50, F|\n|teampreview|4\n|inactive|Battle timer is ON: inactive players will automatically lose when time's up. (requested by kynshi)\n|inactive|PhatBabyShane also wants the timer to be on.\n|\n|t:|1775896832\n|teamsize|p1|4\n|teamsize|p2|4\n|start\n|switch|p1a: Charizard|Charizard, L50, M|100/100\n|switch|p1b: Aerodactyl|Aerodactyl, L50, F|100/100\n|switch|p2a: Whimsicott|Whimsicott, L50, F|100/100\n|switch|p2b: Garchomp|Garchomp, L50, F|100/100\n|-ability|p1b: Aerodactyl|Pressure\n|turn|1\n|inactive|kynshi has 30 seconds left.\n|\n|t:|1775896861\n|move|p2a: Whimsicott|Protect|p2a: Whimsicott\n|-singleturn|p2a: Whimsicott|Protect\n|move|p1a: Charizard|Protect|p1a: Charizard\n|-singleturn|p1a: Charizard|Protect\n|move|p1b: Aerodactyl|Tailwind|p1b: Aerodactyl\n|-sidestart|p1: PhatBabyShane|move: Tailwind\n|move|p2b: Garchomp|Rock Slide|p1b: Aerodactyl|[spread] p1b\n|-activate|p1a: Charizard|move: Protect\n|-supereffective|p1b: Aerodactyl|1\n|-damage|p1b: Aerodactyl|32/100\n|\n|upkeep\n|turn|2\n|inactive|PhatBabyShane has 30 seconds left.\n|inactive|PhatBabyShane has 20 seconds left.\n|\n|t:|1775896900\n|detailschange|p1a: Charizard|Charizard-Mega-Y, L50, M\n|-mega|p1a: Charizard|Charizard|Charizardite Y\n|-weather|SunnyDay|[from] ability: Drought|[of] p1a: Charizard\n|move|p1b: Aerodactyl|Wide Guard|p1b: Aerodactyl\n|-singleturn|p1b: Aerodactyl|Wide Guard\n|move|p2a: Whimsicott|Encore|p1a: Charizard\n|-start|p1a: Charizard|Encore\n|move|p1a: Charizard|Protect||[still]\n|-fail|p1a: Charizard\n|move|p2b: Garchomp|Rock Slide|p1a: Charizard|[spread] \n|-activate|p1a: Charizard|move: Wide Guard\n|-activate|p1b: Aerodactyl|move: Wide Guard\n|\n|-weather|SunnyDay|[upkeep]\n|upkeep\n|turn|3\n|inactive|PhatBabyShane has 30 seconds left.\n|\n|t:|1775896929\n|switch|p1a: Raichu|Raichu, L50, F|100/100\n|move|p2a: Whimsicott|Encore|p1b: Aerodactyl\n|-start|p1b: Aerodactyl|Encore\n|move|p1b: Aerodactyl|Wide Guard|p1b: Aerodactyl\n|-singleturn|p1b: Aerodactyl|Wide Guard\n|move|p2b: Garchomp|Rock Slide|p1a: Raichu|[spread] \n|-activate|p1a: Raichu|move: Wide Guard\n|-activate|p1b: Aerodactyl|move: Wide Guard\n|\n|-weather|SunnyDay|[upkeep]\n|upkeep\n|turn|4\n|inactive|PhatBabyShane has 30 seconds left.\n|\n|t:|1775896955\n|move|p2a: Whimsicott|Protect|p2a: Whimsicott\n|-singleturn|p2a: Whimsicott|Protect\n|move|p2b: Garchomp|Protect|p2b: Garchomp\n|-singleturn|p2b: Garchomp|Protect\n|move|p1b: Aerodactyl|Wide Guard|p1b: Aerodactyl\n|-singleturn|p1b: Aerodactyl|Wide Guard\n|move|p1a: Raichu|Encore|p2a: Whimsicott\n|-activate|p2a: Whimsicott|move: Protect\n|\n|-weather|SunnyDay|[upkeep]\n|-sideend|p1: PhatBabyShane|move: Tailwind\n|upkeep\n|turn|5\n|inactive|kynshi has 30 seconds left.\n|\n|t:|1775896983\n|switch|p1b: Charizard|Charizard-Mega-Y, L50, M|100/100\n|move|p2a: Whimsicott|Tailwind|p2a: Whimsicott\n|-sidestart|p2: kynshi|move: Tailwind\n|move|p2b: Garchomp|Rock Slide|p1a: Raichu|[spread] p1a\n|-miss|p2b: Garchomp|p1b: Charizard\n|-damage|p1a: Raichu|59/100\n|move|p1a: Raichu|Encore|p2a: Whimsicott\n|-start|p2a: Whimsicott|Encore\n|\n|-weather|SunnyDay|[upkeep]\n|upkeep\n|turn|6\n|inactive|PhatBabyShane has 30 seconds left.\n|\n|t:|1775897017\n|switch|p2a: Pelipper|Pelipper, L50, F|100/100\n|-weather|RainDance|[from] ability: Drizzle|[of] p2a: Pelipper\n|move|p1b: Charizard|Protect|p1b: Charizard\n|-singleturn|p1b: Charizard|Protect\n|move|p2b: Garchomp|Rock Slide|p1a: Raichu|[spread] p1a\n|-activate|p1b: Charizard|move: Protect\n|-damage|p1a: Raichu|14/100\n|-enditem|p1a: Raichu|Sitrus Berry|[eat]\n|-heal|p1a: Raichu|39/100|[from] item: Sitrus Berry\n|move|p1a: Raichu|Nuzzle|p2a: Pelipper\n|-supereffective|p2a: Pelipper|2\n|-damage|p2a: Pelipper|72/100\n|-status|p2a: Pelipper|par\n|\n|-weather|RainDance|[upkeep]\n|upkeep\n|turn|7\n|inactive|PhatBabyShane has 30 seconds left.\n|inactive|kynshi has 30 seconds left.\n|inactive|PhatBabyShane has 20 seconds left.\n|inactive|PhatBabyShane has 15 seconds left.\n|\n|t:|1775897060\n|switch|p1a: Aerodactyl|Aerodactyl, L50, F|32/100\n|-ability|p1a: Aerodactyl|Pressure\n|switch|p1b: Dragonite|Dragonite, L50, M|100/100\n|move|p2b: Garchomp|Protect|p2b: Garchomp\n|-singleturn|p2b: Garchomp|Protect\n|cant|p2a: Pelipper|par\n|\n|-weather|RainDance|[upkeep]\n|upkeep\n|turn|8\n|inactive|PhatBabyShane has 30 seconds left.\n|inactive|kynshi has 30 seconds left.\n|inactive|kynshi has 20 seconds left.\n|\n|t:|1775897095\n|switch|p2b: Whimsicott|Whimsicott, L50, F|100/100\n|move|p1a: Aerodactyl|Tailwind|p1a: Aerodactyl\n|-sidestart|p1: PhatBabyShane|move: Tailwind\n|move|p1b: Dragonite|Tailwind||[still]\n|-fail|p1b: Dragonite\n|move|p2a: Pelipper|Icy Wind|p1b: Dragonite|[spread] p1a,p1b\n|-supereffective|p1a: Aerodactyl|1\n|-supereffective|p1b: Dragonite|2\n|-damage|p1a: Aerodactyl|1/100\n|-damage|p1b: Dragonite|80/100\n|-unboost|p1a: Aerodactyl|spe|1\n|-unboost|p1b: Dragonite|spe|1\n|-enditem|p1b: Dragonite|White Herb\n|-clearnegativeboost|p1b: Dragonite|[silent]\n|\n|-weather|RainDance|[upkeep]\n|-sideend|p2: kynshi|move: Tailwind\n|upkeep\n|turn|9\n|inactive|PhatBabyShane has 30 seconds left.\n|inactive|kynshi has 30 seconds left.\n|inactive|PhatBabyShane has 20 seconds left.\n|inactive|kynshi has 20 seconds left.\n|inactive|PhatBabyShane has 15 seconds left.\n|inactive|kynshi has 15 seconds left.\n|\n|t:|1775897137\n|move|p2b: Whimsicott|Encore|p1b: Dragonite\n|-start|p1b: Dragonite|Encore\n|move|p1a: Aerodactyl|Taunt|p2b: Whimsicott\n|-start|p2b: Whimsicott|move: Taunt\n|move|p1b: Dragonite|Tailwind||[still]\n|-fail|p1b: Dragonite\n|move|p2a: Pelipper|Icy Wind|p1b: Dragonite|[spread] p1a,p1b\n|-supereffective|p1a: Aerodactyl|1\n|-supereffective|p1b: Dragonite|2\n|-damage|p1a: Aerodactyl|0 fnt\n|-damage|p1b: Dragonite|43/100\n|-unboost|p1b: Dragonite|spe|1\n|faint|p1a: Aerodactyl\n|\n|-weather|RainDance|[upkeep]\n|upkeep\n|\n|t:|1775897154\n|switch|p1a: Raichu|Raichu, L50, F|39/100\n|turn|10\n|\n|t:|1775897169\n|switch|p1b: Charizard|Charizard-Mega-Y, L50, M|100/100\n|-weather|SunnyDay|[from] ability: Drought|[of] p1b: Charizard\n|switch|p2a: Garchomp|Garchomp, L50, F|100/100\n|move|p1a: Raichu|Electroweb|p2a: Garchomp|[spread] p2b\n|-immune|p2a: Garchomp\n|-resisted|p2b: Whimsicott|1\n|-damage|p2b: Whimsicott|89/100\n|-unboost|p2b: Whimsicott|spe|1\n|move|p2b: Whimsicott|Moonblast|p1b: Charizard\n|-resisted|p1b: Charizard|1\n|-damage|p1b: Charizard|84/100\n|\n|-weather|SunnyDay|[upkeep]\n|upkeep\n|turn|11\n|inactive|PhatBabyShane has 30 seconds left.\n|inactive|kynshi has 30 seconds left.\n|\n|t:|1775897203\n|switch|p1a: Dragonite|Dragonite, L50, M|43/100\n|switch|p2b: Pelipper|Pelipper, L50, F|72/100 par\n|-weather|RainDance|[from] ability: Drizzle|[of] p2b: Pelipper\n|move|p1b: Charizard|Air Slash|p2a: Garchomp|[miss]\n|-miss|p1b: Charizard|p2a: Garchomp\n|move|p2a: Garchomp|Rock Slide|p1b: Charizard|[spread] p1a,p1b\n|-supereffective|p1a: Dragonite|1\n|-supereffective|p1b: Charizard|2\n|-damage|p1a: Dragonite|0 fnt\n|-damage|p1b: Charizard|0 fnt\n|faint|p1a: Dragonite\n|faint|p1b: Charizard\n|\n|-weather|RainDance|[upkeep]\n|-sideend|p1: PhatBabyShane|move: Tailwind\n|upkeep\n|-message|PhatBabyShane forfeited.\n|\n|win|kynshi\n|raw|PhatBabyShane's rating: 1089 &rarr; <strong>1061</strong><br />(-28 for losing)\n|raw|kynshi's rating: 1023 &rarr; <strong>1066</strong><br />(+43 for winning)\n|l|\u2606PhatBabyShane\n|player|p1|\n",
  "uploadtime": 1775897230,
  "views": 16,
  "formatid": "gen9championsvgc2026regma",
  "rating": 1061,
  "private": 0,
  "password": null
}