{
  "id": "gen9championsvgc2026regma-2581018016",
  "format": "[Gen 9 Champions] VGC 2026 Reg M-A",
  "players": [
    "s4m1_jaw3d",
    "An Alolan Vulpix"
  ],
  "log": "|j|\u2606s4m1_jaw3d\n|j|\u2606An Alolan Vulpix\n|t:|1775952160\n|gametype|doubles\n|player|p1|s4m1_jaw3d|volkner|\n|player|p2|An Alolan Vulpix|gladion|\n|gen|9\n|tier|[Gen 9 Champions] VGC 2026 Reg M-A\n|rule|Species Clause: Limit one of each Pok\u00e9mon\n|rule|Item Clause: Limit 1 of each item\n|clearpoke\n|poke|p1|Sinistcha, L50|\n|poke|p1|Kleavor, L50, F|\n|poke|p1|Farigiraf, L50, F|\n|poke|p1|Kangaskhan, L50, F|\n|poke|p1|Raichu, L50, M|\n|poke|p1|Pelipper, L50, M|\n|poke|p2|Milotic, L50, M|\n|poke|p2|Arcanine-Hisui, L50, F|\n|poke|p2|Farigiraf, L50, M|\n|poke|p2|Meganium, L50, F|\n|poke|p2|Sneasler, L50, F|\n|poke|p2|Zoroark-Hisui, L50, M|\n|teampreview|4\ns4m1_jaw3d has agreed to open team sheets.\nAn Alolan Vulpix has agreed to open team sheets.\n|showteam|p1|Sinistcha||ColburBerry|Hospitality|MatchaGotcha,StrengthSap,RagePowder,TrickRoom||||||50|]Kleavor||ChoiceScarf|Sharpness|CloseCombat,StoneAxe,Lunge,Uturn|||F|||50|]Farigiraf||SitrusBerry|ArmorTail|TrickRoom,HyperVoice,Imprison,Protect|||F|||50|]Kangaskhan||Kangaskhanite|EarlyBird|FakeOut,Crunch,DoubleEdge,Protect|||F|||50|]Raichu||FocusSash|LightningRod|FakeOut,FocusBlast,VoltSwitch,Electroweb|||M|||50|]Pelipper||WacanBerry|Drizzle|Tailwind,WideGuard,IcyWind,WeatherBall|||M|||50|\n|showteam|p2|Milotic||Leftovers|MarvelScale|IcyWind,Scald,Recover,Protect|||M|||50|]Arcanine-Hisui||ChoiceScarf|RockHead|FlareBlitz,HeadSmash,ExtremeSpeed,Outrage|||F|||50|]Farigiraf||MentalHerb|ArmorTail|AllySwitch,ThunderWave,PsychicNoise,ChargeBeam|||M|||50|]Meganium||Meganiumite|Overgrow|WeatherBall,SolarBeam,DazzlingGleam,Synthesis|||F|||50|]Sneasler||WhiteHerb|PoisonTouch|FakeOut,DireClaw,CloseCombat,Protect|||F|||50|]Zoroark-Hisui||FocusSash|Illusion|BitterMalice,HyperVoice,NastyPlot,Flamethrower|||M|||50|\n|\n|t:|1775952217\n|teamsize|p1|4\n|teamsize|p2|4\n|start\n|switch|p1a: Kangaskhan|Kangaskhan, L50, F|100/100\n|switch|p1b: Kleavor|Kleavor, L50, F|100/100\n|switch|p2a: Arcanine|Arcanine-Hisui, L50, F|100/100\n|switch|p2b: Sneasler|Sneasler, L50, F|100/100\n|turn|1\n|\n|t:|1775952242\n|switch|p2b: Farigiraf|Farigiraf, L50, M|100/100\n|detailschange|p1a: Kangaskhan|Kangaskhan-Mega, L50, F\n|-mega|p1a: Kangaskhan|Kangaskhan|Kangaskhanite\n|move|p1a: Kangaskhan|Protect|p1a: Kangaskhan\n|-singleturn|p1a: Kangaskhan|Protect\n|move|p2a: Arcanine|Head Smash|p1b: Kleavor\n|-supereffective|p1b: Kleavor|1\n|-damage|p1b: Kleavor|0 fnt\n|faint|p1b: Kleavor\n|\n|upkeep\n|\n|t:|1775952254\n|switch|p1b: Sinistcha|Sinistcha, L50|100/100\n|turn|2\n|\n|t:|1775952261\n|move|p1b: Sinistcha|Rage Powder|p1b: Sinistcha\n|-singleturn|p1b: Sinistcha|move: Rage Powder\n|move|p2b: Farigiraf|Ally Switch|p2b: Farigiraf\n|swap|p2b: Farigiraf|0|[from] move: Ally Switch\n|move|p2b: Arcanine|Head Smash|p1b: Sinistcha\n|-damage|p1b: Sinistcha|30/100\n|move|p1a: Kangaskhan|Crunch|p2b: Arcanine\n|-crit|p2b: Arcanine\n|-damage|p2b: Arcanine|43/100\n|-damage|p2b: Arcanine|33/100\n|-hitcount|p2b: Arcanine|2\n|\n|upkeep\n|turn|3\n|\n|t:|1775952289\n|move|p1b: Sinistcha|Rage Powder|p1b: Sinistcha\n|-singleturn|p1b: Sinistcha|move: Rage Powder\n|move|p2b: Arcanine|Head Smash|p1b: Sinistcha\n|-damage|p1b: Sinistcha|0 fnt\n|faint|p1b: Sinistcha\n|move|p1a: Kangaskhan|Crunch|p2b: Arcanine\n|-damage|p2b: Arcanine|0 fnt\n|faint|p2b: Arcanine\n|-hitcount|p2: Arcanine|1\n|move|p2a: Farigiraf|Thunder Wave|p1a: Kangaskhan\n|-status|p1a: Kangaskhan|par\n|\n|upkeep\n|\n|t:|1775952301\n|switch|p2b: Sneasler|Sneasler, L50, F|100/100\n|switch|p1b: Farigiraf|Farigiraf, L50, F|100/100\n|turn|4\n|\n|t:|1775952315\n|move|p1a: Kangaskhan|Protect|p1a: Kangaskhan\n|-singleturn|p1a: Kangaskhan|Protect\n|move|p2a: Farigiraf|Ally Switch|p2a: Farigiraf\n|swap|p2a: Farigiraf|1|[from] move: Ally Switch\n|move|p2a: Sneasler|Close Combat|p1a: Kangaskhan\n|-activate|p1a: Kangaskhan|move: Protect\n|move|p1b: Farigiraf|Trick Room|p1b: Farigiraf\n|-fieldstart|move: Trick Room|[of] p1b: Farigiraf\n|\n|upkeep\n|turn|5\n|\n|t:|1775952328\n|move|p2a: Sneasler|Protect|p2a: Sneasler\n|-singleturn|p2a: Sneasler|Protect\n|move|p1a: Kangaskhan|Double-Edge|p2b: Farigiraf\n|-damage|p2b: Farigiraf|34/100\n|-damage|p2b: Farigiraf|18/100\n|-hitcount|p2b: Farigiraf|2\n|-damage|p1a: Kangaskhan|68/100 par|[from] Recoil\n|move|p1b: Farigiraf|Hyper Voice|p2b: Farigiraf|[spread] p2b\n|-activate|p2a: Sneasler|move: Protect\n|-damage|p2b: Farigiraf|0 fnt\n|faint|p2b: Farigiraf\n|\n|upkeep\n|\n|t:|1775952340\n|switch|p2b: Meganium|Meganium, L50, F|100/100\n|turn|6\n|\n|t:|1775952354\n|detailschange|p2b: Meganium|Meganium-Mega, L50, F\n|-mega|p2b: Meganium|Meganium|Meganiumite\n|move|p1a: Kangaskhan|Double-Edge|p2a: Sneasler\n|-damage|p2a: Sneasler|0 fnt\n|faint|p2a: Sneasler\n|-hitcount|p2: Sneasler|1\n|-damage|p1a: Kangaskhan|40/100 par|[from] Recoil\n|move|p1b: Farigiraf|Hyper Voice|p2b: Meganium\n|-damage|p2b: Meganium|58/100\n|move|p2b: Meganium|Solar Beam||[still]\n|-prepare|p2b: Meganium|Solar Beam\n|-activate|p2b: Meganium|ability: Mega Sol\n|-anim|p2b: Meganium|Solar Beam|p1b: Farigiraf\n|-damage|p1b: Farigiraf|44/100\n|-enditem|p1b: Farigiraf|Sitrus Berry|[eat]\n|-heal|p1b: Farigiraf|69/100|[from] item: Sitrus Berry\n|\n|upkeep\n|turn|7\n|c|\u2606An Alolan Vulpix|gg\n|-message|An Alolan Vulpix forfeited.\n|\n|win|s4m1_jaw3d\n|l|\u2606An Alolan Vulpix\n|player|p2|\n|c|\u2606s4m1_jaw3d|Gg\n",
  "uploadtime": 1775952376,
  "views": 12,
  "formatid": "gen9championsvgc2026regma",
  "rating": null,
  "private": 0,
  "password": null
}