{
  "id": "gen9championsvgc2026regma-2585026502",
  "format": "[Gen 9 Champions] VGC 2026 Reg M-A",
  "players": [
    "joshferd",
    "Troodon_Jesus"
  ],
  "log": "|j|\u2606joshferd\n|j|\u2606Troodon_Jesus\n|t:|1776304553\n|gametype|doubles\n|player|p1|joshferd|265|1145\n|player|p2|Troodon_Jesus|pokemaniac|1193\n|gen|9\n|tier|[Gen 9 Champions] VGC 2026 Reg M-A\n|rated|\n|rule|Species Clause: Limit one of each Pok\u00e9mon\n|rule|Item Clause: Limit 1 of each item\n|clearpoke\n|poke|p1|Ditto, L50|\n|poke|p1|Aegislash, L50, M|\n|poke|p1|Lopunny, L50, F|\n|poke|p1|Ninetales-Alola, L50, M|\n|poke|p1|Rotom-Heat, L50|\n|poke|p1|Hydreigon, L50, M|\n|poke|p2|Aggron, L50, M|\n|poke|p2|Sinistcha, L50|\n|poke|p2|Hydreigon, L50, F|\n|poke|p2|Aerodactyl, L50, F|\n|poke|p2|Sneasler, L50, M|\n|poke|p2|Tyranitar, L50, M|\n|teampreview|4\n|\n|t:|1776304580\n|teamsize|p1|4\n|teamsize|p2|4\n|start\n|switch|p1a: Lopunny|Lopunny, L50, F, shiny|100/100\n|switch|p1b: Rotom|Rotom-Heat, L50|100/100\n|switch|p2a: Sneasler|Sneasler, L50, M|100/100\n|switch|p2b: THE WALL|Aggron, L50, M|100/100\n|turn|1\n|inactive|Battle timer is ON: inactive players will automatically lose when time's up. (requested by Troodon_Jesus)\n|\n|t:|1776304606\n|switch|p2a: Sinistcha|Sinistcha, L50|100/100\n|detailschange|p1a: Lopunny|Lopunny-Mega, L50, F, shiny\n|-mega|p1a: Lopunny|Lopunny|Lopunnite\n|detailschange|p2b: THE WALL|Aggron-Mega, L50, M\n|-mega|p2b: THE WALL|Aggron|Aggronite\n|move|p2b: THE WALL|Protect|p2b: THE WALL\n|-singleturn|p2b: THE WALL|Protect\n|move|p1a: Lopunny|Fake Out|p2a: Sinistcha\n|-damage|p2a: Sinistcha|85/100\n|move|p1b: Rotom|Volt Switch|p2a: Sinistcha\n|-resisted|p2a: Sinistcha|1\n|-damage|p2a: Sinistcha|69/100\n|\n|t:|1776304623\n|switch|p1b: Aegislash|Aegislash, L50, M|100/100|[from] Volt Switch\n|\n|upkeep\n|turn|2\n|\n|t:|1776304634\n|switch|p1a: Ditto|Ditto, L50|100/100\n|-transform|p1a: Ditto|p2b: THE WALL|[from] ability: Imposter\n|move|p2a: Sinistcha|Rage Powder|p2a: Sinistcha\n|-singleturn|p2a: Sinistcha|move: Rage Powder\n|-formechange|p1b: Aegislash|Aegislash-Blade|\n|move|p1b: Aegislash|Shadow Ball|p2a: Sinistcha\n|-supereffective|p2a: Sinistcha|1\n|-damage|p2a: Sinistcha|0 fnt\n|faint|p2a: Sinistcha\n|move|p2b: THE WALL|Iron Defense|p2b: THE WALL\n|-boost|p2b: THE WALL|def|2\n|\n|upkeep\n|\n|t:|1776304645\n|switch|p2a: Tyranitar|Tyranitar, L50, M|100/100\n|-weather|Sandstorm|[from] ability: Sand Stream|[of] p2a: Tyranitar\n|turn|3\n|\n|t:|1776304659\n|switch|p1b: Lopunny|Lopunny-Mega, L50, F, shiny|100/100\n|move|p2a: Tyranitar|Protect|p2a: Tyranitar\n|-singleturn|p2a: Tyranitar|Protect\n|move|p1a: Ditto|Iron Defense|p1a: Ditto\n|-boost|p1a: Ditto|def|2\n|move|p2b: THE WALL|Body Press|p1a: Ditto\n|-supereffective|p1a: Ditto|1\n|-damage|p1a: Ditto|70/100\n|\n|-weather|Sandstorm|[upkeep]\n|-damage|p1b: Lopunny|95/100|[from] Sandstorm\n|upkeep\n|turn|4\n|-activate|p1a: Ditto|item: Quick Claw\n|\n|t:|1776304678\n|switch|p2a: Sneasler|Sneasler, L50, M|100/100\n|move|p1a: Ditto|Iron Defense|p1a: Ditto\n|-boost|p1a: Ditto|def|2\n|move|p1b: Lopunny|Encore||[still]\n|-fail|p1b: Lopunny\n|move|p2b: THE WALL|Body Press|p1b: Lopunny\n|-supereffective|p1b: Lopunny|1\n|-damage|p1b: Lopunny|0 fnt\n|faint|p1b: Lopunny\n|\n|-weather|Sandstorm|[upkeep]\n|-damage|p2a: Sneasler|95/100|[from] Sandstorm\n|upkeep\n|\n|t:|1776304698\n|switch|p1b: Rotom|Rotom-Heat, L50|100/100\n|turn|5\n|\n|t:|1776304706\n|move|p2b: THE WALL|Protect|p2b: THE WALL\n|-singleturn|p2b: THE WALL|Protect\n|move|p2a: Sneasler|Close Combat|p1b: Rotom\n|-damage|p1b: Rotom|39/100\n|-unboost|p2a: Sneasler|def|1\n|-unboost|p2a: Sneasler|spd|1\n|-enditem|p1b: Rotom|Sitrus Berry|[eat]\n|-heal|p1b: Rotom|64/100|[from] item: Sitrus Berry\n|-enditem|p2a: Sneasler|White Herb\n|-clearnegativeboost|p2a: Sneasler|[silent]\n|move|p1b: Rotom|Overheat|p2b: THE WALL\n|-activate|p2b: THE WALL|move: Protect\n|move|p1a: Ditto|Iron Defense|p1a: Ditto\n|-boost|p1a: Ditto|def|2\n|\n|-weather|Sandstorm|[upkeep]\n|-damage|p2a: Sneasler|89/100|[from] Sandstorm\n|-damage|p1b: Rotom|58/100|[from] Sandstorm\n|upkeep\n|turn|6\n|\n|t:|1776304729\n|switch|p1b: Aegislash|Aegislash, L50, M|100/100\n|move|p2a: Sneasler|Close Combat|p1b: Aegislash\n|-immune|p1b: Aegislash\n|move|p2b: THE WALL|Body Press|p1a: Ditto\n|-supereffective|p1a: Ditto|1\n|-damage|p1a: Ditto|54/100\n|move|p1a: Ditto|Heavy Slam|p2a: Sneasler\n|-crit|p2a: Sneasler\n|-damage|p2a: Sneasler|0 fnt\n|faint|p2a: Sneasler\n|\n|-weather|Sandstorm|[upkeep]\n|upkeep\n|\n|t:|1776304739\n|switch|p2a: Tyranitar|Tyranitar, L50, M|100/100\n|turn|7\n|\n|t:|1776304756\n|-formechange|p1b: Aegislash|Aegislash-Blade|\n|move|p1b: Aegislash|Flash Cannon|p2a: Tyranitar\n|-supereffective|p2a: Tyranitar|1\n|-damage|p2a: Tyranitar|28/100\n|move|p2a: Tyranitar|Knock Off|p1b: Aegislash\n|-supereffective|p1b: Aegislash|1\n|-damage|p1b: Aegislash|0 fnt\n|-enditem|p1b: Aegislash|Metal Coat|[from] move: Knock Off|[of] p2a: Tyranitar\n|faint|p1b: Aegislash\n|move|p2b: THE WALL|Body Press|p1a: Ditto\n|-supereffective|p1a: Ditto|1\n|-damage|p1a: Ditto|38/100\n|move|p1a: Ditto|Body Press|p2a: Tyranitar\n|-supereffective|p2a: Tyranitar|2\n|-damage|p2a: Tyranitar|0 fnt\n|faint|p2a: Tyranitar\n|\n|-weather|none\n|upkeep\n|\n|t:|1776304760\n|switch|p1b: Rotom|Rotom-Heat, L50|58/100\n|turn|8\n|-message|Troodon_Jesus forfeited.\n|\n|win|joshferd\n|raw|joshferd's rating: 1145 &rarr; <strong>1173</strong><br />(+28 for winning)\n|raw|Troodon_Jesus's rating: 1193 &rarr; <strong>1165</strong><br />(-28 for losing)\n|l|\u2606Troodon_Jesus\n|player|p2|\n",
  "uploadtime": 1776304779,
  "views": 25,
  "formatid": "gen9championsvgc2026regma",
  "rating": 1165,
  "private": 0,
  "password": null
}