{
  "id": "gen9championsvgc2026regma-2584832831",
  "format": "[Gen 9 Champions] VGC 2026 Reg M-A",
  "players": [
    "paradoxguardiola",
    "Mulegator12"
  ],
  "log": "|j|\u2606paradoxguardiola\n|j|\u2606Mulegator12\n|t:|1776287147\n|gametype|doubles\n|player|p1|paradoxguardiola|265|1227\n|player|p2|Mulegator12|266|1226\n|gen|9\n|tier|[Gen 9 Champions] VGC 2026 Reg M-A\n|rated|\n|rule|Species Clause: Limit one of each Pok\u00e9mon\n|rule|Item Clause: Limit 1 of each item\n|clearpoke\n|poke|p1|Basculegion, L50, M|\n|poke|p1|Pelipper, L50, F|\n|poke|p1|Archaludon, L50, M|\n|poke|p1|Meganium, L50, F|\n|poke|p1|Incineroar, L50, M|\n|poke|p1|Garchomp, L50, M|\n|poke|p2|Scizor, L50, F|\n|poke|p2|Gardevoir, L50, M|\n|poke|p2|Milotic, L50, M|\n|poke|p2|Talonflame, L50, M|\n|poke|p2|Lopunny, L50, F|\n|poke|p2|Garchomp, L50, M|\n|teampreview|4\n|inactive|Battle timer is ON: inactive players will automatically lose when time's up. (requested by paradoxguardiola)\n|\n|t:|1776287177\n|teamsize|p1|4\n|teamsize|p2|4\n|start\n|switch|p1a: Basculegion|Basculegion, L50, M, shiny|100/100\n|switch|p1b: Pelipper|Pelipper, L50, F|100/100\n|switch|p2a: Milotic|Milotic, L50, M|100/100\n|switch|p2b: Gardevoir|Gardevoir, L50, M|100/100\n|-weather|RainDance|[from] ability: Drizzle|[of] p1b: Pelipper\n|turn|1\n|inactive|paradoxguardiola has 30 seconds left.\n|\n|t:|1776287208\n|move|p1a: Basculegion|Flip Turn|p2b: Gardevoir\n|-damage|p2b: Gardevoir|8/100\n|\n|t:|1776287212\n|switch|p1a: Archaludon|Archaludon, L50, M, shiny|100/100|[from] Flip Turn\n|move|p2b: Gardevoir|Moonblast|p1a: Archaludon\n|-damage|p1a: Archaludon|52/100\n|-ability|p1a: Archaludon|Stamina|boost\n|-boost|p1a: Archaludon|def|1\n|move|p1b: Pelipper|Tailwind|p1b: Pelipper\n|-sidestart|p1: paradoxguardiola|move: Tailwind\n|move|p2a: Milotic|Coil|p2a: Milotic\n|-boost|p2a: Milotic|atk|1\n|-boost|p2a: Milotic|def|1\n|-boost|p2a: Milotic|accuracy|1\n|\n|-weather|RainDance|[upkeep]\n|-heal|p1a: Archaludon|58/100|[from] item: Leftovers\n|upkeep\n|turn|2\n|\n|t:|1776287230\n|move|p1b: Pelipper|Weather Ball|p2b: Gardevoir\n|-damage|p2b: Gardevoir|0 fnt\n|faint|p2b: Gardevoir\n|move|p1a: Archaludon|Electro Shot||[still]\n|-prepare|p1a: Archaludon|Electro Shot\n|-boost|p1a: Archaludon|spa|1\n|-anim|p1a: Archaludon|Electro Shot|p2a: Milotic\n|-supereffective|p2a: Milotic|1\n|-damage|p2a: Milotic|36/100\n|-enditem|p2a: Milotic|Sitrus Berry|[eat]\n|-heal|p2a: Milotic|61/100|[from] item: Sitrus Berry\n|move|p2a: Milotic|Life Dew|p2a: Milotic\n|-heal|p2a: Milotic|86/100\n|\n|-weather|RainDance|[upkeep]\n|-heal|p1a: Archaludon|64/100|[from] item: Leftovers\n|upkeep\n|\n|t:|1776287244\n|switch|p2b: Lopunny|Lopunny, L50, F|100/100\n|turn|3\n|\n|t:|1776287263\n|detailschange|p2b: Lopunny|Lopunny-Mega, L50, F\n|-mega|p2b: Lopunny|Lopunny|Lopunnite\n|move|p2b: Lopunny|Fake Out|p1b: Pelipper\n|-damage|p1b: Pelipper|79/100\n|cant|p1b: Pelipper|flinch\n|move|p1a: Archaludon|Electro Shot||[still]\n|-prepare|p1a: Archaludon|Electro Shot\n|-boost|p1a: Archaludon|spa|1\n|-anim|p1a: Archaludon|Electro Shot|p2b: Lopunny\n|-damage|p2b: Lopunny|1/100\n|move|p2a: Milotic|Hypnosis|p1a: Archaludon\n|-status|p1a: Archaludon|slp|[from] move: Hypnosis\n|\n|-weather|RainDance|[upkeep]\n|-heal|p1a: Archaludon|70/100 slp|[from] item: Leftovers\n|upkeep\n|turn|4\n|inactive|paradoxguardiola has 30 seconds left.\n|\n|t:|1776287291\n|switch|p1b: Basculegion|Basculegion, L50, M, shiny|100/100\n|switch|p2b: Scizor|Scizor, L50, F|100/100\n|cant|p1a: Archaludon|slp\n|move|p2a: Milotic|Hypnosis|p1b: Basculegion\n|-status|p1b: Basculegion|slp|[from] move: Hypnosis\n|\n|-weather|RainDance|[upkeep]\n|-heal|p1a: Archaludon|76/100 slp|[from] item: Leftovers\n|-sideend|p1: paradoxguardiola|move: Tailwind\n|upkeep\n|turn|5\n|\n|t:|1776287309\n|cant|p1b: Basculegion|slp\n|move|p2a: Milotic|Muddy Water|p1a: Archaludon|[spread] p1a,p1b\n|-resisted|p1a: Archaludon|1\n|-resisted|p1b: Basculegion|1\n|-damage|p1a: Archaludon|60/100 slp\n|-damage|p1b: Basculegion|82/100 slp\n|-ability|p1a: Archaludon|Stamina|boost\n|-boost|p1a: Archaludon|def|1\n|cant|p1a: Archaludon|slp\n|move|p2b: Scizor|Knock Off|p1b: Basculegion\n|-supereffective|p1b: Basculegion|1\n|-damage|p1b: Basculegion|0 fnt\n|-enditem|p1b: Basculegion|Choice Scarf|[from] move: Knock Off|[of] p2b: Scizor\n|faint|p1b: Basculegion\n|\n|-weather|none\n|-heal|p1a: Archaludon|66/100 slp|[from] item: Leftovers\n|upkeep\n|\n|t:|1776287325\n|switch|p1b: Pelipper|Pelipper, L50, F|79/100\n|-weather|RainDance|[from] ability: Drizzle|[of] p1b: Pelipper\n|turn|6\n|\n|t:|1776287336\n|move|p1b: Pelipper|Tailwind|p1b: Pelipper\n|-sidestart|p1: paradoxguardiola|move: Tailwind\n|-curestatus|p1a: Archaludon|slp|[msg]\n|move|p1a: Archaludon|Electro Shot||[still]\n|-prepare|p1a: Archaludon|Electro Shot\n|-boost|p1a: Archaludon|spa|1\n|-anim|p1a: Archaludon|Electro Shot|p2a: Milotic\n|-supereffective|p2a: Milotic|1\n|-damage|p2a: Milotic|0 fnt\n|faint|p2a: Milotic\n|move|p2b: Scizor|Knock Off|p1b: Pelipper\n|-damage|p1b: Pelipper|42/100\n|-enditem|p1b: Pelipper|Focus Sash|[from] move: Knock Off|[of] p2b: Scizor\n|\n|-weather|RainDance|[upkeep]\n|-heal|p1a: Archaludon|73/100|[from] item: Leftovers\n|upkeep\n|\n|t:|1776287349\n|switch|p2a: Lopunny|Lopunny-Mega, L50, F|1/100\n|turn|7\n|\n|t:|1776287367\n|move|p2a: Lopunny|Fake Out|p1a: Archaludon\n|-resisted|p1a: Archaludon|1\n|-damage|p1a: Archaludon|69/100\n|-ability|p1a: Archaludon|Stamina|boost\n|-boost|p1a: Archaludon|def|1\n|move|p1b: Pelipper|Weather Ball|p2a: Lopunny\n|-damage|p2a: Lopunny|0 fnt\n|faint|p2a: Lopunny\n|cant|p1a: Archaludon|flinch\n|move|p2b: Scizor|Dual Wingbeat|p1b: Pelipper\n|-damage|p1b: Pelipper|19/100\n|-damage|p1b: Pelipper|0 fnt\n|faint|p1b: Pelipper\n|-hitcount|p1: Pelipper|2\n|\n|-weather|RainDance|[upkeep]\n|-heal|p1a: Archaludon|75/100|[from] item: Leftovers\n|upkeep\n|\n|t:|1776287382\n|switch|p1b: Meganium|Meganium, L50, F|100/100\n|turn|8\n|\n|t:|1776287398\n|detailschange|p1b: Meganium|Meganium-Mega, L50, F\n|-mega|p1b: Meganium|Meganium|Meganiumite\n|move|p2b: Scizor|Bullet Punch|p1b: Meganium\n|-supereffective|p1b: Meganium|1\n|-damage|p1b: Meganium|27/100\n|move|p1a: Archaludon|Electro Shot||[still]\n|-prepare|p1a: Archaludon|Electro Shot\n|-boost|p1a: Archaludon|spa|1\n|-anim|p1a: Archaludon|Electro Shot|p2b: Scizor\n|-damage|p2b: Scizor|0 fnt\n|faint|p2b: Scizor\n|\n|win|paradoxguardiola\n|raw|paradoxguardiola's rating: 1227 &rarr; <strong>1252</strong><br />(+25 for winning)\n|raw|Mulegator12's rating: 1226 &rarr; <strong>1201</strong><br />(-25 for losing)\n",
  "uploadtime": 1776287403,
  "views": 32,
  "formatid": "gen9championsvgc2026regma",
  "rating": 1201,
  "private": 0,
  "password": null
}