{
  "id": "gen9championsvgc2026regma-2586976176",
  "format": "[Gen 9 Champions] VGC 2026 Reg M-A",
  "players": [
    "jakeofonline",
    "kdelred"
  ],
  "log": "|j|\u2606jakeofonline\n|j|\u2606kdelred\n|t:|1776477434\n|gametype|doubles\n|player|p1|jakeofonline|brycenman|1190\n|player|p2|kdelred|2|1151\n|gen|9\n|tier|[Gen 9 Champions] VGC 2026 Reg M-A\n|rated|\n|rule|Species Clause: Limit one of each Pok\u00e9mon\n|rule|Item Clause: Limit 1 of each item\n|clearpoke\n|poke|p1|Drampa, L50, F|\n|poke|p1|Sinistcha, L50|\n|poke|p1|Farigiraf, L50, F|\n|poke|p1|Incineroar, L50, F|\n|poke|p1|Primarina, L50, F|\n|poke|p1|Orthworm, L50, M|\n|poke|p2|Pelipper, L50, F|\n|poke|p2|Incineroar, L50, M|\n|poke|p2|Scizor, L50, F|\n|poke|p2|Kingambit, L50, F|\n|poke|p2|Sinistcha, L50|\n|poke|p2|Archaludon, L50, M|\n|teampreview|4\n|inactive|Battle timer is ON: inactive players will automatically lose when time's up. (requested by jakeofonline)\n|inactive|jakeofonline has 60 seconds left.\n|inactive|kdelred has 60 seconds left.\n|\n|t:|1776477474\n|teamsize|p1|4\n|teamsize|p2|4\n|start\n|switch|p1a: Drampa|Drampa, L50, F|100/100\n|switch|p1b: Sinistcha|Sinistcha, L50|100/100\n|switch|p2a: Kingambit|Kingambit, L50, F|100/100\n|switch|p2b: Sinistcha|Sinistcha, L50|100/100\n|turn|1\n|inactive|jakeofonline has 30 seconds left.\n|\n|t:|1776477503\n|switch|p2b: Pelipper|Pelipper, L50, F|100/100\n|-weather|RainDance|[from] ability: Drizzle|[of] p2b: Pelipper\n|switch|p1b: Primarina|Primarina, L50, F|100/100\n|detailschange|p1a: Drampa|Drampa-Mega, L50, F\n|-mega|p1a: Drampa|Drampa|Drampanite\n|move|p2a: Kingambit|Kowtow Cleave|p1b: Primarina\n|-resisted|p1b: Primarina|1\n|-damage|p1b: Primarina|65/100\n|move|p1a: Drampa|Calm Mind|p1a: Drampa\n|-boost|p1a: Drampa|spa|1\n|-boost|p1a: Drampa|spd|1\n|\n|-weather|RainDance|[upkeep]\n|-heal|p1b: Primarina|72/100|[from] item: Leftovers\n|upkeep\n|turn|2\n|inactive|jakeofonline has 30 seconds left.\n|inactive|kdelred has 30 seconds left.\n|inactive|jakeofonline has 20 seconds left.\n|\n|t:|1776477542\n|move|p2a: Kingambit|Protect|p2a: Kingambit\n|-singleturn|p2a: Kingambit|Protect\n|move|p2b: Pelipper|Tailwind|p2b: Pelipper\n|-sidestart|p2: kdelred|move: Tailwind\n|move|p1b: Primarina|Moonblast|p2a: Kingambit\n|-activate|p2a: Kingambit|move: Protect\n|move|p1a: Drampa|Hyper Voice|p2a: Kingambit|[spread] p2b\n|-activate|p2a: Kingambit|move: Protect\n|-crit|p2b: Pelipper\n|-damage|p2b: Pelipper|0 fnt\n|faint|p2b: Pelipper\n|\n|-weather|RainDance|[upkeep]\n|-heal|p1b: Primarina|78/100|[from] item: Leftovers\n|upkeep\n|c|\u2606kdelred|xd\n|\n|t:|1776477558\n|switch|p2b: Archaludon|Archaludon, L50, M|100/100\n|turn|3\n|inactive|jakeofonline has 30 seconds left.\n|inactive|kdelred has 30 seconds left.\n|\n|t:|1776477598\n|move|p1a: Drampa|Protect|p1a: Drampa\n|-singleturn|p1a: Drampa|Protect\n|move|p2b: Archaludon|Draco Meteor|p1a: Drampa\n|-activate|p1a: Drampa|move: Protect\n|move|p2a: Kingambit|Kowtow Cleave|p1a: Drampa\n|-activate|p1a: Drampa|move: Protect\n|move|p1b: Primarina|Moonblast|p2a: Kingambit\n|-damage|p2a: Kingambit|44/100\n|-unboost|p2a: Kingambit|spa|1\n|-ability|p2a: Kingambit|Defiant|boost\n|-boost|p2a: Kingambit|atk|2\n|\n|-weather|RainDance|[upkeep]\n|-heal|p1b: Primarina|84/100|[from] item: Leftovers\n|upkeep\n|turn|4\n|inactive|jakeofonline has 30 seconds left.\n|inactive|jakeofonline has 20 seconds left.\n|\n|t:|1776477634\n|move|p2b: Archaludon|Draco Meteor|p1a: Drampa\n|-supereffective|p1a: Drampa|1\n|-damage|p1a: Drampa|19/100\n|-unboost|p2b: Archaludon|spa|2\n|-ability|p1a: Drampa|Berserk|boost\n|-boost|p1a: Drampa|spa|1\n|move|p2a: Kingambit|Kowtow Cleave|p1a: Drampa\n|-damage|p1a: Drampa|0 fnt\n|faint|p1a: Drampa\n|move|p1b: Primarina|Moonblast|p2a: Kingambit\n|-damage|p2a: Kingambit|0 fnt\n|faint|p2a: Kingambit\n|\n|-weather|RainDance|[upkeep]\n|-heal|p1b: Primarina|90/100|[from] item: Leftovers\n|upkeep\n|\n|t:|1776477647\n|switch|p2a: Sinistcha|Sinistcha, L50|100/100\n|switch|p1a: Sinistcha|Sinistcha, L50|100/100\n|-heal|p1b: Primarina|100/100|[from] ability: Hospitality|[of] p1a: Sinistcha\n|turn|5\n|inactive|kdelred has 30 seconds left.\n|inactive|kdelred has 20 seconds left.\n|\n|t:|1776477683\n|move|p2b: Archaludon|Electro Shot||[still]\n|-prepare|p2b: Archaludon|Electro Shot\n|-boost|p2b: Archaludon|spa|1\n|-anim|p2b: Archaludon|Electro Shot|p1b: Primarina\n|-supereffective|p1b: Primarina|1\n|-damage|p1b: Primarina|47/100\n|move|p2a: Sinistcha|Matcha Gotcha|p1a: Sinistcha|[spread] p1a,p1b\n|-resisted|p1a: Sinistcha|1\n|-supereffective|p1b: Primarina|1\n|-damage|p1a: Sinistcha|89/100\n|-damage|p1b: Primarina|8/100\n|move|p1b: Primarina|Ice Beam|p2a: Sinistcha\n|-supereffective|p2a: Sinistcha|1\n|-damage|p2a: Sinistcha|32/100\n|-enditem|p2a: Sinistcha|Sitrus Berry|[eat]\n|-heal|p2a: Sinistcha|57/100|[from] item: Sitrus Berry\n|move|p1a: Sinistcha|Trick Room|p1a: Sinistcha\n|-fieldstart|move: Trick Room|[of] p1a: Sinistcha\n|\n|-weather|none\n|-heal|p1b: Primarina|15/100|[from] item: Leftovers\n|-sideend|p2: kdelred|move: Tailwind\n|upkeep\n|turn|6\n|inactive|kdelred has 30 seconds left.\n|\n|t:|1776477711\n|move|p1b: Primarina|Protect|p1b: Primarina\n|-singleturn|p1b: Primarina|Protect\n|move|p2b: Archaludon|Protect|p2b: Archaludon\n|-singleturn|p2b: Archaludon|Protect\n|move|p1a: Sinistcha|Life Dew|p1a: Sinistcha|[spread] p1a,p1b\n|-heal|p1a: Sinistcha|100/100\n|-heal|p1b: Primarina|40/100\n|move|p2a: Sinistcha|Matcha Gotcha|p1a: Sinistcha|[spread] p1a\n|-activate|p1b: Primarina|move: Protect\n|-resisted|p1a: Sinistcha|1\n|-damage|p1a: Sinistcha|89/100\n|-heal|p2a: Sinistcha|62/100|[from] drain|[of] p1a: Sinistcha\n|-status|p1a: Sinistcha|brn\n|\n|-heal|p1b: Primarina|46/100|[from] item: Leftovers\n|-damage|p1a: Sinistcha|83/100 brn|[from] brn\n|upkeep\n|turn|7\n|\n|t:|1776477736\n|move|p1b: Primarina|Ice Beam|p2a: Sinistcha\n|-supereffective|p2a: Sinistcha|1\n|-damage|p2a: Sinistcha|0 fnt\n|faint|p2a: Sinistcha\n|move|p1a: Sinistcha|Matcha Gotcha|p2b: Archaludon\n|-resisted|p2b: Archaludon|2\n|-damage|p2b: Archaludon|89/100\n|-heal|p1a: Sinistcha|89/100 brn|[from] drain|[of] p2b: Archaludon\n|-status|p2b: Archaludon|brn\n|-ability|p2b: Archaludon|Stamina|boost\n|-boost|p2b: Archaludon|def|1\n|move|p2b: Archaludon|Flash Cannon|p1a: Sinistcha\n|-damage|p1a: Sinistcha|62/100 brn\n|\n|-heal|p1b: Primarina|52/100|[from] item: Leftovers\n|-damage|p1a: Sinistcha|56/100 brn|[from] brn\n|-damage|p2b: Archaludon|83/100 brn|[from] brn\n|upkeep\n|turn|8\n|\n|t:|1776477760\n|move|p1a: Sinistcha|Rage Powder|p1a: Sinistcha\n|-singleturn|p1a: Sinistcha|move: Rage Powder\n|move|p1b: Primarina|Moonblast|p2b: Archaludon\n|-damage|p2b: Archaludon|13/100 brn\n|-ability|p2b: Archaludon|Stamina|boost\n|-boost|p2b: Archaludon|def|1\n|move|p2b: Archaludon|Flash Cannon|p1a: Sinistcha\n|-damage|p1a: Sinistcha|27/100 brn\n|\n|-heal|p1b: Primarina|58/100|[from] item: Leftovers\n|-damage|p1a: Sinistcha|21/100 brn|[from] brn\n|-damage|p2b: Archaludon|7/100 brn|[from] brn\n|upkeep\n|turn|9\n|-message|kdelred forfeited.\n|\n|win|jakeofonline\n|raw|jakeofonline's rating: 1190 &rarr; <strong>1212</strong><br />(+22 for winning)\n|raw|kdelred's rating: 1151 &rarr; <strong>1129</strong><br />(-22 for losing)\n|c|\u2606kdelred|ff\n|c|\u2606kdelred|gg\n|l|\u2606kdelred\n|player|p2|\n|c|\u2606jakeofonline|gg\n",
  "uploadtime": 1776477777,
  "views": 17,
  "formatid": "gen9championsvgc2026regma",
  "rating": 1129,
  "private": 0,
  "password": null
}