{
  "id": "gen9championsvgc2026regma-2585848232",
  "format": "[Gen 9 Champions] VGC 2026 Reg M-A",
  "players": [
    "Future Alice haver",
    "MadJester98"
  ],
  "log": "|j|\u2606Future Alice haver\n|j|\u2606MadJester98\n|t:|1776375256\n|gametype|doubles\n|player|p1|Future Alice haver|kimonogirl|1293\n|player|p2|MadJester98|will|1361\n|gen|9\n|tier|[Gen 9 Champions] VGC 2026 Reg M-A\n|rated|\n|rule|Species Clause: Limit one of each Pok\u00e9mon\n|rule|Item Clause: Limit 1 of each item\n|clearpoke\n|poke|p1|Charizard, L50, F|\n|poke|p1|Venusaur, L50, M|\n|poke|p1|Orthworm, L50, F|\n|poke|p1|Garchomp, L50, F|\n|poke|p1|Milotic, L50, M|\n|poke|p1|Whimsicott, L50, F|\n|poke|p2|Froslass, L50, F|\n|poke|p2|Heliolisk, L50, F|\n|poke|p2|Volcarona, L50, F|\n|poke|p2|Sneasler, L50, F|\n|poke|p2|Garchomp, L50, M|\n|poke|p2|Dragapult, L50, M|\n|teampreview|4\n|inactive|Battle timer is ON: inactive players will automatically lose when time's up. (requested by MadJester98)\n|inactive|Future Alice haver has 60 seconds left.\n|inactive|MadJester98 has 60 seconds left.\n|inactive|Future Alice haver has 30 seconds left.\n|\n|t:|1776375321\n|teamsize|p1|4\n|teamsize|p2|4\n|start\n|switch|p1a: Milotic|Milotic, L50, M|100/100\n|switch|p1b: Whimsicott|Whimsicott, L50, F|100/100\n|switch|p2a: Froslass|Froslass, L50, F|100/100\n|switch|p2b: Heliolisk|Heliolisk, L50, F|100/100\n|turn|1\n|\n|t:|1776375346\n|detailschange|p2a: Froslass|Froslass-Mega, L50, F\n|-mega|p2a: Froslass|Froslass|Froslassite\n|-weather|Snowscape|[from] ability: Snow Warning|[of] p2a: Froslass\n|move|p1b: Whimsicott|Sunny Day|p1b: Whimsicott\n|-weather|SunnyDay\n|move|p2a: Froslass|Aurora Veil||[still]\n|-fail|p2a: Froslass\n|move|p2b: Heliolisk|Thunderbolt|p1a: Milotic\n|-supereffective|p1a: Milotic|1\n|-enditem|p1a: Milotic|Wacan Berry|[eat]\n|-enditem|p1a: Milotic|Wacan Berry|[weaken]\n|-damage|p1a: Milotic|71/100\n|move|p1a: Milotic|Icy Wind|p2b: Heliolisk|[spread] p2b\n|-miss|p1a: Milotic|p2a: Froslass\n|-damage|p2b: Heliolisk|85/100\n|-unboost|p2b: Heliolisk|spe|1\n|\n|-weather|SunnyDay|[upkeep]\n|-damage|p2b: Heliolisk|72/100|[from] ability: Dry Skin|[of] p2b: Heliolisk\n|upkeep\n|turn|2\n|inactive|Future Alice haver has 30 seconds left.\n|inactive|MadJester98 has 30 seconds left.\n|inactive|Future Alice haver has 20 seconds left.\n|inactive|Future Alice haver has 15 seconds left.\n|\n|t:|1776375390\n|switch|p2a: Volcarona|Volcarona, L50, F|100/100\n|move|p1b: Whimsicott|Tailwind|p1b: Whimsicott\n|-sidestart|p1: Future Alice haver|move: Tailwind\n|move|p1a: Milotic|Icy Wind|p2a: Volcarona|[spread] p2a,p2b\n|-resisted|p2a: Volcarona|1\n|-damage|p2a: Volcarona|95/100\n|-damage|p2b: Heliolisk|57/100\n|-unboost|p2a: Volcarona|spe|1\n|-unboost|p2b: Heliolisk|spe|1\n|move|p2b: Heliolisk|Thunderbolt|p1a: Milotic\n|-supereffective|p1a: Milotic|1\n|-damage|p1a: Milotic|11/100\n|\n|-weather|SunnyDay|[upkeep]\n|-damage|p2b: Heliolisk|44/100|[from] ability: Dry Skin|[of] p2b: Heliolisk\n|upkeep\n|turn|3\n|\n|t:|1776375411\n|move|p1b: Whimsicott|Moonblast|p2b: Heliolisk\n|-damage|p2b: Heliolisk|8/100\n|move|p1a: Milotic|Ice Beam|p2b: Heliolisk\n|-damage|p2b: Heliolisk|0 fnt\n|faint|p2b: Heliolisk\n|move|p2a: Volcarona|Heat Wave|p1a: Milotic|[spread] p1a,p1b\n|-resisted|p1a: Milotic|1\n|-supereffective|p1b: Whimsicott|1\n|-damage|p1a: Milotic|0 fnt\n|-enditem|p1b: Whimsicott|Focus Sash\n|-damage|p1b: Whimsicott|1/100\n|faint|p1a: Milotic\n|\n|-weather|SunnyDay|[upkeep]\n|upkeep\n|\n|t:|1776375427\n|switch|p2b: Froslass|Froslass-Mega, L50, F|100/100\n|switch|p1a: Charizard|Charizard, L50, F|100/100\n|-weather|Snowscape|[from] ability: Snow Warning|[of] p2b: Froslass\n|turn|4\n|\n|t:|1776375444\n|switch|p1b: Orthworm|Orthworm, L50, F|100/100\n|switch|p2b: Garchomp|Garchomp, L50, M|100/100\n|detailschange|p1a: Charizard|Charizard-Mega-Y, L50, F\n|-mega|p1a: Charizard|Charizard|Charizardite Y\n|-weather|SunnyDay|[from] ability: Drought|[of] p1a: Charizard\n|move|p1a: Charizard|Heat Wave|p2b: Garchomp|[spread] p2a,p2b\n|-resisted|p2b: Garchomp|1\n|-damage|p2a: Volcarona|45/100\n|-damage|p2b: Garchomp|65/100\n|-enditem|p2a: Volcarona|Sitrus Berry|[eat]\n|-heal|p2a: Volcarona|70/100|[from] item: Sitrus Berry\n|move|p2a: Volcarona|Struggle Bug|p1a: Charizard|[spread] p1a,p1b\n|-resisted|p1a: Charizard|2\n|-resisted|p1b: Orthworm|1\n|-damage|p1a: Charizard|97/100\n|-damage|p1b: Orthworm|87/100\n|-unboost|p1a: Charizard|spa|1\n|-unboost|p1b: Orthworm|spa|1\n|\n|-weather|SunnyDay|[upkeep]\n|upkeep\n|turn|5\n|inactive|Future Alice haver has 30 seconds left.\n|inactive|Future Alice haver has 20 seconds left.\n|inactive|Future Alice haver has 15 seconds left.\n|\n|t:|1776375486\n|move|p1b: Orthworm|Protect|p1b: Orthworm\n|-singleturn|p1b: Orthworm|Protect\n|move|p1a: Charizard|Overheat|p2a: Volcarona\n|-damage|p2a: Volcarona|5/100\n|-unboost|p1a: Charizard|spa|2\n|move|p2b: Garchomp|Rock Slide|p1a: Charizard|[spread] p1a\n|-activate|p1b: Orthworm|move: Protect\n|-supereffective|p1a: Charizard|2\n|-damage|p1a: Charizard|9/100\n|move|p2a: Volcarona|Heat Wave|p1a: Charizard|[spread] p1a\n|-activate|p1b: Orthworm|move: Protect\n|-resisted|p1a: Charizard|1\n|-damage|p1a: Charizard|0 fnt\n|faint|p1a: Charizard\n|\n|-weather|SunnyDay|[upkeep]\n|-sideend|p1: Future Alice haver|move: Tailwind\n|upkeep\n|\n|t:|1776375492\n|switch|p1a: Whimsicott|Whimsicott, L50, F|1/100\n|turn|6\n|\n|t:|1776375513\n|move|p1a: Whimsicott|Tailwind|p1a: Whimsicott\n|-sidestart|p1: Future Alice haver|move: Tailwind\n|move|p1b: Orthworm|Heavy Slam|p2a: Volcarona\n|-resisted|p2a: Volcarona|1\n|-damage|p2a: Volcarona|0 fnt\n|faint|p2a: Volcarona\n|move|p2b: Garchomp|Rock Slide|p1a: Whimsicott|[spread] p1a,p1b\n|-resisted|p1b: Orthworm|1\n|-damage|p1a: Whimsicott|0 fnt\n|-damage|p1b: Orthworm|82/100\n|faint|p1a: Whimsicott\n|\n|-weather|SunnyDay|[upkeep]\n|upkeep\n|\n|t:|1776375522\n|switch|p2a: Froslass|Froslass-Mega, L50, F|100/100\n|-weather|Snowscape|[from] ability: Snow Warning|[of] p2a: Froslass\n|turn|7\n|\n|t:|1776375530\n|move|p2a: Froslass|Aurora Veil|p2a: Froslass\n|-sidestart|p2: MadJester98|move: Aurora Veil\n|move|p1b: Orthworm|Heavy Slam|p2a: Froslass\n|-supereffective|p2a: Froslass|1\n|-damage|p2a: Froslass|46/100\n|move|p2b: Garchomp|Rock Slide|p1b: Orthworm\n|-resisted|p1b: Orthworm|1\n|-damage|p1b: Orthworm|74/100\n|\n|-weather|Snowscape|[upkeep]\n|upkeep\n|turn|8\n|\n|t:|1776375544\n|move|p2a: Froslass|Protect|p2a: Froslass\n|-singleturn|p2a: Froslass|Protect\n|move|p1b: Orthworm|Heavy Slam|p2a: Froslass\n|-activate|p2a: Froslass|move: Protect\n|move|p2b: Garchomp|Dragon Claw|p1b: Orthworm\n|-resisted|p1b: Orthworm|1\n|-damage|p1b: Orthworm|62/100\n|\n|-weather|Snowscape|[upkeep]\n|upkeep\n|turn|9\n|\n|t:|1776375558\n|move|p2a: Froslass|Shadow Ball|p1b: Orthworm\n|-damage|p1b: Orthworm|0 fnt\n|faint|p1b: Orthworm\n|\n|win|MadJester98\n|raw|Future Alice haver's rating: 1293 &rarr; <strong>1273</strong><br />(-20 for losing)\n|raw|MadJester98's rating: 1361 &rarr; <strong>1377</strong><br />(+16 for winning)\n",
  "uploadtime": 1776375563,
  "views": 39,
  "formatid": "gen9championsvgc2026regma",
  "rating": 1273,
  "private": 0,
  "password": null
}