{
  "id": "gen9championsvgc2026regma-2587709978",
  "format": "[Gen 9 Champions] VGC 2026 Reg M-A",
  "players": [
    "Gadiel_VaStar",
    "LeoZeuz7"
  ],
  "log": "|j|\u2606Gadiel_VaStar\n|j|\u2606LeoZeuz7\n|t:|1776556184\n|gametype|doubles\n|player|p1|Gadiel_VaStar|1|1143\n|player|p2|LeoZeuz7|101|1058\n|gen|9\n|tier|[Gen 9 Champions] VGC 2026 Reg M-A\n|rated|\n|rule|Species Clause: Limit one of each Pok\u00e9mon\n|rule|Item Clause: Limit 1 of each item\n|clearpoke\n|poke|p1|Trevenant, L50, F, shiny|\n|poke|p1|Torkoal, L50, M|\n|poke|p1|Farigiraf, L50, M|\n|poke|p1|Chandelure, L50, F, shiny|\n|poke|p1|Gyarados, L50, M, shiny|\n|poke|p1|Volcarona, L50, F, shiny|\n|poke|p2|Garganacl, L50, M|\n|poke|p2|Kingambit, L50, M|\n|poke|p2|Chandelure, L50, M|\n|poke|p2|Milotic, L50, M|\n|poke|p2|Venusaur, L50, M|\n|poke|p2|Incineroar, L50, M|\n|teampreview|4\n|\n|t:|1776556221\n|teamsize|p1|4\n|teamsize|p2|4\n|start\n|switch|p1a: Trevenant|Trevenant, L50, F, shiny|100/100\n|switch|p1b: Farigiraf|Farigiraf, L50, M|100/100\n|switch|p2a: Incineroar|Incineroar, L50, M|100/100\n|switch|p2b: Garganacl|Garganacl, L50, M|100/100\n|-ability|p2a: Incineroar|Intimidate|boost\n|-unboost|p1a: Trevenant|atk|1\n|-unboost|p1b: Farigiraf|atk|1\n|turn|1\n|\n|t:|1776556255\n|move|p2a: Incineroar|Blaze Kick|p1a: Trevenant\n|-supereffective|p1a: Trevenant|1\n|-damage|p1a: Trevenant|38/100\n|-status|p1a: Trevenant|brn\n|-enditem|p1a: Trevenant|Sitrus Berry|[eat]\n|-heal|p1a: Trevenant|63/100 brn|[from] item: Sitrus Berry\n|move|p1a: Trevenant|Leech Seed|p2b: Garganacl\n|-start|p2b: Garganacl|move: Leech Seed\n|move|p2b: Garganacl|Fire Punch|p1a: Trevenant\n|-supereffective|p1a: Trevenant|1\n|-damage|p1a: Trevenant|22/100 brn\n|move|p1b: Farigiraf|Trick Room|p1b: Farigiraf\n|-fieldstart|move: Trick Room|[of] p1b: Farigiraf\n|\n|-damage|p2b: Garganacl|88/100|[from] Leech Seed|[of] p1a: Trevenant\n|-heal|p1a: Trevenant|34/100 brn|[silent]\n|-damage|p1a: Trevenant|28/100 brn|[from] brn\n|-item|p1a: Trevenant|Sitrus Berry|[from] ability: Harvest\n|upkeep\n|-enditem|p1a: Trevenant|Sitrus Berry|[eat]\n|-heal|p1a: Trevenant|53/100 brn|[from] item: Sitrus Berry\n|turn|2\n|-activate|p2a: Incineroar|item: Quick Claw\n|\n|t:|1776556294\n|switch|p2b: Kingambit|Kingambit, L50, M|100/100\n|switch|p1b: Torkoal|Torkoal, L50, M|100/100\n|-weather|SunnyDay|[from] ability: Drought|[of] p1b: Torkoal\n|move|p2a: Incineroar|Darkest Lariat|p1b: Torkoal\n|-damage|p1b: Torkoal|75/100\n|move|p1a: Trevenant|Leech Seed|p2a: Incineroar\n|-start|p2a: Incineroar|move: Leech Seed\n|\n|-weather|SunnyDay|[upkeep]\n|-damage|p2a: Incineroar|88/100|[from] Leech Seed|[of] p1a: Trevenant\n|-heal|p1a: Trevenant|65/100 brn|[silent]\n|-damage|p1a: Trevenant|58/100 brn|[from] brn\n|-item|p1a: Trevenant|Sitrus Berry|[from] ability: Harvest\n|upkeep\n|turn|3\n|\n|t:|1776556342\n|switch|p1a: Farigiraf|Farigiraf, L50, M|100/100\n|switch|p2a: Garganacl|Garganacl, L50, M|88/100\n|move|p2b: Kingambit|Sucker Punch||[still]\n|cant|p1a: Farigiraf|ability: Armor Tail|Sucker Punch|[of] p2b: Kingambit\n|move|p1b: Torkoal|Eruption|p2b: Kingambit|[spread] p2a,p2b\n|-resisted|p2a: Garganacl|1\n|-supereffective|p2b: Kingambit|1\n|-crit|p2b: Kingambit\n|-damage|p2a: Garganacl|62/100\n|-damage|p2b: Kingambit|0 fnt\n|faint|p2b: Kingambit\n|\n|-weather|SunnyDay|[upkeep]\n|-heal|p2a: Garganacl|68/100|[from] item: Leftovers\n|upkeep\n|\n|t:|1776556356\n|switch|p2b: Incineroar|Incineroar, L50, M|88/100\n|-ability|p2b: Incineroar|Intimidate|boost\n|-unboost|p1a: Farigiraf|atk|1\n|-unboost|p1b: Torkoal|atk|1\n|turn|4\n|\n|t:|1776556380\n|move|p1a: Farigiraf|Helping Hand|p1b: Torkoal\n|-singleturn|p1b: Torkoal|Helping Hand|[of] p1a: Farigiraf\n|move|p1b: Torkoal|Earth Power|p2a: Garganacl\n|-supereffective|p2a: Garganacl|1\n|-damage|p2a: Garganacl|6/100\n|move|p2a: Garganacl|Salt Cure|p1b: Torkoal\n|-supereffective|p1b: Torkoal|1\n|-damage|p1b: Torkoal|47/100\n|-start|p1b: Torkoal|Salt Cure\n|move|p2b: Incineroar|Darkest Lariat|p1a: Farigiraf\n|-supereffective|p1a: Farigiraf|1\n|-damage|p1a: Farigiraf|37/100\n|\n|-weather|SunnyDay|[upkeep]\n|-heal|p2a: Garganacl|12/100|[from] item: Leftovers\n|-damage|p1b: Torkoal|41/100|[from] Salt Cure\n|upkeep\n|turn|5\n|\n|t:|1776556417\n|move|p2a: Garganacl|Protect|p2a: Garganacl\n|-singleturn|p2a: Garganacl|Protect\n|move|p1b: Torkoal|Earth Power|p2b: Incineroar\n|-supereffective|p2b: Incineroar|1\n|-damage|p2b: Incineroar|48/100\n|move|p1a: Farigiraf|Hyper Voice|p2a: Garganacl|[spread] p2b\n|-activate|p2a: Garganacl|move: Protect\n|-damage|p2b: Incineroar|27/100\n|move|p2b: Incineroar|Darkest Lariat|p1b: Torkoal\n|-damage|p1b: Torkoal|15/100\n|\n|-weather|SunnyDay|[upkeep]\n|-heal|p2a: Garganacl|18/100|[from] item: Leftovers\n|-damage|p1b: Torkoal|9/100|[from] Salt Cure\n|-fieldend|move: Trick Room\n|upkeep\n|turn|6\n|\n|t:|1776556463\n|switch|p2a: Milotic|Milotic, L50, M|100/100\n|move|p2b: Incineroar|Darkest Lariat|p1a: Farigiraf\n|-supereffective|p1a: Farigiraf|1\n|-damage|p1a: Farigiraf|0 fnt\n|faint|p1a: Farigiraf\n|move|p1b: Torkoal|Earth Power|p2b: Incineroar\n|-supereffective|p2b: Incineroar|1\n|-damage|p2b: Incineroar|0 fnt\n|faint|p2b: Incineroar\n|\n|-weather|none\n|-damage|p1b: Torkoal|3/100|[from] Salt Cure\n|upkeep\n|\n|t:|1776556485\n|switch|p2b: Garganacl|Garganacl, L50, M|18/100\n|switch|p1a: Trevenant|Trevenant, L50, F, shiny|58/100 brn\n|turn|7\n|\n|t:|1776556513\n|move|p2b: Garganacl|Protect|p2b: Garganacl\n|-singleturn|p2b: Garganacl|Protect\n|move|p2a: Milotic|Scald|p1a: Trevenant\n|-resisted|p1a: Trevenant|1\n|-damage|p1a: Trevenant|41/100 brn\n|-enditem|p1a: Trevenant|Sitrus Berry|[eat]\n|-heal|p1a: Trevenant|66/100 brn|[from] item: Sitrus Berry\n|move|p1a: Trevenant|Forest's Curse|p2a: Milotic\n|-start|p2a: Milotic|typeadd|Grass|[from] move: Forest's Curse\n|move|p1b: Torkoal|Earth Power|p2b: Garganacl\n|-activate|p2b: Garganacl|move: Protect\n|\n|-heal|p2b: Garganacl|23/100|[from] item: Leftovers\n|-damage|p1a: Trevenant|60/100 brn|[from] brn\n|-damage|p1b: Torkoal|0 fnt|[from] Salt Cure\n|faint|p1b: Torkoal\n|-item|p1a: Trevenant|Sitrus Berry|[from] ability: Harvest\n|upkeep\n|\n|t:|1776556534\n|switch|p1b: Chandelure|Chandelure, L50, F, shiny|100/100\n|turn|8\n|\n|t:|1776556555\n|move|p1b: Chandelure|Protect|p1b: Chandelure\n|-singleturn|p1b: Chandelure|Protect\n|move|p2a: Milotic|Scald|p1b: Chandelure\n|-activate|p1b: Chandelure|move: Protect\n|move|p2b: Garganacl|Fire Punch|p1a: Trevenant\n|-supereffective|p1a: Trevenant|1\n|-damage|p1a: Trevenant|19/100 brn\n|-enditem|p1a: Trevenant|Sitrus Berry|[eat]\n|-heal|p1a: Trevenant|44/100 brn|[from] item: Sitrus Berry\n|move|p1a: Trevenant|Trick Room|p1a: Trevenant\n|-fieldstart|move: Trick Room|[of] p1a: Trevenant\n|\n|-heal|p2b: Garganacl|29/100|[from] item: Leftovers\n|-damage|p1a: Trevenant|38/100 brn|[from] brn\n|upkeep\n|turn|9\n|\n|t:|1776556585\n|detailschange|p1b: Chandelure|Chandelure-Mega, L50, F, shiny\n|-mega|p1b: Chandelure|Chandelure|Chandelurite\n|move|p2b: Garganacl|Fire Punch|p1a: Trevenant\n|-supereffective|p1a: Trevenant|1\n|-damage|p1a: Trevenant|0 fnt\n|faint|p1a: Trevenant\n|move|p1b: Chandelure|Heat Wave|p2a: Milotic|[spread] p2a,p2b\n|-resisted|p2b: Garganacl|1\n|-crit|p2b: Garganacl\n|-damage|p2a: Milotic|65/100\n|-damage|p2b: Garganacl|0 fnt\n|faint|p2b: Garganacl\n|move|p2a: Milotic|Scald|p1b: Chandelure\n|-supereffective|p1b: Chandelure|1\n|-damage|p1b: Chandelure|36/100\n|\n|upkeep\n|turn|10\n|\n|t:|1776556603\n|move|p1b: Chandelure|Heat Wave|p2a: Milotic\n|-damage|p2a: Milotic|18/100\n|move|p2a: Milotic|Scald|p1b: Chandelure\n|-supereffective|p1b: Chandelure|1\n|-damage|p1b: Chandelure|0 fnt\n|faint|p1b: Chandelure\n|\n|win|LeoZeuz7\n|raw|Gadiel_VaStar's rating: 1143 &rarr; <strong>1112</strong><br />(-31 for losing)\n|raw|LeoZeuz7's rating: 1058 &rarr; <strong>1097</strong><br />(+39 for winning)\n|l|\u2606LeoZeuz7\n|player|p2|\n|c|\u2606Gadiel_VaStar|Wow Milo is so tanky\n",
  "uploadtime": 1776556684,
  "views": 25,
  "formatid": "gen9championsvgc2026regma",
  "rating": 1097,
  "private": 0,
  "password": null
}