{
  "id": "gen9championsvgc2026regma-2588403112",
  "format": "[Gen 9 Champions] VGC 2026 Reg M-A",
  "players": [
    "nk.luna",
    "aza123"
  ],
  "log": "|j|\u2606nk.luna\n|j|\u2606aza123\n|t:|1776630572\n|gametype|doubles\n|player|p1|nk.luna|marley|1053\n|player|p2|aza123|acetrainer-gen4|1090\n|gen|9\n|tier|[Gen 9 Champions] VGC 2026 Reg M-A\n|rated|\n|rule|Species Clause: Limit one of each Pok\u00e9mon\n|rule|Item Clause: Limit 1 of each item\n|clearpoke\n|poke|p1|Gardevoir, L50, F, shiny|\n|poke|p1|Whimsicott, L50, F|\n|poke|p1|Incineroar, L50, M|\n|poke|p1|Primarina, L50, F|\n|poke|p1|Meowstic, L50, M|\n|poke|p1|Farigiraf, L50, M|\n|poke|p2|Pelipper, L50, M|\n|poke|p2|Basculegion, L50, M|\n|poke|p2|Archaludon, L50, M|\n|poke|p2|Meganium, L50, F|\n|poke|p2|Incineroar, L50, M|\n|poke|p2|Gengar, L50, M|\n|teampreview|4\n|inactive|Battle timer is ON: inactive players will automatically lose when time's up. (requested by nk.luna)\n|\n|t:|1776630596\n|teamsize|p1|4\n|teamsize|p2|4\n|start\n|switch|p1a: Meowstic|Meowstic, L50, M|100/100\n|switch|p1b: Gardevoir|Gardevoir, L50, F, shiny|100/100\n|switch|p2a: Archaludon|Archaludon, L50, M|100/100\n|switch|p2b: Basculegion|Basculegion, L50, M|100/100\n|turn|1\n|\n|t:|1776630615\n|detailschange|p1b: Gardevoir|Gardevoir-Mega, L50, F, shiny\n|-mega|p1b: Gardevoir|Gardevoir|Gardevoirite\n|move|p1a: Meowstic|Fake Out|p2a: Archaludon\n|-resisted|p2a: Archaludon|1\n|-damage|p2a: Archaludon|98/100\n|-ability|p2a: Archaludon|Stamina|boost\n|-boost|p2a: Archaludon|def|1\n|move|p2b: Basculegion|Flip Turn|p1a: Meowstic\n|-damage|p1a: Meowstic|68/100\n|\n|t:|1776630621\n|switch|p2b: Pelipper|Pelipper, L50, M|100/100|[from] Flip Turn\n|-weather|RainDance|[from] ability: Drizzle|[of] p2b: Pelipper\n|move|p1b: Gardevoir|Aura Sphere|p2a: Archaludon\n|-supereffective|p2a: Archaludon|1\n|-enditem|p2a: Archaludon|Chople Berry|[eat]\n|-enditem|p2a: Archaludon|Chople Berry|[weaken]\n|-damage|p2a: Archaludon|63/100\n|-ability|p2a: Archaludon|Stamina|boost\n|-boost|p2a: Archaludon|def|1\n|cant|p2a: Archaludon|flinch\n|\n|-weather|RainDance|[upkeep]\n|upkeep\n|turn|2\n|\n|t:|1776630631\n|move|p1a: Meowstic|Psychic Terrain|p1a: Meowstic\n|-fieldstart|move: Psychic Terrain\n|move|p1b: Gardevoir|Expanding Force|p2a: Archaludon|[spread] p2a,p2b\n|-resisted|p2a: Archaludon|1\n|-damage|p2a: Archaludon|24/100\n|-damage|p2b: Pelipper|0 fnt\n|-ability|p2a: Archaludon|Stamina|boost\n|-boost|p2a: Archaludon|def|1\n|faint|p2b: Pelipper\n|move|p2a: Archaludon|Electro Shot||[still]\n|-prepare|p2a: Archaludon|Electro Shot\n|-boost|p2a: Archaludon|spa|1\n|-anim|p2a: Archaludon|Electro Shot|p1b: Gardevoir\n|-damage|p1b: Gardevoir|40/100\n|\n|-weather|RainDance|[upkeep]\n|upkeep\n|\n|t:|1776630637\n|switch|p2b: Basculegion|Basculegion, L50, M|100/100\n|turn|3\n|\n|t:|1776630651\n|move|p1b: Gardevoir|Protect|p1b: Gardevoir\n|-singleturn|p1b: Gardevoir|Protect\n|move|p2b: Basculegion|Flip Turn|p1b: Gardevoir\n|-activate|p1b: Gardevoir|move: Protect\n|move|p1a: Meowstic|Shadow Ball|p2b: Basculegion\n|-supereffective|p2b: Basculegion|1\n|-damage|p2b: Basculegion|62/100\n|move|p2a: Archaludon|Electro Shot||[still]\n|-prepare|p2a: Archaludon|Electro Shot\n|-boost|p2a: Archaludon|spa|1\n|-anim|p2a: Archaludon|Electro Shot|p1a: Meowstic\n|-damage|p1a: Meowstic|0 fnt\n|faint|p1a: Meowstic\n|\n|-weather|RainDance|[upkeep]\n|upkeep\n|\n|t:|1776630663\n|switch|p1a: whimsi|Whimsicott, L50, F|100/100\n|turn|4\n|\n|t:|1776630670\n|move|p1a: whimsi|Sunny Day|p1a: whimsi\n|-weather|SunnyDay\n|move|p2b: Basculegion|Flip Turn|p1b: Gardevoir\n|-damage|p1b: Gardevoir|14/100\n|\n|t:|1776630674\n|switch|p2b: Meganium|Meganium, L50, F|100/100|[from] Flip Turn\n|move|p1b: Gardevoir|Aura Sphere|p2a: Archaludon\n|-supereffective|p2a: Archaludon|1\n|-damage|p2a: Archaludon|0 fnt\n|faint|p2a: Archaludon\n|\n|-weather|SunnyDay|[upkeep]\n|upkeep\n|\n|t:|1776630676\n|switch|p2a: Basculegion|Basculegion, L50, M|62/100\n|turn|5\n|\n|t:|1776630687\n|detailschange|p2b: Meganium|Meganium-Mega, L50, F\n|-mega|p2b: Meganium|Meganium|Meganiumite\n|move|p1a: whimsi|Tailwind|p1a: whimsi\n|-sidestart|p1: nk.luna|move: Tailwind\n|move|p1b: Gardevoir|Expanding Force|p2a: Basculegion|[spread] p2a,p2b\n|-damage|p2a: Basculegion|0 fnt\n|-damage|p2b: Meganium|44/100\n|faint|p2a: Basculegion\n|move|p2b: Meganium|Weather Ball|p1b: Gardevoir\n|-damage|p1b: Gardevoir|0 fnt\n|faint|p1b: Gardevoir\n|\n|-weather|SunnyDay|[upkeep]\n|upkeep\n|\n|t:|1776630696\n|switch|p1b: Primarina|Primarina, L50, F|100/100\n|turn|6\n|\n|t:|1776630703\n|move|p1a: whimsi|Moonblast|p2b: Meganium\n|-damage|p2b: Meganium|20/100\n|move|p1b: Primarina|Moonblast|p2b: Meganium\n|-crit|p2b: Meganium\n|-damage|p2b: Meganium|0 fnt\n|faint|p2b: Meganium\n|\n|win|nk.luna\n|raw|nk.luna's rating: 1053 &rarr; <strong>1088</strong><br />(+35 for winning)\n|raw|aza123's rating: 1090 &rarr; <strong>1064</strong><br />(-26 for losing)\n|l|\u2606aza123\n|player|p2|\n",
  "uploadtime": 1776630711,
  "views": 16,
  "formatid": "gen9championsvgc2026regma",
  "rating": 1064,
  "private": 0,
  "password": null
}