{
  "id": "gen9championsvgc2026regma-2580676577",
  "format": "[Gen 9 Champions] VGC 2026 Reg M-A",
  "players": [
    "gsjana",
    "lufox2.0"
  ],
  "log": "|j|\u2606gsjana\n|j|\u2606lufox2.0\n|t:|1775923451\n|gametype|doubles\n|player|p1|gsjana|265|1000\n|player|p2|lufox2.0|n|1000\n|gen|9\n|tier|[Gen 9 Champions] VGC 2026 Reg M-A\n|rated|\n|rule|Species Clause: Limit one of each Pok\u00e9mon\n|rule|Item Clause: Limit 1 of each item\n|clearpoke\n|poke|p1|Hawlucha, L50, F|\n|poke|p1|Krookodile, L50, F|\n|poke|p1|Incineroar, L50, M|\n|poke|p1|Palafin, L50, M|\n|poke|p1|Politoed, L50, M|\n|poke|p1|Basculegion, L50, M|\n|poke|p2|Glimmora, L50, F|\n|poke|p2|Whimsicott, L50, F|\n|poke|p2|Incineroar, L50, M|\n|poke|p2|Tinkaton, L50, F|\n|poke|p2|Rotom-Wash, L50|\n|poke|p2|Oranguru, L50, M|\n|teampreview|4\n|inactive|Battle timer is ON: inactive players will automatically lose when time's up. (requested by lufox2.0)\n|\n|t:|1775923480\n|teamsize|p1|4\n|teamsize|p2|4\n|start\n|switch|p1a: Hawlucha|Hawlucha, L50, F|100/100\n|switch|p1b: Krookodile|Krookodile, L50, F|100/100\n|switch|p2a: Whimsicott|Whimsicott, L50, F, shiny|100/100\n|switch|p2b: Rotom|Rotom-Wash, L50|100/100\n|-ability|p1a: Hawlucha|Mold Breaker\n|-ability|p1b: Krookodile|Intimidate|boost\n|-unboost|p2a: Whimsicott|atk|1\n|-unboost|p2b: Rotom|atk|1\n|turn|1\n|\n|t:|1775923502\n|detailschange|p1a: Hawlucha|Hawlucha-Mega, L50, F\n|-mega|p1a: Hawlucha|Hawlucha|Hawluchanite\n|move|p1b: Krookodile|Protect|p1b: Krookodile\n|-singleturn|p1b: Krookodile|Protect\n|move|p2a: Whimsicott|Tailwind|p2a: Whimsicott\n|-sidestart|p2: lufox2.0|move: Tailwind\n|move|p2b: Rotom|Hydro Pump|p1b: Krookodile\n|-activate|p1b: Krookodile|move: Protect\n|move|p1a: Hawlucha|Entrainment|p1b: Krookodile\n|-activate|p1b: Krookodile|move: Protect\n|\n|upkeep\n|turn|2\n|\n|t:|1775923524\n|move|p2a: Whimsicott|Moonblast|p1b: Krookodile\n|-supereffective|p1b: Krookodile|1\n|-damage|p1b: Krookodile|27/100\n|move|p2b: Rotom|Hydro Pump|p1b: Krookodile\n|-supereffective|p1b: Krookodile|1\n|-damage|p1b: Krookodile|0 fnt\n|faint|p1b: Krookodile\n|move|p1a: Hawlucha|Brave Bird|p2a: Whimsicott\n|-supereffective|p2a: Whimsicott|1\n|-damage|p2a: Whimsicott|0 fnt\n|faint|p2a: Whimsicott\n|-damage|p1a: Hawlucha|69/100|[from] Recoil\n|\n|upkeep\n|\n|t:|1775923540\n|switch|p1b: Politoed|Politoed, L50, M|100/100\n|switch|p2a: Tinkaton|Tinkaton, L50, F, shiny|100/100\n|-ability|p2a: Tinkaton|Mold Breaker\n|-weather|RainDance|[from] ability: Drizzle|[of] p1b: Politoed\n|turn|3\n|\n|t:|1775923556\n|move|p1a: Hawlucha|Protect|p1a: Hawlucha\n|-singleturn|p1a: Hawlucha|Protect\n|move|p2a: Tinkaton|Fake Out|p1a: Hawlucha\n|-activate|p1a: Hawlucha|move: Protect\n|move|p2b: Rotom|Electroweb|p1b: Politoed|[spread] p1b\n|-activate|p1a: Hawlucha|move: Protect\n|-supereffective|p1b: Politoed|1\n|-damage|p1b: Politoed|71/100\n|-unboost|p1b: Politoed|spe|1\n|move|p1b: Politoed|Icy Wind|p2b: Rotom|[spread] p2a,p2b\n|-resisted|p2a: Tinkaton|1\n|-resisted|p2b: Rotom|1\n|-damage|p2a: Tinkaton|97/100\n|-damage|p2b: Rotom|96/100\n|-unboost|p2a: Tinkaton|spe|1\n|-unboost|p2b: Rotom|spe|1\n|\n|-weather|RainDance|[upkeep]\n|-heal|p2a: Tinkaton|100/100|[from] item: Leftovers\n|upkeep\n|turn|4\n|inactive|gsjana has 30 seconds left.\n|\n|t:|1775923584\n|move|p1b: Politoed|Helping Hand|p1a: Hawlucha\n|-singleturn|p1a: Hawlucha|Helping Hand|[of] p1b: Politoed\n|move|p1a: Hawlucha|High Jump Kick|p2a: Tinkaton\n|-damage|p2a: Tinkaton|0 fnt\n|faint|p2a: Tinkaton\n|move|p2b: Rotom|Electroweb|p1b: Politoed|[spread] p1a,p1b\n|-supereffective|p1a: Hawlucha|1\n|-supereffective|p1b: Politoed|1\n|-damage|p1a: Hawlucha|22/100\n|-damage|p1b: Politoed|45/100\n|-unboost|p1a: Hawlucha|spe|1\n|-unboost|p1b: Politoed|spe|1\n|\n|-weather|RainDance|[upkeep]\n|-sideend|p2: lufox2.0|move: Tailwind\n|upkeep\n|\n|t:|1775923597\n|switch|p2a: Incineroar|Incineroar, L50, M, shiny|100/100\n|-ability|p2a: Incineroar|Intimidate|boost\n|-unboost|p1a: Hawlucha|atk|1\n|-unboost|p1b: Politoed|atk|1\n|turn|5\n|\n|t:|1775923610\n|move|p1a: Hawlucha|Protect|p1a: Hawlucha\n|-singleturn|p1a: Hawlucha|Protect\n|move|p2a: Incineroar|Fake Out|p1b: Politoed\n|-damage|p1b: Politoed|35/100\n|move|p2b: Rotom|Electroweb|p1b: Politoed|[spread] p1b\n|-activate|p1a: Hawlucha|move: Protect\n|-supereffective|p1b: Politoed|1\n|-damage|p1b: Politoed|10/100\n|-unboost|p1b: Politoed|spe|1\n|cant|p1b: Politoed|flinch\n|\n|-weather|RainDance|[upkeep]\n|upkeep\n|turn|6\n|inactive|gsjana has 30 seconds left.\n|\n|t:|1775923640\n|move|p1b: Politoed|Protect|p1b: Politoed\n|-singleturn|p1b: Politoed|Protect\n|move|p1a: Hawlucha|High Jump Kick|p2a: Incineroar\n|-supereffective|p2a: Incineroar|1\n|-damage|p2a: Incineroar|20/100\n|move|p2b: Rotom|Electroweb|p1b: Politoed|[spread] p1a\n|-activate|p1b: Politoed|move: Protect\n|-supereffective|p1a: Hawlucha|1\n|-damage|p1a: Hawlucha|0 fnt\n|faint|p1a: Hawlucha\n|move|p2a: Incineroar|Parting Shot|p1b: Politoed\n|-activate|p1b: Politoed|move: Protect\n|\n|-weather|RainDance|[upkeep]\n|upkeep\n|\n|t:|1775923655\n|switch|p1a: Basculegion|Basculegion, L50, M|100/100\n|turn|7\n|inactive|gsjana has 30 seconds left.\n|\n|t:|1775923689\n|move|p1a: Basculegion|Scale Shot|p2b: Rotom\n|-damage|p2b: Rotom|86/100\n|-damage|p2b: Rotom|76/100\n|-damage|p2b: Rotom|65/100\n|-damage|p2b: Rotom|56/100\n|-crit|p2b: Rotom\n|-damage|p2b: Rotom|40/100\n|-hitcount|p2b: Rotom|5\n|-unboost|p1a: Basculegion|def|1\n|-boost|p1a: Basculegion|spe|1\n|move|p2b: Rotom|Electroweb|p1a: Basculegion|[spread] p1a,p1b\n|-supereffective|p1a: Basculegion|1\n|-supereffective|p1b: Politoed|1\n|-damage|p1a: Basculegion|63/100\n|-damage|p1b: Politoed|0 fnt\n|-unboost|p1a: Basculegion|spe|1\n|faint|p1b: Politoed\n|move|p2a: Incineroar|Snarl|p1a: Basculegion\n|-supereffective|p1a: Basculegion|1\n|-damage|p1a: Basculegion|28/100\n|-unboost|p1a: Basculegion|spa|1\n|-enditem|p1a: Basculegion|Sitrus Berry|[eat]\n|-heal|p1a: Basculegion|52/100|[from] item: Sitrus Berry\n|\n|-weather|none\n|upkeep\n|turn|8\n|inactive|gsjana has 30 seconds left.\n|inactive|lufox2.0 has 30 seconds left.\n|inactive|lufox2.0 has 20 seconds left.\n|\n|t:|1775923724\n|move|p1a: Basculegion|Scale Shot|p2a: Incineroar\n|-damage|p2a: Incineroar|12/100\n|-damage|p2a: Incineroar|4/100\n|-hitcount|p2a: Incineroar|2\n|-unboost|p1a: Basculegion|def|1\n|-boost|p1a: Basculegion|spe|1\n|move|p2b: Rotom|Electroweb|p1a: Basculegion\n|-supereffective|p1a: Basculegion|1\n|-damage|p1a: Basculegion|0 fnt\n|faint|p1a: Basculegion\n|\n|win|lufox2.0\n|raw|gsjana's rating: 1000 &rarr; <strong>1000</strong><br />(+0 for losing)\n|raw|lufox2.0's rating: 1000 &rarr; <strong>1040</strong><br />(+40 for winning)\n|l|\u2606gsjana\n|player|p1|\n",
  "uploadtime": 1775923750,
  "views": 12,
  "formatid": "gen9championsvgc2026regma",
  "rating": 1000,
  "private": 0,
  "password": null
}