{
  "id": "gen9championsvgc2026regma-2587603499",
  "format": "[Gen 9 Champions] VGC 2026 Reg M-A",
  "players": [
    "Elite Fource",
    "Ciscostar"
  ],
  "log": "|j|\u2606Elite Fource\n|j|\u2606Ciscostar\n|t:|1776546130\n|gametype|doubles\n|player|p1|Elite Fource|infielder|1098\n|player|p2|Ciscostar|102|1000\n|gen|9\n|tier|[Gen 9 Champions] VGC 2026 Reg M-A\n|rated|\n|rule|Species Clause: Limit one of each Pok\u00e9mon\n|rule|Item Clause: Limit 1 of each item\n|clearpoke\n|poke|p1|Greninja, L50, M|\n|poke|p1|Mr. Rime, L50, F|\n|poke|p1|Victreebel, L50, F, shiny|\n|poke|p1|Flareon, L50, F|\n|poke|p1|Pinsir, L50, F, shiny|\n|poke|p1|Zoroark-Hisui, L50, F|\n|poke|p2|Feraligatr, L50, M, shiny|\n|poke|p2|Whimsicott, L50, F, shiny|\n|poke|p2|Ditto, L50, shiny|\n|poke|p2|Sinistcha-Masterpiece, L50|\n|poke|p2|Sneasler, L50, F|\n|poke|p2|Incineroar, L50, M, shiny|\n|teampreview|4\n|inactive|Battle timer is ON: inactive players will automatically lose when time's up. (requested by Elite Fource)\nCiscostar rejected open team sheets.\n|\n|t:|1776546150\n|teamsize|p1|4\n|teamsize|p2|4\n|start\n|switch|p1a: In the courtyard|Greninja, L50, M|100/100\n|switch|p1b: No plan|Mr. Rime, L50, F|100/100\n|switch|p2a: Whimsicott|Whimsicott, L50, F, shiny|100/100\n|switch|p2b: Feraligatr|Feraligatr, L50, M, shiny|100/100\n|turn|1\n|\n|t:|1776546167\n|detailschange|p2b: Feraligatr|Feraligatr-Mega, L50, M, shiny\n|-mega|p2b: Feraligatr|Feraligatr|Feraligite\n|move|p2a: Whimsicott|Tailwind|p2a: Whimsicott\n|-sidestart|p2: Ciscostar|move: Tailwind\n|move|p2b: Feraligatr|Dragon Dance|p2b: Feraligatr\n|-boost|p2b: Feraligatr|atk|1\n|-boost|p2b: Feraligatr|spe|1\n|move|p1b: No plan|Freeze-Dry|p2b: Feraligatr\n|-supereffective|p2b: Feraligatr|2\n|-damage|p2b: Feraligatr|0 fnt\n|faint|p2b: Feraligatr\n|move|p1a: In the courtyard|U-turn|p2a: Whimsicott\n|-start|p1a: In the courtyard|typechange|Bug|[from] ability: Protean\n|-damage|p2a: Whimsicott|66/100\n|\n|t:|1776546178\n|switch|p1a: Spoils Bag|Victreebel, L50, F, shiny|100/100|[from] U-turn\n|\n|upkeep\n|\n|t:|1776546188\n|switch|p2b: Incineroar|Incineroar, L50, M, shiny|100/100\n|-ability|p2b: Incineroar|Intimidate|boost\n|-unboost|p1a: Spoils Bag|atk|1\n|-unboost|p1b: No plan|atk|1\n|turn|2\n|\n|t:|1776546206\n|move|p2a: Whimsicott|Taunt|p1a: Spoils Bag\n|-start|p1a: Spoils Bag|move: Taunt\n|move|p1b: No plan|Freeze-Dry|p2a: Whimsicott\n|-supereffective|p2a: Whimsicott|1\n|-damage|p2a: Whimsicott|0 fnt\n|faint|p2a: Whimsicott\n|move|p1a: Spoils Bag|Hyper Voice|p2b: Incineroar\n|-damage|p2b: Incineroar|53/100\n|move|p2b: Incineroar|Flare Blitz|p1a: Spoils Bag\n|-enditem|p1a: Spoils Bag|Focus Sash\n|-damage|p1a: Spoils Bag|1/100\n|replace|p1a: \"Zoroark\"|Zoroark-Hisui, L50, F\n|-end|p1a: \"Zoroark\"|Illusion\n|-damage|p2b: Incineroar|28/100|[from] Recoil\n|\n|-heal|p2b: Incineroar|33/100|[from] item: Leftovers\n|upkeep\n|inactive|Ciscostar has 30 seconds left.\n|inactive|Ciscostar has 20 seconds left.\n|inactive|Ciscostar has 15 seconds left.\n|inactive|Ciscostar has 10 seconds left.\n|inactive|Ciscostar has 5 seconds left.\n|\n|t:|1776546261\n|switch|p2a: Ditto|Ditto, L50, shiny|100/100\n|-transform|p2a: Ditto|p1b: No plan|[from] ability: Imposter\n|turn|3\n|\n|t:|1776546281\n|move|p2a: Ditto|Freeze-Dry|p1a: \"Zoroark\"\n|-damage|p1a: \"Zoroark\"|0 fnt\n|faint|p1a: \"Zoroark\"\n|move|p1b: No plan|Freeze-Dry|p2a: Ditto\n|-resisted|p2a: Ditto|1\n|-damage|p2a: Ditto|76/100\n|move|p2b: Incineroar|Flare Blitz|p1b: No plan\n|-supereffective|p1b: No plan|1\n|-damage|p1b: No plan|0 fnt\n|faint|p1b: No plan\n|-damage|p2b: Incineroar|3/100|[from] Recoil\n|\n|-heal|p2b: Incineroar|9/100|[from] item: Leftovers\n|upkeep\n|\n|t:|1776546290\n|switch|p1a: Spoils Bag|Victreebel, L50, F, shiny|100/100\n|switch|p1b: In the courtyard|Greninja, L50, M|100/100\n|turn|4\n|\n|t:|1776546304\n|detailschange|p1a: Spoils Bag|Victreebel-Mega, L50, F, shiny\n|-mega|p1a: Spoils Bag|Victreebel|Victreebelite\n|move|p1b: In the courtyard|Protect|p1b: In the courtyard\n|-start|p1b: In the courtyard|typechange|Normal|[from] ability: Protean\n|-singleturn|p1b: In the courtyard|Protect\n|move|p1a: Spoils Bag|Protect|p1a: Spoils Bag\n|-singleturn|p1a: Spoils Bag|Protect\n|move|p2a: Ditto|Freeze-Dry|p1a: Spoils Bag\n|-activate|p1a: Spoils Bag|move: Protect\n|move|p2b: Incineroar|Flare Blitz|p1a: Spoils Bag\n|-activate|p1a: Spoils Bag|move: Protect\n|\n|-heal|p2b: Incineroar|15/100|[from] item: Leftovers\n|-sideend|p2: Ciscostar|move: Tailwind\n|upkeep\n|turn|5\n|\n|t:|1776546319\n|move|p1b: In the courtyard|Liquidation|p2b: Incineroar\n|-supereffective|p2b: Incineroar|1\n|-damage|p2b: Incineroar|0 fnt\n|faint|p2b: Incineroar\n|move|p2a: Ditto|After You|p2: Incineroar|[notarget]\n|-fail|p2a: Ditto\n|move|p1a: Spoils Bag|Giga Drain|p2a: Ditto\n|-damage|p2a: Ditto|18/100\n|-enditem|p2a: Ditto|Sitrus Berry|[eat]\n|-heal|p2a: Ditto|42/100|[from] item: Sitrus Berry\n|\n|upkeep\n|turn|6\n|\n|t:|1776546334\n|move|p1b: In the courtyard|Protect|p1b: In the courtyard\n|-singleturn|p1b: In the courtyard|Protect\n|move|p1a: Spoils Bag|Protect|p1a: Spoils Bag\n|-singleturn|p1a: Spoils Bag|Protect\n|move|p2a: Ditto|Freeze-Dry|p1a: Spoils Bag\n|-activate|p1a: Spoils Bag|move: Protect\n|\n|upkeep\n|turn|7\n|-message|Ciscostar forfeited.\n|\n|win|Elite Fource\n|raw|Elite Fource's rating: 1098 &rarr; <strong>1116</strong><br />(+18 for winning)\n|raw|Ciscostar's rating: 1000 &rarr; <strong>1000</strong><br />(+0 for losing)\n|l|\u2606Ciscostar\n|player|p2|\n|c|\u2606Elite Fource|ah gg\n|c|\u2606Elite Fource|i had 3/4 of my team weak to the absolute incineroar meta and still won 4-0\n|c|\u2606Elite Fource|3-0\n|c|\u2606Elite Fource|my b\n",
  "uploadtime": 1776546386,
  "views": 10,
  "formatid": "gen9championsvgc2026regma",
  "rating": 1000,
  "private": 0,
  "password": null
}