{
  "id": "gen9championsvgc2026regma-2583060752",
  "format": "[Gen 9 Champions] VGC 2026 Reg M-A",
  "players": [
    "SPD~EMERGENCY2012",
    "N4nD1tt0"
  ],
  "log": "|j|\u203dSPD~EMERGENCY2012\n|j|\u2606N4nD1tt0\n|t:|1776137741\n|gametype|doubles\n|player|p1|SPD~EMERGENCY2012|169|1051\n|player|p2|N4nD1tt0|102|1101\n|gen|9\n|tier|[Gen 9 Champions] VGC 2026 Reg M-A\n|rated|\n|rule|Species Clause: Limit one of each Pok\u00e9mon\n|rule|Item Clause: Limit 1 of each item\n|clearpoke\n|poke|p1|Hippowdon, L50, M|\n|poke|p1|Excadrill, L50, F|\n|poke|p1|Sinistcha, L50|\n|poke|p1|Alakazam, L50, F|\n|poke|p1|Aerodactyl, L50, F|\n|poke|p1|Garchomp, L50, M|\n|poke|p2|Tyranitar, L50, F|\n|poke|p2|Corviknight, L50, M|\n|poke|p2|Rotom-Wash, L50|\n|poke|p2|Excadrill, L50, F|\n|poke|p2|Incineroar, L50, M|\n|poke|p2|Sneasler, L50, F|\n|teampreview|4\n|inactive|Battle timer is ON: inactive players will automatically lose when time's up. (requested by N4nD1tt0)\n|inactive|SPD~EMERGENCY2012 has 60 seconds left.\n|\n|t:|1776137786\n|teamsize|p1|4\n|teamsize|p2|4\n|start\n|switch|p1a: Alakazam|Alakazam, L50, F|100/100\n|switch|p1b: Excadrill|Excadrill, L50, F|100/100\n|switch|p2a: Tyranitar|Tyranitar, L50, F, shiny|100/100\n|switch|p2b: Incineroar|Incineroar, L50, M|100/100\n|-weather|Sandstorm|[from] ability: Sand Stream|[of] p2a: Tyranitar\n|-ability|p2b: Incineroar|Intimidate|boost\n|-unboost|p1a: Alakazam|atk|1\n|-unboost|p1b: Excadrill|atk|1\n|turn|1\n|inactive|SPD~EMERGENCY2012 has 30 seconds left.\n|\n|t:|1776137817\n|move|p2b: Incineroar|Fake Out|p1b: Excadrill\n|-resisted|p1b: Excadrill|1\n|-damage|p1b: Excadrill|92/100\n|cant|p1b: Excadrill|flinch\n|move|p1a: Alakazam|Focus Blast|p2a: Tyranitar\n|-supereffective|p2a: Tyranitar|2\n|-crit|p2a: Tyranitar\n|-damage|p2a: Tyranitar|0 fnt\n|faint|p2a: Tyranitar\n|\n|-weather|Sandstorm|[upkeep]\n|-damage|p2b: Incineroar|95/100|[from] Sandstorm\n|upkeep\n|\n|t:|1776137830\n|switch|p2a: Rotom|Rotom-Wash, L50|100/100\n|turn|2\n|\n|t:|1776137841\n|switch|p1b: Hippowdon|Hippowdon, L50, M|100/100\n|move|p1a: Alakazam|Energy Ball|p2a: Rotom\n|-supereffective|p2a: Rotom|1\n|-damage|p2a: Rotom|32/100\n|-enditem|p2a: Rotom|Sitrus Berry|[eat]\n|-heal|p2a: Rotom|57/100|[from] item: Sitrus Berry\n|move|p2a: Rotom|Hydro Pump|p1b: Hippowdon|[miss]\n|-miss|p2a: Rotom|p1b: Hippowdon\n|move|p2b: Incineroar|Darkest Lariat|p1a: Alakazam\n|-supereffective|p1a: Alakazam|1\n|-damage|p1a: Alakazam|0 fnt\n|faint|p1a: Alakazam\n|\n|-weather|Sandstorm|[upkeep]\n|-damage|p2a: Rotom|51/100|[from] Sandstorm\n|-damage|p2b: Incineroar|89/100|[from] Sandstorm\n|upkeep\n|\n|t:|1776137858\n|switch|p1a: Excadrill|Excadrill, L50, F|92/100\n|turn|3\n|\n|t:|1776137868\n|switch|p2b: Excadrill|Excadrill, L50, F|100/100\n|move|p1b: Hippowdon|Helping Hand|p1a: Excadrill\n|-singleturn|p1a: Excadrill|Helping Hand|[of] p1b: Hippowdon\n|move|p1a: Excadrill|Rock Slide|p2a: Rotom|[spread] p2a\n|-miss|p1a: Excadrill|p2b: Excadrill\n|-damage|p2a: Rotom|9/100\n|cant|p2a: Rotom|flinch\n|\n|-weather|Sandstorm|[upkeep]\n|-damage|p2a: Rotom|4/100|[from] Sandstorm\n|upkeep\n|turn|4\n|inactive|SPD~EMERGENCY2012 has 30 seconds left.\n|inactive|N4nD1tt0 has 30 seconds left.\n|\n|t:|1776137900\n|switch|p2a: Incineroar|Incineroar, L50, M|89/100\n|-ability|p2a: Incineroar|Intimidate|boost\n|-unboost|p1a: Excadrill|atk|1\n|-unboost|p1b: Hippowdon|atk|1\n|switch|p1b: Aerodactyl|Aerodactyl, L50, F|100/100\n|-ability|p1b: Aerodactyl|Unnerve\n|move|p1a: Excadrill|Protect|p1a: Excadrill\n|-singleturn|p1a: Excadrill|Protect\n|move|p2b: Excadrill|High Horsepower|p1a: Excadrill\n|-activate|p1a: Excadrill|move: Protect\n|\n|-weather|Sandstorm|[upkeep]\n|-damage|p2a: Incineroar|83/100|[from] Sandstorm\n|upkeep\n|turn|5\n|\n|t:|1776137921\n|switch|p1a: Hippowdon|Hippowdon, L50, M|100/100\n|move|p2a: Incineroar|Fake Out|p1b: Aerodactyl\n|-resisted|p1b: Aerodactyl|1\n|-damage|p1b: Aerodactyl|91/100\n|move|p2b: Excadrill|Rock Slide|p1a: Hippowdon|[spread] p1a,p1b\n|-resisted|p1a: Hippowdon|1\n|-supereffective|p1b: Aerodactyl|1\n|-damage|p1a: Hippowdon|95/100\n|-damage|p1b: Aerodactyl|22/100\n|cant|p1b: Aerodactyl|flinch\n|\n|-weather|none\n|-heal|p1a: Hippowdon|100/100|[from] item: Leftovers\n|upkeep\n|turn|6\n|inactive|SPD~EMERGENCY2012 has 30 seconds left.\n|\n|t:|1776137954\n|switch|p2a: Rotom|Rotom-Wash, L50|4/100\n|move|p1b: Aerodactyl|Tailwind|p1b: Aerodactyl\n|-sidestart|p1: SPD~EMERGENCY2012|move: Tailwind\n|move|p2b: Excadrill|Rock Slide|p1a: Hippowdon|[spread] p1b\n|-miss|p2b: Excadrill|p1a: Hippowdon\n|-supereffective|p1b: Aerodactyl|1\n|-crit|p1b: Aerodactyl\n|-damage|p1b: Aerodactyl|0 fnt\n|faint|p1b: Aerodactyl\n|move|p1a: Hippowdon|Yawn|p2b: Excadrill\n|-start|p2b: Excadrill|move: Yawn|[of] p1a: Hippowdon\n|\n|upkeep\n|\n|t:|1776137966\n|switch|p1b: Excadrill|Excadrill, L50, F|92/100\n|turn|7\n|\n|t:|1776137989\n|switch|p2b: Incineroar|Incineroar, L50, M|83/100\n|-ability|p2b: Incineroar|Intimidate|boost\n|-unboost|p1a: Hippowdon|atk|1\n|-unboost|p1b: Excadrill|atk|1\n|move|p1b: Excadrill|Protect|p1b: Excadrill\n|-singleturn|p1b: Excadrill|Protect\n|move|p1a: Hippowdon|Rock Slide|p2a: Rotom|[spread] p2a,p2b\n|-supereffective|p2b: Incineroar|1\n|-damage|p2a: Rotom|0 fnt\n|-damage|p2b: Incineroar|64/100\n|faint|p2a: Rotom\n|\n|upkeep\n|\n|t:|1776137996\n|switch|p2a: Excadrill|Excadrill, L50, F|100/100\n|turn|8\n|\n|t:|1776138008\n|move|p1a: Hippowdon|Helping Hand|p1b: Excadrill\n|-singleturn|p1b: Excadrill|Helping Hand|[of] p1a: Hippowdon\n|move|p2b: Incineroar|Fake Out|p1b: Excadrill\n|-resisted|p1b: Excadrill|1\n|-damage|p1b: Excadrill|83/100\n|cant|p1b: Excadrill|flinch\n|move|p2a: Excadrill|High Horsepower|p1b: Excadrill\n|-supereffective|p1b: Excadrill|1\n|-damage|p1b: Excadrill|0 fnt\n|faint|p1b: Excadrill\n|\n|upkeep\n|turn|9\n|\n|t:|1776138031\n|move|p2a: Excadrill|Iron Head|p1a: Hippowdon\n|-damage|p1a: Hippowdon|75/100\n|move|p1a: Hippowdon|Rock Slide|p2a: Excadrill|[spread] p2a,p2b\n|-resisted|p2a: Excadrill|2\n|-supereffective|p2b: Incineroar|1\n|-damage|p2a: Excadrill|97/100\n|-damage|p2b: Incineroar|44/100\n|move|p2b: Incineroar|Parting Shot|p1a: Hippowdon\n|-unboost|p1a: Hippowdon|atk|1\n|-unboost|p1a: Hippowdon|spa|1\n|\n|-heal|p1a: Hippowdon|81/100|[from] item: Leftovers\n|-sideend|p1: SPD~EMERGENCY2012|move: Tailwind\n|upkeep\n|turn|10\n|\n|t:|1776138046\n|move|p2a: Excadrill|Iron Head|p1a: Hippowdon\n|-damage|p1a: Hippowdon|52/100\n|move|p2b: Incineroar|Parting Shot|p1a: Hippowdon\n|-unboost|p1a: Hippowdon|atk|1\n|-unboost|p1a: Hippowdon|spa|1\n|move|p1a: Hippowdon|Yawn|p2a: Excadrill\n|-start|p2a: Excadrill|move: Yawn|[of] p1a: Hippowdon\n|\n|-heal|p1a: Hippowdon|58/100|[from] item: Leftovers\n|upkeep\n|turn|11\n|\n|t:|1776138058\n|move|p2a: Excadrill|Iron Head|p1a: Hippowdon\n|-damage|p1a: Hippowdon|33/100\n|move|p2b: Incineroar|Darkest Lariat|p1a: Hippowdon\n|-damage|p1a: Hippowdon|11/100\n|move|p1a: Hippowdon|Slack Off|p1a: Hippowdon\n|-heal|p1a: Hippowdon|61/100\n|\n|-heal|p1a: Hippowdon|67/100|[from] item: Leftovers\n|-end|p2a: Excadrill|move: Yawn|[silent]\n|-status|p2a: Excadrill|slp\n|upkeep\n|turn|12\n|\n|t:|1776138069\n|cant|p2a: Excadrill|slp\n|move|p2b: Incineroar|Darkest Lariat|p1a: Hippowdon\n|-damage|p1a: Hippowdon|45/100\n|move|p1a: Hippowdon|Rock Slide|p2a: Excadrill|[spread] p2a,p2b\n|-resisted|p2a: Excadrill|2\n|-supereffective|p2b: Incineroar|1\n|-damage|p2a: Excadrill|95/100 slp\n|-damage|p2b: Incineroar|33/100\n|\n|-heal|p1a: Hippowdon|51/100|[from] item: Leftovers\n|upkeep\n|turn|13\n|\n|t:|1776138084\n|-curestatus|p2a: Excadrill|slp|[msg]\n|move|p2a: Excadrill|Iron Head|p1a: Hippowdon\n|-crit|p1a: Hippowdon\n|-damage|p1a: Hippowdon|9/100\n|move|p2b: Incineroar|Darkest Lariat|p1a: Hippowdon\n|-damage|p1a: Hippowdon|0 fnt\n|faint|p1a: Hippowdon\n|\n|win|N4nD1tt0\n|raw|SPD~EMERGENCY2012's rating: 1051 &rarr; <strong>1036</strong><br />(-15 for losing)\n|raw|N4nD1tt0's rating: 1101 &rarr; <strong>1122</strong><br />(+21 for winning)\n|l|\u203dSPD~EMERGENCY2012\n|player|p1|\n|c|\u2606N4nD1tt0|gg\n",
  "uploadtime": 1776138094,
  "views": 20,
  "formatid": "gen9championsvgc2026regma",
  "rating": 1036,
  "private": 0,
  "password": null
}