{
  "id": "gen9championsvgc2026regma-2583647351",
  "format": "[Gen 9 Champions] VGC 2026 Reg M-A",
  "players": [
    "relampent",
    "everyonesayshi"
  ],
  "log": "|j|\u2606relampent\n|j|\u2606everyonesayshi\n|t:|1776188595\n|gametype|doubles\n|player|p1|relampent|2|1102\n|player|p2|everyonesayshi|clerkf|1054\n|gen|9\n|tier|[Gen 9 Champions] VGC 2026 Reg M-A\n|rated|\n|rule|Species Clause: Limit one of each Pok\u00e9mon\n|rule|Item Clause: Limit 1 of each item\n|clearpoke\n|poke|p1|Dragonite, L50, F|\n|poke|p1|Whimsicott, L50, M|\n|poke|p1|Kangaskhan, L50, F|\n|poke|p1|Rotom-Wash, L50|\n|poke|p2|Garchomp, L50, F|\n|poke|p2|Rotom-Wash, L50|\n|poke|p2|Incineroar, L50, F|\n|poke|p2|Mimikyu, L50, F|\n|poke|p2|Sneasler, L50, M|\n|poke|p2|Corviknight, L50, M|\n|teampreview|4\n|\n|t:|1776188627\n|teamsize|p1|4\n|teamsize|p2|4\n|start\n|switch|p1a: Dragonite|Dragonite, L50, F|100/100\n|switch|p1b: Whimsicott|Whimsicott, L50, M|100/100\n|switch|p2a: Incineroar|Incineroar, L50, F|100/100\n|switch|p2b: Corviknight|Corviknight, L50, M|100/100\n|-ability|p2a: Incineroar|Intimidate|boost\n|-fail|p1a: Dragonite|unboost|Attack|[from] ability: Inner Focus|[of] p1a: Dragonite\n|-unboost|p1b: Whimsicott|atk|1\n|turn|1\n|\n|t:|1776188651\n|move|p1b: Whimsicott|Helping Hand|p1a: Dragonite\n|-singleturn|p1a: Dragonite|Helping Hand|[of] p1b: Whimsicott\n|move|p2a: Incineroar|Fake Out|p1a: Dragonite\n|-damage|p1a: Dragonite|83/100\n|move|p1a: Dragonite|Superpower|p2a: Incineroar\n|-supereffective|p2a: Incineroar|1\n|-enditem|p2a: Incineroar|Focus Sash\n|-damage|p2a: Incineroar|1/100\n|-unboost|p1a: Dragonite|atk|1\n|-unboost|p1a: Dragonite|def|1\n|move|p2b: Corviknight|Bulk Up|p2b: Corviknight\n|-boost|p2b: Corviknight|atk|1\n|-boost|p2b: Corviknight|def|1\n|\n|upkeep\n|turn|2\n|\n|t:|1776188683\n|switch|p1a: Rotom|Rotom-Wash, L50|100/100\n|move|p1b: Whimsicott|Dazzling Gleam|p2a: Incineroar|[spread] p2a,p2b\n|-resisted|p2b: Corviknight|1\n|-damage|p2a: Incineroar|0 fnt\n|-damage|p2b: Corviknight|87/100\n|faint|p2a: Incineroar\n|move|p2b: Corviknight|Iron Head|p1b: Whimsicott\n|-supereffective|p1b: Whimsicott|1\n|-enditem|p1b: Whimsicott|Focus Sash\n|-damage|p1b: Whimsicott|1/100\n|\n|-heal|p2b: Corviknight|93/100|[from] item: Leftovers\n|upkeep\n|\n|t:|1776188690\n|switch|p2a: Rotom|Rotom-Wash, L50|100/100\n|turn|3\n|\n|t:|1776188704\n|move|p1b: Whimsicott|Tailwind|p1b: Whimsicott\n|-sidestart|p1: relampent|move: Tailwind\n|move|p1a: Rotom|Thunderbolt|p2b: Corviknight\n|-supereffective|p2b: Corviknight|1\n|-damage|p2b: Corviknight|24/100\n|move|p2a: Rotom|Volt Switch|p1a: Rotom\n|-damage|p1a: Rotom|65/100\n|\n|t:|1776188712\n|switch|p2a: Garchomp|Garchomp, L50, F|100/100|[from] Volt Switch\n|move|p2b: Corviknight|Iron Head|p1b: Whimsicott\n|-supereffective|p1b: Whimsicott|1\n|-damage|p1b: Whimsicott|0 fnt\n|faint|p1b: Whimsicott\n|\n|-heal|p1a: Rotom|70/100|[from] item: Leftovers\n|-heal|p2b: Corviknight|30/100|[from] item: Leftovers\n|upkeep\n|\n|t:|1776188724\n|switch|p1b: Dragonite|Dragonite, L50, F|83/100\n|turn|4\n|\n|t:|1776188758\n|move|p1b: Dragonite|Ice Spinner|p2a: Garchomp\n|-supereffective|p2a: Garchomp|2\n|-damage|p2a: Garchomp|0 fnt\n|-damage|p1b: Dragonite|71/100|[from] ability: Rough Skin|[of] p2a: Garchomp\n|faint|p2a: Garchomp\n|move|p1a: Rotom|Thunderbolt|p2b: Corviknight\n|-supereffective|p2b: Corviknight|1\n|-damage|p2b: Corviknight|0 fnt\n|faint|p2b: Corviknight\n|\n|-heal|p1a: Rotom|76/100|[from] item: Leftovers\n|upkeep\n|\n|t:|1776188766\n|switch|p2b: Rotom|Rotom-Wash, L50|100/100\n|turn|5\n|\n|t:|1776188798\n|move|p1b: Dragonite|Ice Spinner|p2b: Rotom\n|-resisted|p2b: Rotom|1\n|-damage|p2b: Rotom|81/100\n|move|p1a: Rotom|Thunderbolt|p2b: Rotom\n|-damage|p2b: Rotom|38/100\n|move|p2b: Rotom|Will-O-Wisp|p1b: Dragonite\n|-status|p1b: Dragonite|brn\n|\n|-heal|p1a: Rotom|81/100|[from] item: Leftovers\n|-damage|p1b: Dragonite|65/100 brn|[from] brn\n|upkeep\n|turn|6\n|\n|t:|1776188835\n|switch|p1b: Kangaskhan|Kangaskhan, L50, F|100/100\n|move|p1a: Rotom|Thunderbolt|p2b: Rotom\n|-damage|p2b: Rotom|0 fnt\n|faint|p2b: Rotom\n|\n|win|relampent\n|raw|relampent's rating: 1102 &rarr; <strong>1124</strong><br />(+22 for winning)\n|raw|everyonesayshi's rating: 1054 &rarr; <strong>1038</strong><br />(-16 for losing)\n|l|\u2606everyonesayshi\n|player|p2|\n",
  "uploadtime": 1776188842,
  "views": 29,
  "formatid": "gen9championsvgc2026regma",
  "rating": 1038,
  "private": 0,
  "password": null
}