{
  "id": "gen9championsvgc2026regma-2580498184",
  "format": "[Gen 9 Champions] VGC 2026 Reg M-A",
  "players": [
    "RJ1111101",
    "Novicebest"
  ],
  "log": "|j|\u2606RJ1111101\n|j|\u2606Novicebest\n|t:|1775905202\n|gametype|doubles\n|player|p1|RJ1111101|cynthia-gen4|1061\n|player|p2|Novicebest|dawn|1115\n|gen|9\n|tier|[Gen 9 Champions] VGC 2026 Reg M-A\n|rated|\n|rule|Species Clause: Limit one of each Pok\u00e9mon\n|rule|Item Clause: Limit 1 of each item\n|clearpoke\n|poke|p1|Gyarados, L50, F|\n|poke|p1|Ampharos, L50, F|\n|poke|p1|Klefki, L50, M|\n|poke|p1|Sneasler, L50, M|\n|poke|p1|Oranguru, L50, M|\n|poke|p1|Sinistcha, L50|\n|poke|p2|Charizard, L50, M|\n|poke|p2|Whimsicott, L50, F|\n|poke|p2|Farigiraf, L50, F|\n|poke|p2|Sneasler, L50, M|\n|poke|p2|Rotom-Wash, L50|\n|poke|p2|Incineroar, L50, F|\n|teampreview|4\n|inactive|Battle timer is ON: inactive players will automatically lose when time's up. (requested by Novicebest)\n|inactive|Novicebest has 60 seconds left.\n|\n|t:|1775905238\n|teamsize|p1|4\n|teamsize|p2|4\n|start\n|switch|p1a: Ampharos|Ampharos, L50, F, shiny|100/100\n|switch|p1b: Oranguru|Oranguru, L50, M|100/100\n|switch|p2a: Rotom|Rotom-Wash, L50|100/100\n|switch|p2b: Farigiraf|Farigiraf, L50, F|100/100\n|turn|1\n|\n|t:|1775905259\n|move|p1a: Ampharos|Protect|p1a: Ampharos\n|-singleturn|p1a: Ampharos|Protect\n|move|p2a: Rotom|Nasty Plot|p2a: Rotom\n|-boost|p2a: Rotom|spa|2\n|move|p2b: Farigiraf|Imprison|p2b: Farigiraf\n|-start|p2b: Farigiraf|move: Imprison\n|move|p1b: Oranguru|Knock Off|p2b: Farigiraf\n|-supereffective|p2b: Farigiraf|1\n|-enditem|p2b: Farigiraf|Colbur Berry|[eat]\n|-enditem|p2b: Farigiraf|Colbur Berry|[weaken]\n|-damage|p2b: Farigiraf|85/100\n|\n|upkeep\n|turn|2\n|inactive|RJ1111101 has 30 seconds left.\n|\n|t:|1775905286\n|detailschange|p1a: Ampharos|Ampharos-Mega, L50, F, shiny\n|-mega|p1a: Ampharos|Ampharos|Ampharosite\n|-ability|p1a: Ampharos|Mold Breaker\n|move|p2a: Rotom|Thunderbolt|p1b: Oranguru\n|-damage|p1b: Oranguru|41/100\n|move|p2b: Farigiraf|Hyper Voice|p1a: Ampharos|[spread] p1a,p1b\n|-damage|p1a: Ampharos|70/100\n|-damage|p1b: Oranguru|15/100\n|move|p1b: Oranguru|Instruct|p1a: Ampharos\n|-singleturn|p1a: Ampharos|move: Instruct|[of] p1b: Oranguru\n|move|p1a: Ampharos|Protect||[still]\n|-fail|p1a: Ampharos\n|move|p1a: Ampharos|Thunderbolt|p2a: Rotom\n|-damage|p2a: Rotom|41/100\n|\n|-heal|p2a: Rotom|47/100|[from] item: Leftovers\n|upkeep\n|turn|3\n|\n|t:|1775905308\n|move|p2a: Rotom|Protect|p2a: Rotom\n|-singleturn|p2a: Rotom|Protect\n|move|p1a: Ampharos|Protect|p1a: Ampharos\n|-singleturn|p1a: Ampharos|Protect\n|move|p2b: Farigiraf|Hyper Voice|p1b: Oranguru|[spread] p1b\n|-activate|p1a: Ampharos|move: Protect\n|-damage|p1b: Oranguru|0 fnt\n|faint|p1b: Oranguru\n|\n|-heal|p2a: Rotom|53/100|[from] item: Leftovers\n|upkeep\n|\n|t:|1775905318\n|switch|p1b: Sinistcha|Sinistcha, L50, shiny|100/100\n|-heal|p1a: Ampharos|95/100|[from] ability: Hospitality|[of] p1b: Sinistcha\n|turn|4\n|inactive|Novicebest has 30 seconds left.\n|\n|t:|1775905345\n|move|p2a: Rotom|Thunderbolt|p1b: Sinistcha\n|-resisted|p1b: Sinistcha|1\n|-damage|p1b: Sinistcha|65/100\n|move|p1b: Sinistcha|Matcha Gotcha|p2b: Farigiraf|[spread] p2a\n|-miss|p1b: Sinistcha|p2b: Farigiraf\n|-supereffective|p2a: Rotom|1\n|-damage|p2a: Rotom|9/100\n|-heal|p1b: Sinistcha|84/100|[from] drain|[of] p2a: Rotom\n|move|p2b: Farigiraf|Psychic|p1b: Sinistcha\n|-damage|p1b: Sinistcha|40/100\n|move|p1a: Ampharos|Thunderbolt|p2a: Rotom\n|-damage|p2a: Rotom|0 fnt\n|faint|p2a: Rotom\n|\n|upkeep\n|\n|t:|1775905362\n|switch|p2a: Incineroar|Incineroar, L50, F|100/100\n|-ability|p2a: Incineroar|Intimidate|boost\n|-unboost|p1a: Ampharos|atk|1\n|-unboost|p1b: Sinistcha|atk|1\n|turn|5\n|\n|t:|1775905378\n|move|p2a: Incineroar|Fake Out|p1a: Ampharos\n|-damage|p1a: Ampharos|85/100\n|move|p1b: Sinistcha|Rage Powder|p1b: Sinistcha\n|-singleturn|p1b: Sinistcha|move: Rage Powder\n|move|p2b: Farigiraf|Psychic|p1b: Sinistcha\n|-damage|p1b: Sinistcha|0 fnt\n|faint|p1b: Sinistcha\n|cant|p1a: Ampharos|flinch\n|\n|upkeep\n|\n|t:|1775905386\n|switch|p1b: Gyarados|Gyarados, L50, F|100/100\n|-ability|p1b: Gyarados|Intimidate|boost\n|-unboost|p2a: Incineroar|atk|1\n|-unboost|p2b: Farigiraf|atk|1\n|turn|6\n|\n|t:|1775905411\n|move|p1b: Gyarados|Waterfall|p2a: Incineroar\n|-supereffective|p2a: Incineroar|1\n|-damage|p2a: Incineroar|38/100\n|-enditem|p2a: Incineroar|Sitrus Berry|[eat]\n|-heal|p2a: Incineroar|63/100|[from] item: Sitrus Berry\n|move|p2a: Incineroar|Throat Chop|p1a: Ampharos\n|-damage|p1a: Ampharos|69/100\n|-start|p1a: Ampharos|Throat Chop|[silent]\n|move|p2b: Farigiraf|Psychic|p1a: Ampharos\n|-damage|p1a: Ampharos|27/100\n|move|p1a: Ampharos|Power Gem|p2a: Incineroar\n|-supereffective|p2a: Incineroar|1\n|-damage|p2a: Incineroar|0 fnt\n|faint|p2a: Incineroar\n|\n|upkeep\n|\n|t:|1775905426\n|switch|p2a: Charizard|Charizard, L50, M|100/100\n|turn|7\n|\n|t:|1775905436\n|detailschange|p2a: Charizard|Charizard-Mega-Y, L50, M\n|-mega|p2a: Charizard|Charizard|Charizardite Y\n|-weather|SunnyDay|[from] ability: Drought|[of] p2a: Charizard\n|move|p1a: Ampharos|Protect|p1a: Ampharos\n|-singleturn|p1a: Ampharos|Protect\n|move|p2a: Charizard|Heat Wave|p1a: Ampharos|[spread] p1b\n|-activate|p1a: Ampharos|move: Protect\n|-resisted|p1b: Gyarados|1\n|-damage|p1b: Gyarados|72/100\n|move|p1b: Gyarados|Waterfall|p2a: Charizard\n|-supereffective|p2a: Charizard|1\n|-damage|p2a: Charizard|62/100\n|move|p2b: Farigiraf|Psychic|p1a: Ampharos\n|-activate|p1a: Ampharos|move: Protect\n|\n|-weather|SunnyDay|[upkeep]\n|-end|p1a: Ampharos|Throat Chop|[silent]\n|upkeep\n|turn|8\n|inactive|Novicebest has 30 seconds left.\n|\n|t:|1775905462\n|move|p1b: Gyarados|Waterfall|p2a: Charizard\n|-supereffective|p2a: Charizard|1\n|-damage|p2a: Charizard|18/100\n|move|p2a: Charizard|Heat Wave|p1b: Gyarados|[spread] p1a,p1b\n|-resisted|p1a: Ampharos|1\n|-resisted|p1b: Gyarados|1\n|-damage|p1a: Ampharos|0 fnt\n|-damage|p1b: Gyarados|46/100\n|faint|p1a: Ampharos\n|move|p2b: Farigiraf|Psychic|p1b: Gyarados\n|-damage|p1b: Gyarados|8/100\n|\n|-weather|SunnyDay|[upkeep]\n|upkeep\n|turn|9\n|-message|RJ1111101 forfeited.\n|\n|win|Novicebest\n|raw|RJ1111101's rating: 1061 &rarr; <strong>1045</strong><br />(-16 for losing)\n|raw|Novicebest's rating: 1115 &rarr; <strong>1136</strong><br />(+21 for winning)\n|l|\u2606RJ1111101\n|player|p1|\n",
  "uploadtime": 1775905477,
  "views": 19,
  "formatid": "gen9championsvgc2026regma",
  "rating": 1045,
  "private": 0,
  "password": null
}