{
  "id": "gen9championsvgc2026regma-2583905917",
  "format": "[Gen 9 Champions] VGC 2026 Reg M-A",
  "players": [
    "0TX - Zenith",
    "attentionstudents"
  ],
  "log": "|j|\u26060TX - Zenith\n|j|\u2606attentionstudents\n|t:|1776207135\n|gametype|doubles\n|player|p1|0TX - Zenith|gambler|1094\n|player|p2|attentionstudents|dawn-gen4pt|1186\n|gen|9\n|tier|[Gen 9 Champions] VGC 2026 Reg M-A\n|rated|\n|rule|Species Clause: Limit one of each Pok\u00e9mon\n|rule|Item Clause: Limit 1 of each item\n|clearpoke\n|poke|p1|Aerodactyl, L50, F|\n|poke|p1|Sinistcha, L50|\n|poke|p1|Kangaskhan, L50, F|\n|poke|p1|Garchomp, L50, M|\n|poke|p1|Gardevoir, L50, M|\n|poke|p1|Aegislash, L50, F|\n|poke|p2|Palafin, L50, F|\n|poke|p2|Pelipper, L50, M|\n|poke|p2|Sinistcha, L50|\n|poke|p2|Kingambit, L50, F|\n|poke|p2|Arcanine-Hisui, L50, M|\n|poke|p2|Starmie, L50|\n|teampreview|4\n0TX - Zenith rejected open team sheets.\n|inactive|Battle timer is ON: inactive players will automatically lose when time's up. (requested by 0TX - Zenith)\n|\n|t:|1776207175\n|teamsize|p1|4\n|teamsize|p2|4\n|start\n|switch|p1a: Aerodactyl|Aerodactyl, L50, F|100/100\n|switch|p1b: Garchomp|Garchomp, L50, M|100/100\n|switch|p2a: Palafin|Palafin, L50, F|100/100\n|switch|p2b: Arcanine|Arcanine-Hisui, L50, M|100/100\n|-ability|p1a: Aerodactyl|Unnerve\n|-ability|p2b: Arcanine|Intimidate|boost\n|-unboost|p1a: Aerodactyl|atk|1\n|-unboost|p1b: Garchomp|atk|1\n|turn|1\n|\n|t:|1776207193\n|detailschange|p2a: Palafin|Palafin-Hero, L50, F\n|switch|p2a: Pelipper|Pelipper, L50, M|100/100\n|-weather|RainDance|[from] ability: Drizzle|[of] p2a: Pelipper\n|move|p1a: Aerodactyl|Tailwind|p1a: Aerodactyl\n|-sidestart|p1: 0TX - Zenith|move: Tailwind\n|move|p1b: Garchomp|Earthquake|p2a: Pelipper|[spread] p2b\n|-immune|p1a: Aerodactyl\n|-immune|p2a: Pelipper\n|-supereffective|p2b: Arcanine|2\n|-damage|p2b: Arcanine|0 fnt\n|faint|p2b: Arcanine\n|\n|-weather|RainDance|[upkeep]\n|upkeep\n|\n|t:|1776207207\n|switch|p2b: Palafin|Palafin-Hero, L50, F|100/100\n|-activate|p2b: Palafin|ability: Zero to Hero\n|turn|2\n|\n|t:|1776207225\n|move|p2b: Palafin|Jet Punch|p1a: Aerodactyl\n|-supereffective|p1a: Aerodactyl|1\n|-enditem|p1a: Aerodactyl|Focus Sash\n|-damage|p1a: Aerodactyl|1/100\n|move|p1a: Aerodactyl|Rock Slide|p2a: Pelipper|[spread] p2a,p2b\n|-supereffective|p2a: Pelipper|1\n|-crit|p2a: Pelipper\n|-damage|p2a: Pelipper|10/100\n|-damage|p2b: Palafin|83/100\n|move|p1b: Garchomp|Rock Slide|p2a: Pelipper|[spread] p2a,p2b\n|-supereffective|p2a: Pelipper|1\n|-damage|p2a: Pelipper|0 fnt\n|-damage|p2b: Palafin|68/100\n|faint|p2a: Pelipper\n|\n|-weather|RainDance|[upkeep]\n|upkeep\n|\n|t:|1776207237\n|switch|p2a: Starmie|Starmie, L50|100/100\n|turn|3\n|\n|t:|1776207251\n|detailschange|p2a: Starmie|Starmie-Mega, L50\n|-mega|p2a: Starmie|Starmie|Starminite\n|move|p1a: Aerodactyl|Protect|p1a: Aerodactyl\n|-singleturn|p1a: Aerodactyl|Protect\n|move|p2b: Palafin|Jet Punch|p1a: Aerodactyl\n|-activate|p1a: Aerodactyl|move: Protect\n|move|p1b: Garchomp|Earthquake|p2b: Palafin|[spread] p2a,p2b\n|-activate|p1a: Aerodactyl|move: Protect\n|-damage|p2a: Starmie|62/100\n|-damage|p2b: Palafin|36/100\n|move|p2a: Starmie|Ice Spinner|p1b: Garchomp\n|-supereffective|p1b: Garchomp|2\n|-damage|p1b: Garchomp|0 fnt\n|faint|p1b: Garchomp\n|\n|-weather|RainDance|[upkeep]\n|upkeep\n|\n|t:|1776207268\n|switch|p1b: Gardevoir|Gardevoir, L50, M, shiny|100/100\n|turn|4\n|\n|t:|1776207281\n|detailschange|p1b: Gardevoir|Gardevoir-Mega, L50, M, shiny\n|-mega|p1b: Gardevoir|Gardevoir|Gardevoirite\n|move|p2a: Starmie|Protect|p2a: Starmie\n|-singleturn|p2a: Starmie|Protect\n|move|p2b: Palafin|Protect|p2b: Palafin\n|-singleturn|p2b: Palafin|Protect\n|move|p1a: Aerodactyl|Rock Slide|p2b: Palafin|[spread] \n|-activate|p2a: Starmie|move: Protect\n|-activate|p2b: Palafin|move: Protect\n|move|p1b: Gardevoir|Hyper Voice|p2a: Starmie|[spread] \n|-activate|p2a: Starmie|move: Protect\n|-activate|p2b: Palafin|move: Protect\n|\n|-weather|RainDance|[upkeep]\n|-sideend|p1: 0TX - Zenith|move: Tailwind\n|upkeep\n|turn|5\n|inactive|0TX - Zenith has 30 seconds left.\n|\n|t:|1776207308\n|move|p1a: Aerodactyl|Protect|p1a: Aerodactyl\n|-singleturn|p1a: Aerodactyl|Protect\n|move|p1b: Gardevoir|Protect|p1b: Gardevoir\n|-singleturn|p1b: Gardevoir|Protect\n|move|p2b: Palafin|Jet Punch|p1a: Aerodactyl\n|-activate|p1a: Aerodactyl|move: Protect\n|move|p2a: Starmie|Liquidation|p1b: Gardevoir\n|-activate|p1b: Gardevoir|move: Protect\n|\n|-weather|none\n|upkeep\n|turn|6\n|\n|t:|1776207328\n|switch|p1b: Sinistcha|Sinistcha, L50|100/100\n|-heal|p1a: Aerodactyl|26/100|[from] ability: Hospitality|[of] p1b: Sinistcha\n|move|p2b: Palafin|Jet Punch|p1a: Aerodactyl\n|-supereffective|p1a: Aerodactyl|1\n|-damage|p1a: Aerodactyl|0 fnt\n|faint|p1a: Aerodactyl\n|move|p2a: Starmie|Liquidation|p1b: Sinistcha\n|-resisted|p1b: Sinistcha|1\n|-damage|p1b: Sinistcha|71/100\n|\n|upkeep\n|\n|t:|1776207338\n|switch|p1a: Gardevoir|Gardevoir-Mega, L50, M, shiny|100/100\n|turn|7\n|\n|t:|1776207357\n|move|p1b: Sinistcha|Rage Powder|p1b: Sinistcha\n|-singleturn|p1b: Sinistcha|move: Rage Powder\n|move|p2b: Palafin|Jet Punch|p1b: Sinistcha\n|-resisted|p1b: Sinistcha|1\n|-damage|p1b: Sinistcha|53/100\n|move|p2a: Starmie|Liquidation|p1b: Sinistcha\n|-resisted|p1b: Sinistcha|1\n|-damage|p1b: Sinistcha|22/100\n|-enditem|p1b: Sinistcha|Sitrus Berry|[eat]\n|-heal|p1b: Sinistcha|47/100|[from] item: Sitrus Berry\n|move|p1a: Gardevoir|Hyper Voice|p2a: Starmie|[spread] p2a,p2b\n|-damage|p2a: Starmie|0 fnt\n|-damage|p2b: Palafin|0 fnt\n|faint|p2a: Starmie\n|faint|p2b: Palafin\n|\n|win|0TX - Zenith\n|raw|0TX - Zenith's rating: 1094 &rarr; <strong>1127</strong><br />(+33 for winning)\n|raw|attentionstudents's rating: 1186 &rarr; <strong>1155</strong><br />(-31 for losing)\n|l|\u2606attentionstudents\n|player|p2|\n",
  "uploadtime": 1776207371,
  "views": 15,
  "formatid": "gen9championsvgc2026regma",
  "rating": 1127,
  "private": 0,
  "password": null
}