{
  "id": "gen9championsvgc2026regma-2585901225",
  "format": "[Gen 9 Champions] VGC 2026 Reg M-A",
  "players": [
    "LUMK",
    "Kyooby"
  ],
  "log": "|j|\u2606LUMK\n|j|\u2606Kyooby\n|t:|1776379793\n|gametype|doubles\n|player|p1|LUMK|preschooler|1161\n|player|p2|Kyooby|volkner|1190\n|gen|9\n|tier|[Gen 9 Champions] VGC 2026 Reg M-A\n|rated|\n|rule|Species Clause: Limit one of each Pok\u00e9mon\n|rule|Item Clause: Limit 1 of each item\n|clearpoke\n|poke|p1|Audino, L50, M|\n|poke|p1|Hatterene, L50, F|\n|poke|p1|Dragonite, L50, M|\n|poke|p1|Pelipper, L50, F|\n|poke|p1|Farigiraf, L50, M|\n|poke|p1|Sneasler, L50, F|\n|poke|p2|Maushold-Four, L50|\n|poke|p2|Gardevoir, L50, M|\n|poke|p2|Espathra, L50, M|\n|poke|p2|Kommo-o, L50, M|\n|poke|p2|Gyarados, L50, M|\n|poke|p2|Heliolisk, L50, M|\n|teampreview|4\n|inactive|Battle timer is ON: inactive players will automatically lose when time's up. (requested by Kyooby)\nLUMK rejected open team sheets.\n|inactive|Kyooby has 60 seconds left.\n|\n|t:|1776379833\n|teamsize|p1|4\n|teamsize|p2|4\n|start\n|switch|p1a: Hatterene|Hatterene, L50, F|100/100\n|switch|p1b: Audino|Audino, L50, M|100/100\n|switch|p2a: Espathra|Espathra, L50, M|100/100\n|switch|p2b: Gardevoir|Gardevoir, L50, M, shiny|100/100\n|-ability|p2b: Gardevoir|Magic Bounce|Trace|[from] ability: Trace|[of] p1a: Hatterene\n|turn|1\n|inactive|LUMK has 30 seconds left.\n|\n|t:|1776379859\n|detailschange|p2b: Gardevoir|Gardevoir-Mega, L50, M, shiny\n|-mega|p2b: Gardevoir|Gardevoir|Gardevoirite\n|detailschange|p1b: Audino|Audino-Mega, L50, M\n|-mega|p1b: Audino|Audino|Audinite\n|move|p2a: Espathra|Lumina Crash|p1a: Hatterene\n|-resisted|p1a: Hatterene|1\n|-damage|p1a: Hatterene|83/100\n|-unboost|p1a: Hatterene|spd|2\n|move|p1a: Hatterene|Calm Mind|p1a: Hatterene\n|-boost|p1a: Hatterene|spa|1\n|-boost|p1a: Hatterene|spd|1\n|move|p2b: Gardevoir|Trick Room|p2b: Gardevoir\n|-fieldstart|move: Trick Room|[of] p2b: Gardevoir\n|move|p1b: Audino|Trick Room|p1b: Audino\n|-fieldend|move: Trick Room\n|\n|-heal|p1a: Hatterene|89/100|[from] item: Leftovers\n|-ability|p2a: Espathra|Speed Boost|boost\n|-boost|p2a: Espathra|spe|1\n|upkeep\n|turn|2\n|\n|t:|1776379878\n|move|p2a: Espathra|Lumina Crash|p1b: Audino\n|-damage|p1b: Audino|80/100\n|-unboost|p1b: Audino|spd|2\n|move|p2b: Gardevoir|Hyper Voice|p1a: Hatterene|[spread] p1a,p1b\n|-damage|p1a: Hatterene|8/100\n|-damage|p1b: Audino|20/100\n|move|p1a: Hatterene|Dazzling Gleam|p2b: Gardevoir|[spread] p2a,p2b\n|-damage|p2a: Espathra|41/100\n|-damage|p2b: Gardevoir|60/100\n|move|p1b: Audino|Trick Room|p1b: Audino\n|-fieldstart|move: Trick Room|[of] p1b: Audino\n|\n|-heal|p1a: Hatterene|14/100|[from] item: Leftovers\n|-ability|p2a: Espathra|Speed Boost|boost\n|-boost|p2a: Espathra|spe|1\n|upkeep\n|turn|3\n|inactive|LUMK has 30 seconds left.\n|inactive|Kyooby has 30 seconds left.\n|\n|t:|1776379910\n|move|p2b: Gardevoir|Protect|p2b: Gardevoir\n|-singleturn|p2b: Gardevoir|Protect\n|move|p2a: Espathra|Protect|p2a: Espathra\n|-singleturn|p2a: Espathra|Protect\n|move|p1a: Hatterene|Dazzling Gleam|p2a: Espathra|[spread] \n|-activate|p2a: Espathra|move: Protect\n|-activate|p2b: Gardevoir|move: Protect\n|move|p1b: Audino|Hyper Voice|p2a: Espathra|[spread] \n|-activate|p2a: Espathra|move: Protect\n|-activate|p2b: Gardevoir|move: Protect\n|\n|-heal|p1a: Hatterene|20/100|[from] item: Leftovers\n|-ability|p2a: Espathra|Speed Boost|boost\n|-boost|p2a: Espathra|spe|1\n|upkeep\n|turn|4\n|\n|t:|1776379934\n|switch|p2a: Maushold|Maushold-Four, L50|100/100\n|move|p1a: Hatterene|Dazzling Gleam|p2b: Gardevoir|[spread] p2a,p2b\n|-damage|p2a: Maushold|31/100\n|-damage|p2b: Gardevoir|30/100\n|move|p1b: Audino|Hyper Voice|p2a: Maushold|[spread] p2a,p2b\n|-damage|p2a: Maushold|6/100\n|-damage|p2b: Gardevoir|19/100\n|move|p2b: Gardevoir|Hyper Voice|p1a: Hatterene|[spread] p1a,p1b\n|-damage|p1a: Hatterene|0 fnt\n|-damage|p1b: Audino|0 fnt\n|faint|p1a: Hatterene\n|faint|p1b: Audino\n|\n|upkeep\n|\n|t:|1776379946\n|switch|p1a: Farigiraf|Farigiraf, L50, M|100/100\n|switch|p1b: Sneasler|Sneasler, L50, F|100/100\n|turn|5\n|\n|t:|1776379966\n|move|p2b: Gardevoir|Protect|p2b: Gardevoir\n|-singleturn|p2b: Gardevoir|Protect\n|move|p2a: Maushold|Protect|p2a: Maushold\n|-singleturn|p2a: Maushold|Protect\n|move|p1b: Sneasler|Fake Out|p2b: Gardevoir\n|-activate|p2b: Gardevoir|move: Protect\n|move|p1a: Farigiraf|Curse|p1a: Farigiraf\n|-unboost|p1a: Farigiraf|spe|1\n|-boost|p1a: Farigiraf|atk|1\n|-boost|p1a: Farigiraf|def|1\n|\n|upkeep\n|turn|6\n|\n|t:|1776379980\n|move|p2a: Maushold|Follow Me|p2a: Maushold\n|-singleturn|p2a: Maushold|move: Follow Me\n|move|p1a: Farigiraf|Hyper Voice|p2b: Gardevoir|[spread] p2a,p2b\n|-damage|p2a: Maushold|0 fnt\n|-damage|p2b: Gardevoir|0 fnt\n|faint|p2a: Maushold\n|faint|p2b: Gardevoir\n|move|p1b: Sneasler|Dire Claw|p2: Maushold|[notarget]\n|-fail|p1b: Sneasler\n|\n|-fieldend|move: Trick Room\n|upkeep\n|\n|t:|1776379986\n|switch|p2a: Espathra|Espathra, L50, M|41/100\n|switch|p2b: Kommo-o|Kommo-o, L50, M|100/100\n|turn|7\n|\n|t:|1776380008\n|move|p1b: Sneasler|Dire Claw|p2a: Espathra\n|-damage|p2a: Espathra|0 fnt\n|faint|p2a: Espathra\n|move|p2b: Kommo-o|Clangorous Soul|p2b: Kommo-o\n|-boost|p2b: Kommo-o|atk|1\n|-boost|p2b: Kommo-o|def|1\n|-boost|p2b: Kommo-o|spa|1\n|-boost|p2b: Kommo-o|spd|1\n|-boost|p2b: Kommo-o|spe|1\n|-damage|p2b: Kommo-o|68/100\n|move|p1a: Farigiraf|Psychic|p2b: Kommo-o\n|-supereffective|p2b: Kommo-o|1\n|-damage|p2b: Kommo-o|0 fnt\n|faint|p2b: Kommo-o\n|\n|win|LUMK\n|raw|LUMK's rating: 1161 &rarr; <strong>1188</strong><br />(+27 for winning)\n|raw|Kyooby's rating: 1190 &rarr; <strong>1163</strong><br />(-27 for losing)\n",
  "uploadtime": 1776380009,
  "views": 16,
  "formatid": "gen9championsvgc2026regma",
  "rating": 1163,
  "private": 0,
  "password": null
}