{
  "id": "gen9championsvgc2026regma-2580870878",
  "format": "[Gen 9 Champions] VGC 2026 Reg M-A",
  "players": [
    "KeoneSpirit",
    "battlerealm"
  ],
  "log": "|j|\u2606KeoneSpirit\n|j|\u2606battlerealm\n|t:|1775939293\n|gametype|doubles\n|player|p1|KeoneSpirit|265|1042\n|player|p2|battlerealm|emmet|1048\n|gen|9\n|tier|[Gen 9 Champions] VGC 2026 Reg M-A\n|rated|\n|rule|Species Clause: Limit one of each Pok\u00e9mon\n|rule|Item Clause: Limit 1 of each item\n|clearpoke\n|poke|p1|Slowbro, L50, M|\n|poke|p1|Oranguru, L50, F|\n|poke|p1|Torkoal, L50, M|\n|poke|p1|Maushold-Four, L50|\n|poke|p1|Meowstic, L50, M|\n|poke|p1|Golurk, L50|\n|poke|p2|Alakazam, L50, F|\n|poke|p2|Pelipper, L50, M|\n|poke|p2|Basculegion, L50, M|\n|poke|p2|Sneasler, L50, M|\n|poke|p2|Meowstic, L50, M|\n|poke|p2|Garchomp, L50, M|\n|teampreview|4\n|inactive|Battle timer is ON: inactive players will automatically lose when time's up. (requested by battlerealm)\n|inactive|KeoneSpirit has 60 seconds left.\n|inactive|battlerealm has 60 seconds left.\n|inactive|battlerealm has 30 seconds left.\n|inactive|battlerealm has 20 seconds left.\n|\n|t:|1775939366\n|teamsize|p1|4\n|teamsize|p2|4\n|start\n|switch|p1a: Maushold|Maushold-Four, L50, shiny|100/100\n|switch|p1b: Oranguru|Oranguru, L50, F, shiny|100/100\n|switch|p2a: Basculegion|Basculegion, L50, M|100/100\n|switch|p2b: Pelipper|Pelipper, L50, M|100/100\n|-weather|RainDance|[from] ability: Drizzle|[of] p2b: Pelipper\n|turn|1\n|\n|t:|1775939389\n|move|p1a: Maushold|Follow Me|p1a: Maushold\n|-singleturn|p1a: Maushold|move: Follow Me\n|move|p2a: Basculegion|Liquidation|p1a: Maushold\n|-damage|p1a: Maushold|0 fnt\n|faint|p1a: Maushold\n|move|p2b: Pelipper|Hurricane|p1b: Oranguru\n|-damage|p1b: Oranguru|63/100\n|move|p1b: Oranguru|Trick Room|p1b: Oranguru\n|-fieldstart|move: Trick Room|[of] p1b: Oranguru\n|\n|-weather|RainDance|[upkeep]\n|upkeep\n|\n|t:|1775939403\n|switch|p1a: Golurk|Golurk, L50, shiny|100/100\n|turn|2\n|\n|t:|1775939425\n|detailschange|p1a: Golurk|Golurk-Mega, L50, shiny\n|-mega|p1a: Golurk|Golurk|Golurkite\n|move|p2a: Basculegion|Aqua Jet|p1a: Golurk\n|-supereffective|p1a: Golurk|1\n|-damage|p1a: Golurk|9/100\n|move|p1a: Golurk|Poltergeist|p2a: Basculegion\n|-activate|p2a: Basculegion|move: Poltergeist|Mystic Water\n|-supereffective|p2a: Basculegion|1\n|-damage|p2a: Basculegion|0 fnt\n|faint|p2a: Basculegion\n|move|p1b: Oranguru|Instruct|p1a: Golurk\n|-singleturn|p1a: Golurk|move: Instruct|[of] p1b: Oranguru\n|move|p1a: Golurk|Poltergeist|p2b: Pelipper\n|-activate|p2b: Pelipper|move: Poltergeist|Focus Sash\n|-enditem|p2b: Pelipper|Focus Sash\n|-damage|p2b: Pelipper|1/100\n|move|p2b: Pelipper|Weather Ball|p1a: Golurk\n|-supereffective|p1a: Golurk|1\n|-damage|p1a: Golurk|0 fnt\n|faint|p1a: Golurk\n|\n|-weather|RainDance|[upkeep]\n|upkeep\n|\n|t:|1775939447\n|switch|p1a: Slowbro|Slowbro, L50, M, shiny|100/100\n|switch|p2a: Meowstic|Meowstic, L50, M|100/100\n|turn|3\n|\n|t:|1775939469\n|move|p2b: Pelipper|Protect|p2b: Pelipper\n|-singleturn|p2b: Pelipper|Protect\n|move|p2a: Meowstic|Thunder Wave|p1a: Slowbro\n|-status|p1a: Slowbro|par\n|move|p1a: Slowbro|Calm Mind|p1a: Slowbro\n|-boost|p1a: Slowbro|spa|1\n|-boost|p1a: Slowbro|spd|1\n|move|p1b: Oranguru|Instruct|p1a: Slowbro\n|-singleturn|p1a: Slowbro|move: Instruct|[of] p1b: Oranguru\n|move|p1a: Slowbro|Calm Mind|p1a: Slowbro\n|-boost|p1a: Slowbro|spa|1\n|-boost|p1a: Slowbro|spd|1\n|\n|-weather|RainDance|[upkeep]\n|upkeep\n|turn|4\n|\n|t:|1775939490\n|move|p2b: Pelipper|Protect||[still]\n|-fail|p2b: Pelipper\n|move|p2a: Meowstic|Thunder Wave|p1b: Oranguru\n|-status|p1b: Oranguru|par\n|move|p1a: Slowbro|Scald|p2a: Meowstic\n|-damage|p2a: Meowstic|0 fnt\n|faint|p2a: Meowstic\n|cant|p1b: Oranguru|par\n|\n|-weather|RainDance|[upkeep]\n|upkeep\n|\n|t:|1775939501\n|switch|p2a: Garchomp|Garchomp, L50, M|100/100\n|turn|5\n|\n|t:|1775939517\n|move|p1a: Slowbro|Scald|p2a: Garchomp\n|-damage|p2a: Garchomp|0 fnt\n|faint|p2a: Garchomp\n|move|p1b: Oranguru|Foul Play|p2b: Pelipper\n|-damage|p2b: Pelipper|0 fnt\n|faint|p2b: Pelipper\n|\n|win|KeoneSpirit\n|raw|KeoneSpirit's rating: 1042 &rarr; <strong>1076</strong><br />(+34 for winning)\n|raw|battlerealm's rating: 1048 &rarr; <strong>1031</strong><br />(-17 for losing)\n|l|\u2606battlerealm\n|player|p2|\n",
  "uploadtime": 1775939526,
  "views": 18,
  "formatid": "gen9championsvgc2026regma",
  "rating": 1031,
  "private": 0,
  "password": null
}