{
  "id": "gen9championsvgc2026regma-2580718740",
  "format": "[Gen 9 Champions] VGC 2026 Reg M-A",
  "players": [
    "byableorange4",
    "Markiito18"
  ],
  "log": "|j|\u2606byableorange4\n|j|\u2606Markiito18\n|t:|1775926860\n|gametype|doubles\n|player|p1|byableorange4|n|1110\n|player|p2|Markiito18|rood|1065\n|gen|9\n|tier|[Gen 9 Champions] VGC 2026 Reg M-A\n|rated|\n|rule|Species Clause: Limit one of each Pok\u00e9mon\n|rule|Item Clause: Limit 1 of each item\n|clearpoke\n|poke|p1|Meganium, L50, F|\n|poke|p1|Volcarona, L50, F|\n|poke|p1|Archaludon, L50, F|\n|poke|p1|Pelipper, L50, F|\n|poke|p1|Liepard, L50, M|\n|poke|p1|Basculegion, L50, M|\n|poke|p2|Floette-Eternal, L50, F|\n|poke|p2|Incineroar, L50, M|\n|poke|p2|Garchomp, L50, M|\n|poke|p2|Sinistcha, L50|\n|poke|p2|Orthworm, L50, M|\n|poke|p2|Delphox, L50, F|\n|teampreview|4\n|inactive|Battle timer is ON: inactive players will automatically lose when time's up. (requested by Markiito18)\n|\n|t:|1775926889\n|teamsize|p1|4\n|teamsize|p2|4\n|start\n|switch|p1a: Archaludon|Archaludon, L50, F|100/100\n|switch|p1b: Liepard|Liepard, L50, M|100/100\n|switch|p2a: Floette|Floette-Eternal, L50, F, shiny|100/100\n|switch|p2b: Incineroar|Incineroar, L50, M, shiny|100/100\n|-ability|p2b: Incineroar|Intimidate|boost\n|-unboost|p1a: Archaludon|atk|1\n|-unboost|p1b: Liepard|atk|1\n|turn|1\n|\n|t:|1775926904\n|detailschange|p2a: Floette|Floette-Mega, L50, F, shiny\n|-mega|p2a: Floette|Floette|Floettite\n|-ability|p2a: Floette|Fairy Aura\n|move|p1b: Liepard|Fake Out|p2b: Incineroar\n|-damage|p2b: Incineroar|95/100\n|cant|p2b: Incineroar|flinch\n|move|p2a: Floette|Calm Mind|p2a: Floette\n|-boost|p2a: Floette|spa|1\n|-boost|p2a: Floette|spd|1\n|move|p1a: Archaludon|Steel Beam|p2a: Floette|[miss]\n|-miss|p1a: Archaludon|p2a: Floette\n|-damage|p1a: Archaludon|50/100|[from] steelbeam\n|\n|upkeep\n|turn|2\n|inactive|byableorange4 has 30 seconds left.\n|inactive|Markiito18 has 30 seconds left.\n|\n|t:|1775926937\n|move|p2a: Floette|Protect|p2a: Floette\n|-singleturn|p2a: Floette|Protect\n|move|p1b: Liepard|Thunder Wave|p2a: Floette\n|-activate|p2a: Floette|move: Protect\n|move|p1a: Archaludon|Steel Beam|p2a: Floette\n|-activate|p2a: Floette|move: Protect\n|-damage|p1a: Archaludon|0 fnt|[from] steelbeam\n|faint|p1a: Archaludon\n|move|p2b: Incineroar|Parting Shot|p1b: Liepard\n|-unboost|p1b: Liepard|atk|1\n|-unboost|p1b: Liepard|spa|1\n|\n|t:|1775926953\n|switch|p2b: Garchomp|Garchomp, L50, M|100/100|[from] Parting Shot\n|\n|upkeep\n|\n|t:|1775926959\n|switch|p1a: Basculegion|Basculegion, L50, M|100/100\n|turn|3\n|\n|t:|1775926967\n|switch|p2b: Incineroar|Incineroar, L50, M, shiny|95/100\n|-ability|p2b: Incineroar|Intimidate|boost\n|-unboost|p1a: Basculegion|atk|1\n|-unboost|p1b: Liepard|atk|1\n|move|p1b: Liepard|Rain Dance|p1b: Liepard\n|-weather|RainDance\n|move|p1a: Basculegion|Wave Crash|p2a: Floette\n|-damage|p2a: Floette|44/100\n|-damage|p1a: Basculegion|86/100|[from] Recoil\n|move|p2a: Floette|Dazzling Gleam|p1a: Basculegion|[spread] p1a,p1b\n|-supereffective|p1b: Liepard|1\n|-damage|p1a: Basculegion|29/100\n|-damage|p1b: Liepard|0 fnt\n|faint|p1b: Liepard\n|\n|-weather|RainDance|[upkeep]\n|upkeep\n|\n|t:|1775926976\n|switch|p1b: Meganium|Meganium, L50, F|100/100\n|turn|4\n|\n|t:|1775926987\n|switch|p2b: Sinistcha|Sinistcha, L50|100/100\n|-heal|p2a: Floette|69/100|[from] ability: Hospitality|[of] p2b: Sinistcha\n|detailschange|p1b: Meganium|Meganium-Mega, L50, F\n|-mega|p1b: Meganium|Meganium|Meganiumite\n|move|p2a: Floette|Protect|p2a: Floette\n|-singleturn|p2a: Floette|Protect\n|move|p1b: Meganium|Protect|p1b: Meganium\n|-singleturn|p1b: Meganium|Protect\n|move|p1a: Basculegion|Wave Crash|p2a: Floette\n|-activate|p2a: Floette|move: Protect\n|\n|-weather|RainDance|[upkeep]\n|upkeep\n|turn|5\n|\n|t:|1775927002\n|move|p2b: Sinistcha|Rage Powder|p2b: Sinistcha\n|-singleturn|p2b: Sinistcha|move: Rage Powder\n|move|p1a: Basculegion|Wave Crash|p2b: Sinistcha\n|-resisted|p2b: Sinistcha|1\n|-damage|p2b: Sinistcha|72/100\n|-damage|p1a: Basculegion|21/100|[from] Recoil\n|move|p2a: Floette|Dazzling Gleam|p1b: Meganium|[spread] p1a,p1b\n|-damage|p1a: Basculegion|0 fnt\n|-damage|p1b: Meganium|46/100\n|faint|p1a: Basculegion\n|move|p1b: Meganium|Dazzling Gleam|p2a: Floette|[spread] p2a,p2b\n|-damage|p2a: Floette|47/100\n|-damage|p2b: Sinistcha|20/100\n|\n|-weather|RainDance|[upkeep]\n|upkeep\n|turn|6\n|-message|byableorange4 forfeited.\n|\n|win|Markiito18\n|raw|byableorange4's rating: 1110 &rarr; <strong>1082</strong><br />(-28 for losing)\n|raw|Markiito18's rating: 1065 &rarr; <strong>1099</strong><br />(+34 for winning)\n|l|\u2606byableorange4\n|player|p1|\n",
  "uploadtime": 1775927016,
  "views": 12,
  "formatid": "gen9championsvgc2026regma",
  "rating": 1082,
  "private": 0,
  "password": null
}