{
  "id": "gen9championsvgc2026regma-2585510646",
  "format": "[Gen 9 Champions] VGC 2026 Reg M-A",
  "players": [
    "ICAN'TCHAAAT",
    "Slim Sells"
  ],
  "log": "|j|\u2606ICAN'TCHAAAT\n|j|\u2606Slim Sells\n|t:|1776352401\n|gametype|doubles\n|player|p1|ICAN'TCHAAAT|hilda|\n|player|p2|Slim Sells|1|\n|gen|9\n|tier|[Gen 9 Champions] VGC 2026 Reg M-A\n|rule|Species Clause: Limit one of each Pok\u00e9mon\n|rule|Item Clause: Limit 1 of each item\n|clearpoke\n|poke|p1|Charizard, L50, M|\n|poke|p1|Archaludon, L50, F|\n|poke|p1|Clefable, L50, F|\n|poke|p1|Greninja-*, L50, F|\n|poke|p1|Hydrapple, L50, M|\n|poke|p1|Espeon, L50, M|\n|poke|p2|Tyranitar, L50, F|\n|poke|p2|Garchomp, L50, M|\n|poke|p2|Aerodactyl, L50, F|\n|poke|p2|Basculegion, L50, M|\n|poke|p2|Volcarona, L50, F|\n|poke|p2|Whimsicott, L50, M|\n|teampreview|4\n|\n|t:|1776352425\n|teamsize|p1|4\n|teamsize|p2|4\n|start\n|switch|p1a: Charizard|Charizard, L50, M, shiny|100/100\n|switch|p1b: Greninja|Greninja, L50, F|100/100\n|switch|p2a: Whimsicott|Whimsicott, L50, M|100/100\n|switch|p2b: Basculegion|Basculegion, L50, M|100/100\n|turn|1\n|\n|t:|1776352440\n|move|p1a: Charizard|Protect|p1a: Charizard\n|-singleturn|p1a: Charizard|Protect\n|move|p2a: Whimsicott|Tailwind|p2a: Whimsicott\n|-sidestart|p2: Slim Sells|move: Tailwind\n|move|p2b: Basculegion|Waterfall|p1a: Charizard\n|-activate|p1a: Charizard|move: Protect\n|move|p1b: Greninja|Toxic Spikes|p2b: Basculegion\n|-sidestart|p2: Slim Sells|move: Toxic Spikes\n|\n|upkeep\n|turn|2\n|\n|t:|1776352458\n|move|p2a: Whimsicott|Light Screen|p2a: Whimsicott\n|-sidestart|p2: Slim Sells|move: Light Screen\n|move|p2b: Basculegion|Waterfall|p1a: Charizard\n|-supereffective|p1a: Charizard|1\n|-damage|p1a: Charizard|0 fnt\n|faint|p1a: Charizard\n|move|p1b: Greninja|Dark Pulse|p2b: Basculegion\n|-supereffective|p2b: Basculegion|1\n|-damage|p2b: Basculegion|53/100\n|\n|upkeep\n|\n|t:|1776352467\n|switch|p1a: Archaludon|Archaludon, L50, F|100/100\n|turn|3\n|\n|t:|1776352486\n|detailschange|p1b: Greninja|Greninja-Mega, L50, F\n|-mega|p1b: Greninja|Greninja|Greninjite\n|move|p2b: Basculegion|Waterfall|p1b: Greninja\n|-resisted|p1b: Greninja|1\n|-damage|p1b: Greninja|63/100\n|move|p2a: Whimsicott|Moonblast|p1b: Greninja\n|-supereffective|p1b: Greninja|1\n|-damage|p1b: Greninja|0 fnt\n|faint|p1b: Greninja\n|move|p1a: Archaludon|Iron Defense|p1a: Archaludon\n|-boost|p1a: Archaludon|def|2\n|\n|upkeep\n|\n|t:|1776352497\n|switch|p1b: Espeon|Espeon, L50, M|100/100\n|turn|4\n|\n|t:|1776352509\n|move|p2a: Whimsicott|Taunt|p1a: Archaludon\n|-start|p1a: Archaludon|move: Taunt\n|move|p2b: Basculegion|Waterfall|p1b: Espeon\n|-damage|p1b: Espeon|0 fnt\n|faint|p1b: Espeon\n|move|p1a: Archaludon|Flash Cannon|p2a: Whimsicott\n|-supereffective|p2a: Whimsicott|1\n|-damage|p2a: Whimsicott|4/100\n|\n|-sideend|p2: Slim Sells|move: Tailwind\n|upkeep\n|turn|5\n|\n|t:|1776352522\n|move|p2a: Whimsicott|Tailwind|p2a: Whimsicott\n|-sidestart|p2: Slim Sells|move: Tailwind\n|move|p2b: Basculegion|Waterfall|p1a: Archaludon\n|-resisted|p1a: Archaludon|1\n|-damage|p1a: Archaludon|89/100\n|-ability|p1a: Archaludon|Stamina|boost\n|-boost|p1a: Archaludon|def|1\n|move|p1a: Archaludon|Flash Cannon|p2a: Whimsicott\n|-supereffective|p2a: Whimsicott|1\n|-damage|p2a: Whimsicott|0 fnt\n|faint|p2a: Whimsicott\n|\n|upkeep\n|\n|t:|1776352535\n|switch|p2a: Garchomp|Garchomp, L50, M|100/100\n|-status|p2a: Garchomp|psn\n|turn|6\n|\n|t:|1776352556\n|move|p2b: Basculegion|Waterfall|p1a: Archaludon\n|-resisted|p1a: Archaludon|1\n|-damage|p1a: Archaludon|80/100\n|-ability|p1a: Archaludon|Stamina|boost\n|-boost|p1a: Archaludon|def|1\n|move|p2a: Garchomp|Earthquake|p1a: Archaludon|[spread] p2b,p1a\n|-supereffective|p1a: Archaludon|1\n|-damage|p2b: Basculegion|2/100\n|-damage|p1a: Archaludon|62/100\n|-ability|p1a: Archaludon|Stamina|boost\n|-boost|p1a: Archaludon|def|1\n|move|p1a: Archaludon|Dragon Pulse|p2a: Garchomp\n|-supereffective|p2a: Garchomp|1\n|-damage|p2a: Garchomp|33/100 psn\n|\n|-damage|p2a: Garchomp|20/100 psn|[from] psn\n|-end|p1a: Archaludon|move: Taunt\n|-sideend|p2: Slim Sells|move: Light Screen\n|upkeep\n|turn|7\n|\n|t:|1776352575\n|move|p2b: Basculegion|Waterfall|p1a: Archaludon|[miss]\n|-miss|p2b: Basculegion|p1a: Archaludon\n|move|p2a: Garchomp|Earthquake|p1a: Archaludon|[spread] p2b,p1a\n|-supereffective|p1a: Archaludon|1\n|-damage|p2b: Basculegion|0 fnt\n|-damage|p1a: Archaludon|47/100\n|-ability|p1a: Archaludon|Stamina|boost\n|-boost|p1a: Archaludon|def|1\n|faint|p2b: Basculegion\n|move|p1a: Archaludon|Dragon Pulse|p2a: Garchomp\n|-supereffective|p2a: Garchomp|1\n|-damage|p2a: Garchomp|0 fnt\n|faint|p2a: Garchomp\n|\n|upkeep\n|\n|t:|1776352588\n|switch|p2b: Tyranitar|Tyranitar, L50, F|100/100\n|-status|p2b: Tyranitar|psn\n|-weather|Sandstorm|[from] ability: Sand Stream|[of] p2b: Tyranitar\n|turn|8\n|\n|t:|1776352600\n|detailschange|p2b: Tyranitar|Tyranitar-Mega, L50, F\n|-mega|p2b: Tyranitar|Tyranitar|Tyranitarite\n|move|p2b: Tyranitar|Earthquake|p1a: Archaludon|[miss]\n|-miss|p2b: Tyranitar|p1a: Archaludon\n|move|p1a: Archaludon|Flash Cannon|p2b: Tyranitar\n|-supereffective|p2b: Tyranitar|1\n|-damage|p2b: Tyranitar|49/100 psn\n|\n|-weather|Sandstorm|[upkeep]\n|-damage|p2b: Tyranitar|37/100 psn|[from] psn\n|-sideend|p2: Slim Sells|move: Tailwind\n|upkeep\n|turn|9\n|\n|t:|1776352612\n|move|p1a: Archaludon|Flash Cannon|p2b: Tyranitar\n|-supereffective|p2b: Tyranitar|1\n|-damage|p2b: Tyranitar|0 fnt\n|faint|p2b: Tyranitar\n|\n|win|ICAN'TCHAAAT\n|l|\u2606Slim Sells\n|player|p2|\n|l|\u2606ICAN'TCHAAAT\n|player|p1|\n|j|\u2606ICAN'TCHAAAT\n|player|p1|ICAN'TCHAAAT|hilda|\n",
  "uploadtime": 1776353222,
  "views": 18,
  "formatid": "gen9championsvgc2026regma",
  "rating": null,
  "private": 0,
  "password": null
}