{
  "id": "gen9championsvgc2026regma-2581022148",
  "format": "[Gen 9 Champions] VGC 2026 Reg M-A",
  "players": [
    "MajorStar",
    "itonia"
  ],
  "log": "|j|\u2606MajorStar\n|j|\u2606itonia\n|t:|1775952554\n|gametype|doubles\n|player|p1|MajorStar|brawly|\n|player|p2|itonia|miku-ghost|\n|gen|9\n|tier|[Gen 9 Champions] VGC 2026 Reg M-A\n|rated|Tournament battle\n|rule|Species Clause: Limit one of each Pok\u00e9mon\n|rule|Item Clause: Limit 1 of each item\n|raw|<div class=\"infobox\"><details class=\"readmore\" open><summary><strong>1 custom rule:</strong></summary> Force Open Team Sheets</details></div>\n|clearpoke\n|poke|p1|Kangaskhan, L50, F|\n|poke|p1|Incineroar, L50, F|\n|poke|p1|Sinistcha, L50|\n|poke|p1|Aegislash, L50, M|\n|poke|p1|Rotom-Wash, L50|\n|poke|p1|Garchomp, L50, F|\n|poke|p2|Gengar, L50, F|\n|poke|p2|Gardevoir, L50, M|\n|poke|p2|Kingambit, L50, M|\n|poke|p2|Garchomp, L50, M|\n|poke|p2|Archaludon, L50, F|\n|poke|p2|Pelipper, L50, F|\n|teampreview|4\n|showteam|p1|Kangaskhan||Kangaskhanite|Scrappy|BodySlam,SuckerPunch,Crunch,Protect|||F|||50|]Incineroar||ChopleBerry|Intimidate|FlareBlitz,FakeOut,PartingShot,ThroatChop|||F|||50|]Sinistcha||SitrusBerry|Hospitality|MatchaGotcha,RagePowder,LifeDew,Protect||||||50|]Aegislash||SpellTag|StanceChange|ShadowBall,FlashCannon,ShadowSneak,KingsShield|||M|||50|]Rotom-Wash||ChoiceScarf|Levitate|HydroPump,VoltSwitch,Electroweb,Discharge||||||50|]Garchomp||FocusSash|RoughSkin|Earthquake,StompingTantrum,DragonClaw,Protect|||F|||50|\n|showteam|p2|Gengar||Gengarite|CursedBody|SludgeWave,ShadowBall,Protect,Taunt|||F|||50|]Gardevoir||ChoiceScarf|Telepathy|Psychic,DazzlingGleam,AuraSphere,Trick|||M|||50|]Kingambit||LumBerry|Defiant|Assurance,IronHead,SuckerPunch,SwordsDance|||M|||50|]Garchomp||WhiteHerb|RoughSkin|Earthquake,DragonClaw,RockSlide,Protect|||M|||50|]Archaludon||ChestoBerry|Stalwart|ElectroShot,FlashCannon,Protect,Rest|||F|||50|]Pelipper||FocusSash|Drizzle|WeatherBall,Hurricane,Tailwind,Protect|||F|||50|\n|c|\u2606itonia|lets go kang gang\n|j| TaxiCAB2\n|c|\u2606MajorStar|lets goooo\n|c|\u2606MajorStar|glhf\n|\n|t:|1775952604\n|teamsize|p1|4\n|teamsize|p2|4\n|start\n|switch|p1a: Kangaskhan|Kangaskhan, L50, F|100/100\n|switch|p1b: Rotom|Rotom-Wash, L50|100/100\n|switch|p2a: Gengar|Gengar, L50, F|100/100\n|switch|p2b: Gardevoir|Gardevoir, L50, M|100/100\n|turn|1\n|\n|t:|1775952622\n|detailschange|p2a: Gengar|Gengar-Mega, L50, F\n|-mega|p2a: Gengar|Gengar|Gengarite\n|detailschange|p1a: Kangaskhan|Kangaskhan-Mega, L50, F\n|-mega|p1a: Kangaskhan|Kangaskhan|Kangaskhanite\n|move|p2a: Gengar|Protect|p2a: Gengar\n|-singleturn|p2a: Gengar|Protect\n|move|p1b: Rotom|Electroweb|p2b: Gardevoir|[spread] \n|-activate|p2a: Gengar|move: Protect\n|-miss|p1b: Rotom|p2b: Gardevoir\n|move|p2b: Gardevoir|Aura Sphere|p1a: Kangaskhan\n|-supereffective|p1a: Kangaskhan|1\n|-damage|p1a: Kangaskhan|58/100\n|move|p1a: Kangaskhan|Crunch|p2a: Gengar\n|-activate|p2a: Gengar|move: Protect\n|\n|upkeep\n|turn|2\n|\n|t:|1775952638\n|switch|p2a: Garchomp|Garchomp, L50, M|100/100\n|move|p1a: Kangaskhan|Protect|p1a: Kangaskhan\n|-singleturn|p1a: Kangaskhan|Protect\n|move|p1b: Rotom|Electroweb|p2b: Gardevoir|[spread] p2b\n|-immune|p2a: Garchomp\n|-damage|p2b: Gardevoir|81/100\n|-unboost|p2b: Gardevoir|spe|1\n|move|p2b: Gardevoir|Aura Sphere|p1a: Kangaskhan\n|-activate|p1a: Kangaskhan|move: Protect\n|\n|upkeep\n|turn|3\n|\n|t:|1775952658\n|move|p1b: Rotom|Electroweb|p2b: Gardevoir|[spread] p2b\n|-immune|p2a: Garchomp\n|-damage|p2b: Gardevoir|62/100\n|-unboost|p2b: Gardevoir|spe|1\n|move|p2a: Garchomp|Earthquake|p1b: Rotom|[spread] p1a\n|-activate|p2b: Gardevoir|ability: Telepathy\n|-immune|p1b: Rotom|[from] ability: Levitate\n|-damage|p1a: Kangaskhan|28/100\n|move|p1a: Kangaskhan|Body Slam|p2b: Gardevoir\n|-damage|p2b: Gardevoir|0 fnt\n|faint|p2b: Gardevoir\n|-hitcount|p2: Gardevoir|1\n|\n|upkeep\n|\n|t:|1775952671\n|switch|p2b: Gengar|Gengar-Mega, L50, F|100/100\n|turn|4\n|\n|t:|1775952677\n|move|p2b: Gengar|Protect|p2b: Gengar\n|-singleturn|p2b: Gengar|Protect\n|move|p1a: Kangaskhan|Protect|p1a: Kangaskhan\n|-singleturn|p1a: Kangaskhan|Protect\n|move|p1b: Rotom|Electroweb|p2a: Garchomp|[spread] \n|-activate|p2b: Gengar|move: Protect\n|-immune|p2a: Garchomp\n|move|p2a: Garchomp|Earthquake|p1b: Rotom|[spread] \n|-activate|p2b: Gengar|move: Protect\n|-activate|p1a: Kangaskhan|move: Protect\n|-immune|p1b: Rotom|[from] ability: Levitate\n|\n|upkeep\n|turn|5\n|\n|t:|1775952687\n|switch|p2b: Kingambit|Kingambit, L50, M|100/100\n|move|p1b: Rotom|Electroweb|p2b: Kingambit|[spread] p2b\n|-immune|p2a: Garchomp\n|-damage|p2b: Kingambit|85/100\n|-unboost|p2b: Kingambit|spe|1\n|-ability|p2b: Kingambit|Defiant|boost\n|-boost|p2b: Kingambit|atk|2\n|move|p2a: Garchomp|Dragon Claw|p1a: Kangaskhan\n|-crit|p1a: Kangaskhan\n|-damage|p1a: Kangaskhan|0 fnt\n|faint|p1a: Kangaskhan\n|\n|upkeep\n|\n|t:|1775952693\n|switch|p1a: Garchomp|Garchomp, L50, F|100/100\n|turn|6\n|\n|t:|1775952710\n|move|p2a: Garchomp|Protect|p2a: Garchomp\n|-singleturn|p2a: Garchomp|Protect\n|move|p2b: Kingambit|Sucker Punch|p1a: Garchomp\n|-damage|p1a: Garchomp|22/100\n|-damage|p2b: Kingambit|72/100|[from] ability: Rough Skin|[of] p1a: Garchomp\n|move|p1b: Rotom|Electroweb|p2b: Kingambit|[spread] p2b\n|-activate|p2a: Garchomp|move: Protect\n|-damage|p2b: Kingambit|56/100\n|-unboost|p2b: Kingambit|spe|1\n|-ability|p2b: Kingambit|Defiant|boost\n|-boost|p2b: Kingambit|atk|2\n|move|p1a: Garchomp|Earthquake|p2a: Garchomp|[spread] p2b\n|-activate|p2a: Garchomp|move: Protect\n|-immune|p1b: Rotom|[from] ability: Levitate\n|-supereffective|p2b: Kingambit|1\n|-damage|p2b: Kingambit|0 fnt\n|faint|p2b: Kingambit\n|\n|upkeep\n|\n|t:|1775952724\n|switch|p2b: Gengar|Gengar-Mega, L50, F|100/100\n|turn|7\n|\n|t:|1775952730\n|move|p2b: Gengar|Protect|p2b: Gengar\n|-singleturn|p2b: Gengar|Protect\n|move|p1a: Garchomp|Protect|p1a: Garchomp\n|-singleturn|p1a: Garchomp|Protect\n|move|p1b: Rotom|Electroweb|p2b: Gengar|[spread] \n|-activate|p2b: Gengar|move: Protect\n|-immune|p2a: Garchomp\n|move|p2a: Garchomp|Earthquake|p1b: Rotom|[spread] \n|-activate|p2b: Gengar|move: Protect\n|-activate|p1a: Garchomp|move: Protect\n|-immune|p1b: Rotom|[from] ability: Levitate\n|\n|upkeep\n|turn|8\n|\n|t:|1775952744\n|move|p1b: Rotom|Electroweb|p2a: Garchomp|[spread] p2b\n|-immune|p2a: Garchomp\n|-damage|p2b: Gengar|74/100\n|-unboost|p2b: Gengar|spe|1\n|move|p2a: Garchomp|Rock Slide|p1b: Rotom|[spread] p1a,p1b\n|-resisted|p1a: Garchomp|1\n|-damage|p1a: Garchomp|13/100\n|-damage|p1b: Rotom|74/100\n|move|p1a: Garchomp|Earthquake|p2b: Gengar|[spread] p2a,p2b\n|-immune|p1b: Rotom|[from] ability: Levitate\n|-supereffective|p2b: Gengar|1\n|-damage|p2a: Garchomp|61/100\n|-damage|p2b: Gengar|0 fnt\n|faint|p2b: Gengar\n|\n|upkeep\n|turn|9\n|\n|t:|1775952758\n|move|p1b: Rotom|Electroweb|p2a: Garchomp\n|-immune|p2a: Garchomp\n|move|p1a: Garchomp|Dragon Claw|p2a: Garchomp\n|-supereffective|p2a: Garchomp|1\n|-damage|p2a: Garchomp|0 fnt\n|-damage|p1a: Garchomp|0 fnt|[from] ability: Rough Skin|[of] p2a: Garchomp\n|faint|p2a: Garchomp\n|faint|p1a: Garchomp\n|\n|win|MajorStar\n|n|\u2606MajorStar|majorstar\n|n|\u2606itonia|itonia\n|n| TaxiCAB2|taxicab2\n|c|\u2606itonia|gg\n|c|\u2606MajorStar|ggs wp\n",
  "uploadtime": 1775952767,
  "views": 16,
  "formatid": "gen9championsvgc2026regma",
  "rating": null,
  "private": 0,
  "password": null
}