{
  "id": "gen9championsvgc2026regma-2581557546",
  "format": "[Gen 9 Champions] VGC 2026 Reg M-A",
  "players": [
    "Jinhiko",
    "LordSpectreX"
  ],
  "log": "|j|\u2606Jinhiko\n|j|\u2606LordSpectreX\n|t:|1776010794\n|gametype|doubles\n|player|p1|Jinhiko|2|1060\n|player|p2|LordSpectreX|265|1132\n|gen|9\n|tier|[Gen 9 Champions] VGC 2026 Reg M-A\n|rated|\n|rule|Species Clause: Limit one of each Pok\u00e9mon\n|rule|Item Clause: Limit 1 of each item\n|clearpoke\n|poke|p1|Aegislash, L50, M|\n|poke|p1|Maushold-Four, L50|\n|poke|p1|Gyarados, L50, M|\n|poke|p1|Aerodactyl, L50, M|\n|poke|p1|Venusaur, L50, F|\n|poke|p1|Incineroar, L50, M|\n|poke|p2|Gardevoir, L50, M|\n|poke|p2|Aerodactyl, L50, F|\n|poke|p2|Sneasler, L50, F|\n|poke|p2|Sableye, L50, M|\n|poke|p2|Orthworm, L50, M|\n|poke|p2|Ceruledge, L50, F|\n|teampreview|4\n|inactive|Battle timer is ON: inactive players will automatically lose when time's up. (requested by Jinhiko)\n|inactive|Jinhiko has 60 seconds left.\n|inactive|LordSpectreX has 60 seconds left.\n|\n|t:|1776010840\n|teamsize|p1|4\n|teamsize|p2|4\n|start\n|switch|p1a: Aegislash|Aegislash, L50, M, shiny|100/100\n|switch|p1b: Incineroar|Incineroar, L50, M, shiny|100/100\n|switch|p2a: Sableye|Sableye, L50, M|100/100\n|switch|p2b: Gardevoir|Gardevoir, L50, M|100/100\n|-ability|p2b: Gardevoir|Intimidate|Trace|[from] ability: Trace|[of] p1b: Incineroar\n|-ability|p2b: Gardevoir|Intimidate|boost\n|-unboost|p1a: Aegislash|atk|1\n|-unboost|p1b: Incineroar|atk|1\n|-ability|p1b: Incineroar|Intimidate|boost\n|-unboost|p2a: Sableye|atk|1\n|-unboost|p2b: Gardevoir|atk|1\n|turn|1\n|inactive|Jinhiko has 30 seconds left.\n|inactive|LordSpectreX has 30 seconds left.\n|inactive|LordSpectreX has 20 seconds left.\n|\n|t:|1776010878\n|detailschange|p2b: Gardevoir|Gardevoir-Mega, L50, M\n|-mega|p2b: Gardevoir|Gardevoir|Gardevoirite\n|move|p1b: Incineroar|Fake Out|p2b: Gardevoir\n|-damage|p2b: Gardevoir|90/100\n|move|p2a: Sableye|Will-O-Wisp|p1a: Aegislash|[miss]\n|-miss|p2a: Sableye|p1a: Aegislash\n|cant|p2b: Gardevoir|flinch\n|-formechange|p1a: Aegislash|Aegislash-Blade|\n|move|p1a: Aegislash|Iron Head|p2b: Gardevoir\n|-supereffective|p2b: Gardevoir|1\n|-damage|p2b: Gardevoir|0 fnt\n|faint|p2b: Gardevoir\n|\n|upkeep\n|\n|t:|1776010886\n|switch|p2b: Orthworm|Orthworm, L50, M|100/100\n|turn|2\n|\n|t:|1776010897\n|-formechange|p1a: Aegislash|Aegislash|\n|move|p1a: Aegislash|King's Shield|p1a: Aegislash\n|-singleturn|p1a: Aegislash|Protect\n|move|p2a: Sableye|Encore|p1b: Incineroar\n|-hint|Since gen 7, Dark is immune to Prankster moves.\n|-immune|p1b: Incineroar\n|move|p1b: Incineroar|Flare Blitz|p2b: Orthworm\n|-supereffective|p2b: Orthworm|1\n|-damage|p2b: Orthworm|60/100\n|-damage|p1b: Incineroar|88/100|[from] Recoil\n|move|p2b: Orthworm|Shed Tail|p2b: Orthworm\n|-start|p2b: Orthworm|Substitute|[from] move: Shed Tail\n|-damage|p2b: Orthworm|10/100\n|-enditem|p2b: Orthworm|Sitrus Berry|[eat]\n|-heal|p2b: Orthworm|34/100|[from] item: Sitrus Berry\n|\n|t:|1776010908\n|switch|p2b: Ceruledge|Ceruledge, L50, F|100/100|[from] Shed Tail\n|\n|upkeep\n|turn|3\n|\n|t:|1776010920\n|switch|p1a: Maushold|Maushold-Four, L50, shiny|100/100\n|move|p2a: Sableye|Will-O-Wisp|p1a: Maushold\n|-status|p1a: Maushold|brn\n|-enditem|p1a: Maushold|Lum Berry|[eat]\n|-curestatus|p1a: Maushold|brn|[msg]\n|move|p2b: Ceruledge|Bulk Up|p2b: Ceruledge\n|-boost|p2b: Ceruledge|atk|1\n|-boost|p2b: Ceruledge|def|1\n|move|p1b: Incineroar|Darkest Lariat|p2b: Ceruledge\n|-supereffective|p2b: Ceruledge|1\n|-end|p2b: Ceruledge|Substitute\n|\n|upkeep\n|turn|4\n|\n|t:|1776010940\n|move|p2a: Sableye|Sunny Day|p2a: Sableye\n|-weather|SunnyDay\n|move|p1a: Maushold|Taunt|p2a: Sableye\n|-start|p2a: Sableye|move: Taunt\n|-enditem|p2a: Sableye|Mental Herb\n|-end|p2a: Sableye|move: Taunt\n|move|p2b: Ceruledge|Bitter Blade|p1a: Maushold\n|-damage|p1a: Maushold|0 fnt\n|faint|p1a: Maushold\n|move|p1b: Incineroar|Darkest Lariat|p2b: Ceruledge\n|-supereffective|p2b: Ceruledge|1\n|-damage|p2b: Ceruledge|43/100\n|\n|-weather|SunnyDay|[upkeep]\n|upkeep\n|\n|t:|1776010953\n|switch|p1a: Aegislash|Aegislash, L50, M, shiny|100/100\n|turn|5\n|\n|t:|1776010960\n|move|p2b: Ceruledge|Protect|p2b: Ceruledge\n|-singleturn|p2b: Ceruledge|Protect\n|move|p1a: Aegislash|King's Shield|p1a: Aegislash\n|-singleturn|p1a: Aegislash|Protect\n|move|p2a: Sableye|Will-O-Wisp|p1a: Aegislash\n|-status|p1a: Aegislash|brn\n|move|p1b: Incineroar|Darkest Lariat|p2b: Ceruledge\n|-activate|p2b: Ceruledge|move: Protect\n|\n|-weather|SunnyDay|[upkeep]\n|-damage|p1a: Aegislash|95/100 brn|[from] brn\n|upkeep\n|turn|6\n|inactive|LordSpectreX has 30 seconds left.\n|\n|t:|1776010989\n|switch|p1a: Gyarados|Gyarados, L50, M, shiny|100/100\n|-ability|p1a: Gyarados|Intimidate|boost\n|-unboost|p2a: Sableye|atk|1\n|-unboost|p2b: Ceruledge|atk|1\n|move|p2a: Sableye|Encore||[still]\n|-fail|p2a: Sableye\n|move|p2b: Ceruledge|Bitter Blade|p1b: Incineroar\n|-resisted|p1b: Incineroar|1\n|-damage|p1b: Incineroar|63/100\n|-heal|p2b: Ceruledge|57/100|[from] drain|[of] p1b: Incineroar\n|move|p1b: Incineroar|Flare Blitz|p2b: Ceruledge\n|-start|p2b: Ceruledge|ability: Flash Fire\n|\n|-weather|SunnyDay|[upkeep]\n|upkeep\n|turn|7\n|\n|t:|1776011011\n|detailschange|p1a: Gyarados|Gyarados-Mega, L50, M, shiny\n|-mega|p1a: Gyarados|Gyarados|Gyaradosite\n|-ability|p1a: Gyarados|Mold Breaker\n|move|p2a: Sableye|Will-O-Wisp|p1a: Gyarados\n|-hint|Since gen 7, Dark is immune to Prankster moves.\n|-immune|p1a: Gyarados\n|move|p1a: Gyarados|Crunch|p2b: Ceruledge\n|-supereffective|p2b: Ceruledge|1\n|-damage|p2b: Ceruledge|0 fnt\n|faint|p2b: Ceruledge\n|move|p1b: Incineroar|Flare Blitz|p2a: Sableye\n|-crit|p2a: Sableye\n|-damage|p2a: Sableye|0 fnt\n|faint|p2a: Sableye\n|-damage|p1b: Incineroar|36/100|[from] Recoil\n|-enditem|p1b: Incineroar|Sitrus Berry|[eat]\n|-heal|p1b: Incineroar|60/100|[from] item: Sitrus Berry\n|\n|-weather|SunnyDay|[upkeep]\n|upkeep\n|\n|t:|1776011020\n|switch|p2b: Orthworm|Orthworm, L50, M|34/100\n|turn|8\n|-message|LordSpectreX forfeited.\n|\n|win|Jinhiko\n|raw|Jinhiko's rating: 1060 &rarr; <strong>1097</strong><br />(+37 for winning)\n|raw|LordSpectreX's rating: 1132 &rarr; <strong>1102</strong><br />(-30 for losing)\n|l|\u2606LordSpectreX\n|player|p2|\n",
  "uploadtime": 1776011028,
  "views": 12,
  "formatid": "gen9championsvgc2026regma",
  "rating": 1097,
  "private": 0,
  "password": null
}