{
  "id": "gen9championsvgc2026regma-2586302912",
  "format": "[Gen 9 Champions] VGC 2026 Reg M-A",
  "players": [
    "bobak dotto",
    "Dop a da"
  ],
  "log": "|j|\u2606bobak dotto\n|j|\u2606Dop a da\n|t:|1776423181\n|gametype|doubles\n|player|p1|bobak dotto|265|1245\n|player|p2|Dop a da|266|1339\n|gen|9\n|tier|[Gen 9 Champions] VGC 2026 Reg M-A\n|rated|\n|rule|Species Clause: Limit one of each Pok\u00e9mon\n|rule|Item Clause: Limit 1 of each item\n|clearpoke\n|poke|p1|Lycanroc, L50, F|\n|poke|p1|Delphox, L50, F|\n|poke|p1|Tsareena, L50, F|\n|poke|p1|Hippowdon, L50, F|\n|poke|p1|Basculegion, L50, M|\n|poke|p1|Incineroar, L50, M|\n|poke|p2|Incineroar, L50, F|\n|poke|p2|Sneasler, L50, F|\n|poke|p2|Charizard, L50, M|\n|poke|p2|Venusaur, L50, F|\n|poke|p2|Garchomp, L50, M|\n|poke|p2|Whimsicott, L50, F|\n|teampreview|4\n|\n|t:|1776423213\n|teamsize|p1|4\n|teamsize|p2|4\n|start\n|switch|p1a: Lycanroc|Lycanroc, L50, F|100/100\n|switch|p1b: Incineroar|Incineroar, L50, M|100/100\n|switch|p2a: Garchomp|Garchomp, L50, M|100/100\n|switch|p2b: Whimsicott|Whimsicott, L50, F|100/100\n|-ability|p1b: Incineroar|Intimidate|boost\n|-unboost|p2a: Garchomp|atk|1\n|-unboost|p2b: Whimsicott|atk|1\n|turn|1\n|\n|t:|1776423240\n|move|p1b: Incineroar|Fake Out|p2a: Garchomp\n|-damage|p2a: Garchomp|86/100\n|-damage|p1b: Incineroar|88/100|[from] ability: Rough Skin|[of] p2a: Garchomp\n|move|p2b: Whimsicott|Tailwind|p2b: Whimsicott\n|-sidestart|p2: Dop a da|move: Tailwind\n|cant|p2a: Garchomp|flinch\n|move|p1a: Lycanroc|Rock Slide|p2b: Whimsicott|[spread] p2b\n|-miss|p1a: Lycanroc|p2a: Garchomp\n|-damage|p2b: Whimsicott|78/100\n|\n|upkeep\n|turn|2\n|\n|t:|1776423263\n|switch|p1b: Hippowdon|Hippowdon, L50, F|100/100\n|-weather|Sandstorm|[from] ability: Sand Stream|[of] p1b: Hippowdon\n|move|p1a: Lycanroc|Rock Slide|p2b: Whimsicott|[spread] p2a,p2b\n|-resisted|p2a: Garchomp|1\n|-damage|p2a: Garchomp|74/100\n|-damage|p2b: Whimsicott|55/100\n|move|p2a: Garchomp|Earthquake|p1b: Hippowdon|[spread] p2b,p1a,p1b\n|-resisted|p2b: Whimsicott|1\n|-supereffective|p1a: Lycanroc|1\n|-damage|p2b: Whimsicott|44/100\n|-damage|p1a: Lycanroc|10/100\n|-damage|p1b: Hippowdon|84/100\n|move|p2b: Whimsicott|Moonblast|p1b: Hippowdon\n|-damage|p1b: Hippowdon|63/100\n|\n|-weather|Sandstorm|[upkeep]\n|-damage|p2b: Whimsicott|38/100|[from] Sandstorm\n|-heal|p1b: Hippowdon|69/100|[from] item: Leftovers\n|upkeep\n|turn|3\n|inactive|Battle timer is ON: inactive players will automatically lose when time's up. (requested by bobak dotto)\n|\n|t:|1776423289\n|switch|p1b: Incineroar|Incineroar, L50, M|88/100\n|-ability|p1b: Incineroar|Intimidate|boost\n|-unboost|p2a: Garchomp|atk|1\n|-unboost|p2b: Whimsicott|atk|1\n|move|p2b: Whimsicott|Taunt|p1b: Incineroar\n|-hint|Since gen 7, Dark is immune to Prankster moves.\n|-immune|p1b: Incineroar\n|move|p1a: Lycanroc|Endeavor|p2a: Garchomp\n|-damage|p2a: Garchomp|8/100\n|-damage|p1a: Lycanroc|0 fnt|[from] ability: Rough Skin|[of] p2a: Garchomp\n|faint|p1a: Lycanroc\n|move|p2a: Garchomp|Earthquake|p1b: Incineroar|[spread] p2b,p1b\n|-resisted|p2b: Whimsicott|1\n|-supereffective|p1b: Incineroar|1\n|-enditem|p1b: Incineroar|Shuca Berry|[eat]\n|-enditem|p1b: Incineroar|Shuca Berry|[weaken]\n|-damage|p2b: Whimsicott|30/100\n|-damage|p1b: Incineroar|68/100\n|\n|-weather|Sandstorm|[upkeep]\n|-damage|p2b: Whimsicott|24/100|[from] Sandstorm\n|-damage|p1b: Incineroar|62/100|[from] Sandstorm\n|upkeep\n|\n|t:|1776423307\n|switch|p1a: Delphox|Delphox, L50, F|100/100\n|turn|4\n|inactive|Dop a da has 30 seconds left.\n|\n|t:|1776423337\n|switch|p2a: Incineroar|Incineroar, L50, F|100/100\n|-ability|p2a: Incineroar|Intimidate|boost\n|-unboost|p1a: Delphox|atk|1\n|-unboost|p1b: Incineroar|atk|1\n|switch|p2b: Charizard|Charizard, L50, M|100/100\n|detailschange|p1a: Delphox|Delphox-Mega, L50, F\n|-mega|p1a: Delphox|Delphox|Delphoxite\n|move|p1b: Incineroar|Fake Out|p2b: Charizard\n|-damage|p2b: Charizard|89/100\n|move|p1a: Delphox|Heat Wave|p2b: Charizard|[spread] p2a,p2b\n|-resisted|p2a: Incineroar|1\n|-resisted|p2b: Charizard|1\n|-damage|p2a: Incineroar|82/100\n|-damage|p2b: Charizard|60/100\n|\n|-weather|Sandstorm|[upkeep]\n|-damage|p2b: Charizard|54/100|[from] Sandstorm\n|-damage|p1a: Delphox|95/100|[from] Sandstorm\n|-damage|p2a: Incineroar|76/100|[from] Sandstorm\n|-damage|p1b: Incineroar|56/100|[from] Sandstorm\n|-sideend|p2: Dop a da|move: Tailwind\n|upkeep\n|turn|5\n|\n|t:|1776423361\n|detailschange|p2b: Charizard|Charizard-Mega-Y, L50, M\n|-mega|p2b: Charizard|Charizard|Charizardite Y\n|-weather|SunnyDay|[from] ability: Drought|[of] p2b: Charizard\n|move|p1a: Delphox|Protect|p1a: Delphox\n|-singleturn|p1a: Delphox|Protect\n|move|p2a: Incineroar|Fake Out|p1a: Delphox\n|-activate|p1a: Delphox|move: Protect\n|move|p2b: Charizard|Heat Wave|p1b: Incineroar|[spread] p1b\n|-activate|p1a: Delphox|move: Protect\n|-resisted|p1b: Incineroar|1\n|-damage|p1b: Incineroar|24/100\n|move|p1b: Incineroar|Parting Shot|p2a: Incineroar\n|-unboost|p2a: Incineroar|atk|1\n|-unboost|p2a: Incineroar|spa|1\n|\n|t:|1776423375\n|switch|p1b: Hippowdon|Hippowdon, L50, F|69/100|[from] Parting Shot\n|-weather|Sandstorm|[from] ability: Sand Stream|[of] p1b: Hippowdon\n|\n|-weather|Sandstorm|[upkeep]\n|-damage|p1a: Delphox|89/100|[from] Sandstorm\n|-damage|p2b: Charizard|48/100|[from] Sandstorm\n|-damage|p2a: Incineroar|70/100|[from] Sandstorm\n|-heal|p1b: Hippowdon|75/100|[from] item: Leftovers\n|upkeep\n|turn|6\n|\n|t:|1776423391\n|move|p2b: Charizard|Protect|p2b: Charizard\n|-singleturn|p2b: Charizard|Protect\n|move|p1a: Delphox|Substitute|p1a: Delphox\n|-start|p1a: Delphox|Substitute\n|-damage|p1a: Delphox|64/100\n|move|p2a: Incineroar|Parting Shot|p1a: Delphox\n|-unboost|p1a: Delphox|atk|1\n|-unboost|p1a: Delphox|spa|1\n|\n|t:|1776423406\n|switch|p2a: Whimsicott|Whimsicott, L50, F|24/100|[from] Parting Shot\n|move|p1b: Hippowdon|Yawn|p2a: Whimsicott\n|-start|p2a: Whimsicott|move: Yawn|[of] p1b: Hippowdon\n|\n|-weather|Sandstorm|[upkeep]\n|-damage|p1a: Delphox|58/100|[from] Sandstorm\n|-damage|p2b: Charizard|42/100|[from] Sandstorm\n|-damage|p2a: Whimsicott|18/100|[from] Sandstorm\n|-heal|p1b: Hippowdon|81/100|[from] item: Leftovers\n|upkeep\n|turn|7\n|\n|t:|1776423427\n|move|p2a: Whimsicott|Encore|p1a: Delphox\n|-start|p1a: Delphox|Encore\n|move|p1a: Delphox|Substitute|p1a: Delphox\n|-fail|p1a: Delphox|move: Substitute\n|move|p2b: Charizard|Weather Ball|p1a: Delphox\n|-supereffective|p1a: Delphox|1\n|-end|p1a: Delphox|Substitute\n|move|p1b: Hippowdon|Yawn|p2b: Charizard\n|-start|p2b: Charizard|move: Yawn|[of] p1b: Hippowdon\n|\n|-weather|Sandstorm|[upkeep]\n|-damage|p1a: Delphox|52/100|[from] Sandstorm\n|-damage|p2b: Charizard|37/100|[from] Sandstorm\n|-damage|p2a: Whimsicott|12/100|[from] Sandstorm\n|-heal|p1b: Hippowdon|87/100|[from] item: Leftovers\n|-end|p2a: Whimsicott|move: Yawn|[silent]\n|-status|p2a: Whimsicott|slp\n|upkeep\n|turn|8\n|l|\u2606Dop a da\n|inactive|Dop a da disconnected and has a minute to reconnect!\n|player|p2|\n|inactive|Dop a da has 30 seconds left.\n|inactive|Dop a da has 20 seconds left.\n|inactive|Dop a da has 15 seconds left.\n|inactive|Dop a da has 10 seconds left.\n|inactive|Dop a da has 5 seconds left.\n|-message|Dop a da lost due to inactivity.\n|\n|win|bobak dotto\n|raw|bobak dotto's rating: 1245 &rarr; <strong>1277</strong><br />(+32 for winning)\n|raw|Dop a da's rating: 1339 &rarr; <strong>1314</strong><br />(-25 for losing)\n",
  "uploadtime": 1776423486,
  "views": 49,
  "formatid": "gen9championsvgc2026regma",
  "rating": 1277,
  "private": 0,
  "password": null
}