{
  "id": "gen9championsvgc2026regma-2583008297",
  "format": "[Gen 9 Champions] VGC 2026 Reg M-A",
  "players": [
    "outsideisaforest",
    "UnloshTheWash"
  ],
  "log": "|j|\u2606outsideisaforest\n|j|\u203dUnloshTheWash\n|t:|1776132893\n|gametype|doubles\n|player|p1|outsideisaforest|aromalady|1445\n|player|p2|UnloshTheWash|red|1391\n|gen|9\n|tier|[Gen 9 Champions] VGC 2026 Reg M-A\n|rated|\n|rule|Species Clause: Limit one of each Pok\u00e9mon\n|rule|Item Clause: Limit 1 of each item\n|clearpoke\n|poke|p1|Aerodactyl, L50, F|\n|poke|p1|Rotom-Wash, L50|\n|poke|p1|Maushold-Four, L50|\n|poke|p1|Lucario, L50, F|\n|poke|p1|Aegislash, L50, M|\n|poke|p1|Hydreigon, L50, M|\n|poke|p2|Delphox, L50, M|\n|poke|p2|Mamoswine, L50, M|\n|poke|p2|Orthworm, L50, M|\n|poke|p2|Rotom-Wash, L50|\n|poke|p2|Maushold-Four, L50|\n|poke|p2|Sneasler, L50, M|\n|teampreview|4\n|inactive|Battle timer is ON: inactive players will automatically lose when time's up. (requested by outsideisaforest)\n|inactive|outsideisaforest has 60 seconds left.\n|inactive|UnloshTheWash has 60 seconds left.\n|\n|t:|1776132946\n|teamsize|p1|4\n|teamsize|p2|4\n|start\n|switch|p1a: Aegislash|Aegislash, L50, M|100/100\n|switch|p1b: Hydreigon|Hydreigon, L50, M|100/100\n|switch|p2a: Maushold|Maushold-Four, L50|100/100\n|switch|p2b: Delphox|Delphox, L50, M|100/100\n|turn|1\n|\n|t:|1776132959\n|move|p2b: Delphox|Protect|p2b: Delphox\n|-singleturn|p2b: Delphox|Protect\n|move|p1b: Hydreigon|Dark Pulse|p2a: Maushold\n|-damage|p2a: Maushold|57/100\n|cant|p2a: Maushold|flinch\n|-formechange|p1a: Aegislash|Aegislash-Blade|\n|move|p1a: Aegislash|Flash Cannon|p2a: Maushold\n|-damage|p2a: Maushold|8/100\n|\n|upkeep\n|turn|2\n|\n|t:|1776132972\n|detailschange|p2b: Delphox|Delphox-Mega, L50, M\n|-mega|p2b: Delphox|Delphox|Delphoxite\n|move|p1a: Aegislash|Wide Guard|p1a: Aegislash\n|-singleturn|p1a: Aegislash|Wide Guard\n|move|p2a: Maushold|Follow Me|p2a: Maushold\n|-singleturn|p2a: Maushold|move: Follow Me\n|move|p1b: Hydreigon|Dark Pulse|p2a: Maushold\n|-damage|p2a: Maushold|0 fnt\n|faint|p2a: Maushold\n|move|p2b: Delphox|Heat Wave|p1b: Hydreigon|[spread] \n|-activate|p1a: Aegislash|move: Wide Guard\n|-activate|p1b: Hydreigon|move: Wide Guard\n|\n|upkeep\n|\n|t:|1776132977\n|switch|p2a: Sneasler|Sneasler, L50, M|100/100\n|turn|3\n|\n|t:|1776132983\n|switch|p1a: Rotom|Rotom-Wash, L50|100/100\n|move|p1b: Hydreigon|Dark Pulse|p2b: Delphox\n|-supereffective|p2b: Delphox|1\n|-damage|p2b: Delphox|31/100\n|move|p2b: Delphox|Nasty Plot|p2b: Delphox\n|-boost|p2b: Delphox|spa|2\n|move|p2a: Sneasler|Close Combat|p1b: Hydreigon\n|-supereffective|p1b: Hydreigon|1\n|-crit|p1b: Hydreigon\n|-damage|p1b: Hydreigon|0 fnt\n|-unboost|p2a: Sneasler|def|1\n|-unboost|p2a: Sneasler|spd|1\n|faint|p1b: Hydreigon\n|-enditem|p2a: Sneasler|White Herb\n|-clearnegativeboost|p2a: Sneasler|[silent]\n|\n|upkeep\n|\n|t:|1776132990\n|switch|p1b: Aegislash|Aegislash, L50, M|100/100\n|turn|4\n|\n|t:|1776133003\n|move|p2a: Sneasler|Gunk Shot|p1a: Rotom|[miss]\n|-miss|p2a: Sneasler|p1a: Rotom\n|move|p2b: Delphox|Heat Wave|p1b: Aegislash|[spread] p1b\n|-miss|p2b: Delphox|p1a: Rotom\n|-supereffective|p1b: Aegislash|1\n|-damage|p1b: Aegislash|0 fnt\n|faint|p1b: Aegislash\n|move|p1a: Rotom|Will-O-Wisp|p2a: Sneasler\n|-status|p2a: Sneasler|brn\n|\n|-damage|p2a: Sneasler|94/100 brn|[from] brn\n|upkeep\n|\n|t:|1776133009\n|switch|p1b: Lucario|Lucario, L50, F|100/100\n|turn|5\n|\n|t:|1776133024\n|move|p2b: Delphox|Protect|p2b: Delphox\n|-singleturn|p2b: Delphox|Protect\n|move|p1b: Lucario|Protect|p1b: Lucario\n|-singleturn|p1b: Lucario|Protect\n|move|p2a: Sneasler|Close Combat|p1b: Lucario\n|-activate|p1b: Lucario|move: Protect\n|move|p1a: Rotom|Hydro Pump|p2b: Delphox\n|-activate|p2b: Delphox|move: Protect\n|\n|-damage|p2a: Sneasler|88/100 brn|[from] brn\n|upkeep\n|turn|6\n|\n|t:|1776133040\n|detailschange|p1b: Lucario|Lucario-Mega, L50, F\n|-mega|p1b: Lucario|Lucario|Lucarionite\n|move|p2a: Sneasler|Gunk Shot|p1a: Rotom|[miss]\n|-miss|p2a: Sneasler|p1a: Rotom\n|move|p2b: Delphox|Psychic|p1a: Rotom\n|-damage|p1a: Rotom|9/100\n|-enditem|p1a: Rotom|Sitrus Berry|[eat]\n|-heal|p1a: Rotom|34/100|[from] item: Sitrus Berry\n|move|p1b: Lucario|Meteor Mash|p2a: Sneasler\n|-damage|p2a: Sneasler|0 fnt\n|faint|p2a: Sneasler\n|move|p1a: Rotom|Hydro Pump|p2b: Delphox\n|-supereffective|p2b: Delphox|1\n|-damage|p2b: Delphox|0 fnt\n|faint|p2b: Delphox\n|\n|upkeep\n|\n|t:|1776133045\n|switch|p2b: Mamoswine|Mamoswine, L50, M|100/100\n|turn|7\n|\n|t:|1776133052\n|move|p2b: Mamoswine|Protect|p2b: Mamoswine\n|-singleturn|p2b: Mamoswine|Protect\n|move|p1b: Lucario|Close Combat|p2b: Mamoswine\n|-activate|p2b: Mamoswine|move: Protect\n|move|p1a: Rotom|Will-O-Wisp|p2b: Mamoswine\n|-activate|p2b: Mamoswine|move: Protect\n|\n|upkeep\n|turn|8\n|\n|t:|1776133059\n|move|p1b: Lucario|Substitute|p1b: Lucario\n|-start|p1b: Lucario|Substitute\n|-damage|p1b: Lucario|76/100\n|move|p2b: Mamoswine|Earthquake|p1b: Lucario|[spread] p1b\n|-immune|p1a: Rotom|[from] ability: Levitate\n|-supereffective|p1b: Lucario|1\n|-end|p1b: Lucario|Substitute\n|move|p1a: Rotom|Will-O-Wisp|p2b: Mamoswine\n|-status|p2b: Mamoswine|brn\n|\n|-damage|p2b: Mamoswine|95/100 brn|[from] brn\n|upkeep\n|turn|9\n|-message|UnloshTheWash forfeited.\n|\n|win|outsideisaforest\n|raw|outsideisaforest's rating: 1445 &rarr; <strong>1462</strong><br />(+17 for winning)\n|raw|UnloshTheWash's rating: 1391 &rarr; <strong>1374</strong><br />(-17 for losing)\n|l|\u2606outsideisaforest\n|player|p1|\n",
  "uploadtime": 1776133067,
  "views": 24,
  "formatid": "gen9championsvgc2026regma",
  "rating": 1374,
  "private": 0,
  "password": null
}