{
  "id": "gen9championsvgc2026regma-2587273106",
  "format": "[Gen 9 Champions] VGC 2026 Reg M-A",
  "players": [
    "mincinnobello",
    "Avocanoodle"
  ],
  "log": "|j|\u2606mincinnobello\n|j|\u2606Avocanoodle\n|t:|1776517030\n|gametype|doubles\n|player|p1|mincinnobello|102|1079\n|player|p2|Avocanoodle|sonia-professor|1117\n|gen|9\n|tier|[Gen 9 Champions] VGC 2026 Reg M-A\n|rated|\n|rule|Species Clause: Limit one of each Pok\u00e9mon\n|rule|Item Clause: Limit 1 of each item\n|clearpoke\n|poke|p1|Meganium, L50, M|\n|poke|p1|Pelipper, L50, F|\n|poke|p1|Sneasler, L50, M|\n|poke|p1|Whimsicott, L50, F|\n|poke|p1|Ninetales-Alola, L50, F|\n|poke|p1|Scizor, L50, F|\n|poke|p2|Mudsdale, L50, M|\n|poke|p2|Maushold-Four, L50|\n|poke|p2|Feraligatr, L50, F|\n|poke|p2|Volcarona, L50, F, shiny|\n|poke|p2|Aegislash, L50, F|\n|poke|p2|Rotom-Mow, L50|\n|teampreview|4\n|inactive|Battle timer is ON: inactive players will automatically lose when time's up. (requested by Avocanoodle)\n|inactive|Avocanoodle has 60 seconds left.\nmincinnobello rejected open team sheets.\n|\n|t:|1776517078\n|teamsize|p1|4\n|teamsize|p2|4\n|start\n|switch|p1a: Sneasler|Sneasler, L50, M|100/100\n|switch|p1b: Whimsicott|Whimsicott, L50, F|100/100\n|switch|p2a: Volcarona|Volcarona, L50, F, shiny|100/100\n|switch|p2b: Aegislash|Aegislash, L50, F|100/100\n|turn|1\n|\n|t:|1776517106\n|switch|p1b: Pelipper|Pelipper, L50, F|100/100\n|-weather|RainDance|[from] ability: Drizzle|[of] p1b: Pelipper\n|switch|p2a: Mudsdale|Mudsdale, L50, M|100/100\n|move|p1a: Sneasler|Dire Claw|p2a: Mudsdale\n|-resisted|p2a: Mudsdale|1\n|-damage|p2a: Mudsdale|82/100\n|-status|p2a: Mudsdale|par\n|-ability|p2a: Mudsdale|Stamina|boost\n|-boost|p2a: Mudsdale|def|1\n|-formechange|p2b: Aegislash|Aegislash-Blade|\n|move|p2b: Aegislash|Poltergeist|p1b: Pelipper\n|-activate|p1b: Pelipper|move: Poltergeist|Sitrus Berry\n|-damage|p1b: Pelipper|38/100\n|-enditem|p1b: Pelipper|Sitrus Berry|[eat]\n|-heal|p1b: Pelipper|62/100|[from] item: Sitrus Berry\n|\n|-weather|RainDance|[upkeep]\n|-heal|p2a: Mudsdale|88/100 par|[from] item: Leftovers\n|upkeep\n|turn|2\n|inactive|mincinnobello has 30 seconds left.\n|inactive|Avocanoodle has 30 seconds left.\n|inactive|mincinnobello has 20 seconds left.\n|inactive|Avocanoodle has 20 seconds left.\n|inactive|mincinnobello has 15 seconds left.\n|\n|t:|1776517151\n|switch|p1a: Meganium|Meganium, L50, M|100/100\n|switch|p2b: Feraligatr|Feraligatr, L50, F|100/100\n|move|p1b: Pelipper|Tailwind|p1b: Pelipper\n|-sidestart|p1: mincinnobello|move: Tailwind\n|cant|p2a: Mudsdale|par\n|\n|-weather|RainDance|[upkeep]\n|-heal|p2a: Mudsdale|94/100 par|[from] item: Leftovers\n|upkeep\n|turn|3\n|inactive|mincinnobello has 30 seconds left.\n|\n|t:|1776517177\n|detailschange|p1a: Meganium|Meganium-Mega, L50, M\n|-mega|p1a: Meganium|Meganium|Meganiumite\n|detailschange|p2b: Feraligatr|Feraligatr-Mega, L50, F\n|-mega|p2b: Feraligatr|Feraligatr|Feraligite\n|move|p2a: Mudsdale|Protect|p2a: Mudsdale\n|-singleturn|p2a: Mudsdale|Protect\n|move|p1a: Meganium|Solar Beam||[still]\n|-prepare|p1a: Meganium|Solar Beam\n|-activate|p1a: Meganium|ability: Mega Sol\n|-anim|p1a: Meganium|Solar Beam|p2b: Feraligatr\n|-damage|p2b: Feraligatr|37/100\n|move|p1b: Pelipper|Muddy Water|p2b: Feraligatr|[spread] p2b\n|-activate|p2a: Mudsdale|move: Protect\n|-resisted|p2b: Feraligatr|2\n|-damage|p2b: Feraligatr|30/100\n|move|p2b: Feraligatr|Double-Edge|p1b: Pelipper\n|-damage|p1b: Pelipper|0 fnt\n|faint|p1b: Pelipper\n|-damage|p2b: Feraligatr|12/100|[from] Recoil\n|\n|-weather|RainDance|[upkeep]\n|-heal|p2a: Mudsdale|99/100 par|[from] item: Leftovers\n|upkeep\n|\n|t:|1776517197\n|switch|p1b: Whimsicott|Whimsicott, L50, F|100/100\n|turn|4\n|inactive|Avocanoodle has 30 seconds left.\n|inactive|Avocanoodle has 20 seconds left.\n|inactive|Avocanoodle has 15 seconds left.\n|inactive|Avocanoodle has 10 seconds left.\n|\n|t:|1776517246\n|switch|p2b: Volcarona|Volcarona, L50, F, shiny|100/100\n|move|p1b: Whimsicott|Moonblast|p2b: Volcarona\n|-resisted|p2b: Volcarona|1\n|-damage|p2b: Volcarona|91/100\n|move|p1a: Meganium|Solar Beam||[still]\n|-prepare|p1a: Meganium|Solar Beam\n|-activate|p1a: Meganium|ability: Mega Sol\n|-anim|p1a: Meganium|Solar Beam|p2a: Mudsdale\n|-supereffective|p2a: Mudsdale|1\n|-damage|p2a: Mudsdale|0 fnt\n|faint|p2a: Mudsdale\n|\n|-weather|RainDance|[upkeep]\n|upkeep\n|\n|t:|1776517260\n|switch|p2a: Aegislash|Aegislash, L50, F|100/100\n|turn|5\n|\n|t:|1776517272\n|move|p1b: Whimsicott|Protect|p1b: Whimsicott\n|-singleturn|p1b: Whimsicott|Protect\n|move|p2a: Aegislash|King's Shield|p2a: Aegislash\n|-singleturn|p2a: Aegislash|Protect\n|move|p1a: Meganium|Weather Ball|p2a: Aegislash\n|-activate|p2a: Aegislash|move: Protect\n|move|p2b: Volcarona|Mystical Fire|p1a: Meganium\n|-supereffective|p1a: Meganium|1\n|-damage|p1a: Meganium|77/100\n|-unboost|p1a: Meganium|spa|1\n|\n|-weather|none\n|-sideend|p1: mincinnobello|move: Tailwind\n|upkeep\n|turn|6\n|\n|t:|1776517293\n|switch|p1a: Sneasler|Sneasler, L50, M|100/100\n|switch|p2a: Feraligatr|Feraligatr-Mega, L50, F|12/100\n|move|p1b: Whimsicott|Encore||[still]\n|-fail|p1b: Whimsicott\n|move|p2b: Volcarona|Mystical Fire|p1b: Whimsicott\n|-supereffective|p1b: Whimsicott|1\n|-damage|p1b: Whimsicott|29/100\n|-unboost|p1b: Whimsicott|spa|1\n|\n|upkeep\n|turn|7\n|inactive|Avocanoodle has 30 seconds left.\n|\n|t:|1776517323\n|move|p2a: Feraligatr|Aqua Jet|p1a: Sneasler\n|-damage|p1a: Sneasler|54/100\n|move|p1a: Sneasler|Dire Claw|p2b: Volcarona\n|-damage|p2b: Volcarona|51/100\n|-status|p2b: Volcarona|par\n|move|p1b: Whimsicott|Moonblast|p2a: Feraligatr\n|-supereffective|p2a: Feraligatr|1\n|-damage|p2a: Feraligatr|0 fnt\n|faint|p2a: Feraligatr\n|move|p2b: Volcarona|Mystical Fire|p1b: Whimsicott\n|-supereffective|p1b: Whimsicott|1\n|-damage|p1b: Whimsicott|0 fnt\n|faint|p1b: Whimsicott\n|\n|upkeep\n|\n|t:|1776517336\n|switch|p1b: Meganium|Meganium-Mega, L50, M|77/100\n|switch|p2a: Aegislash|Aegislash, L50, F|100/100\n|turn|8\n|\n|t:|1776517358\n|move|p1a: Sneasler|Protect|p1a: Sneasler\n|-singleturn|p1a: Sneasler|Protect\n|move|p1b: Meganium|Protect|p1b: Meganium\n|-singleturn|p1b: Meganium|Protect\n|move|p2a: Aegislash|King's Shield|p2a: Aegislash\n|-singleturn|p2a: Aegislash|Protect\n|move|p2b: Volcarona|Mystical Fire|p1b: Meganium\n|-activate|p1b: Meganium|move: Protect\n|\n|upkeep\n|turn|9\n|\n|t:|1776517381\n|cant|p2b: Volcarona|par\n|move|p1a: Sneasler|Dire Claw|p2b: Volcarona\n|-damage|p2b: Volcarona|10/100 par\n|-enditem|p2b: Volcarona|Sitrus Berry|[eat]\n|-heal|p2b: Volcarona|35/100 par|[from] item: Sitrus Berry\n|move|p1b: Meganium|Weather Ball|p2a: Aegislash\n|-supereffective|p2a: Aegislash|1\n|-damage|p2a: Aegislash|6/100\n|-formechange|p2a: Aegislash|Aegislash-Blade|\n|move|p2a: Aegislash|Iron Head|p1b: Meganium\n|-supereffective|p1b: Meganium|1\n|-damage|p1b: Meganium|0 fnt\n|faint|p1b: Meganium\n|\n|upkeep\n|turn|10\n|-message|mincinnobello forfeited.\n|\n|win|Avocanoodle\n|raw|mincinnobello's rating: 1079 &rarr; <strong>1060</strong><br />(-19 for losing)\n|raw|Avocanoodle's rating: 1117 &rarr; <strong>1139</strong><br />(+22 for winning)\n",
  "uploadtime": 1776517396,
  "views": 17,
  "formatid": "gen9championsvgc2026regma",
  "rating": 1060,
  "private": 0,
  "password": null
}