{
  "id": "gen9championsvgc2026regma-2587932274",
  "format": "[Gen 9 Champions] VGC 2026 Reg M-A",
  "players": [
    "aggsapphire",
    "fl1me2th3m00n"
  ],
  "log": "|j|\u2606aggsapphire\n|j|\u2606fl1me2th3m00n\n|t:|1776580927\n|gametype|doubles\n|player|p1|aggsapphire|265|1324\n|player|p2|fl1me2th3m00n|1|1425\n|gen|9\n|tier|[Gen 9 Champions] VGC 2026 Reg M-A\n|rated|\n|rule|Species Clause: Limit one of each Pok\u00e9mon\n|rule|Item Clause: Limit 1 of each item\n|clearpoke\n|poke|p1|Floette-Eternal, L50, F|\n|poke|p1|Corviknight, L50, F|\n|poke|p1|Sinistcha, L50|\n|poke|p1|Politoed, L50, F|\n|poke|p1|Tyranitar, L50, F|\n|poke|p1|Incineroar, L50, F|\n|poke|p2|Gengar, L50, M|\n|poke|p2|Politoed, L50, F|\n|poke|p2|Basculegion, L50, M|\n|poke|p2|Incineroar, L50, F|\n|poke|p2|Archaludon, L50, M|\n|poke|p2|Sneasler, L50, F|\n|teampreview|4\n|inactive|Battle timer is ON: inactive players will automatically lose when time's up. (requested by fl1me2th3m00n)\n|\n|t:|1776580970\n|teamsize|p1|4\n|teamsize|p2|4\n|start\n|switch|p1a: Floette|Floette-Eternal, L50, F|100/100\n|switch|p1b: Incineroar|Incineroar, L50, F|100/100\n|switch|p2a: Ginger|Gengar, L50, M|100/100\n|switch|p2b: Politoaoed|Politoed, L50, F|100/100\n|-weather|RainDance|[from] ability: Drizzle|[of] p2b: Politoaoed\n|-ability|p1b: Incineroar|Intimidate|boost\n|-unboost|p2a: Ginger|atk|1\n|-unboost|p2b: Politoaoed|atk|1\n|turn|1\n|\n|t:|1776580988\n|switch|p1a: Sinistcha|Sinistcha, L50|100/100\n|detailschange|p2a: Ginger|Gengar-Mega, L50, M\n|-mega|p2a: Ginger|Gengar|Gengarite\n|move|p2b: Politoaoed|Helping Hand|p2a: Ginger\n|-singleturn|p2a: Ginger|Helping Hand|[of] p2b: Politoaoed\n|move|p2a: Ginger|Sludge Bomb|p1a: Sinistcha\n|-damage|p1a: Sinistcha|16/100\n|-status|p1a: Sinistcha|psn\n|-enditem|p1a: Sinistcha|Sitrus Berry|[eat]\n|-heal|p1a: Sinistcha|41/100 psn|[from] item: Sitrus Berry\n|move|p1b: Incineroar|Throat Chop|p2a: Ginger\n|-supereffective|p2a: Ginger|1\n|-crit|p2a: Ginger\n|-damage|p2a: Ginger|0 fnt\n|faint|p2a: Ginger\n|\n|-weather|RainDance|[upkeep]\n|-damage|p1a: Sinistcha|29/100 psn|[from] psn\n|upkeep\n|inactive|fl1me2th3m00n has 30 seconds left.\n|\n|t:|1776581017\n|switch|p2a: Arcalewdon|Archaludon, L50, M|100/100\n|turn|2\n|j| Xheadhonchkrow\n|l| Xheadhonchkrow\n|\n|t:|1776581033\n|move|p2a: Arcalewdon|Draco Meteor|p1b: Incineroar\n|-damage|p1b: Incineroar|49/100\n|-unboost|p2a: Arcalewdon|spa|2\n|-enditem|p2a: Arcalewdon|White Herb\n|-clearnegativeboost|p2a: Arcalewdon|[silent]\n|move|p1a: Sinistcha|Matcha Gotcha|p2b: Politoaoed|[spread] p2a,p2b\n|-resisted|p2a: Arcalewdon|2\n|-supereffective|p2b: Politoaoed|1\n|-damage|p2a: Arcalewdon|92/100\n|-heal|p1a: Sinistcha|33/100 psn|[from] drain|[of] p2a: Arcalewdon\n|-damage|p2b: Politoaoed|60/100\n|-heal|p1a: Sinistcha|56/100 psn|[from] drain|[of] p2b: Politoaoed\n|-status|p2a: Arcalewdon|brn\n|-status|p2b: Politoaoed|brn\n|move|p2b: Politoaoed|Muddy Water|p1b: Incineroar|[spread] p1a,p1b\n|-resisted|p1a: Sinistcha|1\n|-supereffective|p1b: Incineroar|1\n|-damage|p1a: Sinistcha|42/100 psn\n|-damage|p1b: Incineroar|3/100\n|move|p1b: Incineroar|Parting Shot|p2a: Arcalewdon\n|-unboost|p2a: Arcalewdon|atk|1\n|-unboost|p2a: Arcalewdon|spa|1\n|\n|t:|1776581056\n|switch|p1b: Floette|Floette-Eternal, L50, F|100/100|[from] Parting Shot\n|\n|-weather|RainDance|[upkeep]\n|-heal|p2b: Politoaoed|66/100 brn|[from] item: Leftovers\n|-damage|p1a: Sinistcha|29/100 psn|[from] psn\n|-damage|p2a: Arcalewdon|86/100 brn|[from] brn\n|-damage|p2b: Politoaoed|60/100 brn|[from] brn\n|upkeep\n|turn|3\n|\n|t:|1776581080\n|switch|p2b: Bestulegion|Basculegion, L50, M|100/100\n|detailschange|p1b: Floette|Floette-Mega, L50, F\n|-mega|p1b: Floette|Floette|Floettite\n|-ability|p1b: Floette|Fairy Aura\n|move|p2a: Arcalewdon|Flash Cannon|p1a: Sinistcha\n|-damage|p1a: Sinistcha|4/100 psn\n|move|p1b: Floette|Calm Mind|p1b: Floette\n|-boost|p1b: Floette|spa|1\n|-boost|p1b: Floette|spd|1\n|move|p1a: Sinistcha|Matcha Gotcha|p2a: Arcalewdon|[spread] p2a,p2b\n|-resisted|p2a: Arcalewdon|2\n|-supereffective|p2b: Bestulegion|1\n|-damage|p2a: Arcalewdon|77/100 brn\n|-heal|p1a: Sinistcha|8/100 psn|[from] drain|[of] p2a: Arcalewdon\n|-damage|p2b: Bestulegion|54/100\n|-heal|p1a: Sinistcha|38/100 psn|[from] drain|[of] p2b: Bestulegion\n|\n|-weather|RainDance|[upkeep]\n|-damage|p1a: Sinistcha|25/100 psn|[from] psn\n|-damage|p2a: Arcalewdon|71/100 brn|[from] brn\n|upkeep\n|turn|4\n|inactive|fl1me2th3m00n has 30 seconds left.\n|inactive|fl1me2th3m00n has 20 seconds left.\n|inactive|fl1me2th3m00n has 15 seconds left.\n|\n|t:|1776581125\n|switch|p1a: Incineroar|Incineroar, L50, F|3/100\n|-ability|p1a: Incineroar|Intimidate|boost\n|-unboost|p2a: Arcalewdon|atk|1\n|-unboost|p2b: Bestulegion|atk|1\n|move|p2b: Bestulegion|Protect|p2b: Bestulegion\n|-singleturn|p2b: Bestulegion|Protect\n|move|p2a: Arcalewdon|Flash Cannon|p1a: Incineroar\n|-resisted|p1a: Incineroar|1\n|-damage|p1a: Incineroar|0 fnt\n|faint|p1a: Incineroar\n|move|p1b: Floette|Dazzling Gleam|p2b: Bestulegion|[spread] p2a\n|-activate|p2b: Bestulegion|move: Protect\n|-damage|p2a: Arcalewdon|0 fnt\n|faint|p2a: Arcalewdon\n|\n|-weather|RainDance|[upkeep]\n|upkeep\n|\n|t:|1776581143\n|switch|p2a: Politoaoed|Politoed, L50, F|60/100 brn\n|switch|p1a: Corviknight|Corviknight, L50, F|100/100\n|turn|5\n|\n|t:|1776581171\n|move|p2a: Politoaoed|Helping Hand|p2b: Bestulegion\n|-singleturn|p2b: Bestulegion|Helping Hand|[of] p2a: Politoaoed\n|move|p2b: Bestulegion|Wave Crash|p1b: Floette\n|-damage|p1b: Floette|0 fnt\n|faint|p1b: Floette\n|-damage|p2b: Bestulegion|27/100|[from] Recoil\n|move|p1a: Corviknight|Bulk Up|p1a: Corviknight\n|-boost|p1a: Corviknight|atk|1\n|-boost|p1a: Corviknight|def|1\n|\n|-weather|none\n|-heal|p2a: Politoaoed|66/100 brn|[from] item: Leftovers\n|-damage|p2a: Politoaoed|60/100 brn|[from] brn\n|upkeep\n|\n|t:|1776581183\n|switch|p1b: Sinistcha|Sinistcha, L50|25/100 psn\n|turn|6\n|\n|t:|1776581206\n|move|p1b: Sinistcha|Protect|p1b: Sinistcha\n|-singleturn|p1b: Sinistcha|Protect\n|move|p2b: Bestulegion|Last Respects|p1b: Sinistcha\n|-activate|p1b: Sinistcha|move: Protect\n|move|p2a: Politoaoed|Perish Song|p2a: Politoaoed\n|-start|p1a: Corviknight|perish3|[silent]\n|-start|p1b: Sinistcha|perish3|[silent]\n|-start|p2a: Politoaoed|perish3|[silent]\n|-start|p2b: Bestulegion|perish3|[silent]\n|-fieldactivate|move: Perish Song\n|move|p1a: Corviknight|Body Press|p2a: Politoaoed\n|-damage|p2a: Politoaoed|30/100 brn\n|\n|-heal|p2a: Politoaoed|36/100 brn|[from] item: Leftovers\n|-damage|p1b: Sinistcha|13/100 psn|[from] psn\n|-damage|p2a: Politoaoed|30/100 brn|[from] brn\n|-start|p2b: Bestulegion|perish3\n|-start|p1b: Sinistcha|perish3\n|-start|p2a: Politoaoed|perish3\n|-start|p1a: Corviknight|perish3\n|upkeep\n|turn|7\n|\n|t:|1776581226\n|move|p2b: Bestulegion|Protect|p2b: Bestulegion\n|-singleturn|p2b: Bestulegion|Protect\n|move|p2a: Politoaoed|Protect|p2a: Politoaoed\n|-singleturn|p2a: Politoaoed|Protect\n|move|p1b: Sinistcha|Matcha Gotcha|p2b: Bestulegion|[spread] \n|-activate|p2a: Politoaoed|move: Protect\n|-activate|p2b: Bestulegion|move: Protect\n|move|p1a: Corviknight|Bulk Up|p1a: Corviknight\n|-boost|p1a: Corviknight|atk|1\n|-boost|p1a: Corviknight|def|1\n|\n|-heal|p2a: Politoaoed|36/100 brn|[from] item: Leftovers\n|-damage|p1b: Sinistcha|0 fnt|[from] psn\n|faint|p1b: Sinistcha\n|-damage|p2a: Politoaoed|30/100 brn|[from] brn\n|-start|p2b: Bestulegion|perish2\n|-start|p2a: Politoaoed|perish2\n|-start|p1a: Corviknight|perish2\n|upkeep\n|turn|8\n|\n|t:|1776581241\n|move|p2a: Politoaoed|Helping Hand|p2b: Bestulegion\n|-singleturn|p2b: Bestulegion|Helping Hand|[of] p2a: Politoaoed\n|move|p2b: Bestulegion|Last Respects|p1a: Corviknight|[miss]\n|-miss|p2b: Bestulegion|p1a: Corviknight\n|move|p1a: Corviknight|Body Press|p2a: Politoaoed\n|-damage|p2a: Politoaoed|0 fnt\n|faint|p2a: Politoaoed\n|\n|-start|p2b: Bestulegion|perish1\n|-start|p1a: Corviknight|perish1\n|upkeep\n|turn|9\n|inactive|aggsapphire has 30 seconds left.\n|\n|t:|1776581267\n|move|p2b: Bestulegion|Last Respects|p1a: Corviknight\n|-damage|p1a: Corviknight|77/100\n|move|p1a: Corviknight|Roost|p1a: Corviknight\n|-heal|p1a: Corviknight|100/100\n|-singleturn|p1a: Corviknight|move: Roost\n|\n|-start|p2b: Bestulegion|perish0\n|-start|p1a: Corviknight|perish0\n|upkeep\n|faint|p2b: Bestulegion\n|faint|p1a: Corviknight\n|\n|win|aggsapphire\n|raw|aggsapphire's rating: 1324 &rarr; <strong>1350</strong><br />(+26 for winning)\n|raw|fl1me2th3m00n's rating: 1425 &rarr; <strong>1399</strong><br />(-26 for losing)\n|l|\u2606fl1me2th3m00n\n|player|p2|\n",
  "uploadtime": 1776581287,
  "views": 15,
  "formatid": "gen9championsvgc2026regma",
  "rating": 1350,
  "private": 0,
  "password": null
}