{
  "id": "gen9championsvgc2026regma-2588517722",
  "format": "[Gen 9 Champions] VGC 2026 Reg M-A",
  "players": [
    "umbreo589",
    "capitainecrash"
  ],
  "log": "|j|\u2606umbreo589\n|j|\u2606capitainecrash\n|t:|1776640875\n|gametype|doubles\n|player|p1|umbreo589|hilbert|1100\n|player|p2|capitainecrash|lyra|1064\n|gen|9\n|tier|[Gen 9 Champions] VGC 2026 Reg M-A\n|rated|\n|rule|Species Clause: Limit one of each Pok\u00e9mon\n|rule|Item Clause: Limit 1 of each item\n|clearpoke\n|poke|p1|Kingambit, L50, F|\n|poke|p1|Garchomp, L50, F|\n|poke|p1|Floette-Eternal, L50, F|\n|poke|p1|Dragonite, L50, M, shiny|\n|poke|p1|Pelipper, L50, M, shiny|\n|poke|p1|Basculegion, L50, M|\n|poke|p2|Golurk, L50|\n|poke|p2|Farigiraf, L50, F|\n|poke|p2|Sinistcha, L50|\n|poke|p2|Sneasler, L50, F|\n|poke|p2|Delphox, L50, F|\n|poke|p2|Garchomp, L50, F|\n|teampreview|4\n|inactive|Battle timer is ON: inactive players will automatically lose when time's up. (requested by capitainecrash)\n|\n|t:|1776640903\n|teamsize|p1|4\n|teamsize|p2|4\n|start\n|switch|p1a: Kingambit|Kingambit, L50, F|100/100\n|switch|p1b: Floette|Floette-Eternal, L50, F|100/100\n|switch|p2a: Delphox|Delphox, L50, F|100/100\n|switch|p2b: Sneasler|Sneasler, L50, F|100/100\n|turn|1\n|\n|t:|1776640925\n|detailschange|p2a: Delphox|Delphox-Mega, L50, F\n|-mega|p2a: Delphox|Delphox|Delphoxite\n|detailschange|p1b: Floette|Floette-Mega, L50, F\n|-mega|p1b: Floette|Floette|Floettite\n|-ability|p1b: Floette|Fairy Aura\n|move|p2b: Sneasler|Fake Out|p1a: Kingambit\n|-resisted|p1a: Kingambit|1\n|-damage|p1a: Kingambit|95/100\n|move|p2a: Delphox|Flamethrower|p1a: Kingambit\n|-supereffective|p1a: Kingambit|1\n|-damage|p1a: Kingambit|1/100\n|move|p1b: Floette|Dazzling Gleam|p2b: Sneasler|[spread] p2a,p2b\n|-resisted|p2a: Delphox|1\n|-damage|p2a: Delphox|76/100\n|-damage|p2b: Sneasler|31/100\n|cant|p1a: Kingambit|flinch\n|\n|-heal|p1a: Kingambit|7/100|[from] item: Leftovers\n|upkeep\n|turn|2\n|inactive|capitainecrash has 30 seconds left.\n|\n|t:|1776640951\n|move|p2a: Delphox|Protect|p2a: Delphox\n|-singleturn|p2a: Delphox|Protect\n|move|p1a: Kingambit|Sucker Punch||[still]\n|-fail|p1a: Kingambit\n|move|p2b: Sneasler|Close Combat|p1a: Kingambit\n|-supereffective|p1a: Kingambit|2\n|-damage|p1a: Kingambit|0 fnt\n|-unboost|p2b: Sneasler|def|1\n|-unboost|p2b: Sneasler|spd|1\n|faint|p1a: Kingambit\n|move|p1b: Floette|Dazzling Gleam|p2b: Sneasler|[spread] p2b\n|-activate|p2a: Delphox|move: Protect\n|-damage|p2b: Sneasler|0 fnt\n|faint|p2b: Sneasler\n|\n|upkeep\n|\n|t:|1776640967\n|switch|p2b: Sinistcha|Sinistcha, L50|100/100\n|switch|p1a: Basculegion|Basculegion, L50, M|100/100\n|-heal|p2a: Delphox|100/100|[from] ability: Hospitality|[of] p2b: Sinistcha\n|turn|3\n|\n|t:|1776640986\n|move|p2b: Sinistcha|Protect|p2b: Sinistcha\n|-singleturn|p2b: Sinistcha|Protect\n|move|p2a: Delphox|Flamethrower|p1b: Floette\n|-damage|p1b: Floette|61/100\n|-status|p1b: Floette|brn\n|move|p1b: Floette|Dazzling Gleam|p2b: Sinistcha|[spread] p2a\n|-activate|p2b: Sinistcha|move: Protect\n|-resisted|p2a: Delphox|1\n|-damage|p2a: Delphox|76/100\n|move|p1a: Basculegion|Last Respects|p2a: Delphox\n|-supereffective|p2a: Delphox|1\n|-damage|p2a: Delphox|0 fnt\n|faint|p2a: Delphox\n|\n|-damage|p1b: Floette|55/100 brn|[from] brn\n|upkeep\n|\n|t:|1776641000\n|switch|p2a: Farigiraf|Farigiraf, L50, F|100/100\n|turn|4\n|\n|t:|1776641013\n|move|p1b: Floette|Dazzling Gleam|p2a: Farigiraf|[spread] p2a,p2b\n|-damage|p2a: Farigiraf|50/100\n|-damage|p2b: Sinistcha|50/100\n|-enditem|p2a: Farigiraf|Sitrus Berry|[eat]\n|-heal|p2a: Farigiraf|75/100|[from] item: Sitrus Berry\n|move|p1a: Basculegion|Last Respects|p2b: Sinistcha\n|-supereffective|p2b: Sinistcha|1\n|-enditem|p2b: Sinistcha|Kasib Berry|[eat]\n|-enditem|p2b: Sinistcha|Kasib Berry|[weaken]\n|-damage|p2b: Sinistcha|6/100\n|move|p2a: Farigiraf|Light Screen|p2a: Farigiraf\n|-sidestart|p2: capitainecrash|move: Light Screen\n|move|p2b: Sinistcha|Trick Room|p2b: Sinistcha\n|-fieldstart|move: Trick Room|[of] p2b: Sinistcha\n|\n|-damage|p1b: Floette|49/100 brn|[from] brn\n|upkeep\n|turn|5\n|\n|t:|1776641036\n|move|p2a: Farigiraf|Hyper Voice|p1a: Basculegion|[spread] p1b\n|-immune|p1a: Basculegion\n|-damage|p1b: Floette|29/100 brn\n|move|p2b: Sinistcha|Matcha Gotcha|p1b: Floette|[spread] p1a,p1b\n|-supereffective|p1a: Basculegion|1\n|-damage|p1a: Basculegion|44/100\n|-heal|p2b: Sinistcha|43/100|[from] drain|[of] p1a: Basculegion\n|-damage|p1b: Floette|9/100 brn\n|-heal|p2b: Sinistcha|54/100|[from] drain|[of] p1b: Floette\n|move|p1a: Basculegion|Last Respects|p2b: Sinistcha\n|-supereffective|p2b: Sinistcha|1\n|-crit|p2b: Sinistcha\n|-damage|p2b: Sinistcha|0 fnt\n|faint|p2b: Sinistcha\n|move|p1b: Floette|Dazzling Gleam|p2a: Farigiraf\n|-damage|p2a: Farigiraf|34/100\n|\n|-damage|p1b: Floette|3/100 brn|[from] brn\n|upkeep\n|turn|6\n|inactive|umbreo589 has 30 seconds left.\n|\n|t:|1776641062\n|move|p2a: Farigiraf|Hyper Voice|p1a: Basculegion|[spread] p1b\n|-immune|p1a: Basculegion\n|-damage|p1b: Floette|0 fnt\n|faint|p1b: Floette\n|move|p1a: Basculegion|Wave Crash|p2a: Farigiraf\n|-damage|p2a: Farigiraf|0 fnt\n|faint|p2a: Farigiraf\n|-damage|p1a: Basculegion|32/100|[from] Recoil\n|\n|win|umbreo589\n|raw|umbreo589's rating: 1100 &rarr; <strong>1122</strong><br />(+22 for winning)\n|raw|capitainecrash's rating: 1064 &rarr; <strong>1046</strong><br />(-18 for losing)\n|l|\u2606capitainecrash\n|player|p2|\n",
  "uploadtime": 1776641077,
  "views": 11,
  "formatid": "gen9championsvgc2026regma",
  "rating": 1046,
  "private": 0,
  "password": null
}