{
  "id": "gen9championsvgc2026regma-2581577434",
  "format": "[Gen 9 Champions] VGC 2026 Reg M-A",
  "players": [
    "ohaimiles",
    "NetoPeixe"
  ],
  "log": "|j|\u2606ohaimiles\n|j|\u2606NetoPeixe\n|t:|1776012353\n|gametype|doubles\n|player|p1|ohaimiles|102|1131\n|player|p2|NetoPeixe|hau|1045\n|gen|9\n|tier|[Gen 9 Champions] VGC 2026 Reg M-A\n|rated|\n|rule|Species Clause: Limit one of each Pok\u00e9mon\n|rule|Item Clause: Limit 1 of each item\n|clearpoke\n|poke|p1|Froslass, L50, F|\n|poke|p1|Maushold-Four, L50|\n|poke|p1|Rotom-Frost, L50|\n|poke|p1|Garchomp, L50, M|\n|poke|p1|Sneasler, L50, M|\n|poke|p1|Incineroar, L50, F|\n|poke|p2|Aegislash, L50, F|\n|poke|p2|Orthworm, L50, M|\n|poke|p2|Meganium, L50, F|\n|poke|p2|Palafin, L50, F|\n|poke|p2|Incineroar, L50, F|\n|poke|p2|Espeon, L50, F|\n|teampreview|4\nohaimiles has agreed to open team sheets.\n|inactive|Battle timer is ON: inactive players will automatically lose when time's up. (requested by ohaimiles)\n|\n|t:|1776012424\n|teamsize|p1|4\n|teamsize|p2|4\n|start\n|switch|p1a: Froslass|Froslass, L50, F|100/100\n|switch|p1b: Sneasler|Sneasler, L50, M|100/100\n|switch|p2a: Incineroar|Incineroar, L50, F|100/100\n|switch|p2b: Espeon|Espeon, L50, F, shiny|100/100\n|-ability|p2a: Incineroar|Intimidate|boost\n|-unboost|p1a: Froslass|atk|1\n|-unboost|p1b: Sneasler|atk|1\n|-enditem|p1b: Sneasler|White Herb\n|-clearnegativeboost|p1b: Sneasler|[silent]\n|turn|1\n|inactive|NetoPeixe has 30 seconds left.\n|inactive|NetoPeixe has 20 seconds left.\n|\n|t:|1776012461\n|detailschange|p1a: Froslass|Froslass-Mega, L50, F\n|-mega|p1a: Froslass|Froslass|Froslassite\n|-weather|Snowscape|[from] ability: Snow Warning|[of] p1a: Froslass\n|move|p2a: Incineroar|Fake Out|p1b: Sneasler\n|-damage|p1b: Sneasler|83/100\n|cant|p1b: Sneasler|flinch\n|move|p1a: Froslass|Shadow Ball|p2b: Espeon\n|-supereffective|p2b: Espeon|1\n|-damage|p2b: Espeon|12/100\n|move|p2b: Espeon|Roar|p2a: Incineroar\n|drag|p2a: Orthworm|Orthworm, L50, M|100/100\n|\n|-weather|Snowscape|[upkeep]\n|upkeep\n|turn|2\n|inactive|NetoPeixe has 30 seconds left.\n|\n|t:|1776012487\n|move|p2b: Espeon|Protect|p2b: Espeon\n|-singleturn|p2b: Espeon|Protect\n|move|p1b: Sneasler|Close Combat|p2a: Orthworm\n|-supereffective|p2a: Orthworm|1\n|-damage|p2a: Orthworm|21/100\n|-unboost|p1b: Sneasler|def|1\n|-unboost|p1b: Sneasler|spd|1\n|move|p1a: Froslass|Blizzard|p2a: Orthworm|[spread] p2a\n|-activate|p2b: Espeon|move: Protect\n|-resisted|p2a: Orthworm|1\n|-damage|p2a: Orthworm|0 fnt\n|faint|p2a: Orthworm\n|\n|-weather|Snowscape|[upkeep]\n|upkeep\n|\n|t:|1776012506\n|switch|p2a: Incineroar|Incineroar, L50, F|100/100\n|-ability|p2a: Incineroar|Intimidate|boost\n|-unboost|p1a: Froslass|atk|1\n|-unboost|p1b: Sneasler|atk|1\n|turn|3\n|\n|t:|1776012521\n|switch|p1b: Incineroar|Incineroar, L50, F|100/100\n|-ability|p1b: Incineroar|Intimidate|boost\n|-unboost|p2a: Incineroar|atk|1\n|-unboost|p2b: Espeon|atk|1\n|move|p1a: Froslass|Protect|p1a: Froslass\n|-singleturn|p1a: Froslass|Protect\n|move|p2b: Espeon|Expanding Force|p1b: Incineroar\n|-immune|p1b: Incineroar\n|move|p2a: Incineroar|Flare Blitz|p1a: Froslass\n|-activate|p1a: Froslass|move: Protect\n|\n|-weather|Snowscape|[upkeep]\n|upkeep\n|turn|4\n|\n|t:|1776012543\n|move|p2b: Espeon|Protect|p2b: Espeon\n|-singleturn|p2b: Espeon|Protect\n|move|p1b: Incineroar|Fake Out|p2a: Incineroar\n|-damage|p2a: Incineroar|88/100\n|move|p1a: Froslass|Blizzard|p2a: Incineroar|[spread] p2a\n|-activate|p2b: Espeon|move: Protect\n|-resisted|p2a: Incineroar|1\n|-damage|p2a: Incineroar|69/100\n|cant|p2a: Incineroar|flinch\n|\n|-weather|Snowscape|[upkeep]\n|upkeep\n|turn|5\n|\n|t:|1776012567\n|switch|p1a: Sneasler|Sneasler, L50, M|83/100\n|move|p2b: Espeon|Protect||[still]\n|-fail|p2b: Espeon\n|move|p2a: Incineroar|Parting Shot|p1b: Incineroar\n|-unboost|p1b: Incineroar|atk|1\n|-unboost|p1b: Incineroar|spa|1\n|\n|t:|1776012576\n|switch|p2a: Aegislash|Aegislash, L50, F|100/100|[from] Parting Shot\n|move|p1b: Incineroar|Darkest Lariat|p2b: Espeon\n|-supereffective|p2b: Espeon|1\n|-damage|p2b: Espeon|0 fnt\n|faint|p2b: Espeon\n|\n|-weather|none\n|upkeep\n|\n|t:|1776012586\n|switch|p2b: Incineroar|Incineroar, L50, F|69/100\n|-ability|p2b: Incineroar|Intimidate|boost\n|-unboost|p1a: Sneasler|atk|1\n|-unboost|p1b: Incineroar|atk|1\n|turn|6\n|\n|t:|1776012600\n|switch|p1b: Maushold|Maushold-Four, L50|100/100\n|move|p2a: Aegislash|King's Shield|p2a: Aegislash\n|-singleturn|p2a: Aegislash|Protect\n|move|p1a: Sneasler|Fake Out|p2b: Incineroar\n|-damage|p2b: Incineroar|61/100\n|cant|p2b: Incineroar|flinch\n|\n|upkeep\n|turn|7\n|inactive|NetoPeixe has 30 seconds left.\n|\n|t:|1776012627\n|switch|p1a: Incineroar|Incineroar, L50, F|100/100\n|-ability|p1a: Incineroar|Intimidate|boost\n|-unboost|p2a: Aegislash|atk|1\n|-unboost|p2b: Incineroar|atk|1\n|move|p1b: Maushold|Super Fang|p2b: Incineroar\n|-damage|p2b: Incineroar|31/100\n|-enditem|p2b: Incineroar|Sitrus Berry|[eat]\n|-heal|p2b: Incineroar|55/100|[from] item: Sitrus Berry\n|-formechange|p2a: Aegislash|Aegislash-Blade|\n|move|p2a: Aegislash|Iron Head|p1a: Incineroar\n|-resisted|p1a: Incineroar|1\n|-damage|p1a: Incineroar|90/100\n|move|p2b: Incineroar|Flare Blitz|p1a: Incineroar\n|-resisted|p1a: Incineroar|1\n|-damage|p1a: Incineroar|79/100\n|-damage|p2b: Incineroar|52/100|[from] Recoil\n|\n|upkeep\n|turn|8\n|inactive|NetoPeixe has 30 seconds left.\n|inactive|NetoPeixe has 20 seconds left.\n|\n|t:|1776012666\n|-formechange|p2a: Aegislash|Aegislash|\n|move|p2a: Aegislash|King's Shield|p2a: Aegislash\n|-singleturn|p2a: Aegislash|Protect\n|move|p1b: Maushold|Follow Me|p1b: Maushold\n|-singleturn|p1b: Maushold|move: Follow Me\n|move|p1a: Incineroar|Flare Blitz|p2a: Aegislash\n|-activate|p2a: Aegislash|move: Protect\n|-unboost|p1a: Incineroar|atk|1\n|move|p2b: Incineroar|Parting Shot|p1b: Maushold\n|-unboost|p1b: Maushold|atk|1\n|-unboost|p1b: Maushold|spa|1\n|\n|upkeep\n|turn|9\n|\n|t:|1776012690\n|move|p1b: Maushold|Protect|p1b: Maushold\n|-singleturn|p1b: Maushold|Protect\n|move|p2b: Incineroar|Flare Blitz|p1a: Incineroar\n|-resisted|p1a: Incineroar|1\n|-damage|p1a: Incineroar|67/100\n|-damage|p2b: Incineroar|48/100|[from] Recoil\n|move|p1a: Incineroar|Parting Shot|p2a: Aegislash\n|-unboost|p2a: Aegislash|atk|1\n|-unboost|p2a: Aegislash|spa|1\n|\n|t:|1776012698\n|switch|p1a: Sneasler|Sneasler, L50, M|83/100|[from] Parting Shot\n|-formechange|p2a: Aegislash|Aegislash-Blade|\n|move|p2a: Aegislash|Iron Head|p1a: Sneasler\n|-damage|p1a: Sneasler|50/100\n|\n|upkeep\n|turn|10\n|inactive|NetoPeixe has 30 seconds left.\n|\n|t:|1776012724\n|move|p1b: Maushold|Follow Me|p1b: Maushold\n|-singleturn|p1b: Maushold|move: Follow Me\n|move|p1a: Sneasler|Close Combat|p2b: Incineroar\n|-supereffective|p2b: Incineroar|1\n|-damage|p2b: Incineroar|0 fnt\n|-unboost|p1a: Sneasler|def|1\n|-unboost|p1a: Sneasler|spd|1\n|faint|p2b: Incineroar\n|move|p2a: Aegislash|Iron Head|p1b: Maushold\n|-damage|p1b: Maushold|68/100\n|\n|upkeep\n|turn|11\n|\n|t:|1776012735\n|switch|p1a: Incineroar|Incineroar, L50, F|67/100\n|-ability|p1a: Incineroar|Intimidate|boost\n|-unboost|p2a: Aegislash|atk|1\n|-formechange|p2a: Aegislash|Aegislash|\n|move|p2a: Aegislash|King's Shield|p2a: Aegislash\n|-singleturn|p2a: Aegislash|Protect\n|move|p1b: Maushold|Follow Me|p1b: Maushold\n|-singleturn|p1b: Maushold|move: Follow Me\n|\n|upkeep\n|turn|12\n|\n|t:|1776012741\n|move|p1b: Maushold|Helping Hand|p1a: Incineroar\n|-singleturn|p1a: Incineroar|Helping Hand|[of] p1b: Maushold\n|-formechange|p2a: Aegislash|Aegislash-Blade|\n|move|p2a: Aegislash|Iron Head|p1b: Maushold\n|-damage|p1b: Maushold|41/100\n|move|p1a: Incineroar|Flare Blitz|p2a: Aegislash\n|-supereffective|p2a: Aegislash|1\n|-damage|p2a: Aegislash|0 fnt\n|faint|p2a: Aegislash\n|-damage|p1a: Incineroar|40/100|[from] Recoil\n|-enditem|p1a: Incineroar|Sitrus Berry|[eat]\n|-heal|p1a: Incineroar|65/100|[from] item: Sitrus Berry\n|\n|win|ohaimiles\n|raw|ohaimiles's rating: 1131 &rarr; <strong>1150</strong><br />(+19 for winning)\n|raw|NetoPeixe's rating: 1045 &rarr; <strong>1032</strong><br />(-13 for losing)\n|l|\u2606NetoPeixe\n|player|p2|\n",
  "uploadtime": 1776012746,
  "views": 16,
  "formatid": "gen9championsvgc2026regma",
  "rating": 1032,
  "private": 0,
  "password": null
}