{
  "id": "gen9championsvgc2026regma-2586942592",
  "format": "[Gen 9 Champions] VGC 2026 Reg M-A",
  "players": [
    "scutesnoots",
    "kokichis_squirtle"
  ],
  "log": "|j|\u2606scutesnoots\n|j|\u2606kokichis_squirtle\n|t:|1776474072\n|gametype|doubles\n|player|p1|scutesnoots|170|1080\n|player|p2|kokichis_squirtle|hilbert-wonderlauncher|1076\n|gen|9\n|tier|[Gen 9 Champions] VGC 2026 Reg M-A\n|rated|\n|rule|Species Clause: Limit one of each Pok\u00e9mon\n|rule|Item Clause: Limit 1 of each item\n|clearpoke\n|poke|p1|Scovillain, L50, F|\n|poke|p1|Dragapult, L50, M|\n|poke|p1|Kingambit, L50, F|\n|poke|p1|Sneasler, L50, F|\n|poke|p1|Corviknight, L50, F|\n|poke|p1|Victreebel, L50, F|\n|poke|p2|Pelipper, L50, F|\n|poke|p2|Blastoise, L50, F|\n|poke|p2|Meganium, L50, M|\n|poke|p2|Archaludon, L50, F|\n|poke|p2|Dragonite, L50, M|\n|poke|p2|Incineroar, L50, F|\n|teampreview|4\n|inactive|Battle timer is ON: inactive players will automatically lose when time's up. (requested by scutesnoots)\n|\n|t:|1776474098\n|teamsize|p1|4\n|teamsize|p2|4\n|start\n|switch|p1a: Victreebel|Victreebel, L50, F|100/100\n|switch|p1b: Kingambit|Kingambit, L50, F|100/100\n|switch|p2a: Pelipper|Pelipper, L50, F|100/100\n|switch|p2b: Blastoise|Blastoise, L50, F, shiny|100/100\n|-weather|RainDance|[from] ability: Drizzle|[of] p2a: Pelipper\n|turn|1\n|inactive|scutesnoots has 30 seconds left.\n|inactive|scutesnoots has 20 seconds left.\n|\n|t:|1776474134\n|detailschange|p1a: Victreebel|Victreebel-Mega, L50, F\n|-mega|p1a: Victreebel|Victreebel|Victreebelite\n|move|p2b: Blastoise|Fake Out|p1a: Victreebel\n|-crit|p1a: Victreebel\n|-damage|p1a: Victreebel|89/100\n|move|p1b: Kingambit|Sucker Punch||[still]\n|-fail|p1b: Kingambit\n|move|p2a: Pelipper|Tailwind|p2a: Pelipper\n|-sidestart|p2: kokichis_squirtle|move: Tailwind\n|cant|p1a: Victreebel|flinch\n|\n|-weather|RainDance|[upkeep]\n|upkeep\n|turn|2\n|\n|t:|1776474154\n|move|p2b: Blastoise|Protect|p2b: Blastoise\n|-singleturn|p2b: Blastoise|Protect\n|move|p1a: Victreebel|Protect|p1a: Victreebel\n|-singleturn|p1a: Victreebel|Protect\n|move|p1b: Kingambit|Sucker Punch|p2a: Pelipper\n|-damage|p2a: Pelipper|48/100\n|move|p2a: Pelipper|Hurricane|p1a: Victreebel\n|-activate|p1a: Victreebel|move: Protect\n|\n|-weather|RainDance|[upkeep]\n|upkeep\n|turn|3\n|\n|t:|1776474170\n|move|p2b: Blastoise|Water Spout|p1b: Kingambit|[spread] p1a,p1b\n|-resisted|p1a: Victreebel|1\n|-damage|p1a: Victreebel|57/100\n|-damage|p1b: Kingambit|0 fnt\n|faint|p1b: Kingambit\n|move|p2a: Pelipper|Hurricane|p1a: Victreebel\n|-supereffective|p1a: Victreebel|1\n|-damage|p1a: Victreebel|0 fnt\n|-damage|p2a: Pelipper|0 fnt|[from] ability: Innards Out|[of] p1a: Victreebel\n|faint|p1a: Victreebel\n|faint|p2a: Pelipper\n|\n|-weather|RainDance|[upkeep]\n|upkeep\n|\n|t:|1776474185\n|switch|p2a: Incineroar|Incineroar, L50, F|100/100\n|switch|p1b: Sneasler|Sneasler, L50, F|100/100\n|switch|p1a: Dragapult|Dragapult, L50, M|100/100\n|-ability|p2a: Incineroar|Intimidate|boost\n|-unboost|p1a: Dragapult|atk|1\n|-unboost|p1b: Sneasler|atk|1\n|-enditem|p1b: Sneasler|White Herb\n|-clearnegativeboost|p1b: Sneasler|[silent]\n|turn|4\n|\n|t:|1776474207\n|move|p2b: Blastoise|Protect|p2b: Blastoise\n|-singleturn|p2b: Blastoise|Protect\n|move|p1b: Sneasler|Upper Hand||[still]\n|-fail|p1b: Sneasler\n|move|p1a: Dragapult|Light Screen|p1a: Dragapult\n|-sidestart|p1: scutesnoots|move: Light Screen\n|move|p2a: Incineroar|Parting Shot|p1b: Sneasler\n|-unboost|p1b: Sneasler|atk|1\n|-unboost|p1b: Sneasler|spa|1\n|\n|t:|1776474217\n|switch|p2a: Meganium|Meganium, L50, M, shiny|100/100|[from] Parting Shot\n|\n|-weather|RainDance|[upkeep]\n|-sideend|p2: kokichis_squirtle|move: Tailwind\n|upkeep\n|turn|5\n|\n|t:|1776474231\n|switch|p2a: Incineroar|Incineroar, L50, F|100/100\n|-ability|p2a: Incineroar|Intimidate|boost\n|-unboost|p1a: Dragapult|atk|1\n|-unboost|p1b: Sneasler|atk|1\n|move|p1b: Sneasler|Dire Claw|p2a: Incineroar\n|-damage|p2a: Incineroar|84/100\n|-status|p2a: Incineroar|par\n|move|p1a: Dragapult|Draco Meteor|p2b: Blastoise\n|-damage|p2b: Blastoise|46/100\n|-unboost|p1a: Dragapult|spa|2\n|move|p2b: Blastoise|Water Spout|p1a: Dragapult|[spread] p1a,p1b\n|-resisted|p1a: Dragapult|1\n|-damage|p1a: Dragapult|85/100\n|-damage|p1b: Sneasler|67/100\n|\n|-weather|none\n|upkeep\n|turn|6\n|inactive|scutesnoots has 30 seconds left.\n|\n|t:|1776474256\n|move|p2b: Blastoise|Protect|p2b: Blastoise\n|-singleturn|p2b: Blastoise|Protect\n|move|p1b: Sneasler|Close Combat|p2a: Incineroar\n|-supereffective|p2a: Incineroar|1\n|-damage|p2a: Incineroar|28/100 par\n|-unboost|p1b: Sneasler|def|1\n|-unboost|p1b: Sneasler|spd|1\n|-enditem|p2a: Incineroar|Sitrus Berry|[eat]\n|-heal|p2a: Incineroar|52/100 par|[from] item: Sitrus Berry\n|move|p1a: Dragapult|Draco Meteor|p2b: Blastoise\n|-activate|p2b: Blastoise|move: Protect\n|move|p2a: Incineroar|Parting Shot|p1a: Dragapult\n|-unboost|p1a: Dragapult|atk|1\n|-unboost|p1a: Dragapult|spa|1\n|\n|t:|1776474271\n|switch|p2a: Meganium|Meganium, L50, M, shiny|100/100|[from] Parting Shot\n|\n|upkeep\n|turn|7\n|\n|t:|1776474279\n|switch|p2b: Incineroar|Incineroar, L50, F|52/100 par\n|-ability|p2b: Incineroar|Intimidate|boost\n|-unboost|p1a: Dragapult|atk|1\n|-unboost|p1b: Sneasler|atk|1\n|move|p2a: Meganium|Protect|p2a: Meganium\n|-singleturn|p2a: Meganium|Protect\n|move|p1b: Sneasler|Dire Claw|p2a: Meganium\n|-activate|p2a: Meganium|move: Protect\n|move|p1a: Dragapult|Draco Meteor|p2b: Incineroar\n|-damage|p2b: Incineroar|30/100 par\n|-unboost|p1a: Dragapult|spa|2\n|\n|upkeep\n|turn|8\n|-message|scutesnoots forfeited.\n|\n|win|kokichis_squirtle\n|raw|scutesnoots's rating: 1080 &rarr; <strong>1058</strong><br />(-22 for losing)\n|raw|kokichis_squirtle's rating: 1076 &rarr; <strong>1105</strong><br />(+29 for winning)\n|l|\u2606scutesnoots\n|player|p1|\n",
  "uploadtime": 1776474298,
  "views": 28,
  "formatid": "gen9championsvgc2026regma",
  "rating": 1058,
  "private": 0,
  "password": null
}