{
  "id": "gen9championsvgc2026regma-2585740746",
  "format": "[Gen 9 Champions] VGC 2026 Reg M-A",
  "players": [
    "noobbx9",
    "vvyckii"
  ],
  "log": "|j|\u2606noobbx9\n|j|\u203dvvyckii\n|t:|1776367345\n|gametype|doubles\n|player|p1|noobbx9|giovanni|1096\n|player|p2|vvyckii|miku-flying|1105\n|gen|9\n|tier|[Gen 9 Champions] VGC 2026 Reg M-A\n|rated|\n|rule|Species Clause: Limit one of each Pok\u00e9mon\n|rule|Item Clause: Limit 1 of each item\n|clearpoke\n|poke|p1|Mr. Rime, L50, F|\n|poke|p1|Alakazam, L50, F|\n|poke|p1|Meowstic, L50, M|\n|poke|p1|Chesnaught, L50, M|\n|poke|p1|Sneasler, L50, F|\n|poke|p1|Farigiraf, L50, M|\n|poke|p2|Gengar, L50, F|\n|poke|p2|Altaria, L50, M|\n|poke|p2|Incineroar, L50, M|\n|poke|p2|Primarina, L50, F|\n|poke|p2|Azumarill, L50, F|\n|poke|p2|Sinistcha, L50|\n|teampreview|4\nvvyckii rejected open team sheets.\n|inactive|Battle timer is ON: inactive players will automatically lose when time's up. (requested by vvyckii)\n|\n|t:|1776367393\n|teamsize|p1|4\n|teamsize|p2|4\n|start\n|switch|p1a: Sneasler|Sneasler, L50, F|100/100\n|switch|p1b: Mr. Rime|Mr. Rime, L50, F|100/100\n|switch|p2a: Primarina|Primarina, L50, F, shiny|100/100\n|switch|p2b: Sinistcha|Sinistcha, L50, shiny|100/100\n|turn|1\n|\n|t:|1776367411\n|move|p2a: Primarina|Protect|p2a: Primarina\n|-singleturn|p2a: Primarina|Protect\n|move|p1a: Sneasler|Fake Out|p2a: Primarina\n|-activate|p2a: Primarina|move: Protect\n|move|p1b: Mr. Rime|Freeze-Dry|p2a: Primarina\n|-activate|p2a: Primarina|move: Protect\n|move|p2b: Sinistcha|Trick Room|p2b: Sinistcha\n|-fieldstart|move: Trick Room|[of] p2b: Sinistcha\n|\n|upkeep\n|turn|2\n|\n|t:|1776367421\n|move|p1a: Sneasler|Protect|p1a: Sneasler\n|-singleturn|p1a: Sneasler|Protect\n|move|p2b: Sinistcha|Rage Powder|p2b: Sinistcha\n|-singleturn|p2b: Sinistcha|move: Rage Powder\n|move|p2a: Primarina|Hyper Voice|p1a: Sneasler|[spread] p1b\n|-activate|p1a: Sneasler|move: Protect\n|-damage|p1b: Mr. Rime|48/100\n|move|p1b: Mr. Rime|Freeze-Dry|p2b: Sinistcha\n|-supereffective|p2b: Sinistcha|1\n|-damage|p2b: Sinistcha|29/100\n|\n|upkeep\n|turn|3\n|inactive|noobbx9 has 30 seconds left.\n|\n|t:|1776367451\n|move|p2a: Primarina|Hyper Voice|p1b: Mr. Rime|[spread] p1a,p1b\n|-damage|p1a: Sneasler|35/100\n|-damage|p1b: Mr. Rime|0 fnt\n|faint|p1b: Mr. Rime\n|move|p2b: Sinistcha|Life Dew||[still]|[spread] p2a,p2b\n|-fail|p2a: Primarina|heal\n|-heal|p2b: Sinistcha|54/100\n|move|p1a: Sneasler|Rock Slide|p2a: Primarina|[spread] p2a,p2b\n|-damage|p2a: Primarina|79/100\n|-damage|p2b: Sinistcha|39/100\n|\n|upkeep\n|\n|t:|1776367468\n|switch|p1b: Meowstic|Meowstic, L50, M|100/100\n|turn|4\n|\n|t:|1776367476\n|move|p1a: Sneasler|Protect|p1a: Sneasler\n|-singleturn|p1a: Sneasler|Protect\n|move|p1b: Meowstic|Thunder Wave|p2a: Primarina\n|-status|p2a: Primarina|par\n|cant|p2a: Primarina|par\n|move|p2b: Sinistcha|Life Dew|p2b: Sinistcha|[spread] p2a,p2b\n|-heal|p2a: Primarina|100/100 par\n|-heal|p2b: Sinistcha|65/100\n|\n|upkeep\n|turn|5\n|\n|t:|1776367494\n|move|p2b: Sinistcha|Rage Powder|p2b: Sinistcha\n|-singleturn|p2b: Sinistcha|move: Rage Powder\n|move|p1b: Meowstic|Psychic Terrain|p1b: Meowstic\n|-fieldstart|move: Psychic Terrain\n|move|p2a: Primarina|Hyper Voice|p1a: Sneasler|[spread] p1a,p1b\n|-damage|p1a: Sneasler|0 fnt\n|-damage|p1b: Meowstic|52/100\n|faint|p1a: Sneasler\n|\n|-fieldend|move: Trick Room\n|upkeep\n|\n|t:|1776367500\n|switch|p1a: Alakazam|Alakazam, L50, F|100/100\n|turn|6\n|\n|t:|1776367508\n|detailschange|p1a: Alakazam|Alakazam-Mega, L50, F\n|-mega|p1a: Alakazam|Alakazam|Alakazite\n|-ability|p1a: Alakazam|Hospitality|Trace|[from] ability: Trace|[of] p2b: Sinistcha\n|-heal|p1b: Meowstic|77/100|[from] ability: Hospitality|[of] p1a: Alakazam\n|move|p1b: Meowstic|Helping Hand|p1a: Alakazam\n|-singleturn|p1a: Alakazam|Helping Hand|[of] p1b: Meowstic\n|move|p2a: Primarina|Protect|p2a: Primarina\n|-singleturn|p2a: Primarina|Protect\n|move|p1a: Alakazam|Expanding Force|p2a: Primarina|[spread] p2b\n|-activate|p2a: Primarina|move: Protect\n|-damage|p2b: Sinistcha|0 fnt\n|faint|p2b: Sinistcha\n|\n|upkeep\n|inactive|vvyckii has 30 seconds left.\n|\n|t:|1776367540\n|switch|p2b: Azumarill|Azumarill, L50, F|100/100\n|turn|7\n|\n|t:|1776367551\n|move|p1b: Meowstic|Helping Hand|p1a: Alakazam\n|-singleturn|p1a: Alakazam|Helping Hand|[of] p1b: Meowstic\n|move|p1a: Alakazam|Expanding Force|p2a: Primarina|[spread] p2a,p2b\n|-damage|p2a: Primarina|0 fnt\n|-damage|p2b: Azumarill|0 fnt\n|faint|p2a: Primarina\n|faint|p2b: Azumarill\n|\n|upkeep\n|\n|t:|1776367561\n|switch|p2b: Gengar|Gengar, L50, F, shiny|100/100\n|turn|8\n|-message|vvyckii forfeited.\n|\n|win|noobbx9\n|raw|noobbx9's rating: 1096 &rarr; <strong>1122</strong><br />(+26 for winning)\n|raw|vvyckii's rating: 1105 &rarr; <strong>1079</strong><br />(-26 for losing)\n|l|\u203dvvyckii\n|player|p2|\n",
  "uploadtime": 1776367579,
  "views": 16,
  "formatid": "gen9championsvgc2026regma",
  "rating": 1079,
  "private": 0,
  "password": null
}