{
  "id": "gen9championsvgc2026regma-2580424141",
  "format": "[Gen 9 Champions] VGC 2026 Reg M-A",
  "players": [
    "Ramen Broth",
    "lolgz"
  ],
  "log": "|j|\u2606Ramen Broth\n|j|\u2606lolgz\n|t:|1775894392\n|gametype|doubles\n|player|p1|Ramen Broth|brycen|1143\n|player|p2|lolgz|266|1189\n|gen|9\n|tier|[Gen 9 Champions] VGC 2026 Reg M-A\n|rated|\n|rule|Species Clause: Limit one of each Pok\u00e9mon\n|rule|Item Clause: Limit 1 of each item\n|clearpoke\n|poke|p1|Starmie, L50|\n|poke|p1|Pelipper, L50, M|\n|poke|p1|Archaludon, L50, M|\n|poke|p1|Sinistcha, L50|\n|poke|p1|Incineroar, L50, M|\n|poke|p1|Gengar, L50, F|\n|poke|p2|Charizard, L50, M|\n|poke|p2|Whimsicott, L50, M|\n|poke|p2|Basculegion, L50, M|\n|poke|p2|Farigiraf, L50, M|\n|poke|p2|Sneasler, L50, M|\n|poke|p2|Floette-Eternal, L50, F|\n|teampreview|4\n|inactive|Battle timer is ON: inactive players will automatically lose when time's up. (requested by Ramen Broth)\n|\n|t:|1775894412\n|teamsize|p1|4\n|teamsize|p2|4\n|start\n|switch|p1a: Starmie|Starmie, L50|100/100\n|switch|p1b: Pelipper|Pelipper, L50, M|100/100\n|switch|p2a: Whimsicott|Whimsicott, L50, M|100/100\n|switch|p2b: Basculegion|Basculegion, L50, M|100/100\n|-weather|RainDance|[from] ability: Drizzle|[of] p1b: Pelipper\n|turn|1\n|inactive|lolgz has 30 seconds left.\n|j| Crvstal_K!tty\n|\n|t:|1775894444\n|detailschange|p1a: Starmie|Starmie-Mega, L50\n|-mega|p1a: Starmie|Starmie|Starminite\n|move|p2a: Whimsicott|Tailwind|p2a: Whimsicott\n|-sidestart|p2: lolgz|move: Tailwind\n|move|p2b: Basculegion|Wave Crash|p1a: Starmie\n|-resisted|p1a: Starmie|1\n|-damage|p1a: Starmie|27/100\n|-damage|p2b: Basculegion|84/100|[from] Recoil\n|move|p1a: Starmie|Flip Turn|p2b: Basculegion\n|-resisted|p2b: Basculegion|1\n|-damage|p2b: Basculegion|25/100\n|\n|t:|1775894455\n|switch|p1a: Incineroar|Incineroar, L50, M|100/100|[from] Flip Turn\n|-ability|p1a: Incineroar|Intimidate|boost\n|-unboost|p2a: Whimsicott|atk|1\n|-unboost|p2b: Basculegion|atk|1\n|move|p1b: Pelipper|Hurricane|p2a: Whimsicott\n|-supereffective|p2a: Whimsicott|1\n|-enditem|p2a: Whimsicott|Focus Sash\n|-damage|p2a: Whimsicott|1/100\n|-start|p2a: Whimsicott|confusion\n|\n|-weather|RainDance|[upkeep]\n|upkeep\n|turn|2\n|inactive|Ramen Broth has 30 seconds left.\n|inactive|Ramen Broth has 20 seconds left.\n|inactive|Ramen Broth has 15 seconds left.\n|inactive|Ramen Broth has 10 seconds left.\n|inactive|Ramen Broth has 5 seconds left.\n|\n|t:|1775894506\n|move|p1a: Incineroar|Fake Out|p2a: Whimsicott\n|-damage|p2a: Whimsicott|0 fnt\n|faint|p2a: Whimsicott\n|move|p2b: Basculegion|Wave Crash|p1a: Incineroar\n|-supereffective|p1a: Incineroar|1\n|-damage|p1a: Incineroar|0 fnt\n|faint|p1a: Incineroar\n|-damage|p2b: Basculegion|0 fnt|[from] Recoil\n|faint|p2b: Basculegion\n|move|p1b: Pelipper|Tailwind|p1b: Pelipper\n|-sidestart|p1: Ramen Broth|move: Tailwind\n|\n|-weather|RainDance|[upkeep]\n|upkeep\n|\n|t:|1775894514\n|switch|p2a: Charizard|Charizard, L50, M|100/100\n|switch|p2b: Sneasler|Sneasler, L50, M|100/100\n|switch|p1a: Starmie|Starmie-Mega, L50|27/100\n|turn|3\n|\n|t:|1775894527\n|switch|p1a: Archaludon|Archaludon, L50, M|100/100\n|detailschange|p2a: Charizard|Charizard-Mega-Y, L50, M\n|-mega|p2a: Charizard|Charizard|Charizardite Y\n|-weather|SunnyDay|[from] ability: Drought|[of] p2a: Charizard\n|move|p2b: Sneasler|Fake Out|p1a: Archaludon\n|-resisted|p1a: Archaludon|1\n|-damage|p1a: Archaludon|94/100\n|-ability|p1a: Archaludon|Stamina|boost\n|-boost|p1a: Archaludon|def|1\n|move|p2a: Charizard|Heat Wave|p1a: Archaludon|[spread] p1a,p1b\n|-resisted|p1b: Pelipper|1\n|-damage|p1a: Archaludon|19/100\n|-damage|p1b: Pelipper|47/100\n|-ability|p1a: Archaludon|Stamina|boost\n|-boost|p1a: Archaludon|def|1\n|move|p1b: Pelipper|Weather Ball|p2a: Charizard\n|-resisted|p2a: Charizard|1\n|-damage|p2a: Charizard|75/100\n|\n|-weather|SunnyDay|[upkeep]\n|-heal|p1a: Archaludon|25/100|[from] item: Leftovers\n|upkeep\n|turn|4\n|\n|t:|1775894549\n|move|p1b: Pelipper|Protect|p1b: Pelipper\n|-singleturn|p1b: Pelipper|Protect\n|move|p1a: Archaludon|Protect|p1a: Archaludon\n|-singleturn|p1a: Archaludon|Protect\n|move|p2b: Sneasler|Close Combat|p1b: Pelipper\n|-activate|p1b: Pelipper|move: Protect\n|move|p2a: Charizard|Heat Wave|p1b: Pelipper|[spread] \n|-activate|p1a: Archaludon|move: Protect\n|-activate|p1b: Pelipper|move: Protect\n|\n|-weather|SunnyDay|[upkeep]\n|-heal|p1a: Archaludon|31/100|[from] item: Leftovers\n|-sideend|p2: lolgz|move: Tailwind\n|upkeep\n|turn|5\n|\n|t:|1775894566\n|switch|p1b: Starmie|Starmie-Mega, L50|27/100\n|move|p2a: Charizard|Protect|p2a: Charizard\n|-singleturn|p2a: Charizard|Protect\n|move|p1a: Archaludon|Dragon Pulse|p2a: Charizard\n|-activate|p2a: Charizard|move: Protect\n|move|p2b: Sneasler|Close Combat|p1a: Archaludon\n|-supereffective|p1a: Archaludon|1\n|-damage|p1a: Archaludon|0 fnt\n|-unboost|p2b: Sneasler|def|1\n|-unboost|p2b: Sneasler|spd|1\n|faint|p1a: Archaludon\n|-enditem|p2b: Sneasler|White Herb\n|-clearnegativeboost|p2b: Sneasler|[silent]\n|\n|-weather|SunnyDay|[upkeep]\n|-sideend|p1: Ramen Broth|move: Tailwind\n|upkeep\n|\n|t:|1775894568\n|switch|p1a: Pelipper|Pelipper, L50, M|47/100\n|-weather|RainDance|[from] ability: Drizzle|[of] p1a: Pelipper\n|turn|6\n|j| FrozenCold\n|l| FrozenCold\n|\n|t:|1775894592\n|move|p1b: Starmie|Aqua Jet|p2a: Charizard\n|-supereffective|p2a: Charizard|1\n|-damage|p2a: Charizard|0 fnt\n|faint|p2a: Charizard\n|move|p2b: Sneasler|Dire Claw|p1a: Pelipper\n|-damage|p1a: Pelipper|0 fnt\n|faint|p1a: Pelipper\n|\n|-weather|RainDance|[upkeep]\n|upkeep\n|turn|7\n|inactive|Ramen Broth has 30 seconds left.\n|\n|t:|1775894626\n|move|p1b: Starmie|Aqua Jet|p2b: Sneasler\n|-damage|p2b: Sneasler|10/100\n|move|p2b: Sneasler|Close Combat|p1b: Starmie\n|-resisted|p1b: Starmie|1\n|-damage|p1b: Starmie|0 fnt\n|-unboost|p2b: Sneasler|def|1\n|-unboost|p2b: Sneasler|spd|1\n|faint|p1b: Starmie\n|\n|win|lolgz\n|raw|Ramen Broth's rating: 1143 &rarr; <strong>1121</strong><br />(-22 for losing)\n|raw|lolgz's rating: 1189 &rarr; <strong>1211</strong><br />(+22 for winning)\n",
  "uploadtime": 1775894626,
  "views": 19,
  "formatid": "gen9championsvgc2026regma",
  "rating": 1121,
  "private": 0,
  "password": null
}