{
  "id": "gen9championsvgc2026regma-2586551945",
  "format": "[Gen 9 Champions] VGC 2026 Reg M-A",
  "players": [
    "TassoAlcolemico35",
    "qtestq"
  ],
  "log": "|j|\u2606TassoAlcolemico35\n|j|\u2606qtestq\n|t:|1776442508\n|gametype|doubles\n|player|p1|TassoAlcolemico35|102|1138\n|player|p2|qtestq|hilbert-wonderlauncher|1201\n|gen|9\n|tier|[Gen 9 Champions] VGC 2026 Reg M-A\n|rated|\n|rule|Species Clause: Limit one of each Pok\u00e9mon\n|rule|Item Clause: Limit 1 of each item\n|clearpoke\n|poke|p1|Charizard, L50, F|\n|poke|p1|Whimsicott, L50, M|\n|poke|p1|Torkoal, L50, M|\n|poke|p1|Sneasler, L50, F|\n|poke|p1|Oranguru, L50, M|\n|poke|p1|Conkeldurr, L50, F|\n|poke|p2|Froslass, L50, F|\n|poke|p2|Garchomp, L50, F|\n|poke|p2|Rotom-Frost, L50|\n|poke|p2|Empoleon, L50, F|\n|poke|p2|Incineroar, L50, M|\n|poke|p2|Kingambit, L50, F|\n|teampreview|4\n|inactive|Battle timer is ON: inactive players will automatically lose when time's up. (requested by TassoAlcolemico35)\n|inactive|qtestq has 60 seconds left.\n|inactive|TassoAlcolemico35 has 30 seconds left.\n|\n|t:|1776442578\n|teamsize|p1|4\n|teamsize|p2|4\n|start\n|switch|p1a: Charizard|Charizard, L50, F, shiny|100/100\n|switch|p1b: Whimsicott|Whimsicott, L50, M|100/100\n|switch|p2a: Garchomp|Garchomp, L50, F|100/100\n|switch|p2b: Rotom|Rotom-Frost, L50|100/100\n|turn|1\n|inactive|TassoAlcolemico35 has 30 seconds left.\n|inactive|qtestq has 30 seconds left.\n|\n|t:|1776442606\n|switch|p2b: Incineroar|Incineroar, L50, M|100/100\n|-ability|p2b: Incineroar|Intimidate|boost\n|-unboost|p1a: Charizard|atk|1\n|-unboost|p1b: Whimsicott|atk|1\n|move|p1a: Charizard|Protect|p1a: Charizard\n|-singleturn|p1a: Charizard|Protect\n|move|p1b: Whimsicott|Tailwind|p1b: Whimsicott\n|-sidestart|p1: TassoAlcolemico35|move: Tailwind\n|move|p2a: Garchomp|Rock Slide|p1b: Whimsicott|[spread] p1b\n|-activate|p1a: Charizard|move: Protect\n|-damage|p1b: Whimsicott|73/100\n|\n|upkeep\n|turn|2\n|inactive|TassoAlcolemico35 has 30 seconds left.\n|inactive|qtestq has 30 seconds left.\n|\n|t:|1776442635\n|switch|p1a: Oranguru|Oranguru, L50, M|100/100\n|move|p2b: Incineroar|Fake Out|p1a: Oranguru\n|-damage|p1a: Oranguru|90/100\n|move|p1b: Whimsicott|Moonblast|p2a: Garchomp\n|-supereffective|p2a: Garchomp|1\n|-damage|p2a: Garchomp|16/100\n|-unboost|p2a: Garchomp|spa|1\n|-enditem|p2a: Garchomp|White Herb\n|-clearnegativeboost|p2a: Garchomp|[silent]\n|move|p2a: Garchomp|Rock Slide|p1b: Whimsicott|[spread] p1a,p1b\n|-damage|p1a: Oranguru|75/100\n|-damage|p1b: Whimsicott|42/100\n|\n|-heal|p1a: Oranguru|81/100|[from] item: Leftovers\n|upkeep\n|turn|3\n|inactive|TassoAlcolemico35 has 30 seconds left.\n|inactive|qtestq has 30 seconds left.\n|inactive|TassoAlcolemico35 has 20 seconds left.\n|\n|t:|1776442673\n|switch|p1a: Charizard|Charizard, L50, F, shiny|100/100\n|move|p2a: Garchomp|Protect|p2a: Garchomp\n|-singleturn|p2a: Garchomp|Protect\n|move|p1b: Whimsicott|Moonblast|p2a: Garchomp\n|-activate|p2a: Garchomp|move: Protect\n|move|p2b: Incineroar|Darkest Lariat|p1b: Whimsicott\n|-resisted|p1b: Whimsicott|1\n|-damage|p1b: Whimsicott|12/100\n|\n|upkeep\n|turn|4\n|inactive|TassoAlcolemico35 has 30 seconds left.\n|\n|t:|1776442708\n|switch|p2a: Rotom|Rotom-Frost, L50|100/100\n|detailschange|p1a: Charizard|Charizard-Mega-Y, L50, F, shiny\n|-mega|p1a: Charizard|Charizard|Charizardite Y\n|-weather|SunnyDay|[from] ability: Drought|[of] p1a: Charizard\n|move|p1b: Whimsicott|Moonblast|p2b: Incineroar\n|-damage|p2b: Incineroar|68/100\n|move|p1a: Charizard|Heat Wave|p2b: Incineroar|[spread] p2a,p2b\n|-supereffective|p2a: Rotom|1\n|-resisted|p2b: Incineroar|1\n|-crit|p2b: Incineroar\n|-damage|p2a: Rotom|0 fnt\n|-damage|p2b: Incineroar|22/100\n|-enditem|p2b: Incineroar|Sitrus Berry|[eat]\n|-heal|p2b: Incineroar|47/100|[from] item: Sitrus Berry\n|faint|p2a: Rotom\n|move|p2b: Incineroar|Flare Blitz|p1b: Whimsicott\n|-supereffective|p1b: Whimsicott|1\n|-damage|p1b: Whimsicott|0 fnt\n|faint|p1b: Whimsicott\n|-damage|p2b: Incineroar|44/100|[from] Recoil\n|\n|-weather|SunnyDay|[upkeep]\n|-sideend|p1: TassoAlcolemico35|move: Tailwind\n|upkeep\n|\n|t:|1776442730\n|switch|p1b: Oranguru|Oranguru, L50, M|81/100\n|switch|p2a: Froslass|Froslass, L50, F|100/100\n|turn|5\n|inactive|qtestq has 30 seconds left.\n|\n|t:|1776442764\n|detailschange|p2a: Froslass|Froslass-Mega, L50, F\n|-mega|p2a: Froslass|Froslass|Froslassite\n|-weather|Snowscape|[from] ability: Snow Warning|[of] p2a: Froslass\n|move|p1a: Charizard|Protect|p1a: Charizard\n|-singleturn|p1a: Charizard|Protect\n|move|p2a: Froslass|Blizzard|p1a: Charizard|[spread] p1b\n|-activate|p1a: Charizard|move: Protect\n|-damage|p1b: Oranguru|40/100\n|move|p2b: Incineroar|Darkest Lariat|p1b: Oranguru\n|-supereffective|p1b: Oranguru|1\n|-damage|p1b: Oranguru|0 fnt\n|faint|p1b: Oranguru\n|\n|-weather|Snowscape|[upkeep]\n|upkeep\n|\n|t:|1776442776\n|switch|p1b: Torkoal|Torkoal, L50, M|100/100\n|-weather|SunnyDay|[from] ability: Drought|[of] p1b: Torkoal\n|turn|6\n|inactive|qtestq has 30 seconds left.\n|\n|t:|1776442810\n|move|p2a: Froslass|Protect|p2a: Froslass\n|-singleturn|p2a: Froslass|Protect\n|move|p1a: Charizard|Heat Wave|p2a: Froslass|[spread] p2b\n|-activate|p2a: Froslass|move: Protect\n|-resisted|p2b: Incineroar|1\n|-damage|p2b: Incineroar|12/100\n|move|p2b: Incineroar|Parting Shot|p1b: Torkoal\n|-unboost|p1b: Torkoal|atk|1\n|-unboost|p1b: Torkoal|spa|1\n|\n|t:|1776442819\n|switch|p2b: Garchomp|Garchomp, L50, F|16/100|[from] Parting Shot\n|move|p1b: Torkoal|Earth Power|p2b: Garchomp\n|-damage|p2b: Garchomp|0 fnt\n|faint|p2b: Garchomp\n|\n|-weather|SunnyDay|[upkeep]\n|upkeep\n|\n|t:|1776442826\n|switch|p2b: Incineroar|Incineroar, L50, M|12/100\n|-ability|p2b: Incineroar|Intimidate|boost\n|-unboost|p1a: Charizard|atk|1\n|-unboost|p1b: Torkoal|atk|1\n|turn|7\n|\n|t:|1776442836\n|move|p1a: Charizard|Protect|p1a: Charizard\n|-singleturn|p1a: Charizard|Protect\n|move|p1b: Torkoal|Protect|p1b: Torkoal\n|-singleturn|p1b: Torkoal|Protect\n|move|p2a: Froslass|Shadow Ball|p1b: Torkoal\n|-activate|p1b: Torkoal|move: Protect\n|move|p2b: Incineroar|Darkest Lariat|p1b: Torkoal\n|-activate|p1b: Torkoal|move: Protect\n|\n|-weather|SunnyDay|[upkeep]\n|upkeep\n|turn|8\n|-message|qtestq forfeited.\n|\n|win|TassoAlcolemico35\n|raw|TassoAlcolemico35's rating: 1138 &rarr; <strong>1167</strong><br />(+29 for winning)\n|raw|qtestq's rating: 1201 &rarr; <strong>1172</strong><br />(-29 for losing)\n|l|\u2606qtestq\n|player|p2|\n",
  "uploadtime": 1776442852,
  "views": 27,
  "formatid": "gen9championsvgc2026regma",
  "rating": 1167,
  "private": 0,
  "password": null
}