{
  "id": "gen9championsvgc2026regma-2585649832",
  "format": "[Gen 9 Champions] VGC 2026 Reg M-A",
  "players": [
    "unleasheddragonite",
    "fathomforce"
  ],
  "log": "|j|\u2606unleasheddragonite\n|j|\u2606fathomforce\n|t:|1776361238\n|gametype|doubles\n|player|p1|unleasheddragonite|101|1047\n|player|p2|fathomforce|plasmagrunt|1086\n|gen|9\n|tier|[Gen 9 Champions] VGC 2026 Reg M-A\n|rated|\n|rule|Species Clause: Limit one of each Pok\u00e9mon\n|rule|Item Clause: Limit 1 of each item\n|clearpoke\n|poke|p1|Froslass, L50, F|\n|poke|p1|Ninetales-Alola, L50, M|\n|poke|p1|Zoroark-Hisui, L50, M|\n|poke|p1|Whimsicott, L50, F|\n|poke|p1|Garchomp, L50, M|\n|poke|p1|Sneasler, L50, F|\n|poke|p2|Tyranitar, L50, M|\n|poke|p2|Garchomp, L50, F|\n|poke|p2|Corviknight, L50, M|\n|poke|p2|Sneasler, L50, F|\n|poke|p2|Rotom-Wash, L50|\n|poke|p2|Sinistcha, L50|\n|teampreview|4\n|\n|t:|1776361310\n|teamsize|p1|4\n|teamsize|p2|4\n|start\n|switch|p1a: Froslass|Froslass, L50, F|100/100\n|switch|p1b: Sneasler|Sneasler, L50, F|100/100\n|switch|p2a: Corviknight|Corviknight, L50, M|100/100\n|switch|p2b: Sneasler|Sneasler, L50, F|100/100\n|turn|1\n|\n|t:|1776361351\n|detailschange|p1a: Froslass|Froslass-Mega, L50, F\n|-mega|p1a: Froslass|Froslass|Froslassite\n|-weather|Snowscape|[from] ability: Snow Warning|[of] p1a: Froslass\n|move|p2b: Sneasler|Protect|p2b: Sneasler\n|-singleturn|p2b: Sneasler|Protect\n|move|p1b: Sneasler|Bitter Malice|p2b: Sneasler\n|-activate|p2b: Sneasler|move: Protect\n|move|p1a: Froslass|Aurora Veil|p1a: Froslass\n|-sidestart|p1: unleasheddragonite|move: Aurora Veil\n|move|p2a: Corviknight|Tailwind|p2a: Corviknight\n|-sidestart|p2: fathomforce|move: Tailwind\n|\n|-weather|Snowscape|[upkeep]\n|upkeep\n|turn|2\n|\n|t:|1776361374\n|move|p2b: Sneasler|Throat Chop|p1a: Froslass\n|-supereffective|p1a: Froslass|1\n|-damage|p1a: Froslass|64/100\n|-start|p1a: Froslass|Throat Chop|[silent]\n|move|p2a: Corviknight|Brave Bird|p1b: Sneasler\n|-damage|p1b: Sneasler|30/100\n|replace|p1b: Zoroark|Zoroark-Hisui, L50, M\n|-end|p1b: Zoroark|Illusion\n|-enditem|p1b: Zoroark|Sitrus Berry|[eat]\n|-heal|p1b: Zoroark|55/100|[from] item: Sitrus Berry\n|-damage|p2a: Corviknight|85/100|[from] Recoil\n|move|p1b: Zoroark|Bitter Malice|p2a: Corviknight\n|-damage|p2a: Corviknight|47/100\n|-ability|p2a: Corviknight|Mirror Armor\n|-unboost|p1b: Zoroark|atk|1\n|move|p1a: Froslass|Blizzard|p2a: Corviknight|[spread] p2a,p2b\n|-crit|p2b: Sneasler\n|-damage|p2a: Corviknight|0 fnt\n|-damage|p2b: Sneasler|15/100\n|faint|p2a: Corviknight\n|\n|-weather|Snowscape|[upkeep]\n|upkeep\n|\n|t:|1776361397\n|switch|p2a: Tyranitar|Tyranitar, L50, M|100/100\n|-weather|Sandstorm|[from] ability: Sand Stream|[of] p2a: Tyranitar\n|turn|3\n|\n|t:|1776361413\n|switch|p1b: Ninetales|Ninetales-Alola, L50, M|100/100\n|detailschange|p2a: Tyranitar|Tyranitar-Mega, L50, M\n|-mega|p2a: Tyranitar|Tyranitar|Tyranitarite\n|move|p1a: Froslass|Protect|p1a: Froslass\n|-singleturn|p1a: Froslass|Protect\n|move|p2b: Sneasler|Throat Chop|p1a: Froslass\n|-activate|p1a: Froslass|move: Protect\n|move|p2a: Tyranitar|Rock Slide|p1b: Ninetales|[spread] p1b\n|-activate|p1a: Froslass|move: Protect\n|-supereffective|p1b: Ninetales|1\n|-damage|p1b: Ninetales|33/100\n|\n|-weather|Sandstorm|[upkeep]\n|-damage|p2b: Sneasler|10/100|[from] Sandstorm\n|-damage|p1b: Ninetales|27/100|[from] Sandstorm\n|-damage|p1a: Froslass|58/100|[from] Sandstorm\n|-end|p1a: Froslass|Throat Chop|[silent]\n|upkeep\n|turn|4\n|\n|t:|1776361442\n|move|p2b: Sneasler|Throat Chop|p1a: Froslass\n|-supereffective|p1a: Froslass|1\n|-damage|p1a: Froslass|3/100\n|-start|p1a: Froslass|Throat Chop|[silent]\n|move|p2a: Tyranitar|Rock Slide|p1b: Ninetales|[spread] p1a,p1b\n|-supereffective|p1a: Froslass|1\n|-supereffective|p1b: Ninetales|1\n|-damage|p1a: Froslass|0 fnt\n|-damage|p1b: Ninetales|0 fnt\n|faint|p1a: Froslass\n|faint|p1b: Ninetales\n|\n|-weather|Sandstorm|[upkeep]\n|-damage|p2b: Sneasler|4/100|[from] Sandstorm\n|-sideend|p2: fathomforce|move: Tailwind\n|upkeep\n|\n|t:|1776361455\n|switch|p1b: Sneasler|Sneasler, L50, F|100/100\n|switch|p1a: Sneasler|Sneasler, L50, F|55/100\n|turn|5\n|\n|t:|1776361493\n|switch|p2b: Garchomp|Garchomp, L50, F|100/100\n|move|p2a: Tyranitar|Protect|p2a: Tyranitar\n|-singleturn|p2a: Tyranitar|Protect\n|move|p1b: Sneasler|Fake Out|p2a: Tyranitar\n|-activate|p2a: Tyranitar|move: Protect\n|move|p1a: Sneasler|Hyper Voice|p2a: Tyranitar|[spread] p2b\n|-activate|p2a: Tyranitar|move: Protect\n|-damage|p2b: Garchomp|64/100\n|\n|-weather|Sandstorm|[upkeep]\n|-damage|p1b: Sneasler|95/100|[from] Sandstorm\n|-damage|p1a: Sneasler|49/100|[from] Sandstorm\n|-sideend|p1: unleasheddragonite|move: Aurora Veil\n|upkeep\n|turn|6\n|\n|t:|1776361515\n|switch|p2a: Sneasler|Sneasler, L50, F|4/100\n|move|p2b: Garchomp|Earthquake|p1a: Sneasler|[spread] p2a,p1a,p1b\n|-supereffective|p2a: Sneasler|1\n|-supereffective|p1b: Sneasler|1\n|-damage|p2a: Sneasler|0 fnt\n|-damage|p1a: Sneasler|0 fnt\n|-damage|p1b: Sneasler|0 fnt\n|replace|p1a: Zoroark|Zoroark-Hisui, L50, M\n|-end|p1a: Zoroark|Illusion\n|faint|p2a: Sneasler\n|faint|p1a: Zoroark\n|faint|p1b: Sneasler\n|\n|win|fathomforce\n|raw|unleasheddragonite's rating: 1047 &rarr; <strong>1032</strong><br />(-15 for losing)\n|raw|fathomforce's rating: 1086 &rarr; <strong>1110</strong><br />(+24 for winning)\n|l|\u2606unleasheddragonite\n|player|p1|\n",
  "uploadtime": 1776361527,
  "views": 24,
  "formatid": "gen9championsvgc2026regma",
  "rating": 1032,
  "private": 0,
  "password": null
}