{
  "id": "gen9championsvgc2026regma-2581640375",
  "format": "[Gen 9 Champions] VGC 2026 Reg M-A",
  "players": [
    "JSA08",
    "Di_Leyton"
  ],
  "log": "|j|\u2606JSA08\n|j|\u2606Di_Leyton\n|t:|1776017212\n|gametype|doubles\n|player|p1|JSA08|jasmine|1152\n|player|p2|Di_Leyton|drayden|1103\n|gen|9\n|tier|[Gen 9 Champions] VGC 2026 Reg M-A\n|rated|\n|rule|Species Clause: Limit one of each Pok\u00e9mon\n|rule|Item Clause: Limit 1 of each item\n|clearpoke\n|poke|p1|Lucario, L50, F|\n|poke|p1|Milotic, L50, F|\n|poke|p1|Sinistcha, L50|\n|poke|p1|Volcarona, L50, F|\n|poke|p1|Zoroark-Hisui, L50, M|\n|poke|p1|Dragonite, L50, F|\n|poke|p2|Tyranitar, L50, F|\n|poke|p2|Corviknight, L50, F|\n|poke|p2|Garchomp, L50, F|\n|poke|p2|Sinistcha, L50|\n|poke|p2|Incineroar, L50, F|\n|poke|p2|Dragonite, L50, F|\n|teampreview|4\n|inactive|Battle timer is ON: inactive players will automatically lose when time's up. (requested by JSA08)\nDi_Leyton has agreed to open team sheets.\n|\n|t:|1776017236\n|teamsize|p1|4\n|teamsize|p2|4\n|start\n|switch|p1a: Lucario|Lucario, L50, F|100/100\n|switch|p1b: Milotic|Milotic, L50, F|100/100\n|switch|p2a: Tyranitar|Tyranitar, L50, F|100/100\n|switch|p2b: Garchomp|Garchomp, L50, F|100/100\n|-weather|Sandstorm|[from] ability: Sand Stream|[of] p2a: Tyranitar\n|turn|1\n|\n|t:|1776017253\n|move|p1a: Lucario|Protect|p1a: Lucario\n|-singleturn|p1a: Lucario|Protect\n|move|p1b: Milotic|Protect|p1b: Milotic\n|-singleturn|p1b: Milotic|Protect\n|move|p2b: Garchomp|Stomping Tantrum|p1a: Lucario\n|-activate|p1a: Lucario|move: Protect\n|move|p2a: Tyranitar|Knock Off|p1b: Milotic\n|-activate|p1b: Milotic|move: Protect\n|\n|-weather|Sandstorm|[upkeep]\n|-damage|p1b: Milotic|95/100|[from] Sandstorm\n|upkeep\n|turn|2\n|\n|t:|1776017269\n|switch|p1a: Sinistcha|Sinistcha, L50|100/100\n|-heal|p1b: Milotic|100/100|[from] ability: Hospitality|[of] p1a: Sinistcha\n|move|p2b: Garchomp|Stomping Tantrum|p1a: Sinistcha\n|-resisted|p1a: Sinistcha|1\n|-damage|p1a: Sinistcha|85/100\n|move|p1b: Milotic|Icy Wind|p2a: Tyranitar|[spread] p2a,p2b\n|-supereffective|p2b: Garchomp|2\n|-damage|p2a: Tyranitar|96/100\n|-damage|p2b: Garchomp|57/100\n|-unboost|p2a: Tyranitar|spe|1\n|-unboost|p2b: Garchomp|spe|1\n|move|p2a: Tyranitar|Knock Off|p1b: Milotic\n|-damage|p1b: Milotic|64/100\n|-enditem|p1b: Milotic|Mystic Water|[from] move: Knock Off|[of] p2a: Tyranitar\n|\n|-weather|Sandstorm|[upkeep]\n|-damage|p1b: Milotic|58/100|[from] Sandstorm\n|-damage|p1a: Sinistcha|79/100|[from] Sandstorm\n|upkeep\n|turn|3\n|inactive|Di_Leyton has 30 seconds left.\n|\n|t:|1776017301\n|move|p2b: Garchomp|Dragon Claw|p1b: Milotic\n|-damage|p1b: Milotic|23/100\n|move|p1b: Milotic|Icy Wind|p2b: Garchomp|[spread] p2a,p2b\n|-supereffective|p2b: Garchomp|2\n|-damage|p2a: Tyranitar|91/100\n|-damage|p2b: Garchomp|17/100\n|-unboost|p2a: Tyranitar|spe|1\n|-unboost|p2b: Garchomp|spe|1\n|move|p1a: Sinistcha|Life Dew|p1a: Sinistcha|[spread] p1a,p1b\n|-heal|p1a: Sinistcha|100/100\n|-heal|p1b: Milotic|48/100\n|move|p2a: Tyranitar|Knock Off|p1a: Sinistcha\n|-supereffective|p1a: Sinistcha|1\n|-damage|p1a: Sinistcha|33/100\n|-enditem|p1a: Sinistcha|Sitrus Berry|[from] move: Knock Off|[of] p2a: Tyranitar\n|\n|-weather|Sandstorm|[upkeep]\n|-damage|p1b: Milotic|42/100|[from] Sandstorm\n|-damage|p1a: Sinistcha|27/100|[from] Sandstorm\n|upkeep\n|turn|4\n|\n|t:|1776017320\n|move|p2b: Garchomp|Protect|p2b: Garchomp\n|-singleturn|p2b: Garchomp|Protect\n|move|p1b: Milotic|Scald|p2a: Tyranitar\n|-supereffective|p2a: Tyranitar|1\n|-damage|p2a: Tyranitar|61/100\n|move|p1a: Sinistcha|Life Dew|p1a: Sinistcha|[spread] p1a,p1b\n|-heal|p1a: Sinistcha|52/100\n|-heal|p1b: Milotic|66/100\n|move|p2a: Tyranitar|Rock Slide|p1b: Milotic|[spread] p1a,p1b\n|-damage|p1a: Sinistcha|31/100\n|-damage|p1b: Milotic|45/100\n|\n|-weather|Sandstorm|[upkeep]\n|-damage|p1b: Milotic|39/100|[from] Sandstorm\n|-damage|p1a: Sinistcha|25/100|[from] Sandstorm\n|upkeep\n|turn|5\n|\n|t:|1776017337\n|switch|p2b: Incineroar|Incineroar, L50, F|100/100\n|-ability|p2b: Incineroar|Intimidate|boost\n|-unboost|p1a: Sinistcha|atk|1\n|-unboost|p1b: Milotic|atk|1\n|-ability|p1b: Milotic|Competitive|boost\n|-boost|p1b: Milotic|spa|2\n|move|p2a: Tyranitar|Protect|p2a: Tyranitar\n|-singleturn|p2a: Tyranitar|Protect\n|move|p1b: Milotic|Icy Wind|p2a: Tyranitar|[spread] p2b\n|-activate|p2a: Tyranitar|move: Protect\n|-resisted|p2b: Incineroar|1\n|-damage|p2b: Incineroar|93/100\n|-unboost|p2b: Incineroar|spe|1\n|move|p1a: Sinistcha|Life Dew|p1a: Sinistcha|[spread] p1a,p1b\n|-heal|p1a: Sinistcha|50/100\n|-heal|p1b: Milotic|64/100\n|\n|-weather|none\n|upkeep\n|turn|6\n|\n|t:|1776017356\n|switch|p2a: Garchomp|Garchomp, L50, F|17/100\n|move|p1b: Milotic|Scald|p2a: Garchomp\n|-damage|p2a: Garchomp|0 fnt\n|faint|p2a: Garchomp\n|move|p1a: Sinistcha|Life Dew|p1a: Sinistcha|[spread] p1a,p1b\n|-heal|p1a: Sinistcha|76/100\n|-heal|p1b: Milotic|89/100\n|move|p2b: Incineroar|Flare Blitz|p1a: Sinistcha\n|-supereffective|p1a: Sinistcha|1\n|-damage|p1a: Sinistcha|0 fnt\n|faint|p1a: Sinistcha\n|-damage|p2b: Incineroar|71/100|[from] Recoil\n|\n|upkeep\n|\n|t:|1776017376\n|switch|p2a: Corviknight|Corviknight, L50, F|100/100\n|switch|p1a: Lucario|Lucario, L50, F|100/100\n|turn|7\n|\n|t:|1776017390\n|move|p1a: Lucario|Protect|p1a: Lucario\n|-singleturn|p1a: Lucario|Protect\n|move|p1b: Milotic|Scald|p2b: Incineroar\n|-supereffective|p2b: Incineroar|1\n|-damage|p2b: Incineroar|0 fnt\n|faint|p2b: Incineroar\n|move|p2a: Corviknight|Body Press|p1a: Lucario\n|-activate|p1a: Lucario|move: Protect\n|\n|upkeep\n|\n|t:|1776017399\n|switch|p2b: Tyranitar|Tyranitar, L50, F|61/100\n|-weather|Sandstorm|[from] ability: Sand Stream|[of] p2b: Tyranitar\n|turn|8\n|\n|t:|1776017410\n|detailschange|p1a: Lucario|Lucario-Mega, L50, F\n|-mega|p1a: Lucario|Lucario|Lucarionite\n|detailschange|p2b: Tyranitar|Tyranitar-Mega, L50, F\n|-mega|p2b: Tyranitar|Tyranitar|Tyranitarite\n|move|p1a: Lucario|Aura Sphere|p2b: Tyranitar\n|-supereffective|p2b: Tyranitar|2\n|-damage|p2b: Tyranitar|0 fnt\n|faint|p2b: Tyranitar\n|move|p1b: Milotic|Scald|p2a: Corviknight\n|-damage|p2a: Corviknight|38/100\n|move|p2a: Corviknight|Body Press|p1b: Milotic\n|-damage|p1b: Milotic|63/100\n|\n|-weather|Sandstorm|[upkeep]\n|-damage|p1b: Milotic|57/100|[from] Sandstorm\n|-heal|p2a: Corviknight|43/100|[from] item: Leftovers\n|upkeep\n|turn|9\n|-message|Di_Leyton forfeited.\n|\n|win|JSA08\n|raw|JSA08's rating: 1152 &rarr; <strong>1173</strong><br />(+21 for winning)\n|raw|Di_Leyton's rating: 1103 &rarr; <strong>1082</strong><br />(-21 for losing)\n|l|\u2606Di_Leyton\n|player|p2|\n",
  "uploadtime": 1776017423,
  "views": 15,
  "formatid": "gen9championsvgc2026regma",
  "rating": 1082,
  "private": 0,
  "password": null
}