{
  "id": "gen9championsvgc2026regma-2582396313",
  "format": "[Gen 9 Champions] VGC 2026 Reg M-A",
  "players": [
    "yuriimon",
    "eva_044"
  ],
  "log": "|j|\u2606yuriimon\n|j|\u2606eva_044\n|t:|1776088916\n|gametype|doubles\n|player|p1|yuriimon|waitress-gen4|1059\n|player|p2|eva_044|169|1160\n|gen|9\n|tier|[Gen 9 Champions] VGC 2026 Reg M-A\n|rated|\n|rule|Species Clause: Limit one of each Pok\u00e9mon\n|rule|Item Clause: Limit 1 of each item\n|clearpoke\n|poke|p1|Feraligatr, L50, M|\n|poke|p1|Aerodactyl, L50, F|\n|poke|p1|Sneasler, L50, F|\n|poke|p1|Mimikyu, L50, F|\n|poke|p1|Camerupt, L50, M|\n|poke|p1|Kingambit, L50, M|\n|poke|p2|Glimmora, L50, F|\n|poke|p2|Aerodactyl, L50, F|\n|poke|p2|Mamoswine, L50, M|\n|poke|p2|Garchomp, L50, F|\n|poke|p2|Starmie, L50|\n|poke|p2|Aegislash, L50, F|\n|teampreview|4\n|inactive|Battle timer is ON: inactive players will automatically lose when time's up. (requested by eva_044)\n|inactive|yuriimon also wants the timer to be on.\n|\n|t:|1776088941\n|teamsize|p1|4\n|teamsize|p2|4\n|start\n|switch|p1a: Sneasler|Sneasler, L50, F|100/100\n|switch|p1b: Mimikyu|Mimikyu, L50, F|100/100\n|switch|p2a: Aegislash|Aegislash, L50, F|100/100\n|switch|p2b: Glimmora|Glimmora, L50, F|100/100\n|turn|1\n|\n|t:|1776088967\n|switch|p1a: Feraligatr|Feraligatr, L50, M|100/100\n|detailschange|p2b: Glimmora|Glimmora-Mega, L50, F\n|-mega|p2b: Glimmora|Glimmora|Glimmoranite\n|move|p2b: Glimmora|Spiky Shield|p2b: Glimmora\n|-singleturn|p2b: Glimmora|move: Protect\n|-formechange|p2a: Aegislash|Aegislash-Blade|\n|move|p2a: Aegislash|Shadow Ball|p1b: Mimikyu\n|-activate|p1b: Mimikyu|ability: Disguise\n|-damage|p1b: Mimikyu|100/100\n|detailschange|p1b: Mimikyu|Mimikyu-Busted, L50, F\n|-damage|p1b: Mimikyu|88/100|[from] pokemon: Mimikyu-Busted\n|move|p1b: Mimikyu|Trick Room|p1b: Mimikyu\n|-fieldstart|move: Trick Room|[of] p1b: Mimikyu\n|\n|upkeep\n|turn|2\n|inactive|yuriimon has 30 seconds left.\n|inactive|eva_044 has 30 seconds left.\n|\n|t:|1776089001\n|detailschange|p1a: Feraligatr|Feraligatr-Mega, L50, M\n|-mega|p1a: Feraligatr|Feraligatr|Feraligite\n|-formechange|p2a: Aegislash|Aegislash|\n|move|p2a: Aegislash|King's Shield|p2a: Aegislash\n|-singleturn|p2a: Aegislash|Protect\n|move|p1b: Mimikyu|Shadow Sneak|p2a: Aegislash\n|-activate|p2a: Aegislash|move: Protect\n|-unboost|p1b: Mimikyu|atk|1\n|move|p1a: Feraligatr|Double-Edge|p2b: Glimmora\n|-damage|p2b: Glimmora|2/100\n|-damage|p1a: Feraligatr|67/100|[from] Recoil\n|move|p2b: Glimmora|Sludge Bomb|p1a: Feraligatr\n|-crit|p1a: Feraligatr\n|-damage|p1a: Feraligatr|0 fnt\n|faint|p1a: Feraligatr\n|\n|upkeep\n|\n|t:|1776089014\n|switch|p1a: Kingambit|Kingambit, L50, M|100/100\n|turn|3\n|inactive|eva_044 has 30 seconds left.\n|\n|t:|1776089040\n|move|p2b: Glimmora|Spiky Shield|p2b: Glimmora\n|-singleturn|p2b: Glimmora|move: Protect\n|move|p1b: Mimikyu|Shadow Sneak|p2b: Glimmora\n|-activate|p2b: Glimmora|move: Protect\n|-damage|p1b: Mimikyu|76/100|[from] Spiky Shield|[of] p2b: Glimmora\n|move|p1a: Kingambit|Swords Dance|p1a: Kingambit\n|-boost|p1a: Kingambit|atk|2\n|-formechange|p2a: Aegislash|Aegislash-Blade|\n|move|p2a: Aegislash|Shadow Ball|p1b: Mimikyu\n|-supereffective|p1b: Mimikyu|1\n|-damage|p1b: Mimikyu|0 fnt\n|faint|p1b: Mimikyu\n|\n|upkeep\n|\n|t:|1776089052\n|switch|p1b: Sneasler|Sneasler, L50, F|100/100\n|turn|4\n|\n|t:|1776089065\n|-formechange|p2a: Aegislash|Aegislash|\n|move|p2a: Aegislash|King's Shield|p2a: Aegislash\n|-singleturn|p2a: Aegislash|Protect\n|move|p1b: Sneasler|Fake Out|p2b: Glimmora\n|-resisted|p2b: Glimmora|1\n|-damage|p2b: Glimmora|0 fnt\n|faint|p2b: Glimmora\n|move|p1a: Kingambit|Kowtow Cleave|p2a: Aegislash\n|-activate|p2a: Aegislash|move: Protect\n|-unboost|p1a: Kingambit|atk|1\n|-ability|p1a: Kingambit|Defiant|boost\n|-boost|p1a: Kingambit|atk|2\n|\n|upkeep\n|\n|t:|1776089078\n|switch|p2b: Garchomp|Garchomp, L50, F|100/100\n|turn|5\n|\n|t:|1776089089\n|switch|p2a: Starmie|Starmie, L50|100/100\n|move|p1a: Kingambit|Kowtow Cleave|p2b: Garchomp\n|-damage|p2b: Garchomp|0 fnt\n|-damage|p1a: Kingambit|88/100|[from] ability: Rough Skin|[of] p2b: Garchomp\n|faint|p2b: Garchomp\n|move|p1b: Sneasler|Close Combat|p2a: Starmie\n|-resisted|p2a: Starmie|1\n|-damage|p2a: Starmie|54/100\n|-unboost|p1b: Sneasler|def|1\n|-unboost|p1b: Sneasler|spd|1\n|\n|-fieldend|move: Trick Room\n|upkeep\n|\n|t:|1776089094\n|switch|p2b: Aegislash|Aegislash, L50, F|100/100\n|turn|6\n|\n|t:|1776089112\n|move|p1a: Kingambit|Sucker Punch|p2a: Starmie\n|-supereffective|p2a: Starmie|1\n|-damage|p2a: Starmie|0 fnt\n|faint|p2a: Starmie\n|move|p1b: Sneasler|Coaching|p1a: Kingambit\n|-boost|p1a: Kingambit|atk|1\n|-boost|p1a: Kingambit|def|1\n|-formechange|p2b: Aegislash|Aegislash-Blade|\n|move|p2b: Aegislash|Shadow Ball|p1a: Kingambit\n|-resisted|p1a: Kingambit|1\n|-damage|p1a: Kingambit|61/100\n|\n|upkeep\n|turn|7\n|-message|eva_044 forfeited.\n|\n|win|yuriimon\n|raw|yuriimon's rating: 1059 &rarr; <strong>1099</strong><br />(+40 for winning)\n|raw|eva_044's rating: 1160 &rarr; <strong>1128</strong><br />(-32 for losing)\n|l|\u2606eva_044\n|player|p2|\n",
  "uploadtime": 1776089127,
  "views": 11,
  "formatid": "gen9championsvgc2026regma",
  "rating": 1099,
  "private": 0,
  "password": null
}