{
  "id": "gen9championsvgc2026regma-2582193864",
  "format": "[Gen 9 Champions] VGC 2026 Reg M-A",
  "players": [
    "CarrotsAreVeryPog",
    "ester98"
  ],
  "log": "|j|\u2606CarrotsAreVeryPog\n|j|\u2606ester98\n|html|<table width=\"100%\"><tr><td align=\"left\">CarrotsAreVeryPog</td><td align=\"right\">ester98</tr><tr><td align=\"left\"><i class=\"fa fa-circle-o\"></i> <i class=\"fa fa-circle-o\"></i> </td><td align=\"right\"><i class=\"fa fa-circle-o\"></i> <i class=\"fa fa-circle-o\"></i> </tr></table>\n|uhtml|bestof|<h2><strong>Game 1</strong> of <a href=\"/game-bestof3-gen9championsvgc2026regma-2582193863\">a best-of-3</a></h2>\n|t:|1776069753\n|gametype|doubles\n|player|p1|CarrotsAreVeryPog|veteran|\n|player|p2|ester98|lebanne|\n|gen|9\n|tier|[Gen 9 Champions] VGC 2026 Reg M-A\n|rated|Tournament battle\n|rule|Species Clause: Limit one of each Pok\u00e9mon\n|rule|Item Clause: Limit 1 of each item\n|raw|<div class=\"infobox\"><details class=\"readmore\" open><summary><strong>2 custom rules:</strong></summary> Force Open Team Sheets, Best of = 3</details></div>\n|clearpoke\n|poke|p1|Aggron, L50, F|\n|poke|p1|Sinistcha, L50|\n|poke|p1|Politoed, L50, M|\n|poke|p1|Basculegion, L50, M|\n|poke|p1|Gardevoir, L50, F|\n|poke|p2|Milotic, L50, F|\n|poke|p2|Tyranitar, L50, F|\n|poke|p2|Garchomp, L50, M|\n|poke|p2|Corviknight, L50, F|\n|poke|p2|Sinistcha, L50|\n|poke|p2|Sneasler, L50, F|\n|teampreview|4\n|showteam|p1|Aggron||Aggronite|HeavyMetal|BodyPress,HeavySlam,Curse,Protect|||F|||50|]Sinistcha||SitrusBerry|Hospitality|MatchaGotcha,RagePowder,TrickRoom,StrengthSap||||||50|]Politoed||Leftovers|Drizzle|WeatherBall,PerishSong,Encore,Protect|||M|||50|]Basculegion||ChoiceScarf|Adaptability|AquaJet,LastRespects,WaveCrash,FlipTurn|||M|||50|]Gardevoir||Gardevoirite|Trace|HyperVoice,Psyshock,Protect,TrickRoom|||F|||50|\n|showteam|p2|Milotic||SitrusBerry|Competitive|Scald,IcyWind,Recover,Protect|||F|||50|]Tyranitar||Tyranitarite|SandStream|RockSlide,KnockOff,LowKick,Protect|||F|||50|]Garchomp||BrightPowder|SandVeil|DragonClaw,Earthquake,RockSlide,Protect|||M|||50|]Corviknight||Leftovers|MirrorArmor|BodyPress,BraveBird,BulkUp,Roost|||F|||50|]Sinistcha||KasibBerry|Hospitality|MatchaGotcha,RagePowder,TrickRoom,LifeDew||||||50|]Sneasler||WhiteHerb|Unburden|CloseCombat,DireClaw,FakeOut,Protect|||F|||50|\n|c|\u2606ester98|oh hello\n|j| OnToTheOther\n|c|\u2606CarrotsAreVeryPog|oh hi\n|\n|t:|1776069791\n|teamsize|p1|4\n|teamsize|p2|4\n|start\n|switch|p1a: Aggron|Aggron, L50, F|100/100\n|switch|p1b: Basculegion|Basculegion, L50, M|100/100\n|switch|p2a: Tyranitar|Tyranitar, L50, F|100/100\n|switch|p2b: Sinistcha|Sinistcha, L50|100/100\n|-weather|Sandstorm|[from] ability: Sand Stream|[of] p2a: Tyranitar\n|turn|1\n|\n|t:|1776069806\n|detailschange|p1a: Aggron|Aggron-Mega, L50, F\n|-mega|p1a: Aggron|Aggron|Aggronite\n|move|p2a: Tyranitar|Protect|p2a: Tyranitar\n|-singleturn|p2a: Tyranitar|Protect\n|move|p1b: Basculegion|Flip Turn|p2b: Sinistcha\n|-resisted|p2b: Sinistcha|1\n|-damage|p2b: Sinistcha|85/100\n|\n|t:|1776069810\n|switch|p1b: Sinistcha|Sinistcha, L50|100/100|[from] Flip Turn\n|move|p2b: Sinistcha|Matcha Gotcha|p1a: Aggron|[spread] p1a\n|-miss|p2b: Sinistcha|p1b: Sinistcha\n|-resisted|p1a: Aggron|1\n|-damage|p1a: Aggron|88/100\n|-heal|p2b: Sinistcha|91/100|[from] drain|[of] p1a: Aggron\n|move|p1a: Aggron|Curse|p1a: Aggron\n|-unboost|p1a: Aggron|spe|1\n|-boost|p1a: Aggron|atk|1\n|-boost|p1a: Aggron|def|1\n|\n|-weather|Sandstorm|[upkeep]\n|-damage|p1b: Sinistcha|95/100|[from] Sandstorm\n|-damage|p2b: Sinistcha|85/100|[from] Sandstorm\n|upkeep\n|turn|2\n|\n|t:|1776069821\n|switch|p1b: Politoed|Politoed, L50, M|100/100\n|-weather|RainDance|[from] ability: Drizzle|[of] p1b: Politoed\n|move|p2a: Tyranitar|Knock Off|p1b: Politoed\n|-damage|p1b: Politoed|49/100\n|-enditem|p1b: Politoed|Leftovers|[from] move: Knock Off|[of] p2a: Tyranitar\n|move|p2b: Sinistcha|Matcha Gotcha|p1a: Aggron|[spread] p1a\n|-miss|p2b: Sinistcha|p1b: Politoed\n|-resisted|p1a: Aggron|1\n|-damage|p1a: Aggron|76/100\n|-heal|p2b: Sinistcha|90/100|[from] drain|[of] p1a: Aggron\n|move|p1a: Aggron|Heavy Slam|p2b: Sinistcha\n|-damage|p2b: Sinistcha|26/100\n|\n|-weather|RainDance|[upkeep]\n|upkeep\n|turn|3\n|\n|t:|1776069839\n|detailschange|p2a: Tyranitar|Tyranitar-Mega, L50, F\n|-mega|p2a: Tyranitar|Tyranitar|Tyranitarite\n|-weather|Sandstorm|[from] ability: Sand Stream|[of] p2a: Tyranitar\n|move|p2a: Tyranitar|Low Kick|p1a: Aggron\n|-supereffective|p1a: Aggron|1\n|-damage|p1a: Aggron|51/100\n|move|p1b: Politoed|Weather Ball|p2b: Sinistcha\n|-damage|p2b: Sinistcha|0 fnt\n|faint|p2b: Sinistcha\n|move|p1a: Aggron|Body Press|p2a: Tyranitar\n|-supereffective|p2a: Tyranitar|2\n|-damage|p2a: Tyranitar|0 fnt\n|faint|p2a: Tyranitar\n|\n|-weather|Sandstorm|[upkeep]\n|-damage|p1b: Politoed|43/100|[from] Sandstorm\n|upkeep\n|\n|t:|1776069848\n|switch|p2a: Milotic|Milotic, L50, F|100/100\n|switch|p2b: Sneasler|Sneasler, L50, F|100/100\n|turn|4\n|\n|t:|1776069858\n|switch|p1b: Sinistcha|Sinistcha, L50|95/100\n|-heal|p1a: Aggron|75/100|[from] ability: Hospitality|[of] p1b: Sinistcha\n|move|p1a: Aggron|Protect|p1a: Aggron\n|-singleturn|p1a: Aggron|Protect\n|move|p2b: Sneasler|Close Combat|p1b: Sinistcha\n|-immune|p1b: Sinistcha\n|move|p2a: Milotic|Scald|p1a: Aggron\n|-activate|p1a: Aggron|move: Protect\n|\n|-weather|Sandstorm|[upkeep]\n|-damage|p2b: Sneasler|95/100|[from] Sandstorm\n|-damage|p2a: Milotic|95/100|[from] Sandstorm\n|-damage|p1b: Sinistcha|89/100|[from] Sandstorm\n|upkeep\n|turn|5\n|\n|t:|1776069865\n|move|p1b: Sinistcha|Rage Powder|p1b: Sinistcha\n|-singleturn|p1b: Sinistcha|move: Rage Powder\n|move|p2b: Sneasler|Dire Claw|p1b: Sinistcha\n|-damage|p1b: Sinistcha|50/100\n|-status|p1b: Sinistcha|par\n|-enditem|p1b: Sinistcha|Sitrus Berry|[eat]\n|-heal|p1b: Sinistcha|75/100 par|[from] item: Sitrus Berry\n|move|p2a: Milotic|Icy Wind|p1a: Aggron|[spread] p1a,p1b\n|-resisted|p1a: Aggron|1\n|-supereffective|p1b: Sinistcha|1\n|-damage|p1a: Aggron|70/100\n|-damage|p1b: Sinistcha|52/100 par\n|-unboost|p1a: Aggron|spe|1\n|-unboost|p1b: Sinistcha|spe|1\n|move|p1a: Aggron|Heavy Slam|p2b: Sneasler\n|-damage|p2b: Sneasler|0 fnt\n|faint|p2b: Sneasler\n|\n|-weather|Sandstorm|[upkeep]\n|-damage|p2a: Milotic|89/100|[from] Sandstorm\n|-damage|p1b: Sinistcha|46/100 par|[from] Sandstorm\n|upkeep\n|turn|6\n|\n|t:|1776069871\n|move|p1b: Sinistcha|Rage Powder|p1b: Sinistcha\n|-singleturn|p1b: Sinistcha|move: Rage Powder\n|move|p2a: Milotic|Scald|p1b: Sinistcha\n|-resisted|p1b: Sinistcha|1\n|-damage|p1b: Sinistcha|27/100 par\n|move|p1a: Aggron|Body Press|p2a: Milotic\n|-damage|p2a: Milotic|22/100\n|-enditem|p2a: Milotic|Sitrus Berry|[eat]\n|-heal|p2a: Milotic|47/100|[from] item: Sitrus Berry\n|\n|-weather|Sandstorm|[upkeep]\n|-damage|p2a: Milotic|41/100|[from] Sandstorm\n|-damage|p1b: Sinistcha|21/100 par|[from] Sandstorm\n|upkeep\n|turn|7\n|\n|t:|1776069875\n|move|p1b: Sinistcha|Rage Powder|p1b: Sinistcha\n|-singleturn|p1b: Sinistcha|move: Rage Powder\n|move|p2a: Milotic|Scald|p1b: Sinistcha\n|-resisted|p1b: Sinistcha|1\n|-damage|p1b: Sinistcha|5/100 par\n|move|p1a: Aggron|Body Press|p2a: Milotic\n|-damage|p2a: Milotic|0 fnt\n|faint|p2a: Milotic\n|\n|win|CarrotsAreVeryPog\n||ester98 is ready for game 2.\n||CarrotsAreVeryPog is ready for game 2.\n|uhtml|next|Next: <a href=\"/battle-gen9championsvgc2026regma-2582194977\"><strong>Game 2 of 3</strong></a>\n|l|\u2606CarrotsAreVeryPog\n|player|p1|\n|l|\u2606ester98\n|player|p2|\n|j|\u2606CarrotsAreVeryPog\n|player|p1|CarrotsAreVeryPog|veteran|\n",
  "uploadtime": 1776070093,
  "views": 11,
  "formatid": "gen9championsvgc2026regma",
  "rating": null,
  "private": 0,
  "password": null
}