{
  "id": "gen9championsvgc2026regma-2588144632",
  "format": "[Gen 9 Champions] VGC 2026 Reg M-A",
  "players": [
    "Vulpisfoglia",
    "tarakan"
  ],
  "log": "|j|\u2606Vulpisfoglia\n|j|\u203dtarakan\n|t:|1776608819\n|gametype|doubles\n|player|p1|Vulpisfoglia|kunoichi2-conquest|1284\n|player|p2|tarakan|roxie|1344\n|gen|9\n|tier|[Gen 9 Champions] VGC 2026 Reg M-A\n|rated|\n|rule|Species Clause: Limit one of each Pok\u00e9mon\n|rule|Item Clause: Limit 1 of each item\n|clearpoke\n|poke|p1|Froslass, L50, F|\n|poke|p1|Greninja, L50, M|\n|poke|p1|Arcanine-Hisui, L50, F|\n|poke|p1|Sneasler, L50, M|\n|poke|p1|Zoroark-Hisui, L50, F|\n|poke|p1|Pikachu, L50, M|\n|poke|p2|Blastoise, L50, M|\n|poke|p2|Sneasler, L50, F|\n|poke|p2|Gengar, L50, M|\n|poke|p2|Ceruledge, L50, F|\n|poke|p2|Hydreigon, L50, M|\n|poke|p2|Liepard, L50, F|\n|teampreview|4\n|\n|t:|1776608856\n|teamsize|p1|4\n|teamsize|p2|4\n|start\n|switch|p1a: Greninja|Greninja, L50, M|100/100\n|switch|p1b: Sneasler|Sneasler, L50, M|100/100\n|switch|p2a: Gengar|Gengar, L50, M|100/100\n|switch|p2b: Liepard|Liepard, L50, F|100/100\n|turn|1\n|\n|t:|1776608864\n|detailschange|p2a: Gengar|Gengar-Mega, L50, M\n|-mega|p2a: Gengar|Gengar|Gengarite\n|move|p2b: Liepard|Protect|p2b: Liepard\n|-singleturn|p2b: Liepard|Protect\n|move|p2a: Gengar|Protect|p2a: Gengar\n|-singleturn|p2a: Gengar|Protect\n|move|p1b: Sneasler|Fake Out|p2b: Liepard\n|-activate|p2b: Liepard|move: Protect\n|move|p1a: Greninja|Shadow Ball|p2a: Gengar\n|-activate|p2a: Gengar|move: Protect\n|\n|upkeep\n|turn|2\n|\n|t:|1776608878\n|switch|p2a: Hydreigon|Hydreigon, L50, M|100/100\n|move|p2b: Liepard|Encore|p1b: Sneasler\n|-start|p1b: Sneasler|Encore\n|move|p1b: Sneasler|Fake Out||[still]\n|-hint|Fake Out only works on your first turn out.\n|-fail|p1b: Sneasler\n|move|p1a: Greninja|Shadow Ball|p2a: Hydreigon\n|-resisted|p2a: Hydreigon|1\n|-damage|p2a: Hydreigon|77/100\n|\n|-heal|p2a: Hydreigon|83/100|[from] item: Leftovers\n|upkeep\n|turn|3\n|\n|t:|1776608893\n|switch|p1a: Greninja|Greninja, L50, M|100/100\n|switch|p1b: Froslass|Froslass, L50, F|100/100\n|move|p2b: Liepard|Knock Off|p1a: Greninja\n|-resisted|p1a: Greninja|1\n|-damage|p1a: Greninja|68/100\n|-enditem|p1a: Greninja|Focus Sash|[from] move: Knock Off|[of] p2b: Liepard\n|move|p2a: Hydreigon|Tailwind|p2a: Hydreigon\n|-sidestart|p2: tarakan|move: Tailwind\n|\n|-heal|p2a: Hydreigon|89/100|[from] item: Leftovers\n|upkeep\n|turn|4\n|\n|t:|1776608906\n|detailschange|p1b: Froslass|Froslass-Mega, L50, F\n|-mega|p1b: Froslass|Froslass|Froslassite\n|-weather|Snowscape|[from] ability: Snow Warning|[of] p1b: Froslass\n|move|p2b: Liepard|Knock Off|p1b: Froslass\n|-supereffective|p1b: Froslass|1\n|-damage|p1b: Froslass|39/100\n|move|p2a: Hydreigon|Dark Pulse|p1b: Froslass\n|-supereffective|p1b: Froslass|1\n|-damage|p1b: Froslass|0 fnt\n|faint|p1b: Froslass\n|move|p1a: Greninja|Blizzard|p2a: Hydreigon|[spread] p2a,p2b\n|-start|p1a: Greninja|typechange|Ice|[from] ability: Protean\n|-supereffective|p2a: Hydreigon|1\n|-damage|p2a: Hydreigon|5/100\n|-damage|p2b: Liepard|12/100\n|\n|-weather|Snowscape|[upkeep]\n|-heal|p2a: Hydreigon|11/100|[from] item: Leftovers\n|upkeep\n|\n|t:|1776608921\n|switch|p1b: Sneasler|Sneasler, L50, M|100/100\n|turn|5\n|\n|t:|1776608927\n|move|p2b: Liepard|Protect|p2b: Liepard\n|-singleturn|p2b: Liepard|Protect\n|move|p2a: Hydreigon|Protect|p2a: Hydreigon\n|-singleturn|p2a: Hydreigon|Protect\n|move|p1b: Sneasler|Fake Out|p2a: Hydreigon\n|-activate|p2a: Hydreigon|move: Protect\n|move|p1a: Greninja|Blizzard|p2b: Liepard|[spread] \n|-activate|p2a: Hydreigon|move: Protect\n|-activate|p2b: Liepard|move: Protect\n|\n|-weather|Snowscape|[upkeep]\n|-heal|p2a: Hydreigon|17/100|[from] item: Leftovers\n|upkeep\n|turn|6\n|\n|t:|1776608941\n|switch|p1b: Sneasler|Sneasler, L50, M|100/100\n|move|p2b: Liepard|Encore||[still]\n|-fail|p2b: Liepard\n|move|p2a: Hydreigon|Dark Pulse|p1a: Greninja\n|-damage|p1a: Greninja|9/100\n|cant|p1a: Greninja|flinch\n|\n|-weather|Snowscape|[upkeep]\n|-heal|p2a: Hydreigon|23/100|[from] item: Leftovers\n|-sideend|p2: tarakan|move: Tailwind\n|upkeep\n|turn|7\n|\n|t:|1776608957\n|move|p2b: Liepard|Protect|p2b: Liepard\n|-singleturn|p2b: Liepard|Protect\n|move|p2a: Hydreigon|Protect|p2a: Hydreigon\n|-singleturn|p2a: Hydreigon|Protect\n|move|p1b: Sneasler|Hyper Voice|p2a: Hydreigon|[spread] \n|-activate|p2a: Hydreigon|move: Protect\n|-activate|p2b: Liepard|move: Protect\n|move|p1a: Greninja|Blizzard|p2a: Hydreigon|[spread] \n|-activate|p2a: Hydreigon|move: Protect\n|-activate|p2b: Liepard|move: Protect\n|\n|-weather|Snowscape|[upkeep]\n|-heal|p2a: Hydreigon|29/100|[from] item: Leftovers\n|upkeep\n|turn|8\n|\n|t:|1776608976\n|move|p2b: Liepard|Encore|p1b: Sneasler\n|-start|p1b: Sneasler|Encore\n|move|p1b: Sneasler|Hyper Voice|p2b: Liepard|[spread] p2a,p2b\n|-damage|p2a: Hydreigon|0 fnt\n|-damage|p2b: Liepard|0 fnt\n|faint|p2a: Hydreigon\n|faint|p2b: Liepard\n|move|p1a: Greninja|Blizzard|p2: Hydreigon|[notarget]\n|-fail|p1a: Greninja\n|\n|-weather|none\n|upkeep\n|\n|t:|1776608981\n|switch|p2b: Blastoise|Blastoise, L50, M|100/100\n|switch|p2a: Gengar|Gengar-Mega, L50, M|100/100\n|turn|9\n|\n|t:|1776608989\n|switch|p1b: Sneasler|Sneasler, L50, M|100/100\n|move|p2a: Gengar|Protect|p2a: Gengar\n|-singleturn|p2a: Gengar|Protect\n|move|p1a: Greninja|Dark Pulse|p2a: Gengar\n|-activate|p2a: Gengar|move: Protect\n|move|p2b: Blastoise|Icy Wind|p1a: Greninja|[spread] p1a,p1b\n|-resisted|p1a: Greninja|1\n|-damage|p1a: Greninja|0 fnt\n|-damage|p1b: Sneasler|85/100\n|-unboost|p1b: Sneasler|spe|1\n|faint|p1a: Greninja\n|-enditem|p1b: Sneasler|White Herb\n|-clearnegativeboost|p1b: Sneasler|[silent]\n|\n|upkeep\n|\n|t:|1776609002\n|switch|p1a: Sneasler|Sneasler, L50, M|100/100\n|turn|10\n|\n|t:|1776609021\n|move|p1b: Sneasler|Dire Claw|p2b: Blastoise\n|-damage|p2b: Blastoise|57/100\n|-status|p2b: Blastoise|slp\n|move|p1a: Sneasler|Shadow Ball|p2a: Gengar\n|-supereffective|p2a: Gengar|1\n|-damage|p2a: Gengar|0 fnt\n|faint|p2a: Gengar\n|cant|p2b: Blastoise|slp\n|\n|upkeep\n|turn|11\n|-message|tarakan forfeited.\n|\n|win|Vulpisfoglia\n|raw|Vulpisfoglia's rating: 1284 &rarr; <strong>1313</strong><br />(+29 for winning)\n|raw|tarakan's rating: 1344 &rarr; <strong>1321</strong><br />(-23 for losing)\n|l|\u203dtarakan\n|player|p2|\n",
  "uploadtime": 1776609033,
  "views": 11,
  "formatid": "gen9championsvgc2026regma",
  "rating": 1313,
  "private": 0,
  "password": null
}