{
  "id": "gen9championsvgc2026regma-2587477025",
  "format": "[Gen 9 Champions] VGC 2026 Reg M-A",
  "players": [
    "yosoycrox",
    "rauhtr"
  ],
  "log": "|j|\u2606yosoycrox\n|j|\u2606rauhtr\n|t:|1776535100\n|gametype|doubles\n|player|p1|yosoycrox|iris-gen5bw2|1115\n|player|p2|rauhtr|blue|1210\n|gen|9\n|tier|[Gen 9 Champions] VGC 2026 Reg M-A\n|rated|\n|rule|Species Clause: Limit one of each Pok\u00e9mon\n|rule|Item Clause: Limit 1 of each item\n|clearpoke\n|poke|p1|Lopunny, L50, F|\n|poke|p1|Dragapult, L50, M, shiny|\n|poke|p1|Garchomp, L50, M|\n|poke|p1|Whimsicott, L50, F|\n|poke|p1|Gardevoir, L50, F|\n|poke|p1|Volcarona, L50, F, shiny|\n|poke|p2|Gengar, L50, M|\n|poke|p2|Kommo-o, L50, F|\n|poke|p2|Slowking-Galar, L50, M|\n|poke|p2|Sinistcha, L50|\n|poke|p2|Incineroar, L50, F|\n|poke|p2|Dragapult, L50, F|\n|teampreview|4\n|inactive|Battle timer is ON: inactive players will automatically lose when time's up. (requested by rauhtr)\n|inactive|rauhtr has 60 seconds left.\n|inactive|yosoycrox has 60 seconds left.\n|inactive|rauhtr has 30 seconds left.\n|\n|t:|1776535172\n|teamsize|p1|4\n|teamsize|p2|4\n|start\n|switch|p1a: Whimsicott|Whimsicott, L50, F|100/100\n|switch|p1b: Volcarona|Volcarona, L50, F, shiny|100/100\n|switch|p2a: Incineroar|Incineroar, L50, F|100/100\n|switch|p2b: Dragapult|Dragapult, L50, F|100/100\n|-ability|p2a: Incineroar|Intimidate|boost\n|-unboost|p1a: Whimsicott|atk|1\n|-unboost|p1b: Volcarona|atk|1\n|turn|1\n|inactive|yosoycrox has 30 seconds left.\n|\n|t:|1776535198\n|move|p2a: Incineroar|Fake Out|p1b: Volcarona\n|-damage|p1b: Volcarona|86/100\n|cant|p1b: Volcarona|flinch\n|move|p1a: Whimsicott|Tailwind|p1a: Whimsicott\n|-sidestart|p1: yosoycrox|move: Tailwind\n|move|p2b: Dragapult|Draco Meteor|p1b: Volcarona\n|-damage|p1b: Volcarona|43/100\n|-unboost|p2b: Dragapult|spa|2\n|\n|-heal|p1b: Volcarona|48/100|[from] item: Leftovers\n|upkeep\n|turn|2\n|\n|t:|1776535219\n|switch|p2b: Gengar|Gengar, L50, M|100/100\n|move|p1b: Volcarona|Protect|p1b: Volcarona\n|-singleturn|p1b: Volcarona|Protect\n|move|p1a: Whimsicott|Leech Seed|p2b: Gengar|[miss]\n|-miss|p1a: Whimsicott|p2b: Gengar\n|move|p2a: Incineroar|Parting Shot|p1b: Volcarona\n|-activate|p1b: Volcarona|move: Protect\n|\n|-heal|p1b: Volcarona|54/100|[from] item: Leftovers\n|upkeep\n|turn|3\n|\n|t:|1776535234\n|detailschange|p2b: Gengar|Gengar-Mega, L50, M\n|-mega|p2b: Gengar|Gengar|Gengarite\n|move|p1a: Whimsicott|Leech Seed|p2b: Gengar\n|-start|p2b: Gengar|move: Leech Seed\n|move|p1b: Volcarona|Fiery Dance|p2b: Gengar\n|-damage|p2b: Gengar|41/100\n|move|p2b: Gengar|Substitute|p2b: Gengar\n|-start|p2b: Gengar|Substitute\n|-damage|p2b: Gengar|16/100\n|move|p2a: Incineroar|Parting Shot|p1b: Volcarona\n|-unboost|p1b: Volcarona|atk|1\n|-unboost|p1b: Volcarona|spa|1\n|\n|t:|1776535244\n|switch|p2a: Sinistcha|Sinistcha, L50|100/100|[from] Parting Shot\n|-heal|p2b: Gengar|41/100|[from] ability: Hospitality|[of] p2a: Sinistcha\n|\n|-heal|p1b: Volcarona|60/100|[from] item: Leftovers\n|-damage|p2b: Gengar|28/100|[from] Leech Seed|[of] p1a: Whimsicott\n|upkeep\n|turn|4\n|\n|t:|1776535259\n|move|p2a: Sinistcha|Protect|p2a: Sinistcha\n|-singleturn|p2a: Sinistcha|Protect\n|move|p1a: Whimsicott|Moonblast|p2b: Gengar\n|-resisted|p2b: Gengar|1\n|-activate|p2b: Gengar|move: Substitute|[damage]\n|move|p1b: Volcarona|Struggle Bug|p2a: Sinistcha|[spread] p2b\n|-activate|p2a: Sinistcha|move: Protect\n|-resisted|p2b: Gengar|2\n|-end|p2b: Gengar|Substitute\n|move|p2b: Gengar|Perish Song|p2b: Gengar\n|-start|p1a: Whimsicott|perish3|[silent]\n|-start|p1b: Volcarona|perish3|[silent]\n|-start|p2a: Sinistcha|perish3|[silent]\n|-start|p2b: Gengar|perish3|[silent]\n|-fieldactivate|move: Perish Song\n|\n|-heal|p1b: Volcarona|66/100|[from] item: Leftovers\n|-damage|p2b: Gengar|16/100|[from] Leech Seed|[of] p1a: Whimsicott\n|-start|p1a: Whimsicott|perish3\n|-start|p1b: Volcarona|perish3\n|-start|p2b: Gengar|perish3\n|-start|p2a: Sinistcha|perish3\n|-sideend|p1: yosoycrox|move: Tailwind\n|upkeep\n|turn|5\n|inactive|yosoycrox has 30 seconds left.\n|\n|t:|1776535286\n|switch|p2b: Incineroar|Incineroar, L50, F|100/100\n|-ability|p2b: Incineroar|Intimidate|boost\n|-unboost|p1a: Whimsicott|atk|1\n|-unboost|p1b: Volcarona|atk|1\n|switch|p2a: Dragapult|Dragapult, L50, F|100/100\n|move|p1a: Whimsicott|Moonblast|p2b: Incineroar\n|-damage|p2b: Incineroar|80/100\n|move|p1b: Volcarona|Fiery Dance|p2b: Incineroar\n|-resisted|p2b: Incineroar|1\n|-damage|p2b: Incineroar|71/100\n|-boost|p1b: Volcarona|spa|1\n|\n|-heal|p1b: Volcarona|72/100|[from] item: Leftovers\n|-start|p1a: Whimsicott|perish2\n|-start|p1b: Volcarona|perish2\n|upkeep\n|turn|6\n|inactive|rauhtr has 30 seconds left.\n|\n|t:|1776535320\n|switch|p1a: Garchomp|Garchomp, L50, M|100/100\n|switch|p1b: Lopunny|Lopunny, L50, F|100/100\n|move|p2b: Incineroar|Fake Out|p1a: Garchomp\n|-damage|p1a: Garchomp|90/100\n|-damage|p2b: Incineroar|58/100|[from] ability: Rough Skin|[of] p1a: Garchomp\n|move|p2a: Dragapult|Shadow Ball|p1b: Lopunny\n|-immune|p1b: Lopunny\n|\n|upkeep\n|turn|7\n|\n|t:|1776535344\n|detailschange|p1b: Lopunny|Lopunny-Mega, L50, F\n|-mega|p1b: Lopunny|Lopunny|Lopunnite\n|move|p1b: Lopunny|Fake Out|p2a: Dragapult\n|-damage|p2a: Dragapult|66/100\n|cant|p2a: Dragapult|flinch\n|move|p1a: Garchomp|Dragon Claw|p2b: Incineroar\n|-crit|p2b: Incineroar\n|-damage|p2b: Incineroar|0 fnt\n|faint|p2b: Incineroar\n|\n|upkeep\n|\n|t:|1776535355\n|switch|p2b: Gengar|Gengar-Mega, L50, M|16/100\n|turn|8\n|\n|t:|1776535377\n|move|p2b: Gengar|Protect|p2b: Gengar\n|-singleturn|p2b: Gengar|Protect\n|move|p1b: Lopunny|Ice Punch|p2b: Gengar\n|-activate|p2b: Gengar|move: Protect\n|move|p2a: Dragapult|Draco Meteor|p1a: Garchomp\n|-supereffective|p1a: Garchomp|1\n|-enditem|p1a: Garchomp|Haban Berry|[eat]\n|-enditem|p1a: Garchomp|Haban Berry|[weaken]\n|-damage|p1a: Garchomp|28/100\n|-unboost|p2a: Dragapult|spa|2\n|move|p1a: Garchomp|Dragon Claw|p2b: Gengar\n|-activate|p2b: Gengar|move: Protect\n|\n|upkeep\n|turn|9\n|\n|t:|1776535399\n|switch|p2b: Sinistcha|Sinistcha, L50|100/100\n|-heal|p2a: Dragapult|90/100|[from] ability: Hospitality|[of] p2b: Sinistcha\n|move|p1a: Garchomp|Protect|p1a: Garchomp\n|-singleturn|p1a: Garchomp|Protect\n|move|p1b: Lopunny|Ice Punch|p2a: Dragapult\n|-supereffective|p2a: Dragapult|1\n|-damage|p2a: Dragapult|12/100\n|move|p2a: Dragapult|Shadow Ball|p1a: Garchomp\n|-activate|p1a: Garchomp|move: Protect\n|\n|upkeep\n|turn|10\n|inactive|rauhtr has 30 seconds left.\n|\n|t:|1776535426\n|switch|p1a: Volcarona|Volcarona, L50, F, shiny|72/100\n|move|p2b: Sinistcha|Protect|p2b: Sinistcha\n|-singleturn|p2b: Sinistcha|Protect\n|move|p1b: Lopunny|U-turn|p2b: Sinistcha\n|-activate|p2b: Sinistcha|move: Protect\n|move|p2a: Dragapult|Draco Meteor|p1a: Volcarona\n|-damage|p1a: Volcarona|49/100\n|-unboost|p2a: Dragapult|spa|2\n|\n|-heal|p1a: Volcarona|55/100|[from] item: Leftovers\n|upkeep\n|turn|11\n|\n|t:|1776535441\n|switch|p2a: Gengar|Gengar-Mega, L50, M|16/100\n|move|p2b: Sinistcha|Rage Powder|p2b: Sinistcha\n|-singleturn|p2b: Sinistcha|move: Rage Powder\n|move|p1b: Lopunny|U-turn|p2b: Sinistcha\n|-damage|p2b: Sinistcha|82/100\n|\n|t:|1776535448\n|switch|p1b: Whimsicott|Whimsicott, L50, F|100/100|[from] U-turn\n|move|p1a: Volcarona|Struggle Bug|p2b: Sinistcha|[spread] p2a,p2b\n|-resisted|p2a: Gengar|2\n|-damage|p2a: Gengar|9/100\n|-damage|p2b: Sinistcha|60/100\n|-unboost|p2a: Gengar|spa|1\n|-unboost|p2b: Sinistcha|spa|1\n|\n|-heal|p1a: Volcarona|61/100|[from] item: Leftovers\n|upkeep\n|turn|12\n|-message|rauhtr forfeited.\n|\n|win|yosoycrox\n|raw|yosoycrox's rating: 1115 &rarr; <strong>1147</strong><br />(+32 for winning)\n|raw|rauhtr's rating: 1210 &rarr; <strong>1178</strong><br />(-32 for losing)\n|l|\u2606rauhtr\n|player|p2|\n",
  "uploadtime": 1776535464,
  "views": 34,
  "formatid": "gen9championsvgc2026regma",
  "rating": 1147,
  "private": 0,
  "password": null
}