{
  "id": "gen9championsvgc2026regma-2580866250",
  "format": "[Gen 9 Champions] VGC 2026 Reg M-A",
  "players": [
    "manu0710",
    "SpiderKash"
  ],
  "log": "|j|\u2606manu0710\n|j|\u2606SpiderKash\n|t:|1775938923\n|gametype|doubles\n|player|p1|manu0710|265|1269\n|player|p2|SpiderKash|169|1318\n|gen|9\n|tier|[Gen 9 Champions] VGC 2026 Reg M-A\n|rated|\n|rule|Species Clause: Limit one of each Pok\u00e9mon\n|rule|Item Clause: Limit 1 of each item\n|clearpoke\n|poke|p1|Farigiraf, L50, F|\n|poke|p1|Drampa, L50, M|\n|poke|p1|Incineroar, L50, M|\n|poke|p1|Sinistcha, L50|\n|poke|p1|Araquanid, L50, F|\n|poke|p1|Goodra-Hisui, L50, F|\n|poke|p2|Camerupt, L50, F|\n|poke|p2|Maushold-Four, L50|\n|poke|p2|Farigiraf, L50, M|\n|poke|p2|Kleavor, L50, F|\n|poke|p2|Kingambit, L50, M|\n|poke|p2|Dragonite, L50, M|\n|teampreview|4\n|inactive|Battle timer is ON: inactive players will automatically lose when time's up. (requested by manu0710)\n|inactive|manu0710 has 60 seconds left.\n|\n|t:|1775938972\n|teamsize|p1|4\n|teamsize|p2|4\n|start\n|switch|p1a: Araquanid|Araquanid, L50, F|100/100\n|switch|p1b: Farigiraf|Farigiraf, L50, F|100/100\n|switch|p2a: Maushold|Maushold-Four, L50|100/100\n|switch|p2b: Kingambit|Kingambit, L50, M|100/100\n|turn|1\n|inactive|manu0710 has 30 seconds left.\n|\n|t:|1775939007\n|move|p2a: Maushold|Super Fang|p1a: Araquanid|[miss]\n|-miss|p2a: Maushold|p1a: Araquanid\n|move|p2b: Kingambit|Swords Dance|p2b: Kingambit\n|-boost|p2b: Kingambit|atk|2\n|move|p1a: Araquanid|Liquidation|p2a: Maushold\n|-damage|p2a: Maushold|9/100\n|-enditem|p2a: Maushold|Sitrus Berry|[eat]\n|-heal|p2a: Maushold|34/100|[from] item: Sitrus Berry\n|move|p1b: Farigiraf|Trick Room|p1b: Farigiraf\n|-fieldstart|move: Trick Room|[of] p1b: Farigiraf\n|\n|upkeep\n|turn|2\n|\n|t:|1775939022\n|move|p2a: Maushold|Protect|p2a: Maushold\n|-singleturn|p2a: Maushold|Protect\n|move|p1a: Araquanid|Liquidation|p2b: Kingambit\n|-damage|p2b: Kingambit|60/100\n|move|p1b: Farigiraf|Hyper Voice|p2a: Maushold|[spread] p2b\n|-activate|p2a: Maushold|move: Protect\n|-resisted|p2b: Kingambit|1\n|-damage|p2b: Kingambit|51/100\n|move|p2b: Kingambit|Kowtow Cleave|p1b: Farigiraf\n|-supereffective|p1b: Farigiraf|1\n|-damage|p1b: Farigiraf|0 fnt\n|faint|p1b: Farigiraf\n|\n|upkeep\n|\n|t:|1775939026\n|switch|p1b: Drampa|Drampa, L50, M|100/100\n|turn|3\n|\n|t:|1775939040\n|detailschange|p1b: Drampa|Drampa-Mega, L50, M\n|-mega|p1b: Drampa|Drampa|Drampanite\n|move|p2a: Maushold|Follow Me|p2a: Maushold\n|-singleturn|p2a: Maushold|move: Follow Me\n|move|p2b: Kingambit|Sucker Punch|p1a: Araquanid\n|-damage|p1a: Araquanid|0 fnt\n|faint|p1a: Araquanid\n|move|p1b: Drampa|Earth Power|p2a: Maushold\n|-crit|p2a: Maushold\n|-damage|p2a: Maushold|0 fnt\n|faint|p2a: Maushold\n|\n|upkeep\n|\n|t:|1775939056\n|switch|p1a: Incineroar|Incineroar, L50, M|100/100\n|switch|p2a: Camerupt|Camerupt, L50, F|100/100\n|-ability|p1a: Incineroar|Intimidate|boost\n|-unboost|p2a: Camerupt|atk|1\n|-unboost|p2b: Kingambit|atk|1\n|-ability|p2b: Kingambit|Defiant|boost\n|-boost|p2b: Kingambit|atk|2\n|turn|4\n|inactive|manu0710 has 30 seconds left.\n|\n|t:|1775939083\n|move|p1b: Drampa|Protect|p1b: Drampa\n|-singleturn|p1b: Drampa|Protect\n|move|p2a: Camerupt|Protect|p2a: Camerupt\n|-singleturn|p2a: Camerupt|Protect\n|move|p2b: Kingambit|Protect|p2b: Kingambit\n|-singleturn|p2b: Kingambit|Protect\n|move|p1a: Incineroar|Flare Blitz|p2b: Kingambit\n|-activate|p2b: Kingambit|move: Protect\n|\n|upkeep\n|turn|5\n|\n|t:|1775939101\n|detailschange|p2a: Camerupt|Camerupt-Mega, L50, F\n|-mega|p2a: Camerupt|Camerupt|Cameruptite\n|move|p1b: Drampa|Protect|p1b: Drampa\n|-singleturn|p1b: Drampa|Protect\n|move|p2b: Kingambit|Sucker Punch||[still]\n|-fail|p2b: Kingambit\n|move|p2a: Camerupt|Earth Power|p1a: Incineroar\n|-supereffective|p1a: Incineroar|1\n|-damage|p1a: Incineroar|0 fnt\n|faint|p1a: Incineroar\n|\n|-fieldend|move: Trick Room\n|upkeep\n|turn|6\n|\n|t:|1775939111\n|move|p2b: Kingambit|Sucker Punch|p1b: Drampa\n|-damage|p1b: Drampa|0 fnt\n|faint|p1b: Drampa\n|\n|win|SpiderKash\n|raw|manu0710's rating: 1290 &rarr; <strong>1267</strong><br />(-23 for losing)\n|raw|SpiderKash's rating: 1318 &rarr; <strong>1336</strong><br />(+18 for winning)\n",
  "uploadtime": 1775939116,
  "views": 38,
  "formatid": "gen9championsvgc2026regma",
  "rating": 1267,
  "private": 0,
  "password": null
}