{
  "id": "gen9championsvgc2026regma-2580743099",
  "format": "[Gen 9 Champions] VGC 2026 Reg M-A",
  "players": [
    "omaster6",
    "debouls"
  ],
  "log": "|j|\u2606omaster6\n|j|\u2606debouls\n|t:|1775928835\n|gametype|doubles\n|player|p1|omaster6|chuck|1075\n|player|p2|debouls|266|1148\n|gen|9\n|tier|[Gen 9 Champions] VGC 2026 Reg M-A\n|rated|\n|rule|Species Clause: Limit one of each Pok\u00e9mon\n|rule|Item Clause: Limit 1 of each item\n|clearpoke\n|poke|p1|Aerodactyl, L50, F|\n|poke|p1|Pelipper, L50, M|\n|poke|p1|Sableye, L50, F|\n|poke|p1|Archaludon, L50, F|\n|poke|p1|Sneasler, L50, F|\n|poke|p1|Corviknight, L50, M|\n|poke|p2|Starmie, L50|\n|poke|p2|Sneasler, L50, F|\n|poke|p2|Sinistcha, L50|\n|poke|p2|Kingambit, L50, F|\n|poke|p2|Dragonite, L50, F|\n|poke|p2|Pelipper, L50, M|\n|teampreview|4\n|inactive|Battle timer is ON: inactive players will automatically lose when time's up. (requested by debouls)\n|inactive|omaster6 has 60 seconds left.\n|\n|t:|1775928961\n|teamsize|p1|4\n|teamsize|p2|4\n|start\n|switch|p1a: Corviknight|Corviknight, L50, M|100/100\n|switch|p1b: Sneasler|Sneasler, L50, F|100/100\n|switch|p2a: Sneasler|Sneasler, L50, F|100/100\n|switch|p2b: Kingambit|Kingambit, L50, F|100/100\n|turn|1\n|inactive|omaster6 has 30 seconds left.\n|\n|t:|1775928988\n|move|p1b: Sneasler|Protect|p1b: Sneasler\n|-singleturn|p1b: Sneasler|Protect\n|move|p1a: Corviknight|Protect|p1a: Corviknight\n|-singleturn|p1a: Corviknight|Protect\n|move|p2b: Kingambit|Protect|p2b: Kingambit\n|-singleturn|p2b: Kingambit|Protect\n|move|p2a: Sneasler|Coaching|p2b: Kingambit\n|-boost|p2b: Kingambit|atk|1\n|-boost|p2b: Kingambit|def|1\n|\n|upkeep\n|turn|2\n|inactive|debouls has 30 seconds left.\n|inactive|debouls has 20 seconds left.\n|\n|t:|1775929027\n|move|p2a: Sneasler|Coaching|p2b: Kingambit\n|-boost|p2b: Kingambit|atk|1\n|-boost|p2b: Kingambit|def|1\n|move|p1b: Sneasler|Close Combat|p2b: Kingambit\n|-supereffective|p2b: Kingambit|2\n|-enditem|p2b: Kingambit|Chople Berry|[eat]\n|-enditem|p2b: Kingambit|Chople Berry|[weaken]\n|-damage|p2b: Kingambit|57/100\n|-unboost|p1b: Sneasler|def|1\n|-unboost|p1b: Sneasler|spd|1\n|-enditem|p1b: Sneasler|White Herb\n|-clearnegativeboost|p1b: Sneasler|[silent]\n|move|p1a: Corviknight|Body Press|p2b: Kingambit\n|-supereffective|p2b: Kingambit|2\n|-damage|p2b: Kingambit|16/100\n|move|p2b: Kingambit|Kowtow Cleave|p1a: Corviknight\n|-damage|p1a: Corviknight|43/100\n|-enditem|p1a: Corviknight|Sitrus Berry|[eat]\n|-heal|p1a: Corviknight|68/100|[from] item: Sitrus Berry\n|\n|upkeep\n|turn|3\n|inactive|omaster6 has 30 seconds left.\n|inactive|debouls has 30 seconds left.\n|inactive|omaster6 has 20 seconds left.\n|inactive|omaster6 has 15 seconds left.\n|\n|t:|1775929070\n|switch|p1b: Archaludon|Archaludon, L50, F|100/100\n|move|p2b: Kingambit|Protect|p2b: Kingambit\n|-singleturn|p2b: Kingambit|Protect\n|move|p2a: Sneasler|Close Combat|p1a: Corviknight\n|-damage|p1a: Corviknight|33/100\n|-unboost|p2a: Sneasler|def|1\n|-unboost|p2a: Sneasler|spd|1\n|move|p1a: Corviknight|Tailwind|p1a: Corviknight\n|-sidestart|p1: omaster6|move: Tailwind\n|\n|upkeep\n|turn|4\n|\n|t:|1775929095\n|move|p2b: Kingambit|Sucker Punch|p1a: Corviknight\n|-damage|p1a: Corviknight|0 fnt\n|faint|p1a: Corviknight\n|move|p1b: Archaludon|Electro Shot||[still]\n|-prepare|p1b: Archaludon|Electro Shot\n|-boost|p1b: Archaludon|spa|1\n|move|p2a: Sneasler|Close Combat|p1b: Archaludon\n|-supereffective|p1b: Archaludon|1\n|-damage|p1b: Archaludon|15/100\n|-unboost|p2a: Sneasler|def|1\n|-unboost|p2a: Sneasler|spd|1\n|-ability|p1b: Archaludon|Stamina|boost\n|-boost|p1b: Archaludon|def|1\n|\n|-heal|p1b: Archaludon|21/100|[from] item: Leftovers\n|upkeep\n|\n|t:|1775929106\n|switch|p1a: Sneasler|Sneasler, L50, F|100/100\n|turn|5\n|\n|t:|1775929121\n|move|p1a: Sneasler|Fake Out|p2b: Kingambit\n|-resisted|p2b: Kingambit|1\n|-damage|p2b: Kingambit|14/100\n|cant|p2b: Kingambit|flinch\n|move|p1b: Archaludon|Electro Shot|p2a: Sneasler|[from] lockedmove\n|-crit|p2a: Sneasler\n|-enditem|p2a: Sneasler|Focus Sash\n|-damage|p2a: Sneasler|1/100\n|move|p2a: Sneasler|Close Combat|p1b: Archaludon\n|-supereffective|p1b: Archaludon|1\n|-damage|p1b: Archaludon|0 fnt\n|-unboost|p2a: Sneasler|def|1\n|-unboost|p2a: Sneasler|spd|1\n|faint|p1b: Archaludon\n|\n|upkeep\n|\n|t:|1775929134\n|switch|p1b: Sableye|Sableye, L50, F|100/100\n|turn|6\n|inactive|omaster6 has 30 seconds left.\n|\n|t:|1775929164\n|move|p1b: Sableye|Disable|p2a: Sneasler\n|-start|p2a: Sneasler|Disable|Close Combat\n|move|p2b: Kingambit|Sucker Punch|p1a: Sneasler\n|-resisted|p1a: Sneasler|1\n|-damage|p1a: Sneasler|34/100\n|move|p2a: Sneasler|Dire Claw|p1b: Sableye\n|-resisted|p1b: Sableye|1\n|-damage|p1b: Sableye|73/100\n|move|p1a: Sneasler|Close Combat|p2b: Kingambit\n|-supereffective|p2b: Kingambit|2\n|-damage|p2b: Kingambit|0 fnt\n|-unboost|p1a: Sneasler|def|1\n|-unboost|p1a: Sneasler|spd|1\n|faint|p2b: Kingambit\n|\n|-sideend|p1: omaster6|move: Tailwind\n|upkeep\n|\n|t:|1775929181\n|switch|p2b: Dragonite|Dragonite, L50, F|100/100\n|turn|7\n|\n|t:|1775929198\n|detailschange|p2b: Dragonite|Dragonite-Mega, L50, F\n|-mega|p2b: Dragonite|Dragonite|Dragoninite\n|move|p1b: Sableye|Protect|p1b: Sableye\n|-singleturn|p1b: Sableye|Protect\n|move|p1a: Sneasler|Protect|p1a: Sneasler\n|-singleturn|p1a: Sneasler|Protect\n|move|p2a: Sneasler|Dire Claw|p1b: Sableye\n|-activate|p1b: Sableye|move: Protect\n|move|p2b: Dragonite|Tailwind|p2b: Dragonite\n|-sidestart|p2: debouls|move: Tailwind\n|\n|upkeep\n|turn|8\n|\n|t:|1775929216\n|switch|p2a: Pelipper|Pelipper, L50, M|100/100\n|-weather|RainDance|[from] ability: Drizzle|[of] p2a: Pelipper\n|move|p1b: Sableye|Encore|p2b: Dragonite\n|-start|p2b: Dragonite|Encore\n|move|p2b: Dragonite|Tailwind||[still]\n|-fail|p2b: Dragonite\n|move|p1a: Sneasler|Dire Claw|p2a: Pelipper\n|-damage|p2a: Pelipper|45/100\n|\n|-weather|RainDance|[upkeep]\n|upkeep\n|turn|9\n|inactive|omaster6 has 30 seconds left.\n|\n|t:|1775929251\n|switch|p2b: Sneasler|Sneasler, L50, F|1/100\n|move|p1b: Sableye|Protect|p1b: Sableye\n|-singleturn|p1b: Sableye|Protect\n|move|p1a: Sneasler|Protect|p1a: Sneasler\n|-singleturn|p1a: Sneasler|Protect\n|move|p2a: Pelipper|Hurricane|p1a: Sneasler\n|-activate|p1a: Sneasler|move: Protect\n|\n|-weather|RainDance|[upkeep]\n|upkeep\n|turn|10\n|inactive|omaster6 has 30 seconds left.\n|inactive|omaster6 has 20 seconds left.\n|inactive|debouls has 30 seconds left.\n|inactive|omaster6 has 15 seconds left.\n|\n|t:|1775929293\n|switch|p2a: Dragonite|Dragonite-Mega, L50, F|100/100\n|move|p1b: Sableye|Disable||[still]\n|-fail|p1b: Sableye\n|move|p2b: Sneasler|Close Combat|p1a: Sneasler\n|-resisted|p1a: Sneasler|1\n|-damage|p1a: Sneasler|0 fnt\n|-unboost|p2b: Sneasler|def|1\n|-unboost|p2b: Sneasler|spd|1\n|faint|p1a: Sneasler\n|\n|-weather|RainDance|[upkeep]\n|-sideend|p2: debouls|move: Tailwind\n|upkeep\n|turn|11\n|-message|omaster6 forfeited.\n|\n|win|debouls\n|raw|omaster6's rating: 1075 &rarr; <strong>1058</strong><br />(-17 for losing)\n|raw|debouls's rating: 1148 &rarr; <strong>1168</strong><br />(+20 for winning)\n|l|\u2606omaster6\n|player|p1|\n",
  "uploadtime": 1775929307,
  "views": 19,
  "formatid": "gen9championsvgc2026regma",
  "rating": 1058,
  "private": 0,
  "password": null
}