{
  "id": "gen9championsvgc2026regma-2584853007",
  "format": "[Gen 9 Champions] VGC 2026 Reg M-A",
  "players": [
    "Adadoo",
    "catpotatt"
  ],
  "log": "|j|\u2606Adadoo\n|j|\u2606catpotatt\n|t:|1776288779\n|gametype|doubles\n|player|p1|Adadoo|1|1301\n|player|p2|catpotatt|roxie|1336\n|gen|9\n|tier|[Gen 9 Champions] VGC 2026 Reg M-A\n|rated|\n|rule|Species Clause: Limit one of each Pok\u00e9mon\n|rule|Item Clause: Limit 1 of each item\n|clearpoke\n|poke|p1|Crabominable, L50, F|\n|poke|p1|Slowking-Galar, L50, F|\n|poke|p1|Kingambit, L50, F|\n|poke|p1|Primarina, L50, M|\n|poke|p1|Incineroar, L50, M|\n|poke|p1|Sinistcha, L50|\n|poke|p2|Basculegion, L50, M|\n|poke|p2|Floette-Eternal, L50, F|\n|poke|p2|Talonflame, L50, M|\n|poke|p2|Garchomp, L50, F|\n|poke|p2|Gardevoir, L50, M|\n|poke|p2|Rotom-Heat, L50|\n|teampreview|4\n|inactive|Battle timer is ON: inactive players will automatically lose when time's up. (requested by Adadoo)\n|\n|t:|1776288797\n|teamsize|p1|4\n|teamsize|p2|4\n|start\n|switch|p1a: Slowking|Slowking-Galar, L50, F|100/100\n|switch|p1b: Incineroar|Incineroar, L50, M|100/100\n|switch|p2a: Gardevoir|Gardevoir, L50, M|100/100\n|switch|p2b: Garchomp|Garchomp, L50, F|100/100\n|-ability|p1b: Incineroar|Intimidate|boost\n|-unboost|p2a: Gardevoir|atk|1\n|-unboost|p2b: Garchomp|atk|1\n|-enditem|p2b: Garchomp|White Herb\n|-clearnegativeboost|p2b: Garchomp|[silent]\n|turn|1\n|\n|t:|1776288806\n|move|p1b: Incineroar|Fake Out|p2b: Garchomp\n|-damage|p2b: Garchomp|88/100\n|-damage|p1b: Incineroar|88/100|[from] ability: Rough Skin|[of] p2b: Garchomp\n|cant|p2b: Garchomp|flinch\n|move|p2a: Gardevoir|Imprison|p2a: Gardevoir\n|-start|p2a: Gardevoir|move: Imprison\n|cant|p1a: Slowking|move: Imprison|Trick Room\n|\n|upkeep\n|turn|2\n|inactive|Adadoo has 30 seconds left.\n|\n|t:|1776288832\n|switch|p1b: Crabominable|Crabominable, L50, F|100/100\n|move|p2b: Garchomp|Earthquake|p1b: Crabominable|[spread] p1a,p1b\n|-activate|p2a: Gardevoir|ability: Telepathy\n|-supereffective|p1a: Slowking|1\n|-damage|p1a: Slowking|25/100\n|-damage|p1b: Crabominable|55/100\n|move|p2a: Gardevoir|Moonblast|p1b: Crabominable\n|-supereffective|p1b: Crabominable|1\n|-damage|p1b: Crabominable|0 fnt\n|faint|p1b: Crabominable\n|move|p1a: Slowking|Sludge Bomb|p2a: Gardevoir\n|-supereffective|p2a: Gardevoir|1\n|-enditem|p2a: Gardevoir|Kebia Berry|[eat]\n|-enditem|p2a: Gardevoir|Kebia Berry|[weaken]\n|-damage|p2a: Gardevoir|65/100\n|-status|p2a: Gardevoir|psn\n|\n|-damage|p2a: Gardevoir|53/100 psn|[from] psn\n|upkeep\n|\n|t:|1776288843\n|switch|p1b: Kingambit|Kingambit, L50, F|100/100\n|turn|3\n|\n|t:|1776288852\n|switch|p1a: Incineroar|Incineroar, L50, M|88/100\n|-ability|p1a: Incineroar|Intimidate|boost\n|-unboost|p2a: Gardevoir|atk|1\n|-unboost|p2b: Garchomp|atk|1\n|move|p1b: Kingambit|Sucker Punch|p2a: Gardevoir\n|-damage|p2a: Gardevoir|0 fnt\n|faint|p2a: Gardevoir\n|move|p2b: Garchomp|Earthquake|p1b: Kingambit|[spread] p1a,p1b\n|-supereffective|p1a: Incineroar|1\n|-supereffective|p1b: Kingambit|1\n|-enditem|p1b: Kingambit|Shuca Berry|[eat]\n|-enditem|p1b: Kingambit|Shuca Berry|[weaken]\n|-damage|p1a: Incineroar|42/100\n|-damage|p1b: Kingambit|81/100\n|-enditem|p1a: Incineroar|Sitrus Berry|[eat]\n|-heal|p1a: Incineroar|67/100|[from] item: Sitrus Berry\n|\n|upkeep\n|\n|t:|1776288863\n|switch|p2a: Rotom|Rotom-Heat, L50|100/100\n|turn|4\n|\n|t:|1776288875\n|move|p2b: Garchomp|Protect|p2b: Garchomp\n|-singleturn|p2b: Garchomp|Protect\n|move|p1a: Incineroar|Fake Out|p2a: Rotom\n|-damage|p2a: Rotom|90/100\n|move|p1b: Kingambit|Sucker Punch|p2a: Rotom\n|-damage|p2a: Rotom|53/100\n|cant|p2a: Rotom|flinch\n|\n|upkeep\n|turn|5\n|\n|t:|1776288889\n|switch|p1b: Slowking|Slowking-Galar, L50, F|58/100\n|move|p2b: Garchomp|Earthquake|p1a: Incineroar|[spread] p1a,p1b\n|-immune|p2a: Rotom|[from] ability: Levitate\n|-supereffective|p1a: Incineroar|1\n|-supereffective|p1b: Slowking|1\n|-damage|p1a: Incineroar|16/100\n|-damage|p1b: Slowking|13/100\n|move|p2a: Rotom|Overheat|p1b: Slowking\n|-damage|p1b: Slowking|0 fnt\n|-unboost|p2a: Rotom|spa|2\n|faint|p1b: Slowking\n|move|p1a: Incineroar|Parting Shot|p2b: Garchomp\n|-unboost|p2b: Garchomp|atk|1\n|-unboost|p2b: Garchomp|spa|1\n|\n|t:|1776288899\n|switch|p1a: Kingambit|Kingambit, L50, F|81/100|[from] Parting Shot\n|\n|upkeep\n|\n|t:|1776288901\n|switch|p1b: Incineroar|Incineroar, L50, M|16/100\n|-ability|p1b: Incineroar|Intimidate|boost\n|-unboost|p2a: Rotom|atk|1\n|-unboost|p2b: Garchomp|atk|1\n|turn|6\n|\n|t:|1776288915\n|move|p2b: Garchomp|Protect|p2b: Garchomp\n|-singleturn|p2b: Garchomp|Protect\n|move|p1b: Incineroar|Fake Out|p2b: Garchomp\n|-activate|p2b: Garchomp|move: Protect\n|move|p1a: Kingambit|Sucker Punch||[still]\n|-fail|p1a: Kingambit\n|move|p2a: Rotom|Will-O-Wisp|p1a: Kingambit\n|-status|p1a: Kingambit|brn\n|\n|-damage|p1a: Kingambit|75/100 brn|[from] brn\n|upkeep\n|turn|7\n|-message|Adadoo forfeited.\n|\n|win|catpotatt\n|raw|Adadoo's rating: 1301 &rarr; <strong>1283</strong><br />(-18 for losing)\n|raw|catpotatt's rating: 1336 &rarr; <strong>1354</strong><br />(+18 for winning)\n|l|\u2606Adadoo\n|player|p1|\n|c|\u2606catpotatt|gg\n",
  "uploadtime": 1776288927,
  "views": 40,
  "formatid": "gen9championsvgc2026regma",
  "rating": 1283,
  "private": 0,
  "password": null
}