{
  "id": "gen9championsvgc2026regma-2582752714",
  "format": "[Gen 9 Champions] VGC 2026 Reg M-A",
  "players": [
    "jeanmixed",
    "mofriu4334"
  ],
  "log": "|j|\u2606jeanmixed\n|j|\u2606mofriu4334\n|t:|1776111674\n|gametype|doubles\n|player|p1|jeanmixed|veteran|\n|player|p2|mofriu4334|bianca|\n|gen|9\n|tier|[Gen 9 Champions] VGC 2026 Reg M-A\n|rule|Species Clause: Limit one of each Pok\u00e9mon\n|rule|Item Clause: Limit 1 of each item\n|clearpoke\n|poke|p1|Venusaur, L50, M|\n|poke|p1|Incineroar, L50, F|\n|poke|p1|Empoleon, L50, F|\n|poke|p1|Aerodactyl, L50, M|\n|poke|p1|Sableye, L50, M|\n|poke|p1|Dragonite, L50, F|\n|poke|p2|Scizor, L50, M|\n|poke|p2|Rotom-Wash, L50|\n|poke|p2|Garchomp, L50, M|\n|poke|p2|Dragonite, L50, F|\n|poke|p2|Sylveon, L50, M|\n|poke|p2|Gengar, L50, M|\n|teampreview|4\n|\n|t:|1776111721\n|teamsize|p1|4\n|teamsize|p2|4\n|start\n|switch|p1a: Aerodactyl|Aerodactyl, L50, M|100/100\n|switch|p1b: Sableye|Sableye, L50, M|100/100\n|switch|p2a: Sylveon|Sylveon, L50, M|100/100\n|switch|p2b: Garchomp|Garchomp, L50, M|100/100\n|-ability|p1a: Aerodactyl|Unnerve\n|turn|1\n|\n|t:|1776111751\n|move|p1b: Sableye|Protect|p1b: Sableye\n|-singleturn|p1b: Sableye|Protect\n|move|p1a: Aerodactyl|Protect|p1a: Aerodactyl\n|-singleturn|p1a: Aerodactyl|Protect\n|move|p2b: Garchomp|Stealth Rock|p1b: Sableye\n|-sidestart|p1: jeanmixed|move: Stealth Rock\n|move|p2a: Sylveon|Hyper Voice|p1b: Sableye|[spread] \n|-activate|p1a: Aerodactyl|move: Protect\n|-activate|p1b: Sableye|move: Protect\n|\n|upkeep\n|turn|2\n|\n|t:|1776111783\n|move|p1b: Sableye|Encore|p2b: Garchomp\n|-start|p2b: Garchomp|Encore\n|move|p1a: Aerodactyl|Rock Slide|p2a: Sylveon|[spread] p2a,p2b\n|-resisted|p2b: Garchomp|1\n|-damage|p2a: Sylveon|69/100\n|-damage|p2b: Garchomp|88/100\n|cant|p2b: Garchomp|flinch\n|move|p2a: Sylveon|Yawn|p1a: Aerodactyl\n|-start|p1a: Aerodactyl|move: Yawn|[of] p2a: Sylveon\n|\n|upkeep\n|turn|3\n|\n|t:|1776111819\n|switch|p2b: Gengar|Gengar, L50, M|100/100\n|move|p1b: Sableye|Encore|p2a: Sylveon\n|-start|p2a: Sylveon|Encore\n|move|p1a: Aerodactyl|Dual Wingbeat|p2a: Sylveon\n|-damage|p2a: Sylveon|45/100\n|-damage|p2a: Sylveon|23/100\n|-hitcount|p2a: Sylveon|2\n|move|p2a: Sylveon|Yawn||[still]\n|-fail|p2a: Sylveon\n|\n|-end|p1a: Aerodactyl|move: Yawn|[silent]\n|-status|p1a: Aerodactyl|slp\n|upkeep\n|turn|4\n|\n|t:|1776111849\n|cant|p1a: Aerodactyl|slp\n|move|p1b: Sableye|Disable|p2a: Sylveon\n|-start|p2a: Sylveon|Disable|Yawn\n|move|p2b: Gengar|Thunderbolt|p1a: Aerodactyl\n|-supereffective|p1a: Aerodactyl|1\n|-damage|p1a: Aerodactyl|11/100 slp\n|cant|p2a: Sylveon|Disable|Yawn\n|\n|upkeep\n|turn|5\n|\n|t:|1776111884\n|move|p1b: Sableye|Disable|p2b: Gengar\n|-start|p2b: Gengar|Disable|Thunderbolt\n|cant|p1a: Aerodactyl|slp\n|move|p2b: Gengar|Shadow Ball|p1a: Aerodactyl\n|-damage|p1a: Aerodactyl|0 fnt\n|-enditem|p2a: Sylveon|Sitrus Berry|[eat]\n|-heal|p2a: Sylveon|48/100|[from] item: Sitrus Berry\n|faint|p1a: Aerodactyl\n|-activate|p2a: Sylveon|move: Struggle\n|move|p2a: Sylveon|Struggle|p1b: Sableye\n|-damage|p1b: Sableye|91/100\n|-damage|p2a: Sylveon|23/100|[from] recoil\n|\n|-end|p2a: Sylveon|Encore\n|upkeep\n|\n|t:|1776111906\n|switch|p1a: Venusaur|Venusaur, L50, M, shiny|100/100\n|-damage|p1a: Venusaur|88/100|[from] Stealth Rock\n|turn|6\n|\n|t:|1776111938\n|detailschange|p1a: Venusaur|Venusaur-Mega, L50, M, shiny\n|-mega|p1a: Venusaur|Venusaur|Venusaurite\n|move|p1b: Sableye|Encore||[still]\n|-fail|p1b: Sableye\n|move|p2b: Gengar|Shadow Ball|p1b: Sableye\n|-damage|p1b: Sableye|31/100\n|move|p1a: Venusaur|Earth Power|p2b: Gengar\n|-supereffective|p2b: Gengar|1\n|-damage|p2b: Gengar|0 fnt\n|faint|p2b: Gengar\n|move|p2a: Sylveon|Wish|p2a: Sylveon\n|\n|upkeep\n|\n|t:|1776111949\n|switch|p2b: Dragonite|Dragonite, L50, F|100/100\n|turn|7\n|\n|t:|1776111961\n|move|p1b: Sableye|Protect|p1b: Sableye\n|-singleturn|p1b: Sableye|Protect\n|move|p1a: Venusaur|Protect|p1a: Venusaur\n|-singleturn|p1a: Venusaur|Protect\n|move|p2b: Dragonite|Dragon Dance|p2b: Dragonite\n|-boost|p2b: Dragonite|atk|1\n|-boost|p2b: Dragonite|spe|1\n|move|p2a: Sylveon|Hyper Voice|p1b: Sableye|[spread] \n|-activate|p1a: Venusaur|move: Protect\n|-activate|p1b: Sableye|move: Protect\n|\n|-heal|p2a: Sylveon|73/100|[from] move: Wish|[wisher] Sylveon\n|-end|p2a: Sylveon|Disable\n|upkeep\n|turn|8\n|\n|t:|1776111987\n|move|p1b: Sableye|Disable|p2a: Sylveon\n|-start|p2a: Sylveon|Disable|Hyper Voice\n|move|p2b: Dragonite|Fire Punch|p1a: Venusaur\n|-supereffective|p1a: Venusaur|1\n|-damage|p1a: Venusaur|55/100\n|move|p1a: Venusaur|Sludge Bomb|p2a: Sylveon\n|-supereffective|p2a: Sylveon|1\n|-damage|p2a: Sylveon|21/100\n|cant|p2a: Sylveon|Disable|Hyper Voice\n|\n|upkeep\n|turn|9\n|\n|t:|1776112006\n|move|p1b: Sableye|Disable|p2b: Dragonite\n|-start|p2b: Dragonite|Disable|Fire Punch\n|move|p2b: Dragonite|Dragon Dance|p2b: Dragonite\n|-boost|p2b: Dragonite|atk|1\n|-boost|p2b: Dragonite|spe|1\n|move|p1a: Venusaur|Giga Drain|p2a: Sylveon\n|-crit|p2a: Sylveon\n|-damage|p2a: Sylveon|0 fnt\n|-heal|p1a: Venusaur|67/100|[from] drain|[of] p2a: Sylveon\n|faint|p2a: Sylveon\n|\n|upkeep\n|\n|t:|1776112011\n|switch|p2a: Garchomp|Garchomp, L50, M|88/100\n|turn|10\n|\n|t:|1776112033\n|move|p1a: Venusaur|Protect|p1a: Venusaur\n|-singleturn|p1a: Venusaur|Protect\n|move|p2b: Dragonite|Extreme Speed|p1b: Sableye\n|-immune|p1b: Sableye\n|move|p1b: Sableye|Encore|p2b: Dragonite\n|-start|p2b: Dragonite|Encore\n|move|p2a: Garchomp|Dragon Claw|p1a: Venusaur\n|-activate|p1a: Venusaur|move: Protect\n|\n|upkeep\n|turn|11\n|\n|t:|1776112054\n|move|p2b: Dragonite|Extreme Speed|p1b: Sableye\n|-immune|p1b: Sableye\n|move|p1b: Sableye|Disable||[still]\n|-fail|p1b: Sableye\n|move|p2a: Garchomp|Dragon Claw|p1b: Sableye\n|-damage|p1b: Sableye|0 fnt\n|faint|p1b: Sableye\n|move|p1a: Venusaur|Giga Drain|p2a: Garchomp\n|-damage|p2a: Garchomp|44/100\n|-heal|p1a: Venusaur|91/100|[from] drain|[of] p2a: Garchomp\n|\n|upkeep\n|\n|t:|1776112066\n|switch|p1b: Incineroar|Incineroar, L50, F, shiny|100/100\n|-damage|p1b: Incineroar|76/100|[from] Stealth Rock\n|-ability|p1b: Incineroar|Intimidate|boost\n|-unboost|p2a: Garchomp|atk|1\n|-unboost|p2b: Dragonite|atk|1\n|turn|12\n|\n|t:|1776112080\n|move|p1b: Incineroar|Fake Out|p2a: Garchomp\n|-damage|p2a: Garchomp|32/100\n|-damage|p1b: Incineroar|64/100|[from] ability: Rough Skin|[of] p2a: Garchomp\n|move|p2b: Dragonite|Extreme Speed|p1a: Venusaur\n|-damage|p1a: Venusaur|53/100\n|cant|p2a: Garchomp|flinch\n|move|p1a: Venusaur|Giga Drain|p2a: Garchomp\n|-damage|p2a: Garchomp|0 fnt\n|-heal|p1a: Venusaur|70/100|[from] drain|[of] p2a: Garchomp\n|faint|p2a: Garchomp\n|\n|-end|p2b: Dragonite|Disable\n|upkeep\n|turn|13\n|\n|t:|1776112101\n|move|p2b: Dragonite|Extreme Speed|p1a: Venusaur\n|-damage|p1a: Venusaur|30/100\n|move|p1a: Venusaur|Sludge Bomb|p2b: Dragonite\n|-damage|p2b: Dragonite|77/100\n|move|p1b: Incineroar|Darkest Lariat|p2b: Dragonite\n|-damage|p2b: Dragonite|40/100\n|\n|-end|p2b: Dragonite|Encore\n|upkeep\n|turn|14\n|\n|t:|1776112115\n|move|p1a: Venusaur|Protect|p1a: Venusaur\n|-singleturn|p1a: Venusaur|Protect\n|move|p2b: Dragonite|Fire Punch|p1a: Venusaur\n|-activate|p1a: Venusaur|move: Protect\n|move|p1b: Incineroar|Darkest Lariat|p2b: Dragonite\n|-crit|p2b: Dragonite\n|-damage|p2b: Dragonite|0 fnt\n|faint|p2b: Dragonite\n|\n|win|jeanmixed\n",
  "uploadtime": 1776112127,
  "views": 20,
  "formatid": "gen9championsvgc2026regma",
  "rating": null,
  "private": 0,
  "password": null
}