{
  "id": "gen9championsvgc2026regma-2585147601",
  "format": "[Gen 9 Champions] VGC 2026 Reg M-A",
  "players": [
    "taytayla",
    "donladbalk"
  ],
  "log": "|j|\u2606taytayla\n|j|\u2606donladbalk\n|t:|1776317596\n|gametype|doubles\n|player|p1|taytayla|lady|1126\n|player|p2|donladbalk|169|1198\n|gen|9\n|tier|[Gen 9 Champions] VGC 2026 Reg M-A\n|rated|\n|rule|Species Clause: Limit one of each Pok\u00e9mon\n|rule|Item Clause: Limit 1 of each item\n|clearpoke\n|poke|p1|Whimsicott, L50, F|\n|poke|p1|Tyranitar, L50, M|\n|poke|p1|Primarina, L50, M|\n|poke|p1|Dragapult, L50, F|\n|poke|p1|Ninetales, L50, M|\n|poke|p1|Scovillain, L50, M|\n|poke|p2|Ceruledge, L50, M|\n|poke|p2|Scizor, L50, M|\n|poke|p2|Arcanine-Hisui, L50, M|\n|poke|p2|Espathra, L50, M|\n|poke|p2|Sinistcha, L50|\n|poke|p2|Milotic, L50, F|\n|teampreview|4\n|c|\u2606donladbalk|glhf\n|c|\u2606taytayla|u2\n|inactive|Battle timer is ON: inactive players will automatically lose when time's up. (requested by donladbalk)\n|c|\u2606donladbalk|i like the scovillian!\n|c|\u2606taytayla|me too :)\n|inactive|taytayla has 60 seconds left.\n|inactive|donladbalk has 60 seconds left.\n|\n|t:|1776317647\n|teamsize|p1|4\n|teamsize|p2|4\n|start\n|switch|p1a: Ninetales|Ninetales, L50, M|100/100\n|switch|p1b: Scovillain|Scovillain, L50, M|100/100\n|switch|p2a: Ceruledge|Ceruledge, L50, M|100/100\n|switch|p2b: Arcanine|Arcanine-Hisui, L50, M|100/100\n|-weather|SunnyDay|[from] ability: Drought|[of] p1a: Ninetales\n|-ability|p2b: Arcanine|Intimidate|boost\n|-unboost|p1a: Ninetales|atk|1\n|-unboost|p1b: Scovillain|atk|1\n|turn|1\n|\n|t:|1776317663\n|move|p2a: Ceruledge|Protect|p2a: Ceruledge\n|-singleturn|p2a: Ceruledge|Protect\n|move|p1b: Scovillain|Spicy Extract|p2b: Arcanine\n|-boost|p2b: Arcanine|atk|2\n|-unboost|p2b: Arcanine|def|2\n|move|p1a: Ninetales|Foul Play|p2b: Arcanine\n|-damage|p2b: Arcanine|0 fnt\n|faint|p2b: Arcanine\n|\n|-weather|SunnyDay|[upkeep]\n|upkeep\n|c|\u2606donladbalk|nice\n|\n|t:|1776317679\n|switch|p2b: Sinistcha|Sinistcha, L50|100/100\n|turn|2\n|inactive|taytayla has 30 seconds left.\n|\n|t:|1776317707\n|switch|p2b: Milotic|Milotic, L50, F|100/100\n|move|p1b: Scovillain|Spicy Extract|p2b: Milotic\n|-boost|p2b: Milotic|atk|2\n|-unboost|p2b: Milotic|def|2\n|-ability|p2b: Milotic|Competitive|boost\n|-boost|p2b: Milotic|spa|2\n|move|p1a: Ninetales|Encore|p2a: Ceruledge\n|-start|p2a: Ceruledge|Encore\n|move|p2a: Ceruledge|Protect||[still]\n|-fail|p2a: Ceruledge\n|\n|-weather|SunnyDay|[upkeep]\n|upkeep\n|turn|3\n|c|\u2606donladbalk|gg\n|inactive|taytayla has 30 seconds left.\n|inactive|taytayla has 20 seconds left.\n|inactive|taytayla has 15 seconds left.\n|inactive|taytayla has 10 seconds left.\n|\n|t:|1776317753\n|switch|p2a: Sinistcha|Sinistcha, L50|100/100\n|move|p1b: Scovillain|Spicy Extract|p2b: Milotic\n|-boost|p2b: Milotic|atk|2\n|-unboost|p2b: Milotic|def|2\n|-ability|p2b: Milotic|Competitive|boost\n|-boost|p2b: Milotic|spa|2\n|move|p1a: Ninetales|Foul Play|p2b: Milotic\n|-damage|p2b: Milotic|0 fnt\n|faint|p2b: Milotic\n|\n|-weather|SunnyDay|[upkeep]\n|upkeep\n|\n|t:|1776317768\n|switch|p2b: Ceruledge|Ceruledge, L50, M|100/100\n|turn|4\n|\n|t:|1776317777\n|move|p2a: Sinistcha|Rage Powder|p2a: Sinistcha\n|-singleturn|p2a: Sinistcha|move: Rage Powder\n|move|p1b: Scovillain|Spicy Extract|p2b: Ceruledge\n|-boost|p2b: Ceruledge|atk|2\n|-unboost|p2b: Ceruledge|def|2\n|move|p1a: Ninetales|Foul Play|p2a: Sinistcha\n|-supereffective|p2a: Sinistcha|1\n|-damage|p2a: Sinistcha|77/100\n|move|p2b: Ceruledge|Bitter Blade|p1b: Scovillain\n|-damage|p1b: Scovillain|0 fnt\n|faint|p1b: Scovillain\n|\n|-weather|SunnyDay|[upkeep]\n|-heal|p2a: Sinistcha|83/100|[from] item: Leftovers\n|upkeep\n|\n|t:|1776317788\n|switch|p1b: Tyranitar|Tyranitar, L50, M|100/100\n|-weather|Sandstorm|[from] ability: Sand Stream|[of] p1b: Tyranitar\n|turn|5\n|c|\u2606taytayla|oop\n|\n|t:|1776317812\n|detailschange|p1b: Tyranitar|Tyranitar-Mega, L50, M\n|-mega|p1b: Tyranitar|Tyranitar|Tyranitarite\n|move|p2a: Sinistcha|Rage Powder|p2a: Sinistcha\n|-singleturn|p2a: Sinistcha|move: Rage Powder\n|move|p1a: Ninetales|Foul Play|p2a: Sinistcha\n|-supereffective|p2a: Sinistcha|1\n|-damage|p2a: Sinistcha|58/100\n|move|p1b: Tyranitar|Knock Off|p2a: Sinistcha\n|-supereffective|p2a: Sinistcha|1\n|-crit|p2a: Sinistcha\n|-damage|p2a: Sinistcha|0 fnt\n|-enditem|p2a: Sinistcha|Leftovers|[from] move: Knock Off|[of] p1b: Tyranitar\n|faint|p2a: Sinistcha\n|move|p2b: Ceruledge|Close Combat|p1b: Tyranitar\n|-supereffective|p1b: Tyranitar|2\n|-damage|p1b: Tyranitar|0 fnt\n|-unboost|p2b: Ceruledge|def|1\n|-unboost|p2b: Ceruledge|spd|1\n|faint|p1b: Tyranitar\n|\n|-weather|Sandstorm|[upkeep]\n|-damage|p1a: Ninetales|94/100|[from] Sandstorm\n|-damage|p2b: Ceruledge|94/100|[from] Sandstorm\n|upkeep\n|\n|t:|1776317824\n|switch|p1b: Primarina|Primarina, L50, M|100/100\n|turn|6\n|\n|t:|1776317840\n|move|p2b: Ceruledge|Shadow Sneak|p1b: Primarina\n|-damage|p1b: Primarina|45/100\n|move|p1a: Ninetales|Foul Play|p2b: Ceruledge\n|-supereffective|p2b: Ceruledge|1\n|-damage|p2b: Ceruledge|0 fnt\n|faint|p2b: Ceruledge\n|\n|win|taytayla\n|raw|taytayla's rating: 1126 &rarr; <strong>1156</strong><br />(+30 for winning)\n|raw|donladbalk's rating: 1198 &rarr; <strong>1168</strong><br />(-30 for losing)\n|c|\u2606taytayla|gg\n|c|\u2606donladbalk|gg, love the strat\n",
  "uploadtime": 1776317850,
  "views": 44,
  "formatid": "gen9championsvgc2026regma",
  "rating": 1156,
  "private": 0,
  "password": null
}