{
  "id": "gen9championsvgc2026regma-2584354831",
  "format": "[Gen 9 Champions] VGC 2026 Reg M-A",
  "players": [
    "Virone",
    "aguenic"
  ],
  "log": "|j|\u2606Virone\n|j|\u2606aguenic\n|t:|1776254282\n|gametype|doubles\n|player|p1|Virone|veteranf|1030\n|player|p2|aguenic|2|1083\n|gen|9\n|tier|[Gen 9 Champions] VGC 2026 Reg M-A\n|rated|\n|rule|Species Clause: Limit one of each Pok\u00e9mon\n|rule|Item Clause: Limit 1 of each item\n|clearpoke\n|poke|p1|Clefable, L50, F|\n|poke|p1|Armarouge, L50, M|\n|poke|p1|Farigiraf, L50, F|\n|poke|p1|Kingambit, L50, F|\n|poke|p1|Maushold-Four, L50|\n|poke|p1|Torkoal, L50, M|\n|poke|p2|Skarmory, L50, F|\n|poke|p2|Hydreigon, L50, F|\n|poke|p2|Garchomp, L50, M|\n|poke|p2|Incineroar, L50, F|\n|poke|p2|Whimsicott, L50, M|\n|poke|p2|Primarina, L50, M|\n|teampreview|4\n|\n|t:|1776254328\n|teamsize|p1|4\n|teamsize|p2|4\n|start\n|switch|p1a: Clefable|Clefable, L50, F|100/100\n|switch|p1b: Armarouge|Armarouge, L50, M|100/100\n|switch|p2a: Skarmory|Skarmory, L50, F|100/100\n|switch|p2b: Incineroar|Incineroar, L50, F|100/100\n|-ability|p2b: Incineroar|Intimidate|boost\n|-unboost|p1a: Clefable|atk|1\n|-unboost|p1b: Armarouge|atk|1\n|turn|1\n|\n|t:|1776254362\n|detailschange|p2a: Skarmory|Skarmory-Mega, L50, F\n|-mega|p2a: Skarmory|Skarmory|Skarmorite\n|detailschange|p1a: Clefable|Clefable-Mega, L50, F\n|-mega|p1a: Clefable|Clefable|Clefablite\n|move|p2b: Incineroar|Fake Out|p1a: Clefable\n|-damage|p1a: Clefable|93/100\n|cant|p1a: Clefable|flinch\n|move|p2a: Skarmory|Brave Bird|p1b: Armarouge\n|-damage|p1b: Armarouge|39/100\n|-damage|p2a: Skarmory|73/100|[from] Recoil\n|move|p1b: Armarouge|Trick Room|p1b: Armarouge\n|-fieldstart|move: Trick Room|[of] p1b: Armarouge\n|\n|upkeep\n|turn|2\n|\n|t:|1776254392\n|move|p2a: Skarmory|Protect|p2a: Skarmory\n|-singleturn|p2a: Skarmory|Protect\n|move|p2b: Incineroar|Parting Shot|p1a: Clefable\n|move|p1a: Clefable|Parting Shot|p2b: Incineroar|[from] ability: Magic Bounce\n|-unboost|p2b: Incineroar|atk|1\n|-unboost|p2b: Incineroar|spa|1\n|\n|t:|1776254403\n|switch|p1a: Torkoal|Torkoal, L50, M|100/100|[from] Parting Shot\n|-weather|SunnyDay|[from] ability: Drought|[of] p1a: Torkoal\n|move|p1b: Armarouge|Heat Wave|p2b: Incineroar|[spread] p2b\n|-activate|p2a: Skarmory|move: Protect\n|-resisted|p2b: Incineroar|1\n|-damage|p2b: Incineroar|80/100\n|\n|-weather|SunnyDay|[upkeep]\n|upkeep\n|turn|3\n|\n|t:|1776254423\n|switch|p2a: Primarina|Primarina, L50, M|100/100\n|move|p1a: Torkoal|Eruption|p2b: Incineroar|[spread] p2a,p2b\n|-resisted|p2a: Primarina|1\n|-resisted|p2b: Incineroar|1\n|-damage|p2a: Primarina|60/100\n|-damage|p2b: Incineroar|52/100\n|move|p2b: Incineroar|Parting Shot|p1a: Torkoal\n|-unboost|p1a: Torkoal|atk|1\n|-unboost|p1a: Torkoal|spa|1\n|\n|t:|1776254434\n|switch|p2b: Garchomp|Garchomp, L50, M|100/100|[from] Parting Shot\n|move|p1b: Armarouge|Armor Cannon|p2b: Garchomp\n|-resisted|p2b: Garchomp|1\n|-damage|p2b: Garchomp|41/100\n|-unboost|p1b: Armarouge|def|1\n|-unboost|p1b: Armarouge|spd|1\n|\n|-weather|SunnyDay|[upkeep]\n|upkeep\n|turn|4\n|\n|t:|1776254457\n|move|p2a: Primarina|Protect|p2a: Primarina\n|-singleturn|p2a: Primarina|Protect\n|move|p2b: Garchomp|Protect|p2b: Garchomp\n|-singleturn|p2b: Garchomp|Protect\n|move|p1a: Torkoal|Eruption|p2a: Primarina|[spread] \n|-activate|p2a: Primarina|move: Protect\n|-activate|p2b: Garchomp|move: Protect\n|move|p1b: Armarouge|Armor Cannon|p2a: Primarina\n|-activate|p2a: Primarina|move: Protect\n|\n|-weather|SunnyDay|[upkeep]\n|upkeep\n|turn|5\n|\n|t:|1776254472\n|switch|p2a: Incineroar|Incineroar, L50, F|52/100\n|-ability|p2a: Incineroar|Intimidate|boost\n|-unboost|p1a: Torkoal|atk|1\n|-unboost|p1b: Armarouge|atk|1\n|move|p1a: Torkoal|Eruption|p2b: Garchomp|[spread] p2a,p2b\n|-resisted|p2a: Incineroar|1\n|-resisted|p2b: Garchomp|1\n|-damage|p2a: Incineroar|34/100\n|-damage|p2b: Garchomp|11/100\n|-enditem|p2a: Incineroar|Sitrus Berry|[eat]\n|-heal|p2a: Incineroar|58/100|[from] item: Sitrus Berry\n|move|p1b: Armarouge|Armor Cannon|p2a: Incineroar\n|-resisted|p2a: Incineroar|1\n|-damage|p2a: Incineroar|23/100\n|-unboost|p1b: Armarouge|def|1\n|-unboost|p1b: Armarouge|spd|1\n|move|p2b: Garchomp|Earthquake|p1b: Armarouge|[spread] p2a,p1a,p1b\n|-supereffective|p2a: Incineroar|1\n|-supereffective|p1a: Torkoal|1\n|-supereffective|p1b: Armarouge|1\n|-damage|p2a: Incineroar|0 fnt\n|-damage|p1a: Torkoal|42/100\n|-damage|p1b: Armarouge|0 fnt\n|faint|p2a: Incineroar\n|faint|p1b: Armarouge\n|\n|-weather|SunnyDay|[upkeep]\n|-fieldend|move: Trick Room\n|upkeep\n|\n|t:|1776254494\n|switch|p1b: Kingambit|Kingambit, L50, F|100/100\n|switch|p2a: Skarmory|Skarmory-Mega, L50, F|73/100\n|turn|6\n|\n|t:|1776254511\n|switch|p2b: Primarina|Primarina, L50, M|60/100\n|move|p1b: Kingambit|Sucker Punch||[still]\n|-fail|p1b: Kingambit\n|move|p2a: Skarmory|Iron Head|p1b: Kingambit\n|-resisted|p1b: Kingambit|1\n|-damage|p1b: Kingambit|83/100\n|move|p1a: Torkoal|Weather Ball|p2a: Skarmory\n|-supereffective|p2a: Skarmory|1\n|-damage|p2a: Skarmory|0 fnt\n|faint|p2a: Skarmory\n|\n|-weather|none\n|upkeep\n|\n|t:|1776254522\n|switch|p2a: Garchomp|Garchomp, L50, M|11/100\n|turn|7\n|\n|t:|1776254540\n|move|p1b: Kingambit|Protect|p1b: Kingambit\n|-singleturn|p1b: Kingambit|Protect\n|move|p2a: Garchomp|Earthquake|p1a: Torkoal|[spread] p2b,p1a\n|-activate|p1b: Kingambit|move: Protect\n|-supereffective|p1a: Torkoal|1\n|-damage|p2b: Primarina|8/100\n|-damage|p1a: Torkoal|0 fnt\n|faint|p1a: Torkoal\n|move|p2b: Primarina|Hyper Voice|p1b: Kingambit\n|-activate|p1b: Kingambit|move: Protect\n|\n|upkeep\n|\n|t:|1776254546\n|switch|p1a: Clefable|Clefable-Mega, L50, F|93/100\n|turn|8\n|\n|t:|1776254556\n|move|p1b: Kingambit|Sucker Punch||[still]\n|-fail|p1b: Kingambit\n|move|p2a: Garchomp|Poison Jab|p1a: Clefable\n|-supereffective|p1a: Clefable|1\n|-damage|p1a: Clefable|57/100\n|-status|p1a: Clefable|psn\n|move|p2b: Primarina|Calm Mind|p2b: Primarina\n|-boost|p2b: Primarina|spa|1\n|-boost|p2b: Primarina|spd|1\n|move|p1a: Clefable|Moonblast|p2a: Garchomp\n|-supereffective|p2a: Garchomp|1\n|-damage|p2a: Garchomp|0 fnt\n|faint|p2a: Garchomp\n|\n|-damage|p1a: Clefable|45/100 psn|[from] psn\n|upkeep\n|turn|9\n|\n|t:|1776254571\n|move|p2b: Primarina|Protect|p2b: Primarina\n|-singleturn|p2b: Primarina|Protect\n|move|p1a: Clefable|Follow Me|p1a: Clefable\n|-singleturn|p1a: Clefable|move: Follow Me\n|move|p1b: Kingambit|Kowtow Cleave|p2b: Primarina\n|-activate|p2b: Primarina|move: Protect\n|\n|-damage|p1a: Clefable|32/100 psn|[from] psn\n|upkeep\n|turn|10\n|\n|t:|1776254588\n|move|p1a: Clefable|Follow Me|p1a: Clefable\n|-singleturn|p1a: Clefable|move: Follow Me\n|move|p2b: Primarina|Hyper Voice|p1b: Kingambit|[spread] p1a,p1b\n|-crit|p1a: Clefable\n|-crit|p1b: Kingambit\n|-damage|p1a: Clefable|0 fnt\n|-damage|p1b: Kingambit|0 fnt\n|faint|p1a: Clefable\n|faint|p1b: Kingambit\n|\n|win|aguenic\n|raw|Virone's rating: 1030 &rarr; <strong>1018</strong><br />(-12 for losing)\n|raw|aguenic's rating: 1083 &rarr; <strong>1106</strong><br />(+23 for winning)\n|l|\u2606aguenic\n|player|p2|\n|c|\u2606Virone|son\n",
  "uploadtime": 1776254625,
  "views": 22,
  "formatid": "gen9championsvgc2026regma",
  "rating": 1018,
  "private": 0,
  "password": null
}