{
  "id": "gen9championsvgc2026regma-2587798479",
  "format": "[Gen 9 Champions] VGC 2026 Reg M-A",
  "players": [
    "zueiramoment",
    "M4sterKarma"
  ],
  "log": "|j|\u2606zueiramoment\n|j|\u2606M4sterKarma\n|t:|1776565098\n|gametype|doubles\n|player|p1|zueiramoment|wallace|1039\n|player|p2|M4sterKarma|2|1040\n|gen|9\n|tier|[Gen 9 Champions] VGC 2026 Reg M-A\n|rated|\n|rule|Species Clause: Limit one of each Pok\u00e9mon\n|rule|Item Clause: Limit 1 of each item\n|clearpoke\n|poke|p1|Araquanid, L50, M|\n|poke|p1|Vivillon-Garden, L50, M|\n|poke|p1|Volcarona, L50, M|\n|poke|p1|Scizor, L50, F|\n|poke|p1|Pelipper, L50, M|\n|poke|p1|Gliscor, L50, M, shiny|\n|poke|p2|Gengar, L50, M, shiny|\n|poke|p2|Incineroar, L50, M|\n|poke|p2|Rotom-Wash, L50|\n|poke|p2|Whimsicott, L50, F|\n|poke|p2|Venusaur, L50, F|\n|poke|p2|Infernape, L50, M|\n|teampreview|4\n|\n|t:|1776565181\n|teamsize|p1|4\n|teamsize|p2|4\n|start\n|switch|p1a: Eu|Vivillon-Garden, L50, M|100/100\n|switch|p1b: P\u00e1ssaro Privada|Pelipper, L50, M|100/100\n|switch|p2a: Rotom|Rotom-Wash, L50|100/100\n|switch|p2b: Gengar|Gengar, L50, M, shiny|100/100\n|-weather|RainDance|[from] ability: Drizzle|[of] p1b: P\u00e1ssaro Privada\n|turn|1\n|\n|t:|1776565201\n|detailschange|p2b: Gengar|Gengar-Mega, L50, M, shiny\n|-mega|p2b: Gengar|Gengar|Gengarite\n|move|p1b: P\u00e1ssaro Privada|Protect|p1b: P\u00e1ssaro Privada\n|-singleturn|p1b: P\u00e1ssaro Privada|Protect\n|move|p2b: Gengar|Perish Song|p2b: Gengar\n|-start|p1a: Eu|perish3|[silent]\n|-start|p1b: P\u00e1ssaro Privada|perish3|[silent]\n|-start|p2a: Rotom|perish3|[silent]\n|-start|p2b: Gengar|perish3|[silent]\n|-fieldactivate|move: Perish Song\n|move|p1a: Eu|Tailwind|p1a: Eu\n|-sidestart|p1: zueiramoment|move: Tailwind\n|move|p2a: Rotom|Thunderbolt|p1b: P\u00e1ssaro Privada\n|-activate|p1b: P\u00e1ssaro Privada|move: Protect\n|\n|-weather|RainDance|[upkeep]\n|-start|p1a: Eu|perish3\n|-start|p2b: Gengar|perish3\n|-start|p1b: P\u00e1ssaro Privada|perish3\n|-start|p2a: Rotom|perish3\n|upkeep\n|turn|2\n|\n|t:|1776565224\n|move|p1b: P\u00e1ssaro Privada|Helping Hand|p1a: Eu\n|-singleturn|p1a: Eu|Helping Hand|[of] p1b: P\u00e1ssaro Privada\n|move|p2b: Gengar|Protect|p2b: Gengar\n|-singleturn|p2b: Gengar|Protect\n|move|p1a: Eu|Hurricane|p2b: Gengar\n|-activate|p2b: Gengar|move: Protect\n|move|p2a: Rotom|Thunderbolt|p1b: P\u00e1ssaro Privada\n|-supereffective|p1b: P\u00e1ssaro Privada|2\n|-enditem|p1b: P\u00e1ssaro Privada|Wacan Berry|[eat]\n|-enditem|p1b: P\u00e1ssaro Privada|Wacan Berry|[weaken]\n|-damage|p1b: P\u00e1ssaro Privada|36/100\n|\n|-weather|RainDance|[upkeep]\n|-start|p1a: Eu|perish2\n|-start|p2b: Gengar|perish2\n|-start|p1b: P\u00e1ssaro Privada|perish2\n|-start|p2a: Rotom|perish2\n|upkeep\n|turn|3\n|\n|t:|1776565285\n|move|p1b: P\u00e1ssaro Privada|Helping Hand|p1a: Eu\n|-singleturn|p1a: Eu|Helping Hand|[of] p1b: P\u00e1ssaro Privada\n|move|p1a: Eu|Hurricane|p2b: Gengar\n|-damage|p2b: Gengar|27/100\n|move|p2b: Gengar|Shadow Ball|p1a: Eu\n|-damage|p1a: Eu|16/100\n|-unboost|p1a: Eu|spd|1\n|move|p2a: Rotom|Thunderbolt|p1b: P\u00e1ssaro Privada\n|-supereffective|p1b: P\u00e1ssaro Privada|2\n|-damage|p1b: P\u00e1ssaro Privada|0 fnt\n|faint|p1b: P\u00e1ssaro Privada\n|\n|-weather|RainDance|[upkeep]\n|-start|p1a: Eu|perish1\n|-start|p2b: Gengar|perish1\n|-start|p2a: Rotom|perish1\n|upkeep\n|\n|t:|1776565297\n|switch|p1b: Minha Pika|Scizor, L50, F|100/100\n|turn|4\n|\n|t:|1776565327\n|switch|p2b: Venusaur|Venusaur, L50, F|100/100\n|detailschange|p1b: Minha Pika|Scizor-Mega, L50, F\n|-mega|p1b: Minha Pika|Scizor|Scizorite\n|move|p1b: Minha Pika|Bullet Punch|p2b: Venusaur\n|-damage|p2b: Venusaur|52/100\n|move|p1a: Eu|Sleep Powder|p2a: Rotom\n|-status|p2a: Rotom|slp|[from] move: Sleep Powder\n|cant|p2a: Rotom|slp\n|\n|-weather|RainDance|[upkeep]\n|-start|p1a: Eu|perish0\n|-start|p2a: Rotom|perish0\n|-sideend|p1: zueiramoment|move: Tailwind\n|upkeep\n|faint|p1a: Eu\n|faint|p2a: Rotom\n|\n|t:|1776565342\n|switch|p1a: Araqui Bolha|Araquanid, L50, M|100/100\n|switch|p2a: Whimsicott|Whimsicott, L50, F|100/100\n|turn|5\n|\n|t:|1776565360\n|move|p2a: Whimsicott|Sunny Day|p2a: Whimsicott\n|-weather|SunnyDay\n|move|p1b: Minha Pika|Bullet Punch|p2b: Venusaur\n|-damage|p2b: Venusaur|0 fnt\n|faint|p2b: Venusaur\n|move|p1a: Araqui Bolha|Lunge|p2a: Whimsicott\n|-damage|p2a: Whimsicott|63/100\n|-unboost|p2a: Whimsicott|atk|1\n|\n|-weather|SunnyDay|[upkeep]\n|upkeep\n|\n|t:|1776565370\n|switch|p2b: Gengar|Gengar-Mega, L50, M, shiny|27/100\n|turn|6\n|\n|t:|1776565384\n|move|p2a: Whimsicott|Protect|p2a: Whimsicott\n|-singleturn|p2a: Whimsicott|Protect\n|move|p1a: Araqui Bolha|Protect|p1a: Araqui Bolha\n|-singleturn|p1a: Araqui Bolha|Protect\n|move|p1b: Minha Pika|Bullet Punch|p2b: Gengar\n|-damage|p2b: Gengar|0 fnt\n|faint|p2b: Gengar\n|\n|-weather|SunnyDay|[upkeep]\n|upkeep\n|turn|7\n|-message|M4sterKarma forfeited.\n|\n|win|zueiramoment\n|raw|zueiramoment's rating: 1039 &rarr; <strong>1073</strong><br />(+34 for winning)\n|raw|M4sterKarma's rating: 1040 &rarr; <strong>1024</strong><br />(-16 for losing)\n|l|\u2606M4sterKarma\n|player|p2|\n",
  "uploadtime": 1776565404,
  "views": 27,
  "formatid": "gen9championsvgc2026regma",
  "rating": 1024,
  "private": 0,
  "password": null
}