{
  "id": "gen9championsvgc2026regma-2583846327",
  "format": "[Gen 9 Champions] VGC 2026 Reg M-A",
  "players": [
    "JimmiBunnie",
    "ibzdibz"
  ],
  "log": "|j|\u2606JimmiBunnie\n|j|\u2606ibzdibz\n|t:|1776202281\n|gametype|doubles\n|player|p1|JimmiBunnie|pokekid|1127\n|player|p2|ibzdibz|iris-gen5bw2|1059\n|gen|9\n|tier|[Gen 9 Champions] VGC 2026 Reg M-A\n|rated|\n|rule|Species Clause: Limit one of each Pok\u00e9mon\n|rule|Item Clause: Limit 1 of each item\n|clearpoke\n|poke|p1|Lopunny, L50, F|\n|poke|p1|Garchomp, L50, F|\n|poke|p1|Incineroar, L50, F|\n|poke|p1|Rotom-Wash, L50|\n|poke|p1|Whimsicott, L50, M|\n|poke|p1|Sinistcha, L50|\n|poke|p2|Sableye, L50, M|\n|poke|p2|Flapple, L50, M|\n|poke|p2|Delphox, L50, F|\n|poke|p2|Quaquaval, L50, M|\n|poke|p2|Maushold-Four, L50|\n|poke|p2|Excadrill, L50, F|\n|teampreview|4\n|\n|t:|1776202311\n|teamsize|p1|4\n|teamsize|p2|4\n|start\n|switch|p1a: Incineroar|Incineroar, L50, F|100/100\n|switch|p1b: Rotom|Rotom-Wash, L50|100/100\n|switch|p2a: Sableye|Sableye, L50, M, shiny|100/100\n|switch|p2b: Flapple|Flapple, L50, M, shiny|100/100\n|-ability|p1a: Incineroar|Intimidate|boost\n|-unboost|p2a: Sableye|atk|1\n|-unboost|p2b: Flapple|atk|1\n|turn|1\n|\n|t:|1776202330\n|move|p2b: Flapple|Protect|p2b: Flapple\n|-singleturn|p2b: Flapple|Protect\n|move|p2a: Sableye|Gravity|p2a: Sableye\n|-fieldstart|move: Gravity\n|move|p1b: Rotom|Volt Switch|p2a: Sableye\n|-damage|p2a: Sableye|64/100\n|\n|t:|1776202341\n|switch|p1b: Garchomp|Garchomp, L50, F|100/100|[from] Volt Switch\n|move|p1a: Incineroar|Flare Blitz|p2b: Flapple\n|-activate|p2b: Flapple|move: Protect\n|\n|upkeep\n|turn|2\n|\n|t:|1776202356\n|switch|p1a: Rotom|Rotom-Wash, L50|100/100\n|move|p2a: Sableye|Will-O-Wisp|p1b: Garchomp\n|-status|p1b: Garchomp|brn\n|move|p1b: Garchomp|Earthquake|p2b: Flapple|[spread] p1a,p2a,p2b\n|-supereffective|p1a: Rotom|1\n|-resisted|p2b: Flapple|1\n|-damage|p1a: Rotom|65/100\n|-damage|p2a: Sableye|37/100\n|-damage|p2b: Flapple|87/100\n|move|p2b: Flapple|Grav Apple|p1b: Garchomp\n|-damage|p1b: Garchomp|31/100 brn\n|-unboost|p1b: Garchomp|def|1\n|-enditem|p1b: Garchomp|White Herb\n|-clearnegativeboost|p1b: Garchomp|[silent]\n|\n|-heal|p1a: Rotom|71/100|[from] item: Leftovers\n|-damage|p1b: Garchomp|25/100 brn|[from] brn\n|upkeep\n|turn|3\n|\n|t:|1776202386\n|move|p1b: Garchomp|Dragon Claw|p2b: Flapple\n|-supereffective|p2b: Flapple|1\n|-damage|p2b: Flapple|21/100\n|move|p2b: Flapple|Grav Apple|p1a: Rotom\n|-supereffective|p1a: Rotom|1\n|-damage|p1a: Rotom|0 fnt\n|faint|p1a: Rotom\n|move|p2a: Sableye|Foul Play|p1b: Garchomp\n|-damage|p1b: Garchomp|0 fnt\n|-damage|p2a: Sableye|25/100|[from] ability: Rough Skin|[of] p1b: Garchomp\n|faint|p1b: Garchomp\n|\n|upkeep\n|\n|t:|1776202398\n|switch|p1b: Incineroar|Incineroar, L50, F|100/100\n|switch|p1a: Lopunny|Lopunny, L50, F|100/100\n|-ability|p1b: Incineroar|Intimidate|boost\n|-unboost|p2a: Sableye|atk|1\n|-unboost|p2b: Flapple|atk|1\n|turn|4\n|\n|t:|1776202408\n|detailschange|p1a: Lopunny|Lopunny-Mega, L50, F\n|-mega|p1a: Lopunny|Lopunny|Lopunnite\n|move|p2b: Flapple|Protect|p2b: Flapple\n|-singleturn|p2b: Flapple|Protect\n|move|p1a: Lopunny|Fake Out|p2a: Sableye\n|-damage|p2a: Sableye|0 fnt\n|faint|p2a: Sableye\n|move|p1b: Incineroar|Fake Out|p2b: Flapple\n|-activate|p2b: Flapple|move: Protect\n|\n|upkeep\n|\n|t:|1776202424\n|switch|p2a: Quaquaval|Quaquaval, L50, M|100/100\n|turn|5\n|\n|t:|1776202447\n|move|p2a: Quaquaval|Close Combat|p1b: Incineroar\n|-supereffective|p1b: Incineroar|1\n|-damage|p1b: Incineroar|1/100\n|-unboost|p2a: Quaquaval|def|1\n|-unboost|p2a: Quaquaval|spd|1\n|-enditem|p1b: Incineroar|Sitrus Berry|[eat]\n|-heal|p1b: Incineroar|26/100|[from] item: Sitrus Berry\n|move|p1a: Lopunny|Close Combat|p2a: Quaquaval\n|-damage|p2a: Quaquaval|0 fnt\n|-unboost|p1a: Lopunny|def|1\n|-unboost|p1a: Lopunny|spd|1\n|faint|p2a: Quaquaval\n|move|p2b: Flapple|Grav Apple|p1a: Lopunny\n|-damage|p1a: Lopunny|5/100\n|-unboost|p1a: Lopunny|def|1\n|move|p1b: Incineroar|Flare Blitz|p2b: Flapple\n|-damage|p2b: Flapple|0 fnt\n|faint|p2b: Flapple\n|-damage|p1b: Incineroar|21/100|[from] Recoil\n|\n|-fieldend|move: Gravity\n|upkeep\n|\n|t:|1776202467\n|switch|p2b: Delphox|Delphox, L50, F|100/100\n|turn|6\n|\n|t:|1776202476\n|detailschange|p2b: Delphox|Delphox-Mega, L50, F\n|-mega|p2b: Delphox|Delphox|Delphoxite\n|move|p1a: Lopunny|Close Combat|p2b: Delphox\n|-resisted|p2b: Delphox|1\n|-damage|p2b: Delphox|54/100\n|-unboost|p1a: Lopunny|def|1\n|-unboost|p1a: Lopunny|spd|1\n|move|p2b: Delphox|Heat Wave|p1a: Lopunny|[spread] p1a,p1b\n|-resisted|p1b: Incineroar|1\n|-damage|p1a: Lopunny|0 fnt\n|-damage|p1b: Incineroar|5/100\n|faint|p1a: Lopunny\n|move|p1b: Incineroar|Throat Chop|p2b: Delphox\n|-supereffective|p2b: Delphox|1\n|-damage|p2b: Delphox|0 fnt\n|faint|p2b: Delphox\n|\n|win|JimmiBunnie\n|raw|JimmiBunnie's rating: 1127 &rarr; <strong>1147</strong><br />(+20 for winning)\n|raw|ibzdibz's rating: 1059 &rarr; <strong>1044</strong><br />(-15 for losing)\n|l|\u2606ibzdibz\n|player|p2|\n",
  "uploadtime": 1776202491,
  "views": 14,
  "formatid": "gen9championsvgc2026regma",
  "rating": 1044,
  "private": 0,
  "password": null
}