{
  "id": "gen9championsvgc2026regma-2582099044",
  "format": "[Gen 9 Champions] VGC 2026 Reg M-A",
  "players": [
    "ConnerTEP",
    "SpiderKash"
  ],
  "log": "|j|\u2606ConnerTEP\n|j|\u2606SpiderKash\n|t:|1776057724\n|gametype|doubles\n|player|p1|ConnerTEP|acerola-masters2|1380\n|player|p2|SpiderKash|101|1521\n|gen|9\n|tier|[Gen 9 Champions] VGC 2026 Reg M-A\n|rated|\n|rule|Species Clause: Limit one of each Pok\u00e9mon\n|rule|Item Clause: Limit 1 of each item\n|clearpoke\n|poke|p1|Palafin, L50, M|\n|poke|p1|Sinistcha, L50|\n|poke|p1|Incineroar, L50, M|\n|poke|p1|Gardevoir, L50, F|\n|poke|p1|Kommo-o, L50, M|\n|poke|p1|Manectric, L50, M|\n|poke|p2|Incineroar, L50, F|\n|poke|p2|Whimsicott, L50, F|\n|poke|p2|Blastoise, L50, F|\n|poke|p2|Farigiraf, L50, M|\n|poke|p2|Aegislash, L50, M|\n|poke|p2|Dragonite, L50, F|\n|teampreview|4\n|inactive|Battle timer is ON: inactive players will automatically lose when time's up. (requested by ConnerTEP)\n|j| jckdkfigig\n|inactive|ConnerTEP has 60 seconds left.\n|\n|t:|1776057767\n|teamsize|p1|4\n|teamsize|p2|4\n|start\n|switch|p1a: Incineroar|Incineroar, L50, M|100/100\n|switch|p1b: Kommo-o|Kommo-o, L50, M|100/100\n|switch|p2a: Whimsicott|Whimsicott, L50, F|100/100\n|switch|p2b: Aegislash|Aegislash, L50, M|100/100\n|-ability|p1a: Incineroar|Intimidate|boost\n|-unboost|p2a: Whimsicott|atk|1\n|-unboost|p2b: Aegislash|atk|1\n|turn|1\n|\n|t:|1776057787\n|move|p2a: Whimsicott|Protect|p2a: Whimsicott\n|-singleturn|p2a: Whimsicott|Protect\n|move|p1b: Kommo-o|Protect|p1b: Kommo-o\n|-singleturn|p1b: Kommo-o|Protect\n|move|p1a: Incineroar|Flare Blitz|p2a: Whimsicott\n|-activate|p2a: Whimsicott|move: Protect\n|-formechange|p2b: Aegislash|Aegislash-Blade|\n|move|p2b: Aegislash|Close Combat|p1a: Incineroar\n|-supereffective|p1a: Incineroar|1\n|-damage|p1a: Incineroar|56/100\n|-unboost|p2b: Aegislash|def|1\n|-unboost|p2b: Aegislash|spd|1\n|\n|upkeep\n|turn|2\n|\n|t:|1776057805\n|switch|p1b: Manectric|Manectric, L50, M|100/100\n|move|p2a: Whimsicott|Moonblast|p1b: Manectric\n|-damage|p1b: Manectric|27/100\n|-unboost|p1b: Manectric|spa|1\n|move|p1a: Incineroar|Flare Blitz|p2a: Whimsicott\n|-supereffective|p2a: Whimsicott|1\n|-enditem|p2a: Whimsicott|Focus Sash\n|-damage|p2a: Whimsicott|1/100\n|-damage|p1a: Incineroar|34/100|[from] Recoil\n|move|p2b: Aegislash|Shadow Ball|p1b: Manectric\n|-damage|p1b: Manectric|0 fnt\n|faint|p1b: Manectric\n|\n|upkeep\n|\n|t:|1776057815\n|switch|p1b: Sinistcha|Sinistcha, L50|100/100\n|-heal|p1a: Incineroar|59/100|[from] ability: Hospitality|[of] p1b: Sinistcha\n|turn|3\n|inactive|ConnerTEP has 30 seconds left.\n|\n|t:|1776057842\n|move|p2a: Whimsicott|Tailwind|p2a: Whimsicott\n|-sidestart|p2: SpiderKash|move: Tailwind\n|move|p2b: Aegislash|Shadow Ball|p1b: Sinistcha\n|-supereffective|p1b: Sinistcha|1\n|-damage|p1b: Sinistcha|5/100\n|-enditem|p1b: Sinistcha|Sitrus Berry|[eat]\n|-heal|p1b: Sinistcha|30/100|[from] item: Sitrus Berry\n|move|p1a: Incineroar|Flare Blitz|p2a: Whimsicott\n|-supereffective|p2a: Whimsicott|1\n|-damage|p2a: Whimsicott|0 fnt\n|faint|p2a: Whimsicott\n|-damage|p1a: Incineroar|58/100|[from] Recoil\n|move|p1b: Sinistcha|Shadow Ball|p2b: Aegislash\n|-supereffective|p2b: Aegislash|1\n|-damage|p2b: Aegislash|0 fnt\n|faint|p2b: Aegislash\n|\n|upkeep\n|\n|t:|1776057849\n|switch|p2a: Farigiraf|Farigiraf, L50, M|100/100\n|switch|p2b: Blastoise|Blastoise, L50, F|100/100\n|turn|4\n|inactive|ConnerTEP has 30 seconds left.\n|inactive|ConnerTEP has 20 seconds left.\n|\n|t:|1776057886\n|detailschange|p2b: Blastoise|Blastoise-Mega, L50, F\n|-mega|p2b: Blastoise|Blastoise|Blastoisinite\n|move|p2a: Farigiraf|Helping Hand|p2b: Blastoise\n|-singleturn|p2b: Blastoise|Helping Hand|[of] p2a: Farigiraf\n|move|p1b: Sinistcha|Rage Powder|p1b: Sinistcha\n|-singleturn|p1b: Sinistcha|move: Rage Powder\n|move|p2b: Blastoise|Water Spout|p1a: Incineroar|[spread] p1a,p1b\n|-supereffective|p1a: Incineroar|1\n|-resisted|p1b: Sinistcha|1\n|-damage|p1a: Incineroar|0 fnt\n|-damage|p1b: Sinistcha|0 fnt\n|faint|p1a: Incineroar\n|faint|p1b: Sinistcha\n|\n|upkeep\n|\n|t:|1776057895\n|switch|p1b: Kommo-o|Kommo-o, L50, M|100/100\n|turn|5\n|\n|t:|1776057902\n|move|p2b: Blastoise|Aura Sphere|p1b: Kommo-o\n|-damage|p1b: Kommo-o|56/100\n|move|p2a: Farigiraf|Dazzling Gleam|p1b: Kommo-o\n|-supereffective|p1b: Kommo-o|2\n|-damage|p1b: Kommo-o|0 fnt\n|faint|p1b: Kommo-o\n|\n|win|SpiderKash\n|raw|ConnerTEP's rating: 1380 &rarr; <strong>1368</strong><br />(-12 for losing)\n|raw|SpiderKash's rating: 1521 &rarr; <strong>1533</strong><br />(+12 for winning)\n",
  "uploadtime": 1776057907,
  "views": 99,
  "formatid": "gen9championsvgc2026regma",
  "rating": 1368,
  "private": 0,
  "password": null
}