{
  "id": "gen9championsvgc2026regma-2588501543",
  "format": "[Gen 9 Champions] VGC 2026 Reg M-A",
  "players": [
    "Millygan15",
    "strogo273"
  ],
  "log": "|j|\u2606Millygan15\n|j|\u2606strogo273\n|t:|1776639298\n|gametype|doubles\n|player|p1|Millygan15|volkner|1123\n|player|p2|strogo273|265|1028\n|gen|9\n|tier|[Gen 9 Champions] VGC 2026 Reg M-A\n|rated|\n|rule|Species Clause: Limit one of each Pok\u00e9mon\n|rule|Item Clause: Limit 1 of each item\n|clearpoke\n|poke|p1|Goodra-Hisui, L50, M|\n|poke|p1|Charizard, L50, F|\n|poke|p1|Venusaur, L50, F|\n|poke|p1|Ariados, L50, M|\n|poke|p1|Basculegion, L50, M|\n|poke|p1|Lopunny, L50, F|\n|poke|p2|Aggron, L50, M|\n|poke|p2|Sinistcha, L50, shiny|\n|poke|p2|Incineroar, L50, M|\n|poke|p2|Glimmora, L50, F|\n|poke|p2|Garchomp, L50, F|\n|poke|p2|Mamoswine, L50, F|\n|teampreview|4\n|\n|t:|1776639320\n|teamsize|p1|4\n|teamsize|p2|4\n|start\n|switch|p1a: Ariados|Ariados, L50, M|100/100\n|switch|p1b: Goodra|Goodra-Hisui, L50, M|100/100\n|switch|p2a: Aggron|Aggron, L50, M|100/100\n|switch|p2b: Incineroar|Incineroar, L50, M|100/100\n|-ability|p2b: Incineroar|Intimidate|boost\n|-unboost|p1a: Ariados|atk|1\n|-unboost|p1b: Goodra|atk|1\n|turn|1\n|inactive|Battle timer is ON: inactive players will automatically lose when time's up. (requested by Millygan15)\n|\n|t:|1776639341\n|detailschange|p2a: Aggron|Aggron-Mega, L50, M\n|-mega|p2a: Aggron|Aggron|Aggronite\n|move|p2b: Incineroar|Fake Out|p1a: Ariados\n|-damage|p1a: Ariados|84/100\n|move|p1b: Goodra|Shelter|p1b: Goodra\n|-boost|p1b: Goodra|def|2\n|move|p2a: Aggron|Sandstorm|p2a: Aggron\n|-weather|Sandstorm\n|cant|p1a: Ariados|flinch\n|\n|-weather|Sandstorm|[upkeep]\n|-damage|p2b: Incineroar|95/100|[from] Sandstorm\n|-damage|p1a: Ariados|77/100|[from] Sandstorm\n|upkeep\n|turn|2\n|c|\u2606Millygan15|!dt filter\n|c|\u2606Millygan15|/raw <ul class=\"utilichart\"><li class=\"result\"><span class=\"col namecol\"><a href=\"https://dex.pokemonshowdown.com/abilities/filter\">Filter</a></span> <span class=\"col abilitydesccol\">This Pokemon receives 3/4 damage from supereffective attacks.</span> </li><li style=\"clear:both\"></li></ul>\n|c|\u2606Millygan15|/raw <font size=\"1\"><font color=\"#686868\">Gen:</font> 4&nbsp;|&ThickSpace;&#10003; Ignored by Mold Breaker</font>\n\n|\n|t:|1776639364\n|move|p2b: Incineroar|Flare Blitz|p1b: Goodra\n|-damage|p1b: Goodra|80/100\n|-damage|p2b: Incineroar|87/100|[from] Recoil\n|move|p1b: Goodra|Shelter|p1b: Goodra\n|-boost|p1b: Goodra|def|2\n|move|p2a: Aggron|Iron Defense|p2a: Aggron\n|-boost|p2a: Aggron|def|2\n|move|p1a: Ariados|Sticky Web|p2a: Aggron\n|-sidestart|p2: strogo273|move: Sticky Web\n|\n|-weather|Sandstorm|[upkeep]\n|-damage|p2b: Incineroar|81/100|[from] Sandstorm\n|-damage|p1a: Ariados|71/100|[from] Sandstorm\n|-heal|p1b: Goodra|86/100|[from] item: Leftovers\n|upkeep\n|turn|3\n|\n|t:|1776639384\n|move|p1a: Ariados|Sucker Punch|p2b: Incineroar\n|-resisted|p2b: Incineroar|1\n|-damage|p2b: Incineroar|73/100\n|move|p2b: Incineroar|Flare Blitz|p1a: Ariados\n|-supereffective|p1a: Ariados|1\n|-damage|p1a: Ariados|0 fnt\n|faint|p1a: Ariados\n|-damage|p2b: Incineroar|49/100|[from] Recoil\n|move|p1b: Goodra|Body Press|p2b: Incineroar\n|-supereffective|p2b: Incineroar|1\n|-damage|p2b: Incineroar|0 fnt\n|faint|p2b: Incineroar\n|move|p2a: Aggron|Iron Defense|p2a: Aggron\n|-boost|p2a: Aggron|def|2\n|\n|-weather|Sandstorm|[upkeep]\n|-heal|p1b: Goodra|91/100|[from] item: Leftovers\n|upkeep\n|\n|t:|1776639404\n|switch|p2b: Garchomp|Garchomp, L50, F|100/100\n|switch|p1a: Venusaur|Venusaur, L50, F|100/100\n|-activate|p2b: Garchomp|move: Sticky Web\n|-unboost|p2b: Garchomp|spe|1\n|turn|4\n|inactive|Millygan15 has 30 seconds left.\n|\n|t:|1776639442\n|move|p1a: Venusaur|Sleep Powder|p2a: Aggron\n|-status|p2a: Aggron|slp|[from] move: Sleep Powder\n|move|p2b: Garchomp|Stomping Tantrum|p1b: Goodra\n|-supereffective|p1b: Goodra|1\n|-damage|p1b: Goodra|71/100\n|move|p1b: Goodra|Body Press|p2b: Garchomp\n|-damage|p2b: Garchomp|28/100\n|cant|p2a: Aggron|slp\n|\n|-weather|Sandstorm|[upkeep]\n|-damage|p1a: Venusaur|95/100|[from] Sandstorm\n|-heal|p1b: Goodra|77/100|[from] item: Leftovers\n|upkeep\n|turn|5\n|inactive|Millygan15 has 30 seconds left.\n|inactive|strogo273 has 30 seconds left.\n|\n|t:|1776639469\n|move|p1a: Venusaur|Growth|p1a: Venusaur\n|-boost|p1a: Venusaur|atk|1\n|-boost|p1a: Venusaur|spa|1\n|move|p2b: Garchomp|Brick Break|p1b: Goodra\n|-supereffective|p1b: Goodra|1\n|-damage|p1b: Goodra|62/100\n|move|p1b: Goodra|Body Press|p2b: Garchomp\n|-damage|p2b: Garchomp|0 fnt\n|faint|p2b: Garchomp\n|cant|p2a: Aggron|slp\n|\n|-weather|none\n|-heal|p1b: Goodra|68/100|[from] item: Leftovers\n|upkeep\n|\n|t:|1776639483\n|switch|p2b: Sinistcha|Sinistcha, L50, shiny|100/100\n|-activate|p2b: Sinistcha|move: Sticky Web\n|-unboost|p2b: Sinistcha|spe|1\n|turn|6\n|\n|t:|1776639499\n|move|p1a: Venusaur|Sludge Wave|p2a: Aggron|[spread] p2b\n|-immune|p1b: Goodra\n|-immune|p2a: Aggron\n|-damage|p2b: Sinistcha|45/100\n|move|p2b: Sinistcha|Reflect|p2b: Sinistcha\n|-sidestart|p2: strogo273|Reflect\n|move|p1b: Goodra|Knock Off|p2b: Sinistcha\n|-supereffective|p2b: Sinistcha|1\n|-crit|p2b: Sinistcha\n|-damage|p2b: Sinistcha|0 fnt\n|-enditem|p2b: Sinistcha|Focus Sash|[from] move: Knock Off|[of] p1b: Goodra\n|faint|p2b: Sinistcha\n|-curestatus|p2a: Aggron|slp|[msg]\n|move|p2a: Aggron|Sandstorm|p2a: Aggron\n|-weather|Sandstorm\n|\n|-weather|Sandstorm|[upkeep]\n|-damage|p1a: Venusaur|89/100|[from] Sandstorm\n|-heal|p1b: Goodra|74/100|[from] item: Leftovers\n|upkeep\n|turn|7\n|\n|t:|1776639519\n|move|p1a: Venusaur|Sleep Powder|p2a: Aggron\n|-status|p2a: Aggron|slp|[from] move: Sleep Powder\n|move|p1b: Goodra|Shelter|p1b: Goodra\n|-boost|p1b: Goodra|def|2\n|cant|p2a: Aggron|slp\n|\n|-weather|Sandstorm|[upkeep]\n|-damage|p1a: Venusaur|83/100|[from] Sandstorm\n|-heal|p1b: Goodra|80/100|[from] item: Leftovers\n|upkeep\n|turn|8\n|\n|t:|1776639532\n|move|p1a: Venusaur|Growth|p1a: Venusaur\n|-boost|p1a: Venusaur|atk|1\n|-boost|p1a: Venusaur|spa|1\n|move|p1b: Goodra|Body Press|p2a: Aggron\n|-supereffective|p2a: Aggron|1\n|-damage|p2a: Aggron|86/100 slp\n|-curestatus|p2a: Aggron|slp|[msg]\n|move|p2a: Aggron|Iron Head|p1a: Venusaur\n|-damage|p1a: Venusaur|40/100\n|\n|-weather|Sandstorm|[upkeep]\n|-damage|p1a: Venusaur|34/100|[from] Sandstorm\n|-heal|p1b: Goodra|86/100|[from] item: Leftovers\n|upkeep\n|turn|9\n|\n|t:|1776639546\n|move|p1a: Venusaur|Sleep Powder|p2a: Aggron\n|-status|p2a: Aggron|slp|[from] move: Sleep Powder\n|move|p1b: Goodra|Body Press|p2a: Aggron\n|-supereffective|p2a: Aggron|1\n|-damage|p2a: Aggron|72/100 slp\n|cant|p2a: Aggron|slp\n|\n|-weather|Sandstorm|[upkeep]\n|-damage|p1a: Venusaur|28/100|[from] Sandstorm\n|-heal|p1b: Goodra|91/100|[from] item: Leftovers\n|upkeep\n|turn|10\n|\n|t:|1776639561\n|move|p1a: Venusaur|Solar Beam||[still]\n|-prepare|p1a: Venusaur|Solar Beam\n|move|p1b: Goodra|Body Press|p2a: Aggron\n|-supereffective|p2a: Aggron|1\n|-damage|p2a: Aggron|59/100 slp\n|cant|p2a: Aggron|slp\n|\n|-weather|none\n|-heal|p1b: Goodra|97/100|[from] item: Leftovers\n|-sideend|p2: strogo273|Reflect\n|upkeep\n|turn|11\n|\n|t:|1776639572\n|move|p1a: Venusaur|Solar Beam|p2a: Aggron|[from] lockedmove\n|-resisted|p2a: Aggron|1\n|-damage|p2a: Aggron|11/100 slp\n|move|p1b: Goodra|Body Press|p2a: Aggron\n|-supereffective|p2a: Aggron|1\n|-damage|p2a: Aggron|0 fnt\n|faint|p2a: Aggron\n|\n|win|Millygan15\n|raw|Millygan15's rating: 1123 &rarr; <strong>1141</strong><br />(+18 for winning)\n|raw|strogo273's rating: 1028 &rarr; <strong>1018</strong><br />(-10 for losing)\n",
  "uploadtime": 1776639581,
  "views": 6,
  "formatid": "gen9championsvgc2026regma",
  "rating": 1018,
  "private": 0,
  "password": null
}