{
  "id": "gen9championsvgc2026regma-2581616147",
  "format": "[Gen 9 Champions] VGC 2026 Reg M-A",
  "players": [
    "Missed Ledgedash",
    "duck duty"
  ],
  "log": "|j|\u2606Missed Ledgedash\n|j|\u2606duck duty\n|t:|1776015378\n|gametype|doubles\n|player|p1|Missed Ledgedash|juan-gen3|1066\n|player|p2|duck duty|nate-pokestar3|1000\n|gen|9\n|tier|[Gen 9 Champions] VGC 2026 Reg M-A\n|rated|\n|rule|Species Clause: Limit one of each Pok\u00e9mon\n|rule|Item Clause: Limit 1 of each item\n|clearpoke\n|poke|p1|Gardevoir, L50, M|\n|poke|p1|Rotom-Wash, L50|\n|poke|p1|Incineroar, L50, F|\n|poke|p1|Kingambit, L50, F|\n|poke|p1|Garchomp, L50, M|\n|poke|p1|Sneasler, L50, F|\n|poke|p2|Altaria, L50, M|\n|poke|p2|Incineroar, L50, M|\n|poke|p2|Sneasler, L50, M|\n|poke|p2|Talonflame, L50, F|\n|poke|p2|Kingambit, L50, M|\n|poke|p2|Sinistcha, L50|\n|teampreview|4\n|inactive|Battle timer is ON: inactive players will automatically lose when time's up. (requested by duck duty)\n|\n|t:|1776015408\n|teamsize|p1|4\n|teamsize|p2|4\n|start\n|switch|p1a: Gardevoir|Gardevoir, L50, M|100/100\n|switch|p1b: Incineroar|Incineroar, L50, F|100/100\n|switch|p2a: Talonflame|Talonflame, L50, F|100/100\n|switch|p2b: Sneasler|Sneasler, L50, M|100/100\n|-ability|p1b: Incineroar|Intimidate|boost\n|-unboost|p2a: Talonflame|atk|1\n|-unboost|p2b: Sneasler|atk|1\n|turn|1\n|\n|t:|1776015427\n|move|p2a: Talonflame|Quick Guard|p2a: Talonflame\n|-singleturn|p2a: Talonflame|Quick Guard\n|move|p1b: Incineroar|Fake Out|p2b: Sneasler\n|-activate|p2b: Sneasler|move: Quick Guard\n|move|p2b: Sneasler|Dire Claw|p1a: Gardevoir\n|-supereffective|p1a: Gardevoir|1\n|-damage|p1a: Gardevoir|10/100\n|move|p1a: Gardevoir|Psychic|p2b: Sneasler\n|-supereffective|p2b: Sneasler|2\n|-enditem|p2b: Sneasler|Focus Sash\n|-damage|p2b: Sneasler|1/100\n|\n|upkeep\n|turn|2\n|\n|t:|1776015449\n|move|p1a: Gardevoir|Protect|p1a: Gardevoir\n|-singleturn|p1a: Gardevoir|Protect\n|move|p2a: Talonflame|Brave Bird|p1a: Gardevoir\n|-activate|p1a: Gardevoir|move: Protect\n|move|p2b: Sneasler|Close Combat|p1b: Incineroar\n|-supereffective|p1b: Incineroar|1\n|-damage|p1b: Incineroar|25/100\n|-unboost|p2b: Sneasler|def|1\n|-unboost|p2b: Sneasler|spd|1\n|move|p1b: Incineroar|Flare Blitz|p2b: Sneasler\n|-damage|p2b: Sneasler|0 fnt\n|faint|p2b: Sneasler\n|-damage|p1b: Incineroar|25/100|[from] Recoil\n|\n|upkeep\n|\n|t:|1776015462\n|switch|p2b: Incineroar|Incineroar, L50, M|100/100\n|-ability|p2b: Incineroar|Intimidate|boost\n|-unboost|p1a: Gardevoir|atk|1\n|-unboost|p1b: Incineroar|atk|1\n|turn|3\n|\n|t:|1776015485\n|move|p2a: Talonflame|Brave Bird|p1a: Gardevoir\n|-damage|p1a: Gardevoir|0 fnt\n|faint|p1a: Gardevoir\n|-damage|p2a: Talonflame|97/100|[from] Recoil\n|move|p1b: Incineroar|Parting Shot|p2a: Talonflame\n|-unboost|p2a: Talonflame|atk|1\n|-unboost|p2a: Talonflame|spa|1\n|\n|t:|1776015492\n|switch|p1b: Garchomp|Garchomp, L50, M|100/100|[from] Parting Shot\n|move|p2b: Incineroar|Flare Blitz|p1b: Garchomp\n|-resisted|p1b: Garchomp|1\n|-damage|p1b: Garchomp|75/100\n|-damage|p2b: Incineroar|88/100|[from] ability: Rough Skin|[of] p1b: Garchomp\n|-damage|p2b: Incineroar|79/100|[from] Recoil\n|\n|upkeep\n|\n|t:|1776015497\n|switch|p1a: Rotom|Rotom-Wash, L50|100/100\n|turn|4\n|\n|t:|1776015517\n|switch|p2b: Sinistcha|Sinistcha, L50|100/100\n|-heal|p2a: Talonflame|100/100|[from] ability: Hospitality|[of] p2b: Sinistcha\n|detailschange|p1b: Garchomp|Garchomp-Mega, L50, M\n|-mega|p1b: Garchomp|Garchomp|Garchompite\n|move|p2a: Talonflame|Brave Bird|p1b: Garchomp\n|-damage|p1b: Garchomp|55/100\n|-damage|p2a: Talonflame|91/100|[from] Recoil\n|move|p1b: Garchomp|Earthquake|p2a: Talonflame|[spread] p2b\n|-immune|p1a: Rotom|[from] ability: Levitate\n|-immune|p2a: Talonflame\n|-resisted|p2b: Sinistcha|1\n|-damage|p2b: Sinistcha|81/100\n|move|p1a: Rotom|Hydro Pump|p2a: Talonflame|[miss]\n|-miss|p1a: Rotom|p2a: Talonflame\n|\n|-heal|p2b: Sinistcha|87/100|[from] item: Leftovers\n|upkeep\n|turn|5\n|inactive|duck duty has 30 seconds left.\n|\n|t:|1776015544\n|move|p2a: Talonflame|Tailwind|p2a: Talonflame\n|-sidestart|p2: duck duty|move: Tailwind\n|move|p2b: Sinistcha|Matcha Gotcha|p1b: Garchomp|[spread] p1a,p1b\n|-supereffective|p1a: Rotom|1\n|-damage|p1a: Rotom|46/100\n|-heal|p2b: Sinistcha|100/100|[from] drain|[of] p1a: Rotom\n|-damage|p1b: Garchomp|33/100\n|-status|p1a: Rotom|brn\n|-enditem|p1a: Rotom|Sitrus Berry|[eat]\n|-heal|p1a: Rotom|71/100 brn|[from] item: Sitrus Berry\n|move|p1b: Garchomp|Dragon Claw|p2b: Sinistcha\n|-damage|p2b: Sinistcha|59/100\n|move|p1a: Rotom|Discharge|p2b: Sinistcha|[spread] p2a,p2b\n|-immune|p1b: Garchomp\n|-supereffective|p2a: Talonflame|1\n|-resisted|p2b: Sinistcha|1\n|-crit|p2b: Sinistcha\n|-damage|p2a: Talonflame|0 fnt\n|-damage|p2b: Sinistcha|34/100\n|faint|p2a: Talonflame\n|\n|-heal|p2b: Sinistcha|40/100|[from] item: Leftovers\n|-damage|p1a: Rotom|65/100 brn|[from] brn\n|upkeep\n|inactive|duck duty has 30 seconds left.\n|l|\u2606duck duty\n|inactive|duck duty disconnected and has a minute to reconnect!\n|player|p2|\n|inactive|duck duty has 20 seconds left.\n|inactive|duck duty has 15 seconds left.\n|inactive|duck duty has 10 seconds left.\n|inactive|duck duty has 5 seconds left.\n|j|\u2606duck duty\n|inactive|duck duty reconnected and has 5 seconds left.\n|player|p2|duck duty|nate-pokestar3|\n|\n|t:|1776015599\n|switch|p2a: Incineroar|Incineroar, L50, M|79/100\n|-ability|p2a: Incineroar|Intimidate|boost\n|-unboost|p1a: Rotom|atk|1\n|-unboost|p1b: Garchomp|atk|1\n|turn|6\n|\n|t:|1776015611\n|move|p2b: Sinistcha|Matcha Gotcha|p1b: Garchomp|[spread] p1a\n|-miss|p2b: Sinistcha|p1b: Garchomp\n|-supereffective|p1a: Rotom|1\n|-damage|p1a: Rotom|15/100 brn\n|-heal|p2b: Sinistcha|62/100|[from] drain|[of] p1a: Rotom\n|move|p2a: Incineroar|Flare Blitz|p1b: Garchomp\n|-resisted|p1b: Garchomp|1\n|-damage|p1b: Garchomp|11/100\n|-damage|p2a: Incineroar|71/100|[from] Recoil\n|move|p1b: Garchomp|Earthquake|p2b: Sinistcha|[spread] p2a,p2b\n|-immune|p1a: Rotom|[from] ability: Levitate\n|-supereffective|p2a: Incineroar|1\n|-resisted|p2b: Sinistcha|1\n|-crit|p2b: Sinistcha\n|-damage|p2a: Incineroar|2/100\n|-damage|p2b: Sinistcha|35/100\n|-enditem|p2a: Incineroar|Sitrus Berry|[eat]\n|-heal|p2a: Incineroar|27/100|[from] item: Sitrus Berry\n|move|p1a: Rotom|Discharge|p2b: Sinistcha|[spread] p2a,p2b\n|-immune|p1b: Garchomp\n|-resisted|p2b: Sinistcha|1\n|-damage|p2a: Incineroar|4/100\n|-damage|p2b: Sinistcha|20/100\n|\n|-heal|p2b: Sinistcha|26/100|[from] item: Leftovers\n|-damage|p1a: Rotom|9/100 brn|[from] brn\n|upkeep\n|turn|7\n|l|\u2606duck duty\n|inactive|duck duty disconnected and has a minute to reconnect!\n|player|p2|\n|inactive|duck duty has 30 seconds left.\n|inactive|duck duty has 20 seconds left.\n|inactive|duck duty has 15 seconds left.\n|j|\u2606duck duty\n|inactive|duck duty reconnected and has 15 seconds left.\n|player|p2|duck duty|nate-pokestar3|\n|inactive|duck duty has 10 seconds left.\n|\n|t:|1776015656\n|move|p1a: Rotom|Protect|p1a: Rotom\n|-singleturn|p1a: Rotom|Protect\n|move|p2b: Sinistcha|Matcha Gotcha|p1a: Rotom|[spread] p1b\n|-activate|p1a: Rotom|move: Protect\n|-damage|p1b: Garchomp|0 fnt\n|-heal|p2b: Sinistcha|32/100|[from] drain|[of] p1b: Garchomp\n|faint|p1b: Garchomp\n|move|p2a: Incineroar|Flare Blitz|p1a: Rotom\n|-activate|p1a: Rotom|move: Protect\n|\n|-heal|p2b: Sinistcha|38/100|[from] item: Leftovers\n|-damage|p1a: Rotom|4/100 brn|[from] brn\n|upkeep\n|l|\u2606duck duty\n|inactive|duck duty disconnected and has a minute to reconnect!\n|player|p2|\n|\n|t:|1776015668\n|switch|p1b: Incineroar|Incineroar, L50, F|25/100\n|-ability|p1b: Incineroar|Intimidate|boost\n|-unboost|p2a: Incineroar|atk|1\n|-unboost|p2b: Sinistcha|atk|1\n|turn|8\n|j|\u2606duck duty\n|inactive|duck duty reconnected and has 40 seconds left.\n|player|p2|duck duty|nate-pokestar3|\n|inactive|duck duty has 30 seconds left.\n|inactive|duck duty has 20 seconds left.\n|inactive|duck duty has 15 seconds left.\n|inactive|duck duty has 10 seconds left.\n|\n|t:|1776015713\n|move|p2b: Sinistcha|Protect|p2b: Sinistcha\n|-singleturn|p2b: Sinistcha|Protect\n|move|p1b: Incineroar|Fake Out|p2a: Incineroar\n|-crit|p2a: Incineroar\n|-damage|p2a: Incineroar|0 fnt\n|faint|p2a: Incineroar\n|move|p1a: Rotom|Thunderbolt|p2b: Sinistcha\n|-activate|p2b: Sinistcha|move: Protect\n|\n|-heal|p2b: Sinistcha|44/100|[from] item: Leftovers\n|-damage|p1a: Rotom|0 fnt|[from] brn\n|faint|p1a: Rotom\n|-sideend|p2: duck duty|move: Tailwind\n|upkeep\n|turn|9\n|\n|t:|1776015725\n|move|p2b: Sinistcha|Life Dew|p2b: Sinistcha\n|-heal|p2b: Sinistcha|70/100\n|move|p1b: Incineroar|Flare Blitz|p2b: Sinistcha\n|-supereffective|p2b: Sinistcha|1\n|-crit|p2b: Sinistcha\n|-damage|p2b: Sinistcha|0 fnt\n|faint|p2b: Sinistcha\n|-damage|p1b: Incineroar|4/100|[from] Recoil\n|\n|win|Missed Ledgedash\n|raw|Missed Ledgedash's rating: 1066 &rarr; <strong>1090</strong><br />(+24 for winning)\n|raw|duck duty's rating: 1000 &rarr; <strong>1000</strong><br />(+0 for losing)\n",
  "uploadtime": 1776015725,
  "views": 13,
  "formatid": "gen9championsvgc2026regma",
  "rating": 1000,
  "private": 0,
  "password": null
}