{
  "id": "gen9championsvgc2026regma-2586087783",
  "format": "[Gen 9 Champions] VGC 2026 Reg M-A",
  "players": [
    "Cabin6",
    "opkil"
  ],
  "log": "|j|\u2606Cabin6\n|j|\u2606opkil\n|t:|1776397632\n|gametype|doubles\n|player|p1|Cabin6|roxie|1419\n|player|p2|opkil|101|1388\n|gen|9\n|tier|[Gen 9 Champions] VGC 2026 Reg M-A\n|rated|\n|rule|Species Clause: Limit one of each Pok\u00e9mon\n|rule|Item Clause: Limit 1 of each item\n|clearpoke\n|poke|p1|Delphox, L50, F|\n|poke|p1|Kingambit, L50, F|\n|poke|p1|Sneasler, L50, M|\n|poke|p1|Dragonite, L50, M|\n|poke|p1|Clefable, L50, F|\n|poke|p1|Basculegion, L50, M|\n|poke|p2|Floette-Eternal, L50, F|\n|poke|p2|Garchomp, L50, M|\n|poke|p2|Aerodactyl, L50, F|\n|poke|p2|Sneasler, L50, F|\n|poke|p2|Incineroar, L50, M|\n|poke|p2|Sinistcha, L50|\n|teampreview|4\n|inactive|Battle timer is ON: inactive players will automatically lose when time's up. (requested by opkil)\n|\n|t:|1776397651\n|teamsize|p1|4\n|teamsize|p2|4\n|start\n|switch|p1a: Aaron's Legion|Basculegion, L50, M|100/100\n|switch|p1b: Foxpii's Blessing|Delphox, L50, F|100/100\n|switch|p2a: Sneasler|Sneasler, L50, F|100/100\n|switch|p2b: Sinistcha|Sinistcha, L50|100/100\n|turn|1\n|\n|t:|1776397663\n|detailschange|p1b: Foxpii's Blessing|Delphox-Mega, L50, F\n|-mega|p1b: Foxpii's Blessing|Delphox|Delphoxite\n|move|p1b: Foxpii's Blessing|Protect|p1b: Foxpii's Blessing\n|-singleturn|p1b: Foxpii's Blessing|Protect\n|move|p2a: Sneasler|Fake Out|p1b: Foxpii's Blessing\n|-activate|p1b: Foxpii's Blessing|move: Protect\n|move|p1a: Aaron's Legion|Flip Turn|p2a: Sneasler\n|-damage|p2a: Sneasler|28/100\n|\n|t:|1776397674\n|switch|p1a: Clefable|Clefable, L50, F|100/100|[from] Flip Turn\n|move|p2b: Sinistcha|Trick Room|p2b: Sinistcha\n|-fieldstart|move: Trick Room|[of] p2b: Sinistcha\n|\n|upkeep\n|turn|2\n|\n|t:|1776397688\n|switch|p2b: Aerodactyl|Aerodactyl, L50, F|100/100\n|-ability|p2b: Aerodactyl|Unnerve\n|move|p1a: Clefable|Follow Me|p1a: Clefable\n|-singleturn|p1a: Clefable|move: Follow Me\n|move|p2a: Sneasler|Dire Claw|p1a: Clefable\n|-supereffective|p1a: Clefable|1\n|-damage|p1a: Clefable|37/100\n|move|p1b: Foxpii's Blessing|Heat Wave|p2b: Aerodactyl|[spread] p2a,p2b\n|-resisted|p2b: Aerodactyl|1\n|-damage|p2a: Sneasler|0 fnt\n|-damage|p2b: Aerodactyl|70/100\n|faint|p2a: Sneasler\n|\n|upkeep\n|\n|t:|1776397693\n|switch|p2a: Floette|Floette-Eternal, L50, F|100/100\n|turn|3\n|\n|t:|1776397704\n|detailschange|p2a: Floette|Floette-Mega, L50, F\n|-mega|p2a: Floette|Floette|Floettite\n|-ability|p2a: Floette|Fairy Aura\n|move|p1a: Clefable|Protect|p1a: Clefable\n|-singleturn|p1a: Clefable|Protect\n|move|p1b: Foxpii's Blessing|Protect|p1b: Foxpii's Blessing\n|-singleturn|p1b: Foxpii's Blessing|Protect\n|move|p2a: Floette|Calm Mind|p2a: Floette\n|-boost|p2a: Floette|spa|1\n|-boost|p2a: Floette|spd|1\n|move|p2b: Aerodactyl|Rock Slide|p1a: Clefable|[spread] \n|-activate|p1a: Clefable|move: Protect\n|-activate|p1b: Foxpii's Blessing|move: Protect\n|\n|upkeep\n|turn|4\n|\n|t:|1776397727\n|move|p1a: Clefable|Moonblast|p2b: Aerodactyl\n|-damage|p2b: Aerodactyl|11/100\n|move|p2a: Floette|Calm Mind|p2a: Floette\n|-boost|p2a: Floette|spa|1\n|-boost|p2a: Floette|spd|1\n|move|p2b: Aerodactyl|Rock Slide|p1a: Clefable|[spread] p1a,p1b\n|-supereffective|p1b: Foxpii's Blessing|1\n|-damage|p1a: Clefable|17/100\n|-damage|p1b: Foxpii's Blessing|28/100\n|move|p1b: Foxpii's Blessing|Substitute|p1b: Foxpii's Blessing\n|-start|p1b: Foxpii's Blessing|Substitute\n|-damage|p1b: Foxpii's Blessing|3/100\n|\n|upkeep\n|turn|5\n|inactive|Cabin6 has 30 seconds left.\n|\n|t:|1776397758\n|move|p2b: Aerodactyl|Protect|p2b: Aerodactyl\n|-singleturn|p2b: Aerodactyl|Protect\n|move|p1a: Clefable|Moonblast|p2b: Aerodactyl\n|-activate|p2b: Aerodactyl|move: Protect\n|move|p2a: Floette|Dazzling Gleam|p1a: Clefable|[spread] p1a,p1b\n|-resisted|p1b: Foxpii's Blessing|1\n|-end|p1b: Foxpii's Blessing|Substitute\n|-crit|p1a: Clefable\n|-damage|p1a: Clefable|0 fnt\n|faint|p1a: Clefable\n|move|p1b: Foxpii's Blessing|Psychic|p2a: Floette\n|-damage|p2a: Floette|81/100\n|\n|-fieldend|move: Trick Room\n|upkeep\n|\n|t:|1776397770\n|switch|p1a: Abdur's Aura|Sneasler, L50, M|100/100\n|turn|6\n|\n|t:|1776397791\n|move|p2a: Floette|Protect|p2a: Floette\n|-singleturn|p2a: Floette|Protect\n|move|p1a: Abdur's Aura|Fake Out|p2b: Aerodactyl\n|-resisted|p2b: Aerodactyl|1\n|-damage|p2b: Aerodactyl|0 fnt\n|faint|p2b: Aerodactyl\n|move|p1b: Foxpii's Blessing|Psychic|p2a: Floette\n|-activate|p2a: Floette|move: Protect\n|\n|upkeep\n|\n|t:|1776397795\n|switch|p2b: Sinistcha|Sinistcha, L50|100/100\n|-heal|p2a: Floette|100/100|[from] ability: Hospitality|[of] p2b: Sinistcha\n|turn|7\n|\n|t:|1776397808\n|move|p2b: Sinistcha|Rage Powder|p2b: Sinistcha\n|-singleturn|p2b: Sinistcha|move: Rage Powder\n|move|p1b: Foxpii's Blessing|Heat Wave|p2b: Sinistcha|[spread] p2a,p2b\n|-supereffective|p2b: Sinistcha|1\n|-damage|p2a: Floette|86/100\n|-damage|p2b: Sinistcha|20/100\n|-enditem|p2b: Sinistcha|Sitrus Berry|[eat]\n|-heal|p2b: Sinistcha|44/100|[from] item: Sitrus Berry\n|move|p1a: Abdur's Aura|Dire Claw|p2b: Sinistcha\n|-crit|p2b: Sinistcha\n|-damage|p2b: Sinistcha|0 fnt\n|faint|p2b: Sinistcha\n|move|p2a: Floette|Dazzling Gleam|p1a: Abdur's Aura|[spread] p1a,p1b\n|-resisted|p1b: Foxpii's Blessing|1\n|-enditem|p1a: Abdur's Aura|Focus Sash\n|-damage|p1a: Abdur's Aura|1/100\n|-damage|p1b: Foxpii's Blessing|0 fnt\n|faint|p1b: Foxpii's Blessing\n|\n|upkeep\n|\n|t:|1776397823\n|switch|p1b: Aaron's Legion|Basculegion, L50, M|100/100\n|turn|8\n|\n|t:|1776397834\n|move|p1a: Abdur's Aura|Dire Claw|p2a: Floette\n|-supereffective|p2a: Floette|1\n|-damage|p2a: Floette|0 fnt\n|faint|p2a: Floette\n|\n|win|Cabin6\n|raw|Cabin6's rating: 1419 &rarr; <strong>1437</strong><br />(+18 for winning)\n|raw|opkil's rating: 1388 &rarr; <strong>1370</strong><br />(-18 for losing)\n|l|\u2606opkil\n|player|p2|\n|j| TR34SUR3\n|l| TR34SUR3\n",
  "uploadtime": 1776398051,
  "views": 43,
  "formatid": "gen9championsvgc2026regma",
  "rating": 1370,
  "private": 0,
  "password": null
}