{
  "id": "gen9championsvgc2026regma-2581219330",
  "format": "[Gen 9 Champions] VGC 2026 Reg M-A",
  "players": [
    "redistr",
    "sjysjy"
  ],
  "log": "|j|\u2606redistr\n|j|\u2606sjysjy\n|t:|1775972289\n|gametype|doubles\n|player|p1|redistr|chili|1294\n|player|p2|sjysjy|265|1299\n|gen|9\n|tier|[Gen 9 Champions] VGC 2026 Reg M-A\n|rated|\n|rule|Species Clause: Limit one of each Pok\u00e9mon\n|rule|Item Clause: Limit 1 of each item\n|clearpoke\n|poke|p1|Delphox, L50, F|\n|poke|p1|Garchomp, L50, F|\n|poke|p1|Incineroar, L50, F|\n|poke|p1|Sneasler, L50, F|\n|poke|p1|Kingambit, L50, M|\n|poke|p1|Floette-Eternal, L50, F|\n|poke|p2|Gengar, L50, M|\n|poke|p2|Garchomp, L50, F|\n|poke|p2|Whimsicott, L50, F|\n|poke|p2|Typhlosion-Hisui, L50, F|\n|poke|p2|Kingambit, L50, M|\n|poke|p2|Rotom-Wash, L50|\n|teampreview|4\n|inactive|Battle timer is ON: inactive players will automatically lose when time's up. (requested by redistr)\n|inactive|redistr has 60 seconds left.\n|j| gE1xjZRtuhW2DdT0AK\n|\n|t:|1775972326\n|teamsize|p1|4\n|teamsize|p2|4\n|start\n|switch|p1a: Karma|Incineroar, L50, F|100/100\n|switch|p1b: Again Again!|Delphox, L50, F, shiny|100/100\n|switch|p2a: Rotom|Rotom-Wash, L50|100/100\n|switch|p2b: Garchomp|Garchomp, L50, F|100/100\n|-ability|p1a: Karma|Intimidate|boost\n|-unboost|p2a: Rotom|atk|1\n|-unboost|p2b: Garchomp|atk|1\n|turn|1\n|\n|t:|1775972348\n|detailschange|p1b: Again Again!|Delphox-Mega, L50, F, shiny\n|-mega|p1b: Again Again!|Delphox|Delphoxite\n|move|p2b: Garchomp|Protect|p2b: Garchomp\n|-singleturn|p2b: Garchomp|Protect\n|move|p1a: Karma|Fake Out|p2a: Rotom\n|-damage|p2a: Rotom|88/100\n|move|p1b: Again Again!|Psychic|p2a: Rotom\n|-damage|p2a: Rotom|42/100\n|-enditem|p2a: Rotom|Sitrus Berry|[eat]\n|-heal|p2a: Rotom|67/100|[from] item: Sitrus Berry\n|cant|p2a: Rotom|flinch\n|\n|upkeep\n|turn|2\n|\n|t:|1775972361\n|move|p1b: Again Again!|Encore|p2b: Garchomp\n|-start|p2b: Garchomp|Encore\n|move|p2b: Garchomp|Protect|p2b: Garchomp\n|-singleturn|p2b: Garchomp|Protect\n|move|p2a: Rotom|Hydro Pump|p1b: Again Again!\n|-supereffective|p1b: Again Again!|1\n|-damage|p1b: Again Again!|17/100\n|move|p1a: Karma|Parting Shot|p2a: Rotom\n|-unboost|p2a: Rotom|atk|1\n|-unboost|p2a: Rotom|spa|1\n|\n|t:|1775972372\n|switch|p1a: Mother|Sneasler, L50, F, shiny|100/100|[from] Parting Shot\n|\n|upkeep\n|turn|3\n|\n|t:|1775972381\n|switch|p2b: Kingambit|Kingambit, L50, M|100/100\n|switch|p2a: Gengar|Gengar, L50, M|100/100\n|move|p1b: Again Again!|Psychic|p2a: Gengar\n|-supereffective|p2a: Gengar|1\n|-damage|p2a: Gengar|0 fnt\n|faint|p2a: Gengar\n|move|p1a: Mother|Close Combat|p2b: Kingambit\n|-supereffective|p2b: Kingambit|2\n|-damage|p2b: Kingambit|0 fnt\n|-unboost|p1a: Mother|def|1\n|-unboost|p1a: Mother|spd|1\n|faint|p2b: Kingambit\n|-enditem|p1a: Mother|White Herb\n|-clearnegativeboost|p1a: Mother|[silent]\n|\n|upkeep\n|\n|t:|1775972391\n|switch|p2a: Rotom|Rotom-Wash, L50|67/100\n|switch|p2b: Garchomp|Garchomp, L50, F|100/100\n|turn|4\n|\n|t:|1775972414\n|move|p1a: Mother|Protect|p1a: Mother\n|-singleturn|p1a: Mother|Protect\n|move|p1b: Again Again!|Psychic|p2a: Rotom\n|-damage|p2a: Rotom|17/100\n|move|p2b: Garchomp|Rock Slide|p1a: Mother|[spread] p1b\n|-activate|p1a: Mother|move: Protect\n|-supereffective|p1b: Again Again!|1\n|-damage|p1b: Again Again!|0 fnt\n|faint|p1b: Again Again!\n|move|p2a: Rotom|Hydro Pump|p1a: Mother\n|-activate|p1a: Mother|move: Protect\n|\n|upkeep\n|\n|t:|1775972423\n|switch|p1b: Karma|Incineroar, L50, F|100/100\n|-ability|p1b: Karma|Intimidate|boost\n|-unboost|p2a: Rotom|atk|1\n|-unboost|p2b: Garchomp|atk|1\n|turn|5\n|\n|t:|1775972436\n|switch|p1b: Butch Queen|Kingambit, L50, M, shiny|100/100\n|move|p1a: Mother|Dire Claw|p2a: Rotom\n|-damage|p2a: Rotom|0 fnt\n|faint|p2a: Rotom\n|move|p2b: Garchomp|Earthquake|p1a: Mother|[spread] p1a,p1b\n|-supereffective|p1a: Mother|1\n|-supereffective|p1b: Butch Queen|1\n|-crit|p1b: Butch Queen\n|-damage|p1a: Mother|16/100\n|-damage|p1b: Butch Queen|19/100\n|\n|upkeep\n|turn|6\n|\n|t:|1775972448\n|move|p1b: Butch Queen|Sucker Punch|p2b: Garchomp\n|-damage|p2b: Garchomp|63/100\n|-damage|p1b: Butch Queen|6/100|[from] ability: Rough Skin|[of] p2b: Garchomp\n|move|p1a: Mother|Close Combat|p2b: Garchomp\n|-crit|p2b: Garchomp\n|-damage|p2b: Garchomp|0 fnt\n|-unboost|p1a: Mother|def|1\n|-unboost|p1a: Mother|spd|1\n|-damage|p1a: Mother|4/100|[from] ability: Rough Skin|[of] p2b: Garchomp\n|faint|p2b: Garchomp\n|\n|win|redistr\n|raw|redistr's rating: 1294 &rarr; <strong>1319</strong><br />(+25 for winning)\n|raw|sjysjy's rating: 1299 &rarr; <strong>1274</strong><br />(-25 for losing)\n|l|\u2606sjysjy\n|player|p2|\n|l|\u2606redistr\n|player|p1|\n",
  "uploadtime": 1775972463,
  "views": 35,
  "formatid": "gen9championsvgc2026regma",
  "rating": 1274,
  "private": 0,
  "password": null
}