{
  "id": "gen9championsvgc2026regma-2582884515",
  "format": "[Gen 9 Champions] VGC 2026 Reg M-A",
  "players": [
    "Nachofrize",
    "Snowball_seer"
  ],
  "log": "|j|\u2606Nachofrize\n|j|\u2606Snowball_seer\n|t:|1776121925\n|gametype|doubles\n|player|p1|Nachofrize|cynthia|1067\n|player|p2|Snowball_seer|allister-masters|1128\n|gen|9\n|tier|[Gen 9 Champions] VGC 2026 Reg M-A\n|rated|\n|rule|Species Clause: Limit one of each Pok\u00e9mon\n|rule|Item Clause: Limit 1 of each item\n|clearpoke\n|poke|p1|Sableye, L50, M|\n|poke|p1|Aggron, L50, M|\n|poke|p1|Toxapex, L50, F|\n|poke|p1|Clefable, L50, F|\n|poke|p1|Meowscarada, L50, F|\n|poke|p1|Alakazam, L50, F|\n|poke|p2|Delphox, L50, M|\n|poke|p2|Garchomp, L50, M|\n|poke|p2|Gyarados, L50, M|\n|poke|p2|Rotom-Wash, L50|\n|poke|p2|Whimsicott, L50, M|\n|poke|p2|Clefable, L50, M|\n|teampreview|4\n|inactive|Battle timer is ON: inactive players will automatically lose when time's up. (requested by Snowball_seer)\n|inactive|Snowball_seer has 60 seconds left.\n|\n|t:|1776121960\n|teamsize|p1|4\n|teamsize|p2|4\n|start\n|switch|p1a: Alakazam|Alakazam, L50, F|100/100\n|switch|p1b: Sableye|Sableye, L50, M|100/100\n|switch|p2a: Delphox|Delphox, L50, M, shiny|100/100\n|switch|p2b: Clefable|Clefable, L50, M|100/100\n|turn|1\n|inactive|Nachofrize has 30 seconds left.\n|\n|t:|1776121985\n|detailschange|p1a: Alakazam|Alakazam-Mega, L50, F\n|-mega|p1a: Alakazam|Alakazam|Alakazite\n|-ability|p1a: Alakazam|Blaze|Trace|[from] ability: Trace|[of] p2a: Delphox\n|detailschange|p2a: Delphox|Delphox-Mega, L50, M, shiny\n|-mega|p2a: Delphox|Delphox|Delphoxite\n|move|p1b: Sableye|Fake Out|p2a: Delphox\n|-damage|p2a: Delphox|89/100\n|move|p2b: Clefable|Follow Me|p2b: Clefable\n|-singleturn|p2b: Clefable|move: Follow Me\n|move|p1a: Alakazam|Psychic|p2b: Clefable\n|-damage|p2b: Clefable|44/100\n|-enditem|p2b: Clefable|Sitrus Berry|[eat]\n|-heal|p2b: Clefable|69/100|[from] item: Sitrus Berry\n|cant|p2a: Delphox|flinch\n|\n|upkeep\n|turn|2\n|\n|t:|1776122008\n|move|p1b: Sableye|Light Screen|p1b: Sableye\n|-sidestart|p1: Nachofrize|move: Light Screen\n|move|p1a: Alakazam|Psychic|p2a: Delphox\n|-resisted|p2a: Delphox|1\n|-damage|p2a: Delphox|58/100\n|move|p2a: Delphox|Heat Wave|p1b: Sableye|[spread] p1a,p1b\n|-crit|p1a: Alakazam\n|-damage|p1a: Alakazam|22/100\n|-damage|p1b: Sableye|63/100\n|move|p2b: Clefable|Life Dew|p2b: Clefable|[spread] p2a,p2b\n|-heal|p2a: Delphox|83/100\n|-heal|p2b: Clefable|94/100\n|\n|upkeep\n|turn|3\n|\n|t:|1776122031\n|move|p1a: Alakazam|Psychic|p2b: Clefable\n|-crit|p2b: Clefable\n|-damage|p2b: Clefable|6/100\n|move|p2a: Delphox|Flamethrower|p1a: Alakazam\n|-damage|p1a: Alakazam|0 fnt\n|faint|p1a: Alakazam\n|move|p2b: Clefable|Life Dew|p2b: Clefable|[spread] p2a,p2b\n|-heal|p2a: Delphox|100/100\n|-heal|p2b: Clefable|31/100\n|move|p1b: Sableye|Foul Play|p2a: Delphox\n|-supereffective|p2a: Delphox|1\n|-damage|p2a: Delphox|37/100\n|\n|upkeep\n|\n|t:|1776122045\n|switch|p1a: Meowscarada|Meowscarada, L50, F|100/100\n|turn|4\n|inactive|Snowball_seer has 30 seconds left.\n|\n|t:|1776122070\n|switch|p2b: Garchomp|Garchomp, L50, M|100/100\n|move|p2a: Delphox|Protect|p2a: Delphox\n|-singleturn|p2a: Delphox|Protect\n|move|p1b: Sableye|Quash||[still]\n|-fail|p1b: Sableye\n|move|p1a: Meowscarada|Knock Off|p2a: Delphox\n|-start|p1a: Meowscarada|typechange|Dark|[from] ability: Protean\n|-activate|p2a: Delphox|move: Protect\n|\n|upkeep\n|turn|5\n|\n|t:|1776122086\n|switch|p2a: Gyarados|Gyarados, L50, M, shiny|100/100\n|-ability|p2a: Gyarados|Intimidate|boost\n|-unboost|p1a: Meowscarada|atk|1\n|-unboost|p1b: Sableye|atk|1\n|switch|p1b: Clefable|Clefable, L50, F|100/100\n|move|p1a: Meowscarada|Knock Off|p2a: Gyarados\n|-damage|p2a: Gyarados|66/100\n|-enditem|p2a: Gyarados|Lum Berry|[from] move: Knock Off|[of] p1a: Meowscarada\n|move|p2b: Garchomp|Earthquake|p1a: Meowscarada|[spread] p1a,p1b\n|-immune|p2a: Gyarados\n|-damage|p1a: Meowscarada|35/100\n|-damage|p1b: Clefable|63/100\n|\n|upkeep\n|turn|6\n|inactive|Nachofrize has 30 seconds left.\n|\n|t:|1776122114\n|move|p1a: Meowscarada|Knock Off|p2b: Garchomp\n|-damage|p2b: Garchomp|70/100\n|-damage|p1a: Meowscarada|23/100|[from] ability: Rough Skin|[of] p2b: Garchomp\n|-enditem|p2b: Garchomp|Soft Sand|[from] move: Knock Off|[of] p1a: Meowscarada\n|move|p2b: Garchomp|Earthquake|p1b: Clefable|[spread] p1a,p1b\n|-immune|p2a: Gyarados\n|-damage|p1a: Meowscarada|0 fnt\n|-damage|p1b: Clefable|30/100\n|-enditem|p1b: Clefable|Sitrus Berry|[eat]\n|-heal|p1b: Clefable|55/100|[from] item: Sitrus Berry\n|faint|p1a: Meowscarada\n|move|p2a: Gyarados|Taunt|p1b: Clefable\n|-start|p1b: Clefable|move: Taunt\n|move|p1b: Clefable|Moonblast|p2b: Garchomp\n|-supereffective|p2b: Garchomp|1\n|-damage|p2b: Garchomp|0 fnt\n|faint|p2b: Garchomp\n|\n|-sideend|p1: Nachofrize|move: Light Screen\n|upkeep\n|\n|t:|1776122134\n|switch|p1a: Sableye|Sableye, L50, M|63/100\n|switch|p2b: Clefable|Clefable, L50, M|31/100\n|turn|7\n|\n|t:|1776122151\n|move|p2a: Gyarados|Protect|p2a: Gyarados\n|-singleturn|p2a: Gyarados|Protect\n|move|p2b: Clefable|Protect|p2b: Clefable\n|-singleturn|p2b: Clefable|Protect\n|move|p1a: Sableye|Fake Out|p2a: Gyarados\n|-activate|p2a: Gyarados|move: Protect\n|move|p1b: Clefable|Moonblast|p2b: Clefable\n|-activate|p2b: Clefable|move: Protect\n|\n|upkeep\n|turn|8\n|\n|t:|1776122162\n|move|p2a: Gyarados|Waterfall|p1a: Sableye\n|-damage|p1a: Sableye|19/100\n|move|p1b: Clefable|Moonblast|p2b: Clefable\n|-damage|p2b: Clefable|1/100\n|move|p2b: Clefable|Life Dew|p2b: Clefable|[spread] p2a,p2b\n|-heal|p2a: Gyarados|91/100\n|-heal|p2b: Clefable|26/100\n|move|p1a: Sableye|Foul Play|p2a: Gyarados\n|-crit|p2a: Gyarados\n|-damage|p2a: Gyarados|12/100\n|\n|-end|p1b: Clefable|move: Taunt\n|upkeep\n|turn|9\n|\n|t:|1776122184\n|move|p2b: Clefable|Follow Me|p2b: Clefable\n|-singleturn|p2b: Clefable|move: Follow Me\n|move|p1a: Sableye|Light Screen|p1a: Sableye\n|-sidestart|p1: Nachofrize|move: Light Screen\n|move|p2a: Gyarados|Taunt|p1b: Clefable\n|-start|p1b: Clefable|move: Taunt\n|move|p1b: Clefable|Moonblast|p2b: Clefable\n|-damage|p2b: Clefable|0 fnt\n|faint|p2b: Clefable\n|\n|upkeep\n|\n|t:|1776122188\n|switch|p2b: Delphox|Delphox-Mega, L50, M, shiny|37/100\n|turn|10\n|\n|t:|1776122206\n|move|p1a: Sableye|Quash|p2b: Delphox\n|-activate|p2b: Delphox|move: Quash\n|move|p2a: Gyarados|Waterfall|p1b: Clefable\n|-damage|p1b: Clefable|21/100\n|move|p1b: Clefable|Moonblast|p2a: Gyarados\n|-damage|p2a: Gyarados|0 fnt\n|faint|p2a: Gyarados\n|move|p2b: Delphox|Flamethrower|p1a: Sableye\n|-damage|p1a: Sableye|0 fnt\n|faint|p1a: Sableye\n|\n|upkeep\n|turn|11\n|\n|t:|1776122218\n|move|p2b: Delphox|Flamethrower|p1b: Clefable\n|-damage|p1b: Clefable|0 fnt\n|faint|p1b: Clefable\n|\n|win|Snowball_seer\n|raw|Nachofrize's rating: 1067 &rarr; <strong>1050</strong><br />(-17 for losing)\n|raw|Snowball_seer's rating: 1128 &rarr; <strong>1149</strong><br />(+21 for winning)\n",
  "uploadtime": 1776122218,
  "views": 10,
  "formatid": "gen9championsvgc2026regma",
  "rating": 1050,
  "private": 0,
  "password": null
}