{
  "id": "gen9championsvgc2026regma-2587367136",
  "format": "[Gen 9 Champions] VGC 2026 Reg M-A",
  "players": [
    "Mandarino111",
    "jenny ki"
  ],
  "log": "|j|\u2606Mandarino111\n|j|\u2606jenny ki\n|t:|1776525835\n|gametype|doubles\n|player|p1|Mandarino111|265|1308\n|player|p2|jenny ki|shauntal|1390\n|gen|9\n|tier|[Gen 9 Champions] VGC 2026 Reg M-A\n|rated|\n|rule|Species Clause: Limit one of each Pok\u00e9mon\n|rule|Item Clause: Limit 1 of each item\n|clearpoke\n|poke|p1|Drampa, L50, M, shiny|\n|poke|p1|Kingambit, L50, M, shiny|\n|poke|p1|Slowbro, L50, F, shiny|\n|poke|p1|Conkeldurr, L50, M, shiny|\n|poke|p1|Spiritomb, L50, F, shiny|\n|poke|p1|Aegislash, L50, F|\n|poke|p2|Froslass, L50, F|\n|poke|p2|Tyranitar, L50, F|\n|poke|p2|Rotom-Mow, L50|\n|poke|p2|Sneasler, L50, M|\n|poke|p2|Milotic, L50, M|\n|poke|p2|Incineroar, L50, F, shiny|\n|teampreview|4\n|j| p3elz\n|c| p3elz|Is that\n|c| p3elz|Spiritomb\nMandarino111 rejected open team sheets.\n|c|\u2606Mandarino111|it sure is\n|c| p3elz|You are definitely plotting something\n|inactive|Battle timer is ON: inactive players will automatically lose when time's up. (requested by Mandarino111)\n|\n|t:|1776525886\n|teamsize|p1|4\n|teamsize|p2|4\n|start\n|switch|p1a: Spiritomb|Spiritomb, L50, F, shiny|100/100\n|switch|p1b: Kingambit|Kingambit, L50, M, shiny|100/100\n|switch|p2a: Rotom|Rotom-Mow, L50|100/100\n|switch|p2b: Sneasler|Sneasler, L50, M|100/100\n|turn|1\n|c| p3elz|Can i have the team sheet after\n|\n|t:|1776525900\n|switch|p1b: Aegislash|Aegislash, L50, F|100/100\n|move|p2b: Sneasler|Fake Out|p1b: Aegislash\n|-immune|p1b: Aegislash\n|move|p2a: Rotom|Trick|p1a: Spiritomb\n|-activate|p2a: Rotom|move: Trick|[of] p1a: Spiritomb\n|-item|p1a: Spiritomb|Choice Scarf|[from] move: Trick\n|-item|p2a: Rotom|Mental Herb|[from] move: Trick\n|move|p1a: Spiritomb|Trick Room|p1a: Spiritomb\n|-fieldstart|move: Trick Room|[of] p1a: Spiritomb\n|\n|upkeep\n|turn|2\n|c| p3elz|Oh no\n|\n|t:|1776525920\n|switch|p1a: Kingambit|Kingambit, L50, M, shiny|100/100\n|-formechange|p1b: Aegislash|Aegislash-Blade|\n|move|p1b: Aegislash|Poltergeist|p2a: Rotom|[miss]\n|-miss|p1b: Aegislash|p2a: Rotom\n|move|p2a: Rotom|Electroweb|p1b: Aegislash|[spread] p1a,p1b\n|-damage|p1a: Kingambit|83/100\n|-damage|p1b: Aegislash|66/100\n|-unboost|p1a: Kingambit|spe|1\n|-ability|p1a: Kingambit|Defiant|boost\n|-boost|p1a: Kingambit|atk|2\n|-unboost|p1b: Aegislash|spe|1\n|move|p2b: Sneasler|Throat Chop|p1b: Aegislash\n|-supereffective|p1b: Aegislash|1\n|-damage|p1b: Aegislash|0 fnt\n|faint|p1b: Aegislash\n|\n|upkeep\n|\n|t:|1776525937\n|switch|p1b: Drampa|Drampa, L50, M, shiny|100/100\n|-ability|p1b: Drampa|Cloud Nine\n|turn|3\n|\n|t:|1776525952\n|move|p1a: Kingambit|Iron Head|p2b: Sneasler\n|-damage|p2b: Sneasler|0 fnt\n|faint|p2b: Sneasler\n|move|p1b: Drampa|Dragon Pulse|p2a: Rotom\n|-damage|p2a: Rotom|37/100\n|move|p2a: Rotom|Trick|p1a: Kingambit\n|-activate|p2a: Rotom|move: Trick|[of] p1a: Kingambit\n|-item|p1a: Kingambit|Mental Herb|[from] move: Trick\n|-item|p2a: Rotom|Focus Sash|[from] move: Trick\n|\n|upkeep\n|\n|t:|1776525965\n|switch|p2b: Froslass|Froslass, L50, F|100/100\n|turn|4\n|\n|t:|1776525987\n|switch|p2a: Incineroar|Incineroar, L50, F, shiny|100/100\n|-ability|p2a: Incineroar|Intimidate|boost\n|-unboost|p1a: Kingambit|atk|1\n|-ability|p1a: Kingambit|Defiant|boost\n|-boost|p1a: Kingambit|atk|2\n|-unboost|p1b: Drampa|atk|1\n|move|p2b: Froslass|Protect|p2b: Froslass\n|-singleturn|p2b: Froslass|Protect\n|move|p1a: Kingambit|Kowtow Cleave|p2b: Froslass\n|-activate|p2b: Froslass|move: Protect\n|move|p1b: Drampa|Dragon Pulse|p2a: Incineroar\n|-damage|p2a: Incineroar|64/100\n|\n|upkeep\n|turn|5\n|inactive|Mandarino111 has 30 seconds left.\n|\n|t:|1776526013\n|detailschange|p1b: Drampa|Drampa-Mega, L50, M, shiny\n|-mega|p1b: Drampa|Drampa|Drampanite\n|detailschange|p2b: Froslass|Froslass-Mega, L50, F\n|-mega|p2b: Froslass|Froslass|Froslassite\n|-weather|Snowscape|[from] ability: Snow Warning|[of] p2b: Froslass\n|move|p2a: Incineroar|Fake Out|p1a: Kingambit\n|-resisted|p1a: Kingambit|1\n|-damage|p1a: Kingambit|80/100\n|cant|p1a: Kingambit|flinch\n|move|p1b: Drampa|Fire Blast|p2b: Froslass\n|-supereffective|p2b: Froslass|1\n|-damage|p2b: Froslass|0 fnt\n|faint|p2b: Froslass\n|\n|-weather|Snowscape|[upkeep]\n|-fieldend|move: Trick Room\n|upkeep\n|\n|t:|1776526026\n|switch|p2b: Rotom|Rotom-Mow, L50|37/100\n|turn|6\n|\n|t:|1776526038\n|move|p1a: Kingambit|Sucker Punch|p2b: Rotom\n|-damage|p2b: Rotom|0 fnt\n|faint|p2b: Rotom\n|move|p2a: Incineroar|Close Combat|p1a: Kingambit\n|-supereffective|p1a: Kingambit|2\n|-crit|p1a: Kingambit\n|-damage|p1a: Kingambit|0 fnt\n|-unboost|p2a: Incineroar|def|1\n|-unboost|p2a: Incineroar|spd|1\n|faint|p1a: Kingambit\n|move|p1b: Drampa|Dragon Pulse|p2a: Incineroar\n|-damage|p2a: Incineroar|10/100\n|-enditem|p2a: Incineroar|Sitrus Berry|[eat]\n|-heal|p2a: Incineroar|35/100|[from] item: Sitrus Berry\n|\n|-weather|Snowscape|[upkeep]\n|upkeep\n|\n|t:|1776526045\n|switch|p1a: Spiritomb|Spiritomb, L50, F, shiny|100/100\n|turn|7\n|c|\u2606jenny ki|gg\n|c| p3elz|Is that cc incin\n|-message|jenny ki forfeited.\n|c| p3elz|Boy what the helly\n|\n|win|Mandarino111\n|raw|Mandarino111's rating: 1308 &rarr; <strong>1333</strong><br />(+25 for winning)\n|raw|jenny ki's rating: 1390 &rarr; <strong>1365</strong><br />(-25 for losing)\n|l|\u2606jenny ki\n|player|p2|\n|c| p3elz|Mandarino can i have this team sheet\n|c|\u2606Mandarino111|how can i send it?\n|c| p3elz|Uhh\n|c| p3elz|Go to the teambuilder\n|c| p3elz|Click on your team\n|c| p3elz|Scroll down and press the open team sheet option\n|c| p3elz|Then send the link here\n",
  "uploadtime": 1776526124,
  "views": 26,
  "formatid": "gen9championsvgc2026regma",
  "rating": 1333,
  "private": 0,
  "password": null
}