{
  "id": "gen9championsvgc2026regma-2586729915",
  "format": "[Gen 9 Champions] VGC 2026 Reg M-A",
  "players": [
    "RavensBadger",
    "EuTalon"
  ],
  "log": "|j|\u2606RavensBadger\n|j|\u2606EuTalon\n|t:|1776455414\n|gametype|doubles\n|player|p1|RavensBadger|winona|1064\n|player|p2|EuTalon|265|1058\n|gen|9\n|tier|[Gen 9 Champions] VGC 2026 Reg M-A\n|rated|\n|rule|Species Clause: Limit one of each Pok\u00e9mon\n|rule|Item Clause: Limit 1 of each item\n|clearpoke\n|poke|p1|Whimsicott, L50, M|\n|poke|p1|Charizard, L50, M|\n|poke|p1|Heliolisk, L50, M|\n|poke|p1|Primarina, L50, F|\n|poke|p1|Corviknight, L50, M|\n|poke|p1|Arcanine, L50, M|\n|poke|p2|Rotom-Wash, L50|\n|poke|p2|Tyranitar, L50, F|\n|poke|p2|Excadrill, L50, M|\n|poke|p2|Sneasler, L50, M|\n|poke|p2|Aggron, L50, F|\n|poke|p2|Gengar, L50, F|\n|teampreview|4\n|\n|t:|1776455475\n|teamsize|p1|4\n|teamsize|p2|4\n|start\n|switch|p1a: Primarina|Primarina, L50, F|100/100\n|switch|p1b: Charizard|Charizard, L50, M|100/100\n|switch|p2a: Goza Areia|Tyranitar, L50, F, shiny|100/100\n|switch|p2b: Pablo Vittar|Sneasler, L50, M, shiny|100/100\n|-weather|Sandstorm|[from] ability: Sand Stream|[of] p2a: Goza Areia\n|turn|1\n|\n|t:|1776455515\n|detailschange|p1b: Charizard|Charizard-Mega-Y, L50, M\n|-mega|p1b: Charizard|Charizard|Charizardite Y\n|-weather|SunnyDay|[from] ability: Drought|[of] p1b: Charizard\n|move|p1b: Charizard|Protect|p1b: Charizard\n|-singleturn|p1b: Charizard|Protect\n|move|p2b: Pablo Vittar|Fake Out|p1a: Primarina\n|-damage|p1a: Primarina|79/100\n|cant|p1a: Primarina|flinch\n|move|p2a: Goza Areia|Rock Slide|p1a: Primarina|[spread] p1a\n|-activate|p1b: Charizard|move: Protect\n|-damage|p1a: Primarina|35/100\n|\n|-weather|SunnyDay|[upkeep]\n|upkeep\n|turn|2\n|\n|t:|1776455541\n|switch|p2a: Mulher Comum|Rotom-Wash, L50, shiny|100/100\n|move|p2b: Pablo Vittar|Protect|p2b: Pablo Vittar\n|-singleturn|p2b: Pablo Vittar|Protect\n|move|p1b: Charizard|Solar Beam||[still]\n|-prepare|p1b: Charizard|Solar Beam\n|-anim|p1b: Charizard|Solar Beam|p2a: Mulher Comum\n|-supereffective|p2a: Mulher Comum|1\n|-damage|p2a: Mulher Comum|0 fnt\n|faint|p2a: Mulher Comum\n|move|p1a: Primarina|Moonblast|p2b: Pablo Vittar\n|-activate|p2b: Pablo Vittar|move: Protect\n|\n|-weather|SunnyDay|[upkeep]\n|upkeep\n|\n|t:|1776455557\n|switch|p2a: Fura Fu cm Areia|Excadrill, L50, M, shiny|100/100\n|turn|3\n|\n|t:|1776455570\n|switch|p2b: Goza Areia|Tyranitar, L50, F, shiny|100/100\n|-weather|Sandstorm|[from] ability: Sand Stream|[of] p2b: Goza Areia\n|move|p1b: Charizard|Protect|p1b: Charizard\n|-singleturn|p1b: Charizard|Protect\n|move|p2a: Fura Fu cm Areia|Rock Slide|p1b: Charizard|[spread] p1a\n|-activate|p1b: Charizard|move: Protect\n|-damage|p1a: Primarina|10/100\n|move|p1a: Primarina|Sparkling Aria|p2a: Fura Fu cm Areia|[spread] p2a,p2b\n|-activate|p1b: Charizard|move: Protect\n|-supereffective|p2a: Fura Fu cm Areia|1\n|-supereffective|p2b: Goza Areia|1\n|-enditem|p2a: Fura Fu cm Areia|Focus Sash\n|-damage|p2a: Fura Fu cm Areia|1/100\n|-damage|p2b: Goza Areia|39/100\n|\n|-weather|Sandstorm|[upkeep]\n|-damage|p1b: Charizard|95/100|[from] Sandstorm\n|-damage|p1a: Primarina|4/100|[from] Sandstorm\n|upkeep\n|turn|4\n|\n|t:|1776455600\n|switch|p1b: Whimsicott|Whimsicott, L50, M|100/100\n|move|p1a: Primarina|Protect|p1a: Primarina\n|-singleturn|p1a: Primarina|Protect\n|move|p2a: Fura Fu cm Areia|Rock Slide|p1b: Whimsicott|[spread] p1b\n|-activate|p1a: Primarina|move: Protect\n|-damage|p1b: Whimsicott|72/100\n|move|p2b: Goza Areia|Rock Slide|p1b: Whimsicott|[spread] p1b\n|-activate|p1a: Primarina|move: Protect\n|-damage|p1b: Whimsicott|26/100\n|\n|-weather|Sandstorm|[upkeep]\n|-damage|p1b: Whimsicott|21/100|[from] Sandstorm\n|-damage|p1a: Primarina|0 fnt|[from] Sandstorm\n|faint|p1a: Primarina\n|upkeep\n|\n|t:|1776455603\n|switch|p1a: Charizard|Charizard-Mega-Y, L50, M|95/100\n|-weather|SunnyDay|[from] ability: Drought|[of] p1a: Charizard\n|turn|5\n|\n|t:|1776455662\n|switch|p2b: Pablo Vittar|Sneasler, L50, M, shiny|100/100\n|move|p2a: Fura Fu cm Areia|Protect|p2a: Fura Fu cm Areia\n|-singleturn|p2a: Fura Fu cm Areia|Protect\n|move|p1b: Whimsicott|Tailwind|p1b: Whimsicott\n|-sidestart|p1: RavensBadger|move: Tailwind\n|move|p1a: Charizard|Solar Beam||[still]\n|-prepare|p1a: Charizard|Solar Beam\n|-anim|p1a: Charizard|Solar Beam|p2b: Pablo Vittar\n|-resisted|p2b: Pablo Vittar|1\n|-damage|p2b: Pablo Vittar|63/100\n|\n|-weather|SunnyDay|[upkeep]\n|upkeep\n|turn|6\n|\n|t:|1776455681\n|move|p2b: Pablo Vittar|Fake Out|p1a: Charizard\n|-damage|p1a: Charizard|75/100\n|move|p1b: Whimsicott|Moonblast|p2b: Pablo Vittar\n|-damage|p2b: Pablo Vittar|20/100\n|cant|p1a: Charizard|flinch\n|move|p2a: Fura Fu cm Areia|Rock Slide|p1a: Charizard|[spread] p1a,p1b\n|-supereffective|p1a: Charizard|2\n|-damage|p1a: Charizard|0 fnt\n|-damage|p1b: Whimsicott|0 fnt\n|faint|p1a: Charizard\n|faint|p1b: Whimsicott\n|\n|-weather|SunnyDay|[upkeep]\n|upkeep\n|\n|t:|1776455685\n|switch|p1a: Arcanine|Arcanine, L50, M|100/100\n|-ability|p1a: Arcanine|Intimidate|boost\n|-unboost|p2a: Fura Fu cm Areia|atk|1\n|-unboost|p2b: Pablo Vittar|atk|1\n|-enditem|p2b: Pablo Vittar|White Herb\n|-clearnegativeboost|p2b: Pablo Vittar|[silent]\n|turn|7\n|\n|t:|1776455708\n|move|p2b: Pablo Vittar|Close Combat|p1a: Arcanine\n|-damage|p1a: Arcanine|22/100\n|-unboost|p2b: Pablo Vittar|def|1\n|-unboost|p2b: Pablo Vittar|spd|1\n|move|p1a: Arcanine|Bulldoze|p2a: Fura Fu cm Areia|[spread] p2a,p2b\n|-supereffective|p2a: Fura Fu cm Areia|1\n|-supereffective|p2b: Pablo Vittar|1\n|-damage|p2a: Fura Fu cm Areia|0 fnt\n|-damage|p2b: Pablo Vittar|0 fnt\n|faint|p2a: Fura Fu cm Areia\n|faint|p2b: Pablo Vittar\n|-heal|p1a: Arcanine|24/100|[from] item: Shell Bell|[of] p2: Pablo Vittar\n|\n|-weather|SunnyDay|[upkeep]\n|upkeep\n|\n|t:|1776455726\n|switch|p2b: Goza Areia|Tyranitar, L50, F, shiny|39/100\n|-weather|Sandstorm|[from] ability: Sand Stream|[of] p2b: Goza Areia\n|turn|8\n|\n|t:|1776455734\n|move|p1a: Arcanine|Bulldoze|p2b: Goza Areia\n|-supereffective|p2b: Goza Areia|1\n|-damage|p2b: Goza Areia|8/100\n|-unboost|p2b: Goza Areia|spe|1\n|-heal|p1a: Arcanine|29/100|[from] item: Shell Bell|[of] p2b: Goza Areia\n|move|p2b: Goza Areia|Earthquake|p1a: Arcanine\n|-supereffective|p1a: Arcanine|1\n|-damage|p1a: Arcanine|0 fnt\n|faint|p1a: Arcanine\n|\n|win|EuTalon\n|raw|RavensBadger's rating: 1064 &rarr; <strong>1044</strong><br />(-20 for losing)\n|raw|EuTalon's rating: 1058 &rarr; <strong>1090</strong><br />(+32 for winning)\n",
  "uploadtime": 1776455743,
  "views": 33,
  "formatid": "gen9championsvgc2026regma",
  "rating": 1044,
  "private": 0,
  "password": null
}