{
  "id": "gen9championsvgc2026regma-2584502117",
  "format": "[Gen 9 Champions] VGC 2026 Reg M-A",
  "players": [
    "Hedgehogwarrior",
    "XDscatoliniz"
  ],
  "log": "|j|\u2606Hedgehogwarrior\n|j|\u2606XDscatoliniz\n|t:|1776265075\n|gametype|doubles\n|player|p1|Hedgehogwarrior|170|1102\n|player|p2|XDscatoliniz|sabrina|1078\n|gen|9\n|tier|[Gen 9 Champions] VGC 2026 Reg M-A\n|rated|\n|rule|Species Clause: Limit one of each Pok\u00e9mon\n|rule|Item Clause: Limit 1 of each item\n|clearpoke\n|poke|p1|Crabominable, L50, F|\n|poke|p1|Slowking-Galar, L50, F|\n|poke|p1|Sinistcha, L50|\n|poke|p1|Incineroar, L50, M|\n|poke|p1|Aurorus, L50, M|\n|poke|p1|Aerodactyl, L50, F|\n|poke|p2|Froslass, L50, F|\n|poke|p2|Aerodactyl, L50, M|\n|poke|p2|Garchomp, L50, F|\n|poke|p2|Rotom-Frost, L50|\n|poke|p2|Farigiraf, L50, M|\n|poke|p2|Primarina, L50, F|\n|teampreview|4\n|\n|t:|1776265104\n|teamsize|p1|4\n|teamsize|p2|4\n|start\n|switch|p1a: Incineroar|Incineroar, L50, M|100/100\n|switch|p1b: Aerodactyl|Aerodactyl, L50, F|100/100\n|switch|p2a: Froslass|Froslass, L50, F|100/100\n|switch|p2b: Aerodactyl|Aerodactyl, L50, M|100/100\n|-ability|p1b: Aerodactyl|Unnerve\n|-ability|p2b: Aerodactyl|Unnerve\n|-ability|p1a: Incineroar|Intimidate|boost\n|-unboost|p2a: Froslass|atk|1\n|-unboost|p2b: Aerodactyl|atk|1\n|turn|1\n|\n|t:|1776265122\n|switch|p2a: Farigiraf|Farigiraf, L50, M|100/100\n|move|p1a: Incineroar|Fake Out||[still]\n|cant|p2a: Farigiraf|ability: Armor Tail|Fake Out|[of] p1a: Incineroar\n|move|p1b: Aerodactyl|Taunt|p2a: Farigiraf\n|-start|p2a: Farigiraf|move: Taunt\n|move|p2b: Aerodactyl|Tailwind|p2b: Aerodactyl\n|-sidestart|p2: XDscatoliniz|move: Tailwind\n|\n|upkeep\n|turn|2\n|\n|t:|1776265139\n|switch|p2a: Garchomp|Garchomp, L50, F|100/100\n|switch|p1a: Sinistcha|Sinistcha, L50|100/100\n|move|p2b: Aerodactyl|Rock Slide|p1a: Sinistcha|[spread] p1a,p1b\n|-supereffective|p1b: Aerodactyl|1\n|-damage|p1a: Sinistcha|85/100\n|-damage|p1b: Aerodactyl|46/100\n|move|p1b: Aerodactyl|Iron Head|p2b: Aerodactyl\n|-supereffective|p2b: Aerodactyl|1\n|-damage|p2b: Aerodactyl|36/100\n|\n|-heal|p1a: Sinistcha|91/100|[from] item: Leftovers\n|upkeep\n|turn|3\n|\n|t:|1776265162\n|switch|p1b: Incineroar|Incineroar, L50, M|100/100\n|-ability|p1b: Incineroar|Intimidate|boost\n|-unboost|p2a: Garchomp|atk|1\n|-unboost|p2b: Aerodactyl|atk|1\n|move|p2b: Aerodactyl|Rock Slide|p1a: Sinistcha|[spread] \n|-miss|p2b: Aerodactyl|p1a: Sinistcha\n|-miss|p2b: Aerodactyl|p1b: Incineroar\n|move|p2a: Garchomp|Dragon Claw|p1a: Sinistcha\n|-damage|p1a: Sinistcha|66/100\n|move|p1a: Sinistcha|Trick Room|p1a: Sinistcha\n|-fieldstart|move: Trick Room|[of] p1a: Sinistcha\n|\n|-heal|p1a: Sinistcha|72/100|[from] item: Leftovers\n|upkeep\n|turn|4\n|\n|t:|1776265186\n|switch|p2b: Farigiraf|Farigiraf, L50, M|100/100\n|move|p1b: Incineroar|Fake Out||[still]\n|cant|p2b: Farigiraf|ability: Armor Tail|Fake Out|[of] p1b: Incineroar\n|move|p1a: Sinistcha|Matcha Gotcha|p2a: Garchomp|[spread] p2a,p2b\n|-damage|p2a: Garchomp|73/100\n|-heal|p1a: Sinistcha|86/100|[from] drain|[of] p2a: Garchomp\n|-damage|p2b: Farigiraf|80/100\n|-heal|p1a: Sinistcha|99/100|[from] drain|[of] p2b: Farigiraf\n|move|p2a: Garchomp|Earthquake|p1b: Incineroar|[spread] p2b,p1a,p1b\n|-resisted|p1a: Sinistcha|1\n|-supereffective|p1b: Incineroar|1\n|-damage|p2b: Farigiraf|58/100\n|-damage|p1a: Sinistcha|88/100\n|-damage|p1b: Incineroar|61/100\n|\n|-heal|p1a: Sinistcha|94/100|[from] item: Leftovers\n|-heal|p2a: Garchomp|79/100|[from] item: Leftovers\n|-sideend|p2: XDscatoliniz|move: Tailwind\n|upkeep\n|turn|5\n|\n|t:|1776265212\n|move|p1b: Incineroar|Parting Shot|p2b: Farigiraf\n|-unboost|p2b: Farigiraf|atk|1\n|-unboost|p2b: Farigiraf|spa|1\n|\n|t:|1776265216\n|switch|p1b: Aerodactyl|Aerodactyl, L50, F|46/100|[from] Parting Shot\n|-ability|p1b: Aerodactyl|Unnerve\n|move|p1a: Sinistcha|Strength Sap|p2b: Farigiraf\n|-unboost|p2b: Farigiraf|atk|1\n|-heal|p1a: Sinistcha|100/100\n|move|p2a: Garchomp|Rock Slide|p1b: Aerodactyl|[spread] p1a,p1b\n|-supereffective|p1b: Aerodactyl|1\n|-damage|p1a: Sinistcha|89/100\n|-damage|p1b: Aerodactyl|5/100\n|move|p2b: Farigiraf|Trick Room|p2b: Farigiraf\n|-fieldend|move: Trick Room\n|\n|-heal|p2a: Garchomp|85/100|[from] item: Leftovers\n|-heal|p1a: Sinistcha|95/100|[from] item: Leftovers\n|upkeep\n|turn|6\n|\n|t:|1776265249\n|move|p1b: Aerodactyl|Rock Slide|p2b: Farigiraf|[spread] p2a,p2b\n|-resisted|p2a: Garchomp|1\n|-damage|p2a: Garchomp|73/100\n|-damage|p2b: Farigiraf|38/100\n|cant|p2a: Garchomp|flinch\n|move|p2b: Farigiraf|Psychic|p1a: Sinistcha\n|-damage|p1a: Sinistcha|76/100\n|move|p1a: Sinistcha|Trick Room|p1a: Sinistcha\n|-fieldstart|move: Trick Room|[of] p1a: Sinistcha\n|\n|-heal|p1a: Sinistcha|83/100|[from] item: Leftovers\n|-heal|p2a: Garchomp|79/100|[from] item: Leftovers\n|upkeep\n|turn|7\n|\n|t:|1776265268\n|switch|p1b: Incineroar|Incineroar, L50, M|61/100\n|-enditem|p2b: Farigiraf|Sitrus Berry|[eat]\n|-heal|p2b: Farigiraf|62/100|[from] item: Sitrus Berry\n|-ability|p1b: Incineroar|Intimidate|boost\n|-unboost|p2a: Garchomp|atk|1\n|-unboost|p2b: Farigiraf|atk|1\n|move|p1a: Sinistcha|Matcha Gotcha|p2a: Garchomp|[spread] p2a,p2b\n|-damage|p2a: Garchomp|50/100\n|-heal|p1a: Sinistcha|98/100|[from] drain|[of] p2a: Garchomp\n|-damage|p2b: Farigiraf|43/100\n|-heal|p1a: Sinistcha|100/100|[from] drain|[of] p2b: Farigiraf\n|move|p2a: Garchomp|Rock Slide|p1a: Sinistcha|[spread] p1a,p1b\n|-supereffective|p1b: Incineroar|1\n|-damage|p1a: Sinistcha|92/100\n|-damage|p1b: Incineroar|47/100\n|-enditem|p1b: Incineroar|Sitrus Berry|[eat]\n|-heal|p1b: Incineroar|72/100|[from] item: Sitrus Berry\n|move|p2b: Farigiraf|Trick Room|p2b: Farigiraf\n|-fieldend|move: Trick Room\n|\n|-heal|p2a: Garchomp|56/100|[from] item: Leftovers\n|-heal|p1a: Sinistcha|98/100|[from] item: Leftovers\n|upkeep\n|turn|8\n|\n|t:|1776265303\n|switch|p2b: Aerodactyl|Aerodactyl, L50, M|36/100\n|-ability|p2b: Aerodactyl|Unnerve\n|move|p2a: Garchomp|Earthquake|p1a: Sinistcha|[spread] p1a,p1b\n|-immune|p2b: Aerodactyl\n|-resisted|p1a: Sinistcha|1\n|-supereffective|p1b: Incineroar|1\n|-damage|p1a: Sinistcha|88/100\n|-damage|p1b: Incineroar|41/100\n|move|p1b: Incineroar|Throat Chop|p2b: Aerodactyl\n|-damage|p2b: Aerodactyl|0 fnt\n|faint|p2b: Aerodactyl\n|move|p1a: Sinistcha|Trick Room|p1a: Sinistcha\n|-fieldstart|move: Trick Room|[of] p1a: Sinistcha\n|\n|-heal|p1a: Sinistcha|94/100|[from] item: Leftovers\n|-heal|p2a: Garchomp|62/100|[from] item: Leftovers\n|upkeep\n|\n|t:|1776265317\n|switch|p2b: Farigiraf|Farigiraf, L50, M|43/100\n|turn|9\n|\n|t:|1776265325\n|switch|p2a: Froslass|Froslass, L50, F|100/100\n|move|p1b: Incineroar|Throat Chop|p2b: Farigiraf\n|-supereffective|p2b: Farigiraf|1\n|-damage|p2b: Farigiraf|0 fnt\n|faint|p2b: Farigiraf\n|move|p1a: Sinistcha|Matcha Gotcha|p2a: Froslass\n|-damage|p2a: Froslass|53/100\n|-heal|p1a: Sinistcha|100/100|[from] drain|[of] p2a: Froslass\n|\n|upkeep\n|\n|t:|1776265335\n|switch|p2b: Garchomp|Garchomp, L50, F|62/100\n|turn|10\n|\n|t:|1776265358\n|detailschange|p2a: Froslass|Froslass-Mega, L50, F\n|-mega|p2a: Froslass|Froslass|Froslassite\n|-weather|Snowscape|[from] ability: Snow Warning|[of] p2a: Froslass\n|move|p2b: Garchomp|Protect|p2b: Garchomp\n|-singleturn|p2b: Garchomp|Protect\n|move|p1b: Incineroar|Throat Chop|p2a: Froslass\n|-supereffective|p2a: Froslass|1\n|-damage|p2a: Froslass|0 fnt\n|faint|p2a: Froslass\n|move|p1a: Sinistcha|Matcha Gotcha|p2b: Garchomp\n|-activate|p2b: Garchomp|move: Protect\n|\n|-weather|Snowscape|[upkeep]\n|-heal|p2b: Garchomp|68/100|[from] item: Leftovers\n|upkeep\n|turn|11\n|-message|XDscatoliniz forfeited.\n|\n|win|Hedgehogwarrior\n|raw|Hedgehogwarrior's rating: 1102 &rarr; <strong>1125</strong><br />(+23 for winning)\n|raw|XDscatoliniz's rating: 1078 &rarr; <strong>1058</strong><br />(-20 for losing)\n|l|\u2606XDscatoliniz\n|player|p2|\n",
  "uploadtime": 1776265517,
  "views": 22,
  "formatid": "gen9championsvgc2026regma",
  "rating": 1058,
  "private": 0,
  "password": null
}