{
  "id": "gen9championsvgc2026regma-2582650112",
  "format": "[Gen 9 Champions] VGC 2026 Reg M-A",
  "players": [
    "Braute",
    "Tamejo"
  ],
  "log": "|j|\u2606Braute\n|j|\u2606Tamejo\n|t:|1776104943\n|gametype|doubles\n|player|p1|Braute|miku-fire|1298\n|player|p2|Tamejo|caitlin|1395\n|gen|9\n|tier|[Gen 9 Champions] VGC 2026 Reg M-A\n|rated|\n|rule|Species Clause: Limit one of each Pok\u00e9mon\n|rule|Item Clause: Limit 1 of each item\n|clearpoke\n|poke|p1|Beedrill, L50, M|\n|poke|p1|Incineroar, L50, F|\n|poke|p1|Talonflame, L50, F|\n|poke|p1|Kingambit, L50, M|\n|poke|p1|Tyranitar, L50, M|\n|poke|p1|Excadrill, L50, F|\n|poke|p2|Dragapult, L50, F|\n|poke|p2|Farigiraf, L50, M|\n|poke|p2|Sylveon, L50, F|\n|poke|p2|Whimsicott, L50, M|\n|poke|p2|Glimmora, L50, M|\n|poke|p2|Crabominable, L50, M|\n|teampreview|4\n|inactive|Battle timer is ON: inactive players will automatically lose when time's up. (requested by Braute)\n|inactive|Tamejo has 60 seconds left.\n|\n|t:|1776104988\n|teamsize|p1|4\n|teamsize|p2|4\n|start\n|switch|p1a: Kingambit|Kingambit, L50, M, shiny|100/100\n|switch|p1b: Talonflame|Talonflame, L50, F|100/100\n|switch|p2a: Farigiraf|Farigiraf, L50, M|100/100\n|switch|p2b: Glimmora|Glimmora, L50, M|100/100\n|turn|1\n|\n|t:|1776105004\n|switch|p1b: Excadrill|Excadrill, L50, F|100/100\n|detailschange|p2b: Glimmora|Glimmora-Mega, L50, M\n|-mega|p2b: Glimmora|Glimmora|Glimmoranite\n|move|p2a: Farigiraf|Protect|p2a: Farigiraf\n|-singleturn|p2a: Farigiraf|Protect\n|move|p2b: Glimmora|Earth Power|p1a: Kingambit\n|-supereffective|p1a: Kingambit|1\n|-damage|p1a: Kingambit|40/100\n|move|p1a: Kingambit|Kowtow Cleave|p2a: Farigiraf\n|-activate|p2a: Farigiraf|move: Protect\n|\n|upkeep\n|turn|2\n|\n|t:|1776105022\n|move|p2b: Glimmora|Earth Power|p1a: Kingambit\n|-supereffective|p1a: Kingambit|1\n|-damage|p1a: Kingambit|0 fnt\n|faint|p1a: Kingambit\n|move|p1b: Excadrill|High Horsepower|p2b: Glimmora\n|-supereffective|p2b: Glimmora|2\n|-damage|p2b: Glimmora|0 fnt\n|faint|p2b: Glimmora\n|move|p2a: Farigiraf|Trick Room|p2a: Farigiraf\n|-fieldstart|move: Trick Room|[of] p2a: Farigiraf\n|\n|upkeep\n|\n|t:|1776105031\n|switch|p1a: Tyranitar|Tyranitar, L50, M|100/100\n|switch|p2b: Crabominable|Crabominable, L50, M|100/100\n|-weather|Sandstorm|[from] ability: Sand Stream|[of] p1a: Tyranitar\n|turn|3\n|inactive|Tamejo has 30 seconds left.\n|\n|t:|1776105063\n|switch|p2a: Sylveon|Sylveon, L50, F|100/100\n|switch|p1a: Talonflame|Talonflame, L50, F|100/100\n|move|p2b: Crabominable|Substitute|p2b: Crabominable\n|-start|p2b: Crabominable|Substitute\n|-damage|p2b: Crabominable|75/100\n|move|p1b: Excadrill|Iron Head|p2b: Crabominable\n|-supereffective|p2b: Crabominable|1\n|-end|p2b: Crabominable|Substitute\n|\n|-weather|Sandstorm|[upkeep]\n|-damage|p2b: Crabominable|70/100|[from] Sandstorm\n|-damage|p2a: Sylveon|94/100|[from] Sandstorm\n|-damage|p1a: Talonflame|95/100|[from] Sandstorm\n|-heal|p2a: Sylveon|100/100|[from] item: Leftovers\n|upkeep\n|turn|4\n|inactive|Tamejo has 30 seconds left.\n|inactive|Braute has 30 seconds left.\n|\n|t:|1776105099\n|move|p2b: Crabominable|Drain Punch|p1b: Excadrill\n|-supereffective|p1b: Excadrill|1\n|-enditem|p1b: Excadrill|Focus Sash\n|-damage|p1b: Excadrill|1/100\n|-heal|p2b: Crabominable|100/100|[from] drain|[of] p1b: Excadrill\n|move|p2a: Sylveon|Hyper Voice|p1a: Talonflame|[spread] p1a,p1b\n|-resisted|p1a: Talonflame|1\n|-resisted|p1b: Excadrill|1\n|-damage|p1a: Talonflame|68/100\n|-damage|p1b: Excadrill|0 fnt\n|faint|p1b: Excadrill\n|move|p1a: Talonflame|Flare Blitz|p2b: Crabominable\n|-supereffective|p2b: Crabominable|1\n|-damage|p2b: Crabominable|0 fnt\n|faint|p2b: Crabominable\n|-damage|p1a: Talonflame|25/100|[from] Recoil\n|\n|-weather|Sandstorm|[upkeep]\n|-damage|p2a: Sylveon|94/100|[from] Sandstorm\n|-damage|p1a: Talonflame|19/100|[from] Sandstorm\n|-heal|p2a: Sylveon|100/100|[from] item: Leftovers\n|upkeep\n|\n|t:|1776105116\n|switch|p2b: Farigiraf|Farigiraf, L50, M|100/100\n|switch|p1b: Tyranitar|Tyranitar, L50, M|100/100\n|turn|5\n|\n|t:|1776105134\n|detailschange|p1b: Tyranitar|Tyranitar-Mega, L50, M\n|-mega|p1b: Tyranitar|Tyranitar|Tyranitarite\n|move|p2b: Farigiraf|Hyper Voice|p1a: Talonflame|[spread] p1a,p1b\n|-resisted|p1b: Tyranitar|1\n|-damage|p1a: Talonflame|0 fnt\n|-damage|p1b: Tyranitar|94/100\n|faint|p1a: Talonflame\n|move|p2a: Sylveon|Hyper Voice|p1b: Tyranitar\n|-supereffective|p1b: Tyranitar|1\n|-damage|p1b: Tyranitar|39/100\n|move|p1b: Tyranitar|Knock Off|p2b: Farigiraf\n|-supereffective|p2b: Farigiraf|1\n|-damage|p2b: Farigiraf|0 fnt\n|-enditem|p2b: Farigiraf|Mental Herb|[from] move: Knock Off|[of] p1b: Tyranitar\n|faint|p2b: Farigiraf\n|\n|-weather|Sandstorm|[upkeep]\n|-damage|p2a: Sylveon|94/100|[from] Sandstorm\n|-heal|p2a: Sylveon|100/100|[from] item: Leftovers\n|upkeep\n|turn|6\n|\n|t:|1776105146\n|move|p1b: Tyranitar|Protect|p1b: Tyranitar\n|-singleturn|p1b: Tyranitar|Protect\n|move|p2a: Sylveon|Hyper Voice|p1b: Tyranitar\n|-activate|p1b: Tyranitar|move: Protect\n|\n|-weather|Sandstorm|[upkeep]\n|-damage|p2a: Sylveon|94/100|[from] Sandstorm\n|-heal|p2a: Sylveon|100/100|[from] item: Leftovers\n|-fieldend|move: Trick Room\n|upkeep\n|turn|7\n|\n|t:|1776105154\n|move|p1b: Tyranitar|Rock Slide|p2a: Sylveon\n|-damage|p2a: Sylveon|39/100\n|move|p2a: Sylveon|Hyper Voice|p1b: Tyranitar\n|-supereffective|p1b: Tyranitar|1\n|-damage|p1b: Tyranitar|0 fnt\n|faint|p1b: Tyranitar\n|\n|win|Tamejo\n|raw|Braute's rating: 1298 &rarr; <strong>1280</strong><br />(-18 for losing)\n|raw|Tamejo's rating: 1395 &rarr; <strong>1410</strong><br />(+15 for winning)\n",
  "uploadtime": 1776105154,
  "views": 44,
  "formatid": "gen9championsvgc2026regma",
  "rating": 1280,
  "private": 0,
  "password": null
}