{
  "id": "gen9championsvgc2026regma-2587281044",
  "format": "[Gen 9 Champions] VGC 2026 Reg M-A",
  "players": [
    "limejuice007",
    "GerritIV"
  ],
  "log": "|j|\u2606limejuice007\n|j|\u2606GerritIV\n|t:|1776517875\n|gametype|doubles\n|player|p1|limejuice007|li|1118\n|player|p2|GerritIV|n|1026\n|gen|9\n|tier|[Gen 9 Champions] VGC 2026 Reg M-A\n|rated|\n|rule|Species Clause: Limit one of each Pok\u00e9mon\n|rule|Item Clause: Limit 1 of each item\n|clearpoke\n|poke|p1|Meganium, L50, M|\n|poke|p1|Archaludon, L50, F|\n|poke|p1|Aerodactyl, L50, M|\n|poke|p1|Typhlosion-Hisui, L50, F|\n|poke|p1|Tauros-Paldea-Aqua, L50, M|\n|poke|p1|Kangaskhan, L50, F|\n|poke|p2|Tyranitar, L50, M|\n|poke|p2|Steelix, L50, M|\n|poke|p2|Farigiraf, L50, M|\n|poke|p2|Raichu, L50, F|\n|poke|p2|Whimsicott, L50, F|\n|poke|p2|Dragapult, L50, M|\n|teampreview|4\n|inactive|Battle timer is ON: inactive players will automatically lose when time's up. (requested by GerritIV)\n|j| theabry\n|inactive|limejuice007 has 60 seconds left.\n|\n|t:|1776517931\n|teamsize|p1|4\n|teamsize|p2|4\n|start\n|switch|p1a: Kangaskhan|Kangaskhan, L50, F|100/100\n|switch|p1b: Typhlosion|Typhlosion-Hisui, L50, F|100/100\n|switch|p2a: Dragapult|Dragapult, L50, M|100/100\n|switch|p2b: Raichu|Raichu, L50, F|100/100\n|-item|p2a: Dragapult|Choice Scarf|[from] ability: Frisk|[of] p1b: Typhlosion\n|-item|p2b: Raichu|Magnet|[from] ability: Frisk|[of] p1b: Typhlosion\n|turn|1\n|j| AidzPlayz\n|inactive|limejuice007 has 30 seconds left.\n|inactive|GerritIV has 30 seconds left.\n|\n|t:|1776517963\n|move|p2b: Raichu|Fake Out|p1a: Kangaskhan\n|-damage|p1a: Kangaskhan|91/100\n|move|p1a: Kangaskhan|Fake Out|p2b: Raichu\n|-crit|p2b: Raichu\n|-damage|p2b: Raichu|57/100\n|-status|p1a: Kangaskhan|par|[from] ability: Static|[of] p2b: Raichu\n|move|p2a: Dragapult|Phantom Force||[still]\n|-prepare|p2a: Dragapult|Phantom Force\n|move|p1b: Typhlosion|Shadow Ball|p2a: Dragapult|[miss]\n|-miss|p1b: Typhlosion|p2a: Dragapult\n|\n|upkeep\n|turn|2\n|inactive|limejuice007 has 30 seconds left.\n|\n|t:|1776517998\n|switch|p1b: Tauros|Tauros-Paldea-Aqua, L50, M|100/100\n|-ability|p1b: Tauros|Intimidate|boost\n|-fail|p2a: Dragapult|unboost|[from] ability: Clear Body|[of] p2a: Dragapult\n|-unboost|p2b: Raichu|atk|1\n|move|p1a: Kangaskhan|Sucker Punch|p2a: Dragapult|[miss]\n|-miss|p1a: Kangaskhan|p2a: Dragapult\n|move|p2a: Dragapult|Phantom Force|p1b: Tauros|[from] lockedmove\n|-damage|p1b: Tauros|50/100\n|move|p2b: Raichu|Volt Switch|p1b: Tauros\n|-supereffective|p1b: Tauros|1\n|-damage|p1b: Tauros|0 fnt\n|faint|p1b: Tauros\n|c| AidzPlayz|oh my\n|\n|t:|1776518018\n|switch|p2b: Steelix|Steelix, L50, M|100/100|[from] Volt Switch\n|\n|upkeep\n|\n|t:|1776518026\n|switch|p1b: Archaludon|Archaludon, L50, F|100/100\n|turn|3\n|inactive|limejuice007 has 30 seconds left.\n|\n|t:|1776518052\n|switch|p2a: Tyranitar|Tyranitar, L50, M|100/100\n|-weather|Sandstorm|[from] ability: Sand Stream|[of] p2a: Tyranitar\n|detailschange|p1a: Kangaskhan|Kangaskhan-Mega, L50, F\n|-mega|p1a: Kangaskhan|Kangaskhan|Kangaskhanite\n|detailschange|p2b: Steelix|Steelix-Mega, L50, M\n|-mega|p2b: Steelix|Steelix|Steelixite\n|move|p1b: Archaludon|Protect|p1b: Archaludon\n|-singleturn|p1b: Archaludon|Protect\n|move|p1a: Kangaskhan|Low Kick|p2b: Steelix\n|-supereffective|p2b: Steelix|1\n|-damage|p2b: Steelix|60/100\n|-supereffective|p2b: Steelix|1\n|-damage|p2b: Steelix|50/100\n|-hitcount|p2b: Steelix|2\n|move|p2b: Steelix|Body Press|p1a: Kangaskhan\n|-supereffective|p1a: Kangaskhan|1\n|-damage|p1a: Kangaskhan|16/100 par\n|\n|-weather|Sandstorm|[upkeep]\n|-damage|p1a: Kangaskhan|10/100 par|[from] Sandstorm\n|upkeep\n|turn|4\n|inactive|limejuice007 has 30 seconds left.\n|inactive|GerritIV has 30 seconds left.\n|inactive|limejuice007 has 20 seconds left.\n|inactive|limejuice007 has 15 seconds left.\n|inactive|limejuice007 has 10 seconds left.\n|inactive|limejuice007 has 5 seconds left.\n|\n|t:|1776518104\n|move|p1b: Archaludon|Flash Cannon|p2a: Tyranitar\n|-supereffective|p2a: Tyranitar|1\n|-crit|p2a: Tyranitar\n|-damage|p2a: Tyranitar|16/100\n|move|p2a: Tyranitar|Dark Pulse|p1a: Kangaskhan\n|-damage|p1a: Kangaskhan|0 fnt\n|faint|p1a: Kangaskhan\n|move|p2b: Steelix|Body Press|p1b: Archaludon\n|-supereffective|p1b: Archaludon|1\n|-damage|p1b: Archaludon|35/100\n|\n|-weather|Sandstorm|[upkeep]\n|upkeep\n|\n|t:|1776518114\n|switch|p1a: Typhlosion|Typhlosion-Hisui, L50, F|100/100\n|-item|p2a: Tyranitar|White Herb|[from] ability: Frisk|[of] p1a: Typhlosion\n|-item|p2b: Steelix|Steelixite|[from] ability: Frisk|[of] p1a: Typhlosion\n|turn|5\n|\n|t:|1776518128\n|move|p1a: Typhlosion|Shadow Ball|p2b: Steelix\n|-damage|p2b: Steelix|4/100\n|move|p1b: Archaludon|Flash Cannon|p2a: Tyranitar\n|-supereffective|p2a: Tyranitar|1\n|-damage|p2a: Tyranitar|0 fnt\n|faint|p2a: Tyranitar\n|move|p2b: Steelix|Body Press|p1b: Archaludon\n|-supereffective|p1b: Archaludon|1\n|-damage|p1b: Archaludon|0 fnt\n|faint|p1b: Archaludon\n|\n|-weather|Sandstorm|[upkeep]\n|-damage|p1a: Typhlosion|94/100|[from] Sandstorm\n|upkeep\n|\n|t:|1776518152\n|switch|p2a: Dragapult|Dragapult, L50, M|100/100\n|turn|6\n|\n|t:|1776518168\n|move|p2a: Dragapult|Phantom Force||[still]\n|-prepare|p2a: Dragapult|Phantom Force\n|move|p1a: Typhlosion|Shadow Ball|p2a: Dragapult|[miss]\n|-miss|p1a: Typhlosion|p2a: Dragapult\n|move|p2b: Steelix|High Horsepower|p1a: Typhlosion\n|-supereffective|p1a: Typhlosion|1\n|-damage|p1a: Typhlosion|0 fnt\n|faint|p1a: Typhlosion\n|\n|win|GerritIV\n|raw|limejuice007's rating: 1118 &rarr; <strong>1087</strong><br />(-31 for losing)\n|raw|GerritIV's rating: 1026 &rarr; <strong>1071</strong><br />(+45 for winning)\n",
  "uploadtime": 1776518168,
  "views": 12,
  "formatid": "gen9championsvgc2026regma",
  "rating": 1071,
  "private": 0,
  "password": null
}