{
  "id": "gen9championsvgc2026regma-2583104838",
  "format": "[Gen 9 Champions] VGC 2026 Reg M-A",
  "players": [
    "Todo CCT",
    "NiceChyip"
  ],
  "log": "|j|\u2606Todo CCT\n|j|\u2606NiceChyip\n|t:|1776142533\n|gametype|doubles\n|player|p1|Todo CCT|giovanni|1336\n|player|p2|NiceChyip|lucas|1292\n|gen|9\n|tier|[Gen 9 Champions] VGC 2026 Reg M-A\n|rated|\n|rule|Species Clause: Limit one of each Pok\u00e9mon\n|rule|Item Clause: Limit 1 of each item\n|clearpoke\n|poke|p1|Charizard, L50, F|\n|poke|p1|Venusaur, L50, F|\n|poke|p1|Sneasler, L50, F|\n|poke|p1|Kingambit, L50, F|\n|poke|p1|Farigiraf, L50, M|\n|poke|p1|Torkoal, L50, F|\n|poke|p2|Goodra-Hisui, L50, M|\n|poke|p2|Manectric, L50, F|\n|poke|p2|Aerodactyl, L50, F|\n|poke|p2|Aromatisse, L50, M|\n|poke|p2|Sinistcha, L50|\n|poke|p2|Incineroar, L50, F|\n|teampreview|4\n|\n|t:|1776142566\n|teamsize|p1|4\n|teamsize|p2|4\n|start\n|switch|p1a: Farigiraf|Farigiraf, L50, M|100/100\n|switch|p1b: Sneasler|Sneasler, L50, F|100/100\n|switch|p2a: Goodra|Goodra-Hisui, L50, M|100/100\n|switch|p2b: Incineroar|Incineroar, L50, F|100/100\n|-ability|p2b: Incineroar|Intimidate|boost\n|-unboost|p1a: Farigiraf|atk|1\n|-unboost|p1b: Sneasler|atk|1\n|-enditem|p1b: Sneasler|White Herb\n|-clearnegativeboost|p1b: Sneasler|[silent]\n|turn|1\n|inactive|Battle timer is ON: inactive players will automatically lose when time's up. (requested by NiceChyip)\n|\n|t:|1776142583\n|move|p1a: Farigiraf|Helping Hand|p1b: Sneasler\n|-singleturn|p1b: Sneasler|Helping Hand|[of] p1a: Farigiraf\n|move|p2a: Goodra|Protect|p2a: Goodra\n|-singleturn|p2a: Goodra|Protect\n|move|p1b: Sneasler|Close Combat|p2a: Goodra\n|-activate|p2a: Goodra|move: Protect\n|move|p2b: Incineroar|Parting Shot|p1b: Sneasler\n|-unboost|p1b: Sneasler|atk|1\n|-unboost|p1b: Sneasler|spa|1\n|\n|t:|1776142594\n|switch|p2b: Aerodactyl|Aerodactyl, L50, F|100/100|[from] Parting Shot\n|\n|upkeep\n|turn|2\n|\n|t:|1776142608\n|move|p1b: Sneasler|Coaching|p1a: Farigiraf\n|-boost|p1a: Farigiraf|atk|1\n|-boost|p1a: Farigiraf|def|1\n|move|p2b: Aerodactyl|Dual Wingbeat|p1b: Sneasler\n|-supereffective|p1b: Sneasler|1\n|-damage|p1b: Sneasler|42/100\n|-supereffective|p1b: Sneasler|1\n|-damage|p1b: Sneasler|0 fnt\n|faint|p1b: Sneasler\n|-hitcount|p1: Sneasler|2\n|move|p2a: Goodra|Shelter|p2a: Goodra\n|-boost|p2a: Goodra|def|2\n|move|p1a: Farigiraf|Trick Room|p1a: Farigiraf\n|-fieldstart|move: Trick Room|[of] p1a: Farigiraf\n|\n|upkeep\n|\n|t:|1776142610\n|switch|p1b: Torkoal|Torkoal, L50, F|100/100\n|-weather|SunnyDay|[from] ability: Drought|[of] p1b: Torkoal\n|turn|3\n|\n|t:|1776142633\n|switch|p2b: Incineroar|Incineroar, L50, F|100/100\n|-ability|p2b: Incineroar|Intimidate|boost\n|-unboost|p1a: Farigiraf|atk|1\n|-unboost|p1b: Torkoal|atk|1\n|move|p1a: Farigiraf|Helping Hand|p1b: Torkoal\n|-singleturn|p1b: Torkoal|Helping Hand|[of] p1a: Farigiraf\n|move|p1b: Torkoal|Eruption|p2a: Goodra|[spread] p2a,p2b\n|-resisted|p2b: Incineroar|1\n|-damage|p2a: Goodra|20/100\n|-damage|p2b: Incineroar|54/100\n|move|p2a: Goodra|Body Press|p1b: Torkoal\n|-damage|p1b: Torkoal|60/100\n|\n|-weather|SunnyDay|[upkeep]\n|-heal|p2a: Goodra|26/100|[from] item: Leftovers\n|upkeep\n|turn|4\n|inactive|NiceChyip has 30 seconds left.\n|\n|t:|1776142665\n|move|p2a: Goodra|Protect|p2a: Goodra\n|-singleturn|p2a: Goodra|Protect\n|move|p1b: Torkoal|Heat Wave|p2b: Incineroar|[spread] p2b\n|-activate|p2a: Goodra|move: Protect\n|-resisted|p2b: Incineroar|1\n|-damage|p2b: Incineroar|35/100\n|move|p1a: Farigiraf|Hyper Voice|p2a: Goodra|[spread] p2b\n|-activate|p2a: Goodra|move: Protect\n|-damage|p2b: Incineroar|16/100\n|move|p2b: Incineroar|Parting Shot|p1b: Torkoal\n|-unboost|p1b: Torkoal|atk|1\n|-unboost|p1b: Torkoal|spa|1\n|\n|t:|1776142678\n|switch|p2b: Manectric|Manectric, L50, F|100/100|[from] Parting Shot\n|\n|-weather|SunnyDay|[upkeep]\n|-heal|p2a: Goodra|32/100|[from] item: Leftovers\n|upkeep\n|turn|5\n|\n|t:|1776142688\n|switch|p2a: Incineroar|Incineroar, L50, F|16/100\n|-ability|p2a: Incineroar|Intimidate|boost\n|-unboost|p1a: Farigiraf|atk|1\n|-unboost|p1b: Torkoal|atk|1\n|detailschange|p2b: Manectric|Manectric-Mega, L50, F\n|-mega|p2b: Manectric|Manectric|Manectite\n|-ability|p2b: Manectric|Intimidate|boost\n|-unboost|p1a: Farigiraf|atk|1\n|-unboost|p1b: Torkoal|atk|1\n|move|p1a: Farigiraf|Helping Hand|p1b: Torkoal\n|-singleturn|p1b: Torkoal|Helping Hand|[of] p1a: Farigiraf\n|move|p2b: Manectric|Protect|p2b: Manectric\n|-singleturn|p2b: Manectric|Protect\n|move|p1b: Torkoal|Heat Wave|p2a: Incineroar|[spread] p2a\n|-activate|p2b: Manectric|move: Protect\n|-resisted|p2a: Incineroar|1\n|-damage|p2a: Incineroar|0 fnt\n|faint|p2a: Incineroar\n|\n|-weather|SunnyDay|[upkeep]\n|upkeep\n|\n|t:|1776142702\n|switch|p2a: Aerodactyl|Aerodactyl, L50, F|100/100\n|turn|6\n|\n|t:|1776142718\n|move|p1a: Farigiraf|Helping Hand|p1b: Torkoal\n|-singleturn|p1b: Torkoal|Helping Hand|[of] p1a: Farigiraf\n|move|p1b: Torkoal|Heat Wave|p2b: Manectric|[spread] p2a,p2b\n|-resisted|p2a: Aerodactyl|1\n|-damage|p2a: Aerodactyl|59/100\n|-damage|p2b: Manectric|25/100\n|-status|p2a: Aerodactyl|brn\n|-status|p2b: Manectric|brn\n|move|p2a: Aerodactyl|Rock Slide|p1b: Torkoal|[spread] p1a,p1b\n|-supereffective|p1b: Torkoal|1\n|-crit|p1b: Torkoal\n|-damage|p1a: Farigiraf|93/100\n|-damage|p1b: Torkoal|32/100\n|move|p2b: Manectric|Snarl|p1b: Torkoal|[spread] p1a,p1b\n|-supereffective|p1a: Farigiraf|1\n|-damage|p1a: Farigiraf|68/100\n|-damage|p1b: Torkoal|11/100\n|-unboost|p1a: Farigiraf|spa|1\n|-unboost|p1b: Torkoal|spa|1\n|\n|-weather|SunnyDay|[upkeep]\n|-damage|p2a: Aerodactyl|53/100 brn|[from] brn\n|-damage|p2b: Manectric|19/100 brn|[from] brn\n|-fieldend|move: Trick Room\n|upkeep\n|turn|7\n|\n|t:|1776142739\n|move|p2b: Manectric|Snarl|p1a: Farigiraf|[spread] p1a,p1b\n|-supereffective|p1a: Farigiraf|1\n|-damage|p1a: Farigiraf|38/100\n|-damage|p1b: Torkoal|0 fnt\n|-unboost|p1a: Farigiraf|spa|1\n|faint|p1b: Torkoal\n|move|p2a: Aerodactyl|Taunt|p1a: Farigiraf\n|-start|p1a: Farigiraf|move: Taunt\n|-enditem|p1a: Farigiraf|Mental Herb\n|-end|p1a: Farigiraf|move: Taunt\n|move|p1a: Farigiraf|Trick Room|p1a: Farigiraf\n|-fieldstart|move: Trick Room|[of] p1a: Farigiraf\n|\n|-weather|none\n|-damage|p2a: Aerodactyl|48/100 brn|[from] brn\n|-damage|p2b: Manectric|13/100 brn|[from] brn\n|upkeep\n|\n|t:|1776142743\n|switch|p1b: Kingambit|Kingambit, L50, F|100/100\n|turn|8\n|\n|t:|1776142755\n|switch|p2a: Goodra|Goodra-Hisui, L50, M|32/100\n|move|p1a: Farigiraf|Hyper Voice|p2b: Manectric|[spread] p2a,p2b\n|-resisted|p2a: Goodra|1\n|-damage|p2a: Goodra|27/100\n|-damage|p2b: Manectric|0 fnt\n|faint|p2b: Manectric\n|move|p1b: Kingambit|Iron Head|p2a: Goodra\n|-resisted|p2a: Goodra|1\n|-damage|p2a: Goodra|13/100\n|\n|-heal|p2a: Goodra|19/100|[from] item: Leftovers\n|upkeep\n|\n|t:|1776142760\n|switch|p2b: Aerodactyl|Aerodactyl, L50, F|48/100 brn\n|turn|9\n|\n|t:|1776142772\n|move|p2b: Aerodactyl|Protect|p2b: Aerodactyl\n|-singleturn|p2b: Aerodactyl|Protect\n|move|p1b: Kingambit|Sucker Punch|p2a: Goodra\n|-damage|p2a: Goodra|0 fnt\n|faint|p2a: Goodra\n|move|p1a: Farigiraf|Hyper Voice|p2b: Aerodactyl\n|-activate|p2b: Aerodactyl|move: Protect\n|\n|-damage|p2b: Aerodactyl|42/100 brn|[from] brn\n|upkeep\n|turn|10\n|-message|NiceChyip forfeited.\n|\n|win|Todo CCT\n|raw|Todo CCT's rating: 1336 &rarr; <strong>1353</strong><br />(+17 for winning)\n|raw|NiceChyip's rating: 1292 &rarr; <strong>1270</strong><br />(-22 for losing)\n|l|\u2606NiceChyip\n|player|p2|\n",
  "uploadtime": 1776142784,
  "views": 60,
  "formatid": "gen9championsvgc2026regma",
  "rating": 1270,
  "private": 0,
  "password": null
}