{
  "id": "gen9championsvgc2026regma-2587628664",
  "format": "[Gen 9 Champions] VGC 2026 Reg M-A",
  "players": [
    "Kaazarav",
    "dynameow"
  ],
  "log": "|j|\u2606Kaazarav\n|j|\u2606dynameow\n|t:|1776548390\n|gametype|doubles\n|player|p1|Kaazarav|veteran|1101\n|player|p2|dynameow|265|1193\n|gen|9\n|tier|[Gen 9 Champions] VGC 2026 Reg M-A\n|rated|\n|rule|Species Clause: Limit one of each Pok\u00e9mon\n|rule|Item Clause: Limit 1 of each item\n|clearpoke\n|poke|p1|Gengar, L50, F|\n|poke|p1|Incineroar, L50, F|\n|poke|p1|Kommo-o, L50, F|\n|poke|p1|Basculegion, L50, M|\n|poke|p1|Maushold, L50|\n|poke|p1|Rotom-Wash, L50|\n|poke|p2|Lopunny, L50, F|\n|poke|p2|Sneasler, L50, M|\n|poke|p2|Gyarados, L50, F|\n|poke|p2|Torkoal, L50, F|\n|poke|p2|Tyranitar, L50, M|\n|poke|p2|Farigiraf, L50, M|\n|teampreview|4\n|inactive|Battle timer is ON: inactive players will automatically lose when time's up. (requested by Kaazarav)\n|\n|t:|1776548418\n|teamsize|p1|4\n|teamsize|p2|4\n|start\n|switch|p1a: Rotom|Rotom-Wash, L50|100/100\n|switch|p1b: Incineroar|Incineroar, L50, F|100/100\n|switch|p2a: Lopunny|Lopunny, L50, F|100/100\n|switch|p2b: Sneasler|Sneasler, L50, M|100/100\n|-ability|p2b: Sneasler|Pressure\n|-ability|p1b: Incineroar|Intimidate|boost\n|-unboost|p2a: Lopunny|atk|1\n|-unboost|p2b: Sneasler|atk|1\n|-enditem|p2b: Sneasler|White Herb\n|-clearnegativeboost|p2b: Sneasler|[silent]\n|turn|1\n|\n|t:|1776548440\n|detailschange|p2a: Lopunny|Lopunny-Mega, L50, F\n|-mega|p2a: Lopunny|Lopunny|Lopunnite\n|move|p2a: Lopunny|Fake Out|p1a: Rotom\n|-damage|p1a: Rotom|87/100\n|move|p1b: Incineroar|Fake Out|p2b: Sneasler\n|-damage|p2b: Sneasler|81/100\n|cant|p2b: Sneasler|flinch\n|cant|p1a: Rotom|flinch\n|\n|upkeep\n|turn|2\n|inactive|dynameow has 30 seconds left.\n|\n|t:|1776548466\n|move|p2a: Lopunny|Close Combat|p1a: Rotom\n|-damage|p1a: Rotom|52/100\n|-unboost|p2a: Lopunny|def|1\n|-unboost|p2a: Lopunny|spd|1\n|move|p2b: Sneasler|Close Combat|p1a: Rotom\n|-damage|p1a: Rotom|0 fnt\n|-unboost|p2b: Sneasler|def|1\n|-unboost|p2b: Sneasler|spd|1\n|faint|p1a: Rotom\n|move|p1b: Incineroar|Parting Shot|p2b: Sneasler\n|-unboost|p2b: Sneasler|atk|1\n|-unboost|p2b: Sneasler|spa|1\n|\n|t:|1776548476\n|switch|p1b: Basculegion|Basculegion, L50, M|100/100|[from] Parting Shot\n|\n|upkeep\n|\n|t:|1776548479\n|switch|p1a: Gengar|Gengar, L50, F|100/100\n|turn|3\n|\n|t:|1776548486\n|switch|p2a: Gyarados|Gyarados, L50, F|100/100\n|-ability|p2a: Gyarados|Intimidate|boost\n|-unboost|p1a: Gengar|atk|1\n|-unboost|p1b: Basculegion|atk|1\n|switch|p2b: Torkoal|Torkoal, L50, F|100/100\n|-weather|SunnyDay|[from] ability: Drought|[of] p2b: Torkoal\n|detailschange|p1a: Gengar|Gengar-Mega, L50, F\n|-mega|p1a: Gengar|Gengar|Gengarite\n|move|p1b: Basculegion|Flip Turn|p2a: Gyarados\n|-resisted|p2a: Gyarados|1\n|-damage|p2a: Gyarados|94/100\n|\n|t:|1776548496\n|switch|p1b: Incineroar|Incineroar, L50, F|100/100|[from] Flip Turn\n|-ability|p1b: Incineroar|Intimidate|boost\n|-unboost|p2a: Gyarados|atk|1\n|-unboost|p2b: Torkoal|atk|1\n|move|p1a: Gengar|Icy Wind|p2b: Torkoal|[spread] p2a,p2b\n|-resisted|p2b: Torkoal|1\n|-damage|p2a: Gyarados|84/100\n|-damage|p2b: Torkoal|89/100\n|-unboost|p2a: Gyarados|spe|1\n|-unboost|p2b: Torkoal|spe|1\n|\n|-weather|SunnyDay|[upkeep]\n|-heal|p2a: Gyarados|90/100|[from] item: Leftovers\n|upkeep\n|turn|4\n|\n|t:|1776548515\n|move|p1a: Gengar|Protect|p1a: Gengar\n|-singleturn|p1a: Gengar|Protect\n|move|p1b: Incineroar|Parting Shot|p2b: Torkoal\n|-unboost|p2b: Torkoal|atk|1\n|-unboost|p2b: Torkoal|spa|1\n|\n|t:|1776548519\n|switch|p1b: Basculegion|Basculegion, L50, M|100/100|[from] Parting Shot\n|move|p2a: Gyarados|Thunder Wave|p1a: Gengar\n|-activate|p1a: Gengar|move: Protect\n|move|p2b: Torkoal|Eruption|p1a: Gengar|[spread] p1b\n|-activate|p1a: Gengar|move: Protect\n|-resisted|p1b: Basculegion|1\n|-damage|p1b: Basculegion|83/100\n|\n|-weather|SunnyDay|[upkeep]\n|-heal|p2a: Gyarados|96/100|[from] item: Leftovers\n|upkeep\n|turn|5\n|\n|t:|1776548536\n|move|p1b: Basculegion|Flip Turn|p2b: Torkoal\n|-supereffective|p2b: Torkoal|1\n|-damage|p2b: Torkoal|69/100\n|\n|t:|1776548539\n|switch|p1b: Incineroar|Incineroar, L50, F|100/100|[from] Flip Turn\n|-ability|p1b: Incineroar|Intimidate|boost\n|-unboost|p2a: Gyarados|atk|1\n|-unboost|p2b: Torkoal|atk|1\n|move|p1a: Gengar|Sludge Bomb|p2b: Torkoal\n|-damage|p2b: Torkoal|0 fnt\n|faint|p2b: Torkoal\n|move|p2a: Gyarados|Crunch|p1a: Gengar\n|-supereffective|p1a: Gengar|1\n|-damage|p1a: Gengar|70/100\n|-unboost|p1a: Gengar|def|1\n|\n|-weather|SunnyDay|[upkeep]\n|-heal|p2a: Gyarados|100/100|[from] item: Leftovers\n|upkeep\n|\n|t:|1776548550\n|switch|p2b: Lopunny|Lopunny-Mega, L50, F|100/100\n|turn|6\n|\n|t:|1776548573\n|switch|p1b: Basculegion|Basculegion, L50, M|83/100\n|move|p1a: Gengar|Protect|p1a: Gengar\n|-singleturn|p1a: Gengar|Protect\n|move|p2b: Lopunny|Fake Out|p1a: Gengar\n|-activate|p1a: Gengar|move: Protect\n|move|p2a: Gyarados|Waterfall|p1b: Basculegion\n|-resisted|p1b: Basculegion|1\n|-damage|p1b: Basculegion|78/100\n|\n|-weather|SunnyDay|[upkeep]\n|upkeep\n|turn|7\n|\n|t:|1776548593\n|switch|p1a: Incineroar|Incineroar, L50, F|100/100\n|-ability|p1a: Incineroar|Intimidate|boost\n|-unboost|p2a: Gyarados|atk|1\n|-fail|p2b: Lopunny|unboost|Attack|[from] ability: Scrappy|[of] p2b: Lopunny\n|move|p1b: Basculegion|Flip Turn|p2b: Lopunny\n|-damage|p2b: Lopunny|76/100\n|\n|t:|1776548600\n|switch|p1b: Gengar|Gengar-Mega, L50, F|70/100|[from] Flip Turn\n|move|p2b: Lopunny|Close Combat|p1b: Gengar\n|-resisted|p1b: Gengar|1\n|-damage|p1b: Gengar|35/100\n|-unboost|p2b: Lopunny|def|1\n|-unboost|p2b: Lopunny|spd|1\n|move|p2a: Gyarados|Crunch|p1a: Incineroar\n|-resisted|p1a: Incineroar|1\n|-damage|p1a: Incineroar|97/100\n|\n|-weather|none\n|upkeep\n|turn|8\n|\n|t:|1776548611\n|move|p1b: Gengar|Protect|p1b: Gengar\n|-singleturn|p1b: Gengar|Protect\n|move|p2a: Gyarados|Protect|p2a: Gyarados\n|-singleturn|p2a: Gyarados|Protect\n|move|p2b: Lopunny|U-turn|p1b: Gengar\n|-activate|p1b: Gengar|move: Protect\n|move|p1a: Incineroar|Flare Blitz|p2b: Lopunny\n|-damage|p2b: Lopunny|0 fnt\n|faint|p2b: Lopunny\n|-damage|p1a: Incineroar|79/100|[from] Recoil\n|\n|upkeep\n|\n|t:|1776548615\n|switch|p2b: Sneasler|Sneasler, L50, M|81/100\n|-ability|p2b: Sneasler|Pressure\n|turn|9\n|\n|t:|1776548623\n|switch|p1a: Basculegion|Basculegion, L50, M|78/100\n|move|p2b: Sneasler|Rock Slide|p1b: Gengar|[spread] p1a,p1b\n|-crit|p1b: Gengar\n|-damage|p1a: Basculegion|53/100\n|-damage|p1b: Gengar|2/100\n|move|p1b: Gengar|Icy Wind|p2a: Gyarados|[spread] p2a,p2b\n|-damage|p2a: Gyarados|89/100\n|-damage|p2b: Sneasler|59/100\n|-unboost|p2a: Gyarados|spe|1\n|-unboost|p2b: Sneasler|spe|1\n|move|p2a: Gyarados|Waterfall|p1a: Basculegion\n|-resisted|p1a: Basculegion|1\n|-damage|p1a: Basculegion|43/100\n|\n|-heal|p2a: Gyarados|95/100|[from] item: Leftovers\n|upkeep\n|turn|10\n|\n|t:|1776548640\n|move|p1b: Gengar|Protect|p1b: Gengar\n|-singleturn|p1b: Gengar|Protect\n|move|p1a: Basculegion|Flip Turn|p2b: Sneasler\n|-damage|p2b: Sneasler|0 fnt\n|faint|p2b: Sneasler\n|\n|t:|1776548644\n|switch|p1a: Incineroar|Incineroar, L50, F|79/100|[from] Flip Turn\n|-ability|p1a: Incineroar|Intimidate|boost\n|-unboost|p2a: Gyarados|atk|1\n|move|p2a: Gyarados|Crunch|p1b: Gengar\n|-activate|p1b: Gengar|move: Protect\n|\n|-heal|p2a: Gyarados|100/100|[from] item: Leftovers\n|upkeep\n|turn|11\n|-message|dynameow forfeited.\n|\n|win|Kaazarav\n|raw|Kaazarav's rating: 1101 &rarr; <strong>1132</strong><br />(+31 for winning)\n|raw|dynameow's rating: 1193 &rarr; <strong>1162</strong><br />(-31 for losing)\n|l|\u2606dynameow\n|player|p2|\n",
  "uploadtime": 1776548647,
  "views": 10,
  "formatid": "gen9championsvgc2026regma",
  "rating": 1132,
  "private": 0,
  "password": null
}