{
  "id": "gen9championsvgc2026regma-2586687434",
  "format": "[Gen 9 Champions] VGC 2026 Reg M-A",
  "players": [
    "CharlieMagic",
    "gr777"
  ],
  "log": "|j|\u2606CharlieMagic\n|j|\u2606gr777\n|t:|1776452229\n|gametype|doubles\n|player|p1|CharlieMagic|102|1106\n|player|p2|gr777|1|1001\n|gen|9\n|tier|[Gen 9 Champions] VGC 2026 Reg M-A\n|rated|\n|rule|Species Clause: Limit one of each Pok\u00e9mon\n|rule|Item Clause: Limit 1 of each item\n|clearpoke\n|poke|p1|Scovillain, L50, M|\n|poke|p1|Garchomp, L50, F|\n|poke|p1|Maushold-Four, L50|\n|poke|p1|Primarina, L50, F|\n|poke|p1|Aerodactyl, L50, M|\n|poke|p1|Sneasler, L50, F|\n|poke|p2|Goodra-Hisui, L50, F|\n|poke|p2|Froslass, L50, F|\n|poke|p2|Incineroar, L50, F|\n|poke|p2|Basculegion, L50, M|\n|poke|p2|Oranguru, L50, F|\n|poke|p2|Beartic, L50, F|\n|teampreview|4\n|\n|t:|1776452273\n|teamsize|p1|4\n|teamsize|p2|4\n|start\n|switch|p1a: Maushold|Maushold-Four, L50, shiny|100/100\n|switch|p1b: Scovillain|Scovillain, L50, M, shiny|100/100\n|switch|p2a: Froslass|Froslass, L50, F|100/100\n|switch|p2b: Incineroar|Incineroar, L50, F|100/100\n|-ability|p2b: Incineroar|Intimidate|boost\n|-unboost|p1a: Maushold|atk|1\n|-unboost|p1b: Scovillain|atk|1\n|turn|1\n|\n|t:|1776452297\n|detailschange|p2a: Froslass|Froslass-Mega, L50, F\n|-mega|p2a: Froslass|Froslass|Froslassite\n|-weather|Snowscape|[from] ability: Snow Warning|[of] p2a: Froslass\n|move|p1a: Maushold|Protect|p1a: Maushold\n|-singleturn|p1a: Maushold|Protect\n|move|p2b: Incineroar|Fake Out|p1b: Scovillain\n|-damage|p1b: Scovillain|85/100\n|move|p2a: Froslass|Blizzard|p1b: Scovillain|[spread] p1b\n|-activate|p1a: Maushold|move: Protect\n|-damage|p1b: Scovillain|48/100\n|cant|p1b: Scovillain|flinch\n|\n|-weather|Snowscape|[upkeep]\n|upkeep\n|turn|2\n|\n|t:|1776452321\n|move|p1a: Maushold|Follow Me|p1a: Maushold\n|-singleturn|p1a: Maushold|move: Follow Me\n|move|p2a: Froslass|Blizzard|p1a: Maushold|[spread] p1a,p1b\n|-damage|p1a: Maushold|52/100\n|-damage|p1b: Scovillain|11/100\n|move|p1b: Scovillain|Flamethrower|p2a: Froslass\n|-supereffective|p2a: Froslass|1\n|-damage|p2a: Froslass|12/100\n|move|p2b: Incineroar|Flare Blitz|p1a: Maushold\n|-damage|p1a: Maushold|0 fnt\n|faint|p1a: Maushold\n|-damage|p2b: Incineroar|85/100|[from] Recoil\n|\n|-weather|Snowscape|[upkeep]\n|upkeep\n|\n|t:|1776452335\n|switch|p1a: Aerodactyl|Aerodactyl, L50, M, shiny|100/100\n|-ability|p1a: Aerodactyl|Unnerve\n|turn|3\n|\n|t:|1776452352\n|switch|p2a: Basculegion|Basculegion, L50, M|100/100\n|switch|p2b: Oranguru|Oranguru, L50, F|100/100\n|detailschange|p1a: Aerodactyl|Aerodactyl-Mega, L50, M, shiny\n|-mega|p1a: Aerodactyl|Aerodactyl|Aerodactylite\n|move|p1b: Scovillain|Rage Powder|p1b: Scovillain\n|-singleturn|p1b: Scovillain|move: Rage Powder\n|move|p1a: Aerodactyl|Rock Slide|p2b: Oranguru|[spread] p2a,p2b\n|-damage|p2a: Basculegion|62/100\n|-damage|p2b: Oranguru|61/100\n|\n|-weather|Snowscape|[upkeep]\n|upkeep\n|turn|4\n|\n|t:|1776452381\n|move|p1b: Scovillain|Rage Powder|p1b: Scovillain\n|-singleturn|p1b: Scovillain|move: Rage Powder\n|move|p1a: Aerodactyl|Rock Slide|p2a: Basculegion|[spread] p2a,p2b\n|-damage|p2a: Basculegion|23/100\n|-damage|p2b: Oranguru|23/100\n|move|p2a: Basculegion|Wave Crash|p1b: Scovillain\n|-damage|p1b: Scovillain|0 fnt\n|faint|p1b: Scovillain\n|-damage|p2a: Basculegion|20/100|[from] Recoil\n|move|p2b: Oranguru|Instruct|p2a: Basculegion\n|-singleturn|p2a: Basculegion|move: Instruct|[of] p2b: Oranguru\n|move|p2a: Basculegion|Wave Crash|p1a: Aerodactyl\n|-supereffective|p1a: Aerodactyl|1\n|-damage|p1a: Aerodactyl|0 fnt\n|faint|p1a: Aerodactyl\n|-damage|p2a: Basculegion|0 fnt|[from] Recoil\n|faint|p2a: Basculegion\n|\n|-weather|Snowscape|[upkeep]\n|upkeep\n|\n|t:|1776452399\n|switch|p1a: Primarina|Primarina, L50, F|100/100\n|switch|p2a: Incineroar|Incineroar, L50, F|85/100\n|-ability|p2a: Incineroar|Intimidate|boost\n|-unboost|p1a: Primarina|atk|1\n|turn|5\n|\n|t:|1776452414\n|switch|p2b: Froslass|Froslass-Mega, L50, F|12/100\n|move|p1a: Primarina|Protect|p1a: Primarina\n|-singleturn|p1a: Primarina|Protect\n|move|p2a: Incineroar|Fake Out|p1a: Primarina\n|-activate|p1a: Primarina|move: Protect\n|\n|-weather|none\n|upkeep\n|turn|6\n|\n|t:|1776452439\n|switch|p2b: Oranguru|Oranguru, L50, F|23/100\n|move|p1a: Primarina|Hyper Voice|p2a: Incineroar|[spread] p2a,p2b\n|-supereffective|p2a: Incineroar|1\n|-damage|p2a: Incineroar|8/100\n|-damage|p2b: Oranguru|0 fnt\n|faint|p2b: Oranguru\n|move|p2a: Incineroar|Parting Shot|p1a: Primarina\n|-unboost|p1a: Primarina|atk|1\n|-unboost|p1a: Primarina|spa|1\n|\n|t:|1776452448\n|switch|p2a: Froslass|Froslass-Mega, L50, F|12/100|[from] Parting Shot\n|-weather|Snowscape|[from] ability: Snow Warning|[of] p2a: Froslass\n|\n|-weather|Snowscape|[upkeep]\n|upkeep\n|\n|t:|1776452455\n|switch|p2b: Incineroar|Incineroar, L50, F|8/100\n|-ability|p2b: Incineroar|Intimidate|boost\n|-unboost|p1a: Primarina|atk|1\n|turn|7\n|\n|t:|1776452465\n|move|p1a: Primarina|Protect|p1a: Primarina\n|-singleturn|p1a: Primarina|Protect\n|move|p2b: Incineroar|Fake Out|p1a: Primarina\n|-activate|p1a: Primarina|move: Protect\n|move|p2a: Froslass|Shadow Ball|p1a: Primarina\n|-activate|p1a: Primarina|move: Protect\n|\n|-weather|Snowscape|[upkeep]\n|upkeep\n|turn|8\n|\n|t:|1776452478\n|move|p2a: Froslass|Shadow Ball|p1a: Primarina\n|-damage|p1a: Primarina|64/100\n|move|p1a: Primarina|Hyper Voice|p2a: Froslass|[spread] p2a,p2b\n|-supereffective|p2b: Incineroar|1\n|-damage|p2a: Froslass|0 fnt\n|-damage|p2b: Incineroar|0 fnt\n|faint|p2a: Froslass\n|faint|p2b: Incineroar\n|\n|win|CharlieMagic\n|raw|CharlieMagic's rating: 1106 &rarr; <strong>1124</strong><br />(+18 for winning)\n|raw|gr777's rating: 1001 &rarr; <strong>1000</strong><br />(-1 for losing)\n",
  "uploadtime": 1776452487,
  "views": 27,
  "formatid": "gen9championsvgc2026regma",
  "rating": 1000,
  "private": 0,
  "password": null
}