{
  "id": "gen9championsvgc2026regma-2580926745",
  "format": "[Gen 9 Champions] VGC 2026 Reg M-A",
  "players": [
    "guilllotine",
    "4ooty"
  ],
  "log": "|j|\u2606guilllotine\n|j|\u26064ooty\n|t:|1775943971\n|gametype|doubles\n|player|p1|guilllotine|plasmagrunt-gen5bw|1082\n|player|p2|4ooty|nobunaga-conquest|1092\n|gen|9\n|tier|[Gen 9 Champions] VGC 2026 Reg M-A\n|rated|\n|rule|Species Clause: Limit one of each Pok\u00e9mon\n|rule|Item Clause: Limit 1 of each item\n|clearpoke\n|poke|p1|Delphox, L50, F|\n|poke|p1|Clefable, L50, M|\n|poke|p1|Rotom-Wash, L50|\n|poke|p1|Dragonite, L50, M|\n|poke|p1|Garchomp, L50, F|\n|poke|p1|Conkeldurr, L50, F|\n|poke|p2|Goodra-Hisui, L50, M|\n|poke|p2|Floette-Eternal, L50, F|\n|poke|p2|Sinistcha-Masterpiece, L50|\n|poke|p2|Ninetales-Alola, L50, M|\n|poke|p2|Aerodactyl, L50, M|\n|poke|p2|Sneasler, L50, F|\n|teampreview|4\n|inactive|Battle timer is ON: inactive players will automatically lose when time's up. (requested by 4ooty)\n|\n|t:|1775944020\n|teamsize|p1|4\n|teamsize|p2|4\n|start\n|switch|p1a: Rotom|Rotom-Wash, L50|100/100\n|switch|p1b: Garchomp|Garchomp, L50, F|100/100\n|switch|p2a: Aerodactyl|Aerodactyl, L50, M|100/100\n|switch|p2b: Sneasler|Sneasler, L50, F, shiny|100/100\n|-ability|p2a: Aerodactyl|Unnerve\n|turn|1\n|\n|t:|1775944041\n|move|p2b: Sneasler|Fake Out|p1b: Garchomp\n|-damage|p1b: Garchomp|86/100\n|-damage|p2b: Sneasler|88/100|[from] ability: Rough Skin|[of] p1b: Garchomp\n|move|p1a: Rotom|Volt Switch|p2a: Aerodactyl\n|-supereffective|p2a: Aerodactyl|1\n|-enditem|p2a: Aerodactyl|Focus Sash\n|-damage|p2a: Aerodactyl|1/100\n|\n|t:|1775944060\n|switch|p1a: Delphox|Delphox, L50, F|100/100|[from] Volt Switch\n|move|p2a: Aerodactyl|Tailwind|p2a: Aerodactyl\n|-sidestart|p2: 4ooty|move: Tailwind\n|cant|p1b: Garchomp|flinch\n|\n|upkeep\n|turn|2\n|inactive|4ooty has 30 seconds left.\n|\n|t:|1775944088\n|detailschange|p1a: Delphox|Delphox-Mega, L50, F\n|-mega|p1a: Delphox|Delphox|Delphoxite\n|move|p2a: Aerodactyl|Wide Guard|p2a: Aerodactyl\n|-singleturn|p2a: Aerodactyl|Wide Guard\n|move|p2b: Sneasler|Dire Claw|p1a: Delphox\n|-damage|p1a: Delphox|29/100\n|move|p1a: Delphox|Heat Wave|p2b: Sneasler|[spread] \n|-activate|p2a: Aerodactyl|move: Wide Guard\n|-activate|p2b: Sneasler|move: Wide Guard\n|move|p1b: Garchomp|Earthquake|p2b: Sneasler|[spread] \n|-activate|p2a: Aerodactyl|move: Wide Guard\n|-activate|p2b: Sneasler|move: Wide Guard\n|-immune|p1a: Delphox|[from] ability: Levitate\n|\n|upkeep\n|turn|3\n|inactive|guilllotine has 30 seconds left.\n|\n|t:|1775944120\n|move|p1a: Delphox|Protect|p1a: Delphox\n|-singleturn|p1a: Delphox|Protect\n|move|p2a: Aerodactyl|Rock Slide|p1b: Garchomp|[spread] p1b\n|-activate|p1a: Delphox|move: Protect\n|-resisted|p1b: Garchomp|1\n|-damage|p1b: Garchomp|72/100\n|move|p2b: Sneasler|Close Combat|p1b: Garchomp\n|-damage|p1b: Garchomp|9/100\n|-unboost|p2b: Sneasler|def|1\n|-unboost|p2b: Sneasler|spd|1\n|-damage|p2b: Sneasler|76/100|[from] ability: Rough Skin|[of] p1b: Garchomp\n|-enditem|p2b: Sneasler|White Herb\n|-clearnegativeboost|p2b: Sneasler|[silent]\n|cant|p1b: Garchomp|flinch\n|\n|upkeep\n|turn|4\n|inactive|guilllotine has 30 seconds left.\n|inactive|4ooty has 30 seconds left.\n|inactive|guilllotine has 20 seconds left.\n|inactive|guilllotine has 15 seconds left.\n|inactive|4ooty has 20 seconds left.\n|inactive|guilllotine has 10 seconds left.\n|inactive|4ooty has 15 seconds left.\n|inactive|guilllotine has 5 seconds left.\n|inactive|4ooty has 10 seconds left.\n|\n|t:|1775944173\n|switch|p1a: Clefable|Clefable, L50, M|100/100\n|move|p2b: Sneasler|Dire Claw|p1a: Clefable\n|-supereffective|p1a: Clefable|1\n|-damage|p1a: Clefable|12/100\n|move|p2a: Aerodactyl|Rock Slide|p1a: Clefable|[spread] p1a,p1b\n|-resisted|p1b: Garchomp|1\n|-crit|p1b: Garchomp\n|-damage|p1a: Clefable|0 fnt\n|-damage|p1b: Garchomp|0 fnt\n|faint|p1a: Clefable\n|faint|p1b: Garchomp\n|\n|-sideend|p2: 4ooty|move: Tailwind\n|upkeep\n|\n|t:|1775944185\n|switch|p1b: Delphox|Delphox-Mega, L50, F|29/100\n|switch|p1a: Rotom|Rotom-Wash, L50|100/100\n|turn|5\n|\n|t:|1775944208\n|move|p2a: Aerodactyl|Wide Guard|p2a: Aerodactyl\n|-singleturn|p2a: Aerodactyl|Wide Guard\n|move|p2b: Sneasler|Dire Claw|p1a: Rotom\n|-damage|p1a: Rotom|36/100\n|-status|p1a: Rotom|slp\n|cant|p1a: Rotom|slp\n|move|p1b: Delphox|Psychic|p2b: Sneasler\n|-supereffective|p2b: Sneasler|2\n|-damage|p2b: Sneasler|0 fnt\n|faint|p2b: Sneasler\n|\n|upkeep\n|\n|t:|1775944228\n|switch|p2b: Floette|Floette-Eternal, L50, F|100/100\n|turn|6\n|\n|t:|1775944244\n|detailschange|p2b: Floette|Floette-Mega, L50, F\n|-mega|p2b: Floette|Floette|Floettite\n|-ability|p2b: Floette|Fairy Aura\n|cant|p1a: Rotom|slp\n|move|p2a: Aerodactyl|Tailwind|p2a: Aerodactyl\n|-sidestart|p2: 4ooty|move: Tailwind\n|move|p2b: Floette|Dazzling Gleam|p1b: Delphox|[spread] p1a,p1b\n|-resisted|p1b: Delphox|1\n|-damage|p1a: Rotom|0 fnt\n|-damage|p1b: Delphox|9/100\n|faint|p1a: Rotom\n|move|p1b: Delphox|Heat Wave|p2b: Floette|[spread] p2a,p2b\n|-resisted|p2a: Aerodactyl|1\n|-crit|p2a: Aerodactyl\n|-damage|p2a: Aerodactyl|0 fnt\n|-damage|p2b: Floette|67/100\n|faint|p2a: Aerodactyl\n|\n|upkeep\n|\n|t:|1775944258\n|switch|p2a: Ninetales|Ninetales-Alola, L50, M, shiny|100/100\n|-weather|Snowscape|[from] ability: Snow Warning|[of] p2a: Ninetales\n|turn|7\n|\n|t:|1775944263\n|move|p2a: Ninetales|Blizzard|p1b: Delphox\n|-resisted|p1b: Delphox|1\n|-damage|p1b: Delphox|0 fnt\n|faint|p1b: Delphox\n|\n|win|4ooty\n|raw|guilllotine's rating: 1082 &rarr; <strong>1060</strong><br />(-22 for losing)\n|raw|4ooty's rating: 1092 &rarr; <strong>1117</strong><br />(+25 for winning)\n|l|\u2606guilllotine\n|player|p1|\n",
  "uploadtime": 1775944271,
  "views": 10,
  "formatid": "gen9championsvgc2026regma",
  "rating": 1060,
  "private": 0,
  "password": null
}