{
  "id": "gen9championsvgc2026regma-2583229343",
  "format": "[Gen 9 Champions] VGC 2026 Reg M-A",
  "players": [
    "zaxa",
    "henitusec"
  ],
  "log": "|j|\u203dzaxa\n|j|\u2606henitusec\n|t:|1776157210\n|gametype|doubles\n|player|p1|zaxa|cynthia|1075\n|player|p2|henitusec|volo|1169\n|gen|9\n|tier|[Gen 9 Champions] VGC 2026 Reg M-A\n|rated|\n|rule|Species Clause: Limit one of each Pok\u00e9mon\n|rule|Item Clause: Limit 1 of each item\n|clearpoke\n|poke|p1|Incineroar, L50, F|\n|poke|p1|Feraligatr, L50, F|\n|poke|p1|Pelipper, L50, M|\n|poke|p1|Basculegion, L50, M|\n|poke|p1|Starmie, L50|\n|poke|p1|Sneasler, L50, F|\n|poke|p2|Gardevoir, L50, F|\n|poke|p2|Aegislash, L50, M|\n|poke|p2|Incineroar, L50, M|\n|poke|p2|Vivillon-Polar, L50, M|\n|poke|p2|Hydreigon, L50, M|\n|poke|p2|Tauros-Paldea-Aqua, L50, M|\n|teampreview|4\n|inactive|Battle timer is ON: inactive players will automatically lose when time's up. (requested by henitusec)\n|\n|t:|1776157223\n|teamsize|p1|4\n|teamsize|p2|4\n|start\n|switch|p1a: Starmie|Starmie, L50|100/100\n|switch|p1b: Sneasler|Sneasler, L50, F|100/100\n|switch|p2a: Incineroar|Incineroar, L50, M|100/100\n|switch|p2b: Tauros|Tauros-Paldea-Aqua, L50, M|100/100\n|-ability|p2b: Tauros|Intimidate|boost\n|-unboost|p1a: Starmie|atk|1\n|-unboost|p1b: Sneasler|atk|1\n|-ability|p2a: Incineroar|Intimidate|boost\n|-unboost|p1a: Starmie|atk|1\n|-unboost|p1b: Sneasler|atk|1\n|turn|1\n|\n|t:|1776157246\n|switch|p1a: Basculegion|Basculegion, L50, M|100/100\n|move|p1b: Sneasler|Fake Out|p2b: Tauros\n|-damage|p2b: Tauros|93/100\n|-status|p2b: Tauros|psn|[from] ability: Poison Touch|[of] p1b: Sneasler\n|move|p2a: Incineroar|Fake Out|p1a: Basculegion\n|-immune|p1a: Basculegion\n|cant|p2b: Tauros|flinch\n|\n|-damage|p2b: Tauros|81/100 psn|[from] psn\n|upkeep\n|turn|2\n|inactive|zaxa has 30 seconds left.\n|inactive|zaxa has 20 seconds left.\n|\n|t:|1776157284\n|switch|p1b: Pelipper|Pelipper, L50, M|100/100\n|-weather|RainDance|[from] ability: Drizzle|[of] p1b: Pelipper\n|move|p1a: Basculegion|Crunch|p2a: Incineroar\n|-resisted|p2a: Incineroar|1\n|-damage|p2a: Incineroar|90/100\n|move|p2b: Tauros|Wave Crash|p1b: Pelipper\n|-resisted|p1b: Pelipper|1\n|-damage|p1b: Pelipper|38/100\n|-damage|p2b: Tauros|65/100 psn|[from] Recoil\n|move|p2a: Incineroar|Flare Blitz|p1b: Pelipper\n|-resisted|p1b: Pelipper|1\n|-damage|p1b: Pelipper|22/100\n|-damage|p2a: Incineroar|86/100|[from] Recoil\n|\n|-weather|RainDance|[upkeep]\n|-damage|p2b: Tauros|53/100 psn|[from] psn\n|upkeep\n|turn|3\n|\n|t:|1776157309\n|switch|p1a: Starmie|Starmie, L50|100/100\n|move|p1b: Pelipper|Protect|p1b: Pelipper\n|-singleturn|p1b: Pelipper|Protect\n|move|p2b: Tauros|Wave Crash|p1b: Pelipper\n|-activate|p1b: Pelipper|move: Protect\n|move|p2a: Incineroar|Parting Shot|p1a: Starmie\n|-unboost|p1a: Starmie|atk|1\n|-unboost|p1a: Starmie|spa|1\n|\n|t:|1776157322\n|switch|p2a: Gardevoir|Gardevoir, L50, F, shiny|100/100|[from] Parting Shot\n|-ability|p2a: Gardevoir|Drizzle|Trace|[from] ability: Trace|[of] p1b: Pelipper\n|\n|-weather|RainDance|[upkeep]\n|-damage|p2b: Tauros|41/100 psn|[from] psn\n|upkeep\n|turn|4\n|inactive|henitusec has 30 seconds left.\n|inactive|henitusec has 20 seconds left.\n|\n|t:|1776157357\n|switch|p1b: Basculegion|Basculegion, L50, M|100/100\n|detailschange|p1a: Starmie|Starmie-Mega, L50\n|-mega|p1a: Starmie|Starmie|Starminite\n|detailschange|p2a: Gardevoir|Gardevoir-Mega, L50, F, shiny\n|-mega|p2a: Gardevoir|Gardevoir|Gardevoirite\n|move|p1a: Starmie|Liquidation|p2a: Gardevoir\n|-damage|p2a: Gardevoir|13/100\n|move|p2a: Gardevoir|Psychic|p1a: Starmie\n|-resisted|p1a: Starmie|1\n|-crit|p1a: Starmie\n|-damage|p1a: Starmie|52/100\n|move|p2b: Tauros|Wave Crash|p1b: Basculegion\n|-resisted|p1b: Basculegion|1\n|-damage|p1b: Basculegion|29/100\n|-damage|p2b: Tauros|15/100 psn|[from] Recoil\n|\n|-weather|RainDance|[upkeep]\n|-damage|p2b: Tauros|3/100 psn|[from] psn\n|upkeep\n|turn|5\n|inactive|zaxa has 30 seconds left.\n|\n|t:|1776157391\n|move|p1b: Basculegion|Aqua Jet|p2a: Gardevoir\n|-damage|p2a: Gardevoir|0 fnt\n|faint|p2a: Gardevoir\n|move|p2b: Tauros|Aqua Jet|p1b: Basculegion\n|-resisted|p1b: Basculegion|1\n|-damage|p1b: Basculegion|4/100\n|move|p1a: Starmie|Zen Headbutt|p2b: Tauros\n|-supereffective|p2b: Tauros|1\n|-damage|p2b: Tauros|0 fnt\n|faint|p2b: Tauros\n|\n|-weather|RainDance|[upkeep]\n|upkeep\n|\n|t:|1776157400\n|switch|p2a: Incineroar|Incineroar, L50, M|86/100\n|switch|p2b: Aegislash|Aegislash, L50, M|100/100\n|-ability|p2a: Incineroar|Intimidate|boost\n|-unboost|p1a: Starmie|atk|1\n|-unboost|p1b: Basculegion|atk|1\n|turn|6\n|\n|t:|1776157416\n|switch|p1a: Sneasler|Sneasler, L50, F|100/100\n|move|p2a: Incineroar|Fake Out|p1a: Sneasler\n|-damage|p1a: Sneasler|81/100\n|move|p1b: Basculegion|Aqua Jet|p2a: Incineroar\n|-supereffective|p2a: Incineroar|1\n|-crit|p2a: Incineroar\n|-damage|p2a: Incineroar|0 fnt\n|faint|p2a: Incineroar\n|-formechange|p2b: Aegislash|Aegislash-Blade|\n|move|p2b: Aegislash|Shadow Sneak|p1b: Basculegion\n|-supereffective|p1b: Basculegion|1\n|-damage|p1b: Basculegion|0 fnt\n|faint|p1b: Basculegion\n|\n|-weather|none\n|upkeep\n|\n|t:|1776157439\n|switch|p1b: Starmie|Starmie-Mega, L50|52/100\n|turn|7\n|\n|t:|1776157456\n|-formechange|p2b: Aegislash|Aegislash|\n|move|p2b: Aegislash|King's Shield|p2b: Aegislash\n|-singleturn|p2b: Aegislash|Protect\n|move|p1b: Starmie|Liquidation|p2b: Aegislash\n|-activate|p2b: Aegislash|move: Protect\n|-unboost|p1b: Starmie|atk|1\n|move|p1a: Sneasler|Rock Slide|p2b: Aegislash\n|-activate|p2b: Aegislash|move: Protect\n|\n|upkeep\n|turn|8\n|\n|t:|1776157474\n|-formechange|p2b: Aegislash|Aegislash-Blade|\n|move|p2b: Aegislash|Shadow Sneak|p1b: Starmie\n|-supereffective|p1b: Starmie|1\n|-damage|p1b: Starmie|0 fnt\n|faint|p1b: Starmie\n|move|p1a: Sneasler|Rock Slide|p2b: Aegislash|[miss]\n|-miss|p1a: Sneasler|p2b: Aegislash\n|\n|upkeep\n|\n|t:|1776157480\n|switch|p1b: Pelipper|Pelipper, L50, M|22/100\n|-weather|RainDance|[from] ability: Drizzle|[of] p1b: Pelipper\n|turn|9\n|\n|t:|1776157487\n|-formechange|p2b: Aegislash|Aegislash|\n|move|p2b: Aegislash|King's Shield|p2b: Aegislash\n|-singleturn|p2b: Aegislash|Protect\n|move|p1a: Sneasler|Rock Slide|p2b: Aegislash\n|-activate|p2b: Aegislash|move: Protect\n|move|p1b: Pelipper|Weather Ball|p2b: Aegislash\n|-activate|p2b: Aegislash|move: Protect\n|\n|-weather|RainDance|[upkeep]\n|upkeep\n|turn|10\n|\n|t:|1776157497\n|-formechange|p2b: Aegislash|Aegislash-Blade|\n|move|p2b: Aegislash|Shadow Sneak|p1b: Pelipper\n|-crit|p1b: Pelipper\n|-damage|p1b: Pelipper|0 fnt\n|faint|p1b: Pelipper\n|move|p1a: Sneasler|Rock Slide|p2b: Aegislash\n|-resisted|p2b: Aegislash|1\n|-damage|p2b: Aegislash|74/100\n|\n|-weather|RainDance|[upkeep]\n|upkeep\n|turn|11\n|\n|t:|1776157511\n|move|p1a: Sneasler|Rock Slide|p2b: Aegislash\n|-resisted|p2b: Aegislash|1\n|-damage|p2b: Aegislash|47/100\n|move|p2b: Aegislash|Poltergeist|p1a: Sneasler\n|-activate|p1a: Sneasler|move: Poltergeist|Sitrus Berry\n|-damage|p1a: Sneasler|0 fnt\n|faint|p1a: Sneasler\n|\n|win|henitusec\n|raw|zaxa's rating: 1075 &rarr; <strong>1059</strong><br />(-16 for losing)\n|raw|henitusec's rating: 1169 &rarr; <strong>1187</strong><br />(+18 for winning)\n",
  "uploadtime": 1776157519,
  "views": 13,
  "formatid": "gen9championsvgc2026regma",
  "rating": 1059,
  "private": 0,
  "password": null
}