{
  "id": "gen9championsvgc2026regma-2588489487",
  "format": "[Gen 9 Champions] VGC 2026 Reg M-A",
  "players": [
    "thekirkwork",
    "2651klnik"
  ],
  "log": "|j|\u2606thekirkwork\n|j|\u26062651klnik\n|t:|1776638159\n|gametype|doubles\n|player|p1|thekirkwork|102|1040\n|player|p2|2651klnik|265|1023\n|gen|9\n|tier|[Gen 9 Champions] VGC 2026 Reg M-A\n|rated|\n|rule|Species Clause: Limit one of each Pok\u00e9mon\n|rule|Item Clause: Limit 1 of each item\n|clearpoke\n|poke|p1|Simisage, L50, F, shiny|\n|poke|p1|Alcremie, L50, F|\n|poke|p1|Sneasler, L50, F|\n|poke|p1|Incineroar, L50, M|\n|poke|p1|Venusaur, L50, F|\n|poke|p1|Beedrill, L50, M|\n|poke|p2|Araquanid, L50, F|\n|poke|p2|Banette, L50, F|\n|poke|p2|Umbreon, L50, M|\n|poke|p2|Venusaur, L50, M|\n|poke|p2|Vaporeon, L50, M|\n|poke|p2|Scovillain, L50, M|\n|teampreview|4\n|\n|t:|1776638177\n|teamsize|p1|4\n|teamsize|p2|4\n|start\n|switch|p1a: Jane Early|Simisage, L50, F, shiny|100/100\n|switch|p1b: Alcremie|Alcremie, L50, F|100/100\n|switch|p2a: Scovillain|Scovillain, L50, M|100/100\n|switch|p2b: Umbreon|Umbreon, L50, M|100/100\n|turn|1\n|inactive|Battle timer is ON: inactive players will automatically lose when time's up. (requested by 2651klnik)\n|\n|t:|1776638197\n|detailschange|p2a: Scovillain|Scovillain-Mega, L50, M\n|-mega|p2a: Scovillain|Scovillain|Scovillainite\n|move|p1a: Jane Early|Fake Out|p2b: Umbreon\n|-damage|p2b: Umbreon|95/100\n|move|p2a: Scovillain|Rage Powder|p2a: Scovillain\n|-singleturn|p2a: Scovillain|move: Rage Powder\n|move|p2b: Umbreon|Calm Mind|p2b: Umbreon\n|-boost|p2b: Umbreon|spa|1\n|-boost|p2b: Umbreon|spd|1\n|move|p1b: Alcremie|Attract|p2a: Scovillain\n|-start|p2a: Scovillain|Attract\n|\n|upkeep\n|turn|2\n|\n|t:|1776638219\n|switch|p1b: Incineroar|Incineroar, L50, M|100/100\n|-end|p2a: Scovillain|Attract|[silent]\n|-ability|p1b: Incineroar|Intimidate|boost\n|-unboost|p2a: Scovillain|atk|1\n|-fail|p2b: Umbreon|unboost|Attack|[from] ability: Inner Focus|[of] p2b: Umbreon\n|move|p2a: Scovillain|Rage Powder|p2a: Scovillain\n|-singleturn|p2a: Scovillain|move: Rage Powder\n|move|p1a: Jane Early|Leaf Storm|p2b: Umbreon\n|-damage|p2b: Umbreon|68/100\n|-unboost|p1a: Jane Early|spa|2\n|move|p2b: Umbreon|Focus Energy|p2b: Umbreon\n|-start|p2b: Umbreon|move: Focus Energy\n|\n|upkeep\n|turn|3\n|\n|t:|1776638241\n|move|p1b: Incineroar|Fake Out|p2b: Umbreon\n|-damage|p2b: Umbreon|61/100\n|move|p1a: Jane Early|Rock Slide|p2b: Umbreon|[spread] p2a,p2b\n|-supereffective|p2a: Scovillain|1\n|-damage|p2a: Scovillain|75/100\n|-damage|p2b: Umbreon|52/100\n|-status|p1a: Jane Early|brn|[from] ability: Spicy Spray|[of] p2a: Scovillain\n|move|p2a: Scovillain|Temper Flare|p1a: Jane Early\n|-supereffective|p1a: Jane Early|1\n|-damage|p1a: Jane Early|15/100 brn\n|move|p2b: Umbreon|Baton Pass|p2b: Umbreon\n|\n|t:|1776638253\n|switch|p2b: Araquanid|Araquanid, L50, F|100/100|[from] Baton Pass\n|\n|-damage|p1a: Jane Early|9/100 brn|[from] brn\n|upkeep\n|turn|4\n|\n|t:|1776638262\n|switch|p2a: Vaporeon|Vaporeon, L50, M|100/100\n|move|p1a: Jane Early|Rock Slide|p2b: Araquanid|[spread] p2a,p2b\n|-supereffective|p2b: Araquanid|1\n|-damage|p2a: Vaporeon|93/100\n|-damage|p2b: Araquanid|86/100\n|move|p1b: Incineroar|Parting Shot|p2b: Araquanid\n|-unboost|p2b: Araquanid|atk|1\n|-unboost|p2b: Araquanid|spa|1\n|\n|t:|1776638271\n|switch|p1b: Venusaur|Venusaur, L50, F|100/100|[from] Parting Shot\n|cant|p2b: Araquanid|flinch\n|\n|-damage|p1a: Jane Early|3/100 brn|[from] brn\n|upkeep\n|turn|5\n|\n|t:|1776638281\n|detailschange|p1b: Venusaur|Venusaur-Mega, L50, F\n|-mega|p1b: Venusaur|Venusaur|Venusaurite\n|move|p2a: Vaporeon|Helping Hand|p2b: Araquanid\n|-singleturn|p2b: Araquanid|Helping Hand|[of] p2a: Vaporeon\n|move|p1a: Jane Early|Rock Slide|p2b: Araquanid|[spread] p2a,p2b\n|-supereffective|p2b: Araquanid|1\n|-crit|p2b: Araquanid\n|-damage|p2a: Vaporeon|86/100\n|-damage|p2b: Araquanid|64/100\n|move|p1b: Venusaur|Leech Seed|p2a: Vaporeon\n|-start|p2a: Vaporeon|move: Leech Seed\n|move|p2b: Araquanid|Ice Beam|p1b: Venusaur\n|-supereffective|p1b: Venusaur|1\n|-crit|p1b: Venusaur\n|-damage|p1b: Venusaur|63/100\n|\n|-damage|p2a: Vaporeon|74/100|[from] Leech Seed|[of] p1b: Venusaur\n|-heal|p1b: Venusaur|79/100|[silent]\n|-damage|p1a: Jane Early|0 fnt|[from] brn\n|faint|p1a: Jane Early\n|upkeep\n|\n|t:|1776638297\n|switch|p1a: Alcremie|Alcremie, L50, F|100/100\n|turn|6\n|\n|t:|1776638304\n|switch|p2a: Scovillain|Scovillain-Mega, L50, M|75/100\n|move|p1b: Venusaur|Sleep Powder|p2b: Araquanid\n|-status|p2b: Araquanid|slp|[from] move: Sleep Powder\n|move|p1a: Alcremie|Decorate|p1b: Venusaur\n|-boost|p1b: Venusaur|atk|2\n|-boost|p1b: Venusaur|spa|2\n|cant|p2b: Araquanid|slp\n|\n|upkeep\n|turn|7\n|\n|t:|1776638329\n|move|p1b: Venusaur|Giga Drain|p2b: Araquanid\n|-damage|p2b: Araquanid|34/100 slp\n|-heal|p1b: Venusaur|93/100|[from] drain|[of] p2b: Araquanid\n|move|p2a: Scovillain|Leech Seed|p1a: Alcremie\n|-start|p1a: Alcremie|move: Leech Seed\n|move|p1a: Alcremie|Decorate|p1b: Venusaur\n|-boost|p1b: Venusaur|atk|2\n|-boost|p1b: Venusaur|spa|2\n|cant|p2b: Araquanid|slp\n|\n|-damage|p1a: Alcremie|89/100|[from] Leech Seed|[of] p2a: Scovillain\n|-heal|p2a: Scovillain|85/100|[silent]\n|upkeep\n|turn|8\n|-message|2651klnik forfeited.\n|\n|win|thekirkwork\n|raw|thekirkwork's rating: 1040 &rarr; <strong>1072</strong><br />(+32 for winning)\n|raw|2651klnik's rating: 1023 &rarr; <strong>1010</strong><br />(-13 for losing)\n|l|\u26062651klnik\n|player|p2|\n",
  "uploadtime": 1776638439,
  "views": 19,
  "formatid": "gen9championsvgc2026regma",
  "rating": 1010,
  "private": 0,
  "password": null
}