{
  "id": "gen9championsvgc2026regma-2581289485",
  "format": "[Gen 9 Champions] VGC 2026 Reg M-A",
  "players": [
    "silvermagicianvgc",
    "greeencross"
  ],
  "log": "|j|\u2606silvermagicianvgc\n|j|\u2606greeencross\n|t:|1775981933\n|gametype|doubles\n|player|p1|silvermagicianvgc|silver|1303\n|player|p2|greeencross|170|1368\n|gen|9\n|tier|[Gen 9 Champions] VGC 2026 Reg M-A\n|rated|\n|rule|Species Clause: Limit one of each Pok\u00e9mon\n|rule|Item Clause: Limit 1 of each item\n|clearpoke\n|poke|p1|Floette-Eternal, L50, F|\n|poke|p1|Garchomp, L50, F|\n|poke|p1|Aerodactyl, L50, M|\n|poke|p1|Incineroar, L50, M|\n|poke|p1|Milotic, L50, F|\n|poke|p1|Sinistcha, L50|\n|poke|p2|Tyranitar, L50, F|\n|poke|p2|Rotom-Wash, L50|\n|poke|p2|Garchomp, L50, F|\n|poke|p2|Aerodactyl, L50, M|\n|poke|p2|Sinistcha, L50|\n|poke|p2|Sneasler, L50, F|\n|teampreview|4\n|inactive|Battle timer is ON: inactive players will automatically lose when time's up. (requested by greeencross)\n|j| gE1xjZRtuhW2DdT0AK\n|inactive|silvermagicianvgc has 60 seconds left.\n|\n|t:|1775981981\n|teamsize|p1|4\n|teamsize|p2|4\n|start\n|switch|p1a: Garchomp|Garchomp, L50, F|100/100\n|switch|p1b: Sinistcha|Sinistcha, L50|100/100\n|switch|p2a: Rotom|Rotom-Wash, L50|100/100\n|switch|p2b: Garchomp|Garchomp, L50, F|100/100\n|turn|1\n|inactive|greeencross has 30 seconds left.\n|inactive|greeencross has 20 seconds left.\n|\n|t:|1775982020\n|move|p2b: Garchomp|Protect|p2b: Garchomp\n|-singleturn|p2b: Garchomp|Protect\n|move|p1b: Sinistcha|Rage Powder|p1b: Sinistcha\n|-singleturn|p1b: Sinistcha|move: Rage Powder\n|move|p1a: Garchomp|Dragon Claw|p2b: Garchomp\n|-activate|p2b: Garchomp|move: Protect\n|move|p2a: Rotom|Hydro Pump|p1b: Sinistcha\n|-resisted|p1b: Sinistcha|1\n|-damage|p1b: Sinistcha|75/100\n|\n|upkeep\n|turn|2\n|inactive|silvermagicianvgc has 30 seconds left.\n|inactive|greeencross has 30 seconds left.\n|\n|t:|1775982048\n|switch|p2b: Tyranitar|Tyranitar, L50, F|100/100\n|-weather|Sandstorm|[from] ability: Sand Stream|[of] p2b: Tyranitar\n|switch|p1b: Floette|Floette-Eternal, L50, F, shiny|100/100\n|move|p1a: Garchomp|Dragon Claw|p2b: Tyranitar\n|-damage|p2b: Tyranitar|64/100\n|move|p2a: Rotom|Hydro Pump|p1a: Garchomp\n|-damage|p1a: Garchomp|43/100\n|\n|-weather|Sandstorm|[upkeep]\n|-damage|p2a: Rotom|95/100|[from] Sandstorm\n|-damage|p1b: Floette|94/100|[from] Sandstorm\n|upkeep\n|turn|3\n|\n|t:|1775982072\n|detailschange|p1b: Floette|Floette-Mega, L50, F, shiny\n|-mega|p1b: Floette|Floette|Floettite\n|-ability|p1b: Floette|Fairy Aura\n|detailschange|p2b: Tyranitar|Tyranitar-Mega, L50, F\n|-mega|p2b: Tyranitar|Tyranitar|Tyranitarite\n|move|p1a: Garchomp|Dragon Claw|p2a: Rotom\n|-damage|p2a: Rotom|37/100\n|move|p2a: Rotom|Hydro Pump|p1a: Garchomp\n|-damage|p1a: Garchomp|0 fnt\n|faint|p1a: Garchomp\n|move|p1b: Floette|Dazzling Gleam|p2b: Tyranitar|[spread] p2a,p2b\n|-supereffective|p2b: Tyranitar|1\n|-damage|p2a: Rotom|0 fnt\n|-damage|p2b: Tyranitar|11/100\n|faint|p2a: Rotom\n|move|p2b: Tyranitar|Rock Slide|p1b: Floette\n|-damage|p1b: Floette|46/100\n|\n|-weather|Sandstorm|[upkeep]\n|-damage|p1b: Floette|40/100|[from] Sandstorm\n|upkeep\n|j| reallove85tw\n|inactive|greeencross has 30 seconds left.\n|\n|t:|1775982099\n|switch|p1a: Incineroar|Incineroar, L50, M|100/100\n|switch|p2a: Sneasler|Sneasler, L50, F|100/100\n|-ability|p1a: Incineroar|Intimidate|boost\n|-unboost|p2a: Sneasler|atk|1\n|-unboost|p2b: Tyranitar|atk|1\n|-enditem|p2a: Sneasler|White Herb\n|-clearnegativeboost|p2a: Sneasler|[silent]\n|turn|4\n|inactive|silvermagicianvgc has 30 seconds left.\n|\n|t:|1775982124\n|move|p1b: Floette|Protect|p1b: Floette\n|-singleturn|p1b: Floette|Protect\n|move|p2a: Sneasler|Fake Out|p1b: Floette\n|-activate|p1b: Floette|move: Protect\n|move|p2b: Tyranitar|Rock Slide|p1a: Incineroar|[spread] p1a\n|-activate|p1b: Floette|move: Protect\n|-supereffective|p1a: Incineroar|1\n|-damage|p1a: Incineroar|54/100\n|move|p1a: Incineroar|Flare Blitz|p2a: Sneasler\n|-damage|p2a: Sneasler|10/100\n|-damage|p1a: Incineroar|31/100|[from] Recoil\n|-enditem|p1a: Incineroar|Sitrus Berry|[eat]\n|-heal|p1a: Incineroar|56/100|[from] item: Sitrus Berry\n|\n|-weather|Sandstorm|[upkeep]\n|-damage|p2a: Sneasler|4/100|[from] Sandstorm\n|-damage|p1b: Floette|33/100|[from] Sandstorm\n|-damage|p1a: Incineroar|50/100|[from] Sandstorm\n|upkeep\n|turn|5\n|inactive|silvermagicianvgc has 30 seconds left.\n|inactive|greeencross has 30 seconds left.\n|inactive|silvermagicianvgc has 20 seconds left.\n|\n|t:|1775982161\n|switch|p1b: Sinistcha|Sinistcha, L50|75/100\n|-heal|p1a: Incineroar|75/100|[from] ability: Hospitality|[of] p1b: Sinistcha\n|move|p2a: Sneasler|Dire Claw|p1b: Sinistcha\n|-damage|p1b: Sinistcha|41/100\n|move|p2b: Tyranitar|Rock Slide|p1b: Sinistcha|[spread] p1a,p1b\n|-supereffective|p1a: Incineroar|1\n|-damage|p1a: Incineroar|30/100\n|-damage|p1b: Sinistcha|21/100\n|cant|p1a: Incineroar|flinch\n|\n|-weather|Sandstorm|[upkeep]\n|-damage|p2a: Sneasler|0 fnt|[from] Sandstorm\n|-damage|p1b: Sinistcha|15/100|[from] Sandstorm\n|-damage|p1a: Incineroar|24/100|[from] Sandstorm\n|faint|p2a: Sneasler\n|upkeep\n|\n|t:|1775982177\n|switch|p2a: Garchomp|Garchomp, L50, F|100/100\n|turn|6\n|inactive|silvermagicianvgc has 30 seconds left.\n|\n|t:|1775982202\n|move|p2b: Tyranitar|Protect|p2b: Tyranitar\n|-singleturn|p2b: Tyranitar|Protect\n|move|p2a: Garchomp|Earthquake|p1a: Incineroar|[spread] p1a,p1b\n|-activate|p2b: Tyranitar|move: Protect\n|-supereffective|p1a: Incineroar|1\n|-resisted|p1b: Sinistcha|1\n|-damage|p1a: Incineroar|0 fnt\n|-damage|p1b: Sinistcha|0 fnt\n|faint|p1a: Incineroar\n|faint|p1b: Sinistcha\n|\n|-weather|none\n|upkeep\n|\n|t:|1775982213\n|switch|p1b: Floette|Floette-Mega, L50, F, shiny|33/100\n|-ability|p1b: Floette|Fairy Aura\n|turn|7\n|\n|t:|1775982226\n|move|p2a: Garchomp|Poison Jab|p1b: Floette\n|-supereffective|p1b: Floette|1\n|-damage|p1b: Floette|0 fnt\n|faint|p1b: Floette\n|\n|win|greeencross\n|raw|silvermagicianvgc's rating: 1303 &rarr; <strong>1287</strong><br />(-16 for losing)\n|raw|greeencross's rating: 1368 &rarr; <strong>1384</strong><br />(+16 for winning)\n|l|\u2606greeencross\n|player|p2|\n|l|\u2606silvermagicianvgc\n|player|p1|\n",
  "uploadtime": 1775982239,
  "views": 22,
  "formatid": "gen9championsvgc2026regma",
  "rating": 1287,
  "private": 0,
  "password": null
}