{
  "id": "gen9championsvgc2026regma-2581242280",
  "format": "[Gen 9 Champions] VGC 2026 Reg M-A",
  "players": [
    "yedmon",
    "MyNameIsTomL"
  ],
  "log": "|j|\u2606yedmon\n|j|\u2606MyNameIsTomL\n|t:|1775975224\n|gametype|doubles\n|player|p1|yedmon|pokekid|1081\n|player|p2|MyNameIsTomL|101|1032\n|gen|9\n|tier|[Gen 9 Champions] VGC 2026 Reg M-A\n|rated|\n|rule|Species Clause: Limit one of each Pok\u00e9mon\n|rule|Item Clause: Limit 1 of each item\n|clearpoke\n|poke|p1|Corviknight, L50, M|\n|poke|p1|Incineroar, L50, M|\n|poke|p1|Excadrill, L50, M|\n|poke|p1|Tyranitar, L50, F|\n|poke|p1|Lucario, L50, F|\n|poke|p1|Maushold-Four, L50|\n|poke|p2|Gengar, L50, M|\n|poke|p2|Toxicroak, L50, F|\n|poke|p2|Politoed, L50, M|\n|poke|p2|Incineroar, L50, M|\n|poke|p2|Sinistcha, L50|\n|poke|p2|Meganium, L50, M|\n|teampreview|4\n|\n|t:|1775975250\n|teamsize|p1|4\n|teamsize|p2|4\n|start\n|switch|p1a: Incineroar|Incineroar, L50, M|100/100\n|switch|p1b: Maushold|Maushold-Four, L50|100/100\n|switch|p2a: Gengar|Gengar, L50, M|100/100\n|switch|p2b: Incineroar|Incineroar, L50, M|100/100\n|-ability|p2b: Incineroar|Intimidate|boost\n|-unboost|p1a: Incineroar|atk|1\n|-unboost|p1b: Maushold|atk|1\n|-ability|p1a: Incineroar|Intimidate|boost\n|-unboost|p2a: Gengar|atk|1\n|-unboost|p2b: Incineroar|atk|1\n|turn|1\n|\n|t:|1775975269\n|detailschange|p2a: Gengar|Gengar-Mega, L50, M\n|-mega|p2a: Gengar|Gengar|Gengarite\n|move|p2b: Incineroar|Fake Out|p1b: Maushold\n|-damage|p1b: Maushold|90/100\n|move|p2a: Gengar|Perish Song|p2a: Gengar\n|-start|p1a: Incineroar|perish3|[silent]\n|-start|p1b: Maushold|perish3|[silent]\n|-start|p2a: Gengar|perish3|[silent]\n|-start|p2b: Incineroar|perish3|[silent]\n|-fieldactivate|move: Perish Song\n|cant|p1b: Maushold|flinch\n|move|p1a: Incineroar|Parting Shot|p2a: Gengar\n|-unboost|p2a: Gengar|atk|1\n|-unboost|p2a: Gengar|spa|1\n|\n|t:|1775975282\n|switch|p1a: Lucario|Lucario, L50, F|100/100|[from] Parting Shot\n|\n|-heal|p1b: Maushold|96/100|[from] item: Leftovers\n|-start|p2a: Gengar|perish3\n|-start|p1b: Maushold|perish3\n|-start|p2b: Incineroar|perish3\n|upkeep\n|turn|2\n|\n|t:|1775975306\n|move|p2a: Gengar|Protect|p2a: Gengar\n|-singleturn|p2a: Gengar|Protect\n|move|p2b: Incineroar|Protect|p2b: Incineroar\n|-singleturn|p2b: Incineroar|Protect\n|move|p1b: Maushold|Beat Up|p1a: Lucario\n|-resisted|p1a: Lucario|1\n|-damage|p1a: Lucario|99/100\n|-ability|p1a: Lucario|Justified|boost\n|-boost|p1a: Lucario|atk|1\n|-resisted|p1a: Lucario|1\n|-damage|p1a: Lucario|99/100\n|-ability|p1a: Lucario|Justified|boost\n|-boost|p1a: Lucario|atk|1\n|-resisted|p1a: Lucario|1\n|-damage|p1a: Lucario|97/100\n|-ability|p1a: Lucario|Justified|boost\n|-boost|p1a: Lucario|atk|1\n|-resisted|p1a: Lucario|1\n|-damage|p1a: Lucario|96/100\n|-ability|p1a: Lucario|Justified|boost\n|-boost|p1a: Lucario|atk|1\n|-hitcount|p1a: Lucario|4\n|move|p1a: Lucario|Earthquake|p2b: Incineroar|[spread] p1b\n|-activate|p2a: Gengar|move: Protect\n|-activate|p2b: Incineroar|move: Protect\n|-damage|p1b: Maushold|0 fnt\n|faint|p1b: Maushold\n|\n|-start|p2a: Gengar|perish2\n|-start|p2b: Incineroar|perish2\n|upkeep\n|\n|t:|1775975341\n|switch|p1b: Tyranitar|Tyranitar, L50, F|100/100\n|-weather|Sandstorm|[from] ability: Sand Stream|[of] p1b: Tyranitar\n|turn|3\n|\n|t:|1775975358\n|detailschange|p1a: Lucario|Lucario-Mega, L50, F\n|-mega|p1a: Lucario|Lucario|Lucarionite\n|move|p1b: Tyranitar|Protect|p1b: Tyranitar\n|-singleturn|p1b: Tyranitar|Protect\n|move|p2a: Gengar|Disable|p1a: Lucario\n|-start|p1a: Lucario|Disable|Earthquake\n|cant|p1a: Lucario|Disable|Earthquake\n|move|p2b: Incineroar|Parting Shot|p1a: Lucario\n|-unboost|p1a: Lucario|atk|1\n|-unboost|p1a: Lucario|spa|1\n|\n|t:|1775975372\n|switch|p2b: Toxicroak|Toxicroak, L50, F|100/100|[from] Parting Shot\n|\n|-weather|Sandstorm|[upkeep]\n|-damage|p2a: Gengar|95/100|[from] Sandstorm\n|-damage|p2b: Toxicroak|95/100|[from] Sandstorm\n|-heal|p2b: Toxicroak|100/100|[from] item: Leftovers\n|-start|p2a: Gengar|perish1\n|upkeep\n|turn|4\n|\n|t:|1775975404\n|switch|p2a: Incineroar|Incineroar, L50, M|100/100\n|-ability|p2a: Incineroar|Intimidate|boost\n|-unboost|p1a: Lucario|atk|1\n|-unboost|p1b: Tyranitar|atk|1\n|move|p2b: Toxicroak|Fake Out|p1a: Lucario\n|-resisted|p1a: Lucario|1\n|-damage|p1a: Lucario|88/100\n|cant|p1a: Lucario|flinch\n|move|p1b: Tyranitar|Knock Off|p2a: Incineroar\n|-resisted|p2a: Incineroar|1\n|-damage|p2a: Incineroar|83/100\n|-enditem|p2a: Incineroar|Mental Herb|[from] move: Knock Off|[of] p1b: Tyranitar\n|\n|-weather|Sandstorm|[upkeep]\n|-damage|p2a: Incineroar|77/100|[from] Sandstorm\n|-damage|p2b: Toxicroak|95/100|[from] Sandstorm\n|-heal|p2b: Toxicroak|100/100|[from] item: Leftovers\n|upkeep\n|turn|5\n|\n|t:|1775975429\n|switch|p2b: Gengar|Gengar-Mega, L50, M|95/100\n|move|p2a: Incineroar|Fake Out|p1a: Lucario\n|-resisted|p1a: Lucario|1\n|-damage|p1a: Lucario|81/100\n|cant|p1a: Lucario|flinch\n|move|p1b: Tyranitar|Rock Slide|p2a: Incineroar|[spread] p2a,p2b\n|-supereffective|p2a: Incineroar|1\n|-damage|p2a: Incineroar|38/100\n|-damage|p2b: Gengar|65/100\n|\n|-weather|Sandstorm|[upkeep]\n|-damage|p2b: Gengar|59/100|[from] Sandstorm\n|-damage|p2a: Incineroar|32/100|[from] Sandstorm\n|upkeep\n|turn|6\n|\n|t:|1775975457\n|move|p1a: Lucario|Bullet Punch|p2b: Gengar\n|-damage|p2b: Gengar|0 fnt\n|faint|p2b: Gengar\n|move|p2a: Incineroar|Parting Shot|p1a: Lucario\n|-unboost|p1a: Lucario|atk|1\n|-unboost|p1a: Lucario|spa|1\n|\n|t:|1775975466\n|switch|p2a: Toxicroak|Toxicroak, L50, F|100/100|[from] Parting Shot\n|move|p1b: Tyranitar|Rock Slide|p2a: Toxicroak\n|-resisted|p2a: Toxicroak|1\n|-damage|p2a: Toxicroak|80/100\n|\n|-weather|Sandstorm|[upkeep]\n|-damage|p2a: Toxicroak|75/100|[from] Sandstorm\n|-heal|p2a: Toxicroak|80/100|[from] item: Leftovers\n|-end|p1a: Lucario|Disable\n|upkeep\n|\n|t:|1775975478\n|switch|p2b: Sinistcha|Sinistcha, L50|100/100\n|-heal|p2a: Toxicroak|100/100|[from] ability: Hospitality|[of] p2b: Sinistcha\n|turn|7\n|\n|t:|1775975501\n|switch|p2b: Incineroar|Incineroar, L50, M|32/100\n|-ability|p2b: Incineroar|Intimidate|boost\n|-unboost|p1a: Lucario|atk|1\n|-unboost|p1b: Tyranitar|atk|1\n|move|p2a: Toxicroak|Fake Out|p1a: Lucario\n|-resisted|p1a: Lucario|1\n|-damage|p1a: Lucario|73/100\n|cant|p1a: Lucario|flinch\n|move|p1b: Tyranitar|Knock Off|p2b: Incineroar\n|-resisted|p2b: Incineroar|1\n|-damage|p2b: Incineroar|23/100\n|\n|-weather|none\n|upkeep\n|turn|8\n|\n|t:|1775975531\n|move|p2b: Incineroar|Fake Out|p1a: Lucario\n|-resisted|p1a: Lucario|1\n|-damage|p1a: Lucario|67/100\n|cant|p1a: Lucario|flinch\n|move|p2a: Toxicroak|Encore|p1a: Lucario\n|-start|p1a: Lucario|Encore\n|move|p1b: Tyranitar|Rock Slide|p2b: Incineroar|[spread] p2a,p2b\n|-resisted|p2a: Toxicroak|1\n|-supereffective|p2b: Incineroar|1\n|-damage|p2a: Toxicroak|90/100\n|-damage|p2b: Incineroar|0 fnt\n|faint|p2b: Incineroar\n|\n|-heal|p2a: Toxicroak|96/100|[from] item: Leftovers\n|upkeep\n|\n|t:|1775975546\n|switch|p2b: Sinistcha|Sinistcha, L50|100/100\n|-heal|p2a: Toxicroak|100/100|[from] ability: Hospitality|[of] p2b: Sinistcha\n|turn|9\n|\n|t:|1775975561\n|move|p1a: Lucario|Bullet Punch|p2b: Sinistcha\n|-damage|p2b: Sinistcha|77/100\n|move|p2a: Toxicroak|Drain Punch|p1a: Lucario\n|-supereffective|p1a: Lucario|1\n|-damage|p1a: Lucario|0 fnt\n|faint|p1a: Lucario\n|move|p2b: Sinistcha|Matcha Gotcha|p1b: Tyranitar\n|-supereffective|p1b: Tyranitar|1\n|-damage|p1b: Tyranitar|42/100\n|-heal|p2b: Sinistcha|100/100|[from] drain|[of] p1b: Tyranitar\n|move|p1b: Tyranitar|Knock Off|p2b: Sinistcha\n|-supereffective|p2b: Sinistcha|1\n|-damage|p2b: Sinistcha|49/100\n|-enditem|p2b: Sinistcha|Sitrus Berry|[from] move: Knock Off|[of] p1b: Tyranitar\n|\n|upkeep\n|\n|t:|1775975578\n|switch|p1a: Incineroar|Incineroar, L50, M|100/100\n|-ability|p1a: Incineroar|Intimidate|boost\n|-unboost|p2a: Toxicroak|atk|1\n|-unboost|p2b: Sinistcha|atk|1\n|turn|10\n|\n|t:|1775975593\n|move|p1a: Incineroar|Fake Out|p2a: Toxicroak\n|-damage|p2a: Toxicroak|84/100\n|cant|p2a: Toxicroak|flinch\n|move|p2b: Sinistcha|Giga Drain|p1b: Tyranitar\n|-supereffective|p1b: Tyranitar|1\n|-damage|p1b: Tyranitar|0 fnt\n|-heal|p2b: Sinistcha|73/100|[from] drain|[of] p1b: Tyranitar\n|faint|p1b: Tyranitar\n|\n|-heal|p2a: Toxicroak|90/100|[from] item: Leftovers\n|upkeep\n|turn|11\n|-message|yedmon forfeited.\n|\n|win|MyNameIsTomL\n|raw|yedmon's rating: 1081 &rarr; <strong>1056</strong><br />(-25 for losing)\n|raw|MyNameIsTomL's rating: 1032 &rarr; <strong>1072</strong><br />(+40 for winning)\n|l|\u2606yedmon\n|player|p1|\n",
  "uploadtime": 1775975609,
  "views": 24,
  "formatid": "gen9championsvgc2026regma",
  "rating": 1056,
  "private": 0,
  "password": null
}