{
  "id": "gen9championsvgc2026regma-2580944546",
  "format": "[Gen 9 Champions] VGC 2026 Reg M-A",
  "players": [
    "amongdripgoku",
    "Salickitung"
  ],
  "log": "|j|\u2606amongdripgoku\n|j|\u2606Salickitung\n|t:|1775945498\n|gametype|doubles\n|player|p1|amongdripgoku|1|1017\n|player|p2|Salickitung|102|1105\n|gen|9\n|tier|[Gen 9 Champions] VGC 2026 Reg M-A\n|rated|\n|rule|Species Clause: Limit one of each Pok\u00e9mon\n|rule|Item Clause: Limit 1 of each item\n|clearpoke\n|poke|p1|Pelipper, L50, M|\n|poke|p1|Gengar, L50, M|\n|poke|p1|Greninja-*, L50, F|\n|poke|p1|Basculegion, L50, M|\n|poke|p1|Archaludon, L50, M|\n|poke|p1|Whimsicott, L50, F|\n|poke|p2|Charizard, L50, F|\n|poke|p2|Garchomp, L50, F|\n|poke|p2|Maushold, L50|\n|poke|p2|Incineroar, L50, F|\n|poke|p2|Sneasler, L50, M|\n|poke|p2|Whimsicott, L50, M|\n|teampreview|4\n|inactive|Battle timer is ON: inactive players will automatically lose when time's up. (requested by amongdripgoku)\n|\n|t:|1775945555\n|teamsize|p1|4\n|teamsize|p2|4\n|start\n|switch|p1a: Archaludon|Archaludon, L50, M|100/100\n|switch|p1b: Whimsicott|Whimsicott, L50, F|100/100\n|switch|p2a: Maushold|Maushold, L50|100/100\n|switch|p2b: Sneasler|Sneasler, L50, M|100/100\n|turn|1\n|inactive|Salickitung has 30 seconds left.\n|\n|t:|1775945580\n|move|p1a: Archaludon|Protect|p1a: Archaludon\n|-singleturn|p1a: Archaludon|Protect\n|move|p2a: Maushold|Follow Me|p2a: Maushold\n|-singleturn|p2a: Maushold|move: Follow Me\n|move|p1b: Whimsicott|Tailwind|p1b: Whimsicott\n|-sidestart|p1: amongdripgoku|move: Tailwind\n|move|p2b: Sneasler|Close Combat|p1a: Archaludon\n|-activate|p1a: Archaludon|move: Protect\n|\n|upkeep\n|turn|2\n|inactive|amongdripgoku has 30 seconds left.\n|inactive|Salickitung has 30 seconds left.\n|inactive|amongdripgoku has 20 seconds left.\n|inactive|amongdripgoku has 15 seconds left.\n|\n|t:|1775945624\n|switch|p1a: Pelipper|Pelipper, L50, M|100/100\n|-weather|RainDance|[from] ability: Drizzle|[of] p1a: Pelipper\n|move|p2a: Maushold|Follow Me|p2a: Maushold\n|-singleturn|p2a: Maushold|move: Follow Me\n|move|p1b: Whimsicott|Encore|p2a: Maushold\n|-start|p2a: Maushold|Encore\n|move|p2b: Sneasler|Close Combat|p1a: Pelipper\n|-resisted|p1a: Pelipper|1\n|-damage|p1a: Pelipper|61/100\n|-unboost|p2b: Sneasler|def|1\n|-unboost|p2b: Sneasler|spd|1\n|-enditem|p2b: Sneasler|White Herb\n|-clearnegativeboost|p2b: Sneasler|[silent]\n|\n|-weather|RainDance|[upkeep]\n|-heal|p1a: Pelipper|67/100|[from] item: Leftovers\n|upkeep\n|turn|3\n|\n|t:|1775945643\n|move|p2a: Maushold|Follow Me|p2a: Maushold\n|-singleturn|p2a: Maushold|move: Follow Me\n|move|p2b: Sneasler|Dire Claw|p1b: Whimsicott\n|-supereffective|p1b: Whimsicott|2\n|-enditem|p1b: Whimsicott|Focus Sash\n|-damage|p1b: Whimsicott|1/100\n|move|p1b: Whimsicott|Moonblast|p2a: Maushold\n|-damage|p2a: Maushold|63/100\n|-unboost|p2a: Maushold|spa|1\n|move|p1a: Pelipper|Hurricane|p2a: Maushold\n|-damage|p2a: Maushold|17/100\n|-start|p2a: Maushold|confusion\n|\n|-weather|RainDance|[upkeep]\n|-heal|p1a: Pelipper|73/100|[from] item: Leftovers\n|upkeep\n|turn|4\n|inactive|Salickitung has 30 seconds left.\n|inactive|amongdripgoku has 30 seconds left.\n|\n|t:|1775945688\n|move|p1b: Whimsicott|Protect|p1b: Whimsicott\n|-singleturn|p1b: Whimsicott|Protect\n|-activate|p2a: Maushold|confusion\n|-damage|p2a: Maushold|9/100|[from] confusion\n|move|p2b: Sneasler|Dire Claw|p1b: Whimsicott\n|-activate|p1b: Whimsicott|move: Protect\n|move|p1a: Pelipper|Weather Ball|p2a: Maushold\n|-damage|p2a: Maushold|0 fnt\n|faint|p2a: Maushold\n|\n|-weather|RainDance|[upkeep]\n|-heal|p1a: Pelipper|79/100|[from] item: Leftovers\n|-sideend|p1: amongdripgoku|move: Tailwind\n|upkeep\n|\n|t:|1775945692\n|switch|p2a: Charizard|Charizard, L50, F|100/100\n|turn|5\n|inactive|amongdripgoku has 30 seconds left.\n|\n|t:|1775945727\n|detailschange|p2a: Charizard|Charizard-Mega-Y, L50, F\n|-mega|p2a: Charizard|Charizard|Charizardite Y\n|-weather|SunnyDay|[from] ability: Drought|[of] p2a: Charizard\n|move|p2b: Sneasler|Protect|p2b: Sneasler\n|-singleturn|p2b: Sneasler|Protect\n|move|p1a: Pelipper|Protect|p1a: Pelipper\n|-singleturn|p1a: Pelipper|Protect\n|move|p1b: Whimsicott|Tailwind|p1b: Whimsicott\n|-sidestart|p1: amongdripgoku|move: Tailwind\n|move|p2a: Charizard|Heat Wave|p1a: Pelipper|[spread] p1b\n|-activate|p1a: Pelipper|move: Protect\n|-supereffective|p1b: Whimsicott|1\n|-damage|p1b: Whimsicott|0 fnt\n|faint|p1b: Whimsicott\n|\n|-weather|SunnyDay|[upkeep]\n|-heal|p1a: Pelipper|85/100|[from] item: Leftovers\n|upkeep\n|inactive|amongdripgoku has 30 seconds left.\n|\n|t:|1775945754\n|switch|p1b: Greninja|Greninja, L50, F|100/100\n|turn|6\n|inactive|Salickitung has 30 seconds left.\n|\n|t:|1775945782\n|switch|p1a: Archaludon|Archaludon, L50, M|100/100\n|detailschange|p1b: Greninja|Greninja-Mega, L50, F\n|-mega|p1b: Greninja|Greninja|Greninjite\n|move|p2a: Charizard|Protect|p2a: Charizard\n|-singleturn|p2a: Charizard|Protect\n|move|p1b: Greninja|Surf|p2b: Sneasler|[spread] p1a,p2b\n|-start|p1b: Greninja|typechange|Water|[from] ability: Protean\n|-activate|p2a: Charizard|move: Protect\n|-resisted|p1a: Archaludon|1\n|-damage|p1a: Archaludon|91/100\n|-damage|p2b: Sneasler|76/100\n|move|p2b: Sneasler|Close Combat|p1b: Greninja\n|-damage|p1b: Greninja|5/100\n|-unboost|p2b: Sneasler|def|1\n|-unboost|p2b: Sneasler|spd|1\n|\n|-weather|SunnyDay|[upkeep]\n|upkeep\n|turn|7\n|inactive|Salickitung has 30 seconds left.\n|inactive|Salickitung has 20 seconds left.\n|inactive|Salickitung has 15 seconds left.\n|\n|t:|1775945826\n|switch|p1b: Pelipper|Pelipper, L50, M|85/100\n|-weather|RainDance|[from] ability: Drizzle|[of] p1b: Pelipper\n|switch|p2a: Garchomp|Garchomp, L50, F|100/100\n|move|p2b: Sneasler|Close Combat|p1a: Archaludon\n|-supereffective|p1a: Archaludon|1\n|-damage|p1a: Archaludon|0 fnt\n|-unboost|p2b: Sneasler|def|1\n|-unboost|p2b: Sneasler|spd|1\n|faint|p1a: Archaludon\n|\n|-weather|RainDance|[upkeep]\n|-heal|p1b: Pelipper|91/100|[from] item: Leftovers\n|upkeep\n|\n|t:|1775945834\n|switch|p1a: Greninja|Greninja-Mega, L50, F|5/100\n|turn|8\n|\n|t:|1775945854\n|switch|p2b: Charizard|Charizard-Mega-Y, L50, F|100/100\n|-weather|SunnyDay|[from] ability: Drought|[of] p2b: Charizard\n|move|p1a: Greninja|Surf|p2a: Garchomp|[spread] p1b,p2a,p2b\n|-start|p1a: Greninja|typechange|Water|[from] ability: Protean\n|-resisted|p1b: Pelipper|1\n|-supereffective|p2b: Charizard|1\n|-damage|p1b: Pelipper|82/100\n|-damage|p2a: Garchomp|83/100\n|-damage|p2b: Charizard|69/100\n|move|p1b: Pelipper|Hurricane|p2a: Garchomp\n|-damage|p2a: Garchomp|47/100\n|move|p2a: Garchomp|Rock Slide|p1b: Pelipper|[spread] p1a,p1b\n|-supereffective|p1b: Pelipper|1\n|-damage|p1a: Greninja|0 fnt\n|-damage|p1b: Pelipper|45/100\n|faint|p1a: Greninja\n|\n|-weather|SunnyDay|[upkeep]\n|-heal|p1b: Pelipper|51/100|[from] item: Leftovers\n|-sideend|p1: amongdripgoku|move: Tailwind\n|upkeep\n|turn|9\n|-message|amongdripgoku forfeited.\n|\n|win|Salickitung\n|raw|amongdripgoku's rating: 1017 &rarr; <strong>1008</strong><br />(-9 for losing)\n|raw|Salickitung's rating: 1105 &rarr; <strong>1124</strong><br />(+19 for winning)\n",
  "uploadtime": 1775945870,
  "views": 13,
  "formatid": "gen9championsvgc2026regma",
  "rating": 1008,
  "private": 0,
  "password": null
}