{
  "id": "gen9championsvgc2026regma-2586594434",
  "format": "[Gen 9 Champions] VGC 2026 Reg M-A",
  "players": [
    "DrStrangeMcDuckVGC",
    "bbberna"
  ],
  "log": "|j|\u2606DrStrangeMcDuckVGC\n|j|\u2606bbberna\n|t:|1776445541\n|gametype|doubles\n|player|p1|DrStrangeMcDuckVGC|102|1000\n|player|p2|bbberna|170|1065\n|gen|9\n|tier|[Gen 9 Champions] VGC 2026 Reg M-A\n|rated|\n|rule|Species Clause: Limit one of each Pok\u00e9mon\n|rule|Item Clause: Limit 1 of each item\n|clearpoke\n|poke|p1|Gengar, L50, M|\n|poke|p1|Clefable, L50, F|\n|poke|p1|Incineroar, L50, F|\n|poke|p1|Politoed, L50, M|\n|poke|p1|Aerodactyl, L50, M|\n|poke|p1|Basculegion, L50, M|\n|poke|p2|Sableye, L50, F|\n|poke|p2|Charizard, L50, M|\n|poke|p2|Garchomp, L50, M|\n|poke|p2|Incineroar, L50, M|\n|poke|p2|Rotom-Wash, L50|\n|poke|p2|Venusaur, L50, F|\n|teampreview|4\nDrStrangeMcDuckVGC rejected open team sheets.\n|\n|t:|1776445571\n|teamsize|p1|4\n|teamsize|p2|4\n|start\n|switch|p1a: Gengar|Gengar, L50, M|100/100\n|switch|p1b: Clefable|Clefable, L50, F|100/100\n|switch|p2a: Sableye|Sableye, L50, F|100/100\n|switch|p2b: Venusaur|Venusaur, L50, F|100/100\n|turn|1\n|inactive|Battle timer is ON: inactive players will automatically lose when time's up. (requested by bbberna)\n|\n|t:|1776445596\n|detailschange|p1a: Gengar|Gengar-Mega, L50, M\n|-mega|p1a: Gengar|Gengar|Gengarite\n|move|p1b: Clefable|Follow Me|p1b: Clefable\n|-singleturn|p1b: Clefable|move: Follow Me\n|move|p2a: Sableye|Sunny Day|p2a: Sableye\n|-weather|SunnyDay\n|move|p2b: Venusaur|Sleep Powder|p1b: Clefable\n|-status|p1b: Clefable|slp|[from] move: Sleep Powder\n|move|p1a: Gengar|Perish Song|p1a: Gengar\n|-start|p1a: Gengar|perish3|[silent]\n|-start|p1b: Clefable|perish3|[silent]\n|-start|p2a: Sableye|perish3|[silent]\n|-start|p2b: Venusaur|perish3|[silent]\n|-fieldactivate|move: Perish Song\n|\n|-weather|SunnyDay|[upkeep]\n|-start|p2b: Venusaur|perish3\n|-start|p1a: Gengar|perish3\n|-start|p1b: Clefable|perish3\n|-start|p2a: Sableye|perish3\n|upkeep\n|turn|2\n|inactive|bbberna has 30 seconds left.\n|\n|t:|1776445626\n|move|p1a: Gengar|Protect|p1a: Gengar\n|-singleturn|p1a: Gengar|Protect\n|cant|p1b: Clefable|slp\n|move|p2a: Sableye|Encore|p1a: Gengar\n|-activate|p1a: Gengar|move: Protect\n|move|p2b: Venusaur|Sludge Bomb|p1b: Clefable\n|-supereffective|p1b: Clefable|1\n|-damage|p1b: Clefable|14/100 slp\n|-enditem|p1b: Clefable|Sitrus Berry|[eat]\n|-heal|p1b: Clefable|39/100 slp|[from] item: Sitrus Berry\n|\n|-weather|SunnyDay|[upkeep]\n|-start|p2b: Venusaur|perish2\n|-start|p1a: Gengar|perish2\n|-start|p1b: Clefable|perish2\n|-start|p2a: Sableye|perish2\n|upkeep\n|turn|3\n|inactive|DrStrangeMcDuckVGC has 30 seconds left.\n|inactive|bbberna has 30 seconds left.\n|\n|t:|1776445652\n|cant|p1b: Clefable|slp\n|move|p2a: Sableye|Encore|p1a: Gengar\n|-start|p1a: Gengar|Encore\n|move|p1a: Gengar|Protect||[still]\n|-fail|p1a: Gengar\n|move|p2b: Venusaur|Sludge Bomb|p1b: Clefable\n|-supereffective|p1b: Clefable|1\n|-damage|p1b: Clefable|0 fnt\n|faint|p1b: Clefable\n|\n|-weather|SunnyDay|[upkeep]\n|-start|p2b: Venusaur|perish1\n|-start|p1a: Gengar|perish1\n|-start|p2a: Sableye|perish1\n|upkeep\n|\n|t:|1776445660\n|switch|p1b: Politoed|Politoed, L50, M|100/100\n|-weather|RainDance|[from] ability: Drizzle|[of] p1b: Politoed\n|turn|4\n|inactive|bbberna has 30 seconds left.\n|inactive|bbberna has 20 seconds left.\n|\n|t:|1776445696\n|switch|p1a: Incineroar|Incineroar, L50, F|100/100\n|-ability|p1a: Incineroar|Intimidate|boost\n|-unboost|p2a: Sableye|atk|1\n|-unboost|p2b: Venusaur|atk|1\n|move|p2a: Sableye|Sunny Day|p2a: Sableye\n|-weather|SunnyDay\n|move|p2b: Venusaur|Energy Ball|p1b: Politoed\n|-supereffective|p1b: Politoed|1\n|-damage|p1b: Politoed|20/100\n|-unboost|p1b: Politoed|spd|1\n|move|p1b: Politoed|Weather Ball|p2a: Sableye\n|-damage|p2a: Sableye|63/100\n|\n|-weather|SunnyDay|[upkeep]\n|-heal|p1b: Politoed|26/100|[from] item: Leftovers\n|-start|p2b: Venusaur|perish0\n|-start|p2a: Sableye|perish0\n|upkeep\n|faint|p2b: Venusaur\n|faint|p2a: Sableye\n|\n|t:|1776445716\n|switch|p2b: Charizard|Charizard, L50, M|100/100\n|switch|p2a: Rotom|Rotom-Wash, L50|100/100\n|turn|5\n|inactive|DrStrangeMcDuckVGC has 30 seconds left.\n|\n|t:|1776445742\n|detailschange|p2b: Charizard|Charizard-Mega-Y, L50, M\n|-mega|p2b: Charizard|Charizard|Charizardite Y\n|move|p1a: Incineroar|Fake Out|p2b: Charizard\n|-damage|p2b: Charizard|84/100\n|cant|p2b: Charizard|flinch\n|move|p2a: Rotom|Electroweb|p1b: Politoed|[spread] p1a,p1b\n|-supereffective|p1b: Politoed|1\n|-damage|p1a: Incineroar|78/100\n|-damage|p1b: Politoed|0 fnt\n|-unboost|p1a: Incineroar|spe|1\n|faint|p1b: Politoed\n|\n|-weather|SunnyDay|[upkeep]\n|upkeep\n|\n|t:|1776445751\n|switch|p1b: Gengar|Gengar-Mega, L50, M|100/100\n|turn|6\n|inactive|DrStrangeMcDuckVGC has 30 seconds left.\n|\n|t:|1776445784\n|move|p1b: Gengar|Shadow Ball|p2b: Charizard\n|-damage|p2b: Charizard|38/100\n|move|p2b: Charizard|Heat Wave|p1b: Gengar|[spread] p1a,p1b\n|-resisted|p1a: Incineroar|1\n|-damage|p1a: Incineroar|48/100\n|-damage|p1b: Gengar|29/100\n|-status|p1b: Gengar|brn\n|move|p2a: Rotom|Hydro Pump|p1b: Gengar|[miss]\n|-miss|p2a: Rotom|p1b: Gengar\n|move|p1a: Incineroar|Throat Chop|p2b: Charizard\n|-damage|p2b: Charizard|0 fnt\n|faint|p2b: Charizard\n|\n|-weather|SunnyDay|[upkeep]\n|-damage|p1b: Gengar|23/100 brn|[from] brn\n|upkeep\n|turn|7\n|inactive|DrStrangeMcDuckVGC has 30 seconds left.\n|\n|t:|1776445816\n|move|p1b: Gengar|Protect|p1b: Gengar\n|-singleturn|p1b: Gengar|Protect\n|move|p2a: Rotom|Protect|p2a: Rotom\n|-singleturn|p2a: Rotom|Protect\n|move|p1a: Incineroar|Throat Chop|p2a: Rotom\n|-activate|p2a: Rotom|move: Protect\n|\n|-weather|SunnyDay|[upkeep]\n|-damage|p1b: Gengar|17/100 brn|[from] brn\n|upkeep\n|turn|8\n|\n|t:|1776445827\n|move|p1b: Gengar|Shadow Ball|p2a: Rotom\n|-damage|p2a: Rotom|55/100\n|move|p2a: Rotom|Electroweb|p1a: Incineroar|[spread] p1a,p1b\n|-damage|p1a: Incineroar|25/100\n|-damage|p1b: Gengar|0 fnt\n|-unboost|p1a: Incineroar|spe|1\n|faint|p1b: Gengar\n|move|p1a: Incineroar|Throat Chop|p2a: Rotom\n|-damage|p2a: Rotom|22/100\n|-start|p2a: Rotom|Throat Chop|[silent]\n|\n|-weather|none\n|upkeep\n|turn|9\n|\n|t:|1776445842\n|move|p2a: Rotom|Hydro Pump|p1a: Incineroar\n|-supereffective|p1a: Incineroar|1\n|-damage|p1a: Incineroar|0 fnt\n|faint|p1a: Incineroar\n|\n|win|bbberna\n|raw|DrStrangeMcDuckVGC's rating: 1000 &rarr; <strong>1000</strong><br />(+0 for losing)\n|raw|bbberna's rating: 1065 &rarr; <strong>1090</strong><br />(+25 for winning)\n|c|\u2606DrStrangeMcDuckVGC|gg\n|l|\u2606DrStrangeMcDuckVGC\n|player|p1|\n",
  "uploadtime": 1776445856,
  "views": 24,
  "formatid": "gen9championsvgc2026regma",
  "rating": 1000,
  "private": 0,
  "password": null
}