{
  "id": "gen9championsvgc2026regma-2581033901",
  "format": "[Gen 9 Champions] VGC 2026 Reg M-A",
  "players": [
    "yuriimon",
    "Daffarkfth"
  ],
  "log": "|j|\u2606yuriimon\n|j|\u2606Daffarkfth\n|t:|1775953647\n|gametype|doubles\n|player|p1|yuriimon|waitress-gen4|1084\n|player|p2|Daffarkfth|doubleteam|1151\n|gen|9\n|tier|[Gen 9 Champions] VGC 2026 Reg M-A\n|rated|\n|rule|Species Clause: Limit one of each Pok\u00e9mon\n|rule|Item Clause: Limit 1 of each item\n|clearpoke\n|poke|p1|Feraligatr, L50, M|\n|poke|p1|Gallade, L50, M|\n|poke|p1|Politoed, L50, M|\n|poke|p1|Raichu, L50, F|\n|poke|p1|Arcanine-Hisui, L50, F|\n|poke|p1|Clefable, L50, F|\n|poke|p2|Charizard, L50, M|\n|poke|p2|Venusaur, L50, F|\n|poke|p2|Garchomp, L50, M|\n|poke|p2|Rotom-Wash, L50|\n|poke|p2|Sneasler, L50, M|\n|poke|p2|Incineroar, L50, F|\n|teampreview|4\n|inactive|Battle timer is ON: inactive players will automatically lose when time's up. (requested by yuriimon)\n|inactive|Daffarkfth has 60 seconds left.\n|\n|t:|1775953693\n|teamsize|p1|4\n|teamsize|p2|4\n|start\n|switch|p1a: Raichu|Raichu, L50, F|100/100\n|switch|p1b: Gallade|Gallade, L50, M|100/100\n|switch|p2a: Charizard|Charizard, L50, M|100/100\n|switch|p2b: Venusaur|Venusaur, L50, F|100/100\n|turn|1\n|\n|t:|1775953709\n|move|p2a: Charizard|Protect|p2a: Charizard\n|-singleturn|p2a: Charizard|Protect\n|move|p2b: Venusaur|Protect|p2b: Venusaur\n|-singleturn|p2b: Venusaur|Protect\n|move|p1a: Raichu|Fake Out|p2b: Venusaur\n|-activate|p2b: Venusaur|move: Protect\n|move|p1b: Gallade|Trick Room|p1b: Gallade\n|-fieldstart|move: Trick Room|[of] p1b: Gallade\n|\n|upkeep\n|turn|2\n|\n|t:|1775953733\n|switch|p2a: Incineroar|Incineroar, L50, F|100/100\n|-ability|p2a: Incineroar|Intimidate|boost\n|-unboost|p1a: Raichu|atk|1\n|-unboost|p1b: Gallade|atk|1\n|move|p1b: Gallade|Psycho Cut|p2b: Venusaur\n|-supereffective|p2b: Venusaur|1\n|-damage|p2b: Venusaur|15/100\n|move|p2b: Venusaur|Sleep Powder|p1b: Gallade\n|-status|p1b: Gallade|slp|[from] move: Sleep Powder\n|move|p1a: Raichu|Volt Switch|p2a: Incineroar\n|-damage|p2a: Incineroar|78/100\n|\n|t:|1775953743\n|switch|p1a: Arcanine|Arcanine-Hisui, L50, F|100/100|[from] Volt Switch\n|\n|upkeep\n|turn|3\n|\n|t:|1775953763\n|move|p1a: Arcanine|Protect|p1a: Arcanine\n|-singleturn|p1a: Arcanine|Protect\n|move|p2a: Incineroar|Fake Out|p1a: Arcanine\n|-activate|p1a: Arcanine|move: Protect\n|cant|p1b: Gallade|slp\n|move|p2b: Venusaur|Sludge Bomb|p1b: Gallade\n|-damage|p1b: Gallade|63/100 slp\n|\n|upkeep\n|turn|4\n|inactive|Daffarkfth has 30 seconds left.\n|\n|t:|1775953789\n|move|p2b: Venusaur|Protect|p2b: Venusaur\n|-singleturn|p2b: Venusaur|Protect\n|move|p1a: Arcanine|Extreme Speed|p2b: Venusaur\n|-activate|p2b: Venusaur|move: Protect\n|move|p2a: Incineroar|Parting Shot|p1b: Gallade\n|-unboost|p1b: Gallade|atk|1\n|-unboost|p1b: Gallade|spa|1\n|\n|t:|1775953798\n|switch|p2a: Rotom|Rotom-Wash, L50|100/100|[from] Parting Shot\n|cant|p1b: Gallade|slp\n|\n|upkeep\n|turn|5\n|\n|t:|1775953813\n|switch|p1b: Clefable|Clefable, L50, F|100/100\n|switch|p2b: Incineroar|Incineroar, L50, F|78/100\n|-ability|p2b: Incineroar|Intimidate|boost\n|-unboost|p1a: Arcanine|atk|1\n|-unboost|p1b: Clefable|atk|1\n|-enditem|p1a: Arcanine|White Herb\n|-clearnegativeboost|p1a: Arcanine|[silent]\n|move|p2a: Rotom|Protect|p2a: Rotom\n|-singleturn|p2a: Rotom|Protect\n|move|p1a: Arcanine|Protect||[still]\n|-fail|p1a: Arcanine\n|\n|-fieldend|move: Trick Room\n|upkeep\n|turn|6\n|\n|t:|1775953836\n|switch|p1a: Raichu|Raichu, L50, F|100/100\n|move|p2b: Incineroar|Fake Out|p1b: Clefable\n|-damage|p1b: Clefable|86/100\n|cant|p1b: Clefable|flinch\n|move|p2a: Rotom|Hydro Pump|p1a: Raichu\n|-damage|p1a: Raichu|47/100\n|\n|upkeep\n|turn|7\n|\n|t:|1775953857\n|move|p1b: Clefable|Follow Me|p1b: Clefable\n|-singleturn|p1b: Clefable|move: Follow Me\n|move|p1a: Raichu|Volt Switch|p2a: Rotom\n|-damage|p2a: Rotom|75/100\n|\n|t:|1775953864\n|switch|p1a: Gallade|Gallade, L50, M|63/100 slp|[from] Volt Switch\n|move|p2a: Rotom|Hydro Pump|p1b: Clefable\n|-damage|p1b: Clefable|52/100\n|move|p2b: Incineroar|Parting Shot|p1b: Clefable\n|-unboost|p1b: Clefable|atk|1\n|-unboost|p1b: Clefable|spa|1\n|\n|t:|1775953875\n|switch|p2b: Venusaur|Venusaur, L50, F|15/100|[from] Parting Shot\n|\n|-heal|p2a: Rotom|81/100|[from] item: Leftovers\n|upkeep\n|turn|8\n|inactive|Daffarkfth has 30 seconds left.\n|\n|t:|1775953900\n|move|p1b: Clefable|Protect|p1b: Clefable\n|-singleturn|p1b: Clefable|Protect\n|move|p2b: Venusaur|Sludge Bomb|p1b: Clefable\n|-activate|p1b: Clefable|move: Protect\n|move|p2a: Rotom|Hydro Pump|p1a: Gallade\n|-damage|p1a: Gallade|26/100 slp\n|-curestatus|p1a: Gallade|slp|[msg]\n|move|p1a: Gallade|Trick Room|p1a: Gallade\n|-fieldstart|move: Trick Room|[of] p1a: Gallade\n|\n|-heal|p2a: Rotom|86/100|[from] item: Leftovers\n|upkeep\n|turn|9\n|inactive|yuriimon has 30 seconds left.\n|\n|t:|1775953930\n|switch|p2b: Incineroar|Incineroar, L50, F|78/100\n|-ability|p2b: Incineroar|Intimidate|boost\n|-unboost|p1a: Gallade|atk|1\n|-unboost|p1b: Clefable|atk|1\n|move|p1b: Clefable|Follow Me|p1b: Clefable\n|-singleturn|p1b: Clefable|move: Follow Me\n|move|p1a: Gallade|Psycho Cut|p2b: Incineroar\n|-immune|p2b: Incineroar\n|move|p2a: Rotom|Will-O-Wisp|p1b: Clefable\n|-status|p1b: Clefable|brn\n|\n|-heal|p2a: Rotom|92/100|[from] item: Leftovers\n|-damage|p1b: Clefable|46/100 brn|[from] brn\n|upkeep\n|-enditem|p1b: Clefable|Sitrus Berry|[eat]\n|-heal|p1b: Clefable|70/100 brn|[from] item: Sitrus Berry\n|turn|10\n|inactive|Daffarkfth has 30 seconds left.\n|\n|t:|1775953956\n|switch|p1a: Arcanine|Arcanine-Hisui, L50, F|100/100\n|move|p1b: Clefable|Protect|p1b: Clefable\n|-singleturn|p1b: Clefable|Protect\n|move|p2b: Incineroar|Fake Out|p1a: Arcanine\n|-resisted|p1a: Arcanine|1\n|-damage|p1a: Arcanine|91/100\n|move|p2a: Rotom|Hydro Pump|p1b: Clefable\n|-activate|p1b: Clefable|move: Protect\n|\n|-heal|p2a: Rotom|98/100|[from] item: Leftovers\n|-damage|p1b: Clefable|65/100 brn|[from] brn\n|upkeep\n|turn|11\n|\n|t:|1775953975\n|move|p1b: Clefable|Follow Me|p1b: Clefable\n|-singleturn|p1b: Clefable|move: Follow Me\n|move|p2b: Incineroar|Parting Shot|p1b: Clefable\n|-unboost|p1b: Clefable|atk|1\n|-unboost|p1b: Clefable|spa|1\n|\n|t:|1775953982\n|switch|p2b: Venusaur|Venusaur, L50, F|15/100|[from] Parting Shot\n|move|p2a: Rotom|Hydro Pump|p1b: Clefable\n|-damage|p1b: Clefable|31/100 brn\n|move|p1a: Arcanine|Head Smash|p2b: Venusaur\n|-damage|p2b: Venusaur|0 fnt\n|faint|p2b: Venusaur\n|\n|-heal|p2a: Rotom|100/100|[from] item: Leftovers\n|-damage|p1b: Clefable|25/100 brn|[from] brn\n|upkeep\n|\n|t:|1775953993\n|switch|p2b: Incineroar|Incineroar, L50, F|78/100\n|-ability|p2b: Incineroar|Intimidate|boost\n|-unboost|p1a: Arcanine|atk|1\n|-unboost|p1b: Clefable|atk|1\n|turn|12\n|\n|t:|1775954014\n|switch|p1b: Raichu|Raichu, L50, F|47/100\n|move|p1a: Arcanine|Protect|p1a: Arcanine\n|-singleturn|p1a: Arcanine|Protect\n|move|p2b: Incineroar|Fake Out|p1b: Raichu\n|-damage|p1b: Raichu|20/100\n|move|p2a: Rotom|Hydro Pump|p1a: Arcanine\n|-activate|p1a: Arcanine|move: Protect\n|\n|-fieldend|move: Trick Room\n|upkeep\n|turn|13\n|\n|t:|1775954031\n|move|p2a: Rotom|Protect|p2a: Rotom\n|-singleturn|p2a: Rotom|Protect\n|move|p1b: Raichu|Fake Out|p2a: Rotom\n|-activate|p2a: Rotom|move: Protect\n|move|p1a: Arcanine|Head Smash|p2b: Incineroar\n|-supereffective|p2b: Incineroar|1\n|-damage|p2b: Incineroar|0 fnt\n|faint|p2b: Incineroar\n|\n|upkeep\n|\n|t:|1775954041\n|switch|p2b: Charizard|Charizard, L50, M|100/100\n|turn|14\n|\n|t:|1775954053\n|detailschange|p2b: Charizard|Charizard-Mega-Y, L50, M\n|-mega|p2b: Charizard|Charizard|Charizardite Y\n|-weather|SunnyDay|[from] ability: Drought|[of] p2b: Charizard\n|move|p1a: Arcanine|Protect|p1a: Arcanine\n|-singleturn|p1a: Arcanine|Protect\n|move|p1b: Raichu|Volt Switch|p2a: Rotom\n|-damage|p2a: Rotom|78/100\n|\n|t:|1775954063\n|switch|p1b: Clefable|Clefable, L50, F|25/100 brn|[from] Volt Switch\n|move|p2b: Charizard|Heat Wave|p1a: Arcanine|[spread] p1b\n|-activate|p1a: Arcanine|move: Protect\n|-damage|p1b: Clefable|0 fnt\n|faint|p1b: Clefable\n|move|p2a: Rotom|Hydro Pump|p1a: Arcanine\n|-activate|p1a: Arcanine|move: Protect\n|\n|-weather|SunnyDay|[upkeep]\n|-heal|p2a: Rotom|83/100|[from] item: Leftovers\n|upkeep\n|\n|t:|1775954072\n|switch|p1b: Raichu|Raichu, L50, F|20/100\n|turn|15\n|\n|t:|1775954082\n|move|p2b: Charizard|Protect|p2b: Charizard\n|-singleturn|p2b: Charizard|Protect\n|move|p2a: Rotom|Protect|p2a: Rotom\n|-singleturn|p2a: Rotom|Protect\n|move|p1b: Raichu|Fake Out|p2a: Rotom\n|-activate|p2a: Rotom|move: Protect\n|move|p1a: Arcanine|Head Smash|p2b: Charizard\n|-activate|p2b: Charizard|move: Protect\n|\n|-weather|SunnyDay|[upkeep]\n|-heal|p2a: Rotom|89/100|[from] item: Leftovers\n|upkeep\n|turn|16\n|inactive|Daffarkfth has 30 seconds left.\n|\n|t:|1775954107\n|move|p1a: Arcanine|Protect|p1a: Arcanine\n|-singleturn|p1a: Arcanine|Protect\n|move|p1b: Raichu|Volt Switch|p2b: Charizard\n|-supereffective|p2b: Charizard|1\n|-damage|p2b: Charizard|49/100\n|\n|t:|1775954113\n|switch|p1b: Gallade|Gallade, L50, M|26/100|[from] Volt Switch\n|move|p2b: Charizard|Heat Wave|p1a: Arcanine|[spread] \n|-activate|p1a: Arcanine|move: Protect\n|-miss|p2b: Charizard|p1b: Gallade\n|move|p2a: Rotom|Hydro Pump|p1a: Arcanine\n|-activate|p1a: Arcanine|move: Protect\n|\n|-weather|SunnyDay|[upkeep]\n|-heal|p2a: Rotom|95/100|[from] item: Leftovers\n|upkeep\n|turn|17\n|\n|t:|1775954137\n|move|p1a: Arcanine|Protect||[still]\n|-fail|p1a: Arcanine\n|move|p2b: Charizard|Solar Beam||[still]\n|-prepare|p2b: Charizard|Solar Beam\n|-anim|p2b: Charizard|Solar Beam|p1a: Arcanine\n|-damage|p1a: Arcanine|35/100\n|move|p2a: Rotom|Thunderbolt|p1a: Arcanine\n|-damage|p1a: Arcanine|0 fnt\n|faint|p1a: Arcanine\n|move|p1b: Gallade|Sacred Sword|p2a: Rotom\n|-crit|p2a: Rotom\n|-damage|p2a: Rotom|0 fnt\n|faint|p2a: Rotom\n|\n|-weather|SunnyDay|[upkeep]\n|upkeep\n|\n|t:|1775954149\n|switch|p1a: Raichu|Raichu, L50, F|20/100\n|turn|18\n|\n|t:|1775954166\n|move|p2b: Charizard|Protect|p2b: Charizard\n|-singleturn|p2b: Charizard|Protect\n|move|p1a: Raichu|Fake Out|p2b: Charizard\n|-activate|p2b: Charizard|move: Protect\n|move|p1b: Gallade|Trick Room|p1b: Gallade\n|-fieldstart|move: Trick Room|[of] p1b: Gallade\n|\n|-weather|none\n|upkeep\n|turn|19\n|\n|t:|1775954176\n|move|p1b: Gallade|Psycho Cut|p2b: Charizard\n|-damage|p2b: Charizard|0 fnt\n|faint|p2b: Charizard\n|\n|win|yuriimon\n|raw|yuriimon's rating: 1084 &rarr; <strong>1117</strong><br />(+33 for winning)\n|raw|Daffarkfth's rating: 1151 &rarr; <strong>1121</strong><br />(-30 for losing)\n|c|\u2606yuriimon|gg\n|l|\u2606Daffarkfth\n|player|p2|\n",
  "uploadtime": 1775954187,
  "views": 17,
  "formatid": "gen9championsvgc2026regma",
  "rating": 1117,
  "private": 0,
  "password": null
}