{
  "id": "gen9championsvgc2026regma-2587423832",
  "format": "[Gen 9 Champions] VGC 2026 Reg M-A",
  "players": [
    "Unwelcome School",
    "JZ21"
  ],
  "log": "|j|\u2606Unwelcome School\n|j|\u2606JZ21\n|t:|1776530608\n|gametype|doubles\n|player|p1|Unwelcome School|emmet|1149\n|player|p2|JZ21|brendan-e|1150\n|gen|9\n|tier|[Gen 9 Champions] VGC 2026 Reg M-A\n|rated|\n|rule|Species Clause: Limit one of each Pok\u00e9mon\n|rule|Item Clause: Limit 1 of each item\n|clearpoke\n|poke|p1|Floette-Eternal, L50, F|\n|poke|p1|Incineroar, L50, M|\n|poke|p1|Snorlax, L50, F|\n|poke|p1|Basculegion, L50, M|\n|poke|p1|Ariados, L50, F|\n|poke|p1|Kommo-o, L50, F|\n|poke|p2|Froslass, L50, F, shiny|\n|poke|p2|Sneasler, L50, M, shiny|\n|poke|p2|Kingambit, L50, M, shiny|\n|poke|p2|Milotic, L50, F, shiny|\n|poke|p2|Aerodactyl, L50, M, shiny|\n|poke|p2|Sinistcha, L50, shiny|\n|teampreview|4\n|inactive|Battle timer is ON: inactive players will automatically lose when time's up. (requested by Unwelcome School)\n|inactive|Unwelcome School has 60 seconds left.\n|inactive|JZ21 has 60 seconds left.\n|inactive|Unwelcome School has 30 seconds left.\n|\n|t:|1776530673\n|teamsize|p1|4\n|teamsize|p2|4\n|start\n|switch|p1a: Kommo-o|Kommo-o, L50, F|100/100\n|switch|p1b: Ariados|Ariados, L50, F|100/100\n|switch|p2a: yesKing|Kingambit, L50, M, shiny|100/100\n|switch|p2b: Aeroduck|Aerodactyl, L50, M, shiny|100/100\n|-ability|p2b: Aeroduck|Unnerve\n|turn|1\n|inactive|JZ21 has 30 seconds left.\n|inactive|JZ21 has 20 seconds left.\n|inactive|JZ21 has 15 seconds left.\n|inactive|JZ21 has 10 seconds left.\n|inactive|JZ21 has 5 seconds left.\n|\n|t:|1776530725\n|move|p2a: yesKing|Protect|p2a: yesKing\n|-singleturn|p2a: yesKing|Protect\n|move|p2b: Aeroduck|Dual Wingbeat|p1a: Kommo-o\n|-supereffective|p1a: Kommo-o|1\n|-damage|p1a: Kommo-o|68/100\n|-supereffective|p1a: Kommo-o|1\n|-damage|p1a: Kommo-o|31/100\n|-hitcount|p1a: Kommo-o|2\n|move|p1a: Kommo-o|Aura Sphere|p2a: yesKing\n|-activate|p2a: yesKing|move: Protect\n|move|p1b: Ariados|Toxic Spikes|p2a: yesKing\n|-sidestart|p2: JZ21|move: Toxic Spikes\n|\n|-heal|p1a: Kommo-o|37/100|[from] item: Leftovers\n|upkeep\n|turn|2\n|inactive|JZ21 has 30 seconds left.\n|\n|t:|1776530759\n|move|p1b: Ariados|Rage Powder|p1b: Ariados\n|-singleturn|p1b: Ariados|move: Rage Powder\n|move|p2b: Aeroduck|Dual Wingbeat|p1b: Ariados|[miss]\n|-miss|p2b: Aeroduck|p1b: Ariados\n|move|p1a: Kommo-o|Aura Sphere|p2a: yesKing\n|-supereffective|p2a: yesKing|2\n|-enditem|p2a: yesKing|Chople Berry|[eat]\n|-enditem|p2a: yesKing|Chople Berry|[weaken]\n|-damage|p2a: yesKing|22/100\n|move|p2a: yesKing|Kowtow Cleave|p1b: Ariados\n|-damage|p1b: Ariados|53/100\n|\n|-heal|p1a: Kommo-o|43/100|[from] item: Leftovers\n|upkeep\n|turn|3\n|\n|t:|1776530781\n|move|p2a: yesKing|Protect|p2a: yesKing\n|-singleturn|p2a: yesKing|Protect\n|move|p1b: Ariados|Rage Powder|p1b: Ariados\n|-singleturn|p1b: Ariados|move: Rage Powder\n|move|p1a: Kommo-o|Vacuum Wave|p2a: yesKing\n|-activate|p2a: yesKing|move: Protect\n|move|p2b: Aeroduck|Dual Wingbeat|p1b: Ariados\n|-supereffective|p1b: Ariados|1\n|-damage|p1b: Ariados|15/100\n|-supereffective|p1b: Ariados|1\n|-damage|p1b: Ariados|0 fnt\n|faint|p1b: Ariados\n|-hitcount|p1: Ariados|2\n|\n|-heal|p1a: Kommo-o|49/100|[from] item: Leftovers\n|upkeep\n|\n|t:|1776530794\n|switch|p1b: Basculegion|Basculegion, L50, M|100/100\n|turn|4\n|\n|t:|1776530815\n|switch|p2a: BossbabyTape|Sneasler, L50, M, shiny|100/100\n|-sideend|p2: JZ21|move: Toxic Spikes|[of] p2a: BossbabyTape\n|move|p1b: Basculegion|Protect|p1b: Basculegion\n|-singleturn|p1b: Basculegion|Protect\n|move|p1a: Kommo-o|Vacuum Wave|p2a: BossbabyTape\n|-resisted|p2a: BossbabyTape|1\n|-damage|p2a: BossbabyTape|87/100\n|move|p2b: Aeroduck|Dual Wingbeat|p1a: Kommo-o\n|-supereffective|p1a: Kommo-o|1\n|-damage|p1a: Kommo-o|11/100\n|-supereffective|p1a: Kommo-o|1\n|-crit|p1a: Kommo-o\n|-damage|p1a: Kommo-o|0 fnt\n|faint|p1a: Kommo-o\n|-hitcount|p1: Kommo-o|2\n|\n|upkeep\n|\n|t:|1776530826\n|switch|p1a: Floette|Floette-Eternal, L50, F|100/100\n|turn|5\n|inactive|JZ21 has 30 seconds left.\n|inactive|JZ21 has 20 seconds left.\n|inactive|JZ21 has 15 seconds left.\n|\n|t:|1776530866\n|detailschange|p1a: Floette|Floette-Mega, L50, F\n|-mega|p1a: Floette|Floette|Floettite\n|-ability|p1a: Floette|Fairy Aura\n|move|p2a: BossbabyTape|Protect|p2a: BossbabyTape\n|-singleturn|p2a: BossbabyTape|Protect\n|move|p1a: Floette|Protect|p1a: Floette\n|-singleturn|p1a: Floette|Protect\n|move|p2b: Aeroduck|Tailwind|p2b: Aeroduck\n|-sidestart|p2: JZ21|move: Tailwind\n|move|p1b: Basculegion|Wave Crash|p2a: BossbabyTape\n|-activate|p2a: BossbabyTape|move: Protect\n|\n|upkeep\n|turn|6\n|c|\u2606Unwelcome School|gg\n|\n|t:|1776530891\n|move|p1a: Floette|Protect||[still]\n|-fail|p1a: Floette\n|move|p2b: Aeroduck|Rock Slide|p1b: Basculegion|[spread] p1a,p1b\n|-damage|p1a: Floette|70/100\n|-damage|p1b: Basculegion|68/100\n|move|p2a: BossbabyTape|Dire Claw|p1a: Floette\n|-supereffective|p1a: Floette|1\n|-damage|p1a: Floette|0 fnt\n|faint|p1a: Floette\n|move|p1b: Basculegion|Wave Crash|p2a: BossbabyTape\n|-damage|p2a: BossbabyTape|0 fnt\n|faint|p2a: BossbabyTape\n|-damage|p1b: Basculegion|46/100|[from] Recoil\n|\n|upkeep\n|-message|Unwelcome School forfeited.\n|\n|win|JZ21\n|raw|Unwelcome School's rating: 1149 &rarr; <strong>1124</strong><br />(-25 for losing)\n|raw|JZ21's rating: 1150 &rarr; <strong>1175</strong><br />(+25 for winning)\n|l|\u2606Unwelcome School\n|player|p1|\n",
  "uploadtime": 1776530907,
  "views": 16,
  "formatid": "gen9championsvgc2026regma",
  "rating": 1124,
  "private": 0,
  "password": null
}