{
  "id": "gen9championsvgc2026regma-2585558182",
  "format": "[Gen 9 Champions] VGC 2026 Reg M-A",
  "players": [
    "Mameon",
    "AAACompanyBtw"
  ],
  "log": "|j|\u2606Mameon\n|j|\u2606AAACompanyBtw\n|t:|1776355428\n|gametype|doubles\n|player|p1|Mameon|265|1241\n|player|p2|AAACompanyBtw|2|1216\n|gen|9\n|tier|[Gen 9 Champions] VGC 2026 Reg M-A\n|rated|\n|rule|Species Clause: Limit one of each Pok\u00e9mon\n|rule|Item Clause: Limit 1 of each item\n|clearpoke\n|poke|p1|Charizard, L50, F|\n|poke|p1|Kingambit, L50, F|\n|poke|p1|Incineroar, L50, M|\n|poke|p1|Aerodactyl, L50, M|\n|poke|p1|Floette-Eternal, L50, F|\n|poke|p1|Sneasler, L50, M|\n|poke|p2|Medicham, L50, F|\n|poke|p2|Empoleon, L50, F|\n|poke|p2|Aerodactyl, L50, M|\n|poke|p2|Tyranitar, L50, F|\n|poke|p2|Garchomp, L50, F|\n|poke|p2|Sinistcha, L50|\n|teampreview|4\n|inactive|Battle timer is ON: inactive players will automatically lose when time's up. (requested by AAACompanyBtw)\n|\n|t:|1776355458\n|teamsize|p1|4\n|teamsize|p2|4\n|start\n|switch|p1a: Aerodactyl|Aerodactyl, L50, M|100/100\n|switch|p1b: Floette|Floette-Eternal, L50, F|100/100\n|switch|p2a: Aerodactyl|Aerodactyl, L50, M|100/100\n|switch|p2b: Empoleon|Empoleon, L50, F|100/100\n|-ability|p1a: Aerodactyl|Unnerve\n|turn|1\n|inactive|Mameon has 30 seconds left.\n|\n|t:|1776355486\n|switch|p1b: Kingambit|Kingambit, L50, F|100/100\n|move|p1a: Aerodactyl|Protect|p1a: Aerodactyl\n|-singleturn|p1a: Aerodactyl|Protect\n|move|p2a: Aerodactyl|Tailwind|p2a: Aerodactyl\n|-sidestart|p2: AAACompanyBtw|move: Tailwind\n|move|p2b: Empoleon|Flash Cannon|p1b: Kingambit\n|-resisted|p1b: Kingambit|1\n|-damage|p1b: Kingambit|82/100\n|\n|upkeep\n|turn|2\n|\n|t:|1776355505\n|switch|p2a: Tyranitar|Tyranitar, L50, F|100/100\n|-weather|Sandstorm|[from] ability: Sand Stream|[of] p2a: Tyranitar\n|move|p1b: Kingambit|Sucker Punch|p2b: Empoleon\n|-damage|p2b: Empoleon|53/100\n|move|p1a: Aerodactyl|Tailwind|p1a: Aerodactyl\n|-sidestart|p1: Mameon|move: Tailwind\n|move|p2b: Empoleon|Water Pulse|p1a: Aerodactyl\n|-supereffective|p1a: Aerodactyl|1\n|-damage|p1a: Aerodactyl|47/100\n|\n|-weather|Sandstorm|[upkeep]\n|-heal|p2b: Empoleon|59/100|[from] item: Leftovers\n|upkeep\n|turn|3\n|\n|t:|1776355527\n|switch|p2b: Aerodactyl|Aerodactyl, L50, M|100/100\n|move|p1b: Kingambit|Sucker Punch||[still]\n|-fail|p1b: Kingambit\n|move|p1a: Aerodactyl|Rock Slide|p2a: Tyranitar|[spread] p2a,p2b\n|-supereffective|p2b: Aerodactyl|1\n|-damage|p2a: Tyranitar|82/100\n|-damage|p2b: Aerodactyl|24/100\n|move|p2a: Tyranitar|Low Kick|p1b: Kingambit\n|-supereffective|p1b: Kingambit|2\n|-damage|p1b: Kingambit|0 fnt\n|faint|p1b: Kingambit\n|\n|-weather|Sandstorm|[upkeep]\n|upkeep\n|\n|t:|1776355544\n|switch|p1b: Sneasler|Sneasler, L50, M|100/100\n|turn|4\n|\n|t:|1776355555\n|switch|p2b: Empoleon|Empoleon, L50, F|59/100\n|move|p2a: Tyranitar|Protect|p2a: Tyranitar\n|-singleturn|p2a: Tyranitar|Protect\n|move|p1a: Aerodactyl|Rock Slide|p2a: Tyranitar|[spread] p2b\n|-activate|p2a: Tyranitar|move: Protect\n|-resisted|p2b: Empoleon|1\n|-damage|p2b: Empoleon|46/100\n|move|p1b: Sneasler|Close Combat|p2a: Tyranitar\n|-activate|p2a: Tyranitar|move: Protect\n|\n|-weather|Sandstorm|[upkeep]\n|-damage|p1b: Sneasler|95/100|[from] Sandstorm\n|-heal|p2b: Empoleon|52/100|[from] item: Leftovers\n|-sideend|p2: AAACompanyBtw|move: Tailwind\n|upkeep\n|turn|5\n|\n|t:|1776355578\n|move|p1a: Aerodactyl|Rock Slide|p2a: Tyranitar|[spread] p2a\n|-miss|p1a: Aerodactyl|p2b: Empoleon\n|-damage|p2a: Tyranitar|61/100\n|move|p1b: Sneasler|Close Combat|p2b: Empoleon\n|-supereffective|p2b: Empoleon|1\n|-damage|p2b: Empoleon|0 fnt\n|-unboost|p1b: Sneasler|def|1\n|-unboost|p1b: Sneasler|spd|1\n|faint|p2b: Empoleon\n|-enditem|p1b: Sneasler|White Herb\n|-clearnegativeboost|p1b: Sneasler|[silent]\n|move|p2a: Tyranitar|Rock Slide|p1a: Aerodactyl|[spread] p1a,p1b\n|-supereffective|p1a: Aerodactyl|1\n|-resisted|p1b: Sneasler|1\n|-damage|p1a: Aerodactyl|0 fnt\n|-damage|p1b: Sneasler|66/100\n|faint|p1a: Aerodactyl\n|\n|-weather|Sandstorm|[upkeep]\n|-damage|p1b: Sneasler|60/100|[from] Sandstorm\n|-sideend|p1: Mameon|move: Tailwind\n|upkeep\n|\n|t:|1776355599\n|switch|p1a: Floette|Floette-Eternal, L50, F|100/100\n|switch|p2b: Medicham|Medicham, L50, F|100/100\n|turn|6\n|inactive|AAACompanyBtw has 30 seconds left.\n|\n|t:|1776355627\n|detailschange|p2b: Medicham|Medicham-Mega, L50, F\n|-mega|p2b: Medicham|Medicham|Medichamite\n|detailschange|p1a: Floette|Floette-Mega, L50, F\n|-mega|p1a: Floette|Floette|Floettite\n|-ability|p1a: Floette|Fairy Aura\n|move|p1b: Sneasler|Protect|p1b: Sneasler\n|-singleturn|p1b: Sneasler|Protect\n|move|p2b: Medicham|Psycho Cut|p1b: Sneasler\n|-activate|p1b: Sneasler|move: Protect\n|move|p1a: Floette|Dazzling Gleam|p2b: Medicham|[spread] p2a,p2b\n|-supereffective|p2a: Tyranitar|1\n|-supereffective|p2b: Medicham|1\n|-damage|p2a: Tyranitar|3/100\n|-damage|p2b: Medicham|0 fnt\n|faint|p2b: Medicham\n|move|p2a: Tyranitar|Rock Slide|p1a: Floette|[spread] p1a\n|-activate|p1b: Sneasler|move: Protect\n|-damage|p1a: Floette|66/100\n|\n|-weather|none\n|upkeep\n|\n|t:|1776355635\n|switch|p2b: Aerodactyl|Aerodactyl, L50, M|24/100\n|turn|7\n|-message|AAACompanyBtw forfeited.\n|\n|win|Mameon\n|raw|Mameon's rating: 1241 &rarr; <strong>1264</strong><br />(+23 for winning)\n|raw|AAACompanyBtw's rating: 1216 &rarr; <strong>1193</strong><br />(-23 for losing)\n|l|\u2606AAACompanyBtw\n|player|p2|\n",
  "uploadtime": 1776355650,
  "views": 42,
  "formatid": "gen9championsvgc2026regma",
  "rating": 1193,
  "private": 0,
  "password": null
}