{
  "id": "gen9championsvgc2026regma-2580583786",
  "format": "[Gen 9 Champions] VGC 2026 Reg M-A",
  "players": [
    "pits fiend",
    "FlygonkingVGC"
  ],
  "log": "|j|\u2606pits fiend\n|j|\u2606FlygonkingVGC\n|html|<table width=\"100%\"><tr><td align=\"left\">pits fiend</td><td align=\"right\">FlygonkingVGC</tr><tr><td align=\"left\"><i class=\"fa fa-circle-o\"></i> <i class=\"fa fa-circle-o\"></i> </td><td align=\"right\"><i class=\"fa fa-circle-o\"></i> <i class=\"fa fa-circle\"></i> </tr></table>\n|uhtml|bestof|<h2><strong>Game 2</strong> of <a href=\"/game-bestof3-gen9championsvgc2026regma-2580581423\">a best-of-3</a></h2>\n|t:|1775915329\n|gametype|doubles\n|player|p1|pits fiend|gwynn|\n|player|p2|FlygonkingVGC|pokemaniac|\n|gen|9\n|tier|[Gen 9 Champions] VGC 2026 Reg M-A\n|rated|Tournament battle\n|rule|Species Clause: Limit one of each Pok\u00e9mon\n|rule|Item Clause: Limit 1 of each item\n|raw|<div class=\"infobox\"><details class=\"readmore\" open><summary><strong>2 custom rules:</strong></summary> Force Open Team Sheets, Best of = 3</details></div>\n|clearpoke\n|poke|p1|Gardevoir, L50, M|\n|poke|p1|Garchomp, L50, F|\n|poke|p1|Rotom-Wash, L50|\n|poke|p1|Tsareena, L50, F|\n|poke|p1|Incineroar, L50, F|\n|poke|p1|Sneasler, L50, F|\n|poke|p2|Whimsicott, L50, F|\n|poke|p2|Delphox, L50, F|\n|poke|p2|Rotom-Wash, L50|\n|poke|p2|Mamoswine, L50, F|\n|poke|p2|Kingambit, L50, F|\n|poke|p2|Cofagrigus, L50, F|\n|teampreview|4\n|showteam|p1|Gardevoir||Gardevoirite|Trace|HyperVoice,Psyshock,Protect,TrickRoom|||M|||50|]Garchomp||SoftSand|SandVeil|Earthquake,DragonClaw,StompingTantrum,Protect|||F|||50|]Rotom-Wash||ChoiceScarf|Levitate|Electroweb,VoltSwitch,Thunderbolt,HydroPump||||||50|]Tsareena||OccaBerry|QueenlyMajesty|TropKick,TripleAxel,Protect,HelpingHand|||F|||50|]Incineroar||SitrusBerry|Intimidate|FakeOut,ThroatChop,PartingShot,FlareBlitz|||F|||50|]Sneasler||WhiteHerb|Unburden|CloseCombat,DireClaw,FakeOut,Protect|||F|||50|\n|showteam|p2|Whimsicott||FocusSash|Prankster|Moonblast,Tailwind,Encore,FakeTears|||F|||50|]Delphox||Delphoxite|Blaze|Flamethrower,HeatWave,Psychic,Protect|||F|||50|]Rotom-Wash||ChoiceScarf|Levitate|Thunderbolt,HydroPump,Trick,VoltSwitch||||||50|]Mamoswine||Leftovers|Oblivious|IceShard,Earthquake,IcicleCrash,Protect|||F|||50|]Kingambit||BlackGlasses|Defiant|IronHead,KowtowCleave,SuckerPunch,Protect|||F|||50|]Cofagrigus||ColburBerry|Mummy|Haze,WillOWisp,BodyPress,Protect|||F|||50|\n|j| GoogleDad\n|j| khungcanh\n|inactive|Battle timer is ON: inactive players will automatically lose when time's up. (requested by FlygonkingVGC)\n|j| Lacksatives\n|j| WishMkrLucy\n|j| chicagolocaltop16\n|\n|t:|1775915363\n|teamsize|p1|4\n|teamsize|p2|4\n|start\n|switch|p1a: Sneasler|Sneasler, L50, F|100/100\n|switch|p1b: Rotom|Rotom-Wash, L50|100/100\n|switch|p2a: Jesus lives|Whimsicott, L50, F|100/100\n|switch|p2b: Delphox|Delphox, L50, F|100/100\n|turn|1\n|inactive|pits fiend has 30 seconds left.\n|inactive|pits fiend has 20 seconds left.\n|\n|t:|1775915402\n|move|p2b: Delphox|Protect|p2b: Delphox\n|-singleturn|p2b: Delphox|Protect\n|move|p1a: Sneasler|Fake Out|p2b: Delphox\n|-activate|p2b: Delphox|move: Protect\n|move|p2a: Jesus lives|Tailwind|p2a: Jesus lives\n|-sidestart|p2: FlygonkingVGC|move: Tailwind\n|move|p1b: Rotom|Volt Switch|p2a: Jesus lives\n|-resisted|p2a: Jesus lives|1\n|-damage|p2a: Jesus lives|76/100\n|\n|t:|1775915410\n|switch|p1b: Incineroar|Incineroar, L50, F|100/100|[from] Volt Switch\n|-ability|p1b: Incineroar|Intimidate|boost\n|-unboost|p2a: Jesus lives|atk|1\n|-unboost|p2b: Delphox|atk|1\n|\n|upkeep\n|turn|2\n|j| mysticmarshtomp\n|\n|t:|1775915432\n|switch|p2a: Mamoswine|Mamoswine, L50, F|100/100\n|detailschange|p2b: Delphox|Delphox-Mega, L50, F\n|-mega|p2b: Delphox|Delphox|Delphoxite\n|move|p1b: Incineroar|Fake Out|p2b: Delphox\n|-damage|p2b: Delphox|84/100\n|cant|p2b: Delphox|flinch\n|move|p1a: Sneasler|Dire Claw|p2a: Mamoswine\n|-resisted|p2a: Mamoswine|1\n|-damage|p2a: Mamoswine|79/100\n|\n|-heal|p2a: Mamoswine|84/100|[from] item: Leftovers\n|upkeep\n|turn|3\n|j|@borghi\n|\n|t:|1775915456\n|move|p1a: Sneasler|Protect|p1a: Sneasler\n|-singleturn|p1a: Sneasler|Protect\n|move|p2b: Delphox|Heat Wave|p1b: Incineroar|[spread] p1b\n|-activate|p1a: Sneasler|move: Protect\n|-resisted|p1b: Incineroar|1\n|-damage|p1b: Incineroar|83/100\n|move|p2a: Mamoswine|Earthquake|p1a: Sneasler|[spread] p1b\n|-activate|p1a: Sneasler|move: Protect\n|-immune|p2b: Delphox|[from] ability: Levitate\n|-supereffective|p1b: Incineroar|1\n|-damage|p1b: Incineroar|14/100\n|-enditem|p1b: Incineroar|Sitrus Berry|[eat]\n|-heal|p1b: Incineroar|39/100|[from] item: Sitrus Berry\n|move|p1b: Incineroar|Throat Chop|p2b: Delphox\n|-supereffective|p2b: Delphox|1\n|-crit|p2b: Delphox\n|-damage|p2b: Delphox|0 fnt\n|faint|p2b: Delphox\n|\n|-heal|p2a: Mamoswine|90/100|[from] item: Leftovers\n|upkeep\n|\n|t:|1775915472\n|switch|p2b: Cofagrigus|Cofagrigus, L50, F|100/100\n|turn|4\n|inactive|pits fiend has 30 seconds left.\n|\n|t:|1775915497\n|switch|p1a: Rotom|Rotom-Wash, L50|100/100\n|move|p2b: Cofagrigus|Protect|p2b: Cofagrigus\n|-singleturn|p2b: Cofagrigus|Protect\n|move|p2a: Mamoswine|Earthquake|p1b: Incineroar|[spread] p1b\n|-activate|p2b: Cofagrigus|move: Protect\n|-immune|p1a: Rotom|[from] ability: Levitate\n|-supereffective|p1b: Incineroar|1\n|-damage|p1b: Incineroar|0 fnt\n|faint|p1b: Incineroar\n|\n|-heal|p2a: Mamoswine|96/100|[from] item: Leftovers\n|-sideend|p2: FlygonkingVGC|move: Tailwind\n|upkeep\n|\n|t:|1775915507\n|switch|p1b: Sneasler|Sneasler, L50, F|100/100\n|turn|5\n|l|@borghi\n|j| Bulaba\n|\n|t:|1775915523\n|move|p2a: Mamoswine|Protect|p2a: Mamoswine\n|-singleturn|p2a: Mamoswine|Protect\n|move|p1a: Rotom|Thunderbolt|p2b: Cofagrigus\n|-damage|p2b: Cofagrigus|63/100\n|move|p1b: Sneasler|Close Combat|p2a: Mamoswine\n|-activate|p2a: Mamoswine|move: Protect\n|move|p2b: Cofagrigus|Will-O-Wisp|p1b: Sneasler\n|-status|p1b: Sneasler|brn\n|\n|-heal|p2a: Mamoswine|100/100|[from] item: Leftovers\n|-damage|p1b: Sneasler|95/100 brn|[from] brn\n|upkeep\n|turn|6\n|l| mysticmarshtomp\n|\n|t:|1775915538\n|move|p2b: Cofagrigus|Protect|p2b: Cofagrigus\n|-singleturn|p2b: Cofagrigus|Protect\n|move|p1a: Rotom|Thunderbolt|p2b: Cofagrigus\n|-activate|p2b: Cofagrigus|move: Protect\n|move|p1b: Sneasler|Dire Claw|p2a: Mamoswine\n|-resisted|p2a: Mamoswine|1\n|-damage|p2a: Mamoswine|89/100\n|move|p2a: Mamoswine|Earthquake|p1b: Sneasler|[spread] p1b\n|-activate|p2b: Cofagrigus|move: Protect\n|-immune|p1a: Rotom|[from] ability: Levitate\n|-supereffective|p1b: Sneasler|1\n|-damage|p1b: Sneasler|0 fnt\n|faint|p1b: Sneasler\n|\n|-heal|p2a: Mamoswine|95/100|[from] item: Leftovers\n|upkeep\n|\n|t:|1775915545\n|switch|p1b: Gardevoir|Gardevoir, L50, M, shiny|100/100\n|-ability|p1b: Gardevoir|Oblivious|Trace|[from] ability: Trace|[of] p2a: Mamoswine\n|turn|7\n|\n|t:|1775915563\n|detailschange|p1b: Gardevoir|Gardevoir-Mega, L50, M, shiny\n|-mega|p1b: Gardevoir|Gardevoir|Gardevoirite\n|move|p1a: Rotom|Thunderbolt|p2b: Cofagrigus\n|-damage|p2b: Cofagrigus|22/100\n|move|p1b: Gardevoir|Hyper Voice|p2a: Mamoswine|[spread] p2a,p2b\n|-damage|p2a: Mamoswine|22/100\n|-damage|p2b: Cofagrigus|0 fnt\n|faint|p2b: Cofagrigus\n|move|p2a: Mamoswine|Icicle Crash|p1b: Gardevoir\n|-damage|p1b: Gardevoir|23/100\n|\n|-heal|p2a: Mamoswine|28/100|[from] item: Leftovers\n|upkeep\n|\n|t:|1775915574\n|switch|p2b: Jesus lives|Whimsicott, L50, F|76/100\n|turn|8\n|\n|t:|1775915593\n|move|p2a: Mamoswine|Ice Shard|p1b: Gardevoir\n|-damage|p1b: Gardevoir|0 fnt\n|faint|p1b: Gardevoir\n|move|p1a: Rotom|Thunderbolt|p2b: Jesus lives\n|-resisted|p2b: Jesus lives|1\n|-damage|p2b: Jesus lives|42/100\n|move|p2b: Jesus lives|Moonblast|p1a: Rotom\n|-damage|p1a: Rotom|59/100\n|\n|-heal|p2a: Mamoswine|34/100|[from] item: Leftovers\n|upkeep\n|turn|9\n|c|\u2606pits fiend|gg\n|c|\u2606FlygonkingVGC|Gg\n|\n|t:|1775915604\n|move|p1a: Rotom|Thunderbolt|p2b: Jesus lives\n|-resisted|p2b: Jesus lives|1\n|-damage|p2b: Jesus lives|10/100\n|move|p2b: Jesus lives|Moonblast|p1a: Rotom\n|-damage|p1a: Rotom|15/100\n|move|p2a: Mamoswine|Icicle Crash|p1a: Rotom\n|-resisted|p1a: Rotom|1\n|-damage|p1a: Rotom|0 fnt\n|faint|p1a: Rotom\n|\n|win|FlygonkingVGC\n|l| Bulaba\n",
  "uploadtime": 1775915605,
  "views": 15,
  "formatid": "gen9championsvgc2026regma",
  "rating": null,
  "private": 0,
  "password": null
}