{
  "id": "gen9championsvgc2026regma-2585657185",
  "format": "[Gen 9 Champions] VGC 2026 Reg M-A",
  "players": [
    "Ongalabong",
    "Scrambledegg62"
  ],
  "log": "|j|\u2606Ongalabong\n|j|\u2606Scrambledegg62\n|t:|1776361706\n|gametype|doubles\n|player|p1|Ongalabong|benga|1389\n|player|p2|Scrambledegg62|lance|1415\n|gen|9\n|tier|[Gen 9 Champions] VGC 2026 Reg M-A\n|rated|\n|rule|Species Clause: Limit one of each Pok\u00e9mon\n|rule|Item Clause: Limit 1 of each item\n|clearpoke\n|poke|p1|Crabominable, L50, M|\n|poke|p1|Farigiraf, L50, M|\n|poke|p1|Incineroar, L50, M|\n|poke|p1|Venusaur, L50, F|\n|poke|p1|Basculegion, L50, M|\n|poke|p1|Ninetales-Alola, L50, F|\n|poke|p2|Basculegion, L50, M|\n|poke|p2|Kingambit, L50, F|\n|poke|p2|Floette-Eternal, L50, F|\n|poke|p2|Aerodactyl, L50, M|\n|poke|p2|Sneasler, L50, F|\n|poke|p2|Aegislash, L50, M|\n|teampreview|4\n|inactive|Battle timer is ON: inactive players will automatically lose when time's up. (requested by Scrambledegg62)\n|inactive|Scrambledegg62 has 60 seconds left.\n|\n|t:|1776361740\n|teamsize|p1|4\n|teamsize|p2|4\n|start\n|switch|p1a: Venusaur|Venusaur, L50, F|100/100\n|switch|p1b: Ninetales|Ninetales-Alola, L50, F|100/100\n|switch|p2a: Basculegion|Basculegion, L50, M|100/100\n|switch|p2b: Kingambit|Kingambit, L50, F, shiny|100/100\n|-weather|Snowscape|[from] ability: Snow Warning|[of] p1b: Ninetales\n|turn|1\n|inactive|Ongalabong has 30 seconds left.\n|inactive|Scrambledegg62 has 30 seconds left.\n|inactive|Scrambledegg62 has 20 seconds left.\n|\n|t:|1776361778\n|detailschange|p1a: Venusaur|Venusaur-Mega, L50, F\n|-mega|p1a: Venusaur|Venusaur|Venusaurite\n|move|p2a: Basculegion|Flip Turn|p1a: Venusaur\n|-resisted|p1a: Venusaur|1\n|-damage|p1a: Venusaur|85/100\n|\n|t:|1776361785\n|switch|p2a: Sneasler|Sneasler, L50, F|100/100|[from] Flip Turn\n|move|p1b: Ninetales|Aurora Veil|p1b: Ninetales\n|-sidestart|p1: Ongalabong|move: Aurora Veil\n|move|p1a: Venusaur|Leech Seed|p2b: Kingambit\n|-start|p2b: Kingambit|move: Leech Seed\n|move|p2b: Kingambit|Iron Head|p1b: Ninetales\n|-supereffective|p1b: Ninetales|2\n|-enditem|p1b: Ninetales|Focus Sash\n|-damage|p1b: Ninetales|1/100\n|\n|-weather|Snowscape|[upkeep]\n|-damage|p2b: Kingambit|88/100|[from] Leech Seed|[of] p1a: Venusaur\n|-heal|p1a: Venusaur|98/100|[silent]\n|upkeep\n|turn|2\n|\n|t:|1776361805\n|switch|p1b: Basculegion|Basculegion, L50, M|100/100\n|switch|p2b: Floette|Floette-Eternal, L50, F|100/100\n|move|p2a: Sneasler|Fake Out|p1a: Venusaur\n|-damage|p1a: Venusaur|91/100\n|cant|p1a: Venusaur|flinch\n|\n|-weather|Snowscape|[upkeep]\n|upkeep\n|turn|3\n|\n|t:|1776361821\n|detailschange|p2b: Floette|Floette-Mega, L50, F\n|-mega|p2b: Floette|Floette|Floettite\n|-ability|p2b: Floette|Fairy Aura\n|move|p2a: Sneasler|Protect|p2a: Sneasler\n|-singleturn|p2a: Sneasler|Protect\n|move|p2b: Floette|Protect|p2b: Floette\n|-singleturn|p2b: Floette|Protect\n|move|p1b: Basculegion|Wave Crash|p2a: Sneasler\n|-activate|p2a: Sneasler|move: Protect\n|move|p1a: Venusaur|Sludge Bomb|p2b: Floette\n|-activate|p2b: Floette|move: Protect\n|\n|-weather|Snowscape|[upkeep]\n|upkeep\n|turn|4\n|\n|t:|1776361843\n|switch|p2a: Basculegion|Basculegion, L50, M|100/100\n|switch|p2b: Kingambit|Kingambit, L50, F, shiny|88/100\n|move|p1b: Basculegion|Wave Crash|p2a: Basculegion\n|-resisted|p2a: Basculegion|1\n|-damage|p2a: Basculegion|49/100\n|-damage|p1b: Basculegion|84/100|[from] Recoil\n|move|p1a: Venusaur|Sludge Bomb|p2b: Kingambit\n|-immune|p2b: Kingambit\n|\n|-weather|Snowscape|[upkeep]\n|upkeep\n|turn|5\n|inactive|Ongalabong has 30 seconds left.\n|inactive|Scrambledegg62 has 30 seconds left.\n|\n|t:|1776361874\n|switch|p1b: Incineroar|Incineroar, L50, M|100/100\n|-ability|p1b: Incineroar|Intimidate|boost\n|-unboost|p2a: Basculegion|atk|1\n|-unboost|p2b: Kingambit|atk|1\n|-ability|p2b: Kingambit|Defiant|boost\n|-boost|p2b: Kingambit|atk|2\n|move|p2a: Basculegion|Last Respects|p1a: Venusaur\n|-damage|p1a: Venusaur|79/100\n|move|p1a: Venusaur|Earth Power|p2b: Kingambit\n|-supereffective|p2b: Kingambit|1\n|-damage|p2b: Kingambit|31/100\n|move|p2b: Kingambit|Kowtow Cleave|p1b: Incineroar\n|-resisted|p1b: Incineroar|1\n|-damage|p1b: Incineroar|73/100\n|\n|-weather|none\n|-sideend|p1: Ongalabong|move: Aurora Veil\n|upkeep\n|turn|6\n|inactive|Ongalabong has 30 seconds left.\n|inactive|Scrambledegg62 has 30 seconds left.\n|\n|t:|1776361905\n|switch|p2a: Sneasler|Sneasler, L50, F|100/100\n|move|p2b: Kingambit|Protect|p2b: Kingambit\n|-singleturn|p2b: Kingambit|Protect\n|move|p1a: Venusaur|Earth Power|p2b: Kingambit\n|-activate|p2b: Kingambit|move: Protect\n|move|p1b: Incineroar|Throat Chop|p2a: Sneasler\n|-resisted|p2a: Sneasler|1\n|-damage|p2a: Sneasler|75/100\n|-start|p2a: Sneasler|Throat Chop|[silent]\n|\n|upkeep\n|turn|7\n|j| I'mFrancis\n|\n|t:|1776361927\n|switch|p1b: Basculegion|Basculegion, L50, M|84/100\n|move|p2a: Sneasler|Fake Out|p1a: Venusaur\n|-damage|p1a: Venusaur|68/100\n|move|p2b: Kingambit|Sucker Punch|p1a: Venusaur\n|-damage|p1a: Venusaur|14/100\n|cant|p1a: Venusaur|flinch\n|\n|-end|p2a: Sneasler|Throat Chop|[silent]\n|upkeep\n|turn|8\n|inactive|Ongalabong has 30 seconds left.\n|inactive|Scrambledegg62 has 30 seconds left.\n|inactive|Ongalabong has 20 seconds left.\n|\n|t:|1776361967\n|switch|p1b: Ninetales|Ninetales-Alola, L50, F|1/100\n|-weather|Snowscape|[from] ability: Snow Warning|[of] p1b: Ninetales\n|move|p2b: Kingambit|Sucker Punch||[still]\n|-fail|p2b: Kingambit\n|move|p2a: Sneasler|Dire Claw|p1a: Venusaur\n|-damage|p1a: Venusaur|0 fnt\n|faint|p1a: Venusaur\n|\n|-weather|Snowscape|[upkeep]\n|upkeep\n|\n|t:|1776361976\n|switch|p1a: Incineroar|Incineroar, L50, M|73/100\n|-ability|p1a: Incineroar|Intimidate|boost\n|-unboost|p2a: Sneasler|atk|1\n|-unboost|p2b: Kingambit|atk|1\n|-ability|p2b: Kingambit|Defiant|boost\n|-boost|p2b: Kingambit|atk|2\n|-enditem|p2a: Sneasler|White Herb\n|-clearnegativeboost|p2a: Sneasler|[silent]\n|turn|9\n|inactive|Ongalabong has 30 seconds left.\n|inactive|Ongalabong has 20 seconds left.\n|inactive|Ongalabong has 15 seconds left.\n|inactive|Scrambledegg62 has 30 seconds left.\n|inactive|Ongalabong has 10 seconds left.\n|inactive|Ongalabong has 5 seconds left.\n|inactive|Scrambledegg62 has 20 seconds left.\n|\n|t:|1776362031\n|move|p2b: Kingambit|Sucker Punch|p1b: Ninetales\n|-resisted|p1b: Ninetales|1\n|-damage|p1b: Ninetales|0 fnt\n|faint|p1b: Ninetales\n|move|p2a: Sneasler|Close Combat|p1a: Incineroar\n|-supereffective|p1a: Incineroar|1\n|-crit|p1a: Incineroar\n|-damage|p1a: Incineroar|0 fnt\n|-unboost|p2a: Sneasler|def|1\n|-unboost|p2a: Sneasler|spd|1\n|faint|p1a: Incineroar\n|\n|-weather|Snowscape|[upkeep]\n|upkeep\n|inactive|Ongalabong has 30 seconds left.\n|inactive|Ongalabong has 20 seconds left.\n|inactive|Ongalabong has 15 seconds left.\n|inactive|Ongalabong has 10 seconds left.\n|l| I'mFrancis\n|inactive|Ongalabong has 5 seconds left.\n|\n|t:|1776362087\n|switch|p1a: Basculegion|Basculegion, L50, M|84/100\n|turn|10\n|inactive|Ongalabong has 30 seconds left.\n|inactive|Ongalabong has 20 seconds left.\n|inactive|Ongalabong has 15 seconds left.\n|inactive|Ongalabong has 10 seconds left.\n|inactive|Ongalabong has 5 seconds left.\n|\n|t:|1776362144\n|move|p2a: Sneasler|Protect|p2a: Sneasler\n|-singleturn|p2a: Sneasler|Protect\n|move|p2b: Kingambit|Protect|p2b: Kingambit\n|-singleturn|p2b: Kingambit|Protect\n|move|p1a: Basculegion|Wave Crash|p2b: Kingambit\n|-activate|p2b: Kingambit|move: Protect\n|\n|-weather|Snowscape|[upkeep]\n|upkeep\n|turn|11\n|inactive|Ongalabong has 30 seconds left.\n|inactive|Ongalabong has 20 seconds left.\n|inactive|Ongalabong has 15 seconds left.\n|inactive|Ongalabong has 10 seconds left.\n|inactive|Ongalabong has 5 seconds left.\n|\n|t:|1776362199\n|move|p2b: Kingambit|Sucker Punch|p1a: Basculegion\n|-supereffective|p1a: Basculegion|1\n|-damage|p1a: Basculegion|0 fnt\n|faint|p1a: Basculegion\n|\n|win|Scrambledegg62\n|raw|Ongalabong's rating: 1389 &rarr; <strong>1370</strong><br />(-19 for losing)\n|raw|Scrambledegg62's rating: 1415 &rarr; <strong>1434</strong><br />(+19 for winning)\n",
  "uploadtime": 1776362207,
  "views": 30,
  "formatid": "gen9championsvgc2026regma",
  "rating": 1370,
  "private": 0,
  "password": null
}