{
  "id": "gen9championsvgc2026regma-2583885856",
  "format": "[Gen 9 Champions] VGC 2026 Reg M-A",
  "players": [
    "Braix2570",
    "Jakewater"
  ],
  "log": "|j|\u2606Braix2570\n|j|\u2606Jakewater\n|t:|1776205461\n|gametype|doubles\n|player|p1|Braix2570|2|1070\n|player|p2|Jakewater|blue|1055\n|gen|9\n|tier|[Gen 9 Champions] VGC 2026 Reg M-A\n|rated|\n|rule|Species Clause: Limit one of each Pok\u00e9mon\n|rule|Item Clause: Limit 1 of each item\n|clearpoke\n|poke|p1|Starmie, L50|\n|poke|p1|Pelipper, L50, F|\n|poke|p1|Basculegion, L50, M|\n|poke|p1|Archaludon, L50, F|\n|poke|p1|Dragonite, L50, M|\n|poke|p1|Sinistcha, L50|\n|poke|p2|Meganium, L50, M|\n|poke|p2|Aerodactyl, L50, M|\n|poke|p2|Politoed, L50, M|\n|poke|p2|Gardevoir, L50, M|\n|poke|p2|Ditto, L50|\n|poke|p2|Tyranitar, L50, F|\n|teampreview|4\n|inactive|Battle timer is ON: inactive players will automatically lose when time's up. (requested by Jakewater)\n|inactive|Braix2570 has 60 seconds left.\n|\n|t:|1776205514\n|teamsize|p1|4\n|teamsize|p2|4\n|start\n|switch|p1a: Starmie|Starmie, L50|100/100\n|switch|p1b: Basculegion|Basculegion, L50, M|100/100\n|switch|p2a: Meganium|Meganium, L50, M|100/100\n|switch|p2b: Politoed|Politoed, L50, M|100/100\n|-weather|RainDance|[from] ability: Drizzle|[of] p2b: Politoed\n|turn|1\n|inactive|Braix2570 has 30 seconds left.\n|\n|t:|1776205542\n|detailschange|p2a: Meganium|Meganium-Mega, L50, M\n|-mega|p2a: Meganium|Meganium|Meganiumite\n|move|p1a: Starmie|Protect|p1a: Starmie\n|-singleturn|p1a: Starmie|Protect\n|move|p1b: Basculegion|Flip Turn|p2a: Meganium\n|-resisted|p2a: Meganium|1\n|-damage|p2a: Meganium|76/100\n|\n|t:|1776205551\n|switch|p1b: Archaludon|Archaludon, L50, F|100/100|[from] Flip Turn\n|move|p2a: Meganium|Solar Beam||[still]\n|-prepare|p2a: Meganium|Solar Beam\n|-activate|p2a: Meganium|ability: Mega Sol\n|-anim|p2a: Meganium|Solar Beam|p1a: Starmie\n|-activate|p1a: Starmie|move: Protect\n|move|p2b: Politoed|Surf|p1b: Archaludon|[spread] p2a,p1b\n|-activate|p1a: Starmie|move: Protect\n|-resisted|p2a: Meganium|1\n|-resisted|p1b: Archaludon|1\n|-damage|p2a: Meganium|53/100\n|-damage|p1b: Archaludon|68/100\n|\n|-weather|RainDance|[upkeep]\n|upkeep\n|turn|2\n|\n|t:|1776205574\n|switch|p2a: Tyranitar|Tyranitar, L50, F|100/100\n|-weather|Sandstorm|[from] ability: Sand Stream|[of] p2a: Tyranitar\n|detailschange|p1a: Starmie|Starmie-Mega, L50\n|-mega|p1a: Starmie|Starmie|Starminite\n|move|p1b: Archaludon|Flash Cannon|p2a: Tyranitar\n|-supereffective|p2a: Tyranitar|1\n|-damage|p2a: Tyranitar|51/100\n|move|p1a: Starmie|Bulk Up|p1a: Starmie\n|-boost|p1a: Starmie|atk|1\n|-boost|p1a: Starmie|def|1\n|move|p2b: Politoed|Focus Blast|p1b: Archaludon\n|-supereffective|p1b: Archaludon|1\n|-damage|p1b: Archaludon|0 fnt\n|faint|p1b: Archaludon\n|\n|-weather|Sandstorm|[upkeep]\n|-damage|p1a: Starmie|95/100|[from] Sandstorm\n|-damage|p2b: Politoed|95/100|[from] Sandstorm\n|upkeep\n|\n|t:|1776205588\n|switch|p1b: Pelipper|Pelipper, L50, F|100/100\n|-weather|RainDance|[from] ability: Drizzle|[of] p1b: Pelipper\n|turn|3\n|\n|t:|1776205611\n|move|p1a: Starmie|Zen Headbutt|p2b: Politoed\n|-damage|p2b: Politoed|0 fnt\n|faint|p2b: Politoed\n|move|p1b: Pelipper|Hurricane|p2a: Tyranitar\n|-resisted|p2a: Tyranitar|1\n|-damage|p2a: Tyranitar|35/100\n|move|p2a: Tyranitar|Thunder|p1b: Pelipper\n|-supereffective|p1b: Pelipper|2\n|-crit|p1b: Pelipper\n|-enditem|p1b: Pelipper|Focus Sash\n|-damage|p1b: Pelipper|1/100\n|-status|p1b: Pelipper|par\n|\n|-weather|RainDance|[upkeep]\n|upkeep\n|\n|t:|1776205625\n|switch|p2b: Meganium|Meganium-Mega, L50, M|53/100\n|turn|4\n|\n|t:|1776205638\n|move|p1a: Starmie|Zen Headbutt|p2b: Meganium\n|-damage|p2b: Meganium|0 fnt\n|faint|p2b: Meganium\n|move|p2a: Tyranitar|Thunder|p1a: Starmie\n|-supereffective|p1a: Starmie|1\n|-damage|p1a: Starmie|32/100\n|move|p1b: Pelipper|Weather Ball|p2a: Tyranitar\n|-supereffective|p2a: Tyranitar|1\n|-damage|p2a: Tyranitar|0 fnt\n|faint|p2a: Tyranitar\n|\n|-weather|RainDance|[upkeep]\n|upkeep\n|\n|t:|1776205651\n|switch|p2b: Aerodactyl|Aerodactyl, L50, M|100/100\n|turn|5\n|\n|t:|1776205658\n|move|p1a: Starmie|Liquidation|p2b: Aerodactyl\n|-supereffective|p2b: Aerodactyl|1\n|-damage|p2b: Aerodactyl|0 fnt\n|faint|p2b: Aerodactyl\n|\n|win|Braix2570\n|raw|Braix2570's rating: 1070 &rarr; <strong>1098</strong><br />(+28 for winning)\n|raw|Jakewater's rating: 1055 &rarr; <strong>1038</strong><br />(-17 for losing)\n|l|\u2606Jakewater\n|player|p2|\n",
  "uploadtime": 1776205664,
  "views": 17,
  "formatid": "gen9championsvgc2026regma",
  "rating": 1038,
  "private": 0,
  "password": null
}