{
  "id": "gen9championsvgc2026regma-2581499991",
  "format": "[Gen 9 Champions] VGC 2026 Reg M-A",
  "players": [
    "ImQuaoar",
    "FlyVGC"
  ],
  "log": "|j|\u2606ImQuaoar\n|j|\u2606FlyVGC\n|t:|1776006095\n|gametype|doubles\n|player|p1|ImQuaoar|1|1043\n|player|p2|FlyVGC|aaron|1000\n|gen|9\n|tier|[Gen 9 Champions] VGC 2026 Reg M-A\n|rated|\n|rule|Species Clause: Limit one of each Pok\u00e9mon\n|rule|Item Clause: Limit 1 of each item\n|clearpoke\n|poke|p1|Tyranitar, L50, M|\n|poke|p1|Excadrill, L50, M|\n|poke|p1|Incineroar, L50, F|\n|poke|p1|Rotom-Wash, L50|\n|poke|p1|Sinistcha, L50|\n|poke|p1|Floette-Eternal, L50, F|\n|poke|p2|Froslass, L50, F|\n|poke|p2|Vivillon, L50, M|\n|poke|p2|Tauros-Paldea-Aqua, L50, M|\n|poke|p2|Meowscarada, L50, M|\n|poke|p2|Rotom-Heat, L50|\n|poke|p2|Garchomp, L50, M|\n|teampreview|4\n|\n|t:|1776006164\n|teamsize|p1|4\n|teamsize|p2|4\n|start\n|switch|p1a: Floette|Floette-Eternal, L50, F|100/100\n|switch|p1b: Incineroar|Incineroar, L50, F|100/100\n|switch|p2a: Vivillon|Vivillon, L50, M|100/100\n|switch|p2b: Meowscarada|Meowscarada, L50, M|100/100\n|turn|1\n|\n|t:|1776006213\n|detailschange|p1a: Floette|Floette-Mega, L50, F\n|-mega|p1a: Floette|Floette|Floettite\n|-ability|p1a: Floette|Fairy Aura\n|move|p1b: Incineroar|Fake Out|p2b: Meowscarada\n|-damage|p2b: Meowscarada|84/100\n|cant|p2b: Meowscarada|flinch\n|move|p2a: Vivillon|Sleep Powder|p1a: Floette\n|-status|p1a: Floette|slp|[from] move: Sleep Powder\n|cant|p1a: Floette|slp\n|\n|upkeep\n|turn|2\n|\n|t:|1776006245\n|move|p2b: Meowscarada|U-turn|p1b: Incineroar\n|-start|p2b: Meowscarada|typechange|Bug|[from] ability: Protean\n|-damage|p1b: Incineroar|68/100\n|\n|t:|1776006251\n|switch|p2b: Tauros|Tauros-Paldea-Aqua, L50, M|100/100|[from] U-turn\n|-ability|p2b: Tauros|Intimidate|boost\n|-unboost|p1a: Floette|atk|1\n|-unboost|p1b: Incineroar|atk|1\n|move|p2a: Vivillon|Tailwind|p2a: Vivillon\n|-sidestart|p2: FlyVGC|move: Tailwind\n|-curestatus|p1a: Floette|slp|[msg]\n|move|p1a: Floette|Moonblast|p2b: Tauros\n|-supereffective|p2b: Tauros|1\n|-damage|p2b: Tauros|0 fnt\n|faint|p2b: Tauros\n|move|p1b: Incineroar|Flare Blitz|p2a: Vivillon\n|-supereffective|p2a: Vivillon|1\n|-enditem|p2a: Vivillon|Focus Sash\n|-damage|p2a: Vivillon|1/100\n|-damage|p1b: Incineroar|43/100|[from] Recoil\n|\n|upkeep\n|\n|t:|1776006269\n|switch|p2b: Meowscarada|Meowscarada, L50, M|84/100\n|turn|3\n|\n|t:|1776006292\n|switch|p1b: Tyranitar|Tyranitar, L50, M|100/100\n|-weather|Sandstorm|[from] ability: Sand Stream|[of] p1b: Tyranitar\n|move|p2b: Meowscarada|Flower Trick|p1a: Floette\n|-start|p2b: Meowscarada|typechange|Grass|[from] ability: Protean\n|-crit|p1a: Floette\n|-damage|p1a: Floette|39/100\n|move|p2a: Vivillon|Sleep Powder|p1b: Tyranitar\n|-status|p1b: Tyranitar|slp|[from] move: Sleep Powder\n|move|p1a: Floette|Moonblast|p2b: Meowscarada\n|-damage|p2b: Meowscarada|0 fnt\n|faint|p2b: Meowscarada\n|\n|-weather|Sandstorm|[upkeep]\n|-damage|p2a: Vivillon|0 fnt|[from] Sandstorm\n|-damage|p1a: Floette|33/100|[from] Sandstorm\n|faint|p2a: Vivillon\n|upkeep\n|\n|t:|1776006309\n|switch|p2b: Garchomp|Garchomp, L50, M|100/100\n|turn|4\n|\n|t:|1776006349\n|switch|p1a: Excadrill|Excadrill, L50, M|100/100\n|detailschange|p2b: Garchomp|Garchomp-Mega, L50, M\n|-mega|p2b: Garchomp|Garchomp|Garchompite\n|move|p2b: Garchomp|Earthquake|p1b: Tyranitar|[spread] p1a,p1b\n|-supereffective|p1a: Excadrill|1\n|-supereffective|p1b: Tyranitar|1\n|-enditem|p1a: Excadrill|Focus Sash\n|-damage|p1a: Excadrill|1/100\n|-damage|p1b: Tyranitar|0 fnt\n|faint|p1b: Tyranitar\n|\n|-weather|Sandstorm|[upkeep]\n|upkeep\n|\n|t:|1776006360\n|switch|p1b: Incineroar|Incineroar, L50, F|43/100\n|turn|5\n|\n|t:|1776006384\n|move|p2b: Garchomp|Protect|p2b: Garchomp\n|-singleturn|p2b: Garchomp|Protect\n|move|p1b: Incineroar|Fake Out|p2b: Garchomp\n|-activate|p2b: Garchomp|move: Protect\n|move|p1a: Excadrill|High Horsepower|p2b: Garchomp\n|-activate|p2b: Garchomp|move: Protect\n|\n|-weather|Sandstorm|[upkeep]\n|-damage|p1b: Incineroar|37/100|[from] Sandstorm\n|-sideend|p2: FlyVGC|move: Tailwind\n|upkeep\n|turn|6\n|\n|t:|1776006404\n|move|p1a: Excadrill|Iron Head|p2b: Garchomp\n|-damage|p2b: Garchomp|60/100\n|cant|p2b: Garchomp|flinch\n|move|p1b: Incineroar|Parting Shot|p2b: Garchomp\n|-unboost|p2b: Garchomp|atk|1\n|-unboost|p2b: Garchomp|spa|1\n|\n|t:|1776006410\n|switch|p1b: Floette|Floette-Mega, L50, F|33/100|[from] Parting Shot\n|-ability|p1b: Floette|Fairy Aura\n|\n|-weather|Sandstorm|[upkeep]\n|-damage|p1b: Floette|26/100|[from] Sandstorm\n|upkeep\n|turn|7\n|c|\u2606FlyVGC|xd\n|\n|t:|1776006437\n|move|p2b: Garchomp|Protect|p2b: Garchomp\n|-singleturn|p2b: Garchomp|Protect\n|move|p1b: Floette|Protect|p1b: Floette\n|-singleturn|p1b: Floette|Protect\n|move|p1a: Excadrill|Iron Head|p2b: Garchomp\n|-activate|p2b: Garchomp|move: Protect\n|\n|-weather|none\n|upkeep\n|turn|8\n|\n|t:|1776006469\n|move|p2b: Garchomp|Earthquake|p1b: Floette|[spread] p1a,p1b\n|-supereffective|p1a: Excadrill|1\n|-damage|p1a: Excadrill|0 fnt\n|-damage|p1b: Floette|0 fnt\n|faint|p1a: Excadrill\n|faint|p1b: Floette\n|\n|upkeep\n|\n|t:|1776006474\n|switch|p1a: Incineroar|Incineroar, L50, F|37/100\n|turn|9\n|\n|t:|1776006483\n|move|p2b: Garchomp|Protect|p2b: Garchomp\n|-singleturn|p2b: Garchomp|Protect\n|move|p1a: Incineroar|Throat Chop|p2b: Garchomp\n|-activate|p2b: Garchomp|move: Protect\n|\n|upkeep\n|turn|10\n|\n|t:|1776006489\n|move|p2b: Garchomp|Earthquake|p1a: Incineroar\n|-supereffective|p1a: Incineroar|1\n|-damage|p1a: Incineroar|0 fnt\n|faint|p1a: Incineroar\n|\n|win|FlyVGC\n|raw|ImQuaoar's rating: 1043 &rarr; <strong>1025</strong><br />(-18 for losing)\n|raw|FlyVGC's rating: 1000 &rarr; <strong>1045</strong><br />(+45 for winning)\n",
  "uploadtime": 1776006496,
  "views": 19,
  "formatid": "gen9championsvgc2026regma",
  "rating": 1025,
  "private": 0,
  "password": null
}