{
  "id": "gen9championsvgc2026regma-2582146699",
  "format": "[Gen 9 Champions] VGC 2026 Reg M-A",
  "players": [
    "horus199",
    "radstads"
  ],
  "log": "|j|\u2606horus199\n|j|\u2606radstads\n|t:|1776064010\n|gametype|doubles\n|player|p1|horus199|102|1203\n|player|p2|radstads|265|1215\n|gen|9\n|tier|[Gen 9 Champions] VGC 2026 Reg M-A\n|rated|\n|rule|Species Clause: Limit one of each Pok\u00e9mon\n|rule|Item Clause: Limit 1 of each item\n|clearpoke\n|poke|p1|Kangaskhan, L50, F|\n|poke|p1|Camerupt, L50, F|\n|poke|p1|Farigiraf, L50, F|\n|poke|p1|Basculegion, L50, M|\n|poke|p1|Slowbro, L50, F|\n|poke|p1|Meowstic, L50, M|\n|poke|p2|Zoroark-Hisui, L50, M|\n|poke|p2|Maushold, L50|\n|poke|p2|Palafin, L50, F|\n|poke|p2|Gengar, L50, M|\n|poke|p2|Kommo-o, L50, F|\n|poke|p2|Sneasler, L50, F|\n|teampreview|4\n|inactive|Battle timer is ON: inactive players will automatically lose when time's up. (requested by horus199)\n|\n|t:|1776064024\n|teamsize|p1|4\n|teamsize|p2|4\n|start\n|switch|p1a: Farigiraf|Farigiraf, L50, F|100/100\n|switch|p1b: Kangaskhan|Kangaskhan, L50, F|100/100\n|switch|p2a: Sneasler|Sneasler, L50, F|100/100\n|switch|p2b: Gengar|Gengar, L50, M|100/100\n|turn|1\n|\n|t:|1776064045\n|detailschange|p2b: Gengar|Gengar-Mega, L50, M\n|-mega|p2b: Gengar|Gengar|Gengarite\n|move|p1b: Kangaskhan|Fake Out|p2a: Sneasler\n|-immune|p2a: Sneasler\n|move|p2a: Sneasler|Trick|p1a: Farigiraf\n|-activate|p2a: Sneasler|move: Trick|[of] p1a: Farigiraf\n|-item|p1a: Farigiraf|Choice Scarf|[from] move: Trick\n|-item|p2a: Sneasler|Mental Herb|[from] move: Trick\n|move|p2b: Gengar|Perish Song|p2b: Gengar\n|-start|p1a: Farigiraf|perish3|[silent]\n|-start|p1b: Kangaskhan|perish3|[silent]\n|-start|p2a: Sneasler|perish3|[silent]\n|-start|p2b: Gengar|perish3|[silent]\n|-fieldactivate|move: Perish Song\n|move|p1a: Farigiraf|Trick Room|p1a: Farigiraf\n|-fieldstart|move: Trick Room|[of] p1a: Farigiraf\n|\n|-start|p1a: Farigiraf|perish3\n|-start|p1b: Kangaskhan|perish3\n|-start|p2a: Sneasler|perish3\n|-start|p2b: Gengar|perish3\n|upkeep\n|turn|2\n|\n|t:|1776064070\n|switch|p2a: Kommo-o|Kommo-o, L50, F|100/100\n|move|p2b: Gengar|Protect|p2b: Gengar\n|-singleturn|p2b: Gengar|Protect\n|move|p1b: Kangaskhan|Sucker Punch||[still]\n|-fail|p1b: Kangaskhan\n|move|p1a: Farigiraf|Trick Room|p1a: Farigiraf\n|-fieldend|move: Trick Room\n|\n|-start|p2b: Gengar|perish2\n|-start|p1b: Kangaskhan|perish2\n|-start|p1a: Farigiraf|perish2\n|upkeep\n|turn|3\n|\n|t:|1776064084\n|move|p1b: Kangaskhan|Sucker Punch||[still]\n|-fail|p1b: Kangaskhan\n|move|p2b: Gengar|Substitute|p2b: Gengar\n|-start|p2b: Gengar|Substitute\n|-damage|p2b: Gengar|76/100\n|move|p2a: Kommo-o|Clangorous Soul|p2a: Kommo-o\n|-boost|p2a: Kommo-o|atk|1\n|-boost|p2a: Kommo-o|def|1\n|-boost|p2a: Kommo-o|spa|1\n|-boost|p2a: Kommo-o|spd|1\n|-boost|p2a: Kommo-o|spe|1\n|-damage|p2a: Kommo-o|68/100\n|move|p1a: Farigiraf|Trick Room|p1a: Farigiraf\n|-fieldstart|move: Trick Room|[of] p1a: Farigiraf\n|\n|-heal|p2a: Kommo-o|74/100|[from] item: Leftovers\n|-start|p1a: Farigiraf|perish1\n|-start|p1b: Kangaskhan|perish1\n|-start|p2b: Gengar|perish1\n|upkeep\n|turn|4\n|\n|t:|1776064105\n|switch|p2b: Sneasler|Sneasler, L50, F|100/100\n|move|p2a: Kommo-o|Protect|p2a: Kommo-o\n|-singleturn|p2a: Kommo-o|Protect\n|move|p1b: Kangaskhan|Double-Edge|p2a: Kommo-o\n|-activate|p2a: Kommo-o|move: Protect\n|move|p1a: Farigiraf|Trick Room|p1a: Farigiraf\n|-fieldend|move: Trick Room\n|\n|-heal|p2a: Kommo-o|79/100|[from] item: Leftovers\n|-start|p1b: Kangaskhan|perish0\n|-start|p1a: Farigiraf|perish0\n|faint|p1b: Kangaskhan\n|faint|p1a: Farigiraf\n|upkeep\n|\n|t:|1776064111\n|switch|p1b: Basculegion|Basculegion, L50, M|100/100\n|switch|p1a: Camerupt|Camerupt, L50, F|100/100\n|turn|5\n|\n|t:|1776064134\n|detailschange|p1a: Camerupt|Camerupt-Mega, L50, F\n|-mega|p1a: Camerupt|Camerupt|Cameruptite\n|move|p1b: Basculegion|Last Respects|p2a: Kommo-o\n|-damage|p2a: Kommo-o|18/100\n|move|p2a: Kommo-o|Clanging Scales|p1b: Basculegion|[spread] p1a,p1b\n|-damage|p1a: Camerupt|44/100\n|-damage|p1b: Basculegion|33/100\n|-unboost|p2a: Kommo-o|def|1\n|move|p2b: Sneasler|Bitter Malice|p1b: Basculegion\n|-supereffective|p1b: Basculegion|1\n|-damage|p1b: Basculegion|0 fnt\n|faint|p1b: Basculegion\n|move|p1a: Camerupt|Heat Wave|p2a: Kommo-o|[spread] p2a,p2b\n|-resisted|p2a: Kommo-o|1\n|-damage|p2a: Kommo-o|0 fnt\n|-damage|p2b: Sneasler|0 fnt\n|replace|p2b: Zoroark|Zoroark-Hisui, L50, M\n|-end|p2b: Zoroark|Illusion\n|faint|p2a: Kommo-o\n|faint|p2b: Zoroark\n|\n|upkeep\n|\n|t:|1776064153\n|switch|p2a: Sneasler|Sneasler, L50, F|100/100\n|switch|p2b: Gengar|Gengar-Mega, L50, M|76/100\n|turn|6\n|\n|t:|1776064160\n|move|p2a: Sneasler|Fake Out|p1a: Camerupt\n|-crit|p1a: Camerupt\n|-damage|p1a: Camerupt|19/100\n|move|p2b: Gengar|Shadow Ball|p1a: Camerupt\n|-damage|p1a: Camerupt|0 fnt\n|faint|p1a: Camerupt\n|\n|win|radstads\n|raw|horus199's rating: 1203 &rarr; <strong>1179</strong><br />(-24 for losing)\n|raw|radstads's rating: 1215 &rarr; <strong>1239</strong><br />(+24 for winning)\n|c|\u2606radstads|gg\n",
  "uploadtime": 1776064167,
  "views": 11,
  "formatid": "gen9championsvgc2026regma",
  "rating": 1179,
  "private": 0,
  "password": null
}