{
  "id": "gen9championsvgc2026regma-2583913248",
  "format": "[Gen 9 Champions] VGC 2026 Reg M-A",
  "players": [
    "microbium",
    "The Carkol Rider"
  ],
  "log": "|j|\u2606microbium\n|j|\u2606The Carkol Rider\n|t:|1776207766\n|gametype|doubles\n|player|p1|microbium|volkner|1107\n|player|p2|The Carkol Rider|grimsley|1154\n|gen|9\n|tier|[Gen 9 Champions] VGC 2026 Reg M-A\n|rated|\n|rule|Species Clause: Limit one of each Pok\u00e9mon\n|rule|Item Clause: Limit 1 of each item\n|clearpoke\n|poke|p1|Froslass, L50, F|\n|poke|p1|Milotic, L50, F|\n|poke|p1|Incineroar, L50, M|\n|poke|p1|Ninetales-Alola, L50, M|\n|poke|p1|Mamoswine, L50, F|\n|poke|p1|Slowking, L50, F|\n|poke|p2|Floette-Eternal, L50, F|\n|poke|p2|Maushold, L50|\n|poke|p2|Garchomp, L50, M|\n|poke|p2|Talonflame, L50, F|\n|poke|p2|Rotom-Wash, L50|\n|poke|p2|Aegislash, L50, F|\n|teampreview|4\n|j| LanternComic\n|j| CloudySkies17695\n|\n|t:|1776207793\n|teamsize|p1|4\n|teamsize|p2|4\n|start\n|switch|p1a: Ninetales|Ninetales-Alola, L50, M|100/100\n|switch|p1b: Slowking|Slowking, L50, F|100/100\n|switch|p2a: Talonflame|Talonflame, L50, F|100/100\n|switch|p2b: Aegislash|Aegislash, L50, F|100/100\n|-weather|Snowscape|[from] ability: Snow Warning|[of] p1a: Ninetales\n|turn|1\n|\n|t:|1776207813\n|move|p2a: Talonflame|Acrobatics|p1a: Ninetales\n|-damage|p1a: Ninetales|59/100\n|move|p1a: Ninetales|Aurora Veil|p1a: Ninetales\n|-sidestart|p1: microbium|move: Aurora Veil\n|-formechange|p2b: Aegislash|Aegislash-Blade|\n|move|p2b: Aegislash|Poltergeist||[still]\n|-fail|p2b: Aegislash\n|move|p1b: Slowking|Surf|p2b: Aegislash|[spread] p1a,p2a,p2b\n|-supereffective|p2a: Talonflame|1\n|-damage|p1a: Ninetales|38/100\n|-damage|p2a: Talonflame|22/100\n|-damage|p2b: Aegislash|52/100\n|\n|-weather|Snowscape|[upkeep]\n|upkeep\n|turn|2\n|\n|t:|1776207834\n|move|p2a: Talonflame|Tailwind|p2a: Talonflame\n|-sidestart|p2: The Carkol Rider|move: Tailwind\n|move|p1a: Ninetales|Blizzard|p2b: Aegislash|[spread] p2a,p2b\n|-resisted|p2b: Aegislash|1\n|-damage|p2a: Talonflame|0 fnt\n|-damage|p2b: Aegislash|22/100\n|faint|p2a: Talonflame\n|move|p2b: Aegislash|Iron Head|p1a: Ninetales\n|-supereffective|p1a: Ninetales|2\n|-damage|p1a: Ninetales|0 fnt\n|faint|p1a: Ninetales\n|move|p1b: Slowking|Blizzard|p2b: Aegislash\n|-resisted|p2b: Aegislash|1\n|-damage|p2b: Aegislash|0 fnt\n|faint|p2b: Aegislash\n|\n|-weather|Snowscape|[upkeep]\n|upkeep\n|\n|t:|1776207845\n|switch|p2a: Floette|Floette-Eternal, L50, F|100/100\n|switch|p1a: Incineroar|Incineroar, L50, M|100/100\n|switch|p2b: Rotom|Rotom-Wash, L50|100/100\n|-ability|p1a: Incineroar|Intimidate|boost\n|-unboost|p2a: Floette|atk|1\n|-unboost|p2b: Rotom|atk|1\n|turn|3\n|\n|t:|1776207859\n|detailschange|p2a: Floette|Floette-Mega, L50, F\n|-mega|p2a: Floette|Floette|Floettite\n|-ability|p2a: Floette|Fairy Aura\n|move|p1a: Incineroar|Fake Out|p2a: Floette\n|-damage|p2a: Floette|82/100\n|cant|p2a: Floette|flinch\n|move|p2b: Rotom|Thunderbolt|p1b: Slowking\n|-supereffective|p1b: Slowking|1\n|-damage|p1b: Slowking|58/100\n|move|p1b: Slowking|Blizzard|p2b: Rotom|[spread] p2a,p2b\n|-resisted|p2b: Rotom|1\n|-damage|p2a: Floette|67/100\n|-damage|p2b: Rotom|88/100\n|\n|-weather|Snowscape|[upkeep]\n|upkeep\n|turn|4\n|\n|t:|1776207885\n|move|p2a: Floette|Moonblast|p1a: Incineroar\n|-damage|p1a: Incineroar|41/100\n|move|p2b: Rotom|Hydro Pump|p1a: Incineroar\n|-supereffective|p1a: Incineroar|1\n|-damage|p1a: Incineroar|0 fnt\n|faint|p1a: Incineroar\n|move|p1b: Slowking|Psychic Noise|p2b: Rotom\n|-damage|p2b: Rotom|55/100\n|-start|p2b: Rotom|move: Heal Block\n|\n|-weather|Snowscape|[upkeep]\n|upkeep\n|\n|t:|1776207892\n|switch|p1a: Froslass|Froslass, L50, F|100/100\n|turn|5\n|\n|t:|1776207905\n|detailschange|p1a: Froslass|Froslass-Mega, L50, F\n|-mega|p1a: Froslass|Froslass|Froslassite\n|move|p2a: Floette|Dazzling Gleam|p1b: Slowking|[spread] p1a,p1b\n|-damage|p1a: Froslass|55/100\n|-damage|p1b: Slowking|33/100\n|move|p2b: Rotom|Thunderbolt|p1b: Slowking\n|-supereffective|p1b: Slowking|1\n|-damage|p1b: Slowking|0 fnt\n|faint|p1b: Slowking\n|move|p1a: Froslass|Blizzard|p2a: Floette|[spread] p2a,p2b\n|-resisted|p2b: Rotom|1\n|-damage|p2a: Floette|35/100\n|-damage|p2b: Rotom|30/100\n|\n|-weather|none\n|-end|p2b: Rotom|move: Heal Block\n|-sideend|p2: The Carkol Rider|move: Tailwind\n|-sideend|p1: microbium|move: Aurora Veil\n|upkeep\n|-enditem|p2b: Rotom|Sitrus Berry|[eat]\n|-heal|p2b: Rotom|55/100|[from] item: Sitrus Berry\n|turn|6\n|\n|t:|1776207918\n|move|p2a: Floette|Protect|p2a: Floette\n|-singleturn|p2a: Floette|Protect\n|move|p1a: Froslass|Blizzard|p2a: Floette|[spread] p2b\n|-activate|p2a: Floette|move: Protect\n|-resisted|p2b: Rotom|1\n|-damage|p2b: Rotom|30/100\n|-status|p2b: Rotom|frz\n|cant|p2b: Rotom|frz\n|\n|upkeep\n|turn|7\n|\n|t:|1776207936\n|move|p1a: Froslass|Blizzard|p2b: Rotom|[spread] p2a\n|-miss|p1a: Froslass|p2b: Rotom\n|-damage|p2a: Floette|0 fnt\n|faint|p2a: Floette\n|cant|p2b: Rotom|frz\n|\n|upkeep\n|turn|8\n|\n|t:|1776207942\n|move|p1a: Froslass|Shadow Ball|p2b: Rotom\n|-damage|p2b: Rotom|0 fnt\n|faint|p2b: Rotom\n|\n|win|microbium\n|raw|microbium's rating: 1107 &rarr; <strong>1135</strong><br />(+28 for winning)\n|raw|The Carkol Rider's rating: 1154 &rarr; <strong>1126</strong><br />(-28 for losing)\n|l|\u2606The Carkol Rider\n|player|p2|\n|l|\u2606microbium\n|player|p1|\n|l| LanternComic\n|j| LanternComic\n|l| LanternComic\n",
  "uploadtime": 1776209513,
  "views": 17,
  "formatid": "gen9championsvgc2026regma",
  "rating": 1126,
  "private": 0,
  "password": null
}