{
  "id": "gen9championsvgc2026regma-2583782033",
  "format": "[Gen 9 Champions] VGC 2026 Reg M-A",
  "players": [
    "rocci",
    "AFRRB"
  ],
  "log": "|j|\u2606rocci\n|j|\u2606AFRRB\n|t:|1776197310\n|gametype|doubles\n|player|p1|rocci|beauty-gen4dp|1118\n|player|p2|AFRRB|alec-anime|1190\n|gen|9\n|tier|[Gen 9 Champions] VGC 2026 Reg M-A\n|rated|\n|rule|Species Clause: Limit one of each Pok\u00e9mon\n|rule|Item Clause: Limit 1 of each item\n|clearpoke\n|poke|p1|Sylveon, L50, F|\n|poke|p1|Slowbro, L50, F|\n|poke|p1|Tyranitar, L50, F|\n|poke|p1|Farigiraf, L50, F|\n|poke|p1|Clefable, L50, M|\n|poke|p1|Conkeldurr, L50, F|\n|poke|p2|Crabominable, L50, F|\n|poke|p2|Sinistcha, L50|\n|poke|p2|Archaludon, L50, M|\n|poke|p2|Basculegion, L50, M|\n|poke|p2|Pelipper, L50, F|\n|poke|p2|Incineroar, L50, M|\n|teampreview|4\nAFRRB rejected open team sheets.\n|\n|t:|1776197348\n|teamsize|p1|4\n|teamsize|p2|4\n|start\n|switch|p1a: Conkeldurr|Conkeldurr, L50, F|100/100\n|switch|p1b: Tyranitar|Tyranitar, L50, F|100/100\n|switch|p2a: Pelipper|Pelipper, L50, F, shiny|100/100\n|switch|p2b: Archaludon|Archaludon, L50, M, shiny|100/100\n|-weather|RainDance|[from] ability: Drizzle|[of] p2a: Pelipper\n|-weather|Sandstorm|[from] ability: Sand Stream|[of] p1b: Tyranitar\n|turn|1\n|\n|t:|1776197364\n|switch|p1b: Slowbro|Slowbro, L50, F|100/100\n|move|p2b: Archaludon|Flash Cannon|p1b: Slowbro\n|-resisted|p1b: Slowbro|1\n|-damage|p1b: Slowbro|80/100\n|-unboost|p1b: Slowbro|spd|1\n|move|p2a: Pelipper|Hurricane|p1a: Conkeldurr|[miss]\n|-miss|p2a: Pelipper|p1a: Conkeldurr\n|move|p1a: Conkeldurr|Drain Punch|p2b: Archaludon\n|-supereffective|p2b: Archaludon|1\n|-damage|p2b: Archaludon|6/100\n|\n|-weather|Sandstorm|[upkeep]\n|-damage|p2a: Pelipper|95/100|[from] Sandstorm\n|-damage|p1a: Conkeldurr|95/100|[from] Sandstorm\n|-damage|p1b: Slowbro|74/100|[from] Sandstorm\n|upkeep\n|turn|2\n|\n|t:|1776197387\n|switch|p2b: Sinistcha|Sinistcha, L50, shiny|100/100\n|-heal|p2a: Pelipper|100/100|[from] ability: Hospitality|[of] p2b: Sinistcha\n|switch|p1b: Tyranitar|Tyranitar, L50, F|100/100\n|move|p2a: Pelipper|Hurricane|p1a: Conkeldurr\n|-supereffective|p1a: Conkeldurr|1\n|-damage|p1a: Conkeldurr|0 fnt\n|faint|p1a: Conkeldurr\n|\n|-weather|Sandstorm|[upkeep]\n|-damage|p2a: Pelipper|95/100|[from] Sandstorm\n|-damage|p2b: Sinistcha|94/100|[from] Sandstorm\n|upkeep\n|\n|t:|1776197396\n|switch|p1a: Slowbro|Slowbro, L50, F|74/100\n|turn|3\n|\n|t:|1776197417\n|switch|p2a: Archaludon|Archaludon, L50, M, shiny|6/100\n|detailschange|p1a: Slowbro|Slowbro-Mega, L50, F\n|-mega|p1a: Slowbro|Slowbro|Slowbronite\n|move|p2b: Sinistcha|Matcha Gotcha|p1b: Tyranitar|[spread] p1a,p1b\n|-supereffective|p1a: Slowbro|1\n|-supereffective|p1b: Tyranitar|1\n|-damage|p1a: Slowbro|20/100\n|-heal|p2b: Sinistcha|100/100|[from] drain|[of] p1a: Slowbro\n|-damage|p1b: Tyranitar|72/100\n|move|p1b: Tyranitar|Crunch|p2b: Sinistcha\n|-supereffective|p2b: Sinistcha|1\n|-damage|p2b: Sinistcha|23/100\n|move|p1a: Slowbro|Trick Room|p1a: Slowbro\n|-fieldstart|move: Trick Room|[of] p1a: Slowbro\n|\n|-weather|Sandstorm|[upkeep]\n|-damage|p1a: Slowbro|14/100|[from] Sandstorm\n|-damage|p2b: Sinistcha|16/100|[from] Sandstorm\n|upkeep\n|turn|4\n|\n|t:|1776197433\n|move|p1a: Slowbro|Slack Off|p1a: Slowbro\n|-heal|p1a: Slowbro|64/100\n|move|p1b: Tyranitar|Rock Slide|p2a: Archaludon|[spread] p2a,p2b\n|-resisted|p2a: Archaludon|1\n|-damage|p2a: Archaludon|0 fnt\n|-damage|p2b: Sinistcha|0 fnt\n|faint|p2a: Archaludon\n|faint|p2b: Sinistcha\n|\n|-weather|Sandstorm|[upkeep]\n|-damage|p1a: Slowbro|58/100|[from] Sandstorm\n|upkeep\n|\n|t:|1776197439\n|switch|p2b: Crabominable|Crabominable, L50, F, shiny|100/100\n|switch|p2a: Pelipper|Pelipper, L50, F, shiny|95/100\n|-weather|RainDance|[from] ability: Drizzle|[of] p2a: Pelipper\n|turn|5\n|\n|t:|1776197451\n|detailschange|p2b: Crabominable|Crabominable-Mega, L50, F, shiny\n|-mega|p2b: Crabominable|Crabominable|Crabominite\n|move|p1a: Slowbro|Scald|p2b: Crabominable\n|-damage|p2b: Crabominable|62/100\n|move|p2b: Crabominable|Ice Hammer|p1a: Slowbro\n|-resisted|p1a: Slowbro|1\n|-damage|p1a: Slowbro|44/100\n|-unboost|p2b: Crabominable|spe|1\n|move|p1b: Tyranitar|Rock Slide|p2b: Crabominable|[spread] p2a,p2b\n|-supereffective|p2a: Pelipper|1\n|-damage|p2a: Pelipper|16/100\n|-damage|p2b: Crabominable|39/100\n|move|p2a: Pelipper|Hurricane|p1a: Slowbro\n|-damage|p1a: Slowbro|0 fnt\n|faint|p1a: Slowbro\n|\n|-weather|RainDance|[upkeep]\n|upkeep\n|\n|t:|1776197462\n|switch|p1a: Sylveon|Sylveon, L50, F|100/100\n|turn|6\n|\n|t:|1776197477\n|move|p2b: Crabominable|Protect|p2b: Crabominable\n|-singleturn|p2b: Crabominable|Protect\n|move|p1a: Sylveon|Hyper Voice|p2b: Crabominable|[spread] p2a\n|-activate|p2b: Crabominable|move: Protect\n|-damage|p2a: Pelipper|0 fnt\n|faint|p2a: Pelipper\n|move|p1b: Tyranitar|Rock Slide|p2b: Crabominable\n|-activate|p2b: Crabominable|move: Protect\n|\n|-weather|RainDance|[upkeep]\n|upkeep\n|turn|7\n|\n|t:|1776197486\n|move|p2b: Crabominable|Drain Punch|p1b: Tyranitar\n|-supereffective|p1b: Tyranitar|2\n|-damage|p1b: Tyranitar|0 fnt\n|-heal|p2b: Crabominable|75/100|[from] drain|[of] p1b: Tyranitar\n|faint|p1b: Tyranitar\n|move|p1a: Sylveon|Hyper Voice|p2b: Crabominable\n|-supereffective|p2b: Crabominable|1\n|-damage|p2b: Crabominable|0 fnt\n|faint|p2b: Crabominable\n|\n|win|rocci\n|raw|rocci's rating: 1118 &rarr; <strong>1148</strong><br />(+30 for winning)\n|raw|AFRRB's rating: 1190 &rarr; <strong>1160</strong><br />(-30 for losing)\n",
  "uploadtime": 1776197489,
  "views": 39,
  "formatid": "gen9championsvgc2026regma",
  "rating": 1148,
  "private": 0,
  "password": null
}