{
  "id": "gen9championsvgc2026regma-2583693296",
  "format": "[Gen 9 Champions] VGC 2026 Reg M-A",
  "players": [
    "CrimsonBush",
    "Pewmi"
  ],
  "log": "|j|\u2606CrimsonBush\n|j|\u2606Pewmi\n|t:|1776191429\n|gametype|doubles\n|player|p1|CrimsonBush|cilan|1118\n|player|p2|Pewmi|2|1054\n|gen|9\n|tier|[Gen 9 Champions] VGC 2026 Reg M-A\n|rated|\n|rule|Species Clause: Limit one of each Pok\u00e9mon\n|rule|Item Clause: Limit 1 of each item\n|clearpoke\n|poke|p1|Meowstic, L50, M|\n|poke|p1|Pelipper, L50, M|\n|poke|p1|Greninja-*, L50, F|\n|poke|p1|Garchomp, L50, F|\n|poke|p1|Aegislash, L50, F|\n|poke|p1|Meganium, L50, M|\n|poke|p2|Incineroar, L50, M|\n|poke|p2|Garchomp, L50, F|\n|poke|p2|Charizard, L50, M|\n|poke|p2|Typhlosion-Hisui, L50, M|\n|poke|p2|Floette-Eternal, L50, F|\n|poke|p2|Farigiraf, L50, M|\n|teampreview|4\n|inactive|Battle timer is ON: inactive players will automatically lose when time's up. (requested by Pewmi)\n|inactive|CrimsonBush also wants the timer to be on.\n|inactive|Pewmi has 60 seconds left.\n|\n|t:|1776191467\n|teamsize|p1|4\n|teamsize|p2|4\n|start\n|switch|p1a: Greninja|Greninja, L50, F|100/100\n|switch|p1b: Pelipper|Pelipper, L50, M|100/100\n|switch|p2a: Charizard|Charizard, L50, M|100/100\n|switch|p2b: Typhlosion|Typhlosion-Hisui, L50, M|100/100\n|-item|p1a: Greninja|Greninjite|[from] ability: Frisk|[of] p2b: Typhlosion\n|-item|p1b: Pelipper|Mystic Water|[from] ability: Frisk|[of] p2b: Typhlosion\n|-weather|RainDance|[from] ability: Drizzle|[of] p1b: Pelipper\n|turn|1\n|\n|t:|1776191487\n|switch|p2b: Farigiraf|Farigiraf, L50, M|100/100\n|switch|p1b: Garchomp|Garchomp, L50, F|100/100\n|detailschange|p2a: Charizard|Charizard-Mega-Y, L50, M\n|-mega|p2a: Charizard|Charizard|Charizardite Y\n|-weather|SunnyDay|[from] ability: Drought|[of] p2a: Charizard\n|move|p1a: Greninja|Protect|p1a: Greninja\n|-start|p1a: Greninja|typechange|Normal|[from] ability: Protean\n|-singleturn|p1a: Greninja|Protect\n|move|p2a: Charizard|Protect||[still]\n|-fail|p2a: Charizard\n|\n|-weather|SunnyDay|[upkeep]\n|upkeep\n|turn|2\n|\n|t:|1776191509\n|switch|p1a: Pelipper|Pelipper, L50, M|100/100\n|-weather|RainDance|[from] ability: Drizzle|[of] p1a: Pelipper\n|move|p2a: Charizard|Heat Wave|p1b: Garchomp|[spread] p1a,p1b\n|-resisted|p1a: Pelipper|1\n|-resisted|p1b: Garchomp|1\n|-damage|p1a: Pelipper|89/100\n|-damage|p1b: Garchomp|90/100\n|-status|p1a: Pelipper|brn\n|move|p1b: Garchomp|Rock Slide|p2b: Farigiraf|[spread] p2a,p2b\n|-supereffective|p2a: Charizard|2\n|-damage|p2a: Charizard|0 fnt\n|-damage|p2b: Farigiraf|81/100\n|faint|p2a: Charizard\n|move|p2b: Farigiraf|Dazzling Gleam|p1a: Pelipper|[spread] p1a,p1b\n|-supereffective|p1b: Garchomp|1\n|-damage|p1a: Pelipper|67/100 brn\n|-damage|p1b: Garchomp|54/100\n|\n|-weather|RainDance|[upkeep]\n|-damage|p1a: Pelipper|61/100 brn|[from] brn\n|upkeep\n|\n|t:|1776191529\n|switch|p2a: Garchomp|Garchomp, L50, F|100/100\n|turn|3\n|\n|t:|1776191539\n|move|p1b: Garchomp|Protect|p1b: Garchomp\n|-singleturn|p1b: Garchomp|Protect\n|move|p2a: Garchomp|Rock Slide|p1a: Pelipper|[spread] p1a\n|-activate|p1b: Garchomp|move: Protect\n|-supereffective|p1a: Pelipper|1\n|-damage|p1a: Pelipper|21/100 brn\n|cant|p1a: Pelipper|flinch\n|move|p2b: Farigiraf|Dazzling Gleam|p1a: Pelipper|[spread] p1a\n|-activate|p1b: Garchomp|move: Protect\n|-damage|p1a: Pelipper|0 fnt\n|faint|p1a: Pelipper\n|\n|-weather|RainDance|[upkeep]\n|upkeep\n|\n|t:|1776191552\n|switch|p1a: Greninja|Greninja, L50, F|100/100\n|turn|4\n|\n|t:|1776191559\n|detailschange|p1a: Greninja|Greninja-Mega, L50, F\n|-mega|p1a: Greninja|Greninja|Greninjite\n|move|p1a: Greninja|Surf|p2a: Garchomp|[spread] p1b,p2a,p2b\n|-start|p1a: Greninja|typechange|Water|[from] ability: Protean\n|-damage|p1b: Garchomp|0 fnt\n|-damage|p2a: Garchomp|38/100\n|-damage|p2b: Farigiraf|23/100\n|faint|p1b: Garchomp\n|move|p2a: Garchomp|Rock Slide|p1a: Greninja\n|-damage|p1a: Greninja|53/100\n|move|p2b: Farigiraf|Dazzling Gleam|p1a: Greninja\n|-damage|p1a: Greninja|15/100\n|\n|-weather|RainDance|[upkeep]\n|upkeep\n|\n|t:|1776191566\n|switch|p1b: Aegislash|Aegislash, L50, F|100/100\n|turn|5\n|\n|t:|1776191579\n|move|p1b: Aegislash|King's Shield|p1b: Aegislash\n|-singleturn|p1b: Aegislash|Protect\n|move|p1a: Greninja|Surf|p2a: Garchomp|[spread] p2a,p2b\n|-activate|p1b: Aegislash|move: Protect\n|-damage|p2a: Garchomp|0 fnt\n|-damage|p2b: Farigiraf|0 fnt\n|faint|p2a: Garchomp\n|faint|p2b: Farigiraf\n|\n|-weather|RainDance|[upkeep]\n|upkeep\n|\n|t:|1776191588\n|switch|p2b: Typhlosion|Typhlosion-Hisui, L50, M|100/100\n|-item|p1a: Greninja|Greninjite|[from] ability: Frisk|[of] p2b: Typhlosion\n|-item|p1b: Aegislash|Shuca Berry|[from] ability: Frisk|[of] p2b: Typhlosion\n|turn|6\n|\n|t:|1776191597\n|-formechange|p1b: Aegislash|Aegislash-Blade|\n|move|p1b: Aegislash|Shadow Sneak|p2b: Typhlosion\n|-supereffective|p2b: Typhlosion|1\n|-damage|p2b: Typhlosion|30/100\n|move|p2b: Typhlosion|Heat Wave|p1a: Greninja|[spread] p1a,p1b\n|-resisted|p1a: Greninja|1\n|-supereffective|p1b: Aegislash|1\n|-damage|p1a: Greninja|3/100\n|-damage|p1b: Aegislash|55/100\n|move|p1a: Greninja|Surf|p2b: Typhlosion|[spread] p1b,p2b\n|-supereffective|p2b: Typhlosion|1\n|-damage|p1b: Aegislash|0 fnt\n|-damage|p2b: Typhlosion|0 fnt\n|faint|p1b: Aegislash\n|faint|p2b: Typhlosion\n|\n|win|CrimsonBush\n|raw|CrimsonBush's rating: 1118 &rarr; <strong>1138</strong><br />(+20 for winning)\n|raw|Pewmi's rating: 1054 &rarr; <strong>1039</strong><br />(-15 for losing)\n|l|\u2606Pewmi\n|player|p2|\n",
  "uploadtime": 1776191617,
  "views": 15,
  "formatid": "gen9championsvgc2026regma",
  "rating": 1039,
  "private": 0,
  "password": null
}