{
  "id": "gen9championsvgc2026regma-2587045105",
  "format": "[Gen 9 Champions] VGC 2026 Reg M-A",
  "players": [
    "KOPLUS",
    "BlackWu"
  ],
  "log": "|j|\u203dKOPLUS\n|j|\u2606BlackWu\n|t:|1776486170\n|gametype|doubles\n|player|p1|KOPLUS|169|1169\n|player|p2|BlackWu|265|1230\n|gen|9\n|tier|[Gen 9 Champions] VGC 2026 Reg M-A\n|rated|\n|rule|Species Clause: Limit one of each Pok\u00e9mon\n|rule|Item Clause: Limit 1 of each item\n|clearpoke\n|poke|p1|Pelipper, L50, M|\n|poke|p1|Maushold, L50|\n|poke|p1|Sneasler, L50, M|\n|poke|p1|Dragonite, L50, F|\n|poke|p1|Basculegion-F, L50, F|\n|poke|p1|Meowstic, L50, M|\n|poke|p2|Tyranitar, L50, F|\n|poke|p2|Sneasler, L50, F|\n|poke|p2|Gyarados, L50, F|\n|poke|p2|Goodra-Hisui, L50, M|\n|poke|p2|Sinistcha, L50|\n|poke|p2|Farigiraf, L50, M|\n|teampreview|4\n|\n|t:|1776486199\n|teamsize|p1|4\n|teamsize|p2|4\n|start\n|switch|p1a: Maushold|Maushold, L50|100/100\n|switch|p1b: Meowstic|Meowstic, L50, M|100/100\n|switch|p2a: Goodra|Goodra-Hisui, L50, M|100/100\n|switch|p2b: Farigiraf|Farigiraf, L50, M|100/100\n|turn|1\n|\n|t:|1776486208\n|move|p1b: Meowstic|Gravity|p1b: Meowstic\n|-fieldstart|move: Gravity\n|move|p1a: Maushold|Population Bomb|p2b: Farigiraf\n|-crit|p2b: Farigiraf\n|-damage|p2b: Farigiraf|83/100\n|-damage|p2b: Farigiraf|72/100\n|-damage|p2b: Farigiraf|60/100\n|-damage|p2b: Farigiraf|49/100\n|-damage|p2b: Farigiraf|37/100\n|-damage|p2b: Farigiraf|25/100\n|-damage|p2b: Farigiraf|14/100\n|-damage|p2b: Farigiraf|3/100\n|-damage|p2b: Farigiraf|0 fnt\n|faint|p2b: Farigiraf\n|-hitcount|p2: Farigiraf|9\n|move|p2a: Goodra|Shelter|p2a: Goodra\n|-boost|p2a: Goodra|def|2\n|\n|upkeep\n|\n|t:|1776486216\n|switch|p2b: Sinistcha|Sinistcha, L50|100/100\n|turn|2\n|\n|t:|1776486243\n|detailschange|p1b: Meowstic|Meowstic-M-Mega, L50, M\n|-mega|p1b: Meowstic|Meowstic|Meowsticite\n|-ability|p1b: Meowstic|Hospitality|Trace|[from] ability: Trace|[of] p2b: Sinistcha\n|move|p1a: Maushold|Helping Hand|p1b: Meowstic\n|-singleturn|p1b: Meowstic|Helping Hand|[of] p1a: Maushold\n|move|p1b: Meowstic|Expanding Force|p2b: Sinistcha\n|-damage|p2b: Sinistcha|38/100\n|move|p2b: Sinistcha|Matcha Gotcha|p1b: Meowstic|[spread] p1a,p1b\n|-damage|p1a: Maushold|64/100\n|-heal|p2b: Sinistcha|53/100|[from] drain|[of] p1a: Maushold\n|-damage|p1b: Meowstic|70/100\n|-heal|p2b: Sinistcha|66/100|[from] drain|[of] p1b: Meowstic\n|-status|p1b: Meowstic|brn\n|move|p2a: Goodra|Body Press|p1a: Maushold\n|-supereffective|p1a: Maushold|1\n|-damage|p1a: Maushold|0 fnt\n|faint|p1a: Maushold\n|\n|-damage|p1b: Meowstic|64/100 brn|[from] brn\n|upkeep\n|\n|t:|1776486252\n|switch|p1a: Basculegion|Basculegion-F, L50, F|100/100\n|turn|3\n|inactive|Battle timer is ON: inactive players will automatically lose when time's up. (requested by KOPLUS)\n|\n|t:|1776486266\n|move|p2b: Sinistcha|Protect|p2b: Sinistcha\n|-singleturn|p2b: Sinistcha|Protect\n|move|p1a: Basculegion|Shadow Ball|p2b: Sinistcha\n|-activate|p2b: Sinistcha|move: Protect\n|move|p1b: Meowstic|Expanding Force|p2a: Goodra\n|-resisted|p2a: Goodra|1\n|-damage|p2a: Goodra|87/100\n|move|p2a: Goodra|Heavy Slam|p1b: Meowstic\n|-damage|p1b: Meowstic|2/100 brn\n|\n|-heal|p2a: Goodra|92/100|[from] item: Leftovers\n|-damage|p1b: Meowstic|0 fnt|[from] brn\n|faint|p1b: Meowstic\n|upkeep\n|\n|t:|1776486269\n|switch|p1b: Sneasler|Sneasler, L50, M|100/100\n|turn|4\n|inactive|BlackWu has 30 seconds left.\n|inactive|BlackWu has 20 seconds left.\n|\n|t:|1776486307\n|switch|p2b: Tyranitar|Tyranitar, L50, F|100/100\n|-weather|Sandstorm|[from] ability: Sand Stream|[of] p2b: Tyranitar\n|move|p1a: Basculegion|Shadow Ball|p2b: Tyranitar\n|-resisted|p2b: Tyranitar|1\n|-damage|p2b: Tyranitar|85/100\n|move|p1b: Sneasler|Close Combat|p2a: Goodra\n|-supereffective|p2a: Goodra|1\n|-damage|p2a: Goodra|46/100\n|-unboost|p1b: Sneasler|def|1\n|-unboost|p1b: Sneasler|spd|1\n|-enditem|p1b: Sneasler|White Herb\n|-clearnegativeboost|p1b: Sneasler|[silent]\n|move|p2a: Goodra|Heavy Slam|p1b: Sneasler\n|-damage|p1b: Sneasler|24/100\n|\n|-weather|Sandstorm|[upkeep]\n|-damage|p1b: Sneasler|19/100|[from] Sandstorm\n|-damage|p1a: Basculegion|94/100|[from] Sandstorm\n|-heal|p2a: Goodra|52/100|[from] item: Leftovers\n|upkeep\n|turn|5\n|\n|t:|1776486326\n|move|p2b: Tyranitar|Protect|p2b: Tyranitar\n|-singleturn|p2b: Tyranitar|Protect\n|move|p2a: Goodra|Protect|p2a: Goodra\n|-singleturn|p2a: Goodra|Protect\n|move|p1b: Sneasler|Close Combat|p2b: Tyranitar\n|-activate|p2b: Tyranitar|move: Protect\n|move|p1a: Basculegion|Shadow Ball|p2a: Goodra\n|-activate|p2a: Goodra|move: Protect\n|\n|-weather|Sandstorm|[upkeep]\n|-damage|p1b: Sneasler|13/100|[from] Sandstorm\n|-damage|p1a: Basculegion|88/100|[from] Sandstorm\n|-heal|p2a: Goodra|58/100|[from] item: Leftovers\n|-fieldend|move: Gravity\n|upkeep\n|turn|6\n|\n|t:|1776486346\n|switch|p2b: Sinistcha|Sinistcha, L50|66/100\n|-heal|p2a: Goodra|83/100|[from] ability: Hospitality|[of] p2b: Sinistcha\n|move|p1b: Sneasler|Close Combat|p2b: Sinistcha\n|-immune|p2b: Sinistcha\n|move|p1a: Basculegion|Shadow Ball|p2a: Goodra\n|-damage|p2a: Goodra|49/100\n|move|p2a: Goodra|Heavy Slam|p1b: Sneasler\n|-damage|p1b: Sneasler|0 fnt\n|faint|p1b: Sneasler\n|\n|-weather|Sandstorm|[upkeep]\n|-damage|p1a: Basculegion|82/100|[from] Sandstorm\n|-damage|p2b: Sinistcha|59/100|[from] Sandstorm\n|-heal|p2a: Goodra|55/100|[from] item: Leftovers\n|upkeep\n|turn|7\n|inactive|KOPLUS has 30 seconds left.\n|inactive|KOPLUS has 20 seconds left.\n|inactive|KOPLUS has 15 seconds left.\n|-message|KOPLUS forfeited.\n|\n|win|BlackWu\n|raw|KOPLUS's rating: 1190 &rarr; <strong>1168</strong><br />(-22 for losing)\n|raw|BlackWu's rating: 1230 &rarr; <strong>1252</strong><br />(+22 for winning)\n|l|\u203dKOPLUS\n|player|p1|\n",
  "uploadtime": 1776486390,
  "views": 24,
  "formatid": "gen9championsvgc2026regma",
  "rating": 1168,
  "private": 0,
  "password": null
}