{
  "id": "gen9championsvgc2026regma-2588436988",
  "format": "[Gen 9 Champions] VGC 2026 Reg M-A",
  "players": [
    "piktocat",
    "bigpedro"
  ],
  "log": "|j|\u2606piktocat\n|j|\u2606bigpedro\n|t:|1776633435\n|gametype|doubles\n|player|p1|piktocat|caitlin|1338\n|player|p2|bigpedro|wallace|1351\n|gen|9\n|tier|[Gen 9 Champions] VGC 2026 Reg M-A\n|rated|\n|rule|Species Clause: Limit one of each Pok\u00e9mon\n|rule|Item Clause: Limit 1 of each item\n|clearpoke\n|poke|p1|Basculegion, L50, M|\n|poke|p1|Maushold, L50|\n|poke|p1|Floette-Eternal, L50, F|\n|poke|p1|Aegislash, L50, F|\n|poke|p1|Talonflame, L50, F|\n|poke|p1|Garchomp, L50, M|\n|poke|p2|Floette-Eternal, L50, F|\n|poke|p2|Delphox, L50, M|\n|poke|p2|Aerodactyl, L50, F|\n|poke|p2|Garchomp, L50, F|\n|poke|p2|Basculegion, L50, M|\n|poke|p2|Sinistcha, L50|\n|teampreview|4\n|inactive|Battle timer is ON: inactive players will automatically lose when time's up. (requested by bigpedro)\n|inactive|piktocat also wants the timer to be on.\nbigpedro rejected open team sheets.\n|inactive|piktocat has 60 seconds left.\n|\n|t:|1776633474\n|teamsize|p1|4\n|teamsize|p2|4\n|start\n|switch|p1a: Floette|Floette-Eternal, L50, F|100/100\n|switch|p1b: Basculegion|Basculegion, L50, M|100/100\n|switch|p2a: Aerodactyl|Aerodactyl, L50, F|100/100\n|switch|p2b: Basculegion|Basculegion, L50, M|100/100\n|-ability|p2a: Aerodactyl|Unnerve\n|turn|1\n|inactive|piktocat has 30 seconds left.\n|inactive|piktocat has 20 seconds left.\n|inactive|piktocat has 15 seconds left.\n|inactive|piktocat has 10 seconds left.\n|inactive|piktocat has 5 seconds left.\n|\n|t:|1776633526\n|detailschange|p1a: Floette|Floette-Mega, L50, F\n|-mega|p1a: Floette|Floette|Floettite\n|-ability|p1a: Floette|Fairy Aura\n|move|p2b: Basculegion|Wave Crash|p1a: Floette\n|-damage|p1a: Floette|18/100\n|-damage|p2b: Basculegion|75/100|[from] Recoil\n|move|p2a: Aerodactyl|Rock Slide|p1b: Basculegion|[spread] p1a,p1b\n|-damage|p1a: Floette|0 fnt\n|-damage|p1b: Basculegion|71/100\n|faint|p1a: Floette\n|cant|p1b: Basculegion|flinch\n|\n|upkeep\n|\n|t:|1776633537\n|switch|p1a: Aegislash|Aegislash, L50, F|100/100\n|turn|2\n|\n|t:|1776633553\n|-formechange|p1a: Aegislash|Aegislash-Blade|\n|move|p1a: Aegislash|Shadow Sneak|p2b: Basculegion\n|-supereffective|p2b: Basculegion|1\n|-damage|p2b: Basculegion|0 fnt\n|faint|p2b: Basculegion\n|move|p2a: Aerodactyl|Dual Wingbeat|p1b: Basculegion\n|-damage|p1b: Basculegion|49/100\n|-damage|p1b: Basculegion|27/100\n|-hitcount|p1b: Basculegion|2\n|move|p1b: Basculegion|Flip Turn|p2a: Aerodactyl\n|-supereffective|p2a: Aerodactyl|1\n|-damage|p2a: Aerodactyl|9/100\n|\n|t:|1776633564\n|switch|p1b: Talonflame|Talonflame, L50, F|100/100|[from] Flip Turn\n|\n|upkeep\n|\n|t:|1776633571\n|switch|p2b: Garchomp|Garchomp, L50, F|100/100\n|turn|3\n|\n|t:|1776633583\n|move|p1b: Talonflame|Protect|p1b: Talonflame\n|-singleturn|p1b: Talonflame|Protect\n|move|p1a: Aegislash|Shadow Sneak|p2a: Aerodactyl\n|-damage|p2a: Aerodactyl|0 fnt\n|faint|p2a: Aerodactyl\n|move|p2b: Garchomp|Earthquake|p1b: Talonflame|[spread] p1a\n|-activate|p1b: Talonflame|move: Protect\n|-supereffective|p1a: Aegislash|1\n|-damage|p1a: Aegislash|0 fnt\n|faint|p1a: Aegislash\n|\n|upkeep\n|\n|t:|1776633593\n|switch|p2a: Delphox|Delphox, L50, M|100/100\n|switch|p1a: Basculegion|Basculegion, L50, M|27/100\n|turn|4\n|\n|t:|1776633609\n|detailschange|p2a: Delphox|Delphox-Mega, L50, M\n|-mega|p2a: Delphox|Delphox|Delphoxite\n|move|p2a: Delphox|Protect|p2a: Delphox\n|-singleturn|p2a: Delphox|Protect\n|move|p1b: Talonflame|Acrobatics|p2b: Garchomp\n|-damage|p2b: Garchomp|61/100\n|-damage|p1b: Talonflame|88/100|[from] ability: Rough Skin|[of] p2b: Garchomp\n|move|p1a: Basculegion|Last Respects|p2a: Delphox\n|-activate|p2a: Delphox|move: Protect\n|move|p2b: Garchomp|Earthquake|p1b: Talonflame|[spread] p1a\n|-activate|p2a: Delphox|move: Protect\n|-immune|p1b: Talonflame\n|-damage|p1a: Basculegion|0 fnt\n|faint|p1a: Basculegion\n|\n|upkeep\n|turn|5\n|-message|piktocat forfeited.\n|\n|win|bigpedro\n|raw|piktocat's rating: 1338 &rarr; <strong>1319</strong><br />(-19 for losing)\n|raw|bigpedro's rating: 1351 &rarr; <strong>1370</strong><br />(+19 for winning)\n|l|\u2606piktocat\n|player|p1|\n",
  "uploadtime": 1776633635,
  "views": 15,
  "formatid": "gen9championsvgc2026regma",
  "rating": 1319,
  "private": 0,
  "password": null
}