{
  "id": "gen9championsvgc2026regma-2580988491",
  "format": "[Gen 9 Champions] VGC 2026 Reg M-A",
  "players": [
    "VGC Lys w<",
    "Tindall64"
  ],
  "log": "|j|\u2606VGC Lys w<\n|j|\u2606Tindall64\n|t:|1775949405\n|gametype|doubles\n|player|p1|VGC Lys w<|miku-fairy|1025\n|player|p2|Tindall64|2|1111\n|gen|9\n|tier|[Gen 9 Champions] VGC 2026 Reg M-A\n|rated|\n|rule|Species Clause: Limit one of each Pok\u00e9mon\n|rule|Item Clause: Limit 1 of each item\n|clearpoke\n|poke|p1|Glimmora, L50, M|\n|poke|p1|Maushold-Four, L50|\n|poke|p1|Arcanine-Hisui, L50, F|\n|poke|p1|Noivern, L50, F|\n|poke|p1|Blastoise, L50, F|\n|poke|p1|Meowstic, L50, M|\n|poke|p2|Aggron, L50, M|\n|poke|p2|Pelipper, L50, F|\n|poke|p2|Incineroar, L50, M|\n|poke|p2|Basculegion, L50, M|\n|poke|p2|Garchomp, L50, F|\n|poke|p2|Sinistcha-Masterpiece, L50|\n|teampreview|4\n|inactive|Battle timer is ON: inactive players will automatically lose when time's up. (requested by VGC Lys w<)\n|inactive|VGC Lys w< has 60 seconds left.\n|inactive|Tindall64 has 60 seconds left.\n|inactive|Tindall64 has 30 seconds left.\n|inactive|Tindall64 has 20 seconds left.\n|inactive|Tindall64 has 15 seconds left.\n|\n|t:|1775949481\n|teamsize|p1|4\n|teamsize|p2|4\n|start\n|switch|p1a: Blastoise|Blastoise, L50, F|100/100\n|switch|p1b: Meowstic|Meowstic, L50, M|100/100\n|switch|p2a: Basculegion|Basculegion, L50, M|100/100\n|switch|p2b: Garchomp|Garchomp, L50, F|100/100\n|turn|1\n|inactive|Tindall64 has 30 seconds left.\n|inactive|VGC Lys w< has 30 seconds left.\n|\n|t:|1775949521\n|switch|p2b: Incineroar|Incineroar, L50, M|100/100\n|-ability|p2b: Incineroar|Intimidate|boost\n|-unboost|p1a: Blastoise|atk|1\n|-unboost|p1b: Meowstic|atk|1\n|move|p1b: Meowstic|Thunder Wave|p2a: Basculegion\n|-status|p2a: Basculegion|par\n|move|p1a: Blastoise|Ice Beam|p2b: Incineroar\n|-resisted|p2b: Incineroar|1\n|-damage|p2b: Incineroar|91/100\n|move|p2a: Basculegion|Wave Crash|p1a: Blastoise\n|-resisted|p1a: Blastoise|1\n|-damage|p1a: Blastoise|52/100\n|-damage|p2a: Basculegion|88/100 par|[from] Recoil\n|\n|upkeep\n|turn|2\n|\n|t:|1775949543\n|switch|p1a: Noivern|Noivern, L50, F, shiny|100/100\n|-item|p2a: Basculegion|Choice Scarf|[from] ability: Frisk|[of] p1a: Noivern\n|-item|p2b: Incineroar|Chople Berry|[from] ability: Frisk|[of] p1a: Noivern\n|switch|p2a: Garchomp|Garchomp, L50, F|100/100\n|move|p2b: Incineroar|Fake Out|p1a: Noivern\n|-damage|p1a: Noivern|89/100\n|move|p1b: Meowstic|Psychic Terrain|p1b: Meowstic\n|-fieldstart|move: Psychic Terrain\n|\n|upkeep\n|turn|3\n|\n|t:|1775949568\n|move|p2a: Garchomp|Protect|p2a: Garchomp\n|-singleturn|p2a: Garchomp|Protect\n|move|p1a: Noivern|Tailwind|p1a: Noivern\n|-sidestart|p1: VGC Lys w<|move: Tailwind\n|move|p1b: Meowstic|Psychic|p2a: Garchomp\n|-activate|p2a: Garchomp|move: Protect\n|move|p2b: Incineroar|Parting Shot|p1a: Noivern\n|-unboost|p1a: Noivern|atk|1\n|-unboost|p1a: Noivern|spa|1\n|\n|t:|1775949577\n|switch|p2b: Sinistcha|Sinistcha-Masterpiece, L50|100/100|[from] Parting Shot\n|\n|upkeep\n|turn|4\n|\n|t:|1775949601\n|switch|p2a: Incineroar|Incineroar, L50, M|91/100\n|-ability|p2a: Incineroar|Intimidate|boost\n|-unboost|p1a: Noivern|atk|1\n|-unboost|p1b: Meowstic|atk|1\n|move|p1a: Noivern|Draco Meteor|p2a: Incineroar\n|-damage|p2a: Incineroar|67/100\n|-unboost|p1a: Noivern|spa|2\n|move|p1b: Meowstic|Psychic|p2a: Incineroar\n|-immune|p2a: Incineroar\n|move|p2b: Sinistcha|Trick Room|p2b: Sinistcha\n|-fieldstart|move: Trick Room|[of] p2b: Sinistcha\n|\n|upkeep\n|turn|5\n|\n|t:|1775949616\n|move|p1a: Noivern|Protect|p1a: Noivern\n|-singleturn|p1a: Noivern|Protect\n|move|p1b: Meowstic|Thunder Wave|p2b: Sinistcha\n|-activate|p2b: Sinistcha|move: Psychic Terrain\n|move|p2a: Incineroar|Throat Chop|p1a: Noivern\n|-activate|p1a: Noivern|move: Protect\n|move|p2b: Sinistcha|Matcha Gotcha|p1b: Meowstic|[spread] p1b\n|-activate|p1a: Noivern|move: Protect\n|-damage|p1b: Meowstic|70/100\n|\n|upkeep\n|turn|6\n|\n|t:|1775949635\n|move|p2a: Incineroar|Throat Chop|p1a: Noivern\n|-damage|p1a: Noivern|52/100\n|-start|p1a: Noivern|Throat Chop|[silent]\n|move|p2b: Sinistcha|Matcha Gotcha|p1b: Meowstic|[spread] p1a,p1b\n|-resisted|p1a: Noivern|2\n|-damage|p1a: Noivern|46/100\n|-damage|p1b: Meowstic|43/100\n|-status|p1a: Noivern|brn\n|-enditem|p1a: Noivern|Sitrus Berry|[eat]\n|-heal|p1a: Noivern|71/100 brn|[from] item: Sitrus Berry\n|move|p1b: Meowstic|Psychic|p2b: Sinistcha\n|-damage|p2b: Sinistcha|70/100\n|move|p1a: Noivern|Super Fang|p2a: Incineroar\n|-damage|p2a: Incineroar|34/100\n|\n|-damage|p1a: Noivern|65/100 brn|[from] brn\n|-sideend|p1: VGC Lys w<|move: Tailwind\n|-fieldend|move: Psychic Terrain\n|upkeep\n|turn|7\n|inactive|VGC Lys w< has 30 seconds left.\n|\n|t:|1775949661\n|move|p1b: Meowstic|Psychic Terrain|p1b: Meowstic\n|-fieldstart|move: Psychic Terrain\n|move|p2a: Incineroar|Throat Chop|p1b: Meowstic\n|-supereffective|p1b: Meowstic|1\n|-damage|p1b: Meowstic|0 fnt\n|faint|p1b: Meowstic\n|move|p2b: Sinistcha|Life Dew|p2b: Sinistcha|[spread] p2a,p2b\n|-heal|p2a: Incineroar|59/100\n|-heal|p2b: Sinistcha|95/100\n|move|p1a: Noivern|Super Fang|p2b: Sinistcha\n|-immune|p2b: Sinistcha\n|\n|-damage|p1a: Noivern|58/100 brn|[from] brn\n|-end|p1a: Noivern|Throat Chop|[silent]\n|upkeep\n|inactive|VGC Lys w< has 30 seconds left.\n|inactive|VGC Lys w< has 20 seconds left.\n|inactive|VGC Lys w< has 15 seconds left.\n|\n|t:|1775949702\n|switch|p1b: Arcanine|Arcanine-Hisui, L50, F|100/100\n|turn|8\n|\n|t:|1775949722\n|move|p1b: Arcanine|Protect|p1b: Arcanine\n|-singleturn|p1b: Arcanine|Protect\n|move|p2a: Incineroar|Parting Shot|p1b: Arcanine\n|-activate|p1b: Arcanine|move: Protect\n|move|p2b: Sinistcha|Matcha Gotcha|p1b: Arcanine|[spread] p1a\n|-activate|p1b: Arcanine|move: Protect\n|-resisted|p1a: Noivern|2\n|-damage|p1a: Noivern|52/100 brn\n|-heal|p2b: Sinistcha|99/100|[from] drain|[of] p1a: Noivern\n|move|p1a: Noivern|Tailwind|p1a: Noivern\n|-sidestart|p1: VGC Lys w<|move: Tailwind\n|\n|-damage|p1a: Noivern|45/100 brn|[from] brn\n|-fieldend|move: Trick Room\n|upkeep\n|turn|9\n|\n|t:|1775949733\n|switch|p2b: Basculegion|Basculegion, L50, M|88/100 par\n|move|p1a: Noivern|Super Fang|p2a: Incineroar\n|-damage|p2a: Incineroar|30/100\n|move|p1b: Arcanine|Close Combat|p2a: Incineroar\n|-supereffective|p2a: Incineroar|1\n|-enditem|p2a: Incineroar|Chople Berry|[eat]\n|-enditem|p2a: Incineroar|Chople Berry|[weaken]\n|-damage|p2a: Incineroar|0 fnt\n|-unboost|p1b: Arcanine|def|1\n|-unboost|p1b: Arcanine|spd|1\n|faint|p2a: Incineroar\n|\n|-damage|p1a: Noivern|39/100 brn|[from] brn\n|upkeep\n|\n|t:|1775949749\n|switch|p2a: Garchomp|Garchomp, L50, F|100/100\n|turn|10\n|\n|t:|1775949773\n|switch|p1a: Blastoise|Blastoise, L50, F|52/100\n|move|p1b: Arcanine|Protect|p1b: Arcanine\n|-singleturn|p1b: Arcanine|Protect\n|move|p2a: Garchomp|Protect|p2a: Garchomp\n|-singleturn|p2a: Garchomp|Protect\n|move|p2b: Basculegion|Flip Turn|p1a: Blastoise\n|-resisted|p1a: Blastoise|1\n|-damage|p1a: Blastoise|29/100\n|\n|t:|1775949783\n|switch|p2b: Sinistcha|Sinistcha-Masterpiece, L50|99/100|[from] Flip Turn\n|\n|upkeep\n|turn|11\n|\n|t:|1775949797\n|detailschange|p2a: Garchomp|Garchomp-Mega, L50, F\n|-mega|p2a: Garchomp|Garchomp|Garchompite\n|move|p2b: Sinistcha|Rage Powder|p2b: Sinistcha\n|-singleturn|p2b: Sinistcha|move: Rage Powder\n|move|p1a: Blastoise|Ice Beam|p2b: Sinistcha\n|-supereffective|p2b: Sinistcha|1\n|-damage|p2b: Sinistcha|52/100\n|move|p1b: Arcanine|Flare Blitz|p2b: Sinistcha\n|-supereffective|p2b: Sinistcha|1\n|-damage|p2b: Sinistcha|0 fnt\n|faint|p2b: Sinistcha\n|move|p2a: Garchomp|Rock Slide|p1b: Arcanine|[spread] p1a,p1b\n|-supereffective|p1b: Arcanine|1\n|-damage|p1a: Blastoise|0 fnt\n|-enditem|p1b: Arcanine|Focus Sash\n|-damage|p1b: Arcanine|1/100\n|faint|p1a: Blastoise\n|\n|-sideend|p1: VGC Lys w<|move: Tailwind\n|-fieldend|move: Psychic Terrain\n|upkeep\n|\n|t:|1775949813\n|switch|p1a: Noivern|Noivern, L50, F, shiny|39/100 brn\n|switch|p2b: Basculegion|Basculegion, L50, M|88/100 par\n|-item|p2a: Garchomp|Garchompite|[from] ability: Frisk|[of] p1a: Noivern\n|-item|p2b: Basculegion|Choice Scarf|[from] ability: Frisk|[of] p1a: Noivern\n|turn|12\n|\n|t:|1775949835\n|move|p2a: Garchomp|Protect|p2a: Garchomp\n|-singleturn|p2a: Garchomp|Protect\n|move|p1b: Arcanine|Protect|p1b: Arcanine\n|-singleturn|p1b: Arcanine|Protect\n|move|p2b: Basculegion|Aqua Jet|p1a: Noivern\n|-resisted|p1a: Noivern|1\n|-damage|p1a: Noivern|25/100 brn\n|move|p1a: Noivern|Draco Meteor|p2a: Garchomp\n|-activate|p2a: Garchomp|move: Protect\n|\n|-damage|p1a: Noivern|19/100 brn|[from] brn\n|upkeep\n|turn|13\n|inactive|Tindall64 has 30 seconds left.\n|\n|t:|1775949865\n|move|p2b: Basculegion|Aqua Jet|p1a: Noivern\n|-resisted|p1a: Noivern|1\n|-damage|p1a: Noivern|3/100 brn\n|move|p1a: Noivern|Tailwind|p1a: Noivern\n|-sidestart|p1: VGC Lys w<|move: Tailwind\n|move|p1b: Arcanine|Rock Slide|p2b: Basculegion|[spread] p2a,p2b\n|-resisted|p2a: Garchomp|1\n|-damage|p2a: Garchomp|89/100\n|-damage|p2b: Basculegion|52/100 par\n|move|p2a: Garchomp|Rock Slide|p1a: Noivern|[spread] p1a,p1b\n|-supereffective|p1a: Noivern|1\n|-supereffective|p1b: Arcanine|1\n|-damage|p1a: Noivern|0 fnt\n|-damage|p1b: Arcanine|0 fnt\n|faint|p1a: Noivern\n|faint|p1b: Arcanine\n|\n|win|Tindall64\n|raw|VGC Lys w&lt;'s rating: 1025 &rarr; <strong>1015</strong><br />(-10 for losing)\n|raw|Tindall64's rating: 1111 &rarr; <strong>1130</strong><br />(+19 for winning)\n|l|\u2606VGC Lys w<\n|player|p1|\n",
  "uploadtime": 1775949881,
  "views": 18,
  "formatid": "gen9championsvgc2026regma",
  "rating": 1015,
  "private": 0,
  "password": null
}