{
  "id": "gen9championsvgc2026regma-2584156942",
  "format": "[Gen 9 Champions] VGC 2026 Reg M-A",
  "players": [
    "0chs0",
    "Terypagos"
  ],
  "log": "|j|\u26060chs0\n|j|\u2606Terypagos\n|t:|1776231959\n|gametype|doubles\n|player|p1|0chs0|roxie|1237\n|player|p2|Terypagos|turo-ai|1331\n|gen|9\n|tier|[Gen 9 Champions] VGC 2026 Reg M-A\n|rated|\n|rule|Species Clause: Limit one of each Pok\u00e9mon\n|rule|Item Clause: Limit 1 of each item\n|clearpoke\n|poke|p1|Talonflame, L50, M|\n|poke|p1|Ditto, L50|\n|poke|p1|Gardevoir, L50, M|\n|poke|p1|Froslass, L50, F|\n|poke|p1|Azumarill, L50, M|\n|poke|p1|Tinkaton, L50, F|\n|poke|p2|Floette-Eternal, L50, F|\n|poke|p2|Aerodactyl, L50, F|\n|poke|p2|Garchomp, L50, M|\n|poke|p2|Incineroar, L50, M|\n|poke|p2|Basculegion, L50, M|\n|poke|p2|Sneasler, L50, M|\n|teampreview|4\n|\n|t:|1776232010\n|teamsize|p1|4\n|teamsize|p2|4\n|start\n|switch|p1a: Talonflame|Talonflame, L50, M|100/100\n|switch|p1b: Azumarill|Azumarill, L50, M|100/100\n|switch|p2a: Incineroar|Incineroar, L50, M|100/100\n|switch|p2b: Aerodactyl|Aerodactyl, L50, F|100/100\n|-ability|p2b: Aerodactyl|Unnerve\n|-ability|p2a: Incineroar|Intimidate|boost\n|-unboost|p1a: Talonflame|atk|1\n|-unboost|p1b: Azumarill|atk|1\n|turn|1\n|\n|t:|1776232023\n|move|p1a: Talonflame|Protect|p1a: Talonflame\n|-singleturn|p1a: Talonflame|Protect\n|move|p2a: Incineroar|Fake Out|p1b: Azumarill\n|-damage|p1b: Azumarill|86/100\n|move|p2b: Aerodactyl|Rock Slide|p1a: Talonflame|[spread] p1b\n|-activate|p1a: Talonflame|move: Protect\n|-damage|p1b: Azumarill|58/100\n|cant|p1b: Azumarill|flinch\n|\n|upkeep\n|turn|2\n|\n|t:|1776232036\n|move|p1a: Talonflame|Tailwind|p1a: Talonflame\n|-sidestart|p1: 0chs0|move: Tailwind\n|move|p1b: Azumarill|Liquidation|p2b: Aerodactyl\n|-supereffective|p2b: Aerodactyl|1\n|-enditem|p2b: Aerodactyl|Focus Sash\n|-damage|p2b: Aerodactyl|1/100\n|move|p2b: Aerodactyl|Tailwind|p2b: Aerodactyl\n|-sidestart|p2: Terypagos|move: Tailwind\n|move|p2a: Incineroar|Parting Shot|p1b: Azumarill\n|-unboost|p1b: Azumarill|atk|1\n|-unboost|p1b: Azumarill|spa|1\n|\n|t:|1776232042\n|switch|p2a: Sneasler|Sneasler, L50, M, shiny|100/100|[from] Parting Shot\n|\n|upkeep\n|turn|3\n|\n|t:|1776232059\n|switch|p2a: Incineroar|Incineroar, L50, M|100/100\n|-ability|p2a: Incineroar|Intimidate|boost\n|-unboost|p1a: Talonflame|atk|1\n|-unboost|p1b: Azumarill|atk|1\n|move|p1a: Talonflame|Upper Hand||[still]\n|-fail|p1a: Talonflame\n|move|p1b: Azumarill|Aqua Jet|p2b: Aerodactyl\n|-supereffective|p2b: Aerodactyl|1\n|-damage|p2b: Aerodactyl|0 fnt\n|faint|p2b: Aerodactyl\n|\n|upkeep\n|\n|t:|1776232072\n|switch|p2b: Basculegion|Basculegion, L50, M, shiny|100/100\n|turn|4\n|\n|t:|1776232088\n|switch|p1b: Ditto|Ditto, L50|100/100\n|-transform|p1b: Ditto|p2a: Incineroar|[from] ability: Imposter\n|-ability|p1b: Ditto|Intimidate|boost\n|-unboost|p2a: Incineroar|atk|1\n|-unboost|p2b: Basculegion|atk|1\n|move|p1a: Talonflame|Protect|p1a: Talonflame\n|-singleturn|p1a: Talonflame|Protect\n|move|p2a: Incineroar|Fake Out|p1a: Talonflame\n|-activate|p1a: Talonflame|move: Protect\n|move|p2b: Basculegion|Last Respects|p1b: Ditto\n|-resisted|p1b: Ditto|1\n|-damage|p1b: Ditto|79/100\n|\n|upkeep\n|turn|5\n|\n|t:|1776232117\n|switch|p2b: Sneasler|Sneasler, L50, M, shiny|100/100\n|switch|p1a: Azumarill|Azumarill, L50, M|58/100\n|move|p1b: Ditto|Parting Shot|p2b: Sneasler\n|-unboost|p2b: Sneasler|atk|1\n|-unboost|p2b: Sneasler|spa|1\n|\n|t:|1776232125\n|switch|p1b: Talonflame|Talonflame, L50, M|100/100|[from] Parting Shot\n|-enditem|p2b: Sneasler|White Herb\n|-clearnegativeboost|p2b: Sneasler|[silent]\n|move|p2a: Incineroar|Flare Blitz|p1a: Azumarill\n|-resisted|p1a: Azumarill|1\n|-damage|p1a: Azumarill|39/100\n|-damage|p2a: Incineroar|95/100|[from] Recoil\n|\n|-sideend|p1: 0chs0|move: Tailwind\n|-sideend|p2: Terypagos|move: Tailwind\n|upkeep\n|turn|6\n|\n|t:|1776232148\n|move|p1b: Talonflame|Protect|p1b: Talonflame\n|-singleturn|p1b: Talonflame|Protect\n|move|p2b: Sneasler|Dire Claw|p1a: Azumarill\n|-supereffective|p1a: Azumarill|1\n|-damage|p1a: Azumarill|0 fnt\n|faint|p1a: Azumarill\n|move|p2a: Incineroar|Flare Blitz|p1b: Talonflame\n|-activate|p1b: Talonflame|move: Protect\n|\n|upkeep\n|\n|t:|1776232159\n|switch|p1a: Ditto|Ditto, L50|79/100\n|-transform|p1a: Ditto|p2b: Sneasler|[from] ability: Imposter\n|turn|7\n|\n|t:|1776232185\n|move|p1b: Talonflame|Tailwind|p1b: Talonflame\n|-sidestart|p1: 0chs0|move: Tailwind\n|move|p1a: Ditto|Rock Tomb|p2a: Incineroar\n|-supereffective|p2a: Incineroar|1\n|-damage|p2a: Incineroar|60/100\n|-unboost|p2a: Incineroar|spe|1\n|move|p2b: Sneasler|Rock Tomb|p1b: Talonflame\n|-supereffective|p1b: Talonflame|2\n|-damage|p1b: Talonflame|0 fnt\n|faint|p1b: Talonflame\n|move|p2a: Incineroar|Flare Blitz|p1a: Ditto\n|-damage|p1a: Ditto|28/100\n|-enditem|p1a: Ditto|Sitrus Berry|[eat]\n|-heal|p1a: Ditto|52/100|[from] item: Sitrus Berry\n|-damage|p2a: Incineroar|48/100|[from] Recoil\n|-enditem|p2a: Incineroar|Sitrus Berry|[eat]\n|-heal|p2a: Incineroar|72/100|[from] item: Sitrus Berry\n|\n|upkeep\n|\n|t:|1776232190\n|switch|p1b: Froslass|Froslass, L50, F|100/100\n|turn|8\n|\n|t:|1776232213\n|move|p1b: Froslass|Protect|p1b: Froslass\n|-singleturn|p1b: Froslass|Protect\n|move|p1a: Ditto|Close Combat|p2a: Incineroar\n|-supereffective|p2a: Incineroar|1\n|-damage|p2a: Incineroar|0 fnt\n|-unboost|p1a: Ditto|def|1\n|-unboost|p1a: Ditto|spd|1\n|faint|p2a: Incineroar\n|move|p2b: Sneasler|Rock Tomb|p1b: Froslass\n|-activate|p1b: Froslass|move: Protect\n|\n|upkeep\n|\n|t:|1776232216\n|switch|p2a: Basculegion|Basculegion, L50, M, shiny|100/100\n|turn|9\n|\n|t:|1776232236\n|detailschange|p1b: Froslass|Froslass-Mega, L50, F\n|-mega|p1b: Froslass|Froslass|Froslassite\n|-weather|Snowscape|[from] ability: Snow Warning|[of] p1b: Froslass\n|move|p1a: Ditto|Rock Tomb|p2b: Sneasler\n|-resisted|p2b: Sneasler|1\n|-damage|p2b: Sneasler|81/100\n|-unboost|p2b: Sneasler|spe|1\n|move|p1b: Froslass|Shadow Ball|p2a: Basculegion\n|-supereffective|p2a: Basculegion|1\n|-damage|p2a: Basculegion|0 fnt\n|faint|p2a: Basculegion\n|move|p2b: Sneasler|Rock Tomb|p1b: Froslass\n|-supereffective|p1b: Froslass|1\n|-damage|p1b: Froslass|50/100\n|-unboost|p1b: Froslass|spe|1\n|\n|-weather|Snowscape|[upkeep]\n|upkeep\n|turn|10\n|\n|t:|1776232250\n|move|p2b: Sneasler|Protect|p2b: Sneasler\n|-singleturn|p2b: Sneasler|Protect\n|move|p1a: Ditto|Dire Claw|p2b: Sneasler\n|-activate|p2b: Sneasler|move: Protect\n|move|p1b: Froslass|Blizzard|p2b: Sneasler\n|-activate|p2b: Sneasler|move: Protect\n|\n|-weather|Snowscape|[upkeep]\n|-sideend|p1: 0chs0|move: Tailwind\n|upkeep\n|turn|11\n|\n|t:|1776232277\n|move|p1a: Ditto|Dire Claw|p2b: Sneasler\n|-resisted|p2b: Sneasler|1\n|-damage|p2b: Sneasler|45/100\n|-status|p2b: Sneasler|par\n|move|p2b: Sneasler|Rock Tomb|p1b: Froslass\n|-supereffective|p1b: Froslass|1\n|-damage|p1b: Froslass|0 fnt\n|faint|p1b: Froslass\n|\n|-weather|Snowscape|[upkeep]\n|upkeep\n|turn|12\n|\n|t:|1776232294\n|move|p1a: Ditto|Dire Claw|p2b: Sneasler\n|-resisted|p2b: Sneasler|1\n|-damage|p2b: Sneasler|3/100 par\n|move|p2b: Sneasler|Close Combat|p1a: Ditto\n|-resisted|p1a: Ditto|1\n|-damage|p1a: Ditto|0 fnt\n|-unboost|p2b: Sneasler|def|1\n|-unboost|p2b: Sneasler|spd|1\n|faint|p1a: Ditto\n|\n|win|Terypagos\n|raw|0chs0's rating: 1237 &rarr; <strong>1219</strong><br />(-18 for losing)\n|raw|Terypagos's rating: 1331 &rarr; <strong>1346</strong><br />(+15 for winning)\n|l|\u26060chs0\n|player|p1|\n",
  "uploadtime": 1776232700,
  "views": 42,
  "formatid": "gen9championsvgc2026regma",
  "rating": 1219,
  "private": 0,
  "password": null
}