{
  "id": "gen9championsvgc2026regma-2587653583",
  "format": "[Gen 9 Champions] VGC 2026 Reg M-A",
  "players": [
    "iairxdd",
    "disciple of blahaj"
  ],
  "log": "|j|\u2606iairxdd\n|j|\u2606disciple of blahaj\n|t:|1776550708\n|gametype|doubles\n|player|p1|iairxdd|fisherman-gen4|1297\n|player|p2|disciple of blahaj|jacinthe|1280\n|gen|9\n|tier|[Gen 9 Champions] VGC 2026 Reg M-A\n|rated|\n|rule|Species Clause: Limit one of each Pok\u00e9mon\n|rule|Item Clause: Limit 1 of each item\n|clearpoke\n|poke|p1|Starmie, L50|\n|poke|p1|Incineroar, L50, M, shiny|\n|poke|p1|Kingambit, L50, F, shiny|\n|poke|p1|Sinistcha, L50|\n|poke|p1|Gardevoir, L50, M|\n|poke|p1|Sneasler, L50, M|\n|poke|p2|Lopunny, L50, M, shiny|\n|poke|p2|Basculegion, L50, M|\n|poke|p2|Klefki, L50, M, shiny|\n|poke|p2|Pelipper, L50, M|\n|poke|p2|Garchomp, L50, F|\n|poke|p2|Aegislash, L50, M|\n|teampreview|4\n|inactive|Battle timer is ON: inactive players will automatically lose when time's up. (requested by disciple of blahaj)\n|\n|t:|1776550740\n|teamsize|p1|4\n|teamsize|p2|4\n|start\n|switch|p1a: Starmie|Starmie, L50|100/100\n|switch|p1b: Sneasler|Sneasler, L50, M|100/100\n|switch|p2a: Lopunny|Lopunny, L50, M, shiny|100/100\n|switch|p2b: Basculegion|Basculegion, L50, M|100/100\n|turn|1\n|\n|t:|1776550754\n|detailschange|p2a: Lopunny|Lopunny-Mega, L50, M, shiny\n|-mega|p2a: Lopunny|Lopunny|Lopunnite\n|detailschange|p1a: Starmie|Starmie-Mega, L50\n|-mega|p1a: Starmie|Starmie|Starminite\n|move|p1a: Starmie|Protect|p1a: Starmie\n|-singleturn|p1a: Starmie|Protect\n|move|p2a: Lopunny|Fake Out|p1a: Starmie\n|-activate|p1a: Starmie|move: Protect\n|move|p2b: Basculegion|Last Respects|p1a: Starmie\n|-activate|p1a: Starmie|move: Protect\n|move|p1b: Sneasler|Coaching|p1a: Starmie\n|-boost|p1a: Starmie|atk|1\n|-boost|p1a: Starmie|def|1\n|\n|upkeep\n|turn|2\n|inactive|iairxdd has 30 seconds left.\n|l|\u2606disciple of blahaj\n|inactive|disciple of blahaj disconnected and has a minute to reconnect!\n|player|p2|\n|inactive|iairxdd has 20 seconds left.\n|inactive|iairxdd has 15 seconds left.\n|\n|t:|1776550799\n|switch|p2b: Aegislash|Aegislash, L50, M|100/100\n|move|p2a: Lopunny|Encore|p1a: Starmie\n|-start|p1a: Starmie|Encore\n|move|p1a: Starmie|Protect||[still]\n|-fail|p1a: Starmie\n|move|p1b: Sneasler|Close Combat|p2a: Lopunny\n|-supereffective|p2a: Lopunny|1\n|-damage|p2a: Lopunny|0 fnt\n|-unboost|p1b: Sneasler|def|1\n|-unboost|p1b: Sneasler|spd|1\n|faint|p2a: Lopunny\n|-enditem|p1b: Sneasler|White Herb\n|-clearnegativeboost|p1b: Sneasler|[silent]\n|\n|upkeep\n|j|\u2606disciple of blahaj\n|inactive|disciple of blahaj reconnected and has 55 seconds left.\n|player|p2|disciple of blahaj|jacinthe|\n|\n|t:|1776550813\n|switch|p2a: Pelipper|Pelipper, L50, M|100/100\n|-weather|RainDance|[from] ability: Drizzle|[of] p2a: Pelipper\n|turn|3\n|inactive|iairxdd has 30 seconds left.\n|inactive|disciple of blahaj has 30 seconds left.\n|\n|t:|1776550843\n|switch|p1b: Kingambit|Kingambit, L50, F, shiny|100/100\n|switch|p1a: Sinistcha|Sinistcha, L50|100/100\n|move|p2a: Pelipper|Weather Ball|p1a: Sinistcha\n|-resisted|p1a: Sinistcha|1\n|-damage|p1a: Sinistcha|67/100\n|-formechange|p2b: Aegislash|Aegislash-Blade|\n|move|p2b: Aegislash|Poltergeist|p1a: Sinistcha\n|-activate|p1a: Sinistcha|move: Poltergeist|Leftovers\n|-supereffective|p1a: Sinistcha|1\n|-damage|p1a: Sinistcha|0 fnt\n|faint|p1a: Sinistcha\n|\n|-weather|RainDance|[upkeep]\n|upkeep\n|\n|t:|1776550860\n|switch|p1a: Starmie|Starmie-Mega, L50|100/100\n|turn|4\n|inactive|disciple of blahaj has 30 seconds left.\n|\n|t:|1776550891\n|move|p2a: Pelipper|Protect|p2a: Pelipper\n|-singleturn|p2a: Pelipper|Protect\n|-formechange|p2b: Aegislash|Aegislash|\n|move|p2b: Aegislash|King's Shield|p2b: Aegislash\n|-singleturn|p2b: Aegislash|Protect\n|move|p1b: Kingambit|Sucker Punch||[still]\n|-fail|p1b: Kingambit\n|move|p1a: Starmie|Zen Headbutt|p2a: Pelipper\n|-activate|p2a: Pelipper|move: Protect\n|\n|-weather|RainDance|[upkeep]\n|upkeep\n|turn|5\n|inactive|disciple of blahaj has 30 seconds left.\n|\n|t:|1776550920\n|move|p1b: Kingambit|Sucker Punch|p2b: Aegislash\n|-supereffective|p2b: Aegislash|1\n|-damage|p2b: Aegislash|42/100\n|move|p1a: Starmie|Zen Headbutt|p2a: Pelipper\n|-damage|p2a: Pelipper|20/100\n|-enditem|p2a: Pelipper|Sitrus Berry|[eat]\n|-heal|p2a: Pelipper|44/100|[from] item: Sitrus Berry\n|move|p2a: Pelipper|Weather Ball|p1b: Kingambit\n|-damage|p1b: Kingambit|35/100\n|-formechange|p2b: Aegislash|Aegislash-Blade|\n|move|p2b: Aegislash|Sacred Sword|p1b: Kingambit\n|-supereffective|p1b: Kingambit|2\n|-enditem|p1b: Kingambit|Chople Berry|[eat]\n|-enditem|p1b: Kingambit|Chople Berry|[weaken]\n|-damage|p1b: Kingambit|0 fnt\n|faint|p1b: Kingambit\n|\n|-weather|RainDance|[upkeep]\n|-heal|p2b: Aegislash|48/100|[from] item: Leftovers\n|upkeep\n|\n|t:|1776550942\n|switch|p1b: Sneasler|Sneasler, L50, M|100/100\n|turn|6\n|\n|t:|1776550960\n|move|p1a: Starmie|Protect|p1a: Starmie\n|-singleturn|p1a: Starmie|Protect\n|move|p2a: Pelipper|Protect|p2a: Pelipper\n|-singleturn|p2a: Pelipper|Protect\n|move|p1b: Sneasler|Fake Out|p2a: Pelipper\n|-activate|p2a: Pelipper|move: Protect\n|move|p2b: Aegislash|Poltergeist|p1a: Starmie\n|-activate|p1a: Starmie|move: Protect\n|\n|-weather|RainDance|[upkeep]\n|-heal|p2b: Aegislash|54/100|[from] item: Leftovers\n|upkeep\n|turn|7\n|inactive|iairxdd has 30 seconds left.\n|inactive|disciple of blahaj has 30 seconds left.\n|inactive|iairxdd has 20 seconds left.\n|inactive|iairxdd has 15 seconds left.\n|inactive|iairxdd has 10 seconds left.\n|\n|t:|1776551010\n|move|p1b: Sneasler|Coaching|p1a: Starmie\n|-boost|p1a: Starmie|atk|1\n|-boost|p1a: Starmie|def|1\n|move|p1a: Starmie|Zen Headbutt|p2a: Pelipper|[miss]\n|-miss|p1a: Starmie|p2a: Pelipper\n|move|p2a: Pelipper|Hurricane|p1b: Sneasler\n|-supereffective|p1b: Sneasler|1\n|-damage|p1b: Sneasler|0 fnt\n|faint|p1b: Sneasler\n|move|p2b: Aegislash|Poltergeist|p1a: Starmie\n|-activate|p1a: Starmie|move: Poltergeist|Starminite\n|-supereffective|p1a: Starmie|1\n|-damage|p1a: Starmie|0 fnt\n|faint|p1a: Starmie\n|\n|win|disciple of blahaj\n|raw|iairxdd's rating: 1297 &rarr; <strong>1271</strong><br />(-26 for losing)\n|raw|disciple of blahaj's rating: 1280 &rarr; <strong>1306</strong><br />(+26 for winning)\n|l|\u2606iairxdd\n|player|p1|\n",
  "uploadtime": 1776551034,
  "views": 16,
  "formatid": "gen9championsvgc2026regma",
  "rating": 1271,
  "private": 0,
  "password": null
}