{
  "id": "gen9championsvgc2026regma-2581424477",
  "format": "[Gen 9 Champions] VGC 2026 Reg M-A",
  "players": [
    "wogusl",
    "Oras_4996"
  ],
  "log": "|j|\u2606wogusl\n|j|\u2606Oras_4996\n|t:|1775999033\n|gametype|doubles\n|player|p1|wogusl|rosa|1193\n|player|p2|Oras_4996|pokemaniac|1254\n|gen|9\n|tier|[Gen 9 Champions] VGC 2026 Reg M-A\n|rated|\n|rule|Species Clause: Limit one of each Pok\u00e9mon\n|rule|Item Clause: Limit 1 of each item\n|clearpoke\n|poke|p1|Floette-Eternal, L50, F|\n|poke|p1|Talonflame, L50, F|\n|poke|p1|Garchomp, L50, F|\n|poke|p1|Sneasler, L50, F|\n|poke|p1|Rotom-Wash, L50|\n|poke|p1|Maushold-Four, L50|\n|poke|p2|Delphox, L50, M|\n|poke|p2|Garchomp, L50, M|\n|poke|p2|Whimsicott, L50, M|\n|poke|p2|Incineroar, L50, F|\n|poke|p2|Sinistcha, L50|\n|poke|p2|Kingambit, L50, F|\n|teampreview|4\n|\n|t:|1775999062\n|teamsize|p1|4\n|teamsize|p2|4\n|start\n|switch|p1a: Floette|Floette-Eternal, L50, F|100/100\n|switch|p1b: Maushold|Maushold-Four, L50, shiny|100/100\n|switch|p2a: Kingambit|Kingambit, L50, F, shiny|100/100\n|switch|p2b: Garchomp|Garchomp, L50, M, shiny|100/100\n|turn|1\n|\n|t:|1775999076\n|switch|p2b: Whimsicott|Whimsicott, L50, M, shiny|100/100\n|detailschange|p1a: Floette|Floette-Mega, L50, F\n|-mega|p1a: Floette|Floette|Floettite\n|-ability|p1a: Floette|Fairy Aura\n|move|p1b: Maushold|Follow Me|p1b: Maushold\n|-singleturn|p1b: Maushold|move: Follow Me\n|move|p1a: Floette|Dazzling Gleam|p2b: Whimsicott|[spread] p2a,p2b\n|-damage|p2a: Kingambit|50/100\n|-damage|p2b: Whimsicott|18/100\n|move|p2a: Kingambit|Iron Head|p1b: Maushold\n|-damage|p1b: Maushold|39/100\n|\n|upkeep\n|turn|2\n|\n|t:|1775999102\n|move|p2a: Kingambit|Protect|p2a: Kingambit\n|-singleturn|p2a: Kingambit|Protect\n|move|p1b: Maushold|Follow Me|p1b: Maushold\n|-singleturn|p1b: Maushold|move: Follow Me\n|move|p2b: Whimsicott|Tailwind|p2b: Whimsicott\n|-sidestart|p2: Oras_4996|move: Tailwind\n|move|p1a: Floette|Moonblast|p2a: Kingambit\n|-activate|p2a: Kingambit|move: Protect\n|\n|upkeep\n|turn|3\n|\n|t:|1775999120\n|move|p1b: Maushold|Follow Me|p1b: Maushold\n|-singleturn|p1b: Maushold|move: Follow Me\n|move|p2b: Whimsicott|Moonblast|p1b: Maushold\n|-damage|p1b: Maushold|0 fnt\n|faint|p1b: Maushold\n|move|p2a: Kingambit|Iron Head|p1a: Floette\n|-supereffective|p1a: Floette|1\n|-damage|p1a: Floette|0 fnt\n|faint|p1a: Floette\n|\n|upkeep\n|\n|t:|1775999127\n|switch|p1b: Talonflame|Talonflame, L50, F, shiny|100/100\n|switch|p1a: Garchomp|Garchomp, L50, F, shiny|100/100\n|turn|4\n|\n|t:|1775999137\n|move|p1b: Talonflame|Tailwind|p1b: Talonflame\n|-sidestart|p1: wogusl|move: Tailwind\n|move|p2a: Kingambit|Sucker Punch|p1a: Garchomp\n|-damage|p1a: Garchomp|50/100\n|-damage|p2a: Kingambit|38/100|[from] ability: Rough Skin|[of] p1a: Garchomp\n|move|p2b: Whimsicott|Moonblast|p1a: Garchomp\n|-supereffective|p1a: Garchomp|1\n|-damage|p1a: Garchomp|0 fnt\n|faint|p1a: Garchomp\n|\n|upkeep\n|turn|5\n|-message|wogusl forfeited.\n|\n|win|Oras_4996\n|raw|wogusl's rating: 1193 &rarr; <strong>1172</strong><br />(-21 for losing)\n|raw|Oras_4996's rating: 1254 &rarr; <strong>1275</strong><br />(+21 for winning)\n|l|\u2606wogusl\n|player|p1|\n",
  "uploadtime": 1775999148,
  "views": 28,
  "formatid": "gen9championsvgc2026regma",
  "rating": 1172,
  "private": 0,
  "password": null
}