{
  "id": "gen9championsvgc2026regma-2581891183",
  "format": "[Gen 9 Champions] VGC 2026 Reg M-A",
  "players": [
    "antiMikes",
    "StonerXVIII"
  ],
  "log": "|j|\u2606antiMikes\n|j|\u2606StonerXVIII\n|t:|1776037207\n|gametype|doubles\n|player|p1|antiMikes|dawn-gen4pt|1000\n|player|p2|StonerXVIII|lucas-gen4pt|1021\n|gen|9\n|tier|[Gen 9 Champions] VGC 2026 Reg M-A\n|rated|\n|rule|Species Clause: Limit one of each Pok\u00e9mon\n|rule|Item Clause: Limit 1 of each item\n|clearpoke\n|poke|p1|Lucario, L50, M|\n|poke|p1|Tyranitar, L50, F|\n|poke|p1|Excadrill, L50, F|\n|poke|p1|Gyarados, L50, F|\n|poke|p1|Rotom-Wash, L50|\n|poke|p1|Sinistcha-Masterpiece, L50|\n|poke|p2|Delphox, L50, M|\n|poke|p2|Garchomp, L50, F|\n|poke|p2|Sneasler, L50, M|\n|poke|p2|Incineroar, L50, F|\n|poke|p2|Excadrill, L50, M|\n|poke|p2|Tyranitar, L50, F|\n|teampreview|4\n|\n|t:|1776037237\n|teamsize|p1|4\n|teamsize|p2|4\n|start\n|switch|p1a: Whirpool|Rotom-Wash, L50|100/100\n|switch|p1b: Kaiju|Tyranitar, L50, F|100/100\n|switch|p2a: Sneasler|Sneasler, L50, M|100/100\n|switch|p2b: Tyranitar|Tyranitar, L50, F|100/100\n|-weather|Sandstorm|[from] ability: Sand Stream|[of] p2b: Tyranitar\n|turn|1\n|\n|t:|1776037266\n|move|p1b: Kaiju|Protect|p1b: Kaiju\n|-singleturn|p1b: Kaiju|Protect\n|move|p2a: Sneasler|Fake Out|p1a: Whirpool\n|-damage|p1a: Whirpool|85/100\n|cant|p1a: Whirpool|flinch\n|move|p2b: Tyranitar|Knock Off|p1a: Whirpool\n|-damage|p1a: Whirpool|31/100\n|-enditem|p1a: Whirpool|Choice Scarf|[from] move: Knock Off|[of] p2b: Tyranitar\n|\n|-weather|Sandstorm|[upkeep]\n|-damage|p2a: Sneasler|95/100|[from] Sandstorm\n|-damage|p1a: Whirpool|25/100|[from] Sandstorm\n|upkeep\n|turn|2\n|\n|t:|1776037286\n|switch|p1b: Sinistcha|Sinistcha-Masterpiece, L50|100/100\n|-heal|p1a: Whirpool|50/100|[from] ability: Hospitality|[of] p1b: Sinistcha\n|move|p2a: Sneasler|Close Combat|p1b: Sinistcha\n|-immune|p1b: Sinistcha\n|move|p1a: Whirpool|Volt Switch|p2a: Sneasler\n|-damage|p2a: Sneasler|60/100\n|\n|t:|1776037301\n|switch|p1a: Aanake|Excadrill, L50, F|100/100|[from] Volt Switch\n|move|p2b: Tyranitar|Rock Slide|p1b: Sinistcha|[spread] p1a,p1b\n|-resisted|p1a: Aanake|2\n|-damage|p1a: Aanake|91/100\n|-damage|p1b: Sinistcha|80/100\n|\n|-weather|Sandstorm|[upkeep]\n|-damage|p2a: Sneasler|54/100|[from] Sandstorm\n|-damage|p1b: Sinistcha|74/100|[from] Sandstorm\n|upkeep\n|turn|3\n|\n|t:|1776037318\n|move|p2a: Sneasler|Protect|p2a: Sneasler\n|-singleturn|p2a: Sneasler|Protect\n|move|p1a: Aanake|Earthquake|p2a: Sneasler|[spread] p1b,p2b\n|-activate|p2a: Sneasler|move: Protect\n|-resisted|p1b: Sinistcha|1\n|-supereffective|p2b: Tyranitar|1\n|-damage|p1b: Sinistcha|57/100\n|-damage|p2b: Tyranitar|33/100\n|move|p1b: Sinistcha|Matcha Gotcha|p2b: Tyranitar|[spread] p2b\n|-activate|p2a: Sneasler|move: Protect\n|-supereffective|p2b: Tyranitar|1\n|-damage|p2b: Tyranitar|9/100\n|-heal|p1b: Sinistcha|71/100|[from] drain|[of] p2b: Tyranitar\n|move|p2b: Tyranitar|Earthquake|p1a: Aanake|[spread] p1a,p1b\n|-activate|p2a: Sneasler|move: Protect\n|-supereffective|p1a: Aanake|1\n|-resisted|p1b: Sinistcha|1\n|-damage|p1a: Aanake|18/100\n|-damage|p1b: Sinistcha|62/100\n|\n|-weather|Sandstorm|[upkeep]\n|-damage|p2a: Sneasler|48/100|[from] Sandstorm\n|-damage|p1b: Sinistcha|56/100|[from] Sandstorm\n|-heal|p2b: Tyranitar|15/100|[from] item: Leftovers\n|upkeep\n|turn|4\n|\n|t:|1776037354\n|move|p1a: Aanake|Earthquake|p2a: Sneasler|[spread] p1b,p2a,p2b\n|-resisted|p1b: Sinistcha|1\n|-supereffective|p2a: Sneasler|1\n|-supereffective|p2b: Tyranitar|1\n|-damage|p1b: Sinistcha|39/100\n|-damage|p2a: Sneasler|0 fnt\n|-damage|p2b: Tyranitar|0 fnt\n|-enditem|p1b: Sinistcha|Sitrus Berry|[eat]\n|-heal|p1b: Sinistcha|64/100|[from] item: Sitrus Berry\n|faint|p2a: Sneasler\n|faint|p2b: Tyranitar\n|move|p1b: Sinistcha|Trick Room|p1b: Sinistcha\n|-fieldstart|move: Trick Room|[of] p1b: Sinistcha\n|\n|-weather|Sandstorm|[upkeep]\n|-damage|p1b: Sinistcha|58/100|[from] Sandstorm\n|upkeep\n|\n|t:|1776037363\n|switch|p2b: Garchomp|Garchomp, L50, F|100/100\n|switch|p2a: Delphox|Delphox, L50, M|100/100\n|turn|5\n|\n|t:|1776037379\n|switch|p1b: Kaiju|Tyranitar, L50, F|100/100\n|switch|p1a: Whirpool|Rotom-Wash, L50|50/100\n|detailschange|p2a: Delphox|Delphox-Mega, L50, M\n|-mega|p2a: Delphox|Delphox|Delphoxite\n|move|p2a: Delphox|Protect|p2a: Delphox\n|-singleturn|p2a: Delphox|Protect\n|move|p2b: Garchomp|Swords Dance|p2b: Garchomp\n|-boost|p2b: Garchomp|atk|2\n|\n|-weather|none\n|upkeep\n|turn|6\n|\n|t:|1776037405\n|move|p1b: Kaiju|Protect|p1b: Kaiju\n|-singleturn|p1b: Kaiju|Protect\n|move|p1a: Whirpool|Trick|p2b: Garchomp\n|-activate|p1a: Whirpool|move: Trick|[of] p2b: Garchomp\n|-enditem|p2b: Garchomp|Soft Sand|[silent]|[from] move: Trick\n|-item|p1a: Whirpool|Soft Sand|[from] move: Trick\n|move|p2b: Garchomp|Earthquake|p1a: Whirpool|[spread] \n|-activate|p1b: Kaiju|move: Protect\n|-immune|p2a: Delphox|[from] ability: Levitate\n|-immune|p1a: Whirpool|[from] ability: Levitate\n|move|p2a: Delphox|Dazzling Gleam|p1a: Whirpool|[spread] p1a\n|-activate|p1b: Kaiju|move: Protect\n|-damage|p1a: Whirpool|25/100\n|\n|upkeep\n|turn|7\n|\n|t:|1776037429\n|switch|p1b: Aanake|Excadrill, L50, F|18/100\n|move|p1a: Whirpool|Hydro Pump|p2a: Delphox\n|-supereffective|p2a: Delphox|1\n|-damage|p2a: Delphox|25/100\n|move|p2b: Garchomp|Earthquake|p1b: Aanake|[spread] p1b\n|-immune|p2a: Delphox|[from] ability: Levitate\n|-immune|p1a: Whirpool|[from] ability: Levitate\n|-supereffective|p1b: Aanake|1\n|-damage|p1b: Aanake|0 fnt\n|faint|p1b: Aanake\n|move|p2a: Delphox|Psychic|p1a: Whirpool\n|-damage|p1a: Whirpool|0 fnt\n|faint|p1a: Whirpool\n|\n|upkeep\n|\n|t:|1776037443\n|switch|p1b: Sinistcha|Sinistcha-Masterpiece, L50|58/100\n|switch|p1a: Kaiju|Tyranitar, L50, F|100/100\n|-weather|Sandstorm|[from] ability: Sand Stream|[of] p1a: Kaiju\n|turn|8\n|\n|t:|1776037453\n|move|p2b: Garchomp|Protect|p2b: Garchomp\n|-singleturn|p2b: Garchomp|Protect\n|move|p2a: Delphox|Protect|p2a: Delphox\n|-singleturn|p2a: Delphox|Protect\n|move|p1a: Kaiju|Knock Off|p2a: Delphox\n|-activate|p2a: Delphox|move: Protect\n|move|p1b: Sinistcha|Strength Sap|p2b: Garchomp\n|-activate|p2b: Garchomp|move: Protect\n|\n|-weather|Sandstorm|[upkeep]\n|-damage|p1b: Sinistcha|52/100|[from] Sandstorm\n|-damage|p2a: Delphox|20/100|[from] Sandstorm\n|-fieldend|move: Trick Room\n|upkeep\n|turn|9\n|\n|t:|1776037484\n|move|p2a: Delphox|Heat Wave|p1a: Kaiju|[spread] p1a,p1b\n|-resisted|p1a: Kaiju|1\n|-supereffective|p1b: Sinistcha|1\n|-damage|p1a: Kaiju|89/100\n|-damage|p1b: Sinistcha|0 fnt\n|faint|p1b: Sinistcha\n|move|p2b: Garchomp|Earthquake|p1a: Kaiju|[spread] p1a\n|-immune|p2a: Delphox|[from] ability: Levitate\n|-supereffective|p1a: Kaiju|1\n|-crit|p1a: Kaiju\n|-damage|p1a: Kaiju|0 fnt\n|faint|p1a: Kaiju\n|\n|win|StonerXVIII\n|raw|antiMikes's rating: 1000 &rarr; <strong>1000</strong><br />(+0 for losing)\n|raw|StonerXVIII's rating: 1021 &rarr; <strong>1056</strong><br />(+35 for winning)\n",
  "uploadtime": 1776037498,
  "views": 31,
  "formatid": "gen9championsvgc2026regma",
  "rating": 1000,
  "private": 0,
  "password": null
}