{
  "id": "gen9championsvgc2026regma-2582557277",
  "format": "[Gen 9 Champions] VGC 2026 Reg M-A",
  "players": [
    "zaneami",
    "Bamhm23"
  ],
  "log": "|j|\u2606zaneami\n|j|\u2606Bamhm23\n|t:|1776099215\n|gametype|doubles\n|player|p1|zaneami|102|1000\n|player|p2|Bamhm23|169|1080\n|gen|9\n|tier|[Gen 9 Champions] VGC 2026 Reg M-A\n|rated|\n|rule|Species Clause: Limit one of each Pok\u00e9mon\n|rule|Item Clause: Limit 1 of each item\n|clearpoke\n|poke|p1|Garchomp, L50, M|\n|poke|p1|Gardevoir, L50, F|\n|poke|p1|Rotom-Wash, L50|\n|poke|p1|Aegislash, L50, M|\n|poke|p1|Arcanine, L50, F|\n|poke|p1|Kangaskhan, L50, F|\n|poke|p2|Dragonite, L50, M|\n|poke|p2|Pelipper, L50, F|\n|poke|p2|Kingambit, L50, F|\n|poke|p2|Sneasler, L50, F|\n|poke|p2|Sinistcha, L50|\n|poke|p2|Mamoswine, L50, F|\n|teampreview|4\n|inactive|Battle timer is ON: inactive players will automatically lose when time's up. (requested by Bamhm23)\n|\n|t:|1776099241\n|teamsize|p1|4\n|teamsize|p2|4\n|start\n|switch|p1a: Kangaskhan|Kangaskhan, L50, F|100/100\n|switch|p1b: Rotom|Rotom-Wash, L50|100/100\n|switch|p2a: Pelipper|Pelipper, L50, F|100/100\n|switch|p2b: Dragonite|Dragonite, L50, M|100/100\n|-weather|RainDance|[from] ability: Drizzle|[of] p2a: Pelipper\n|turn|1\n|\n|t:|1776099264\n|detailschange|p1a: Kangaskhan|Kangaskhan-Mega, L50, F\n|-mega|p1a: Kangaskhan|Kangaskhan|Kangaskhanite\n|detailschange|p2b: Dragonite|Dragonite-Mega, L50, M\n|-mega|p2b: Dragonite|Dragonite|Dragoninite\n|move|p2a: Pelipper|Protect|p2a: Pelipper\n|-singleturn|p2a: Pelipper|Protect\n|move|p1a: Kangaskhan|Fake Out|p2a: Pelipper\n|-activate|p2a: Pelipper|move: Protect\n|move|p1b: Rotom|Volt Switch|p2a: Pelipper\n|-activate|p2a: Pelipper|move: Protect\n|move|p2b: Dragonite|Hurricane|p1b: Rotom\n|-resisted|p1b: Rotom|1\n|-damage|p1b: Rotom|65/100\n|\n|-weather|RainDance|[upkeep]\n|upkeep\n|turn|2\n|inactive|Bamhm23 has 30 seconds left.\n|\n|t:|1776099290\n|move|p1a: Kangaskhan|Sucker Punch|p2b: Dragonite\n|-damage|p2b: Dragonite|90/100\n|-damage|p2b: Dragonite|85/100\n|-hitcount|p2b: Dragonite|2\n|move|p1b: Rotom|Volt Switch|p2a: Pelipper\n|-supereffective|p2a: Pelipper|2\n|-enditem|p2a: Pelipper|Focus Sash\n|-damage|p2a: Pelipper|1/100\n|\n|t:|1776099302\n|switch|p1b: Garchomp|Garchomp, L50, M|100/100|[from] Volt Switch\n|move|p2b: Dragonite|Draco Meteor|p1b: Garchomp\n|-supereffective|p1b: Garchomp|1\n|-damage|p1b: Garchomp|0 fnt\n|-unboost|p2b: Dragonite|spa|2\n|faint|p1b: Garchomp\n|move|p2a: Pelipper|Tailwind|p2a: Pelipper\n|-sidestart|p2: Bamhm23|move: Tailwind\n|\n|-weather|RainDance|[upkeep]\n|upkeep\n|\n|t:|1776099310\n|switch|p1b: Rotom|Rotom-Wash, L50|65/100\n|turn|3\n|\n|t:|1776099324\n|switch|p2b: Sinistcha|Sinistcha, L50|100/100\n|-heal|p2a: Pelipper|26/100|[from] ability: Hospitality|[of] p2b: Sinistcha\n|move|p2a: Pelipper|Weather Ball|p1a: Kangaskhan\n|-damage|p1a: Kangaskhan|42/100\n|move|p1b: Rotom|Discharge|p2a: Pelipper|[spread] p1a,p2a,p2b\n|-supereffective|p2a: Pelipper|2\n|-resisted|p2b: Sinistcha|1\n|-damage|p1a: Kangaskhan|19/100\n|-damage|p2a: Pelipper|0 fnt\n|-damage|p2b: Sinistcha|89/100\n|-status|p1a: Kangaskhan|par\n|faint|p2a: Pelipper\n|move|p1a: Kangaskhan|Drain Punch|p2b: Sinistcha\n|-immune|p2b: Sinistcha\n|\n|-weather|RainDance|[upkeep]\n|upkeep\n|\n|t:|1776099349\n|switch|p2a: Sneasler|Sneasler, L50, F|100/100\n|turn|4\n|\n|t:|1776099359\n|move|p2a: Sneasler|Fake Out|p1b: Rotom\n|-damage|p1b: Rotom|48/100\n|cant|p1b: Rotom|flinch\n|move|p2b: Sinistcha|Matcha Gotcha|p1a: Kangaskhan|[spread] p1b\n|-miss|p2b: Sinistcha|p1a: Kangaskhan\n|-supereffective|p1b: Rotom|1\n|-damage|p1b: Rotom|0 fnt\n|-heal|p2b: Sinistcha|100/100|[from] drain|[of] p1b: Rotom\n|faint|p1b: Rotom\n|move|p1a: Kangaskhan|Double-Edge|p2a: Sneasler\n|-damage|p2a: Sneasler|0 fnt\n|faint|p2a: Sneasler\n|-hitcount|p2: Sneasler|1\n|-damage|p1a: Kangaskhan|0 fnt|[from] Recoil\n|faint|p1a: Kangaskhan\n|\n|-weather|RainDance|[upkeep]\n|upkeep\n|inactive|zaneami has 30 seconds left.\n|\n|t:|1776099388\n|switch|p2a: Dragonite|Dragonite-Mega, L50, M|85/100\n|switch|p1a: Arcanine|Arcanine, L50, F|100/100\n|-ability|p1a: Arcanine|Intimidate|boost\n|-unboost|p2a: Dragonite|atk|1\n|-unboost|p2b: Sinistcha|atk|1\n|turn|5\n|\n|t:|1776099399\n|move|p2a: Dragonite|Hurricane|p1a: Arcanine\n|-damage|p1a: Arcanine|41/100\n|-enditem|p1a: Arcanine|Sitrus Berry|[eat]\n|-heal|p1a: Arcanine|65/100|[from] item: Sitrus Berry\n|move|p2b: Sinistcha|Life Dew||[still]|[spread] p2a,p2b\n|-heal|p2a: Dragonite|100/100\n|-fail|p2b: Sinistcha|heal\n|move|p1a: Arcanine|Will-O-Wisp|p2a: Dragonite\n|-status|p2a: Dragonite|brn\n|\n|-weather|none\n|-damage|p2a: Dragonite|94/100 brn|[from] brn\n|-sideend|p2: Bamhm23|move: Tailwind\n|upkeep\n|turn|6\n|\n|t:|1776099419\n|move|p2b: Sinistcha|Rage Powder|p2b: Sinistcha\n|-singleturn|p2b: Sinistcha|move: Rage Powder\n|move|p1a: Arcanine|Flare Blitz|p2b: Sinistcha\n|-supereffective|p2b: Sinistcha|1\n|-damage|p2b: Sinistcha|26/100\n|-enditem|p2b: Sinistcha|Sitrus Berry|[eat]\n|-heal|p2b: Sinistcha|51/100|[from] item: Sitrus Berry\n|-damage|p1a: Arcanine|43/100|[from] Recoil\n|move|p2a: Dragonite|Draco Meteor|p1a: Arcanine\n|-damage|p1a: Arcanine|0 fnt\n|-unboost|p2a: Dragonite|spa|2\n|faint|p1a: Arcanine\n|\n|win|Bamhm23\n|raw|zaneami's rating: 1000 &rarr; <strong>1000</strong><br />(+0 for losing)\n|raw|Bamhm23's rating: 1080 &rarr; <strong>1102</strong><br />(+22 for winning)\n",
  "uploadtime": 1776099430,
  "views": 20,
  "formatid": "gen9championsvgc2026regma",
  "rating": 1000,
  "private": 0,
  "password": null
}