{
  "id": "gen9championsvgc2026regma-2580682356",
  "format": "[Gen 9 Champions] VGC 2026 Reg M-A",
  "players": [
    "the_ag_is_fake",
    "Clodex01"
  ],
  "log": "|j|\u2606the_ag_is_fake\n|j|\u2606Clodex01\n|t:|1775923911\n|gametype|doubles\n|player|p1|the_ag_is_fake|rika|1099\n|player|p2|Clodex01|alder|1045\n|gen|9\n|tier|[Gen 9 Champions] VGC 2026 Reg M-A\n|rated|\n|rule|Species Clause: Limit one of each Pok\u00e9mon\n|rule|Item Clause: Limit 1 of each item\n|clearpoke\n|poke|p1|Clefable, L50, M|\n|poke|p1|Incineroar, L50, M|\n|poke|p1|Kingambit, L50, F|\n|poke|p1|Sneasler, L50, M|\n|poke|p1|Kommo-o, L50, M|\n|poke|p1|Froslass, L50, F|\n|poke|p2|Delphox, L50, M|\n|poke|p2|Garchomp, L50, M|\n|poke|p2|Orthworm, L50, M|\n|poke|p2|Sneasler, L50, M|\n|poke|p2|Kommo-o, L50, M|\n|poke|p2|Sinistcha-Masterpiece, L50|\n|teampreview|4\n|inactive|Battle timer is ON: inactive players will automatically lose when time's up. (requested by the_ag_is_fake)\n|inactive|the_ag_is_fake has 60 seconds left.\n|inactive|Clodex01 has 60 seconds left.\n|\n|t:|1775923947\n|teamsize|p1|4\n|teamsize|p2|4\n|start\n|switch|p1a: Incineroar|Incineroar, L50, M|100/100\n|switch|p1b: Kommo-o|Kommo-o, L50, M|100/100\n|switch|p2a: Orthworm|Orthworm, L50, M|100/100\n|switch|p2b: Garchomp|Garchomp, L50, M|100/100\n|-ability|p1a: Incineroar|Intimidate|boost\n|-unboost|p2a: Orthworm|atk|1\n|-unboost|p2b: Garchomp|atk|1\n|turn|1\n|inactive|Clodex01 has 30 seconds left.\n|inactive|Clodex01 has 20 seconds left.\n|\n|t:|1775923982\n|move|p1a: Incineroar|Fake Out|p2b: Garchomp\n|-damage|p2b: Garchomp|89/100\n|-damage|p1a: Incineroar|88/100|[from] ability: Rough Skin|[of] p2b: Garchomp\n|cant|p2b: Garchomp|flinch\n|move|p1b: Kommo-o|Clangorous Soul|p1b: Kommo-o\n|-boost|p1b: Kommo-o|atk|1\n|-boost|p1b: Kommo-o|def|1\n|-boost|p1b: Kommo-o|spa|1\n|-boost|p1b: Kommo-o|spd|1\n|-boost|p1b: Kommo-o|spe|1\n|-damage|p1b: Kommo-o|68/100\n|move|p2a: Orthworm|Shed Tail|p2a: Orthworm\n|-start|p2a: Orthworm|Substitute|[from] move: Shed Tail\n|-damage|p2a: Orthworm|50/100\n|-enditem|p2a: Orthworm|Sitrus Berry|[eat]\n|-heal|p2a: Orthworm|75/100|[from] item: Sitrus Berry\n|\n|t:|1775923999\n|switch|p2a: Kommo-o|Kommo-o, L50, M|100/100|[from] Shed Tail\n|\n|-heal|p1b: Kommo-o|74/100|[from] item: Leftovers\n|upkeep\n|turn|2\n|\n|t:|1775924011\n|move|p2b: Garchomp|Protect|p2b: Garchomp\n|-singleturn|p2b: Garchomp|Protect\n|move|p1b: Kommo-o|Clanging Scales|p2b: Garchomp|[spread] \n|-activate|p2b: Garchomp|move: Protect\n|-immune|p2a: Kommo-o|[from] ability: Soundproof\n|move|p2a: Kommo-o|Clanging Scales|p1a: Incineroar|[spread] p1a,p1b\n|-supereffective|p1b: Kommo-o|1\n|-damage|p1a: Incineroar|59/100\n|-damage|p1b: Kommo-o|22/100\n|-unboost|p2a: Kommo-o|def|1\n|move|p1a: Incineroar|Parting Shot|p2b: Garchomp\n|-activate|p2b: Garchomp|move: Protect\n|\n|-heal|p1b: Kommo-o|28/100|[from] item: Leftovers\n|upkeep\n|turn|3\n|inactive|the_ag_is_fake has 30 seconds left.\n|inactive|Clodex01 has 30 seconds left.\n|\n|t:|1775924039\n|switch|p2b: Orthworm|Orthworm, L50, M|75/100\n|move|p1b: Kommo-o|Protect|p1b: Kommo-o\n|-singleturn|p1b: Kommo-o|Protect\n|move|p2a: Kommo-o|Clanging Scales|p1b: Kommo-o|[spread] p1a\n|-activate|p1b: Kommo-o|move: Protect\n|-damage|p1a: Incineroar|29/100\n|-enditem|p1a: Incineroar|Sitrus Berry|[eat]\n|-heal|p1a: Incineroar|54/100|[from] item: Sitrus Berry\n|-unboost|p2a: Kommo-o|def|1\n|move|p1a: Incineroar|Parting Shot|p2b: Orthworm\n|-unboost|p2b: Orthworm|atk|1\n|-unboost|p2b: Orthworm|spa|1\n|\n|t:|1775924045\n|switch|p1a: Clefable|Clefable, L50, M|100/100|[from] Parting Shot\n|\n|-heal|p1b: Kommo-o|34/100|[from] item: Leftovers\n|upkeep\n|turn|4\n|\n|t:|1775924067\n|detailschange|p1a: Clefable|Clefable-Mega, L50, M\n|-mega|p1a: Clefable|Clefable|Clefablite\n|move|p1b: Kommo-o|Aura Sphere|p2b: Orthworm\n|-supereffective|p2b: Orthworm|1\n|-damage|p2b: Orthworm|0 fnt\n|faint|p2b: Orthworm\n|move|p2a: Kommo-o|Clangorous Soul|p2a: Kommo-o\n|-boost|p2a: Kommo-o|atk|1\n|-boost|p2a: Kommo-o|def|1\n|-boost|p2a: Kommo-o|spa|1\n|-boost|p2a: Kommo-o|spd|1\n|-boost|p2a: Kommo-o|spe|1\n|-damage|p2a: Kommo-o|68/100\n|move|p1a: Clefable|Moonblast|p2a: Kommo-o\n|-supereffective|p2a: Kommo-o|2\n|-end|p2a: Kommo-o|Substitute\n|\n|-heal|p2a: Kommo-o|73/100|[from] item: Leftovers\n|-heal|p1b: Kommo-o|40/100|[from] item: Leftovers\n|upkeep\n|\n|t:|1775924084\n|switch|p2b: Delphox|Delphox, L50, M|100/100\n|turn|5\n|\n|t:|1775924105\n|detailschange|p2b: Delphox|Delphox-Mega, L50, M\n|-mega|p2b: Delphox|Delphox|Delphoxite\n|move|p2b: Delphox|Nasty Plot|p2b: Delphox\n|-boost|p2b: Delphox|spa|2\n|move|p2a: Kommo-o|Clanging Scales|p1b: Kommo-o|[spread] p1b\n|-immune|p1a: Clefable\n|-supereffective|p1b: Kommo-o|1\n|-damage|p1b: Kommo-o|0 fnt\n|faint|p1b: Kommo-o\n|-unboost|p2a: Kommo-o|def|1\n|move|p1a: Clefable|Moonblast|p2a: Kommo-o\n|-supereffective|p2a: Kommo-o|2\n|-damage|p2a: Kommo-o|0 fnt\n|faint|p2a: Kommo-o\n|\n|upkeep\n|\n|t:|1775924119\n|switch|p2a: Garchomp|Garchomp, L50, M|89/100\n|switch|p1b: Incineroar|Incineroar, L50, M|54/100\n|-ability|p1b: Incineroar|Intimidate|boost\n|-unboost|p2a: Garchomp|atk|1\n|-unboost|p2b: Delphox|atk|1\n|turn|6\n|\n|t:|1775924131\n|move|p2b: Delphox|Protect|p2b: Delphox\n|-singleturn|p2b: Delphox|Protect\n|move|p1a: Clefable|Protect|p1a: Clefable\n|-singleturn|p1a: Clefable|Protect\n|move|p2a: Garchomp|Earthquake|p1b: Incineroar|[spread] p1b\n|-activate|p2b: Delphox|move: Protect\n|-activate|p1a: Clefable|move: Protect\n|-supereffective|p1b: Incineroar|1\n|-damage|p1b: Incineroar|0 fnt\n|faint|p1b: Incineroar\n|\n|upkeep\n|\n|t:|1775924135\n|switch|p1b: Kingambit|Kingambit, L50, F|100/100\n|turn|7\n|\n|t:|1775924144\n|move|p1b: Kingambit|Sucker Punch|p2b: Delphox\n|-supereffective|p2b: Delphox|1\n|-damage|p2b: Delphox|0 fnt\n|faint|p2b: Delphox\n|move|p2a: Garchomp|Earthquake|p1a: Clefable|[spread] p1b\n|-immune|p1a: Clefable\n|-supereffective|p1b: Kingambit|1\n|-damage|p1b: Kingambit|48/100\n|move|p1a: Clefable|Moonblast|p2a: Garchomp\n|-supereffective|p2a: Garchomp|1\n|-damage|p2a: Garchomp|0 fnt\n|faint|p2a: Garchomp\n|\n|win|the_ag_is_fake\n|raw|the_ag_is_fake's rating: 1099 &rarr; <strong>1120</strong><br />(+21 for winning)\n|raw|Clodex01's rating: 1045 &rarr; <strong>1031</strong><br />(-14 for losing)\n",
  "uploadtime": 1775924145,
  "views": 13,
  "formatid": "gen9championsvgc2026regma",
  "rating": 1031,
  "private": 0,
  "password": null
}