{
  "id": "gen9championsvgc2026regma-2581844593",
  "format": "[Gen 9 Champions] VGC 2026 Reg M-A",
  "players": [
    "lakeandbake",
    "Potatoy"
  ],
  "log": "|j|\u203dlakeandbake\n|j|\u2606Potatoy\n|t:|1776033103\n|gametype|doubles\n|player|p1|lakeandbake|iono-masters|1135\n|player|p2|Potatoy|pokemonbreeder-gen4|1056\n|gen|9\n|tier|[Gen 9 Champions] VGC 2026 Reg M-A\n|rated|\n|rule|Species Clause: Limit one of each Pok\u00e9mon\n|rule|Item Clause: Limit 1 of each item\n|clearpoke\n|poke|p1|Garchomp, L50, F|\n|poke|p1|Aerodactyl, L50, M|\n|poke|p1|Rotom-Wash, L50|\n|poke|p1|Sneasler, L50, F|\n|poke|p1|Incineroar, L50, F|\n|poke|p1|Delphox, L50, F|\n|poke|p2|Starmie, L50|\n|poke|p2|Aegislash, L50, F|\n|poke|p2|Garchomp, L50, F|\n|poke|p2|Tyranitar, L50, M|\n|poke|p2|Rotom-Heat, L50|\n|poke|p2|Aerodactyl, L50, M|\n|teampreview|4\n|inactive|Battle timer is ON: inactive players will automatically lose when time's up. (requested by lakeandbake)\nlakeandbake has agreed to open team sheets.\n|inactive|lakeandbake has 60 seconds left.\n|\n|t:|1776033190\n|teamsize|p1|4\n|teamsize|p2|4\n|start\n|switch|p1a: Delphox|Delphox, L50, F|100/100\n|switch|p1b: Garchomp|Garchomp, L50, F|100/100\n|switch|p2a: Speed|Aerodactyl, L50, M|100/100\n|switch|p2b: No ghost|Aegislash, L50, F|100/100\n|-ability|p2a: Speed|Unnerve\n|turn|1\n|inactive|lakeandbake has 30 seconds left.\n|inactive|Potatoy has 30 seconds left.\n|inactive|lakeandbake has 20 seconds left.\n|inactive|Potatoy has 20 seconds left.\n|\n|t:|1776033226\n|detailschange|p1a: Delphox|Delphox-Mega, L50, F\n|-mega|p1a: Delphox|Delphox|Delphoxite\n|move|p1a: Delphox|Protect|p1a: Delphox\n|-singleturn|p1a: Delphox|Protect\n|move|p2a: Speed|Protect|p2a: Speed\n|-singleturn|p2a: Speed|Protect\n|move|p1b: Garchomp|Rock Slide|p2b: No ghost|[spread] p2b\n|-activate|p2a: Speed|move: Protect\n|-resisted|p2b: No ghost|1\n|-damage|p2b: No ghost|93/100\n|cant|p2b: No ghost|flinch\n|\n|-heal|p2b: No ghost|99/100|[from] item: Leftovers\n|upkeep\n|turn|2\n|inactive|Potatoy has 30 seconds left.\n|inactive|Potatoy has 20 seconds left.\n|inactive|Potatoy has 15 seconds left.\n|inactive|Potatoy has 10 seconds left.\n|\n|t:|1776033273\n|switch|p1a: Incineroar|Incineroar, L50, F|100/100\n|-ability|p1a: Incineroar|Intimidate|boost\n|-unboost|p2a: Speed|atk|1\n|-unboost|p2b: No ghost|atk|1\n|switch|p2b: Longe leg|Starmie, L50, shiny|100/100\n|move|p1b: Garchomp|Rock Slide|p2a: Speed|[spread] p2a,p2b\n|-supereffective|p2a: Speed|1\n|-damage|p2a: Speed|42/100\n|-damage|p2b: Longe leg|78/100\n|move|p2a: Speed|Tailwind|p2a: Speed\n|-sidestart|p2: Potatoy|move: Tailwind\n|\n|upkeep\n|turn|3\n|\n|t:|1776033297\n|switch|p2a: Rock eater|Tyranitar, L50, M|100/100\n|-weather|Sandstorm|[from] ability: Sand Stream|[of] p2a: Rock eater\n|switch|p1a: Rotom|Rotom-Wash, L50|100/100\n|move|p2b: Longe leg|Skill Swap|p2a: Rock eater\n|-activate|p2b: Longe leg|Skill Swap|||[of] p2a: Rock eater\n|move|p1b: Garchomp|Rock Slide|p2a: Rock eater|[spread] p2a,p2b\n|-damage|p2a: Rock eater|81/100\n|-damage|p2b: Longe leg|55/100\n|\n|-weather|Sandstorm|[upkeep]\n|-damage|p2b: Longe leg|49/100|[from] Sandstorm\n|-damage|p1a: Rotom|95/100|[from] Sandstorm\n|-heal|p1a: Rotom|100/100|[from] item: Leftovers\n|upkeep\n|turn|4\n|\n|t:|1776033319\n|detailschange|p2b: Longe leg|Starmie-Mega, L50, shiny\n|-mega|p2b: Longe leg|Starmie|Starminite\n|move|p2b: Longe leg|Skill Swap|p2a: Rock eater\n|-activate|p2b: Longe leg|Skill Swap|||[of] p2a: Rock eater\n|move|p2a: Rock eater|Rock Slide|p1a: Rotom|[spread] p1a,p1b\n|-resisted|p1b: Garchomp|1\n|-damage|p1a: Rotom|46/100\n|-damage|p1b: Garchomp|72/100\n|cant|p1b: Garchomp|flinch\n|move|p1a: Rotom|Will-O-Wisp|p2a: Rock eater\n|-status|p2a: Rock eater|brn\n|\n|-weather|Sandstorm|[upkeep]\n|-damage|p2b: Longe leg|43/100|[from] Sandstorm\n|-damage|p1a: Rotom|41/100|[from] Sandstorm\n|-heal|p1a: Rotom|46/100|[from] item: Leftovers\n|-damage|p2a: Rock eater|75/100 brn|[from] brn\n|upkeep\n|turn|5\n|\n|t:|1776033342\n|switch|p1a: Incineroar|Incineroar, L50, F|100/100\n|-ability|p1a: Incineroar|Intimidate|boost\n|-unboost|p2a: Rock eater|atk|1\n|-unboost|p2b: Longe leg|atk|1\n|move|p2b: Longe leg|Zen Headbutt|p1a: Incineroar\n|-immune|p1a: Incineroar\n|move|p2a: Rock eater|Rock Slide|p1b: Garchomp|[spread] p1a,p1b\n|-supereffective|p1a: Incineroar|1\n|-resisted|p1b: Garchomp|1\n|-damage|p1a: Incineroar|64/100\n|-damage|p1b: Garchomp|61/100\n|move|p1b: Garchomp|Rock Slide|p2b: Longe leg|[spread] p2a\n|-miss|p1b: Garchomp|p2b: Longe leg\n|-damage|p2a: Rock eater|58/100 brn\n|\n|-weather|Sandstorm|[upkeep]\n|-damage|p2b: Longe leg|37/100|[from] Sandstorm\n|-damage|p1a: Incineroar|58/100|[from] Sandstorm\n|-damage|p2a: Rock eater|51/100 brn|[from] brn\n|-sideend|p2: Potatoy|move: Tailwind\n|upkeep\n|turn|6\n|\n|t:|1776033365\n|move|p1a: Incineroar|Fake Out|p2b: Longe leg\n|-damage|p2b: Longe leg|24/100\n|move|p1b: Garchomp|Rock Slide|p2a: Rock eater|[spread] p2a,p2b\n|-damage|p2a: Rock eater|34/100 brn\n|-damage|p2b: Longe leg|5/100\n|cant|p2b: Longe leg|flinch\n|move|p2a: Rock eater|Rock Slide|p1a: Incineroar|[spread] p1a,p1b\n|-supereffective|p1a: Incineroar|1\n|-resisted|p1b: Garchomp|1\n|-damage|p1a: Incineroar|18/100\n|-damage|p1b: Garchomp|51/100\n|-enditem|p1a: Incineroar|Sitrus Berry|[eat]\n|-heal|p1a: Incineroar|43/100|[from] item: Sitrus Berry\n|\n|-weather|Sandstorm|[upkeep]\n|-damage|p2b: Longe leg|0 fnt|[from] Sandstorm\n|-damage|p1a: Incineroar|37/100|[from] Sandstorm\n|faint|p2b: Longe leg\n|-damage|p2a: Rock eater|28/100 brn|[from] brn\n|upkeep\n|inactive|Potatoy has 30 seconds left.\n|\n|t:|1776033394\n|switch|p2b: Speed|Aerodactyl, L50, M|42/100\n|-ability|p2b: Speed|Unnerve\n|turn|7\n|\n|t:|1776033402\n|switch|p1a: Rotom|Rotom-Wash, L50|46/100\n|move|p1b: Garchomp|Rock Slide|p2a: Rock eater|[spread] p2a\n|-miss|p1b: Garchomp|p2b: Speed\n|-damage|p2a: Rock eater|8/100 brn\n|move|p2b: Speed|Tailwind|p2b: Speed\n|-sidestart|p2: Potatoy|move: Tailwind\n|move|p2a: Rock eater|Rock Slide|p1a: Rotom|[spread] p1a,p1b\n|-resisted|p1b: Garchomp|1\n|-damage|p1a: Rotom|28/100\n|-damage|p1b: Garchomp|41/100\n|\n|-weather|none\n|-heal|p1a: Rotom|34/100|[from] item: Leftovers\n|-damage|p2a: Rock eater|2/100 brn|[from] brn\n|upkeep\n|turn|8\n|\n|t:|1776033423\n|move|p1a: Rotom|Protect|p1a: Rotom\n|-singleturn|p1a: Rotom|Protect\n|move|p2b: Speed|Dual Wingbeat|p1a: Rotom\n|-activate|p1a: Rotom|move: Protect\n|move|p2a: Rock eater|Rock Slide|p1a: Rotom|[spread] p1b\n|-activate|p1a: Rotom|move: Protect\n|-resisted|p1b: Garchomp|1\n|-damage|p1b: Garchomp|32/100\n|cant|p1b: Garchomp|flinch\n|\n|-heal|p1a: Rotom|39/100|[from] item: Leftovers\n|-damage|p2a: Rock eater|0 fnt|[from] brn\n|faint|p2a: Rock eater\n|upkeep\n|\n|t:|1776033440\n|switch|p2a: No ghost|Aegislash, L50, F|99/100\n|turn|9\n|\n|t:|1776033454\n|switch|p1b: Incineroar|Incineroar, L50, F|37/100\n|-ability|p1b: Incineroar|Intimidate|boost\n|-unboost|p2a: No ghost|atk|1\n|-unboost|p2b: Speed|atk|1\n|move|p2b: Speed|Dual Wingbeat|p1b: Incineroar\n|-damage|p1b: Incineroar|26/100\n|-damage|p1b: Incineroar|14/100\n|-hitcount|p1b: Incineroar|2\n|-formechange|p2a: No ghost|Aegislash-Blade|\n|move|p2a: No ghost|Shadow Ball|p1a: Rotom\n|-damage|p1a: Rotom|0 fnt\n|faint|p1a: Rotom\n|\n|-heal|p2a: No ghost|100/100|[from] item: Leftovers\n|upkeep\n|\n|t:|1776033471\n|switch|p1a: Garchomp|Garchomp, L50, F|32/100\n|turn|10\n|\n|t:|1776033494\n|-formechange|p2a: No ghost|Aegislash|\n|move|p2a: No ghost|King's Shield|p2a: No ghost\n|-singleturn|p2a: No ghost|Protect\n|move|p1b: Incineroar|Fake Out|p2b: Speed\n|-resisted|p2b: Speed|1\n|-damage|p2b: Speed|33/100\n|cant|p2b: Speed|flinch\n|move|p1a: Garchomp|Rock Slide|p2b: Speed|[spread] p2b\n|-activate|p2a: No ghost|move: Protect\n|-supereffective|p2b: Speed|1\n|-damage|p2b: Speed|0 fnt\n|faint|p2b: Speed\n|\n|-sideend|p2: Potatoy|move: Tailwind\n|upkeep\n|turn|11\n|\n|t:|1776033514\n|move|p1a: Garchomp|Rock Slide|p2a: No ghost\n|-resisted|p2a: No ghost|1\n|-damage|p2a: No ghost|91/100\n|move|p1b: Incineroar|Flare Blitz|p2a: No ghost\n|-supereffective|p2a: No ghost|1\n|-damage|p2a: No ghost|1/100\n|-damage|p1b: Incineroar|0 fnt|[from] Recoil\n|faint|p1b: Incineroar\n|cant|p2a: No ghost|flinch\n|\n|-heal|p2a: No ghost|7/100|[from] item: Leftovers\n|upkeep\n|\n|t:|1776033525\n|switch|p1b: Delphox|Delphox-Mega, L50, F|100/100\n|turn|12\n|\n|t:|1776033531\n|move|p1a: Garchomp|Rock Slide|p2a: No ghost\n|-resisted|p2a: No ghost|1\n|-damage|p2a: No ghost|0 fnt\n|faint|p2a: No ghost\n|\n|win|lakeandbake\n|raw|lakeandbake's rating: 1135 &rarr; <strong>1154</strong><br />(+19 for winning)\n|raw|Potatoy's rating: 1056 &rarr; <strong>1042</strong><br />(-14 for losing)\n",
  "uploadtime": 1776033531,
  "views": 10,
  "formatid": "gen9championsvgc2026regma",
  "rating": 1042,
  "private": 0,
  "password": null
}