{
  "id": "gen9championsvgc2026regma-2587730611",
  "format": "[Gen 9 Champions] VGC 2026 Reg M-A",
  "players": [
    "StarSword26",
    "Okami_6"
  ],
  "log": "|j|\u2606StarSword26\n|j|\u2606Okami_6\n|t:|1776558254\n|gametype|doubles\n|player|p1|StarSword26|102|1172\n|player|p2|Okami_6|perrin|1172\n|gen|9\n|tier|[Gen 9 Champions] VGC 2026 Reg M-A\n|rated|\n|rule|Species Clause: Limit one of each Pok\u00e9mon\n|rule|Item Clause: Limit 1 of each item\n|clearpoke\n|poke|p1|Sylveon, L50, F|\n|poke|p1|Scizor, L50, M|\n|poke|p1|Milotic, L50, F|\n|poke|p1|Incineroar, L50, M|\n|poke|p1|Pelipper, L50, F|\n|poke|p1|Camerupt, L50, F|\n|poke|p2|Crabominable, L50, M|\n|poke|p2|Basculegion, L50, M|\n|poke|p2|Incineroar, L50, F|\n|poke|p2|Sinistcha, L50|\n|poke|p2|Archaludon, L50, M|\n|poke|p2|Pelipper, L50, F|\n|teampreview|4\n|\n|t:|1776558283\n|teamsize|p1|4\n|teamsize|p2|4\n|start\n|switch|p1a: Camerupt|Camerupt, L50, F|100/100\n|switch|p1b: Incineroar|Incineroar, L50, M|100/100\n|switch|p2a: Archaludon|Archaludon, L50, M|100/100\n|switch|p2b: Pelipper|Pelipper, L50, F|100/100\n|-weather|RainDance|[from] ability: Drizzle|[of] p2b: Pelipper\n|-ability|p1b: Incineroar|Intimidate|boost\n|-unboost|p2a: Archaludon|atk|1\n|-unboost|p2b: Pelipper|atk|1\n|turn|1\n|\n|t:|1776558331\n|move|p2a: Archaludon|Protect|p2a: Archaludon\n|-singleturn|p2a: Archaludon|Protect\n|move|p1b: Incineroar|Fake Out|p2b: Pelipper\n|-damage|p2b: Pelipper|85/100\n|cant|p2b: Pelipper|flinch\n|move|p1a: Camerupt|Earth Power|p2a: Archaludon\n|-activate|p2a: Archaludon|move: Protect\n|\n|-weather|RainDance|[upkeep]\n|upkeep\n|turn|2\n|\n|t:|1776558350\n|switch|p1b: Milotic|Milotic, L50, F|100/100\n|move|p2b: Pelipper|Weather Ball|p1a: Camerupt\n|-supereffective|p1a: Camerupt|2\n|-damage|p1a: Camerupt|0 fnt\n|faint|p1a: Camerupt\n|move|p2a: Archaludon|Electro Shot||[still]\n|-prepare|p2a: Archaludon|Electro Shot\n|-boost|p2a: Archaludon|spa|1\n|-anim|p2a: Archaludon|Electro Shot|p1b: Milotic\n|-supereffective|p1b: Milotic|1\n|-enditem|p1b: Milotic|Wacan Berry|[eat]\n|-enditem|p1b: Milotic|Wacan Berry|[weaken]\n|-damage|p1b: Milotic|52/100\n|\n|-weather|RainDance|[upkeep]\n|upkeep\n|\n|t:|1776558365\n|switch|p1a: Incineroar|Incineroar, L50, M|100/100\n|-ability|p1a: Incineroar|Intimidate|boost\n|-unboost|p2a: Archaludon|atk|1\n|-unboost|p2b: Pelipper|atk|1\n|turn|3\n|\n|t:|1776558374\n|move|p2a: Archaludon|Protect|p2a: Archaludon\n|-singleturn|p2a: Archaludon|Protect\n|move|p1a: Incineroar|Fake Out|p2b: Pelipper\n|-damage|p2b: Pelipper|71/100\n|move|p1b: Milotic|Icy Wind|p2b: Pelipper|[spread] p2b\n|-activate|p2a: Archaludon|move: Protect\n|-damage|p2b: Pelipper|51/100\n|-unboost|p2b: Pelipper|spe|1\n|cant|p2b: Pelipper|flinch\n|\n|-weather|RainDance|[upkeep]\n|upkeep\n|turn|4\n|\n|t:|1776558404\n|move|p1b: Milotic|Dragon Pulse|p2a: Archaludon\n|-damage|p2a: Archaludon|78/100\n|move|p2a: Archaludon|Electro Shot||[still]\n|-prepare|p2a: Archaludon|Electro Shot\n|-boost|p2a: Archaludon|spa|1\n|-anim|p2a: Archaludon|Electro Shot|p1b: Milotic\n|-supereffective|p1b: Milotic|1\n|-damage|p1b: Milotic|0 fnt\n|faint|p1b: Milotic\n|move|p1a: Incineroar|Parting Shot|p2a: Archaludon\n|-unboost|p2a: Archaludon|atk|1\n|-unboost|p2a: Archaludon|spa|1\n|\n|t:|1776558416\n|switch|p1a: Sylveon|Sylveon, L50, F|100/100|[from] Parting Shot\n|move|p2b: Pelipper|Tailwind|p2b: Pelipper\n|-sidestart|p2: Okami_6|move: Tailwind\n|\n|-weather|RainDance|[upkeep]\n|-heal|p2a: Archaludon|84/100|[from] item: Leftovers\n|upkeep\n|\n|t:|1776558424\n|switch|p1b: Incineroar|Incineroar, L50, M|100/100\n|-ability|p1b: Incineroar|Intimidate|boost\n|-unboost|p2a: Archaludon|atk|1\n|-unboost|p2b: Pelipper|atk|1\n|turn|5\n|\n|t:|1776558435\n|switch|p2b: Sinistcha|Sinistcha, L50|100/100\n|-heal|p2a: Archaludon|100/100|[from] ability: Hospitality|[of] p2b: Sinistcha\n|move|p2a: Archaludon|Protect|p2a: Archaludon\n|-singleturn|p2a: Archaludon|Protect\n|move|p1b: Incineroar|Fake Out|p2a: Archaludon\n|-activate|p2a: Archaludon|move: Protect\n|move|p1a: Sylveon|Hyper Voice|p2b: Sinistcha|[spread] p2b\n|-activate|p2a: Archaludon|move: Protect\n|-damage|p2b: Sinistcha|73/100\n|\n|-weather|none\n|upkeep\n|turn|6\n|\n|t:|1776558459\n|move|p1a: Sylveon|Protect|p1a: Sylveon\n|-singleturn|p1a: Sylveon|Protect\n|move|p2a: Archaludon|Flash Cannon|p1a: Sylveon\n|-activate|p1a: Sylveon|move: Protect\n|move|p2b: Sinistcha|Matcha Gotcha|p1a: Sylveon|[spread] p1b\n|-activate|p1a: Sylveon|move: Protect\n|-resisted|p1b: Incineroar|1\n|-damage|p1b: Incineroar|89/100\n|-heal|p2b: Sinistcha|79/100|[from] drain|[of] p1b: Incineroar\n|move|p1b: Incineroar|Snarl|p2a: Archaludon|[spread] p2a,p2b\n|-supereffective|p2b: Sinistcha|1\n|-enditem|p2b: Sinistcha|Colbur Berry|[eat]\n|-enditem|p2b: Sinistcha|Colbur Berry|[weaken]\n|-damage|p2a: Archaludon|91/100\n|-damage|p2b: Sinistcha|68/100\n|-unboost|p2a: Archaludon|spa|1\n|-unboost|p2b: Sinistcha|spa|1\n|\n|-heal|p2a: Archaludon|97/100|[from] item: Leftovers\n|upkeep\n|turn|7\n|\n|t:|1776558481\n|switch|p2b: Pelipper|Pelipper, L50, F|51/100\n|-weather|RainDance|[from] ability: Drizzle|[of] p2b: Pelipper\n|move|p2a: Archaludon|Electro Shot||[still]\n|-prepare|p2a: Archaludon|Electro Shot\n|-boost|p2a: Archaludon|spa|1\n|-anim|p2a: Archaludon|Electro Shot|p1a: Sylveon\n|-damage|p1a: Sylveon|70/100\n|move|p1a: Sylveon|Wish|p1a: Sylveon\n|move|p1b: Incineroar|Snarl|p2a: Archaludon|[spread] p2a\n|-miss|p1b: Incineroar|p2b: Pelipper\n|-damage|p2a: Archaludon|87/100\n|-unboost|p2a: Archaludon|spa|1\n|\n|-weather|RainDance|[upkeep]\n|-heal|p2a: Archaludon|94/100|[from] item: Leftovers\n|-heal|p1a: Sylveon|76/100|[from] item: Leftovers\n|-sideend|p2: Okami_6|move: Tailwind\n|upkeep\n|turn|8\n|\n|t:|1776558504\n|move|p1a: Sylveon|Protect|p1a: Sylveon\n|-singleturn|p1a: Sylveon|Protect\n|move|p2b: Pelipper|Wide Guard|p2b: Pelipper\n|-singleturn|p2b: Pelipper|Wide Guard\n|move|p2a: Archaludon|Electro Shot||[still]\n|-prepare|p2a: Archaludon|Electro Shot\n|-boost|p2a: Archaludon|spa|1\n|-anim|p2a: Archaludon|Electro Shot|p1b: Incineroar\n|-damage|p1b: Incineroar|37/100\n|-enditem|p1b: Incineroar|Sitrus Berry|[eat]\n|-heal|p1b: Incineroar|62/100|[from] item: Sitrus Berry\n|move|p1b: Incineroar|Snarl|p2a: Archaludon|[spread] \n|-activate|p2a: Archaludon|move: Wide Guard\n|-activate|p2b: Pelipper|move: Wide Guard\n|\n|-weather|RainDance|[upkeep]\n|-heal|p1a: Sylveon|100/100|[from] move: Wish|[wisher] Sylveon\n|-heal|p2a: Archaludon|99/100|[from] item: Leftovers\n|upkeep\n|turn|9\n|l|\u2606StarSword26\n|player|p1|\n|inactive|Battle timer is ON: inactive players will automatically lose when time's up. (requested by Okami_6)\n|inactive|StarSword26 has 30 seconds to reconnect!\n|inactive|StarSword26 has 20 seconds to reconnect!\n|inactive|StarSword26 has 15 seconds to reconnect!\n|inactive|StarSword26 has 10 seconds to reconnect!\n|inactive|StarSword26 has 5 seconds to reconnect!\n|-message|StarSword26 lost due to inactivity.\n|\n|win|Okami_6\n|raw|StarSword26's rating: 1172 &rarr; <strong>1147</strong><br />(-25 for losing)\n|raw|Okami_6's rating: 1172 &rarr; <strong>1197</strong><br />(+25 for winning)\n",
  "uploadtime": 1776558671,
  "views": 25,
  "formatid": "gen9championsvgc2026regma",
  "rating": 1147,
  "private": 0,
  "password": null
}