{
  "id": "gen9championsvgc2026regma-2586000963",
  "format": "[Gen 9 Champions] VGC 2026 Reg M-A",
  "players": [
    "Diyante",
    "AquaticPanic"
  ],
  "log": "|j|\u2606Diyante\n|j|\u2606AquaticPanic\n|t:|1776389091\n|gametype|doubles\n|player|p1|Diyante|florian-bb|1320\n|player|p2|AquaticPanic|bellelba|1348\n|gen|9\n|tier|[Gen 9 Champions] VGC 2026 Reg M-A\n|rated|\n|rule|Species Clause: Limit one of each Pok\u00e9mon\n|rule|Item Clause: Limit 1 of each item\n|clearpoke\n|poke|p1|Delphox, L50, M|\n|poke|p1|Aerodactyl, L50, M|\n|poke|p1|Kingambit, L50, M|\n|poke|p1|Clefable, L50, F|\n|poke|p1|Dragonite, L50, F|\n|poke|p1|Rotom-Mow, L50|\n|poke|p2|Gengar, L50, F|\n|poke|p2|Whimsicott, L50, F|\n|poke|p2|Sneasler, L50, F|\n|poke|p2|Rotom-Wash, L50|\n|poke|p2|Kingambit, L50, F|\n|poke|p2|Palafin, L50, M|\n|teampreview|4\n|\n|t:|1776389121\n|teamsize|p1|4\n|teamsize|p2|4\n|start\n|switch|p1a: Rotom|Rotom-Mow, L50|100/100\n|switch|p1b: Delphox|Delphox, L50, M, shiny|100/100\n|switch|p2a: Pepsiman|Palafin, L50, M|100/100\n|switch|p2b: Rotom|Rotom-Wash, L50|100/100\n|turn|1\n|\n|t:|1776389139\n|detailschange|p2a: Pepsiman|Palafin-Hero, L50, M\n|switch|p2a: Kingambit|Kingambit, L50, F|100/100\n|detailschange|p1b: Delphox|Delphox-Mega, L50, M, shiny\n|-mega|p1b: Delphox|Delphox|Delphoxite\n|move|p1a: Rotom|Electroweb|p2a: Kingambit|[spread] p2a,p2b\n|-damage|p2a: Kingambit|80/100\n|-damage|p2b: Rotom|76/100\n|-unboost|p2a: Kingambit|spe|1\n|-ability|p2a: Kingambit|Defiant|boost\n|-boost|p2a: Kingambit|atk|2\n|-unboost|p2b: Rotom|spe|1\n|move|p1b: Delphox|Psychic|p2a: Kingambit\n|-immune|p2a: Kingambit\n|move|p2b: Rotom|Volt Switch|p1a: Rotom\n|-resisted|p1a: Rotom|2\n|-damage|p1a: Rotom|89/100\n|\n|t:|1776389155\n|switch|p2b: Pepsiman|Palafin-Hero, L50, M|100/100|[from] Volt Switch\n|-activate|p2b: Pepsiman|ability: Zero to Hero\n|\n|upkeep\n|turn|2\n|\n|t:|1776389170\n|switch|p1a: Dragonite|Dragonite, L50, F|100/100\n|move|p1b: Delphox|Protect|p1b: Delphox\n|-singleturn|p1b: Delphox|Protect\n|move|p2b: Pepsiman|Jet Punch|p1b: Delphox\n|-activate|p1b: Delphox|move: Protect\n|move|p2a: Kingambit|Sucker Punch||[still]\n|-fail|p2a: Kingambit\n|\n|upkeep\n|turn|3\n|\n|t:|1776389179\n|switch|p1b: Rotom|Rotom-Mow, L50|89/100\n|move|p2a: Kingambit|Sucker Punch||[still]\n|-fail|p2a: Kingambit\n|move|p1a: Dragonite|Haze|p1a: Dragonite\n|-clearallboost\n|move|p2b: Pepsiman|Bulk Up|p2b: Pepsiman\n|-boost|p2b: Pepsiman|atk|1\n|-boost|p2b: Pepsiman|def|1\n|\n|upkeep\n|turn|4\n|\n|t:|1776389193\n|switch|p2b: Sneasler|Sneasler, L50, F|100/100\n|move|p1b: Rotom|Leaf Storm|p2b: Sneasler|[miss]\n|-miss|p1b: Rotom|p2b: Sneasler\n|move|p1a: Dragonite|Haze|p1a: Dragonite\n|-clearallboost\n|move|p2a: Kingambit|Kowtow Cleave|p1b: Rotom\n|-damage|p1b: Rotom|6/100\n|\n|upkeep\n|turn|5\n|\n|t:|1776389212\n|move|p1b: Rotom|Leaf Storm|p2a: Kingambit\n|-resisted|p2a: Kingambit|1\n|-damage|p2a: Kingambit|51/100\n|-unboost|p1b: Rotom|spa|2\n|move|p2b: Sneasler|Rock Slide|p1b: Rotom|[spread] p1a,p1b\n|-supereffective|p1a: Dragonite|1\n|-damage|p1a: Dragonite|78/100\n|-damage|p1b: Rotom|0 fnt\n|faint|p1b: Rotom\n|cant|p1a: Dragonite|flinch\n|move|p2a: Kingambit|Kowtow Cleave|p1a: Dragonite\n|-damage|p1a: Dragonite|14/100\n|\n|upkeep\n|\n|t:|1776389221\n|switch|p1b: Delphox|Delphox-Mega, L50, M, shiny|100/100\n|turn|6\n|\n|t:|1776389229\n|move|p1a: Dragonite|Extreme Speed|p2b: Sneasler\n|-damage|p2b: Sneasler|45/100\n|move|p2a: Kingambit|Sucker Punch|p1b: Delphox\n|-supereffective|p1b: Delphox|1\n|-damage|p1b: Delphox|0 fnt\n|faint|p1b: Delphox\n|move|p2b: Sneasler|Rock Slide|p1a: Dragonite\n|-supereffective|p1a: Dragonite|1\n|-damage|p1a: Dragonite|0 fnt\n|faint|p1a: Dragonite\n|\n|upkeep\n|\n|t:|1776389236\n|switch|p1b: Kingambit|Kingambit, L50, M|100/100\n|turn|7\n|-message|Diyante forfeited.\n|\n|win|AquaticPanic\n|raw|Diyante's rating: 1320 &rarr; <strong>1302</strong><br />(-18 for losing)\n|raw|AquaticPanic's rating: 1348 &rarr; <strong>1366</strong><br />(+18 for winning)\n|l|\u2606Diyante\n|player|p1|\n",
  "uploadtime": 1776389246,
  "views": 38,
  "formatid": "gen9championsvgc2026regma",
  "rating": 1302,
  "private": 0,
  "password": null
}