{
  "id": "gen9championsvgc2026regma-2587169829",
  "format": "[Gen 9 Champions] VGC 2026 Reg M-A",
  "players": [
    "thecoincollectr",
    "Hukb41"
  ],
  "log": "|j|\u2606thecoincollectr\n|j|\u2606Hukb41\n|t:|1776503664\n|gametype|doubles\n|player|p1|thecoincollectr|1|1210\n|player|p2|Hukb41|1|1269\n|gen|9\n|tier|[Gen 9 Champions] VGC 2026 Reg M-A\n|rated|\n|rule|Species Clause: Limit one of each Pok\u00e9mon\n|rule|Item Clause: Limit 1 of each item\n|clearpoke\n|poke|p1|Gengar, L50, M|\n|poke|p1|Incineroar, L50, M|\n|poke|p1|Milotic, L50, M|\n|poke|p1|Tyranitar, L50, M|\n|poke|p1|Garchomp, L50, M|\n|poke|p1|Gliscor, L50, F|\n|poke|p2|Delphox, L50, M|\n|poke|p2|Garchomp, L50, M|\n|poke|p2|Meganium, L50, M|\n|poke|p2|Sneasler, L50, F|\n|poke|p2|Empoleon, L50, F|\n|poke|p2|Orthworm, L50, F|\n|teampreview|4\n|inactive|Battle timer is ON: inactive players will automatically lose when time's up. (requested by thecoincollectr)\nthecoincollectr rejected open team sheets.\n|\n|t:|1776503699\n|teamsize|p1|4\n|teamsize|p2|4\n|start\n|switch|p1a: Tyranitar|Tyranitar, L50, M|100/100\n|switch|p1b: Garchomp|Garchomp, L50, M|100/100\n|switch|p2a: Garchomp|Garchomp, L50, M|100/100\n|switch|p2b: Orthworm|Orthworm, L50, F|100/100\n|-weather|Sandstorm|[from] ability: Sand Stream|[of] p1a: Tyranitar\n|turn|1\n|inactive|thecoincollectr has 30 seconds left.\n|\n|t:|1776503732\n|switch|p1a: Gliscor|Gliscor, L50, F|100/100\n|move|p2a: Garchomp|Dragon Claw|p1b: Garchomp\n|-supereffective|p1b: Garchomp|1\n|-damage|p1b: Garchomp|19/100\n|move|p1b: Garchomp|Dragon Claw|p2a: Garchomp\n|-supereffective|p2a: Garchomp|1\n|-damage|p2a: Garchomp|10/100\n|-damage|p1b: Garchomp|7/100|[from] ability: Rough Skin|[of] p2a: Garchomp\n|move|p2b: Orthworm|Body Press|p1a: Gliscor\n|-resisted|p1a: Gliscor|1\n|-damage|p1a: Gliscor|87/100\n|\n|-weather|Sandstorm|[upkeep]\n|upkeep\n|turn|2\n|inactive|thecoincollectr has 30 seconds left.\n|inactive|Hukb41 has 30 seconds left.\n|\n|t:|1776503760\n|move|p2a: Garchomp|Dragon Claw|p1b: Garchomp|[miss]\n|-miss|p2a: Garchomp|p1b: Garchomp\n|move|p1a: Gliscor|Tailwind|p1a: Gliscor\n|-sidestart|p1: thecoincollectr|move: Tailwind\n|move|p1b: Garchomp|Rock Slide|p2a: Garchomp|[spread] p2a,p2b\n|-resisted|p2a: Garchomp|1\n|-resisted|p2b: Orthworm|1\n|-damage|p2a: Garchomp|0 fnt\n|-damage|p2b: Orthworm|93/100\n|faint|p2a: Garchomp\n|move|p2b: Orthworm|Shed Tail|p2b: Orthworm\n|-start|p2b: Orthworm|Substitute|[from] move: Shed Tail\n|-damage|p2b: Orthworm|43/100\n|-enditem|p2b: Orthworm|Sitrus Berry|[eat]\n|-heal|p2b: Orthworm|68/100|[from] item: Sitrus Berry\n|\n|t:|1776503780\n|switch|p2b: Delphox|Delphox, L50, M|100/100|[from] Shed Tail\n|\n|-weather|Sandstorm|[upkeep]\n|-damage|p2b: Delphox|95/100|[from] Sandstorm\n|upkeep\n|\n|t:|1776503784\n|switch|p2a: Sneasler|Sneasler, L50, F|100/100\n|turn|3\n|\n|t:|1776503804\n|detailschange|p2b: Delphox|Delphox-Mega, L50, M\n|-mega|p2b: Delphox|Delphox|Delphoxite\n|move|p2a: Sneasler|Fake Out|p1b: Garchomp|[miss]\n|-miss|p2a: Sneasler|p1b: Garchomp\n|move|p1a: Gliscor|Rock Slide|p2b: Delphox|[spread] p2a,p2b\n|-supereffective|p2b: Delphox|1\n|-end|p2b: Delphox|Substitute\n|-resisted|p2a: Sneasler|1\n|-damage|p2a: Sneasler|86/100\n|move|p1b: Garchomp|Bulldoze|p2b: Delphox|[spread] p2a\n|-immune|p1a: Gliscor\n|-immune|p2b: Delphox|[from] ability: Levitate\n|-supereffective|p2a: Sneasler|1\n|-damage|p2a: Sneasler|0 fnt\n|faint|p2a: Sneasler\n|move|p2b: Delphox|Psychic|p1a: Gliscor|[miss]\n|-miss|p2b: Delphox|p1a: Gliscor\n|\n|-weather|Sandstorm|[upkeep]\n|-damage|p2b: Delphox|89/100|[from] Sandstorm\n|upkeep\n|c|\u2606thecoincollectr|:)\n|inactive|Hukb41 has 30 seconds left.\n|\n|t:|1776503830\n|switch|p2a: Orthworm|Orthworm, L50, F|68/100\n|turn|4\n|\n|t:|1776503834\n|move|p2b: Delphox|Protect|p2b: Delphox\n|-singleturn|p2b: Delphox|Protect\n|move|p2a: Orthworm|Protect|p2a: Orthworm\n|-singleturn|p2a: Orthworm|Protect\n|move|p1a: Gliscor|Rock Slide|p2b: Delphox|[spread] \n|-activate|p2a: Orthworm|move: Protect\n|-activate|p2b: Delphox|move: Protect\n|move|p1b: Garchomp|Rock Slide|p2a: Orthworm|[spread] \n|-activate|p2a: Orthworm|move: Protect\n|-activate|p2b: Delphox|move: Protect\n|\n|-weather|Sandstorm|[upkeep]\n|-damage|p2b: Delphox|83/100|[from] Sandstorm\n|upkeep\n|turn|5\n|\n|t:|1776503850\n|move|p2b: Delphox|Protect|p2b: Delphox\n|-singleturn|p2b: Delphox|Protect\n|move|p2a: Orthworm|Protect||[still]\n|-fail|p2a: Orthworm\n|move|p1a: Gliscor|Rock Slide|p2a: Orthworm|[spread] p2a\n|-activate|p2b: Delphox|move: Protect\n|-resisted|p2a: Orthworm|1\n|-damage|p2a: Orthworm|63/100\n|move|p1b: Garchomp|Rock Slide|p2a: Orthworm|[spread] p2a\n|-activate|p2b: Delphox|move: Protect\n|-resisted|p2a: Orthworm|1\n|-damage|p2a: Orthworm|55/100\n|\n|-weather|none\n|-sideend|p1: thecoincollectr|move: Tailwind\n|upkeep\n|turn|6\n|inactive|thecoincollectr has 30 seconds left.\n|inactive|Hukb41 has 30 seconds left.\n|inactive|Hukb41 has 20 seconds left.\n|\n|t:|1776503886\n|switch|p1a: Tyranitar|Tyranitar, L50, M|100/100\n|-weather|Sandstorm|[from] ability: Sand Stream|[of] p1a: Tyranitar\n|move|p2b: Delphox|Heat Wave|p1b: Garchomp|[spread] p1a,p1b\n|-resisted|p1a: Tyranitar|1\n|-resisted|p1b: Garchomp|1\n|-damage|p1a: Tyranitar|89/100\n|-damage|p1b: Garchomp|0 fnt\n|faint|p1b: Garchomp\n|move|p2a: Orthworm|Iron Defense|p2a: Orthworm\n|-boost|p2a: Orthworm|def|2\n|\n|-weather|Sandstorm|[upkeep]\n|-damage|p2b: Delphox|77/100|[from] Sandstorm\n|upkeep\n|\n|t:|1776503897\n|switch|p1b: Gliscor|Gliscor, L50, F|87/100\n|turn|7\n|\n|t:|1776503912\n|move|p2b: Delphox|Protect|p2b: Delphox\n|-singleturn|p2b: Delphox|Protect\n|move|p1b: Gliscor|Tailwind|p1b: Gliscor\n|-sidestart|p1: thecoincollectr|move: Tailwind\n|move|p1a: Tyranitar|Rock Slide|p2b: Delphox|[spread] p2a\n|-activate|p2b: Delphox|move: Protect\n|-resisted|p2a: Orthworm|1\n|-damage|p2a: Orthworm|50/100\n|move|p2a: Orthworm|Body Press|p1a: Tyranitar\n|-supereffective|p1a: Tyranitar|2\n|-damage|p1a: Tyranitar|0 fnt\n|faint|p1a: Tyranitar\n|\n|-weather|Sandstorm|[upkeep]\n|-damage|p2b: Delphox|71/100|[from] Sandstorm\n|upkeep\n|\n|t:|1776503925\n|switch|p1a: Milotic|Milotic, L50, M|100/100\n|turn|8\n|inactive|Hukb41 has 30 seconds left.\n|\n|t:|1776503951\n|move|p1b: Gliscor|Rock Slide|p2a: Orthworm|[spread] p2a,p2b\n|-resisted|p2a: Orthworm|1\n|-supereffective|p2b: Delphox|1\n|-damage|p2a: Orthworm|47/100\n|-damage|p2b: Delphox|20/100\n|move|p2b: Delphox|Psychic|p1a: Milotic\n|-damage|p1a: Milotic|58/100\n|move|p1a: Milotic|Scald|p2a: Orthworm\n|-damage|p2a: Orthworm|7/100\n|move|p2a: Orthworm|Body Press|p1a: Milotic\n|-damage|p1a: Milotic|6/100\n|\n|-weather|Sandstorm|[upkeep]\n|-damage|p2b: Delphox|14/100|[from] Sandstorm\n|-damage|p1a: Milotic|0 fnt|[from] Sandstorm\n|faint|p1a: Milotic\n|upkeep\n|turn|9\n|inactive|Hukb41 has 30 seconds left.\n|\n|t:|1776503976\n|move|p2b: Delphox|Protect|p2b: Delphox\n|-singleturn|p2b: Delphox|Protect\n|move|p2a: Orthworm|Protect|p2a: Orthworm\n|-singleturn|p2a: Orthworm|Protect\n|move|p1b: Gliscor|Rock Slide|p2a: Orthworm|[spread] \n|-activate|p2a: Orthworm|move: Protect\n|-activate|p2b: Delphox|move: Protect\n|\n|-weather|Sandstorm|[upkeep]\n|-damage|p2b: Delphox|8/100|[from] Sandstorm\n|upkeep\n|turn|10\n|inactive|Hukb41 has 30 seconds left.\n|inactive|Hukb41 has 20 seconds left.\n|inactive|Hukb41 has 15 seconds left.\n|inactive|Hukb41 has 10 seconds left.\n|\n|t:|1776504023\n|move|p2b: Delphox|Protect|p2b: Delphox\n|-singleturn|p2b: Delphox|Protect\n|move|p1b: Gliscor|Rock Slide|p2a: Orthworm|[spread] p2a\n|-activate|p2b: Delphox|move: Protect\n|-resisted|p2a: Orthworm|1\n|-damage|p2a: Orthworm|4/100\n|move|p2a: Orthworm|Body Press|p1b: Gliscor\n|-resisted|p1b: Gliscor|1\n|-damage|p1b: Gliscor|61/100\n|\n|-weather|none\n|-sideend|p1: thecoincollectr|move: Tailwind\n|upkeep\n|turn|11\n|inactive|Hukb41 has 30 seconds left.\n|\n|t:|1776504049\n|move|p2b: Delphox|Psychic|p1b: Gliscor\n|-damage|p1b: Gliscor|0 fnt\n|faint|p1b: Gliscor\n|\n|win|Hukb41\n|raw|thecoincollectr's rating: 1210 &rarr; <strong>1189</strong><br />(-21 for losing)\n|raw|Hukb41's rating: 1269 &rarr; <strong>1290</strong><br />(+21 for winning)\n|l|\u2606thecoincollectr\n|player|p1|\n",
  "uploadtime": 1776504258,
  "views": 15,
  "formatid": "gen9championsvgc2026regma",
  "rating": 1189,
  "private": 0,
  "password": null
}