{
  "id": "gen9championsvgc2026regma-2586746940",
  "format": "[Gen 9 Champions] VGC 2026 Reg M-A",
  "players": [
    "Randi89",
    "torebi"
  ],
  "log": "|j|\u2606Randi89\n|j|\u2606torebi\n|t:|1776456708\n|gametype|doubles\n|player|p1|Randi89|bugcatcher-gen4dp|1050\n|player|p2|torebi|101|1044\n|gen|9\n|tier|[Gen 9 Champions] VGC 2026 Reg M-A\n|rated|\n|rule|Species Clause: Limit one of each Pok\u00e9mon\n|rule|Item Clause: Limit 1 of each item\n|clearpoke\n|poke|p1|Armarouge, L50, M|\n|poke|p1|Steelix, L50, M|\n|poke|p1|Victreebel, L50, F|\n|poke|p1|Hawlucha, L50, F|\n|poke|p1|Manectric, L50, M|\n|poke|p1|Hydreigon, L50, F|\n|poke|p2|Alakazam, L50, M|\n|poke|p2|Garchomp, L50, F|\n|poke|p2|Incineroar, L50, M|\n|poke|p2|Armarouge, L50, F|\n|poke|p2|Whimsicott, L50, M|\n|poke|p2|Espathra, L50, F|\n|teampreview|4\n|inactive|Battle timer is ON: inactive players will automatically lose when time's up. (requested by torebi)\n|\n|t:|1776456732\n|teamsize|p1|4\n|teamsize|p2|4\n|start\n|switch|p1a: Manu|Hawlucha, L50, F|100/100\n|switch|p1b: Cris|Armarouge, L50, M|100/100\n|switch|p2a: Armarouge|Armarouge, L50, F|100/100\n|switch|p2b: Alakazam|Alakazam, L50, M|100/100\n|turn|1\n|inactive|Randi89 has 30 seconds left.\n|\n|t:|1776456764\n|move|p2b: Alakazam|Protect|p2b: Alakazam\n|-singleturn|p2b: Alakazam|Protect\n|move|p1a: Manu|Fly||[still]\n|-prepare|p1a: Manu|Fly\n|move|p2a: Armarouge|Psychic Terrain|p2a: Armarouge\n|-fieldstart|move: Psychic Terrain\n|move|p1b: Cris|Trick Room|p1b: Cris\n|-fieldstart|move: Trick Room|[of] p1b: Cris\n|\n|upkeep\n|turn|2\n|inactive|Randi89 has 30 seconds left.\n|inactive|torebi has 30 seconds left.\n|inactive|torebi has 20 seconds left.\n|inactive|torebi has 15 seconds left.\n|\n|t:|1776456809\n|detailschange|p2b: Alakazam|Alakazam-Mega, L50, M\n|-mega|p2b: Alakazam|Alakazam|Alakazite\n|-ability|p2b: Alakazam|Unburden|Trace|[from] ability: Trace|[of] p1a: Manu\n|move|p1b: Cris|Expanding Force|p2a: Armarouge|[spread] p2a,p2b\n|-resisted|p2a: Armarouge|1\n|-resisted|p2b: Alakazam|1\n|-damage|p2a: Armarouge|72/100\n|-damage|p2b: Alakazam|58/100\n|move|p1a: Manu|Fly|p2b: Alakazam|[from] lockedmove\n|-damage|p2b: Alakazam|0 fnt\n|faint|p2b: Alakazam\n|move|p2a: Armarouge|Trick Room|p2a: Armarouge\n|-fieldend|move: Trick Room\n|\n|-heal|p2a: Armarouge|79/100|[from] item: Leftovers\n|upkeep\n|\n|t:|1776456824\n|switch|p2b: Espathra|Espathra, L50, F, shiny|100/100\n|turn|3\n|\n|t:|1776456844\n|move|p1a: Manu|Encore|p2a: Armarouge\n|-start|p2a: Armarouge|Encore\n|move|p2b: Espathra|Expanding Force|p1b: Cris|[spread] p1a,p1b\n|-supereffective|p1a: Manu|1\n|-resisted|p1b: Cris|1\n|-damage|p1a: Manu|0 fnt\n|-damage|p1b: Cris|71/100\n|faint|p1a: Manu\n|move|p1b: Cris|Expanding Force|p2b: Espathra|[spread] p2a,p2b\n|-resisted|p2a: Armarouge|1\n|-resisted|p2b: Espathra|1\n|-damage|p2a: Armarouge|52/100\n|-damage|p2b: Espathra|46/100\n|move|p2a: Armarouge|Trick Room|p2a: Armarouge\n|-fieldstart|move: Trick Room|[of] p2a: Armarouge\n|\n|-heal|p2a: Armarouge|58/100|[from] item: Leftovers\n|-ability|p2b: Espathra|Speed Boost|boost\n|-boost|p2b: Espathra|spe|1\n|upkeep\n|\n|t:|1776456863\n|switch|p1a: Raul|Steelix, L50, M|100/100\n|turn|4\n|\n|t:|1776456883\n|switch|p2a: Incineroar|Incineroar, L50, M, shiny|100/100\n|-ability|p2a: Incineroar|Intimidate|boost\n|-unboost|p1a: Raul|atk|1\n|-unboost|p1b: Cris|atk|1\n|move|p2b: Espathra|Protect|p2b: Espathra\n|-singleturn|p2b: Espathra|Protect\n|move|p1a: Raul|Rock Slide|p2a: Incineroar|[spread] p2a\n|-activate|p2b: Espathra|move: Protect\n|-supereffective|p2a: Incineroar|1\n|-damage|p2a: Incineroar|84/100\n|move|p1b: Cris|Expanding Force|p2a: Incineroar|[spread] \n|-activate|p2b: Espathra|move: Protect\n|-immune|p2a: Incineroar\n|\n|-ability|p2b: Espathra|Speed Boost|boost\n|-boost|p2b: Espathra|spe|1\n|upkeep\n|turn|5\n|inactive|Randi89 has 30 seconds left.\n|\n|t:|1776456915\n|switch|p2b: Armarouge|Armarouge, L50, F|58/100\n|move|p2a: Incineroar|Fake Out|p1a: Raul\n|-activate|p1a: Raul|move: Psychic Terrain\n|move|p1a: Raul|Earthquake|p2b: Armarouge|[spread] p1b,p2a,p2b\n|-supereffective|p1b: Cris|1\n|-supereffective|p2a: Incineroar|1\n|-supereffective|p2b: Armarouge|1\n|-damage|p1b: Cris|36/100\n|-damage|p2a: Incineroar|51/100\n|-damage|p2b: Armarouge|29/100\n|move|p1b: Cris|Armor Cannon|p2a: Incineroar\n|-resisted|p2a: Incineroar|1\n|-damage|p2a: Incineroar|22/100\n|-unboost|p1b: Cris|def|1\n|-unboost|p1b: Cris|spd|1\n|-enditem|p2a: Incineroar|Sitrus Berry|[eat]\n|-heal|p2a: Incineroar|47/100|[from] item: Sitrus Berry\n|\n|-heal|p2b: Armarouge|35/100|[from] item: Leftovers\n|-fieldend|move: Psychic Terrain\n|upkeep\n|turn|6\n|inactive|Randi89 has 30 seconds left.\n|\n|t:|1776456941\n|move|p1a: Raul|Earthquake|p2b: Armarouge|[spread] p1b,p2a,p2b\n|-supereffective|p1b: Cris|1\n|-supereffective|p2a: Incineroar|1\n|-supereffective|p2b: Armarouge|1\n|-damage|p1b: Cris|0 fnt\n|-damage|p2a: Incineroar|11/100\n|-damage|p2b: Armarouge|4/100\n|faint|p1b: Cris\n|move|p2a: Incineroar|Flare Blitz|p1a: Raul\n|-supereffective|p1a: Raul|1\n|-damage|p1a: Raul|47/100\n|-damage|p2a: Incineroar|0 fnt|[from] Recoil\n|faint|p2a: Incineroar\n|move|p2b: Armarouge|Psychic Terrain|p2b: Armarouge\n|-fieldstart|move: Psychic Terrain\n|\n|-heal|p1a: Raul|53/100|[from] item: Leftovers\n|-heal|p2b: Armarouge|10/100|[from] item: Leftovers\n|upkeep\n|\n|t:|1776456957\n|switch|p2a: Espathra|Espathra, L50, F, shiny|46/100\n|switch|p1b: Edu|Hydreigon, L50, F|100/100\n|turn|7\n|\n|t:|1776456968\n|move|p2b: Armarouge|Protect|p2b: Armarouge\n|-singleturn|p2b: Armarouge|Protect\n|move|p2a: Espathra|Protect|p2a: Espathra\n|-singleturn|p2a: Espathra|Protect\n|move|p1a: Raul|Earthquake|p2a: Espathra|[spread] \n|-activate|p2a: Espathra|move: Protect\n|-activate|p2b: Armarouge|move: Protect\n|-immune|p1b: Edu|[from] ability: Levitate\n|move|p1b: Edu|Dark Pulse|p2a: Espathra\n|-activate|p2a: Espathra|move: Protect\n|\n|-heal|p1a: Raul|59/100|[from] item: Leftovers\n|-heal|p2b: Armarouge|17/100|[from] item: Leftovers\n|-fieldend|move: Trick Room\n|-ability|p2a: Espathra|Speed Boost|boost\n|-boost|p2a: Espathra|spe|1\n|upkeep\n|turn|8\n|inactive|Randi89 has 30 seconds left.\n|inactive|torebi has 30 seconds left.\n|\n|t:|1776457001\n|move|p2a: Espathra|Shadow Ball|p1b: Edu\n|-resisted|p1b: Edu|1\n|-damage|p1b: Edu|86/100\n|move|p1b: Edu|Dark Pulse|p2a: Espathra\n|-supereffective|p2a: Espathra|1\n|-damage|p2a: Espathra|0 fnt\n|faint|p2a: Espathra\n|move|p2b: Armarouge|Expanding Force|p1a: Raul|[spread] p1a\n|-immune|p1b: Edu\n|-resisted|p1a: Raul|1\n|-damage|p1a: Raul|24/100\n|move|p1a: Raul|Earthquake|p2b: Armarouge|[spread] p2b\n|-immune|p1b: Edu|[from] ability: Levitate\n|-supereffective|p2b: Armarouge|1\n|-damage|p2b: Armarouge|0 fnt\n|faint|p2b: Armarouge\n|\n|win|Randi89\n|raw|Randi89's rating: 1050 &rarr; <strong>1082</strong><br />(+32 for winning)\n|raw|torebi's rating: 1044 &rarr; <strong>1028</strong><br />(-16 for losing)\n|l|\u2606torebi\n|player|p2|\n",
  "uploadtime": 1776457020,
  "views": 28,
  "formatid": "gen9championsvgc2026regma",
  "rating": 1028,
  "private": 0,
  "password": null
}