{
  "id": "gen9championsvgc2026regma-2582718874",
  "format": "[Gen 9 Champions] VGC 2026 Reg M-A",
  "players": [
    "jollyishthing",
    "LUWITE"
  ],
  "log": "|j|\u2606jollyishthing\n|j|\u2606LUWITE\n|t:|1776109392\n|gametype|doubles\n|player|p1|jollyishthing|2|1046\n|player|p2|LUWITE|ghetsis|1113\n|gen|9\n|tier|[Gen 9 Champions] VGC 2026 Reg M-A\n|rated|\n|rule|Species Clause: Limit one of each Pok\u00e9mon\n|rule|Item Clause: Limit 1 of each item\n|clearpoke\n|poke|p1|Mimikyu, L50, F|\n|poke|p1|Incineroar, L50, F|\n|poke|p1|Feraligatr, L50, M|\n|poke|p1|Sinistcha, L50|\n|poke|p1|Torkoal, L50, M|\n|poke|p1|Farigiraf, L50, F|\n|poke|p2|Gengar, L50, M|\n|poke|p2|Kommo-o, L50, M|\n|poke|p2|Sneasler, L50, F|\n|poke|p2|Incineroar, L50, F|\n|poke|p2|Sinistcha, L50|\n|poke|p2|Kingambit, L50, F|\n|teampreview|4\nLUWITE rejected open team sheets.\n|\n|t:|1776109423\n|teamsize|p1|4\n|teamsize|p2|4\n|start\n|switch|p1a: Mimikyu|Mimikyu, L50, F|100/100\n|switch|p1b: Incineroar|Incineroar, L50, F|100/100\n|switch|p2a: Gengar|Gengar, L50, M|100/100\n|switch|p2b: Kommo-o|Kommo-o, L50, M|100/100\n|-ability|p1b: Incineroar|Intimidate|boost\n|-unboost|p2a: Gengar|atk|1\n|-unboost|p2b: Kommo-o|atk|1\n|turn|1\n|j| wixlee\n|inactive|Battle timer is ON: inactive players will automatically lose when time's up. (requested by jollyishthing)\n|\n|t:|1776109443\n|detailschange|p2a: Gengar|Gengar-Mega, L50, M\n|-mega|p2a: Gengar|Gengar|Gengarite\n|move|p2b: Kommo-o|Protect|p2b: Kommo-o\n|-singleturn|p2b: Kommo-o|Protect\n|move|p1b: Incineroar|Fake Out|p2b: Kommo-o\n|-activate|p2b: Kommo-o|move: Protect\n|move|p2a: Gengar|Shadow Ball|p1a: Mimikyu\n|-activate|p1a: Mimikyu|ability: Disguise\n|-damage|p1a: Mimikyu|100/100\n|-unboost|p1a: Mimikyu|spd|1\n|detailschange|p1a: Mimikyu|Mimikyu-Busted, L50, F\n|-damage|p1a: Mimikyu|88/100|[from] pokemon: Mimikyu-Busted\n|-enditem|p1a: Mimikyu|White Herb\n|-clearnegativeboost|p1a: Mimikyu|[silent]\n|move|p1a: Mimikyu|Shadow Claw|p2a: Gengar\n|-supereffective|p2a: Gengar|1\n|-damage|p2a: Gengar|17/100\n|\n|upkeep\n|turn|2\n|\n|t:|1776109461\n|move|p2a: Gengar|Protect|p2a: Gengar\n|-singleturn|p2a: Gengar|Protect\n|move|p1a: Mimikyu|Shadow Sneak|p2a: Gengar\n|-activate|p2a: Gengar|move: Protect\n|move|p2b: Kommo-o|Flash Cannon|p1a: Mimikyu\n|-supereffective|p1a: Mimikyu|1\n|-damage|p1a: Mimikyu|44/100\n|move|p1b: Incineroar|Parting Shot|p2b: Kommo-o\n|-immune|p2b: Kommo-o|[from] ability: Soundproof\n|\n|upkeep\n|turn|3\n|c| wixlee|they dont know lol\n|\n|t:|1776109478\n|switch|p2a: Kingambit|Kingambit, L50, F|100/100\n|move|p1a: Mimikyu|Shadow Sneak|p2a: Kingambit\n|-resisted|p2a: Kingambit|1\n|-damage|p2a: Kingambit|94/100\n|move|p2b: Kommo-o|Flash Cannon|p1a: Mimikyu\n|-supereffective|p1a: Mimikyu|1\n|-damage|p1a: Mimikyu|0 fnt\n|faint|p1a: Mimikyu\n|move|p1b: Incineroar|Flare Blitz|p2b: Kommo-o\n|-resisted|p2b: Kommo-o|1\n|-damage|p2b: Kommo-o|80/100\n|-damage|p1b: Incineroar|95/100|[from] Recoil\n|\n|-heal|p2b: Kommo-o|86/100|[from] item: Leftovers\n|upkeep\n|\n|t:|1776109483\n|switch|p1a: Farigiraf|Farigiraf, L50, F|100/100\n|turn|4\n|\n|t:|1776109503\n|move|p2b: Kommo-o|Clangorous Soul|p2b: Kommo-o\n|-boost|p2b: Kommo-o|atk|1\n|-boost|p2b: Kommo-o|def|1\n|-boost|p2b: Kommo-o|spa|1\n|-boost|p2b: Kommo-o|spd|1\n|-boost|p2b: Kommo-o|spe|1\n|-damage|p2b: Kommo-o|53/100\n|move|p2a: Kingambit|Kowtow Cleave|p1a: Farigiraf\n|-supereffective|p1a: Farigiraf|1\n|-damage|p1a: Farigiraf|21/100\n|-enditem|p1a: Farigiraf|Sitrus Berry|[eat]\n|-heal|p1a: Farigiraf|46/100|[from] item: Sitrus Berry\n|move|p1b: Incineroar|Parting Shot|p2a: Kingambit\n|-unboost|p2a: Kingambit|atk|1\n|-ability|p2a: Kingambit|Defiant|boost\n|-boost|p2a: Kingambit|atk|2\n|-unboost|p2a: Kingambit|spa|1\n|-ability|p2a: Kingambit|Defiant|boost\n|-boost|p2a: Kingambit|atk|2\n|\n|t:|1776109509\n|switch|p1b: Torkoal|Torkoal, L50, M|100/100|[from] Parting Shot\n|-weather|SunnyDay|[from] ability: Drought|[of] p1b: Torkoal\n|move|p1a: Farigiraf|Trick Room|p1a: Farigiraf\n|-fieldstart|move: Trick Room|[of] p1a: Farigiraf\n|\n|-weather|SunnyDay|[upkeep]\n|-heal|p2b: Kommo-o|59/100|[from] item: Leftovers\n|upkeep\n|turn|5\n|c|\u2606LUWITE|ok\n|c| wixlee|damn\n|\n|t:|1776109530\n|move|p2a: Kingambit|Protect|p2a: Kingambit\n|-singleturn|p2a: Kingambit|Protect\n|move|p1b: Torkoal|Eruption|p2b: Kommo-o|[spread] p2b\n|-activate|p2a: Kingambit|move: Protect\n|-resisted|p2b: Kommo-o|1\n|-damage|p2b: Kommo-o|32/100\n|move|p1a: Farigiraf|Hyper Voice|p2a: Kingambit|[spread] \n|-activate|p2a: Kingambit|move: Protect\n|-immune|p2b: Kommo-o|[from] ability: Soundproof\n|move|p2b: Kommo-o|Clanging Scales|p1b: Torkoal|[spread] p1a,p1b\n|-crit|p1a: Farigiraf\n|-damage|p1a: Farigiraf|0 fnt\n|-damage|p1b: Torkoal|44/100\n|faint|p1a: Farigiraf\n|-unboost|p2b: Kommo-o|def|1\n|\n|-weather|SunnyDay|[upkeep]\n|-heal|p2b: Kommo-o|38/100|[from] item: Leftovers\n|upkeep\n|\n|t:|1776109536\n|switch|p1a: Incineroar|Incineroar, L50, F|95/100\n|-ability|p1a: Incineroar|Intimidate|boost\n|-unboost|p2a: Kingambit|atk|1\n|-ability|p2a: Kingambit|Defiant|boost\n|-boost|p2a: Kingambit|atk|2\n|-unboost|p2b: Kommo-o|atk|1\n|turn|6\n|c| wixlee|again\n|c| wixlee|soundproof clutching\n|\n|t:|1776109558\n|move|p2a: Kingambit|Protect||[still]\n|-fail|p2a: Kingambit\n|move|p2b: Kommo-o|Protect|p2b: Kommo-o\n|-singleturn|p2b: Kommo-o|Protect\n|move|p1a: Incineroar|Fake Out|p2a: Kingambit\n|-resisted|p2a: Kingambit|1\n|-damage|p2a: Kingambit|90/100\n|move|p1b: Torkoal|Lava Plume|p2a: Kingambit|[spread] p1a,p2a\n|-activate|p2b: Kommo-o|move: Protect\n|-resisted|p1a: Incineroar|1\n|-supereffective|p2a: Kingambit|1\n|-damage|p1a: Incineroar|75/100\n|-damage|p2a: Kingambit|0 fnt\n|faint|p2a: Kingambit\n|\n|-weather|SunnyDay|[upkeep]\n|-heal|p2b: Kommo-o|44/100|[from] item: Leftovers\n|upkeep\n|c|\u2606LUWITE|I forgor I did last turn lol\n|c|\u2606jollyishthing|i forgot it had it, such a pain lmao\n|\n|t:|1776109579\n|switch|p2a: Sinistcha|Sinistcha, L50|100/100\n|-heal|p2b: Kommo-o|69/100|[from] ability: Hospitality|[of] p2a: Sinistcha\n|turn|7\n|\n|t:|1776109595\n|move|p1b: Torkoal|Lava Plume|p2b: Kommo-o|[spread] p1a,p2a,p2b\n|-resisted|p1a: Incineroar|1\n|-supereffective|p2a: Sinistcha|1\n|-resisted|p2b: Kommo-o|1\n|-damage|p1a: Incineroar|55/100\n|-damage|p2a: Sinistcha|0 fnt\n|-damage|p2b: Kommo-o|54/100\n|faint|p2a: Sinistcha\n|move|p1a: Incineroar|Flare Blitz|p2b: Kommo-o\n|-resisted|p2b: Kommo-o|1\n|-damage|p2b: Kommo-o|19/100\n|-damage|p1a: Incineroar|45/100|[from] Recoil\n|move|p2b: Kommo-o|Clanging Scales|p1a: Incineroar|[spread] p1a,p1b\n|-damage|p1a: Incineroar|6/100\n|-damage|p1b: Torkoal|0 fnt\n|faint|p1b: Torkoal\n|-unboost|p2b: Kommo-o|def|1\n|\n|-weather|SunnyDay|[upkeep]\n|-heal|p2b: Kommo-o|25/100|[from] item: Leftovers\n|upkeep\n|c|\u2606jollyishthing|well played\n|\n|t:|1776109610\n|switch|p2a: Gengar|Gengar-Mega, L50, M|17/100\n|turn|8\n|c|\u2606jollyishthing|that ability man\n|\n|t:|1776109617\n|move|p2a: Gengar|Protect|p2a: Gengar\n|-singleturn|p2a: Gengar|Protect\n|move|p2b: Kommo-o|Protect|p2b: Kommo-o\n|-singleturn|p2b: Kommo-o|Protect\n|move|p1a: Incineroar|Flare Blitz|p2b: Kommo-o\n|-activate|p2b: Kommo-o|move: Protect\n|\n|-weather|none\n|-heal|p2b: Kommo-o|31/100|[from] item: Leftovers\n|-fieldend|move: Trick Room\n|upkeep\n|turn|9\n|c|\u2606LUWITE|ye\n|\n|t:|1776109624\n|move|p2b: Kommo-o|Flash Cannon|p1a: Incineroar\n|-resisted|p1a: Incineroar|1\n|-damage|p1a: Incineroar|0 fnt\n|faint|p1a: Incineroar\n|\n|win|LUWITE\n|raw|jollyishthing's rating: 1046 &rarr; <strong>1032</strong><br />(-14 for losing)\n|raw|LUWITE's rating: 1113 &rarr; <strong>1133</strong><br />(+20 for winning)\n|l|\u2606jollyishthing\n|player|p1|\n|c| wixlee|gg\n|c|\u2606LUWITE|gg\n",
  "uploadtime": 1776109632,
  "views": 23,
  "formatid": "gen9championsvgc2026regma",
  "rating": 1032,
  "private": 0,
  "password": null
}