{
  "id": "gen9championsvgc2026regma-2586786396",
  "format": "[Gen 9 Champions] VGC 2026 Reg M-A",
  "players": [
    "itsjustsomni",
    "Ritchies"
  ],
  "log": "|j|\u2606itsjustsomni\n|j|\u2606Ritchies\n|t:|1776459807\n|gametype|doubles\n|player|p1|itsjustsomni|cyrus|1155\n|player|p2|Ritchies|red|1158\n|gen|9\n|tier|[Gen 9 Champions] VGC 2026 Reg M-A\n|rated|\n|rule|Species Clause: Limit one of each Pok\u00e9mon\n|rule|Item Clause: Limit 1 of each item\n|clearpoke\n|poke|p1|Aggron, L50, M|\n|poke|p1|Sinistcha, L50|\n|poke|p1|Hydreigon, L50, M|\n|poke|p1|Rotom-Wash, L50|\n|poke|p1|Incineroar, L50, M|\n|poke|p1|Aerodactyl, L50, F|\n|poke|p2|Charizard, L50, M|\n|poke|p2|Farigiraf, L50, F|\n|poke|p2|Torkoal, L50, F|\n|poke|p2|Venusaur, L50, M|\n|poke|p2|Glimmora, L50, F|\n|poke|p2|Umbreon, L50, F|\n|teampreview|4\n|inactive|Battle timer is ON: inactive players will automatically lose when time's up. (requested by itsjustsomni)\n|\n|t:|1776459823\n|teamsize|p1|4\n|teamsize|p2|4\n|start\n|switch|p1a: Aerodactyl|Aerodactyl, L50, F|100/100\n|switch|p1b: Incineroar|Incineroar, L50, M|100/100\n|switch|p2a: Farigiraf|Farigiraf, L50, F|100/100\n|switch|p2b: Glimmora|Glimmora, L50, F|100/100\n|-ability|p1a: Aerodactyl|Unnerve\n|-ability|p1b: Incineroar|Intimidate|boost\n|-unboost|p2a: Farigiraf|atk|1\n|-unboost|p2b: Glimmora|atk|1\n|turn|1\n|\n|t:|1776459839\n|detailschange|p1a: Aerodactyl|Aerodactyl-Mega, L50, F\n|-mega|p1a: Aerodactyl|Aerodactyl|Aerodactylite\n|move|p1a: Aerodactyl|Dual Wingbeat|p2a: Farigiraf\n|-damage|p2a: Farigiraf|73/100\n|-damage|p2a: Farigiraf|48/100\n|-hitcount|p2a: Farigiraf|2\n|move|p2b: Glimmora|Power Gem|p1a: Aerodactyl\n|-supereffective|p1a: Aerodactyl|1\n|-damage|p1a: Aerodactyl|0 fnt\n|faint|p1a: Aerodactyl\n|move|p1b: Incineroar|Flare Blitz|p2a: Farigiraf\n|-damage|p2a: Farigiraf|2/100\n|-damage|p1b: Incineroar|85/100|[from] Recoil\n|move|p2a: Farigiraf|Trick Room|p2a: Farigiraf\n|-fieldstart|move: Trick Room|[of] p2a: Farigiraf\n|\n|upkeep\n|\n|t:|1776459858\n|switch|p1a: Rotom|Rotom-Wash, L50|100/100\n|turn|2\n|\n|t:|1776459865\n|move|p1a: Rotom|Protect|p1a: Rotom\n|-singleturn|p1a: Rotom|Protect\n|move|p2a: Farigiraf|Expanding Force|p1a: Rotom\n|-activate|p1a: Rotom|move: Protect\n|move|p1b: Incineroar|Flare Blitz|p2a: Farigiraf\n|-damage|p2a: Farigiraf|0 fnt\n|faint|p2a: Farigiraf\n|-damage|p1b: Incineroar|85/100|[from] Recoil\n|move|p2b: Glimmora|Power Gem|p1b: Incineroar\n|-supereffective|p1b: Incineroar|1\n|-damage|p1b: Incineroar|13/100\n|-enditem|p1b: Incineroar|Sitrus Berry|[eat]\n|-heal|p1b: Incineroar|38/100|[from] item: Sitrus Berry\n|\n|upkeep\n|\n|t:|1776459870\n|switch|p2a: Torkoal|Torkoal, L50, F|100/100\n|-weather|SunnyDay|[from] ability: Drought|[of] p2a: Torkoal\n|turn|3\n|\n|t:|1776459891\n|move|p2a: Torkoal|Eruption|p1b: Incineroar|[spread] p1a,p1b\n|-resisted|p1a: Rotom|1\n|-resisted|p1b: Incineroar|1\n|-damage|p1a: Rotom|45/100\n|-damage|p1b: Incineroar|2/100\n|move|p1b: Incineroar|Parting Shot|p2b: Glimmora\n|-unboost|p2b: Glimmora|atk|1\n|-unboost|p2b: Glimmora|spa|1\n|\n|t:|1776459898\n|switch|p1b: Hydreigon|Hydreigon, L50, M|100/100|[from] Parting Shot\n|move|p1a: Rotom|Hydro Pump|p2a: Torkoal\n|-supereffective|p2a: Torkoal|1\n|-damage|p2a: Torkoal|28/100\n|move|p2b: Glimmora|Power Gem|p1a: Rotom\n|-damage|p1a: Rotom|4/100\n|\n|-weather|SunnyDay|[upkeep]\n|upkeep\n|turn|4\n|\n|t:|1776459913\n|move|p1a: Rotom|Protect|p1a: Rotom\n|-singleturn|p1a: Rotom|Protect\n|move|p1b: Hydreigon|Protect|p1b: Hydreigon\n|-singleturn|p1b: Hydreigon|Protect\n|move|p2a: Torkoal|Flamethrower|p1b: Hydreigon\n|-activate|p1b: Hydreigon|move: Protect\n|move|p2b: Glimmora|Power Gem|p1a: Rotom\n|-activate|p1a: Rotom|move: Protect\n|\n|-weather|SunnyDay|[upkeep]\n|upkeep\n|turn|5\n|\n|t:|1776459933\n|switch|p1a: Incineroar|Incineroar, L50, M|2/100\n|-ability|p1a: Incineroar|Intimidate|boost\n|-unboost|p2a: Torkoal|atk|1\n|-unboost|p2b: Glimmora|atk|1\n|move|p2a: Torkoal|Flamethrower|p1b: Hydreigon\n|-resisted|p1b: Hydreigon|1\n|-damage|p1b: Hydreigon|57/100\n|move|p1b: Hydreigon|Snarl|p2b: Glimmora|[spread] p2a,p2b\n|-damage|p2a: Torkoal|0 fnt\n|-damage|p2b: Glimmora|69/100\n|-unboost|p2b: Glimmora|spa|1\n|faint|p2a: Torkoal\n|move|p2b: Glimmora|Power Gem|p1a: Incineroar\n|-supereffective|p1a: Incineroar|1\n|-damage|p1a: Incineroar|0 fnt\n|faint|p1a: Incineroar\n|\n|-weather|SunnyDay|[upkeep]\n|-fieldend|move: Trick Room\n|upkeep\n|\n|t:|1776459951\n|switch|p1a: Rotom|Rotom-Wash, L50|4/100\n|switch|p2a: Charizard|Charizard, L50, M, shiny|100/100\n|turn|6\n|inactive|itsjustsomni has 30 seconds left.\n|\n|t:|1776459983\n|detailschange|p2a: Charizard|Charizard-Mega-Y, L50, M, shiny\n|-mega|p2a: Charizard|Charizard|Charizardite Y\n|move|p2a: Charizard|Protect|p2a: Charizard\n|-singleturn|p2a: Charizard|Protect\n|move|p1a: Rotom|Protect|p1a: Rotom\n|-singleturn|p1a: Rotom|Protect\n|move|p2b: Glimmora|Power Gem|p1a: Rotom\n|-activate|p1a: Rotom|move: Protect\n|move|p1b: Hydreigon|Snarl|p2b: Glimmora|[spread] p2b\n|-activate|p2a: Charizard|move: Protect\n|-damage|p2b: Glimmora|38/100\n|-unboost|p2b: Glimmora|spa|1\n|\n|-weather|SunnyDay|[upkeep]\n|upkeep\n|turn|7\n|inactive|itsjustsomni has 30 seconds left.\n|inactive|itsjustsomni has 20 seconds left.\n|inactive|itsjustsomni has 15 seconds left.\n|\n|t:|1776460025\n|move|p1b: Hydreigon|Protect|p1b: Hydreigon\n|-singleturn|p1b: Hydreigon|Protect\n|move|p1a: Rotom|Protect|p1a: Rotom\n|-singleturn|p1a: Rotom|Protect\n|move|p2a: Charizard|Heat Wave|p1a: Rotom|[spread] \n|-activate|p1a: Rotom|move: Protect\n|-activate|p1b: Hydreigon|move: Protect\n|move|p2b: Glimmora|Sludge Bomb|p1b: Hydreigon\n|-activate|p1b: Hydreigon|move: Protect\n|\n|-weather|none\n|upkeep\n|turn|8\n|inactive|itsjustsomni has 30 seconds left.\n|\n|t:|1776460051\n|move|p2a: Charizard|Heat Wave|p1b: Hydreigon|[spread] p1a,p1b\n|-resisted|p1a: Rotom|1\n|-resisted|p1b: Hydreigon|1\n|-damage|p1a: Rotom|0 fnt\n|-damage|p1b: Hydreigon|34/100\n|faint|p1a: Rotom\n|move|p2b: Glimmora|Power Gem|p1b: Hydreigon\n|-damage|p1b: Hydreigon|14/100\n|move|p1b: Hydreigon|Snarl|p2b: Glimmora|[spread] p2a,p2b\n|-crit|p2b: Glimmora\n|-damage|p2a: Charizard|79/100\n|-damage|p2b: Glimmora|0 fnt\n|-unboost|p2a: Charizard|spa|1\n|faint|p2b: Glimmora\n|\n|upkeep\n|turn|9\n|\n|t:|1776460063\n|move|p2a: Charizard|Heat Wave|p1b: Hydreigon\n|-resisted|p1b: Hydreigon|1\n|-damage|p1b: Hydreigon|0 fnt\n|faint|p1b: Hydreigon\n|\n|win|Ritchies\n|raw|itsjustsomni's rating: 1155 &rarr; <strong>1130</strong><br />(-25 for losing)\n|raw|Ritchies's rating: 1158 &rarr; <strong>1183</strong><br />(+25 for winning)\n",
  "uploadtime": 1776460066,
  "views": 23,
  "formatid": "gen9championsvgc2026regma",
  "rating": 1130,
  "private": 0,
  "password": null
}