{
  "id": "gen9championsvgc2026regma-2582806619",
  "format": "[Gen 9 Champions] VGC 2026 Reg M-A",
  "players": [
    "erikm76",
    "bluwu12"
  ],
  "log": "|j|\u2606erikm76\n|j|\u2606bluwu12\n|t:|1776115552\n|gametype|doubles\n|player|p1|erikm76|170|1084\n|player|p2|bluwu12|2|1074\n|gen|9\n|tier|[Gen 9 Champions] VGC 2026 Reg M-A\n|rated|\n|rule|Species Clause: Limit one of each Pok\u00e9mon\n|rule|Item Clause: Limit 1 of each item\n|clearpoke\n|poke|p1|Golurk, L50|\n|poke|p1|Araquanid, L50, F|\n|poke|p1|Archaludon, L50, M|\n|poke|p1|Incineroar, L50, M|\n|poke|p1|Oranguru, L50, M|\n|poke|p1|Kommo-o, L50, F|\n|poke|p2|Pelipper, L50, F|\n|poke|p2|Archaludon, L50, F|\n|poke|p2|Dragonite, L50, F|\n|poke|p2|Basculegion, L50, M|\n|poke|p2|Sinistcha, L50|\n|poke|p2|Maushold, L50|\n|teampreview|4\n|c|\u2606bluwu12|instruct go brr?\n|inactive|Battle timer is ON: inactive players will automatically lose when time's up. (requested by bluwu12)\n|\n|t:|1776115695\n|teamsize|p1|4\n|teamsize|p2|4\n|start\n|switch|p1a: Oranguru|Oranguru, L50, M|100/100\n|switch|p1b: Kommo-o|Kommo-o, L50, F|100/100\n|switch|p2a: Pelipper|Pelipper, L50, F, shiny|100/100\n|switch|p2b: Dragonite|Dragonite, L50, F, shiny|100/100\n|-weather|RainDance|[from] ability: Drizzle|[of] p2a: Pelipper\n|turn|1\n|inactive|bluwu12 has 30 seconds left.\n|inactive|bluwu12 has 20 seconds left.\n|inactive|bluwu12 has 15 seconds left.\n|\n|t:|1776115742\n|switch|p1b: Golurk|Golurk, L50|100/100\n|detailschange|p2b: Dragonite|Dragonite-Mega, L50, F, shiny\n|-mega|p2b: Dragonite|Dragonite|Dragoninite\n|move|p2b: Dragonite|Dragon Pulse|p1b: Golurk\n|-damage|p1b: Golurk|48/100\n|move|p2a: Pelipper|Tailwind|p2a: Pelipper\n|-sidestart|p2: bluwu12|move: Tailwind\n|move|p1a: Oranguru|Trick Room|p1a: Oranguru\n|-fieldstart|move: Trick Room|[of] p1a: Oranguru\n|\n|-weather|RainDance|[upkeep]\n|upkeep\n|turn|2\n|\n|t:|1776115761\n|detailschange|p1b: Golurk|Golurk-Mega, L50\n|-mega|p1b: Golurk|Golurk|Golurkite\n|move|p1b: Golurk|Poltergeist|p2b: Dragonite\n|-activate|p2b: Dragonite|move: Poltergeist|Dragoninite\n|-damage|p2b: Dragonite|69/100\n|move|p1a: Oranguru|Instruct|p1b: Golurk\n|-singleturn|p1b: Golurk|move: Instruct|[of] p1a: Oranguru\n|move|p1b: Golurk|Poltergeist|p2b: Dragonite|[miss]\n|-miss|p1b: Golurk|p2b: Dragonite\n|move|p2a: Pelipper|Hurricane|p1b: Golurk\n|-damage|p1b: Golurk|15/100\n|move|p2b: Dragonite|Hurricane|p1a: Oranguru\n|-damage|p1a: Oranguru|41/100\n|-start|p1a: Oranguru|confusion\n|\n|-weather|RainDance|[upkeep]\n|upkeep\n|turn|3\n|inactive|bluwu12 has 30 seconds left.\n|inactive|bluwu12 has 20 seconds left.\n|inactive|bluwu12 has 15 seconds left.\n|\n|t:|1776115802\n|move|p1b: Golurk|Thunder Punch|p2a: Pelipper\n|-supereffective|p2a: Pelipper|2\n|-damage|p2a: Pelipper|5/100\n|-activate|p1a: Oranguru|confusion\n|move|p1a: Oranguru|Instruct|p1b: Golurk\n|-singleturn|p1b: Golurk|move: Instruct|[of] p1a: Oranguru\n|move|p1b: Golurk|Thunder Punch|p2a: Pelipper\n|-supereffective|p2a: Pelipper|2\n|-damage|p2a: Pelipper|0 fnt\n|faint|p2a: Pelipper\n|move|p2b: Dragonite|Hurricane|p1b: Golurk\n|-damage|p1b: Golurk|0 fnt\n|faint|p1b: Golurk\n|\n|-weather|RainDance|[upkeep]\n|upkeep\n|\n|t:|1776115814\n|switch|p1b: Kommo-o|Kommo-o, L50, F|100/100\n|switch|p2a: Archaludon|Archaludon, L50, F, shiny|100/100\n|turn|4\n|inactive|erikm76 has 30 seconds left.\n|\n|t:|1776115842\n|-end|p1a: Oranguru|confusion\n|move|p1a: Oranguru|Psychic|p2b: Dragonite\n|-damage|p2b: Dragonite|47/100\n|-unboost|p2b: Dragonite|spd|1\n|move|p1b: Kommo-o|Clanging Scales|p2b: Dragonite|[spread] p2a,p2b\n|-supereffective|p2b: Dragonite|1\n|-damage|p2a: Archaludon|61/100\n|-damage|p2b: Dragonite|0 fnt\n|faint|p2b: Dragonite\n|-unboost|p1b: Kommo-o|def|1\n|move|p2a: Archaludon|Electro Shot||[still]\n|-prepare|p2a: Archaludon|Electro Shot\n|-boost|p2a: Archaludon|spa|1\n|-anim|p2a: Archaludon|Electro Shot|p1a: Oranguru\n|-damage|p1a: Oranguru|0 fnt\n|faint|p1a: Oranguru\n|\n|-weather|RainDance|[upkeep]\n|-sideend|p2: bluwu12|move: Tailwind\n|upkeep\n|\n|t:|1776115852\n|switch|p1a: Archaludon|Archaludon, L50, M|100/100\n|switch|p2b: Basculegion|Basculegion, L50, M, shiny|100/100\n|turn|5\n|inactive|erikm76 has 30 seconds left.\n|inactive|erikm76 has 20 seconds left.\n|inactive|erikm76 has 15 seconds left.\n|inactive|erikm76 has 10 seconds left.\n|\n|t:|1776115900\n|move|p2a: Archaludon|Draco Meteor|p1a: Archaludon\n|-damage|p1a: Archaludon|0 fnt\n|-unboost|p2a: Archaludon|spa|2\n|faint|p1a: Archaludon\n|move|p1b: Kommo-o|Clanging Scales|p2b: Basculegion|[spread] p2a,p2b\n|-damage|p2a: Archaludon|21/100\n|-damage|p2b: Basculegion|63/100\n|-unboost|p1b: Kommo-o|def|1\n|move|p2b: Basculegion|Last Respects|p1b: Kommo-o\n|-damage|p1b: Kommo-o|0 fnt\n|faint|p1b: Kommo-o\n|\n|win|bluwu12\n|raw|erikm76's rating: 1084 &rarr; <strong>1061</strong><br />(-23 for losing)\n|raw|bluwu12's rating: 1074 &rarr; <strong>1104</strong><br />(+30 for winning)\n|l|\u2606erikm76\n|player|p1|\n",
  "uploadtime": 1776115964,
  "views": 14,
  "formatid": "gen9championsvgc2026regma",
  "rating": 1061,
  "private": 0,
  "password": null
}