{
  "id": "gen9championsvgc2026regma-2585568127",
  "format": "[Gen 9 Champions] VGC 2026 Reg M-A",
  "players": [
    "isthis6thgood",
    "saccharine6767"
  ],
  "log": "|j|\u2606isthis6thgood\n|j|\u2606saccharine6767\n|t:|1776356058\n|gametype|doubles\n|player|p1|isthis6thgood|101|1203\n|player|p2|saccharine6767|266|1145\n|gen|9\n|tier|[Gen 9 Champions] VGC 2026 Reg M-A\n|rated|\n|rule|Species Clause: Limit one of each Pok\u00e9mon\n|rule|Item Clause: Limit 1 of each item\n|clearpoke\n|poke|p1|Scovillain, L50, M|\n|poke|p1|Sneasler, L50, M|\n|poke|p1|Garchomp, L50, F|\n|poke|p1|Dragapult, L50, M|\n|poke|p1|Tyranitar, L50, M|\n|poke|p1|Volcarona, L50, M|\n|poke|p2|Sinistcha, L50|\n|poke|p2|Torkoal, L50, M|\n|poke|p2|Sylveon, L50, F|\n|poke|p2|Incineroar, L50, F|\n|poke|p2|Tyranitar, L50, F|\n|poke|p2|Excadrill, L50, F|\n|teampreview|4\n|inactive|Battle timer is ON: inactive players will automatically lose when time's up. (requested by isthis6thgood)\nisthis6thgood rejected open team sheets.\n|inactive|saccharine6767 has 60 seconds left.\n|\n|t:|1776356115\n|teamsize|p1|4\n|teamsize|p2|4\n|start\n|switch|p1a: Scovillain|Scovillain, L50, M|100/100\n|switch|p1b: Sneasler|Sneasler, L50, M|100/100\n|switch|p2a: Excadrill|Excadrill, L50, F|100/100\n|switch|p2b: Tyranitar|Tyranitar, L50, F|100/100\n|-weather|Sandstorm|[from] ability: Sand Stream|[of] p2b: Tyranitar\n|turn|1\n|inactive|isthis6thgood has 30 seconds left.\n|inactive|saccharine6767 has 30 seconds left.\n|inactive|saccharine6767 has 20 seconds left.\n|inactive|saccharine6767 has 15 seconds left.\n|\n|t:|1776356159\n|switch|p2b: Sinistcha|Sinistcha, L50|100/100\n|detailschange|p1a: Scovillain|Scovillain-Mega, L50, M\n|-mega|p1a: Scovillain|Scovillain|Scovillainite\n|move|p1b: Sneasler|Fake Out|p2a: Excadrill\n|-resisted|p2a: Excadrill|1\n|-damage|p2a: Excadrill|89/100\n|cant|p2a: Excadrill|flinch\n|move|p1a: Scovillain|Spicy Extract|p1b: Sneasler\n|-boost|p1b: Sneasler|atk|2\n|-unboost|p1b: Sneasler|def|2\n|-enditem|p1b: Sneasler|White Herb\n|-clearnegativeboost|p1b: Sneasler|[silent]\n|\n|-weather|Sandstorm|[upkeep]\n|-damage|p1b: Sneasler|94/100|[from] Sandstorm\n|-damage|p1a: Scovillain|95/100|[from] Sandstorm\n|-damage|p2b: Sinistcha|94/100|[from] Sandstorm\n|upkeep\n|turn|2\n|\n|t:|1776356184\n|move|p1b: Sneasler|Protect|p1b: Sneasler\n|-singleturn|p1b: Sneasler|Protect\n|move|p2b: Sinistcha|Rage Powder|p2b: Sinistcha\n|-singleturn|p2b: Sinistcha|move: Rage Powder\n|move|p2a: Excadrill|High Horsepower|p1b: Sneasler\n|-activate|p1b: Sneasler|move: Protect\n|move|p1a: Scovillain|Overheat|p2a: Excadrill\n|-supereffective|p2a: Excadrill|1\n|-damage|p2a: Excadrill|0 fnt\n|-unboost|p1a: Scovillain|spa|2\n|faint|p2a: Excadrill\n|\n|-weather|Sandstorm|[upkeep]\n|-damage|p1b: Sneasler|88/100|[from] Sandstorm\n|-damage|p1a: Scovillain|89/100|[from] Sandstorm\n|-damage|p2b: Sinistcha|88/100|[from] Sandstorm\n|upkeep\n|\n|t:|1776356191\n|switch|p2a: Incineroar|Incineroar, L50, F|100/100\n|-ability|p2a: Incineroar|Intimidate|boost\n|-unboost|p1a: Scovillain|atk|1\n|-unboost|p1b: Sneasler|atk|1\n|turn|3\n|inactive|isthis6thgood has 30 seconds left.\n|\n|t:|1776356216\n|move|p1b: Sneasler|Protect||[still]\n|-fail|p1b: Sneasler\n|move|p2a: Incineroar|Fake Out|p1b: Sneasler\n|-damage|p1b: Sneasler|73/100\n|move|p1a: Scovillain|Overheat|p2b: Sinistcha\n|-supereffective|p2b: Sinistcha|1\n|-damage|p2b: Sinistcha|38/100\n|-unboost|p1a: Scovillain|spa|2\n|-enditem|p2b: Sinistcha|Sitrus Berry|[eat]\n|-heal|p2b: Sinistcha|62/100|[from] item: Sitrus Berry\n|move|p2b: Sinistcha|Trick Room|p2b: Sinistcha\n|-fieldstart|move: Trick Room|[of] p2b: Sinistcha\n|\n|-weather|Sandstorm|[upkeep]\n|-damage|p2a: Incineroar|95/100|[from] Sandstorm\n|-damage|p2b: Sinistcha|56/100|[from] Sandstorm\n|-damage|p1a: Scovillain|83/100|[from] Sandstorm\n|-damage|p1b: Sneasler|67/100|[from] Sandstorm\n|upkeep\n|turn|4\n|\n|t:|1776356238\n|switch|p2b: Tyranitar|Tyranitar, L50, F|100/100\n|move|p1a: Scovillain|Rage Powder|p1a: Scovillain\n|-singleturn|p1a: Scovillain|move: Rage Powder\n|move|p2a: Incineroar|Flare Blitz|p1a: Scovillain\n|-damage|p1a: Scovillain|42/100\n|-immune|p2a: Incineroar\n|-damage|p2a: Incineroar|83/100|[from] Recoil\n|move|p1b: Sneasler|Close Combat|p2a: Incineroar\n|-supereffective|p2a: Incineroar|1\n|-enditem|p2a: Incineroar|Chople Berry|[eat]\n|-enditem|p2a: Incineroar|Chople Berry|[weaken]\n|-damage|p2a: Incineroar|1/100\n|-unboost|p1b: Sneasler|def|1\n|-unboost|p1b: Sneasler|spd|1\n|\n|-weather|Sandstorm|[upkeep]\n|-damage|p2a: Incineroar|0 fnt|[from] Sandstorm\n|-damage|p1a: Scovillain|37/100|[from] Sandstorm\n|-damage|p1b: Sneasler|60/100|[from] Sandstorm\n|faint|p2a: Incineroar\n|upkeep\n|\n|t:|1776356251\n|switch|p2a: Sinistcha|Sinistcha, L50|56/100\n|turn|5\n|inactive|isthis6thgood has 30 seconds left.\n|\n|t:|1776356278\n|detailschange|p2b: Tyranitar|Tyranitar-Mega, L50, F\n|-mega|p2b: Tyranitar|Tyranitar|Tyranitarite\n|move|p1b: Sneasler|Protect|p1b: Sneasler\n|-singleturn|p1b: Sneasler|Protect\n|move|p2a: Sinistcha|Rage Powder|p2a: Sinistcha\n|-singleturn|p2a: Sinistcha|move: Rage Powder\n|move|p2b: Tyranitar|Rock Slide|p1b: Sneasler|[spread] p1a\n|-activate|p1b: Sneasler|move: Protect\n|-supereffective|p1a: Scovillain|1\n|-damage|p1a: Scovillain|0 fnt\n|-status|p2b: Tyranitar|brn|[from] ability: Spicy Spray|[of] p1a: Scovillain\n|faint|p1a: Scovillain\n|\n|-weather|none\n|-damage|p2b: Tyranitar|95/100 brn|[from] brn\n|upkeep\n|\n|t:|1776356294\n|switch|p1a: Garchomp|Garchomp, L50, F|100/100\n|turn|6\n|inactive|saccharine6767 has 30 seconds left.\n|\n|t:|1776356323\n|move|p2a: Sinistcha|Rage Powder|p2a: Sinistcha\n|-singleturn|p2a: Sinistcha|move: Rage Powder\n|move|p2b: Tyranitar|High Horsepower|p1b: Sneasler\n|-supereffective|p1b: Sneasler|1\n|-damage|p1b: Sneasler|0 fnt\n|faint|p1b: Sneasler\n|move|p1a: Garchomp|Stomping Tantrum|p2a: Sinistcha\n|-resisted|p2a: Sinistcha|1\n|-crit|p2a: Sinistcha\n|-damage|p2a: Sinistcha|27/100\n|\n|-damage|p2b: Tyranitar|89/100 brn|[from] brn\n|upkeep\n|\n|t:|1776356335\n|switch|p1b: Volcarona|Volcarona, L50, M|100/100\n|turn|7\n|inactive|saccharine6767 has 30 seconds left.\n|\n|t:|1776356366\n|move|p1b: Volcarona|Protect|p1b: Volcarona\n|-singleturn|p1b: Volcarona|Protect\n|move|p2b: Tyranitar|Rock Slide|p1a: Garchomp|[spread] p1a\n|-activate|p1b: Volcarona|move: Protect\n|-resisted|p1a: Garchomp|1\n|-damage|p1a: Garchomp|92/100\n|move|p2a: Sinistcha|Matcha Gotcha|p1a: Garchomp|[spread] p1a\n|-activate|p1b: Volcarona|move: Protect\n|-damage|p1a: Garchomp|66/100\n|-heal|p2a: Sinistcha|42/100|[from] drain|[of] p1a: Garchomp\n|cant|p1a: Garchomp|flinch\n|\n|-damage|p2b: Tyranitar|83/100 brn|[from] brn\n|-fieldend|move: Trick Room\n|upkeep\n|turn|8\n|inactive|isthis6thgood has 30 seconds left.\n|\n|t:|1776356395\n|move|p2a: Sinistcha|Rage Powder|p2a: Sinistcha\n|-singleturn|p2a: Sinistcha|move: Rage Powder\n|move|p1a: Garchomp|Stomping Tantrum|p2a: Sinistcha\n|-resisted|p2a: Sinistcha|1\n|-damage|p2a: Sinistcha|6/100\n|move|p1b: Volcarona|Quiver Dance|p1b: Volcarona\n|-boost|p1b: Volcarona|spa|1\n|-boost|p1b: Volcarona|spd|1\n|-boost|p1b: Volcarona|spe|1\n|move|p2b: Tyranitar|Rock Slide|p1a: Garchomp|[spread] p1a,p1b\n|-resisted|p1a: Garchomp|1\n|-supereffective|p1b: Volcarona|2\n|-damage|p1a: Garchomp|58/100\n|-damage|p1b: Volcarona|19/100\n|\n|-heal|p1b: Volcarona|25/100|[from] item: Leftovers\n|-damage|p2b: Tyranitar|77/100 brn|[from] brn\n|upkeep\n|turn|9\n|inactive|isthis6thgood has 30 seconds left.\n|inactive|saccharine6767 has 30 seconds left.\n|\n|t:|1776356427\n|move|p1b: Volcarona|Protect|p1b: Volcarona\n|-singleturn|p1b: Volcarona|Protect\n|move|p2a: Sinistcha|Rage Powder|p2a: Sinistcha\n|-singleturn|p2a: Sinistcha|move: Rage Powder\n|move|p1a: Garchomp|Stomping Tantrum|p2a: Sinistcha\n|-resisted|p2a: Sinistcha|1\n|-damage|p2a: Sinistcha|0 fnt\n|faint|p2a: Sinistcha\n|move|p2b: Tyranitar|Knock Off|p1a: Garchomp\n|-crit|p1a: Garchomp\n|-damage|p1a: Garchomp|8/100\n|-damage|p2b: Tyranitar|65/100 brn|[from] ability: Rough Skin|[of] p1a: Garchomp\n|-enditem|p1a: Garchomp|Choice Scarf|[from] move: Knock Off|[of] p2b: Tyranitar\n|\n|-heal|p1b: Volcarona|32/100|[from] item: Leftovers\n|-damage|p2b: Tyranitar|59/100 brn|[from] brn\n|upkeep\n|turn|10\n|\n|t:|1776356449\n|move|p1b: Volcarona|Bug Buzz|p2b: Tyranitar\n|-supereffective|p2b: Tyranitar|1\n|-damage|p2b: Tyranitar|0 fnt\n|faint|p2b: Tyranitar\n|\n|win|isthis6thgood\n|raw|isthis6thgood's rating: 1203 &rarr; <strong>1224</strong><br />(+21 for winning)\n|raw|saccharine6767's rating: 1145 &rarr; <strong>1124</strong><br />(-21 for losing)\n",
  "uploadtime": 1776356459,
  "views": 24,
  "formatid": "gen9championsvgc2026regma",
  "rating": 1124,
  "private": 0,
  "password": null
}