{
  "id": "gen9championsvgc2026regma-2588313329",
  "format": "[Gen 9 Champions] VGC 2026 Reg M-A",
  "players": [
    "Ohnoitsdad",
    "tuneladora07"
  ],
  "log": "|j|\u2606Ohnoitsdad\n|j|\u2606tuneladora07\n|t:|1776623263\n|gametype|doubles\n|player|p1|Ohnoitsdad|170|1256\n|player|p2|tuneladora07|roughneck-gen4|1198\n|gen|9\n|tier|[Gen 9 Champions] VGC 2026 Reg M-A\n|rated|\n|rule|Species Clause: Limit one of each Pok\u00e9mon\n|rule|Item Clause: Limit 1 of each item\n|clearpoke\n|poke|p1|Lycanroc-Dusk, L50, M|\n|poke|p1|Lucario, L50, M|\n|poke|p1|Rotom-Wash, L50|\n|poke|p1|Milotic, L50, F|\n|poke|p1|Aerodactyl, L50, M|\n|poke|p1|Tyranitar, L50, F|\n|poke|p2|Aerodactyl, L50, M|\n|poke|p2|Tyranitar, L50, M|\n|poke|p2|Garchomp, L50, F|\n|poke|p2|Farigiraf, L50, F|\n|poke|p2|Rotom-Heat, L50|\n|poke|p2|Sinistcha, L50|\n|teampreview|4\n|inactive|Battle timer is ON: inactive players will automatically lose when time's up. (requested by Ohnoitsdad)\n|\n|t:|1776623320\n|teamsize|p1|4\n|teamsize|p2|4\n|start\n|switch|p1a: Lucario|Lucario, L50, M|100/100\n|switch|p1b: Aerodactyl|Aerodactyl, L50, M|100/100\n|switch|p2a: Garchomp|Garchomp, L50, F|100/100\n|switch|p2b: Rotom|Rotom-Heat, L50|100/100\n|-ability|p1b: Aerodactyl|Unnerve\n|turn|1\n|inactive|Ohnoitsdad has 30 seconds left.\n|\n|t:|1776623345\n|detailschange|p1a: Lucario|Lucario-Mega, L50, M\n|-mega|p1a: Lucario|Lucario|Lucarionite\n|move|p2a: Garchomp|Rock Slide|p1b: Aerodactyl|[spread] p1a,p1b\n|-resisted|p1a: Lucario|2\n|-crit|p1a: Lucario\n|-supereffective|p1b: Aerodactyl|1\n|-damage|p1a: Lucario|90/100\n|-damage|p1b: Aerodactyl|33/100\n|move|p1b: Aerodactyl|Rock Slide|p2a: Garchomp|[spread] p2a,p2b\n|-resisted|p2a: Garchomp|1\n|-supereffective|p2b: Rotom|1\n|-damage|p2a: Garchomp|88/100\n|-damage|p2b: Rotom|42/100\n|move|p1a: Lucario|Ice Punch|p2a: Garchomp\n|-supereffective|p2a: Garchomp|2\n|-damage|p2a: Garchomp|0 fnt\n|faint|p2a: Garchomp\n|cant|p2b: Rotom|flinch\n|\n|upkeep\n|\n|t:|1776623361\n|switch|p2a: Sinistcha|Sinistcha, L50|100/100\n|-heal|p2b: Rotom|67/100|[from] ability: Hospitality|[of] p2a: Sinistcha\n|turn|2\n|inactive|Ohnoitsdad has 30 seconds left.\n|\n|t:|1776623393\n|move|p2a: Sinistcha|Rage Powder|p2a: Sinistcha\n|-singleturn|p2a: Sinistcha|move: Rage Powder\n|move|p1b: Aerodactyl|Rock Slide|p2a: Sinistcha|[spread] p2a\n|-miss|p1b: Aerodactyl|p2b: Rotom\n|-damage|p2a: Sinistcha|80/100\n|move|p1a: Lucario|High Jump Kick|p2a: Sinistcha\n|-immune|p2a: Sinistcha\n|-damage|p1a: Lucario|40/100|[from] highjumpkick\n|move|p2b: Rotom|Overheat|p1a: Lucario|[miss]\n|-miss|p2b: Rotom|p1a: Lucario\n|\n|-heal|p2a: Sinistcha|86/100|[from] item: Leftovers\n|upkeep\n|turn|3\n|\n|t:|1776623411\n|switch|p1a: Milotic|Milotic, L50, F|100/100\n|move|p2a: Sinistcha|Rage Powder|p2a: Sinistcha\n|-singleturn|p2a: Sinistcha|move: Rage Powder\n|move|p1b: Aerodactyl|Dual Wingbeat|p2a: Sinistcha|[miss]\n|-miss|p1b: Aerodactyl|p2a: Sinistcha\n|move|p2b: Rotom|Overheat|p1a: Milotic\n|-resisted|p1a: Milotic|1\n|-damage|p1a: Milotic|78/100\n|-unboost|p2b: Rotom|spa|2\n|\n|-heal|p1a: Milotic|84/100|[from] item: Leftovers\n|-heal|p2a: Sinistcha|92/100|[from] item: Leftovers\n|upkeep\n|turn|4\n|\n|t:|1776623436\n|move|p1b: Aerodactyl|Rock Slide|p2b: Rotom|[spread] p2a,p2b\n|-supereffective|p2b: Rotom|1\n|-damage|p2a: Sinistcha|70/100\n|-damage|p2b: Rotom|9/100\n|move|p2b: Rotom|Volt Switch|p1a: Milotic\n|-supereffective|p1a: Milotic|1\n|-damage|p1a: Milotic|51/100\n|\n|t:|1776623443\n|switch|p2b: Tyranitar|Tyranitar, L50, M|100/100|[from] Volt Switch\n|-weather|Sandstorm|[from] ability: Sand Stream|[of] p2b: Tyranitar\n|move|p1a: Milotic|Icy Wind|p2b: Tyranitar|[spread] p2a,p2b\n|-supereffective|p2a: Sinistcha|1\n|-damage|p2a: Sinistcha|43/100\n|-damage|p2b: Tyranitar|92/100\n|-unboost|p2a: Sinistcha|spe|1\n|-unboost|p2b: Tyranitar|spe|1\n|move|p2a: Sinistcha|Matcha Gotcha|p1b: Aerodactyl|[spread] p1a,p1b\n|-supereffective|p1a: Milotic|1\n|-damage|p1a: Milotic|13/100\n|-heal|p2a: Sinistcha|65/100|[from] drain|[of] p1a: Milotic\n|-damage|p1b: Aerodactyl|9/100\n|-heal|p2a: Sinistcha|76/100|[from] drain|[of] p1b: Aerodactyl\n|\n|-weather|Sandstorm|[upkeep]\n|-damage|p1a: Milotic|7/100|[from] Sandstorm\n|-damage|p2a: Sinistcha|70/100|[from] Sandstorm\n|-heal|p1a: Milotic|13/100|[from] item: Leftovers\n|-heal|p2a: Sinistcha|76/100|[from] item: Leftovers\n|upkeep\n|turn|5\n|inactive|tuneladora07 has 30 seconds left.\n|\n|t:|1776623477\n|move|p2b: Tyranitar|Protect|p2b: Tyranitar\n|-singleturn|p2b: Tyranitar|Protect\n|move|p1b: Aerodactyl|Dual Wingbeat|p2a: Sinistcha\n|-supereffective|p2a: Sinistcha|1\n|-damage|p2a: Sinistcha|42/100\n|-supereffective|p2a: Sinistcha|1\n|-damage|p2a: Sinistcha|12/100\n|-hitcount|p2a: Sinistcha|2\n|move|p1a: Milotic|Ice Beam|p2a: Sinistcha\n|-supereffective|p2a: Sinistcha|1\n|-damage|p2a: Sinistcha|0 fnt\n|faint|p2a: Sinistcha\n|\n|-weather|Sandstorm|[upkeep]\n|-damage|p1a: Milotic|7/100|[from] Sandstorm\n|-heal|p1a: Milotic|13/100|[from] item: Leftovers\n|upkeep\n|\n|t:|1776623488\n|switch|p2a: Rotom|Rotom-Heat, L50|9/100\n|turn|6\n|\n|t:|1776623508\n|detailschange|p2b: Tyranitar|Tyranitar-Mega, L50, M\n|-mega|p2b: Tyranitar|Tyranitar|Tyranitarite\n|move|p1b: Aerodactyl|Rock Slide|p2b: Tyranitar|[spread] p2a,p2b\n|-supereffective|p2a: Rotom|1\n|-damage|p2a: Rotom|0 fnt\n|-damage|p2b: Tyranitar|76/100\n|faint|p2a: Rotom\n|move|p1a: Milotic|Scald|p2b: Tyranitar\n|-supereffective|p2b: Tyranitar|1\n|-damage|p2b: Tyranitar|35/100\n|move|p2b: Tyranitar|Dragon Dance|p2b: Tyranitar\n|-boost|p2b: Tyranitar|atk|1\n|-boost|p2b: Tyranitar|spe|1\n|\n|-weather|Sandstorm|[upkeep]\n|-damage|p1a: Milotic|7/100|[from] Sandstorm\n|-heal|p1a: Milotic|13/100|[from] item: Leftovers\n|upkeep\n|turn|7\n|\n|t:|1776623523\n|move|p1b: Aerodactyl|Tailwind|p1b: Aerodactyl\n|-sidestart|p1: Ohnoitsdad|move: Tailwind\n|move|p1a: Milotic|Scald|p2b: Tyranitar\n|-supereffective|p2b: Tyranitar|1\n|-damage|p2b: Tyranitar|0 fnt\n|faint|p2b: Tyranitar\n|\n|win|Ohnoitsdad\n|raw|Ohnoitsdad's rating: 1256 &rarr; <strong>1277</strong><br />(+21 for winning)\n|raw|tuneladora07's rating: 1198 &rarr; <strong>1177</strong><br />(-21 for losing)\n|l|\u2606tuneladora07\n|player|p2|\n",
  "uploadtime": 1776623535,
  "views": 16,
  "formatid": "gen9championsvgc2026regma",
  "rating": 1177,
  "private": 0,
  "password": null
}