{
  "id": "gen9championsvgc2026regma-2585715319",
  "format": "[Gen 9 Champions] VGC 2026 Reg M-A",
  "players": [
    "FlintAndSteelType",
    "Mogu Ally"
  ],
  "log": "|j|\u203dFlintAndSteelType\n|j|\u2606Mogu Ally\n|t:|1776365615\n|gametype|doubles\n|player|p1|FlintAndSteelType|2|1100\n|player|p2|Mogu Ally|lyra|1032\n|gen|9\n|tier|[Gen 9 Champions] VGC 2026 Reg M-A\n|rated|\n|rule|Species Clause: Limit one of each Pok\u00e9mon\n|rule|Item Clause: Limit 1 of each item\n|clearpoke\n|poke|p1|Gengar, L50, M|\n|poke|p1|Politoed, L50, M|\n|poke|p1|Incineroar, L50, M|\n|poke|p1|Palafin, L50, M|\n|poke|p1|Sinistcha, L50|\n|poke|p1|Sableye, L50, M|\n|poke|p2|Mamoswine, L50, M|\n|poke|p2|Absol, L50, F|\n|poke|p2|Oranguru, L50, F|\n|poke|p2|Serperior, L50, F|\n|poke|p2|Emolga, L50, F|\n|poke|p2|Talonflame, L50, F|\n|teampreview|4\n|\n|t:|1776365648\n|teamsize|p1|4\n|teamsize|p2|4\n|start\n|switch|p1a: Gengar|Gengar, L50, M|100/100\n|switch|p1b: Incineroar|Incineroar, L50, M|100/100\n|switch|p2a: Madi|Absol, L50, F|100/100\n|switch|p2b: John|Oranguru, L50, F|100/100\n|-ability|p1b: Incineroar|Intimidate|boost\n|-unboost|p2a: Madi|atk|1\n|-unboost|p2b: John|atk|1\n|turn|1\n|\n|t:|1776365671\n|detailschange|p1a: Gengar|Gengar-Mega, L50, M\n|-mega|p1a: Gengar|Gengar|Gengarite\n|move|p1b: Incineroar|Fake Out|p2a: Madi\n|-damage|p2a: Madi|79/100\n|move|p1a: Gengar|Perish Song|p1a: Gengar\n|-start|p1a: Gengar|perish3|[silent]\n|-start|p1b: Incineroar|perish3|[silent]\n|-start|p2a: Madi|perish3|[silent]\n|-start|p2b: John|perish3|[silent]\n|-fieldactivate|move: Perish Song\n|cant|p2a: Madi|flinch\n|move|p2b: John|Instruct||[still]\n|-fail|p2b: John\n|\n|-start|p1a: Gengar|perish3\n|-start|p2a: Madi|perish3\n|-start|p1b: Incineroar|perish3\n|-start|p2b: John|perish3\n|upkeep\n|turn|2\n|\n|t:|1776365689\n|move|p1a: Gengar|Protect|p1a: Gengar\n|-singleturn|p1a: Gengar|Protect\n|move|p1b: Incineroar|Protect|p1b: Incineroar\n|-singleturn|p1b: Incineroar|Protect\n|move|p2a: Madi|Zen Headbutt|p1a: Gengar\n|-activate|p1a: Gengar|move: Protect\n|move|p2b: John|Extrasensory|p1a: Gengar\n|-activate|p1a: Gengar|move: Protect\n|\n|-start|p1a: Gengar|perish2\n|-start|p2a: Madi|perish2\n|-start|p1b: Incineroar|perish2\n|-start|p2b: John|perish2\n|upkeep\n|turn|3\n|\n|t:|1776365717\n|switch|p1a: Politoed|Politoed, L50, M|100/100\n|-weather|RainDance|[from] ability: Drizzle|[of] p1a: Politoed\n|move|p2a: Madi|Rock Slide|p1a: Politoed|[spread] p1a,p1b\n|-supereffective|p1b: Incineroar|1\n|-damage|p1a: Politoed|86/100\n|-damage|p1b: Incineroar|75/100\n|cant|p1b: Incineroar|flinch\n|move|p2b: John|Extrasensory|p1a: Politoed\n|-damage|p1a: Politoed|69/100\n|\n|-weather|RainDance|[upkeep]\n|-heal|p1b: Incineroar|81/100|[from] item: Leftovers\n|-start|p2a: Madi|perish1\n|-start|p1b: Incineroar|perish1\n|-start|p2b: John|perish1\n|upkeep\n|turn|4\n|\n|t:|1776365750\n|switch|p2a: Elizabeth|Emolga, L50, F|100/100\n|switch|p2b: Glubby|Mamoswine, L50, M|100/100\n|move|p1a: Politoed|Perish Song|p1a: Politoed\n|-start|p1a: Politoed|perish3|[silent]\n|-start|p2a: Elizabeth|perish3|[silent]\n|-start|p2b: Glubby|perish3|[silent]\n|-fieldactivate|move: Perish Song\n|move|p1b: Incineroar|Parting Shot|p2b: Glubby\n|-unboost|p2b: Glubby|atk|1\n|-unboost|p2b: Glubby|spa|1\n|\n|t:|1776365759\n|switch|p1b: Gengar|Gengar-Mega, L50, M|100/100|[from] Parting Shot\n|\n|-weather|RainDance|[upkeep]\n|-start|p2a: Elizabeth|perish3\n|-start|p2b: Glubby|perish3\n|-start|p1a: Politoed|perish3\n|upkeep\n|turn|5\n|\n|t:|1776365777\n|switch|p1a: Incineroar|Incineroar, L50, M|81/100\n|-ability|p1a: Incineroar|Intimidate|boost\n|-unboost|p2a: Elizabeth|atk|1\n|-fail|p2b: Glubby|unboost|Attack|[from] ability: Oblivious|[of] p2b: Glubby\n|move|p1b: Gengar|Protect|p1b: Gengar\n|-singleturn|p1b: Gengar|Protect\n|move|p2a: Elizabeth|Discharge|p1a: Incineroar|[spread] p1a\n|-activate|p1b: Gengar|move: Protect\n|-immune|p2b: Glubby\n|-damage|p1a: Incineroar|64/100\n|move|p2b: Glubby|Earthquake|p1a: Incineroar|[spread] p1a\n|-activate|p1b: Gengar|move: Protect\n|-immune|p2a: Elizabeth\n|-supereffective|p1a: Incineroar|1\n|-damage|p1a: Incineroar|1/100\n|\n|-weather|RainDance|[upkeep]\n|-heal|p1a: Incineroar|7/100|[from] item: Leftovers\n|-start|p2a: Elizabeth|perish2\n|-start|p2b: Glubby|perish2\n|upkeep\n|turn|6\n|\n|t:|1776365820\n|move|p1a: Incineroar|Fake Out|p2b: Glubby\n|-damage|p2b: Glubby|90/100\n|move|p1b: Gengar|Disable|p2a: Elizabeth\n|-start|p2a: Elizabeth|Disable|Discharge\n|cant|p2a: Elizabeth|Disable|Discharge\n|cant|p2b: Glubby|flinch\n|\n|-weather|RainDance|[upkeep]\n|-heal|p1a: Incineroar|13/100|[from] item: Leftovers\n|-start|p2a: Elizabeth|perish1\n|-start|p2b: Glubby|perish1\n|upkeep\n|turn|7\n|\n|t:|1776365846\n|move|p1b: Gengar|Protect|p1b: Gengar\n|-singleturn|p1b: Gengar|Protect\n|move|p1a: Incineroar|Protect|p1a: Incineroar\n|-singleturn|p1a: Incineroar|Protect\n|move|p2a: Elizabeth|Volt Switch|p1a: Incineroar\n|-activate|p1a: Incineroar|move: Protect\n|move|p2b: Glubby|Rock Slide|p1a: Incineroar|[spread] \n|-activate|p1a: Incineroar|move: Protect\n|-activate|p1b: Gengar|move: Protect\n|\n|-weather|none\n|-heal|p1a: Incineroar|19/100|[from] item: Leftovers\n|-start|p2a: Elizabeth|perish0\n|-start|p2b: Glubby|perish0\n|faint|p2a: Elizabeth\n|faint|p2b: Glubby\n|upkeep\n|\n|t:|1776365862\n|switch|p2a: Madi|Absol, L50, F|79/100\n|switch|p2b: John|Oranguru, L50, F|100/100\n|turn|8\n|\n|t:|1776365892\n|switch|p1b: Politoed|Politoed, L50, M|69/100\n|-weather|RainDance|[from] ability: Drizzle|[of] p1b: Politoed\n|move|p2a: Madi|Rock Slide|p1b: Politoed|[spread] p1a,p1b\n|-supereffective|p1a: Incineroar|1\n|-damage|p1a: Incineroar|0 fnt\n|-damage|p1b: Politoed|47/100\n|-enditem|p1b: Politoed|Sitrus Berry|[eat]\n|-heal|p1b: Politoed|72/100|[from] item: Sitrus Berry\n|faint|p1a: Incineroar\n|move|p2b: John|Instruct|p2a: Madi\n|-singleturn|p2a: Madi|move: Instruct|[of] p2b: John\n|move|p2a: Madi|Rock Slide|p1b: Politoed\n|-damage|p1b: Politoed|40/100\n|\n|-weather|RainDance|[upkeep]\n|upkeep\n|\n|t:|1776365911\n|switch|p1a: Gengar|Gengar-Mega, L50, M|100/100\n|turn|9\n|\n|t:|1776365936\n|move|p1a: Gengar|Protect|p1a: Gengar\n|-singleturn|p1a: Gengar|Protect\n|move|p2a: Madi|Rock Slide|p1b: Politoed|[spread] p1b\n|-activate|p1a: Gengar|move: Protect\n|-damage|p1b: Politoed|16/100\n|cant|p1b: Politoed|flinch\n|move|p2b: John|Extrasensory|p1a: Gengar\n|-activate|p1a: Gengar|move: Protect\n|\n|-weather|RainDance|[upkeep]\n|upkeep\n|turn|10\n|\n|t:|1776365958\n|move|p1b: Politoed|Protect|p1b: Politoed\n|-singleturn|p1b: Politoed|Protect\n|move|p1a: Gengar|Disable|p2a: Madi\n|-start|p2a: Madi|Disable|Rock Slide\n|move|p2a: Madi|Zen Headbutt|p1a: Gengar\n|-supereffective|p1a: Gengar|1\n|-damage|p1a: Gengar|29/100\n|move|p2b: John|Extrasensory|p1b: Politoed\n|-activate|p1b: Politoed|move: Protect\n|\n|-weather|RainDance|[upkeep]\n|upkeep\n|turn|11\n|\n|t:|1776365998\n|detailschange|p2a: Madi|Absol-Mega, L50, F\n|-mega|p2a: Madi|Absol|Absolite\n|move|p1a: Gengar|Perish Song|p1a: Gengar\n|-start|p1a: Gengar|perish3|[silent]\n|-start|p1b: Politoed|perish3|[silent]\n|-start|p2a: Madi|perish3|[silent]\n|-start|p2b: John|perish3|[silent]\n|-fieldactivate|move: Perish Song\n|move|p2a: Madi|Brutal Swing|p1a: Gengar|[spread] p1a,p1b\n|-activate|p2b: John|ability: Telepathy\n|-supereffective|p1a: Gengar|1\n|-damage|p1a: Gengar|0 fnt\n|-damage|p1b: Politoed|0 fnt\n|faint|p1a: Gengar\n|faint|p1b: Politoed\n|move|p2b: John|Taunt|p2a: Madi\n|move|p2a: Madi|Taunt|p2b: John|[from] ability: Magic Bounce\n|-start|p2b: John|move: Taunt\n|-enditem|p2b: John|Mental Herb\n|-end|p2b: John|move: Taunt\n|\n|-weather|RainDance|[upkeep]\n|-start|p2a: Madi|perish3\n|-start|p2b: John|perish3\n|upkeep\n|\n|t:|1776366018\n|switch|p1b: Palafin|Palafin, L50, M|100/100\n|turn|12\n|\n|t:|1776366030\n|move|p1b: Palafin|Protect|p1b: Palafin\n|-singleturn|p1b: Palafin|Protect\n|move|p2a: Madi|Zen Headbutt|p1b: Palafin\n|-activate|p1b: Palafin|move: Protect\n|move|p2b: John|Extrasensory|p1b: Palafin\n|-activate|p1b: Palafin|move: Protect\n|\n|-weather|none\n|-start|p2a: Madi|perish2\n|-start|p2b: John|perish2\n|upkeep\n|turn|13\n|\n|t:|1776366041\n|move|p1b: Palafin|Protect|p1b: Palafin\n|-singleturn|p1b: Palafin|Protect\n|move|p2a: Madi|Zen Headbutt|p1b: Palafin\n|-activate|p1b: Palafin|move: Protect\n|move|p2b: John|Extrasensory|p1b: Palafin\n|-activate|p1b: Palafin|move: Protect\n|\n|-end|p2a: Madi|Disable\n|-start|p2a: Madi|perish1\n|-start|p2b: John|perish1\n|upkeep\n|turn|14\n|\n|t:|1776366054\n|move|p1b: Palafin|Protect||[still]\n|-fail|p1b: Palafin\n|move|p2a: Madi|Zen Headbutt|p1b: Palafin\n|-damage|p1b: Palafin|62/100\n|move|p2b: John|Extrasensory|p1b: Palafin\n|-damage|p1b: Palafin|23/100\n|\n|-start|p2a: Madi|perish0\n|-start|p2b: John|perish0\n|upkeep\n|faint|p2a: Madi\n|faint|p2b: John\n|\n|win|FlintAndSteelType\n|raw|FlintAndSteelType's rating: 1100 &rarr; <strong>1120</strong><br />(+20 for winning)\n|raw|Mogu Ally's rating: 1032 &rarr; <strong>1020</strong><br />(-12 for losing)\n",
  "uploadtime": 1776366068,
  "views": 43,
  "formatid": "gen9championsvgc2026regma",
  "rating": 1020,
  "private": 0,
  "password": null
}