{
  "id": "gen9championsvgc2026regma-2581840006",
  "format": "[Gen 9 Champions] VGC 2026 Reg M-A",
  "players": [
    "Morrocan AXL BLAZE",
    "SvenSvensonIII"
  ],
  "log": "|j|\u2606Morrocan AXL BLAZE\n|j|\u2606SvenSvensonIII\n|t:|1776032716\n|gametype|doubles\n|player|p1|Morrocan AXL BLAZE|nate|1100\n|player|p2|SvenSvensonIII|101|1185\n|gen|9\n|tier|[Gen 9 Champions] VGC 2026 Reg M-A\n|rated|\n|rule|Species Clause: Limit one of each Pok\u00e9mon\n|rule|Item Clause: Limit 1 of each item\n|clearpoke\n|poke|p1|Dragapult, L50, F|\n|poke|p1|Whimsicott, L50, F|\n|poke|p1|Incineroar, L50, M|\n|poke|p1|Lopunny, L50, M|\n|poke|p1|Maushold-Four, L50|\n|poke|p1|Primarina, L50, F|\n|poke|p2|Kleavor, L50, M|\n|poke|p2|Aegislash, L50, M|\n|poke|p2|Sneasler, L50, F|\n|poke|p2|Incineroar, L50, F|\n|poke|p2|Scovillain, L50, F|\n|poke|p2|Heliolisk, L50, F|\n|teampreview|4\n|inactive|Battle timer is ON: inactive players will automatically lose when time's up. (requested by SvenSvensonIII)\nMorrocan AXL BLAZE has agreed to open team sheets.\n|inactive|SvenSvensonIII has 60 seconds left.\n|\n|t:|1776032747\n|teamsize|p1|4\n|teamsize|p2|4\n|start\n|switch|p1a: Lopunny|Lopunny, L50, M, shiny|100/100\n|switch|p1b: Maushold|Maushold-Four, L50, shiny|100/100\n|switch|p2a: Sneasler|Sneasler, L50, F|100/100\n|switch|p2b: Scovillain|Scovillain, L50, F|100/100\n|turn|1\n|\n|t:|1776032762\n|detailschange|p2b: Scovillain|Scovillain-Mega, L50, F\n|-mega|p2b: Scovillain|Scovillain|Scovillainite\n|move|p1b: Maushold|Protect|p1b: Maushold\n|-singleturn|p1b: Maushold|Protect\n|move|p1a: Lopunny|Protect|p1a: Lopunny\n|-singleturn|p1a: Lopunny|Protect\n|move|p2b: Scovillain|Rage Powder|p2b: Scovillain\n|-singleturn|p2b: Scovillain|move: Rage Powder\n|move|p2a: Sneasler|Close Combat|p1b: Maushold\n|-activate|p1b: Maushold|move: Protect\n|\n|upkeep\n|turn|2\n|\n|t:|1776032786\n|detailschange|p1a: Lopunny|Lopunny-Mega, L50, M, shiny\n|-mega|p1a: Lopunny|Lopunny|Lopunnite\n|move|p1b: Maushold|Follow Me|p1b: Maushold\n|-singleturn|p1b: Maushold|move: Follow Me\n|move|p2b: Scovillain|Rage Powder|p2b: Scovillain\n|-singleturn|p2b: Scovillain|move: Rage Powder\n|move|p1a: Lopunny|Giga Impact|p2b: Scovillain\n|-damage|p2b: Scovillain|32/100\n|-mustrecharge|p1a: Lopunny\n|-status|p1a: Lopunny|brn|[from] ability: Spicy Spray|[of] p2b: Scovillain\n|move|p2a: Sneasler|Close Combat|p1b: Maushold\n|-supereffective|p1b: Maushold|1\n|-enditem|p1b: Maushold|Chople Berry|[eat]\n|-enditem|p1b: Maushold|Chople Berry|[weaken]\n|-damage|p1b: Maushold|17/100\n|-unboost|p2a: Sneasler|def|1\n|-unboost|p2a: Sneasler|spd|1\n|-enditem|p2a: Sneasler|White Herb\n|-clearnegativeboost|p2a: Sneasler|[silent]\n|\n|-damage|p1a: Lopunny|94/100 brn|[from] brn\n|upkeep\n|turn|3\n|inactive|SvenSvensonIII has 30 seconds left.\n|\n|t:|1776032820\n|switch|p2b: Kleavor|Kleavor, L50, M|100/100\n|move|p1b: Maushold|Follow Me|p1b: Maushold\n|-singleturn|p1b: Maushold|move: Follow Me\n|move|p2a: Sneasler|Dire Claw|p1b: Maushold\n|-damage|p1b: Maushold|0 fnt\n|faint|p1b: Maushold\n|cant|p1a: Lopunny|recharge\n|\n|-damage|p1a: Lopunny|88/100 brn|[from] brn\n|upkeep\n|\n|t:|1776032839\n|switch|p1b: Dragapult|Dragapult, L50, F, shiny|100/100\n|turn|4\n|\n|t:|1776032862\n|move|p1a: Lopunny|Mach Punch|p2b: Kleavor\n|-damage|p2b: Kleavor|85/100\n|move|p2a: Sneasler|Close Combat|p1a: Lopunny\n|-supereffective|p1a: Lopunny|1\n|-crit|p1a: Lopunny\n|-damage|p1a: Lopunny|0 fnt\n|-unboost|p2a: Sneasler|def|1\n|-unboost|p2a: Sneasler|spd|1\n|faint|p1a: Lopunny\n|move|p2b: Kleavor|U-turn|p1b: Dragapult\n|-resisted|p1b: Dragapult|1\n|-damage|p1b: Dragapult|75/100\n|\n|t:|1776032873\n|switch|p2b: Scovillain|Scovillain-Mega, L50, F|32/100|[from] U-turn\n|move|p1b: Dragapult|Dragon Darts|p2a: Sneasler\n|-damage|p2a: Sneasler|24/100\n|-anim|p1b: Dragapult|Dragon Darts|p2b: Scovillain\n|-damage|p2b: Scovillain|9/100\n|-status|p1b: Dragapult|brn|[from] ability: Spicy Spray|[of] p2b: Scovillain\n|\n|-damage|p1b: Dragapult|69/100 brn|[from] brn\n|upkeep\n|\n|t:|1776032896\n|switch|p1a: Whimsicott|Whimsicott, L50, F|100/100\n|turn|5\n|\n|t:|1776032909\n|move|p1a: Whimsicott|Tailwind|p1a: Whimsicott\n|-sidestart|p1: Morrocan AXL BLAZE|move: Tailwind\n|move|p1b: Dragapult|Dragon Darts|p2b: Scovillain\n|-damage|p2b: Scovillain|0 fnt\n|-anim|p1b: Dragapult|Dragon Darts|p2a: Sneasler\n|-damage|p2a: Sneasler|0 fnt\n|faint|p2b: Scovillain\n|faint|p2a: Sneasler\n|\n|-damage|p1b: Dragapult|63/100 brn|[from] brn\n|upkeep\n|\n|t:|1776032917\n|switch|p2a: Aegislash|Aegislash, L50, M|100/100\n|switch|p2b: Kleavor|Kleavor, L50, M|85/100\n|turn|6\n|\n|t:|1776032926\n|move|p1b: Dragapult|Dragon Darts|p2b: Kleavor\n|-damage|p2b: Kleavor|68/100\n|-anim|p1b: Dragapult|Dragon Darts|p2a: Aegislash\n|-resisted|p2a: Aegislash|1\n|-damage|p2a: Aegislash|96/100\n|move|p1a: Whimsicott|Moonblast|p2b: Kleavor\n|-damage|p2b: Kleavor|23/100\n|move|p2b: Kleavor|Stone Axe|p1b: Dragapult\n|-damage|p1b: Dragapult|0 fnt\n|-sidestart|p1: Morrocan AXL BLAZE|move: Stealth Rock\n|faint|p1b: Dragapult\n|-formechange|p2a: Aegislash|Aegislash-Blade|\n|move|p2a: Aegislash|Iron Head|p1a: Whimsicott\n|-supereffective|p1a: Whimsicott|1\n|-damage|p1a: Whimsicott|2/100\n|\n|-heal|p2a: Aegislash|100/100|[from] item: Leftovers\n|upkeep\n|turn|7\n|\n|t:|1776032942\n|move|p2a: Aegislash|Shadow Sneak|p1a: Whimsicott\n|-damage|p1a: Whimsicott|0 fnt\n|faint|p1a: Whimsicott\n|\n|win|SvenSvensonIII\n|raw|Morrocan AXL BLAZE's rating: 1100 &rarr; <strong>1081</strong><br />(-19 for losing)\n|raw|SvenSvensonIII's rating: 1185 &rarr; <strong>1204</strong><br />(+19 for winning)\n",
  "uploadtime": 1776032942,
  "views": 13,
  "formatid": "gen9championsvgc2026regma",
  "rating": 1081,
  "private": 0,
  "password": null
}