{
  "id": "gen9championsvgc2026regma-2584436655",
  "format": "[Gen 9 Champions] VGC 2026 Reg M-A",
  "players": [
    "Relink007",
    "KnockDemAnklez"
  ],
  "log": "|j|\u2606Relink007\n|j|\u2606KnockDemAnklez\n|t:|1776260768\n|gametype|doubles\n|player|p1|Relink007|169|1081\n|player|p2|KnockDemAnklez|101|1013\n|gen|9\n|tier|[Gen 9 Champions] VGC 2026 Reg M-A\n|rated|\n|rule|Species Clause: Limit one of each Pok\u00e9mon\n|rule|Item Clause: Limit 1 of each item\n|clearpoke\n|poke|p1|Pelipper, L50, M|\n|poke|p1|Garchomp, L50, M|\n|poke|p1|Sneasler, L50, M|\n|poke|p1|Ceruledge, L50, F|\n|poke|p1|Sinistcha, L50|\n|poke|p1|Froslass, L50, F|\n|poke|p2|Milotic, L50, F|\n|poke|p2|Garchomp, L50, M|\n|poke|p2|Whimsicott, L50, M|\n|poke|p2|Incineroar, L50, M|\n|poke|p2|Tyranitar, L50, M|\n|poke|p2|Sinistcha, L50|\n|teampreview|4\n|inactive|Battle timer is ON: inactive players will automatically lose when time's up. (requested by Relink007)\n|inactive|KnockDemAnklez has 60 seconds left.\n|\n|t:|1776260846\n|teamsize|p1|4\n|teamsize|p2|4\n|start\n|switch|p1a: Garchomp|Garchomp, L50, M|100/100\n|switch|p1b: Sneasler|Sneasler, L50, M|100/100\n|switch|p2a: Incineroar|Incineroar, L50, M|100/100\n|switch|p2b: Whimsicott|Whimsicott, L50, M|100/100\n|-ability|p2a: Incineroar|Intimidate|boost\n|-unboost|p1a: Garchomp|atk|1\n|-unboost|p1b: Sneasler|atk|1\n|turn|1\n|-activate|p1a: Garchomp|item: Quick Claw\n|\n|t:|1776260869\n|move|p2a: Incineroar|Fake Out|p1a: Garchomp\n|-damage|p1a: Garchomp|86/100\n|-damage|p2a: Incineroar|88/100|[from] ability: Rough Skin|[of] p1a: Garchomp\n|move|p2b: Whimsicott|Tailwind|p2b: Whimsicott\n|-sidestart|p2: KnockDemAnklez|move: Tailwind\n|cant|p1a: Garchomp|flinch\n|move|p1b: Sneasler|Dire Claw|p2b: Whimsicott\n|-supereffective|p2b: Whimsicott|2\n|-enditem|p2b: Whimsicott|Focus Sash\n|-damage|p2b: Whimsicott|1/100\n|\n|upkeep\n|turn|2\n|inactive|Relink007 has 30 seconds left.\n|-activate|p1a: Garchomp|item: Quick Claw\n|\n|t:|1776260900\n|move|p1a: Garchomp|Protect|p1a: Garchomp\n|-singleturn|p1a: Garchomp|Protect\n|move|p2b: Whimsicott|Moonblast|p1a: Garchomp\n|-activate|p1a: Garchomp|move: Protect\n|move|p1b: Sneasler|Dire Claw|p2b: Whimsicott\n|-supereffective|p2b: Whimsicott|2\n|-damage|p2b: Whimsicott|0 fnt\n|faint|p2b: Whimsicott\n|move|p2a: Incineroar|Will-O-Wisp|p1b: Sneasler\n|-status|p1b: Sneasler|brn\n|\n|-damage|p1b: Sneasler|95/100 brn|[from] brn\n|upkeep\n|\n|t:|1776260922\n|switch|p2b: Garchomp|Garchomp, L50, M|100/100\n|turn|3\n|l|\u2606KnockDemAnklez\n|inactive|KnockDemAnklez disconnected and has a minute to reconnect!\n|player|p2|\n|j|\u2606KnockDemAnklez\n|inactive|KnockDemAnklez reconnected.\n|player|p2|KnockDemAnklez|101|\n|inactive|Relink007 has 30 seconds left.\n|inactive|Relink007 has 20 seconds left.\n|\n|t:|1776260957\n|switch|p1a: Froslass|Froslass, L50, F|100/100\n|move|p1b: Sneasler|Protect|p1b: Sneasler\n|-singleturn|p1b: Sneasler|Protect\n|move|p2b: Garchomp|Dragon Claw|p1a: Froslass\n|-damage|p1a: Froslass|27/100\n|move|p2a: Incineroar|Will-O-Wisp|p1a: Froslass\n|-status|p1a: Froslass|brn\n|\n|-damage|p1b: Sneasler|89/100 brn|[from] brn\n|-damage|p1a: Froslass|21/100 brn|[from] brn\n|upkeep\n|turn|4\n|inactive|KnockDemAnklez has 30 seconds left.\n|\n|t:|1776260991\n|detailschange|p1a: Froslass|Froslass-Mega, L50, F\n|-mega|p1a: Froslass|Froslass|Froslassite\n|-weather|Snowscape|[from] ability: Snow Warning|[of] p1a: Froslass\n|move|p2b: Garchomp|Dragon Claw|p1a: Froslass\n|-damage|p1a: Froslass|0 fnt\n|faint|p1a: Froslass\n|move|p1b: Sneasler|Close Combat|p2a: Incineroar\n|-supereffective|p2a: Incineroar|1\n|-damage|p2a: Incineroar|42/100\n|-unboost|p1b: Sneasler|def|1\n|-unboost|p1b: Sneasler|spd|1\n|-enditem|p2a: Incineroar|Sitrus Berry|[eat]\n|-heal|p2a: Incineroar|66/100|[from] item: Sitrus Berry\n|-heal|p1b: Sneasler|96/100 brn|[from] item: Shell Bell|[of] p2a: Incineroar\n|move|p2a: Incineroar|Parting Shot|p1b: Sneasler\n|-unboost|p1b: Sneasler|atk|1\n|-unboost|p1b: Sneasler|spa|1\n|\n|t:|1776261008\n|switch|p2a: Tyranitar|Tyranitar, L50, M|100/100|[from] Parting Shot\n|-weather|Sandstorm|[from] ability: Sand Stream|[of] p2a: Tyranitar\n|\n|-weather|Sandstorm|[upkeep]\n|-damage|p1b: Sneasler|90/100 brn|[from] Sandstorm\n|-damage|p1b: Sneasler|85/100 brn|[from] brn\n|-sideend|p2: KnockDemAnklez|move: Tailwind\n|upkeep\n|\n|t:|1776261021\n|switch|p1a: Sinistcha|Sinistcha, L50|100/100\n|-heal|p1b: Sneasler|100/100 brn|[from] ability: Hospitality|[of] p1a: Sinistcha\n|turn|5\n|\n|t:|1776261041\n|switch|p2b: Incineroar|Incineroar, L50, M|66/100\n|-ability|p2b: Incineroar|Intimidate|boost\n|-unboost|p1a: Sinistcha|atk|1\n|-unboost|p1b: Sneasler|atk|1\n|detailschange|p2a: Tyranitar|Tyranitar-Mega, L50, M\n|-mega|p2a: Tyranitar|Tyranitar|Tyranitarite\n|move|p1b: Sneasler|Close Combat|p2a: Tyranitar\n|-supereffective|p2a: Tyranitar|2\n|-damage|p2a: Tyranitar|62/100\n|-unboost|p1b: Sneasler|def|1\n|-unboost|p1b: Sneasler|spd|1\n|move|p2a: Tyranitar|Knock Off|p1a: Sinistcha\n|-supereffective|p1a: Sinistcha|1\n|-damage|p1a: Sinistcha|0 fnt\n|-enditem|p1a: Sinistcha|Leftovers|[from] move: Knock Off|[of] p2a: Tyranitar\n|faint|p1a: Sinistcha\n|\n|-weather|Sandstorm|[upkeep]\n|-damage|p1b: Sneasler|95/100 brn|[from] Sandstorm\n|-damage|p2b: Incineroar|60/100|[from] Sandstorm\n|-damage|p1b: Sneasler|89/100 brn|[from] brn\n|upkeep\n|\n|t:|1776261061\n|switch|p1a: Garchomp|Garchomp, L50, M|86/100\n|turn|6\n|\n|t:|1776261078\n|move|p2a: Tyranitar|Protect|p2a: Tyranitar\n|-singleturn|p2a: Tyranitar|Protect\n|move|p1b: Sneasler|Close Combat|p2a: Tyranitar\n|-activate|p2a: Tyranitar|move: Protect\n|move|p1a: Garchomp|Stomping Tantrum|p2a: Tyranitar\n|-activate|p2a: Tyranitar|move: Protect\n|move|p2b: Incineroar|Will-O-Wisp|p1a: Garchomp\n|-status|p1a: Garchomp|brn\n|\n|-weather|Sandstorm|[upkeep]\n|-damage|p1b: Sneasler|83/100 brn|[from] Sandstorm\n|-damage|p2b: Incineroar|54/100|[from] Sandstorm\n|-damage|p1b: Sneasler|78/100 brn|[from] brn\n|-damage|p1a: Garchomp|80/100 brn|[from] brn\n|upkeep\n|turn|7\n|inactive|KnockDemAnklez has 30 seconds left.\n|inactive|KnockDemAnklez has 20 seconds left.\n|\n|t:|1776261113\n|switch|p2a: Garchomp|Garchomp, L50, M|100/100\n|move|p1b: Sneasler|Close Combat|p2a: Garchomp\n|-damage|p2a: Garchomp|88/100\n|-unboost|p1b: Sneasler|def|1\n|-unboost|p1b: Sneasler|spd|1\n|-damage|p1b: Sneasler|65/100 brn|[from] ability: Rough Skin|[of] p2a: Garchomp\n|-heal|p1b: Sneasler|67/100 brn|[from] item: Shell Bell|[of] p2a: Garchomp\n|move|p1a: Garchomp|Stomping Tantrum|p2b: Incineroar\n|-supereffective|p2b: Incineroar|1\n|-damage|p2b: Incineroar|20/100\n|move|p2b: Incineroar|Parting Shot|p1a: Garchomp\n|-unboost|p1a: Garchomp|atk|1\n|-unboost|p1a: Garchomp|spa|1\n|\n|t:|1776261129\n|switch|p2b: Tyranitar|Tyranitar-Mega, L50, M|62/100|[from] Parting Shot\n|\n|-weather|Sandstorm|[upkeep]\n|-damage|p1b: Sneasler|62/100 brn|[from] Sandstorm\n|-damage|p1b: Sneasler|56/100 brn|[from] brn\n|-damage|p1a: Garchomp|74/100 brn|[from] brn\n|upkeep\n|turn|8\n|\n|t:|1776261142\n|move|p1a: Garchomp|Protect|p1a: Garchomp\n|-singleturn|p1a: Garchomp|Protect\n|move|p2b: Tyranitar|Protect|p2b: Tyranitar\n|-singleturn|p2b: Tyranitar|Protect\n|move|p2a: Garchomp|Earthquake|p1a: Garchomp|[spread] p1b\n|-activate|p2b: Tyranitar|move: Protect\n|-activate|p1a: Garchomp|move: Protect\n|-supereffective|p1b: Sneasler|1\n|-damage|p1b: Sneasler|0 fnt\n|faint|p1b: Sneasler\n|\n|-weather|none\n|-damage|p1a: Garchomp|68/100 brn|[from] brn\n|upkeep\n|turn|9\n|\n|t:|1776261162\n|switch|p2a: Incineroar|Incineroar, L50, M|20/100\n|-ability|p2a: Incineroar|Intimidate|boost\n|-unboost|p1a: Garchomp|atk|1\n|move|p1a: Garchomp|Stomping Tantrum|p2b: Tyranitar\n|-supereffective|p2b: Tyranitar|1\n|-damage|p2b: Tyranitar|48/100\n|move|p2b: Tyranitar|Knock Off|p1a: Garchomp\n|-damage|p1a: Garchomp|9/100 brn\n|-damage|p2b: Tyranitar|35/100|[from] ability: Rough Skin|[of] p1a: Garchomp\n|-enditem|p1a: Garchomp|Quick Claw|[from] move: Knock Off|[of] p2b: Tyranitar\n|\n|-damage|p1a: Garchomp|3/100 brn|[from] brn\n|upkeep\n|turn|10\n|-message|Relink007 forfeited.\n|\n|win|KnockDemAnklez\n|raw|Relink007's rating: 1081 &rarr; <strong>1055</strong><br />(-26 for losing)\n|raw|KnockDemAnklez's rating: 1013 &rarr; <strong>1058</strong><br />(+45 for winning)\n|l|\u2606Relink007\n|player|p1|\n",
  "uploadtime": 1776261192,
  "views": 22,
  "formatid": "gen9championsvgc2026regma",
  "rating": 1055,
  "private": 0,
  "password": null
}