{
  "id": "gen9championsvgc2026regma-2580682759",
  "format": "[Gen 9 Champions] VGC 2026 Reg M-A",
  "players": [
    "pokebizness",
    "pablol1206"
  ],
  "log": "|j|\u2606pokebizness\n|j|\u2606pablol1206\n|t:|1775923943\n|gametype|doubles\n|player|p1|pokebizness|firebreather|1132\n|player|p2|pablol1206|n|1142\n|gen|9\n|tier|[Gen 9 Champions] VGC 2026 Reg M-A\n|rated|\n|rule|Species Clause: Limit one of each Pok\u00e9mon\n|rule|Item Clause: Limit 1 of each item\n|clearpoke\n|poke|p1|Glimmora, L50, F|\n|poke|p1|Kommo-o, L50, F|\n|poke|p1|Whimsicott, L50, M|\n|poke|p1|Volcarona, L50, F|\n|poke|p1|Tyranitar, L50, F|\n|poke|p1|Basculegion, L50, M|\n|poke|p2|Kangaskhan, L50, F|\n|poke|p2|Milotic, L50, M|\n|poke|p2|Volcarona, L50, M|\n|poke|p2|Tyranitar, L50, M|\n|poke|p2|Sneasler, L50, F|\n|poke|p2|Sinistcha, L50|\n|teampreview|4\n|inactive|Battle timer is ON: inactive players will automatically lose when time's up. (requested by pablol1206)\n|inactive|pokebizness also wants the timer to be on.\n|inactive|pokebizness has 60 seconds left.\n|inactive|pablol1206 has 60 seconds left.\n|l|\u2606pokebizness\n|inactive|pokebizness disconnected and has a minute to reconnect!\n|player|p1|\n|j|\u2606pokebizness\n|inactive|pokebizness reconnected and has 55 seconds left.\n|player|p1|pokebizness|firebreather|\n|inactive|pokebizness has 30 seconds left.\n|inactive|pablol1206 has 30 seconds left.\n|inactive|pokebizness has 20 seconds left.\n|inactive|pokebizness has 15 seconds left.\n|inactive|pablol1206 has 20 seconds left.\n|\n|t:|1775924022\n|teamsize|p1|4\n|teamsize|p2|4\n|start\n|switch|p1a: Whimsicott|Whimsicott, L50, M|100/100\n|switch|p1b: Kommo-o|Kommo-o, L50, F|100/100\n|switch|p2a: Milotic|Milotic, L50, M|100/100\n|switch|p2b: Sneasler|Sneasler, L50, F|100/100\n|turn|1\n|\n|t:|1775924041\n|move|p1a: Whimsicott|Tailwind|p1a: Whimsicott\n|-sidestart|p1: pokebizness|move: Tailwind\n|move|p1b: Kommo-o|Clangorous Soul|p1b: Kommo-o\n|-boost|p1b: Kommo-o|atk|1\n|-boost|p1b: Kommo-o|def|1\n|-boost|p1b: Kommo-o|spa|1\n|-boost|p1b: Kommo-o|spd|1\n|-boost|p1b: Kommo-o|spe|1\n|-damage|p1b: Kommo-o|68/100\n|move|p2b: Sneasler|Dire Claw|p1a: Whimsicott\n|-supereffective|p1a: Whimsicott|2\n|-enditem|p1a: Whimsicott|Focus Sash\n|-damage|p1a: Whimsicott|1/100\n|-status|p1a: Whimsicott|par\n|move|p2a: Milotic|Ice Beam|p1b: Kommo-o\n|-supereffective|p1b: Kommo-o|1\n|-damage|p1b: Kommo-o|28/100\n|-status|p1b: Kommo-o|frz\n|\n|upkeep\n|turn|2\n|c|\u2606pokebizness|....\n|c|\u2606pokebizness|Okay\n|inactive|pokebizness has 30 seconds left.\n|inactive|pablol1206 has 30 seconds left.\n|c|\u2606pablol1206|so lucky\n|c|\u2606pablol1206|ngl\n|inactive|pablol1206 has 20 seconds left.\n|\n|t:|1775924081\n|-curestatus|p1b: Kommo-o|frz|[msg]\n|move|p1b: Kommo-o|Protect|p1b: Kommo-o\n|-singleturn|p1b: Kommo-o|Protect\n|move|p2b: Sneasler|Dire Claw|p1a: Whimsicott\n|-supereffective|p1a: Whimsicott|2\n|-damage|p1a: Whimsicott|0 fnt\n|faint|p1a: Whimsicott\n|move|p2a: Milotic|Ice Beam|p1b: Kommo-o\n|-activate|p1b: Kommo-o|move: Protect\n|\n|upkeep\n|c|\u2606pokebizness|:o\n|\n|t:|1775924099\n|switch|p1a: Tyranitar|Tyranitar, L50, F, shiny|100/100\n|-weather|Sandstorm|[from] ability: Sand Stream|[of] p1a: Tyranitar\n|turn|3\n|\n|t:|1775924111\n|detailschange|p1a: Tyranitar|Tyranitar-Mega, L50, F, shiny\n|-mega|p1a: Tyranitar|Tyranitar|Tyranitarite\n|move|p2b: Sneasler|Protect|p2b: Sneasler\n|-singleturn|p2b: Sneasler|Protect\n|move|p1b: Kommo-o|Clanging Scales|p2b: Sneasler|[spread] p2a\n|-activate|p2b: Sneasler|move: Protect\n|-damage|p2a: Milotic|64/100\n|-unboost|p1b: Kommo-o|def|1\n|move|p1a: Tyranitar|Rock Slide|p2b: Sneasler|[spread] p2a\n|-activate|p2b: Sneasler|move: Protect\n|-damage|p2a: Milotic|27/100\n|-enditem|p2a: Milotic|Sitrus Berry|[eat]\n|-heal|p2a: Milotic|51/100|[from] item: Sitrus Berry\n|move|p2a: Milotic|Scald|p1a: Tyranitar\n|-supereffective|p1a: Tyranitar|1\n|-damage|p1a: Tyranitar|57/100\n|\n|-weather|Sandstorm|[upkeep]\n|-damage|p2b: Sneasler|95/100|[from] Sandstorm\n|-damage|p2a: Milotic|46/100|[from] Sandstorm\n|upkeep\n|turn|4\n|\n|t:|1775924133\n|move|p1b: Kommo-o|Clanging Scales|p2a: Milotic|[spread] p2a,p2b\n|-damage|p2a: Milotic|4/100\n|-damage|p2b: Sneasler|15/100\n|-unboost|p1b: Kommo-o|def|1\n|move|p1a: Tyranitar|Rock Slide|p2b: Sneasler|[spread] p2a,p2b\n|-resisted|p2b: Sneasler|1\n|-damage|p2a: Milotic|0 fnt\n|-damage|p2b: Sneasler|0 fnt\n|faint|p2a: Milotic\n|faint|p2b: Sneasler\n|\n|-weather|Sandstorm|[upkeep]\n|-sideend|p1: pokebizness|move: Tailwind\n|upkeep\n|\n|t:|1775924144\n|switch|p2b: Tyranitar|Tyranitar, L50, M|100/100\n|switch|p2a: Sinistcha|Sinistcha, L50|100/100\n|turn|5\n|\n|t:|1775924166\n|detailschange|p2b: Tyranitar|Tyranitar-Mega, L50, M\n|-mega|p2b: Tyranitar|Tyranitar|Tyranitarite\n|move|p1b: Kommo-o|Protect|p1b: Kommo-o\n|-singleturn|p1b: Kommo-o|Protect\n|move|p2b: Tyranitar|Protect|p2b: Tyranitar\n|-singleturn|p2b: Tyranitar|Protect\n|move|p1a: Tyranitar|Knock Off|p2a: Sinistcha\n|-supereffective|p2a: Sinistcha|1\n|-damage|p2a: Sinistcha|0 fnt\n|-enditem|p2a: Sinistcha|Leftovers|[from] move: Knock Off|[of] p1a: Tyranitar\n|faint|p2a: Sinistcha\n|\n|-weather|Sandstorm|[upkeep]\n|upkeep\n|turn|6\n|c|\u2606pablol1206|ok\n|\n|t:|1775924179\n|move|p1b: Kommo-o|Aura Sphere|p2b: Tyranitar\n|-supereffective|p2b: Tyranitar|2\n|-damage|p2b: Tyranitar|0 fnt\n|faint|p2b: Tyranitar\n|\n|win|pokebizness\n|raw|pokebizness's rating: 1132 &rarr; <strong>1158</strong><br />(+26 for winning)\n|raw|pablol1206's rating: 1142 &rarr; <strong>1116</strong><br />(-26 for losing)\n|l|\u2606pablol1206\n|player|p2|\n|c|\u2606pokebizness|GG man\n",
  "uploadtime": 1775924198,
  "views": 19,
  "formatid": "gen9championsvgc2026regma",
  "rating": 1116,
  "private": 0,
  "password": null
}