{
  "id": "gen9championsvgc2026regma-2588745502",
  "format": "[Gen 9 Champions] VGC 2026 Reg M-A",
  "players": [
    "Pokocholate",
    "kushmaster9001"
  ],
  "log": "|j|\u2606Pokocholate\n|j|\u2606kushmaster9001\n|t:|1776665189\n|gametype|doubles\n|player|p1|Pokocholate|n|1041\n|player|p2|kushmaster9001|2|1072\n|gen|9\n|tier|[Gen 9 Champions] VGC 2026 Reg M-A\n|rated|\n|rule|Species Clause: Limit one of each Pok\u00e9mon\n|rule|Item Clause: Limit 1 of each item\n|clearpoke\n|poke|p1|Hatterene, L50, F|\n|poke|p1|Kingambit, L50, F, shiny|\n|poke|p1|Hydrapple, L50, M|\n|poke|p1|Aurorus, L50, M, shiny|\n|poke|p1|Gallade, L50, M, shiny|\n|poke|p1|Sinistcha, L50|\n|poke|p2|Vanilluxe, L50, F|\n|poke|p2|Hawlucha, L50, M|\n|poke|p2|Aerodactyl, L50, M|\n|poke|p2|Sneasler, L50, F|\n|poke|p2|Dragapult, L50, M|\n|poke|p2|Gallade, L50, M|\n|teampreview|4\n|inactive|Battle timer is ON: inactive players will automatically lose when time's up. (requested by Pokocholate)\n|inactive|Pokocholate has 60 seconds left.\n|inactive|Pokocholate has 30 seconds left.\n|inactive|Pokocholate has 20 seconds left.\n|inactive|Pokocholate has 15 seconds left.\n|\n|t:|1776665265\n|teamsize|p1|4\n|teamsize|p2|4\n|start\n|switch|p1a: Colorinchis|Aurorus, L50, M, shiny|100/100\n|switch|p1b: Gorrito|Hatterene, L50, F|100/100\n|switch|p2a: Aerodactyl|Aerodactyl, L50, M|100/100\n|switch|p2b: Sneasler|Sneasler, L50, F|100/100\n|-ability|p2a: Aerodactyl|Unnerve\n|-weather|Snowscape|[from] ability: Snow Warning|[of] p1a: Colorinchis\n|turn|1\n|inactive|Pokocholate has 30 seconds left.\n|inactive|kushmaster9001 has 30 seconds left.\n|inactive|Pokocholate has 20 seconds left.\n|inactive|kushmaster9001 has 20 seconds left.\n|inactive|Pokocholate has 15 seconds left.\n|inactive|kushmaster9001 has 15 seconds left.\n|\n|t:|1776665309\n|move|p2b: Sneasler|Fake Out|p1b: Gorrito\n|-damage|p1b: Gorrito|83/100\n|move|p2a: Aerodactyl|Rock Slide|p1a: Colorinchis|[spread] p1a,p1b\n|-supereffective|p1a: Colorinchis|1\n|-crit|p1b: Gorrito\n|-damage|p1a: Colorinchis|65/100\n|-damage|p1b: Gorrito|39/100\n|move|p1a: Colorinchis|Ice Beam|p2a: Aerodactyl\n|-supereffective|p2a: Aerodactyl|1\n|-damage|p2a: Aerodactyl|0 fnt\n|faint|p2a: Aerodactyl\n|cant|p1b: Gorrito|flinch\n|\n|-weather|Snowscape|[upkeep]\n|upkeep\n|\n|t:|1776665320\n|switch|p2a: Hawlucha|Hawlucha, L50, M|100/100\n|turn|2\n|\n|t:|1776665342\n|switch|p1a: Chachacha|Sinistcha, L50|100/100\n|-heal|p1b: Gorrito|64/100|[from] ability: Hospitality|[of] p1a: Chachacha\n|switch|p1b: Himmel|Gallade, L50, M, shiny|100/100\n|detailschange|p2a: Hawlucha|Hawlucha-Mega, L50, M\n|-mega|p2a: Hawlucha|Hawlucha|Hawluchanite\n|move|p2a: Hawlucha|Flying Press|p1a: Chachacha\n|-immune|p1a: Chachacha\n|move|p2b: Sneasler|Dire Claw|p1b: Himmel\n|-damage|p1b: Himmel|17/100\n|\n|-weather|Snowscape|[upkeep]\n|upkeep\n|turn|3\n|inactive|Pokocholate has 30 seconds left.\n|inactive|kushmaster9001 has 30 seconds left.\n|inactive|Pokocholate has 20 seconds left.\n|inactive|kushmaster9001 has 20 seconds left.\n|inactive|Pokocholate has 15 seconds left.\n|inactive|Pokocholate has 10 seconds left.\n|inactive|kushmaster9001 has 15 seconds left.\n|inactive|kushmaster9001 has 10 seconds left.\n|\n|t:|1776665401\n|detailschange|p1b: Himmel|Gallade-Mega, L50, M, shiny\n|-mega|p1b: Himmel|Gallade|Galladite\n|move|p1a: Chachacha|Rage Powder|p1a: Chachacha\n|-singleturn|p1a: Chachacha|move: Rage Powder\n|move|p2a: Hawlucha|Poison Jab|p1a: Chachacha\n|-damage|p1a: Chachacha|79/100\n|-status|p1a: Chachacha|psn\n|move|p2b: Sneasler|Dire Claw|p1a: Chachacha\n|-damage|p1a: Chachacha|34/100 psn\n|move|p1b: Himmel|Psycho Cut|p2b: Sneasler\n|-supereffective|p2b: Sneasler|2\n|-damage|p2b: Sneasler|0 fnt\n|faint|p2b: Sneasler\n|\n|-weather|Snowscape|[upkeep]\n|-damage|p1a: Chachacha|22/100 psn|[from] psn\n|upkeep\n|\n|t:|1776665412\n|switch|p2b: Vanilluxe|Vanilluxe, L50, F|100/100\n|turn|4\n|\n|t:|1776665424\n|move|p1a: Chachacha|Rage Powder|p1a: Chachacha\n|-singleturn|p1a: Chachacha|move: Rage Powder\n|move|p2a: Hawlucha|Entrainment|p1a: Chachacha\n|-ability|p1a: Chachacha|No Guard|Hospitality|[from] move: Entrainment|[of] p2a: Hawlucha\n|move|p1b: Himmel|Psycho Cut|p2a: Hawlucha\n|-supereffective|p2a: Hawlucha|1\n|-damage|p2a: Hawlucha|2/100\n|move|p2b: Vanilluxe|Blizzard|p1b: Himmel|[spread] p1a,p1b\n|-supereffective|p1a: Chachacha|1\n|-damage|p1a: Chachacha|0 fnt\n|-damage|p1b: Himmel|0 fnt\n|faint|p1a: Chachacha\n|faint|p1b: Himmel\n|\n|-weather|Snowscape|[upkeep]\n|upkeep\n|\n|t:|1776665441\n|switch|p1b: Colorinchis|Aurorus, L50, M, shiny|65/100\n|switch|p1a: Gorrito|Hatterene, L50, F|64/100\n|turn|5\n|\n|t:|1776665466\n|move|p2a: Hawlucha|Poison Jab|p1a: Gorrito\n|-supereffective|p1a: Gorrito|1\n|-damage|p1a: Gorrito|5/100\n|move|p2b: Vanilluxe|Blizzard|p1b: Colorinchis|[spread] p1a,p1b\n|-resisted|p1b: Colorinchis|1\n|-damage|p1a: Gorrito|0 fnt\n|-damage|p1b: Colorinchis|55/100\n|faint|p1a: Gorrito\n|move|p1b: Colorinchis|Ice Beam|p2a: Hawlucha\n|-supereffective|p2a: Hawlucha|1\n|-damage|p2a: Hawlucha|0 fnt\n|faint|p2a: Hawlucha\n|\n|-weather|none\n|upkeep\n|turn|6\n|\n|t:|1776665489\n|move|p2b: Vanilluxe|Hyper Voice|p1b: Colorinchis\n|-resisted|p1b: Colorinchis|1\n|-damage|p1b: Colorinchis|46/100\n|move|p1b: Colorinchis|Ancient Power|p2b: Vanilluxe\n|-supereffective|p2b: Vanilluxe|1\n|-damage|p2b: Vanilluxe|43/100\n|\n|upkeep\n|turn|7\n|-message|kushmaster9001 forfeited.\n|\n|win|Pokocholate\n|raw|Pokocholate's rating: 1041 &rarr; <strong>1078</strong><br />(+37 for winning)\n|raw|kushmaster9001's rating: 1072 &rarr; <strong>1049</strong><br />(-23 for losing)\n|l|\u2606kushmaster9001\n|player|p2|\n",
  "uploadtime": 1776665499,
  "views": 11,
  "formatid": "gen9championsvgc2026regma",
  "rating": 1049,
  "private": 0,
  "password": null
}