{
  "id": "gen9championsvgc2026regma-2580336025",
  "format": "[Gen 9 Champions] VGC 2026 Reg M-A",
  "players": [
    "aosks",
    "qweralt"
  ],
  "log": "|j|\u2606aosks\n|j|\u2606qweralt\n|t:|1775881988\n|gametype|doubles\n|player|p1|aosks|2|1046\n|player|p2|qweralt|brycenman|1015\n|gen|9\n|tier|[Gen 9 Champions] VGC 2026 Reg M-A\n|rated|\n|rule|Species Clause: Limit one of each Pok\u00e9mon\n|rule|Item Clause: Limit 1 of each item\n|clearpoke\n|poke|p1|Torkoal, L50, F|\n|poke|p1|Sinistcha, L50|\n|poke|p1|Incineroar, L50, M|\n|poke|p1|Starmie, L50|\n|poke|p1|Charizard, L50, F|\n|poke|p1|Hawlucha, L50, M|\n|poke|p2|Hawlucha, L50, M|\n|poke|p2|Excadrill, L50, M|\n|poke|p2|Dragapult, L50, F|\n|poke|p2|Hippowdon, L50, M|\n|poke|p2|Sinistcha-Masterpiece, L50|\n|poke|p2|Torkoal, L50, M|\n|teampreview|4\n|\n|t:|1775882021\n|teamsize|p1|4\n|teamsize|p2|4\n|start\n|switch|p1a: Charizard|Charizard, L50, F|100/100\n|switch|p1b: Torkoal|Torkoal, L50, F|100/100\n|switch|p2a: Hawlucha|Hawlucha, L50, M|100/100\n|switch|p2b: Excadrill|Excadrill, L50, M|100/100\n|-weather|SunnyDay|[from] ability: Drought|[of] p1b: Torkoal\n|turn|1\n|\n|t:|1775882039\n|move|p1b: Torkoal|Helping Hand|p1a: Charizard\n|-singleturn|p1a: Charizard|Helping Hand|[of] p1b: Torkoal\n|move|p2a: Hawlucha|Stone Edge|p1a: Charizard\n|-supereffective|p1a: Charizard|2\n|-damage|p1a: Charizard|0 fnt\n|faint|p1a: Charizard\n|move|p2b: Excadrill|High Horsepower|p1b: Torkoal\n|-supereffective|p1b: Torkoal|1\n|-damage|p1b: Torkoal|16/100\n|\n|-weather|SunnyDay|[upkeep]\n|-heal|p1b: Torkoal|22/100|[from] item: Leftovers\n|upkeep\n|\n|t:|1775882050\n|switch|p1a: Sinistcha|Sinistcha, L50|100/100\n|-heal|p1b: Torkoal|47/100|[from] ability: Hospitality|[of] p1a: Sinistcha\n|turn|2\n|\n|t:|1775882087\n|switch|p2b: Hippowdon|Hippowdon, L50, M|100/100\n|-weather|Sandstorm|[from] ability: Sand Stream|[of] p2b: Hippowdon\n|move|p1b: Torkoal|Protect|p1b: Torkoal\n|-singleturn|p1b: Torkoal|Protect\n|move|p2a: Hawlucha|Entrainment|p2b: Hippowdon\n|-ability|p2b: Hippowdon|Unburden|Sand Stream|[from] move: Entrainment|[of] p2a: Hawlucha\n|move|p1a: Sinistcha|Trick Room|p1a: Sinistcha\n|-fieldstart|move: Trick Room|[of] p1a: Sinistcha\n|\n|-weather|Sandstorm|[upkeep]\n|-damage|p1b: Torkoal|41/100|[from] Sandstorm\n|-damage|p1a: Sinistcha|94/100|[from] Sandstorm\n|-damage|p2a: Hawlucha|95/100|[from] Sandstorm\n|-heal|p1b: Torkoal|47/100|[from] item: Leftovers\n|upkeep\n|turn|3\n|\n|t:|1775882131\n|detailschange|p2a: Hawlucha|Hawlucha-Mega, L50, M\n|-mega|p2a: Hawlucha|Hawlucha|Hawluchanite\n|move|p1b: Torkoal|Protect||[still]\n|-fail|p1b: Torkoal\n|move|p2b: Hippowdon|Protect|p2b: Hippowdon\n|-singleturn|p2b: Hippowdon|Protect\n|move|p1a: Sinistcha|Matcha Gotcha|p2b: Hippowdon|[spread] p2a\n|-activate|p2b: Hippowdon|move: Protect\n|-resisted|p2a: Hawlucha|1\n|-damage|p2a: Hawlucha|77/100\n|-heal|p1a: Sinistcha|100/100|[from] drain|[of] p2a: Hawlucha\n|move|p2a: Hawlucha|Stone Edge|p1b: Torkoal\n|-supereffective|p1b: Torkoal|1\n|-damage|p1b: Torkoal|2/100\n|\n|-weather|Sandstorm|[upkeep]\n|-damage|p1b: Torkoal|0 fnt|[from] Sandstorm\n|-damage|p1a: Sinistcha|94/100|[from] Sandstorm\n|-damage|p2a: Hawlucha|71/100|[from] Sandstorm\n|faint|p1b: Torkoal\n|upkeep\n|\n|t:|1775882144\n|switch|p1b: Hawlucha|Hawlucha, L50, M|100/100\n|-ability|p1b: Hawlucha|Mold Breaker\n|turn|4\n|\n|t:|1775882159\n|move|p2b: Hippowdon|Fissure|p1a: Sinistcha|[miss]\n|-miss|p2b: Hippowdon|p1a: Sinistcha\n|move|p1a: Sinistcha|Matcha Gotcha|p2b: Hippowdon|[spread] p2a,p2b\n|-resisted|p2a: Hawlucha|1\n|-supereffective|p2b: Hippowdon|1\n|-damage|p2a: Hawlucha|52/100\n|-heal|p1a: Sinistcha|100/100|[from] drain|[of] p2a: Hawlucha\n|-damage|p2b: Hippowdon|50/100\n|-status|p2a: Hawlucha|brn\n|-status|p2b: Hippowdon|brn\n|move|p2a: Hawlucha|Entrainment|p2b: Hippowdon\n|-ability|p2b: Hippowdon|No Guard|Unburden|[from] move: Entrainment|[of] p2a: Hawlucha\n|move|p1b: Hawlucha|Entrainment|p2a: Hawlucha\n|-ability|p2a: Hawlucha|Mold Breaker|No Guard|[from] move: Entrainment|[of] p1b: Hawlucha\n|-ability|p2a: Hawlucha|Mold Breaker\n|\n|-weather|Sandstorm|[upkeep]\n|-damage|p1a: Sinistcha|94/100|[from] Sandstorm\n|-damage|p1b: Hawlucha|95/100|[from] Sandstorm\n|-damage|p2a: Hawlucha|47/100 brn|[from] Sandstorm\n|-heal|p2b: Hippowdon|56/100 brn|[from] item: Leftovers\n|-damage|p2b: Hippowdon|50/100 brn|[from] brn\n|-damage|p2a: Hawlucha|41/100 brn|[from] brn\n|upkeep\n|turn|5\n|\n|t:|1775882198\n|move|p1a: Sinistcha|Protect|p1a: Sinistcha\n|-singleturn|p1a: Sinistcha|Protect\n|move|p1b: Hawlucha|Detect|p1b: Hawlucha\n|-singleturn|p1b: Hawlucha|Protect\n|move|p2b: Hippowdon|Fissure|p1a: Sinistcha\n|-activate|p1a: Sinistcha|move: Protect\n|move|p2a: Hawlucha|Stone Edge|p1b: Hawlucha\n|-activate|p1b: Hawlucha|move: Protect\n|\n|-weather|Sandstorm|[upkeep]\n|-damage|p1a: Sinistcha|88/100|[from] Sandstorm\n|-damage|p1b: Hawlucha|89/100|[from] Sandstorm\n|-damage|p2a: Hawlucha|35/100 brn|[from] Sandstorm\n|-heal|p2b: Hippowdon|56/100 brn|[from] item: Leftovers\n|-damage|p2b: Hippowdon|50/100 brn|[from] brn\n|-damage|p2a: Hawlucha|30/100 brn|[from] brn\n|upkeep\n|turn|6\n|\n|t:|1775882224\n|move|p1a: Sinistcha|Protect||[still]\n|-fail|p1a: Sinistcha\n|move|p2a: Hawlucha|Protect|p2a: Hawlucha\n|-singleturn|p2a: Hawlucha|Protect\n|move|p2b: Hippowdon|Fissure|p1a: Sinistcha\n|-damage|p1a: Sinistcha|0 fnt\n|faint|p1a: Sinistcha\n|-ohko\n|move|p1b: Hawlucha|Entrainment|p2b: Hippowdon\n|-ability|p2b: Hippowdon|Mold Breaker|No Guard|[from] move: Entrainment|[of] p1b: Hawlucha\n|-ability|p2b: Hippowdon|Mold Breaker\n|\n|-weather|none\n|-heal|p2b: Hippowdon|56/100 brn|[from] item: Leftovers\n|-damage|p2b: Hippowdon|50/100 brn|[from] brn\n|-damage|p2a: Hawlucha|24/100 brn|[from] brn\n|-fieldend|move: Trick Room\n|upkeep\n|turn|7\n|\n|t:|1775882251\n|switch|p2b: Sinistcha|Sinistcha-Masterpiece, L50|100/100\n|-heal|p2a: Hawlucha|48/100 brn|[from] ability: Hospitality|[of] p2b: Sinistcha\n|move|p1b: Hawlucha|Brave Bird|p2a: Hawlucha\n|-supereffective|p2a: Hawlucha|1\n|-damage|p2a: Hawlucha|0 fnt\n|faint|p2a: Hawlucha\n|-damage|p1b: Hawlucha|71/100|[from] Recoil\n|\n|upkeep\n|\n|t:|1775882264\n|switch|p2a: Excadrill|Excadrill, L50, M|100/100\n|turn|8\n|\n|t:|1775882280\n|move|p2b: Sinistcha|Rage Powder|p2b: Sinistcha\n|-singleturn|p2b: Sinistcha|move: Rage Powder\n|move|p1b: Hawlucha|Close Combat|p2b: Sinistcha\n|-immune|p2b: Sinistcha\n|move|p2a: Excadrill|Iron Head|p1b: Hawlucha\n|-damage|p1b: Hawlucha|8/100\n|\n|upkeep\n|turn|9\n|\n|t:|1775882292\n|move|p2b: Sinistcha|Rage Powder|p2b: Sinistcha\n|-singleturn|p2b: Sinistcha|move: Rage Powder\n|move|p1b: Hawlucha|Entrainment|p2b: Sinistcha\n|-ability|p2b: Sinistcha|Mold Breaker|Hospitality|[from] move: Entrainment|[of] p1b: Hawlucha\n|-ability|p2b: Sinistcha|Mold Breaker\n|move|p2a: Excadrill|Iron Head|p1b: Hawlucha\n|-damage|p1b: Hawlucha|0 fnt\n|faint|p1b: Hawlucha\n|\n|win|qweralt\n|raw|aosks's rating: 1046 &rarr; <strong>1028</strong><br />(-18 for losing)\n|raw|qweralt's rating: 1015 &rarr; <strong>1056</strong><br />(+41 for winning)\n",
  "uploadtime": 1775882294,
  "views": 11,
  "formatid": "gen9championsvgc2026regma",
  "rating": 1028,
  "private": 0,
  "password": null
}