{
  "id": "gen9championsvgc2026regma-2587628162",
  "format": "[Gen 9 Champions] VGC 2026 Reg M-A",
  "players": [
    "takiyako",
    "ShadowS3raph"
  ],
  "log": "|j|\u2606takiyako\n|j|\u2606ShadowS3raph\n|t:|1776548345\n|gametype|doubles\n|player|p1|takiyako|ingo-hisui|1069\n|player|p2|ShadowS3raph|2|1028\n|gen|9\n|tier|[Gen 9 Champions] VGC 2026 Reg M-A\n|rated|\n|rule|Species Clause: Limit one of each Pok\u00e9mon\n|rule|Item Clause: Limit 1 of each item\n|clearpoke\n|poke|p1|Pelipper, L50, M|\n|poke|p1|Archaludon, L50, M|\n|poke|p1|Kommo-o, L50, M|\n|poke|p1|Oranguru, L50, F|\n|poke|p1|Reuniclus, L50, M|\n|poke|p1|Arcanine-Hisui, L50, M|\n|poke|p2|Archaludon, L50, F|\n|poke|p2|Pelipper, L50, M|\n|poke|p2|Gyarados, L50, M|\n|poke|p2|Heliolisk, L50, F|\n|poke|p2|Sinistcha, L50|\n|poke|p2|Scizor, L50, F|\n|teampreview|4\n|inactive|Battle timer is ON: inactive players will automatically lose when time's up. (requested by takiyako)\n|inactive|ShadowS3raph has 60 seconds left.\n|\n|t:|1776548380\n|teamsize|p1|4\n|teamsize|p2|4\n|start\n|switch|p1a: Kommo-o|Kommo-o, L50, M|100/100\n|switch|p1b: Oranguru|Oranguru, L50, F|100/100\n|switch|p2a: Archaludon|Archaludon, L50, F|100/100\n|switch|p2b: Heliolisk|Heliolisk, L50, F|100/100\n|turn|1\n|\n|t:|1776548391\n|move|p2b: Heliolisk|Thunder Wave|p1a: Kommo-o\n|-status|p1a: Kommo-o|par\n|move|p1b: Oranguru|Instruct||[still]\n|-fail|p1b: Oranguru\n|move|p2a: Archaludon|Draco Meteor|p1b: Oranguru\n|-damage|p1b: Oranguru|46/100\n|-unboost|p2a: Archaludon|spa|2\n|move|p1a: Kommo-o|Clangorous Soul|p1a: Kommo-o\n|-boost|p1a: Kommo-o|atk|1\n|-boost|p1a: Kommo-o|def|1\n|-boost|p1a: Kommo-o|spa|1\n|-boost|p1a: Kommo-o|spd|1\n|-boost|p1a: Kommo-o|spe|1\n|-damage|p1a: Kommo-o|68/100 par\n|\n|upkeep\n|turn|2\n|\n|t:|1776548412\n|switch|p2a: Sinistcha|Sinistcha, L50|100/100\n|move|p2b: Heliolisk|Dragon Pulse|p1a: Kommo-o\n|-supereffective|p1a: Kommo-o|1\n|-damage|p1a: Kommo-o|29/100 par\n|-enditem|p1a: Kommo-o|Sitrus Berry|[eat]\n|-heal|p1a: Kommo-o|54/100 par|[from] item: Sitrus Berry\n|-activate|p1b: Oranguru|ability: Symbiosis|Dragon Fang|[of] p1a: Kommo-o\n|move|p1b: Oranguru|Encore|p2b: Heliolisk\n|-start|p2b: Heliolisk|Encore\n|move|p1a: Kommo-o|Clangorous Soul|p1a: Kommo-o\n|-boost|p1a: Kommo-o|atk|1\n|-boost|p1a: Kommo-o|def|1\n|-boost|p1a: Kommo-o|spa|1\n|-boost|p1a: Kommo-o|spd|1\n|-boost|p1a: Kommo-o|spe|1\n|-damage|p1a: Kommo-o|21/100 par\n|\n|upkeep\n|turn|3\n|\n|t:|1776548429\n|move|p2b: Heliolisk|Dragon Pulse|p1a: Kommo-o\n|-supereffective|p1a: Kommo-o|1\n|-damage|p1a: Kommo-o|0 fnt\n|faint|p1a: Kommo-o\n|move|p1b: Oranguru|Skill Swap|p2a: Sinistcha\n|-activate|p1b: Oranguru|Skill Swap|Hospitality|Symbiosis|[of] p2a: Sinistcha\n|move|p2a: Sinistcha|Matcha Gotcha|p1b: Oranguru\n|-damage|p1b: Oranguru|16/100\n|\n|upkeep\n|\n|t:|1776548432\n|switch|p1a: Gumi|Reuniclus, L50, M|100/100\n|turn|4\n|\n|t:|1776548453\n|move|p2b: Heliolisk|Dragon Pulse|p1a: Gumi\n|-damage|p1a: Gumi|73/100\n|move|p2a: Sinistcha|Matcha Gotcha|p1a: Gumi|[spread] p1a,p1b\n|-damage|p1a: Gumi|47/100\n|-damage|p1b: Oranguru|0 fnt\n|faint|p1b: Oranguru\n|move|p1a: Gumi|Psychic|p2b: Heliolisk\n|-damage|p2b: Heliolisk|24/100\n|\n|upkeep\n|\n|t:|1776548459\n|switch|p1b: Archaludon|Archaludon, L50, M|100/100\n|turn|5\n|\n|t:|1776548470\n|move|p2a: Sinistcha|Rage Powder|p2a: Sinistcha\n|-singleturn|p2a: Sinistcha|move: Rage Powder\n|move|p2b: Heliolisk|Dragon Pulse|p1a: Gumi\n|-damage|p1a: Gumi|20/100\n|move|p1b: Archaludon|Dragon Pulse|p2a: Sinistcha\n|-damage|p2a: Sinistcha|63/100\n|move|p1a: Gumi|Recover|p1a: Gumi\n|-heal|p1a: Gumi|70/100\n|\n|-end|p2b: Heliolisk|Encore\n|upkeep\n|turn|6\n|\n|t:|1776548487\n|move|p2a: Sinistcha|Rage Powder|p2a: Sinistcha\n|-singleturn|p2a: Sinistcha|move: Rage Powder\n|move|p2b: Heliolisk|Thunder Wave|p1b: Archaludon\n|-status|p1b: Archaludon|par\n|cant|p1b: Archaludon|par\n|move|p1a: Gumi|Calm Mind|p1a: Gumi\n|-boost|p1a: Gumi|spa|1\n|-boost|p1a: Gumi|spd|1\n|\n|upkeep\n|turn|7\n|\n|t:|1776548498\n|move|p2a: Sinistcha|Rage Powder|p2a: Sinistcha\n|-singleturn|p2a: Sinistcha|move: Rage Powder\n|move|p2b: Heliolisk|Thunder Wave|p1a: Gumi\n|-status|p1a: Gumi|par\n|move|p1b: Archaludon|Dragon Pulse|p2a: Sinistcha\n|-damage|p2a: Sinistcha|22/100\n|move|p1a: Gumi|Psychic|p2a: Sinistcha\n|-damage|p2a: Sinistcha|0 fnt\n|faint|p2a: Sinistcha\n|\n|upkeep\n|\n|t:|1776548507\n|switch|p2a: Gyarados|Gyarados, L50, M|100/100\n|-ability|p2a: Gyarados|Intimidate|boost\n|-unboost|p1a: Gumi|atk|1\n|-unboost|p1b: Archaludon|atk|1\n|turn|8\n|\n|t:|1776548513\n|detailschange|p2a: Gyarados|Gyarados-Mega, L50, M\n|-mega|p2a: Gyarados|Gyarados|Gyaradosite\n|-ability|p2a: Gyarados|Mold Breaker\n|move|p2b: Heliolisk|Dragon Pulse|p1b: Archaludon\n|-damage|p1b: Archaludon|59/100 par\n|-ability|p1b: Archaludon|Stamina|boost\n|-boost|p1b: Archaludon|def|1\n|move|p2a: Gyarados|Crunch|p1a: Gumi\n|-supereffective|p1a: Gumi|1\n|-damage|p1a: Gumi|0 fnt\n|faint|p1a: Gumi\n|move|p1b: Archaludon|Thunderbolt|p2a: Gyarados\n|-supereffective|p2a: Gyarados|1\n|-damage|p2a: Gyarados|46/100\n|\n|-heal|p1b: Archaludon|65/100 par|[from] item: Leftovers\n|upkeep\n|turn|9\n|\n|t:|1776548531\n|switch|p2a: Archaludon|Archaludon, L50, F|100/100\n|move|p2b: Heliolisk|Dragon Pulse|p1b: Archaludon\n|-damage|p1b: Archaludon|24/100 par\n|-ability|p1b: Archaludon|Stamina|boost\n|-boost|p1b: Archaludon|def|1\n|move|p1b: Archaludon|Thunderbolt|p2a: Archaludon\n|-resisted|p2a: Archaludon|1\n|-damage|p2a: Archaludon|83/100\n|-ability|p2a: Archaludon|Stamina|boost\n|-boost|p2a: Archaludon|def|1\n|\n|-heal|p2a: Archaludon|89/100|[from] item: Leftovers\n|-heal|p1b: Archaludon|30/100 par|[from] item: Leftovers\n|upkeep\n|turn|10\n|\n|t:|1776548549\n|move|p2a: Archaludon|Protect|p2a: Archaludon\n|-singleturn|p2a: Archaludon|Protect\n|move|p2b: Heliolisk|Dragon Pulse|p1b: Archaludon\n|-damage|p1b: Archaludon|0 fnt\n|faint|p1b: Archaludon\n|\n|win|ShadowS3raph\n|raw|takiyako's rating: 1069 &rarr; <strong>1046</strong><br />(-23 for losing)\n|raw|ShadowS3raph's rating: 1028 &rarr; <strong>1068</strong><br />(+40 for winning)\n|l|\u2606takiyako\n|player|p1|\n",
  "uploadtime": 1776548565,
  "views": 22,
  "formatid": "gen9championsvgc2026regma",
  "rating": 1046,
  "private": 0,
  "password": null
}