{
  "id": "gen9championsvgc2026regma-2581606122",
  "format": "[Gen 9 Champions] VGC 2026 Reg M-A",
  "players": [
    "ZenzyXIII",
    "kuronekoMia"
  ],
  "log": "|j|\u2606ZenzyXIII\n|j|\u2606kuronekoMia\n|t:|1776014599\n|gametype|doubles\n|player|p1|ZenzyXIII|pokemonranger-gen4|1000\n|player|p2|kuronekoMia|caitlin|1096\n|gen|9\n|tier|[Gen 9 Champions] VGC 2026 Reg M-A\n|rated|\n|rule|Species Clause: Limit one of each Pok\u00e9mon\n|rule|Item Clause: Limit 1 of each item\n|clearpoke\n|poke|p1|Feraligatr, L50, M|\n|poke|p1|Meowstic, L50, M|\n|poke|p1|Talonflame, L50, M|\n|poke|p1|Aegislash, L50, M|\n|poke|p1|Gallade, L50, M|\n|poke|p1|Lycanroc, L50, F|\n|poke|p2|Aerodactyl, L50, M|\n|poke|p2|Incineroar, L50, M|\n|poke|p2|Floette-Eternal, L50, F|\n|poke|p2|Basculegion, L50, M|\n|poke|p2|Garchomp, L50, M|\n|poke|p2|Sneasler, L50, F|\n|teampreview|4\n|\n|t:|1776014629\n|teamsize|p1|4\n|teamsize|p2|4\n|start\n|switch|p1a: KFC|Talonflame, L50, M|100/100\n|switch|p1b: Milo|Meowstic, L50, M|100/100\n|switch|p2a: Incineroar|Incineroar, L50, M|100/100\n|switch|p2b: Floette|Floette-Eternal, L50, F|100/100\n|-ability|p2a: Incineroar|Intimidate|boost\n|-unboost|p1a: KFC|atk|1\n|-unboost|p1b: Milo|atk|1\n|turn|1\n|\n|t:|1776014652\n|detailschange|p2b: Floette|Floette-Mega, L50, F\n|-mega|p2b: Floette|Floette|Floettite\n|-ability|p2b: Floette|Fairy Aura\n|move|p2a: Incineroar|Fake Out|p1b: Milo\n|-damage|p1b: Milo|89/100\n|move|p1a: KFC|Tailwind|p1a: KFC\n|-sidestart|p1: ZenzyXIII|move: Tailwind\n|cant|p1b: Milo|flinch\n|move|p2b: Floette|Light of Ruin|p1b: Milo\n|-damage|p1b: Milo|0 fnt\n|faint|p1b: Milo\n|-damage|p2b: Floette|48/100|[from] Recoil\n|\n|upkeep\n|\n|t:|1776014666\n|switch|p1b: Blade|Gallade, L50, M, shiny|100/100\n|turn|2\n|\n|t:|1776014687\n|move|p2b: Floette|Protect|p2b: Floette\n|-singleturn|p2b: Floette|Protect\n|move|p1a: KFC|Substitute|p1a: KFC\n|-start|p1a: KFC|Substitute\n|-damage|p1a: KFC|75/100\n|move|p1b: Blade|Psycho Cut|p2b: Floette\n|-activate|p2b: Floette|move: Protect\n|move|p2a: Incineroar|Parting Shot|p1b: Blade\n|-unboost|p1b: Blade|atk|1\n|-unboost|p1b: Blade|spa|1\n|\n|t:|1776014698\n|switch|p2a: Aerodactyl|Aerodactyl, L50, M|100/100|[from] Parting Shot\n|-ability|p2a: Aerodactyl|Unnerve\n|\n|-heal|p1a: KFC|82/100|[from] item: Leftovers\n|upkeep\n|turn|3\n|\n|t:|1776014710\n|switch|p1a: Fin|Feraligatr, L50, M|100/100\n|switch|p2b: Incineroar|Incineroar, L50, M|100/100\n|-ability|p2b: Incineroar|Intimidate|boost\n|-unboost|p1a: Fin|atk|1\n|-unboost|p1b: Blade|atk|1\n|move|p1b: Blade|Psycho Cut|p2b: Incineroar\n|-immune|p2b: Incineroar\n|move|p2a: Aerodactyl|Tailwind|p2a: Aerodactyl\n|-sidestart|p2: kuronekoMia|move: Tailwind\n|\n|upkeep\n|turn|4\n|\n|t:|1776014746\n|move|p2b: Incineroar|Fake Out|p1a: Fin\n|-damage|p1a: Fin|89/100\n|move|p2a: Aerodactyl|Dual Wingbeat|p1b: Blade\n|-supereffective|p1b: Blade|1\n|-damage|p1b: Blade|51/100\n|-supereffective|p1b: Blade|1\n|-damage|p1b: Blade|2/100\n|-hitcount|p1b: Blade|2\n|cant|p1a: Fin|flinch\n|move|p1b: Blade|Agility|p1b: Blade\n|-boost|p1b: Blade|spe|2\n|\n|-sideend|p1: ZenzyXIII|move: Tailwind\n|upkeep\n|turn|5\n|\n|t:|1776014783\n|move|p2b: Incineroar|Helping Hand|p2a: Aerodactyl\n|-singleturn|p2a: Aerodactyl|Helping Hand|[of] p2b: Incineroar\n|move|p1b: Blade|Protect|p1b: Blade\n|-singleturn|p1b: Blade|Protect\n|move|p2a: Aerodactyl|Rock Slide|p1a: Fin|[spread] p1a\n|-activate|p1b: Blade|move: Protect\n|-damage|p1a: Fin|55/100\n|move|p1a: Fin|Waterfall|p2a: Aerodactyl\n|-supereffective|p2a: Aerodactyl|1\n|-damage|p2a: Aerodactyl|14/100\n|\n|upkeep\n|turn|6\n|\n|t:|1776014836\n|detailschange|p1b: Blade|Gallade-Mega, L50, M, shiny\n|-mega|p1b: Blade|Gallade|Galladite\n|move|p2a: Aerodactyl|Protect|p2a: Aerodactyl\n|-singleturn|p2a: Aerodactyl|Protect\n|move|p1b: Blade|Psycho Cut|p2a: Aerodactyl\n|-activate|p2a: Aerodactyl|move: Protect\n|move|p2b: Incineroar|Flare Blitz|p1b: Blade\n|-damage|p1b: Blade|0 fnt\n|faint|p1b: Blade\n|-damage|p2b: Incineroar|99/100|[from] Recoil\n|move|p1a: Fin|Waterfall|p2b: Incineroar\n|-supereffective|p2b: Incineroar|1\n|-damage|p2b: Incineroar|47/100\n|-enditem|p2b: Incineroar|Sitrus Berry|[eat]\n|-heal|p2b: Incineroar|71/100|[from] item: Sitrus Berry\n|\n|-sideend|p2: kuronekoMia|move: Tailwind\n|upkeep\n|\n|t:|1776014851\n|switch|p1b: KFC|Talonflame, L50, M|82/100\n|turn|7\n|\n|t:|1776014880\n|move|p2a: Aerodactyl|Tailwind|p2a: Aerodactyl\n|-sidestart|p2: kuronekoMia|move: Tailwind\n|move|p2b: Incineroar|Parting Shot|p1b: KFC\n|-unboost|p1b: KFC|atk|1\n|-unboost|p1b: KFC|spa|1\n|\n|t:|1776014885\n|switch|p2b: Garchomp|Garchomp, L50, M|100/100|[from] Parting Shot\n|move|p1b: KFC|Taunt|p2b: Garchomp\n|-start|p2b: Garchomp|move: Taunt\n|move|p1a: Fin|Waterfall|p2a: Aerodactyl\n|-supereffective|p2a: Aerodactyl|1\n|-damage|p2a: Aerodactyl|0 fnt\n|faint|p2a: Aerodactyl\n|\n|-heal|p1b: KFC|88/100|[from] item: Leftovers\n|upkeep\n|\n|t:|1776014898\n|switch|p2a: Floette|Floette-Mega, L50, F|48/100\n|-ability|p2a: Floette|Fairy Aura\n|turn|8\n|\n|t:|1776014912\n|move|p2b: Garchomp|Rock Slide|p1b: KFC|[spread] p1a,p1b\n|-supereffective|p1b: KFC|2\n|-damage|p1a: Fin|37/100\n|-damage|p1b: KFC|0 fnt\n|faint|p1b: KFC\n|move|p2a: Floette|Moonblast|p1a: Fin\n|-damage|p1a: Fin|0 fnt\n|faint|p1a: Fin\n|\n|win|kuronekoMia\n|raw|ZenzyXIII's rating: 1000 &rarr; <strong>1000</strong><br />(+0 for losing)\n|raw|kuronekoMia's rating: 1096 &rarr; <strong>1115</strong><br />(+19 for winning)\n|l|\u2606ZenzyXIII\n|player|p1|\n",
  "uploadtime": 1776014928,
  "views": 24,
  "formatid": "gen9championsvgc2026regma",
  "rating": 1000,
  "private": 0,
  "password": null
}