{
  "id": "gen9championsvgc2026regma-2586765793",
  "format": "[Gen 9 Champions] VGC 2026 Reg M-A",
  "players": [
    "PandaOLord",
    "Thrills123"
  ],
  "log": "|j|\u2606PandaOLord\n|j|\u2606Thrills123\n|t:|1776458181\n|gametype|doubles\n|player|p1|PandaOLord|169|1016\n|player|p2|Thrills123|265|1113\n|gen|9\n|tier|[Gen 9 Champions] VGC 2026 Reg M-A\n|rated|\n|rule|Species Clause: Limit one of each Pok\u00e9mon\n|rule|Item Clause: Limit 1 of each item\n|clearpoke\n|poke|p1|Ninetales-Alola, L50, F|\n|poke|p1|Sylveon, L50, M|\n|poke|p1|Incineroar, L50, M|\n|poke|p1|Garchomp, L50, F|\n|poke|p1|Talonflame, L50, M|\n|poke|p1|Rotom-Wash, L50|\n|poke|p2|Decidueye-Hisui, L50, M|\n|poke|p2|Mimikyu, L50, M|\n|poke|p2|Milotic, L50, F|\n|poke|p2|Basculegion, L50, M|\n|poke|p2|Farigiraf, L50, F|\n|poke|p2|Scizor, L50, M|\n|teampreview|4\n|\n|t:|1776458209\n|teamsize|p1|4\n|teamsize|p2|4\n|start\n|switch|p1a: Landshark|Garchomp, L50, F|100/100\n|switch|p1b: Firebird|Talonflame, L50, M|100/100\n|switch|p2a: Decidueye|Decidueye-Hisui, L50, M|100/100\n|switch|p2b: Mimikyu|Mimikyu, L50, M|100/100\n|turn|1\n|\n|t:|1776458221\n|move|p2a: Decidueye|Protect|p2a: Decidueye\n|-singleturn|p2a: Decidueye|Protect\n|move|p1b: Firebird|Tailwind|p1b: Firebird\n|-sidestart|p1: PandaOLord|move: Tailwind\n|move|p1a: Landshark|Stealth Rock|p2b: Mimikyu\n|-sidestart|p2: Thrills123|move: Stealth Rock\n|move|p2b: Mimikyu|Trick Room|p2b: Mimikyu\n|-fieldstart|move: Trick Room|[of] p2b: Mimikyu\n|\n|upkeep\n|turn|2\n|\n|t:|1776458245\n|switch|p2a: Milotic|Milotic, L50, F|100/100\n|-damage|p2a: Milotic|88/100|[from] Stealth Rock\n|move|p2b: Mimikyu|Will-O-Wisp|p1a: Landshark\n|-status|p1a: Landshark|brn\n|move|p1a: Landshark|Brick Break|p2a: Milotic\n|-damage|p2a: Milotic|77/100\n|move|p1b: Firebird|Flamethrower|p2a: Milotic\n|-resisted|p2a: Milotic|1\n|-damage|p2a: Milotic|68/100\n|-status|p2a: Milotic|brn\n|\n|-heal|p2a: Milotic|74/100 brn|[from] item: Leftovers\n|-damage|p2a: Milotic|68/100 brn|[from] brn\n|-damage|p1a: Landshark|94/100 brn|[from] brn\n|upkeep\n|turn|3\n|inactive|Battle timer is ON: inactive players will automatically lose when time's up. (requested by Thrills123)\n|\n|t:|1776458294\n|switch|p1b: Pink-Bean|Sylveon, L50, M|100/100\n|move|p2a: Milotic|Muddy Water|p1b: Pink-Bean|[spread] p1a,p1b\n|-damage|p1a: Landshark|72/100 brn\n|-damage|p1b: Pink-Bean|82/100\n|move|p2b: Mimikyu|Play Rough|p1a: Landshark\n|-supereffective|p1a: Landshark|1\n|-damage|p1a: Landshark|15/100 brn\n|-damage|p2b: Mimikyu|88/100|[from] ability: Rough Skin|[of] p1a: Landshark\n|move|p1a: Landshark|Dragon Tail|p2a: Milotic\n|-damage|p2a: Milotic|56/100 brn\n|drag|p2a: Basculegion|Basculegion, L50, M|100/100\n|-damage|p2a: Basculegion|88/100|[from] Stealth Rock\n|\n|-damage|p1a: Landshark|9/100 brn|[from] brn\n|upkeep\n|turn|4\n|inactive|PandaOLord has 30 seconds left.\n|inactive|Thrills123 has 30 seconds left.\n|inactive|PandaOLord has 20 seconds left.\n|\n|t:|1776458331\n|move|p2a: Basculegion|Wave Crash|p1b: Pink-Bean\n|-damage|p1b: Pink-Bean|0 fnt\n|faint|p1b: Pink-Bean\n|-damage|p2a: Basculegion|68/100|[from] Recoil\n|move|p2b: Mimikyu|Shadow Claw|p1a: Landshark\n|-damage|p1a: Landshark|0 fnt\n|-damage|p2b: Mimikyu|76/100|[from] ability: Rough Skin|[of] p1a: Landshark\n|faint|p1a: Landshark\n|\n|-sideend|p1: PandaOLord|move: Tailwind\n|upkeep\n|\n|t:|1776458342\n|switch|p1b: WashingMachine|Rotom-Wash, L50|100/100\n|switch|p1a: Firebird|Talonflame, L50, M|100/100\n|turn|5\n|\n|t:|1776458352\n|move|p1a: Firebird|Tailwind|p1a: Firebird\n|-sidestart|p1: PandaOLord|move: Tailwind\n|move|p2a: Basculegion|Wave Crash|p1a: Firebird\n|-supereffective|p1a: Firebird|1\n|-damage|p1a: Firebird|0 fnt\n|faint|p1a: Firebird\n|-damage|p2a: Basculegion|41/100|[from] Recoil\n|move|p2b: Mimikyu|Play Rough|p1b: WashingMachine\n|-damage|p1b: WashingMachine|64/100\n|move|p1b: WashingMachine|Reflect|p1b: WashingMachine\n|-sidestart|p1: PandaOLord|Reflect\n|\n|-heal|p1b: WashingMachine|70/100|[from] item: Leftovers\n|-fieldend|move: Trick Room\n|upkeep\n|turn|6\n|\n|t:|1776458368\n|move|p1b: WashingMachine|Volt Switch|p2a: Basculegion\n|-supereffective|p2a: Basculegion|1\n|-damage|p2a: Basculegion|0 fnt\n|faint|p2a: Basculegion\n|move|p2b: Mimikyu|Play Rough|p1b: WashingMachine\n|-damage|p1b: WashingMachine|44/100\n|\n|-heal|p1b: WashingMachine|50/100|[from] item: Leftovers\n|upkeep\n|\n|t:|1776458371\n|switch|p2a: Decidueye|Decidueye-Hisui, L50, M|100/100\n|-damage|p2a: Decidueye|94/100|[from] Stealth Rock\n|turn|7\n|\n|t:|1776458383\n|move|p2a: Decidueye|Protect|p2a: Decidueye\n|-singleturn|p2a: Decidueye|Protect\n|move|p1b: WashingMachine|Hydro Pump|p2b: Mimikyu\n|-activate|p2b: Mimikyu|ability: Disguise\n|-damage|p2b: Mimikyu|76/100\n|detailschange|p2b: Mimikyu|Mimikyu-Busted, L50, M\n|-damage|p2b: Mimikyu|63/100|[from] pokemon: Mimikyu-Busted\n|move|p2b: Mimikyu|Trick Room|p2b: Mimikyu\n|-fieldstart|move: Trick Room|[of] p2b: Mimikyu\n|\n|-heal|p1b: WashingMachine|56/100|[from] item: Leftovers\n|upkeep\n|turn|8\n|\n|t:|1776458396\n|move|p2a: Decidueye|Leaf Blade|p1b: WashingMachine\n|-supereffective|p1b: WashingMachine|1\n|-crit|p1b: WashingMachine\n|-damage|p1b: WashingMachine|0 fnt\n|faint|p1b: WashingMachine\n|\n|win|Thrills123\n|raw|PandaOLord's rating: 1016 &rarr; <strong>1007</strong><br />(-9 for losing)\n|raw|Thrills123's rating: 1113 &rarr; <strong>1131</strong><br />(+18 for winning)\n|l|\u2606PandaOLord\n|player|p1|\n",
  "uploadtime": 1776458402,
  "views": 39,
  "formatid": "gen9championsvgc2026regma",
  "rating": 1007,
  "private": 0,
  "password": null
}