{
  "id": "gen9championsvgc2026regma-2585366606",
  "format": "[Gen 9 Champions] VGC 2026 Reg M-A",
  "players": [
    "Rworwo",
    "Luh_simoes-04"
  ],
  "log": "|j|\u2606Rworwo\n|j|\u2606Luh_simoes-04\n|t:|1776341783\n|gametype|doubles\n|player|p1|Rworwo|pokefan|1334\n|player|p2|Luh_simoes-04|drayden|1331\n|gen|9\n|tier|[Gen 9 Champions] VGC 2026 Reg M-A\n|rated|\n|rule|Species Clause: Limit one of each Pok\u00e9mon\n|rule|Item Clause: Limit 1 of each item\n|clearpoke\n|poke|p1|Ampharos, L50, F|\n|poke|p1|Farigiraf, L50, F|\n|poke|p1|Basculegion, L50, M|\n|poke|p1|Lucario, L50, M|\n|poke|p1|Pelipper, L50, M|\n|poke|p1|Clefable, L50, F|\n|poke|p2|Farigiraf, L50, F|\n|poke|p2|Kingambit, L50, F|\n|poke|p2|Gardevoir, L50, F|\n|poke|p2|Chandelure, L50, F|\n|poke|p2|Incineroar, L50, M|\n|poke|p2|Corviknight, L50, M|\n|teampreview|4\n|inactive|Battle timer is ON: inactive players will automatically lose when time's up. (requested by Luh_simoes-04)\n|inactive|Rworwo also wants the timer to be on.\n|inactive|Rworwo has 60 seconds left.\n|\n|t:|1776341823\n|teamsize|p1|4\n|teamsize|p2|4\n|start\n|switch|p1a: Lucario|Lucario, L50, M, shiny|100/100\n|switch|p1b: Basculegion|Basculegion, L50, M|100/100\n|switch|p2a: Kingambit|Kingambit, L50, F|100/100\n|switch|p2b: Corviknight|Corviknight, L50, M|100/100\n|turn|1\n|inactive|Rworwo has 30 seconds left.\n|\n|t:|1776341853\n|switch|p1b: Pelipper|Pelipper, L50, M, shiny|100/100\n|-weather|RainDance|[from] ability: Drizzle|[of] p1b: Pelipper\n|switch|p2b: Incineroar|Incineroar, L50, M|100/100\n|-ability|p2b: Incineroar|Intimidate|boost\n|-unboost|p1a: Lucario|atk|1\n|-unboost|p1b: Pelipper|atk|1\n|switch|p2a: Gardevoir|Gardevoir, L50, F|100/100\n|-ability|p2a: Gardevoir|Drizzle|Trace|[from] ability: Trace|[of] p1b: Pelipper\n|detailschange|p1a: Lucario|Lucario-Mega, L50, M, shiny\n|-mega|p1a: Lucario|Lucario|Lucarionite\n|move|p1a: Lucario|Aura Sphere|p2b: Incineroar\n|-supereffective|p2b: Incineroar|1\n|-enditem|p2b: Incineroar|Chople Berry|[eat]\n|-enditem|p2b: Incineroar|Chople Berry|[weaken]\n|-damage|p2b: Incineroar|53/100\n|\n|-weather|RainDance|[upkeep]\n|upkeep\n|turn|2\n|inactive|Rworwo has 30 seconds left.\n|inactive|Luh_simoes-04 has 30 seconds left.\n|\n|t:|1776341886\n|move|p1a: Lucario|Protect|p1a: Lucario\n|-singleturn|p1a: Lucario|Protect\n|move|p2b: Incineroar|Fake Out|p1a: Lucario\n|-activate|p1a: Lucario|move: Protect\n|move|p1b: Pelipper|Hurricane|p2a: Gardevoir\n|-damage|p2a: Gardevoir|66/100\n|-start|p2a: Gardevoir|confusion\n|-activate|p2a: Gardevoir|confusion\n|move|p2a: Gardevoir|Trick Room|p2a: Gardevoir\n|-fieldstart|move: Trick Room|[of] p2a: Gardevoir\n|\n|-weather|RainDance|[upkeep]\n|upkeep\n|turn|3\n|\n|t:|1776341899\n|switch|p1a: Clefable|Clefable, L50, F, shiny|100/100\n|detailschange|p2a: Gardevoir|Gardevoir-Mega, L50, F\n|-mega|p2a: Gardevoir|Gardevoir|Gardevoirite\n|move|p2b: Incineroar|Parting Shot|p1a: Clefable\n|-unboost|p1a: Clefable|atk|1\n|-unboost|p1a: Clefable|spa|1\n|\n|t:|1776341907\n|switch|p2b: Corviknight|Corviknight, L50, M|100/100|[from] Parting Shot\n|move|p1b: Pelipper|Hurricane|p2a: Gardevoir\n|-damage|p2a: Gardevoir|36/100\n|-end|p2a: Gardevoir|confusion\n|move|p2a: Gardevoir|Hyper Voice|p1a: Clefable|[spread] p1a,p1b\n|-damage|p1a: Clefable|57/100\n|-damage|p1b: Pelipper|17/100\n|-enditem|p1b: Pelipper|Sitrus Berry|[eat]\n|-heal|p1b: Pelipper|42/100|[from] item: Sitrus Berry\n|\n|-weather|RainDance|[upkeep]\n|-heal|p1a: Clefable|63/100|[from] item: Leftovers\n|upkeep\n|turn|4\n|inactive|Rworwo has 30 seconds left.\n|\n|t:|1776341935\n|move|p1a: Clefable|Protect|p1a: Clefable\n|-singleturn|p1a: Clefable|Protect\n|move|p1b: Pelipper|Protect|p1b: Pelipper\n|-singleturn|p1b: Pelipper|Protect\n|move|p2a: Gardevoir|Protect|p2a: Gardevoir\n|-singleturn|p2a: Gardevoir|Protect\n|move|p2b: Corviknight|Iron Defense|p2b: Corviknight\n|-boost|p2b: Corviknight|def|2\n|\n|-weather|RainDance|[upkeep]\n|-heal|p1a: Clefable|69/100|[from] item: Leftovers\n|upkeep\n|turn|5\n|\n|t:|1776341948\n|switch|p2a: Kingambit|Kingambit, L50, F|100/100\n|move|p1a: Clefable|Encore|p2b: Corviknight\n|-start|p2b: Corviknight|Encore\n|move|p1b: Pelipper|Hurricane|p2a: Kingambit\n|-resisted|p2a: Kingambit|1\n|-damage|p2a: Kingambit|82/100\n|-start|p2a: Kingambit|confusion\n|move|p2b: Corviknight|Iron Defense|p2b: Corviknight\n|-boost|p2b: Corviknight|def|2\n|\n|-weather|none\n|-heal|p1a: Clefable|75/100|[from] item: Leftovers\n|upkeep\n|turn|6\n|\n|t:|1776341969\n|switch|p1b: Lucario|Lucario-Mega, L50, M, shiny|100/100\n|move|p1a: Clefable|Follow Me|p1a: Clefable\n|-singleturn|p1a: Clefable|move: Follow Me\n|-activate|p2a: Kingambit|confusion\n|-damage|p2a: Kingambit|70/100|[from] confusion\n|move|p2b: Corviknight|Iron Defense|p2b: Corviknight\n|-boost|p2b: Corviknight|def|2\n|\n|-heal|p1a: Clefable|81/100|[from] item: Leftovers\n|-fieldend|move: Trick Room\n|upkeep\n|turn|7\n|inactive|Rworwo has 30 seconds left.\n|inactive|Rworwo has 20 seconds left.\n|\n|t:|1776342006\n|switch|p2a: Gardevoir|Gardevoir-Mega, L50, F|36/100\n|move|p1a: Clefable|Follow Me|p1a: Clefable\n|-singleturn|p1a: Clefable|move: Follow Me\n|move|p1b: Lucario|Aura Sphere|p2b: Corviknight\n|-damage|p2b: Corviknight|43/100\n|move|p2b: Corviknight|Iron Defense|p2b: Corviknight\n|-boost|p2b: Corviknight|def|0\n|\n|-heal|p2b: Corviknight|49/100|[from] item: Leftovers\n|-heal|p1a: Clefable|87/100|[from] item: Leftovers\n|-end|p2b: Corviknight|Encore\n|upkeep\n|turn|8\n|\n|t:|1776342020\n|move|p1a: Clefable|Follow Me|p1a: Clefable\n|-singleturn|p1a: Clefable|move: Follow Me\n|move|p1b: Lucario|Flash Cannon|p2a: Gardevoir\n|-supereffective|p2a: Gardevoir|1\n|-damage|p2a: Gardevoir|0 fnt\n|faint|p2a: Gardevoir\n|move|p2b: Corviknight|Body Press|p1a: Clefable\n|-resisted|p1a: Clefable|1\n|-damage|p1a: Clefable|75/100\n|\n|-heal|p2b: Corviknight|55/100|[from] item: Leftovers\n|-heal|p1a: Clefable|81/100|[from] item: Leftovers\n|upkeep\n|\n|t:|1776342026\n|switch|p2a: Incineroar|Incineroar, L50, M|53/100\n|-ability|p2a: Incineroar|Intimidate|boost\n|-unboost|p1a: Clefable|atk|1\n|-unboost|p1b: Lucario|atk|1\n|turn|9\n|\n|t:|1776342037\n|move|p1b: Lucario|Protect|p1b: Lucario\n|-singleturn|p1b: Lucario|Protect\n|move|p1a: Clefable|Protect|p1a: Clefable\n|-singleturn|p1a: Clefable|Protect\n|move|p2a: Incineroar|Fake Out|p1a: Clefable\n|-activate|p1a: Clefable|move: Protect\n|move|p2b: Corviknight|Body Press|p1b: Lucario\n|-activate|p1b: Lucario|move: Protect\n|\n|-heal|p2b: Corviknight|60/100|[from] item: Leftovers\n|-heal|p1a: Clefable|87/100|[from] item: Leftovers\n|upkeep\n|turn|10\n|\n|t:|1776342049\n|move|p1a: Clefable|Follow Me|p1a: Clefable\n|-singleturn|p1a: Clefable|move: Follow Me\n|move|p1b: Lucario|Aura Sphere|p2a: Incineroar\n|-supereffective|p2a: Incineroar|1\n|-damage|p2a: Incineroar|0 fnt\n|faint|p2a: Incineroar\n|move|p2b: Corviknight|Body Press|p1a: Clefable\n|-resisted|p1a: Clefable|1\n|-damage|p1a: Clefable|76/100\n|\n|-heal|p2b: Corviknight|66/100|[from] item: Leftovers\n|-heal|p1a: Clefable|82/100|[from] item: Leftovers\n|upkeep\n|-message|Luh_simoes-04 forfeited.\n|\n|win|Rworwo\n|raw|Rworwo's rating: 1334 &rarr; <strong>1354</strong><br />(+20 for winning)\n|raw|Luh_simoes-04's rating: 1331 &rarr; <strong>1311</strong><br />(-20 for losing)\n|l|\u2606Luh_simoes-04\n|player|p2|\n",
  "uploadtime": 1776342064,
  "views": 36,
  "formatid": "gen9championsvgc2026regma",
  "rating": 1311,
  "private": 0,
  "password": null
}