{
  "id": "gen9championsvgc2026regma-2588579220",
  "format": "[Gen 9 Champions] VGC 2026 Reg M-A",
  "players": [
    "DannyMcCake",
    "CellEnder"
  ],
  "log": "|j|\u2606DannyMcCake\n|j|\u2606CellEnder\n|t:|1776646869\n|gametype|doubles\n|player|p1|DannyMcCake|hiker-gen4|1131\n|player|p2|CellEnder|169|1137\n|gen|9\n|tier|[Gen 9 Champions] VGC 2026 Reg M-A\n|rated|\n|rule|Species Clause: Limit one of each Pok\u00e9mon\n|rule|Item Clause: Limit 1 of each item\n|clearpoke\n|poke|p1|Dragapult, L50, F|\n|poke|p1|Chimecho, L50, F|\n|poke|p1|Sinistcha, L50|\n|poke|p1|Kingambit, L50, M|\n|poke|p1|Sneasler, L50, F|\n|poke|p1|Garchomp, L50, F|\n|poke|p2|Pikachu, L50, F|\n|poke|p2|Blastoise, L50, M|\n|poke|p2|Talonflame, L50, F|\n|poke|p2|Garchomp, L50, F|\n|poke|p2|Corviknight, L50, F|\n|poke|p2|Incineroar, L50, F|\n|teampreview|4\n|inactive|Battle timer is ON: inactive players will automatically lose when time's up. (requested by DannyMcCake)\n|\n|t:|1776646904\n|teamsize|p1|4\n|teamsize|p2|4\n|start\n|switch|p1a: Dragapult|Dragapult, L50, F|100/100\n|switch|p1b: Kingambit|Kingambit, L50, M|100/100\n|switch|p2a: Talonflame|Talonflame, L50, F|100/100\n|switch|p2b: Garchomp|Garchomp, L50, F|100/100\n|turn|1\n|\n|t:|1776646920\n|move|p2a: Talonflame|Tailwind|p2a: Talonflame\n|-sidestart|p2: CellEnder|move: Tailwind\n|move|p2b: Garchomp|Dragon Claw|p1a: Dragapult\n|-supereffective|p1a: Dragapult|1\n|-damage|p1a: Dragapult|0 fnt\n|faint|p1a: Dragapult\n|move|p1b: Kingambit|Swords Dance|p1b: Kingambit\n|-boost|p1b: Kingambit|atk|2\n|\n|upkeep\n|\n|t:|1776646927\n|switch|p1a: Chimecho|Chimecho, L50, F|100/100\n|turn|2\n|\n|t:|1776646946\n|detailschange|p1a: Chimecho|Chimecho-Mega, L50, F\n|-mega|p1a: Chimecho|Chimecho|Chimechite\n|move|p2b: Garchomp|Protect|p2b: Garchomp\n|-singleturn|p2b: Garchomp|Protect\n|move|p1b: Kingambit|Sucker Punch||[still]\n|-fail|p1b: Kingambit\n|move|p2a: Talonflame|Will-O-Wisp|p1b: Kingambit\n|-status|p1b: Kingambit|brn\n|move|p1a: Chimecho|Calm Mind|p1a: Chimecho\n|-boost|p1a: Chimecho|spa|1\n|-boost|p1a: Chimecho|spd|1\n|\n|-damage|p1b: Kingambit|95/100 brn|[from] brn\n|upkeep\n|turn|3\n|inactive|CellEnder has 30 seconds left.\n|\n|t:|1776646980\n|switch|p2a: Blastoise|Blastoise, L50, M|100/100\n|move|p2b: Garchomp|Stomping Tantrum|p1b: Kingambit\n|-supereffective|p1b: Kingambit|1\n|-damage|p1b: Kingambit|31/100 brn\n|move|p1a: Chimecho|Calm Mind|p1a: Chimecho\n|-boost|p1a: Chimecho|spa|1\n|-boost|p1a: Chimecho|spd|1\n|move|p1b: Kingambit|Kowtow Cleave|p2a: Blastoise\n|-damage|p2a: Blastoise|42/100\n|\n|-damage|p1b: Kingambit|25/100 brn|[from] brn\n|upkeep\n|turn|4\n|inactive|CellEnder has 30 seconds left.\n|\n|t:|1776647008\n|detailschange|p2a: Blastoise|Blastoise-Mega, L50, M\n|-mega|p2a: Blastoise|Blastoise|Blastoisinite\n|move|p1b: Kingambit|Protect|p1b: Kingambit\n|-singleturn|p1b: Kingambit|Protect\n|move|p2b: Garchomp|Stomping Tantrum|p1b: Kingambit\n|-activate|p1b: Kingambit|move: Protect\n|move|p2a: Blastoise|Dark Pulse|p1a: Chimecho\n|-supereffective|p1a: Chimecho|1\n|-damage|p1a: Chimecho|57/100\n|move|p1a: Chimecho|Psyshock|p2a: Blastoise\n|-damage|p2a: Blastoise|0 fnt\n|faint|p2a: Blastoise\n|\n|-damage|p1b: Kingambit|19/100 brn|[from] brn\n|-sideend|p2: CellEnder|move: Tailwind\n|upkeep\n|\n|t:|1776647030\n|switch|p2a: Talonflame|Talonflame, L50, F|100/100\n|turn|5\n|inactive|CellEnder has 30 seconds left.\n|\n|t:|1776647062\n|move|p1a: Chimecho|Protect|p1a: Chimecho\n|-singleturn|p1a: Chimecho|Protect\n|move|p2a: Talonflame|Tailwind|p2a: Talonflame\n|-sidestart|p2: CellEnder|move: Tailwind\n|move|p1b: Kingambit|Sucker Punch||[still]\n|-fail|p1b: Kingambit\n|move|p2b: Garchomp|Stomping Tantrum|p1b: Kingambit\n|-supereffective|p1b: Kingambit|1\n|-crit|p1b: Kingambit\n|-damage|p1b: Kingambit|0 fnt\n|faint|p1b: Kingambit\n|\n|upkeep\n|\n|t:|1776647066\n|switch|p1b: Sinistcha|Sinistcha, L50|100/100\n|-heal|p1a: Chimecho|81/100|[from] ability: Hospitality|[of] p1b: Sinistcha\n|turn|6\n|\n|t:|1776647080\n|move|p2a: Talonflame|Dual Wingbeat|p1b: Sinistcha\n|-supereffective|p1b: Sinistcha|1\n|-damage|p1b: Sinistcha|79/100\n|-supereffective|p1b: Sinistcha|1\n|-damage|p1b: Sinistcha|56/100\n|-hitcount|p1b: Sinistcha|2\n|move|p2b: Garchomp|Dragon Claw|p1b: Sinistcha\n|-damage|p1b: Sinistcha|25/100\n|move|p1a: Chimecho|Psyshock|p2a: Talonflame\n|-damage|p2a: Talonflame|0 fnt\n|faint|p2a: Talonflame\n|move|p1b: Sinistcha|Matcha Gotcha|p2b: Garchomp|[miss]\n|-miss|p1b: Sinistcha|p2b: Garchomp\n|\n|-heal|p1b: Sinistcha|31/100|[from] item: Leftovers\n|upkeep\n|\n|t:|1776647098\n|switch|p2a: Corviknight|Corviknight, L50, F|100/100\n|turn|7\n|inactive|CellEnder has 30 seconds left.\n|\n|t:|1776647130\n|move|p2b: Garchomp|Rock Slide|p1a: Chimecho|[spread] p1b\n|-miss|p2b: Garchomp|p1a: Chimecho\n|-damage|p1b: Sinistcha|17/100\n|move|p2a: Corviknight|Brave Bird|p1b: Sinistcha\n|-supereffective|p1b: Sinistcha|1\n|-damage|p1b: Sinistcha|0 fnt\n|faint|p1b: Sinistcha\n|-damage|p2a: Corviknight|96/100|[from] Recoil\n|move|p1a: Chimecho|Psyshock|p2b: Garchomp\n|-damage|p2b: Garchomp|3/100\n|\n|-heal|p2a: Corviknight|100/100|[from] item: Leftovers\n|upkeep\n|turn|8\n|inactive|CellEnder has 30 seconds left.\n|\n|t:|1776647157\n|move|p2b: Garchomp|Protect|p2b: Garchomp\n|-singleturn|p2b: Garchomp|Protect\n|move|p2a: Corviknight|Brave Bird|p1a: Chimecho\n|-resisted|p1a: Chimecho|1\n|-damage|p1a: Chimecho|65/100\n|-damage|p2a: Corviknight|96/100|[from] Recoil\n|move|p1a: Chimecho|Flash Cannon|p2b: Garchomp\n|-activate|p2b: Garchomp|move: Protect\n|\n|-heal|p2a: Corviknight|100/100|[from] item: Leftovers\n|-sideend|p2: CellEnder|move: Tailwind\n|upkeep\n|turn|9\n|inactive|CellEnder has 30 seconds left.\n|\n|t:|1776647183\n|move|p2b: Garchomp|Rock Slide|p1a: Chimecho|[miss]\n|-miss|p2b: Garchomp|p1a: Chimecho\n|move|p2a: Corviknight|Brave Bird|p1a: Chimecho\n|-resisted|p1a: Chimecho|1\n|-damage|p1a: Chimecho|47/100\n|-damage|p2a: Corviknight|95/100|[from] Recoil\n|move|p1a: Chimecho|Psyshock|p2b: Garchomp\n|-damage|p2b: Garchomp|0 fnt\n|faint|p2b: Garchomp\n|\n|-heal|p2a: Corviknight|100/100|[from] item: Leftovers\n|upkeep\n|turn|10\n|\n|t:|1776647199\n|move|p2a: Corviknight|Brave Bird|p1a: Chimecho\n|-resisted|p1a: Chimecho|1\n|-damage|p1a: Chimecho|31/100\n|-damage|p2a: Corviknight|96/100|[from] Recoil\n|move|p1a: Chimecho|Flash Cannon|p2a: Corviknight\n|-resisted|p2a: Corviknight|1\n|-damage|p2a: Corviknight|49/100\n|\n|-heal|p2a: Corviknight|55/100|[from] item: Leftovers\n|upkeep\n|turn|11\n|\n|t:|1776647219\n|move|p2a: Corviknight|Roost|p2a: Corviknight\n|-heal|p2a: Corviknight|100/100\n|-singleturn|p2a: Corviknight|move: Roost\n|move|p1a: Chimecho|Flash Cannon|p2a: Corviknight\n|-resisted|p2a: Corviknight|1\n|-damage|p2a: Corviknight|51/100\n|\n|-heal|p2a: Corviknight|57/100|[from] item: Leftovers\n|upkeep\n|turn|12\n|\n|t:|1776647229\n|move|p2a: Corviknight|Iron Head|p1a: Chimecho\n|-resisted|p1a: Chimecho|1\n|-damage|p1a: Chimecho|20/100\n|move|p1a: Chimecho|Flash Cannon|p2a: Corviknight\n|-resisted|p2a: Corviknight|1\n|-damage|p2a: Corviknight|7/100\n|\n|-heal|p2a: Corviknight|13/100|[from] item: Leftovers\n|upkeep\n|turn|13\n|\n|t:|1776647238\n|move|p2a: Corviknight|Roost|p2a: Corviknight\n|-heal|p2a: Corviknight|63/100\n|-singleturn|p2a: Corviknight|move: Roost\n|move|p1a: Chimecho|Flash Cannon|p2a: Corviknight\n|-resisted|p2a: Corviknight|1\n|-crit|p2a: Corviknight\n|-damage|p2a: Corviknight|0 fnt\n|faint|p2a: Corviknight\n|\n|win|DannyMcCake\n|raw|DannyMcCake's rating: 1131 &rarr; <strong>1156</strong><br />(+25 for winning)\n|raw|CellEnder's rating: 1137 &rarr; <strong>1112</strong><br />(-25 for losing)\n|l|\u2606CellEnder\n|player|p2|\n",
  "uploadtime": 1776647265,
  "views": 7,
  "formatid": "gen9championsvgc2026regma",
  "rating": 1112,
  "private": 0,
  "password": null
}