{
  "id": "gen9championsvgc2026regma-2588200662",
  "format": "[Gen 9 Champions] VGC 2026 Reg M-A",
  "players": [
    "Marc1lle",
    "colacheto"
  ],
  "log": "|j|\u2606Marc1lle\n|j|\u2606colacheto\n|t:|1776613848\n|gametype|doubles\n|player|p1|Marc1lle|marnie-masters2|1299\n|player|p2|colacheto|169|1342\n|gen|9\n|tier|[Gen 9 Champions] VGC 2026 Reg M-A\n|rated|\n|rule|Species Clause: Limit one of each Pok\u00e9mon\n|rule|Item Clause: Limit 1 of each item\n|clearpoke\n|poke|p1|Pelipper, L50, M|\n|poke|p1|Dragonite, L50, M|\n|poke|p1|Basculegion, L50, M|\n|poke|p1|Archaludon, L50, F|\n|poke|p1|Rotom-Heat, L50|\n|poke|p1|Sneasler, L50, F|\n|poke|p2|Gengar, L50, M, shiny|\n|poke|p2|Rotom-Wash, L50, shiny|\n|poke|p2|Kingambit, L50, M|\n|poke|p2|Incineroar, L50, M|\n|poke|p2|Sinistcha, L50|\n|poke|p2|Kommo-o, L50, M|\n|teampreview|4\n|inactive|Battle timer is ON: inactive players will automatically lose when time's up. (requested by Marc1lle)\n|inactive|Marc1lle has 60 seconds left.\n|inactive|colacheto has 60 seconds left.\n|\n|t:|1776613902\n|teamsize|p1|4\n|teamsize|p2|4\n|start\n|switch|p1a: Dragonite|Dragonite, L50, M|100/100\n|switch|p1b: Rotom|Rotom-Heat, L50|100/100\n|switch|p2a: Gengar|Gengar, L50, M, shiny|100/100\n|switch|p2b: Kingambit|Kingambit, L50, M|100/100\n|turn|1\n|\n|t:|1776613925\n|detailschange|p2a: Gengar|Gengar-Mega, L50, M, shiny\n|-mega|p2a: Gengar|Gengar|Gengarite\n|detailschange|p1a: Dragonite|Dragonite-Mega, L50, M\n|-mega|p1a: Dragonite|Dragonite|Dragoninite\n|move|p2b: Kingambit|Protect|p2b: Kingambit\n|-singleturn|p2b: Kingambit|Protect\n|move|p1b: Rotom|Volt Switch|p2b: Kingambit\n|-activate|p2b: Kingambit|move: Protect\n|move|p2a: Gengar|Sludge Wave|p1b: Rotom|[spread] p1a,p1b\n|-activate|p2b: Kingambit|move: Protect\n|-damage|p1a: Dragonite|83/100\n|-damage|p1b: Rotom|49/100\n|move|p1a: Dragonite|Tailwind|p1a: Dragonite\n|-sidestart|p1: Marc1lle|move: Tailwind\n|\n|upkeep\n|turn|2\n|\n|t:|1776613948\n|move|p2b: Kingambit|Sucker Punch|p1b: Rotom\n|-damage|p1b: Rotom|0 fnt\n|faint|p1b: Rotom\n|move|p1a: Dragonite|Dragon Pulse|p2a: Gengar\n|-damage|p2a: Gengar|41/100\n|move|p2a: Gengar|Sludge Wave|p1a: Dragonite|[spread] p1a\n|-immune|p2b: Kingambit\n|-damage|p1a: Dragonite|50/100\n|\n|upkeep\n|\n|t:|1776613957\n|switch|p1b: Sneasler|Sneasler, L50, F|100/100\n|turn|3\n|inactive|colacheto has 30 seconds left.\n|\n|t:|1776613990\n|switch|p2b: Rotom|Rotom-Wash, L50, shiny|100/100\n|move|p2a: Gengar|Protect|p2a: Gengar\n|-singleturn|p2a: Gengar|Protect\n|move|p1b: Sneasler|Close Combat|p2b: Rotom\n|-damage|p2b: Rotom|43/100\n|-unboost|p1b: Sneasler|def|1\n|-unboost|p1b: Sneasler|spd|1\n|-enditem|p1b: Sneasler|White Herb\n|-clearnegativeboost|p1b: Sneasler|[silent]\n|move|p1a: Dragonite|Dragon Pulse|p2a: Gengar\n|-activate|p2a: Gengar|move: Protect\n|\n|upkeep\n|turn|4\n|inactive|Marc1lle has 30 seconds left.\n|\n|t:|1776614018\n|switch|p2a: Kingambit|Kingambit, L50, M|100/100\n|move|p2b: Rotom|Protect|p2b: Rotom\n|-singleturn|p2b: Rotom|Protect\n|move|p1b: Sneasler|Close Combat|p2b: Rotom\n|-activate|p2b: Rotom|move: Protect\n|move|p1a: Dragonite|Dragon Pulse|p2a: Kingambit\n|-resisted|p2a: Kingambit|1\n|-damage|p2a: Kingambit|76/100\n|\n|-sideend|p1: Marc1lle|move: Tailwind\n|upkeep\n|turn|5\n|inactive|colacheto has 30 seconds left.\n|inactive|colacheto has 20 seconds left.\n|inactive|colacheto has 15 seconds left.\n|inactive|colacheto has 10 seconds left.\n|\n|t:|1776614068\n|move|p2a: Kingambit|Protect|p2a: Kingambit\n|-singleturn|p2a: Kingambit|Protect\n|move|p1b: Sneasler|Close Combat|p2a: Kingambit\n|-activate|p2a: Kingambit|move: Protect\n|move|p1a: Dragonite|Tailwind|p1a: Dragonite\n|-sidestart|p1: Marc1lle|move: Tailwind\n|move|p2b: Rotom|Thunderbolt|p1a: Dragonite\n|-damage|p1a: Dragonite|23/100\n|-status|p1a: Dragonite|par\n|\n|upkeep\n|turn|6\n|inactive|colacheto has 30 seconds left.\n|\n|t:|1776614101\n|switch|p2a: Gengar|Gengar-Mega, L50, M, shiny|41/100\n|move|p1b: Sneasler|Close Combat|p2a: Gengar\n|-immune|p2a: Gengar\n|move|p1a: Dragonite|Tailwind||[still]\n|-fail|p1a: Dragonite\n|move|p2b: Rotom|Thunderbolt|p1a: Dragonite\n|-damage|p1a: Dragonite|0 fnt\n|faint|p1a: Dragonite\n|\n|upkeep\n|\n|t:|1776614106\n|switch|p1a: Basculegion|Basculegion, L50, M|100/100\n|turn|7\n|\n|t:|1776614123\n|move|p2a: Gengar|Protect|p2a: Gengar\n|-singleturn|p2a: Gengar|Protect\n|move|p2b: Rotom|Protect|p2b: Rotom\n|-singleturn|p2b: Rotom|Protect\n|move|p1b: Sneasler|Close Combat|p2b: Rotom\n|-activate|p2b: Rotom|move: Protect\n|move|p1a: Basculegion|Last Respects|p2a: Gengar\n|-activate|p2a: Gengar|move: Protect\n|\n|upkeep\n|turn|8\n|\n|t:|1776614146\n|switch|p2a: Kingambit|Kingambit, L50, M|76/100\n|move|p1b: Sneasler|Close Combat|p2a: Kingambit\n|-supereffective|p2a: Kingambit|2\n|-enditem|p2a: Kingambit|Chople Berry|[eat]\n|-enditem|p2a: Kingambit|Chople Berry|[weaken]\n|-damage|p2a: Kingambit|0 fnt\n|-unboost|p1b: Sneasler|def|1\n|-unboost|p1b: Sneasler|spd|1\n|faint|p2a: Kingambit\n|move|p1a: Basculegion|Last Respects|p2b: Rotom\n|-damage|p2b: Rotom|0 fnt\n|faint|p2b: Rotom\n|\n|-sideend|p1: Marc1lle|move: Tailwind\n|upkeep\n|\n|t:|1776614156\n|switch|p2b: Shenglong|Kommo-o, L50, M|100/100\n|switch|p2a: Gengar|Gengar-Mega, L50, M, shiny|41/100\n|turn|9\n|\n|t:|1776614176\n|move|p1a: Basculegion|Aqua Jet|p2a: Gengar\n|-damage|p2a: Gengar|11/100\n|move|p1b: Sneasler|Dire Claw|p2a: Gengar\n|-resisted|p2a: Gengar|2\n|-damage|p2a: Gengar|0 fnt\n|faint|p2a: Gengar\n|move|p2b: Shenglong|Clanging Scales|p1b: Sneasler|[spread] p1a,p1b\n|-crit|p1a: Basculegion\n|-damage|p1a: Basculegion|38/100\n|-damage|p1b: Sneasler|23/100\n|-unboost|p2b: Shenglong|def|1\n|\n|upkeep\n|turn|10\n|\n|t:|1776614195\n|move|p2b: Shenglong|Protect|p2b: Shenglong\n|-singleturn|p2b: Shenglong|Protect\n|move|p1a: Basculegion|Aqua Jet|p2b: Shenglong\n|-activate|p2b: Shenglong|move: Protect\n|move|p1b: Sneasler|Close Combat|p2b: Shenglong\n|-activate|p2b: Shenglong|move: Protect\n|\n|upkeep\n|turn|11\n|\n|t:|1776614200\n|move|p1a: Basculegion|Aqua Jet|p2b: Shenglong\n|-resisted|p2b: Shenglong|1\n|-damage|p2b: Shenglong|82/100\n|move|p1b: Sneasler|Close Combat|p2b: Shenglong\n|-damage|p2b: Shenglong|0 fnt\n|-unboost|p1b: Sneasler|def|1\n|-unboost|p1b: Sneasler|spd|1\n|faint|p2b: Shenglong\n|\n|win|Marc1lle\n|raw|Marc1lle's rating: 1299 &rarr; <strong>1327</strong><br />(+28 for winning)\n|raw|colacheto's rating: 1342 &rarr; <strong>1320</strong><br />(-22 for losing)\n|l|\u2606colacheto\n|player|p2|\n",
  "uploadtime": 1776614224,
  "views": 10,
  "formatid": "gen9championsvgc2026regma",
  "rating": 1320,
  "private": 0,
  "password": null
}