{
  "id": "gen9championsvgc2026regma-2581729917",
  "format": "[Gen 9 Champions] VGC 2026 Reg M-A",
  "players": [
    "QuackingGaming",
    "gholdengogobbler"
  ],
  "log": "|j|\u2606QuackingGaming\n|j|\u2606gholdengogobbler\n|t:|1776023981\n|gametype|doubles\n|player|p1|QuackingGaming|shauntal|1026\n|player|p2|gholdengogobbler|alec-anime|1046\n|gen|9\n|tier|[Gen 9 Champions] VGC 2026 Reg M-A\n|rated|\n|rule|Species Clause: Limit one of each Pok\u00e9mon\n|rule|Item Clause: Limit 1 of each item\n|clearpoke\n|poke|p1|Pelipper, L50, M|\n|poke|p1|Meganium, L50, F|\n|poke|p1|Archaludon, L50, M|\n|poke|p1|Blastoise, L50, M|\n|poke|p1|Basculegion, L50, M|\n|poke|p1|Incineroar, L50, F|\n|poke|p2|Scovillain, L50, M|\n|poke|p2|Slowking-Galar, L50, M|\n|poke|p2|Sinistcha-Masterpiece, L50|\n|poke|p2|Garchomp, L50, M|\n|poke|p2|Floette-Eternal, L50, F|\n|poke|p2|Talonflame, L50, F|\n|teampreview|4\n|c|\u2606QuackingGaming|Glhf\n|inactive|Battle timer is ON: inactive players will automatically lose when time's up. (requested by gholdengogobbler)\n|\n|t:|1776024010\n|teamsize|p1|4\n|teamsize|p2|4\n|start\n|switch|p1a: Dr Wingle Wongle|Pelipper, L50, M|100/100\n|switch|p1b: John VGC|Incineroar, L50, F|100/100\n|switch|p2a: Lex Luthor|Scovillain, L50, M, shiny|100/100\n|switch|p2b: \u00c6thelredtheUnready|Slowking-Galar, L50, M, shiny|100/100\n|-ability|p1b: John VGC|Intimidate|boost\n|-unboost|p2a: Lex Luthor|atk|1\n|-unboost|p2b: \u00c6thelredtheUnready|atk|1\n|-weather|RainDance|[from] ability: Drizzle|[of] p1a: Dr Wingle Wongle\n|turn|1\n|\n|t:|1776024032\n|detailschange|p2a: Lex Luthor|Scovillain-Mega, L50, M, shiny\n|-mega|p2a: Lex Luthor|Scovillain|Scovillainite\n|move|p1b: John VGC|Fake Out|p2b: \u00c6thelredtheUnready\n|-damage|p2b: \u00c6thelredtheUnready|89/100\n|move|p2a: Lex Luthor|Rage Powder|p2a: Lex Luthor\n|-singleturn|p2a: Lex Luthor|move: Rage Powder\n|move|p1a: Dr Wingle Wongle|Tailwind|p1a: Dr Wingle Wongle\n|-sidestart|p1: QuackingGaming|move: Tailwind\n|cant|p2b: \u00c6thelredtheUnready|flinch\n|\n|-weather|RainDance|[upkeep]\n|upkeep\n|turn|2\n|\n|t:|1776024057\n|move|p1b: John VGC|Parting Shot|p2a: Lex Luthor\n|-unboost|p2a: Lex Luthor|atk|1\n|-unboost|p2a: Lex Luthor|spa|1\n|\n|t:|1776024063\n|switch|p1b: Blitztank|Archaludon, L50, M|100/100|[from] Parting Shot\n|move|p1a: Dr Wingle Wongle|Weather Ball|p2a: Lex Luthor\n|-damage|p2a: Lex Luthor|46/100\n|-status|p1a: Dr Wingle Wongle|brn|[from] ability: Spicy Spray|[of] p2a: Lex Luthor\n|move|p2a: Lex Luthor|Giga Drain|p1a: Dr Wingle Wongle\n|-damage|p1a: Dr Wingle Wongle|77/100 brn\n|-heal|p2a: Lex Luthor|60/100|[from] drain|[of] p1a: Dr Wingle Wongle\n|move|p2b: \u00c6thelredtheUnready|Skill Swap|p2a: Lex Luthor\n|-activate|p2b: \u00c6thelredtheUnready|Skill Swap|||[of] p2a: Lex Luthor\n|\n|-weather|RainDance|[upkeep]\n|-damage|p1a: Dr Wingle Wongle|71/100 brn|[from] brn\n|upkeep\n|turn|3\n|inactive|QuackingGaming has 30 seconds left.\n|inactive|QuackingGaming has 20 seconds left.\n|\n|t:|1776024103\n|switch|p2a: WelcomeToMyTable|Sinistcha-Masterpiece, L50, shiny|100/100\n|-heal|p2b: \u00c6thelredtheUnready|100/100|[from] ability: Hospitality|[of] p2a: WelcomeToMyTable\n|move|p1b: Blitztank|Electro Shot||[still]\n|-prepare|p1b: Blitztank|Electro Shot\n|-boost|p1b: Blitztank|spa|1\n|-anim|p1b: Blitztank|Electro Shot|p2b: \u00c6thelredtheUnready\n|-damage|p2b: \u00c6thelredtheUnready|39/100\n|-status|p1b: Blitztank|brn|[from] ability: Spicy Spray|[of] p2b: \u00c6thelredtheUnready\n|-enditem|p2b: \u00c6thelredtheUnready|Sitrus Berry|[eat]\n|-heal|p2b: \u00c6thelredtheUnready|63/100|[from] item: Sitrus Berry\n|move|p1a: Dr Wingle Wongle|Hurricane|p2a: WelcomeToMyTable\n|-supereffective|p2a: WelcomeToMyTable|1\n|-damage|p2a: WelcomeToMyTable|9/100\n|-start|p2a: WelcomeToMyTable|confusion\n|move|p2b: \u00c6thelredtheUnready|Hex|p1a: Dr Wingle Wongle\n|-damage|p1a: Dr Wingle Wongle|29/100 brn\n|-enditem|p1a: Dr Wingle Wongle|Sitrus Berry|[eat]\n|-heal|p1a: Dr Wingle Wongle|54/100 brn|[from] item: Sitrus Berry\n|\n|-weather|RainDance|[upkeep]\n|-heal|p2a: WelcomeToMyTable|16/100|[from] item: Leftovers\n|-damage|p1b: Blitztank|95/100 brn|[from] brn\n|-damage|p1a: Dr Wingle Wongle|48/100 brn|[from] brn\n|upkeep\n|turn|4\n|inactive|QuackingGaming has 30 seconds left.\n|inactive|gholdengogobbler has 30 seconds left.\n|\n|t:|1776024134\n|move|p1b: Blitztank|Electro Shot||[still]\n|-prepare|p1b: Blitztank|Electro Shot\n|-boost|p1b: Blitztank|spa|1\n|-anim|p1b: Blitztank|Electro Shot|p2b: \u00c6thelredtheUnready\n|-damage|p2b: \u00c6thelredtheUnready|0 fnt\n|faint|p2b: \u00c6thelredtheUnready\n|move|p1a: Dr Wingle Wongle|Hurricane|p2a: WelcomeToMyTable\n|-supereffective|p2a: WelcomeToMyTable|1\n|-damage|p2a: WelcomeToMyTable|0 fnt\n|faint|p2a: WelcomeToMyTable\n|\n|-weather|RainDance|[upkeep]\n|-damage|p1b: Blitztank|89/100 brn|[from] brn\n|-damage|p1a: Dr Wingle Wongle|42/100 brn|[from] brn\n|-sideend|p1: QuackingGaming|move: Tailwind\n|upkeep\n|c|\u2606gholdengogobbler|ggs\n|\n|t:|1776024147\n|switch|p2a: Lex Luthor|Scovillain-Mega, L50, M, shiny|93/100\n|switch|p2b: Gun Devil|Floette-Eternal, L50, F|100/100\n|turn|5\n|c|\u2606QuackingGaming|Gg\n|\n|t:|1776024156\n|move|p2b: Gun Devil|Calm Mind|p2b: Gun Devil\n|-boost|p2b: Gun Devil|spa|1\n|-boost|p2b: Gun Devil|spd|1\n|move|p1b: Blitztank|Flash Cannon|p2b: Gun Devil\n|-supereffective|p2b: Gun Devil|1\n|-damage|p2b: Gun Devil|0 fnt\n|faint|p2b: Gun Devil\n|move|p2a: Lex Luthor|Flamethrower|p1b: Blitztank\n|-damage|p1b: Blitztank|67/100 brn\n|-ability|p1b: Blitztank|Stamina|boost\n|-boost|p1b: Blitztank|def|1\n|move|p1a: Dr Wingle Wongle|Hurricane|p2a: Lex Luthor\n|-supereffective|p2a: Lex Luthor|1\n|-damage|p2a: Lex Luthor|9/100\n|-start|p2a: Lex Luthor|confusion\n|\n|-weather|none\n|-damage|p1b: Blitztank|61/100 brn|[from] brn\n|-damage|p1a: Dr Wingle Wongle|36/100 brn|[from] brn\n|upkeep\n|turn|6\n|\n|t:|1776024177\n|switch|p1b: John VGC|Incineroar, L50, F|100/100\n|-ability|p1b: John VGC|Intimidate|boost\n|-unboost|p2a: Lex Luthor|atk|1\n|-activate|p2a: Lex Luthor|confusion\n|move|p2a: Lex Luthor|Flamethrower|p1b: John VGC\n|-resisted|p1b: John VGC|1\n|-crit|p1b: John VGC\n|-damage|p1b: John VGC|78/100\n|move|p1a: Dr Wingle Wongle|Weather Ball|p2a: Lex Luthor\n|-damage|p2a: Lex Luthor|0 fnt\n|faint|p2a: Lex Luthor\n|\n|win|QuackingGaming\n|raw|QuackingGaming's rating: 1026 &rarr; <strong>1064</strong><br />(+38 for winning)\n|raw|gholdengogobbler's rating: 1046 &rarr; <strong>1028</strong><br />(-18 for losing)\n|c|\u2606gholdengogobbler|crit mattered\n",
  "uploadtime": 1776024191,
  "views": 25,
  "formatid": "gen9championsvgc2026regma",
  "rating": 1028,
  "private": 0,
  "password": null
}