{
  "id": "gen9championsvgc2026regma-2585057393",
  "format": "[Gen 9 Champions] VGC 2026 Reg M-A",
  "players": [
    "ShaggyMetagross",
    "hunterbarber"
  ],
  "log": "|j|\u2606ShaggyMetagross\n|j|\u2606hunterbarber\n|t:|1776307451\n|gametype|doubles\n|player|p1|ShaggyMetagross|cyrus|1224\n|player|p2|hunterbarber|266|1135\n|gen|9\n|tier|[Gen 9 Champions] VGC 2026 Reg M-A\n|rated|\n|rule|Species Clause: Limit one of each Pok\u00e9mon\n|rule|Item Clause: Limit 1 of each item\n|clearpoke\n|poke|p1|Pelipper, L50, M|\n|poke|p1|Basculegion-F, L50, F|\n|poke|p1|Scizor, L50, M|\n|poke|p1|Sinistcha, L50|\n|poke|p1|Sneasler, L50, F|\n|poke|p1|Rhyperior, L50, F|\n|poke|p2|Gardevoir, L50, F|\n|poke|p2|Mamoswine, L50, F|\n|poke|p2|Rotom-Wash, L50|\n|poke|p2|Zoroark-Hisui, L50, M|\n|poke|p2|Glimmora, L50, F|\n|poke|p2|Orthworm, L50, M|\n|teampreview|4\nShaggyMetagross rejected open team sheets.\n|\n|t:|1776307482\n|teamsize|p1|4\n|teamsize|p2|4\n|start\n|switch|p1a: Pelipper|Pelipper, L50, M, shiny|100/100\n|switch|p1b: Basculegion|Basculegion-F, L50, F|100/100\n|switch|p2a: Rotom|Rotom-Wash, L50|100/100\n|switch|p2b: Mamoswine|Mamoswine, L50, F|100/100\n|-weather|RainDance|[from] ability: Drizzle|[of] p1a: Pelipper\n|turn|1\n|\n|t:|1776307507\n|move|p2b: Mamoswine|Protect|p2b: Mamoswine\n|-singleturn|p2b: Mamoswine|Protect\n|move|p1a: Pelipper|Tailwind|p1a: Pelipper\n|-sidestart|p1: ShaggyMetagross|move: Tailwind\n|move|p1b: Basculegion|Muddy Water|p2a: Rotom|[spread] p2a\n|-activate|p2b: Mamoswine|move: Protect\n|-resisted|p2a: Rotom|1\n|-damage|p2a: Rotom|69/100\n|move|p2a: Rotom|Discharge|p1b: Basculegion|[spread] p1a,p1b\n|-activate|p2b: Mamoswine|move: Protect\n|-supereffective|p1a: Pelipper|2\n|-supereffective|p1b: Basculegion|1\n|-enditem|p1a: Pelipper|Focus Sash\n|-damage|p1a: Pelipper|1/100\n|-damage|p1b: Basculegion|39/100\n|\n|-weather|RainDance|[upkeep]\n|upkeep\n|turn|2\n|\n|t:|1776307541\n|move|p2a: Rotom|Protect|p2a: Rotom\n|-singleturn|p2a: Rotom|Protect\n|move|p1a: Pelipper|Wide Guard|p1a: Pelipper\n|-singleturn|p1a: Pelipper|Wide Guard\n|move|p1b: Basculegion|Muddy Water|p2b: Mamoswine|[spread] p2b\n|-activate|p2a: Rotom|move: Protect\n|-enditem|p2b: Mamoswine|Focus Sash\n|-damage|p2b: Mamoswine|1/100\n|replace|p2b: Zoroark|Zoroark-Hisui, L50, M\n|-end|p2b: Zoroark|Illusion\n|move|p2b: Zoroark|Bitter Malice|p1b: Basculegion\n|-supereffective|p1b: Basculegion|1\n|-damage|p1b: Basculegion|0 fnt\n|faint|p1b: Basculegion\n|\n|-weather|RainDance|[upkeep]\n|upkeep\n|\n|t:|1776307568\n|switch|p1b: Scizor|Scizor, L50, M|100/100\n|turn|3\n|\n|t:|1776307602\n|move|p1b: Scizor|Protect|p1b: Scizor\n|-singleturn|p1b: Scizor|Protect\n|move|p1a: Pelipper|Weather Ball|p2b: Zoroark\n|-damage|p2b: Zoroark|0 fnt\n|faint|p2b: Zoroark\n|move|p2a: Rotom|Will-O-Wisp|p1b: Scizor\n|-activate|p1b: Scizor|move: Protect\n|\n|-weather|RainDance|[upkeep]\n|upkeep\n|inactive|Battle timer is ON: inactive players will automatically lose when time's up. (requested by hunterbarber)\n|\n|t:|1776307611\n|switch|p2b: Mamoswine|Mamoswine, L50, F|100/100\n|turn|4\n|\n|t:|1776307632\n|detailschange|p1b: Scizor|Scizor-Mega, L50, M\n|-mega|p1b: Scizor|Scizor|Scizorite\n|move|p1a: Pelipper|Weather Ball|p2b: Mamoswine\n|-supereffective|p2b: Mamoswine|1\n|-damage|p2b: Mamoswine|0 fnt\n|faint|p2b: Mamoswine\n|move|p1b: Scizor|Bug Bite|p2a: Rotom\n|-damage|p2a: Rotom|3/100\n|move|p2a: Rotom|Will-O-Wisp|p1b: Scizor\n|-status|p1b: Scizor|brn\n|\n|-weather|RainDance|[upkeep]\n|-damage|p1b: Scizor|94/100 brn|[from] brn\n|-sideend|p1: ShaggyMetagross|move: Tailwind\n|upkeep\n|\n|t:|1776307647\n|switch|p2b: Orthworm|Orthworm, L50, M|100/100\n|turn|5\n|\n|t:|1776307664\n|move|p2a: Rotom|Protect|p2a: Rotom\n|-singleturn|p2a: Rotom|Protect\n|move|p1b: Scizor|Bullet Punch|p2a: Rotom\n|-activate|p2a: Rotom|move: Protect\n|move|p1a: Pelipper|Weather Ball|p2b: Orthworm\n|-damage|p2b: Orthworm|0 fnt\n|faint|p2b: Orthworm\n|\n|-weather|none\n|-damage|p1b: Scizor|88/100 brn|[from] brn\n|upkeep\n|turn|6\n|-message|hunterbarber forfeited.\n|\n|win|ShaggyMetagross\n|raw|ShaggyMetagross's rating: 1224 &rarr; <strong>1243</strong><br />(+19 for winning)\n|raw|hunterbarber's rating: 1135 &rarr; <strong>1116</strong><br />(-19 for losing)\n|l|\u2606hunterbarber\n|player|p2|\n",
  "uploadtime": 1776307685,
  "views": 21,
  "formatid": "gen9championsvgc2026regma",
  "rating": 1116,
  "private": 0,
  "password": null
}