{
  "id": "gen9championsvgc2026regma-2587058330",
  "format": "[Gen 9 Champions] VGC 2026 Reg M-A",
  "players": [
    "byuelite",
    "DrakyPana"
  ],
  "log": "|j|\u2606byuelite\n|j|\u2606DrakyPana\n|t:|1776487878\n|gametype|doubles\n|player|p1|byuelite|101|1052\n|player|p2|DrakyPana|n|1152\n|gen|9\n|tier|[Gen 9 Champions] VGC 2026 Reg M-A\n|rated|\n|rule|Species Clause: Limit one of each Pok\u00e9mon\n|rule|Item Clause: Limit 1 of each item\n|clearpoke\n|poke|p1|Chandelure, L50, F|\n|poke|p1|Lucario, L50, M|\n|poke|p1|Aerodactyl, L50, F|\n|poke|p1|Whimsicott, L50, F|\n|poke|p1|Torkoal, L50, F|\n|poke|p1|Gyarados, L50, M|\n|poke|p2|Sneasler, L50, F|\n|poke|p2|Kingambit, L50, M|\n|poke|p2|Incineroar, L50, F|\n|poke|p2|Basculegion, L50, M|\n|poke|p2|Froslass, L50, F|\n|poke|p2|Sinistcha, L50|\n|teampreview|4\n|\n|t:|1776487918\n|teamsize|p1|4\n|teamsize|p2|4\n|start\n|switch|p1a: Whimsicott|Whimsicott, L50, F|100/100\n|switch|p1b: Chandelure|Chandelure, L50, F|100/100\n|switch|p2a: Incineroar|Incineroar, L50, F|100/100\n|switch|p2b: Basculegion|Basculegion, L50, M|100/100\n|-ability|p2a: Incineroar|Intimidate|boost\n|-unboost|p1a: Whimsicott|atk|1\n|-unboost|p1b: Chandelure|atk|1\n|turn|1\n|\n|t:|1776487948\n|detailschange|p1b: Chandelure|Chandelure-Mega, L50, F\n|-mega|p1b: Chandelure|Chandelure|Chandelurite\n|move|p2a: Incineroar|Fake Out|p1a: Whimsicott\n|-damage|p1a: Whimsicott|84/100\n|cant|p1a: Whimsicott|flinch\n|move|p2b: Basculegion|Wave Crash|p1b: Chandelure\n|-supereffective|p1b: Chandelure|1\n|-damage|p1b: Chandelure|0 fnt\n|faint|p1b: Chandelure\n|-damage|p2b: Basculegion|72/100|[from] Recoil\n|\n|upkeep\n|\n|t:|1776487960\n|switch|p1b: Aerodactyl|Aerodactyl, L50, F|100/100\n|-ability|p1b: Aerodactyl|Unnerve\n|turn|2\n|\n|t:|1776487975\n|switch|p2b: Kingambit|Kingambit, L50, M|100/100\n|move|p1a: Whimsicott|Tailwind|p1a: Whimsicott\n|-sidestart|p1: byuelite|move: Tailwind\n|move|p1b: Aerodactyl|Rock Slide|p2b: Kingambit|[spread] p2a,p2b\n|-supereffective|p2a: Incineroar|1\n|-resisted|p2b: Kingambit|1\n|-damage|p2a: Incineroar|58/100\n|-damage|p2b: Kingambit|92/100\n|move|p2a: Incineroar|Taunt|p1a: Whimsicott\n|-start|p1a: Whimsicott|move: Taunt\n|-enditem|p1a: Whimsicott|Mental Herb\n|-end|p1a: Whimsicott|move: Taunt\n|\n|upkeep\n|turn|3\n|\n|t:|1776488011\n|switch|p1a: Gyarados|Gyarados, L50, M|100/100\n|-ability|p1a: Gyarados|Intimidate|boost\n|-unboost|p2a: Incineroar|atk|1\n|-unboost|p2b: Kingambit|atk|1\n|-ability|p2b: Kingambit|Defiant|boost\n|-boost|p2b: Kingambit|atk|2\n|move|p1b: Aerodactyl|Rock Slide|p2a: Incineroar|[spread] p2a,p2b\n|-supereffective|p2a: Incineroar|1\n|-resisted|p2b: Kingambit|1\n|-damage|p2a: Incineroar|12/100\n|-damage|p2b: Kingambit|83/100\n|move|p2a: Incineroar|Parting Shot|p1b: Aerodactyl\n|-unboost|p1b: Aerodactyl|atk|1\n|-unboost|p1b: Aerodactyl|spa|1\n|\n|t:|1776488041\n|switch|p2a: Basculegion|Basculegion, L50, M|72/100|[from] Parting Shot\n|cant|p2b: Kingambit|flinch\n|\n|upkeep\n|turn|4\n|\n|t:|1776488051\n|move|p1b: Aerodactyl|Protect|p1b: Aerodactyl\n|-singleturn|p1b: Aerodactyl|Protect\n|move|p2b: Kingambit|Sucker Punch|p1a: Gyarados\n|-damage|p1a: Gyarados|15/100\n|move|p1a: Gyarados|Power Whip|p2a: Basculegion\n|-supereffective|p2a: Basculegion|1\n|-damage|p2a: Basculegion|0 fnt\n|faint|p2a: Basculegion\n|\n|upkeep\n|\n|t:|1776488059\n|switch|p2a: Incineroar|Incineroar, L50, F|12/100\n|-ability|p2a: Incineroar|Intimidate|boost\n|-unboost|p1a: Gyarados|atk|1\n|-unboost|p1b: Aerodactyl|atk|1\n|turn|5\n|\n|t:|1776488087\n|switch|p1b: Whimsicott|Whimsicott, L50, F|84/100\n|move|p1a: Gyarados|Protect|p1a: Gyarados\n|-singleturn|p1a: Gyarados|Protect\n|move|p2a: Incineroar|Fake Out|p1a: Gyarados\n|-activate|p1a: Gyarados|move: Protect\n|move|p2b: Kingambit|Kowtow Cleave|p1b: Whimsicott\n|-resisted|p1b: Whimsicott|1\n|-damage|p1b: Whimsicott|16/100\n|\n|-sideend|p1: byuelite|move: Tailwind\n|upkeep\n|turn|6\n|\n|t:|1776488117\n|move|p2b: Kingambit|Protect|p2b: Kingambit\n|-singleturn|p2b: Kingambit|Protect\n|move|p1b: Whimsicott|Moonblast|p2b: Kingambit\n|-activate|p2b: Kingambit|move: Protect\n|move|p1a: Gyarados|Waterfall|p2b: Kingambit\n|-activate|p2b: Kingambit|move: Protect\n|move|p2a: Incineroar|Taunt|p1b: Whimsicott\n|-start|p1b: Whimsicott|move: Taunt\n|\n|upkeep\n|turn|7\n|\n|t:|1776488131\n|move|p2b: Kingambit|Sucker Punch|p1a: Gyarados\n|-damage|p1a: Gyarados|0 fnt\n|faint|p1a: Gyarados\n|move|p1b: Whimsicott|Moonblast|p2b: Kingambit\n|-damage|p2b: Kingambit|46/100\n|move|p2a: Incineroar|Flare Blitz|p1b: Whimsicott\n|-supereffective|p1b: Whimsicott|1\n|-damage|p1b: Whimsicott|0 fnt\n|faint|p1b: Whimsicott\n|-damage|p2a: Incineroar|9/100|[from] Recoil\n|\n|upkeep\n|\n|t:|1776488143\n|switch|p1b: Aerodactyl|Aerodactyl, L50, F|100/100\n|-ability|p1b: Aerodactyl|Unnerve\n|turn|8\n|\n|t:|1776488175\n|move|p2b: Kingambit|Sucker Punch|p1b: Aerodactyl\n|-damage|p1b: Aerodactyl|0 fnt\n|faint|p1b: Aerodactyl\n|\n|win|DrakyPana\n|raw|byuelite's rating: 1052 &rarr; <strong>1039</strong><br />(-13 for losing)\n|raw|DrakyPana's rating: 1152 &rarr; <strong>1170</strong><br />(+18 for winning)\n",
  "uploadtime": 1776488176,
  "views": 14,
  "formatid": "gen9championsvgc2026regma",
  "rating": 1039,
  "private": 0,
  "password": null
}