{
  "id": "gen9championsvgc2026regma-2587751030",
  "format": "[Gen 9 Champions] VGC 2026 Reg M-A",
  "players": [
    "xhooorxhi",
    "corek"
  ],
  "log": "|j|\u2606xhooorxhi\n|j|\u2606corek\n|t:|1776560315\n|gametype|doubles\n|player|p1|xhooorxhi|pokemonbreeder-gen4|1165\n|player|p2|corek|lucas|1120\n|gen|9\n|tier|[Gen 9 Champions] VGC 2026 Reg M-A\n|rated|\n|rule|Species Clause: Limit one of each Pok\u00e9mon\n|rule|Item Clause: Limit 1 of each item\n|clearpoke\n|poke|p1|Sneasler, L50, M|\n|poke|p1|Chimecho, L50, F|\n|poke|p1|Alcremie, L50, F|\n|poke|p1|Maushold, L50|\n|poke|p1|Farigiraf, L50, F|\n|poke|p1|Incineroar, L50, F|\n|poke|p2|Lucario, L50, M|\n|poke|p2|Meowstic-F, L50, F|\n|poke|p2|Umbreon, L50, M|\n|poke|p2|Wyrdeer, L50, M|\n|poke|p2|Infernape, L50, M|\n|poke|p2|Froslass, L50, F|\n|teampreview|4\n|inactive|Battle timer is ON: inactive players will automatically lose when time's up. (requested by xhooorxhi)\n|\n|t:|1776560345\n|teamsize|p1|4\n|teamsize|p2|4\n|start\n|switch|p1a: Incineroar|Incineroar, L50, F|100/100\n|switch|p1b: Chimecho|Chimecho, L50, F|100/100\n|switch|p2a: Lucario|Lucario, L50, M|100/100\n|switch|p2b: Infernape|Infernape, L50, M|100/100\n|-ability|p1a: Incineroar|Intimidate|boost\n|-fail|p2a: Lucario|unboost|Attack|[from] ability: Inner Focus|[of] p2a: Lucario\n|-unboost|p2b: Infernape|atk|1\n|-enditem|p2b: Infernape|White Herb\n|-clearnegativeboost|p2b: Infernape|[silent]\n|turn|1\n|\n|t:|1776560367\n|move|p2a: Lucario|Quick Guard|p2a: Lucario\n|-singleturn|p2a: Lucario|Quick Guard\n|move|p2b: Infernape|Close Combat|p1a: Incineroar\n|-supereffective|p1a: Incineroar|1\n|-damage|p1a: Incineroar|0 fnt\n|-unboost|p2b: Infernape|def|1\n|-unboost|p2b: Infernape|spd|1\n|faint|p1a: Incineroar\n|move|p1b: Chimecho|Trick Room|p1b: Chimecho\n|-fieldstart|move: Trick Room|[of] p1b: Chimecho\n|\n|upkeep\n|\n|t:|1776560380\n|switch|p1a: Alcremie|Alcremie, L50, F|100/100\n|turn|2\n|\n|t:|1776560389\n|move|p1a: Alcremie|Mystical Fire|p2a: Lucario\n|-supereffective|p2a: Lucario|1\n|-damage|p2a: Lucario|15/100\n|-unboost|p2a: Lucario|spa|1\n|move|p1b: Chimecho|Calm Mind|p1b: Chimecho\n|-boost|p1b: Chimecho|spa|1\n|-boost|p1b: Chimecho|spd|1\n|move|p2a: Lucario|Meteor Mash|p1a: Alcremie\n|-supereffective|p1a: Alcremie|1\n|-damage|p1a: Alcremie|0 fnt\n|faint|p1a: Alcremie\n|move|p2b: Infernape|Lash Out|p1b: Chimecho\n|-supereffective|p1b: Chimecho|1\n|-damage|p1b: Chimecho|49/100\n|\n|upkeep\n|\n|t:|1776560403\n|switch|p1a: Farigiraf|Farigiraf, L50, F|100/100\n|turn|3\n|\n|t:|1776560421\n|move|p1a: Farigiraf|Twin Beam|p2b: Infernape\n|-supereffective|p2b: Infernape|1\n|-damage|p2b: Infernape|33/100\n|-supereffective|p2b: Infernape|1\n|-damage|p2b: Infernape|0 fnt\n|faint|p2b: Infernape\n|-hitcount|p2: Infernape|2\n|move|p1b: Chimecho|Calm Mind|p1b: Chimecho\n|-boost|p1b: Chimecho|spa|1\n|-boost|p1b: Chimecho|spd|1\n|move|p2a: Lucario|Meteor Mash|p1a: Farigiraf\n|-damage|p1a: Farigiraf|67/100\n|\n|upkeep\n|\n|t:|1776560436\n|switch|p2b: Meowstic|Meowstic-F, L50, F|100/100\n|turn|4\n|\n|t:|1776560452\n|detailschange|p1b: Chimecho|Chimecho-Mega, L50, F\n|-mega|p1b: Chimecho|Chimecho|Chimechite\n|move|p1a: Farigiraf|Twin Beam|p2a: Lucario\n|-damage|p2a: Lucario|0 fnt\n|faint|p2a: Lucario\n|-hitcount|p2: Lucario|1\n|move|p1b: Chimecho|Flash Cannon|p2b: Meowstic\n|-enditem|p2b: Meowstic|Focus Sash\n|-damage|p2b: Meowstic|1/100\n|move|p2b: Meowstic|Thunderbolt|p1a: Farigiraf\n|-damage|p1a: Farigiraf|46/100\n|-status|p1a: Farigiraf|par\n|\n|upkeep\n|\n|t:|1776560464\n|switch|p2a: Froslass|Froslass, L50, F|100/100\n|turn|5\n|\n|t:|1776560477\n|detailschange|p2a: Froslass|Froslass-Mega, L50, F\n|-mega|p2a: Froslass|Froslass|Froslassite\n|-weather|Snowscape|[from] ability: Snow Warning|[of] p2a: Froslass\n|move|p1a: Farigiraf|Twin Beam|p2b: Meowstic\n|-resisted|p2b: Meowstic|1\n|-damage|p2b: Meowstic|0 fnt\n|faint|p2b: Meowstic\n|-hitcount|p2: Meowstic|1\n|move|p1b: Chimecho|Flash Cannon|p2a: Froslass\n|-supereffective|p2a: Froslass|1\n|-damage|p2a: Froslass|0 fnt\n|faint|p2a: Froslass\n|\n|win|xhooorxhi\n|raw|xhooorxhi's rating: 1165 &rarr; <strong>1187</strong><br />(+22 for winning)\n|raw|corek's rating: 1120 &rarr; <strong>1098</strong><br />(-22 for losing)\n|l|\u2606corek\n|player|p2|\n",
  "uploadtime": 1776560493,
  "views": 12,
  "formatid": "gen9championsvgc2026regma",
  "rating": 1098,
  "private": 0,
  "password": null
}