{
  "id": "gen9championsvgc2026regma-2582720840",
  "format": "[Gen 9 Champions] VGC 2026 Reg M-A",
  "players": [
    "pkmemes19",
    "Arcato"
  ],
  "log": "|j|\u2606pkmemes19\n|j|\u2606Arcato\n|t:|1776109523\n|gametype|doubles\n|player|p1|pkmemes19|burgh|1265\n|player|p2|Arcato|101|1203\n|gen|9\n|tier|[Gen 9 Champions] VGC 2026 Reg M-A\n|rated|\n|rule|Species Clause: Limit one of each Pok\u00e9mon\n|rule|Item Clause: Limit 1 of each item\n|clearpoke\n|poke|p1|Pelipper, L50, M|\n|poke|p1|Dragonite, L50, M|\n|poke|p1|Archaludon, L50, M|\n|poke|p1|Basculegion, L50, M|\n|poke|p1|Sneasler, L50, F|\n|poke|p1|Rotom-Heat, L50|\n|poke|p2|Kleavor, L50, M|\n|poke|p2|Sneasler, L50, F|\n|poke|p2|Tyranitar, L50, F|\n|poke|p2|Sinistcha, L50|\n|poke|p2|Talonflame, L50, F|\n|poke|p2|Rotom-Wash, L50|\n|teampreview|4\n|c|\u2606Arcato|GLHF\n|c|\u2606pkmemes19|glhf\n|\n|t:|1776109576\n|teamsize|p1|4\n|teamsize|p2|4\n|start\n|switch|p1a: Sneasler|Sneasler, L50, F|100/100\n|switch|p1b: Basculegion|Basculegion, L50, M|100/100\n|switch|p2a: Kleavor|Kleavor, L50, M|100/100\n|switch|p2b: Sinistcha|Sinistcha, L50|100/100\n|turn|1\n|\n|t:|1776109602\n|move|p2b: Sinistcha|Rage Powder|p2b: Sinistcha\n|-singleturn|p2b: Sinistcha|move: Rage Powder\n|move|p2a: Kleavor|Stone Axe|p1b: Basculegion\n|-damage|p1b: Basculegion|38/100\n|-sidestart|p1: pkmemes19|move: Stealth Rock\n|move|p1a: Sneasler|Close Combat|p2b: Sinistcha\n|-immune|p2b: Sinistcha\n|move|p1b: Basculegion|Flip Turn|p2b: Sinistcha\n|-resisted|p2b: Sinistcha|1\n|-damage|p2b: Sinistcha|87/100\n|\n|t:|1776109622\n|switch|p1b: Pelipper|Pelipper, L50, M, shiny|100/100|[from] Flip Turn\n|-damage|p1b: Pelipper|76/100|[from] Stealth Rock\n|-weather|RainDance|[from] ability: Drizzle|[of] p1b: Pelipper\n|\n|-weather|RainDance|[upkeep]\n|-heal|p2b: Sinistcha|93/100|[from] item: Leftovers\n|upkeep\n|turn|2\n|\n|t:|1776109630\n|move|p1a: Sneasler|Protect|p1a: Sneasler\n|-singleturn|p1a: Sneasler|Protect\n|move|p2a: Kleavor|Stone Axe|p1b: Pelipper\n|-supereffective|p1b: Pelipper|1\n|-damage|p1b: Pelipper|0 fnt\n|faint|p1b: Pelipper\n|move|p2b: Sinistcha|Strength Sap|p1a: Sneasler\n|-activate|p1a: Sneasler|move: Protect\n|\n|-weather|RainDance|[upkeep]\n|-heal|p2b: Sinistcha|99/100|[from] item: Leftovers\n|upkeep\n|\n|t:|1776109635\n|switch|p1b: Dragonite|Dragonite, L50, M|100/100\n|-damage|p1b: Dragonite|75/100|[from] Stealth Rock\n|turn|3\n|\n|t:|1776109651\n|detailschange|p1b: Dragonite|Dragonite-Mega, L50, M\n|-mega|p1b: Dragonite|Dragonite|Dragoninite\n|move|p2a: Kleavor|Stone Axe|p1b: Dragonite\n|-supereffective|p1b: Dragonite|1\n|-damage|p1b: Dragonite|0 fnt\n|faint|p1b: Dragonite\n|move|p1a: Sneasler|Dire Claw|p2b: Sinistcha\n|-damage|p2b: Sinistcha|69/100\n|move|p2b: Sinistcha|Matcha Gotcha|p1a: Sneasler\n|-resisted|p1a: Sneasler|1\n|-crit|p1a: Sneasler\n|-damage|p1a: Sneasler|69/100\n|-heal|p2b: Sinistcha|83/100|[from] drain|[of] p1a: Sneasler\n|\n|-weather|RainDance|[upkeep]\n|-heal|p2b: Sinistcha|89/100|[from] item: Leftovers\n|upkeep\n|\n|t:|1776109657\n|switch|p1b: Basculegion|Basculegion, L50, M|38/100\n|-damage|p1b: Basculegion|26/100|[from] Stealth Rock\n|turn|4\n|\n|t:|1776109664\n|switch|p2b: Tyranitar|Tyranitar, L50, F|100/100\n|-weather|Sandstorm|[from] ability: Sand Stream|[of] p2b: Tyranitar\n|move|p2a: Kleavor|Stone Axe|p1b: Basculegion\n|-damage|p1b: Basculegion|0 fnt\n|faint|p1b: Basculegion\n|move|p1a: Sneasler|Dire Claw|p2b: Tyranitar\n|-resisted|p2b: Tyranitar|1\n|-damage|p2b: Tyranitar|82/100\n|\n|-weather|Sandstorm|[upkeep]\n|-damage|p1a: Sneasler|64/100|[from] Sandstorm\n|upkeep\n|turn|5\n|\n|t:|1776109673\n|switch|p2b: Sinistcha|Sinistcha, L50|89/100\n|move|p2a: Kleavor|Stone Axe|p1a: Sneasler|[miss]\n|-miss|p2a: Kleavor|p1a: Sneasler\n|move|p1a: Sneasler|Close Combat|p2b: Sinistcha\n|-immune|p2b: Sinistcha\n|\n|-weather|Sandstorm|[upkeep]\n|-damage|p1a: Sneasler|58/100|[from] Sandstorm\n|-damage|p2b: Sinistcha|83/100|[from] Sandstorm\n|-heal|p2b: Sinistcha|89/100|[from] item: Leftovers\n|upkeep\n|turn|6\n|\n|t:|1776109677\n|move|p2a: Kleavor|Stone Axe|p1a: Sneasler\n|-resisted|p1a: Sneasler|1\n|-damage|p1a: Sneasler|11/100\n|move|p1a: Sneasler|Close Combat|p2a: Kleavor\n|-damage|p2a: Kleavor|15/100\n|-unboost|p1a: Sneasler|def|1\n|-unboost|p1a: Sneasler|spd|1\n|-enditem|p1a: Sneasler|White Herb\n|-clearnegativeboost|p1a: Sneasler|[silent]\n|move|p2b: Sinistcha|Matcha Gotcha|p1a: Sneasler\n|-resisted|p1a: Sneasler|1\n|-damage|p1a: Sneasler|0 fnt\n|-heal|p2b: Sinistcha|94/100|[from] drain|[of] p1a: Sneasler\n|faint|p1a: Sneasler\n|\n|win|Arcato\n|raw|pkmemes19's rating: 1265 &rarr; <strong>1236</strong><br />(-29 for losing)\n|raw|Arcato's rating: 1203 &rarr; <strong>1232</strong><br />(+29 for winning)\n|l|\u2606pkmemes19\n|player|p1|\n|c|\u2606Arcato|Gg\n",
  "uploadtime": 1776109690,
  "views": 37,
  "formatid": "gen9championsvgc2026regma",
  "rating": 1232,
  "private": 0,
  "password": null
}