{
  "id": "gen9championsvgc2026regma-2586698869",
  "format": "[Gen 9 Champions] VGC 2026 Reg M-A",
  "players": [
    "Avocanoodle",
    "Karaflius"
  ],
  "log": "|j|\u2606Avocanoodle\n|j|\u2606Karaflius\n|t:|1776453092\n|gametype|doubles\n|player|p1|Avocanoodle|sonia-professor|1090\n|player|p2|Karaflius|dragontamer|1086\n|gen|9\n|tier|[Gen 9 Champions] VGC 2026 Reg M-A\n|rated|\n|rule|Species Clause: Limit one of each Pok\u00e9mon\n|rule|Item Clause: Limit 1 of each item\n|clearpoke\n|poke|p1|Mudsdale, L50, F|\n|poke|p1|Maushold-Four, L50|\n|poke|p1|Feraligatr, L50, F|\n|poke|p1|Volcarona, L50, F|\n|poke|p1|Aegislash, L50, F|\n|poke|p1|Rotom-Mow, L50|\n|poke|p2|Lopunny, L50, F|\n|poke|p2|Basculegion, L50, M|\n|poke|p2|Archaludon, L50, F|\n|poke|p2|Sinistcha, L50|\n|poke|p2|Pelipper, L50, F|\n|poke|p2|Incineroar, L50, F|\n|teampreview|4\n|inactive|Battle timer is ON: inactive players will automatically lose when time's up. (requested by Avocanoodle)\n|inactive|Avocanoodle has 60 seconds left.\n|inactive|Karaflius has 60 seconds left.\n|\n|t:|1776453141\n|teamsize|p1|4\n|teamsize|p2|4\n|start\n|switch|p1a: Maushold|Maushold-Four, L50|100/100\n|switch|p1b: Mudsdale|Mudsdale, L50, F|100/100\n|switch|p2a: Incineroar|Incineroar, L50, F|100/100\n|switch|p2b: Pelipper|Pelipper, L50, F|100/100\n|-weather|RainDance|[from] ability: Drizzle|[of] p2b: Pelipper\n|-ability|p2a: Incineroar|Intimidate|boost\n|-unboost|p1a: Maushold|atk|1\n|-unboost|p1b: Mudsdale|atk|1\n|turn|1\n|\n|t:|1776453156\n|switch|p1b: Rotom|Rotom-Mow, L50|100/100\n|move|p1a: Maushold|Protect|p1a: Maushold\n|-singleturn|p1a: Maushold|Protect\n|move|p2a: Incineroar|Fake Out|p1b: Rotom\n|-damage|p1b: Rotom|90/100\n|move|p2b: Pelipper|Tailwind|p2b: Pelipper\n|-sidestart|p2: Karaflius|move: Tailwind\n|\n|-weather|RainDance|[upkeep]\n|upkeep\n|turn|2\n|inactive|Avocanoodle has 30 seconds left.\n|\n|t:|1776453188\n|move|p2b: Pelipper|Hurricane|p1b: Rotom\n|-damage|p1b: Rotom|52/100\n|move|p2a: Incineroar|Taunt|p1a: Maushold\n|-start|p1a: Maushold|move: Taunt\n|move|p1a: Maushold|Beat Up|p2b: Pelipper\n|-damage|p2b: Pelipper|98/100\n|-damage|p2b: Pelipper|96/100\n|-damage|p2b: Pelipper|93/100\n|-damage|p2b: Pelipper|90/100\n|-hitcount|p2b: Pelipper|4\n|move|p1b: Rotom|Volt Switch|p2b: Pelipper\n|-supereffective|p2b: Pelipper|2\n|-damage|p2b: Pelipper|0 fnt\n|faint|p2b: Pelipper\n|\n|t:|1776453198\n|switch|p1b: Feraligatr|Feraligatr, L50, F|100/100|[from] Volt Switch\n|\n|-weather|RainDance|[upkeep]\n|upkeep\n|\n|t:|1776453205\n|switch|p2b: Archaludon|Archaludon, L50, F|100/100\n|turn|3\n|\n|t:|1776453223\n|move|p2b: Archaludon|Electro Shot||[still]\n|-prepare|p2b: Archaludon|Electro Shot\n|-boost|p2b: Archaludon|spa|1\n|-anim|p2b: Archaludon|Electro Shot|p1b: Feraligatr\n|-supereffective|p1b: Feraligatr|1\n|-damage|p1b: Feraligatr|0 fnt\n|faint|p1b: Feraligatr\n|move|p2a: Incineroar|Parting Shot|p1a: Maushold\n|-unboost|p1a: Maushold|atk|1\n|-unboost|p1a: Maushold|spa|1\n|\n|t:|1776453232\n|switch|p2a: Basculegion|Basculegion, L50, M|100/100|[from] Parting Shot\n|move|p1a: Maushold|Beat Up|p2a: Basculegion\n|-supereffective|p2a: Basculegion|1\n|-damage|p2a: Basculegion|96/100\n|-supereffective|p2a: Basculegion|1\n|-damage|p2a: Basculegion|93/100\n|-supereffective|p2a: Basculegion|1\n|-damage|p2a: Basculegion|87/100\n|-hitcount|p2a: Basculegion|3\n|\n|-weather|RainDance|[upkeep]\n|upkeep\n|\n|t:|1776453238\n|switch|p1b: Mudsdale|Mudsdale, L50, F|100/100\n|turn|4\n|\n|t:|1776453256\n|move|p1b: Mudsdale|Protect|p1b: Mudsdale\n|-singleturn|p1b: Mudsdale|Protect\n|move|p2a: Basculegion|Wave Crash|p1b: Mudsdale\n|-activate|p1b: Mudsdale|move: Protect\n|move|p2b: Archaludon|Electro Shot||[still]\n|-prepare|p2b: Archaludon|Electro Shot\n|-boost|p2b: Archaludon|spa|1\n|-anim|p2b: Archaludon|Electro Shot|p1a: Maushold\n|-damage|p1a: Maushold|0 fnt\n|faint|p1a: Maushold\n|\n|-weather|RainDance|[upkeep]\n|-sideend|p2: Karaflius|move: Tailwind\n|upkeep\n|\n|t:|1776453261\n|switch|p1a: Rotom|Rotom-Mow, L50|52/100\n|turn|5\n|\n|t:|1776453284\n|move|p2a: Basculegion|Wave Crash|p1b: Mudsdale\n|-supereffective|p1b: Mudsdale|1\n|-damage|p1b: Mudsdale|0 fnt\n|faint|p1b: Mudsdale\n|-damage|p2a: Basculegion|53/100|[from] Recoil\n|move|p2b: Archaludon|Draco Meteor|p1a: Rotom\n|-damage|p1a: Rotom|0 fnt\n|-unboost|p2b: Archaludon|spa|2\n|faint|p1a: Rotom\n|\n|win|Karaflius\n|raw|Avocanoodle's rating: 1090 &rarr; <strong>1066</strong><br />(-24 for losing)\n|raw|Karaflius's rating: 1086 &rarr; <strong>1113</strong><br />(+27 for winning)\n",
  "uploadtime": 1776453284,
  "views": 26,
  "formatid": "gen9championsvgc2026regma",
  "rating": 1066,
  "private": 0,
  "password": null
}