{
  "id": "gen9championsvgc2026regma-2580449532",
  "format": "[Gen 9 Champions] VGC 2026 Reg M-A",
  "players": [
    "sixthsavior",
    "urioz"
  ],
  "log": "|j|\u2606sixthsavior\n|j|\u2606urioz\n|t:|1775898289\n|gametype|doubles\n|player|p1|sixthsavior|102|1094\n|player|p2|urioz|norman|1108\n|gen|9\n|tier|[Gen 9 Champions] VGC 2026 Reg M-A\n|rated|\n|rule|Species Clause: Limit one of each Pok\u00e9mon\n|rule|Item Clause: Limit 1 of each item\n|clearpoke\n|poke|p1|Audino, L50, M|\n|poke|p1|Goodra, L50, M|\n|poke|p1|Incineroar, L50, F|\n|poke|p1|Sinistcha-Masterpiece, L50|\n|poke|p1|Slowking-Galar, L50, M|\n|poke|p1|Chesnaught, L50, F|\n|poke|p2|Cofagrigus, L50, F|\n|poke|p2|Gardevoir, L50, F|\n|poke|p2|Gyarados, L50, F|\n|poke|p2|Garchomp, L50, M|\n|poke|p2|Tyranitar, L50, M|\n|poke|p2|Rotom-Heat, L50|\n|teampreview|4\n|\n|t:|1775898357\n|teamsize|p1|4\n|teamsize|p2|4\n|start\n|switch|p1a: Incineroar|Incineroar, L50, F|100/100\n|switch|p1b: Audino|Audino, L50, M|100/100\n|switch|p2a: Gyarados|Gyarados, L50, F|100/100\n|switch|p2b: Garchomp|Garchomp, L50, M|100/100\n|-ability|p2a: Gyarados|Intimidate|boost\n|-unboost|p1a: Incineroar|atk|1\n|-unboost|p1b: Audino|atk|1\n|-ability|p1a: Incineroar|Intimidate|boost\n|-unboost|p2a: Gyarados|atk|1\n|-unboost|p2b: Garchomp|atk|1\n|turn|1\n|\n|t:|1775898375\n|detailschange|p1b: Audino|Audino-Mega, L50, M\n|-mega|p1b: Audino|Audino|Audinite\n|move|p1a: Incineroar|Fake Out|p2b: Garchomp\n|-damage|p2b: Garchomp|94/100\n|cant|p2b: Garchomp|flinch\n|move|p2a: Gyarados|Taunt|p1b: Audino\n|-start|p1b: Audino|move: Taunt\n|cant|p1b: Audino|move: Taunt|Reflect\n|\n|upkeep\n|turn|2\n|\n|t:|1775898406\n|switch|p2b: Gardevoir|Gardevoir, L50, F|100/100\n|switch|p1a: Sinistcha|Sinistcha-Masterpiece, L50|100/100\n|move|p2a: Gyarados|Taunt|p1a: Sinistcha\n|-start|p1a: Sinistcha|move: Taunt\n|move|p1b: Audino|Chilling Water|p2b: Gardevoir\n|-damage|p2b: Gardevoir|91/100\n|-unboost|p2b: Gardevoir|atk|1\n|\n|upkeep\n|turn|3\n|\n|t:|1775898436\n|switch|p2a: Cofagrigus|Cofagrigus, L50, F|100/100\n|switch|p1b: Incineroar|Incineroar, L50, F|100/100\n|-ability|p1b: Incineroar|Intimidate|boost\n|-unboost|p2a: Cofagrigus|atk|1\n|-unboost|p2b: Gardevoir|atk|1\n|detailschange|p2b: Gardevoir|Gardevoir-Mega, L50, F\n|-mega|p2b: Gardevoir|Gardevoir|Gardevoirite\n|move|p2b: Gardevoir|Hyper Voice|p1b: Incineroar|[spread] p1a,p1b\n|-damage|p1a: Sinistcha|59/100\n|-damage|p1b: Incineroar|66/100\n|move|p1a: Sinistcha|Phantom Force||[still]\n|-prepare|p1a: Sinistcha|Phantom Force\n|\n|-heal|p1a: Sinistcha|66/100|[from] item: Leftovers\n|upkeep\n|turn|4\n|\n|t:|1775898468\n|switch|p2b: Gyarados|Gyarados, L50, F|100/100\n|-ability|p2b: Gyarados|Intimidate|boost\n|-unboost|p1a: Sinistcha|atk|1\n|-unboost|p1b: Incineroar|atk|1\n|move|p1a: Sinistcha|Phantom Force|p2b: Gyarados|[from] lockedmove\n|-crit|p2b: Gyarados\n|-damage|p2b: Gyarados|73/100\n|move|p1b: Incineroar|Parting Shot|p2b: Gyarados\n|-unboost|p2b: Gyarados|atk|1\n|-unboost|p2b: Gyarados|spa|1\n|\n|t:|1775898488\n|switch|p1b: Audino|Audino-Mega, L50, M|100/100|[from] Parting Shot\n|move|p2a: Cofagrigus|Shadow Ball|p1a: Sinistcha\n|-supereffective|p1a: Sinistcha|1\n|-damage|p1a: Sinistcha|21/100\n|\n|-heal|p1a: Sinistcha|27/100|[from] item: Leftovers\n|-end|p1a: Sinistcha|move: Taunt\n|upkeep\n|turn|5\n|inactive|Battle timer is ON: inactive players will automatically lose when time's up. (requested by sixthsavior)\n|\n|t:|1775898545\n|move|p2b: Gyarados|Taunt|p1b: Audino\n|-start|p1b: Audino|move: Taunt\n|move|p1a: Sinistcha|Strength Sap|p2b: Gyarados\n|-unboost|p2b: Gyarados|atk|1\n|-heal|p1a: Sinistcha|81/100\n|cant|p1b: Audino|move: Taunt|Life Dew\n|move|p2a: Cofagrigus|Shadow Ball|p1a: Sinistcha\n|-supereffective|p1a: Sinistcha|1\n|-damage|p1a: Sinistcha|39/100\n|\n|-heal|p1a: Sinistcha|45/100|[from] item: Leftovers\n|upkeep\n|turn|6\n|\n|t:|1775898563\n|switch|p1a: Incineroar|Incineroar, L50, F|66/100\n|-ability|p1a: Incineroar|Intimidate|boost\n|-unboost|p2a: Cofagrigus|atk|1\n|-unboost|p2b: Gyarados|atk|1\n|switch|p1b: Slowking|Slowking-Galar, L50, M|100/100\n|move|p2b: Gyarados|Taunt|p1a: Incineroar\n|-start|p1a: Incineroar|move: Taunt\n|move|p2a: Cofagrigus|Shadow Ball|p1a: Incineroar\n|-resisted|p1a: Incineroar|1\n|-damage|p1a: Incineroar|57/100\n|\n|upkeep\n|turn|7\n|inactive|urioz has 30 seconds left.\n|\n|t:|1775898590\n|move|p1a: Incineroar|Fake Out|p2b: Gyarados\n|-damage|p2b: Gyarados|65/100\n|cant|p2b: Gyarados|flinch\n|move|p1b: Slowking|Toxic|p2b: Gyarados\n|-status|p2b: Gyarados|tox\n|move|p2a: Cofagrigus|Shadow Ball|p1b: Slowking\n|-supereffective|p1b: Slowking|1\n|-damage|p1b: Slowking|71/100\n|\n|-damage|p2b: Gyarados|59/100 tox|[from] psn\n|upkeep\n|turn|8\n|\n|t:|1775898614\n|switch|p1a: Audino|Audino-Mega, L50, M|100/100\n|move|p2b: Gyarados|Waterfall|p1a: Audino\n|-crit|p1a: Audino\n|-damage|p1a: Audino|65/100\n|move|p1b: Slowking|Toxic Spikes|p2b: Gyarados\n|-sidestart|p2: urioz|move: Toxic Spikes\n|move|p2a: Cofagrigus|Shadow Ball|p1b: Slowking\n|-supereffective|p1b: Slowking|1\n|-damage|p1b: Slowking|37/100\n|\n|-damage|p2b: Gyarados|47/100 tox|[from] psn\n|upkeep\n|-enditem|p2b: Gyarados|Sitrus Berry|[eat]\n|-heal|p2b: Gyarados|72/100 tox|[from] item: Sitrus Berry\n|turn|9\n|inactive|urioz has 30 seconds left.\n|inactive|sixthsavior has 30 seconds left.\n|\n|t:|1775898657\n|switch|p1b: Sinistcha|Sinistcha-Masterpiece, L50|45/100\n|-heal|p1a: Audino|90/100|[from] ability: Hospitality|[of] p1b: Sinistcha\n|move|p2b: Gyarados|Taunt|p1a: Audino\n|-start|p1a: Audino|move: Taunt\n|move|p1a: Audino|Chilling Water|p2a: Cofagrigus\n|-damage|p2a: Cofagrigus|91/100\n|-unboost|p2a: Cofagrigus|atk|1\n|move|p2a: Cofagrigus|Shadow Ball|p1b: Sinistcha\n|-supereffective|p1b: Sinistcha|1\n|-damage|p1b: Sinistcha|5/100\n|\n|-heal|p1b: Sinistcha|11/100|[from] item: Leftovers\n|-heal|p2a: Cofagrigus|97/100|[from] item: Leftovers\n|-damage|p2b: Gyarados|54/100 tox|[from] psn\n|upkeep\n|turn|10\n|inactive|urioz has 30 seconds left.\n|inactive|urioz has 20 seconds left.\n|inactive|urioz has 15 seconds left.\n|inactive|urioz has 10 seconds left.\n|\n|t:|1775898703\n|switch|p1b: Slowking|Slowking-Galar, L50, M|70/100\n|move|p2b: Gyarados|Taunt|p1b: Slowking\n|-start|p1b: Slowking|move: Taunt\n|-enditem|p1b: Slowking|Mental Herb\n|-end|p1b: Slowking|move: Taunt\n|move|p1a: Audino|Chilling Water|p2b: Gyarados\n|-resisted|p2b: Gyarados|1\n|-damage|p2b: Gyarados|50/100 tox\n|-unboost|p2b: Gyarados|atk|1\n|move|p2a: Cofagrigus|Shadow Ball|p1b: Slowking\n|-supereffective|p1b: Slowking|1\n|-damage|p1b: Slowking|40/100\n|\n|-heal|p2a: Cofagrigus|100/100|[from] item: Leftovers\n|-damage|p2b: Gyarados|26/100 tox|[from] psn\n|upkeep\n|turn|11\n|inactive|urioz has 30 seconds left.\n|\n|t:|1775898731\n|switch|p1b: Incineroar|Incineroar, L50, F|57/100\n|-ability|p1b: Incineroar|Intimidate|boost\n|-unboost|p2a: Cofagrigus|atk|1\n|-unboost|p2b: Gyarados|atk|1\n|move|p2b: Gyarados|Waterfall|p1b: Incineroar\n|-supereffective|p1b: Incineroar|1\n|-damage|p1b: Incineroar|38/100\n|-enditem|p1b: Incineroar|Sitrus Berry|[eat]\n|-heal|p1b: Incineroar|63/100|[from] item: Sitrus Berry\n|move|p1a: Audino|Chilling Water|p2a: Cofagrigus\n|-damage|p2a: Cofagrigus|93/100\n|-unboost|p2a: Cofagrigus|atk|1\n|move|p2a: Cofagrigus|Shadow Ball|p1b: Incineroar\n|-resisted|p1b: Incineroar|1\n|-damage|p1b: Incineroar|54/100\n|\n|-heal|p2a: Cofagrigus|99/100|[from] item: Leftovers\n|-damage|p2b: Gyarados|0 fnt|[from] psn\n|faint|p2b: Gyarados\n|-end|p1a: Audino|move: Taunt\n|upkeep\n|\n|t:|1775898750\n|switch|p2b: Gardevoir|Gardevoir-Mega, L50, F|91/100\n|-status|p2b: Gardevoir|psn\n|turn|12\n|\n|t:|1775898771\n|move|p2b: Gardevoir|Protect|p2b: Gardevoir\n|-singleturn|p2b: Gardevoir|Protect\n|move|p1b: Incineroar|Fake Out|p2b: Gardevoir\n|-activate|p2b: Gardevoir|move: Protect\n|move|p1a: Audino|Life Dew|p1a: Audino|[spread] p1a,p1b\n|-heal|p1a: Audino|100/100\n|-heal|p1b: Incineroar|79/100\n|move|p2a: Cofagrigus|Disable|p1a: Audino\n|-start|p1a: Audino|Disable|Life Dew\n|\n|-heal|p2a: Cofagrigus|100/100|[from] item: Leftovers\n|-damage|p2b: Gardevoir|79/100 psn|[from] psn\n|upkeep\n|turn|13\n|inactive|urioz has 30 seconds left.\n|\n|t:|1775898801\n|move|p2b: Gardevoir|Hyper Voice|p1b: Incineroar|[spread] p1a,p1b\n|-damage|p1a: Audino|73/100\n|-damage|p1b: Incineroar|46/100\n|move|p1b: Incineroar|Snarl|p2b: Gardevoir|[spread] p2a,p2b\n|-supereffective|p2a: Cofagrigus|1\n|-crit|p2a: Cofagrigus\n|-damage|p2a: Cofagrigus|68/100\n|-damage|p2b: Gardevoir|69/100 psn\n|-unboost|p2a: Cofagrigus|spa|1\n|-unboost|p2b: Gardevoir|spa|1\n|move|p1a: Audino|Light Screen|p1a: Audino\n|-sidestart|p1: sixthsavior|move: Light Screen\n|move|p2a: Cofagrigus|Shadow Ball|p1b: Incineroar\n|-resisted|p1b: Incineroar|1\n|-damage|p1b: Incineroar|42/100\n|\n|-heal|p2a: Cofagrigus|74/100|[from] item: Leftovers\n|-damage|p2b: Gardevoir|57/100 psn|[from] psn\n|upkeep\n|turn|14\n|inactive|sixthsavior has 30 seconds left.\n|\n|t:|1775898835\n|switch|p2b: Garchomp|Garchomp, L50, M|94/100\n|-status|p2b: Garchomp|psn\n|switch|p1b: Slowking|Slowking-Galar, L50, M|73/100\n|move|p1a: Audino|Chilling Water|p2a: Cofagrigus\n|-damage|p2a: Cofagrigus|65/100\n|-unboost|p2a: Cofagrigus|atk|1\n|move|p2a: Cofagrigus|Disable||[still]\n|-fail|p2a: Cofagrigus\n|\n|-heal|p2a: Cofagrigus|71/100|[from] item: Leftovers\n|-damage|p2b: Garchomp|82/100 psn|[from] psn\n|upkeep\n|turn|15\n|inactive|sixthsavior has 30 seconds left.\n|inactive|sixthsavior has 20 seconds left.\n|inactive|sixthsavior has 15 seconds left.\n|\n|t:|1775898878\n|move|p2b: Garchomp|Stomping Tantrum|p1b: Slowking\n|-supereffective|p1b: Slowking|1\n|-damage|p1b: Slowking|0 fnt\n|faint|p1b: Slowking\n|move|p1a: Audino|Reflect|p1a: Audino\n|-sidestart|p1: sixthsavior|Reflect\n|move|p2a: Cofagrigus|Shadow Ball|p1a: Audino\n|-immune|p1a: Audino\n|\n|-heal|p2a: Cofagrigus|77/100|[from] item: Leftovers\n|-damage|p2b: Garchomp|69/100 psn|[from] psn\n|upkeep\n|\n|t:|1775898896\n|switch|p1b: Incineroar|Incineroar, L50, F|42/100\n|-ability|p1b: Incineroar|Intimidate|boost\n|-unboost|p2a: Cofagrigus|atk|0\n|-unboost|p2b: Garchomp|atk|1\n|turn|16\n|\n|t:|1775898909\n|switch|p2b: Gardevoir|Gardevoir-Mega, L50, F|57/100 psn\n|switch|p1a: Sinistcha|Sinistcha-Masterpiece, L50|11/100\n|-heal|p1b: Incineroar|67/100|[from] ability: Hospitality|[of] p1a: Sinistcha\n|move|p1b: Incineroar|Fake Out|p2b: Gardevoir\n|-damage|p2b: Gardevoir|46/100 psn\n|move|p2a: Cofagrigus|Shadow Ball|p1b: Incineroar\n|-resisted|p1b: Incineroar|1\n|-damage|p1b: Incineroar|63/100\n|\n|-heal|p1a: Sinistcha|17/100|[from] item: Leftovers\n|-heal|p2a: Cofagrigus|84/100|[from] item: Leftovers\n|-damage|p2b: Gardevoir|34/100 psn|[from] psn\n|upkeep\n|turn|17\n|\n|t:|1775898932\n|move|p1a: Sinistcha|Protect|p1a: Sinistcha\n|-singleturn|p1a: Sinistcha|Protect\n|move|p2b: Gardevoir|Hyper Voice|p1b: Incineroar|[spread] p1b\n|-activate|p1a: Sinistcha|move: Protect\n|-damage|p1b: Incineroar|42/100\n|move|p1b: Incineroar|Parting Shot|p2b: Gardevoir\n|-unboost|p2b: Gardevoir|atk|1\n|-unboost|p2b: Gardevoir|spa|1\n|\n|t:|1775898941\n|switch|p1b: Audino|Audino-Mega, L50, M|73/100|[from] Parting Shot\n|move|p2a: Cofagrigus|Shadow Ball|p1b: Audino\n|-immune|p1b: Audino\n|\n|-heal|p1a: Sinistcha|24/100|[from] item: Leftovers\n|-heal|p2a: Cofagrigus|90/100|[from] item: Leftovers\n|-damage|p2b: Gardevoir|22/100 psn|[from] psn\n|-sideend|p1: sixthsavior|move: Light Screen\n|upkeep\n|turn|18\n|inactive|urioz has 30 seconds left.\n|\n|t:|1775898966\n|switch|p1a: Incineroar|Incineroar, L50, F|42/100\n|-ability|p1a: Incineroar|Intimidate|boost\n|-unboost|p2a: Cofagrigus|atk|0\n|-unboost|p2b: Gardevoir|atk|1\n|move|p2b: Gardevoir|Hyper Voice|p1a: Incineroar|[spread] p1a,p1b\n|-damage|p1a: Incineroar|21/100\n|-damage|p1b: Audino|57/100\n|move|p1b: Audino|Life Dew|p1b: Audino|[spread] p1a,p1b\n|-heal|p1a: Incineroar|46/100\n|-heal|p1b: Audino|82/100\n|move|p2a: Cofagrigus|Shadow Ball|p1a: Incineroar\n|-resisted|p1a: Incineroar|1\n|-damage|p1a: Incineroar|40/100\n|\n|-heal|p2a: Cofagrigus|96/100|[from] item: Leftovers\n|-damage|p2b: Gardevoir|10/100 psn|[from] psn\n|upkeep\n|turn|19\n|inactive|urioz has 30 seconds left.\n|inactive|urioz has 20 seconds left.\n|inactive|sixthsavior has 30 seconds left.\n|inactive|urioz has 15 seconds left.\n|inactive|urioz has 10 seconds left.\n|\n|t:|1775899013\n|move|p2b: Gardevoir|Hyper Voice|p1b: Audino|[spread] p1a,p1b\n|-damage|p1a: Incineroar|17/100\n|-damage|p1b: Audino|63/100\n|move|p1a: Incineroar|Parting Shot|p2b: Gardevoir\n|-unboost|p2b: Gardevoir|atk|1\n|-unboost|p2b: Gardevoir|spa|1\n|\n|t:|1775899020\n|switch|p1a: Sinistcha|Sinistcha-Masterpiece, L50|24/100|[from] Parting Shot\n|-heal|p1b: Audino|88/100|[from] ability: Hospitality|[of] p1a: Sinistcha\n|move|p1b: Audino|Life Dew|p1b: Audino|[spread] p1a,p1b\n|-heal|p1a: Sinistcha|49/100\n|-heal|p1b: Audino|100/100\n|move|p2a: Cofagrigus|Will-O-Wisp|p1b: Audino\n|-status|p1b: Audino|brn\n|\n|-heal|p1a: Sinistcha|55/100|[from] item: Leftovers\n|-heal|p2a: Cofagrigus|100/100|[from] item: Leftovers\n|-damage|p2b: Gardevoir|0 fnt|[from] psn\n|faint|p2b: Gardevoir\n|-damage|p1b: Audino|94/100 brn|[from] brn\n|-sideend|p1: sixthsavior|Reflect\n|upkeep\n|\n|t:|1775899030\n|switch|p2b: Garchomp|Garchomp, L50, M|69/100 psn\n|turn|20\n|inactive|urioz has 30 seconds left.\n|\n|t:|1775899061\n|move|p1a: Sinistcha|Protect|p1a: Sinistcha\n|-singleturn|p1a: Sinistcha|Protect\n|move|p2b: Garchomp|Earthquake|p1b: Audino|[spread] p2a,p1b\n|-activate|p1a: Sinistcha|move: Protect\n|-damage|p2a: Cofagrigus|66/100\n|-damage|p1b: Audino|64/100 brn\n|move|p1b: Audino|Chilling Water|p2b: Garchomp\n|-damage|p2b: Garchomp|59/100 psn\n|-unboost|p2b: Garchomp|atk|1\n|move|p2a: Cofagrigus|Shadow Ball|p1a: Sinistcha\n|-activate|p1a: Sinistcha|move: Protect\n|\n|-heal|p1a: Sinistcha|61/100|[from] item: Leftovers\n|-heal|p2a: Cofagrigus|72/100|[from] item: Leftovers\n|-damage|p2b: Garchomp|46/100 psn|[from] psn\n|-damage|p1b: Audino|58/100 brn|[from] brn\n|upkeep\n|turn|21\n|inactive|urioz has 30 seconds left this turn.\n|inactive|urioz has 20 seconds left.\n|inactive|urioz has 15 seconds left.\n|inactive|urioz has 10 seconds left.\n|\n|t:|1775899085\n|move|p2b: Garchomp|Stomping Tantrum|p1a: Sinistcha\n|-resisted|p1a: Sinistcha|1\n|-damage|p1a: Sinistcha|48/100\n|move|p1a: Sinistcha|Strength Sap|p2b: Garchomp\n|-unboost|p2b: Garchomp|atk|1\n|-heal|p1a: Sinistcha|100/100\n|move|p1b: Audino|Life Dew||[still]|[spread] p1a,p1b\n|-fail|p1a: Sinistcha|heal\n|-heal|p1b: Audino|83/100 brn\n|move|p2a: Cofagrigus|Shadow Ball|p1a: Sinistcha\n|-supereffective|p1a: Sinistcha|1\n|-damage|p1a: Sinistcha|72/100\n|\n|-heal|p1a: Sinistcha|79/100|[from] item: Leftovers\n|-heal|p2a: Cofagrigus|78/100|[from] item: Leftovers\n|-damage|p2b: Garchomp|34/100 psn|[from] psn\n|-damage|p1b: Audino|77/100 brn|[from] brn\n|upkeep\n|turn|22\n|inactive|urioz has 10 seconds left this turn.\n|inactive|urioz has 5 seconds left.\n|\n|t:|1775899101\n|move|p2b: Garchomp|Earthquake|p1a: Sinistcha|[spread] p2a,p1a,p1b\n|-resisted|p1a: Sinistcha|1\n|-damage|p2a: Cofagrigus|62/100\n|-damage|p1a: Sinistcha|68/100\n|-damage|p1b: Audino|61/100 brn\n|move|p1a: Sinistcha|Life Dew|p1a: Sinistcha|[spread] p1a,p1b\n|-heal|p1a: Sinistcha|94/100\n|-heal|p1b: Audino|87/100 brn\n|move|p1b: Audino|Life Dew|p1b: Audino|[spread] p1a,p1b\n|-heal|p1a: Sinistcha|100/100\n|-heal|p1b: Audino|100/100 brn\n|move|p2a: Cofagrigus|Shadow Ball|p1a: Sinistcha\n|-supereffective|p1a: Sinistcha|1\n|-damage|p1a: Sinistcha|72/100\n|\n|-heal|p1a: Sinistcha|79/100|[from] item: Leftovers\n|-heal|p2a: Cofagrigus|68/100|[from] item: Leftovers\n|-damage|p2b: Garchomp|22/100 psn|[from] psn\n|-damage|p1b: Audino|94/100 brn|[from] brn\n|upkeep\n|turn|23\n|inactive|urioz has 5 seconds left this turn.\n|-message|urioz lost due to inactivity.\n|\n|win|sixthsavior\n|raw|sixthsavior's rating: 1094 &rarr; <strong>1121</strong><br />(+27 for winning)\n|raw|urioz's rating: 1108 &rarr; <strong>1082</strong><br />(-26 for losing)\n|c|\u2606urioz|men\n|l|\u2606urioz\n|player|p2|\n",
  "uploadtime": 1775899123,
  "views": 20,
  "formatid": "gen9championsvgc2026regma",
  "rating": 1082,
  "private": 0,
  "password": null
}