{
  "id": "gen9championsvgc2026regma-2583799921",
  "format": "[Gen 9 Champions] VGC 2026 Reg M-A",
  "players": [
    "shinja yug",
    "HumDinger"
  ],
  "log": "|j|\u2606shinja yug\n|j|\u2606HumDinger\n|t:|1776198593\n|gametype|doubles\n|player|p1|shinja yug|li|1000\n|player|p2|HumDinger|2|1013\n|gen|9\n|tier|[Gen 9 Champions] VGC 2026 Reg M-A\n|rated|\n|rule|Species Clause: Limit one of each Pok\u00e9mon\n|rule|Item Clause: Limit 1 of each item\n|clearpoke\n|poke|p1|Talonflame, L50, F|\n|poke|p1|Pinsir, L50, M|\n|poke|p1|Clefable, L50, F|\n|poke|p1|Basculegion, L50, M|\n|poke|p1|Dragapult, L50, M|\n|poke|p1|Milotic, L50, F|\n|poke|p2|Meganium, L50, M|\n|poke|p2|Archaludon, L50, M|\n|poke|p2|Basculegion, L50, M|\n|poke|p2|Maushold, L50|\n|poke|p2|Politoed, L50, F|\n|poke|p2|Talonflame, L50, M|\n|teampreview|4\n|\n|t:|1776198627\n|teamsize|p1|4\n|teamsize|p2|4\n|start\n|switch|p1a: Clefable|Clefable, L50, F|100/100\n|switch|p1b: Dragapult|Dragapult, L50, M|100/100\n|switch|p2a: Politoed|Politoed, L50, F|100/100\n|switch|p2b: Talonflame|Talonflame, L50, M|100/100\n|-weather|RainDance|[from] ability: Drizzle|[of] p2a: Politoed\n|turn|1\n|\n|t:|1776198647\n|move|p1a: Clefable|Follow Me|p1a: Clefable\n|-singleturn|p1a: Clefable|move: Follow Me\n|move|p2b: Talonflame|Tailwind|p2b: Talonflame\n|-sidestart|p2: HumDinger|move: Tailwind\n|move|p1b: Dragapult|Dragon Dance|p1b: Dragapult\n|-boost|p1b: Dragapult|atk|1\n|-boost|p1b: Dragapult|spe|1\n|move|p2a: Politoed|Icy Wind|p1b: Dragapult|[spread] p1a,p1b\n|-supereffective|p1b: Dragapult|1\n|-damage|p1a: Clefable|92/100\n|-damage|p1b: Dragapult|81/100\n|-unboost|p1a: Clefable|spe|1\n|\n|-weather|RainDance|[upkeep]\n|-heal|p1a: Clefable|98/100|[from] item: Leftovers\n|upkeep\n|turn|2\n|\n|t:|1776198673\n|move|p2a: Politoed|Helping Hand|p2b: Talonflame\n|-singleturn|p2b: Talonflame|Helping Hand|[of] p2a: Politoed\n|move|p2b: Talonflame|Hurricane|p1b: Dragapult\n|-damage|p1b: Dragapult|7/100\n|move|p1b: Dragapult|Phantom Force||[still]\n|-prepare|p1b: Dragapult|Phantom Force\n|move|p1a: Clefable|Moonblast|p2a: Politoed\n|-damage|p2a: Politoed|72/100\n|\n|-weather|RainDance|[upkeep]\n|-heal|p1a: Clefable|100/100|[from] item: Leftovers\n|upkeep\n|turn|3\n|\n|t:|1776198713\n|switch|p2a: Archaludon|Archaludon, L50, M|100/100\n|move|p2b: Talonflame|Hurricane|p1a: Clefable\n|-damage|p1a: Clefable|58/100\n|move|p1b: Dragapult|Phantom Force|p2b: Talonflame|[from] lockedmove\n|-damage|p2b: Talonflame|0 fnt\n|faint|p2b: Talonflame\n|move|p1a: Clefable|Moonblast|p2a: Archaludon\n|-damage|p2a: Archaludon|43/100\n|\n|-weather|RainDance|[upkeep]\n|-heal|p1a: Clefable|64/100|[from] item: Leftovers\n|upkeep\n|\n|t:|1776198726\n|switch|p2b: Meganium|Meganium, L50, M|100/100\n|turn|4\n|\n|t:|1776198741\n|detailschange|p2b: Meganium|Meganium-Mega, L50, M\n|-mega|p2b: Meganium|Meganium|Meganiumite\n|move|p1b: Dragapult|Protect|p1b: Dragapult\n|-singleturn|p1b: Dragapult|Protect\n|move|p2a: Archaludon|Electro Shot||[still]\n|-prepare|p2a: Archaludon|Electro Shot\n|-boost|p2a: Archaludon|spa|1\n|-anim|p2a: Archaludon|Electro Shot|p1a: Clefable\n|-damage|p1a: Clefable|24/100\n|move|p2b: Meganium|Dazzling Gleam|p1b: Dragapult|[spread] p1a\n|-activate|p1b: Dragapult|move: Protect\n|-damage|p1a: Clefable|0 fnt\n|faint|p1a: Clefable\n|\n|-weather|RainDance|[upkeep]\n|-sideend|p2: HumDinger|move: Tailwind\n|upkeep\n|\n|t:|1776198761\n|switch|p1a: Pinsir|Pinsir, L50, M|100/100\n|turn|5\n|\n|t:|1776198776\n|detailschange|p1a: Pinsir|Pinsir-Mega, L50, M\n|-mega|p1a: Pinsir|Pinsir|Pinsirite\n|move|p2b: Meganium|Protect|p2b: Meganium\n|-singleturn|p2b: Meganium|Protect\n|move|p1b: Dragapult|Dragon Darts|p2a: Archaludon\n|-crit|p2a: Archaludon\n|-damage|p2a: Archaludon|0 fnt\n|faint|p2a: Archaludon\n|move|p1a: Pinsir|Body Slam|p2b: Meganium\n|-activate|p2b: Meganium|move: Protect\n|\n|-weather|none\n|upkeep\n|\n|t:|1776198786\n|switch|p2a: Politoed|Politoed, L50, F|72/100\n|-weather|RainDance|[from] ability: Drizzle|[of] p2a: Politoed\n|turn|6\n|\n|t:|1776198797\n|move|p1b: Dragapult|Dragon Darts|p2a: Politoed\n|-damage|p2a: Politoed|37/100\n|-enditem|p2a: Politoed|Sitrus Berry|[eat]\n|-heal|p2a: Politoed|61/100|[from] item: Sitrus Berry\n|-anim|p1b: Dragapult|Dragon Darts|p2a: Politoed\n|-damage|p2a: Politoed|23/100\n|move|p1a: Pinsir|Body Slam|p2b: Meganium\n|-supereffective|p2b: Meganium|1\n|-damage|p2b: Meganium|0 fnt\n|faint|p2b: Meganium\n|move|p2a: Politoed|Icy Wind|p1b: Dragapult|[spread] p1a,p1b\n|-supereffective|p1a: Pinsir|1\n|-supereffective|p1b: Dragapult|1\n|-damage|p1a: Pinsir|73/100\n|-damage|p1b: Dragapult|0 fnt\n|-unboost|p1a: Pinsir|spe|1\n|faint|p1b: Dragapult\n|\n|-weather|RainDance|[upkeep]\n|upkeep\n|\n|t:|1776198804\n|switch|p1b: Basculegion|Basculegion, L50, M|100/100\n|turn|7\n|\n|t:|1776198815\n|move|p1b: Basculegion|Last Respects|p2a: Politoed\n|-damage|p2a: Politoed|0 fnt\n|faint|p2a: Politoed\n|\n|win|shinja yug\n|raw|shinja yug's rating: 1000 &rarr; <strong>1041</strong><br />(+41 for winning)\n|raw|HumDinger's rating: 1013 &rarr; <strong>1001</strong><br />(-12 for losing)\n|c|\u2606HumDinger|gg\n|c|\u2606shinja yug|gg\n",
  "uploadtime": 1776198826,
  "views": 24,
  "formatid": "gen9championsvgc2026regma",
  "rating": 1001,
  "private": 0,
  "password": null
}