{
  "id": "gen9championsvgc2026regma-2585558033",
  "format": "[Gen 9 Champions] VGC 2026 Reg M-A",
  "players": [
    "Fumpko",
    "asap_jrob"
  ],
  "log": "|j|\u2606Fumpko\n|j|\u203dasap_jrob\n|t:|1776355419\n|gametype|doubles\n|player|p1|Fumpko|swimmer-gen4|1092\n|player|p2|asap_jrob|170|1057\n|gen|9\n|tier|[Gen 9 Champions] VGC 2026 Reg M-A\n|rated|\n|rule|Species Clause: Limit one of each Pok\u00e9mon\n|rule|Item Clause: Limit 1 of each item\n|clearpoke\n|poke|p1|Glimmora, L50, F|\n|poke|p1|Sneasler, L50, F|\n|poke|p1|Slowking-Galar, L50, F|\n|poke|p1|Salazzle, L50, F|\n|poke|p1|Victreebel, L50, F|\n|poke|p1|Toxapex, L50, M|\n|poke|p2|Skeledirge, L50, F|\n|poke|p2|Volcarona, L50, M|\n|poke|p2|Sneasler, L50, M|\n|poke|p2|Rhyperior, L50, F|\n|poke|p2|Gardevoir, L50, F|\n|poke|p2|Incineroar, L50, F|\n|teampreview|4\n|\n|t:|1776355444\n|teamsize|p1|4\n|teamsize|p2|4\n|start\n|switch|p1a: Posion's Savior|Sneasler, L50, F|100/100\n|switch|p1b: Non-participant|Salazzle, L50, F|100/100\n|switch|p2a: Skeledirge|Skeledirge, L50, F|100/100\n|switch|p2b: Volcarona|Volcarona, L50, M|100/100\n|turn|1\n|\n|t:|1776355460\n|move|p2b: Volcarona|Protect|p2b: Volcarona\n|-singleturn|p2b: Volcarona|Protect\n|move|p2a: Skeledirge|Protect|p2a: Skeledirge\n|-singleturn|p2a: Skeledirge|Protect\n|move|p1a: Posion's Savior|Dire Claw|p2a: Skeledirge\n|-activate|p2a: Skeledirge|move: Protect\n|move|p1b: Non-participant|Substitute|p1b: Non-participant\n|-start|p1b: Non-participant|Substitute\n|-damage|p1b: Non-participant|76/100\n|\n|-heal|p1b: Non-participant|82/100|[from] item: Leftovers\n|upkeep\n|turn|2\n|\n|t:|1776355491\n|move|p1a: Posion's Savior|Dire Claw|p2a: Skeledirge\n|-resisted|p2a: Skeledirge|1\n|-damage|p2a: Skeledirge|81/100\n|move|p1b: Non-participant|Toxic|p2b: Volcarona\n|-status|p2b: Volcarona|tox\n|move|p2b: Volcarona|Tailwind|p2b: Volcarona\n|-sidestart|p2: asap_jrob|move: Tailwind\n|move|p2a: Skeledirge|Torch Song|p1a: Posion's Savior\n|-damage|p1a: Posion's Savior|39/100\n|-boost|p2a: Skeledirge|spa|1\n|\n|-heal|p1b: Non-participant|87/100|[from] item: Leftovers\n|-damage|p2b: Volcarona|94/100 tox|[from] psn\n|upkeep\n|turn|3\n|\n|t:|1776355528\n|switch|p1a: EvilAhWizard|Slowking-Galar, L50, F|100/100\n|move|p1b: Non-participant|Protect|p1b: Non-participant\n|-singleturn|p1b: Non-participant|Protect\n|move|p2b: Volcarona|Bug Buzz|p1b: Non-participant\n|-activate|p1b: Non-participant|move: Protect\n|move|p2a: Skeledirge|Torch Song|p1b: Non-participant\n|-activate|p1b: Non-participant|move: Protect\n|\n|-heal|p1b: Non-participant|93/100|[from] item: Leftovers\n|-damage|p2b: Volcarona|82/100 tox|[from] psn\n|upkeep\n|turn|4\n|\n|t:|1776355561\n|move|p2b: Volcarona|Bug Buzz|p1b: Non-participant\n|-resisted|p1b: Non-participant|2\n|-damage|p1b: Non-participant|79/100\n|move|p2a: Skeledirge|Shadow Ball|p1a: EvilAhWizard\n|-supereffective|p1a: EvilAhWizard|1\n|-damage|p1a: EvilAhWizard|6/100\n|move|p1b: Non-participant|Toxic|p2a: Skeledirge\n|-status|p2a: Skeledirge|tox\n|-prepare|p1a: EvilAhWizard|Chilly Reception|[premajor]\n|move|p1a: EvilAhWizard|Chilly Reception|p1a: EvilAhWizard\n|-weather|Snowscape\n|\n|t:|1776355575\n|switch|p1a: Brian Look Out!|Victreebel, L50, F|100/100|[from] Chilly Reception\n|\n|-weather|Snowscape|[upkeep]\n|-heal|p1b: Non-participant|85/100|[from] item: Leftovers\n|-damage|p2b: Volcarona|63/100 tox|[from] psn\n|-damage|p2a: Skeledirge|75/100 tox|[from] psn\n|upkeep\n|turn|5\n|\n|t:|1776355597\n|detailschange|p1a: Brian Look Out!|Victreebel-Mega, L50, F\n|-mega|p1a: Brian Look Out!|Victreebel|Victreebelite\n|move|p1b: Non-participant|Protect|p1b: Non-participant\n|-singleturn|p1b: Non-participant|Protect\n|move|p1a: Brian Look Out!|Protect|p1a: Brian Look Out!\n|-singleturn|p1a: Brian Look Out!|Protect\n|move|p2b: Volcarona|Bug Buzz|p1b: Non-participant\n|-activate|p1b: Non-participant|move: Protect\n|move|p2a: Skeledirge|Torch Song|p1a: Brian Look Out!\n|-activate|p1a: Brian Look Out!|move: Protect\n|\n|-weather|Snowscape|[upkeep]\n|-heal|p1b: Non-participant|91/100|[from] item: Leftovers\n|-damage|p2b: Volcarona|38/100 tox|[from] psn\n|-damage|p2a: Skeledirge|62/100 tox|[from] psn\n|-sideend|p2: asap_jrob|move: Tailwind\n|upkeep\n|turn|6\n|\n|t:|1776355638\n|move|p1b: Non-participant|Encore|p2a: Skeledirge\n|-start|p2a: Skeledirge|Encore\n|move|p2b: Volcarona|Tailwind|p2b: Volcarona\n|-sidestart|p2: asap_jrob|move: Tailwind\n|move|p2a: Skeledirge|Torch Song|p1b: Non-participant\n|-resisted|p1b: Non-participant|1\n|-damage|p1b: Non-participant|34/100\n|-boost|p2a: Skeledirge|spa|1\n|move|p1a: Brian Look Out!|Strength Sap|p2b: Volcarona\n|-unboost|p2b: Volcarona|atk|1\n|\n|-weather|Snowscape|[upkeep]\n|-heal|p1b: Non-participant|40/100|[from] item: Leftovers\n|-damage|p2b: Volcarona|7/100 tox|[from] psn\n|-damage|p2a: Skeledirge|44/100 tox|[from] psn\n|upkeep\n|turn|7\n|\n|t:|1776355661\n|move|p1b: Non-participant|Protect|p1b: Non-participant\n|-singleturn|p1b: Non-participant|Protect\n|move|p1a: Brian Look Out!|Protect|p1a: Brian Look Out!\n|-singleturn|p1a: Brian Look Out!|Protect\n|move|p2b: Volcarona|Bug Buzz|p1b: Non-participant\n|-activate|p1b: Non-participant|move: Protect\n|move|p2a: Skeledirge|Torch Song|p1a: Brian Look Out!\n|-activate|p1a: Brian Look Out!|move: Protect\n|\n|-weather|Snowscape|[upkeep]\n|-heal|p1b: Non-participant|46/100|[from] item: Leftovers\n|-damage|p2b: Volcarona|0 fnt|[from] psn\n|faint|p2b: Volcarona\n|-damage|p2a: Skeledirge|20/100 tox|[from] psn\n|upkeep\n|\n|t:|1776355680\n|switch|p2b: Rhyperior|Rhyperior, L50, F|100/100\n|turn|8\n|\n|t:|1776355696\n|move|p2a: Skeledirge|Torch Song|p1a: Brian Look Out!\n|-supereffective|p1a: Brian Look Out!|1\n|-damage|p1a: Brian Look Out!|0 fnt\n|-boost|p2a: Skeledirge|spa|1\n|-damage|p2a: Skeledirge|0 fnt|[from] ability: Innards Out|[of] p1a: Brian Look Out!\n|faint|p1a: Brian Look Out!\n|faint|p2a: Skeledirge\n|move|p1b: Non-participant|Toxic|p2b: Rhyperior\n|-status|p2b: Rhyperior|tox\n|move|p2b: Rhyperior|Rock Wrecker|p1b: Non-participant\n|-supereffective|p1b: Non-participant|1\n|-end|p1b: Non-participant|Substitute\n|-mustrecharge|p2b: Rhyperior\n|\n|-weather|none\n|-heal|p1b: Non-participant|51/100|[from] item: Leftovers\n|-damage|p2b: Rhyperior|94/100 tox|[from] psn\n|upkeep\n|\n|t:|1776355716\n|switch|p1a: Posion's Savior|Sneasler, L50, F|39/100\n|switch|p2a: Gardevoir|Gardevoir, L50, F|100/100\n|turn|9\n|\n|t:|1776355728\n|move|p2a: Gardevoir|Protect|p2a: Gardevoir\n|-singleturn|p2a: Gardevoir|Protect\n|move|p1b: Non-participant|Protect|p1b: Non-participant\n|-singleturn|p1b: Non-participant|Protect\n|move|p1a: Posion's Savior|Fake Out|p2b: Rhyperior\n|-resisted|p2b: Rhyperior|1\n|-damage|p2b: Rhyperior|89/100 tox\n|cant|p2b: Rhyperior|recharge\n|\n|-heal|p1b: Non-participant|57/100|[from] item: Leftovers\n|-damage|p2b: Rhyperior|77/100 tox|[from] psn\n|-sideend|p2: asap_jrob|move: Tailwind\n|upkeep\n|turn|10\n|\n|t:|1776355761\n|detailschange|p2a: Gardevoir|Gardevoir-Mega, L50, F\n|-mega|p2a: Gardevoir|Gardevoir|Gardevoirite\n|move|p1a: Posion's Savior|Close Combat|p2b: Rhyperior\n|-supereffective|p2b: Rhyperior|1\n|-damage|p2b: Rhyperior|2/100 tox\n|-unboost|p1a: Posion's Savior|def|1\n|-unboost|p1a: Posion's Savior|spd|1\n|move|p1b: Non-participant|Substitute|p1b: Non-participant\n|-start|p1b: Non-participant|Substitute\n|-damage|p1b: Non-participant|32/100\n|move|p2a: Gardevoir|Hyper Voice|p1b: Non-participant|[spread] p1a,p1b\n|-resisted|p1b: Non-participant|2\n|-crit|p1b: Non-participant\n|-damage|p1a: Posion's Savior|0 fnt\n|-damage|p1b: Non-participant|6/100\n|faint|p1a: Posion's Savior\n|move|p2b: Rhyperior|Earthquake|p1b: Non-participant|[spread] p2a,p1b\n|-supereffective|p1b: Non-participant|2\n|-end|p1b: Non-participant|Substitute\n|-damage|p2a: Gardevoir|37/100\n|\n|-heal|p1b: Non-participant|12/100|[from] item: Leftovers\n|-damage|p2b: Rhyperior|0 fnt|[from] psn\n|faint|p2b: Rhyperior\n|upkeep\n|\n|t:|1776355783\n|switch|p1a: EvilAhWizard|Slowking-Galar, L50, F|39/100\n|turn|11\n|\n|t:|1776355794\n|move|p1b: Non-participant|Protect|p1b: Non-participant\n|-singleturn|p1b: Non-participant|Protect\n|move|p2a: Gardevoir|Hyper Voice|p1b: Non-participant|[spread] p1a\n|-activate|p1b: Non-participant|move: Protect\n|-resisted|p1a: EvilAhWizard|1\n|-damage|p1a: EvilAhWizard|20/100\n|move|p1a: EvilAhWizard|Sludge Bomb|p2a: Gardevoir\n|-supereffective|p2a: Gardevoir|1\n|-damage|p2a: Gardevoir|0 fnt\n|faint|p2a: Gardevoir\n|\n|win|Fumpko\n|raw|Fumpko's rating: 1092 &rarr; <strong>1116</strong><br />(+24 for winning)\n|raw|asap_jrob's rating: 1057 &rarr; <strong>1040</strong><br />(-17 for losing)\n|c|\u2606Fumpko|Gg!\n|l|\u203dasap_jrob\n|player|p2|\n",
  "uploadtime": 1776355811,
  "views": 30,
  "formatid": "gen9championsvgc2026regma",
  "rating": 1040,
  "private": 0,
  "password": null
}