{
  "id": "gen9championsvgc2026regma-2582381932",
  "format": "[Gen 9 Champions] VGC 2026 Reg M-A",
  "players": [
    "CV01 JUMP",
    "poketetas"
  ],
  "log": "|j|\u2606CV01 JUMP\n|j|\u2606poketetas\n|t:|1776087910\n|gametype|doubles\n|player|p1|CV01 JUMP|miku-fire|1050\n|player|p2|poketetas|alder|1003\n|gen|9\n|tier|[Gen 9 Champions] VGC 2026 Reg M-A\n|rated|\n|rule|Species Clause: Limit one of each Pok\u00e9mon\n|rule|Item Clause: Limit 1 of each item\n|clearpoke\n|poke|p1|Tyranitar, L50, F|\n|poke|p1|Excadrill, L50, F|\n|poke|p1|Gardevoir, L50, M|\n|poke|p1|Sinistcha, L50|\n|poke|p1|Gyarados, L50, M|\n|poke|p1|Rotom-Heat, L50|\n|poke|p2|Charizard, L50, M|\n|poke|p2|Venusaur, L50, F|\n|poke|p2|Garchomp, L50, M|\n|poke|p2|Incineroar, L50, F|\n|poke|p2|Gardevoir, L50, F|\n|poke|p2|Milotic, L50, F|\n|teampreview|4\n|inactive|Battle timer is ON: inactive players will automatically lose when time's up. (requested by poketetas)\n|\n|t:|1776087964\n|teamsize|p1|4\n|teamsize|p2|4\n|start\n|switch|p1a: Tyranitar|Tyranitar, L50, F|100/100\n|switch|p1b: Excadrill|Excadrill, L50, F|100/100\n|switch|p2a: Charizard|Charizard, L50, M|100/100\n|switch|p2b: Incineroar|Incineroar, L50, F|100/100\n|-weather|Sandstorm|[from] ability: Sand Stream|[of] p1a: Tyranitar\n|-ability|p2b: Incineroar|Intimidate|boost\n|-unboost|p1a: Tyranitar|atk|1\n|-unboost|p1b: Excadrill|atk|1\n|turn|1\n|\n|t:|1776087982\n|switch|p1b: Gyarados|Gyarados, L50, M|100/100\n|-ability|p1b: Gyarados|Intimidate|boost\n|-unboost|p2a: Charizard|atk|1\n|-unboost|p2b: Incineroar|atk|1\n|switch|p1a: Rotom|Rotom-Heat, L50|100/100\n|move|p2a: Charizard|Protect|p2a: Charizard\n|-singleturn|p2a: Charizard|Protect\n|move|p2b: Incineroar|Fake Out|p1b: Gyarados\n|-damage|p1b: Gyarados|94/100\n|\n|-weather|Sandstorm|[upkeep]\n|-damage|p1a: Rotom|94/100|[from] Sandstorm\n|-damage|p2a: Charizard|94/100|[from] Sandstorm\n|-damage|p1b: Gyarados|88/100|[from] Sandstorm\n|-damage|p2b: Incineroar|95/100|[from] Sandstorm\n|-heal|p1b: Gyarados|94/100|[from] item: Leftovers\n|upkeep\n|turn|2\n|\n|t:|1776088007\n|switch|p2a: Garchomp|Garchomp, L50, M|100/100\n|move|p1a: Rotom|Volt Switch|p2a: Garchomp\n|-immune|p2a: Garchomp\n|move|p1b: Gyarados|Thunder Wave|p2b: Incineroar\n|-status|p2b: Incineroar|par\n|cant|p2b: Incineroar|par\n|\n|-weather|Sandstorm|[upkeep]\n|-damage|p1a: Rotom|88/100|[from] Sandstorm\n|-damage|p1b: Gyarados|88/100|[from] Sandstorm\n|-damage|p2b: Incineroar|89/100 par|[from] Sandstorm\n|-heal|p1b: Gyarados|94/100|[from] item: Leftovers\n|upkeep\n|turn|3\n|\n|t:|1776088030\n|switch|p1b: Tyranitar|Tyranitar, L50, F|100/100\n|move|p1a: Rotom|Volt Switch|p2b: Incineroar\n|-damage|p2b: Incineroar|57/100 par\n|\n|t:|1776088038\n|switch|p1a: Gyarados|Gyarados, L50, M|94/100|[from] Volt Switch\n|-ability|p1a: Gyarados|Intimidate|boost\n|-unboost|p2a: Garchomp|atk|1\n|-unboost|p2b: Incineroar|atk|1\n|-enditem|p2a: Garchomp|White Herb\n|-clearnegativeboost|p2a: Garchomp|[silent]\n|move|p2a: Garchomp|Stone Edge|p1b: Tyranitar\n|-damage|p1b: Tyranitar|65/100\n|move|p2b: Incineroar|Parting Shot|p1a: Gyarados\n|-unboost|p1a: Gyarados|atk|1\n|-unboost|p1a: Gyarados|spa|1\n|\n|t:|1776088051\n|switch|p2b: Charizard|Charizard, L50, M|94/100|[from] Parting Shot\n|\n|-weather|Sandstorm|[upkeep]\n|-damage|p2b: Charizard|88/100|[from] Sandstorm\n|-damage|p1a: Gyarados|88/100|[from] Sandstorm\n|-heal|p1a: Gyarados|94/100|[from] item: Leftovers\n|upkeep\n|turn|4\n|\n|t:|1776088075\n|switch|p1a: Rotom|Rotom-Heat, L50|88/100\n|move|p2b: Charizard|Protect|p2b: Charizard\n|-singleturn|p2b: Charizard|Protect\n|move|p1b: Tyranitar|Protect|p1b: Tyranitar\n|-singleturn|p1b: Tyranitar|Protect\n|move|p2a: Garchomp|Earthquake|p1a: Rotom|[spread] \n|-activate|p2b: Charizard|move: Protect\n|-activate|p1b: Tyranitar|move: Protect\n|-immune|p1a: Rotom|[from] ability: Levitate\n|\n|-weather|Sandstorm|[upkeep]\n|-damage|p1a: Rotom|82/100|[from] Sandstorm\n|-damage|p2b: Charizard|82/100|[from] Sandstorm\n|upkeep\n|turn|5\n|inactive|poketetas has 30 seconds left.\n|inactive|poketetas has 20 seconds left.\n|\n|t:|1776088110\n|switch|p1b: Gyarados|Gyarados, L50, M|94/100\n|-ability|p1b: Gyarados|Intimidate|boost\n|-unboost|p2a: Garchomp|atk|1\n|-unboost|p2b: Charizard|atk|1\n|detailschange|p2b: Charizard|Charizard-Mega-Y, L50, M\n|-mega|p2b: Charizard|Charizard|Charizardite Y\n|-weather|SunnyDay|[from] ability: Drought|[of] p2b: Charizard\n|move|p1a: Rotom|Volt Switch|p2b: Charizard\n|-supereffective|p2b: Charizard|1\n|-damage|p2b: Charizard|20/100\n|\n|t:|1776088119\n|switch|p1a: Tyranitar|Tyranitar, L50, F|65/100|[from] Volt Switch\n|-weather|Sandstorm|[from] ability: Sand Stream|[of] p1a: Tyranitar\n|move|p2a: Garchomp|Earthquake|p1b: Gyarados|[spread] p1a\n|-immune|p2b: Charizard\n|-immune|p1b: Gyarados\n|-supereffective|p1a: Tyranitar|1\n|-damage|p1a: Tyranitar|16/100\n|move|p2b: Charizard|Solar Beam||[still]\n|-prepare|p2b: Charizard|Solar Beam\n|\n|-weather|Sandstorm|[upkeep]\n|-damage|p2b: Charizard|14/100|[from] Sandstorm\n|-damage|p1b: Gyarados|88/100|[from] Sandstorm\n|-heal|p1b: Gyarados|94/100|[from] item: Leftovers\n|upkeep\n|turn|6\n|inactive|CV01 JUMP has 30 seconds left.\n|inactive|CV01 JUMP has 20 seconds left.\n|\n|t:|1776088157\n|move|p1a: Tyranitar|Protect|p1a: Tyranitar\n|-singleturn|p1a: Tyranitar|Protect\n|move|p2a: Garchomp|Earthquake|p1a: Tyranitar|[spread] \n|-activate|p1a: Tyranitar|move: Protect\n|-immune|p2b: Charizard\n|-immune|p1b: Gyarados\n|move|p2b: Charizard|Solar Beam|p1b: Gyarados|[from] lockedmove\n|-damage|p1b: Gyarados|74/100\n|move|p1b: Gyarados|Waterfall|p2a: Garchomp\n|-damage|p2a: Garchomp|64/100\n|-damage|p1b: Gyarados|61/100|[from] ability: Rough Skin|[of] p2a: Garchomp\n|\n|-weather|Sandstorm|[upkeep]\n|-damage|p2b: Charizard|8/100|[from] Sandstorm\n|-damage|p1b: Gyarados|55/100|[from] Sandstorm\n|-heal|p1b: Gyarados|61/100|[from] item: Leftovers\n|upkeep\n|turn|7\n|inactive|CV01 JUMP has 30 seconds left.\n|\n|t:|1776088187\n|switch|p2b: Incineroar|Incineroar, L50, F|57/100 par\n|-ability|p2b: Incineroar|Intimidate|boost\n|-unboost|p1a: Tyranitar|atk|1\n|-unboost|p1b: Gyarados|atk|1\n|switch|p1a: Rotom|Rotom-Heat, L50|82/100\n|move|p2a: Garchomp|Stone Edge|p1a: Rotom\n|-supereffective|p1a: Rotom|1\n|-damage|p1a: Rotom|31/100\n|move|p1b: Gyarados|Waterfall|p2b: Incineroar\n|-supereffective|p2b: Incineroar|1\n|-damage|p2b: Incineroar|23/100 par\n|-enditem|p2b: Incineroar|Sitrus Berry|[eat]\n|-heal|p2b: Incineroar|48/100 par|[from] item: Sitrus Berry\n|\n|-weather|Sandstorm|[upkeep]\n|-damage|p1a: Rotom|25/100|[from] Sandstorm\n|-damage|p1b: Gyarados|55/100|[from] Sandstorm\n|-damage|p2b: Incineroar|42/100 par|[from] Sandstorm\n|-heal|p1b: Gyarados|61/100|[from] item: Leftovers\n|upkeep\n|turn|8\n|inactive|CV01 JUMP has 30 seconds left.\n|\n|t:|1776088217\n|cant|p2b: Incineroar|par\n|move|p1a: Rotom|Volt Switch|p2b: Incineroar\n|-damage|p2b: Incineroar|13/100 par\n|\n|t:|1776088225\n|switch|p1a: Tyranitar|Tyranitar, L50, F|16/100|[from] Volt Switch\n|move|p2a: Garchomp|Stone Edge|p1a: Tyranitar|[miss]\n|-miss|p2a: Garchomp|p1a: Tyranitar\n|move|p1b: Gyarados|Waterfall|p2b: Incineroar\n|-supereffective|p2b: Incineroar|1\n|-damage|p2b: Incineroar|0 fnt\n|faint|p2b: Incineroar\n|\n|-weather|Sandstorm|[upkeep]\n|-damage|p1b: Gyarados|55/100|[from] Sandstorm\n|-heal|p1b: Gyarados|61/100|[from] item: Leftovers\n|upkeep\n|c|\u2606poketetas|xd\n|\n|t:|1776088241\n|switch|p2b: Charizard|Charizard-Mega-Y, L50, M|8/100\n|-weather|SunnyDay|[from] ability: Drought|[of] p2b: Charizard\n|turn|9\n|\n|t:|1776088259\n|switch|p1b: Rotom|Rotom-Heat, L50|25/100\n|detailschange|p1a: Tyranitar|Tyranitar-Mega, L50, F\n|-mega|p1a: Tyranitar|Tyranitar|Tyranitarite\n|-weather|Sandstorm|[from] ability: Sand Stream|[of] p1a: Tyranitar\n|move|p1a: Tyranitar|Protect|p1a: Tyranitar\n|-singleturn|p1a: Tyranitar|Protect\n|move|p2a: Garchomp|Stone Edge|p1b: Rotom\n|-supereffective|p1b: Rotom|1\n|-damage|p1b: Rotom|0 fnt\n|faint|p1b: Rotom\n|move|p2b: Charizard|Solar Beam||[still]\n|-prepare|p2b: Charizard|Solar Beam\n|\n|-weather|Sandstorm|[upkeep]\n|-damage|p2b: Charizard|2/100|[from] Sandstorm\n|upkeep\n|\n|t:|1776088277\n|switch|p1b: Excadrill|Excadrill, L50, F|100/100\n|turn|10\n|\n|t:|1776088289\n|switch|p1a: Gyarados|Gyarados, L50, M|61/100\n|-ability|p1a: Gyarados|Intimidate|boost\n|-unboost|p2a: Garchomp|atk|1\n|-unboost|p2b: Charizard|atk|1\n|move|p1b: Excadrill|Iron Head|p2b: Charizard\n|-resisted|p2b: Charizard|1\n|-damage|p2b: Charizard|0 fnt\n|faint|p2b: Charizard\n|move|p2a: Garchomp|Earthquake|p1a: Gyarados|[spread] p1b\n|-immune|p1a: Gyarados\n|-supereffective|p1b: Excadrill|1\n|-damage|p1b: Excadrill|48/100\n|\n|-weather|Sandstorm|[upkeep]\n|-damage|p1a: Gyarados|55/100|[from] Sandstorm\n|-heal|p1a: Gyarados|61/100|[from] item: Leftovers\n|upkeep\n|\n|t:|1776088303\n|switch|p2b: Venusaur|Venusaur, L50, F|100/100\n|turn|11\n|\n|t:|1776088321\n|switch|p1a: Tyranitar|Tyranitar-Mega, L50, F|16/100\n|move|p1b: Excadrill|Protect|p1b: Excadrill\n|-singleturn|p1b: Excadrill|Protect\n|move|p2b: Venusaur|Protect|p2b: Venusaur\n|-singleturn|p2b: Venusaur|Protect\n|move|p2a: Garchomp|Earthquake|p1a: Tyranitar|[spread] p1a\n|-activate|p2b: Venusaur|move: Protect\n|-activate|p1b: Excadrill|move: Protect\n|-supereffective|p1a: Tyranitar|1\n|-damage|p1a: Tyranitar|0 fnt\n|faint|p1a: Tyranitar\n|\n|-weather|Sandstorm|[upkeep]\n|-damage|p2b: Venusaur|95/100|[from] Sandstorm\n|upkeep\n|\n|t:|1776088331\n|switch|p1a: Gyarados|Gyarados, L50, M|61/100\n|-ability|p1a: Gyarados|Intimidate|boost\n|-unboost|p2a: Garchomp|atk|1\n|-unboost|p2b: Venusaur|atk|1\n|turn|12\n|\n|t:|1776088350\n|move|p1a: Gyarados|Helping Hand|p1b: Excadrill\n|-singleturn|p1b: Excadrill|Helping Hand|[of] p1a: Gyarados\n|move|p1b: Excadrill|Earthquake|p2a: Garchomp|[spread] p2a,p2b\n|-immune|p1a: Gyarados\n|-damage|p2a: Garchomp|2/100\n|-damage|p2b: Venusaur|4/100\n|move|p2a: Garchomp|Stone Edge|p1a: Gyarados\n|-supereffective|p1a: Gyarados|1\n|-damage|p1a: Gyarados|36/100\n|move|p2b: Venusaur|Leaf Storm|p1b: Excadrill\n|-damage|p1b: Excadrill|0 fnt\n|-unboost|p2b: Venusaur|spa|2\n|faint|p1b: Excadrill\n|\n|-weather|Sandstorm|[upkeep]\n|-damage|p2b: Venusaur|0 fnt|[from] Sandstorm\n|-damage|p1a: Gyarados|30/100|[from] Sandstorm\n|faint|p2b: Venusaur\n|-heal|p1a: Gyarados|36/100|[from] item: Leftovers\n|upkeep\n|turn|13\n|c|\u2606poketetas|go play loto\n|inactive|poketetas has 30 seconds left.\n|\n|t:|1776088377\n|move|p2a: Garchomp|Dragon Claw|p1a: Gyarados\n|-damage|p1a: Gyarados|19/100\n|move|p1a: Gyarados|Waterfall|p2a: Garchomp\n|-damage|p2a: Garchomp|0 fnt\n|-damage|p1a: Gyarados|7/100|[from] ability: Rough Skin|[of] p2a: Garchomp\n|faint|p2a: Garchomp\n|\n|win|CV01 JUMP\n|raw|CV01 JUMP's rating: 1050 &rarr; <strong>1078</strong><br />(+28 for winning)\n|raw|poketetas's rating: 1003 &rarr; <strong>1000</strong><br />(-3 for losing)\n|c|\u2606CV01 JUMP|?\n|l|\u2606poketetas\n|player|p2|\n",
  "uploadtime": 1776088399,
  "views": 12,
  "formatid": "gen9championsvgc2026regma",
  "rating": 1000,
  "private": 0,
  "password": null
}