{
  "id": "gen9championsvgc2026regma-2583777127",
  "format": "[Gen 9 Champions] VGC 2026 Reg M-A",
  "players": [
    "rocci",
    "betoperez.bpr"
  ],
  "log": "|j|\u2606rocci\n|j|\u2606betoperez.bpr\n|t:|1776196977\n|gametype|doubles\n|player|p1|rocci|beauty-gen4dp|1143\n|player|p2|betoperez.bpr|1|1142\n|gen|9\n|tier|[Gen 9 Champions] VGC 2026 Reg M-A\n|rated|\n|rule|Species Clause: Limit one of each Pok\u00e9mon\n|rule|Item Clause: Limit 1 of each item\n|clearpoke\n|poke|p1|Sylveon, L50, M|\n|poke|p1|Slowbro, L50, M|\n|poke|p1|Tyranitar, L50, M|\n|poke|p1|Farigiraf, L50, M|\n|poke|p1|Clefable, L50, F|\n|poke|p1|Conkeldurr, L50, F|\n|poke|p2|Charizard, L50, F|\n|poke|p2|Sneasler, L50, M|\n|poke|p2|Basculegion, L50, M|\n|poke|p2|Garchomp, L50, M|\n|poke|p2|Incineroar, L50, F|\n|poke|p2|Venusaur, L50, F|\n|teampreview|4\n|\n|t:|1776196995\n|teamsize|p1|4\n|teamsize|p2|4\n|start\n|switch|p1a: Slowbro|Slowbro, L50, M|100/100\n|switch|p1b: Sylveon|Sylveon, L50, M|100/100\n|switch|p2a: Charizard|Charizard, L50, F, shiny|100/100\n|switch|p2b: Venusaur|Venusaur, L50, F|100/100\n|turn|1\n|\n|t:|1776197046\n|switch|p1a: Tyranitar|Tyranitar, L50, M|100/100\n|-weather|Sandstorm|[from] ability: Sand Stream|[of] p1a: Tyranitar\n|detailschange|p2a: Charizard|Charizard-Mega-Y, L50, F, shiny\n|-mega|p2a: Charizard|Charizard|Charizardite Y\n|-weather|SunnyDay|[from] ability: Drought|[of] p2a: Charizard\n|move|p2a: Charizard|Protect|p2a: Charizard\n|-singleturn|p2a: Charizard|Protect\n|move|p2b: Venusaur|Sludge Bomb|p1b: Sylveon\n|-supereffective|p1b: Sylveon|1\n|-damage|p1b: Sylveon|37/100\n|move|p1b: Sylveon|Mystical Fire|p2b: Venusaur\n|-supereffective|p2b: Venusaur|1\n|-damage|p2b: Venusaur|18/100\n|-unboost|p2b: Venusaur|spa|1\n|\n|-weather|SunnyDay|[upkeep]\n|upkeep\n|turn|2\n|\n|t:|1776197080\n|switch|p1a: Farigiraf|Farigiraf, L50, M|100/100\n|move|p2b: Venusaur|Earth Power|p1a: Farigiraf\n|-damage|p1a: Farigiraf|84/100\n|move|p2a: Charizard|Heat Wave|p1b: Sylveon|[spread] p1a,p1b\n|-damage|p1a: Farigiraf|22/100\n|-damage|p1b: Sylveon|0 fnt\n|-enditem|p1a: Farigiraf|Sitrus Berry|[eat]\n|-heal|p1a: Farigiraf|47/100|[from] item: Sitrus Berry\n|faint|p1b: Sylveon\n|\n|-weather|SunnyDay|[upkeep]\n|upkeep\n|\n|t:|1776197088\n|switch|p1b: Tyranitar|Tyranitar, L50, M|100/100\n|-weather|Sandstorm|[from] ability: Sand Stream|[of] p1b: Tyranitar\n|turn|3\n|\n|t:|1776197121\n|switch|p2a: Incineroar|Incineroar, L50, F, shiny|100/100\n|-ability|p2a: Incineroar|Intimidate|boost\n|-unboost|p1a: Farigiraf|atk|1\n|-unboost|p1b: Tyranitar|atk|1\n|switch|p1b: Slowbro|Slowbro, L50, M|100/100\n|move|p2b: Venusaur|Earth Power|p1b: Slowbro\n|-damage|p1b: Slowbro|80/100\n|move|p1a: Farigiraf|Trick Room|p1a: Farigiraf\n|-fieldstart|move: Trick Room|[of] p1a: Farigiraf\n|\n|-weather|Sandstorm|[upkeep]\n|-damage|p1b: Slowbro|74/100|[from] Sandstorm\n|-damage|p1a: Farigiraf|41/100|[from] Sandstorm\n|-damage|p2a: Incineroar|95/100|[from] Sandstorm\n|-damage|p2b: Venusaur|12/100|[from] Sandstorm\n|upkeep\n|turn|4\n|\n|t:|1776197149\n|detailschange|p1b: Slowbro|Slowbro-Mega, L50, M\n|-mega|p1b: Slowbro|Slowbro|Slowbronite\n|move|p2a: Incineroar|Fake Out||[still]\n|cant|p1a: Farigiraf|ability: Armor Tail|Fake Out|[of] p2a: Incineroar\n|move|p1b: Slowbro|Scald|p2a: Incineroar\n|-supereffective|p2a: Incineroar|1\n|-damage|p2a: Incineroar|35/100\n|-enditem|p2a: Incineroar|Sitrus Berry|[eat]\n|-heal|p2a: Incineroar|60/100|[from] item: Sitrus Berry\n|move|p1a: Farigiraf|Psychic|p2b: Venusaur\n|-supereffective|p2b: Venusaur|1\n|-damage|p2b: Venusaur|0 fnt\n|faint|p2b: Venusaur\n|\n|-weather|Sandstorm|[upkeep]\n|-damage|p1b: Slowbro|68/100|[from] Sandstorm\n|-damage|p1a: Farigiraf|35/100|[from] Sandstorm\n|-damage|p2a: Incineroar|54/100|[from] Sandstorm\n|upkeep\n|\n|t:|1776197163\n|switch|p2b: Charizard|Charizard-Mega-Y, L50, F, shiny|100/100\n|-weather|SunnyDay|[from] ability: Drought|[of] p2b: Charizard\n|turn|5\n|\n|t:|1776197186\n|move|p1a: Farigiraf|Helping Hand|p1b: Slowbro\n|-singleturn|p1b: Slowbro|Helping Hand|[of] p1a: Farigiraf\n|move|p1b: Slowbro|Scald|p2a: Incineroar\n|-supereffective|p2a: Incineroar|1\n|-damage|p2a: Incineroar|9/100\n|move|p2a: Incineroar|Lash Out|p1b: Slowbro\n|-supereffective|p1b: Slowbro|1\n|-damage|p1b: Slowbro|42/100\n|move|p2b: Charizard|Heat Wave|p1a: Farigiraf|[spread] p1a\n|-miss|p2b: Charizard|p1b: Slowbro\n|-damage|p1a: Farigiraf|0 fnt\n|faint|p1a: Farigiraf\n|\n|-weather|SunnyDay|[upkeep]\n|upkeep\n|\n|t:|1776197192\n|switch|p1a: Tyranitar|Tyranitar, L50, M|100/100\n|-weather|Sandstorm|[from] ability: Sand Stream|[of] p1a: Tyranitar\n|turn|6\n|\n|t:|1776197217\n|switch|p2a: Sneasler|Sneasler, L50, M|100/100\n|move|p2b: Charizard|Protect|p2b: Charizard\n|-singleturn|p2b: Charizard|Protect\n|move|p1b: Slowbro|Slack Off|p1b: Slowbro\n|-heal|p1b: Slowbro|92/100\n|move|p1a: Tyranitar|Rock Slide|p2a: Sneasler|[spread] p2a\n|-activate|p2b: Charizard|move: Protect\n|-resisted|p2a: Sneasler|1\n|-damage|p2a: Sneasler|75/100\n|\n|-weather|Sandstorm|[upkeep]\n|-damage|p1b: Slowbro|86/100|[from] Sandstorm\n|-damage|p2b: Charizard|95/100|[from] Sandstorm\n|-damage|p2a: Sneasler|70/100|[from] Sandstorm\n|upkeep\n|turn|7\n|\n|t:|1776197239\n|switch|p2b: Incineroar|Incineroar, L50, F, shiny|9/100\n|-ability|p2b: Incineroar|Intimidate|boost\n|-unboost|p1a: Tyranitar|atk|1\n|-unboost|p1b: Slowbro|atk|1\n|move|p2a: Sneasler|Protect|p2a: Sneasler\n|-singleturn|p2a: Sneasler|Protect\n|move|p1b: Slowbro|Psychic|p2a: Sneasler\n|-activate|p2a: Sneasler|move: Protect\n|move|p1a: Tyranitar|Rock Slide|p2a: Sneasler|[spread] p2b\n|-activate|p2a: Sneasler|move: Protect\n|-supereffective|p2b: Incineroar|1\n|-damage|p2b: Incineroar|0 fnt\n|faint|p2b: Incineroar\n|\n|-weather|Sandstorm|[upkeep]\n|-damage|p1b: Slowbro|80/100|[from] Sandstorm\n|-damage|p2a: Sneasler|64/100|[from] Sandstorm\n|-fieldend|move: Trick Room\n|upkeep\n|\n|t:|1776197255\n|switch|p2b: Charizard|Charizard-Mega-Y, L50, F, shiny|95/100\n|-weather|SunnyDay|[from] ability: Drought|[of] p2b: Charizard\n|turn|8\n|\n|t:|1776197278\n|move|p2a: Sneasler|Close Combat|p1a: Tyranitar\n|-supereffective|p1a: Tyranitar|2\n|-damage|p1a: Tyranitar|0 fnt\n|-unboost|p2a: Sneasler|def|1\n|-unboost|p2a: Sneasler|spd|1\n|faint|p1a: Tyranitar\n|move|p2b: Charizard|Air Slash|p1b: Slowbro\n|-damage|p1b: Slowbro|30/100\n|move|p1b: Slowbro|Psychic|p2a: Sneasler\n|-supereffective|p2a: Sneasler|2\n|-crit|p2a: Sneasler\n|-damage|p2a: Sneasler|0 fnt\n|faint|p2a: Sneasler\n|\n|-weather|SunnyDay|[upkeep]\n|upkeep\n|turn|9\n|\n|t:|1776197301\n|move|p2b: Charizard|Air Slash|p1b: Slowbro\n|-damage|p1b: Slowbro|0 fnt\n|faint|p1b: Slowbro\n|\n|win|betoperez.bpr\n|raw|rocci's rating: 1143 &rarr; <strong>1118</strong><br />(-25 for losing)\n|raw|betoperez.bpr's rating: 1142 &rarr; <strong>1167</strong><br />(+25 for winning)\n",
  "uploadtime": 1776197304,
  "views": 38,
  "formatid": "gen9championsvgc2026regma",
  "rating": 1118,
  "private": 0,
  "password": null
}