{
  "id": "gen9championsvgc2026regma-2582357237",
  "format": "[Gen 9 Champions] VGC 2026 Reg M-A",
  "players": [
    "Julituk",
    "Mask4M"
  ],
  "log": "|j|\u2606Julituk\n|j|\u2606Mask4M\n|t:|1776086089\n|gametype|doubles\n|player|p1|Julituk|veteran|1144\n|player|p2|Mask4M|101|1127\n|gen|9\n|tier|[Gen 9 Champions] VGC 2026 Reg M-A\n|rated|\n|rule|Species Clause: Limit one of each Pok\u00e9mon\n|rule|Item Clause: Limit 1 of each item\n|clearpoke\n|poke|p1|Incineroar, L50, M|\n|poke|p1|Aegislash, L50, M|\n|poke|p1|Kommo-o, L50, F|\n|poke|p1|Rotom-Wash, L50|\n|poke|p1|Floette-Eternal, L50, F|\n|poke|p1|Tyranitar, L50, M|\n|poke|p2|Glimmora, L50, F|\n|poke|p2|Meganium, L50, F|\n|poke|p2|Sneasler, L50, M|\n|poke|p2|Incineroar, L50, F|\n|poke|p2|Whimsicott, L50, F|\n|poke|p2|Gyarados, L50, M|\n|teampreview|4\n|inactive|Battle timer is ON: inactive players will automatically lose when time's up. (requested by Julituk)\nMask4M has agreed to open team sheets.\n|inactive|Julituk has 60 seconds left.\n|inactive|Mask4M has 60 seconds left.\n|l|\u2606Julituk\n|inactive|Julituk disconnected and has a minute to reconnect!\n|player|p1|\n|\n|t:|1776086144\n|teamsize|p1|4\n|teamsize|p2|4\n|start\n|switch|p1a: Rotom|Rotom-Wash, L50|100/100\n|switch|p1b: Aegislash|Aegislash, L50, M|100/100\n|switch|p2a: Incineroar|Incineroar, L50, F|100/100\n|switch|p2b: Whimsicott|Whimsicott, L50, F|100/100\n|-ability|p2a: Incineroar|Intimidate|boost\n|-unboost|p1a: Rotom|atk|1\n|-unboost|p1b: Aegislash|atk|1\n|turn|1\n|j|\u2606Julituk\n|inactive|Julituk reconnected and has 55 seconds left.\n|player|p1|Julituk|veteran|\n|\n|t:|1776086166\n|move|p2a: Incineroar|Fake Out|p1a: Rotom\n|-damage|p1a: Rotom|86/100\n|move|p2b: Whimsicott|Tailwind|p2b: Whimsicott\n|-sidestart|p2: Mask4M|move: Tailwind\n|cant|p1a: Rotom|flinch\n|-formechange|p1b: Aegislash|Aegislash-Blade|\n|move|p1b: Aegislash|Iron Head|p2b: Whimsicott\n|-supereffective|p2b: Whimsicott|1\n|-damage|p2b: Whimsicott|27/100\n|\n|upkeep\n|turn|2\n|\n|t:|1776086182\n|-formechange|p1b: Aegislash|Aegislash|\n|move|p1b: Aegislash|King's Shield|p1b: Aegislash\n|-singleturn|p1b: Aegislash|Protect\n|move|p2b: Whimsicott|Encore|p1b: Aegislash\n|-start|p1b: Aegislash|Encore\n|move|p1a: Rotom|Volt Switch|p2a: Incineroar\n|-damage|p2a: Incineroar|73/100\n|\n|t:|1776086192\n|switch|p1a: Incineroar|Incineroar, L50, M|100/100|[from] Volt Switch\n|-ability|p1a: Incineroar|Intimidate|boost\n|-unboost|p2a: Incineroar|atk|1\n|-unboost|p2b: Whimsicott|atk|1\n|move|p2a: Incineroar|Flare Blitz|p1b: Aegislash\n|-activate|p1b: Aegislash|move: Protect\n|-unboost|p2a: Incineroar|atk|1\n|\n|upkeep\n|turn|3\n|inactive|Mask4M has 30 seconds left.\n|inactive|Mask4M has 20 seconds left.\n|\n|t:|1776086229\n|switch|p2b: Glimmora|Glimmora, L50, F|100/100\n|switch|p1b: Kommo-o|Kommo-o, L50, F|100/100\n|move|p2a: Incineroar|Parting Shot|p1a: Incineroar\n|-unboost|p1a: Incineroar|atk|1\n|-unboost|p1a: Incineroar|spa|1\n|\n|t:|1776086242\n|switch|p2a: Whimsicott|Whimsicott, L50, F|27/100|[from] Parting Shot\n|move|p1a: Incineroar|Flare Blitz|p2b: Glimmora\n|-resisted|p2b: Glimmora|1\n|-damage|p2b: Glimmora|82/100\n|-activate|p2b: Glimmora|ability: Toxic Debris\n|-sidestart|p1: Julituk|move: Toxic Spikes\n|-damage|p1a: Incineroar|96/100|[from] Recoil\n|\n|upkeep\n|turn|4\n|\n|t:|1776086265\n|detailschange|p2b: Glimmora|Glimmora-Mega, L50, F\n|-mega|p2b: Glimmora|Glimmora|Glimmoranite\n|move|p2b: Glimmora|Power Gem|p1a: Incineroar\n|-supereffective|p1a: Incineroar|1\n|-damage|p1a: Incineroar|0 fnt\n|faint|p1a: Incineroar\n|move|p2a: Whimsicott|Moonblast|p1b: Kommo-o\n|-supereffective|p1b: Kommo-o|2\n|-damage|p1b: Kommo-o|0 fnt\n|faint|p1b: Kommo-o\n|\n|-sideend|p2: Mask4M|move: Tailwind\n|upkeep\n|\n|t:|1776086273\n|switch|p1b: Aegislash|Aegislash, L50, M|100/100\n|switch|p1a: Rotom|Rotom-Wash, L50|86/100\n|turn|5\n|inactive|Julituk has 30 seconds left.\n|\n|t:|1776086301\n|move|p2b: Glimmora|Spiky Shield|p2b: Glimmora\n|-singleturn|p2b: Glimmora|move: Protect\n|move|p1b: Aegislash|King's Shield|p1b: Aegislash\n|-singleturn|p1b: Aegislash|Protect\n|move|p2a: Whimsicott|Tailwind|p2a: Whimsicott\n|-sidestart|p2: Mask4M|move: Tailwind\n|move|p1a: Rotom|Hydro Pump|p2b: Glimmora\n|-activate|p2b: Glimmora|move: Protect\n|\n|upkeep\n|turn|6\n|\n|t:|1776086320\n|move|p1b: Aegislash|King's Shield||[still]\n|-fail|p1b: Aegislash\n|move|p2a: Whimsicott|Encore|p1b: Aegislash\n|-start|p1b: Aegislash|Encore\n|move|p2b: Glimmora|Power Gem|p1a: Rotom\n|-damage|p1a: Rotom|11/100\n|move|p1a: Rotom|Hydro Pump|p2b: Glimmora|[miss]\n|-miss|p1a: Rotom|p2b: Glimmora\n|\n|upkeep\n|turn|7\n|\n|t:|1776086335\n|move|p1b: Aegislash|King's Shield|p1b: Aegislash\n|-singleturn|p1b: Aegislash|Protect\n|move|p2b: Glimmora|Earth Power|p1b: Aegislash\n|-activate|p1b: Aegislash|move: Protect\n|move|p2a: Whimsicott|Moonblast|p1a: Rotom\n|-damage|p1a: Rotom|0 fnt\n|faint|p1a: Rotom\n|\n|upkeep\n|turn|8\n|-message|Julituk forfeited.\n|\n|win|Mask4M\n|raw|Julituk's rating: 1144 &rarr; <strong>1118</strong><br />(-26 for losing)\n|raw|Mask4M's rating: 1127 &rarr; <strong>1153</strong><br />(+26 for winning)\n|l|\u2606Julituk\n|player|p1|\n",
  "uploadtime": 1776086346,
  "views": 31,
  "formatid": "gen9championsvgc2026regma",
  "rating": 1118,
  "private": 0,
  "password": null
}