{
  "id": "gen9championsvgc2026regma-2585703367",
  "format": "[Gen 9 Champions] VGC 2026 Reg M-A",
  "players": [
    "Hakke112",
    "wazawaa"
  ],
  "log": "|j|\u2606Hakke112\n|j|\u2606wazawaa\n|t:|1776364824\n|gametype|doubles\n|player|p1|Hakke112|2|1196\n|player|p2|wazawaa|fisherman-gen4|1187\n|gen|9\n|tier|[Gen 9 Champions] VGC 2026 Reg M-A\n|rated|\n|rule|Species Clause: Limit one of each Pok\u00e9mon\n|rule|Item Clause: Limit 1 of each item\n|clearpoke\n|poke|p1|Chandelure, L50, F|\n|poke|p1|Sinistcha, L50|\n|poke|p1|Arcanine-Hisui, L50, F|\n|poke|p1|Archaludon, L50, F|\n|poke|p1|Farigiraf, L50, M|\n|poke|p1|Primarina, L50, M|\n|poke|p2|Chandelure, L50, M|\n|poke|p2|Whimsicott, L50, M|\n|poke|p2|Sneasler, L50, F|\n|poke|p2|Aerodactyl, L50, M|\n|poke|p2|Milotic, L50, F|\n|poke|p2|Archaludon, L50, M|\n|teampreview|4\n|inactive|Battle timer is ON: inactive players will automatically lose when time's up. (requested by Hakke112)\n|inactive|Hakke112 has 60 seconds left.\n|inactive|wazawaa has 60 seconds left.\n|\n|t:|1776364866\n|teamsize|p1|4\n|teamsize|p2|4\n|start\n|switch|p1a: Farigiraf|Farigiraf, L50, M|100/100\n|switch|p1b: Primarina|Primarina, L50, M|100/100\n|switch|p2a: Sneasler|Sneasler, L50, F|100/100\n|switch|p2b: Whimsicott|Whimsicott, L50, M|100/100\n|turn|1\n|\n|t:|1776364880\n|move|p2a: Sneasler|Fake Out||[still]\n|cant|p1a: Farigiraf|ability: Armor Tail|Fake Out|[of] p2a: Sneasler\n|move|p2b: Whimsicott|Tailwind|p2b: Whimsicott\n|-sidestart|p2: wazawaa|move: Tailwind\n|move|p1b: Primarina|Calm Mind|p1b: Primarina\n|-boost|p1b: Primarina|spa|1\n|-boost|p1b: Primarina|spd|1\n|move|p1a: Farigiraf|Psychic|p2a: Sneasler\n|-supereffective|p2a: Sneasler|2\n|-damage|p2a: Sneasler|0 fnt\n|faint|p2a: Sneasler\n|\n|upkeep\n|\n|t:|1776364893\n|switch|p2a: Archaludon|Archaludon, L50, M|100/100\n|turn|2\n|\n|t:|1776364902\n|move|p1b: Primarina|Protect|p1b: Primarina\n|-singleturn|p1b: Primarina|Protect\n|move|p2b: Whimsicott|Hurricane|p1b: Primarina\n|-activate|p1b: Primarina|move: Protect\n|move|p2a: Archaludon|Thunder|p1b: Primarina\n|-activate|p1b: Primarina|move: Protect\n|move|p1a: Farigiraf|Trick Room|p1a: Farigiraf\n|-fieldstart|move: Trick Room|[of] p1a: Farigiraf\n|\n|upkeep\n|turn|3\n|\n|t:|1776364919\n|switch|p2b: Milotic|Milotic, L50, F|100/100\n|move|p1a: Farigiraf|Helping Hand|p1b: Primarina\n|-singleturn|p1b: Primarina|Helping Hand|[of] p1a: Farigiraf\n|move|p2a: Archaludon|Protect|p2a: Archaludon\n|-singleturn|p2a: Archaludon|Protect\n|move|p1b: Primarina|Moonblast|p2a: Archaludon\n|-activate|p2a: Archaludon|move: Protect\n|\n|upkeep\n|turn|4\n|\n|t:|1776364950\n|move|p1a: Farigiraf|Helping Hand|p1b: Primarina\n|-singleturn|p1b: Primarina|Helping Hand|[of] p1a: Farigiraf\n|move|p1b: Primarina|Moonblast|p2a: Archaludon\n|-damage|p2a: Archaludon|0 fnt\n|faint|p2a: Archaludon\n|move|p2b: Milotic|Ice Beam|p1a: Farigiraf\n|-damage|p1a: Farigiraf|76/100\n|\n|-heal|p1a: Farigiraf|83/100|[from] item: Leftovers\n|-sideend|p2: wazawaa|move: Tailwind\n|upkeep\n|\n|t:|1776364960\n|switch|p2a: Whimsicott|Whimsicott, L50, M|100/100\n|turn|5\n|\n|t:|1776364980\n|move|p2a: Whimsicott|Protect|p2a: Whimsicott\n|-singleturn|p2a: Whimsicott|Protect\n|move|p2b: Milotic|Protect|p2b: Milotic\n|-singleturn|p2b: Milotic|Protect\n|move|p1a: Farigiraf|Psychic|p2b: Milotic\n|-activate|p2b: Milotic|move: Protect\n|move|p1b: Primarina|Calm Mind|p1b: Primarina\n|-boost|p1b: Primarina|spa|1\n|-boost|p1b: Primarina|spd|1\n|\n|-heal|p1a: Farigiraf|89/100|[from] item: Leftovers\n|upkeep\n|turn|6\n|\n|t:|1776365003\n|move|p2b: Milotic|Protect|p2b: Milotic\n|-singleturn|p2b: Milotic|Protect\n|move|p2a: Whimsicott|Tailwind|p2a: Whimsicott\n|-sidestart|p2: wazawaa|move: Tailwind\n|move|p1a: Farigiraf|Psychic|p2b: Milotic\n|-activate|p2b: Milotic|move: Protect\n|move|p1b: Primarina|Calm Mind|p1b: Primarina\n|-boost|p1b: Primarina|spa|1\n|-boost|p1b: Primarina|spd|1\n|\n|-heal|p1a: Farigiraf|95/100|[from] item: Leftovers\n|-fieldend|move: Trick Room\n|upkeep\n|turn|7\n|inactive|wazawaa has 30 seconds left.\n|\n|t:|1776365040\n|move|p1a: Farigiraf|Helping Hand|p1b: Primarina\n|-singleturn|p1b: Primarina|Helping Hand|[of] p1a: Farigiraf\n|move|p2a: Whimsicott|Hurricane|p1b: Primarina\n|-damage|p1b: Primarina|92/100\n|move|p2b: Milotic|Ice Beam|p1b: Primarina\n|-resisted|p1b: Primarina|1\n|-damage|p1b: Primarina|86/100\n|-status|p1b: Primarina|frz\n|cant|p1b: Primarina|frz\n|\n|-heal|p1a: Farigiraf|100/100|[from] item: Leftovers\n|upkeep\n|turn|8\n|c|\u2606wazawaa|oof gg\n|c|\u2606wazawaa|oh i thought i was ded\n|inactive|wazawaa has 30 seconds left.\n|\n|t:|1776365070\n|move|p2a: Whimsicott|Hurricane|p1a: Farigiraf\n|-damage|p1a: Farigiraf|83/100\n|-start|p1a: Farigiraf|confusion\n|move|p2b: Milotic|Ice Beam|p1a: Farigiraf\n|-damage|p1a: Farigiraf|58/100\n|cant|p1b: Primarina|frz\n|-activate|p1a: Farigiraf|confusion\n|move|p1a: Farigiraf|Trick Room|p1a: Farigiraf\n|-fieldstart|move: Trick Room|[of] p1a: Farigiraf\n|\n|-heal|p1a: Farigiraf|64/100|[from] item: Leftovers\n|upkeep\n|turn|9\n|\n|t:|1776365090\n|-activate|p1a: Farigiraf|confusion\n|move|p1a: Farigiraf|Protect|p1a: Farigiraf\n|-singleturn|p1a: Farigiraf|Protect\n|-curestatus|p1b: Primarina|frz|[msg]\n|move|p1b: Primarina|Moonblast|p2b: Milotic\n|-crit|p2b: Milotic\n|-damage|p2b: Milotic|0 fnt\n|faint|p2b: Milotic\n|move|p2a: Whimsicott|Moonblast|p1b: Primarina\n|-damage|p1b: Primarina|74/100\n|\n|-heal|p1a: Farigiraf|70/100|[from] item: Leftovers\n|-sideend|p2: wazawaa|move: Tailwind\n|upkeep\n|turn|10\n|-message|wazawaa forfeited.\n|\n|win|Hakke112\n|raw|Hakke112's rating: 1196 &rarr; <strong>1220</strong><br />(+24 for winning)\n|raw|wazawaa's rating: 1187 &rarr; <strong>1163</strong><br />(-24 for losing)\n|l|\u2606wazawaa\n|player|p2|\n",
  "uploadtime": 1776365111,
  "views": 29,
  "formatid": "gen9championsvgc2026regma",
  "rating": 1163,
  "private": 0,
  "password": null
}