{
  "id": "gen9championsvgc2026regma-2583753447",
  "format": "[Gen 9 Champions] VGC 2026 Reg M-A",
  "players": [
    "MrGreenHoodie",
    "angeallen455"
  ],
  "log": "|j|\u2606MrGreenHoodie\n|j|\u2606angeallen455\n|t:|1776195374\n|gametype|doubles\n|player|p1|MrGreenHoodie|red|1079\n|player|p2|angeallen455|colress|1081\n|gen|9\n|tier|[Gen 9 Champions] VGC 2026 Reg M-A\n|rated|\n|rule|Species Clause: Limit one of each Pok\u00e9mon\n|rule|Item Clause: Limit 1 of each item\n|clearpoke\n|poke|p1|Gengar, L50, M|\n|poke|p1|Kommo-o, L50, F|\n|poke|p1|Incineroar, L50, F|\n|poke|p1|Sinistcha, L50|\n|poke|p1|Tyranitar, L50, F|\n|poke|p1|Aegislash, L50, F|\n|poke|p2|Tyranitar, L50, M|\n|poke|p2|Sinistcha, L50|\n|poke|p2|Aerodactyl, L50, M|\n|poke|p2|Garchomp, L50, M|\n|poke|p2|Kingambit, L50, F|\n|poke|p2|Skarmory, L50, F|\n|teampreview|4\n|c|\u2606angeallen455|glhf :)\n|c|\u2606MrGreenHoodie|glhf\n|inactive|Battle timer is ON: inactive players will automatically lose when time's up. (requested by MrGreenHoodie)\n|\n|t:|1776195435\n|teamsize|p1|4\n|teamsize|p2|4\n|start\n|switch|p1a: Kommo-o|Kommo-o, L50, F|100/100\n|switch|p1b: Aegislash|Aegislash, L50, F|100/100\n|switch|p2a: Aerodactyl|Aerodactyl, L50, M|100/100\n|switch|p2b: Kingambit|Kingambit, L50, F|100/100\n|-ability|p2a: Aerodactyl|Unnerve\n|turn|1\n|inactive|angeallen455 has 30 seconds left.\n|inactive|MrGreenHoodie has 30 seconds left.\n|inactive|angeallen455 has 20 seconds left.\n|inactive|angeallen455 has 15 seconds left.\n|inactive|MrGreenHoodie has 20 seconds left.\n|\n|t:|1776195482\n|move|p2a: Aerodactyl|Dual Wingbeat|p1a: Kommo-o\n|-supereffective|p1a: Kommo-o|1\n|-damage|p1a: Kommo-o|64/100\n|-supereffective|p1a: Kommo-o|1\n|-damage|p1a: Kommo-o|23/100\n|-hitcount|p1a: Kommo-o|2\n|move|p1a: Kommo-o|Clanging Scales|p2b: Kingambit|[spread] p2a,p2b\n|-resisted|p2b: Kingambit|1\n|-crit|p2b: Kingambit\n|-damage|p2a: Aerodactyl|52/100\n|-damage|p2b: Kingambit|73/100\n|-unboost|p1a: Kommo-o|def|1\n|-formechange|p1b: Aegislash|Aegislash-Blade|\n|move|p1b: Aegislash|Iron Head|p2a: Aerodactyl\n|-supereffective|p2a: Aerodactyl|1\n|-damage|p2a: Aerodactyl|0 fnt\n|faint|p2a: Aerodactyl\n|move|p2b: Kingambit|Swords Dance|p2b: Kingambit\n|-boost|p2b: Kingambit|atk|2\n|\n|-heal|p1a: Kommo-o|29/100|[from] item: Leftovers\n|upkeep\n|\n|t:|1776195500\n|switch|p2a: Garchomp|Garchomp, L50, M|100/100\n|turn|2\n|\n|t:|1776195522\n|move|p1a: Kommo-o|Protect|p1a: Kommo-o\n|-singleturn|p1a: Kommo-o|Protect\n|-formechange|p1b: Aegislash|Aegislash|\n|move|p1b: Aegislash|King's Shield|p1b: Aegislash\n|-singleturn|p1b: Aegislash|Protect\n|move|p2a: Garchomp|Dragon Claw|p1a: Kommo-o\n|-activate|p1a: Kommo-o|move: Protect\n|move|p2b: Kingambit|Kowtow Cleave|p1b: Aegislash\n|-activate|p1b: Aegislash|move: Protect\n|-unboost|p2b: Kingambit|atk|1\n|-ability|p2b: Kingambit|Defiant|boost\n|-boost|p2b: Kingambit|atk|2\n|\n|-heal|p1a: Kommo-o|35/100|[from] item: Leftovers\n|upkeep\n|turn|3\n|\n|t:|1776195544\n|switch|p1a: Tyranitar|Tyranitar, L50, F|100/100\n|-weather|Sandstorm|[from] ability: Sand Stream|[of] p1a: Tyranitar\n|switch|p1b: Incineroar|Incineroar, L50, F|100/100\n|-ability|p1b: Incineroar|Intimidate|boost\n|-unboost|p2a: Garchomp|atk|1\n|-unboost|p2b: Kingambit|atk|1\n|-ability|p2b: Kingambit|Defiant|boost\n|-boost|p2b: Kingambit|atk|2\n|move|p2a: Garchomp|Dragon Claw|p1a: Tyranitar\n|-damage|p1a: Tyranitar|73/100\n|move|p2b: Kingambit|Kowtow Cleave|p1b: Incineroar\n|-resisted|p1b: Incineroar|1\n|-damage|p1b: Incineroar|32/100\n|\n|-weather|Sandstorm|[upkeep]\n|-damage|p1b: Incineroar|25/100|[from] Sandstorm\n|upkeep\n|turn|4\n|\n|t:|1776195567\n|move|p2b: Kingambit|Protect|p2b: Kingambit\n|-singleturn|p2b: Kingambit|Protect\n|move|p1b: Incineroar|Fake Out|p2a: Garchomp\n|-damage|p2a: Garchomp|91/100\n|cant|p2a: Garchomp|flinch\n|move|p1a: Tyranitar|Low Kick|p2b: Kingambit\n|-activate|p2b: Kingambit|move: Protect\n|\n|-weather|Sandstorm|[upkeep]\n|-damage|p1b: Incineroar|19/100|[from] Sandstorm\n|upkeep\n|turn|5\n|inactive|angeallen455 has 30 seconds left.\n|inactive|angeallen455 has 20 seconds left.\n|inactive|angeallen455 has 15 seconds left.\n|\n|t:|1776195608\n|switch|p1b: Aegislash|Aegislash, L50, F|100/100\n|move|p2b: Kingambit|Sucker Punch|p1a: Tyranitar\n|-resisted|p1a: Tyranitar|1\n|-damage|p1a: Tyranitar|0 fnt\n|faint|p1a: Tyranitar\n|move|p2a: Garchomp|Dragon Claw|p1b: Aegislash\n|-resisted|p1b: Aegislash|1\n|-damage|p1b: Aegislash|90/100\n|\n|-weather|Sandstorm|[upkeep]\n|upkeep\n|\n|t:|1776195618\n|switch|p1a: Kommo-o|Kommo-o, L50, F|35/100\n|turn|6\n|\n|t:|1776195640\n|move|p1a: Kommo-o|Protect|p1a: Kommo-o\n|-singleturn|p1a: Kommo-o|Protect\n|move|p1b: Aegislash|King's Shield|p1b: Aegislash\n|-singleturn|p1b: Aegislash|Protect\n|move|p2a: Garchomp|Dragon Claw|p1a: Kommo-o\n|-activate|p1a: Kommo-o|move: Protect\n|move|p2b: Kingambit|Kowtow Cleave|p1b: Aegislash\n|-activate|p1b: Aegislash|move: Protect\n|-unboost|p2b: Kingambit|atk|1\n|-ability|p2b: Kingambit|Defiant|boost\n|-boost|p2b: Kingambit|atk|2\n|\n|-weather|Sandstorm|[upkeep]\n|-damage|p1a: Kommo-o|29/100|[from] Sandstorm\n|-heal|p1a: Kommo-o|35/100|[from] item: Leftovers\n|upkeep\n|turn|7\n|\n|t:|1776195656\n|move|p2a: Garchomp|Dragon Claw|p1a: Kommo-o\n|-supereffective|p1a: Kommo-o|1\n|-damage|p1a: Kommo-o|0 fnt\n|faint|p1a: Kommo-o\n|-formechange|p1b: Aegislash|Aegislash-Blade|\n|move|p1b: Aegislash|Sacred Sword|p2b: Kingambit\n|-supereffective|p2b: Kingambit|2\n|-damage|p2b: Kingambit|0 fnt\n|faint|p2b: Kingambit\n|\n|-weather|none\n|upkeep\n|\n|t:|1776195661\n|switch|p1a: Incineroar|Incineroar, L50, F|19/100\n|switch|p2b: Tyranitar|Tyranitar, L50, M|100/100\n|-ability|p1a: Incineroar|Intimidate|boost\n|-unboost|p2a: Garchomp|atk|1\n|-unboost|p2b: Tyranitar|atk|1\n|-weather|Sandstorm|[from] ability: Sand Stream|[of] p2b: Tyranitar\n|turn|8\n|\n|t:|1776195677\n|detailschange|p2b: Tyranitar|Tyranitar-Mega, L50, M\n|-mega|p2b: Tyranitar|Tyranitar|Tyranitarite\n|move|p2b: Tyranitar|Protect|p2b: Tyranitar\n|-singleturn|p2b: Tyranitar|Protect\n|-formechange|p1b: Aegislash|Aegislash|\n|move|p1b: Aegislash|King's Shield|p1b: Aegislash\n|-singleturn|p1b: Aegislash|Protect\n|move|p1a: Incineroar|Fake Out|p2b: Tyranitar\n|-activate|p2b: Tyranitar|move: Protect\n|move|p2a: Garchomp|Dragon Claw|p1a: Incineroar\n|-damage|p1a: Incineroar|1/100\n|\n|-weather|Sandstorm|[upkeep]\n|-damage|p1a: Incineroar|0 fnt|[from] Sandstorm\n|faint|p1a: Incineroar\n|upkeep\n|turn|9\n|\n|t:|1776195691\n|move|p2a: Garchomp|Dragon Claw|p1b: Aegislash\n|-resisted|p1b: Aegislash|1\n|-damage|p1b: Aegislash|81/100\n|move|p2b: Tyranitar|Knock Off|p1b: Aegislash\n|-supereffective|p1b: Aegislash|1\n|-damage|p1b: Aegislash|17/100\n|-enditem|p1b: Aegislash|Spell Tag|[from] move: Knock Off|[of] p2b: Tyranitar\n|-formechange|p1b: Aegislash|Aegislash-Blade|\n|move|p1b: Aegislash|Sacred Sword|p2b: Tyranitar\n|-supereffective|p2b: Tyranitar|2\n|-damage|p2b: Tyranitar|19/100\n|\n|-weather|Sandstorm|[upkeep]\n|upkeep\n|turn|10\n|c|\u2606MrGreenHoodie|dang ggs\n|c|\u2606angeallen455|yea ggs\n|-message|MrGreenHoodie forfeited.\n|\n|win|angeallen455\n|raw|MrGreenHoodie's rating: 1079 &rarr; <strong>1057</strong><br />(-22 for losing)\n|raw|angeallen455's rating: 1081 &rarr; <strong>1109</strong><br />(+28 for winning)\n|l|\u2606MrGreenHoodie\n|player|p1|\n|c|\u2606angeallen455|mega ttar is diff\n",
  "uploadtime": 1776196151,
  "views": 16,
  "formatid": "gen9championsvgc2026regma",
  "rating": 1057,
  "private": 0,
  "password": null
}