{
  "id": "gen9championsvgc2026regma-2584774179",
  "format": "[Gen 9 Champions] VGC 2026 Reg M-A",
  "players": [
    "namboyVGC",
    "godseer"
  ],
  "log": "|j|\u2606namboyVGC\n|j|\u2606godseer\n|t:|1776282707\n|gametype|doubles\n|player|p1|namboyVGC|pokemonranger-gen4|1056\n|player|p2|godseer|2|1000\n|gen|9\n|tier|[Gen 9 Champions] VGC 2026 Reg M-A\n|rated|\n|rule|Species Clause: Limit one of each Pok\u00e9mon\n|rule|Item Clause: Limit 1 of each item\n|clearpoke\n|poke|p1|Froslass, L50, F|\n|poke|p1|Sneasler, L50, F|\n|poke|p1|Kingambit, L50, M|\n|poke|p1|Rotom-Heat, L50|\n|poke|p1|Clefable, L50, M|\n|poke|p1|Basculegion, L50, M|\n|poke|p2|Camerupt, L50, M|\n|poke|p2|Blastoise, L50, F|\n|poke|p2|Politoed, L50, M|\n|poke|p2|Avalugg-Hisui, L50, F|\n|poke|p2|Alakazam, L50, F|\n|poke|p2|Basculegion, L50, M|\n|teampreview|4\n|inactive|Battle timer is ON: inactive players will automatically lose when time's up. (requested by namboyVGC)\nnamboyVGC has agreed to open team sheets.\n|inactive|godseer has 60 seconds left.\n|\n|t:|1776282747\n|teamsize|p1|4\n|teamsize|p2|4\n|start\n|switch|p1a: Kingambit|Kingambit, L50, M|100/100\n|switch|p1b: Sneasler|Sneasler, L50, F|100/100\n|switch|p2a: Camerupt|Camerupt, L50, M|100/100\n|switch|p2b: Alakazam|Alakazam, L50, F|100/100\n|turn|1\n|inactive|godseer has 30 seconds left.\n|\n|t:|1776282774\n|detailschange|p2a: Camerupt|Camerupt-Mega, L50, M\n|-mega|p2a: Camerupt|Camerupt|Cameruptite\n|move|p1b: Sneasler|Fake Out|p2a: Camerupt\n|-damage|p2a: Camerupt|89/100\n|move|p2b: Alakazam|Reflect|p2b: Alakazam\n|-sidestart|p2: godseer|Reflect\n|move|p1a: Kingambit|Kowtow Cleave|p2b: Alakazam\n|-supereffective|p2b: Alakazam|1\n|-enditem|p2b: Alakazam|Focus Sash\n|-damage|p2b: Alakazam|1/100\n|cant|p2a: Camerupt|flinch\n|\n|upkeep\n|turn|2\n|inactive|godseer has 30 seconds left.\n|\n|t:|1776282800\n|move|p1b: Sneasler|Close Combat|p2a: Camerupt\n|-damage|p2a: Camerupt|56/100\n|-unboost|p1b: Sneasler|def|1\n|-unboost|p1b: Sneasler|spd|1\n|-status|p2a: Camerupt|psn|[from] ability: Poison Touch|[of] p1b: Sneasler\n|move|p2b: Alakazam|Psychic|p1b: Sneasler\n|-supereffective|p1b: Sneasler|2\n|-crit|p1b: Sneasler\n|-enditem|p1b: Sneasler|Focus Sash\n|-damage|p1b: Sneasler|1/100\n|move|p1a: Kingambit|Kowtow Cleave|p2a: Camerupt\n|-damage|p2a: Camerupt|26/100 psn\n|move|p2a: Camerupt|Eruption|p1b: Sneasler|[spread] p1a,p1b\n|-supereffective|p1a: Kingambit|1\n|-damage|p1a: Kingambit|73/100\n|-damage|p1b: Sneasler|0 fnt\n|faint|p1b: Sneasler\n|\n|-damage|p2a: Camerupt|13/100 psn|[from] psn\n|upkeep\n|\n|t:|1776282820\n|switch|p1b: Rotom|Rotom-Heat, L50|100/100\n|turn|3\n|\n|t:|1776282835\n|move|p1a: Kingambit|Sucker Punch|p2a: Camerupt\n|-damage|p2a: Camerupt|0 fnt\n|faint|p2a: Camerupt\n|move|p2b: Alakazam|Dazzling Gleam|p1b: Rotom|[spread] p1a,p1b\n|-resisted|p1b: Rotom|1\n|-damage|p1a: Kingambit|53/100\n|-damage|p1b: Rotom|88/100\n|move|p1b: Rotom|Thunderbolt|p2b: Alakazam\n|-damage|p2b: Alakazam|0 fnt\n|faint|p2b: Alakazam\n|\n|-heal|p1b: Rotom|94/100|[from] item: Leftovers\n|upkeep\n|\n|t:|1776282849\n|switch|p2b: Basculegion|Basculegion, L50, M|100/100\n|switch|p2a: Avalugg|Avalugg-Hisui, L50, F|100/100\n|turn|4\n|inactive|godseer has 30 seconds left.\n|\n|t:|1776282882\n|move|p1a: Kingambit|Sucker Punch|p2b: Basculegion\n|-supereffective|p2b: Basculegion|1\n|-damage|p2b: Basculegion|46/100\n|move|p1b: Rotom|Thunderbolt|p2b: Basculegion\n|-supereffective|p2b: Basculegion|1\n|-damage|p2b: Basculegion|0 fnt\n|faint|p2b: Basculegion\n|move|p2a: Avalugg|Substitute|p2a: Avalugg\n|-start|p2a: Avalugg|Substitute\n|-damage|p2a: Avalugg|76/100\n|\n|-heal|p1b: Rotom|99/100|[from] item: Leftovers\n|-heal|p2a: Avalugg|82/100|[from] item: Leftovers\n|upkeep\n|turn|5\n|-message|godseer forfeited.\n|\n|win|namboyVGC\n|raw|namboyVGC's rating: 1056 &rarr; <strong>1083</strong><br />(+27 for winning)\n|raw|godseer's rating: 1000 &rarr; <strong>1000</strong><br />(+0 for losing)\n|l|\u2606godseer\n|player|p2|\n",
  "uploadtime": 1776282895,
  "views": 17,
  "formatid": "gen9championsvgc2026regma",
  "rating": 1000,
  "private": 0,
  "password": null
}