{
  "id": "gen9championsvgc2026regma-2580875507",
  "format": "[Gen 9 Champions] VGC 2026 Reg M-A",
  "players": [
    "1%ofGamblers",
    "Fauntana"
  ],
  "log": "|j|\u26061%ofGamblers\n|j|\u2606Fauntana\n|t:|1775939675\n|gametype|doubles\n|player|p1|1%ofGamblers|2|1134\n|player|p2|Fauntana|elesa|1163\n|gen|9\n|tier|[Gen 9 Champions] VGC 2026 Reg M-A\n|rated|\n|rule|Species Clause: Limit one of each Pok\u00e9mon\n|rule|Item Clause: Limit 1 of each item\n|clearpoke\n|poke|p1|Starmie, L50|\n|poke|p1|Pelipper, L50, M|\n|poke|p1|Basculegion, L50, M|\n|poke|p1|Sneasler, L50, M|\n|poke|p1|Farigiraf, L50, M|\n|poke|p1|Archaludon, L50, M|\n|poke|p2|Tyranitar, L50, F|\n|poke|p2|Primarina, L50, F|\n|poke|p2|Excadrill, L50, M|\n|poke|p2|Corviknight, L50, M|\n|poke|p2|Incineroar, L50, M|\n|poke|p2|Sinistcha, L50|\n|teampreview|4\n|\n|t:|1775939694\n|teamsize|p1|4\n|teamsize|p2|4\n|start\n|switch|p1a: Sneasler|Sneasler, L50, M|100/100\n|switch|p1b: Starmie|Starmie, L50, shiny|100/100\n|switch|p2a: Tyranitar|Tyranitar, L50, F|100/100\n|switch|p2b: Sinistcha|Sinistcha, L50|100/100\n|-weather|Sandstorm|[from] ability: Sand Stream|[of] p2a: Tyranitar\n|turn|1\n|\n|t:|1775939721\n|detailschange|p1b: Starmie|Starmie-Mega, L50, shiny\n|-mega|p1b: Starmie|Starmie|Starminite\n|detailschange|p2a: Tyranitar|Tyranitar-Mega, L50, F\n|-mega|p2a: Tyranitar|Tyranitar|Tyranitarite\n|move|p2a: Tyranitar|Protect|p2a: Tyranitar\n|-singleturn|p2a: Tyranitar|Protect\n|move|p1a: Sneasler|Fake Out|p2a: Tyranitar\n|-activate|p2a: Tyranitar|move: Protect\n|move|p1b: Starmie|Ice Spinner|p2b: Sinistcha\n|-supereffective|p2b: Sinistcha|1\n|-damage|p2b: Sinistcha|15/100\n|-enditem|p2b: Sinistcha|Sitrus Berry|[eat]\n|-heal|p2b: Sinistcha|40/100|[from] item: Sitrus Berry\n|move|p2b: Sinistcha|Matcha Gotcha|p1a: Sneasler|[spread] p1a,p1b\n|-resisted|p1a: Sneasler|1\n|-supereffective|p1b: Starmie|1\n|-damage|p1a: Sneasler|83/100\n|-heal|p2b: Sinistcha|48/100|[from] drain|[of] p1a: Sneasler\n|-damage|p1b: Starmie|42/100\n|-heal|p2b: Sinistcha|70/100|[from] drain|[of] p1b: Starmie\n|-status|p1a: Sneasler|brn\n|\n|-weather|Sandstorm|[upkeep]\n|-damage|p1a: Sneasler|78/100 brn|[from] Sandstorm\n|-damage|p1b: Starmie|36/100|[from] Sandstorm\n|-damage|p2b: Sinistcha|64/100|[from] Sandstorm\n|-damage|p1a: Sneasler|72/100 brn|[from] brn\n|upkeep\n|turn|2\n|\n|t:|1775939761\n|switch|p1a: Pelipper|Pelipper, L50, M|100/100\n|-weather|RainDance|[from] ability: Drizzle|[of] p1a: Pelipper\n|switch|p2a: Primarina|Primarina, L50, F|100/100\n|move|p1b: Starmie|Flip Turn|p2a: Primarina\n|-resisted|p2a: Primarina|1\n|-damage|p2a: Primarina|48/100\n|\n|t:|1775939773\n|switch|p1b: Archaludon|Archaludon, L50, M|100/100|[from] Flip Turn\n|move|p2b: Sinistcha|Matcha Gotcha|p1a: Pelipper|[spread] p1a,p1b\n|-resisted|p1b: Archaludon|2\n|-damage|p1a: Pelipper|64/100\n|-heal|p2b: Sinistcha|81/100|[from] drain|[of] p1a: Pelipper\n|-damage|p1b: Archaludon|94/100\n|-heal|p2b: Sinistcha|85/100|[from] drain|[of] p1b: Archaludon\n|-status|p1b: Archaludon|brn\n|-ability|p1b: Archaludon|Stamina|boost\n|-boost|p1b: Archaludon|def|1\n|\n|-weather|RainDance|[upkeep]\n|-damage|p1b: Archaludon|88/100 brn|[from] brn\n|upkeep\n|turn|3\n|inactive|Battle timer is ON: inactive players will automatically lose when time's up. (requested by Fauntana)\n|\n|t:|1775939806\n|switch|p2b: Tyranitar|Tyranitar-Mega, L50, F|100/100\n|-weather|Sandstorm|[from] ability: Sand Stream|[of] p2b: Tyranitar\n|switch|p1a: Sneasler|Sneasler, L50, M|72/100 brn\n|move|p1b: Archaludon|Protect|p1b: Archaludon\n|-singleturn|p1b: Archaludon|Protect\n|move|p2a: Primarina|Moonblast|p1a: Sneasler\n|-damage|p1a: Sneasler|0 fnt\n|faint|p1a: Sneasler\n|\n|-weather|Sandstorm|[upkeep]\n|-damage|p2a: Primarina|42/100|[from] Sandstorm\n|-damage|p1b: Archaludon|82/100 brn|[from] brn\n|upkeep\n|\n|t:|1775939818\n|switch|p1a: Pelipper|Pelipper, L50, M|64/100\n|-weather|RainDance|[from] ability: Drizzle|[of] p1a: Pelipper\n|turn|4\n|\n|t:|1775939834\n|switch|p2a: Sinistcha|Sinistcha, L50|85/100\n|move|p2b: Tyranitar|Rock Slide|p1b: Archaludon|[spread] p1a,p1b\n|-supereffective|p1a: Pelipper|1\n|-resisted|p1b: Archaludon|1\n|-damage|p1a: Pelipper|3/100\n|-damage|p1b: Archaludon|73/100 brn\n|-ability|p1b: Archaludon|Stamina|boost\n|-boost|p1b: Archaludon|def|1\n|move|p1b: Archaludon|Electro Shot||[still]\n|-prepare|p1b: Archaludon|Electro Shot\n|-boost|p1b: Archaludon|spa|1\n|-anim|p1b: Archaludon|Electro Shot|p2a: Sinistcha\n|-resisted|p2a: Sinistcha|1\n|-damage|p2a: Sinistcha|46/100\n|cant|p1a: Pelipper|flinch\n|\n|-weather|RainDance|[upkeep]\n|-damage|p1b: Archaludon|67/100 brn|[from] brn\n|upkeep\n|turn|5\n|\n|t:|1775939854\n|move|p1a: Pelipper|Protect|p1a: Pelipper\n|-singleturn|p1a: Pelipper|Protect\n|move|p2b: Tyranitar|Low Kick|p1b: Archaludon\n|-supereffective|p1b: Archaludon|1\n|-enditem|p1b: Archaludon|Chople Berry|[eat]\n|-enditem|p1b: Archaludon|Chople Berry|[weaken]\n|-damage|p1b: Archaludon|53/100 brn\n|-ability|p1b: Archaludon|Stamina|boost\n|-boost|p1b: Archaludon|def|1\n|move|p1b: Archaludon|Flash Cannon|p2a: Sinistcha\n|-damage|p2a: Sinistcha|0 fnt\n|faint|p2a: Sinistcha\n|\n|-weather|RainDance|[upkeep]\n|-damage|p1b: Archaludon|47/100 brn|[from] brn\n|upkeep\n|\n|t:|1775939871\n|switch|p2a: Primarina|Primarina, L50, F|42/100\n|turn|6\n|\n|t:|1775939890\n|move|p1a: Pelipper|Wide Guard|p1a: Pelipper\n|-singleturn|p1a: Pelipper|Wide Guard\n|move|p2b: Tyranitar|Low Kick|p1b: Archaludon\n|-supereffective|p1b: Archaludon|1\n|-damage|p1b: Archaludon|25/100 brn\n|-ability|p1b: Archaludon|Stamina|boost\n|-boost|p1b: Archaludon|def|1\n|move|p2a: Primarina|Hyper Voice|p1b: Archaludon|[spread] \n|-activate|p1a: Pelipper|move: Wide Guard\n|-activate|p1b: Archaludon|move: Wide Guard\n|move|p1b: Archaludon|Electro Shot||[still]\n|-prepare|p1b: Archaludon|Electro Shot\n|-boost|p1b: Archaludon|spa|1\n|-anim|p1b: Archaludon|Electro Shot|p2a: Primarina\n|-supereffective|p2a: Primarina|1\n|-damage|p2a: Primarina|0 fnt\n|faint|p2a: Primarina\n|\n|-weather|RainDance|[upkeep]\n|-damage|p1b: Archaludon|19/100 brn|[from] brn\n|upkeep\n|\n|t:|1775939899\n|switch|p2a: Corviknight|Corviknight, L50, M|100/100\n|turn|7\n|\n|t:|1775939917\n|move|p1b: Archaludon|Protect|p1b: Archaludon\n|-singleturn|p1b: Archaludon|Protect\n|move|p2b: Tyranitar|Rock Slide|p1a: Pelipper|[spread] p1a\n|-activate|p1b: Archaludon|move: Protect\n|-supereffective|p1a: Pelipper|1\n|-damage|p1a: Pelipper|0 fnt\n|faint|p1a: Pelipper\n|move|p2a: Corviknight|Bulk Up|p2a: Corviknight\n|-boost|p2a: Corviknight|atk|1\n|-boost|p2a: Corviknight|def|1\n|\n|-weather|RainDance|[upkeep]\n|-damage|p1b: Archaludon|13/100 brn|[from] brn\n|upkeep\n|\n|t:|1775939923\n|switch|p1a: Starmie|Starmie-Mega, L50, shiny|36/100\n|turn|8\n|\n|t:|1775939937\n|move|p2b: Tyranitar|Protect|p2b: Tyranitar\n|-singleturn|p2b: Tyranitar|Protect\n|move|p1a: Starmie|Liquidation|p2b: Tyranitar\n|-activate|p2b: Tyranitar|move: Protect\n|move|p1b: Archaludon|Electro Shot||[still]\n|-prepare|p1b: Archaludon|Electro Shot\n|-boost|p1b: Archaludon|spa|1\n|-anim|p1b: Archaludon|Electro Shot|p2a: Corviknight\n|-supereffective|p2a: Corviknight|1\n|-damage|p2a: Corviknight|0 fnt\n|faint|p2a: Corviknight\n|\n|-weather|none\n|-damage|p1b: Archaludon|7/100 brn|[from] brn\n|upkeep\n|turn|9\n|\n|t:|1775939960\n|move|p1a: Starmie|Liquidation|p2b: Tyranitar\n|-supereffective|p2b: Tyranitar|1\n|-damage|p2b: Tyranitar|0 fnt\n|faint|p2b: Tyranitar\n|\n|win|1%ofGamblers\n|raw|1%ofGamblers's rating: 1134 &rarr; <strong>1161</strong><br />(+27 for winning)\n|raw|Fauntana's rating: 1163 &rarr; <strong>1136</strong><br />(-27 for losing)\n|l|\u2606Fauntana\n|player|p2|\n",
  "uploadtime": 1775939966,
  "views": 16,
  "formatid": "gen9championsvgc2026regma",
  "rating": 1136,
  "private": 0,
  "password": null
}