{
  "id": "gen9championsvgc2026regma-2582188043",
  "format": "[Gen 9 Champions] VGC 2026 Reg M-A",
  "players": [
    "Kialometer",
    "nidokingusefly"
  ],
  "log": "|j|\u2606Kialometer\n|j|\u2606nidokingusefly\n|t:|1776069075\n|gametype|doubles\n|player|p1|Kialometer|170|1050\n|player|p2|nidokingusefly|266|1052\n|gen|9\n|tier|[Gen 9 Champions] VGC 2026 Reg M-A\n|rated|\n|rule|Species Clause: Limit one of each Pok\u00e9mon\n|rule|Item Clause: Limit 1 of each item\n|clearpoke\n|poke|p1|Hawlucha, L50, F|\n|poke|p1|Milotic, L50, F|\n|poke|p1|Typhlosion-Hisui, L50, F|\n|poke|p1|Blastoise, L50, M|\n|poke|p1|Zoroark-Hisui, L50, F|\n|poke|p1|Incineroar, L50, F|\n|poke|p2|Starmie, L50|\n|poke|p2|Tyranitar, L50, M|\n|poke|p2|Aerodactyl, L50, F|\n|poke|p2|Rotom-Heat, L50|\n|poke|p2|Gengar, L50, M|\n|poke|p2|Dragonite, L50, M|\n|teampreview|4\n|\n|t:|1776069098\n|teamsize|p1|4\n|teamsize|p2|4\n|start\n|switch|p1a: Hawlucha|Hawlucha, L50, F|100/100\n|switch|p1b: Milotic|Milotic, L50, F|100/100\n|switch|p2a: Starmie|Starmie, L50, shiny|100/100\n|switch|p2b: Tyranitar|Tyranitar, L50, M, shiny|100/100\n|-weather|Sandstorm|[from] ability: Sand Stream|[of] p2b: Tyranitar\n|turn|1\n|inactive|Battle timer is ON: inactive players will automatically lose when time's up. (requested by Kialometer)\n|\n|t:|1776069114\n|detailschange|p1a: Hawlucha|Hawlucha-Mega, L50, F\n|-mega|p1a: Hawlucha|Hawlucha|Hawluchanite\n|detailschange|p2a: Starmie|Starmie-Mega, L50, shiny\n|-mega|p2a: Starmie|Starmie|Starminite\n|move|p1a: Hawlucha|Entrainment|p1b: Milotic\n|-ability|p1b: Milotic|No Guard|Competitive|[from] move: Entrainment|[of] p1a: Hawlucha\n|move|p2a: Starmie|Skill Swap|p2b: Tyranitar\n|-activate|p2a: Starmie|Skill Swap|||[of] p2b: Tyranitar\n|move|p2b: Tyranitar|Rock Slide|p1a: Hawlucha|[spread] p1a,p1b\n|-damage|p1a: Hawlucha|22/100\n|-damage|p1b: Milotic|44/100\n|move|p1b: Milotic|Hypnosis|p2b: Tyranitar\n|-status|p2b: Tyranitar|slp|[from] move: Hypnosis\n|\n|-weather|Sandstorm|[upkeep]\n|-damage|p1a: Hawlucha|16/100|[from] Sandstorm\n|-damage|p2a: Starmie|95/100|[from] Sandstorm\n|-damage|p1b: Milotic|38/100|[from] Sandstorm\n|-heal|p1b: Milotic|44/100|[from] item: Leftovers\n|upkeep\n|turn|2\n|inactive|Kialometer has 30 seconds left.\n|\n|t:|1776069140\n|switch|p1a: Incineroar|Incineroar, L50, F|100/100\n|-ability|p1a: Incineroar|Intimidate|boost\n|-unboost|p2a: Starmie|atk|1\n|-unboost|p2b: Tyranitar|atk|1\n|switch|p2b: Aerodactyl|Aerodactyl, L50, F|100/100\n|-ability|p2b: Aerodactyl|Unnerve\n|move|p1b: Milotic|Protect|p1b: Milotic\n|-singleturn|p1b: Milotic|Protect\n|move|p2a: Starmie|Liquidation|p1a: Incineroar\n|-supereffective|p1a: Incineroar|1\n|-damage|p1a: Incineroar|62/100\n|\n|-weather|Sandstorm|[upkeep]\n|-damage|p2a: Starmie|89/100|[from] Sandstorm\n|-damage|p1b: Milotic|38/100|[from] Sandstorm\n|-damage|p1a: Incineroar|56/100|[from] Sandstorm\n|-heal|p1b: Milotic|44/100|[from] item: Leftovers\n|upkeep\n|turn|3\n|\n|t:|1776069162\n|switch|p2a: Rotom|Rotom-Heat, L50|100/100\n|move|p1a: Incineroar|Fake Out|p2a: Rotom\n|-damage|p2a: Rotom|86/100\n|move|p2b: Aerodactyl|Tailwind|p2b: Aerodactyl\n|-sidestart|p2: nidokingusefly|move: Tailwind\n|move|p1b: Milotic|Hypnosis|p2b: Aerodactyl\n|-status|p2b: Aerodactyl|slp|[from] move: Hypnosis\n|\n|-weather|Sandstorm|[upkeep]\n|-damage|p2a: Rotom|80/100|[from] Sandstorm\n|-damage|p1b: Milotic|38/100|[from] Sandstorm\n|-damage|p1a: Incineroar|50/100|[from] Sandstorm\n|-heal|p1b: Milotic|44/100|[from] item: Leftovers\n|upkeep\n|turn|4\n|\n|t:|1776069180\n|switch|p2b: Starmie|Starmie-Mega, L50, shiny|89/100\n|-enditem|p1a: Incineroar|Sitrus Berry|[eat]\n|-heal|p1a: Incineroar|75/100|[from] item: Sitrus Berry\n|move|p1b: Milotic|Protect|p1b: Milotic\n|-singleturn|p1b: Milotic|Protect\n|move|p2a: Rotom|Discharge|p1a: Incineroar|[spread] p2b,p1a\n|-activate|p1b: Milotic|move: Protect\n|-supereffective|p2b: Starmie|1\n|-damage|p2b: Starmie|36/100\n|-damage|p1a: Incineroar|54/100\n|move|p1a: Incineroar|Parting Shot|p2a: Rotom\n|-unboost|p2a: Rotom|atk|1\n|-unboost|p2a: Rotom|spa|1\n|\n|t:|1776069199\n|switch|p1a: Blastoise|Blastoise, L50, M|100/100|[from] Parting Shot\n|\n|-weather|Sandstorm|[upkeep]\n|-damage|p2b: Starmie|30/100|[from] Sandstorm\n|-damage|p2a: Rotom|75/100|[from] Sandstorm\n|-damage|p1a: Blastoise|95/100|[from] Sandstorm\n|-damage|p1b: Milotic|38/100|[from] Sandstorm\n|-heal|p1b: Milotic|44/100|[from] item: Leftovers\n|upkeep\n|turn|5\n|\n|t:|1776069212\n|switch|p2a: Tyranitar|Tyranitar, L50, M, shiny|100/100 slp\n|switch|p1b: Incineroar|Incineroar, L50, F|54/100\n|-ability|p1b: Incineroar|Intimidate|boost\n|-unboost|p2a: Tyranitar|atk|1\n|-unboost|p2b: Starmie|atk|1\n|move|p1a: Blastoise|Protect|p1a: Blastoise\n|-singleturn|p1a: Blastoise|Protect\n|move|p2b: Starmie|Reflect|p2b: Starmie\n|-sidestart|p2: nidokingusefly|Reflect\n|\n|-weather|none\n|upkeep\n|turn|6\n|\n|t:|1776069233\n|move|p1b: Incineroar|Fake Out|p2b: Starmie\n|-damage|p2b: Starmie|22/100\n|cant|p2b: Starmie|flinch\n|cant|p2a: Tyranitar|slp\n|move|p1a: Blastoise|Shell Smash|p1a: Blastoise\n|-unboost|p1a: Blastoise|def|1\n|-unboost|p1a: Blastoise|spd|1\n|-boost|p1a: Blastoise|atk|2\n|-boost|p1a: Blastoise|spa|2\n|-boost|p1a: Blastoise|spe|2\n|-enditem|p1a: Blastoise|White Herb\n|-clearnegativeboost|p1a: Blastoise|[silent]\n|\n|-sideend|p2: nidokingusefly|move: Tailwind\n|upkeep\n|turn|7\n|\n|t:|1776069252\n|move|p1a: Blastoise|Water Spout|p2a: Tyranitar|[spread] p2a,p2b\n|-supereffective|p2a: Tyranitar|1\n|-resisted|p2b: Starmie|1\n|-damage|p2a: Tyranitar|0 fnt\n|-damage|p2b: Starmie|0 fnt\n|faint|p2a: Tyranitar\n|faint|p2b: Starmie\n|move|p1b: Incineroar|Parting Shot|p2: Tyranitar|[notarget]\n|-fail|p1b: Incineroar\n|\n|upkeep\n|-message|nidokingusefly forfeited.\n|\n|win|Kialometer\n|raw|Kialometer's rating: 1050 &rarr; <strong>1083</strong><br />(+33 for winning)\n|raw|nidokingusefly's rating: 1052 &rarr; <strong>1034</strong><br />(-18 for losing)\n|l|\u2606nidokingusefly\n|player|p2|\n",
  "uploadtime": 1776069263,
  "views": 23,
  "formatid": "gen9championsvgc2026regma",
  "rating": 1034,
  "private": 0,
  "password": null
}