{
  "id": "gen9championsvgc2026regma-2581963482",
  "format": "[Gen 9 Champions] VGC 2026 Reg M-A",
  "players": [
    "hyrosh x",
    "llvl100mafiaboss"
  ],
  "log": "|j|\u2606hyrosh x\n|j|\u2606llvl100mafiaboss\n|t:|1776043737\n|gametype|doubles\n|player|p1|hyrosh x|benga|1090\n|player|p2|llvl100mafiaboss|backersf|1116\n|gen|9\n|tier|[Gen 9 Champions] VGC 2026 Reg M-A\n|rated|\n|rule|Species Clause: Limit one of each Pok\u00e9mon\n|rule|Item Clause: Limit 1 of each item\n|clearpoke\n|poke|p1|Ditto, L50|\n|poke|p1|Kangaskhan, L50, F|\n|poke|p1|Typhlosion-Hisui, L50, M|\n|poke|p1|Whimsicott, L50, F|\n|poke|p1|Vivillon-Fancy, L50, F|\n|poke|p1|Incineroar, L50, M|\n|poke|p2|Sneasler, L50, M|\n|poke|p2|Incineroar, L50, F|\n|poke|p2|Garchomp, L50, F|\n|poke|p2|Aegislash, L50, F|\n|poke|p2|Whimsicott, L50, M|\n|poke|p2|Rotom-Wash, L50|\n|teampreview|4\n|inactive|Battle timer is ON: inactive players will automatically lose when time's up. (requested by hyrosh x)\n|inactive|hyrosh x has 60 seconds left.\n|inactive|llvl100mafiaboss has 60 seconds left.\n|\n|t:|1776043775\n|teamsize|p1|4\n|teamsize|p2|4\n|start\n|switch|p1a: Whimsicott|Whimsicott, L50, F|100/100\n|switch|p1b: Typhlosion|Typhlosion-Hisui, L50, M|100/100\n|switch|p2a: Rotom|Rotom-Wash, L50|100/100\n|switch|p2b: Incineroar|Incineroar, L50, F|100/100\n|-ability|p2b: Incineroar|Intimidate|boost\n|-unboost|p1a: Whimsicott|atk|1\n|-unboost|p1b: Typhlosion|atk|1\n|turn|1\n|inactive|hyrosh x has 30 seconds left.\n|\n|t:|1776043807\n|switch|p1b: Ditto|Ditto, L50, shiny|100/100\n|-transform|p1b: Ditto|p2a: Rotom|[from] ability: Imposter\n|move|p1a: Whimsicott|Light Screen|p1a: Whimsicott\n|-sidestart|p1: hyrosh x|move: Light Screen\n|move|p2a: Rotom|Nasty Plot|p2a: Rotom\n|-boost|p2a: Rotom|spa|2\n|move|p2b: Incineroar|Taunt|p1a: Whimsicott\n|-start|p1a: Whimsicott|move: Taunt\n|-enditem|p1a: Whimsicott|Mental Herb\n|-end|p1a: Whimsicott|move: Taunt\n|\n|upkeep\n|turn|2\n|inactive|llvl100mafiaboss has 30 seconds left.\n|inactive|llvl100mafiaboss has 20 seconds left.\n|inactive|llvl100mafiaboss has 15 seconds left.\n|inactive|hyrosh x has 30 seconds left.\n|\n|t:|1776043853\n|move|p1a: Whimsicott|Encore|p2a: Rotom\n|-start|p2a: Rotom|Encore\n|move|p1b: Ditto|Hydro Pump|p2b: Incineroar\n|-supereffective|p2b: Incineroar|1\n|-damage|p2b: Incineroar|13/100\n|-enditem|p2b: Incineroar|Sitrus Berry|[eat]\n|-heal|p2b: Incineroar|38/100|[from] item: Sitrus Berry\n|move|p2a: Rotom|Nasty Plot|p2a: Rotom\n|-boost|p2a: Rotom|spa|2\n|move|p2b: Incineroar|Taunt|p1a: Whimsicott\n|-start|p1a: Whimsicott|move: Taunt\n|\n|upkeep\n|turn|3\n|\n|t:|1776043873\n|switch|p1b: Typhlosion|Typhlosion-Hisui, L50, M|100/100\n|switch|p2b: Whimsicott|Whimsicott, L50, M|100/100\n|move|p1a: Whimsicott|Moonblast|p2b: Whimsicott\n|-damage|p2b: Whimsicott|66/100\n|move|p2a: Rotom|Nasty Plot|p2a: Rotom\n|-boost|p2a: Rotom|spa|2\n|\n|upkeep\n|turn|4\n|\n|t:|1776043891\n|move|p2b: Whimsicott|Light Screen|p2b: Whimsicott\n|-sidestart|p2: llvl100mafiaboss|move: Light Screen\n|move|p1b: Typhlosion|Eruption|p2a: Rotom|[spread] p2a,p2b\n|-resisted|p2a: Rotom|1\n|-supereffective|p2b: Whimsicott|1\n|-damage|p2a: Rotom|79/100\n|-damage|p2b: Whimsicott|0 fnt\n|faint|p2b: Whimsicott\n|move|p1a: Whimsicott|Moonblast|p2a: Rotom\n|-damage|p2a: Rotom|61/100\n|move|p2a: Rotom|Nasty Plot|p2a: Rotom\n|-boost|p2a: Rotom|spa|0\n|\n|-end|p2a: Rotom|Encore\n|upkeep\n|\n|t:|1776043900\n|switch|p2b: Incineroar|Incineroar, L50, F|38/100\n|-ability|p2b: Incineroar|Intimidate|boost\n|-unboost|p1a: Whimsicott|atk|1\n|-unboost|p1b: Typhlosion|atk|1\n|turn|5\n|\n|t:|1776043909\n|switch|p1b: Ditto|Ditto, L50, shiny|100/100\n|-transform|p1b: Ditto|p2a: Rotom|[from] ability: Imposter\n|move|p2b: Incineroar|Fake Out|p1a: Whimsicott\n|-damage|p1a: Whimsicott|89/100\n|cant|p1a: Whimsicott|flinch\n|move|p2a: Rotom|Thunderbolt|p1b: Ditto\n|-damage|p1b: Ditto|0 fnt\n|faint|p1b: Ditto\n|\n|-end|p1a: Whimsicott|move: Taunt\n|-sideend|p1: hyrosh x|move: Light Screen\n|upkeep\n|\n|t:|1776043923\n|switch|p1b: Kangaskhan|Kangaskhan, L50, F|100/100\n|turn|6\n|\n|t:|1776043948\n|detailschange|p1b: Kangaskhan|Kangaskhan-Mega, L50, F\n|-mega|p1b: Kangaskhan|Kangaskhan|Kangaskhanite\n|move|p1b: Kangaskhan|Fake Out|p2a: Rotom\n|-damage|p2a: Rotom|37/100\n|-damage|p2a: Rotom|33/100\n|-hitcount|p2a: Rotom|2\n|move|p1a: Whimsicott|Tailwind|p1a: Whimsicott\n|-sidestart|p1: hyrosh x|move: Tailwind\n|cant|p2a: Rotom|flinch\n|move|p2b: Incineroar|Parting Shot|p1b: Kangaskhan\n|-unboost|p1b: Kangaskhan|atk|1\n|-unboost|p1b: Kangaskhan|spa|1\n|\n|t:|1776043958\n|switch|p2b: Sneasler|Sneasler, L50, M|100/100|[from] Parting Shot\n|\n|upkeep\n|turn|7\n|\n|t:|1776043981\n|switch|p1b: Typhlosion|Typhlosion-Hisui, L50, M|100/100\n|move|p2a: Rotom|Protect|p2a: Rotom\n|-singleturn|p2a: Rotom|Protect\n|move|p1a: Whimsicott|Moonblast|p2a: Rotom\n|-activate|p2a: Rotom|move: Protect\n|move|p2b: Sneasler|Dire Claw|p1a: Whimsicott\n|-supereffective|p1a: Whimsicott|2\n|-damage|p1a: Whimsicott|0 fnt\n|faint|p1a: Whimsicott\n|\n|upkeep\n|\n|t:|1776043992\n|switch|p1a: Kangaskhan|Kangaskhan-Mega, L50, F|100/100\n|turn|8\n|inactive|llvl100mafiaboss has 30 seconds left.\n|\n|t:|1776044018\n|switch|p2a: Incineroar|Incineroar, L50, F|38/100\n|-ability|p2a: Incineroar|Intimidate|boost\n|-unboost|p1a: Kangaskhan|atk|1\n|-unboost|p1b: Typhlosion|atk|1\n|move|p2b: Sneasler|Protect|p2b: Sneasler\n|-singleturn|p2b: Sneasler|Protect\n|move|p1a: Kangaskhan|Fake Out|p2b: Sneasler\n|-activate|p2b: Sneasler|move: Protect\n|move|p1b: Typhlosion|Shadow Ball|p2a: Incineroar\n|-resisted|p2a: Incineroar|1\n|-damage|p2a: Incineroar|27/100\n|\n|-sideend|p2: llvl100mafiaboss|move: Light Screen\n|upkeep\n|turn|9\n|inactive|llvl100mafiaboss has 30 seconds left.\n|inactive|llvl100mafiaboss has 20 seconds left.\n|\n|t:|1776044057\n|move|p2a: Incineroar|Fake Out|p1a: Kangaskhan\n|-damage|p1a: Kangaskhan|91/100\n|move|p1b: Typhlosion|Eruption|p2b: Sneasler|[spread] p2a,p2b\n|-resisted|p2a: Incineroar|1\n|-damage|p2a: Incineroar|4/100\n|-damage|p2b: Sneasler|19/100\n|cant|p1a: Kangaskhan|flinch\n|move|p2b: Sneasler|Close Combat|p1a: Kangaskhan\n|-supereffective|p1a: Kangaskhan|1\n|-damage|p1a: Kangaskhan|0 fnt\n|-unboost|p2b: Sneasler|def|1\n|-unboost|p2b: Sneasler|spd|1\n|faint|p1a: Kangaskhan\n|\n|-sideend|p1: hyrosh x|move: Tailwind\n|upkeep\n|turn|10\n|inactive|llvl100mafiaboss has 30 seconds left.\n|\n|t:|1776044091\n|move|p2b: Sneasler|Dire Claw|p1b: Typhlosion\n|-resisted|p1b: Typhlosion|1\n|-damage|p1b: Typhlosion|72/100\n|move|p1b: Typhlosion|Heat Wave|p2a: Incineroar|[spread] p2a,p2b\n|-resisted|p2a: Incineroar|1\n|-damage|p2a: Incineroar|0 fnt\n|-damage|p2b: Sneasler|0 fnt\n|faint|p2a: Incineroar\n|faint|p2b: Sneasler\n|\n|upkeep\n|\n|t:|1776044094\n|switch|p2b: Rotom|Rotom-Wash, L50|33/100\n|turn|11\n|\n|t:|1776044098\n|move|p1b: Typhlosion|Shadow Ball|p2b: Rotom\n|-damage|p2b: Rotom|0 fnt\n|faint|p2b: Rotom\n|\n|win|hyrosh x\n|raw|hyrosh x's rating: 1061 &rarr; <strong>1097</strong><br />(+36 for winning)\n|raw|llvl100mafiaboss's rating: 1116 &rarr; <strong>1087</strong><br />(-29 for losing)\n|l|\u2606llvl100mafiaboss\n|player|p2|\n",
  "uploadtime": 1776044105,
  "views": 13,
  "formatid": "gen9championsvgc2026regma",
  "rating": 1087,
  "private": 0,
  "password": null
}