{
  "id": "gen9championsvgc2026regma-2584584498",
  "format": "[Gen 9 Champions] VGC 2026 Reg M-A",
  "players": [
    "vegibore",
    "StrawberryBalloons"
  ],
  "log": "|j|\u2606vegibore\n|j|\u203dStrawberryBalloons\n|t:|1776270335\n|gametype|doubles\n|player|p1|vegibore|169|1255\n|player|p2|StrawberryBalloons|fisherman-gen4|1308\n|gen|9\n|tier|[Gen 9 Champions] VGC 2026 Reg M-A\n|rated|\n|rule|Species Clause: Limit one of each Pok\u00e9mon\n|rule|Item Clause: Limit 1 of each item\n|clearpoke\n|poke|p1|Charizard, L50, M|\n|poke|p1|Venusaur, L50, M|\n|poke|p1|Incineroar, L50, F|\n|poke|p1|Garchomp, L50, M|\n|poke|p1|Sneasler, L50, M|\n|poke|p1|Whimsicott, L50, F|\n|poke|p2|Ampharos, L50, F|\n|poke|p2|Oranguru, L50, M|\n|poke|p2|Garchomp, L50, F|\n|poke|p2|Talonflame, L50, F|\n|poke|p2|Meganium, L50, F|\n|poke|p2|Maushold-Four, L50|\n|teampreview|4\n|inactive|Battle timer is ON: inactive players will automatically lose when time's up. (requested by StrawberryBalloons)\n|inactive|vegibore has 60 seconds left.\n|inactive|StrawberryBalloons has 60 seconds left.\n|\n|t:|1776270366\n|teamsize|p1|4\n|teamsize|p2|4\n|start\n|switch|p1a: Incineroar|Incineroar, L50, F|100/100\n|switch|p1b: Whimsicott|Whimsicott, L50, F|100/100\n|switch|p2a: Talonflame|Talonflame, L50, F|100/100\n|switch|p2b: Oranguru|Oranguru, L50, M|100/100\n|-ability|p1a: Incineroar|Intimidate|boost\n|-unboost|p2a: Talonflame|atk|1\n|-unboost|p2b: Oranguru|atk|1\n|turn|1\n|\n|t:|1776270382\n|move|p2b: Oranguru|Protect|p2b: Oranguru\n|-singleturn|p2b: Oranguru|Protect\n|move|p1a: Incineroar|Fake Out|p2a: Talonflame\n|-damage|p2a: Talonflame|81/100\n|move|p1b: Whimsicott|Tailwind|p1b: Whimsicott\n|-sidestart|p1: vegibore|move: Tailwind\n|cant|p2a: Talonflame|flinch\n|\n|upkeep\n|turn|2\n|inactive|vegibore has 30 seconds left.\n|\n|t:|1776270416\n|switch|p2a: Ampharos|Ampharos, L50, F|100/100\n|move|p1b: Whimsicott|Encore|p2b: Oranguru\n|-start|p2b: Oranguru|Encore\n|-enditem|p2b: Oranguru|Mental Herb\n|-end|p2b: Oranguru|Encore\n|move|p1a: Incineroar|Parting Shot|p2a: Ampharos\n|-unboost|p2a: Ampharos|atk|1\n|-unboost|p2a: Ampharos|spa|1\n|\n|t:|1776270426\n|switch|p1a: Venusaur|Venusaur, L50, M|100/100|[from] Parting Shot\n|move|p2b: Oranguru|Trick Room|p2b: Oranguru\n|-fieldstart|move: Trick Room|[of] p2b: Oranguru\n|\n|upkeep\n|turn|3\n|\n|t:|1776270435\n|detailschange|p2a: Ampharos|Ampharos-Mega, L50, F\n|-mega|p2a: Ampharos|Ampharos|Ampharosite\n|-ability|p2a: Ampharos|Mold Breaker\n|move|p1b: Whimsicott|Encore|p2b: Oranguru\n|-start|p2b: Oranguru|Encore\n|move|p2a: Ampharos|Cotton Guard|p2a: Ampharos\n|-boost|p2a: Ampharos|def|3\n|move|p1a: Venusaur|Earth Power|p2a: Ampharos\n|-supereffective|p2a: Ampharos|1\n|-damage|p2a: Ampharos|53/100\n|move|p2b: Oranguru|Trick Room|p2b: Oranguru\n|-fieldend|move: Trick Room\n|\n|upkeep\n|turn|4\n|\n|t:|1776270450\n|switch|p2b: Talonflame|Talonflame, L50, F|81/100\n|move|p2a: Ampharos|Protect|p2a: Ampharos\n|-singleturn|p2a: Ampharos|Protect\n|move|p1b: Whimsicott|Moonblast|p2a: Ampharos\n|-activate|p2a: Ampharos|move: Protect\n|move|p1a: Venusaur|Earth Power|p2a: Ampharos\n|-activate|p2a: Ampharos|move: Protect\n|\n|-sideend|p1: vegibore|move: Tailwind\n|upkeep\n|turn|5\n|\n|t:|1776270468\n|move|p2b: Talonflame|Quick Guard|p2b: Talonflame\n|-singleturn|p2b: Talonflame|Quick Guard\n|move|p1b: Whimsicott|Tailwind|p1b: Whimsicott\n|-sidestart|p1: vegibore|move: Tailwind\n|move|p1a: Venusaur|Earth Power|p2a: Ampharos\n|-supereffective|p2a: Ampharos|1\n|-damage|p2a: Ampharos|5/100\n|move|p2a: Ampharos|Dragon Pulse|p1a: Venusaur\n|-damage|p1a: Venusaur|53/100\n|\n|-heal|p1a: Venusaur|59/100|[from] item: Leftovers\n|upkeep\n|turn|6\n|\n|t:|1776270487\n|switch|p1b: Incineroar|Incineroar, L50, F|100/100\n|-ability|p1b: Incineroar|Intimidate|boost\n|-unboost|p2a: Ampharos|atk|1\n|-unboost|p2b: Talonflame|atk|1\n|switch|p2a: Oranguru|Oranguru, L50, M|100/100\n|move|p1a: Venusaur|Earth Power|p2a: Oranguru\n|-damage|p2a: Oranguru|78/100\n|move|p2b: Talonflame|Acrobatics|p1b: Incineroar\n|-damage|p1b: Incineroar|75/100\n|\n|-heal|p1a: Venusaur|65/100|[from] item: Leftovers\n|upkeep\n|turn|7\n|\n|t:|1776270504\n|move|p1a: Venusaur|Sludge Bomb|p2a: Oranguru\n|-damage|p2a: Oranguru|44/100\n|-status|p2a: Oranguru|psn\n|move|p2b: Talonflame|Acrobatics|p1a: Venusaur\n|-supereffective|p1a: Venusaur|1\n|-damage|p1a: Venusaur|0 fnt\n|faint|p1a: Venusaur\n|move|p1b: Incineroar|Throat Chop|p2a: Oranguru\n|-supereffective|p2a: Oranguru|1\n|-damage|p2a: Oranguru|0 fnt\n|faint|p2a: Oranguru\n|\n|upkeep\n|\n|t:|1776270522\n|switch|p1a: Charizard|Charizard, L50, M|100/100\n|switch|p2a: Garchomp|Garchomp, L50, F|100/100\n|turn|8\n|\n|t:|1776270541\n|detailschange|p1a: Charizard|Charizard-Mega-Y, L50, M\n|-mega|p1a: Charizard|Charizard|Charizardite Y\n|-weather|SunnyDay|[from] ability: Drought|[of] p1a: Charizard\n|move|p2a: Garchomp|Protect|p2a: Garchomp\n|-singleturn|p2a: Garchomp|Protect\n|move|p1a: Charizard|Heat Wave|p2b: Talonflame|[spread] p2b\n|-activate|p2a: Garchomp|move: Protect\n|-resisted|p2b: Talonflame|1\n|-damage|p2b: Talonflame|34/100\n|move|p2b: Talonflame|Tailwind|p2b: Talonflame\n|-sidestart|p2: StrawberryBalloons|move: Tailwind\n|move|p1b: Incineroar|Throat Chop|p2a: Garchomp\n|-activate|p2a: Garchomp|move: Protect\n|\n|-weather|SunnyDay|[upkeep]\n|-sideend|p1: vegibore|move: Tailwind\n|upkeep\n|turn|9\n|\n|t:|1776270561\n|move|p1a: Charizard|Protect|p1a: Charizard\n|-singleturn|p1a: Charizard|Protect\n|move|p2b: Talonflame|Acrobatics|p1b: Incineroar\n|-damage|p1b: Incineroar|50/100\n|-enditem|p1b: Incineroar|Sitrus Berry|[eat]\n|-heal|p1b: Incineroar|74/100|[from] item: Sitrus Berry\n|move|p2a: Garchomp|Rock Slide|p1b: Incineroar|[spread] p1b\n|-activate|p1a: Charizard|move: Protect\n|-supereffective|p1b: Incineroar|1\n|-damage|p1b: Incineroar|38/100\n|move|p1b: Incineroar|Parting Shot|p2a: Garchomp\n|-unboost|p2a: Garchomp|atk|1\n|-unboost|p2a: Garchomp|spa|1\n|\n|t:|1776270574\n|switch|p1b: Whimsicott|Whimsicott, L50, F|100/100|[from] Parting Shot\n|\n|-weather|SunnyDay|[upkeep]\n|upkeep\n|turn|10\n|\n|t:|1776270586\n|move|p1b: Whimsicott|Tailwind|p1b: Whimsicott\n|-sidestart|p1: vegibore|move: Tailwind\n|move|p2b: Talonflame|Acrobatics|p1b: Whimsicott\n|-supereffective|p1b: Whimsicott|1\n|-damage|p1b: Whimsicott|10/100\n|move|p2a: Garchomp|Rock Slide|p1a: Charizard|[spread] p1b\n|-miss|p2a: Garchomp|p1a: Charizard\n|-damage|p1b: Whimsicott|0 fnt\n|faint|p1b: Whimsicott\n|move|p1a: Charizard|Solar Beam||[still]\n|-prepare|p1a: Charizard|Solar Beam\n|-anim|p1a: Charizard|Solar Beam|p2a: Garchomp\n|-damage|p2a: Garchomp|50/100\n|\n|-weather|SunnyDay|[upkeep]\n|upkeep\n|\n|t:|1776270599\n|switch|p1b: Incineroar|Incineroar, L50, F|38/100\n|-ability|p1b: Incineroar|Intimidate|boost\n|-unboost|p2a: Garchomp|atk|1\n|-unboost|p2b: Talonflame|atk|1\n|turn|11\n|\n|t:|1776270615\n|move|p2b: Talonflame|Quick Guard|p2b: Talonflame\n|-singleturn|p2b: Talonflame|Quick Guard\n|move|p1b: Incineroar|Fake Out|p2a: Garchomp\n|-activate|p2a: Garchomp|move: Quick Guard\n|move|p2a: Garchomp|Rock Slide|p1a: Charizard|[spread] p1a,p1b\n|-supereffective|p1a: Charizard|2\n|-supereffective|p1b: Incineroar|1\n|-damage|p1a: Charizard|43/100\n|-damage|p1b: Incineroar|17/100\n|move|p1a: Charizard|Heat Wave|p2b: Talonflame|[spread] p2b\n|-miss|p1a: Charizard|p2a: Garchomp\n|-resisted|p2b: Talonflame|1\n|-damage|p2b: Talonflame|0 fnt\n|faint|p2b: Talonflame\n|\n|-weather|SunnyDay|[upkeep]\n|-sideend|p2: StrawberryBalloons|move: Tailwind\n|upkeep\n|\n|t:|1776270626\n|switch|p2b: Ampharos|Ampharos-Mega, L50, F|5/100\n|-ability|p2b: Ampharos|Mold Breaker\n|turn|12\n|\n|t:|1776270637\n|move|p1a: Charizard|Heat Wave|p2a: Garchomp|[spread] p2a,p2b\n|-resisted|p2a: Garchomp|1\n|-resisted|p2b: Ampharos|1\n|-damage|p2a: Garchomp|16/100\n|-damage|p2b: Ampharos|0 fnt\n|faint|p2b: Ampharos\n|move|p2a: Garchomp|Rock Slide|p1a: Charizard|[spread] p1a\n|-miss|p2a: Garchomp|p1b: Incineroar\n|-supereffective|p1a: Charizard|2\n|-damage|p1a: Charizard|0 fnt\n|faint|p1a: Charizard\n|move|p1b: Incineroar|Throat Chop|p2a: Garchomp|[miss]\n|-miss|p1b: Incineroar|p2a: Garchomp\n|\n|-weather|none\n|upkeep\n|turn|13\n|\n|t:|1776270658\n|move|p2a: Garchomp|Protect|p2a: Garchomp\n|-singleturn|p2a: Garchomp|Protect\n|move|p1b: Incineroar|Throat Chop|p2a: Garchomp\n|-activate|p2a: Garchomp|move: Protect\n|\n|-sideend|p1: vegibore|move: Tailwind\n|upkeep\n|turn|14\n|\n|t:|1776270666\n|move|p2a: Garchomp|Earthquake|p1b: Incineroar\n|-supereffective|p1b: Incineroar|1\n|-damage|p1b: Incineroar|0 fnt\n|faint|p1b: Incineroar\n|\n|win|StrawberryBalloons\n|raw|vegibore's rating: 1255 &rarr; <strong>1234</strong><br />(-21 for losing)\n|raw|StrawberryBalloons's rating: 1308 &rarr; <strong>1325</strong><br />(+17 for winning)\n",
  "uploadtime": 1776270670,
  "views": 30,
  "formatid": "gen9championsvgc2026regma",
  "rating": 1234,
  "private": 0,
  "password": null
}