{
  "id": "gen9championsvgc2026regma-2586463186",
  "format": "[Gen 9 Champions] VGC 2026 Reg M-A",
  "players": [
    "Toopifying",
    "JPabloSenpai"
  ],
  "log": "|j|\u2606Toopifying\n|j|\u2606JPabloSenpai\n|t:|1776436431\n|gametype|doubles\n|player|p1|Toopifying|266|1082\n|player|p2|JPabloSenpai|iris-gen5bw2|1014\n|gen|9\n|tier|[Gen 9 Champions] VGC 2026 Reg M-A\n|rated|\n|rule|Species Clause: Limit one of each Pok\u00e9mon\n|rule|Item Clause: Limit 1 of each item\n|clearpoke\n|poke|p1|Charizard, L50, M|\n|poke|p1|Sneasler, L50, F|\n|poke|p1|Basculegion, L50, M|\n|poke|p1|Garchomp, L50, M|\n|poke|p1|Incineroar, L50, M|\n|poke|p1|Venusaur, L50, M|\n|poke|p2|Meowstic-F, L50, F|\n|poke|p2|Basculegion-F, L50, F|\n|poke|p2|Kingambit, L50, M|\n|poke|p2|Heliolisk, L50, M|\n|poke|p2|Charizard, L50, F|\n|poke|p2|Venusaur, L50, F|\n|teampreview|4\n|inactive|Battle timer is ON: inactive players will automatically lose when time's up. (requested by Toopifying)\n|inactive|JPabloSenpai also wants the timer to be on.\n|\n|t:|1776436454\n|teamsize|p1|4\n|teamsize|p2|4\n|start\n|switch|p1a: Lizard|Charizard, L50, M|100/100\n|switch|p1b: Spandex|Incineroar, L50, M|100/100\n|switch|p2a: Meowstic|Meowstic-F, L50, F|100/100\n|switch|p2b: Basculegion|Basculegion-F, L50, F|100/100\n|-ability|p1b: Spandex|Intimidate|boost\n|-unboost|p2a: Meowstic|atk|1\n|-ability|p2a: Meowstic|Competitive|boost\n|-boost|p2a: Meowstic|spa|2\n|-unboost|p2b: Basculegion|atk|1\n|turn|1\n|inactive|Toopifying has 30 seconds left.\n|inactive|JPabloSenpai has 30 seconds left.\n|\n|t:|1776436484\n|detailschange|p1a: Lizard|Charizard-Mega-Y, L50, M\n|-mega|p1a: Lizard|Charizard|Charizardite Y\n|-weather|SunnyDay|[from] ability: Drought|[of] p1a: Lizard\n|move|p2a: Meowstic|Protect|p2a: Meowstic\n|-singleturn|p2a: Meowstic|Protect\n|move|p1b: Spandex|Fake Out|p2a: Meowstic\n|-activate|p2a: Meowstic|move: Protect\n|move|p2b: Basculegion|Hydro Pump|p1b: Spandex\n|-supereffective|p1b: Spandex|1\n|-crit|p1b: Spandex\n|-damage|p1b: Spandex|9/100\n|-enditem|p1b: Spandex|Sitrus Berry|[eat]\n|-heal|p1b: Spandex|34/100|[from] item: Sitrus Berry\n|move|p1a: Lizard|Weather Ball|p2a: Meowstic\n|-activate|p2a: Meowstic|move: Protect\n|\n|-weather|SunnyDay|[upkeep]\n|upkeep\n|turn|2\n|inactive|JPabloSenpai has 30 seconds left.\n|inactive|JPabloSenpai has 20 seconds left.\n|\n|t:|1776436519\n|detailschange|p2a: Meowstic|Meowstic-F-Mega, L50, F\n|-mega|p2a: Meowstic|Meowstic|Meowsticite\n|-ability|p2a: Meowstic|Intimidate|Trace|[from] ability: Trace|[of] p1b: Spandex\n|-ability|p2a: Meowstic|Intimidate|boost\n|-unboost|p1a: Lizard|atk|1\n|-unboost|p1b: Spandex|atk|1\n|move|p1a: Lizard|Protect|p1a: Lizard\n|-singleturn|p1a: Lizard|Protect\n|move|p2b: Basculegion|Hydro Pump|p1b: Spandex\n|-supereffective|p1b: Spandex|1\n|-damage|p1b: Spandex|0 fnt\n|faint|p1b: Spandex\n|move|p2a: Meowstic|Psychic|p1a: Lizard\n|-activate|p1a: Lizard|move: Protect\n|\n|-weather|SunnyDay|[upkeep]\n|upkeep\n|\n|t:|1776436529\n|switch|p1b: Toadman|Venusaur, L50, M|100/100\n|turn|3\n|\n|t:|1776436537\n|move|p1b: Toadman|Sleep Powder|p2a: Meowstic\n|-status|p2a: Meowstic|slp|[from] move: Sleep Powder\n|move|p2b: Basculegion|Hydro Pump|p1a: Lizard\n|-supereffective|p1a: Lizard|1\n|-damage|p1a: Lizard|33/100\n|cant|p2a: Meowstic|slp\n|move|p1a: Lizard|Air Slash|p2b: Basculegion\n|-damage|p2b: Basculegion|41/100\n|\n|-weather|SunnyDay|[upkeep]\n|upkeep\n|turn|4\n|\n|t:|1776436555\n|move|p1b: Toadman|Energy Ball|p2b: Basculegion\n|-supereffective|p2b: Basculegion|1\n|-damage|p2b: Basculegion|0 fnt\n|faint|p2b: Basculegion\n|cant|p2a: Meowstic|slp\n|move|p1a: Lizard|Weather Ball|p2a: Meowstic\n|-damage|p2a: Meowstic|0 fnt\n|faint|p2a: Meowstic\n|\n|-weather|SunnyDay|[upkeep]\n|upkeep\n|\n|t:|1776436559\n|switch|p2a: Charizard|Charizard, L50, F|100/100\n|switch|p2b: Venusaur|Venusaur, L50, F|100/100\n|turn|5\n|inactive|Toopifying has 30 seconds left.\n|inactive|JPabloSenpai has 30 seconds left.\n|inactive|JPabloSenpai has 20 seconds left.\n|\n|t:|1776436597\n|move|p1a: Lizard|Protect|p1a: Lizard\n|-singleturn|p1a: Lizard|Protect\n|move|p1b: Toadman|Sleep Powder|p2a: Charizard\n|-status|p2a: Charizard|slp|[from] move: Sleep Powder\n|move|p2b: Venusaur|Sludge Bomb|p1a: Lizard\n|-activate|p1a: Lizard|move: Protect\n|cant|p2a: Charizard|slp\n|\n|-weather|none\n|upkeep\n|turn|6\n|\n|t:|1776436611\n|cant|p2a: Charizard|slp\n|move|p1a: Lizard|Heat Wave|p2b: Venusaur|[spread] p2b\n|-miss|p1a: Lizard|p2a: Charizard\n|-supereffective|p2b: Venusaur|1\n|-crit|p2b: Venusaur\n|-damage|p2b: Venusaur|0 fnt\n|faint|p2b: Venusaur\n|move|p1b: Toadman|Sludge Bomb|p2a: Charizard\n|-damage|p2a: Charizard|42/100 slp\n|\n|upkeep\n|turn|7\n|-message|JPabloSenpai forfeited.\n|\n|win|Toopifying\n|raw|Toopifying's rating: 1082 &rarr; <strong>1104</strong><br />(+22 for winning)\n|raw|JPabloSenpai's rating: 1014 &rarr; <strong>1004</strong><br />(-10 for losing)\n|l|\u2606JPabloSenpai\n|player|p2|\n",
  "uploadtime": 1776436753,
  "views": 21,
  "formatid": "gen9championsvgc2026regma",
  "rating": 1004,
  "private": 0,
  "password": null
}