{
  "id": "gen9championsvgc2026regma-2581649763",
  "format": "[Gen 9 Champions] VGC 2026 Reg M-A",
  "players": [
    "antinn",
    "davikkj27"
  ],
  "log": "|j|\u2606antinn\n|j|\u2606davikkj27\n|t:|1776017919\n|gametype|doubles\n|player|p1|antinn|shadowtriad|1000\n|player|p2|davikkj27|lucas|1048\n|gen|9\n|tier|[Gen 9 Champions] VGC 2026 Reg M-A\n|rated|\n|rule|Species Clause: Limit one of each Pok\u00e9mon\n|rule|Item Clause: Limit 1 of each item\n|clearpoke\n|poke|p1|Sableye, L50, F|\n|poke|p1|Incineroar, L50, F|\n|poke|p1|Kleavor, L50, M|\n|poke|p1|Salazzle, L50, F|\n|poke|p1|Rotom-Wash, L50|\n|poke|p1|Toxicroak, L50, F|\n|poke|p2|Reuniclus, L50, F|\n|poke|p2|Incineroar, L50, M|\n|poke|p2|Kingambit, L50, M|\n|poke|p2|Aggron, L50, M|\n|poke|p2|Palafin, L50, F|\n|poke|p2|Whimsicott, L50, M|\n|teampreview|4\n|\n|t:|1776017952\n|teamsize|p1|4\n|teamsize|p2|4\n|start\n|switch|p1a: Incineroar|Incineroar, L50, F|100/100\n|switch|p1b: Salazzle|Salazzle, L50, F|100/100\n|switch|p2a: Fairy boy|Incineroar, L50, M|100/100\n|switch|p2b: And jane!|Reuniclus, L50, F, shiny|100/100\n|-ability|p2a: Fairy boy|Intimidate|boost\n|-unboost|p1a: Incineroar|atk|1\n|-unboost|p1b: Salazzle|atk|1\n|-ability|p1a: Incineroar|Intimidate|boost\n|-unboost|p2a: Fairy boy|atk|1\n|-unboost|p2b: And jane!|atk|1\n|turn|1\n|\n|t:|1776017980\n|move|p1b: Salazzle|Protect|p1b: Salazzle\n|-singleturn|p1b: Salazzle|Protect\n|move|p2a: Fairy boy|Fake Out|p1a: Incineroar\n|-damage|p1a: Incineroar|93/100\n|cant|p1a: Incineroar|flinch\n|move|p2b: And jane!|Trick Room|p2b: And jane!\n|-fieldstart|move: Trick Room|[of] p2b: And jane!\n|\n|upkeep\n|turn|2\n|\n|t:|1776018001\n|move|p2b: And jane!|Psychic|p1b: Salazzle\n|-supereffective|p1b: Salazzle|1\n|-enditem|p1b: Salazzle|Focus Sash\n|-damage|p1b: Salazzle|1/100\n|move|p1a: Incineroar|Parting Shot|p2b: And jane!\n|-unboost|p2b: And jane!|atk|1\n|-unboost|p2b: And jane!|spa|1\n|\n|t:|1776018009\n|switch|p1a: Kleavor|Kleavor, L50, M|100/100|[from] Parting Shot\n|move|p2a: Fairy boy|Parting Shot|p1a: Kleavor\n|-unboost|p1a: Kleavor|atk|1\n|-unboost|p1a: Kleavor|spa|1\n|\n|t:|1776018017\n|switch|p2a: Radiohead|Aggron, L50, M|100/100|[from] Parting Shot\n|move|p1b: Salazzle|Encore|p2b: And jane!\n|-start|p2b: And jane!|Encore\n|-enditem|p2b: And jane!|Mental Herb\n|-end|p2b: And jane!|Encore\n|\n|upkeep\n|turn|3\n|\n|t:|1776018038\n|switch|p1b: Incineroar|Incineroar, L50, F|93/100\n|-ability|p1b: Incineroar|Intimidate|boost\n|-unboost|p2a: Radiohead|atk|1\n|-unboost|p2b: And jane!|atk|1\n|detailschange|p2a: Radiohead|Aggron-Mega, L50, M\n|-mega|p2a: Radiohead|Aggron|Aggronite\n|move|p2b: And jane!|Psychic|p1b: Incineroar\n|-immune|p1b: Incineroar\n|move|p2a: Radiohead|Heavy Slam|p1a: Kleavor\n|-supereffective|p1a: Kleavor|1\n|-damage|p1a: Kleavor|18/100\n|move|p1a: Kleavor|U-turn|p2b: And jane!\n|-supereffective|p2b: And jane!|1\n|-damage|p2b: And jane!|50/100\n|\n|t:|1776018056\n|switch|p1a: Sableye|Sableye, L50, F|100/100|[from] U-turn\n|\n|upkeep\n|turn|4\n|\n|t:|1776018071\n|detailschange|p1a: Sableye|Sableye-Mega, L50, F\n|-mega|p1a: Sableye|Sableye|Sablenite\n|move|p1b: Incineroar|Fake Out|p2a: Radiohead\n|-resisted|p2a: Radiohead|1\n|-damage|p2a: Radiohead|98/100\n|move|p1a: Sableye|Bulk Up|p1a: Sableye\n|-boost|p1a: Sableye|atk|1\n|-boost|p1a: Sableye|def|1\n|move|p2b: And jane!|Thunder|p1a: Sableye\n|-damage|p1a: Sableye|81/100\n|cant|p2a: Radiohead|flinch\n|\n|upkeep\n|turn|5\n|\n|t:|1776018098\n|move|p2b: And jane!|Protect|p2b: And jane!\n|-singleturn|p2b: And jane!|Protect\n|move|p1a: Sableye|Bulk Up|p1a: Sableye\n|-boost|p1a: Sableye|atk|1\n|-boost|p1a: Sableye|def|1\n|move|p2a: Radiohead|Body Press|p1b: Incineroar\n|-supereffective|p1b: Incineroar|1\n|-damage|p1b: Incineroar|16/100\n|-enditem|p1b: Incineroar|Sitrus Berry|[eat]\n|-heal|p1b: Incineroar|41/100|[from] item: Sitrus Berry\n|move|p1b: Incineroar|Flare Blitz|p2a: Radiohead\n|-supereffective|p2a: Radiohead|1\n|-damage|p2a: Radiohead|71/100\n|-damage|p1b: Incineroar|33/100|[from] Recoil\n|\n|-fieldend|move: Trick Room\n|upkeep\n|turn|6\n|\n|t:|1776018130\n|move|p1b: Incineroar|Parting Shot|p2a: Radiohead\n|-unboost|p2a: Radiohead|atk|1\n|-unboost|p2a: Radiohead|spa|1\n|\n|t:|1776018137\n|switch|p1b: Kleavor|Kleavor, L50, M|18/100|[from] Parting Shot\n|move|p2a: Radiohead|Body Press|p1b: Kleavor\n|-damage|p1b: Kleavor|0 fnt\n|faint|p1b: Kleavor\n|move|p1a: Sableye|Knock Off|p2b: And jane!\n|-supereffective|p2b: And jane!|1\n|-damage|p2b: And jane!|0 fnt\n|faint|p2b: And jane!\n|\n|upkeep\n|\n|t:|1776018149\n|switch|p1b: Salazzle|Salazzle, L50, F|1/100\n|switch|p2b: Fairy boy|Incineroar, L50, M|100/100\n|-ability|p2b: Fairy boy|Intimidate|boost\n|-unboost|p1a: Sableye|atk|1\n|-unboost|p1b: Salazzle|atk|1\n|turn|7\n|\n|t:|1776018167\n|move|p1b: Salazzle|Protect|p1b: Salazzle\n|-singleturn|p1b: Salazzle|Protect\n|move|p2b: Fairy boy|Fake Out|p1b: Salazzle\n|-activate|p1b: Salazzle|move: Protect\n|move|p2a: Radiohead|Heavy Slam|p1a: Sableye\n|-damage|p1a: Sableye|75/100\n|move|p1a: Sableye|Bulk Up|p1a: Sableye\n|-boost|p1a: Sableye|atk|1\n|-boost|p1a: Sableye|def|1\n|\n|upkeep\n|turn|8\n|\n|t:|1776018206\n|move|p1b: Salazzle|Encore|p2b: Fairy boy\n|-start|p2b: Fairy boy|Encore\n|move|p2b: Fairy boy|Fake Out||[still]\n|-hint|Fake Out only works on your first turn out.\n|-fail|p2b: Fairy boy\n|move|p2a: Radiohead|Body Press|p1b: Salazzle\n|-resisted|p1b: Salazzle|1\n|-crit|p1b: Salazzle\n|-damage|p1b: Salazzle|0 fnt\n|faint|p1b: Salazzle\n|move|p1a: Sableye|Bulk Up|p1a: Sableye\n|-boost|p1a: Sableye|atk|1\n|-boost|p1a: Sableye|def|1\n|\n|upkeep\n|\n|t:|1776018220\n|switch|p1b: Incineroar|Incineroar, L50, F|33/100\n|-ability|p1b: Incineroar|Intimidate|boost\n|-unboost|p2a: Radiohead|atk|1\n|-unboost|p2b: Fairy boy|atk|1\n|turn|9\n|\n|t:|1776018238\n|switch|p2b: Hello juliet 2|Kingambit, L50, M|100/100\n|move|p1b: Incineroar|Fake Out|p2a: Radiohead\n|-resisted|p2a: Radiohead|1\n|-damage|p2a: Radiohead|69/100\n|cant|p2a: Radiohead|flinch\n|move|p1a: Sableye|Bulk Up|p1a: Sableye\n|-boost|p1a: Sableye|atk|1\n|-boost|p1a: Sableye|def|1\n|\n|upkeep\n|turn|10\n|\n|t:|1776018262\n|move|p1b: Incineroar|Flare Blitz|p2b: Hello juliet 2\n|-supereffective|p2b: Hello juliet 2|1\n|-damage|p2b: Hello juliet 2|15/100\n|-damage|p1b: Incineroar|8/100|[from] Recoil\n|move|p2b: Hello juliet 2|Iron Head|p1a: Sableye\n|-damage|p1a: Sableye|62/100\n|move|p2a: Radiohead|Body Press|p1b: Incineroar\n|-supereffective|p1b: Incineroar|1\n|-damage|p1b: Incineroar|0 fnt\n|faint|p1b: Incineroar\n|move|p1a: Sableye|Bulk Up|p1a: Sableye\n|-boost|p1a: Sableye|atk|1\n|-boost|p1a: Sableye|def|1\n|\n|-heal|p2b: Hello juliet 2|21/100|[from] item: Leftovers\n|upkeep\n|turn|11\n|\n|t:|1776018283\n|move|p1a: Sableye|Sucker Punch|p2b: Hello juliet 2\n|-resisted|p2b: Hello juliet 2|1\n|-damage|p2b: Hello juliet 2|0 fnt\n|faint|p2b: Hello juliet 2\n|move|p2a: Radiohead|Heavy Slam|p1a: Sableye\n|-damage|p1a: Sableye|59/100\n|\n|upkeep\n|\n|t:|1776018290\n|switch|p2b: Fairy boy|Incineroar, L50, M|100/100\n|-ability|p2b: Fairy boy|Intimidate|boost\n|-unboost|p1a: Sableye|atk|1\n|turn|12\n|\n|t:|1776018302\n|move|p2b: Fairy boy|Flare Blitz|p1a: Sableye\n|-damage|p1a: Sableye|45/100\n|-damage|p2b: Fairy boy|96/100|[from] Recoil\n|move|p2a: Radiohead|Heavy Slam|p1a: Sableye\n|-damage|p1a: Sableye|43/100\n|move|p1a: Sableye|Recover|p1a: Sableye\n|-heal|p1a: Sableye|93/100\n|\n|upkeep\n|turn|13\n|\n|t:|1776018316\n|move|p2b: Fairy boy|Flare Blitz|p1a: Sableye\n|-damage|p1a: Sableye|79/100\n|-damage|p2b: Fairy boy|92/100|[from] Recoil\n|move|p2a: Radiohead|Iron Defense|p2a: Radiohead\n|-boost|p2a: Radiohead|def|2\n|move|p1a: Sableye|Knock Off|p2b: Fairy boy\n|-resisted|p2b: Fairy boy|1\n|-damage|p2b: Fairy boy|25/100\n|-enditem|p2b: Fairy boy|King's Rock|[from] move: Knock Off|[of] p1a: Sableye\n|\n|upkeep\n|turn|14\n|\n|t:|1776018333\n|move|p2b: Fairy boy|Flare Blitz|p1a: Sableye\n|-crit|p1a: Sableye\n|-damage|p1a: Sableye|0 fnt\n|faint|p1a: Sableye\n|-damage|p2b: Fairy boy|1/100|[from] Recoil\n|\n|win|davikkj27\n|raw|antinn's rating: 1000 &rarr; <strong>1000</strong><br />(+0 for losing)\n|raw|davikkj27's rating: 1048 &rarr; <strong>1076</strong><br />(+28 for winning)\n|c|\u2606davikkj27|Lol\n|c|\u2606antinn|That bs\n|c|\u2606davikkj27|Gg\n|c|\u2606antinn|You know that\n|c|\u2606antinn|GG\n|c|\u2606davikkj27|What is bs\n|c|\u2606antinn|What you think\n|c|\u2606davikkj27|Btw\n|c|\u2606davikkj27|Bullshit?\n|c|\u2606antinn|Bull shit\n|c|\u2606antinn|Yes\n|c|\u2606davikkj27|Oh\n|c|\u2606davikkj27|Lol\n|c|\u2606antinn|Was my sable intimitating\n|c|\u2606davikkj27|I'm lucky today bro\n|c|\u2606antinn|Yeah but I'm asking\n|c|\u2606davikkj27|Yes\n|c|\u2606antinn|I was cooking obensive saboue all day\n|c|\u2606antinn|Offensive\n|c|\u2606davikkj27|A lot\n|c|\u2606antinn|Thx\n|c|\u2606antinn|I have 1 other team\n|c|\u2606davikkj27|Maybe if i bringed whimsicott\n|c|\u2606antinn|But you didn't expect\n|c|\u2606antinn|The main boy\n|c|\u2606davikkj27|Yup\n|c|\u2606antinn|Also I had salazle\n|c|\u2606antinn|Poison\n|c|\u2606antinn|U des\n|c|\u2606antinn|GG\n|c|\u2606antinn|Do u have discord\n|c|\u2606davikkj27|Yes\n|c|\u2606antinn|I'm on champions discord\n|c|\u2606antinn|Are you there\n|c|\u2606davikkj27|No\n|c|\u2606antinn|Add me if you want I will link you it\n|c|\u2606antinn|.antim.\n|c|\u2606antinn|User name\n|c|\u2606antinn|With dots\n",
  "uploadtime": 1776018522,
  "views": 28,
  "formatid": "gen9championsvgc2026regma",
  "rating": 1000,
  "private": 0,
  "password": null
}