{
  "id": "gen9championsvgc2026regma-2587656948",
  "format": "[Gen 9 Champions] VGC 2026 Reg M-A",
  "players": [
    "XDscatoliniz",
    "PyProd."
  ],
  "log": "|j|\u2606XDscatoliniz\n|j|\u2606PyProd.\n|t:|1776551016\n|gametype|doubles\n|player|p1|XDscatoliniz|sabrina|1242\n|player|p2|PyProd.|#lcplxiskittycommittee|1302\n|gen|9\n|tier|[Gen 9 Champions] VGC 2026 Reg M-A\n|rated|\n|rule|Species Clause: Limit one of each Pok\u00e9mon\n|rule|Item Clause: Limit 1 of each item\n|clearpoke\n|poke|p1|Froslass, L50, F|\n|poke|p1|Rotom-Frost, L50|\n|poke|p1|Jolteon, L50, F|\n|poke|p1|Sneasler, L50, F|\n|poke|p1|Garchomp, L50, M|\n|poke|p1|Klefki, L50, F|\n|poke|p2|Aerodactyl, L50, M|\n|poke|p2|Garchomp, L50, M|\n|poke|p2|Floette-Eternal, L50, F|\n|poke|p2|Arcanine-Hisui, L50, F|\n|poke|p2|Sneasler, L50, M|\n|poke|p2|Rotom-Wash, L50|\n|teampreview|4\n|\n|t:|1776551061\n|teamsize|p1|4\n|teamsize|p2|4\n|start\n|switch|p1a: Jolteon|Jolteon, L50, F|100/100\n|switch|p1b: Sneasler|Sneasler, L50, F|100/100\n|switch|p2a: Floette|Floette-Eternal, L50, F|100/100\n|switch|p2b: Arcanine|Arcanine-Hisui, L50, F|100/100\n|-ability|p2b: Arcanine|Intimidate|boost\n|-unboost|p1a: Jolteon|atk|1\n|-unboost|p1b: Sneasler|atk|1\n|turn|1\n|\n|t:|1776551092\n|switch|p2b: Sneasler|Sneasler, L50, M|100/100\n|-ability|p2b: Sneasler|Pressure\n|move|p2a: Floette|Protect|p2a: Floette\n|-singleturn|p2a: Floette|Protect\n|move|p1b: Sneasler|Fake Out|p2b: Sneasler\n|-damage|p2b: Sneasler|84/100\n|move|p1a: Jolteon|Thunder Wave|p2a: Floette\n|-activate|p2a: Floette|move: Protect\n|\n|upkeep\n|turn|2\n|\n|t:|1776551123\n|detailschange|p2a: Floette|Floette-Mega, L50, F\n|-mega|p2a: Floette|Floette|Floettite\n|-ability|p2a: Floette|Fairy Aura\n|move|p1b: Sneasler|Protect|p1b: Sneasler\n|-singleturn|p1b: Sneasler|Protect\n|move|p2b: Sneasler|Fake Out|p1a: Jolteon\n|-damage|p1a: Jolteon|75/100\n|cant|p1a: Jolteon|flinch\n|move|p2a: Floette|Dazzling Gleam|p1b: Sneasler|[spread] p1a\n|-activate|p1b: Sneasler|move: Protect\n|-damage|p1a: Jolteon|16/100\n|\n|upkeep\n|turn|3\n|\n|t:|1776551145\n|move|p2a: Floette|Protect|p2a: Floette\n|-singleturn|p2a: Floette|Protect\n|move|p2b: Sneasler|Close Combat|p1a: Jolteon\n|-damage|p1a: Jolteon|0 fnt\n|-unboost|p2b: Sneasler|def|1\n|-unboost|p2b: Sneasler|spd|1\n|faint|p1a: Jolteon\n|-enditem|p2b: Sneasler|White Herb\n|-clearnegativeboost|p2b: Sneasler|[silent]\n|move|p1b: Sneasler|Dire Claw|p2a: Floette\n|-activate|p2a: Floette|move: Protect\n|\n|upkeep\n|\n|t:|1776551163\n|switch|p1a: Froslass|Froslass, L50, F|100/100\n|turn|4\n|\n|t:|1776551184\n|switch|p2b: Arcanine|Arcanine-Hisui, L50, F|100/100\n|-ability|p2b: Arcanine|Intimidate|boost\n|-unboost|p1a: Froslass|atk|1\n|-unboost|p1b: Sneasler|atk|1\n|switch|p2a: Rotom|Rotom-Wash, L50|100/100\n|detailschange|p1a: Froslass|Froslass-Mega, L50, F\n|-mega|p1a: Froslass|Froslass|Froslassite\n|-weather|Snowscape|[from] ability: Snow Warning|[of] p1a: Froslass\n|move|p1b: Sneasler|Dire Claw|p2a: Rotom\n|-damage|p2a: Rotom|81/100\n|move|p1a: Froslass|Aurora Veil|p1a: Froslass\n|-sidestart|p1: XDscatoliniz|move: Aurora Veil\n|\n|-weather|Snowscape|[upkeep]\n|upkeep\n|turn|5\n|\n|t:|1776551206\n|switch|p2b: Sneasler|Sneasler, L50, M|84/100\n|-ability|p2b: Sneasler|Pressure\n|move|p1a: Froslass|Protect|p1a: Froslass\n|-singleturn|p1a: Froslass|Protect\n|move|p1b: Sneasler|Close Combat|p2b: Sneasler\n|-resisted|p2b: Sneasler|1\n|-damage|p2b: Sneasler|58/100\n|-unboost|p1b: Sneasler|def|1\n|-unboost|p1b: Sneasler|spd|1\n|move|p2a: Rotom|Will-O-Wisp|p1b: Sneasler\n|-status|p1b: Sneasler|brn\n|\n|-weather|Snowscape|[upkeep]\n|-damage|p1b: Sneasler|95/100 brn|[from] brn\n|upkeep\n|turn|6\n|\n|t:|1776551237\n|switch|p1b: Klefki|Klefki, L50, F|100/100\n|move|p2b: Sneasler|Fake Out|p1b: Klefki\n|-resisted|p1b: Klefki|1\n|-damage|p1b: Klefki|96/100\n|move|p1a: Froslass|Shadow Ball|p2a: Rotom\n|-damage|p2a: Rotom|37/100\n|-enditem|p2a: Rotom|Sitrus Berry|[eat]\n|-heal|p2a: Rotom|62/100|[from] item: Sitrus Berry\n|move|p2a: Rotom|Volt Switch|p1a: Froslass\n|-damage|p1a: Froslass|81/100\n|\n|t:|1776551242\n|switch|p2a: Arcanine|Arcanine-Hisui, L50, F|100/100|[from] Volt Switch\n|-ability|p2a: Arcanine|Intimidate|boost\n|-unboost|p1a: Froslass|atk|1\n|-unboost|p1b: Klefki|atk|1\n|\n|-weather|Snowscape|[upkeep]\n|-heal|p1b: Klefki|100/100|[from] item: Leftovers\n|upkeep\n|turn|7\n|\n|t:|1776551284\n|move|p1b: Klefki|Thunder Wave|p2a: Arcanine\n|-status|p2a: Arcanine|par\n|move|p1a: Froslass|Blizzard|p2a: Arcanine|[spread] p2a,p2b\n|-resisted|p2a: Arcanine|1\n|-damage|p2a: Arcanine|73/100 par\n|-damage|p2b: Sneasler|0 fnt\n|faint|p2b: Sneasler\n|cant|p2a: Arcanine|par\n|\n|-weather|Snowscape|[upkeep]\n|upkeep\n|\n|t:|1776551290\n|switch|p2b: Floette|Floette-Mega, L50, F|100/100\n|-ability|p2b: Floette|Fairy Aura\n|turn|8\n|\n|t:|1776551303\n|move|p1b: Klefki|Thunder Wave|p2b: Floette|[miss]\n|-miss|p1b: Klefki|p2b: Floette\n|move|p1a: Froslass|Blizzard|p2a: Arcanine|[spread] p2a,p2b\n|-resisted|p2a: Arcanine|1\n|-damage|p2a: Arcanine|46/100 par\n|-damage|p2b: Floette|61/100\n|move|p2b: Floette|Calm Mind|p2b: Floette\n|-boost|p2b: Floette|spa|1\n|-boost|p2b: Floette|spd|1\n|move|p2a: Arcanine|Flare Blitz|p1a: Froslass\n|-supereffective|p1a: Froslass|1\n|-crit|p1a: Froslass\n|-damage|p1a: Froslass|0 fnt\n|faint|p1a: Froslass\n|-damage|p2a: Arcanine|24/100 par|[from] Recoil\n|\n|-weather|none\n|-sideend|p1: XDscatoliniz|move: Aurora Veil\n|upkeep\n|\n|t:|1776551318\n|switch|p1a: Sneasler|Sneasler, L50, F|95/100 brn\n|turn|9\n|\n|t:|1776551349\n|move|p2b: Floette|Protect|p2b: Floette\n|-singleturn|p2b: Floette|Protect\n|move|p1b: Klefki|Thunder Wave|p2b: Floette\n|-activate|p2b: Floette|move: Protect\n|move|p1a: Sneasler|Dire Claw|p2b: Floette\n|-activate|p2b: Floette|move: Protect\n|move|p2a: Arcanine|Flare Blitz|p1b: Klefki\n|-supereffective|p1b: Klefki|1\n|-damage|p1b: Klefki|0 fnt\n|faint|p1b: Klefki\n|-damage|p2a: Arcanine|0 fnt|[from] Recoil\n|faint|p2a: Arcanine\n|\n|-damage|p1a: Sneasler|89/100 brn|[from] brn\n|upkeep\n|\n|t:|1776551357\n|switch|p2a: Rotom|Rotom-Wash, L50|62/100\n|turn|10\n|\n|t:|1776551377\n|move|p1a: Sneasler|Dire Claw|p2b: Floette\n|-supereffective|p2b: Floette|1\n|-damage|p2b: Floette|1/100\n|-status|p2b: Floette|psn\n|move|p2b: Floette|Moonblast|p1a: Sneasler\n|-damage|p1a: Sneasler|0 fnt\n|faint|p1a: Sneasler\n|\n|win|PyProd.\n|raw|XDscatoliniz's rating: 1242 &rarr; <strong>1221</strong><br />(-21 for losing)\n|raw|PyProd.'s rating: 1302 &rarr; <strong>1319</strong><br />(+17 for winning)\n|l|\u2606XDscatoliniz\n|player|p1|\n",
  "uploadtime": 1776551390,
  "views": 15,
  "formatid": "gen9championsvgc2026regma",
  "rating": 1221,
  "private": 0,
  "password": null
}