{
  "id": "gen9championsvgc2026regma-2584066633",
  "format": "[Gen 9 Champions] VGC 2026 Reg M-A",
  "players": [
    "THE_Boykisser9",
    "thealex610"
  ],
  "log": "|j|\u2606THE_Boykisser9\n|j|\u2606thealex610\n|t:|1776221769\n|gametype|doubles\n|player|p1|THE_Boykisser9|1|1217\n|player|p2|thealex610|265|1161\n|gen|9\n|tier|[Gen 9 Champions] VGC 2026 Reg M-A\n|rated|\n|rule|Species Clause: Limit one of each Pok\u00e9mon\n|rule|Item Clause: Limit 1 of each item\n|clearpoke\n|poke|p1|Pelipper, L50, M|\n|poke|p1|Dragonite, L50, F|\n|poke|p1|Archaludon, L50, F|\n|poke|p1|Basculegion, L50, M|\n|poke|p1|Incineroar, L50, F|\n|poke|p1|Sneasler, L50, F|\n|poke|p2|Sneasler, L50, M|\n|poke|p2|Talonflame, L50, F|\n|poke|p2|Milotic, L50, F|\n|poke|p2|Aegislash, L50, F|\n|poke|p2|Scizor, L50, F|\n|poke|p2|Tyranitar, L50, F|\n|teampreview|4\n|inactive|Battle timer is ON: inactive players will automatically lose when time's up. (requested by thealex610)\n|inactive|thealex610 has 60 seconds left.\n|\n|t:|1776221802\n|teamsize|p1|4\n|teamsize|p2|4\n|start\n|switch|p1a: Its Raining Men!|Pelipper, L50, M|100/100\n|switch|p1b: Halleluiah!|Dragonite, L50, F|100/100\n|switch|p2a: Tyranitar|Tyranitar, L50, F|100/100\n|switch|p2b: Sneasler|Sneasler, L50, M|100/100\n|-weather|Sandstorm|[from] ability: Sand Stream|[of] p2a: Tyranitar\n|-weather|RainDance|[from] ability: Drizzle|[of] p1a: Its Raining Men!\n|turn|1\n|\n|t:|1776221827\n|detailschange|p2a: Tyranitar|Tyranitar-Mega, L50, F\n|-mega|p2a: Tyranitar|Tyranitar|Tyranitarite\n|-weather|Sandstorm|[from] ability: Sand Stream|[of] p2a: Tyranitar\n|move|p1b: Halleluiah!|Protect|p1b: Halleluiah!\n|-singleturn|p1b: Halleluiah!|Protect\n|move|p2b: Sneasler|Fake Out|p1b: Halleluiah!\n|-activate|p1b: Halleluiah!|move: Protect\n|move|p2a: Tyranitar|Rock Slide|p1a: Its Raining Men!|[spread] \n|-activate|p1b: Halleluiah!|move: Protect\n|-miss|p2a: Tyranitar|p1a: Its Raining Men!\n|move|p1a: Its Raining Men!|Tailwind|p1a: Its Raining Men!\n|-sidestart|p1: THE_Boykisser9|move: Tailwind\n|\n|-weather|Sandstorm|[upkeep]\n|-damage|p1b: Halleluiah!|94/100|[from] Sandstorm\n|-damage|p2b: Sneasler|95/100|[from] Sandstorm\n|-damage|p1a: Its Raining Men!|95/100|[from] Sandstorm\n|upkeep\n|turn|2\n|inactive|THE_Boykisser9 has 30 seconds left.\n|\n|t:|1776221855\n|switch|p2b: Aegislash|Aegislash, L50, F|100/100\n|detailschange|p1b: Halleluiah!|Dragonite-Mega, L50, F\n|-mega|p1b: Halleluiah!|Dragonite|Dragoninite\n|move|p1b: Halleluiah!|Hurricane|p2b: Aegislash\n|-resisted|p2b: Aegislash|1\n|-damage|p2b: Aegislash|71/100\n|move|p1a: Its Raining Men!|U-turn|p2a: Tyranitar\n|-supereffective|p2a: Tyranitar|1\n|-crit|p2a: Tyranitar\n|-damage|p2a: Tyranitar|82/100\n|\n|t:|1776221865\n|switch|p1a: Nice Fairy Type|Sneasler, L50, F|100/100|[from] U-turn\n|move|p2a: Tyranitar|Rock Slide|p1b: Halleluiah!|[spread] p1a,p1b\n|-resisted|p1a: Nice Fairy Type|1\n|-supereffective|p1b: Halleluiah!|1\n|-damage|p1a: Nice Fairy Type|65/100\n|-damage|p1b: Halleluiah!|21/100\n|\n|-weather|Sandstorm|[upkeep]\n|-damage|p1a: Nice Fairy Type|60/100|[from] Sandstorm\n|-damage|p1b: Halleluiah!|15/100|[from] Sandstorm\n|-heal|p2b: Aegislash|77/100|[from] item: Leftovers\n|upkeep\n|turn|3\n|\n|t:|1776221887\n|switch|p1b: Its Raining Men!|Pelipper, L50, M|95/100\n|-weather|RainDance|[from] ability: Drizzle|[of] p1b: Its Raining Men!\n|move|p2a: Tyranitar|Protect|p2a: Tyranitar\n|-singleturn|p2a: Tyranitar|Protect\n|-formechange|p2b: Aegislash|Aegislash-Blade|\n|move|p2b: Aegislash|Shadow Sneak|p1b: Its Raining Men!\n|-damage|p1b: Its Raining Men!|76/100\n|move|p1a: Nice Fairy Type|Close Combat|p2a: Tyranitar\n|-activate|p2a: Tyranitar|move: Protect\n|\n|-weather|RainDance|[upkeep]\n|-heal|p2b: Aegislash|83/100|[from] item: Leftovers\n|upkeep\n|turn|4\n|inactive|THE_Boykisser9 has 30 seconds left.\n|inactive|thealex610 has 30 seconds left.\n|\n|t:|1776221919\n|switch|p1b: press F to...|Basculegion, L50, M|100/100\n|switch|p2a: Sneasler|Sneasler, L50, M|95/100\n|-formechange|p2b: Aegislash|Aegislash|\n|move|p2b: Aegislash|King's Shield|p2b: Aegislash\n|-singleturn|p2b: Aegislash|Protect\n|move|p1a: Nice Fairy Type|Close Combat|p2a: Sneasler\n|-resisted|p2a: Sneasler|1\n|-damage|p2a: Sneasler|43/100\n|-unboost|p1a: Nice Fairy Type|def|1\n|-unboost|p1a: Nice Fairy Type|spd|1\n|-enditem|p1a: Nice Fairy Type|White Herb\n|-clearnegativeboost|p1a: Nice Fairy Type|[silent]\n|\n|-weather|RainDance|[upkeep]\n|-heal|p2b: Aegislash|89/100|[from] item: Leftovers\n|-sideend|p1: THE_Boykisser9|move: Tailwind\n|upkeep\n|turn|5\n|inactive|THE_Boykisser9 has 30 seconds left.\n|\n|t:|1776221952\n|switch|p1a: Halleluiah!|Dragonite-Mega, L50, F|15/100\n|move|p2a: Sneasler|Fake Out|p1a: Halleluiah!\n|-damage|p1a: Halleluiah!|0 fnt\n|faint|p1a: Halleluiah!\n|-formechange|p2b: Aegislash|Aegislash-Blade|\n|move|p2b: Aegislash|Shadow Sneak|p1b: press F to...\n|-supereffective|p1b: press F to...|1\n|-damage|p1b: press F to...|51/100\n|move|p1b: press F to...|Last Respects|p2b: Aegislash\n|-supereffective|p2b: Aegislash|1\n|-damage|p2b: Aegislash|0 fnt\n|faint|p2b: Aegislash\n|\n|-weather|RainDance|[upkeep]\n|upkeep\n|\n|t:|1776221969\n|switch|p1a: Nice Fairy Type|Sneasler, L50, F|60/100\n|switch|p2b: Tyranitar|Tyranitar-Mega, L50, F|82/100\n|-weather|Sandstorm|[from] ability: Sand Stream|[of] p2b: Tyranitar\n|turn|6\n|\n|t:|1776221987\n|move|p2a: Sneasler|Protect|p2a: Sneasler\n|-singleturn|p2a: Sneasler|Protect\n|move|p2b: Tyranitar|Protect|p2b: Tyranitar\n|-singleturn|p2b: Tyranitar|Protect\n|move|p1a: Nice Fairy Type|Fake Out|p2a: Sneasler\n|-activate|p2a: Sneasler|move: Protect\n|move|p1b: press F to...|Flip Turn|p2a: Sneasler\n|-activate|p2a: Sneasler|move: Protect\n|\n|-weather|Sandstorm|[upkeep]\n|-damage|p1a: Nice Fairy Type|54/100|[from] Sandstorm\n|-damage|p2a: Sneasler|37/100|[from] Sandstorm\n|-damage|p1b: press F to...|45/100|[from] Sandstorm\n|upkeep\n|turn|7\n|inactive|thealex610 has 30 seconds left.\n|\n|t:|1776222021\n|switch|p1b: Its Raining Men!|Pelipper, L50, M|76/100\n|-weather|RainDance|[from] ability: Drizzle|[of] p1b: Its Raining Men!\n|switch|p2b: Milotic|Milotic, L50, F|100/100\n|move|p1a: Nice Fairy Type|Close Combat|p2b: Milotic\n|-damage|p2b: Milotic|17/100\n|-unboost|p1a: Nice Fairy Type|def|1\n|-unboost|p1a: Nice Fairy Type|spd|1\n|move|p2a: Sneasler|Dire Claw|p1b: Its Raining Men!\n|-damage|p1b: Its Raining Men!|38/100\n|\n|-weather|RainDance|[upkeep]\n|upkeep\n|turn|8\n|\n|t:|1776222041\n|move|p1a: Nice Fairy Type|Close Combat|p2b: Milotic\n|-damage|p2b: Milotic|0 fnt\n|-unboost|p1a: Nice Fairy Type|def|1\n|-unboost|p1a: Nice Fairy Type|spd|1\n|faint|p2b: Milotic\n|move|p2a: Sneasler|Dire Claw|p1b: Its Raining Men!\n|-damage|p1b: Its Raining Men!|0 fnt\n|faint|p1b: Its Raining Men!\n|\n|-weather|RainDance|[upkeep]\n|upkeep\n|\n|t:|1776222052\n|switch|p2b: Tyranitar|Tyranitar-Mega, L50, F|82/100\n|switch|p1b: press F to...|Basculegion, L50, M|45/100\n|-weather|Sandstorm|[from] ability: Sand Stream|[of] p2b: Tyranitar\n|turn|9\n|\n|t:|1776222069\n|move|p1a: Nice Fairy Type|Protect|p1a: Nice Fairy Type\n|-singleturn|p1a: Nice Fairy Type|Protect\n|move|p2a: Sneasler|Close Combat|p1a: Nice Fairy Type\n|-activate|p1a: Nice Fairy Type|move: Protect\n|move|p1b: press F to...|Liquidation|p2b: Tyranitar\n|-supereffective|p2b: Tyranitar|1\n|-damage|p2b: Tyranitar|30/100\n|move|p2b: Tyranitar|Knock Off|p1b: press F to...\n|-supereffective|p1b: press F to...|1\n|-damage|p1b: press F to...|0 fnt\n|-enditem|p1b: press F to...|Spell Tag|[from] move: Knock Off|[of] p2b: Tyranitar\n|faint|p1b: press F to...\n|\n|-weather|Sandstorm|[upkeep]\n|-damage|p1a: Nice Fairy Type|48/100|[from] Sandstorm\n|-damage|p2a: Sneasler|31/100|[from] Sandstorm\n|upkeep\n|turn|10\n|inactive|thealex610 has 30 seconds left.\n|inactive|THE_Boykisser9 has 30 seconds left.\n|\n|t:|1776222106\n|move|p1a: Nice Fairy Type|Close Combat|p2a: Sneasler\n|-resisted|p2a: Sneasler|1\n|-damage|p2a: Sneasler|0 fnt\n|-unboost|p1a: Nice Fairy Type|def|1\n|-unboost|p1a: Nice Fairy Type|spd|1\n|faint|p2a: Sneasler\n|move|p2b: Tyranitar|Knock Off|p1a: Nice Fairy Type\n|-resisted|p1a: Nice Fairy Type|1\n|-damage|p1a: Nice Fairy Type|0 fnt\n|faint|p1a: Nice Fairy Type\n|\n|win|thealex610\n|raw|THE_Boykisser9's rating: 1217 &rarr; <strong>1188</strong><br />(-29 for losing)\n|raw|thealex610's rating: 1161 &rarr; <strong>1190</strong><br />(+29 for winning)\n|l|\u2606THE_Boykisser9\n|player|p1|\n",
  "uploadtime": 1776222118,
  "views": 23,
  "formatid": "gen9championsvgc2026regma",
  "rating": 1188,
  "private": 0,
  "password": null
}