{
  "id": "gen9championsvgc2026regma-2584916309",
  "format": "[Gen 9 Champions] VGC 2026 Reg M-A",
  "players": [
    "ayemebroski",
    "ArepadeChorizard"
  ],
  "log": "|j|\u2606ayemebroski\n|j|\u2606ArepadeChorizard\n|t:|1776294241\n|gametype|doubles\n|player|p1|ayemebroski|170|1093\n|player|p2|ArepadeChorizard|allister-unmasked|1000\n|gen|9\n|tier|[Gen 9 Champions] VGC 2026 Reg M-A\n|rated|\n|rule|Species Clause: Limit one of each Pok\u00e9mon\n|rule|Item Clause: Limit 1 of each item\n|clearpoke\n|poke|p1|Froslass, L50, F|\n|poke|p1|Garchomp, L50, F|\n|poke|p1|Rotom-Frost, L50|\n|poke|p1|Empoleon, L50, F|\n|poke|p1|Incineroar, L50, M|\n|poke|p1|Kingambit, L50, F|\n|poke|p2|Gengar, L50, M|\n|poke|p2|Clefable, L50, M|\n|poke|p2|Chandelure, L50, F|\n|poke|p2|Dragonite, L50, F|\n|poke|p2|Incineroar, L50, M|\n|poke|p2|Sinistcha, L50|\n|teampreview|4\nArepadeChorizard has agreed to open team sheets.\n|inactive|Battle timer is ON: inactive players will automatically lose when time's up. (requested by ArepadeChorizard)\n|\n|t:|1776294262\n|teamsize|p1|4\n|teamsize|p2|4\n|start\n|switch|p1a: Froslass|Froslass, L50, F|100/100\n|switch|p1b: Rotom|Rotom-Frost, L50|100/100\n|switch|p2a: Gengar|Gengar, L50, M|100/100\n|switch|p2b: Clefable|Clefable, L50, M|100/100\n|turn|1\n|\n|t:|1776294285\n|detailschange|p2a: Gengar|Gengar-Mega, L50, M\n|-mega|p2a: Gengar|Gengar|Gengarite\n|move|p1a: Froslass|Protect|p1a: Froslass\n|-singleturn|p1a: Froslass|Protect\n|move|p1b: Rotom|Electroweb|p2a: Gengar|[spread] p2a,p2b\n|-damage|p2a: Gengar|78/100\n|-damage|p2b: Clefable|86/100\n|-unboost|p2a: Gengar|spe|1\n|-unboost|p2b: Clefable|spe|1\n|move|p2a: Gengar|Substitute|p2a: Gengar\n|-start|p2a: Gengar|Substitute\n|-damage|p2a: Gengar|53/100\n|move|p2b: Clefable|Moonblast|p1a: Froslass\n|-activate|p1a: Froslass|move: Protect\n|\n|-heal|p2b: Clefable|92/100|[from] item: Leftovers\n|upkeep\n|turn|2\n|\n|t:|1776294308\n|switch|p1a: Empoleon|Empoleon, L50, F|100/100\n|move|p1b: Rotom|Electroweb|p2b: Clefable|[spread] p2a,p2b\n|-activate|p2a: Gengar|move: Substitute|[damage]\n|-damage|p2b: Clefable|76/100\n|-unboost|p2b: Clefable|spe|1\n|move|p2a: Gengar|Perish Song|p2a: Gengar\n|-start|p1a: Empoleon|perish3|[silent]\n|-start|p1b: Rotom|perish3|[silent]\n|-start|p2a: Gengar|perish3|[silent]\n|-start|p2b: Clefable|perish3|[silent]\n|-fieldactivate|move: Perish Song\n|move|p2b: Clefable|Icy Wind|p1b: Rotom|[spread] p1a,p1b\n|-resisted|p1a: Empoleon|2\n|-resisted|p1b: Rotom|1\n|-damage|p1a: Empoleon|98/100\n|-damage|p1b: Rotom|94/100\n|-unboost|p1a: Empoleon|spe|1\n|-ability|p1a: Empoleon|Competitive|boost\n|-boost|p1a: Empoleon|spa|2\n|-unboost|p1b: Rotom|spe|1\n|\n|-heal|p1a: Empoleon|100/100|[from] item: Leftovers\n|-heal|p2b: Clefable|82/100|[from] item: Leftovers\n|-start|p1b: Rotom|perish3\n|-start|p2a: Gengar|perish3\n|-start|p1a: Empoleon|perish3\n|-start|p2b: Clefable|perish3\n|upkeep\n|turn|3\n|\n|t:|1776294323\n|move|p2a: Gengar|Protect|p2a: Gengar\n|-singleturn|p2a: Gengar|Protect\n|move|p2b: Clefable|Protect|p2b: Clefable\n|-singleturn|p2b: Clefable|Protect\n|move|p1b: Rotom|Electroweb|p2b: Clefable|[spread] \n|-activate|p2a: Gengar|move: Protect\n|-activate|p2b: Clefable|move: Protect\n|move|p1a: Empoleon|Flash Cannon|p2b: Clefable\n|-activate|p2b: Clefable|move: Protect\n|\n|-heal|p2b: Clefable|88/100|[from] item: Leftovers\n|-start|p1b: Rotom|perish2\n|-start|p2a: Gengar|perish2\n|-start|p1a: Empoleon|perish2\n|-start|p2b: Clefable|perish2\n|upkeep\n|turn|4\n|\n|t:|1776294341\n|switch|p2b: Incineroar|Incineroar, L50, M|100/100\n|-ability|p2b: Incineroar|Intimidate|boost\n|-unboost|p1a: Empoleon|atk|1\n|-ability|p1a: Empoleon|Competitive|boost\n|-boost|p1a: Empoleon|spa|2\n|-unboost|p1b: Rotom|atk|1\n|move|p1b: Rotom|Electroweb|p2a: Gengar|[spread] p2a,p2b\n|-end|p2a: Gengar|Substitute\n|-damage|p2b: Incineroar|84/100\n|-unboost|p2b: Incineroar|spe|1\n|move|p2a: Gengar|Substitute|p2a: Gengar\n|-start|p2a: Gengar|Substitute\n|-damage|p2a: Gengar|28/100\n|move|p1a: Empoleon|Flash Cannon|p2b: Incineroar\n|-resisted|p2b: Incineroar|1\n|-damage|p2b: Incineroar|31/100\n|-enditem|p2b: Incineroar|Sitrus Berry|[eat]\n|-heal|p2b: Incineroar|55/100|[from] item: Sitrus Berry\n|\n|-start|p1b: Rotom|perish1\n|-start|p2a: Gengar|perish1\n|-start|p1a: Empoleon|perish1\n|upkeep\n|turn|5\n|\n|t:|1776294364\n|switch|p2a: Clefable|Clefable, L50, M|88/100\n|move|p2b: Incineroar|Fake Out|p1a: Empoleon\n|-resisted|p1a: Empoleon|1\n|-damage|p1a: Empoleon|93/100\n|move|p1b: Rotom|Electroweb|p2a: Clefable|[spread] p2a,p2b\n|-damage|p2a: Clefable|74/100\n|-damage|p2b: Incineroar|37/100\n|-unboost|p2a: Clefable|spe|1\n|-unboost|p2b: Incineroar|spe|1\n|cant|p1a: Empoleon|flinch\n|\n|-heal|p1a: Empoleon|98/100|[from] item: Leftovers\n|-heal|p2a: Clefable|80/100|[from] item: Leftovers\n|-start|p1b: Rotom|perish0\n|-start|p1a: Empoleon|perish0\n|upkeep\n|faint|p1b: Rotom\n|faint|p1a: Empoleon\n|\n|t:|1776294371\n|switch|p1b: Garchomp|Garchomp, L50, F|100/100\n|switch|p1a: Froslass|Froslass, L50, F|100/100\n|turn|6\n|\n|t:|1776294387\n|switch|p2b: Gengar|Gengar-Mega, L50, M|28/100\n|detailschange|p1a: Froslass|Froslass-Mega, L50, F\n|-mega|p1a: Froslass|Froslass|Froslassite\n|-weather|Snowscape|[from] ability: Snow Warning|[of] p1a: Froslass\n|move|p1a: Froslass|Blizzard|p2a: Clefable|[spread] p2a,p2b\n|-damage|p2a: Clefable|41/100\n|-damage|p2b: Gengar|0 fnt\n|-status|p2a: Clefable|frz\n|faint|p2b: Gengar\n|move|p1b: Garchomp|Earthquake|p2a: Clefable|[spread] p1a,p2a\n|-damage|p1a: Froslass|55/100\n|-damage|p2a: Clefable|5/100 frz\n|-curestatus|p2a: Clefable|frz|[msg]\n|move|p2a: Clefable|Icy Wind|p1b: Garchomp|[spread] p1a,p1b\n|-resisted|p1a: Froslass|1\n|-supereffective|p1b: Garchomp|2\n|-damage|p1a: Froslass|49/100\n|-damage|p1b: Garchomp|59/100\n|-unboost|p1a: Froslass|spe|1\n|-unboost|p1b: Garchomp|spe|1\n|-enditem|p1b: Garchomp|White Herb\n|-clearnegativeboost|p1b: Garchomp|[silent]\n|\n|-weather|Snowscape|[upkeep]\n|-heal|p2a: Clefable|11/100|[from] item: Leftovers\n|upkeep\n|\n|t:|1776294403\n|switch|p2b: Incineroar|Incineroar, L50, M|37/100\n|-ability|p2b: Incineroar|Intimidate|boost\n|-unboost|p1a: Froslass|atk|1\n|-unboost|p1b: Garchomp|atk|1\n|turn|7\n|\n|t:|1776294421\n|move|p1b: Garchomp|Protect|p1b: Garchomp\n|-singleturn|p1b: Garchomp|Protect\n|move|p1a: Froslass|Protect|p1a: Froslass\n|-singleturn|p1a: Froslass|Protect\n|move|p2a: Clefable|Follow Me|p2a: Clefable\n|-singleturn|p2a: Clefable|move: Follow Me\n|move|p2b: Incineroar|Darkest Lariat|p1a: Froslass\n|-activate|p1a: Froslass|move: Protect\n|\n|-weather|Snowscape|[upkeep]\n|-heal|p2a: Clefable|17/100|[from] item: Leftovers\n|upkeep\n|turn|8\n|inactive|ArepadeChorizard has 30 seconds left.\n|inactive|ArepadeChorizard has 20 seconds left.\n|\n|t:|1776294461\n|move|p2a: Clefable|Protect|p2a: Clefable\n|-singleturn|p2a: Clefable|Protect\n|move|p1b: Garchomp|Earthquake|p2a: Clefable|[spread] p1a,p2b\n|-activate|p2a: Clefable|move: Protect\n|-supereffective|p2b: Incineroar|1\n|-damage|p1a: Froslass|19/100\n|-damage|p2b: Incineroar|0 fnt\n|faint|p2b: Incineroar\n|move|p1a: Froslass|Blizzard|p2a: Clefable\n|-activate|p2a: Clefable|move: Protect\n|\n|-weather|Snowscape|[upkeep]\n|-heal|p2a: Clefable|23/100|[from] item: Leftovers\n|upkeep\n|\n|t:|1776294469\n|switch|p2b: Dragonite|Dragonite, L50, F|100/100\n|turn|9\n|\n|t:|1776294483\n|move|p1a: Froslass|Protect|p1a: Froslass\n|-singleturn|p1a: Froslass|Protect\n|move|p2a: Clefable|Follow Me|p2a: Clefable\n|-singleturn|p2a: Clefable|move: Follow Me\n|move|p1b: Garchomp|Dragon Claw|p2a: Clefable\n|-immune|p2a: Clefable\n|move|p2b: Dragonite|Dragon Claw|p1a: Froslass\n|-activate|p1a: Froslass|move: Protect\n|\n|-weather|Snowscape|[upkeep]\n|-heal|p2a: Clefable|29/100|[from] item: Leftovers\n|upkeep\n|turn|10\n|\n|t:|1776294496\n|move|p2a: Clefable|Follow Me|p2a: Clefable\n|-singleturn|p2a: Clefable|move: Follow Me\n|move|p1b: Garchomp|Rock Slide|p2a: Clefable|[spread] p2a\n|-miss|p1b: Garchomp|p2b: Dragonite\n|-damage|p2a: Clefable|17/100\n|move|p2b: Dragonite|Dragon Claw|p1a: Froslass\n|-damage|p1a: Froslass|0 fnt\n|faint|p1a: Froslass\n|\n|-weather|none\n|-heal|p2a: Clefable|23/100|[from] item: Leftovers\n|upkeep\n|turn|11\n|-message|ayemebroski forfeited.\n|\n|win|ArepadeChorizard\n|raw|ayemebroski's rating: 1093 &rarr; <strong>1063</strong><br />(-30 for losing)\n|raw|ArepadeChorizard's rating: 1000 &rarr; <strong>1050</strong><br />(+50 for winning)\n|l|\u2606ayemebroski\n|player|p1|\n",
  "uploadtime": 1776294511,
  "views": 25,
  "formatid": "gen9championsvgc2026regma",
  "rating": 1050,
  "private": 0,
  "password": null
}