{
  "id": "gen9championsvgc2026regma-2583696184",
  "format": "[Gen 9 Champions] VGC 2026 Reg M-A",
  "players": [
    "Bona1718",
    "B. Farro"
  ],
  "log": "|j|\u2606Bona1718\n|j|\u2606B. Farro\n|t:|1776191607\n|gametype|doubles\n|player|p1|Bona1718|101|1044\n|player|p2|B. Farro|ingo|1121\n|gen|9\n|tier|[Gen 9 Champions] VGC 2026 Reg M-A\n|rated|\n|rule|Species Clause: Limit one of each Pok\u00e9mon\n|rule|Item Clause: Limit 1 of each item\n|clearpoke\n|poke|p1|Glimmora, L50, F|\n|poke|p1|Whimsicott, L50, F|\n|poke|p1|Sneasler, L50, M|\n|poke|p1|Basculegion, L50, M|\n|poke|p1|Garchomp, L50, M|\n|poke|p1|Talonflame, L50, F|\n|poke|p2|Glimmora, L50, F|\n|poke|p2|Whimsicott, L50, F|\n|poke|p2|Altaria, L50, M|\n|poke|p2|Incineroar, L50, M|\n|poke|p2|Garchomp, L50, F|\n|poke|p2|Kangaskhan, L50, F|\n|teampreview|4\n|\n|t:|1776191664\n|teamsize|p1|4\n|teamsize|p2|4\n|start\n|switch|p1a: Glimmora|Glimmora, L50, F|100/100\n|switch|p1b: Whimsicott|Whimsicott, L50, F|100/100\n|switch|p2a: Glimmora|Glimmora, L50, F|100/100\n|switch|p2b: Kangaskhan|Kangaskhan, L50, F|100/100\n|turn|1\n|\n|t:|1776191698\n|detailschange|p2a: Glimmora|Glimmora-Mega, L50, F\n|-mega|p2a: Glimmora|Glimmora|Glimmoranite\n|detailschange|p1a: Glimmora|Glimmora-Mega, L50, F\n|-mega|p1a: Glimmora|Glimmora|Glimmoranite\n|move|p2b: Kangaskhan|Fake Out|p1b: Whimsicott\n|-damage|p1b: Whimsicott|75/100\n|cant|p1b: Whimsicott|flinch\n|move|p2a: Glimmora|Earth Power|p1a: Glimmora\n|-supereffective|p1a: Glimmora|2\n|-damage|p1a: Glimmora|0 fnt\n|faint|p1a: Glimmora\n|\n|upkeep\n|\n|t:|1776191713\n|switch|p1a: Garchomp|Garchomp, L50, M|100/100\n|turn|2\n|\n|t:|1776191732\n|switch|p2a: Whimsicott|Whimsicott, L50, F|100/100\n|move|p1b: Whimsicott|Protect|p1b: Whimsicott\n|-singleturn|p1b: Whimsicott|Protect\n|move|p1a: Garchomp|Earthquake|p2b: Kangaskhan|[spread] p2a,p2b\n|-activate|p1b: Whimsicott|move: Protect\n|-resisted|p2a: Whimsicott|1\n|-damage|p2a: Whimsicott|71/100\n|-damage|p2b: Kangaskhan|58/100\n|move|p2b: Kangaskhan|Double-Edge|p1b: Whimsicott\n|-activate|p1b: Whimsicott|move: Protect\n|\n|upkeep\n|turn|3\n|\n|t:|1776191758\n|move|p2a: Whimsicott|Moonblast|p1a: Garchomp\n|-supereffective|p1a: Garchomp|1\n|-damage|p1a: Garchomp|10/100\n|move|p1b: Whimsicott|Moonblast|p2a: Whimsicott\n|-damage|p2a: Whimsicott|19/100\n|move|p1a: Garchomp|Rock Slide|p2b: Kangaskhan|[spread] p2a,p2b\n|-crit|p2b: Kangaskhan\n|-damage|p2a: Whimsicott|0 fnt\n|-damage|p2b: Kangaskhan|29/100\n|faint|p2a: Whimsicott\n|cant|p2b: Kangaskhan|flinch\n|\n|upkeep\n|\n|t:|1776191775\n|switch|p2a: Garchomp|Garchomp, L50, F|100/100\n|turn|4\n|\n|t:|1776191786\n|move|p1b: Whimsicott|Protect|p1b: Whimsicott\n|-singleturn|p1b: Whimsicott|Protect\n|move|p2b: Kangaskhan|Protect|p2b: Kangaskhan\n|-singleturn|p2b: Kangaskhan|Protect\n|move|p2a: Garchomp|Dragon Claw|p1a: Garchomp\n|-supereffective|p1a: Garchomp|1\n|-enditem|p1a: Garchomp|Haban Berry|[eat]\n|-enditem|p1a: Garchomp|Haban Berry|[weaken]\n|-damage|p1a: Garchomp|0 fnt\n|-damage|p2a: Garchomp|88/100|[from] ability: Rough Skin|[of] p1a: Garchomp\n|faint|p1a: Garchomp\n|\n|upkeep\n|\n|t:|1776191799\n|switch|p1a: Basculegion|Basculegion, L50, M|100/100\n|turn|5\n|\n|t:|1776191833\n|move|p1a: Basculegion|Last Respects|p2a: Garchomp\n|-damage|p2a: Garchomp|0 fnt\n|faint|p2a: Garchomp\n|move|p1b: Whimsicott|Moonblast|p2b: Kangaskhan\n|-damage|p2b: Kangaskhan|0 fnt\n|faint|p2b: Kangaskhan\n|\n|upkeep\n|\n|t:|1776191844\n|switch|p2a: Glimmora|Glimmora-Mega, L50, F|100/100\n|turn|6\n|\n|t:|1776191858\n|move|p2a: Glimmora|Spiky Shield|p2a: Glimmora\n|-singleturn|p2a: Glimmora|move: Protect\n|move|p1b: Whimsicott|Tailwind|p1b: Whimsicott\n|-sidestart|p1: Bona1718|move: Tailwind\n|move|p1a: Basculegion|Last Respects|p2a: Glimmora\n|-activate|p2a: Glimmora|move: Protect\n|\n|upkeep\n|turn|7\n|\n|t:|1776191875\n|move|p1b: Whimsicott|Encore|p2a: Glimmora\n|-start|p2a: Glimmora|Encore\n|move|p2a: Glimmora|Spiky Shield|p2a: Glimmora\n|-singleturn|p2a: Glimmora|move: Protect\n|move|p1a: Basculegion|Last Respects|p2a: Glimmora\n|-activate|p2a: Glimmora|move: Protect\n|\n|upkeep\n|turn|8\n|-message|B. Farro forfeited.\n|\n|win|Bona1718\n|raw|Bona1718's rating: 1044 &rarr; <strong>1085</strong><br />(+41 for winning)\n|raw|B. Farro's rating: 1121 &rarr; <strong>1091</strong><br />(-30 for losing)\n|l|\u2606Bona1718\n|player|p1|\n",
  "uploadtime": 1776191897,
  "views": 14,
  "formatid": "gen9championsvgc2026regma",
  "rating": 1085,
  "private": 0,
  "password": null
}