{
  "id": "gen9championsvgc2026regma-2588854704",
  "format": "[Gen 9 Champions] VGC 2026 Reg M-A",
  "players": [
    "echomaestro",
    "realicetypefan"
  ],
  "log": "|j|\u2606echomaestro\n|j|\u2606realicetypefan\n|t:|1776678907\n|gametype|doubles\n|player|p1|echomaestro|adaman|1154\n|player|p2|realicetypefan|adaman|1046\n|gen|9\n|tier|[Gen 9 Champions] VGC 2026 Reg M-A\n|rated|\n|rule|Species Clause: Limit one of each Pok\u00e9mon\n|rule|Item Clause: Limit 1 of each item\n|clearpoke\n|poke|p1|Meganium, L50, F|\n|poke|p1|Corviknight, L50, M|\n|poke|p1|Pelipper, L50, F|\n|poke|p1|Aggron, L50, M|\n|poke|p1|Basculegion, L50, M|\n|poke|p1|Sinistcha, L50|\n|poke|p2|Lucario, L50, M, shiny|\n|poke|p2|Maushold, L50|\n|poke|p2|Garchomp, L50, F|\n|poke|p2|Sylveon, L50, F|\n|poke|p2|Incineroar, L50, F|\n|poke|p2|Aegislash, L50, F|\n|teampreview|4\n|inactive|Battle timer is ON: inactive players will automatically lose when time's up. (requested by realicetypefan)\n|\n|t:|1776678952\n|teamsize|p1|4\n|teamsize|p2|4\n|start\n|switch|p1a: black pen|Corviknight, L50, M|100/100\n|switch|p1b: bulb|Meganium, L50, F|100/100\n|switch|p2a: Goku|Lucario, L50, M, shiny|100/100\n|switch|p2b: Maushold|Maushold, L50|100/100\n|turn|1\n|inactive|echomaestro has 30 seconds left.\n|\n|t:|1776678979\n|detailschange|p1b: bulb|Meganium-Mega, L50, F\n|-mega|p1b: bulb|Meganium|Meganiumite\n|move|p2b: Maushold|Beat Up|p2a: Goku\n|-resisted|p2a: Goku|1\n|-damage|p2a: Goku|98/100\n|-ability|p2a: Goku|Justified|boost\n|-boost|p2a: Goku|atk|1\n|-resisted|p2a: Goku|1\n|-damage|p2a: Goku|98/100\n|-ability|p2a: Goku|Justified|boost\n|-boost|p2a: Goku|atk|1\n|-resisted|p2a: Goku|1\n|-damage|p2a: Goku|96/100\n|-ability|p2a: Goku|Justified|boost\n|-boost|p2a: Goku|atk|1\n|-resisted|p2a: Goku|1\n|-damage|p2a: Goku|95/100\n|-ability|p2a: Goku|Justified|boost\n|-boost|p2a: Goku|atk|1\n|-hitcount|p2a: Goku|4\n|move|p2a: Goku|Meteor Mash|p1b: bulb\n|-supereffective|p1b: bulb|1\n|-damage|p1b: bulb|0 fnt\n|faint|p1b: bulb\n|move|p1a: black pen|Body Press|p2a: Goku\n|-supereffective|p2a: Goku|1\n|-damage|p2a: Goku|28/100\n|\n|upkeep\n|\n|t:|1776678991\n|switch|p1b: sky rat|Pelipper, L50, F|100/100\n|-weather|RainDance|[from] ability: Drizzle|[of] p1b: sky rat\n|turn|2\n|\n|t:|1776679009\n|detailschange|p2a: Goku|Lucario-Mega, L50, M, shiny\n|-mega|p2a: Goku|Lucario|Lucarionite\n|move|p2a: Goku|Extreme Speed|p1b: sky rat\n|-damage|p1b: sky rat|5/100\n|move|p2b: Maushold|Follow Me|p2b: Maushold\n|-singleturn|p2b: Maushold|move: Follow Me\n|move|p1a: black pen|Tailwind|p1a: black pen\n|-sidestart|p1: echomaestro|move: Tailwind\n|move|p1b: sky rat|Muddy Water|p2a: Goku|[spread] p2a,p2b\n|-damage|p2a: Goku|0 fnt\n|-damage|p2b: Maushold|46/100\n|faint|p2a: Goku\n|\n|-weather|RainDance|[upkeep]\n|upkeep\n|c|\u2606realicetypefan|aw man\n|c|\u2606echomaestro|yeahh\n|\n|t:|1776679024\n|switch|p2a: Incineroar|Incineroar, L50, F|100/100\n|-ability|p2a: Incineroar|Intimidate|boost\n|-ability|p1a: black pen|Mirror Armor\n|-unboost|p2a: Incineroar|atk|1\n|-unboost|p1b: sky rat|atk|1\n|turn|3\n|\n|t:|1776679042\n|move|p1a: black pen|Protect|p1a: black pen\n|-singleturn|p1a: black pen|Protect\n|move|p1b: sky rat|Protect|p1b: sky rat\n|-singleturn|p1b: sky rat|Protect\n|move|p2a: Incineroar|Fake Out|p1b: sky rat\n|-activate|p1b: sky rat|move: Protect\n|move|p2b: Maushold|Follow Me|p2b: Maushold\n|-singleturn|p2b: Maushold|move: Follow Me\n|\n|-weather|RainDance|[upkeep]\n|upkeep\n|turn|4\n|\n|t:|1776679063\n|move|p2b: Maushold|Follow Me|p2b: Maushold\n|-singleturn|p2b: Maushold|move: Follow Me\n|move|p1a: black pen|Body Press|p2b: Maushold\n|-supereffective|p2b: Maushold|1\n|-damage|p2b: Maushold|0 fnt\n|faint|p2b: Maushold\n|move|p1b: sky rat|Muddy Water|p2a: Incineroar\n|-supereffective|p2a: Incineroar|1\n|-damage|p2a: Incineroar|0 fnt\n|faint|p2a: Incineroar\n|\n|-weather|RainDance|[upkeep]\n|upkeep\n|c|\u2606realicetypefan|i think i put too many of my eggs in one basket\n|\n|t:|1776679080\n|switch|p2a: Aegislash|Aegislash, L50, F|100/100\n|turn|5\n|\n|t:|1776679094\n|switch|p1a: angry2|Basculegion, L50, M|100/100\n|move|p1b: sky rat|Muddy Water|p2a: Aegislash\n|-damage|p2a: Aegislash|50/100\n|-formechange|p2a: Aegislash|Aegislash-Blade|\n|move|p2a: Aegislash|Poltergeist|p1b: sky rat\n|-activate|p1b: sky rat|move: Poltergeist|Focus Sash\n|-damage|p1b: sky rat|0 fnt\n|faint|p1b: sky rat\n|\n|-weather|RainDance|[upkeep]\n|-heal|p2a: Aegislash|56/100|[from] item: Leftovers\n|-sideend|p1: echomaestro|move: Tailwind\n|upkeep\n|\n|t:|1776679101\n|switch|p1b: black pen|Corviknight, L50, M|100/100\n|turn|6\n|\n|t:|1776679108\n|-formechange|p2a: Aegislash|Aegislash|\n|move|p2a: Aegislash|King's Shield|p2a: Aegislash\n|-singleturn|p2a: Aegislash|Protect\n|move|p1a: angry2|Last Respects|p2a: Aegislash\n|-activate|p2a: Aegislash|move: Protect\n|move|p1b: black pen|Tailwind|p1b: black pen\n|-sidestart|p1: echomaestro|move: Tailwind\n|\n|-weather|none\n|-heal|p2a: Aegislash|62/100|[from] item: Leftovers\n|upkeep\n|turn|7\n|\n|t:|1776679120\n|move|p1a: angry2|Last Respects|p2a: Aegislash\n|-supereffective|p2a: Aegislash|1\n|-damage|p2a: Aegislash|0 fnt\n|faint|p2a: Aegislash\n|\n|win|echomaestro\n|raw|echomaestro's rating: 1154 &rarr; <strong>1171</strong><br />(+17 for winning)\n|raw|realicetypefan's rating: 1046 &rarr; <strong>1034</strong><br />(-12 for losing)\n|c|\u2606echomaestro|gg\n|c|\u2606echomaestro|nice avatar\n|c|\u2606realicetypefan|ggs\n|c|\u2606realicetypefan|you too\n",
  "uploadtime": 1776679131,
  "views": 11,
  "formatid": "gen9championsvgc2026regma",
  "rating": 1034,
  "private": 0,
  "password": null
}