{
  "id": "gen9championsvgc2026regma-2583629666",
  "format": "[Gen 9 Champions] VGC 2026 Reg M-A",
  "players": [
    "alkdfe",
    "Quacklimore"
  ],
  "log": "|j|\u2606alkdfe\n|j|\u2606Quacklimore\n|t:|1776187540\n|gametype|doubles\n|player|p1|alkdfe|101|1155\n|player|p2|Quacklimore|266|1257\n|gen|9\n|tier|[Gen 9 Champions] VGC 2026 Reg M-A\n|rated|\n|rule|Species Clause: Limit one of each Pok\u00e9mon\n|rule|Item Clause: Limit 1 of each item\n|clearpoke\n|poke|p1|Charizard, L50, F|\n|poke|p1|Sneasler, L50, F|\n|poke|p1|Basculegion, L50, M|\n|poke|p1|Garchomp, L50, F|\n|poke|p1|Incineroar, L50, M|\n|poke|p1|Venusaur, L50, F|\n|poke|p2|Rampardos, L50, M|\n|poke|p2|Farigiraf, L50, F|\n|poke|p2|Incineroar, L50, F|\n|poke|p2|Meganium, L50, F|\n|poke|p2|Tyranitar, L50, M|\n|poke|p2|Kingambit, L50, M|\n|teampreview|4\n|inactive|Battle timer is ON: inactive players will automatically lose when time's up. (requested by alkdfe)\n|inactive|Quacklimore has 60 seconds left.\n|inactive|Quacklimore has 30 seconds left.\n|\n|t:|1776187658\n|teamsize|p1|4\n|teamsize|p2|4\n|start\n|switch|p1a: Incineroar|Incineroar, L50, M|100/100\n|switch|p1b: Sneasler|Sneasler, L50, F|100/100\n|switch|p2a: Farigiraf|Farigiraf, L50, F|100/100\n|switch|p2b: Incineroar|Incineroar, L50, F|100/100\n|-ability|p1a: Incineroar|Intimidate|boost\n|-unboost|p2a: Farigiraf|atk|1\n|-unboost|p2b: Incineroar|atk|1\n|-ability|p2b: Incineroar|Intimidate|boost\n|-unboost|p1a: Incineroar|atk|1\n|-unboost|p1b: Sneasler|atk|1\n|-enditem|p1b: Sneasler|White Herb\n|-clearnegativeboost|p1b: Sneasler|[silent]\n|turn|1\n|inactive|alkdfe has 30 seconds left.\n|inactive|Quacklimore has 30 seconds left.\n|inactive|Quacklimore has 20 seconds left.\n|inactive|Quacklimore has 15 seconds left.\n|inactive|Quacklimore has 10 seconds left.\n|\n|t:|1776187704\n|move|p1b: Sneasler|Close Combat|p2b: Incineroar\n|-supereffective|p2b: Incineroar|1\n|-damage|p2b: Incineroar|0 fnt\n|-unboost|p1b: Sneasler|def|1\n|-unboost|p1b: Sneasler|spd|1\n|faint|p2b: Incineroar\n|move|p1a: Incineroar|Throat Chop|p2a: Farigiraf\n|-supereffective|p2a: Farigiraf|1\n|-damage|p2a: Farigiraf|55/100\n|-start|p2a: Farigiraf|Throat Chop|[silent]\n|move|p2a: Farigiraf|Trick Room|p2a: Farigiraf\n|-fieldstart|move: Trick Room|[of] p2a: Farigiraf\n|\n|upkeep\n|\n|t:|1776187718\n|switch|p2b: Rampardos|Rampardos, L50, M, shiny|100/100\n|turn|2\n|\n|t:|1776187738\n|switch|p1a: Garchomp|Garchomp, L50, F|100/100\n|move|p1b: Sneasler|Protect|p1b: Sneasler\n|-singleturn|p1b: Sneasler|Protect\n|move|p2b: Rampardos|Rock Slide|p1b: Sneasler|[spread] p1a\n|-activate|p1b: Sneasler|move: Protect\n|-resisted|p1a: Garchomp|1\n|-damage|p1a: Garchomp|72/100\n|move|p2a: Farigiraf|Psychic|p1b: Sneasler\n|-activate|p1b: Sneasler|move: Protect\n|\n|-end|p2a: Farigiraf|Throat Chop|[silent]\n|upkeep\n|turn|3\n|inactive|alkdfe has 30 seconds left.\n|inactive|alkdfe has 20 seconds left.\n|\n|t:|1776187777\n|switch|p1b: Incineroar|Incineroar, L50, M|100/100\n|-ability|p1b: Incineroar|Intimidate|boost\n|-unboost|p2a: Farigiraf|atk|1\n|-unboost|p2b: Rampardos|atk|1\n|move|p2b: Rampardos|Rock Slide|p1a: Garchomp|[spread] p1a,p1b\n|-resisted|p1a: Garchomp|1\n|-supereffective|p1b: Incineroar|1\n|-damage|p1a: Garchomp|53/100\n|-damage|p1b: Incineroar|29/100\n|-enditem|p1b: Incineroar|Sitrus Berry|[eat]\n|-heal|p1b: Incineroar|54/100|[from] item: Sitrus Berry\n|move|p2a: Farigiraf|Dazzling Gleam|p1a: Garchomp|[spread] p1a,p1b\n|-supereffective|p1a: Garchomp|1\n|-damage|p1a: Garchomp|10/100\n|-damage|p1b: Incineroar|38/100\n|move|p1a: Garchomp|Earthquake|p2a: Farigiraf|[spread] p1b,p2a,p2b\n|-supereffective|p1b: Incineroar|1\n|-crit|p2a: Farigiraf\n|-supereffective|p2b: Rampardos|1\n|-damage|p1b: Incineroar|0 fnt\n|-damage|p2a: Farigiraf|0 fnt\n|-damage|p2b: Rampardos|3/100\n|faint|p1b: Incineroar\n|faint|p2a: Farigiraf\n|\n|upkeep\n|\n|t:|1776187797\n|switch|p2a: Meganium|Meganium, L50, F|100/100\n|switch|p1b: Sneasler|Sneasler, L50, F|100/100\n|turn|4\n|inactive|Quacklimore has 30 seconds left.\n|\n|t:|1776187826\n|detailschange|p2a: Meganium|Meganium-Mega, L50, F\n|-mega|p2a: Meganium|Meganium|Meganiumite\n|move|p2b: Rampardos|Protect|p2b: Rampardos\n|-singleturn|p2b: Rampardos|Protect\n|move|p1a: Garchomp|Protect|p1a: Garchomp\n|-singleturn|p1a: Garchomp|Protect\n|move|p2a: Meganium|Earth Power|p1b: Sneasler\n|-supereffective|p1b: Sneasler|1\n|-damage|p1b: Sneasler|0 fnt\n|faint|p1b: Sneasler\n|\n|upkeep\n|\n|t:|1776187836\n|switch|p1b: Charizard|Charizard, L50, F|100/100\n|turn|5\n|\n|t:|1776187849\n|move|p1b: Charizard|Protect|p1b: Charizard\n|-singleturn|p1b: Charizard|Protect\n|move|p1a: Garchomp|Protect||[still]\n|-fail|p1a: Garchomp\n|move|p2b: Rampardos|Rock Slide|p1b: Charizard|[spread] p1a\n|-activate|p1b: Charizard|move: Protect\n|-resisted|p1a: Garchomp|1\n|-damage|p1a: Garchomp|0 fnt\n|faint|p1a: Garchomp\n|move|p2a: Meganium|Dazzling Gleam|p1b: Charizard\n|-activate|p1b: Charizard|move: Protect\n|\n|-fieldend|move: Trick Room\n|upkeep\n|turn|6\n|inactive|Quacklimore has 30 seconds left.\n|inactive|Quacklimore has 20 seconds left.\n|\n|t:|1776187887\n|detailschange|p1b: Charizard|Charizard-Mega-Y, L50, F\n|-mega|p1b: Charizard|Charizard|Charizardite Y\n|-weather|SunnyDay|[from] ability: Drought|[of] p1b: Charizard\n|move|p1b: Charizard|Heat Wave|p2b: Rampardos|[spread] p2a,p2b\n|-supereffective|p2a: Meganium|1\n|-resisted|p2b: Rampardos|1\n|-damage|p2a: Meganium|0 fnt\n|-damage|p2b: Rampardos|0 fnt\n|faint|p2a: Meganium\n|faint|p2b: Rampardos\n|\n|win|alkdfe\n|raw|alkdfe's rating: 1155 &rarr; <strong>1187</strong><br />(+32 for winning)\n|raw|Quacklimore's rating: 1257 &rarr; <strong>1225</strong><br />(-32 for losing)\n|l|\u2606Quacklimore\n|player|p2|\n",
  "uploadtime": 1776187898,
  "views": 30,
  "formatid": "gen9championsvgc2026regma",
  "rating": 1187,
  "private": 0,
  "password": null
}