{
  "id": "gen9championsvgc2026regma-2582827908",
  "format": "[Gen 9 Champions] VGC 2026 Reg M-A",
  "players": [
    "doomdessire",
    "Burgerboy18"
  ],
  "log": "|j|\u2606doomdessire\n|j|\u2606Burgerboy18\n|t:|1776117187\n|gametype|doubles\n|player|p1|doomdessire|skyla-masters|1207\n|player|p2|Burgerboy18|265|1215\n|gen|9\n|tier|[Gen 9 Champions] VGC 2026 Reg M-A\n|rated|\n|rule|Species Clause: Limit one of each Pok\u00e9mon\n|rule|Item Clause: Limit 1 of each item\n|clearpoke\n|poke|p1|Floette-Eternal, L50, F|\n|poke|p1|Talonflame, L50, M|\n|poke|p1|Garchomp, L50, M|\n|poke|p1|Sneasler, L50, M|\n|poke|p1|Basculegion, L50, M|\n|poke|p1|Maushold-Four, L50|\n|poke|p2|Scizor, L50, M|\n|poke|p2|Gengar, L50, F|\n|poke|p2|Aerodactyl, L50, M|\n|poke|p2|Raichu, L50, F|\n|poke|p2|Tauros-Paldea-Aqua, L50, M|\n|poke|p2|Sylveon, L50, M|\n|teampreview|4\n|inactive|Battle timer is ON: inactive players will automatically lose when time's up. (requested by doomdessire)\n|\n|t:|1776117232\n|teamsize|p1|4\n|teamsize|p2|4\n|start\n|switch|p1a: Garchomp|Garchomp, L50, M|100/100\n|switch|p1b: Maushold|Maushold-Four, L50|100/100\n|switch|p2a: Raichu|Raichu, L50, F|100/100\n|switch|p2b: Aerodactyl|Aerodactyl, L50, M|100/100\n|-ability|p2b: Aerodactyl|Unnerve\n|turn|1\n|\n|t:|1776117247\n|move|p2a: Raichu|Fake Out|p1a: Garchomp\n|-damage|p1a: Garchomp|95/100\n|-damage|p2a: Raichu|89/100|[from] ability: Rough Skin|[of] p1a: Garchomp\n|move|p2b: Aerodactyl|Tailwind|p2b: Aerodactyl\n|-sidestart|p2: Burgerboy18|move: Tailwind\n|move|p1b: Maushold|Taunt|p2b: Aerodactyl\n|-start|p2b: Aerodactyl|move: Taunt\n|cant|p1a: Garchomp|flinch\n|\n|upkeep\n|turn|2\n|inactive|doomdessire has 30 seconds left.\n|\n|t:|1776117273\n|move|p1b: Maushold|Protect|p1b: Maushold\n|-singleturn|p1b: Maushold|Protect\n|move|p1a: Garchomp|Protect|p1a: Garchomp\n|-singleturn|p1a: Garchomp|Protect\n|move|p2b: Aerodactyl|Rock Slide|p1a: Garchomp|[spread] \n|-activate|p1a: Garchomp|move: Protect\n|-activate|p1b: Maushold|move: Protect\n|move|p2a: Raichu|Encore|p1b: Maushold\n|-activate|p1b: Maushold|move: Protect\n|\n|upkeep\n|turn|3\n|inactive|doomdessire has 30 seconds left.\n|inactive|Burgerboy18 has 30 seconds left.\n|\n|t:|1776117299\n|move|p1b: Maushold|Follow Me|p1b: Maushold\n|-singleturn|p1b: Maushold|move: Follow Me\n|move|p2b: Aerodactyl|Rock Slide|p1b: Maushold|[spread] p1a,p1b\n|-resisted|p1a: Garchomp|1\n|-damage|p1a: Garchomp|86/100\n|-damage|p1b: Maushold|68/100\n|move|p2a: Raichu|Volt Switch|p1b: Maushold\n|-damage|p1b: Maushold|41/100\n|\n|t:|1776117308\n|switch|p2a: Sylveon|Sylveon, L50, M|100/100|[from] Volt Switch\n|move|p1a: Garchomp|Rock Slide|p2a: Sylveon|[spread] p2a,p2b\n|-supereffective|p2b: Aerodactyl|1\n|-damage|p2a: Sylveon|73/100\n|-damage|p2b: Aerodactyl|36/100\n|\n|upkeep\n|turn|4\n|inactive|doomdessire has 30 seconds left.\n|\n|t:|1776117337\n|switch|p2b: Scizor|Scizor, L50, M|100/100\n|switch|p1a: Floette|Floette-Eternal, L50, F|100/100\n|move|p1b: Maushold|Protect|p1b: Maushold\n|-singleturn|p1b: Maushold|Protect\n|move|p2a: Sylveon|Hyper Voice|p1b: Maushold|[spread] p1a\n|-activate|p1b: Maushold|move: Protect\n|-damage|p1a: Floette|78/100\n|\n|-sideend|p2: Burgerboy18|move: Tailwind\n|upkeep\n|turn|5\n|inactive|doomdessire has 30 seconds left.\n|\n|t:|1776117368\n|switch|p2a: Aerodactyl|Aerodactyl, L50, M|36/100\n|-ability|p2a: Aerodactyl|Unnerve\n|switch|p1a: Talonflame|Talonflame, L50, M|100/100\n|detailschange|p2b: Scizor|Scizor-Mega, L50, M\n|-mega|p2b: Scizor|Scizor|Scizorite\n|move|p1b: Maushold|Taunt|p2b: Scizor\n|-start|p2b: Scizor|move: Taunt\n|cant|p2b: Scizor|move: Taunt|Swords Dance\n|\n|upkeep\n|turn|6\n|inactive|doomdessire has 30 seconds left.\n|inactive|Burgerboy18 has 30 seconds left.\n|inactive|doomdessire has 20 seconds left.\n|inactive|Burgerboy18 has 20 seconds left.\n|inactive|doomdessire has 15 seconds left.\n|inactive|doomdessire has 10 seconds left.\n|inactive|Burgerboy18 has 15 seconds left.\n|\n|t:|1776117419\n|move|p1b: Maushold|Protect|p1b: Maushold\n|-singleturn|p1b: Maushold|Protect\n|move|p2b: Scizor|Bullet Punch|p1a: Talonflame\n|-resisted|p1a: Talonflame|1\n|-damage|p1a: Talonflame|77/100\n|move|p2a: Aerodactyl|Rock Slide|p1b: Maushold|[spread] p1a\n|-activate|p1b: Maushold|move: Protect\n|-supereffective|p1a: Talonflame|2\n|-damage|p1a: Talonflame|0 fnt\n|faint|p1a: Talonflame\n|\n|upkeep\n|\n|t:|1776117442\n|switch|p1a: Garchomp|Garchomp, L50, M|86/100\n|turn|7\n|\n|t:|1776117447\n|switch|p2b: Raichu|Raichu, L50, F|89/100\n|move|p1b: Maushold|Follow Me|p1b: Maushold\n|-singleturn|p1b: Maushold|move: Follow Me\n|move|p2a: Aerodactyl|Tailwind|p2a: Aerodactyl\n|-sidestart|p2: Burgerboy18|move: Tailwind\n|move|p1a: Garchomp|Rock Slide|p2a: Aerodactyl|[spread] p2a,p2b\n|-supereffective|p2a: Aerodactyl|1\n|-damage|p2a: Aerodactyl|0 fnt\n|-damage|p2b: Raichu|54/100\n|faint|p2a: Aerodactyl\n|\n|upkeep\n|\n|t:|1776117457\n|switch|p2a: Sylveon|Sylveon, L50, M|73/100\n|turn|8\n|\n|t:|1776117487\n|move|p1b: Maushold|Protect|p1b: Maushold\n|-singleturn|p1b: Maushold|Protect\n|move|p1a: Garchomp|Protect|p1a: Garchomp\n|-singleturn|p1a: Garchomp|Protect\n|move|p2a: Sylveon|Hyper Voice|p1a: Garchomp|[spread] \n|-activate|p1a: Garchomp|move: Protect\n|-activate|p1b: Maushold|move: Protect\n|move|p2b: Raichu|Encore|p1b: Maushold\n|-activate|p1b: Maushold|move: Protect\n|\n|upkeep\n|turn|9\n|inactive|doomdessire has 30 seconds left.\n|inactive|doomdessire has 20 seconds left.\n|inactive|doomdessire has 15 seconds left.\n|inactive|doomdessire has 10 seconds left.\n|\n|t:|1776117534\n|switch|p2b: Scizor|Scizor-Mega, L50, M|100/100\n|switch|p1a: Floette|Floette-Eternal, L50, F|78/100\n|move|p2a: Sylveon|Hyper Voice|p1a: Floette|[spread] p1a,p1b\n|-damage|p1a: Floette|53/100\n|-damage|p1b: Maushold|1/100\n|move|p1b: Maushold|Super Fang|p2a: Sylveon\n|-damage|p2a: Sylveon|37/100\n|\n|upkeep\n|turn|10\n|inactive|Burgerboy18 has 30 seconds left.\n|inactive|doomdessire has 30 seconds left.\n|\n|t:|1776117570\n|switch|p2a: Raichu|Raichu, L50, F|54/100\n|move|p1b: Maushold|Protect|p1b: Maushold\n|-singleturn|p1b: Maushold|Protect\n|move|p1a: Floette|Protect|p1a: Floette\n|-singleturn|p1a: Floette|Protect\n|move|p2b: Scizor|Bullet Punch|p1a: Floette\n|-activate|p1a: Floette|move: Protect\n|\n|-sideend|p2: Burgerboy18|move: Tailwind\n|upkeep\n|turn|11\n|inactive|Burgerboy18 has 30 seconds left.\n|\n|t:|1776117599\n|detailschange|p1a: Floette|Floette-Mega, L50, F\n|-mega|p1a: Floette|Floette|Floettite\n|-ability|p1a: Floette|Fairy Aura\n|move|p2a: Raichu|Fake Out|p1b: Maushold\n|-damage|p1b: Maushold|0 fnt\n|faint|p1b: Maushold\n|move|p2b: Scizor|Bullet Punch|p1a: Floette\n|-supereffective|p1a: Floette|1\n|-damage|p1a: Floette|0 fnt\n|faint|p1a: Floette\n|\n|upkeep\n|\n|t:|1776117608\n|switch|p1b: Garchomp|Garchomp, L50, M|86/100\n|turn|12\n|\n|t:|1776117620\n|move|p2a: Raichu|Encore||[still]\n|-fail|p2a: Raichu\n|move|p1b: Garchomp|Earthquake|p2a: Raichu|[spread] p2a,p2b\n|-supereffective|p2a: Raichu|1\n|-enditem|p2a: Raichu|Shuca Berry|[eat]\n|-enditem|p2a: Raichu|Shuca Berry|[weaken]\n|-damage|p2a: Raichu|0 fnt\n|-damage|p2b: Scizor|57/100\n|faint|p2a: Raichu\n|move|p2b: Scizor|Bug Bite|p1b: Garchomp\n|-damage|p1b: Garchomp|27/100\n|-damage|p2b: Scizor|44/100|[from] ability: Rough Skin|[of] p1b: Garchomp\n|\n|upkeep\n|\n|t:|1776117629\n|switch|p2a: Sylveon|Sylveon, L50, M|37/100\n|turn|13\n|\n|t:|1776117651\n|move|p2a: Sylveon|Hyper Voice|p1b: Garchomp\n|-supereffective|p1b: Garchomp|1\n|-damage|p1b: Garchomp|0 fnt\n|faint|p1b: Garchomp\n|\n|win|Burgerboy18\n|raw|doomdessire's rating: 1207 &rarr; <strong>1183</strong><br />(-24 for losing)\n|raw|Burgerboy18's rating: 1215 &rarr; <strong>1239</strong><br />(+24 for winning)\n|c|\u2606Burgerboy18|Gg\n|l|\u2606doomdessire\n|player|p1|\n",
  "uploadtime": 1776117667,
  "views": 34,
  "formatid": "gen9championsvgc2026regma",
  "rating": 1183,
  "private": 0,
  "password": null
}