{
  "id": "gen9championsvgc2026regma-2581544274",
  "format": "[Gen 9 Champions] VGC 2026 Reg M-A",
  "players": [
    "SauceKart",
    "ferenainexi"
  ],
  "log": "|j|\u2606SauceKart\n|j|\u2606ferenainexi\n|t:|1776009721\n|gametype|doubles\n|player|p1|SauceKart|102|1114\n|player|p2|ferenainexi|scientistf|1056\n|gen|9\n|tier|[Gen 9 Champions] VGC 2026 Reg M-A\n|rated|\n|rule|Species Clause: Limit one of each Pok\u00e9mon\n|rule|Item Clause: Limit 1 of each item\n|clearpoke\n|poke|p1|Dragapult, L50, M|\n|poke|p1|Kingambit, L50, M|\n|poke|p1|Floette-Eternal, L50, F|\n|poke|p1|Rotom-Wash, L50|\n|poke|p1|Glimmora, L50, M|\n|poke|p1|Talonflame, L50, F|\n|poke|p2|Pinsir, L50, M|\n|poke|p2|Heracross, L50, M|\n|poke|p2|Vivillon, L50, F|\n|poke|p2|Orthworm, L50, F|\n|poke|p2|Kleavor, L50, F|\n|poke|p2|Clawitzer, L50, F|\n|teampreview|4\nSauceKart has agreed to open team sheets.\n|inactive|Battle timer is ON: inactive players will automatically lose when time's up. (requested by SauceKart)\n|\n|t:|1776009754\n|teamsize|p1|4\n|teamsize|p2|4\n|start\n|switch|p1a: Talonflame|Talonflame, L50, F|100/100\n|switch|p1b: Glimmora|Glimmora, L50, M|100/100\n|switch|p2a: Vivillon|Vivillon, L50, F|100/100\n|switch|p2b: Kleavor|Kleavor, L50, F|100/100\n|turn|1\n|\n|t:|1776009773\n|move|p1b: Glimmora|Spiky Shield|p1b: Glimmora\n|-singleturn|p1b: Glimmora|move: Protect\n|move|p1a: Talonflame|Tailwind|p1a: Talonflame\n|-sidestart|p1: SauceKart|move: Tailwind\n|move|p2a: Vivillon|Tailwind|p2a: Vivillon\n|-sidestart|p2: ferenainexi|move: Tailwind\n|move|p2b: Kleavor|Stone Axe|p1a: Talonflame\n|-supereffective|p1a: Talonflame|2\n|-enditem|p1a: Talonflame|Focus Sash\n|-damage|p1a: Talonflame|1/100\n|-sidestart|p1: SauceKart|move: Stealth Rock\n|\n|upkeep\n|turn|2\n|inactive|SauceKart has 30 seconds left.\n|inactive|ferenainexi has 30 seconds left.\n|inactive|ferenainexi has 20 seconds left.\n|\n|t:|1776009812\n|detailschange|p1b: Glimmora|Glimmora-Mega, L50, M\n|-mega|p1b: Glimmora|Glimmora|Glimmoranite\n|move|p1a: Talonflame|Taunt|p2a: Vivillon\n|-start|p2a: Vivillon|move: Taunt\n|move|p1b: Glimmora|Earth Power|p2b: Kleavor\n|-damage|p2b: Kleavor|46/100\n|cant|p2a: Vivillon|move: Taunt|Sleep Powder\n|move|p2b: Kleavor|Rock Slide|p1a: Talonflame|[spread] p1b\n|-miss|p2b: Kleavor|p1a: Talonflame\n|-damage|p1b: Glimmora|64/100\n|\n|upkeep\n|turn|3\n|inactive|ferenainexi has 30 seconds left.\n|inactive|ferenainexi has 20 seconds left.\n|\n|t:|1776009851\n|switch|p1a: Dragapult|Dragapult, L50, M|100/100\n|-damage|p1a: Dragapult|88/100|[from] Stealth Rock\n|switch|p2a: Orthworm|Orthworm, L50, F|100/100\n|move|p1b: Glimmora|Power Gem|p2b: Kleavor\n|-supereffective|p2b: Kleavor|1\n|-damage|p2b: Kleavor|0 fnt\n|faint|p2b: Kleavor\n|\n|upkeep\n|\n|t:|1776009865\n|switch|p2b: Clawitzer|Clawitzer, L50, F|100/100\n|turn|4\n|inactive|SauceKart has 30 seconds left.\n|\n|t:|1776009892\n|move|p1b: Glimmora|Spiky Shield|p1b: Glimmora\n|-singleturn|p1b: Glimmora|move: Protect\n|move|p1a: Dragapult|Light Screen|p1a: Dragapult\n|-sidestart|p1: SauceKart|move: Light Screen\n|move|p2a: Orthworm|High Horsepower|p1b: Glimmora\n|-activate|p1b: Glimmora|move: Protect\n|-damage|p2a: Orthworm|88/100|[from] Spiky Shield|[of] p1b: Glimmora\n|move|p2b: Clawitzer|Ice Beam|p1a: Dragapult\n|-supereffective|p1a: Dragapult|1\n|-damage|p1a: Dragapult|46/100\n|\n|-heal|p2a: Orthworm|94/100|[from] item: Leftovers\n|-sideend|p1: SauceKart|move: Tailwind\n|-sideend|p2: ferenainexi|move: Tailwind\n|upkeep\n|turn|5\n|\n|t:|1776009914\n|switch|p1b: Rotom|Rotom-Wash, L50|100/100\n|-damage|p1b: Rotom|88/100|[from] Stealth Rock\n|move|p1a: Dragapult|Thunder Wave|p2b: Clawitzer\n|-status|p2b: Clawitzer|par\n|move|p2a: Orthworm|High Horsepower|p1b: Rotom\n|-immune|p1b: Rotom|[from] ability: Levitate\n|move|p2b: Clawitzer|Ice Beam|p1a: Dragapult\n|-supereffective|p1a: Dragapult|1\n|-damage|p1a: Dragapult|2/100\n|\n|-heal|p2a: Orthworm|99/100|[from] item: Leftovers\n|upkeep\n|turn|6\n|inactive|ferenainexi has 30 seconds left.\n|inactive|ferenainexi has 20 seconds left.\n|\n|t:|1776009951\n|switch|p1a: Glimmora|Glimmora-Mega, L50, M|64/100\n|-damage|p1a: Glimmora|52/100|[from] Stealth Rock\n|move|p1b: Rotom|Thunderbolt|p2b: Clawitzer\n|-supereffective|p2b: Clawitzer|1\n|-damage|p2b: Clawitzer|16/100 par\n|move|p2a: Orthworm|Heavy Slam|p1a: Glimmora\n|-supereffective|p1a: Glimmora|1\n|-damage|p1a: Glimmora|0 fnt\n|faint|p1a: Glimmora\n|move|p2b: Clawitzer|Dark Pulse|p1b: Rotom\n|-damage|p1b: Rotom|58/100\n|\n|-heal|p2a: Orthworm|100/100|[from] item: Leftovers\n|upkeep\n|\n|t:|1776009962\n|switch|p1a: Dragapult|Dragapult, L50, M|2/100\n|-damage|p1a: Dragapult|0 fnt|[from] Stealth Rock\n|faint|p1a: Dragapult\n|\n|t:|1776009966\n|switch|p1a: Talonflame|Talonflame, L50, F|1/100\n|-damage|p1a: Talonflame|0 fnt|[from] Stealth Rock\n|faint|p1a: Talonflame\n|turn|7\n|-message|SauceKart forfeited.\n|\n|win|ferenainexi\n|raw|SauceKart's rating: 1114 &rarr; <strong>1085</strong><br />(-29 for losing)\n|raw|ferenainexi's rating: 1056 &rarr; <strong>1093</strong><br />(+37 for winning)\n|c|\u2606ferenainexi|gg\n",
  "uploadtime": 1776009984,
  "views": 18,
  "formatid": "gen9championsvgc2026regma",
  "rating": 1085,
  "private": 0,
  "password": null
}