{
  "id": "gen9championsvgc2026regma-2588594811",
  "format": "[Gen 9 Champions] VGC 2026 Reg M-A",
  "players": [
    "blazegeo",
    "Carlinhosadl"
  ],
  "log": "|j|\u2606blazegeo\n|j|\u2606Carlinhosadl\n|t:|1776648392\n|gametype|doubles\n|player|p1|blazegeo|170|1039\n|player|p2|Carlinhosadl|cynthia-gen4|1104\n|gen|9\n|tier|[Gen 9 Champions] VGC 2026 Reg M-A\n|rated|\n|rule|Species Clause: Limit one of each Pok\u00e9mon\n|rule|Item Clause: Limit 1 of each item\n|clearpoke\n|poke|p1|Aegislash, L50, F|\n|poke|p1|Klefki, L50, F|\n|poke|p1|Whimsicott, L50, M|\n|poke|p1|Tyranitar, L50, M|\n|poke|p1|Zoroark-Hisui, L50, M|\n|poke|p1|Drampa, L50, M|\n|poke|p2|Charizard, L50, F|\n|poke|p2|Aerodactyl, L50, M|\n|poke|p2|Primarina, L50, M|\n|poke|p2|Excadrill, L50, F|\n|poke|p2|Sableye, L50, M|\n|poke|p2|Medicham, L50, M|\n|teampreview|4\n|inactive|Battle timer is ON: inactive players will automatically lose when time's up. (requested by Carlinhosadl)\n|inactive|blazegeo also wants the timer to be on.\n|inactive|blazegeo has 60 seconds left.\nCarlinhosadl rejected open team sheets.\n|\n|t:|1776648436\n|teamsize|p1|4\n|teamsize|p2|4\n|start\n|switch|p1a: Whimsicott|Whimsicott, L50, M|100/100\n|switch|p1b: Klefki|Klefki, L50, F|100/100\n|switch|p2a: Sableye|Sableye, L50, M|100/100\n|switch|p2b: Charizard|Charizard, L50, F|100/100\n|turn|1\n|inactive|Carlinhosadl has 30 seconds left.\n|inactive|Carlinhosadl has 20 seconds left.\n|inactive|Carlinhosadl has 15 seconds left.\n|\n|t:|1776648477\n|move|p2a: Sableye|Sunny Day|p2a: Sableye\n|-weather|SunnyDay\n|move|p1b: Klefki|Taunt|p2a: Sableye\n|-start|p2a: Sableye|move: Taunt\n|-enditem|p2a: Sableye|Mental Herb\n|-end|p2a: Sableye|move: Taunt\n|move|p2b: Charizard|Dragon Dance|p2b: Charizard\n|-boost|p2b: Charizard|atk|1\n|-boost|p2b: Charizard|spe|1\n|move|p1a: Whimsicott|Trick Room|p1a: Whimsicott\n|-fieldstart|move: Trick Room|[of] p1a: Whimsicott\n|\n|-weather|SunnyDay|[upkeep]\n|upkeep\n|turn|2\n|\n|t:|1776648500\n|switch|p1a: Tyranitar|Tyranitar, L50, M|100/100\n|-weather|Sandstorm|[from] ability: Sand Stream|[of] p1a: Tyranitar\n|move|p1b: Klefki|Protect|p1b: Klefki\n|-singleturn|p1b: Klefki|Protect\n|move|p2a: Sableye|Encore|p1a: Tyranitar\n|-hint|Since gen 7, Dark is immune to Prankster moves.\n|-immune|p1a: Tyranitar\n|move|p2b: Charizard|Dragon Dance|p2b: Charizard\n|-boost|p2b: Charizard|atk|1\n|-boost|p2b: Charizard|spe|1\n|\n|-weather|Sandstorm|[upkeep]\n|-damage|p2a: Sableye|95/100|[from] Sandstorm\n|-damage|p1b: Klefki|94/100|[from] Sandstorm\n|-damage|p2b: Charizard|95/100|[from] Sandstorm\n|upkeep\n|turn|3\n|\n|t:|1776648519\n|move|p2b: Charizard|Protect|p2b: Charizard\n|-singleturn|p2b: Charizard|Protect\n|move|p2a: Sableye|Encore|p1b: Klefki\n|-start|p1b: Klefki|Encore\n|move|p1b: Klefki|Protect||[still]\n|-fail|p1b: Klefki\n|move|p1a: Tyranitar|Stone Edge|p2b: Charizard\n|-activate|p2b: Charizard|move: Protect\n|\n|-weather|Sandstorm|[upkeep]\n|-damage|p2a: Sableye|89/100|[from] Sandstorm\n|-damage|p1b: Klefki|88/100|[from] Sandstorm\n|-damage|p2b: Charizard|89/100|[from] Sandstorm\n|upkeep\n|turn|4\n|inactive|Carlinhosadl has 30 seconds left.\n|inactive|Carlinhosadl has 20 seconds left.\n|\n|t:|1776648556\n|switch|p1b: Whimsicott|Whimsicott, L50, M|100/100\n|detailschange|p2b: Charizard|Charizard-Mega-X, L50, F\n|-mega|p2b: Charizard|Charizard|Charizardite X\n|move|p2a: Sableye|Sunny Day|p2a: Sableye\n|-weather|SunnyDay\n|move|p1a: Tyranitar|Stone Edge|p2b: Charizard\n|-supereffective|p2b: Charizard|1\n|-crit|p2b: Charizard\n|-damage|p2b: Charizard|0 fnt\n|faint|p2b: Charizard\n|\n|-weather|SunnyDay|[upkeep]\n|upkeep\n|\n|t:|1776648567\n|switch|p2b: Excadrill|Excadrill, L50, F|100/100\n|-ability|p2b: Excadrill|Mold Breaker\n|turn|5\n|\n|t:|1776648586\n|move|p2a: Sableye|Protect|p2a: Sableye\n|-singleturn|p2a: Sableye|Protect\n|move|p1a: Tyranitar|Superpower|p2b: Excadrill\n|-supereffective|p2b: Excadrill|1\n|-damage|p2b: Excadrill|0 fnt\n|-unboost|p1a: Tyranitar|atk|1\n|-unboost|p1a: Tyranitar|def|1\n|faint|p2b: Excadrill\n|move|p1b: Whimsicott|Moonblast|p2a: Sableye\n|-activate|p2a: Sableye|move: Protect\n|\n|-weather|SunnyDay|[upkeep]\n|-fieldend|move: Trick Room\n|upkeep\n|-message|Carlinhosadl forfeited.\n|\n|win|blazegeo\n|raw|blazegeo's rating: 1039 &rarr; <strong>1079</strong><br />(+40 for winning)\n|raw|Carlinhosadl's rating: 1104 &rarr; <strong>1074</strong><br />(-30 for losing)\n|l|\u2606Carlinhosadl\n|player|p2|\n",
  "uploadtime": 1776648604,
  "views": 6,
  "formatid": "gen9championsvgc2026regma",
  "rating": 1074,
  "private": 0,
  "password": null
}