{
  "id": "gen9championsvgc2026regma-2584973665",
  "format": "[Gen 9 Champions] VGC 2026 Reg M-A",
  "players": [
    "21Kieran",
    "joe19394"
  ],
  "log": "|j|\u260621Kieran\n|j|\u2606joe19394\n|t:|1776299605\n|gametype|doubles\n|player|p1|21Kieran|taunie|\n|player|p2|joe19394|2|\n|gen|9\n|tier|[Gen 9 Champions] VGC 2026 Reg M-A\n|rated|Tournament battle\n|rule|Species Clause: Limit one of each Pok\u00e9mon\n|rule|Item Clause: Limit 1 of each item\n|clearpoke\n|poke|p1|Incineroar, L50, M|\n|poke|p1|Gengar, L50, M|\n|poke|p1|Sinistcha, L50|\n|poke|p1|Kingambit, L50, F|\n|poke|p1|Tyranitar, L50, M|\n|poke|p1|Kommo-o, L50, M|\n|poke|p2|Pelipper, L50, M|\n|poke|p2|Toxicroak, L50, F|\n|poke|p2|Meganium, L50, F|\n|poke|p2|Incineroar, L50, F|\n|poke|p2|Greninja-*, L50, M|\n|poke|p2|Archaludon, L50, M|\n|teampreview|4\n|inactive|Battle timer is ON: inactive players will automatically lose when time's up. (requested by joe19394)\n|inactive|21Kieran also wants the timer to be on.\n21Kieran has agreed to open team sheets.\njoe19394 has agreed to open team sheets.\n|showteam|p1|Incineroar||ShucaBerry|Intimidate|PartingShot,FakeOut,Protect,ThroatChop|||M|||50|]Gengar||Gengarite|CursedBody|ShadowBall,Protect,Substitute,PerishSong|||M|||50|]Sinistcha||SitrusBerry|Hospitality|MatchaGotcha,RagePowder,Protect,LifeDew||||||50|]Kingambit||ChopleBerry|Defiant|IronHead,Protect,LowKick,SuckerPunch|||F|||50|]Tyranitar||ChoiceScarf|SandStream|StoneEdge,IcePunch,LowKick,RockSlide|||M|||50|]Kommo-o||Leftovers|Soundproof|ClangingScales,ClangorousSoul,AuraSphere,Protect|||M|||50|\n|showteam|p2|Pelipper||FocusSash|Drizzle|Tailwind,Protect,WeatherBall,Hurricane|||M|||50|]Toxicroak||SitrusBerry|DrySkin|FakeOut,Taunt,GunkShot,DrainPunch|||F|||50|]Meganium||Meganiumite|Overgrow|WeatherBall,SolarBeam,Protect,DazzlingGleam|||F|||50|]Incineroar||ChopleBerry|Intimidate|PartingShot,FakeOut,DarkestLariat,CloseCombat|||F|||50|]Greninja||Greninjite|Torrent|Surf,Extrasensory,IceBeam,Protect|||M|||50|]Archaludon||Leftovers|Stamina|ElectroShot,Protect,DragonPulse,FlashCannon|||M|||50|\n|inactive|joe19394 has 60 seconds left.\n|\n|t:|1776299658\n|teamsize|p1|4\n|teamsize|p2|4\n|start\n|switch|p1a: Kommo-o|Kommo-o, L50, M|100/100\n|switch|p1b: Incineroar|Incineroar, L50, M|100/100\n|switch|p2a: Greninja|Greninja, L50, M|100/100\n|switch|p2b: Pelipper|Pelipper, L50, M|100/100\n|-weather|RainDance|[from] ability: Drizzle|[of] p2b: Pelipper\n|-ability|p1b: Incineroar|Intimidate|boost\n|-unboost|p2a: Greninja|atk|1\n|-unboost|p2b: Pelipper|atk|1\n|turn|1\n|inactive|21Kieran has 30 seconds left.\n|inactive|joe19394 has 30 seconds left.\n|inactive|21Kieran has 20 seconds left.\n|inactive|joe19394 has 20 seconds left.\n|inactive|21Kieran has 15 seconds left.\n|inactive|joe19394 has 15 seconds left.\n|\n|t:|1776299702\n|switch|p2b: Archaludon|Archaludon, L50, M|100/100\n|move|p2a: Greninja|Protect|p2a: Greninja\n|-singleturn|p2a: Greninja|Protect\n|move|p1b: Incineroar|Fake Out|p2b: Archaludon\n|-resisted|p2b: Archaludon|1\n|-damage|p2b: Archaludon|97/100\n|-ability|p2b: Archaludon|Stamina|boost\n|-boost|p2b: Archaludon|def|1\n|move|p1a: Kommo-o|Clangorous Soul|p1a: Kommo-o\n|-boost|p1a: Kommo-o|atk|1\n|-boost|p1a: Kommo-o|def|1\n|-boost|p1a: Kommo-o|spa|1\n|-boost|p1a: Kommo-o|spd|1\n|-boost|p1a: Kommo-o|spe|1\n|-damage|p1a: Kommo-o|68/100\n|\n|-weather|RainDance|[upkeep]\n|-heal|p1a: Kommo-o|73/100|[from] item: Leftovers\n|-heal|p2b: Archaludon|100/100|[from] item: Leftovers\n|upkeep\n|turn|2\n|j|+Hasayo\n|j| Kingofyee\n|c| Kingofyee|fake out slop\n|c| Kingofyee|saddening to see\n|\n|t:|1776299726\n|switch|p1b: Sinistcha|Sinistcha, L50|100/100\n|-heal|p1a: Kommo-o|98/100|[from] ability: Hospitality|[of] p1b: Sinistcha\n|detailschange|p2a: Greninja|Greninja-Mega, L50, M\n|-mega|p2a: Greninja|Greninja|Greninjite\n|move|p1a: Kommo-o|Protect|p1a: Kommo-o\n|-singleturn|p1a: Kommo-o|Protect\n|move|p2a: Greninja|Extrasensory|p1a: Kommo-o\n|-start|p2a: Greninja|typechange|Psychic|[from] ability: Protean\n|-activate|p1a: Kommo-o|move: Protect\n|move|p2b: Archaludon|Dragon Pulse|p1a: Kommo-o\n|-activate|p1a: Kommo-o|move: Protect\n|\n|-weather|RainDance|[upkeep]\n|-heal|p1a: Kommo-o|100/100|[from] item: Leftovers\n|upkeep\n|turn|3\n|c| Kingofyee|kieran ive been playing this exact team\n|inactive|21Kieran has 30 seconds left.\n|\n|t:|1776299758\n|move|p2b: Archaludon|Protect|p2b: Archaludon\n|-singleturn|p2b: Archaludon|Protect\n|move|p1b: Sinistcha|Rage Powder|p1b: Sinistcha\n|-singleturn|p1b: Sinistcha|move: Rage Powder\n|move|p2a: Greninja|Ice Beam|p1b: Sinistcha\n|-supereffective|p1b: Sinistcha|1\n|-damage|p1b: Sinistcha|39/100\n|-enditem|p1b: Sinistcha|Sitrus Berry|[eat]\n|-heal|p1b: Sinistcha|64/100|[from] item: Sitrus Berry\n|move|p1a: Kommo-o|Clangorous Soul|p1a: Kommo-o\n|-boost|p1a: Kommo-o|atk|1\n|-boost|p1a: Kommo-o|def|1\n|-boost|p1a: Kommo-o|spa|1\n|-boost|p1a: Kommo-o|spd|1\n|-boost|p1a: Kommo-o|spe|1\n|-damage|p1a: Kommo-o|68/100\n|\n|-weather|RainDance|[upkeep]\n|-heal|p1a: Kommo-o|73/100|[from] item: Leftovers\n|upkeep\n|turn|4\n|inactive|21Kieran has 30 seconds left.\n|inactive|joe19394 has 30 seconds left.\n|\n|t:|1776299791\n|switch|p1b: Incineroar|Incineroar, L50, M|100/100\n|-ability|p1b: Incineroar|Intimidate|boost\n|-unboost|p2a: Greninja|atk|1\n|-unboost|p2b: Archaludon|atk|1\n|move|p1a: Kommo-o|Clanging Scales|p2a: Greninja|[spread] p2a,p2b\n|-damage|p2a: Greninja|0 fnt\n|-damage|p2b: Archaludon|39/100\n|-ability|p2b: Archaludon|Stamina|boost\n|-boost|p2b: Archaludon|def|1\n|faint|p2a: Greninja\n|-unboost|p1a: Kommo-o|def|1\n|move|p2b: Archaludon|Dragon Pulse|p1a: Kommo-o\n|-supereffective|p1a: Kommo-o|1\n|-damage|p1a: Kommo-o|37/100\n|\n|-weather|RainDance|[upkeep]\n|-heal|p1a: Kommo-o|43/100|[from] item: Leftovers\n|-heal|p2b: Archaludon|45/100|[from] item: Leftovers\n|upkeep\n|inactive|joe19394 has 30 seconds left.\n|inactive|joe19394 has 20 seconds left.\n|\n|t:|1776299830\n|switch|p2a: Toxicroak|Toxicroak, L50, F|100/100\n|turn|5\n|\n|t:|1776299848\n|switch|p1b: Sinistcha|Sinistcha, L50|64/100\n|-heal|p1a: Kommo-o|68/100|[from] ability: Hospitality|[of] p1b: Sinistcha\n|move|p1a: Kommo-o|Protect|p1a: Kommo-o\n|-singleturn|p1a: Kommo-o|Protect\n|move|p2b: Archaludon|Protect|p2b: Archaludon\n|-singleturn|p2b: Archaludon|Protect\n|move|p2a: Toxicroak|Drain Punch|p1b: Sinistcha\n|-immune|p1b: Sinistcha\n|\n|-weather|none\n|-heal|p1a: Kommo-o|73/100|[from] item: Leftovers\n|-heal|p2b: Archaludon|51/100|[from] item: Leftovers\n|upkeep\n|turn|6\n|-message|joe19394 forfeited.\n|\n|win|21Kieran\n|n|\u260621Kieran|21kieran\n|n|\u2606joe19394|joe19394\n|n| Hasayo|hasayo\n|n| Kingofyee|kingofyee\n",
  "uploadtime": 1776299856,
  "views": 19,
  "formatid": "gen9championsvgc2026regma",
  "rating": null,
  "private": 0,
  "password": null
}