{
  "id": "gen9championsvgc2026regma-2582076573",
  "format": "[Gen 9 Champions] VGC 2026 Reg M-A",
  "players": [
    "rorbert",
    "LJJLONGER\u6211\u4e43\u9f99\u5c06\u519b"
  ],
  "log": "|j|\u2606rorbert\n|j|\u2606LJJLONGER\u6211\u4e43\u9f99\u5c06\u519b\n|t:|1776054941\n|gametype|doubles\n|player|p1|rorbert|grimsley|1120\n|player|p2|LJJLONGER\u6211\u4e43\u9f99\u5c06\u519b|n|1140\n|gen|9\n|tier|[Gen 9 Champions] VGC 2026 Reg M-A\n|rated|\n|rule|Species Clause: Limit one of each Pok\u00e9mon\n|rule|Item Clause: Limit 1 of each item\n|clearpoke\n|poke|p1|Floette-Eternal, L50, F|\n|poke|p1|Incineroar, L50, M|\n|poke|p1|Sinistcha, L50|\n|poke|p1|Rotom-Wash, L50|\n|poke|p1|Garchomp, L50, M|\n|poke|p1|Sneasler, L50, F|\n|poke|p2|Gengar, L50, F|\n|poke|p2|Pelipper, L50, F|\n|poke|p2|Incineroar, L50, F|\n|poke|p2|Maushold-Four, L50|\n|poke|p2|Archaludon, L50, F|\n|poke|p2|Basculegion, L50, M|\n|teampreview|4\nrorbert has agreed to open team sheets.\n|inactive|Battle timer is ON: inactive players will automatically lose when time's up. (requested by LJJLONGER\u6211\u4e43\u9f99\u5c06\u519b)\nLJJLONGER\u6211\u4e43\u9f99\u5c06\u519b rejected open team sheets.\n|inactive|rorbert has 60 seconds left.\n|\n|t:|1776055000\n|teamsize|p1|4\n|teamsize|p2|4\n|start\n|switch|p1a: Sneasler|Sneasler, L50, F|100/100\n|switch|p1b: Incineroar|Incineroar, L50, M|100/100\n|switch|p2a: Archaludon|Archaludon, L50, F|100/100\n|switch|p2b: Incineroar|Incineroar, L50, F|100/100\n|-ability|p1a: Sneasler|Pressure\n|-ability|p1b: Incineroar|Intimidate|boost\n|-unboost|p2a: Archaludon|atk|1\n|-unboost|p2b: Incineroar|atk|1\n|-ability|p2b: Incineroar|Intimidate|boost\n|-unboost|p1a: Sneasler|atk|1\n|-unboost|p1b: Incineroar|atk|1\n|-enditem|p1a: Sneasler|White Herb\n|-clearnegativeboost|p1a: Sneasler|[silent]\n|turn|1\n|inactive|rorbert has 30 seconds left.\n|inactive|LJJLONGER\u6211\u4e43\u9f99\u5c06\u519b has 30 seconds left.\n|inactive|rorbert has 20 seconds left.\n|inactive|LJJLONGER\u6211\u4e43\u9f99\u5c06\u519b has 20 seconds left.\n|inactive|rorbert has 15 seconds left.\n|inactive|rorbert has 10 seconds left.\n|inactive|rorbert has 5 seconds left.\n|\n|t:|1776055051\n|switch|p2b: Gengar|Gengar, L50, F, shiny|100/100\n|move|p2a: Archaludon|Protect|p2a: Archaludon\n|-singleturn|p2a: Archaludon|Protect\n|move|p1a: Sneasler|Fake Out|p2b: Gengar\n|-immune|p2b: Gengar\n|move|p1b: Incineroar|Fake Out|p2a: Archaludon\n|-activate|p2a: Archaludon|move: Protect\n|\n|upkeep\n|turn|2\n|\n|t:|1776055069\n|switch|p2b: Incineroar|Incineroar, L50, F|100/100\n|-ability|p2b: Incineroar|Intimidate|boost\n|-unboost|p1a: Sneasler|atk|1\n|-unboost|p1b: Incineroar|atk|1\n|move|p1a: Sneasler|Close Combat|p2a: Archaludon\n|-supereffective|p2a: Archaludon|1\n|-damage|p2a: Archaludon|32/100\n|-unboost|p1a: Sneasler|def|1\n|-unboost|p1a: Sneasler|spd|1\n|-ability|p2a: Archaludon|Stamina|boost\n|-boost|p2a: Archaludon|def|1\n|move|p2a: Archaludon|Draco Meteor|p1a: Sneasler\n|-damage|p1a: Sneasler|0 fnt\n|-unboost|p2a: Archaludon|spa|2\n|faint|p1a: Sneasler\n|move|p1b: Incineroar|Darkest Lariat|p2b: Incineroar\n|-resisted|p2b: Incineroar|1\n|-damage|p2b: Incineroar|93/100\n|\n|-heal|p2a: Archaludon|39/100|[from] item: Leftovers\n|upkeep\n|\n|t:|1776055087\n|switch|p1a: Garchomp|Garchomp, L50, M|100/100\n|turn|3\n|\n|t:|1776055108\n|switch|p2a: Pelipper|Pelipper, L50, F|100/100\n|-weather|RainDance|[from] ability: Drizzle|[of] p2a: Pelipper\n|switch|p1b: Floette|Floette-Eternal, L50, F|100/100\n|move|p1a: Garchomp|Protect|p1a: Garchomp\n|-singleturn|p1a: Garchomp|Protect\n|move|p2b: Incineroar|Parting Shot|p1a: Garchomp\n|-activate|p1a: Garchomp|move: Protect\n|\n|-weather|RainDance|[upkeep]\n|upkeep\n|turn|4\n|inactive|rorbert has 30 seconds left.\n|\n|t:|1776055138\n|detailschange|p1b: Floette|Floette-Mega, L50, F\n|-mega|p1b: Floette|Floette|Floettite\n|-ability|p1b: Floette|Fairy Aura\n|move|p1a: Garchomp|Rock Slide|p2b: Incineroar|[spread] p2a,p2b\n|-supereffective|p2a: Pelipper|1\n|-crit|p2a: Pelipper\n|-supereffective|p2b: Incineroar|1\n|-damage|p2a: Pelipper|17/100\n|-damage|p2b: Incineroar|63/100\n|move|p1b: Floette|Dazzling Gleam|p2a: Pelipper|[spread] p2a,p2b\n|-damage|p2a: Pelipper|0 fnt\n|-damage|p2b: Incineroar|22/100\n|-enditem|p2b: Incineroar|Sitrus Berry|[eat]\n|-heal|p2b: Incineroar|47/100|[from] item: Sitrus Berry\n|faint|p2a: Pelipper\n|move|p2b: Incineroar|Parting Shot|p1a: Garchomp\n|-unboost|p1a: Garchomp|atk|1\n|-unboost|p1a: Garchomp|spa|1\n|\n|t:|1776055154\n|switch|p2b: Archaludon|Archaludon, L50, F|39/100|[from] Parting Shot\n|\n|-weather|RainDance|[upkeep]\n|-heal|p2b: Archaludon|45/100|[from] item: Leftovers\n|upkeep\n|\n|t:|1776055160\n|switch|p2a: Incineroar|Incineroar, L50, F|47/100\n|-ability|p2a: Incineroar|Intimidate|boost\n|-unboost|p1a: Garchomp|atk|1\n|-unboost|p1b: Floette|atk|1\n|turn|5\n|inactive|rorbert has 30 seconds left.\n|\n|t:|1776055188\n|move|p1b: Floette|Protect|p1b: Floette\n|-singleturn|p1b: Floette|Protect\n|move|p2a: Incineroar|Fake Out|p1b: Floette\n|-activate|p1b: Floette|move: Protect\n|move|p1a: Garchomp|Earthquake|p2a: Incineroar|[spread] p2a,p2b\n|-activate|p1b: Floette|move: Protect\n|-supereffective|p2a: Incineroar|1\n|-supereffective|p2b: Archaludon|1\n|-damage|p2a: Incineroar|14/100\n|-damage|p2b: Archaludon|11/100\n|-ability|p2b: Archaludon|Stamina|boost\n|-boost|p2b: Archaludon|def|1\n|move|p2b: Archaludon|Snarl|p1b: Floette|[spread] p1a\n|-activate|p1b: Floette|move: Protect\n|-damage|p1a: Garchomp|88/100\n|-unboost|p1a: Garchomp|spa|1\n|\n|-weather|RainDance|[upkeep]\n|-heal|p2b: Archaludon|17/100|[from] item: Leftovers\n|upkeep\n|turn|6\n|\n|t:|1776055207\n|switch|p1a: Incineroar|Incineroar, L50, M|100/100\n|-ability|p1a: Incineroar|Intimidate|boost\n|-unboost|p2a: Incineroar|atk|1\n|-unboost|p2b: Archaludon|atk|1\n|move|p2b: Archaludon|Protect|p2b: Archaludon\n|-singleturn|p2b: Archaludon|Protect\n|move|p2a: Incineroar|Protect|p2a: Incineroar\n|-singleturn|p2a: Incineroar|Protect\n|move|p1b: Floette|Dazzling Gleam|p2b: Archaludon|[spread] \n|-activate|p2a: Incineroar|move: Protect\n|-activate|p2b: Archaludon|move: Protect\n|\n|-weather|RainDance|[upkeep]\n|-heal|p2b: Archaludon|23/100|[from] item: Leftovers\n|upkeep\n|turn|7\n|inactive|rorbert has 30 seconds left.\n|\n|t:|1776055239\n|move|p1b: Floette|Dazzling Gleam|p2b: Archaludon|[spread] p2a,p2b\n|-damage|p2a: Incineroar|0 fnt\n|-damage|p2b: Archaludon|0 fnt\n|faint|p2a: Incineroar\n|faint|p2b: Archaludon\n|move|p1a: Incineroar|Darkest Lariat|p2: Incineroar|[notarget]\n|-fail|p1a: Incineroar\n|\n|-weather|none\n|upkeep\n|-message|LJJLONGER\u6211\u4e43\u9f99\u5c06\u519b forfeited.\n|\n|win|rorbert\n|raw|rorbert's rating: 1120 &rarr; <strong>1146</strong><br />(+26 for winning)\n|raw|LJJLONGER\u6211\u4e43\u9f99\u5c06\u519b's rating: 1140 &rarr; <strong>1114</strong><br />(-26 for losing)\n|l|\u2606LJJLONGER\u6211\u4e43\u9f99\u5c06\u519b\n|player|p2|\n",
  "uploadtime": 1776055248,
  "views": 48,
  "formatid": "gen9championsvgc2026regma",
  "rating": 1114,
  "private": 0,
  "password": null
}