{
  "id": "gen9championsvgc2026regma-2585218535",
  "format": "[Gen 9 Champions] VGC 2026 Reg M-A",
  "players": [
    "campeondelfitness",
    "XtremeSlayer"
  ],
  "log": "|j|\u2606campeondelfitness\n|j|\u2606XtremeSlayer\n|t:|1776326329\n|gametype|doubles\n|player|p1|campeondelfitness|swimmer|1179\n|player|p2|XtremeSlayer|striker|1132\n|gen|9\n|tier|[Gen 9 Champions] VGC 2026 Reg M-A\n|rated|\n|rule|Species Clause: Limit one of each Pok\u00e9mon\n|rule|Item Clause: Limit 1 of each item\n|clearpoke\n|poke|p1|Tyranitar, L50, M|\n|poke|p1|Excadrill, L50, M|\n|poke|p1|Garchomp, L50, M|\n|poke|p1|Heliolisk, L50, M|\n|poke|p1|Rotom-Heat, L50|\n|poke|p1|Orthworm, L50, M|\n|poke|p2|Lucario, L50, M|\n|poke|p2|Palafin, L50, F|\n|poke|p2|Arcanine-Hisui, L50, M|\n|poke|p2|Sinistcha-Masterpiece, L50|\n|poke|p2|Aegislash, L50, M|\n|poke|p2|Clefable, L50, M|\n|teampreview|4\n|inactive|Battle timer is ON: inactive players will automatically lose when time's up. (requested by campeondelfitness)\n|inactive|XtremeSlayer also wants the timer to be on.\n|inactive|XtremeSlayer has 60 seconds left.\n|\n|t:|1776326364\n|teamsize|p1|4\n|teamsize|p2|4\n|start\n|switch|p1a: Orthworm|Orthworm, L50, M|100/100\n|switch|p1b: Rotom|Rotom-Heat, L50|100/100\n|switch|p2a: Palafin|Palafin, L50, F|100/100\n|switch|p2b: Lucario|Lucario, L50, M|100/100\n|turn|1\n|\n|t:|1776326382\n|detailschange|p2a: Palafin|Palafin-Hero, L50, F\n|switch|p2a: Sinistcha|Sinistcha-Masterpiece, L50|100/100\n|detailschange|p2b: Lucario|Lucario-Mega, L50, M\n|-mega|p2b: Lucario|Lucario|Lucarionite\n|move|p2b: Lucario|Protect|p2b: Lucario\n|-singleturn|p2b: Lucario|Protect\n|move|p1b: Rotom|Overheat|p2b: Lucario\n|-activate|p2b: Lucario|move: Protect\n|move|p1a: Orthworm|Shed Tail|p1a: Orthworm\n|-start|p1a: Orthworm|Substitute|[from] move: Shed Tail\n|-damage|p1a: Orthworm|50/100\n|\n|t:|1776326398\n|switch|p1a: Garchomp|Garchomp, L50, M|100/100|[from] Shed Tail\n|\n|upkeep\n|turn|2\n|\n|t:|1776326418\n|switch|p2b: Palafin|Palafin-Hero, L50, F|100/100\n|-activate|p2b: Palafin|ability: Zero to Hero\n|detailschange|p1a: Garchomp|Garchomp-Mega, L50, M\n|-mega|p1a: Garchomp|Garchomp|Garchompite\n|move|p1a: Garchomp|Earthquake|p2a: Sinistcha|[spread] p2a,p2b\n|-immune|p1b: Rotom|[from] ability: Levitate\n|-resisted|p2a: Sinistcha|1\n|-damage|p2a: Sinistcha|80/100\n|-damage|p2b: Palafin|57/100\n|move|p1b: Rotom|Overheat|p2b: Palafin\n|-resisted|p2b: Palafin|1\n|-damage|p2b: Palafin|36/100\n|-unboost|p1b: Rotom|spa|2\n|move|p2a: Sinistcha|Trick Room|p2a: Sinistcha\n|-fieldstart|move: Trick Room|[of] p2a: Sinistcha\n|\n|-heal|p2b: Palafin|42/100|[from] item: Leftovers\n|upkeep\n|turn|3\n|inactive|XtremeSlayer has 30 seconds left.\n|inactive|campeondelfitness has 30 seconds left.\n|inactive|XtremeSlayer has 20 seconds left.\n|\n|t:|1776326461\n|move|p2b: Palafin|Protect|p2b: Palafin\n|-singleturn|p2b: Palafin|Protect\n|move|p2a: Sinistcha|Matcha Gotcha|p1b: Rotom|[spread] p1a,p1b\n|-activate|p1a: Garchomp|move: Substitute|[damage]\n|-heal|p2a: Sinistcha|93/100|[from] drain|[of] p1a: Garchomp\n|-resisted|p1b: Rotom|1\n|-crit|p1b: Rotom\n|-damage|p1b: Rotom|79/100\n|-heal|p2a: Sinistcha|100/100|[from] drain|[of] p1b: Rotom\n|move|p1b: Rotom|Volt Switch|p2b: Palafin\n|-activate|p2b: Palafin|move: Protect\n|move|p1a: Garchomp|Earthquake|p2b: Palafin|[spread] p2a\n|-activate|p2b: Palafin|move: Protect\n|-immune|p1b: Rotom|[from] ability: Levitate\n|-resisted|p2a: Sinistcha|1\n|-damage|p2a: Sinistcha|79/100\n|\n|-heal|p2b: Palafin|47/100|[from] item: Leftovers\n|upkeep\n|turn|4\n|\n|t:|1776326485\n|move|p2b: Palafin|Jet Punch|p1b: Rotom\n|-supereffective|p1b: Rotom|1\n|-damage|p1b: Rotom|0 fnt\n|faint|p1b: Rotom\n|move|p2a: Sinistcha|Matcha Gotcha|p1a: Garchomp\n|-end|p1a: Garchomp|Substitute\n|-heal|p2a: Sinistcha|80/100|[from] drain|[of] p1a: Garchomp\n|move|p1a: Garchomp|Earthquake|p2b: Palafin|[spread] p2a,p2b\n|-resisted|p2a: Sinistcha|1\n|-damage|p2a: Sinistcha|56/100\n|-damage|p2b: Palafin|8/100\n|\n|-heal|p2b: Palafin|14/100|[from] item: Leftovers\n|upkeep\n|\n|t:|1776326506\n|switch|p1b: Tyranitar|Tyranitar, L50, M|100/100\n|-weather|Sandstorm|[from] ability: Sand Stream|[of] p1b: Tyranitar\n|turn|5\n|\n|t:|1776326520\n|move|p1a: Garchomp|Protect|p1a: Garchomp\n|-singleturn|p1a: Garchomp|Protect\n|move|p2b: Palafin|Jet Punch|p1b: Tyranitar\n|-supereffective|p1b: Tyranitar|1\n|-damage|p1b: Tyranitar|43/100\n|move|p1b: Tyranitar|Knock Off|p2b: Palafin\n|-crit|p2b: Palafin\n|-damage|p2b: Palafin|0 fnt\n|-enditem|p2b: Palafin|Leftovers|[from] move: Knock Off|[of] p1b: Tyranitar\n|faint|p2b: Palafin\n|move|p2a: Sinistcha|Matcha Gotcha|p1b: Tyranitar|[spread] p1b\n|-activate|p1a: Garchomp|move: Protect\n|-supereffective|p1b: Tyranitar|1\n|-damage|p1b: Tyranitar|19/100\n|-heal|p2a: Sinistcha|68/100|[from] drain|[of] p1b: Tyranitar\n|-status|p1b: Tyranitar|brn\n|\n|-weather|Sandstorm|[upkeep]\n|-damage|p2a: Sinistcha|62/100|[from] Sandstorm\n|-damage|p1b: Tyranitar|13/100 brn|[from] brn\n|upkeep\n|\n|t:|1776326534\n|switch|p2b: Lucario|Lucario-Mega, L50, M|100/100\n|turn|6\n|\n|t:|1776326547\n|switch|p1b: Orthworm|Orthworm, L50, M|50/100\n|move|p2b: Lucario|Protect|p2b: Lucario\n|-singleturn|p2b: Lucario|Protect\n|move|p2a: Sinistcha|Rage Powder|p2a: Sinistcha\n|-singleturn|p2a: Sinistcha|move: Rage Powder\n|move|p1a: Garchomp|Earthquake|p2a: Sinistcha|[spread] p2a\n|-activate|p2b: Lucario|move: Protect\n|-heal|p1b: Orthworm|75/100|[from] ability: Earth Eater|[of] p1a: Garchomp\n|-resisted|p2a: Sinistcha|1\n|-damage|p2a: Sinistcha|34/100\n|-enditem|p2a: Sinistcha|Sitrus Berry|[eat]\n|-heal|p2a: Sinistcha|58/100|[from] item: Sitrus Berry\n|\n|-weather|Sandstorm|[upkeep]\n|-damage|p2a: Sinistcha|52/100|[from] Sandstorm\n|-heal|p1b: Orthworm|81/100|[from] item: Leftovers\n|-fieldend|move: Trick Room\n|upkeep\n|turn|7\n|inactive|campeondelfitness has 30 seconds left.\n|inactive|campeondelfitness has 20 seconds left.\n|inactive|XtremeSlayer has 30 seconds left.\n|inactive|campeondelfitness has 15 seconds left.\n|\n|t:|1776326589\n|move|p2b: Lucario|Close Combat|p1b: Orthworm\n|-supereffective|p1b: Orthworm|1\n|-damage|p1b: Orthworm|0 fnt\n|-unboost|p2b: Lucario|def|1\n|-unboost|p2b: Lucario|spd|1\n|faint|p1b: Orthworm\n|move|p1a: Garchomp|Earthquake|p2b: Lucario|[spread] p2a,p2b\n|-resisted|p2a: Sinistcha|1\n|-crit|p2a: Sinistcha\n|-supereffective|p2b: Lucario|1\n|-damage|p2a: Sinistcha|13/100\n|-damage|p2b: Lucario|0 fnt\n|faint|p2b: Lucario\n|move|p2a: Sinistcha|Strength Sap|p1a: Garchomp\n|-unboost|p1a: Garchomp|atk|1\n|-heal|p2a: Sinistcha|100/100\n|\n|-weather|Sandstorm|[upkeep]\n|-damage|p2a: Sinistcha|94/100|[from] Sandstorm\n|upkeep\n|\n|t:|1776326604\n|switch|p2b: Arcanine|Arcanine-Hisui, L50, M|100/100\n|switch|p1b: Tyranitar|Tyranitar, L50, M|13/100 brn\n|-ability|p2b: Arcanine|Intimidate|boost\n|-unboost|p1a: Garchomp|atk|1\n|-unboost|p1b: Tyranitar|atk|1\n|turn|8\n|inactive|campeondelfitness has 30 seconds left.\n|inactive|campeondelfitness has 20 seconds left.\n|\n|t:|1776326642\n|move|p2b: Arcanine|Rock Slide|p1b: Tyranitar|[spread] p1a,p1b\n|-resisted|p1a: Garchomp|1\n|-crit|p1a: Garchomp\n|-damage|p1a: Garchomp|82/100\n|-damage|p1b: Tyranitar|0 fnt\n|faint|p1b: Tyranitar\n|move|p1a: Garchomp|Swords Dance|p1a: Garchomp\n|-boost|p1a: Garchomp|atk|2\n|move|p2a: Sinistcha|Strength Sap|p1a: Garchomp\n|-unboost|p1a: Garchomp|atk|1\n|-heal|p2a: Sinistcha|100/100\n|\n|-weather|Sandstorm|[upkeep]\n|-damage|p2a: Sinistcha|94/100|[from] Sandstorm\n|upkeep\n|turn|9\n|\n|t:|1776326665\n|move|p2b: Arcanine|Rock Slide|p1a: Garchomp\n|-resisted|p1a: Garchomp|1\n|-damage|p1a: Garchomp|65/100\n|cant|p1a: Garchomp|flinch\n|move|p2a: Sinistcha|Strength Sap|p1a: Garchomp\n|-unboost|p1a: Garchomp|atk|1\n|-heal|p2a: Sinistcha|100/100\n|\n|-weather|none\n|upkeep\n|turn|10\n|\n|t:|1776326676\n|move|p2b: Arcanine|Rock Slide|p1a: Garchomp\n|-resisted|p1a: Garchomp|1\n|-damage|p1a: Garchomp|50/100\n|move|p1a: Garchomp|Swords Dance|p1a: Garchomp\n|-boost|p1a: Garchomp|atk|2\n|move|p2a: Sinistcha|Matcha Gotcha|p1a: Garchomp\n|-damage|p1a: Garchomp|13/100\n|-status|p1a: Garchomp|brn\n|\n|-damage|p1a: Garchomp|8/100 brn|[from] brn\n|upkeep\n|turn|11\n|-message|campeondelfitness forfeited.\n|\n|win|XtremeSlayer\n|raw|campeondelfitness's rating: 1179 &rarr; <strong>1151</strong><br />(-28 for losing)\n|raw|XtremeSlayer's rating: 1132 &rarr; <strong>1160</strong><br />(+28 for winning)\n",
  "uploadtime": 1776326691,
  "views": 24,
  "formatid": "gen9championsvgc2026regma",
  "rating": 1151,
  "private": 0,
  "password": null
}