{
  "id": "gen9championsvgc2026regma-2589417552",
  "format": "[Gen 9 Champions] VGC 2026 Reg M-A",
  "players": [
    "morees ytb",
    "SDLT LucaIaria63"
  ],
  "log": "|raw|<div class=\"broadcast-blue\"><strong>This battle is required to be public due to a player having a name starting with 'sdlt'.</div>\n|j|\u2606morees ytb\n|j|\u2606SDLT LucaIaria63\n|t:|1776721241\n|gametype|doubles\n|player|p1|morees ytb|170|1004\n|player|p2|SDLT LucaIaria63|colress|1061\n|gen|9\n|tier|[Gen 9 Champions] VGC 2026 Reg M-A\n|rated|\n|rule|Species Clause: Limit one of each Pok\u00e9mon\n|rule|Item Clause: Limit 1 of each item\n|clearpoke\n|poke|p1|Heracross, L50, M|\n|poke|p1|Empoleon, L50, F|\n|poke|p1|Heliolisk, L50, M|\n|poke|p1|Snorlax, L50, F|\n|poke|p1|Hatterene, L50, F|\n|poke|p1|Clefable, L50, M|\n|poke|p2|Gardevoir, L50, M|\n|poke|p2|Sinistcha, L50|\n|poke|p2|Politoed, L50, F|\n|poke|p2|Noivern, L50, M|\n|poke|p2|Garchomp, L50, M|\n|poke|p2|Rotom-Wash, L50|\n|teampreview|4\n|inactive|Battle timer is ON: inactive players will automatically lose when time's up. (requested by morees ytb)\n|\n|t:|1776721266\n|teamsize|p1|4\n|teamsize|p2|4\n|start\n|switch|p1a: Heliolisk|Heliolisk, L50, M|100/100\n|switch|p1b: Heracross|Heracross, L50, M|100/100\n|switch|p2a: Noivern|Noivern, L50, M|100/100\n|switch|p2b: Gardevoir|Gardevoir, L50, M|100/100\n|-item|p1a: Heliolisk|Focus Sash|[from] ability: Frisk|[of] p2a: Noivern\n|-item|p1b: Heracross|Heracronite|[from] ability: Frisk|[of] p2a: Noivern\n|-ability|p2b: Gardevoir|Swarm|Trace|[from] ability: Trace|[of] p1b: Heracross\n|turn|1\n|\n|t:|1776721286\n|switch|p1b: Empoleon|Empoleon, L50, F|100/100\n|move|p2a: Noivern|Protect|p2a: Noivern\n|-singleturn|p2a: Noivern|Protect\n|move|p2b: Gardevoir|Protect|p2b: Gardevoir\n|-singleturn|p2b: Gardevoir|Protect\n|move|p1a: Heliolisk|Electroweb|p2a: Noivern|[spread] \n|-activate|p2a: Noivern|move: Protect\n|-activate|p2b: Gardevoir|move: Protect\n|\n|upkeep\n|turn|2\n|\n|t:|1776721300\n|detailschange|p2b: Gardevoir|Gardevoir-Mega, L50, M\n|-mega|p2b: Gardevoir|Gardevoir|Gardevoirite\n|move|p2a: Noivern|Tailwind|p2a: Noivern\n|-sidestart|p2: SDLT LucaIaria63|move: Tailwind\n|move|p2b: Gardevoir|Calm Mind|p2b: Gardevoir\n|-boost|p2b: Gardevoir|spa|1\n|-boost|p2b: Gardevoir|spd|1\n|move|p1a: Heliolisk|Electroweb|p2a: Noivern|[spread] p2a,p2b\n|-damage|p2a: Noivern|78/100\n|-damage|p2b: Gardevoir|90/100\n|-unboost|p2a: Noivern|spe|1\n|-unboost|p2b: Gardevoir|spe|1\n|move|p1b: Empoleon|Surf|p2b: Gardevoir|[spread] p2a,p2b\n|-immune|p1a: Heliolisk|[from] ability: Dry Skin\n|-resisted|p2a: Noivern|1\n|-damage|p2a: Noivern|57/100\n|-damage|p2b: Gardevoir|70/100\n|\n|upkeep\n|turn|3\n|\n|t:|1776721317\n|move|p2a: Noivern|Super Fang|p1b: Empoleon\n|-damage|p1b: Empoleon|51/100\n|move|p1a: Heliolisk|Electroweb|p2a: Noivern|[spread] p2b\n|-miss|p1a: Heliolisk|p2a: Noivern\n|-damage|p2b: Gardevoir|60/100\n|-unboost|p2b: Gardevoir|spe|1\n|move|p1b: Empoleon|Surf|p2a: Noivern|[spread] p2a,p2b\n|-immune|p1a: Heliolisk|[from] ability: Dry Skin\n|-resisted|p2a: Noivern|1\n|-damage|p2a: Noivern|33/100\n|-damage|p2b: Gardevoir|38/100\n|move|p2b: Gardevoir|Hyper Voice|p1b: Empoleon|[spread] p1a,p1b\n|-resisted|p1b: Empoleon|1\n|-enditem|p1a: Heliolisk|Focus Sash\n|-damage|p1a: Heliolisk|1/100\n|-damage|p1b: Empoleon|1/100\n|\n|upkeep\n|turn|4\n|\n|t:|1776721340\n|move|p1a: Heliolisk|Ally Switch|p1a: Heliolisk\n|swap|p1a: Heliolisk|1|[from] move: Ally Switch\n|move|p2a: Noivern|Heat Wave|p1b: Heliolisk|[spread] p1a,p1b\n|-damage|p1a: Empoleon|0 fnt\n|-damage|p1b: Heliolisk|0 fnt\n|faint|p1a: Empoleon\n|faint|p1b: Heliolisk\n|move|p2b: Gardevoir|Calm Mind|p2b: Gardevoir\n|-boost|p2b: Gardevoir|spa|1\n|-boost|p2b: Gardevoir|spd|1\n|\n|upkeep\n|\n|t:|1776721350\n|switch|p1b: Snorlax|Snorlax, L50, F|100/100\n|switch|p1a: Heracross|Heracross, L50, M|100/100\n|turn|5\n|inactive|morees ytb has 30 seconds left.\n|\n|t:|1776721384\n|switch|p2a: Sinistcha|Sinistcha, L50|100/100\n|-heal|p2b: Gardevoir|63/100|[from] ability: Hospitality|[of] p2a: Sinistcha\n|detailschange|p1a: Heracross|Heracross-Mega, L50, M\n|-mega|p1a: Heracross|Heracross|Heracronite\n|move|p1a: Heracross|Trailblaze|p2b: Gardevoir\n|-damage|p2b: Gardevoir|32/100\n|-boost|p1a: Heracross|spe|1\n|move|p2b: Gardevoir|Hyper Voice|p1a: Heracross|[spread] p1a,p1b\n|-supereffective|p1a: Heracross|1\n|-damage|p1a: Heracross|0 fnt\n|-damage|p1b: Snorlax|32/100\n|-enditem|p1b: Snorlax|Sitrus Berry|[eat]\n|-heal|p1b: Snorlax|56/100|[from] item: Sitrus Berry\n|faint|p1a: Heracross\n|move|p1b: Snorlax|Body Slam|p2a: Sinistcha\n|-immune|p2a: Sinistcha\n|\n|-sideend|p2: SDLT LucaIaria63|move: Tailwind\n|upkeep\n|turn|6\n|-message|morees ytb forfeited.\n|\n|win|SDLT LucaIaria63\n|raw|morees ytb's rating: 1004 &rarr; <strong>1000</strong><br />(-4 for losing)\n|raw|SDLT LucaIaria63's rating: 1061 &rarr; <strong>1087</strong><br />(+26 for winning)\n|l|\u2606morees ytb\n|player|p1|\n",
  "uploadtime": 1776721399,
  "views": 4,
  "formatid": "gen9championsvgc2026regma",
  "rating": 1000,
  "private": 0,
  "password": null
}