{
  "id": "gen9championsvgc2026regma-2588201016",
  "format": "[Gen 9 Champions] VGC 2026 Reg M-A",
  "players": [
    "SoftwareSuckers",
    "Mochatose"
  ],
  "log": "|j|\u2606SoftwareSuckers\n|j|\u2606Mochatose\n|t:|1776613879\n|gametype|doubles\n|player|p1|SoftwareSuckers|fisherman|1072\n|player|p2|Mochatose|caitlin|1107\n|gen|9\n|tier|[Gen 9 Champions] VGC 2026 Reg M-A\n|rated|\n|rule|Species Clause: Limit one of each Pok\u00e9mon\n|rule|Item Clause: Limit 1 of each item\n|clearpoke\n|poke|p1|Feraligatr, L50, M, shiny|\n|poke|p1|Gengar, L50, M, shiny|\n|poke|p1|Sinistcha, L50|\n|poke|p1|Incineroar, L50, F|\n|poke|p1|Archaludon, L50, F|\n|poke|p1|Pelipper, L50, M, shiny|\n|poke|p2|Floette-Eternal, L50, F|\n|poke|p2|Ninetales-Alola, L50, F|\n|poke|p2|Whimsicott, L50, M|\n|poke|p2|Maushold-Four, L50|\n|poke|p2|Incineroar, L50, M|\n|poke|p2|Castform, L50, M, shiny|\n|teampreview|4\n|\n|t:|1776613925\n|teamsize|p1|4\n|teamsize|p2|4\n|start\n|switch|p1a: ALL MIGHT|Archaludon, L50, F|100/100\n|switch|p1b: KACCHAN|Pelipper, L50, M, shiny|100/100\n|switch|p2a: Whimsicott|Whimsicott, L50, M|100/100\n|switch|p2b: NEW META|Castform, L50, M, shiny|100/100\n|-weather|RainDance|[from] ability: Drizzle|[of] p1b: KACCHAN\n|-formechange|p2b: NEW META|Castform-Rainy|[msg]|[from] ability: Forecast\n|turn|1\n|inactive|Battle timer is ON: inactive players will automatically lose when time's up. (requested by Mochatose)\n|\n|t:|1776613950\n|move|p2a: Whimsicott|Sunny Day|p2a: Whimsicott\n|-weather|SunnyDay\n|-formechange|p2b: NEW META|Castform-Sunny|[msg]|[from] ability: Forecast\n|move|p1a: ALL MIGHT|Flash Cannon|p2b: NEW META\n|-resisted|p2b: NEW META|1\n|-damage|p2b: NEW META|68/100\n|move|p1b: KACCHAN|Tailwind|p1b: KACCHAN\n|-sidestart|p1: SoftwareSuckers|move: Tailwind\n|move|p2b: NEW META|Weather Ball|p1a: ALL MIGHT\n|-damage|p1a: ALL MIGHT|18/100\n|-ability|p1a: ALL MIGHT|Stamina|boost\n|-boost|p1a: ALL MIGHT|def|1\n|\n|-weather|SunnyDay|[upkeep]\n|-heal|p1a: ALL MIGHT|24/100|[from] item: Leftovers\n|upkeep\n|turn|2\n|inactive|SoftwareSuckers has 30 seconds left.\n|\n|t:|1776613979\n|switch|p1b: Todoroki|Incineroar, L50, F|100/100\n|-ability|p1b: Todoroki|Intimidate|boost\n|-unboost|p2a: Whimsicott|atk|1\n|-unboost|p2b: NEW META|atk|1\n|move|p2a: Whimsicott|Tailwind|p2a: Whimsicott\n|-sidestart|p2: Mochatose|move: Tailwind\n|move|p1a: ALL MIGHT|Draco Meteor|p2b: NEW META\n|-damage|p2b: NEW META|0 fnt\n|-unboost|p1a: ALL MIGHT|spa|2\n|faint|p2b: NEW META\n|\n|-weather|SunnyDay|[upkeep]\n|-heal|p1a: ALL MIGHT|30/100|[from] item: Leftovers\n|upkeep\n|\n|t:|1776613985\n|switch|p2b: Floette|Floette-Eternal, L50, F|100/100\n|turn|3\n|inactive|SoftwareSuckers has 30 seconds left.\n|\n|t:|1776614011\n|detailschange|p2b: Floette|Floette-Mega, L50, F\n|-mega|p2b: Floette|Floette|Floettite\n|-ability|p2b: Floette|Fairy Aura\n|move|p1a: ALL MIGHT|Protect|p1a: ALL MIGHT\n|-singleturn|p1a: ALL MIGHT|Protect\n|move|p2a: Whimsicott|Encore|p1a: ALL MIGHT\n|-activate|p1a: ALL MIGHT|move: Protect\n|move|p2b: Floette|Calm Mind|p2b: Floette\n|-boost|p2b: Floette|spa|1\n|-boost|p2b: Floette|spd|1\n|move|p1b: Todoroki|Parting Shot|p2b: Floette\n|-unboost|p2b: Floette|atk|1\n|-unboost|p2b: Floette|spa|1\n|\n|t:|1776614024\n|switch|p1b: KACCHAN|Pelipper, L50, M, shiny|100/100|[from] Parting Shot\n|-weather|RainDance|[from] ability: Drizzle|[of] p1b: KACCHAN\n|\n|-weather|RainDance|[upkeep]\n|-heal|p1a: ALL MIGHT|36/100|[from] item: Leftovers\n|upkeep\n|turn|4\n|inactive|SoftwareSuckers has 30 seconds left.\n|inactive|SoftwareSuckers has 20 seconds left.\n|inactive|SoftwareSuckers has 15 seconds left.\n|\n|t:|1776614066\n|switch|p1a: Todoroki|Incineroar, L50, F|100/100\n|-ability|p1a: Todoroki|Intimidate|boost\n|-unboost|p2a: Whimsicott|atk|1\n|-unboost|p2b: Floette|atk|1\n|move|p2a: Whimsicott|Encore|p1a: Todoroki\n|-hint|Since gen 7, Dark is immune to Prankster moves.\n|-immune|p1a: Todoroki\n|move|p1b: KACCHAN|Hurricane|p2a: Whimsicott\n|-supereffective|p2a: Whimsicott|1\n|-enditem|p2a: Whimsicott|Focus Sash\n|-damage|p2a: Whimsicott|1/100\n|move|p2b: Floette|Calm Mind|p2b: Floette\n|-boost|p2b: Floette|spa|1\n|-boost|p2b: Floette|spd|1\n|\n|-weather|RainDance|[upkeep]\n|-sideend|p1: SoftwareSuckers|move: Tailwind\n|upkeep\n|turn|5\n|\n|t:|1776614091\n|move|p1a: Todoroki|Fake Out|p2a: Whimsicott\n|-damage|p2a: Whimsicott|0 fnt\n|faint|p2a: Whimsicott\n|move|p2b: Floette|Dazzling Gleam|p1a: Todoroki|[spread] p1a,p1b\n|-damage|p1a: Todoroki|44/100\n|-damage|p1b: KACCHAN|8/100\n|-enditem|p1a: Todoroki|Sitrus Berry|[eat]\n|-heal|p1a: Todoroki|69/100|[from] item: Sitrus Berry\n|move|p1b: KACCHAN|Tailwind|p1b: KACCHAN\n|-sidestart|p1: SoftwareSuckers|move: Tailwind\n|\n|-weather|RainDance|[upkeep]\n|-sideend|p2: Mochatose|move: Tailwind\n|upkeep\n|\n|t:|1776614097\n|switch|p2a: Maushold|Maushold-Four, L50|100/100\n|turn|6\n|inactive|SoftwareSuckers has 30 seconds left.\n|inactive|SoftwareSuckers has 20 seconds left.\n|inactive|SoftwareSuckers has 15 seconds left.\n|\n|t:|1776614141\n|move|p1b: KACCHAN|Wide Guard|p1b: KACCHAN\n|-singleturn|p1b: KACCHAN|Wide Guard\n|move|p1a: Todoroki|Flare Blitz|p2b: Floette\n|-damage|p2b: Floette|81/100\n|-damage|p1a: Todoroki|62/100|[from] Recoil\n|move|p2a: Maushold|Super Fang|p1a: Todoroki\n|-damage|p1a: Todoroki|31/100\n|move|p2b: Floette|Dazzling Gleam|p1a: Todoroki|[spread] \n|-activate|p1a: Todoroki|move: Wide Guard\n|-activate|p1b: KACCHAN|move: Wide Guard\n|\n|-weather|RainDance|[upkeep]\n|upkeep\n|turn|7\n|inactive|SoftwareSuckers has 30 seconds left.\n|\n|t:|1776614174\n|move|p2a: Maushold|Follow Me|p2a: Maushold\n|-singleturn|p2a: Maushold|move: Follow Me\n|move|p1b: KACCHAN|Hurricane|p2a: Maushold\n|-damage|p2a: Maushold|65/100\n|move|p1a: Todoroki|Parting Shot|p2a: Maushold\n|-unboost|p2a: Maushold|atk|1\n|-unboost|p2a: Maushold|spa|1\n|\n|t:|1776614186\n|switch|p1a: ALL MIGHT|Archaludon, L50, F|36/100|[from] Parting Shot\n|move|p2b: Floette|Draining Kiss|p1a: ALL MIGHT\n|-damage|p1a: ALL MIGHT|0 fnt\n|-heal|p2b: Floette|100/100|[from] drain|[of] p1a: ALL MIGHT\n|faint|p1a: ALL MIGHT\n|\n|-weather|none\n|upkeep\n|\n|t:|1776614197\n|switch|p1a: Todoroki|Incineroar, L50, F|31/100\n|-ability|p1a: Todoroki|Intimidate|boost\n|-unboost|p2a: Maushold|atk|1\n|-unboost|p2b: Floette|atk|1\n|turn|8\n|\n|t:|1776614206\n|switch|p1b: Deku-Chan|Feraligatr, L50, M, shiny|100/100\n|move|p2a: Maushold|Follow Me|p2a: Maushold\n|-singleturn|p2a: Maushold|move: Follow Me\n|move|p1a: Todoroki|Flare Blitz|p2a: Maushold\n|-damage|p2a: Maushold|9/100\n|-damage|p1a: Todoroki|13/100|[from] Recoil\n|move|p2b: Floette|Dazzling Gleam|p1a: Todoroki|[spread] p1a,p1b\n|-damage|p1a: Todoroki|0 fnt\n|-damage|p1b: Deku-Chan|17/100\n|faint|p1a: Todoroki\n|\n|-sideend|p1: SoftwareSuckers|move: Tailwind\n|upkeep\n|\n|t:|1776614227\n|switch|p1a: KACCHAN|Pelipper, L50, M, shiny|8/100\n|-weather|RainDance|[from] ability: Drizzle|[of] p1a: KACCHAN\n|turn|9\n|inactive|SoftwareSuckers has 30 seconds left.\n|inactive|SoftwareSuckers has 20 seconds left.\n|\n|t:|1776614264\n|move|p1a: KACCHAN|Wide Guard|p1a: KACCHAN\n|-singleturn|p1a: KACCHAN|Wide Guard\n|move|p2a: Maushold|Follow Me|p2a: Maushold\n|-singleturn|p2a: Maushold|move: Follow Me\n|move|p1b: Deku-Chan|Dragon Dance|p1b: Deku-Chan\n|-boost|p1b: Deku-Chan|atk|1\n|-boost|p1b: Deku-Chan|spe|1\n|move|p2b: Floette|Dazzling Gleam|p1b: Deku-Chan|[spread] \n|-activate|p1a: KACCHAN|move: Wide Guard\n|-activate|p1b: Deku-Chan|move: Wide Guard\n|\n|-weather|RainDance|[upkeep]\n|upkeep\n|turn|10\n|\n|t:|1776614283\n|move|p1b: Deku-Chan|Protect|p1b: Deku-Chan\n|-singleturn|p1b: Deku-Chan|Protect\n|move|p2a: Maushold|Follow Me|p2a: Maushold\n|-singleturn|p2a: Maushold|move: Follow Me\n|move|p1a: KACCHAN|Hurricane|p2a: Maushold\n|-damage|p2a: Maushold|0 fnt\n|faint|p2a: Maushold\n|move|p2b: Floette|Draining Kiss|p1b: Deku-Chan\n|-activate|p1b: Deku-Chan|move: Protect\n|\n|-weather|RainDance|[upkeep]\n|upkeep\n|turn|11\n|\n|t:|1776614300\n|detailschange|p1b: Deku-Chan|Feraligatr-Mega, L50, M, shiny\n|-mega|p1b: Deku-Chan|Feraligatr|Feraligite\n|move|p1b: Deku-Chan|Liquidation|p2b: Floette\n|-damage|p2b: Floette|0 fnt\n|faint|p2b: Floette\n|\n|win|SoftwareSuckers\n|raw|SoftwareSuckers's rating: 1072 &rarr; <strong>1104</strong><br />(+32 for winning)\n|raw|Mochatose's rating: 1107 &rarr; <strong>1079</strong><br />(-28 for losing)\n|l|\u2606Mochatose\n|player|p2|\n",
  "uploadtime": 1776614331,
  "views": 14,
  "formatid": "gen9championsvgc2026regma",
  "rating": 1079,
  "private": 0,
  "password": null
}