{
  "id": "gen9championsvgc2026regma-2587575998",
  "format": "[Gen 9 Champions] VGC 2026 Reg M-A",
  "players": [
    "eyevyeycecye",
    "thegraffe"
  ],
  "log": "|j|\u2606eyevyeycecye\n|j|\u2606thegraffe\n|t:|1776543682\n|gametype|doubles\n|player|p1|eyevyeycecye|170|1049\n|player|p2|thegraffe|norman|1000\n|gen|9\n|tier|[Gen 9 Champions] VGC 2026 Reg M-A\n|rated|\n|rule|Species Clause: Limit one of each Pok\u00e9mon\n|rule|Item Clause: Limit 1 of each item\n|clearpoke\n|poke|p1|Kangaskhan, L50, F|\n|poke|p1|Garchomp, L50, F|\n|poke|p1|Rotom-Heat, L50|\n|poke|p1|Aegislash, L50, F|\n|poke|p1|Samurott-Hisui, L50, F|\n|poke|p1|Aerodactyl, L50, F|\n|poke|p2|Whimsicott, L50, M|\n|poke|p2|Typhlosion-Hisui, L50, F|\n|poke|p2|Garchomp, L50, M|\n|poke|p2|Milotic, L50, M|\n|poke|p2|Froslass, L50, F|\n|poke|p2|Kangaskhan, L50, F|\n|teampreview|4\n|\n|t:|1776543729\n|teamsize|p1|4\n|teamsize|p2|4\n|start\n|switch|p1a: Kangaskhan|Kangaskhan, L50, F|100/100\n|switch|p1b: Samurott|Samurott-Hisui, L50, F|100/100\n|switch|p2a: Milotic|Milotic, L50, M|100/100\n|switch|p2b: Whimsicott|Whimsicott, L50, M|100/100\n|turn|1\n|\n|t:|1776543744\n|detailschange|p1a: Kangaskhan|Kangaskhan-Mega, L50, F\n|-mega|p1a: Kangaskhan|Kangaskhan|Kangaskhanite\n|move|p2b: Whimsicott|Protect|p2b: Whimsicott\n|-singleturn|p2b: Whimsicott|Protect\n|move|p1b: Samurott|Ceaseless Edge|p2a: Milotic|[miss]\n|-miss|p1b: Samurott|p2a: Milotic\n|move|p1a: Kangaskhan|Double-Edge|p2b: Whimsicott\n|-activate|p2b: Whimsicott|move: Protect\n|move|p2a: Milotic|Scald|p1a: Kangaskhan\n|-damage|p1a: Kangaskhan|77/100\n|\n|upkeep\n|turn|2\n|\n|t:|1776543760\n|switch|p1a: Aegislash|Aegislash, L50, F|100/100\n|move|p2b: Whimsicott|Tailwind|p2b: Whimsicott\n|-sidestart|p2: thegraffe|move: Tailwind\n|move|p2a: Milotic|Scald|p1a: Aegislash\n|-damage|p1a: Aegislash|78/100\n|-status|p1a: Aegislash|brn\n|move|p1b: Samurott|Ceaseless Edge|p2a: Milotic\n|-damage|p2a: Milotic|55/100\n|-sidestart|p2: thegraffe|Spikes\n|\n|-heal|p2a: Milotic|61/100|[from] item: Leftovers\n|-heal|p1a: Aegislash|84/100 brn|[from] item: Leftovers\n|-damage|p1a: Aegislash|78/100 brn|[from] brn\n|upkeep\n|turn|3\n|\n|t:|1776543796\n|move|p2b: Whimsicott|Dazzling Gleam|p1a: Aegislash|[spread] p1a,p1b\n|-resisted|p1a: Aegislash|1\n|-supereffective|p1b: Samurott|1\n|-damage|p1a: Aegislash|70/100 brn\n|-damage|p1b: Samurott|31/100\n|move|p2a: Milotic|Scald|p1a: Aegislash\n|-damage|p1a: Aegislash|47/100 brn\n|move|p1b: Samurott|Ceaseless Edge|p2a: Milotic\n|-damage|p2a: Milotic|12/100\n|-sidestart|p2: thegraffe|Spikes\n|-formechange|p1a: Aegislash|Aegislash-Blade|\n|move|p1a: Aegislash|Flash Cannon|p2b: Whimsicott\n|-supereffective|p2b: Whimsicott|1\n|-enditem|p2b: Whimsicott|Focus Sash\n|-damage|p2b: Whimsicott|1/100\n|\n|-heal|p2a: Milotic|18/100|[from] item: Leftovers\n|-heal|p1a: Aegislash|53/100 brn|[from] item: Leftovers\n|-damage|p1a: Aegislash|47/100 brn|[from] brn\n|upkeep\n|turn|4\n|\n|t:|1776543825\n|-formechange|p1a: Aegislash|Aegislash|\n|move|p1a: Aegislash|King's Shield|p1a: Aegislash\n|-singleturn|p1a: Aegislash|Protect\n|move|p1b: Samurott|Sucker Punch|p2b: Whimsicott\n|-resisted|p2b: Whimsicott|1\n|-damage|p2b: Whimsicott|0 fnt\n|faint|p2b: Whimsicott\n|move|p2a: Milotic|Recover|p2a: Milotic\n|-heal|p2a: Milotic|68/100\n|\n|-heal|p2a: Milotic|74/100|[from] item: Leftovers\n|-heal|p1a: Aegislash|53/100 brn|[from] item: Leftovers\n|-damage|p1a: Aegislash|47/100 brn|[from] brn\n|upkeep\n|\n|t:|1776543838\n|switch|p2b: Garchomp|Garchomp, L50, M|100/100\n|-damage|p2b: Garchomp|84/100|[from] Spikes\n|turn|5\n|\n|t:|1776543851\n|move|p1b: Samurott|Sucker Punch|p2a: Milotic\n|-damage|p2a: Milotic|39/100\n|move|p2b: Garchomp|Dragon Claw|p1b: Samurott\n|-damage|p1b: Samurott|0 fnt\n|faint|p1b: Samurott\n|move|p2a: Milotic|Scald|p1a: Aegislash\n|-damage|p1a: Aegislash|23/100 brn\n|-formechange|p1a: Aegislash|Aegislash-Blade|\n|move|p1a: Aegislash|Shadow Ball|p2b: Garchomp\n|-damage|p2b: Garchomp|40/100\n|\n|-heal|p2a: Milotic|45/100|[from] item: Leftovers\n|-heal|p1a: Aegislash|29/100 brn|[from] item: Leftovers\n|-damage|p1a: Aegislash|23/100 brn|[from] brn\n|-sideend|p2: thegraffe|move: Tailwind\n|upkeep\n|\n|t:|1776543860\n|switch|p1b: Kangaskhan|Kangaskhan-Mega, L50, F|77/100\n|turn|6\n|\n|t:|1776543873\n|move|p2b: Garchomp|Protect|p2b: Garchomp\n|-singleturn|p2b: Garchomp|Protect\n|move|p1b: Kangaskhan|Double-Edge|p2a: Milotic\n|-damage|p2a: Milotic|0 fnt\n|faint|p2a: Milotic\n|-hitcount|p2: Milotic|1\n|-damage|p1b: Kangaskhan|63/100|[from] Recoil\n|move|p1a: Aegislash|Shadow Ball|p2b: Garchomp\n|-activate|p2b: Garchomp|move: Protect\n|\n|-heal|p1a: Aegislash|29/100 brn|[from] item: Leftovers\n|-damage|p1a: Aegislash|23/100 brn|[from] brn\n|upkeep\n|\n|t:|1776543886\n|switch|p2a: Froslass|Froslass, L50, F|100/100\n|-damage|p2a: Froslass|84/100|[from] Spikes\n|turn|7\n|\n|t:|1776543908\n|detailschange|p2a: Froslass|Froslass-Mega, L50, F\n|-mega|p2a: Froslass|Froslass|Froslassite\n|-weather|Snowscape|[from] ability: Snow Warning|[of] p2a: Froslass\n|move|p2a: Froslass|Protect|p2a: Froslass\n|-singleturn|p2a: Froslass|Protect\n|move|p1b: Kangaskhan|Sucker Punch||[still]\n|-fail|p1b: Kangaskhan\n|move|p2b: Garchomp|Earthquake|p1a: Aegislash|[spread] p1a,p1b\n|-activate|p2a: Froslass|move: Protect\n|-supereffective|p1a: Aegislash|1\n|-damage|p1a: Aegislash|0 fnt\n|-damage|p1b: Kangaskhan|34/100\n|faint|p1a: Aegislash\n|\n|-weather|Snowscape|[upkeep]\n|upkeep\n|\n|t:|1776543914\n|switch|p1a: Garchomp|Garchomp, L50, F|100/100\n|turn|8\n|\n|t:|1776543934\n|move|p1b: Kangaskhan|Sucker Punch||[still]\n|-fail|p1b: Kangaskhan\n|move|p2a: Froslass|Aurora Veil|p2a: Froslass\n|-sidestart|p2: thegraffe|move: Aurora Veil\n|move|p1a: Garchomp|Rock Slide|p2a: Froslass|[spread] p2a\n|-miss|p1a: Garchomp|p2b: Garchomp\n|-supereffective|p2a: Froslass|1\n|-damage|p2a: Froslass|59/100\n|move|p2b: Garchomp|Dragon Claw|p1a: Garchomp\n|-supereffective|p1a: Garchomp|1\n|-damage|p1a: Garchomp|19/100\n|-damage|p2b: Garchomp|27/100|[from] ability: Rough Skin|[of] p1a: Garchomp\n|\n|-weather|Snowscape|[upkeep]\n|upkeep\n|turn|9\n|\n|t:|1776543955\n|move|p2a: Froslass|Protect|p2a: Froslass\n|-singleturn|p2a: Froslass|Protect\n|move|p1b: Kangaskhan|Sucker Punch||[still]\n|-fail|p1b: Kangaskhan\n|move|p1a: Garchomp|Stomping Tantrum|p2b: Garchomp\n|-damage|p2b: Garchomp|4/100\n|-damage|p1a: Garchomp|6/100|[from] ability: Rough Skin|[of] p2b: Garchomp\n|move|p2b: Garchomp|Earthquake|p1b: Kangaskhan|[spread] p1a,p1b\n|-activate|p2a: Froslass|move: Protect\n|-damage|p1a: Garchomp|0 fnt\n|-damage|p1b: Kangaskhan|6/100\n|faint|p1a: Garchomp\n|\n|-weather|Snowscape|[upkeep]\n|upkeep\n|turn|10\n|-message|eyevyeycecye forfeited.\n|\n|win|thegraffe\n|raw|eyevyeycecye's rating: 1049 &rarr; <strong>1029</strong><br />(-20 for losing)\n|raw|thegraffe's rating: 1000 &rarr; <strong>1046</strong><br />(+46 for winning)\n|l|\u2606eyevyeycecye\n|player|p1|\n",
  "uploadtime": 1776543976,
  "views": 20,
  "formatid": "gen9championsvgc2026regma",
  "rating": 1029,
  "private": 0,
  "password": null
}