{
  "id": "gen9championsvgc2026regma-2582821660",
  "format": "[Gen 9 Champions] VGC 2026 Reg M-A",
  "players": [
    "azukori",
    "Snog2273"
  ],
  "log": "|j|\u2606azukori\n|j|\u2606Snog2273\n|t:|1776116698\n|gametype|doubles\n|player|p1|azukori|hiker-gen4|1153\n|player|p2|Snog2273|scientist-gen4|1192\n|gen|9\n|tier|[Gen 9 Champions] VGC 2026 Reg M-A\n|rated|\n|rule|Species Clause: Limit one of each Pok\u00e9mon\n|rule|Item Clause: Limit 1 of each item\n|clearpoke\n|poke|p1|Scovillain, L50, M|\n|poke|p1|Sinistcha, L50|\n|poke|p1|Garchomp, L50, M|\n|poke|p1|Aerodactyl, L50, M|\n|poke|p1|Sneasler, L50, F|\n|poke|p1|Primarina, L50, F|\n|poke|p2|Heliolisk, L50, F|\n|poke|p2|Charizard, L50, F|\n|poke|p2|Garchomp, L50, F|\n|poke|p2|Vivillon, L50, F|\n|poke|p2|Aegislash, L50, M|\n|poke|p2|Sneasler, L50, M|\n|teampreview|4\n|inactive|Battle timer is ON: inactive players will automatically lose when time's up. (requested by Snog2273)\nSnog2273 has agreed to open team sheets.\n|inactive|azukori has 60 seconds left.\n|\n|t:|1776116733\n|teamsize|p1|4\n|teamsize|p2|4\n|start\n|switch|p1a: Scovillain|Scovillain, L50, M|100/100\n|switch|p1b: Primarina|Primarina, L50, F|100/100\n|switch|p2a: Charizard|Charizard, L50, F|100/100\n|switch|p2b: Aegislash|Aegislash, L50, M|100/100\n|turn|1\n|inactive|azukori has 30 seconds left.\n|inactive|Snog2273 has 30 seconds left.\n|inactive|azukori has 20 seconds left.\n|inactive|azukori has 15 seconds left.\n|inactive|azukori has 10 seconds left.\n|\n|t:|1776116782\n|detailschange|p1a: Scovillain|Scovillain-Mega, L50, M\n|-mega|p1a: Scovillain|Scovillain|Scovillainite\n|move|p2a: Charizard|Protect|p2a: Charizard\n|-singleturn|p2a: Charizard|Protect\n|move|p2b: Aegislash|King's Shield|p2b: Aegislash\n|-singleturn|p2b: Aegislash|Protect\n|move|p1a: Scovillain|Flamethrower|p2b: Aegislash\n|-activate|p2b: Aegislash|move: Protect\n|move|p1b: Primarina|Hyper Voice|p2a: Charizard|[spread] \n|-activate|p2a: Charizard|move: Protect\n|-activate|p2b: Aegislash|move: Protect\n|\n|upkeep\n|turn|2\n|\n|t:|1776116805\n|detailschange|p2a: Charizard|Charizard-Mega-Y, L50, F\n|-mega|p2a: Charizard|Charizard|Charizardite Y\n|-weather|SunnyDay|[from] ability: Drought|[of] p2a: Charizard\n|move|p2b: Aegislash|Wide Guard|p2b: Aegislash\n|-singleturn|p2b: Aegislash|Wide Guard\n|move|p2a: Charizard|Heat Wave|p1a: Scovillain|[spread] p1a,p1b\n|-resisted|p1b: Primarina|1\n|-crit|p1b: Primarina\n|-damage|p1a: Scovillain|25/100\n|-damage|p1b: Primarina|61/100\n|-immune|p2a: Charizard\n|move|p1a: Scovillain|Flamethrower|p2b: Aegislash\n|-supereffective|p2b: Aegislash|1\n|-damage|p2b: Aegislash|0 fnt\n|faint|p2b: Aegislash\n|move|p1b: Primarina|Hyper Voice|p2a: Charizard\n|-activate|p2a: Charizard|move: Wide Guard\n|\n|-weather|SunnyDay|[upkeep]\n|-heal|p1b: Primarina|67/100|[from] item: Leftovers\n|upkeep\n|\n|t:|1776116819\n|switch|p2b: Heliolisk|Heliolisk, L50, F|100/100\n|turn|3\n|\n|t:|1776116842\n|switch|p1a: Garchomp|Garchomp, L50, M|100/100\n|move|p1b: Primarina|Protect|p1b: Primarina\n|-singleturn|p1b: Primarina|Protect\n|move|p2b: Heliolisk|Shed Tail|p2b: Heliolisk\n|-start|p2b: Heliolisk|Substitute|[from] move: Shed Tail\n|-damage|p2b: Heliolisk|50/100\n|\n|t:|1776116848\n|switch|p2b: Sneasler|Sneasler, L50, M|100/100|[from] Shed Tail\n|move|p2a: Charizard|Heat Wave|p1b: Primarina|[spread] \n|-activate|p1b: Primarina|move: Protect\n|-miss|p2a: Charizard|p1a: Garchomp\n|\n|-weather|SunnyDay|[upkeep]\n|-heal|p1b: Primarina|73/100|[from] item: Leftovers\n|upkeep\n|turn|4\n|inactive|Snog2273 has 30 seconds left.\n|\n|t:|1776116878\n|switch|p2a: Heliolisk|Heliolisk, L50, F|50/100\n|move|p2b: Sneasler|Fake Out|p1b: Primarina\n|-damage|p1b: Primarina|56/100\n|move|p1a: Garchomp|Rock Slide|p2a: Heliolisk|[spread] p2a,p2b\n|-resisted|p2b: Sneasler|1\n|-activate|p2b: Sneasler|move: Substitute|[damage]\n|-damage|p2a: Heliolisk|13/100\n|cant|p1b: Primarina|flinch\n|\n|-weather|SunnyDay|[upkeep]\n|-damage|p2a: Heliolisk|1/100|[from] ability: Solar Power|[of] p2a: Heliolisk\n|-heal|p1b: Primarina|62/100|[from] item: Leftovers\n|upkeep\n|turn|5\n|inactive|azukori has 30 seconds left.\n|\n|t:|1776116906\n|move|p1b: Primarina|Protect|p1b: Primarina\n|-singleturn|p1b: Primarina|Protect\n|move|p2a: Heliolisk|Hyper Voice|p1b: Primarina|[spread] p1a\n|-activate|p1b: Primarina|move: Protect\n|-damage|p1a: Garchomp|47/100\n|move|p2b: Sneasler|Close Combat|p1a: Garchomp\n|-damage|p1a: Garchomp|0 fnt\n|-unboost|p2b: Sneasler|def|1\n|-unboost|p2b: Sneasler|spd|1\n|-damage|p2b: Sneasler|88/100|[from] ability: Rough Skin|[of] p1a: Garchomp\n|faint|p1a: Garchomp\n|-enditem|p2b: Sneasler|White Herb\n|-clearnegativeboost|p2b: Sneasler|[silent]\n|\n|-weather|SunnyDay|[upkeep]\n|-damage|p2a: Heliolisk|0 fnt|[from] ability: Solar Power|[of] p2a: Heliolisk\n|faint|p2a: Heliolisk\n|-heal|p1b: Primarina|68/100|[from] item: Leftovers\n|upkeep\n|\n|t:|1776116921\n|switch|p1a: Scovillain|Scovillain-Mega, L50, M|25/100\n|switch|p2a: Charizard|Charizard-Mega-Y, L50, F|100/100\n|turn|6\n|\n|t:|1776116930\n|move|p1a: Scovillain|Protect|p1a: Scovillain\n|-singleturn|p1a: Scovillain|Protect\n|move|p2b: Sneasler|Dire Claw|p1b: Primarina\n|-supereffective|p1b: Primarina|1\n|-damage|p1b: Primarina|0 fnt\n|faint|p1b: Primarina\n|move|p2a: Charizard|Heat Wave|p1a: Scovillain\n|-activate|p1a: Scovillain|move: Protect\n|\n|-weather|none\n|upkeep\n|\n|t:|1776116936\n|switch|p1b: Sinistcha|Sinistcha, L50|100/100\n|-heal|p1a: Scovillain|50/100|[from] ability: Hospitality|[of] p1b: Sinistcha\n|turn|7\n|\n|t:|1776116945\n|move|p2b: Sneasler|Protect|p2b: Sneasler\n|-singleturn|p2b: Sneasler|Protect\n|move|p2a: Charizard|Air Slash|p1a: Scovillain\n|-supereffective|p1a: Scovillain|1\n|-damage|p1a: Scovillain|0 fnt\n|-immune|p2a: Charizard\n|faint|p1a: Scovillain\n|move|p1b: Sinistcha|Shadow Ball|p2a: Charizard\n|-damage|p2a: Charizard|71/100\n|\n|upkeep\n|turn|8\n|-message|azukori forfeited.\n|\n|win|Snog2273\n|raw|azukori's rating: 1153 &rarr; <strong>1131</strong><br />(-22 for losing)\n|raw|Snog2273's rating: 1192 &rarr; <strong>1214</strong><br />(+22 for winning)\n|l|\u2606azukori\n|player|p1|\n",
  "uploadtime": 1776116953,
  "views": 17,
  "formatid": "gen9championsvgc2026regma",
  "rating": 1131,
  "private": 0,
  "password": null
}