{
  "id": "gen9championsvgc2026regma-2582907342",
  "format": "[Gen 9 Champions] VGC 2026 Reg M-A",
  "players": [
    "Alievew",
    "silvermagicianvgc"
  ],
  "log": "|j|\u2606Alievew\n|j|\u2606silvermagicianvgc\n|t:|1776123919\n|gametype|doubles\n|player|p1|Alievew|riley|1368\n|player|p2|silvermagicianvgc|silver|1443\n|gen|9\n|tier|[Gen 9 Champions] VGC 2026 Reg M-A\n|rated|\n|rule|Species Clause: Limit one of each Pok\u00e9mon\n|rule|Item Clause: Limit 1 of each item\n|clearpoke\n|poke|p1|Pelipper, L50, M|\n|poke|p1|Incineroar, L50, F|\n|poke|p1|Meganium, L50, F|\n|poke|p1|Basculegion, L50, M|\n|poke|p1|Sneasler, L50, F|\n|poke|p1|Archaludon, L50, M|\n|poke|p2|Floette-Eternal, L50, F|\n|poke|p2|Garchomp, L50, F|\n|poke|p2|Charizard, L50, M|\n|poke|p2|Incineroar, L50, M|\n|poke|p2|Sneasler, L50, F|\n|poke|p2|Sinistcha, L50|\n|teampreview|4\n|inactive|Battle timer is ON: inactive players will automatically lose when time's up. (requested by Alievew)\n|\n|t:|1776123947\n|teamsize|p1|4\n|teamsize|p2|4\n|start\n|switch|p1a: Basculegion|Basculegion, L50, M|100/100\n|switch|p1b: Meganium|Meganium, L50, F|100/100\n|switch|p2a: Sneasler|Sneasler, L50, F|100/100\n|switch|p2b: Floette|Floette-Eternal, L50, F, shiny|100/100\n|turn|1\n|inactive|silvermagicianvgc has 30 seconds left.\n|\n|t:|1776123975\n|move|p2b: Floette|Protect|p2b: Floette\n|-singleturn|p2b: Floette|Protect\n|move|p1b: Meganium|Protect|p1b: Meganium\n|-singleturn|p1b: Meganium|Protect\n|move|p1a: Basculegion|Wave Crash|p2a: Sneasler\n|-damage|p2a: Sneasler|0 fnt\n|faint|p2a: Sneasler\n|-damage|p1a: Basculegion|74/100|[from] Recoil\n|\n|upkeep\n|inactive|silvermagicianvgc has 30 seconds left.\n|\n|t:|1776124000\n|switch|p2a: Sinistcha|Sinistcha, L50|100/100\n|turn|2\n|\n|t:|1776124010\n|detailschange|p2b: Floette|Floette-Mega, L50, F, shiny\n|-mega|p2b: Floette|Floette|Floettite\n|-ability|p2b: Floette|Fairy Aura\n|detailschange|p1b: Meganium|Meganium-Mega, L50, F\n|-mega|p1b: Meganium|Meganium|Meganiumite\n|move|p2a: Sinistcha|Rage Powder|p2a: Sinistcha\n|-singleturn|p2a: Sinistcha|move: Rage Powder\n|move|p1a: Basculegion|Wave Crash|p2a: Sinistcha\n|-resisted|p2a: Sinistcha|1\n|-damage|p2a: Sinistcha|65/100\n|-damage|p1a: Basculegion|64/100|[from] Recoil\n|move|p2b: Floette|Calm Mind|p2b: Floette\n|-boost|p2b: Floette|spa|1\n|-boost|p2b: Floette|spd|1\n|move|p1b: Meganium|Weather Ball|p2a: Sinistcha\n|-supereffective|p2a: Sinistcha|1\n|-damage|p2a: Sinistcha|0 fnt\n|faint|p2a: Sinistcha\n|\n|upkeep\n|inactive|silvermagicianvgc has 30 seconds left.\n|\n|t:|1776124036\n|switch|p2a: Garchomp|Garchomp, L50, F|100/100\n|turn|3\n|\n|t:|1776124045\n|switch|p1b: Pelipper|Pelipper, L50, M|100/100\n|-weather|RainDance|[from] ability: Drizzle|[of] p1b: Pelipper\n|move|p2a: Garchomp|Rock Slide|p1a: Basculegion|[spread] p1a,p1b\n|-supereffective|p1b: Pelipper|1\n|-damage|p1a: Basculegion|37/100\n|-damage|p1b: Pelipper|69/100\n|cant|p1a: Basculegion|flinch\n|move|p2b: Floette|Dazzling Gleam|p1a: Basculegion|[spread] p1a,p1b\n|-damage|p1a: Basculegion|0 fnt\n|-damage|p1b: Pelipper|0 fnt\n|faint|p1a: Basculegion\n|faint|p1b: Pelipper\n|\n|-weather|RainDance|[upkeep]\n|upkeep\n|\n|t:|1776124057\n|switch|p1a: Archaludon|Archaludon, L50, M|100/100\n|switch|p1b: Meganium|Meganium-Mega, L50, F|100/100\n|turn|4\n|\n|t:|1776124065\n|move|p1a: Archaludon|Protect|p1a: Archaludon\n|-singleturn|p1a: Archaludon|Protect\n|move|p2a: Garchomp|Rock Slide|p1b: Meganium|[spread] p1b\n|-activate|p1a: Archaludon|move: Protect\n|-damage|p1b: Meganium|84/100\n|move|p2b: Floette|Dazzling Gleam|p1b: Meganium|[spread] p1b\n|-activate|p1a: Archaludon|move: Protect\n|-damage|p1b: Meganium|26/100\n|cant|p1b: Meganium|flinch\n|\n|-weather|RainDance|[upkeep]\n|upkeep\n|turn|5\n|\n|t:|1776124078\n|move|p2a: Garchomp|Rock Slide|p1b: Meganium|[spread] p1a,p1b\n|-resisted|p1a: Archaludon|1\n|-damage|p1a: Archaludon|93/100\n|-damage|p1b: Meganium|7/100\n|-ability|p1a: Archaludon|Stamina|boost\n|-boost|p1a: Archaludon|def|1\n|move|p2b: Floette|Dazzling Gleam|p1a: Archaludon|[spread] p1a,p1b\n|-damage|p1a: Archaludon|2/100\n|-damage|p1b: Meganium|0 fnt\n|-ability|p1a: Archaludon|Stamina|boost\n|-boost|p1a: Archaludon|def|1\n|faint|p1b: Meganium\n|cant|p1a: Archaludon|flinch\n|\n|-weather|RainDance|[upkeep]\n|-heal|p1a: Archaludon|8/100|[from] item: Leftovers\n|upkeep\n|turn|6\n|-message|Alievew forfeited.\n|\n|win|silvermagicianvgc\n|raw|Alievew's rating: 1368 &rarr; <strong>1352</strong><br />(-16 for losing)\n|raw|silvermagicianvgc's rating: 1443 &rarr; <strong>1459</strong><br />(+16 for winning)\n|l|\u2606Alievew\n|player|p1|\n|l|\u2606silvermagicianvgc\n|player|p2|\n",
  "uploadtime": 1776124104,
  "views": 23,
  "formatid": "gen9championsvgc2026regma",
  "rating": 1352,
  "private": 0,
  "password": null
}