{
  "id": "gen9championsvgc2026regma-2582825927",
  "format": "[Gen 9 Champions] VGC 2026 Reg M-A",
  "players": [
    "kkaitanggky",
    "lakeandbake"
  ],
  "log": "|j|\u2606kkaitanggky\n|j|\u203dlakeandbake\n|t:|1776117027\n|gametype|doubles\n|player|p1|kkaitanggky|giovanni|1070\n|player|p2|lakeandbake|iono-masters|1155\n|gen|9\n|tier|[Gen 9 Champions] VGC 2026 Reg M-A\n|rated|\n|rule|Species Clause: Limit one of each Pok\u00e9mon\n|rule|Item Clause: Limit 1 of each item\n|clearpoke\n|poke|p1|Meganium, L50, M|\n|poke|p1|Archaludon, L50, F|\n|poke|p1|Incineroar, L50, F|\n|poke|p1|Basculegion, L50, M|\n|poke|p1|Sinistcha, L50|\n|poke|p1|Politoed, L50, F|\n|poke|p2|Aerodactyl, L50, F|\n|poke|p2|Rotom-Wash, L50|\n|poke|p2|Sneasler, L50, M|\n|poke|p2|Incineroar, L50, M|\n|poke|p2|Garchomp, L50, M|\n|poke|p2|Floette-Eternal, L50, F|\n|teampreview|4\n|inactive|Battle timer is ON: inactive players will automatically lose when time's up. (requested by lakeandbake)\n|\n|t:|1776117057\n|teamsize|p1|4\n|teamsize|p2|4\n|start\n|switch|p1a: Meganium|Meganium, L50, M|100/100\n|switch|p1b: Politoed|Politoed, L50, F|100/100\n|switch|p2a: Rotom|Rotom-Wash, L50|100/100\n|switch|p2b: Sneasler|Sneasler, L50, M|100/100\n|-weather|RainDance|[from] ability: Drizzle|[of] p1b: Politoed\n|turn|1\n|\n|t:|1776117077\n|move|p1a: Meganium|Protect|p1a: Meganium\n|-singleturn|p1a: Meganium|Protect\n|move|p2b: Sneasler|Dire Claw|p1a: Meganium\n|-activate|p1a: Meganium|move: Protect\n|move|p2a: Rotom|Thunderbolt|p1b: Politoed\n|-supereffective|p1b: Politoed|1\n|-damage|p1b: Politoed|37/100\n|move|p1b: Politoed|Encore|p2b: Sneasler\n|-start|p2b: Sneasler|Encore\n|\n|-weather|RainDance|[upkeep]\n|-heal|p1b: Politoed|43/100|[from] item: Leftovers\n|upkeep\n|turn|2\n|inactive|kkaitanggky has 30 seconds left.\n|inactive|kkaitanggky has 20 seconds left.\n|inactive|kkaitanggky has 15 seconds left.\n|\n|t:|1776117121\n|switch|p2b: Aerodactyl|Aerodactyl, L50, F|100/100\n|-ability|p2b: Aerodactyl|Pressure\n|switch|p1a: Basculegion|Basculegion, L50, M|100/100\n|move|p1b: Politoed|Protect|p1b: Politoed\n|-singleturn|p1b: Politoed|Protect\n|move|p2a: Rotom|Thunderbolt|p1b: Politoed\n|-activate|p1b: Politoed|move: Protect\n|\n|-weather|RainDance|[upkeep]\n|-heal|p1b: Politoed|49/100|[from] item: Leftovers\n|upkeep\n|turn|3\n|\n|t:|1776117142\n|switch|p1b: Meganium|Meganium, L50, M|100/100\n|move|p2b: Aerodactyl|Protect|p2b: Aerodactyl\n|-singleturn|p2b: Aerodactyl|Protect\n|move|p1a: Basculegion|Flip Turn|p2b: Aerodactyl\n|-activate|p2b: Aerodactyl|move: Protect\n|move|p2a: Rotom|Will-O-Wisp|p1a: Basculegion|[miss]\n|-miss|p2a: Rotom|p1a: Basculegion\n|\n|-weather|RainDance|[upkeep]\n|upkeep\n|turn|4\n|\n|t:|1776117162\n|detailschange|p1b: Meganium|Meganium-Mega, L50, M\n|-mega|p1b: Meganium|Meganium|Meganiumite\n|move|p1a: Basculegion|Flip Turn|p2b: Aerodactyl\n|-supereffective|p2b: Aerodactyl|1\n|-enditem|p2b: Aerodactyl|Focus Sash\n|-damage|p2b: Aerodactyl|1/100\n|\n|t:|1776117170\n|switch|p1a: Sinistcha|Sinistcha, L50|100/100|[from] Flip Turn\n|move|p2b: Aerodactyl|Tailwind|p2b: Aerodactyl\n|-sidestart|p2: lakeandbake|move: Tailwind\n|move|p2a: Rotom|Thunderbolt|p1a: Sinistcha\n|-resisted|p1a: Sinistcha|1\n|-damage|p1a: Sinistcha|81/100\n|-status|p1a: Sinistcha|par\n|move|p1b: Meganium|Solar Beam||[still]\n|-prepare|p1b: Meganium|Solar Beam\n|-activate|p1b: Meganium|ability: Mega Sol\n|-anim|p1b: Meganium|Solar Beam|p2a: Rotom\n|-supereffective|p2a: Rotom|1\n|-damage|p2a: Rotom|0 fnt\n|faint|p2a: Rotom\n|\n|-weather|RainDance|[upkeep]\n|upkeep\n|\n|t:|1776117185\n|switch|p2a: Floette|Floette-Eternal, L50, F|100/100\n|turn|5\n|\n|t:|1776117195\n|detailschange|p2a: Floette|Floette-Mega, L50, F\n|-mega|p2a: Floette|Floette|Floettite\n|-ability|p2a: Floette|Fairy Aura\n|move|p1a: Sinistcha|Rage Powder|p1a: Sinistcha\n|-singleturn|p1a: Sinistcha|move: Rage Powder\n|move|p2b: Aerodactyl|Rock Slide|p1b: Meganium|[spread] p1b\n|-miss|p2b: Aerodactyl|p1a: Sinistcha\n|-damage|p1b: Meganium|81/100\n|move|p2a: Floette|Calm Mind|p2a: Floette\n|-boost|p2a: Floette|spa|1\n|-boost|p2a: Floette|spd|1\n|move|p1b: Meganium|Weather Ball|p2a: Floette\n|-damage|p2a: Floette|71/100\n|\n|-weather|none\n|upkeep\n|turn|6\n|inactive|kkaitanggky has 30 seconds left.\n|\n|t:|1776117223\n|switch|p1a: Politoed|Politoed, L50, F|49/100\n|-weather|RainDance|[from] ability: Drizzle|[of] p1a: Politoed\n|move|p1b: Meganium|Protect|p1b: Meganium\n|-singleturn|p1b: Meganium|Protect\n|move|p2b: Aerodactyl|Dual Wingbeat|p1b: Meganium\n|-activate|p1b: Meganium|move: Protect\n|move|p2a: Floette|Calm Mind|p2a: Floette\n|-boost|p2a: Floette|spa|1\n|-boost|p2a: Floette|spd|1\n|\n|-weather|RainDance|[upkeep]\n|-heal|p1a: Politoed|55/100|[from] item: Leftovers\n|upkeep\n|turn|7\n|\n|t:|1776117245\n|switch|p1a: Basculegion|Basculegion, L50, M|100/100\n|move|p2b: Aerodactyl|Rock Slide|p1b: Meganium|[spread] p1a,p1b\n|-damage|p1a: Basculegion|71/100\n|-damage|p1b: Meganium|59/100\n|move|p2a: Floette|Draining Kiss|p1b: Meganium\n|-damage|p1b: Meganium|0 fnt\n|-heal|p2a: Floette|100/100|[from] drain|[of] p1b: Meganium\n|faint|p1b: Meganium\n|\n|-weather|RainDance|[upkeep]\n|-sideend|p2: lakeandbake|move: Tailwind\n|upkeep\n|\n|t:|1776117257\n|switch|p1b: Sinistcha|Sinistcha, L50|81/100 par\n|-heal|p1a: Basculegion|96/100|[from] ability: Hospitality|[of] p1b: Sinistcha\n|turn|8\n|\n|t:|1776117279\n|move|p2a: Floette|Protect|p2a: Floette\n|-singleturn|p2a: Floette|Protect\n|move|p1a: Basculegion|Wave Crash|p2a: Floette\n|-activate|p2a: Floette|move: Protect\n|move|p2b: Aerodactyl|Tailwind|p2b: Aerodactyl\n|-sidestart|p2: lakeandbake|move: Tailwind\n|cant|p1b: Sinistcha|par\n|\n|-weather|RainDance|[upkeep]\n|upkeep\n|turn|9\n|inactive|lakeandbake has 30 seconds left.\n|inactive|lakeandbake has 20 seconds left.\n|\n|t:|1776117318\n|move|p1b: Sinistcha|Rage Powder|p1b: Sinistcha\n|-singleturn|p1b: Sinistcha|move: Rage Powder\n|move|p2b: Aerodactyl|Dual Wingbeat|p1b: Sinistcha\n|-supereffective|p1b: Sinistcha|1\n|-damage|p1b: Sinistcha|54/100 par\n|-supereffective|p1b: Sinistcha|1\n|-damage|p1b: Sinistcha|24/100 par\n|-enditem|p1b: Sinistcha|Sitrus Berry|[eat]\n|-heal|p1b: Sinistcha|49/100 par|[from] item: Sitrus Berry\n|-hitcount|p1b: Sinistcha|2\n|move|p2a: Floette|Draining Kiss|p1b: Sinistcha\n|-damage|p1b: Sinistcha|0 fnt\n|faint|p1b: Sinistcha\n|move|p1a: Basculegion|Wave Crash|p2a: Floette\n|-damage|p2a: Floette|0 fnt\n|faint|p2a: Floette\n|-damage|p1a: Basculegion|66/100|[from] Recoil\n|\n|-weather|RainDance|[upkeep]\n|upkeep\n|\n|t:|1776117333\n|switch|p2a: Sneasler|Sneasler, L50, M|100/100\n|switch|p1b: Politoed|Politoed, L50, F|55/100\n|turn|10\n|\n|t:|1776117344\n|move|p2a: Sneasler|Fake Out|p1b: Politoed\n|-damage|p1b: Politoed|44/100\n|move|p2b: Aerodactyl|Dual Wingbeat|p1a: Basculegion\n|-damage|p1a: Basculegion|45/100\n|-damage|p1a: Basculegion|21/100\n|-hitcount|p1a: Basculegion|2\n|move|p1a: Basculegion|Wave Crash|p2a: Sneasler\n|-crit|p2a: Sneasler\n|-damage|p2a: Sneasler|0 fnt\n|faint|p2a: Sneasler\n|-damage|p1a: Basculegion|0 fnt|[from] Recoil\n|faint|p1a: Basculegion\n|cant|p1b: Politoed|flinch\n|\n|-weather|none\n|-heal|p1b: Politoed|50/100|[from] item: Leftovers\n|upkeep\n|turn|11\n|\n|t:|1776117361\n|move|p2b: Aerodactyl|Protect|p2b: Aerodactyl\n|-singleturn|p2b: Aerodactyl|Protect\n|move|p1b: Politoed|Protect||[still]\n|-fail|p1b: Politoed\n|\n|-heal|p1b: Politoed|56/100|[from] item: Leftovers\n|-sideend|p2: lakeandbake|move: Tailwind\n|upkeep\n|turn|12\n|inactive|kkaitanggky has 30 seconds left.\n|\n|t:|1776117394\n|move|p2b: Aerodactyl|Rock Slide|p1b: Politoed|[miss]\n|-miss|p2b: Aerodactyl|p1b: Politoed\n|move|p1b: Politoed|Weather Ball|p2b: Aerodactyl\n|-resisted|p2b: Aerodactyl|1\n|-damage|p2b: Aerodactyl|0 fnt\n|faint|p2b: Aerodactyl\n|\n|win|kkaitanggky\n|raw|kkaitanggky's rating: 1070 &rarr; <strong>1107</strong><br />(+37 for winning)\n|raw|lakeandbake's rating: 1155 &rarr; <strong>1124</strong><br />(-31 for losing)\n",
  "uploadtime": 1776117394,
  "views": 15,
  "formatid": "gen9championsvgc2026regma",
  "rating": 1107,
  "private": 0,
  "password": null
}