{
  "id": "gen9championsvgc2026regma-2588480373",
  "format": "[Gen 9 Champions] VGC 2026 Reg M-A",
  "players": [
    "sluggopeej",
    "clickformoreinfos"
  ],
  "log": "|j|\u2606sluggopeej\n|j|\u2606clickformoreinfos\n|t:|1776637308\n|gametype|doubles\n|player|p1|sluggopeej|170|1503\n|player|p2|clickformoreinfos|medium|1485\n|gen|9\n|tier|[Gen 9 Champions] VGC 2026 Reg M-A\n|rated|\n|rule|Species Clause: Limit one of each Pok\u00e9mon\n|rule|Item Clause: Limit 1 of each item\n|clearpoke\n|poke|p1|Meganium, L50, F|\n|poke|p1|Milotic, L50, M|\n|poke|p1|Kangaskhan, L50, F|\n|poke|p1|Aerodactyl, L50, M|\n|poke|p1|Sneasler, L50, M|\n|poke|p1|Typhlosion-Hisui, L50, F|\n|poke|p2|Mudsdale, L50, M|\n|poke|p2|Delphox, L50, F|\n|poke|p2|Rotom-Wash, L50|\n|poke|p2|Sneasler, L50, M|\n|poke|p2|Dragonite, L50, F|\n|poke|p2|Whimsicott, L50, F|\n|teampreview|4\n|inactive|Battle timer is ON: inactive players will automatically lose when time's up. (requested by clickformoreinfos)\n|inactive|sluggopeej has 60 seconds left.\n|inactive|clickformoreinfos has 60 seconds left.\n|\n|t:|1776637364\n|teamsize|p1|4\n|teamsize|p2|4\n|start\n|switch|p1a: Aerodactyl|Aerodactyl, L50, M|100/100\n|switch|p1b: Meganium|Meganium, L50, F|100/100\n|switch|p2a: Rotom|Rotom-Wash, L50|100/100\n|switch|p2b: Mudsdale|Mudsdale, L50, M|100/100\n|-ability|p1a: Aerodactyl|Unnerve\n|turn|1\n|\n|t:|1776637380\n|switch|p2b: Sneasler|Sneasler, L50, M|100/100\n|detailschange|p1b: Meganium|Meganium-Mega, L50, F\n|-mega|p1b: Meganium|Meganium|Meganiumite\n|move|p2a: Rotom|Volt Switch|p1a: Aerodactyl\n|-supereffective|p1a: Aerodactyl|1\n|-damage|p1a: Aerodactyl|13/100\n|\n|t:|1776637395\n|switch|p2a: Delphox|Delphox, L50, F|100/100|[from] Volt Switch\n|move|p1a: Aerodactyl|Tailwind|p1a: Aerodactyl\n|-sidestart|p1: sluggopeej|move: Tailwind\n|move|p1b: Meganium|Solar Beam||[still]\n|-prepare|p1b: Meganium|Solar Beam\n|-activate|p1b: Meganium|ability: Mega Sol\n|-anim|p1b: Meganium|Solar Beam|p2a: Delphox\n|-resisted|p2a: Delphox|1\n|-damage|p2a: Delphox|60/100\n|\n|upkeep\n|turn|2\n|inactive|clickformoreinfos has 30 seconds left.\n|\n|t:|1776637422\n|switch|p1b: Milotic|Milotic, L50, M|100/100\n|detailschange|p2a: Delphox|Delphox-Mega, L50, F\n|-mega|p2a: Delphox|Delphox|Delphoxite\n|move|p1a: Aerodactyl|Protect|p1a: Aerodactyl\n|-singleturn|p1a: Aerodactyl|Protect\n|move|p2b: Sneasler|Fake Out|p1a: Aerodactyl\n|-activate|p1a: Aerodactyl|move: Protect\n|move|p2a: Delphox|Heat Wave|p1b: Milotic|[spread] p1b\n|-activate|p1a: Aerodactyl|move: Protect\n|-resisted|p1b: Milotic|1\n|-crit|p1b: Milotic\n|-damage|p1b: Milotic|80/100\n|\n|-heal|p1b: Milotic|86/100|[from] item: Leftovers\n|upkeep\n|turn|3\n|\n|t:|1776637440\n|switch|p2b: Mudsdale|Mudsdale, L50, M|100/100\n|move|p2a: Delphox|Protect|p2a: Delphox\n|-singleturn|p2a: Delphox|Protect\n|move|p1a: Aerodactyl|Dual Wingbeat|p2b: Mudsdale\n|-damage|p2b: Mudsdale|85/100\n|-damage|p2b: Mudsdale|68/100\n|-hitcount|p2b: Mudsdale|2\n|move|p1b: Milotic|Muddy Water|p2b: Mudsdale|[spread] p2b\n|-activate|p2a: Delphox|move: Protect\n|-supereffective|p2b: Mudsdale|1\n|-damage|p2b: Mudsdale|16/100\n|\n|-heal|p1b: Milotic|92/100|[from] item: Leftovers\n|upkeep\n|turn|4\n|\n|t:|1776637463\n|switch|p2a: Rotom|Rotom-Wash, L50|100/100\n|move|p2b: Mudsdale|Protect|p2b: Mudsdale\n|-singleturn|p2b: Mudsdale|Protect\n|move|p1a: Aerodactyl|Rock Slide|p2b: Mudsdale|[spread] \n|-activate|p2b: Mudsdale|move: Protect\n|-miss|p1a: Aerodactyl|p2a: Rotom\n|move|p1b: Milotic|Coil|p1b: Milotic\n|-boost|p1b: Milotic|atk|1\n|-boost|p1b: Milotic|def|1\n|-boost|p1b: Milotic|accuracy|1\n|\n|-heal|p1b: Milotic|98/100|[from] item: Leftovers\n|-sideend|p1: sluggopeej|move: Tailwind\n|upkeep\n|turn|5\n|\n|t:|1776637478\n|switch|p1a: Meganium|Meganium-Mega, L50, F|100/100\n|move|p2a: Rotom|Discharge|p1a: Meganium|[spread] p1a,p1b\n|-immune|p2b: Mudsdale\n|-resisted|p1a: Meganium|1\n|-supereffective|p1b: Milotic|1\n|-damage|p1a: Meganium|88/100\n|-damage|p1b: Milotic|65/100\n|move|p1b: Milotic|Hypnosis|p2a: Rotom\n|-status|p2a: Rotom|slp|[from] move: Hypnosis\n|move|p2b: Mudsdale|Earthquake|p1b: Milotic|[spread] p1a,p1b\n|-immune|p2a: Rotom|[from] ability: Levitate\n|-resisted|p1a: Meganium|1\n|-damage|p1a: Meganium|69/100\n|-damage|p1b: Milotic|36/100\n|\n|-heal|p1b: Milotic|42/100|[from] item: Leftovers\n|upkeep\n|turn|6\n|\n|t:|1776637496\n|cant|p2a: Rotom|slp\n|move|p1a: Meganium|Solar Beam||[still]\n|-prepare|p1a: Meganium|Solar Beam\n|-activate|p1a: Meganium|ability: Mega Sol\n|-anim|p1a: Meganium|Solar Beam|p2a: Rotom\n|-supereffective|p2a: Rotom|1\n|-damage|p2a: Rotom|0 fnt\n|faint|p2a: Rotom\n|move|p1b: Milotic|Muddy Water|p2b: Mudsdale\n|-supereffective|p2b: Mudsdale|1\n|-damage|p2b: Mudsdale|0 fnt\n|faint|p2b: Mudsdale\n|\n|-heal|p1b: Milotic|48/100|[from] item: Leftovers\n|upkeep\n|\n|t:|1776637498\n|switch|p2a: Delphox|Delphox-Mega, L50, F|60/100\n|switch|p2b: Sneasler|Sneasler, L50, M|100/100\n|turn|7\n|\n|t:|1776637505\n|move|p1a: Meganium|Protect|p1a: Meganium\n|-singleturn|p1a: Meganium|Protect\n|move|p2b: Sneasler|Fake Out|p1b: Milotic\n|-damage|p1b: Milotic|38/100\n|move|p2a: Delphox|Nasty Plot|p2a: Delphox\n|-boost|p2a: Delphox|spa|2\n|cant|p1b: Milotic|flinch\n|\n|-heal|p1b: Milotic|44/100|[from] item: Leftovers\n|upkeep\n|turn|8\n|\n|t:|1776637520\n|move|p2a: Delphox|Heat Wave|p1b: Milotic|[spread] p1a,p1b\n|-supereffective|p1a: Meganium|1\n|-resisted|p1b: Milotic|1\n|-damage|p1a: Meganium|0 fnt\n|-damage|p1b: Milotic|18/100\n|faint|p1a: Meganium\n|move|p2b: Sneasler|Dire Claw|p1b: Milotic\n|-damage|p1b: Milotic|0 fnt\n|faint|p1b: Milotic\n|\n|upkeep\n|\n|t:|1776637524\n|switch|p1a: Typhlosion|Typhlosion-Hisui, L50, F|100/100\n|switch|p1b: Aerodactyl|Aerodactyl, L50, M|13/100\n|-ability|p1b: Aerodactyl|Unnerve\n|-item|p2a: Delphox|Delphoxite|[from] ability: Frisk|[of] p1a: Typhlosion\n|-item|p2b: Sneasler|White Herb|[from] ability: Frisk|[of] p1a: Typhlosion\n|turn|9\n|\n|t:|1776637536\n|move|p1a: Typhlosion|Shadow Ball|p2a: Delphox\n|-supereffective|p2a: Delphox|1\n|-damage|p2a: Delphox|0 fnt\n|faint|p2a: Delphox\n|move|p1b: Aerodactyl|Dual Wingbeat|p2b: Sneasler\n|-supereffective|p2b: Sneasler|1\n|-damage|p2b: Sneasler|33/100\n|-supereffective|p2b: Sneasler|1\n|-crit|p2b: Sneasler\n|-damage|p2b: Sneasler|0 fnt\n|faint|p2b: Sneasler\n|-hitcount|p2: Sneasler|2\n|\n|win|sluggopeej\n|raw|sluggopeej's rating: 1503 &rarr; <strong>1522</strong><br />(+19 for winning)\n|raw|clickformoreinfos's rating: 1485 &rarr; <strong>1466</strong><br />(-19 for losing)\n|l|\u2606clickformoreinfos\n|player|p2|\n|l|\u2606sluggopeej\n|player|p1|\n",
  "uploadtime": 1776638533,
  "views": 13,
  "formatid": "gen9championsvgc2026regma",
  "rating": 1466,
  "private": 0,
  "password": null
}