{
  "id": "gen9championsvgc2026regma-2582806077",
  "format": "[Gen 9 Champions] VGC 2026 Reg M-A",
  "players": [
    "w larping",
    "Pegassin"
  ],
  "log": "|j|\u2606w larping\n|j|\u203dPegassin\n|t:|1776115514\n|gametype|doubles\n|player|p1|w larping|101|1041\n|player|p2|Pegassin|170|1131\n|gen|9\n|tier|[Gen 9 Champions] VGC 2026 Reg M-A\n|rated|\n|rule|Species Clause: Limit one of each Pok\u00e9mon\n|rule|Item Clause: Limit 1 of each item\n|clearpoke\n|poke|p1|Politoed, L50, F|\n|poke|p1|Dragonite, L50, F|\n|poke|p1|Basculegion, L50, M|\n|poke|p1|Tauros-Paldea-Aqua, L50, M|\n|poke|p1|Aggron, L50, F|\n|poke|p1|Pinsir, L50, M|\n|poke|p2|Pelipper, L50, M|\n|poke|p2|Dragonite, L50, F|\n|poke|p2|Archaludon, L50, M|\n|poke|p2|Sneasler, L50, M|\n|poke|p2|Basculegion, L50, M|\n|poke|p2|Glimmora, L50, M|\n|teampreview|4\n|inactive|Battle timer is ON: inactive players will automatically lose when time's up. (requested by Pegassin)\nPegassin rejected open team sheets.\n|\n|t:|1776115557\n|teamsize|p1|4\n|teamsize|p2|4\n|start\n|switch|p1a: Tauros|Tauros-Paldea-Aqua, L50, M|100/100\n|switch|p1b: Dragonite|Dragonite, L50, F|100/100\n|switch|p2a: Pelipper|Pelipper, L50, M|100/100\n|switch|p2b: Archaludon|Archaludon, L50, M|100/100\n|-weather|RainDance|[from] ability: Drizzle|[of] p2a: Pelipper\n|-ability|p1a: Tauros|Intimidate|boost\n|-unboost|p2a: Pelipper|atk|1\n|-unboost|p2b: Archaludon|atk|1\n|-enditem|p2b: Archaludon|White Herb\n|-clearnegativeboost|p2b: Archaludon|[silent]\n|turn|1\n|inactive|w larping has 30 seconds left.\n|inactive|Pegassin has 30 seconds left.\n|\n|t:|1776115591\n|move|p2a: Pelipper|U-turn|p2b: Archaludon\n|-resisted|p2b: Archaludon|1\n|-damage|p2b: Archaludon|98/100\n|-ability|p2b: Archaludon|Stamina|boost\n|-boost|p2b: Archaludon|def|1\n|\n|t:|1776115611\n|switch|p2a: Dragonite|Dragonite, L50, F, shiny|100/100|[from] U-turn\n|move|p1a: Tauros|Close Combat|p2b: Archaludon\n|-supereffective|p2b: Archaludon|1\n|-damage|p2b: Archaludon|36/100\n|-unboost|p1a: Tauros|def|1\n|-unboost|p1a: Tauros|spd|1\n|-ability|p2b: Archaludon|Stamina|boost\n|-boost|p2b: Archaludon|def|1\n|-enditem|p1a: Tauros|White Herb\n|-clearnegativeboost|p1a: Tauros|[silent]\n|move|p2b: Archaludon|Electro Shot||[still]\n|-prepare|p2b: Archaludon|Electro Shot\n|-boost|p2b: Archaludon|spa|1\n|-anim|p2b: Archaludon|Electro Shot|p1a: Tauros\n|-supereffective|p1a: Tauros|1\n|-damage|p1a: Tauros|0 fnt\n|faint|p1a: Tauros\n|move|p1b: Dragonite|Thunder|p2a: Dragonite\n|-damage|p2a: Dragonite|84/100\n|\n|-weather|RainDance|[upkeep]\n|upkeep\n|\n|t:|1776115634\n|switch|p1a: Basculegion|Basculegion, L50, M|100/100\n|turn|2\n|inactive|w larping has 30 seconds left.\n|inactive|Pegassin has 30 seconds left.\n|\n|t:|1776115662\n|detailschange|p1b: Dragonite|Dragonite-Mega, L50, F\n|-mega|p1b: Dragonite|Dragonite|Dragoninite\n|detailschange|p2a: Dragonite|Dragonite-Mega, L50, F, shiny\n|-mega|p2a: Dragonite|Dragonite|Dragoninite\n|move|p1a: Basculegion|Head Smash|p2a: Dragonite\n|-supereffective|p2a: Dragonite|1\n|-damage|p2a: Dragonite|13/100\n|-damage|p1a: Basculegion|64/100|[from] Recoil\n|move|p1b: Dragonite|Draco Meteor|p2b: Archaludon\n|-damage|p2b: Archaludon|0 fnt\n|-unboost|p1b: Dragonite|spa|2\n|faint|p2b: Archaludon\n|move|p2a: Dragonite|Tailwind|p2a: Dragonite\n|-sidestart|p2: Pegassin|move: Tailwind\n|\n|-weather|RainDance|[upkeep]\n|upkeep\n|\n|t:|1776115674\n|switch|p2b: Pelipper|Pelipper, L50, M|100/100\n|turn|3\n|\n|t:|1776115689\n|move|p1b: Dragonite|Extreme Speed|p2a: Dragonite\n|-damage|p2a: Dragonite|0 fnt\n|faint|p2a: Dragonite\n|move|p2b: Pelipper|Icy Wind|p1a: Basculegion|[spread] p1a,p1b\n|-resisted|p1a: Basculegion|1\n|-supereffective|p1b: Dragonite|2\n|-damage|p1a: Basculegion|56/100\n|-damage|p1b: Dragonite|77/100\n|-unboost|p1a: Basculegion|spe|1\n|-unboost|p1b: Dragonite|spe|1\n|move|p1a: Basculegion|Head Smash|p2b: Pelipper\n|-supereffective|p2b: Pelipper|1\n|-damage|p2b: Pelipper|0 fnt\n|faint|p2b: Pelipper\n|-damage|p1a: Basculegion|21/100|[from] Recoil\n|\n|-weather|RainDance|[upkeep]\n|upkeep\n|\n|t:|1776115694\n|switch|p2b: Sneasler|Sneasler, L50, M, shiny|100/100\n|turn|4\n|inactive|Pegassin has 30 seconds left.\n|\n|t:|1776115719\n|move|p2b: Sneasler|Rock Tomb|p1a: Basculegion\n|-damage|p1a: Basculegion|0 fnt\n|faint|p1a: Basculegion\n|move|p1b: Dragonite|Hurricane|p2b: Sneasler\n|-supereffective|p2b: Sneasler|1\n|-damage|p2b: Sneasler|1/100\n|\n|-weather|RainDance|[upkeep]\n|upkeep\n|\n|t:|1776115729\n|switch|p1a: Pinsir|Pinsir, L50, M|100/100\n|turn|5\n|\n|t:|1776115738\n|move|p1b: Dragonite|Extreme Speed|p2b: Sneasler\n|-damage|p2b: Sneasler|0 fnt\n|faint|p2b: Sneasler\n|\n|win|w larping\n|raw|w larping's rating: 1041 &rarr; <strong>1083</strong><br />(+42 for winning)\n|raw|Pegassin's rating: 1131 &rarr; <strong>1100</strong><br />(-31 for losing)\n",
  "uploadtime": 1776115739,
  "views": 12,
  "formatid": "gen9championsvgc2026regma",
  "rating": 1083,
  "private": 0,
  "password": null
}