{
  "id": "gen9championsvgc2026regma-2582523674",
  "format": "[Gen 9 Champions] VGC 2026 Reg M-A",
  "players": [
    "makemefear",
    "OwlFaCeles"
  ],
  "log": "|j|\u2606makemefear\n|j|\u2606OwlFaCeles\n|t:|1776097137\n|gametype|doubles\n|player|p1|makemefear|lyra|1028\n|player|p2|OwlFaCeles|jacinthe|1085\n|gen|9\n|tier|[Gen 9 Champions] VGC 2026 Reg M-A\n|rated|\n|rule|Species Clause: Limit one of each Pok\u00e9mon\n|rule|Item Clause: Limit 1 of each item\n|clearpoke\n|poke|p1|Hawlucha, L50, F|\n|poke|p1|Kingambit, L50, M|\n|poke|p1|Vanilluxe, L50, M|\n|poke|p1|Whimsicott, L50, F|\n|poke|p1|Garchomp, L50, F|\n|poke|p1|Sinistcha, L50|\n|poke|p2|Delphox, L50, F|\n|poke|p2|Whimsicott, L50, M|\n|poke|p2|Sneasler, L50, F|\n|poke|p2|Blastoise, L50, M|\n|poke|p2|Pelipper, L50, M|\n|poke|p2|Sinistcha-Masterpiece, L50|\n|teampreview|4\n|\n|t:|1776097179\n|teamsize|p1|4\n|teamsize|p2|4\n|start\n|switch|p1a: instigator|Hawlucha, L50, F|100/100\n|switch|p1b: snowgrave|Vanilluxe, L50, M|100/100\n|switch|p2a: Delphox|Delphox, L50, F|100/100\n|switch|p2b: Evil|Whimsicott, L50, M, shiny|100/100\n|-ability|p1a: instigator|Mold Breaker\n|turn|1\n|\n|t:|1776097203\n|detailschange|p1a: instigator|Hawlucha-Mega, L50, F\n|-mega|p1a: instigator|Hawlucha|Hawluchanite\n|detailschange|p2a: Delphox|Delphox-Mega, L50, F\n|-mega|p2a: Delphox|Delphox|Delphoxite\n|move|p2b: Evil|Tailwind|p2b: Evil\n|-sidestart|p2: OwlFaCeles|move: Tailwind\n|move|p2a: Delphox|Heat Wave|p1b: snowgrave|[spread] p1a\n|-miss|p2a: Delphox|p1b: snowgrave\n|-damage|p1a: instigator|51/100\n|move|p1a: instigator|Entrainment|p1b: snowgrave\n|-ability|p1b: snowgrave|No Guard|Ice Body|[from] move: Entrainment|[of] p1a: instigator\n|move|p1b: snowgrave|Sheer Cold|p2b: Evil\n|-enditem|p2b: Evil|Focus Sash\n|-damage|p2b: Evil|1/100\n|\n|upkeep\n|turn|2\n|\n|t:|1776097231\n|move|p2a: Delphox|Protect|p2a: Delphox\n|-singleturn|p2a: Delphox|Protect\n|move|p2b: Evil|Encore|p1a: instigator\n|-start|p1a: instigator|Encore\n|move|p1a: instigator|Entrainment|p2a: Delphox\n|-activate|p2a: Delphox|move: Protect\n|move|p1b: snowgrave|Sheer Cold|p2a: Delphox\n|-activate|p2a: Delphox|move: Protect\n|\n|upkeep\n|turn|3\n|\n|t:|1776097248\n|switch|p1a: sinister|Sinistcha, L50|100/100\n|switch|p1b: france|Kingambit, L50, M|100/100\n|move|p2a: Delphox|Heat Wave|p1b: france|[spread] p1a,p1b\n|-supereffective|p1a: sinister|1\n|-supereffective|p1b: france|1\n|-damage|p1a: sinister|0 fnt\n|-damage|p1b: france|16/100\n|faint|p1a: sinister\n|move|p2b: Evil|Moonblast|p1b: france\n|-damage|p1b: france|0 fnt\n|faint|p1b: france\n|-end|p1b: france|fallenundefined|[silent]\n|\n|upkeep\n|\n|t:|1776097257\n|switch|p1a: snowgrave|Vanilluxe, L50, M|100/100\n|switch|p1b: instigator|Hawlucha-Mega, L50, F|51/100\n|turn|4\n|\n|t:|1776097273\n|move|p2b: Evil|Protect|p2b: Evil\n|-singleturn|p2b: Evil|Protect\n|move|p2a: Delphox|Psychic|p1b: instigator\n|-supereffective|p1b: instigator|1\n|-damage|p1b: instigator|0 fnt\n|faint|p1b: instigator\n|move|p1a: snowgrave|Sheer Cold|p2a: Delphox|[miss]\n|-miss|p1a: snowgrave|p2a: Delphox\n|\n|-sideend|p2: OwlFaCeles|move: Tailwind\n|upkeep\n|turn|5\n|-message|makemefear forfeited.\n|\n|win|OwlFaCeles\n|raw|makemefear's rating: 1028 &rarr; <strong>1016</strong><br />(-12 for losing)\n|raw|OwlFaCeles's rating: 1085 &rarr; <strong>1108</strong><br />(+23 for winning)\n|l|\u2606makemefear\n|player|p1|\n",
  "uploadtime": 1776097302,
  "views": 14,
  "formatid": "gen9championsvgc2026regma",
  "rating": 1016,
  "private": 0,
  "password": null
}