{
  "id": "gen9championsvgc2026regma-2588492417",
  "format": "[Gen 9 Champions] VGC 2026 Reg M-A",
  "players": [
    "Tiguh",
    "Ongalabong"
  ],
  "log": "|j|\u2606Tiguh\n|j|\u2606Ongalabong\n|t:|1776638435\n|gametype|doubles\n|player|p1|Tiguh|169|1231\n|player|p2|Ongalabong|benga|1265\n|gen|9\n|tier|[Gen 9 Champions] VGC 2026 Reg M-A\n|rated|\n|rule|Species Clause: Limit one of each Pok\u00e9mon\n|rule|Item Clause: Limit 1 of each item\n|clearpoke\n|poke|p1|Blastoise, L50, F|\n|poke|p1|Talonflame, L50, M|\n|poke|p1|Tsareena, L50, F|\n|poke|p1|Kingambit, L50, F|\n|poke|p1|Sinistcha, L50|\n|poke|p1|Farigiraf, L50, M|\n|poke|p2|Crabominable, L50, M|\n|poke|p2|Farigiraf, L50, M|\n|poke|p2|Incineroar, L50, F|\n|poke|p2|Venusaur, L50, M|\n|poke|p2|Basculegion, L50, M|\n|poke|p2|Ninetales-Alola, L50, M|\n|teampreview|4\n|inactive|Battle timer is ON: inactive players will automatically lose when time's up. (requested by Tiguh)\n|\n|t:|1776638463\n|teamsize|p1|4\n|teamsize|p2|4\n|start\n|switch|p1a: Farigiraf|Farigiraf, L50, M|100/100\n|switch|p1b: Blastoise|Blastoise, L50, F|100/100\n|switch|p2a: Venusaur|Venusaur, L50, M|100/100\n|switch|p2b: Basculegion|Basculegion, L50, M|100/100\n|turn|1\n|\n|t:|1776638478\n|detailschange|p2a: Venusaur|Venusaur-Mega, L50, M\n|-mega|p2a: Venusaur|Venusaur|Venusaurite\n|detailschange|p1b: Blastoise|Blastoise-Mega, L50, F\n|-mega|p1b: Blastoise|Blastoise|Blastoisinite\n|move|p1b: Blastoise|Protect|p1b: Blastoise\n|-singleturn|p1b: Blastoise|Protect\n|move|p2b: Basculegion|Flip Turn|p1a: Farigiraf\n|-damage|p1a: Farigiraf|71/100\n|\n|t:|1776638485\n|switch|p2b: Incineroar|Incineroar, L50, F|100/100|[from] Flip Turn\n|-ability|p2b: Incineroar|Intimidate|boost\n|-unboost|p1a: Farigiraf|atk|1\n|-unboost|p1b: Blastoise|atk|1\n|move|p2a: Venusaur|Leech Seed|p1b: Blastoise\n|-activate|p1b: Blastoise|move: Protect\n|move|p1a: Farigiraf|Trick Room|p1a: Farigiraf\n|-fieldstart|move: Trick Room|[of] p1a: Farigiraf\n|\n|upkeep\n|turn|2\n|\n|t:|1776638501\n|move|p1a: Farigiraf|Helping Hand|p1b: Blastoise\n|-singleturn|p1b: Blastoise|Helping Hand|[of] p1a: Farigiraf\n|move|p2b: Incineroar|Throat Chop|p1a: Farigiraf\n|-supereffective|p1a: Farigiraf|1\n|-damage|p1a: Farigiraf|21/100\n|-start|p1a: Farigiraf|Throat Chop|[silent]\n|-enditem|p1a: Farigiraf|Sitrus Berry|[eat]\n|-heal|p1a: Farigiraf|46/100|[from] item: Sitrus Berry\n|move|p1b: Blastoise|Water Spout|p2a: Venusaur|[spread] p2a,p2b\n|-resisted|p2a: Venusaur|1\n|-supereffective|p2b: Incineroar|1\n|-damage|p2a: Venusaur|63/100\n|-damage|p2b: Incineroar|0 fnt\n|faint|p2b: Incineroar\n|move|p2a: Venusaur|Leech Seed|p1b: Blastoise\n|-start|p1b: Blastoise|move: Leech Seed\n|\n|-damage|p1b: Blastoise|88/100|[from] Leech Seed|[of] p2a: Venusaur\n|-heal|p2a: Venusaur|75/100|[silent]\n|upkeep\n|\n|t:|1776638509\n|switch|p2b: Ninetales|Ninetales-Alola, L50, M|100/100\n|-weather|Snowscape|[from] ability: Snow Warning|[of] p2b: Ninetales\n|turn|3\n|\n|t:|1776638528\n|switch|p1a: Sinistcha|Sinistcha, L50|100/100\n|-heal|p1b: Blastoise|100/100|[from] ability: Hospitality|[of] p1a: Sinistcha\n|switch|p1b: Kingambit|Kingambit, L50, F|100/100\n|move|p2a: Venusaur|Sludge Bomb|p1a: Sinistcha\n|-damage|p1a: Sinistcha|63/100\n|move|p2b: Ninetales|Aurora Veil|p2b: Ninetales\n|-sidestart|p2: Ongalabong|move: Aurora Veil\n|\n|-weather|Snowscape|[upkeep]\n|upkeep\n|turn|4\n|\n|t:|1776638549\n|move|p1b: Kingambit|Iron Head|p2b: Ninetales\n|-supereffective|p2b: Ninetales|2\n|-enditem|p2b: Ninetales|Focus Sash\n|-damage|p2b: Ninetales|1/100\n|move|p1a: Sinistcha|Life Dew||[still]|[spread] p1a,p1b\n|-heal|p1a: Sinistcha|89/100\n|-fail|p1b: Kingambit|heal\n|move|p2a: Venusaur|Leech Seed|p1b: Kingambit\n|-start|p1b: Kingambit|move: Leech Seed\n|cant|p2b: Ninetales|flinch\n|\n|-weather|Snowscape|[upkeep]\n|-damage|p1b: Kingambit|88/100|[from] Leech Seed|[of] p2a: Venusaur\n|-heal|p2a: Venusaur|88/100|[silent]\n|upkeep\n|turn|5\n|\n|t:|1776638564\n|switch|p1b: Farigiraf|Farigiraf, L50, M|46/100\n|move|p2a: Venusaur|Protect|p2a: Venusaur\n|-singleturn|p2a: Venusaur|Protect\n|move|p2b: Ninetales|Protect|p2b: Ninetales\n|-singleturn|p2b: Ninetales|Protect\n|move|p1a: Sinistcha|Matcha Gotcha|p2a: Venusaur|[spread] \n|-activate|p2a: Venusaur|move: Protect\n|-activate|p2b: Ninetales|move: Protect\n|\n|-weather|Snowscape|[upkeep]\n|-fieldend|move: Trick Room\n|upkeep\n|turn|6\n|\n|t:|1776638587\n|move|p2b: Ninetales|Blizzard|p1b: Farigiraf|[spread] p1a,p1b\n|-supereffective|p1a: Sinistcha|1\n|-crit|p1a: Sinistcha\n|-damage|p1a: Sinistcha|0 fnt\n|-damage|p1b: Farigiraf|12/100\n|faint|p1a: Sinistcha\n|move|p2a: Venusaur|Sludge Bomb|p1b: Farigiraf\n|-damage|p1b: Farigiraf|0 fnt\n|faint|p1b: Farigiraf\n|\n|-weather|Snowscape|[upkeep]\n|upkeep\n|\n|t:|1776638593\n|switch|p1a: Blastoise|Blastoise-Mega, L50, F|100/100\n|switch|p1b: Kingambit|Kingambit, L50, F|88/100\n|turn|7\n|\n|t:|1776638612\n|move|p1a: Blastoise|Protect|p1a: Blastoise\n|-singleturn|p1a: Blastoise|Protect\n|move|p1b: Kingambit|Protect|p1b: Kingambit\n|-singleturn|p1b: Kingambit|Protect\n|move|p2b: Ninetales|Moonblast|p1b: Kingambit\n|-activate|p1b: Kingambit|move: Protect\n|move|p2a: Venusaur|Earth Power|p1b: Kingambit\n|-activate|p1b: Kingambit|move: Protect\n|\n|-weather|none\n|-sideend|p2: Ongalabong|move: Aurora Veil\n|upkeep\n|turn|8\n|\n|t:|1776638625\n|move|p2b: Ninetales|Protect|p2b: Ninetales\n|-singleturn|p2b: Ninetales|Protect\n|move|p1b: Kingambit|Sucker Punch||[still]\n|-fail|p1b: Kingambit\n|move|p2a: Venusaur|Earth Power|p1b: Kingambit\n|-supereffective|p1b: Kingambit|1\n|-damage|p1b: Kingambit|32/100\n|-unboost|p1b: Kingambit|spd|1\n|-ability|p1b: Kingambit|Defiant|boost\n|-boost|p1b: Kingambit|atk|2\n|move|p1a: Blastoise|Water Spout|p2a: Venusaur|[spread] p2a\n|-activate|p2b: Ninetales|move: Protect\n|-resisted|p2a: Venusaur|1\n|-damage|p2a: Venusaur|65/100\n|\n|upkeep\n|turn|9\n|\n|t:|1776638639\n|move|p2b: Ninetales|Moonblast|p1a: Blastoise\n|-damage|p1a: Blastoise|69/100\n|move|p2a: Venusaur|Earth Power|p1b: Kingambit\n|-supereffective|p1b: Kingambit|1\n|-damage|p1b: Kingambit|0 fnt\n|faint|p1b: Kingambit\n|move|p1a: Blastoise|Water Spout|p2a: Venusaur|[spread] p2a,p2b\n|-resisted|p2a: Venusaur|1\n|-damage|p2a: Venusaur|49/100\n|-damage|p2b: Ninetales|0 fnt\n|faint|p2b: Ninetales\n|\n|upkeep\n|\n|t:|1776638647\n|switch|p2b: Basculegion|Basculegion, L50, M|100/100\n|turn|10\n|\n|t:|1776638650\n|move|p2b: Basculegion|Last Respects|p1a: Blastoise\n|-crit|p1a: Blastoise\n|-damage|p1a: Blastoise|0 fnt\n|faint|p1a: Blastoise\n|\n|win|Ongalabong\n|raw|Tiguh's rating: 1231 &rarr; <strong>1208</strong><br />(-23 for losing)\n|raw|Ongalabong's rating: 1265 &rarr; <strong>1288</strong><br />(+23 for winning)\n|l|\u2606Tiguh\n|player|p1|\n",
  "uploadtime": 1776638662,
  "views": 14,
  "formatid": "gen9championsvgc2026regma",
  "rating": 1208,
  "private": 0,
  "password": null
}