{
  "id": "gen9championsvgc2026regma-2582725162",
  "format": "[Gen 9 Champions] VGC 2026 Reg M-A",
  "players": [
    "kelnesdiz",
    "TytaniumV"
  ],
  "log": "|j|\u2606kelnesdiz\n|j|\u2606TytaniumV\n|t:|1776109809\n|gametype|doubles\n|player|p1|kelnesdiz|burglar|1186\n|player|p2|TytaniumV|cyclist-gen4|1269\n|gen|9\n|tier|[Gen 9 Champions] VGC 2026 Reg M-A\n|rated|\n|rule|Species Clause: Limit one of each Pok\u00e9mon\n|rule|Item Clause: Limit 1 of each item\n|clearpoke\n|poke|p1|Typhlosion-Hisui, L50, F|\n|poke|p1|Whimsicott, L50, F|\n|poke|p1|Charizard, L50, F|\n|poke|p1|Rotom-Wash, L50|\n|poke|p1|Incineroar, L50, F|\n|poke|p1|Garchomp, L50, M|\n|poke|p2|Garchomp, L50, M|\n|poke|p2|Rotom-Wash, L50|\n|poke|p2|Delphox, L50, F|\n|poke|p2|Orthworm, L50, F|\n|poke|p2|Tyranitar, L50, M|\n|poke|p2|Aerodactyl, L50, F|\n|teampreview|4\n|inactive|Battle timer is ON: inactive players will automatically lose when time's up. (requested by kelnesdiz)\nkelnesdiz rejected open team sheets.\n|\n|t:|1776109854\n|teamsize|p1|4\n|teamsize|p2|4\n|start\n|switch|p1a: Garchomp|Garchomp, L50, M|100/100\n|switch|p1b: Rotom|Rotom-Wash, L50|100/100\n|switch|p2a: Rotom|Rotom-Wash, L50|100/100\n|switch|p2b: Aerodactyl|Aerodactyl, L50, F|100/100\n|-ability|p2b: Aerodactyl|Unnerve\n|turn|1\n|inactive|kelnesdiz has 30 seconds left.\n|\n|t:|1776109879\n|move|p2b: Aerodactyl|Protect|p2b: Aerodactyl\n|-singleturn|p2b: Aerodactyl|Protect\n|move|p1a: Garchomp|Rock Slide|p2a: Rotom|[spread] p2a\n|-activate|p2b: Aerodactyl|move: Protect\n|-damage|p2a: Rotom|76/100\n|move|p2a: Rotom|Will-O-Wisp|p1a: Garchomp\n|-status|p1a: Garchomp|brn\n|move|p1b: Rotom|Volt Switch|p2b: Aerodactyl\n|-activate|p2b: Aerodactyl|move: Protect\n|\n|-heal|p2a: Rotom|82/100|[from] item: Leftovers\n|-damage|p1a: Garchomp|95/100 brn|[from] brn\n|upkeep\n|turn|2\n|\n|t:|1776109900\n|move|p1b: Rotom|Helping Hand|p1a: Garchomp\n|-singleturn|p1a: Garchomp|Helping Hand|[of] p1b: Rotom\n|move|p1a: Garchomp|Rock Slide|p2a: Rotom|[spread] p2a,p2b\n|-supereffective|p2b: Aerodactyl|1\n|-damage|p2a: Rotom|66/100\n|-damage|p2b: Aerodactyl|53/100\n|move|p2b: Aerodactyl|Tailwind|p2b: Aerodactyl\n|-sidestart|p2: TytaniumV|move: Tailwind\n|move|p2a: Rotom|Hydro Pump|p1a: Garchomp\n|-damage|p1a: Garchomp|49/100 brn\n|\n|-heal|p2a: Rotom|72/100|[from] item: Leftovers\n|-damage|p1a: Garchomp|43/100 brn|[from] brn\n|upkeep\n|turn|3\n|\n|t:|1776109921\n|move|p2b: Aerodactyl|Rock Slide|p1a: Garchomp|[spread] p1a,p1b\n|-resisted|p1a: Garchomp|1\n|-damage|p1a: Garchomp|31/100 brn\n|-damage|p1b: Rotom|81/100\n|move|p1a: Garchomp|Rock Slide|p2a: Rotom|[spread] p2a,p2b\n|-supereffective|p2b: Aerodactyl|1\n|-damage|p2a: Rotom|60/100\n|-damage|p2b: Aerodactyl|22/100\n|move|p2a: Rotom|Hydro Pump|p1a: Garchomp\n|-damage|p1a: Garchomp|0 fnt\n|faint|p1a: Garchomp\n|move|p1b: Rotom|Volt Switch|p2a: Rotom\n|-damage|p2a: Rotom|38/100\n|\n|t:|1776109936\n|switch|p1b: Whimsicott|Whimsicott, L50, F|100/100|[from] Volt Switch\n|\n|-heal|p2a: Rotom|44/100|[from] item: Leftovers\n|upkeep\n|\n|t:|1776109940\n|switch|p1a: Rotom|Rotom-Wash, L50|81/100\n|turn|4\n|\n|t:|1776109948\n|move|p1b: Whimsicott|Tailwind|p1b: Whimsicott\n|-sidestart|p1: kelnesdiz|move: Tailwind\n|move|p2b: Aerodactyl|Dual Wingbeat|p1b: Whimsicott\n|-supereffective|p1b: Whimsicott|1\n|-damage|p1b: Whimsicott|50/100\n|-supereffective|p1b: Whimsicott|1\n|-damage|p1b: Whimsicott|0 fnt\n|faint|p1b: Whimsicott\n|-hitcount|p1: Whimsicott|2\n|move|p2a: Rotom|Volt Switch|p1a: Rotom\n|-damage|p1a: Rotom|54/100\n|\n|t:|1776109959\n|switch|p2a: Delphox|Delphox, L50, F|100/100|[from] Volt Switch\n|move|p1a: Rotom|Volt Switch|p2b: Aerodactyl\n|-supereffective|p2b: Aerodactyl|1\n|-damage|p2b: Aerodactyl|0 fnt\n|faint|p2b: Aerodactyl\n|\n|t:|1776109965\n|switch|p1a: Charizard|Charizard, L50, F|100/100|[from] Volt Switch\n|\n|upkeep\n|\n|t:|1776109971\n|switch|p2b: Tyranitar|Tyranitar, L50, M|100/100\n|switch|p1b: Rotom|Rotom-Wash, L50|54/100\n|-weather|Sandstorm|[from] ability: Sand Stream|[of] p2b: Tyranitar\n|turn|5\n|inactive|kelnesdiz has 30 seconds left.\n|inactive|TytaniumV has 30 seconds left.\n|\n|t:|1776110006\n|detailschange|p1a: Charizard|Charizard-Mega-Y, L50, F\n|-mega|p1a: Charizard|Charizard|Charizardite Y\n|-weather|SunnyDay|[from] ability: Drought|[of] p1a: Charizard\n|detailschange|p2b: Tyranitar|Tyranitar-Mega, L50, M\n|-mega|p2b: Tyranitar|Tyranitar|Tyranitarite\n|-weather|Sandstorm|[from] ability: Sand Stream|[of] p2b: Tyranitar\n|move|p2a: Delphox|Psychic|p1a: Charizard\n|-damage|p1a: Charizard|64/100\n|move|p1a: Charizard|Solar Beam||[still]\n|-prepare|p1a: Charizard|Solar Beam\n|move|p2b: Tyranitar|Rock Slide|p1a: Charizard|[spread] p1b\n|-miss|p2b: Tyranitar|p1a: Charizard\n|-damage|p1b: Rotom|23/100\n|-enditem|p1b: Rotom|Sitrus Berry|[eat]\n|-heal|p1b: Rotom|48/100|[from] item: Sitrus Berry\n|cant|p1b: Rotom|flinch\n|\n|-weather|Sandstorm|[upkeep]\n|-damage|p2a: Delphox|95/100|[from] Sandstorm\n|-damage|p1a: Charizard|58/100|[from] Sandstorm\n|-damage|p1b: Rotom|43/100|[from] Sandstorm\n|-sideend|p2: TytaniumV|move: Tailwind\n|upkeep\n|turn|6\n|\n|t:|1776110030\n|move|p1b: Rotom|Helping Hand|p1a: Charizard\n|-singleturn|p1a: Charizard|Helping Hand|[of] p1b: Rotom\n|move|p2b: Tyranitar|Protect|p2b: Tyranitar\n|-singleturn|p2b: Tyranitar|Protect\n|move|p1a: Charizard|Solar Beam|p2b: Tyranitar|[from] lockedmove\n|-activate|p2b: Tyranitar|move: Protect\n|move|p2a: Delphox|Psychic|p1b: Rotom\n|-crit|p1b: Rotom\n|-damage|p1b: Rotom|0 fnt\n|faint|p1b: Rotom\n|\n|-weather|Sandstorm|[upkeep]\n|-damage|p1a: Charizard|53/100|[from] Sandstorm\n|-damage|p2a: Delphox|89/100|[from] Sandstorm\n|upkeep\n|turn|7\n|-message|kelnesdiz forfeited.\n|\n|win|TytaniumV\n|raw|kelnesdiz's rating: 1186 &rarr; <strong>1167</strong><br />(-19 for losing)\n|raw|TytaniumV's rating: 1269 &rarr; <strong>1288</strong><br />(+19 for winning)\n|l|\u2606kelnesdiz\n|player|p1|\n",
  "uploadtime": 1776110044,
  "views": 18,
  "formatid": "gen9championsvgc2026regma",
  "rating": 1167,
  "private": 0,
  "password": null
}