{
  "id": "gen9championsvgc2026regma-2587407467",
  "format": "[Gen 9 Champions] VGC 2026 Reg M-A",
  "players": [
    "victor219",
    "brojonski"
  ],
  "log": "|j|\u2606victor219\n|j|\u2606brojonski\n|t:|1776529270\n|gametype|doubles\n|player|p1|victor219|266|1270\n|player|p2|brojonski|brock|1358\n|gen|9\n|tier|[Gen 9 Champions] VGC 2026 Reg M-A\n|rated|\n|rule|Species Clause: Limit one of each Pok\u00e9mon\n|rule|Item Clause: Limit 1 of each item\n|clearpoke\n|poke|p1|Gengar, L50, F|\n|poke|p1|Sinistcha, L50|\n|poke|p1|Talonflame, L50, F|\n|poke|p1|Conkeldurr, L50, F|\n|poke|p1|Maushold, L50|\n|poke|p1|Blastoise, L50, M|\n|poke|p2|Crabominable, L50, F|\n|poke|p2|Zoroark-Hisui, L50, F|\n|poke|p2|Slowking, L50, M|\n|poke|p2|Incineroar, L50, F|\n|poke|p2|Tsareena, L50, F|\n|poke|p2|Glimmora, L50, F|\n|teampreview|4\n|inactive|Battle timer is ON: inactive players will automatically lose when time's up. (requested by brojonski)\n|inactive|victor219 has 60 seconds left.\n|inactive|brojonski has 60 seconds left.\nbrojonski rejected open team sheets.\n|\n|t:|1776529330\n|teamsize|p1|4\n|teamsize|p2|4\n|start\n|switch|p1a: Gengar|Gengar, L50, F|100/100\n|switch|p1b: Sinistcha|Sinistcha, L50|100/100\n|switch|p2a: Slowking|Slowking, L50, M|100/100\n|switch|p2b: Incineroar|Incineroar, L50, F|100/100\n|-ability|p2b: Incineroar|Intimidate|boost\n|-unboost|p1a: Gengar|atk|1\n|-unboost|p1b: Sinistcha|atk|1\n|turn|1\n|inactive|victor219 has 30 seconds left.\n|inactive|brojonski has 30 seconds left.\n|inactive|victor219 has 20 seconds left.\n|inactive|brojonski has 20 seconds left.\n|inactive|victor219 has 15 seconds left.\n|\n|t:|1776529370\n|switch|p2a: Tsareena|Tsareena, L50, F|100/100\n|move|p1b: Sinistcha|Rage Powder|p1b: Sinistcha\n|-singleturn|p1b: Sinistcha|move: Rage Powder\n|move|p1a: Gengar|Shadow Ball|p2a: Tsareena\n|-damage|p2a: Tsareena|65/100\n|move|p2b: Incineroar|Throat Chop|p1b: Sinistcha\n|-supereffective|p1b: Sinistcha|1\n|-damage|p1b: Sinistcha|52/100\n|-start|p1b: Sinistcha|Throat Chop|[silent]\n|\n|-heal|p1b: Sinistcha|58/100|[from] item: Leftovers\n|upkeep\n|turn|2\n|inactive|victor219 has 30 seconds left.\n|\n|t:|1776529403\n|move|p1b: Sinistcha|Rage Powder|p1b: Sinistcha\n|-singleturn|p1b: Sinistcha|move: Rage Powder\n|move|p1a: Gengar|Nasty Plot|p1a: Gengar\n|-boost|p1a: Gengar|spa|2\n|move|p2a: Tsareena|Triple Axel|p1b: Sinistcha\n|-supereffective|p1b: Sinistcha|1\n|-damage|p1b: Sinistcha|47/100\n|-supereffective|p1b: Sinistcha|1\n|-damage|p1b: Sinistcha|27/100\n|-hitcount|p1b: Sinistcha|2\n|move|p2b: Incineroar|Throat Chop|p1b: Sinistcha\n|-supereffective|p1b: Sinistcha|1\n|-damage|p1b: Sinistcha|0 fnt\n|faint|p1b: Sinistcha\n|\n|upkeep\n|inactive|victor219 has 30 seconds left.\n|\n|t:|1776529430\n|switch|p1b: Conkeldurr|Conkeldurr, L50, F|100/100\n|turn|3\n|\n|t:|1776529443\n|move|p2a: Tsareena|Protect|p2a: Tsareena\n|-singleturn|p2a: Tsareena|Protect\n|move|p1b: Conkeldurr|Wide Guard|p1b: Conkeldurr\n|-singleturn|p1b: Conkeldurr|Wide Guard\n|move|p1a: Gengar|Sludge Wave|p2b: Incineroar|[spread] p2b\n|-activate|p1b: Conkeldurr|move: Wide Guard\n|-activate|p2a: Tsareena|move: Protect\n|-damage|p2b: Incineroar|43/100\n|-enditem|p2b: Incineroar|Sitrus Berry|[eat]\n|-heal|p2b: Incineroar|68/100|[from] item: Sitrus Berry\n|move|p2b: Incineroar|Throat Chop|p1a: Gengar\n|-supereffective|p1a: Gengar|1\n|-damage|p1a: Gengar|0 fnt\n|faint|p1a: Gengar\n|\n|upkeep\n|\n|t:|1776529459\n|switch|p1a: Blastoise|Blastoise, L50, M|100/100\n|turn|4\n|inactive|victor219 has 30 seconds left.\n|\n|t:|1776529490\n|switch|p2a: Slowking|Slowking, L50, M|100/100\n|switch|p2b: Crabominable|Crabominable, L50, F|100/100\n|move|p1a: Blastoise|Protect|p1a: Blastoise\n|-singleturn|p1a: Blastoise|Protect\n|move|p1b: Conkeldurr|Hammer Arm|p2a: Slowking\n|-resisted|p2a: Slowking|1\n|-damage|p2a: Slowking|72/100\n|-unboost|p1b: Conkeldurr|spe|1\n|\n|upkeep\n|turn|5\n|\n|t:|1776529510\n|detailschange|p1a: Blastoise|Blastoise-Mega, L50, M\n|-mega|p1a: Blastoise|Blastoise|Blastoisinite\n|detailschange|p2b: Crabominable|Crabominable-Mega, L50, F\n|-mega|p2b: Crabominable|Crabominable|Crabominite\n|move|p1a: Blastoise|Dark Pulse|p2a: Slowking\n|-supereffective|p2a: Slowking|1\n|-enditem|p2a: Slowking|Colbur Berry|[eat]\n|-enditem|p2a: Slowking|Colbur Berry|[weaken]\n|-damage|p2a: Slowking|41/100\n|move|p2a: Slowking|Psychic Noise|p1b: Conkeldurr\n|-supereffective|p1b: Conkeldurr|1\n|-damage|p1b: Conkeldurr|43/100\n|-start|p1b: Conkeldurr|move: Heal Block\n|move|p2b: Crabominable|Close Combat|p1a: Blastoise\n|-damage|p1a: Blastoise|26/100\n|-unboost|p2b: Crabominable|def|1\n|-unboost|p2b: Crabominable|spd|1\n|move|p1b: Conkeldurr|Hammer Arm|p2b: Crabominable\n|-supereffective|p2b: Crabominable|1\n|-damage|p2b: Crabominable|0 fnt\n|-unboost|p1b: Conkeldurr|spe|1\n|faint|p2b: Crabominable\n|\n|upkeep\n|\n|t:|1776529533\n|switch|p2b: Incineroar|Incineroar, L50, F|68/100\n|-ability|p2b: Incineroar|Intimidate|boost\n|-unboost|p1a: Blastoise|atk|1\n|-unboost|p1b: Conkeldurr|atk|1\n|turn|6\n|\n|t:|1776529540\n|move|p1a: Blastoise|Protect|p1a: Blastoise\n|-singleturn|p1a: Blastoise|Protect\n|move|p1b: Conkeldurr|Detect|p1b: Conkeldurr\n|-singleturn|p1b: Conkeldurr|Protect\n|move|p2b: Incineroar|Fake Out|p1a: Blastoise\n|-activate|p1a: Blastoise|move: Protect\n|move|p2a: Slowking|Psychic Noise|p1b: Conkeldurr\n|-activate|p1b: Conkeldurr|move: Protect\n|\n|-end|p1b: Conkeldurr|move: Heal Block\n|upkeep\n|turn|7\n|\n|t:|1776529560\n|move|p1a: Blastoise|Dark Pulse|p2a: Slowking\n|-supereffective|p2a: Slowking|1\n|-damage|p2a: Slowking|0 fnt\n|faint|p2a: Slowking\n|move|p2b: Incineroar|Throat Chop|p1a: Blastoise\n|-damage|p1a: Blastoise|0 fnt\n|faint|p1a: Blastoise\n|move|p1b: Conkeldurr|Hammer Arm|p2b: Incineroar\n|-supereffective|p2b: Incineroar|1\n|-damage|p2b: Incineroar|0 fnt\n|-unboost|p1b: Conkeldurr|spe|1\n|faint|p2b: Incineroar\n|\n|upkeep\n|\n|t:|1776529569\n|switch|p2b: Tsareena|Tsareena, L50, F|65/100\n|turn|8\n|\n|t:|1776529579\n|move|p2b: Tsareena|Protect|p2b: Tsareena\n|-singleturn|p2b: Tsareena|Protect\n|move|p1b: Conkeldurr|Hammer Arm|p2b: Tsareena\n|-activate|p2b: Tsareena|move: Protect\n|\n|upkeep\n|turn|9\n|\n|t:|1776529589\n|move|p2b: Tsareena|Trop Kick|p1b: Conkeldurr\n|-damage|p1b: Conkeldurr|3/100\n|-unboost|p1b: Conkeldurr|atk|1\n|move|p1b: Conkeldurr|Hammer Arm|p2b: Tsareena\n|-damage|p2b: Tsareena|34/100\n|-unboost|p1b: Conkeldurr|spe|1\n|\n|upkeep\n|turn|10\n|\n|t:|1776529599\n|move|p2b: Tsareena|Trop Kick|p1b: Conkeldurr\n|-damage|p1b: Conkeldurr|0 fnt\n|faint|p1b: Conkeldurr\n|\n|win|brojonski\n|raw|victor219's rating: 1270 &rarr; <strong>1251</strong><br />(-19 for losing)\n|raw|brojonski's rating: 1358 &rarr; <strong>1373</strong><br />(+15 for winning)\n",
  "uploadtime": 1776529600,
  "views": 25,
  "formatid": "gen9championsvgc2026regma",
  "rating": 1251,
  "private": 0,
  "password": null
}