{
  "id": "gen9championsvgc2026regma-2586849151",
  "format": "[Gen 9 Champions] VGC 2026 Reg M-A",
  "players": [
    "2sweep4u",
    "Alushi"
  ],
  "log": "|j|\u26062sweep4u\n|j|\u2606Alushi\n|t:|1776465122\n|gametype|doubles\n|player|p1|2sweep4u|unknownf|1096\n|player|p2|Alushi|2|1151\n|gen|9\n|tier|[Gen 9 Champions] VGC 2026 Reg M-A\n|rated|\n|rule|Species Clause: Limit one of each Pok\u00e9mon\n|rule|Item Clause: Limit 1 of each item\n|clearpoke\n|poke|p1|Charizard, L50, M|\n|poke|p1|Incineroar, L50, M|\n|poke|p1|Whimsicott, L50, F|\n|poke|p1|Farigiraf, L50, M|\n|poke|p1|Sinistcha-Masterpiece, L50|\n|poke|p1|Dragapult, L50, F|\n|poke|p2|Floette-Eternal, L50, F|\n|poke|p2|Sylveon, L50, M|\n|poke|p2|Incineroar, L50, M|\n|poke|p2|Pelipper, L50, F|\n|poke|p2|Archaludon, L50, M|\n|poke|p2|Clefable, L50, F|\n|teampreview|4\n|inactive|Battle timer is ON: inactive players will automatically lose when time's up. (requested by Alushi)\n|inactive|2sweep4u has 60 seconds left.\n|\n|t:|1776465197\n|teamsize|p1|4\n|teamsize|p2|4\n|start\n|switch|p1a: Whimsicott|Whimsicott, L50, F|100/100\n|switch|p1b: Charizard|Charizard, L50, M|100/100\n|switch|p2a: Floette|Floette-Eternal, L50, F|100/100\n|switch|p2b: Sylveon|Sylveon, L50, M|100/100\n|turn|1\n|inactive|2sweep4u has 30 seconds left.\n|inactive|Alushi has 30 seconds left.\n|\n|t:|1776465229\n|detailschange|p2a: Floette|Floette-Mega, L50, F\n|-mega|p2a: Floette|Floette|Floettite\n|-ability|p2a: Floette|Fairy Aura\n|move|p1b: Charizard|Protect|p1b: Charizard\n|-singleturn|p1b: Charizard|Protect\n|move|p1a: Whimsicott|Fake Tears|p2a: Floette\n|-unboost|p2a: Floette|spd|2\n|move|p2a: Floette|Light of Ruin|p1b: Charizard\n|-activate|p1b: Charizard|move: Protect\n|move|p2b: Sylveon|Moonblast|p1b: Charizard\n|-activate|p1b: Charizard|move: Protect\n|\n|upkeep\n|turn|2\n|inactive|2sweep4u has 30 seconds left.\n|\n|t:|1776465257\n|switch|p2a: Pelipper|Pelipper, L50, F|100/100\n|-weather|RainDance|[from] ability: Drizzle|[of] p2a: Pelipper\n|detailschange|p1b: Charizard|Charizard-Mega-Y, L50, M\n|-mega|p1b: Charizard|Charizard|Charizardite Y\n|-weather|SunnyDay|[from] ability: Drought|[of] p1b: Charizard\n|move|p1a: Whimsicott|Tailwind|p1a: Whimsicott\n|-sidestart|p1: 2sweep4u|move: Tailwind\n|move|p1b: Charizard|Weather Ball|p2a: Pelipper\n|-resisted|p2a: Pelipper|1\n|-damage|p2a: Pelipper|38/100\n|move|p2b: Sylveon|Hyper Voice|p1b: Charizard|[spread] p1a,p1b\n|-resisted|p1b: Charizard|1\n|-damage|p1a: Whimsicott|36/100\n|-damage|p1b: Charizard|76/100\n|\n|-weather|SunnyDay|[upkeep]\n|upkeep\n|turn|3\n|\n|t:|1776465277\n|move|p2a: Pelipper|Wide Guard|p2a: Pelipper\n|-singleturn|p2a: Pelipper|Wide Guard\n|move|p1a: Whimsicott|Fake Tears|p2b: Sylveon\n|-unboost|p2b: Sylveon|spd|2\n|move|p1b: Charizard|Heat Wave|p2a: Pelipper|[spread] \n|-activate|p2a: Pelipper|move: Wide Guard\n|-activate|p2b: Sylveon|move: Wide Guard\n|move|p2b: Sylveon|Hyper Voice|p1a: Whimsicott|[spread] p1a,p1b\n|-resisted|p1b: Charizard|1\n|-damage|p1a: Whimsicott|0 fnt\n|-damage|p1b: Charizard|50/100\n|faint|p1a: Whimsicott\n|\n|-weather|SunnyDay|[upkeep]\n|upkeep\n|\n|t:|1776465283\n|switch|p1a: Sinistcha|Sinistcha-Masterpiece, L50, shiny|100/100\n|-heal|p1b: Charizard|75/100|[from] ability: Hospitality|[of] p1a: Sinistcha\n|turn|4\n|\n|t:|1776465291\n|switch|p2a: Archaludon|Archaludon, L50, M|100/100\n|move|p2b: Sylveon|Protect|p2b: Sylveon\n|-singleturn|p2b: Sylveon|Protect\n|move|p1b: Charizard|Weather Ball|p2b: Sylveon\n|-activate|p2b: Sylveon|move: Protect\n|move|p1a: Sinistcha|Matcha Gotcha|p2b: Sylveon|[spread] p2a\n|-activate|p2b: Sylveon|move: Protect\n|-resisted|p2a: Archaludon|2\n|-damage|p2a: Archaludon|92/100\n|-ability|p2a: Archaludon|Stamina|boost\n|-boost|p2a: Archaludon|def|1\n|\n|-weather|SunnyDay|[upkeep]\n|-heal|p2a: Archaludon|98/100|[from] item: Leftovers\n|upkeep\n|turn|5\n|inactive|2sweep4u has 30 seconds left.\n|\n|t:|1776465323\n|switch|p1b: Julia Wolf|Farigiraf, L50, M|100/100\n|switch|p2b: Pelipper|Pelipper, L50, F|38/100\n|-weather|RainDance|[from] ability: Drizzle|[of] p2b: Pelipper\n|move|p1a: Sinistcha|Matcha Gotcha|p2b: Pelipper|[spread] p2a,p2b\n|-resisted|p2a: Archaludon|2\n|-damage|p2a: Archaludon|90/100\n|-damage|p2b: Pelipper|2/100\n|-ability|p2a: Archaludon|Stamina|boost\n|-boost|p2a: Archaludon|def|1\n|move|p2a: Archaludon|Electro Shot||[still]\n|-prepare|p2a: Archaludon|Electro Shot\n|-boost|p2a: Archaludon|spa|1\n|-anim|p2a: Archaludon|Electro Shot|p1b: Julia Wolf\n|-damage|p1b: Julia Wolf|34/100\n|-enditem|p1b: Julia Wolf|Sitrus Berry|[eat]\n|-heal|p1b: Julia Wolf|59/100|[from] item: Sitrus Berry\n|\n|-weather|RainDance|[upkeep]\n|-heal|p2a: Archaludon|96/100|[from] item: Leftovers\n|-sideend|p1: 2sweep4u|move: Tailwind\n|upkeep\n|turn|6\n|inactive|2sweep4u has 30 seconds left.\n|\n|t:|1776465352\n|switch|p2b: Floette|Floette-Mega, L50, F|100/100\n|-ability|p2b: Floette|Fairy Aura\n|move|p2a: Archaludon|Flash Cannon|p1b: Julia Wolf\n|-damage|p1b: Julia Wolf|0 fnt\n|faint|p1b: Julia Wolf\n|move|p1a: Sinistcha|Matcha Gotcha|p2a: Archaludon|[spread] p2a,p2b\n|-resisted|p2a: Archaludon|2\n|-damage|p2a: Archaludon|89/100\n|-damage|p2b: Floette|82/100\n|-status|p2b: Floette|brn\n|-ability|p2a: Archaludon|Stamina|boost\n|-boost|p2a: Archaludon|def|1\n|\n|-weather|RainDance|[upkeep]\n|-heal|p2a: Archaludon|95/100|[from] item: Leftovers\n|-damage|p2b: Floette|76/100 brn|[from] brn\n|upkeep\n|\n|t:|1776465365\n|switch|p1b: Charizard|Charizard-Mega-Y, L50, M|75/100\n|-weather|SunnyDay|[from] ability: Drought|[of] p1b: Charizard\n|turn|7\n|\n|t:|1776465379\n|switch|p2b: Pelipper|Pelipper, L50, F|2/100\n|-weather|RainDance|[from] ability: Drizzle|[of] p2b: Pelipper\n|move|p1a: Sinistcha|Rage Powder|p1a: Sinistcha\n|-singleturn|p1a: Sinistcha|move: Rage Powder\n|move|p1b: Charizard|Heat Wave|p2a: Archaludon|[spread] p2a,p2b\n|-resisted|p2b: Pelipper|1\n|-damage|p2a: Archaludon|68/100\n|-damage|p2b: Pelipper|0 fnt\n|-ability|p2a: Archaludon|Stamina|boost\n|-boost|p2a: Archaludon|def|1\n|faint|p2b: Pelipper\n|move|p2a: Archaludon|Electro Shot||[still]\n|-prepare|p2a: Archaludon|Electro Shot\n|-boost|p2a: Archaludon|spa|1\n|-anim|p2a: Archaludon|Electro Shot|p1a: Sinistcha\n|-resisted|p1a: Sinistcha|1\n|-damage|p1a: Sinistcha|53/100\n|\n|-weather|RainDance|[upkeep]\n|-heal|p2a: Archaludon|74/100|[from] item: Leftovers\n|-heal|p1a: Sinistcha|59/100|[from] item: Leftovers\n|upkeep\n|\n|t:|1776465392\n|switch|p2b: Floette|Floette-Mega, L50, F|76/100 brn\n|-ability|p2b: Floette|Fairy Aura\n|turn|8\n|\n|t:|1776465399\n|move|p1b: Charizard|Protect|p1b: Charizard\n|-singleturn|p1b: Charizard|Protect\n|move|p2b: Floette|Dazzling Gleam|p1b: Charizard|[spread] p1a\n|-activate|p1b: Charizard|move: Protect\n|-damage|p1a: Sinistcha|13/100\n|move|p2a: Archaludon|Electro Shot||[still]\n|-prepare|p2a: Archaludon|Electro Shot\n|-boost|p2a: Archaludon|spa|1\n|-anim|p2a: Archaludon|Electro Shot|p1b: Charizard\n|-activate|p1b: Charizard|move: Protect\n|move|p1a: Sinistcha|Matcha Gotcha|p2b: Floette|[spread] p2a,p2b\n|-resisted|p2a: Archaludon|2\n|-crit|p2a: Archaludon\n|-damage|p2a: Archaludon|62/100\n|-heal|p1a: Sinistcha|20/100|[from] drain|[of] p2a: Archaludon\n|-damage|p2b: Floette|56/100 brn\n|-heal|p1a: Sinistcha|29/100|[from] drain|[of] p2b: Floette\n|-status|p2a: Archaludon|brn\n|-ability|p2a: Archaludon|Stamina|boost\n|-boost|p2a: Archaludon|def|1\n|\n|-weather|RainDance|[upkeep]\n|-heal|p2a: Archaludon|68/100 brn|[from] item: Leftovers\n|-heal|p1a: Sinistcha|35/100|[from] item: Leftovers\n|-damage|p2b: Floette|49/100 brn|[from] brn\n|-damage|p2a: Archaludon|62/100 brn|[from] brn\n|upkeep\n|turn|9\n|inactive|2sweep4u has 30 seconds left.\n|\n|t:|1776465432\n|move|p1a: Sinistcha|Rage Powder|p1a: Sinistcha\n|-singleturn|p1a: Sinistcha|move: Rage Powder\n|move|p2b: Floette|Dazzling Gleam|p1a: Sinistcha|[spread] p1a,p1b\n|-resisted|p1b: Charizard|1\n|-damage|p1a: Sinistcha|0 fnt\n|-damage|p1b: Charizard|53/100\n|faint|p1a: Sinistcha\n|move|p1b: Charizard|Weather Ball|p2a: Archaludon\n|-resisted|p2a: Archaludon|1\n|-damage|p2a: Archaludon|24/100 brn\n|-ability|p2a: Archaludon|Stamina|boost\n|-boost|p2a: Archaludon|def|1\n|move|p2a: Archaludon|Electro Shot||[still]\n|-prepare|p2a: Archaludon|Electro Shot\n|-boost|p2a: Archaludon|spa|1\n|-anim|p2a: Archaludon|Electro Shot|p1b: Charizard\n|-supereffective|p1b: Charizard|1\n|-damage|p1b: Charizard|0 fnt\n|faint|p1b: Charizard\n|\n|win|Alushi\n|raw|2sweep4u's rating: 1096 &rarr; <strong>1075</strong><br />(-21 for losing)\n|raw|Alushi's rating: 1151 &rarr; <strong>1172</strong><br />(+21 for winning)\n",
  "uploadtime": 1776465433,
  "views": 22,
  "formatid": "gen9championsvgc2026regma",
  "rating": 1075,
  "private": 0,
  "password": null
}