{
  "id": "gen9championsvgc2026regma-2583806726",
  "format": "[Gen 9 Champions] VGC 2026 Reg M-A",
  "players": [
    "MefShowdown0",
    "Romanisonfire"
  ],
  "log": "|j|\u2606MefShowdown0\n|j|\u2606Romanisonfire\n|t:|1776199090\n|gametype|doubles\n|player|p1|MefShowdown0|selene-masters2|1240\n|player|p2|Romanisonfire|102|1268\n|gen|9\n|tier|[Gen 9 Champions] VGC 2026 Reg M-A\n|rated|\n|rule|Species Clause: Limit one of each Pok\u00e9mon\n|rule|Item Clause: Limit 1 of each item\n|clearpoke\n|poke|p1|Floette-Eternal, L50, F|\n|poke|p1|Aerodactyl, L50, M|\n|poke|p1|Sneasler, L50, F|\n|poke|p1|Garchomp, L50, M|\n|poke|p1|Incineroar, L50, F|\n|poke|p1|Sinistcha, L50|\n|poke|p2|Snorlax, L50, F|\n|poke|p2|Sinistcha-Masterpiece, L50|\n|poke|p2|Incineroar, L50, F|\n|poke|p2|Altaria, L50, M|\n|poke|p2|Conkeldurr, L50, F|\n|poke|p2|Milotic, L50, M|\n|teampreview|4\n|inactive|Battle timer is ON: inactive players will automatically lose when time's up. (requested by Romanisonfire)\n|inactive|MefShowdown0 has 60 seconds left.\n|\n|t:|1776199152\n|teamsize|p1|4\n|teamsize|p2|4\n|start\n|switch|p1a: Floette|Floette-Eternal, L50, F|100/100\n|switch|p1b: Sneasler|Sneasler, L50, F|100/100\n|switch|p2a: Snorlax|Snorlax, L50, F|100/100\n|switch|p2b: Incineroar|Incineroar, L50, F|100/100\n|-ability|p2b: Incineroar|Intimidate|boost\n|-unboost|p1a: Floette|atk|1\n|-unboost|p1b: Sneasler|atk|1\n|-enditem|p1b: Sneasler|White Herb\n|-clearnegativeboost|p1b: Sneasler|[silent]\n|turn|1\n|\n|t:|1776199173\n|detailschange|p1a: Floette|Floette-Mega, L50, F\n|-mega|p1a: Floette|Floette|Floettite\n|-ability|p1a: Floette|Fairy Aura\n|move|p2b: Incineroar|Fake Out|p1b: Sneasler\n|-damage|p1b: Sneasler|78/100\n|cant|p1b: Sneasler|flinch\n|move|p1a: Floette|Calm Mind|p1a: Floette\n|-boost|p1a: Floette|spa|1\n|-boost|p1a: Floette|spd|1\n|move|p2a: Snorlax|Belly Drum|p2a: Snorlax\n|-damage|p2a: Snorlax|51/100\n|-setboost|p2a: Snorlax|atk|6|[from] move: Belly Drum\n|\n|-heal|p2a: Snorlax|57/100|[from] item: Leftovers\n|upkeep\n|turn|2\n|\n|t:|1776199194\n|switch|p2b: Sinistcha|Sinistcha-Masterpiece, L50|100/100\n|-heal|p2a: Snorlax|81/100|[from] ability: Hospitality|[of] p2b: Sinistcha\n|move|p2a: Snorlax|Protect|p2a: Snorlax\n|-singleturn|p2a: Snorlax|Protect\n|move|p1b: Sneasler|Close Combat|p2a: Snorlax\n|-activate|p2a: Snorlax|move: Protect\n|move|p1a: Floette|Dazzling Gleam|p2a: Snorlax|[spread] p2b\n|-activate|p2a: Snorlax|move: Protect\n|-damage|p2b: Sinistcha|33/100\n|\n|-heal|p2a: Snorlax|87/100|[from] item: Leftovers\n|upkeep\n|turn|3\n|\n|t:|1776199214\n|switch|p1b: Sinistcha|Sinistcha, L50|100/100\n|move|p1a: Floette|Protect|p1a: Floette\n|-singleturn|p1a: Floette|Protect\n|move|p2b: Sinistcha|Rage Powder|p2b: Sinistcha\n|-singleturn|p2b: Sinistcha|move: Rage Powder\n|move|p2a: Snorlax|Body Slam|p1a: Floette\n|-activate|p1a: Floette|move: Protect\n|\n|-heal|p2a: Snorlax|93/100|[from] item: Leftovers\n|upkeep\n|turn|4\n|\n|t:|1776199231\n|switch|p2b: Incineroar|Incineroar, L50, F|100/100\n|-ability|p2b: Incineroar|Intimidate|boost\n|-unboost|p1a: Floette|atk|1\n|-unboost|p1b: Sinistcha|atk|1\n|move|p1b: Sinistcha|Rage Powder|p1b: Sinistcha\n|-singleturn|p1b: Sinistcha|move: Rage Powder\n|move|p1a: Floette|Dazzling Gleam|p2b: Incineroar|[spread] p2a,p2b\n|-damage|p2a: Snorlax|46/100\n|-damage|p2b: Incineroar|15/100\n|-enditem|p2b: Incineroar|Sitrus Berry|[eat]\n|-heal|p2b: Incineroar|40/100|[from] item: Sitrus Berry\n|move|p2a: Snorlax|Body Slam|p1b: Sinistcha\n|-immune|p1b: Sinistcha\n|\n|-heal|p2a: Snorlax|52/100|[from] item: Leftovers\n|upkeep\n|turn|5\n|inactive|Romanisonfire has 30 seconds left.\n|inactive|MefShowdown0 has 30 seconds left.\n|inactive|Romanisonfire has 20 seconds left.\n|inactive|Romanisonfire has 15 seconds left.\n|\n|t:|1776199274\n|move|p1b: Sinistcha|Rage Powder|p1b: Sinistcha\n|-singleturn|p1b: Sinistcha|move: Rage Powder\n|move|p1a: Floette|Dazzling Gleam|p2b: Incineroar|[spread] p2a,p2b\n|-damage|p2a: Snorlax|8/100\n|-damage|p2b: Incineroar|0 fnt\n|faint|p2b: Incineroar\n|move|p2a: Snorlax|High Horsepower|p1b: Sinistcha\n|-resisted|p1b: Sinistcha|1\n|-damage|p1b: Sinistcha|53/100\n|\n|-heal|p2a: Snorlax|14/100|[from] item: Leftovers\n|upkeep\n|\n|t:|1776199289\n|switch|p2b: Sinistcha|Sinistcha-Masterpiece, L50|33/100\n|-heal|p2a: Snorlax|39/100|[from] ability: Hospitality|[of] p2b: Sinistcha\n|turn|6\n|\n|t:|1776199297\n|switch|p2b: Milotic|Milotic, L50, M|100/100\n|move|p2a: Snorlax|Protect|p2a: Snorlax\n|-singleturn|p2a: Snorlax|Protect\n|move|p1b: Sinistcha|Rage Powder|p1b: Sinistcha\n|-singleturn|p1b: Sinistcha|move: Rage Powder\n|move|p1a: Floette|Dazzling Gleam|p2a: Snorlax|[spread] p2b\n|-activate|p2a: Snorlax|move: Protect\n|-damage|p2b: Milotic|60/100\n|\n|-heal|p2a: Snorlax|45/100|[from] item: Leftovers\n|upkeep\n|turn|7\n|\n|t:|1776199317\n|move|p1a: Floette|Protect|p1a: Floette\n|-singleturn|p1a: Floette|Protect\n|move|p2b: Milotic|Hypnosis|p1a: Floette\n|-activate|p1a: Floette|move: Protect\n|move|p1b: Sinistcha|Matcha Gotcha|p2a: Snorlax|[spread] p2b\n|-miss|p1b: Sinistcha|p2a: Snorlax\n|-supereffective|p2b: Milotic|1\n|-damage|p2b: Milotic|33/100\n|-heal|p1b: Sinistcha|68/100|[from] drain|[of] p2b: Milotic\n|move|p2a: Snorlax|High Horsepower|p1b: Sinistcha\n|-resisted|p1b: Sinistcha|1\n|-damage|p1b: Sinistcha|17/100\n|\n|-heal|p2a: Snorlax|51/100|[from] item: Leftovers\n|upkeep\n|turn|8\n|c|\u2606MefShowdown0|where is the timer?\n|\n|t:|1776199399\n|switch|p2b: Sinistcha|Sinistcha-Masterpiece, L50|33/100\n|-heal|p2a: Snorlax|76/100|[from] ability: Hospitality|[of] p2b: Sinistcha\n|move|p1b: Sinistcha|Rage Powder|p1b: Sinistcha\n|-singleturn|p1b: Sinistcha|move: Rage Powder\n|move|p1a: Floette|Dazzling Gleam|p2b: Sinistcha|[spread] p2a,p2b\n|-damage|p2a: Snorlax|32/100\n|-damage|p2b: Sinistcha|0 fnt\n|faint|p2b: Sinistcha\n|move|p2a: Snorlax|High Horsepower|p1b: Sinistcha\n|-resisted|p1b: Sinistcha|1\n|-damage|p1b: Sinistcha|0 fnt\n|faint|p1b: Sinistcha\n|\n|-heal|p2a: Snorlax|38/100|[from] item: Leftovers\n|upkeep\n|l|\u2606Romanisonfire\n|inactive|Romanisonfire disconnected and has a minute to reconnect!\n|player|p2|\n|inactive|Romanisonfire has 30 seconds left.\n|inactive|Romanisonfire has 20 seconds left.\n|inactive|Romanisonfire has 15 seconds left.\n|inactive|Romanisonfire has 10 seconds left.\n|inactive|Romanisonfire has 5 seconds left.\n|-message|Romanisonfire lost due to inactivity.\n|\n|win|MefShowdown0\n|raw|MefShowdown0's rating: 1240 &rarr; <strong>1267</strong><br />(+27 for winning)\n|raw|Romanisonfire's rating: 1268 &rarr; <strong>1241</strong><br />(-27 for losing)\n",
  "uploadtime": 1776199478,
  "views": 39,
  "formatid": "gen9championsvgc2026regma",
  "rating": 1241,
  "private": 0,
  "password": null
}