{
  "id": "gen9championsvgc2026regma-2581505379",
  "format": "[Gen 9 Champions] VGC 2026 Reg M-A",
  "players": [
    "Wolfman09",
    "SimMikaze"
  ],
  "log": "|j|\u2606Wolfman09\n|j|\u2606SimMikaze\n|t:|1776006551\n|gametype|doubles\n|player|p1|Wolfman09|265|1123\n|player|p2|SimMikaze|miku-ghost|1063\n|gen|9\n|tier|[Gen 9 Champions] VGC 2026 Reg M-A\n|rated|\n|rule|Species Clause: Limit one of each Pok\u00e9mon\n|rule|Item Clause: Limit 1 of each item\n|clearpoke\n|poke|p1|Starmie, L50|\n|poke|p1|Aegislash, L50, M|\n|poke|p1|Whimsicott, L50, M|\n|poke|p1|Incineroar, L50, M|\n|poke|p1|Rotom-Frost, L50|\n|poke|p1|Slowking-Galar, L50, M|\n|poke|p2|Delphox, L50, F|\n|poke|p2|Garchomp, L50, F|\n|poke|p2|Orthworm, L50, M|\n|poke|p2|Incineroar, L50, M|\n|poke|p2|Sneasler, L50, F|\n|poke|p2|Basculegion, L50, M|\n|teampreview|4\n|inactive|Battle timer is ON: inactive players will automatically lose when time's up. (requested by Wolfman09)\n|inactive|Wolfman09 has 60 seconds left.\n|j| biel1i9\n|\n|t:|1776006612\n|teamsize|p1|4\n|teamsize|p2|4\n|start\n|switch|p1a: Starmie|Starmie, L50, shiny|100/100\n|switch|p1b: Incineroar|Incineroar, L50, M|100/100\n|switch|p2a: Sneasler|Sneasler, L50, F|100/100\n|switch|p2b: Orthworm|Orthworm, L50, M|100/100\n|-ability|p1b: Incineroar|Intimidate|boost\n|-unboost|p2a: Sneasler|atk|1\n|-unboost|p2b: Orthworm|atk|1\n|-enditem|p2a: Sneasler|White Herb\n|-clearnegativeboost|p2a: Sneasler|[silent]\n|turn|1\n|\n|t:|1776006636\n|detailschange|p1a: Starmie|Starmie-Mega, L50, shiny\n|-mega|p1a: Starmie|Starmie|Starminite\n|move|p2a: Sneasler|Fake Out|p1b: Incineroar\n|-damage|p1b: Incineroar|89/100\n|cant|p1b: Incineroar|flinch\n|move|p1a: Starmie|Liquidation|p2b: Orthworm\n|-damage|p2b: Orthworm|58/100\n|-unboost|p2b: Orthworm|def|1\n|move|p2b: Orthworm|Shed Tail|p2b: Orthworm\n|-start|p2b: Orthworm|Substitute|[from] move: Shed Tail\n|-damage|p2b: Orthworm|7/100\n|-enditem|p2b: Orthworm|Sitrus Berry|[eat]\n|-heal|p2b: Orthworm|32/100|[from] item: Sitrus Berry\n|\n|t:|1776006651\n|switch|p2b: Delphox|Delphox, L50, F|100/100|[from] Shed Tail\n|\n|upkeep\n|turn|2\n|\n|t:|1776006671\n|detailschange|p2b: Delphox|Delphox-Mega, L50, F\n|-mega|p2b: Delphox|Delphox|Delphoxite\n|move|p2a: Sneasler|Close Combat|p1b: Incineroar\n|-supereffective|p1b: Incineroar|1\n|-damage|p1b: Incineroar|0 fnt\n|-unboost|p2a: Sneasler|def|1\n|-unboost|p2a: Sneasler|spd|1\n|faint|p1b: Incineroar\n|move|p2b: Delphox|Nasty Plot|p2b: Delphox\n|-boost|p2b: Delphox|spa|2\n|move|p1a: Starmie|Liquidation|p2b: Delphox\n|-supereffective|p2b: Delphox|1\n|-end|p2b: Delphox|Substitute\n|\n|upkeep\n|\n|t:|1776006680\n|switch|p1b: Whimsicott|Whimsicott, L50, M|100/100\n|turn|3\n|\n|t:|1776006699\n|move|p2b: Delphox|Protect|p2b: Delphox\n|-singleturn|p2b: Delphox|Protect\n|move|p1b: Whimsicott|Tailwind|p1b: Whimsicott\n|-sidestart|p1: Wolfman09|move: Tailwind\n|move|p1a: Starmie|Zen Headbutt|p2a: Sneasler\n|-supereffective|p2a: Sneasler|2\n|-damage|p2a: Sneasler|0 fnt\n|faint|p2a: Sneasler\n|\n|upkeep\n|c|\u2606SimMikaze|Yoo, what\n|c|\u2606Wolfman09|the predict worked\n|inactive|SimMikaze has 30 seconds left.\n|c|\u2606Wolfman09|had to gamble\n|\n|t:|1776006731\n|switch|p2a: Basculegion|Basculegion, L50, M|100/100\n|turn|4\n|l| biel1i9\n|inactive|SimMikaze has 30 seconds left.\n|inactive|SimMikaze has 20 seconds left.\n|inactive|SimMikaze has 15 seconds left.\n|\n|t:|1776006776\n|switch|p2b: Orthworm|Orthworm, L50, M|32/100\n|move|p1a: Starmie|Liquidation|p2b: Orthworm\n|-damage|p2b: Orthworm|0 fnt\n|faint|p2b: Orthworm\n|move|p1b: Whimsicott|Moonblast|p2a: Basculegion\n|-damage|p2a: Basculegion|56/100\n|move|p2a: Basculegion|Last Respects|p1a: Starmie\n|-supereffective|p1a: Starmie|1\n|-damage|p1a: Starmie|0 fnt\n|faint|p1a: Starmie\n|\n|upkeep\n|\n|t:|1776006788\n|switch|p1a: Aegislash|Aegislash, L50, M|100/100\n|switch|p2b: Delphox|Delphox-Mega, L50, F|100/100\n|turn|5\n|\n|t:|1776006806\n|move|p1b: Whimsicott|Moonblast|p2a: Basculegion\n|-damage|p2a: Basculegion|17/100\n|move|p2b: Delphox|Heat Wave|p1a: Aegislash|[spread] p1a\n|-miss|p2b: Delphox|p1b: Whimsicott\n|-supereffective|p1a: Aegislash|1\n|-crit|p1a: Aegislash\n|-damage|p1a: Aegislash|13/100\n|move|p2a: Basculegion|Last Respects|p1a: Aegislash\n|-supereffective|p1a: Aegislash|1\n|-damage|p1a: Aegislash|0 fnt\n|faint|p1a: Aegislash\n|\n|upkeep\n|turn|6\n|\n|t:|1776006824\n|move|p1b: Whimsicott|Moonblast|p2a: Basculegion\n|-damage|p2a: Basculegion|0 fnt\n|faint|p2a: Basculegion\n|move|p2b: Delphox|Heat Wave|p1b: Whimsicott\n|-supereffective|p1b: Whimsicott|1\n|-enditem|p1b: Whimsicott|Focus Sash\n|-damage|p1b: Whimsicott|1/100\n|\n|-sideend|p1: Wolfman09|move: Tailwind\n|upkeep\n|turn|7\n|c|\u2606Wolfman09|the scarf!!\n|\n|t:|1776006835\n|move|p2b: Delphox|Psyshock|p1b: Whimsicott\n|-damage|p1b: Whimsicott|0 fnt\n|faint|p1b: Whimsicott\n|\n|win|SimMikaze\n|raw|Wolfman09's rating: 1123 &rarr; <strong>1094</strong><br />(-29 for losing)\n|raw|SimMikaze's rating: 1063 &rarr; <strong>1099</strong><br />(+36 for winning)\n|c|\u2606SimMikaze|Welp\n|c|\u2606SimMikaze|ggs\n|c|\u2606SimMikaze|Almost lose\n|c|\u2606Wolfman09|gg\n|l|\u2606Wolfman09\n|player|p1|\n",
  "uploadtime": 1776006865,
  "views": 11,
  "formatid": "gen9championsvgc2026regma",
  "rating": 1094,
  "private": 0,
  "password": null
}