{
  "id": "gen9championsvgc2026regma-2587402902",
  "format": "[Gen 9 Champions] VGC 2026 Reg M-A",
  "players": [
    "zanyo18",
    "Johten"
  ],
  "log": "|j|\u2606zanyo18\n|j|\u2606Johten\n|t:|1776528892\n|gametype|doubles\n|player|p1|zanyo18|janine|1173\n|player|p2|Johten|veteran|1203\n|gen|9\n|tier|[Gen 9 Champions] VGC 2026 Reg M-A\n|rated|\n|rule|Species Clause: Limit one of each Pok\u00e9mon\n|rule|Item Clause: Limit 1 of each item\n|clearpoke\n|poke|p1|Gengar, L50, F|\n|poke|p1|Pelipper, L50, F|\n|poke|p1|Meganium, L50, F|\n|poke|p1|Incineroar, L50, F|\n|poke|p1|Sinistcha-Masterpiece, L50|\n|poke|p1|Basculegion, L50, M|\n|poke|p2|Aggron, L50, M|\n|poke|p2|Farigiraf, L50, F|\n|poke|p2|Aerodactyl, L50, F|\n|poke|p2|Gallade, L50, M|\n|poke|p2|Luxray, L50, M|\n|poke|p2|Primarina, L50, F|\n|teampreview|4\n|inactive|Battle timer is ON: inactive players will automatically lose when time's up. (requested by Johten)\n|inactive|zanyo18 also wants the timer to be on.\n|inactive|zanyo18 has 60 seconds left.\n|inactive|Johten has 60 seconds left.\n|\n|t:|1776528926\n|teamsize|p1|4\n|teamsize|p2|4\n|start\n|switch|p1a: Gengar|Gengar, L50, F|100/100\n|switch|p1b: Pelipper|Pelipper, L50, F|100/100\n|switch|p2a: Luxray|Luxray, L50, M|100/100\n|switch|p2b: Aggron|Aggron, L50, M|100/100\n|-ability|p2a: Luxray|Intimidate|boost\n|-unboost|p1a: Gengar|atk|1\n|-unboost|p1b: Pelipper|atk|1\n|-weather|RainDance|[from] ability: Drizzle|[of] p1b: Pelipper\n|turn|1\n|inactive|zanyo18 has 30 seconds left.\n|\n|t:|1776528958\n|switch|p1b: Incineroar|Incineroar, L50, F|100/100\n|-ability|p1b: Incineroar|Intimidate|boost\n|-unboost|p2a: Luxray|atk|1\n|-unboost|p2b: Aggron|atk|1\n|switch|p2b: Farigiraf|Farigiraf, L50, F|100/100\n|detailschange|p1a: Gengar|Gengar-Mega, L50, F\n|-mega|p1a: Gengar|Gengar|Gengarite\n|move|p1a: Gengar|Shadow Ball|p2b: Farigiraf\n|-immune|p2b: Farigiraf\n|move|p2a: Luxray|Snarl|p1a: Gengar|[spread] p1a,p1b\n|-supereffective|p1a: Gengar|1\n|-resisted|p1b: Incineroar|1\n|-damage|p1a: Gengar|80/100\n|-damage|p1b: Incineroar|97/100\n|-unboost|p1a: Gengar|spa|1\n|-unboost|p1b: Incineroar|spa|1\n|\n|-weather|RainDance|[upkeep]\n|upkeep\n|turn|2\n|inactive|zanyo18 has 30 seconds left.\n|inactive|Johten has 30 seconds left.\n|inactive|Johten has 20 seconds left.\n|\n|t:|1776528996\n|move|p1a: Gengar|Dark Pulse|p2b: Farigiraf\n|-supereffective|p2b: Farigiraf|1\n|-damage|p2b: Farigiraf|58/100\n|move|p2a: Luxray|Snarl|p1b: Incineroar|[spread] p1a,p1b\n|-supereffective|p1a: Gengar|1\n|-resisted|p1b: Incineroar|1\n|-damage|p1a: Gengar|58/100\n|-damage|p1b: Incineroar|93/100\n|-unboost|p1a: Gengar|spa|1\n|-unboost|p1b: Incineroar|spa|1\n|move|p1b: Incineroar|Darkest Lariat|p2b: Farigiraf\n|-supereffective|p2b: Farigiraf|1\n|-damage|p2b: Farigiraf|0 fnt\n|faint|p2b: Farigiraf\n|\n|-weather|RainDance|[upkeep]\n|upkeep\n|c|\u2606zanyo18|gg\n|\n|t:|1776529014\n|switch|p2b: Aggron|Aggron, L50, M|100/100\n|turn|3\n|inactive|zanyo18 has 30 seconds left.\n|c|\u2606Johten|???\n|inactive|zanyo18 has 20 seconds left.\n|inactive|zanyo18 has 15 seconds left.\n|\n|t:|1776529055\n|switch|p1a: Pelipper|Pelipper, L50, F|100/100\n|detailschange|p2b: Aggron|Aggron-Mega, L50, M\n|-mega|p2b: Aggron|Aggron|Aggronite\n|move|p2a: Luxray|Volt Switch|p1a: Pelipper\n|-supereffective|p1a: Pelipper|2\n|-crit|p1a: Pelipper\n|-damage|p1a: Pelipper|0 fnt\n|faint|p1a: Pelipper\n|\n|t:|1776529063\n|switch|p2a: Aerodactyl|Aerodactyl, L50, F|100/100|[from] Volt Switch\n|-ability|p2a: Aerodactyl|Unnerve\n|move|p1b: Incineroar|Will-O-Wisp|p2b: Aggron\n|-status|p2b: Aggron|brn\n|move|p2b: Aggron|Heavy Slam|p1b: Incineroar\n|-resisted|p1b: Incineroar|1\n|-damage|p1b: Incineroar|78/100\n|\n|-weather|RainDance|[upkeep]\n|-damage|p2b: Aggron|94/100 brn|[from] brn\n|upkeep\n|\n|t:|1776529075\n|switch|p1a: Gengar|Gengar-Mega, L50, F|58/100\n|turn|4\n|inactive|zanyo18 has 30 seconds left.\n|inactive|Johten has 30 seconds left.\n|\n|t:|1776529109\n|move|p2a: Aerodactyl|Stone Edge|p1a: Gengar\n|-damage|p1a: Gengar|0 fnt\n|faint|p1a: Gengar\n|move|p1b: Incineroar|Parting Shot|p2a: Aerodactyl\n|-unboost|p2a: Aerodactyl|atk|1\n|-unboost|p2a: Aerodactyl|spa|1\n|\n|t:|1776529116\n|switch|p1b: Basculegion|Basculegion, L50, M|100/100|[from] Parting Shot\n|-enditem|p2a: Aerodactyl|White Herb\n|-clearnegativeboost|p2a: Aerodactyl|[silent]\n|move|p2b: Aggron|Iron Defense|p2b: Aggron\n|-boost|p2b: Aggron|def|2\n|\n|-weather|RainDance|[upkeep]\n|-damage|p2b: Aggron|88/100 brn|[from] brn\n|upkeep\n|\n|t:|1776529125\n|switch|p1a: Incineroar|Incineroar, L50, F|78/100\n|-ability|p1a: Incineroar|Intimidate|boost\n|-unboost|p2a: Aerodactyl|atk|1\n|-unboost|p2b: Aggron|atk|1\n|turn|5\n|\n|t:|1776529140\n|switch|p2a: Luxray|Luxray, L50, M|100/100\n|-ability|p2a: Luxray|Intimidate|boost\n|-unboost|p1a: Incineroar|atk|1\n|-unboost|p1b: Basculegion|atk|1\n|move|p2b: Aggron|Protect|p2b: Aggron\n|-singleturn|p2b: Aggron|Protect\n|move|p1a: Incineroar|Fake Out|p2a: Luxray\n|-damage|p2a: Luxray|90/100\n|move|p1b: Basculegion|Last Respects|p2b: Aggron\n|-activate|p2b: Aggron|move: Protect\n|\n|-weather|none\n|-damage|p2b: Aggron|82/100 brn|[from] brn\n|upkeep\n|turn|6\n|inactive|zanyo18 has 30 seconds left.\n|\n|t:|1776529166\n|move|p1b: Basculegion|Last Respects|p2b: Aggron\n|-damage|p2b: Aggron|64/100 brn\n|move|p2a: Luxray|Volt Switch|p1b: Basculegion\n|-supereffective|p1b: Basculegion|1\n|-damage|p1b: Basculegion|54/100\n|\n|t:|1776529172\n|switch|p2a: Aerodactyl|Aerodactyl, L50, F|100/100|[from] Volt Switch\n|-ability|p2a: Aerodactyl|Unnerve\n|move|p1a: Incineroar|Darkest Lariat|p2a: Aerodactyl\n|-damage|p2a: Aerodactyl|49/100\n|move|p2b: Aggron|Iron Defense|p2b: Aggron\n|-boost|p2b: Aggron|def|2\n|\n|-damage|p2b: Aggron|58/100 brn|[from] brn\n|upkeep\n|turn|7\n|\n|t:|1776529191\n|move|p2a: Aerodactyl|Protect|p2a: Aerodactyl\n|-singleturn|p2a: Aerodactyl|Protect\n|move|p1b: Basculegion|Last Respects|p2a: Aerodactyl\n|-activate|p2a: Aerodactyl|move: Protect\n|move|p1a: Incineroar|Will-O-Wisp|p2a: Aerodactyl\n|-activate|p2a: Aerodactyl|move: Protect\n|move|p2b: Aggron|Body Press|p1a: Incineroar\n|-supereffective|p1a: Incineroar|1\n|-damage|p1a: Incineroar|0 fnt\n|faint|p1a: Incineroar\n|\n|-damage|p2b: Aggron|51/100 brn|[from] brn\n|upkeep\n|turn|8\n|-message|zanyo18 forfeited.\n|\n|win|Johten\n|raw|zanyo18's rating: 1173 &rarr; <strong>1150</strong><br />(-23 for losing)\n|raw|Johten's rating: 1203 &rarr; <strong>1226</strong><br />(+23 for winning)\n|l|\u2606zanyo18\n|player|p1|\n",
  "uploadtime": 1776529207,
  "views": 16,
  "formatid": "gen9championsvgc2026regma",
  "rating": 1150,
  "private": 0,
  "password": null
}