{
  "id": "gen9championsvgc2026regma-2588624449",
  "format": "[Gen 9 Champions] VGC 2026 Reg M-A",
  "players": [
    "OgiOcrew",
    "AidanS7"
  ],
  "log": "|j|\u2606OgiOcrew\n|j|\u2606AidanS7\n|html|<table width=\"100%\"><tr><td align=\"left\">OgiOcrew</td><td align=\"right\">AidanS7</tr><tr><td align=\"left\"><i class=\"fa fa-circle\"></i> <i class=\"fa fa-circle-o\"></i> </td><td align=\"right\"><i class=\"fa fa-circle-o\"></i> <i class=\"fa fa-circle-o\"></i> </tr></table>\n|uhtml|bestof|<h2><strong>Game 2</strong> of <a href=\"/game-bestof3-gen9championsvgc2026regma-2588621523\">a best-of-3</a></h2>\n|t:|1776651244\n|gametype|doubles\n|player|p1|OgiOcrew|169|\n|player|p2|AidanS7|wallace|\n|gen|9\n|tier|[Gen 9 Champions] VGC 2026 Reg M-A\n|rule|Species Clause: Limit one of each Pok\u00e9mon\n|rule|Item Clause: Limit 1 of each item\n|raw|<div class=\"infobox\"><details class=\"readmore\" open><summary><strong>1 custom rule:</strong></summary> Best of = 3</details></div>\n|clearpoke\n|poke|p1|Gengar, L50, M, shiny|\n|poke|p1|Incineroar, L50, F, shiny|\n|poke|p1|Sableye, L50, M, shiny|\n|poke|p1|Politoed, L50, F, shiny|\n|poke|p1|Palafin, L50, F, shiny|\n|poke|p1|Corviknight, L50, M, shiny|\n|poke|p2|Gengar, L50, F, shiny|\n|poke|p2|Meganium, L50, M, shiny|\n|poke|p2|Pelipper, L50, F|\n|poke|p2|Sneasler, L50, M|\n|poke|p2|Basculegion, L50, M|\n|poke|p2|Archaludon, L50, F|\n|teampreview|4\nOgiOcrew rejected open team sheets.\n|inactive|Battle timer is ON: inactive players will automatically lose when time's up. (requested by OgiOcrew)\n|inactive|OgiOcrew has 60 seconds left.\n|\n|t:|1776651296\n|teamsize|p1|4\n|teamsize|p2|4\n|start\n|switch|p1a: Gengar|Gengar, L50, M, shiny|100/100\n|switch|p1b: Politoed|Politoed, L50, F, shiny|100/100\n|switch|p2a: Sneasler|Sneasler, L50, M|100/100\n|switch|p2b: Basculegion|Basculegion, L50, M|100/100\n|-weather|RainDance|[from] ability: Drizzle|[of] p1b: Politoed\n|turn|1\n|inactive|OgiOcrew has 30 seconds left.\n|\n|t:|1776651327\n|switch|p1b: Sableye|Sableye, L50, M, shiny|100/100\n|move|p1a: Gengar|Protect|p1a: Gengar\n|-singleturn|p1a: Gengar|Protect\n|move|p2a: Sneasler|Fake Out|p1b: Sableye\n|-immune|p1b: Sableye\n|move|p2b: Basculegion|Last Respects|p1a: Gengar\n|-activate|p1a: Gengar|move: Protect\n|\n|-weather|RainDance|[upkeep]\n|upkeep\n|turn|2\n|\n|t:|1776651348\n|switch|p1a: Incineroar|Incineroar, L50, F, shiny|100/100\n|-ability|p1a: Incineroar|Intimidate|boost\n|-unboost|p2a: Sneasler|atk|1\n|-unboost|p2b: Basculegion|atk|1\n|-enditem|p2a: Sneasler|White Herb\n|-clearnegativeboost|p2a: Sneasler|[silent]\n|move|p2a: Sneasler|Protect|p2a: Sneasler\n|-singleturn|p2a: Sneasler|Protect\n|move|p1b: Sableye|Encore|p2a: Sneasler\n|-activate|p2a: Sneasler|move: Protect\n|move|p2b: Basculegion|Last Respects|p1a: Incineroar\n|-resisted|p1a: Incineroar|1\n|-crit|p1a: Incineroar\n|-damage|p1a: Incineroar|79/100\n|\n|-weather|RainDance|[upkeep]\n|upkeep\n|turn|3\n|\n|t:|1776651371\n|switch|p2b: Meganium|Meganium, L50, M, shiny|100/100\n|move|p1b: Sableye|Encore|p2a: Sneasler\n|-start|p2a: Sneasler|Encore\n|move|p2a: Sneasler|Protect||[still]\n|-fail|p2a: Sneasler\n|move|p1a: Incineroar|Parting Shot|p2b: Meganium\n|-unboost|p2b: Meganium|atk|1\n|-unboost|p2b: Meganium|spa|1\n|\n|t:|1776651379\n|switch|p1a: Gengar|Gengar, L50, M, shiny|100/100|[from] Parting Shot\n|\n|-weather|RainDance|[upkeep]\n|upkeep\n|turn|4\n|\n|t:|1776651404\n|switch|p2a: Gengar|Gengar, L50, F, shiny|100/100\n|switch|p2b: Basculegion|Basculegion, L50, M|100/100\n|detailschange|p1a: Gengar|Gengar-Mega, L50, M, shiny\n|-mega|p1a: Gengar|Gengar|Gengarite\n|move|p1a: Gengar|Sludge Bomb|p2b: Basculegion\n|-resisted|p2b: Basculegion|1\n|-damage|p2b: Basculegion|68/100\n|move|p1b: Sableye|Foul Play|p2a: Gengar\n|-supereffective|p2a: Gengar|1\n|-damage|p2a: Gengar|10/100\n|\n|-weather|RainDance|[upkeep]\n|upkeep\n|turn|5\n|inactive|OgiOcrew has 30 seconds left.\n|inactive|AidanS7 has 30 seconds left.\n|\n|t:|1776651435\n|move|p1b: Sableye|Detect|p1b: Sableye\n|-singleturn|p1b: Sableye|Protect\n|move|p1a: Gengar|Protect|p1a: Gengar\n|-singleturn|p1a: Gengar|Protect\n|move|p2a: Gengar|Protect|p2a: Gengar\n|-singleturn|p2a: Gengar|Protect\n|move|p2b: Basculegion|Last Respects|p1a: Gengar\n|-activate|p1a: Gengar|move: Protect\n|\n|-weather|none\n|upkeep\n|turn|6\n|\n|t:|1776651448\n|switch|p1a: Incineroar|Incineroar, L50, F, shiny|79/100\n|-ability|p1a: Incineroar|Intimidate|boost\n|-unboost|p2a: Gengar|atk|1\n|-unboost|p2b: Basculegion|atk|1\n|move|p1b: Sableye|Encore|p2a: Gengar\n|-start|p2a: Gengar|Encore\n|move|p2a: Gengar|Protect|p2a: Gengar\n|-singleturn|p2a: Gengar|Protect\n|move|p2b: Basculegion|Last Respects|p1a: Incineroar\n|-resisted|p1a: Incineroar|1\n|-damage|p1a: Incineroar|71/100\n|\n|upkeep\n|turn|7\n|\n|t:|1776651467\n|switch|p2a: Sneasler|Sneasler, L50, M|100/100\n|move|p2b: Basculegion|Last Respects|p1b: Sableye\n|-crit|p1b: Sableye\n|-damage|p1b: Sableye|44/100\n|move|p1a: Incineroar|Flare Blitz|p2a: Sneasler\n|-damage|p2a: Sneasler|15/100\n|-status|p2a: Sneasler|brn\n|-damage|p1a: Incineroar|49/100|[from] Recoil\n|move|p1b: Sableye|Foul Play|p2b: Basculegion\n|-supereffective|p2b: Basculegion|1\n|-damage|p2b: Basculegion|0 fnt\n|faint|p2b: Basculegion\n|\n|-damage|p2a: Sneasler|9/100 brn|[from] brn\n|upkeep\n|\n|t:|1776651482\n|switch|p2b: Meganium|Meganium, L50, M, shiny|100/100\n|turn|8\n|\n|t:|1776651492\n|move|p1b: Sableye|Detect|p1b: Sableye\n|-singleturn|p1b: Sableye|Protect\n|move|p2a: Sneasler|Fake Out|p1a: Incineroar\n|-damage|p1a: Incineroar|42/100\n|move|p2b: Meganium|Dazzling Gleam|p1b: Sableye|[spread] p1a\n|-activate|p1b: Sableye|move: Protect\n|-damage|p1a: Incineroar|30/100\n|cant|p1a: Incineroar|flinch\n|\n|-damage|p2a: Sneasler|3/100 brn|[from] brn\n|upkeep\n|turn|9\n|inactive|OgiOcrew has 30 seconds left.\n|inactive|AidanS7 has 30 seconds left.\n|\n|t:|1776651522\n|switch|p1b: Politoed|Politoed, L50, F, shiny|100/100\n|-weather|RainDance|[from] ability: Drizzle|[of] p1b: Politoed\n|move|p2a: Sneasler|Close Combat|p1a: Incineroar\n|-supereffective|p1a: Incineroar|1\n|-damage|p1a: Incineroar|0 fnt\n|-unboost|p2a: Sneasler|def|1\n|-unboost|p2a: Sneasler|spd|1\n|faint|p1a: Incineroar\n|move|p2b: Meganium|Dazzling Gleam|p1b: Politoed\n|-damage|p1b: Politoed|83/100\n|\n|-weather|RainDance|[upkeep]\n|-damage|p2a: Sneasler|0 fnt|[from] brn\n|faint|p2a: Sneasler\n|upkeep\n|\n|t:|1776651535\n|switch|p2a: Gengar|Gengar, L50, F, shiny|10/100\n|switch|p1a: Gengar|Gengar-Mega, L50, M, shiny|100/100\n|turn|10\n|\n|t:|1776651546\n|move|p1a: Gengar|Sludge Bomb|p2b: Meganium\n|-supereffective|p2b: Meganium|1\n|-damage|p2b: Meganium|0 fnt\n|faint|p2b: Meganium\n|move|p2a: Gengar|Shadow Ball|p1a: Gengar\n|-supereffective|p1a: Gengar|1\n|-damage|p1a: Gengar|0 fnt\n|faint|p1a: Gengar\n|move|p1b: Politoed|Chilling Water|p2a: Gengar\n|-damage|p2a: Gengar|0 fnt\n|faint|p2a: Gengar\n|\n|win|OgiOcrew\n|l|\u2606AidanS7\n|player|p2|\n",
  "uploadtime": 1776651986,
  "views": 3,
  "formatid": "gen9championsvgc2026regma",
  "rating": null,
  "private": 0,
  "password": null
}