{
  "id": "gen9championsvgc2026regma-2582733849",
  "format": "[Gen 9 Champions] VGC 2026 Reg M-A",
  "players": [
    "MakeItRain30%",
    "69ingIncineroar"
  ],
  "log": "|j|\u203dMakeItRain30%\n|j|\u260669ingIncineroar\n|t:|1776110386\n|gametype|doubles\n|player|p1|MakeItRain30%|lucas|1084\n|player|p2|69ingIncineroar|266|1069\n|gen|9\n|tier|[Gen 9 Champions] VGC 2026 Reg M-A\n|rated|\n|rule|Species Clause: Limit one of each Pok\u00e9mon\n|rule|Item Clause: Limit 1 of each item\n|clearpoke\n|poke|p1|Floette-Eternal, L50, F|\n|poke|p1|Whimsicott, L50, F|\n|poke|p1|Maushold-Four, L50|\n|poke|p1|Sneasler, L50, F|\n|poke|p1|Basculegion, L50, M|\n|poke|p1|Garchomp, L50, F|\n|poke|p2|Maushold-Four, L50|\n|poke|p2|Hawlucha, L50, F|\n|poke|p2|Lucario, L50, F|\n|poke|p2|Farigiraf, L50, F|\n|poke|p2|Sneasler, L50, M|\n|poke|p2|Camerupt, L50, M|\n|teampreview|4\n|inactive|Battle timer is ON: inactive players will automatically lose when time's up. (requested by 69ingIncineroar)\n|inactive|MakeItRain30% also wants the timer to be on.\n|inactive|69ingIncineroar has 60 seconds left.\n|\n|t:|1776110421\n|teamsize|p1|4\n|teamsize|p2|4\n|start\n|switch|p1a: Maushold|Maushold-Four, L50|100/100\n|switch|p1b: Floette|Floette-Eternal, L50, F|100/100\n|switch|p2a: Lucario|Lucario, L50, F|100/100\n|switch|p2b: Maushold|Maushold-Four, L50|100/100\n|turn|1\n|\n|t:|1776110443\n|move|p1b: Floette|Protect|p1b: Floette\n|-singleturn|p1b: Floette|Protect\n|move|p2a: Lucario|Aura Sphere|p1a: Maushold\n|-supereffective|p1a: Maushold|1\n|-enditem|p1a: Maushold|Chople Berry|[eat]\n|-enditem|p1a: Maushold|Chople Berry|[weaken]\n|-damage|p1a: Maushold|62/100\n|move|p2b: Maushold|Population Bomb|p1b: Floette\n|-activate|p1b: Floette|move: Protect\n|move|p1a: Maushold|Taunt|p2b: Maushold\n|-start|p2b: Maushold|move: Taunt\n|\n|upkeep\n|turn|2\n|\n|t:|1776110467\n|switch|p1a: Basculegion|Basculegion, L50, M|100/100\n|detailschange|p1b: Floette|Floette-Mega, L50, F\n|-mega|p1b: Floette|Floette|Floettite\n|-ability|p1b: Floette|Fairy Aura\n|move|p2a: Lucario|Aura Sphere|p1a: Basculegion\n|-immune|p1a: Basculegion\n|move|p2b: Maushold|Population Bomb|p1b: Floette|[miss]\n|-miss|p2b: Maushold|p1b: Floette\n|move|p1b: Floette|Dazzling Gleam|p2b: Maushold|[spread] p2a,p2b\n|-damage|p2a: Lucario|49/100\n|-damage|p2b: Maushold|34/100\n|\n|upkeep\n|turn|3\n|\n|t:|1776110489\n|switch|p2a: Farigiraf|Farigiraf, L50, F|100/100\n|move|p1a: Basculegion|Flip Turn|p2b: Maushold\n|-damage|p2b: Maushold|0 fnt\n|faint|p2b: Maushold\n|\n|t:|1776110496\n|switch|p1a: Maushold|Maushold-Four, L50|62/100|[from] Flip Turn\n|move|p1b: Floette|Dazzling Gleam|p2a: Farigiraf\n|-damage|p2a: Farigiraf|46/100\n|\n|-heal|p2a: Farigiraf|52/100|[from] item: Leftovers\n|upkeep\n|\n|t:|1776110510\n|switch|p2b: Lucario|Lucario, L50, F|49/100\n|turn|4\n|\n|t:|1776110530\n|move|p1a: Maushold|Follow Me|p1a: Maushold\n|-singleturn|p1a: Maushold|move: Follow Me\n|move|p2b: Lucario|Flash Cannon|p1a: Maushold\n|-damage|p1a: Maushold|20/100\n|move|p1b: Floette|Moonblast|p2a: Farigiraf\n|-damage|p2a: Farigiraf|0 fnt\n|faint|p2a: Farigiraf\n|\n|upkeep\n|\n|t:|1776110538\n|switch|p2a: Sneasler|Sneasler, L50, M|100/100\n|turn|5\n|\n|t:|1776110548\n|move|p1a: Maushold|Protect|p1a: Maushold\n|-singleturn|p1a: Maushold|Protect\n|move|p1b: Floette|Protect|p1b: Floette\n|-singleturn|p1b: Floette|Protect\n|move|p2b: Lucario|Flash Cannon|p1a: Maushold\n|-activate|p1a: Maushold|move: Protect\n|move|p2a: Sneasler|Dire Claw|p1b: Floette\n|-activate|p1b: Floette|move: Protect\n|\n|upkeep\n|turn|6\n|\n|t:|1776110563\n|switch|p1a: Basculegion|Basculegion, L50, M|100/100\n|switch|p1b: Garchomp|Garchomp, L50, F|100/100\n|move|p2b: Lucario|Flash Cannon|p1b: Garchomp\n|-damage|p1b: Garchomp|67/100\n|move|p2a: Sneasler|Close Combat|p1a: Basculegion\n|-immune|p1a: Basculegion\n|\n|upkeep\n|turn|7\n|\n|t:|1776110587\n|move|p2b: Lucario|Flash Cannon|p1a: Basculegion\n|-resisted|p1a: Basculegion|1\n|-damage|p1a: Basculegion|81/100\n|move|p1a: Basculegion|Wave Crash|p2b: Lucario\n|-damage|p2b: Lucario|0 fnt\n|faint|p2b: Lucario\n|-damage|p1a: Basculegion|66/100|[from] Recoil\n|move|p2a: Sneasler|Dire Claw|p1a: Basculegion\n|-resisted|p1a: Basculegion|1\n|-damage|p1a: Basculegion|40/100\n|move|p1b: Garchomp|Stomping Tantrum|p2a: Sneasler\n|-supereffective|p2a: Sneasler|1\n|-damage|p2a: Sneasler|0 fnt\n|faint|p2a: Sneasler\n|\n|win|MakeItRain30%\n|raw|MakeItRain30%'s rating: 1084 &rarr; <strong>1110</strong><br />(+26 for winning)\n|raw|69ingIncineroar's rating: 1069 &rarr; <strong>1050</strong><br />(-19 for losing)\n|l|\u260669ingIncineroar\n|player|p2|\n",
  "uploadtime": 1776110605,
  "views": 16,
  "formatid": "gen9championsvgc2026regma",
  "rating": 1050,
  "private": 0,
  "password": null
}