{
  "id": "gen9championsvgc2026regma-2585089377",
  "format": "[Gen 9 Champions] VGC 2026 Reg M-A",
  "players": [
    "dalteageist",
    "talonflame76"
  ],
  "log": "|j|\u2606dalteageist\n|j|\u2606talonflame76\n|t:|1776310604\n|gametype|doubles\n|player|p1|dalteageist|shadowtriad|1164\n|player|p2|talonflame76|101|1124\n|gen|9\n|tier|[Gen 9 Champions] VGC 2026 Reg M-A\n|rated|\n|rule|Species Clause: Limit one of each Pok\u00e9mon\n|rule|Item Clause: Limit 1 of each item\n|clearpoke\n|poke|p1|Ariados, L50, F|\n|poke|p1|Altaria, L50, F|\n|poke|p1|Chimecho, L50, F|\n|poke|p1|Gengar, L50, M|\n|poke|p1|Torterra, L50, M|\n|poke|p1|Milotic, L50, F|\n|poke|p2|Tyranitar, L50, F|\n|poke|p2|Excadrill, L50, M|\n|poke|p2|Sableye, L50, F|\n|poke|p2|Chandelure, L50, M|\n|poke|p2|Goodra-Hisui, L50, F|\n|poke|p2|Meganium, L50, F|\n|teampreview|4\n|\n|t:|1776310648\n|teamsize|p1|4\n|teamsize|p2|4\n|start\n|switch|p1a: Chimecho|Chimecho, L50, F|100/100\n|switch|p1b: Milotic|Milotic, L50, F|100/100\n|switch|p2a: Sableye|Sableye, L50, F|100/100\n|switch|p2b: Chandelure|Chandelure, L50, M|100/100\n|turn|1\n|\n|t:|1776310663\n|switch|p2b: Meganium|Meganium, L50, F|100/100\n|move|p1b: Milotic|Protect|p1b: Milotic\n|-singleturn|p1b: Milotic|Protect\n|move|p1a: Chimecho|Protect|p1a: Chimecho\n|-singleturn|p1a: Chimecho|Protect\n|move|p2a: Sableye|Light Screen|p2a: Sableye\n|-sidestart|p2: talonflame76|move: Light Screen\n|\n|upkeep\n|turn|2\n|\n|t:|1776310697\n|switch|p1b: Ariados|Ariados, L50, F|100/100\n|detailschange|p2b: Meganium|Meganium-Mega, L50, F\n|-mega|p2b: Meganium|Meganium|Meganiumite\n|detailschange|p1a: Chimecho|Chimecho-Mega, L50, F\n|-mega|p1a: Chimecho|Chimecho|Chimechite\n|move|p2a: Sableye|Taunt|p1b: Ariados\n|-start|p1b: Ariados|move: Taunt\n|move|p2b: Meganium|Weather Ball|p1a: Chimecho\n|-supereffective|p1a: Chimecho|1\n|-damage|p1a: Chimecho|0 fnt\n|faint|p1a: Chimecho\n|\n|upkeep\n|\n|t:|1776310715\n|switch|p1a: Milotic|Milotic, L50, F|100/100\n|turn|3\n|\n|t:|1776310729\n|move|p2a: Sableye|Taunt|p1a: Milotic\n|-start|p1a: Milotic|move: Taunt\n|move|p2b: Meganium|Weather Ball|p1b: Ariados\n|-supereffective|p1b: Ariados|1\n|-damage|p1b: Ariados|0 fnt\n|faint|p1b: Ariados\n|move|p1a: Milotic|Ice Beam|p2b: Meganium\n|-supereffective|p2b: Meganium|1\n|-damage|p2b: Meganium|68/100\n|\n|upkeep\n|\n|t:|1776310735\n|switch|p1b: Torterra|Torterra, L50, M|100/100\n|turn|4\n|\n|t:|1776310758\n|move|p2a: Sableye|Will-O-Wisp|p1b: Torterra\n|-status|p1b: Torterra|brn\n|move|p2b: Meganium|Solar Beam||[still]\n|-prepare|p2b: Meganium|Solar Beam\n|-activate|p2b: Meganium|ability: Mega Sol\n|-anim|p2b: Meganium|Solar Beam|p1a: Milotic\n|-supereffective|p1a: Milotic|1\n|-damage|p1a: Milotic|0 fnt\n|faint|p1a: Milotic\n|move|p1b: Torterra|Earthquake|p2a: Sableye|[spread] p2a,p2b\n|-resisted|p2b: Meganium|1\n|-damage|p2a: Sableye|76/100\n|-damage|p2b: Meganium|60/100\n|\n|-damage|p1b: Torterra|94/100 brn|[from] brn\n|upkeep\n|turn|5\n|\n|t:|1776310775\n|move|p2a: Sableye|Reflect|p2a: Sableye\n|-sidestart|p2: talonflame76|Reflect\n|move|p2b: Meganium|Solar Beam||[still]\n|-prepare|p2b: Meganium|Solar Beam\n|-activate|p2b: Meganium|ability: Mega Sol\n|-anim|p2b: Meganium|Solar Beam|p1b: Torterra\n|-damage|p1b: Torterra|10/100 brn\n|move|p1b: Torterra|Earthquake|p2a: Sableye|[spread] p2a,p2b\n|-resisted|p2b: Meganium|1\n|-crit|p2b: Meganium\n|-damage|p2a: Sableye|61/100\n|-damage|p2b: Meganium|48/100\n|\n|-heal|p1b: Torterra|16/100 brn|[from] item: Leftovers\n|-damage|p1b: Torterra|10/100 brn|[from] brn\n|-sideend|p2: talonflame76|move: Light Screen\n|upkeep\n|turn|6\n|\n|t:|1776310793\n|move|p2a: Sableye|Taunt|p1b: Torterra\n|-start|p1b: Torterra|move: Taunt\n|move|p2b: Meganium|Dazzling Gleam|p1b: Torterra\n|-damage|p1b: Torterra|0 fnt\n|faint|p1b: Torterra\n|\n|win|talonflame76\n|raw|dalteageist's rating: 1164 &rarr; <strong>1136</strong><br />(-28 for losing)\n|raw|talonflame76's rating: 1124 &rarr; <strong>1152</strong><br />(+28 for winning)\n|l|\u2606dalteageist\n|player|p1|\n",
  "uploadtime": 1776310805,
  "views": 22,
  "formatid": "gen9championsvgc2026regma",
  "rating": 1136,
  "private": 0,
  "password": null
}