{
  "id": "gen9championsvgc2026regma-2582814141",
  "format": "[Gen 9 Champions] VGC 2026 Reg M-A",
  "players": [
    "DavidTIS",
    "literallyguest1"
  ],
  "log": "|j|\u2606DavidTIS\n|j|\u2606literallyguest1\n|t:|1776116122\n|gametype|doubles\n|player|p1|DavidTIS|265|1059\n|player|p2|literallyguest1|2|1026\n|gen|9\n|tier|[Gen 9 Champions] VGC 2026 Reg M-A\n|rated|\n|rule|Species Clause: Limit one of each Pok\u00e9mon\n|rule|Item Clause: Limit 1 of each item\n|clearpoke\n|poke|p1|Starmie, L50|\n|poke|p1|Lucario, L50, F|\n|poke|p1|Lycanroc-Dusk, L50, F|\n|poke|p1|Hydreigon, L50, M|\n|poke|p1|Slowbro-Galar, L50, F|\n|poke|p1|Charizard, L50, M|\n|poke|p2|Sharpedo, L50, F|\n|poke|p2|Sneasler, L50, F|\n|poke|p2|Arcanine-Hisui, L50, M|\n|poke|p2|Whimsicott, L50, M|\n|poke|p2|Garchomp, L50, F|\n|poke|p2|Dragonite, L50, M|\n|teampreview|4\n|inactive|Battle timer is ON: inactive players will automatically lose when time's up. (requested by literallyguest1)\n|inactive|DavidTIS has 60 seconds left.\n|inactive|literallyguest1 has 60 seconds left.\n|\n|t:|1776116169\n|teamsize|p1|4\n|teamsize|p2|4\n|start\n|switch|p1a: Starmie|Starmie, L50|100/100\n|switch|p1b: Hydreigon|Hydreigon, L50, M|100/100\n|switch|p2a: Arcanine|Arcanine-Hisui, L50, M|100/100\n|switch|p2b: Whimsicott|Whimsicott, L50, M|100/100\n|-ability|p2a: Arcanine|Intimidate|boost\n|-unboost|p1a: Starmie|atk|1\n|-unboost|p1b: Hydreigon|atk|1\n|-enditem|p1b: Hydreigon|White Herb\n|-clearnegativeboost|p1b: Hydreigon|[silent]\n|turn|1\n|inactive|literallyguest1 has 30 seconds left.\n|\n|t:|1776116196\n|switch|p2a: Garchomp|Garchomp, L50, F|100/100\n|detailschange|p1a: Starmie|Starmie-Mega, L50\n|-mega|p1a: Starmie|Starmie|Starminite\n|move|p1b: Hydreigon|Protect|p1b: Hydreigon\n|-singleturn|p1b: Hydreigon|Protect\n|move|p2b: Whimsicott|Tailwind|p2b: Whimsicott\n|-sidestart|p2: literallyguest1|move: Tailwind\n|move|p1a: Starmie|Liquidation|p2a: Garchomp\n|-damage|p2a: Garchomp|50/100\n|-damage|p1a: Starmie|89/100|[from] ability: Rough Skin|[of] p2a: Garchomp\n|\n|upkeep\n|turn|2\n|\n|t:|1776116221\n|switch|p1b: Lycanroc|Lycanroc-Dusk, L50, F|100/100\n|move|p2a: Garchomp|Dragon Claw|p1a: Starmie\n|-damage|p1a: Starmie|31/100\n|move|p2b: Whimsicott|Moonblast|p1b: Lycanroc\n|-damage|p1b: Lycanroc|39/100\n|move|p1a: Starmie|Ice Spinner|p2a: Garchomp\n|-supereffective|p2a: Garchomp|2\n|-enditem|p2a: Garchomp|Yache Berry|[eat]\n|-enditem|p2a: Garchomp|Yache Berry|[weaken]\n|-damage|p2a: Garchomp|0 fnt\n|-damage|p1a: Starmie|19/100|[from] ability: Rough Skin|[of] p2a: Garchomp\n|faint|p2a: Garchomp\n|\n|upkeep\n|\n|t:|1776116227\n|switch|p2a: Arcanine|Arcanine-Hisui, L50, M|100/100\n|-ability|p2a: Arcanine|Intimidate|boost\n|-unboost|p1a: Starmie|atk|1\n|-unboost|p1b: Lycanroc|atk|1\n|turn|3\n|\n|t:|1776116250\n|move|p1a: Starmie|Protect|p1a: Starmie\n|-singleturn|p1a: Starmie|Protect\n|move|p1b: Lycanroc|Accelerock|p2a: Arcanine\n|-supereffective|p2a: Arcanine|1\n|-damage|p2a: Arcanine|58/100\n|move|p2a: Arcanine|Rock Slide|p1a: Starmie|[spread] p1b\n|-activate|p1a: Starmie|move: Protect\n|-damage|p1b: Lycanroc|0 fnt\n|faint|p1b: Lycanroc\n|move|p2b: Whimsicott|Moonblast|p1a: Starmie\n|-activate|p1a: Starmie|move: Protect\n|\n|upkeep\n|\n|t:|1776116264\n|switch|p1b: Lucario|Lucario, L50, F|100/100\n|turn|4\n|\n|t:|1776116275\n|switch|p2a: Dragonite|Dragonite, L50, M|100/100\n|switch|p1a: Hydreigon|Hydreigon, L50, M|100/100\n|move|p2b: Whimsicott|Moonblast|p1a: Hydreigon\n|-supereffective|p1a: Hydreigon|2\n|-damage|p1a: Hydreigon|0 fnt\n|faint|p1a: Hydreigon\n|move|p1b: Lucario|Steel Beam|p2b: Whimsicott\n|-supereffective|p2b: Whimsicott|1\n|-enditem|p2b: Whimsicott|Focus Sash\n|-damage|p2b: Whimsicott|1/100\n|-damage|p1b: Lucario|50/100|[from] steelbeam\n|\n|-sideend|p2: literallyguest1|move: Tailwind\n|upkeep\n|\n|t:|1776116285\n|switch|p1a: Starmie|Starmie-Mega, L50|19/100\n|turn|5\n|inactive|literallyguest1 has 30 seconds left.\n|inactive|literallyguest1 has 20 seconds left.\n|inactive|literallyguest1 has 15 seconds left.\n|\n|t:|1776116327\n|switch|p2a: Arcanine|Arcanine-Hisui, L50, M|58/100\n|-ability|p2a: Arcanine|Intimidate|boost\n|-unboost|p1a: Starmie|atk|1\n|-fail|p1b: Lucario|unboost|Attack|[from] ability: Inner Focus|[of] p1b: Lucario\n|move|p2b: Whimsicott|Tailwind|p2b: Whimsicott\n|-sidestart|p2: literallyguest1|move: Tailwind\n|move|p1b: Lucario|Steel Beam|p2b: Whimsicott\n|-supereffective|p2b: Whimsicott|1\n|-crit|p2b: Whimsicott\n|-damage|p2b: Whimsicott|0 fnt\n|-damage|p1b: Lucario|0 fnt|[from] steelbeam\n|faint|p1b: Lucario\n|faint|p2b: Whimsicott\n|move|p1a: Starmie|Ice Spinner|p2a: Arcanine\n|-resisted|p2a: Arcanine|1\n|-damage|p2a: Arcanine|42/100\n|\n|upkeep\n|\n|t:|1776116329\n|switch|p2b: Dragonite|Dragonite, L50, M|100/100\n|turn|6\n|\n|t:|1776116348\n|detailschange|p2b: Dragonite|Dragonite-Mega, L50, M\n|-mega|p2b: Dragonite|Dragonite|Dragoninite\n|move|p2a: Arcanine|Extreme Speed|p1a: Starmie\n|-damage|p1a: Starmie|0 fnt\n|faint|p1a: Starmie\n|\n|win|literallyguest1\n|raw|DavidTIS's rating: 1059 &rarr; <strong>1038</strong><br />(-21 for losing)\n|raw|literallyguest1's rating: 1026 &rarr; <strong>1066</strong><br />(+40 for winning)\n|l|\u2606literallyguest1\n|player|p2|\n",
  "uploadtime": 1776116361,
  "views": 33,
  "formatid": "gen9championsvgc2026regma",
  "rating": 1038,
  "private": 0,
  "password": null
}