{
  "id": "gen9championsvgc2026regma-2583374957",
  "format": "[Gen 9 Champions] VGC 2026 Reg M-A",
  "players": [
    "Split2ndPlays",
    "randomtrainername"
  ],
  "log": "|j|\u2606Split2ndPlays\n|j|\u2606randomtrainername\n|t:|1776171193\n|gametype|doubles\n|player|p1|Split2ndPlays|koga|1000\n|player|p2|randomtrainername|265|1091\n|gen|9\n|tier|[Gen 9 Champions] VGC 2026 Reg M-A\n|rated|\n|rule|Species Clause: Limit one of each Pok\u00e9mon\n|rule|Item Clause: Limit 1 of each item\n|clearpoke\n|poke|p1|Talonflame, L50, M|\n|poke|p1|Glimmora, L50, F|\n|poke|p1|Tauros-Paldea-Aqua, L50, M|\n|poke|p1|Incineroar, L50, M|\n|poke|p1|Ninetales-Alola, L50, F|\n|poke|p1|Meowscarada, L50, M|\n|poke|p2|Tyranitar, L50, M|\n|poke|p2|Talonflame, L50, M|\n|poke|p2|Skarmory, L50, F|\n|poke|p2|Maushold-Four, L50|\n|poke|p2|Excadrill, L50, M|\n|poke|p2|Lycanroc-Dusk, L50, F|\n|teampreview|4\n|inactive|Battle timer is ON: inactive players will automatically lose when time's up. (requested by randomtrainername)\n|inactive|Split2ndPlays has 60 seconds left.\n|\n|t:|1776171226\n|teamsize|p1|4\n|teamsize|p2|4\n|start\n|switch|p1a: Unorthodox|Talonflame, L50, M, shiny|100/100\n|switch|p1b: Guy|Tauros-Paldea-Aqua, L50, M|100/100\n|switch|p2a: Excadrill|Excadrill, L50, M|100/100\n|switch|p2b: Skarmory|Skarmory, L50, F|100/100\n|-ability|p1b: Guy|Intimidate|boost\n|-unboost|p2a: Excadrill|atk|1\n|-unboost|p2b: Skarmory|atk|1\n|turn|1\n|\n|t:|1776171244\n|detailschange|p2b: Skarmory|Skarmory-Mega, L50, F\n|-mega|p2b: Skarmory|Skarmory|Skarmorite\n|move|p1a: Unorthodox|Tailwind|p1a: Unorthodox\n|-sidestart|p1: Split2ndPlays|move: Tailwind\n|move|p1b: Guy|Trailblaze|p2a: Excadrill\n|-damage|p2a: Excadrill|79/100\n|-boost|p1b: Guy|spe|1\n|move|p2b: Skarmory|Brave Bird|p1b: Guy\n|-supereffective|p1b: Guy|1\n|-enditem|p1b: Guy|Focus Sash\n|-damage|p1b: Guy|1/100\n|-damage|p2b: Skarmory|65/100|[from] Recoil\n|move|p2a: Excadrill|Rock Slide|p1b: Guy|[spread] p1b\n|-miss|p2a: Excadrill|p1a: Unorthodox\n|-resisted|p1b: Guy|1\n|-damage|p1b: Guy|0 fnt\n|faint|p1b: Guy\n|\n|upkeep\n|\n|t:|1776171253\n|switch|p1b: Wolfe\u2019s Bestie|Incineroar, L50, M|100/100\n|-ability|p1b: Wolfe\u2019s Bestie|Intimidate|boost\n|-unboost|p2a: Excadrill|atk|1\n|-unboost|p2b: Skarmory|atk|1\n|turn|2\n|c|\u2606randomtrainername|hmm\n|\n|t:|1776171267\n|switch|p2b: Lycanroc|Lycanroc-Dusk, L50, F|100/100\n|switch|p2a: Tyranitar|Tyranitar, L50, M|100/100\n|-weather|Sandstorm|[from] ability: Sand Stream|[of] p2a: Tyranitar\n|move|p1a: Unorthodox|Temper Flare|p2b: Lycanroc\n|-resisted|p2b: Lycanroc|1\n|-damage|p2b: Lycanroc|76/100\n|move|p1b: Wolfe\u2019s Bestie|Flare Blitz|p2a: Tyranitar\n|-resisted|p2a: Tyranitar|1\n|-damage|p2a: Tyranitar|87/100\n|-damage|p1b: Wolfe\u2019s Bestie|96/100|[from] Recoil\n|\n|-weather|Sandstorm|[upkeep]\n|-damage|p1a: Unorthodox|95/100|[from] Sandstorm\n|-damage|p1b: Wolfe\u2019s Bestie|90/100|[from] Sandstorm\n|upkeep\n|turn|3\n|\n|t:|1776171282\n|move|p1a: Unorthodox|Quick Guard|p1a: Unorthodox\n|-singleturn|p1a: Unorthodox|Quick Guard\n|move|p2b: Lycanroc|Stone Edge|p1a: Unorthodox\n|-supereffective|p1a: Unorthodox|2\n|-crit|p1a: Unorthodox\n|-damage|p1a: Unorthodox|0 fnt\n|faint|p1a: Unorthodox\n|move|p1b: Wolfe\u2019s Bestie|Parting Shot|p2a: Tyranitar\n|-unboost|p2a: Tyranitar|atk|1\n|-unboost|p2a: Tyranitar|spa|1\n|\n|t:|1776171284\n|switch|p1b: Glimmora|Glimmora, L50, F|100/100|[from] Parting Shot\n|move|p2a: Tyranitar|Stone Edge|p1b: Glimmora\n|-damage|p1b: Glimmora|62/100\n|-activate|p1b: Glimmora|ability: Toxic Debris\n|-sidestart|p2: randomtrainername|move: Toxic Spikes\n|\n|-weather|Sandstorm|[upkeep]\n|upkeep\n|\n|t:|1776171285\n|switch|p1a: Wolfe\u2019s Bestie|Incineroar, L50, M|90/100\n|-ability|p1a: Wolfe\u2019s Bestie|Intimidate|boost\n|-unboost|p2a: Tyranitar|atk|1\n|-unboost|p2b: Lycanroc|atk|1\n|turn|4\n|inactive|randomtrainername has 30 seconds left.\n|\n|t:|1776171311\n|detailschange|p1b: Glimmora|Glimmora-Mega, L50, F\n|-mega|p1b: Glimmora|Glimmora|Glimmoranite\n|move|p2b: Lycanroc|Protect|p2b: Lycanroc\n|-singleturn|p2b: Lycanroc|Protect\n|move|p1a: Wolfe\u2019s Bestie|Fake Out|p2a: Tyranitar\n|-resisted|p2a: Tyranitar|1\n|-damage|p2a: Tyranitar|84/100\n|move|p1b: Glimmora|Earth Power|p2b: Lycanroc\n|-activate|p2b: Lycanroc|move: Protect\n|cant|p2a: Tyranitar|flinch\n|\n|-weather|Sandstorm|[upkeep]\n|-damage|p1a: Wolfe\u2019s Bestie|84/100|[from] Sandstorm\n|-sideend|p1: Split2ndPlays|move: Tailwind\n|upkeep\n|turn|5\n|\n|t:|1776171327\n|switch|p2b: Skarmory|Skarmory-Mega, L50, F|65/100\n|move|p1b: Glimmora|Earth Power|p2a: Tyranitar\n|-supereffective|p2a: Tyranitar|1\n|-damage|p2a: Tyranitar|42/100\n|-unboost|p2a: Tyranitar|spd|1\n|move|p1a: Wolfe\u2019s Bestie|Parting Shot|p2b: Skarmory\n|-unboost|p2b: Skarmory|atk|1\n|-unboost|p2b: Skarmory|spa|1\n|move|p2a: Tyranitar|Earthquake|p1a: Wolfe\u2019s Bestie|[spread] p1a,p1b\n|-immune|p2b: Skarmory\n|-supereffective|p1a: Wolfe\u2019s Bestie|1\n|-supereffective|p1b: Glimmora|2\n|-damage|p1a: Wolfe\u2019s Bestie|62/100\n|-damage|p1b: Glimmora|11/100\n|\n|-weather|Sandstorm|[upkeep]\n|-damage|p1a: Wolfe\u2019s Bestie|56/100|[from] Sandstorm\n|upkeep\n|turn|6\n|-message|Split2ndPlays forfeited.\n|\n|win|randomtrainername\n|raw|Split2ndPlays's rating: 1000 &rarr; <strong>1000</strong><br />(+0 for losing)\n|raw|randomtrainername's rating: 1091 &rarr; <strong>1111</strong><br />(+20 for winning)\n|l|\u2606Split2ndPlays\n|player|p1|\n",
  "uploadtime": 1776171350,
  "views": 13,
  "formatid": "gen9championsvgc2026regma",
  "rating": 1000,
  "private": 0,
  "password": null
}