{
  "id": "gen9championsvgc2026regma-2587632991",
  "format": "[Gen 9 Champions] VGC 2026 Reg M-A",
  "players": [
    "haunting casper",
    "Requaiems"
  ],
  "log": "|j|\u2606haunting casper\n|j|\u2606Requaiems\n|t:|1776548790\n|gametype|doubles\n|player|p1|haunting casper|medium|1107\n|player|p2|Requaiems|ethan|1207\n|gen|9\n|tier|[Gen 9 Champions] VGC 2026 Reg M-A\n|rated|\n|rule|Species Clause: Limit one of each Pok\u00e9mon\n|rule|Item Clause: Limit 1 of each item\n|clearpoke\n|poke|p1|Delphox, L50, F|\n|poke|p1|Sneasler, L50, F|\n|poke|p1|Aegislash, L50, F|\n|poke|p1|Garchomp, L50, F|\n|poke|p1|Whimsicott, L50, M|\n|poke|p1|Milotic, L50, F|\n|poke|p2|Aggron, L50, M|\n|poke|p2|Aerodactyl, L50, M|\n|poke|p2|Sinistcha-Masterpiece, L50|\n|poke|p2|Tyranitar, L50, M|\n|poke|p2|Hydreigon, L50, M|\n|poke|p2|Sneasler, L50, M|\n|teampreview|4\n|inactive|Battle timer is ON: inactive players will automatically lose when time's up. (requested by Requaiems)\n|inactive|haunting casper has 60 seconds left.\n|inactive|haunting casper has 30 seconds left.\n|inactive|Requaiems has 60 seconds left.\n|\n|t:|1776548857\n|teamsize|p1|4\n|teamsize|p2|4\n|start\n|switch|p1a: Garchomp|Garchomp, L50, F|100/100\n|switch|p1b: Sneasler|Sneasler, L50, F|100/100\n|switch|p2a: Sinistcha|Sinistcha-Masterpiece, L50|100/100\n|switch|p2b: Sneasler|Sneasler, L50, M|100/100\n|turn|1\n|inactive|haunting casper has 30 seconds left.\n|\n|t:|1776548889\n|move|p2b: Sneasler|Fake Out|p1a: Garchomp\n|-damage|p1a: Garchomp|85/100\n|-damage|p2b: Sneasler|88/100|[from] ability: Rough Skin|[of] p1a: Garchomp\n|cant|p1a: Garchomp|flinch\n|move|p1b: Sneasler|Dire Claw|p2a: Sinistcha\n|-damage|p2a: Sinistcha|63/100\n|move|p2a: Sinistcha|Trick Room|p2a: Sinistcha\n|-fieldstart|move: Trick Room|[of] p2a: Sinistcha\n|\n|upkeep\n|turn|2\n|inactive|haunting casper has 30 seconds left.\n|inactive|Requaiems has 30 seconds left.\n|\n|t:|1776548917\n|move|p2a: Sinistcha|Matcha Gotcha|p1b: Sneasler|[spread] p1a,p1b\n|-resisted|p1b: Sneasler|1\n|-damage|p1a: Garchomp|57/100\n|-heal|p2a: Sinistcha|78/100|[from] drain|[of] p1a: Garchomp\n|-damage|p1b: Sneasler|83/100\n|-heal|p2a: Sinistcha|86/100|[from] drain|[of] p1b: Sneasler\n|move|p1b: Sneasler|Dire Claw|p2a: Sinistcha\n|-damage|p2a: Sinistcha|50/100\n|-status|p2a: Sinistcha|slp\n|move|p2b: Sneasler|Close Combat|p1a: Garchomp\n|-damage|p1a: Garchomp|0 fnt\n|-unboost|p2b: Sneasler|def|1\n|-unboost|p2b: Sneasler|spd|1\n|-damage|p2b: Sneasler|76/100|[from] ability: Rough Skin|[of] p1a: Garchomp\n|faint|p1a: Garchomp\n|-enditem|p2b: Sneasler|White Herb\n|-clearnegativeboost|p2b: Sneasler|[silent]\n|\n|upkeep\n|\n|t:|1776548934\n|switch|p1a: Milotic|Milotic, L50, F|100/100\n|turn|3\n|inactive|haunting casper has 30 seconds left.\n|\n|t:|1776548962\n|cant|p2a: Sinistcha|slp\n|move|p1a: Milotic|Scald|p2b: Sneasler\n|-damage|p2b: Sneasler|40/100\n|move|p1b: Sneasler|Dire Claw|p2a: Sinistcha\n|-damage|p2a: Sinistcha|15/100 slp\n|move|p2b: Sneasler|Close Combat|p1a: Milotic\n|-damage|p1a: Milotic|52/100\n|-unboost|p2b: Sneasler|def|1\n|-unboost|p2b: Sneasler|spd|1\n|\n|-heal|p1a: Milotic|58/100|[from] item: Leftovers\n|upkeep\n|turn|4\n|inactive|haunting casper has 30 seconds left.\n|inactive|haunting casper has 20 seconds left.\n|\n|t:|1776548999\n|cant|p2a: Sinistcha|slp\n|move|p1a: Milotic|Scald|p2b: Sneasler\n|-damage|p2b: Sneasler|0 fnt\n|faint|p2b: Sneasler\n|move|p1b: Sneasler|Dire Claw|p2a: Sinistcha\n|-damage|p2a: Sinistcha|0 fnt\n|faint|p2a: Sinistcha\n|\n|-heal|p1a: Milotic|64/100|[from] item: Leftovers\n|upkeep\n|\n|t:|1776549005\n|switch|p2a: Aggron|Aggron, L50, M|100/100\n|switch|p2b: Tyranitar|Tyranitar, L50, M|100/100\n|-weather|Sandstorm|[from] ability: Sand Stream|[of] p2b: Tyranitar\n|turn|5\n|inactive|haunting casper has 30 seconds left.\n|\n|t:|1776549031\n|detailschange|p2a: Aggron|Aggron-Mega, L50, M\n|-mega|p2a: Aggron|Aggron|Aggronite\n|move|p1a: Milotic|Protect|p1a: Milotic\n|-singleturn|p1a: Milotic|Protect\n|move|p2a: Aggron|Iron Defense|p2a: Aggron\n|-boost|p2a: Aggron|def|2\n|move|p2b: Tyranitar|Knock Off|p1a: Milotic\n|-activate|p1a: Milotic|move: Protect\n|move|p1b: Sneasler|Close Combat|p2a: Aggron\n|-supereffective|p2a: Aggron|1\n|-damage|p2a: Aggron|77/100\n|-unboost|p1b: Sneasler|def|1\n|-unboost|p1b: Sneasler|spd|1\n|-enditem|p1b: Sneasler|White Herb\n|-clearnegativeboost|p1b: Sneasler|[silent]\n|\n|-weather|Sandstorm|[upkeep]\n|-damage|p1a: Milotic|58/100|[from] Sandstorm\n|-damage|p1b: Sneasler|78/100|[from] Sandstorm\n|-heal|p1a: Milotic|64/100|[from] item: Leftovers\n|-fieldend|move: Trick Room\n|upkeep\n|turn|6\n|\n|t:|1776549055\n|switch|p1a: Whimsicott|Whimsicott, L50, M|100/100\n|move|p2b: Tyranitar|Protect|p2b: Tyranitar\n|-singleturn|p2b: Tyranitar|Protect\n|move|p1b: Sneasler|Close Combat|p2b: Tyranitar\n|-activate|p2b: Tyranitar|move: Protect\n|move|p2a: Aggron|Body Press|p1a: Whimsicott\n|-resisted|p1a: Whimsicott|1\n|-damage|p1a: Whimsicott|53/100\n|\n|-weather|Sandstorm|[upkeep]\n|-damage|p1b: Sneasler|72/100|[from] Sandstorm\n|-damage|p1a: Whimsicott|47/100|[from] Sandstorm\n|upkeep\n|turn|7\n|inactive|haunting casper has 30 seconds left.\n|inactive|Requaiems has 30 seconds left.\n|inactive|haunting casper has 20 seconds left.\n|inactive|Requaiems has 20 seconds left.\n|\n|t:|1776549094\n|move|p1b: Sneasler|Close Combat|p2b: Tyranitar\n|-supereffective|p2b: Tyranitar|2\n|-enditem|p2b: Tyranitar|Focus Sash\n|-damage|p2b: Tyranitar|1/100\n|-unboost|p1b: Sneasler|def|1\n|-unboost|p1b: Sneasler|spd|1\n|move|p1a: Whimsicott|Moonblast|p2a: Aggron\n|-resisted|p2a: Aggron|1\n|-damage|p2a: Aggron|65/100\n|move|p2b: Tyranitar|Ice Punch|p1b: Sneasler\n|-crit|p1b: Sneasler\n|-damage|p1b: Sneasler|0 fnt\n|faint|p1b: Sneasler\n|move|p2a: Aggron|Body Press|p1a: Whimsicott\n|-resisted|p1a: Whimsicott|1\n|-damage|p1a: Whimsicott|0 fnt\n|faint|p1a: Whimsicott\n|\n|-weather|Sandstorm|[upkeep]\n|upkeep\n|\n|t:|1776549098\n|switch|p1a: Milotic|Milotic, L50, F|64/100\n|turn|8\n|\n|t:|1776549113\n|move|p1a: Milotic|Scald|p2b: Tyranitar\n|-supereffective|p2b: Tyranitar|1\n|-damage|p2b: Tyranitar|0 fnt\n|faint|p2b: Tyranitar\n|move|p2a: Aggron|Body Press|p1a: Milotic\n|-damage|p1a: Milotic|3/100\n|\n|-weather|Sandstorm|[upkeep]\n|-damage|p1a: Milotic|0 fnt|[from] Sandstorm\n|faint|p1a: Milotic\n|\n|win|Requaiems\n|raw|haunting casper's rating: 1107 &rarr; <strong>1089</strong><br />(-18 for losing)\n|raw|Requaiems's rating: 1207 &rarr; <strong>1225</strong><br />(+18 for winning)\n",
  "uploadtime": 1776549118,
  "views": 22,
  "formatid": "gen9championsvgc2026regma",
  "rating": 1089,
  "private": 0,
  "password": null
}