{
  "id": "gen9championsvgc2026regma-2584630233",
  "format": "[Gen 9 Champions] VGC 2026 Reg M-A",
  "players": [
    "PUJOLS265",
    "FurretTheBoi"
  ],
  "log": "|j|\u2606PUJOLS265\n|j|\u2606FurretTheBoi\n|t:|1776273212\n|gametype|doubles\n|player|p1|PUJOLS265|ninjaboy|1027\n|player|p2|FurretTheBoi|miku-psychic|1118\n|gen|9\n|tier|[Gen 9 Champions] VGC 2026 Reg M-A\n|rated|\n|rule|Species Clause: Limit one of each Pok\u00e9mon\n|rule|Item Clause: Limit 1 of each item\n|clearpoke\n|poke|p1|Meganium, L50, M|\n|poke|p1|Arcanine-Hisui, L50, F|\n|poke|p1|Rotom-Wash, L50|\n|poke|p1|Cofagrigus, L50, F|\n|poke|p1|Empoleon, L50, M|\n|poke|p1|Excadrill, L50, F|\n|poke|p2|Tauros-Paldea-Aqua, L50, M|\n|poke|p2|Slowbro-Galar, L50, M|\n|poke|p2|Whimsicott, L50, F|\n|poke|p2|Maushold-Four, L50|\n|poke|p2|Froslass, L50, F|\n|poke|p2|Basculegion, L50, M|\n|teampreview|4\n|inactive|Battle timer is ON: inactive players will automatically lose when time's up. (requested by FurretTheBoi)\nFurretTheBoi rejected open team sheets.\n|\n|t:|1776273237\n|teamsize|p1|4\n|teamsize|p2|4\n|start\n|switch|p1a: Not a Dryer|Rotom-Wash, L50|100/100\n|switch|p1b: Lil Bits|Excadrill, L50, F|100/100\n|switch|p2a: Whimsicott|Whimsicott, L50, F|100/100\n|switch|p2b: Froslass|Froslass, L50, F|100/100\n|-ability|p1b: Lil Bits|Mold Breaker\n|turn|1\n|\n|t:|1776273260\n|detailschange|p2b: Froslass|Froslass-Mega, L50, F\n|-mega|p2b: Froslass|Froslass|Froslassite\n|-weather|Snowscape|[from] ability: Snow Warning|[of] p2b: Froslass\n|move|p2a: Whimsicott|Tailwind|p2a: Whimsicott\n|-sidestart|p2: FurretTheBoi|move: Tailwind\n|move|p2b: Froslass|Aurora Veil|p2b: Froslass\n|-sidestart|p2: FurretTheBoi|move: Aurora Veil\n|move|p1b: Lil Bits|Earthquake|p2a: Whimsicott|[spread] p1a,p2a,p2b\n|-supereffective|p1a: Not a Dryer|1\n|-resisted|p2a: Whimsicott|1\n|-damage|p1a: Not a Dryer|19/100\n|-damage|p2a: Whimsicott|88/100\n|-damage|p2b: Froslass|75/100\n|move|p1a: Not a Dryer|Electroweb|p2b: Froslass|[spread] p2a,p2b\n|-resisted|p2a: Whimsicott|1\n|-damage|p2a: Whimsicott|79/100\n|-damage|p2b: Froslass|61/100\n|-unboost|p2a: Whimsicott|spe|1\n|-unboost|p2b: Froslass|spe|1\n|\n|-weather|Snowscape|[upkeep]\n|upkeep\n|turn|2\n|inactive|PUJOLS265 has 30 seconds left.\n|inactive|FurretTheBoi has 30 seconds left.\n|inactive|FurretTheBoi has 20 seconds left.\n|inactive|FurretTheBoi has 15 seconds left.\n|inactive|FurretTheBoi has 10 seconds left.\n|inactive|FurretTheBoi has 5 seconds left.\n|\n|t:|1776273315\n|detailschange|p1b: Lil Bits|Excadrill-Mega, L50, F\n|-mega|p1b: Lil Bits|Excadrill|Excadrite\n|move|p1a: Not a Dryer|Helping Hand|p1b: Lil Bits\n|-singleturn|p1b: Lil Bits|Helping Hand|[of] p1a: Not a Dryer\n|move|p2b: Froslass|Blizzard|p1b: Lil Bits|[spread] p1a,p1b\n|-resisted|p1a: Not a Dryer|1\n|-damage|p1a: Not a Dryer|1/100\n|-damage|p1b: Lil Bits|38/100\n|move|p2a: Whimsicott|Moonblast|p1b: Lil Bits\n|-resisted|p1b: Lil Bits|1\n|-damage|p1b: Lil Bits|14/100\n|move|p1b: Lil Bits|Earthquake|p2b: Froslass|[spread] p2a,p2b\n|-immune|p1a: Not a Dryer|[from] ability: Levitate\n|-resisted|p2a: Whimsicott|1\n|-damage|p2a: Whimsicott|53/100\n|-damage|p2b: Froslass|12/100\n|\n|-weather|Snowscape|[upkeep]\n|upkeep\n|turn|3\n|inactive|FurretTheBoi has 30 seconds left.\n|inactive|FurretTheBoi has 20 seconds left.\n|inactive|FurretTheBoi has 15 seconds left.\n|\n|t:|1776273356\n|move|p1b: Lil Bits|Protect|p1b: Lil Bits\n|-singleturn|p1b: Lil Bits|Protect\n|move|p2b: Froslass|Blizzard|p1b: Lil Bits|[spread] p1a\n|-activate|p1b: Lil Bits|move: Protect\n|-resisted|p1a: Not a Dryer|1\n|-damage|p1a: Not a Dryer|0 fnt\n|faint|p1a: Not a Dryer\n|move|p2a: Whimsicott|Moonblast|p1b: Lil Bits\n|-activate|p1b: Lil Bits|move: Protect\n|\n|-weather|Snowscape|[upkeep]\n|upkeep\n|\n|t:|1776273377\n|switch|p1a: Your Mummy|Cofagrigus, L50, F|100/100\n|turn|4\n|\n|t:|1776273388\n|move|p1a: Your Mummy|Protect|p1a: Your Mummy\n|-singleturn|p1a: Your Mummy|Protect\n|move|p2a: Whimsicott|Taunt|p1a: Your Mummy\n|-activate|p1a: Your Mummy|move: Protect\n|move|p2b: Froslass|Blizzard|p1b: Lil Bits|[spread] p1b\n|-activate|p1a: Your Mummy|move: Protect\n|-damage|p1b: Lil Bits|0 fnt\n|faint|p1b: Lil Bits\n|\n|-weather|Snowscape|[upkeep]\n|-sideend|p2: FurretTheBoi|move: Tailwind\n|upkeep\n|\n|t:|1776273399\n|switch|p1b: Happy Feet|Empoleon, L50, M|100/100\n|turn|5\n|\n|t:|1776273421\n|move|p2b: Froslass|Protect|p2b: Froslass\n|-singleturn|p2b: Froslass|Protect\n|move|p2a: Whimsicott|Taunt|p1a: Your Mummy\n|-start|p1a: Your Mummy|move: Taunt\n|move|p1b: Happy Feet|Flash Cannon|p2a: Whimsicott\n|-supereffective|p2a: Whimsicott|1\n|-damage|p2a: Whimsicott|0 fnt\n|faint|p2a: Whimsicott\n|move|p1a: Your Mummy|Hex|p2b: Froslass\n|-activate|p2b: Froslass|move: Protect\n|\n|-weather|none\n|-sideend|p2: FurretTheBoi|move: Aurora Veil\n|upkeep\n|\n|t:|1776273431\n|switch|p2a: Tauros|Tauros-Paldea-Aqua, L50, M|100/100\n|turn|6\n|\n|t:|1776273446\n|move|p1b: Happy Feet|Protect|p1b: Happy Feet\n|-singleturn|p1b: Happy Feet|Protect\n|move|p2a: Tauros|Rock Slide|p1a: Your Mummy|[spread] p1a\n|-activate|p1b: Happy Feet|move: Protect\n|-damage|p1a: Your Mummy|93/100\n|move|p2b: Froslass|Frost Breath|p2a: Tauros|[miss]\n|-miss|p2b: Froslass|p2a: Tauros\n|move|p1a: Your Mummy|Body Press|p2a: Tauros\n|-damage|p2a: Tauros|65/100\n|\n|upkeep\n|turn|7\n|inactive|PUJOLS265 has 30 seconds left.\n|\n|t:|1776273488\n|switch|p2b: Basculegion|Basculegion, L50, M|100/100\n|move|p2a: Tauros|Rock Slide|p1b: Happy Feet|[spread] p1a,p1b\n|-crit|p1a: Your Mummy\n|-resisted|p1b: Happy Feet|1\n|-damage|p1a: Your Mummy|79/100\n|-damage|p1b: Happy Feet|91/100\n|move|p1b: Happy Feet|Yawn|p2a: Tauros\n|-start|p2a: Tauros|move: Yawn|[of] p1b: Happy Feet\n|cant|p1a: Your Mummy|flinch\n|\n|-heal|p1b: Happy Feet|97/100|[from] item: Leftovers\n|-end|p1a: Your Mummy|move: Taunt\n|upkeep\n|turn|8\n|inactive|PUJOLS265 has 30 seconds left.\n|\n|t:|1776273518\n|switch|p2a: Froslass|Froslass-Mega, L50, F|12/100\n|-weather|Snowscape|[from] ability: Snow Warning|[of] p2a: Froslass\n|move|p2b: Basculegion|Last Respects|p1b: Happy Feet\n|-damage|p1b: Happy Feet|12/100\n|move|p1b: Happy Feet|Flash Cannon|p2a: Froslass\n|-supereffective|p2a: Froslass|1\n|-damage|p2a: Froslass|0 fnt\n|faint|p2a: Froslass\n|move|p1a: Your Mummy|Will-O-Wisp|p2b: Basculegion\n|-status|p2b: Basculegion|brn\n|\n|-weather|Snowscape|[upkeep]\n|-heal|p1b: Happy Feet|18/100|[from] item: Leftovers\n|-damage|p2b: Basculegion|94/100 brn|[from] brn\n|upkeep\n|\n|t:|1776273527\n|switch|p2a: Tauros|Tauros-Paldea-Aqua, L50, M|65/100\n|turn|9\n|\n|t:|1776273546\n|move|p2a: Tauros|Rock Slide|p1b: Happy Feet|[spread] p1a,p1b\n|-crit|p1a: Your Mummy\n|-resisted|p1b: Happy Feet|1\n|-damage|p1a: Your Mummy|64/100\n|-damage|p1b: Happy Feet|9/100\n|move|p2b: Basculegion|Last Respects|p1a: Your Mummy\n|-supereffective|p1a: Your Mummy|1\n|-damage|p1a: Your Mummy|0 fnt\n|faint|p1a: Your Mummy\n|move|p1b: Happy Feet|Yawn|p2a: Tauros\n|-start|p2a: Tauros|move: Yawn|[of] p1b: Happy Feet\n|\n|-weather|Snowscape|[upkeep]\n|-heal|p1b: Happy Feet|15/100|[from] item: Leftovers\n|-damage|p2b: Basculegion|88/100 brn|[from] brn\n|upkeep\n|turn|10\n|\n|t:|1776273560\n|move|p1b: Happy Feet|Protect|p1b: Happy Feet\n|-singleturn|p1b: Happy Feet|Protect\n|move|p2a: Tauros|Aqua Jet|p1b: Happy Feet\n|-activate|p1b: Happy Feet|move: Protect\n|move|p2b: Basculegion|Last Respects|p1b: Happy Feet\n|-activate|p1b: Happy Feet|move: Protect\n|\n|-weather|Snowscape|[upkeep]\n|-heal|p1b: Happy Feet|21/100|[from] item: Leftovers\n|-damage|p2b: Basculegion|82/100 brn|[from] brn\n|-end|p2a: Tauros|move: Yawn|[silent]\n|-status|p2a: Tauros|slp\n|upkeep\n|turn|11\n|\n|t:|1776273575\n|cant|p2a: Tauros|slp\n|move|p2b: Basculegion|Last Respects|p1b: Happy Feet\n|-damage|p1b: Happy Feet|0 fnt\n|faint|p1b: Happy Feet\n|\n|win|FurretTheBoi\n|raw|PUJOLS265's rating: 1027 &rarr; <strong>1017</strong><br />(-10 for losing)\n|raw|FurretTheBoi's rating: 1118 &rarr; <strong>1137</strong><br />(+19 for winning)\n",
  "uploadtime": 1776273579,
  "views": 36,
  "formatid": "gen9championsvgc2026regma",
  "rating": 1017,
  "private": 0,
  "password": null
}