{
  "id": "gen9championsvgc2026regma-2588743674",
  "format": "[Gen 9 Champions] VGC 2026 Reg M-A",
  "players": [
    "saus-ghost",
    "DeDonutNoob"
  ],
  "log": "|j|\u2606saus-ghost\n|j|\u2606DeDonutNoob\n|t:|1776664936\n|gametype|doubles\n|player|p1|saus-ghost|ghetsis|1178\n|player|p2|DeDonutNoob|170|1177\n|gen|9\n|tier|[Gen 9 Champions] VGC 2026 Reg M-A\n|rated|\n|rule|Species Clause: Limit one of each Pok\u00e9mon\n|rule|Item Clause: Limit 1 of each item\n|clearpoke\n|poke|p1|Venusaur, L50, F|\n|poke|p1|Rotom-Wash, L50|\n|poke|p1|Arcanine-Hisui, L50, M|\n|poke|p1|Charizard, L50, F|\n|poke|p1|Typhlosion-Hisui, L50, M|\n|poke|p1|Heliolisk, L50, M|\n|poke|p2|Aerodactyl, L50, M|\n|poke|p2|Charizard, L50, M|\n|poke|p2|Venusaur, L50, M|\n|poke|p2|Aegislash, L50, F|\n|poke|p2|Sneasler, L50, F|\n|poke|p2|Milotic, L50, F|\n|teampreview|4\n|inactive|Battle timer is ON: inactive players will automatically lose when time's up. (requested by saus-ghost)\n|\n|t:|1776664971\n|teamsize|p1|4\n|teamsize|p2|4\n|start\n|switch|p1a: Typhlosion|Typhlosion-Hisui, L50, M|100/100\n|switch|p1b: Rotom|Rotom-Wash, L50|100/100\n|switch|p2a: Charizard|Charizard, L50, M|100/100\n|switch|p2b: Venusaur|Venusaur, L50, M|100/100\n|-item|p2a: Charizard|Charizardite Y|[from] ability: Frisk|[of] p1a: Typhlosion\n|-item|p2b: Venusaur|Focus Sash|[from] ability: Frisk|[of] p1a: Typhlosion\n|turn|1\n|\n|t:|1776664988\n|detailschange|p2a: Charizard|Charizard-Mega-Y, L50, M\n|-mega|p2a: Charizard|Charizard|Charizardite Y\n|-weather|SunnyDay|[from] ability: Drought|[of] p2a: Charizard\n|move|p2a: Charizard|Protect|p2a: Charizard\n|-singleturn|p2a: Charizard|Protect\n|move|p2b: Venusaur|Sleep Powder|p1b: Rotom|[miss]\n|-miss|p2b: Venusaur|p1b: Rotom\n|move|p1a: Typhlosion|Eruption|p2b: Venusaur|[spread] p2b\n|-activate|p2a: Charizard|move: Protect\n|-supereffective|p2b: Venusaur|1\n|-enditem|p2b: Venusaur|Focus Sash\n|-damage|p2b: Venusaur|1/100\n|move|p1b: Rotom|Volt Switch|p2a: Charizard\n|-activate|p2a: Charizard|move: Protect\n|\n|-weather|SunnyDay|[upkeep]\n|upkeep\n|turn|2\n|\n|t:|1776665012\n|switch|p2a: Aerodactyl|Aerodactyl, L50, M|100/100\n|move|p2b: Venusaur|Sleep Powder|p1b: Rotom\n|-status|p1b: Rotom|slp|[from] move: Sleep Powder\n|move|p1a: Typhlosion|Eruption|p2b: Venusaur|[spread] p2a,p2b\n|-resisted|p2a: Aerodactyl|1\n|-supereffective|p2b: Venusaur|1\n|-damage|p2a: Aerodactyl|46/100\n|-damage|p2b: Venusaur|0 fnt\n|faint|p2b: Venusaur\n|cant|p1b: Rotom|slp\n|\n|-weather|SunnyDay|[upkeep]\n|upkeep\n|\n|t:|1776665019\n|switch|p2b: Charizard|Charizard-Mega-Y, L50, M|100/100\n|turn|3\n|\n|t:|1776665028\n|move|p2a: Aerodactyl|Wide Guard|p2a: Aerodactyl\n|-singleturn|p2a: Aerodactyl|Wide Guard\n|move|p1a: Typhlosion|Eruption|p2b: Charizard|[spread] \n|-activate|p2a: Aerodactyl|move: Wide Guard\n|-activate|p2b: Charizard|move: Wide Guard\n|move|p2b: Charizard|Solar Beam||[still]\n|-prepare|p2b: Charizard|Solar Beam\n|-anim|p2b: Charizard|Solar Beam|p1b: Rotom\n|-supereffective|p1b: Rotom|1\n|-damage|p1b: Rotom|0 fnt\n|faint|p1b: Rotom\n|\n|-weather|SunnyDay|[upkeep]\n|upkeep\n|\n|t:|1776665040\n|switch|p1b: Heliolisk|Heliolisk, L50, M|100/100\n|turn|4\n|\n|t:|1776665053\n|move|p2b: Charizard|Protect|p2b: Charizard\n|-singleturn|p2b: Charizard|Protect\n|move|p1a: Typhlosion|Eruption|p2b: Charizard|[spread] p2a\n|-activate|p2b: Charizard|move: Protect\n|-resisted|p2a: Aerodactyl|1\n|-damage|p2a: Aerodactyl|0 fnt\n|faint|p2a: Aerodactyl\n|move|p1b: Heliolisk|Thunderbolt|p2b: Charizard\n|-activate|p2b: Charizard|move: Protect\n|\n|-weather|SunnyDay|[upkeep]\n|-damage|p1b: Heliolisk|88/100|[from] ability: Dry Skin|[of] p1b: Heliolisk\n|-heal|p1b: Heliolisk|94/100|[from] item: Leftovers\n|upkeep\n|\n|t:|1776665058\n|switch|p2a: Sneasler|Sneasler, L50, F|100/100\n|turn|5\n|\n|t:|1776665063\n|move|p2a: Sneasler|Fake Out|p1b: Heliolisk\n|-damage|p1b: Heliolisk|62/100\n|move|p1a: Typhlosion|Eruption|p2b: Charizard|[spread] p2a,p2b\n|-resisted|p2b: Charizard|1\n|-damage|p2a: Sneasler|0 fnt\n|-damage|p2b: Charizard|55/100\n|faint|p2a: Sneasler\n|move|p2b: Charizard|Heat Wave|p1b: Heliolisk|[spread] p1a,p1b\n|-resisted|p1a: Typhlosion|1\n|-damage|p1a: Typhlosion|54/100\n|-damage|p1b: Heliolisk|0 fnt\n|faint|p1b: Heliolisk\n|\n|-weather|none\n|upkeep\n|\n|t:|1776665069\n|switch|p1b: Charizard|Charizard, L50, F|100/100\n|turn|6\n|\n|t:|1776665076\n|detailschange|p1b: Charizard|Charizard-Mega-Y, L50, F\n|-mega|p1b: Charizard|Charizard|Charizardite Y\n|-weather|SunnyDay|[from] ability: Drought|[of] p1b: Charizard\n|move|p1a: Typhlosion|Eruption|p2b: Charizard\n|-resisted|p2b: Charizard|1\n|-damage|p2b: Charizard|26/100\n|move|p1b: Charizard|Ancient Power|p2b: Charizard\n|-supereffective|p2b: Charizard|2\n|-damage|p2b: Charizard|0 fnt\n|faint|p2b: Charizard\n|\n|win|saus-ghost\n|raw|saus-ghost's rating: 1178 &rarr; <strong>1203</strong><br />(+25 for winning)\n|raw|DeDonutNoob's rating: 1177 &rarr; <strong>1152</strong><br />(-25 for losing)\n",
  "uploadtime": 1776665077,
  "views": 12,
  "formatid": "gen9championsvgc2026regma",
  "rating": 1152,
  "private": 0,
  "password": null
}